|j|☆Masta SkillZ
|j|☆TheLucasGaming
|inactive|Battle timer is ON: inactive players will automatically lose when time's up.
|t:|1657990820
|gametype|singles
|player|p1|Masta SkillZ|aromalady|
|player|p2|TheLucasGaming|brycenman|
|teamsize|p1|6
|teamsize|p2|6
|gen|8
|tier|[Gen 8] National Dex AG
|rated|Tournament battle
|rule|HP Percentage Mod: HP is shown in percentages
|rule|Endless Battle Clause: Forcing endless battles is banned
|clearpoke
|poke|p1|Calyrex-Ice|
|poke|p1|Arceus-*|
|poke|p1|Groudon|
|poke|p1|Necrozma-Dusk-Mane|
|poke|p1|Arceus-*|
|poke|p1|Giratina|
|poke|p2|Arceus-*|
|poke|p2|Calyrex-Shadow|
|poke|p2|Groudon|
|poke|p2|Ditto|
|poke|p2|Rayquaza|
|poke|p2|Yveltal|
|teampreview
|inactive|TheLucasGaming also wants the timer to be on.
|
|t:|1657990833
|start
|switch|p1a: Arceus|Arceus-Fairy|100/100
|switch|p2a: Groudon|Groudon|100/100
|detailschange|p2a: Groudon|Groudon-Primal
|-primal|p2a: Groudon
|-weather|DesolateLand|[from] ability: Desolate Land|[of] p2a: Groudon
|turn|1
|inactive|TheLucasGaming has 120 seconds left.
|
|t:|1657990874
|switch|p1a: Giratina|Giratina|100/100
|-ability|p1a: Giratina|Pressure
|move|p2a: Groudon|Heat Crash|p1a: Giratina
|-resisted|p1a: Giratina
|-damage|p1a: Giratina|91/100
|
|-weather|DesolateLand|[upkeep]
|-heal|p1a: Giratina|97/100|[from] item: Leftovers
|upkeep
|turn|2
|
|t:|1657990880
|-weather|none
|switch|p2a: Yveltal|Yveltal|100/100
|-ability|p2a: Yveltal|Dark Aura
|move|p1a: Giratina|Toxic|p2a: Yveltal
|-status|p2a: Yveltal|tox
|
|-heal|p1a: Giratina|100/100|[from] item: Leftovers
|-damage|p2a: Yveltal|94/100 tox|[from] psn
|upkeep
|turn|3
|inactive|TheLucasGaming has 120 seconds left.
|
|t:|1657990897
|switch|p1a: Arceus|Arceus-Fairy|100/100
|move|p2a: Yveltal|Foul Play|p1a: Arceus
|-resisted|p1a: Arceus
|-damage|p1a: Arceus|88/100
|
|-damage|p2a: Yveltal|82/100 tox|[from] psn
|upkeep
|turn|4
|
|t:|1657990903
|switch|p2a: Arceus|Arceus|100/100
|move|p1a: Arceus|Judgment|p2a: Arceus
|-damage|p2a: Arceus|71/100
|
|upkeep
|turn|5
|
|t:|1657990912
|switch|p1a: Giratina|Giratina|100/100
|-ability|p1a: Giratina|Pressure
|move|p2a: Arceus|Will-O-Wisp|p1a: Giratina
|-status|p1a: Giratina|brn
|
|-damage|p1a: Giratina|94/100 brn|[from] brn
|upkeep
|turn|6
|
|t:|1657990923
|switch|p2a: Yveltal|Yveltal|82/100 tox
|-ability|p2a: Yveltal|Dark Aura
|move|p1a: Giratina|Will-O-Wisp||[still]
|-fail|p1a: Giratina
|
|-heal|p1a: Giratina|100/100 brn|[from] item: Leftovers
|-damage|p2a: Yveltal|76/100 tox|[from] psn
|-damage|p1a: Giratina|94/100 brn|[from] brn
|upkeep
|turn|7
|
|t:|1657990932
|switch|p1a: Arceus|Arceus-Fairy|88/100
|move|p2a: Yveltal|Foul Play|p1a: Arceus
|-resisted|p1a: Arceus
|-damage|p1a: Arceus|74/100
|
|-damage|p2a: Yveltal|64/100 tox|[from] psn
|upkeep
|turn|8
|
|t:|1657990936
|switch|p2a: Ditto|Ditto|100/100
|-transform|p2a: Ditto|p1a: Arceus|[from] ability: Imposter
|move|p1a: Arceus|Recover|p1a: Arceus
|-heal|p1a: Arceus|100/100
|
|upkeep
|turn|9
|
|t:|1657990949
|move|p2a: Ditto|Judgment|p1a: Arceus
|-damage|p1a: Arceus|86/100
|move|p1a: Arceus|Judgment|p2a: Ditto
|-damage|p2a: Ditto|64/100
|
|upkeep
|turn|10
|
|t:|1657990957
|switch|p2a: Groudon|Groudon-Primal|100/100
|-weather|DesolateLand|[from] ability: Desolate Land|[of] p2a: Groudon
|move|p1a: Arceus|Calm Mind|p1a: Arceus
|-boost|p1a: Arceus|spa|1
|-boost|p1a: Arceus|spd|1
|
|-weather|DesolateLand|[upkeep]
|upkeep
|turn|11
|
|t:|1657990975
|switch|p1a: Giratina|Giratina|94/100 brn
|-ability|p1a: Giratina|Pressure
|move|p2a: Groudon|Precipice Blades|p1a: Giratina
|-crit|p1a: Giratina
|-damage|p1a: Giratina|44/100 brn
|
|-weather|DesolateLand|[upkeep]
|-heal|p1a: Giratina|50/100 brn|[from] item: Leftovers
|-damage|p1a: Giratina|44/100 brn|[from] brn
|upkeep
|turn|12
|
|t:|1657991001
|-weather|none
|switch|p2a: Yveltal|Yveltal|64/100 tox
|-ability|p2a: Yveltal|Dark Aura
|move|p1a: Giratina|Rest|p1a: Giratina
|-status|p1a: Giratina|slp|[from] move: Rest
|-heal|p1a: Giratina|100/100 slp|[silent]
|
|-damage|p2a: Yveltal|57/100 tox|[from] psn
|upkeep
|turn|13
|
|t:|1657991023
|switch|p1a: Arceus|Arceus-Fairy|86/100
|move|p2a: Yveltal|Roost|p2a: Yveltal
|-heal|p2a: Yveltal|100/100 tox
|-singleturn|p2a: Yveltal|move: Roost
|
|-damage|p2a: Yveltal|88/100 tox|[from] psn
|upkeep
|turn|14
|
|t:|1657991028
|switch|p1a: Groudon|Groudon|100/100
|detailschange|p1a: Groudon|Groudon-Primal
|-primal|p1a: Groudon
|-weather|DesolateLand|[from] ability: Desolate Land|[of] p1a: Groudon
|switch|p2a: Groudon|Groudon-Primal|100/100
|
|-weather|DesolateLand|[upkeep]
|upkeep
|turn|15
|
|t:|1657991036
|switch|p2a: Rayquaza|Rayquaza|100/100
|-ability|p2a: Rayquaza|Air Lock
|move|p1a: Groudon|Stealth Rock|p2a: Rayquaza
|-sidestart|p2: TheLucasGaming|move: Stealth Rock
|
|-weather|DesolateLand|[upkeep]
|upkeep
|turn|16
|
|t:|1657991045
|-weather|none
|switch|p1a: Necrozma|Necrozma-Dusk-Mane|100/100
|detailschange|p2a: Rayquaza|Rayquaza-Mega
|-mega|p2a: Rayquaza|Rayquaza|
|-weather|DeltaStream|[from] ability: Delta Stream|[of] p2a: Rayquaza
|move|p2a: Rayquaza|Waterfall|p1a: Necrozma
|-damage|p1a: Necrozma|73/100
|-damage|p2a: Rayquaza|84/100|[from] item: Rocky Helmet|[of] p1a: Necrozma
|
|-weather|DeltaStream|[upkeep]
|upkeep
|turn|17
|
|t:|1657991053
|-weather|none
|switch|p2a: Groudon|Groudon-Primal|100/100
|-damage|p2a: Groudon|88/100|[from] Stealth Rock
|-weather|DesolateLand|[from] ability: Desolate Land|[of] p2a: Groudon
|move|p1a: Necrozma|Sunsteel Strike|p2a: Groudon
|-resisted|p2a: Groudon
|-damage|p2a: Groudon|71/100
|
|-weather|DesolateLand|[upkeep]
|upkeep
|turn|18
|
|t:|1657991058
|switch|p1a: Giratina|Giratina|100/100 slp
|-ability|p1a: Giratina|Pressure
|move|p2a: Groudon|Stealth Rock|p1a: Giratina
|-sidestart|p1: Masta SkillZ|move: Stealth Rock
|
|-weather|DesolateLand|[upkeep]
|upkeep
|turn|19
|inactive|TheLucasGaming has 120 seconds left.
|inactive|TheLucasGaming has 90 seconds left.
|
|t:|1657991138
|move|p2a: Groudon|Precipice Blades|p1a: Giratina
|-damage|p1a: Giratina|69/100 slp
|cant|p1a: Giratina|slp
|
|-weather|DesolateLand|[upkeep]
|-heal|p1a: Giratina|75/100 slp|[from] item: Leftovers
|upkeep
|turn|20
|
|t:|1657991151
|-weather|none
|switch|p2a: Yveltal|Yveltal|88/100 tox
|-ability|p2a: Yveltal|Dark Aura
|cant|p1a: Giratina|slp
|
|-heal|p1a: Giratina|81/100 slp|[from] item: Leftovers
|-damage|p2a: Yveltal|82/100 tox|[from] psn
|upkeep
|turn|21
|inactive|TheLucasGaming has 60 seconds left.
|inactive|TheLucasGaming has 30 seconds left.
|
|t:|1657991218
|switch|p1a: Arceus|Arceus-Fairy|86/100
|-damage|p1a: Arceus|74/100|[from] Stealth Rock
|move|p2a: Yveltal|Oblivion Wing|p1a: Arceus
|-damage|p1a: Arceus|56/100
|-heal|p2a: Yveltal|95/100 tox|[from] drain|[of] p1a: Arceus
|
|-damage|p2a: Yveltal|83/100 tox|[from] psn
|upkeep
|turn|22
|inactive|TheLucasGaming has 30 seconds left.
|inactive|TheLucasGaming has 20 seconds left.
|inactive|TheLucasGaming has 15 seconds left.
|
|t:|1657991240
|move|p1a: Arceus|Recover|p1a: Arceus
|-heal|p1a: Arceus|100/100
|move|p2a: Yveltal|Oblivion Wing|p1a: Arceus
|-damage|p1a: Arceus|81/100
|-heal|p2a: Yveltal|97/100 tox|[from] drain|[of] p1a: Arceus
|
|-damage|p2a: Yveltal|78/100 tox|[from] psn
|upkeep
|turn|23
|inactive|TheLucasGaming has 25 seconds left this turn.
|
|t:|1657991251
|switch|p2a: Groudon|Groudon-Primal|71/100
|-damage|p2a: Groudon|59/100|[from] Stealth Rock
|-weather|DesolateLand|[from] ability: Desolate Land|[of] p2a: Groudon
|move|p1a: Arceus|Judgment|p2a: Groudon
|-resisted|p2a: Groudon
|-damage|p2a: Groudon|35/100
|
|-weather|DesolateLand|[upkeep]
|upkeep
|turn|24
|inactive|TheLucasGaming has 30 seconds left.
|
|t:|1657991263
|switch|p1a: Giratina|Giratina|81/100 slp
|-damage|p1a: Giratina|69/100 slp|[from] Stealth Rock
|-ability|p1a: Giratina|Pressure
|move|p2a: Groudon|Precipice Blades|p1a: Giratina
|-damage|p1a: Giratina|34/100 slp
|
|-weather|DesolateLand|[upkeep]
|-heal|p1a: Giratina|41/100 slp|[from] item: Leftovers
|upkeep
|turn|25
|
|t:|1657991279
|move|p2a: Groudon|Precipice Blades|p1a: Giratina
|-damage|p1a: Giratina|6/100 slp
|-curestatus|p1a: Giratina|slp|[msg]
|move|p1a: Giratina|Defog|p2a: Groudon
|-unboost|p2a: Groudon|evasion|1
|-sideend|p2: TheLucasGaming|Stealth Rock|[from] move: Defog|[of] p1a: Giratina
|-sideend|p1: Masta SkillZ|Stealth Rock|[from] move: Defog|[of] p1a: Giratina
|
|-weather|DesolateLand|[upkeep]
|-heal|p1a: Giratina|12/100|[from] item: Leftovers
|upkeep
|turn|26
|
|t:|1657991284
|move|p2a: Groudon|Heat Crash|p1a: Giratina
|-resisted|p1a: Giratina
|-damage|p1a: Giratina|3/100
|move|p1a: Giratina|Defog|p2a: Groudon
|-unboost|p2a: Groudon|evasion|1
|
|-weather|DesolateLand|[upkeep]
|-heal|p1a: Giratina|10/100|[from] item: Leftovers
|upkeep
|turn|27
|
|t:|1657991290
|move|p2a: Groudon|Smack Down|p1a: Giratina
|-damage|p1a: Giratina|0 fnt
|faint|p1a: Giratina
|
|-weather|DesolateLand|[upkeep]
|upkeep
|
|t:|1657991303
|switch|p1a: Groudon|Groudon-Primal|100/100
|turn|28
|inactive|TheLucasGaming has 60 seconds left.
|
|t:|1657991309
|move|p1a: Groudon|Precipice Blades|p2a: Groudon
|-supereffective|p2a: Groudon
|-damage|p2a: Groudon|0 fnt
|faint|p2a: Groudon
|
|-weather|DesolateLand|[upkeep]
|upkeep
|
|t:|1657991312
|switch|p2a: Rayquaza|Rayquaza-Mega|84/100
|-weather|DeltaStream|[from] ability: Delta Stream|[of] p2a: Rayquaza
|turn|29
|
|t:|1657991328
|switch|p1a: Necrozma|Necrozma-Dusk-Mane|73/100
|move|p2a: Rayquaza|Dragon Ascent|p1a: Necrozma
|-resisted|p1a: Necrozma
|-damage|p1a: Necrozma|42/100
|-unboost|p2a: Rayquaza|def|1
|-unboost|p2a: Rayquaza|spd|1
|-damage|p2a: Rayquaza|67/100|[from] item: Rocky Helmet|[of] p1a: Necrozma
|
|-weather|DeltaStream|[upkeep]
|upkeep
|turn|30
|
|t:|1657991332
|-weather|none
|switch|p2a: Yveltal|Yveltal|78/100 tox
|-ability|p2a: Yveltal|Dark Aura
|move|p1a: Necrozma|Morning Sun|p1a: Necrozma
|-heal|p1a: Necrozma|92/100
|
|-damage|p2a: Yveltal|72/100 tox|[from] psn
|upkeep
|turn|31
|inactive|TheLucasGaming has 90 seconds left.
|
|t:|1657991339
|switch|p2a: Arceus|Arceus|71/100
|switch|p1a: Arceus|Arceus-Fairy|81/100
|
|upkeep
|turn|32
|
|t:|1657991344
|move|p2a: Arceus|Recover|p2a: Arceus
|-heal|p2a: Arceus|100/100
|move|p1a: Arceus|Calm Mind|p1a: Arceus
|-boost|p1a: Arceus|spa|1
|-boost|p1a: Arceus|spd|1
|
|upkeep
|turn|33
|
|t:|1657991354
|move|p2a: Arceus|Will-O-Wisp|p1a: Arceus
|-status|p1a: Arceus|brn
|move|p1a: Arceus|Calm Mind|p1a: Arceus
|-boost|p1a: Arceus|spa|1
|-boost|p1a: Arceus|spd|1
|
|-damage|p1a: Arceus|75/100 brn|[from] brn
|upkeep
|turn|34
|
|t:|1657991363
|move|p2a: Arceus|Extreme Speed|p1a: Arceus
|-damage|p1a: Arceus|54/100 brn
|move|p1a: Arceus|Calm Mind|p1a: Arceus
|-boost|p1a: Arceus|spa|1
|-boost|p1a: Arceus|spd|1
|
|-damage|p1a: Arceus|47/100 brn|[from] brn
|upkeep
|turn|35
|inactive|TheLucasGaming has 90 seconds left.
|
|t:|1657991403
|move|p2a: Arceus|Extreme Speed|p1a: Arceus
|-damage|p1a: Arceus|25/100 brn
|move|p1a: Arceus|Recover|p1a: Arceus
|-heal|p1a: Arceus|75/100 brn
|
|-damage|p1a: Arceus|69/100 brn|[from] brn
|upkeep
|turn|36
|
|t:|1657991423
|move|p2a: Arceus|Extreme Speed|p1a: Arceus
|-damage|p1a: Arceus|47/100 brn
|move|p1a: Arceus|Recover|p1a: Arceus
|-heal|p1a: Arceus|97/100 brn
|
|-damage|p1a: Arceus|91/100 brn|[from] brn
|upkeep
|turn|37
|inactive|TheLucasGaming has 90 seconds left.
|
|t:|1657991430
|move|p2a: Arceus|Earthquake|p1a: Arceus
|-damage|p1a: Arceus|73/100 brn
|move|p1a: Arceus|Judgment|p2a: Arceus
|-damage|p2a: Arceus|17/100
|
|-damage|p1a: Arceus|67/100 brn|[from] brn
|upkeep
|turn|38
|j| lemoncell0
|
|t:|1657991446
|move|p2a: Arceus|Extreme Speed|p1a: Arceus
|-damage|p1a: Arceus|45/100 brn
|move|p1a: Arceus|Recover|p1a: Arceus
|-heal|p1a: Arceus|95/100 brn
|
|-damage|p1a: Arceus|89/100 brn|[from] brn
|upkeep
|turn|39
|
|t:|1657991457
|move|p2a: Arceus|Extreme Speed|p1a: Arceus
|-damage|p1a: Arceus|67/100 brn
|move|p1a: Arceus|Judgment|p2a: Arceus
|-damage|p2a: Arceus|0 fnt
|faint|p2a: Arceus
|
|-damage|p1a: Arceus|61/100 brn|[from] brn
|upkeep
|
|t:|1657991458
|switch|p2a: Rayquaza|Rayquaza-Mega|67/100
|-weather|DeltaStream|[from] ability: Delta Stream|[of] p2a: Rayquaza
|turn|40
|
|t:|1657991469
|-start|p1a: Arceus|Dynamax|
|-heal|p1a: Arceus|61/100 brn|[silent]
|move|p2a: Rayquaza|Dragon Ascent|p1a: Arceus
|-damage|p1a: Arceus|24/100 brn
|-unboost|p2a: Rayquaza|def|1
|-unboost|p2a: Rayquaza|spd|1
|move|p1a: Arceus|Max Starfall|p2a: Rayquaza
|-supereffective|p2a: Rayquaza
|-damage|p2a: Rayquaza|0 fnt
|-fieldstart|move: Misty Terrain
|faint|p2a: Rayquaza
|-weather|none
|
|-damage|p1a: Arceus|21/100 brn|[from] brn
|upkeep
|
|t:|1657991478
|switch|p2a: Ditto|Ditto|64/100
|-transform|p2a: Ditto|p1a: Arceus|[from] ability: Imposter
|turn|41
|inactive|TheLucasGaming has 120 seconds left.
|
|t:|1657991489
|-start|p2a: Ditto|Dynamax|
|-heal|p2a: Ditto|64/100|[silent]
|move|p2a: Ditto|Max Strike|p1a: Arceus
|-damage|p1a: Arceus|13/100 brn
|-unboost|p1a: Arceus|spe|1
|move|p1a: Arceus|Max Starfall|p2a: Ditto
|-damage|p2a: Ditto|42/100
|
|-damage|p1a: Arceus|10/100 brn|[from] brn
|upkeep
|turn|42
|inactive|TheLucasGaming has 120 seconds left.
|
|t:|1657991498
|move|p2a: Ditto|Max Strike|p1a: Arceus
|-damage|p1a: Arceus|1/100 brn
|-unboost|p1a: Arceus|spe|1
|move|p1a: Arceus|Max Starfall|p2a: Ditto
|-damage|p2a: Ditto|20/100
|
|-damage|p1a: Arceus|0 fnt|[from] brn
|faint|p1a: Arceus
|upkeep
|
|t:|1657991505
|switch|p1a: Groudon|Groudon-Primal|100/100
|-weather|DesolateLand|[from] ability: Desolate Land|[of] p1a: Groudon
|turn|43
|
|t:|1657991515
|-weather|none
|switch|p1a: Necrozma|Necrozma-Dusk-Mane|92/100
|move|p2a: Ditto|Max Strike|p1a: Necrozma
|-resisted|p1a: Necrozma
|-damage|p1a: Necrozma|60/100
|-unboost|p1a: Necrozma|spe|1
|
|upkeep
|-end|p2a: Ditto|Dynamax
|-heal|p2a: Ditto|20/100|[silent]
|turn|44
|
|t:|1657991523
|move|p2a: Ditto|Recover|p2a: Ditto
|-heal|p2a: Ditto|70/100
|move|p1a: Necrozma|Morning Sun|p1a: Necrozma
|-heal|p1a: Necrozma|100/100
|
|-fieldend|Misty Terrain
|upkeep
|turn|45
|
|t:|1657991530
|switch|p2a: Yveltal|Yveltal|72/100 tox
|-ability|p2a: Yveltal|Dark Aura
|switch|p1a: Groudon|Groudon-Primal|100/100
|-weather|DesolateLand|[from] ability: Desolate Land|[of] p1a: Groudon
|
|-weather|DesolateLand|[upkeep]
|-damage|p2a: Yveltal|66/100 tox|[from] psn
|upkeep
|turn|46
|j| Testing teams 596
|
|t:|1657991534
|move|p1a: Groudon|Stealth Rock|p2a: Yveltal
|-sidestart|p2: TheLucasGaming|move: Stealth Rock
|move|p2a: Yveltal|Foul Play|p1a: Groudon
|-damage|p1a: Groudon|62/100
|
|-weather|DesolateLand|[upkeep]
|-damage|p2a: Yveltal|53/100 tox|[from] psn
|upkeep
|turn|47
|
|t:|1657991540
|move|p1a: Groudon|Stone Edge|p2a: Yveltal
|-supereffective|p2a: Yveltal
|-damage|p2a: Yveltal|0 fnt
|faint|p2a: Yveltal
|
|-weather|DesolateLand|[upkeep]
|upkeep
|
|t:|1657991543
|switch|p2a: Calyrex|Calyrex-Shadow|100/100
|-ability|p2a: Calyrex|As One
|-ability|p2a: Calyrex|Unnerve
|-damage|p2a: Calyrex|88/100|[from] Stealth Rock
|turn|48
|
|t:|1657991553
|-weather|none
|switch|p1a: Arceus|Arceus-Dark|100/100
|move|p2a: Calyrex|Astral Barrage|p1a: Arceus
|-resisted|p1a: Arceus
|-damage|p1a: Arceus|83/100
|
|upkeep
|turn|49
|
|t:|1657991558
|move|p2a: Calyrex|Substitute|p2a: Calyrex
|-start|p2a: Calyrex|Substitute
|-damage|p2a: Calyrex|63/100
|move|p1a: Arceus|Snarl|p2a: Calyrex
|-supereffective|p2a: Calyrex
|-damage|p2a: Calyrex|0 fnt
|faint|p2a: Calyrex
|
|upkeep
|c| Testing teams 596|Gg
|
|t:|1657991561
|switch|p2a: Ditto|Ditto|70/100
|-damage|p2a: Ditto|58/100|[from] Stealth Rock
|-transform|p2a: Ditto|p1a: Arceus|[from] ability: Imposter
|turn|50
|c|☆TheLucasGaming|gg
|j| Playrisky4noreason
|-message|TheLucasGaming forfeited.
|
|win|Masta SkillZ
|n|☆Masta SkillZ|mastaskillz
|n|☆TheLucasGaming|thelucasgaming
|n| lemoncell0|lemoncell0
|n| Testing teams 596|testingteams596
|n| Playrisky4noreason|playrisky4noreason
