|j|☆Log4j
|j|☆Master of Pyroars
|t:|1618955663
|gametype|singles
|player|p1|Log4j|169|1847
|player|p2|Master of Pyroars|2|1823
|teamsize|p1|6
|teamsize|p2|6
|gen|8
|tier|[Gen 8] National Dex AG
|rated|
|clearpoke
|poke|p1|Rayquaza|
|poke|p1|Zacian-Crowned|
|poke|p1|Yveltal|
|poke|p1|Xerneas|
|poke|p1|Ho-Oh|
|poke|p1|Ditto|
|poke|p2|Ferrothorn, F|
|poke|p2|Zygarde|
|poke|p2|Necrozma-Dusk-Mane|
|poke|p2|Tyranitar, F|
|poke|p2|Ho-Oh|
|poke|p2|Arceus-*|
|rule|HP Percentage Mod: HP is shown in percentages
|rule|Endless Battle Clause: Forcing endless battles is banned
|teampreview
|j| Beatboxing_Phantom
|
|t:|1618955686
|start
|switch|p1a: Yveltal|Yveltal|100/100
|switch|p2a: Arceus|Arceus-Ground|100/100
|-ability|p1a: Yveltal|Dark Aura
|turn|1
|
|t:|1618955706
|switch|p1a: Ho-Oh|Ho-Oh|100/100
|switch|p2a: Tyranitar|Tyranitar, F|100/100
|-weather|Sandstorm|[from] ability: Sand Stream|[of] p2a: Tyranitar
|
|-weather|Sandstorm|[upkeep]
|-damage|p1a: Ho-Oh|94/100|[from] Sandstorm
|upkeep
|turn|2
|
|t:|1618955716
|detailschange|p2a: Tyranitar|Tyranitar-Mega, F
|-mega|p2a: Tyranitar|Tyranitar|Tyranitarite
|move|p1a: Ho-Oh|Sacred Fire|p2a: Tyranitar
|-resisted|p2a: Tyranitar
|-damage|p2a: Tyranitar|88/100
|-status|p2a: Tyranitar|brn
|move|p2a: Tyranitar|Thunder Wave|p1a: Ho-Oh
|-status|p1a: Ho-Oh|par
|
|-weather|Sandstorm|[upkeep]
|-damage|p1a: Ho-Oh|88/100 par|[from] Sandstorm
|-damage|p2a: Tyranitar|82/100 brn|[from] brn
|upkeep
|turn|3
|
|t:|1618955734
|switch|p1a: Xerneas|Xerneas|100/100
|-ability|p1a: Xerneas|Fairy Aura
|move|p2a: Tyranitar|Thunder Wave|p1a: Xerneas
|-status|p1a: Xerneas|par
|
|-weather|Sandstorm|[upkeep]
|-damage|p1a: Xerneas|94/100 par|[from] Sandstorm
|-damage|p2a: Tyranitar|76/100 brn|[from] brn
|upkeep
|turn|4
|
|t:|1618955746
|switch|p2a: Ho-Oh|Ho-Oh|100/100
|cant|p1a: Xerneas|par
|
|-weather|Sandstorm|[upkeep]
|-damage|p2a: Ho-Oh|94/100|[from] Sandstorm
|-damage|p1a: Xerneas|88/100 par|[from] Sandstorm
|upkeep
|turn|5
|
|t:|1618955755
|move|p2a: Ho-Oh|Sacred Fire|p1a: Xerneas
|-damage|p1a: Xerneas|56/100 par
|move|p1a: Xerneas|Thunder|p2a: Ho-Oh|[miss]
|-miss|p1a: Xerneas|p2a: Ho-Oh
|
|-weather|none
|upkeep
|turn|6
|
|t:|1618955766
|move|p2a: Ho-Oh|Sacred Fire|p1a: Xerneas
|-damage|p1a: Xerneas|22/100 par
|move|p1a: Xerneas|Thunder|p2a: Ho-Oh|[miss]
|-miss|p1a: Xerneas|p2a: Ho-Oh
|
|upkeep
|turn|7
|
|t:|1618955777
|move|p2a: Ho-Oh|Sacred Fire|p1a: Xerneas
|-damage|p1a: Xerneas|0 fnt
|faint|p1a: Xerneas
|
|upkeep
|
|t:|1618955795
|switch|p1a: Ditto|Ditto|100/100
|-transform|p1a: Ditto|p2a: Ho-Oh|[from] ability: Imposter
|turn|8
|
|t:|1618955804
|switch|p2a: Tyranitar|Tyranitar-Mega, F|76/100 brn
|-weather|Sandstorm|[from] ability: Sand Stream|[of] p2a: Tyranitar
|move|p1a: Ditto|Toxic|p2a: Tyranitar|[miss]
|-miss|p1a: Ditto|p2a: Tyranitar
|
|-weather|Sandstorm|[upkeep]
|-damage|p1a: Ditto|94/100|[from] Sandstorm
|-damage|p2a: Tyranitar|70/100 brn|[from] brn
|upkeep
|turn|9
|
|t:|1618955810
|switch|p1a: Ho-Oh|Ho-Oh|100/100 par
|move|p2a: Tyranitar|Thunder Wave|p1a: Ho-Oh
|-fail|p1a: Ho-Oh|par
|
|-weather|Sandstorm|[upkeep]
|-damage|p1a: Ho-Oh|94/100 par|[from] Sandstorm
|-damage|p2a: Tyranitar|64/100 brn|[from] brn
|upkeep
|turn|10
|
|t:|1618955818
|move|p2a: Tyranitar|Rock Tomb|p1a: Ho-Oh
|-supereffective|p1a: Ho-Oh
|-damage|p1a: Ho-Oh|54/100 par
|-unboost|p1a: Ho-Oh|spe|1
|move|p1a: Ho-Oh|Sacred Fire|p2a: Tyranitar
|-resisted|p2a: Tyranitar
|-damage|p2a: Tyranitar|51/100 brn
|
|-weather|Sandstorm|[upkeep]
|-damage|p1a: Ho-Oh|48/100 par|[from] Sandstorm
|-damage|p2a: Tyranitar|45/100 brn|[from] brn
|upkeep
|turn|11
|
|t:|1618955826
|move|p2a: Tyranitar|Rest|p2a: Tyranitar
|-status|p2a: Tyranitar|slp|[from] move: Rest
|-heal|p2a: Tyranitar|100/100 slp|[silent]
|move|p1a: Ho-Oh|Sacred Fire|p2a: Tyranitar
|-resisted|p2a: Tyranitar
|-damage|p2a: Tyranitar|87/100 slp
|
|-weather|Sandstorm|[upkeep]
|-damage|p1a: Ho-Oh|42/100 par|[from] Sandstorm
|upkeep
|turn|12
|
|t:|1618955837
|switch|p2a: Ho-Oh|Ho-Oh|100/100
|switch|p1a: Zacian|Zacian-Crowned|100/100
|-ability|p1a: Zacian|Intrepid Sword|boost
|-boost|p1a: Zacian|atk|1
|
|-weather|none
|upkeep
|turn|13
|
|t:|1618955847
|move|p1a: Zacian|Behemoth Blade|p2a: Ho-Oh
|-resisted|p2a: Ho-Oh
|-damage|p2a: Ho-Oh|66/100
|move|p2a: Ho-Oh|Sacred Fire|p1a: Zacian
|-supereffective|p1a: Zacian
|-damage|p1a: Zacian|26/100
|-status|p1a: Zacian|brn
|
|-damage|p1a: Zacian|20/100 brn|[from] brn
|upkeep
|turn|14
|
|t:|1618955870
|switch|p2a: Necrozma|Necrozma-Dusk-Mane|100/100
|move|p1a: Zacian|Close Combat|p2a: Necrozma
|-damage|p2a: Necrozma|82/100
|-unboost|p1a: Zacian|def|1
|-unboost|p1a: Zacian|spd|1
|-damage|p1a: Zacian|4/100 brn|[from] item: Rocky Helmet|[of] p2a: Necrozma
|
|-damage|p1a: Zacian|0 fnt|[from] brn
|faint|p1a: Zacian
|upkeep
|
|t:|1618955877
|switch|p1a: Yveltal|Yveltal|100/100
|-ability|p1a: Yveltal|Dark Aura
|turn|15
|
|t:|1618955886
|switch|p2a: Ho-Oh|Ho-Oh|99/100
|move|p1a: Yveltal|Focus Blast|p2a: Ho-Oh
|-resisted|p2a: Ho-Oh
|-damage|p2a: Ho-Oh|84/100
|-damage|p1a: Yveltal|91/100|[from] item: Life Orb
|
|upkeep
|turn|16
|
|t:|1618955896
|-start|p1a: Yveltal|Dynamax
|-heal|p1a: Yveltal|91/100|[silent]
|move|p1a: Yveltal|Max Darkness|p2a: Ho-Oh
|-damage|p2a: Ho-Oh|30/100
|-unboost|p2a: Ho-Oh|spd|1
|-damage|p1a: Yveltal|86/100|[from] item: Life Orb
|move|p2a: Ho-Oh|Toxic|p1a: Yveltal|[miss]
|-miss|p2a: Ho-Oh|p1a: Yveltal
|
|upkeep
|turn|17
|
|t:|1618955911
|switch|p2a: Zygarde|Zygarde|100/100
|move|p1a: Yveltal|Max Knuckle|p2a: Zygarde
|-damage|p2a: Zygarde|63/100
|-boost|p1a: Yveltal|atk|1
|-damage|p1a: Yveltal|81/100|[from] item: Life Orb
|
|-heal|p2a: Zygarde|70/100|[from] item: Leftovers
|upkeep
|turn|18
|
|t:|1618955925
|switch|p2a: Tyranitar|Tyranitar-Mega, F|87/100 slp
|-weather|Sandstorm|[from] ability: Sand Stream|[of] p2a: Tyranitar
|move|p1a: Yveltal|Max Darkness|p2a: Tyranitar
|-resisted|p2a: Tyranitar
|-damage|p2a: Tyranitar|65/100 slp
|-unboost|p2a: Tyranitar|spd|1
|-damage|p1a: Yveltal|76/100|[from] item: Life Orb
|
|-weather|Sandstorm|[upkeep]
|-damage|p1a: Yveltal|73/100|[from] Sandstorm
|-end|p1a: Yveltal|Dynamax
|-heal|p1a: Yveltal|73/100|[silent]
|upkeep
|turn|19
|
|t:|1618955942
|switch|p2a: Zygarde|Zygarde|70/100
|move|p1a: Yveltal|Dark Pulse|p2a: Zygarde
|-damage|p2a: Zygarde|0 fnt
|-damage|p1a: Yveltal|63/100|[from] item: Life Orb
|faint|p2a: Zygarde
|
|-weather|Sandstorm|[upkeep]
|-damage|p1a: Yveltal|57/100|[from] Sandstorm
|upkeep
|
|t:|1618955957
|switch|p2a: Ho-Oh|Ho-Oh|63/100
|turn|20
|
|t:|1618955964
|move|p1a: Yveltal|Dark Pulse|p2a: Ho-Oh
|-damage|p2a: Ho-Oh|23/100
|-damage|p1a: Yveltal|47/100|[from] item: Life Orb
|move|p2a: Ho-Oh|Toxic|p1a: Yveltal
|-status|p1a: Yveltal|tox
|
|-weather|Sandstorm|[upkeep]
|-damage|p1a: Yveltal|41/100 tox|[from] Sandstorm
|-damage|p2a: Ho-Oh|17/100|[from] Sandstorm
|-damage|p1a: Yveltal|35/100 tox|[from] psn
|upkeep
|turn|21
|
|t:|1618955994
|switch|p2a: Ferrothorn|Ferrothorn, F|100/100
|move|p1a: Yveltal|Focus Blast|p2a: Ferrothorn|[miss]
|-miss|p1a: Yveltal|p2a: Ferrothorn
|
|-weather|Sandstorm|[upkeep]
|-damage|p1a: Yveltal|29/100 tox|[from] Sandstorm
|-damage|p1a: Yveltal|16/100 tox|[from] psn
|upkeep
|turn|22
|
|t:|1618956005
|move|p2a: Ferrothorn|Protect|p2a: Ferrothorn
|-singleturn|p2a: Ferrothorn|Protect
|move|p1a: Yveltal|Dark Pulse|p2a: Ferrothorn
|-activate|p2a: Ferrothorn|move: Protect
|
|-weather|none
|-damage|p1a: Yveltal|0 fnt|[from] psn
|faint|p1a: Yveltal
|upkeep
|
|t:|1618956010
|switch|p1a: Rayquaza|Rayquaza|100/100
|-ability|p1a: Rayquaza|Air Lock
|turn|23
|
|t:|1618956019
|switch|p2a: Arceus|Arceus-Ground|100/100
|detailschange|p1a: Rayquaza|Rayquaza-Mega
|-mega|p1a: Rayquaza|Rayquaza|
|-weather|DeltaStream|[from] ability: Delta Stream|[of] p1a: Rayquaza
|move|p1a: Rayquaza|V-create|p2a: Arceus
|-damage|p2a: Arceus|55/100
|-unboost|p1a: Rayquaza|spe|1
|-unboost|p1a: Rayquaza|def|1
|-unboost|p1a: Rayquaza|spd|1
|
|-weather|DeltaStream|[upkeep]
|upkeep
|turn|24
|
|t:|1618956031
|move|p2a: Arceus|Recover|p2a: Arceus
|-heal|p2a: Arceus|100/100
|move|p1a: Rayquaza|Dragon Ascent|p2a: Arceus
|-damage|p2a: Arceus|60/100
|-unboost|p1a: Rayquaza|def|1
|-unboost|p1a: Rayquaza|spd|1
|
|-weather|DeltaStream|[upkeep]
|upkeep
|turn|25
|
|t:|1618956039
|move|p2a: Arceus|Ice Beam|p1a: Rayquaza
|-activate||deltastream
|-supereffective|p1a: Rayquaza
|-damage|p1a: Rayquaza|8/100
|move|p1a: Rayquaza|Dragon Dance|p1a: Rayquaza
|-boost|p1a: Rayquaza|atk|1
|-boost|p1a: Rayquaza|spe|1
|
|-weather|DeltaStream|[upkeep]
|upkeep
|turn|26
|
|t:|1618956048
|move|p1a: Rayquaza|V-create|p2a: Arceus|[miss]
|-miss|p1a: Rayquaza|p2a: Arceus
|move|p2a: Arceus|Ice Beam|p1a: Rayquaza
|-activate||deltastream
|-supereffective|p1a: Rayquaza
|-damage|p1a: Rayquaza|0 fnt
|faint|p1a: Rayquaza
|-weather|none
|
|upkeep
|-message|Log4j forfeited.
|
|win|Master of Pyroars
|l|☆Log4j
|raw|Log4j's rating: 1847 &rarr; <strong>1826</strong><br />(-21 for losing)
|raw|Master of Pyroars's rating: 1823 &rarr; <strong>1844</strong><br />(+21 for winning)
|l| Beatboxing_Phantom
||Ladder isn't responding, score probably updated but might not have (Request timeout).
