|j|☆ThievesBoom
|j|☆Ussolando
|t:|1667166095
|gametype|singles
|player|p1|ThievesBoom|169|1678
|player|p2|Ussolando|flannery|1562
|teamsize|p1|6
|teamsize|p2|6
|gen|8
|tier|[Gen 8] National Dex AG
|rated|
|rule|HP Percentage Mod: HP is shown in percentages
|rule|Endless Battle Clause: Forcing endless battles is banned
|clearpoke
|poke|p1|Tyranitar, M|
|poke|p1|Shedinja|
|poke|p1|Grimmsnarl, M|
|poke|p1|Arceus-*|
|poke|p1|Arceus-*|
|poke|p1|Arceus-*|
|poke|p2|Arceus-*|
|poke|p2|Necrozma-Dusk-Mane|
|poke|p2|Yveltal|
|poke|p2|Zacian-*|
|poke|p2|Groudon|
|poke|p2|Rayquaza|
|teampreview
|inactive|Battle timer is ON: inactive players will automatically lose when time's up. (requested by ThievesBoom)
|inactive|Ussolando has 120 seconds left.
|
|t:|1667166155
|start
|switch|p1a: Arceus|Arceus-Fairy|100/100
|switch|p2a: Groudon|Groudon, shiny|100/100
|detailschange|p2a: Groudon|Groudon-Primal, shiny
|-primal|p2a: Groudon
|-weather|DesolateLand|[from] ability: Desolate Land|[of] p2a: Groudon
|turn|1
|
|t:|1667166163
|switch|p1a: Arceus|Arceus-Ground|100/100
|move|p2a: Groudon|Stealth Rock|p1a: Arceus
|-sidestart|p1: ThievesBoom|move: Stealth Rock
|
|-weather|DesolateLand|[upkeep]
|upkeep
|turn|2
|
|t:|1667166168
|-weather|none
|switch|p2a: Yveltal|Yveltal, shiny|100/100
|-ability|p2a: Yveltal|Dark Aura
|move|p1a: Arceus|Judgment|p2a: Yveltal
|-immune|p2a: Yveltal
|
|upkeep
|turn|3
|
|t:|1667166178
|switch|p1a: Grimmsnarl|Grimmsnarl, M|100/100
|-damage|p1a: Grimmsnarl|88/100|[from] Stealth Rock
|move|p2a: Yveltal|Oblivion Wing|p1a: Grimmsnarl
|-damage|p1a: Grimmsnarl|47/100
|
|upkeep
|turn|4
|
|t:|1667166189
|move|p1a: Grimmsnarl|Light Screen|p1a: Grimmsnarl
|-sidestart|p1: ThievesBoom|move: Light Screen
|move|p2a: Yveltal|Oblivion Wing|p1a: Grimmsnarl
|-damage|p1a: Grimmsnarl|28/100
|
|upkeep
|turn|5
|
|t:|1667166196
|move|p2a: Yveltal|Knock Off|p1a: Grimmsnarl
|-resisted|p1a: Grimmsnarl
|-damage|p1a: Grimmsnarl|11/100
|-enditem|p1a: Grimmsnarl|Light Clay|[from] move: Knock Off|[of] p2a: Yveltal
|move|p1a: Grimmsnarl|Spirit Break|p2a: Yveltal
|-supereffective|p2a: Yveltal
|-damage|p2a: Yveltal|33/100
|-unboost|p2a: Yveltal|spa|1
|
|upkeep
|turn|6
|
|t:|1667166205
|move|p2a: Yveltal|Knock Off|p1a: Grimmsnarl
|-resisted|p1a: Grimmsnarl
|-damage|p1a: Grimmsnarl|0 fnt
|faint|p1a: Grimmsnarl
|
|upkeep
|
|t:|1667166216
|switch|p1a: Arceus|Arceus-Fairy|100/100
|-damage|p1a: Arceus|88/100|[from] Stealth Rock
|turn|7
|
|t:|1667166227
|switch|p2a: Groudon|Groudon-Primal, shiny|100/100
|-weather|DesolateLand|[from] ability: Desolate Land|[of] p2a: Groudon
|move|p1a: Arceus|Judgment|p2a: Groudon
|-resisted|p2a: Groudon
|-damage|p2a: Groudon|70/100
|
|-weather|DesolateLand|[upkeep]
|upkeep
|turn|8
|
|t:|1667166236
|move|p1a: Arceus|Calm Mind|p1a: Arceus
|-boost|p1a: Arceus|spa|1
|-boost|p1a: Arceus|spd|1
|move|p2a: Groudon|Toxic|p1a: Arceus|[miss]
|-miss|p2a: Groudon|p1a: Arceus
|
|-weather|DesolateLand|[upkeep]
|upkeep
|turn|9
|
|t:|1667166242
|move|p1a: Arceus|Judgment|p2a: Groudon
|-resisted|p2a: Groudon
|-damage|p2a: Groudon|23/100
|move|p2a: Groudon|Toxic|p1a: Arceus
|-status|p1a: Arceus|tox
|
|-weather|DesolateLand|[upkeep]
|-damage|p1a: Arceus|82/100 tox|[from] psn
|upkeep
|turn|10
|
|t:|1667166254
|move|p1a: Arceus|Judgment|p2a: Groudon
|-resisted|p2a: Groudon
|-damage|p2a: Groudon|0 fnt
|faint|p2a: Groudon
|-weather|none
|
|-damage|p1a: Arceus|70/100 tox|[from] psn
|upkeep
|
|t:|1667166265
|switch|p2a: Zacian|Zacian-Crowned|100/100
|-ability|p2a: Zacian|Intrepid Sword|boost
|-boost|p2a: Zacian|atk|1
|turn|11
|
|t:|1667166268
|switch|p1a: Shedinja|Shedinja|100/100
|move|p2a: Zacian|Behemoth Blade|p1a: Shedinja
|-immune|p1a: Shedinja|[from] ability: Wonder Guard
|
|-sideend|p1: ThievesBoom|move: Light Screen
|upkeep
|turn|12
|
|t:|1667166273
|switch|p2a: Yveltal|Yveltal, shiny|33/100
|-ability|p2a: Yveltal|Dark Aura
|move|p1a: Shedinja|Will-O-Wisp|p2a: Yveltal
|-status|p2a: Yveltal|brn
|
|-damage|p2a: Yveltal|27/100 brn|[from] brn
|upkeep
|turn|13
|
|t:|1667166280
|switch|p1a: Arceus|Arceus-Fairy|70/100 tox
|-damage|p1a: Arceus|57/100 tox|[from] Stealth Rock
|move|p2a: Yveltal|Taunt|p1a: Arceus
|-start|p1a: Arceus|move: Taunt
|
|-damage|p1a: Arceus|51/100 tox|[from] psn
|-damage|p2a: Yveltal|21/100 brn|[from] brn
|upkeep
|turn|14
|
|t:|1667166290
|switch|p2a: Zacian|Zacian-Crowned|100/100
|-ability|p2a: Zacian|Intrepid Sword|boost
|-boost|p2a: Zacian|atk|1
|move|p1a: Arceus|Judgment|p2a: Zacian
|-resisted|p2a: Zacian
|-damage|p2a: Zacian|71/100
|
|-damage|p1a: Arceus|39/100 tox|[from] psn
|upkeep
|turn|15
|
|t:|1667166296
|move|p2a: Zacian|Behemoth Blade|p1a: Arceus
|-supereffective|p1a: Arceus
|-damage|p1a: Arceus|0 fnt
|faint|p1a: Arceus
|
|upkeep
|
|t:|1667166300
|switch|p1a: Shedinja|Shedinja|100/100
|turn|16
|
|t:|1667166304
|switch|p2a: Yveltal|Yveltal, shiny|21/100 brn
|-ability|p2a: Yveltal|Dark Aura
|move|p1a: Shedinja|Poltergeist|p2a: Yveltal
|-activate|p2a: Yveltal|move: Poltergeist|Heavy-Duty Boots
|-resisted|p2a: Yveltal
|-damage|p2a: Yveltal|0 fnt
|faint|p2a: Yveltal
|
|upkeep
|
|t:|1667166314
|switch|p2a: Necrozma|Necrozma-Dusk-Mane|100/100
|turn|17
|
|t:|1667166319
|switch|p1a: Arceus|Arceus-Ground|100/100
|-damage|p1a: Arceus|94/100|[from] Stealth Rock
|move|p2a: Necrozma|Toxic|p1a: Arceus
|-status|p1a: Arceus|tox
|
|-damage|p1a: Arceus|88/100 tox|[from] psn
|upkeep
|turn|18
|
|t:|1667166326
|switch|p2a: Rayquaza|Rayquaza|100/100
|-ability|p2a: Rayquaza|Air Lock
|move|p1a: Arceus|Will-O-Wisp|p2a: Rayquaza|[miss]
|-miss|p1a: Arceus|p2a: Rayquaza
|
|-damage|p1a: Arceus|76/100 tox|[from] psn
|upkeep
|turn|19
|
|t:|1667166344
|detailschange|p2a: Rayquaza|Rayquaza-Mega
|-mega|p2a: Rayquaza|Rayquaza|
|-weather|DeltaStream|[from] ability: Delta Stream|[of] p2a: Rayquaza
|move|p2a: Rayquaza|Dragon Ascent|p1a: Arceus
|-damage|p1a: Arceus|22/100 tox
|-unboost|p2a: Rayquaza|def|1
|-unboost|p2a: Rayquaza|spd|1
|move|p1a: Arceus|Will-O-Wisp|p2a: Rayquaza
|-status|p2a: Rayquaza|brn
|
|-weather|DeltaStream|[upkeep]
|-damage|p1a: Arceus|4/100 tox|[from] psn
|-damage|p2a: Rayquaza|95/100 brn|[from] brn
|upkeep
|turn|20
|
|t:|1667166358
|move|p2a: Rayquaza|Dragon Ascent|p1a: Arceus
|-damage|p1a: Arceus|0 fnt
|-unboost|p2a: Rayquaza|def|1
|-unboost|p2a: Rayquaza|spd|1
|faint|p1a: Arceus
|
|-weather|DeltaStream|[upkeep]
|-damage|p2a: Rayquaza|89/100 brn|[from] brn
|upkeep
|
|t:|1667166361
|switch|p1a: Arceus|Arceus|100/100
|-damage|p1a: Arceus|88/100|[from] Stealth Rock
|turn|21
|
|t:|1667166371
|-weather|none
|switch|p2a: Necrozma|Necrozma-Dusk-Mane|100/100
|move|p1a: Arceus|Swords Dance|p1a: Arceus
|-boost|p1a: Arceus|atk|2
|
|upkeep
|turn|22
|
|t:|1667166378
|-start|p2a: Necrozma|Dynamax|
|-heal|p2a: Necrozma|100/100|[silent]
|move|p1a: Arceus|Swords Dance|p1a: Arceus
|-boost|p1a: Arceus|atk|2
|move|p2a: Necrozma|Max Steelspike|p1a: Arceus
|-damage|p1a: Arceus|42/100
|-boost|p2a: Necrozma|def|1
|
|upkeep
|turn|23
|
|t:|1667166387
|move|p1a: Arceus|Recover|p1a: Arceus
|-heal|p1a: Arceus|92/100
|move|p2a: Necrozma|Max Steelspike|p1a: Arceus
|-damage|p1a: Arceus|49/100
|-boost|p2a: Necrozma|def|1
|
|upkeep
|turn|24
|
|t:|1667166393
|move|p1a: Arceus|Recover|p1a: Arceus
|-heal|p1a: Arceus|99/100
|move|p2a: Necrozma|Max Steelspike|p1a: Arceus
|-damage|p1a: Arceus|52/100
|-boost|p2a: Necrozma|def|1
|
|upkeep
|-end|p2a: Necrozma|Dynamax
|-heal|p2a: Necrozma|100/100|[silent]
|turn|25
|
|t:|1667166403
|-start|p1a: Arceus|Dynamax|
|-heal|p1a: Arceus|52/100|[silent]
|move|p1a: Arceus|Max Phantasm|p2a: Necrozma
|-supereffective|p2a: Necrozma
|-damage|p2a: Necrozma|62/100
|-unboost|p2a: Necrozma|def|1
|move|p2a: Necrozma|Toxic|p1a: Arceus
|-status|p1a: Arceus|tox
|
|-heal|p2a: Necrozma|68/100|[from] item: Leftovers
|-damage|p1a: Arceus|49/100 tox|[from] psn
|upkeep
|turn|26
|
|t:|1667166418
|move|p1a: Arceus|Max Phantasm|p2a: Necrozma
|-supereffective|p2a: Necrozma
|-damage|p2a: Necrozma|20/100
|-unboost|p2a: Necrozma|def|1
|move|p2a: Necrozma|Morning Sun|p2a: Necrozma
|-heal|p2a: Necrozma|70/100
|
|-heal|p2a: Necrozma|76/100|[from] item: Leftovers
|-damage|p1a: Arceus|43/100 tox|[from] psn
|upkeep
|turn|27
|
|t:|1667166429
|move|p1a: Arceus|Max Phantasm|p2a: Necrozma
|-supereffective|p2a: Necrozma
|-damage|p2a: Necrozma|11/100
|-unboost|p2a: Necrozma|def|1
|move|p2a: Necrozma|Morning Sun|p2a: Necrozma
|-heal|p2a: Necrozma|61/100
|
|-heal|p2a: Necrozma|67/100|[from] item: Leftovers
|-damage|p1a: Arceus|34/100 tox|[from] psn
|upkeep
|-end|p1a: Arceus|Dynamax
|-heal|p1a: Arceus|34/100 tox|[silent]
|turn|28
|
|t:|1667166451
|move|p1a: Arceus|Shadow Claw|p2a: Necrozma
|-supereffective|p2a: Necrozma
|-damage|p2a: Necrozma|8/100
|move|p2a: Necrozma|Sunsteel Strike|p1a: Arceus
|-damage|p1a: Arceus|0 fnt
|faint|p1a: Arceus
|
|-heal|p2a: Necrozma|14/100|[from] item: Leftovers
|upkeep
|
|t:|1667166461
|switch|p1a: Shedinja|Shedinja|100/100
|turn|29
|
|t:|1667166465
|move|p1a: Shedinja|Poltergeist|p2a: Necrozma
|-activate|p2a: Necrozma|move: Poltergeist|Leftovers
|-supereffective|p2a: Necrozma
|-damage|p2a: Necrozma|0 fnt
|faint|p2a: Necrozma
|
|upkeep
|
|t:|1667166480
|switch|p2a: Rayquaza|Rayquaza-Mega|89/100 brn
|-weather|DeltaStream|[from] ability: Delta Stream|[of] p2a: Rayquaza
|turn|30
|
|t:|1667166485
|-weather|none
|switch|p2a: Zacian|Zacian-Crowned|71/100
|-ability|p2a: Zacian|Intrepid Sword|boost
|-boost|p2a: Zacian|atk|1
|switch|p1a: Tyranitar|Tyranitar, M|100/100
|-ability|p1a: Tyranitar|Unnerve
|-damage|p1a: Tyranitar|88/100|[from] Stealth Rock
|
|upkeep
|turn|31
|
|t:|1667166491
|switch|p1a: Shedinja|Shedinja|100/100
|move|p2a: Zacian|Close Combat|p1a: Shedinja
|-immune|p1a: Shedinja|[from] ability: Wonder Guard
|
|upkeep
|turn|32
|
|t:|1667166497
|switch|p2a: Rayquaza|Rayquaza-Mega|89/100 brn
|-weather|DeltaStream|[from] ability: Delta Stream|[of] p2a: Rayquaza
|move|p1a: Shedinja|Poltergeist|p2a: Rayquaza
|-activate|p2a: Rayquaza|move: Poltergeist|Choice Band
|-damage|p2a: Rayquaza|42/100 brn
|
|-weather|DeltaStream|[upkeep]
|-damage|p2a: Rayquaza|36/100 brn|[from] brn
|upkeep
|turn|33
|
|t:|1667166506
|switch|p1a: Tyranitar|Tyranitar, M|88/100
|-ability|p1a: Tyranitar|Unnerve
|-damage|p1a: Tyranitar|76/100|[from] Stealth Rock
|move|p2a: Rayquaza|Dragon Ascent|p1a: Tyranitar
|-resisted|p1a: Tyranitar
|-damage|p1a: Tyranitar|51/100
|-unboost|p2a: Rayquaza|def|1
|-unboost|p2a: Rayquaza|spd|1
|
|-weather|DeltaStream|[upkeep]
|-damage|p2a: Rayquaza|30/100 brn|[from] brn
|upkeep
|turn|34
|
|t:|1667166513
|-activate|p2a: Rayquaza|move: Pursuit
|move|p1a: Tyranitar|Pursuit|p2a: Rayquaza|[from]Pursuit
|-damage|p2a: Rayquaza|0 fnt
|faint|p2a: Rayquaza
|-weather|none
|-hint|A Pokemon can't switch between when it runs out of HP and when it faints
|
|upkeep
|-message|Ussolando forfeited.
|
|win|ThievesBoom
|raw|ThievesBoom's rating: 1678 &rarr; <strong>1692</strong><br />(+14 for winning)
|raw|Ussolando's rating: 1562 &rarr; <strong>1548</strong><br />(-14 for losing)
|l|☆Ussolando
