|j|☆JedTheHumanoid
|j|☆09-10a
|t:|1650942733
|gametype|singles
|player|p1|JedTheHumanoid|tuber-gen3|1742
|player|p2|09-10a|schoolkid-gen4dp|1778
|teamsize|p1|6
|teamsize|p2|6
|gen|8
|tier|[Gen 8] National Dex AG
|rated|
|rule|HP Percentage Mod: HP is shown in percentages
|rule|Endless Battle Clause: Forcing endless battles is banned
|clearpoke
|poke|p1|Palkia|
|poke|p1|Marshadow|
|poke|p1|Arceus-*|
|poke|p1|Calyrex-Shadow|
|poke|p1|Xerneas-*|
|poke|p1|Excadrill, M|
|poke|p2|Necrozma-Dusk-Mane|
|poke|p2|Arceus-*|
|poke|p2|Tyranitar, M|
|poke|p2|Arceus-*|
|poke|p2|Ho-Oh|
|poke|p2|Quagsire, M|
|teampreview
|inactive|Battle timer is ON: inactive players will automatically lose when time's up. (requested by 09-10a)
|
|t:|1650942746
|start
|switch|p1a: Excadrill|Excadrill, M|100/100
|switch|p2a: Arceus|Arceus-Grass|100/100
|-ability|p1a: Excadrill|Mold Breaker
|turn|1
|
|t:|1650942751
|move|p2a: Arceus|Will-O-Wisp|p1a: Excadrill
|-status|p1a: Excadrill|brn
|move|p1a: Excadrill|Stealth Rock|p2a: Arceus
|-sidestart|p2: 09-10a|move: Stealth Rock
|
|-damage|p1a: Excadrill|94/100 brn|[from] brn
|upkeep
|turn|2
|
|t:|1650942762
|switch|p2a: Ho-Oh|Ho-Oh, shiny|100/100
|move|p1a: Excadrill|Rapid Spin|p2a: Ho-Oh
|-damage|p2a: Ho-Oh|93/100
|-boost|p1a: Excadrill|spe|1
|
|-damage|p1a: Excadrill|88/100 brn|[from] brn
|upkeep
|turn|3
|
|t:|1650942764
|move|p1a: Excadrill|Rock Blast|p2a: Ho-Oh
|-supereffective|p2a: Ho-Oh
|-crit|p2a: Ho-Oh
|-damage|p2a: Ho-Oh|66/100
|-supereffective|p2a: Ho-Oh
|-damage|p2a: Ho-Oh|50/100
|-supereffective|p2a: Ho-Oh
|-crit|p2a: Ho-Oh
|-damage|p2a: Ho-Oh|23/100
|-supereffective|p2a: Ho-Oh
|-damage|p2a: Ho-Oh|8/100
|-hitcount|p2a: Ho-Oh|4
|move|p2a: Ho-Oh|Defog|p1a: Excadrill
|-unboost|p1a: Excadrill|evasion|1
|-sideend|p2: 09-10a|Stealth Rock|[from] move: Defog|[of] p2a: Ho-Oh
|
|-damage|p1a: Excadrill|82/100 brn|[from] brn
|upkeep
|turn|4
|
|t:|1650942779
|switch|p2a: Arceus|Arceus-Grass|100/100
|move|p1a: Excadrill|Stealth Rock|p2a: Arceus
|-sidestart|p2: 09-10a|move: Stealth Rock
|
|-damage|p1a: Excadrill|76/100 brn|[from] brn
|upkeep
|turn|5
|
|t:|1650942785
|move|p1a: Excadrill|Rapid Spin|p2a: Arceus
|-damage|p2a: Arceus|93/100
|-boost|p1a: Excadrill|spe|1
|move|p2a: Arceus|Grass Knot|p1a: Excadrill
|-damage|p1a: Excadrill|38/100 brn
|
|-damage|p1a: Excadrill|32/100 brn|[from] brn
|upkeep
|turn|6
|
|t:|1650942792
|switch|p2a: Ho-Oh|Ho-Oh, shiny|41/100
|move|p1a: Excadrill|Rock Blast|p2a: Ho-Oh
|-supereffective|p2a: Ho-Oh
|-damage|p2a: Ho-Oh|24/100
|-supereffective|p2a: Ho-Oh
|-damage|p2a: Ho-Oh|9/100
|-supereffective|p2a: Ho-Oh
|-damage|p2a: Ho-Oh|0 fnt
|faint|p2a: Ho-Oh
|-hitcount|p2: Ho-Oh|3
|
|-damage|p1a: Excadrill|26/100 brn|[from] brn
|upkeep
|
|t:|1650942801
|switch|p2a: Arceus|Arceus-Ground|100/100
|-damage|p2a: Arceus|94/100|[from] Stealth Rock
|turn|7
|
|t:|1650942813
|move|p1a: Excadrill|Earthquake|p2a: Arceus
|-damage|p2a: Arceus|81/100
|move|p2a: Arceus|Earthquake|p1a: Excadrill
|-supereffective|p1a: Excadrill
|-damage|p1a: Excadrill|0 fnt
|faint|p1a: Excadrill
|
|upkeep
|
|t:|1650942829
|switch|p1a: Palkia|Palkia|100/100
|-ability|p1a: Palkia|Pressure
|turn|8
|
|t:|1650942836
|switch|p2a: Arceus|Arceus-Grass|93/100
|-damage|p2a: Arceus|81/100|[from] Stealth Rock
|-start|p1a: Palkia|Dynamax|
|-heal|p1a: Palkia|100/100|[silent]
|move|p1a: Palkia|Max Airstream|p2a: Arceus
|-supereffective|p2a: Arceus
|-damage|p2a: Arceus|26/100
|-boost|p1a: Palkia|spe|1
|
|upkeep
|turn|9
|
|t:|1650942844
|move|p1a: Palkia|Max Wyrmwind|p2a: Arceus
|-damage|p2a: Arceus|0 fnt
|faint|p2a: Arceus
|
|upkeep
|
|t:|1650942847
|switch|p2a: Arceus|Arceus-Ground|81/100
|-damage|p2a: Arceus|75/100|[from] Stealth Rock
|turn|10
|
|t:|1650942851
|-start|p2a: Arceus|Dynamax|
|-heal|p2a: Arceus|75/100|[silent]
|move|p2a: Arceus|Max Guard|p2a: Arceus
|-singleturn|p2a: Arceus|Max Guard
|move|p1a: Palkia|Max Geyser|p2a: Arceus
|-activate|p2a: Arceus|move: Max Guard
|
|-end|p1a: Palkia|Dynamax
|-heal|p1a: Palkia|100/100|[silent]
|upkeep
|turn|11
|
|t:|1650942862
|move|p1a: Palkia|Hydro Pump|p2a: Arceus
|-supereffective|p2a: Arceus
|-damage|p2a: Arceus|14/100
|move|p2a: Arceus|Max Quake|p1a: Palkia
|-crit|p1a: Palkia
|-damage|p1a: Palkia|0 fnt
|-boost|p2a: Arceus|spd|1
|faint|p1a: Palkia
|
|upkeep
|
|t:|1650942886
|switch|p1a: Marshadow|Marshadow|100/100
|turn|12
|
|t:|1650942904
|-end|p2a: Arceus|Dynamax
|-heal|p2a: Arceus|14/100|[silent]
|switch|p2a: Quagsire|Quagsire, M, shiny|100/100
|-damage|p2a: Quagsire|94/100|[from] Stealth Rock
|move|p1a: Marshadow|Close Combat|p2a: Quagsire
|-damage|p2a: Quagsire|54/100
|-unboost|p1a: Marshadow|def|1
|-unboost|p1a: Marshadow|spd|1
|-damage|p1a: Marshadow|84/100|[from] item: Rocky Helmet|[of] p2a: Quagsire
|
|upkeep
|turn|13
|
|t:|1650942911
|move|p1a: Marshadow|Close Combat|p2a: Quagsire
|-damage|p2a: Quagsire|9/100
|-unboost|p1a: Marshadow|def|1
|-unboost|p1a: Marshadow|spd|1
|-damage|p1a: Marshadow|67/100|[from] item: Rocky Helmet|[of] p2a: Quagsire
|move|p2a: Quagsire|Recover|p2a: Quagsire
|-heal|p2a: Quagsire|60/100
|
|upkeep
|turn|14
|
|t:|1650942925
|move|p1a: Marshadow|Close Combat|p2a: Quagsire
|-damage|p2a: Quagsire|14/100
|-unboost|p1a: Marshadow|def|1
|-unboost|p1a: Marshadow|spd|1
|-damage|p1a: Marshadow|51/100|[from] item: Rocky Helmet|[of] p2a: Quagsire
|move|p2a: Quagsire|Recover|p2a: Quagsire
|-heal|p2a: Quagsire|65/100
|
|upkeep
|turn|15
|
|t:|1650942929
|move|p1a: Marshadow|Close Combat|p2a: Quagsire
|-damage|p2a: Quagsire|23/100
|-unboost|p1a: Marshadow|def|1
|-unboost|p1a: Marshadow|spd|1
|-damage|p1a: Marshadow|34/100|[from] item: Rocky Helmet|[of] p2a: Quagsire
|move|p2a: Quagsire|Recover|p2a: Quagsire
|-heal|p2a: Quagsire|74/100
|
|upkeep
|turn|16
|
|t:|1650942931
|move|p1a: Marshadow|Close Combat|p2a: Quagsire
|-damage|p2a: Quagsire|29/100
|-unboost|p1a: Marshadow|def|1
|-unboost|p1a: Marshadow|spd|1
|-damage|p1a: Marshadow|18/100|[from] item: Rocky Helmet|[of] p2a: Quagsire
|move|p2a: Quagsire|Recover|p2a: Quagsire
|-heal|p2a: Quagsire|79/100
|
|upkeep
|turn|17
|
|t:|1650942935
|move|p1a: Marshadow|Endeavor|p2a: Quagsire
|-damage|p2a: Quagsire|15/100
|-damage|p1a: Marshadow|1/100|[from] item: Rocky Helmet|[of] p2a: Quagsire
|move|p2a: Quagsire|Recover|p2a: Quagsire
|-heal|p2a: Quagsire|65/100
|
|upkeep
|turn|18
|
|t:|1650942944
|move|p1a: Marshadow|Endeavor|p2a: Quagsire
|-damage|p2a: Quagsire|1/100
|-damage|p1a: Marshadow|0 fnt|[from] item: Rocky Helmet|[of] p2a: Quagsire
|faint|p1a: Marshadow
|move|p2a: Quagsire|Recover|p2a: Quagsire
|-heal|p2a: Quagsire|51/100
|
|upkeep
|
|t:|1650942959
|switch|p1a: Calyrex|Calyrex-Shadow|100/100
|-ability|p1a: Calyrex|As One
|-ability|p1a: Calyrex|Unnerve
|turn|19
|
|t:|1650942966
|switch|p2a: Tyranitar|Tyranitar, M, shiny|100/100
|-damage|p2a: Tyranitar|88/100|[from] Stealth Rock
|-weather|Sandstorm|[from] ability: Sand Stream|[of] p2a: Tyranitar
|move|p1a: Calyrex|Substitute|p1a: Calyrex
|-start|p1a: Calyrex|Substitute
|-damage|p1a: Calyrex|76/100
|
|-weather|Sandstorm|[upkeep]
|-damage|p1a: Calyrex|69/100|[from] Sandstorm
|upkeep
|turn|20
|
|t:|1650942971
|move|p1a: Calyrex|Nasty Plot|p1a: Calyrex
|-boost|p1a: Calyrex|spa|2
|move|p2a: Tyranitar|Rock Blast|p1a: Calyrex
|-activate|p1a: Calyrex|move: Substitute|[damage]
|-crit|p1a: Calyrex
|-end|p1a: Calyrex|Substitute
|-damage|p1a: Calyrex|57/100
|-damage|p1a: Calyrex|42/100
|-damage|p1a: Calyrex|29/100
|-hitcount|p1a: Calyrex|5
|
|-weather|Sandstorm|[upkeep]
|-damage|p1a: Calyrex|23/100|[from] Sandstorm
|upkeep
|turn|21
|
|t:|1650942976
|move|p1a: Calyrex|Leaf Storm|p2a: Tyranitar|[miss]
|-miss|p1a: Calyrex|p2a: Tyranitar
|move|p2a: Tyranitar|Rock Blast|p1a: Calyrex|[miss]
|-miss|p2a: Tyranitar|p1a: Calyrex
|
|-weather|Sandstorm|[upkeep]
|-damage|p1a: Calyrex|17/100|[from] Sandstorm
|upkeep
|turn|22
|
|t:|1650942982
|switch|p2a: Arceus|Arceus-Ground|14/100
|-damage|p2a: Arceus|8/100|[from] Stealth Rock
|move|p1a: Calyrex|Leaf Storm|p2a: Arceus
|-supereffective|p2a: Arceus
|-damage|p2a: Arceus|0 fnt
|-unboost|p1a: Calyrex|spa|2
|faint|p2a: Arceus
|-ability|p1a: Calyrex|Grim Neigh|boost
|-boost|p1a: Calyrex|spa|1
|
|-weather|Sandstorm|[upkeep]
|-damage|p1a: Calyrex|10/100|[from] Sandstorm
|upkeep
|
|t:|1650942986
|switch|p2a: Tyranitar|Tyranitar, M, shiny|88/100
|-damage|p2a: Tyranitar|76/100|[from] Stealth Rock
|turn|23
|
|t:|1650942990
|move|p1a: Calyrex|Leaf Storm|p2a: Tyranitar
|-supereffective|p2a: Tyranitar
|-damage|p2a: Tyranitar|7/100
|-unboost|p1a: Calyrex|spa|2
|move|p2a: Tyranitar|Foul Play|p1a: Calyrex
|-supereffective|p1a: Calyrex
|-damage|p1a: Calyrex|0 fnt
|faint|p1a: Calyrex
|
|-weather|none
|upkeep
|
|t:|1650942999
|switch|p1a: Arceus|Arceus|100/100
|turn|24
|
|t:|1650943014
|move|p1a: Arceus|Earthquake|p2a: Tyranitar
|-supereffective|p2a: Tyranitar
|-crit|p2a: Tyranitar
|-enditem|p2a: Tyranitar|Shuca Berry|[eat]
|-enditem|p2a: Tyranitar|Shuca Berry|[weaken]
|-damage|p2a: Tyranitar|0 fnt
|faint|p2a: Tyranitar
|
|upkeep
|
|t:|1650943018
|switch|p2a: Quagsire|Quagsire, M, shiny|51/100
|-damage|p2a: Quagsire|45/100|[from] Stealth Rock
|turn|25
|
|t:|1650943036
|switch|p1a: Xerneas|Xerneas|100/100
|-ability|p1a: Xerneas|Fairy Aura
|move|p2a: Quagsire|Recover|p2a: Quagsire
|-heal|p2a: Quagsire|95/100
|
|upkeep
|turn|26
|
|t:|1650943060
|switch|p2a: Necrozma|Necrozma-Dusk-Mane|100/100
|-damage|p2a: Necrozma|94/100|[from] Stealth Rock
|move|p1a: Xerneas|Hidden Power|p2a: Necrozma
|-supereffective|p2a: Necrozma
|-damage|p2a: Necrozma|77/100
|
|upkeep
|turn|27
|inactive|09-10a has 120 seconds left.
|
|t:|1650943100
|switch|p1a: Arceus|Arceus|100/100
|move|p2a: Necrozma|Dragon Dance|p2a: Necrozma
|-boost|p2a: Necrozma|atk|1
|-boost|p2a: Necrozma|spe|1
|
|upkeep
|turn|28
|
|t:|1650943105
|move|p1a: Arceus|Shadow Force||[still]
|-prepare|p1a: Arceus|Shadow Force
|-zpower|p2a: Necrozma
|move|p2a: Necrozma|Searing Sunraze Smash|p1a: Arceus|[zeffect]|[miss]
|-miss|p2a: Necrozma|p1a: Arceus
|
|upkeep
|turn|29
|
|t:|1650943109
|switch|p2a: Quagsire|Quagsire, M, shiny|95/100
|-damage|p2a: Quagsire|89/100|[from] Stealth Rock
|move|p1a: Arceus|Shadow Force|p2a: Quagsire|[from]lockedmove
|-damage|p2a: Quagsire|60/100
|-damage|p1a: Arceus|84/100|[from] item: Rocky Helmet|[of] p2a: Quagsire
|
|upkeep
|turn|30
|
|t:|1650943114
|switch|p1a: Xerneas|Xerneas|100/100
|-ability|p1a: Xerneas|Fairy Aura
|move|p2a: Quagsire|Recover|p2a: Quagsire
|-heal|p2a: Quagsire|100/100
|
|upkeep
|turn|31
|
|t:|1650943126
|switch|p2a: Necrozma|Necrozma-Dusk-Mane|77/100
|-damage|p2a: Necrozma|71/100|[from] Stealth Rock
|move|p1a: Xerneas|Hidden Power|p2a: Necrozma
|-supereffective|p2a: Necrozma
|-damage|p2a: Necrozma|53/100
|
|upkeep
|turn|32
|
|t:|1650943142
|switch|p1a: Arceus|Arceus|84/100
|move|p2a: Necrozma|Morning Sun|p2a: Necrozma
|-heal|p2a: Necrozma|100/100
|
|upkeep
|turn|33
|inactive|09-10a has 120 seconds left.
|
|t:|1650943179
|switch|p2a: Quagsire|Quagsire, M, shiny|100/100
|-damage|p2a: Quagsire|94/100|[from] Stealth Rock
|move|p1a: Arceus|Earthquake|p2a: Quagsire
|-damage|p2a: Quagsire|71/100
|
|upkeep
|turn|34
|inactive|09-10a has 120 seconds left.
|
|t:|1650943214
|move|p1a: Arceus|Earthquake|p2a: Quagsire
|-damage|p2a: Quagsire|46/100
|move|p2a: Quagsire|Toxic|p1a: Arceus
|-status|p1a: Arceus|tox
|
|-damage|p1a: Arceus|78/100 tox|[from] psn
|upkeep
|turn|35
|
|t:|1650943222
|move|p1a: Arceus|Extreme Speed|p2a: Quagsire
|-crit|p2a: Quagsire
|-damage|p2a: Quagsire|0 fnt
|-damage|p1a: Arceus|61/100 tox|[from] item: Rocky Helmet|[of] p2a: Quagsire
|faint|p2a: Quagsire
|
|-damage|p1a: Arceus|49/100 tox|[from] psn
|upkeep
|
|t:|1650943230
|switch|p2a: Necrozma|Necrozma-Dusk-Mane|100/100
|-damage|p2a: Necrozma|94/100|[from] Stealth Rock
|turn|36
|
|t:|1650943237
|move|p1a: Arceus|Swords Dance|p1a: Arceus
|-boost|p1a: Arceus|atk|2
|move|p2a: Necrozma|Dragon Dance|p2a: Necrozma
|-boost|p2a: Necrozma|atk|1
|-boost|p2a: Necrozma|spe|1
|
|-damage|p1a: Arceus|30/100 tox|[from] psn
|upkeep
|turn|37
|
|t:|1650943240
|move|p1a: Arceus|Earthquake|p2a: Necrozma
|-supereffective|p2a: Necrozma
|-damage|p2a: Necrozma|19/100
|move|p2a: Necrozma|Morning Sun|p2a: Necrozma
|-heal|p2a: Necrozma|69/100
|
|-damage|p1a: Arceus|5/100 tox|[from] psn
|upkeep
|turn|38
|
|t:|1650943247
|move|p1a: Arceus|Earthquake|p2a: Necrozma
|-supereffective|p2a: Necrozma
|-damage|p2a: Necrozma|0 fnt
|faint|p2a: Necrozma
|
|win|JedTheHumanoid
|raw|JedTheHumanoid's rating: 1742 &rarr; <strong>1765</strong><br />(+23 for winning)
|raw|09-10a's rating: 1786 &rarr; <strong>1763</strong><br />(-23 for losing)
|c|☆JedTheHumanoid|gg
|c|☆09-10a|gg wp
|c|☆JedTheHumanoid|u2
|l|☆09-10a
