|j|☆IAmJklol
|j|☆Sub-basser
|inactive|Battle timer is ON: inactive players will automatically lose when time's up.
|t:|1658700556
|gametype|singles
|player|p1|IAmJklol|steven|
|player|p2|Sub-basser|266|
|teamsize|p1|6
|teamsize|p2|6
|gen|8
|tier|[Gen 8] National Dex AG
|rated|Tournament battle
|rule|HP Percentage Mod: HP is shown in percentages
|rule|Endless Battle Clause: Forcing endless battles is banned
|clearpoke
|poke|p1|Ho-Oh|
|poke|p1|Necrozma-Dusk-Mane|
|poke|p1|Zygarde|
|poke|p1|Rayquaza|
|poke|p1|Calyrex-Shadow|
|poke|p1|Arceus-*|
|poke|p2|Darkrai|
|poke|p2|Hippowdon, F|
|poke|p2|Zekrom|
|poke|p2|Marshadow|
|poke|p2|Guzzlord|
|poke|p2|Yveltal|
|teampreview
|inactive|IAmJklol also wants the timer to be on.
|j| Jojos ❤
|c|☆Sub-basser|BLACK
|c|☆IAmJklol|glhf
|
|t:|1658700567
|start
|switch|p1a: Rayquaza|Rayquaza|100/100
|switch|p2a: Black 1|Darkrai|100/100
|-ability|p1a: Rayquaza|Air Lock
|turn|1
|j| mispelt
|j| Coronet077
|
|t:|1658700573
|detailschange|p1a: Rayquaza|Rayquaza-Mega
|-mega|p1a: Rayquaza|Rayquaza|
|-weather|DeltaStream|[from] ability: Delta Stream|[of] p1a: Rayquaza
|move|p1a: Rayquaza|Extreme Speed|p2a: Black 1
|-damage|p2a: Black 1|29/100
|move|p2a: Black 1|Trick|p1a: Rayquaza
|-activate|p2a: Black 1|move: Trick|[of] p1a: Rayquaza
|-item|p1a: Rayquaza|Choice Scarf|[from] move: Trick
|-item|p2a: Black 1|Choice Band|[from] move: Trick
|
|-weather|DeltaStream|[upkeep]
|upkeep
|turn|2
|j| baddestagplayer
|
|t:|1658700582
|switch|p2a: Black 4|Marshadow|100/100
|move|p1a: Rayquaza|Extreme Speed|p2a: Black 4
|-immune|p2a: Black 4
|
|-weather|DeltaStream|[upkeep]
|upkeep
|turn|3
|
|t:|1658700589
|-weather|none
|switch|p1a: Necrozma|Necrozma-Dusk-Mane|100/100
|move|p2a: Black 4|Spectral Thief|p1a: Necrozma
|-supereffective|p1a: Necrozma
|-damage|p1a: Necrozma|66/100
|-damage|p2a: Black 4|84/100|[from] item: Rocky Helmet|[of] p1a: Necrozma
|
|upkeep
|turn|4
|
|t:|1658700599
|move|p2a: Black 4|Spectral Thief|p1a: Necrozma
|-supereffective|p1a: Necrozma
|-damage|p1a: Necrozma|28/100
|-damage|p2a: Black 4|67/100|[from] item: Rocky Helmet|[of] p1a: Necrozma
|move|p1a: Necrozma|Morning Sun|p1a: Necrozma
|-heal|p1a: Necrozma|78/100
|
|upkeep
|turn|5
|
|t:|1658700607
|switch|p2a: Black 2|Hippowdon, F|100/100
|move|p1a: Necrozma|Morning Sun|p1a: Necrozma
|-heal|p1a: Necrozma|100/100
|
|upkeep
|turn|6
|
|t:|1658700611
|move|p1a: Necrozma|Knock Off|p2a: Black 2
|-damage|p2a: Black 2|84/100
|-enditem|p2a: Black 2|Quick Claw|[from] move: Knock Off|[of] p1a: Necrozma
|move|p2a: Black 2|Curse|p2a: Black 2
|-unboost|p2a: Black 2|spe|1
|-boost|p2a: Black 2|atk|1
|-boost|p2a: Black 2|def|1
|
|upkeep
|turn|7
|
|t:|1658700619
|-start|p2a: Black 2|Dynamax|
|-heal|p2a: Black 2|84/100|[silent]
|move|p1a: Necrozma|Stealth Rock|p2a: Black 2
|-sidestart|p2: Sub-basser|move: Stealth Rock
|move|p2a: Black 2|Max Quake|p1a: Necrozma
|-supereffective|p1a: Necrozma
|-damage|p1a: Necrozma|41/100
|-boost|p2a: Black 2|spd|1
|
|upkeep
|turn|8
|
|t:|1658700626
|switch|p1a: Rayquaza|Rayquaza-Mega|100/100
|-weather|DeltaStream|[from] ability: Delta Stream|[of] p1a: Rayquaza
|move|p2a: Black 2|Max Quake|p1a: Rayquaza
|-immune|p1a: Rayquaza
|
|-weather|DeltaStream|[upkeep]
|upkeep
|turn|9
|
|t:|1658700635
|-weather|none
|switch|p1a: Zygarde|Zygarde|100/100
|move|p2a: Black 2|Max Rockfall|p1a: Zygarde
|-resisted|p1a: Zygarde
|-damage|p1a: Zygarde|84/100
|-weather|Sandstorm
|
|-weather|Sandstorm|[upkeep]
|-heal|p1a: Zygarde|90/100|[from] item: Leftovers
|upkeep
|-end|p2a: Black 2|Dynamax
|-heal|p2a: Black 2|84/100|[silent]
|turn|10
|
|t:|1658700645
|move|p1a: Zygarde|Coil|p1a: Zygarde
|-boost|p1a: Zygarde|atk|1
|-boost|p1a: Zygarde|def|1
|-boost|p1a: Zygarde|accuracy|1
|move|p2a: Black 2|Curse|p2a: Black 2
|-unboost|p2a: Black 2|spe|1
|-boost|p2a: Black 2|atk|1
|-boost|p2a: Black 2|def|1
|
|-weather|Sandstorm|[upkeep]
|-heal|p1a: Zygarde|97/100|[from] item: Leftovers
|upkeep
|turn|11
|
|t:|1658700648
|move|p1a: Zygarde|Coil|p1a: Zygarde
|-boost|p1a: Zygarde|atk|1
|-boost|p1a: Zygarde|def|1
|-boost|p1a: Zygarde|accuracy|1
|move|p2a: Black 2|Earthquake|p1a: Zygarde
|-damage|p1a: Zygarde|62/100
|
|-weather|Sandstorm|[upkeep]
|-heal|p1a: Zygarde|69/100|[from] item: Leftovers
|upkeep
|turn|12
|
|t:|1658700651
|switch|p2a: Black 4|Marshadow|67/100
|-damage|p2a: Black 4|61/100|[from] Stealth Rock
|move|p1a: Zygarde|Coil|p1a: Zygarde
|-boost|p1a: Zygarde|atk|1
|-boost|p1a: Zygarde|def|1
|-boost|p1a: Zygarde|accuracy|1
|
|-weather|Sandstorm|[upkeep]
|-damage|p2a: Black 4|55/100|[from] Sandstorm
|-heal|p1a: Zygarde|75/100|[from] item: Leftovers
|upkeep
|turn|13
|
|t:|1658700657
|switch|p1a: Necrozma|Necrozma-Dusk-Mane|41/100
|move|p2a: Black 4|Spectral Thief|p1a: Necrozma
|-supereffective|p1a: Necrozma
|-damage|p1a: Necrozma|4/100
|-damage|p2a: Black 4|39/100|[from] item: Rocky Helmet|[of] p1a: Necrozma
|
|-weather|none
|upkeep
|turn|14
|j| amVengeance
|inactive|Sub-basser has 120 seconds left.
|inactive|Sub-basser has 90 seconds left.
|
|t:|1658700717
|switch|p2a: Black 1|Darkrai|29/100
|-damage|p2a: Black 1|17/100|[from] Stealth Rock
|move|p1a: Necrozma|Morning Sun|p1a: Necrozma
|-heal|p1a: Necrozma|54/100
|
|upkeep
|turn|15
|j| Duerky12
|
|t:|1658700726
|switch|p1a: Ho-Oh|Ho-Oh|100/100
|move|p2a: Black 1|Trick|p1a: Ho-Oh
|-activate|p2a: Black 1|move: Trick|[of] p1a: Ho-Oh
|-item|p1a: Ho-Oh|Choice Band|[from] move: Trick
|-item|p2a: Black 1|Heavy-Duty Boots|[from] move: Trick
|
|upkeep
|turn|16
|
|t:|1658700733
|move|p2a: Black 1|Hypnosis|p1a: Ho-Oh|[miss]
|-miss|p2a: Black 1|p1a: Ho-Oh
|move|p1a: Ho-Oh|Sacred Fire|p2a: Black 1
|-damage|p2a: Black 1|0 fnt
|faint|p2a: Black 1
|
|upkeep
|c|☆IAmJklol|unfort
|
|t:|1658700742
|switch|p2a: Black 2|Hippowdon, F|84/100
|-damage|p2a: Black 2|78/100|[from] Stealth Rock
|turn|17
|c|☆Sub-basser|you win
|
|t:|1658700755
|switch|p1a: Rayquaza|Rayquaza-Mega|100/100
|-weather|DeltaStream|[from] ability: Delta Stream|[of] p1a: Rayquaza
|move|p2a: Black 2|Rock Slide|p1a: Rayquaza
|-activate||deltastream
|-damage|p1a: Rayquaza|83/100
|
|-weather|DeltaStream|[upkeep]
|upkeep
|turn|18
|c|☆Sub-basser|gg
|c|☆Sub-basser|BLACK
|inactive|Sub-basser has 120 seconds left.
|
|t:|1658700766
|switch|p2a: Black 3|Zekrom|100/100
|-damage|p2a: Black 3|88/100|[from] Stealth Rock
|-ability|p2a: Black 3|Teravolt
|move|p1a: Rayquaza|Dragon Ascent|p2a: Black 3
|-resisted|p2a: Black 3
|-damage|p2a: Black 3|57/100
|-unboost|p1a: Rayquaza|def|1
|-unboost|p1a: Rayquaza|spd|1
|
|-weather|DeltaStream|[upkeep]
|upkeep
|turn|19
|
|t:|1658700774
|move|p1a: Rayquaza|Dragon Ascent|p2a: Black 3
|-resisted|p2a: Black 3
|-damage|p2a: Black 3|30/100
|-unboost|p1a: Rayquaza|def|1
|-unboost|p1a: Rayquaza|spd|1
|move|p2a: Black 3|Bolt Strike|p1a: Rayquaza
|-activate||deltastream
|-resisted|p1a: Rayquaza
|-damage|p1a: Rayquaza|5/100
|-status|p1a: Rayquaza|par
|
|-weather|DeltaStream|[upkeep]
|upkeep
|turn|20
|
|t:|1658700779
|cant|p1a: Rayquaza|par
|move|p2a: Black 3|Roost|p2a: Black 3
|-heal|p2a: Black 3|80/100
|-singleturn|p2a: Black 3|move: Roost
|
|-weather|DeltaStream|[upkeep]
|upkeep
|turn|21
|
|t:|1658700782
|cant|p1a: Rayquaza|par
|move|p2a: Black 3|Hone Claws|p2a: Black 3
|-boost|p2a: Black 3|atk|1
|-boost|p2a: Black 3|accuracy|1
|
|-weather|DeltaStream|[upkeep]
|upkeep
|turn|22
|
|t:|1658700785
|cant|p1a: Rayquaza|par
|move|p2a: Black 3|Hone Claws|p2a: Black 3
|-boost|p2a: Black 3|atk|1
|-boost|p2a: Black 3|accuracy|1
|
|-weather|DeltaStream|[upkeep]
|upkeep
|turn|23
|
|t:|1658700787
|move|p1a: Rayquaza|Dragon Ascent|p2a: Black 3
|-resisted|p2a: Black 3
|-damage|p2a: Black 3|50/100
|-unboost|p1a: Rayquaza|def|1
|-unboost|p1a: Rayquaza|spd|1
|move|p2a: Black 3|Roost|p2a: Black 3
|-heal|p2a: Black 3|99/100
|-singleturn|p2a: Black 3|move: Roost
|
|-weather|DeltaStream|[upkeep]
|upkeep
|turn|24
|
|t:|1658700796
|-weather|none
|switch|p1a: Ho-Oh|Ho-Oh|100/100
|move|p2a: Black 3|Steel Wing|p1a: Ho-Oh
|-resisted|p1a: Ho-Oh
|-damage|p1a: Ho-Oh|72/100
|
|upkeep
|turn|25
|
|t:|1658700803
|move|p2a: Black 3|Bolt Strike|p1a: Ho-Oh
|-supereffective|p1a: Ho-Oh
|-damage|p1a: Ho-Oh|0 fnt
|faint|p1a: Ho-Oh
|
|upkeep
|
|t:|1658700806
|switch|p1a: Rayquaza|Rayquaza-Mega|5/100 par
|-weather|DeltaStream|[from] ability: Delta Stream|[of] p1a: Rayquaza
|turn|26
|
|t:|1658700810
|move|p1a: Rayquaza|Extreme Speed|p2a: Black 3
|-damage|p2a: Black 3|72/100
|move|p2a: Black 3|Steel Wing|p1a: Rayquaza
|-damage|p1a: Rayquaza|0 fnt
|faint|p1a: Rayquaza
|-weather|none
|
|upkeep
|
|t:|1658700819
|switch|p1a: Zygarde|Zygarde|75/100
|turn|27
|
|t:|1658700822
|move|p1a: Zygarde|Coil|p1a: Zygarde
|-boost|p1a: Zygarde|atk|1
|-boost|p1a: Zygarde|def|1
|-boost|p1a: Zygarde|accuracy|1
|move|p2a: Black 3|Steel Wing|p1a: Zygarde
|-damage|p1a: Zygarde|47/100
|
|-heal|p1a: Zygarde|54/100|[from] item: Leftovers
|upkeep
|turn|28
|
|t:|1658700826
|switch|p2a: Black 4|Marshadow|39/100
|-damage|p2a: Black 4|32/100|[from] Stealth Rock
|move|p1a: Zygarde|Thousand Arrows|p2a: Black 4
|-damage|p2a: Black 4|0 fnt
|faint|p2a: Black 4
|
|-heal|p1a: Zygarde|60/100|[from] item: Leftovers
|upkeep
|
|t:|1658700832
|switch|p2a: Black 5|Guzzlord|100/100
|-damage|p2a: Black 5|88/100|[from] Stealth Rock
|turn|29
|
|t:|1658700837
|move|p1a: Zygarde|Rest|p1a: Zygarde
|-status|p1a: Zygarde|slp|[from] move: Rest
|-heal|p1a: Zygarde|100/100 slp|[silent]
|move|p2a: Black 5|Draco Meteor|p1a: Zygarde
|-supereffective|p1a: Zygarde
|-damage|p1a: Zygarde|43/100 slp
|-unboost|p2a: Black 5|spa|2
|
|-heal|p1a: Zygarde|49/100 slp|[from] item: Leftovers
|-activate|p1a: Zygarde|ability: Power Construct
|detailschange|p1a: Zygarde|Zygarde-Complete
|-heal|p1a: Zygarde|67/100 slp|[silent]
|upkeep
|turn|30
|
|t:|1658700841
|cant|p1a: Zygarde|slp
|move|p1a: Zygarde|Sleep Talk|p1a: Zygarde
|move|p1a: Zygarde|Rest||[from]move: Sleep Talk|[still]
|-fail|p1a: Zygarde
|move|p2a: Black 5|Knock Off|p1a: Zygarde
|-damage|p1a: Zygarde|53/100 slp
|-enditem|p1a: Zygarde|Leftovers|[from] move: Knock Off|[of] p2a: Black 5
|
|upkeep
|turn|31
|
|t:|1658700848
|switch|p2a: Black 2|Hippowdon, F|78/100
|-damage|p2a: Black 2|72/100|[from] Stealth Rock
|cant|p1a: Zygarde|slp
|move|p1a: Zygarde|Sleep Talk|p1a: Zygarde
|move|p1a: Zygarde|Thousand Arrows|p2a: Black 2|[from]move: Sleep Talk
|-damage|p2a: Black 2|46/100
|
|upkeep
|turn|32
|
|t:|1658700855
|-curestatus|p1a: Zygarde|slp|[msg]
|move|p1a: Zygarde|Thousand Arrows|p2a: Black 2
|-damage|p2a: Black 2|24/100
|move|p2a: Black 2|Curse|p2a: Black 2
|-unboost|p2a: Black 2|spe|1
|-boost|p2a: Black 2|atk|1
|-boost|p2a: Black 2|def|1
|
|upkeep
|turn|33
|
|t:|1658700859
|-start|p1a: Zygarde|Dynamax|
|-heal|p1a: Zygarde|53/100|[silent]
|move|p1a: Zygarde|Max Quake|p2a: Black 2
|-damage|p2a: Black 2|2/100
|-boost|p1a: Zygarde|spd|1
|move|p2a: Black 2|Slack Off|p2a: Black 2
|-heal|p2a: Black 2|52/100
|
|upkeep
|turn|34
|
|t:|1658700871
|-end|p1a: Zygarde|Dynamax
|-heal|p1a: Zygarde|53/100|[silent]
|switch|p1a: Calyrex|Calyrex-Shadow|100/100
|-ability|p1a: Calyrex|As One
|-ability|p1a: Calyrex|Unnerve
|move|p2a: Black 2|Slack Off|p2a: Black 2
|-heal|p2a: Black 2|100/100
|
|upkeep
|turn|35
|c|☆IAmJklol|oops-
|
|t:|1658700877
|move|p1a: Calyrex|Astral Barrage|p2a: Black 2
|-damage|p2a: Black 2|17/100
|move|p2a: Black 2|Earthquake|p1a: Calyrex
|-damage|p1a: Calyrex|35/100
|
|upkeep
|turn|36
|
|t:|1658700881
|move|p1a: Calyrex|Astral Barrage|p2a: Black 2
|-damage|p2a: Black 2|0 fnt
|faint|p2a: Black 2
|-ability|p1a: Calyrex|Grim Neigh|boost
|-boost|p1a: Calyrex|spa|1
|
|upkeep
|
|t:|1658700886
|switch|p2a: Black 5|Guzzlord|88/100
|-damage|p2a: Black 5|76/100|[from] Stealth Rock
|turn|37
|
|t:|1658700893
|switch|p1a: Necrozma|Necrozma-Dusk-Mane|54/100
|move|p2a: Black 5|Knock Off|p1a: Necrozma
|-supereffective|p1a: Necrozma
|-damage|p1a: Necrozma|16/100
|-damage|p2a: Black 5|59/100|[from] item: Rocky Helmet|[of] p1a: Necrozma
|-enditem|p1a: Necrozma|Rocky Helmet|[from] move: Knock Off|[of] p2a: Black 5
|
|upkeep
|turn|38
|
|t:|1658700920
|move|p1a: Necrozma|Sunsteel Strike|p2a: Black 5
|-damage|p2a: Black 5|17/100
|move|p2a: Black 5|Knock Off|p1a: Necrozma
|-supereffective|p1a: Necrozma
|-damage|p1a: Necrozma|0 fnt
|faint|p1a: Necrozma
|-ability|p2a: Black 5|Beast Boost|boost
|-boost|p2a: Black 5|atk|1
|
|upkeep
|
|t:|1658700923
|switch|p1a: Calyrex|Calyrex-Shadow|35/100
|-ability|p1a: Calyrex|As One
|-ability|p1a: Calyrex|Unnerve
|turn|39
|
|t:|1658700925
|move|p1a: Calyrex|Draining Kiss|p2a: Black 5
|-supereffective|p2a: Black 5
|-crit|p2a: Black 5
|-damage|p2a: Black 5|0 fnt
|-heal|p1a: Calyrex|59/100|[from] drain|[of] p2a: Black 5
|faint|p2a: Black 5
|-ability|p1a: Calyrex|Grim Neigh|boost
|-boost|p1a: Calyrex|spa|1
|
|upkeep
|
|t:|1658700929
|switch|p2a: Black 6|Yveltal|100/100
|-ability|p2a: Black 6|Dark Aura
|turn|40
|
|t:|1658700932
|move|p1a: Calyrex|Draining Kiss|p2a: Black 6
|-supereffective|p2a: Black 6
|-damage|p2a: Black 6|38/100
|-heal|p1a: Calyrex|100/100|[from] drain|[of] p2a: Black 6
|move|p2a: Black 6|Snarl|p1a: Calyrex|[miss]
|-miss|p2a: Black 6|p1a: Calyrex
|
|upkeep
|turn|41
|c|☆IAmJklol|ooof
|
|t:|1658700938
|move|p1a: Calyrex|Draining Kiss|p2a: Black 6
|-supereffective|p2a: Black 6
|-damage|p2a: Black 6|0 fnt
|faint|p2a: Black 6
|-ability|p1a: Calyrex|Grim Neigh|boost
|-boost|p1a: Calyrex|spa|1
|
|upkeep
|c|☆Sub-basser|cost the game
|
|t:|1658700945
|switch|p2a: Black 3|Zekrom|72/100
|-damage|p2a: Black 3|59/100|[from] Stealth Rock
|-ability|p2a: Black 3|Teravolt
|turn|42
|c|☆IAmJklol|I have arceus water in the back
|
|t:|1658700950
|move|p1a: Calyrex|Draining Kiss|p2a: Black 3
|-supereffective|p2a: Black 3
|-damage|p2a: Black 3|0 fnt
|faint|p2a: Black 3
|
|win|IAmJklol
|n|☆IAmJklol|iamjklol
|n|☆Sub-basser|subbasser
|n| Jojos ❤|jojos
|n| mispelt|mispelt
|n| Coronet077|coronet077
|n| baddestagplayer|baddestagplayer
|n| amVengeance|amvengeance
|n| Duerky12|duerky12
