|j|☆POKEMONFANATIC79
|j|☆soda49
|t:|1653016913
|gametype|singles
|player|p1|POKEMONFANATIC79|cynthia|1572
|player|p2|soda49|1|1728
|teamsize|p1|6
|teamsize|p2|6
|gen|8
|tier|[Gen 8] National Dex AG
|rated|
|rule|HP Percentage Mod: HP is shown in percentages
|rule|Endless Battle Clause: Forcing endless battles is banned
|clearpoke
|poke|p1|Calyrex-Shadow|
|poke|p1|Diancie|
|poke|p1|Mamoswine, M|
|poke|p1|Zacian-*|
|poke|p1|Groudon|
|poke|p1|Marshadow|
|poke|p2|Charizard, F|
|poke|p2|Mimikyu, F|
|poke|p2|Smeargle, M|
|poke|p2|Calyrex-Shadow|
|poke|p2|Thundurus, M|
|poke|p2|Nihilego|
|teampreview
|inactive|Battle timer is ON: inactive players will automatically lose when time's up. (requested by POKEMONFANATIC79)
|
|t:|1653016930
|start
|switch|p1a: Diancie|Diancie|100/100
|switch|p2a: Charizard|Charizard, F|100/100
|turn|1
|
|t:|1653016934
|switch|p2a: Nihilego|Nihilego|100/100
|detailschange|p1a: Diancie|Diancie-Mega
|-mega|p1a: Diancie|Diancie|Diancite
|move|p1a: Diancie|Stealth Rock|p2a: Nihilego
|-sidestart|p2: soda49|move: Stealth Rock
|
|upkeep
|turn|2
|
|t:|1653016944
|move|p1a: Diancie|Light Screen|p1a: Diancie
|-sidestart|p1: POKEMONFANATIC79|move: Light Screen
|move|p2a: Nihilego|Power Gem|p1a: Diancie
|-damage|p1a: Diancie|79/100
|
|upkeep
|turn|3
|
|t:|1653016950
|move|p1a: Diancie|Reflect|p1a: Diancie
|-sidestart|p1: POKEMONFANATIC79|Reflect
|move|p2a: Nihilego|Power Gem|p1a: Diancie
|-damage|p1a: Diancie|57/100
|
|upkeep
|turn|4
|
|t:|1653016961
|switch|p1a: Groudon|Groudon|100/100
|detailschange|p1a: Groudon|Groudon-Primal
|-primal|p1a: Groudon
|-weather|DesolateLand|[from] ability: Desolate Land|[of] p1a: Groudon
|move|p2a: Nihilego|Rock Tomb|p1a: Groudon|[miss]
|-miss|p2a: Nihilego|p1a: Groudon
|
|-weather|DesolateLand|[upkeep]
|upkeep
|turn|5
|
|t:|1653016974
|move|p2a: Nihilego|Rock Tomb|p1a: Groudon
|-damage|p1a: Groudon|97/100
|-unboost|p1a: Groudon|spe|1
|move|p1a: Groudon|Stone Edge|p2a: Nihilego
|-damage|p2a: Nihilego|22/100
|
|-weather|DesolateLand|[upkeep]
|upkeep
|turn|6
|
|t:|1653016984
|move|p2a: Nihilego|Rock Tomb|p1a: Groudon
|-damage|p1a: Groudon|93/100
|-unboost|p1a: Groudon|spe|1
|move|p1a: Groudon|Heat Crash|p2a: Nihilego
|-resisted|p2a: Nihilego
|-damage|p2a: Nihilego|0 fnt
|faint|p2a: Nihilego
|
|-weather|DesolateLand|[upkeep]
|-sideend|p1: POKEMONFANATIC79|move: Light Screen
|upkeep
|
|t:|1653016991
|switch|p2a: Smeargle|Smeargle, M|100/100
|-damage|p2a: Smeargle|88/100|[from] Stealth Rock
|turn|7
|
|t:|1653016999
|-weather|none
|switch|p1a: Diancie|Diancie-Mega|57/100
|move|p2a: Smeargle|Substitute|p2a: Smeargle
|-start|p2a: Smeargle|Substitute
|-damage|p2a: Smeargle|63/100
|
|-heal|p2a: Smeargle|69/100|[from] item: Leftovers
|-sideend|p1: POKEMONFANATIC79|Reflect
|-ability|p2a: Smeargle|Moody|boost
|-boost|p2a: Smeargle|atk|2
|-unboost|p2a: Smeargle|spe|1
|upkeep
|turn|8
|
|t:|1653017011
|move|p1a: Diancie|Light Screen|p1a: Diancie
|-sidestart|p1: POKEMONFANATIC79|move: Light Screen
|move|p2a: Smeargle|Shell Smash|p2a: Smeargle
|-unboost|p2a: Smeargle|def|1
|-unboost|p2a: Smeargle|spd|1
|-boost|p2a: Smeargle|atk|2
|-boost|p2a: Smeargle|spa|2
|-boost|p2a: Smeargle|spe|2
|
|-heal|p2a: Smeargle|75/100|[from] item: Leftovers
|-ability|p2a: Smeargle|Moody|boost
|-boost|p2a: Smeargle|atk|2
|-unboost|p2a: Smeargle|def|1
|upkeep
|turn|9
|
|t:|1653017023
|move|p2a: Smeargle|Power Trip|p1a: Diancie
|-resisted|p1a: Diancie
|-damage|p1a: Diancie|0 fnt
|faint|p1a: Diancie
|
|-heal|p2a: Smeargle|81/100|[from] item: Leftovers
|-ability|p2a: Smeargle|Moody|boost
|-boost|p2a: Smeargle|def|2
|-unboost|p2a: Smeargle|spa|1
|upkeep
|
|t:|1653017031
|switch|p1a: Marshadow|Marshadow|100/100
|turn|10
|
|t:|1653017035
|move|p2a: Smeargle|Spore|p1a: Marshadow
|-status|p1a: Marshadow|slp|[from] move: Spore
|cant|p1a: Marshadow|slp
|
|-heal|p2a: Smeargle|87/100|[from] item: Leftovers
|-ability|p2a: Smeargle|Moody|boost
|-boost|p2a: Smeargle|spe|2
|-unboost|p2a: Smeargle|atk|1
|upkeep
|turn|11
|
|t:|1653017044
|move|p2a: Smeargle|Shell Smash|p2a: Smeargle
|-unboost|p2a: Smeargle|def|1
|-unboost|p2a: Smeargle|spd|1
|-boost|p2a: Smeargle|atk|1
|-boost|p2a: Smeargle|spa|2
|-boost|p2a: Smeargle|spe|2
|cant|p1a: Marshadow|slp
|
|-heal|p2a: Smeargle|93/100|[from] item: Leftovers
|-ability|p2a: Smeargle|Moody|boost
|-boost|p2a: Smeargle|spa|2
|-unboost|p2a: Smeargle|spe|1
|upkeep
|turn|12
|
|t:|1653017048
|move|p2a: Smeargle|Power Trip|p1a: Marshadow
|-enditem|p1a: Marshadow|Focus Sash
|-damage|p1a: Marshadow|1/100 slp
|cant|p1a: Marshadow|slp
|
|-heal|p2a: Smeargle|99/100|[from] item: Leftovers
|-sideend|p1: POKEMONFANATIC79|move: Light Screen
|-ability|p2a: Smeargle|Moody|boost
|-boost|p2a: Smeargle|def|2
|-unboost|p2a: Smeargle|atk|1
|upkeep
|turn|13
|
|t:|1653017053
|move|p2a: Smeargle|Power Trip|p1a: Marshadow
|-damage|p1a: Marshadow|0 fnt
|faint|p1a: Marshadow
|
|-heal|p2a: Smeargle|100/100|[from] item: Leftovers
|-ability|p2a: Smeargle|Moody|boost
|-boost|p2a: Smeargle|atk|1
|-unboost|p2a: Smeargle|spd|1
|upkeep
|
|t:|1653017056
|switch|p1a: Calyrex|Calyrex-Shadow|100/100
|-ability|p1a: Calyrex|As One
|-ability|p1a: Calyrex|Unnerve
|turn|14
|
|t:|1653017059
|move|p2a: Smeargle|Spore|p1a: Calyrex
|-status|p1a: Calyrex|slp|[from] move: Spore
|cant|p1a: Calyrex|slp
|
|-ability|p2a: Smeargle|Moody|boost
|-boost|p2a: Smeargle|spd|2
|-unboost|p2a: Smeargle|atk|1
|upkeep
|turn|15
|
|t:|1653017080
|move|p2a: Smeargle|Power Trip|p1a: Calyrex
|-supereffective|p1a: Calyrex
|-enditem|p1a: Calyrex|Focus Sash
|-damage|p1a: Calyrex|1/100 slp
|cant|p1a: Calyrex|slp
|
|-ability|p2a: Smeargle|Moody|boost
|-boost|p2a: Smeargle|def|2
|-unboost|p2a: Smeargle|spe|1
|upkeep
|turn|16
|
|t:|1653017085
|move|p2a: Smeargle|Power Trip|p1a: Calyrex
|-supereffective|p1a: Calyrex
|-damage|p1a: Calyrex|0 fnt
|faint|p1a: Calyrex
|
|-ability|p2a: Smeargle|Moody|boost
|-boost|p2a: Smeargle|atk|1
|-unboost|p2a: Smeargle|spd|1
|upkeep
|
|t:|1653017089
|switch|p1a: Zacian|Zacian-Crowned|100/100
|-ability|p1a: Zacian|Intrepid Sword|boost
|-boost|p1a: Zacian|atk|1
|turn|17
|
|t:|1653017103
|move|p2a: Smeargle|Spore|p1a: Zacian
|-status|p1a: Zacian|slp|[from] move: Spore
|cant|p1a: Zacian|slp
|
|-ability|p2a: Smeargle|Moody|boost
|-boost|p2a: Smeargle|def|2
|-unboost|p2a: Smeargle|spa|1
|upkeep
|turn|18
|
|t:|1653017106
|move|p2a: Smeargle|Power Trip|p1a: Zacian
|-resisted|p1a: Zacian
|-damage|p1a: Zacian|6/100 slp
|cant|p1a: Zacian|slp
|
|-ability|p2a: Smeargle|Moody|boost
|-boost|p2a: Smeargle|spd|2
|-unboost|p2a: Smeargle|def|1
|upkeep
|turn|19
|
|t:|1653017114
|move|p2a: Smeargle|Power Trip|p1a: Zacian
|-resisted|p1a: Zacian
|-damage|p1a: Zacian|0 fnt
|faint|p1a: Zacian
|
|-ability|p2a: Smeargle|Moody|boost
|-boost|p2a: Smeargle|spe|2
|-unboost|p2a: Smeargle|atk|1
|upkeep
|
|t:|1653017116
|switch|p1a: Groudon|Groudon-Primal|93/100
|-weather|DesolateLand|[from] ability: Desolate Land|[of] p1a: Groudon
|turn|20
|
|t:|1653017122
|move|p2a: Smeargle|Spore|p1a: Groudon
|-status|p1a: Groudon|slp|[from] move: Spore
|cant|p1a: Groudon|slp
|
|-weather|DesolateLand|[upkeep]
|-ability|p2a: Smeargle|Moody|boost
|-boost|p2a: Smeargle|atk|1
|-unboost|p2a: Smeargle|spd|1
|upkeep
|turn|21
|c|☆POKEMONFANATIC79|istg these fuckig sleep turns
|
|t:|1653017129
|move|p2a: Smeargle|Power Trip|p1a: Groudon
|-damage|p1a: Groudon|0 fnt
|faint|p1a: Groudon
|-weather|none
|
|-ability|p2a: Smeargle|Moody|boost
|-boost|p2a: Smeargle|def|2
|-unboost|p2a: Smeargle|spe|1
|upkeep
|
|t:|1653017131
|switch|p1a: Mamoswine|Mamoswine, M|100/100
|turn|22
|-message|POKEMONFANATIC79 forfeited.
|
|win|soda49
|raw|POKEMONFANATIC79's rating: 1572 &rarr; <strong>1560</strong><br />(-12 for losing)
|raw|soda49's rating: 1728 &rarr; <strong>1740</strong><br />(+12 for winning)
|l|☆POKEMONFANATIC79
