|j|☆rowletroost
|j|☆ThyKingCharles
|t:|1624676559
|gametype|singles
|player|p1|rowletroost|misty-gen1rb|1722
|player|p2|ThyKingCharles|zinnia|1613
|teamsize|p1|6
|teamsize|p2|6
|gen|8
|tier|[Gen 8] National Dex AG
|rated|
|rule|HP Percentage Mod: HP is shown in percentages
|rule|Endless Battle Clause: Forcing endless battles is banned
|clearpoke
|poke|p1|Arceus-*|
|poke|p1|Xerneas-*|
|poke|p1|Kyogre|
|poke|p1|Marshadow|
|poke|p1|Ribombee, F|
|poke|p1|Vivillon-Savanna, M|
|poke|p2|Rayquaza|
|poke|p2|Arceus-*|
|poke|p2|Yveltal|
|poke|p2|Zacian-*|
|poke|p2|Necrozma-Dusk-Mane|
|poke|p2|Marshadow|
|teampreview
|inactive|Battle timer is ON: inactive players will automatically lose when time's up. (requested by rowletroost)
|
|t:|1624676573
|start
|switch|p1a: Ribombee|Ribombee, F, shiny|100/100
|switch|p2a: Arceus|Arceus|100/100
|turn|1
|
|t:|1624676575
|move|p2a: Arceus|Extreme Speed|p1a: Ribombee
|-damage|p1a: Ribombee|11/100
|move|p1a: Ribombee|Sticky Web|p2a: Arceus
|-sidestart|p2: ThyKingCharles|move: Sticky Web
|
|upkeep
|turn|2
|
|t:|1624676579
|switch|p1a: Marshadow|Marshadow|100/100
|move|p2a: Arceus|Extreme Speed|p1a: Marshadow
|-immune|p1a: Marshadow
|
|upkeep
|turn|3
|
|t:|1624676582
|move|p1a: Marshadow|Close Combat|p2a: Arceus
|-supereffective|p2a: Arceus
|-enditem|p2a: Arceus|Chople Berry|[eat]
|-enditem|p2a: Arceus|Chople Berry|[weaken]
|-damage|p2a: Arceus|58/100
|-unboost|p1a: Marshadow|def|1
|-unboost|p1a: Marshadow|spd|1
|move|p2a: Arceus|Shadow Claw|p1a: Marshadow
|-supereffective|p1a: Marshadow
|-damage|p1a: Marshadow|5/100
|
|upkeep
|turn|4
|
|t:|1624676585
|move|p1a: Marshadow|Close Combat|p2a: Arceus
|-supereffective|p2a: Arceus
|-damage|p2a: Arceus|0 fnt
|-unboost|p1a: Marshadow|def|1
|-unboost|p1a: Marshadow|spd|1
|faint|p2a: Arceus
|
|upkeep
|
|t:|1624676587
|switch|p2a: Yveltal|Yveltal|100/100
|-ability|p2a: Yveltal|Dark Aura
|turn|5
|
|t:|1624676590
|move|p1a: Marshadow|Rock Tomb|p2a: Yveltal
|-supereffective|p2a: Yveltal
|-damage|p2a: Yveltal|50/100
|-unboost|p2a: Yveltal|spe|1
|move|p2a: Yveltal|Defog|p1a: Marshadow
|-unboost|p1a: Marshadow|evasion|1
|-sideend|p2: ThyKingCharles|Sticky Web|[from] move: Defog|[of] p2a: Yveltal
|
|upkeep
|turn|6
|
|t:|1624676594
|move|p2a: Yveltal|Sucker Punch|p1a: Marshadow
|-damage|p1a: Marshadow|0 fnt
|faint|p1a: Marshadow
|
|upkeep
|
|t:|1624676596
|switch|p1a: Ribombee|Ribombee, F, shiny|11/100
|turn|7
|
|t:|1624676598
|move|p1a: Ribombee|Sticky Web|p2a: Yveltal
|-sidestart|p2: ThyKingCharles|move: Sticky Web
|move|p2a: Yveltal|Oblivion Wing|p1a: Ribombee
|-supereffective|p1a: Ribombee
|-damage|p1a: Ribombee|0 fnt
|-heal|p2a: Yveltal|55/100|[from] drain|[of] p1a: Ribombee
|faint|p1a: Ribombee
|
|upkeep
|
|t:|1624676607
|switch|p1a: Vivillon|Vivillon-Savanna, M|100/100
|turn|8
|
|t:|1624676611
|move|p1a: Vivillon|Sleep Powder|p2a: Yveltal
|-status|p2a: Yveltal|slp|[from] move: Sleep Powder
|cant|p2a: Yveltal|slp
|
|upkeep
|turn|9
|
|t:|1624676613
|move|p1a: Vivillon|Substitute|p1a: Vivillon
|-start|p1a: Vivillon|Substitute
|-damage|p1a: Vivillon|76/100
|-curestatus|p2a: Yveltal|slp|[msg]
|move|p2a: Yveltal|Oblivion Wing|p1a: Vivillon
|-supereffective|p1a: Vivillon
|-end|p1a: Vivillon|Substitute
|-heal|p2a: Yveltal|69/100|[from] drain|[of] p1a: Vivillon
|
|-heal|p1a: Vivillon|82/100|[from] item: Leftovers
|upkeep
|turn|10
|
|t:|1624676618
|move|p1a: Vivillon|Sleep Powder|p2a: Yveltal
|-status|p2a: Yveltal|slp|[from] move: Sleep Powder
|cant|p2a: Yveltal|slp
|
|-heal|p1a: Vivillon|88/100|[from] item: Leftovers
|upkeep
|turn|11
|
|t:|1624676620
|move|p1a: Vivillon|Substitute|p1a: Vivillon
|-start|p1a: Vivillon|Substitute
|-damage|p1a: Vivillon|63/100
|cant|p2a: Yveltal|slp
|
|-heal|p1a: Vivillon|69/100|[from] item: Leftovers
|upkeep
|turn|12
|
|t:|1624676623
|move|p1a: Vivillon|Quiver Dance|p1a: Vivillon
|-boost|p1a: Vivillon|spa|1
|-boost|p1a: Vivillon|spd|1
|-boost|p1a: Vivillon|spe|1
|cant|p2a: Yveltal|slp
|
|-heal|p1a: Vivillon|75/100|[from] item: Leftovers
|upkeep
|turn|13
|
|t:|1624676628
|move|p1a: Vivillon|Quiver Dance|p1a: Vivillon
|-boost|p1a: Vivillon|spa|1
|-boost|p1a: Vivillon|spd|1
|-boost|p1a: Vivillon|spe|1
|-curestatus|p2a: Yveltal|slp|[msg]
|move|p2a: Yveltal|Oblivion Wing|p1a: Vivillon
|-supereffective|p1a: Vivillon
|-end|p1a: Vivillon|Substitute
|-heal|p2a: Yveltal|84/100|[from] drain|[of] p1a: Vivillon
|
|-heal|p1a: Vivillon|81/100|[from] item: Leftovers
|upkeep
|turn|14
|
|t:|1624676632
|move|p1a: Vivillon|Sleep Powder|p2a: Yveltal
|-status|p2a: Yveltal|slp|[from] move: Sleep Powder
|cant|p2a: Yveltal|slp
|
|-heal|p1a: Vivillon|87/100|[from] item: Leftovers
|upkeep
|turn|15
|
|t:|1624676634
|move|p1a: Vivillon|Substitute|p1a: Vivillon
|-start|p1a: Vivillon|Substitute
|-damage|p1a: Vivillon|62/100
|-curestatus|p2a: Yveltal|slp|[msg]
|move|p2a: Yveltal|Defog|p1a: Vivillon
|-sideend|p2: ThyKingCharles|Sticky Web|[from] move: Defog|[of] p2a: Yveltal
|
|-heal|p1a: Vivillon|68/100|[from] item: Leftovers
|upkeep
|turn|16
|
|t:|1624676637
|move|p1a: Vivillon|Sleep Powder|p2a: Yveltal
|-status|p2a: Yveltal|slp|[from] move: Sleep Powder
|cant|p2a: Yveltal|slp
|
|-heal|p1a: Vivillon|74/100|[from] item: Leftovers
|upkeep
|turn|17
|
|t:|1624676639
|move|p1a: Vivillon|Hurricane|p2a: Yveltal|[miss]
|-miss|p1a: Vivillon|p2a: Yveltal
|cant|p2a: Yveltal|slp
|
|-heal|p1a: Vivillon|80/100|[from] item: Leftovers
|upkeep
|turn|18
|
|t:|1624676642
|move|p1a: Vivillon|Hurricane|p2a: Yveltal
|-damage|p2a: Yveltal|0 fnt
|faint|p2a: Yveltal
|
|-heal|p1a: Vivillon|86/100|[from] item: Leftovers
|upkeep
|
|t:|1624676648
|switch|p2a: Rayquaza|Rayquaza|100/100
|-ability|p2a: Rayquaza|Air Lock
|turn|19
|
|t:|1624676650
|detailschange|p2a: Rayquaza|Rayquaza-Mega
|-mega|p2a: Rayquaza|Rayquaza|
|-weather|DeltaStream|[from] ability: Delta Stream|[of] p2a: Rayquaza
|move|p2a: Rayquaza|Extreme Speed|p1a: Vivillon
|-crit|p1a: Vivillon
|-end|p1a: Vivillon|Substitute
|-damage|p2a: Rayquaza|91/100|[from] item: Life Orb
|move|p1a: Vivillon|Sleep Powder|p2a: Rayquaza
|-status|p2a: Rayquaza|slp|[from] move: Sleep Powder
|
|-weather|DeltaStream|[upkeep]
|-heal|p1a: Vivillon|92/100|[from] item: Leftovers
|upkeep
|turn|20
|
|t:|1624676652
|cant|p2a: Rayquaza|slp
|move|p1a: Vivillon|Substitute|p1a: Vivillon
|-start|p1a: Vivillon|Substitute
|-damage|p1a: Vivillon|67/100
|
|-weather|DeltaStream|[upkeep]
|-heal|p1a: Vivillon|73/100|[from] item: Leftovers
|upkeep
|turn|21
|
|t:|1624676655
|cant|p2a: Rayquaza|slp
|move|p1a: Vivillon|Hurricane|p2a: Rayquaza
|-damage|p2a: Rayquaza|8/100 slp
|-start|p2a: Rayquaza|confusion
|
|-weather|DeltaStream|[upkeep]
|-heal|p1a: Vivillon|79/100|[from] item: Leftovers
|upkeep
|turn|22
|
|t:|1624676660
|-curestatus|p2a: Rayquaza|slp|[msg]
|-activate|p2a: Rayquaza|confusion
|move|p2a: Rayquaza|Extreme Speed|p1a: Vivillon
|-end|p1a: Vivillon|Substitute
|-damage|p2a: Rayquaza|0 fnt|[from] item: Life Orb
|faint|p2a: Rayquaza
|-weather|none
|move|p1a: Vivillon|Sleep Powder|p2: Rayquaza|[notarget]
|-fail|p1a: Vivillon
|
|-heal|p1a: Vivillon|85/100|[from] item: Leftovers
|upkeep
|
|t:|1624676663
|switch|p2a: Marshadow|Marshadow|100/100
|turn|23
|
|t:|1624676667
|move|p1a: Vivillon|Sleep Powder|p2a: Marshadow
|-status|p2a: Marshadow|slp|[from] move: Sleep Powder
|cant|p2a: Marshadow|slp
|
|-heal|p1a: Vivillon|91/100|[from] item: Leftovers
|upkeep
|turn|24
|
|t:|1624676670
|move|p1a: Vivillon|Hurricane|p2a: Marshadow
|-supereffective|p2a: Marshadow
|-enditem|p2a: Marshadow|Focus Sash
|-damage|p2a: Marshadow|1/100 slp
|-start|p2a: Marshadow|confusion
|-curestatus|p2a: Marshadow|slp|[msg]
|-activate|p2a: Marshadow|confusion
|-damage|p2a: Marshadow|0 fnt|[from] confusion
|faint|p2a: Marshadow
|
|-heal|p1a: Vivillon|97/100|[from] item: Leftovers
|upkeep
|
|t:|1624676676
|switch|p2a: Zacian|Zacian-Crowned|100/100
|-ability|p2a: Zacian|Intrepid Sword|boost
|-boost|p2a: Zacian|atk|1
|turn|25
|
|t:|1624676678
|move|p1a: Vivillon|Sleep Powder|p2a: Zacian
|-status|p2a: Zacian|slp|[from] move: Sleep Powder
|cant|p2a: Zacian|slp
|
|-heal|p1a: Vivillon|100/100|[from] item: Leftovers
|upkeep
|turn|26
|
|t:|1624676679
|move|p1a: Vivillon|Substitute|p1a: Vivillon
|-start|p1a: Vivillon|Substitute
|-damage|p1a: Vivillon|76/100
|-curestatus|p2a: Zacian|slp|[msg]
|move|p2a: Zacian|Behemoth Blade|p1a: Vivillon
|-end|p1a: Vivillon|Substitute
|
|-heal|p1a: Vivillon|82/100|[from] item: Leftovers
|upkeep
|turn|27
|
|t:|1624676682
|move|p1a: Vivillon|Sleep Powder|p2a: Zacian
|-status|p2a: Zacian|slp|[from] move: Sleep Powder
|cant|p2a: Zacian|slp
|
|-heal|p1a: Vivillon|88/100|[from] item: Leftovers
|upkeep
|turn|28
|
|t:|1624676685
|move|p1a: Vivillon|Substitute|p1a: Vivillon
|-start|p1a: Vivillon|Substitute
|-damage|p1a: Vivillon|63/100
|cant|p2a: Zacian|slp
|
|-heal|p1a: Vivillon|69/100|[from] item: Leftovers
|upkeep
|turn|29
|
|t:|1624676687
|move|p1a: Vivillon|Hurricane|p2a: Zacian
|-resisted|p2a: Zacian
|-damage|p2a: Zacian|58/100 slp
|-start|p2a: Zacian|confusion
|cant|p2a: Zacian|slp
|
|-heal|p1a: Vivillon|75/100|[from] item: Leftovers
|upkeep
|turn|30
|
|t:|1624676690
|move|p1a: Vivillon|Hurricane|p2a: Zacian
|-resisted|p2a: Zacian
|-damage|p2a: Zacian|16/100 slp
|-curestatus|p2a: Zacian|slp|[msg]
|-activate|p2a: Zacian|confusion
|-damage|p2a: Zacian|0 fnt|[from] confusion
|faint|p2a: Zacian
|
|-heal|p1a: Vivillon|81/100|[from] item: Leftovers
|upkeep
|
|t:|1624676693
|switch|p2a: Necrozma|Necrozma-Dusk-Mane|100/100
|turn|31
|
|t:|1624676695
|move|p1a: Vivillon|Sleep Powder|p2a: Necrozma
|-status|p2a: Necrozma|slp|[from] move: Sleep Powder
|cant|p2a: Necrozma|slp
|
|-heal|p1a: Vivillon|87/100|[from] item: Leftovers
|upkeep
|turn|32
|
|t:|1624676697
|move|p1a: Vivillon|Quiver Dance|p1a: Vivillon
|-boost|p1a: Vivillon|spa|1
|-boost|p1a: Vivillon|spd|1
|-boost|p1a: Vivillon|spe|1
|-curestatus|p2a: Necrozma|slp|[msg]
|move|p2a: Necrozma|Dragon Dance|p2a: Necrozma
|-boost|p2a: Necrozma|atk|1
|-boost|p2a: Necrozma|spe|1
|
|-heal|p1a: Vivillon|93/100|[from] item: Leftovers
|upkeep
|turn|33
|
|t:|1624676700
|move|p1a: Vivillon|Hurricane|p2a: Necrozma
|-resisted|p2a: Necrozma
|-damage|p2a: Necrozma|51/100
|move|p2a: Necrozma|Sunsteel Strike|p1a: Vivillon
|-end|p1a: Vivillon|Substitute
|
|-heal|p1a: Vivillon|99/100|[from] item: Leftovers
|upkeep
|turn|34
|
|t:|1624676705
|detailschange|p2a: Necrozma|Necrozma-Ultra
|-burst|p2a: Necrozma|Necrozma|Ultranecrozium Z
|move|p1a: Vivillon|Sleep Powder|p2a: Necrozma
|-status|p2a: Necrozma|slp|[from] move: Sleep Powder
|cant|p2a: Necrozma|slp
|
|-heal|p1a: Vivillon|100/100|[from] item: Leftovers
|upkeep
|turn|35
|
|t:|1624676709
|-start|p1a: Vivillon|Dynamax
|-heal|p1a: Vivillon|100/100|[silent]
|move|p1a: Vivillon|Max Airstream|p2a: Necrozma
|-damage|p2a: Necrozma|0 fnt
|-boost|p1a: Vivillon|spe|1
|faint|p2a: Necrozma
|
|win|rowletroost
|raw|rowletroost's rating: 1722 &rarr; <strong>1736</strong><br />(+14 for winning)
|raw|ThyKingCharles's rating: 1613 &rarr; <strong>1599</strong><br />(-14 for losing)
|l|☆ThyKingCharles
