|j|☆TheBestPlayerfrfr
|j|☆MiguelRRM
|t:|1666749603
|gametype|singles
|player|p1|TheBestPlayerfrfr|170|
|player|p2|MiguelRRM|lucas|
|teamsize|p1|6
|teamsize|p2|6
|gen|8
|tier|[Gen 8] National Dex AG
|rule|HP Percentage Mod: HP is shown in percentages
|rule|Endless Battle Clause: Forcing endless battles is banned
|clearpoke
|poke|p1|Calyrex-Shadow|
|poke|p1|Lugia|
|poke|p1|Ditto|
|poke|p1|Yveltal|
|poke|p1|Regieleki|
|poke|p1|Groudon|
|poke|p2|Arceus-*|
|poke|p2|Arceus-*|
|poke|p2|Arceus-*|
|poke|p2|Arceus-*|
|poke|p2|Arceus-*|
|poke|p2|Arceus-*|
|teampreview
|inactive|Battle timer is ON: inactive players will automatically lose when time's up. (requested by TheBestPlayerfrfr)
|c|☆TheBestPlayerfrfr|UH?
|c|☆TheBestPlayerfrfr|wooo
|
|t:|1666749632
|start
|switch|p1a: Yveltal|Yveltal, shiny|100/100
|switch|p2a: Arceus|Arceus-Ground|100/100
|-ability|p1a: Yveltal|Dark Aura
|turn|1
|inactiveoff|Battle timer is now OFF.
|
|t:|1666749670
|-start|p1a: Yveltal|Dynamax|
|-heal|p1a: Yveltal|100/100|[silent]
|move|p2a: Arceus|Stealth Rock|p1a: Yveltal
|-sidestart|p1: TheBestPlayerfrfr|move: Stealth Rock
|move|p1a: Yveltal|Max Airstream|p2a: Arceus
|-crit|p2a: Arceus
|-damage|p2a: Arceus|44/100
|-boost|p1a: Yveltal|spe|1
|
|upkeep
|turn|2
|
|t:|1666749679
|move|p1a: Yveltal|Max Airstream|p2a: Arceus
|-damage|p2a: Arceus|7/100
|-boost|p1a: Yveltal|spe|1
|move|p2a: Arceus|Judgment|p1a: Yveltal
|-immune|p1a: Yveltal
|
|upkeep
|turn|3
|
|t:|1666749687
|move|p1a: Yveltal|Max Airstream|p2a: Arceus
|-damage|p2a: Arceus|0 fnt
|-boost|p1a: Yveltal|spe|1
|faint|p2a: Arceus
|
|upkeep
|c|☆TheBestPlayerfrfr|yeeee
|
|t:|1666749746
|switch|p2a: Arceus|Arceus-Fairy|100/100
|-end|p1a: Yveltal|Dynamax
|-heal|p1a: Yveltal|100/100|[silent]
|turn|4
|
|t:|1666749764
|move|p1a: Yveltal|Acrobatics|p2a: Arceus
|-damage|p2a: Arceus|62/100
|move|p2a: Arceus|Calm Mind|p2a: Arceus
|-boost|p2a: Arceus|spa|1
|-boost|p2a: Arceus|spd|1
|
|upkeep
|turn|5
|
|t:|1666749776
|move|p1a: Yveltal|Acrobatics|p2a: Arceus
|-damage|p2a: Arceus|25/100
|move|p2a: Arceus|Recover|p2a: Arceus
|-heal|p2a: Arceus|75/100
|
|upkeep
|turn|6
|
|t:|1666749783
|move|p1a: Yveltal|Acrobatics|p2a: Arceus
|-damage|p2a: Arceus|36/100
|move|p2a: Arceus|Recover|p2a: Arceus
|-heal|p2a: Arceus|86/100
|
|upkeep
|turn|7
|
|t:|1666749790
|move|p1a: Yveltal|Taunt|p2a: Arceus
|-start|p2a: Arceus|move: Taunt
|cant|p2a: Arceus|move: Taunt|Calm Mind
|
|upkeep
|turn|8
|c|☆TheBestPlayerfrfr|forogt it had taunt
|c|☆TheBestPlayerfrfr|should done sooner :(
|
|t:|1666749829
|move|p1a: Yveltal|Acrobatics|p2a: Arceus
|-damage|p2a: Arceus|48/100
|move|p2a: Arceus|Judgment|p1a: Yveltal
|-supereffective|p1a: Yveltal
|-damage|p1a: Yveltal|0 fnt
|faint|p1a: Yveltal
|
|upkeep
|
|t:|1666749844
|switch|p1a: Regieleki|Regieleki, shiny|100/100
|turn|9
|
|t:|1666749890
|move|p1a: Regieleki|Rapid Spin|p2a: Arceus
|-damage|p2a: Arceus|40/100
|-boost|p1a: Regieleki|spe|1
|-sideend|p1: TheBestPlayerfrfr|Stealth Rock|[from] move: Rapid Spin|[of] p1a: Regieleki
|move|p2a: Arceus|Judgment|p1a: Regieleki
|-damage|p1a: Regieleki|0 fnt
|faint|p1a: Regieleki
|
|-end|p2a: Arceus|move: Taunt
|upkeep
|
|t:|1666749906
|switch|p1a: Calyrex|Calyrex-Shadow|100/100
|-ability|p1a: Calyrex|As One
|-ability|p1a: Calyrex|Unnerve
|turn|10
|
|t:|1666749977
|move|p1a: Calyrex|Expanding Force|p2a: Arceus
|-damage|p2a: Arceus|16/100
|move|p2a: Arceus|Recover|p2a: Arceus
|-heal|p2a: Arceus|66/100
|
|upkeep
|turn|11
|
|t:|1666749983
|move|p1a: Calyrex|Astral Barrage|p2a: Arceus
|-damage|p2a: Arceus|34/100
|move|p2a: Arceus|Recover|p2a: Arceus
|-heal|p2a: Arceus|84/100
|
|upkeep
|turn|12
|
|t:|1666749990
|move|p1a: Calyrex|Astral Barrage|p2a: Arceus
|-damage|p2a: Arceus|52/100
|move|p2a: Arceus|Calm Mind|p2a: Arceus
|-boost|p2a: Arceus|spa|1
|-boost|p2a: Arceus|spd|1
|
|upkeep
|turn|13
|c|☆TheBestPlayerfrfr|i use to use arceus fairy a LOT
|
|t:|1666750106
|switch|p1a: Lugia|Lugia, shiny|100/100
|move|p2a: Arceus|Recover|p2a: Arceus
|-heal|p2a: Arceus|100/100
|
|upkeep
|turn|14
|
|t:|1666750113
|-start|p2a: Arceus|Dynamax|
|-heal|p2a: Arceus|100/100|[silent]
|move|p2a: Arceus|Max Starfall|p1a: Lugia
|-damage|p1a: Lugia|67/100
|-fieldstart|move: Misty Terrain
|-enditem|p1a: Lugia|Red Card|[of] p2a: Arceus
|-block|p2a: Arceus|Dynamax
|move|p1a: Lugia|Recover|p1a: Lugia
|-heal|p1a: Lugia|100/100
|
|upkeep
|turn|15
|
|t:|1666750119
|move|p2a: Arceus|Max Starfall|p1a: Lugia
|-damage|p1a: Lugia|64/100
|move|p1a: Lugia|Recover|p1a: Lugia
|-heal|p1a: Lugia|100/100
|
|upkeep
|turn|16
|
|t:|1666750134
|move|p2a: Arceus|Max Starfall|p1a: Lugia
|-damage|p1a: Lugia|63/100
|move|p1a: Lugia|Recover|p1a: Lugia
|-heal|p1a: Lugia|100/100
|
|upkeep
|-end|p2a: Arceus|Dynamax
|-heal|p2a: Arceus|100/100|[silent]
|turn|17
|
|t:|1666750145
|move|p2a: Arceus|Calm Mind|p2a: Arceus
|-boost|p2a: Arceus|spa|1
|-boost|p2a: Arceus|spd|1
|move|p1a: Lugia|Toxic|p2a: Arceus
|-activate|p2a: Arceus|move: Misty Terrain
|
|upkeep
|turn|18
|
|t:|1666750151
|move|p2a: Arceus|Calm Mind|p2a: Arceus
|-boost|p2a: Arceus|spa|1
|-boost|p2a: Arceus|spd|1
|move|p1a: Lugia|Whirlwind|p2a: Arceus
|drag|p2a: Arceus|Arceus-Dark|100/100
|
|-fieldend|Misty Terrain
|upkeep
|turn|19
|
|t:|1666750161
|switch|p1a: Sinsemilla|Ditto, shiny|100/100
|-transform|p1a: Sinsemilla|p2a: Arceus|[from] ability: Imposter
|move|p2a: Arceus|Judgment|p1a: Sinsemilla
|-resisted|p1a: Sinsemilla
|-damage|p1a: Sinsemilla|83/100
|
|upkeep
|turn|20
|
|t:|1666750176
|move|p1a: Sinsemilla|Perish Song|p1a: Sinsemilla
|-start|p1a: Sinsemilla|perish3|[silent]
|-start|p2a: Arceus|perish3|[silent]
|-fieldactivate|move: Perish Song
|move|p2a: Arceus|Whirlpool|p1a: Sinsemilla
|-damage|p1a: Sinsemilla|76/100
|-activate|p1a: Sinsemilla|move: Whirlpool|[of] p2a: Arceus
|
|-damage|p1a: Sinsemilla|64/100|[from] move: Whirlpool|[partiallytrapped]
|-start|p1a: Sinsemilla|perish3
|-start|p2a: Arceus|perish3
|upkeep
|turn|21
|
|t:|1666750185
|move|p1a: Sinsemilla|Perish Song||[still]
|-fail|p1a: Sinsemilla
|move|p2a: Arceus|Judgment|p1a: Sinsemilla
|-resisted|p1a: Sinsemilla
|-damage|p1a: Sinsemilla|47/100
|
|-damage|p1a: Sinsemilla|35/100|[from] move: Whirlpool|[partiallytrapped]
|-start|p1a: Sinsemilla|perish2
|-start|p2a: Arceus|perish2
|upkeep
|turn|22
|
|t:|1666750195
|move|p1a: Sinsemilla|Perish Song||[still]
|-fail|p1a: Sinsemilla
|move|p2a: Arceus|Judgment|p1a: Sinsemilla
|-resisted|p1a: Sinsemilla
|-damage|p1a: Sinsemilla|17/100
|
|-damage|p1a: Sinsemilla|5/100|[from] move: Whirlpool|[partiallytrapped]
|-start|p1a: Sinsemilla|perish1
|-start|p2a: Arceus|perish1
|upkeep
|turn|23
|
|t:|1666750213
|switch|p2a: Arceus|Arceus-Water|100/100
|move|p1a: Sinsemilla|Perish Song|p1a: Sinsemilla
|-start|p2a: Arceus|perish3|[silent]
|-fieldactivate|move: Perish Song
|
|-end|p1a: Sinsemilla|Whirlpool|[partiallytrapped]|[silent]
|-start|p1a: Sinsemilla|perish0
|-start|p2a: Arceus|perish3
|faint|p1a: Sinsemilla
|upkeep
|
|t:|1666750222
|switch|p1a: Groudon|Groudon, shiny|100/100
|detailschange|p1a: Groudon|Groudon-Primal, shiny
|-primal|p1a: Groudon
|-weather|DesolateLand|[from] ability: Desolate Land|[of] p1a: Groudon
|turn|24
|
|t:|1666750228
|move|p1a: Groudon|Rock Polish|p1a: Groudon
|-boost|p1a: Groudon|spe|2
|move|p2a: Arceus|Toxic|p1a: Groudon
|-status|p1a: Groudon|tox
|
|-weather|DesolateLand|[upkeep]
|-damage|p1a: Groudon|94/100 tox|[from] psn
|-start|p2a: Arceus|perish2
|upkeep
|turn|25
|
|t:|1666750237
|switch|p2a: Arceus|Arceus-Dark|100/100
|move|p1a: Groudon|Earthquake|p2a: Arceus
|-damage|p2a: Arceus|55/100
|
|-weather|DesolateLand|[upkeep]
|-damage|p1a: Groudon|82/100 tox|[from] psn
|upkeep
|turn|26
|
|t:|1666750244
|switch|p2a: Arceus|Arceus-Water|100/100
|move|p1a: Groudon|Earthquake|p2a: Arceus
|-damage|p2a: Arceus|65/100
|
|-weather|DesolateLand|[upkeep]
|-damage|p1a: Groudon|64/100 tox|[from] psn
|upkeep
|turn|27
|
|t:|1666750250
|move|p1a: Groudon|Earthquake|p2a: Arceus
|-damage|p2a: Arceus|31/100
|move|p2a: Arceus|Recover|p2a: Arceus
|-heal|p2a: Arceus|81/100
|
|-weather|DesolateLand|[upkeep]
|-damage|p1a: Groudon|39/100 tox|[from] psn
|upkeep
|turn|28
|
|t:|1666750257
|move|p1a: Groudon|Earthquake|p2a: Arceus
|-damage|p2a: Arceus|48/100
|move|p2a: Arceus|Recover|p2a: Arceus
|-heal|p2a: Arceus|98/100
|
|-weather|DesolateLand|[upkeep]
|-damage|p1a: Groudon|8/100 tox|[from] psn
|upkeep
|turn|29
|
|t:|1666750264
|move|p1a: Groudon|Earthquake|p2a: Arceus
|-damage|p2a: Arceus|60/100
|move|p2a: Arceus|Recover|p2a: Arceus
|-heal|p2a: Arceus|100/100
|
|-weather|DesolateLand|[upkeep]
|-damage|p1a: Groudon|0 fnt|[from] psn
|faint|p1a: Groudon
|-weather|none
|upkeep
|
|t:|1666750273
|switch|p1a: Lugia|Lugia, shiny|100/100
|turn|30
|
|t:|1666750276
|move|p1a: Lugia|Substitute|p1a: Lugia
|-start|p1a: Lugia|Substitute
|-damage|p1a: Lugia|76/100
|move|p2a: Arceus|Toxic||[still]
|-fail|p2a: Arceus
|
|upkeep
|turn|31
|
|t:|1666750283
|switch|p2a: Arceus|Arceus-Fairy|100/100
|move|p1a: Lugia|Toxic|p2a: Arceus
|-status|p2a: Arceus|tox
|
|-damage|p2a: Arceus|94/100 tox|[from] psn
|upkeep
|turn|32
|
|t:|1666750291
|move|p2a: Arceus|Refresh|p2a: Arceus
|-curestatus|p2a: Arceus|tox|[msg]
|move|p1a: Lugia|Whirlwind|p2a: Arceus
|drag|p2a: Arceus|Arceus|100/100
|
|upkeep
|turn|33
|
|t:|1666750297
|switch|p2a: Arceus|Arceus-Fairy|94/100
|move|p1a: Lugia|Toxic|p2a: Arceus
|-status|p2a: Arceus|tox
|
|-damage|p2a: Arceus|88/100 tox|[from] psn
|upkeep
|turn|34
|
|t:|1666750304
|move|p2a: Arceus|Refresh|p2a: Arceus
|-curestatus|p2a: Arceus|tox|[msg]
|move|p1a: Lugia|Recover|p1a: Lugia
|-heal|p1a: Lugia|100/100
|
|upkeep
|turn|35
|
|t:|1666750315
|switch|p2a: Arceus|Arceus-Steel|100/100
|move|p1a: Lugia|Whirlwind|p2a: Arceus
|drag|p2a: Arceus|Arceus-Water|100/100
|
|upkeep
|turn|36
|
|t:|1666750321
|move|p2a: Arceus|Toxic||[still]
|-fail|p2a: Arceus
|move|p1a: Lugia|Whirlwind|p2a: Arceus
|drag|p2a: Arceus|Arceus-Steel|100/100
|
|upkeep
|turn|37
|
|t:|1666750328
|switch|p2a: Arceus|Arceus-Fairy|88/100
|move|p1a: Lugia|Toxic|p2a: Arceus|[miss]
|-miss|p1a: Lugia|p2a: Arceus
|
|upkeep
|turn|38
|
|t:|1666750334
|switch|p2a: Arceus|Arceus-Steel|100/100
|move|p1a: Lugia|Whirlwind|p2a: Arceus
|drag|p2a: Arceus|Arceus-Water|100/100
|
|upkeep
|turn|39
|
|t:|1666750339
|switch|p2a: Arceus|Arceus-Fairy|88/100
|move|p1a: Lugia|Toxic|p2a: Arceus
|-status|p2a: Arceus|tox
|
|-damage|p2a: Arceus|82/100 tox|[from] psn
|upkeep
|turn|40
|
|t:|1666750346
|move|p2a: Arceus|Refresh|p2a: Arceus
|-curestatus|p2a: Arceus|tox|[msg]
|move|p1a: Lugia|Whirlwind|p2a: Arceus
|drag|p2a: Arceus|Arceus|100/100
|
|upkeep
|turn|41
|
|t:|1666750352
|switch|p2a: Arceus|Arceus-Steel|100/100
|move|p1a: Lugia|Toxic|p2a: Arceus
|-immune|p2a: Arceus
|
|upkeep
|turn|42
|
|t:|1666750358
|move|p2a: Arceus|Iron Tail|p1a: Lugia
|-activate|p1a: Lugia|move: Substitute|[damage]
|move|p1a: Lugia|Whirlwind|p2a: Arceus
|drag|p2a: Arceus|Arceus|100/100
|
|upkeep
|turn|43
|
|t:|1666750364
|switch|p2a: Arceus|Arceus-Steel|100/100
|move|p1a: Lugia|Toxic|p2a: Arceus
|-immune|p2a: Arceus
|
|upkeep
|turn|44
|
|t:|1666750369
|move|p2a: Arceus|Iron Tail|p1a: Lugia
|-end|p1a: Lugia|Substitute
|move|p1a: Lugia|Whirlwind|p2a: Arceus
|drag|p2a: Arceus|Arceus-Dark|55/100
|
|upkeep
|turn|45
|
|t:|1666750378
|switch|p1a: Calyrex|Calyrex-Shadow|100/100
|-ability|p1a: Calyrex|As One
|-ability|p1a: Calyrex|Unnerve
|switch|p2a: Arceus|Arceus-Fairy|82/100
|
|upkeep
|turn|46
|
|t:|1666750389
|move|p1a: Calyrex|Astral Barrage|p2a: Arceus
|-damage|p2a: Arceus|35/100
|move|p2a: Arceus|Calm Mind|p2a: Arceus
|-boost|p2a: Arceus|spa|1
|-boost|p2a: Arceus|spd|1
|
|upkeep
|turn|47
|
|t:|1666750396
|move|p1a: Calyrex|Astral Barrage|p2a: Arceus
|-damage|p2a: Arceus|0 fnt
|faint|p2a: Arceus
|-ability|p1a: Calyrex|Grim Neigh|boost
|-boost|p1a: Calyrex|spa|1
|
|upkeep
|
|t:|1666750399
|switch|p2a: Arceus|Arceus-Dark|55/100
|turn|48
|
|t:|1666750404
|move|p1a: Calyrex|Pollen Puff|p2a: Arceus
|-supereffective|p2a: Arceus
|-damage|p2a: Arceus|0 fnt
|faint|p2a: Arceus
|-ability|p1a: Calyrex|Grim Neigh|boost
|-boost|p1a: Calyrex|spa|1
|
|upkeep
|
|t:|1666750410
|switch|p2a: Arceus|Arceus|100/100
|turn|49
|
|t:|1666750418
|move|p1a: Calyrex|Pollen Puff|p2a: Arceus
|-damage|p2a: Arceus|45/100
|move|p2a: Arceus|Shadow Claw|p1a: Calyrex
|-supereffective|p1a: Calyrex
|-enditem|p1a: Calyrex|Focus Sash
|-damage|p1a: Calyrex|1/100
|-damage|p2a: Arceus|35/100|[from] item: Life Orb
|
|upkeep
|turn|50
|
|t:|1666750426
|move|p1a: Calyrex|Pollen Puff|p2a: Arceus
|-damage|p2a: Arceus|0 fnt
|faint|p2a: Arceus
|-ability|p1a: Calyrex|Grim Neigh|boost
|-boost|p1a: Calyrex|spa|1
|
|upkeep
|
|t:|1666750431
|switch|p2a: Arceus|Arceus-Steel|100/100
|turn|51
|
|t:|1666750473
|move|p1a: Calyrex|Astral Barrage|p2a: Arceus
|-damage|p2a: Arceus|0 fnt
|faint|p2a: Arceus
|-ability|p1a: Calyrex|Grim Neigh|boost
|-boost|p1a: Calyrex|spa|1
|
|upkeep
|
|t:|1666750479
|switch|p2a: Arceus|Arceus-Water|100/100
|turn|52
|
|t:|1666750495
|move|p1a: Calyrex|Astral Barrage|p2a: Arceus
|-damage|p2a: Arceus|0 fnt
|faint|p2a: Arceus
|
|win|TheBestPlayerfrfr
|c|☆TheBestPlayerfrfr|gg
|c|☆TheBestPlayerfrfr|that pollen puff
|c|☆TheBestPlayerfrfr|always always put pollen puff on calyrex
|c|☆MiguelRRM|nop
|c|☆TheBestPlayerfrfr|it is supereffective against dark calyrexes main counter
|c|☆MiguelRRM|is better Draining Kiss
|c|☆MiguelRRM|for Yveltal
|c|☆TheBestPlayerfrfr|lol no way
|c|☆TheBestPlayerfrfr|pollen puff does more damage
|c|☆MiguelRRM|Yveltal is Fly
|c|☆TheBestPlayerfrfr|and yveltal is one pokemon
|c|☆TheBestPlayerfrfr|i take out yveltal by other means
|c|☆MiguelRRM|in Ranking TOP 10, is FUll Yveltal
|c|☆TheBestPlayerfrfr|yveltal still dies to pollen puff boosted because its neutral
|c|☆MiguelRRM|I was 2100 points in ranking
|c|☆MiguelRRM|i know
|c|☆TheBestPlayerfrfr|really
|c|☆TheBestPlayerfrfr|thats crazy man
|c|☆TheBestPlayerfrfr|i gotta try 6 yveltals
|c|☆TheBestPlayerfrfr|wanna play a random?
|c|☆TheBestPlayerfrfr|i had 2000 plus teams
|c|☆TheBestPlayerfrfr|i was playing basically all of the gamemodes
|c|☆TheBestPlayerfrfr|i was ranking top 200
|c|☆TheBestPlayerfrfr|in most
|c|☆TheBestPlayerfrfr|and then my computer got hacked. i lost all my teams
|c|☆TheBestPlayerfrfr|and now i started playing like 3 days ago
|c|☆TheBestPlayerfrfr|maybe 5 days ago
