|j|☆yosoyamigo
|j|☆Abbcheese
|t:|1667777452
|gametype|singles
|player|p1|yosoyamigo|wattson|1478
|player|p2|Abbcheese|janitor|1698
|teamsize|p1|6
|teamsize|p2|6
|gen|8
|tier|[Gen 8] National Dex AG
|rated|
|rule|HP Percentage Mod: HP is shown in percentages
|rule|Endless Battle Clause: Forcing endless battles is banned
|clearpoke
|poke|p1|Galvantula, F|
|poke|p1|Zacian-*|
|poke|p1|Deoxys-Speed|
|poke|p1|Calyrex-Shadow|
|poke|p1|Marshadow|
|poke|p1|Darkrai|
|poke|p2|Deoxys-Speed|
|poke|p2|Rayquaza|
|poke|p2|Yveltal|
|poke|p2|Necrozma-Dusk-Mane|
|poke|p2|Arceus-*|
|poke|p2|Ditto|
|teampreview
|
|t:|1667777458
|start
|switch|p1a: Deoxys|Deoxys-Speed|100/100
|switch|p2a: Deoxys|Deoxys-Speed|100/100
|-ability|p2a: Deoxys|Pressure
|-ability|p1a: Deoxys|Pressure
|turn|1
|inactive|Battle timer is ON: inactive players will automatically lose when time's up. (requested by Abbcheese)
|
|t:|1667777463
|move|p2a: Deoxys|Magic Coat|p2a: Deoxys
|-singleturn|p2a: Deoxys|move: Magic Coat
|move|p1a: Deoxys|Magic Coat|p1a: Deoxys
|-singleturn|p1a: Deoxys|move: Magic Coat
|
|upkeep
|turn|2
|
|t:|1667777469
|move|p1a: Deoxys|Magic Coat|p1a: Deoxys
|-singleturn|p1a: Deoxys|move: Magic Coat
|move|p2a: Deoxys|Magic Coat|p2a: Deoxys
|-singleturn|p2a: Deoxys|move: Magic Coat
|
|upkeep
|turn|3
|
|t:|1667777473
|move|p2a: Deoxys|Magic Coat|p2a: Deoxys
|-singleturn|p2a: Deoxys|move: Magic Coat
|move|p1a: Deoxys|Extreme Speed|p2a: Deoxys
|-damage|p2a: Deoxys|78/100
|
|upkeep
|turn|4
|
|t:|1667777477
|move|p1a: Deoxys|Magic Coat|p1a: Deoxys
|-singleturn|p1a: Deoxys|move: Magic Coat
|move|p2a: Deoxys|Magic Coat|p2a: Deoxys
|-singleturn|p2a: Deoxys|move: Magic Coat
|
|upkeep
|turn|5
|
|t:|1667777482
|move|p2a: Deoxys|Magic Coat|p2a: Deoxys
|-singleturn|p2a: Deoxys|move: Magic Coat
|move|p1a: Deoxys|Extreme Speed|p2a: Deoxys
|-damage|p2a: Deoxys|56/100
|
|upkeep
|turn|6
|
|t:|1667777486
|move|p2a: Deoxys|Magic Coat|p2a: Deoxys
|-singleturn|p2a: Deoxys|move: Magic Coat
|move|p1a: Deoxys|Magic Coat|p1a: Deoxys
|-singleturn|p1a: Deoxys|move: Magic Coat
|
|upkeep
|turn|7
|
|t:|1667777488
|move|p1a: Deoxys|Magic Coat|p1a: Deoxys
|-singleturn|p1a: Deoxys|move: Magic Coat
|move|p2a: Deoxys|Taunt|p1a: Deoxys
|move|p1a: Deoxys|Taunt|p2a: Deoxys|[from]Magic Coat
|-start|p2a: Deoxys|move: Taunt
|
|upkeep
|turn|8
|
|t:|1667777499
|switch|p2a: Yveltal|Yveltal|100/100
|-ability|p2a: Yveltal|Dark Aura
|move|p1a: Deoxys|Stealth Rock|p2a: Yveltal
|-sidestart|p2: Abbcheese|move: Stealth Rock
|
|upkeep
|turn|9
|
|t:|1667777508
|-start|p2a: Yveltal|Dynamax|
|-heal|p2a: Yveltal|100/100|[silent]
|move|p1a: Deoxys|Taunt|p2a: Yveltal
|-start|p2a: Yveltal|move: Taunt
|move|p2a: Yveltal|Max Rockfall|p1a: Deoxys
|-damage|p1a: Deoxys|37/100
|-weather|Sandstorm
|-damage|p2a: Yveltal|96/100|[from] item: Life Orb
|
|-weather|Sandstorm|[upkeep]
|-damage|p1a: Deoxys|32/100|[from] Sandstorm
|-damage|p2a: Yveltal|93/100|[from] Sandstorm
|upkeep
|turn|10
|
|t:|1667777516
|move|p1a: Deoxys|Extreme Speed|p2a: Yveltal
|-damage|p2a: Yveltal|84/100
|move|p2a: Yveltal|Max Airstream|p1a: Deoxys
|-damage|p1a: Deoxys|0 fnt
|-boost|p2a: Yveltal|spe|1
|faint|p1a: Deoxys
|-damage|p2a: Yveltal|79/100|[from] item: Life Orb
|
|-weather|Sandstorm|[upkeep]
|-damage|p2a: Yveltal|76/100|[from] Sandstorm
|upkeep
|
|t:|1667777519
|switch|p1a: Wof wof|Zacian-Crowned, shiny|100/100
|-ability|p1a: Wof wof|Intrepid Sword|boost
|-boost|p1a: Wof wof|atk|1
|turn|11
|
|t:|1667777521
|move|p2a: Yveltal|Max Flare|p1a: Wof wof
|-supereffective|p1a: Wof wof
|-damage|p1a: Wof wof|0 fnt
|-weather|SunnyDay
|faint|p1a: Wof wof
|-damage|p2a: Yveltal|71/100|[from] item: Life Orb
|
|-weather|SunnyDay|[upkeep]
|-end|p2a: Yveltal|move: Taunt
|upkeep
|
|t:|1667777525
|switch|p1a: Galvantula|Galvantula, F|100/100
|-end|p2a: Yveltal|Dynamax
|-heal|p2a: Yveltal|71/100|[silent]
|turn|12
|
|t:|1667777529
|move|p2a: Yveltal|Heat Wave|p1a: Galvantula
|-supereffective|p1a: Galvantula
|-enditem|p1a: Galvantula|Focus Sash
|-damage|p1a: Galvantula|1/100
|-damage|p2a: Yveltal|61/100|[from] item: Life Orb
|move|p1a: Galvantula|Thunder Wave|p2a: Yveltal
|-status|p2a: Yveltal|par
|
|-weather|SunnyDay|[upkeep]
|upkeep
|turn|13
|
|t:|1667777536
|move|p1a: Galvantula|Sticky Web|p2a: Yveltal
|-sidestart|p2: Abbcheese|move: Sticky Web
|move|p2a: Yveltal|Oblivion Wing|p1a: Galvantula
|-damage|p1a: Galvantula|0 fnt
|-heal|p2a: Yveltal|61/100 par|[from] drain|[of] p1a: Galvantula
|faint|p1a: Galvantula
|-damage|p2a: Yveltal|52/100 par|[from] item: Life Orb
|
|-weather|SunnyDay|[upkeep]
|upkeep
|
|t:|1667777541
|switch|p1a: Calyrex|Calyrex-Shadow|100/100
|-ability|p1a: Calyrex|As One
|-ability|p1a: Calyrex|Unnerve
|turn|14
|
|t:|1667777550
|-start|p1a: Calyrex|Dynamax|
|-heal|p1a: Calyrex|100/100|[silent]
|move|p1a: Calyrex|Max Starfall|p2a: Yveltal
|-supereffective|p2a: Yveltal
|-damage|p2a: Yveltal|0 fnt
|-fieldstart|move: Misty Terrain
|faint|p2a: Yveltal
|-ability|p1a: Calyrex|Grim Neigh|boost
|-boost|p1a: Calyrex|spa|1
|
|-weather|SunnyDay|[upkeep]
|upkeep
|
|t:|1667777556
|switch|p2a: Deoxys|Deoxys-Speed|56/100
|-damage|p2a: Deoxys|44/100|[from] Stealth Rock
|-activate|p2a: Deoxys|move: Sticky Web
|-unboost|p2a: Deoxys|spe|1
|-ability|p2a: Deoxys|Pressure
|turn|15
|
|t:|1667777563
|move|p1a: Calyrex|Max Phantasm|p2a: Deoxys
|-supereffective|p2a: Deoxys
|-damage|p2a: Deoxys|0 fnt
|faint|p2a: Deoxys
|-ability|p1a: Calyrex|Grim Neigh|boost
|-boost|p1a: Calyrex|spa|1
|
|-weather|none
|upkeep
|
|t:|1667777565
|switch|p2a: Ditto|Ditto|100/100
|-damage|p2a: Ditto|88/100|[from] Stealth Rock
|-activate|p2a: Ditto|move: Sticky Web
|-unboost|p2a: Ditto|spe|1
|-transform|p2a: Ditto|p1a: Calyrex|[from] ability: Imposter
|turn|16
|
|t:|1667777568
|move|p2a: Ditto|Astral Barrage|p1a: Calyrex
|-supereffective|p1a: Calyrex
|-enditem|p1a: Calyrex|Focus Sash
|-damage|p1a: Calyrex|1/100
|move|p1a: Calyrex|Max Phantasm|p2a: Ditto
|-supereffective|p2a: Ditto
|-damage|p2a: Ditto|0 fnt
|faint|p2a: Ditto
|-ability|p1a: Calyrex|Grim Neigh|boost
|-boost|p1a: Calyrex|spa|1
|
|upkeep
|
|t:|1667777572
|switch|p2a: Arceus|Arceus-Ground|100/100
|-damage|p2a: Arceus|94/100|[from] Stealth Rock
|-activate|p2a: Arceus|move: Sticky Web
|-unboost|p2a: Arceus|spe|1
|-end|p1a: Calyrex|Dynamax
|-heal|p1a: Calyrex|1/100|[silent]
|turn|17
|
|t:|1667777578
|move|p1a: Calyrex|Astral Barrage|p2a: Arceus
|-damage|p2a: Arceus|0 fnt
|faint|p2a: Arceus
|-ability|p1a: Calyrex|Grim Neigh|boost
|-boost|p1a: Calyrex|spa|1
|
|upkeep
|
|t:|1667777580
|switch|p2a: Rayquaza|Rayquaza|100/100
|-damage|p2a: Rayquaza|76/100|[from] Stealth Rock
|-ability|p2a: Rayquaza|Air Lock
|turn|18
|
|t:|1667777583
|detailschange|p2a: Rayquaza|Rayquaza-Mega
|-mega|p2a: Rayquaza|Rayquaza|
|-weather|DeltaStream|[from] ability: Delta Stream|[of] p2a: Rayquaza
|move|p1a: Calyrex|Astral Barrage|p2a: Rayquaza
|-damage|p2a: Rayquaza|0 fnt
|faint|p2a: Rayquaza
|-weather|none
|-ability|p1a: Calyrex|Grim Neigh|boost
|-boost|p1a: Calyrex|spa|1
|
|-fieldend|Misty Terrain
|upkeep
|
|t:|1667777585
|switch|p2a: Necrozma|Necrozma-Dusk-Mane|100/100
|-damage|p2a: Necrozma|95/100|[from] Stealth Rock
|-activate|p2a: Necrozma|move: Sticky Web
|-unboost|p2a: Necrozma|spe|1
|turn|19
|
|t:|1667777588
|move|p1a: Calyrex|Astral Barrage|p2a: Necrozma
|-supereffective|p2a: Necrozma
|-damage|p2a: Necrozma|0 fnt
|faint|p2a: Necrozma
|
|win|yosoyamigo
|raw|yosoyamigo's rating: 1478 &rarr; <strong>1509</strong><br />(+31 for winning)
|raw|Abbcheese's rating: 1698 &rarr; <strong>1667</strong><br />(-31 for losing)
|l|☆Abbcheese
