|j|☆CLEAR GEM清瑜
|j|☆NOAH MK2
|t:|1628846116
|gametype|singles
|player|p1|CLEAR GEM清瑜|skierf|1709
|player|p2|NOAH MK2|102|1817
|teamsize|p1|6
|teamsize|p2|6
|gen|8
|tier|[Gen 8] National Dex AG
|rated|
|rule|HP Percentage Mod: HP is shown in percentages
|rule|Endless Battle Clause: Forcing endless battles is banned
|clearpoke
|poke|p1|Groudon|
|poke|p1|Calyrex-Shadow|
|poke|p1|Arceus-*|
|poke|p1|Yveltal|
|poke|p1|Necrozma-Dusk-Mane|
|poke|p1|Zacian-*|
|poke|p2|Klefki, M|
|poke|p2|Ditto|
|poke|p2|Groudon|
|poke|p2|Shaymin-Sky|
|poke|p2|Calyrex-Ice|
|poke|p2|Rayquaza|
|teampreview
|inactive|Battle timer is ON: inactive players will automatically lose when time's up. (requested by CLEAR GEM清瑜)
|
|t:|1628846123
|start
|switch|p1a: 不会(?)|Groudon|100/100
|switch|p2a: Klefki|Klefki, M|100/100
|detailschange|p1a: 不会(?)|Groudon-Primal
|-primal|p1a: 不会(?)
|-weather|DesolateLand|[from] ability: Desolate Land|[of] p1a: 不会(?)
|turn|1
|
|t:|1628846127
|move|p2a: Klefki|Reflect|p2a: Klefki
|-sidestart|p2: NOAH MK2|Reflect
|move|p1a: 不会(?)|Stealth Rock|p2a: Klefki
|-sidestart|p2: NOAH MK2|move: Stealth Rock
|
|-weather|DesolateLand|[upkeep]
|upkeep
|turn|2
|
|t:|1628846133
|move|p2a: Klefki|Light Screen|p2a: Klefki
|-sidestart|p2: NOAH MK2|move: Light Screen
|move|p1a: 不会(?)|Heat Crash|p2a: Klefki
|-supereffective|p2a: Klefki
|-damage|p2a: Klefki|0 fnt
|faint|p2a: Klefki
|
|-weather|DesolateLand|[upkeep]
|upkeep
|
|t:|1628846145
|switch|p2a: Groudon|Groudon|100/100
|-damage|p2a: Groudon|94/100|[from] Stealth Rock
|detailschange|p2a: Groudon|Groudon-Primal
|-primal|p2a: Groudon
|turn|3
|
|t:|1628846151
|move|p1a: 不会(?)|Precipice Blades|p2a: Groudon
|-supereffective|p2a: Groudon
|-damage|p2a: Groudon|55/100
|move|p2a: Groudon|Stealth Rock|p1a: 不会(?)
|-sidestart|p1: CLEAR GEM清瑜|move: Stealth Rock
|
|-weather|DesolateLand|[upkeep]
|upkeep
|turn|4
|
|t:|1628846158
|move|p1a: 不会(?)|Precipice Blades|p2a: Groudon
|-supereffective|p2a: Groudon
|-damage|p2a: Groudon|15/100
|move|p2a: Groudon|Precipice Blades|p1a: 不会(?)
|-supereffective|p1a: 不会(?)
|-damage|p1a: 不会(?)|24/100
|
|-weather|DesolateLand|[upkeep]
|upkeep
|turn|5
|
|t:|1628846166
|move|p2a: Groudon|Fire Punch|p1a: 不会(?)
|-resisted|p1a: 不会(?)
|-damage|p1a: 不会(?)|6/100
|move|p1a: 不会(?)|Precipice Blades|p2a: Groudon
|-supereffective|p2a: Groudon
|-damage|p2a: Groudon|0 fnt
|faint|p2a: Groudon
|
|-weather|DesolateLand|[upkeep]
|upkeep
|
|t:|1628846189
|switch|p2a: Rayquaza|Rayquaza|100/100
|-damage|p2a: Rayquaza|76/100|[from] Stealth Rock
|-ability|p2a: Rayquaza|Air Lock
|turn|6
|
|t:|1628846192
|detailschange|p2a: Rayquaza|Rayquaza-Mega
|-mega|p2a: Rayquaza|Rayquaza|
|-weather|DeltaStream|[from] ability: Delta Stream|[of] p2a: Rayquaza
|move|p2a: Rayquaza|Dragon Dance|p2a: Rayquaza
|-boost|p2a: Rayquaza|atk|1
|-boost|p2a: Rayquaza|spe|1
|move|p1a: 不会(?)|Roar|p2a: Rayquaza
|-weather|none
|drag|p2a: Shaymin|Shaymin-Sky|100/100
|-damage|p2a: Shaymin|76/100|[from] Stealth Rock
|
|-heal|p2a: Shaymin|82/100|[from] item: Leftovers
|upkeep
|turn|7
|
|t:|1628846201
|move|p2a: Shaymin|Air Slash|p1a: 不会(?)
|-damage|p1a: 不会(?)|0 fnt
|faint|p1a: 不会(?)
|
|-heal|p2a: Shaymin|88/100|[from] item: Leftovers
|upkeep
|
|t:|1628846213
|switch|p1a: Y鸟|Yveltal|100/100
|-damage|p1a: Y鸟|76/100|[from] Stealth Rock
|-ability|p1a: Y鸟|Dark Aura
|turn|8
|
|t:|1628846218
|-start|p1a: Y鸟|Dynamax
|-heal|p1a: Y鸟|76/100|[silent]
|move|p2a: Shaymin|Air Slash|p1a: Y鸟|[miss]
|-miss|p2a: Shaymin|p1a: Y鸟
|move|p1a: Y鸟|Max Airstream|p2a: Shaymin
|-supereffective|p2a: Shaymin
|-damage|p2a: Shaymin|0 fnt
|-boost|p1a: Y鸟|spe|1
|faint|p2a: Shaymin
|
|-sideend|p2: NOAH MK2|Reflect
|upkeep
|
|t:|1628846225
|switch|p2a: Calyrex|Calyrex-Ice|100/100
|-ability|p2a: Calyrex|As One
|-ability|p2a: Calyrex|Unnerve
|-damage|p2a: Calyrex|76/100|[from] Stealth Rock
|turn|9
|
|t:|1628846230
|move|p1a: Y鸟|Max Darkness|p2a: Calyrex
|-supereffective|p2a: Calyrex
|-damage|p2a: Calyrex|9/100
|-unboost|p2a: Calyrex|spd|1
|-enditem|p2a: Calyrex|Weakness Policy
|-boost|p2a: Calyrex|atk|2|[from] item: Weakness Policy
|-boost|p2a: Calyrex|spa|2|[from] item: Weakness Policy
|move|p2a: Calyrex|Trick Room|p2a: Calyrex
|-fieldstart|move: Trick Room|[of] p2a: Calyrex
|
|-sideend|p2: NOAH MK2|move: Light Screen
|upkeep
|turn|10
|
|t:|1628846240
|move|p2a: Calyrex|Glacial Lance|p1a: Y鸟
|-supereffective|p1a: Y鸟
|-damage|p1a: Y鸟|0 fnt
|faint|p1a: Y鸟
|-ability|p2a: Calyrex|Chilling Neigh|boost
|-boost|p2a: Calyrex|atk|1
|
|upkeep
|
|t:|1628846243
|switch|p1a: 剑狗|Zacian-Crowned|100/100
|-damage|p1a: 剑狗|94/100|[from] Stealth Rock
|-ability|p1a: 剑狗|Intrepid Sword|boost
|-boost|p1a: 剑狗|atk|1
|turn|11
|
|t:|1628846249
|move|p1a: 剑狗|Quick Attack|p2a: Calyrex
|-damage|p2a: Calyrex|0 fnt
|faint|p2a: Calyrex
|
|upkeep
|
|t:|1628846255
|switch|p2a: Rayquaza|Rayquaza-Mega|76/100
|-damage|p2a: Rayquaza|51/100|[from] Stealth Rock
|-weather|DeltaStream|[from] ability: Delta Stream|[of] p2a: Rayquaza
|turn|12
|
|t:|1628846259
|move|p2a: Rayquaza|Earthquake|p1a: 剑狗
|-supereffective|p1a: 剑狗
|-damage|p1a: 剑狗|0 fnt
|faint|p1a: 剑狗
|-damage|p2a: Rayquaza|41/100|[from] item: Life Orb
|
|-weather|DeltaStream|[upkeep]
|upkeep
|inactive|CLEAR GEM清瑜 has 120 seconds left.
|
|t:|1628846291
|switch|p1a: 光辉大神|Necrozma-Dusk-Mane|100/100
|-damage|p1a: 光辉大神|94/100|[from] Stealth Rock
|turn|13
|
|t:|1628846314
|move|p1a: 光辉大神|Photon Geyser|p2a: Rayquaza
|-damage|p2a: Rayquaza|0 fnt
|faint|p2a: Rayquaza
|-weather|none
|
|-fieldend|move: Trick Room
|upkeep
|
|t:|1628846318
|switch|p2a: Ditto|Ditto|100/100
|-damage|p2a: Ditto|88/100|[from] Stealth Rock
|-transform|p2a: Ditto|p1a: 光辉大神|[from] ability: Imposter
|turn|14
|
|t:|1628846330
|detailschange|p1a: 光辉大神|Necrozma-Ultra
|-burst|p1a: 光辉大神|Necrozma|Ultranecrozium Z
|-start|p2a: Ditto|Dynamax
|-heal|p2a: Ditto|88/100|[silent]
|move|p1a: 光辉大神|Earthquake|p2a: Ditto
|-supereffective|p2a: Ditto
|-damage|p2a: Ditto|51/100
|move|p2a: Ditto|Max Quake|p1a: 光辉大神
|-damage|p1a: 光辉大神|44/100
|-boost|p2a: Ditto|spd|1
|
|upkeep
|turn|15
|
|t:|1628846342
|move|p1a: 光辉大神|Earthquake|p2a: Ditto
|-supereffective|p2a: Ditto
|-damage|p2a: Ditto|10/100
|move|p2a: Ditto|Max Quake|p1a: 光辉大神
|-damage|p1a: 光辉大神|0 fnt
|-boost|p2a: Ditto|spd|1
|faint|p1a: 光辉大神
|
|upkeep
|
|t:|1628846344
|switch|p1a: 大头菜|Calyrex-Shadow|100/100
|-ability|p1a: 大头菜|As One
|-ability|p1a: 大头菜|Unnerve
|-damage|p1a: 大头菜|88/100|[from] Stealth Rock
|turn|16
|
|t:|1628846347
|move|p1a: 大头菜|Astral Barrage|p2a: Ditto
|-supereffective|p2a: Ditto
|-crit|p2a: Ditto
|-damage|p2a: Ditto|0 fnt
|faint|p2a: Ditto
|
|win|CLEAR GEM清瑜
|raw|CLEAR GEM清瑜's rating: 1709 &rarr; <strong>1735</strong><br />(+26 for winning)
|raw|NOAH MK2's rating: 1817 &rarr; <strong>1791</strong><br />(-26 for losing)
|l|☆NOAH MK2
