|j|☆Buck X
|j|☆HisuianVoltorbCute
|t:|1661435661
|gametype|singles
|player|p1|Buck X|lance-masters|
|player|p2|HisuianVoltorbCute|cilan|
|teamsize|p1|6
|teamsize|p2|6
|gen|8
|tier|[Gen 8] National Dex AG
|rule|HP Percentage Mod: HP is shown in percentages
|rule|Endless Battle Clause: Forcing endless battles is banned
|clearpoke
|poke|p1|Ho-Oh|
|poke|p1|Weavile, M|
|poke|p1|Dialga|
|poke|p1|Garchomp, F|
|poke|p1|Ferrothorn, F|
|poke|p1|Rotom-Wash|
|poke|p2|Gardevoir, F|
|poke|p2|Sylveon, M|
|poke|p2|Togekiss, F|
|poke|p2|Dialga|
|poke|p2|Tapu Fini|
|poke|p2|Excadrill, M|
|teampreview
|inactive|Battle timer is ON: inactive players will automatically lose when time's up. (requested by HisuianVoltorbCute)
|inactive|Buck X also wants the timer to be on.
|c|☆HisuianVoltorbCute|ghjk
|
|t:|1661435677
|start
|switch|p1a: Rotom|Rotom-Wash|100/100
|switch|p2a: Rawr UwU|Dialga|100/100
|-ability|p2a: Rawr UwU|Pressure
|turn|1
|c|☆Buck X|Hf
|c|☆Buck X|F
|c|☆Buck X|dialga
|j| Glaliegoesboom ❤
|
|t:|1661435702
|switch|p2a: No Simping|Gardevoir, F|100/100
|-ability|p2a: No Simping|Levitate|[from] ability: Trace|[of] p1a: Rotom
|move|p1a: Rotom|Trick||[still]
|-fail|p1a: Rotom
|
|upkeep
|turn|2
|c|☆Buck X|Im dumb
|c|☆Buck X|i forgot scarf
|
|t:|1661435725
|detailschange|p2a: No Simping|Gardevoir-Mega, F
|-mega|p2a: No Simping|Gardevoir|Gardevoirite
|move|p2a: No Simping|Grass Knot|p1a: Rotom
|-supereffective|p1a: Rotom
|-damage|p1a: Rotom|85/100
|move|p1a: Rotom|Volt Switch|p2a: No Simping
|-damage|p2a: No Simping|75/100
|c|☆HisuianVoltorbCute|i forgot rotom is light
|
|t:|1661435736
|switch|p1a: Ferrothorn|Ferrothorn, F|100/100|[from]move: Volt Switch
|
|upkeep
|turn|3
|c|☆HisuianVoltorbCute|i thought i out another grass type move
|c|☆Buck X|Hyper voice is enough tbh
|
|t:|1661435762
|move|p2a: No Simping|Mystical Fire|p1a: Ferrothorn
|-supereffective|p1a: Ferrothorn
|-enditem|p1a: Ferrothorn|Occa Berry|[eat]
|-enditem|p1a: Ferrothorn|Occa Berry|[weaken]
|-damage|p1a: Ferrothorn|55/100
|-unboost|p1a: Ferrothorn|spa|1
|move|p1a: Ferrothorn|Stealth Rock|p2a: No Simping
|-sidestart|p2: HisuianVoltorbCute|move: Stealth Rock
|
|upkeep
|turn|4
|
|t:|1661435773
|switch|p1a: Rotom|Rotom-Wash|85/100
|move|p2a: No Simping|Mystical Fire|p1a: Rotom
|-resisted|p1a: Rotom
|-damage|p1a: Rotom|72/100
|-unboost|p1a: Rotom|spa|1
|
|-heal|p1a: Rotom|78/100|[from] item: Leftovers
|upkeep
|turn|5
|c|☆HisuianVoltorbCute|i put coverage :)
|
|t:|1661435783
|move|p2a: No Simping|Hyper Voice|p1a: Rotom
|-damage|p1a: Rotom|25/100
|move|p1a: Rotom|Volt Switch|p2a: No Simping
|-damage|p2a: No Simping|59/100
|
|t:|1661435788
|switch|p1a: Dialga|Dialga|100/100|[from]move: Volt Switch
|-ability|p1a: Dialga|Pressure
|
|upkeep
|turn|6
|
|t:|1661435801
|switch|p2a: Rawr UwU|Dialga|100/100
|-damage|p2a: Rawr UwU|94/100|[from] Stealth Rock
|-ability|p2a: Rawr UwU|Pressure
|move|p1a: Dialga|Flash Cannon|p2a: Rawr UwU
|-resisted|p2a: Rawr UwU
|-damage|p2a: Rawr UwU|79/100
|
|upkeep
|turn|7
|
|t:|1661435811
|move|p1a: Dialga|Earth Power|p2a: Rawr UwU
|-supereffective|p2a: Rawr UwU
|-damage|p2a: Rawr UwU|38/100
|move|p2a: Rawr UwU|Earth Power|p1a: Dialga
|-supereffective|p1a: Dialga
|-damage|p1a: Dialga|59/100
|
|upkeep
|turn|8
|
|t:|1661435826
|switch|p1a: Ho-Oh|Ho-Oh|100/100
|switch|p2a: Hallelujah|Togekiss, F|100/100
|-damage|p2a: Hallelujah|76/100|[from] Stealth Rock
|
|upkeep
|turn|9
|
|t:|1661435836
|move|p2a: Hallelujah|Hidden Power|p1a: Ho-Oh
|-supereffective|p1a: Ho-Oh
|-damage|p1a: Ho-Oh|55/100
|move|p1a: Ho-Oh|Brave Bird|p2a: Hallelujah
|-damage|p2a: Hallelujah|2/100
|-damage|p1a: Ho-Oh|37/100|[from] Recoil
|
|upkeep
|turn|10
|
|t:|1661435846
|switch|p1a: Garchomp|Garchomp, F|100/100
|move|p2a: Hallelujah|Hidden Power|p1a: Garchomp
|-resisted|p1a: Garchomp
|-damage|p1a: Garchomp|90/100
|
|upkeep
|turn|11
|c| Glaliegoesboom ❤|Learn to predict
|
|t:|1661435860
|move|p1a: Garchomp|Iron Head|p2a: Hallelujah
|-supereffective|p2a: Hallelujah
|-damage|p2a: Hallelujah|0 fnt
|faint|p2a: Hallelujah
|
|upkeep
|c|☆Buck X|Fr
|
|t:|1661435868
|switch|p2a: No Simping|Gardevoir-Mega, F|59/100
|-damage|p2a: No Simping|47/100|[from] Stealth Rock
|turn|12
|
|t:|1661435874
|move|p1a: Garchomp|Iron Head|p2a: No Simping
|-supereffective|p2a: No Simping
|-damage|p2a: No Simping|0 fnt
|faint|p2a: No Simping
|
|upkeep
|c|☆HisuianVoltorbCute|oh yeah i forgot
|
|t:|1661435880
|switch|p2a: Da Alola Anime|Tapu Fini, shiny|100/100
|-damage|p2a: Da Alola Anime|88/100|[from] Stealth Rock
|-fieldstart|move: Misty Terrain|[from] ability: Misty Surge|[of] p2a: Da Alola Anime
|-item|p2a: Da Alola Anime|Air Balloon
|turn|13
|c|☆HisuianVoltorbCute|meant you
|
|t:|1661435891
|detailschange|p1a: Garchomp|Garchomp-Mega, F
|-mega|p1a: Garchomp|Garchomp|Garchompite
|move|p1a: Garchomp|Iron Head|p2a: Da Alola Anime
|-damage|p2a: Da Alola Anime|66/100
|-enditem|p2a: Da Alola Anime|Air Balloon
|move|p2a: Da Alola Anime|Nature's Madness|p1a: Garchomp
|-damage|p1a: Garchomp|45/100
|
|upkeep
|turn|14
|j| Champlego
|
|t:|1661435902
|move|p1a: Garchomp|Earthquake|p2a: Da Alola Anime
|-damage|p2a: Da Alola Anime|26/100
|move|p2a: Da Alola Anime|Moonblast|p1a: Garchomp
|-supereffective|p1a: Garchomp
|-damage|p1a: Garchomp|0 fnt
|faint|p1a: Garchomp
|
|upkeep
|
|t:|1661435909
|switch|p1a: Dialga|Dialga|59/100
|-ability|p1a: Dialga|Pressure
|turn|15
|c|☆Buck X|Gg btw
|
|t:|1661435916
|switch|p2a: Rawr UwU|Dialga|38/100
|-damage|p2a: Rawr UwU|32/100|[from] Stealth Rock
|-ability|p2a: Rawr UwU|Pressure
|move|p1a: Dialga|Thunderbolt|p2a: Rawr UwU
|-resisted|p2a: Rawr UwU
|-damage|p2a: Rawr UwU|21/100
|
|upkeep
|turn|16
|
|t:|1661435932
|move|p2a: Rawr UwU|Earth Power|p1a: Dialga
|-supereffective|p1a: Dialga
|-damage|p1a: Dialga|19/100
|move|p1a: Dialga|Earth Power|p2a: Rawr UwU
|-supereffective|p2a: Rawr UwU
|-damage|p2a: Rawr UwU|0 fnt
|faint|p2a: Rawr UwU
|
|upkeep
|c|☆HisuianVoltorbCute|im trying my best
|
|t:|1661435944
|switch|p2a: Emo Hair|Excadrill, M, shiny|100/100
|-damage|p2a: Emo Hair|97/100|[from] Stealth Rock
|turn|17
|c| Glaliegoesboom ❤|Try harder
|
|t:|1661435952
|move|p2a: Emo Hair|Earthquake|p1a: Dialga
|-supereffective|p1a: Dialga
|-damage|p1a: Dialga|0 fnt
|faint|p1a: Dialga
|
|-fieldend|Misty Terrain
|upkeep
|c| Champlego|Ye
|c|☆Buck X|U did well tbh
|
|t:|1661435959
|switch|p1a: Weavile|Weavile, M|100/100
|-ability|p1a: Weavile|Pressure
|turn|18
|c| Champlego|Tbh ur free win
|c| Champlego|for everyone
|
|t:|1661435967
|-zpower|p1a: Weavile
|move|p1a: Weavile|Subzero Slammer|p2a: Emo Hair|[zeffect]
|-damage|p2a: Emo Hair|1/100
|move|p2a: Emo Hair|Rapid Spin|p1a: Weavile
|-damage|p1a: Weavile|63/100
|-boost|p2a: Emo Hair|spe|1
|-sideend|p2: HisuianVoltorbCute|Stealth Rock|[from] move: Rapid Spin|[of] p2a: Emo Hair
|
|upkeep
|turn|19
|c| Champlego|u need to get better
|
|t:|1661435975
|move|p1a: Weavile|Ice Shard|p2a: Emo Hair
|-damage|p2a: Emo Hair|0 fnt
|faint|p2a: Emo Hair
|
|upkeep
|c| Champlego|he has ice shard
|c| Champlego|that was a dumb move
|
|t:|1661435983
|switch|p2a: Da Alola Anime|Tapu Fini, shiny|26/100
|-fieldstart|move: Misty Terrain|[from] ability: Misty Surge|[of] p2a: Da Alola Anime
|turn|20
|c|☆Buck X|Actually he needs a master
|
|t:|1661435997
|move|p1a: Weavile|Triple Axel|p2a: Da Alola Anime
|-resisted|p2a: Da Alola Anime
|-damage|p2a: Da Alola Anime|23/100
|-resisted|p2a: Da Alola Anime
|-damage|p2a: Da Alola Anime|16/100
|-resisted|p2a: Da Alola Anime
|-damage|p2a: Da Alola Anime|5/100
|-hitcount|p2a: Da Alola Anime|3
|move|p2a: Da Alola Anime|Moonblast|p1a: Weavile
|-supereffective|p1a: Weavile
|-damage|p1a: Weavile|0 fnt
|faint|p1a: Weavile
|
|upkeep
|
|t:|1661436007
|switch|p1a: Ho-Oh|Ho-Oh|70/100
|turn|21
|c|☆HisuianVoltorbCute|im trying over here okay
|c| Champlego|I was ur sensei in ndag buck :)
|
|t:|1661436017
|switch|p1a: Rotom|Rotom-Wash|25/100
|move|p2a: Da Alola Anime|Scald|p1a: Rotom
|-resisted|p1a: Rotom
|-damage|p1a: Rotom|15/100
|
|-heal|p1a: Rotom|21/100|[from] item: Leftovers
|upkeep
|turn|22
|c|☆Buck X|Never
|
|t:|1661436030
|move|p1a: Rotom|Volt Switch|p2a: Da Alola Anime
|-supereffective|p2a: Da Alola Anime
|-damage|p2a: Da Alola Anime|0 fnt
|faint|p2a: Da Alola Anime
|c| Champlego|bro i remember how u cried to me, asking me to teach u how to play ndag
|
|t:|1661436033
|switch|p1a: Ho-Oh|Ho-Oh|100/100|[from]move: Volt Switch
|
|upkeep
|
|t:|1661436037
|switch|p2a: Bow|Sylveon, M|100/100
|turn|23
|c|☆HisuianVoltorbCute|i havent used dmax
|c|☆HisuianVoltorbCute|so might aswell
|c|☆HisuianVoltorbCute|oh wait
|c|☆Buck X|I can remember i never did so
|c|☆HisuianVoltorbCute|sylveon cant dmax
|c|☆HisuianVoltorbCute|WHY
|c| Champlego|bro sylveon cant even touch hooh
|c| Glaliegoesboom ❤|U couldve dmaxed sooner
|c|☆Buck X|u were just rly cocky and annoying back then
|inactive|Buck X has 270 seconds left.
|
|t:|1661436076
|-start|p1a: Ho-Oh|Dynamax|
|-heal|p1a: Ho-Oh|100/100|[silent]
|move|p1a: Ho-Oh|Max Flare|p2a: Bow
|-damage|p2a: Bow|28/100
|-weather|SunnyDay
|move|p2a: Bow|Hidden Power|p1a: Ho-Oh
|-supereffective|p1a: Ho-Oh
|-damage|p1a: Ho-Oh|79/100
|
|-weather|SunnyDay|[upkeep]
|upkeep
|turn|24
|l| Champlego
|
|t:|1661436089
|move|p2a: Bow|Quick Attack|p1a: Ho-Oh
|-resisted|p1a: Ho-Oh
|-damage|p1a: Ho-Oh|76/100
|move|p1a: Ho-Oh|Max Flare|p2a: Bow
|-damage|p2a: Bow|0 fnt
|faint|p2a: Bow
|
|win|Buck X
