|j|☆pikkltheef
|j|☆drmario69
|t:|1663740369
|gametype|singles
|player|p1|pikkltheef|skyla|1625
|player|p2|drmario69|hiker-gen4|1834
|teamsize|p1|6
|teamsize|p2|6
|gen|8
|tier|[Gen 8] National Dex AG
|rated|
|rule|HP Percentage Mod: HP is shown in percentages
|rule|Endless Battle Clause: Forcing endless battles is banned
|clearpoke
|poke|p1|Dragapult, F|
|poke|p1|Arcanine, F|
|poke|p1|Milotic, M|
|poke|p1|Umbreon, F|
|poke|p1|Tyranitar, M|
|poke|p1|Venusaur, M|
|poke|p2|Arceus-*|
|poke|p2|Groudon|
|poke|p2|Zacian-*|
|poke|p2|Rayquaza|
|poke|p2|Calyrex-Shadow|
|poke|p2|Yveltal|
|teampreview
|c|☆pikkltheef|glhf
|c|☆drmario69|u2
|inactive|Battle timer is ON: inactive players will automatically lose when time's up. (requested by pikkltheef)
|
|t:|1663740382
|start
|switch|p1a: Captain|Umbreon, F|100/100
|switch|p2a: Calyrex|Calyrex-Shadow|100/100
|-ability|p2a: Calyrex|As One
|-ability|p2a: Calyrex|Unnerve
|turn|1
|
|t:|1663740385
|move|p2a: Calyrex|Substitute|p2a: Calyrex
|-start|p2a: Calyrex|Substitute
|-damage|p2a: Calyrex|76/100
|move|p1a: Captain|Wish|p1a: Captain
|
|-heal|p2a: Calyrex|82/100|[from] item: Leftovers
|upkeep
|turn|2
|
|t:|1663740388
|switch|p1a: Rango|Tyranitar, M|100/100
|-weather|Sandstorm|[from] ability: Sand Stream|[of] p1a: Rango
|move|p2a: Calyrex|Leech Seed|p1a: Rango|[miss]
|-miss|p2a: Calyrex|p1a: Rango
|
|-weather|Sandstorm|[upkeep]
|-damage|p2a: Calyrex|76/100|[from] Sandstorm
|-heal|p2a: Calyrex|82/100|[from] item: Leftovers
|upkeep
|turn|3
|
|t:|1663740391
|move|p2a: Calyrex|Leech Seed|p1a: Rango
|-start|p1a: Rango|move: Leech Seed
|move|p1a: Rango|Crunch|p2a: Calyrex
|-supereffective|p2a: Calyrex
|-end|p2a: Calyrex|Substitute
|
|-weather|Sandstorm|[upkeep]
|-damage|p2a: Calyrex|76/100|[from] Sandstorm
|-heal|p2a: Calyrex|82/100|[from] item: Leftovers
|-damage|p1a: Rango|88/100|[from] Leech Seed|[of] p2a: Calyrex
|-heal|p2a: Calyrex|96/100|[silent]
|upkeep
|turn|4
|
|t:|1663740398
|switch|p1a: Doc|Dragapult, F, shiny|100/100
|move|p2a: Calyrex|Substitute|p2a: Calyrex
|-start|p2a: Calyrex|Substitute
|-damage|p2a: Calyrex|71/100
|
|-weather|Sandstorm|[upkeep]
|-damage|p2a: Calyrex|65/100|[from] Sandstorm
|-damage|p1a: Doc|95/100|[from] Sandstorm
|-heal|p2a: Calyrex|71/100|[from] item: Leftovers
|-heal|p1a: Doc|100/100|[from] item: Leftovers
|upkeep
|turn|5
|
|t:|1663740403
|move|p2a: Calyrex|Astral Barrage|p1a: Doc
|-supereffective|p1a: Doc
|-damage|p1a: Doc|0 fnt
|faint|p1a: Doc
|-ability|p2a: Calyrex|Grim Neigh|boost
|-boost|p2a: Calyrex|spa|1
|
|-weather|Sandstorm|[upkeep]
|-damage|p2a: Calyrex|65/100|[from] Sandstorm
|-heal|p2a: Calyrex|71/100|[from] item: Leftovers
|upkeep
|
|t:|1663740408
|switch|p1a: Rango|Tyranitar, M|88/100
|turn|6
|
|t:|1663740411
|move|p2a: Calyrex|Leech Seed|p1a: Rango
|-start|p1a: Rango|move: Leech Seed
|move|p1a: Rango|Crunch|p2a: Calyrex
|-supereffective|p2a: Calyrex
|-end|p2a: Calyrex|Substitute
|
|-weather|none
|-heal|p2a: Calyrex|78/100|[from] item: Leftovers
|-damage|p1a: Rango|76/100|[from] Leech Seed|[of] p2a: Calyrex
|-heal|p2a: Calyrex|92/100|[silent]
|upkeep
|turn|7
|
|t:|1663740415
|switch|p1a: Venusaur|Venusaur, M|100/100
|move|p2a: Calyrex|Substitute|p2a: Calyrex
|-start|p2a: Calyrex|Substitute
|-damage|p2a: Calyrex|67/100
|
|-heal|p2a: Calyrex|74/100|[from] item: Leftovers
|upkeep
|turn|8
|
|t:|1663740423
|switch|p1a: Rango|Tyranitar, M|76/100
|-weather|Sandstorm|[from] ability: Sand Stream|[of] p1a: Rango
|move|p2a: Calyrex|Astral Barrage|p1a: Rango
|-resisted|p1a: Rango
|-damage|p1a: Rango|61/100
|
|-weather|Sandstorm|[upkeep]
|-damage|p2a: Calyrex|67/100|[from] Sandstorm
|-heal|p2a: Calyrex|74/100|[from] item: Leftovers
|upkeep
|turn|9
|
|t:|1663740431
|switch|p1a: Venusaur|Venusaur, M|100/100
|move|p2a: Calyrex|Leech Seed|p1a: Venusaur
|-immune|p1a: Venusaur
|
|-weather|Sandstorm|[upkeep]
|-damage|p2a: Calyrex|67/100|[from] Sandstorm
|-damage|p1a: Venusaur|95/100|[from] Sandstorm
|-heal|p2a: Calyrex|74/100|[from] item: Leftovers
|upkeep
|turn|10
|
|t:|1663740438
|detailschange|p1a: Venusaur|Venusaur-Mega, M
|-mega|p1a: Venusaur|Venusaur|Venusaurite
|move|p2a: Calyrex|Astral Barrage|p1a: Venusaur
|-damage|p1a: Venusaur|0 fnt
|faint|p1a: Venusaur
|-ability|p2a: Calyrex|Grim Neigh|boost
|-boost|p2a: Calyrex|spa|1
|
|-weather|Sandstorm|[upkeep]
|-damage|p2a: Calyrex|67/100|[from] Sandstorm
|-heal|p2a: Calyrex|74/100|[from] item: Leftovers
|upkeep
|
|t:|1663740441
|switch|p1a: Rango|Tyranitar, M|61/100
|turn|11
|
|t:|1663740445
|move|p2a: Calyrex|Leech Seed|p1a: Rango
|-start|p1a: Rango|move: Leech Seed
|move|p1a: Rango|Crunch|p2a: Calyrex
|-supereffective|p2a: Calyrex
|-end|p2a: Calyrex|Substitute
|
|-weather|Sandstorm|[upkeep]
|-damage|p2a: Calyrex|67/100|[from] Sandstorm
|-heal|p2a: Calyrex|74/100|[from] item: Leftovers
|-damage|p1a: Rango|49/100|[from] Leech Seed|[of] p2a: Calyrex
|-heal|p2a: Calyrex|88/100|[silent]
|upkeep
|turn|12
|
|t:|1663740449
|switch|p1a: Captain|Umbreon, F|100/100
|move|p2a: Calyrex|Substitute|p2a: Calyrex
|-start|p2a: Calyrex|Substitute
|-damage|p2a: Calyrex|63/100
|
|-weather|none
|-heal|p2a: Calyrex|69/100|[from] item: Leftovers
|upkeep
|turn|13
|
|t:|1663740454
|move|p1a: Captain|Protect|p1a: Captain
|-singleturn|p1a: Captain|Protect
|move|p2a: Calyrex|Draining Kiss|p1a: Captain
|-activate|p1a: Captain|move: Protect
|
|-heal|p2a: Calyrex|76/100|[from] item: Leftovers
|upkeep
|turn|14
|
|t:|1663740459
|move|p2a: Calyrex|Draining Kiss|p1a: Captain
|-supereffective|p1a: Captain
|-damage|p1a: Captain|47/100
|-heal|p2a: Calyrex|100/100|[from] drain|[of] p1a: Captain
|move|p1a: Captain|Foul Play|p2a: Calyrex
|-supereffective|p2a: Calyrex
|-end|p2a: Calyrex|Substitute
|
|-heal|p1a: Captain|53/100|[from] item: Leftovers
|upkeep
|turn|15
|
|t:|1663740463
|move|p1a: Captain|Protect|p1a: Captain
|-singleturn|p1a: Captain|Protect
|move|p2a: Calyrex|Substitute|p2a: Calyrex
|-start|p2a: Calyrex|Substitute
|-damage|p2a: Calyrex|76/100
|
|-heal|p2a: Calyrex|82/100|[from] item: Leftovers
|-heal|p1a: Captain|59/100|[from] item: Leftovers
|upkeep
|turn|16
|
|t:|1663740467
|move|p2a: Calyrex|Draining Kiss|p1a: Captain
|-supereffective|p1a: Captain
|-damage|p1a: Captain|4/100
|-heal|p2a: Calyrex|100/100|[from] drain|[of] p1a: Captain
|move|p1a: Captain|Foul Play|p2a: Calyrex
|-supereffective|p2a: Calyrex
|-end|p2a: Calyrex|Substitute
|
|-heal|p1a: Captain|10/100|[from] item: Leftovers
|upkeep
|turn|17
|
|t:|1663740470
|move|p1a: Captain|Protect|p1a: Captain
|-singleturn|p1a: Captain|Protect
|move|p2a: Calyrex|Substitute|p2a: Calyrex
|-start|p2a: Calyrex|Substitute
|-damage|p2a: Calyrex|76/100
|
|-heal|p2a: Calyrex|82/100|[from] item: Leftovers
|-heal|p1a: Captain|16/100|[from] item: Leftovers
|upkeep
|turn|18
|c|☆drmario69|y
|c|☆pikkltheef|yeah okay i misplayed real bad there
|c|☆pikkltheef|i blame myself i didnt hqve enough time to undo
|
|t:|1663740490
|move|p2a: Calyrex|Draining Kiss|p1a: Captain
|-supereffective|p1a: Captain
|-damage|p1a: Captain|0 fnt
|-heal|p2a: Calyrex|95/100|[from] drain|[of] p1a: Captain
|faint|p1a: Captain
|-ability|p2a: Calyrex|Grim Neigh|boost
|-boost|p2a: Calyrex|spa|1
|
|-heal|p2a: Calyrex|100/100|[from] item: Leftovers
|upkeep
|
|t:|1663740494
|switch|p1a: Rango|Tyranitar, M|49/100
|-weather|Sandstorm|[from] ability: Sand Stream|[of] p1a: Rango
|turn|19
|
|t:|1663740496
|move|p2a: Calyrex|Leech Seed|p1a: Rango
|-start|p1a: Rango|move: Leech Seed
|move|p1a: Rango|Crunch|p2a: Calyrex
|-supereffective|p2a: Calyrex
|-end|p2a: Calyrex|Substitute
|
|-weather|Sandstorm|[upkeep]
|-damage|p2a: Calyrex|94/100|[from] Sandstorm
|-heal|p2a: Calyrex|100/100|[from] item: Leftovers
|-damage|p1a: Rango|36/100|[from] Leech Seed|[of] p2a: Calyrex
|upkeep
|turn|20
|
|t:|1663740500
|move|p2a: Calyrex|Substitute|p2a: Calyrex
|-start|p2a: Calyrex|Substitute
|-damage|p2a: Calyrex|76/100
|move|p1a: Rango|Crunch|p2a: Calyrex
|-supereffective|p2a: Calyrex
|-end|p2a: Calyrex|Substitute
|
|-weather|Sandstorm|[upkeep]
|-damage|p2a: Calyrex|69/100|[from] Sandstorm
|-heal|p2a: Calyrex|76/100|[from] item: Leftovers
|-damage|p1a: Rango|24/100|[from] Leech Seed|[of] p2a: Calyrex
|-heal|p2a: Calyrex|90/100|[silent]
|upkeep
|turn|21
|
|t:|1663740502
|move|p2a: Calyrex|Substitute|p2a: Calyrex
|-start|p2a: Calyrex|Substitute
|-damage|p2a: Calyrex|65/100
|move|p1a: Rango|Crunch|p2a: Calyrex
|-supereffective|p2a: Calyrex
|-end|p2a: Calyrex|Substitute
|
|-weather|Sandstorm|[upkeep]
|-damage|p2a: Calyrex|59/100|[from] Sandstorm
|-heal|p2a: Calyrex|65/100|[from] item: Leftovers
|-damage|p1a: Rango|11/100|[from] Leech Seed|[of] p2a: Calyrex
|-heal|p2a: Calyrex|80/100|[silent]
|upkeep
|turn|22
|
|t:|1663740504
|move|p2a: Calyrex|Draining Kiss|p1a: Rango
|-supereffective|p1a: Rango
|-damage|p1a: Rango|0 fnt
|-heal|p2a: Calyrex|90/100|[from] drain|[of] p1a: Rango
|faint|p1a: Rango
|-ability|p2a: Calyrex|Grim Neigh|boost
|-boost|p2a: Calyrex|spa|1
|
|-weather|Sandstorm|[upkeep]
|-damage|p2a: Calyrex|83/100|[from] Sandstorm
|-heal|p2a: Calyrex|90/100|[from] item: Leftovers
|upkeep
|c|☆drmario69|u shud put whirlwind or rock blast on ttar
|c|☆pikkltheef|-_-
|c|☆pikkltheef|i shouldve played better
|inactive|pikkltheef has 120 seconds left.
|c|☆pikkltheef|leading with a wish on a pokemon i know can take some hits from a calyrex was a silly move
|c|☆pikkltheef|i shouldve switched or just foul played
|inactive|pikkltheef has 90 seconds left.
|
|t:|1663740567
|switch|p1a: Meg|Arcanine, F|100/100
|-ability|p1a: Meg|Intimidate|boost
|-unboost|p2a: Calyrex|atk|1
|turn|23
|
|t:|1663740571
|-start|p1a: Meg|Dynamax|
|-heal|p1a: Meg|100/100|[silent]
|move|p2a: Calyrex|Astral Barrage|p1a: Meg
|-damage|p1a: Meg|0 fnt
|faint|p1a: Meg
|-ability|p2a: Calyrex|Grim Neigh|boost
|-boost|p2a: Calyrex|spa|1
|
|-weather|none
|-heal|p2a: Calyrex|96/100|[from] item: Leftovers
|upkeep
|
|t:|1663740573
|switch|p1a: Bowie|Milotic, M|100/100
|turn|24
|
|t:|1663740576
|move|p2a: Calyrex|Astral Barrage|p1a: Bowie
|-damage|p1a: Bowie|0 fnt
|faint|p1a: Bowie
|
|win|drmario69
|raw|pikkltheef's rating: 1625 &rarr; <strong>1616</strong><br />(-9 for losing)
|raw|drmario69's rating: 1834 &rarr; <strong>1843</strong><br />(+9 for winning)
|l|☆pikkltheef
|c|☆drmario69|gg
