|j|☆kerrozxl-
|j|☆iroeweuio
|t:|1662012885
|gametype|singles
|player|p1|kerrozxl-|unknownf|1770
|player|p2|iroeweuio|265|1650
|teamsize|p1|6
|teamsize|p2|6
|gen|8
|tier|[Gen 8] National Dex AG
|rated|
|rule|HP Percentage Mod: HP is shown in percentages
|rule|Endless Battle Clause: Forcing endless battles is banned
|clearpoke
|poke|p1|Rayquaza|
|poke|p1|Groudon|
|poke|p1|Necrozma-Dusk-Mane|
|poke|p1|Marshadow|
|poke|p1|Yveltal|
|poke|p1|Xerneas-*|
|poke|p2|Weavile, F|
|poke|p2|Breloom, F|
|poke|p2|Giratina-Origin|
|poke|p2|Ditto|
|poke|p2|Wobbuffet, F|
|poke|p2|Chatot, F|
|teampreview
|
|t:|1662012894
|start
|switch|p1a: smeargle&lugiahate|Rayquaza, shiny|100/100
|switch|p2a: Weavile|Weavile, F|100/100
|-ability|p2a: Weavile|Pressure
|-ability|p1a: smeargle&lugiahate|Air Lock
|turn|1
|
|t:|1662012899
|switch|p1a: Zacian-Crown3d|Groudon|100/100
|detailschange|p1a: Zacian-Crown3d|Groudon-Primal
|-primal|p1a: Zacian-Crown3d
|-weather|DesolateLand|[from] ability: Desolate Land|[of] p1a: Zacian-Crown3d
|move|p2a: Weavile|Triple Axel|p1a: Zacian-Crown3d
|-damage|p1a: Zacian-Crown3d|95/100
|-damage|p1a: Zacian-Crown3d|84/100
|-damage|p1a: Zacian-Crown3d|67/100
|-hitcount|p1a: Zacian-Crown3d|3
|
|-weather|DesolateLand|[upkeep]
|upkeep
|turn|2
|
|t:|1662012908
|move|p2a: Weavile|Assist|p2a: Weavile
|move|p2a: Weavile|Spore|p1a: Zacian-Crown3d|[from]move: Assist
|-status|p1a: Zacian-Crown3d|slp|[from] move: Spore
|cant|p1a: Zacian-Crown3d|slp
|
|-weather|DesolateLand|[upkeep]
|upkeep
|turn|3
|
|t:|1662012911
|move|p2a: Weavile|Substitute|p2a: Weavile
|-start|p2a: Weavile|Substitute
|-damage|p2a: Weavile|76/100
|-curestatus|p1a: Zacian-Crown3d|slp|[msg]
|move|p1a: Zacian-Crown3d|Overheat|p2a: Weavile
|-supereffective|p2a: Weavile
|-end|p2a: Weavile|Substitute
|-unboost|p1a: Zacian-Crown3d|spa|2
|
|-weather|DesolateLand|[upkeep]
|-heal|p2a: Weavile|82/100|[from] item: Leftovers
|upkeep
|turn|4
|
|t:|1662012915
|move|p2a: Weavile|Assist|p2a: Weavile
|move|p2a: Weavile|Spore|p1a: Zacian-Crown3d|[from]move: Assist
|-status|p1a: Zacian-Crown3d|slp|[from] move: Spore
|cant|p1a: Zacian-Crown3d|slp
|
|-weather|DesolateLand|[upkeep]
|-heal|p2a: Weavile|88/100|[from] item: Leftovers
|upkeep
|turn|5
|
|t:|1662012923
|move|p2a: Weavile|Substitute|p2a: Weavile
|-start|p2a: Weavile|Substitute
|-damage|p2a: Weavile|63/100
|-curestatus|p1a: Zacian-Crown3d|slp|[msg]
|move|p1a: Zacian-Crown3d|Precipice Blades|p2a: Weavile|[miss]
|-miss|p1a: Zacian-Crown3d|p2a: Weavile
|
|-weather|DesolateLand|[upkeep]
|-heal|p2a: Weavile|69/100|[from] item: Leftovers
|upkeep
|turn|6
|
|t:|1662012926
|move|p2a: Weavile|Assist|p2a: Weavile
|move|p2a: Weavile|Spore|p1a: Zacian-Crown3d|[from]move: Assist
|-status|p1a: Zacian-Crown3d|slp|[from] move: Spore
|cant|p1a: Zacian-Crown3d|slp
|
|-weather|DesolateLand|[upkeep]
|-heal|p2a: Weavile|75/100|[from] item: Leftovers
|upkeep
|turn|7
|
|t:|1662012927
|move|p2a: Weavile|Triple Axel|p1a: Zacian-Crown3d
|-damage|p1a: Zacian-Crown3d|61/100 slp
|-damage|p1a: Zacian-Crown3d|51/100 slp
|-damage|p1a: Zacian-Crown3d|33/100 slp
|-hitcount|p1a: Zacian-Crown3d|3
|-curestatus|p1a: Zacian-Crown3d|slp|[msg]
|move|p1a: Zacian-Crown3d|Precipice Blades|p2a: Weavile
|-crit|p2a: Weavile
|-end|p2a: Weavile|Substitute
|
|-weather|DesolateLand|[upkeep]
|-heal|p2a: Weavile|81/100|[from] item: Leftovers
|upkeep
|turn|8
|
|t:|1662012931
|move|p2a: Weavile|Assist|p2a: Weavile
|move|p2a: Weavile|Spore|p1a: Zacian-Crown3d|[from]move: Assist
|-status|p1a: Zacian-Crown3d|slp|[from] move: Spore
|cant|p1a: Zacian-Crown3d|slp
|
|-weather|DesolateLand|[upkeep]
|-heal|p2a: Weavile|87/100|[from] item: Leftovers
|upkeep
|turn|9
|j| Carnage068
|
|t:|1662012935
|move|p2a: Weavile|Substitute|p2a: Weavile
|-start|p2a: Weavile|Substitute
|-damage|p2a: Weavile|62/100
|cant|p1a: Zacian-Crown3d|slp
|
|-weather|DesolateLand|[upkeep]
|-heal|p2a: Weavile|68/100|[from] item: Leftovers
|upkeep
|turn|10
|
|t:|1662012938
|move|p2a: Weavile|Triple Axel|p1a: Zacian-Crown3d
|-damage|p1a: Zacian-Crown3d|28/100 slp
|-damage|p1a: Zacian-Crown3d|18/100 slp
|-damage|p1a: Zacian-Crown3d|1/100 slp
|-hitcount|p1a: Zacian-Crown3d|3
|cant|p1a: Zacian-Crown3d|slp
|
|-weather|DesolateLand|[upkeep]
|-heal|p2a: Weavile|74/100|[from] item: Leftovers
|upkeep
|turn|11
|
|t:|1662012944
|move|p2a: Weavile|Triple Axel|p1a: Zacian-Crown3d
|-crit|p1a: Zacian-Crown3d
|-damage|p1a: Zacian-Crown3d|0 fnt
|faint|p1a: Zacian-Crown3d
|-weather|none
|-hitcount|p1: Zacian-Crown3d|1
|
|-heal|p2a: Weavile|80/100|[from] item: Leftovers
|upkeep
|inactive|Battle timer is ON: inactive players will automatically lose when time's up. (requested by iroeweuio)
|-message|kerrozxl- forfeited.
|
|win|iroeweuio
|raw|kerrozxl-'s rating: 1770 &rarr; <strong>1743</strong><br />(-27 for losing)
|raw|iroeweuio's rating: 1650 &rarr; <strong>1677</strong><br />(+27 for winning)
|l|☆kerrozxl-
