|j|☆anonymousperson0
|j|☆wheelien
|player|p1|anonymousperson0|ninjaboy|1365
|player|p2|wheelien|214|1481
|teamsize|p1|6
|teamsize|p2|6
|gametype|singles
|gen|8
|tier|[Gen 8] National Dex AG
|rated|
|clearpoke
|poke|p1|Shaymin-Sky|
|poke|p1|Marshadow|
|poke|p1|Zacian-Crowned|
|poke|p1|Rayquaza|
|poke|p1|Necrozma-Dusk-Mane|
|poke|p1|Lugia|
|poke|p2|Arceus-*|
|poke|p2|Arceus-*|
|poke|p2|Arceus-*|
|poke|p2|Arceus-*|
|poke|p2|Arceus-*|
|poke|p2|Arceus-*|
|rule|HP Percentage Mod: HP is shown in percentages
|rule|Endless Battle Clause: Forcing endless battles is banned
|teampreview
|inactive|Battle timer is ON: inactive players will automatically lose when time's up. (requested by anonymousperson0)
|
|start
|switch|p1a: Marshadow|Marshadow|100/100
|switch|p2a: Love|Arceus|100/100
|turn|1
|
|-start|p1a: Marshadow|Dynamax
|-heal|p1a: Marshadow|100/100|[silent]
|move|p1a: Marshadow|Max Knuckle|p2a: Love
|-supereffective|p2a: Love
|-damage|p2a: Love|48/100
|-boost|p1a: Marshadow|atk|1
|move|p2a: Love|Reflect|p2a: Love
|-sidestart|p2: wheelien|Reflect
|
|upkeep
|turn|2
|
|move|p1a: Marshadow|Max Knuckle|p2a: Love
|-supereffective|p2a: Love
|-damage|p2a: Love|7/100
|-boost|p1a: Marshadow|atk|1
|move|p2a: Love|Perish Song|p2a: Love
|-start|p1a: Marshadow|perish3|[silent]
|-start|p2a: Love|perish3|[silent]
|-fieldactivate|move: Perish Song
|
|-start|p1a: Marshadow|perish3
|-start|p2a: Love|perish3
|upkeep
|turn|3
|
|move|p1a: Marshadow|Max Steelspike|p2a: Love
|-damage|p2a: Love|0 fnt
|-boost|p1a: Marshadow|def|1
|faint|p2a: Love
|
|-start|p1a: Marshadow|perish2
|-end|p1a: Marshadow|Dynamax
|-heal|p1a: Marshadow|100/100|[silent]
|upkeep
|
|switch|p2a: Patience|Arceus|100/100
|turn|4
|
|move|p1a: Marshadow|Close Combat|p2a: Patience
|-supereffective|p2a: Patience
|-enditem|p2a: Patience|Chople Berry|[eat]
|-enditem|p2a: Patience|Chople Berry|[weaken]
|-damage|p2a: Patience|64/100
|-unboost|p1a: Marshadow|def|1
|-unboost|p1a: Marshadow|spd|1
|move|p2a: Patience|Thunder Wave|p1a: Marshadow
|-status|p1a: Marshadow|par
|
|-start|p1a: Marshadow|perish1
|upkeep
|turn|5
|
|move|p1a: Marshadow|Close Combat|p2a: Patience
|-supereffective|p2a: Patience
|-crit|p2a: Patience
|-damage|p2a: Patience|0 fnt
|-unboost|p1a: Marshadow|def|1
|-unboost|p1a: Marshadow|spd|1
|faint|p2a: Patience
|
|-start|p1a: Marshadow|perish0
|faint|p1a: Marshadow
|upkeep
|
|switch|p1a: Rayquaza|Rayquaza|100/100
|switch|p2a: Miracle|Arceus|100/100
|-ability|p1a: Rayquaza|Air Lock
|turn|6
|
|detailschange|p1a: Rayquaza|Rayquaza-Mega
|-mega|p1a: Rayquaza|Rayquaza|
|-weather|DeltaStream|[from] ability: Delta Stream|[of] p1a: Rayquaza
|move|p1a: Rayquaza|Dragon Ascent|p2a: Miracle
|-damage|p2a: Miracle|71/100
|-unboost|p1a: Rayquaza|def|1
|-unboost|p1a: Rayquaza|spd|1
|move|p2a: Miracle|Swords Dance|p2a: Miracle
|-boost|p2a: Miracle|atk|2
|
|-weather|DeltaStream|[upkeep]
|upkeep
|turn|7
|
|move|p2a: Miracle|Extreme Speed|p1a: Rayquaza
|-damage|p1a: Rayquaza|0 fnt
|faint|p1a: Rayquaza
|-weather|none
|
|upkeep
|
|switch|p1a: anti smearagle|Necrozma-Dusk-Mane|100/100
|turn|8
|
|move|p2a: Miracle|Shadow Force||[still]
|-prepare|p2a: Miracle|Shadow Force|p1a: anti smearagle
|move|p1a: anti smearagle|Knock Off|p2a: Miracle|[miss]
|-miss|p1a: anti smearagle|p2a: Miracle
|
|-sideend|p2: wheelien|Reflect
|upkeep
|turn|9
|
|move|p2a: Miracle|Shadow Force|p1a: anti smearagle|[from]lockedmove
|-supereffective|p1a: anti smearagle
|-damage|p1a: anti smearagle|38/100
|move|p1a: anti smearagle|Moonlight|p1a: anti smearagle
|-heal|p1a: anti smearagle|88/100
|
|upkeep
|turn|10
|
|move|p2a: Miracle|Swords Dance|p2a: Miracle
|-boost|p2a: Miracle|atk|2
|move|p1a: anti smearagle|Thunder Wave|p2a: Miracle
|-status|p2a: Miracle|par
|
|upkeep
|turn|11
|
|move|p1a: anti smearagle|Knock Off|p2a: Miracle
|-damage|p2a: Miracle|55/100 par
|move|p2a: Miracle|Shadow Force||[still]
|-prepare|p2a: Miracle|Shadow Force|p1a: anti smearagle
|
|upkeep
|turn|12
|
|switch|p1a: Shaymin|Shaymin-Sky|100/100
|cant|p2a: Miracle|par
|
|upkeep
|turn|13
|
|cant|p2a: Miracle|par
|move|p1a: Shaymin|Air Slash|p2a: Miracle
|-damage|p2a: Miracle|29/100 par
|
|upkeep
|turn|14
|
|move|p2a: Miracle|Extreme Speed|p1a: Shaymin
|-enditem|p1a: Shaymin|Focus Sash
|-damage|p1a: Shaymin|1/100
|move|p1a: Shaymin|Air Slash|p2a: Miracle
|-damage|p2a: Miracle|5/100 par
|
|upkeep
|turn|15
|
|switch|p1a: anti smearagle|Necrozma-Dusk-Mane|88/100
|move|p2a: Miracle|Extreme Speed|p1a: anti smearagle
|-resisted|p1a: anti smearagle
|-damage|p1a: anti smearagle|56/100
|
|upkeep
|turn|16
|
|move|p1a: anti smearagle|Knock Off|p2a: Miracle
|-damage|p2a: Miracle|0 fnt
|faint|p2a: Miracle
|
|upkeep
|
|switch|p2a: Sacrifice|Arceus|100/100
|turn|17
|
|switch|p1a: Lugia|Lugia|100/100
|move|p2a: Sacrifice|Substitute|p2a: Sacrifice
|-start|p2a: Sacrifice|Substitute
|-damage|p2a: Sacrifice|76/100
|
|upkeep
|turn|18
|
|move|p2a: Sacrifice|Swords Dance|p2a: Sacrifice
|-boost|p2a: Sacrifice|atk|2
|move|p1a: Lugia|Aeroblast|p2a: Sacrifice
|-activate|p2a: Sacrifice|move: Substitute|[damage]
|
|upkeep
|turn|19
|
|move|p2a: Sacrifice|Shadow Claw|p1a: Lugia
|-supereffective|p1a: Lugia
|-damage|p1a: Lugia|69/100
|move|p1a: Lugia|Aeroblast|p2a: Sacrifice
|-end|p2a: Sacrifice|Substitute
|
|-heal|p1a: Lugia|75/100|[from] item: Leftovers
|upkeep
|turn|20
|
|move|p2a: Sacrifice|Substitute|p2a: Sacrifice
|-start|p2a: Sacrifice|Substitute
|-damage|p2a: Sacrifice|51/100
|move|p1a: Lugia|Toxic||[still]
|-fail|p1a: Lugia
|
|-heal|p1a: Lugia|81/100|[from] item: Leftovers
|upkeep
|turn|21
|
|-end|p2a: Sacrifice|Substitute
|-start|p2a: Sacrifice|Dynamax
|-heal|p2a: Sacrifice|51/100|[silent]
|move|p2a: Sacrifice|Max Phantasm|p1a: Lugia
|-supereffective|p1a: Lugia
|-damage|p1a: Lugia|0 fnt
|faint|p1a: Lugia
|
|upkeep
|
|switch|p1a: Shaymin|Shaymin-Sky|1/100
|turn|22
|
|move|p2a: Sacrifice|Max Guard|p2a: Sacrifice
|-singleturn|p2a: Sacrifice|Max Guard
|move|p1a: Shaymin|Healing Wish|p1a: Shaymin
|faint|p1a: Shaymin
|
|upkeep
|
|switch|p1a: anti smearagle|Necrozma-Dusk-Mane|56/100
|-heal|p1a: anti smearagle|100/100|[from] move: Healing Wish
|turn|23
|
|move|p2a: Sacrifice|Max Phantasm|p1a: anti smearagle
|-supereffective|p1a: anti smearagle
|-damage|p1a: anti smearagle|34/100
|-unboost|p1a: anti smearagle|def|1
|move|p1a: anti smearagle|Sunsteel Strike|p2a: Sacrifice
|-damage|p2a: Sacrifice|34/100
|
|-end|p2a: Sacrifice|Dynamax
|-heal|p2a: Sacrifice|34/100|[silent]
|upkeep
|turn|24
|
|move|p2a: Sacrifice|Shadow Claw|p1a: anti smearagle
|-supereffective|p1a: anti smearagle
|-damage|p1a: anti smearagle|0 fnt
|faint|p1a: anti smearagle
|
|upkeep
|
|switch|p1a: Zacian|Zacian-Crowned|100/100
|-ability|p1a: Zacian|Intrepid Sword|boost
|-boost|p1a: Zacian|atk|1
|turn|25
|
|move|p2a: Sacrifice|Extreme Speed|p1a: Zacian
|-resisted|p1a: Zacian
|-damage|p1a: Zacian|57/100
|move|p1a: Zacian|Behemoth Blade|p2a: Sacrifice
|-damage|p2a: Sacrifice|0 fnt
|faint|p2a: Sacrifice
|
|upkeep
|
|switch|p2a: Judgment|Arceus|100/100
|turn|26
|
|move|p2a: Judgment|Retaliate|p1a: Zacian
|-resisted|p1a: Zacian
|-damage|p1a: Zacian|26/100
|move|p1a: Zacian|Swords Dance|p1a: Zacian
|-boost|p1a: Zacian|atk|2
|
|upkeep
|turn|27
|
|move|p2a: Judgment|Retaliate|p1a: Zacian
|-resisted|p1a: Zacian
|-damage|p1a: Zacian|10/100
|move|p1a: Zacian|Behemoth Blade|p2a: Judgment
|-damage|p2a: Judgment|0 fnt
|faint|p2a: Judgment
|
|upkeep
|
|switch|p2a: Persecution|Arceus|100/100
|turn|28
|
|move|p2a: Persecution|Extreme Speed|p1a: Zacian
|-resisted|p1a: Zacian
|-damage|p1a: Zacian|0 fnt
|-damage|p2a: Persecution|91/100|[from] item: Life Orb
|faint|p1a: Zacian
|
|win|wheelien
|c|☆wheelien|gg
|l|☆anonymousperson0
|j|☆anonymousperson0
|player|p1|anonymousperson0|ninjaboy
|l|☆anonymousperson0
|player|p1|
||Ladder (probably) updated, but score could not be retrieved (Response not received).
