|j|☆dtc07
|j|☆hjk0hr1
|t:|1664209724
|gametype|singles
|player|p1|dtc07|grimsley|1822
|player|p2|hjk0hr1|lucas|1861
|teamsize|p1|6
|teamsize|p2|6
|gen|8
|tier|[Gen 8] National Dex AG
|rated|
|rule|HP Percentage Mod: HP is shown in percentages
|rule|Endless Battle Clause: Forcing endless battles is banned
|clearpoke
|poke|p1|Mewtwo|
|poke|p1|Marshadow|
|poke|p1|Zacian-*|
|poke|p1|Necrozma-Dusk-Mane|
|poke|p1|Yveltal|
|poke|p1|Ho-Oh|
|poke|p2|Zacian-*|
|poke|p2|Necrozma-Dusk-Mane|
|poke|p2|Eternatus|
|poke|p2|Arceus-*|
|poke|p2|Arceus-*|
|poke|p2|Rayquaza|
|teampreview
|inactive|Battle timer is ON: inactive players will automatically lose when time's up. (requested by dtc07)
|
|t:|1664209732
|start
|switch|p1a: Marshadow|Marshadow|100/100
|switch|p2a: Arceus|Arceus-Fairy|100/100
|turn|1
|
|t:|1664209737
|switch|p1a: Ho-Oh|Ho-Oh|100/100
|move|p2a: Arceus|Judgment|p1a: Ho-Oh
|-resisted|p1a: Ho-Oh
|-damage|p1a: Ho-Oh|87/100
|
|upkeep
|turn|2
|
|t:|1664209743
|switch|p2a: Necrozma|Necrozma-Dusk-Mane, shiny|100/100
|switch|p1a: Zacian|Zacian-Crowned|100/100
|-ability|p1a: Zacian|Intrepid Sword|boost
|-boost|p1a: Zacian|atk|1
|
|upkeep
|turn|3
|
|t:|1664209751
|switch|p1a: Yveltal|Yveltal|100/100
|-ability|p1a: Yveltal|Dark Aura
|move|p2a: Necrozma|Thunder Wave|p1a: Yveltal
|-status|p1a: Yveltal|par
|
|upkeep
|turn|4
|
|t:|1664209756
|switch|p2a: Arceus|Arceus-Dark|100/100
|cant|p1a: Yveltal|par
|
|upkeep
|turn|5
|
|t:|1664209759
|move|p2a: Arceus|Snarl|p1a: Yveltal
|-resisted|p1a: Yveltal
|-damage|p1a: Yveltal|91/100 par
|-unboost|p1a: Yveltal|spa|1
|move|p1a: Yveltal|Toxic|p2a: Arceus
|-status|p2a: Arceus|tox
|
|-damage|p2a: Arceus|94/100 tox|[from] psn
|upkeep
|turn|6
|
|t:|1664209767
|switch|p1a: Zacian|Zacian-Crowned|100/100
|-ability|p1a: Zacian|Intrepid Sword|boost
|-boost|p1a: Zacian|atk|1
|move|p2a: Arceus|Refresh|p2a: Arceus
|-curestatus|p2a: Arceus|tox|[msg]
|
|upkeep
|turn|7
|
|t:|1664209773
|switch|p2a: Necrozma|Necrozma-Dusk-Mane, shiny|100/100
|move|p1a: Zacian|Close Combat|p2a: Necrozma
|-damage|p2a: Necrozma|64/100
|-unboost|p1a: Zacian|def|1
|-unboost|p1a: Zacian|spd|1
|-damage|p1a: Zacian|84/100|[from] item: Rocky Helmet|[of] p2a: Necrozma
|
|upkeep
|turn|8
|
|t:|1664209778
|switch|p1a: Marshadow|Marshadow|100/100
|move|p2a: Necrozma|Stealth Rock|p1a: Marshadow
|-sidestart|p1: dtc07|move: Stealth Rock
|
|upkeep
|turn|9
|
|t:|1664209794
|switch|p2a: Arceus|Arceus-Dark|94/100
|move|p1a: Marshadow|Poltergeist|p2a: Arceus|[miss]
|-miss|p1a: Marshadow|p2a: Arceus
|
|upkeep
|turn|10
|
|t:|1664209798
|switch|p1a: Yveltal|Yveltal|91/100 par
|-ability|p1a: Yveltal|Dark Aura
|switch|p2a: Arceus|Arceus-Fairy|100/100
|
|upkeep
|turn|11
|
|t:|1664209806
|switch|p2a: Necrozma|Necrozma-Dusk-Mane, shiny|64/100
|switch|p1a: Ho-Oh|Ho-Oh|100/100
|
|upkeep
|turn|12
|
|t:|1664209810
|move|p1a: Ho-Oh|Sacred Fire|p2a: Necrozma
|-supereffective|p2a: Necrozma
|-damage|p2a: Necrozma|30/100
|-status|p2a: Necrozma|brn
|move|p2a: Necrozma|Morning Sun|p2a: Necrozma
|-heal|p2a: Necrozma|80/100 brn
|
|-damage|p2a: Necrozma|74/100 brn|[from] brn
|upkeep
|turn|13
|
|t:|1664209816
|switch|p1a: Marshadow|Marshadow|100/100
|-damage|p1a: Marshadow|94/100|[from] Stealth Rock
|move|p2a: Necrozma|Morning Sun|p2a: Necrozma
|-heal|p2a: Necrozma|100/100 brn
|
|-damage|p2a: Necrozma|94/100 brn|[from] brn
|upkeep
|turn|14
|
|t:|1664209825
|switch|p2a: Arceus|Arceus-Fairy|100/100
|move|p1a: Marshadow|Close Combat|p2a: Arceus
|-resisted|p2a: Arceus
|-damage|p2a: Arceus|71/100
|-unboost|p1a: Marshadow|def|1
|-unboost|p1a: Marshadow|spd|1
|
|upkeep
|turn|15
|
|t:|1664209832
|switch|p1a: Ho-Oh|Ho-Oh|100/100
|move|p2a: Arceus|Judgment|p1a: Ho-Oh
|-resisted|p1a: Ho-Oh
|-damage|p1a: Ho-Oh|87/100
|
|upkeep
|turn|16
|
|t:|1664209842
|switch|p1a: Necrozma|Necrozma-Dusk-Mane|100/100
|-damage|p1a: Necrozma|94/100|[from] Stealth Rock
|move|p2a: Arceus|Toxic|p1a: Necrozma|[miss]
|-miss|p2a: Arceus|p1a: Necrozma
|
|upkeep
|turn|17
|
|t:|1664209849
|switch|p2a: Necrozma|Necrozma-Dusk-Mane, shiny|94/100 brn
|switch|p1a: Marshadow|Marshadow|94/100
|-damage|p1a: Marshadow|88/100|[from] Stealth Rock
|
|-damage|p2a: Necrozma|88/100 brn|[from] brn
|upkeep
|turn|18
|
|t:|1664209856
|-activate|p2a: Necrozma|move: Pursuit
|move|p1a: Marshadow|Pursuit|p2a: Necrozma|[from]Pursuit
|-supereffective|p2a: Necrozma
|-damage|p2a: Necrozma|59/100 brn
|-damage|p1a: Marshadow|72/100|[from] item: Rocky Helmet|[of] p2a: Necrozma
|switch|p2a: Arceus|Arceus-Dark|94/100
|
|upkeep
|turn|19
|
|t:|1664209871
|switch|p1a: Mewtwo|Mewtwo|100/100
|-damage|p1a: Mewtwo|88/100|[from] Stealth Rock
|-ability|p1a: Mewtwo|Pressure
|move|p2a: Arceus|Snarl|p1a: Mewtwo
|-supereffective|p1a: Mewtwo
|-damage|p1a: Mewtwo|34/100
|-unboost|p1a: Mewtwo|spa|1
|
|upkeep
|turn|20
|
|t:|1664209881
|switch|p1a: Zacian|Zacian-Crowned|84/100
|-damage|p1a: Zacian|78/100|[from] Stealth Rock
|-ability|p1a: Zacian|Intrepid Sword|boost
|-boost|p1a: Zacian|atk|1
|switch|p2a: Necrozma|Necrozma-Dusk-Mane, shiny|59/100 brn
|
|-damage|p2a: Necrozma|53/100 brn|[from] brn
|upkeep
|turn|21
|
|t:|1664209889
|switch|p1a: Marshadow|Marshadow|72/100
|-damage|p1a: Marshadow|65/100|[from] Stealth Rock
|move|p2a: Necrozma|Morning Sun|p2a: Necrozma
|-heal|p2a: Necrozma|100/100 brn
|
|-damage|p2a: Necrozma|94/100 brn|[from] brn
|upkeep
|turn|22
|
|t:|1664209901
|move|p1a: Marshadow|Poltergeist|p2a: Necrozma
|-activate|p2a: Necrozma|move: Poltergeist|Rocky Helmet
|-supereffective|p2a: Necrozma
|-damage|p2a: Necrozma|31/100 brn
|move|p2a: Necrozma|Thunder Wave|p1a: Marshadow
|-status|p1a: Marshadow|par
|
|-damage|p2a: Necrozma|25/100 brn|[from] brn
|upkeep
|turn|23
|
|t:|1664209907
|switch|p1a: Zacian|Zacian-Crowned|78/100
|-damage|p1a: Zacian|72/100|[from] Stealth Rock
|-ability|p1a: Zacian|Intrepid Sword|boost
|-boost|p1a: Zacian|atk|1
|move|p2a: Necrozma|Morning Sun|p2a: Necrozma
|-heal|p2a: Necrozma|75/100 brn
|
|-damage|p2a: Necrozma|69/100 brn|[from] brn
|upkeep
|turn|24
|
|t:|1664209912
|switch|p1a: Marshadow|Marshadow|65/100 par
|-damage|p1a: Marshadow|59/100 par|[from] Stealth Rock
|move|p2a: Necrozma|Thunder Wave|p1a: Marshadow
|-fail|p1a: Marshadow|par
|
|-damage|p2a: Necrozma|63/100 brn|[from] brn
|upkeep
|turn|25
|
|t:|1664209918
|switch|p2a: Arceus|Arceus-Fairy|71/100
|move|p1a: Marshadow|Poltergeist|p2a: Arceus
|-activate|p2a: Arceus|move: Poltergeist|Pixie Plate
|-damage|p2a: Arceus|20/100
|
|upkeep
|turn|26
|
|t:|1664209924
|switch|p1a: Ho-Oh|Ho-Oh|100/100
|move|p2a: Arceus|Recover|p2a: Arceus
|-heal|p2a: Arceus|70/100
|
|upkeep
|turn|27
|
|t:|1664209930
|move|p2a: Arceus|Toxic|p1a: Ho-Oh
|-status|p1a: Ho-Oh|tox
|move|p1a: Ho-Oh|Whirlwind|p2a: Arceus
|drag|p2a: Arceus|Arceus-Dark|94/100
|
|-damage|p1a: Ho-Oh|94/100 tox|[from] psn
|upkeep
|turn|28
|
|t:|1664209940
|switch|p1a: Yveltal|Yveltal|91/100 par
|-ability|p1a: Yveltal|Dark Aura
|move|p2a: Arceus|Snarl|p1a: Yveltal
|-resisted|p1a: Yveltal
|-damage|p1a: Yveltal|81/100 par
|-unboost|p1a: Yveltal|spa|1
|
|upkeep
|turn|29
|
|t:|1664209945
|move|p2a: Arceus|Snarl|p1a: Yveltal
|-resisted|p1a: Yveltal
|-damage|p1a: Yveltal|71/100 par
|-unboost|p1a: Yveltal|spa|1
|cant|p1a: Yveltal|par
|
|upkeep
|turn|30
|
|t:|1664209948
|switch|p2a: Arceus|Arceus-Fairy|70/100
|cant|p1a: Yveltal|par
|
|upkeep
|turn|31
|c|☆dtc07|cool
|
|t:|1664209959
|switch|p1a: Necrozma|Necrozma-Dusk-Mane|94/100
|-damage|p1a: Necrozma|88/100|[from] Stealth Rock
|move|p2a: Arceus|Recover|p2a: Arceus
|-heal|p2a: Arceus|100/100
|
|upkeep
|turn|32
|
|t:|1664209969
|switch|p2a: Necrozma|Necrozma-Dusk-Mane, shiny|63/100 brn
|move|p1a: Necrozma|Stealth Rock|p2a: Necrozma
|-sidestart|p2: hjk0hr1|move: Stealth Rock
|
|-damage|p2a: Necrozma|57/100 brn|[from] brn
|upkeep
|turn|33
|
|t:|1664209980
|switch|p1a: Marshadow|Marshadow|59/100 par
|-damage|p1a: Marshadow|53/100 par|[from] Stealth Rock
|move|p2a: Necrozma|Morning Sun|p2a: Necrozma
|-heal|p2a: Necrozma|100/100 brn
|
|-damage|p2a: Necrozma|94/100 brn|[from] brn
|upkeep
|turn|34
|
|t:|1664209988
|switch|p2a: Arceus|Arceus-Fairy|100/100
|-damage|p2a: Arceus|88/100|[from] Stealth Rock
|move|p1a: Marshadow|Close Combat|p2a: Arceus
|-resisted|p2a: Arceus
|-damage|p2a: Arceus|58/100
|-unboost|p1a: Marshadow|def|1
|-unboost|p1a: Marshadow|spd|1
|
|upkeep
|turn|35
|
|t:|1664209997
|switch|p1a: Necrozma|Necrozma-Dusk-Mane|88/100
|-damage|p1a: Necrozma|82/100|[from] Stealth Rock
|move|p2a: Arceus|Recover|p2a: Arceus
|-heal|p2a: Arceus|100/100
|
|upkeep
|turn|36
|inactive|dtc07 has 120 seconds left.
|
|t:|1664210027
|switch|p2a: Necrozma|Necrozma-Dusk-Mane, shiny|94/100 brn
|-damage|p2a: Necrozma|88/100 brn|[from] Stealth Rock
|switch|p1a: Ho-Oh|Ho-Oh|100/100 tox
|
|-damage|p1a: Ho-Oh|94/100 tox|[from] psn
|-damage|p2a: Necrozma|82/100 brn|[from] brn
|upkeep
|turn|37
|
|t:|1664210036
|switch|p1a: Marshadow|Marshadow|53/100 par
|-damage|p1a: Marshadow|47/100 par|[from] Stealth Rock
|switch|p2a: Eternatus|Eternatus|100/100
|-damage|p2a: Eternatus|88/100|[from] Stealth Rock
|-ability|p2a: Eternatus|Pressure
|
|upkeep
|turn|38
|
|t:|1664210041
|switch|p1a: Necrozma|Necrozma-Dusk-Mane|82/100
|-damage|p1a: Necrozma|76/100|[from] Stealth Rock
|move|p2a: Eternatus|Dynamax Cannon|p1a: Necrozma
|-resisted|p1a: Necrozma
|-damage|p1a: Necrozma|53/100
|
|upkeep
|turn|39
|
|t:|1664210045
|move|p2a: Eternatus|Flamethrower|p1a: Necrozma
|-supereffective|p1a: Necrozma
|-damage|p1a: Necrozma|11/100
|move|p1a: Necrozma|Morning Sun|p1a: Necrozma
|-heal|p1a: Necrozma|61/100
|
|upkeep
|turn|40
|
|t:|1664210053
|switch|p2a: Necrozma|Necrozma-Dusk-Mane, shiny|82/100 brn
|-damage|p2a: Necrozma|76/100 brn|[from] Stealth Rock
|move|p1a: Necrozma|Morning Sun|p1a: Necrozma
|-heal|p1a: Necrozma|100/100
|
|-damage|p2a: Necrozma|70/100 brn|[from] brn
|upkeep
|turn|41
|
|t:|1664210060
|switch|p2a: Eternatus|Eternatus|88/100
|-damage|p2a: Eternatus|76/100|[from] Stealth Rock
|-ability|p2a: Eternatus|Pressure
|switch|p1a: Yveltal|Yveltal|71/100 par
|-ability|p1a: Yveltal|Dark Aura
|
|upkeep
|turn|42
|
|t:|1664210065
|switch|p1a: Necrozma|Necrozma-Dusk-Mane|100/100
|-damage|p1a: Necrozma|94/100|[from] Stealth Rock
|move|p2a: Eternatus|Meteor Beam||[still]
|-prepare|p2a: Eternatus|Meteor Beam
|-boost|p2a: Eternatus|spa|1
|-enditem|p2a: Eternatus|Power Herb
|-anim|p2a: Eternatus|Meteor Beam|p1a: Necrozma
|-resisted|p1a: Necrozma
|-damage|p1a: Necrozma|66/100
|
|upkeep
|turn|43
|
|t:|1664210069
|move|p2a: Eternatus|Flamethrower|p1a: Necrozma
|-supereffective|p1a: Necrozma
|-damage|p1a: Necrozma|6/100
|-status|p1a: Necrozma|brn
|move|p1a: Necrozma|Thunder Wave|p2a: Eternatus
|-status|p2a: Eternatus|par
|
|-damage|p1a: Necrozma|0 fnt|[from] brn
|faint|p1a: Necrozma
|upkeep
|
|t:|1664210079
|switch|p1a: Mewtwo|Mewtwo|34/100
|-damage|p1a: Mewtwo|21/100|[from] Stealth Rock
|-ability|p1a: Mewtwo|Pressure
|turn|44
|
|t:|1664210092
|switch|p2a: Arceus|Arceus-Dark|94/100
|-damage|p2a: Arceus|82/100|[from] Stealth Rock
|detailschange|p1a: Mewtwo|Mewtwo-Mega-Y
|-mega|p1a: Mewtwo|Mewtwo|Mewtwonite Y
|move|p1a: Mewtwo|Psystrike|p2a: Arceus
|-immune|p2a: Arceus
|
|upkeep
|turn|45
|
|t:|1664210097
|switch|p1a: Yveltal|Yveltal|71/100 par
|-ability|p1a: Yveltal|Dark Aura
|move|p2a: Arceus|Snarl|p1a: Yveltal|[miss]
|-miss|p2a: Arceus|p1a: Yveltal
|
|upkeep
|turn|46
|
|t:|1664210108
|switch|p2a: Arceus|Arceus-Fairy|100/100
|-damage|p2a: Arceus|88/100|[from] Stealth Rock
|move|p1a: Yveltal|Defog|p2a: Arceus
|-unboost|p2a: Arceus|evasion|1
|-sideend|p2: hjk0hr1|Stealth Rock|[from] move: Defog|[of] p1a: Yveltal
|-sideend|p1: dtc07|Stealth Rock|[from] move: Defog|[of] p1a: Yveltal
|
|upkeep
|turn|47
|
|t:|1664210118
|switch|p1a: Ho-Oh|Ho-Oh|100/100 tox
|move|p2a: Arceus|Judgment|p1a: Ho-Oh
|-resisted|p1a: Ho-Oh
|-damage|p1a: Ho-Oh|87/100 tox
|
|-damage|p1a: Ho-Oh|80/100 tox|[from] psn
|upkeep
|turn|48
|
|t:|1664210124
|switch|p2a: Arceus|Arceus-Dark|82/100
|switch|p1a: Zacian|Zacian-Crowned|72/100
|-ability|p1a: Zacian|Intrepid Sword|boost
|-boost|p1a: Zacian|atk|1
|
|upkeep
|turn|49
|
|t:|1664210128
|switch|p2a: Necrozma|Necrozma-Dusk-Mane, shiny|70/100 brn
|move|p1a: Zacian|Swords Dance|p1a: Zacian
|-boost|p1a: Zacian|atk|2
|
|-damage|p2a: Necrozma|64/100 brn|[from] brn
|upkeep
|turn|50
|
|t:|1664210133
|move|p1a: Zacian|Close Combat|p2a: Necrozma
|-damage|p2a: Necrozma|0 fnt
|-unboost|p1a: Zacian|def|1
|-unboost|p1a: Zacian|spd|1
|-damage|p1a: Zacian|55/100|[from] item: Rocky Helmet|[of] p2a: Necrozma
|faint|p2a: Necrozma
|
|upkeep
|
|t:|1664210138
|switch|p2a: Rayquaza|Rayquaza|100/100
|-ability|p2a: Rayquaza|Air Lock
|turn|51
|
|t:|1664210142
|switch|p1a: Ho-Oh|Ho-Oh|100/100 tox
|detailschange|p2a: Rayquaza|Rayquaza-Mega
|-mega|p2a: Rayquaza|Rayquaza|
|-weather|DeltaStream|[from] ability: Delta Stream|[of] p2a: Rayquaza
|move|p2a: Rayquaza|Flamethrower|p1a: Ho-Oh
|-resisted|p1a: Ho-Oh
|-damage|p1a: Ho-Oh|89/100 tox
|
|-weather|DeltaStream|[upkeep]
|-damage|p1a: Ho-Oh|83/100 tox|[from] psn
|upkeep
|turn|52
|
|t:|1664210161
|-weather|none
|switch|p2a: Eternatus|Eternatus|76/100 par
|-ability|p2a: Eternatus|Pressure
|switch|p1a: Mewtwo|Mewtwo-Mega-Y|21/100
|
|upkeep
|turn|53
|
|t:|1664210175
|move|p1a: Mewtwo|Ice Beam|p2a: Eternatus
|-supereffective|p2a: Eternatus
|-damage|p2a: Eternatus|9/100 par
|move|p2a: Eternatus|Flamethrower|p1a: Mewtwo
|-damage|p1a: Mewtwo|0 fnt
|faint|p1a: Mewtwo
|
|upkeep
|
|t:|1664210193
|switch|p1a: Ho-Oh|Ho-Oh|100/100 tox
|turn|54
|
|t:|1664210197
|move|p1a: Ho-Oh|Sacred Fire|p2a: Eternatus
|-resisted|p2a: Eternatus
|-damage|p2a: Eternatus|0 fnt
|faint|p2a: Eternatus
|
|-damage|p1a: Ho-Oh|94/100 tox|[from] psn
|upkeep
|
|t:|1664210201
|switch|p2a: Rayquaza|Rayquaza-Mega|100/100
|-weather|DeltaStream|[from] ability: Delta Stream|[of] p2a: Rayquaza
|turn|55
|
|t:|1664210209
|switch|p1a: Yveltal|Yveltal|71/100 par
|-ability|p1a: Yveltal|Dark Aura
|move|p2a: Rayquaza|Dragon Ascent|p1a: Yveltal
|-damage|p1a: Yveltal|16/100 par
|-unboost|p2a: Rayquaza|def|1
|-unboost|p2a: Rayquaza|spd|1
|
|-weather|DeltaStream|[upkeep]
|upkeep
|turn|56
|
|t:|1664210213
|move|p2a: Rayquaza|Dragon Ascent|p1a: Yveltal
|-damage|p1a: Yveltal|0 fnt
|-unboost|p2a: Rayquaza|def|1
|-unboost|p2a: Rayquaza|spd|1
|faint|p1a: Yveltal
|
|-weather|DeltaStream|[upkeep]
|upkeep
|
|t:|1664210217
|switch|p1a: Marshadow|Marshadow|47/100 par
|turn|57
|
|t:|1664210225
|-weather|none
|switch|p2a: Arceus|Arceus-Fairy|88/100
|move|p1a: Marshadow|Shadow Sneak|p2a: Arceus
|-damage|p2a: Arceus|55/100
|
|upkeep
|turn|58
|
|t:|1664210235
|switch|p2a: Rayquaza|Rayquaza-Mega|100/100
|-weather|DeltaStream|[from] ability: Delta Stream|[of] p2a: Rayquaza
|switch|p1a: Ho-Oh|Ho-Oh|100/100 tox
|
|-weather|DeltaStream|[upkeep]
|-damage|p1a: Ho-Oh|94/100 tox|[from] psn
|upkeep
|turn|59
|
|t:|1664210251
|-start|p1a: Ho-Oh|Dynamax|
|-heal|p1a: Ho-Oh|94/100 tox|[silent]
|move|p2a: Rayquaza|Dragon Ascent|p1a: Ho-Oh
|-damage|p1a: Ho-Oh|71/100 tox
|-unboost|p2a: Rayquaza|def|1
|-unboost|p2a: Rayquaza|spd|1
|move|p1a: Ho-Oh|Max Flare|p2a: Rayquaza
|-resisted|p2a: Rayquaza
|-damage|p2a: Rayquaza|62/100
|
|-weather|DeltaStream|[upkeep]
|-damage|p1a: Ho-Oh|65/100 tox|[from] psn
|upkeep
|turn|60
|
|t:|1664210256
|-weather|none
|switch|p2a: Arceus|Arceus-Dark|82/100
|move|p1a: Ho-Oh|Max Flare|p2a: Arceus
|-damage|p2a: Arceus|47/100
|-weather|SunnyDay
|
|-weather|SunnyDay|[upkeep]
|-damage|p1a: Ho-Oh|56/100 tox|[from] psn
|upkeep
|turn|61
|
|t:|1664210263
|-end|p1a: Ho-Oh|Dynamax
|-heal|p1a: Ho-Oh|56/100 tox|[silent]
|switch|p1a: Zacian|Zacian-Crowned|55/100
|-ability|p1a: Zacian|Intrepid Sword|boost
|-boost|p1a: Zacian|atk|1
|move|p2a: Arceus|Recover|p2a: Arceus
|-heal|p2a: Arceus|97/100
|
|-weather|SunnyDay|[upkeep]
|upkeep
|turn|62
|
|t:|1664210270
|move|p1a: Zacian|Behemoth Blade|p2a: Arceus
|-damage|p2a: Arceus|35/100
|move|p2a: Arceus|Snarl|p1a: Zacian
|-resisted|p1a: Zacian
|-damage|p1a: Zacian|42/100
|-unboost|p1a: Zacian|spa|1
|
|-weather|SunnyDay|[upkeep]
|upkeep
|turn|63
|
|t:|1664210275
|move|p1a: Zacian|Behemoth Blade|p2a: Arceus
|-damage|p2a: Arceus|0 fnt
|faint|p2a: Arceus
|
|-weather|SunnyDay|[upkeep]
|upkeep
|
|t:|1664210278
|switch|p2a: Rayquaza|Rayquaza-Mega|62/100
|-weather|DeltaStream|[from] ability: Delta Stream|[of] p2a: Rayquaza
|turn|64
|
|t:|1664210284
|switch|p1a: Ho-Oh|Ho-Oh|89/100 tox
|move|p2a: Rayquaza|Flamethrower|p1a: Ho-Oh
|-resisted|p1a: Ho-Oh
|-damage|p1a: Ho-Oh|78/100 tox
|
|-weather|DeltaStream|[upkeep]
|-damage|p1a: Ho-Oh|72/100 tox|[from] psn
|upkeep
|turn|65
|
|t:|1664210293
|-weather|none
|switch|p2a: Arceus|Arceus-Fairy|55/100
|switch|p1a: Marshadow|Marshadow|47/100 par
|
|upkeep
|turn|66
|
|t:|1664210297
|switch|p1a: Ho-Oh|Ho-Oh|100/100 tox
|move|p2a: Arceus|Judgment|p1a: Ho-Oh
|-resisted|p1a: Ho-Oh
|-damage|p1a: Ho-Oh|88/100 tox
|
|-damage|p1a: Ho-Oh|82/100 tox|[from] psn
|upkeep
|turn|67
|
|t:|1664210303
|move|p2a: Arceus|Recover|p2a: Arceus
|-heal|p2a: Arceus|100/100
|move|p1a: Ho-Oh|Sacred Fire|p2a: Arceus
|-crit|p2a: Arceus
|-damage|p2a: Arceus|56/100
|
|-damage|p1a: Ho-Oh|70/100 tox|[from] psn
|upkeep
|turn|68
|
|t:|1664210309
|switch|p1a: Zacian|Zacian-Crowned|42/100
|-ability|p1a: Zacian|Intrepid Sword|boost
|-boost|p1a: Zacian|atk|1
|move|p2a: Arceus|Recover|p2a: Arceus
|-heal|p2a: Arceus|100/100
|
|upkeep
|turn|69
|
|t:|1664210315
|move|p1a: Zacian|Behemoth Blade|p2a: Arceus
|-supereffective|p2a: Arceus
|-damage|p2a: Arceus|0 fnt
|faint|p2a: Arceus
|
|upkeep
|
|t:|1664210318
|switch|p2a: Rayquaza|Rayquaza-Mega|62/100
|-weather|DeltaStream|[from] ability: Delta Stream|[of] p2a: Rayquaza
|turn|70
|
|t:|1664210328
|switch|p1a: Marshadow|Marshadow|47/100 par
|move|p2a: Rayquaza|Dragon Ascent|p1a: Marshadow
|-supereffective|p1a: Marshadow
|-damage|p1a: Marshadow|0 fnt
|-unboost|p2a: Rayquaza|def|1
|-unboost|p2a: Rayquaza|spd|1
|faint|p1a: Marshadow
|
|-weather|DeltaStream|[upkeep]
|upkeep
|
|t:|1664210332
|switch|p1a: Ho-Oh|Ho-Oh|100/100 tox
|turn|71
|
|t:|1664210336
|move|p2a: Rayquaza|Dragon Ascent|p1a: Ho-Oh
|-damage|p1a: Ho-Oh|54/100 tox
|-unboost|p2a: Rayquaza|def|1
|-unboost|p2a: Rayquaza|spd|1
|move|p1a: Ho-Oh|Sacred Fire|p2a: Rayquaza
|-resisted|p2a: Rayquaza
|-damage|p2a: Rayquaza|24/100
|
|-weather|DeltaStream|[upkeep]
|-damage|p1a: Ho-Oh|48/100 tox|[from] psn
|upkeep
|turn|72
|inactive|dtc07 has 120 seconds left.
|inactive|dtc07 has 90 seconds left.
|
|t:|1664210403
|move|p2a: Rayquaza|Dragon Ascent|p1a: Ho-Oh
|-damage|p1a: Ho-Oh|3/100 tox
|-unboost|p2a: Rayquaza|def|1
|-unboost|p2a: Rayquaza|spd|1
|move|p1a: Ho-Oh|Sacred Fire|p2a: Rayquaza
|-resisted|p2a: Rayquaza
|-damage|p2a: Rayquaza|0 fnt
|faint|p2a: Rayquaza
|-weather|none
|
|-damage|p1a: Ho-Oh|0 fnt|[from] psn
|faint|p1a: Ho-Oh
|upkeep
|
|t:|1664210407
|switch|p2a: Zacian|Zacian-Crowned|100/100
|switch|p1a: Zacian|Zacian-Crowned|42/100
|-ability|p1a: Zacian|Intrepid Sword|boost
|-boost|p1a: Zacian|atk|1
|-ability|p2a: Zacian|Intrepid Sword|boost
|-boost|p2a: Zacian|atk|1
|turn|73
|c|☆dtc07|speed tie time
|c|☆dtc07|whoever wins it wins
|
|t:|1664210422
|move|p1a: Zacian|Behemoth Blade|p2a: Zacian
|-damage|p2a: Zacian|19/100
|move|p2a: Zacian|Behemoth Blade|p1a: Zacian
|-damage|p1a: Zacian|0 fnt
|faint|p1a: Zacian
|
|win|hjk0hr1
|raw|dtc07's rating: 1822 &rarr; <strong>1804</strong><br />(-18 for losing)
|raw|hjk0hr1's rating: 1861 &rarr; <strong>1879</strong><br />(+18 for winning)
|c|☆hjk0hr1|lol
|c|☆dtc07|oh nvm
|c|☆hjk0hr1|gg
|c|☆dtc07|gg
