|j|☆zxcDOWN
|j|☆Lord Rekkuza
|t:|1661263107
|gametype|singles
|player|p1|zxcDOWN|266|1860
|player|p2|Lord Rekkuza|lance-masters|1787
|teamsize|p1|6
|teamsize|p2|6
|gen|8
|tier|[Gen 8] National Dex AG
|rated|
|rule|HP Percentage Mod: HP is shown in percentages
|rule|Endless Battle Clause: Forcing endless battles is banned
|clearpoke
|poke|p1|Yveltal|
|poke|p1|Necrozma-Dusk-Mane|
|poke|p1|Ditto|
|poke|p1|Rayquaza|
|poke|p1|Zacian-*|
|poke|p1|Arceus-*|
|poke|p2|Rayquaza|
|poke|p2|Necrozma-Dusk-Mane|
|poke|p2|Arceus-*|
|poke|p2|Arceus-*|
|poke|p2|Yveltal|
|poke|p2|Arceus-*|
|teampreview
|inactive|Battle timer is ON: inactive players will automatically lose when time's up. (requested by Lord Rekkuza)
|
|t:|1661263134
|start
|switch|p1a: Necrozma|Necrozma-Dusk-Mane|100/100
|switch|p2a: Arceus|Arceus-Ground|100/100
|turn|1
|
|t:|1661263142
|move|p2a: Arceus|Calm Mind|p2a: Arceus
|-boost|p2a: Arceus|spa|1
|-boost|p2a: Arceus|spd|1
|move|p1a: Necrozma|Stealth Rock|p2a: Arceus
|-sidestart|p2: Lord Rekkuza|move: Stealth Rock
|
|upkeep
|turn|2
|
|t:|1661263153
|switch|p1a: Yveltal|Yveltal|100/100
|-ability|p1a: Yveltal|Dark Aura
|move|p2a: Arceus|Judgment|p1a: Yveltal
|-immune|p1a: Yveltal
|
|upkeep
|turn|3
|
|t:|1661263161
|-start|p1a: Yveltal|Dynamax|
|-heal|p1a: Yveltal|100/100|[silent]
|move|p2a: Arceus|Ice Beam|p1a: Yveltal
|-supereffective|p1a: Yveltal
|-damage|p1a: Yveltal|60/100
|move|p1a: Yveltal|Max Darkness|p2a: Arceus
|-damage|p2a: Arceus|41/100
|-unboost|p2a: Arceus|spd|1
|-damage|p1a: Yveltal|55/100|[from] item: Life Orb
|
|upkeep
|turn|4
|
|t:|1661263175
|switch|p2a: Arceus|Arceus-Dark|100/100
|-damage|p2a: Arceus|88/100|[from] Stealth Rock
|move|p1a: Yveltal|Max Airstream|p2a: Arceus
|-damage|p2a: Arceus|44/100
|-boost|p1a: Yveltal|spe|1
|-damage|p1a: Yveltal|50/100|[from] item: Life Orb
|
|upkeep
|turn|5
|j| v87
|
|t:|1661263197
|move|p1a: Yveltal|Max Airstream|p2a: Arceus
|-damage|p2a: Arceus|0 fnt
|-boost|p1a: Yveltal|spe|1
|faint|p2a: Arceus
|-damage|p1a: Yveltal|45/100|[from] item: Life Orb
|
|upkeep
|
|t:|1661263210
|switch|p2a: Yveltal|Yveltal|100/100
|-damage|p2a: Yveltal|76/100|[from] Stealth Rock
|-ability|p2a: Yveltal|Dark Aura
|-end|p1a: Yveltal|Dynamax
|-heal|p1a: Yveltal|45/100|[silent]
|turn|6
|
|t:|1661263235
|switch|p1a: Arceus|Arceus-Ground|100/100
|move|p2a: Yveltal|Oblivion Wing|p1a: Arceus
|-damage|p1a: Arceus|65/100
|-heal|p2a: Yveltal|100/100|[from] drain|[of] p1a: Arceus
|-damage|p2a: Yveltal|91/100|[from] item: Life Orb
|
|upkeep
|turn|7
|
|t:|1661263244
|switch|p2a: Arceus|Arceus-Water|100/100
|-damage|p2a: Arceus|88/100|[from] Stealth Rock
|move|p1a: Arceus|Ancient Power|p2a: Arceus
|-damage|p2a: Arceus|78/100
|
|upkeep
|turn|8
|
|t:|1661263258
|move|p1a: Arceus|Recover|p1a: Arceus
|-heal|p1a: Arceus|100/100
|move|p2a: Arceus|Toxic|p1a: Arceus|[miss]
|-miss|p2a: Arceus|p1a: Arceus
|
|upkeep
|turn|9
|
|t:|1661263267
|switch|p1a: Necrozma|Necrozma-Dusk-Mane|100/100
|move|p2a: Arceus|Defog|p1a: Necrozma
|-unboost|p1a: Necrozma|evasion|1
|-sideend|p2: Lord Rekkuza|Stealth Rock|[from] move: Defog|[of] p2a: Arceus
|
|upkeep
|turn|10
|
|t:|1661263275
|switch|p2a: Arceus|Arceus-Ground|41/100
|move|p1a: Necrozma|Knock Off|p2a: Arceus
|-damage|p2a: Arceus|24/100
|
|upkeep
|turn|11
|
|t:|1661263280
|move|p2a: Arceus|Recover|p2a: Arceus
|-heal|p2a: Arceus|75/100
|move|p1a: Necrozma|Toxic|p2a: Arceus|[miss]
|-miss|p1a: Necrozma|p2a: Arceus
|
|upkeep
|turn|12
|
|t:|1661263296
|switch|p2a: Necrozma|Necrozma-Dusk-Mane|100/100
|move|p1a: Necrozma|Toxic|p2a: Necrozma
|-immune|p2a: Necrozma
|
|upkeep
|turn|13
|
|t:|1661263302
|move|p1a: Necrozma|Stealth Rock|p2a: Necrozma
|-sidestart|p2: Lord Rekkuza|move: Stealth Rock
|move|p2a: Necrozma|Thunder Wave|p1a: Necrozma
|-status|p1a: Necrozma|par
|
|upkeep
|turn|14
|
|t:|1661263308
|move|p2a: Necrozma|Stealth Rock|p1a: Necrozma
|-sidestart|p1: zxcDOWN|move: Stealth Rock
|move|p1a: Necrozma|Knock Off|p2a: Necrozma
|-supereffective|p2a: Necrozma
|-damage|p2a: Necrozma|72/100
|-damage|p1a: Necrozma|84/100 par|[from] item: Rocky Helmet|[of] p2a: Necrozma
|-enditem|p2a: Necrozma|Rocky Helmet|[from] move: Knock Off|[of] p1a: Necrozma
|
|upkeep
|turn|15
|
|t:|1661263316
|switch|p1a: Arceus|Arceus-Ground|100/100
|-damage|p1a: Arceus|94/100|[from] Stealth Rock
|move|p2a: Necrozma|Morning Sun|p2a: Necrozma
|-heal|p2a: Necrozma|100/100
|
|upkeep
|turn|16
|
|t:|1661263326
|switch|p2a: Arceus|Arceus-Ground|75/100
|-damage|p2a: Arceus|68/100|[from] Stealth Rock
|move|p1a: Arceus|Judgment|p2a: Arceus
|-damage|p2a: Arceus|30/100
|
|upkeep
|turn|17
|
|t:|1661263332
|move|p2a: Arceus|Recover|p2a: Arceus
|-heal|p2a: Arceus|81/100
|move|p1a: Arceus|Judgment|p2a: Arceus
|-damage|p2a: Arceus|44/100
|
|upkeep
|turn|18
|
|t:|1661263344
|move|p2a: Arceus|Recover|p2a: Arceus
|-heal|p2a: Arceus|94/100
|move|p1a: Arceus|Defog|p2a: Arceus
|-unboost|p2a: Arceus|evasion|1
|-sideend|p2: Lord Rekkuza|Stealth Rock|[from] move: Defog|[of] p1a: Arceus
|-sideend|p1: zxcDOWN|Stealth Rock|[from] move: Defog|[of] p1a: Arceus
|
|upkeep
|turn|19
|
|t:|1661263350
|move|p2a: Arceus|Calm Mind|p2a: Arceus
|-boost|p2a: Arceus|spa|1
|-boost|p2a: Arceus|spd|1
|move|p1a: Arceus|Judgment|p2a: Arceus
|-damage|p2a: Arceus|68/100
|
|upkeep
|turn|20
|
|t:|1661263356
|move|p2a: Arceus|Recover|p2a: Arceus
|-heal|p2a: Arceus|100/100
|move|p1a: Arceus|Ancient Power|p2a: Arceus
|-resisted|p2a: Arceus
|-damage|p2a: Arceus|96/100
|
|upkeep
|turn|21
|
|t:|1661263367
|switch|p1a: Necrozma|Necrozma-Dusk-Mane|84/100 par
|move|p2a: Arceus|Calm Mind|p2a: Arceus
|-boost|p2a: Arceus|spa|1
|-boost|p2a: Arceus|spd|1
|
|upkeep
|turn|22
|
|t:|1661263373
|move|p2a: Arceus|Judgment|p1a: Necrozma
|-supereffective|p1a: Necrozma
|-damage|p1a: Necrozma|0 fnt
|faint|p1a: Necrozma
|
|upkeep
|
|t:|1661263378
|switch|p1a: Ditto|Ditto|100/100
|-transform|p1a: Ditto|p2a: Arceus|[from] ability: Imposter
|turn|23
|
|t:|1661263384
|move|p1a: Ditto|Ice Beam|p2a: Arceus
|-supereffective|p2a: Arceus
|-damage|p2a: Arceus|54/100
|move|p2a: Arceus|Calm Mind|p2a: Arceus
|-boost|p2a: Arceus|spa|1
|-boost|p2a: Arceus|spd|1
|
|upkeep
|turn|24
|
|t:|1661263390
|move|p1a: Ditto|Ice Beam|p2a: Arceus
|-supereffective|p2a: Arceus
|-damage|p2a: Arceus|19/100
|move|p2a: Arceus|Recover|p2a: Arceus
|-heal|p2a: Arceus|69/100
|
|upkeep
|turn|25
|
|t:|1661263395
|move|p1a: Ditto|Ice Beam|p2a: Arceus
|-supereffective|p2a: Arceus
|-damage|p2a: Arceus|33/100
|move|p2a: Arceus|Recover|p2a: Arceus
|-heal|p2a: Arceus|83/100
|
|upkeep
|turn|26
|
|t:|1661263401
|move|p1a: Ditto|Ice Beam|p2a: Arceus
|-supereffective|p2a: Arceus
|-damage|p2a: Arceus|49/100
|move|p2a: Arceus|Recover|p2a: Arceus
|-heal|p2a: Arceus|99/100
|
|upkeep
|turn|27
|
|t:|1661263418
|switch|p1a: Rayquaza|Rayquaza|100/100
|-ability|p1a: Rayquaza|Air Lock
|move|p2a: Arceus|Recover|p2a: Arceus
|-heal|p2a: Arceus|100/100
|
|upkeep
|turn|28
|
|t:|1661263425
|detailschange|p1a: Rayquaza|Rayquaza-Mega
|-mega|p1a: Rayquaza|Rayquaza|
|-weather|DeltaStream|[from] ability: Delta Stream|[of] p1a: Rayquaza
|move|p2a: Arceus|Ice Beam|p1a: Rayquaza
|-activate||deltastream
|-supereffective|p1a: Rayquaza
|-enditem|p1a: Rayquaza|Focus Sash
|-damage|p1a: Rayquaza|1/100
|move|p1a: Rayquaza|Dragon Ascent|p2a: Arceus
|-damage|p2a: Arceus|41/100
|-unboost|p1a: Rayquaza|def|1
|-unboost|p1a: Rayquaza|spd|1
|
|-weather|DeltaStream|[upkeep]
|upkeep
|turn|29
|inactive|zxcDOWN has 120 seconds left.
|
|t:|1661263455
|-weather|none
|switch|p1a: Zacian|Zacian-Crowned|100/100
|-ability|p1a: Zacian|Intrepid Sword|boost
|-boost|p1a: Zacian|atk|1
|move|p2a: Arceus|Recover|p2a: Arceus
|-heal|p2a: Arceus|91/100
|
|upkeep
|turn|30
|inactive|zxcDOWN has 120 seconds left.
|
|t:|1661263473
|switch|p1a: Ditto|Ditto|100/100
|-transform|p1a: Ditto|p2a: Arceus|[from] ability: Imposter
|move|p2a: Arceus|Judgment|p1a: Ditto
|-damage|p1a: Ditto|38/100
|
|upkeep
|turn|31
|inactive|zxcDOWN has 120 seconds left.
|
|t:|1661263485
|move|p1a: Ditto|Judgment|p2a: Arceus
|-crit|p2a: Arceus
|-damage|p2a: Arceus|0 fnt
|faint|p2a: Arceus
|
|upkeep
|c|☆Lord Rekkuza|Fun
|
|t:|1661263498
|switch|p2a: Yveltal|Yveltal|91/100
|-ability|p2a: Yveltal|Dark Aura
|turn|32
|c|☆zxcDOWN|lol
|
|t:|1661263508
|switch|p1a: Arceus|Arceus-Ground|94/100
|move|p2a: Yveltal|Oblivion Wing|p1a: Arceus
|-damage|p1a: Arceus|59/100
|-heal|p2a: Yveltal|100/100|[from] drain|[of] p1a: Arceus
|-damage|p2a: Yveltal|91/100|[from] item: Life Orb
|
|upkeep
|turn|33
|
|t:|1661263519
|switch|p2a: Arceus|Arceus-Water|78/100
|move|p1a: Arceus|Recover|p1a: Arceus
|-heal|p1a: Arceus|100/100
|
|upkeep
|turn|34
|
|t:|1661263529
|move|p1a: Arceus|Ancient Power|p2a: Arceus
|-damage|p2a: Arceus|68/100
|move|p2a: Arceus|Toxic|p1a: Arceus
|-status|p1a: Arceus|tox
|
|-damage|p1a: Arceus|94/100 tox|[from] psn
|upkeep
|turn|35
|
|t:|1661263546
|switch|p1a: Yveltal|Yveltal|45/100
|-ability|p1a: Yveltal|Dark Aura
|move|p2a: Arceus|Recover|p2a: Arceus
|-heal|p2a: Arceus|100/100
|
|upkeep
|turn|36
|
|t:|1661263566
|switch|p2a: Yveltal|Yveltal|91/100
|-ability|p2a: Yveltal|Dark Aura
|move|p1a: Yveltal|Oblivion Wing|p2a: Yveltal
|-damage|p2a: Yveltal|38/100
|-heal|p1a: Yveltal|85/100|[from] drain|[of] p2a: Yveltal
|-damage|p1a: Yveltal|75/100|[from] item: Life Orb
|
|upkeep
|turn|37
|
|t:|1661263577
|switch|p1a: Zacian|Zacian-Crowned|100/100
|-ability|p1a: Zacian|Intrepid Sword|boost
|-boost|p1a: Zacian|atk|1
|move|p2a: Yveltal|Oblivion Wing|p1a: Zacian
|-resisted|p1a: Zacian
|-damage|p1a: Zacian|72/100
|-heal|p2a: Yveltal|56/100|[from] drain|[of] p1a: Zacian
|-damage|p2a: Yveltal|46/100|[from] item: Life Orb
|
|upkeep
|turn|38
|
|t:|1661263586
|switch|p2a: Necrozma|Necrozma-Dusk-Mane|100/100
|move|p1a: Zacian|Behemoth Blade|p2a: Necrozma
|-resisted|p2a: Necrozma
|-damage|p2a: Necrozma|74/100
|
|upkeep
|turn|39
|
|t:|1661263611
|move|p1a: Zacian|Close Combat|p2a: Necrozma
|-damage|p2a: Necrozma|31/100
|-unboost|p1a: Zacian|def|1
|-unboost|p1a: Zacian|spd|1
|move|p2a: Necrozma|Stealth Rock|p1a: Zacian
|-sidestart|p1: zxcDOWN|move: Stealth Rock
|
|upkeep
|turn|40
|
|t:|1661263626
|switch|p2a: Arceus|Arceus-Water|100/100
|move|p1a: Zacian|Close Combat|p2a: Arceus
|-damage|p2a: Arceus|57/100
|-unboost|p1a: Zacian|def|1
|-unboost|p1a: Zacian|spd|1
|
|upkeep
|turn|41
|
|t:|1661263634
|switch|p1a: Arceus|Arceus-Ground|94/100 tox
|-damage|p1a: Arceus|88/100 tox|[from] Stealth Rock
|move|p2a: Arceus|Recover|p2a: Arceus
|-heal|p2a: Arceus|100/100
|
|-damage|p1a: Arceus|82/100 tox|[from] psn
|upkeep
|turn|42
|
|t:|1661263650
|move|p1a: Arceus|Defog|p2a: Arceus
|-unboost|p2a: Arceus|evasion|1
|-sideend|p1: zxcDOWN|Stealth Rock|[from] move: Defog|[of] p1a: Arceus
|move|p2a: Arceus|Ice Beam|p1a: Arceus
|-supereffective|p1a: Arceus
|-damage|p1a: Arceus|56/100 tox
|
|-damage|p1a: Arceus|44/100 tox|[from] psn
|upkeep
|turn|43
|
|t:|1661263660
|switch|p1a: Zacian|Zacian-Crowned|72/100
|-ability|p1a: Zacian|Intrepid Sword|boost
|-boost|p1a: Zacian|atk|1
|move|p2a: Arceus|Ice Beam|p1a: Zacian
|-resisted|p1a: Zacian
|-damage|p1a: Zacian|60/100
|
|upkeep
|turn|44
|
|t:|1661263669
|move|p1a: Zacian|Play Rough|p2a: Arceus
|-damage|p2a: Arceus|52/100
|move|p2a: Arceus|Ice Beam|p1a: Zacian
|-resisted|p1a: Zacian
|-damage|p1a: Zacian|49/100
|-status|p1a: Zacian|frz
|
|upkeep
|turn|45
|
|t:|1661263680
|cant|p1a: Zacian|frz
|move|p2a: Arceus|Recover|p2a: Arceus
|-heal|p2a: Arceus|100/100
|
|upkeep
|turn|46
|
|t:|1661263684
|cant|p1a: Zacian|frz
|move|p2a: Arceus|Ice Beam|p1a: Zacian
|-resisted|p1a: Zacian
|-damage|p1a: Zacian|39/100 frz
|
|upkeep
|turn|47
|
|t:|1661263693
|cant|p1a: Zacian|frz
|move|p2a: Arceus|Ice Beam|p1a: Zacian
|-resisted|p1a: Zacian
|-damage|p1a: Zacian|27/100 frz
|
|upkeep
|turn|48
|
|t:|1661263698
|cant|p1a: Zacian|frz
|move|p2a: Arceus|Ice Beam|p1a: Zacian
|-resisted|p1a: Zacian
|-damage|p1a: Zacian|16/100 frz
|
|upkeep
|turn|49
|
|t:|1661263703
|cant|p1a: Zacian|frz
|move|p2a: Arceus|Ice Beam|p1a: Zacian
|-resisted|p1a: Zacian
|-damage|p1a: Zacian|6/100 frz
|
|upkeep
|turn|50
|c|☆zxcDOWN|uhm
|
|t:|1661263727
|switch|p1a: Ditto|Ditto|38/100
|-transform|p1a: Ditto|p2a: Arceus|[from] ability: Imposter
|move|p2a: Arceus|Ice Beam|p1a: Ditto
|-resisted|p1a: Ditto
|-damage|p1a: Ditto|26/100
|-status|p1a: Ditto|frz
|
|upkeep
|turn|51
|c|☆Lord Rekkuza|Lmaoo
|c|☆zxcDOWN|rly
|
|t:|1661263739
|switch|p2a: Necrozma|Necrozma-Dusk-Mane|31/100
|cant|p1a: Ditto|frz
|
|upkeep
|turn|52
|
|t:|1661263746
|-curestatus|p1a: Ditto|frz|[msg]
|move|p1a: Ditto|Recover|p1a: Ditto
|-heal|p1a: Ditto|76/100
|move|p2a: Necrozma|Morning Sun|p2a: Necrozma
|-heal|p2a: Necrozma|81/100
|
|upkeep
|turn|53
|
|t:|1661263756
|switch|p1a: Rayquaza|Rayquaza-Mega|1/100
|-weather|DeltaStream|[from] ability: Delta Stream|[of] p1a: Rayquaza
|move|p2a: Necrozma|Thunder Wave|p1a: Rayquaza
|-status|p1a: Rayquaza|par
|
|-weather|DeltaStream|[upkeep]
|upkeep
|turn|54
|
|t:|1661263766
|move|p2a: Necrozma|Sunsteel Strike|p1a: Rayquaza
|-damage|p1a: Rayquaza|0 fnt
|faint|p1a: Rayquaza
|-weather|none
|
|upkeep
|
|t:|1661263777
|switch|p1a: Yveltal|Yveltal|75/100
|-ability|p1a: Yveltal|Dark Aura
|turn|55
|
|t:|1661263783
|move|p1a: Yveltal|Dark Pulse|p2a: Necrozma
|-supereffective|p2a: Necrozma
|-damage|p2a: Necrozma|0 fnt
|faint|p2a: Necrozma
|-damage|p1a: Yveltal|65/100|[from] item: Life Orb
|
|upkeep
|
|t:|1661263791
|switch|p2a: Rayquaza|Rayquaza|100/100
|-ability|p2a: Rayquaza|Air Lock
|turn|56
|
|t:|1661263801
|detailschange|p2a: Rayquaza|Rayquaza-Mega
|-mega|p2a: Rayquaza|Rayquaza|
|-weather|DeltaStream|[from] ability: Delta Stream|[of] p2a: Rayquaza
|move|p1a: Yveltal|Sucker Punch|p2a: Rayquaza
|-damage|p2a: Rayquaza|58/100
|-damage|p1a: Yveltal|55/100|[from] item: Life Orb
|move|p2a: Rayquaza|Dragon Ascent|p1a: Yveltal
|-damage|p1a: Yveltal|0 fnt
|-unboost|p2a: Rayquaza|def|1
|-unboost|p2a: Rayquaza|spd|1
|faint|p1a: Yveltal
|-damage|p2a: Rayquaza|48/100|[from] item: Life Orb
|
|-weather|DeltaStream|[upkeep]
|upkeep
|
|t:|1661263816
|switch|p1a: Ditto|Ditto|76/100
|-transform|p1a: Ditto|p2a: Rayquaza|[from] ability: Imposter
|turn|57
|
|t:|1661263821
|switch|p2a: Arceus|Arceus-Water|100/100
|move|p1a: Ditto|Extreme Speed|p2a: Arceus
|-damage|p2a: Arceus|83/100
|
|-weather|DeltaStream|[upkeep]
|upkeep
|turn|58
|
|t:|1661263829
|-weather|none
|switch|p1a: Arceus|Arceus-Ground|44/100 tox
|move|p2a: Arceus|Ice Beam|p1a: Arceus
|-supereffective|p1a: Arceus
|-damage|p1a: Arceus|19/100 tox
|
|-damage|p1a: Arceus|13/100 tox|[from] psn
|upkeep
|turn|59
|
|t:|1661263837
|move|p1a: Arceus|Recover|p1a: Arceus
|-heal|p1a: Arceus|63/100 tox
|move|p2a: Arceus|Ice Beam|p1a: Arceus
|-supereffective|p1a: Arceus
|-damage|p1a: Arceus|34/100 tox
|
|-damage|p1a: Arceus|22/100 tox|[from] psn
|upkeep
|turn|60
|l| v87
|
|t:|1661263848
|switch|p1a: Ditto|Ditto|76/100
|-transform|p1a: Ditto|p2a: Arceus|[from] ability: Imposter
|move|p2a: Arceus|Ice Beam|p1a: Ditto
|-resisted|p1a: Ditto
|-damage|p1a: Ditto|64/100
|
|upkeep
|turn|61
|j| v87
|l| v87
|
|t:|1661263859
|move|p1a: Ditto|Toxic|p2a: Arceus
|-status|p2a: Arceus|tox
|move|p2a: Arceus|Toxic|p1a: Ditto
|-status|p1a: Ditto|tox
|
|-damage|p1a: Ditto|58/100 tox|[from] psn
|-damage|p2a: Arceus|77/100 tox|[from] psn
|upkeep
|turn|62
|
|t:|1661263879
|switch|p1a: Zacian|Zacian-Crowned|6/100 frz
|-ability|p1a: Zacian|Intrepid Sword|boost
|-boost|p1a: Zacian|atk|1
|move|p2a: Arceus|Recover|p2a: Arceus
|-heal|p2a: Arceus|100/100 tox
|
|-damage|p2a: Arceus|88/100 tox|[from] psn
|upkeep
|turn|63
|
|t:|1661263890
|cant|p1a: Zacian|frz
|move|p2a: Arceus|Ice Beam|p1a: Zacian
|-resisted|p1a: Zacian
|-damage|p1a: Zacian|0 fnt
|faint|p1a: Zacian
|
|-damage|p2a: Arceus|70/100 tox|[from] psn
|upkeep
|inactive|zxcDOWN has 120 seconds left.
|
|t:|1661263906
|switch|p1a: Arceus|Arceus-Ground|22/100 tox
|turn|64
|
|t:|1661263910
|move|p1a: Arceus|Recover|p1a: Arceus
|-heal|p1a: Arceus|72/100 tox
|move|p2a: Arceus|Ice Beam|p1a: Arceus
|-supereffective|p1a: Arceus
|-damage|p1a: Arceus|45/100 tox
|
|-damage|p1a: Arceus|39/100 tox|[from] psn
|-damage|p2a: Arceus|46/100 tox|[from] psn
|upkeep
|turn|65
|
|t:|1661263919
|move|p1a: Arceus|Recover|p1a: Arceus
|-heal|p1a: Arceus|89/100 tox
|move|p2a: Arceus|Ice Beam|p1a: Arceus
|-supereffective|p1a: Arceus
|-damage|p1a: Arceus|61/100 tox
|
|-damage|p1a: Arceus|49/100 tox|[from] psn
|-damage|p2a: Arceus|15/100 tox|[from] psn
|upkeep
|turn|66
|
|t:|1661263929
|switch|p1a: Ditto|Ditto|58/100 tox
|-transform|p1a: Ditto|p2a: Arceus|[from] ability: Imposter
|move|p2a: Arceus|Ice Beam|p1a: Ditto
|-resisted|p1a: Ditto
|-damage|p1a: Ditto|46/100 tox
|
|-damage|p1a: Ditto|40/100 tox|[from] psn
|-damage|p2a: Arceus|0 fnt|[from] psn
|faint|p2a: Arceus
|upkeep
|
|t:|1661263935
|switch|p2a: Yveltal|Yveltal|46/100
|-ability|p2a: Yveltal|Dark Aura
|turn|67
|
|t:|1661263960
|-start|p2a: Yveltal|Dynamax|
|-heal|p2a: Yveltal|46/100|[silent]
|move|p1a: Ditto|Ice Beam|p2a: Yveltal
|-supereffective|p2a: Yveltal
|-damage|p2a: Yveltal|23/100
|-status|p2a: Yveltal|frz
|cant|p2a: Yveltal|frz
|
|-damage|p1a: Ditto|28/100 tox|[from] psn
|upkeep
|turn|68
|c|☆Lord Rekkuza|Wow
|
|t:|1661263980
|move|p1a: Ditto|Ice Beam|p2a: Yveltal
|-supereffective|p2a: Yveltal
|-damage|p2a: Yveltal|2/100 frz
|cant|p2a: Yveltal|frz
|
|-damage|p1a: Ditto|10/100 tox|[from] psn
|upkeep
|turn|69
|
|t:|1661263989
|switch|p1a: Arceus|Arceus-Ground|49/100 tox
|cant|p2a: Yveltal|frz
|
|-damage|p1a: Arceus|43/100 tox|[from] psn
|upkeep
|-end|p2a: Yveltal|Dynamax
|-heal|p2a: Yveltal|2/100 frz|[silent]
|turn|70
|
|t:|1661264000
|cant|p2a: Yveltal|frz
|move|p1a: Arceus|Recover|p1a: Arceus
|-heal|p1a: Arceus|93/100 tox
|
|-damage|p1a: Arceus|80/100 tox|[from] psn
|upkeep
|turn|71
|
|t:|1661264006
|cant|p2a: Yveltal|frz
|move|p1a: Arceus|Ancient Power|p2a: Yveltal
|-supereffective|p2a: Yveltal
|-damage|p2a: Yveltal|0 fnt
|-boost|p1a: Arceus|atk|1
|-boost|p1a: Arceus|def|1
|-boost|p1a: Arceus|spa|1
|-boost|p1a: Arceus|spd|1
|-boost|p1a: Arceus|spe|1
|faint|p2a: Yveltal
|
|-damage|p1a: Arceus|62/100 tox|[from] psn
|upkeep
|
|t:|1661264009
|switch|p2a: Rayquaza|Rayquaza-Mega|48/100
|-weather|DeltaStream|[from] ability: Delta Stream|[of] p2a: Rayquaza
|turn|72
|c|☆zxcDOWN|rekt
|
|t:|1661264018
|move|p1a: Arceus|Ancient Power|p2a: Rayquaza
|-activate||deltastream
|-damage|p2a: Rayquaza|27/100
|move|p2a: Rayquaza|Dragon Ascent|p1a: Arceus
|-damage|p1a: Arceus|19/100 tox
|-unboost|p2a: Rayquaza|def|1
|-unboost|p2a: Rayquaza|spd|1
|-damage|p2a: Rayquaza|17/100|[from] item: Life Orb
|
|-weather|DeltaStream|[upkeep]
|-damage|p1a: Arceus|0 fnt|[from] psn
|faint|p1a: Arceus
|upkeep
|j| v87
|c|☆Lord Rekkuza|Meh you got the crit on my groundceus
|
|t:|1661264028
|switch|p1a: Ditto|Ditto|10/100 tox
|-transform|p1a: Ditto|p2a: Rayquaza|[from] ability: Imposter
|turn|73
|
|t:|1661264033
|move|p1a: Ditto|Extreme Speed|p2a: Rayquaza
|-damage|p2a: Rayquaza|0 fnt
|faint|p2a: Rayquaza
|
|win|zxcDOWN
|raw|zxcDOWN's rating: 1860 &rarr; <strong>1876</strong><br />(+16 for winning)
|raw|Lord Rekkuza's rating: 1787 &rarr; <strong>1771</strong><br />(-16 for losing)
|l|☆zxcDOWN
|l|☆Lord Rekkuza
||Ladder isn't responding, score probably updated but might not have (Request timeout).
|j| xy123456
|l| xy123456
|j| 486464B
|l| 486464B
|j| double6
|j| MagikarpIsAG
|l| MagikarpIsAG
|j| Eeveeon Keeper
|j| Ferrothornail草钢甲
|l| Ferrothornail草钢甲
|j| zsyshowdown
|l| double6
|l| zsyshowdown
|j| anzhijhz
|l| anzhijhz
|j| wftsgdgxys
|l| v87
|j| wdzkz
|l| wdzkz
