|j|☆Cleaning Ladders
|j|☆Jayki11
|player|p1|Cleaning Ladders|janitor|1385
|player|p2|Jayki11|red|1451
|teamsize|p1|6
|teamsize|p2|6
|gametype|singles
|gen|8
|tier|[Gen 8] National Dex AG
|rated|
|clearpoke
|poke|p1|Deoxys-Speed|
|poke|p1|Deoxys-Speed|
|poke|p1|Xerneas|
|poke|p1|Xerneas|
|poke|p1|Groudon|
|poke|p1|Groudon|
|poke|p2|Charizard, M|
|poke|p2|Marshadow|
|poke|p2|Lugia|
|poke|p2|Zacian-*|
|poke|p2|Ho-Oh|
|poke|p2|Groudon|
|rule|HP Percentage Mod: HP is shown in percentages
|rule|Endless Battle Clause: Forcing endless battles is banned
|teampreview
|inactive|Battle timer is ON: inactive players will automatically lose when time's up. (requested by Jayki11)
|j| C31D5
|
|start
|switch|p1a: Deoxys|Deoxys-Speed|100/100
|switch|p2a: Chartor|Groudon|100/100
|-ability|p1a: Deoxys|Pressure
|-weather|SunnyDay|[from] ability: Drought|[of] p2a: Chartor
|turn|1
|
|move|p1a: Deoxys|Taunt|p2a: Chartor
|-start|p2a: Chartor|move: Taunt
|cant|p2a: Chartor|move: Taunt|Toxic
|
|-weather|SunnyDay|[upkeep]
|upkeep
|turn|2
|
|move|p1a: Deoxys|Reflect|p1a: Deoxys
|-sidestart|p1: Cleaning Ladders|Reflect
|move|p2a: Chartor|Precipice Blades|p1a: Deoxys
|-damage|p1a: Deoxys|67/100
|
|-weather|SunnyDay|[upkeep]
|upkeep
|turn|3
|
|move|p1a: Deoxys|Light Screen|p1a: Deoxys
|-sidestart|p1: Cleaning Ladders|move: Light Screen
|move|p2a: Chartor|Precipice Blades|p1a: Deoxys
|-damage|p1a: Deoxys|31/100
|
|-weather|SunnyDay|[upkeep]
|-end|p2a: Chartor|move: Taunt
|upkeep
|turn|4
|
|move|p1a: Deoxys|Taunt|p2a: Chartor
|-start|p2a: Chartor|move: Taunt
|move|p2a: Chartor|Precipice Blades|p1a: Deoxys
|-damage|p1a: Deoxys|0 fnt
|faint|p1a: Deoxys
|
|-weather|SunnyDay|[upkeep]
|upkeep
|
|switch|p1a: Xerneas|Xerneas|100/100
|-ability|p1a: Xerneas|Fairy Aura
|turn|5
|
|move|p1a: Xerneas|Geomancy||[still]
|-prepare|p1a: Xerneas|Geomancy|p1a: Xerneas
|-enditem|p1a: Xerneas|Power Herb
|-anim|p1a: Xerneas|Geomancy|p1a: Xerneas
|-boost|p1a: Xerneas|spa|2
|-boost|p1a: Xerneas|spd|2
|-boost|p1a: Xerneas|spe|2
|move|p2a: Chartor|Precipice Blades|p1a: Xerneas
|-damage|p1a: Xerneas|76/100
|
|-weather|none
|upkeep
|turn|6
|
|-start|p1a: Xerneas|Dynamax
|-heal|p1a: Xerneas|76/100|[silent]
|move|p1a: Xerneas|Max Starfall|p2a: Chartor
|-damage|p2a: Chartor|0 fnt
|-fieldstart|move: Misty Terrain
|faint|p2a: Chartor
|
|upkeep
|
|switch|p2a: Power inside of Yo|Lugia|100/100
|turn|7
|
|move|p1a: Xerneas|Max Lightning|p2a: Power inside of Yo
|-supereffective|p2a: Power inside of Yo
|-damage|p2a: Power inside of Yo|38/100
|-fieldstart|move: Electric Terrain
|move|p2a: Power inside of Yo|Whirlwind|p1a: Xerneas
|-block|p1a: Xerneas|Dynamax
|
|-heal|p2a: Power inside of Yo|44/100|[from] item: Leftovers
|upkeep
|turn|8
|
|move|p1a: Xerneas|Max Lightning|p2a: Power inside of Yo
|-supereffective|p2a: Power inside of Yo
|-damage|p2a: Power inside of Yo|0 fnt
|faint|p2a: Power inside of Yo
|
|-end|p1a: Xerneas|Dynamax
|-heal|p1a: Xerneas|76/100|[silent]
|upkeep
|
|switch|p2a: Ho-Oh|Ho-Oh|100/100
|turn|9
|
|move|p1a: Xerneas|Thunder|p2a: Ho-Oh
|-supereffective|p2a: Ho-Oh
|-damage|p2a: Ho-Oh|0 fnt
|faint|p2a: Ho-Oh
|
|-sideend|p1: Cleaning Ladders|Reflect
|upkeep
|
|switch|p2a: Gekkou The Vagabon|Zacian-Crowned|100/100
|-ability|p2a: Gekkou The Vagabon|Intrepid Sword|boost
|-boost|p2a: Gekkou The Vagabon|atk|1
|turn|10
|
|move|p1a: Xerneas|Hidden Power|p2a: Gekkou The Vagabon
|-supereffective|p2a: Gekkou The Vagabon
|-damage|p2a: Gekkou The Vagabon|19/100
|move|p2a: Gekkou The Vagabon|Behemoth Blade|p1a: Xerneas
|-supereffective|p1a: Xerneas
|-damage|p1a: Xerneas|0 fnt
|faint|p1a: Xerneas
|
|-sideend|p1: Cleaning Ladders|move: Light Screen
|upkeep
|
|switch|p1a: Groudon|Groudon|100/100
|detailschange|p1a: Groudon|Groudon-Primal
|-primal|p1a: Groudon
|-weather|DesolateLand|[from] ability: Desolate Land|[of] p1a: Groudon
|turn|11
|
|switch|p2a: Dragon Feu|Charizard, M|100/100
|move|p1a: Groudon|Earthquake|p2a: Dragon Feu
|-immune|p2a: Dragon Feu
|
|-weather|DesolateLand|[upkeep]
|-damage|p2a: Dragon Feu|88/100|[from] ability: Solar Power|[of] p2a: Dragon Feu
|-fieldend|move: Electric Terrain
|upkeep
|turn|12
|
|-start|p2a: Dragon Feu|Dynamax
|-heal|p2a: Dragon Feu|88/100|[silent]
|move|p2a: Dragon Feu|Max Airstream|p1a: Groudon
|-damage|p1a: Groudon|1/100
|-boost|p2a: Dragon Feu|spe|1
|move|p1a: Groudon|Stone Edge|p2a: Dragon Feu
|-supereffective|p2a: Dragon Feu
|-damage|p2a: Dragon Feu|0 fnt
|faint|p2a: Dragon Feu
|
|-weather|DesolateLand|[upkeep]
|upkeep
|
|switch|p2a: Gekkou The Vagabon|Zacian-Crowned|19/100
|-ability|p2a: Gekkou The Vagabon|Intrepid Sword|boost
|-boost|p2a: Gekkou The Vagabon|atk|1
|turn|13
|
|move|p2a: Gekkou The Vagabon|Behemoth Blade|p1a: Groudon
|-resisted|p1a: Groudon
|-damage|p1a: Groudon|0 fnt
|faint|p1a: Groudon
|-weather|none
|
|upkeep
|
|switch|p1a: Deoxys|Deoxys-Speed|100/100
|-ability|p1a: Deoxys|Pressure
|turn|14
|
|move|p1a: Deoxys|Stealth Rock|p2a: Gekkou The Vagabon
|-sidestart|p2: Jayki11|move: Stealth Rock
|move|p2a: Gekkou The Vagabon|Behemoth Blade|p1a: Deoxys
|-enditem|p1a: Deoxys|Focus Sash
|-damage|p1a: Deoxys|1/100
|
|upkeep
|turn|15
|
|move|p1a: Deoxys|Spikes|p2a: Gekkou The Vagabon
|-sidestart|p2: Jayki11|Spikes
|move|p2a: Gekkou The Vagabon|Psychic Fangs|p1a: Deoxys
|-resisted|p1a: Deoxys
|-damage|p1a: Deoxys|0 fnt
|faint|p1a: Deoxys
|
|upkeep
|
|switch|p1a: Xerneas|Xerneas|100/100
|-ability|p1a: Xerneas|Fairy Aura
|turn|16
|
|move|p2a: Gekkou The Vagabon|Behemoth Blade|p1a: Xerneas
|-supereffective|p1a: Xerneas
|-damage|p1a: Xerneas|0 fnt
|faint|p1a: Xerneas
|
|upkeep
|
|switch|p1a: Groudon|Groudon|100/100
|detailschange|p1a: Groudon|Groudon-Primal
|-primal|p1a: Groudon
|-weather|DesolateLand|[from] ability: Desolate Land|[of] p1a: Groudon
|turn|17
|
|move|p2a: Gekkou The Vagabon|Behemoth Blade|p1a: Groudon
|-resisted|p1a: Groudon
|-damage|p1a: Groudon|70/100
|move|p1a: Groudon|Rock Polish|p1a: Groudon
|-boost|p1a: Groudon|spe|2
|
|-weather|DesolateLand|[upkeep]
|upkeep
|turn|18
|
|move|p1a: Groudon|Earthquake|p2a: Gekkou The Vagabon
|-supereffective|p2a: Gekkou The Vagabon
|-damage|p2a: Gekkou The Vagabon|0 fnt
|faint|p2a: Gekkou The Vagabon
|
|-weather|DesolateLand|[upkeep]
|upkeep
|
|switch|p2a: Joru Chan|Marshadow|100/100
|-damage|p2a: Joru Chan|88/100|[from] Spikes
|-damage|p2a: Joru Chan|82/100|[from] Stealth Rock
|turn|19
|
|move|p2a: Joru Chan|Shadow Sneak|p1a: Groudon
|-damage|p1a: Groudon|44/100
|-damage|p2a: Joru Chan|72/100|[from] item: Life Orb
|move|p1a: Groudon|Earthquake|p2a: Joru Chan
|-damage|p2a: Joru Chan|0 fnt
|faint|p2a: Joru Chan
|
|win|Cleaning Ladders
|raw|Cleaning Ladders's rating: 1385 &rarr; <strong>1409</strong><br />(+24 for winning)
|raw|Jayki11's rating: 1452 &rarr; <strong>1428</strong><br />(-24 for losing)
|l|☆Jayki11
