|j|☆ikillag
|j|☆Eby Sobak
|t:|1644329378
|gametype|singles
|player|p1|ikillag|crasherwake|1843
|player|p2|Eby Sobak|unknownf|1764
|teamsize|p1|6
|teamsize|p2|6
|gen|8
|tier|[Gen 8] National Dex AG
|rated|
|rule|HP Percentage Mod: HP is shown in percentages
|rule|Endless Battle Clause: Forcing endless battles is banned
|clearpoke
|poke|p1|Groudon|
|poke|p1|Rayquaza|
|poke|p1|Zacian-*|
|poke|p1|Excadrill, M|
|poke|p1|Yveltal|
|poke|p1|Calyrex-Shadow|
|poke|p2|Zacian-*|
|poke|p2|Marshadow|
|poke|p2|Arceus-*|
|poke|p2|Arceus-*|
|poke|p2|Rayquaza|
|poke|p2|Groudon|
|teampreview
|inactive|Battle timer is ON: inactive players will automatically lose when time's up. (requested by Eby Sobak)
|
|t:|1644329381
|start
|switch|p1a: Excadrill|Excadrill, M, shiny|100/100
|switch|p2a: Groudon|Groudon|100/100
|-ability|p1a: Excadrill|Mold Breaker
|detailschange|p2a: Groudon|Groudon-Primal
|-primal|p2a: Groudon
|-weather|DesolateLand|[from] ability: Desolate Land|[of] p2a: Groudon
|turn|1
|
|t:|1644329389
|move|p1a: Excadrill|Stealth Rock|p2a: Groudon
|-sidestart|p2: Eby Sobak|move: Stealth Rock
|move|p2a: Groudon|Eruption|p1a: Excadrill
|-supereffective|p1a: Excadrill
|-enditem|p1a: Excadrill|Focus Sash
|-damage|p1a: Excadrill|1/100
|
|-weather|DesolateLand|[upkeep]
|upkeep
|turn|2
|
|t:|1644329392
|-weather|none
|switch|p2a: Rayquaza|Rayquaza|100/100
|-damage|p2a: Rayquaza|76/100|[from] Stealth Rock
|-ability|p2a: Rayquaza|Air Lock
|move|p1a: Excadrill|Earthquake|p2a: Rayquaza
|-immune|p2a: Rayquaza
|
|upkeep
|turn|3
|
|t:|1644329398
|detailschange|p2a: Rayquaza|Rayquaza-Mega
|-mega|p2a: Rayquaza|Rayquaza|
|-weather|DeltaStream|[from] ability: Delta Stream|[of] p2a: Rayquaza
|move|p2a: Rayquaza|Waterfall|p1a: Excadrill
|-supereffective|p1a: Excadrill
|-crit|p1a: Excadrill
|-damage|p1a: Excadrill|0 fnt
|faint|p1a: Excadrill
|-damage|p2a: Rayquaza|66/100|[from] item: Life Orb
|
|-weather|DeltaStream|[upkeep]
|upkeep
|
|t:|1644329404
|switch|p1a: Calyrex|Calyrex-Shadow|100/100
|-ability|p1a: Calyrex|As One
|-ability|p1a: Calyrex|Unnerve
|turn|4
|
|t:|1644329407
|-weather|none
|switch|p2a: Arceus|Arceus-Dark|100/100
|-damage|p2a: Arceus|88/100|[from] Stealth Rock
|move|p1a: Calyrex|Astral Barrage|p2a: Arceus
|-resisted|p2a: Arceus
|-damage|p2a: Arceus|69/100
|
|upkeep
|turn|5
|
|t:|1644329411
|switch|p1a: Zacian|Zacian-Crowned, shiny|100/100
|-ability|p1a: Zacian|Intrepid Sword|boost
|-boost|p1a: Zacian|atk|1
|move|p2a: Arceus|Recover|p2a: Arceus
|-heal|p2a: Arceus|100/100
|
|upkeep
|turn|6
|
|t:|1644329415
|switch|p2a: Arceus|Arceus-Electric|100/100
|-damage|p2a: Arceus|88/100|[from] Stealth Rock
|move|p1a: Zacian|Substitute|p1a: Zacian
|-start|p1a: Zacian|Substitute
|-damage|p1a: Zacian|76/100
|
|upkeep
|turn|7
|
|t:|1644329418
|move|p1a: Zacian|Close Combat|p2a: Arceus
|-damage|p2a: Arceus|52/100
|-unboost|p1a: Zacian|def|1
|-unboost|p1a: Zacian|spd|1
|move|p2a: Arceus|Defog|p1a: Zacian
|-sideend|p2: Eby Sobak|Stealth Rock|[from] move: Defog|[of] p2a: Arceus
|
|upkeep
|turn|8
|
|t:|1644329423
|move|p1a: Zacian|Close Combat|p2a: Arceus
|-damage|p2a: Arceus|13/100
|-unboost|p1a: Zacian|def|1
|-unboost|p1a: Zacian|spd|1
|move|p2a: Arceus|Recover|p2a: Arceus
|-heal|p2a: Arceus|63/100
|
|upkeep
|turn|9
|
|t:|1644329428
|switch|p1a: Groudon|Groudon, shiny|100/100
|detailschange|p1a: Groudon|Groudon-Primal, shiny
|-primal|p1a: Groudon
|-weather|DesolateLand|[from] ability: Desolate Land|[of] p1a: Groudon
|move|p2a: Arceus|Recover|p2a: Arceus
|-heal|p2a: Arceus|100/100
|
|-weather|DesolateLand|[upkeep]
|upkeep
|turn|10
|
|t:|1644329432
|move|p2a: Arceus|Recover||[still]
|-fail|p2a: Arceus|heal
|move|p1a: Groudon|Dragon Tail|p2a: Arceus|[miss]
|-miss|p1a: Groudon|p2a: Arceus
|
|-weather|DesolateLand|[upkeep]
|upkeep
|turn|11
|
|t:|1644329438
|move|p1a: Groudon|Precipice Blades|p2a: Arceus|[miss]
|-miss|p1a: Groudon|p2a: Arceus
|move|p2a: Arceus|Recover||[still]
|-fail|p2a: Arceus|heal
|
|-weather|DesolateLand|[upkeep]
|upkeep
|turn|12
|c|☆ikillag|wow
|
|t:|1644329445
|move|p1a: Groudon|Precipice Blades|p2a: Arceus
|-supereffective|p2a: Arceus
|-damage|p2a: Arceus|22/100
|move|p2a: Arceus|Toxic|p1a: Groudon
|-status|p1a: Groudon|tox
|
|-weather|DesolateLand|[upkeep]
|-damage|p1a: Groudon|94/100 tox|[from] psn
|upkeep
|turn|13
|
|t:|1644329448
|move|p2a: Arceus|Recover|p2a: Arceus
|-heal|p2a: Arceus|72/100
|move|p1a: Groudon|Dragon Tail|p2a: Arceus
|-damage|p2a: Arceus|58/100
|drag|p2a: Arceus|Arceus-Dark|100/100
|
|-weather|DesolateLand|[upkeep]
|-damage|p1a: Groudon|82/100 tox|[from] psn
|upkeep
|turn|14
|
|t:|1644329455
|move|p1a: Groudon|Precipice Blades|p2a: Arceus
|-damage|p2a: Arceus|48/100
|move|p2a: Arceus|Ice Beam|p1a: Groudon
|-damage|p1a: Groudon|52/100 tox
|
|-weather|DesolateLand|[upkeep]
|-damage|p1a: Groudon|33/100 tox|[from] psn
|upkeep
|turn|15
|
|t:|1644329458
|move|p1a: Groudon|Fire Blast|p2a: Arceus
|-damage|p2a: Arceus|12/100
|move|p2a: Arceus|Judgment|p1a: Groudon
|-damage|p1a: Groudon|0 fnt
|faint|p1a: Groudon
|-weather|none
|
|upkeep
|
|t:|1644329462
|switch|p1a: Calyrex|Calyrex-Shadow|100/100
|-ability|p1a: Calyrex|As One
|-ability|p1a: Calyrex|Unnerve
|turn|16
|
|t:|1644329466
|move|p1a: Calyrex|Astral Barrage|p2a: Arceus
|-resisted|p2a: Arceus
|-damage|p2a: Arceus|0 fnt
|faint|p2a: Arceus
|-ability|p1a: Calyrex|Grim Neigh|boost
|-boost|p1a: Calyrex|spa|1
|
|upkeep
|
|t:|1644329468
|switch|p2a: Marshadow|Marshadow|100/100
|turn|17
|
|t:|1644329471
|switch|p1a: Yveltal|Yveltal, shiny|100/100
|-ability|p1a: Yveltal|Dark Aura
|move|p2a: Marshadow|Spectral Thief|p1a: Yveltal
|-resisted|p1a: Yveltal
|-damage|p1a: Yveltal|81/100
|
|upkeep
|turn|18
|
|t:|1644329474
|switch|p2a: Arceus|Arceus-Electric|58/100
|-start|p1a: Yveltal|Dynamax
|-heal|p1a: Yveltal|81/100|[silent]
|move|p1a: Yveltal|Max Airstream|p2a: Arceus
|-resisted|p2a: Arceus
|-damage|p2a: Arceus|27/100
|-boost|p1a: Yveltal|spe|1
|-damage|p1a: Yveltal|76/100|[from] item: Life Orb
|
|upkeep
|turn|19
|
|t:|1644329478
|move|p1a: Yveltal|Max Airstream|p2a: Arceus
|-resisted|p2a: Arceus
|-damage|p2a: Arceus|0 fnt
|-boost|p1a: Yveltal|spe|1
|faint|p2a: Arceus
|-damage|p1a: Yveltal|71/100|[from] item: Life Orb
|
|upkeep
|
|t:|1644329488
|switch|p2a: Rayquaza|Rayquaza-Mega|66/100
|-weather|DeltaStream|[from] ability: Delta Stream|[of] p2a: Rayquaza
|turn|20
|
|t:|1644329491
|move|p2a: Rayquaza|Extreme Speed|p1a: Yveltal
|-damage|p1a: Yveltal|48/100
|-damage|p2a: Rayquaza|56/100|[from] item: Life Orb
|move|p1a: Yveltal|Max Darkness|p2a: Rayquaza
|-damage|p2a: Rayquaza|0 fnt
|faint|p2a: Rayquaza
|-weather|none
|-damage|p1a: Yveltal|43/100|[from] item: Life Orb
|
|-end|p1a: Yveltal|Dynamax
|-heal|p1a: Yveltal|44/100|[silent]
|upkeep
|
|t:|1644329497
|switch|p2a: Zacian|Zacian-Crowned|100/100
|-ability|p2a: Zacian|Intrepid Sword|boost
|-boost|p2a: Zacian|atk|1
|turn|21
|
|t:|1644329499
|move|p1a: Yveltal|Heat Wave|p2a: Zacian
|-supereffective|p2a: Zacian
|-damage|p2a: Zacian|17/100
|-damage|p1a: Yveltal|34/100|[from] item: Life Orb
|move|p2a: Zacian|Behemoth Blade|p1a: Yveltal
|-damage|p1a: Yveltal|0 fnt
|faint|p1a: Yveltal
|
|upkeep
|
|t:|1644329505
|switch|p1a: Zacian|Zacian-Crowned, shiny|76/100
|-ability|p1a: Zacian|Intrepid Sword|boost
|-boost|p1a: Zacian|atk|1
|turn|22
|
|t:|1644329508
|move|p1a: Zacian|Behemoth Blade|p2a: Zacian
|-damage|p2a: Zacian|0 fnt
|faint|p2a: Zacian
|
|upkeep
|
|t:|1644329510
|switch|p2a: Groudon|Groudon-Primal|100/100
|-weather|DesolateLand|[from] ability: Desolate Land|[of] p2a: Groudon
|turn|23
|
|t:|1644329516
|move|p1a: Zacian|Close Combat|p2a: Groudon
|-damage|p2a: Groudon|58/100
|-unboost|p1a: Zacian|def|1
|-unboost|p1a: Zacian|spd|1
|move|p2a: Groudon|Stealth Rock|p1a: Zacian
|-sidestart|p1: ikillag|move: Stealth Rock
|
|-weather|DesolateLand|[upkeep]
|upkeep
|turn|24
|
|t:|1644329522
|move|p1a: Zacian|Close Combat|p2a: Groudon
|-crit|p2a: Groudon
|-damage|p2a: Groudon|0 fnt
|-unboost|p1a: Zacian|def|1
|-unboost|p1a: Zacian|spd|1
|faint|p2a: Groudon
|-weather|none
|
|upkeep
|
|t:|1644329526
|switch|p2a: Marshadow|Marshadow|100/100
|turn|25
|
|t:|1644329534
|move|p1a: Zacian|Behemoth Blade|p2a: Marshadow
|-enditem|p2a: Marshadow|Focus Sash
|-damage|p2a: Marshadow|1/100
|move|p2a: Marshadow|Spectral Thief||[still]
|-clearpositiveboost|p1a: Zacian|p2a: Marshadow|move: Spectral Thief
|-boost|p2a: Marshadow|atk|1
|-anim|p2a: Marshadow|Spectral Thief|p1a: Zacian
|-damage|p1a: Zacian|0 fnt
|faint|p1a: Zacian
|
|upkeep
|c|☆ikillag|gg wp
|
|t:|1644329542
|switch|p1a: Rayquaza|Rayquaza, shiny|100/100
|-damage|p1a: Rayquaza|76/100|[from] Stealth Rock
|-ability|p1a: Rayquaza|Air Lock
|turn|26
|
|t:|1644329546
|detailschange|p1a: Rayquaza|Rayquaza-Mega, shiny
|-mega|p1a: Rayquaza|Rayquaza|
|-weather|DeltaStream|[from] ability: Delta Stream|[of] p1a: Rayquaza
|-start|p2a: Marshadow|Dynamax
|-heal|p2a: Marshadow|1/100|[silent]
|move|p2a: Marshadow|Max Phantasm|p1a: Rayquaza
|-damage|p1a: Rayquaza|0 fnt
|faint|p1a: Rayquaza
|-weather|none
|
|upkeep
|
|t:|1644329552
|switch|p1a: Calyrex|Calyrex-Shadow|100/100
|-ability|p1a: Calyrex|As One
|-ability|p1a: Calyrex|Unnerve
|-damage|p1a: Calyrex|88/100|[from] Stealth Rock
|turn|27
|c|☆ikillag|you bafoon
|c|☆ikillag|you messed up
|
|t:|1644329563
|move|p1a: Calyrex|Astral Barrage|p2a: Marshadow
|-supereffective|p2a: Marshadow
|-damage|p2a: Marshadow|0 fnt
|faint|p2a: Marshadow
|
|win|ikillag
|raw|ikillag's rating: 1843 &rarr; <strong>1859</strong><br />(+16 for winning)
|raw|Eby Sobak's rating: 1764 &rarr; <strong>1748</strong><br />(-16 for losing)
|l|☆Eby Sobak
||Ladder isn't responding, score probably updated but might not have (Request timeout).
