|j|☆justforfun123
|j|☆chopforce8
|t:|1651056070
|gametype|singles
|player|p1|justforfun123|169|1597
|player|p2|chopforce8|red|1758
|teamsize|p1|6
|teamsize|p2|6
|gen|8
|tier|[Gen 8] National Dex AG
|rated|
|rule|HP Percentage Mod: HP is shown in percentages
|rule|Endless Battle Clause: Forcing endless battles is banned
|clearpoke
|poke|p1|Zacian-*|
|poke|p1|Groudon|
|poke|p1|Rayquaza|
|poke|p1|Necrozma-Dusk-Mane|
|poke|p1|Kyogre|
|poke|p1|Yveltal|
|poke|p2|Gothitelle, F|
|poke|p2|Gengar, M|
|poke|p2|Shedinja|
|poke|p2|Arceus-*|
|poke|p2|Calyrex-Shadow|
|poke|p2|Ditto|
|teampreview
|
|t:|1651056080
|start
|switch|p1a: Kyogre|Kyogre|100/100
|switch|p2a: Holy Spirit|Calyrex-Shadow|100/100
|-ability|p2a: Holy Spirit|As One
|-ability|p2a: Holy Spirit|Unnerve
|-weather|RainDance|[from] ability: Drizzle|[of] p1a: Kyogre
|turn|1
|
|t:|1651056089
|switch|p2a: Invincibug|Shedinja|100/100
|move|p1a: Kyogre|Water Spout|p2a: Invincibug
|-immune|p2a: Invincibug|[from] ability: Wonder Guard
|
|-weather|RainDance|[upkeep]
|upkeep
|turn|2
|
|t:|1651056099
|switch|p1a: Necrozma|Necrozma-Dusk-Mane|100/100
|move|p2a: Invincibug|Toxic|p1a: Necrozma
|-immune|p1a: Necrozma
|
|-weather|RainDance|[upkeep]
|upkeep
|turn|3
|
|t:|1651056110
|switch|p2a: Fugazin|Gothitelle, F|100/100
|move|p1a: Necrozma|Sunsteel Strike|p2a: Fugazin
|-crit|p2a: Fugazin
|-damage|p2a: Fugazin|0 fnt
|faint|p2a: Fugazin
|
|-weather|RainDance|[upkeep]
|upkeep
|
|t:|1651056120
|switch|p2a: Holy Spirit|Calyrex-Shadow|100/100
|-ability|p2a: Holy Spirit|As One
|-ability|p2a: Holy Spirit|Unnerve
|turn|4
|
|t:|1651056125
|switch|p1a: Yveltal|Yveltal|100/100
|-ability|p1a: Yveltal|Dark Aura
|move|p2a: Holy Spirit|Leech Seed|p1a: Yveltal
|-start|p1a: Yveltal|move: Leech Seed
|
|-weather|RainDance|[upkeep]
|-damage|p1a: Yveltal|88/100|[from] Leech Seed|[of] p2a: Holy Spirit
|upkeep
|turn|5
|
|t:|1651056137
|move|p2a: Holy Spirit|Substitute|p2a: Holy Spirit
|-start|p2a: Holy Spirit|Substitute
|-damage|p2a: Holy Spirit|76/100
|move|p1a: Yveltal|Knock Off|p2a: Holy Spirit
|-supereffective|p2a: Holy Spirit
|-end|p2a: Holy Spirit|Substitute
|
|-weather|none
|-heal|p1a: Yveltal|94/100|[from] item: Leftovers
|-damage|p1a: Yveltal|82/100|[from] Leech Seed|[of] p2a: Holy Spirit
|-heal|p2a: Holy Spirit|88/100|[silent]
|upkeep
|turn|6
|
|t:|1651056148
|move|p2a: Holy Spirit|Substitute|p2a: Holy Spirit
|-start|p2a: Holy Spirit|Substitute
|-damage|p2a: Holy Spirit|63/100
|move|p1a: Yveltal|Knock Off|p2a: Holy Spirit
|-supereffective|p2a: Holy Spirit
|-crit|p2a: Holy Spirit
|-end|p2a: Holy Spirit|Substitute
|
|-heal|p1a: Yveltal|88/100|[from] item: Leftovers
|-damage|p1a: Yveltal|75/100|[from] Leech Seed|[of] p2a: Holy Spirit
|-heal|p2a: Holy Spirit|75/100|[silent]
|upkeep
|turn|7
|j| Mummy Dearest
|
|t:|1651056157
|move|p2a: Holy Spirit|Substitute|p2a: Holy Spirit
|-start|p2a: Holy Spirit|Substitute
|-damage|p2a: Holy Spirit|50/100
|move|p1a: Yveltal|Knock Off|p2a: Holy Spirit
|-supereffective|p2a: Holy Spirit
|-end|p2a: Holy Spirit|Substitute
|
|-heal|p1a: Yveltal|81/100|[from] item: Leftovers
|-damage|p1a: Yveltal|69/100|[from] Leech Seed|[of] p2a: Holy Spirit
|-heal|p2a: Holy Spirit|63/100|[silent]
|upkeep
|turn|8
|
|t:|1651056165
|move|p2a: Holy Spirit|Substitute|p2a: Holy Spirit
|-start|p2a: Holy Spirit|Substitute
|-damage|p2a: Holy Spirit|38/100
|move|p1a: Yveltal|Knock Off|p2a: Holy Spirit
|-supereffective|p2a: Holy Spirit
|-end|p2a: Holy Spirit|Substitute
|
|-heal|p1a: Yveltal|75/100|[from] item: Leftovers
|-damage|p1a: Yveltal|63/100|[from] Leech Seed|[of] p2a: Holy Spirit
|-heal|p2a: Holy Spirit|50/100|[silent]
|upkeep
|turn|9
|
|t:|1651056174
|move|p2a: Holy Spirit|Substitute|p2a: Holy Spirit
|-start|p2a: Holy Spirit|Substitute
|-damage|p2a: Holy Spirit|25/100
|move|p1a: Yveltal|Knock Off|p2a: Holy Spirit
|-supereffective|p2a: Holy Spirit
|-end|p2a: Holy Spirit|Substitute
|
|-heal|p1a: Yveltal|69/100|[from] item: Leftovers
|-damage|p1a: Yveltal|56/100|[from] Leech Seed|[of] p2a: Holy Spirit
|-heal|p2a: Holy Spirit|37/100|[silent]
|upkeep
|turn|10
|
|t:|1651056185
|move|p2a: Holy Spirit|Substitute|p2a: Holy Spirit
|-start|p2a: Holy Spirit|Substitute
|-damage|p2a: Holy Spirit|12/100
|move|p1a: Yveltal|Knock Off|p2a: Holy Spirit
|-supereffective|p2a: Holy Spirit
|-end|p2a: Holy Spirit|Substitute
|
|-heal|p1a: Yveltal|62/100|[from] item: Leftovers
|-damage|p1a: Yveltal|50/100|[from] Leech Seed|[of] p2a: Holy Spirit
|-heal|p2a: Holy Spirit|25/100|[silent]
|upkeep
|turn|11
|
|t:|1651056199
|switch|p2a: Autotune|Arceus-Flying|100/100
|move|p1a: Yveltal|Sucker Punch||[still]
|-fail|p1a: Yveltal
|
|-heal|p1a: Yveltal|56/100|[from] item: Leftovers
|-damage|p1a: Yveltal|44/100|[from] Leech Seed|[of] p2a: Autotune
|upkeep
|turn|12
|
|t:|1651056208
|switch|p2a: Holy Spirit|Calyrex-Shadow|25/100
|-ability|p2a: Holy Spirit|As One
|-ability|p2a: Holy Spirit|Unnerve
|move|p1a: Yveltal|Sucker Punch||[still]
|-fail|p1a: Yveltal
|
|-heal|p1a: Yveltal|50/100|[from] item: Leftovers
|-damage|p1a: Yveltal|37/100|[from] Leech Seed|[of] p2a: Holy Spirit
|-heal|p2a: Holy Spirit|37/100|[silent]
|upkeep
|turn|13
|
|t:|1651056219
|switch|p2a: Autotune|Arceus-Flying|100/100
|move|p1a: Yveltal|Knock Off|p2a: Autotune
|-damage|p2a: Autotune|73/100
|
|-heal|p1a: Yveltal|43/100|[from] item: Leftovers
|-damage|p1a: Yveltal|31/100|[from] Leech Seed|[of] p2a: Autotune
|-heal|p2a: Autotune|84/100|[silent]
|upkeep
|turn|14
|
|t:|1651056229
|switch|p1a: Kyogre|Kyogre|100/100
|-weather|RainDance|[from] ability: Drizzle|[of] p1a: Kyogre
|move|p2a: Autotune|Calm Mind|p2a: Autotune
|-boost|p2a: Autotune|spa|1
|-boost|p2a: Autotune|spd|1
|
|-weather|RainDance|[upkeep]
|upkeep
|turn|15
|
|t:|1651056242
|-start|p2a: Autotune|Dynamax|
|-heal|p2a: Autotune|84/100|[silent]
|move|p1a: Kyogre|Thunder|p2a: Autotune
|-supereffective|p2a: Autotune
|-damage|p2a: Autotune|64/100
|-status|p2a: Autotune|par
|cant|p2a: Autotune|par
|
|-weather|RainDance|[upkeep]
|upkeep
|turn|16
|
|t:|1651056251
|move|p1a: Kyogre|Thunder|p2a: Autotune
|-supereffective|p2a: Autotune
|-damage|p2a: Autotune|46/100 par
|move|p2a: Autotune|Max Airstream|p1a: Kyogre
|-damage|p1a: Kyogre|24/100
|-boost|p2a: Autotune|spe|1
|
|-weather|RainDance|[upkeep]
|upkeep
|turn|17
|
|t:|1651056259
|move|p1a: Kyogre|Thunder|p2a: Autotune
|-supereffective|p2a: Autotune
|-damage|p2a: Autotune|28/100 par
|move|p2a: Autotune|Max Airstream|p1a: Kyogre
|-damage|p1a: Kyogre|0 fnt
|-boost|p2a: Autotune|spe|1
|faint|p1a: Kyogre
|
|-weather|RainDance|[upkeep]
|-end|p2a: Autotune|Dynamax
|-heal|p2a: Autotune|28/100 par|[silent]
|upkeep
|l| Mummy Dearest
|
|t:|1651056281
|switch|p1a: Necrozma|Necrozma-Dusk-Mane|100/100
|turn|18
|
|t:|1651056288
|move|p2a: Autotune|Perish Song|p2a: Autotune
|-start|p1a: Necrozma|perish3|[silent]
|-start|p2a: Autotune|perish3|[silent]
|-fieldactivate|move: Perish Song
|move|p1a: Necrozma|Sunsteel Strike|p2a: Autotune
|-damage|p2a: Autotune|0 fnt
|faint|p2a: Autotune
|
|-weather|none
|-start|p1a: Necrozma|perish3
|upkeep
|
|t:|1651056296
|switch|p2a: Island Boys|Gengar, M|100/100
|turn|19
|
|t:|1651056301
|switch|p1a: Groudon|Groudon|100/100
|detailschange|p1a: Groudon|Groudon-Primal
|-primal|p1a: Groudon
|-weather|DesolateLand|[from] ability: Desolate Land|[of] p1a: Groudon
|detailschange|p2a: Island Boys|Gengar-Mega, M
|-mega|p2a: Island Boys|Gengar|Gengarite
|move|p2a: Island Boys|Substitute|p2a: Island Boys
|-start|p2a: Island Boys|Substitute
|-damage|p2a: Island Boys|76/100
|
|-weather|DesolateLand|[upkeep]
|upkeep
|turn|20
|
|t:|1651056312
|move|p2a: Island Boys|Perish Song|p2a: Island Boys
|-start|p1a: Groudon|perish3|[silent]
|-start|p2a: Island Boys|perish3|[silent]
|-fieldactivate|move: Perish Song
|move|p1a: Groudon|Precipice Blades|p2a: Island Boys
|-supereffective|p2a: Island Boys
|-end|p2a: Island Boys|Substitute
|
|-weather|DesolateLand|[upkeep]
|-start|p2a: Island Boys|perish3
|-start|p1a: Groudon|perish3
|upkeep
|turn|21
|
|t:|1651056323
|move|p2a: Island Boys|Protect|p2a: Island Boys
|-singleturn|p2a: Island Boys|Protect
|move|p1a: Groudon|Precipice Blades|p2a: Island Boys
|-activate|p2a: Island Boys|move: Protect
|
|-weather|DesolateLand|[upkeep]
|-start|p2a: Island Boys|perish2
|-start|p1a: Groudon|perish2
|upkeep
|turn|22
|
|t:|1651056337
|move|p2a: Island Boys|Substitute|p2a: Island Boys
|-start|p2a: Island Boys|Substitute
|-damage|p2a: Island Boys|51/100
|move|p1a: Groudon|Precipice Blades|p2a: Island Boys
|-supereffective|p2a: Island Boys
|-end|p2a: Island Boys|Substitute
|
|-weather|DesolateLand|[upkeep]
|-start|p2a: Island Boys|perish1
|-start|p1a: Groudon|perish1
|upkeep
|turn|23
|
|t:|1651056353
|switch|p2a: Invincibug|Shedinja|100/100
|move|p1a: Groudon|Precipice Blades|p2a: Invincibug
|-immune|p2a: Invincibug|[from] ability: Wonder Guard
|
|-weather|DesolateLand|[upkeep]
|-start|p1a: Groudon|perish0
|upkeep
|faint|p1a: Groudon
|-weather|none
|
|t:|1651056367
|switch|p1a: Yveltal|Yveltal|31/100
|-ability|p1a: Yveltal|Dark Aura
|turn|24
|
|t:|1651056371
|switch|p2a: The Thing|Ditto|100/100
|-transform|p2a: The Thing|p1a: Yveltal|[from] ability: Imposter
|-ability|p2a: The Thing|Dark Aura
|move|p1a: Yveltal|Knock Off|p2a: The Thing
|-resisted|p2a: The Thing
|-damage|p2a: The Thing|61/100
|-enditem|p2a: The Thing|Choice Scarf|[from] move: Knock Off|[of] p1a: Yveltal
|
|-heal|p1a: Yveltal|37/100|[from] item: Leftovers
|upkeep
|turn|25
|
|t:|1651056410
|switch|p1a: Zacian|Zacian-Crowned|100/100
|-ability|p1a: Zacian|Intrepid Sword|boost
|-boost|p1a: Zacian|atk|1
|move|p2a: The Thing|Knock Off|p1a: Zacian
|-resisted|p1a: Zacian
|-damage|p1a: Zacian|80/100
|
|upkeep
|turn|26
|
|t:|1651056442
|switch|p2a: Invincibug|Shedinja|100/100
|move|p1a: Zacian|Play Rough|p2a: Invincibug
|-immune|p2a: Invincibug|[from] ability: Wonder Guard
|
|upkeep
|turn|27
|
|t:|1651056462
|switch|p1a: Yveltal|Yveltal|37/100
|-ability|p1a: Yveltal|Dark Aura
|move|p2a: Invincibug|Will-O-Wisp|p1a: Yveltal
|-status|p1a: Yveltal|brn
|
|-heal|p1a: Yveltal|43/100 brn|[from] item: Leftovers
|-damage|p1a: Yveltal|37/100 brn|[from] brn
|upkeep
|turn|28
|
|t:|1651056472
|switch|p2a: The Thing|Ditto|61/100
|-transform|p2a: The Thing|p1a: Yveltal|[from] ability: Imposter
|-ability|p2a: The Thing|Dark Aura
|move|p1a: Yveltal|Knock Off|p2a: The Thing
|-resisted|p2a: The Thing
|-damage|p2a: The Thing|48/100
|
|-heal|p1a: Yveltal|43/100 brn|[from] item: Leftovers
|-damage|p1a: Yveltal|37/100 brn|[from] brn
|upkeep
|turn|29
|
|t:|1651056485
|switch|p1a: Necrozma|Necrozma-Dusk-Mane|100/100
|move|p2a: The Thing|Knock Off|p1a: Necrozma
|-supereffective|p1a: Necrozma
|-damage|p1a: Necrozma|27/100
|-damage|p2a: The Thing|32/100|[from] item: Rocky Helmet|[of] p1a: Necrozma
|-enditem|p1a: Necrozma|Rocky Helmet|[from] move: Knock Off|[of] p2a: The Thing
|
|upkeep
|turn|30
|
|t:|1651056495
|switch|p1a: Zacian|Zacian-Crowned|80/100
|-ability|p1a: Zacian|Intrepid Sword|boost
|-boost|p1a: Zacian|atk|1
|move|p2a: The Thing|Knock Off|p1a: Zacian
|-resisted|p1a: Zacian
|-damage|p1a: Zacian|58/100
|
|upkeep
|turn|31
|
|t:|1651056505
|switch|p1a: Rayquaza|Rayquaza|100/100
|-ability|p1a: Rayquaza|Air Lock
|switch|p2a: Invincibug|Shedinja|100/100
|
|upkeep
|turn|32
|
|t:|1651056516
|detailschange|p1a: Rayquaza|Rayquaza-Mega
|-mega|p1a: Rayquaza|Rayquaza|
|-weather|DeltaStream|[from] ability: Delta Stream|[of] p1a: Rayquaza
|move|p2a: Invincibug|Shadow Sneak|p1a: Rayquaza
|-damage|p1a: Rayquaza|83/100
|move|p1a: Rayquaza|V-create|p2a: Invincibug
|-supereffective|p2a: Invincibug
|-damage|p2a: Invincibug|0 fnt
|-unboost|p1a: Rayquaza|spe|1
|-unboost|p1a: Rayquaza|def|1
|-unboost|p1a: Rayquaza|spd|1
|faint|p2a: Invincibug
|
|-weather|DeltaStream|[upkeep]
|upkeep
|
|t:|1651056527
|switch|p2a: Holy Spirit|Calyrex-Shadow|37/100
|-ability|p2a: Holy Spirit|As One
|-ability|p2a: Holy Spirit|Unnerve
|turn|33
|
|t:|1651056549
|-weather|none
|switch|p1a: Necrozma|Necrozma-Dusk-Mane|27/100
|move|p2a: Holy Spirit|Astral Barrage|p1a: Necrozma
|-supereffective|p1a: Necrozma
|-damage|p1a: Necrozma|0 fnt
|faint|p1a: Necrozma
|-ability|p2a: Holy Spirit|Grim Neigh|boost
|-boost|p2a: Holy Spirit|spa|1
|
|upkeep
|
|t:|1651056559
|switch|p1a: Yveltal|Yveltal|37/100 brn
|-ability|p1a: Yveltal|Dark Aura
|turn|34
|
|t:|1651056568
|-start|p1a: Yveltal|Dynamax|
|-heal|p1a: Yveltal|37/100 brn|[silent]
|move|p2a: Holy Spirit|Substitute|p2a: Holy Spirit
|-start|p2a: Holy Spirit|Substitute
|-damage|p2a: Holy Spirit|12/100
|move|p1a: Yveltal|Max Darkness|p2a: Holy Spirit
|-supereffective|p2a: Holy Spirit
|-end|p2a: Holy Spirit|Substitute
|-unboost|p2a: Holy Spirit|spd|1
|
|-heal|p1a: Yveltal|40/100 brn|[from] item: Leftovers
|-damage|p1a: Yveltal|37/100 brn|[from] brn
|upkeep
|turn|35
|
|t:|1651056591
|move|p2a: Holy Spirit|Leech Seed|p1a: Yveltal
|-start|p1a: Yveltal|move: Leech Seed
|move|p1a: Yveltal|Max Darkness|p2a: Holy Spirit
|-supereffective|p2a: Holy Spirit
|-damage|p2a: Holy Spirit|0 fnt
|faint|p2a: Holy Spirit
|
|-heal|p1a: Yveltal|40/100 brn|[from] item: Leftovers
|-damage|p1a: Yveltal|37/100 brn|[from] brn
|upkeep
|
|t:|1651056600
|switch|p2a: Island Boys|Gengar-Mega, M|51/100
|turn|36
|
|t:|1651056603
|move|p2a: Island Boys|Substitute|p2a: Island Boys
|-start|p2a: Island Boys|Substitute
|-damage|p2a: Island Boys|26/100
|move|p1a: Yveltal|Max Darkness|p2a: Island Boys
|-supereffective|p2a: Island Boys
|-end|p2a: Island Boys|Substitute
|-unboost|p2a: Island Boys|spd|1
|
|-heal|p1a: Yveltal|40/100 brn|[from] item: Leftovers
|-damage|p1a: Yveltal|34/100 brn|[from] Leech Seed|[of] p2a: Island Boys
|-heal|p2a: Island Boys|41/100|[silent]
|-damage|p1a: Yveltal|31/100 brn|[from] brn
|-end|p1a: Yveltal|Dynamax
|-heal|p1a: Yveltal|31/100 brn|[silent]
|upkeep
|turn|37
|
|t:|1651056619
|move|p2a: Island Boys|Protect|p2a: Island Boys
|-singleturn|p2a: Island Boys|Protect
|move|p1a: Yveltal|Knock Off|p2a: Island Boys
|-activate|p2a: Island Boys|move: Protect
|
|-heal|p1a: Yveltal|37/100 brn|[from] item: Leftovers
|-damage|p1a: Yveltal|24/100 brn|[from] Leech Seed|[of] p2a: Island Boys
|-heal|p2a: Island Boys|57/100|[silent]
|-damage|p1a: Yveltal|18/100 brn|[from] brn
|upkeep
|turn|38
|
|t:|1651056628
|move|p2a: Island Boys|Substitute|p2a: Island Boys
|-start|p2a: Island Boys|Substitute
|-damage|p2a: Island Boys|32/100
|move|p1a: Yveltal|Knock Off|p2a: Island Boys
|-supereffective|p2a: Island Boys
|-crit|p2a: Island Boys
|-end|p2a: Island Boys|Substitute
|
|-heal|p1a: Yveltal|24/100 brn|[from] item: Leftovers
|-damage|p1a: Yveltal|12/100 brn|[from] Leech Seed|[of] p2a: Island Boys
|-heal|p2a: Island Boys|47/100|[silent]
|-damage|p1a: Yveltal|6/100 brn|[from] brn
|upkeep
|turn|39
|
|t:|1651056641
|move|p2a: Island Boys|Protect|p2a: Island Boys
|-singleturn|p2a: Island Boys|Protect
|move|p1a: Yveltal|Dual Wingbeat|p2a: Island Boys
|-activate|p2a: Island Boys|move: Protect
|
|-heal|p1a: Yveltal|12/100 brn|[from] item: Leftovers
|-damage|p1a: Yveltal|0 fnt|[from] Leech Seed|[of] p2a: Island Boys
|-heal|p2a: Island Boys|61/100|[silent]
|faint|p1a: Yveltal
|upkeep
|
|t:|1651056664
|switch|p1a: Rayquaza|Rayquaza-Mega|83/100
|-weather|DeltaStream|[from] ability: Delta Stream|[of] p1a: Rayquaza
|turn|40
|
|t:|1651056672
|move|p2a: Island Boys|Substitute|p2a: Island Boys
|-start|p2a: Island Boys|Substitute
|-damage|p2a: Island Boys|36/100
|move|p1a: Rayquaza|Dragon Ascent|p2a: Island Boys
|-end|p2a: Island Boys|Substitute
|-unboost|p1a: Rayquaza|def|1
|-unboost|p1a: Rayquaza|spd|1
|
|-weather|DeltaStream|[upkeep]
|upkeep
|turn|41
|
|t:|1651056680
|move|p2a: Island Boys|Substitute|p2a: Island Boys
|-start|p2a: Island Boys|Substitute
|-damage|p2a: Island Boys|11/100
|move|p1a: Rayquaza|Dragon Ascent|p2a: Island Boys
|-end|p2a: Island Boys|Substitute
|-unboost|p1a: Rayquaza|def|1
|-unboost|p1a: Rayquaza|spd|1
|
|-weather|DeltaStream|[upkeep]
|upkeep
|turn|42
|
|t:|1651056688
|move|p2a: Island Boys|Hex|p1a: Rayquaza
|-damage|p1a: Rayquaza|17/100
|move|p1a: Rayquaza|Draco Meteor|p2a: Island Boys
|-damage|p2a: Island Boys|0 fnt
|-unboost|p1a: Rayquaza|spa|2
|faint|p2a: Island Boys
|
|-weather|DeltaStream|[upkeep]
|upkeep
|
|t:|1651056696
|switch|p2a: The Thing|Ditto|32/100
|-transform|p2a: The Thing|p1a: Rayquaza|[from] ability: Imposter
|turn|43
|
|t:|1651056703
|move|p1a: Rayquaza|Extreme Speed|p2a: The Thing
|-damage|p2a: The Thing|0 fnt
|faint|p2a: The Thing
|
|win|justforfun123
|raw|justforfun123's rating: 1597 &rarr; <strong>1626</strong><br />(+29 for winning)
|raw|chopforce8's rating: 1758 &rarr; <strong>1729</strong><br />(-29 for losing)
|l|☆chopforce8
|l|☆justforfun123
