|j|☆zippitytippity
|j|‽Reincarnation of …
|t:|1665762507
|gametype|singles
|player|p1|zippitytippity|cyrus|1541
|player|p2|Reincarnation of …|blue-gen3two|1519
|teamsize|p1|6
|teamsize|p2|6
|gen|8
|tier|[Gen 8] National Dex AG
|rated|
|rule|HP Percentage Mod: HP is shown in percentages
|rule|Endless Battle Clause: Forcing endless battles is banned
|clearpoke
|poke|p1|Deoxys-Speed|
|poke|p1|Necrozma-Dusk-Mane|
|poke|p1|Yveltal|
|poke|p1|Arceus-*|
|poke|p1|Calyrex-Shadow|
|poke|p1|Blastoise, M|
|poke|p2|Arceus-*|
|poke|p2|Ditto|
|poke|p2|Zygarde|
|poke|p2|Eternatus|
|poke|p2|Arceus-*|
|poke|p2|Arceus-*|
|teampreview
|inactive|Battle timer is ON: inactive players will automatically lose when time's up. (requested by Reincarnation of …)
|
|t:|1665762519
|start
|switch|p1a: Deoxys|Deoxys-Speed|100/100
|switch|p2a: Arceus|Arceus|100/100
|-ability|p1a: Deoxys|Pressure
|turn|1
|
|t:|1665762525
|move|p1a: Deoxys|Stealth Rock|p2a: Arceus
|-sidestart|p2: Reincarnation of …|move: Stealth Rock
|move|p2a: Arceus|Shadow Claw|p1a: Deoxys
|-supereffective|p1a: Deoxys
|-damage|p1a: Deoxys|38/100
|
|upkeep
|turn|2
|
|t:|1665762529
|move|p2a: Arceus|Extreme Speed|p1a: Deoxys
|-damage|p1a: Deoxys|0 fnt
|faint|p1a: Deoxys
|
|upkeep
|
|t:|1665762535
|switch|p1a: Necrozma|Necrozma-Dusk-Mane|100/100
|turn|3
|
|t:|1665762539
|switch|p2a: Zygarde|Zygarde, shiny|100/100
|-damage|p2a: Zygarde|94/100|[from] Stealth Rock
|move|p1a: Necrozma|Dragon Dance|p1a: Necrozma
|-boost|p1a: Necrozma|atk|1
|-boost|p1a: Necrozma|spe|1
|
|-heal|p2a: Zygarde|100/100|[from] item: Leftovers
|upkeep
|turn|4
|
|t:|1665762545
|detailschange|p1a: Necrozma|Necrozma-Ultra
|-burst|p1a: Necrozma|Necrozma|Ultranecrozium Z
|move|p1a: Necrozma|Photon Geyser|p2a: Zygarde
|-damage|p2a: Zygarde|47/100
|move|p2a: Zygarde|Glare|p1a: Necrozma
|-status|p1a: Necrozma|par
|
|-heal|p2a: Zygarde|53/100|[from] item: Leftovers
|upkeep
|turn|5
|
|t:|1665762548
|-zpower|p1a: Necrozma
|move|p1a: Necrozma|Light That Burns the Sky|p2a: Zygarde|[zeffect]
|-damage|p2a: Zygarde|0 fnt
|faint|p2a: Zygarde
|
|upkeep
|
|t:|1665762552
|switch|p2a: Arceus|Arceus-Fairy|100/100
|-damage|p2a: Arceus|88/100|[from] Stealth Rock
|turn|6
|
|t:|1665762557
|move|p2a: Arceus|Judgment|p1a: Necrozma
|-supereffective|p1a: Necrozma
|-damage|p1a: Necrozma|0 fnt
|faint|p1a: Necrozma
|
|upkeep
|
|t:|1665762565
|switch|p1a: Blastoise|Blastoise, M|100/100
|turn|7
|
|t:|1665762569
|detailschange|p1a: Blastoise|Blastoise-Mega, M
|-mega|p1a: Blastoise|Blastoise|Blastoisinite
|move|p1a: Blastoise|Shell Smash|p1a: Blastoise
|-unboost|p1a: Blastoise|def|1
|-unboost|p1a: Blastoise|spd|1
|-boost|p1a: Blastoise|atk|2
|-boost|p1a: Blastoise|spa|2
|-boost|p1a: Blastoise|spe|2
|move|p2a: Arceus|Judgment|p1a: Blastoise
|-damage|p1a: Blastoise|30/100
|
|upkeep
|turn|8
|
|t:|1665762574
|move|p1a: Blastoise|Hydro Pump|p2a: Arceus
|-damage|p2a: Arceus|26/100
|move|p2a: Arceus|Stealth Rock|p1a: Blastoise
|-sidestart|p1: zippitytippity|move: Stealth Rock
|
|upkeep
|turn|9
|
|t:|1665762580
|move|p1a: Blastoise|Ice Beam|p2a: Arceus
|-damage|p2a: Arceus|0 fnt
|faint|p2a: Arceus
|
|upkeep
|
|t:|1665762583
|switch|p2a: Ditto|Ditto|100/100
|-damage|p2a: Ditto|88/100|[from] Stealth Rock
|-transform|p2a: Ditto|p1a: Blastoise|[from] ability: Imposter
|turn|10
|
|t:|1665762586
|move|p2a: Ditto|Dark Pulse|p1a: Blastoise
|-damage|p1a: Blastoise|0 fnt
|faint|p1a: Blastoise
|
|upkeep
|
|t:|1665762589
|switch|p1a: Yveltal|Yveltal|100/100
|-damage|p1a: Yveltal|76/100|[from] Stealth Rock
|-ability|p1a: Yveltal|Dark Aura
|turn|11
|
|t:|1665762600
|-start|p1a: Yveltal|Dynamax|
|-heal|p1a: Yveltal|76/100|[silent]
|move|p2a: Ditto|Dark Pulse|p1a: Yveltal
|-resisted|p1a: Yveltal
|-damage|p1a: Yveltal|51/100
|move|p1a: Yveltal|Max Airstream|p2a: Ditto
|-damage|p2a: Ditto|0 fnt
|-boost|p1a: Yveltal|spe|1
|faint|p2a: Ditto
|-damage|p1a: Yveltal|46/100|[from] item: Life Orb
|
|upkeep
|
|t:|1665762607
|switch|p2a: Eternatus|Eternatus|100/100
|-damage|p2a: Eternatus|88/100|[from] Stealth Rock
|-ability|p2a: Eternatus|Pressure
|turn|12
|
|t:|1665762615
|move|p1a: Yveltal|Max Darkness|p2a: Eternatus
|-damage|p2a: Eternatus|0 fnt
|faint|p2a: Eternatus
|-damage|p1a: Yveltal|41/100|[from] item: Life Orb
|
|upkeep
|
|t:|1665762628
|switch|p2a: Arceus|Arceus-Flying|100/100
|-damage|p2a: Arceus|76/100|[from] Stealth Rock
|turn|13
|
|t:|1665762632
|move|p1a: Yveltal|Max Darkness|p2a: Arceus
|-damage|p2a: Arceus|0 fnt
|faint|p2a: Arceus
|-damage|p1a: Yveltal|37/100|[from] item: Life Orb
|
|upkeep
|
|t:|1665762634
|switch|p2a: Arceus|Arceus|100/100
|-damage|p2a: Arceus|88/100|[from] Stealth Rock
|-end|p1a: Yveltal|Dynamax
|-heal|p1a: Yveltal|37/100|[silent]
|turn|14
|
|t:|1665762640
|move|p2a: Arceus|Extreme Speed|p1a: Yveltal
|-damage|p1a: Yveltal|0 fnt
|faint|p1a: Yveltal
|
|upkeep
|
|t:|1665762643
|switch|p1a: Arceus|Arceus-Ground|100/100
|-damage|p1a: Arceus|94/100|[from] Stealth Rock
|turn|15
|
|t:|1665762645
|move|p1a: Arceus|Earthquake|p2a: Arceus
|-damage|p2a: Arceus|49/100
|move|p2a: Arceus|Swords Dance|p2a: Arceus
|-boost|p2a: Arceus|atk|2
|
|upkeep
|turn|16
|
|t:|1665762651
|move|p1a: Arceus|Earthquake|p2a: Arceus
|-damage|p2a: Arceus|11/100
|move|p2a: Arceus|Recover|p2a: Arceus
|-heal|p2a: Arceus|61/100
|
|upkeep
|turn|17
|
|t:|1665762654
|move|p1a: Arceus|Swords Dance|p1a: Arceus
|-boost|p1a: Arceus|atk|2
|move|p2a: Arceus|Recover|p2a: Arceus
|-heal|p2a: Arceus|100/100
|
|upkeep
|turn|18
|
|t:|1665762657
|-start|p2a: Arceus|Dynamax|
|-heal|p2a: Arceus|100/100|[silent]
|move|p1a: Arceus|Earthquake|p2a: Arceus
|-damage|p2a: Arceus|65/100
|move|p2a: Arceus|Max Strike|p1a: Arceus
|-damage|p1a: Arceus|0 fnt
|faint|p1a: Arceus
|
|upkeep
|
|t:|1665762659
|switch|p1a: Calyrex|Calyrex-Shadow|100/100
|-ability|p1a: Calyrex|As One
|-ability|p1a: Calyrex|Unnerve
|-damage|p1a: Calyrex|88/100|[from] Stealth Rock
|turn|19
|
|t:|1665762662
|move|p1a: Calyrex|Draining Kiss|p2a: Arceus
|-damage|p2a: Arceus|59/100
|-heal|p1a: Calyrex|100/100|[from] drain|[of] p2a: Arceus
|move|p2a: Arceus|Max Phantasm|p1a: Calyrex
|-supereffective|p1a: Calyrex
|-enditem|p1a: Calyrex|Focus Sash
|-damage|p1a: Calyrex|1/100
|-unboost|p1a: Calyrex|def|1
|
|upkeep
|turn|20
|
|t:|1665762664
|move|p1a: Calyrex|Draining Kiss|p2a: Arceus
|-damage|p2a: Arceus|51/100
|-heal|p1a: Calyrex|15/100|[from] drain|[of] p2a: Arceus
|move|p2a: Arceus|Max Phantasm|p1a: Calyrex
|-supereffective|p1a: Calyrex
|-damage|p1a: Calyrex|0 fnt
|faint|p1a: Calyrex
|
|win|Reincarnation of …
|raw|zippitytippity's rating: 1541 &rarr; <strong>1520</strong><br />(-21 for losing)
|raw|Reincarnation of …'s rating: 1519 &rarr; <strong>1540</strong><br />(+21 for winning)
|l|☆zippitytippity
