|j|☆agiantdinosaur
|j|☆09-10a
|t:|1656479829
|gametype|singles
|player|p1|agiantdinosaur|doctor|1600
|player|p2|09-10a|cheren|1890
|teamsize|p1|6
|teamsize|p2|6
|gen|8
|tier|[Gen 8] National Dex AG
|rated|
|rule|HP Percentage Mod: HP is shown in percentages
|rule|Endless Battle Clause: Forcing endless battles is banned
|clearpoke
|poke|p1|Kyogre|
|poke|p1|Necrozma-Dusk-Mane|
|poke|p1|Zacian-*|
|poke|p1|Arceus-*|
|poke|p1|Groudon|
|poke|p1|Ho-Oh|
|poke|p2|Necrozma-Dusk-Mane|
|poke|p2|Yveltal|
|poke|p2|Rayquaza|
|poke|p2|Groudon|
|poke|p2|Excadrill, M|
|poke|p2|Deoxys-Speed|
|teampreview
|inactive|Battle timer is ON: inactive players will automatically lose when time's up. (requested by agiantdinosaur)
|inactive|09-10a also wants the timer to be on.
|
|t:|1656479835
|start
|switch|p1a: Zacian|Zacian-Crowned|100/100
|switch|p2a: Excadrill|Excadrill, M|100/100
|-ability|p1a: Zacian|Intrepid Sword|boost
|-boost|p1a: Zacian|atk|1
|-ability|p2a: Excadrill|Mold Breaker
|turn|1
|
|t:|1656479846
|move|p1a: Zacian|Sacred Sword|p2a: Excadrill
|-supereffective|p2a: Excadrill
|-enditem|p2a: Excadrill|Focus Sash
|-damage|p2a: Excadrill|1/100
|move|p2a: Excadrill|Bulldoze|p1a: Zacian
|-supereffective|p1a: Zacian
|-damage|p1a: Zacian|52/100
|-unboost|p1a: Zacian|spe|1
|
|upkeep
|turn|2
|
|t:|1656479852
|move|p2a: Excadrill|Stealth Rock|p1a: Zacian
|-sidestart|p1: agiantdinosaur|move: Stealth Rock
|move|p1a: Zacian|Sacred Sword|p2a: Excadrill
|-supereffective|p2a: Excadrill
|-damage|p2a: Excadrill|0 fnt
|faint|p2a: Excadrill
|
|upkeep
|
|t:|1656479857
|switch|p2a: Necrozma|Necrozma-Dusk-Mane|100/100
|turn|3
|
|t:|1656479859
|move|p1a: Zacian|Crunch|p2a: Necrozma
|-supereffective|p2a: Necrozma
|-damage|p2a: Necrozma|33/100
|move|p2a: Necrozma|Dragon Dance|p2a: Necrozma
|-boost|p2a: Necrozma|atk|1
|-boost|p2a: Necrozma|spe|1
|
|upkeep
|turn|4
|
|t:|1656479870
|move|p2a: Necrozma|Earthquake|p1a: Zacian
|-supereffective|p1a: Zacian
|-damage|p1a: Zacian|0 fnt
|faint|p1a: Zacian
|
|upkeep
|
|t:|1656479873
|switch|p1a: Ho-Oh|Ho-Oh|100/100
|turn|5
|
|t:|1656479880
|detailschange|p2a: Necrozma|Necrozma-Ultra
|-burst|p2a: Necrozma|Necrozma|Ultranecrozium Z
|move|p2a: Necrozma|Stone Edge|p1a: Ho-Oh
|-supereffective|p1a: Ho-Oh
|-damage|p1a: Ho-Oh|0 fnt
|faint|p1a: Ho-Oh
|
|upkeep
|
|t:|1656479884
|switch|p1a: Arceus|Arceus-Dark|100/100
|-damage|p1a: Arceus|88/100|[from] Stealth Rock
|turn|6
|
|t:|1656479886
|move|p2a: Necrozma|Earthquake|p1a: Arceus
|-damage|p1a: Arceus|44/100
|move|p1a: Arceus|Whirlpool|p2a: Necrozma
|-resisted|p2a: Necrozma
|-damage|p2a: Necrozma|28/100
|-activate|p2a: Necrozma|move: Whirlpool|[of] p1a: Arceus
|
|-damage|p2a: Necrozma|16/100|[from] move: Whirlpool|[partiallytrapped]
|upkeep
|turn|7
|
|t:|1656479889
|move|p2a: Necrozma|Earthquake|p1a: Arceus
|-damage|p1a: Arceus|6/100
|move|p1a: Arceus|Recover|p1a: Arceus
|-heal|p1a: Arceus|56/100
|
|-damage|p2a: Necrozma|3/100|[from] move: Whirlpool|[partiallytrapped]
|upkeep
|turn|8
|
|t:|1656479894
|move|p2a: Necrozma|Earthquake|p1a: Arceus
|-damage|p1a: Arceus|18/100
|move|p1a: Arceus|Recover|p1a: Arceus
|-heal|p1a: Arceus|68/100
|
|-damage|p2a: Necrozma|0 fnt|[from] move: Whirlpool|[partiallytrapped]
|faint|p2a: Necrozma
|upkeep
|
|t:|1656479903
|switch|p2a: Deoxys|Deoxys-Speed|100/100
|-ability|p2a: Deoxys|Pressure
|turn|9
|
|t:|1656479905
|switch|p1a: Kyogre|Kyogre|100/100
|-damage|p1a: Kyogre|88/100|[from] Stealth Rock
|-weather|RainDance|[from] ability: Drizzle|[of] p1a: Kyogre
|move|p2a: Deoxys|Light Screen|p2a: Deoxys
|-sidestart|p2: 09-10a|move: Light Screen
|
|-weather|RainDance|[upkeep]
|upkeep
|turn|10
|
|t:|1656479911
|move|p2a: Deoxys|Taunt|p1a: Kyogre
|-start|p1a: Kyogre|move: Taunt
|cant|p1a: Kyogre|move: Taunt|Calm Mind
|
|-weather|RainDance|[upkeep]
|upkeep
|turn|11
|
|t:|1656479916
|-start|p1a: Kyogre|Dynamax|
|-heal|p1a: Kyogre|88/100|[silent]
|move|p2a: Deoxys|Spikes|p1a: Kyogre
|-sidestart|p1: agiantdinosaur|Spikes
|move|p1a: Kyogre|Max Airstream|p2a: Deoxys
|-damage|p2a: Deoxys|62/100
|-boost|p1a: Kyogre|spe|1
|-damage|p1a: Kyogre|83/100|[from] item: Life Orb
|
|-weather|RainDance|[upkeep]
|upkeep
|turn|12
|
|t:|1656479921
|move|p2a: Deoxys|Spikes|p1a: Kyogre
|-sidestart|p1: agiantdinosaur|Spikes
|move|p1a: Kyogre|Max Airstream|p2a: Deoxys
|-damage|p2a: Deoxys|23/100
|-boost|p1a: Kyogre|spe|1
|-damage|p1a: Kyogre|78/100|[from] item: Life Orb
|
|-weather|RainDance|[upkeep]
|-end|p1a: Kyogre|move: Taunt
|upkeep
|turn|13
|
|t:|1656479923
|move|p1a: Kyogre|Max Airstream|p2a: Deoxys
|-damage|p2a: Deoxys|0 fnt
|-boost|p1a: Kyogre|spe|1
|faint|p2a: Deoxys
|-damage|p1a: Kyogre|73/100|[from] item: Life Orb
|
|-weather|none
|upkeep
|
|t:|1656479936
|switch|p2a: Groudon|Groudon|100/100
|-weather|SunnyDay|[from] ability: Drought|[of] p2a: Groudon
|-end|p1a: Kyogre|Dynamax
|-heal|p1a: Kyogre|73/100|[silent]
|turn|14
|
|t:|1656479938
|-start|p2a: Groudon|Dynamax|
|-heal|p2a: Groudon|100/100|[silent]
|move|p1a: Kyogre|Calm Mind|p1a: Kyogre
|-boost|p1a: Kyogre|spa|1
|-boost|p1a: Kyogre|spd|1
|move|p2a: Groudon|Max Quake|p1a: Kyogre
|-damage|p1a: Kyogre|0 fnt
|-boost|p2a: Groudon|spd|1
|faint|p1a: Kyogre
|-damage|p2a: Groudon|96/100|[from] item: Life Orb
|
|-weather|SunnyDay|[upkeep]
|upkeep
|
|t:|1656479941
|switch|p1a: Groudon|Groudon|100/100
|-damage|p1a: Groudon|94/100|[from] Stealth Rock
|-damage|p1a: Groudon|78/100|[from] Spikes
|detailschange|p1a: Groudon|Groudon-Primal
|-primal|p1a: Groudon
|-weather|DesolateLand|[from] ability: Desolate Land|[of] p1a: Groudon
|turn|15
|
|t:|1656479950
|move|p2a: Groudon|Max Quake|p1a: Groudon
|-supereffective|p1a: Groudon
|-damage|p1a: Groudon|0 fnt
|-boost|p2a: Groudon|spd|1
|faint|p1a: Groudon
|-weather|none
|-damage|p2a: Groudon|91/100|[from] item: Life Orb
|
|upkeep
|
|t:|1656479955
|switch|p1a: Arceus|Arceus-Dark|68/100
|-damage|p1a: Arceus|55/100|[from] Stealth Rock
|-damage|p1a: Arceus|39/100|[from] Spikes
|turn|16
|
|t:|1656479957
|move|p2a: Groudon|Max Quake|p1a: Arceus
|-damage|p1a: Arceus|0 fnt
|-boost|p2a: Groudon|spd|1
|faint|p1a: Arceus
|-damage|p2a: Groudon|86/100|[from] item: Life Orb
|
|-sideend|p2: 09-10a|move: Light Screen
|upkeep
|
|t:|1656479959
|switch|p1a: Necrozma|Necrozma-Dusk-Mane|100/100
|-damage|p1a: Necrozma|94/100|[from] Stealth Rock
|-damage|p1a: Necrozma|78/100|[from] Spikes
|-end|p2a: Groudon|Dynamax
|-heal|p2a: Groudon|86/100|[silent]
|turn|17
|
|t:|1656479961
|move|p2a: Groudon|Precipice Blades|p1a: Necrozma
|-supereffective|p1a: Necrozma
|-damage|p1a: Necrozma|3/100
|-damage|p2a: Groudon|76/100|[from] item: Life Orb
|move|p1a: Necrozma|Sunsteel Strike|p2a: Groudon
|-damage|p2a: Groudon|35/100
|
|upkeep
|turn|18
|
|t:|1656479965
|move|p2a: Groudon|Aerial Ace|p1a: Necrozma
|-resisted|p1a: Necrozma
|-damage|p1a: Necrozma|0 fnt
|-damage|p2a: Groudon|18/100|[from] item: Rocky Helmet|[of] p1a: Necrozma
|faint|p1a: Necrozma
|-damage|p2a: Groudon|8/100|[from] item: Life Orb
|
|win|09-10a
|raw|agiantdinosaur's rating: 1600 &rarr; <strong>1594</strong><br />(-6 for losing)
|raw|09-10a's rating: 1900 &rarr; <strong>1906</strong><br />(+6 for winning)
|c|☆agiantdinosaur|gg
|c|☆09-10a|gg wp ^^
