|j|☆AdamHaziq
|j|☆SLILY FOX
|t:|1662174340
|gametype|singles
|player|p1|AdamHaziq|unknown|1608
|player|p2|SLILY FOX|dragontamer|1598
|teamsize|p1|6
|teamsize|p2|6
|gen|8
|tier|[Gen 8] National Dex AG
|rated|
|rule|HP Percentage Mod: HP is shown in percentages
|rule|Endless Battle Clause: Forcing endless battles is banned
|clearpoke
|poke|p1|Rayquaza|
|poke|p1|Ditto|
|poke|p1|Necrozma-Dusk-Mane|
|poke|p1|Calyrex-Shadow|
|poke|p1|Zacian-*|
|poke|p1|Yveltal|
|poke|p2|Marshadow|
|poke|p2|Groudon|
|poke|p2|Necrozma-Dusk-Mane|
|poke|p2|Kyurem-Black|
|poke|p2|Dialga|
|poke|p2|Arceus-*|
|teampreview
|inactive|Battle timer is ON: inactive players will automatically lose when time's up. (requested by AdamHaziq)
|
|t:|1662174345
|start
|switch|p1a: Merlion|Necrozma-Dusk-Mane|100/100
|switch|p2a: Default|Arceus-Steel|100/100
|turn|1
|
|t:|1662174351
|move|p2a: Default|Will-O-Wisp|p1a: Merlion
|-status|p1a: Merlion|brn
|move|p1a: Merlion|Dragon Dance|p1a: Merlion
|-boost|p1a: Merlion|atk|1
|-boost|p1a: Merlion|spe|1
|
|-damage|p1a: Merlion|95/100 brn|[from] brn
|upkeep
|turn|2
|
|t:|1662174357
|move|p1a: Merlion|Dragon Dance|p1a: Merlion
|-boost|p1a: Merlion|atk|1
|-boost|p1a: Merlion|spe|1
|move|p2a: Default|Stealth Rock|p1a: Merlion
|-sidestart|p1: AdamHaziq|move: Stealth Rock
|
|-damage|p1a: Merlion|89/100 brn|[from] brn
|upkeep
|turn|3
|
|t:|1662174368
|move|p1a: Merlion|Earthquake|p2a: Default
|-supereffective|p2a: Default
|-damage|p2a: Default|46/100
|move|p2a: Default|Toxic|p1a: Merlion|[miss]
|-miss|p2a: Default|p1a: Merlion
|
|-damage|p1a: Merlion|83/100 brn|[from] brn
|upkeep
|turn|4
|
|t:|1662174373
|move|p1a: Merlion|Earthquake|p2a: Default
|-supereffective|p2a: Default
|-damage|p2a: Default|0 fnt
|faint|p2a: Default
|
|-damage|p1a: Merlion|77/100 brn|[from] brn
|upkeep
|
|t:|1662174376
|switch|p2a: Dermot·Lucky·Quinn|Marshadow|100/100
|turn|5
|
|t:|1662174379
|move|p1a: Merlion|Photon Geyser|p2a: Dermot·Lucky·Quinn
|-supereffective|p2a: Dermot·Lucky·Quinn
|-enditem|p2a: Dermot·Lucky·Quinn|Focus Sash
|-damage|p2a: Dermot·Lucky·Quinn|1/100
|move|p2a: Dermot·Lucky·Quinn|Spectral Thief||[still]
|-clearpositiveboost|p1a: Merlion|p2a: Dermot·Lucky·Quinn|move: Spectral Thief
|-boost|p2a: Dermot·Lucky·Quinn|atk|2
|-boost|p2a: Dermot·Lucky·Quinn|spe|2
|-anim|p2a: Dermot·Lucky·Quinn|Spectral Thief|p1a: Merlion
|-supereffective|p1a: Merlion
|-damage|p1a: Merlion|0 fnt
|faint|p1a: Merlion
|
|upkeep
|
|t:|1662174382
|switch|p1a: Ditto|Ditto|100/100
|-damage|p1a: Ditto|88/100|[from] Stealth Rock
|-transform|p1a: Ditto|p2a: Dermot·Lucky·Quinn|[from] ability: Imposter
|turn|6
|
|t:|1662174385
|move|p1a: Ditto|Shadow Sneak|p2a: Dermot·Lucky·Quinn
|-supereffective|p2a: Dermot·Lucky·Quinn
|-damage|p2a: Dermot·Lucky·Quinn|0 fnt
|faint|p2a: Dermot·Lucky·Quinn
|
|upkeep
|
|t:|1662174392
|switch|p2a: Delford·Iraq·Wade|Groudon|100/100
|detailschange|p2a: Delford·Iraq·Wade|Groudon-Primal
|-primal|p2a: Delford·Iraq·Wade
|-weather|DesolateLand|[from] ability: Desolate Land|[of] p2a: Delford·Iraq·Wade
|turn|7
|
|t:|1662174399
|switch|p1a: Yveltal|Yveltal|100/100
|-damage|p1a: Yveltal|76/100|[from] Stealth Rock
|-ability|p1a: Yveltal|Dark Aura
|move|p2a: Delford·Iraq·Wade|Heat Crash|p1a: Yveltal
|-crit|p1a: Yveltal
|-damage|p1a: Yveltal|0 fnt
|faint|p1a: Yveltal
|
|-weather|DesolateLand|[upkeep]
|upkeep
|
|t:|1662174406
|switch|p1a: Rayquaza|Rayquaza, shiny|100/100
|-damage|p1a: Rayquaza|76/100|[from] Stealth Rock
|-ability|p1a: Rayquaza|Air Lock
|turn|8
|
|t:|1662174410
|detailschange|p1a: Rayquaza|Rayquaza-Mega, shiny
|-mega|p1a: Rayquaza|Rayquaza|
|-weather|DeltaStream|[from] ability: Delta Stream|[of] p1a: Rayquaza
|move|p1a: Rayquaza|Dragon Dance|p1a: Rayquaza
|-boost|p1a: Rayquaza|atk|1
|-boost|p1a: Rayquaza|spe|1
|move|p2a: Delford·Iraq·Wade|Roar|p1a: Rayquaza
|-weather|none
|drag|p1a: Ditto|Ditto|88/100
|-damage|p1a: Ditto|76/100|[from] Stealth Rock
|-transform|p1a: Ditto|p2a: Delford·Iraq·Wade|[from] ability: Imposter
|-weather|DesolateLand|[from] ability: Desolate Land|[of] p1a: Ditto
|
|-weather|DesolateLand|[upkeep]
|upkeep
|turn|9
|
|t:|1662174416
|move|p1a: Ditto|Precipice Blades|p2a: Delford·Iraq·Wade
|-supereffective|p2a: Delford·Iraq·Wade
|-damage|p2a: Delford·Iraq·Wade|8/100
|move|p2a: Delford·Iraq·Wade|Precipice Blades|p1a: Ditto
|-supereffective|p1a: Ditto
|-damage|p1a: Ditto|0 fnt
|faint|p1a: Ditto
|
|-weather|DesolateLand|[upkeep]
|upkeep
|
|t:|1662174423
|switch|p1a: Rayquaza|Rayquaza-Mega, shiny|76/100
|-damage|p1a: Rayquaza|51/100|[from] Stealth Rock
|-weather|DeltaStream|[from] ability: Delta Stream|[of] p1a: Rayquaza
|turn|10
|
|t:|1662174427
|move|p1a: Rayquaza|Earthquake|p2a: Delford·Iraq·Wade
|-supereffective|p2a: Delford·Iraq·Wade
|-damage|p2a: Delford·Iraq·Wade|0 fnt
|faint|p2a: Delford·Iraq·Wade
|-damage|p1a: Rayquaza|41/100|[from] item: Life Orb
|
|-weather|DeltaStream|[upkeep]
|upkeep
|
|t:|1662174430
|switch|p2a: Robert·Racine|Dialga|100/100
|-ability|p2a: Robert·Racine|Pressure
|turn|11
|
|t:|1662174433
|-start|p2a: Robert·Racine|Dynamax|
|-heal|p2a: Robert·Racine|100/100|[silent]
|move|p1a: Rayquaza|Earthquake|p2a: Robert·Racine
|-supereffective|p2a: Robert·Racine
|-damage|p2a: Robert·Racine|46/100
|-enditem|p2a: Robert·Racine|Weakness Policy
|-boost|p2a: Robert·Racine|atk|2|[from] item: Weakness Policy
|-boost|p2a: Robert·Racine|spa|2|[from] item: Weakness Policy
|-damage|p1a: Rayquaza|31/100|[from] item: Life Orb
|move|p2a: Robert·Racine|Max Airstream|p1a: Rayquaza
|-damage|p1a: Rayquaza|0 fnt
|-boost|p2a: Robert·Racine|spe|1
|faint|p1a: Rayquaza
|-weather|none
|
|upkeep
|
|t:|1662174440
|switch|p1a: Zoro|Zacian-Crowned|100/100
|-damage|p1a: Zoro|94/100|[from] Stealth Rock
|-ability|p1a: Zoro|Intrepid Sword|boost
|-boost|p1a: Zoro|atk|1
|turn|12
|
|t:|1662174442
|move|p2a: Robert·Racine|Max Quake|p1a: Zoro
|-supereffective|p1a: Zoro
|-damage|p1a: Zoro|0 fnt
|-boost|p2a: Robert·Racine|spd|1
|faint|p1a: Zoro
|
|upkeep
|
|t:|1662174444
|switch|p1a: Calyrex|Calyrex-Shadow|100/100
|-ability|p1a: Calyrex|As One
|-ability|p1a: Calyrex|Unnerve
|-damage|p1a: Calyrex|88/100|[from] Stealth Rock
|turn|13
|
|t:|1662174450
|-start|p1a: Calyrex|Dynamax|
|-heal|p1a: Calyrex|88/100|[silent]
|move|p2a: Robert·Racine|Max Wyrmwind|p1a: Calyrex
|-damage|p1a: Calyrex|13/100
|-unboost|p1a: Calyrex|atk|1
|move|p1a: Calyrex|Max Phantasm|p2a: Robert·Racine
|-damage|p2a: Robert·Racine|18/100
|-unboost|p2a: Robert·Racine|def|1
|
|upkeep
|-end|p2a: Robert·Racine|Dynamax
|-heal|p2a: Robert·Racine|18/100|[silent]
|turn|14
|
|t:|1662174457
|move|p2a: Robert·Racine|Flash Cannon|p1a: Calyrex
|-damage|p1a: Calyrex|0 fnt
|faint|p1a: Calyrex
|
|win|SLILY FOX
|raw|AdamHaziq's rating: 1608 &rarr; <strong>1587</strong><br />(-21 for losing)
|raw|SLILY FOX's rating: 1598 &rarr; <strong>1619</strong><br />(+21 for winning)
