|j|☆Prof. Yurei
|j|☆Batman Magic
|t:|1645142183
|gametype|singles
|player|p1|Prof. Yurei|blue-gen7|1274
|player|p2|Batman Magic|anabel|1257
|teamsize|p1|6
|teamsize|p2|6
|gen|8
|tier|[Gen 8] National Dex AG
|rated|
|rule|HP Percentage Mod: HP is shown in percentages
|rule|Endless Battle Clause: Forcing endless battles is banned
|clearpoke
|poke|p1|Zygarde|
|poke|p1|Aegislash, M|
|poke|p1|Blaziken, M|
|poke|p1|Volcarona, M|
|poke|p1|Gallade, M|
|poke|p1|Umbreon, M|
|poke|p2|Gengar, F|
|poke|p2|Arceus-*|
|poke|p2|Magearna|
|poke|p2|Arceus-*|
|poke|p2|Arceus-*|
|poke|p2|Groudon|
|teampreview
|inactive|Battle timer is ON: inactive players will automatically lose when time's up. (requested by Prof. Yurei)
|
|t:|1645142206
|start
|switch|p1a: Blaziken|Blaziken, M|100/100
|switch|p2a: Gengar|Gengar, F, shiny|100/100
|turn|1
|
|t:|1645142209
|detailschange|p2a: Gengar|Gengar-Mega, F, shiny
|-mega|p2a: Gengar|Gengar|Gengarite
|move|p2a: Gengar|Substitute|p2a: Gengar
|-start|p2a: Gengar|Substitute
|-damage|p2a: Gengar|76/100
|move|p1a: Blaziken|Swords Dance|p1a: Blaziken
|-boost|p1a: Blaziken|atk|2
|
|-ability|p1a: Blaziken|Speed Boost|boost
|-boost|p1a: Blaziken|spe|1
|upkeep
|turn|2
|
|t:|1645142214
|detailschange|p1a: Blaziken|Blaziken-Mega, M
|-mega|p1a: Blaziken|Blaziken|Blazikenite
|move|p1a: Blaziken|Blaze Kick|p2a: Gengar
|-end|p2a: Gengar|Substitute
|move|p2a: Gengar|Encore|p1a: Blaziken
|-start|p1a: Blaziken|Encore
|
|-ability|p1a: Blaziken|Speed Boost|boost
|-boost|p1a: Blaziken|spe|1
|upkeep
|turn|3
|
|t:|1645142219
|switch|p2a: Dracarys|Arceus-Ground|100/100
|move|p1a: Blaziken|Blaze Kick|p2a: Dracarys
|-damage|p2a: Dracarys|46/100
|
|-ability|p1a: Blaziken|Speed Boost|boost
|-boost|p1a: Blaziken|spe|1
|upkeep
|turn|4
|
|t:|1645142222
|move|p1a: Blaziken|Blaze Kick|p2a: Dracarys
|-damage|p2a: Dracarys|0 fnt
|faint|p2a: Dracarys
|
|-ability|p1a: Blaziken|Speed Boost|boost
|-boost|p1a: Blaziken|spe|1
|upkeep
|
|t:|1645142226
|switch|p2a: Sansa|Magearna|100/100
|turn|5
|
|t:|1645142229
|move|p1a: Blaziken|Blaze Kick|p2a: Sansa|[miss]
|-miss|p1a: Blaziken|p2a: Sansa
|move|p2a: Sansa|Fleur Cannon|p1a: Blaziken
|-damage|p1a: Blaziken|25/100
|-unboost|p2a: Sansa|spa|2
|
|-end|p1a: Blaziken|Encore
|-ability|p1a: Blaziken|Speed Boost|boost
|-boost|p1a: Blaziken|spe|1
|upkeep
|turn|6
|
|t:|1645142233
|move|p1a: Blaziken|Blaze Kick|p2a: Sansa|[miss]
|-miss|p1a: Blaziken|p2a: Sansa
|move|p2a: Sansa|Heart Swap|p1a: Blaziken
|-swapboost|p2a: Sansa|p1a: Blaziken|[from] move: Heart Swap
|
|-ability|p1a: Blaziken|Speed Boost|boost
|-boost|p1a: Blaziken|spe|1
|upkeep
|turn|7
|
|t:|1645142237
|move|p2a: Sansa|Fleur Cannon|p1a: Blaziken
|-damage|p1a: Blaziken|0 fnt
|-unboost|p2a: Sansa|spa|2
|faint|p1a: Blaziken
|-ability|p2a: Sansa|Soul-Heart|boost
|-boost|p2a: Sansa|spa|1
|
|upkeep
|c|☆Prof. Yurei|Ahck
|
|t:|1645142243
|switch|p1a: Zygarde|Zygarde|100/100
|turn|8
|
|t:|1645142246
|move|p2a: Sansa|Fleur Cannon|p1a: Zygarde
|-supereffective|p1a: Zygarde
|-damage|p1a: Zygarde|33/100
|-unboost|p2a: Sansa|spa|2
|move|p1a: Zygarde|Dragon Dance|p1a: Zygarde
|-boost|p1a: Zygarde|atk|1
|-boost|p1a: Zygarde|spe|1
|
|-activate|p1a: Zygarde|ability: Power Construct
|detailschange|p1a: Zygarde|Zygarde-Complete
|-heal|p1a: Zygarde|58/100|[silent]
|upkeep
|turn|9
|
|t:|1645142249
|-start|p1a: Zygarde|Dynamax
|-heal|p1a: Zygarde|58/100|[silent]
|move|p2a: Sansa|Heart Swap|p1a: Zygarde
|-swapboost|p2a: Sansa|p1a: Zygarde|[from] move: Heart Swap
|move|p1a: Zygarde|Max Quake|p2a: Sansa
|-supereffective|p2a: Sansa
|-damage|p2a: Sansa|0 fnt
|-boost|p1a: Zygarde|spd|1
|faint|p2a: Sansa
|
|upkeep
|
|t:|1645142258
|switch|p2a: Arceus|Arceus-Flying|100/100
|turn|10
|c|☆Prof. Yurei|sank u
|
|t:|1645142262
|-start|p2a: Arceus|Dynamax
|-heal|p2a: Arceus|100/100|[silent]
|move|p1a: Zygarde|Max Steelspike|p2a: Arceus
|-damage|p2a: Arceus|67/100
|-boost|p1a: Zygarde|def|1
|move|p2a: Arceus|Max Airstream|p1a: Zygarde
|-damage|p1a: Zygarde|42/100
|-boost|p2a: Arceus|spe|1
|
|upkeep
|turn|11
|
|t:|1645142267
|move|p1a: Zygarde|Max Wyrmwind|p2a: Arceus
|-damage|p2a: Arceus|19/100
|-unboost|p2a: Arceus|atk|1
|move|p2a: Arceus|Max Airstream|p1a: Zygarde
|-damage|p1a: Zygarde|26/100
|-boost|p2a: Arceus|spe|1
|
|-end|p1a: Zygarde|Dynamax
|-heal|p1a: Zygarde|26/100|[silent]
|upkeep
|turn|12
|
|t:|1645142275
|move|p1a: Zygarde|Thousand Arrows|p2a: Arceus
|-damage|p2a: Arceus|0 fnt
|faint|p2a: Arceus
|
|upkeep
|
|t:|1645142279
|switch|p2a: Arya|Arceus-Dark|100/100
|turn|13
|
|t:|1645142283
|move|p1a: Zygarde|Thousand Arrows|p2a: Arya
|-damage|p2a: Arya|39/100
|move|p2a: Arya|Perish Song|p2a: Arya
|-start|p1a: Zygarde|perish3|[silent]
|-start|p2a: Arya|perish3|[silent]
|-fieldactivate|move: Perish Song
|
|-start|p1a: Zygarde|perish3
|-start|p2a: Arya|perish3
|upkeep
|turn|14
|
|t:|1645142285
|move|p1a: Zygarde|Thousand Arrows|p2a: Arya
|-damage|p2a: Arya|0 fnt
|faint|p2a: Arya
|
|-start|p1a: Zygarde|perish2
|upkeep
|
|t:|1645142287
|switch|p2a: Groudon|Groudon|100/100
|detailschange|p2a: Groudon|Groudon-Primal
|-primal|p2a: Groudon
|-weather|DesolateLand|[from] ability: Desolate Land|[of] p2a: Groudon
|turn|15
|
|t:|1645142290
|move|p1a: Zygarde|Thousand Arrows|p2a: Groudon
|-supereffective|p2a: Groudon
|-damage|p2a: Groudon|30/100
|move|p2a: Groudon|Earthquake|p1a: Zygarde
|-damage|p1a: Zygarde|5/100
|
|-weather|DesolateLand|[upkeep]
|-start|p1a: Zygarde|perish1
|upkeep
|turn|16
|
|t:|1645142294
|move|p1a: Zygarde|Thousand Arrows|p2a: Groudon
|-supereffective|p2a: Groudon
|-damage|p2a: Groudon|0 fnt
|faint|p2a: Groudon
|-weather|none
|
|-start|p1a: Zygarde|perish0
|faint|p1a: Zygarde
|upkeep
|
|t:|1645142302
|switch|p1a: Aegislash|Aegislash, M|100/100
|switch|p2a: Gengar|Gengar-Mega, F, shiny|76/100
|turn|17
|
|t:|1645142305
|-formechange|p1a: Aegislash|Aegislash-Blade||[from] ability: Stance Change
|move|p1a: Aegislash|Shadow Sneak|p2a: Gengar
|-supereffective|p2a: Gengar
|-damage|p2a: Gengar|4/100
|move|p2a: Gengar|Substitute|p2a: Gengar
|-fail|p2a: Gengar|move: Substitute|[weak]
|
|upkeep
|turn|18
|-message|Batman Magic forfeited.
|
|win|Prof. Yurei
|raw|Prof. Yurei's rating: 1274 &rarr; <strong>1299</strong><br />(+25 for winning)
|raw|Batman Magic's rating: 1272 &rarr; <strong>1247</strong><br />(-25 for losing)
|l|☆Batman Magic
||Ladder isn't responding, score probably updated but might not have (Request timeout).
