|j|☆TrainerAdrian34
|j|☆PepsiPHD
|t:|1666245009
|gametype|singles
|player|p1|TrainerAdrian34|hilbert|1426
|player|p2|PepsiPHD|li|1468
|teamsize|p1|6
|teamsize|p2|6
|gen|8
|tier|[Gen 8] National Dex AG
|rated|
|rule|HP Percentage Mod: HP is shown in percentages
|rule|Endless Battle Clause: Forcing endless battles is banned
|clearpoke
|poke|p1|Rayquaza|
|poke|p1|Zacian-*|
|poke|p1|Greninja, M|
|poke|p1|Lycanroc-Dusk, M|
|poke|p1|Dragapult, M|
|poke|p1|Marshadow|
|poke|p2|Flygon, F|
|poke|p2|Banette, F|
|poke|p2|Scizor, M|
|poke|p2|Moltres-Galar|
|poke|p2|Lugia|
|poke|p2|Regieleki|
|teampreview
|
|t:|1666245020
|start
|switch|p1a: Master Ray|Rayquaza|100/100
|switch|p2a: Regieleki|Regieleki|100/100
|-ability|p1a: Master Ray|Air Lock
|turn|1
|
|t:|1666245027
|switch|p2a: Lugia|Lugia|100/100
|-ability|p2a: Lugia|Pressure
|detailschange|p1a: Master Ray|Rayquaza-Mega
|-mega|p1a: Master Ray|Rayquaza|
|-weather|DeltaStream|[from] ability: Delta Stream|[of] p1a: Master Ray
|move|p1a: Master Ray|Extreme Speed|p2a: Lugia
|-damage|p2a: Lugia|71/100
|
|-weather|DeltaStream|[upkeep]
|upkeep
|turn|2
|
|t:|1666245038
|-weather|none
|switch|p1a: Master Zacian|Zacian-Crowned|100/100
|-ability|p1a: Master Zacian|Intrepid Sword|boost
|-boost|p1a: Master Zacian|atk|1
|move|p2a: Lugia|Ice Beam|p1a: Master Zacian
|-resisted|p1a: Master Zacian
|-damage|p1a: Master Zacian|84/100
|
|upkeep
|turn|3
|
|t:|1666245049
|switch|p2a: Scizor|Scizor, M|100/100
|move|p1a: Master Zacian|Behemoth Blade|p2a: Scizor
|-resisted|p2a: Scizor
|-damage|p2a: Scizor|55/100
|
|upkeep
|turn|4
|
|t:|1666245056
|switch|p1a: Master Ray|Rayquaza-Mega|100/100
|-weather|DeltaStream|[from] ability: Delta Stream|[of] p1a: Master Ray
|move|p2a: Scizor|Bullet Punch|p1a: Master Ray
|-damage|p1a: Master Ray|65/100
|
|-weather|DeltaStream|[upkeep]
|upkeep
|turn|5
|
|t:|1666245067
|move|p2a: Scizor|Bullet Punch|p1a: Master Ray
|-damage|p1a: Master Ray|25/100
|move|p1a: Master Ray|Dragon Pulse|p2a: Scizor
|-resisted|p2a: Scizor
|-damage|p2a: Scizor|17/100
|
|-weather|DeltaStream|[upkeep]
|upkeep
|turn|6
|
|t:|1666245074
|move|p1a: Master Ray|Extreme Speed|p2a: Scizor
|-resisted|p2a: Scizor
|-damage|p2a: Scizor|0 fnt
|faint|p2a: Scizor
|
|-weather|DeltaStream|[upkeep]
|upkeep
|
|t:|1666245080
|switch|p2a: Banette|Banette, F|100/100
|turn|7
|
|t:|1666245085
|detailschange|p2a: Banette|Banette-Mega, F
|-mega|p2a: Banette|Banette|Banettite
|move|p2a: Banette|Shadow Sneak|p1a: Master Ray
|-crit|p1a: Master Ray
|-damage|p1a: Master Ray|0 fnt
|faint|p1a: Master Ray
|-weather|none
|
|upkeep
|
|t:|1666245095
|switch|p1a: Greninja|Greninja, M|100/100
|turn|8
|
|t:|1666245099
|-start|p1a: Greninja|Dynamax|
|-heal|p1a: Greninja|100/100|[silent]
|move|p2a: Banette|Substitute|p2a: Banette
|-start|p2a: Banette|Substitute
|-damage|p2a: Banette|76/100
|move|p1a: Greninja|Max Darkness|p2a: Banette
|-supereffective|p2a: Banette
|-end|p2a: Banette|Substitute
|-unboost|p2a: Banette|spd|1
|
|upkeep
|turn|9
|
|t:|1666245109
|move|p2a: Banette|Substitute|p2a: Banette
|-start|p2a: Banette|Substitute
|-damage|p2a: Banette|51/100
|move|p1a: Greninja|Max Geyser|p2a: Banette
|-end|p2a: Banette|Substitute
|-weather|RainDance
|
|-weather|RainDance|[upkeep]
|upkeep
|turn|10
|
|t:|1666245116
|move|p2a: Banette|Substitute|p2a: Banette
|-start|p2a: Banette|Substitute
|-damage|p2a: Banette|26/100
|move|p1a: Greninja|Max Darkness|p2a: Banette
|-supereffective|p2a: Banette
|-end|p2a: Banette|Substitute
|-unboost|p2a: Banette|spd|1
|
|-weather|RainDance|[upkeep]
|upkeep
|-end|p1a: Greninja|Dynamax
|-heal|p1a: Greninja|100/100|[silent]
|turn|11
|
|t:|1666245128
|move|p2a: Banette|Substitute|p2a: Banette
|-start|p2a: Banette|Substitute
|-damage|p2a: Banette|1/100
|move|p1a: Greninja|Taunt|p2a: Banette
|-start|p2a: Banette|move: Taunt
|
|-weather|RainDance|[upkeep]
|upkeep
|turn|12
|
|t:|1666245135
|move|p1a: Greninja|Water Shuriken|p2a: Banette
|-end|p2a: Banette|Substitute
|-damage|p2a: Banette|0 fnt
|faint|p2a: Banette
|-activate|p1a: Greninja|ability: Battle Bond
|detailschange|p1a: Greninja|Greninja-Ash, M
|-hitcount|p2: Banette|2
|
|-weather|RainDance|[upkeep]
|upkeep
|
|t:|1666245140
|switch|p2a: Regieleki|Regieleki|100/100
|turn|13
|
|t:|1666245145
|-start|p2a: Regieleki|Dynamax|
|-heal|p2a: Regieleki|100/100|[silent]
|move|p1a: Greninja|Water Shuriken|p2a: Regieleki
|-crit|p2a: Regieleki
|-damage|p2a: Regieleki|71/100
|-damage|p2a: Regieleki|50/100
|-damage|p2a: Regieleki|30/100
|-hitcount|p2a: Regieleki|3
|move|p2a: Regieleki|Max Lightning|p1a: Greninja
|-supereffective|p1a: Greninja
|-damage|p1a: Greninja|0 fnt
|-fieldstart|move: Electric Terrain
|faint|p1a: Greninja
|
|-weather|none
|upkeep
|
|t:|1666245159
|switch|p1a: Fox|Lycanroc-Dusk, M|100/100
|turn|14
|inactive|Battle timer is ON: inactive players will automatically lose when time's up. (requested by TrainerAdrian34)
|
|t:|1666245172
|move|p1a: Fox|Accelerock|p2a: Regieleki
|-damage|p2a: Regieleki|0 fnt
|faint|p2a: Regieleki
|
|upkeep
|
|t:|1666245176
|switch|p2a: Flygon|Flygon, F|100/100
|turn|15
|
|t:|1666245184
|switch|p1a: Shadow|Marshadow|100/100
|move|p2a: Flygon|Earthquake|p1a: Shadow
|-damage|p1a: Shadow|41/100
|
|upkeep
|turn|16
|
|t:|1666245191
|move|p2a: Flygon|Earthquake|p1a: Shadow
|-damage|p1a: Shadow|0 fnt
|faint|p1a: Shadow
|
|upkeep
|
|t:|1666245196
|switch|p1a: Skullcrusher|Dragapult, M|100/100
|turn|17
|
|t:|1666245202
|switch|p2a: Moltres|Moltres-Galar|100/100
|move|p1a: Skullcrusher|Dragon Darts|p2a: Moltres
|-damage|p2a: Moltres|63/100
|-anim|p1a: Skullcrusher|Dragon Darts|p2a: Moltres
|-damage|p2a: Moltres|29/100
|-ability|p2a: Moltres|Berserk|boost
|-boost|p2a: Moltres|spa|1
|
|-heal|p2a: Moltres|36/100|[from] item: Leftovers
|-fieldend|move: Electric Terrain
|upkeep
|turn|18
|
|t:|1666245212
|move|p1a: Skullcrusher|Dragon Darts|p2a: Moltres
|-damage|p2a: Moltres|3/100
|-anim|p1a: Skullcrusher|Dragon Darts|p2a: Moltres
|-damage|p2a: Moltres|0 fnt
|faint|p2a: Moltres
|
|upkeep
|
|t:|1666245214
|switch|p2a: Lugia|Lugia|71/100
|-ability|p2a: Lugia|Pressure
|turn|19
|
|t:|1666245221
|move|p1a: Skullcrusher|Phantom Force||[still]
|-prepare|p1a: Skullcrusher|Phantom Force
|move|p2a: Lugia|Aeroblast|p1a: Skullcrusher|[miss]
|-miss|p2a: Lugia|p1a: Skullcrusher
|
|upkeep
|turn|20
|
|t:|1666245226
|move|p1a: Skullcrusher|Phantom Force|p2a: Lugia|[from]lockedmove
|-supereffective|p2a: Lugia
|-damage|p2a: Lugia|0 fnt
|faint|p2a: Lugia
|
|upkeep
|
|t:|1666245230
|switch|p2a: Flygon|Flygon, F|100/100
|turn|21
|
|t:|1666245233
|move|p2a: Flygon|Earthquake|p1a: Skullcrusher
|-damage|p1a: Skullcrusher|44/100
|move|p1a: Skullcrusher|Dragon Darts|p2a: Flygon
|-supereffective|p2a: Flygon
|-damage|p2a: Flygon|13/100
|-anim|p1a: Skullcrusher|Dragon Darts|p2a: Flygon
|-supereffective|p2a: Flygon
|-damage|p2a: Flygon|0 fnt
|faint|p2a: Flygon
|
|win|TrainerAdrian34
|raw|TrainerAdrian34's rating: 1426 &rarr; <strong>1448</strong><br />(+22 for winning)
|raw|PepsiPHD's rating: 1468 &rarr; <strong>1446</strong><br />(-22 for losing)
|l|☆PepsiPHD
