|j|☆txanpu
|j|☆amnael1
|t:|1653571260
|gametype|singles
|player|p1|txanpu|266|1688
|player|p2|amnael1|dawn|1805
|teamsize|p1|6
|teamsize|p2|6
|gen|8
|tier|[Gen 8] National Dex AG
|rated|
|rule|HP Percentage Mod: HP is shown in percentages
|rule|Endless Battle Clause: Forcing endless battles is banned
|clearpoke
|poke|p1|Arceus-*|
|poke|p1|Kangaskhan, F|
|poke|p1|Smeargle, L1, M|
|poke|p1|Ditto|
|poke|p1|Chansey, F|
|poke|p1|Miltank, F|
|poke|p2|Smeargle, F|
|poke|p2|Groudon|
|poke|p2|Espeon, M|
|poke|p2|Rayquaza|
|poke|p2|Xerneas-*|
|poke|p2|Zacian-*|
|teampreview
|
|t:|1653571265
|start
|switch|p1a: Sp0R3jeRk|Smeargle, L1, M|100/100
|switch|p2a: Groudon|Groudon|100/100
|detailschange|p2a: Groudon|Groudon-Primal
|-primal|p2a: Groudon
|-weather|DesolateLand|[from] ability: Desolate Land|[of] p2a: Groudon
|turn|1
|inactive|Battle timer is ON: inactive players will automatically lose when time's up. (requested by amnael1)
|
|t:|1653571272
|move|p2a: Groudon|Fire Punch|p1a: Sp0R3jeRk
|-enditem|p1a: Sp0R3jeRk|Focus Sash
|-damage|p1a: Sp0R3jeRk|8/100
|move|p1a: Sp0R3jeRk|Endeavor|p2a: Groudon
|-damage|p2a: Groudon|1/100
|
|-weather|DesolateLand|[upkeep]
|upkeep
|turn|2
|
|t:|1653571279
|move|p2a: Groudon|Stealth Rock|p1a: Sp0R3jeRk
|-sidestart|p1: txanpu|move: Stealth Rock
|move|p1a: Sp0R3jeRk|Endeavor|p2a: Groudon
|-immune|p2a: Groudon
|
|-weather|DesolateLand|[upkeep]
|upkeep
|turn|3
|
|t:|1653571283
|move|p1a: Sp0R3jeRk|Extreme Speed|p2a: Groudon
|-damage|p2a: Groudon|0 fnt
|faint|p2a: Groudon
|-weather|none
|
|upkeep
|
|t:|1653571285
|switch|p2a: Rayquaza|Rayquaza|100/100
|-ability|p2a: Rayquaza|Air Lock
|turn|4
|
|t:|1653571291
|detailschange|p2a: Rayquaza|Rayquaza-Mega
|-mega|p2a: Rayquaza|Rayquaza|
|-weather|DeltaStream|[from] ability: Delta Stream|[of] p2a: Rayquaza
|move|p1a: Sp0R3jeRk|Baneful Bunker|p1a: Sp0R3jeRk
|-singleturn|p1a: Sp0R3jeRk|move: Protect
|move|p2a: Rayquaza|Extreme Speed|p1a: Sp0R3jeRk
|-activate|p1a: Sp0R3jeRk|move: Protect
|-status|p2a: Rayquaza|psn
|
|-weather|DeltaStream|[upkeep]
|-damage|p2a: Rayquaza|88/100 psn|[from] psn
|upkeep
|turn|5
|
|t:|1653571301
|switch|p1a: EvILNesZ|Miltank, F|100/100
|-damage|p1a: EvILNesZ|88/100|[from] Stealth Rock
|move|p2a: Rayquaza|Extreme Speed|p1a: EvILNesZ
|-damage|p1a: EvILNesZ|68/100
|-damage|p2a: Rayquaza|72/100 psn|[from] item: Rocky Helmet|[of] p1a: EvILNesZ
|
|-weather|DeltaStream|[upkeep]
|-damage|p2a: Rayquaza|59/100 psn|[from] psn
|upkeep
|turn|6
|
|t:|1653571308
|switch|p1a: Sp0R3jeRk|Smeargle, L1, M|8/100
|-damage|p1a: Sp0R3jeRk|0 fnt|[from] Stealth Rock
|faint|p1a: Sp0R3jeRk
|move|p2a: Rayquaza|Dragon Ascent|p1: Sp0R3jeRk|[notarget]
|-fail|p2a: Rayquaza
|
|-weather|DeltaStream|[upkeep]
|-damage|p2a: Rayquaza|47/100 psn|[from] psn
|upkeep
|
|t:|1653571315
|switch|p1a: Oh mY gOOOOd|Arceus|100/100
|-damage|p1a: Oh mY gOOOOd|88/100|[from] Stealth Rock
|turn|7
|
|t:|1653571319
|move|p1a: Oh mY gOOOOd|Extreme Speed|p2a: Rayquaza
|-damage|p2a: Rayquaza|0 fnt
|faint|p2a: Rayquaza
|-weather|none
|
|upkeep
|
|t:|1653571323
|switch|p2a: Zacian|Zacian-Crowned|100/100
|-ability|p2a: Zacian|Intrepid Sword|boost
|-boost|p2a: Zacian|atk|1
|turn|8
|
|t:|1653571330
|switch|p1a: EvILNesZ|Miltank, F|68/100
|-damage|p1a: EvILNesZ|55/100|[from] Stealth Rock
|move|p2a: Zacian|Close Combat|p1a: EvILNesZ
|-supereffective|p1a: EvILNesZ
|-damage|p1a: EvILNesZ|0 fnt
|-unboost|p2a: Zacian|def|1
|-unboost|p2a: Zacian|spd|1
|-damage|p2a: Zacian|84/100|[from] item: Rocky Helmet|[of] p1a: EvILNesZ
|faint|p1a: EvILNesZ
|
|upkeep
|
|t:|1653571334
|switch|p1a: ZacIAN 2.0|Ditto|100/100
|-damage|p1a: ZacIAN 2.0|88/100|[from] Stealth Rock
|-transform|p1a: ZacIAN 2.0|p2a: Zacian|[from] ability: Imposter
|-ability|p1a: ZacIAN 2.0|Intrepid Sword|boost
|-boost|p1a: ZacIAN 2.0|atk|1
|turn|9
|
|t:|1653571337
|switch|p2a: Espeon|Espeon, M|100/100
|move|p1a: ZacIAN 2.0|Behemoth Blade|p2a: Espeon
|-enditem|p2a: Espeon|Focus Sash
|-damage|p2a: Espeon|1/100
|
|upkeep
|turn|10
|
|t:|1653571340
|move|p1a: ZacIAN 2.0|Behemoth Blade|p2a: Espeon
|-damage|p2a: Espeon|0 fnt
|faint|p2a: Espeon
|
|upkeep
|
|t:|1653571342
|switch|p2a: Smeargle|Smeargle, F|100/100
|turn|11
|
|t:|1653571346
|switch|p1a: dinOZaurrr|Kangaskhan, F|100/100
|-damage|p1a: dinOZaurrr|88/100|[from] Stealth Rock
|move|p2a: Smeargle|Spiky Shield||[still]
|-fail|p2a: Smeargle
|
|-ability|p2a: Smeargle|Moody|boost
|-boost|p2a: Smeargle|atk|2
|-unboost|p2a: Smeargle|spd|1
|upkeep
|turn|12
|
|t:|1653571354
|detailschange|p1a: dinOZaurrr|Kangaskhan-Mega, F
|-mega|p1a: dinOZaurrr|Kangaskhan|Kangaskhanite
|move|p2a: Smeargle|Spiky Shield|p2a: Smeargle
|-singleturn|p2a: Smeargle|move: Protect
|move|p1a: dinOZaurrr|Fake Out|p2a: Smeargle
|-activate|p2a: Smeargle|move: Protect
|-damage|p1a: dinOZaurrr|76/100|[from] Spiky Shield|[of] p2a: Smeargle
|
|-ability|p2a: Smeargle|Moody|boost
|-boost|p2a: Smeargle|spa|2
|-unboost|p2a: Smeargle|def|1
|upkeep
|turn|13
|
|t:|1653571360
|switch|p2a: Zacian|Zacian-Crowned|84/100
|-ability|p2a: Zacian|Intrepid Sword|boost
|-boost|p2a: Zacian|atk|1
|move|p1a: dinOZaurrr|Seismic Toss|p2a: Zacian
|-damage|p2a: Zacian|53/100
|-damage|p2a: Zacian|22/100
|-hitcount|p2a: Zacian|2
|
|upkeep
|turn|14
|
|t:|1653571372
|switch|p1a: Oh mY gOOOOd|Arceus|88/100
|-damage|p1a: Oh mY gOOOOd|76/100|[from] Stealth Rock
|move|p2a: Zacian|Close Combat|p1a: Oh mY gOOOOd
|-supereffective|p1a: Oh mY gOOOOd
|-damage|p1a: Oh mY gOOOOd|0 fnt
|-unboost|p2a: Zacian|def|1
|-unboost|p2a: Zacian|spd|1
|faint|p1a: Oh mY gOOOOd
|
|upkeep
|
|t:|1653571376
|switch|p1a: ZacIAN 2.0|Ditto|88/100
|-damage|p1a: ZacIAN 2.0|76/100|[from] Stealth Rock
|-transform|p1a: ZacIAN 2.0|p2a: Zacian|[from] ability: Imposter
|-ability|p1a: ZacIAN 2.0|Intrepid Sword|boost
|-boost|p1a: ZacIAN 2.0|atk|1
|turn|15
|
|t:|1653571380
|move|p1a: ZacIAN 2.0|Behemoth Blade|p2a: Zacian
|-damage|p2a: Zacian|0 fnt
|faint|p2a: Zacian
|
|upkeep
|
|t:|1653571381
|switch|p2a: Smeargle|Smeargle, F|100/100
|turn|16
|
|t:|1653571389
|switch|p1a: dinOZaurrr|Kangaskhan-Mega, F|76/100
|-damage|p1a: dinOZaurrr|64/100|[from] Stealth Rock
|move|p2a: Smeargle|Spiky Shield||[still]
|-fail|p2a: Smeargle
|
|-ability|p2a: Smeargle|Moody|boost
|-boost|p2a: Smeargle|spd|2
|-unboost|p2a: Smeargle|spa|1
|upkeep
|turn|17
|
|t:|1653571396
|move|p2a: Smeargle|Spiky Shield|p2a: Smeargle
|-singleturn|p2a: Smeargle|move: Protect
|move|p1a: dinOZaurrr|Sleep Talk||[still]
|-fail|p1a: dinOZaurrr
|
|-ability|p2a: Smeargle|Moody|boost
|-boost|p2a: Smeargle|spd|2
|-unboost|p2a: Smeargle|spe|1
|upkeep
|turn|18
|
|t:|1653571399
|move|p2a: Smeargle|Spiky Shield|p2a: Smeargle
|-singleturn|p2a: Smeargle|move: Protect
|move|p1a: dinOZaurrr|Seismic Toss|p2a: Smeargle
|-activate|p2a: Smeargle|move: Protect
|-damage|p1a: dinOZaurrr|51/100|[from] Spiky Shield|[of] p2a: Smeargle
|
|-ability|p2a: Smeargle|Moody|boost
|-boost|p2a: Smeargle|spd|2
|-unboost|p2a: Smeargle|atk|1
|upkeep
|turn|19
|
|t:|1653571403
|move|p1a: dinOZaurrr|Seismic Toss|p2a: Smeargle
|-damage|p2a: Smeargle|69/100
|-damage|p2a: Smeargle|37/100
|-hitcount|p2a: Smeargle|2
|move|p2a: Smeargle|Spore|p1a: dinOZaurrr
|-status|p1a: dinOZaurrr|slp|[from] move: Spore
|
|-ability|p2a: Smeargle|Moody|boost
|-boost|p2a: Smeargle|spa|2
|-unboost|p2a: Smeargle|spd|1
|upkeep
|turn|20
|
|t:|1653571409
|cant|p1a: dinOZaurrr|slp
|move|p1a: dinOZaurrr|Sleep Talk|p1a: dinOZaurrr
|move|p1a: dinOZaurrr|Fake Out||[from]move: Sleep Talk|[still]
|-hint|Fake Out only works on your first turn out.
|-fail|p1a: dinOZaurrr
|move|p2a: Smeargle|Shift Gear|p2a: Smeargle
|-boost|p2a: Smeargle|spe|2
|-boost|p2a: Smeargle|atk|1
|
|-ability|p2a: Smeargle|Moody|boost
|-boost|p2a: Smeargle|spa|2
|-unboost|p2a: Smeargle|atk|1
|upkeep
|turn|21
|
|t:|1653571417
|move|p2a: Smeargle|Baton Pass|p2a: Smeargle
|
|t:|1653571418
|switch|p2a: Xerneas|Xerneas|100/100|[from]move: Baton Pass
|-ability|p2a: Xerneas|Fairy Aura
|cant|p1a: dinOZaurrr|slp
|move|p1a: dinOZaurrr|Sleep Talk|p1a: dinOZaurrr
|move|p1a: dinOZaurrr|Seismic Toss|p2a: Xerneas|[from]move: Sleep Talk
|-damage|p2a: Xerneas|79/100
|-damage|p2a: Xerneas|57/100
|-hitcount|p2a: Xerneas|2
|
|upkeep
|turn|22
|
|t:|1653571431
|move|p2a: Xerneas|Moonblast|p1a: dinOZaurrr
|-damage|p1a: dinOZaurrr|0 fnt
|faint|p1a: dinOZaurrr
|
|upkeep
|
|t:|1653571434
|switch|p1a: PhATTT|Chansey, F|100/100
|-damage|p1a: PhATTT|88/100|[from] Stealth Rock
|turn|23
|
|t:|1653571438
|move|p2a: Xerneas|Geomancy||[still]
|-prepare|p2a: Xerneas|Geomancy
|-enditem|p2a: Xerneas|Power Herb
|-anim|p2a: Xerneas|Geomancy|p2a: Xerneas
|-boost|p2a: Xerneas|spa|2
|-boost|p2a: Xerneas|spd|1
|-boost|p2a: Xerneas|spe|2
|move|p1a: PhATTT|Soft-Boiled|p1a: PhATTT
|-heal|p1a: PhATTT|100/100
|
|upkeep
|turn|24
|
|t:|1653571444
|-start|p2a: Xerneas|Dynamax|
|-heal|p2a: Xerneas|57/100|[silent]
|move|p2a: Xerneas|Max Starfall|p1a: PhATTT
|-damage|p1a: PhATTT|35/100
|-fieldstart|move: Misty Terrain
|move|p1a: PhATTT|Soft-Boiled|p1a: PhATTT
|-heal|p1a: PhATTT|85/100
|
|upkeep
|turn|25
|
|t:|1653571452
|move|p2a: Xerneas|Max Starfall|p1a: PhATTT
|-damage|p1a: PhATTT|17/100
|move|p1a: PhATTT|Soft-Boiled|p1a: PhATTT
|-heal|p1a: PhATTT|67/100
|
|upkeep
|turn|26
|
|t:|1653571455
|move|p2a: Xerneas|Max Starfall|p1a: PhATTT
|-damage|p1a: PhATTT|7/100
|move|p1a: PhATTT|Soft-Boiled|p1a: PhATTT
|-heal|p1a: PhATTT|57/100
|
|upkeep
|-end|p2a: Xerneas|Dynamax
|-heal|p2a: Xerneas|57/100|[silent]
|turn|27
|
|t:|1653571461
|move|p2a: Xerneas|Moonblast|p1a: PhATTT
|-damage|p1a: PhATTT|13/100
|move|p1a: PhATTT|Soft-Boiled|p1a: PhATTT
|-heal|p1a: PhATTT|63/100
|
|upkeep
|turn|28
|
|t:|1653571466
|move|p2a: Xerneas|Moonblast|p1a: PhATTT
|-damage|p1a: PhATTT|19/100
|-unboost|p1a: PhATTT|spa|1
|move|p1a: PhATTT|Soft-Boiled|p1a: PhATTT
|-heal|p1a: PhATTT|69/100
|
|-fieldend|Misty Terrain
|upkeep
|turn|29
|
|t:|1653571468
|move|p2a: Xerneas|Moonblast|p1a: PhATTT
|-crit|p1a: PhATTT
|-damage|p1a: PhATTT|0 fnt
|faint|p1a: PhATTT
|
|upkeep
|
|t:|1653571472
|switch|p1a: ZacIAN 2.0|Ditto|76/100
|-damage|p1a: ZacIAN 2.0|63/100|[from] Stealth Rock
|-transform|p1a: ZacIAN 2.0|p2a: Xerneas|[from] ability: Imposter
|-ability|p1a: ZacIAN 2.0|Fairy Aura
|turn|30
|
|t:|1653571480
|-start|p1a: ZacIAN 2.0|Dynamax|
|-heal|p1a: ZacIAN 2.0|63/100|[silent]
|move|p1a: ZacIAN 2.0|Max Starfall|p2a: Xerneas
|-damage|p2a: Xerneas|7/100
|-fieldstart|move: Misty Terrain
|move|p2a: Xerneas|Moonblast|p1a: ZacIAN 2.0
|-damage|p1a: ZacIAN 2.0|38/100
|-unboost|p1a: ZacIAN 2.0|spa|1
|
|upkeep
|turn|31
|
|t:|1653571490
|move|p2a: Xerneas|Moonblast|p1a: ZacIAN 2.0
|-damage|p1a: ZacIAN 2.0|11/100
|move|p1a: ZacIAN 2.0|Max Starfall|p2a: Xerneas
|-damage|p2a: Xerneas|0 fnt
|faint|p2a: Xerneas
|
|upkeep
|
|t:|1653571495
|switch|p2a: Smeargle|Smeargle, F|37/100
|turn|32
|
|t:|1653571501
|move|p2a: Smeargle|Spiky Shield|p2a: Smeargle
|-singleturn|p2a: Smeargle|move: Protect
|move|p1a: ZacIAN 2.0|Max Starfall|p2a: Smeargle
|-zbroken|p2a: Smeargle
|-damage|p2a: Smeargle|0 fnt
|faint|p2a: Smeargle
|
|win|txanpu
|raw|txanpu's rating: 1688 &rarr; <strong>1714</strong><br />(+26 for winning)
|raw|amnael1's rating: 1805 &rarr; <strong>1779</strong><br />(-26 for losing)
|l|☆amnael1
|c|☆txanpu|ggwp
||Ladder isn't responding, score probably updated but might not have (Request timeout).
