|j|☆Better Alone
|j|☆Dr. Drake6782
|t:|1661229567
|gametype|singles
|player|p1|Better Alone|swimmerf-gen4|1583
|player|p2|Dr. Drake6782|ash-kalos|1773
|teamsize|p1|6
|teamsize|p2|6
|gen|8
|tier|[Gen 8] National Dex AG
|rated|
|rule|HP Percentage Mod: HP is shown in percentages
|rule|Endless Battle Clause: Forcing endless battles is banned
|clearpoke
|poke|p1|Yveltal|
|poke|p1|Arceus-*|
|poke|p1|Ditto|
|poke|p1|Calyrex-Shadow|
|poke|p1|Groudon|
|poke|p1|Zacian-*|
|poke|p2|Rayquaza|
|poke|p2|Groudon|
|poke|p2|Smeargle, M|
|poke|p2|Deoxys-Speed|
|poke|p2|Calyrex-Shadow|
|poke|p2|Arceus-*|
|teampreview
|inactive|Battle timer is ON: inactive players will automatically lose when time's up. (requested by Dr. Drake6782)
|
|t:|1661229574
|start
|switch|p1a: Arceus|Arceus-Ground|100/100
|switch|p2a: Kakashi|Smeargle, M, shiny|100/100
|turn|1
|
|t:|1661229579
|move|p1a: Arceus|Magic Coat|p1a: Arceus
|-singleturn|p1a: Arceus|move: Magic Coat
|move|p2a: Kakashi|Substitute|p2a: Kakashi
|-start|p2a: Kakashi|Substitute
|-damage|p2a: Kakashi|76/100
|
|upkeep
|turn|2
|
|t:|1661229583
|move|p1a: Arceus|Stealth Rock|p2a: Kakashi
|-sidestart|p2: Dr. Drake6782|move: Stealth Rock
|move|p2a: Kakashi|Shell Smash|p2a: Kakashi
|-unboost|p2a: Kakashi|def|1
|-unboost|p2a: Kakashi|spd|1
|-boost|p2a: Kakashi|atk|2
|-boost|p2a: Kakashi|spa|2
|-boost|p2a: Kakashi|spe|2
|
|upkeep
|turn|3
|
|t:|1661229590
|switch|p1a: Yveltal|Yveltal|100/100
|-ability|p1a: Yveltal|Dark Aura
|move|p2a: Kakashi|Spore|p1a: Yveltal
|-status|p1a: Yveltal|slp|[from] move: Spore
|
|upkeep
|turn|4
|
|t:|1661229592
|move|p2a: Kakashi|Baton Pass|p2a: Kakashi
|
|t:|1661229594
|switch|p2a: Shinra|Groudon|100/100|[from]move: Baton Pass
|-damage|p2a: Shinra|94/100|[from] Stealth Rock
|detailschange|p2a: Shinra|Groudon-Primal
|-primal|p2a: Shinra
|-weather|DesolateLand|[from] ability: Desolate Land|[of] p2a: Shinra
|cant|p1a: Yveltal|slp
|
|-weather|DesolateLand|[upkeep]
|upkeep
|turn|5
|
|t:|1661229600
|move|p2a: Shinra|Stone Edge|p1a: Yveltal
|-supereffective|p1a: Yveltal
|-damage|p1a: Yveltal|0 fnt
|faint|p1a: Yveltal
|
|-weather|DesolateLand|[upkeep]
|upkeep
|j| eefre
|
|t:|1661229607
|switch|p1a: Groudon|Groudon, shiny|100/100
|detailschange|p1a: Groudon|Groudon-Primal, shiny
|-primal|p1a: Groudon
|turn|6
|
|t:|1661229610
|move|p2a: Shinra|Precipice Blades|p1a: Groudon|[miss]
|-miss|p2a: Shinra|p1a: Groudon
|move|p1a: Groudon|Precipice Blades|p2a: Shinra|[miss]
|-miss|p1a: Groudon|p2a: Shinra
|
|-weather|DesolateLand|[upkeep]
|upkeep
|turn|7
|l| eefre
|
|t:|1661229616
|move|p2a: Shinra|Precipice Blades|p1a: Groudon
|-supereffective|p1a: Groudon
|-damage|p1a: Groudon|0 fnt
|faint|p1a: Groudon
|
|-weather|DesolateLand|[upkeep]
|upkeep
|c|☆Dr. Drake6782|lol
|
|t:|1661229619
|switch|p1a: Calyrex|Calyrex-Shadow|100/100
|-ability|p1a: Calyrex|As One
|-ability|p1a: Calyrex|Unnerve
|turn|8
|
|t:|1661229622
|move|p1a: Calyrex|Astral Barrage|p2a: Shinra
|-end|p2a: Shinra|Substitute
|move|p2a: Shinra|Fire Punch|p1a: Calyrex
|-damage|p1a: Calyrex|0 fnt
|faint|p1a: Calyrex
|
|-weather|DesolateLand|[upkeep]
|upkeep
|
|t:|1661229624
|switch|p1a: Ditto|Ditto, shiny|100/100
|-transform|p1a: Ditto|p2a: Shinra|[from] ability: Imposter
|turn|9
|
|t:|1661229629
|move|p1a: Ditto|Stone Edge|p2a: Shinra
|-damage|p2a: Shinra|1/100
|move|p2a: Shinra|Precipice Blades|p1a: Ditto
|-supereffective|p1a: Ditto
|-damage|p1a: Ditto|0 fnt
|faint|p1a: Ditto
|
|-weather|DesolateLand|[upkeep]
|upkeep
|-message|Better Alone forfeited.
|
|win|Dr. Drake6782
|raw|Better Alone's rating: 1583 &rarr; <strong>1573</strong><br />(-10 for losing)
|raw|Dr. Drake6782's rating: 1784 &rarr; <strong>1794</strong><br />(+10 for winning)
|l|☆Better Alone
|c|☆Dr. Drake6782|called it
