|j|☆aseeasase
|j|☆Nobodi_Nowan
|t:|1663515607
|gametype|singles
|player|p1|aseeasase|101|1900
|player|p2|Nobodi_Nowan|akari|1998
|teamsize|p1|6
|teamsize|p2|6
|gen|8
|tier|[Gen 8] National Dex AG
|rated|
|rule|HP Percentage Mod: HP is shown in percentages
|rule|Endless Battle Clause: Forcing endless battles is banned
|clearpoke
|poke|p1|Arceus-*|
|poke|p1|Yveltal|
|poke|p1|Rayquaza|
|poke|p1|Calyrex-Shadow|
|poke|p1|Xerneas-*|
|poke|p1|Marshadow|
|poke|p2|Forretress, M|
|poke|p2|Arceus-*|
|poke|p2|Kyogre|
|poke|p2|Calyrex-Shadow|
|poke|p2|Zacian-*|
|poke|p2|Rayquaza|
|teampreview
|
|t:|1663515613
|start
|switch|p1a: Calyrex|Calyrex-Shadow|100/100
|switch|p2a: Kyogre|Kyogre|100/100
|-ability|p1a: Calyrex|As One
|-ability|p1a: Calyrex|Unnerve
|detailschange|p2a: Kyogre|Kyogre-Primal
|-primal|p2a: Kyogre
|-weather|PrimordialSea|[from] ability: Primordial Sea|[of] p2a: Kyogre
|turn|1
|inactive|Battle timer is ON: inactive players will automatically lose when time's up. (requested by Nobodi_Nowan)
|
|t:|1663515625
|switch|p1a: Rayquaza|Rayquaza|100/100
|-ability|p1a: Rayquaza|Air Lock
|move|p2a: Kyogre|Thunder|p1a: Rayquaza
|-damage|p1a: Rayquaza|46/100
|
|-weather|PrimordialSea|[upkeep]
|upkeep
|turn|2
|
|t:|1663515634
|detailschange|p1a: Rayquaza|Rayquaza-Mega
|-mega|p1a: Rayquaza|Rayquaza|
|-weather|DeltaStream|[from] ability: Delta Stream|[of] p1a: Rayquaza
|move|p1a: Rayquaza|Dragon Ascent|p2a: Kyogre
|-damage|p2a: Kyogre|0 fnt
|-unboost|p1a: Rayquaza|def|1
|-unboost|p1a: Rayquaza|spd|1
|faint|p2a: Kyogre
|-damage|p1a: Rayquaza|36/100|[from] item: Life Orb
|
|-weather|DeltaStream|[upkeep]
|upkeep
|
|t:|1663515649
|switch|p2a: Calyrex|Calyrex-Shadow|100/100
|-ability|p2a: Calyrex|As One
|-ability|p2a: Calyrex|Unnerve
|turn|3
|
|t:|1663515658
|-weather|none
|switch|p1a: Yveltal|Yveltal|100/100
|-ability|p1a: Yveltal|Dark Aura
|move|p2a: Calyrex|Astral Barrage|p1a: Yveltal
|-resisted|p1a: Yveltal
|-damage|p1a: Yveltal|68/100
|
|upkeep
|turn|4
|
|t:|1663515668
|switch|p2a: Zacian|Zacian-Crowned, shiny|100/100
|-ability|p2a: Zacian|Intrepid Sword|boost
|-boost|p2a: Zacian|atk|1
|-start|p1a: Yveltal|Dynamax|
|-heal|p1a: Yveltal|68/100|[silent]
|move|p1a: Yveltal|Max Airstream|p2a: Zacian
|-resisted|p2a: Zacian
|-damage|p2a: Zacian|52/100
|-boost|p1a: Yveltal|spe|1
|-damage|p1a: Yveltal|63/100|[from] item: Life Orb
|
|upkeep
|turn|5
|
|t:|1663515684
|move|p1a: Yveltal|Max Darkness|p2a: Zacian
|-resisted|p2a: Zacian
|-damage|p2a: Zacian|0 fnt
|faint|p2a: Zacian
|-damage|p1a: Yveltal|58/100|[from] item: Life Orb
|
|upkeep
|
|t:|1663515690
|switch|p2a: Rayquaza|Rayquaza|100/100
|-ability|p2a: Rayquaza|Air Lock
|turn|6
|
|t:|1663515696
|detailschange|p2a: Rayquaza|Rayquaza-Mega
|-mega|p2a: Rayquaza|Rayquaza|
|-weather|DeltaStream|[from] ability: Delta Stream|[of] p2a: Rayquaza
|move|p1a: Yveltal|Max Darkness|p2a: Rayquaza
|-damage|p2a: Rayquaza|0 fnt
|faint|p2a: Rayquaza
|-weather|none
|-damage|p1a: Yveltal|53/100|[from] item: Life Orb
|
|upkeep
|
|t:|1663515706
|switch|p2a: Forretress|Forretress, M|100/100
|-end|p1a: Yveltal|Dynamax
|-heal|p1a: Yveltal|53/100|[silent]
|turn|7
|
|t:|1663515710
|move|p1a: Yveltal|Taunt|p2a: Forretress
|-start|p2a: Forretress|move: Taunt
|cant|p2a: Forretress|move: Taunt|Stealth Rock
|
|upkeep
|turn|8
|
|t:|1663515715
|switch|p2a: Arceus|Arceus|100/100
|move|p1a: Yveltal|Oblivion Wing|p2a: Arceus
|-damage|p2a: Arceus|58/100
|-heal|p1a: Yveltal|89/100|[from] drain|[of] p2a: Arceus
|-damage|p1a: Yveltal|79/100|[from] item: Life Orb
|
|upkeep
|turn|9
|
|t:|1663515728
|switch|p1a: Arceus|Arceus-Ghost|100/100
|move|p2a: Arceus|Swords Dance|p2a: Arceus
|-boost|p2a: Arceus|atk|2
|
|upkeep
|turn|10
|
|t:|1663515733
|move|p1a: Arceus|Stealth Rock|p2a: Arceus
|-sidestart|p2: Nobodi_Nowan|move: Stealth Rock
|move|p2a: Arceus|Recover|p2a: Arceus
|-heal|p2a: Arceus|100/100
|
|upkeep
|turn|11
|
|t:|1663515737
|move|p1a: Arceus|Ice Beam|p2a: Arceus
|-damage|p2a: Arceus|78/100
|move|p2a: Arceus|Swords Dance|p2a: Arceus
|-boost|p2a: Arceus|atk|2
|
|upkeep
|turn|12
|
|t:|1663515743
|move|p1a: Arceus|Ice Beam|p2a: Arceus
|-damage|p2a: Arceus|58/100
|move|p2a: Arceus|Recover|p2a: Arceus
|-heal|p2a: Arceus|100/100
|
|upkeep
|turn|13
|
|t:|1663515757
|switch|p1a: Rayquaza|Rayquaza-Mega|36/100
|-weather|DeltaStream|[from] ability: Delta Stream|[of] p1a: Rayquaza
|move|p2a: Arceus|Swords Dance|p2a: Arceus
|-boost|p2a: Arceus|atk|2
|
|-weather|DeltaStream|[upkeep]
|upkeep
|turn|14
|
|t:|1663515764
|move|p1a: Rayquaza|Extreme Speed|p2a: Arceus
|-damage|p2a: Arceus|65/100
|-damage|p1a: Rayquaza|26/100|[from] item: Life Orb
|move|p2a: Arceus|Extreme Speed|p1a: Rayquaza
|-damage|p1a: Rayquaza|0 fnt
|faint|p1a: Rayquaza
|-weather|none
|
|upkeep
|j| Godsomu07
|
|t:|1663515779
|switch|p1a: Marshadow|Marshadow|100/100
|turn|15
|
|t:|1663515783
|move|p1a: Marshadow|Close Combat|p2a: Arceus
|-supereffective|p2a: Arceus
|-damage|p2a: Arceus|0 fnt
|-unboost|p1a: Marshadow|def|1
|-unboost|p1a: Marshadow|spd|1
|faint|p2a: Arceus
|-damage|p1a: Marshadow|91/100|[from] item: Life Orb
|
|upkeep
|
|t:|1663515794
|switch|p2a: Forretress|Forretress, M|100/100
|-damage|p2a: Forretress|88/100|[from] Stealth Rock
|turn|16
|
|t:|1663515799
|switch|p1a: Calyrex|Calyrex-Shadow|100/100
|-ability|p1a: Calyrex|As One
|-ability|p1a: Calyrex|Unnerve
|move|p2a: Forretress|Toxic|p1a: Calyrex
|-status|p1a: Calyrex|tox
|
|-heal|p2a: Forretress|94/100|[from] item: Leftovers
|-damage|p1a: Calyrex|94/100 tox|[from] psn
|upkeep
|turn|17
|
|t:|1663515810
|move|p1a: Calyrex|Taunt|p2a: Forretress
|-start|p2a: Forretress|move: Taunt
|cant|p2a: Forretress|move: Taunt|Stealth Rock
|
|-heal|p1a: Calyrex|100/100 tox|[from] item: Leftovers
|-heal|p2a: Forretress|100/100|[from] item: Leftovers
|-damage|p1a: Calyrex|88/100 tox|[from] psn
|upkeep
|turn|18
|
|t:|1663515817
|move|p1a: Calyrex|Substitute|p1a: Calyrex
|-start|p1a: Calyrex|Substitute
|-damage|p1a: Calyrex|63/100 tox
|move|p2a: Forretress|Volt Switch|p1a: Calyrex
|-activate|p1a: Calyrex|move: Substitute|[damage]
|
|t:|1663515822
|switch|p2a: Calyrex|Calyrex-Shadow|100/100|[from]move: Volt Switch
|-ability|p2a: Calyrex|As One
|-ability|p2a: Calyrex|Unnerve
|-damage|p2a: Calyrex|88/100|[from] Stealth Rock
|
|-heal|p1a: Calyrex|69/100 tox|[from] item: Leftovers
|-damage|p1a: Calyrex|51/100 tox|[from] psn
|upkeep
|turn|19
|
|t:|1663515832
|switch|p2a: Forretress|Forretress, M|100/100
|-damage|p2a: Forretress|88/100|[from] Stealth Rock
|move|p1a: Calyrex|Astral Barrage|p2a: Forretress
|-damage|p2a: Forretress|0 fnt
|faint|p2a: Forretress
|-ability|p1a: Calyrex|Grim Neigh|boost
|-boost|p1a: Calyrex|spa|1
|
|-heal|p1a: Calyrex|57/100 tox|[from] item: Leftovers
|-damage|p1a: Calyrex|32/100 tox|[from] psn
|upkeep
|
|t:|1663515844
|switch|p2a: Calyrex|Calyrex-Shadow|88/100
|-ability|p2a: Calyrex|As One
|-ability|p2a: Calyrex|Unnerve
|-damage|p2a: Calyrex|76/100|[from] Stealth Rock
|turn|20
|
|t:|1663515850
|-start|p2a: Calyrex|Dynamax|
|-heal|p2a: Calyrex|76/100|[silent]
|move|p2a: Calyrex|Max Guard|p2a: Calyrex
|-singleturn|p2a: Calyrex|Max Guard
|move|p1a: Calyrex|Astral Barrage|p2a: Calyrex
|-activate|p2a: Calyrex|move: Max Guard
|
|-heal|p1a: Calyrex|39/100 tox|[from] item: Leftovers
|-damage|p1a: Calyrex|8/100 tox|[from] psn
|upkeep
|turn|21
|
|t:|1663515860
|move|p2a: Calyrex|Max Guard||[still]
|-fail|p2a: Calyrex
|move|p1a: Calyrex|Astral Barrage|p2a: Calyrex
|-supereffective|p2a: Calyrex
|-damage|p2a: Calyrex|0 fnt
|faint|p2a: Calyrex
|
|win|aseeasase
|raw|aseeasase's rating: 1900 &rarr; <strong>1925</strong><br />(+25 for winning)
|raw|Nobodi_Nowan's rating: 1998 &rarr; <strong>1973</strong><br />(-25 for losing)
|l|☆Nobodi_Nowan
||Ladder isn't responding, score probably updated but might not have (Request timeout).
