|j|☆TaxFraud094
|j|☆Nobodi_Nowan
|t:|1652464569
|gametype|singles
|player|p1|TaxFraud094|preschooler|1744
|player|p2|Nobodi_Nowan|acerola|1739
|teamsize|p1|6
|teamsize|p2|6
|gen|8
|tier|[Gen 8] National Dex AG
|rated|
|rule|HP Percentage Mod: HP is shown in percentages
|rule|Endless Battle Clause: Forcing endless battles is banned
|clearpoke
|poke|p1|Rayquaza|
|poke|p1|Calyrex-Shadow|
|poke|p1|Marshadow|
|poke|p1|Necrozma-Dusk-Mane|
|poke|p1|Eternatus|
|poke|p1|Arceus-*|
|poke|p2|Rayquaza|
|poke|p2|Forretress, M|
|poke|p2|Arceus-*|
|poke|p2|Kyogre|
|poke|p2|Calyrex-Shadow|
|poke|p2|Zacian-*|
|teampreview
|inactive|Battle timer is ON: inactive players will automatically lose when time's up. (requested by TaxFraud094)
|c|☆TaxFraud094|glhf
|c|☆Nobodi_Nowan|u2 bud
|
|t:|1652464590
|start
|switch|p1a: Eternatus|Eternatus|100/100
|switch|p2a: Zacian|Zacian-Crowned|100/100
|-ability|p2a: Zacian|Intrepid Sword|boost
|-boost|p2a: Zacian|atk|1
|-ability|p1a: Eternatus|Pressure
|turn|1
|
|t:|1652464598
|switch|p2a: Kyogre|Kyogre|100/100
|detailschange|p2a: Kyogre|Kyogre-Primal
|-primal|p2a: Kyogre
|-weather|PrimordialSea|[from] ability: Primordial Sea|[of] p2a: Kyogre
|switch|p1a: Necrozma|Necrozma-Dusk-Mane|100/100
|
|-weather|PrimordialSea|[upkeep]
|upkeep
|turn|2
|
|t:|1652464606
|switch|p1a: Eternatus|Eternatus|100/100
|-ability|p1a: Eternatus|Pressure
|move|p2a: Kyogre|Ice Beam|p1a: Eternatus
|-supereffective|p1a: Eternatus
|-damage|p1a: Eternatus|56/100
|
|-weather|PrimordialSea|[upkeep]
|-heal|p1a: Eternatus|62/100|[from] item: Black Sludge
|upkeep
|turn|3
|
|t:|1652464614
|move|p1a: Eternatus|Toxic|p2a: Kyogre
|-status|p2a: Kyogre|tox
|move|p2a: Kyogre|Ice Beam|p1a: Eternatus
|-supereffective|p1a: Eternatus
|-damage|p1a: Eternatus|16/100
|
|-weather|PrimordialSea|[upkeep]
|-heal|p1a: Eternatus|22/100|[from] item: Black Sludge
|-damage|p2a: Kyogre|94/100 tox|[from] psn
|upkeep
|turn|4
|
|t:|1652464622
|move|p1a: Eternatus|Recover|p1a: Eternatus
|-heal|p1a: Eternatus|72/100
|move|p2a: Kyogre|Ice Beam|p1a: Eternatus
|-supereffective|p1a: Eternatus
|-damage|p1a: Eternatus|25/100
|
|-weather|PrimordialSea|[upkeep]
|-heal|p1a: Eternatus|31/100|[from] item: Black Sludge
|-damage|p2a: Kyogre|82/100 tox|[from] psn
|upkeep
|turn|5
|
|t:|1652464632
|-weather|none
|switch|p2a: Zacian|Zacian-Crowned|100/100
|-ability|p2a: Zacian|Intrepid Sword|boost
|-boost|p2a: Zacian|atk|1
|move|p1a: Eternatus|Recover|p1a: Eternatus
|-heal|p1a: Eternatus|81/100
|
|-heal|p1a: Eternatus|87/100|[from] item: Black Sludge
|upkeep
|turn|6
|
|t:|1652464640
|switch|p1a: Necrozma|Necrozma-Dusk-Mane|100/100
|move|p2a: Zacian|Close Combat|p1a: Necrozma
|-damage|p1a: Necrozma|60/100
|-unboost|p2a: Zacian|def|1
|-unboost|p2a: Zacian|spd|1
|-damage|p2a: Zacian|84/100|[from] item: Rocky Helmet|[of] p1a: Necrozma
|
|upkeep
|turn|7
|
|t:|1652464652
|switch|p2a: Forretress|Forretress, M|100/100
|move|p1a: Necrozma|Thunder Wave|p2a: Forretress
|-status|p2a: Forretress|par
|
|upkeep
|turn|8
|
|t:|1652464659
|move|p1a: Necrozma|Morning Sun|p1a: Necrozma
|-heal|p1a: Necrozma|100/100
|move|p2a: Forretress|Stealth Rock|p1a: Necrozma
|-sidestart|p1: TaxFraud094|move: Stealth Rock
|
|upkeep
|turn|9
|
|t:|1652464674
|switch|p1a: Eternatus|Eternatus|87/100
|-damage|p1a: Eternatus|75/100|[from] Stealth Rock
|-ability|p1a: Eternatus|Pressure
|move|p2a: Forretress|Volt Switch|p1a: Eternatus
|-resisted|p1a: Eternatus
|-damage|p1a: Eternatus|71/100
|
|t:|1652464684
|switch|p2a: Calyrex|Calyrex-Shadow|100/100|[from]move: Volt Switch
|-ability|p2a: Calyrex|As One
|-ability|p2a: Calyrex|Unnerve
|
|-heal|p1a: Eternatus|78/100|[from] item: Black Sludge
|upkeep
|turn|10
|
|t:|1652464694
|switch|p1a: Arceus|Arceus-Dark|100/100
|-damage|p1a: Arceus|88/100|[from] Stealth Rock
|-start|p2a: Calyrex|Dynamax|
|-heal|p2a: Calyrex|100/100|[silent]
|move|p2a: Calyrex|Max Mindstorm|p1a: Arceus
|-immune|p1a: Arceus
|
|upkeep
|turn|11
|
|t:|1652464711
|-end|p2a: Calyrex|Dynamax
|-heal|p2a: Calyrex|100/100|[silent]
|switch|p2a: Forretress|Forretress, M|100/100 par
|move|p1a: Arceus|Defog|p2a: Forretress
|-unboost|p2a: Forretress|evasion|1
|-sideend|p1: TaxFraud094|Stealth Rock|[from] move: Defog|[of] p1a: Arceus
|
|upkeep
|turn|12
|
|t:|1652464722
|switch|p1a: Eternatus|Eternatus|78/100
|-ability|p1a: Eternatus|Pressure
|move|p2a: Forretress|Stealth Rock|p1a: Eternatus
|-sidestart|p1: TaxFraud094|move: Stealth Rock
|
|-heal|p1a: Eternatus|84/100|[from] item: Black Sludge
|upkeep
|turn|13
|
|t:|1652464734
|move|p1a: Eternatus|Flamethrower|p2a: Forretress
|-supereffective|p2a: Forretress
|-ability|p2a: Forretress|Sturdy
|-damage|p2a: Forretress|1/100 par
|cant|p2a: Forretress|par
|
|-heal|p1a: Eternatus|90/100|[from] item: Black Sludge
|-heal|p2a: Forretress|7/100 par|[from] item: Leftovers
|upkeep
|turn|14
|
|t:|1652464747
|move|p1a: Eternatus|Dynamax Cannon|p2a: Forretress
|-resisted|p2a: Forretress
|-damage|p2a: Forretress|0 fnt
|faint|p2a: Forretress
|
|-heal|p1a: Eternatus|96/100|[from] item: Black Sludge
|upkeep
|
|t:|1652464757
|switch|p2a: Arceus|Arceus|100/100
|turn|15
|
|t:|1652464782
|move|p2a: Arceus|Swords Dance|p2a: Arceus
|-boost|p2a: Arceus|atk|2
|move|p1a: Eternatus|Toxic|p2a: Arceus
|-status|p2a: Arceus|tox
|-enditem|p2a: Arceus|Lum Berry|[eat]
|-curestatus|p2a: Arceus|tox|[msg]
|
|-heal|p1a: Eternatus|100/100|[from] item: Black Sludge
|upkeep
|turn|16
|
|t:|1652464792
|move|p2a: Arceus|Extreme Speed|p1a: Eternatus
|-damage|p1a: Eternatus|33/100
|move|p1a: Eternatus|Toxic|p2a: Arceus
|-status|p2a: Arceus|tox
|
|-heal|p1a: Eternatus|39/100|[from] item: Black Sludge
|-damage|p2a: Arceus|94/100 tox|[from] psn
|upkeep
|turn|17
|inactive|Nobodi_Nowan has 120 seconds left.
|
|t:|1652464812
|move|p2a: Arceus|Shadow Claw|p1a: Eternatus
|-damage|p1a: Eternatus|1/100
|move|p1a: Eternatus|Recover|p1a: Eternatus
|-heal|p1a: Eternatus|51/100
|
|-heal|p1a: Eternatus|57/100|[from] item: Black Sludge
|-damage|p2a: Arceus|82/100 tox|[from] psn
|upkeep
|turn|18
|inactive|TaxFraud094 has 120 seconds left.
|
|t:|1652464860
|move|p2a: Arceus|Shadow Claw|p1a: Eternatus
|-damage|p1a: Eternatus|17/100
|move|p1a: Eternatus|Dynamax Cannon|p2a: Arceus
|-damage|p2a: Arceus|49/100 tox
|
|-heal|p1a: Eternatus|23/100|[from] item: Black Sludge
|-damage|p2a: Arceus|31/100 tox|[from] psn
|upkeep
|turn|19
|
|t:|1652464870
|move|p2a: Arceus|Extreme Speed|p1a: Eternatus
|-damage|p1a: Eternatus|0 fnt
|faint|p1a: Eternatus
|
|-damage|p2a: Arceus|7/100 tox|[from] psn
|upkeep
|
|t:|1652464891
|switch|p1a: Necrozma|Necrozma-Dusk-Mane|100/100
|-damage|p1a: Necrozma|94/100|[from] Stealth Rock
|turn|20
|
|t:|1652464897
|move|p2a: Arceus|Shadow Claw|p1a: Necrozma
|-supereffective|p1a: Necrozma
|-damage|p1a: Necrozma|54/100
|-damage|p2a: Arceus|0 fnt|[from] item: Rocky Helmet|[of] p1a: Necrozma
|faint|p2a: Arceus
|move|p1a: Necrozma|Morning Sun|p1a: Necrozma
|-heal|p1a: Necrozma|100/100
|
|upkeep
|
|t:|1652464907
|switch|p2a: Rayquaza|Rayquaza|100/100
|-ability|p2a: Rayquaza|Air Lock
|turn|21
|
|t:|1652464912
|switch|p2a: Zacian|Zacian-Crowned|84/100
|-ability|p2a: Zacian|Intrepid Sword|boost
|-boost|p2a: Zacian|atk|1
|move|p1a: Necrozma|Thunder Wave|p2a: Zacian
|-status|p2a: Zacian|par
|
|upkeep
|turn|22
|c|☆Nobodi_Nowan|bruh gg
|-message|Nobodi_Nowan forfeited.
|
|win|TaxFraud094
|raw|TaxFraud094's rating: 1744 &rarr; <strong>1764</strong><br />(+20 for winning)
|raw|Nobodi_Nowan's rating: 1739 &rarr; <strong>1719</strong><br />(-20 for losing)
|l|☆Nobodi_Nowan
