|j|☆Tristan~Ultima!
|j|☆The Smearglos
|t:|1668248427
|gametype|singles
|player|p1|Tristan~Ultima!|volkner-masters|1501
|player|p2|The Smearglos|artist-gen4|1701
|teamsize|p1|6
|teamsize|p2|6
|gen|8
|tier|[Gen 8] National Dex AG
|rated|
|rule|HP Percentage Mod: HP is shown in percentages
|rule|Endless Battle Clause: Forcing endless battles is banned
|clearpoke
|poke|p1|Rayquaza|
|poke|p1|Kyogre|
|poke|p1|Groudon|
|poke|p1|Zacian-*|
|poke|p1|Calyrex-Shadow|
|poke|p1|Xerneas-*|
|poke|p2|Smeargle, F|
|poke|p2|Smeargle, F|
|poke|p2|Smeargle, M|
|poke|p2|Smeargle, F|
|poke|p2|Smeargle, M|
|poke|p2|Darmanitan-Galar, F|
|teampreview
|
|t:|1668248433
|start
|switch|p1a: Blade|Zacian-Crowned, shiny|100/100
|switch|p2a: Goya|Smeargle, F|100/100
|-ability|p1a: Blade|Intrepid Sword|boost
|-boost|p1a: Blade|atk|1
|turn|1
|
|t:|1668248437
|move|p1a: Blade|Sacred Sword|p2a: Goya
|-supereffective|p2a: Goya
|-enditem|p2a: Goya|Focus Sash
|-damage|p2a: Goya|1/100
|move|p2a: Goya|Spore|p1a: Blade
|-status|p1a: Blade|slp|[from] move: Spore
|
|-ability|p2a: Goya|Moody|boost
|-boost|p2a: Goya|atk|2
|-unboost|p2a: Goya|spa|1
|upkeep
|turn|2
|
|t:|1668248441
|switch|p1a: Air Lord|Rayquaza, shiny|100/100
|-ability|p1a: Air Lord|Air Lock
|move|p2a: Goya|Minimize|p2a: Goya
|-boost|p2a: Goya|evasion|2
|
|-ability|p2a: Goya|Moody|boost
|-boost|p2a: Goya|def|2
|-unboost|p2a: Goya|spe|1
|upkeep
|turn|3
|
|t:|1668248448
|detailschange|p1a: Air Lord|Rayquaza-Mega, shiny
|-mega|p1a: Air Lord|Rayquaza|
|-weather|DeltaStream|[from] ability: Delta Stream|[of] p1a: Air Lord
|move|p1a: Air Lord|Extreme Speed|p2a: Goya|[miss]
|-miss|p1a: Air Lord|p2a: Goya
|move|p2a: Goya|Spore|p1a: Air Lord
|-status|p1a: Air Lord|slp|[from] move: Spore
|
|-weather|DeltaStream|[upkeep]
|-ability|p2a: Goya|Moody|boost
|-boost|p2a: Goya|atk|2
|-unboost|p2a: Goya|spe|1
|upkeep
|turn|4
|
|t:|1668248463
|-weather|none
|switch|p1a: Xerneas|Xerneas, shiny|100/100
|-ability|p1a: Xerneas|Fairy Aura
|move|p2a: Goya|Baton Pass|p2a: Goya
|
|t:|1668248469
|switch|p2a: Dalí|Smeargle, F|100/100|[from]move: Baton Pass
|
|-ability|p2a: Dalí|Moody|boost
|-boost|p2a: Dalí|spa|2
|-unboost|p2a: Dalí|spe|1
|upkeep
|turn|5
|
|t:|1668248490
|move|p1a: Xerneas|Aromatherapy|p1a: Xerneas
|-activate|p1a: Xerneas|move: Aromatherapy
|-curestatus|p1: Blade|slp|[msg]
|-curestatus|p1: Air Lord|slp|[msg]
|move|p2a: Dalí|Spore|p1a: Xerneas
|-status|p1a: Xerneas|slp|[from] move: Spore
|
|-ability|p2a: Dalí|Moody|boost
|-boost|p2a: Dalí|spe|2
|-unboost|p2a: Dalí|spd|1
|upkeep
|turn|6
|
|t:|1668248507
|switch|p1a: Sea Lord|Kyogre, shiny|100/100
|detailschange|p1a: Sea Lord|Kyogre-Primal, shiny
|-primal|p1a: Sea Lord
|-weather|PrimordialSea|[from] ability: Primordial Sea|[of] p1a: Sea Lord
|move|p2a: Dalí|Minimize|p2a: Dalí
|-boost|p2a: Dalí|evasion|2
|
|-weather|PrimordialSea|[upkeep]
|-ability|p2a: Dalí|Moody|boost
|-boost|p2a: Dalí|def|2
|-unboost|p2a: Dalí|spd|1
|upkeep
|turn|7
|
|t:|1668248513
|move|p1a: Sea Lord|Water Spout|p2a: Dalí
|-enditem|p2a: Dalí|Focus Sash
|-damage|p2a: Dalí|1/100
|move|p2a: Dalí|Spore|p1a: Sea Lord
|-status|p1a: Sea Lord|slp|[from] move: Spore
|
|-weather|PrimordialSea|[upkeep]
|-ability|p2a: Dalí|Moody|boost
|-boost|p2a: Dalí|atk|2
|-unboost|p2a: Dalí|spd|1
|upkeep
|turn|8
|
|t:|1668248529
|-weather|none
|switch|p1a: Air Lord|Rayquaza-Mega, shiny|100/100
|-weather|DeltaStream|[from] ability: Delta Stream|[of] p1a: Air Lord
|move|p2a: Dalí|Baton Pass|p2a: Dalí
|
|t:|1668248536
|switch|p2a: Sorolla|Smeargle, M|100/100|[from]move: Baton Pass
|
|-weather|DeltaStream|[upkeep]
|-ability|p2a: Sorolla|Moody|boost
|-boost|p2a: Sorolla|def|2
|-unboost|p2a: Sorolla|spa|1
|upkeep
|turn|9
|
|t:|1668248544
|move|p1a: Air Lord|Extreme Speed|p2a: Sorolla
|-damage|p2a: Sorolla|78/100
|move|p2a: Sorolla|Lovely Kiss|p1a: Air Lord
|-status|p1a: Air Lord|slp|[from] move: Lovely Kiss
|
|-weather|DeltaStream|[upkeep]
|-ability|p2a: Sorolla|Moody|boost
|-boost|p2a: Sorolla|spd|2
|-unboost|p2a: Sorolla|def|1
|upkeep
|turn|10
|inactive|Battle timer is ON: inactive players will automatically lose when time's up. (requested by The Smearglos)
|c|☆Tristan~Ultima!|Fuck u staller
|-message|Tristan~Ultima! forfeited.
|
|win|The Smearglos
|raw|Tristan~Ultima!'s rating: 1501 &rarr; <strong>1491</strong><br />(-10 for losing)
|raw|The Smearglos's rating: 1701 &rarr; <strong>1711</strong><br />(+10 for winning)
|l|☆Tristan~Ultima!
