|j|☆iroeweuio
|j|☆MRH1106
|t:|1662063572
|gametype|singles
|player|p1|iroeweuio|101|1654
|player|p2|MRH1106|ghetsis|1855
|teamsize|p1|6
|teamsize|p2|6
|gen|8
|tier|[Gen 8] National Dex AG
|rated|
|rule|HP Percentage Mod: HP is shown in percentages
|rule|Endless Battle Clause: Forcing endless battles is banned
|clearpoke
|poke|p1|Chatot, M|
|poke|p1|Weavile, M|
|poke|p1|Giratina-Origin|
|poke|p1|Ditto|
|poke|p1|Breloom, M|
|poke|p1|Wobbuffet, M|
|poke|p2|Zacian-*|
|poke|p2|Calyrex-Shadow|
|poke|p2|Rayquaza|
|poke|p2|Ditto|
|poke|p2|Yveltal|
|poke|p2|Arceus-*|
|teampreview
|inactive|Battle timer is ON: inactive players will automatically lose when time's up. (requested by MRH1106)
|
|t:|1662063598
|start
|switch|p1a: Weavile|Weavile, M|100/100
|switch|p2a: Hells dragon|Yveltal, shiny|100/100
|-ability|p1a: Weavile|Pressure
|-ability|p2a: Hells dragon|Dark Aura
|turn|1
|
|t:|1662063604
|switch|p2a: Knifepuppy|Zacian-Crowned|100/100
|-ability|p2a: Knifepuppy|Intrepid Sword|boost
|-boost|p2a: Knifepuppy|atk|1
|move|p1a: Weavile|Assist|p1a: Weavile
|move|p1a: Weavile|Spore|p2a: Knifepuppy|[from]move: Assist
|-status|p2a: Knifepuppy|slp|[from] move: Spore
|
|upkeep
|turn|2
|
|t:|1662063607
|switch|p1a: Ditto|Ditto|100/100
|-transform|p1a: Ditto|p2a: Knifepuppy|[from] ability: Imposter
|-ability|p1a: Ditto|Intrepid Sword|boost
|-boost|p1a: Ditto|atk|1
|cant|p2a: Knifepuppy|slp
|
|upkeep
|turn|3
|c|☆MRH1106|HUH
|
|t:|1662063613
|move|p1a: Ditto|Behemoth Blade|p2a: Knifepuppy
|-damage|p2a: Knifepuppy|0 fnt
|faint|p2a: Knifepuppy
|
|upkeep
|
|t:|1662063614
|switch|p2a: Rayyyy|Rayquaza|100/100
|-ability|p2a: Rayyyy|Air Lock
|turn|4
|c|☆iroeweuio|lol
|
|t:|1662063617
|detailschange|p2a: Rayyyy|Rayquaza-Mega
|-mega|p2a: Rayyyy|Rayquaza|
|-weather|DeltaStream|[from] ability: Delta Stream|[of] p2a: Rayyyy
|move|p1a: Ditto|Behemoth Blade|p2a: Rayyyy
|-enditem|p2a: Rayyyy|Focus Sash
|-damage|p2a: Rayyyy|1/100
|move|p2a: Rayyyy|Earthquake|p1a: Ditto
|-supereffective|p1a: Ditto
|-damage|p1a: Ditto|10/100
|
|-weather|DeltaStream|[upkeep]
|upkeep
|turn|5
|
|t:|1662063620
|switch|p1a: Giratina|Giratina-Origin|100/100
|move|p2a: Rayyyy|Extreme Speed|p1a: Giratina
|-immune|p1a: Giratina
|
|-weather|DeltaStream|[upkeep]
|upkeep
|turn|6
|c|☆MRH1106|YO THAT TEAM GOTTA BE RACISYT
|c|☆MRH1106|AINT NO WAY
|
|t:|1662063633
|-weather|none
|switch|p2a: Legit god|Arceus-Ground|100/100
|-start|p1a: Giratina|Dynamax|
|-heal|p1a: Giratina|100/100|[silent]
|move|p1a: Giratina|Max Airstream|p2a: Legit god
|-damage|p2a: Legit god|73/100
|-boost|p1a: Giratina|spe|1
|
|upkeep
|turn|7
|c|☆iroeweuio|there is way
|
|t:|1662063636
|move|p1a: Giratina|Max Phantasm|p2a: Legit god
|-damage|p2a: Legit god|15/100
|-unboost|p2a: Legit god|def|1
|move|p2a: Legit god|Recover|p2a: Legit god
|-heal|p2a: Legit god|65/100
|
|upkeep
|turn|8
|c|☆MRH1106|OFFENCIVE GIRATINA? LMAO
|c|☆MRH1106|!stats giratina-origin
|raw|<div class="message"><ul class="utilichart"><li class="result"><span class="col numcol">Uber</span> <span class="col iconcol"><psicon pokemon="giratinaorigin"/></span> <span class="col pokemonnamecol" style="white-space:nowrap"><a href="https://dex.pokemonshowdown.com/pokemon/giratinaorigin" target="_blank">Giratina-Origin</a></span> <span class="col typecol"><img src="https://play.pokemonshowdown.com/sprites/types/Ghost.png" alt="Ghost" height="14" width="32"><img src="https://play.pokemonshowdown.com/sprites/types/Dragon.png" alt="Dragon" height="14" width="32"></span> <span style="float:left;min-height:26px"><span class="col abilitycol">Levitate</span><span class="col abilitycol"></span></span><span style="float:left;min-height:26px"><span class="col statcol"><em>HP</em><br />150</span> <span class="col statcol"><em>Atk</em><br />120</span> <span class="col statcol"><em>Def</em><br />100</span> <span class="col statcol"><em>SpA</em><br />120</span> <span class="col statcol"><em>SpD</em><br />100</span> <span class="col statcol"><em>Spe</em><br />90</span> <span class="col bstcol"><em>BST<br />680</em></span> </span></li><li style="clear:both"></li></ul></div>

|
|t:|1662063661
|move|p1a: Giratina|Max Phantasm|p2a: Legit god
|-damage|p2a: Legit god|0 fnt
|faint|p2a: Legit god
|
|upkeep
|
|t:|1662063670
|switch|p2a: Hells dragon|Yveltal, shiny|100/100
|-ability|p2a: Hells dragon|Dark Aura
|-end|p1a: Giratina|Dynamax
|-heal|p1a: Giratina|100/100|[silent]
|turn|9
|
|t:|1662063673
|-start|p2a: Hells dragon|Dynamax|
|-heal|p2a: Hells dragon|100/100|[silent]
|move|p1a: Giratina|Destiny Bond|p1a: Giratina
|-singlemove|p1a: Giratina|Destiny Bond
|move|p2a: Hells dragon|Max Airstream|p1a: Giratina
|-damage|p1a: Giratina|30/100
|-boost|p2a: Hells dragon|spe|1
|-damage|p2a: Hells dragon|96/100|[from] item: Life Orb
|
|upkeep
|turn|10
|
|t:|1662063682
|move|p2a: Hells dragon|Max Guard|p2a: Hells dragon
|-singleturn|p2a: Hells dragon|Max Guard
|move|p1a: Giratina|Shadow Force||[still]
|-prepare|p1a: Giratina|Shadow Force
|
|upkeep
|turn|11
|
|t:|1662063688
|move|p2a: Hells dragon|Max Airstream|p1a: Giratina|[miss]
|-miss|p2a: Hells dragon|p1a: Giratina
|move|p1a: Giratina|Shadow Force|p2a: Hells dragon|[from]lockedmove
|-resisted|p2a: Hells dragon
|-damage|p2a: Hells dragon|77/100
|
|upkeep
|-end|p2a: Hells dragon|Dynamax
|-heal|p2a: Hells dragon|77/100|[silent]
|turn|12
|
|t:|1662063692
|move|p2a: Hells dragon|Oblivion Wing|p1a: Giratina
|-damage|p1a: Giratina|0 fnt
|-heal|p2a: Hells dragon|100/100|[from] drain|[of] p1a: Giratina
|faint|p1a: Giratina
|-damage|p2a: Hells dragon|91/100|[from] item: Life Orb
|
|upkeep
|
|t:|1662063695
|switch|p1a: Ditto|Ditto|10/100
|-transform|p1a: Ditto|p2a: Hells dragon|[from] ability: Imposter
|-ability|p1a: Ditto|Dark Aura
|turn|13
|
|t:|1662063705
|switch|p1a: Breloom|Breloom, M|100/100
|move|p2a: Hells dragon|Oblivion Wing|p1a: Breloom
|-supereffective|p1a: Breloom
|-damage|p1a: Breloom|0 fnt
|-heal|p2a: Hells dragon|100/100|[from] drain|[of] p1a: Breloom
|faint|p1a: Breloom
|-damage|p2a: Hells dragon|91/100|[from] item: Life Orb
|
|upkeep
|
|t:|1662063708
|switch|p1a: Chatot|Chatot, M|100/100
|turn|14
|
|t:|1662063711
|move|p2a: Hells dragon|Taunt|p1a: Chatot
|-start|p1a: Chatot|move: Taunt
|move|p1a: Chatot|Chatter|p2a: Hells dragon
|-damage|p2a: Hells dragon|61/100
|-start|p2a: Hells dragon|confusion
|
|upkeep
|turn|15
|
|t:|1662063713
|-activate|p2a: Hells dragon|confusion
|move|p2a: Hells dragon|Oblivion Wing|p1a: Chatot
|-damage|p1a: Chatot|0 fnt
|-heal|p2a: Hells dragon|100/100|[from] drain|[of] p1a: Chatot
|faint|p1a: Chatot
|-damage|p2a: Hells dragon|91/100|[from] item: Life Orb
|
|upkeep
|
|t:|1662063715
|switch|p1a: Weavile|Weavile, M|100/100
|-ability|p1a: Weavile|Pressure
|turn|16
|
|t:|1662063718
|-end|p2a: Hells dragon|confusion
|move|p2a: Hells dragon|Oblivion Wing|p1a: Weavile
|-damage|p1a: Weavile|20/100
|-heal|p2a: Hells dragon|100/100|[from] drain|[of] p1a: Weavile
|-damage|p2a: Hells dragon|91/100|[from] item: Life Orb
|move|p1a: Weavile|Assist|p1a: Weavile
|move|p1a: Weavile|Spore|p2a: Hells dragon|[from]move: Assist
|-status|p2a: Hells dragon|slp|[from] move: Spore
|
|-heal|p1a: Weavile|26/100|[from] item: Leftovers
|upkeep
|turn|17
|
|t:|1662063723
|cant|p2a: Hells dragon|slp
|move|p1a: Weavile|Substitute|p1a: Weavile
|-start|p1a: Weavile|Substitute
|-damage|p1a: Weavile|1/100
|
|-heal|p1a: Weavile|7/100|[from] item: Leftovers
|upkeep
|turn|18
|
|t:|1662063725
|-curestatus|p2a: Hells dragon|slp|[msg]
|move|p2a: Hells dragon|Oblivion Wing|p1a: Weavile
|-end|p1a: Weavile|Substitute
|-heal|p2a: Hells dragon|100/100|[from] drain|[of] p1a: Weavile
|-damage|p2a: Hells dragon|91/100|[from] item: Life Orb
|move|p1a: Weavile|Triple Axel|p2a: Hells dragon
|-supereffective|p2a: Hells dragon
|-damage|p2a: Hells dragon|69/100
|-supereffective|p2a: Hells dragon
|-damage|p2a: Hells dragon|31/100
|-supereffective|p2a: Hells dragon
|-damage|p2a: Hells dragon|0 fnt
|faint|p2a: Hells dragon
|-hitcount|p2: Hells dragon|3
|
|-heal|p1a: Weavile|13/100|[from] item: Leftovers
|upkeep
|
|t:|1662063733
|switch|p2a: Rayyyy|Rayquaza-Mega|1/100
|-weather|DeltaStream|[from] ability: Delta Stream|[of] p2a: Rayyyy
|turn|19
|
|t:|1662063736
|switch|p1a: Wobbuffet|Wobbuffet, M|100/100
|move|p2a: Rayyyy|Extreme Speed|p1a: Wobbuffet
|-damage|p1a: Wobbuffet|64/100
|
|-weather|DeltaStream|[upkeep]
|upkeep
|turn|20
|
|t:|1662063740
|move|p2a: Rayyyy|Dragon Ascent|p1a: Wobbuffet
|-damage|p1a: Wobbuffet|0 fnt
|-unboost|p2a: Rayyyy|def|1
|-unboost|p2a: Rayyyy|spd|1
|faint|p1a: Wobbuffet
|
|-weather|DeltaStream|[upkeep]
|upkeep
|
|t:|1662063742
|switch|p1a: Ditto|Ditto|10/100
|-transform|p1a: Ditto|p2a: Rayyyy|[from] ability: Imposter
|turn|21
|
|t:|1662063745
|move|p1a: Ditto|Extreme Speed|p2a: Rayyyy
|-damage|p2a: Rayyyy|0 fnt
|faint|p2a: Rayyyy
|
|-weather|DeltaStream|[upkeep]
|upkeep
|
|t:|1662063747
|switch|p2a: YeeHaw~|Calyrex-Shadow|100/100
|-ability|p2a: YeeHaw~|As One
|-ability|p2a: YeeHaw~|Unnerve
|turn|22
|
|t:|1662063752
|-weather|none
|switch|p1a: Weavile|Weavile, M|13/100
|-ability|p1a: Weavile|Pressure
|move|p2a: YeeHaw~|Astral Barrage|p1a: Weavile
|-resisted|p1a: Weavile
|-damage|p1a: Weavile|0 fnt
|faint|p1a: Weavile
|-ability|p2a: YeeHaw~|Grim Neigh|boost
|-boost|p2a: YeeHaw~|spa|1
|
|upkeep
|
|t:|1662063754
|switch|p1a: Ditto|Ditto|10/100
|-transform|p1a: Ditto|p2a: YeeHaw~|[from] ability: Imposter
|turn|23
|
|t:|1662063756
|move|p1a: Ditto|Astral Barrage|p2a: YeeHaw~
|-supereffective|p2a: YeeHaw~
|-enditem|p2a: YeeHaw~|Focus Sash
|-damage|p2a: YeeHaw~|1/100
|move|p2a: YeeHaw~|Astral Barrage|p1a: Ditto
|-supereffective|p1a: Ditto
|-damage|p1a: Ditto|0 fnt
|faint|p1a: Ditto
|
|win|MRH1106
|raw|iroeweuio's rating: 1654 &rarr; <strong>1645</strong><br />(-9 for losing)
|raw|MRH1106's rating: 1867 &rarr; <strong>1876</strong><br />(+9 for winning)
|c|☆iroeweuio|gg
|c|☆MRH1106|gg
|l|☆iroeweuio
||Ladder isn't responding, score probably updated but might not have (Request timeout).
