|j|☆YLong
|j|☆yuzhiboCheng
|t:|1668919698
|gametype|singles
|player|p1|YLong|darach-caitlin|
|player|p2|yuzhiboCheng|birdkeeper|
|teamsize|p1|6
|teamsize|p2|6
|gen|8
|tier|[Gen 8] National Dex AG
|rule|HP Percentage Mod: HP is shown in percentages
|rule|Endless Battle Clause: Forcing endless battles is banned
|clearpoke
|poke|p1|Charizard, M|
|poke|p1|Grimmsnarl, M|
|poke|p1|Victini|
|poke|p1|Slurpuff, F|
|poke|p1|Donphan, M|
|poke|p1|Ribombee, F|
|poke|p2|Swellow, M|
|poke|p2|Altaria, F|
|poke|p2|Dragapult, M|
|poke|p2|Noivern, M|
|poke|p2|Gliscor, M|
|poke|p2|Corviknight, M|
|teampreview
|
|t:|1668919752
|start
|switch|p1a: Donphan|Donphan, M|100/100
|switch|p2a: 大王燕|Swellow, M|100/100
|turn|1
|
|t:|1668919765
|move|p2a: 大王燕|U-turn|p1a: Donphan
|-damage|p1a: Donphan|91/100
|
|t:|1668919770
|switch|p2a: 钢铠鸦|Corviknight, M, shiny|100/100|[from]move: U-turn
|move|p1a: Donphan|Stealth Rock|p2a: 钢铠鸦
|-sidestart|p2: yuzhiboCheng|move: Stealth Rock
|
|-heal|p1a: Donphan|97/100|[from] item: Leftovers
|upkeep
|turn|2
|
|t:|1668919794
|move|p2a: 钢铠鸦|Iron Defense|p2a: 钢铠鸦
|-boost|p2a: 钢铠鸦|def|2
|move|p1a: Donphan|Knock Off|p2a: 钢铠鸦
|-damage|p2a: 钢铠鸦|93/100
|-damage|p1a: Donphan|80/100|[from] item: Rocky Helmet|[of] p2a: 钢铠鸦
|-enditem|p2a: 钢铠鸦|Rocky Helmet|[from] move: Knock Off|[of] p1a: Donphan
|
|-heal|p1a: Donphan|86/100|[from] item: Leftovers
|upkeep
|turn|3
|
|t:|1668919805
|switch|p1a: Victini|Victini|100/100
|move|p2a: 钢铠鸦|Iron Defense|p2a: 钢铠鸦
|-boost|p2a: 钢铠鸦|def|2
|
|upkeep
|turn|4
|
|t:|1668919816
|-start|p2a: 钢铠鸦|Dynamax|Gmax
|-heal|p2a: 钢铠鸦|93/100|[silent]
|move|p2a: 钢铠鸦|Max Guard|p2a: 钢铠鸦
|-singleturn|p2a: 钢铠鸦|Max Guard
|move|p1a: Victini|Final Gambit|p2a: 钢铠鸦
|-activate|p2a: 钢铠鸦|move: Max Guard
|
|upkeep
|turn|5
|
|t:|1668919825
|move|p1a: Victini|Final Gambit|p2a: 钢铠鸦
|-damage|p2a: 钢铠鸦|42/100
|faint|p1a: Victini
|move|p2a: 钢铠鸦|Max Darkness|p1: Victini|[notarget]
|-fail|p2a: 钢铠鸦
|
|upkeep
|
|t:|1668919839
|switch|p1a: Ribombee|Ribombee, F|100/100
|turn|6
|
|t:|1668919844
|switch|p1a: Donphan|Donphan, M|86/100
|move|p2a: 钢铠鸦|Max Darkness|p1a: Donphan
|-damage|p1a: Donphan|70/100
|-unboost|p1a: Donphan|spd|1
|
|-heal|p1a: Donphan|77/100|[from] item: Leftovers
|upkeep
|-end|p2a: 钢铠鸦|Dynamax
|-heal|p2a: 钢铠鸦|42/100|[silent]
|turn|7
|c|☆YLong|就这？
|c|☆YLong|盾甲牛逼
|c|☆yuzhiboCheng|就这？
|j| diwang
|
|t:|1668919887
|switch|p1a: Ribombee|Ribombee, F|100/100
|move|p2a: 钢铠鸦|Roost|p2a: 钢铠鸦
|-heal|p2a: 钢铠鸦|92/100
|-singleturn|p2a: 钢铠鸦|move: Roost
|
|upkeep
|turn|8
|
|t:|1668919896
|move|p1a: Ribombee|Sticky Web|p2a: 钢铠鸦
|-sidestart|p2: yuzhiboCheng|move: Sticky Web
|move|p2a: 钢铠鸦|Iron Defense|p2a: 钢铠鸦
|-boost|p2a: 钢铠鸦|def|2
|
|upkeep
|turn|9
|
|t:|1668919925
|move|p1a: Ribombee|Dazzling Gleam|p2a: 钢铠鸦
|-resisted|p2a: 钢铠鸦
|-damage|p2a: 钢铠鸦|77/100
|move|p2a: 钢铠鸦|Hone Claws|p2a: 钢铠鸦
|-boost|p2a: 钢铠鸦|atk|1
|-boost|p2a: 钢铠鸦|accuracy|1
|
|upkeep
|turn|10
|
|t:|1668919933
|move|p1a: Ribombee|Dazzling Gleam|p2a: 钢铠鸦
|-resisted|p2a: 钢铠鸦
|-damage|p2a: 钢铠鸦|61/100
|move|p2a: 钢铠鸦|Hone Claws|p2a: 钢铠鸦
|-boost|p2a: 钢铠鸦|atk|1
|-boost|p2a: 钢铠鸦|accuracy|1
|
|upkeep
|turn|11
|
|t:|1668919941
|move|p1a: Ribombee|Dazzling Gleam|p2a: 钢铠鸦
|-resisted|p2a: 钢铠鸦
|-damage|p2a: 钢铠鸦|45/100
|move|p2a: 钢铠鸦|Roost|p2a: 钢铠鸦
|-heal|p2a: 钢铠鸦|95/100
|-singleturn|p2a: 钢铠鸦|move: Roost
|
|upkeep
|turn|12
|
|t:|1668919949
|move|p1a: Ribombee|Dazzling Gleam|p2a: 钢铠鸦
|-resisted|p2a: 钢铠鸦
|-damage|p2a: 钢铠鸦|79/100
|move|p2a: 钢铠鸦|Hone Claws|p2a: 钢铠鸦
|-boost|p2a: 钢铠鸦|atk|1
|-boost|p2a: 钢铠鸦|accuracy|1
|
|upkeep
|turn|13
|c|☆yuzhiboCheng|乐
|c|☆yuzhiboCheng|就这
|
|t:|1668919965
|move|p1a: Ribombee|Dazzling Gleam|p2a: 钢铠鸦
|-resisted|p2a: 钢铠鸦
|-damage|p2a: 钢铠鸦|62/100
|move|p2a: 钢铠鸦|Hone Claws|p2a: 钢铠鸦
|-boost|p2a: 钢铠鸦|atk|1
|-boost|p2a: 钢铠鸦|accuracy|1
|
|upkeep
|turn|14
|c|☆yuzhiboCheng|我感觉你压根没奔着徽章来
|c|☆yuzhiboCheng|乐
|
|t:|1668919975
|switch|p1a: 最初的相遇|Charizard, M, shiny|100/100
|move|p2a: 钢铠鸦|Hone Claws|p2a: 钢铠鸦
|-boost|p2a: 钢铠鸦|atk|1
|-boost|p2a: 钢铠鸦|accuracy|1
|
|upkeep
|turn|15
|
|t:|1668919981
|-start|p1a: 最初的相遇|Dynamax|Gmax
|-heal|p1a: 最初的相遇|100/100|[silent]
|move|p1a: 最初的相遇|G-Max Wildfire|p2a: 钢铠鸦
|-supereffective|p2a: 钢铠鸦
|-damage|p2a: 钢铠鸦|0 fnt
|-sidestart|p2: yuzhiboCheng|G-Max Wildfire
|faint|p2a: 钢铠鸦
|-damage|p1a: 最初的相遇|96/100|[from] item: Life Orb
|
|upkeep
|c|☆YLong|乐
|c|☆yuzhiboCheng|乐
|
|t:|1668920015
|switch|p2a: 七夕青鸟|Altaria, F|100/100
|-damage|p2a: 七夕青鸟|76/100|[from] Stealth Rock
|-ability|p2a: 七夕青鸟|Cloud Nine
|turn|16
|c|☆YLong|咋们这关系
|
|t:|1668920023
|detailschange|p2a: 七夕青鸟|Altaria-Mega, F
|-mega|p2a: 七夕青鸟|Altaria|Altarianite
|move|p1a: 最初的相遇|Max Airstream|p2a: 七夕青鸟
|-damage|p2a: 七夕青鸟|0 fnt
|-boost|p1a: 最初的相遇|spe|1
|faint|p2a: 七夕青鸟
|-damage|p1a: 最初的相遇|91/100|[from] item: Life Orb
|
|upkeep
|
|t:|1668920040
|switch|p2a: 大王燕|Swellow, M|100/100
|-damage|p2a: 大王燕|76/100|[from] Stealth Rock
|turn|17
|c|☆YLong|我怎么可能
|c| diwang|hhhh
|c|☆YLong|拿你徽章
|
|t:|1668920054
|move|p2a: 大王燕|Protect|p2a: 大王燕
|-singleturn|p2a: 大王燕|Protect
|move|p1a: 最初的相遇|Max Airstream|p2a: 大王燕
|-zbroken|p2a: 大王燕
|-damage|p2a: 大王燕|29/100
|-boost|p1a: 最初的相遇|spe|1
|-damage|p1a: 最初的相遇|86/100|[from] item: Life Orb
|
|-damage|p2a: 大王燕|13/100|[from] G-Max Wildfire
|-status|p2a: 大王燕|brn|[from] item: Flame Orb
|upkeep
|-end|p1a: 最初的相遇|Dynamax
|-heal|p1a: 最初的相遇|86/100|[silent]
|turn|18
|c| diwang|牛逼
|
|t:|1668920080
|move|p1a: 最初的相遇|Hurricane|p2a: 大王燕
|-damage|p2a: 大王燕|0 fnt
|faint|p2a: 大王燕
|-damage|p1a: 最初的相遇|76/100|[from] item: Life Orb
|
|-sideend|p2: yuzhiboCheng|G-Max Wildfire
|upkeep
|
|t:|1668920093
|switch|p2a: 音波龙|Noivern, M|100/100
|-damage|p2a: 音波龙|76/100|[from] Stealth Rock
|turn|19
|
|t:|1668920099
|move|p1a: 最初的相遇|Hurricane|p2a: 音波龙
|-damage|p2a: 音波龙|0 fnt
|faint|p2a: 音波龙
|-damage|p1a: 最初的相遇|67/100|[from] item: Life Orb
|
|upkeep
|c| diwang|游戏结束
|
|t:|1668920117
|switch|p2a: 天蝎王|Gliscor, M|100/100
|-damage|p2a: 天蝎王|88/100|[from] Stealth Rock
|turn|20
|
|t:|1668920124
|move|p1a: 最初的相遇|Hurricane|p2a: 天蝎王
|-damage|p2a: 天蝎王|0 fnt
|faint|p2a: 天蝎王
|-damage|p1a: 最初的相遇|57/100|[from] item: Life Orb
|
|upkeep
|c|☆yuzhiboCheng|悲
|c|☆yuzhiboCheng|给阴惨了
|
|t:|1668920142
|switch|p2a: 多龙巴鲁托|Dragapult, M|100/100
|-damage|p2a: 多龙巴鲁托|88/100|[from] Stealth Rock
|-activate|p2a: 多龙巴鲁托|move: Sticky Web
|-fail|p2a: 多龙巴鲁托|unboost|[from] ability: Clear Body|[of] p2a: 多龙巴鲁托
|turn|21
|
|t:|1668920148
|move|p2a: 多龙巴鲁托|Sucker Punch|p1a: 最初的相遇
|-damage|p1a: 最初的相遇|12/100
|-damage|p2a: 多龙巴鲁托|78/100|[from] item: Life Orb
|move|p1a: 最初的相遇|Hurricane|p2a: 多龙巴鲁托
|-damage|p2a: 多龙巴鲁托|0 fnt
|faint|p2a: 多龙巴鲁托
|-damage|p1a: 最初的相遇|3/100|[from] item: Life Orb
|
|win|YLong
|c|☆yuzhiboCheng|艹
|c|☆YLong|什么是羁绊啊
|l| diwang
|c|☆yuzhiboCheng|离谱
