|j|☆Snake of the Moon
|j|☆Glaliegoesboom ❤
|t:|1661685927
|gametype|singles
|player|p1|Snake of the Moon|lance-masters|
|player|p2|Glaliegoesboom ❤|cynthia-masters|
|teamsize|p1|6
|teamsize|p2|6
|gen|8
|tier|[Gen 8] National Dex AG
|rule|HP Percentage Mod: HP is shown in percentages
|rule|Endless Battle Clause: Forcing endless battles is banned
|clearpoke
|poke|p1|Dialga|
|poke|p1|Giratina|
|poke|p1|Dragonite, M|
|poke|p1|Ferrothorn, M|
|poke|p1|Rotom-Wash|
|poke|p1|Lucario, F|
|poke|p2|Clefable, M|
|poke|p2|Ferrothorn, F|
|poke|p2|Hippowdon, F|
|poke|p2|Dialga|
|poke|p2|Gyarados, M|
|poke|p2|Giratina|
|teampreview
|inactive|Battle timer is ON: inactive players will automatically lose when time's up. (requested by Snake of the Moon)
|inactive|Glaliegoesboom ❤ also wants the timer to be on.
|
|t:|1661685940
|start
|switch|p1a: Ferrothorn|Ferrothorn, M|100/100
|switch|p2a: Ferrothorn|Ferrothorn, F|100/100
|-ability|p1a: Ferrothorn|Anticipation
|turn|1
|
|t:|1661685945
|switch|p2a: Giratina|Giratina|100/100
|-ability|p2a: Giratina|Pressure
|move|p1a: Ferrothorn|Curse|p1a: Ferrothorn
|-unboost|p1a: Ferrothorn|spe|1
|-boost|p1a: Ferrothorn|atk|1
|-boost|p1a: Ferrothorn|def|1
|
|upkeep
|turn|2
|
|t:|1661685950
|move|p2a: Giratina|Will-O-Wisp|p1a: Ferrothorn
|-status|p1a: Ferrothorn|brn
|move|p1a: Ferrothorn|Curse|p1a: Ferrothorn
|-unboost|p1a: Ferrothorn|spe|1
|-boost|p1a: Ferrothorn|atk|1
|-boost|p1a: Ferrothorn|def|1
|
|-damage|p1a: Ferrothorn|94/100 brn|[from] brn
|upkeep
|turn|3
|
|t:|1661685953
|move|p2a: Giratina|Hex|p1a: Ferrothorn
|-damage|p1a: Ferrothorn|66/100 brn
|move|p1a: Ferrothorn|Stealth Rock|p2a: Giratina
|-sidestart|p2: Glaliegoesboom ❤|move: Stealth Rock
|
|-damage|p1a: Ferrothorn|60/100 brn|[from] brn
|upkeep
|turn|4
|
|t:|1661685956
|move|p2a: Giratina|Defog|p1a: Ferrothorn
|-unboost|p1a: Ferrothorn|evasion|1
|-sideend|p2: Glaliegoesboom ❤|Stealth Rock|[from] move: Defog|[of] p2a: Giratina
|move|p1a: Ferrothorn|Leech Seed|p2a: Giratina
|-start|p2a: Giratina|move: Leech Seed
|
|-damage|p2a: Giratina|88/100|[from] Leech Seed|[of] p1a: Ferrothorn
|-heal|p1a: Ferrothorn|78/100 brn|[silent]
|-damage|p1a: Ferrothorn|72/100 brn|[from] brn
|upkeep
|turn|5
|
|t:|1661685972
|switch|p2a: Dialga|Dialga|100/100
|-ability|p2a: Dialga|Pressure
|move|p1a: Ferrothorn|Stealth Rock|p2a: Dialga
|-sidestart|p2: Glaliegoesboom ❤|move: Stealth Rock
|
|-damage|p1a: Ferrothorn|65/100 brn|[from] brn
|upkeep
|turn|6
|
|t:|1661685978
|move|p2a: Dialga|Flamethrower|p1a: Ferrothorn
|-supereffective|p1a: Ferrothorn
|-enditem|p1a: Ferrothorn|Occa Berry|[eat]
|-enditem|p1a: Ferrothorn|Occa Berry|[weaken]
|-damage|p1a: Ferrothorn|20/100 brn
|move|p1a: Ferrothorn|Leech Seed|p2a: Dialga
|-start|p2a: Dialga|move: Leech Seed
|
|-damage|p2a: Dialga|88/100|[from] Leech Seed|[of] p1a: Ferrothorn
|-heal|p1a: Ferrothorn|34/100 brn|[silent]
|-damage|p1a: Ferrothorn|28/100 brn|[from] brn
|upkeep
|turn|7
|
|t:|1661685992
|switch|p2a: Giratina|Giratina|88/100
|-damage|p2a: Giratina|75/100|[from] Stealth Rock
|-ability|p2a: Giratina|Pressure
|switch|p1a: Rotom|Rotom-Wash|100/100
|
|upkeep
|turn|8
|
|t:|1661685994
|move|p2a: Giratina|Defog|p1a: Rotom
|-unboost|p1a: Rotom|evasion|1
|-sideend|p2: Glaliegoesboom ❤|Stealth Rock|[from] move: Defog|[of] p2a: Giratina
|move|p1a: Rotom|Thunder Wave|p2a: Giratina
|-status|p2a: Giratina|par
|
|upkeep
|turn|9
|
|t:|1661686004
|switch|p1a: Lucario|Lucario, F|100/100
|cant|p2a: Giratina|par
|
|upkeep
|turn|10
|
|t:|1661686010
|switch|p2a: Hippowdon|Hippowdon, F|100/100
|-weather|Sandstorm|[from] ability: Sand Stream|[of] p2a: Hippowdon
|detailschange|p1a: Lucario|Lucario-Mega, F
|-mega|p1a: Lucario|Lucario|Lucarionite
|move|p1a: Lucario|Nasty Plot|p1a: Lucario
|-boost|p1a: Lucario|spa|2
|
|-weather|Sandstorm|[upkeep]
|upkeep
|turn|11
|
|t:|1661686016
|move|p1a: Lucario|Flash Cannon|p2a: Hippowdon
|-damage|p2a: Hippowdon|20/100
|move|p2a: Hippowdon|Earthquake|p1a: Lucario
|-supereffective|p1a: Lucario
|-damage|p1a: Lucario|6/100
|
|-weather|Sandstorm|[upkeep]
|-heal|p2a: Hippowdon|26/100|[from] item: Leftovers
|upkeep
|turn|12
|
|t:|1661686029
|switch|p2a: Giratina|Giratina|75/100 par
|-ability|p2a: Giratina|Pressure
|move|p1a: Lucario|Aura Sphere|p2a: Giratina
|-immune|p2a: Giratina
|
|-weather|Sandstorm|[upkeep]
|-damage|p2a: Giratina|69/100 par|[from] Sandstorm
|upkeep
|turn|13
|
|t:|1661686033
|move|p2a: Giratina|Shadow Sneak|p1a: Lucario
|-damage|p1a: Lucario|0 fnt
|faint|p1a: Lucario
|
|-weather|Sandstorm|[upkeep]
|-damage|p2a: Giratina|63/100 par|[from] Sandstorm
|upkeep
|
|t:|1661686048
|switch|p1a: Dialga|Dialga|100/100
|-ability|p1a: Dialga|Pressure
|turn|14
|
|t:|1661686060
|switch|p2a: Hippowdon|Hippowdon, F|26/100
|move|p1a: Dialga|Flamethrower|p2a: Hippowdon
|-damage|p2a: Hippowdon|0 fnt
|faint|p2a: Hippowdon
|-damage|p1a: Dialga|91/100|[from] item: Life Orb
|
|-weather|none
|upkeep
|
|t:|1661686069
|switch|p2a: Dialga|Dialga|88/100
|-ability|p2a: Dialga|Pressure
|turn|15
|
|t:|1661686072
|move|p1a: Dialga|Dragon Pulse|p2a: Dialga
|-damage|p2a: Dialga|49/100
|-damage|p1a: Dialga|81/100|[from] item: Life Orb
|move|p2a: Dialga|Earth Power|p1a: Dialga
|-supereffective|p1a: Dialga
|-crit|p1a: Dialga
|-damage|p1a: Dialga|0 fnt
|faint|p1a: Dialga
|
|upkeep
|
|t:|1661686078
|switch|p1a: Dragonite|Dragonite, M|100/100
|turn|16
|
|t:|1661686095
|switch|p2a: Giratina|Giratina|63/100 par
|-ability|p2a: Giratina|Pressure
|move|p1a: Dragonite|Dragon Dance|p1a: Dragonite
|-boost|p1a: Dragonite|atk|1
|-boost|p1a: Dragonite|spe|1
|
|upkeep
|turn|17
|
|t:|1661686099
|-start|p1a: Dragonite|Dynamax|
|-heal|p1a: Dragonite|100/100|[silent]
|move|p1a: Dragonite|Max Hailstorm|p2a: Giratina
|-supereffective|p2a: Giratina
|-damage|p2a: Giratina|0 fnt
|-weather|Hail
|faint|p2a: Giratina
|
|-weather|Hail|[upkeep]
|-damage|p1a: Dragonite|97/100|[from] Hail
|upkeep
|
|t:|1661686108
|switch|p2a: Gyarados|Gyarados, M|100/100
|-ability|p2a: Gyarados|Intimidate|boost
|-unboost|p1a: Dragonite|atk|1
|turn|18
|
|t:|1661686113
|switch|p2a: Ferrothorn|Ferrothorn, F|100/100
|-ability|p2a: Ferrothorn|Anticipation
|move|p1a: Dragonite|Max Hailstorm|p2a: Ferrothorn
|-damage|p2a: Ferrothorn|72/100
|
|-weather|Hail|[upkeep]
|-damage|p1a: Dragonite|94/100|[from] Hail
|-damage|p2a: Ferrothorn|66/100|[from] Hail
|upkeep
|turn|19
|
|t:|1661686122
|switch|p2a: Gyarados|Gyarados, M|100/100
|-ability|p2a: Gyarados|Intimidate|boost
|-unboost|p1a: Dragonite|atk|1
|move|p1a: Dragonite|Max Flare|p2a: Gyarados
|-resisted|p2a: Gyarados
|-damage|p2a: Gyarados|80/100
|-weather|SunnyDay
|
|-weather|SunnyDay|[upkeep]
|upkeep
|-end|p1a: Dragonite|Dynamax
|-heal|p1a: Dragonite|94/100|[silent]
|turn|20
|
|t:|1661686127
|detailschange|p2a: Gyarados|Gyarados-Mega, M
|-mega|p2a: Gyarados|Gyarados|Gyaradosite
|-ability|p2a: Gyarados|Mold Breaker
|move|p1a: Dragonite|Dragon Dance|p1a: Dragonite
|-boost|p1a: Dragonite|atk|1
|-boost|p1a: Dragonite|spe|1
|move|p2a: Gyarados|Dragon Dance|p2a: Gyarados
|-boost|p2a: Gyarados|atk|1
|-boost|p2a: Gyarados|spe|1
|
|-weather|SunnyDay|[upkeep]
|upkeep
|turn|21
|
|t:|1661686137
|move|p1a: Dragonite|Earthquake|p2a: Gyarados
|-damage|p2a: Gyarados|41/100
|move|p2a: Gyarados|Crunch|p1a: Dragonite
|-damage|p1a: Dragonite|9/100
|
|-weather|SunnyDay|[upkeep]
|upkeep
|turn|22
|
|t:|1661686144
|move|p1a: Dragonite|Earthquake|p2a: Gyarados
|-damage|p2a: Gyarados|5/100
|move|p2a: Gyarados|Crunch|p1a: Dragonite
|-damage|p1a: Dragonite|0 fnt
|faint|p1a: Dragonite
|
|-weather|SunnyDay|[upkeep]
|upkeep
|
|t:|1661686152
|switch|p1a: Giratina|Giratina|100/100
|-ability|p1a: Giratina|Pressure
|turn|23
|
|t:|1661686154
|move|p2a: Gyarados|Crunch|p1a: Giratina
|-supereffective|p1a: Giratina
|-enditem|p1a: Giratina|Colbur Berry|[eat]
|-enditem|p1a: Giratina|Colbur Berry|[weaken]
|-damage|p1a: Giratina|58/100
|move|p1a: Giratina|Hex|p2a: Gyarados
|-resisted|p2a: Gyarados
|-damage|p2a: Gyarados|0 fnt
|faint|p2a: Gyarados
|
|-weather|none
|upkeep
|
|t:|1661686166
|switch|p2a: Ferrothorn|Ferrothorn, F|66/100
|turn|24
|
|t:|1661686174
|move|p1a: Giratina|Will-O-Wisp|p2a: Ferrothorn
|-status|p2a: Ferrothorn|brn
|move|p2a: Ferrothorn|Stealth Rock|p1a: Giratina
|-sidestart|p1: Snake of the Moon|move: Stealth Rock
|
|-damage|p2a: Ferrothorn|60/100 brn|[from] brn
|upkeep
|turn|25
|
|t:|1661686178
|switch|p1a: Ferrothorn|Ferrothorn, M|28/100 brn
|-damage|p1a: Ferrothorn|22/100 brn|[from] Stealth Rock
|-ability|p1a: Ferrothorn|Anticipation
|move|p2a: Ferrothorn|Leech Seed|p1a: Ferrothorn
|-immune|p1a: Ferrothorn
|
|-damage|p1a: Ferrothorn|15/100 brn|[from] brn
|-damage|p2a: Ferrothorn|54/100 brn|[from] brn
|upkeep
|turn|26
|
|t:|1661686183
|move|p1a: Ferrothorn|Stealth Rock|p2a: Ferrothorn
|-sidestart|p2: Glaliegoesboom ❤|move: Stealth Rock
|move|p2a: Ferrothorn|Body Press|p1a: Ferrothorn
|-supereffective|p1a: Ferrothorn
|-damage|p1a: Ferrothorn|0 fnt
|faint|p1a: Ferrothorn
|
|-damage|p2a: Ferrothorn|48/100 brn|[from] brn
|upkeep
|j| MVP2536
|c| MVP2536|lemme fight one of u after
|
|t:|1661686193
|switch|p1a: Rotom|Rotom-Wash|100/100
|-damage|p1a: Rotom|88/100|[from] Stealth Rock
|turn|27
|
|t:|1661686196
|move|p1a: Rotom|Hex|p2a: Ferrothorn
|-damage|p2a: Ferrothorn|20/100 brn
|move|p2a: Ferrothorn|Leech Seed|p1a: Rotom
|-start|p1a: Rotom|move: Leech Seed
|
|-damage|p1a: Rotom|76/100|[from] Leech Seed|[of] p2a: Ferrothorn
|-heal|p2a: Ferrothorn|31/100 brn|[silent]
|-damage|p2a: Ferrothorn|25/100 brn|[from] brn
|upkeep
|turn|28
|
|t:|1661686200
|move|p1a: Rotom|Hex|p2a: Ferrothorn
|-damage|p2a: Ferrothorn|0 fnt
|faint|p2a: Ferrothorn
|
|upkeep
|
|t:|1661686205
|switch|p2a: Dialga|Dialga|49/100
|-damage|p2a: Dialga|43/100|[from] Stealth Rock
|-ability|p2a: Dialga|Pressure
|turn|29
|
|t:|1661686209
|-start|p2a: Dialga|Dynamax|
|-heal|p2a: Dialga|43/100|[silent]
|move|p2a: Dialga|Max Wyrmwind|p1a: Rotom
|-damage|p1a: Rotom|12/100
|-unboost|p1a: Rotom|atk|1
|-enditem|p1a: Rotom|Sitrus Berry|[eat]
|-heal|p1a: Rotom|37/100|[from] item: Sitrus Berry
|move|p1a: Rotom|Thunder Wave|p2a: Dialga
|-status|p2a: Dialga|par
|
|-damage|p1a: Rotom|25/100|[from] Leech Seed|[of] p2a: Dialga
|-heal|p2a: Dialga|48/100 par|[silent]
|upkeep
|turn|30
|
|t:|1661686215
|move|p1a: Rotom|Hex|p2a: Dialga
|-damage|p2a: Dialga|39/100 par
|move|p2a: Dialga|Max Wyrmwind|p1a: Rotom
|-damage|p1a: Rotom|0 fnt
|faint|p1a: Rotom
|
|upkeep
|
|t:|1661686218
|switch|p1a: Giratina|Giratina|58/100
|-damage|p1a: Giratina|46/100|[from] Stealth Rock
|-ability|p1a: Giratina|Pressure
|turn|31
|
|t:|1661686219
|move|p1a: Giratina|Hex|p2a: Dialga
|-damage|p2a: Dialga|26/100 par
|move|p2a: Dialga|Max Wyrmwind|p1a: Giratina
|-supereffective|p1a: Giratina
|-damage|p1a: Giratina|0 fnt
|faint|p1a: Giratina
|
|win|Glaliegoesboom ❤
|c|☆Snake of the Moon|Ggwp
|l|☆Glaliegoesboom ❤
