|j|☆Buck X
|j|☆LaprasPlayer
|t:|1655711650
|gametype|singles
|player|p1|Buck X|lance|
|player|p2|LaprasPlayer|aromalady|
|teamsize|p1|6
|teamsize|p2|6
|gen|8
|tier|[Gen 8] National Dex AG
|rule|HP Percentage Mod: HP is shown in percentages
|rule|Endless Battle Clause: Forcing endless battles is banned
|clearpoke
|poke|p1|Zygarde|
|poke|p1|Xerneas-*|
|poke|p1|Calyrex-Shadow|
|poke|p1|Arceus-*|
|poke|p1|Lugia|
|poke|p1|Ditto|
|poke|p2|Necrozma-Dusk-Mane|
|poke|p2|Yveltal|
|poke|p2|Yveltal|
|poke|p2|Eternatus|
|poke|p2|Marshadow|
|poke|p2|Arceus-*|
|teampreview
|inactive|Battle timer is ON: inactive players will automatically lose when time's up. (requested by Buck X)
|c|☆LaprasPlayer|W buck vs L lapras
|c|☆LaprasPlayer|hf
|
|t:|1655711666
|start
|switch|p1a: Zygarde|Zygarde|100/100
|switch|p2a: Yveltal|Yveltal|100/100
|-ability|p2a: Yveltal|Dark Aura
|-ability|p1a: Zygarde|Aura Break
|turn|1
|
|t:|1655711693
|move|p2a: Yveltal|Taunt|p1a: Zygarde
|-start|p1a: Zygarde|move: Taunt
|cant|p1a: Zygarde|move: Taunt|Glare
|
|upkeep
|turn|2
|c|☆LaprasPlayer|Wait wth why aura break may i ask?
|
|t:|1655711706
|switch|p1a: Arceus|Arceus-Dark|100/100
|move|p2a: Yveltal|Knock Off|p1a: Arceus
|-resisted|p1a: Arceus
|-damage|p1a: Arceus|87/100
|
|upkeep
|turn|3
|inactive|Buck X has 270 seconds left.
|
|t:|1655711731
|move|p2a: Yveltal|Taunt|p1a: Arceus
|-start|p1a: Arceus|move: Taunt
|cant|p1a: Arceus|move: Taunt|Stealth Rock
|
|upkeep
|turn|4
|
|t:|1655711737
|move|p2a: Yveltal|Knock Off|p1a: Arceus
|-resisted|p1a: Arceus
|-damage|p1a: Arceus|75/100
|move|p1a: Arceus|Judgment|p2a: Yveltal
|-resisted|p2a: Yveltal
|-damage|p2a: Yveltal|80/100
|
|upkeep
|turn|5
|
|t:|1655711752
|switch|p1a: Xerneas|Xerneas|100/100
|-ability|p1a: Xerneas|Fairy Aura
|move|p2a: Yveltal|Knock Off|p1a: Xerneas
|-resisted|p1a: Xerneas
|-damage|p1a: Xerneas|80/100
|-enditem|p1a: Xerneas|Choice Specs|[from] move: Knock Off|[of] p2a: Yveltal
|
|upkeep
|turn|6
|
|t:|1655711761
|switch|p2a: Necrozma|Necrozma-Dusk-Mane|100/100
|move|p1a: Xerneas|Thunder Wave|p2a: Necrozma
|-status|p2a: Necrozma|par
|
|upkeep
|turn|7
|j| Little Luvie❤
|
|t:|1655711773
|switch|p1a: Zygarde|Zygarde|100/100
|-ability|p1a: Zygarde|Aura Break
|move|p2a: Necrozma|Stealth Rock|p1a: Zygarde
|-sidestart|p1: Buck X|move: Stealth Rock
|
|upkeep
|turn|8
|
|t:|1655711779
|switch|p2a: Arceus|Arceus-Ground|100/100
|move|p1a: Zygarde|Substitute|p1a: Zygarde
|-start|p1a: Zygarde|Substitute
|-damage|p1a: Zygarde|76/100
|
|-heal|p1a: Zygarde|82/100|[from] item: Leftovers
|upkeep
|turn|9
|
|t:|1655711792
|move|p2a: Arceus|Ice Beam|p1a: Zygarde
|-supereffective|p1a: Zygarde
|-end|p1a: Zygarde|Substitute
|move|p1a: Zygarde|Glare|p2a: Arceus
|-status|p2a: Arceus|par
|
|-heal|p1a: Zygarde|88/100|[from] item: Leftovers
|upkeep
|turn|10
|
|t:|1655711796
|move|p1a: Zygarde|Substitute|p1a: Zygarde
|-start|p1a: Zygarde|Substitute
|-damage|p1a: Zygarde|63/100
|move|p2a: Arceus|Refresh|p2a: Arceus
|-curestatus|p2a: Arceus|par|[msg]
|
|-heal|p1a: Zygarde|69/100|[from] item: Leftovers
|upkeep
|turn|11
|
|t:|1655711808
|move|p2a: Arceus|Ice Beam|p1a: Zygarde
|-supereffective|p1a: Zygarde
|-end|p1a: Zygarde|Substitute
|move|p1a: Zygarde|Thousand Arrows|p2a: Arceus
|-damage|p2a: Arceus|78/100
|
|-heal|p1a: Zygarde|76/100|[from] item: Leftovers
|upkeep
|turn|12
|
|t:|1655711812
|switch|p1a: Lugia|Lugia|100/100
|move|p2a: Arceus|Ice Beam|p1a: Lugia
|-supereffective|p1a: Lugia
|-damage|p1a: Lugia|87/100
|
|upkeep
|turn|13
|
|t:|1655711816
|switch|p2a: Marshadow|Marshadow|100/100
|move|p1a: Lugia|Defog|p2a: Marshadow
|-unboost|p2a: Marshadow|evasion|1
|-sideend|p1: Buck X|Stealth Rock|[from] move: Defog|[of] p1a: Lugia
|
|upkeep
|turn|14
|
|t:|1655711838
|switch|p1a: Zygarde|Zygarde|76/100
|-ability|p1a: Zygarde|Aura Break
|move|p2a: Marshadow|Spectral Thief|p1a: Zygarde
|-damage|p1a: Zygarde|25/100
|
|-heal|p1a: Zygarde|31/100|[from] item: Leftovers
|upkeep
|turn|15
|c|☆Buck X|Forgot p construct
|
|t:|1655711849
|move|p2a: Marshadow|Spectral Thief|p1a: Zygarde
|-crit|p1a: Zygarde
|-damage|p1a: Zygarde|0 fnt
|faint|p1a: Zygarde
|
|upkeep
|
|t:|1655711851
|switch|p1a: Lugia|Lugia|87/100
|turn|16
|
|t:|1655711855
|switch|p1a: Arceus|Arceus-Dark|75/100
|move|p2a: Marshadow|Spectral Thief|p1a: Arceus
|-resisted|p1a: Arceus
|-damage|p1a: Arceus|53/100
|
|upkeep
|turn|17
|
|t:|1655711862
|switch|p1a: Xerneas|Xerneas|80/100
|-ability|p1a: Xerneas|Fairy Aura
|-start|p2a: Marshadow|Dynamax|
|-heal|p2a: Marshadow|100/100|[silent]
|move|p2a: Marshadow|Max Knuckle|p1a: Xerneas
|-resisted|p1a: Xerneas
|-damage|p1a: Xerneas|60/100
|-boost|p2a: Marshadow|atk|1
|
|upkeep
|turn|18
|
|t:|1655711876
|-start|p1a: Xerneas|Dynamax|
|-heal|p1a: Xerneas|60/100|[silent]
|move|p2a: Marshadow|Max Phantasm|p1a: Xerneas
|-crit|p1a: Xerneas
|-damage|p1a: Xerneas|4/100
|-unboost|p1a: Xerneas|def|1
|move|p1a: Xerneas|Max Starfall|p2a: Marshadow
|-supereffective|p2a: Marshadow
|-damage|p2a: Marshadow|0 fnt
|-fieldstart|move: Misty Terrain
|faint|p2a: Marshadow
|
|upkeep
|
|t:|1655711881
|switch|p2a: Yveltal|Yveltal|100/100
|-ability|p2a: Yveltal|Dark Aura
|turn|19
|
|t:|1655711891
|move|p2a: Yveltal|Oblivion Wing|p1a: Xerneas
|-damage|p1a: Xerneas|0 fnt
|faint|p1a: Xerneas
|-damage|p2a: Yveltal|91/100|[from] item: Life Orb
|
|upkeep
|
|t:|1655711899
|switch|p1a: Arceus|Arceus-Dark|53/100
|turn|20
|
|t:|1655711901
|move|p2a: Yveltal|Taunt|p1a: Arceus
|-start|p1a: Arceus|move: Taunt
|move|p1a: Arceus|Judgment|p2a: Yveltal
|-resisted|p2a: Yveltal
|-crit|p2a: Yveltal
|-damage|p2a: Yveltal|50/100
|
|upkeep
|turn|21
|
|t:|1655711911
|move|p2a: Yveltal|Oblivion Wing|p1a: Arceus
|-damage|p1a: Arceus|25/100
|-heal|p2a: Yveltal|74/100|[from] drain|[of] p1a: Arceus
|-damage|p2a: Yveltal|64/100|[from] item: Life Orb
|move|p1a: Arceus|Judgment|p2a: Yveltal
|-resisted|p2a: Yveltal
|-damage|p2a: Yveltal|35/100
|
|upkeep
|turn|22
|
|t:|1655711914
|move|p2a: Yveltal|Oblivion Wing|p1a: Arceus
|-damage|p1a: Arceus|0 fnt
|-heal|p2a: Yveltal|56/100|[from] drain|[of] p1a: Arceus
|faint|p1a: Arceus
|-damage|p2a: Yveltal|46/100|[from] item: Life Orb
|
|-fieldend|Misty Terrain
|upkeep
|
|t:|1655711940
|switch|p1a: Calyrex|Calyrex-Shadow|100/100
|-ability|p1a: Calyrex|As One
|-ability|p1a: Calyrex|Unnerve
|turn|23
|
|t:|1655711946
|move|p1a: Calyrex|Draining Kiss|p2a: Yveltal
|-supereffective|p2a: Yveltal
|-damage|p2a: Yveltal|10/100
|move|p2a: Yveltal|Dark Pulse|p1a: Calyrex
|-supereffective|p1a: Calyrex
|-enditem|p1a: Calyrex|Focus Sash
|-damage|p1a: Calyrex|1/100
|-damage|p2a: Yveltal|0 fnt|[from] item: Life Orb
|faint|p2a: Yveltal
|
|upkeep
|
|t:|1655711949
|switch|p2a: Yveltal|Yveltal|80/100
|-ability|p2a: Yveltal|Dark Aura
|turn|24
|inactive|Buck X has 270 seconds left.
|-message|Buck X forfeited.
|
|win|LaprasPlayer
|c|☆LaprasPlayer|ggwp
|c|☆LaprasPlayer|fr
