|j|‽Chrisbensoo
|j|☆Daltuhn
|t:|1657851210
|gametype|singles
|player|p1|Chrisbensoo|170|1557
|player|p2|Daltuhn|bertha|1621
|teamsize|p1|6
|teamsize|p2|6
|gen|8
|tier|[Gen 8] National Dex AG
|rated|
|rule|HP Percentage Mod: HP is shown in percentages
|rule|Endless Battle Clause: Forcing endless battles is banned
|clearpoke
|poke|p1|Magearna|
|poke|p1|Calyrex-Shadow|
|poke|p1|Arceus-*|
|poke|p1|Ho-Oh|
|poke|p1|Tyranitar, F|
|poke|p1|Necrozma-Dusk-Mane|
|poke|p2|Ditto|
|poke|p2|Arceus-*|
|poke|p2|Calyrex-Shadow|
|poke|p2|Arceus-*|
|poke|p2|Arceus-*|
|poke|p2|Marshadow|
|teampreview
|
|t:|1657851219
|start
|switch|p1a: Arceus|Arceus-Ground|100/100
|switch|p2a: Element slinger|Arceus-Steel|100/100
|turn|1
|
|t:|1657851225
|move|p1a: Arceus|Judgment|p2a: Element slinger
|-supereffective|p2a: Element slinger
|-crit|p2a: Element slinger
|-damage|p2a: Element slinger|3/100
|move|p2a: Element slinger|Surf|p1a: Arceus
|-supereffective|p1a: Arceus
|-damage|p1a: Arceus|57/100
|
|upkeep
|turn|2
|
|t:|1657851234
|move|p1a: Arceus|Judgment|p2a: Element slinger
|-supereffective|p2a: Element slinger
|-damage|p2a: Element slinger|0 fnt
|faint|p2a: Element slinger
|
|upkeep
|
|t:|1657851242
|switch|p2a: Marshadow|Marshadow|100/100
|turn|3
|
|t:|1657851249
|switch|p1a: Ho-Oh|Ho-Oh|100/100
|move|p2a: Marshadow|Swagger|p1a: Ho-Oh
|-boost|p1a: Ho-Oh|atk|2
|-start|p1a: Ho-Oh|confusion
|
|upkeep
|turn|4
|
|t:|1657851256
|move|p2a: Marshadow|Spectral Thief||[still]
|-clearpositiveboost|p1a: Ho-Oh|p2a: Marshadow|move: Spectral Thief
|-boost|p2a: Marshadow|atk|2
|-anim|p2a: Marshadow|Spectral Thief|p1a: Ho-Oh
|-crit|p1a: Ho-Oh
|-damage|p1a: Ho-Oh|13/100
|-activate|p1a: Ho-Oh|confusion
|-damage|p1a: Ho-Oh|5/100|[from] confusion
|
|upkeep
|turn|5
|
|t:|1657851266
|move|p2a: Marshadow|Shadow Sneak|p1a: Ho-Oh
|-damage|p1a: Ho-Oh|0 fnt
|faint|p1a: Ho-Oh
|
|upkeep
|
|t:|1657851269
|switch|p1a: Magearna|Magearna|100/100
|turn|6
|
|t:|1657851281
|move|p2a: Marshadow|Swagger|p1a: Magearna
|-boost|p1a: Magearna|atk|2
|-start|p1a: Magearna|confusion
|-activate|p1a: Magearna|confusion
|move|p1a: Magearna|Fleur Cannon|p2a: Marshadow
|-supereffective|p2a: Marshadow
|-enditem|p2a: Marshadow|Focus Sash
|-damage|p2a: Marshadow|1/100
|-unboost|p1a: Magearna|spa|2
|
|upkeep
|turn|7
|
|t:|1657851290
|switch|p1a: Tyranitar|Tyranitar, F|100/100
|-weather|Sandstorm|[from] ability: Sand Stream|[of] p1a: Tyranitar
|move|p2a: Marshadow|Spectral Thief|p1a: Tyranitar
|-resisted|p1a: Tyranitar
|-damage|p1a: Tyranitar|68/100
|
|-weather|Sandstorm|[upkeep]
|-damage|p2a: Marshadow|0 fnt|[from] Sandstorm
|faint|p2a: Marshadow
|-heal|p1a: Tyranitar|74/100|[from] item: Leftovers
|upkeep
|
|t:|1657851299
|switch|p2a: Patrick|Arceus-Fairy|100/100
|turn|8
|
|t:|1657851303
|switch|p1a: Magearna|Magearna|100/100
|move|p2a: Patrick|Bulldoze|p1a: Magearna
|-supereffective|p1a: Magearna
|-damage|p1a: Magearna|65/100
|-unboost|p1a: Magearna|spe|1
|
|-weather|Sandstorm|[upkeep]
|-damage|p2a: Patrick|94/100|[from] Sandstorm
|-heal|p1a: Magearna|71/100|[from] item: Leftovers
|upkeep
|turn|9
|
|t:|1657851311
|switch|p2a: DJ Mustard|Arceus-Electric|100/100
|move|p1a: Magearna|Fleur Cannon|p2a: DJ Mustard
|-damage|p2a: DJ Mustard|62/100
|-unboost|p1a: Magearna|spa|2
|
|-weather|Sandstorm|[upkeep]
|-damage|p2a: DJ Mustard|56/100|[from] Sandstorm
|-heal|p1a: Magearna|77/100|[from] item: Leftovers
|upkeep
|turn|10
|
|t:|1657851319
|move|p2a: DJ Mustard|Judgment|p1a: Magearna
|-crit|p1a: Magearna
|-damage|p1a: Magearna|20/100
|move|p1a: Magearna|Heart Swap|p2a: DJ Mustard
|-swapboost|p1a: Magearna|p2a: DJ Mustard|[from] move: Heart Swap
|
|-weather|Sandstorm|[upkeep]
|-damage|p2a: DJ Mustard|50/100|[from] Sandstorm
|-heal|p1a: Magearna|26/100|[from] item: Leftovers
|upkeep
|turn|11
|
|t:|1657851329
|switch|p2a: Free buffs|Ditto|100/100
|-transform|p2a: Free buffs|p1a: Magearna|[from] ability: Imposter
|move|p1a: Magearna|Pain Split|p2a: Free buffs
|-sethp|p2a: Free buffs|66/100|[from] move: Pain Split|[silent]
|-sethp|p1a: Magearna|54/100|[from] move: Pain Split
|
|-weather|none
|-heal|p1a: Magearna|60/100|[from] item: Leftovers
|upkeep
|turn|12
|
|t:|1657851341
|move|p2a: Free buffs|Volt Switch|p1a: Magearna
|-damage|p1a: Magearna|47/100
|
|t:|1657851345
|switch|p2a: DJ Mustard|Arceus-Electric|50/100|[from]move: Volt Switch
|move|p1a: Magearna|Volt Switch|p2a: DJ Mustard
|-resisted|p2a: DJ Mustard
|-damage|p2a: DJ Mustard|43/100
|
|t:|1657851353
|switch|p1a: Arceus|Arceus-Ground|57/100|[from]move: Volt Switch
|
|upkeep
|turn|13
|
|t:|1657851362
|move|p1a: Arceus|Judgment|p2a: DJ Mustard
|-supereffective|p2a: DJ Mustard
|-damage|p2a: DJ Mustard|0 fnt
|faint|p2a: DJ Mustard
|
|upkeep
|
|t:|1657851365
|switch|p2a: Free buffs|Ditto|66/100
|-transform|p2a: Free buffs|p1a: Arceus|[from] ability: Imposter
|turn|14
|
|t:|1657851372
|move|p2a: Free buffs|Ice Beam|p1a: Arceus
|-supereffective|p1a: Arceus
|-damage|p1a: Arceus|28/100
|move|p1a: Arceus|Recover|p1a: Arceus
|-heal|p1a: Arceus|78/100
|
|upkeep
|turn|15
|
|t:|1657851378
|-start|p2a: Free buffs|Dynamax|
|-heal|p2a: Free buffs|66/100|[silent]
|move|p1a: Arceus|Recover|p1a: Arceus
|-heal|p1a: Arceus|100/100
|move|p2a: Free buffs|Max Hailstorm|p1a: Arceus
|-supereffective|p1a: Arceus
|-damage|p1a: Arceus|57/100
|-weather|Hail
|
|-weather|Hail|[upkeep]
|-damage|p2a: Free buffs|63/100|[from] Hail
|-damage|p1a: Arceus|51/100|[from] Hail
|upkeep
|turn|16
|
|t:|1657851388
|move|p2a: Free buffs|Max Hailstorm|p1a: Arceus
|-supereffective|p1a: Arceus
|-damage|p1a: Arceus|6/100
|move|p1a: Arceus|Recover|p1a: Arceus
|-heal|p1a: Arceus|56/100
|
|-weather|Hail|[upkeep]
|-damage|p2a: Free buffs|60/100|[from] Hail
|-damage|p1a: Arceus|50/100|[from] Hail
|upkeep
|turn|17
|
|t:|1657851393
|move|p2a: Free buffs|Max Hailstorm|p1a: Arceus
|-supereffective|p1a: Arceus
|-crit|p1a: Arceus
|-damage|p1a: Arceus|0 fnt
|faint|p1a: Arceus
|
|-weather|Hail|[upkeep]
|-damage|p2a: Free buffs|57/100|[from] Hail
|upkeep
|n|☆Chrisbensoo|chrisbensoo
|c|☆Daltuhn|man im 1 point from 500 on ladder
|c|☆Daltuhn|just lemme have this
|c|☆Chrisbensoo|you have hit a fucking dozen crits
|c|☆Chrisbensoo|what does that even mean
|c|☆Chrisbensoo|your 1621
|
|t:|1657851447
|switch|p1a: Necrozma|Necrozma-Dusk-Mane|100/100
|-end|p2a: Free buffs|Dynamax
|-heal|p2a: Free buffs|57/100|[silent]
|turn|18
|c|☆Daltuhn|yeah 500 in the world is 1622
|
|t:|1657851462
|move|p2a: Free buffs|Ice Beam|p1a: Necrozma
|-resisted|p1a: Necrozma
|-damage|p1a: Necrozma|91/100
|move|p1a: Necrozma|Dragon Dance|p1a: Necrozma
|-boost|p1a: Necrozma|atk|1
|-boost|p1a: Necrozma|spe|1
|
|-weather|Hail|[upkeep]
|-damage|p2a: Free buffs|51/100|[from] Hail
|-damage|p1a: Necrozma|84/100|[from] Hail
|upkeep
|turn|19
|
|t:|1657851473
|-activate|p2a: Free buffs|move: Struggle
|move|p2a: Free buffs|Struggle|p1a: Necrozma
|-crit|p1a: Necrozma
|-damage|p1a: Necrozma|73/100
|-damage|p2a: Free buffs|26/100|[from] recoil
|move|p1a: Necrozma|Earthquake|p2a: Free buffs
|-damage|p2a: Free buffs|0 fnt
|faint|p2a: Free buffs
|
|-weather|none
|upkeep
|
|t:|1657851479
|switch|p2a: Spoopy|Calyrex-Shadow|100/100
|-ability|p2a: Spoopy|As One
|-ability|p2a: Spoopy|Unnerve
|turn|20
|
|t:|1657851483
|detailschange|p1a: Necrozma|Necrozma-Ultra
|-burst|p1a: Necrozma|Necrozma|Ultranecrozium Z
|move|p2a: Spoopy|Astral Barrage|p1a: Necrozma
|-supereffective|p1a: Necrozma
|-damage|p1a: Necrozma|0 fnt
|faint|p1a: Necrozma
|-ability|p2a: Spoopy|Grim Neigh|boost
|-boost|p2a: Spoopy|spa|1
|
|upkeep
|
|t:|1657851486
|switch|p1a: Tyranitar|Tyranitar, F|74/100
|-weather|Sandstorm|[from] ability: Sand Stream|[of] p1a: Tyranitar
|turn|21
|
|t:|1657851494
|-activate|p2a: Spoopy|move: Pursuit
|move|p1a: Tyranitar|Pursuit|p2a: Spoopy|[from]Pursuit
|-supereffective|p2a: Spoopy
|-damage|p2a: Spoopy|0 fnt
|faint|p2a: Spoopy
|-hint|A Pokemon can't switch between when it runs out of HP and when it faints
|
|-weather|Sandstorm|[upkeep]
|-heal|p1a: Tyranitar|80/100|[from] item: Leftovers
|upkeep
|
|t:|1657851502
|switch|p2a: Patrick|Arceus-Fairy|94/100
|turn|22
|
|t:|1657851505
|switch|p1a: Magearna|Magearna|47/100
|move|p2a: Patrick|Judgment|p1a: Magearna
|-resisted|p1a: Magearna
|-damage|p1a: Magearna|32/100
|
|-weather|Sandstorm|[upkeep]
|-damage|p2a: Patrick|88/100|[from] Sandstorm
|-heal|p1a: Magearna|38/100|[from] item: Leftovers
|upkeep
|turn|23
|
|t:|1657851510
|move|p2a: Patrick|Bulldoze|p1a: Magearna
|-supereffective|p1a: Magearna
|-crit|p1a: Magearna
|-damage|p1a: Magearna|0 fnt
|faint|p1a: Magearna
|
|-weather|Sandstorm|[upkeep]
|-damage|p2a: Patrick|82/100|[from] Sandstorm
|upkeep
|
|t:|1657851512
|switch|p1a: Calyrex|Calyrex-Shadow|100/100
|-ability|p1a: Calyrex|As One
|-ability|p1a: Calyrex|Unnerve
|turn|24
|
|t:|1657851516
|move|p1a: Calyrex|Astral Barrage|p2a: Patrick
|-damage|p2a: Patrick|13/100
|move|p2a: Patrick|Judgment|p1a: Calyrex
|-damage|p1a: Calyrex|51/100
|
|-weather|Sandstorm|[upkeep]
|-damage|p1a: Calyrex|45/100|[from] Sandstorm
|-damage|p2a: Patrick|7/100|[from] Sandstorm
|upkeep
|turn|25
|c|☆Daltuhn|nooooooooooooooooo
|c|☆Daltuhn|fuck
|
|t:|1657851533
|move|p1a: Calyrex|Astral Barrage|p2a: Patrick
|-damage|p2a: Patrick|0 fnt
|faint|p2a: Patrick
|
|win|Chrisbensoo
|raw|Chrisbensoo's rating: 1557 &rarr; <strong>1581</strong><br />(+24 for winning)
|raw|Daltuhn's rating: 1621 &rarr; <strong>1597</strong><br />(-24 for losing)
|c|☆Chrisbensoo|why run electric arceus
|l|☆Daltuhn
|c|☆Chrisbensoo|what does that do
||Ladder isn't responding, score probably updated but might not have (Request timeout).
