|j|☆JiayouOligay666
|j|☆Defensive0
|t:|1667454207
|gametype|singles
|player|p1|JiayouOligay666|unknown|1708
|player|p2|Defensive0|riley|1915
|teamsize|p1|6
|teamsize|p2|6
|gen|8
|tier|[Gen 8] National Dex AG
|rated|
|rule|HP Percentage Mod: HP is shown in percentages
|rule|Endless Battle Clause: Forcing endless battles is banned
|clearpoke
|poke|p1|Rayquaza|
|poke|p1|Zacian-*|
|poke|p1|Smeargle, M|
|poke|p1|Ditto|
|poke|p1|Groudon|
|poke|p1|Yveltal|
|poke|p2|Groudon|
|poke|p2|Ditto|
|poke|p2|Arceus-*|
|poke|p2|Mewtwo|
|poke|p2|Arceus-*|
|poke|p2|Yveltal|
|teampreview
|inactive|Battle timer is ON: inactive players will automatically lose when time's up. (requested by Defensive0)
|inactive|JiayouOligay666 also wants the timer to be on.
|
|t:|1667454218
|start
|switch|p1a: Paint Doggo|Smeargle, M|100/100
|switch|p2a: Mewtwo|Mewtwo|100/100
|-ability|p2a: Mewtwo|Pressure
|turn|1
|
|t:|1667454226
|move|p2a: Mewtwo|Taunt|p1a: Paint Doggo
|-start|p1a: Paint Doggo|move: Taunt
|cant|p1a: Paint Doggo|move: Taunt|Spore
|
|-ability|p1a: Paint Doggo|Moody|boost
|-boost|p1a: Paint Doggo|spa|2
|-unboost|p1a: Paint Doggo|atk|1
|upkeep
|turn|2
|
|t:|1667454234
|switch|p1a: Sword Doggo|Zacian-Crowned|100/100
|-ability|p1a: Sword Doggo|Intrepid Sword|boost
|-boost|p1a: Sword Doggo|atk|1
|move|p2a: Mewtwo|Ice Beam|p1a: Sword Doggo
|-resisted|p1a: Sword Doggo
|-damage|p1a: Sword Doggo|87/100
|
|upkeep
|turn|3
|
|t:|1667454239
|switch|p2a: Groudon|Groudon|100/100
|detailschange|p2a: Groudon|Groudon-Primal
|-primal|p2a: Groudon
|-weather|DesolateLand|[from] ability: Desolate Land|[of] p2a: Groudon
|move|p1a: Sword Doggo|Substitute|p1a: Sword Doggo
|-start|p1a: Sword Doggo|Substitute
|-damage|p1a: Sword Doggo|62/100
|
|-weather|DesolateLand|[upkeep]
|upkeep
|turn|4
|
|t:|1667454243
|move|p1a: Sword Doggo|Close Combat|p2a: Groudon
|-damage|p2a: Groudon|47/100
|-unboost|p1a: Sword Doggo|def|1
|-unboost|p1a: Sword Doggo|spd|1
|move|p2a: Groudon|Heat Crash|p1a: Sword Doggo
|-supereffective|p1a: Sword Doggo
|-end|p1a: Sword Doggo|Substitute
|
|-weather|DesolateLand|[upkeep]
|upkeep
|turn|5
|
|t:|1667454249
|move|p1a: Sword Doggo|Close Combat|p2a: Groudon
|-damage|p2a: Groudon|0 fnt
|-unboost|p1a: Sword Doggo|def|1
|-unboost|p1a: Sword Doggo|spd|1
|faint|p2a: Groudon
|-weather|none
|
|upkeep
|
|t:|1667454251
|switch|p2a: Ditto|Ditto, shiny|100/100
|-transform|p2a: Ditto|p1a: Sword Doggo|[from] ability: Imposter
|-ability|p2a: Ditto|Intrepid Sword|boost
|-boost|p2a: Ditto|atk|1
|turn|6
|
|t:|1667454256
|move|p2a: Ditto|Close Combat|p1a: Sword Doggo
|-damage|p1a: Sword Doggo|0 fnt
|-unboost|p2a: Ditto|def|1
|-unboost|p2a: Ditto|spd|1
|faint|p1a: Sword Doggo
|
|upkeep
|
|t:|1667454259
|switch|p1a: Paint Doggo|Smeargle, M|100/100
|turn|7
|
|t:|1667454266
|switch|p2a: Arceus|Arceus-Fairy|100/100
|move|p1a: Paint Doggo|Spore|p2a: Arceus
|-status|p2a: Arceus|slp|[from] move: Spore
|
|-ability|p1a: Paint Doggo|Moody|boost
|-boost|p1a: Paint Doggo|spe|2
|-unboost|p1a: Paint Doggo|spd|1
|upkeep
|turn|8
|
|t:|1667454271
|move|p1a: Paint Doggo|Substitute|p1a: Paint Doggo
|-start|p1a: Paint Doggo|Substitute
|-damage|p1a: Paint Doggo|76/100
|cant|p2a: Arceus|slp
|
|-ability|p1a: Paint Doggo|Moody|boost
|-boost|p1a: Paint Doggo|spa|2
|-unboost|p1a: Paint Doggo|spd|1
|upkeep
|turn|9
|
|t:|1667454275
|move|p1a: Paint Doggo|Sticky Web|p2a: Arceus
|-sidestart|p2: Defensive0|move: Sticky Web
|cant|p2a: Arceus|slp
|
|-ability|p1a: Paint Doggo|Moody|boost
|-boost|p1a: Paint Doggo|spe|2
|-unboost|p1a: Paint Doggo|atk|1
|upkeep
|turn|10
|
|t:|1667454283
|move|p1a: Paint Doggo|Baton Pass|p1a: Paint Doggo
|
|t:|1667454285
|switch|p1a: Bacon Birb|Yveltal|100/100|[from]move: Baton Pass
|-ability|p1a: Bacon Birb|Dark Aura
|cant|p2a: Arceus|slp
|
|upkeep
|turn|11
|j| rahull
|
|t:|1667454293
|-end|p1a: Bacon Birb|Substitute
|-start|p1a: Bacon Birb|Dynamax|
|-heal|p1a: Bacon Birb|100/100|[silent]
|move|p1a: Bacon Birb|Max Airstream|p2a: Arceus
|-damage|p2a: Arceus|5/100 slp
|-boost|p1a: Bacon Birb|spe|1
|-damage|p1a: Bacon Birb|96/100|[from] item: Life Orb
|-curestatus|p2a: Arceus|slp|[msg]
|move|p2a: Arceus|Judgment|p1a: Bacon Birb
|-supereffective|p1a: Bacon Birb
|-damage|p1a: Bacon Birb|18/100
|
|upkeep
|turn|12
|
|t:|1667454304
|move|p1a: Bacon Birb|Max Airstream|p2a: Arceus
|-damage|p2a: Arceus|0 fnt
|-boost|p1a: Bacon Birb|spe|1
|faint|p2a: Arceus
|-damage|p1a: Bacon Birb|13/100|[from] item: Life Orb
|
|upkeep
|
|t:|1667454306
|switch|p2a: Ditto|Ditto, shiny|100/100
|-activate|p2a: Ditto|move: Sticky Web
|-unboost|p2a: Ditto|spe|1
|-transform|p2a: Ditto|p1a: Bacon Birb|[from] ability: Imposter
|-ability|p2a: Ditto|Dark Aura
|turn|13
|
|t:|1667454311
|move|p2a: Ditto|Oblivion Wing|p1a: Bacon Birb
|-damage|p1a: Bacon Birb|0 fnt
|faint|p1a: Bacon Birb
|
|upkeep
|
|t:|1667454319
|switch|p1a: Volcano|Groudon|100/100
|detailschange|p1a: Volcano|Groudon-Primal
|-primal|p1a: Volcano
|-weather|DesolateLand|[from] ability: Desolate Land|[of] p1a: Volcano
|turn|14
|
|t:|1667454325
|-start|p2a: Ditto|Dynamax|
|-heal|p2a: Ditto|100/100|[silent]
|move|p2a: Ditto|Max Darkness|p1a: Volcano
|-damage|p1a: Volcano|0 fnt
|faint|p1a: Volcano
|-weather|none
|
|upkeep
|c|☆JiayouOligay666|this may or may not have been an oversight
|l| rahull
|-message|JiayouOligay666 forfeited.
|
|win|Defensive0
|raw|JiayouOligay666's rating: 1708 &rarr; <strong>1699</strong><br />(-9 for losing)
|raw|Defensive0's rating: 1915 &rarr; <strong>1924</strong><br />(+9 for winning)
|l|☆JiayouOligay666
