|j|☆Celestia74
|j|☆Snake of the Moon
|t:|1662057399
|gametype|singles
|player|p1|Celestia74|skyla|1718
|player|p2|Snake of the Moon|lance-masters|1995
|teamsize|p1|6
|teamsize|p2|6
|gen|8
|tier|[Gen 8] National Dex AG
|rated|
|rule|HP Percentage Mod: HP is shown in percentages
|rule|Endless Battle Clause: Forcing endless battles is banned
|clearpoke
|poke|p1|Swampert, M|
|poke|p1|Groudon|
|poke|p1|Zacian-*|
|poke|p1|Calyrex-Shadow|
|poke|p1|Yveltal|
|poke|p1|Arceus-*|
|poke|p2|Ho-Oh|
|poke|p2|Necrozma-Dusk-Mane|
|poke|p2|Chansey, F|
|poke|p2|Zygarde|
|poke|p2|Lugia|
|poke|p2|Arceus-*|
|teampreview
|inactive|Battle timer is ON: inactive players will automatically lose when time's up. (requested by Snake of the Moon)
|inactive|Celestia74 also wants the timer to be on.
|
|t:|1662057416
|start
|switch|p1a: Zanza the Divine|Zacian-Crowned, shiny|100/100
|switch|p2a: Zygarde|Zygarde|100/100
|-ability|p1a: Zanza the Divine|Intrepid Sword|boost
|-boost|p1a: Zanza the Divine|atk|1
|turn|1
|
|t:|1662057427
|switch|p2a: Necrozma|Necrozma-Dusk-Mane|100/100
|move|p1a: Zanza the Divine|Swords Dance|p1a: Zanza the Divine
|-boost|p1a: Zanza the Divine|atk|2
|
|upkeep
|turn|2
|
|t:|1662057431
|switch|p1a: Groudon|Groudon|100/100
|detailschange|p1a: Groudon|Groudon-Primal
|-primal|p1a: Groudon
|-weather|DesolateLand|[from] ability: Desolate Land|[of] p1a: Groudon
|-start|p2a: Necrozma|Dynamax|
|-heal|p2a: Necrozma|100/100|[silent]
|move|p2a: Necrozma|Max Steelspike|p1a: Groudon
|-resisted|p1a: Groudon
|-damage|p1a: Groudon|80/100
|-boost|p2a: Necrozma|def|1
|
|-weather|DesolateLand|[upkeep]
|upkeep
|turn|3
|
|t:|1662057443
|-end|p2a: Necrozma|Dynamax
|-heal|p2a: Necrozma|100/100|[silent]
|switch|p2a: Zygarde|Zygarde|100/100
|move|p1a: Groudon|Lava Plume|p2a: Zygarde
|-resisted|p2a: Zygarde
|-damage|p2a: Zygarde|73/100
|-status|p2a: Zygarde|brn
|
|-weather|DesolateLand|[upkeep]
|-heal|p2a: Zygarde|79/100 brn|[from] item: Leftovers
|-damage|p2a: Zygarde|73/100 brn|[from] brn
|upkeep
|turn|4
|
|t:|1662057454
|move|p1a: Groudon|Hidden Power|p2a: Zygarde
|-supereffective|p2a: Zygarde
|-damage|p2a: Zygarde|0 fnt
|faint|p2a: Zygarde
|
|-weather|DesolateLand|[upkeep]
|upkeep
|
|t:|1662057461
|switch|p2a: Lugia|Lugia|100/100
|turn|5
|
|t:|1662057466
|move|p1a: Groudon|Lava Plume|p2a: Lugia
|-damage|p2a: Lugia|82/100
|-status|p2a: Lugia|brn
|move|p2a: Lugia|Toxic|p1a: Groudon
|-status|p1a: Groudon|tox
|
|-weather|DesolateLand|[upkeep]
|-damage|p1a: Groudon|74/100 tox|[from] psn
|-damage|p2a: Lugia|76/100 brn|[from] brn
|upkeep
|turn|6
|
|t:|1662057473
|-weather|none
|switch|p1a: Zanza the Divine|Zacian-Crowned, shiny|100/100
|-ability|p1a: Zanza the Divine|Intrepid Sword|boost
|-boost|p1a: Zanza the Divine|atk|1
|move|p2a: Lugia|Substitute|p2a: Lugia
|-start|p2a: Lugia|Substitute
|-damage|p2a: Lugia|51/100 brn
|
|-damage|p2a: Lugia|44/100 brn|[from] brn
|upkeep
|turn|7
|
|t:|1662057481
|move|p1a: Zanza the Divine|Behemoth Blade|p2a: Lugia
|-end|p2a: Lugia|Substitute
|move|p2a: Lugia|Recover|p2a: Lugia
|-heal|p2a: Lugia|94/100 brn
|
|-damage|p2a: Lugia|88/100 brn|[from] brn
|upkeep
|turn|8
|
|t:|1662057488
|switch|p2a: Necrozma|Necrozma-Dusk-Mane|100/100
|move|p1a: Zanza the Divine|Swords Dance|p1a: Zanza the Divine
|-boost|p1a: Zanza the Divine|atk|2
|
|upkeep
|turn|9
|
|t:|1662057492
|move|p1a: Zanza the Divine|Wild Charge|p2a: Necrozma
|-damage|p2a: Necrozma|61/100
|-damage|p1a: Zanza the Divine|84/100|[from] item: Rocky Helmet|[of] p2a: Necrozma
|-damage|p1a: Zanza the Divine|74/100|[from] Recoil
|move|p2a: Necrozma|Sunsteel Strike|p1a: Zanza the Divine
|-damage|p1a: Zanza the Divine|35/100
|
|upkeep
|turn|10
|
|t:|1662057502
|switch|p1a: Arceus|Arceus-Water|100/100
|move|p2a: Necrozma|Stealth Rock|p1a: Arceus
|-sidestart|p1: Celestia74|move: Stealth Rock
|
|upkeep
|turn|11
|
|t:|1662057507
|move|p1a: Arceus|Earthquake|p2a: Necrozma
|-supereffective|p2a: Necrozma
|-damage|p2a: Necrozma|39/100
|move|p2a: Necrozma|Morning Sun|p2a: Necrozma
|-heal|p2a: Necrozma|89/100
|
|upkeep
|turn|12
|
|t:|1662057514
|switch|p2a: Chansey|Chansey, F|100/100
|move|p1a: Arceus|Defog|p2a: Chansey
|-unboost|p2a: Chansey|evasion|1
|-sideend|p1: Celestia74|Stealth Rock|[from] move: Defog|[of] p1a: Arceus
|
|upkeep
|turn|13
|
|t:|1662057520
|-zpower|p1a: Arceus
|move|p1a: Arceus|Hydro Vortex|p2a: Chansey|[zeffect]
|-damage|p2a: Chansey|42/100
|move|p2a: Chansey|Aromatherapy|p2a: Chansey
|-activate|p2a: Chansey|move: Aromatherapy
|-curestatus|p2: Lugia|brn|[msg]
|
|upkeep
|turn|14
|
|t:|1662057526
|move|p1a: Arceus|Liquidation|p2a: Chansey
|-damage|p2a: Chansey|14/100
|move|p2a: Chansey|Soft-Boiled|p2a: Chansey
|-heal|p2a: Chansey|64/100
|
|upkeep
|turn|15
|
|t:|1662057531
|move|p1a: Arceus|Liquidation|p2a: Chansey
|-damage|p2a: Chansey|32/100
|move|p2a: Chansey|Soft-Boiled|p2a: Chansey
|-heal|p2a: Chansey|82/100
|
|upkeep
|turn|16
|
|t:|1662057538
|switch|p2a: Lugia|Lugia|88/100
|move|p1a: Arceus|Liquidation|p2a: Lugia
|-damage|p2a: Lugia|71/100
|
|upkeep
|turn|17
|
|t:|1662057545
|switch|p1a: Zanza the Divine|Zacian-Crowned, shiny|35/100
|-ability|p1a: Zanza the Divine|Intrepid Sword|boost
|-boost|p1a: Zanza the Divine|atk|1
|move|p2a: Lugia|Substitute|p2a: Lugia
|-start|p2a: Lugia|Substitute
|-damage|p2a: Lugia|46/100
|
|upkeep
|turn|18
|
|t:|1662057550
|move|p1a: Zanza the Divine|Behemoth Blade|p2a: Lugia
|-end|p2a: Lugia|Substitute
|move|p2a: Lugia|Recover|p2a: Lugia
|-heal|p2a: Lugia|96/100
|
|upkeep
|turn|19
|
|t:|1662057557
|switch|p1a: Calyrex|Calyrex-Shadow|100/100
|-ability|p1a: Calyrex|As One
|-ability|p1a: Calyrex|Unnerve
|move|p2a: Lugia|Recover|p2a: Lugia
|-heal|p2a: Lugia|100/100
|
|upkeep
|turn|20
|
|t:|1662057565
|switch|p2a: Arceus|Arceus-Dark|100/100
|move|p1a: Calyrex|Taunt|p2a: Arceus
|-start|p2a: Arceus|move: Taunt
|
|upkeep
|turn|21
|
|t:|1662057571
|switch|p1a: Zanza the Divine|Zacian-Crowned, shiny|35/100
|-ability|p1a: Zanza the Divine|Intrepid Sword|boost
|-boost|p1a: Zanza the Divine|atk|1
|move|p2a: Arceus|Snarl|p1a: Zanza the Divine
|-resisted|p1a: Zanza the Divine
|-damage|p1a: Zanza the Divine|24/100
|-unboost|p1a: Zanza the Divine|spa|1
|
|upkeep
|turn|22
|
|t:|1662057577
|switch|p2a: Necrozma|Necrozma-Dusk-Mane|89/100
|move|p1a: Zanza the Divine|Play Rough|p2a: Necrozma
|-resisted|p2a: Necrozma
|-damage|p2a: Necrozma|71/100
|-damage|p1a: Zanza the Divine|7/100|[from] item: Rocky Helmet|[of] p2a: Necrozma
|
|upkeep
|turn|23
|
|t:|1662057581
|move|p1a: Zanza the Divine|Wild Charge|p2a: Necrozma
|-damage|p2a: Necrozma|46/100
|-damage|p1a: Zanza the Divine|0 fnt|[from] item: Rocky Helmet|[of] p2a: Necrozma
|faint|p1a: Zanza the Divine
|move|p2a: Necrozma|Stealth Rock|p1: Zanza the Divine
|-sidestart|p1: Celestia74|move: Stealth Rock
|
|upkeep
|
|t:|1662057588
|switch|p1a: Yveltal|Yveltal, shiny|100/100
|-damage|p1a: Yveltal|76/100|[from] Stealth Rock
|-ability|p1a: Yveltal|Dark Aura
|turn|24
|
|t:|1662057593
|switch|p2a: Arceus|Arceus-Dark|100/100
|-start|p1a: Yveltal|Dynamax|
|-heal|p1a: Yveltal|76/100|[silent]
|move|p1a: Yveltal|Max Darkness|p2a: Arceus
|-resisted|p2a: Arceus
|-damage|p2a: Arceus|81/100
|-unboost|p2a: Arceus|spd|1
|
|upkeep
|turn|25
|
|t:|1662057598
|switch|p2a: Chansey|Chansey, F|82/100
|move|p1a: Yveltal|Max Airstream|p2a: Chansey
|-damage|p2a: Chansey|66/100
|-boost|p1a: Yveltal|spe|1
|
|upkeep
|turn|26
|
|t:|1662057605
|-end|p1a: Yveltal|Dynamax
|-heal|p1a: Yveltal|76/100|[silent]
|switch|p1a: Arceus|Arceus-Water|100/100
|-damage|p1a: Arceus|88/100|[from] Stealth Rock
|move|p2a: Chansey|Soft-Boiled|p2a: Chansey
|-heal|p2a: Chansey|100/100
|
|upkeep
|turn|27
|
|t:|1662057615
|switch|p2a: Necrozma|Necrozma-Dusk-Mane|46/100
|move|p1a: Arceus|Earthquake|p2a: Necrozma
|-supereffective|p2a: Necrozma
|-damage|p2a: Necrozma|22/100
|
|upkeep
|turn|28
|
|t:|1662057621
|switch|p2a: Lugia|Lugia|100/100
|move|p1a: Arceus|Earthquake|p2a: Lugia
|-immune|p2a: Lugia
|
|upkeep
|turn|29
|
|t:|1662057623
|move|p1a: Arceus|Defog|p2a: Lugia
|-unboost|p2a: Lugia|evasion|1
|-sideend|p1: Celestia74|Stealth Rock|[from] move: Defog|[of] p1a: Arceus
|move|p2a: Lugia|Toxic|p1a: Arceus
|-status|p1a: Arceus|tox
|
|-damage|p1a: Arceus|82/100 tox|[from] psn
|upkeep
|turn|30
|
|t:|1662057630
|move|p1a: Arceus|Liquidation|p2a: Lugia
|-damage|p2a: Lugia|92/100
|move|p2a: Lugia|Substitute|p2a: Lugia
|-start|p2a: Lugia|Substitute
|-damage|p2a: Lugia|67/100
|
|-damage|p1a: Arceus|69/100 tox|[from] psn
|upkeep
|turn|31
|
|t:|1662057635
|move|p1a: Arceus|Liquidation|p2a: Lugia
|-activate|p2a: Lugia|move: Substitute|[damage]
|move|p2a: Lugia|Recover|p2a: Lugia
|-heal|p2a: Lugia|100/100
|
|-damage|p1a: Arceus|51/100 tox|[from] psn
|upkeep
|turn|32
|
|t:|1662057644
|move|p1a: Arceus|Liquidation|p2a: Lugia
|-end|p2a: Lugia|Substitute
|move|p2a: Lugia|Toxic|p1a: Arceus
|-fail|p1a: Arceus|tox
|
|-damage|p1a: Arceus|26/100 tox|[from] psn
|upkeep
|turn|33
|
|t:|1662057649
|move|p1a: Arceus|Recover|p1a: Arceus
|-heal|p1a: Arceus|76/100 tox
|move|p2a: Lugia|Substitute|p2a: Lugia
|-start|p2a: Lugia|Substitute
|-damage|p2a: Lugia|75/100
|
|-damage|p1a: Arceus|45/100 tox|[from] psn
|upkeep
|turn|34
|
|t:|1662057656
|switch|p1a: Groudon|Groudon-Primal|74/100 tox
|-weather|DesolateLand|[from] ability: Desolate Land|[of] p1a: Groudon
|move|p2a: Lugia|Recover|p2a: Lugia
|-heal|p2a: Lugia|100/100
|
|-weather|DesolateLand|[upkeep]
|-damage|p1a: Groudon|68/100 tox|[from] psn
|upkeep
|turn|35
|
|t:|1662057666
|-weather|none
|switch|p1a: Arceus|Arceus-Water|45/100 tox
|move|p2a: Lugia|Toxic|p1a: Arceus
|-fail|p1a: Arceus|tox
|
|-damage|p1a: Arceus|38/100 tox|[from] psn
|upkeep
|turn|36
|
|t:|1662057675
|switch|p2a: Arceus|Arceus-Dark|81/100
|move|p1a: Arceus|Recover|p1a: Arceus
|-heal|p1a: Arceus|89/100 tox
|
|-damage|p1a: Arceus|76/100 tox|[from] psn
|upkeep
|turn|37
|
|t:|1662057680
|move|p1a: Arceus|Liquidation|p2a: Arceus
|-damage|p2a: Arceus|57/100
|move|p2a: Arceus|Recover|p2a: Arceus
|-heal|p2a: Arceus|100/100
|
|-damage|p1a: Arceus|57/100 tox|[from] psn
|upkeep
|turn|38
|
|t:|1662057688
|move|p1a: Arceus|Earthquake|p2a: Arceus
|-damage|p2a: Arceus|82/100
|move|p2a: Arceus|Whirlpool|p1a: Arceus
|-resisted|p1a: Arceus
|-damage|p1a: Arceus|54/100 tox
|-activate|p1a: Arceus|move: Whirlpool|[of] p2a: Arceus
|
|-damage|p1a: Arceus|29/100 tox|[from] psn
|-damage|p1a: Arceus|17/100 tox|[from] move: Whirlpool|[partiallytrapped]
|upkeep
|turn|39
|
|t:|1662057695
|move|p1a: Arceus|Recover|p1a: Arceus
|-heal|p1a: Arceus|67/100 tox
|move|p2a: Arceus|Recover|p2a: Arceus
|-heal|p2a: Arceus|100/100
|
|-damage|p1a: Arceus|36/100 tox|[from] psn
|-damage|p1a: Arceus|23/100 tox|[from] move: Whirlpool|[partiallytrapped]
|upkeep
|turn|40
|
|t:|1662057702
|move|p1a: Arceus|Liquidation|p2a: Arceus
|-damage|p2a: Arceus|75/100
|move|p2a: Arceus|Snarl|p1a: Arceus
|-damage|p1a: Arceus|4/100 tox
|-unboost|p1a: Arceus|spa|1
|
|-damage|p1a: Arceus|0 fnt|[from] psn
|faint|p1a: Arceus
|upkeep
|
|t:|1662057713
|switch|p1a: Sniper|Swampert, M|100/100
|turn|41
|
|t:|1662057717
|switch|p2a: Lugia|Lugia|100/100
|move|p1a: Sniper|Liquidation|p2a: Lugia
|-damage|p2a: Lugia|90/100
|-unboost|p2a: Lugia|def|1
|
|upkeep
|turn|42
|
|t:|1662057722
|move|p2a: Lugia|Toxic|p1a: Sniper|[miss]
|-miss|p2a: Lugia|p1a: Sniper
|move|p1a: Sniper|Stone Edge|p2a: Lugia
|-supereffective|p2a: Lugia
|-damage|p2a: Lugia|37/100
|
|upkeep
|turn|43
|
|t:|1662057734
|switch|p2a: Chansey|Chansey, F|100/100
|move|p1a: Sniper|Stone Edge|p2a: Chansey
|-damage|p2a: Chansey|77/100
|
|upkeep
|turn|44
|
|t:|1662057743
|switch|p2a: Necrozma|Necrozma-Dusk-Mane|22/100
|move|p1a: Sniper|Earthquake|p2a: Necrozma
|-supereffective|p2a: Necrozma
|-damage|p2a: Necrozma|0 fnt
|faint|p2a: Necrozma
|
|upkeep
|
|t:|1662057748
|switch|p2a: Lugia|Lugia|37/100
|turn|45
|
|t:|1662057755
|move|p2a: Lugia|Recover|p2a: Lugia
|-heal|p2a: Lugia|87/100
|move|p1a: Sniper|Stone Edge|p2a: Lugia
|-supereffective|p2a: Lugia
|-damage|p2a: Lugia|53/100
|
|upkeep
|turn|46
|
|t:|1662057761
|move|p2a: Lugia|Toxic|p1a: Sniper|[miss]
|-miss|p2a: Lugia|p1a: Sniper
|move|p1a: Sniper|Liquidation|p2a: Lugia
|-damage|p2a: Lugia|34/100
|
|upkeep
|turn|47
|
|t:|1662057767
|move|p2a: Lugia|Substitute|p2a: Lugia
|-start|p2a: Lugia|Substitute
|-damage|p2a: Lugia|9/100
|move|p1a: Sniper|Stone Edge|p2a: Lugia
|-supereffective|p2a: Lugia
|-end|p2a: Lugia|Substitute
|
|upkeep
|turn|48
|
|t:|1662057771
|move|p2a: Lugia|Recover|p2a: Lugia
|-heal|p2a: Lugia|59/100
|move|p1a: Sniper|Liquidation|p2a: Lugia
|-damage|p2a: Lugia|36/100
|
|upkeep
|turn|49
|
|t:|1662057774
|move|p2a: Lugia|Recover|p2a: Lugia
|-heal|p2a: Lugia|86/100
|move|p1a: Sniper|Liquidation|p2a: Lugia
|-damage|p2a: Lugia|63/100
|
|upkeep
|turn|50
|
|t:|1662057780
|move|p2a: Lugia|Substitute|p2a: Lugia
|-start|p2a: Lugia|Substitute
|-damage|p2a: Lugia|38/100
|move|p1a: Sniper|Liquidation|p2a: Lugia
|-activate|p2a: Lugia|move: Substitute|[damage]
|
|upkeep
|turn|51
|
|t:|1662057786
|move|p2a: Lugia|Toxic|p1a: Sniper
|-status|p1a: Sniper|tox
|move|p1a: Sniper|Liquidation|p2a: Lugia
|-end|p2a: Lugia|Substitute
|
|-damage|p1a: Sniper|94/100 tox|[from] psn
|upkeep
|turn|52
|
|t:|1662057794
|move|p2a: Lugia|Recover|p2a: Lugia
|-heal|p2a: Lugia|88/100
|move|p1a: Sniper|Liquidation|p2a: Lugia
|-damage|p2a: Lugia|68/100
|
|-damage|p1a: Sniper|82/100 tox|[from] psn
|upkeep
|turn|53
|
|t:|1662057801
|switch|p1a: Groudon|Groudon-Primal|68/100 tox
|-weather|DesolateLand|[from] ability: Desolate Land|[of] p1a: Groudon
|move|p2a: Lugia|Substitute|p2a: Lugia
|-start|p2a: Lugia|Substitute
|-damage|p2a: Lugia|43/100
|
|-weather|DesolateLand|[upkeep]
|-damage|p1a: Groudon|62/100 tox|[from] psn
|upkeep
|turn|54
|
|t:|1662057809
|move|p1a: Groudon|Lava Plume|p2a: Lugia
|-end|p2a: Lugia|Substitute
|move|p2a: Lugia|Recover|p2a: Lugia
|-heal|p2a: Lugia|93/100
|
|-weather|DesolateLand|[upkeep]
|-damage|p1a: Groudon|49/100 tox|[from] psn
|upkeep
|turn|55
|
|t:|1662057816
|switch|p2a: Ho-Oh|Ho-Oh|100/100
|move|p1a: Groudon|Stone Edge|p2a: Ho-Oh
|-supereffective|p2a: Ho-Oh
|-damage|p2a: Ho-Oh|13/100
|
|-weather|DesolateLand|[upkeep]
|-damage|p1a: Groudon|31/100 tox|[from] psn
|upkeep
|turn|56
|
|t:|1662057834
|switch|p2a: Lugia|Lugia|93/100
|move|p1a: Groudon|Lava Plume|p2a: Lugia
|-damage|p2a: Lugia|53/100
|-status|p2a: Lugia|brn
|
|-weather|DesolateLand|[upkeep]
|-damage|p1a: Groudon|6/100 tox|[from] psn
|-damage|p2a: Lugia|47/100 brn|[from] brn
|upkeep
|turn|57
|
|t:|1662057843
|move|p1a: Groudon|Earth Power|p2a: Lugia
|-immune|p2a: Lugia
|move|p2a: Lugia|Recover|p2a: Lugia
|-heal|p2a: Lugia|97/100 brn
|
|-weather|DesolateLand|[upkeep]
|-damage|p1a: Groudon|0 fnt|[from] psn
|faint|p1a: Groudon
|-weather|none
|-damage|p2a: Lugia|91/100 brn|[from] brn
|upkeep
|c|☆Celestia74|that misclick just cost me the game
|-message|Celestia74 forfeited.
|
|win|Snake of the Moon
|raw|Celestia74's rating: 1718 &rarr; <strong>1711</strong><br />(-7 for losing)
|raw|Snake of the Moon's rating: 1995 &rarr; <strong>2002</strong><br />(+7 for winning)
|l|☆Celestia74
