|j|☆Alice_Finnemore
|j|☆CLEAR GEM清瑜
|t:|1661094126
|gametype|singles
|player|p1|Alice_Finnemore|cynthia-masters|1887
|player|p2|CLEAR GEM清瑜|skierf|1888
|teamsize|p1|6
|teamsize|p2|6
|gen|8
|tier|[Gen 8] National Dex AG
|rated|
|rule|HP Percentage Mod: HP is shown in percentages
|rule|Endless Battle Clause: Forcing endless battles is banned
|clearpoke
|poke|p1|Diancie|
|poke|p1|Ho-Oh|
|poke|p1|Giratina-Origin|
|poke|p1|Yveltal|
|poke|p1|Groudon|
|poke|p1|Arceus-*|
|poke|p2|Rayquaza|
|poke|p2|Groudon|
|poke|p2|Necrozma-Dusk-Mane|
|poke|p2|Arceus-*|
|poke|p2|Arceus-*|
|poke|p2|Arceus-*|
|teampreview
|inactive|Battle timer is ON: inactive players will automatically lose when time's up. (requested by CLEAR GEM清瑜)
|
|t:|1661094133
|start
|switch|p1a: Diancie|Diancie|100/100
|switch|p2a: 不会(?)|Groudon|100/100
|detailschange|p2a: 不会(?)|Groudon-Primal
|-primal|p2a: 不会(?)
|-weather|DesolateLand|[from] ability: Desolate Land|[of] p2a: 不会(?)
|turn|1
|
|t:|1661094136
|detailschange|p1a: Diancie|Diancie-Mega
|-mega|p1a: Diancie|Diancie|Diancite
|move|p1a: Diancie|Protect|p1a: Diancie
|-singleturn|p1a: Diancie|Protect
|move|p2a: 不会(?)|Precipice Blades|p1a: Diancie
|-activate|p1a: Diancie|move: Protect
|
|-weather|DesolateLand|[upkeep]
|upkeep
|turn|2
|
|t:|1661094142
|switch|p1a: Giratina|Giratina-Origin|100/100
|move|p2a: 不会(?)|Precipice Blades|p1a: Giratina
|-immune|p1a: Giratina|[from] ability: Levitate
|
|-weather|DesolateLand|[upkeep]
|upkeep
|turn|3
|
|t:|1661094145
|move|p1a: Giratina|Toxic|p2a: 不会(?)
|-status|p2a: 不会(?)|tox
|move|p2a: 不会(?)|Stealth Rock|p1a: Giratina
|-sidestart|p1: Alice_Finnemore|move: Stealth Rock
|
|-weather|DesolateLand|[upkeep]
|-damage|p2a: 不会(?)|94/100 tox|[from] psn
|upkeep
|turn|4
|
|t:|1661094156
|-weather|none
|switch|p2a: 究极辅助|Arceus-Dark|100/100
|move|p1a: Giratina|Defog|p2a: 究极辅助
|-unboost|p2a: 究极辅助|evasion|1
|-sideend|p1: Alice_Finnemore|Stealth Rock|[from] move: Defog|[of] p1a: Giratina
|
|upkeep
|turn|5
|
|t:|1661094160
|switch|p1a: Diancie|Diancie-Mega|100/100
|move|p2a: 究极辅助|Magic Coat|p2a: 究极辅助
|-singleturn|p2a: 究极辅助|move: Magic Coat
|
|upkeep
|turn|6
|
|t:|1661094164
|move|p2a: 究极辅助|Magic Coat|p2a: 究极辅助
|-singleturn|p2a: 究极辅助|move: Magic Coat
|move|p1a: Diancie|Moonblast|p2a: 究极辅助
|-supereffective|p2a: 究极辅助
|-damage|p2a: 究极辅助|18/100
|
|upkeep
|turn|7
|
|t:|1661094168
|switch|p2a: 不会(?)|Groudon-Primal|94/100 tox
|-weather|DesolateLand|[from] ability: Desolate Land|[of] p2a: 不会(?)
|move|p1a: Diancie|Earth Power|p2a: 不会(?)
|-supereffective|p2a: 不会(?)
|-damage|p2a: 不会(?)|28/100 tox
|
|-weather|DesolateLand|[upkeep]
|-damage|p2a: 不会(?)|22/100 tox|[from] psn
|upkeep
|turn|8
|
|t:|1661094171
|move|p1a: Diancie|Earth Power|p2a: 不会(?)
|-supereffective|p2a: 不会(?)
|-damage|p2a: 不会(?)|0 fnt
|faint|p2a: 不会(?)
|-weather|none
|
|upkeep
|
|t:|1661094177
|switch|p2a: 烈龙无敌|Rayquaza, shiny|100/100
|-ability|p2a: 烈龙无敌|Air Lock
|turn|9
|
|t:|1661094182
|switch|p1a: Giratina|Giratina-Origin|100/100
|detailschange|p2a: 烈龙无敌|Rayquaza-Mega, shiny
|-mega|p2a: 烈龙无敌|Rayquaza|
|-weather|DeltaStream|[from] ability: Delta Stream|[of] p2a: 烈龙无敌
|move|p2a: 烈龙无敌|Dragon Dance|p2a: 烈龙无敌
|-boost|p2a: 烈龙无敌|atk|1
|-boost|p2a: 烈龙无敌|spe|1
|
|-weather|DeltaStream|[upkeep]
|upkeep
|turn|10
|
|t:|1661094184
|move|p2a: 烈龙无敌|Dragon Ascent|p1a: Giratina
|-damage|p1a: Giratina|12/100
|-unboost|p2a: 烈龙无敌|def|1
|-unboost|p2a: 烈龙无敌|spd|1
|move|p1a: Giratina|Will-O-Wisp|p2a: 烈龙无敌
|-status|p2a: 烈龙无敌|brn
|
|-weather|DeltaStream|[upkeep]
|-damage|p2a: 烈龙无敌|94/100 brn|[from] brn
|upkeep
|turn|11
|
|t:|1661094187
|move|p1a: Giratina|Shadow Sneak|p2a: 烈龙无敌
|-damage|p2a: 烈龙无敌|65/100 brn
|move|p2a: 烈龙无敌|Dragon Ascent|p1a: Giratina
|-damage|p1a: Giratina|0 fnt
|-unboost|p2a: 烈龙无敌|def|1
|-unboost|p2a: 烈龙无敌|spd|1
|faint|p1a: Giratina
|
|-weather|DeltaStream|[upkeep]
|-damage|p2a: 烈龙无敌|59/100 brn|[from] brn
|upkeep
|
|t:|1661094190
|switch|p1a: Arceus|Arceus-Ice|100/100
|turn|12
|
|t:|1661094192
|move|p2a: 烈龙无敌|Dragon Ascent|p1a: Arceus
|-damage|p1a: Arceus|48/100
|-unboost|p2a: 烈龙无敌|def|1
|-unboost|p2a: 烈龙无敌|spd|1
|move|p1a: Arceus|Judgment|p2a: 烈龙无敌
|-activate||deltastream
|-supereffective|p2a: 烈龙无敌
|-damage|p2a: 烈龙无敌|0 fnt
|faint|p2a: 烈龙无敌
|-weather|none
|
|upkeep
|
|t:|1661094203
|switch|p2a: 钢铁之躯|Necrozma-Dusk-Mane|100/100
|turn|13
|
|t:|1661094206
|switch|p1a: Yveltal|Yveltal|100/100
|-ability|p1a: Yveltal|Dark Aura
|move|p2a: 钢铁之躯|Dragon Dance|p2a: 钢铁之躯
|-boost|p2a: 钢铁之躯|atk|1
|-boost|p2a: 钢铁之躯|spe|1
|
|upkeep
|turn|14
|
|t:|1661094210
|detailschange|p2a: 钢铁之躯|Necrozma-Ultra
|-burst|p2a: 钢铁之躯|Necrozma|Ultranecrozium Z
|move|p1a: Yveltal|Sucker Punch|p2a: 钢铁之躯
|-supereffective|p2a: 钢铁之躯
|-damage|p2a: 钢铁之躯|17/100
|move|p2a: 钢铁之躯|Stone Edge|p1a: Yveltal
|-supereffective|p1a: Yveltal
|-damage|p1a: Yveltal|0 fnt
|faint|p1a: Yveltal
|
|upkeep
|
|t:|1661094222
|switch|p1a: Groudon|Groudon|100/100
|detailschange|p1a: Groudon|Groudon-Primal
|-primal|p1a: Groudon
|-weather|DesolateLand|[from] ability: Desolate Land|[of] p1a: Groudon
|turn|15
|
|t:|1661094230
|move|p2a: 钢铁之躯|Earthquake|p1a: Groudon
|-supereffective|p1a: Groudon
|-damage|p1a: Groudon|0 fnt
|faint|p1a: Groudon
|-weather|none
|
|upkeep
|
|t:|1661094240
|switch|p1a: Arceus|Arceus-Ice|48/100
|turn|16
|
|t:|1661094242
|move|p2a: 钢铁之躯|Photon Geyser|p1a: Arceus
|-damage|p1a: Arceus|0 fnt
|faint|p1a: Arceus
|
|upkeep
|
|t:|1661094244
|switch|p1a: Ho-Oh|Ho-Oh|100/100
|turn|17
|
|t:|1661094249
|-start|p1a: Ho-Oh|Dynamax|
|-heal|p1a: Ho-Oh|100/100|[silent]
|-zpower|p2a: 钢铁之躯
|move|p2a: 钢铁之躯|Light That Burns the Sky|p1a: Ho-Oh|[zeffect]
|-crit|p1a: Ho-Oh
|-damage|p1a: Ho-Oh|0 fnt
|faint|p1a: Ho-Oh
|
|upkeep
|
|t:|1661094250
|switch|p1a: Diancie|Diancie-Mega|100/100
|turn|18
|
|t:|1661094256
|move|p2a: 钢铁之躯|Earthquake|p1a: Diancie
|-supereffective|p1a: Diancie
|-damage|p1a: Diancie|0 fnt
|faint|p1a: Diancie
|
|win|CLEAR GEM清瑜
|raw|Alice_Finnemore's rating: 1887 &rarr; <strong>1867</strong><br />(-20 for losing)
|raw|CLEAR GEM清瑜's rating: 1888 &rarr; <strong>1908</strong><br />(+20 for winning)
