|j|☆IAmJklol
|j|☆llmmllmm
|t:|1649013438
|gametype|singles
|player|p1|IAmJklol|steven|
|player|p2|llmmllmm|tuberf|
|teamsize|p1|6
|teamsize|p2|2
|gen|8
|tier|[Gen 8] National Dex AG
|rule|HP Percentage Mod: HP is shown in percentages
|rule|Endless Battle Clause: Forcing endless battles is banned
|clearpoke
|poke|p1|Zekrom|
|poke|p1|Necrozma-Dusk-Mane|
|poke|p1|Ho-Oh|
|poke|p1|Kyogre|
|poke|p1|Arceus-*|
|poke|p1|Arceus-*|
|poke|p2|Whimsicott, F|
|poke|p2|Smeargle, M|
|teampreview
|inactive|Battle timer is ON: inactive players will automatically lose when time's up. (requested by IAmJklol)
|inactive|llmmllmm also wants the timer to be on.
|c|☆IAmJklol|uh oh
|c|☆llmmllmm|uh oh
|
|t:|1649013447
|start
|switch|p1a: Ho-Oh|Ho-Oh|100/100
|switch|p2a: Whimsicott|Whimsicott, F|100/100
|turn|1
|c|☆llmmllmm|whirlwind's a thing
|
|t:|1649013453
|move|p2a: Whimsicott|Taunt|p1a: Ho-Oh
|-start|p1a: Ho-Oh|move: Taunt
|move|p1a: Ho-Oh|Sacred Fire|p2a: Whimsicott
|-supereffective|p2a: Whimsicott
|-damage|p2a: Whimsicott|24/100
|
|upkeep
|turn|2
|c|☆IAmJklol|wait holdup
|
|t:|1649013466
|move|p2a: Whimsicott|Tailwind|p2a: Whimsicott
|-sidestart|p2: llmmllmm|move: Tailwind
|move|p1a: Ho-Oh|Sacred Fire|p2a: Whimsicott
|-supereffective|p2a: Whimsicott
|-damage|p2a: Whimsicott|0 fnt
|faint|p2a: Whimsicott
|
|upkeep
|
|t:|1649013467
|switch|p2a: Smeargle|Smeargle, M, shiny|100/100
|turn|3
|
|t:|1649013471
|move|p2a: Smeargle|Spore|p1a: Ho-Oh
|-status|p1a: Ho-Oh|slp|[from] move: Spore
|cant|p1a: Ho-Oh|slp
|
|-end|p1a: Ho-Oh|move: Taunt
|-ability|p2a: Smeargle|Moody|boost
|-boost|p2a: Smeargle|spa|2
|-unboost|p2a: Smeargle|def|1
|upkeep
|turn|4
|c|☆llmmllmm|wait holup
|
|t:|1649013478
|move|p2a: Smeargle|Substitute|p2a: Smeargle
|-start|p2a: Smeargle|Substitute
|-damage|p2a: Smeargle|76/100
|cant|p1a: Ho-Oh|slp
|
|-heal|p2a: Smeargle|82/100|[from] item: Leftovers
|-ability|p2a: Smeargle|Moody|boost
|-boost|p2a: Smeargle|spe|2
|-unboost|p2a: Smeargle|spa|1
|upkeep
|turn|5
|
|t:|1649013481
|move|p2a: Smeargle|Shell Smash|p2a: Smeargle
|-unboost|p2a: Smeargle|def|1
|-unboost|p2a: Smeargle|spd|1
|-boost|p2a: Smeargle|atk|2
|-boost|p2a: Smeargle|spa|2
|-boost|p2a: Smeargle|spe|2
|-curestatus|p1a: Ho-Oh|slp|[msg]
|move|p1a: Ho-Oh|Sacred Fire|p2a: Smeargle
|-end|p2a: Smeargle|Substitute
|
|-heal|p2a: Smeargle|88/100|[from] item: Leftovers
|-sideend|p2: llmmllmm|move: Tailwind
|-ability|p2a: Smeargle|Moody|boost
|-boost|p2a: Smeargle|spd|2
|-unboost|p2a: Smeargle|atk|1
|upkeep
|turn|6
|c|☆llmmllmm|i am speedy!
|c|☆llmmllmm|nyoom
|c|☆llmmllmm|wai
|c|☆IAmJklol|uh oh
|
|t:|1649013499
|move|p2a: Smeargle|Spore|p1a: Ho-Oh
|-status|p1a: Ho-Oh|slp|[from] move: Spore
|cant|p1a: Ho-Oh|slp
|
|-heal|p2a: Smeargle|94/100|[from] item: Leftovers
|-ability|p2a: Smeargle|Moody|boost
|-boost|p2a: Smeargle|atk|2
|-unboost|p2a: Smeargle|spa|1
|upkeep
|turn|7
|c|☆llmmllmm|wait wait w
|
|t:|1649013506
|move|p2a: Smeargle|Substitute|p2a: Smeargle
|-start|p2a: Smeargle|Substitute
|-damage|p2a: Smeargle|69/100
|cant|p1a: Ho-Oh|slp
|
|-heal|p2a: Smeargle|75/100|[from] item: Leftovers
|-ability|p2a: Smeargle|Moody|boost
|-boost|p2a: Smeargle|spe|2
|-unboost|p2a: Smeargle|spd|1
|upkeep
|turn|8
|c|☆IAmJklol|no longer fine
|
|t:|1649013509
|move|p2a: Smeargle|Shell Smash|p2a: Smeargle
|-unboost|p2a: Smeargle|def|1
|-unboost|p2a: Smeargle|spd|1
|-boost|p2a: Smeargle|atk|2
|-boost|p2a: Smeargle|spa|2
|-boost|p2a: Smeargle|spe|0
|cant|p1a: Ho-Oh|slp
|
|-heal|p2a: Smeargle|81/100|[from] item: Leftovers
|-ability|p2a: Smeargle|Moody|boost
|-boost|p2a: Smeargle|atk|1
|-unboost|p2a: Smeargle|def|1
|upkeep
|turn|9
|c|☆llmmllmm|wait wait wait
|c|☆IAmJklol|NO LONGER FINE
|
|t:|1649013519
|move|p2a: Smeargle|Power Trip|p1a: Ho-Oh
|-damage|p1a: Ho-Oh|0 fnt
|faint|p1a: Ho-Oh
|
|-heal|p2a: Smeargle|87/100|[from] item: Leftovers
|-ability|p2a: Smeargle|Moody|boost
|-boost|p2a: Smeargle|spd|2
|-unboost|p2a: Smeargle|atk|1
|upkeep
|
|t:|1649013526
|switch|p1a: Necrozma|Necrozma-Dusk-Mane|100/100
|turn|10
|c|☆llmmllmm|wait wait wait
|
|t:|1649013529
|move|p2a: Smeargle|Spore|p1a: Necrozma
|-status|p1a: Necrozma|slp|[from] move: Spore
|cant|p1a: Necrozma|slp
|
|-heal|p2a: Smeargle|93/100|[from] item: Leftovers
|-ability|p2a: Smeargle|Moody|boost
|-boost|p2a: Smeargle|atk|1
|-unboost|p2a: Smeargle|spa|1
|upkeep
|turn|11
|
|t:|1649013534
|move|p2a: Smeargle|Shell Smash|p2a: Smeargle
|-unboost|p2a: Smeargle|def|1
|-unboost|p2a: Smeargle|spd|1
|-boost|p2a: Smeargle|atk|0
|-boost|p2a: Smeargle|spa|2
|-boost|p2a: Smeargle|spe|0
|cant|p1a: Necrozma|slp
|
|-heal|p2a: Smeargle|99/100|[from] item: Leftovers
|-ability|p2a: Smeargle|Moody|boost
|-boost|p2a: Smeargle|spa|1
|-unboost|p2a: Smeargle|atk|1
|upkeep
|turn|12
|
|t:|1649013537
|move|p2a: Smeargle|Power Trip|p1a: Necrozma
|-supereffective|p1a: Necrozma
|-damage|p1a: Necrozma|0 fnt
|faint|p1a: Necrozma
|
|-heal|p2a: Smeargle|100/100|[from] item: Leftovers
|-ability|p2a: Smeargle|Moody|boost
|-boost|p2a: Smeargle|def|2
|-unboost|p2a: Smeargle|spa|1
|upkeep
|
|t:|1649013540
|switch|p1a: Arceus|Arceus-Fairy|100/100
|turn|13
|c|☆llmmllmm|my attack is so low
|
|t:|1649013548
|move|p2a: Smeargle|Spore|p1a: Arceus
|-status|p1a: Arceus|slp|[from] move: Spore
|cant|p1a: Arceus|slp
|
|-ability|p2a: Smeargle|Moody|boost
|-boost|p2a: Smeargle|spa|1
|-unboost|p2a: Smeargle|spe|1
|upkeep
|turn|14
|c|☆llmmllmm|it's like
|c|☆IAmJklol|no stop
|c|☆llmmllmm|270
|
|t:|1649013557
|-start|p1a: Arceus|Dynamax|
|-heal|p1a: Arceus|100/100 slp|[silent]
|move|p2a: Smeargle|Power Trip|p1a: Arceus
|-resisted|p1a: Arceus
|-damage|p1a: Arceus|70/100 slp
|cant|p1a: Arceus|slp
|
|-ability|p2a: Smeargle|Moody|boost
|-boost|p2a: Smeargle|atk|1
|-unboost|p2a: Smeargle|spd|1
|upkeep
|turn|15
|c|☆IAmJklol|no stop
|c|☆llmmllmm|no
|c|☆IAmJklol|I sue
|c|☆llmmllmm|misty terrain
|c|☆llmmllmm|is bad
|
|t:|1649013569
|move|p2a: Smeargle|Power Trip|p1a: Arceus
|-resisted|p1a: Arceus
|-damage|p1a: Arceus|32/100 slp
|cant|p1a: Arceus|slp
|
|-ability|p2a: Smeargle|Moody|boost
|-boost|p2a: Smeargle|spd|2
|-unboost|p2a: Smeargle|atk|1
|upkeep
|turn|16
|
|t:|1649013571
|move|p2a: Smeargle|Power Trip|p1a: Arceus
|-resisted|p1a: Arceus
|-damage|p1a: Arceus|1/100 slp
|-curestatus|p1a: Arceus|slp|[msg]
|move|p1a: Arceus|Max Starfall|p2a: Smeargle
|-end|p2a: Smeargle|Substitute
|-fieldstart|move: Misty Terrain
|
|-ability|p2a: Smeargle|Moody|boost
|-boost|p2a: Smeargle|atk|1
|-unboost|p2a: Smeargle|spd|1
|-end|p1a: Arceus|Dynamax
|-heal|p1a: Arceus|1/100|[silent]
|upkeep
|turn|17
|c|☆llmmllmm|lmfao
|c|☆llmmllmm|no
|c|☆IAmJklol|HAH
|
|t:|1649013579
|move|p2a: Smeargle|Power Trip|p1a: Arceus
|-resisted|p1a: Arceus
|-damage|p1a: Arceus|0 fnt
|faint|p1a: Arceus
|
|-ability|p2a: Smeargle|Moody|boost
|-boost|p2a: Smeargle|spd|2
|-unboost|p2a: Smeargle|spe|1
|upkeep
|c|☆llmmllmm|no
|c|☆llmmllmm|no
|c|☆llmmllmm|no
|c|☆llmmllmm|no
|c|☆llmmllmm|no
|c|☆llmmllmm|no
|c|☆llmmllmm|no
|
|t:|1649013586
|switch|p1a: Kyogre|Kyogre|100/100
|detailschange|p1a: Kyogre|Kyogre-Primal
|-primal|p1a: Kyogre
|-weather|PrimordialSea|[from] ability: Primordial Sea|[of] p1a: Kyogre
|turn|18
|
|t:|1649013591
|move|p2a: Smeargle|Power Trip|p1a: Kyogre
|-damage|p1a: Kyogre|0 fnt
|faint|p1a: Kyogre
|-weather|none
|
|-ability|p2a: Smeargle|Moody|boost
|-boost|p2a: Smeargle|def|2
|-unboost|p2a: Smeargle|atk|1
|upkeep
|
|t:|1649013593
|switch|p1a: Zekrom|Zekrom|100/100
|-ability|p1a: Zekrom|Teravolt
|turn|19
|c|☆llmmllmm|no no no
|c|☆IAmJklol|NO
|
|t:|1649013597
|move|p2a: Smeargle|Power Trip|p1a: Zekrom
|-damage|p1a: Zekrom|0 fnt
|faint|p1a: Zekrom
|
|-ability|p2a: Smeargle|Moody|boost
|-boost|p2a: Smeargle|atk|1
|-unboost|p2a: Smeargle|spa|1
|upkeep
|c|☆IAmJklol|die
|
|t:|1649013600
|switch|p1a: Arceus|Arceus-Ground|100/100
|turn|20
|c|☆llmmllmm|NO NO NO
|
|t:|1649013603
|move|p2a: Smeargle|Power Trip|p1a: Arceus
|-damage|p1a: Arceus|0 fnt
|faint|p1a: Arceus
|
|win|llmmllmm
|c|☆llmmllmm|wow
|c|☆IAmJklol|no longer fine
|c|☆llmmllmm|you
|l|☆IAmJklol
|c|☆llmmllmm|lost
|c|☆llmmllmm|again
