|j|☆Hikhanh123
|j|☆Super Eli
|t:|1611680515
|player|p1|Hikhanh123|red|1683
|player|p2|Super Eli|silver|1444
|teamsize|p1|6
|teamsize|p2|6
|gametype|singles
|gen|8
|tier|[Gen 8] National Dex AG
|rated|
|clearpoke
|poke|p1|Zacian-Crowned|
|poke|p1|Kyogre|
|poke|p1|Marshadow|
|poke|p1|Calyrex-Shadow|
|poke|p1|Necrozma-Dusk-Mane|
|poke|p1|Yveltal|
|poke|p2|Xerneas|
|poke|p2|Zygarde|
|poke|p2|Marshadow|
|poke|p2|Groudon|
|poke|p2|Necrozma-Dusk-Mane|
|poke|p2|Zacian-Crowned|
|rule|HP Percentage Mod: HP is shown in percentages
|rule|Endless Battle Clause: Forcing endless battles is banned
|teampreview
|inactive|Battle timer is ON: inactive players will automatically lose when time's up. (requested by Super Eli)
|
|t:|1611680518
|start
|switch|p1a: Necrozma|Necrozma-Dusk-Mane|100/100
|switch|p2a: Landlord|Groudon|100/100
|detailschange|p2a: Landlord|Groudon-Primal
|-primal|p2a: Landlord
|-weather|DesolateLand|[from] ability: Desolate Land|[of] p2a: Landlord
|turn|1
|
|t:|1611680523
|switch|p1a: Yveltal|Yveltal|100/100
|-ability|p1a: Yveltal|Dark Aura
|move|p2a: Landlord|Stone Edge|p1a: Yveltal
|-supereffective|p1a: Yveltal
|-damage|p1a: Yveltal|24/100
|
|-weather|DesolateLand|[upkeep]
|upkeep
|turn|2
|
|t:|1611680528
|move|p1a: Yveltal|Dark Pulse|p2a: Landlord
|-damage|p2a: Landlord|28/100
|-damage|p1a: Yveltal|14/100|[from] item: Life Orb
|move|p2a: Landlord|Fire Punch|p1a: Yveltal
|-damage|p1a: Yveltal|0 fnt
|faint|p1a: Yveltal
|
|-weather|DesolateLand|[upkeep]
|upkeep
|
|t:|1611680533
|switch|p1a: Calyrex|Calyrex-Shadow|100/100
|-ability|p1a: Calyrex|As One
|-ability|p1a: Calyrex|Unnerve|p2: Super Eli
|turn|3
|
|t:|1611680537
|move|p1a: Calyrex|Astral Barrage|p2a: Landlord
|-damage|p2a: Landlord|0 fnt
|faint|p2a: Landlord
|-weather|none
|-ability|p1a: Calyrex|Grim Neigh|boost
|-boost|p1a: Calyrex|spa|1
|
|upkeep
|
|t:|1611680540
|switch|p2a: Nightthief|Marshadow|100/100
|turn|4
|
|t:|1611680547
|switch|p1a: Kyogre|Kyogre|100/100
|-weather|RainDance|[from] ability: Drizzle|[of] p1a: Kyogre
|move|p2a: Nightthief|Spectral Thief|p1a: Kyogre
|-damage|p1a: Kyogre|48/100
|
|-weather|RainDance|[upkeep]
|upkeep
|turn|5
|
|t:|1611680561
|switch|p2a: Excalibur|Zacian-Crowned|100/100
|-ability|p2a: Excalibur|Intrepid Sword|boost
|-boost|p2a: Excalibur|atk|1
|move|p1a: Kyogre|Thunder|p2a: Excalibur
|-damage|p2a: Excalibur|58/100
|
|-weather|RainDance|[upkeep]
|upkeep
|turn|6
|
|t:|1611680570
|move|p1a: Kyogre|Thunder|p2a: Excalibur
|-damage|p2a: Excalibur|21/100
|move|p2a: Excalibur|Close Combat|p1a: Kyogre
|-damage|p1a: Kyogre|0 fnt
|-unboost|p2a: Excalibur|def|1
|-unboost|p2a: Excalibur|spd|1
|faint|p1a: Kyogre
|
|-weather|RainDance|[upkeep]
|upkeep
|
|t:|1611680575
|switch|p1a: Marshadow|Marshadow|100/100
|turn|7
|
|t:|1611680578
|move|p1a: Marshadow|Shadow Sneak|p2a: Excalibur
|-damage|p2a: Excalibur|0 fnt
|faint|p2a: Excalibur
|
|-weather|RainDance|[upkeep]
|upkeep
|
|t:|1611680582
|switch|p2a: Lifegrant|Xerneas|100/100
|-ability|p2a: Lifegrant|Fairy Aura
|turn|8
|
|t:|1611680592
|-start|p1a: Marshadow|Dynamax
|-heal|p1a: Marshadow|100/100|[silent]
|move|p1a: Marshadow|Max Phantasm|p2a: Lifegrant
|-damage|p2a: Lifegrant|44/100
|-unboost|p2a: Lifegrant|def|1
|move|p2a: Lifegrant|Moonblast|p1a: Marshadow
|-supereffective|p1a: Marshadow
|-damage|p1a: Marshadow|17/100
|-unboost|p1a: Marshadow|spa|1
|
|-weather|none
|upkeep
|turn|9
|
|t:|1611680596
|move|p1a: Marshadow|Max Phantasm|p2a: Lifegrant
|-damage|p2a: Lifegrant|0 fnt
|faint|p2a: Lifegrant
|
|upkeep
|
|t:|1611680604
|switch|p2a: Z-Man|Zygarde, shiny|100/100
|turn|10
|
|t:|1611680608
|move|p1a: Marshadow|Max Phantasm|p2a: Z-Man
|-crit|p2a: Z-Man
|-damage|p2a: Z-Man|16/100
|-unboost|p2a: Z-Man|def|1
|move|p2a: Z-Man|Earthquake|p1a: Marshadow
|-damage|p1a: Marshadow|0 fnt
|faint|p1a: Marshadow
|
|-heal|p2a: Z-Man|22/100|[from] item: Leftovers
|-activate|p2a: Z-Man|ability: Power Construct
|detailschange|p2a: Z-Man|Zygarde-Complete, shiny
|-heal|p2a: Z-Man|52/100|[silent]
|upkeep
|
|t:|1611680616
|switch|p1a: Necrozma|Necrozma-Dusk-Mane|100/100
|turn|11
|
|t:|1611680620
|-start|p2a: Z-Man|Dynamax
|-heal|p2a: Z-Man|52/100|[silent]
|move|p2a: Z-Man|Max Wyrmwind|p1a: Necrozma
|-resisted|p1a: Necrozma
|-damage|p1a: Necrozma|76/100
|-unboost|p1a: Necrozma|atk|1
|move|p1a: Necrozma|Autotomize|p1a: Necrozma
|-boost|p1a: Necrozma|spe|2
|-start|p1a: Necrozma|Autotomize
|
|-heal|p2a: Z-Man|55/100|[from] item: Leftovers
|upkeep
|turn|12
|
|t:|1611680625
|move|p1a: Necrozma|Sunsteel Strike|p2a: Z-Man
|-damage|p2a: Z-Man|39/100
|move|p2a: Z-Man|Max Quake|p1a: Necrozma
|-supereffective|p1a: Necrozma
|-damage|p1a: Necrozma|0 fnt
|-boost|p2a: Z-Man|spd|1
|faint|p1a: Necrozma
|
|-heal|p2a: Z-Man|42/100|[from] item: Leftovers
|upkeep
|
|t:|1611680632
|switch|p1a: Zacian|Zacian-Crowned|100/100
|-ability|p1a: Zacian|Intrepid Sword|boost
|-boost|p1a: Zacian|atk|1
|turn|13
|
|t:|1611680636
|move|p1a: Zacian|Play Rough|p2a: Z-Man
|-supereffective|p2a: Z-Man
|-damage|p2a: Z-Man|0 fnt
|faint|p2a: Z-Man
|
|upkeep
|
|t:|1611680640
|switch|p2a: Lightburner|Necrozma-Dusk-Mane|100/100
|turn|14
|
|t:|1611680646
|move|p1a: Zacian|Play Rough|p2a: Lightburner
|-resisted|p2a: Lightburner
|-damage|p2a: Lightburner|62/100
|move|p2a: Lightburner|Earthquake|p1a: Zacian
|-supereffective|p1a: Zacian
|-damage|p1a: Zacian|18/100
|
|upkeep
|turn|15
|
|t:|1611680649
|move|p1a: Zacian|Close Combat|p2a: Lightburner
|-damage|p2a: Lightburner|0 fnt
|-unboost|p1a: Zacian|def|1
|-unboost|p1a: Zacian|spd|1
|faint|p2a: Lightburner
|
|upkeep
|
|t:|1611680652
|switch|p2a: Nightthief|Marshadow|100/100
|turn|16
|
|t:|1611680656
|move|p2a: Nightthief|Sucker Punch|p1a: Zacian
|-resisted|p1a: Zacian
|-damage|p1a: Zacian|3/100
|move|p1a: Zacian|Behemoth Blade|p2a: Nightthief
|-enditem|p2a: Nightthief|Focus Sash
|-damage|p2a: Nightthief|1/100
|
|upkeep
|turn|17
|
|t:|1611680660
|move|p2a: Nightthief|Sucker Punch|p1a: Zacian
|-resisted|p1a: Zacian
|-damage|p1a: Zacian|0 fnt
|faint|p1a: Zacian
|
|upkeep
|
|t:|1611680662
|switch|p1a: Calyrex|Calyrex-Shadow|100/100
|-ability|p1a: Calyrex|As One
|-ability|p1a: Calyrex|Unnerve|p2: Super Eli
|turn|18
|
|t:|1611680665
|move|p2a: Nightthief|Sucker Punch|p1a: Calyrex
|-supereffective|p1a: Calyrex
|-damage|p1a: Calyrex|0 fnt
|faint|p1a: Calyrex
|
|win|Super Eli
|l|☆Hikhanh123
|c|☆Super Eli|holy crap
