|j|☆aman 995
|j|☆AnimeZZZZ5
|t:|1621861448
|gametype|singles
|player|p1|aman 995|veteran|1521
|player|p2|AnimeZZZZ5|170|1793
|teamsize|p1|6
|teamsize|p2|6
|gen|8
|tier|[Gen 8] National Dex AG
|rated|
|rule|HP Percentage Mod: HP is shown in percentages
|rule|Endless Battle Clause: Forcing endless battles is banned
|clearpoke
|poke|p1|Sceptile, M|
|poke|p1|Volbeat, M|
|poke|p1|Marshadow|
|poke|p1|Sigilyph, F|
|poke|p1|Arceus-*|
|poke|p1|Landorus-Therian, M|
|poke|p2|Ho-Oh|
|poke|p2|Ho-Oh|
|poke|p2|Necrozma-Dusk-Mane|
|poke|p2|Xerneas-*|
|poke|p2|Groudon|
|poke|p2|Arceus-*|
|teampreview
|
|t:|1621861454
|start
|switch|p1a: Landorus|Landorus-Therian, M|100/100
|switch|p2a: Ho-Oh|Ho-Oh|100/100
|-ability|p1a: Landorus|Intimidate|boost
|-unboost|p2a: Ho-Oh|atk|1
|turn|1
|
|t:|1621861458
|switch|p2a: Necrozma|Necrozma-Dusk-Mane|100/100
|move|p1a: Landorus|Stone Edge|p2a: Necrozma
|-resisted|p2a: Necrozma
|-damage|p2a: Necrozma|91/100
|
|upkeep
|turn|2
|
|t:|1621861463
|-start|p1a: Landorus|Dynamax
|-heal|p1a: Landorus|100/100|[silent]
|move|p1a: Landorus|Max Quake|p2a: Necrozma
|-supereffective|p2a: Necrozma
|-damage|p2a: Necrozma|31/100
|-boost|p1a: Landorus|spd|1
|move|p2a: Necrozma|Stealth Rock|p1a: Landorus
|-sidestart|p1: aman 995|move: Stealth Rock
|
|upkeep
|turn|3
|
|t:|1621861472
|switch|p2a: Ho-Oh|Ho-Oh|100/100
|move|p1a: Landorus|Max Rockfall|p2a: Ho-Oh
|-supereffective|p2a: Ho-Oh
|-damage|p2a: Ho-Oh|0 fnt
|-weather|Sandstorm
|faint|p2a: Ho-Oh
|
|-weather|Sandstorm|[upkeep]
|upkeep
|
|t:|1621861480
|switch|p2a: Arceus|Arceus-Dark|100/100
|turn|4
|
|t:|1621861488
|move|p2a: Arceus|Calm Mind|p2a: Arceus
|-boost|p2a: Arceus|spa|1
|-boost|p2a: Arceus|spd|1
|move|p1a: Landorus|Max Quake|p2a: Arceus
|-crit|p2a: Arceus
|-damage|p2a: Arceus|26/100
|-boost|p1a: Landorus|spd|1
|
|-weather|Sandstorm|[upkeep]
|-damage|p2a: Arceus|20/100|[from] Sandstorm
|-end|p1a: Landorus|Dynamax
|-heal|p1a: Landorus|100/100|[silent]
|upkeep
|turn|5
|
|t:|1621861495
|move|p1a: Landorus|Stone Edge|p2a: Arceus
|-damage|p2a: Arceus|0 fnt
|faint|p2a: Arceus
|
|-weather|Sandstorm|[upkeep]
|upkeep
|
|t:|1621861500
|switch|p2a: Necrozma|Necrozma-Dusk-Mane|31/100
|turn|6
|inactive|Battle timer is ON: inactive players will automatically lose when time's up. (requested by AnimeZZZZ5)
|
|t:|1621861544
|move|p1a: Landorus|Stone Edge|p2a: Necrozma
|-resisted|p2a: Necrozma
|-damage|p2a: Necrozma|21/100
|move|p2a: Necrozma|Morning Sun|p2a: Necrozma
|-heal|p2a: Necrozma|46/100
|
|-weather|Sandstorm|[upkeep]
|upkeep
|turn|7
|inactive|AnimeZZZZ5 has 120 seconds left.
|
|t:|1621861590
|switch|p1a: Volbeat|Volbeat, M|100/100
|-damage|p1a: Volbeat|76/100|[from] Stealth Rock
|move|p2a: Necrozma|Morning Sun|p2a: Necrozma
|-heal|p2a: Necrozma|71/100
|
|-weather|none
|upkeep
|turn|8
|
|t:|1621861596
|switch|p2a: Xerneas|Xerneas|100/100
|-ability|p2a: Xerneas|Fairy Aura
|move|p1a: Volbeat|Encore||[still]
|-fail|p1a: Volbeat
|
|upkeep
|turn|9
|
|t:|1621861601
|move|p1a: Volbeat|Substitute|p1a: Volbeat
|-start|p1a: Volbeat|Substitute
|-damage|p1a: Volbeat|51/100
|move|p2a: Xerneas|Geomancy||[still]
|-prepare|p2a: Xerneas|Geomancy
|-enditem|p2a: Xerneas|Power Herb
|-anim|p2a: Xerneas|Geomancy|p2a: Xerneas
|-boost|p2a: Xerneas|spa|2
|-boost|p2a: Xerneas|spd|2
|-boost|p2a: Xerneas|spe|2
|
|upkeep
|turn|10
|
|t:|1621861606
|-start|p2a: Xerneas|Dynamax
|-heal|p2a: Xerneas|100/100|[silent]
|move|p1a: Volbeat|Encore||[still]
|-fail|p1a: Volbeat
|move|p2a: Xerneas|Max Starfall|p1a: Volbeat
|-end|p1a: Volbeat|Substitute
|-fieldstart|move: Misty Terrain
|
|upkeep
|turn|11
|
|t:|1621861610
|move|p1a: Volbeat|Substitute|p1a: Volbeat
|-start|p1a: Volbeat|Substitute
|-damage|p1a: Volbeat|26/100
|move|p2a: Xerneas|Max Starfall|p1a: Volbeat
|-end|p1a: Volbeat|Substitute
|
|upkeep
|turn|12
|
|t:|1621861626
|move|p1a: Volbeat|Substitute|p1a: Volbeat
|-start|p1a: Volbeat|Substitute
|-damage|p1a: Volbeat|1/100
|move|p2a: Xerneas|Max Starfall|p1a: Volbeat
|-end|p1a: Volbeat|Substitute
|
|-end|p2a: Xerneas|Dynamax
|-heal|p2a: Xerneas|100/100|[silent]
|upkeep
|turn|13
|
|t:|1621861629
|move|p1a: Volbeat|Encore|p2a: Xerneas
|-start|p2a: Xerneas|Encore
|move|p2a: Xerneas|Moonblast|p1a: Volbeat
|-damage|p1a: Volbeat|0 fnt
|faint|p1a: Volbeat
|
|upkeep
|
|t:|1621861637
|switch|p1a: Sigilyph|Sigilyph, F|100/100
|turn|14
|
|t:|1621861639
|move|p2a: Xerneas|Moonblast|p1a: Sigilyph
|-enditem|p1a: Sigilyph|Focus Sash
|-damage|p1a: Sigilyph|1/100
|-unboost|p1a: Sigilyph|spa|1
|move|p1a: Sigilyph|Defog|p2a: Xerneas
|-unboost|p2a: Xerneas|evasion|1
|-sideend|p1: aman 995|Stealth Rock|[from] move: Defog|[of] p1a: Sigilyph
|-fieldend|Misty Terrain
|
|upkeep
|turn|15
|
|t:|1621861643
|move|p2a: Xerneas|Moonblast|p1a: Sigilyph
|-damage|p1a: Sigilyph|0 fnt
|faint|p1a: Sigilyph
|
|-end|p2a: Xerneas|Encore
|upkeep
|
|t:|1621861646
|switch|p1a: Marshadow|Marshadow|100/100
|turn|16
|
|t:|1621861649
|move|p2a: Xerneas|Moonblast|p1a: Marshadow
|-supereffective|p1a: Marshadow
|-enditem|p1a: Marshadow|Focus Sash
|-damage|p1a: Marshadow|1/100
|move|p1a: Marshadow|Spectral Thief||[still]
|-clearpositiveboost|p2a: Xerneas|p1a: Marshadow|move: Spectral Thief
|-boost|p1a: Marshadow|spa|2
|-boost|p1a: Marshadow|spd|2
|-boost|p1a: Marshadow|spe|2
|-anim|p1a: Marshadow|Spectral Thief|p2a: Xerneas
|-damage|p2a: Xerneas|64/100
|
|upkeep
|turn|17
|
|t:|1621861652
|move|p1a: Marshadow|Spectral Thief|p2a: Xerneas
|-damage|p2a: Xerneas|29/100
|move|p2a: Xerneas|Moonblast|p1a: Marshadow
|-supereffective|p1a: Marshadow
|-damage|p1a: Marshadow|0 fnt
|faint|p1a: Marshadow
|
|upkeep
|
|t:|1621861661
|switch|p1a: Arceus|Arceus-Ground|100/100
|turn|18
|
|t:|1621861665
|switch|p2a: Ho-Oh|Ho-Oh|100/100
|move|p1a: Arceus|Judgment|p2a: Ho-Oh
|-immune|p2a: Ho-Oh
|
|upkeep
|turn|19
|
|t:|1621861669
|switch|p1a: Landorus|Landorus-Therian, M|100/100
|-ability|p1a: Landorus|Intimidate|boost
|-unboost|p2a: Ho-Oh|atk|1
|move|p2a: Ho-Oh|Toxic|p1a: Landorus
|-status|p1a: Landorus|tox
|
|-damage|p1a: Landorus|94/100 tox|[from] psn
|upkeep
|turn|20
|
|t:|1621861674
|switch|p2a: Xerneas|Xerneas|29/100
|-ability|p2a: Xerneas|Fairy Aura
|move|p1a: Landorus|Earthquake|p2a: Xerneas
|-damage|p2a: Xerneas|0 fnt
|faint|p2a: Xerneas
|
|-damage|p1a: Landorus|82/100 tox|[from] psn
|upkeep
|
|t:|1621861681
|switch|p2a: Necrozma|Necrozma-Dusk-Mane|71/100
|turn|21
|
|t:|1621861684
|move|p1a: Landorus|Earthquake|p2a: Necrozma
|-supereffective|p2a: Necrozma
|-crit|p2a: Necrozma
|-damage|p2a: Necrozma|10/100
|move|p2a: Necrozma|Stealth Rock|p1a: Landorus
|-sidestart|p1: aman 995|move: Stealth Rock
|
|-damage|p1a: Landorus|64/100 tox|[from] psn
|upkeep
|turn|22
|
|t:|1621861691
|switch|p2a: Ho-Oh|Ho-Oh|100/100
|move|p1a: Landorus|Earthquake|p2a: Ho-Oh
|-immune|p2a: Ho-Oh
|
|-damage|p1a: Landorus|40/100 tox|[from] psn
|upkeep
|turn|23
|
|t:|1621861698
|switch|p1a: Sceptile|Sceptile, M|100/100
|-damage|p1a: Sceptile|88/100|[from] Stealth Rock
|move|p2a: Ho-Oh|Toxic|p1a: Sceptile
|-status|p1a: Sceptile|tox
|
|-damage|p1a: Sceptile|82/100 tox|[from] psn
|upkeep
|turn|24
|
|t:|1621861704
|detailschange|p1a: Sceptile|Sceptile-Mega, M
|-mega|p1a: Sceptile|Sceptile|Sceptilite
|move|p1a: Sceptile|Dragon Pulse|p2a: Ho-Oh
|-damage|p2a: Ho-Oh|76/100
|move|p2a: Ho-Oh|Sacred Fire|p1a: Sceptile
|-damage|p1a: Sceptile|13/100 tox
|
|-damage|p1a: Sceptile|1/100 tox|[from] psn
|upkeep
|turn|25
|
|t:|1621861715
|move|p1a: Sceptile|Dragon Pulse|p2a: Ho-Oh
|-damage|p2a: Ho-Oh|50/100
|move|p2a: Ho-Oh|Sacred Fire|p1a: Sceptile
|-damage|p1a: Sceptile|0 fnt
|faint|p1a: Sceptile
|
|upkeep
|
|t:|1621861721
|switch|p1a: Landorus|Landorus-Therian, M|40/100 tox
|-damage|p1a: Landorus|27/100 tox|[from] Stealth Rock
|-ability|p1a: Landorus|Intimidate|boost
|-unboost|p2a: Ho-Oh|atk|1
|turn|26
|
|t:|1621861729
|switch|p2a: Necrozma|Necrozma-Dusk-Mane|10/100
|move|p1a: Landorus|Stone Edge|p2a: Necrozma
|-resisted|p2a: Necrozma
|-damage|p2a: Necrozma|0 fnt
|faint|p2a: Necrozma
|
|-damage|p1a: Landorus|21/100 tox|[from] psn
|upkeep
|
|t:|1621861734
|switch|p2a: Groudon|Groudon|100/100
|detailschange|p2a: Groudon|Groudon-Primal
|-primal|p2a: Groudon
|-weather|DesolateLand|[from] ability: Desolate Land|[of] p2a: Groudon
|turn|27
|
|t:|1621861738
|switch|p1a: Arceus|Arceus-Ground|100/100
|-damage|p1a: Arceus|94/100|[from] Stealth Rock
|move|p2a: Groudon|Precipice Blades|p1a: Arceus
|-damage|p1a: Arceus|40/100
|
|-weather|DesolateLand|[upkeep]
|upkeep
|turn|28
|
|t:|1621861743
|move|p1a: Arceus|Judgment|p2a: Groudon
|-supereffective|p2a: Groudon
|-damage|p2a: Groudon|30/100
|move|p2a: Groudon|Precipice Blades|p1a: Arceus
|-damage|p1a: Arceus|0 fnt
|faint|p1a: Arceus
|
|-weather|DesolateLand|[upkeep]
|upkeep
|
|t:|1621861746
|switch|p1a: Landorus|Landorus-Therian, M|21/100 tox
|-damage|p1a: Landorus|9/100 tox|[from] Stealth Rock
|-ability|p1a: Landorus|Intimidate|boost
|-unboost|p2a: Groudon|atk|1
|turn|29
|
|t:|1621861752
|move|p1a: Landorus|Stone Edge|p2a: Groudon
|-damage|p2a: Groudon|11/100
|move|p2a: Groudon|Rest|p2a: Groudon
|-status|p2a: Groudon|slp|[from] move: Rest
|-heal|p2a: Groudon|100/100 slp|[silent]
|
|-weather|DesolateLand|[upkeep]
|-damage|p1a: Landorus|3/100 tox|[from] psn
|upkeep
|turn|30
|-message|aman 995 forfeited.
|
|win|AnimeZZZZ5
|raw|aman 995's rating: 1521 &rarr; <strong>1514</strong><br />(-7 for losing)
|raw|AnimeZZZZ5's rating: 1793 &rarr; <strong>1800</strong><br />(+7 for winning)
|l|☆aman 995
