|j|☆EnderPixie3 太陽
|j|☆meepacman
|t:|1624286478
|gametype|singles
|player|p1|EnderPixie3 太陽|nita|1122
|player|p2|meepacman|psychic-gen4|1184
|teamsize|p1|6
|teamsize|p2|6
|gen|8
|tier|[Gen 8] National Dex AG
|rated|
|rule|HP Percentage Mod: HP is shown in percentages
|rule|Endless Battle Clause: Forcing endless battles is banned
|clearpoke
|poke|p1|Porygon-Z|
|poke|p1|Toxtricity, M|
|poke|p1|Mawile, M|
|poke|p1|Ponyta-Galar, M|
|poke|p1|Greninja, F|
|poke|p1|Cottonee, L1, F|
|poke|p2|Weavile, M|
|poke|p2|Weavile, M|
|poke|p2|Weavile, F|
|poke|p2|Weavile, M|
|poke|p2|Weavile, F|
|poke|p2|Smeargle, F|
|teampreview
|c|☆EnderPixie3 太陽|why
|
|t:|1624286512
|start
|switch|p1a: R2D-Z|Porygon-Z, shiny|100/100
|switch|p2a: Weavile|Weavile, F|100/100
|-ability|p2a: Weavile|Pressure
|turn|1
|
|t:|1624286516
|move|p2a: Weavile|Assist|p2a: Weavile
|move|p2a: Weavile|Glacial Lance|p1a: R2D-Z|[from]move: Assist
|-damage|p1a: R2D-Z|0 fnt
|faint|p1a: R2D-Z
|
|upkeep
|c|☆EnderPixie3 太陽|aw shit
|c|☆meepacman|lol
|
|t:|1624286531
|switch|p1a: Marluxa|Mawile, M|100/100
|-ability|p1a: Marluxa|Intimidate|boost
|-unboost|p2a: Weavile|atk|1
|turn|2
|
|t:|1624286534
|detailschange|p1a: Marluxa|Mawile-Mega, M
|-mega|p1a: Marluxa|Mawile|Mawilite
|move|p2a: Weavile|Assist|p2a: Weavile
|move|p2a: Weavile|Glacial Lance|p1a: Marluxa|[from]move: Assist
|-resisted|p1a: Marluxa
|-damage|p1a: Marluxa|76/100
|move|p1a: Marluxa|Iron Head|p2a: Weavile
|-supereffective|p2a: Weavile
|-damage|p2a: Weavile|0 fnt
|faint|p2a: Weavile
|
|upkeep
|
|t:|1624286540
|switch|p2a: Weavile|Weavile, M|100/100
|-ability|p2a: Weavile|Pressure
|turn|3
|
|t:|1624286547
|move|p2a: Weavile|Assist|p2a: Weavile
|move|p2a: Weavile|Glacial Lance|p1a: Marluxa|[from]move: Assist
|-resisted|p1a: Marluxa
|-damage|p1a: Marluxa|41/100
|move|p1a: Marluxa|Iron Head|p2a: Weavile
|-supereffective|p2a: Weavile
|-enditem|p2a: Weavile|Focus Sash
|-damage|p2a: Weavile|1/100
|
|upkeep
|turn|4
|
|t:|1624286556
|move|p1a: Marluxa|Sucker Punch||[still]
|-fail|p1a: Marluxa
|move|p2a: Weavile|Assist|p2a: Weavile
|move|p2a: Weavile|Glacial Lance|p1a: Marluxa|[from]move: Assist
|-resisted|p1a: Marluxa
|-damage|p1a: Marluxa|5/100
|
|upkeep
|turn|5
|
|t:|1624286562
|move|p2a: Weavile|Assist|p2a: Weavile
|move|p2a: Weavile|Spore|p1a: Marluxa|[from]move: Assist
|-status|p1a: Marluxa|slp|[from] move: Spore
|cant|p1a: Marluxa|slp
|
|upkeep
|turn|6
|
|t:|1624286567
|move|p2a: Weavile|Assist|p2a: Weavile
|move|p2a: Weavile|Spore|p1a: Marluxa|[from]move: Assist
|-fail|p1a: Marluxa|slp
|cant|p1a: Marluxa|slp
|
|upkeep
|turn|7
|
|t:|1624286572
|move|p2a: Weavile|Assist|p2a: Weavile
|move|p2a: Weavile|Glacial Lance|p1a: Marluxa|[from]move: Assist
|-resisted|p1a: Marluxa
|-damage|p1a: Marluxa|0 fnt
|faint|p1a: Marluxa
|
|upkeep
|
|t:|1624286579
|switch|p1a: Cottonee|Cottonee, L1, F|100/100
|turn|8
|
|t:|1624286582
|move|p1a: Cottonee|Memento|p2a: Weavile
|-hint|Since gen 7, Dark is immune to Prankster moves.
|-immune|p2a: Weavile
|move|p2a: Weavile|Assist|p2a: Weavile
|move|p2a: Weavile|Spore|p1a: Cottonee|[from]move: Assist
|-immune|p1a: Cottonee
|
|upkeep
|turn|9
|
|t:|1624286589
|switch|p1a: cookie|Ponyta-Galar, M, shiny|100/100
|move|p2a: Weavile|Assist|p2a: Weavile
|move|p2a: Weavile|Spore|p1a: cookie|[from]move: Assist
|-status|p1a: cookie|slp|[from] move: Spore
|
|upkeep
|turn|10
|
|t:|1624286595
|move|p2a: Weavile|Assist|p2a: Weavile
|move|p2a: Weavile|Spore|p1a: cookie|[from]move: Assist
|-fail|p1a: cookie|slp
|cant|p1a: cookie|slp
|
|upkeep
|turn|11
|c|☆EnderPixie3 太陽|cookie dies
|
|t:|1624286600
|move|p2a: Weavile|Assist|p2a: Weavile
|move|p2a: Weavile|Glacial Lance|p1a: cookie|[from]move: Assist
|-damage|p1a: cookie|0 fnt
|faint|p1a: cookie
|
|upkeep
|
|t:|1624286605
|switch|p1a: Rad|Toxtricity, M, shiny|100/100
|turn|12
|
|t:|1624286608
|move|p2a: Weavile|Assist|p2a: Weavile
|move|p2a: Weavile|Glacial Lance|p1a: Rad|[from]move: Assist
|-damage|p1a: Rad|3/100
|move|p1a: Rad|Shift Gear|p1a: Rad
|-boost|p1a: Rad|spe|2
|-boost|p1a: Rad|atk|1
|
|upkeep
|turn|13
|
|t:|1624286616
|move|p1a: Rad|Power-Up Punch|p2a: Weavile
|-supereffective|p2a: Weavile
|-damage|p2a: Weavile|0 fnt
|-boost|p1a: Rad|atk|1
|faint|p2a: Weavile
|-damage|p1a: Rad|0 fnt|[from] item: Life Orb
|faint|p1a: Rad
|
|upkeep
|c|☆meepacman|rip
|c|☆EnderPixie3 太陽|nuuuu
|
|t:|1624286634
|switch|p2a: Weavile|Weavile, M|100/100
|switch|p1a: Cottonee|Cottonee, L1, F|100/100
|-ability|p2a: Weavile|Pressure
|turn|14
|
|t:|1624286637
|move|p1a: Cottonee|Memento|p2a: Weavile
|-hint|Since gen 7, Dark is immune to Prankster moves.
|-immune|p2a: Weavile
|move|p2a: Weavile|Assist|p2a: Weavile
|move|p2a: Weavile|Glacial Lance|p1a: Cottonee|[from]move: Assist
|-supereffective|p1a: Cottonee
|-damage|p1a: Cottonee|0 fnt
|faint|p1a: Cottonee
|
|upkeep
|c|☆EnderPixie3 太陽|ye
|c|☆EnderPixie3 太陽|thats sad
|
|t:|1624286648
|switch|p1a: Isa|Greninja, F, shiny|100/100
|turn|15
|
|t:|1624286651
|move|p2a: Weavile|Assist|p2a: Weavile
|move|p2a: Weavile|Glacial Lance|p1a: Isa|[from]move: Assist
|-resisted|p1a: Isa
|-damage|p1a: Isa|46/100
|move|p1a: Isa|Work Up|p1a: Isa
|-start|p1a: Isa|typechange|Normal|[from] ability: Protean
|-boost|p1a: Isa|atk|1
|-boost|p1a: Isa|spa|1
|
|upkeep
|turn|16
|
|t:|1624286659
|-start|p1a: Isa|Dynamax
|-heal|p1a: Isa|46/100|[silent]
|move|p2a: Weavile|Assist|p2a: Weavile
|move|p2a: Weavile|Spore|p1a: Isa|[from]move: Assist
|-status|p1a: Isa|slp|[from] move: Spore
|cant|p1a: Isa|slp
|
|upkeep
|turn|17
|c|☆EnderPixie3 太陽|NUUUUUUUU
|
|t:|1624286669
|move|p2a: Weavile|Assist|p2a: Weavile
|move|p2a: Weavile|Glacial Lance|p1a: Isa|[from]move: Assist
|-damage|p1a: Isa|0 fnt
|faint|p1a: Isa
|
|win|meepacman
|raw|EnderPixie3 太陽's rating: 1122 &rarr; <strong>1101</strong><br />(-21 for losing)
|raw|meepacman's rating: 1184 &rarr; <strong>1205</strong><br />(+21 for winning)
|c|☆EnderPixie3 太陽|gg mate
|c|☆meepacman|gg
|c|☆EnderPixie3 太陽|stay safe
|l|☆EnderPixie3 太陽
|c|☆meepacman|<3
||Ladder isn't responding, score probably updated but might not have (Request timeout).
