|j|☆Jayki11
|j|☆Denvah17
|player|p1|Jayki11|red|1587
|player|p2|Denvah17|257|1382
|teamsize|p1|6
|teamsize|p2|6
|gametype|singles
|gen|8
|tier|[Gen 8] National Dex AG
|rated|
|clearpoke
|poke|p1|Zygarde|
|poke|p1|Yveltal|
|poke|p1|Marshadow|
|poke|p1|Groudon|
|poke|p1|Rayquaza|
|poke|p1|Ho-Oh|
|poke|p2|Typhlosion, M|
|poke|p2|Heracross, F|
|poke|p2|Gyarados, M|
|poke|p2|Raichu-Alola, M|
|poke|p2|Umbreon, F|
|poke|p2|Lugia|
|rule|HP Percentage Mod: HP is shown in percentages
|rule|Endless Battle Clause: Forcing endless battles is banned
|teampreview
|inactive|Battle timer is ON: inactive players will automatically lose when time's up. (requested by Denvah17)
|j| Red Knuckle
|c|☆Jayki11|gl hf
|
|start
|switch|p1a: Groudon|Groudon|100/100
|switch|p2a: Lugia|Lugia|100/100
|detailschange|p1a: Groudon|Groudon-Primal
|-primal|p1a: Groudon
|-weather|DesolateLand|[from] ability: Desolate Land|[of] p1a: Groudon
|turn|1
|
|move|p2a: Lugia|Calm Mind|p2a: Lugia
|-boost|p2a: Lugia|spa|1
|-boost|p2a: Lugia|spd|1
|move|p1a: Groudon|Stealth Rock|p2a: Lugia
|-sidestart|p2: Denvah17|move: Stealth Rock
|
|-weather|DesolateLand|[upkeep]
|upkeep
|turn|2
|c| Red Knuckle|A GEN 2 SEXUAL
|c| Red Knuckle|GEN 2 IS BEST GEN RIGHT?
|
|move|p2a: Lugia|Calm Mind|p2a: Lugia
|-boost|p2a: Lugia|spa|1
|-boost|p2a: Lugia|spd|1
|move|p1a: Groudon|Toxic|p2a: Lugia
|-status|p2a: Lugia|tox
|
|-weather|DesolateLand|[upkeep]
|-damage|p2a: Lugia|94/100 tox|[from] psn
|upkeep
|turn|3
|c|☆Jayki11|yes
|c|☆Jayki11|mister Denvah17
|c|☆Jayki11|why you didnt choose an Gen2 avatar ?
|c|☆Jayki11|your team is amazing
|c|☆Jayki11|but your avatar  :'(
|inactive|Jayki11 has 120 seconds left.
|
|-start|p2a: Lugia|Dynamax
|-heal|p2a: Lugia|94/100 tox|[silent]
|move|p2a: Lugia|Max Airstream|p1a: Groudon
|-damage|p1a: Groudon|15/100
|-boost|p2a: Lugia|spe|1
|move|p1a: Groudon|Overheat|p2a: Lugia
|-damage|p2a: Lugia|81/100 tox
|-unboost|p1a: Groudon|spa|2
|
|-weather|DesolateLand|[upkeep]
|-damage|p2a: Lugia|75/100 tox|[from] psn
|upkeep
|turn|4
|c|☆Denvah17|GEN 2 IS BEST!!!
|inactive|Jayki11 has 120 seconds left.
|c|☆Denvah17|haha yeah I love alder
|c|☆Jayki11|yes !!!!!
|c|☆Denvah17|But this is my original Johto team!!!
|c|☆Jayki11|you have good tastes dude
|
|move|p2a: Lugia|Max Airstream|p1a: Groudon
|-damage|p1a: Groudon|0 fnt
|-boost|p2a: Lugia|spe|1
|faint|p1a: Groudon
|-weather|none
|
|-damage|p2a: Lugia|66/100 tox|[from] psn
|upkeep
|inactive|Jayki11 has 90 seconds left.
|
|switch|p1a: Yveltal|Yveltal|100/100
|-ability|p1a: Yveltal|Dark Aura
|turn|5
|
|-start|p1a: Yveltal|Dynamax
|-heal|p1a: Yveltal|100/100|[silent]
|move|p2a: Lugia|Max Airstream|p1a: Yveltal
|-damage|p1a: Yveltal|49/100
|-boost|p2a: Lugia|spe|1
|move|p1a: Yveltal|Max Airstream|p2a: Lugia
|-damage|p2a: Lugia|51/100 tox
|-boost|p1a: Yveltal|spe|1
|-damage|p1a: Yveltal|44/100|[from] item: Life Orb
|
|-damage|p2a: Lugia|39/100 tox|[from] psn
|-end|p2a: Lugia|Dynamax
|-heal|p2a: Lugia|39/100 tox|[silent]
|upkeep
|turn|6
|c|☆Denvah17|Thanks man :)
|
|move|p2a: Lugia|Ice Beam|p1a: Yveltal
|-supereffective|p1a: Yveltal
|-damage|p1a: Yveltal|0 fnt
|faint|p1a: Yveltal
|
|-damage|p2a: Lugia|8/100 tox|[from] psn
|upkeep
|
|switch|p1a: Marshadow|Marshadow|100/100
|turn|7
|
|move|p1a: Marshadow|Shadow Sneak|p2a: Lugia
|-supereffective|p2a: Lugia
|-crit|p2a: Lugia
|-damage|p2a: Lugia|0 fnt
|-damage|p1a: Marshadow|84/100|[from] item: Rocky Helmet|[of] p2a: Lugia
|faint|p2a: Lugia
|
|upkeep
|
|switch|p2a: Umbreon|Umbreon, F, shiny|100/100
|-damage|p2a: Umbreon|88/100|[from] Stealth Rock
|turn|8
|c|☆Jayki11|youre the best rival i ever had
|
|switch|p1a: Zygarde|Zygarde|100/100
|move|p2a: Umbreon|Foul Play|p1a: Zygarde
|-damage|p1a: Zygarde|64/100
|
|-heal|p1a: Zygarde|70/100|[from] item: Leftovers
|-heal|p2a: Umbreon|94/100|[from] item: Leftovers
|upkeep
|turn|9
|
|move|p1a: Zygarde|Glare|p2a: Umbreon
|-status|p2a: Umbreon|par
|-activate|p2a: Umbreon|ability: Synchronize
|-status|p1a: Zygarde|par
|move|p2a: Umbreon|Toxic||[still]
|-fail|p2a: Umbreon
|
|-heal|p1a: Zygarde|76/100 par|[from] item: Leftovers
|-heal|p2a: Umbreon|99/100 par|[from] item: Leftovers
|upkeep
|turn|10
|
|move|p1a: Zygarde|Substitute|p1a: Zygarde
|-start|p1a: Zygarde|Substitute
|-damage|p1a: Zygarde|51/100 par
|move|p2a: Umbreon|Heal Bell|p2a: Umbreon
|-activate|p2a: Umbreon|move: Heal Bell
|-curestatus|p2a: Umbreon|par|[msg]
|
|-heal|p2a: Umbreon|100/100|[from] item: Leftovers
|-heal|p1a: Zygarde|57/100 par|[from] item: Leftovers
|upkeep
|turn|11
|
|move|p2a: Umbreon|Foul Play|p1a: Zygarde
|-end|p1a: Zygarde|Substitute
|move|p1a: Zygarde|Dragon Dance|p1a: Zygarde
|-boost|p1a: Zygarde|atk|1
|-boost|p1a: Zygarde|spe|1
|
|-heal|p1a: Zygarde|63/100 par|[from] item: Leftovers
|upkeep
|turn|12
|
|move|p1a: Zygarde|Glare|p2a: Umbreon
|-status|p2a: Umbreon|par
|-activate|p2a: Umbreon|ability: Synchronize
|-fail|p1a: Zygarde|par
|move|p2a: Umbreon|Foul Play|p1a: Zygarde
|-damage|p1a: Zygarde|5/100 par
|
|-heal|p1a: Zygarde|11/100 par|[from] item: Leftovers
|-activate|p1a: Zygarde|ability: Power Construct
|detailschange|p1a: Zygarde|Zygarde-Complete
|-heal|p1a: Zygarde|45/100 par|[silent]
|upkeep
|turn|13
|
|move|p1a: Zygarde|Substitute|p1a: Zygarde
|-start|p1a: Zygarde|Substitute
|-damage|p1a: Zygarde|20/100 par
|cant|p2a: Umbreon|par
|
|-heal|p1a: Zygarde|26/100 par|[from] item: Leftovers
|upkeep
|turn|14
|
|move|p1a: Zygarde|Dragon Dance|p1a: Zygarde
|-boost|p1a: Zygarde|atk|1
|-boost|p1a: Zygarde|spe|1
|move|p2a: Umbreon|Foul Play|p1a: Zygarde
|-end|p1a: Zygarde|Substitute
|
|-heal|p1a: Zygarde|32/100 par|[from] item: Leftovers
|upkeep
|turn|15
|
|move|p1a: Zygarde|Thousand Arrows|p2a: Umbreon
|-damage|p2a: Umbreon|52/100 par
|move|p2a: Umbreon|Foul Play|p1a: Zygarde
|-damage|p1a: Zygarde|0 fnt
|faint|p1a: Zygarde
|
|-heal|p2a: Umbreon|58/100 par|[from] item: Leftovers
|upkeep
|c|☆Jayki11|omedetou Umbreon
|
|switch|p1a: Marshadow|Marshadow|84/100
|turn|16
|
|move|p1a: Marshadow|Close Combat|p2a: Umbreon
|-supereffective|p2a: Umbreon
|-damage|p2a: Umbreon|0 fnt
|-unboost|p1a: Marshadow|def|1
|-unboost|p1a: Marshadow|spd|1
|faint|p2a: Umbreon
|
|upkeep
|c|☆Jayki11|my fav eevee evolution
|
|switch|p2a: Typhlosion|Typhlosion, M|100/100
|-damage|p2a: Typhlosion|76/100|[from] Stealth Rock
|turn|17
|c|☆Jayki11|so kakkoi
|
|move|p1a: Marshadow|Close Combat|p2a: Typhlosion
|-damage|p2a: Typhlosion|0 fnt
|-unboost|p1a: Marshadow|def|1
|-unboost|p1a: Marshadow|spd|1
|faint|p2a: Typhlosion
|
|upkeep
|c|☆Denvah17|Awh thanks, means a lot
|c|☆Jayki11|;)
|
|switch|p2a: Gyarados|Gyarados, M, shiny|100/100
|-damage|p2a: Gyarados|76/100|[from] Stealth Rock
|turn|18
|
|switch|p1a: Rayquaza|Rayquaza|100/100
|-ability|p1a: Rayquaza|Air Lock
|move|p2a: Gyarados|Waterfall|p1a: Rayquaza
|-resisted|p1a: Rayquaza
|-damage|p1a: Rayquaza|78/100
|
|-heal|p2a: Gyarados|82/100|[from] item: Leftovers
|upkeep
|turn|19
|
|detailschange|p1a: Rayquaza|Rayquaza-Mega
|-mega|p1a: Rayquaza|Rayquaza|
|-weather|DeltaStream|[from] ability: Delta Stream|[of] p1a: Rayquaza
|move|p1a: Rayquaza|Dragon Ascent|p2a: Gyarados
|-damage|p2a: Gyarados|0 fnt
|-unboost|p1a: Rayquaza|def|1
|-unboost|p1a: Rayquaza|spd|1
|-damage|p1a: Rayquaza|68/100|[from] item: Life Orb
|faint|p2a: Gyarados
|
|-weather|DeltaStream|[upkeep]
|upkeep
|
|switch|p2a: Raichu|Raichu-Alola, M|100/100
|-damage|p2a: Raichu|88/100|[from] Stealth Rock
|turn|20
|
|move|p1a: Rayquaza|Dragon Ascent|p2a: Raichu
|-resisted|p2a: Raichu
|-damage|p2a: Raichu|0 fnt
|-unboost|p1a: Rayquaza|def|1
|-unboost|p1a: Rayquaza|spd|1
|-damage|p1a: Rayquaza|58/100|[from] item: Life Orb
|faint|p2a: Raichu
|
|-weather|DeltaStream|[upkeep]
|upkeep
|
|switch|p2a: Heracross|Heracross, F|100/100
|-damage|p2a: Heracross|88/100|[from] Stealth Rock
|turn|21
|c|☆Jayki11|Heracross
|c|☆Jayki11|one of my fav too
|c|☆Denvah17|Gg man!
|c|☆Denvah17|Yeah he's one of my top Pokémon
|c|☆Jayki11|but im not fan of his mega.. i prefer mega pinsir
|c|☆Jayki11|but normal heracross omg
|
|detailschange|p2a: Heracross|Heracross-Mega, F
|-mega|p2a: Heracross|Heracross|Heracronite
|move|p1a: Rayquaza|Dragon Ascent|p2a: Heracross
|-supereffective|p2a: Heracross
|-damage|p2a: Heracross|0 fnt
|-unboost|p1a: Rayquaza|def|1
|-unboost|p1a: Rayquaza|spd|1
|-damage|p1a: Rayquaza|48/100|[from] item: Life Orb
|faint|p2a: Heracross
|
|win|Jayki11
|c|☆Jayki11|GGman
|c|☆Jayki11|you're the man
|c|☆Denvah17|Gg!
|c|☆Jayki11|Johto is yours
|c|☆Denvah17|:D
|c|☆Jayki11|;)
|c|☆Jayki11|see u next time rival
|c|☆Denvah17|Yeah I like to use a flame orb heracross a lot too
|c|☆Denvah17|Smell ya later!
|c|☆Jayki11|;)
||Ladder (probably) updated, but score could not be retrieved (Response not received).
