|j|☆UtopiaDanger
|j|☆Truthankamon
|t:|1651249252
|gametype|singles
|player|p1|UtopiaDanger|cilan|1720
|player|p2|Truthankamon|169|1766
|teamsize|p1|6
|teamsize|p2|6
|gen|8
|tier|[Gen 8] National Dex AG
|rated|
|rule|HP Percentage Mod: HP is shown in percentages
|rule|Endless Battle Clause: Forcing endless battles is banned
|clearpoke
|poke|p1|Zacian-*|
|poke|p1|Rayquaza|
|poke|p1|Ditto|
|poke|p1|Groudon|
|poke|p1|Xerneas-*|
|poke|p1|Regieleki|
|poke|p2|Zacian-*|
|poke|p2|Zygarde|
|poke|p2|Arceus-*|
|poke|p2|Necrozma-Dusk-Mane|
|poke|p2|Ditto|
|poke|p2|Rayquaza|
|teampreview
|
|t:|1651249262
|start
|switch|p1a: Xerneas|Xerneas|100/100
|switch|p2a: Rayquaza|Rayquaza|100/100
|-ability|p2a: Rayquaza|Air Lock
|-ability|p1a: Xerneas|Fairy Aura
|turn|1
|inactive|Battle timer is ON: inactive players will automatically lose when time's up. (requested by UtopiaDanger)
|
|t:|1651249308
|switch|p1a: Regieleki|Regieleki|100/100
|detailschange|p2a: Rayquaza|Rayquaza-Mega
|-mega|p2a: Rayquaza|Rayquaza|
|-weather|DeltaStream|[from] ability: Delta Stream|[of] p2a: Rayquaza
|move|p2a: Rayquaza|Dragon Ascent|p1a: Regieleki
|-resisted|p1a: Regieleki
|-damage|p1a: Regieleki|4/100
|-unboost|p2a: Rayquaza|def|1
|-unboost|p2a: Rayquaza|spd|1
|-damage|p2a: Rayquaza|91/100|[from] item: Life Orb
|
|-weather|DeltaStream|[upkeep]
|upkeep
|turn|2
|inactive|UtopiaDanger has 120 seconds left.
|inactive|UtopiaDanger has 90 seconds left.
|
|t:|1651249397
|move|p2a: Rayquaza|Extreme Speed|p1a: Regieleki
|-damage|p1a: Regieleki|0 fnt
|faint|p1a: Regieleki
|-damage|p2a: Rayquaza|81/100|[from] item: Life Orb
|
|-weather|DeltaStream|[upkeep]
|upkeep
|
|t:|1651249403
|switch|p1a: Ditto|Ditto, shiny|100/100
|-transform|p1a: Ditto|p2a: Rayquaza|[from] ability: Imposter
|turn|3
|
|t:|1651249415
|switch|p2a: Necrozma|Necrozma-Dusk-Mane|100/100
|move|p1a: Ditto|Draco Meteor|p2a: Necrozma
|-resisted|p2a: Necrozma
|-damage|p2a: Necrozma|72/100
|-unboost|p1a: Ditto|spa|2
|
|-weather|DeltaStream|[upkeep]
|upkeep
|turn|4
|
|t:|1651249419
|move|p1a: Ditto|V-create|p2a: Necrozma
|-supereffective|p2a: Necrozma
|-damage|p2a: Necrozma|6/100
|-unboost|p1a: Ditto|spe|1
|-unboost|p1a: Ditto|def|1
|-unboost|p1a: Ditto|spd|1
|-damage|p1a: Ditto|84/100|[from] item: Rocky Helmet|[of] p2a: Necrozma
|move|p2a: Necrozma|Stealth Rock|p1a: Ditto
|-sidestart|p1: UtopiaDanger|move: Stealth Rock
|
|-weather|DeltaStream|[upkeep]
|upkeep
|turn|5
|
|t:|1651249429
|move|p1a: Ditto|Dragon Ascent|p2a: Necrozma
|-resisted|p2a: Necrozma
|-crit|p2a: Necrozma
|-damage|p2a: Necrozma|0 fnt
|-unboost|p1a: Ditto|def|1
|-unboost|p1a: Ditto|spd|1
|-damage|p1a: Ditto|68/100|[from] item: Rocky Helmet|[of] p2a: Necrozma
|faint|p2a: Necrozma
|
|-weather|DeltaStream|[upkeep]
|upkeep
|
|t:|1651249435
|switch|p2a: Arceus|Arceus-Fairy|100/100
|turn|6
|inactive|UtopiaDanger has 90 seconds left.
|
|t:|1651249461
|-weather|none
|switch|p1a: Zacian|Zacian-Crowned|100/100
|-damage|p1a: Zacian|94/100|[from] Stealth Rock
|-ability|p1a: Zacian|Intrepid Sword|boost
|-boost|p1a: Zacian|atk|1
|move|p2a: Arceus|Will-O-Wisp|p1a: Zacian
|-status|p1a: Zacian|brn
|
|-damage|p1a: Zacian|88/100 brn|[from] brn
|upkeep
|turn|7
|
|t:|1651249469
|move|p1a: Zacian|Swords Dance|p1a: Zacian
|-boost|p1a: Zacian|atk|2
|move|p2a: Arceus|Judgment|p1a: Zacian
|-resisted|p1a: Zacian
|-damage|p1a: Zacian|66/100 brn
|
|-damage|p1a: Zacian|60/100 brn|[from] brn
|upkeep
|turn|8
|
|t:|1651249474
|move|p1a: Zacian|Swords Dance|p1a: Zacian
|-boost|p1a: Zacian|atk|2
|move|p2a: Arceus|Judgment|p1a: Zacian
|-resisted|p1a: Zacian
|-damage|p1a: Zacian|36/100 brn
|
|-damage|p1a: Zacian|30/100 brn|[from] brn
|upkeep
|turn|9
|
|t:|1651249481
|move|p1a: Zacian|Behemoth Blade|p2a: Arceus
|-supereffective|p2a: Arceus
|-damage|p2a: Arceus|0 fnt
|faint|p2a: Arceus
|
|-damage|p1a: Zacian|24/100 brn|[from] brn
|upkeep
|
|t:|1651249484
|switch|p2a: Ditto|Ditto|100/100
|-transform|p2a: Ditto|p1a: Zacian|[from] ability: Imposter
|-ability|p2a: Ditto|Intrepid Sword|boost
|-boost|p2a: Ditto|atk|1
|turn|10
|
|t:|1651249488
|move|p2a: Ditto|Behemoth Blade|p1a: Zacian
|-damage|p1a: Zacian|0 fnt
|faint|p1a: Zacian
|
|upkeep
|
|t:|1651249490
|switch|p1a: Groudon|Groudon|100/100
|-damage|p1a: Groudon|94/100|[from] Stealth Rock
|detailschange|p1a: Groudon|Groudon-Primal
|-primal|p1a: Groudon
|-weather|DesolateLand|[from] ability: Desolate Land|[of] p1a: Groudon
|turn|11
|inactive|Truthankamon has 120 seconds left.
|
|t:|1651249541
|move|p2a: Ditto|Behemoth Blade|p1a: Groudon
|-resisted|p1a: Groudon
|-damage|p1a: Groudon|30/100
|move|p1a: Groudon|Precipice Blades|p2a: Ditto
|-supereffective|p2a: Ditto
|-damage|p2a: Ditto|0 fnt
|faint|p2a: Ditto
|
|-weather|DesolateLand|[upkeep]
|upkeep
|
|t:|1651249550
|switch|p2a: Zygarde|Zygarde|100/100
|turn|12
|
|t:|1651249565
|move|p2a: Zygarde|Substitute|p2a: Zygarde
|-start|p2a: Zygarde|Substitute
|-damage|p2a: Zygarde|76/100
|move|p1a: Groudon|Precipice Blades|p2a: Zygarde
|-end|p2a: Zygarde|Substitute
|
|-weather|DesolateLand|[upkeep]
|-heal|p2a: Zygarde|82/100|[from] item: Leftovers
|upkeep
|turn|13
|
|t:|1651249575
|move|p2a: Zygarde|Substitute|p2a: Zygarde
|-start|p2a: Zygarde|Substitute
|-damage|p2a: Zygarde|57/100
|move|p1a: Groudon|Stealth Rock|p2a: Zygarde
|-sidestart|p2: Truthankamon|move: Stealth Rock
|
|-weather|DesolateLand|[upkeep]
|-heal|p2a: Zygarde|63/100|[from] item: Leftovers
|upkeep
|turn|14
|
|t:|1651249582
|move|p2a: Zygarde|Thousand Arrows|p1a: Groudon
|-supereffective|p1a: Groudon
|-damage|p1a: Groudon|0 fnt
|faint|p1a: Groudon
|-weather|none
|
|-heal|p2a: Zygarde|69/100|[from] item: Leftovers
|upkeep
|
|t:|1651249592
|switch|p1a: I created AG|Rayquaza|100/100
|-damage|p1a: I created AG|76/100|[from] Stealth Rock
|-ability|p1a: I created AG|Air Lock
|turn|15
|
|t:|1651249604
|detailschange|p1a: I created AG|Rayquaza-Mega
|-mega|p1a: I created AG|Rayquaza|
|-weather|DeltaStream|[from] ability: Delta Stream|[of] p1a: I created AG
|move|p1a: I created AG|Waterfall|p2a: Zygarde
|-end|p2a: Zygarde|Substitute
|move|p2a: Zygarde|Dragon Dance|p2a: Zygarde
|-boost|p2a: Zygarde|atk|1
|-boost|p2a: Zygarde|spe|1
|
|-weather|DeltaStream|[upkeep]
|-heal|p2a: Zygarde|75/100|[from] item: Leftovers
|upkeep
|turn|16
|j| Apprenti Buck
|
|t:|1651249626
|-start|p2a: Zygarde|Dynamax|
|-heal|p2a: Zygarde|75/100|[silent]
|move|p2a: Zygarde|Max Wyrmwind|p1a: I created AG
|-supereffective|p1a: I created AG
|-damage|p1a: I created AG|0 fnt
|faint|p1a: I created AG
|-weather|none
|
|-heal|p2a: Zygarde|78/100|[from] item: Leftovers
|upkeep
|
|t:|1651249637
|switch|p1a: Xerneas|Xerneas|100/100
|-damage|p1a: Xerneas|88/100|[from] Stealth Rock
|-ability|p1a: Xerneas|Fairy Aura
|turn|17
|
|t:|1651249640
|-start|p1a: Xerneas|Dynamax|
|-heal|p1a: Xerneas|88/100|[silent]
|move|p1a: Xerneas|Max Guard|p1a: Xerneas
|-singleturn|p1a: Xerneas|Max Guard
|move|p2a: Zygarde|Max Quake|p1a: Xerneas
|-activate|p1a: Xerneas|move: Max Guard
|
|-heal|p2a: Zygarde|81/100|[from] item: Leftovers
|upkeep
|turn|18
|
|t:|1651249656
|move|p2a: Zygarde|Max Quake|p1a: Xerneas
|-damage|p1a: Xerneas|55/100
|-boost|p2a: Zygarde|spd|1
|move|p1a: Xerneas|Max Starfall|p2a: Zygarde
|-supereffective|p2a: Zygarde
|-crit|p2a: Zygarde
|-damage|p2a: Zygarde|0 fnt
|-fieldstart|move: Misty Terrain
|faint|p2a: Zygarde
|
|upkeep
|
|t:|1651249669
|switch|p2a: Zacian|Zacian-Crowned|100/100
|-damage|p2a: Zacian|94/100|[from] Stealth Rock
|-ability|p2a: Zacian|Intrepid Sword|boost
|-boost|p2a: Zacian|atk|1
|turn|19
|
|t:|1651249679
|move|p2a: Zacian|Substitute|p2a: Zacian
|-start|p2a: Zacian|Substitute
|-damage|p2a: Zacian|70/100
|move|p1a: Xerneas|Max Flare|p2a: Zacian
|-supereffective|p2a: Zacian
|-end|p2a: Zacian|Substitute
|-weather|SunnyDay
|
|-weather|SunnyDay|[upkeep]
|upkeep
|-end|p1a: Xerneas|Dynamax
|-heal|p1a: Xerneas|55/100|[silent]
|turn|20
|
|t:|1651249693
|move|p2a: Zacian|Substitute|p2a: Zacian
|-start|p2a: Zacian|Substitute
|-damage|p2a: Zacian|45/100
|move|p1a: Xerneas|Hidden Power|p2a: Zacian
|-supereffective|p2a: Zacian
|-end|p2a: Zacian|Substitute
|
|-weather|SunnyDay|[upkeep]
|upkeep
|turn|21
|
|t:|1651249698
|switch|p2a: Rayquaza|Rayquaza-Mega|81/100
|-damage|p2a: Rayquaza|56/100|[from] Stealth Rock
|-weather|DeltaStream|[from] ability: Delta Stream|[of] p2a: Rayquaza
|move|p1a: Xerneas|Hidden Power|p2a: Rayquaza
|-resisted|p2a: Rayquaza
|-damage|p2a: Rayquaza|44/100
|
|-weather|DeltaStream|[upkeep]
|upkeep
|turn|22
|
|t:|1651249707
|move|p2a: Rayquaza|V-create|p1a: Xerneas
|-damage|p1a: Xerneas|0 fnt
|-unboost|p2a: Rayquaza|spe|1
|-unboost|p2a: Rayquaza|def|1
|-unboost|p2a: Rayquaza|spd|1
|faint|p1a: Xerneas
|-damage|p2a: Rayquaza|34/100|[from] item: Life Orb
|
|-weather|DeltaStream|[upkeep]
|-fieldend|Misty Terrain
|upkeep
|
|t:|1651249710
|switch|p1a: Ditto|Ditto, shiny|68/100
|-damage|p1a: Ditto|55/100|[from] Stealth Rock
|-transform|p1a: Ditto|p2a: Rayquaza|[from] ability: Imposter
|turn|23
|
|t:|1651249714
|move|p1a: Ditto|Extreme Speed|p2a: Rayquaza
|-damage|p2a: Rayquaza|0 fnt
|faint|p2a: Rayquaza
|
|-weather|DeltaStream|[upkeep]
|upkeep
|
|t:|1651249717
|switch|p2a: Zacian|Zacian-Crowned|45/100
|-damage|p2a: Zacian|39/100|[from] Stealth Rock
|-ability|p2a: Zacian|Intrepid Sword|boost
|-boost|p2a: Zacian|atk|1
|turn|24
|
|t:|1651249722
|move|p1a: Ditto|Extreme Speed|p2a: Zacian
|-resisted|p2a: Zacian
|-damage|p2a: Zacian|23/100
|move|p2a: Zacian|Behemoth Blade|p1a: Ditto
|-damage|p1a: Ditto|0 fnt
|faint|p1a: Ditto
|-weather|none
|
|win|Truthankamon
|raw|UtopiaDanger's rating: 1720 &rarr; <strong>1703</strong><br />(-17 for losing)
|raw|Truthankamon's rating: 1766 &rarr; <strong>1783</strong><br />(+17 for winning)
|c|☆Truthankamon|Gg
|l|☆UtopiaDanger
|l|☆Truthankamon
||Ladder isn't responding, score probably updated but might not have (Request timeout).
|l| Apprenti Buck
|j|☆Truthankamon
|player|p2|Truthankamon|169
