|j|☆inthepeopleofsky
|j|☆Isnezhny
|t:|1651047053
|gametype|singles
|player|p1|inthepeopleofsky|ninjaboy|1453
|player|p2|Isnezhny|grimsley-gen7|1639
|teamsize|p1|6
|teamsize|p2|6
|gen|8
|tier|[Gen 8] National Dex AG
|rated|
|rule|HP Percentage Mod: HP is shown in percentages
|rule|Endless Battle Clause: Forcing endless battles is banned
|clearpoke
|poke|p1|Ribombee, F|
|poke|p1|Blaziken, M|
|poke|p1|Zacian-*|
|poke|p1|Tyranitar, M|
|poke|p1|Xerneas-*|
|poke|p1|Arceus-*|
|poke|p2|Hatterene, F|
|poke|p2|Melmetal|
|poke|p2|Porygon2|
|poke|p2|Xerneas-*|
|poke|p2|Arceus-*|
|poke|p2|Palkia|
|teampreview
|inactive|Battle timer is ON: inactive players will automatically lose when time's up. (requested by inthepeopleofsky)
|c|☆inthepeopleofsky|hf bud!
|c|☆Isnezhny|Hf!
|
|t:|1651047069
|start
|switch|p1a: Bomblebee|Ribombee, F, shiny|100/100
|switch|p2a: Hatterene|Hatterene, F|100/100
|turn|1
|
|t:|1651047079
|move|p1a: Bomblebee|Bug Buzz|p2a: Hatterene
|-damage|p2a: Hatterene|58/100
|move|p2a: Hatterene|Trick Room|p2a: Hatterene
|-fieldstart|move: Trick Room|[of] p2a: Hatterene
|
|upkeep
|turn|2
|
|t:|1651047087
|move|p2a: Hatterene|Mystical Fire|p1a: Bomblebee
|-supereffective|p1a: Bomblebee
|-enditem|p1a: Bomblebee|Focus Sash
|-damage|p1a: Bomblebee|1/100
|-unboost|p1a: Bomblebee|spa|1
|move|p1a: Bomblebee|Bug Buzz|p2a: Hatterene
|-damage|p2a: Hatterene|30/100
|-unboost|p2a: Hatterene|spd|1
|
|upkeep
|turn|3
|
|t:|1651047096
|switch|p1a: Tyranitar|Tyranitar, M, shiny|100/100
|-weather|Sandstorm|[from] ability: Sand Stream|[of] p1a: Tyranitar
|move|p2a: Hatterene|Mystical Fire|p1a: Tyranitar
|-resisted|p1a: Tyranitar
|-damage|p1a: Tyranitar|90/100
|-unboost|p1a: Tyranitar|spa|1
|
|-weather|Sandstorm|[upkeep]
|-damage|p2a: Hatterene|24/100|[from] Sandstorm
|upkeep
|turn|4
|
|t:|1651047102
|switch|p1a: Bomblebee|Ribombee, F, shiny|1/100
|move|p2a: Hatterene|Healing Wish|p2a: Hatterene
|faint|p2a: Hatterene
|
|-weather|Sandstorm|[upkeep]
|-damage|p1a: Bomblebee|0 fnt|[from] Sandstorm
|faint|p1a: Bomblebee
|upkeep
|
|t:|1651047120
|switch|p2a: Palkia|Palkia|100/100
|switch|p1a: Blaziken|Blaziken, M, shiny|100/100
|-ability|p2a: Palkia|Pressure
|turn|5
|
|t:|1651047128
|move|p1a: Blaziken|Protect|p1a: Blaziken
|-singleturn|p1a: Blaziken|Protect
|move|p2a: Palkia|Earth Power|p1a: Blaziken
|-activate|p1a: Blaziken|move: Protect
|
|-weather|Sandstorm|[upkeep]
|-damage|p2a: Palkia|94/100|[from] Sandstorm
|-damage|p1a: Blaziken|94/100|[from] Sandstorm
|-heal|p1a: Blaziken|100/100|[from] item: Leftovers
|-fieldend|move: Trick Room
|-ability|p1a: Blaziken|Speed Boost|boost
|-boost|p1a: Blaziken|spe|1
|upkeep
|turn|6
|
|t:|1651047133
|move|p1a: Blaziken|Substitute|p1a: Blaziken
|-start|p1a: Blaziken|Substitute
|-damage|p1a: Blaziken|75/100
|move|p2a: Palkia|Trick Room|p2a: Palkia
|-fieldstart|move: Trick Room|[of] p2a: Palkia
|
|-weather|Sandstorm|[upkeep]
|-damage|p2a: Palkia|88/100|[from] Sandstorm
|-damage|p1a: Blaziken|69/100|[from] Sandstorm
|-heal|p1a: Blaziken|75/100|[from] item: Leftovers
|-ability|p1a: Blaziken|Speed Boost|boost
|-boost|p1a: Blaziken|spe|1
|upkeep
|turn|7
|
|t:|1651047137
|move|p1a: Blaziken|Protect|p1a: Blaziken
|-singleturn|p1a: Blaziken|Protect
|move|p2a: Palkia|Earth Power|p1a: Blaziken
|-activate|p1a: Blaziken|move: Protect
|
|-weather|none
|-heal|p1a: Blaziken|82/100|[from] item: Leftovers
|-ability|p1a: Blaziken|Speed Boost|boost
|-boost|p1a: Blaziken|spe|1
|upkeep
|turn|8
|
|t:|1651047142
|switch|p2a: Melmetal|Melmetal|100/100
|move|p1a: Blaziken|Substitute|p1a: Blaziken
|-fail|p1a: Blaziken|move: Substitute
|
|-heal|p1a: Blaziken|88/100|[from] item: Leftovers
|-ability|p1a: Blaziken|Speed Boost|boost
|-boost|p1a: Blaziken|spe|1
|upkeep
|turn|9
|
|t:|1651047144
|move|p1a: Blaziken|Protect|p1a: Blaziken
|-singleturn|p1a: Blaziken|Protect
|move|p2a: Melmetal|Double Iron Bash|p1a: Blaziken
|-activate|p1a: Blaziken|move: Protect
|
|-heal|p1a: Blaziken|94/100|[from] item: Leftovers
|-ability|p1a: Blaziken|Speed Boost|boost
|-boost|p1a: Blaziken|spe|1
|upkeep
|turn|10
|
|t:|1651047155
|move|p2a: Melmetal|Double Iron Bash|p1a: Blaziken
|-resisted|p1a: Blaziken
|-end|p1a: Blaziken|Substitute
|-resisted|p1a: Blaziken
|-damage|p1a: Blaziken|58/100
|-hitcount|p1a: Blaziken|2
|-damage|p2a: Melmetal|91/100|[from] item: Life Orb
|move|p1a: Blaziken|Swords Dance|p1a: Blaziken
|-boost|p1a: Blaziken|atk|2
|
|-heal|p1a: Blaziken|64/100|[from] item: Leftovers
|-fieldend|move: Trick Room
|-ability|p1a: Blaziken|Speed Boost|boost
|-boost|p1a: Blaziken|spe|1
|upkeep
|turn|11
|
|t:|1651047169
|switch|p2a: Arceus|Arceus-Ground|100/100
|move|p1a: Blaziken|Substitute|p1a: Blaziken
|-start|p1a: Blaziken|Substitute
|-damage|p1a: Blaziken|39/100
|
|-heal|p1a: Blaziken|45/100|[from] item: Leftovers
|upkeep
|turn|12
|
|t:|1651047175
|move|p1a: Blaziken|Baton Pass|p1a: Blaziken
|
|t:|1651047191
|switch|p1a: Xerneas|Xerneas|100/100|[from]move: Baton Pass
|-ability|p1a: Xerneas|Fairy Aura
|move|p2a: Arceus|Judgment|p1a: Xerneas
|-end|p1a: Xerneas|Substitute
|
|upkeep
|turn|13
|
|t:|1651047208
|switch|p2a: Porygon2|Porygon2|100/100
|-ability|p2a: Porygon2|Fairy Aura|[from] ability: Trace|[of] p1a: Xerneas
|-ability|p2a: Porygon2|Fairy Aura
|move|p1a: Xerneas|Play Rough|p2a: Porygon2
|-damage|p2a: Porygon2|0 fnt
|faint|p2a: Porygon2
|-damage|p1a: Xerneas|91/100|[from] item: Life Orb
|
|upkeep
|c|☆Isnezhny|:0
|
|t:|1651047224
|switch|p2a: Arceus|Arceus-Ground|100/100
|turn|14
|
|t:|1651047227
|move|p1a: Xerneas|Play Rough|p2a: Arceus
|-crit|p2a: Arceus
|-damage|p2a: Arceus|0 fnt
|faint|p2a: Arceus
|-damage|p1a: Xerneas|81/100|[from] item: Life Orb
|
|upkeep
|
|t:|1651047245
|switch|p2a: Melmetal|Melmetal|91/100
|-heal|p2a: Melmetal|100/100|[from] move: Healing Wish
|turn|15
|
|t:|1651047248
|-start|p1a: Xerneas|Dynamax|
|-heal|p1a: Xerneas|81/100|[silent]
|-start|p2a: Melmetal|Dynamax|
|-heal|p2a: Melmetal|100/100|[silent]
|move|p1a: Xerneas|Max Knuckle|p2a: Melmetal
|-supereffective|p2a: Melmetal
|-damage|p2a: Melmetal|52/100
|-boost|p1a: Xerneas|atk|1
|-damage|p1a: Xerneas|76/100|[from] item: Life Orb
|move|p2a: Melmetal|Max Steelspike|p1a: Xerneas
|-supereffective|p1a: Xerneas
|-damage|p1a: Xerneas|0 fnt
|-boost|p2a: Melmetal|def|1
|faint|p1a: Xerneas
|-damage|p2a: Melmetal|47/100|[from] item: Life Orb
|
|upkeep
|c|☆inthepeopleofsky|oh wow
|
|t:|1651047264
|switch|p1a: Blaziken|Blaziken, M, shiny|45/100
|turn|16
|
|t:|1651047274
|move|p1a: Blaziken|Substitute|p1a: Blaziken
|-start|p1a: Blaziken|Substitute
|-damage|p1a: Blaziken|20/100
|move|p2a: Melmetal|Max Steelspike|p1a: Blaziken
|-resisted|p1a: Blaziken
|-end|p1a: Blaziken|Substitute
|-boost|p2a: Melmetal|def|1
|-damage|p2a: Melmetal|42/100|[from] item: Life Orb
|
|-heal|p1a: Blaziken|26/100|[from] item: Leftovers
|-ability|p1a: Blaziken|Speed Boost|boost
|-boost|p1a: Blaziken|spe|1
|upkeep
|turn|17
|
|t:|1651047283
|move|p1a: Blaziken|Baton Pass|p1a: Blaziken
|
|t:|1651047284
|switch|p1a: Arceus|Arceus-Water|100/100|[from]move: Baton Pass
|move|p2a: Melmetal|Max Steelspike|p1a: Arceus
|-resisted|p1a: Arceus
|-damage|p1a: Arceus|57/100
|-boost|p2a: Melmetal|def|1
|-damage|p2a: Melmetal|37/100|[from] item: Life Orb
|
|-end|p2a: Melmetal|Dynamax
|-heal|p2a: Melmetal|37/100|[silent]
|upkeep
|turn|18
|
|t:|1651047289
|move|p1a: Arceus|Liquidation|p2a: Melmetal
|-crit|p2a: Melmetal
|-damage|p2a: Melmetal|0 fnt
|faint|p2a: Melmetal
|
|upkeep
|
|t:|1651047295
|switch|p2a: Palkia|Palkia|88/100
|-ability|p2a: Palkia|Pressure
|turn|19
|
|t:|1651047302
|move|p1a: Arceus|Zen Headbutt|p2a: Palkia
|-damage|p2a: Palkia|61/100
|move|p2a: Palkia|Trick Room|p2a: Palkia
|-fieldstart|move: Trick Room|[of] p2a: Palkia
|
|upkeep
|turn|20
|
|t:|1651047307
|move|p2a: Palkia|Thunderbolt|p1a: Arceus
|-supereffective|p1a: Arceus
|-damage|p1a: Arceus|0 fnt
|faint|p1a: Arceus
|
|upkeep
|
|t:|1651047313
|switch|p1a: Zacian|Zacian-Crowned|100/100
|-ability|p1a: Zacian|Intrepid Sword|boost
|-boost|p1a: Zacian|atk|1
|turn|21
|
|t:|1651047317
|move|p2a: Palkia|Earth Power|p1a: Zacian
|-supereffective|p1a: Zacian
|-damage|p1a: Zacian|20/100
|move|p1a: Zacian|Play Rough|p2a: Palkia
|-supereffective|p2a: Palkia
|-damage|p2a: Palkia|0 fnt
|faint|p2a: Palkia
|
|upkeep
|
|t:|1651047320
|switch|p2a: Xerneas|Xerneas|100/100
|-ability|p2a: Xerneas|Fairy Aura
|turn|22
|
|t:|1651047325
|switch|p1a: Blaziken|Blaziken, M, shiny|26/100
|move|p2a: Xerneas|Moonblast|p1a: Blaziken
|-damage|p1a: Blaziken|0 fnt
|faint|p1a: Blaziken
|
|upkeep
|
|t:|1651047330
|switch|p1a: Tyranitar|Tyranitar, M, shiny|90/100
|-weather|Sandstorm|[from] ability: Sand Stream|[of] p1a: Tyranitar
|turn|23
|
|t:|1651047333
|detailschange|p1a: Tyranitar|Tyranitar-Mega, M, shiny
|-mega|p1a: Tyranitar|Tyranitar|Tyranitarite
|move|p2a: Xerneas|Moonblast|p1a: Tyranitar
|-supereffective|p1a: Tyranitar
|-damage|p1a: Tyranitar|0 fnt
|faint|p1a: Tyranitar
|
|-weather|Sandstorm|[upkeep]
|-damage|p2a: Xerneas|94/100|[from] Sandstorm
|-fieldend|move: Trick Room
|upkeep
|
|t:|1651047335
|switch|p1a: Zacian|Zacian-Crowned|20/100
|-ability|p1a: Zacian|Intrepid Sword|boost
|-boost|p1a: Zacian|atk|1
|turn|24
|c|☆Isnezhny|gg
|
|t:|1651047338
|move|p1a: Zacian|Behemoth Blade|p2a: Xerneas
|-supereffective|p2a: Xerneas
|-damage|p2a: Xerneas|0 fnt
|faint|p2a: Xerneas
|
|win|inthepeopleofsky
|raw|inthepeopleofsky's rating: 1453 &rarr; <strong>1483</strong><br />(+30 for winning)
|raw|Isnezhny's rating: 1639 &rarr; <strong>1609</strong><br />(-30 for losing)
|c|☆inthepeopleofsky|gg budy!
