|j|☆Determewnation
|j|☆CandH
|t:|1668611653
|gametype|singles
|player|p1|Determewnation|101|1630
|player|p2|CandH|steven|1772
|teamsize|p1|6
|teamsize|p2|6
|gen|8
|tier|[Gen 8] National Dex AG
|rated|
|rule|HP Percentage Mod: HP is shown in percentages
|rule|Endless Battle Clause: Forcing endless battles is banned
|clearpoke
|poke|p1|Gourgeist-*, F|
|poke|p1|Diancie|
|poke|p1|Manaphy|
|poke|p1|Groudon|
|poke|p1|Yveltal|
|poke|p1|Mew|
|poke|p2|Ditto|
|poke|p2|Zacian-*|
|poke|p2|Rayquaza|
|poke|p2|Kyogre|
|poke|p2|Yveltal|
|poke|p2|Eternatus|
|teampreview
|
|t:|1668611672
|start
|switch|p1a: Groudon|Groudon|100/100
|switch|p2a: Eternatus|Eternatus|100/100
|-ability|p2a: Eternatus|Pressure
|detailschange|p1a: Groudon|Groudon-Primal
|-primal|p1a: Groudon
|-weather|DesolateLand|[from] ability: Desolate Land|[of] p1a: Groudon
|turn|1
|
|t:|1668611686
|switch|p2a: Rayquaza|Rayquaza, shiny|100/100
|-ability|p2a: Rayquaza|Air Lock
|move|p1a: Groudon|Swords Dance|p1a: Groudon
|-boost|p1a: Groudon|atk|2
|
|-weather|DesolateLand|[upkeep]
|upkeep
|turn|2
|
|t:|1668611691
|detailschange|p2a: Rayquaza|Rayquaza-Mega, shiny
|-mega|p2a: Rayquaza|Rayquaza|
|-weather|DeltaStream|[from] ability: Delta Stream|[of] p2a: Rayquaza
|move|p2a: Rayquaza|Earthquake|p1a: Groudon
|-supereffective|p1a: Groudon
|-damage|p1a: Groudon|37/100
|move|p1a: Groudon|Stone Edge|p2a: Rayquaza
|-activate||deltastream
|-damage|p2a: Rayquaza|12/100
|
|-weather|DeltaStream|[upkeep]
|upkeep
|turn|3
|
|t:|1668611706
|switch|p1a: Yveltal|Yveltal|100/100
|-ability|p1a: Yveltal|Dark Aura
|move|p2a: Rayquaza|Earthquake|p1a: Yveltal
|-immune|p1a: Yveltal
|
|-weather|DeltaStream|[upkeep]
|upkeep
|turn|4
|
|t:|1668611712
|-weather|none
|switch|p2a: Zacian|Zacian-Crowned|100/100
|-ability|p2a: Zacian|Intrepid Sword|boost
|-boost|p2a: Zacian|atk|1
|move|p1a: Yveltal|U-turn|p2a: Zacian
|-resisted|p2a: Zacian
|-damage|p2a: Zacian|95/100
|
|t:|1668611716
|switch|p1a: Gourgeist|Gourgeist-Super, F, shiny|100/100|[from]move: U-turn
|-item|p2a: Zacian|Rusted Sword|[from] ability: Frisk|[of] p1a: Gourgeist|[identify]
|
|upkeep
|turn|5
|
|t:|1668611722
|move|p2a: Zacian|Crunch|p1a: Gourgeist
|-supereffective|p1a: Gourgeist
|-damage|p1a: Gourgeist|41/100
|move|p1a: Gourgeist|Will-O-Wisp|p2a: Zacian
|-status|p2a: Zacian|brn
|
|-heal|p1a: Gourgeist|47/100|[from] item: Leftovers
|-damage|p2a: Zacian|88/100 brn|[from] brn
|upkeep
|turn|6
|
|t:|1668611726
|move|p2a: Zacian|Crunch|p1a: Gourgeist
|-supereffective|p1a: Gourgeist
|-damage|p1a: Gourgeist|20/100
|move|p1a: Gourgeist|Synthesis|p1a: Gourgeist
|-heal|p1a: Gourgeist|70/100
|
|-heal|p1a: Gourgeist|76/100|[from] item: Leftovers
|-damage|p2a: Zacian|82/100 brn|[from] brn
|upkeep
|turn|7
|
|t:|1668611730
|switch|p2a: Eternatus|Eternatus|100/100
|-ability|p2a: Eternatus|Pressure
|move|p1a: Gourgeist|Poltergeist|p2a: Eternatus
|-activate|p2a: Eternatus|move: Poltergeist|Power Herb
|-damage|p2a: Eternatus|70/100
|
|-heal|p1a: Gourgeist|82/100|[from] item: Leftovers
|upkeep
|turn|8
|
|t:|1668611753
|switch|p1a: Yveltal|Yveltal|100/100
|-ability|p1a: Yveltal|Dark Aura
|move|p2a: Eternatus|Flamethrower|p1a: Yveltal
|-crit|p1a: Yveltal
|-damage|p1a: Yveltal|53/100
|
|upkeep
|turn|9
|
|t:|1668611759
|move|p1a: Yveltal|Knock Off|p2a: Eternatus
|-damage|p2a: Eternatus|14/100
|-enditem|p2a: Eternatus|Power Herb|[from] move: Knock Off|[of] p1a: Yveltal
|move|p2a: Eternatus|Meteor Beam||[still]
|-prepare|p2a: Eternatus|Meteor Beam
|-boost|p2a: Eternatus|spa|1
|
|upkeep
|turn|10
|
|t:|1668611766
|move|p1a: Yveltal|Knock Off|p2a: Eternatus
|-damage|p2a: Eternatus|0 fnt
|faint|p2a: Eternatus
|
|upkeep
|
|t:|1668611772
|switch|p2a: Zacian|Zacian-Crowned|82/100 brn
|-ability|p2a: Zacian|Intrepid Sword|boost
|-boost|p2a: Zacian|atk|1
|turn|11
|
|t:|1668611778
|switch|p1a: Groudon|Groudon-Primal|37/100
|-weather|DesolateLand|[from] ability: Desolate Land|[of] p1a: Groudon
|move|p2a: Zacian|Play Rough|p1a: Groudon
|-resisted|p1a: Groudon
|-damage|p1a: Groudon|24/100
|
|-weather|DesolateLand|[upkeep]
|-damage|p2a: Zacian|76/100 brn|[from] brn
|upkeep
|turn|12
|
|t:|1668611785
|move|p2a: Zacian|Close Combat|p1a: Groudon
|-damage|p1a: Groudon|0 fnt
|-unboost|p2a: Zacian|def|1
|-unboost|p2a: Zacian|spd|1
|faint|p1a: Groudon
|-weather|none
|
|-damage|p2a: Zacian|70/100 brn|[from] brn
|upkeep
|
|t:|1668611795
|switch|p1a: Gourgeist|Gourgeist-Super, F, shiny|82/100
|-item|p2a: Zacian|Rusted Sword|[from] ability: Frisk|[of] p1a: Gourgeist|[identify]
|turn|13
|
|t:|1668611799
|switch|p2a: Yveltal|Yveltal|100/100
|-ability|p2a: Yveltal|Dark Aura
|move|p1a: Gourgeist|Poltergeist|p2a: Yveltal
|-activate|p2a: Yveltal|move: Poltergeist|Life Orb
|-resisted|p2a: Yveltal
|-damage|p2a: Yveltal|82/100
|
|-heal|p1a: Gourgeist|88/100|[from] item: Leftovers
|upkeep
|turn|14
|
|t:|1668611805
|switch|p1a: Diancie|Diancie|100/100
|-start|p2a: Yveltal|Dynamax|
|-heal|p2a: Yveltal|82/100|[silent]
|move|p2a: Yveltal|Max Airstream|p1a: Diancie
|-resisted|p1a: Diancie
|-damage|p1a: Diancie|59/100
|-boost|p2a: Yveltal|spe|1
|-damage|p2a: Yveltal|77/100|[from] item: Life Orb
|
|upkeep
|turn|15
|inactive|Battle timer is ON: inactive players will automatically lose when time's up. (requested by CandH)
|
|t:|1668611821
|move|p2a: Yveltal|Max Steelspike|p1a: Diancie
|-supereffective|p1a: Diancie
|-damage|p1a: Diancie|0 fnt
|-boost|p2a: Yveltal|def|1
|faint|p1a: Diancie
|-damage|p2a: Yveltal|73/100|[from] item: Life Orb
|
|upkeep
|
|t:|1668611827
|switch|p1a: Manaphy|Manaphy|100/100
|turn|16
|
|t:|1668611831
|move|p2a: Yveltal|Max Darkness|p1a: Manaphy
|-enditem|p1a: Manaphy|Focus Sash
|-damage|p1a: Manaphy|1/100
|-unboost|p1a: Manaphy|spd|1
|-damage|p2a: Yveltal|68/100|[from] item: Life Orb
|move|p1a: Manaphy|Heart Swap|p2a: Yveltal
|-swapboost|p1a: Manaphy|p2a: Yveltal|[from] move: Heart Swap
|
|upkeep
|-end|p2a: Yveltal|Dynamax
|-heal|p2a: Yveltal|68/100|[silent]
|turn|17
|
|t:|1668611838
|move|p1a: Manaphy|Ice Beam|p2a: Yveltal
|-supereffective|p2a: Yveltal
|-damage|p2a: Yveltal|0 fnt
|faint|p2a: Yveltal
|
|upkeep
|
|t:|1668611842
|switch|p2a: Rayquaza|Rayquaza-Mega, shiny|12/100
|-weather|DeltaStream|[from] ability: Delta Stream|[of] p2a: Rayquaza
|turn|18
|
|t:|1668611846
|move|p2a: Rayquaza|Extreme Speed|p1a: Manaphy
|-damage|p1a: Manaphy|0 fnt
|faint|p1a: Manaphy
|
|-weather|DeltaStream|[upkeep]
|upkeep
|
|t:|1668611848
|switch|p1a: Gourgeist|Gourgeist-Super, F, shiny|88/100
|-item|p2a: Rayquaza|Focus Sash|[from] ability: Frisk|[of] p1a: Gourgeist|[identify]
|turn|19
|
|t:|1668611873
|-start|p1a: Gourgeist|Dynamax|
|-heal|p1a: Gourgeist|88/100|[silent]
|move|p2a: Rayquaza|Dragon Ascent|p1a: Gourgeist
|-supereffective|p1a: Gourgeist
|-damage|p1a: Gourgeist|39/100
|-unboost|p2a: Rayquaza|def|1
|-unboost|p2a: Rayquaza|spd|1
|move|p1a: Gourgeist|Max Phantasm|p2a: Rayquaza
|-damage|p2a: Rayquaza|0 fnt
|faint|p2a: Rayquaza
|-weather|none
|
|-heal|p1a: Gourgeist|42/100|[from] item: Leftovers
|upkeep
|
|t:|1668611883
|switch|p2a: Zacian|Zacian-Crowned|70/100 brn
|-ability|p2a: Zacian|Intrepid Sword|boost
|-boost|p2a: Zacian|atk|1
|turn|20
|
|t:|1668611887
|move|p2a: Zacian|Crunch|p1a: Gourgeist
|-supereffective|p1a: Gourgeist
|-damage|p1a: Gourgeist|27/100
|-unboost|p1a: Gourgeist|def|1
|move|p1a: Gourgeist|Max Phantasm|p2a: Zacian
|-damage|p2a: Zacian|28/100 brn
|-unboost|p2a: Zacian|def|1
|
|-heal|p1a: Gourgeist|30/100|[from] item: Leftovers
|-damage|p2a: Zacian|22/100 brn|[from] brn
|upkeep
|turn|21
|
|t:|1668611906
|move|p2a: Zacian|Crunch|p1a: Gourgeist
|-supereffective|p1a: Gourgeist
|-damage|p1a: Gourgeist|7/100
|move|p1a: Gourgeist|Max Phantasm|p2a: Zacian
|-damage|p2a: Zacian|0 fnt
|faint|p2a: Zacian
|
|-heal|p1a: Gourgeist|10/100|[from] item: Leftovers
|upkeep
|
|t:|1668611912
|switch|p2a: Kyogre|Kyogre|100/100
|-weather|RainDance|[from] ability: Drizzle|[of] p2a: Kyogre
|-end|p1a: Gourgeist|Dynamax
|-heal|p1a: Gourgeist|10/100|[silent]
|turn|22
|
|t:|1668611917
|move|p2a: Kyogre|Ice Beam|p1a: Gourgeist
|-supereffective|p1a: Gourgeist
|-damage|p1a: Gourgeist|0 fnt
|faint|p1a: Gourgeist
|
|-weather|RainDance|[upkeep]
|upkeep
|
|t:|1668611919
|switch|p1a: Yveltal|Yveltal|53/100
|-ability|p1a: Yveltal|Dark Aura
|turn|23
|
|t:|1668611924
|move|p1a: Yveltal|Knock Off|p2a: Kyogre
|-damage|p2a: Kyogre|24/100
|-enditem|p2a: Kyogre|Choice Scarf|[from] move: Knock Off|[of] p1a: Yveltal
|move|p2a: Kyogre|Ice Beam|p1a: Yveltal
|-supereffective|p1a: Yveltal
|-damage|p1a: Yveltal|0 fnt
|faint|p1a: Yveltal
|
|-weather|RainDance|[upkeep]
|upkeep
|
|t:|1668611927
|switch|p1a: Mew|Mew, shiny|100/100
|turn|24
|
|t:|1668611944
|move|p2a: Kyogre|Thunder|p1a: Mew
|-damage|p1a: Mew|70/100
|-zpower|p1a: Mew
|move|p1a: Mew|Z-Transform|p2a: Kyogre|[anim]Transform
|-heal|p1a: Mew|100/100|[zeffect]
|-transform|p1a: Mew|p2a: Kyogre
|
|-weather|RainDance|[upkeep]
|upkeep
|turn|25
|
|t:|1668611957
|move|p1a: Mew|Thunder|p2a: Kyogre
|-supereffective|p2a: Kyogre
|-damage|p2a: Kyogre|0 fnt
|faint|p2a: Kyogre
|
|-weather|RainDance|[upkeep]
|upkeep
|
|t:|1668611960
|switch|p2a: Ditto|Ditto|100/100
|turn|26
|
|t:|1668611962
|move|p1a: Mew|Water Spout|p2a: Ditto
|-damage|p2a: Ditto|0 fnt
|faint|p2a: Ditto
|
|win|Determewnation
|raw|Determewnation's rating: 1630 &rarr; <strong>1658</strong><br />(+28 for winning)
|raw|CandH's rating: 1780 &rarr; <strong>1752</strong><br />(-28 for losing)
|l|☆CandH
