|j|☆Master arca9
|j|☆PidgeyIsGodLol
|t:|1621449989
|gametype|singles
|player|p1|Master arca9|unknown|1190
|player|p2|PidgeyIsGodLol|cynthia|1250
|teamsize|p1|6
|teamsize|p2|6
|gen|8
|tier|[Gen 8] National Dex AG
|rated|
|rule|HP Percentage Mod: HP is shown in percentages
|rule|Endless Battle Clause: Forcing endless battles is banned
|clearpoke
|poke|p1|Darmanitan, F|
|poke|p1|Marshadow|
|poke|p1|Landorus, M|
|poke|p1|Regieleki|
|poke|p1|Groudon|
|poke|p1|Kyurem-Black|
|poke|p2|Jolteon, F|
|poke|p2|Shuckle, M|
|poke|p2|Cinderace, M|
|poke|p2|Kyogre|
|poke|p2|Blastoise, F|
|poke|p2|Murkrow, F|
|teampreview
|inactive|Battle timer is ON: inactive players will automatically lose when time's up. (requested by PidgeyIsGodLol)
|
|t:|1621449995
|start
|switch|p1a: Regieleki|Regieleki|100/100
|switch|p2a: Shuckle|Shuckle, M|100/100
|turn|1
|
|t:|1621450000
|move|p1a: Regieleki|Volt Switch|p2a: Shuckle
|-damage|p2a: Shuckle|50/100
|
|t:|1621450010
|switch|p1a: Darmanitan|Darmanitan, F|100/100|[from]move: Volt Switch
|move|p2a: Shuckle|Sticky Web|p1a: Darmanitan
|-sidestart|p1: Master arca9|move: Sticky Web
|
|upkeep
|turn|2
|
|t:|1621450015
|move|p1a: Darmanitan|Flare Blitz|p2a: Shuckle
|-damage|p2a: Shuckle|0 fnt
|-damage|p1a: Darmanitan|84/100|[from] item: Rocky Helmet|[of] p2a: Shuckle
|faint|p2a: Shuckle
|-damage|p1a: Darmanitan|75/100|[from] Recoil
|
|upkeep
|
|t:|1621450024
|switch|p2a: Blastoise|Blastoise, F|100/100
|turn|3
|
|t:|1621450029
|move|p1a: Darmanitan|Flare Blitz|p2a: Blastoise
|-resisted|p2a: Blastoise
|-damage|p2a: Blastoise|22/100
|-damage|p1a: Darmanitan|53/100|[from] Recoil
|move|p2a: Blastoise|Shell Smash|p2a: Blastoise
|-unboost|p2a: Blastoise|def|1
|-unboost|p2a: Blastoise|spd|1
|-boost|p2a: Blastoise|atk|2
|-boost|p2a: Blastoise|spa|2
|-boost|p2a: Blastoise|spe|2
|
|upkeep
|turn|4
|
|t:|1621450039
|move|p2a: Blastoise|Water Pulse|p1a: Darmanitan
|-supereffective|p1a: Darmanitan
|-damage|p1a: Darmanitan|0 fnt
|faint|p1a: Darmanitan
|
|upkeep
|
|t:|1621450043
|switch|p1a: Landorus|Landorus, M|100/100
|turn|5
|
|t:|1621450046
|move|p2a: Blastoise|Water Pulse|p1a: Landorus
|-supereffective|p1a: Landorus
|-damage|p1a: Landorus|0 fnt
|faint|p1a: Landorus
|
|upkeep
|
|t:|1621450048
|switch|p1a: Marshadow|Marshadow|100/100
|-activate|p1a: Marshadow|move: Sticky Web
|-unboost|p1a: Marshadow|spe|1
|turn|6
|
|t:|1621450053
|move|p1a: Marshadow|Shadow Sneak|p2a: Blastoise
|-damage|p2a: Blastoise|0 fnt
|faint|p2a: Blastoise
|
|upkeep
|
|t:|1621450063
|switch|p2a: Kyogre|Kyogre|100/100
|-weather|RainDance|[from] ability: Drizzle|[of] p2a: Kyogre
|turn|7
|
|t:|1621450068
|move|p1a: Marshadow|Shadow Sneak|p2a: Kyogre
|-damage|p2a: Kyogre|65/100
|move|p2a: Kyogre|Thunder Wave|p1a: Marshadow
|-status|p1a: Marshadow|par
|
|-weather|RainDance|[upkeep]
|upkeep
|turn|8
|
|t:|1621450076
|cant|p1a: Marshadow|par
|move|p2a: Kyogre|Origin Pulse|p1a: Marshadow
|-damage|p1a: Marshadow|0 fnt
|faint|p1a: Marshadow
|
|-weather|RainDance|[upkeep]
|upkeep
|
|t:|1621450084
|switch|p1a: Kyurem|Kyurem-Black|100/100
|-activate|p1a: Kyurem|move: Sticky Web
|-unboost|p1a: Kyurem|spe|1
|-ability|p1a: Kyurem|Teravolt
|turn|9
|
|t:|1621450090
|move|p2a: Kyogre|Thunder Wave|p1a: Kyurem
|-status|p1a: Kyurem|par
|move|p1a: Kyurem|Dragon Claw|p2a: Kyogre
|-damage|p2a: Kyogre|0 fnt
|faint|p2a: Kyogre
|
|-weather|RainDance|[upkeep]
|upkeep
|
|t:|1621450101
|switch|p2a: New Meta|Cinderace, M|100/100
|turn|10
|
|t:|1621450113
|move|p2a: New Meta|Focus Blast|p1a: Kyurem
|-start|p2a: New Meta|typechange|Fighting|[from] ability: Libero
|-supereffective|p1a: Kyurem
|-damage|p1a: Kyurem|4/100 par
|-damage|p2a: New Meta|91/100|[from] item: Life Orb
|move|p1a: Kyurem|Dragon Claw|p2a: New Meta
|-damage|p2a: New Meta|0 fnt
|faint|p2a: New Meta
|
|-weather|RainDance|[upkeep]
|upkeep
|
|t:|1621450125
|switch|p2a: Jolteon|Jolteon, F|100/100
|turn|11
|c|☆Master arca9|New meta hahaha
|
|t:|1621450137
|move|p2a: Jolteon|Electro Ball|p1a: Kyurem
|-resisted|p1a: Kyurem
|-damage|p1a: Kyurem|0 fnt
|faint|p1a: Kyurem
|
|-weather|RainDance|[upkeep]
|-status|p2a: Jolteon|brn|[from] item: Flame Orb
|upkeep
|
|t:|1621450142
|switch|p1a: Groudon|Groudon|100/100
|-activate|p1a: Groudon|move: Sticky Web
|-unboost|p1a: Groudon|spe|1
|-weather|SunnyDay|[from] ability: Drought|[of] p1a: Groudon
|turn|12
|c|☆PidgeyIsGodLol|special cinderace is such a joke, Imao
|
|t:|1621450161
|switch|p2a: Murkrow|Murkrow, F|100/100
|move|p1a: Groudon|Heat Crash|p2a: Murkrow
|-damage|p2a: Murkrow|16/100
|
|-weather|SunnyDay|[upkeep]
|upkeep
|turn|13
|
|t:|1621450172
|move|p2a: Murkrow|Tailwind|p2a: Murkrow
|-sidestart|p2: PidgeyIsGodLol|move: Tailwind
|move|p1a: Groudon|Heat Crash|p2a: Murkrow
|-damage|p2a: Murkrow|0 fnt
|faint|p2a: Murkrow
|
|-weather|SunnyDay|[upkeep]
|upkeep
|
|t:|1621450179
|switch|p2a: Jolteon|Jolteon, F|100/100 brn
|turn|14
|c|☆Master arca9|gg?
|
|t:|1621450192
|-start|p2a: Jolteon|Dynamax
|-heal|p2a: Jolteon|100/100 brn|[silent]
|move|p2a: Jolteon|Max Flare|p1a: Groudon
|-damage|p1a: Groudon|59/100
|move|p1a: Groudon|Earthquake|p2a: Jolteon
|-supereffective|p2a: Jolteon
|-damage|p2a: Jolteon|0 fnt
|faint|p2a: Jolteon
|
|win|Master arca9
|raw|Master arca9's rating: 1189 &rarr; <strong>1218</strong><br />(+29 for winning)
|raw|PidgeyIsGodLol's rating: 1250 &rarr; <strong>1221</strong><br />(-29 for losing)
|c|☆PidgeyIsGodLol|def
|c|☆Master arca9|Ye
|c|☆PidgeyIsGodLol|nice battle
|l|☆PidgeyIsGodLol
||Ladder isn't responding, score probably updated but might not have (Request timeout).
