|j|☆ExcellentTasteADF
|j|☆IWSK
|t:|1627760467
|gametype|singles
|player|p1|ExcellentTasteADF|169|1682
|player|p2|IWSK|gentleman-gen4dp|1759
|teamsize|p1|6
|teamsize|p2|6
|gen|8
|tier|[Gen 8] National Dex AG
|rated|
|rule|HP Percentage Mod: HP is shown in percentages
|rule|Endless Battle Clause: Forcing endless battles is banned
|clearpoke
|poke|p1|Marshadow|
|poke|p1|Rayquaza|
|poke|p1|Ho-Oh|
|poke|p1|Yveltal|
|poke|p1|Necrozma-Dusk-Mane|
|poke|p1|Arceus-*|
|poke|p2|Arceus-*|
|poke|p2|Necrozma-Dusk-Mane|
|poke|p2|Gengar, F|
|poke|p2|Ho-Oh|
|poke|p2|Gliscor, F|
|poke|p2|Yveltal|
|teampreview
|inactive|Battle timer is ON: inactive players will automatically lose when time's up. (requested by IWSK)
|inactive|ExcellentTasteADF also wants the timer to be on.
|
|t:|1627760497
|start
|switch|p1a: Rayquaza|Rayquaza|100/100
|switch|p2a: Yveltal|Yveltal|100/100
|-ability|p1a: Rayquaza|Air Lock
|-ability|p2a: Yveltal|Dark Aura
|turn|1
|
|t:|1627760505
|switch|p1a: Arceus|Arceus-Ground|100/100
|-start|p2a: Yveltal|Dynamax
|-heal|p2a: Yveltal|100/100|[silent]
|move|p2a: Yveltal|Max Airstream|p1a: Arceus
|-damage|p1a: Arceus|54/100
|-boost|p2a: Yveltal|spe|1
|
|upkeep
|turn|2
|
|t:|1627760515
|switch|p1a: Ho-Oh|Ho-Oh|100/100
|move|p2a: Yveltal|Max Darkness|p1a: Ho-Oh
|-damage|p1a: Ho-Oh|59/100
|-unboost|p1a: Ho-Oh|spd|1
|
|upkeep
|turn|3
|
|t:|1627760522
|switch|p1a: Yveltal|Yveltal|100/100
|-ability|p1a: Yveltal|Dark Aura
|move|p2a: Yveltal|Max Darkness|p1a: Yveltal
|-resisted|p1a: Yveltal
|-damage|p1a: Yveltal|71/100
|-unboost|p1a: Yveltal|spd|1
|
|-end|p2a: Yveltal|Dynamax
|-heal|p2a: Yveltal|100/100|[silent]
|upkeep
|turn|4
|
|t:|1627760534
|move|p2a: Yveltal|Oblivion Wing|p1a: Yveltal
|-damage|p1a: Yveltal|30/100
|move|p1a: Yveltal|Roost|p1a: Yveltal
|-heal|p1a: Yveltal|80/100
|-singleturn|p1a: Yveltal|move: Roost
|
|upkeep
|turn|5
|
|t:|1627760542
|move|p2a: Yveltal|Knock Off|p1a: Yveltal
|-resisted|p1a: Yveltal
|-damage|p1a: Yveltal|62/100
|-enditem|p1a: Yveltal|Heavy-Duty Boots|[from] move: Knock Off|[of] p2a: Yveltal
|move|p1a: Yveltal|Roost|p1a: Yveltal
|-heal|p1a: Yveltal|100/100
|-singleturn|p1a: Yveltal|move: Roost
|
|upkeep
|turn|6
|
|t:|1627760550
|move|p2a: Yveltal|Oblivion Wing|p1a: Yveltal
|-damage|p1a: Yveltal|60/100
|move|p1a: Yveltal|Knock Off|p2a: Yveltal
|-resisted|p2a: Yveltal
|-damage|p2a: Yveltal|78/100
|-enditem|p2a: Yveltal|Assault Vest|[from] move: Knock Off|[of] p1a: Yveltal
|
|upkeep
|turn|7
|
|t:|1627760557
|move|p2a: Yveltal|Oblivion Wing|p1a: Yveltal
|-damage|p1a: Yveltal|19/100
|-heal|p2a: Yveltal|100/100|[from] drain|[of] p1a: Yveltal
|move|p1a: Yveltal|Roost|p1a: Yveltal
|-heal|p1a: Yveltal|69/100
|-singleturn|p1a: Yveltal|move: Roost
|
|upkeep
|turn|8
|
|t:|1627760567
|switch|p2a: Gengar|Gengar, F|100/100
|move|p1a: Yveltal|Roost|p1a: Yveltal
|-heal|p1a: Yveltal|100/100
|-singleturn|p1a: Yveltal|move: Roost
|
|upkeep
|turn|9
|
|t:|1627760578
|switch|p1a: Marshadow|Marshadow|100/100
|detailschange|p2a: Gengar|Gengar-Mega, F
|-mega|p2a: Gengar|Gengar|Gengarite
|move|p2a: Gengar|Substitute|p2a: Gengar
|-start|p2a: Gengar|Substitute
|-damage|p2a: Gengar|76/100
|
|upkeep
|turn|10
|
|t:|1627760585
|switch|p2a: Arceus|Arceus-Water|100/100
|move|p1a: Marshadow|Spectral Thief|p2a: Arceus
|-damage|p2a: Arceus|78/100
|
|upkeep
|turn|11
|
|t:|1627760592
|switch|p1a: Necrozma|Necrozma-Dusk-Mane|100/100
|move|p2a: Arceus|Toxic|p1a: Necrozma
|-immune|p1a: Necrozma
|
|upkeep
|turn|12
|
|t:|1627760597
|move|p2a: Arceus|Judgment|p1a: Necrozma
|-damage|p1a: Necrozma|60/100
|move|p1a: Necrozma|Stealth Rock|p2a: Arceus
|-sidestart|p2: IWSK|move: Stealth Rock
|
|upkeep
|turn|13
|
|t:|1627760602
|move|p2a: Arceus|Judgment|p1a: Necrozma
|-damage|p1a: Necrozma|16/100
|move|p1a: Necrozma|Moonlight|p1a: Necrozma
|-heal|p1a: Necrozma|66/100
|
|upkeep
|turn|14
|
|t:|1627760609
|move|p2a: Arceus|Judgment|p1a: Necrozma
|-damage|p1a: Necrozma|20/100
|move|p1a: Necrozma|Moonlight|p1a: Necrozma
|-heal|p1a: Necrozma|70/100
|
|upkeep
|turn|15
|
|t:|1627760615
|move|p2a: Arceus|Judgment|p1a: Necrozma
|-damage|p1a: Necrozma|27/100
|move|p1a: Necrozma|Moonlight|p1a: Necrozma
|-heal|p1a: Necrozma|77/100
|
|upkeep
|turn|16
|
|t:|1627760622
|move|p2a: Arceus|Judgment|p1a: Necrozma
|-damage|p1a: Necrozma|38/100
|move|p1a: Necrozma|Moonlight|p1a: Necrozma
|-heal|p1a: Necrozma|88/100
|
|upkeep
|turn|17
|
|t:|1627760628
|move|p2a: Arceus|Judgment|p1a: Necrozma
|-damage|p1a: Necrozma|49/100
|move|p1a: Necrozma|Toxic|p2a: Arceus|[miss]
|-miss|p1a: Necrozma|p2a: Arceus
|
|upkeep
|turn|18
|c|☆ExcellentTasteADF|my god
|c|☆ExcellentTasteADF|life sucks
|
|t:|1627760638
|move|p2a: Arceus|Judgment|p1a: Necrozma
|-damage|p1a: Necrozma|3/100
|move|p1a: Necrozma|Moonlight|p1a: Necrozma
|-heal|p1a: Necrozma|53/100
|
|upkeep
|turn|19
|
|t:|1627760644
|move|p2a: Arceus|Judgment|p1a: Necrozma
|-damage|p1a: Necrozma|11/100
|move|p1a: Necrozma|Moonlight|p1a: Necrozma
|-heal|p1a: Necrozma|61/100
|
|upkeep
|turn|20
|
|t:|1627760650
|move|p2a: Arceus|Judgment|p1a: Necrozma
|-damage|p1a: Necrozma|17/100
|move|p1a: Necrozma|Moonlight|p1a: Necrozma
|-heal|p1a: Necrozma|67/100
|
|upkeep
|turn|21
|
|t:|1627760657
|move|p2a: Arceus|Judgment|p1a: Necrozma
|-damage|p1a: Necrozma|29/100
|move|p1a: Necrozma|Toxic|p2a: Arceus
|-status|p2a: Arceus|tox
|
|-damage|p2a: Arceus|71/100 tox|[from] psn
|upkeep
|turn|22
|
|t:|1627760663
|switch|p1a: Yveltal|Yveltal|100/100
|-ability|p1a: Yveltal|Dark Aura
|move|p2a: Arceus|Judgment|p1a: Yveltal
|-damage|p1a: Yveltal|68/100
|
|-damage|p2a: Arceus|59/100 tox|[from] psn
|upkeep
|turn|23
|
|t:|1627760674
|switch|p1a: Necrozma|Necrozma-Dusk-Mane|29/100
|move|p2a: Arceus|Ice Beam|p1a: Necrozma
|-resisted|p1a: Necrozma
|-damage|p1a: Necrozma|18/100
|
|-damage|p2a: Arceus|41/100 tox|[from] psn
|upkeep
|turn|24
|
|t:|1627760681
|switch|p1a: Yveltal|Yveltal|68/100
|-ability|p1a: Yveltal|Dark Aura
|move|p2a: Arceus|Judgment|p1a: Yveltal
|-damage|p1a: Yveltal|41/100
|
|-damage|p2a: Arceus|16/100 tox|[from] psn
|upkeep
|turn|25
|
|t:|1627760689
|move|p2a: Arceus|Toxic|p1a: Yveltal
|-status|p1a: Yveltal|tox
|move|p1a: Yveltal|Roost|p1a: Yveltal
|-heal|p1a: Yveltal|91/100 tox
|-singleturn|p1a: Yveltal|move: Roost
|
|-damage|p2a: Arceus|0 fnt|[from] psn
|faint|p2a: Arceus
|-damage|p1a: Yveltal|85/100 tox|[from] psn
|upkeep
|
|t:|1627760703
|switch|p2a: Yveltal|Yveltal|100/100
|-damage|p2a: Yveltal|76/100|[from] Stealth Rock
|-ability|p2a: Yveltal|Dark Aura
|turn|26
|
|t:|1627760710
|switch|p1a: Ho-Oh|Ho-Oh|93/100
|move|p2a: Yveltal|Oblivion Wing|p1a: Ho-Oh
|-damage|p1a: Ho-Oh|73/100
|-heal|p2a: Yveltal|89/100|[from] drain|[of] p1a: Ho-Oh
|
|upkeep
|turn|27
|
|t:|1627760717
|move|p2a: Yveltal|Knock Off|p1a: Ho-Oh
|-damage|p1a: Ho-Oh|27/100
|-enditem|p1a: Ho-Oh|Heavy-Duty Boots|[from] move: Knock Off|[of] p2a: Yveltal
|move|p1a: Ho-Oh|Whirlwind|p2a: Yveltal
|drag|p2a: Necrozma|Necrozma-Dusk-Mane|100/100
|-damage|p2a: Necrozma|94/100|[from] Stealth Rock
|
|upkeep
|turn|28
|
|t:|1627760728
|switch|p2a: Ho-Oh|Ho-Oh|100/100
|move|p1a: Ho-Oh|Flamethrower|p2a: Ho-Oh
|-resisted|p2a: Ho-Oh
|-damage|p2a: Ho-Oh|92/100
|
|upkeep
|turn|29
|
|t:|1627760735
|switch|p1a: Arceus|Arceus-Ground|54/100
|move|p2a: Ho-Oh|Defog|p1a: Arceus
|-unboost|p1a: Arceus|evasion|1
|-sideend|p2: IWSK|Stealth Rock|[from] move: Defog|[of] p2a: Ho-Oh
|
|upkeep
|turn|30
|
|t:|1627760748
|switch|p2a: Gliscor|Gliscor, F|100/100
|move|p1a: Arceus|Recover|p1a: Arceus
|-heal|p1a: Arceus|100/100
|
|-status|p2a: Gliscor|tox|[from] item: Toxic Orb
|upkeep
|turn|31
|j| blaze3172
|
|t:|1627760761
|switch|p2a: Ho-Oh|Ho-Oh|100/100
|switch|p1a: Yveltal|Yveltal|85/100 tox
|-ability|p1a: Yveltal|Dark Aura
|
|-damage|p1a: Yveltal|79/100 tox|[from] psn
|upkeep
|turn|32
|
|t:|1627760769
|move|p1a: Yveltal|Knock Off|p2a: Ho-Oh
|-damage|p2a: Ho-Oh|55/100
|-enditem|p2a: Ho-Oh|Heavy-Duty Boots|[from] move: Knock Off|[of] p1a: Yveltal
|move|p2a: Ho-Oh|Brave Bird|p1a: Yveltal
|-damage|p1a: Yveltal|37/100 tox
|-damage|p2a: Ho-Oh|40/100|[from] Recoil
|
|-damage|p1a: Yveltal|25/100 tox|[from] psn
|upkeep
|turn|33
|c|☆ExcellentTasteADF|why r u fast
|
|t:|1627760784
|switch|p1a: Ho-Oh|Ho-Oh|60/100
|move|p2a: Ho-Oh|Sacred Fire|p1a: Ho-Oh
|-resisted|p1a: Ho-Oh
|-damage|p1a: Ho-Oh|42/100
|
|upkeep
|turn|34
|
|t:|1627760800
|switch|p1a: Necrozma|Necrozma-Dusk-Mane|18/100
|switch|p2a: Gliscor|Gliscor, F|100/100 tox
|
|upkeep
|turn|35
|l| blaze3172
|
|t:|1627760806
|move|p2a: Gliscor|Bulldoze|p1a: Necrozma
|-supereffective|p1a: Necrozma
|-damage|p1a: Necrozma|2/100
|-unboost|p1a: Necrozma|spe|1
|move|p1a: Necrozma|Stealth Rock|p2a: Gliscor
|-sidestart|p2: IWSK|move: Stealth Rock
|
|upkeep
|turn|36
|
|t:|1627760815
|move|p2a: Gliscor|Substitute|p2a: Gliscor
|-start|p2a: Gliscor|Substitute
|-damage|p2a: Gliscor|76/100 tox
|move|p1a: Necrozma|Stealth Rock||[still]
|-fail|p1a: Necrozma
|
|-heal|p2a: Gliscor|88/100 tox|[from] ability: Poison Heal
|upkeep
|turn|37
|
|t:|1627760822
|move|p2a: Gliscor|Bulldoze|p1a: Necrozma
|-supereffective|p1a: Necrozma
|-damage|p1a: Necrozma|0 fnt
|faint|p1a: Necrozma
|
|-heal|p2a: Gliscor|100/100 tox|[from] ability: Poison Heal
|upkeep
|
|t:|1627760828
|switch|p1a: Ho-Oh|Ho-Oh|76/100
|turn|38
|
|t:|1627760830
|move|p2a: Gliscor|Toxic|p1a: Ho-Oh
|-status|p1a: Ho-Oh|tox
|move|p1a: Ho-Oh|Whirlwind|p2a: Gliscor
|drag|p2a: Ho-Oh|Ho-Oh|73/100
|-damage|p2a: Ho-Oh|23/100|[from] Stealth Rock
|
|-damage|p1a: Ho-Oh|69/100 tox|[from] psn
|upkeep
|turn|39
|
|t:|1627760838
|move|p2a: Ho-Oh|Defog|p1a: Ho-Oh
|-unboost|p1a: Ho-Oh|evasion|1
|-sideend|p2: IWSK|Stealth Rock|[from] move: Defog|[of] p2a: Ho-Oh
|move|p1a: Ho-Oh|Toxic|p2a: Ho-Oh
|-status|p2a: Ho-Oh|tox
|
|-damage|p2a: Ho-Oh|17/100 tox|[from] psn
|-damage|p1a: Ho-Oh|57/100 tox|[from] psn
|upkeep
|turn|40
|
|t:|1627760847
|switch|p2a: Gliscor|Gliscor, F|100/100 tox
|switch|p1a: Arceus|Arceus-Ground|100/100
|
|upkeep
|turn|41
|
|t:|1627760860
|switch|p2a: Ho-Oh|Ho-Oh|50/100 tox
|move|p1a: Arceus|Ice Beam|p2a: Ho-Oh
|-damage|p2a: Ho-Oh|39/100 tox
|
|-damage|p2a: Ho-Oh|33/100 tox|[from] psn
|upkeep
|turn|42
|
|t:|1627760867
|move|p1a: Arceus|Ice Beam|p2a: Ho-Oh
|-damage|p2a: Ho-Oh|22/100 tox
|move|p2a: Ho-Oh|Sacred Fire|p1a: Arceus
|-crit|p1a: Arceus
|-damage|p1a: Arceus|68/100
|
|-damage|p2a: Ho-Oh|10/100 tox|[from] psn
|upkeep
|turn|43
|
|t:|1627760879
|switch|p2a: Gengar|Gengar-Mega, F|76/100
|move|p1a: Arceus|Recover|p1a: Arceus
|-heal|p1a: Arceus|100/100
|
|upkeep
|turn|44
|
|t:|1627760895
|move|p2a: Gengar|Encore|p1a: Arceus
|-start|p1a: Arceus|Encore
|move|p1a: Arceus|Recover||[still]
|-fail|p1a: Arceus|heal
|
|upkeep
|turn|45
|
|t:|1627760911
|-start|p1a: Arceus|Dynamax
|-heal|p1a: Arceus|100/100|[silent]
|move|p2a: Gengar|Substitute|p2a: Gengar
|-start|p2a: Gengar|Substitute
|-damage|p2a: Gengar|51/100
|move|p1a: Arceus|Max Quake|p2a: Gengar
|-supereffective|p2a: Gengar
|-end|p2a: Gengar|Substitute
|-boost|p1a: Arceus|spd|1
|
|upkeep
|turn|46
|
|t:|1627760920
|move|p2a: Gengar|Substitute|p2a: Gengar
|-start|p2a: Gengar|Substitute
|-damage|p2a: Gengar|26/100
|move|p1a: Arceus|Max Hailstorm|p2a: Gengar
|-end|p2a: Gengar|Substitute
|-weather|Hail
|
|-weather|Hail|[upkeep]
|-damage|p2a: Gengar|20/100|[from] Hail
|-damage|p1a: Arceus|97/100|[from] Hail
|-end|p1a: Arceus|Encore
|upkeep
|turn|47
|
|t:|1627760930
|move|p2a: Gengar|Encore||[still]
|-fail|p2a: Gengar
|move|p1a: Arceus|Max Hailstorm|p2a: Gengar
|-damage|p2a: Gengar|0 fnt
|faint|p2a: Gengar
|
|-weather|Hail|[upkeep]
|-damage|p1a: Arceus|94/100|[from] Hail
|-end|p1a: Arceus|Dynamax
|-heal|p1a: Arceus|94/100|[silent]
|upkeep
|
|t:|1627760939
|switch|p2a: Yveltal|Yveltal|89/100
|-ability|p2a: Yveltal|Dark Aura
|turn|48
|
|t:|1627760944
|move|p1a: Arceus|Ice Beam|p2a: Yveltal
|-supereffective|p2a: Yveltal
|-damage|p2a: Yveltal|50/100
|move|p2a: Yveltal|Oblivion Wing|p1a: Arceus
|-damage|p1a: Arceus|75/100
|-heal|p2a: Yveltal|64/100|[from] drain|[of] p1a: Arceus
|
|-weather|Hail|[upkeep]
|-damage|p1a: Arceus|69/100|[from] Hail
|-damage|p2a: Yveltal|58/100|[from] Hail
|upkeep
|turn|49
|
|t:|1627760954
|move|p1a: Arceus|Recover|p1a: Arceus
|-heal|p1a: Arceus|100/100
|move|p2a: Yveltal|Oblivion Wing|p1a: Arceus
|-damage|p1a: Arceus|81/100
|-heal|p2a: Yveltal|73/100|[from] drain|[of] p1a: Arceus
|
|-weather|Hail|[upkeep]
|-damage|p1a: Arceus|75/100|[from] Hail
|-damage|p2a: Yveltal|67/100|[from] Hail
|upkeep
|turn|50
|-message|IWSK forfeited.
|
|win|ExcellentTasteADF
|l|☆IWSK
|raw|ExcellentTasteADF's rating: 1682 &rarr; <strong>1706</strong><br />(+24 for winning)
|raw|IWSK's rating: 1759 &rarr; <strong>1735</strong><br />(-24 for losing)
||Ladder isn't responding, score probably updated but might not have (Request timeout).
