|j|☆zz1000zz
|j|☆Qwertyuiopll12
|t:|1667660825
|gametype|singles
|player|p1|zz1000zz|bugcatcher-gen4dp|1572
|player|p2|Qwertyuiopll12|schoolkid-gen4|1774
|teamsize|p1|6
|teamsize|p2|6
|gen|8
|tier|[Gen 8] National Dex AG
|rated|
|rule|HP Percentage Mod: HP is shown in percentages
|rule|Endless Battle Clause: Forcing endless battles is banned
|clearpoke
|poke|p1|Bibarel, M|
|poke|p1|Regieleki|
|poke|p1|Yveltal|
|poke|p1|Arceus-*|
|poke|p1|Banette, M|
|poke|p1|Zacian-*|
|poke|p2|Aerodactyl, M|
|poke|p2|Groudon|
|poke|p2|Yveltal|
|poke|p2|Arceus-*|
|poke|p2|Rayquaza|
|poke|p2|Calyrex-Shadow|
|teampreview
|inactive|Battle timer is ON: inactive players will automatically lose when time's up. (requested by Qwertyuiopll12)
|
|t:|1667660842
|start
|switch|p1a: Bibarel|Bibarel, M|100/100
|switch|p2a: Groudon|Groudon|100/100
|detailschange|p2a: Groudon|Groudon-Primal
|-primal|p2a: Groudon
|-weather|DesolateLand|[from] ability: Desolate Land|[of] p2a: Groudon
|turn|1
|
|t:|1667660846
|move|p2a: Groudon|Precipice Blades|p1a: Bibarel
|-damage|p1a: Bibarel|26/100
|move|p1a: Bibarel|Stealth Rock|p2a: Groudon
|-sidestart|p2: Qwertyuiopll12|move: Stealth Rock
|
|-weather|DesolateLand|[upkeep]
|-ability|p1a: Bibarel|Moody|boost
|-boost|p1a: Bibarel|spa|2
|-unboost|p1a: Bibarel|spd|1
|-enditem|p1a: Bibarel|Eject Pack
|upkeep
|
|t:|1667660852
|switch|p1a: Yveltal|Yveltal|100/100
|-ability|p1a: Yveltal|Dark Aura
|turn|2
|
|t:|1667660856
|move|p1a: Yveltal|Dark Pulse|p2a: Groudon
|-damage|p2a: Groudon|43/100
|move|p2a: Groudon|Stone Edge|p1a: Yveltal
|-supereffective|p1a: Yveltal
|-damage|p1a: Yveltal|18/100
|
|-weather|DesolateLand|[upkeep]
|upkeep
|turn|3
|
|t:|1667660862
|move|p1a: Yveltal|Oblivion Wing|p2a: Groudon
|-damage|p2a: Groudon|0 fnt
|-heal|p1a: Yveltal|47/100|[from] drain|[of] p2a: Groudon
|faint|p2a: Groudon
|-weather|none
|
|upkeep
|
|t:|1667660865
|switch|p2a: Aerodactyl|Aerodactyl, M|100/100
|-damage|p2a: Aerodactyl|76/100|[from] Stealth Rock
|-ability|p2a: Aerodactyl|Pressure
|turn|4
|
|t:|1667660869
|move|p2a: Aerodactyl|Stealth Rock|p1a: Yveltal
|-sidestart|p1: zz1000zz|move: Stealth Rock
|move|p1a: Yveltal|Dark Pulse|p2a: Aerodactyl
|-damage|p2a: Aerodactyl|0 fnt
|faint|p2a: Aerodactyl
|
|upkeep
|
|t:|1667660890
|switch|p2a: Yveltal|Yveltal|100/100
|-damage|p2a: Yveltal|76/100|[from] Stealth Rock
|-ability|p2a: Yveltal|Dark Aura
|turn|5
|
|t:|1667660893
|-start|p2a: Yveltal|Dynamax|
|-heal|p2a: Yveltal|76/100|[silent]
|move|p2a: Yveltal|Max Airstream|p1a: Yveltal
|-damage|p1a: Yveltal|0 fnt
|-boost|p2a: Yveltal|spe|1
|faint|p1a: Yveltal
|-damage|p2a: Yveltal|71/100|[from] item: Life Orb
|
|upkeep
|
|t:|1667660908
|switch|p1a: Regieleki|Regieleki|100/100
|-damage|p1a: Regieleki|88/100|[from] Stealth Rock
|turn|6
|inactive|Qwertyuiopll12 has 120 seconds left.
|
|t:|1667660943
|move|p1a: Regieleki|Thunder|p2a: Yveltal
|-supereffective|p2a: Yveltal
|-damage|p2a: Yveltal|0 fnt
|faint|p2a: Yveltal
|
|upkeep
|
|t:|1667660946
|switch|p2a: Rayquaza|Rayquaza|100/100
|-damage|p2a: Rayquaza|76/100|[from] Stealth Rock
|-ability|p2a: Rayquaza|Air Lock
|turn|7
|
|t:|1667660950
|detailschange|p2a: Rayquaza|Rayquaza-Mega
|-mega|p2a: Rayquaza|Rayquaza|
|-weather|DeltaStream|[from] ability: Delta Stream|[of] p2a: Rayquaza
|move|p2a: Rayquaza|Extreme Speed|p1a: Regieleki
|-damage|p1a: Regieleki|0 fnt
|faint|p1a: Regieleki
|-damage|p2a: Rayquaza|66/100|[from] item: Life Orb
|
|-weather|DeltaStream|[upkeep]
|upkeep
|
|t:|1667660960
|switch|p1a: Zacian|Zacian-Crowned|100/100
|-damage|p1a: Zacian|94/100|[from] Stealth Rock
|-ability|p1a: Zacian|Intrepid Sword|boost
|-boost|p1a: Zacian|atk|1
|turn|8
|
|t:|1667660965
|move|p2a: Rayquaza|Extreme Speed|p1a: Zacian
|-resisted|p1a: Zacian
|-damage|p1a: Zacian|69/100
|-damage|p2a: Rayquaza|56/100|[from] item: Life Orb
|move|p1a: Zacian|Behemoth Blade|p2a: Rayquaza
|-damage|p2a: Rayquaza|0 fnt
|faint|p2a: Rayquaza
|-weather|none
|
|upkeep
|
|t:|1667660966
|switch|p2a: Calyrex|Calyrex-Shadow|100/100
|-ability|p2a: Calyrex|As One
|-ability|p2a: Calyrex|Unnerve
|-damage|p2a: Calyrex|88/100|[from] Stealth Rock
|turn|9
|
|t:|1667660973
|switch|p1a: Bibarel|Bibarel, M|26/100
|-damage|p1a: Bibarel|13/100|[from] Stealth Rock
|move|p2a: Calyrex|Astral Barrage|p1a: Bibarel
|-immune|p1a: Bibarel
|
|-ability|p1a: Bibarel|Moody|boost
|-boost|p1a: Bibarel|spe|2
|-unboost|p1a: Bibarel|def|1
|upkeep
|turn|10
|
|t:|1667660982
|move|p2a: Calyrex|Psyshock|p1a: Bibarel
|-damage|p1a: Bibarel|0 fnt
|faint|p1a: Bibarel
|-ability|p2a: Calyrex|Grim Neigh|boost
|-boost|p2a: Calyrex|spa|1
|
|upkeep
|
|t:|1667660986
|switch|p1a: Banette|Banette, M|100/100
|-damage|p1a: Banette|88/100|[from] Stealth Rock
|-item|p2a: Calyrex|Focus Sash|[from] ability: Frisk|[of] p1a: Banette|[identify]
|turn|11
|
|t:|1667660990
|detailschange|p1a: Banette|Banette-Mega, M
|-mega|p1a: Banette|Banette|Banettite
|move|p1a: Banette|Shadow Sneak|p2a: Calyrex
|-supereffective|p2a: Calyrex
|-damage|p2a: Calyrex|0 fnt
|faint|p2a: Calyrex
|
|upkeep
|
|t:|1667660993
|switch|p2a: Arceus|Arceus-Flying|100/100
|-damage|p2a: Arceus|76/100|[from] Stealth Rock
|turn|12
|
|t:|1667661010
|switch|p1a: Zacian|Zacian-Crowned|69/100
|-damage|p1a: Zacian|63/100|[from] Stealth Rock
|-ability|p1a: Zacian|Intrepid Sword|boost
|-boost|p1a: Zacian|atk|1
|move|p2a: Arceus|Calm Mind|p2a: Arceus
|-boost|p2a: Arceus|spa|1
|-boost|p2a: Arceus|spd|1
|
|upkeep
|turn|13
|
|t:|1667661012
|move|p1a: Zacian|Behemoth Blade|p2a: Arceus
|-damage|p2a: Arceus|5/100
|move|p2a: Arceus|Earth Power|p1a: Zacian
|-supereffective|p1a: Zacian
|-damage|p1a: Zacian|0 fnt
|faint|p1a: Zacian
|
|upkeep
|
|t:|1667661019
|switch|p1a: Banette|Banette-Mega, M|88/100
|-damage|p1a: Banette|76/100|[from] Stealth Rock
|turn|14
|
|t:|1667661022
|move|p1a: Banette|Shadow Sneak|p2a: Arceus
|-damage|p2a: Arceus|0 fnt
|faint|p2a: Arceus
|
|win|zz1000zz
|raw|zz1000zz's rating: 1572 &rarr; <strong>1601</strong><br />(+29 for winning)
|raw|Qwertyuiopll12's rating: 1748 &rarr; <strong>1719</strong><br />(-29 for losing)
|l|☆Qwertyuiopll12
