|j|☆dasort
|j|☆Beatboxing_Phantom
|inactive|Battle timer is ON: inactive players will automatically lose when time's up.
|t:|1626809976
|gametype|singles
|player|p1|dasort|marlon|
|player|p2|Beatboxing_Phantom|shadowtriad|
|teamsize|p1|6
|teamsize|p2|6
|gen|8
|tier|[Gen 8] National Dex AG
|rated|Tournament battle
|rule|HP Percentage Mod: HP is shown in percentages
|rule|Endless Battle Clause: Forcing endless battles is banned
|clearpoke
|poke|p1|Lunala|
|poke|p1|Yveltal|
|poke|p1|Groudon|
|poke|p1|Necrozma-Dusk-Mane|
|poke|p1|Rayquaza|
|poke|p1|Arceus-*|
|poke|p2|Marshadow|
|poke|p2|Skarmory, M|
|poke|p2|Rayquaza|
|poke|p2|Smeargle, M|
|poke|p2|Yveltal|
|poke|p2|Arceus-*|
|teampreview
|
|t:|1626809985
|start
|switch|p1a: Arceus|Arceus-Fairy|100/100
|switch|p2a: Arceus|Arceus|100/100
|turn|1
|
|t:|1626810001
|switch|p1a: Yveltal|Yveltal|100/100
|-ability|p1a: Yveltal|Dark Aura
|move|p2a: Arceus|Substitute|p2a: Arceus
|-start|p2a: Arceus|Substitute
|-damage|p2a: Arceus|75/100
|
|-heal|p2a: Arceus|82/100|[from] item: Leftovers
|upkeep
|turn|2
|
|t:|1626810007
|move|p2a: Arceus|Swords Dance|p2a: Arceus
|-boost|p2a: Arceus|atk|2
|move|p1a: Yveltal|Foul Play|p2a: Arceus
|-end|p2a: Arceus|Substitute
|
|-heal|p2a: Arceus|88/100|[from] item: Leftovers
|upkeep
|turn|3
|
|t:|1626810011
|move|p2a: Arceus|Extreme Speed|p1a: Yveltal
|-damage|p1a: Yveltal|37/100
|move|p1a: Yveltal|Foul Play|p2a: Arceus
|-damage|p2a: Arceus|0 fnt
|faint|p2a: Arceus
|
|upkeep
|c|☆Beatboxing_Phantom|ow
|c|☆Beatboxing_Phantom|that did a lot more than it usually does
|j| pok3m0n_123
|c|☆Beatboxing_Phantom|:/
|
|t:|1626810028
|switch|p2a: Kinda Toxic|Smeargle, M|100/100
|turn|4
|
|t:|1626810033
|move|p2a: Kinda Toxic|Spore|p1a: Yveltal
|-status|p1a: Yveltal|slp|[from] move: Spore
|cant|p1a: Yveltal|slp
|
|-ability|p2a: Kinda Toxic|Moody|boost
|-boost|p2a: Kinda Toxic|def|2
|-unboost|p2a: Kinda Toxic|spa|1
|upkeep
|turn|5
|
|t:|1626810040
|move|p2a: Kinda Toxic|Taunt|p1a: Yveltal
|-start|p1a: Yveltal|move: Taunt
|-curestatus|p1a: Yveltal|slp|[msg]
|move|p1a: Yveltal|U-turn|p2a: Kinda Toxic
|-damage|p2a: Kinda Toxic|77/100
|c|☆Beatboxing_Phantom|:/
|
|t:|1626810045
|switch|p1a: Arceus|Arceus-Fairy|100/100|[from]move: U-turn
|
|-ability|p2a: Kinda Toxic|Moody|boost
|-boost|p2a: Kinda Toxic|spe|2
|-unboost|p2a: Kinda Toxic|spa|1
|upkeep
|turn|6
|
|t:|1626810047
|move|p2a: Kinda Toxic|Spore|p1a: Arceus
|-status|p1a: Arceus|slp|[from] move: Spore
|cant|p1a: Arceus|slp
|
|-ability|p2a: Kinda Toxic|Moody|boost
|-boost|p2a: Kinda Toxic|atk|2
|-unboost|p2a: Kinda Toxic|spe|1
|upkeep
|turn|7
|j| supermario1096
|
|t:|1626810055
|move|p2a: Kinda Toxic|Baton Pass|p2a: Kinda Toxic
|j| ChibbetyChabo
|c|☆Beatboxing_Phantom|what an interesting turn of events
|c| supermario1096|I know exactly what to do here.
|
|t:|1626810064
|switch|p2a: Juggernaut|Rayquaza, shiny|100/100|[from]move: Baton Pass
|-ability|p2a: Juggernaut|Air Lock
|cant|p1a: Arceus|slp
|
|upkeep
|turn|8
|c|☆dasort|I didn't see the speed boost ;-;
|c|☆Beatboxing_Phantom|i
|c|☆Beatboxing_Phantom|am
|c|☆Beatboxing_Phantom|speeeeeeed
|
|t:|1626810094
|switch|p1a: Yveltal|Yveltal|37/100
|-ability|p1a: Yveltal|Dark Aura
|detailschange|p2a: Juggernaut|Rayquaza-Mega, shiny
|-mega|p2a: Juggernaut|Rayquaza|
|-weather|DeltaStream|[from] ability: Delta Stream|[of] p2a: Juggernaut
|move|p2a: Juggernaut|Dragon Ascent|p1a: Yveltal
|-damage|p1a: Yveltal|0 fnt
|-unboost|p2a: Juggernaut|def|1
|-unboost|p2a: Juggernaut|spd|1
|faint|p1a: Yveltal
|
|-weather|DeltaStream|[upkeep]
|upkeep
|
|t:|1626810101
|switch|p1a: Lunala|Lunala|100/100
|turn|9
|c|☆Beatboxing_Phantom|stahp it
|inactive|dasort has 120 seconds left.
|j|^Tic-Tac-Toe Guru
|j| Goddess Lax
|inactive|dasort has 90 seconds left.
|
|t:|1626810147
|move|p2a: Juggernaut|Dragon Ascent|p1a: Lunala
|-damage|p1a: Lunala|56/100
|-unboost|p2a: Juggernaut|def|1
|-unboost|p2a: Juggernaut|spd|1
|move|p1a: Lunala|Will-O-Wisp|p2a: Juggernaut
|-status|p2a: Juggernaut|brn
|
|-weather|DeltaStream|[upkeep]
|-damage|p2a: Juggernaut|94/100 brn|[from] brn
|upkeep
|turn|10
|
|t:|1626810152
|move|p2a: Juggernaut|Dragon Ascent|p1a: Lunala
|-damage|p1a: Lunala|10/100
|-unboost|p2a: Juggernaut|def|1
|-unboost|p2a: Juggernaut|spd|1
|move|p1a: Lunala|Roost|p1a: Lunala
|-heal|p1a: Lunala|60/100
|-singleturn|p1a: Lunala|move: Roost
|
|-weather|DeltaStream|[upkeep]
|-damage|p2a: Juggernaut|88/100 brn|[from] brn
|upkeep
|turn|11
|c|☆Beatboxing_Phantom|knew it
|
|t:|1626810156
|move|p2a: Juggernaut|Dragon Dance|p2a: Juggernaut
|-boost|p2a: Juggernaut|atk|1
|-boost|p2a: Juggernaut|spe|1
|move|p1a: Lunala|Roost|p1a: Lunala
|-heal|p1a: Lunala|100/100
|-singleturn|p1a: Lunala|move: Roost
|
|-weather|DeltaStream|[upkeep]
|-damage|p2a: Juggernaut|82/100 brn|[from] brn
|upkeep
|turn|12
|
|t:|1626810158
|move|p2a: Juggernaut|Dragon Ascent|p1a: Lunala
|-damage|p1a: Lunala|68/100
|-unboost|p2a: Juggernaut|def|1
|-unboost|p2a: Juggernaut|spd|1
|move|p1a: Lunala|Hex|p2a: Juggernaut
|-damage|p2a: Juggernaut|0 fnt
|faint|p2a: Juggernaut
|-weather|none
|
|upkeep
|
|t:|1626810165
|switch|p2a: Kinda Toxic|Smeargle, M|77/100
|turn|13
|
|t:|1626810170
|switch|p1a: Arceus|Arceus-Fairy|100/100 slp
|move|p2a: Kinda Toxic|Spore|p1a: Arceus
|-fail|p1a: Arceus|slp
|
|-ability|p2a: Kinda Toxic|Moody|boost
|-boost|p2a: Kinda Toxic|atk|2
|-unboost|p2a: Kinda Toxic|spe|1
|upkeep
|turn|14
|
|t:|1626810173
|-curestatus|p1a: Arceus|slp|[msg]
|move|p1a: Arceus|Judgment|p2a: Kinda Toxic
|-damage|p2a: Kinda Toxic|0 fnt
|faint|p2a: Kinda Toxic
|
|upkeep
|
|t:|1626810176
|switch|p2a: birb is the word|Skarmory, M|100/100
|turn|15
|c| supermario1096|Scarf Marsh steals the buffs off of the Pokemon Smeargle BPs too.
|
|t:|1626810181
|move|p1a: Arceus|Calm Mind|p1a: Arceus
|-boost|p1a: Arceus|spa|1
|-boost|p1a: Arceus|spd|1
|move|p2a: birb is the word|Rock Tomb|p1a: Arceus
|-damage|p1a: Arceus|93/100
|-unboost|p1a: Arceus|spe|1
|
|upkeep
|turn|16
|
|t:|1626810185
|move|p1a: Arceus|Judgment|p2a: birb is the word
|-resisted|p2a: birb is the word
|-damage|p2a: birb is the word|50/100
|move|p2a: birb is the word|Stealth Rock|p1a: Arceus
|-sidestart|p1: dasort|move: Stealth Rock
|
|upkeep
|turn|17
|c|☆Beatboxing_Phantom|yes ik
|
|t:|1626810189
|move|p1a: Arceus|Judgment|p2a: birb is the word
|-resisted|p2a: birb is the word
|-damage|p2a: birb is the word|0 fnt
|faint|p2a: birb is the word
|
|upkeep
|
|t:|1626810194
|switch|p2a: spooky boi|Marshadow|100/100
|turn|18
|
|t:|1626810219
|switch|p1a: Lunala|Lunala|68/100
|move|p2a: spooky boi|Spectral Thief|p1a: Lunala
|-supereffective|p1a: Lunala
|-damage|p1a: Lunala|0 fnt
|faint|p1a: Lunala
|
|upkeep
|c| supermario1096|What if I used that to stop Smeargle BP teams?
|
|t:|1626810225
|switch|p1a: Necrozma|Necrozma-Dusk-Mane|100/100
|-damage|p1a: Necrozma|94/100|[from] Stealth Rock
|turn|19
|
|t:|1626810230
|move|p2a: spooky boi|Spectral Thief|p1a: Necrozma
|-supereffective|p1a: Necrozma
|-damage|p1a: Necrozma|53/100
|-damage|p2a: spooky boi|84/100|[from] item: Rocky Helmet|[of] p1a: Necrozma
|move|p1a: Necrozma|Stealth Rock|p2a: spooky boi
|-sidestart|p2: Beatboxing_Phantom|move: Stealth Rock
|
|upkeep
|turn|20
|
|t:|1626810234
|move|p2a: spooky boi|Spectral Thief|p1a: Necrozma
|-supereffective|p1a: Necrozma
|-damage|p1a: Necrozma|13/100
|-damage|p2a: spooky boi|68/100|[from] item: Rocky Helmet|[of] p1a: Necrozma
|move|p1a: Necrozma|Morning Sun|p1a: Necrozma
|-heal|p1a: Necrozma|63/100
|
|upkeep
|turn|21
|c|☆Beatboxing_Phantom|wouldnt really stop me
|
|t:|1626810246
|move|p2a: spooky boi|Spectral Thief|p1a: Necrozma
|-supereffective|p1a: Necrozma
|-damage|p1a: Necrozma|24/100
|-damage|p2a: spooky boi|51/100|[from] item: Rocky Helmet|[of] p1a: Necrozma
|move|p1a: Necrozma|Morning Sun|p1a: Necrozma
|-heal|p1a: Necrozma|74/100
|
|upkeep
|turn|22
|
|t:|1626810253
|move|p2a: spooky boi|Spectral Thief|p1a: Necrozma
|-supereffective|p1a: Necrozma
|-damage|p1a: Necrozma|37/100
|-damage|p2a: spooky boi|35/100|[from] item: Rocky Helmet|[of] p1a: Necrozma
|move|p1a: Necrozma|Morning Sun|p1a: Necrozma
|-heal|p1a: Necrozma|87/100
|
|upkeep
|turn|23
|
|t:|1626810264
|move|p2a: spooky boi|Spectral Thief|p1a: Necrozma
|-supereffective|p1a: Necrozma
|-damage|p1a: Necrozma|48/100
|-damage|p2a: spooky boi|18/100|[from] item: Rocky Helmet|[of] p1a: Necrozma
|move|p1a: Necrozma|Morning Sun|p1a: Necrozma
|-heal|p1a: Necrozma|98/100
|
|upkeep
|turn|24
|
|t:|1626810270
|move|p2a: spooky boi|Spectral Thief|p1a: Necrozma
|-supereffective|p1a: Necrozma
|-damage|p1a: Necrozma|59/100
|-damage|p2a: spooky boi|2/100|[from] item: Rocky Helmet|[of] p1a: Necrozma
|move|p1a: Necrozma|Morning Sun|p1a: Necrozma
|-heal|p1a: Necrozma|100/100
|
|upkeep
|turn|25
|
|t:|1626810286
|move|p2a: spooky boi|Spectral Thief|p1a: Necrozma
|-supereffective|p1a: Necrozma
|-damage|p1a: Necrozma|60/100
|-damage|p2a: spooky boi|0 fnt|[from] item: Rocky Helmet|[of] p1a: Necrozma
|faint|p2a: spooky boi
|move|p1a: Necrozma|Knock Off|p2: spooky boi|[notarget]
|-fail|p1a: Necrozma
|
|upkeep
|
|t:|1626810288
|switch|p2a: Yveltal|Yveltal|100/100
|-damage|p2a: Yveltal|76/100|[from] Stealth Rock
|-ability|p2a: Yveltal|Dark Aura
|turn|26
|
|t:|1626810294
|-start|p2a: Yveltal|Dynamax
|-heal|p2a: Yveltal|76/100|[silent]
|move|p2a: Yveltal|Max Airstream|p1a: Necrozma
|-resisted|p1a: Necrozma
|-damage|p1a: Necrozma|18/100
|-boost|p2a: Yveltal|spe|1
|-damage|p2a: Yveltal|71/100|[from] item: Life Orb
|move|p1a: Necrozma|Knock Off|p2a: Yveltal
|-resisted|p2a: Yveltal
|-damage|p2a: Yveltal|60/100
|-enditem|p2a: Yveltal|Life Orb|[from] move: Knock Off|[of] p1a: Necrozma
|
|upkeep
|turn|27
|c|☆Beatboxing_Phantom|:/
|
|t:|1626810299
|move|p2a: Yveltal|Max Flare|p1a: Necrozma
|-supereffective|p1a: Necrozma
|-damage|p1a: Necrozma|0 fnt
|-weather|SunnyDay
|faint|p1a: Necrozma
|
|-weather|SunnyDay|[upkeep]
|upkeep
|
|t:|1626810303
|switch|p1a: Arceus|Arceus-Fairy|93/100
|-damage|p1a: Arceus|81/100|[from] Stealth Rock
|turn|28
|
|t:|1626810317
|-start|p1a: Arceus|Dynamax
|-heal|p1a: Arceus|81/100|[silent]
|move|p1a: Arceus|Max Guard|p1a: Arceus
|-singleturn|p1a: Arceus|Max Guard
|move|p2a: Yveltal|Max Darkness|p1a: Arceus
|-activate|p1a: Arceus|move: Max Guard
|
|-weather|SunnyDay|[upkeep]
|-end|p2a: Yveltal|Dynamax
|-heal|p2a: Yveltal|60/100|[silent]
|upkeep
|turn|29
|
|t:|1626810336
|move|p2a: Yveltal|Oblivion Wing|p1a: Arceus
|-damage|p1a: Arceus|66/100
|-heal|p2a: Yveltal|86/100|[from] drain|[of] p1a: Arceus
|move|p1a: Arceus|Max Starfall|p2a: Yveltal
|-supereffective|p2a: Yveltal
|-damage|p2a: Yveltal|0 fnt
|-fieldstart|move: Misty Terrain
|faint|p2a: Yveltal
|
|win|dasort
|n|☆dasort|dasort
|n|☆Beatboxing_Phantom|beatboxingphantom
|n| pok3m0n_123|pok3m0n123
|n| supermario1096|supermario1096
|n| ChibbetyChabo|chibbetychabo
|n| Tic-Tac-Toe Guru|tictactoeguru
|n| Goddess Lax|goddesslax
|c|☆Beatboxing_Phantom|gg m8
|c|☆dasort|gg
|l|☆Beatboxing_Phantom
|l| Tic-Tac-Toe Guru
|l|☆dasort
