|j|☆caprisong
|j|☆Ahuehuehue
|t:|1659068968
|gametype|singles
|player|p1|caprisong|may-masters|1737
|player|p2|Ahuehuehue|1|1660
|teamsize|p1|6
|teamsize|p2|6
|gen|8
|tier|[Gen 8] National Dex AG
|rated|
|rule|HP Percentage Mod: HP is shown in percentages
|rule|Endless Battle Clause: Forcing endless battles is banned
|clearpoke
|poke|p1|Ditto|
|poke|p1|Necrozma-Dusk-Mane|
|poke|p1|Ho-Oh|
|poke|p1|Arceus-*|
|poke|p1|Eternatus|
|poke|p1|Groudon|
|poke|p2|Ho-Oh|
|poke|p2|Darmanitan-Galar, M|
|poke|p2|Groudon|
|poke|p2|Arceus-*|
|poke|p2|Rayquaza|
|poke|p2|Grimmsnarl, M|
|teampreview
|
|t:|1659068978
|start
|switch|p1a: GOD DONT LIKE UGLY|Eternatus|100/100
|switch|p2a: ICE MONKE|Darmanitan-Galar, M|100/100
|-ability|p1a: GOD DONT LIKE UGLY|Pressure
|turn|1
|
|t:|1659068981
|switch|p1a: HAZARD DUTY PAY|Necrozma-Dusk-Mane, shiny|100/100
|move|p2a: ICE MONKE|Icicle Crash|p1a: HAZARD DUTY PAY
|-resisted|p1a: HAZARD DUTY PAY
|-damage|p1a: HAZARD DUTY PAY|80/100
|
|upkeep
|turn|2
|
|t:|1659068984
|switch|p2a: GOD OR DOG|Arceus-Ground|100/100
|move|p1a: HAZARD DUTY PAY|Stealth Rock|p2a: GOD OR DOG
|-sidestart|p2: Ahuehuehue|move: Stealth Rock
|
|upkeep
|turn|3
|
|t:|1659068994
|switch|p2a: IMMORTAL PHOENIX|Ho-Oh, shiny|100/100
|switch|p1a: DIKEMBE|Ho-Oh, shiny|100/100
|
|upkeep
|turn|4
|
|t:|1659068998
|switch|p1a: GOD DONT LIKE UGLY|Eternatus|100/100
|-ability|p1a: GOD DONT LIKE UGLY|Pressure
|move|p2a: IMMORTAL PHOENIX|Defog|p1a: GOD DONT LIKE UGLY
|-unboost|p1a: GOD DONT LIKE UGLY|evasion|1
|-sideend|p2: Ahuehuehue|Stealth Rock|[from] move: Defog|[of] p2a: IMMORTAL PHOENIX
|
|upkeep
|turn|5
|
|t:|1659069006
|switch|p2a: ICE MONKE|Darmanitan-Galar, M|100/100
|move|p1a: GOD DONT LIKE UGLY|Toxic Spikes|p2a: ICE MONKE
|-sidestart|p2: Ahuehuehue|move: Toxic Spikes
|
|upkeep
|turn|6
|
|t:|1659069013
|switch|p1a: DIKEMBE|Ho-Oh, shiny|100/100
|move|p2a: ICE MONKE|Earthquake|p1a: DIKEMBE
|-immune|p1a: DIKEMBE
|
|upkeep
|turn|7
|
|t:|1659069019
|switch|p2a: IMMORTAL PHOENIX|Ho-Oh, shiny|100/100
|move|p1a: DIKEMBE|Whirlwind|p2a: IMMORTAL PHOENIX
|drag|p2a: ZAYTAN|Grimmsnarl, M|100/100
|-status|p2a: ZAYTAN|psn
|
|-damage|p2a: ZAYTAN|88/100 psn|[from] psn
|upkeep
|turn|8
|
|t:|1659069026
|switch|p2a: IMMORTAL PHOENIX|Ho-Oh, shiny|100/100
|move|p1a: DIKEMBE|Sacred Fire|p2a: IMMORTAL PHOENIX|[miss]
|-miss|p1a: DIKEMBE|p2a: IMMORTAL PHOENIX
|
|upkeep
|turn|9
|
|t:|1659069029
|move|p2a: IMMORTAL PHOENIX|Defog|p1a: DIKEMBE
|-unboost|p1a: DIKEMBE|evasion|1
|-sideend|p2: Ahuehuehue|Toxic Spikes|[from] move: Defog|[of] p2a: IMMORTAL PHOENIX
|move|p1a: DIKEMBE|Whirlwind|p2a: IMMORTAL PHOENIX
|drag|p2a: GOD OR DOG|Arceus-Ground|100/100
|
|upkeep
|turn|10
|
|t:|1659069034
|switch|p2a: IMMORTAL PHOENIX|Ho-Oh, shiny|100/100
|move|p1a: DIKEMBE|Sacred Fire|p2a: IMMORTAL PHOENIX
|-resisted|p2a: IMMORTAL PHOENIX
|-damage|p2a: IMMORTAL PHOENIX|83/100
|
|upkeep
|turn|11
|
|t:|1659069038
|switch|p1a: GOD DONT LIKE UGLY|Eternatus|100/100
|-ability|p1a: GOD DONT LIKE UGLY|Pressure
|move|p2a: IMMORTAL PHOENIX|Sacred Fire|p1a: GOD DONT LIKE UGLY
|-resisted|p1a: GOD DONT LIKE UGLY
|-damage|p1a: GOD DONT LIKE UGLY|84/100
|
|-heal|p1a: GOD DONT LIKE UGLY|90/100|[from] item: Black Sludge
|upkeep
|turn|12
|
|t:|1659069048
|switch|p2a: SANIC|Groudon|100/100
|detailschange|p2a: SANIC|Groudon-Primal
|-primal|p2a: SANIC
|-weather|DesolateLand|[from] ability: Desolate Land|[of] p2a: SANIC
|move|p1a: GOD DONT LIKE UGLY|Toxic Spikes|p2a: SANIC
|-sidestart|p2: Ahuehuehue|move: Toxic Spikes
|
|-weather|DesolateLand|[upkeep]
|-heal|p1a: GOD DONT LIKE UGLY|96/100|[from] item: Black Sludge
|upkeep
|turn|13
|
|t:|1659069054
|switch|p1a: THE BENDS|Arceus-Ground|100/100
|move|p2a: SANIC|Swords Dance|p2a: SANIC
|-boost|p2a: SANIC|atk|2
|
|-weather|DesolateLand|[upkeep]
|upkeep
|turn|14
|
|t:|1659069058
|-weather|none
|switch|p2a: COVID|Rayquaza|100/100
|-ability|p2a: COVID|Air Lock
|move|p1a: THE BENDS|Judgment|p2a: COVID
|-immune|p2a: COVID
|
|upkeep
|turn|15
|
|t:|1659069063
|detailschange|p2a: COVID|Rayquaza-Mega
|-mega|p2a: COVID|Rayquaza|
|-weather|DeltaStream|[from] ability: Delta Stream|[of] p2a: COVID
|move|p2a: COVID|Dragon Ascent|p1a: THE BENDS
|-crit|p1a: THE BENDS
|-damage|p1a: THE BENDS|18/100
|-unboost|p2a: COVID|def|1
|-unboost|p2a: COVID|spd|1
|-damage|p2a: COVID|91/100|[from] item: Life Orb
|move|p1a: THE BENDS|Ice Beam|p2a: COVID
|-activate||deltastream
|-supereffective|p2a: COVID
|-damage|p2a: COVID|22/100
|
|-weather|DeltaStream|[upkeep]
|upkeep
|turn|16
|
|t:|1659069074
|switch|p1a: HAZARD DUTY PAY|Necrozma-Dusk-Mane, shiny|80/100
|move|p2a: COVID|Dragon Ascent|p1a: HAZARD DUTY PAY
|-resisted|p1a: HAZARD DUTY PAY
|-damage|p1a: HAZARD DUTY PAY|51/100
|-unboost|p2a: COVID|def|1
|-unboost|p2a: COVID|spd|1
|-damage|p2a: COVID|5/100|[from] item: Rocky Helmet|[of] p1a: HAZARD DUTY PAY
|-damage|p2a: COVID|0 fnt|[from] item: Life Orb
|faint|p2a: COVID
|-weather|none
|
|upkeep
|
|t:|1659069085
|switch|p2a: ICE MONKE|Darmanitan-Galar, M|100/100
|-status|p2a: ICE MONKE|psn
|turn|17
|
|t:|1659069095
|switch|p1a: DIKEMBE|Ho-Oh, shiny|100/100
|move|p2a: ICE MONKE|Earthquake|p1a: DIKEMBE
|-immune|p1a: DIKEMBE
|
|-damage|p2a: ICE MONKE|88/100 psn|[from] psn
|upkeep
|turn|18
|
|t:|1659069103
|switch|p2a: IMMORTAL PHOENIX|Ho-Oh, shiny|100/100
|move|p1a: DIKEMBE|Whirlwind|p2a: IMMORTAL PHOENIX
|drag|p2a: ICE MONKE|Darmanitan-Galar, M|88/100 psn
|
|-damage|p2a: ICE MONKE|76/100 psn|[from] psn
|upkeep
|turn|19
|
|t:|1659069108
|move|p2a: ICE MONKE|U-turn|p1a: DIKEMBE
|-resisted|p1a: DIKEMBE
|-damage|p1a: DIKEMBE|94/100
|
|t:|1659069109
|switch|p2a: IMMORTAL PHOENIX|Ho-Oh, shiny|100/100|[from]move: U-turn
|move|p1a: DIKEMBE|Whirlwind|p2a: IMMORTAL PHOENIX
|drag|p2a: ZAYTAN|Grimmsnarl, M|88/100 psn
|
|-damage|p2a: ZAYTAN|76/100 psn|[from] psn
|upkeep
|turn|20
|
|t:|1659069115
|move|p2a: ZAYTAN|Reflect|p2a: ZAYTAN
|-sidestart|p2: Ahuehuehue|Reflect
|move|p1a: DIKEMBE|Whirlwind|p2a: ZAYTAN
|drag|p2a: ICE MONKE|Darmanitan-Galar, M|76/100 psn
|
|-damage|p2a: ICE MONKE|64/100 psn|[from] psn
|upkeep
|turn|21
|
|t:|1659069119
|move|p2a: ICE MONKE|Icicle Crash|p1a: DIKEMBE
|-damage|p1a: DIKEMBE|47/100
|move|p1a: DIKEMBE|Whirlwind|p2a: ICE MONKE
|drag|p2a: ZAYTAN|Grimmsnarl, M|76/100 psn
|
|-damage|p2a: ZAYTAN|63/100 psn|[from] psn
|upkeep
|turn|22
|
|t:|1659069126
|switch|p2a: IMMORTAL PHOENIX|Ho-Oh, shiny|100/100
|move|p1a: DIKEMBE|Whirlwind|p2a: IMMORTAL PHOENIX
|drag|p2a: ICE MONKE|Darmanitan-Galar, M|64/100 psn
|
|-damage|p2a: ICE MONKE|51/100 psn|[from] psn
|upkeep
|turn|23
|
|t:|1659069134
|switch|p1a: HAZARD DUTY PAY|Necrozma-Dusk-Mane, shiny|51/100
|move|p2a: ICE MONKE|Flare Blitz|p1a: HAZARD DUTY PAY
|-supereffective|p1a: HAZARD DUTY PAY
|-damage|p1a: HAZARD DUTY PAY|0 fnt
|-damage|p2a: ICE MONKE|35/100 psn|[from] item: Rocky Helmet|[of] p1a: HAZARD DUTY PAY
|faint|p1a: HAZARD DUTY PAY
|-damage|p2a: ICE MONKE|16/100 psn|[from] Recoil
|
|-damage|p2a: ICE MONKE|4/100 psn|[from] psn
|upkeep
|
|t:|1659069142
|switch|p1a: GOD DONT LIKE UGLY|Eternatus|96/100
|-ability|p1a: GOD DONT LIKE UGLY|Pressure
|turn|24
|
|t:|1659069145
|switch|p2a: IMMORTAL PHOENIX|Ho-Oh, shiny|100/100
|move|p1a: GOD DONT LIKE UGLY|Recover|p1a: GOD DONT LIKE UGLY
|-heal|p1a: GOD DONT LIKE UGLY|100/100
|
|upkeep
|turn|25
|
|t:|1659069148
|move|p1a: GOD DONT LIKE UGLY|Sludge Bomb|p2a: IMMORTAL PHOENIX
|-damage|p2a: IMMORTAL PHOENIX|82/100
|-status|p2a: IMMORTAL PHOENIX|psn
|move|p2a: IMMORTAL PHOENIX|Defog|p1a: GOD DONT LIKE UGLY
|-unboost|p1a: GOD DONT LIKE UGLY|evasion|1
|-sideend|p2: Ahuehuehue|Toxic Spikes|[from] move: Defog|[of] p2a: IMMORTAL PHOENIX
|
|-damage|p2a: IMMORTAL PHOENIX|70/100 psn|[from] psn
|upkeep
|turn|26
|
|t:|1659069151
|switch|p2a: GOD OR DOG|Arceus-Ground|100/100
|move|p1a: GOD DONT LIKE UGLY|Toxic Spikes|p2a: GOD OR DOG
|-sidestart|p2: Ahuehuehue|move: Toxic Spikes
|
|upkeep
|turn|27
|
|t:|1659069154
|switch|p1a: DIKEMBE|Ho-Oh, shiny|80/100
|move|p2a: GOD OR DOG|Calm Mind|p2a: GOD OR DOG
|-boost|p2a: GOD OR DOG|spa|1
|-boost|p2a: GOD OR DOG|spd|1
|
|-sideend|p2: Ahuehuehue|Reflect
|upkeep
|turn|28
|
|t:|1659069159
|-start|p2a: GOD OR DOG|Dynamax|
|-heal|p2a: GOD OR DOG|100/100|[silent]
|move|p2a: GOD OR DOG|Max Hailstorm|p1a: DIKEMBE
|-damage|p1a: DIKEMBE|57/100
|-weather|Hail
|move|p1a: DIKEMBE|Whirlwind|p2a: GOD OR DOG
|-block|p2a: GOD OR DOG|Dynamax
|
|-weather|Hail|[upkeep]
|-damage|p2a: GOD OR DOG|97/100|[from] Hail
|-damage|p1a: DIKEMBE|51/100|[from] Hail
|upkeep
|turn|29
|
|t:|1659069167
|-start|p1a: DIKEMBE|Dynamax|
|-heal|p1a: DIKEMBE|51/100|[silent]
|move|p1a: DIKEMBE|Max Guard|p1a: DIKEMBE
|-singleturn|p1a: DIKEMBE|Max Guard
|move|p2a: GOD OR DOG|Max Hailstorm|p1a: DIKEMBE
|-activate|p1a: DIKEMBE|move: Max Guard
|
|-weather|Hail|[upkeep]
|-damage|p2a: GOD OR DOG|94/100|[from] Hail
|-damage|p1a: DIKEMBE|48/100|[from] Hail
|upkeep
|turn|30
|
|t:|1659069173
|move|p2a: GOD OR DOG|Max Hailstorm|p1a: DIKEMBE
|-damage|p1a: DIKEMBE|34/100
|move|p1a: DIKEMBE|Max Flare|p2a: GOD OR DOG
|-damage|p2a: GOD OR DOG|80/100
|-weather|SunnyDay
|
|-weather|SunnyDay|[upkeep]
|upkeep
|-end|p2a: GOD OR DOG|Dynamax
|-heal|p2a: GOD OR DOG|80/100|[silent]
|turn|31
|
|t:|1659069182
|move|p1a: DIKEMBE|Max Guard|p1a: DIKEMBE
|-singleturn|p1a: DIKEMBE|Max Guard
|move|p2a: GOD OR DOG|Ice Beam|p1a: DIKEMBE
|-activate|p1a: DIKEMBE|move: Max Guard
|
|-weather|SunnyDay|[upkeep]
|upkeep
|-end|p1a: DIKEMBE|Dynamax
|-heal|p1a: DIKEMBE|34/100|[silent]
|turn|32
|
|t:|1659069186
|switch|p2a: IMMORTAL PHOENIX|Ho-Oh, shiny|100/100 psn
|move|p1a: DIKEMBE|Whirlwind|p2a: IMMORTAL PHOENIX
|drag|p2a: GOD OR DOG|Arceus-Ground|80/100
|-status|p2a: GOD OR DOG|psn
|
|-weather|SunnyDay|[upkeep]
|-damage|p2a: GOD OR DOG|68/100 psn|[from] psn
|upkeep
|turn|33
|j| v87
|
|t:|1659069195
|switch|p2a: IMMORTAL PHOENIX|Ho-Oh, shiny|100/100 psn
|switch|p1a: GOD DONT LIKE UGLY|Eternatus|100/100
|-ability|p1a: GOD DONT LIKE UGLY|Pressure
|
|-weather|SunnyDay|[upkeep]
|-damage|p2a: IMMORTAL PHOENIX|88/100 psn|[from] psn
|upkeep
|turn|34
|
|t:|1659069199
|move|p1a: GOD DONT LIKE UGLY|Sludge Bomb|p2a: IMMORTAL PHOENIX
|-damage|p2a: IMMORTAL PHOENIX|69/100 psn
|move|p2a: IMMORTAL PHOENIX|Defog|p1a: GOD DONT LIKE UGLY
|-unboost|p1a: GOD DONT LIKE UGLY|evasion|1
|-sideend|p2: Ahuehuehue|Toxic Spikes|[from] move: Defog|[of] p2a: IMMORTAL PHOENIX
|
|-weather|none
|-damage|p2a: IMMORTAL PHOENIX|57/100 psn|[from] psn
|upkeep
|turn|35
|
|t:|1659069202
|move|p1a: GOD DONT LIKE UGLY|Toxic Spikes|p2a: IMMORTAL PHOENIX
|-sidestart|p2: Ahuehuehue|move: Toxic Spikes
|move|p2a: IMMORTAL PHOENIX|Roost|p2a: IMMORTAL PHOENIX
|-heal|p2a: IMMORTAL PHOENIX|100/100 psn
|-singleturn|p2a: IMMORTAL PHOENIX|move: Roost
|
|-damage|p2a: IMMORTAL PHOENIX|88/100 psn|[from] psn
|upkeep
|turn|36
|
|t:|1659069207
|switch|p1a: THE BENDS|Arceus-Ground|18/100
|move|p2a: IMMORTAL PHOENIX|Defog|p1a: THE BENDS
|-unboost|p1a: THE BENDS|evasion|1
|-sideend|p2: Ahuehuehue|Toxic Spikes|[from] move: Defog|[of] p2a: IMMORTAL PHOENIX
|
|-damage|p2a: IMMORTAL PHOENIX|76/100 psn|[from] psn
|upkeep
|turn|37
|
|t:|1659069211
|move|p1a: THE BENDS|Recover|p1a: THE BENDS
|-heal|p1a: THE BENDS|68/100
|move|p2a: IMMORTAL PHOENIX|Sacred Fire|p1a: THE BENDS
|-damage|p1a: THE BENDS|45/100
|-status|p1a: THE BENDS|brn
|
|-damage|p2a: IMMORTAL PHOENIX|64/100 psn|[from] psn
|-damage|p1a: THE BENDS|39/100 brn|[from] brn
|upkeep
|turn|38
|
|t:|1659069214
|switch|p2a: GOD OR DOG|Arceus-Ground|68/100 psn
|move|p1a: THE BENDS|Recover|p1a: THE BENDS
|-heal|p1a: THE BENDS|89/100 brn
|
|-damage|p2a: GOD OR DOG|56/100 psn|[from] psn
|-damage|p1a: THE BENDS|83/100 brn|[from] brn
|upkeep
|turn|39
|
|t:|1659069219
|switch|p1a: DIKEMBE|Ho-Oh, shiny|67/100
|move|p2a: GOD OR DOG|Recover|p2a: GOD OR DOG
|-heal|p2a: GOD OR DOG|100/100 psn
|
|-damage|p2a: GOD OR DOG|88/100 psn|[from] psn
|upkeep
|turn|40
|
|t:|1659069222
|move|p2a: GOD OR DOG|Ice Beam|p1a: DIKEMBE
|-damage|p1a: DIKEMBE|56/100
|move|p1a: DIKEMBE|Whirlwind|p2a: GOD OR DOG
|drag|p2a: ZAYTAN|Grimmsnarl, M|63/100 psn
|
|-damage|p2a: ZAYTAN|51/100 psn|[from] psn
|upkeep
|turn|41
|
|t:|1659069229
|switch|p1a: FUX URSELF|Groudon, shiny|100/100
|detailschange|p1a: FUX URSELF|Groudon-Primal, shiny
|-primal|p1a: FUX URSELF
|-weather|DesolateLand|[from] ability: Desolate Land|[of] p1a: FUX URSELF
|move|p2a: ZAYTAN|Reflect|p2a: ZAYTAN
|-sidestart|p2: Ahuehuehue|Reflect
|
|-weather|DesolateLand|[upkeep]
|-damage|p2a: ZAYTAN|38/100 psn|[from] psn
|upkeep
|turn|42
|
|t:|1659069235
|switch|p2a: GOD OR DOG|Arceus-Ground|88/100 psn
|move|p1a: FUX URSELF|Eruption|p2a: GOD OR DOG
|-damage|p2a: GOD OR DOG|0 fnt
|faint|p2a: GOD OR DOG
|
|-weather|DesolateLand|[upkeep]
|upkeep
|
|t:|1659069240
|switch|p2a: ICE MONKE|Darmanitan-Galar, M|4/100 psn
|turn|43
|
|t:|1659069244
|-weather|none
|switch|p1a: DIKEMBE|Ho-Oh, shiny|89/100
|move|p2a: ICE MONKE|Icicle Crash|p1a: DIKEMBE
|-damage|p1a: DIKEMBE|35/100
|
|-damage|p2a: ICE MONKE|0 fnt|[from] psn
|faint|p2a: ICE MONKE
|upkeep
|
|t:|1659069248
|switch|p2a: SANIC|Groudon-Primal|100/100
|-weather|DesolateLand|[from] ability: Desolate Land|[of] p2a: SANIC
|turn|44
|
|t:|1659069257
|switch|p1a: FUX URSELF|Groudon-Primal, shiny|100/100
|move|p2a: SANIC|Rock Tomb|p1a: FUX URSELF
|-damage|p1a: FUX URSELF|81/100
|-unboost|p1a: FUX URSELF|spe|1
|
|-weather|DesolateLand|[upkeep]
|upkeep
|turn|45
|
|t:|1659069262
|move|p2a: SANIC|Precipice Blades|p1a: FUX URSELF
|-supereffective|p1a: FUX URSELF
|-damage|p1a: FUX URSELF|0 fnt
|faint|p1a: FUX URSELF
|
|-weather|DesolateLand|[upkeep]
|upkeep
|
|t:|1659069264
|switch|p1a: THE BENDS|Arceus-Ground|83/100 brn
|turn|46
|
|t:|1659069270
|-weather|none
|switch|p2a: IMMORTAL PHOENIX|Ho-Oh, shiny|97/100 psn
|move|p1a: THE BENDS|Judgment|p2a: IMMORTAL PHOENIX
|-immune|p2a: IMMORTAL PHOENIX
|
|-damage|p2a: IMMORTAL PHOENIX|85/100 psn|[from] psn
|-damage|p1a: THE BENDS|77/100 brn|[from] brn
|upkeep
|turn|47
|
|t:|1659069272
|switch|p1a: GOD DONT LIKE UGLY|Eternatus|100/100
|-ability|p1a: GOD DONT LIKE UGLY|Pressure
|switch|p2a: ZAYTAN|Grimmsnarl, M|38/100 psn
|
|-damage|p2a: ZAYTAN|26/100 psn|[from] psn
|upkeep
|turn|48
|
|t:|1659069276
|move|p2a: ZAYTAN|Light Screen|p2a: ZAYTAN
|-sidestart|p2: Ahuehuehue|move: Light Screen
|move|p1a: GOD DONT LIKE UGLY|Toxic Spikes|p2a: ZAYTAN
|-sidestart|p2: Ahuehuehue|move: Toxic Spikes
|
|-damage|p2a: ZAYTAN|13/100 psn|[from] psn
|-sideend|p2: Ahuehuehue|Reflect
|upkeep
|turn|49
|
|t:|1659069284
|switch|p1a: DIKEMBE|Ho-Oh, shiny|68/100
|move|p2a: ZAYTAN|Reflect|p2a: ZAYTAN
|-sidestart|p2: Ahuehuehue|Reflect
|
|-damage|p2a: ZAYTAN|1/100 psn|[from] psn
|upkeep
|turn|50
|
|t:|1659069291
|switch|p2a: IMMORTAL PHOENIX|Ho-Oh, shiny|100/100 psn
|move|p1a: DIKEMBE|Defog|p2a: IMMORTAL PHOENIX
|-unboost|p2a: IMMORTAL PHOENIX|evasion|1
|-sideend|p2: Ahuehuehue|Reflect
|-sideend|p2: Ahuehuehue|move: Light Screen
|-sideend|p2: Ahuehuehue|Toxic Spikes|[from] move: Defog|[of] p1a: DIKEMBE
|
|-damage|p2a: IMMORTAL PHOENIX|88/100 psn|[from] psn
|upkeep
|turn|51
|
|t:|1659069297
|switch|p1a: GOD DONT LIKE UGLY|Eternatus|100/100
|-ability|p1a: GOD DONT LIKE UGLY|Pressure
|move|p2a: IMMORTAL PHOENIX|Toxic|p1a: GOD DONT LIKE UGLY
|-immune|p1a: GOD DONT LIKE UGLY
|
|-damage|p2a: IMMORTAL PHOENIX|76/100 psn|[from] psn
|upkeep
|turn|52
|
|t:|1659069300
|move|p1a: GOD DONT LIKE UGLY|Toxic Spikes|p2a: IMMORTAL PHOENIX
|-sidestart|p2: Ahuehuehue|move: Toxic Spikes
|move|p2a: IMMORTAL PHOENIX|Sacred Fire|p1a: GOD DONT LIKE UGLY
|-resisted|p1a: GOD DONT LIKE UGLY
|-damage|p1a: GOD DONT LIKE UGLY|84/100
|-status|p1a: GOD DONT LIKE UGLY|brn
|
|-heal|p1a: GOD DONT LIKE UGLY|90/100 brn|[from] item: Black Sludge
|-damage|p2a: IMMORTAL PHOENIX|64/100 psn|[from] psn
|-damage|p1a: GOD DONT LIKE UGLY|84/100 brn|[from] brn
|upkeep
|turn|53
|
|t:|1659069303
|move|p1a: GOD DONT LIKE UGLY|Sludge Bomb|p2a: IMMORTAL PHOENIX
|-damage|p2a: IMMORTAL PHOENIX|44/100 psn
|move|p2a: IMMORTAL PHOENIX|Defog|p1a: GOD DONT LIKE UGLY
|-unboost|p1a: GOD DONT LIKE UGLY|evasion|1
|-sideend|p2: Ahuehuehue|Toxic Spikes|[from] move: Defog|[of] p2a: IMMORTAL PHOENIX
|
|-heal|p1a: GOD DONT LIKE UGLY|90/100 brn|[from] item: Black Sludge
|-damage|p2a: IMMORTAL PHOENIX|32/100 psn|[from] psn
|-damage|p1a: GOD DONT LIKE UGLY|84/100 brn|[from] brn
|upkeep
|turn|54
|
|t:|1659069307
|switch|p2a: SANIC|Groudon-Primal|100/100
|-weather|DesolateLand|[from] ability: Desolate Land|[of] p2a: SANIC
|move|p1a: GOD DONT LIKE UGLY|Sludge Bomb|p2a: SANIC
|-resisted|p2a: SANIC
|-damage|p2a: SANIC|83/100
|
|-weather|DesolateLand|[upkeep]
|-heal|p1a: GOD DONT LIKE UGLY|90/100 brn|[from] item: Black Sludge
|-damage|p1a: GOD DONT LIKE UGLY|84/100 brn|[from] brn
|upkeep
|turn|55
|
|t:|1659069322
|switch|p1a: DIKEMBE|Ho-Oh, shiny|100/100
|move|p2a: SANIC|Rock Tomb|p1a: DIKEMBE
|-supereffective|p1a: DIKEMBE
|-damage|p1a: DIKEMBE|26/100
|-unboost|p1a: DIKEMBE|spe|1
|
|-weather|DesolateLand|[upkeep]
|upkeep
|turn|56
|
|t:|1659069330
|switch|p1a: OFFLINE!|Ditto|100/100
|-transform|p1a: OFFLINE!|p2a: SANIC|[from] ability: Imposter
|move|p2a: SANIC|Rock Tomb|p1a: OFFLINE!
|-damage|p1a: OFFLINE!|82/100
|-unboost|p1a: OFFLINE!|spe|1
|
|-weather|DesolateLand|[upkeep]
|upkeep
|turn|57
|
|t:|1659069339
|switch|p1a: THE BENDS|Arceus-Ground|77/100 brn
|move|p2a: SANIC|Precipice Blades|p1a: THE BENDS|[miss]
|-miss|p2a: SANIC|p1a: THE BENDS
|
|-weather|DesolateLand|[upkeep]
|-damage|p1a: THE BENDS|70/100 brn|[from] brn
|upkeep
|turn|58
|
|t:|1659069345
|-weather|none
|switch|p2a: IMMORTAL PHOENIX|Ho-Oh, shiny|65/100 psn
|move|p1a: THE BENDS|Recover|p1a: THE BENDS
|-heal|p1a: THE BENDS|100/100 brn
|
|-damage|p2a: IMMORTAL PHOENIX|53/100 psn|[from] psn
|-damage|p1a: THE BENDS|94/100 brn|[from] brn
|upkeep
|turn|59
|
|t:|1659069354
|switch|p1a: DIKEMBE|Ho-Oh, shiny|60/100
|switch|p2a: SANIC|Groudon-Primal|83/100
|-weather|DesolateLand|[from] ability: Desolate Land|[of] p2a: SANIC
|
|-weather|DesolateLand|[upkeep]
|upkeep
|turn|60
|
|t:|1659069363
|switch|p1a: THE BENDS|Arceus-Ground|94/100 brn
|move|p2a: SANIC|Rock Tomb|p1a: THE BENDS
|-resisted|p1a: THE BENDS
|-damage|p1a: THE BENDS|87/100 brn
|-unboost|p1a: THE BENDS|spe|1
|
|-weather|DesolateLand|[upkeep]
|-damage|p1a: THE BENDS|81/100 brn|[from] brn
|upkeep
|turn|61
|
|t:|1659069368
|move|p2a: SANIC|Swords Dance|p2a: SANIC
|-boost|p2a: SANIC|atk|2
|move|p1a: THE BENDS|Judgment|p2a: SANIC
|-supereffective|p2a: SANIC
|-crit|p2a: SANIC
|-damage|p2a: SANIC|0 fnt
|faint|p2a: SANIC
|-weather|none
|
|-damage|p1a: THE BENDS|75/100 brn|[from] brn
|upkeep
|-message|Ahuehuehue forfeited.
|
|win|caprisong
|raw|caprisong's rating: 1737 &rarr; <strong>1753</strong><br />(+16 for winning)
|raw|Ahuehuehue's rating: 1660 &rarr; <strong>1644</strong><br />(-16 for losing)
|l|☆Ahuehuehue
|l| v87
||Ladder isn't responding, score probably updated but might not have (Request timeout).
