|j|☆dasort
|j|☆Defensive0
|inactive|Battle timer is ON: inactive players will automatically lose when time's up.
|t:|1666808777
|gametype|singles
|player|p1|dasort|lenora|
|player|p2|Defensive0|riley|
|teamsize|p1|6
|teamsize|p2|6
|gen|8
|tier|[Gen 8] National Dex AG
|rated|Tournament battle
|rule|HP Percentage Mod: HP is shown in percentages
|rule|Endless Battle Clause: Forcing endless battles is banned
|clearpoke
|poke|p1|Rayquaza|
|poke|p1|Groudon|
|poke|p1|Necrozma-Dusk-Mane|
|poke|p1|Arceus-*|
|poke|p1|Yveltal|
|poke|p1|Lugia|
|poke|p2|Lugia|
|poke|p2|Arceus-*|
|poke|p2|Quagsire, M|
|poke|p2|Blissey, F|
|poke|p2|Tyranitar, M|
|poke|p2|Giratina|
|teampreview
|inactive|Defensive0 also wants the timer to be on.
|c|☆dasort|hf
|j| kizi22122
|c|☆Defensive0|u2
|inactive|dasort has 120 seconds left.
|c| kizi22122|stall
|c| kizi22122|or fake stall
|c|☆dasort|Or a mix of both
|c| kizi22122|curse sire gaming
|
|t:|1666808829
|start
|switch|p1a: Rayquaza|Rayquaza|100/100
|switch|p2a: Lugia|Lugia|100/100
|-ability|p1a: Rayquaza|Air Lock
|turn|1
|
|t:|1666808836
|switch|p1a: Necrozma|Necrozma-Dusk-Mane|100/100
|move|p2a: Lugia|Toxic|p1a: Necrozma|[miss]
|-miss|p2a: Lugia|p1a: Necrozma
|
|upkeep
|turn|2
|
|t:|1666808845
|switch|p2a: Quagsire|Quagsire, M|100/100
|move|p1a: Necrozma|Stealth Rock|p2a: Quagsire
|-sidestart|p2: Defensive0|move: Stealth Rock
|
|upkeep
|turn|3
|
|t:|1666808856
|switch|p1a: Arceus|Arceus-Dragon|100/100
|move|p2a: Quagsire|Toxic|p1a: Arceus|[miss]
|-miss|p2a: Quagsire|p1a: Arceus
|
|upkeep
|turn|4
|
|t:|1666808860
|switch|p1a: Necrozma|Necrozma-Dusk-Mane|100/100
|move|p2a: Quagsire|Toxic|p1a: Necrozma
|-immune|p1a: Necrozma
|
|upkeep
|turn|5
|c| kizi22122|skill issue
|j| Tarah204
|
|t:|1666808873
|switch|p1a: Arceus|Arceus-Dragon|100/100
|move|p2a: Quagsire|Counter||[still]
|-fail|p2a: Quagsire
|
|upkeep
|turn|6
|
|t:|1666808881
|move|p1a: Arceus|Judgment|p2a: Quagsire
|-damage|p2a: Quagsire|36/100
|move|p2a: Quagsire|Toxic|p1a: Arceus
|-status|p1a: Arceus|tox
|
|-damage|p1a: Arceus|94/100 tox|[from] psn
|upkeep
|turn|7
|
|t:|1666808888
|switch|p2a: Blissey|Blissey, F|100/100
|move|p1a: Arceus|Refresh|p1a: Arceus
|-curestatus|p1a: Arceus|tox|[msg]
|
|upkeep
|turn|8
|j| LocalMetagross
|
|t:|1666808893
|switch|p1a: Necrozma|Necrozma-Dusk-Mane|100/100
|switch|p2a: Quagsire|Quagsire, M|36/100
|-damage|p2a: Quagsire|30/100|[from] Stealth Rock
|
|upkeep
|turn|9
|
|t:|1666808902
|switch|p1a: Arceus|Arceus-Dragon|94/100
|move|p2a: Quagsire|Recover|p2a: Quagsire
|-heal|p2a: Quagsire|80/100
|
|upkeep
|turn|10
|
|t:|1666808914
|switch|p1a: Necrozma|Necrozma-Dusk-Mane|100/100
|switch|p2a: Blissey|Blissey, F|100/100
|
|upkeep
|turn|11
|
|t:|1666808918
|switch|p2a: Quagsire|Quagsire, M|80/100
|-damage|p2a: Quagsire|74/100|[from] Stealth Rock
|move|p1a: Necrozma|Knock Off|p2a: Quagsire
|-damage|p2a: Quagsire|50/100
|-damage|p1a: Necrozma|84/100|[from] item: Rocky Helmet|[of] p2a: Quagsire
|-enditem|p2a: Quagsire|Rocky Helmet|[from] move: Knock Off|[of] p1a: Necrozma
|
|upkeep
|turn|12
|c| kizi22122|quagsire has the best 2d sprite in the game
|c| kizi22122|change my mind
|
|t:|1666808933
|switch|p1a: Arceus|Arceus-Dragon|94/100
|move|p2a: Quagsire|Recover|p2a: Quagsire
|-heal|p2a: Quagsire|99/100
|
|upkeep
|turn|13
|c| Tarah204|hitmontop better
|
|t:|1666808942
|switch|p2a: Tyranitar|Tyranitar, M|100/100
|-damage|p2a: Tyranitar|88/100|[from] Stealth Rock
|-weather|Sandstorm|[from] ability: Sand Stream|[of] p2a: Tyranitar
|move|p1a: Arceus|Calm Mind|p1a: Arceus
|-boost|p1a: Arceus|spa|1
|-boost|p1a: Arceus|spd|1
|
|-weather|Sandstorm|[upkeep]
|-damage|p1a: Arceus|88/100|[from] Sandstorm
|-heal|p2a: Tyranitar|94/100|[from] item: Leftovers
|upkeep
|turn|14
|l| LocalMetagross
|l| Tarah204
|
|t:|1666808953
|move|p1a: Arceus|Judgment|p2a: Tyranitar
|-damage|p2a: Tyranitar|51/100
|move|p2a: Tyranitar|Stealth Rock|p1a: Arceus
|-sidestart|p1: dasort|move: Stealth Rock
|
|-weather|Sandstorm|[upkeep]
|-damage|p1a: Arceus|82/100|[from] Sandstorm
|-heal|p2a: Tyranitar|57/100|[from] item: Leftovers
|upkeep
|turn|15
|j| Tarah204
|c| kizi22122|i like how quagsire dances around so derpy
|c| kizi22122|woopers 3d sprite beats it tho
|inactive|Defensive0 has 120 seconds left.
|c| kizi22122|wooper smacking its tail is just to cute
|j|@Ransei
|inactive|Defensive0 has 90 seconds left.
|inactive|Defensive0 has 60 seconds left.
|
|t:|1666809043
|switch|p2a: Blissey|Blissey, F|100/100
|move|p1a: Arceus|Judgment|p2a: Blissey
|-damage|p2a: Blissey|79/100
|
|-weather|Sandstorm|[upkeep]
|-damage|p1a: Arceus|76/100|[from] Sandstorm
|-damage|p2a: Blissey|73/100|[from] Sandstorm
|upkeep
|turn|16
|c| kizi22122|im hoping paldean quagsire is good
|
|t:|1666809061
|switch|p1a: Groudon|Groudon|100/100
|-damage|p1a: Groudon|94/100|[from] Stealth Rock
|detailschange|p1a: Groudon|Groudon-Primal
|-primal|p1a: Groudon
|-weather|DesolateLand|[from] ability: Desolate Land|[of] p1a: Groudon
|move|p2a: Blissey|Soft-Boiled|p2a: Blissey
|-heal|p2a: Blissey|100/100
|
|-weather|DesolateLand|[upkeep]
|upkeep
|turn|17
|
|t:|1666809073
|switch|p2a: Giratina|Giratina|100/100
|-damage|p2a: Giratina|88/100|[from] Stealth Rock
|-ability|p2a: Giratina|Pressure
|move|p1a: Groudon|Swords Dance|p1a: Groudon
|-boost|p1a: Groudon|atk|2
|
|-weather|DesolateLand|[upkeep]
|-heal|p2a: Giratina|94/100|[from] item: Leftovers
|upkeep
|turn|18
|
|t:|1666809086
|move|p1a: Groudon|Precipice Blades|p2a: Giratina
|-damage|p2a: Giratina|16/100
|move|p2a: Giratina|Toxic|p1a: Groudon
|-status|p1a: Groudon|tox
|
|-weather|DesolateLand|[upkeep]
|-heal|p2a: Giratina|22/100|[from] item: Leftovers
|-damage|p1a: Groudon|88/100 tox|[from] psn
|upkeep
|turn|19
|c| kizi22122|maybe nidoking v2 ?
|j| Luxking31
|
|t:|1666809096
|switch|p2a: Lugia|Lugia|100/100
|move|p1a: Groudon|Stone Edge|p2a: Lugia
|-supereffective|p2a: Lugia
|-damage|p2a: Lugia|42/100
|
|-weather|DesolateLand|[upkeep]
|-damage|p1a: Groudon|76/100 tox|[from] psn
|upkeep
|turn|20
|
|t:|1666809109
|move|p2a: Lugia|Roost|p2a: Lugia
|-heal|p2a: Lugia|92/100
|-singleturn|p2a: Lugia|move: Roost
|move|p1a: Groudon|Stone Edge|p2a: Lugia
|-damage|p2a: Lugia|33/100
|
|-weather|DesolateLand|[upkeep]
|-damage|p1a: Groudon|57/100 tox|[from] psn
|upkeep
|turn|21
|c| kizi22122|on the plus side it counters some pokemon better
|l| Luxking31
|c| kizi22122|then regular sire
|
|t:|1666809124
|-weather|none
|switch|p1a: Necrozma|Necrozma-Dusk-Mane|84/100
|-damage|p1a: Necrozma|78/100|[from] Stealth Rock
|move|p2a: Lugia|Substitute|p2a: Lugia
|-start|p2a: Lugia|Substitute
|-damage|p2a: Lugia|8/100
|
|upkeep
|turn|22
|
|t:|1666809132
|move|p2a: Lugia|Roost|p2a: Lugia
|-heal|p2a: Lugia|58/100
|-singleturn|p2a: Lugia|move: Roost
|move|p1a: Necrozma|Knock Off|p2a: Lugia
|-supereffective|p2a: Lugia
|-end|p2a: Lugia|Substitute
|
|upkeep
|turn|23
|j| ore bakadesu
|c| kizi22122|maybe run both
|inactive|Defensive0 has 90 seconds left.
|c| kizi22122|to make primal groudon and ogre cope
|
|t:|1666809150
|switch|p2a: Quagsire|Quagsire, M|99/100
|-damage|p2a: Quagsire|94/100|[from] Stealth Rock
|switch|p1a: Arceus|Arceus-Dragon|76/100
|-damage|p1a: Arceus|64/100|[from] Stealth Rock
|
|upkeep
|turn|24
|
|t:|1666809154
|switch|p2a: Blissey|Blissey, F|100/100
|move|p1a: Arceus|Calm Mind|p1a: Arceus
|-boost|p1a: Arceus|spa|1
|-boost|p1a: Arceus|spd|1
|
|upkeep
|turn|25
|
|t:|1666809180
|move|p1a: Arceus|Calm Mind|p1a: Arceus
|-boost|p1a: Arceus|spa|1
|-boost|p1a: Arceus|spd|1
|move|p2a: Blissey|Seismic Toss|p1a: Arceus
|-damage|p1a: Arceus|41/100
|
|upkeep
|turn|26
|
|t:|1666809184
|move|p1a: Arceus|Recover|p1a: Arceus
|-heal|p1a: Arceus|91/100
|move|p2a: Blissey|Confide|p1a: Arceus
|-unboost|p1a: Arceus|spa|1
|
|upkeep
|turn|27
|
|t:|1666809197
|switch|p1a: Necrozma|Necrozma-Dusk-Mane|78/100
|-damage|p1a: Necrozma|72/100|[from] Stealth Rock
|move|p2a: Blissey|Seismic Toss|p1a: Necrozma
|-damage|p1a: Necrozma|47/100
|-damage|p2a: Blissey|84/100|[from] item: Rocky Helmet|[of] p1a: Necrozma
|
|upkeep
|turn|28
|
|t:|1666809204
|switch|p2a: Quagsire|Quagsire, M|94/100
|-damage|p2a: Quagsire|88/100|[from] Stealth Rock
|move|p1a: Necrozma|Morning Sun|p1a: Necrozma
|-heal|p1a: Necrozma|96/100
|
|upkeep
|turn|29
|
|t:|1666809213
|move|p1a: Necrozma|Stealth Rock||[still]
|-fail|p1a: Necrozma
|move|p2a: Quagsire|Toxic|p1a: Necrozma
|-immune|p1a: Necrozma
|
|upkeep
|turn|30
|
|t:|1666809221
|switch|p1a: Arceus|Arceus-Dragon|91/100
|-damage|p1a: Arceus|79/100|[from] Stealth Rock
|move|p2a: Quagsire|Toxic|p1a: Arceus
|-status|p1a: Arceus|tox
|
|-damage|p1a: Arceus|73/100 tox|[from] psn
|upkeep
|turn|31
|
|t:|1666809228
|switch|p2a: Blissey|Blissey, F|84/100
|move|p1a: Arceus|Refresh|p1a: Arceus
|-curestatus|p1a: Arceus|tox|[msg]
|
|upkeep
|turn|32
|
|t:|1666809238
|switch|p1a: Lugia|Lugia|100/100
|switch|p2a: Arceus|Arceus|100/100
|-damage|p2a: Arceus|88/100|[from] Stealth Rock
|
|upkeep
|turn|33
|
|t:|1666809244
|move|p2a: Arceus|Swords Dance|p2a: Arceus
|-boost|p2a: Arceus|atk|2
|move|p1a: Lugia|Thunder Wave|p2a: Arceus
|-status|p2a: Arceus|par
|-enditem|p2a: Arceus|Lum Berry|[eat]
|-curestatus|p2a: Arceus|par|[msg]
|
|upkeep
|turn|34
|
|t:|1666809249
|-start|p2a: Arceus|Dynamax|
|-heal|p2a: Arceus|88/100|[silent]
|move|p2a: Arceus|Max Phantasm|p1a: Lugia
|-supereffective|p1a: Lugia
|-damage|p1a: Lugia|58/100
|-unboost|p1a: Lugia|def|1
|move|p1a: Lugia|Thunder Wave|p2a: Arceus
|-status|p2a: Arceus|par
|
|upkeep
|turn|35
|l|@Ransei
|
|t:|1666809262
|switch|p1a: Yveltal|Yveltal|100/100
|-ability|p1a: Yveltal|Dark Aura
|move|p2a: Arceus|Max Phantasm|p1a: Yveltal
|-resisted|p1a: Yveltal
|-damage|p1a: Yveltal|68/100
|-unboost|p1a: Yveltal|def|1
|
|upkeep
|turn|36
|
|t:|1666809276
|move|p1a: Yveltal|Foul Play|p2a: Arceus
|-damage|p2a: Arceus|42/100 par
|move|p2a: Arceus|Max Phantasm|p1a: Yveltal
|-resisted|p1a: Yveltal
|-damage|p1a: Yveltal|21/100
|-unboost|p1a: Yveltal|def|1
|
|upkeep
|-end|p2a: Arceus|Dynamax
|-heal|p2a: Arceus|42/100 par|[silent]
|turn|37
|
|t:|1666809281
|move|p2a: Arceus|Extreme Speed|p1a: Yveltal
|-crit|p1a: Yveltal
|-damage|p1a: Yveltal|0 fnt
|faint|p1a: Yveltal
|
|upkeep
|
|t:|1666809285
|switch|p1a: Necrozma|Necrozma-Dusk-Mane|96/100
|-damage|p1a: Necrozma|90/100|[from] Stealth Rock
|turn|38
|
|t:|1666809291
|switch|p2a: Quagsire|Quagsire, M|88/100
|-damage|p2a: Quagsire|81/100|[from] Stealth Rock
|-start|p1a: Necrozma|Dynamax|
|-heal|p1a: Necrozma|90/100|[silent]
|move|p1a: Necrozma|Max Steelspike|p2a: Quagsire
|-resisted|p2a: Quagsire
|-damage|p2a: Quagsire|58/100
|-boost|p1a: Necrozma|def|1
|
|upkeep
|turn|39
|inactive|dasort has 120 seconds left.
|l| ore bakadesu
|inactive|dasort has 90 seconds left.
|
|t:|1666809353
|move|p1a: Necrozma|Max Darkness|p2a: Quagsire
|-damage|p2a: Quagsire|28/100
|-unboost|p2a: Quagsire|spd|1
|move|p2a: Quagsire|Recover|p2a: Quagsire
|-heal|p2a: Quagsire|78/100
|
|upkeep
|turn|40
|inactive|dasort has 90 seconds left.
|
|t:|1666809383
|-end|p1a: Necrozma|Dynamax
|-heal|p1a: Necrozma|90/100|[silent]
|switch|p1a: Rayquaza|Rayquaza|100/100
|-damage|p1a: Rayquaza|76/100|[from] Stealth Rock
|-ability|p1a: Rayquaza|Air Lock
|move|p2a: Quagsire|Recover|p2a: Quagsire
|-heal|p2a: Quagsire|100/100
|
|upkeep
|turn|41
|inactive|dasort has 60 seconds left.
|
|t:|1666809424
|switch|p1a: Arceus|Arceus-Dragon|73/100
|-damage|p1a: Arceus|60/100|[from] Stealth Rock
|switch|p2a: Giratina|Giratina|22/100
|-damage|p2a: Giratina|10/100|[from] Stealth Rock
|-ability|p2a: Giratina|Pressure
|
|-heal|p2a: Giratina|16/100|[from] item: Leftovers
|upkeep
|turn|42
|
|t:|1666809427
|switch|p2a: Blissey|Blissey, F|84/100
|move|p1a: Arceus|Judgment|p2a: Blissey
|-damage|p2a: Blissey|71/100
|
|upkeep
|turn|43
|
|t:|1666809431
|switch|p1a: Necrozma|Necrozma-Dusk-Mane|90/100
|-damage|p1a: Necrozma|84/100|[from] Stealth Rock
|move|p2a: Blissey|Aromatherapy|p2a: Blissey
|-activate|p2a: Blissey|move: Aromatherapy
|-curestatus|p2: Arceus|par|[msg]
|
|upkeep
|turn|44
|
|t:|1666809442
|switch|p1a: Rayquaza|Rayquaza|76/100
|-damage|p1a: Rayquaza|51/100|[from] Stealth Rock
|-ability|p1a: Rayquaza|Air Lock
|switch|p2a: Quagsire|Quagsire, M|100/100
|-damage|p2a: Quagsire|94/100|[from] Stealth Rock
|
|upkeep
|turn|45
|
|t:|1666809447
|switch|p2a: Giratina|Giratina|16/100
|-damage|p2a: Giratina|3/100|[from] Stealth Rock
|-ability|p2a: Giratina|Pressure
|detailschange|p1a: Rayquaza|Rayquaza-Mega
|-mega|p1a: Rayquaza|Rayquaza|
|-weather|DeltaStream|[from] ability: Delta Stream|[of] p1a: Rayquaza
|move|p1a: Rayquaza|Dragon Ascent|p2a: Giratina
|-damage|p2a: Giratina|0 fnt
|-unboost|p1a: Rayquaza|def|1
|-unboost|p1a: Rayquaza|spd|1
|faint|p2a: Giratina
|
|-weather|DeltaStream|[upkeep]
|upkeep
|
|t:|1666809452
|switch|p2a: Tyranitar|Tyranitar, M|57/100
|-damage|p2a: Tyranitar|45/100|[from] Stealth Rock
|-ability|p2a: Tyranitar|Sand Stream|[from] deltastream|[fail]
|turn|46
|inactive|dasort has 60 seconds left.
|
|t:|1666809499
|move|p1a: Rayquaza|Dragon Ascent|p2a: Tyranitar
|-resisted|p2a: Tyranitar
|-damage|p2a: Tyranitar|0 fnt
|-unboost|p1a: Rayquaza|def|1
|-unboost|p1a: Rayquaza|spd|1
|faint|p2a: Tyranitar
|
|-weather|DeltaStream|[upkeep]
|upkeep
|
|t:|1666809507
|switch|p2a: Arceus|Arceus|42/100
|-damage|p2a: Arceus|30/100|[from] Stealth Rock
|turn|47
|
|t:|1666809514
|-weather|none
|switch|p1a: Necrozma|Necrozma-Dusk-Mane|84/100
|-damage|p1a: Necrozma|78/100|[from] Stealth Rock
|move|p2a: Arceus|Extreme Speed|p1a: Necrozma
|-resisted|p1a: Necrozma
|-damage|p1a: Necrozma|66/100
|-damage|p2a: Arceus|13/100|[from] item: Rocky Helmet|[of] p1a: Necrozma
|
|upkeep
|turn|48
|inactive|dasort has 60 seconds left.
|
|t:|1666809529
|move|p2a: Arceus|Recover|p2a: Arceus
|-heal|p2a: Arceus|63/100
|move|p1a: Necrozma|Knock Off|p2a: Arceus
|-damage|p2a: Arceus|48/100
|
|upkeep
|turn|49
|inactive|dasort has 60 seconds left.
|
|t:|1666809545
|switch|p1a: Lugia|Lugia|58/100
|move|p2a: Arceus|Swords Dance|p2a: Arceus
|-boost|p2a: Arceus|atk|2
|
|upkeep
|turn|50
|
|t:|1666809550
|move|p2a: Arceus|Shadow Claw|p1a: Lugia
|-supereffective|p1a: Lugia
|-damage|p1a: Lugia|9/100
|move|p1a: Lugia|Thunder Wave|p2a: Arceus
|-status|p2a: Arceus|par
|
|upkeep
|turn|51
|
|t:|1666809556
|move|p2a: Arceus|Extreme Speed|p1a: Lugia
|-damage|p1a: Lugia|0 fnt
|faint|p1a: Lugia
|
|upkeep
|
|t:|1666809561
|switch|p1a: Necrozma|Necrozma-Dusk-Mane|66/100
|-damage|p1a: Necrozma|60/100|[from] Stealth Rock
|turn|52
|
|t:|1666809566
|switch|p2a: Quagsire|Quagsire, M|94/100
|-damage|p2a: Quagsire|88/100|[from] Stealth Rock
|move|p1a: Necrozma|Sunsteel Strike|p2a: Quagsire
|-resisted|p2a: Quagsire
|-damage|p2a: Quagsire|70/100
|
|upkeep
|turn|53
|inactive|dasort has 90 seconds left.
|
|t:|1666809572
|switch|p1a: Arceus|Arceus-Dragon|60/100
|-damage|p1a: Arceus|48/100|[from] Stealth Rock
|move|p2a: Quagsire|Toxic|p1a: Arceus
|-status|p1a: Arceus|tox
|
|-damage|p1a: Arceus|42/100 tox|[from] psn
|upkeep
|turn|54
|
|t:|1666809574
|switch|p2a: Blissey|Blissey, F|71/100
|move|p1a: Arceus|Refresh|p1a: Arceus
|-curestatus|p1a: Arceus|tox|[msg]
|
|upkeep
|turn|55
|
|t:|1666809583
|move|p1a: Arceus|Recover|p1a: Arceus
|-heal|p1a: Arceus|92/100
|move|p2a: Blissey|Aromatherapy|p2a: Blissey
|-activate|p2a: Blissey|move: Aromatherapy
|-curestatus|p2: Arceus|par|[msg]
|
|upkeep
|turn|56
|
|t:|1666809590
|switch|p1a: Rayquaza|Rayquaza-Mega|51/100
|-damage|p1a: Rayquaza|26/100|[from] Stealth Rock
|-weather|DeltaStream|[from] ability: Delta Stream|[of] p1a: Rayquaza
|move|p2a: Blissey|Soft-Boiled|p2a: Blissey
|-heal|p2a: Blissey|100/100
|
|-weather|DeltaStream|[upkeep]
|upkeep
|turn|57
|
|t:|1666809596
|switch|p2a: Lugia|Lugia|58/100
|move|p1a: Rayquaza|Dragon Ascent|p2a: Lugia
|-damage|p2a: Lugia|0 fnt
|-unboost|p1a: Rayquaza|def|1
|-unboost|p1a: Rayquaza|spd|1
|faint|p2a: Lugia
|
|-weather|DeltaStream|[upkeep]
|upkeep
|
|t:|1666809600
|switch|p2a: Arceus|Arceus|48/100
|-damage|p2a: Arceus|36/100|[from] Stealth Rock
|turn|58
|
|t:|1666809610
|-weather|none
|switch|p1a: Necrozma|Necrozma-Dusk-Mane|60/100
|-damage|p1a: Necrozma|54/100|[from] Stealth Rock
|move|p2a: Arceus|Extreme Speed|p1a: Necrozma
|-resisted|p1a: Necrozma
|-damage|p1a: Necrozma|43/100
|-damage|p2a: Arceus|19/100|[from] item: Rocky Helmet|[of] p1a: Necrozma
|
|upkeep
|turn|59
|
|t:|1666809616
|move|p2a: Arceus|Recover|p2a: Arceus
|-heal|p2a: Arceus|69/100
|move|p1a: Necrozma|Morning Sun|p1a: Necrozma
|-heal|p1a: Necrozma|93/100
|
|upkeep
|turn|60
|l| Tarah204
|
|t:|1666809631
|move|p2a: Arceus|Swords Dance|p2a: Arceus
|-boost|p2a: Arceus|atk|2
|move|p1a: Necrozma|Knock Off|p2a: Arceus
|-damage|p2a: Arceus|55/100
|
|upkeep
|turn|61
|
|t:|1666809636
|move|p2a: Arceus|Recover|p2a: Arceus
|-heal|p2a: Arceus|100/100
|move|p1a: Necrozma|Sunsteel Strike|p2a: Arceus
|-damage|p2a: Arceus|65/100
|
|upkeep
|turn|62
|
|t:|1666809658
|move|p2a: Arceus|Swords Dance|p2a: Arceus
|-boost|p2a: Arceus|atk|2
|move|p1a: Necrozma|Knock Off|p2a: Arceus
|-damage|p2a: Arceus|51/100
|
|upkeep
|turn|63
|
|t:|1666809662
|move|p2a: Arceus|Recover|p2a: Arceus
|-heal|p2a: Arceus|100/100
|move|p1a: Necrozma|Sunsteel Strike|p2a: Arceus
|-damage|p2a: Arceus|65/100
|
|upkeep
|turn|64
|
|t:|1666809667
|move|p2a: Arceus|Recover|p2a: Arceus
|-heal|p2a: Arceus|100/100
|move|p1a: Necrozma|Knock Off|p2a: Arceus
|-damage|p2a: Arceus|87/100
|
|upkeep
|turn|65
|
|t:|1666809672
|move|p2a: Arceus|Swords Dance|p2a: Arceus
|-boost|p2a: Arceus|atk|2
|move|p1a: Necrozma|Sunsteel Strike|p2a: Arceus
|-damage|p2a: Arceus|52/100
|
|upkeep
|turn|66
|
|t:|1666809674
|move|p2a: Arceus|Recover|p2a: Arceus
|-heal|p2a: Arceus|100/100
|move|p1a: Necrozma|Sunsteel Strike|p2a: Arceus
|-damage|p2a: Arceus|65/100
|
|upkeep
|turn|67
|
|t:|1666809677
|move|p2a: Arceus|Recover|p2a: Arceus
|-heal|p2a: Arceus|100/100
|move|p1a: Necrozma|Knock Off|p2a: Arceus
|-damage|p2a: Arceus|85/100
|
|upkeep
|turn|68
|
|t:|1666809701
|move|p2a: Arceus|Shadow Claw|p1a: Necrozma
|-supereffective|p1a: Necrozma
|-damage|p1a: Necrozma|11/100
|-damage|p2a: Arceus|69/100|[from] item: Rocky Helmet|[of] p1a: Necrozma
|move|p1a: Necrozma|Sunsteel Strike|p2a: Arceus
|-damage|p2a: Arceus|34/100
|
|upkeep
|turn|69
|
|t:|1666809717
|move|p2a: Arceus|Recover|p2a: Arceus
|-heal|p2a: Arceus|84/100
|move|p1a: Necrozma|Sunsteel Strike|p2a: Arceus
|-damage|p2a: Arceus|53/100
|
|upkeep
|turn|70
|
|t:|1666809723
|move|p2a: Arceus|Recover|p2a: Arceus
|-heal|p2a: Arceus|100/100
|move|p1a: Necrozma|Knock Off|p2a: Arceus
|-damage|p2a: Arceus|86/100
|
|upkeep
|turn|71
|
|t:|1666809726
|move|p2a: Arceus|Shadow Claw|p1a: Necrozma
|-supereffective|p1a: Necrozma
|-damage|p1a: Necrozma|0 fnt
|-damage|p2a: Arceus|69/100|[from] item: Rocky Helmet|[of] p1a: Necrozma
|faint|p1a: Necrozma
|
|upkeep
|
|t:|1666809730
|switch|p1a: Arceus|Arceus-Dragon|92/100
|-damage|p1a: Arceus|80/100|[from] Stealth Rock
|turn|72
|
|t:|1666809733
|move|p2a: Arceus|Extreme Speed|p1a: Arceus
|-damage|p1a: Arceus|0 fnt
|faint|p1a: Arceus
|
|upkeep
|
|t:|1666809744
|switch|p1a: Groudon|Groudon-Primal|57/100 tox
|-damage|p1a: Groudon|45/100 tox|[from] Stealth Rock
|-weather|DesolateLand|[from] ability: Desolate Land|[of] p1a: Groudon
|turn|73
|
|t:|1666809746
|move|p2a: Arceus|Extreme Speed|p1a: Groudon
|-damage|p1a: Groudon|0 fnt
|faint|p1a: Groudon
|-weather|none
|
|upkeep
|
|t:|1666809748
|switch|p1a: Rayquaza|Rayquaza-Mega|26/100
|-damage|p1a: Rayquaza|1/100|[from] Stealth Rock
|-weather|DeltaStream|[from] ability: Delta Stream|[of] p1a: Rayquaza
|turn|74
|
|t:|1666809753
|move|p1a: Rayquaza|Extreme Speed|p2a: Arceus
|-damage|p2a: Arceus|33/100
|move|p2a: Arceus|Extreme Speed|p1a: Rayquaza
|-damage|p1a: Rayquaza|0 fnt
|faint|p1a: Rayquaza
|-weather|none
|
|win|Defensive0
|n|☆dasort|dasort
|n|☆Defensive0|defensive0
|n| kizi22122|kizi22122
|c|☆dasort|gg
|l|☆dasort
|c|☆Defensive0|Gg
