|j|☆Purrglar
|j|☆Da1mon!
|t:|1657709153
|gametype|singles
|player|p1|Purrglar|petrel|1431
|player|p2|Da1mon!|nate|1440
|teamsize|p1|6
|teamsize|p2|6
|gen|8
|tier|[Gen 8] National Dex AG
|rated|
|rule|HP Percentage Mod: HP is shown in percentages
|rule|Endless Battle Clause: Forcing endless battles is banned
|clearpoke
|poke|p1|Pelipper, M|
|poke|p1|Seismitoad, F|
|poke|p1|Arceus-*|
|poke|p1|Barraskewda, F|
|poke|p1|Cloyster, F|
|poke|p1|Blastoise, F|
|poke|p2|Uxie|
|poke|p2|Smeargle, F|
|poke|p2|Vivillon-High Plains, F|
|poke|p2|Shaymin-Sky|
|poke|p2|Zacian-*|
|poke|p2|Darmanitan-Galar, F|
|teampreview
|inactive|Battle timer is ON: inactive players will automatically lose when time's up. (requested by Purrglar)
|
|t:|1657709174
|start
|switch|p1a: Barraskewda|Barraskewda, F|100/100
|switch|p2a: Uxie|Uxie|100/100
|turn|1
|
|t:|1657709178
|move|p1a: Barraskewda|Flip Turn|p2a: Uxie
|-damage|p2a: Uxie|65/100
|
|t:|1657709182
|switch|p1a: Pelipper|Pelipper, M|100/100|[from]move: Flip Turn
|-weather|RainDance|[from] ability: Drizzle|[of] p1a: Pelipper
|move|p2a: Uxie|Stealth Rock|p1a: Pelipper
|-sidestart|p1: Purrglar|move: Stealth Rock
|
|-weather|RainDance|[upkeep]
|upkeep
|turn|2
|
|t:|1657709187
|move|p2a: Uxie|Yawn|p1a: Pelipper
|-start|p1a: Pelipper|move: Yawn|[of] p2a: Uxie
|move|p1a: Pelipper|Defog|p2a: Uxie
|-unboost|p2a: Uxie|evasion|1
|-sideend|p1: Purrglar|Stealth Rock|[from] move: Defog|[of] p1a: Pelipper
|
|-weather|RainDance|[upkeep]
|upkeep
|turn|3
|
|t:|1657709191
|move|p2a: Uxie|Stealth Rock|p1a: Pelipper
|-sidestart|p1: Purrglar|move: Stealth Rock
|move|p1a: Pelipper|U-turn|p2a: Uxie
|-supereffective|p2a: Uxie
|-damage|p2a: Uxie|51/100
|
|t:|1657709193
|switch|p1a: Cloyster|Cloyster, F|100/100|[from]move: U-turn
|-damage|p1a: Cloyster|76/100|[from] Stealth Rock
|
|-weather|RainDance|[upkeep]
|upkeep
|turn|4
|
|t:|1657709208
|move|p2a: Uxie|Yawn|p1a: Cloyster
|-start|p1a: Cloyster|move: Yawn|[of] p2a: Uxie
|move|p1a: Cloyster|Shell Smash|p1a: Cloyster
|-unboost|p1a: Cloyster|def|1
|-unboost|p1a: Cloyster|spd|1
|-boost|p1a: Cloyster|atk|2
|-boost|p1a: Cloyster|spa|2
|-boost|p1a: Cloyster|spe|2
|
|-weather|RainDance|[upkeep]
|upkeep
|turn|5
|
|t:|1657709212
|move|p1a: Cloyster|Icicle Spear|p2a: Uxie
|-damage|p2a: Uxie|34/100
|-damage|p2a: Uxie|17/100
|-damage|p2a: Uxie|0 fnt
|faint|p2a: Uxie
|-hitcount|p2: Uxie|3
|
|-weather|RainDance|[upkeep]
|-end|p1a: Cloyster|move: Yawn|[silent]
|-status|p1a: Cloyster|slp
|upkeep
|
|t:|1657709235
|switch|p2a: Shaymin|Shaymin-Sky|100/100
|turn|6
|
|t:|1657709238
|cant|p1a: Cloyster|slp
|-zpower|p2a: Shaymin
|move|p2a: Shaymin|Z-Celebrate|p2a: Shaymin|[anim]Celebrate
|-boost|p2a: Shaymin|atk|1|[zeffect]
|-boost|p2a: Shaymin|def|1|[zeffect]
|-boost|p2a: Shaymin|spa|1|[zeffect]
|-boost|p2a: Shaymin|spd|1|[zeffect]
|-boost|p2a: Shaymin|spe|1|[zeffect]
|-activate|p2a: Shaymin|move: Celebrate
|
|-weather|RainDance|[upkeep]
|upkeep
|turn|7
|
|t:|1657709241
|move|p2a: Shaymin|Seed Flare|p1a: Cloyster
|-supereffective|p1a: Cloyster
|-damage|p1a: Cloyster|0 fnt
|faint|p1a: Cloyster
|
|-weather|RainDance|[upkeep]
|upkeep
|
|t:|1657709247
|switch|p1a: Pelipper|Pelipper, M|100/100
|-damage|p1a: Pelipper|76/100|[from] Stealth Rock
|turn|8
|
|t:|1657709250
|move|p2a: Shaymin|Seed Flare|p1a: Pelipper
|-damage|p1a: Pelipper|0 fnt
|faint|p1a: Pelipper
|
|-weather|none
|upkeep
|-message|Purrglar forfeited.
|
|win|Da1mon!
|raw|Purrglar's rating: 1431 &rarr; <strong>1412</strong><br />(-19 for losing)
|raw|Da1mon!'s rating: 1440 &rarr; <strong>1459</strong><br />(+19 for winning)
|l|☆Purrglar
