|j|☆Vegeta Otsusuki
|j|☆SaintLaplace
|t:|1665650699
|gametype|singles
|player|p1|Vegeta Otsusuki|blue-gen3two|1871
|player|p2|SaintLaplace|hilda-wonderlauncher|1825
|teamsize|p1|6
|teamsize|p2|6
|gen|8
|tier|[Gen 8] National Dex AG
|rated|
|rule|HP Percentage Mod: HP is shown in percentages
|rule|Endless Battle Clause: Forcing endless battles is banned
|clearpoke
|poke|p1|Rayquaza|
|poke|p1|Arceus-*|
|poke|p1|Ditto|
|poke|p1|Zacian-*|
|poke|p1|Muk-Alola, F|
|poke|p1|Groudon|
|poke|p2|Rayquaza|
|poke|p2|Zygarde|
|poke|p2|Necrozma-Dusk-Mane|
|poke|p2|Smeargle, M|
|poke|p2|Marshadow|
|poke|p2|Xerneas-*|
|teampreview
|inactive|Battle timer is ON: inactive players will automatically lose when time's up. (requested by SaintLaplace)
|inactive|Vegeta Otsusuki also wants the timer to be on.
|
|t:|1665650709
|start
|switch|p1a: Arceus|Arceus|100/100
|switch|p2a: Smeargle|Smeargle, M|100/100
|turn|1
|
|t:|1665650712
|move|p1a: Arceus|Extreme Speed|p2a: Smeargle
|-damage|p2a: Smeargle|1/100
|move|p2a: Smeargle|Spore|p1a: Arceus
|-status|p1a: Arceus|slp|[from] move: Spore
|-enditem|p1a: Arceus|Lum Berry|[eat]
|-curestatus|p1a: Arceus|slp|[msg]
|
|upkeep
|turn|2
|
|t:|1665650716
|switch|p2a: Marshadow|Marshadow|100/100
|move|p1a: Arceus|Extreme Speed|p2a: Marshadow
|-immune|p2a: Marshadow
|
|upkeep
|turn|3
|
|t:|1665650729
|switch|p1a: Ditto|Ditto, shiny|100/100
|-transform|p1a: Ditto|p2a: Marshadow|[from] ability: Imposter
|move|p2a: Marshadow|Close Combat|p1a: Ditto
|-immune|p1a: Ditto
|
|upkeep
|turn|4
|
|t:|1665650737
|switch|p1a: Groudon|Groudon|100/100
|-weather|SunnyDay|[from] ability: Drought|[of] p1a: Groudon
|move|p2a: Marshadow|Spectral Thief|p1a: Groudon
|-damage|p1a: Groudon|80/100
|
|-weather|SunnyDay|[upkeep]
|-heal|p1a: Groudon|86/100|[from] item: Leftovers
|upkeep
|turn|5
|
|t:|1665650742
|switch|p2a: Smeargle|Smeargle, M|1/100
|move|p1a: Groudon|Thunder Wave|p2a: Smeargle
|-status|p2a: Smeargle|par
|
|-weather|SunnyDay|[upkeep]
|-heal|p1a: Groudon|93/100|[from] item: Leftovers
|upkeep
|turn|6
|
|t:|1665650745
|move|p1a: Groudon|Earthquake|p2a: Smeargle
|-damage|p2a: Smeargle|0 fnt
|faint|p2a: Smeargle
|
|-weather|SunnyDay|[upkeep]
|-heal|p1a: Groudon|99/100|[from] item: Leftovers
|upkeep
|
|t:|1665650748
|switch|p2a: Zygarde|Zygarde, shiny|100/100
|turn|7
|
|t:|1665650751
|move|p2a: Zygarde|Dragon Dance|p2a: Zygarde
|-boost|p2a: Zygarde|atk|1
|-boost|p2a: Zygarde|spe|1
|move|p1a: Groudon|Stealth Rock|p2a: Zygarde
|-sidestart|p2: SaintLaplace|move: Stealth Rock
|
|-weather|SunnyDay|[upkeep]
|-heal|p1a: Groudon|100/100|[from] item: Leftovers
|upkeep
|turn|8
|
|t:|1665650756
|switch|p1a: Rayquaza|Rayquaza|100/100
|-ability|p1a: Rayquaza|Air Lock
|move|p2a: Zygarde|Dragon Dance|p2a: Zygarde
|-boost|p2a: Zygarde|atk|1
|-boost|p2a: Zygarde|spe|1
|
|-weather|none
|upkeep
|turn|9
|
|t:|1665650761
|detailschange|p1a: Rayquaza|Rayquaza-Mega
|-mega|p1a: Rayquaza|Rayquaza|
|-weather|DeltaStream|[from] ability: Delta Stream|[of] p1a: Rayquaza
|-start|p2a: Zygarde|Dynamax|
|-heal|p2a: Zygarde|100/100|[silent]
|move|p2a: Zygarde|Max Rockfall|p1a: Rayquaza
|-activate||deltastream
|-damage|p1a: Rayquaza|11/100
|move|p1a: Rayquaza|Draco Meteor|p2a: Zygarde
|-supereffective|p2a: Zygarde
|-damage|p2a: Zygarde|16/100
|-unboost|p1a: Rayquaza|spa|2
|-damage|p1a: Rayquaza|1/100|[from] item: Life Orb
|
|-weather|DeltaStream|[upkeep]
|-activate|p2a: Zygarde|ability: Power Construct
|detailschange|p2a: Zygarde|Zygarde-Complete, shiny
|-heal|p2a: Zygarde|45/100|[silent]
|upkeep
|turn|10
|
|t:|1665650779
|move|p1a: Rayquaza|Extreme Speed|p2a: Zygarde
|-damage|p2a: Zygarde|34/100
|-damage|p1a: Rayquaza|0 fnt|[from] item: Life Orb
|faint|p1a: Rayquaza
|-weather|none
|move|p2a: Zygarde|Max Rockfall|p1: Rayquaza|[notarget]
|-fail|p2a: Zygarde
|
|upkeep
|
|t:|1665650787
|switch|p1a: Ditto|Ditto, shiny|100/100
|-transform|p1a: Ditto|p2a: Zygarde|[from] ability: Imposter
|turn|11
|
|t:|1665650795
|move|p1a: Ditto|Thousand Arrows|p2a: Zygarde
|-damage|p2a: Zygarde|13/100
|move|p2a: Zygarde|Max Quake|p1a: Ditto
|-damage|p1a: Ditto|0 fnt
|-boost|p2a: Zygarde|spd|1
|faint|p1a: Ditto
|
|upkeep
|
|t:|1665650801
|switch|p1a: Arceus|Arceus|100/100
|-end|p2a: Zygarde|Dynamax
|-heal|p2a: Zygarde|13/100|[silent]
|turn|12
|
|t:|1665650803
|move|p1a: Arceus|Extreme Speed|p2a: Zygarde
|-damage|p2a: Zygarde|0 fnt
|faint|p2a: Zygarde
|
|upkeep
|
|t:|1665650810
|switch|p2a: Marshadow|Marshadow|100/100
|-damage|p2a: Marshadow|94/100|[from] Stealth Rock
|turn|13
|
|t:|1665650818
|switch|p1a: Groudon|Groudon|100/100
|-weather|SunnyDay|[from] ability: Drought|[of] p1a: Groudon
|move|p2a: Marshadow|Close Combat|p1a: Groudon
|-damage|p1a: Groudon|74/100
|-unboost|p2a: Marshadow|def|1
|-unboost|p2a: Marshadow|spd|1
|
|-weather|SunnyDay|[upkeep]
|-heal|p1a: Groudon|80/100|[from] item: Leftovers
|upkeep
|turn|14
|
|t:|1665650826
|move|p2a: Marshadow|Rock Tomb|p1a: Groudon
|-resisted|p1a: Groudon
|-damage|p1a: Groudon|73/100
|-unboost|p1a: Groudon|spe|1
|move|p1a: Groudon|Thunder Wave|p2a: Marshadow
|-status|p2a: Marshadow|par
|
|-weather|SunnyDay|[upkeep]
|-heal|p1a: Groudon|79/100|[from] item: Leftovers
|upkeep
|turn|15
|
|t:|1665650830
|cant|p2a: Marshadow|par
|move|p1a: Groudon|Earthquake|p2a: Marshadow
|-damage|p2a: Marshadow|2/100 par
|
|-weather|SunnyDay|[upkeep]
|-heal|p1a: Groudon|85/100|[from] item: Leftovers
|upkeep
|turn|16
|
|t:|1665650837
|cant|p2a: Marshadow|par
|move|p1a: Groudon|Earthquake|p2a: Marshadow
|-damage|p2a: Marshadow|0 fnt
|faint|p2a: Marshadow
|
|-weather|SunnyDay|[upkeep]
|-heal|p1a: Groudon|92/100|[from] item: Leftovers
|upkeep
|
|t:|1665650840
|switch|p2a: Rayquaza|Rayquaza|100/100
|-damage|p2a: Rayquaza|76/100|[from] Stealth Rock
|-ability|p2a: Rayquaza|Air Lock
|turn|17
|
|t:|1665650844
|detailschange|p2a: Rayquaza|Rayquaza-Mega
|-mega|p2a: Rayquaza|Rayquaza|
|-weather|DeltaStream|[from] ability: Delta Stream|[of] p2a: Rayquaza
|move|p2a: Rayquaza|Scale Shot|p1a: Groudon
|-damage|p1a: Groudon|83/100
|-damage|p1a: Groudon|74/100
|-damage|p1a: Groudon|65/100
|-damage|p1a: Groudon|55/100
|-hitcount|p1a: Groudon|4
|-unboost|p2a: Rayquaza|def|1
|-boost|p2a: Rayquaza|spe|1
|move|p1a: Groudon|Thunder Wave|p2a: Rayquaza
|-status|p2a: Rayquaza|par
|
|-weather|DeltaStream|[upkeep]
|-heal|p1a: Groudon|62/100|[from] item: Leftovers
|upkeep
|turn|18
|
|t:|1665650848
|move|p2a: Rayquaza|Dragon Ascent|p1a: Groudon
|-damage|p1a: Groudon|17/100
|-unboost|p2a: Rayquaza|def|1
|-unboost|p2a: Rayquaza|spd|1
|move|p1a: Groudon|Rock Tomb|p2a: Rayquaza
|-activate||deltastream
|-damage|p2a: Rayquaza|31/100 par
|-unboost|p2a: Rayquaza|spe|1
|
|-weather|DeltaStream|[upkeep]
|-heal|p1a: Groudon|23/100|[from] item: Leftovers
|upkeep
|turn|19
|
|t:|1665650852
|move|p2a: Rayquaza|Dragon Ascent|p1a: Groudon
|-damage|p1a: Groudon|0 fnt
|-unboost|p2a: Rayquaza|def|1
|-unboost|p2a: Rayquaza|spd|1
|faint|p1a: Groudon
|
|-weather|DeltaStream|[upkeep]
|upkeep
|
|t:|1665650863
|switch|p1a: Arceus|Arceus|100/100
|turn|20
|
|t:|1665650866
|move|p1a: Arceus|Extreme Speed|p2a: Rayquaza
|-damage|p2a: Rayquaza|0 fnt
|faint|p2a: Rayquaza
|-weather|none
|
|upkeep
|
|t:|1665650867
|switch|p2a: Necrozma|Necrozma-Dusk-Mane, shiny|100/100
|-damage|p2a: Necrozma|94/100|[from] Stealth Rock
|turn|21
|
|t:|1665650870
|move|p1a: Arceus|Swords Dance|p1a: Arceus
|-boost|p1a: Arceus|atk|2
|move|p2a: Necrozma|Dragon Dance|p2a: Necrozma
|-boost|p2a: Necrozma|atk|1
|-boost|p2a: Necrozma|spe|1
|
|upkeep
|turn|22
|
|t:|1665650877
|-start|p1a: Arceus|Dynamax|
|-heal|p1a: Arceus|100/100|[silent]
|move|p2a: Necrozma|Photon Geyser|p1a: Arceus
|-damage|p1a: Arceus|70/100
|move|p1a: Arceus|Max Phantasm|p2a: Necrozma
|-supereffective|p2a: Necrozma
|-damage|p2a: Necrozma|3/100
|-unboost|p2a: Necrozma|def|1
|
|upkeep
|turn|23
|
|t:|1665650883
|detailschange|p2a: Necrozma|Necrozma-Ultra, shiny
|-burst|p2a: Necrozma|Necrozma|Ultranecrozium Z
|move|p2a: Necrozma|Photon Geyser|p1a: Arceus
|-damage|p1a: Arceus|37/100
|move|p1a: Arceus|Max Phantasm|p2a: Necrozma
|-supereffective|p2a: Necrozma
|-damage|p2a: Necrozma|0 fnt
|faint|p2a: Necrozma
|
|upkeep
|
|t:|1665650886
|switch|p2a: Xerneas|Xerneas|100/100
|-damage|p2a: Xerneas|88/100|[from] Stealth Rock
|-ability|p2a: Xerneas|Fairy Aura
|turn|24
|
|t:|1665650888
|move|p1a: Arceus|Max Strike|p2a: Xerneas
|-damage|p2a: Xerneas|0 fnt
|faint|p2a: Xerneas
|
|win|Vegeta Otsusuki
|raw|Vegeta Otsusuki's rating: 1871 &rarr; <strong>1888</strong><br />(+17 for winning)
|raw|SaintLaplace's rating: 1825 &rarr; <strong>1808</strong><br />(-17 for losing)
|l|☆SaintLaplace
