|j|☆Fuyu135
|j|☆Malareon
|player|p1|Fuyu135|acetrainercouple|
|player|p2|Malareon|1|
|teamsize|p1|6
|teamsize|p2|6
|gametype|singles
|gen|8
|tier|[Gen 8] National Dex AG
|clearpoke
|poke|p1|Cinderace, M|
|poke|p1|Zacian-Crowned|
|poke|p1|Duraludon, M|
|poke|p1|Charizard, F|
|poke|p1|Hatterene, F|
|poke|p1|Lunala|
|poke|p2|Pheromosa|
|poke|p2|Xerneas|
|poke|p2|Gengar, M|
|poke|p2|Marshadow|
|poke|p2|Blaziken, F|
|poke|p2|Darmanitan-Galar, M|
|rule|HP Percentage Mod: HP is shown in percentages
|rule|Endless Battle Clause: Forcing endless battles is banned
|teampreview
|inactive|Battle timer is ON: inactive players will automatically lose when time's up. (requested by Malareon)
|
|start
|switch|p1a: Zacian|Zacian-Crowned|100/100
|switch|p2a: Blaziken|Blaziken, F|100/100
|-ability|p1a: Zacian|Intrepid Sword|boost
|-boost|p1a: Zacian|atk|1
|turn|1
|
|move|p1a: Zacian|Sacred Sword|p2a: Blaziken
|-damage|p2a: Blaziken|8/100
|move|p2a: Blaziken|Swords Dance|p2a: Blaziken
|-boost|p2a: Blaziken|atk|2
|
|-ability|p2a: Blaziken|Speed Boost|boost
|-boost|p2a: Blaziken|spe|1
|upkeep
|turn|2
|
|move|p2a: Blaziken|High Jump Kick|p1a: Zacian
|-damage|p1a: Zacian|4/100
|move|p1a: Zacian|Sacred Sword|p2a: Blaziken
|-damage|p2a: Blaziken|0 fnt
|faint|p2a: Blaziken
|
|upkeep
|
|switch|p2a: Gengar|Gengar, M|100/100
|turn|3
|
|detailschange|p2a: Gengar|Gengar-Mega, M
|-mega|p2a: Gengar|Gengar|Gengarite
|move|p1a: Zacian|Protect|p1a: Zacian
|-singleturn|p1a: Zacian|Protect
|move|p2a: Gengar|Shadow Ball|p1a: Zacian
|-activate|p1a: Zacian|move: Protect
|
|upkeep
|turn|4
|
|move|p1a: Zacian|Protect||[still]
|-fail|p1a: Zacian
|move|p2a: Gengar|Shadow Ball|p1a: Zacian
|-damage|p1a: Zacian|0 fnt
|faint|p1a: Zacian
|
|upkeep
|
|switch|p1a: Duraludon|Duraludon, M|100/100
|turn|5
|
|move|p2a: Gengar|Nasty Plot|p2a: Gengar
|-boost|p2a: Gengar|spa|2
|move|p1a: Duraludon|Dark Pulse|p2a: Gengar
|-supereffective|p2a: Gengar
|-damage|p2a: Gengar|29/100
|
|upkeep
|turn|6
|
|-start|p1a: Duraludon|Dynamax
|-formechange|p1a: Duraludon|Duraludon-Gmax
|-heal|p1a: Duraludon|100/100|[silent]
|move|p2a: Gengar|Focus Blast|p1a: Duraludon
|-supereffective|p1a: Duraludon
|-damage|p1a: Duraludon|0 fnt
|faint|p1a: Duraludon
|
|upkeep
|
|switch|p1a: Lunala|Lunala|100/100
|turn|7
|
|move|p2a: Gengar|Shadow Ball|p1a: Lunala
|-supereffective|p1a: Lunala
|-damage|p1a: Lunala|0 fnt
|faint|p1a: Lunala
|
|upkeep
|
|switch|p1a: Hatterene|Hatterene, F|100/100
|turn|8
|
|move|p2a: Gengar|Shadow Ball|p1a: Hatterene
|-supereffective|p1a: Hatterene
|-damage|p1a: Hatterene|0 fnt
|faint|p1a: Hatterene
|
|upkeep
|
|switch|p1a: Cinderace|Cinderace, M|100/100
|turn|9
|
|move|p2a: Gengar|Shadow Ball|p1a: Cinderace
|-damage|p1a: Cinderace|0 fnt
|faint|p1a: Cinderace
|
|upkeep
|
|switch|p1a: Charizard|Charizard, F|100/100
|turn|10
|
|move|p2a: Gengar|Shadow Ball|p1a: Charizard
|-damage|p1a: Charizard|0 fnt
|faint|p1a: Charizard
|
|win|Malareon
