|j|☆iHaveAsthma
|j|☆Blackstar152001
|t:|1665258745
|gametype|singles
|player|p1|iHaveAsthma|doctor|1884
|player|p2|Blackstar152001|blue-gen3two|1841
|teamsize|p1|6
|teamsize|p2|6
|gen|8
|tier|[Gen 8] National Dex AG
|rated|
|rule|HP Percentage Mod: HP is shown in percentages
|rule|Endless Battle Clause: Forcing endless battles is banned
|clearpoke
|poke|p1|Rayquaza|
|poke|p1|Groudon|
|poke|p1|Arceus-*|
|poke|p1|Lugia|
|poke|p1|Arceus-*|
|poke|p1|Tyranitar, F|
|poke|p2|Calyrex-Shadow|
|poke|p2|Ditto|
|poke|p2|Arceus-*|
|poke|p2|Arceus-*|
|poke|p2|Arceus-*|
|poke|p2|Arceus-*|
|teampreview
|inactive|Battle timer is ON: inactive players will automatically lose when time's up. (requested by Blackstar152001)
|
|t:|1665258761
|start
|switch|p1a: Arceus|Arceus-Ground|100/100
|switch|p2a: Arceus|Arceus-Fairy|100/100
|turn|1
|
|t:|1665258765
|move|p2a: Arceus|Judgment|p1a: Arceus
|-damage|p1a: Arceus|68/100
|move|p1a: Arceus|Calm Mind|p1a: Arceus
|-boost|p1a: Arceus|spa|1
|-boost|p1a: Arceus|spd|1
|
|upkeep
|turn|2
|inactive|iHaveAsthma has 120 seconds left.
|inactive|iHaveAsthma has 90 seconds left.
|inactive|iHaveAsthma has 60 seconds left.
|
|t:|1665258866
|move|p2a: Arceus|Toxic|p1a: Arceus|[miss]
|-miss|p2a: Arceus|p1a: Arceus
|move|p1a: Arceus|Recover|p1a: Arceus
|-heal|p1a: Arceus|100/100
|
|upkeep
|turn|3
|
|t:|1665258872
|move|p2a: Arceus|Toxic|p1a: Arceus
|-status|p1a: Arceus|tox
|move|p1a: Arceus|Judgment|p2a: Arceus
|-damage|p2a: Arceus|67/100
|
|-damage|p1a: Arceus|94/100 tox|[from] psn
|upkeep
|turn|4
|
|t:|1665258877
|move|p2a: Arceus|Stealth Rock|p1a: Arceus
|-sidestart|p1: iHaveAsthma|move: Stealth Rock
|move|p1a: Arceus|Calm Mind|p1a: Arceus
|-boost|p1a: Arceus|spa|1
|-boost|p1a: Arceus|spd|1
|
|-damage|p1a: Arceus|82/100 tox|[from] psn
|upkeep
|turn|5
|
|t:|1665258882
|move|p2a: Arceus|Recover|p2a: Arceus
|-heal|p2a: Arceus|100/100
|move|p1a: Arceus|Judgment|p2a: Arceus
|-damage|p2a: Arceus|55/100
|
|-damage|p1a: Arceus|64/100 tox|[from] psn
|upkeep
|turn|6
|
|t:|1665258886
|move|p2a: Arceus|Recover|p2a: Arceus
|-heal|p2a: Arceus|100/100
|move|p1a: Arceus|Calm Mind|p1a: Arceus
|-boost|p1a: Arceus|spa|1
|-boost|p1a: Arceus|spd|1
|
|-damage|p1a: Arceus|40/100 tox|[from] psn
|upkeep
|turn|7
|
|t:|1665258889
|move|p2a: Arceus|Judgment|p1a: Arceus
|-damage|p1a: Arceus|28/100 tox
|move|p1a: Arceus|Judgment|p2a: Arceus
|-damage|p2a: Arceus|43/100
|
|-damage|p1a: Arceus|0 fnt|[from] psn
|faint|p1a: Arceus
|upkeep
|
|t:|1665258900
|switch|p1a: Groudon|Groudon|100/100
|-damage|p1a: Groudon|94/100|[from] Stealth Rock
|detailschange|p1a: Groudon|Groudon-Primal
|-primal|p1a: Groudon
|-weather|DesolateLand|[from] ability: Desolate Land|[of] p1a: Groudon
|turn|8
|
|t:|1665258908
|move|p1a: Groudon|Eruption|p2a: Arceus
|-damage|p2a: Arceus|0 fnt
|faint|p2a: Arceus
|
|-weather|DesolateLand|[upkeep]
|upkeep
|
|t:|1665258921
|switch|p2a: Ditto|Ditto, shiny|100/100
|-transform|p2a: Ditto|p1a: Groudon|[from] ability: Imposter
|turn|9
|
|t:|1665258925
|switch|p1a: Lugia|Lugia|100/100
|move|p2a: Ditto|Earth Power|p1a: Lugia
|-immune|p1a: Lugia
|
|-weather|DesolateLand|[upkeep]
|upkeep
|turn|10
|
|t:|1665258930
|-weather|none
|switch|p2a: Arceus|Arceus-Dark|100/100
|move|p1a: Lugia|Defog|p2a: Arceus
|-unboost|p2a: Arceus|evasion|1
|-sideend|p1: iHaveAsthma|Stealth Rock|[from] move: Defog|[of] p1a: Lugia
|
|upkeep
|turn|11
|
|t:|1665258937
|move|p2a: Arceus|Judgment|p1a: Lugia
|-supereffective|p1a: Lugia
|-damage|p1a: Lugia|75/100
|move|p1a: Lugia|Thunder Wave|p2a: Arceus
|-status|p2a: Arceus|par
|
|upkeep
|turn|12
|
|t:|1665258940
|move|p1a: Lugia|Roost|p1a: Lugia
|-heal|p1a: Lugia|100/100
|-singleturn|p1a: Lugia|move: Roost
|move|p2a: Arceus|Calm Mind|p2a: Arceus
|-boost|p2a: Arceus|spa|1
|-boost|p2a: Arceus|spd|1
|
|upkeep
|turn|13
|
|t:|1665258944
|move|p2a: Arceus|Refresh|p2a: Arceus
|-curestatus|p2a: Arceus|par|[msg]
|move|p1a: Lugia|Roar|p2a: Arceus
|drag|p2a: Ditto|Ditto, shiny|100/100
|-transform|p2a: Ditto|p1a: Lugia|[from] ability: Imposter
|
|upkeep
|turn|14
|
|t:|1665258949
|switch|p2a: Arceus|Arceus-Electric|100/100
|switch|p1a: Groudon|Groudon-Primal|94/100
|-weather|DesolateLand|[from] ability: Desolate Land|[of] p1a: Groudon
|
|-weather|DesolateLand|[upkeep]
|upkeep
|turn|15
|
|t:|1665258959
|move|p1a: Groudon|Stealth Rock|p2a: Arceus
|-sidestart|p2: Blackstar152001|move: Stealth Rock
|move|p2a: Arceus|Toxic|p1a: Groudon
|-status|p1a: Groudon|tox
|
|-weather|DesolateLand|[upkeep]
|-damage|p1a: Groudon|88/100 tox|[from] psn
|upkeep
|turn|16
|
|t:|1665258969
|switch|p2a: Arceus|Arceus-Dark|100/100
|-damage|p2a: Arceus|88/100|[from] Stealth Rock
|move|p1a: Groudon|Eruption|p2a: Arceus
|-damage|p2a: Arceus|14/100
|
|-weather|DesolateLand|[upkeep]
|-damage|p1a: Groudon|76/100 tox|[from] psn
|upkeep
|turn|17
|inactive|iHaveAsthma has 120 seconds left.
|
|t:|1665259010
|move|p2a: Arceus|Recover|p2a: Arceus
|-heal|p2a: Arceus|64/100
|move|p1a: Groudon|Earth Power|p2a: Arceus
|-damage|p2a: Arceus|31/100
|
|-weather|DesolateLand|[upkeep]
|-damage|p1a: Groudon|58/100 tox|[from] psn
|upkeep
|turn|18
|
|t:|1665259018
|move|p2a: Arceus|Recover|p2a: Arceus
|-heal|p2a: Arceus|81/100
|move|p1a: Groudon|Toxic|p2a: Arceus
|-status|p2a: Arceus|tox
|
|-weather|DesolateLand|[upkeep]
|-damage|p2a: Arceus|75/100 tox|[from] psn
|-damage|p1a: Groudon|33/100 tox|[from] psn
|upkeep
|turn|19
|
|t:|1665259027
|move|p2a: Arceus|Judgment|p1a: Groudon
|-damage|p1a: Groudon|0 fnt
|faint|p1a: Groudon
|-weather|none
|
|-damage|p2a: Arceus|63/100 tox|[from] psn
|upkeep
|
|t:|1665259031
|switch|p1a: Rayquaza|Rayquaza|100/100
|-ability|p1a: Rayquaza|Air Lock
|turn|20
|
|t:|1665259035
|switch|p2a: Arceus|Arceus-Electric|100/100
|-damage|p2a: Arceus|88/100|[from] Stealth Rock
|detailschange|p1a: Rayquaza|Rayquaza-Mega
|-mega|p1a: Rayquaza|Rayquaza|
|-weather|DeltaStream|[from] ability: Delta Stream|[of] p1a: Rayquaza
|move|p1a: Rayquaza|Dragon Ascent|p2a: Arceus
|-resisted|p2a: Arceus
|-damage|p2a: Arceus|65/100
|-unboost|p1a: Rayquaza|def|1
|-unboost|p1a: Rayquaza|spd|1
|
|-weather|DeltaStream|[upkeep]
|upkeep
|turn|21
|
|t:|1665259040
|move|p1a: Rayquaza|Scale Shot|p2a: Arceus
|-damage|p2a: Arceus|55/100
|-damage|p2a: Arceus|46/100
|-damage|p2a: Arceus|37/100
|-damage|p2a: Arceus|28/100
|-hitcount|p2a: Arceus|4
|-unboost|p1a: Rayquaza|def|1
|-boost|p1a: Rayquaza|spe|1
|move|p2a: Arceus|Ice Beam|p1a: Rayquaza
|-activate||deltastream
|-supereffective|p1a: Rayquaza
|-damage|p1a: Rayquaza|36/100
|
|-weather|DeltaStream|[upkeep]
|upkeep
|turn|22
|
|t:|1665259045
|move|p1a: Rayquaza|Earthquake|p2a: Arceus
|-supereffective|p2a: Arceus
|-damage|p2a: Arceus|0 fnt
|faint|p2a: Arceus
|
|-weather|DeltaStream|[upkeep]
|upkeep
|
|t:|1665259051
|switch|p2a: Ditto|Ditto, shiny|100/100
|-damage|p2a: Ditto|88/100|[from] Stealth Rock
|-transform|p2a: Ditto|p1a: Rayquaza|[from] ability: Imposter
|turn|23
|
|t:|1665259061
|move|p2a: Ditto|Extreme Speed|p1a: Rayquaza
|-damage|p1a: Rayquaza|0 fnt
|faint|p1a: Rayquaza
|
|-weather|DeltaStream|[upkeep]
|upkeep
|
|t:|1665259066
|switch|p1a: Arceus|Arceus-Flying|100/100
|turn|24
|
|t:|1665259074
|move|p2a: Ditto|Extreme Speed|p1a: Arceus
|-damage|p1a: Arceus|73/100
|move|p1a: Arceus|Fly||[still]
|-prepare|p1a: Arceus|Fly
|
|-weather|DeltaStream|[upkeep]
|upkeep
|turn|25
|
|t:|1665259085
|-weather|none
|switch|p2a: Calyrex|Calyrex-Shadow|100/100
|-ability|p2a: Calyrex|As One
|-ability|p2a: Calyrex|Unnerve
|-damage|p2a: Calyrex|88/100|[from] Stealth Rock
|move|p1a: Arceus|Fly|p2a: Calyrex|[from]lockedmove
|-damage|p2a: Calyrex|16/100
|
|upkeep
|turn|26
|inactive|iHaveAsthma has 120 seconds left.
|
|t:|1665259142
|switch|p1a: Tyranitar|Tyranitar, F|100/100
|-weather|Sandstorm|[from] ability: Sand Stream|[of] p1a: Tyranitar
|move|p2a: Calyrex|Astral Barrage|p1a: Tyranitar
|-resisted|p1a: Tyranitar
|-damage|p1a: Tyranitar|82/100
|
|-weather|Sandstorm|[upkeep]
|-damage|p2a: Calyrex|10/100|[from] Sandstorm
|-heal|p1a: Tyranitar|88/100|[from] item: Leftovers
|upkeep
|turn|27
|
|t:|1665259150
|move|p2a: Calyrex|Draining Kiss|p1a: Tyranitar
|-supereffective|p1a: Tyranitar
|-damage|p1a: Tyranitar|69/100
|-heal|p2a: Calyrex|27/100|[from] drain|[of] p1a: Tyranitar
|move|p1a: Tyranitar|Pursuit|p2a: Calyrex
|-supereffective|p2a: Calyrex
|-damage|p2a: Calyrex|0 fnt
|faint|p2a: Calyrex
|
|-weather|Sandstorm|[upkeep]
|-heal|p1a: Tyranitar|75/100|[from] item: Leftovers
|upkeep
|
|t:|1665259156
|switch|p2a: Arceus|Arceus-Dark|63/100 tox
|-damage|p2a: Arceus|50/100 tox|[from] Stealth Rock
|turn|28
|
|t:|1665259162
|move|p2a: Arceus|Recover|p2a: Arceus
|-heal|p2a: Arceus|100/100 tox
|move|p1a: Tyranitar|Rock Tomb|p2a: Arceus
|-damage|p2a: Arceus|80/100 tox
|-unboost|p2a: Arceus|spe|1
|
|-weather|Sandstorm|[upkeep]
|-damage|p2a: Arceus|74/100 tox|[from] Sandstorm
|-heal|p1a: Tyranitar|81/100|[from] item: Leftovers
|-damage|p2a: Arceus|68/100 tox|[from] psn
|upkeep
|turn|29
|
|t:|1665259165
|move|p2a: Arceus|Refresh|p2a: Arceus
|-curestatus|p2a: Arceus|tox|[msg]
|move|p1a: Tyranitar|Rock Tomb|p2a: Arceus
|-damage|p2a: Arceus|48/100
|-unboost|p2a: Arceus|spe|1
|
|-weather|Sandstorm|[upkeep]
|-damage|p2a: Arceus|42/100|[from] Sandstorm
|-heal|p1a: Tyranitar|87/100|[from] item: Leftovers
|upkeep
|turn|30
|
|t:|1665259170
|switch|p1a: Arceus|Arceus-Flying|73/100
|move|p2a: Arceus|Recover|p2a: Arceus
|-heal|p2a: Arceus|92/100
|
|-weather|none
|upkeep
|turn|31
|
|t:|1665259178
|move|p1a: Arceus|Swords Dance|p1a: Arceus
|-boost|p1a: Arceus|atk|2
|move|p2a: Arceus|Calm Mind|p2a: Arceus
|-boost|p2a: Arceus|spa|1
|-boost|p2a: Arceus|spd|1
|
|upkeep
|turn|32
|
|t:|1665259185
|-start|p1a: Arceus|Dynamax|
|-heal|p1a: Arceus|73/100|[silent]
|move|p1a: Arceus|Max Airstream|p2a: Arceus
|-damage|p2a: Arceus|0 fnt
|-boost|p1a: Arceus|spe|1
|faint|p2a: Arceus
|
|upkeep
|
|t:|1665259189
|switch|p2a: Ditto|Ditto, shiny|88/100
|-damage|p2a: Ditto|76/100|[from] Stealth Rock
|-transform|p2a: Ditto|p1a: Arceus|[from] ability: Imposter
|turn|33
|
|t:|1665259195
|-start|p2a: Ditto|Dynamax|
|-heal|p2a: Ditto|76/100|[silent]
|move|p2a: Ditto|Max Guard|p2a: Ditto
|-singleturn|p2a: Ditto|Max Guard
|move|p1a: Arceus|Max Airstream|p2a: Ditto
|-activate|p2a: Ditto|move: Max Guard
|
|upkeep
|turn|34
|
|t:|1665259197
|move|p2a: Ditto|Max Airstream|p1a: Arceus
|-damage|p1a: Arceus|18/100
|-boost|p2a: Ditto|spe|1
|move|p1a: Arceus|Max Airstream|p2a: Ditto
|-damage|p2a: Ditto|0 fnt
|-boost|p1a: Arceus|spe|1
|faint|p2a: Ditto
|
|upkeep
|
|t:|1665259202
|switch|p2a: Arceus|Arceus|100/100
|-damage|p2a: Arceus|88/100|[from] Stealth Rock
|-end|p1a: Arceus|Dynamax
|-heal|p1a: Arceus|18/100|[silent]
|turn|35
|
|t:|1665259206
|switch|p1a: Tyranitar|Tyranitar, F|87/100
|-weather|Sandstorm|[from] ability: Sand Stream|[of] p1a: Tyranitar
|move|p2a: Arceus|Extreme Speed|p1a: Tyranitar
|-resisted|p1a: Tyranitar
|-damage|p1a: Tyranitar|71/100
|
|-weather|Sandstorm|[upkeep]
|-damage|p2a: Arceus|82/100|[from] Sandstorm
|-heal|p1a: Tyranitar|77/100|[from] item: Leftovers
|upkeep
|turn|36
|
|t:|1665259210
|move|p2a: Arceus|Swords Dance|p2a: Arceus
|-boost|p2a: Arceus|atk|2
|move|p1a: Tyranitar|Rock Tomb|p2a: Arceus
|-damage|p2a: Arceus|64/100
|-unboost|p2a: Arceus|spe|1
|
|-weather|Sandstorm|[upkeep]
|-damage|p2a: Arceus|57/100|[from] Sandstorm
|-heal|p1a: Tyranitar|83/100|[from] item: Leftovers
|upkeep
|turn|37
|
|t:|1665259214
|move|p2a: Arceus|Extreme Speed|p1a: Tyranitar
|-resisted|p1a: Tyranitar
|-damage|p1a: Tyranitar|53/100
|move|p1a: Tyranitar|Rock Tomb|p2a: Arceus
|-damage|p2a: Arceus|38/100
|-unboost|p2a: Arceus|spe|1
|
|-weather|Sandstorm|[upkeep]
|-damage|p2a: Arceus|32/100|[from] Sandstorm
|-heal|p1a: Tyranitar|59/100|[from] item: Leftovers
|upkeep
|turn|38
|
|t:|1665259219
|move|p1a: Tyranitar|Rock Tomb|p2a: Arceus|[miss]
|-miss|p1a: Tyranitar|p2a: Arceus
|move|p2a: Arceus|Recover|p2a: Arceus
|-heal|p2a: Arceus|82/100
|
|-weather|Sandstorm|[upkeep]
|-damage|p2a: Arceus|75/100|[from] Sandstorm
|-heal|p1a: Tyranitar|65/100|[from] item: Leftovers
|upkeep
|turn|39
|
|t:|1665259221
|move|p1a: Tyranitar|Rock Tomb|p2a: Arceus
|-damage|p2a: Arceus|58/100
|-unboost|p2a: Arceus|spe|1
|move|p2a: Arceus|Swords Dance|p2a: Arceus
|-boost|p2a: Arceus|atk|2
|
|-weather|none
|-heal|p1a: Tyranitar|71/100|[from] item: Leftovers
|upkeep
|turn|40
|
|t:|1665259224
|move|p1a: Tyranitar|Rock Tomb|p2a: Arceus
|-crit|p2a: Arceus
|-damage|p2a: Arceus|29/100
|-unboost|p2a: Arceus|spe|1
|move|p2a: Arceus|Recover|p2a: Arceus
|-heal|p2a: Arceus|79/100
|
|-heal|p1a: Tyranitar|77/100|[from] item: Leftovers
|upkeep
|turn|41
|
|t:|1665259226
|move|p1a: Tyranitar|Rock Tomb|p2a: Arceus
|-damage|p2a: Arceus|58/100
|-unboost|p2a: Arceus|spe|1
|move|p2a: Arceus|Swords Dance|p2a: Arceus
|-boost|p2a: Arceus|atk|2
|
|-heal|p1a: Tyranitar|84/100|[from] item: Leftovers
|upkeep
|turn|42
|
|t:|1665259229
|move|p1a: Tyranitar|Rock Tomb|p2a: Arceus
|-damage|p2a: Arceus|38/100
|-unboost|p2a: Arceus|spe|1
|move|p2a: Arceus|Recover|p2a: Arceus
|-heal|p2a: Arceus|88/100
|
|-heal|p1a: Tyranitar|90/100|[from] item: Leftovers
|upkeep
|turn|43
|
|t:|1665259233
|switch|p1a: Arceus|Arceus-Flying|18/100
|move|p2a: Arceus|Extreme Speed|p1a: Arceus
|-damage|p1a: Arceus|0 fnt
|faint|p1a: Arceus
|
|upkeep
|
|t:|1665259238
|switch|p1a: Lugia|Lugia|100/100
|turn|44
|
|t:|1665259241
|move|p1a: Lugia|Thunder Wave|p2a: Arceus
|-status|p2a: Arceus|par
|-enditem|p2a: Arceus|Lum Berry|[eat]
|-curestatus|p2a: Arceus|par|[msg]
|move|p2a: Arceus|Shadow Claw|p1a: Lugia
|-supereffective|p1a: Lugia
|-damage|p1a: Lugia|51/100
|
|upkeep
|turn|45
|
|t:|1665259244
|move|p2a: Arceus|Extreme Speed|p1a: Lugia
|-damage|p1a: Lugia|0 fnt
|faint|p1a: Lugia
|
|upkeep
|
|t:|1665259246
|switch|p1a: Tyranitar|Tyranitar, F|90/100
|-weather|Sandstorm|[from] ability: Sand Stream|[of] p1a: Tyranitar
|turn|46
|
|t:|1665259249
|move|p2a: Arceus|Extreme Speed|p1a: Tyranitar
|-resisted|p1a: Tyranitar
|-damage|p1a: Tyranitar|24/100
|move|p1a: Tyranitar|Rock Tomb|p2a: Arceus
|-damage|p2a: Arceus|68/100
|
|-weather|Sandstorm|[upkeep]
|-damage|p2a: Arceus|62/100|[from] Sandstorm
|-heal|p1a: Tyranitar|30/100|[from] item: Leftovers
|upkeep
|turn|47
|
|t:|1665259252
|move|p2a: Arceus|Extreme Speed|p1a: Tyranitar
|-resisted|p1a: Tyranitar
|-damage|p1a: Tyranitar|0 fnt
|faint|p1a: Tyranitar
|
|win|Blackstar152001
|raw|iHaveAsthma's rating: 1884 &rarr; <strong>1862</strong><br />(-22 for losing)
|raw|Blackstar152001's rating: 1841 &rarr; <strong>1863</strong><br />(+22 for winning)
|l|☆iHaveAsthma
