|j|☆Agdp
|j|☆amnael1
|t:|1647701121
|gametype|singles
|player|p1|Agdp|266|1694
|player|p2|amnael1|dawn|1796
|teamsize|p1|6
|teamsize|p2|6
|gen|8
|tier|[Gen 8] National Dex AG
|rated|
|rule|HP Percentage Mod: HP is shown in percentages
|rule|Endless Battle Clause: Forcing endless battles is banned
|clearpoke
|poke|p1|Arceus-*|
|poke|p1|Giratina-Origin|
|poke|p1|Dialga|
|poke|p1|Palkia|
|poke|p1|Groudon|
|poke|p1|Ditto|
|poke|p2|Smeargle, M|
|poke|p2|Groudon|
|poke|p2|Espeon, M|
|poke|p2|Rayquaza|
|poke|p2|Xerneas-*|
|poke|p2|Zacian-*|
|teampreview
|inactive|Battle timer is ON: inactive players will automatically lose when time's up. (requested by amnael1)
|
|t:|1647701139
|start
|switch|p1a: 그란돈|Groudon, shiny|100/100
|switch|p2a: Smeargle|Smeargle, M|100/100
|detailschange|p1a: 그란돈|Groudon-Primal, shiny
|-primal|p1a: 그란돈
|-weather|DesolateLand|[from] ability: Desolate Land|[of] p1a: 그란돈
|turn|1
|
|t:|1647701148
|move|p2a: Smeargle|Spore|p1a: 그란돈
|-status|p1a: 그란돈|slp|[from] move: Spore
|cant|p1a: 그란돈|slp
|
|-weather|DesolateLand|[upkeep]
|-ability|p2a: Smeargle|Moody|boost
|-boost|p2a: Smeargle|spe|2
|-unboost|p2a: Smeargle|atk|1
|upkeep
|turn|2
|
|t:|1647701158
|move|p2a: Smeargle|Shift Gear|p2a: Smeargle
|-boost|p2a: Smeargle|spe|2
|-boost|p2a: Smeargle|atk|1
|-curestatus|p1a: 그란돈|slp|[msg]
|move|p1a: 그란돈|Heat Crash|p2a: Smeargle
|-enditem|p2a: Smeargle|Focus Sash
|-damage|p2a: Smeargle|1/100
|
|-weather|DesolateLand|[upkeep]
|-ability|p2a: Smeargle|Moody|boost
|-boost|p2a: Smeargle|spa|2
|-unboost|p2a: Smeargle|spd|1
|upkeep
|turn|3
|
|t:|1647701172
|move|p2a: Smeargle|Spore|p1a: 그란돈
|-status|p1a: 그란돈|slp|[from] move: Spore
|cant|p1a: 그란돈|slp
|
|-weather|DesolateLand|[upkeep]
|-ability|p2a: Smeargle|Moody|boost
|-boost|p2a: Smeargle|spd|2
|-unboost|p2a: Smeargle|spe|1
|upkeep
|turn|4
|
|t:|1647701181
|move|p2a: Smeargle|Baton Pass|p2a: Smeargle
|
|t:|1647701182
|switch|p2a: Espeon|Espeon, M|100/100|[from]move: Baton Pass
|cant|p1a: 그란돈|slp
|
|-weather|DesolateLand|[upkeep]
|upkeep
|turn|5
|
|t:|1647701189
|move|p2a: Espeon|Psychic|p1a: 그란돈
|-damage|p1a: 그란돈|17/100 slp
|cant|p1a: 그란돈|slp
|
|-weather|DesolateLand|[upkeep]
|upkeep
|turn|6
|
|t:|1647701194
|move|p2a: Espeon|Psychic|p1a: 그란돈
|-damage|p1a: 그란돈|0 fnt
|faint|p1a: 그란돈
|-weather|none
|
|upkeep
|
|t:|1647701206
|switch|p1a: 기라티나|Giratina-Origin, shiny|100/100
|turn|7
|
|t:|1647701209
|move|p1a: 기라티나|Shadow Sneak|p2a: Espeon
|-supereffective|p2a: Espeon
|-damage|p2a: Espeon|9/100
|move|p2a: Espeon|Shadow Ball|p1a: 기라티나
|-supereffective|p1a: 기라티나
|-damage|p1a: 기라티나|18/100
|-unboost|p1a: 기라티나|spd|1
|
|upkeep
|turn|8
|
|t:|1647701217
|move|p1a: 기라티나|Shadow Sneak|p2a: Espeon
|-supereffective|p2a: Espeon
|-damage|p2a: Espeon|0 fnt
|faint|p2a: Espeon
|
|upkeep
|
|t:|1647701219
|switch|p2a: Smeargle|Smeargle, M|1/100
|turn|9
|
|t:|1647701224
|move|p1a: 기라티나|Outrage|p2a: Smeargle
|-crit|p2a: Smeargle
|-damage|p2a: Smeargle|0 fnt
|faint|p2a: Smeargle
|
|upkeep
|
|t:|1647701227
|switch|p2a: Xerneas|Xerneas|100/100
|-ability|p2a: Xerneas|Fairy Aura
|turn|10
|
|t:|1647701233
|move|p1a: 기라티나|Outrage|p2a: Xerneas|[from]lockedmove
|-immune|p2a: Xerneas
|move|p2a: Xerneas|Geomancy||[still]
|-prepare|p2a: Xerneas|Geomancy
|-enditem|p2a: Xerneas|Power Herb
|-anim|p2a: Xerneas|Geomancy|p2a: Xerneas
|-boost|p2a: Xerneas|spa|2
|-boost|p2a: Xerneas|spd|2
|-boost|p2a: Xerneas|spe|2
|
|upkeep
|turn|11
|
|t:|1647701243
|move|p1a: 기라티나|Shadow Sneak|p2a: Xerneas
|-damage|p2a: Xerneas|84/100
|move|p2a: Xerneas|Moonblast|p1a: 기라티나
|-supereffective|p1a: 기라티나
|-damage|p1a: 기라티나|0 fnt
|faint|p1a: 기라티나
|
|upkeep
|
|t:|1647701259
|switch|p1a: 메타몽|Ditto, shiny|100/100
|-transform|p1a: 메타몽|p2a: Xerneas|[from] ability: Imposter
|-ability|p1a: 메타몽|Fairy Aura
|turn|12
|
|t:|1647701265
|-start|p2a: Xerneas|Dynamax
|-heal|p2a: Xerneas|84/100|[silent]
|move|p1a: 메타몽|Moonblast|p2a: Xerneas
|-damage|p2a: Xerneas|63/100
|move|p2a: Xerneas|Max Starfall|p1a: 메타몽
|-damage|p1a: 메타몽|24/100
|-fieldstart|move: Misty Terrain
|
|upkeep
|turn|13
|
|t:|1647701283
|move|p1a: 메타몽|Moonblast|p2a: Xerneas
|-damage|p2a: Xerneas|42/100
|move|p2a: Xerneas|Max Starfall|p1a: 메타몽
|-damage|p1a: 메타몽|0 fnt
|faint|p1a: 메타몽
|
|upkeep
|inactive|Agdp has 120 seconds left.
|
|t:|1647701314
|switch|p1a: 아르세우스|Arceus|100/100
|turn|14
|
|t:|1647701317
|move|p1a: 아르세우스|Extreme Speed|p2a: Xerneas
|-damage|p2a: Xerneas|25/100
|-damage|p1a: 아르세우스|91/100|[from] item: Life Orb
|move|p2a: Xerneas|Max Starfall|p1a: 아르세우스
|-damage|p1a: 아르세우스|0 fnt
|faint|p1a: 아르세우스
|
|-end|p2a: Xerneas|Dynamax
|-heal|p2a: Xerneas|25/100|[silent]
|upkeep
|
|t:|1647701329
|switch|p1a: 디아루가|Dialga, shiny|100/100
|-ability|p1a: 디아루가|Pressure
|turn|15
|
|t:|1647701334
|-start|p1a: 디아루가|Dynamax
|-heal|p1a: 디아루가|100/100|[silent]
|move|p2a: Xerneas|Moonblast|p1a: 디아루가
|-damage|p1a: 디아루가|50/100
|move|p1a: 디아루가|Max Steelspike|p2a: Xerneas
|-supereffective|p2a: Xerneas
|-damage|p2a: Xerneas|0 fnt
|-boost|p1a: 디아루가|def|1
|faint|p2a: Xerneas
|
|upkeep
|
|t:|1647701341
|switch|p2a: Groudon|Groudon|100/100
|detailschange|p2a: Groudon|Groudon-Primal
|-primal|p2a: Groudon
|-weather|DesolateLand|[from] ability: Desolate Land|[of] p2a: Groudon
|turn|16
|
|t:|1647701351
|move|p2a: Groudon|Earthquake|p1a: 디아루가
|-supereffective|p1a: 디아루가
|-damage|p1a: 디아루가|25/100
|move|p1a: 디아루가|Max Steelspike|p2a: Groudon
|-resisted|p2a: Groudon
|-damage|p2a: Groudon|67/100
|-boost|p1a: 디아루가|def|1
|
|-weather|DesolateLand|[upkeep]
|-fieldend|Misty Terrain
|upkeep
|turn|17
|
|t:|1647701364
|move|p2a: Groudon|Earthquake|p1a: 디아루가
|-supereffective|p1a: 디아루가
|-damage|p1a: 디아루가|7/100
|move|p1a: 디아루가|Max Steelspike|p2a: Groudon
|-resisted|p2a: Groudon
|-crit|p2a: Groudon
|-damage|p2a: Groudon|19/100
|-boost|p1a: 디아루가|def|1
|
|-weather|DesolateLand|[upkeep]
|-end|p1a: 디아루가|Dynamax
|-heal|p1a: 디아루가|7/100|[silent]
|upkeep
|turn|18
|
|t:|1647701376
|move|p2a: Groudon|Earthquake|p1a: 디아루가
|-supereffective|p1a: 디아루가
|-damage|p1a: 디아루가|0 fnt
|faint|p1a: 디아루가
|
|-weather|DesolateLand|[upkeep]
|upkeep
|
|t:|1647701383
|switch|p1a: 펄기아|Palkia, shiny|100/100
|-ability|p1a: 펄기아|Pressure
|turn|19
|
|t:|1647701389
|move|p1a: 펄기아|Spacial Rend|p2a: Groudon
|-damage|p2a: Groudon|0 fnt
|faint|p2a: Groudon
|-weather|none
|
|upkeep
|
|t:|1647701392
|switch|p2a: Zacian|Zacian-Crowned|100/100
|-ability|p2a: Zacian|Intrepid Sword|boost
|-boost|p2a: Zacian|atk|1
|turn|20
|
|t:|1647701399
|move|p2a: Zacian|Play Rough|p1a: 펄기아|[miss]
|-miss|p2a: Zacian|p1a: 펄기아
|move|p1a: 펄기아|Hydro Pump|p2a: Zacian
|-damage|p2a: Zacian|36/100
|
|upkeep
|turn|21
|
|t:|1647701408
|move|p2a: Zacian|Play Rough|p1a: 펄기아
|-supereffective|p1a: 펄기아
|-damage|p1a: 펄기아|0 fnt
|faint|p1a: 펄기아
|
|win|amnael1
|raw|Agdp's rating: 1694 &rarr; <strong>1680</strong><br />(-14 for losing)
|raw|amnael1's rating: 1796 &rarr; <strong>1810</strong><br />(+14 for winning)
