|j|☆jxdn
|j|☆zachspike3
|t:|1664190260
|gametype|singles
|player|p1|jxdn|red|1576
|player|p2|zachspike3|169|1420
|teamsize|p1|6
|teamsize|p2|6
|gen|8
|tier|[Gen 8] National Dex AG
|rated|
|rule|HP Percentage Mod: HP is shown in percentages
|rule|Endless Battle Clause: Forcing endless battles is banned
|clearpoke
|poke|p1|Yveltal|
|poke|p1|Rayquaza|
|poke|p1|Calyrex-Shadow|
|poke|p1|Xerneas-*|
|poke|p1|Zacian-*|
|poke|p1|Groudon|
|poke|p2|Golisopod, M|
|poke|p2|Diancie|
|poke|p2|Wobbuffet, M|
|poke|p2|Gliscor, F|
|poke|p2|Meloetta|
|poke|p2|Marshadow|
|teampreview
|inactive|Battle timer is ON: inactive players will automatically lose when time's up. (requested by jxdn)
|
|t:|1664190266
|start
|switch|p1a: Groudon|Groudon|100/100
|switch|p2a: Diancie|Diancie|100/100
|detailschange|p1a: Groudon|Groudon-Primal
|-primal|p1a: Groudon
|-weather|DesolateLand|[from] ability: Desolate Land|[of] p1a: Groudon
|turn|1
|
|t:|1664190276
|detailschange|p2a: Diancie|Diancie-Mega
|-mega|p2a: Diancie|Diancie|Diancite
|move|p2a: Diancie|Stealth Rock|p1a: Groudon
|-sidestart|p1: jxdn|move: Stealth Rock
|move|p1a: Groudon|Stealth Rock|p2a: Diancie
|move|p2a: Diancie|Stealth Rock||[from]ability: Magic Bounce|[still]
|-fail|p2a: Diancie
|
|-weather|DesolateLand|[upkeep]
|upkeep
|turn|2
|
|t:|1664190284
|move|p2a: Diancie|Reflect|p2a: Diancie
|-sidestart|p2: zachspike3|Reflect
|move|p1a: Groudon|Earthquake|p2a: Diancie
|-supereffective|p2a: Diancie
|-damage|p2a: Diancie|3/100
|
|-weather|DesolateLand|[upkeep]
|upkeep
|turn|3
|
|t:|1664190294
|move|p2a: Diancie|Light Screen|p2a: Diancie
|-sidestart|p2: zachspike3|move: Light Screen
|move|p1a: Groudon|Heat Crash|p2a: Diancie
|-resisted|p2a: Diancie
|-damage|p2a: Diancie|0 fnt
|faint|p2a: Diancie
|
|-weather|DesolateLand|[upkeep]
|upkeep
|
|t:|1664190305
|switch|p2a: Wobbuffet|Wobbuffet, M|100/100
|turn|4
|
|t:|1664190309
|move|p1a: Groudon|Stealth Rock|p2a: Wobbuffet
|-sidestart|p2: zachspike3|move: Stealth Rock
|move|p2a: Wobbuffet|Counter||[still]
|-fail|p2a: Wobbuffet
|
|-weather|DesolateLand|[upkeep]
|upkeep
|turn|5
|
|t:|1664190315
|move|p1a: Groudon|Heat Crash|p2a: Wobbuffet
|-damage|p2a: Wobbuffet|56/100
|move|p2a: Wobbuffet|Counter|p1a: Groudon
|-damage|p1a: Groudon|0 fnt
|faint|p1a: Groudon
|-weather|none
|
|upkeep
|
|t:|1664190323
|switch|p1a: Yveltal|Yveltal|100/100
|-damage|p1a: Yveltal|76/100|[from] Stealth Rock
|-ability|p1a: Yveltal|Dark Aura
|turn|6
|
|t:|1664190328
|move|p1a: Yveltal|Dark Pulse|p2a: Wobbuffet
|-supereffective|p2a: Wobbuffet
|-damage|p2a: Wobbuffet|17/100
|move|p2a: Wobbuffet|Destiny Bond|p2a: Wobbuffet
|-singlemove|p2a: Wobbuffet|Destiny Bond
|
|-sideend|p2: zachspike3|Reflect
|upkeep
|turn|7
|
|t:|1664190353
|move|p1a: Yveltal|Sucker Punch||[still]
|-fail|p1a: Yveltal
|move|p2a: Wobbuffet|Encore|p1a: Yveltal
|-start|p1a: Yveltal|Encore
|
|-sideend|p2: zachspike3|move: Light Screen
|upkeep
|turn|8
|
|t:|1664190362
|move|p1a: Yveltal|Sucker Punch||[still]
|-fail|p1a: Yveltal
|move|p2a: Wobbuffet|Destiny Bond|p2a: Wobbuffet
|-singlemove|p2a: Wobbuffet|Destiny Bond
|
|upkeep
|turn|9
|
|t:|1664190367
|move|p1a: Yveltal|Sucker Punch||[still]
|-fail|p1a: Yveltal
|move|p2a: Wobbuffet|Encore||[still]
|-fail|p2a: Wobbuffet
|
|upkeep
|turn|10
|
|t:|1664190372
|move|p1a: Yveltal|Sucker Punch||[still]
|-fail|p1a: Yveltal
|move|p2a: Wobbuffet|Destiny Bond|p2a: Wobbuffet
|-singlemove|p2a: Wobbuffet|Destiny Bond
|
|-end|p1a: Yveltal|Encore
|upkeep
|turn|11
|
|t:|1664190381
|move|p1a: Yveltal|Sucker Punch||[still]
|-fail|p1a: Yveltal
|move|p2a: Wobbuffet|Encore|p1a: Yveltal
|-start|p1a: Yveltal|Encore
|
|upkeep
|turn|12
|
|t:|1664190386
|move|p1a: Yveltal|Sucker Punch|p2a: Wobbuffet
|-supereffective|p2a: Wobbuffet
|-damage|p2a: Wobbuffet|0 fnt
|faint|p2a: Wobbuffet
|
|upkeep
|
|t:|1664190395
|switch|p2a: Golisopod|Golisopod, M|100/100
|-damage|p2a: Golisopod|76/100|[from] Stealth Rock
|turn|13
|
|t:|1664190399
|move|p2a: Golisopod|First Impression|p1a: Yveltal
|-crit|p1a: Yveltal
|-damage|p1a: Yveltal|5/100
|move|p1a: Yveltal|Sucker Punch||[still]
|-fail|p1a: Yveltal
|
|upkeep
|turn|14
|
|t:|1664190405
|move|p1a: Yveltal|Sucker Punch|p2a: Golisopod
|-crit|p2a: Golisopod
|-damage|p2a: Golisopod|33/100
|-activate|p2a: Golisopod|ability: Emergency Exit
|
|t:|1664190413
|switch|p2a: Marshadow|Marshadow|100/100
|-damage|p2a: Marshadow|94/100|[from] Stealth Rock
|
|-end|p1a: Yveltal|Encore
|upkeep
|turn|15
|
|t:|1664190420
|-start|p2a: Marshadow|Dynamax|
|-heal|p2a: Marshadow|94/100|[silent]
|move|p2a: Marshadow|Max Knuckle|p1a: Yveltal
|-damage|p1a: Yveltal|0 fnt
|-boost|p2a: Marshadow|atk|1
|faint|p1a: Yveltal
|
|upkeep
|
|t:|1664190433
|switch|p1a: Xerneas|Xerneas|100/100
|-damage|p1a: Xerneas|88/100|[from] Stealth Rock
|-ability|p1a: Xerneas|Fairy Aura
|turn|16
|
|t:|1664190440
|move|p2a: Marshadow|Max Phantasm|p1a: Xerneas
|-damage|p1a: Xerneas|0 fnt
|faint|p1a: Xerneas
|
|upkeep
|
|t:|1664190451
|switch|p1a: Rayquaza|Rayquaza|100/100
|-damage|p1a: Rayquaza|75/100|[from] Stealth Rock
|-ability|p1a: Rayquaza|Air Lock
|turn|17
|
|t:|1664190458
|detailschange|p1a: Rayquaza|Rayquaza-Mega
|-mega|p1a: Rayquaza|Rayquaza|
|-weather|DeltaStream|[from] ability: Delta Stream|[of] p1a: Rayquaza
|move|p1a: Rayquaza|V-create|p2a: Marshadow
|-damage|p2a: Marshadow|41/100
|-unboost|p1a: Rayquaza|spe|1
|-unboost|p1a: Rayquaza|def|1
|-unboost|p1a: Rayquaza|spd|1
|move|p2a: Marshadow|Max Phantasm|p1a: Rayquaza
|-damage|p1a: Rayquaza|0 fnt
|faint|p1a: Rayquaza
|-weather|none
|
|upkeep
|
|t:|1664190467
|switch|p1a: Zacian|Zacian-Crowned|100/100
|-damage|p1a: Zacian|94/100|[from] Stealth Rock
|-ability|p1a: Zacian|Intrepid Sword|boost
|-boost|p1a: Zacian|atk|1
|-end|p2a: Marshadow|Dynamax
|-heal|p2a: Marshadow|41/100|[silent]
|turn|18
|
|t:|1664190495
|move|p2a: Marshadow|Spectral Thief||[still]
|-clearpositiveboost|p1a: Zacian|p2a: Marshadow|move: Spectral Thief
|-boost|p2a: Marshadow|atk|1
|-anim|p2a: Marshadow|Spectral Thief|p1a: Zacian
|-damage|p1a: Zacian|6/100
|move|p1a: Zacian|Behemoth Blade|p2a: Marshadow
|-damage|p2a: Marshadow|0 fnt
|faint|p2a: Marshadow
|
|upkeep
|inactive|zachspike3 has 120 seconds left.
|
|t:|1664190507
|switch|p2a: Golisopod|Golisopod, M|33/100
|-damage|p2a: Golisopod|8/100|[from] Stealth Rock
|turn|19
|
|t:|1664190510
|move|p2a: Golisopod|First Impression|p1a: Zacian
|-resisted|p1a: Zacian
|-damage|p1a: Zacian|0 fnt
|faint|p1a: Zacian
|
|upkeep
|
|t:|1664190513
|switch|p1a: Calyrex|Calyrex-Shadow|100/100
|-ability|p1a: Calyrex|As One
|-ability|p1a: Calyrex|Unnerve
|-damage|p1a: Calyrex|88/100|[from] Stealth Rock
|turn|20
|
|t:|1664190521
|-start|p1a: Calyrex|Dynamax|
|-heal|p1a: Calyrex|88/100|[silent]
|move|p2a: Golisopod|Aqua Jet|p1a: Calyrex
|-damage|p1a: Calyrex|74/100
|move|p1a: Calyrex|Max Phantasm|p2a: Golisopod
|-damage|p2a: Golisopod|0 fnt
|faint|p2a: Golisopod
|-ability|p1a: Calyrex|Grim Neigh|boost
|-boost|p1a: Calyrex|spa|1
|
|upkeep
|
|t:|1664190533
|switch|p2a: Meloetta|Meloetta|100/100
|-damage|p2a: Meloetta|88/100|[from] Stealth Rock
|turn|21
|
|t:|1664190537
|move|p1a: Calyrex|Max Phantasm|p2a: Meloetta
|-immune|p2a: Meloetta
|-zpower|p2a: Meloetta
|move|p2a: Meloetta|Z-Celebrate|p2a: Meloetta|[anim]Celebrate
|-boost|p2a: Meloetta|atk|1|[zeffect]
|-boost|p2a: Meloetta|def|1|[zeffect]
|-boost|p2a: Meloetta|spa|1|[zeffect]
|-boost|p2a: Meloetta|spd|1|[zeffect]
|-boost|p2a: Meloetta|spe|1|[zeffect]
|-activate|p2a: Meloetta|move: Celebrate
|
|upkeep
|turn|22
|
|t:|1664190549
|move|p2a: Meloetta|Shadow Ball|p1a: Calyrex
|-supereffective|p1a: Calyrex
|-damage|p1a: Calyrex|0 fnt
|faint|p1a: Calyrex
|
|win|zachspike3
|raw|jxdn's rating: 1576 &rarr; <strong>1548</strong><br />(-28 for losing)
|raw|zachspike3's rating: 1420 &rarr; <strong>1448</strong><br />(+28 for winning)
|l|☆jxdn
