|j|☆OnMaWa
|j|☆ImNotStevo
|player|p1|OnMaWa|psychic-gen4|1735
|player|p2|ImNotStevo|137|1394
|teamsize|p1|6
|teamsize|p2|6
|gametype|singles
|gen|8
|tier|[Gen 8] National Dex AG
|rated|
|clearpoke
|poke|p1|Arceus-*|
|poke|p1|Xerneas|
|poke|p1|Lugia|
|poke|p1|Zacian-Crowned|
|poke|p1|Rayquaza|
|poke|p1|Necrozma-Dusk-Mane|
|poke|p2|Hatterene, F|
|poke|p2|Medicham, M|
|poke|p2|Victini|
|poke|p2|Metagross|
|poke|p2|Reuniclus, F|
|poke|p2|Deoxys-Attack|
|rule|HP Percentage Mod: HP is shown in percentages
|rule|Endless Battle Clause: Forcing endless battles is banned
|teampreview
|inactive|Battle timer is ON: inactive players will automatically lose when time's up. (requested by ImNotStevo)
|
|start
|switch|p1a: Rayquaza|Rayquaza|100/100
|switch|p2a: Deoxys|Deoxys-Attack|100/100
|-ability|p2a: Deoxys|Pressure
|-ability|p1a: Rayquaza|Air Lock
|turn|1
|
|detailschange|p1a: Rayquaza|Rayquaza-Mega
|-mega|p1a: Rayquaza|Rayquaza|
|-weather|DeltaStream|[from] ability: Delta Stream|[of] p1a: Rayquaza
|move|p1a: Rayquaza|Extreme Speed|p2a: Deoxys
|-enditem|p2a: Deoxys|Focus Sash
|-damage|p2a: Deoxys|1/100
|-damage|p1a: Rayquaza|91/100|[from] item: Life Orb
|move|p2a: Deoxys|Ice Beam|p1a: Rayquaza
|-activate||deltastream
|-supereffective|p1a: Rayquaza
|-crit|p1a: Rayquaza
|-damage|p1a: Rayquaza|0 fnt
|faint|p1a: Rayquaza
|-weather|none
|
|upkeep
|
|switch|p1a: Arceus|Arceus|100/100
|turn|2
|
|move|p2a: Deoxys|Extreme Speed|p1a: Arceus
|-damage|p1a: Arceus|78/100
|move|p1a: Arceus|Extreme Speed|p2a: Deoxys
|-damage|p2a: Deoxys|0 fnt
|faint|p2a: Deoxys
|
|upkeep
|
|switch|p2a: Metagross|Metagross, shiny|100/100
|turn|3
|
|switch|p1a: Lugia|Lugia|100/100
|move|p2a: Metagross|Agility|p2a: Metagross
|-boost|p2a: Metagross|spe|2
|
|upkeep
|turn|4
|
|switch|p2a: Reuniclus|Reuniclus, F, shiny|100/100
|move|p1a: Lugia|Thunder Wave|p2a: Reuniclus
|-status|p2a: Reuniclus|par
|
|upkeep
|turn|5
|
|switch|p1a: Zacian|Zacian-Crowned|100/100
|-ability|p1a: Zacian|Intrepid Sword|boost
|-boost|p1a: Zacian|atk|1
|move|p2a: Reuniclus|Calm Mind|p2a: Reuniclus
|-boost|p2a: Reuniclus|spa|1
|-boost|p2a: Reuniclus|spd|1
|
|upkeep
|turn|6
|
|move|p1a: Zacian|Behemoth Blade|p2a: Reuniclus
|-damage|p2a: Reuniclus|32/100 par
|move|p2a: Reuniclus|Focus Blast|p1a: Zacian|[miss]
|-miss|p2a: Reuniclus|p1a: Zacian
|
|-heal|p2a: Reuniclus|38/100 par|[from] item: Leftovers
|upkeep
|turn|7
|
|move|p1a: Zacian|Behemoth Blade|p2a: Reuniclus
|-damage|p2a: Reuniclus|0 fnt
|faint|p2a: Reuniclus
|
|upkeep
|
|switch|p2a: Victini|Victini|100/100
|turn|8
|
|switch|p1a: Lugia|Lugia|100/100
|move|p2a: Victini|U-turn|p1a: Lugia
|-damage|p1a: Lugia|96/100
|
|switch|p2a: Metagross|Metagross, shiny|100/100|[from]move: U-turn
|
|upkeep
|turn|9
|
|switch|p2a: Hatterene|Hatterene, F, shiny|100/100
|move|p1a: Lugia|Thunder Wave|p2a: Hatterene
|move|p2a: Hatterene|Thunder Wave|p1a: Lugia|[from]Magic Bounce
|-status|p1a: Lugia|par
|
|upkeep
|turn|10
|
|switch|p1a: Zacian|Zacian-Crowned|100/100
|-ability|p1a: Zacian|Intrepid Sword|boost
|-boost|p1a: Zacian|atk|1
|move|p2a: Hatterene|Calm Mind|p2a: Hatterene
|-boost|p2a: Hatterene|spa|1
|-boost|p2a: Hatterene|spd|1
|
|upkeep
|turn|11
|
|move|p1a: Zacian|Behemoth Blade|p2a: Hatterene
|-supereffective|p2a: Hatterene
|-damage|p2a: Hatterene|0 fnt
|faint|p2a: Hatterene
|
|upkeep
|
|switch|p2a: Victini|Victini|100/100
|turn|12
|
|switch|p1a: Lugia|Lugia|96/100 par
|move|p2a: Victini|Bolt Strike|p1a: Lugia
|-supereffective|p1a: Lugia
|-damage|p1a: Lugia|58/100 par
|
|upkeep
|turn|13
|
|move|p2a: Victini|Bolt Strike|p1a: Lugia
|-supereffective|p1a: Lugia
|-damage|p1a: Lugia|18/100 par
|move|p1a: Lugia|Thunder Wave|p2a: Victini
|-status|p2a: Victini|par
|
|upkeep
|turn|14
|
|cant|p2a: Victini|par
|move|p1a: Lugia|Roost|p1a: Lugia
|-heal|p1a: Lugia|68/100 par
|-singleturn|p1a: Lugia|move: Roost
|
|upkeep
|turn|15
|
|move|p2a: Victini|Bolt Strike|p1a: Lugia|[miss]
|-miss|p2a: Victini|p1a: Lugia
|move|p1a: Lugia|Roost|p1a: Lugia
|-heal|p1a: Lugia|100/100 par
|-singleturn|p1a: Lugia|move: Roost
|
|upkeep
|turn|16
|
|move|p2a: Victini|Bolt Strike|p1a: Lugia|[miss]
|-miss|p2a: Victini|p1a: Lugia
|move|p1a: Lugia|Whirlwind|p2a: Victini
|drag|p2a: Medicham|Medicham, M, shiny|100/100
|
|upkeep
|turn|17
|
|detailschange|p2a: Medicham|Medicham-Mega, M, shiny
|-mega|p2a: Medicham|Medicham|Medichamite
|move|p2a: Medicham|Fake Out|p1a: Lugia
|-damage|p1a: Lugia|95/100 par
|cant|p1a: Lugia|flinch
|
|upkeep
|turn|18
|j| Gen8WasAMistake
|
|move|p2a: Medicham|Thunder Punch|p1a: Lugia
|-supereffective|p1a: Lugia
|-damage|p1a: Lugia|49/100 par
|move|p1a: Lugia|Toxic|p2a: Medicham
|-status|p2a: Medicham|tox
|
|-damage|p2a: Medicham|94/100 tox|[from] psn
|upkeep
|turn|19
|
|move|p2a: Medicham|Thunder Punch|p1a: Lugia
|-supereffective|p1a: Lugia
|-damage|p1a: Lugia|5/100 par
|move|p1a: Lugia|Roost|p1a: Lugia
|-heal|p1a: Lugia|55/100 par
|-singleturn|p1a: Lugia|move: Roost
|
|-damage|p2a: Medicham|82/100 tox|[from] psn
|upkeep
|turn|20
|
|move|p2a: Medicham|Thunder Punch|p1a: Lugia
|-supereffective|p1a: Lugia
|-damage|p1a: Lugia|15/100 par
|cant|p1a: Lugia|par
|
|-damage|p2a: Medicham|64/100 tox|[from] psn
|upkeep
|turn|21
|
|move|p2a: Medicham|High Jump Kick|p1a: Lugia
|-resisted|p1a: Lugia
|-damage|p1a: Lugia|2/100 par
|move|p1a: Lugia|Roost|p1a: Lugia
|-heal|p1a: Lugia|52/100 par
|-singleturn|p1a: Lugia|move: Roost
|
|-damage|p2a: Medicham|39/100 tox|[from] psn
|upkeep
|turn|22
|c| Gen8WasAMistake|??????
|
|move|p2a: Medicham|Thunder Punch|p1a: Lugia
|-supereffective|p1a: Lugia
|-damage|p1a: Lugia|8/100 par
|move|p1a: Lugia|Roost|p1a: Lugia
|-heal|p1a: Lugia|58/100 par
|-singleturn|p1a: Lugia|move: Roost
|
|-damage|p2a: Medicham|9/100 tox|[from] psn
|upkeep
|turn|23
|
|move|p2a: Medicham|Thunder Punch|p1a: Lugia
|-supereffective|p1a: Lugia
|-damage|p1a: Lugia|14/100 par
|move|p1a: Lugia|Roost|p1a: Lugia
|-heal|p1a: Lugia|64/100 par
|-singleturn|p1a: Lugia|move: Roost
|
|-damage|p2a: Medicham|0 fnt|[from] psn
|faint|p2a: Medicham
|upkeep
|
|switch|p2a: Victini|Victini|100/100 par
|turn|24
|
|move|p2a: Victini|Blue Flare|p1a: Lugia
|-damage|p1a: Lugia|40/100 par
|move|p1a: Lugia|Roost|p1a: Lugia
|-heal|p1a: Lugia|90/100 par
|-singleturn|p1a: Lugia|move: Roost
|
|upkeep
|turn|25
|
|move|p2a: Victini|Blue Flare|p1a: Lugia
|-crit|p1a: Lugia
|-damage|p1a: Lugia|52/100 par
|move|p1a: Lugia|Roost|p1a: Lugia
|-heal|p1a: Lugia|100/100 par
|-singleturn|p1a: Lugia|move: Roost
|
|upkeep
|turn|26
|
|move|p2a: Victini|Blue Flare|p1a: Lugia
|-crit|p1a: Lugia
|-damage|p1a: Lugia|81/100 par
|move|p1a: Lugia|Whirlwind|p2a: Victini
|drag|p2a: Metagross|Metagross, shiny|100/100
|
|upkeep
|turn|27
|
|switch|p2a: Victini|Victini|100/100 par
|move|p1a: Lugia|Thunder Wave|p2a: Victini
|-fail|p2a: Victini|par
|
|upkeep
|turn|28
|
|cant|p2a: Victini|par
|move|p1a: Lugia|Thunder Wave|p2a: Victini
|-fail|p2a: Victini|par
|
|upkeep
|turn|29
|
|move|p2a: Victini|Blue Flare|p1a: Lugia
|-damage|p1a: Lugia|57/100 par
|move|p1a: Lugia|Toxic||[still]
|-fail|p1a: Lugia
|
|upkeep
|turn|30
|
|cant|p2a: Victini|par
|move|p1a: Lugia|Toxic||[still]
|-fail|p1a: Lugia
|
|upkeep
|turn|31
|
|move|p2a: Victini|Blue Flare|p1a: Lugia
|-damage|p1a: Lugia|33/100 par
|move|p1a: Lugia|Toxic||[still]
|-fail|p1a: Lugia
|
|upkeep
|turn|32
|
|move|p2a: Victini|Blue Flare|p1a: Lugia
|-damage|p1a: Lugia|5/100 par
|move|p1a: Lugia|Toxic||[still]
|-fail|p1a: Lugia
|
|upkeep
|turn|33
|
|cant|p2a: Victini|par
|cant|p1a: Lugia|par
|
|upkeep
|turn|34
|
|move|p2a: Victini|Blue Flare|p1a: Lugia
|-damage|p1a: Lugia|0 fnt
|faint|p1a: Lugia
|
|upkeep
|
|switch|p1a: Necrozma|Necrozma-Dusk-Mane|100/100
|turn|35
|
|detailschange|p1a: Necrozma|Necrozma-Ultra
|-burst|p1a: Necrozma|Necrozma|Ultranecrozium Z
|move|p1a: Necrozma|Dragon Dance|p1a: Necrozma
|-boost|p1a: Necrozma|atk|1
|-boost|p1a: Necrozma|spe|1
|move|p2a: Victini|Blue Flare|p1a: Necrozma|[miss]
|-miss|p2a: Victini|p1a: Necrozma
|
|upkeep
|turn|36
|
|move|p1a: Necrozma|Earthquake|p2a: Victini
|-supereffective|p2a: Victini
|-damage|p2a: Victini|0 fnt
|faint|p2a: Victini
|
|upkeep
|
|switch|p2a: Metagross|Metagross, shiny|100/100
|turn|37
|
|-start|p2a: Metagross|Dynamax
|-heal|p2a: Metagross|100/100|[silent]
|move|p1a: Necrozma|Earthquake|p2a: Metagross
|-supereffective|p2a: Metagross
|-damage|p2a: Metagross|45/100
|-enditem|p2a: Metagross|Weakness Policy
|-boost|p2a: Metagross|atk|2|[from] item: Weakness Policy
|-boost|p2a: Metagross|spa|2|[from] item: Weakness Policy
|move|p2a: Metagross|Max Steelspike|p1a: Necrozma
|-damage|p1a: Necrozma|0 fnt
|-boost|p2a: Metagross|def|1
|faint|p1a: Necrozma
|
|upkeep
|
|switch|p1a: Arceus|Arceus|78/100
|turn|38
|
|-start|p1a: Arceus|Dynamax
|-heal|p1a: Arceus|78/100|[silent]
|move|p1a: Arceus|Max Strike|p2a: Metagross
|-resisted|p2a: Metagross
|-damage|p2a: Metagross|37/100
|-fail|p2a: Metagross|unboost|[from] ability: Clear Body|[of] p2a: Metagross
|move|p2a: Metagross|Max Steelspike|p1a: Arceus
|-damage|p1a: Arceus|38/100
|-boost|p2a: Metagross|def|1
|
|upkeep
|turn|39
|
|move|p1a: Arceus|Max Guard|p1a: Arceus
|-singleturn|p1a: Arceus|Max Guard
|move|p2a: Metagross|Max Steelspike|p1a: Arceus
|-activate|p1a: Arceus|move: Max Guard
|
|-end|p2a: Metagross|Dynamax
|-heal|p2a: Metagross|37/100|[silent]
|upkeep
|turn|40
|
|move|p1a: Arceus|Max Strike|p2a: Metagross
|-resisted|p2a: Metagross
|-damage|p2a: Metagross|23/100
|-fail|p2a: Metagross|unboost|[from] ability: Clear Body|[of] p2a: Metagross
|move|p2a: Metagross|Agility|p2a: Metagross
|-boost|p2a: Metagross|spe|2
|
|-end|p1a: Arceus|Dynamax
|-heal|p1a: Arceus|38/100|[silent]
|upkeep
|turn|41
|
|move|p1a: Arceus|Extreme Speed|p2a: Metagross
|-resisted|p2a: Metagross
|-damage|p2a: Metagross|14/100
|move|p2a: Metagross|Meteor Mash|p1a: Arceus
|-damage|p1a: Arceus|0 fnt
|-boost|p2a: Metagross|atk|1
|faint|p1a: Arceus
|
|upkeep
|inactive|OnMaWa has 120 seconds left.
|
|switch|p1a: Xerneas|Xerneas, shiny|100/100
|-ability|p1a: Xerneas|Fairy Aura
|turn|42
|
|move|p2a: Metagross|Meteor Mash|p1a: Xerneas
|-supereffective|p1a: Xerneas
|-damage|p1a: Xerneas|0 fnt
|faint|p1a: Xerneas
|
|upkeep
|
|switch|p1a: Zacian|Zacian-Crowned|100/100
|-ability|p1a: Zacian|Intrepid Sword|boost
|-boost|p1a: Zacian|atk|1
|turn|43
|
|move|p1a: Zacian|Close Combat|p2a: Metagross
|-damage|p2a: Metagross|0 fnt
|-unboost|p1a: Zacian|def|1
|-unboost|p1a: Zacian|spd|1
|faint|p2a: Metagross
|
|win|OnMaWa
|raw|OnMaWa's rating: 1735 &rarr; <strong>1739</strong><br />(+4 for winning)
|raw|ImNotStevo's rating: 1370 &rarr; <strong>1365</strong><br />(-5 for losing)
|l|☆OnMaWa
