|j|☆iyutian
|j|☆Da1mon!
|t:|1668270289
|gametype|singles
|player|p1|iyutian|266|1483
|player|p2|Da1mon!|cynthia-masters|1500
|teamsize|p1|6
|teamsize|p2|6
|gen|8
|tier|[Gen 8] National Dex AG
|rated|
|rule|HP Percentage Mod: HP is shown in percentages
|rule|Endless Battle Clause: Forcing endless battles is banned
|clearpoke
|poke|p1|Calyrex-Shadow|
|poke|p1|Yveltal|
|poke|p1|Necrozma-Dusk-Mane|
|poke|p1|Zacian-*|
|poke|p1|Xerneas-*|
|poke|p1|Smeargle, M|
|poke|p2|Skarmory, F|
|poke|p2|Smeargle, M|
|poke|p2|Lycanroc, M|
|poke|p2|Greninja, M|
|poke|p2|Darmanitan-Galar, F|
|poke|p2|Xerneas-*|
|teampreview
|inactive|Battle timer is ON: inactive players will automatically lose when time's up. (requested by iyutian)
|
|t:|1668270299
|start
|switch|p1a: Calyrex|Calyrex-Shadow|100/100
|switch|p2a: Lycanroc|Lycanroc, M|100/100
|-ability|p1a: Calyrex|As One
|-ability|p1a: Calyrex|Unnerve
|turn|1
|
|t:|1668270308
|move|p1a: Calyrex|Nasty Plot|p1a: Calyrex
|-boost|p1a: Calyrex|spa|2
|move|p2a: Lycanroc|Stealth Rock|p1a: Calyrex
|-sidestart|p1: iyutian|move: Stealth Rock
|
|upkeep
|turn|2
|
|t:|1668270315
|move|p2a: Lycanroc|Accelerock|p1a: Calyrex
|-damage|p1a: Calyrex|76/100
|move|p1a: Calyrex|Astral Barrage|p2a: Lycanroc
|-enditem|p2a: Lycanroc|Focus Sash
|-damage|p2a: Lycanroc|1/100
|
|upkeep
|turn|3
|
|t:|1668270320
|move|p2a: Lycanroc|Accelerock|p1a: Calyrex
|-damage|p1a: Calyrex|54/100
|move|p1a: Calyrex|Astral Barrage|p2a: Lycanroc
|-damage|p2a: Lycanroc|0 fnt
|faint|p2a: Lycanroc
|-ability|p1a: Calyrex|Grim Neigh|boost
|-boost|p1a: Calyrex|spa|1
|
|upkeep
|
|t:|1668270323
|switch|p2a: Skarmory|Skarmory, F|100/100
|turn|4
|
|t:|1668270340
|move|p1a: Calyrex|Astral Barrage|p2a: Skarmory
|-ability|p2a: Skarmory|Sturdy
|-damage|p2a: Skarmory|1/100
|move|p2a: Skarmory|Spikes|p1a: Calyrex
|-sidestart|p1: iyutian|Spikes
|
|upkeep
|turn|5
|
|t:|1668270347
|move|p1a: Calyrex|Astral Barrage|p2a: Skarmory
|-damage|p2a: Skarmory|0 fnt
|faint|p2a: Skarmory
|-ability|p1a: Calyrex|Grim Neigh|boost
|-boost|p1a: Calyrex|spa|1
|
|upkeep
|
|t:|1668270350
|switch|p2a: Darmanitan|Darmanitan-Galar, F|100/100
|turn|6
|inactive|iyutian has 120 seconds left.
|
|t:|1668270383
|move|p2a: Darmanitan|Icicle Crash|p1a: Calyrex
|-damage|p1a: Calyrex|0 fnt
|faint|p1a: Calyrex
|
|upkeep
|
|t:|1668270388
|switch|p1a: Zacian|Zacian-Crowned|100/100
|-damage|p1a: Zacian|94/100|[from] Stealth Rock
|-damage|p1a: Zacian|82/100|[from] Spikes
|-ability|p1a: Zacian|Intrepid Sword|boost
|-boost|p1a: Zacian|atk|1
|turn|7
|
|t:|1668270392
|switch|p2a: Smeargle|Smeargle, M|100/100
|move|p1a: Zacian|Behemoth Blade|p2a: Smeargle
|-damage|p2a: Smeargle|0 fnt
|faint|p2a: Smeargle
|
|upkeep
|
|t:|1668270398
|switch|p2a: Darmanitan|Darmanitan-Galar, F|100/100
|turn|8
|inactive|iyutian has 120 seconds left.
|
|t:|1668270434
|move|p2a: Darmanitan|Flare Blitz|p1a: Zacian
|-supereffective|p1a: Zacian
|-damage|p1a: Zacian|0 fnt
|faint|p1a: Zacian
|-damage|p2a: Darmanitan|76/100|[from] Recoil
|
|upkeep
|
|t:|1668270443
|switch|p1a: Xerneas|Xerneas|100/100
|-damage|p1a: Xerneas|88/100|[from] Stealth Rock
|-damage|p1a: Xerneas|76/100|[from] Spikes
|-ability|p1a: Xerneas|Fairy Aura
|turn|9
|
|t:|1668270451
|move|p2a: Darmanitan|Flare Blitz|p1a: Xerneas
|-damage|p1a: Xerneas|24/100
|-damage|p2a: Darmanitan|54/100|[from] Recoil
|move|p1a: Xerneas|Geomancy||[still]
|-prepare|p1a: Xerneas|Geomancy
|-enditem|p1a: Xerneas|Power Herb
|-anim|p1a: Xerneas|Geomancy|p1a: Xerneas
|-boost|p1a: Xerneas|spa|2
|-boost|p1a: Xerneas|spd|2
|-boost|p1a: Xerneas|spe|2
|
|upkeep
|turn|10
|inactive|iyutian has 120 seconds left.
|
|t:|1668270470
|move|p2a: Darmanitan|Flare Blitz|p1a: Xerneas
|-damage|p1a: Xerneas|0 fnt
|faint|p1a: Xerneas
|-damage|p2a: Darmanitan|44/100|[from] Recoil
|
|upkeep
|
|t:|1668270474
|switch|p1a: Necrozma|Necrozma-Dusk-Mane|100/100
|-damage|p1a: Necrozma|94/100|[from] Stealth Rock
|-damage|p1a: Necrozma|82/100|[from] Spikes
|turn|11
|
|t:|1668270481
|move|p2a: Darmanitan|Flare Blitz|p1a: Necrozma
|-supereffective|p1a: Necrozma
|-damage|p1a: Necrozma|16/100
|-enditem|p1a: Necrozma|Weakness Policy
|-boost|p1a: Necrozma|atk|2|[from] item: Weakness Policy
|-boost|p1a: Necrozma|spa|2|[from] item: Weakness Policy
|-damage|p2a: Darmanitan|19/100|[from] Recoil
|move|p1a: Necrozma|Trick Room|p1a: Necrozma
|-fieldstart|move: Trick Room|[of] p1a: Necrozma
|
|upkeep
|turn|12
|
|t:|1668270487
|-start|p1a: Necrozma|Dynamax|
|-heal|p1a: Necrozma|16/100|[silent]
|move|p1a: Necrozma|Max Quake|p2a: Darmanitan
|-damage|p2a: Darmanitan|0 fnt
|-boost|p1a: Necrozma|spd|1
|faint|p2a: Darmanitan
|
|upkeep
|
|t:|1668270499
|switch|p2a: Greninja|Greninja, M|100/100
|turn|13
|
|t:|1668270504
|-start|p2a: Greninja|Dynamax|
|-heal|p2a: Greninja|100/100|[silent]
|move|p1a: Necrozma|Max Quake|p2a: Greninja
|-damage|p2a: Greninja|9/100
|-boost|p1a: Necrozma|spd|1
|move|p2a: Greninja|Max Darkness|p1a: Necrozma
|-supereffective|p1a: Necrozma
|-damage|p1a: Necrozma|0 fnt
|faint|p1a: Necrozma
|-activate|p2a: Greninja|ability: Battle Bond
|detailschange|p2a: Greninja|Greninja-Ash, M
|-damage|p2a: Greninja|4/100|[from] item: Life Orb
|
|upkeep
|
|t:|1668270512
|switch|p1a: Yveltal|Yveltal, shiny|100/100
|-damage|p1a: Yveltal|76/100|[from] Stealth Rock
|-ability|p1a: Yveltal|Dark Aura
|turn|14
|
|t:|1668270518
|move|p1a: Yveltal|Oblivion Wing|p2a: Greninja
|-damage|p2a: Greninja|0 fnt
|-heal|p1a: Yveltal|79/100|[from] drain|[of] p2a: Greninja
|faint|p2a: Greninja
|
|upkeep
|
|t:|1668270521
|switch|p2a: Xerneas|Xerneas|100/100
|-ability|p2a: Xerneas|Fairy Aura
|turn|15
|
|t:|1668270542
|move|p1a: Yveltal|Oblivion Wing|p2a: Xerneas
|-damage|p2a: Xerneas|64/100
|-heal|p1a: Yveltal|100/100|[from] drain|[of] p2a: Xerneas
|move|p2a: Xerneas|Geomancy||[still]
|-prepare|p2a: Xerneas|Geomancy
|-enditem|p2a: Xerneas|Power Herb
|-anim|p2a: Xerneas|Geomancy|p2a: Xerneas
|-boost|p2a: Xerneas|spa|2
|-boost|p2a: Xerneas|spd|2
|-boost|p2a: Xerneas|spe|2
|
|-fieldend|move: Trick Room
|upkeep
|turn|16
|
|t:|1668270546
|move|p2a: Xerneas|Draining Kiss|p1a: Yveltal
|-supereffective|p1a: Yveltal
|-damage|p1a: Yveltal|35/100
|-heal|p2a: Xerneas|100/100|[from] drain|[of] p1a: Yveltal
|move|p1a: Yveltal|Oblivion Wing|p2a: Xerneas
|-damage|p2a: Xerneas|83/100
|-heal|p1a: Yveltal|49/100|[from] drain|[of] p2a: Xerneas
|
|upkeep
|turn|17
|
|t:|1668270550
|move|p2a: Xerneas|Draining Kiss|p1a: Yveltal
|-supereffective|p1a: Yveltal
|-damage|p1a: Yveltal|0 fnt
|-heal|p2a: Xerneas|100/100|[from] drain|[of] p1a: Yveltal
|faint|p1a: Yveltal
|
|upkeep
|-message|iyutian forfeited.
|
|win|Da1mon!
|raw|iyutian's rating: 1483 &rarr; <strong>1464</strong><br />(-19 for losing)
|raw|Da1mon!'s rating: 1500 &rarr; <strong>1519</strong><br />(+19 for winning)
|l|☆iyutian
||Ladder isn't responding, score probably updated but might not have (Request timeout).
