|j|☆sausage2569
|j|☆SaintLaplace
|t:|1663654599
|gametype|singles
|player|p1|sausage2569|iris-gen5bw2|1623
|player|p2|SaintLaplace|hilda-wonderlauncher|1669
|teamsize|p1|6
|teamsize|p2|6
|gen|8
|tier|[Gen 8] National Dex AG
|rated|
|rule|HP Percentage Mod: HP is shown in percentages
|rule|Endless Battle Clause: Forcing endless battles is banned
|clearpoke
|poke|p1|Mewtwo|
|poke|p1|Ditto|
|poke|p1|Ferrothorn, M|
|poke|p1|Marshadow|
|poke|p1|Chansey, F|
|poke|p1|Calyrex-Shadow|
|poke|p2|Zygarde|
|poke|p2|Rayquaza|
|poke|p2|Marshadow|
|poke|p2|Necrozma-Dusk-Mane|
|poke|p2|Calyrex-Ice|
|poke|p2|Groudon|
|teampreview
|inactive|Battle timer is ON: inactive players will automatically lose when time's up. (requested by SaintLaplace)
|
|t:|1663654603
|start
|switch|p1a: Calyrex|Calyrex-Shadow|100/100
|switch|p2a: Groudon|Groudon|100/100
|-ability|p1a: Calyrex|As One
|-ability|p1a: Calyrex|Unnerve
|-weather|SunnyDay|[from] ability: Drought|[of] p2a: Groudon
|turn|1
|
|t:|1663654610
|-start|p1a: Calyrex|Dynamax|
|-heal|p1a: Calyrex|100/100|[silent]
|move|p1a: Calyrex|Max Overgrowth|p2a: Groudon
|-supereffective|p2a: Groudon
|-damage|p2a: Groudon|8/100
|-fieldstart|move: Grassy Terrain
|-enditem|p2a: Groudon|Red Card|[of] p1a: Calyrex
|-block|p1a: Calyrex|Dynamax
|move|p2a: Groudon|Thunder Wave|p1a: Calyrex
|-status|p1a: Calyrex|par
|
|-weather|SunnyDay|[upkeep]
|-heal|p2a: Groudon|14/100|[from] Grassy Terrain
|upkeep
|turn|2
|
|t:|1663654620
|cant|p1a: Calyrex|par
|move|p2a: Groudon|Thunder Wave|p1a: Calyrex
|-fail|p1a: Calyrex|par
|
|-weather|SunnyDay|[upkeep]
|-heal|p2a: Groudon|20/100|[from] Grassy Terrain
|upkeep
|turn|3
|
|t:|1663654625
|cant|p1a: Calyrex|par
|move|p2a: Groudon|Stealth Rock|p1a: Calyrex
|-sidestart|p1: sausage2569|move: Stealth Rock
|
|-weather|SunnyDay|[upkeep]
|-heal|p2a: Groudon|26/100|[from] Grassy Terrain
|upkeep
|-end|p1a: Calyrex|Dynamax
|-heal|p1a: Calyrex|100/100 par|[silent]
|turn|4
|c|☆sausage2569|fucking hacks
|
|t:|1663654630
|cant|p1a: Calyrex|par
|move|p2a: Groudon|Dragon Tail|p1a: Calyrex
|-crit|p1a: Calyrex
|-damage|p1a: Calyrex|66/100 par
|drag|p1a: Mewtwo|Mewtwo|100/100
|-damage|p1a: Mewtwo|88/100|[from] Stealth Rock
|-ability|p1a: Mewtwo|Pressure
|
|-weather|SunnyDay|[upkeep]
|-heal|p1a: Mewtwo|94/100|[from] Grassy Terrain
|-heal|p2a: Groudon|33/100|[from] Grassy Terrain
|upkeep
|turn|5
|c|☆SaintLaplace|My condolences
|
|t:|1663654639
|move|p1a: Mewtwo|Psystrike|p2a: Groudon
|-damage|p2a: Groudon|6/100
|move|p2a: Groudon|Thunder Wave|p1a: Mewtwo
|-status|p1a: Mewtwo|par
|
|-weather|none
|-heal|p2a: Groudon|13/100|[from] Grassy Terrain
|-heal|p1a: Mewtwo|100/100 par|[from] Grassy Terrain
|-fieldend|move: Grassy Terrain
|upkeep
|turn|6
|c|☆sausage2569|3 fucking paralyze
|c|☆sausage2569|im not playing this shit
|c|☆SaintLaplace|Skill issue tbh
|inactive|sausage2569 has 120 seconds left.
|inactive|sausage2569 has 90 seconds left.
|inactive|sausage2569 has 60 seconds left.
|
|t:|1663654735
|cant|p1a: Mewtwo|par
|move|p2a: Groudon|Dragon Tail|p1a: Mewtwo
|-damage|p1a: Mewtwo|78/100 par
|drag|p1a: Ditto|Ditto|100/100
|-damage|p1a: Ditto|88/100|[from] Stealth Rock
|-transform|p1a: Ditto|p2a: Groudon|[from] ability: Imposter
|-weather|SunnyDay|[from] ability: Drought|[of] p1a: Ditto
|
|-weather|SunnyDay|[upkeep]
|upkeep
|turn|7
|inactive|sausage2569 has 60 seconds left.
|
|t:|1663654743
|switch|p1a: Ferrothorn|Ferrothorn, M|100/100
|-damage|p1a: Ferrothorn|95/100|[from] Stealth Rock
|move|p2a: Groudon|Dragon Tail|p1a: Ferrothorn
|-resisted|p1a: Ferrothorn
|-crit|p1a: Ferrothorn
|-damage|p1a: Ferrothorn|86/100
|-damage|p2a: Groudon|0 fnt|[from] ability: Iron Barbs|[of] p1a: Ferrothorn
|faint|p2a: Groudon
|drag|p1a: Marshadow|Marshadow|100/100
|-damage|p1a: Marshadow|94/100|[from] Stealth Rock
|
|-weather|SunnyDay|[upkeep]
|upkeep
|
|t:|1663654769
|switch|p2a: Rayquaza|Rayquaza|100/100
|-ability|p2a: Rayquaza|Air Lock
|turn|8
|inactive|sausage2569 has 60 seconds left.
|
|t:|1663654785
|detailschange|p2a: Rayquaza|Rayquaza-Mega
|-mega|p2a: Rayquaza|Rayquaza|
|-weather|DeltaStream|[from] ability: Delta Stream|[of] p2a: Rayquaza
|move|p1a: Marshadow|Drain Punch|p2a: Rayquaza
|-resisted|p2a: Rayquaza
|-damage|p2a: Rayquaza|82/100
|-heal|p1a: Marshadow|100/100|[from] drain|[of] p2a: Rayquaza
|move|p2a: Rayquaza|Dragon Dance|p2a: Rayquaza
|-boost|p2a: Rayquaza|atk|1
|-boost|p2a: Rayquaza|spe|1
|
|-weather|DeltaStream|[upkeep]
|upkeep
|turn|9
|
|t:|1663654797
|move|p2a: Rayquaza|Dragon Ascent|p1a: Marshadow
|-supereffective|p1a: Marshadow
|-enditem|p1a: Marshadow|Focus Sash
|-damage|p1a: Marshadow|1/100
|-unboost|p2a: Rayquaza|def|1
|-unboost|p2a: Rayquaza|spd|1
|move|p1a: Marshadow|Spectral Thief||[still]
|-clearpositiveboost|p2a: Rayquaza|p1a: Marshadow|move: Spectral Thief
|-boost|p1a: Marshadow|atk|1
|-boost|p1a: Marshadow|spe|1
|-anim|p1a: Marshadow|Spectral Thief|p2a: Rayquaza
|-damage|p2a: Rayquaza|0 fnt
|faint|p2a: Rayquaza
|-weather|none
|
|upkeep
|
|t:|1663654799
|switch|p2a: Marshadow|Marshadow|100/100
|turn|10
|
|t:|1663654804
|move|p1a: Marshadow|Shadow Sneak|p2a: Marshadow
|-supereffective|p2a: Marshadow
|-enditem|p2a: Marshadow|Focus Sash
|-damage|p2a: Marshadow|1/100
|move|p2a: Marshadow|Spectral Thief||[still]
|-clearpositiveboost|p1a: Marshadow|p2a: Marshadow|move: Spectral Thief
|-boost|p2a: Marshadow|atk|1
|-boost|p2a: Marshadow|spe|1
|-anim|p2a: Marshadow|Spectral Thief|p1a: Marshadow
|-supereffective|p1a: Marshadow
|-damage|p1a: Marshadow|0 fnt
|faint|p1a: Marshadow
|
|upkeep
|
|t:|1663654812
|switch|p1a: Ditto|Ditto|88/100
|-damage|p1a: Ditto|76/100|[from] Stealth Rock
|-transform|p1a: Ditto|p2a: Marshadow|[from] ability: Imposter
|turn|11
|
|t:|1663654826
|move|p1a: Ditto|Shadow Sneak|p2a: Marshadow
|-supereffective|p2a: Marshadow
|-damage|p2a: Marshadow|0 fnt
|faint|p2a: Marshadow
|
|upkeep
|
|t:|1663654829
|switch|p2a: Zygarde|Zygarde, shiny|100/100
|turn|12
|
|t:|1663654839
|switch|p1a: Ferrothorn|Ferrothorn, M|86/100
|-damage|p1a: Ferrothorn|80/100|[from] Stealth Rock
|move|p2a: Zygarde|Dragon Dance|p2a: Zygarde
|-boost|p2a: Zygarde|atk|1
|-boost|p2a: Zygarde|spe|1
|
|upkeep
|turn|13
|inactive|sausage2569 has 90 seconds left.
|
|t:|1663654859
|move|p2a: Zygarde|Thousand Arrows|p1a: Ferrothorn
|-damage|p1a: Ferrothorn|47/100
|move|p1a: Ferrothorn|Leech Seed|p2a: Zygarde
|-start|p2a: Zygarde|move: Leech Seed
|
|-damage|p2a: Zygarde|88/100|[from] Leech Seed|[of] p1a: Ferrothorn
|-heal|p1a: Ferrothorn|60/100|[silent]
|upkeep
|turn|14
|inactive|SaintLaplace has 120 seconds left.
|
|t:|1663654891
|move|p2a: Zygarde|Dragon Dance|p2a: Zygarde
|-boost|p2a: Zygarde|atk|1
|-boost|p2a: Zygarde|spe|1
|move|p1a: Ferrothorn|Iron Defense|p1a: Ferrothorn
|-boost|p1a: Ferrothorn|def|2
|
|-damage|p2a: Zygarde|76/100|[from] Leech Seed|[of] p1a: Ferrothorn
|-heal|p1a: Ferrothorn|73/100|[silent]
|upkeep
|turn|15
|
|t:|1663654895
|switch|p2a: Calyrex|Calyrex-Ice|100/100
|-ability|p2a: Calyrex|As One
|-ability|p2a: Calyrex|Unnerve
|move|p1a: Ferrothorn|Iron Defense|p1a: Ferrothorn
|-boost|p1a: Ferrothorn|def|2
|
|upkeep
|turn|16
|
|t:|1663654906
|move|p1a: Ferrothorn|Thunder Wave|p2a: Calyrex
|-status|p2a: Calyrex|par
|move|p2a: Calyrex|Trick Room|p2a: Calyrex
|-fieldstart|move: Trick Room|[of] p2a: Calyrex
|
|upkeep
|turn|17
|
|t:|1663654930
|cant|p2a: Calyrex|par
|move|p1a: Ferrothorn|Body Press|p2a: Calyrex
|-damage|p2a: Calyrex|47/100 par
|
|-heal|p2a: Calyrex|53/100 par|[from] item: Leftovers
|upkeep
|turn|18
|
|t:|1663654935
|move|p2a: Calyrex|Glacial Lance|p1a: Ferrothorn
|-damage|p1a: Ferrothorn|56/100
|move|p1a: Ferrothorn|Body Press|p2a: Calyrex
|-damage|p2a: Calyrex|1/100 par
|
|-heal|p2a: Calyrex|8/100 par|[from] item: Leftovers
|upkeep
|turn|19
|
|t:|1663654941
|move|p2a: Calyrex|Glacial Lance|p1a: Ferrothorn
|-damage|p1a: Ferrothorn|40/100
|move|p1a: Ferrothorn|Body Press|p2a: Calyrex
|-damage|p2a: Calyrex|0 fnt
|faint|p2a: Calyrex
|
|upkeep
|
|t:|1663654946
|switch|p2a: Necrozma|Necrozma-Dusk-Mane, shiny|100/100
|turn|20
|
|t:|1663654952
|-start|p2a: Necrozma|Dynamax|
|-heal|p2a: Necrozma|100/100|[silent]
|move|p1a: Ferrothorn|Leech Seed|p2a: Necrozma
|-start|p2a: Necrozma|move: Leech Seed
|move|p2a: Necrozma|Max Mindstorm|p1a: Ferrothorn
|-resisted|p1a: Ferrothorn
|-damage|p1a: Ferrothorn|21/100
|-fieldstart|move: Psychic Terrain
|
|-damage|p2a: Necrozma|94/100|[from] Leech Seed|[of] p1a: Ferrothorn
|-heal|p1a: Ferrothorn|33/100|[silent]
|-fieldend|move: Trick Room
|upkeep
|turn|21
|
|t:|1663654967
|move|p2a: Necrozma|Max Mindstorm|p1a: Ferrothorn
|-resisted|p1a: Ferrothorn
|-crit|p1a: Ferrothorn
|-damage|p1a: Ferrothorn|0 fnt
|faint|p1a: Ferrothorn
|
|upkeep
|
|t:|1663654981
|switch|p1a: Calyrex|Calyrex-Shadow|66/100 par
|-ability|p1a: Calyrex|As One
|-ability|p1a: Calyrex|Unnerve
|-damage|p1a: Calyrex|54/100 par|[from] Stealth Rock
|turn|22
|
|t:|1663654986
|move|p2a: Necrozma|Max Quake|p1a: Calyrex
|-damage|p1a: Calyrex|0 fnt
|-boost|p2a: Necrozma|spd|1
|faint|p1a: Calyrex
|
|upkeep
|
|t:|1663655004
|switch|p1a: Chansey|Chansey, F|100/100
|-damage|p1a: Chansey|88/100|[from] Stealth Rock
|-end|p2a: Necrozma|Dynamax
|-heal|p2a: Necrozma|95/100|[silent]
|turn|23
|
|t:|1663655008
|move|p2a: Necrozma|Autotomize|p2a: Necrozma
|-boost|p2a: Necrozma|spe|2
|-start|p2a: Necrozma|Autotomize
|move|p1a: Chansey|Soft-Boiled|p1a: Chansey
|-heal|p1a: Chansey|100/100
|
|-damage|p2a: Necrozma|82/100|[from] Leech Seed|[of] p1a: Chansey
|upkeep
|turn|24
|
|t:|1663655011
|move|p2a: Necrozma|Sunsteel Strike|p1a: Chansey
|-damage|p1a: Chansey|56/100
|move|p1a: Chansey|Seismic Toss|p2a: Necrozma
|-damage|p2a: Necrozma|52/100
|
|-damage|p2a: Necrozma|40/100|[from] Leech Seed|[of] p1a: Chansey
|-heal|p1a: Chansey|61/100|[silent]
|-fieldend|move: Psychic Terrain
|upkeep
|turn|25
|
|t:|1663655018
|move|p2a: Necrozma|Photon Geyser|p1a: Chansey
|-damage|p1a: Chansey|16/100
|move|p1a: Chansey|Soft-Boiled|p1a: Chansey
|-heal|p1a: Chansey|67/100
|
|-damage|p2a: Necrozma|28/100|[from] Leech Seed|[of] p1a: Chansey
|-heal|p1a: Chansey|72/100|[silent]
|upkeep
|turn|26
|
|t:|1663655035
|move|p2a: Necrozma|Photon Geyser|p1a: Chansey
|-damage|p1a: Chansey|27/100
|move|p1a: Chansey|Soft-Boiled|p1a: Chansey
|-heal|p1a: Chansey|77/100
|
|-damage|p2a: Necrozma|16/100|[from] Leech Seed|[of] p1a: Chansey
|-heal|p1a: Chansey|83/100|[silent]
|upkeep
|turn|27
|
|t:|1663655039
|move|p2a: Necrozma|Photon Geyser|p1a: Chansey
|-damage|p1a: Chansey|42/100
|move|p1a: Chansey|Soft-Boiled|p1a: Chansey
|-heal|p1a: Chansey|92/100
|
|-damage|p2a: Necrozma|3/100|[from] Leech Seed|[of] p1a: Chansey
|-heal|p1a: Chansey|98/100|[silent]
|upkeep
|turn|28
|
|t:|1663655051
|move|p2a: Necrozma|Photon Geyser|p1a: Chansey
|-damage|p1a: Chansey|55/100
|move|p1a: Chansey|Seismic Toss|p2a: Necrozma
|-damage|p2a: Necrozma|0 fnt
|faint|p2a: Necrozma
|
|upkeep
|
|t:|1663655052
|switch|p2a: Zygarde|Zygarde, shiny|76/100
|turn|29
|
|t:|1663655056
|move|p2a: Zygarde|Dragon Dance|p2a: Zygarde
|-boost|p2a: Zygarde|atk|1
|-boost|p2a: Zygarde|spe|1
|move|p1a: Chansey|Toxic|p2a: Zygarde
|-status|p2a: Zygarde|tox
|
|-damage|p2a: Zygarde|70/100 tox|[from] psn
|upkeep
|turn|30
|
|t:|1663655061
|move|p2a: Zygarde|Dragon Dance|p2a: Zygarde
|-boost|p2a: Zygarde|atk|1
|-boost|p2a: Zygarde|spe|1
|move|p1a: Chansey|Soft-Boiled|p1a: Chansey
|-heal|p1a: Chansey|100/100
|
|-damage|p2a: Zygarde|57/100 tox|[from] psn
|upkeep
|turn|31
|
|t:|1663655066
|move|p2a: Zygarde|Thousand Arrows|p1a: Chansey
|-damage|p1a: Chansey|50/100
|move|p1a: Chansey|Soft-Boiled|p1a: Chansey
|-heal|p1a: Chansey|99/100
|
|-damage|p2a: Zygarde|39/100 tox|[from] psn
|-activate|p2a: Zygarde|ability: Power Construct
|detailschange|p2a: Zygarde|Zygarde-Complete, shiny
|-heal|p2a: Zygarde|62/100 tox|[silent]
|upkeep
|turn|32
|
|t:|1663655073
|move|p2a: Zygarde|Dragon Dance|p2a: Zygarde
|-boost|p2a: Zygarde|atk|1
|-boost|p2a: Zygarde|spe|1
|move|p1a: Chansey|Soft-Boiled|p1a: Chansey
|-heal|p1a: Chansey|100/100
|
|-damage|p2a: Zygarde|37/100 tox|[from] psn
|upkeep
|turn|33
|
|t:|1663655080
|move|p2a: Zygarde|Rest|p2a: Zygarde
|-status|p2a: Zygarde|slp|[from] move: Rest
|-heal|p2a: Zygarde|100/100 slp|[silent]
|-enditem|p2a: Zygarde|Chesto Berry|[eat]
|-curestatus|p2a: Zygarde|slp|[msg]
|move|p1a: Chansey|Seismic Toss|p2a: Zygarde
|-damage|p2a: Zygarde|84/100
|
|upkeep
|turn|34
|
|t:|1663655087
|move|p2a: Zygarde|Thousand Arrows|p1a: Chansey
|-damage|p1a: Chansey|33/100
|move|p1a: Chansey|Toxic|p2a: Zygarde
|-status|p2a: Zygarde|tox
|
|-damage|p2a: Zygarde|77/100 tox|[from] psn
|upkeep
|turn|35
|
|t:|1663655111
|move|p2a: Zygarde|Thousand Arrows|p1a: Chansey
|-damage|p1a: Chansey|0 fnt
|faint|p1a: Chansey
|
|-damage|p2a: Zygarde|65/100 tox|[from] psn
|upkeep
|
|t:|1663655113
|switch|p1a: Ditto|Ditto|76/100
|-damage|p1a: Ditto|63/100|[from] Stealth Rock
|-transform|p1a: Ditto|p2a: Zygarde|[from] ability: Imposter
|turn|36
|
|t:|1663655133
|move|p1a: Ditto|Thousand Arrows|p2a: Zygarde
|-damage|p2a: Zygarde|16/100 tox
|move|p2a: Zygarde|Thousand Arrows|p1a: Ditto
|-damage|p1a: Ditto|0 fnt
|faint|p1a: Ditto
|
|-damage|p2a: Zygarde|0 fnt|[from] psn
|faint|p2a: Zygarde
|
|win|sausage2569
|upkeep
|raw|sausage2569's rating: 1623 &rarr; <strong>1645</strong><br />(+22 for winning)
|raw|SaintLaplace's rating: 1655 &rarr; <strong>1633</strong><br />(-22 for losing)
|c|☆SaintLaplace|GG
