|j|☆JPMSoriaga
|j|☆ThievesBoom
|t:|1667387653
|gametype|singles
|player|p1|JPMSoriaga|ash-kalos|1654
|player|p2|ThievesBoom|169|1815
|teamsize|p1|6
|teamsize|p2|6
|gen|8
|tier|[Gen 8] National Dex AG
|rated|
|rule|HP Percentage Mod: HP is shown in percentages
|rule|Endless Battle Clause: Forcing endless battles is banned
|clearpoke
|poke|p1|Zacian-*|
|poke|p1|Yveltal|
|poke|p1|Rayquaza|
|poke|p1|Kyogre|
|poke|p1|Calyrex-Shadow|
|poke|p1|Deoxys-Attack|
|poke|p2|Yveltal|
|poke|p2|Shedinja|
|poke|p2|Magearna|
|poke|p2|Arceus-*|
|poke|p2|Arceus-*|
|poke|p2|Arceus-*|
|teampreview
|inactive|Battle timer is ON: inactive players will automatically lose when time's up. (requested by JPMSoriaga)
|
|t:|1667387667
|start
|switch|p1a: Deoxys|Deoxys-Attack|100/100
|switch|p2a: Arceus|Arceus-Ground|100/100
|-ability|p1a: Deoxys|Pressure
|turn|1
|inactive|JPMSoriaga has 120 seconds left.
|inactive|JPMSoriaga has 90 seconds left.
|
|t:|1667387734
|move|p1a: Deoxys|Taunt|p2a: Arceus
|-start|p2a: Arceus|move: Taunt
|move|p2a: Arceus|Judgment|p1a: Deoxys
|-enditem|p1a: Deoxys|Focus Sash
|-damage|p1a: Deoxys|1/100
|
|upkeep
|turn|2
|inactive|JPMSoriaga has 90 seconds left.
|
|t:|1667387745
|move|p1a: Deoxys|Psycho Boost|p2a: Arceus
|-damage|p2a: Arceus|41/100
|-unboost|p1a: Deoxys|spa|2
|move|p2a: Arceus|Judgment|p1a: Deoxys
|-damage|p1a: Deoxys|0 fnt
|faint|p1a: Deoxys
|
|upkeep
|
|t:|1667387757
|switch|p1a: Calyrex|Calyrex-Shadow|100/100
|-ability|p1a: Calyrex|As One
|-ability|p1a: Calyrex|Unnerve
|turn|3
|
|t:|1667387764
|switch|p2a: Yveltal|Yveltal|100/100
|-ability|p2a: Yveltal|Dark Aura
|move|p1a: Calyrex|Astral Barrage|p2a: Yveltal
|-resisted|p2a: Yveltal
|-damage|p2a: Yveltal|70/100
|
|upkeep
|turn|4
|inactive|JPMSoriaga has 90 seconds left.
|
|t:|1667387773
|switch|p1a: Zacian|Zacian-Crowned, shiny|100/100
|-ability|p1a: Zacian|Intrepid Sword|boost
|-boost|p1a: Zacian|atk|1
|move|p2a: Yveltal|Roost|p2a: Yveltal
|-heal|p2a: Yveltal|100/100
|-singleturn|p2a: Yveltal|move: Roost
|
|upkeep
|turn|5
|
|t:|1667387781
|switch|p2a: Shedinja|Shedinja|100/100
|move|p1a: Zacian|Behemoth Blade|p2a: Shedinja
|-immune|p2a: Shedinja|[from] ability: Wonder Guard
|
|upkeep
|turn|6
|
|t:|1667387787
|switch|p1a: Yveltal|Yveltal, shiny|100/100
|-ability|p1a: Yveltal|Dark Aura
|switch|p2a: Arceus|Arceus-Ground|41/100
|
|upkeep
|turn|7
|
|t:|1667387794
|move|p1a: Yveltal|Dark Pulse|p2a: Arceus
|-damage|p2a: Arceus|0 fnt
|faint|p2a: Arceus
|-damage|p1a: Yveltal|91/100|[from] item: Life Orb
|
|upkeep
|
|t:|1667387798
|switch|p2a: Magearna|Magearna|100/100
|turn|8
|inactive|JPMSoriaga has 90 seconds left.
|
|t:|1667387851
|move|p1a: Yveltal|Heat Wave|p2a: Magearna|[miss]
|-miss|p1a: Yveltal|p2a: Magearna
|move|p2a: Magearna|Fleur Cannon|p1a: Yveltal
|-supereffective|p1a: Yveltal
|-crit|p1a: Yveltal
|-damage|p1a: Yveltal|0 fnt
|-unboost|p2a: Magearna|spa|2
|faint|p1a: Yveltal
|-ability|p2a: Magearna|Soul-Heart|boost
|-boost|p2a: Magearna|spa|1
|
|upkeep
|
|t:|1667387861
|switch|p1a: Calyrex|Calyrex-Shadow|100/100
|-ability|p1a: Calyrex|As One
|-ability|p1a: Calyrex|Unnerve
|turn|9
|inactive|JPMSoriaga has 60 seconds left.
|inactive|JPMSoriaga has 30 seconds left.
|inactive|JPMSoriaga has 20 seconds left.
|inactive|JPMSoriaga has 15 seconds left.
|inactive|JPMSoriaga has 10 seconds left.
|
|t:|1667387934
|move|p1a: Calyrex|Trick|p2a: Magearna
|-activate|p1a: Calyrex|move: Trick|[of] p2a: Magearna
|-item|p2a: Magearna|Choice Specs|[from] move: Trick
|-item|p1a: Calyrex|Occa Berry|[from] move: Trick
|move|p2a: Magearna|Heart Swap|p1a: Calyrex
|-swapboost|p2a: Magearna|p1a: Calyrex|[from] move: Heart Swap
|
|upkeep
|turn|10
|inactive|JPMSoriaga has 20 seconds left this turn.
|inactive|JPMSoriaga has 15 seconds left.
|
|t:|1667387942
|switch|p2a: Yveltal|Yveltal|100/100
|-ability|p2a: Yveltal|Dark Aura
|move|p1a: Calyrex|Nasty Plot|p1a: Calyrex
|-boost|p1a: Calyrex|spa|2
|
|upkeep
|turn|11
|inactive|JPMSoriaga has 25 seconds left this turn.
|inactive|JPMSoriaga has 20 seconds left.
|inactive|JPMSoriaga has 15 seconds left.
|
|t:|1667387963
|switch|p1a: Rayquaza|Rayquaza|100/100
|-ability|p1a: Rayquaza|Air Lock
|move|p2a: Yveltal|Foul Play|p1a: Rayquaza
|-damage|p1a: Rayquaza|14/100
|
|upkeep
|turn|12
|inactive|JPMSoriaga has 25 seconds left this turn.
|inactive|JPMSoriaga has 20 seconds left.
|
|t:|1667387972
|switch|p2a: Arceus|Arceus|100/100
|detailschange|p1a: Rayquaza|Rayquaza-Mega
|-mega|p1a: Rayquaza|Rayquaza|
|-weather|DeltaStream|[from] ability: Delta Stream|[of] p1a: Rayquaza
|move|p1a: Rayquaza|Dragon Ascent|p2a: Arceus
|-damage|p2a: Arceus|22/100
|-unboost|p1a: Rayquaza|def|1
|-unboost|p1a: Rayquaza|spd|1
|-damage|p1a: Rayquaza|4/100|[from] item: Life Orb
|
|-weather|DeltaStream|[upkeep]
|upkeep
|turn|13
|inactive|JPMSoriaga has 30 seconds left this turn.
|inactive|JPMSoriaga has 20 seconds left.
|
|t:|1667387998
|move|p1a: Rayquaza|Extreme Speed|p2a: Arceus
|-damage|p2a: Arceus|0 fnt
|faint|p2a: Arceus
|-damage|p1a: Rayquaza|0 fnt|[from] item: Life Orb
|faint|p1a: Rayquaza
|-weather|none
|
|upkeep
|inactive|JPMSoriaga has 30 seconds left this turn.
|inactive|JPMSoriaga has 20 seconds left.
|
|t:|1667388011
|switch|p1a: Zacian|Zacian-Crowned, shiny|100/100
|switch|p2a: Yveltal|Yveltal|100/100
|-ability|p1a: Zacian|Intrepid Sword|boost
|-boost|p1a: Zacian|atk|1
|-ability|p2a: Yveltal|Dark Aura
|turn|14
|inactive|JPMSoriaga has 30 seconds left this turn.
|
|t:|1667388024
|switch|p1a: Calyrex|Calyrex-Shadow|100/100
|-ability|p1a: Calyrex|As One
|-ability|p1a: Calyrex|Unnerve
|switch|p2a: Shedinja|Shedinja|100/100
|
|upkeep
|turn|15
|inactive|JPMSoriaga has 30 seconds left.
|
|t:|1667388035
|switch|p2a: Yveltal|Yveltal|100/100
|-ability|p2a: Yveltal|Dark Aura
|move|p1a: Calyrex|Nasty Plot|p1a: Calyrex
|-boost|p1a: Calyrex|spa|2
|
|upkeep
|turn|16
|c|☆ThievesBoom|i dont think u can win this with out tricking my yvelta
|inactive|JPMSoriaga has 30 seconds left.
|c|☆JPMSoriaga|yes
|inactive|JPMSoriaga has 20 seconds left.
|
|t:|1667388051
|switch|p1a: Kyogre|Kyogre|100/100
|-weather|RainDance|[from] ability: Drizzle|[of] p1a: Kyogre
|move|p2a: Yveltal|Foul Play|p1a: Kyogre
|-damage|p1a: Kyogre|63/100
|
|-weather|RainDance|[upkeep]
|upkeep
|turn|17
|inactive|JPMSoriaga has 30 seconds left this turn.
|inactive|JPMSoriaga has 20 seconds left.
|inactive|JPMSoriaga has 15 seconds left.
|c|☆JPMSoriaga|wait what is ur yveltals item tho?
|inactive|JPMSoriaga has 10 seconds left.
|
|t:|1667388073
|switch|p1a: Calyrex|Calyrex-Shadow|100/100
|-ability|p1a: Calyrex|As One
|-ability|p1a: Calyrex|Unnerve
|switch|p2a: Shedinja|Shedinja|100/100
|
|-weather|RainDance|[upkeep]
|upkeep
|turn|18
|inactive|JPMSoriaga has 20 seconds left this turn.
|c|☆ThievesBoom|heavy duty
|inactive|JPMSoriaga has 15 seconds left.
|c|☆JPMSoriaga|why do i need to trick it
|inactive|JPMSoriaga has 10 seconds left.
|
|t:|1667388085
|switch|p2a: Yveltal|Yveltal|100/100
|-ability|p2a: Yveltal|Dark Aura
|move|p1a: Calyrex|Trick|p2a: Yveltal
|-activate|p1a: Calyrex|move: Trick|[of] p2a: Yveltal
|-item|p2a: Yveltal|Occa Berry|[from] move: Trick
|-item|p1a: Calyrex|Heavy-Duty Boots|[from] move: Trick
|
|-weather|RainDance|[upkeep]
|upkeep
|turn|19
|inactive|JPMSoriaga has 20 seconds left this turn.
|c|☆ThievesBoom|choice scarf i ment
|inactive|JPMSoriaga has 15 seconds left.
|c|☆ThievesBoom|earlier
|inactive|JPMSoriaga has 10 seconds left.
|
|t:|1667388098
|move|p1a: Calyrex|Astral Barrage|p2a: Yveltal
|-resisted|p2a: Yveltal
|-damage|p2a: Yveltal|80/100
|move|p2a: Yveltal|Foul Play|p1a: Calyrex
|-supereffective|p1a: Calyrex
|-damage|p1a: Calyrex|0 fnt
|faint|p1a: Calyrex
|
|-weather|RainDance|[upkeep]
|upkeep
|inactive|JPMSoriaga has 15 seconds left this turn.
|inactive|JPMSoriaga has 10 seconds left.
|-message|JPMSoriaga forfeited.
|
|win|ThievesBoom
|inactive|JPMSoriaga has 15 seconds left this turn.
|raw|JPMSoriaga's rating: 1654 &rarr; <strong>1643</strong><br />(-11 for losing)
|raw|ThievesBoom's rating: 1815 &rarr; <strong>1826</strong><br />(+11 for winning)
|l|☆JPMSoriaga
