|j|☆TestThisTestThat
|j|☆SpookyMareep
|t:|1659934478
|gametype|singles
|player|p1|TestThisTestThat|sabrina|1424
|player|p2|SpookyMareep|rocketgruntf|1609
|teamsize|p1|6
|teamsize|p2|6
|gen|8
|tier|[Gen 8] National Dex AG
|rated|
|rule|HP Percentage Mod: HP is shown in percentages
|rule|Endless Battle Clause: Forcing endless battles is banned
|clearpoke
|poke|p1|Greninja, M|
|poke|p1|Gliscor, M|
|poke|p1|Pheromosa|
|poke|p1|Milotic, F|
|poke|p1|Gengar, M|
|poke|p1|Salamence, M|
|poke|p2|Ditto|
|poke|p2|Marshadow|
|poke|p2|Toxapex, M|
|poke|p2|Shedinja|
|poke|p2|Quagsire, F|
|poke|p2|Landorus-Therian, M|
|teampreview
|inactive|Battle timer is ON: inactive players will automatically lose when time's up. (requested by TestThisTestThat)
|
|t:|1659934485
|start
|switch|p1a: Pheromosa|Pheromosa, shiny|100/100
|switch|p2a: Yakuza|Toxapex, M|100/100
|turn|1
|
|t:|1659934493
|switch|p1a: Gengar|Gengar, M, shiny|100/100
|move|p2a: Yakuza|Scald|p1a: Gengar
|-damage|p1a: Gengar|75/100
|-status|p1a: Gengar|brn
|
|-damage|p1a: Gengar|69/100 brn|[from] brn
|upkeep
|turn|2
|
|t:|1659934497
|switch|p2a: Yakuza.|Shedinja|100/100
|detailschange|p1a: Gengar|Gengar-Mega, M, shiny
|-mega|p1a: Gengar|Gengar|Gengarite
|move|p1a: Gengar|Taunt|p2a: Yakuza.
|-start|p2a: Yakuza.|move: Taunt
|
|-damage|p1a: Gengar|63/100 brn|[from] brn
|upkeep
|turn|3
|
|t:|1659934500
|switch|p1a: Sandglide|Gliscor, M, shiny|100/100
|move|p2a: Yakuza.|Shadow Sneak|p1a: Sandglide
|-damage|p1a: Sandglide|88/100
|
|-status|p1a: Sandglide|tox|[from] item: Toxic Orb
|upkeep
|turn|4
|
|t:|1659934505
|switch|p2a: Yakuza|Toxapex, M|100/100
|move|p1a: Sandglide|Toxic|p2a: Yakuza
|-immune|p2a: Yakuza
|
|-heal|p1a: Sandglide|99/100 tox|[from] ability: Poison Heal
|upkeep
|turn|5
|
|t:|1659934507
|switch|p1a: Gengar|Gengar-Mega, M, shiny|63/100 brn
|move|p2a: Yakuza|Scald|p1a: Gengar
|-damage|p1a: Gengar|40/100 brn
|
|-damage|p1a: Gengar|33/100 brn|[from] brn
|upkeep
|turn|6
|
|t:|1659934513
|move|p1a: Gengar|Taunt|p2a: Yakuza
|-start|p2a: Yakuza|move: Taunt
|move|p2a: Yakuza|Scald|p1a: Gengar
|-damage|p1a: Gengar|9/100 brn
|
|-damage|p1a: Gengar|3/100 brn|[from] brn
|upkeep
|turn|7
|
|t:|1659934516
|move|p1a: Gengar|Destiny Bond|p1a: Gengar
|-singlemove|p1a: Gengar|Destiny Bond
|move|p2a: Yakuza|Scald|p1a: Gengar
|-damage|p1a: Gengar|0 fnt
|faint|p1a: Gengar
|-activate|p1a: Gengar|move: Destiny Bond
|faint|p2a: Yakuza
|
|upkeep
|c|☆SpookyMareep|ok
|
|t:|1659934525
|switch|p1a: Greninja|Greninja, M|100/100
|switch|p2a: xXWingsRippedXx|Marshadow|100/100
|turn|8
|
|t:|1659934529
|switch|p1a: Sandglide|Gliscor, M, shiny|99/100 tox
|move|p2a: xXWingsRippedXx|Drain Punch|p1a: Sandglide
|-resisted|p1a: Sandglide
|-damage|p1a: Sandglide|81/100 tox
|-damage|p2a: xXWingsRippedXx|91/100|[from] item: Life Orb
|
|-heal|p1a: Sandglide|93/100 tox|[from] ability: Poison Heal
|upkeep
|turn|9
|
|t:|1659934531
|move|p2a: xXWingsRippedXx|Ice Punch|p1a: Sandglide
|-supereffective|p1a: Sandglide
|-damage|p1a: Sandglide|0 fnt
|faint|p1a: Sandglide
|-damage|p2a: xXWingsRippedXx|81/100|[from] item: Life Orb
|
|upkeep
|
|t:|1659934535
|switch|p1a: Salamence|Salamence, M|100/100
|turn|10
|
|t:|1659934542
|switch|p2a: :)|Quagsire, F|100/100
|switch|p1a: Milotic|Milotic, F, shiny|100/100
|
|-status|p1a: Milotic|brn|[from] item: Flame Orb
|upkeep
|turn|11
|
|t:|1659934551
|switch|p2a: Zacian is bad|Ditto|100/100
|-transform|p2a: Zacian is bad|p1a: Milotic|[from] ability: Imposter
|move|p1a: Milotic|Toxic|p2a: Zacian is bad
|-status|p2a: Zacian is bad|tox
|
|-damage|p2a: Zacian is bad|95/100 tox|[from] psn
|-damage|p1a: Milotic|94/100 brn|[from] brn
|upkeep
|turn|12
|
|t:|1659934558
|move|p2a: Zacian is bad|Recover|p2a: Zacian is bad
|-heal|p2a: Zacian is bad|100/100 tox
|move|p1a: Milotic|Scald|p2a: Zacian is bad
|-resisted|p2a: Zacian is bad
|-damage|p2a: Zacian is bad|84/100 tox
|
|-damage|p2a: Zacian is bad|72/100 tox|[from] psn
|-damage|p1a: Milotic|88/100 brn|[from] brn
|upkeep
|turn|13
|
|t:|1659934562
|switch|p1a: Pheromosa|Pheromosa, shiny|100/100
|move|p2a: Zacian is bad|Recover|p2a: Zacian is bad
|-heal|p2a: Zacian is bad|100/100 tox
|
|-damage|p2a: Zacian is bad|83/100 tox|[from] psn
|upkeep
|turn|14
|
|t:|1659934567
|switch|p2a: Yakuza.|Shedinja|100/100
|move|p1a: Pheromosa|Close Combat|p2a: Yakuza.
|-immune|p2a: Yakuza.|[from] ability: Wonder Guard
|
|upkeep
|turn|15
|
|t:|1659934572
|switch|p1a: Greninja|Greninja, M|100/100
|move|p2a: Yakuza.|Will-O-Wisp|p1a: Greninja|[miss]
|-miss|p2a: Yakuza.|p1a: Greninja
|
|upkeep
|turn|16
|
|t:|1659934576
|switch|p2a: :)|Quagsire, F|100/100
|move|p1a: Greninja|Dark Pulse|p2a: :)
|-damage|p2a: :)|53/100
|
|upkeep
|turn|17
|
|t:|1659934580
|-start|p2a: :)|Dynamax|
|-heal|p2a: :)|53/100|[silent]
|-zpower|p1a: Greninja
|move|p1a: Greninja|Black Hole Eclipse|p2a: :)|[zeffect]
|-damage|p2a: :)|6/100
|move|p2a: :)|Max Quake|p1a: Greninja
|-damage|p1a: Greninja|37/100
|-boost|p2a: :)|spd|1
|
|upkeep
|turn|18
|
|t:|1659934583
|move|p1a: Greninja|Dark Pulse|p2a: :)
|-damage|p2a: :)|0 fnt
|faint|p2a: :)
|-activate|p1a: Greninja|ability: Battle Bond
|detailschange|p1a: Greninja|Greninja-Ash, M
|
|upkeep
|
|t:|1659934585
|switch|p2a: Zacian is bad|Ditto|83/100 tox
|-transform|p2a: Zacian is bad|p1a: Greninja|[from] ability: Imposter
|turn|19
|c|☆TestThisTestThat|Oof
|c|☆SpookyMareep|its ok
|
|t:|1659934591
|switch|p1a: Milotic|Milotic, F, shiny|88/100 brn
|move|p2a: Zacian is bad|Ice Beam|p1a: Milotic
|-resisted|p1a: Milotic
|-damage|p1a: Milotic|75/100 brn
|
|-damage|p2a: Zacian is bad|77/100 tox|[from] psn
|-damage|p1a: Milotic|69/100 brn|[from] brn
|upkeep
|turn|20
|
|t:|1659934596
|switch|p2a: xXWingsRippedXx|Marshadow|81/100
|move|p1a: Milotic|Recover|p1a: Milotic
|-heal|p1a: Milotic|100/100 brn
|
|-damage|p1a: Milotic|94/100 brn|[from] brn
|upkeep
|turn|21
|
|t:|1659934599
|switch|p2a: Zacian is bad|Ditto|77/100 tox
|-transform|p2a: Zacian is bad|p1a: Milotic|[from] ability: Imposter
|move|p1a: Milotic|Toxic|p2a: Zacian is bad
|-fail|p2a: Zacian is bad|tox
|
|-damage|p2a: Zacian is bad|71/100 tox|[from] psn
|-damage|p1a: Milotic|88/100 brn|[from] brn
|upkeep
|turn|22
|
|t:|1659934601
|move|p2a: Zacian is bad|Recover|p2a: Zacian is bad
|-heal|p2a: Zacian is bad|100/100 tox
|move|p1a: Milotic|Scald|p2a: Zacian is bad
|-resisted|p2a: Zacian is bad
|-crit|p2a: Zacian is bad
|-damage|p2a: Zacian is bad|77/100 tox
|
|-damage|p2a: Zacian is bad|65/100 tox|[from] psn
|-damage|p1a: Milotic|82/100 brn|[from] brn
|upkeep
|turn|23
|
|t:|1659934608
|switch|p2a: xXWingsRippedXx|Marshadow|81/100
|switch|p1a: Greninja|Greninja-Ash, M|37/100
|
|upkeep
|turn|24
|
|t:|1659934615
|move|p1a: Greninja|Dark Pulse|p2a: xXWingsRippedXx
|-damage|p2a: xXWingsRippedXx|28/100
|cant|p2a: xXWingsRippedXx|flinch
|
|upkeep
|turn|25
|c|☆SpookyMareep|ROFL
|c|☆SpookyMareep|ok
|c|☆SpookyMareep|well
|c|☆SpookyMareep|wop
|c|☆SpookyMareep|wp*
|c|☆TestThisTestThat|Mhm
|
|t:|1659934626
|move|p1a: Greninja|Water Shuriken|p2a: xXWingsRippedXx
|-damage|p2a: xXWingsRippedXx|15/100
|-damage|p2a: xXWingsRippedXx|0 fnt
|faint|p2a: xXWingsRippedXx
|-hitcount|p2: xXWingsRippedXx|2
|
|upkeep
|
|t:|1659934629
|switch|p2a: Zacian is bad|Ditto|65/100 tox
|-transform|p2a: Zacian is bad|p1a: Greninja|[from] ability: Imposter
|turn|26
|
|t:|1659934633
|switch|p2a: >1440 ELO TEAM|Landorus-Therian, M|100/100
|-ability|p2a: >1440 ELO TEAM|Intimidate|boost
|-unboost|p1a: Greninja|atk|1
|switch|p1a: Milotic|Milotic, F, shiny|82/100 brn
|
|-damage|p1a: Milotic|76/100 brn|[from] brn
|upkeep
|turn|27
|
|t:|1659934635
|move|p2a: >1440 ELO TEAM|Earthquake|p1a: Milotic
|-damage|p1a: Milotic|36/100 brn
|move|p1a: Milotic|Scald|p2a: >1440 ELO TEAM
|-supereffective|p2a: >1440 ELO TEAM
|-damage|p2a: >1440 ELO TEAM|33/100
|
|-damage|p1a: Milotic|29/100 brn|[from] brn
|upkeep
|turn|28
|
|t:|1659934639
|switch|p1a: Salamence|Salamence, M|100/100
|move|p2a: >1440 ELO TEAM|Stone Edge|p1a: Salamence
|-supereffective|p1a: Salamence
|-damage|p1a: Salamence|13/100
|
|upkeep
|turn|29
|
|t:|1659934643
|switch|p2a: Yakuza.|Shedinja|100/100
|move|p1a: Salamence|Dragon Claw|p2a: Yakuza.
|-immune|p2a: Yakuza.|[from] ability: Wonder Guard
|
|upkeep
|turn|30
|
|t:|1659934646
|move|p2a: Yakuza.|Shadow Sneak|p1a: Salamence
|-damage|p1a: Salamence|0 fnt
|faint|p1a: Salamence
|
|upkeep
|
|t:|1659934648
|switch|p1a: Milotic|Milotic, F, shiny|29/100 brn
|turn|31
|
|t:|1659934651
|switch|p2a: Zacian is bad|Ditto|65/100 tox
|-transform|p2a: Zacian is bad|p1a: Milotic|[from] ability: Imposter
|move|p1a: Milotic|Recover|p1a: Milotic
|-heal|p1a: Milotic|79/100 brn
|
|-damage|p2a: Zacian is bad|59/100 tox|[from] psn
|-damage|p1a: Milotic|73/100 brn|[from] brn
|upkeep
|turn|32
|
|t:|1659934658
|switch|p2a: Yakuza.|Shedinja|100/100
|move|p1a: Milotic|Recover|p1a: Milotic
|-heal|p1a: Milotic|100/100 brn
|
|-damage|p1a: Milotic|94/100 brn|[from] brn
|upkeep
|turn|33
|
|t:|1659934660
|switch|p2a: Zacian is bad|Ditto|59/100 tox
|-transform|p2a: Zacian is bad|p1a: Milotic|[from] ability: Imposter
|move|p1a: Milotic|Toxic|p2a: Zacian is bad|[miss]
|-miss|p1a: Milotic|p2a: Zacian is bad
|
|-damage|p2a: Zacian is bad|53/100 tox|[from] psn
|-damage|p1a: Milotic|88/100 brn|[from] brn
|upkeep
|turn|34
|
|t:|1659934662
|move|p2a: Zacian is bad|Recover|p2a: Zacian is bad
|-heal|p2a: Zacian is bad|100/100 tox
|move|p1a: Milotic|Scald|p2a: Zacian is bad
|-resisted|p2a: Zacian is bad
|-damage|p2a: Zacian is bad|85/100 tox
|
|-damage|p2a: Zacian is bad|73/100 tox|[from] psn
|-damage|p1a: Milotic|82/100 brn|[from] brn
|upkeep
|turn|35
|
|t:|1659934665
|switch|p1a: Pheromosa|Pheromosa, shiny|100/100
|move|p2a: Zacian is bad|Recover|p2a: Zacian is bad
|-heal|p2a: Zacian is bad|100/100 tox
|
|-damage|p2a: Zacian is bad|83/100 tox|[from] psn
|upkeep
|turn|36
|
|t:|1659934667
|switch|p1a: Greninja|Greninja-Ash, M|37/100
|switch|p2a: >1440 ELO TEAM|Landorus-Therian, M|33/100
|-ability|p2a: >1440 ELO TEAM|Intimidate|boost
|-unboost|p1a: Greninja|atk|1
|
|upkeep
|turn|37
|
|t:|1659934671
|switch|p2a: Zacian is bad|Ditto|83/100 tox
|-transform|p2a: Zacian is bad|p1a: Greninja|[from] ability: Imposter
|move|p1a: Greninja|Water Shuriken|p2a: Zacian is bad
|-resisted|p2a: Zacian is bad
|-damage|p2a: Zacian is bad|71/100 tox
|-resisted|p2a: Zacian is bad
|-damage|p2a: Zacian is bad|59/100 tox
|-resisted|p2a: Zacian is bad
|-damage|p2a: Zacian is bad|47/100 tox
|-hitcount|p2a: Zacian is bad|3
|
|-damage|p2a: Zacian is bad|41/100 tox|[from] psn
|upkeep
|turn|38
|
|t:|1659934674
|switch|p1a: Milotic|Milotic, F, shiny|82/100 brn
|move|p2a: Zacian is bad|Dark Pulse|p1a: Milotic
|-damage|p1a: Milotic|46/100 brn
|
|-damage|p2a: Zacian is bad|30/100 tox|[from] psn
|-damage|p1a: Milotic|40/100 brn|[from] brn
|upkeep
|turn|39
|
|t:|1659934678
|move|p2a: Zacian is bad|Dark Pulse|p1a: Milotic
|-damage|p1a: Milotic|7/100 brn
|move|p1a: Milotic|Recover|p1a: Milotic
|-heal|p1a: Milotic|57/100 brn
|
|-damage|p2a: Zacian is bad|12/100 tox|[from] psn
|-damage|p1a: Milotic|50/100 brn|[from] brn
|upkeep
|turn|40
|
|t:|1659934681
|switch|p2a: Yakuza.|Shedinja|100/100
|move|p1a: Milotic|Recover|p1a: Milotic
|-heal|p1a: Milotic|100/100 brn
|
|-damage|p1a: Milotic|94/100 brn|[from] brn
|upkeep
|turn|41
|
|t:|1659934683
|switch|p2a: Zacian is bad|Ditto|12/100 tox
|-transform|p2a: Zacian is bad|p1a: Milotic|[from] ability: Imposter
|move|p1a: Milotic|Scald|p2a: Zacian is bad
|-resisted|p2a: Zacian is bad
|-damage|p2a: Zacian is bad|0 fnt
|faint|p2a: Zacian is bad
|
|-damage|p1a: Milotic|88/100 brn|[from] brn
|upkeep
|c|☆SpookyMareep|kk
|c|☆TestThisTestThat|See
|
|t:|1659934690
|switch|p2a: >1440 ELO TEAM|Landorus-Therian, M|33/100
|-ability|p2a: >1440 ELO TEAM|Intimidate|boost
|-unboost|p1a: Milotic|atk|1
|-ability|p1a: Milotic|Competitive
|-boost|p1a: Milotic|spa|2
|turn|42
|c|☆SpookyMareep|see wat
|c|☆SpookyMareep|i got 100% lucked
|c|☆SpookyMareep|lol
|c|☆TestThisTestThat|If you keep doing the same switching routine
|inactive|TestThisTestThat has 120 seconds left.
|c|☆SpookyMareep|no
|c|☆SpookyMareep|i won
|c|☆TestThisTestThat|It's giving the enemy the idea
|c|☆SpookyMareep|no
|
|t:|1659934730
|move|p2a: >1440 ELO TEAM|Earthquake|p1a: Milotic
|-damage|p1a: Milotic|45/100 brn
|move|p1a: Milotic|Scald|p2a: >1440 ELO TEAM
|-supereffective|p2a: >1440 ELO TEAM
|-crit|p2a: >1440 ELO TEAM
|-damage|p2a: >1440 ELO TEAM|0 fnt
|faint|p2a: >1440 ELO TEAM
|
|-damage|p1a: Milotic|39/100 brn|[from] brn
|upkeep
|c|☆SpookyMareep|i played flawless
|c|☆SpookyMareep|i won
|c|☆SpookyMareep|i lost to a flinch
|c|☆SpookyMareep|its relly ok
|c|☆TestThisTestThat|Yeah big shot you won
|-message|SpookyMareep forfeited.
|
|win|TestThisTestThat
|raw|TestThisTestThat's rating: 1424 &rarr; <strong>1454</strong><br />(+30 for winning)
|raw|SpookyMareep's rating: 1609 &rarr; <strong>1579</strong><br />(-30 for losing)
|l|☆SpookyMareep
