|j|☆wolfie_olson
|j|‽PlatinumEA
|t:|1648731778
|gametype|singles
|player|p1|wolfie_olson|170|
|player|p2|PlatinumEA|266|
|teamsize|p1|6
|teamsize|p2|6
|gen|8
|tier|[Gen 8] National Dex AG
|rule|HP Percentage Mod: HP is shown in percentages
|rule|Endless Battle Clause: Forcing endless battles is banned
|clearpoke
|poke|p1|Cloyster, M|
|poke|p1|Marshadow|
|poke|p1|Cinderace, M|
|poke|p1|Xerneas-*|
|poke|p1|Mew|
|poke|p1|Calyrex-Shadow|
|poke|p2|Calyrex-Ice|
|poke|p2|Melmetal|
|poke|p2|Necrozma-Dusk-Mane|
|poke|p2|Hatterene, F|
|poke|p2|Rayquaza|
|poke|p2|Tyranitar, M|
|teampreview
|inactive|Battle timer is ON: inactive players will automatically lose when time's up. (requested by wolfie_olson)
|
|t:|1648731788
|start
|switch|p1a: Mew|Mew|100/100
|switch|p2a: Rayquaza|Rayquaza|100/100
|-ability|p2a: Rayquaza|Air Lock
|turn|1
|
|t:|1648731796
|detailschange|p2a: Rayquaza|Rayquaza-Mega
|-mega|p2a: Rayquaza|Rayquaza|
|-weather|DeltaStream|[from] ability: Delta Stream|[of] p2a: Rayquaza
|move|p2a: Rayquaza|Dragon Ascent|p1a: Mew
|-damage|p1a: Mew|30/100
|-unboost|p2a: Rayquaza|def|1
|-unboost|p2a: Rayquaza|spd|1
|move|p1a: Mew|Block|p2a: Rayquaza
|-activate|p2a: Rayquaza|trapped
|
|-weather|DeltaStream|[upkeep]
|-heal|p1a: Mew|37/100|[from] item: Leftovers
|upkeep
|turn|2
|
|t:|1648731800
|move|p2a: Rayquaza|Dragon Ascent|p1a: Mew
|-damage|p1a: Mew|0 fnt
|-unboost|p2a: Rayquaza|def|1
|-unboost|p2a: Rayquaza|spd|1
|faint|p1a: Mew
|
|-weather|DeltaStream|[upkeep]
|upkeep
|
|t:|1648731808
|switch|p1a: sweeper #2|Cloyster, M|100/100
|turn|3
|
|t:|1648731817
|move|p2a: Rayquaza|Dragon Ascent|p1a: sweeper #2
|-damage|p1a: sweeper #2|31/100
|-unboost|p2a: Rayquaza|def|1
|-unboost|p2a: Rayquaza|spd|1
|move|p1a: sweeper #2|Shell Smash|p1a: sweeper #2
|-unboost|p1a: sweeper #2|def|1
|-unboost|p1a: sweeper #2|spd|1
|-boost|p1a: sweeper #2|atk|2
|-boost|p1a: sweeper #2|spa|2
|-boost|p1a: sweeper #2|spe|2
|
|-weather|DeltaStream|[upkeep]
|upkeep
|turn|4
|
|t:|1648731834
|move|p2a: Rayquaza|Extreme Speed|p1a: sweeper #2
|-damage|p1a: sweeper #2|0 fnt
|faint|p1a: sweeper #2
|
|-weather|DeltaStream|[upkeep]
|upkeep
|
|t:|1648731843
|switch|p1a: Xerneas|Xerneas|100/100
|-ability|p1a: Xerneas|Fairy Aura
|turn|5
|
|t:|1648731848
|move|p2a: Rayquaza|Dragon Ascent|p1a: Xerneas
|-damage|p1a: Xerneas|34/100
|-unboost|p2a: Rayquaza|def|1
|-unboost|p2a: Rayquaza|spd|1
|move|p1a: Xerneas|Geomancy||[still]
|-prepare|p1a: Xerneas|Geomancy
|-enditem|p1a: Xerneas|Power Herb
|-anim|p1a: Xerneas|Geomancy|p1a: Xerneas
|-boost|p1a: Xerneas|spa|2
|-boost|p1a: Xerneas|spd|2
|-boost|p1a: Xerneas|spe|2
|
|-weather|DeltaStream|[upkeep]
|upkeep
|turn|6
|
|t:|1648731853
|-start|p1a: Xerneas|Dynamax|
|-heal|p1a: Xerneas|34/100|[silent]
|move|p1a: Xerneas|Max Starfall|p2a: Rayquaza
|-supereffective|p2a: Rayquaza
|-enditem|p2a: Rayquaza|Focus Sash
|-damage|p2a: Rayquaza|1/100
|-fieldstart|move: Misty Terrain
|move|p2a: Rayquaza|Dragon Ascent|p1a: Xerneas
|-damage|p1a: Xerneas|0 fnt
|-unboost|p2a: Rayquaza|def|1
|-unboost|p2a: Rayquaza|spd|1
|faint|p1a: Xerneas
|
|-weather|DeltaStream|[upkeep]
|upkeep
|
|t:|1648731865
|switch|p1a: Marshadow|Marshadow|100/100
|turn|7
|
|t:|1648731870
|move|p1a: Marshadow|Shadow Sneak|p2a: Rayquaza
|-damage|p2a: Rayquaza|0 fnt
|faint|p2a: Rayquaza
|-weather|none
|
|upkeep
|
|t:|1648731885
|switch|p2a: Hatterene|Hatterene, F|100/100
|turn|8
|
|t:|1648731894
|move|p1a: Marshadow|Close Combat|p2a: Hatterene
|-resisted|p2a: Hatterene
|-damage|p2a: Hatterene|83/100
|-unboost|p1a: Marshadow|def|1
|-unboost|p1a: Marshadow|spd|1
|move|p2a: Hatterene|Trick Room|p2a: Hatterene
|-fieldstart|move: Trick Room|[of] p2a: Hatterene
|
|upkeep
|turn|9
|
|t:|1648731903
|switch|p1a: Calyrex|Calyrex-Shadow|100/100
|-ability|p1a: Calyrex|As One
|-ability|p1a: Calyrex|Unnerve
|move|p2a: Hatterene|Healing Wish|p2a: Hatterene
|faint|p2a: Hatterene
|
|upkeep
|
|t:|1648731908
|switch|p2a: Melmetal|Melmetal|100/100
|turn|10
|
|t:|1648731915
|move|p1a: Calyrex|Protect|p1a: Calyrex
|-singleturn|p1a: Calyrex|Protect
|move|p2a: Melmetal|Double Iron Bash|p1a: Calyrex
|-activate|p1a: Calyrex|move: Protect
|
|-fieldend|Misty Terrain
|upkeep
|turn|11
|
|t:|1648731920
|switch|p1a: Cinderace|Cinderace, M|100/100
|move|p2a: Melmetal|Double Iron Bash|p1a: Cinderace
|-resisted|p1a: Cinderace
|-damage|p1a: Cinderace|58/100
|-resisted|p1a: Cinderace
|-damage|p1a: Cinderace|9/100
|-hitcount|p1a: Cinderace|2
|-damage|p2a: Melmetal|91/100|[from] item: Life Orb
|
|upkeep
|turn|12
|
|t:|1648731932
|move|p2a: Melmetal|Double Iron Bash|p1a: Cinderace
|-resisted|p1a: Cinderace
|-damage|p1a: Cinderace|0 fnt
|faint|p1a: Cinderace
|-hitcount|p1: Cinderace|1
|-damage|p2a: Melmetal|81/100|[from] item: Life Orb
|
|-fieldend|move: Trick Room
|upkeep
|
|t:|1648731944
|switch|p1a: Calyrex|Calyrex-Shadow|100/100
|-ability|p1a: Calyrex|As One
|-ability|p1a: Calyrex|Unnerve
|turn|13
|
|t:|1648731949
|switch|p2a: Tyranitar|Tyranitar, M|100/100
|-weather|Sandstorm|[from] ability: Sand Stream|[of] p2a: Tyranitar
|move|p1a: Calyrex|Protect||[still]
|-fail|p1a: Calyrex
|
|-weather|Sandstorm|[upkeep]
|-damage|p1a: Calyrex|94/100|[from] Sandstorm
|upkeep
|turn|14
|
|t:|1648731953
|-activate|p1a: Calyrex|move: Pursuit
|move|p2a: Tyranitar|Pursuit|p1a: Calyrex|[from]Pursuit
|-supereffective|p1a: Calyrex
|-damage|p1a: Calyrex|0 fnt
|faint|p1a: Calyrex
|-hint|A Pokemon can't switch between when it runs out of HP and when it faints
|
|-weather|Sandstorm|[upkeep]
|upkeep
|
|t:|1648731967
|switch|p1a: Marshadow|Marshadow|100/100
|turn|15
|
|t:|1648731971
|move|p1a: Marshadow|Drain Punch|p2a: Tyranitar
|-supereffective|p2a: Tyranitar
|-damage|p2a: Tyranitar|0 fnt
|faint|p2a: Tyranitar
|
|-weather|Sandstorm|[upkeep]
|-damage|p1a: Marshadow|94/100|[from] Sandstorm
|upkeep
|
|t:|1648731976
|switch|p2a: Melmetal|Melmetal|81/100
|-heal|p2a: Melmetal|100/100|[from] move: Healing Wish
|turn|16
|
|t:|1648731987
|-start|p2a: Melmetal|Dynamax|
|-heal|p2a: Melmetal|100/100|[silent]
|move|p1a: Marshadow|Drain Punch|p2a: Melmetal
|-supereffective|p2a: Melmetal
|-damage|p2a: Melmetal|81/100
|-heal|p1a: Marshadow|100/100|[from] drain|[of] p2a: Melmetal
|move|p2a: Melmetal|Max Steelspike|p1a: Marshadow
|-enditem|p1a: Marshadow|Focus Sash
|-damage|p1a: Marshadow|1/100
|-boost|p2a: Melmetal|def|1
|-damage|p2a: Melmetal|76/100|[from] item: Life Orb
|
|-weather|Sandstorm|[upkeep]
|-damage|p1a: Marshadow|0 fnt|[from] Sandstorm
|faint|p1a: Marshadow
|
|win|PlatinumEA
|upkeep
