|j|☆cllout
|j|☆head 0f the table
|t:|1667937154
|gametype|singles
|player|p1|cllout|misty-lgpe|1621
|player|p2|head 0f the table|cynthia-gen4|1546
|teamsize|p1|6
|teamsize|p2|6
|gen|8
|tier|[Gen 8] National Dex AG
|rated|
|rule|HP Percentage Mod: HP is shown in percentages
|rule|Endless Battle Clause: Forcing endless battles is banned
|clearpoke
|poke|p1|Rayquaza|
|poke|p1|Calyrex-Shadow|
|poke|p1|Necrozma-Dusk-Mane|
|poke|p1|Xerneas-*|
|poke|p1|Yveltal|
|poke|p1|Marshadow|
|poke|p2|Arceus-*|
|poke|p2|Xerneas-*|
|poke|p2|Arceus-*|
|poke|p2|Ditto|
|poke|p2|Ho-Oh|
|poke|p2|Smeargle, M|
|teampreview
|inactive|Battle timer is ON: inactive players will automatically lose when time's up. (requested by head 0f the table)
|inactive|cllout also wants the timer to be on.
|
|t:|1667937184
|start
|switch|p1a: Yveltal|Yveltal, shiny|100/100
|switch|p2a: Ho-Oh|Ho-Oh|100/100
|-ability|p1a: Yveltal|Dark Aura
|turn|1
|
|t:|1667937197
|move|p1a: Yveltal|Knock Off|p2a: Ho-Oh
|-damage|p2a: Ho-Oh|60/100
|-enditem|p2a: Ho-Oh|Heavy-Duty Boots|[from] move: Knock Off|[of] p1a: Yveltal
|move|p2a: Ho-Oh|Toxic|p1a: Yveltal
|-status|p1a: Yveltal|tox
|
|-damage|p1a: Yveltal|94/100 tox|[from] psn
|upkeep
|turn|2
|
|t:|1667937215
|switch|p2a: Arceus|Arceus-Ground|100/100
|move|p1a: Yveltal|Taunt|p2a: Arceus
|-start|p2a: Arceus|move: Taunt
|
|-damage|p1a: Yveltal|82/100 tox|[from] psn
|upkeep
|turn|3
|inactive|cllout has 120 seconds left.
|
|t:|1667937258
|switch|p2a: Xerneas|Xerneas|100/100
|-ability|p2a: Xerneas|Fairy Aura
|switch|p1a: Necrozma|Necrozma-Dusk-Mane|100/100
|
|upkeep
|turn|4
|
|t:|1667937273
|switch|p2a: Smeargle|Smeargle, M|100/100
|move|p1a: Necrozma|Sunsteel Strike|p2a: Smeargle
|-enditem|p2a: Smeargle|Focus Sash
|-damage|p2a: Smeargle|1/100
|
|upkeep
|turn|5
|
|t:|1667937286
|switch|p1a: Yveltal|Yveltal, shiny|82/100 tox
|-ability|p1a: Yveltal|Dark Aura
|move|p2a: Smeargle|Sticky Web|p1a: Yveltal
|-sidestart|p1: cllout|move: Sticky Web
|
|-damage|p1a: Yveltal|76/100 tox|[from] psn
|upkeep
|turn|6
|
|t:|1667937299
|move|p1a: Yveltal|Taunt|p2a: Smeargle
|-start|p2a: Smeargle|move: Taunt
|move|p2a: Smeargle|Rapid Spin|p1a: Yveltal
|-damage|p1a: Yveltal|71/100 tox
|-boost|p2a: Smeargle|spe|1
|
|-damage|p1a: Yveltal|59/100 tox|[from] psn
|upkeep
|turn|7
|
|t:|1667937304
|move|p2a: Smeargle|Nuzzle|p1a: Yveltal
|-supereffective|p1a: Yveltal
|-damage|p1a: Yveltal|56/100 tox
|move|p1a: Yveltal|Defog|p2a: Smeargle
|-unboost|p2a: Smeargle|evasion|1
|-sideend|p1: cllout|Sticky Web|[from] move: Defog|[of] p1a: Yveltal
|
|-damage|p1a: Yveltal|38/100 tox|[from] psn
|upkeep
|turn|8
|inactive|cllout has 120 seconds left.
|
|t:|1667937316
|move|p2a: Smeargle|Rapid Spin|p1a: Yveltal
|-damage|p1a: Yveltal|32/100 tox
|-boost|p2a: Smeargle|spe|1
|move|p1a: Yveltal|Knock Off|p2a: Smeargle
|-damage|p2a: Smeargle|0 fnt
|faint|p2a: Smeargle
|
|-damage|p1a: Yveltal|8/100 tox|[from] psn
|upkeep
|
|t:|1667937336
|switch|p2a: Arceus|Arceus-Ground|100/100
|turn|9
|
|t:|1667937344
|switch|p1a: Necrozma|Necrozma-Dusk-Mane|100/100
|move|p2a: Arceus|Ice Beam|p1a: Necrozma
|-resisted|p1a: Necrozma
|-damage|p1a: Necrozma|91/100
|
|upkeep
|turn|10
|
|t:|1667937352
|move|p2a: Arceus|Swords Dance|p2a: Arceus
|-boost|p2a: Arceus|atk|2
|move|p1a: Necrozma|Stealth Rock|p2a: Arceus
|-sidestart|p2: head 0f the table|move: Stealth Rock
|
|upkeep
|turn|11
|
|t:|1667937373
|switch|p1a: Yveltal|Yveltal, shiny|8/100 tox
|-ability|p1a: Yveltal|Dark Aura
|-start|p2a: Arceus|Dynamax|
|-heal|p2a: Arceus|100/100|[silent]
|move|p2a: Arceus|Max Quake|p1a: Yveltal
|-immune|p1a: Yveltal
|
|-damage|p1a: Yveltal|2/100 tox|[from] psn
|upkeep
|turn|12
|
|t:|1667937378
|move|p2a: Arceus|Max Rockfall|p1a: Yveltal
|-supereffective|p1a: Yveltal
|-damage|p1a: Yveltal|0 fnt
|-weather|Sandstorm
|faint|p1a: Yveltal
|
|-weather|Sandstorm|[upkeep]
|upkeep
|inactive|cllout has 120 seconds left.
|
|t:|1667937406
|switch|p1a: Marshadow|Marshadow|100/100
|turn|13
|
|t:|1667937410
|move|p1a: Marshadow|Spectral Thief||[still]
|-clearpositiveboost|p2a: Arceus|p1a: Marshadow|move: Spectral Thief
|-boost|p1a: Marshadow|atk|2
|-anim|p1a: Marshadow|Spectral Thief|p2a: Arceus
|-damage|p2a: Arceus|68/100
|move|p2a: Arceus|Max Quake|p1a: Marshadow
|-crit|p1a: Marshadow
|-enditem|p1a: Marshadow|Focus Sash
|-damage|p1a: Marshadow|1/100
|-boost|p2a: Arceus|spd|1
|
|-weather|Sandstorm|[upkeep]
|-damage|p1a: Marshadow|0 fnt|[from] Sandstorm
|faint|p1a: Marshadow
|upkeep
|inactive|cllout has 120 seconds left.
|inactive|cllout has 90 seconds left.
|
|t:|1667937456
|switch|p1a: Rayquaza|Rayquaza|100/100
|-ability|p1a: Rayquaza|Air Lock
|-end|p2a: Arceus|Dynamax
|-heal|p2a: Arceus|68/100|[silent]
|turn|14
|inactive|cllout has 90 seconds left.
|
|t:|1667937472
|detailschange|p1a: Rayquaza|Rayquaza-Mega
|-mega|p1a: Rayquaza|Rayquaza|
|-weather|DeltaStream|[from] ability: Delta Stream|[of] p1a: Rayquaza
|move|p2a: Arceus|Stone Edge|p1a: Rayquaza
|-activate||deltastream
|-damage|p1a: Rayquaza|64/100
|move|p1a: Rayquaza|Dragon Ascent|p2a: Arceus
|-damage|p2a: Arceus|0 fnt
|-unboost|p1a: Rayquaza|def|1
|-unboost|p1a: Rayquaza|spd|1
|faint|p2a: Arceus
|-damage|p1a: Rayquaza|54/100|[from] item: Life Orb
|
|-weather|DeltaStream|[upkeep]
|upkeep
|
|t:|1667937486
|switch|p2a: Arceus|Arceus|100/100
|-damage|p2a: Arceus|88/100|[from] Stealth Rock
|turn|15
|inactive|cllout has 90 seconds left.
|
|t:|1667937500
|-weather|none
|switch|p1a: Necrozma|Necrozma-Dusk-Mane|91/100
|move|p2a: Arceus|Ice Beam|p1a: Necrozma
|-resisted|p1a: Necrozma
|-damage|p1a: Necrozma|78/100
|-damage|p2a: Arceus|78/100|[from] item: Life Orb
|
|upkeep
|turn|16
|
|t:|1667937506
|move|p2a: Arceus|Swords Dance|p2a: Arceus
|-boost|p2a: Arceus|atk|2
|move|p1a: Necrozma|Thunder Wave|p2a: Arceus
|-status|p2a: Arceus|par
|
|upkeep
|turn|17
|
|t:|1667937515
|move|p1a: Necrozma|Sunsteel Strike|p2a: Arceus
|-damage|p2a: Arceus|41/100 par
|move|p2a: Arceus|Earthquake|p1a: Necrozma
|-supereffective|p1a: Necrozma
|-damage|p1a: Necrozma|11/100
|-damage|p2a: Arceus|31/100 par|[from] item: Life Orb
|
|upkeep
|turn|18
|
|t:|1667937525
|move|p1a: Necrozma|Morning Sun|p1a: Necrozma
|-heal|p1a: Necrozma|61/100
|cant|p2a: Arceus|par
|
|upkeep
|turn|19
|
|t:|1667937533
|move|p1a: Necrozma|Sunsteel Strike|p2a: Arceus
|-damage|p2a: Arceus|0 fnt
|faint|p2a: Arceus
|
|upkeep
|
|t:|1667937541
|switch|p2a: Ho-Oh|Ho-Oh|93/100
|-damage|p2a: Ho-Oh|43/100|[from] Stealth Rock
|turn|20
|inactive|cllout has 90 seconds left.
|
|t:|1667937573
|move|p2a: Ho-Oh|Sacred Fire|p1a: Necrozma
|-supereffective|p1a: Necrozma
|-damage|p1a: Necrozma|25/100
|-status|p1a: Necrozma|brn
|move|p1a: Necrozma|Morning Sun|p1a: Necrozma
|-heal|p1a: Necrozma|75/100 brn
|
|-damage|p1a: Necrozma|69/100 brn|[from] brn
|upkeep
|turn|21
|
|t:|1667937587
|move|p2a: Ho-Oh|Defog|p1a: Necrozma
|-unboost|p1a: Necrozma|evasion|1
|-sideend|p2: head 0f the table|Stealth Rock|[from] move: Defog|[of] p2a: Ho-Oh
|move|p1a: Necrozma|Thunder Wave|p2a: Ho-Oh
|-status|p2a: Ho-Oh|par
|
|-damage|p1a: Necrozma|63/100 brn|[from] brn
|upkeep
|turn|22
|
|t:|1667937596
|switch|p2a: Xerneas|Xerneas|100/100
|-ability|p2a: Xerneas|Fairy Aura
|move|p1a: Necrozma|Morning Sun|p1a: Necrozma
|-heal|p1a: Necrozma|100/100 brn
|
|-damage|p1a: Necrozma|94/100 brn|[from] brn
|upkeep
|turn|23
|
|t:|1667937611
|move|p2a: Xerneas|Substitute|p2a: Xerneas
|-start|p2a: Xerneas|Substitute
|-damage|p2a: Xerneas|76/100
|move|p1a: Necrozma|Sunsteel Strike|p2a: Xerneas
|-supereffective|p2a: Xerneas
|-end|p2a: Xerneas|Substitute
|
|-damage|p1a: Necrozma|88/100 brn|[from] brn
|upkeep
|turn|24
|
|t:|1667937621
|switch|p2a: Ho-Oh|Ho-Oh|77/100 par
|move|p1a: Necrozma|Sunsteel Strike|p2a: Ho-Oh
|-resisted|p2a: Ho-Oh
|-damage|p2a: Ho-Oh|68/100 par
|
|-damage|p1a: Necrozma|82/100 brn|[from] brn
|upkeep
|turn|25
|
|t:|1667937635
|switch|p1a: Rayquaza|Rayquaza-Mega|54/100
|-weather|DeltaStream|[from] ability: Delta Stream|[of] p1a: Rayquaza
|switch|p2a: Xerneas|Xerneas|76/100
|-ability|p2a: Xerneas|Fairy Aura
|
|-weather|DeltaStream|[upkeep]
|upkeep
|turn|26
|
|t:|1667937645
|switch|p2a: Ho-Oh|Ho-Oh|100/100 par
|move|p1a: Rayquaza|Dragon Ascent|p2a: Ho-Oh
|-damage|p2a: Ho-Oh|31/100 par
|-unboost|p1a: Rayquaza|def|1
|-unboost|p1a: Rayquaza|spd|1
|-damage|p1a: Rayquaza|44/100|[from] item: Life Orb
|
|-weather|DeltaStream|[upkeep]
|upkeep
|turn|27
|inactive|cllout has 120 seconds left.
|
|t:|1667937656
|move|p1a: Rayquaza|Waterfall|p2a: Ho-Oh
|-supereffective|p2a: Ho-Oh
|-damage|p2a: Ho-Oh|0 fnt
|faint|p2a: Ho-Oh
|-damage|p1a: Rayquaza|34/100|[from] item: Life Orb
|
|-weather|DeltaStream|[upkeep]
|upkeep
|
|t:|1667937660
|switch|p2a: Ditto|Ditto|100/100
|-transform|p2a: Ditto|p1a: Rayquaza|[from] ability: Imposter
|turn|28
|inactive|cllout has 120 seconds left.
|
|t:|1667937670
|move|p2a: Ditto|Extreme Speed|p1a: Rayquaza
|-damage|p1a: Rayquaza|0 fnt
|faint|p1a: Rayquaza
|
|-weather|DeltaStream|[upkeep]
|upkeep
|inactive|cllout has 120 seconds left.
|
|t:|1667937676
|switch|p1a: Calyrex|Calyrex-Shadow|100/100
|-ability|p1a: Calyrex|As One
|-ability|p1a: Calyrex|Unnerve
|turn|29
|
|t:|1667937680
|-weather|none
|switch|p2a: Xerneas|Xerneas|76/100
|-ability|p2a: Xerneas|Fairy Aura
|move|p1a: Calyrex|Nasty Plot|p1a: Calyrex
|-boost|p1a: Calyrex|spa|2
|
|upkeep
|turn|30
|
|t:|1667937697
|move|p1a: Calyrex|Astral Barrage|p2a: Xerneas
|-damage|p2a: Xerneas|0 fnt
|faint|p2a: Xerneas
|-ability|p1a: Calyrex|Grim Neigh|boost
|-boost|p1a: Calyrex|spa|1
|
|upkeep
|
|t:|1667937702
|switch|p2a: Ditto|Ditto|100/100
|-transform|p2a: Ditto|p1a: Calyrex|[from] ability: Imposter
|turn|31
|
|t:|1667937706
|-start|p1a: Calyrex|Dynamax|
|-heal|p1a: Calyrex|100/100|[silent]
|move|p2a: Ditto|Astral Barrage|p1a: Calyrex
|-supereffective|p1a: Calyrex
|-enditem|p1a: Calyrex|Focus Sash
|-damage|p1a: Calyrex|1/100
|move|p1a: Calyrex|Max Phantasm|p2a: Ditto
|-supereffective|p2a: Ditto
|-damage|p2a: Ditto|0 fnt
|faint|p2a: Ditto
|
|win|cllout
|raw|cllout's rating: 1621 &rarr; <strong>1637</strong><br />(+16 for winning)
|raw|head 0f the table's rating: 1546 &rarr; <strong>1530</strong><br />(-16 for losing)
