|j|☆Sensei Zenitsu
|j|☆Freeity
|t:|1649383803
|gametype|singles
|player|p1|Sensei Zenitsu|169|1638
|player|p2|Freeity|iris-gen5bw2|1858
|teamsize|p1|6
|teamsize|p2|6
|gen|8
|tier|[Gen 8] National Dex AG
|rated|
|rule|HP Percentage Mod: HP is shown in percentages
|rule|Endless Battle Clause: Forcing endless battles is banned
|clearpoke
|poke|p1|Zacian-*|
|poke|p1|Calyrex-Shadow|
|poke|p1|Kyogre|
|poke|p1|Ditto|
|poke|p1|Xerneas-*|
|poke|p1|Rayquaza|
|poke|p2|Arceus-*|
|poke|p2|Rayquaza|
|poke|p2|Arceus-*|
|poke|p2|Necrozma-Dusk-Mane|
|poke|p2|Kyogre|
|poke|p2|Arceus-*|
|teampreview
|
|t:|1649383809
|start
|switch|p1a: Je oma|Xerneas|100/100
|switch|p2a: Rayquaza|Rayquaza|100/100
|-ability|p2a: Rayquaza|Air Lock
|-ability|p1a: Je oma|Fairy Aura
|turn|1
|
|t:|1649383818
|detailschange|p2a: Rayquaza|Rayquaza-Mega
|-mega|p2a: Rayquaza|Rayquaza|
|-weather|DeltaStream|[from] ability: Delta Stream|[of] p2a: Rayquaza
|move|p2a: Rayquaza|Dragon Ascent|p1a: Je oma
|-damage|p1a: Je oma|22/100
|-unboost|p2a: Rayquaza|def|1
|-unboost|p2a: Rayquaza|spd|1
|-damage|p2a: Rayquaza|91/100|[from] item: Life Orb
|move|p1a: Je oma|Geomancy||[still]
|-prepare|p1a: Je oma|Geomancy
|-enditem|p1a: Je oma|Power Herb
|-anim|p1a: Je oma|Geomancy|p1a: Je oma
|-boost|p1a: Je oma|spa|2
|-boost|p1a: Je oma|spd|2
|-boost|p1a: Je oma|spe|2
|
|-weather|DeltaStream|[upkeep]
|upkeep
|turn|2
|
|t:|1649383832
|move|p2a: Rayquaza|Extreme Speed|p1a: Je oma
|-damage|p1a: Je oma|0 fnt
|faint|p1a: Je oma
|-damage|p2a: Rayquaza|81/100|[from] item: Life Orb
|
|-weather|DeltaStream|[upkeep]
|upkeep
|
|t:|1649383845
|switch|p1a: JE ZUS|Kyogre|100/100
|-ability|p1a: JE ZUS|Drizzle|[from] deltastream|[fail]
|turn|3
|
|t:|1649383853
|move|p2a: Rayquaza|Dragon Ascent|p1a: JE ZUS
|-damage|p1a: JE ZUS|0 fnt
|-unboost|p2a: Rayquaza|def|1
|-unboost|p2a: Rayquaza|spd|1
|faint|p1a: JE ZUS
|-damage|p2a: Rayquaza|71/100|[from] item: Life Orb
|
|-weather|DeltaStream|[upkeep]
|upkeep
|
|t:|1649383864
|switch|p1a: Je vader|Calyrex-Shadow|100/100
|-ability|p1a: Je vader|As One
|-ability|p1a: Je vader|Unnerve
|turn|4
|j| jatneh
|
|t:|1649383873
|-weather|none
|switch|p2a: Arceus|Arceus-Dark|100/100
|move|p1a: Je vader|Astral Barrage|p2a: Arceus
|-resisted|p2a: Arceus
|-damage|p2a: Arceus|74/100
|
|upkeep
|turn|5
|
|t:|1649383894
|-start|p1a: Je vader|Dynamax|
|-heal|p1a: Je vader|100/100|[silent]
|-start|p2a: Arceus|Dynamax|
|-heal|p2a: Arceus|74/100|[silent]
|move|p1a: Je vader|Max Phantasm|p2a: Arceus
|-resisted|p2a: Arceus
|-damage|p2a: Arceus|64/100
|-unboost|p2a: Arceus|def|1
|move|p2a: Arceus|Max Darkness|p1a: Je vader
|-supereffective|p1a: Je vader
|-crit|p1a: Je vader
|-damage|p1a: Je vader|0 fnt
|faint|p1a: Je vader
|
|upkeep
|
|t:|1649383913
|switch|p1a: Je moeder|Rayquaza|100/100
|-ability|p1a: Je moeder|Air Lock
|turn|6
|
|t:|1649383922
|detailschange|p1a: Je moeder|Rayquaza-Mega
|-mega|p1a: Je moeder|Rayquaza|
|-weather|DeltaStream|[from] ability: Delta Stream|[of] p1a: Je moeder
|move|p1a: Je moeder|Dragon Ascent|p2a: Arceus
|-damage|p2a: Arceus|23/100
|-unboost|p1a: Je moeder|def|1
|-unboost|p1a: Je moeder|spd|1
|move|p2a: Arceus|Max Darkness|p1a: Je moeder
|-damage|p1a: Je moeder|10/100
|-unboost|p1a: Je moeder|spd|1
|
|-weather|DeltaStream|[upkeep]
|upkeep
|turn|7
|
|t:|1649383936
|move|p1a: Je moeder|Dragon Ascent|p2a: Arceus
|-damage|p2a: Arceus|0 fnt
|-unboost|p1a: Je moeder|def|1
|-unboost|p1a: Je moeder|spd|1
|faint|p2a: Arceus
|
|-weather|DeltaStream|[upkeep]
|upkeep
|
|t:|1649383941
|switch|p2a: Rayquaza|Rayquaza-Mega|71/100
|turn|8
|
|t:|1649383944
|move|p1a: Je moeder|Dragon Ascent|p2a: Rayquaza
|-damage|p2a: Rayquaza|0 fnt
|-unboost|p1a: Je moeder|def|1
|-unboost|p1a: Je moeder|spd|1
|faint|p2a: Rayquaza
|
|-weather|DeltaStream|[upkeep]
|upkeep
|
|t:|1649383958
|switch|p2a: Kyogre|Kyogre|100/100
|detailschange|p2a: Kyogre|Kyogre-Primal
|-primal|p2a: Kyogre
|-weather|PrimordialSea|[from] ability: Primordial Sea|[of] p2a: Kyogre
|turn|9
|
|t:|1649383971
|move|p1a: Je moeder|Dragon Ascent|p2a: Kyogre
|-damage|p2a: Kyogre|51/100
|-unboost|p1a: Je moeder|def|1
|-unboost|p1a: Je moeder|spd|1
|move|p2a: Kyogre|Scald|p1a: Je moeder
|-resisted|p1a: Je moeder
|-damage|p1a: Je moeder|0 fnt
|faint|p1a: Je moeder
|
|-weather|PrimordialSea|[upkeep]
|upkeep
|
|t:|1649383990
|switch|p1a: Je opa|Ditto|100/100
|-transform|p1a: Je opa|p2a: Kyogre|[from] ability: Imposter
|turn|10
|
|t:|1649383999
|move|p1a: Je opa|Sleep Talk||[still]
|-fail|p1a: Je opa
|move|p2a: Kyogre|Calm Mind|p2a: Kyogre
|-boost|p2a: Kyogre|spa|1
|-boost|p2a: Kyogre|spd|1
|
|-weather|PrimordialSea|[upkeep]
|upkeep
|turn|11
|
|t:|1649384006
|move|p1a: Je opa|Sleep Talk||[still]
|-fail|p1a: Je opa
|move|p2a: Kyogre|Scald|p1a: Je opa
|-resisted|p1a: Je opa
|-damage|p1a: Je opa|52/100
|
|-weather|PrimordialSea|[upkeep]
|upkeep
|turn|12
|-message|Sensei Zenitsu forfeited.
|
|win|Freeity
|raw|Sensei Zenitsu's rating: 1638 &rarr; <strong>1629</strong><br />(-9 for losing)
|raw|Freeity's rating: 1858 &rarr; <strong>1867</strong><br />(+9 for winning)
|l|☆Sensei Zenitsu
