|j|☆MVP2536
|j|☆HisuianVoltorbCute
|t:|1661872550
|gametype|singles
|player|p1|MVP2536|giovanni|
|player|p2|HisuianVoltorbCute|caitlin|
|teamsize|p1|6
|teamsize|p2|6
|gen|8
|tier|[Gen 8] National Dex AG
|rule|HP Percentage Mod: HP is shown in percentages
|rule|Endless Battle Clause: Forcing endless battles is banned
|clearpoke
|poke|p1|Dracovish|
|poke|p1|Weavile, M|
|poke|p1|Gengar, F|
|poke|p1|Dragonite, F|
|poke|p1|Ho-Oh|
|poke|p1|Dialga|
|poke|p2|Excadrill, F|
|poke|p2|Celesteela|
|poke|p2|Zekrom|
|poke|p2|Grimmsnarl, M|
|poke|p2|Weavile, F|
|poke|p2|Blastoise, M|
|teampreview
|inactive|Battle timer is ON: inactive players will automatically lose when time's up. (requested by HisuianVoltorbCute)
|
|t:|1661872564
|start
|switch|p1a: Gengar|Gengar, F|100/100
|switch|p2a: Excadrill|Excadrill, F|100/100
|-ability|p2a: Excadrill|Mold Breaker
|turn|1
|
|t:|1661872572
|detailschange|p1a: Gengar|Gengar-Mega, F
|-mega|p1a: Gengar|Gengar|Gengarite
|move|p1a: Gengar|Substitute|p1a: Gengar
|-start|p1a: Gengar|Substitute
|-damage|p1a: Gengar|76/100
|move|p2a: Excadrill|Stealth Rock|p1a: Gengar
|-sidestart|p1: MVP2536|move: Stealth Rock
|
|upkeep
|turn|2
|c|☆HisuianVoltorbCute|no a good choice
|
|t:|1661872583
|move|p1a: Gengar|Encore|p2a: Excadrill
|-start|p2a: Excadrill|Encore
|move|p2a: Excadrill|Stealth Rock||[still]
|-fail|p2a: Excadrill
|
|upkeep
|turn|3
|c|☆HisuianVoltorbCute|ah nvm
|
|t:|1661872593
|move|p1a: Gengar|Perish Song|p1a: Gengar
|-start|p1a: Gengar|perish3|[silent]
|-start|p2a: Excadrill|perish3|[silent]
|-fieldactivate|move: Perish Song
|move|p2a: Excadrill|Stealth Rock||[still]
|-fail|p2a: Excadrill
|
|-start|p1a: Gengar|perish3
|-start|p2a: Excadrill|perish3
|upkeep
|turn|4
|c|☆MVP2536|ye..
|
|t:|1661872603
|move|p1a: Gengar|Protect|p1a: Gengar
|-singleturn|p1a: Gengar|Protect
|move|p2a: Excadrill|Stealth Rock||[still]
|-fail|p2a: Excadrill
|
|-end|p2a: Excadrill|Encore
|-start|p1a: Gengar|perish2
|-start|p2a: Excadrill|perish2
|upkeep
|turn|5
|c|☆HisuianVoltorbCute|why tf do shadow tag pokemon learn perish song
|
|t:|1661872622
|move|p1a: Gengar|Encore|p2a: Excadrill
|-start|p2a: Excadrill|Encore
|move|p2a: Excadrill|Stealth Rock||[still]
|-fail|p2a: Excadrill
|
|-start|p1a: Gengar|perish1
|-start|p2a: Excadrill|perish1
|upkeep
|turn|6
|c|☆MVP2536|idk
|
|t:|1661872636
|switch|p1a: Ho-Oh|Ho-Oh|100/100
|move|p2a: Excadrill|Stealth Rock||[still]
|-fail|p2a: Excadrill
|
|-start|p2a: Excadrill|perish0
|upkeep
|faint|p2a: Excadrill
|
|t:|1661872642
|switch|p2a: Celesteela|Celesteela|100/100
|turn|7
|
|t:|1661872645
|switch|p1a: Dialga|Dialga|100/100
|-damage|p1a: Dialga|94/100|[from] Stealth Rock
|-ability|p1a: Dialga|Pressure
|move|p2a: Celesteela|Meteor Beam||[still]
|-prepare|p2a: Celesteela|Meteor Beam
|-boost|p2a: Celesteela|spa|1
|-enditem|p2a: Celesteela|Power Herb
|-anim|p2a: Celesteela|Meteor Beam|p1a: Dialga
|-resisted|p1a: Dialga
|-damage|p1a: Dialga|64/100
|
|upkeep
|turn|8
|
|t:|1661872673
|move|p1a: Dialga|Thunder Wave|p2a: Celesteela
|-status|p2a: Celesteela|par
|move|p2a: Celesteela|Autotomize|p2a: Celesteela
|-boost|p2a: Celesteela|spe|2
|-start|p2a: Celesteela|Autotomize
|
|upkeep
|turn|9
|
|t:|1661872681
|move|p1a: Dialga|Fire Blast|p2a: Celesteela
|-supereffective|p2a: Celesteela
|-damage|p2a: Celesteela|32/100 par
|cant|p2a: Celesteela|par
|
|upkeep
|turn|10
|
|t:|1661872687
|move|p1a: Dialga|Fire Blast|p2a: Celesteela|[miss]
|-miss|p1a: Dialga|p2a: Celesteela
|move|p2a: Celesteela|Autotomize|p2a: Celesteela
|-boost|p2a: Celesteela|spe|2
|-start|p2a: Celesteela|Autotomize
|
|upkeep
|turn|11
|
|t:|1661872703
|move|p1a: Dialga|Fire Blast|p2a: Celesteela
|-supereffective|p2a: Celesteela
|-damage|p2a: Celesteela|0 fnt
|faint|p2a: Celesteela
|
|upkeep
|c|☆HisuianVoltorbCute|your still faster !?
|
|t:|1661872710
|switch|p2a: Grimmsnarl|Grimmsnarl, M|100/100
|turn|12
|
|t:|1661872718
|switch|p1a: Weavile|Weavile, M|100/100
|-damage|p1a: Weavile|76/100|[from] Stealth Rock
|-ability|p1a: Weavile|Pressure
|move|p2a: Grimmsnarl|Thunder Wave|p1a: Weavile
|-hint|Since gen 7, Dark is immune to Prankster moves.
|-immune|p1a: Weavile
|
|upkeep
|turn|13
|
|t:|1661872729
|move|p2a: Grimmsnarl|Light Screen|p2a: Grimmsnarl
|-sidestart|p2: HisuianVoltorbCute|move: Light Screen
|move|p1a: Weavile|Knock Off|p2a: Grimmsnarl
|-resisted|p2a: Grimmsnarl
|-damage|p2a: Grimmsnarl|86/100
|-enditem|p2a: Grimmsnarl|Light Clay|[from] move: Knock Off|[of] p1a: Weavile
|
|upkeep
|turn|14
|
|t:|1661872738
|move|p2a: Grimmsnarl|Reflect|p2a: Grimmsnarl
|-sidestart|p2: HisuianVoltorbCute|Reflect
|move|p1a: Weavile|Power-Up Punch|p2a: Grimmsnarl
|-damage|p2a: Grimmsnarl|77/100
|-boost|p1a: Weavile|atk|1
|
|upkeep
|turn|15
|
|t:|1661872750
|switch|p2a: Zekrom|Zekrom|100/100
|-ability|p2a: Zekrom|Teravolt
|move|p1a: Weavile|Power-Up Punch|p2a: Zekrom
|-damage|p2a: Zekrom|92/100
|-boost|p1a: Weavile|atk|1
|
|-heal|p2a: Zekrom|98/100|[from] item: Leftovers
|upkeep
|turn|16
|
|t:|1661872765
|-start|p1a: Weavile|Dynamax|
|-heal|p1a: Weavile|76/100|[silent]
|move|p1a: Weavile|Max Hailstorm|p2a: Zekrom
|-supereffective|p2a: Zekrom
|-damage|p2a: Zekrom|0 fnt
|-weather|Hail
|faint|p2a: Zekrom
|
|-weather|Hail|[upkeep]
|upkeep
|
|t:|1661872774
|switch|p2a: Weavile|Weavile, F|100/100
|turn|17
|
|t:|1661872778
|move|p1a: Weavile|Max Knuckle|p2a: Weavile
|-supereffective|p2a: Weavile
|-enditem|p2a: Weavile|Focus Sash
|-damage|p2a: Weavile|1/100
|-boost|p1a: Weavile|atk|1
|move|p2a: Weavile|Power-Up Punch|p1a: Weavile
|-supereffective|p1a: Weavile
|-damage|p1a: Weavile|28/100
|-boost|p2a: Weavile|atk|1
|
|-weather|Hail|[upkeep]
|upkeep
|turn|18
|c|☆HisuianVoltorbCute|i wont die
|c|☆MVP2536|lol ok
|
|t:|1661872796
|-end|p1a: Weavile|Dynamax
|-heal|p1a: Weavile|28/100|[silent]
|switch|p1a: Gengar|Gengar-Mega, F|76/100
|-damage|p1a: Gengar|63/100|[from] Stealth Rock
|switch|p2a: Grimmsnarl|Grimmsnarl, M|77/100
|
|-weather|Hail|[upkeep]
|-damage|p1a: Gengar|57/100|[from] Hail
|-damage|p2a: Grimmsnarl|71/100|[from] Hail
|-sideend|p2: HisuianVoltorbCute|Reflect
|upkeep
|turn|19
|
|t:|1661872820
|move|p2a: Grimmsnarl|Taunt|p1a: Gengar
|-start|p1a: Gengar|move: Taunt
|cant|p1a: Gengar|move: Taunt|Substitute
|
|-weather|Hail|[upkeep]
|-damage|p1a: Gengar|51/100|[from] Hail
|-damage|p2a: Grimmsnarl|65/100|[from] Hail
|upkeep
|turn|20
|c|☆MVP2536|ah smart
|
|t:|1661872830
|switch|p1a: Weavile|Weavile, M|28/100
|-damage|p1a: Weavile|3/100|[from] Stealth Rock
|-ability|p1a: Weavile|Pressure
|move|p2a: Grimmsnarl|Thunder Wave|p1a: Weavile
|-hint|Since gen 7, Dark is immune to Prankster moves.
|-immune|p1a: Weavile
|
|-weather|none
|-sideend|p2: HisuianVoltorbCute|move: Light Screen
|upkeep
|turn|21
|
|t:|1661872841
|move|p2a: Grimmsnarl|Reflect|p2a: Grimmsnarl
|-sidestart|p2: HisuianVoltorbCute|Reflect
|move|p1a: Weavile|Knock Off|p2a: Grimmsnarl
|-resisted|p2a: Grimmsnarl
|-damage|p2a: Grimmsnarl|61/100
|
|upkeep
|turn|22
|
|t:|1661872846
|move|p2a: Grimmsnarl|Light Screen|p2a: Grimmsnarl
|-sidestart|p2: HisuianVoltorbCute|move: Light Screen
|move|p1a: Weavile|Knock Off|p2a: Grimmsnarl
|-resisted|p2a: Grimmsnarl
|-damage|p2a: Grimmsnarl|56/100
|
|upkeep
|turn|23
|
|t:|1661872853
|switch|p2a: Blastoise|Blastoise, M|100/100
|move|p1a: Weavile|Knock Off|p2a: Blastoise
|-damage|p2a: Blastoise|84/100
|
|upkeep
|turn|24
|
|t:|1661872869
|detailschange|p2a: Blastoise|Blastoise-Mega, M
|-mega|p2a: Blastoise|Blastoise|Blastoisinite
|move|p1a: Weavile|Knock Off|p2a: Blastoise
|-damage|p2a: Blastoise|72/100
|move|p2a: Blastoise|Shell Smash|p2a: Blastoise
|-unboost|p2a: Blastoise|def|1
|-unboost|p2a: Blastoise|spd|1
|-boost|p2a: Blastoise|atk|2
|-boost|p2a: Blastoise|spa|2
|-boost|p2a: Blastoise|spe|2
|
|upkeep
|turn|25
|
|t:|1661872882
|move|p2a: Blastoise|Water Pulse|p1a: Weavile
|-damage|p1a: Weavile|0 fnt
|faint|p1a: Weavile
|
|-sideend|p2: HisuianVoltorbCute|Reflect
|upkeep
|c|☆HisuianVoltorbCute|ok so you might lose
|c|☆HisuianVoltorbCute|MAYBE
|c|☆MVP2536|hm maybe
|inactive|MVP2536 has 270 seconds left.
|
|t:|1661872910
|switch|p1a: Dialga|Dialga|64/100
|-damage|p1a: Dialga|58/100|[from] Stealth Rock
|-ability|p1a: Dialga|Pressure
|turn|26
|inactive|MVP2536 has 270 seconds left.
|
|t:|1661872921
|move|p2a: Blastoise|Hidden Power|p1a: Dialga
|-supereffective|p1a: Dialga
|-enditem|p1a: Dialga|Shuca Berry|[eat]
|-enditem|p1a: Dialga|Shuca Berry|[weaken]
|-damage|p1a: Dialga|7/100
|move|p1a: Dialga|Thunder Wave|p2a: Blastoise
|-status|p2a: Blastoise|par
|
|-sideend|p2: HisuianVoltorbCute|move: Light Screen
|upkeep
|turn|27
|
|t:|1661872930
|move|p1a: Dialga|Dragon Pulse|p2a: Blastoise
|-damage|p2a: Blastoise|5/100 par
|move|p2a: Blastoise|Shell Smash|p2a: Blastoise
|-unboost|p2a: Blastoise|def|1
|-unboost|p2a: Blastoise|spd|1
|-boost|p2a: Blastoise|atk|2
|-boost|p2a: Blastoise|spa|2
|-boost|p2a: Blastoise|spe|2
|
|upkeep
|turn|28
|c|☆HisuianVoltorbCute|DONT PARALYZE PLEASE
|
|t:|1661872942
|move|p1a: Dialga|Dragon Pulse|p2a: Blastoise
|-damage|p2a: Blastoise|0 fnt
|faint|p2a: Blastoise
|
|upkeep
|c|☆HisuianVoltorbCute|what the fu
|c|☆MVP2536|doesnt matter
|
|t:|1661872950
|switch|p2a: Weavile|Weavile, F|1/100
|turn|29
|
|t:|1661872955
|switch|p1a: Gengar|Gengar-Mega, F|51/100
|-damage|p1a: Gengar|39/100|[from] Stealth Rock
|move|p2a: Weavile|Ice Shard|p1a: Gengar
|-crit|p1a: Gengar
|-damage|p1a: Gengar|0 fnt
|faint|p1a: Gengar
|
|upkeep
|c|☆HisuianVoltorbCute|ok
|
|t:|1661872964
|switch|p1a: Ho-Oh|Ho-Oh|100/100
|turn|30
|c|☆HisuianVoltorbCute|idk how that happened
|
|t:|1661872972
|switch|p2a: Grimmsnarl|Grimmsnarl, M|56/100
|move|p1a: Ho-Oh|Sacred Fire|p2a: Grimmsnarl
|-damage|p2a: Grimmsnarl|2/100
|-status|p2a: Grimmsnarl|brn
|
|-damage|p2a: Grimmsnarl|0 fnt|[from] brn
|faint|p2a: Grimmsnarl
|upkeep
|c|☆MVP2536|ye gg
|
|t:|1661872980
|switch|p2a: Weavile|Weavile, F|1/100
|turn|31
|
|t:|1661872991
|move|p2a: Weavile|Triple Axel|p1a: Ho-Oh|[miss]
|-miss|p2a: Weavile|p1a: Ho-Oh
|move|p1a: Ho-Oh|Sacred Fire|p2a: Weavile|[miss]
|-miss|p1a: Ho-Oh|p2a: Weavile
|
|upkeep
|turn|32
|c|☆MVP2536|LOL
|
|t:|1661872999
|move|p2a: Weavile|Triple Axel|p1a: Ho-Oh
|-crit|p1a: Ho-Oh
|-damage|p1a: Ho-Oh|87/100
|-damage|p1a: Ho-Oh|69/100
|-damage|p1a: Ho-Oh|43/100
|-hitcount|p1a: Ho-Oh|3
|move|p1a: Ho-Oh|Sacred Fire|p2a: Weavile
|-supereffective|p2a: Weavile
|-damage|p2a: Weavile|0 fnt
|faint|p2a: Weavile
|
|win|MVP2536
|c|☆HisuianVoltorbCute|lmao
|c|☆MVP2536|gg
