|j|☆moyv123
|j|☆Blackstar152001
|t:|1665212739
|gametype|singles
|player|p1|moyv123|170|1749
|player|p2|Blackstar152001|blue-gen3two|1890
|teamsize|p1|6
|teamsize|p2|6
|gen|8
|tier|[Gen 8] National Dex AG
|rated|
|rule|HP Percentage Mod: HP is shown in percentages
|rule|Endless Battle Clause: Forcing endless battles is banned
|clearpoke
|poke|p1|Arceus-*|
|poke|p1|Yveltal|
|poke|p1|Rayquaza|
|poke|p1|Lugia|
|poke|p1|Zacian-*|
|poke|p1|Necrozma-Dusk-Mane|
|poke|p2|Calyrex-Shadow|
|poke|p2|Ditto|
|poke|p2|Arceus-*|
|poke|p2|Arceus-*|
|poke|p2|Arceus-*|
|poke|p2|Arceus-*|
|teampreview
|inactive|Battle timer is ON: inactive players will automatically lose when time's up. (requested by Blackstar152001)
|
|t:|1665212749
|start
|switch|p1a: Zacian|Zacian-Crowned, shiny|100/100
|switch|p2a: Arceus|Arceus-Fairy|100/100
|-ability|p1a: Zacian|Intrepid Sword|boost
|-boost|p1a: Zacian|atk|1
|turn|1
|
|t:|1665212757
|switch|p2a: Arceus|Arceus-Electric|100/100
|move|p1a: Zacian|Substitute|p1a: Zacian
|-start|p1a: Zacian|Substitute
|-damage|p1a: Zacian|76/100
|
|upkeep
|turn|2
|
|t:|1665212763
|move|p1a: Zacian|Play Rough|p2a: Arceus
|-damage|p2a: Arceus|59/100
|move|p2a: Arceus|Judgment|p1a: Zacian
|-end|p1a: Zacian|Substitute
|
|upkeep
|turn|3
|
|t:|1665212790
|switch|p1a: Arceus|Arceus|100/100
|move|p2a: Arceus|Recover|p2a: Arceus
|-heal|p2a: Arceus|100/100
|
|upkeep
|turn|4
|
|t:|1665212800
|move|p1a: Arceus|Swords Dance|p1a: Arceus
|-boost|p1a: Arceus|atk|2
|move|p2a: Arceus|Toxic|p1a: Arceus
|-status|p1a: Arceus|tox
|-enditem|p1a: Arceus|Lum Berry|[eat]
|-curestatus|p1a: Arceus|tox|[msg]
|
|upkeep
|turn|5
|
|t:|1665212808
|move|p1a: Arceus|Extreme Speed|p2a: Arceus
|-damage|p2a: Arceus|57/100
|move|p2a: Arceus|Toxic|p1a: Arceus
|-status|p1a: Arceus|tox
|
|-damage|p1a: Arceus|94/100 tox|[from] psn
|upkeep
|turn|6
|inactive|moyv123 has 120 seconds left.
|
|t:|1665212835
|-start|p1a: Arceus|Dynamax|
|-heal|p1a: Arceus|94/100 tox|[silent]
|move|p2a: Arceus|Recover|p2a: Arceus
|-heal|p2a: Arceus|100/100
|move|p1a: Arceus|Max Strike|p2a: Arceus
|-damage|p2a: Arceus|32/100
|-unboost|p2a: Arceus|spe|1
|
|-damage|p1a: Arceus|88/100 tox|[from] psn
|upkeep
|turn|7
|inactive|moyv123 has 120 seconds left.
|
|t:|1665212851
|switch|p2a: Arceus|Arceus-Fairy|100/100
|move|p1a: Arceus|Max Phantasm|p2a: Arceus
|-damage|p2a: Arceus|40/100
|-unboost|p2a: Arceus|def|1
|
|-damage|p1a: Arceus|79/100 tox|[from] psn
|upkeep
|turn|8
|inactive|moyv123 has 120 seconds left.
|
|t:|1665212861
|switch|p2a: Calyrex|Calyrex-Shadow|100/100
|-ability|p2a: Calyrex|As One
|-ability|p2a: Calyrex|Unnerve
|move|p1a: Arceus|Max Strike|p2a: Calyrex
|-immune|p2a: Calyrex
|
|-damage|p1a: Arceus|67/100 tox|[from] psn
|upkeep
|-end|p1a: Arceus|Dynamax
|-heal|p1a: Arceus|67/100 tox|[silent]
|turn|9
|inactive|moyv123 has 120 seconds left.
|
|t:|1665212876
|switch|p2a: Ditto|Ditto, shiny|100/100
|-transform|p2a: Ditto|p1a: Arceus|[from] ability: Imposter
|move|p1a: Arceus|Shadow Claw|p2a: Ditto
|-immune|p2a: Ditto
|
|-damage|p1a: Arceus|37/100 tox|[from] psn
|upkeep
|turn|10
|inactive|moyv123 has 120 seconds left.
|
|t:|1665212886
|move|p2a: Ditto|Extreme Speed|p1a: Arceus
|-damage|p1a: Arceus|0 fnt
|faint|p1a: Arceus
|
|upkeep
|
|t:|1665212898
|switch|p1a: Necrozma|Necrozma-Dusk-Mane|100/100
|turn|11
|
|t:|1665212906
|switch|p2a: Arceus|Arceus-Electric|32/100
|move|p1a: Necrozma|Sunsteel Strike|p2a: Arceus
|-resisted|p2a: Arceus
|-damage|p2a: Arceus|16/100
|
|upkeep
|turn|12
|
|t:|1665212915
|move|p2a: Arceus|Recover|p2a: Arceus
|-heal|p2a: Arceus|66/100
|move|p1a: Necrozma|Earthquake|p2a: Arceus
|-supereffective|p2a: Arceus
|-damage|p2a: Arceus|25/100
|
|upkeep
|turn|13
|
|t:|1665212926
|detailschange|p1a: Necrozma|Necrozma-Ultra
|-burst|p1a: Necrozma|Necrozma|Ultranecrozium Z
|move|p1a: Necrozma|Dragon Dance|p1a: Necrozma
|-boost|p1a: Necrozma|atk|1
|-boost|p1a: Necrozma|spe|1
|move|p2a: Arceus|Recover|p2a: Arceus
|-heal|p2a: Arceus|75/100
|
|upkeep
|turn|14
|
|t:|1665212935
|switch|p2a: Arceus|Arceus-Fairy|40/100
|move|p1a: Necrozma|Earthquake|p2a: Arceus
|-damage|p2a: Arceus|1/100
|
|upkeep
|turn|15
|
|t:|1665212942
|move|p1a: Necrozma|Sunsteel Strike|p2a: Arceus
|-supereffective|p2a: Arceus
|-damage|p2a: Arceus|0 fnt
|faint|p2a: Arceus
|
|upkeep
|
|t:|1665212948
|switch|p2a: Arceus|Arceus-Dark|100/100
|turn|16
|
|t:|1665212957
|switch|p1a: Yveltal|Yveltal|100/100
|-ability|p1a: Yveltal|Dark Aura
|move|p2a: Arceus|Judgment|p1a: Yveltal
|-resisted|p1a: Yveltal
|-damage|p1a: Yveltal|72/100
|
|upkeep
|turn|17
|
|t:|1665212968
|move|p2a: Arceus|Calm Mind|p2a: Arceus
|-boost|p2a: Arceus|spa|1
|-boost|p2a: Arceus|spd|1
|move|p1a: Yveltal|Oblivion Wing|p2a: Arceus
|-damage|p2a: Arceus|73/100
|-heal|p1a: Yveltal|95/100|[from] drain|[of] p2a: Arceus
|-damage|p1a: Yveltal|85/100|[from] item: Life Orb
|
|upkeep
|turn|18
|
|t:|1665212978
|move|p2a: Arceus|Calm Mind|p2a: Arceus
|-boost|p2a: Arceus|spa|1
|-boost|p2a: Arceus|spd|1
|move|p1a: Yveltal|Taunt|p2a: Arceus
|-start|p2a: Arceus|move: Taunt
|
|upkeep
|turn|19
|-message|moyv123 forfeited.
|
|win|Blackstar152001
|raw|moyv123's rating: 1749 &rarr; <strong>1737</strong><br />(-12 for losing)
|raw|Blackstar152001's rating: 1890 &rarr; <strong>1902</strong><br />(+12 for winning)
|l|☆moyv123
