|j|☆Master kushagra
|j|☆Hyperoffensemagic
|inactive|Battle timer is ON: inactive players will automatically lose when time's up.
|t:|1652803194
|gametype|singles
|player|p1|Master kushagra|leon-tower|
|player|p2|Hyperoffensemagic|leaguestaff|
|teamsize|p1|6
|teamsize|p2|6
|gen|8
|tier|[Gen 8] National Dex AG
|rated|Tournament battle
|rule|HP Percentage Mod: HP is shown in percentages
|rule|Endless Battle Clause: Forcing endless battles is banned
|clearpoke
|poke|p1|Necrozma-Dusk-Mane|
|poke|p1|Arceus-*|
|poke|p1|Arceus-*|
|poke|p1|Arceus-*|
|poke|p1|Marshadow|
|poke|p1|Rayquaza|
|poke|p2|Arceus-*|
|poke|p2|Arceus-*|
|poke|p2|Yveltal|
|poke|p2|Eternatus|
|poke|p2|Necrozma-Dusk-Mane|
|poke|p2|Zacian-*|
|teampreview
|
|t:|1652803211
|start
|switch|p1a: Arceus|Arceus-Ground|100/100
|switch|p2a: Arceus|Arceus-Ground|100/100
|turn|1
|
|t:|1652803216
|move|p1a: Arceus|Magic Coat|p1a: Arceus
|-singleturn|p1a: Arceus|move: Magic Coat
|move|p2a: Arceus|Ice Beam|p1a: Arceus
|-supereffective|p1a: Arceus
|-damage|p1a: Arceus|68/100
|
|upkeep
|turn|2
|
|t:|1652803221
|-zpower|p1a: Arceus
|move|p1a: Arceus|Tectonic Rage|p2a: Arceus|[zeffect]
|-damage|p2a: Arceus|50/100
|move|p2a: Arceus|Ice Beam|p1a: Arceus
|-supereffective|p1a: Arceus
|-damage|p1a: Arceus|32/100
|
|upkeep
|turn|3
|
|t:|1652803228
|switch|p1a: zacian destroyer|Necrozma-Dusk-Mane|100/100
|move|p2a: Arceus|Recover|p2a: Arceus
|-heal|p2a: Arceus|99/100
|
|upkeep
|turn|4
|
|t:|1652803234
|switch|p1a: Rayquaza|Rayquaza|100/100
|-ability|p1a: Rayquaza|Air Lock
|move|p2a: Arceus|Recover|p2a: Arceus
|-heal|p2a: Arceus|100/100
|
|upkeep
|turn|5
|
|t:|1652803241
|detailschange|p1a: Rayquaza|Rayquaza-Mega
|-mega|p1a: Rayquaza|Rayquaza|
|-weather|DeltaStream|[from] ability: Delta Stream|[of] p1a: Rayquaza
|move|p1a: Rayquaza|Dragon Dance|p1a: Rayquaza
|-boost|p1a: Rayquaza|atk|1
|-boost|p1a: Rayquaza|spe|1
|move|p2a: Arceus|Ice Beam|p1a: Rayquaza
|-activate||deltastream
|-supereffective|p1a: Rayquaza
|-damage|p1a: Rayquaza|52/100
|
|-weather|DeltaStream|[upkeep]
|upkeep
|turn|6
|
|t:|1652803247
|move|p1a: Rayquaza|Dragon Dance|p1a: Rayquaza
|-boost|p1a: Rayquaza|atk|1
|-boost|p1a: Rayquaza|spe|1
|move|p2a: Arceus|Ice Beam|p1a: Rayquaza
|-activate||deltastream
|-supereffective|p1a: Rayquaza
|-damage|p1a: Rayquaza|1/100
|
|-weather|DeltaStream|[upkeep]
|upkeep
|turn|7
|
|t:|1652803254
|switch|p2a: Necrozma|Necrozma-Dusk-Mane|100/100
|move|p1a: Rayquaza|Dragon Ascent|p2a: Necrozma
|-resisted|p2a: Necrozma
|-damage|p2a: Necrozma|58/100
|-unboost|p1a: Rayquaza|def|1
|-unboost|p1a: Rayquaza|spd|1
|-damage|p1a: Rayquaza|0 fnt|[from] item: Rocky Helmet|[of] p2a: Necrozma
|faint|p1a: Rayquaza
|-weather|none
|
|upkeep
|
|t:|1652803265
|switch|p1a: Arceus|Arceus-Ground|32/100
|turn|8
|
|t:|1652803269
|move|p1a: Arceus|Earthquake|p2a: Necrozma
|-supereffective|p2a: Necrozma
|-damage|p2a: Necrozma|12/100
|move|p2a: Necrozma|Morning Sun|p2a: Necrozma
|-heal|p2a: Necrozma|62/100
|
|upkeep
|turn|9
|
|t:|1652803273
|move|p1a: Arceus|Stealth Rock|p2a: Necrozma
|-sidestart|p2: Hyperoffensemagic|move: Stealth Rock
|move|p2a: Necrozma|Morning Sun|p2a: Necrozma
|-heal|p2a: Necrozma|100/100
|
|upkeep
|turn|10
|
|t:|1652803278
|move|p1a: Arceus|Earthquake|p2a: Necrozma
|-supereffective|p2a: Necrozma
|-damage|p2a: Necrozma|62/100
|move|p2a: Necrozma|Sunsteel Strike|p1a: Arceus
|-damage|p1a: Arceus|0 fnt
|faint|p1a: Arceus
|
|upkeep
|
|t:|1652803282
|switch|p1a: Arceus|Arceus-Grass|100/100
|turn|11
|
|t:|1652803284
|move|p1a: Arceus|Will-O-Wisp|p2a: Necrozma
|-status|p2a: Necrozma|brn
|move|p2a: Necrozma|Thunder Wave|p1a: Arceus|[miss]
|-miss|p2a: Necrozma|p1a: Arceus
|
|-damage|p2a: Necrozma|56/100 brn|[from] brn
|upkeep
|turn|12
|
|t:|1652803294
|switch|p1a: zacian destroyer|Necrozma-Dusk-Mane|100/100
|move|p2a: Necrozma|Thunder Wave|p1a: zacian destroyer|[miss]
|-miss|p2a: Necrozma|p1a: zacian destroyer
|
|-damage|p2a: Necrozma|50/100 brn|[from] brn
|upkeep
|turn|13
|
|t:|1652803300
|move|p2a: Necrozma|Thunder Wave|p1a: zacian destroyer
|-status|p1a: zacian destroyer|par
|move|p1a: zacian destroyer|Earthquake|p2a: Necrozma
|-supereffective|p2a: Necrozma
|-damage|p2a: Necrozma|22/100 brn
|
|-damage|p2a: Necrozma|16/100 brn|[from] brn
|upkeep
|turn|14
|
|t:|1652803308
|move|p2a: Necrozma|Morning Sun|p2a: Necrozma
|-heal|p2a: Necrozma|66/100 brn
|move|p1a: zacian destroyer|Morning Sun|p1a: zacian destroyer
|-fail|p1a: zacian destroyer|heal
|
|-damage|p2a: Necrozma|60/100 brn|[from] brn
|upkeep
|turn|15
|
|t:|1652803311
|move|p2a: Necrozma|Stealth Rock|p1a: zacian destroyer
|-sidestart|p1: Master kushagra|move: Stealth Rock
|move|p1a: zacian destroyer|Earthquake|p2a: Necrozma
|-supereffective|p2a: Necrozma
|-damage|p2a: Necrozma|36/100 brn
|
|-damage|p2a: Necrozma|30/100 brn|[from] brn
|upkeep
|turn|16
|
|t:|1652803315
|move|p2a: Necrozma|Morning Sun|p2a: Necrozma
|-heal|p2a: Necrozma|80/100 brn
|move|p1a: zacian destroyer|Earthquake|p2a: Necrozma
|-supereffective|p2a: Necrozma
|-damage|p2a: Necrozma|53/100 brn
|
|-damage|p2a: Necrozma|47/100 brn|[from] brn
|upkeep
|turn|17
|
|t:|1652803320
|move|p2a: Necrozma|Morning Sun|p2a: Necrozma
|-heal|p2a: Necrozma|97/100 brn
|move|p1a: zacian destroyer|Earthquake|p2a: Necrozma
|-supereffective|p2a: Necrozma
|-damage|p2a: Necrozma|68/100 brn
|
|-damage|p2a: Necrozma|62/100 brn|[from] brn
|upkeep
|turn|18
|
|t:|1652803339
|switch|p2a: Yveltal|Yveltal|100/100
|-ability|p2a: Yveltal|Dark Aura
|cant|p1a: zacian destroyer|par
|
|upkeep
|turn|19
|
|t:|1652803347
|-start|p1a: zacian destroyer|Dynamax|
|-heal|p1a: zacian destroyer|100/100 par|[silent]
|move|p2a: Yveltal|U-turn|p1a: zacian destroyer
|-damage|p1a: zacian destroyer|95/100 par
|
|t:|1652803350
|switch|p2a: Necrozma|Necrozma-Dusk-Mane|62/100 brn|[from]move: U-turn
|-damage|p2a: Necrozma|56/100 brn|[from] Stealth Rock
|cant|p1a: zacian destroyer|par
|
|-damage|p2a: Necrozma|50/100 brn|[from] brn
|upkeep
|turn|20
|
|t:|1652803356
|switch|p2a: Yveltal|Yveltal|100/100
|-ability|p2a: Yveltal|Dark Aura
|move|p1a: zacian destroyer|Max Quake|p2a: Yveltal
|-immune|p2a: Yveltal
|
|upkeep
|turn|21
|
|t:|1652803359
|move|p2a: Yveltal|Foul Play|p1a: zacian destroyer
|-supereffective|p1a: zacian destroyer
|-damage|p1a: zacian destroyer|68/100 par
|-enditem|p1a: zacian destroyer|Weakness Policy
|-boost|p1a: zacian destroyer|atk|2|[from] item: Weakness Policy
|-boost|p1a: zacian destroyer|spa|2|[from] item: Weakness Policy
|move|p1a: zacian destroyer|Max Steelspike|p2a: Yveltal
|-damage|p2a: Yveltal|6/100
|-boost|p1a: zacian destroyer|def|1
|
|upkeep
|-end|p1a: zacian destroyer|Dynamax
|-heal|p1a: zacian destroyer|68/100 par|[silent]
|turn|22
|
|t:|1652803364
|move|p2a: Yveltal|Foul Play|p1a: zacian destroyer
|-supereffective|p1a: zacian destroyer
|-damage|p1a: zacian destroyer|0 fnt
|faint|p1a: zacian destroyer
|
|upkeep
|
|t:|1652803368
|switch|p1a: Marshadow|Marshadow|100/100
|-damage|p1a: Marshadow|94/100|[from] Stealth Rock
|turn|23
|
|t:|1652803372
|move|p1a: Marshadow|Shadow Sneak|p2a: Yveltal
|-resisted|p2a: Yveltal
|-damage|p2a: Yveltal|0 fnt
|faint|p2a: Yveltal
|
|upkeep
|j| GhostAS29
|
|t:|1652803374
|switch|p2a: Zacian|Zacian-Crowned|100/100
|-damage|p2a: Zacian|94/100|[from] Stealth Rock
|-ability|p2a: Zacian|Intrepid Sword|boost
|-boost|p2a: Zacian|atk|1
|turn|24
|
|t:|1652803382
|move|p2a: Zacian|Behemoth Blade|p1a: Marshadow
|-damage|p1a: Marshadow|0 fnt
|faint|p1a: Marshadow
|
|upkeep
|
|t:|1652803384
|switch|p1a: Arceus|Arceus-Grass|100/100
|-damage|p1a: Arceus|88/100|[from] Stealth Rock
|turn|25
|
|t:|1652803392
|switch|p2a: Eternatus|Eternatus|100/100
|-damage|p2a: Eternatus|88/100|[from] Stealth Rock
|-ability|p2a: Eternatus|Pressure
|move|p1a: Arceus|Will-O-Wisp|p2a: Eternatus|[miss]
|-miss|p1a: Arceus|p2a: Eternatus
|
|upkeep
|turn|26
|
|t:|1652803398
|move|p2a: Eternatus|Sludge Bomb|p1a: Arceus
|-supereffective|p1a: Arceus
|-damage|p1a: Arceus|21/100
|move|p1a: Arceus|Ice Beam|p2a: Eternatus
|-supereffective|p2a: Eternatus
|-damage|p2a: Eternatus|46/100
|
|upkeep
|turn|27
|
|t:|1652803405
|switch|p1a: Thor|Arceus-Electric|100/100
|-damage|p1a: Thor|88/100|[from] Stealth Rock
|move|p2a: Eternatus|Meteor Beam||[still]
|-prepare|p2a: Eternatus|Meteor Beam
|-boost|p2a: Eternatus|spa|1
|-enditem|p2a: Eternatus|Power Herb
|-anim|p2a: Eternatus|Meteor Beam|p1a: Thor
|-damage|p1a: Thor|38/100
|
|upkeep
|turn|28
|
|t:|1652803408
|move|p2a: Eternatus|Dynamax Cannon|p1a: Thor
|-damage|p1a: Thor|0 fnt
|faint|p1a: Thor
|
|upkeep
|-message|Master kushagra forfeited.
|
|win|Hyperoffensemagic
|n|☆Master kushagra|masterkushagra
|n|☆Hyperoffensemagic|hyperoffensemagic
|n| GhostAS29|ghostas29
|l|☆Master kushagra
|c|☆Hyperoffensemagic|gg
|l| GhostAS29
|l|☆Hyperoffensemagic
|j|☆Hyperoffensemagic
|player|p2|Hyperoffensemagic|leaguestaff
