|j|☆DarkboiJ
|j|☆Buckfromgothamcity
|t:|1667456498
|gametype|singles
|player|p1|DarkboiJ|blue-gen3two|2002
|player|p2|Buckfromgothamcity|2|2103
|teamsize|p1|6
|teamsize|p2|6
|gen|8
|tier|[Gen 8] National Dex AG
|rated|
|rule|HP Percentage Mod: HP is shown in percentages
|rule|Endless Battle Clause: Forcing endless battles is banned
|clearpoke
|poke|p1|Darkrai|
|poke|p1|Arceus-*|
|poke|p1|Kyogre|
|poke|p1|Ditto|
|poke|p1|Zapdos|
|poke|p1|Arceus-*|
|poke|p2|Ho-Oh|
|poke|p2|Zygarde|
|poke|p2|Necrozma-Dusk-Mane|
|poke|p2|Yveltal|
|poke|p2|Chansey, F|
|poke|p2|Arceus-*|
|teampreview
|inactive|Battle timer is ON: inactive players will automatically lose when time's up. (requested by DarkboiJ)
|
|t:|1667456509
|start
|switch|p1a: Kyogre|Kyogre|100/100
|switch|p2a: Necrozma|Necrozma-Dusk-Mane|100/100
|detailschange|p1a: Kyogre|Kyogre-Primal
|-primal|p1a: Kyogre
|-weather|PrimordialSea|[from] ability: Primordial Sea|[of] p1a: Kyogre
|turn|1
|
|t:|1667456513
|switch|p2a: Chansey|Chansey, F|100/100
|move|p1a: Kyogre|Water Spout|p2a: Chansey
|-damage|p2a: Chansey|61/100
|
|-weather|PrimordialSea|[upkeep]
|upkeep
|turn|2
|
|t:|1667456516
|move|p1a: Kyogre|Liquidation|p2a: Chansey
|-damage|p2a: Chansey|16/100
|move|p2a: Chansey|Soft-Boiled|p2a: Chansey
|-heal|p2a: Chansey|66/100
|
|-weather|PrimordialSea|[upkeep]
|upkeep
|turn|3
|
|t:|1667456522
|move|p1a: Kyogre|Liquidation|p2a: Chansey
|-damage|p2a: Chansey|14/100
|move|p2a: Chansey|Soft-Boiled|p2a: Chansey
|-heal|p2a: Chansey|64/100
|
|-weather|PrimordialSea|[upkeep]
|upkeep
|turn|4
|
|t:|1667456525
|move|p1a: Kyogre|Liquidation|p2a: Chansey
|-damage|p2a: Chansey|13/100
|move|p2a: Chansey|Soft-Boiled|p2a: Chansey
|-heal|p2a: Chansey|63/100
|
|-weather|PrimordialSea|[upkeep]
|upkeep
|turn|5
|
|t:|1667456547
|switch|p2a: Yveltal|Yveltal|100/100
|-ability|p2a: Yveltal|Dark Aura
|move|p1a: Kyogre|Liquidation|p2a: Yveltal
|-crit|p2a: Yveltal
|-damage|p2a: Yveltal|32/100
|
|-weather|PrimordialSea|[upkeep]
|upkeep
|turn|6
|
|t:|1667456560
|move|p2a: Yveltal|Sucker Punch|p1a: Kyogre
|-damage|p1a: Kyogre|49/100
|move|p1a: Kyogre|Ice Beam|p2a: Yveltal
|-supereffective|p2a: Yveltal
|-damage|p2a: Yveltal|0 fnt
|faint|p2a: Yveltal
|
|-weather|PrimordialSea|[upkeep]
|upkeep
|inactive|Buckfromgothamcity has 120 seconds left.
|
|t:|1667456594
|switch|p2a: Arceus|Arceus-Fairy|100/100
|turn|7
|
|t:|1667456603
|-weather|none
|switch|p1a: Arceus|Arceus-Fairy|100/100
|move|p2a: Arceus|Will-O-Wisp|p1a: Arceus
|-status|p1a: Arceus|brn
|
|-damage|p1a: Arceus|94/100 brn|[from] brn
|upkeep
|turn|8
|
|t:|1667456618
|switch|p2a: Chansey|Chansey, F|63/100
|move|p1a: Arceus|Stealth Rock|p2a: Chansey
|-sidestart|p2: Buckfromgothamcity|move: Stealth Rock
|
|-damage|p1a: Arceus|88/100 brn|[from] brn
|upkeep
|turn|9
|
|t:|1667456644
|switch|p1a: Zapdos|Zapdos|100/100
|move|p2a: Chansey|Soft-Boiled|p2a: Chansey
|-heal|p2a: Chansey|100/100
|
|upkeep
|turn|10
|
|t:|1667456650
|move|p1a: Zapdos|Toxic|p2a: Chansey
|-status|p2a: Chansey|tox
|move|p2a: Chansey|Seismic Toss|p1a: Zapdos
|-damage|p1a: Zapdos|74/100
|
|-damage|p2a: Chansey|94/100 tox|[from] psn
|upkeep
|turn|11
|
|t:|1667456657
|move|p1a: Zapdos|Volt Switch|p2a: Chansey
|-damage|p2a: Chansey|87/100 tox
|
|t:|1667456661
|switch|p1a: Arceus|Arceus|100/100|[from]move: Volt Switch
|move|p2a: Chansey|Heal Bell|p2a: Chansey
|-activate|p2a: Chansey|move: Heal Bell
|-curestatus|p2a: Chansey|tox|[msg]
|
|upkeep
|turn|12
|
|t:|1667456664
|switch|p2a: Zygarde|Zygarde|100/100
|-damage|p2a: Zygarde|94/100|[from] Stealth Rock
|move|p1a: Arceus|Swords Dance|p1a: Arceus
|-boost|p1a: Arceus|atk|2
|
|upkeep
|turn|13
|
|t:|1667456669
|move|p1a: Arceus|Swords Dance|p1a: Arceus
|-boost|p1a: Arceus|atk|2
|move|p2a: Zygarde|Glare|p1a: Arceus
|-status|p1a: Arceus|par
|-enditem|p1a: Arceus|Lum Berry|[eat]
|-curestatus|p1a: Arceus|par|[msg]
|
|upkeep
|turn|14
|
|t:|1667456675
|switch|p2a: Necrozma|Necrozma-Dusk-Mane|100/100
|-damage|p2a: Necrozma|94/100|[from] Stealth Rock
|-start|p1a: Arceus|Dynamax|
|-heal|p1a: Arceus|100/100|[silent]
|move|p1a: Arceus|Max Strike|p2a: Necrozma
|-resisted|p2a: Necrozma
|-damage|p2a: Necrozma|44/100
|-unboost|p2a: Necrozma|spe|1
|
|upkeep
|turn|15
|
|t:|1667456680
|-start|p2a: Necrozma|Dynamax|
|-heal|p2a: Necrozma|44/100|[silent]
|move|p1a: Arceus|Max Strike|p2a: Necrozma
|-resisted|p2a: Necrozma
|-damage|p2a: Necrozma|15/100
|-unboost|p2a: Necrozma|spe|1
|move|p2a: Necrozma|Max Steelspike|p1a: Arceus
|-crit|p1a: Arceus
|-damage|p1a: Arceus|65/100
|-boost|p2a: Necrozma|def|1
|
|upkeep
|turn|16
|
|t:|1667456684
|move|p1a: Arceus|Max Strike|p2a: Necrozma
|-resisted|p2a: Necrozma
|-damage|p2a: Necrozma|0 fnt
|faint|p2a: Necrozma
|
|upkeep
|
|t:|1667456693
|switch|p2a: Arceus|Arceus-Fairy|100/100
|-damage|p2a: Arceus|88/100|[from] Stealth Rock
|-end|p1a: Arceus|Dynamax
|-heal|p1a: Arceus|65/100|[silent]
|turn|17
|
|t:|1667456697
|move|p1a: Arceus|Extreme Speed|p2a: Arceus
|-damage|p2a: Arceus|24/100
|move|p2a: Arceus|Will-O-Wisp|p1a: Arceus
|-status|p1a: Arceus|brn
|
|-damage|p1a: Arceus|59/100 brn|[from] brn
|upkeep
|turn|18
|
|t:|1667456712
|move|p1a: Arceus|Extreme Speed|p2a: Arceus
|-damage|p2a: Arceus|0 fnt
|faint|p2a: Arceus
|
|-damage|p1a: Arceus|53/100 brn|[from] brn
|upkeep
|
|t:|1667456715
|switch|p2a: Ho-Oh|Ho-Oh|100/100
|turn|19
|
|t:|1667456718
|move|p1a: Arceus|Extreme Speed|p2a: Ho-Oh
|-damage|p2a: Ho-Oh|39/100
|move|p2a: Ho-Oh|Defog|p1a: Arceus
|-unboost|p1a: Arceus|evasion|1
|-sideend|p2: Buckfromgothamcity|Stealth Rock|[from] move: Defog|[of] p2a: Ho-Oh
|
|-damage|p1a: Arceus|47/100 brn|[from] brn
|upkeep
|turn|20
|
|t:|1667456721
|switch|p2a: Zygarde|Zygarde|94/100
|move|p1a: Arceus|Extreme Speed|p2a: Zygarde
|-damage|p2a: Zygarde|61/100
|
|-damage|p1a: Arceus|41/100 brn|[from] brn
|upkeep
|turn|21
|
|t:|1667456725
|move|p1a: Arceus|Recover|p1a: Arceus
|-heal|p1a: Arceus|91/100 brn
|move|p2a: Zygarde|Haze|p2a: Zygarde
|-clearallboost
|
|-damage|p1a: Arceus|85/100 brn|[from] brn
|upkeep
|turn|22
|
|t:|1667456729
|switch|p1a: Arceus|Arceus-Fairy|88/100 brn
|move|p2a: Zygarde|Haze|p2a: Zygarde
|-clearallboost
|
|-damage|p1a: Arceus|82/100 brn|[from] brn
|upkeep
|turn|23
|
|t:|1667456736
|switch|p2a: Ho-Oh|Ho-Oh|72/100
|move|p1a: Arceus|Stealth Rock|p2a: Ho-Oh
|-sidestart|p2: Buckfromgothamcity|move: Stealth Rock
|
|-damage|p1a: Arceus|76/100 brn|[from] brn
|upkeep
|turn|24
|
|t:|1667456747
|move|p1a: Arceus|Toxic|p2a: Ho-Oh
|-status|p2a: Ho-Oh|tox
|move|p2a: Ho-Oh|Brave Bird|p1a: Arceus
|-damage|p1a: Arceus|34/100 brn
|-damage|p2a: Ho-Oh|57/100 tox|[from] Recoil
|
|-damage|p2a: Ho-Oh|51/100 tox|[from] psn
|-damage|p1a: Arceus|28/100 brn|[from] brn
|upkeep
|turn|25
|
|t:|1667456757
|switch|p1a: Zapdos|Zapdos|74/100
|move|p2a: Ho-Oh|Defog|p1a: Zapdos
|-unboost|p1a: Zapdos|evasion|1
|-sideend|p2: Buckfromgothamcity|Stealth Rock|[from] move: Defog|[of] p2a: Ho-Oh
|
|-damage|p2a: Ho-Oh|39/100 tox|[from] psn
|upkeep
|turn|26
|
|t:|1667456761
|switch|p2a: Zygarde|Zygarde|61/100
|move|p1a: Zapdos|Toxic|p2a: Zygarde
|-status|p2a: Zygarde|tox
|
|-damage|p2a: Zygarde|55/100 tox|[from] psn
|upkeep
|turn|27
|
|t:|1667456777
|switch|p1a: Arceus|Arceus-Fairy|28/100 brn
|switch|p2a: Chansey|Chansey, F|87/100
|
|-damage|p1a: Arceus|22/100 brn|[from] brn
|upkeep
|turn|28
|
|t:|1667456794
|move|p1a: Arceus|Stealth Rock|p2a: Chansey
|-sidestart|p2: Buckfromgothamcity|move: Stealth Rock
|move|p2a: Chansey|Heal Bell|p2a: Chansey
|-activate|p2a: Chansey|move: Heal Bell
|-curestatus|p2: Zygarde|tox|[msg]
|-curestatus|p2: Ho-Oh|tox|[msg]
|
|-damage|p1a: Arceus|16/100 brn|[from] brn
|upkeep
|turn|29
|
|t:|1667456799
|switch|p2a: Ho-Oh|Ho-Oh|72/100
|move|p1a: Arceus|Recover|p1a: Arceus
|-heal|p1a: Arceus|66/100 brn
|
|-damage|p1a: Arceus|60/100 brn|[from] brn
|upkeep
|turn|30
|
|t:|1667456805
|switch|p1a: Kyogre|Kyogre-Primal|49/100
|-weather|PrimordialSea|[from] ability: Primordial Sea|[of] p1a: Kyogre
|move|p2a: Ho-Oh|Defog|p1a: Kyogre
|-unboost|p1a: Kyogre|evasion|1
|-sideend|p2: Buckfromgothamcity|Stealth Rock|[from] move: Defog|[of] p2a: Ho-Oh
|
|-weather|PrimordialSea|[upkeep]
|upkeep
|turn|31
|
|t:|1667456810
|move|p1a: Kyogre|Liquidation|p2a: Ho-Oh
|-supereffective|p2a: Ho-Oh
|-damage|p2a: Ho-Oh|0 fnt
|faint|p2a: Ho-Oh
|
|-weather|PrimordialSea|[upkeep]
|upkeep
|c|☆Buckfromgothamcity|Nice cteam
|c|☆Buckfromgothamcity|non sense
|
|t:|1667456833
|switch|p2a: Chansey|Chansey, F|87/100
|turn|32
|c|☆DarkboiJ|It's stall's daddy
|
|t:|1667456844
|move|p1a: Kyogre|Liquidation|p2a: Chansey
|-damage|p2a: Chansey|41/100
|move|p2a: Chansey|Soft-Boiled|p2a: Chansey
|-heal|p2a: Chansey|91/100
|
|-weather|PrimordialSea|[upkeep]
|upkeep
|turn|33
|c|☆Buckfromgothamcity|Ur so bad u can’t win without cteaming
|
|t:|1667456871
|move|p1a: Kyogre|Liquidation|p2a: Chansey
|-damage|p2a: Chansey|45/100
|move|p2a: Chansey|Soft-Boiled|p2a: Chansey
|-heal|p2a: Chansey|95/100
|
|-weather|PrimordialSea|[upkeep]
|upkeep
|turn|34
|
|t:|1667456878
|move|p1a: Kyogre|Liquidation|p2a: Chansey
|-damage|p2a: Chansey|50/100
|move|p2a: Chansey|Seismic Toss|p1a: Kyogre
|-damage|p1a: Kyogre|19/100
|
|-weather|PrimordialSea|[upkeep]
|upkeep
|turn|35
|
|t:|1667456887
|move|p1a: Kyogre|Liquidation|p2a: Chansey
|-damage|p2a: Chansey|4/100
|move|p2a: Chansey|Soft-Boiled|p2a: Chansey
|-heal|p2a: Chansey|54/100
|
|-weather|PrimordialSea|[upkeep]
|upkeep
|turn|36
|
|t:|1667456894
|move|p1a: Kyogre|Liquidation|p2a: Chansey
|-damage|p2a: Chansey|8/100
|move|p2a: Chansey|Soft-Boiled|p2a: Chansey
|-heal|p2a: Chansey|58/100
|
|-weather|PrimordialSea|[upkeep]
|upkeep
|turn|37
|c|☆DarkboiJ|Mixed attack is called strategy lol
|c|☆DarkboiJ|Ofcourse you won't know cuz u know n nothing except charging
|c|☆DarkboiJ|*stalling
|inactive|DarkboiJ has 120 seconds left.
|
|t:|1667456926
|move|p1a: Kyogre|Liquidation|p2a: Chansey
|-damage|p2a: Chansey|9/100
|move|p2a: Chansey|Soft-Boiled|p2a: Chansey
|-heal|p2a: Chansey|59/100
|
|-weather|PrimordialSea|[upkeep]
|upkeep
|turn|38
|c|☆Buckfromgothamcity|Bro ur whole team is garbage
|
|t:|1667456932
|move|p1a: Kyogre|Liquidation|p2a: Chansey
|-damage|p2a: Chansey|12/100
|move|p2a: Chansey|Soft-Boiled|p2a: Chansey
|-heal|p2a: Chansey|62/100
|
|-weather|PrimordialSea|[upkeep]
|upkeep
|turn|39
|
|t:|1667456937
|move|p1a: Kyogre|Liquidation|p2a: Chansey
|-damage|p2a: Chansey|17/100
|move|p2a: Chansey|Soft-Boiled|p2a: Chansey
|-heal|p2a: Chansey|67/100
|
|-weather|PrimordialSea|[upkeep]
|upkeep
|turn|40
|
|t:|1667456946
|move|p1a: Kyogre|Liquidation|p2a: Chansey
|-damage|p2a: Chansey|23/100
|move|p2a: Chansey|Soft-Boiled|p2a: Chansey
|-heal|p2a: Chansey|73/100
|
|-weather|PrimordialSea|[upkeep]
|upkeep
|turn|41
|
|t:|1667456954
|-weather|none
|switch|p1a: Darkrai|Darkrai|100/100
|move|p2a: Chansey|Soft-Boiled|p2a: Chansey
|-heal|p2a: Chansey|100/100
|
|upkeep
|turn|42
|
|t:|1667456956
|move|p1a: Darkrai|Hypnosis|p2a: Chansey
|-status|p2a: Chansey|slp|[from] move: Hypnosis
|cant|p2a: Chansey|slp
|
|-damage|p2a: Chansey|88/100 slp|[from] ability: Bad Dreams|[of] p1a: Darkrai
|upkeep
|turn|43
|
|t:|1667456962
|-curestatus|p2a: Chansey|slp|[from] ability: Natural Cure
|switch|p2a: Zygarde|Zygarde|55/100
|move|p1a: Darkrai|Nasty Plot|p1a: Darkrai
|-boost|p1a: Darkrai|spa|2
|
|upkeep
|turn|44
|
|t:|1667456967
|move|p1a: Darkrai|Dark Pulse|p2a: Zygarde
|-damage|p2a: Zygarde|0 fnt
|faint|p2a: Zygarde
|
|upkeep
|
|t:|1667456969
|switch|p2a: Chansey|Chansey, F|88/100
|turn|45
|
|t:|1667456972
|move|p1a: Darkrai|Hypnosis|p2a: Chansey
|-status|p2a: Chansey|slp|[from] move: Hypnosis
|cant|p2a: Chansey|slp
|
|-damage|p2a: Chansey|76/100 slp|[from] ability: Bad Dreams|[of] p1a: Darkrai
|upkeep
|turn|46
|
|t:|1667456976
|move|p1a: Darkrai|Nasty Plot|p1a: Darkrai
|-boost|p1a: Darkrai|spa|2
|cant|p2a: Chansey|slp
|
|-damage|p2a: Chansey|63/100 slp|[from] ability: Bad Dreams|[of] p1a: Darkrai
|upkeep
|turn|47
|
|t:|1667456981
|move|p1a: Darkrai|Dark Pulse|p2a: Chansey
|-damage|p2a: Chansey|33/100 slp
|cant|p2a: Chansey|slp
|
|-damage|p2a: Chansey|21/100 slp|[from] ability: Bad Dreams|[of] p1a: Darkrai
|upkeep
|turn|48
|
|t:|1667456986
|move|p1a: Darkrai|Dark Pulse|p2a: Chansey
|-damage|p2a: Chansey|0 fnt
|faint|p2a: Chansey
|
|win|DarkboiJ
|raw|DarkboiJ's rating: 2002 &rarr; <strong>2028</strong><br />(+26 for winning)
|raw|Buckfromgothamcity's rating: 2103 &rarr; <strong>2077</strong><br />(-26 for losing)
