|j|☆arhamaaa
|j|☆FenixFyre04
|t:|1649577469
|gametype|singles
|player|p1|arhamaaa|benga|1620
|player|p2|FenixFyre04|benga|1839
|teamsize|p1|6
|teamsize|p2|6
|gen|8
|tier|[Gen 8] National Dex AG
|rated|
|rule|HP Percentage Mod: HP is shown in percentages
|rule|Endless Battle Clause: Forcing endless battles is banned
|clearpoke
|poke|p1|Arceus-*|
|poke|p1|Arceus-*|
|poke|p1|Kyurem-Black|
|poke|p1|Calyrex-Shadow|
|poke|p1|Necrozma-Dusk-Mane|
|poke|p1|Rayquaza|
|poke|p2|Tyranitar, M|
|poke|p2|Zacian-*|
|poke|p2|Ho-Oh|
|poke|p2|Necrozma-Dusk-Mane|
|poke|p2|Rayquaza|
|poke|p2|Calyrex-Shadow|
|teampreview
|inactive|Battle timer is ON: inactive players will automatically lose when time's up. (requested by FenixFyre04)
|j| aesnop
|inactive|FenixFyre04 has 120 seconds left.
|inactive|FenixFyre04 has 90 seconds left.
|
|t:|1649577530
|start
|switch|p1a: Kyurem|Kyurem-Black|100/100
|switch|p2a: Rayquaza|Rayquaza|100/100
|-ability|p1a: Kyurem|Teravolt
|-ability|p2a: Rayquaza|Air Lock
|turn|1
|
|t:|1649577540
|switch|p1a: Necrozma|Necrozma-Dusk-Mane|100/100
|detailschange|p2a: Rayquaza|Rayquaza-Mega
|-mega|p2a: Rayquaza|Rayquaza|
|-weather|DeltaStream|[from] ability: Delta Stream|[of] p2a: Rayquaza
|move|p2a: Rayquaza|V-create|p1a: Necrozma|[miss]
|-miss|p2a: Rayquaza|p1a: Necrozma
|
|-weather|DeltaStream|[upkeep]
|upkeep
|turn|2
|inactive|FenixFyre04 has 120 seconds left.
|
|t:|1649577572
|move|p2a: Rayquaza|V-create|p1a: Necrozma
|-supereffective|p1a: Necrozma
|-damage|p1a: Necrozma|6/100
|-unboost|p2a: Rayquaza|spe|1
|-unboost|p2a: Rayquaza|def|1
|-unboost|p2a: Rayquaza|spd|1
|-damage|p2a: Rayquaza|84/100|[from] item: Rocky Helmet|[of] p1a: Necrozma
|move|p1a: Necrozma|Thunder Wave|p2a: Rayquaza
|-status|p2a: Rayquaza|par
|
|-weather|DeltaStream|[upkeep]
|upkeep
|turn|3
|
|t:|1649577579
|move|p1a: Necrozma|Morning Sun|p1a: Necrozma
|-heal|p1a: Necrozma|56/100
|move|p2a: Rayquaza|V-create|p1a: Necrozma
|-supereffective|p1a: Necrozma
|-damage|p1a: Necrozma|0 fnt
|-unboost|p2a: Rayquaza|spe|1
|-unboost|p2a: Rayquaza|def|1
|-unboost|p2a: Rayquaza|spd|1
|-damage|p2a: Rayquaza|67/100 par|[from] item: Rocky Helmet|[of] p1a: Necrozma
|faint|p1a: Necrozma
|
|-weather|DeltaStream|[upkeep]
|upkeep
|
|t:|1649577592
|switch|p1a: Kyurem|Kyurem-Black|100/100
|-ability|p1a: Kyurem|Teravolt
|turn|4
|
|t:|1649577604
|-weather|none
|switch|p2a: Necrozma|Necrozma-Dusk-Mane|100/100
|move|p1a: Kyurem|Dragon Dance|p1a: Kyurem
|-boost|p1a: Kyurem|atk|1
|-boost|p1a: Kyurem|spe|1
|
|upkeep
|turn|5
|
|t:|1649577610
|move|p1a: Kyurem|Fling|p2a: Necrozma
|-supereffective|p2a: Necrozma
|-damage|p2a: Necrozma|33/100
|-enditem|p1a: Kyurem|TR43|[from] move: Fling
|move|p2a: Necrozma|Stealth Rock|p1a: Kyurem
|-sidestart|p1: arhamaaa|move: Stealth Rock
|
|upkeep
|turn|6
|
|t:|1649577628
|move|p1a: Kyurem|Fusion Bolt|p2a: Necrozma
|-crit|p2a: Necrozma
|-damage|p2a: Necrozma|0 fnt
|faint|p2a: Necrozma
|
|upkeep
|
|t:|1649577636
|switch|p2a: Zacian|Zacian-Crowned|100/100
|-ability|p2a: Zacian|Intrepid Sword|boost
|-boost|p2a: Zacian|atk|1
|turn|7
|
|t:|1649577641
|move|p1a: Kyurem|Fusion Bolt|p2a: Zacian
|-damage|p2a: Zacian|45/100
|move|p2a: Zacian|Behemoth Blade|p1a: Kyurem
|-supereffective|p1a: Kyurem
|-damage|p1a: Kyurem|0 fnt
|faint|p1a: Kyurem
|
|upkeep
|
|t:|1649577646
|switch|p1a: Calyrex|Calyrex-Shadow|100/100
|-ability|p1a: Calyrex|As One
|-ability|p1a: Calyrex|Unnerve
|-damage|p1a: Calyrex|88/100|[from] Stealth Rock
|turn|8
|
|t:|1649577659
|switch|p1a: Arceus|Arceus-Ground|100/100
|-damage|p1a: Arceus|94/100|[from] Stealth Rock
|switch|p2a: Tyranitar|Tyranitar, M, shiny|100/100
|-weather|Sandstorm|[from] ability: Sand Stream|[of] p2a: Tyranitar
|
|-weather|Sandstorm|[upkeep]
|upkeep
|turn|9
|
|t:|1649577664
|switch|p2a: Calyrex|Calyrex-Shadow|100/100
|-ability|p2a: Calyrex|As One
|-ability|p2a: Calyrex|Unnerve
|move|p1a: Arceus|Calm Mind|p1a: Arceus
|-boost|p1a: Arceus|spa|1
|-boost|p1a: Arceus|spd|1
|
|-weather|Sandstorm|[upkeep]
|-damage|p2a: Calyrex|94/100|[from] Sandstorm
|upkeep
|turn|10
|
|t:|1649577670
|move|p2a: Calyrex|Aromatherapy|p2a: Calyrex
|-activate|p2a: Calyrex|move: Aromatherapy
|-curestatus|p2: Rayquaza|par|[msg]
|move|p1a: Arceus|Judgment|p2a: Calyrex
|-damage|p2a: Calyrex|10/100
|
|-weather|Sandstorm|[upkeep]
|-damage|p2a: Calyrex|3/100|[from] Sandstorm
|upkeep
|turn|11
|
|t:|1649577678
|switch|p2a: Ho-Oh|Ho-Oh, shiny|100/100
|move|p1a: Arceus|Ice Beam|p2a: Ho-Oh
|-damage|p2a: Ho-Oh|75/100
|
|-weather|Sandstorm|[upkeep]
|-damage|p2a: Ho-Oh|69/100|[from] Sandstorm
|upkeep
|turn|12
|
|t:|1649577684
|-start|p1a: Arceus|Dynamax|
|-heal|p1a: Arceus|94/100|[silent]
|move|p1a: Arceus|Max Hailstorm|p2a: Ho-Oh
|-damage|p2a: Ho-Oh|37/100
|-weather|Hail
|move|p2a: Ho-Oh|Toxic|p1a: Arceus
|-status|p1a: Arceus|tox
|
|-weather|Hail|[upkeep]
|-damage|p1a: Arceus|91/100 tox|[from] Hail
|-damage|p2a: Ho-Oh|31/100|[from] Hail
|-damage|p1a: Arceus|88/100 tox|[from] psn
|upkeep
|turn|13
|
|t:|1649577690
|move|p1a: Arceus|Max Hailstorm|p2a: Ho-Oh
|-damage|p2a: Ho-Oh|0 fnt
|faint|p2a: Ho-Oh
|
|-weather|Hail|[upkeep]
|-damage|p1a: Arceus|85/100 tox|[from] Hail
|-damage|p1a: Arceus|79/100 tox|[from] psn
|upkeep
|
|t:|1649577702
|switch|p2a: Tyranitar|Tyranitar, M, shiny|100/100
|-weather|Sandstorm|[from] ability: Sand Stream|[of] p2a: Tyranitar
|turn|14
|
|t:|1649577726
|move|p1a: Arceus|Max Hailstorm|p2a: Tyranitar
|-damage|p2a: Tyranitar|76/100
|-weather|Hail
|move|p2a: Tyranitar|Rock Tomb|p1a: Arceus
|-resisted|p1a: Arceus
|-damage|p1a: Arceus|75/100 tox
|-unboost|p1a: Arceus|spe|1
|
|-weather|Hail|[upkeep]
|-damage|p1a: Arceus|72/100 tox|[from] Hail
|-damage|p2a: Tyranitar|70/100|[from] Hail
|-heal|p2a: Tyranitar|76/100|[from] item: Leftovers
|-damage|p1a: Arceus|63/100 tox|[from] psn
|-end|p1a: Arceus|Dynamax
|-heal|p1a: Arceus|63/100 tox|[silent]
|upkeep
|turn|15
|
|t:|1649577734
|switch|p2a: Rayquaza|Rayquaza-Mega|67/100
|-weather|DeltaStream|[from] ability: Delta Stream|[of] p2a: Rayquaza
|move|p1a: Arceus|Judgment|p2a: Rayquaza
|-immune|p2a: Rayquaza
|
|-weather|DeltaStream|[upkeep]
|-damage|p1a: Arceus|39/100 tox|[from] psn
|upkeep
|turn|16
|c|☆arhamaaa|damn
|
|t:|1649577738
|move|p2a: Rayquaza|Dragon Ascent|p1a: Arceus
|-crit|p1a: Arceus
|-damage|p1a: Arceus|0 fnt
|-unboost|p2a: Rayquaza|def|1
|-unboost|p2a: Rayquaza|spd|1
|faint|p1a: Arceus
|
|-weather|DeltaStream|[upkeep]
|upkeep
|c|☆arhamaaa|i thought you'd switch into mray
|
|t:|1649577752
|switch|p1a: Arceus|Arceus|100/100
|-damage|p1a: Arceus|88/100|[from] Stealth Rock
|turn|17
|
|t:|1649577759
|-weather|none
|switch|p2a: Tyranitar|Tyranitar, M, shiny|76/100
|-weather|Sandstorm|[from] ability: Sand Stream|[of] p2a: Tyranitar
|move|p1a: Arceus|Swords Dance|p1a: Arceus
|-boost|p1a: Arceus|atk|2
|
|-weather|Sandstorm|[upkeep]
|-damage|p1a: Arceus|82/100|[from] Sandstorm
|-heal|p2a: Tyranitar|82/100|[from] item: Leftovers
|upkeep
|turn|18
|
|t:|1649577765
|move|p1a: Arceus|Earthquake|p2a: Tyranitar
|-supereffective|p2a: Tyranitar
|-damage|p2a: Tyranitar|0 fnt
|faint|p2a: Tyranitar
|-damage|p1a: Arceus|72/100|[from] item: Life Orb
|
|-weather|Sandstorm|[upkeep]
|-damage|p1a: Arceus|66/100|[from] Sandstorm
|upkeep
|
|t:|1649577778
|switch|p2a: Calyrex|Calyrex-Shadow|3/100
|-ability|p2a: Calyrex|As One
|-ability|p2a: Calyrex|Unnerve
|turn|19
|
|t:|1649577790
|switch|p2a: Rayquaza|Rayquaza-Mega|67/100
|-weather|DeltaStream|[from] ability: Delta Stream|[of] p2a: Rayquaza
|move|p1a: Arceus|Recover|p1a: Arceus
|-heal|p1a: Arceus|100/100
|
|-weather|DeltaStream|[upkeep]
|upkeep
|turn|20
|
|t:|1649577800
|move|p2a: Rayquaza|Extreme Speed|p1a: Arceus
|-damage|p1a: Arceus|64/100
|move|p1a: Arceus|Extreme Speed|p2a: Rayquaza
|-damage|p2a: Rayquaza|0 fnt
|faint|p2a: Rayquaza
|-weather|none
|-damage|p1a: Arceus|54/100|[from] item: Life Orb
|
|upkeep
|
|t:|1649577805
|switch|p2a: Zacian|Zacian-Crowned|45/100
|-ability|p2a: Zacian|Intrepid Sword|boost
|-boost|p2a: Zacian|atk|1
|turn|21
|
|t:|1649577813
|move|p1a: Arceus|Extreme Speed|p2a: Zacian
|-resisted|p2a: Zacian
|-damage|p2a: Zacian|0 fnt
|faint|p2a: Zacian
|-damage|p1a: Arceus|44/100|[from] item: Life Orb
|
|upkeep
|
|t:|1649577819
|switch|p2a: Calyrex|Calyrex-Shadow|3/100
|-ability|p2a: Calyrex|As One
|-ability|p2a: Calyrex|Unnerve
|turn|22
|c|☆arhamaaa|gg
|
|t:|1649577832
|-start|p2a: Calyrex|Dynamax|
|-heal|p2a: Calyrex|3/100|[silent]
|move|p2a: Calyrex|Max Mindstorm|p1a: Arceus
|-damage|p1a: Arceus|0 fnt
|-fieldstart|move: Psychic Terrain
|faint|p1a: Arceus
|-ability|p2a: Calyrex|Grim Neigh|boost
|-boost|p2a: Calyrex|spa|1
|
|upkeep
|
|t:|1649577835
|switch|p1a: Calyrex|Calyrex-Shadow|88/100
|-ability|p1a: Calyrex|As One
|-ability|p1a: Calyrex|Unnerve
|-damage|p1a: Calyrex|76/100|[from] Stealth Rock
|turn|23
|
|t:|1649577839
|move|p2a: Calyrex|Max Guard|p2a: Calyrex
|-singleturn|p2a: Calyrex|Max Guard
|move|p1a: Calyrex|Astral Barrage|p2a: Calyrex
|-activate|p2a: Calyrex|move: Max Guard
|
|upkeep
|turn|24
|
|t:|1649577844
|move|p1a: Calyrex|Astral Barrage|p2a: Calyrex
|-supereffective|p2a: Calyrex
|-damage|p2a: Calyrex|0 fnt
|faint|p2a: Calyrex
|
|win|arhamaaa
|raw|arhamaaa's rating: 1620 &rarr; <strong>1649</strong><br />(+29 for winning)
|raw|FenixFyre04's rating: 1796 &rarr; <strong>1767</strong><br />(-29 for losing)
|l|☆arhamaaa
|l|☆FenixFyre04
|j|☆arhamaaa
|player|p1|arhamaaa|benga
