|j|☆lemoncell0
|j|☆CLEAR GEM清瑜
|t:|1662777953
|gametype|singles
|player|p1|lemoncell0|allister|1895
|player|p2|CLEAR GEM清瑜|skierf|1898
|teamsize|p1|6
|teamsize|p2|6
|gen|8
|tier|[Gen 8] National Dex AG
|rated|
|rule|HP Percentage Mod: HP is shown in percentages
|rule|Endless Battle Clause: Forcing endless battles is banned
|clearpoke
|poke|p1|Ferrothorn, F|
|poke|p1|Quagsire, M|
|poke|p1|Zacian-*|
|poke|p1|Diancie|
|poke|p1|Tyranitar, M|
|poke|p1|Gothitelle, M|
|poke|p2|Rayquaza|
|poke|p2|Groudon|
|poke|p2|Necrozma-Dusk-Mane|
|poke|p2|Arceus-*|
|poke|p2|Zacian-*|
|poke|p2|Yveltal|
|teampreview
|inactive|Battle timer is ON: inactive players will automatically lose when time's up. (requested by CLEAR GEM清瑜)
|
|t:|1662777969
|start
|switch|p1a: Diancie|Diancie|100/100
|switch|p2a: 钢铁之躯|Necrozma-Dusk-Mane|100/100
|turn|1
|
|t:|1662777979
|switch|p1a: Gothitelle|Gothitelle, M|100/100
|move|p2a: 钢铁之躯|Dragon Dance|p2a: 钢铁之躯
|-boost|p2a: 钢铁之躯|atk|1
|-boost|p2a: 钢铁之躯|spe|1
|
|upkeep
|turn|2
|
|t:|1662777985
|detailschange|p2a: 钢铁之躯|Necrozma-Ultra
|-burst|p2a: 钢铁之躯|Necrozma|Ultranecrozium Z
|move|p2a: 钢铁之躯|Earthquake|p1a: Gothitelle
|-damage|p1a: Gothitelle|48/100
|move|p1a: Gothitelle|Charm|p2a: 钢铁之躯
|-unboost|p2a: 钢铁之躯|atk|2
|
|-heal|p1a: Gothitelle|54/100|[from] item: Leftovers
|upkeep
|turn|3
|
|t:|1662777995
|move|p2a: 钢铁之躯|Photon Geyser|p1a: Gothitelle
|-resisted|p1a: Gothitelle
|-damage|p1a: Gothitelle|33/100
|move|p1a: Gothitelle|Charm|p2a: 钢铁之躯
|-unboost|p2a: 钢铁之躯|atk|2
|
|-heal|p1a: Gothitelle|39/100|[from] item: Leftovers
|upkeep
|turn|4
|
|t:|1662777999
|-zpower|p2a: 钢铁之躯
|move|p2a: 钢铁之躯|Light That Burns the Sky|p1a: Gothitelle|[zeffect]
|-resisted|p1a: Gothitelle
|-damage|p1a: Gothitelle|0 fnt
|faint|p1a: Gothitelle
|
|upkeep
|
|t:|1662778001
|switch|p1a: Zacian|Zacian-Crowned|100/100
|-ability|p1a: Zacian|Intrepid Sword|boost
|-boost|p1a: Zacian|atk|1
|turn|5
|
|t:|1662778004
|switch|p2a: 不会(?)|Groudon|100/100
|detailschange|p2a: 不会(?)|Groudon-Primal
|-primal|p2a: 不会(?)
|-weather|DesolateLand|[from] ability: Desolate Land|[of] p2a: 不会(?)
|switch|p1a: Diancie|Diancie|100/100
|
|-weather|DesolateLand|[upkeep]
|upkeep
|turn|6
|
|t:|1662778011
|detailschange|p1a: Diancie|Diancie-Mega
|-mega|p1a: Diancie|Diancie|Diancite
|move|p1a: Diancie|Magnet Rise|p1a: Diancie
|-start|p1a: Diancie|Magnet Rise
|move|p2a: 不会(?)|Precipice Blades|p1a: Diancie
|-immune|p1a: Diancie
|
|-weather|DesolateLand|[upkeep]
|upkeep
|turn|7
|
|t:|1662778019
|move|p1a: Diancie|Sand Tomb|p2a: 不会(?)
|-supereffective|p2a: 不会(?)
|-damage|p2a: 不会(?)|88/100
|-activate|p2a: 不会(?)|move: Sand Tomb|[of] p1a: Diancie
|move|p2a: 不会(?)|Roar|p1a: Diancie
|move|p1a: Diancie|Roar|p2a: 不会(?)|[from]ability: Magic Bounce
|-weather|none
|drag|p2a: 钢铁之躯|Necrozma-Ultra|100/100
|
|upkeep
|turn|8
|
|t:|1662778028
|switch|p2a: 老烈|Rayquaza|100/100
|-ability|p2a: 老烈|Air Lock
|move|p1a: Diancie|Moonblast|p2a: 老烈
|-supereffective|p2a: 老烈
|-enditem|p2a: 老烈|Focus Sash
|-damage|p2a: 老烈|1/100
|
|upkeep
|turn|9
|
|t:|1662778031
|detailschange|p2a: 老烈|Rayquaza-Mega
|-mega|p2a: 老烈|Rayquaza|
|-weather|DeltaStream|[from] ability: Delta Stream|[of] p2a: 老烈
|move|p1a: Diancie|Moonblast|p2a: 老烈
|-supereffective|p2a: 老烈
|-damage|p2a: 老烈|0 fnt
|faint|p2a: 老烈
|-weather|none
|
|upkeep
|
|t:|1662778035
|switch|p2a: 悬空羊驼|Arceus-Flying|100/100
|turn|10
|
|t:|1662778041
|switch|p1a: Ferrothorn|Ferrothorn, F|100/100
|move|p2a: 悬空羊驼|Calm Mind|p2a: 悬空羊驼
|-boost|p2a: 悬空羊驼|spa|1
|-boost|p2a: 悬空羊驼|spd|1
|
|upkeep
|turn|11
|
|t:|1662778046
|move|p2a: 悬空羊驼|Judgment|p1a: Ferrothorn
|-damage|p1a: Ferrothorn|40/100
|move|p1a: Ferrothorn|Leech Seed|p2a: 悬空羊驼
|-start|p2a: 悬空羊驼|move: Leech Seed
|
|-heal|p1a: Ferrothorn|46/100|[from] item: Leftovers
|-damage|p2a: 悬空羊驼|88/100|[from] Leech Seed|[of] p1a: Ferrothorn
|-heal|p1a: Ferrothorn|60/100|[silent]
|upkeep
|turn|12
|
|t:|1662778050
|move|p1a: Ferrothorn|Protect|p1a: Ferrothorn
|-singleturn|p1a: Ferrothorn|Protect
|move|p2a: 悬空羊驼|Calm Mind|p2a: 悬空羊驼
|-boost|p2a: 悬空羊驼|spa|1
|-boost|p2a: 悬空羊驼|spd|1
|
|-heal|p1a: Ferrothorn|67/100|[from] item: Leftovers
|-damage|p2a: 悬空羊驼|76/100|[from] Leech Seed|[of] p1a: Ferrothorn
|-heal|p1a: Ferrothorn|81/100|[silent]
|upkeep
|turn|13
|
|t:|1662778059
|switch|p1a: Tyranitar|Tyranitar, M|100/100
|-weather|Sandstorm|[from] ability: Sand Stream|[of] p1a: Tyranitar
|-start|p2a: 悬空羊驼|Dynamax|
|-heal|p2a: 悬空羊驼|76/100|[silent]
|move|p2a: 悬空羊驼|Max Airstream|p1a: Tyranitar
|-resisted|p1a: Tyranitar
|-damage|p1a: Tyranitar|65/100
|-boost|p2a: 悬空羊驼|spe|1
|
|-weather|Sandstorm|[upkeep]
|-damage|p2a: 悬空羊驼|73/100|[from] Sandstorm
|-heal|p1a: Tyranitar|71/100|[from] item: Leftovers
|-damage|p2a: 悬空羊驼|67/100|[from] Leech Seed|[of] p1a: Tyranitar
|-heal|p1a: Tyranitar|84/100|[silent]
|upkeep
|turn|14
|
|t:|1662778062
|-start|p1a: Tyranitar|Dynamax|
|-heal|p1a: Tyranitar|84/100|[silent]
|move|p1a: Tyranitar|Max Guard|p1a: Tyranitar
|-singleturn|p1a: Tyranitar|Max Guard
|move|p2a: 悬空羊驼|Max Quake|p1a: Tyranitar
|-activate|p1a: Tyranitar|move: Max Guard
|
|-weather|Sandstorm|[upkeep]
|-damage|p2a: 悬空羊驼|64/100|[from] Sandstorm
|-heal|p1a: Tyranitar|87/100|[from] item: Leftovers
|-damage|p2a: 悬空羊驼|58/100|[from] Leech Seed|[of] p1a: Tyranitar
|-heal|p1a: Tyranitar|93/100|[silent]
|upkeep
|turn|15
|
|t:|1662778065
|move|p2a: 悬空羊驼|Max Quake|p1a: Tyranitar
|-supereffective|p1a: Tyranitar
|-damage|p1a: Tyranitar|56/100
|-boost|p2a: 悬空羊驼|spd|1
|move|p1a: Tyranitar|Max Rockfall|p2a: 悬空羊驼
|-supereffective|p2a: 悬空羊驼
|-damage|p2a: 悬空羊驼|16/100
|
|-weather|Sandstorm|[upkeep]
|-damage|p2a: 悬空羊驼|13/100|[from] Sandstorm
|-heal|p1a: Tyranitar|59/100|[from] item: Leftovers
|-damage|p2a: 悬空羊驼|7/100|[from] Leech Seed|[of] p1a: Tyranitar
|-heal|p1a: Tyranitar|65/100|[silent]
|upkeep
|-end|p2a: 悬空羊驼|Dynamax
|-heal|p2a: 悬空羊驼|7/100|[silent]
|turn|16
|
|t:|1662778068
|move|p2a: 悬空羊驼|Earth Power|p1a: Tyranitar
|-supereffective|p1a: Tyranitar
|-damage|p1a: Tyranitar|39/100
|move|p1a: Tyranitar|Max Rockfall|p2a: 悬空羊驼
|-supereffective|p2a: 悬空羊驼
|-damage|p2a: 悬空羊驼|0 fnt
|faint|p2a: 悬空羊驼
|
|-weather|Sandstorm|[upkeep]
|-heal|p1a: Tyranitar|42/100|[from] item: Leftovers
|upkeep
|
|t:|1662778074
|switch|p2a: 不会(?)|Groudon-Primal|88/100
|-weather|DesolateLand|[from] ability: Desolate Land|[of] p2a: 不会(?)
|-end|p1a: Tyranitar|Dynamax
|-heal|p1a: Tyranitar|42/100|[silent]
|turn|17
|
|t:|1662778082
|switch|p1a: Ferrothorn|Ferrothorn, F|81/100
|move|p2a: 不会(?)|Precipice Blades|p1a: Ferrothorn
|-damage|p1a: Ferrothorn|18/100
|
|-weather|DesolateLand|[upkeep]
|-heal|p1a: Ferrothorn|24/100|[from] item: Leftovers
|upkeep
|turn|18
|
|t:|1662778086
|move|p2a: 不会(?)|Heat Crash|p1a: Ferrothorn
|-supereffective|p1a: Ferrothorn
|-damage|p1a: Ferrothorn|0 fnt
|-damage|p2a: 不会(?)|76/100|[from] ability: Iron Barbs|[of] p1a: Ferrothorn
|faint|p1a: Ferrothorn
|
|-weather|DesolateLand|[upkeep]
|upkeep
|
|t:|1662778090
|switch|p1a: Diancie|Diancie-Mega|100/100
|turn|19
|
|t:|1662778097
|-weather|none
|switch|p2a: 嘉然小姐的狗|Zacian-Crowned|100/100
|-ability|p2a: 嘉然小姐的狗|Intrepid Sword|boost
|-boost|p2a: 嘉然小姐的狗|atk|1
|move|p1a: Diancie|Earth Power|p2a: 嘉然小姐的狗
|-supereffective|p2a: 嘉然小姐的狗
|-damage|p2a: 嘉然小姐的狗|54/100
|-unboost|p2a: 嘉然小姐的狗|spd|1
|
|upkeep
|turn|20
|
|t:|1662778101
|switch|p1a: Quagsire|Quagsire, M|100/100
|switch|p2a: Y鸟|Yveltal|100/100
|-ability|p2a: Y鸟|Dark Aura
|
|upkeep
|turn|21
|
|t:|1662778114
|switch|p1a: Tyranitar|Tyranitar, M|42/100
|-weather|Sandstorm|[from] ability: Sand Stream|[of] p1a: Tyranitar
|move|p2a: Y鸟|Taunt|p1a: Tyranitar
|-start|p1a: Tyranitar|move: Taunt
|
|-weather|Sandstorm|[upkeep]
|-damage|p2a: Y鸟|94/100|[from] Sandstorm
|-heal|p1a: Tyranitar|49/100|[from] item: Leftovers
|upkeep
|turn|22
|
|t:|1662778117
|switch|p2a: 不会(?)|Groudon-Primal|76/100
|-weather|DesolateLand|[from] ability: Desolate Land|[of] p2a: 不会(?)
|move|p1a: Tyranitar|Rock Blast|p2a: 不会(?)|[miss]
|-miss|p1a: Tyranitar|p2a: 不会(?)
|
|-weather|DesolateLand|[upkeep]
|-heal|p1a: Tyranitar|55/100|[from] item: Leftovers
|upkeep
|turn|23
|
|t:|1662778122
|-weather|none
|switch|p2a: 嘉然小姐的狗|Zacian-Crowned|54/100
|-ability|p2a: 嘉然小姐的狗|Intrepid Sword|boost
|-boost|p2a: 嘉然小姐的狗|atk|1
|switch|p1a: Quagsire|Quagsire, M|100/100
|
|upkeep
|turn|24
|
|t:|1662778126
|switch|p2a: 钢铁之躯|Necrozma-Ultra|100/100
|switch|p1a: Tyranitar|Tyranitar, M|55/100
|-weather|Sandstorm|[from] ability: Sand Stream|[of] p1a: Tyranitar
|
|-weather|Sandstorm|[upkeep]
|-damage|p2a: 钢铁之躯|94/100|[from] Sandstorm
|-heal|p1a: Tyranitar|61/100|[from] item: Leftovers
|upkeep
|turn|25
|
|t:|1662778131
|-activate|p2a: 钢铁之躯|move: Pursuit
|move|p1a: Tyranitar|Pursuit|p2a: 钢铁之躯|[from]Pursuit
|-supereffective|p2a: 钢铁之躯
|-damage|p2a: 钢铁之躯|25/100
|switch|p2a: 不会(?)|Groudon-Primal|76/100
|-weather|DesolateLand|[from] ability: Desolate Land|[of] p2a: 不会(?)
|
|-weather|DesolateLand|[upkeep]
|-heal|p1a: Tyranitar|67/100|[from] item: Leftovers
|upkeep
|turn|26
|
|t:|1662778141
|switch|p1a: Quagsire|Quagsire, M|100/100
|move|p2a: 不会(?)|Heat Crash|p1a: Quagsire
|-resisted|p1a: Quagsire
|-damage|p1a: Quagsire|55/100
|-damage|p2a: 不会(?)|59/100|[from] item: Rocky Helmet|[of] p1a: Quagsire
|
|-weather|DesolateLand|[upkeep]
|upkeep
|turn|27
|
|t:|1662778144
|move|p2a: 不会(?)|Precipice Blades|p1a: Quagsire|[miss]
|-miss|p2a: 不会(?)|p1a: Quagsire
|move|p1a: Quagsire|Recover|p1a: Quagsire
|-heal|p1a: Quagsire|100/100
|
|-weather|DesolateLand|[upkeep]
|upkeep
|turn|28
|
|t:|1662778147
|move|p2a: 不会(?)|Precipice Blades|p1a: Quagsire
|-damage|p1a: Quagsire|39/100
|move|p1a: Quagsire|Counter|p2a: 不会(?)
|-damage|p2a: 不会(?)|0 fnt
|faint|p2a: 不会(?)
|-weather|none
|
|upkeep
|
|t:|1662778153
|switch|p2a: 钢铁之躯|Necrozma-Ultra|25/100
|turn|29
|
|t:|1662778157
|switch|p1a: Tyranitar|Tyranitar, M|67/100
|-weather|Sandstorm|[from] ability: Sand Stream|[of] p1a: Tyranitar
|move|p2a: 钢铁之躯|Dragon Dance|p2a: 钢铁之躯
|-boost|p2a: 钢铁之躯|atk|1
|-boost|p2a: 钢铁之躯|spe|1
|
|-weather|Sandstorm|[upkeep]
|-damage|p2a: 钢铁之躯|19/100|[from] Sandstorm
|-heal|p1a: Tyranitar|73/100|[from] item: Leftovers
|upkeep
|turn|30
|
|t:|1662778161
|move|p2a: 钢铁之躯|Earthquake|p1a: Tyranitar
|-supereffective|p1a: Tyranitar
|-damage|p1a: Tyranitar|0 fnt
|faint|p1a: Tyranitar
|
|-weather|Sandstorm|[upkeep]
|-damage|p2a: 钢铁之躯|13/100|[from] Sandstorm
|upkeep
|
|t:|1662778167
|switch|p1a: Quagsire|Quagsire, M|39/100
|turn|31
|
|t:|1662778169
|move|p2a: 钢铁之躯|Photon Geyser|p1a: Quagsire
|-damage|p1a: Quagsire|0 fnt
|faint|p1a: Quagsire
|
|-weather|Sandstorm|[upkeep]
|-damage|p2a: 钢铁之躯|7/100|[from] Sandstorm
|upkeep
|
|t:|1662778174
|switch|p1a: Zacian|Zacian-Crowned|100/100
|-ability|p1a: Zacian|Intrepid Sword|boost
|-boost|p1a: Zacian|atk|1
|turn|32
|
|t:|1662778176
|move|p2a: 钢铁之躯|Earthquake|p1a: Zacian
|-supereffective|p1a: Zacian
|-damage|p1a: Zacian|0 fnt
|faint|p1a: Zacian
|
|-weather|Sandstorm|[upkeep]
|-damage|p2a: 钢铁之躯|0 fnt|[from] Sandstorm
|faint|p2a: 钢铁之躯
|upkeep
|
|t:|1662778178
|switch|p1a: Diancie|Diancie-Mega|100/100
|switch|p2a: 嘉然小姐的狗|Zacian-Crowned|54/100
|-ability|p2a: 嘉然小姐的狗|Intrepid Sword|boost
|-boost|p2a: 嘉然小姐的狗|atk|1
|turn|33
|
|t:|1662778180
|move|p1a: Diancie|Earth Power|p2a: 嘉然小姐的狗
|-supereffective|p2a: 嘉然小姐的狗
|-damage|p2a: 嘉然小姐的狗|6/100
|move|p2a: 嘉然小姐的狗|Behemoth Blade|p1a: Diancie
|-supereffective|p1a: Diancie
|-damage|p1a: Diancie|0 fnt
|faint|p1a: Diancie
|
|win|CLEAR GEM清瑜
|raw|lemoncell0's rating: 1895 &rarr; <strong>1875</strong><br />(-20 for losing)
|raw|CLEAR GEM清瑜's rating: 1898 &rarr; <strong>1918</strong><br />(+20 for winning)
|l|☆lemoncell0
||Ladder isn't responding, score probably updated but might not have (Request timeout).
