|j|‽Flynn Watson
|j|‽The Arceus Boy
|t:|1652373854
|gametype|singles
|player|p1|Flynn Watson|guitarist|
|player|p2|The Arceus Boy|red-gen1|
|teamsize|p1|6
|teamsize|p2|6
|gen|8
|tier|[Gen 8] National Dex AG
|rule|HP Percentage Mod: HP is shown in percentages
|rule|Endless Battle Clause: Forcing endless battles is banned
|clearpoke
|poke|p1|Arceus-*|
|poke|p1|Rayquaza|
|poke|p1|Eternatus|
|poke|p1|Arceus-*|
|poke|p1|Arceus-*|
|poke|p1|Necrozma-Dusk-Mane|
|poke|p2|Rayquaza|
|poke|p2|Arceus-*|
|poke|p2|Arceus-*|
|poke|p2|Ditto|
|poke|p2|Necrozma-Dusk-Mane|
|poke|p2|Yveltal|
|teampreview
|inactive|Battle timer is ON: inactive players will automatically lose when time's up. (requested by The Arceus Boy)
|
|t:|1652373866
|start
|switch|p1a: Arceus|Arceus-Ground|100/100
|switch|p2a: Arceus|Arceus-Ground|100/100
|turn|1
|
|t:|1652373875
|move|p2a: Arceus|Swords Dance|p2a: Arceus
|-boost|p2a: Arceus|atk|2
|move|p1a: Arceus|Ice Beam|p2a: Arceus
|-supereffective|p2a: Arceus
|-damage|p2a: Arceus|68/100
|
|upkeep
|turn|2
|
|t:|1652373883
|move|p2a: Arceus|Earthquake|p1a: Arceus
|-damage|p1a: Arceus|36/100
|move|p1a: Arceus|Will-O-Wisp|p2a: Arceus
|-status|p2a: Arceus|brn
|
|-damage|p2a: Arceus|61/100 brn|[from] brn
|upkeep
|turn|3
|
|t:|1652373889
|move|p2a: Arceus|Recover|p2a: Arceus
|-heal|p2a: Arceus|100/100 brn
|move|p1a: Arceus|Recover|p1a: Arceus
|-heal|p1a: Arceus|86/100
|
|-damage|p2a: Arceus|94/100 brn|[from] brn
|upkeep
|turn|4
|
|t:|1652373901
|switch|p2a: Arceus|Arceus-Fairy|100/100
|switch|p1a: Rayquaza|Rayquaza|100/100
|-ability|p1a: Rayquaza|Air Lock
|
|upkeep
|turn|5
|
|t:|1652373906
|switch|p1a: Eternatus|Eternatus|100/100
|-ability|p1a: Eternatus|Pressure
|move|p2a: Arceus|Judgment|p1a: Eternatus
|-damage|p1a: Eternatus|77/100
|
|-heal|p1a: Eternatus|83/100|[from] item: Black Sludge
|upkeep
|turn|6
|
|t:|1652373910
|switch|p2a: Yveltal|Yveltal|100/100
|-ability|p2a: Yveltal|Dark Aura
|move|p1a: Eternatus|Toxic|p2a: Yveltal
|-status|p2a: Yveltal|tox
|
|-heal|p1a: Eternatus|89/100|[from] item: Black Sludge
|-damage|p2a: Yveltal|94/100 tox|[from] psn
|upkeep
|turn|7
|
|t:|1652373914
|switch|p1a: Arceus|Arceus-Electric|100/100
|move|p2a: Yveltal|Snarl|p1a: Arceus
|-crit|p1a: Arceus
|-damage|p1a: Arceus|65/100
|-unboost|p1a: Arceus|spa|1
|
|-damage|p2a: Yveltal|82/100 tox|[from] psn
|upkeep
|turn|8
|
|t:|1652373920
|switch|p2a: Arceus|Arceus-Fairy|100/100
|move|p1a: Arceus|Judgment|p2a: Arceus
|-damage|p2a: Arceus|73/100
|
|upkeep
|turn|9
|
|t:|1652373929
|switch|p1a: Eternatus|Eternatus|89/100
|-ability|p1a: Eternatus|Pressure
|move|p2a: Arceus|Recover|p2a: Arceus
|-heal|p2a: Arceus|100/100
|
|-heal|p1a: Eternatus|95/100|[from] item: Black Sludge
|upkeep
|turn|10
|
|t:|1652373935
|move|p2a: Arceus|Calm Mind|p2a: Arceus
|-boost|p2a: Arceus|spa|1
|-boost|p2a: Arceus|spd|1
|move|p1a: Eternatus|Toxic|p2a: Arceus
|-status|p2a: Arceus|tox
|
|-heal|p1a: Eternatus|100/100|[from] item: Black Sludge
|-damage|p2a: Arceus|94/100 tox|[from] psn
|upkeep
|turn|11
|
|t:|1652373939
|move|p2a: Arceus|Calm Mind|p2a: Arceus
|-boost|p2a: Arceus|spa|1
|-boost|p2a: Arceus|spd|1
|move|p1a: Eternatus|Mystical Fire|p2a: Arceus
|-damage|p2a: Arceus|86/100 tox
|-unboost|p2a: Arceus|spa|1
|
|-damage|p2a: Arceus|74/100 tox|[from] psn
|upkeep
|turn|12
|
|t:|1652373944
|move|p2a: Arceus|Refresh|p2a: Arceus
|-curestatus|p2a: Arceus|tox|[msg]
|move|p1a: Eternatus|Mystical Fire|p2a: Arceus
|-damage|p2a: Arceus|65/100
|-unboost|p2a: Arceus|spa|1
|
|upkeep
|turn|13
|
|t:|1652373949
|move|p2a: Arceus|Recover|p2a: Arceus
|-heal|p2a: Arceus|100/100
|move|p1a: Eternatus|Cosmic Power|p1a: Eternatus
|-boost|p1a: Eternatus|def|1
|-boost|p1a: Eternatus|spd|1
|
|upkeep
|turn|14
|
|t:|1652373954
|switch|p2a: Necrozma|Necrozma-Dusk-Mane|100/100
|move|p1a: Eternatus|Toxic|p2a: Necrozma
|-immune|p2a: Necrozma
|
|upkeep
|turn|15
|
|t:|1652373960
|switch|p1a: Arceus|Arceus-Electric|65/100
|move|p2a: Necrozma|Stealth Rock|p1a: Arceus
|-sidestart|p1: Flynn Watson|move: Stealth Rock
|
|upkeep
|turn|16
|
|t:|1652373963
|move|p1a: Arceus|Calm Mind|p1a: Arceus
|-boost|p1a: Arceus|spa|1
|-boost|p1a: Arceus|spd|1
|move|p2a: Necrozma|Toxic|p1a: Arceus
|-status|p1a: Arceus|tox
|
|-damage|p1a: Arceus|59/100 tox|[from] psn
|upkeep
|turn|17
|
|t:|1652373967
|switch|p2a: Rayquaza|Rayquaza|100/100
|-ability|p2a: Rayquaza|Air Lock
|move|p1a: Arceus|Judgment|p2a: Rayquaza
|-damage|p2a: Rayquaza|12/100
|
|-damage|p1a: Arceus|47/100 tox|[from] psn
|upkeep
|turn|18
|
|t:|1652373974
|detailschange|p2a: Rayquaza|Rayquaza-Mega
|-mega|p2a: Rayquaza|Rayquaza|
|-weather|DeltaStream|[from] ability: Delta Stream|[of] p2a: Rayquaza
|move|p2a: Rayquaza|Extreme Speed|p1a: Arceus
|-damage|p1a: Arceus|5/100 tox
|-damage|p2a: Rayquaza|2/100|[from] item: Life Orb
|move|p1a: Arceus|Judgment|p2a: Rayquaza
|-activate||deltastream
|-resisted|p2a: Rayquaza
|-damage|p2a: Rayquaza|0 fnt
|faint|p2a: Rayquaza
|-weather|none
|
|-damage|p1a: Arceus|0 fnt|[from] psn
|faint|p1a: Arceus
|upkeep
|
|t:|1652373985
|switch|p1a: Necrozma|Necrozma-Dusk-Mane|100/100
|switch|p2a: Arceus|Arceus-Ground|94/100 brn
|-damage|p1a: Necrozma|94/100|[from] Stealth Rock
|turn|19
|
|t:|1652373993
|-start|p1a: Necrozma|Dynamax|
|-heal|p1a: Necrozma|94/100|[silent]
|move|p2a: Arceus|Swords Dance|p2a: Arceus
|-boost|p2a: Arceus|atk|2
|move|p1a: Necrozma|Max Steelspike|p2a: Arceus
|-damage|p2a: Arceus|50/100 brn
|-boost|p1a: Necrozma|def|1
|
|-damage|p2a: Arceus|44/100 brn|[from] brn
|upkeep
|turn|20
|
|t:|1652373996
|move|p2a: Arceus|Recover|p2a: Arceus
|-heal|p2a: Arceus|94/100 brn
|move|p1a: Necrozma|Max Steelspike|p2a: Arceus
|-damage|p2a: Arceus|50/100 brn
|-boost|p1a: Necrozma|def|1
|
|-damage|p2a: Arceus|44/100 brn|[from] brn
|upkeep
|turn|21
|
|t:|1652374000
|move|p2a: Arceus|Recover|p2a: Arceus
|-heal|p2a: Arceus|94/100 brn
|move|p1a: Necrozma|Max Steelspike|p2a: Arceus
|-damage|p2a: Arceus|48/100 brn
|-boost|p1a: Necrozma|def|1
|
|-damage|p2a: Arceus|42/100 brn|[from] brn
|upkeep
|-end|p1a: Necrozma|Dynamax
|-heal|p1a: Necrozma|94/100|[silent]
|turn|22
|
|t:|1652374009
|move|p2a: Arceus|Recover|p2a: Arceus
|-heal|p2a: Arceus|92/100 brn
|move|p1a: Necrozma|Stealth Rock|p2a: Arceus
|-sidestart|p2: The Arceus Boy|move: Stealth Rock
|
|-damage|p2a: Arceus|85/100 brn|[from] brn
|upkeep
|turn|23
|
|t:|1652374013
|switch|p1a: Rayquaza|Rayquaza|100/100
|-damage|p1a: Rayquaza|76/100|[from] Stealth Rock
|-ability|p1a: Rayquaza|Air Lock
|move|p2a: Arceus|Swords Dance|p2a: Arceus
|-boost|p2a: Arceus|atk|2
|
|-damage|p2a: Arceus|79/100 brn|[from] brn
|upkeep
|turn|24
|
|t:|1652374018
|detailschange|p1a: Rayquaza|Rayquaza-Mega
|-mega|p1a: Rayquaza|Rayquaza|
|-weather|DeltaStream|[from] ability: Delta Stream|[of] p1a: Rayquaza
|-start|p2a: Arceus|Dynamax|
|-heal|p2a: Arceus|79/100 brn|[silent]
|move|p1a: Rayquaza|Dragon Ascent|p2a: Arceus
|-damage|p2a: Arceus|46/100 brn
|-unboost|p1a: Rayquaza|def|1
|-unboost|p1a: Rayquaza|spd|1
|move|p2a: Arceus|Max Rockfall|p1a: Rayquaza
|-activate||deltastream
|-damage|p1a: Rayquaza|0 fnt
|-weather|Sandstorm
|faint|p1a: Rayquaza
|
|-weather|Sandstorm|[upkeep]
|-damage|p2a: Arceus|43/100 brn|[from] brn
|upkeep
|
|t:|1652374031
|switch|p1a: Arceus|Arceus-Ground|86/100
|-damage|p1a: Arceus|80/100|[from] Stealth Rock
|turn|25
|
|t:|1652374033
|move|p2a: Arceus|Max Quake|p1a: Arceus
|-damage|p1a: Arceus|21/100
|-boost|p2a: Arceus|spd|1
|move|p1a: Arceus|Recover|p1a: Arceus
|-heal|p1a: Arceus|71/100
|
|-weather|Sandstorm|[upkeep]
|-damage|p2a: Arceus|40/100 brn|[from] brn
|upkeep
|turn|26
|
|t:|1652374037
|move|p2a: Arceus|Max Quake|p1a: Arceus
|-damage|p1a: Arceus|6/100
|-boost|p2a: Arceus|spd|1
|move|p1a: Arceus|Recover|p1a: Arceus
|-heal|p1a: Arceus|56/100
|
|-weather|Sandstorm|[upkeep]
|-damage|p2a: Arceus|37/100 brn|[from] brn
|upkeep
|-end|p2a: Arceus|Dynamax
|-heal|p2a: Arceus|37/100 brn|[silent]
|turn|27
|
|t:|1652374039
|move|p2a: Arceus|Recover|p2a: Arceus
|-heal|p2a: Arceus|87/100 brn
|move|p1a: Arceus|Recover|p1a: Arceus
|-heal|p1a: Arceus|100/100
|
|-weather|Sandstorm|[upkeep]
|-damage|p2a: Arceus|81/100 brn|[from] brn
|upkeep
|turn|28
|
|t:|1652374045
|move|p2a: Arceus|Swords Dance|p2a: Arceus
|-boost|p2a: Arceus|atk|2
|move|p1a: Arceus|Ice Beam|p2a: Arceus
|-supereffective|p2a: Arceus
|-damage|p2a: Arceus|64/100 brn
|
|-weather|none
|-damage|p2a: Arceus|58/100 brn|[from] brn
|upkeep
|turn|29
|
|t:|1652374050
|move|p2a: Arceus|Recover|p2a: Arceus
|-heal|p2a: Arceus|100/100 brn
|move|p1a: Arceus|Ice Beam|p2a: Arceus
|-supereffective|p2a: Arceus
|-damage|p2a: Arceus|84/100 brn
|
|-damage|p2a: Arceus|78/100 brn|[from] brn
|upkeep
|turn|30
|
|t:|1652374054
|move|p2a: Arceus|Stone Edge|p1a: Arceus|[miss]
|-miss|p2a: Arceus|p1a: Arceus
|move|p1a: Arceus|Recover||[still]
|-fail|p1a: Arceus|heal
|
|-damage|p2a: Arceus|71/100 brn|[from] brn
|upkeep
|turn|31
|
|t:|1652374060
|move|p2a: Arceus|Stone Edge|p1a: Arceus
|-resisted|p1a: Arceus
|-damage|p1a: Arceus|84/100
|move|p1a: Arceus|Ice Beam|p2a: Arceus
|-supereffective|p2a: Arceus
|-damage|p2a: Arceus|54/100 brn
|
|-damage|p2a: Arceus|48/100 brn|[from] brn
|upkeep
|turn|32
|
|t:|1652374066
|move|p2a: Arceus|Recover|p2a: Arceus
|-heal|p2a: Arceus|98/100 brn
|move|p1a: Arceus|Ice Beam|p2a: Arceus
|-supereffective|p2a: Arceus
|-crit|p2a: Arceus
|-damage|p2a: Arceus|50/100 brn
|
|-damage|p2a: Arceus|44/100 brn|[from] brn
|upkeep
|turn|33
|
|t:|1652374072
|move|p2a: Arceus|Recover|p2a: Arceus
|-heal|p2a: Arceus|94/100 brn
|move|p1a: Arceus|Ice Beam|p2a: Arceus
|-supereffective|p2a: Arceus
|-damage|p2a: Arceus|76/100 brn
|
|-damage|p2a: Arceus|70/100 brn|[from] brn
|upkeep
|turn|34
|
|t:|1652374074
|move|p2a: Arceus|Earthquake|p1a: Arceus
|-damage|p1a: Arceus|27/100
|move|p1a: Arceus|Ice Beam|p2a: Arceus
|-supereffective|p2a: Arceus
|-damage|p2a: Arceus|54/100 brn
|
|-damage|p2a: Arceus|48/100 brn|[from] brn
|upkeep
|turn|35
|
|t:|1652374079
|move|p2a: Arceus|Earthquake|p1a: Arceus
|-damage|p1a: Arceus|0 fnt
|faint|p1a: Arceus
|
|-damage|p2a: Arceus|42/100 brn|[from] brn
|upkeep
|
|t:|1652374083
|switch|p1a: Arceus|Arceus-Dark|100/100
|-damage|p1a: Arceus|88/100|[from] Stealth Rock
|turn|36
|
|t:|1652374085
|move|p2a: Arceus|Recover|p2a: Arceus
|-heal|p2a: Arceus|92/100 brn
|move|p1a: Arceus|Calm Mind|p1a: Arceus
|-boost|p1a: Arceus|spa|1
|-boost|p1a: Arceus|spd|1
|
|-damage|p2a: Arceus|86/100 brn|[from] brn
|upkeep
|turn|37
|
|t:|1652374089
|move|p2a: Arceus|Earthquake|p1a: Arceus
|-damage|p1a: Arceus|20/100
|move|p1a: Arceus|Judgment|p2a: Arceus
|-damage|p2a: Arceus|62/100 brn
|
|-damage|p2a: Arceus|56/100 brn|[from] brn
|upkeep
|turn|38
|
|t:|1652374094
|move|p2a: Arceus|Earthquake|p1a: Arceus
|-damage|p1a: Arceus|0 fnt
|faint|p1a: Arceus
|
|-damage|p2a: Arceus|49/100 brn|[from] brn
|upkeep
|-message|Flynn Watson forfeited.
|
|win|The Arceus Boy
|l|‽Flynn Watson
