|j|☆GolemWentBoom
|j|☆Better Alone
|t:|1660246792
|gametype|singles
|player|p1|GolemWentBoom|170|1489
|player|p2|Better Alone|hiker-gen4|1612
|teamsize|p1|6
|teamsize|p2|6
|gen|8
|tier|[Gen 8] National Dex AG
|rated|
|rule|HP Percentage Mod: HP is shown in percentages
|rule|Endless Battle Clause: Forcing endless battles is banned
|clearpoke
|poke|p1|Golem, F|
|poke|p1|Xerneas-*|
|poke|p1|Kyogre|
|poke|p1|Kyurem-White|
|poke|p1|Arceus-*|
|poke|p1|Necrozma-Dusk-Mane|
|poke|p2|Ho-Oh|
|poke|p2|Murkrow, F|
|poke|p2|Diancie|
|poke|p2|Calyrex-Shadow|
|poke|p2|Groudon|
|poke|p2|Zacian-*|
|teampreview
|inactive|Battle timer is ON: inactive players will automatically lose when time's up. (requested by GolemWentBoom)
|
|t:|1660246797
|start
|switch|p1a: Golem|Golem, F|100/100
|switch|p2a: Diancie|Diancie|100/100
|turn|1
|
|t:|1660246802
|detailschange|p2a: Diancie|Diancie-Mega
|-mega|p2a: Diancie|Diancie|Diancite
|move|p2a: Diancie|Stealth Rock|p1a: Golem
|-sidestart|p1: GolemWentBoom|move: Stealth Rock
|move|p1a: Golem|Stealth Rock|p2a: Diancie
|move|p2a: Diancie|Stealth Rock||[from]ability: Magic Bounce|[still]
|-fail|p2a: Diancie
|
|upkeep
|turn|2
|
|t:|1660246809
|move|p2a: Diancie|Earth Power|p1a: Golem
|-supereffective|p1a: Golem
|-ability|p1a: Golem|Sturdy
|-damage|p1a: Golem|1/100
|move|p1a: Golem|Rock Tomb|p2a: Diancie
|-damage|p2a: Diancie|58/100
|-unboost|p2a: Diancie|spe|1
|
|upkeep
|turn|3
|-enditem|p1a: Golem|Custap Berry|[eat]
|-activate|p1a: Golem|item: Custap Berry|[consumed]
|
|t:|1660246817
|move|p1a: Golem|Rock Tomb|p2a: Diancie
|-damage|p2a: Diancie|17/100
|-unboost|p2a: Diancie|spe|1
|move|p2a: Diancie|Moonblast|p1a: Golem
|-crit|p1a: Golem
|-damage|p1a: Golem|0 fnt
|faint|p1a: Golem
|
|upkeep
|
|t:|1660246836
|switch|p1a: Necrozma|Necrozma-Dusk-Mane|100/100
|-damage|p1a: Necrozma|95/100|[from] Stealth Rock
|turn|4
|
|t:|1660246843
|move|p1a: Necrozma|Rock Blast|p2a: Diancie
|-damage|p2a: Diancie|3/100
|-damage|p2a: Diancie|0 fnt
|faint|p2a: Diancie
|-hitcount|p2: Diancie|2
|
|upkeep
|
|t:|1660246848
|switch|p2a: Calyrex|Calyrex-Shadow|100/100
|-ability|p2a: Calyrex|As One
|-ability|p2a: Calyrex|Unnerve
|turn|5
|
|t:|1660246852
|switch|p1a: Arceus|Arceus|100/100
|-damage|p1a: Arceus|88/100|[from] Stealth Rock
|move|p2a: Calyrex|Astral Barrage|p1a: Arceus
|-immune|p1a: Arceus
|
|upkeep
|turn|6
|
|t:|1660246859
|switch|p2a: Zacian|Zacian-Crowned, shiny|100/100
|-ability|p2a: Zacian|Intrepid Sword|boost
|-boost|p2a: Zacian|atk|1
|move|p1a: Arceus|Earthquake|p2a: Zacian
|-supereffective|p2a: Zacian
|-damage|p2a: Zacian|34/100
|
|upkeep
|turn|7
|
|t:|1660246867
|switch|p1a: Kyogre|Kyogre|100/100
|-damage|p1a: Kyogre|88/100|[from] Stealth Rock
|-weather|RainDance|[from] ability: Drizzle|[of] p1a: Kyogre
|move|p2a: Zacian|Close Combat|p1a: Kyogre
|-damage|p1a: Kyogre|10/100
|-unboost|p2a: Zacian|def|1
|-unboost|p2a: Zacian|spd|1
|
|-weather|RainDance|[upkeep]
|upkeep
|turn|8
|
|t:|1660246871
|switch|p2a: Groudon|Groudon, shiny|100/100
|detailschange|p2a: Groudon|Groudon-Primal, shiny
|-primal|p2a: Groudon
|-weather|DesolateLand|[from] ability: Desolate Land|[of] p2a: Groudon
|move|p1a: Kyogre|Ice Beam|p2a: Groudon
|-damage|p2a: Groudon|60/100
|
|-weather|DesolateLand|[upkeep]
|upkeep
|turn|9
|
|t:|1660246874
|move|p1a: Kyogre|Ice Beam|p2a: Groudon
|-damage|p2a: Groudon|20/100
|move|p2a: Groudon|Fire Punch|p1a: Kyogre
|-resisted|p1a: Kyogre
|-damage|p1a: Kyogre|0 fnt
|faint|p1a: Kyogre
|
|-weather|DesolateLand|[upkeep]
|upkeep
|
|t:|1660246880
|switch|p1a: Xerneas|Xerneas|100/100
|-damage|p1a: Xerneas|88/100|[from] Stealth Rock
|-ability|p1a: Xerneas|Fairy Aura
|turn|10
|
|t:|1660246891
|-weather|none
|switch|p2a: Murkrow|Murkrow, F|100/100
|move|p1a: Xerneas|Geomancy||[still]
|-prepare|p1a: Xerneas|Geomancy
|-enditem|p1a: Xerneas|Power Herb
|-anim|p1a: Xerneas|Geomancy|p1a: Xerneas
|-boost|p1a: Xerneas|spa|2
|-boost|p1a: Xerneas|spd|2
|-boost|p1a: Xerneas|spe|2
|
|upkeep
|turn|11
|
|t:|1660246894
|move|p2a: Murkrow|Haze|p2a: Murkrow
|-clearallboost
|move|p1a: Xerneas|Moonblast|p2a: Murkrow
|-supereffective|p2a: Murkrow
|-enditem|p2a: Murkrow|Focus Sash
|-damage|p2a: Murkrow|1/100
|-unboost|p2a: Murkrow|spa|1
|
|upkeep
|turn|12
|
|t:|1660246897
|move|p2a: Murkrow|Thunder Wave|p1a: Xerneas
|-status|p1a: Xerneas|par
|move|p1a: Xerneas|Moonblast|p2a: Murkrow
|-supereffective|p2a: Murkrow
|-crit|p2a: Murkrow
|-damage|p2a: Murkrow|0 fnt
|faint|p2a: Murkrow
|
|upkeep
|
|t:|1660246900
|switch|p2a: Zacian|Zacian-Crowned, shiny|34/100
|-ability|p2a: Zacian|Intrepid Sword|boost
|-boost|p2a: Zacian|atk|1
|turn|13
|
|t:|1660246906
|move|p2a: Zacian|Behemoth Blade|p1a: Xerneas
|-supereffective|p1a: Xerneas
|-damage|p1a: Xerneas|0 fnt
|faint|p1a: Xerneas
|
|upkeep
|
|t:|1660246908
|switch|p1a: Necrozma|Necrozma-Dusk-Mane|95/100
|-damage|p1a: Necrozma|89/100|[from] Stealth Rock
|turn|14
|
|t:|1660246912
|switch|p2a: Calyrex|Calyrex-Shadow|100/100
|-ability|p2a: Calyrex|As One
|-ability|p2a: Calyrex|Unnerve
|move|p1a: Necrozma|Earthquake|p2a: Calyrex
|-damage|p2a: Calyrex|46/100
|
|upkeep
|turn|15
|
|t:|1660246917
|switch|p1a: Arceus|Arceus|88/100
|-damage|p1a: Arceus|76/100|[from] Stealth Rock
|-start|p2a: Calyrex|Dynamax|
|-heal|p2a: Calyrex|46/100|[silent]
|move|p2a: Calyrex|Max Mindstorm|p1a: Arceus
|-damage|p1a: Arceus|17/100
|-fieldstart|move: Psychic Terrain
|
|upkeep
|turn|16
|
|t:|1660246922
|move|p2a: Calyrex|Max Mindstorm|p1a: Arceus
|-damage|p1a: Arceus|0 fnt
|faint|p1a: Arceus
|-ability|p2a: Calyrex|Grim Neigh|boost
|-boost|p2a: Calyrex|spa|1
|
|upkeep
|
|t:|1660246923
|switch|p1a: Kyurem|Kyurem-White|100/100
|-damage|p1a: Kyurem|76/100|[from] Stealth Rock
|-ability|p1a: Kyurem|Turboblaze
|turn|17
|
|t:|1660246925
|-start|p1a: Kyurem|Dynamax|
|-heal|p1a: Kyurem|76/100|[silent]
|move|p2a: Calyrex|Max Starfall|p1a: Kyurem
|-supereffective|p1a: Kyurem
|-damage|p1a: Kyurem|24/100
|-fieldstart|move: Misty Terrain
|move|p1a: Kyurem|Max Airstream|p2a: Calyrex
|-damage|p2a: Calyrex|13/100
|-boost|p1a: Kyurem|spe|1
|-damage|p1a: Kyurem|19/100|[from] item: Life Orb
|
|upkeep
|-end|p2a: Calyrex|Dynamax
|-heal|p2a: Calyrex|13/100|[silent]
|turn|18
|
|t:|1660246928
|move|p1a: Kyurem|Max Hailstorm|p2a: Calyrex
|-damage|p2a: Calyrex|0 fnt
|-weather|Hail
|faint|p2a: Calyrex
|-damage|p1a: Kyurem|14/100|[from] item: Life Orb
|
|-weather|Hail|[upkeep]
|upkeep
|
|t:|1660246936
|switch|p2a: Zacian|Zacian-Crowned, shiny|34/100
|-ability|p2a: Zacian|Intrepid Sword|boost
|-boost|p2a: Zacian|atk|1
|turn|19
|
|t:|1660246949
|move|p1a: Kyurem|Max Flare|p2a: Zacian
|-supereffective|p2a: Zacian
|-damage|p2a: Zacian|0 fnt
|-weather|SunnyDay
|faint|p2a: Zacian
|-damage|p1a: Kyurem|9/100|[from] item: Life Orb
|
|-weather|SunnyDay|[upkeep]
|upkeep
|
|t:|1660246956
|switch|p2a: Groudon|Groudon-Primal, shiny|20/100
|-weather|DesolateLand|[from] ability: Desolate Land|[of] p2a: Groudon
|-end|p1a: Kyurem|Dynamax
|-heal|p1a: Kyurem|9/100|[silent]
|turn|20
|
|t:|1660246961
|move|p1a: Kyurem|Freeze-Dry|p2a: Groudon
|-damage|p2a: Groudon|0 fnt
|faint|p2a: Groudon
|-weather|none
|-damage|p1a: Kyurem|0 fnt|[from] item: Life Orb
|faint|p1a: Kyurem
|
|upkeep
|
|t:|1660246964
|switch|p1a: Necrozma|Necrozma-Dusk-Mane|89/100
|switch|p2a: Ho-Oh|Ho-Oh|100/100
|-damage|p1a: Necrozma|83/100|[from] Stealth Rock
|turn|21
|
|t:|1660246966
|detailschange|p1a: Necrozma|Necrozma-Ultra
|-burst|p1a: Necrozma|Necrozma|Ultranecrozium Z
|move|p1a: Necrozma|Rock Blast|p2a: Ho-Oh
|-supereffective|p2a: Ho-Oh
|-damage|p2a: Ho-Oh|48/100
|-supereffective|p2a: Ho-Oh
|-crit|p2a: Ho-Oh
|-damage|p2a: Ho-Oh|0 fnt
|faint|p2a: Ho-Oh
|-hitcount|p2: Ho-Oh|2
|
|win|GolemWentBoom
|raw|GolemWentBoom's rating: 1489 &rarr; <strong>1516</strong><br />(+27 for winning)
|raw|Better Alone's rating: 1612 &rarr; <strong>1585</strong><br />(-27 for losing)
