|j|☆SpaceTemmie
|j|☆Soldier23154
|t:|1663874717
|gametype|singles
|player|p1|SpaceTemmie|proton|1566
|player|p2|Soldier23154|steven|1495
|teamsize|p1|6
|teamsize|p2|6
|gen|8
|tier|[Gen 8] National Dex AG
|rated|
|rule|HP Percentage Mod: HP is shown in percentages
|rule|Endless Battle Clause: Forcing endless battles is banned
|clearpoke
|poke|p1|Zoroark, M|
|poke|p1|Smeargle, F|
|poke|p1|Smeargle, F|
|poke|p1|Smeargle, F|
|poke|p1|Smeargle, F|
|poke|p1|Arceus-*|
|poke|p2|Zacian-*|
|poke|p2|Kyogre|
|poke|p2|Groudon|
|poke|p2|Rayquaza|
|poke|p2|Necrozma-Dawn-Wings|
|poke|p2|Calyrex-Shadow|
|teampreview
|inactive|Battle timer is ON: inactive players will automatically lose when time's up. (requested by SpaceTemmie)
|
|t:|1663874736
|start
|switch|p1a: Smeargle|Smeargle, F|100/100
|switch|p2a: Calyrex|Calyrex-Shadow|100/100
|-ability|p2a: Calyrex|As One
|-ability|p2a: Calyrex|Unnerve
|turn|1
|
|t:|1663874752
|move|p2a: Calyrex|Psychic|p1a: Smeargle
|-enditem|p1a: Smeargle|Focus Sash
|-damage|p1a: Smeargle|1/100
|move|p1a: Smeargle|Spore|p2a: Calyrex
|-status|p2a: Calyrex|slp|[from] move: Spore
|
|-ability|p1a: Smeargle|Moody|boost
|-boost|p1a: Smeargle|atk|2
|-unboost|p1a: Smeargle|def|1
|upkeep
|turn|2
|
|t:|1663874763
|cant|p2a: Calyrex|slp
|move|p1a: Smeargle|Baton Pass|p1a: Smeargle
|
|t:|1663874767
|switch|p1a: Smeargle|Smeargle, F|100/100|[from]move: Baton Pass
|
|-ability|p1a: Smeargle|Moody|boost
|-boost|p1a: Smeargle|spe|2
|-unboost|p1a: Smeargle|atk|1
|upkeep
|turn|3
|
|t:|1663874785
|move|p1a: Smeargle|Substitute|p1a: Smeargle
|-start|p1a: Smeargle|Substitute
|-damage|p1a: Smeargle|76/100
|-curestatus|p2a: Calyrex|slp|[msg]
|move|p2a: Calyrex|Psychic|p1a: Smeargle
|-end|p1a: Smeargle|Substitute
|
|-ability|p1a: Smeargle|Moody|boost
|-boost|p1a: Smeargle|spd|2
|-unboost|p1a: Smeargle|atk|1
|upkeep
|turn|4
|
|t:|1663874799
|move|p1a: Smeargle|Spore|p2a: Calyrex
|-status|p2a: Calyrex|slp|[from] move: Spore
|cant|p2a: Calyrex|slp
|
|-ability|p1a: Smeargle|Moody|boost
|-boost|p1a: Smeargle|spa|2
|-unboost|p1a: Smeargle|atk|1
|upkeep
|turn|5
|
|t:|1663874809
|switch|p2a: Rayquaza|Rayquaza, shiny|100/100
|-ability|p2a: Rayquaza|Air Lock
|move|p1a: Smeargle|Substitute|p1a: Smeargle
|-start|p1a: Smeargle|Substitute
|-damage|p1a: Smeargle|51/100
|
|-ability|p1a: Smeargle|Moody|boost
|-boost|p1a: Smeargle|atk|2
|-unboost|p1a: Smeargle|def|1
|upkeep
|turn|6
|
|t:|1663874820
|switch|p2a: Calyrex|Calyrex-Shadow|100/100 slp
|-ability|p2a: Calyrex|As One
|-ability|p2a: Calyrex|Unnerve
|move|p1a: Smeargle|Spore|p2a: Calyrex
|-fail|p2a: Calyrex|slp
|
|-ability|p1a: Smeargle|Moody|boost
|-boost|p1a: Smeargle|spa|2
|-unboost|p1a: Smeargle|atk|1
|upkeep
|turn|7
|c|☆Soldier23154|fuck this
|-message|Soldier23154 forfeited.
|l|☆Soldier23154
|inactive|Soldier23154 disconnected and has a minute to reconnect!
|player|p2|
|
|win|SpaceTemmie
|raw|SpaceTemmie's rating: 1566 &rarr; <strong>1582</strong><br />(+16 for winning)
|raw|Soldier23154's rating: 1495 &rarr; <strong>1479</strong><br />(-16 for losing)
|c|☆SpaceTemmie|Agreed
