|j|‽Xx_MLGprosniper_xX
|j|☆TheImpactAssault
|t:|1651538011
|gametype|singles
|player|p1|Xx_MLGprosniper_xX|acetrainerf|1573
|player|p2|TheImpactAssault|hilda|1607
|teamsize|p1|6
|teamsize|p2|6
|gen|8
|tier|[Gen 8] National Dex AG
|rated|
|rule|HP Percentage Mod: HP is shown in percentages
|rule|Endless Battle Clause: Forcing endless battles is banned
|clearpoke
|poke|p1|Lucario, F|
|poke|p1|Skarmory, M|
|poke|p1|Aggron, M|
|poke|p1|Steelix, M|
|poke|p1|Heatran, M|
|poke|p1|Aegislash, M|
|poke|p2|Deoxys-Speed|
|poke|p2|Deoxys-Attack|
|poke|p2|Ho-Oh|
|poke|p2|Marshadow|
|poke|p2|Arceus-*|
|poke|p2|Giratina|
|teampreview
|inactive|Battle timer is ON: inactive players will automatically lose when time's up. (requested by TheImpactAssault)
|
|t:|1651538021
|start
|switch|p1a: Aggron|Aggron, M|100/100
|switch|p2a: Deoxys|Deoxys-Speed|100/100
|-ability|p2a: Deoxys|Pressure
|turn|1
|
|t:|1651538031
|move|p2a: Deoxys|Taunt|p1a: Aggron
|-start|p1a: Aggron|move: Taunt
|move|p1a: Aggron|Stone Edge|p2a: Deoxys
|-damage|p2a: Deoxys|51/100
|
|upkeep
|turn|2
|
|t:|1651538037
|move|p2a: Deoxys|Stealth Rock|p1a: Aggron
|-sidestart|p1: Xx_MLGprosniper_xX|move: Stealth Rock
|move|p1a: Aggron|Stone Edge|p2a: Deoxys
|-damage|p2a: Deoxys|0 fnt
|faint|p2a: Deoxys
|
|upkeep
|
|t:|1651538040
|switch|p2a: Marshadow|Marshadow|100/100
|turn|3
|
|t:|1651538042
|move|p2a: Marshadow|Close Combat|p1a: Aggron
|-supereffective|p1a: Aggron
|-ability|p1a: Aggron|Sturdy
|-damage|p1a: Aggron|1/100
|-unboost|p2a: Marshadow|def|1
|-unboost|p2a: Marshadow|spd|1
|move|p1a: Aggron|Metal Burst|p2a: Marshadow
|-enditem|p2a: Marshadow|Focus Sash
|-damage|p2a: Marshadow|1/100
|
|-end|p1a: Aggron|move: Taunt
|upkeep
|turn|4
|-enditem|p1a: Aggron|Custap Berry|[eat]
|-activate|p1a: Aggron|item: Custap Berry|[consumed]
|
|t:|1651538050
|move|p2a: Marshadow|Shadow Sneak|p1a: Aggron
|-damage|p1a: Aggron|0 fnt
|faint|p1a: Aggron
|
|upkeep
|
|t:|1651538055
|switch|p1a: Skarmory|Skarmory, M|100/100
|-damage|p1a: Skarmory|88/100|[from] Stealth Rock
|turn|5
|
|t:|1651538063
|move|p2a: Marshadow|Spectral Thief|p1a: Skarmory
|-damage|p1a: Skarmory|52/100
|-damage|p2a: Marshadow|0 fnt|[from] item: Rocky Helmet|[of] p1a: Skarmory
|faint|p2a: Marshadow
|move|p1a: Skarmory|Roost|p1a: Skarmory
|-heal|p1a: Skarmory|100/100
|-singleturn|p1a: Skarmory|move: Roost
|
|upkeep
|
|t:|1651538068
|switch|p2a: Ho-Oh|Ho-Oh|100/100
|turn|6
|
|t:|1651538078
|switch|p1a: Heatran|Heatran, M|100/100
|-damage|p1a: Heatran|88/100|[from] Stealth Rock
|move|p2a: Ho-Oh|Flame Charge|p1a: Heatran
|-start|p1a: Heatran|ability: Flash Fire
|
|-heal|p1a: Heatran|94/100|[from] item: Leftovers
|upkeep
|turn|7
|
|t:|1651538083
|move|p1a: Heatran|Protect|p1a: Heatran
|-singleturn|p1a: Heatran|Protect
|move|p2a: Ho-Oh|Dual Wingbeat|p1a: Heatran
|-activate|p1a: Heatran|move: Protect
|
|-heal|p1a: Heatran|100/100|[from] item: Leftovers
|upkeep
|turn|8
|
|t:|1651538092
|switch|p2a: Arceus|Arceus-Ground|100/100
|move|p1a: Heatran|Magma Storm|p2a: Arceus
|-damage|p2a: Arceus|56/100
|-activate|p2a: Arceus|move: Magma Storm|[of] p1a: Heatran
|
|-damage|p2a: Arceus|44/100|[from] move: Magma Storm|[partiallytrapped]
|upkeep
|turn|9
|
|t:|1651538099
|move|p1a: Heatran|Protect|p1a: Heatran
|-singleturn|p1a: Heatran|Protect
|move|p2a: Arceus|Recover|p2a: Arceus
|-heal|p2a: Arceus|94/100
|
|-damage|p2a: Arceus|82/100|[from] move: Magma Storm|[partiallytrapped]
|upkeep
|turn|10
|
|t:|1651538105
|-end|p1a: Heatran|ability: Flash Fire|[silent]
|switch|p1a: Skarmory|Skarmory, M|100/100
|-damage|p1a: Skarmory|88/100|[from] Stealth Rock
|move|p2a: Arceus|Judgment|p1a: Skarmory
|-immune|p1a: Skarmory
|
|-end|p2a: Arceus|Magma Storm|[partiallytrapped]|[silent]
|upkeep
|turn|11
|
|t:|1651538109
|switch|p2a: Deoxys|Deoxys-Attack|100/100
|-ability|p2a: Deoxys|Pressure
|move|p1a: Skarmory|Iron Defense|p1a: Skarmory
|-boost|p1a: Skarmory|def|2
|
|upkeep
|turn|12
|
|t:|1651538116
|switch|p1a: Aegislash|Aegislash, M|100/100
|-damage|p1a: Aegislash|94/100|[from] Stealth Rock
|move|p2a: Deoxys|Dark Pulse|p1a: Aegislash
|-supereffective|p1a: Aegislash
|-damage|p1a: Aegislash|38/100
|
|-heal|p1a: Aegislash|44/100|[from] item: Leftovers
|upkeep
|turn|13
|
|t:|1651538125
|-formechange|p1a: Aegislash|Aegislash-Blade||[from] ability: Stance Change
|move|p1a: Aegislash|Shadow Sneak|p2a: Deoxys
|-supereffective|p2a: Deoxys
|-damage|p2a: Deoxys|0 fnt
|faint|p2a: Deoxys
|
|-heal|p1a: Aegislash|50/100|[from] item: Leftovers
|upkeep
|
|t:|1651538127
|switch|p2a: Giratina|Giratina|100/100
|-ability|p2a: Giratina|Pressure
|turn|14
|
|t:|1651538131
|-start|p2a: Giratina|Dynamax|
|-heal|p2a: Giratina|100/100|[silent]
|-formechange|p1a: Aegislash|Aegislash||[from] ability: Stance Change
|move|p1a: Aegislash|King's Shield|p1a: Aegislash
|-singleturn|p1a: Aegislash|Protect
|move|p2a: Giratina|Max Phantasm|p1a: Aegislash
|-supereffective|p1a: Aegislash
|-zbroken|p1a: Aegislash
|-damage|p1a: Aegislash|24/100
|-unboost|p1a: Aegislash|def|1
|
|-heal|p1a: Aegislash|30/100|[from] item: Leftovers
|upkeep
|turn|15
|
|t:|1651538148
|move|p1a: Aegislash|King's Shield||[still]
|-fail|p1a: Aegislash
|move|p2a: Giratina|Max Phantasm|p1a: Aegislash
|-supereffective|p1a: Aegislash
|-damage|p1a: Aegislash|0 fnt
|faint|p1a: Aegislash
|
|upkeep
|
|t:|1651538154
|switch|p1a: Skarmory|Skarmory, M|88/100
|-damage|p1a: Skarmory|76/100|[from] Stealth Rock
|turn|16
|
|t:|1651538158
|move|p2a: Giratina|Max Phantasm|p1a: Skarmory
|-damage|p1a: Skarmory|23/100
|-unboost|p1a: Skarmory|def|1
|move|p1a: Skarmory|Roost|p1a: Skarmory
|-heal|p1a: Skarmory|73/100
|-singleturn|p1a: Skarmory|move: Roost
|
|upkeep
|-end|p2a: Giratina|Dynamax
|-heal|p2a: Giratina|100/100|[silent]
|turn|17
|
|t:|1651538165
|move|p2a: Giratina|Poltergeist|p1a: Skarmory
|-activate|p1a: Skarmory|move: Poltergeist|Rocky Helmet
|-damage|p1a: Skarmory|7/100
|move|p1a: Skarmory|Roost|p1a: Skarmory
|-heal|p1a: Skarmory|57/100
|-singleturn|p1a: Skarmory|move: Roost
|
|upkeep
|turn|18
|
|t:|1651538173
|switch|p1a: Steelix|Steelix, M|100/100
|-damage|p1a: Steelix|97/100|[from] Stealth Rock
|move|p2a: Giratina|Poltergeist|p1a: Steelix
|-activate|p1a: Steelix|move: Poltergeist|Choice Band
|-damage|p1a: Steelix|72/100
|
|upkeep
|turn|19
|
|t:|1651538183
|move|p2a: Giratina|Earthquake|p1a: Steelix
|-supereffective|p1a: Steelix
|-damage|p1a: Steelix|36/100
|move|p1a: Steelix|Earthquake|p2a: Giratina
|-damage|p2a: Giratina|62/100
|
|upkeep
|turn|20
|
|t:|1651538190
|move|p2a: Giratina|Earthquake|p1a: Steelix
|-supereffective|p1a: Steelix
|-damage|p1a: Steelix|3/100
|move|p1a: Steelix|Earthquake|p2a: Giratina
|-damage|p2a: Giratina|25/100
|
|upkeep
|turn|21
|
|t:|1651538205
|move|p2a: Giratina|Poltergeist|p1a: Steelix
|-activate|p1a: Steelix|move: Poltergeist|Choice Band
|-damage|p1a: Steelix|0 fnt
|faint|p1a: Steelix
|
|upkeep
|
|t:|1651538208
|switch|p1a: Skarmory|Skarmory, M|57/100
|-damage|p1a: Skarmory|45/100|[from] Stealth Rock
|turn|22
|
|t:|1651538217
|move|p2a: Giratina|Poltergeist|p1a: Skarmory
|-activate|p1a: Skarmory|move: Poltergeist|Rocky Helmet
|-damage|p1a: Skarmory|2/100
|move|p1a: Skarmory|Roost|p1a: Skarmory
|-heal|p1a: Skarmory|52/100
|-singleturn|p1a: Skarmory|move: Roost
|
|upkeep
|turn|23
|
|t:|1651538226
|move|p2a: Giratina|Poltergeist|p1a: Skarmory
|-activate|p1a: Skarmory|move: Poltergeist|Rocky Helmet
|-damage|p1a: Skarmory|13/100
|move|p1a: Skarmory|Roost|p1a: Skarmory
|-heal|p1a: Skarmory|63/100
|-singleturn|p1a: Skarmory|move: Roost
|
|upkeep
|turn|24
|
|t:|1651538232
|switch|p2a: Ho-Oh|Ho-Oh|100/100
|move|p1a: Skarmory|Roost|p1a: Skarmory
|-heal|p1a: Skarmory|100/100
|-singleturn|p1a: Skarmory|move: Roost
|
|upkeep
|turn|25
|
|t:|1651538237
|switch|p2a: Arceus|Arceus-Ground|82/100
|switch|p1a: Heatran|Heatran, M|100/100
|-damage|p1a: Heatran|88/100|[from] Stealth Rock
|
|-heal|p1a: Heatran|94/100|[from] item: Leftovers
|upkeep
|turn|26
|
|t:|1651538242
|switch|p1a: Skarmory|Skarmory, M|100/100
|-damage|p1a: Skarmory|88/100|[from] Stealth Rock
|move|p2a: Arceus|Judgment|p1a: Skarmory
|-immune|p1a: Skarmory
|
|upkeep
|turn|27
|
|t:|1651538246
|move|p2a: Arceus|Recover|p2a: Arceus
|-heal|p2a: Arceus|100/100
|move|p1a: Skarmory|Iron Defense|p1a: Skarmory
|-boost|p1a: Skarmory|def|2
|
|upkeep
|turn|28
|
|t:|1651538253
|switch|p2a: Ho-Oh|Ho-Oh|100/100
|move|p1a: Skarmory|Iron Defense|p1a: Skarmory
|-boost|p1a: Skarmory|def|2
|
|upkeep
|turn|29
|
|t:|1651538262
|move|p2a: Ho-Oh|Sacred Fire|p1a: Skarmory
|-supereffective|p1a: Skarmory
|-damage|p1a: Skarmory|64/100
|-status|p1a: Skarmory|brn
|move|p1a: Skarmory|Roost|p1a: Skarmory
|-heal|p1a: Skarmory|100/100 brn
|-singleturn|p1a: Skarmory|move: Roost
|
|-damage|p1a: Skarmory|95/100 brn|[from] brn
|upkeep
|turn|30
|
|t:|1651538268
|switch|p2a: Giratina|Giratina|25/100
|-ability|p2a: Giratina|Pressure
|move|p1a: Skarmory|Whirlwind|p2a: Giratina
|drag|p2a: Arceus|Arceus-Ground|100/100
|
|-damage|p1a: Skarmory|89/100 brn|[from] brn
|upkeep
|turn|31
|
|t:|1651538274
|switch|p2a: Giratina|Giratina|25/100
|-ability|p2a: Giratina|Pressure
|move|p1a: Skarmory|Whirlwind|p2a: Giratina
|drag|p2a: Arceus|Arceus-Ground|100/100
|
|-damage|p1a: Skarmory|83/100 brn|[from] brn
|upkeep
|turn|32
|
|t:|1651538281
|switch|p2a: Giratina|Giratina|25/100
|-ability|p2a: Giratina|Pressure
|move|p1a: Skarmory|Roost|p1a: Skarmory
|-heal|p1a: Skarmory|100/100 brn
|-singleturn|p1a: Skarmory|move: Roost
|
|-damage|p1a: Skarmory|95/100 brn|[from] brn
|upkeep
|turn|33
|
|t:|1651538289
|switch|p2a: Arceus|Arceus-Ground|100/100
|move|p1a: Skarmory|Iron Defense|p1a: Skarmory
|-boost|p1a: Skarmory|def|2
|
|-damage|p1a: Skarmory|89/100 brn|[from] brn
|upkeep
|turn|34
|
|t:|1651538291
|switch|p2a: Giratina|Giratina|25/100
|-ability|p2a: Giratina|Pressure
|move|p1a: Skarmory|Body Press|p2a: Giratina
|-immune|p2a: Giratina
|
|-damage|p1a: Skarmory|83/100 brn|[from] brn
|upkeep
|turn|35
|
|t:|1651538296
|switch|p2a: Arceus|Arceus-Ground|100/100
|move|p1a: Skarmory|Body Press|p2a: Arceus
|-damage|p2a: Arceus|74/100
|
|-damage|p1a: Skarmory|77/100 brn|[from] brn
|upkeep
|turn|36
|
|t:|1651538302
|switch|p2a: Ho-Oh|Ho-Oh|100/100
|move|p1a: Skarmory|Body Press|p2a: Ho-Oh
|-resisted|p2a: Ho-Oh
|-damage|p2a: Ho-Oh|80/100
|
|-damage|p1a: Skarmory|71/100 brn|[from] brn
|upkeep
|turn|37
|
|t:|1651538305
|switch|p2a: Giratina|Giratina|25/100
|-ability|p2a: Giratina|Pressure
|move|p1a: Skarmory|Roost|p1a: Skarmory
|-heal|p1a: Skarmory|100/100 brn
|-singleturn|p1a: Skarmory|move: Roost
|
|-damage|p1a: Skarmory|95/100 brn|[from] brn
|upkeep
|turn|38
|
|t:|1651538309
|switch|p2a: Ho-Oh|Ho-Oh|100/100
|move|p1a: Skarmory|Body Press|p2a: Ho-Oh
|-resisted|p2a: Ho-Oh
|-damage|p2a: Ho-Oh|82/100
|
|-damage|p1a: Skarmory|89/100 brn|[from] brn
|upkeep
|turn|39
|
|t:|1651538316
|switch|p2a: Giratina|Giratina|25/100
|-ability|p2a: Giratina|Pressure
|switch|p1a: Lucario|Lucario, F|100/100
|-damage|p1a: Lucario|98/100|[from] Stealth Rock
|
|upkeep
|turn|40
|
|t:|1651538324
|switch|p2a: Ho-Oh|Ho-Oh|100/100
|detailschange|p1a: Lucario|Lucario-Mega, F
|-mega|p1a: Lucario|Lucario|Lucarionite
|move|p1a: Lucario|Bullet Punch|p2a: Ho-Oh
|-resisted|p2a: Ho-Oh
|-damage|p2a: Ho-Oh|87/100
|
|upkeep
|turn|41
|
|t:|1651538328
|move|p1a: Lucario|Rock Slide|p2a: Ho-Oh
|-supereffective|p2a: Ho-Oh
|-damage|p2a: Ho-Oh|0 fnt
|faint|p2a: Ho-Oh
|
|upkeep
|
|t:|1651538331
|switch|p2a: Arceus|Arceus-Ground|74/100
|turn|42
|
|t:|1651538334
|switch|p1a: Skarmory|Skarmory, M|89/100 brn
|-damage|p1a: Skarmory|76/100 brn|[from] Stealth Rock
|switch|p2a: Giratina|Giratina|25/100
|-ability|p2a: Giratina|Pressure
|
|-damage|p1a: Skarmory|70/100 brn|[from] brn
|upkeep
|turn|43
|
|t:|1651538336
|switch|p2a: Arceus|Arceus-Ground|74/100
|move|p1a: Skarmory|Roost|p1a: Skarmory
|-heal|p1a: Skarmory|100/100 brn
|-singleturn|p1a: Skarmory|move: Roost
|
|-damage|p1a: Skarmory|95/100 brn|[from] brn
|upkeep
|turn|44
|
|t:|1651538339
|switch|p2a: Giratina|Giratina|25/100
|-ability|p2a: Giratina|Pressure
|move|p1a: Skarmory|Iron Defense|p1a: Skarmory
|-boost|p1a: Skarmory|def|2
|
|-damage|p1a: Skarmory|89/100 brn|[from] brn
|upkeep
|turn|45
|
|t:|1651538343
|move|p2a: Giratina|Earthquake|p1a: Skarmory
|-immune|p1a: Skarmory
|move|p1a: Skarmory|Iron Defense|p1a: Skarmory
|-boost|p1a: Skarmory|def|2
|
|-damage|p1a: Skarmory|83/100 brn|[from] brn
|upkeep
|turn|46
|
|t:|1651538354
|switch|p2a: Arceus|Arceus-Ground|74/100
|move|p1a: Skarmory|Iron Defense|p1a: Skarmory
|-boost|p1a: Skarmory|def|2
|
|-damage|p1a: Skarmory|77/100 brn|[from] brn
|upkeep
|turn|47
|
|t:|1651538359
|move|p2a: Arceus|Toxic||[still]
|-fail|p2a: Arceus
|move|p1a: Skarmory|Roost|p1a: Skarmory
|-heal|p1a: Skarmory|100/100 brn
|-singleturn|p1a: Skarmory|move: Roost
|
|-damage|p1a: Skarmory|95/100 brn|[from] brn
|upkeep
|turn|48
|
|t:|1651538364
|switch|p2a: Giratina|Giratina|25/100
|-ability|p2a: Giratina|Pressure
|move|p1a: Skarmory|Body Press|p2a: Giratina
|-immune|p2a: Giratina
|
|-damage|p1a: Skarmory|89/100 brn|[from] brn
|upkeep
|turn|49
|
|t:|1651538367
|switch|p2a: Arceus|Arceus-Ground|74/100
|move|p1a: Skarmory|Body Press|p2a: Arceus
|-damage|p2a: Arceus|50/100
|
|-damage|p1a: Skarmory|83/100 brn|[from] brn
|upkeep
|turn|50
|
|t:|1651538375
|move|p2a: Arceus|Recover|p2a: Arceus
|-heal|p2a: Arceus|99/100
|move|p1a: Skarmory|Body Press|p2a: Arceus
|-damage|p2a: Arceus|73/100
|
|-damage|p1a: Skarmory|77/100 brn|[from] brn
|upkeep
|turn|51
|
|t:|1651538385
|switch|p2a: Giratina|Giratina|25/100
|-ability|p2a: Giratina|Pressure
|move|p1a: Skarmory|Whirlwind|p2a: Giratina
|drag|p2a: Arceus|Arceus-Ground|73/100
|
|-damage|p1a: Skarmory|71/100 brn|[from] brn
|upkeep
|turn|52
|
|t:|1651538392
|switch|p2a: Giratina|Giratina|25/100
|-ability|p2a: Giratina|Pressure
|switch|p1a: Heatran|Heatran, M|94/100
|-damage|p1a: Heatran|82/100|[from] Stealth Rock
|
|-heal|p1a: Heatran|88/100|[from] item: Leftovers
|upkeep
|turn|53
|
|t:|1651538399
|-start|p1a: Heatran|Dynamax|
|-heal|p1a: Heatran|88/100|[silent]
|move|p2a: Giratina|Earthquake|p1a: Heatran
|-supereffective|p1a: Heatran
|-damage|p1a: Heatran|36/100
|move|p1a: Heatran|Max Flare|p2a: Giratina
|-resisted|p2a: Giratina
|-damage|p2a: Giratina|8/100
|-weather|SunnyDay
|
|-weather|SunnyDay|[upkeep]
|-heal|p1a: Heatran|39/100|[from] item: Leftovers
|upkeep
|turn|54
|
|t:|1651538404
|move|p2a: Giratina|Earthquake|p1a: Heatran
|-supereffective|p1a: Heatran
|-damage|p1a: Heatran|0 fnt
|faint|p1a: Heatran
|
|-weather|SunnyDay|[upkeep]
|upkeep
|
|t:|1651538407
|switch|p1a: Lucario|Lucario-Mega, F|98/100
|-damage|p1a: Lucario|95/100|[from] Stealth Rock
|turn|55
|
|t:|1651538410
|switch|p2a: Arceus|Arceus-Ground|73/100
|move|p1a: Lucario|Bullet Punch|p2a: Arceus
|-damage|p2a: Arceus|56/100
|
|-weather|SunnyDay|[upkeep]
|upkeep
|turn|56
|
|t:|1651538414
|switch|p1a: Skarmory|Skarmory, M|71/100 brn
|-damage|p1a: Skarmory|58/100 brn|[from] Stealth Rock
|move|p2a: Arceus|Judgment|p1a: Skarmory
|-immune|p1a: Skarmory
|
|-weather|SunnyDay|[upkeep]
|-damage|p1a: Skarmory|52/100 brn|[from] brn
|upkeep
|turn|57
|
|t:|1651538417
|move|p2a: Arceus|Recover|p2a: Arceus
|-heal|p2a: Arceus|100/100
|move|p1a: Skarmory|Roost|p1a: Skarmory
|-heal|p1a: Skarmory|100/100 brn
|-singleturn|p1a: Skarmory|move: Roost
|
|-weather|none
|-damage|p1a: Skarmory|95/100 brn|[from] brn
|upkeep
|turn|58
|
|t:|1651538424
|switch|p2a: Giratina|Giratina|8/100
|-ability|p2a: Giratina|Pressure
|switch|p1a: Lucario|Lucario-Mega, F|95/100
|-damage|p1a: Lucario|92/100|[from] Stealth Rock
|
|upkeep
|turn|59
|
|t:|1651538429
|switch|p2a: Arceus|Arceus-Ground|100/100
|move|p1a: Lucario|Swords Dance|p1a: Lucario
|-boost|p1a: Lucario|atk|2
|
|upkeep
|turn|60
|
|t:|1651538431
|move|p1a: Lucario|Close Combat|p2a: Arceus
|-damage|p2a: Arceus|8/100
|-unboost|p1a: Lucario|def|1
|-unboost|p1a: Lucario|spd|1
|move|p2a: Arceus|Judgment|p1a: Lucario
|-supereffective|p1a: Lucario
|-crit|p1a: Lucario
|-damage|p1a: Lucario|0 fnt
|faint|p1a: Lucario
|
|upkeep
|
|t:|1651538434
|switch|p1a: Skarmory|Skarmory, M|95/100 brn
|-damage|p1a: Skarmory|82/100 brn|[from] Stealth Rock
|turn|61
|
|t:|1651538436
|switch|p2a: Giratina|Giratina|8/100
|-ability|p2a: Giratina|Pressure
|move|p1a: Skarmory|Body Press|p2a: Giratina
|-immune|p2a: Giratina
|
|-damage|p1a: Skarmory|76/100 brn|[from] brn
|upkeep
|turn|62
|
|t:|1651538441
|move|p2a: Giratina|Earthquake|p1a: Skarmory
|-immune|p1a: Skarmory
|move|p1a: Skarmory|Roost|p1a: Skarmory
|-heal|p1a: Skarmory|100/100 brn
|-singleturn|p1a: Skarmory|move: Roost
|
|-damage|p1a: Skarmory|95/100 brn|[from] brn
|upkeep
|turn|63
|
|t:|1651538443
|move|p2a: Giratina|Earthquake|p1a: Skarmory
|-immune|p1a: Skarmory
|move|p1a: Skarmory|Iron Defense|p1a: Skarmory
|-boost|p1a: Skarmory|def|2
|
|-damage|p1a: Skarmory|89/100 brn|[from] brn
|upkeep
|turn|64
|
|t:|1651538447
|switch|p2a: Arceus|Arceus-Ground|8/100
|move|p1a: Skarmory|Iron Defense|p1a: Skarmory
|-boost|p1a: Skarmory|def|2
|
|-damage|p1a: Skarmory|83/100 brn|[from] brn
|upkeep
|turn|65
|
|t:|1651538449
|switch|p2a: Giratina|Giratina|8/100
|-ability|p2a: Giratina|Pressure
|move|p1a: Skarmory|Body Press|p2a: Giratina
|-immune|p2a: Giratina
|
|-damage|p1a: Skarmory|77/100 brn|[from] brn
|upkeep
|turn|66
|
|t:|1651538455
|move|p2a: Giratina|Earthquake|p1a: Skarmory
|-immune|p1a: Skarmory
|move|p1a: Skarmory|Iron Defense|p1a: Skarmory
|-boost|p1a: Skarmory|def|2
|
|-damage|p1a: Skarmory|71/100 brn|[from] brn
|upkeep
|turn|67
|
|t:|1651538461
|move|p2a: Giratina|Earthquake|p1a: Skarmory
|-immune|p1a: Skarmory
|move|p1a: Skarmory|Roost|p1a: Skarmory
|-heal|p1a: Skarmory|100/100 brn
|-singleturn|p1a: Skarmory|move: Roost
|
|-damage|p1a: Skarmory|95/100 brn|[from] brn
|upkeep
|turn|68
|
|t:|1651538464
|move|p2a: Giratina|Earthquake|p1a: Skarmory
|-immune|p1a: Skarmory
|move|p1a: Skarmory|Whirlwind|p2a: Giratina
|drag|p2a: Arceus|Arceus-Ground|8/100
|
|-damage|p1a: Skarmory|89/100 brn|[from] brn
|upkeep
|turn|69
|
|t:|1651538469
|switch|p2a: Giratina|Giratina|8/100
|-ability|p2a: Giratina|Pressure
|move|p1a: Skarmory|Body Press|p2a: Giratina
|-immune|p2a: Giratina
|
|-damage|p1a: Skarmory|83/100 brn|[from] brn
|upkeep
|turn|70
|
|t:|1651538485
|move|p2a: Giratina|Earthquake|p1a: Skarmory
|-immune|p1a: Skarmory
|move|p1a: Skarmory|Whirlwind|p2a: Giratina
|drag|p2a: Arceus|Arceus-Ground|8/100
|
|-damage|p1a: Skarmory|77/100 brn|[from] brn
|upkeep
|turn|71
|
|t:|1651538500
|move|p2a: Arceus|Recover|p2a: Arceus
|-heal|p2a: Arceus|58/100
|move|p1a: Skarmory|Body Press|p2a: Arceus
|-damage|p2a: Arceus|34/100
|
|-damage|p1a: Skarmory|71/100 brn|[from] brn
|upkeep
|turn|72
|
|t:|1651538506
|move|p2a: Arceus|Recover|p2a: Arceus
|-heal|p2a: Arceus|84/100
|move|p1a: Skarmory|Whirlwind|p2a: Arceus
|drag|p2a: Giratina|Giratina|8/100
|-ability|p2a: Giratina|Pressure
|
|-damage|p1a: Skarmory|65/100 brn|[from] brn
|upkeep
|turn|73
|c|☆TheImpactAssault|Gg
|
|t:|1651538513
|switch|p2a: Arceus|Arceus-Ground|84/100
|move|p1a: Skarmory|Whirlwind|p2a: Arceus
|drag|p2a: Giratina|Giratina|8/100
|-ability|p2a: Giratina|Pressure
|
|-damage|p1a: Skarmory|59/100 brn|[from] brn
|upkeep
|turn|74
|
|t:|1651538516
|switch|p2a: Arceus|Arceus-Ground|84/100
|move|p1a: Skarmory|Whirlwind|p2a: Arceus
|drag|p2a: Giratina|Giratina|8/100
|-ability|p2a: Giratina|Pressure
|
|-damage|p1a: Skarmory|53/100 brn|[from] brn
|upkeep
|turn|75
|
|t:|1651538522
|switch|p2a: Arceus|Arceus-Ground|84/100
|move|p1a: Skarmory|Whirlwind|p2a: Arceus
|drag|p2a: Giratina|Giratina|8/100
|-ability|p2a: Giratina|Pressure
|
|-damage|p1a: Skarmory|47/100 brn|[from] brn
|upkeep
|turn|76
|
|t:|1651538529
|switch|p2a: Arceus|Arceus-Ground|84/100
|move|p1a: Skarmory|Whirlwind|p2a: Arceus
|drag|p2a: Giratina|Giratina|8/100
|-ability|p2a: Giratina|Pressure
|
|-damage|p1a: Skarmory|41/100 brn|[from] brn
|upkeep
|turn|77
|c|☆TheImpactAssault|Take all the time you want but gg
|
|t:|1651538540
|switch|p2a: Arceus|Arceus-Ground|84/100
|move|p1a: Skarmory|Roost|p1a: Skarmory
|-heal|p1a: Skarmory|91/100 brn
|-singleturn|p1a: Skarmory|move: Roost
|
|-damage|p1a: Skarmory|85/100 brn|[from] brn
|upkeep
|turn|78
|
|t:|1651538551
|switch|p2a: Giratina|Giratina|8/100
|-ability|p2a: Giratina|Pressure
|move|p1a: Skarmory|Whirlwind|p2a: Giratina
|drag|p2a: Arceus|Arceus-Ground|84/100
|
|-damage|p1a: Skarmory|79/100 brn|[from] brn
|upkeep
|turn|79
|
|t:|1651538557
|switch|p2a: Giratina|Giratina|8/100
|-ability|p2a: Giratina|Pressure
|move|p1a: Skarmory|Whirlwind|p2a: Giratina
|drag|p2a: Arceus|Arceus-Ground|84/100
|
|-damage|p1a: Skarmory|73/100 brn|[from] brn
|upkeep
|turn|80
|
|t:|1651538576
|switch|p2a: Giratina|Giratina|8/100
|-ability|p2a: Giratina|Pressure
|move|p1a: Skarmory|Whirlwind|p2a: Giratina
|drag|p2a: Arceus|Arceus-Ground|84/100
|
|-damage|p1a: Skarmory|67/100 brn|[from] brn
|upkeep
|turn|81
|inactive|Xx_MLGprosniper_xX has 120 seconds left.
|
|t:|1651538605
|switch|p2a: Giratina|Giratina|8/100
|-ability|p2a: Giratina|Pressure
|move|p1a: Skarmory|Whirlwind|p2a: Giratina
|drag|p2a: Arceus|Arceus-Ground|84/100
|
|-damage|p1a: Skarmory|61/100 brn|[from] brn
|upkeep
|turn|82
|inactive|Xx_MLGprosniper_xX has 120 seconds left.
|
|t:|1651538620
|switch|p2a: Giratina|Giratina|8/100
|-ability|p2a: Giratina|Pressure
|move|p1a: Skarmory|Whirlwind|p2a: Giratina
|drag|p2a: Arceus|Arceus-Ground|84/100
|
|-damage|p1a: Skarmory|55/100 brn|[from] brn
|upkeep
|turn|83
|
|t:|1651538629
|switch|p2a: Giratina|Giratina|8/100
|-ability|p2a: Giratina|Pressure
|move|p1a: Skarmory|Whirlwind|p2a: Giratina
|drag|p2a: Arceus|Arceus-Ground|84/100
|
|-damage|p1a: Skarmory|49/100 brn|[from] brn
|upkeep
|turn|84
|
|t:|1651538643
|switch|p2a: Giratina|Giratina|8/100
|-ability|p2a: Giratina|Pressure
|move|p1a: Skarmory|Roost|p1a: Skarmory
|-heal|p1a: Skarmory|99/100 brn
|-singleturn|p1a: Skarmory|move: Roost
|
|-damage|p1a: Skarmory|93/100 brn|[from] brn
|upkeep
|turn|85
|inactive|Xx_MLGprosniper_xX has 120 seconds left.
|
|t:|1651538669
|switch|p2a: Arceus|Arceus-Ground|84/100
|move|p1a: Skarmory|Whirlwind|p2a: Arceus
|drag|p2a: Giratina|Giratina|8/100
|-ability|p2a: Giratina|Pressure
|
|-damage|p1a: Skarmory|87/100 brn|[from] brn
|upkeep
|turn|86
|
|t:|1651538691
|switch|p2a: Arceus|Arceus-Ground|84/100
|move|p1a: Skarmory|Whirlwind|p2a: Arceus
|drag|p2a: Giratina|Giratina|8/100
|-ability|p2a: Giratina|Pressure
|
|-damage|p1a: Skarmory|81/100 brn|[from] brn
|upkeep
|turn|87
|
|t:|1651538712
|switch|p2a: Arceus|Arceus-Ground|84/100
|move|p1a: Skarmory|Whirlwind|p2a: Arceus
|drag|p2a: Giratina|Giratina|8/100
|-ability|p2a: Giratina|Pressure
|
|-damage|p1a: Skarmory|75/100 brn|[from] brn
|upkeep
|turn|88
|inactive|Xx_MLGprosniper_xX has 90 seconds left.
|
|t:|1651538733
|switch|p2a: Arceus|Arceus-Ground|84/100
|move|p1a: Skarmory|Whirlwind|p2a: Arceus
|drag|p2a: Giratina|Giratina|8/100
|-ability|p2a: Giratina|Pressure
|
|-damage|p1a: Skarmory|69/100 brn|[from] brn
|upkeep
|turn|89
|inactive|Xx_MLGprosniper_xX has 90 seconds left.
|
|t:|1651538751
|move|p2a: Giratina|Earthquake|p1a: Skarmory
|-immune|p1a: Skarmory
|move|p1a: Skarmory|Whirlwind|p2a: Giratina
|drag|p2a: Arceus|Arceus-Ground|84/100
|
|-damage|p1a: Skarmory|63/100 brn|[from] brn
|upkeep
|turn|90
|
|t:|1651538763
|switch|p2a: Giratina|Giratina|8/100
|-ability|p2a: Giratina|Pressure
|move|p1a: Skarmory|Iron Defense|p1a: Skarmory
|-boost|p1a: Skarmory|def|0
|
|-damage|p1a: Skarmory|57/100 brn|[from] brn
|upkeep
|turn|91
|
|t:|1651538776
|move|p2a: Giratina|Earthquake|p1a: Skarmory
|-immune|p1a: Skarmory
|move|p1a: Skarmory|Iron Defense|p1a: Skarmory
|-boost|p1a: Skarmory|def|0
|
|-damage|p1a: Skarmory|51/100 brn|[from] brn
|upkeep
|turn|92
|
|t:|1651538785
|move|p2a: Giratina|Earthquake|p1a: Skarmory
|-immune|p1a: Skarmory
|move|p1a: Skarmory|Iron Defense|p1a: Skarmory
|-boost|p1a: Skarmory|def|0
|
|-damage|p1a: Skarmory|45/100 brn|[from] brn
|upkeep
|turn|93
|
|t:|1651538793
|move|p2a: Giratina|Earthquake|p1a: Skarmory
|-immune|p1a: Skarmory
|move|p1a: Skarmory|Iron Defense|p1a: Skarmory
|-boost|p1a: Skarmory|def|0
|
|-damage|p1a: Skarmory|39/100 brn|[from] brn
|upkeep
|turn|94
|
|t:|1651538804
|switch|p2a: Arceus|Arceus-Ground|84/100
|move|p1a: Skarmory|Iron Defense|p1a: Skarmory
|-boost|p1a: Skarmory|def|0
|
|-damage|p1a: Skarmory|33/100 brn|[from] brn
|upkeep
|turn|95
|
|t:|1651538813
|move|p2a: Arceus|Judgment|p1a: Skarmory
|-immune|p1a: Skarmory
|move|p1a: Skarmory|Iron Defense|p1a: Skarmory
|-boost|p1a: Skarmory|def|0
|
|-damage|p1a: Skarmory|27/100 brn|[from] brn
|upkeep
|turn|96
|inactive|Xx_MLGprosniper_xX has 60 seconds left.
|
|t:|1651538828
|move|p2a: Arceus|Toxic||[still]
|-fail|p2a: Arceus
|move|p1a: Skarmory|Iron Defense|p1a: Skarmory
|-boost|p1a: Skarmory|def|0
|
|-damage|p1a: Skarmory|21/100 brn|[from] brn
|upkeep
|turn|97
|inactive|Xx_MLGprosniper_xX has 60 seconds left.
|
|t:|1651538839
|move|p2a: Arceus|Toxic||[still]
|-fail|p2a: Arceus
|move|p1a: Skarmory|Iron Defense|p1a: Skarmory
|-boost|p1a: Skarmory|def|0
|
|-damage|p1a: Skarmory|15/100 brn|[from] brn
|upkeep
|turn|98
|
|t:|1651538848
|move|p2a: Arceus|Defog|p1a: Skarmory
|-unboost|p1a: Skarmory|evasion|1
|-sideend|p1: Xx_MLGprosniper_xX|Stealth Rock|[from] move: Defog|[of] p2a: Arceus
|move|p1a: Skarmory|Iron Defense|p1a: Skarmory
|-boost|p1a: Skarmory|def|0
|
|-damage|p1a: Skarmory|9/100 brn|[from] brn
|upkeep
|turn|99
|
|t:|1651538856
|move|p2a: Arceus|Defog|p1a: Skarmory
|-unboost|p1a: Skarmory|evasion|1
|move|p1a: Skarmory|Iron Defense|p1a: Skarmory
|-boost|p1a: Skarmory|def|0
|
|-damage|p1a: Skarmory|3/100 brn|[from] brn
|upkeep
|turn|100
|c|☆TheImpactAssault|Ain't nothing mlg about this scrub babyyyyyyy
|inactive|Xx_MLGprosniper_xX has 30 seconds left.
|inactive|Xx_MLGprosniper_xX has 20 seconds left.
|inactive|Xx_MLGprosniper_xX has 15 seconds left.
|inactive|Xx_MLGprosniper_xX has 10 seconds left.
|inactive|Xx_MLGprosniper_xX has 5 seconds left.
|-message|Xx_MLGprosniper_xX lost due to inactivity.
|
|win|TheImpactAssault
|raw|Xx_MLGprosniper_xX's rating: 1573 &rarr; <strong>1555</strong><br />(-18 for losing)
|raw|TheImpactAssault's rating: 1607 &rarr; <strong>1625</strong><br />(+18 for winning)
|c|☆TheImpactAssault|Stay mad
