|j|☆rowletroost
|j|☆ReactJS3
|t:|1636676097
|gametype|singles
|player|p1|rowletroost|candice|1787
|player|p2|ReactJS3|102|1932
|teamsize|p1|6
|teamsize|p2|6
|gen|8
|tier|[Gen 8] National Dex AG
|rated|
|rule|HP Percentage Mod: HP is shown in percentages
|rule|Endless Battle Clause: Forcing endless battles is banned
|clearpoke
|poke|p1|Arceus-*|
|poke|p1|Xerneas-*|
|poke|p1|Kyogre|
|poke|p1|Marshadow|
|poke|p1|Ribombee, F|
|poke|p1|Vivillon-Savanna, M|
|poke|p2|Rayquaza|
|poke|p2|Zacian-*|
|poke|p2|Yveltal|
|poke|p2|Groudon|
|poke|p2|Ho-Oh|
|poke|p2|Ditto|
|teampreview
|inactive|Battle timer is ON: inactive players will automatically lose when time's up. (requested by rowletroost)
|j| BanMeUBot-_-
|l| BanMeUBot-_-
|
|t:|1636676123
|start
|switch|p1a: Kyogre|Kyogre, shiny|100/100
|switch|p2a: Yveltal|Yveltal|100/100
|-ability|p2a: Yveltal|Dark Aura
|detailschange|p1a: Kyogre|Kyogre-Primal, shiny
|-primal|p1a: Kyogre
|-weather|PrimordialSea|[from] ability: Primordial Sea|[of] p1a: Kyogre
|turn|1
|
|t:|1636676133
|switch|p2a: Groudon|Groudon|100/100
|detailschange|p2a: Groudon|Groudon-Primal
|-primal|p2a: Groudon
|-weather|DesolateLand|[from] ability: Desolate Land|[of] p2a: Groudon
|move|p1a: Kyogre|Ice Beam|p2a: Groudon
|-damage|p2a: Groudon|64/100
|
|-weather|DesolateLand|[upkeep]
|upkeep
|turn|2
|
|t:|1636676139
|switch|p1a: Arceus|Arceus-Ground|100/100
|move|p2a: Groudon|Stealth Rock|p1a: Arceus
|-sidestart|p1: rowletroost|move: Stealth Rock
|
|-weather|DesolateLand|[upkeep]
|upkeep
|turn|3
|
|t:|1636676143
|-weather|none
|switch|p2a: Ho-Oh|Ho-Oh|100/100
|move|p1a: Arceus|Judgment|p2a: Ho-Oh
|-immune|p2a: Ho-Oh
|
|upkeep
|turn|4
|
|t:|1636676146
|move|p1a: Arceus|Defog|p2a: Ho-Oh
|-unboost|p2a: Ho-Oh|evasion|1
|-sideend|p1: rowletroost|Stealth Rock|[from] move: Defog|[of] p1a: Arceus
|move|p2a: Ho-Oh|Toxic|p1a: Arceus
|-status|p1a: Arceus|tox
|
|-damage|p1a: Arceus|94/100 tox|[from] psn
|upkeep
|turn|5
|
|t:|1636676153
|switch|p1a: Kyogre|Kyogre-Primal, shiny|100/100
|-weather|PrimordialSea|[from] ability: Primordial Sea|[of] p1a: Kyogre
|switch|p2a: Rayquaza|Rayquaza|100/100
|-ability|p2a: Rayquaza|Air Lock
|
|-weather|PrimordialSea|[upkeep]
|upkeep
|turn|6
|
|t:|1636676158
|detailschange|p2a: Rayquaza|Rayquaza-Mega
|-mega|p2a: Rayquaza|Rayquaza|
|-weather|DeltaStream|[from] ability: Delta Stream|[of] p2a: Rayquaza
|move|p2a: Rayquaza|Dragon Ascent|p1a: Kyogre
|-damage|p1a: Kyogre|25/100
|-unboost|p2a: Rayquaza|def|1
|-unboost|p2a: Rayquaza|spd|1
|move|p1a: Kyogre|Ice Beam|p2a: Rayquaza
|-activate||deltastream
|-supereffective|p2a: Rayquaza
|-enditem|p2a: Rayquaza|Focus Sash
|-damage|p2a: Rayquaza|1/100
|-status|p2a: Rayquaza|frz
|
|-weather|DeltaStream|[upkeep]
|upkeep
|turn|7
|
|t:|1636676163
|cant|p2a: Rayquaza|frz
|move|p1a: Kyogre|Ice Beam|p2a: Rayquaza
|-activate||deltastream
|-supereffective|p2a: Rayquaza
|-damage|p2a: Rayquaza|0 fnt
|faint|p2a: Rayquaza
|-weather|none
|
|upkeep
|
|t:|1636676166
|switch|p2a: Zacian|Zacian-Crowned|100/100
|-ability|p2a: Zacian|Intrepid Sword|boost
|-boost|p2a: Zacian|atk|1
|turn|8
|
|t:|1636676171
|move|p2a: Zacian|Behemoth Blade|p1a: Kyogre
|-resisted|p1a: Kyogre
|-damage|p1a: Kyogre|0 fnt
|faint|p1a: Kyogre
|
|upkeep
|
|t:|1636676179
|switch|p1a: Ribombee|Ribombee, F, shiny|100/100
|turn|9
|
|t:|1636676182
|move|p2a: Zacian|Behemoth Blade|p1a: Ribombee
|-supereffective|p1a: Ribombee
|-enditem|p1a: Ribombee|Focus Sash
|-damage|p1a: Ribombee|1/100
|move|p1a: Ribombee|Sticky Web|p2a: Zacian
|-sidestart|p2: ReactJS3|move: Sticky Web
|
|upkeep
|turn|10
|
|t:|1636676185
|move|p2a: Zacian|Behemoth Blade|p1a: Ribombee
|-supereffective|p1a: Ribombee
|-damage|p1a: Ribombee|0 fnt
|faint|p1a: Ribombee
|
|upkeep
|
|t:|1636676193
|switch|p1a: Marshadow|Marshadow|100/100
|turn|11
|
|t:|1636676206
|switch|p2a: Groudon|Groudon-Primal|64/100
|-activate|p2a: Groudon|move: Sticky Web
|-unboost|p2a: Groudon|spe|1
|-weather|DesolateLand|[from] ability: Desolate Land|[of] p2a: Groudon
|move|p1a: Marshadow|Spectral Thief|p2a: Groudon
|-damage|p2a: Groudon|44/100
|
|-weather|DesolateLand|[upkeep]
|upkeep
|turn|12
|
|t:|1636676215
|switch|p1a: Vivillon|Vivillon-Savanna, M|100/100
|move|p2a: Groudon|Stealth Rock|p1a: Vivillon
|-sidestart|p1: rowletroost|move: Stealth Rock
|
|-weather|DesolateLand|[upkeep]
|upkeep
|turn|13
|
|t:|1636676218
|-weather|none
|switch|p2a: Ho-Oh|Ho-Oh|100/100
|move|p1a: Vivillon|Sleep Powder|p2a: Ho-Oh
|-status|p2a: Ho-Oh|slp|[from] move: Sleep Powder
|
|upkeep
|turn|14
|
|t:|1636676221
|move|p1a: Vivillon|Quiver Dance|p1a: Vivillon
|-boost|p1a: Vivillon|spa|1
|-boost|p1a: Vivillon|spd|1
|-boost|p1a: Vivillon|spe|1
|cant|p2a: Ho-Oh|slp
|
|upkeep
|turn|15
|
|t:|1636676244
|-start|p1a: Vivillon|Dynamax
|-heal|p1a: Vivillon|100/100|[silent]
|move|p1a: Vivillon|Max Airstream|p2a: Ho-Oh
|-damage|p2a: Ho-Oh|53/100 slp
|-boost|p1a: Vivillon|spe|1
|-curestatus|p2a: Ho-Oh|slp|[msg]
|move|p2a: Ho-Oh|Whirlwind|p1a: Vivillon
|-block|p1a: Vivillon|Dynamax
|
|upkeep
|turn|16
|
|t:|1636676255
|move|p1a: Vivillon|Max Airstream|p2a: Ho-Oh
|-damage|p2a: Ho-Oh|4/100
|-boost|p1a: Vivillon|spe|1
|move|p2a: Ho-Oh|Sacred Fire|p1a: Vivillon
|-supereffective|p1a: Vivillon
|-damage|p1a: Vivillon|23/100
|-status|p1a: Vivillon|brn
|
|-heal|p1a: Vivillon|26/100 brn|[from] item: Leftovers
|-damage|p1a: Vivillon|23/100 brn|[from] brn
|upkeep
|turn|17
|
|t:|1636676269
|switch|p2a: Zacian|Zacian-Crowned|100/100
|-activate|p2a: Zacian|move: Sticky Web
|-unboost|p2a: Zacian|spe|1
|-ability|p2a: Zacian|Intrepid Sword|boost
|-boost|p2a: Zacian|atk|1
|move|p1a: Vivillon|Max Guard||[still]
|-fail|p1a: Vivillon
|
|-heal|p1a: Vivillon|26/100 brn|[from] item: Leftovers
|-damage|p1a: Vivillon|23/100 brn|[from] brn
|-end|p1a: Vivillon|Dynamax
|-heal|p1a: Vivillon|23/100 brn|[silent]
|upkeep
|turn|18
|
|t:|1636676279
|switch|p2a: Ho-Oh|Ho-Oh|37/100
|move|p1a: Vivillon|Sleep Powder|p2a: Ho-Oh
|-status|p2a: Ho-Oh|slp|[from] move: Sleep Powder
|
|-heal|p1a: Vivillon|29/100 brn|[from] item: Leftovers
|-damage|p1a: Vivillon|23/100 brn|[from] brn
|upkeep
|turn|19
|
|t:|1636676286
|switch|p2a: Groudon|Groudon-Primal|44/100
|-activate|p2a: Groudon|move: Sticky Web
|-unboost|p2a: Groudon|spe|1
|-weather|DesolateLand|[from] ability: Desolate Land|[of] p2a: Groudon
|move|p1a: Vivillon|Hurricane|p2a: Groudon|[miss]
|-miss|p1a: Vivillon|p2a: Groudon
|
|-weather|DesolateLand|[upkeep]
|-heal|p1a: Vivillon|29/100 brn|[from] item: Leftovers
|-damage|p1a: Vivillon|23/100 brn|[from] brn
|upkeep
|turn|20
|
|t:|1636676303
|move|p1a: Vivillon|Sleep Powder|p2a: Groudon
|-status|p2a: Groudon|slp|[from] move: Sleep Powder
|cant|p2a: Groudon|slp
|
|-weather|DesolateLand|[upkeep]
|-heal|p1a: Vivillon|29/100 brn|[from] item: Leftovers
|-damage|p1a: Vivillon|23/100 brn|[from] brn
|upkeep
|turn|21
|inactive|rowletroost has 120 seconds left.
|
|t:|1636676347
|move|p1a: Vivillon|Hurricane|p2a: Groudon|[miss]
|-miss|p1a: Vivillon|p2a: Groudon
|cant|p2a: Groudon|slp
|
|-weather|DesolateLand|[upkeep]
|-heal|p1a: Vivillon|29/100 brn|[from] item: Leftovers
|-damage|p1a: Vivillon|23/100 brn|[from] brn
|upkeep
|turn|22
|
|t:|1636676354
|move|p1a: Vivillon|Hurricane|p2a: Groudon
|-damage|p2a: Groudon|0 fnt
|faint|p2a: Groudon
|-weather|none
|
|-heal|p1a: Vivillon|29/100 brn|[from] item: Leftovers
|-damage|p1a: Vivillon|23/100 brn|[from] brn
|upkeep
|
|t:|1636676363
|switch|p2a: Ditto|Ditto|100/100
|-activate|p2a: Ditto|move: Sticky Web
|-unboost|p2a: Ditto|spe|1
|-transform|p2a: Ditto|p1a: Vivillon|[from] ability: Imposter
|turn|23
|
|t:|1636676370
|move|p2a: Ditto|Hurricane|p1a: Vivillon|[miss]
|-miss|p2a: Ditto|p1a: Vivillon
|move|p1a: Vivillon|Hurricane|p2a: Ditto
|-supereffective|p2a: Ditto
|-damage|p2a: Ditto|0 fnt
|faint|p2a: Ditto
|
|-heal|p1a: Vivillon|29/100 brn|[from] item: Leftovers
|-damage|p1a: Vivillon|23/100 brn|[from] brn
|upkeep
|inactive|ReactJS3 has 120 seconds left.
|
|t:|1636676406
|switch|p2a: Zacian|Zacian-Crowned|100/100
|-activate|p2a: Zacian|move: Sticky Web
|-unboost|p2a: Zacian|spe|1
|-ability|p2a: Zacian|Intrepid Sword|boost
|-boost|p2a: Zacian|atk|1
|turn|24
|
|t:|1636676409
|switch|p2a: Ho-Oh|Ho-Oh|70/100 slp
|move|p1a: Vivillon|Sleep Powder|p2a: Ho-Oh
|-fail|p2a: Ho-Oh|slp
|
|-heal|p1a: Vivillon|29/100 brn|[from] item: Leftovers
|-damage|p1a: Vivillon|23/100 brn|[from] brn
|upkeep
|turn|25
|
|t:|1636676414
|move|p1a: Vivillon|Hurricane|p2a: Ho-Oh
|-damage|p2a: Ho-Oh|34/100 slp
|cant|p2a: Ho-Oh|slp
|
|-heal|p1a: Vivillon|29/100 brn|[from] item: Leftovers
|-damage|p1a: Vivillon|23/100 brn|[from] brn
|upkeep
|turn|26
|
|t:|1636676426
|switch|p2a: Zacian|Zacian-Crowned|100/100
|-activate|p2a: Zacian|move: Sticky Web
|-unboost|p2a: Zacian|spe|1
|-ability|p2a: Zacian|Intrepid Sword|boost
|-boost|p2a: Zacian|atk|1
|move|p1a: Vivillon|Hurricane|p2a: Zacian
|-resisted|p2a: Zacian
|-damage|p2a: Zacian|68/100
|-start|p2a: Zacian|confusion
|
|-heal|p1a: Vivillon|29/100 brn|[from] item: Leftovers
|-damage|p1a: Vivillon|23/100 brn|[from] brn
|upkeep
|turn|27
|
|t:|1636676430
|move|p1a: Vivillon|Hurricane|p2a: Zacian
|-resisted|p2a: Zacian
|-damage|p2a: Zacian|38/100
|-activate|p2a: Zacian|confusion
|move|p2a: Zacian|Behemoth Blade|p1a: Vivillon
|-damage|p1a: Vivillon|0 fnt
|faint|p1a: Vivillon
|
|upkeep
|
|t:|1636676438
|switch|p1a: Marshadow|Marshadow|100/100
|-damage|p1a: Marshadow|94/100|[from] Stealth Rock
|turn|28
|
|t:|1636676442
|switch|p2a: Ho-Oh|Ho-Oh|68/100 slp
|move|p1a: Marshadow|Spectral Thief|p2a: Ho-Oh
|-damage|p2a: Ho-Oh|36/100 slp
|
|upkeep
|turn|29
|
|t:|1636676451
|move|p1a: Marshadow|Rock Tomb|p2a: Ho-Oh
|-supereffective|p2a: Ho-Oh
|-damage|p2a: Ho-Oh|0 fnt
|faint|p2a: Ho-Oh
|
|upkeep
|
|t:|1636676455
|switch|p2a: Yveltal|Yveltal|100/100
|-ability|p2a: Yveltal|Dark Aura
|turn|30
|
|t:|1636676461
|-start|p2a: Yveltal|Dynamax
|-heal|p2a: Yveltal|100/100|[silent]
|move|p1a: Marshadow|Rock Tomb|p2a: Yveltal
|-supereffective|p2a: Yveltal
|-damage|p2a: Yveltal|69/100
|-unboost|p2a: Yveltal|spe|1
|move|p2a: Yveltal|Max Airstream|p1a: Marshadow
|-supereffective|p1a: Marshadow
|-damage|p1a: Marshadow|0 fnt
|-boost|p2a: Yveltal|spe|1
|faint|p1a: Marshadow
|-damage|p2a: Yveltal|64/100|[from] item: Life Orb
|
|upkeep
|
|t:|1636676465
|switch|p1a: Xerneas|Xerneas, shiny|100/100
|-damage|p1a: Xerneas|88/100|[from] Stealth Rock
|-ability|p1a: Xerneas|Fairy Aura
|turn|31
|
|t:|1636676467
|move|p2a: Yveltal|Max Airstream|p1a: Xerneas
|-damage|p1a: Xerneas|7/100
|-boost|p2a: Yveltal|spe|1
|-damage|p2a: Yveltal|59/100|[from] item: Life Orb
|move|p1a: Xerneas|Moonblast|p2a: Yveltal
|-supereffective|p2a: Yveltal
|-damage|p2a: Yveltal|0 fnt
|faint|p2a: Yveltal
|
|upkeep
|j| BanMeUBot-_-
|
|t:|1636676469
|switch|p2a: Zacian|Zacian-Crowned|38/100
|-activate|p2a: Zacian|move: Sticky Web
|-unboost|p2a: Zacian|spe|1
|-ability|p2a: Zacian|Intrepid Sword|boost
|-boost|p2a: Zacian|atk|1
|turn|32
|
|t:|1636676472
|move|p2a: Zacian|Behemoth Blade|p1a: Xerneas
|-supereffective|p1a: Xerneas
|-damage|p1a: Xerneas|0 fnt
|faint|p1a: Xerneas
|
|upkeep
|
|t:|1636676474
|switch|p1a: Arceus|Arceus-Ground|94/100 tox
|-damage|p1a: Arceus|88/100 tox|[from] Stealth Rock
|turn|33
|
|t:|1636676476
|move|p2a: Zacian|Behemoth Blade|p1a: Arceus
|-damage|p1a: Arceus|37/100 tox
|move|p1a: Arceus|Judgment|p2a: Zacian
|-supereffective|p2a: Zacian
|-damage|p2a: Zacian|0 fnt
|faint|p2a: Zacian
|
|win|rowletroost
|raw|rowletroost's rating: 1787 &rarr; <strong>1815</strong><br />(+28 for winning)
|raw|ReactJS3's rating: 1932 &rarr; <strong>1904</strong><br />(-28 for losing)
|l| BanMeUBot-_-
|l|☆ReactJS3
||Ladder isn't responding, score probably updated but might not have (Request timeout).
