|j|☆Sam Hyde Pill
|j|☆Buck X
|t:|1661173152
|gametype|singles
|player|p1|Sam Hyde Pill|swimmerf|1590
|player|p2|Buck X|ethan-masters|1796
|teamsize|p1|6
|teamsize|p2|6
|gen|8
|tier|[Gen 8] National Dex AG
|rated|
|rule|HP Percentage Mod: HP is shown in percentages
|rule|Endless Battle Clause: Forcing endless battles is banned
|clearpoke
|poke|p1|Arceus-*|
|poke|p1|Excadrill, F|
|poke|p1|Smeargle, M|
|poke|p1|Smeargle, F|
|poke|p1|Xerneas-*|
|poke|p1|Rayquaza|
|poke|p2|Arceus-*|
|poke|p2|Quagsire, M|
|poke|p2|Lugia|
|poke|p2|Ho-Oh|
|poke|p2|Chansey, F|
|poke|p2|Gliscor, M|
|teampreview
|inactive|Battle timer is ON: inactive players will automatically lose when time's up. (requested by Buck X)
|
|t:|1661173156
|start
|switch|p1a: Mole From Gforce|Excadrill, F|100/100
|switch|p2a: Gliscor|Gliscor, M|100/100
|-ability|p1a: Mole From Gforce|Mold Breaker
|turn|1
|
|t:|1661173164
|move|p1a: Mole From Gforce|Rock Tomb|p2a: Gliscor
|-damage|p2a: Gliscor|86/100
|-unboost|p2a: Gliscor|spe|1
|move|p2a: Gliscor|Earthquake|p1a: Mole From Gforce
|-supereffective|p1a: Mole From Gforce
|-damage|p1a: Mole From Gforce|2/100
|
|-status|p2a: Gliscor|tox|[from] item: Toxic Orb
|upkeep
|turn|2
|
|t:|1661173177
|move|p1a: Mole From Gforce|Stealth Rock|p2a: Gliscor
|-sidestart|p2: Buck X|move: Stealth Rock
|move|p2a: Gliscor|Stealth Rock|p1a: Mole From Gforce
|-sidestart|p1: Sam Hyde Pill|move: Stealth Rock
|
|-heal|p2a: Gliscor|99/100 tox|[from] ability: Poison Heal
|upkeep
|turn|3
|
|t:|1661173186
|switch|p2a: Quagsire|Quagsire, M|100/100
|-damage|p2a: Quagsire|94/100|[from] Stealth Rock
|move|p1a: Mole From Gforce|Rapid Spin|p2a: Quagsire
|-damage|p2a: Quagsire|83/100
|-boost|p1a: Mole From Gforce|spe|1
|-damage|p1a: Mole From Gforce|0 fnt|[from] item: Rocky Helmet|[of] p2a: Quagsire
|faint|p1a: Mole From Gforce
|
|upkeep
|
|t:|1661173213
|switch|p1a: Benadryl|Xerneas|100/100
|-damage|p1a: Benadryl|88/100|[from] Stealth Rock
|-ability|p1a: Benadryl|Fairy Aura
|turn|4
|
|t:|1661173220
|switch|p2a: Chansey|Chansey, F|100/100
|-damage|p2a: Chansey|88/100|[from] Stealth Rock
|move|p1a: Benadryl|Geomancy||[still]
|-prepare|p1a: Benadryl|Geomancy
|-enditem|p1a: Benadryl|Power Herb
|-anim|p1a: Benadryl|Geomancy|p1a: Benadryl
|-boost|p1a: Benadryl|spa|2
|-boost|p1a: Benadryl|spd|2
|-boost|p1a: Benadryl|spe|2
|
|upkeep
|turn|5
|
|t:|1661173229
|-start|p1a: Benadryl|Dynamax|
|-heal|p1a: Benadryl|88/100|[silent]
|move|p1a: Benadryl|Max Starfall|p2a: Chansey
|-damage|p2a: Chansey|38/100
|-fieldstart|move: Misty Terrain
|move|p2a: Chansey|Confide|p1a: Benadryl
|-unboost|p1a: Benadryl|spa|1
|
|upkeep
|turn|6
|
|t:|1661173243
|switch|p2a: Ho-Oh|Ho-Oh|100/100
|move|p1a: Benadryl|Max Starfall|p2a: Ho-Oh
|-resisted|p2a: Ho-Oh
|-damage|p2a: Ho-Oh|59/100
|
|upkeep
|turn|7
|
|t:|1661173256
|switch|p2a: Quagsire|Quagsire, M|83/100
|-damage|p2a: Quagsire|77/100|[from] Stealth Rock
|move|p1a: Benadryl|Max Lightning|p2a: Quagsire
|-immune|p2a: Quagsire
|
|upkeep
|-end|p1a: Benadryl|Dynamax
|-heal|p1a: Benadryl|88/100|[silent]
|turn|8
|
|t:|1661173263
|move|p1a: Benadryl|Moonblast|p2a: Quagsire
|-damage|p2a: Quagsire|0 fnt
|faint|p2a: Quagsire
|
|upkeep
|
|t:|1661173265
|switch|p2a: Chansey|Chansey, F|38/100
|-damage|p2a: Chansey|26/100|[from] Stealth Rock
|turn|9
|
|t:|1661173268
|move|p1a: Benadryl|Moonblast|p2a: Chansey
|-damage|p2a: Chansey|0 fnt
|faint|p2a: Chansey
|
|-fieldend|Misty Terrain
|upkeep
|
|t:|1661173276
|switch|p2a: Ho-Oh|Ho-Oh|93/100
|turn|10
|
|t:|1661173280
|move|p1a: Benadryl|Thunder|p2a: Ho-Oh
|-supereffective|p2a: Ho-Oh
|-damage|p2a: Ho-Oh|21/100
|-status|p2a: Ho-Oh|par
|move|p2a: Ho-Oh|Whirlwind|p1a: Benadryl
|drag|p1a: Gayquaza|Rayquaza|100/100
|-damage|p1a: Gayquaza|76/100|[from] Stealth Rock
|-ability|p1a: Gayquaza|Air Lock
|
|upkeep
|turn|11
|
|t:|1661173297
|switch|p2a: Lugia|Lugia|100/100
|-damage|p2a: Lugia|75/100|[from] Stealth Rock
|detailschange|p1a: Gayquaza|Rayquaza-Mega
|-mega|p1a: Gayquaza|Rayquaza|
|-weather|DeltaStream|[from] ability: Delta Stream|[of] p1a: Gayquaza
|move|p1a: Gayquaza|Swords Dance|p1a: Gayquaza
|-boost|p1a: Gayquaza|atk|2
|
|-weather|DeltaStream|[upkeep]
|-heal|p2a: Lugia|82/100|[from] item: Leftovers
|upkeep
|turn|12
|
|t:|1661173317
|-start|p2a: Lugia|Dynamax|
|-heal|p2a: Lugia|82/100|[silent]
|move|p1a: Gayquaza|Dragon Ascent|p2a: Lugia
|-damage|p2a: Lugia|34/100
|-unboost|p1a: Gayquaza|def|1
|-unboost|p1a: Gayquaza|spd|1
|-damage|p1a: Gayquaza|66/100|[from] item: Life Orb
|move|p2a: Lugia|Max Hailstorm|p1a: Gayquaza
|-activate||deltastream
|-supereffective|p1a: Gayquaza
|-damage|p1a: Gayquaza|0 fnt
|-weather|Hail
|faint|p1a: Gayquaza
|
|-weather|Hail|[upkeep]
|-damage|p2a: Lugia|31/100|[from] Hail
|-heal|p2a: Lugia|34/100|[from] item: Leftovers
|upkeep
|inactive|Sam Hyde Pill has 120 seconds left.
|
|t:|1661173359
|switch|p1a: Lymphoma|Arceus-Ghost|100/100
|-damage|p1a: Lymphoma|88/100|[from] Stealth Rock
|turn|13
|
|t:|1661173377
|-end|p2a: Lugia|Dynamax
|-heal|p2a: Lugia|34/100|[silent]
|switch|p2a: Arceus|Arceus-Dark|100/100
|-damage|p2a: Arceus|88/100|[from] Stealth Rock
|move|p1a: Lymphoma|Shadow Force||[still]
|-prepare|p1a: Lymphoma|Shadow Force
|
|-weather|Hail|[upkeep]
|-damage|p1a: Lymphoma|82/100|[from] Hail
|-damage|p2a: Arceus|82/100|[from] Hail
|upkeep
|turn|14
|
|t:|1661173384
|move|p1a: Lymphoma|Shadow Force|p2a: Arceus|[from]lockedmove
|-resisted|p2a: Arceus
|-damage|p2a: Arceus|54/100
|move|p2a: Arceus|Whirlpool|p1a: Lymphoma
|-damage|p1a: Lymphoma|75/100
|-activate|p1a: Lymphoma|move: Whirlpool|[of] p2a: Arceus
|
|-weather|Hail|[upkeep]
|-damage|p1a: Lymphoma|69/100|[from] Hail
|-damage|p2a: Arceus|48/100|[from] Hail
|-damage|p1a: Lymphoma|56/100|[from] move: Whirlpool|[partiallytrapped]
|upkeep
|turn|15
|
|t:|1661173403
|move|p1a: Lymphoma|Brick Break|p2a: Arceus
|-supereffective|p2a: Arceus
|-damage|p2a: Arceus|14/100
|move|p2a: Arceus|Recover|p2a: Arceus
|-heal|p2a: Arceus|64/100
|
|-weather|Hail|[upkeep]
|-damage|p1a: Lymphoma|50/100|[from] Hail
|-damage|p2a: Arceus|57/100|[from] Hail
|-damage|p1a: Lymphoma|38/100|[from] move: Whirlpool|[partiallytrapped]
|upkeep
|turn|16
|
|t:|1661173410
|move|p1a: Lymphoma|Swords Dance|p1a: Lymphoma
|-boost|p1a: Lymphoma|atk|2
|move|p2a: Arceus|Recover|p2a: Arceus
|-heal|p2a: Arceus|100/100
|
|-weather|none
|-damage|p1a: Lymphoma|26/100|[from] move: Whirlpool|[partiallytrapped]
|upkeep
|turn|17
|
|t:|1661173414
|move|p1a: Lymphoma|Brick Break|p2a: Arceus
|-supereffective|p2a: Arceus
|-damage|p2a: Arceus|34/100
|move|p2a: Arceus|Snarl|p1a: Lymphoma
|-supereffective|p1a: Lymphoma
|-damage|p1a: Lymphoma|0 fnt
|faint|p1a: Lymphoma
|
|upkeep
|inactive|Sam Hyde Pill has 120 seconds left.
|
|t:|1661173426
|switch|p1a: Jeffrey Ep|Smeargle, M|100/100
|-damage|p1a: Jeffrey Ep|88/100|[from] Stealth Rock
|turn|18
|
|t:|1661173430
|switch|p2a: Gliscor|Gliscor, M|99/100 tox
|-damage|p2a: Gliscor|86/100 tox|[from] Stealth Rock
|move|p1a: Jeffrey Ep|Spore||[still]
|-fail|p1a: Jeffrey Ep
|
|-heal|p1a: Jeffrey Ep|94/100|[from] item: Leftovers
|-heal|p2a: Gliscor|99/100 tox|[from] ability: Poison Heal
|-ability|p1a: Jeffrey Ep|Moody|boost
|-boost|p1a: Jeffrey Ep|def|2
|-unboost|p1a: Jeffrey Ep|spd|1
|upkeep
|turn|19
|
|t:|1661173438
|move|p1a: Jeffrey Ep|Substitute|p1a: Jeffrey Ep
|-start|p1a: Jeffrey Ep|Substitute
|-damage|p1a: Jeffrey Ep|69/100
|move|p2a: Gliscor|Earthquake|p1a: Jeffrey Ep
|-end|p1a: Jeffrey Ep|Substitute
|
|-heal|p1a: Jeffrey Ep|75/100|[from] item: Leftovers
|-heal|p2a: Gliscor|100/100 tox|[from] ability: Poison Heal
|-ability|p1a: Jeffrey Ep|Moody|boost
|-boost|p1a: Jeffrey Ep|def|2
|-unboost|p1a: Jeffrey Ep|spd|1
|upkeep
|turn|20
|
|t:|1661173444
|switch|p2a: Ho-Oh|Ho-Oh|54/100 par
|move|p1a: Jeffrey Ep|Substitute|p1a: Jeffrey Ep
|-start|p1a: Jeffrey Ep|Substitute
|-damage|p1a: Jeffrey Ep|51/100
|
|-heal|p1a: Jeffrey Ep|57/100|[from] item: Leftovers
|-ability|p1a: Jeffrey Ep|Moody|boost
|-boost|p1a: Jeffrey Ep|atk|2
|-unboost|p1a: Jeffrey Ep|spd|1
|upkeep
|turn|21
|
|t:|1661173450
|move|p1a: Jeffrey Ep|Shell Smash|p1a: Jeffrey Ep
|-unboost|p1a: Jeffrey Ep|def|1
|-unboost|p1a: Jeffrey Ep|spd|1
|-boost|p1a: Jeffrey Ep|atk|2
|-boost|p1a: Jeffrey Ep|spa|2
|-boost|p1a: Jeffrey Ep|spe|2
|move|p2a: Ho-Oh|Whirlwind|p1a: Jeffrey Ep
|drag|p1a: Massive Incel|Smeargle, F|100/100
|-damage|p1a: Massive Incel|88/100|[from] Stealth Rock
|
|-ability|p1a: Massive Incel|Moody|boost
|-boost|p1a: Massive Incel|atk|2
|-unboost|p1a: Massive Incel|spd|1
|upkeep
|turn|22
|
|t:|1661173465
|move|p1a: Massive Incel|Sticky Web|p2a: Ho-Oh
|-sidestart|p2: Buck X|move: Sticky Web
|move|p2a: Ho-Oh|Sacred Fire|p1a: Massive Incel
|-damage|p1a: Massive Incel|0 fnt
|faint|p1a: Massive Incel
|
|upkeep
|
|t:|1661173473
|switch|p1a: Benadryl|Xerneas|88/100
|-damage|p1a: Benadryl|76/100|[from] Stealth Rock
|-ability|p1a: Benadryl|Fairy Aura
|turn|23
|
|t:|1661173480
|move|p1a: Benadryl|Thunder|p2a: Ho-Oh|[miss]
|-miss|p1a: Benadryl|p2a: Ho-Oh
|move|p2a: Ho-Oh|Whirlwind|p1a: Benadryl
|drag|p1a: Jeffrey Ep|Smeargle, M|57/100
|-damage|p1a: Jeffrey Ep|44/100|[from] Stealth Rock
|
|-heal|p1a: Jeffrey Ep|50/100|[from] item: Leftovers
|-ability|p1a: Jeffrey Ep|Moody|boost
|-boost|p1a: Jeffrey Ep|def|2
|-unboost|p1a: Jeffrey Ep|spe|1
|upkeep
|turn|24
|
|t:|1661173488
|move|p1a: Jeffrey Ep|Substitute|p1a: Jeffrey Ep
|-start|p1a: Jeffrey Ep|Substitute
|-damage|p1a: Jeffrey Ep|26/100
|cant|p2a: Ho-Oh|par
|
|-heal|p1a: Jeffrey Ep|32/100|[from] item: Leftovers
|-ability|p1a: Jeffrey Ep|Moody|boost
|-boost|p1a: Jeffrey Ep|spd|2
|-unboost|p1a: Jeffrey Ep|spe|1
|upkeep
|turn|25
|
|t:|1661173501
|move|p1a: Jeffrey Ep|Power Trip|p2a: Ho-Oh
|-damage|p2a: Ho-Oh|45/100 par
|move|p2a: Ho-Oh|Whirlwind|p1a: Jeffrey Ep
|drag|p1a: Benadryl|Xerneas|76/100
|-damage|p1a: Benadryl|63/100|[from] Stealth Rock
|-ability|p1a: Benadryl|Fairy Aura
|
|upkeep
|turn|26
|
|t:|1661173511
|switch|p2a: Lugia|Lugia|34/100
|-damage|p2a: Lugia|9/100|[from] Stealth Rock
|move|p1a: Benadryl|Thunder|p2a: Lugia
|-supereffective|p2a: Lugia
|-damage|p2a: Lugia|0 fnt
|faint|p2a: Lugia
|
|upkeep
|
|t:|1661173522
|switch|p2a: Ho-Oh|Ho-Oh|78/100 par
|turn|27
|
|t:|1661173525
|move|p1a: Benadryl|Thunder|p2a: Ho-Oh|[miss]
|-miss|p1a: Benadryl|p2a: Ho-Oh
|move|p2a: Ho-Oh|Sacred Fire|p1a: Benadryl
|-damage|p1a: Benadryl|21/100
|-status|p1a: Benadryl|brn
|
|-damage|p1a: Benadryl|15/100 brn|[from] brn
|upkeep
|turn|28
|
|t:|1661173542
|move|p1a: Benadryl|Thunder|p2a: Ho-Oh
|-supereffective|p2a: Ho-Oh
|-damage|p2a: Ho-Oh|32/100 par
|move|p2a: Ho-Oh|Whirlwind|p1a: Benadryl
|drag|p1a: Jeffrey Ep|Smeargle, M|32/100
|-damage|p1a: Jeffrey Ep|19/100|[from] Stealth Rock
|
|-heal|p1a: Jeffrey Ep|25/100|[from] item: Leftovers
|-ability|p1a: Jeffrey Ep|Moody|boost
|-boost|p1a: Jeffrey Ep|def|2
|-unboost|p1a: Jeffrey Ep|atk|1
|upkeep
|turn|29
|
|t:|1661173556
|move|p1a: Jeffrey Ep|Shell Smash|p1a: Jeffrey Ep
|-unboost|p1a: Jeffrey Ep|def|1
|-unboost|p1a: Jeffrey Ep|spd|1
|-boost|p1a: Jeffrey Ep|atk|2
|-boost|p1a: Jeffrey Ep|spa|2
|-boost|p1a: Jeffrey Ep|spe|2
|move|p2a: Ho-Oh|Sacred Fire|p1a: Jeffrey Ep
|-damage|p1a: Jeffrey Ep|0 fnt
|faint|p1a: Jeffrey Ep
|
|upkeep
|
|t:|1661173558
|switch|p1a: Benadryl|Xerneas|15/100 brn
|-damage|p1a: Benadryl|2/100 brn|[from] Stealth Rock
|-ability|p1a: Benadryl|Fairy Aura
|turn|30
|
|t:|1661173562
|switch|p2a: Gliscor|Gliscor, M|100/100 tox
|-damage|p2a: Gliscor|88/100 tox|[from] Stealth Rock
|move|p1a: Benadryl|Thunder|p2a: Gliscor
|-immune|p2a: Gliscor
|
|-heal|p2a: Gliscor|100/100 tox|[from] ability: Poison Heal
|-damage|p1a: Benadryl|0 fnt|[from] brn
|faint|p1a: Benadryl
|
|win|Buck X
|upkeep
|raw|Sam Hyde Pill's rating: 1590 &rarr; <strong>1581</strong><br />(-9 for losing)
|raw|Buck X's rating: 1796 &rarr; <strong>1805</strong><br />(+9 for winning)
