|j|☆SaintLaplace
|j|☆Vegeta Otsusuki
|t:|1665652507
|gametype|singles
|player|p1|SaintLaplace|hilda-wonderlauncher|1753
|player|p2|Vegeta Otsusuki|blue-gen3two|1897
|teamsize|p1|6
|teamsize|p2|6
|gen|8
|tier|[Gen 8] National Dex AG
|rated|
|rule|HP Percentage Mod: HP is shown in percentages
|rule|Endless Battle Clause: Forcing endless battles is banned
|clearpoke
|poke|p1|Rayquaza|
|poke|p1|Zygarde|
|poke|p1|Necrozma-Dusk-Mane|
|poke|p1|Smeargle, M|
|poke|p1|Marshadow|
|poke|p1|Kyurem-Black|
|poke|p2|Rayquaza|
|poke|p2|Arceus-*|
|poke|p2|Ditto|
|poke|p2|Zacian-*|
|poke|p2|Muk-Alola, M|
|poke|p2|Groudon|
|teampreview
|inactive|Battle timer is ON: inactive players will automatically lose when time's up. (requested by SaintLaplace)
|inactive|Vegeta Otsusuki also wants the timer to be on.
|
|t:|1665652521
|start
|switch|p1a: Smeargle|Smeargle, M|100/100
|switch|p2a: Ditto|Ditto, shiny|100/100
|-transform|p2a: Ditto|p1a: Smeargle|[from] ability: Imposter
|turn|1
|
|t:|1665652526
|move|p1a: Smeargle|Magic Coat|p1a: Smeargle
|-singleturn|p1a: Smeargle|move: Magic Coat
|move|p2a: Ditto|Baton Pass|p2a: Ditto
|
|t:|1665652530
|switch|p2a: Arceus|Arceus|100/100|[from]move: Baton Pass
|
|upkeep
|turn|2
|
|t:|1665652533
|switch|p1a: Marshadow|Marshadow|100/100
|move|p2a: Arceus|Extreme Speed|p1a: Marshadow
|-immune|p1a: Marshadow
|
|upkeep
|turn|3
|
|t:|1665652541
|switch|p2a: Groudon|Groudon|100/100
|-weather|SunnyDay|[from] ability: Drought|[of] p2a: Groudon
|move|p1a: Marshadow|Rock Tomb|p2a: Groudon
|-resisted|p2a: Groudon
|-damage|p2a: Groudon|93/100
|-unboost|p2a: Groudon|spe|1
|
|-weather|SunnyDay|[upkeep]
|-heal|p2a: Groudon|99/100|[from] item: Leftovers
|upkeep
|turn|4
|
|t:|1665652546
|switch|p1a: Zygarde|Zygarde, shiny|100/100
|move|p2a: Groudon|Thunder Wave|p1a: Zygarde
|-immune|p1a: Zygarde
|
|-weather|SunnyDay|[upkeep]
|-heal|p2a: Groudon|100/100|[from] item: Leftovers
|upkeep
|turn|5
|
|t:|1665652550
|switch|p1a: Smeargle|Smeargle, M|100/100
|move|p2a: Groudon|Stealth Rock|p1a: Smeargle
|-sidestart|p1: SaintLaplace|move: Stealth Rock
|
|-weather|SunnyDay|[upkeep]
|upkeep
|turn|6
|
|t:|1665652554
|move|p1a: Smeargle|Shell Smash|p1a: Smeargle
|-unboost|p1a: Smeargle|def|1
|-unboost|p1a: Smeargle|spd|1
|-boost|p1a: Smeargle|atk|2
|-boost|p1a: Smeargle|spa|2
|-boost|p1a: Smeargle|spe|2
|move|p2a: Groudon|Roar|p1a: Smeargle
|drag|p1a: Kyurem|Kyurem-Black|100/100
|-damage|p1a: Kyurem|76/100|[from] Stealth Rock
|-ability|p1a: Kyurem|Teravolt
|
|-weather|SunnyDay|[upkeep]
|upkeep
|turn|7
|
|t:|1665652561
|move|p1a: Kyurem|Dragon Dance|p1a: Kyurem
|-boost|p1a: Kyurem|atk|1
|-boost|p1a: Kyurem|spe|1
|move|p2a: Groudon|Thunder Wave|p1a: Kyurem
|-status|p1a: Kyurem|par
|
|-weather|none
|upkeep
|turn|8
|
|t:|1665652565
|move|p1a: Kyurem|Icicle Spear|p2a: Groudon
|-supereffective|p2a: Groudon
|-damage|p2a: Groudon|78/100
|-supereffective|p2a: Groudon
|-damage|p2a: Groudon|54/100
|-hitcount|p2a: Groudon|2
|move|p2a: Groudon|Roar|p1a: Kyurem
|drag|p1a: Rayquaza|Rayquaza|100/100
|-damage|p1a: Rayquaza|76/100|[from] Stealth Rock
|-ability|p1a: Rayquaza|Air Lock
|
|-heal|p2a: Groudon|60/100|[from] item: Leftovers
|upkeep
|turn|9
|
|t:|1665652573
|detailschange|p1a: Rayquaza|Rayquaza-Mega
|-mega|p1a: Rayquaza|Rayquaza|
|-weather|DeltaStream|[from] ability: Delta Stream|[of] p1a: Rayquaza
|move|p1a: Rayquaza|Scale Shot|p2a: Groudon
|-damage|p2a: Groudon|51/100
|-damage|p2a: Groudon|42/100
|-hitcount|p2a: Groudon|2
|-unboost|p1a: Rayquaza|def|1
|-boost|p1a: Rayquaza|spe|1
|move|p2a: Groudon|Thunder Wave|p1a: Rayquaza
|-status|p1a: Rayquaza|par
|
|-weather|DeltaStream|[upkeep]
|-heal|p2a: Groudon|48/100|[from] item: Leftovers
|upkeep
|turn|10
|-message|SaintLaplace forfeited.
|
|win|Vegeta Otsusuki
|raw|SaintLaplace's rating: 1753 &rarr; <strong>1741</strong><br />(-12 for losing)
|raw|Vegeta Otsusuki's rating: 1897 &rarr; <strong>1909</strong><br />(+12 for winning)
|l|☆SaintLaplace
