|j|☆Zrp200
|j|☆test3721
|t:|1597285436
|player|p1|Zrp200|supernerd-gen3|1706
|player|p2|test3721|1|1547
|teamsize|p1|6
|teamsize|p2|6
|gametype|singles
|gen|8
|tier|[Gen 8] National Dex AG
|rated|
|clearpoke
|poke|p1|Zacian-Crowned|
|poke|p1|Rayquaza|
|poke|p1|Necrozma-Dusk-Mane|
|poke|p1|Yveltal|
|poke|p1|Ho-Oh|
|poke|p1|Zygarde|
|poke|p2|Deoxys-Attack|
|poke|p2|Deoxys-Attack|
|poke|p2|Weavile, M|
|poke|p2|Marshadow|
|poke|p2|Landorus-Therian, M|
|poke|p2|Necrozma-Dusk-Mane|
|rule|HP Percentage Mod: HP is shown in percentages
|rule|Endless Battle Clause: Forcing endless battles is banned
|teampreview
|
|t:|1597285447
|start
|switch|p1a: Ho-Oh|Ho-Oh|100/100
|switch|p2a: Weavile|Weavile, M|100/100
|-ability|p2a: Weavile|Pressure
|turn|1
|
|t:|1597285454
|move|p2a: Weavile|Beat Up|p1a: Ho-Oh
|-damage|p1a: Ho-Oh|95/100
|-damage|p1a: Ho-Oh|88/100
|-damage|p1a: Ho-Oh|80/100
|-damage|p1a: Ho-Oh|74/100
|-damage|p1a: Ho-Oh|68/100
|-damage|p1a: Ho-Oh|61/100
|-hitcount|p1a: Ho-Oh|6
|move|p1a: Ho-Oh|Sacred Fire|p2a: Weavile
|-supereffective|p2a: Weavile
|-damage|p2a: Weavile|0 fnt
|faint|p2a: Weavile
|
|upkeep
|
|t:|1597285460
|switch|p2a: 1|Deoxys-Attack|100/100
|-ability|p2a: 1|Pressure
|turn|2
|
|t:|1597285466
|move|p2a: 1|Thunder Punch|p1a: Ho-Oh
|-supereffective|p1a: Ho-Oh
|-damage|p1a: Ho-Oh|15/100
|move|p1a: Ho-Oh|Sacred Fire|p2a: 1
|-enditem|p2a: 1|Focus Sash
|-damage|p2a: 1|1/100
|-status|p2a: 1|brn
|
|-damage|p2a: 1|0 fnt|[from] brn
|faint|p2a: 1
|upkeep
|
|t:|1597285477
|switch|p2a: 2|Deoxys-Attack|100/100
|-ability|p2a: 2|Pressure
|turn|3
|c|☆Zrp200|welp
|
|t:|1597285483
|switch|p1a: Necrozma|Necrozma-Dusk-Mane|100/100
|move|p2a: 2|Extreme Speed|p1a: Necrozma
|-resisted|p1a: Necrozma
|-damage|p1a: Necrozma|90/100
|-damage|p2a: 2|84/100|[from] item: Rocky Helmet|[of] p1a: Necrozma
|
|upkeep
|turn|4
|
|t:|1597285491
|switch|p2a: Landorus|Landorus-Therian, M|100/100
|-ability|p2a: Landorus|Intimidate|boost
|-unboost|p1a: Necrozma|atk|1
|move|p1a: Necrozma|Stealth Rock|p2a: Landorus
|-sidestart|p2: test3721|move: Stealth Rock
|
|upkeep
|turn|5
|
|t:|1597285500
|move|p2a: Landorus|Defog|p1a: Necrozma
|-unboost|p1a: Necrozma|evasion|1
|-sideend|p2: test3721|Stealth Rock|[from] move: Defog|[of] p2a: Landorus
|move|p1a: Necrozma|Knock Off|p2a: Landorus
|-damage|p2a: Landorus|76/100
|-enditem|p2a: Landorus|Choice Scarf|[from] move: Knock Off|[of] p1a: Necrozma
|
|upkeep
|turn|6
|
|t:|1597285506
|move|p2a: Landorus|Earthquake|p1a: Necrozma
|-supereffective|p1a: Necrozma
|-damage|p1a: Necrozma|49/100
|move|p1a: Necrozma|Stealth Rock|p2a: Landorus
|-sidestart|p2: test3721|move: Stealth Rock
|
|upkeep
|turn|7
|
|t:|1597285510
|move|p2a: Landorus|Earthquake|p1a: Necrozma
|-supereffective|p1a: Necrozma
|-damage|p1a: Necrozma|5/100
|move|p1a: Necrozma|Morning Sun|p1a: Necrozma
|-heal|p1a: Necrozma|55/100
|
|upkeep
|turn|8
|
|t:|1597285517
|move|p2a: Landorus|Earthquake|p1a: Necrozma
|-supereffective|p1a: Necrozma
|-damage|p1a: Necrozma|11/100
|move|p1a: Necrozma|Morning Sun|p1a: Necrozma
|-heal|p1a: Necrozma|60/100
|
|upkeep
|turn|9
|
|t:|1597285525
|switch|p1a: Rayquaza|Rayquaza|100/100
|-ability|p1a: Rayquaza|Air Lock
|move|p2a: Landorus|Defog|p1a: Rayquaza
|-unboost|p1a: Rayquaza|evasion|1
|-sideend|p2: test3721|Stealth Rock|[from] move: Defog|[of] p2a: Landorus
|
|upkeep
|turn|10
|
|t:|1597285539
|switch|p2a: Necrozma|Necrozma-Dusk-Mane|100/100
|detailschange|p1a: Rayquaza|Rayquaza-Mega
|-mega|p1a: Rayquaza|Rayquaza|
|-weather|DeltaStream|[from] ability: Delta Stream|[of] p1a: Rayquaza
|move|p1a: Rayquaza|Draco Meteor|p2a: Necrozma
|-resisted|p2a: Necrozma
|-damage|p2a: Necrozma|61/100
|-unboost|p1a: Rayquaza|spa|2
|-damage|p1a: Rayquaza|91/100|[from] item: Life Orb
|
|-weather|DeltaStream|[upkeep]
|-heal|p2a: Necrozma|67/100|[from] item: Leftovers
|upkeep
|turn|11
|
|t:|1597285547
|move|p1a: Rayquaza|V-create|p2a: Necrozma
|-supereffective|p2a: Necrozma
|-damage|p2a: Necrozma|0 fnt
|-unboost|p1a: Rayquaza|spe|1
|-unboost|p1a: Rayquaza|def|1
|-unboost|p1a: Rayquaza|spd|1
|-damage|p1a: Rayquaza|81/100|[from] item: Life Orb
|faint|p2a: Necrozma
|
|-weather|DeltaStream|[upkeep]
|upkeep
|
|t:|1597285551
|switch|p2a: 2|Deoxys-Attack|84/100
|-ability|p2a: 2|Pressure
|turn|12
|
|t:|1597285558
|move|p2a: 2|Extreme Speed|p1a: Rayquaza
|-damage|p1a: Rayquaza|20/100
|move|p1a: Rayquaza|Extreme Speed|p2a: 2
|-damage|p2a: 2|0 fnt
|-damage|p1a: Rayquaza|10/100|[from] item: Life Orb
|faint|p2a: 2
|
|-weather|DeltaStream|[upkeep]
|upkeep
|
|t:|1597285563
|switch|p2a: Marshadow|Marshadow|100/100
|turn|13
|
|t:|1597285570
|-weather|none
|switch|p1a: Necrozma|Necrozma-Dusk-Mane|60/100
|move|p2a: Marshadow|Shadow Sneak|p1a: Necrozma
|-supereffective|p1a: Necrozma
|-damage|p1a: Necrozma|35/100
|-damage|p2a: Marshadow|84/100|[from] item: Rocky Helmet|[of] p1a: Necrozma
|
|upkeep
|turn|14
|j| jeejee
|
|t:|1597285582
|move|p2a: Marshadow|Spectral Thief|p1a: Necrozma
|-supereffective|p1a: Necrozma
|-damage|p1a: Necrozma|0 fnt
|-damage|p2a: Marshadow|68/100|[from] item: Rocky Helmet|[of] p1a: Necrozma
|faint|p1a: Necrozma
|
|upkeep
|
|t:|1597285585
|switch|p1a: Yveltal|Yveltal|100/100
|-ability|p1a: Yveltal|Dark Aura
|turn|15
|
|t:|1597285591
|-start|p1a: Yveltal|Dynamax
|-heal|p1a: Yveltal|100/100|[silent]
|move|p2a: Marshadow|Rock Slide|p1a: Yveltal
|-supereffective|p1a: Yveltal
|-damage|p1a: Yveltal|77/100
|move|p1a: Yveltal|Max Airstream|p2a: Marshadow
|-supereffective|p2a: Marshadow
|-damage|p2a: Marshadow|0 fnt
|-boost|p1a: Yveltal|spe|1
|-damage|p1a: Yveltal|72/100|[from] item: Life Orb
|faint|p2a: Marshadow
|
|upkeep
|
|t:|1597285598
|switch|p2a: Landorus|Landorus-Therian, M|76/100
|-ability|p2a: Landorus|Intimidate|boost
|-unboost|p1a: Yveltal|atk|1
|turn|16
|c|☆Zrp200|> rock slide
|
|t:|1597285606
|-start|p2a: Landorus|Dynamax
|-heal|p2a: Landorus|76/100|[silent]
|move|p1a: Yveltal|Max Airstream|p2a: Landorus
|-damage|p2a: Landorus|19/100
|-boost|p1a: Yveltal|spe|1
|-damage|p1a: Yveltal|67/100|[from] item: Life Orb
|move|p2a: Landorus|Max Rockfall|p1a: Yveltal
|-supereffective|p1a: Yveltal
|-damage|p1a: Yveltal|21/100
|-weather|Sandstorm
|
|-weather|Sandstorm|[upkeep]
|-damage|p1a: Yveltal|18/100|[from] Sandstorm
|upkeep
|turn|17
|
|t:|1597285612
|move|p2a: Landorus|Max Guard|p2a: Landorus
|-singleturn|p2a: Landorus|Max Guard
|move|p1a: Yveltal|Max Darkness|p2a: Landorus
|-activate|p2a: Landorus|move: Max Guard
|
|-weather|Sandstorm|[upkeep]
|-damage|p1a: Yveltal|15/100|[from] Sandstorm
|-end|p1a: Yveltal|Dynamax
|-heal|p1a: Yveltal|15/100|[silent]
|upkeep
|turn|18
|
|t:|1597285615
|move|p1a: Yveltal|Dark Pulse|p2a: Landorus
|-damage|p2a: Landorus|0 fnt
|-damage|p1a: Yveltal|5/100|[from] item: Life Orb
|faint|p2a: Landorus
|
|win|Zrp200
|l|☆Zrp200
|raw|Zrp200's rating: 1706 &rarr; <strong>1718</strong><br />(+12 for winning)
|raw|test3721's rating: 1547 &rarr; <strong>1535</strong><br />(-12 for losing)
|l|☆test3721
|l| jeejee
