|j|☆agdp
|j|☆Dominator296
|t:|1643714396
|gametype|singles
|player|p1|agdp|hilbert|
|player|p2|Dominator296|alder|
|teamsize|p1|6
|teamsize|p2|6
|gen|8
|tier|[Gen 8] National Dex AG
|rule|HP Percentage Mod: HP is shown in percentages
|rule|Endless Battle Clause: Forcing endless battles is banned
|clearpoke
|poke|p1|Giratina-Origin|
|poke|p1|Ditto|
|poke|p1|Yveltal|
|poke|p1|Arceus-*|
|poke|p1|Ninjask, M|
|poke|p1|Groudon|
|poke|p2|Kyogre|
|poke|p2|Groudon|
|poke|p2|Ho-Oh|
|poke|p2|Necrozma-Dusk-Mane|
|poke|p2|Arceus-*|
|poke|p2|Arceus-*|
|teampreview
|
|t:|1643714415
|start
|switch|p1a: Arceus|Arceus|100/100
|switch|p2a: Arceus|Arceus-Flying|100/100
|turn|1
|
|t:|1643714421
|switch|p2a: Necrozma|Necrozma-Dusk-Mane|100/100
|move|p1a: Arceus|Swords Dance|p1a: Arceus
|-boost|p1a: Arceus|atk|2
|
|upkeep
|turn|2
|
|t:|1643714430
|-start|p1a: Arceus|Dynamax
|-heal|p1a: Arceus|100/100|[silent]
|move|p1a: Arceus|Max Phantasm|p2a: Necrozma
|-supereffective|p2a: Necrozma
|-damage|p2a: Necrozma|0 fnt
|faint|p2a: Necrozma
|-damage|p1a: Arceus|96/100|[from] item: Life Orb
|
|upkeep
|inactive|Battle timer is ON: inactive players will automatically lose when time's up. (requested by agdp)
|
|t:|1643714461
|switch|p2a: Kyogre|Kyogre|100/100
|-weather|RainDance|[from] ability: Drizzle|[of] p2a: Kyogre
|turn|3
|
|t:|1643714468
|move|p2a: Kyogre|Water Spout|p1a: Arceus
|-damage|p1a: Arceus|45/100
|move|p1a: Arceus|Max Strike|p2a: Kyogre
|-damage|p2a: Kyogre|0 fnt
|faint|p2a: Kyogre
|-damage|p1a: Arceus|40/100|[from] item: Life Orb
|
|-weather|RainDance|[upkeep]
|upkeep
|
|t:|1643714480
|switch|p2a: Arceus|Arceus, shiny|100/100
|turn|4
|
|t:|1643714492
|-start|p2a: Arceus|Dynamax
|-heal|p2a: Arceus|100/100|[silent]
|move|p2a: Arceus|Max Guard|p2a: Arceus
|-singleturn|p2a: Arceus|Max Guard
|move|p1a: Arceus|Max Strike|p2a: Arceus
|-activate|p2a: Arceus|move: Max Guard
|
|-weather|RainDance|[upkeep]
|-end|p1a: Arceus|Dynamax
|-heal|p1a: Arceus|40/100|[silent]
|upkeep
|turn|5
|
|t:|1643714502
|move|p1a: Arceus|Shadow Force||[still]
|-prepare|p1a: Arceus|Shadow Force
|move|p2a: Arceus|Max Strike|p1a: Arceus|[miss]
|-miss|p2a: Arceus|p1a: Arceus
|
|-weather|RainDance|[upkeep]
|upkeep
|turn|6
|
|t:|1643714509
|move|p1a: Arceus|Shadow Force|p2a: Arceus|[from]lockedmove
|-immune|p2a: Arceus
|move|p2a: Arceus|Max Strike|p1a: Arceus
|-damage|p1a: Arceus|0 fnt
|faint|p1a: Arceus
|
|-weather|RainDance|[upkeep]
|-end|p2a: Arceus|Dynamax
|-heal|p2a: Arceus|100/100|[silent]
|upkeep
|
|t:|1643714522
|switch|p1a: Ninjask|Ninjask, M|100/100
|turn|7
|
|t:|1643714535
|move|p1a: Ninjask|Swords Dance|p1a: Ninjask
|-boost|p1a: Ninjask|atk|2
|move|p2a: Arceus|Swords Dance|p2a: Arceus
|-boost|p2a: Arceus|atk|2
|
|-weather|none
|-ability|p1a: Ninjask|Speed Boost|boost
|-boost|p1a: Ninjask|spe|1
|upkeep
|turn|8
|
|t:|1643714544
|move|p1a: Ninjask|Baton Pass|p1a: Ninjask
|
|t:|1643714546
|switch|p1a: Giratina|Giratina-Origin, shiny|100/100|[from]move: Baton Pass
|move|p2a: Arceus|Shadow Claw|p1a: Giratina
|-supereffective|p1a: Giratina
|-damage|p1a: Giratina|23/100
|
|upkeep
|turn|9
|
|t:|1643714556
|move|p1a: Giratina|Outrage|p2a: Arceus
|-damage|p2a: Arceus|0 fnt
|faint|p2a: Arceus
|
|upkeep
|
|t:|1643714560
|switch|p2a: Groudon|Groudon|100/100
|detailschange|p2a: Groudon|Groudon-Primal
|-primal|p2a: Groudon
|-weather|DesolateLand|[from] ability: Desolate Land|[of] p2a: Groudon
|turn|10
|
|t:|1643714567
|move|p1a: Giratina|Outrage|p2a: Groudon|[from]lockedmove
|-damage|p2a: Groudon|10/100
|-start|p1a: Giratina|confusion|[fatigue]
|move|p2a: Groudon|Fire Punch|p1a: Giratina
|-resisted|p1a: Giratina
|-damage|p1a: Giratina|0 fnt
|faint|p1a: Giratina
|
|-weather|DesolateLand|[upkeep]
|upkeep
|
|t:|1643714583
|switch|p1a: Yveltal|Yveltal, shiny|100/100
|-ability|p1a: Yveltal|Dark Aura
|turn|11
|
|t:|1643714590
|-weather|none
|switch|p2a: Arceus|Arceus-Flying|100/100
|move|p1a: Yveltal|Oblivion Wing|p2a: Arceus
|-damage|p2a: Arceus|70/100
|
|upkeep
|turn|12
|
|t:|1643714598
|move|p1a: Yveltal|Taunt|p2a: Arceus
|-start|p2a: Arceus|move: Taunt
|move|p2a: Arceus|Judgment|p1a: Yveltal
|-damage|p1a: Yveltal|56/100
|
|upkeep
|turn|13
|
|t:|1643714605
|move|p1a: Yveltal|Oblivion Wing|p2a: Arceus
|-damage|p2a: Arceus|44/100
|-heal|p1a: Yveltal|77/100|[from] drain|[of] p2a: Arceus
|move|p2a: Arceus|Judgment|p1a: Yveltal
|-damage|p1a: Yveltal|31/100
|
|upkeep
|turn|14
|
|t:|1643714614
|switch|p2a: Ho-Oh|Ho-Oh, shiny|100/100
|move|p1a: Yveltal|Oblivion Wing|p2a: Ho-Oh
|-damage|p2a: Ho-Oh|80/100
|-heal|p1a: Yveltal|48/100|[from] drain|[of] p2a: Ho-Oh
|
|upkeep
|turn|15
|
|t:|1643714623
|move|p1a: Yveltal|Taunt|p2a: Ho-Oh
|-start|p2a: Ho-Oh|move: Taunt
|move|p2a: Ho-Oh|Sacred Fire|p1a: Yveltal
|-damage|p1a: Yveltal|5/100
|-status|p1a: Yveltal|brn
|
|-damage|p1a: Yveltal|0 fnt|[from] brn
|faint|p1a: Yveltal
|upkeep
|
|t:|1643714636
|switch|p1a: Ninjask|Ninjask, M|100/100
|turn|16
|
|t:|1643714645
|switch|p2a: Arceus|Arceus-Flying|44/100
|move|p1a: Ninjask|Swords Dance|p1a: Ninjask
|-boost|p1a: Ninjask|atk|2
|
|-ability|p1a: Ninjask|Speed Boost|boost
|-boost|p1a: Ninjask|spe|1
|upkeep
|turn|17
|
|t:|1643714657
|move|p1a: Ninjask|Baton Pass|p1a: Ninjask
|
|t:|1643714659
|switch|p1a: Groudon|Groudon|100/100|[from]move: Baton Pass
|detailschange|p1a: Groudon|Groudon-Primal
|-primal|p1a: Groudon
|-weather|DesolateLand|[from] ability: Desolate Land|[of] p1a: Groudon
|move|p2a: Arceus|Recover|p2a: Arceus
|-heal|p2a: Arceus|94/100
|
|-weather|DesolateLand|[upkeep]
|upkeep
|turn|18
|
|t:|1643714668
|move|p1a: Groudon|Fire Punch|p2a: Arceus
|-damage|p2a: Arceus|10/100
|move|p2a: Arceus|Judgment|p1a: Groudon
|-damage|p1a: Groudon|58/100
|
|-weather|DesolateLand|[upkeep]
|upkeep
|turn|19
|
|t:|1643714678
|switch|p2a: Ho-Oh|Ho-Oh, shiny|100/100
|move|p1a: Groudon|Fire Punch|p2a: Ho-Oh
|-resisted|p2a: Ho-Oh
|-damage|p2a: Ho-Oh|30/100
|
|-weather|DesolateLand|[upkeep]
|upkeep
|turn|20
|
|t:|1643714687
|switch|p2a: Groudon|Groudon-Primal|10/100
|move|p1a: Groudon|Fire Punch|p2a: Groudon
|-resisted|p2a: Groudon
|-damage|p2a: Groudon|0 fnt
|faint|p2a: Groudon
|
|-weather|DesolateLand|[upkeep]
|upkeep
|
|t:|1643714695
|switch|p2a: Ho-Oh|Ho-Oh, shiny|63/100
|turn|21
|
|t:|1643714699
|switch|p2a: Arceus|Arceus-Flying|10/100
|move|p1a: Groudon|Fire Punch|p2a: Arceus
|-crit|p2a: Arceus
|-damage|p2a: Arceus|0 fnt
|faint|p2a: Arceus
|
|-weather|DesolateLand|[upkeep]
|upkeep
|
|t:|1643714701
|switch|p2a: Ho-Oh|Ho-Oh, shiny|97/100
|turn|22
|
|t:|1643714709
|move|p1a: Groudon|Rock Tomb|p2a: Ho-Oh
|-supereffective|p2a: Ho-Oh
|-damage|p2a: Ho-Oh|0 fnt
|faint|p2a: Ho-Oh
|
|win|agdp
|c|☆Dominator296|Gg wp
