|j|☆OnMaWa
|j|☆somnium_de_te
|player|p1|OnMaWa|psychic-gen4|1802
|player|p2|somnium_de_te|dawn|1623
|teamsize|p1|6
|teamsize|p2|6
|gametype|singles
|gen|8
|tier|[Gen 8] National Dex AG
|rated|
|clearpoke
|poke|p1|Arceus-*|
|poke|p1|Xerneas|
|poke|p1|Lugia|
|poke|p1|Zacian-Crowned|
|poke|p1|Necrozma-Dusk-Mane|
|poke|p1|Groudon|
|poke|p2|Rayquaza|
|poke|p2|Arceus-*|
|poke|p2|Ditto|
|poke|p2|Smeargle, F|
|poke|p2|Groudon|
|poke|p2|Vivillon-Savanna, M|
|rule|HP Percentage Mod: HP is shown in percentages
|rule|Endless Battle Clause: Forcing endless battles is banned
|teampreview
|inactive|Battle timer is ON: inactive players will automatically lose when time's up. (requested by somnium_de_te)
|
|start
|switch|p1a: Arceus|Arceus|100/100
|switch|p2a: Smeargle|Smeargle, F, shiny|100/100
|turn|1
|
|move|p1a: Arceus|Substitute|p1a: Arceus
|-start|p1a: Arceus|Substitute
|-damage|p1a: Arceus|75/100
|move|p2a: Smeargle|Sticky Web|p1a: Arceus
|-sidestart|p1: OnMaWa|move: Sticky Web
|
|upkeep
|turn|2
|
|move|p1a: Arceus|Extreme Speed|p2a: Smeargle
|-enditem|p2a: Smeargle|Focus Sash
|-damage|p2a: Smeargle|1/100
|move|p2a: Smeargle|Whirlwind|p1a: Arceus
|drag|p1a: Xerneas|Xerneas, shiny|100/100
|-activate|p1a: Xerneas|move: Sticky Web
|-unboost|p1a: Xerneas|spe|1
|-ability|p1a: Xerneas|Fairy Aura
|
|upkeep
|turn|3
|
|switch|p1a: Lugia|Lugia|100/100
|move|p2a: Smeargle|Nuzzle|p1a: Lugia
|-supereffective|p1a: Lugia
|-crit|p1a: Lugia
|-damage|p1a: Lugia|99/100
|-status|p1a: Lugia|par
|
|upkeep
|turn|4
|
|switch|p1a: Xerneas|Xerneas, shiny|100/100
|-activate|p1a: Xerneas|move: Sticky Web
|-unboost|p1a: Xerneas|spe|1
|-ability|p1a: Xerneas|Fairy Aura
|move|p2a: Smeargle|Whirlwind|p1a: Xerneas
|drag|p1a: Zacian|Zacian-Crowned|100/100
|-activate|p1a: Zacian|move: Sticky Web
|-unboost|p1a: Zacian|spe|1
|-ability|p1a: Zacian|Intrepid Sword|boost
|-boost|p1a: Zacian|atk|1
|
|upkeep
|turn|5
|inactive|OnMaWa has 120 seconds left.
|
|move|p1a: Zacian|Behemoth Blade|p2a: Smeargle
|-damage|p2a: Smeargle|0 fnt
|faint|p2a: Smeargle
|
|upkeep
|inactive|somnium_de_te has 120 seconds left.
|inactive|somnium_de_te has 90 seconds left.
|
|switch|p2a: Vivillon|Vivillon-Savanna, M|100/100
|turn|6
|
|switch|p1a: Lugia|Lugia|99/100 par
|move|p2a: Vivillon|Sleep Powder||[still]
|-fail|p2a: Vivillon
|
|upkeep
|turn|7
|
|switch|p2a: Arceus|Arceus-Ghost|100/100
|move|p1a: Lugia|Thunder Wave|p2a: Arceus
|-status|p2a: Arceus|par
|
|upkeep
|turn|8
|
|switch|p1a: Xerneas|Xerneas, shiny|100/100
|-activate|p1a: Xerneas|move: Sticky Web
|-unboost|p1a: Xerneas|spe|1
|-ability|p1a: Xerneas|Fairy Aura
|-zpower|p2a: Arceus
|move|p2a: Arceus|Never-Ending Nightmare|p1a: Xerneas|[zeffect]
|-damage|p1a: Xerneas|16/100
|
|upkeep
|turn|9
|inactive|somnium_de_te has 90 seconds left.
|inactive|OnMaWa has 120 seconds left.
|inactive|OnMaWa has 90 seconds left.
|
|-start|p1a: Xerneas|Dynamax
|-heal|p1a: Xerneas|16/100|[silent]
|cant|p2a: Arceus|par
|move|p1a: Xerneas|Max Starfall|p2a: Arceus
|-damage|p2a: Arceus|19/100 par
|-fieldstart|move: Misty Terrain
|
|upkeep
|turn|10
|inactive|OnMaWa has 90 seconds left.
|inactive|somnium_de_te has 90 seconds left.
|j| Dufkus
|inactive|somnium_de_te has 60 seconds left.
|
|move|p2a: Arceus|Shadow Force||[still]
|-prepare|p2a: Arceus|Shadow Force|p1a: Xerneas
|move|p1a: Xerneas|Max Starfall|p2a: Arceus|[miss]
|-miss|p1a: Xerneas|p2a: Arceus
|
|upkeep
|turn|11
|inactive|OnMaWa has 90 seconds left.
|
|move|p1a: Xerneas|Max Guard|p1a: Xerneas
|-singleturn|p1a: Xerneas|Max Guard
|cant|p2a: Arceus|par
|
|-end|p1a: Xerneas|Dynamax
|-heal|p1a: Xerneas|16/100|[silent]
|upkeep
|turn|12
|inactive|OnMaWa has 90 seconds left.
|inactive|somnium_de_te has 60 seconds left.
|
|move|p2a: Arceus|Extreme Speed|p1a: Xerneas
|-damage|p1a: Xerneas|0 fnt
|faint|p1a: Xerneas
|
|upkeep
|
|switch|p1a: Arceus|Arceus|75/100
|-activate|p1a: Arceus|move: Sticky Web
|-unboost|p1a: Arceus|spe|1
|turn|13
|l| Dufkus
|
|move|p1a: Arceus|Swords Dance|p1a: Arceus
|-boost|p1a: Arceus|atk|2
|move|p2a: Arceus|Brick Break|p1a: Arceus
|-supereffective|p1a: Arceus
|-damage|p1a: Arceus|40/100
|
|-fieldend|Misty Terrain
|upkeep
|turn|14
|
|move|p1a: Arceus|Earthquake|p2a: Arceus
|-damage|p2a: Arceus|0 fnt
|faint|p2a: Arceus
|
|upkeep
|
|switch|p2a: Ditto|Ditto|100/100
|-transform|p2a: Ditto|p1a: Arceus|[from] ability: Imposter
|turn|15
|inactive|OnMaWa has 90 seconds left.
|
|switch|p1a: Zacian|Zacian-Crowned|100/100
|-activate|p1a: Zacian|move: Sticky Web
|-unboost|p1a: Zacian|spe|1
|-ability|p1a: Zacian|Intrepid Sword|boost
|-boost|p1a: Zacian|atk|1
|move|p2a: Ditto|Extreme Speed|p1a: Zacian
|-resisted|p1a: Zacian
|-damage|p1a: Zacian|58/100
|
|upkeep
|turn|16
|inactive|OnMaWa has 90 seconds left.
|inactive|somnium_de_te has 60 seconds left.
|
|-start|p2a: Ditto|Dynamax
|-heal|p2a: Ditto|100/100|[silent]
|move|p1a: Zacian|Close Combat|p2a: Ditto
|-supereffective|p2a: Ditto
|-damage|p2a: Ditto|27/100
|-unboost|p1a: Zacian|def|1
|-unboost|p1a: Zacian|spd|1
|move|p2a: Ditto|Max Quake|p1a: Zacian
|-supereffective|p1a: Zacian
|-damage|p1a: Zacian|0 fnt
|-boost|p2a: Ditto|spd|1
|faint|p1a: Zacian
|
|upkeep
|inactive|OnMaWa has 60 seconds left.
|
|switch|p1a: Arceus|Arceus|40/100
|-activate|p1a: Arceus|move: Sticky Web
|-unboost|p1a: Arceus|spe|1
|turn|17
|
|move|p2a: Ditto|Max Guard|p2a: Ditto
|-singleturn|p2a: Ditto|Max Guard
|move|p1a: Arceus|Extreme Speed|p2a: Ditto
|-activate|p2a: Ditto|move: Max Guard
|
|upkeep
|turn|18
|
|move|p2a: Ditto|Max Guard||[still]
|-fail|p2a: Ditto
|move|p1a: Arceus|Extreme Speed|p2a: Ditto
|-damage|p2a: Ditto|3/100
|
|-end|p2a: Ditto|Dynamax
|-heal|p2a: Ditto|3/100|[silent]
|upkeep
|turn|19
|
|switch|p1a: Necrozma|Necrozma-Dusk-Mane|100/100
|-activate|p1a: Necrozma|move: Sticky Web
|-unboost|p1a: Necrozma|spe|1
|move|p2a: Ditto|Extreme Speed|p1a: Necrozma
|-resisted|p1a: Necrozma
|-crit|p1a: Necrozma
|-damage|p1a: Necrozma|54/100
|
|upkeep
|turn|20
|inactive|OnMaWa has 60 seconds left.
|
|switch|p2a: Groudon|Groudon|100/100
|detailschange|p2a: Groudon|Groudon-Primal
|-primal|p2a: Groudon
|-weather|DesolateLand|[from] ability: Desolate Land|[of] p2a: Groudon
|move|p1a: Necrozma|Photon Geyser|p2a: Groudon
|-damage|p2a: Groudon|55/100
|
|-weather|DesolateLand|[upkeep]
|upkeep
|turn|21
|inactive|somnium_de_te has 60 seconds left.
|inactive|somnium_de_te has 30 seconds left.
|inactive|somnium_de_te has 20 seconds left.
|
|detailschange|p1a: Necrozma|Necrozma-Ultra
|-burst|p1a: Necrozma|Necrozma|Ultranecrozium Z
|move|p2a: Groudon|Eruption|p1a: Necrozma
|-resisted|p1a: Necrozma
|-damage|p1a: Necrozma|18/100
|move|p1a: Necrozma|Earthquake|p2a: Groudon
|-supereffective|p2a: Groudon
|-damage|p2a: Groudon|0 fnt
|faint|p2a: Groudon
|-weather|none
|
|upkeep
|inactive|somnium_de_te has 25 seconds left this turn.
|inactive|somnium_de_te has 20 seconds left.
|
|switch|p2a: Vivillon|Vivillon-Savanna, M|100/100
|turn|22
|inactive|somnium_de_te has 30 seconds left this turn.
|inactive|somnium_de_te has 20 seconds left.
|
|switch|p1a: Lugia|Lugia|99/100 par
|move|p2a: Vivillon|Sleep Powder||[still]
|-fail|p2a: Vivillon
|
|upkeep
|turn|23
|inactive|somnium_de_te has 30 seconds left this turn.
|
|move|p2a: Vivillon|Substitute|p2a: Vivillon
|-start|p2a: Vivillon|Substitute
|-damage|p2a: Vivillon|76/100
|move|p1a: Lugia|Toxic||[still]
|-fail|p1a: Lugia
|
|-heal|p2a: Vivillon|82/100|[from] item: Leftovers
|upkeep
|turn|24
|
|move|p2a: Vivillon|Quiver Dance|p2a: Vivillon
|-boost|p2a: Vivillon|spa|1
|-boost|p2a: Vivillon|spd|1
|-boost|p2a: Vivillon|spe|1
|move|p1a: Lugia|Whirlwind|p2a: Vivillon
|drag|p2a: Ditto|Ditto|3/100
|-transform|p2a: Ditto|p1a: Lugia|[from] ability: Imposter
|
|upkeep
|turn|25
|inactive|OnMaWa has 60 seconds left.
|
|move|p2a: Ditto|Roost|p2a: Ditto
|-heal|p2a: Ditto|53/100
|-singleturn|p2a: Ditto|move: Roost
|move|p1a: Lugia|Toxic|p2a: Ditto
|-status|p2a: Ditto|tox
|
|-damage|p2a: Ditto|47/100 tox|[from] psn
|upkeep
|turn|26
|
|switch|p2a: Rayquaza|Rayquaza|100/100
|-ability|p2a: Rayquaza|Air Lock
|move|p1a: Lugia|Roost|p1a: Lugia
|-heal|p1a: Lugia|100/100 par
|-singleturn|p1a: Lugia|move: Roost
|
|upkeep
|turn|27
|
|detailschange|p2a: Rayquaza|Rayquaza-Mega
|-mega|p2a: Rayquaza|Rayquaza|
|-weather|DeltaStream|[from] ability: Delta Stream|[of] p2a: Rayquaza
|move|p2a: Rayquaza|Dragon Dance|p2a: Rayquaza
|-boost|p2a: Rayquaza|atk|1
|-boost|p2a: Rayquaza|spe|1
|move|p1a: Lugia|Toxic|p2a: Rayquaza|[miss]
|-miss|p1a: Lugia|p2a: Rayquaza
|
|-weather|DeltaStream|[upkeep]
|upkeep
|turn|28
|
|move|p2a: Rayquaza|Dragon Ascent|p1a: Lugia
|-damage|p1a: Lugia|55/100 par
|-unboost|p2a: Rayquaza|def|1
|-unboost|p2a: Rayquaza|spd|1
|-damage|p2a: Rayquaza|91/100|[from] item: Life Orb
|move|p1a: Lugia|Whirlwind|p2a: Rayquaza
|-weather|none
|drag|p2a: Vivillon|Vivillon-Savanna, M|82/100
|
|-heal|p2a: Vivillon|88/100|[from] item: Leftovers
|upkeep
|turn|29
|inactive|somnium_de_te has 60 seconds left.
|
|move|p2a: Vivillon|Substitute|p2a: Vivillon
|-start|p2a: Vivillon|Substitute
|-damage|p2a: Vivillon|63/100
|move|p1a: Lugia|Roost|p1a: Lugia
|-heal|p1a: Lugia|100/100 par
|-singleturn|p1a: Lugia|move: Roost
|
|-heal|p2a: Vivillon|69/100|[from] item: Leftovers
|upkeep
|turn|30
|
|move|p2a: Vivillon|Hurricane|p1a: Lugia|[miss]
|-miss|p2a: Vivillon|p1a: Lugia
|cant|p1a: Lugia|par
|
|-heal|p2a: Vivillon|75/100|[from] item: Leftovers
|upkeep
|turn|31
|inactive|OnMaWa has 60 seconds left.
|
|move|p2a: Vivillon|Hurricane|p1a: Lugia
|-crit|p1a: Lugia
|-damage|p1a: Lugia|83/100 par
|cant|p1a: Lugia|par
|
|-heal|p2a: Vivillon|81/100|[from] item: Leftovers
|upkeep
|turn|32
|
|move|p2a: Vivillon|Quiver Dance|p2a: Vivillon
|-boost|p2a: Vivillon|spa|1
|-boost|p2a: Vivillon|spd|1
|-boost|p2a: Vivillon|spe|1
|cant|p1a: Lugia|par
|
|-heal|p2a: Vivillon|87/100|[from] item: Leftovers
|upkeep
|turn|33
|
|move|p2a: Vivillon|Hurricane|p1a: Lugia
|-damage|p1a: Lugia|49/100 par
|move|p1a: Lugia|Roost|p1a: Lugia
|-heal|p1a: Lugia|99/100 par
|-singleturn|p1a: Lugia|move: Roost
|
|-heal|p2a: Vivillon|93/100|[from] item: Leftovers
|upkeep
|turn|34
|
|move|p2a: Vivillon|Hurricane|p1a: Lugia
|-damage|p1a: Lugia|63/100 par
|move|p1a: Lugia|Whirlwind|p2a: Vivillon
|drag|p2a: Ditto|Ditto|47/100 tox
|-transform|p2a: Ditto|p1a: Lugia|[from] ability: Imposter
|
|-damage|p2a: Ditto|41/100 tox|[from] psn
|upkeep
|turn|35
|inactive|OnMaWa has 60 seconds left.
|
|move|p2a: Ditto|Roost|p2a: Ditto
|-heal|p2a: Ditto|91/100 tox
|-singleturn|p2a: Ditto|move: Roost
|cant|p1a: Lugia|par
|
|-damage|p2a: Ditto|79/100 tox|[from] psn
|upkeep
|turn|36
|
|switch|p2a: Rayquaza|Rayquaza-Mega|91/100
|-weather|DeltaStream|[from] ability: Delta Stream|[of] p2a: Rayquaza
|move|p1a: Lugia|Roost|p1a: Lugia
|-heal|p1a: Lugia|100/100 par
|-singleturn|p1a: Lugia|move: Roost
|
|-weather|DeltaStream|[upkeep]
|upkeep
|turn|37
|
|move|p2a: Rayquaza|Extreme Speed|p1a: Lugia
|-damage|p1a: Lugia|88/100 par
|-damage|p2a: Rayquaza|81/100|[from] item: Life Orb
|cant|p1a: Lugia|par
|
|-weather|DeltaStream|[upkeep]
|upkeep
|turn|38
|
|move|p2a: Rayquaza|Dragon Ascent|p1a: Lugia
|-damage|p1a: Lugia|30/100 par
|-unboost|p2a: Rayquaza|def|1
|-unboost|p2a: Rayquaza|spd|1
|-damage|p2a: Rayquaza|71/100|[from] item: Life Orb
|cant|p1a: Lugia|par
|
|-weather|DeltaStream|[upkeep]
|upkeep
|turn|39
|inactive|OnMaWa has 60 seconds left.
|
|switch|p1a: Necrozma|Necrozma-Ultra|18/100
|-activate|p1a: Necrozma|move: Sticky Web
|-unboost|p1a: Necrozma|spe|1
|move|p2a: Rayquaza|Dragon Ascent|p1a: Necrozma
|-damage|p1a: Necrozma|0 fnt
|-unboost|p2a: Rayquaza|def|1
|-unboost|p2a: Rayquaza|spd|1
|-damage|p2a: Rayquaza|61/100|[from] item: Life Orb
|faint|p1a: Necrozma
|
|-weather|DeltaStream|[upkeep]
|upkeep
|inactive|OnMaWa has 60 seconds left.
|
|switch|p1a: Arceus|Arceus|40/100
|-activate|p1a: Arceus|move: Sticky Web
|-unboost|p1a: Arceus|spe|1
|turn|40
|
|move|p2a: Rayquaza|Extreme Speed|p1a: Arceus
|-damage|p1a: Arceus|8/100
|-damage|p2a: Rayquaza|51/100|[from] item: Life Orb
|move|p1a: Arceus|Extreme Speed|p2a: Rayquaza
|-damage|p2a: Rayquaza|0 fnt
|faint|p2a: Rayquaza
|-weather|none
|
|upkeep
|
|switch|p2a: Ditto|Ditto|79/100 tox
|-transform|p2a: Ditto|p1a: Arceus|[from] ability: Imposter
|turn|41
|
|switch|p1a: Groudon|Groudon|100/100
|-activate|p1a: Groudon|move: Sticky Web
|-unboost|p1a: Groudon|spe|1
|detailschange|p1a: Groudon|Groudon-Primal
|-primal|p1a: Groudon
|-weather|DesolateLand|[from] ability: Desolate Land|[of] p1a: Groudon
|move|p2a: Ditto|Extreme Speed|p1a: Groudon
|-damage|p1a: Groudon|70/100
|
|-weather|DesolateLand|[upkeep]
|-damage|p2a: Ditto|73/100 tox|[from] psn
|upkeep
|turn|42
|j| Shazam2006
|inactive|OnMaWa has 30 seconds left.
|inactive|OnMaWa has 20 seconds left.
|inactive|OnMaWa has 15 seconds left.
|inactive|OnMaWa has 10 seconds left.
|
|switch|p2a: Vivillon|Vivillon-Savanna, M|93/100
|move|p1a: Groudon|Swords Dance|p1a: Groudon
|-boost|p1a: Groudon|atk|2
|
|-weather|DesolateLand|[upkeep]
|-heal|p2a: Vivillon|99/100|[from] item: Leftovers
|upkeep
|turn|43
|inactive|OnMaWa has 20 seconds left this turn.
|inactive|OnMaWa has 15 seconds left.
|
|-weather|none
|switch|p1a: Lugia|Lugia|30/100 par
|move|p2a: Vivillon|Substitute|p2a: Vivillon
|-start|p2a: Vivillon|Substitute
|-damage|p2a: Vivillon|74/100
|
|-heal|p2a: Vivillon|80/100|[from] item: Leftovers
|upkeep
|turn|44
|inactive|OnMaWa has 25 seconds left this turn.
|inactive|OnMaWa has 20 seconds left.
|
|move|p2a: Vivillon|Hurricane|p1a: Lugia
|-damage|p1a: Lugia|9/100 par
|move|p1a: Lugia|Roost|p1a: Lugia
|-heal|p1a: Lugia|59/100 par
|-singleturn|p1a: Lugia|move: Roost
|
|-heal|p2a: Vivillon|86/100|[from] item: Leftovers
|upkeep
|turn|45
|inactive|OnMaWa has 30 seconds left this turn.
|inactive|OnMaWa has 20 seconds left.
|
|move|p2a: Vivillon|Quiver Dance|p2a: Vivillon
|-boost|p2a: Vivillon|spa|1
|-boost|p2a: Vivillon|spd|1
|-boost|p2a: Vivillon|spe|1
|move|p1a: Lugia|Roost|p1a: Lugia
|-heal|p1a: Lugia|100/100 par
|-singleturn|p1a: Lugia|move: Roost
|
|-heal|p2a: Vivillon|92/100|[from] item: Leftovers
|upkeep
|turn|46
|inactive|OnMaWa has 30 seconds left this turn.
|inactive|OnMaWa has 20 seconds left.
|
|switch|p2a: Ditto|Ditto|73/100 tox
|-transform|p2a: Ditto|p1a: Lugia|[from] ability: Imposter
|cant|p1a: Lugia|par
|
|-damage|p2a: Ditto|67/100 tox|[from] psn
|upkeep
|turn|47
|inactive|OnMaWa has 30 seconds left this turn.
|inactive|OnMaWa has 20 seconds left.
|inactive|OnMaWa has 15 seconds left.
|
|move|p2a: Ditto|Roost|p2a: Ditto
|-heal|p2a: Ditto|100/100 tox
|-singleturn|p2a: Ditto|move: Roost
|move|p1a: Lugia|Thunder Wave||[still]
|-fail|p1a: Lugia
|
|-damage|p2a: Ditto|88/100 tox|[from] psn
|upkeep
|turn|48
|inactive|OnMaWa has 25 seconds left this turn.
|inactive|OnMaWa has 20 seconds left.
|inactive|OnMaWa has 15 seconds left.
|
|switch|p1a: Arceus|Arceus|8/100
|-activate|p1a: Arceus|move: Sticky Web
|-unboost|p1a: Arceus|spe|1
|move|p2a: Ditto|Roost|p2a: Ditto
|-heal|p2a: Ditto|100/100 tox
|-singleturn|p2a: Ditto|move: Roost
|
|-damage|p2a: Ditto|82/100 tox|[from] psn
|upkeep
|turn|49
|inactive|OnMaWa has 25 seconds left this turn.
|inactive|OnMaWa has 20 seconds left.
|inactive|OnMaWa has 15 seconds left.
|
|move|p2a: Ditto|Roost|p2a: Ditto
|-heal|p2a: Ditto|100/100 tox
|-singleturn|p2a: Ditto|move: Roost
|move|p1a: Arceus|Swords Dance|p1a: Arceus
|-boost|p1a: Arceus|atk|2
|
|-damage|p2a: Ditto|76/100 tox|[from] psn
|upkeep
|turn|50
|inactive|OnMaWa has 25 seconds left this turn.
|inactive|OnMaWa has 20 seconds left.
|inactive|OnMaWa has 15 seconds left.
|inactive|OnMaWa has 10 seconds left.
|
|switch|p2a: Vivillon|Vivillon-Savanna, M|92/100
|move|p1a: Arceus|Extreme Speed|p2a: Vivillon
|-damage|p2a: Vivillon|0 fnt
|faint|p2a: Vivillon
|
|upkeep
|inactive|OnMaWa has 15 seconds left this turn.
|-message|somnium_de_te forfeited.
|
|win|OnMaWa
|inactive|OnMaWa has 20 seconds left this turn.
||Ladder (probably) updated, but score could not be retrieved (Response not received).
