|j|☆Hhhhhhhhhhhhx
|j|☆Gimmicko
|t:|1662178488
|gametype|singles
|player|p1|Hhhhhhhhhhhhx|nate|1337
|player|p2|Gimmicko|169|1389
|teamsize|p1|6
|teamsize|p2|6
|gen|8
|tier|[Gen 8] National Dex AG
|rated|
|rule|HP Percentage Mod: HP is shown in percentages
|rule|Endless Battle Clause: Forcing endless battles is banned
|clearpoke
|poke|p1|Eternatus|
|poke|p1|Ho-Oh|
|poke|p1|Dragapult, M|
|poke|p1|Calyrex-Ice|
|poke|p1|Necrozma-Dusk-Mane|
|poke|p1|Zygarde|
|poke|p2|Smeargle, F|
|poke|p2|Scolipede, F|
|poke|p2|Shedinja|
|poke|p2|Marshadow|
|poke|p2|Gliscor, F|
|poke|p2|Clefable, F|
|teampreview
|inactive|Battle timer is ON: inactive players will automatically lose when time's up. (requested by Gimmicko)
|j| NotNotKid
|
|t:|1662178500
|start
|switch|p1a: Dragapult|Dragapult, M, shiny|100/100
|switch|p2a: Smeargle|Smeargle, F|100/100
|turn|1
|
|t:|1662178507
|switch|p2a: Clefable|Clefable, F|100/100
|move|p1a: Dragapult|Dragon Darts|p2a: Clefable
|-immune|p2a: Clefable
|
|upkeep
|turn|2
|
|t:|1662178514
|move|p1a: Dragapult|U-turn|p2a: Clefable
|-resisted|p2a: Clefable
|-damage|p2a: Clefable|82/100
|-damage|p1a: Dragapult|91/100|[from] item: Life Orb
|
|t:|1662178520
|switch|p1a: Necrozma|Necrozma-Dusk-Mane|100/100|[from]move: U-turn
|move|p2a: Clefable|Toxic|p1a: Necrozma
|-immune|p1a: Necrozma
|
|-heal|p2a: Clefable|89/100|[from] item: Leftovers
|upkeep
|turn|3
|
|t:|1662178532
|switch|p2a: Gliscor|Gliscor, F|100/100
|move|p1a: Necrozma|Stealth Rock|p2a: Gliscor
|-sidestart|p2: Gimmicko|move: Stealth Rock
|
|-status|p2a: Gliscor|tox|[from] item: Toxic Orb
|upkeep
|turn|4
|
|t:|1662178555
|switch|p1a: Zygarde|Zygarde, shiny|100/100
|move|p2a: Gliscor|Defog|p1a: Zygarde
|-unboost|p1a: Zygarde|evasion|1
|-sideend|p2: Gimmicko|Stealth Rock|[from] move: Defog|[of] p2a: Gliscor
|
|upkeep
|turn|5
|
|t:|1662178573
|switch|p2a: Scolipede|Scolipede, F|100/100
|switch|p1a: Necrozma|Necrozma-Dusk-Mane|100/100
|
|upkeep
|turn|6
|
|t:|1662178582
|move|p2a: Scolipede|Substitute|p2a: Scolipede
|-start|p2a: Scolipede|Substitute
|-damage|p2a: Scolipede|76/100
|move|p1a: Necrozma|Stealth Rock|p2a: Scolipede
|-sidestart|p2: Gimmicko|move: Stealth Rock
|
|-heal|p2a: Scolipede|82/100|[from] item: Leftovers
|-ability|p2a: Scolipede|Speed Boost|boost
|-boost|p2a: Scolipede|spe|1
|upkeep
|turn|7
|
|t:|1662178592
|move|p2a: Scolipede|Iron Defense|p2a: Scolipede
|-boost|p2a: Scolipede|def|2
|move|p1a: Necrozma|Sunsteel Strike|p2a: Scolipede
|-end|p2a: Scolipede|Substitute
|
|-heal|p2a: Scolipede|88/100|[from] item: Leftovers
|-ability|p2a: Scolipede|Speed Boost|boost
|-boost|p2a: Scolipede|spe|1
|upkeep
|turn|8
|
|t:|1662178605
|move|p2a: Scolipede|Protect|p2a: Scolipede
|-singleturn|p2a: Scolipede|Protect
|move|p1a: Necrozma|Sunsteel Strike|p2a: Scolipede
|-activate|p2a: Scolipede|move: Protect
|
|-heal|p2a: Scolipede|94/100|[from] item: Leftovers
|-ability|p2a: Scolipede|Speed Boost|boost
|-boost|p2a: Scolipede|spe|1
|upkeep
|turn|9
|
|t:|1662178624
|move|p2a: Scolipede|Iron Defense|p2a: Scolipede
|-boost|p2a: Scolipede|def|2
|move|p1a: Necrozma|Sunsteel Strike|p2a: Scolipede
|-damage|p2a: Scolipede|74/100
|
|-heal|p2a: Scolipede|80/100|[from] item: Leftovers
|-ability|p2a: Scolipede|Speed Boost|boost
|-boost|p2a: Scolipede|spe|1
|upkeep
|turn|10
|
|t:|1662178635
|switch|p1a: Eternatus|Eternatus|100/100
|-ability|p1a: Eternatus|Pressure
|move|p2a: Scolipede|Iron Defense|p2a: Scolipede
|-boost|p2a: Scolipede|def|2
|
|-heal|p2a: Scolipede|86/100|[from] item: Leftovers
|-ability|p2a: Scolipede|Speed Boost|boost
|-boost|p2a: Scolipede|spe|1
|upkeep
|turn|11
|
|t:|1662178646
|move|p2a: Scolipede|Protect|p2a: Scolipede
|-singleturn|p2a: Scolipede|Protect
|move|p1a: Eternatus|Mystical Fire|p2a: Scolipede
|-activate|p2a: Scolipede|move: Protect
|
|-heal|p2a: Scolipede|92/100|[from] item: Leftovers
|-ability|p2a: Scolipede|Speed Boost|boost
|-boost|p2a: Scolipede|spe|1
|upkeep
|turn|12
|
|t:|1662178655
|move|p2a: Scolipede|Substitute|p2a: Scolipede
|-start|p2a: Scolipede|Substitute
|-damage|p2a: Scolipede|67/100
|move|p1a: Eternatus|Mystical Fire|p2a: Scolipede
|-supereffective|p2a: Scolipede
|-end|p2a: Scolipede|Substitute
|
|-heal|p2a: Scolipede|74/100|[from] item: Leftovers
|upkeep
|turn|13
|
|t:|1662178665
|move|p2a: Scolipede|Baton Pass|p2a: Scolipede
|
|t:|1662178668
|switch|p2a: Gliscor|Gliscor, F|100/100 tox|[from]move: Baton Pass
|-damage|p2a: Gliscor|88/100 tox|[from] Stealth Rock
|move|p1a: Eternatus|Mystical Fire|p2a: Gliscor
|-damage|p2a: Gliscor|43/100 tox
|-unboost|p2a: Gliscor|spa|1
|
|-heal|p2a: Gliscor|55/100 tox|[from] ability: Poison Heal
|upkeep
|turn|14
|
|t:|1662178696
|switch|p1a: Zygarde|Zygarde, shiny|100/100
|move|p2a: Gliscor|Defog|p1a: Zygarde
|-unboost|p1a: Zygarde|evasion|1
|-sideend|p2: Gimmicko|Stealth Rock|[from] move: Defog|[of] p2a: Gliscor
|
|-heal|p2a: Gliscor|68/100 tox|[from] ability: Poison Heal
|upkeep
|turn|15
|
|t:|1662178706
|move|p2a: Gliscor|Baton Pass|p2a: Gliscor
|
|t:|1662178719
|switch|p2a: Shedinja|Shedinja|100/100|[from]move: Baton Pass
|move|p1a: Zygarde|Coil|p1a: Zygarde
|-boost|p1a: Zygarde|atk|1
|-boost|p1a: Zygarde|def|1
|-boost|p1a: Zygarde|accuracy|1
|
|upkeep
|turn|16
|
|t:|1662178727
|switch|p1a: Necrozma|Necrozma-Dusk-Mane|100/100
|move|p2a: Shedinja|Shadow Claw|p1a: Necrozma
|-supereffective|p1a: Necrozma
|-damage|p1a: Necrozma|75/100
|-damage|p2a: Shedinja|0 fnt|[from] item: Rocky Helmet|[of] p1a: Necrozma
|faint|p2a: Shedinja
|
|upkeep
|
|t:|1662178737
|switch|p2a: Smeargle|Smeargle, F|100/100
|turn|17
|
|t:|1662178743
|move|p2a: Smeargle|Spore|p1a: Necrozma
|-status|p1a: Necrozma|slp|[from] move: Spore
|cant|p1a: Necrozma|slp
|
|-ability|p2a: Smeargle|Moody|boost
|-boost|p2a: Smeargle|def|2
|-unboost|p2a: Smeargle|spe|1
|upkeep
|turn|18
|
|t:|1662178750
|cant|p1a: Necrozma|slp
|move|p2a: Smeargle|Knock Off|p1a: Necrozma
|-supereffective|p1a: Necrozma
|-damage|p1a: Necrozma|68/100 slp
|-damage|p2a: Smeargle|84/100|[from] item: Rocky Helmet|[of] p1a: Necrozma
|-enditem|p1a: Necrozma|Rocky Helmet|[from] move: Knock Off|[of] p2a: Smeargle
|
|-ability|p2a: Smeargle|Moody|boost
|-boost|p2a: Smeargle|spa|2
|-unboost|p2a: Smeargle|atk|1
|upkeep
|turn|19
|
|t:|1662178763
|cant|p1a: Necrozma|slp
|move|p2a: Smeargle|Aqua Ring|p2a: Smeargle
|-start|p2a: Smeargle|Aqua Ring
|
|-heal|p2a: Smeargle|90/100|[from] Aqua Ring
|-ability|p2a: Smeargle|Moody|boost
|-boost|p2a: Smeargle|spa|2
|-unboost|p2a: Smeargle|def|1
|upkeep
|turn|20
|
|t:|1662178780
|switch|p1a: Zygarde|Zygarde, shiny|100/100
|move|p2a: Smeargle|Baton Pass|p2a: Smeargle
|
|t:|1662178784
|switch|p2a: Scolipede|Scolipede, F|74/100|[from]move: Baton Pass
|
|-heal|p2a: Scolipede|80/100|[from] item: Leftovers
|-heal|p2a: Scolipede|86/100|[from] Aqua Ring
|upkeep
|turn|21
|
|t:|1662178793
|move|p2a: Scolipede|Protect|p2a: Scolipede
|-singleturn|p2a: Scolipede|Protect
|move|p1a: Zygarde|Glare|p2a: Scolipede
|-activate|p2a: Scolipede|move: Protect
|
|-heal|p2a: Scolipede|92/100|[from] item: Leftovers
|-heal|p2a: Scolipede|98/100|[from] Aqua Ring
|-ability|p2a: Scolipede|Speed Boost|boost
|-boost|p2a: Scolipede|spe|1
|upkeep
|turn|22
|
|t:|1662178805
|move|p2a: Scolipede|Substitute|p2a: Scolipede
|-start|p2a: Scolipede|Substitute
|-damage|p2a: Scolipede|74/100
|move|p1a: Zygarde|Glare||[still]
|-fail|p1a: Zygarde
|
|-heal|p2a: Scolipede|80/100|[from] item: Leftovers
|-heal|p2a: Scolipede|86/100|[from] Aqua Ring
|-ability|p2a: Scolipede|Speed Boost|boost
|-boost|p2a: Scolipede|spe|1
|upkeep
|turn|23
|
|t:|1662178815
|move|p2a: Scolipede|Iron Defense|p2a: Scolipede
|-boost|p2a: Scolipede|def|2
|move|p1a: Zygarde|Thousand Arrows|p2a: Scolipede
|-activate|p2a: Scolipede|move: Substitute|[damage]
|
|-heal|p2a: Scolipede|92/100|[from] item: Leftovers
|-heal|p2a: Scolipede|98/100|[from] Aqua Ring
|-ability|p2a: Scolipede|Speed Boost|boost
|-boost|p2a: Scolipede|spe|1
|upkeep
|turn|24
|
|t:|1662178826
|move|p2a: Scolipede|Iron Defense|p2a: Scolipede
|-boost|p2a: Scolipede|def|2
|move|p1a: Zygarde|Thousand Arrows|p2a: Scolipede
|-end|p2a: Scolipede|Substitute
|
|-heal|p2a: Scolipede|100/100|[from] item: Leftovers
|-ability|p2a: Scolipede|Speed Boost|boost
|-boost|p2a: Scolipede|spe|1
|upkeep
|turn|25
|
|t:|1662178838
|move|p2a: Scolipede|Substitute|p2a: Scolipede
|-start|p2a: Scolipede|Substitute
|-damage|p2a: Scolipede|76/100
|move|p1a: Zygarde|Glare||[still]
|-fail|p1a: Zygarde
|
|-heal|p2a: Scolipede|82/100|[from] item: Leftovers
|-heal|p2a: Scolipede|88/100|[from] Aqua Ring
|-ability|p2a: Scolipede|Speed Boost|boost
|-boost|p2a: Scolipede|spe|1
|upkeep
|turn|26
|
|t:|1662178867
|switch|p1a: Eternatus|Eternatus|100/100
|-ability|p1a: Eternatus|Pressure
|move|p2a: Scolipede|Iron Defense|p2a: Scolipede
|-boost|p2a: Scolipede|def|1
|
|-heal|p2a: Scolipede|94/100|[from] item: Leftovers
|-heal|p2a: Scolipede|100/100|[from] Aqua Ring
|-ability|p2a: Scolipede|Speed Boost|boost
|-boost|p2a: Scolipede|spe|1
|upkeep
|turn|27
|
|t:|1662178884
|move|p2a: Scolipede|Protect|p2a: Scolipede
|-singleturn|p2a: Scolipede|Protect
|move|p1a: Eternatus|Dynamax Cannon|p2a: Scolipede
|-activate|p2a: Scolipede|move: Protect
|
|-ability|p2a: Scolipede|Speed Boost|boost
|-boost|p2a: Scolipede|spe|1
|upkeep
|turn|28
|
|t:|1662178892
|move|p2a: Scolipede|Baton Pass|p2a: Scolipede
|
|t:|1662178894
|switch|p2a: Clefable|Clefable, F|89/100|[from]move: Baton Pass
|move|p1a: Eternatus|Dynamax Cannon|p2a: Clefable
|-immune|p2a: Clefable
|
|-heal|p2a: Clefable|95/100|[from] item: Leftovers
|-heal|p2a: Clefable|100/100|[from] Aqua Ring
|upkeep
|turn|29
|
|t:|1662178902
|switch|p1a: Necrozma|Necrozma-Dusk-Mane|68/100 slp
|move|p2a: Clefable|Minimize|p2a: Clefable
|-boost|p2a: Clefable|evasion|2
|
|upkeep
|turn|30
|
|t:|1662178910
|move|p2a: Clefable|Minimize|p2a: Clefable
|-boost|p2a: Clefable|evasion|2
|-curestatus|p1a: Necrozma|slp|[msg]
|move|p1a: Necrozma|Stealth Rock|p2a: Clefable
|-sidestart|p2: Gimmicko|move: Stealth Rock
|
|upkeep
|turn|31
|-message|Hhhhhhhhhhhhx forfeited.
|
|win|Gimmicko
|raw|Hhhhhhhhhhhhx's rating: 1337 &rarr; <strong>1320</strong><br />(-17 for losing)
|raw|Gimmicko's rating: 1389 &rarr; <strong>1406</strong><br />(+17 for winning)
|l|☆Hhhhhhhhhhhhx
|c|☆Gimmicko|GG!
||Ladder isn't responding, score probably updated but might not have (Request timeout).
