|j|☆i feel stabby
|j|☆Tianf
|t:|1635279204
|gametype|singles
|player|p1|i feel stabby|bellelba|1513
|player|p2|Tianf|swimmer|1459
|teamsize|p1|6
|teamsize|p2|6
|gen|8
|tier|[Gen 8] National Dex AG
|rated|
|rule|HP Percentage Mod: HP is shown in percentages
|rule|Endless Battle Clause: Forcing endless battles is banned
|clearpoke
|poke|p1|Zacian-*|
|poke|p1|Rayquaza|
|poke|p1|Necrozma-Dusk-Mane|
|poke|p1|Yveltal|
|poke|p1|Zygarde|
|poke|p1|Ho-Oh|
|poke|p2|Zacian-*|
|poke|p2|Zygarde|
|poke|p2|Groudon|
|poke|p2|Arceus-*|
|poke|p2|Yveltal|
|poke|p2|Chansey, F|
|teampreview
|inactive|Battle timer is ON: inactive players will automatically lose when time's up. (requested by i feel stabby)
|
|t:|1635279234
|start
|switch|p1a: Yveltal|Yveltal|100/100
|switch|p2a: Zygarde|Zygarde|100/100
|-ability|p1a: Yveltal|Dark Aura
|turn|1
|
|t:|1635279238
|move|p1a: Yveltal|Knock Off|p2a: Zygarde
|-damage|p2a: Zygarde|73/100
|-enditem|p2a: Zygarde|Leftovers|[from] move: Knock Off|[of] p1a: Yveltal
|move|p2a: Zygarde|Glare|p1a: Yveltal
|-status|p1a: Yveltal|par
|
|upkeep
|turn|2
|
|t:|1635279243
|move|p2a: Zygarde|Substitute|p2a: Zygarde
|-start|p2a: Zygarde|Substitute
|-damage|p2a: Zygarde|48/100
|move|p1a: Yveltal|U-turn|p2a: Zygarde
|-activate|p2a: Zygarde|move: Substitute|[damage]
|
|t:|1635279251
|switch|p1a: Ho-Oh|Ho-Oh|100/100|[from]move: U-turn
|
|-activate|p2a: Zygarde|ability: Power Construct
|detailschange|p2a: Zygarde|Zygarde-Complete
|-heal|p2a: Zygarde|66/100|[silent]
|upkeep
|turn|3
|
|t:|1635279261
|move|p2a: Zygarde|Dragon Dance|p2a: Zygarde
|-boost|p2a: Zygarde|atk|1
|-boost|p2a: Zygarde|spe|1
|move|p1a: Ho-Oh|Whirlwind|p2a: Zygarde
|drag|p2a: Chansey|Chansey, F|100/100
|
|upkeep
|turn|4
|
|t:|1635279264
|switch|p1a: Yveltal|Yveltal|100/100 par
|-ability|p1a: Yveltal|Dark Aura
|move|p2a: Chansey|Toxic||[still]
|-fail|p2a: Chansey
|
|upkeep
|turn|5
|
|t:|1635279270
|move|p2a: Chansey|Seismic Toss|p1a: Yveltal
|-damage|p1a: Yveltal|79/100 par
|move|p1a: Yveltal|Taunt|p2a: Chansey
|-start|p2a: Chansey|move: Taunt
|
|upkeep
|turn|6
|
|t:|1635279273
|move|p2a: Chansey|Seismic Toss|p1a: Yveltal
|-damage|p1a: Yveltal|57/100 par
|move|p1a: Yveltal|Knock Off|p2a: Chansey
|-damage|p2a: Chansey|63/100
|-enditem|p2a: Chansey|Eviolite|[from] move: Knock Off|[of] p1a: Yveltal
|
|upkeep
|turn|7
|
|t:|1635279276
|switch|p2a: Zacian|Zacian-Crowned|100/100
|-ability|p2a: Zacian|Intrepid Sword|boost
|-boost|p2a: Zacian|atk|1
|move|p1a: Yveltal|Roost|p1a: Yveltal
|-heal|p1a: Yveltal|100/100 par
|-singleturn|p1a: Yveltal|move: Roost
|
|upkeep
|turn|8
|
|t:|1635279281
|switch|p1a: Zygarde|Zygarde|100/100
|move|p2a: Zacian|Behemoth Blade|p1a: Zygarde
|-damage|p1a: Zygarde|52/100
|
|-heal|p1a: Zygarde|59/100|[from] item: Leftovers
|upkeep
|turn|9
|
|t:|1635279284
|switch|p1a: Necrozma|Necrozma-Dusk-Mane|100/100
|move|p2a: Zacian|Play Rough|p1a: Necrozma
|-resisted|p1a: Necrozma
|-damage|p1a: Necrozma|77/100
|-damage|p2a: Zacian|84/100|[from] item: Rocky Helmet|[of] p1a: Necrozma
|
|upkeep
|turn|10
|
|t:|1635279296
|move|p2a: Zacian|Close Combat|p1a: Necrozma
|-damage|p1a: Necrozma|35/100
|-unboost|p2a: Zacian|def|1
|-unboost|p2a: Zacian|spd|1
|-damage|p2a: Zacian|67/100|[from] item: Rocky Helmet|[of] p1a: Necrozma
|move|p1a: Necrozma|Stealth Rock|p2a: Zacian
|-sidestart|p2: Tianf|move: Stealth Rock
|
|upkeep
|turn|11
|
|t:|1635279305
|move|p2a: Zacian|Close Combat|p1a: Necrozma
|-damage|p1a: Necrozma|0 fnt
|-unboost|p2a: Zacian|def|1
|-unboost|p2a: Zacian|spd|1
|-damage|p2a: Zacian|51/100|[from] item: Rocky Helmet|[of] p1a: Necrozma
|faint|p1a: Necrozma
|
|upkeep
|
|t:|1635279311
|switch|p1a: Rayquaza|Rayquaza|100/100
|-ability|p1a: Rayquaza|Air Lock
|turn|12
|
|t:|1635279321
|detailschange|p1a: Rayquaza|Rayquaza-Mega
|-mega|p1a: Rayquaza|Rayquaza|
|-weather|DeltaStream|[from] ability: Delta Stream|[of] p1a: Rayquaza
|move|p1a: Rayquaza|Extreme Speed|p2a: Zacian
|-resisted|p2a: Zacian
|-damage|p2a: Zacian|0 fnt
|faint|p2a: Zacian
|
|-weather|DeltaStream|[upkeep]
|upkeep
|
|t:|1635279324
|switch|p2a: Arceus|Arceus-Fairy|100/100
|-damage|p2a: Arceus|88/100|[from] Stealth Rock
|turn|13
|
|t:|1635279336
|-weather|none
|switch|p1a: Ho-Oh|Ho-Oh|100/100
|move|p2a: Arceus|Defog|p1a: Ho-Oh
|-unboost|p1a: Ho-Oh|evasion|1
|-sideend|p2: Tianf|Stealth Rock|[from] move: Defog|[of] p2a: Arceus
|
|upkeep
|turn|14
|
|t:|1635279343
|move|p2a: Arceus|Toxic|p1a: Ho-Oh
|-status|p1a: Ho-Oh|tox
|move|p1a: Ho-Oh|Toxic|p2a: Arceus
|-status|p2a: Arceus|tox
|
|-damage|p2a: Arceus|82/100 tox|[from] psn
|-damage|p1a: Ho-Oh|94/100 tox|[from] psn
|upkeep
|turn|15
|
|t:|1635279347
|switch|p2a: Zygarde|Zygarde-Complete|66/100
|move|p1a: Ho-Oh|Sacred Fire|p2a: Zygarde
|-resisted|p2a: Zygarde
|-damage|p2a: Zygarde|58/100
|
|-damage|p1a: Ho-Oh|82/100 tox|[from] psn
|upkeep
|turn|16
|
|t:|1635279353
|move|p1a: Ho-Oh|Toxic|p2a: Zygarde
|-status|p2a: Zygarde|tox
|move|p2a: Zygarde|Dragon Dance|p2a: Zygarde
|-boost|p2a: Zygarde|atk|1
|-boost|p2a: Zygarde|spe|1
|
|-damage|p2a: Zygarde|52/100 tox|[from] psn
|-damage|p1a: Ho-Oh|64/100 tox|[from] psn
|upkeep
|turn|17
|
|t:|1635279356
|switch|p1a: Zygarde|Zygarde|59/100
|move|p2a: Zygarde|Thousand Arrows|p1a: Zygarde
|-damage|p1a: Zygarde|35/100
|
|-heal|p1a: Zygarde|41/100|[from] item: Leftovers
|-damage|p2a: Zygarde|40/100 tox|[from] psn
|-activate|p1a: Zygarde|ability: Power Construct
|detailschange|p1a: Zygarde|Zygarde-Complete
|-heal|p1a: Zygarde|61/100|[silent]
|upkeep
|turn|18
|
|t:|1635279361
|move|p2a: Zygarde|Thousand Arrows|p1a: Zygarde
|-damage|p1a: Zygarde|46/100
|move|p1a: Zygarde|Haze|p1a: Zygarde
|-clearallboost
|
|-heal|p1a: Zygarde|52/100|[from] item: Leftovers
|-damage|p2a: Zygarde|22/100 tox|[from] psn
|upkeep
|turn|19
|-message|Tianf forfeited.
|
|win|i feel stabby
|raw|i feel stabby's rating: 1513 &rarr; <strong>1530</strong><br />(+17 for winning)
|raw|Tianf's rating: 1459 &rarr; <strong>1442</strong><br />(-17 for losing)
|l|☆Tianf
