|j|☆Kabia San
|j|☆AdamHaziq
|t:|1664958930
|gametype|singles
|player|p1|Kabia San|benga|1526
|player|p2|AdamHaziq|265|1768
|teamsize|p1|6
|teamsize|p2|6
|gen|8
|tier|[Gen 8] National Dex AG
|rated|
|rule|HP Percentage Mod: HP is shown in percentages
|rule|Endless Battle Clause: Forcing endless battles is banned
|clearpoke
|poke|p1|Victini|
|poke|p1|Genesect-Burn|
|poke|p1|Suicune|
|poke|p1|Zapdos|
|poke|p1|Salamence, M|
|poke|p1|Kyurem-Black|
|poke|p2|Smeargle, M|
|poke|p2|Zacian-*|
|poke|p2|Calyrex-Shadow|
|poke|p2|Necrozma-Dusk-Mane|
|poke|p2|Yveltal|
|poke|p2|Deoxys-Speed|
|teampreview
|inactive|Battle timer is ON: inactive players will automatically lose when time's up. (requested by AdamHaziq)
|
|t:|1664958949
|start
|switch|p1a: Genesect|Genesect-Burn, shiny|100/100
|switch|p2a: Necrozma|Necrozma-Dusk-Mane|100/100
|-ability|p1a: Genesect|Download|boost
|-boost|p1a: Genesect|spa|1
|turn|1
|
|t:|1664958956
|move|p1a: Genesect|Shift Gear|p1a: Genesect
|-boost|p1a: Genesect|spe|2
|-boost|p1a: Genesect|atk|1
|move|p2a: Necrozma|Earthquake|p1a: Genesect
|-damage|p1a: Genesect|37/100
|
|upkeep
|turn|2
|
|t:|1664958960
|move|p1a: Genesect|Leech Life|p2a: Necrozma
|-damage|p2a: Necrozma|45/100
|-heal|p1a: Genesect|70/100|[from] drain|[of] p2a: Necrozma
|move|p2a: Necrozma|Earthquake|p1a: Genesect
|-damage|p1a: Genesect|10/100
|
|upkeep
|turn|3
|
|t:|1664958965
|move|p1a: Genesect|Leech Life|p2a: Necrozma
|-damage|p2a: Necrozma|0 fnt
|-heal|p1a: Genesect|37/100|[from] drain|[of] p2a: Necrozma
|faint|p2a: Necrozma
|
|upkeep
|
|t:|1664958972
|switch|p2a: Smeargle|Smeargle, M|100/100
|turn|4
|
|t:|1664958975
|move|p1a: Genesect|Leech Life|p2a: Smeargle
|-enditem|p2a: Smeargle|Focus Sash
|-damage|p2a: Smeargle|1/100
|-heal|p1a: Genesect|92/100|[from] drain|[of] p2a: Smeargle
|move|p2a: Smeargle|Spore|p1a: Genesect
|-status|p1a: Genesect|slp|[from] move: Spore
|
|-ability|p2a: Smeargle|Moody|boost
|-boost|p2a: Smeargle|def|2
|-unboost|p2a: Smeargle|spa|1
|upkeep
|turn|5
|
|t:|1664958979
|cant|p1a: Genesect|slp
|move|p2a: Smeargle|Baton Pass|p2a: Smeargle
|
|t:|1664958987
|switch|p2a: Zacian|Zacian-Crowned|100/100|[from]move: Baton Pass
|-ability|p2a: Zacian|Intrepid Sword|boost
|-boost|p2a: Zacian|atk|1
|
|upkeep
|turn|6
|
|t:|1664958993
|cant|p1a: Genesect|slp
|move|p2a: Zacian|Close Combat|p1a: Genesect
|-damage|p1a: Genesect|0 fnt
|-unboost|p2a: Zacian|def|1
|-unboost|p2a: Zacian|spd|1
|faint|p1a: Genesect
|
|upkeep
|
|t:|1664958998
|switch|p1a: Zapdos|Zapdos|100/100
|turn|7
|
|t:|1664959001
|switch|p2a: Smeargle|Smeargle, M|1/100
|move|p1a: Zapdos|Discharge|p2a: Smeargle
|-damage|p2a: Smeargle|0 fnt
|faint|p2a: Smeargle
|
|upkeep
|
|t:|1664959003
|switch|p2a: Deoxys|Deoxys-Speed|100/100
|-ability|p2a: Deoxys|Pressure
|turn|8
|
|t:|1664959007
|switch|p1a: Victini|Victini|100/100
|move|p2a: Deoxys|Stealth Rock|p1a: Victini
|-sidestart|p1: Kabia San|move: Stealth Rock
|
|upkeep
|turn|9
|
|t:|1664959011
|move|p2a: Deoxys|Taunt|p1a: Victini
|-start|p1a: Victini|move: Taunt
|move|p1a: Victini|Blue Flare|p2a: Deoxys
|-damage|p2a: Deoxys|12/100
|-damage|p1a: Victini|91/100|[from] item: Life Orb
|
|upkeep
|turn|10
|
|t:|1664959013
|move|p2a: Deoxys|Spikes|p1a: Victini
|-sidestart|p1: Kabia San|Spikes
|move|p1a: Victini|Blue Flare|p2a: Deoxys
|-damage|p2a: Deoxys|0 fnt
|faint|p2a: Deoxys
|-damage|p1a: Victini|81/100|[from] item: Life Orb
|
|upkeep
|
|t:|1664959017
|switch|p2a: Yveltal|Yveltal|100/100
|-ability|p2a: Yveltal|Dark Aura
|turn|11
|
|t:|1664959019
|-start|p2a: Yveltal|Dynamax|
|-heal|p2a: Yveltal|100/100|[silent]
|move|p1a: Victini|Blue Flare|p2a: Yveltal
|-damage|p2a: Yveltal|67/100
|-damage|p1a: Victini|71/100|[from] item: Life Orb
|move|p2a: Yveltal|Max Airstream|p1a: Victini
|-damage|p1a: Victini|0 fnt
|-boost|p2a: Yveltal|spe|1
|faint|p1a: Victini
|
|-heal|p2a: Yveltal|70/100|[from] item: Leftovers
|upkeep
|
|t:|1664959024
|switch|p1a: Zapdos|Zapdos|100/100
|turn|12
|
|t:|1664959026
|move|p2a: Yveltal|Max Darkness|p1a: Zapdos
|-damage|p1a: Zapdos|12/100
|-unboost|p1a: Zapdos|spd|1
|move|p1a: Zapdos|Defog|p2a: Yveltal
|-unboost|p2a: Yveltal|evasion|1
|-sideend|p1: Kabia San|Spikes|[from] move: Defog|[of] p1a: Zapdos
|-sideend|p1: Kabia San|Stealth Rock|[from] move: Defog|[of] p1a: Zapdos
|
|-heal|p2a: Yveltal|73/100|[from] item: Leftovers
|upkeep
|turn|13
|
|t:|1664959030
|move|p2a: Yveltal|Max Airstream|p1a: Zapdos
|-resisted|p1a: Zapdos
|-damage|p1a: Zapdos|0 fnt
|-boost|p2a: Yveltal|spe|1
|faint|p1a: Zapdos
|
|-heal|p2a: Yveltal|77/100|[from] item: Leftovers
|upkeep
|
|t:|1664959036
|switch|p1a: Salamence|Salamence, M|100/100
|-end|p2a: Yveltal|Dynamax
|-heal|p2a: Yveltal|77/100|[silent]
|turn|14
|
|t:|1664959039
|move|p2a: Yveltal|Dark Pulse|p1a: Salamence
|-damage|p1a: Salamence|31/100
|move|p1a: Salamence|Dragon Dance|p1a: Salamence
|-boost|p1a: Salamence|atk|1
|-boost|p1a: Salamence|spe|1
|
|-heal|p2a: Yveltal|83/100|[from] item: Leftovers
|upkeep
|turn|15
|
|t:|1664959044
|detailschange|p1a: Salamence|Salamence-Mega, M
|-mega|p1a: Salamence|Salamence|Salamencite
|move|p2a: Yveltal|Sucker Punch|p1a: Salamence
|-damage|p1a: Salamence|0 fnt
|faint|p1a: Salamence
|
|-heal|p2a: Yveltal|89/100|[from] item: Leftovers
|upkeep
|
|t:|1664959061
|switch|p1a: Kyurem|Kyurem-Black|100/100
|-ability|p1a: Kyurem|Teravolt
|turn|16
|
|t:|1664959064
|move|p2a: Yveltal|Dark Pulse|p1a: Kyurem
|-damage|p1a: Kyurem|42/100
|move|p1a: Kyurem|Dragon Dance|p1a: Kyurem
|-boost|p1a: Kyurem|atk|1
|-boost|p1a: Kyurem|spe|1
|
|-heal|p2a: Yveltal|95/100|[from] item: Leftovers
|upkeep
|turn|17
|
|t:|1664959069
|move|p2a: Yveltal|Sucker Punch||[still]
|-fail|p2a: Yveltal
|move|p1a: Kyurem|Dragon Dance|p1a: Kyurem
|-boost|p1a: Kyurem|atk|1
|-boost|p1a: Kyurem|spe|1
|
|-heal|p2a: Yveltal|100/100|[from] item: Leftovers
|upkeep
|turn|18
|
|t:|1664959078
|-start|p1a: Kyurem|Dynamax|
|-heal|p1a: Kyurem|42/100|[silent]
|move|p2a: Yveltal|Sucker Punch|p1a: Kyurem
|-damage|p1a: Kyurem|26/100
|move|p1a: Kyurem|Max Hailstorm|p2a: Yveltal
|-supereffective|p2a: Yveltal
|-damage|p2a: Yveltal|0 fnt
|-weather|Hail
|faint|p2a: Yveltal
|
|-weather|Hail|[upkeep]
|upkeep
|
|t:|1664959085
|switch|p2a: Zacian|Zacian-Crowned|100/100
|-ability|p2a: Zacian|Intrepid Sword|boost
|-boost|p2a: Zacian|atk|1
|turn|19
|
|t:|1664959087
|move|p1a: Kyurem|Max Lightning|p2a: Zacian
|-damage|p2a: Zacian|0 fnt
|-fieldstart|move: Electric Terrain
|faint|p2a: Zacian
|
|-weather|Hail|[upkeep]
|upkeep
|
|t:|1664959090
|switch|p2a: Calyrex|Calyrex-Shadow|100/100
|-ability|p2a: Calyrex|As One
|-ability|p2a: Calyrex|Unnerve
|turn|20
|
|t:|1664959092
|move|p1a: Kyurem|Max Lightning|p2a: Calyrex
|-enditem|p2a: Calyrex|Focus Sash
|-damage|p2a: Calyrex|1/100
|move|p2a: Calyrex|Astral Barrage|p1a: Kyurem
|-damage|p1a: Kyurem|0 fnt
|faint|p1a: Kyurem
|-ability|p2a: Calyrex|Grim Neigh|boost
|-boost|p2a: Calyrex|spa|1
|
|-weather|Hail|[upkeep]
|-damage|p2a: Calyrex|0 fnt|[from] Hail
|faint|p2a: Calyrex
|
|win|Kabia San
|upkeep
|raw|Kabia San's rating: 1526 &rarr; <strong>1558</strong><br />(+32 for winning)
|raw|AdamHaziq's rating: 1768 &rarr; <strong>1736</strong><br />(-32 for losing)
|c|☆Kabia San|gg
|c|☆AdamHaziq|gg
|l|☆AdamHaziq
