|j|☆Leafstorm121❤
|j|☆Crimson Heart 123
|t:|1598380110
|player|p1|Leafstorm121❤|sina|1846
|player|p2|Crimson Heart 123|lance|1698
|teamsize|p1|6
|teamsize|p2|6
|gametype|singles
|gen|8
|tier|[Gen 8] National Dex AG
|rated|
|clearpoke
|poke|p1|Smeargle, F|
|poke|p1|Rayquaza|
|poke|p1|Groudon|
|poke|p1|Yveltal|
|poke|p1|Arceus-*|
|poke|p1|Arceus-*|
|poke|p2|Zygarde|
|poke|p2|Genesect-*|
|poke|p2|Zacian-Crowned|
|poke|p2|Arceus-*|
|poke|p2|Ho-Oh|
|poke|p2|Diancie|
|rule|HP Percentage Mod: HP is shown in percentages
|rule|Endless Battle Clause: Forcing endless battles is banned
|teampreview
|inactive|Battle timer is ON: inactive players will automatically lose when time's up. (requested by Crimson Heart 123)
|
|t:|1598380121
|start
|switch|p1a: Rayquaza|Rayquaza|100/100
|switch|p2a: Arceus|Arceus|100/100
|-ability|p1a: Rayquaza|Air Lock
|turn|1
|
|t:|1598380132
|detailschange|p1a: Rayquaza|Rayquaza-Mega
|-mega|p1a: Rayquaza|Rayquaza|
|-weather|DeltaStream|[from] ability: Delta Stream|[of] p1a: Rayquaza
|move|p1a: Rayquaza|Dragon Ascent|p2a: Arceus
|-damage|p2a: Arceus|36/100
|-unboost|p1a: Rayquaza|def|1
|-unboost|p1a: Rayquaza|spd|1
|-damage|p1a: Rayquaza|91/100|[from] item: Life Orb
|move|p2a: Arceus|Swords Dance|p2a: Arceus
|-boost|p2a: Arceus|atk|2
|
|-weather|DeltaStream|[upkeep]
|-heal|p2a: Arceus|42/100|[from] item: Leftovers
|upkeep
|turn|2
|
|t:|1598380143
|-weather|none
|switch|p1a: Arceus|Arceus-Ghost|100/100
|move|p2a: Arceus|Extreme Speed|p1a: Arceus
|-immune|p1a: Arceus
|
|-heal|p2a: Arceus|48/100|[from] item: Leftovers
|upkeep
|turn|3
|
|t:|1598380151
|move|p1a: Arceus|Substitute|p1a: Arceus
|-start|p1a: Arceus|Substitute
|-damage|p1a: Arceus|76/100
|move|p2a: Arceus|Shadow Force||[still]
|-prepare|p2a: Arceus|Shadow Force
|
|-heal|p2a: Arceus|54/100|[from] item: Leftovers
|upkeep
|turn|4
|
|t:|1598380157
|move|p1a: Arceus|Swords Dance|p1a: Arceus
|-boost|p1a: Arceus|atk|2
|move|p2a: Arceus|Shadow Force|p1a: Arceus|[from]lockedmove
|-supereffective|p1a: Arceus
|-end|p1a: Arceus|Substitute
|
|-heal|p2a: Arceus|60/100|[from] item: Leftovers
|upkeep
|turn|5
|
|t:|1598380185
|-start|p2a: Arceus|Dynamax
|-heal|p2a: Arceus|60/100|[silent]
|move|p1a: Arceus|Substitute|p1a: Arceus
|-start|p1a: Arceus|Substitute
|-damage|p1a: Arceus|51/100
|move|p2a: Arceus|Max Phantasm|p1a: Arceus
|-supereffective|p1a: Arceus
|-end|p1a: Arceus|Substitute
|-unboost|p1a: Arceus|def|1
|
|-heal|p2a: Arceus|63/100|[from] item: Leftovers
|upkeep
|turn|6
|
|t:|1598380196
|switch|p1a: Smeargle|Smeargle, F|100/100
|move|p2a: Arceus|Max Phantasm|p1a: Smeargle
|-immune|p1a: Smeargle
|
|-heal|p2a: Arceus|66/100|[from] item: Leftovers
|upkeep
|turn|7
|
|t:|1598380203
|move|p2a: Arceus|Max Strike|p1a: Smeargle
|-enditem|p1a: Smeargle|Focus Sash
|-damage|p1a: Smeargle|1/100
|-unboost|p1a: Smeargle|spe|1
|move|p1a: Smeargle|Sticky Web|p2a: Arceus
|-sidestart|p2: Crimson Heart 123|move: Sticky Web
|
|-heal|p2a: Arceus|70/100|[from] item: Leftovers
|-end|p2a: Arceus|Dynamax
|-heal|p2a: Arceus|70/100|[silent]
|upkeep
|turn|8
|
|t:|1598380213
|move|p2a: Arceus|Substitute|p2a: Arceus
|-start|p2a: Arceus|Substitute
|-damage|p2a: Arceus|45/100
|move|p1a: Smeargle|Nuzzle|p2a: Arceus
|-activate|p2a: Arceus|move: Substitute|[damage]
|
|-heal|p2a: Arceus|51/100|[from] item: Leftovers
|upkeep
|turn|9
|
|t:|1598380220
|move|p2a: Arceus|Swords Dance|p2a: Arceus
|-boost|p2a: Arceus|atk|2
|move|p1a: Smeargle|Whirlwind|p2a: Arceus
|drag|p2a: Zacian|Zacian-Crowned|100/100
|-activate|p2a: Zacian|move: Sticky Web
|-unboost|p2a: Zacian|spe|1
|-ability|p2a: Zacian|Intrepid Sword|boost
|-boost|p2a: Zacian|atk|1
|
|upkeep
|turn|10
|
|t:|1598380228
|move|p2a: Zacian|Behemoth Blade|p1a: Smeargle
|-damage|p1a: Smeargle|0 fnt
|faint|p1a: Smeargle
|
|upkeep
|
|t:|1598380233
|switch|p1a: Groudon|Groudon|100/100
|detailschange|p1a: Groudon|Groudon-Primal
|-primal|p1a: Groudon
|-weather|DesolateLand|[from] ability: Desolate Land|[of] p1a: Groudon
|turn|11
|
|t:|1598380239
|switch|p2a: Zygarde|Zygarde, shiny|100/100
|-activate|p2a: Zygarde|move: Sticky Web
|-unboost|p2a: Zygarde|spe|1
|move|p1a: Groudon|Eruption|p2a: Zygarde
|-resisted|p2a: Zygarde
|-damage|p2a: Zygarde|43/100
|
|-weather|DesolateLand|[upkeep]
|-heal|p2a: Zygarde|49/100|[from] item: Leftovers
|-activate|p2a: Zygarde|ability: Power Construct
|detailschange|p2a: Zygarde|Zygarde-Complete, shiny
|-heal|p2a: Zygarde|66/100|[silent]
|upkeep
|turn|12
|
|t:|1598380251
|-weather|none
|switch|p1a: Arceus|Arceus-Electric|100/100
|move|p2a: Zygarde|Glare|p1a: Arceus
|-immune|p1a: Arceus
|
|-heal|p2a: Zygarde|73/100|[from] item: Leftovers
|upkeep
|turn|13
|
|t:|1598380260
|switch|p2a: Diancie|Diancie, shiny|100/100
|-activate|p2a: Diancie|move: Sticky Web
|-fail|p2a: Diancie|unboost|[from] ability: Clear Body|[of] p2a: Diancie
|move|p1a: Arceus|Calm Mind|p1a: Arceus
|-boost|p1a: Arceus|spa|1
|-boost|p1a: Arceus|spd|1
|
|upkeep
|turn|14
|
|t:|1598380275
|detailschange|p2a: Diancie|Diancie-Mega, shiny
|-mega|p2a: Diancie|Diancie|Diancite
|move|p1a: Arceus|Judgment|p2a: Diancie
|-damage|p2a: Diancie|0 fnt
|faint|p2a: Diancie
|
|upkeep
|
|t:|1598380287
|switch|p2a: Ho-Oh|Ho-Oh|100/100
|turn|15
|
|t:|1598380290
|switch|p2a: Zygarde|Zygarde-Complete, shiny|73/100
|-activate|p2a: Zygarde|move: Sticky Web
|-unboost|p2a: Zygarde|spe|1
|move|p1a: Arceus|Judgment|p2a: Zygarde
|-immune|p2a: Zygarde
|
|-heal|p2a: Zygarde|79/100|[from] item: Leftovers
|upkeep
|turn|16
|
|t:|1598380298
|switch|p2a: Ho-Oh|Ho-Oh|100/100
|move|p1a: Arceus|Ice Beam|p2a: Ho-Oh
|-damage|p2a: Ho-Oh|75/100
|
|upkeep
|turn|17
|
|t:|1598380304
|switch|p2a: Zygarde|Zygarde-Complete, shiny|79/100
|-activate|p2a: Zygarde|move: Sticky Web
|-unboost|p2a: Zygarde|spe|1
|move|p1a: Arceus|Judgment|p2a: Zygarde
|-immune|p2a: Zygarde
|
|-heal|p2a: Zygarde|85/100|[from] item: Leftovers
|upkeep
|turn|18
|
|t:|1598380314
|switch|p2a: Ho-Oh|Ho-Oh|100/100
|move|p1a: Arceus|Calm Mind|p1a: Arceus
|-boost|p1a: Arceus|spa|1
|-boost|p1a: Arceus|spd|1
|
|upkeep
|turn|19
|
|t:|1598380320
|switch|p2a: Zygarde|Zygarde-Complete, shiny|85/100
|-activate|p2a: Zygarde|move: Sticky Web
|-unboost|p2a: Zygarde|spe|1
|move|p1a: Arceus|Judgment|p2a: Zygarde
|-immune|p2a: Zygarde
|
|-heal|p2a: Zygarde|91/100|[from] item: Leftovers
|upkeep
|turn|20
|
|t:|1598380329
|switch|p2a: Ho-Oh|Ho-Oh|100/100
|move|p1a: Arceus|Ice Beam|p2a: Ho-Oh
|-damage|p2a: Ho-Oh|68/100
|
|upkeep
|turn|21
|
|t:|1598380335
|move|p1a: Arceus|Ice Beam|p2a: Ho-Oh
|-damage|p2a: Ho-Oh|37/100
|move|p2a: Ho-Oh|Whirlwind|p1a: Arceus
|drag|p1a: Yveltal|Yveltal|100/100
|-ability|p1a: Yveltal|Dark Aura
|
|upkeep
|turn|22
|
|t:|1598380347
|switch|p2a: Arceus|Arceus|51/100
|-activate|p2a: Arceus|move: Sticky Web
|-unboost|p2a: Arceus|spe|1
|move|p1a: Yveltal|Knock Off|p2a: Arceus
|-damage|p2a: Arceus|0 fnt
|-enditem|p2a: Arceus|Leftovers|[from] move: Knock Off|[of] p1a: Yveltal
|-damage|p1a: Yveltal|91/100|[from] item: Life Orb
|faint|p2a: Arceus
|
|upkeep
|inactive|Crimson Heart 123 has 120 seconds left.
|
|t:|1598380380
|switch|p2a: Zacian|Zacian-Crowned|100/100
|-activate|p2a: Zacian|move: Sticky Web
|-unboost|p2a: Zacian|spe|1
|-ability|p2a: Zacian|Intrepid Sword|boost
|-boost|p2a: Zacian|atk|1
|turn|23
|inactive|Crimson Heart 123 has 120 seconds left.
|
|t:|1598380399
|switch|p2a: Ho-Oh|Ho-Oh|70/100
|-start|p1a: Yveltal|Dynamax
|-heal|p1a: Yveltal|91/100|[silent]
|move|p1a: Yveltal|Max Airstream|p2a: Ho-Oh
|-damage|p2a: Ho-Oh|10/100
|-boost|p1a: Yveltal|spe|1
|-damage|p1a: Yveltal|86/100|[from] item: Life Orb
|
|upkeep
|turn|24
|inactive|Crimson Heart 123 has 120 seconds left.
|
|t:|1598380438
|switch|p2a: Genesect|Genesect, shiny|100/100
|-activate|p2a: Genesect|move: Sticky Web
|-unboost|p2a: Genesect|spe|1
|-ability|p2a: Genesect|Download|boost
|-boost|p2a: Genesect|atk|1
|move|p1a: Yveltal|Max Darkness|p2a: Genesect
|-damage|p2a: Genesect|0 fnt
|-damage|p1a: Yveltal|81/100|[from] item: Life Orb
|faint|p2a: Genesect
|
|upkeep
|inactive|Crimson Heart 123 has 90 seconds left.
|
|t:|1598380453
|switch|p2a: Ho-Oh|Ho-Oh|43/100
|turn|25
|
|t:|1598380457
|switch|p2a: Zacian|Zacian-Crowned|100/100
|-activate|p2a: Zacian|move: Sticky Web
|-unboost|p2a: Zacian|spe|1
|-ability|p2a: Zacian|Intrepid Sword|boost
|-boost|p2a: Zacian|atk|1
|move|p1a: Yveltal|Max Darkness|p2a: Zacian
|-resisted|p2a: Zacian
|-damage|p2a: Zacian|48/100
|-unboost|p2a: Zacian|spd|1
|-damage|p1a: Yveltal|76/100|[from] item: Life Orb
|
|-end|p1a: Yveltal|Dynamax
|-heal|p1a: Yveltal|76/100|[silent]
|upkeep
|turn|26
|
|t:|1598380470
|switch|p2a: Ho-Oh|Ho-Oh|76/100
|move|p1a: Yveltal|Heat Wave|p2a: Ho-Oh
|-resisted|p2a: Ho-Oh
|-damage|p2a: Ho-Oh|65/100
|-damage|p1a: Yveltal|66/100|[from] item: Life Orb
|
|upkeep
|turn|27
|
|t:|1598380478
|move|p1a: Yveltal|Knock Off|p2a: Ho-Oh
|-damage|p2a: Ho-Oh|10/100
|-enditem|p2a: Ho-Oh|Heavy-Duty Boots|[from] move: Knock Off|[of] p1a: Yveltal
|-damage|p1a: Yveltal|56/100|[from] item: Life Orb
|move|p2a: Ho-Oh|Roost|p2a: Ho-Oh
|-heal|p2a: Ho-Oh|60/100
|-singleturn|p2a: Ho-Oh|move: Roost
|
|upkeep
|turn|28
|
|t:|1598380486
|move|p1a: Yveltal|Knock Off|p2a: Ho-Oh
|-damage|p2a: Ho-Oh|21/100
|-damage|p1a: Yveltal|46/100|[from] item: Life Orb
|move|p2a: Ho-Oh|Roost|p2a: Ho-Oh
|-heal|p2a: Ho-Oh|71/100
|-singleturn|p2a: Ho-Oh|move: Roost
|
|upkeep
|turn|29
|
|t:|1598380497
|move|p1a: Yveltal|Sky Attack||[still]
|-prepare|p1a: Yveltal|Sky Attack
|move|p2a: Ho-Oh|Sacred Fire|p1a: Yveltal
|-damage|p1a: Yveltal|10/100
|-status|p1a: Yveltal|brn
|
|-damage|p1a: Yveltal|4/100 brn|[from] brn
|upkeep
|turn|30
|
|t:|1598380509
|move|p1a: Yveltal|Sky Attack|p2a: Ho-Oh|[from]lockedmove
|-damage|p2a: Ho-Oh|39/100
|-damage|p1a: Yveltal|0 fnt|[from] item: Life Orb
|faint|p1a: Yveltal
|move|p2a: Ho-Oh|Roost|p2a: Ho-Oh
|-heal|p2a: Ho-Oh|89/100
|-singleturn|p2a: Ho-Oh|move: Roost
|
|upkeep
|
|t:|1598380514
|switch|p1a: Groudon|Groudon-Primal|100/100
|-weather|DesolateLand|[from] ability: Desolate Land|[of] p1a: Groudon
|turn|31
|inactive|Crimson Heart 123 has 120 seconds left.
|
|t:|1598380527
|move|p1a: Groudon|Stone Edge|p2a: Ho-Oh
|-supereffective|p2a: Ho-Oh
|-damage|p2a: Ho-Oh|0 fnt
|faint|p2a: Ho-Oh
|
|-weather|DesolateLand|[upkeep]
|upkeep
|
|t:|1598380531
|switch|p2a: Zygarde|Zygarde-Complete, shiny|91/100
|-activate|p2a: Zygarde|move: Sticky Web
|-unboost|p2a: Zygarde|spe|1
|turn|32
|
|t:|1598380537
|-weather|none
|switch|p1a: Arceus|Arceus-Electric|100/100
|move|p2a: Zygarde|Dragon Dance|p2a: Zygarde
|-boost|p2a: Zygarde|atk|1
|-boost|p2a: Zygarde|spe|1
|
|-heal|p2a: Zygarde|97/100|[from] item: Leftovers
|upkeep
|turn|33
|
|t:|1598380546
|move|p1a: Arceus|Ice Beam|p2a: Zygarde
|-supereffective|p2a: Zygarde
|-damage|p2a: Zygarde|28/100
|move|p2a: Zygarde|Dragon Dance|p2a: Zygarde
|-boost|p2a: Zygarde|atk|1
|-boost|p2a: Zygarde|spe|1
|
|-heal|p2a: Zygarde|34/100|[from] item: Leftovers
|upkeep
|turn|34
|
|t:|1598380555
|move|p1a: Arceus|Ice Beam|p2a: Zygarde
|-supereffective|p2a: Zygarde
|-damage|p2a: Zygarde|0 fnt
|faint|p2a: Zygarde
|
|upkeep
|-message|Crimson Heart 123 forfeited.
|
|win|Leafstorm121❤
|l|☆Crimson Heart 123
||Ladder (probably) updated, but score could not be retrieved (Request timeout).
|l|☆Leafstorm121❤
