|j|☆Apprenti Buck
|j|☆09-10a
|t:|1656154521
|gametype|singles
|player|p1|Apprenti Buck|lance|1961
|player|p2|09-10a|schoolkid-gen4dp|1811
|teamsize|p1|6
|teamsize|p2|6
|gen|8
|tier|[Gen 8] National Dex AG
|rated|
|rule|HP Percentage Mod: HP is shown in percentages
|rule|Endless Battle Clause: Forcing endless battles is banned
|clearpoke
|poke|p1|Rayquaza|
|poke|p1|Groudon|
|poke|p1|Yveltal|
|poke|p1|Marshadow|
|poke|p1|Necrozma-Dusk-Mane|
|poke|p1|Ho-Oh|
|poke|p2|Zygarde|
|poke|p2|Gengar, F|
|poke|p2|Necrozma-Dusk-Mane|
|poke|p2|Arceus-*|
|poke|p2|Chansey, F|
|poke|p2|Yveltal|
|teampreview
|inactive|Battle timer is ON: inactive players will automatically lose when time's up. (requested by Apprenti Buck)
|inactive|09-10a also wants the timer to be on.
|
|t:|1656154536
|start
|switch|p1a: Groudon|Groudon|100/100
|switch|p2a: Gengar|Gengar, F, shiny|100/100
|detailschange|p1a: Groudon|Groudon-Primal
|-primal|p1a: Groudon
|-weather|DesolateLand|[from] ability: Desolate Land|[of] p1a: Groudon
|turn|1
|
|t:|1656154547
|detailschange|p2a: Gengar|Gengar-Mega, F, shiny
|-mega|p2a: Gengar|Gengar|Gengarite
|move|p2a: Gengar|Protect|p2a: Gengar
|-singleturn|p2a: Gengar|Protect
|move|p1a: Groudon|Earthquake|p2a: Gengar
|-activate|p2a: Gengar|move: Protect
|
|-weather|DesolateLand|[upkeep]
|upkeep
|turn|2
|
|t:|1656154554
|move|p2a: Gengar|Embargo|p1a: Groudon
|-start|p1a: Groudon|Embargo
|move|p1a: Groudon|Thunder Wave|p2a: Gengar
|-status|p2a: Gengar|par
|
|-weather|DesolateLand|[upkeep]
|upkeep
|turn|3
|
|t:|1656154565
|move|p1a: Groudon|Earthquake|p2a: Gengar
|-supereffective|p2a: Gengar
|-damage|p2a: Gengar|0 fnt
|faint|p2a: Gengar
|
|-weather|DesolateLand|[upkeep]
|upkeep
|
|t:|1656154567
|switch|p2a: Zygarde|Zygarde, shiny|100/100
|turn|4
|
|t:|1656154569
|-weather|none
|switch|p1a: Rayquaza|Rayquaza|100/100
|-ability|p1a: Rayquaza|Air Lock
|move|p2a: Zygarde|Coil|p2a: Zygarde
|-boost|p2a: Zygarde|atk|1
|-boost|p2a: Zygarde|def|1
|-boost|p2a: Zygarde|accuracy|1
|
|upkeep
|turn|5
|
|t:|1656154579
|detailschange|p1a: Rayquaza|Rayquaza-Mega
|-mega|p1a: Rayquaza|Rayquaza|
|-weather|DeltaStream|[from] ability: Delta Stream|[of] p1a: Rayquaza
|-start|p2a: Zygarde|Dynamax|
|-heal|p2a: Zygarde|100/100|[silent]
|move|p1a: Rayquaza|Draco Meteor|p2a: Zygarde|[miss]
|-miss|p1a: Rayquaza|p2a: Zygarde
|move|p2a: Zygarde|Max Wyrmwind|p1a: Rayquaza
|-supereffective|p1a: Rayquaza
|-damage|p1a: Rayquaza|0 fnt
|faint|p1a: Rayquaza
|-weather|none
|
|upkeep
|c|☆Apprenti Buck|Wow
|
|t:|1656154590
|switch|p1a: Groudon|Groudon-Primal|100/100
|-weather|DesolateLand|[from] ability: Desolate Land|[of] p1a: Groudon
|turn|6
|c|☆09-10a|Sorry
|
|t:|1656154604
|move|p2a: Zygarde|Max Wyrmwind|p1a: Groudon
|-damage|p1a: Groudon|56/100
|-unboost|p1a: Groudon|atk|1
|move|p1a: Groudon|Stealth Rock|p2a: Zygarde
|-sidestart|p2: 09-10a|move: Stealth Rock
|
|-weather|DesolateLand|[upkeep]
|upkeep
|turn|7
|
|t:|1656154611
|-weather|none
|switch|p1a: Necrozma|Necrozma-Dusk-Mane|100/100
|move|p2a: Zygarde|Max Wyrmwind|p1a: Necrozma
|-resisted|p1a: Necrozma
|-damage|p1a: Necrozma|77/100
|-unboost|p1a: Necrozma|atk|1
|
|-heal|p1a: Necrozma|83/100|[from] item: Leftovers
|upkeep
|-end|p2a: Zygarde|Dynamax
|-heal|p2a: Zygarde|100/100|[silent]
|turn|8
|
|t:|1656154627
|switch|p1a: Ho-Oh|Ho-Oh|100/100
|move|p2a: Zygarde|Thousand Waves|p1a: Ho-Oh
|-immune|p1a: Ho-Oh
|
|upkeep
|turn|9
|
|t:|1656154645
|switch|p2a: Necrozma|Necrozma-Dusk-Mane|100/100
|-damage|p2a: Necrozma|94/100|[from] Stealth Rock
|move|p1a: Ho-Oh|Toxic|p2a: Necrozma
|-immune|p2a: Necrozma
|
|upkeep
|turn|10
|j| Adhiraj8202
|
|t:|1656154658
|switch|p1a: Necrozma|Necrozma-Dusk-Mane|83/100
|move|p2a: Necrozma|Toxic|p1a: Necrozma
|-immune|p1a: Necrozma
|
|-heal|p1a: Necrozma|89/100|[from] item: Leftovers
|upkeep
|turn|11
|
|t:|1656154670
|switch|p1a: Ho-Oh|Ho-Oh|100/100
|move|p2a: Necrozma|Stealth Rock|p1a: Ho-Oh
|-sidestart|p1: Apprenti Buck|move: Stealth Rock
|
|upkeep
|turn|12
|
|t:|1656154676
|switch|p1a: Necrozma|Necrozma-Dusk-Mane|89/100
|-damage|p1a: Necrozma|83/100|[from] Stealth Rock
|move|p2a: Necrozma|Toxic|p1a: Necrozma
|-immune|p1a: Necrozma
|
|-heal|p1a: Necrozma|89/100|[from] item: Leftovers
|upkeep
|turn|13
|
|t:|1656154683
|switch|p2a: Zygarde|Zygarde, shiny|100/100
|-damage|p2a: Zygarde|94/100|[from] Stealth Rock
|move|p1a: Necrozma|Dragon Dance|p1a: Necrozma
|-boost|p1a: Necrozma|atk|1
|-boost|p1a: Necrozma|spe|1
|
|-heal|p1a: Necrozma|95/100|[from] item: Leftovers
|-heal|p2a: Zygarde|100/100|[from] item: Leftovers
|upkeep
|turn|14
|c| Adhiraj8202|goo person using the hottest mgar set
|c| Adhiraj8202|[ real ]
|
|t:|1656154707
|switch|p1a: Ho-Oh|Ho-Oh|100/100
|move|p2a: Zygarde|Coil|p2a: Zygarde
|-boost|p2a: Zygarde|atk|1
|-boost|p2a: Zygarde|def|1
|-boost|p2a: Zygarde|accuracy|1
|
|upkeep
|turn|15
|c|☆Apprenti Buck|Thx
|c|☆Apprenti Buck|i think the same
|c| Adhiraj8202|that isn't you ,
|c| Adhiraj8202|you're not even using mgar L
|inactive|Apprenti Buck has 120 seconds left.
|c|☆Apprenti Buck|Oops
|c|☆Apprenti Buck|i read mray
|
|t:|1656154746
|switch|p2a: Necrozma|Necrozma-Dusk-Mane|94/100
|-damage|p2a: Necrozma|88/100|[from] Stealth Rock
|move|p1a: Ho-Oh|Whirlwind|p2a: Necrozma
|drag|p2a: Yveltal|Yveltal|100/100
|-ability|p2a: Yveltal|Dark Aura
|
|upkeep
|turn|16
|c| Adhiraj8202|lmao
|j| Testing Teams 596
|
|t:|1656154767
|move|p2a: Yveltal|U-turn|p1a: Ho-Oh
|-resisted|p1a: Ho-Oh
|-damage|p1a: Ho-Oh|97/100
|
|t:|1656154769
|switch|p2a: Necrozma|Necrozma-Dusk-Mane|88/100|[from]move: U-turn
|-damage|p2a: Necrozma|82/100|[from] Stealth Rock
|move|p1a: Ho-Oh|Sacred Fire|p2a: Necrozma
|-supereffective|p2a: Necrozma
|-damage|p2a: Necrozma|48/100
|
|upkeep
|turn|17
|
|t:|1656154779
|switch|p1a: Marshadow|Marshadow|100/100
|-damage|p1a: Marshadow|94/100|[from] Stealth Rock
|move|p2a: Necrozma|Moonlight|p2a: Necrozma
|-heal|p2a: Necrozma|98/100
|
|upkeep
|turn|18
|inactive|09-10a has 120 seconds left.
|
|t:|1656154810
|switch|p2a: Zygarde|Zygarde, shiny|100/100
|-damage|p2a: Zygarde|94/100|[from] Stealth Rock
|move|p1a: Marshadow|Close Combat|p2a: Zygarde
|-damage|p2a: Zygarde|30/100
|-unboost|p1a: Marshadow|def|1
|-unboost|p1a: Marshadow|spd|1
|
|-heal|p2a: Zygarde|37/100|[from] item: Leftovers
|-activate|p2a: Zygarde|ability: Power Construct
|detailschange|p2a: Zygarde|Zygarde-Complete, shiny
|-heal|p2a: Zygarde|60/100|[silent]
|upkeep
|turn|19
|c| Testing Teams 596|All our pummeling
|c|☆Apprenti Buck|Nope
|c|☆Apprenti Buck|banded = goated
|
|t:|1656154830
|switch|p1a: Ho-Oh|Ho-Oh|100/100
|move|p2a: Zygarde|Scale Shot|p1a: Ho-Oh
|-damage|p1a: Ho-Oh|94/100
|-damage|p1a: Ho-Oh|86/100
|-hitcount|p1a: Ho-Oh|2
|-unboost|p2a: Zygarde|def|1
|-boost|p2a: Zygarde|spe|1
|
|-heal|p2a: Zygarde|66/100|[from] item: Leftovers
|upkeep
|turn|20
|
|t:|1656154834
|switch|p2a: Necrozma|Necrozma-Dusk-Mane|98/100
|-damage|p2a: Necrozma|92/100|[from] Stealth Rock
|move|p1a: Ho-Oh|Whirlwind|p2a: Necrozma
|drag|p2a: Yveltal|Yveltal|100/100
|-ability|p2a: Yveltal|Dark Aura
|
|upkeep
|turn|21
|
|t:|1656154841
|move|p2a: Yveltal|Foul Play|p1a: Ho-Oh
|-damage|p1a: Ho-Oh|55/100
|move|p1a: Ho-Oh|Toxic|p2a: Yveltal
|-status|p2a: Yveltal|tox
|
|-damage|p2a: Yveltal|94/100 tox|[from] psn
|upkeep
|turn|22
|c| Adhiraj8202|banded = goat
|
|t:|1656154847
|switch|p1a: Groudon|Groudon-Primal|56/100
|-damage|p1a: Groudon|43/100|[from] Stealth Rock
|-weather|DesolateLand|[from] ability: Desolate Land|[of] p1a: Groudon
|move|p2a: Yveltal|Foul Play|p1a: Groudon
|-damage|p1a: Groudon|7/100
|
|-weather|DesolateLand|[upkeep]
|-damage|p2a: Yveltal|82/100 tox|[from] psn
|upkeep
|turn|23
|c| Adhiraj8202|^cap
|
|t:|1656154854
|move|p2a: Yveltal|Foul Play|p1a: Groudon
|-damage|p1a: Groudon|0 fnt
|faint|p1a: Groudon
|-weather|none
|
|-damage|p2a: Yveltal|64/100 tox|[from] psn
|upkeep
|j| fil41b
|c| Adhiraj8202|the goat marsh set is
|c| Adhiraj8202|specs
|
|t:|1656154857
|switch|p1a: Ho-Oh|Ho-Oh|88/100
|turn|24
|c| Adhiraj8202|[real]
|c|☆Apprenti Buck|Nice jokes
|
|t:|1656154881
|move|p2a: Yveltal|U-turn|p1a: Ho-Oh
|-resisted|p1a: Ho-Oh
|-damage|p1a: Ho-Oh|85/100
|
|t:|1656154884
|switch|p2a: Arceus|Arceus-Ground|100/100|[from]move: U-turn
|-damage|p2a: Arceus|94/100|[from] Stealth Rock
|move|p1a: Ho-Oh|Sacred Fire|p2a: Arceus
|-damage|p2a: Arceus|71/100
|
|upkeep
|turn|25
|c|☆Apprenti Buck|Ah
|c|☆Apprenti Buck|u meant to get burnt
|c|☆Apprenti Buck|didn’t u
|
|t:|1656154912
|switch|p2a: Chansey|Chansey, F|100/100
|-damage|p2a: Chansey|88/100|[from] Stealth Rock
|move|p1a: Ho-Oh|Whirlwind|p2a: Chansey
|drag|p2a: Necrozma|Necrozma-Dusk-Mane|92/100
|-damage|p2a: Necrozma|86/100|[from] Stealth Rock
|
|upkeep
|turn|26
|
|t:|1656154919
|switch|p1a: Necrozma|Necrozma-Dusk-Mane|95/100
|-damage|p1a: Necrozma|89/100|[from] Stealth Rock
|move|p2a: Necrozma|Toxic|p1a: Necrozma
|-immune|p1a: Necrozma
|
|-heal|p1a: Necrozma|95/100|[from] item: Leftovers
|upkeep
|turn|27
|c| Testing Teams 596|Defensive sd arc gr is a thing
|
|t:|1656154923
|switch|p1a: Ho-Oh|Ho-Oh|100/100
|move|p2a: Necrozma|Toxic|p1a: Ho-Oh
|-status|p1a: Ho-Oh|tox
|
|-damage|p1a: Ho-Oh|94/100 tox|[from] psn
|upkeep
|turn|28
|c|☆Apprenti Buck|Wp
|
|t:|1656154938
|move|p1a: Ho-Oh|Sacred Fire|p2a: Necrozma
|-supereffective|p2a: Necrozma
|-damage|p2a: Necrozma|52/100
|-status|p2a: Necrozma|brn
|move|p2a: Necrozma|Moonlight|p2a: Necrozma
|-heal|p2a: Necrozma|100/100 brn
|
|-damage|p1a: Ho-Oh|82/100 tox|[from] psn
|-damage|p2a: Necrozma|94/100 brn|[from] brn
|upkeep
|turn|29
|
|t:|1656154948
|switch|p1a: Marshadow|Marshadow|94/100
|-damage|p1a: Marshadow|88/100|[from] Stealth Rock
|switch|p2a: Yveltal|Yveltal|64/100 tox
|-ability|p2a: Yveltal|Dark Aura
|
|-damage|p2a: Yveltal|57/100 tox|[from] psn
|upkeep
|turn|30
|
|t:|1656154953
|move|p1a: Marshadow|Close Combat|p2a: Yveltal
|-damage|p2a: Yveltal|0 fnt
|-unboost|p1a: Marshadow|def|1
|-unboost|p1a: Marshadow|spd|1
|faint|p2a: Yveltal
|
|upkeep
|
|t:|1656154958
|switch|p2a: Arceus|Arceus-Ground|71/100
|-damage|p2a: Arceus|65/100|[from] Stealth Rock
|turn|31
|c| Testing Teams 596|Goated player 09-10a
|
|t:|1656154964
|switch|p1a: Ho-Oh|Ho-Oh|100/100 tox
|move|p2a: Arceus|Recover|p2a: Arceus
|-heal|p2a: Arceus|100/100
|
|-damage|p1a: Ho-Oh|94/100 tox|[from] psn
|upkeep
|turn|32
|
|t:|1656154983
|switch|p2a: Necrozma|Necrozma-Dusk-Mane|94/100 brn
|-damage|p2a: Necrozma|88/100 brn|[from] Stealth Rock
|switch|p1a: Necrozma|Necrozma-Dusk-Mane|95/100
|-damage|p1a: Necrozma|89/100|[from] Stealth Rock
|
|-heal|p1a: Necrozma|95/100|[from] item: Leftovers
|-damage|p2a: Necrozma|82/100 brn|[from] brn
|upkeep
|turn|33
|c|☆Apprenti Buck|Bro the battle ain’t over
|c|☆09-10a|Far from it
|c|☆Apprenti Buck|and now Ik why I didn’t allow the spectators
|inactive|Apprenti Buck has 120 seconds left.
|c|☆Apprenti Buck|cuz people turn to see high elo battles
|
|t:|1656155030
|switch|p1a: Marshadow|Marshadow|88/100
|-damage|p1a: Marshadow|82/100|[from] Stealth Rock
|switch|p2a: Zygarde|Zygarde-Complete, shiny|66/100
|-damage|p2a: Zygarde|60/100|[from] Stealth Rock
|
|-heal|p2a: Zygarde|66/100|[from] item: Leftovers
|upkeep
|turn|34
|
|t:|1656155050
|switch|p1a: Ho-Oh|Ho-Oh|100/100 tox
|move|p2a: Zygarde|Thousand Waves|p1a: Ho-Oh
|-immune|p1a: Ho-Oh
|
|-heal|p2a: Zygarde|72/100|[from] item: Leftovers
|-damage|p1a: Ho-Oh|94/100 tox|[from] psn
|upkeep
|turn|35
|inactive|Apprenti Buck has 120 seconds left.
|c|☆Apprenti Buck|I almost try click polt
|inactive|09-10a has 120 seconds left.
|
|t:|1656155073
|move|p2a: Zygarde|Coil|p2a: Zygarde
|-boost|p2a: Zygarde|atk|1
|-boost|p2a: Zygarde|def|1
|-boost|p2a: Zygarde|accuracy|1
|move|p1a: Ho-Oh|Whirlwind|p2a: Zygarde
|drag|p2a: Arceus|Arceus-Ground|100/100
|-damage|p2a: Arceus|94/100|[from] Stealth Rock
|
|-damage|p1a: Ho-Oh|82/100 tox|[from] psn
|upkeep
|turn|36
|l| Adhiraj8202
|
|t:|1656155080
|switch|p2a: Chansey|Chansey, F|88/100
|-damage|p2a: Chansey|76/100|[from] Stealth Rock
|move|p1a: Ho-Oh|Toxic|p2a: Chansey
|-status|p2a: Chansey|tox
|
|-damage|p1a: Ho-Oh|63/100 tox|[from] psn
|-damage|p2a: Chansey|69/100 tox|[from] psn
|upkeep
|turn|37
|
|t:|1656155094
|switch|p1a: Marshadow|Marshadow|82/100
|-damage|p1a: Marshadow|76/100|[from] Stealth Rock
|move|p2a: Chansey|Soft-Boiled|p2a: Chansey
|-heal|p2a: Chansey|100/100 tox
|
|-damage|p2a: Chansey|88/100 tox|[from] psn
|upkeep
|turn|38
|
|t:|1656155107
|-curestatus|p2a: Chansey|tox|[from] ability: Natural Cure
|switch|p2a: Necrozma|Necrozma-Dusk-Mane|82/100 brn
|-damage|p2a: Necrozma|76/100 brn|[from] Stealth Rock
|move|p1a: Marshadow|Close Combat|p2a: Necrozma
|-damage|p2a: Necrozma|32/100 brn
|-unboost|p1a: Marshadow|def|1
|-unboost|p1a: Marshadow|spd|1
|-damage|p1a: Marshadow|59/100|[from] item: Rocky Helmet|[of] p2a: Necrozma
|
|-damage|p2a: Necrozma|26/100 brn|[from] brn
|upkeep
|turn|39
|c|☆Apprenti Buck|Way to go
|
|t:|1656155121
|move|p1a: Marshadow|Close Combat|p2a: Necrozma
|-damage|p2a: Necrozma|0 fnt
|-unboost|p1a: Marshadow|def|1
|-unboost|p1a: Marshadow|spd|1
|-damage|p1a: Marshadow|43/100|[from] item: Rocky Helmet|[of] p2a: Necrozma
|faint|p2a: Necrozma
|
|upkeep
|
|t:|1656155124
|switch|p2a: Zygarde|Zygarde-Complete, shiny|72/100
|-damage|p2a: Zygarde|66/100|[from] Stealth Rock
|turn|40
|
|t:|1656155127
|switch|p1a: Ho-Oh|Ho-Oh|96/100 tox
|move|p2a: Zygarde|Scale Shot|p1a: Ho-Oh
|-damage|p1a: Ho-Oh|89/100 tox
|-damage|p1a: Ho-Oh|81/100 tox
|-hitcount|p1a: Ho-Oh|2
|-unboost|p2a: Zygarde|def|1
|-boost|p2a: Zygarde|spe|1
|
|-heal|p2a: Zygarde|72/100|[from] item: Leftovers
|-damage|p1a: Ho-Oh|75/100 tox|[from] psn
|upkeep
|turn|41
|
|t:|1656155131
|move|p2a: Zygarde|Coil|p2a: Zygarde
|-boost|p2a: Zygarde|atk|1
|-boost|p2a: Zygarde|def|1
|-boost|p2a: Zygarde|accuracy|1
|move|p1a: Ho-Oh|Whirlwind|p2a: Zygarde
|drag|p2a: Arceus|Arceus-Ground|94/100
|-damage|p2a: Arceus|88/100|[from] Stealth Rock
|
|-damage|p1a: Ho-Oh|62/100 tox|[from] psn
|upkeep
|turn|42
|
|t:|1656155139
|switch|p1a: Necrozma|Necrozma-Dusk-Mane|95/100
|-damage|p1a: Necrozma|89/100|[from] Stealth Rock
|move|p2a: Arceus|Ice Beam|p1a: Necrozma
|-resisted|p1a: Necrozma
|-damage|p1a: Necrozma|80/100
|
|-heal|p1a: Necrozma|86/100|[from] item: Leftovers
|upkeep
|turn|43
|inactive|09-10a has 120 seconds left.
|
|t:|1656155175
|switch|p2a: Zygarde|Zygarde-Complete, shiny|72/100
|-damage|p2a: Zygarde|66/100|[from] Stealth Rock
|move|p1a: Necrozma|Dragon Dance|p1a: Necrozma
|-boost|p1a: Necrozma|atk|1
|-boost|p1a: Necrozma|spe|1
|
|-heal|p1a: Necrozma|92/100|[from] item: Leftovers
|-heal|p2a: Zygarde|72/100|[from] item: Leftovers
|upkeep
|turn|44
|
|t:|1656155180
|switch|p1a: Ho-Oh|Ho-Oh|95/100 tox
|move|p2a: Zygarde|Coil|p2a: Zygarde
|-boost|p2a: Zygarde|atk|1
|-boost|p2a: Zygarde|def|1
|-boost|p2a: Zygarde|accuracy|1
|
|-heal|p2a: Zygarde|79/100|[from] item: Leftovers
|-damage|p1a: Ho-Oh|89/100 tox|[from] psn
|upkeep
|turn|45
|inactive|09-10a has 120 seconds left.
|
|t:|1656155201
|move|p2a: Zygarde|Scale Shot|p1a: Ho-Oh
|-damage|p1a: Ho-Oh|78/100 tox
|-damage|p1a: Ho-Oh|68/100 tox
|-hitcount|p1a: Ho-Oh|2
|-unboost|p2a: Zygarde|def|1
|-boost|p2a: Zygarde|spe|1
|move|p1a: Ho-Oh|Whirlwind|p2a: Zygarde
|drag|p2a: Chansey|Chansey, F|88/100
|-damage|p2a: Chansey|76/100|[from] Stealth Rock
|
|-damage|p1a: Ho-Oh|56/100 tox|[from] psn
|upkeep
|turn|46
|c|☆Apprenti Buck|Pls gimme chansey
|inactive|09-10a has 120 seconds left.
|
|t:|1656155211
|switch|p2a: Arceus|Arceus-Ground|88/100
|-damage|p2a: Arceus|82/100|[from] Stealth Rock
|move|p1a: Ho-Oh|Toxic|p2a: Arceus
|-status|p2a: Arceus|tox
|
|-damage|p2a: Arceus|76/100 tox|[from] psn
|-damage|p1a: Ho-Oh|37/100 tox|[from] psn
|upkeep
|turn|47
|
|t:|1656155216
|switch|p1a: Necrozma|Necrozma-Dusk-Mane|92/100
|-damage|p1a: Necrozma|86/100|[from] Stealth Rock
|move|p2a: Arceus|Judgment|p1a: Necrozma
|-supereffective|p1a: Necrozma
|-damage|p1a: Necrozma|25/100
|
|-heal|p1a: Necrozma|31/100|[from] item: Leftovers
|-damage|p2a: Arceus|64/100 tox|[from] psn
|upkeep
|turn|48
|
|t:|1656155225
|switch|p2a: Chansey|Chansey, F|76/100
|-damage|p2a: Chansey|63/100|[from] Stealth Rock
|switch|p1a: Ho-Oh|Ho-Oh|70/100 tox
|
|-damage|p1a: Ho-Oh|64/100 tox|[from] psn
|upkeep
|turn|49
|
|t:|1656155231
|move|p1a: Ho-Oh|Sacred Fire|p2a: Chansey
|-damage|p2a: Chansey|29/100
|move|p2a: Chansey|Aromatherapy|p2a: Chansey
|-activate|p2a: Chansey|move: Aromatherapy
|-curestatus|p2: Arceus|tox|[msg]
|
|-damage|p1a: Ho-Oh|51/100 tox|[from] psn
|upkeep
|turn|50
|
|t:|1656155236
|switch|p2a: Arceus|Arceus-Ground|64/100
|-damage|p2a: Arceus|58/100|[from] Stealth Rock
|move|p1a: Ho-Oh|Sacred Fire|p2a: Arceus
|-damage|p2a: Arceus|36/100
|-status|p2a: Arceus|brn
|
|-damage|p1a: Ho-Oh|32/100 tox|[from] psn
|-damage|p2a: Arceus|30/100 brn|[from] brn
|upkeep
|turn|51
|
|t:|1656155241
|switch|p1a: Necrozma|Necrozma-Dusk-Mane|31/100
|-damage|p1a: Necrozma|25/100|[from] Stealth Rock
|move|p2a: Arceus|Recover|p2a: Arceus
|-heal|p2a: Arceus|80/100 brn
|
|-heal|p1a: Necrozma|31/100|[from] item: Leftovers
|-damage|p2a: Arceus|74/100 brn|[from] brn
|upkeep
|turn|52
|
|t:|1656155262
|move|p2a: Arceus|Will-O-Wisp|p1a: Necrozma
|-status|p1a: Necrozma|brn
|move|p1a: Necrozma|Morning Sun|p1a: Necrozma
|-heal|p1a: Necrozma|81/100 brn
|
|-heal|p1a: Necrozma|87/100 brn|[from] item: Leftovers
|-damage|p2a: Arceus|68/100 brn|[from] brn
|-damage|p1a: Necrozma|81/100 brn|[from] brn
|upkeep
|turn|53
|
|t:|1656155272
|switch|p1a: Yveltal|Yveltal|100/100
|-damage|p1a: Yveltal|76/100|[from] Stealth Rock
|-ability|p1a: Yveltal|Dark Aura
|move|p2a: Arceus|Recover|p2a: Arceus
|-heal|p2a: Arceus|100/100 brn
|
|-damage|p2a: Arceus|94/100 brn|[from] brn
|upkeep
|turn|54
|
|t:|1656155288
|-start|p1a: Yveltal|Dynamax|
|-heal|p1a: Yveltal|76/100|[silent]
|move|p2a: Arceus|Recover|p2a: Arceus
|-heal|p2a: Arceus|100/100 brn
|move|p1a: Yveltal|Max Darkness|p2a: Arceus
|-damage|p2a: Arceus|14/100 brn
|-unboost|p2a: Arceus|spd|1
|-damage|p1a: Yveltal|71/100|[from] item: Life Orb
|
|-damage|p2a: Arceus|8/100 brn|[from] brn
|upkeep
|turn|55
|c|☆Apprenti Buck|Ggwp
|
|t:|1656155294
|switch|p2a: Chansey|Chansey, F|29/100
|-damage|p2a: Chansey|16/100|[from] Stealth Rock
|move|p1a: Yveltal|Max Airstream|p2a: Chansey
|-damage|p2a: Chansey|0 fnt
|-boost|p1a: Yveltal|spe|1
|faint|p2a: Chansey
|-damage|p1a: Yveltal|66/100|[from] item: Life Orb
|
|upkeep
|c|☆09-10a|Gg wp
|-message|09-10a forfeited.
|
|win|Apprenti Buck
|raw|Apprenti Buck's rating: 1961 &rarr; <strong>1972</strong><br />(+11 for winning)
|raw|09-10a's rating: 1789 &rarr; <strong>1778</strong><br />(-11 for losing)
|l|☆09-10a
|c|☆Apprenti Buck|Testing teams goated buck
|c|☆Apprenti Buck|fr
