|j|☆soda49
|j|☆Nessov
|t:|1652972634
|gametype|singles
|player|p1|soda49|170|1611
|player|p2|Nessov|unknown|1513
|teamsize|p1|6
|teamsize|p2|6
|gen|8
|tier|[Gen 8] National Dex AG
|rated|
|rule|HP Percentage Mod: HP is shown in percentages
|rule|Endless Battle Clause: Forcing endless battles is banned
|clearpoke
|poke|p1|Charizard, F|
|poke|p1|Mimikyu, F|
|poke|p1|Smeargle, F|
|poke|p1|Calyrex-Shadow|
|poke|p1|Zacian-*|
|poke|p1|Thundurus, M|
|poke|p2|Rayquaza|
|poke|p2|Zacian-*|
|poke|p2|Calyrex-Shadow|
|poke|p2|Yveltal|
|poke|p2|Xerneas-*|
|poke|p2|Groudon|
|teampreview
|
|t:|1652972653
|start
|switch|p1a: Charizard|Charizard, F|100/100
|switch|p2a: Yveltal|Yveltal|100/100
|-ability|p2a: Yveltal|Dark Aura
|turn|1
|inactive|Battle timer is ON: inactive players will automatically lose when time's up. (requested by soda49)
|
|t:|1652972675
|-start|p1a: Charizard|Dynamax|Gmax
|-heal|p1a: Charizard|100/100|[silent]
|move|p1a: Charizard|Max Airstream|p2a: Yveltal
|-damage|p2a: Yveltal|51/100
|-boost|p1a: Charizard|spe|1
|move|p2a: Yveltal|Dark Pulse|p1a: Charizard
|-damage|p1a: Charizard|53/100
|-damage|p2a: Yveltal|41/100|[from] item: Life Orb
|
|upkeep
|turn|2
|
|t:|1652972698
|switch|p2a: Xerneas|Xerneas|100/100
|-ability|p2a: Xerneas|Fairy Aura
|move|p1a: Charizard|G-Max Wildfire|p2a: Xerneas
|-damage|p2a: Xerneas|61/100
|-sidestart|p2: Nessov|G-Max Wildfire
|
|-damage|p2a: Xerneas|44/100|[from] G-Max Wildfire
|upkeep
|turn|3
|
|t:|1652972708
|move|p1a: Charizard|Max Airstream|p2a: Xerneas
|-damage|p2a: Xerneas|0 fnt
|-boost|p1a: Charizard|spe|1
|faint|p2a: Xerneas
|
|upkeep
|
|t:|1652972719
|switch|p2a: Groudon|Groudon|100/100
|-weather|SunnyDay|[from] ability: Drought|[of] p2a: Groudon
|-end|p1a: Charizard|Dynamax
|-heal|p1a: Charizard|53/100|[silent]
|turn|4
|
|t:|1652972729
|move|p1a: Charizard|Tailwind|p1a: Charizard
|-sidestart|p1: soda49|move: Tailwind
|move|p2a: Groudon|Thunder Punch|p1a: Charizard
|-supereffective|p1a: Charizard
|-damage|p1a: Charizard|0 fnt
|faint|p1a: Charizard
|
|-weather|SunnyDay|[upkeep]
|-damage|p2a: Groudon|84/100|[from] G-Max Wildfire
|upkeep
|
|t:|1652972733
|switch|p1a: Smeargle|Smeargle, F|100/100
|turn|5
|
|t:|1652972749
|move|p1a: Smeargle|Spore|p2a: Groudon
|-status|p2a: Groudon|slp|[from] move: Spore
|cant|p2a: Groudon|slp
|
|-weather|SunnyDay|[upkeep]
|-damage|p2a: Groudon|68/100 slp|[from] G-Max Wildfire
|-sideend|p2: Nessov|G-Max Wildfire
|-ability|p1a: Smeargle|Moody|boost
|-boost|p1a: Smeargle|spa|2
|-unboost|p1a: Smeargle|spd|1
|upkeep
|turn|6
|
|t:|1652972763
|move|p1a: Smeargle|Substitute|p1a: Smeargle
|-start|p1a: Smeargle|Substitute
|-damage|p1a: Smeargle|76/100
|-curestatus|p2a: Groudon|slp|[msg]
|move|p2a: Groudon|Thunder Punch|p1a: Smeargle
|-end|p1a: Smeargle|Substitute
|
|-weather|SunnyDay|[upkeep]
|-heal|p1a: Smeargle|82/100|[from] item: Leftovers
|-ability|p1a: Smeargle|Moody|boost
|-boost|p1a: Smeargle|atk|2
|-unboost|p1a: Smeargle|spa|1
|upkeep
|turn|7
|
|t:|1652972774
|move|p1a: Smeargle|Spore|p2a: Groudon
|-status|p2a: Groudon|slp|[from] move: Spore
|cant|p2a: Groudon|slp
|
|-weather|SunnyDay|[upkeep]
|-heal|p1a: Smeargle|88/100|[from] item: Leftovers
|-sideend|p1: soda49|move: Tailwind
|-ability|p1a: Smeargle|Moody|boost
|-boost|p1a: Smeargle|spa|2
|-unboost|p1a: Smeargle|def|1
|upkeep
|turn|8
|
|t:|1652972788
|cant|p2a: Groudon|slp
|move|p1a: Smeargle|Substitute|p1a: Smeargle
|-start|p1a: Smeargle|Substitute
|-damage|p1a: Smeargle|63/100
|
|-weather|none
|-heal|p1a: Smeargle|69/100|[from] item: Leftovers
|-ability|p1a: Smeargle|Moody|boost
|-boost|p1a: Smeargle|spa|2
|-unboost|p1a: Smeargle|spd|1
|upkeep
|turn|9
|
|t:|1652972797
|cant|p2a: Groudon|slp
|move|p1a: Smeargle|Shell Smash|p1a: Smeargle
|-unboost|p1a: Smeargle|def|1
|-unboost|p1a: Smeargle|spd|1
|-boost|p1a: Smeargle|atk|2
|-boost|p1a: Smeargle|spa|1
|-boost|p1a: Smeargle|spe|2
|
|-heal|p1a: Smeargle|75/100|[from] item: Leftovers
|-ability|p1a: Smeargle|Moody|boost
|-boost|p1a: Smeargle|atk|2
|-unboost|p1a: Smeargle|def|1
|upkeep
|turn|10
|
|t:|1652972807
|move|p1a: Smeargle|Power Trip|p2a: Groudon
|-damage|p2a: Groudon|0 fnt
|faint|p2a: Groudon
|
|-heal|p1a: Smeargle|81/100|[from] item: Leftovers
|-ability|p1a: Smeargle|Moody|boost
|-boost|p1a: Smeargle|def|2
|-unboost|p1a: Smeargle|atk|1
|upkeep
|
|t:|1652972818
|switch|p2a: Calyrex|Calyrex-Shadow|100/100
|-ability|p2a: Calyrex|As One
|-ability|p2a: Calyrex|Unnerve
|turn|11
|
|t:|1652972825
|move|p1a: Smeargle|Spore|p2a: Calyrex
|-status|p2a: Calyrex|slp|[from] move: Spore
|cant|p2a: Calyrex|slp
|
|-heal|p1a: Smeargle|87/100|[from] item: Leftovers
|-ability|p1a: Smeargle|Moody|boost
|-boost|p1a: Smeargle|def|2
|-unboost|p1a: Smeargle|spd|1
|upkeep
|turn|12
|inactive|Nessov has 120 seconds left.
|-message|Nessov forfeited.
|
|win|soda49
|raw|soda49's rating: 1611 &rarr; <strong>1626</strong><br />(+15 for winning)
|raw|Nessov's rating: 1513 &rarr; <strong>1498</strong><br />(-15 for losing)
|l|☆Nessov
||Ladder isn't responding, score probably updated but might not have (Request timeout).
