|j|☆cllout
|j|‽MRH1106
|t:|1668447877
|gametype|singles
|player|p1|cllout|misty-lgpe|1689
|player|p2|MRH1106|2|1783
|teamsize|p1|6
|teamsize|p2|6
|gen|8
|tier|[Gen 8] National Dex AG
|rated|
|rule|HP Percentage Mod: HP is shown in percentages
|rule|Endless Battle Clause: Forcing endless battles is banned
|clearpoke
|poke|p1|Zacian-*|
|poke|p1|Calyrex-Shadow|
|poke|p1|Arceus-*|
|poke|p1|Groudon|
|poke|p1|Kyogre|
|poke|p1|Marshadow|
|poke|p2|Arceus-*|
|poke|p2|Rayquaza|
|poke|p2|Yveltal|
|poke|p2|Zacian-*|
|poke|p2|Calyrex-Shadow|
|poke|p2|Ditto|
|teampreview
|inactive|Battle timer is ON: inactive players will automatically lose when time's up. (requested by cllout)
|j| luisYR_a
|j| ddddddabai
|l| luisYR_a
|
|t:|1668447895
|start
|switch|p1a: G-Primal|Groudon|100/100
|switch|p2a: Arceus|Arceus-Ground|100/100
|detailschange|p1a: G-Primal|Groudon-Primal
|-primal|p1a: G-Primal
|-weather|DesolateLand|[from] ability: Desolate Land|[of] p1a: G-Primal
|turn|1
|l| ddddddabai
|inactive|cllout has 120 seconds left.
|j| ddddddabai
|l|‽MRH1106
|inactive|MRH1106 disconnected and has a minute to reconnect!
|player|p2|
|j|‽MRH1106
|inactive|MRH1106 reconnected.
|player|p2|MRH1106|2
|n|‽MRH1106|mrh1106
|
|t:|1668447939
|-weather|none
|switch|p1a: K-Primal|Kyogre|100/100
|detailschange|p1a: K-Primal|Kyogre-Primal
|-primal|p1a: K-Primal
|-weather|PrimordialSea|[from] ability: Primordial Sea|[of] p1a: K-Primal
|move|p2a: Arceus|Judgment|p1a: K-Primal
|-damage|p1a: K-Primal|66/100
|
|-weather|PrimordialSea|[upkeep]
|upkeep
|turn|2
|
|t:|1668447948
|move|p2a: Arceus|Judgment|p1a: K-Primal
|-damage|p1a: K-Primal|32/100
|move|p1a: K-Primal|Origin Pulse|p2a: Arceus
|-supereffective|p2a: Arceus
|-damage|p2a: Arceus|0 fnt
|faint|p2a: Arceus
|
|-weather|PrimordialSea|[upkeep]
|upkeep
|
|t:|1668447956
|switch|p2a: Ditto|Ditto|100/100
|-transform|p2a: Ditto|p1a: K-Primal|[from] ability: Imposter
|turn|3
|
|t:|1668447966
|switch|p1a: Arce|Arceus-Ground|100/100
|move|p2a: Ditto|Water Spout|p1a: Arce
|-supereffective|p1a: Arce
|-damage|p1a: Arce|0 fnt
|faint|p1a: Arce
|
|-weather|PrimordialSea|[upkeep]
|upkeep
|c|☆cllout|nice
|inactive|cllout has 120 seconds left.
|
|t:|1668447982
|switch|p1a: G-Primal|Groudon-Primal|100/100
|-weather|DesolateLand|[from] ability: Desolate Land|[of] p1a: G-Primal
|turn|4
|inactive|cllout has 120 seconds left.
|
|t:|1668447991
|switch|p2a: Zacian|Zacian-Crowned|100/100
|-ability|p2a: Zacian|Intrepid Sword|boost
|-boost|p2a: Zacian|atk|1
|move|p1a: G-Primal|Stealth Rock|p2a: Zacian
|-sidestart|p2: MRH1106|move: Stealth Rock
|
|-weather|DesolateLand|[upkeep]
|upkeep
|turn|5
|
|t:|1668447995
|move|p2a: Zacian|Close Combat|p1a: G-Primal
|-damage|p1a: G-Primal|66/100
|-unboost|p2a: Zacian|def|1
|-unboost|p2a: Zacian|spd|1
|move|p1a: G-Primal|Precipice Blades|p2a: Zacian
|-supereffective|p2a: Zacian
|-damage|p2a: Zacian|0 fnt
|faint|p2a: Zacian
|
|-weather|DesolateLand|[upkeep]
|upkeep
|
|t:|1668448000
|switch|p2a: Ditto|Ditto|100/100
|-damage|p2a: Ditto|88/100|[from] Stealth Rock
|-transform|p2a: Ditto|p1a: G-Primal|[from] ability: Imposter
|turn|6
|
|t:|1668448017
|move|p2a: Ditto|Precipice Blades|p1a: G-Primal
|-supereffective|p1a: G-Primal
|-damage|p1a: G-Primal|0 fnt
|faint|p1a: G-Primal
|
|-weather|DesolateLand|[upkeep]
|upkeep
|inactive|cllout has 120 seconds left.
|l| ddddddabai
|
|t:|1668448047
|switch|p1a: Caly|Calyrex-Shadow|100/100
|-ability|p1a: Caly|As One
|-ability|p1a: Caly|Unnerve
|turn|7
|
|t:|1668448055
|move|p1a: Caly|Astral Barrage|p2a: Ditto
|-damage|p2a: Ditto|3/100
|move|p2a: Ditto|Precipice Blades|p1a: Caly|[miss]
|-miss|p2a: Ditto|p1a: Caly
|
|-weather|DesolateLand|[upkeep]
|upkeep
|turn|8
|inactive|cllout has 120 seconds left.
|
|t:|1668448070
|move|p1a: Caly|Draining Kiss|p2a: Ditto
|-resisted|p2a: Ditto
|-crit|p2a: Ditto
|-damage|p2a: Ditto|0 fnt
|faint|p2a: Ditto
|-weather|none
|-ability|p1a: Caly|Grim Neigh|boost
|-boost|p1a: Caly|spa|1
|
|upkeep
|
|t:|1668448074
|switch|p2a: Calyrex|Calyrex-Shadow|100/100
|-ability|p2a: Calyrex|As One
|-ability|p2a: Calyrex|Unnerve
|-damage|p2a: Calyrex|88/100|[from] Stealth Rock
|turn|9
|
|t:|1668448078
|move|p2a: Calyrex|Astral Barrage|p1a: Caly
|-supereffective|p1a: Caly
|-enditem|p1a: Caly|Focus Sash
|-damage|p1a: Caly|1/100
|move|p1a: Caly|Astral Barrage|p2a: Calyrex
|-supereffective|p2a: Calyrex
|-damage|p2a: Calyrex|0 fnt
|faint|p2a: Calyrex
|-ability|p1a: Caly|Grim Neigh|boost
|-boost|p1a: Caly|spa|1
|
|upkeep
|j| ddddddabai
|
|t:|1668448082
|switch|p2a: Yveltal|Yveltal|100/100
|-damage|p2a: Yveltal|76/100|[from] Stealth Rock
|-ability|p2a: Yveltal|Dark Aura
|turn|10
|
|t:|1668448106
|-start|p1a: Caly|Dynamax|
|-heal|p1a: Caly|1/100|[silent]
|-start|p2a: Yveltal|Dynamax|
|-heal|p2a: Yveltal|76/100|[silent]
|move|p1a: Caly|Max Starfall|p2a: Yveltal
|-supereffective|p2a: Yveltal
|-damage|p2a: Yveltal|7/100
|-fieldstart|move: Misty Terrain
|move|p2a: Yveltal|Max Airstream|p1a: Caly
|-damage|p1a: Caly|0 fnt
|-boost|p2a: Yveltal|spe|1
|faint|p1a: Caly
|-damage|p2a: Yveltal|2/100|[from] item: Life Orb
|
|upkeep
|inactive|cllout has 120 seconds left.
|
|t:|1668448140
|switch|p1a: Marsh|Marshadow|100/100
|turn|11
|
|t:|1668448146
|move|p2a: Yveltal|Max Guard|p2a: Yveltal
|-singleturn|p2a: Yveltal|Max Guard
|move|p1a: Marsh|Shadow Sneak|p2a: Yveltal
|-activate|p2a: Yveltal|move: Max Guard
|
|upkeep
|turn|12
|
|t:|1668448151
|move|p2a: Yveltal|Max Guard||[still]
|-fail|p2a: Yveltal
|move|p1a: Marsh|Shadow Sneak|p2a: Yveltal
|-resisted|p2a: Yveltal
|-damage|p2a: Yveltal|0 fnt
|faint|p2a: Yveltal
|
|upkeep
|
|t:|1668448152
|switch|p2a: Rayquaza|Rayquaza|100/100
|-damage|p2a: Rayquaza|76/100|[from] Stealth Rock
|-ability|p2a: Rayquaza|Air Lock
|turn|13
|inactive|cllout has 120 seconds left.
|
|t:|1668448187
|detailschange|p2a: Rayquaza|Rayquaza-Mega
|-mega|p2a: Rayquaza|Rayquaza|
|-weather|DeltaStream|[from] ability: Delta Stream|[of] p2a: Rayquaza
|move|p1a: Marsh|Spectral Thief|p2a: Rayquaza
|-damage|p2a: Rayquaza|32/100
|move|p2a: Rayquaza|Dragon Ascent|p1a: Marsh
|-supereffective|p1a: Marsh
|-enditem|p1a: Marsh|Focus Sash
|-damage|p1a: Marsh|1/100
|-unboost|p2a: Rayquaza|def|1
|-unboost|p2a: Rayquaza|spd|1
|
|-weather|DeltaStream|[upkeep]
|upkeep
|turn|14
|l| ddddddabai
|
|t:|1668448204
|move|p1a: Marsh|Spectral Thief|p2a: Rayquaza
|-damage|p2a: Rayquaza|0 fnt
|faint|p2a: Rayquaza
|-weather|none
|
|win|cllout
|raw|cllout's rating: 1689 &rarr; <strong>1715</strong><br />(+26 for winning)
|raw|MRH1106's rating: 1800 &rarr; <strong>1774</strong><br />(-26 for losing)
|l|‽MRH1106
|j| ddddddabai
||Ladder isn't responding, score probably updated but might not have (Request timeout).
