|j|☆CLEAR GEM
|j|☆kerrozxl-
|t:|1660895443
|gametype|singles
|player|p1|CLEAR GEM|skierf|1646
|player|p2|kerrozxl-|unknownf|1688
|teamsize|p1|6
|teamsize|p2|6
|gen|8
|tier|[Gen 8] National Dex AG
|rated|
|rule|HP Percentage Mod: HP is shown in percentages
|rule|Endless Battle Clause: Forcing endless battles is banned
|clearpoke
|poke|p1|Rayquaza|
|poke|p1|Groudon|
|poke|p1|Arceus-*|
|poke|p1|Yveltal|
|poke|p1|Zacian-*|
|poke|p1|Necrozma-Dusk-Mane|
|poke|p2|Rayquaza|
|poke|p2|Groudon|
|poke|p2|Necrozma-Dusk-Mane|
|poke|p2|Arceus-*|
|poke|p2|Yveltal|
|poke|p2|Xerneas-*|
|teampreview
|inactive|Battle timer is ON: inactive players will automatically lose when time's up. (requested by CLEAR GEM)
|
|t:|1660895462
|start
|switch|p1a: 不会(?)|Groudon|100/100
|switch|p2a: Rayquaza|Rayquaza, shiny|100/100
|-ability|p2a: Rayquaza|Air Lock
|detailschange|p1a: 不会(?)|Groudon-Primal
|-primal|p1a: 不会(?)
|-weather|DesolateLand|[from] ability: Desolate Land|[of] p1a: 不会(?)
|turn|1
|
|t:|1660895472
|detailschange|p2a: Rayquaza|Rayquaza-Mega, shiny
|-mega|p2a: Rayquaza|Rayquaza|
|-weather|DeltaStream|[from] ability: Delta Stream|[of] p2a: Rayquaza
|move|p2a: Rayquaza|Waterfall|p1a: 不会(?)
|-supereffective|p1a: 不会(?)
|-damage|p1a: 不会(?)|0 fnt
|faint|p1a: 不会(?)
|
|-weather|DeltaStream|[upkeep]
|upkeep
|
|t:|1660895480
|switch|p1a: 老烈|Rayquaza|100/100
|-ability|p1a: 老烈|Air Lock
|turn|2
|
|t:|1660895489
|-weather|none
|switch|p2a: Groudon|Groudon, shiny|100/100
|detailschange|p2a: Groudon|Groudon-Primal, shiny
|-primal|p2a: Groudon
|-weather|DesolateLand|[from] ability: Desolate Land|[of] p2a: Groudon
|detailschange|p1a: 老烈|Rayquaza-Mega
|-mega|p1a: 老烈|Rayquaza|
|-weather|DeltaStream|[from] ability: Delta Stream|[of] p1a: 老烈
|move|p1a: 老烈|Dragon Ascent|p2a: Groudon
|-damage|p2a: Groudon|50/100
|-unboost|p1a: 老烈|def|1
|-unboost|p1a: 老烈|spd|1
|
|-weather|DeltaStream|[upkeep]
|upkeep
|turn|3
|
|t:|1660895495
|move|p1a: 老烈|Dragon Ascent|p2a: Groudon
|-damage|p2a: Groudon|4/100
|-unboost|p1a: 老烈|def|1
|-unboost|p1a: 老烈|spd|1
|move|p2a: Groudon|Stone Edge|p1a: 老烈
|-activate||deltastream
|-damage|p1a: 老烈|29/100
|
|-weather|DeltaStream|[upkeep]
|upkeep
|turn|4
|
|t:|1660895523
|move|p1a: 老烈|Dragon Ascent|p2a: Groudon
|-damage|p2a: Groudon|0 fnt
|-unboost|p1a: 老烈|def|1
|-unboost|p1a: 老烈|spd|1
|faint|p2a: Groudon
|
|-weather|DeltaStream|[upkeep]
|upkeep
|
|t:|1660895525
|switch|p2a: Rayquaza|Rayquaza-Mega, shiny|100/100
|turn|5
|
|t:|1660895528
|move|p2a: Rayquaza|Extreme Speed|p1a: 老烈
|-crit|p1a: 老烈
|-damage|p1a: 老烈|0 fnt
|faint|p1a: 老烈
|
|-weather|DeltaStream|[upkeep]
|upkeep
|
|t:|1660895530
|switch|p1a: 剑狗|Zacian-Crowned|100/100
|-ability|p1a: 剑狗|Intrepid Sword|boost
|-boost|p1a: 剑狗|atk|1
|turn|6
|
|t:|1660895542
|move|p2a: Rayquaza|Extreme Speed|p1a: 剑狗
|-resisted|p1a: 剑狗
|-crit|p1a: 剑狗
|-damage|p1a: 剑狗|66/100
|move|p1a: 剑狗|Behemoth Blade|p2a: Rayquaza
|-damage|p2a: Rayquaza|7/100
|
|-weather|DeltaStream|[upkeep]
|upkeep
|turn|7
|
|t:|1660895549
|move|p2a: Rayquaza|Extreme Speed|p1a: 剑狗
|-resisted|p1a: 剑狗
|-damage|p1a: 剑狗|43/100
|move|p1a: 剑狗|Quick Attack|p2a: Rayquaza
|-damage|p2a: Rayquaza|0 fnt
|faint|p2a: Rayquaza
|-weather|none
|
|upkeep
|
|t:|1660895568
|switch|p2a: Necrozma|Necrozma-Dusk-Mane|100/100
|turn|8
|
|t:|1660895571
|move|p1a: 剑狗|Close Combat|p2a: Necrozma
|-damage|p2a: Necrozma|34/100
|-unboost|p1a: 剑狗|def|1
|-unboost|p1a: 剑狗|spd|1
|move|p2a: Necrozma|Dragon Dance|p2a: Necrozma
|-boost|p2a: Necrozma|atk|1
|-boost|p2a: Necrozma|spe|1
|
|upkeep
|turn|9
|
|t:|1660895584
|detailschange|p2a: Necrozma|Necrozma-Ultra
|-burst|p2a: Necrozma|Necrozma|Ultranecrozium Z
|move|p2a: Necrozma|Earthquake|p1a: 剑狗
|-supereffective|p1a: 剑狗
|-damage|p1a: 剑狗|0 fnt
|faint|p1a: 剑狗
|
|upkeep
|
|t:|1660895587
|switch|p1a: 钢铁之躯|Necrozma-Dusk-Mane|100/100
|turn|10
|j| chronos3600
|
|t:|1660895591
|detailschange|p1a: 钢铁之躯|Necrozma-Ultra
|-burst|p1a: 钢铁之躯|Necrozma|Ultranecrozium Z
|move|p2a: Necrozma|Earthquake|p1a: 钢铁之躯
|-damage|p1a: 钢铁之躯|45/100
|move|p1a: 钢铁之躯|Earthquake|p2a: Necrozma
|-crit|p2a: Necrozma
|-damage|p2a: Necrozma|0 fnt
|faint|p2a: Necrozma
|
|upkeep
|
|t:|1660895602
|switch|p2a: Yveltal|Yveltal, shiny|100/100
|-ability|p2a: Yveltal|Dark Aura
|turn|11
|
|t:|1660895605
|move|p2a: Yveltal|Sucker Punch|p1a: 钢铁之躯
|-supereffective|p1a: 钢铁之躯
|-damage|p1a: 钢铁之躯|0 fnt
|faint|p1a: 钢铁之躯
|
|upkeep
|
|t:|1660895607
|switch|p1a: 悬空羊驼|Arceus-Flying|100/100
|turn|12
|
|t:|1660895622
|switch|p2a: Xerneas|Xerneas, shiny|100/100
|-ability|p2a: Xerneas|Fairy Aura
|move|p1a: 悬空羊驼|Calm Mind|p1a: 悬空羊驼
|-boost|p1a: 悬空羊驼|spa|1
|-boost|p1a: 悬空羊驼|spd|1
|
|upkeep
|turn|13
|
|t:|1660895625
|-start|p1a: 悬空羊驼|Dynamax|
|-heal|p1a: 悬空羊驼|100/100|[silent]
|move|p1a: 悬空羊驼|Max Airstream|p2a: Xerneas
|-damage|p2a: Xerneas|0 fnt
|-boost|p1a: 悬空羊驼|spe|1
|faint|p2a: Xerneas
|
|upkeep
|
|t:|1660895630
|switch|p2a: Arceus|Arceus-Water|100/100
|turn|14
|
|t:|1660895633
|move|p1a: 悬空羊驼|Max Airstream|p2a: Arceus
|-damage|p2a: Arceus|10/100
|-boost|p1a: 悬空羊驼|spe|1
|move|p2a: Arceus|Perish Song|p2a: Arceus
|-start|p1a: 悬空羊驼|perish3|[silent]
|-start|p2a: Arceus|perish3|[silent]
|-fieldactivate|move: Perish Song
|
|-start|p1a: 悬空羊驼|perish3
|-start|p2a: Arceus|perish3
|upkeep
|turn|15
|
|t:|1660895637
|move|p1a: 悬空羊驼|Max Airstream|p2a: Arceus
|-damage|p2a: Arceus|0 fnt
|-boost|p1a: 悬空羊驼|spe|1
|faint|p2a: Arceus
|
|-start|p1a: 悬空羊驼|perish2
|upkeep
|
|t:|1660895639
|switch|p2a: Yveltal|Yveltal, shiny|100/100
|-ability|p2a: Yveltal|Dark Aura
|-end|p1a: 悬空羊驼|Dynamax
|-heal|p1a: 悬空羊驼|100/100|[silent]
|turn|16
|
|t:|1660895642
|-start|p2a: Yveltal|Dynamax|
|-heal|p2a: Yveltal|100/100|[silent]
|move|p1a: 悬空羊驼|Judgment|p2a: Yveltal
|-damage|p2a: Yveltal|67/100
|move|p2a: Yveltal|Max Darkness|p1a: 悬空羊驼
|-damage|p1a: 悬空羊驼|52/100
|-unboost|p1a: 悬空羊驼|spd|1
|
|-start|p1a: 悬空羊驼|perish1
|upkeep
|turn|17
|
|t:|1660895647
|move|p2a: Yveltal|Max Guard|p2a: Yveltal
|-singleturn|p2a: Yveltal|Max Guard
|move|p1a: 悬空羊驼|Judgment|p2a: Yveltal
|-activate|p2a: Yveltal|move: Max Guard
|
|-start|p1a: 悬空羊驼|perish0
|faint|p1a: 悬空羊驼
|upkeep
|
|t:|1660895650
|switch|p1a: Y鸟|Yveltal|100/100
|-ability|p1a: Y鸟|Dark Aura
|turn|18
|
|t:|1660895667
|move|p2a: Yveltal|Max Darkness|p1a: Y鸟
|-resisted|p1a: Y鸟
|-damage|p1a: Y鸟|73/100
|-unboost|p1a: Y鸟|spd|1
|move|p1a: Y鸟|Oblivion Wing|p2a: Yveltal
|-damage|p2a: Yveltal|51/100
|-heal|p1a: Y鸟|98/100|[from] drain|[of] p2a: Yveltal
|
|upkeep
|-end|p2a: Yveltal|Dynamax
|-heal|p2a: Yveltal|51/100|[silent]
|turn|19
|
|t:|1660895675
|move|p2a: Yveltal|Knock Off|p1a: Y鸟
|-resisted|p1a: Y鸟
|-damage|p1a: Y鸟|73/100
|-enditem|p1a: Y鸟|Weakness Policy|[from] move: Knock Off|[of] p2a: Yveltal
|move|p1a: Y鸟|Oblivion Wing|p2a: Yveltal
|-damage|p2a: Yveltal|19/100
|-heal|p1a: Y鸟|96/100|[from] drain|[of] p2a: Yveltal
|
|upkeep
|turn|20
|
|t:|1660895683
|move|p2a: Yveltal|Dark Pulse|p1a: Y鸟
|-resisted|p1a: Y鸟
|-damage|p1a: Y鸟|71/100
|move|p1a: Y鸟|Oblivion Wing|p2a: Yveltal
|-damage|p2a: Yveltal|0 fnt
|-heal|p1a: Y鸟|85/100|[from] drain|[of] p2a: Yveltal
|faint|p2a: Yveltal
|
|win|CLEAR GEM
|raw|CLEAR GEM's rating: 1646 &rarr; <strong>1668</strong><br />(+22 for winning)
|raw|kerrozxl-'s rating: 1688 &rarr; <strong>1666</strong><br />(-22 for losing)
