|j|☆iroeweuio
|j|☆Kenesitto
|t:|1662926517
|gametype|singles
|player|p1|iroeweuio|2|1634
|player|p2|Kenesitto|red|1595
|teamsize|p1|6
|teamsize|p2|6
|gen|8
|tier|[Gen 8] National Dex AG
|rated|
|rule|HP Percentage Mod: HP is shown in percentages
|rule|Endless Battle Clause: Forcing endless battles is banned
|clearpoke
|poke|p1|Chatot, F|
|poke|p1|Weavile, F|
|poke|p1|Giratina-Origin|
|poke|p1|Ditto|
|poke|p1|Breloom, M|
|poke|p1|Wobbuffet, F|
|poke|p2|Marshadow|
|poke|p2|Arceus-*|
|poke|p2|Calyrex-Shadow|
|poke|p2|Eternatus|
|poke|p2|Zacian-*|
|poke|p2|Yveltal|
|teampreview
|
|t:|1662926526
|start
|switch|p1a: Weavile|Weavile, F|100/100
|switch|p2a: Bidóof|Arceus-Ground|100/100
|-ability|p1a: Weavile|Pressure
|turn|1
|
|t:|1662926530
|move|p1a: Weavile|Assist|p1a: Weavile
|move|p1a: Weavile|Spore|p2a: Bidóof|[from]move: Assist
|-status|p2a: Bidóof|slp|[from] move: Spore
|cant|p2a: Bidóof|slp
|
|upkeep
|turn|2
|
|t:|1662926535
|move|p1a: Weavile|Substitute|p1a: Weavile
|-start|p1a: Weavile|Substitute
|-damage|p1a: Weavile|76/100
|-curestatus|p2a: Bidóof|slp|[msg]
|move|p2a: Bidóof|Stealth Rock|p1a: Weavile
|-sidestart|p1: iroeweuio|move: Stealth Rock
|
|-heal|p1a: Weavile|82/100|[from] item: Leftovers
|upkeep
|turn|3
|
|t:|1662926539
|move|p1a: Weavile|Assist|p1a: Weavile
|move|p1a: Weavile|Spore|p2a: Bidóof|[from]move: Assist
|-status|p2a: Bidóof|slp|[from] move: Spore
|cant|p2a: Bidóof|slp
|
|-heal|p1a: Weavile|88/100|[from] item: Leftovers
|upkeep
|turn|4
|
|t:|1662926543
|move|p1a: Weavile|Triple Axel|p2a: Bidóof
|-supereffective|p2a: Bidóof
|-damage|p2a: Bidóof|85/100 slp
|-supereffective|p2a: Bidóof
|-damage|p2a: Bidóof|55/100 slp
|-supereffective|p2a: Bidóof
|-damage|p2a: Bidóof|11/100 slp
|-hitcount|p2a: Bidóof|3
|cant|p2a: Bidóof|slp
|
|-heal|p1a: Weavile|94/100|[from] item: Leftovers
|upkeep
|turn|5
|
|t:|1662926545
|move|p1a: Weavile|Triple Axel|p2a: Bidóof
|-supereffective|p2a: Bidóof
|-damage|p2a: Bidóof|0 fnt
|faint|p2a: Bidóof
|-hitcount|p2: Bidóof|1
|
|-heal|p1a: Weavile|99/100|[from] item: Leftovers
|upkeep
|
|t:|1662926555
|switch|p2a: Shady Guy|Marshadow|100/100
|turn|6
|
|t:|1662926563
|move|p2a: Shady Guy|Spectral Thief|p1a: Weavile
|-resisted|p1a: Weavile
|-damage|p1a: Weavile|63/100
|move|p1a: Weavile|Assist|p1a: Weavile
|move|p1a: Weavile|Spore|p2a: Shady Guy|[from]move: Assist
|-status|p2a: Shady Guy|slp|[from] move: Spore
|
|-heal|p1a: Weavile|70/100|[from] item: Leftovers
|upkeep
|turn|7
|
|t:|1662926567
|cant|p2a: Shady Guy|slp
|move|p1a: Weavile|Triple Axel|p2a: Shady Guy
|-damage|p2a: Shady Guy|86/100 slp
|-damage|p2a: Shady Guy|58/100 slp
|-damage|p2a: Shady Guy|13/100 slp
|-hitcount|p2a: Shady Guy|3
|
|-heal|p1a: Weavile|76/100|[from] item: Leftovers
|upkeep
|turn|8
|
|t:|1662926569
|move|p1a: Weavile|Triple Axel|p2a: Shady Guy|[miss]
|-miss|p1a: Weavile|p2a: Shady Guy
|cant|p2a: Shady Guy|slp
|
|-heal|p1a: Weavile|82/100|[from] item: Leftovers
|upkeep
|turn|9
|
|t:|1662926571
|move|p1a: Weavile|Triple Axel|p2a: Shady Guy
|-damage|p2a: Shady Guy|0 fnt
|faint|p2a: Shady Guy
|-hitcount|p2: Shady Guy|1
|
|-heal|p1a: Weavile|88/100|[from] item: Leftovers
|upkeep
|
|t:|1662926574
|switch|p2a: dragon thing|Eternatus|100/100
|-ability|p2a: dragon thing|Pressure
|turn|10
|
|t:|1662926578
|move|p1a: Weavile|Assist|p1a: Weavile
|move|p1a: Weavile|Spore|p2a: dragon thing|[from]move: Assist
|-status|p2a: dragon thing|slp|[from] move: Spore
|cant|p2a: dragon thing|slp
|
|-heal|p1a: Weavile|94/100|[from] item: Leftovers
|upkeep
|turn|11
|
|t:|1662926581
|move|p1a: Weavile|Swords Dance|p1a: Weavile
|-boost|p1a: Weavile|atk|2
|cant|p2a: dragon thing|slp
|
|-heal|p1a: Weavile|99/100|[from] item: Leftovers
|upkeep
|turn|12
|
|t:|1662926586
|move|p1a: Weavile|Triple Axel|p2a: dragon thing
|-supereffective|p2a: dragon thing
|-crit|p2a: dragon thing
|-damage|p2a: dragon thing|51/100 slp
|-hitcount|p2a: dragon thing|1
|-curestatus|p2a: dragon thing|slp|[msg]
|move|p2a: dragon thing|Flamethrower|p1a: Weavile
|-supereffective|p1a: Weavile
|-end|p1a: Weavile|Substitute
|
|-heal|p1a: Weavile|100/100|[from] item: Leftovers
|upkeep
|turn|13
|
|t:|1662926592
|move|p1a: Weavile|Assist|p1a: Weavile
|move|p1a: Weavile|Spore|p2a: dragon thing|[from]move: Assist
|-status|p2a: dragon thing|slp|[from] move: Spore
|cant|p2a: dragon thing|slp
|
|upkeep
|turn|14
|
|t:|1662926595
|move|p1a: Weavile|Substitute|p1a: Weavile
|-start|p1a: Weavile|Substitute
|-damage|p1a: Weavile|76/100
|cant|p2a: dragon thing|slp
|
|-heal|p1a: Weavile|82/100|[from] item: Leftovers
|upkeep
|turn|15
|
|t:|1662926597
|move|p1a: Weavile|Swords Dance|p1a: Weavile
|-boost|p1a: Weavile|atk|2
|cant|p2a: dragon thing|slp
|
|-heal|p1a: Weavile|88/100|[from] item: Leftovers
|upkeep
|turn|16
|
|t:|1662926601
|move|p1a: Weavile|Triple Axel|p2a: dragon thing
|-supereffective|p2a: dragon thing
|-damage|p2a: dragon thing|5/100 slp
|-supereffective|p2a: dragon thing
|-damage|p2a: dragon thing|0 fnt
|faint|p2a: dragon thing
|-hitcount|p2: dragon thing|2
|
|-heal|p1a: Weavile|94/100|[from] item: Leftovers
|upkeep
|
|t:|1662926603
|switch|p2a: Doge|Zacian-Crowned|100/100
|-ability|p2a: Doge|Intrepid Sword|boost
|-boost|p2a: Doge|atk|1
|turn|17
|
|t:|1662926605
|move|p2a: Doge|Behemoth Blade|p1a: Weavile
|-supereffective|p1a: Weavile
|-end|p1a: Weavile|Substitute
|move|p1a: Weavile|Assist|p1a: Weavile
|move|p1a: Weavile|Spore|p2a: Doge|[from]move: Assist
|-status|p2a: Doge|slp|[from] move: Spore
|
|-heal|p1a: Weavile|99/100|[from] item: Leftovers
|upkeep
|turn|18
|
|t:|1662926609
|cant|p2a: Doge|slp
|move|p1a: Weavile|Substitute|p1a: Weavile
|-start|p1a: Weavile|Substitute
|-damage|p1a: Weavile|75/100
|
|-heal|p1a: Weavile|81/100|[from] item: Leftovers
|upkeep
|turn|19
|
|t:|1662926612
|cant|p2a: Doge|slp
|move|p1a: Weavile|Triple Axel|p2a: Doge
|-resisted|p2a: Doge
|-damage|p2a: Doge|87/100 slp
|-resisted|p2a: Doge
|-damage|p2a: Doge|60/100 slp
|-resisted|p2a: Doge
|-damage|p2a: Doge|16/100 slp
|-hitcount|p2a: Doge|3
|
|-heal|p1a: Weavile|87/100|[from] item: Leftovers
|upkeep
|turn|20
|-message|Kenesitto forfeited.
|
|win|iroeweuio
|raw|iroeweuio's rating: 1634 &rarr; <strong>1652</strong><br />(+18 for winning)
|raw|Kenesitto's rating: 1595 &rarr; <strong>1577</strong><br />(-18 for losing)
|l|☆Kenesitto
||Ladder isn't responding, score probably updated but might not have (Request timeout).
