|j|☆Matsui_Miyako
|j|☆Turtleandbeyond
|t:|1645298934
|gametype|singles
|player|p1|Matsui_Miyako|101|1401
|player|p2|Turtleandbeyond|hilbert|1543
|teamsize|p1|6
|teamsize|p2|6
|gen|8
|tier|[Gen 8] National Dex AG
|rated|
|rule|HP Percentage Mod: HP is shown in percentages
|rule|Endless Battle Clause: Forcing endless battles is banned
|clearpoke
|poke|p1|Zacian-*|
|poke|p1|Necrozma-Dusk-Mane|
|poke|p1|Arceus-*|
|poke|p1|Arceus-*|
|poke|p1|Eternatus|
|poke|p1|Yveltal|
|poke|p2|Regieleki|
|poke|p2|Eevee, F|
|poke|p2|Zacian-*|
|poke|p2|Togedemaru, L1, M|
|poke|p2|Arceus-*|
|poke|p2|Mewtwo|
|teampreview
|inactive|Battle timer is ON: inactive players will automatically lose when time's up. (requested by Turtleandbeyond)
|
|t:|1645298958
|start
|switch|p1a: Eternatus|Eternatus|100/100
|switch|p2a: zapdos i think|Regieleki|100/100
|-ability|p1a: Eternatus|Pressure
|turn|1
|l|☆Matsui_Miyako
|inactive|Matsui_Miyako disconnected and has a minute to reconnect!
|player|p1|
|j|☆Matsui_Miyako
|inactive|Matsui_Miyako reconnected and has 140 seconds left.
|player|p1|Matsui_Miyako|101
|
|t:|1645298980
|switch|p2a: dog thang|Eevee, F|100/100
|move|p1a: Eternatus|Toxic Spikes|p2a: dog thang
|-sidestart|p2: Turtleandbeyond|move: Toxic Spikes
|
|upkeep
|turn|2
|
|t:|1645298988
|move|p1a: Eternatus|Sludge Bomb|p2a: dog thang
|-damage|p2a: dog thang|37/100
|-zpower|p2a: dog thang
|move|p2a: dog thang|Extreme Evoboost|p2a: dog thang
|-boost|p2a: dog thang|atk|2
|-boost|p2a: dog thang|def|2
|-boost|p2a: dog thang|spa|2
|-boost|p2a: dog thang|spd|2
|-boost|p2a: dog thang|spe|2
|
|upkeep
|turn|3
|
|t:|1645298998
|move|p2a: dog thang|Baton Pass|p2a: dog thang
|
|t:|1645299006
|switch|p2a: Lactose tolerant|Mewtwo|100/100|[from]move: Baton Pass
|-status|p2a: Lactose tolerant|psn
|-ability|p2a: Lactose tolerant|Pressure
|move|p1a: Eternatus|Sludge Bomb|p2a: Lactose tolerant
|-damage|p2a: Lactose tolerant|79/100 psn
|
|-damage|p2a: Lactose tolerant|67/100 psn|[from] psn
|upkeep
|turn|4
|
|t:|1645299021
|detailschange|p2a: Lactose tolerant|Mewtwo-Mega-Y
|-mega|p2a: Lactose tolerant|Mewtwo|Mewtwonite Y
|move|p2a: Lactose tolerant|Stored Power|p1a: Eternatus
|-supereffective|p1a: Eternatus
|-damage|p1a: Eternatus|0 fnt
|faint|p1a: Eternatus
|
|-damage|p2a: Lactose tolerant|54/100 psn|[from] psn
|upkeep
|
|t:|1645299035
|switch|p1a: Yveltal|Yveltal, shiny|100/100
|-ability|p1a: Yveltal|Dark Aura
|turn|5
|
|t:|1645299047
|move|p2a: Lactose tolerant|Thunderbolt|p1a: Yveltal
|-supereffective|p1a: Yveltal
|-damage|p1a: Yveltal|0 fnt
|faint|p1a: Yveltal
|
|-damage|p2a: Lactose tolerant|42/100 psn|[from] psn
|upkeep
|
|t:|1645299058
|switch|p1a: Arceus|Arceus-Ground|100/100
|turn|6
|
|t:|1645299061
|move|p2a: Lactose tolerant|Stored Power|p1a: Arceus
|-damage|p1a: Arceus|0 fnt
|faint|p1a: Arceus
|
|-damage|p2a: Lactose tolerant|29/100 psn|[from] psn
|upkeep
|
|t:|1645299065
|switch|p1a: Zacian|Zacian-Crowned|100/100
|-ability|p1a: Zacian|Intrepid Sword|boost
|-boost|p1a: Zacian|atk|1
|turn|7
|
|t:|1645299070
|move|p2a: Lactose tolerant|Stored Power|p1a: Zacian
|-resisted|p1a: Zacian
|-damage|p1a: Zacian|0 fnt
|faint|p1a: Zacian
|
|-damage|p2a: Lactose tolerant|17/100 psn|[from] psn
|upkeep
|
|t:|1645299074
|switch|p1a: Arceus|Arceus-Rock|100/100
|turn|8
|
|t:|1645299081
|move|p2a: Lactose tolerant|Aura Sphere|p1a: Arceus
|-supereffective|p1a: Arceus
|-damage|p1a: Arceus|0 fnt
|faint|p1a: Arceus
|
|-damage|p2a: Lactose tolerant|4/100 psn|[from] psn
|upkeep
|
|t:|1645299085
|switch|p1a: Necrozma|Necrozma-Dusk-Mane|100/100
|turn|9
|
|t:|1645299087
|move|p2a: Lactose tolerant|Stored Power|p1a: Necrozma
|-resisted|p1a: Necrozma
|-damage|p1a: Necrozma|41/100
|move|p1a: Necrozma|Moonlight|p1a: Necrozma
|-heal|p1a: Necrozma|91/100
|
|-damage|p2a: Lactose tolerant|0 fnt|[from] psn
|faint|p2a: Lactose tolerant
|upkeep
|
|t:|1645299091
|switch|p2a: God Follower|Arceus-Ground|100/100
|-status|p2a: God Follower|psn
|turn|10
|
|t:|1645299099
|move|p2a: God Follower|Perish Song|p2a: God Follower
|-start|p1a: Necrozma|perish3|[silent]
|-start|p2a: God Follower|perish3|[silent]
|-fieldactivate|move: Perish Song
|move|p1a: Necrozma|Dragon Dance|p1a: Necrozma
|-boost|p1a: Necrozma|atk|1
|-boost|p1a: Necrozma|spe|1
|
|-damage|p2a: God Follower|88/100 psn|[from] psn
|-start|p1a: Necrozma|perish3
|-start|p2a: God Follower|perish3
|upkeep
|turn|11
|
|t:|1645299109
|move|p1a: Necrozma|Sunsteel Strike|p2a: God Follower
|-damage|p2a: God Follower|37/100 psn
|move|p2a: God Follower|Earth Power|p1a: Necrozma
|-supereffective|p1a: Necrozma
|-damage|p1a: Necrozma|35/100
|
|-damage|p2a: God Follower|24/100 psn|[from] psn
|-start|p1a: Necrozma|perish2
|-start|p2a: God Follower|perish2
|upkeep
|turn|12
|
|t:|1645299116
|move|p1a: Necrozma|Earthquake|p2a: God Follower
|-damage|p2a: God Follower|0 fnt
|faint|p2a: God Follower
|
|-start|p1a: Necrozma|perish1
|upkeep
|
|t:|1645299120
|switch|p2a: dog thang|Eevee, F|37/100
|-status|p2a: dog thang|psn
|turn|13
|
|t:|1645299138
|-start|p1a: Necrozma|Dynamax
|-heal|p1a: Necrozma|35/100|[silent]
|move|p1a: Necrozma|Max Steelspike|p2a: dog thang
|-damage|p2a: dog thang|0 fnt
|-boost|p1a: Necrozma|def|1
|faint|p2a: dog thang
|
|-start|p1a: Necrozma|perish0
|faint|p1a: Necrozma
|
|win|Turtleandbeyond
|upkeep
|raw|Matsui_Miyako's rating: 1401 &rarr; <strong>1389</strong><br />(-12 for losing)
|raw|Turtleandbeyond's rating: 1543 &rarr; <strong>1555</strong><br />(+12 for winning)
||Ladder isn't responding, score probably updated but might not have (Request timeout).
