|j|☆2miko
|j|☆Naofumi_Bakugo_Jax
|t:|1661662722
|gametype|singles
|player|p1|2miko|lady|1782
|player|p2|Naofumi_Bakugo_Jax|266|1691
|teamsize|p1|6
|teamsize|p2|6
|gen|8
|tier|[Gen 8] National Dex AG
|rated|
|rule|HP Percentage Mod: HP is shown in percentages
|rule|Endless Battle Clause: Forcing endless battles is banned
|clearpoke
|poke|p1|Groudon|
|poke|p1|Eternatus|
|poke|p1|Necrozma-Dusk-Mane|
|poke|p1|Yveltal|
|poke|p1|Arceus-*|
|poke|p1|Ditto|
|poke|p2|Kyogre|
|poke|p2|Swampert, M|
|poke|p2|Zacian-*|
|poke|p2|Calyrex-Shadow|
|poke|p2|Yveltal|
|poke|p2|Arceus-*|
|teampreview
|inactive|Battle timer is ON: inactive players will automatically lose when time's up. (requested by 2miko)
|
|t:|1661662731
|start
|switch|p1a: Eternatus|Eternatus|100/100
|switch|p2a: Calyrex|Calyrex-Shadow|100/100
|-ability|p2a: Calyrex|As One
|-ability|p2a: Calyrex|Unnerve
|-ability|p1a: Eternatus|Pressure
|turn|1
|
|t:|1661662739
|switch|p1a: Yveltal|Yveltal|100/100
|-ability|p1a: Yveltal|Dark Aura
|move|p2a: Calyrex|Nasty Plot|p2a: Calyrex
|-boost|p2a: Calyrex|spa|2
|
|upkeep
|turn|2
|
|t:|1661662744
|move|p2a: Calyrex|Baton Pass|p2a: Calyrex
|
|t:|1661662752
|switch|p2a: Yveltal|Yveltal, shiny|100/100|[from]move: Baton Pass
|-ability|p2a: Yveltal|Dark Aura
|move|p1a: Yveltal|Dark Pulse|p2a: Yveltal
|-resisted|p2a: Yveltal
|-damage|p2a: Yveltal|79/100
|
|upkeep
|turn|3
|inactive|Naofumi_Bakugo_Jax has 120 seconds left.
|inactive|2miko has 120 seconds left.
|
|t:|1661662804
|switch|p1a: Eternatus|Eternatus|100/100
|-ability|p1a: Eternatus|Pressure
|move|p2a: Yveltal|Oblivion Wing|p1a: Eternatus
|-damage|p1a: Eternatus|41/100
|-heal|p2a: Yveltal|100/100|[from] drain|[of] p1a: Eternatus
|
|upkeep
|turn|4
|inactive|2miko has 120 seconds left.
|
|t:|1661662816
|move|p2a: Yveltal|Oblivion Wing|p1a: Eternatus
|-crit|p1a: Eternatus
|-damage|p1a: Eternatus|0 fnt
|faint|p1a: Eternatus
|
|upkeep
|
|t:|1661662833
|switch|p1a: Arceus|Arceus-Fairy|100/100
|turn|5
|inactive|Naofumi_Bakugo_Jax has 120 seconds left.
|
|t:|1661662853
|move|p2a: Yveltal|Oblivion Wing|p1a: Arceus
|-crit|p1a: Arceus
|-damage|p1a: Arceus|32/100
|move|p1a: Arceus|Judgment|p2a: Yveltal
|-supereffective|p2a: Yveltal
|-damage|p2a: Yveltal|17/100
|
|upkeep
|turn|6
|
|t:|1661662879
|-start|p1a: Arceus|Dynamax|
|-heal|p1a: Arceus|32/100|[silent]
|move|p2a: Yveltal|Oblivion Wing|p1a: Arceus
|-damage|p1a: Arceus|10/100
|-heal|p2a: Yveltal|54/100|[from] drain|[of] p1a: Arceus
|move|p1a: Arceus|Max Starfall|p2a: Yveltal
|-supereffective|p2a: Yveltal
|-damage|p2a: Yveltal|0 fnt
|-fieldstart|move: Misty Terrain
|faint|p2a: Yveltal
|
|upkeep
|
|t:|1661662896
|switch|p2a: Calyrex|Calyrex-Shadow|100/100
|-ability|p2a: Calyrex|As One
|-ability|p2a: Calyrex|Unnerve
|turn|7
|
|t:|1661662914
|-end|p1a: Arceus|Dynamax
|-heal|p1a: Arceus|10/100|[silent]
|switch|p1a: Yveltal|Yveltal|100/100
|-ability|p1a: Yveltal|Dark Aura
|move|p2a: Calyrex|Astral Barrage|p1a: Yveltal
|-resisted|p1a: Yveltal
|-damage|p1a: Yveltal|80/100
|
|upkeep
|turn|8
|inactive|2miko has 90 seconds left.
|inactive|Naofumi_Bakugo_Jax has 90 seconds left.
|
|t:|1661662954
|switch|p2a: Arceus|Arceus|100/100
|move|p1a: Yveltal|Dark Pulse|p2a: Arceus
|-damage|p2a: Arceus|69/100
|
|upkeep
|turn|9
|inactive|2miko has 90 seconds left.
|inactive|Naofumi_Bakugo_Jax has 90 seconds left.
|
|t:|1661662969
|switch|p1a: Necrozma|Necrozma-Dusk-Mane|100/100
|move|p2a: Arceus|Tailwind|p2a: Arceus
|-sidestart|p2: Naofumi_Bakugo_Jax|move: Tailwind
|
|upkeep
|turn|10
|inactive|2miko has 90 seconds left.
|
|t:|1661662984
|move|p2a: Arceus|Magic Coat|p2a: Arceus
|-singleturn|p2a: Arceus|move: Magic Coat
|move|p1a: Necrozma|Stealth Rock|p2a: Arceus
|move|p2a: Arceus|Stealth Rock|p1a: Necrozma|[from]Magic Coat
|-sidestart|p1: 2miko|move: Stealth Rock
|
|-fieldend|Misty Terrain
|upkeep
|turn|11
|
|t:|1661663006
|switch|p2a: Calyrex|Calyrex-Shadow|100/100
|-ability|p2a: Calyrex|As One
|-ability|p2a: Calyrex|Unnerve
|move|p1a: Necrozma|Stealth Rock|p2a: Calyrex
|-sidestart|p2: Naofumi_Bakugo_Jax|move: Stealth Rock
|
|upkeep
|turn|12
|
|t:|1661663019
|switch|p1a: Yveltal|Yveltal|80/100
|-ability|p1a: Yveltal|Dark Aura
|move|p2a: Calyrex|Nasty Plot|p2a: Calyrex
|-boost|p2a: Calyrex|spa|2
|
|-sideend|p2: Naofumi_Bakugo_Jax|move: Tailwind
|upkeep
|turn|13
|
|t:|1661663032
|move|p2a: Calyrex|Astral Barrage|p1a: Yveltal
|-resisted|p1a: Yveltal
|-damage|p1a: Yveltal|37/100
|move|p1a: Yveltal|Dark Pulse|p2a: Calyrex
|-supereffective|p2a: Calyrex
|-enditem|p2a: Calyrex|Focus Sash
|-damage|p2a: Calyrex|1/100
|
|upkeep
|turn|14
|
|t:|1661663044
|switch|p1a: Arceus|Arceus-Fairy|10/100
|-damage|p1a: Arceus|0 fnt|[from] Stealth Rock
|faint|p1a: Arceus
|move|p2a: Calyrex|Baton Pass|p2a: Calyrex
|
|t:|1661663052
|switch|p2a: Kyogre|Kyogre|100/100|[from]move: Baton Pass
|-damage|p2a: Kyogre|88/100|[from] Stealth Rock
|-weather|RainDance|[from] ability: Drizzle|[of] p2a: Kyogre
|
|-weather|RainDance|[upkeep]
|upkeep
|
|t:|1661663058
|switch|p1a: Groudon|Groudon|100/100
|-damage|p1a: Groudon|94/100|[from] Stealth Rock
|detailschange|p1a: Groudon|Groudon-Primal
|-primal|p1a: Groudon
|-weather|DesolateLand|[from] ability: Desolate Land|[of] p1a: Groudon
|turn|15
|
|t:|1661663072
|-start|p2a: Kyogre|Dynamax|
|-heal|p2a: Kyogre|88/100|[silent]
|move|p2a: Kyogre|Max Hailstorm|p1a: Groudon
|-damage|p1a: Groudon|3/100
|move|p1a: Groudon|Earthquake|p2a: Kyogre
|-damage|p2a: Kyogre|50/100
|
|-weather|DesolateLand|[upkeep]
|upkeep
|turn|16
|
|t:|1661663082
|-weather|none
|switch|p1a: Yveltal|Yveltal|37/100
|-ability|p1a: Yveltal|Dark Aura
|move|p2a: Kyogre|Max Hailstorm|p1a: Yveltal
|-supereffective|p1a: Yveltal
|-damage|p1a: Yveltal|0 fnt
|-weather|Hail
|faint|p1a: Yveltal
|
|-weather|Hail|[upkeep]
|-damage|p2a: Kyogre|47/100|[from] Hail
|upkeep
|
|t:|1661663088
|switch|p1a: Ditto|Ditto|100/100
|-damage|p1a: Ditto|88/100|[from] Stealth Rock
|-transform|p1a: Ditto|p2a: Kyogre|[from] ability: Imposter
|-weather|RainDance|[from] ability: Drizzle|[of] p1a: Ditto
|turn|17
|inactive|2miko has 120 seconds left.
|inactive|Naofumi_Bakugo_Jax has 90 seconds left.
|
|t:|1661663096
|move|p1a: Ditto|Water Spout|p2a: Kyogre
|-resisted|p2a: Kyogre
|-damage|p2a: Kyogre|1/100
|move|p2a: Kyogre|Max Overgrowth|p1a: Ditto
|-supereffective|p1a: Ditto
|-damage|p1a: Ditto|0 fnt
|-fieldstart|move: Grassy Terrain
|faint|p1a: Ditto
|
|-weather|RainDance|[upkeep]
|-heal|p2a: Kyogre|4/100|[from] Grassy Terrain
|upkeep
|inactive|2miko has 120 seconds left.
|
|t:|1661663123
|switch|p1a: Groudon|Groudon-Primal|3/100
|-damage|p1a: Groudon|0 fnt|[from] Stealth Rock
|faint|p1a: Groudon
|
|t:|1661663125
|switch|p1a: Necrozma|Necrozma-Dusk-Mane|100/100
|-damage|p1a: Necrozma|94/100|[from] Stealth Rock
|-end|p2a: Kyogre|Dynamax
|-heal|p2a: Kyogre|4/100|[silent]
|turn|18
|-message|2miko forfeited.
|
|win|Naofumi_Bakugo_Jax
|raw|2miko's rating: 1782 &rarr; <strong>1757</strong><br />(-25 for losing)
|raw|Naofumi_Bakugo_Jax's rating: 1691 &rarr; <strong>1716</strong><br />(+25 for winning)
|l|☆2miko
