|j|☆Ahuehuehue
|j|☆rowletroost
|t:|1635621378
|gametype|singles
|player|p1|Ahuehuehue|pokekid|1706
|player|p2|rowletroost|wallace|1761
|teamsize|p1|6
|teamsize|p2|6
|gen|8
|tier|[Gen 8] National Dex AG
|rated|
|rule|HP Percentage Mod: HP is shown in percentages
|rule|Endless Battle Clause: Forcing endless battles is banned
|clearpoke
|poke|p1|Ho-Oh|
|poke|p1|Kyogre|
|poke|p1|Arceus-*|
|poke|p1|Groudon|
|poke|p1|Rayquaza|
|poke|p1|Arceus-*|
|poke|p2|Arceus-*|
|poke|p2|Xerneas-*|
|poke|p2|Kyogre|
|poke|p2|Marshadow|
|poke|p2|Ribombee, M|
|poke|p2|Vivillon-Savanna, M|
|teampreview
|inactive|Battle timer is ON: inactive players will automatically lose when time's up. (requested by rowletroost)
|
|t:|1635621388
|start
|switch|p1a: Arceus-GroundHog|Arceus-Ground|100/100
|switch|p2a: Arceus|Arceus-Ground|100/100
|turn|1
|
|t:|1635621395
|move|p1a: Arceus-GroundHog|Judgment|p2a: Arceus
|-damage|p2a: Arceus|64/100
|move|p2a: Arceus|Ice Beam|p1a: Arceus-GroundHog
|-supereffective|p1a: Arceus-GroundHog
|-damage|p1a: Arceus-GroundHog|65/100
|
|upkeep
|turn|2
|
|t:|1635621401
|switch|p2a: Kyogre|Kyogre, shiny|100/100
|detailschange|p2a: Kyogre|Kyogre-Primal, shiny
|-primal|p2a: Kyogre
|-weather|PrimordialSea|[from] ability: Primordial Sea|[of] p2a: Kyogre
|move|p1a: Arceus-GroundHog|Ice Beam|p2a: Kyogre
|-resisted|p2a: Kyogre
|-damage|p2a: Kyogre|92/100
|
|-weather|PrimordialSea|[upkeep]
|upkeep
|turn|3
|
|t:|1635621406
|move|p1a: Arceus-GroundHog|Thunder|p2a: Kyogre
|-supereffective|p2a: Kyogre
|-damage|p2a: Kyogre|54/100
|move|p2a: Kyogre|Ice Beam|p1a: Arceus-GroundHog
|-supereffective|p1a: Arceus-GroundHog
|-damage|p1a: Arceus-GroundHog|0 fnt
|faint|p1a: Arceus-GroundHog
|
|-weather|PrimordialSea|[upkeep]
|upkeep
|
|t:|1635621411
|switch|p1a: MY ANACONDA DON'T|Rayquaza|100/100
|-ability|p1a: MY ANACONDA DON'T|Air Lock
|turn|4
|
|t:|1635621417
|detailschange|p1a: MY ANACONDA DON'T|Rayquaza-Mega
|-mega|p1a: MY ANACONDA DON'T|Rayquaza|
|-weather|DeltaStream|[from] ability: Delta Stream|[of] p1a: MY ANACONDA DON'T
|move|p1a: MY ANACONDA DON'T|Dragon Ascent|p2a: Kyogre
|-damage|p2a: Kyogre|0 fnt
|-unboost|p1a: MY ANACONDA DON'T|def|1
|-unboost|p1a: MY ANACONDA DON'T|spd|1
|faint|p2a: Kyogre
|-damage|p1a: MY ANACONDA DON'T|91/100|[from] item: Life Orb
|
|-weather|DeltaStream|[upkeep]
|upkeep
|
|t:|1635621435
|switch|p2a: Ribombee|Ribombee, M, shiny|100/100
|turn|5
|
|t:|1635621438
|move|p1a: MY ANACONDA DON'T|Extreme Speed|p2a: Ribombee
|-enditem|p2a: Ribombee|Focus Sash
|-damage|p2a: Ribombee|1/100
|-damage|p1a: MY ANACONDA DON'T|81/100|[from] item: Life Orb
|move|p2a: Ribombee|Sticky Web|p1a: MY ANACONDA DON'T
|-sidestart|p1: Ahuehuehue|move: Sticky Web
|
|-weather|DeltaStream|[upkeep]
|upkeep
|turn|6
|
|t:|1635621441
|switch|p2a: Marshadow|Marshadow|100/100
|move|p1a: MY ANACONDA DON'T|Extreme Speed|p2a: Marshadow
|-immune|p2a: Marshadow
|
|-weather|DeltaStream|[upkeep]
|upkeep
|turn|7
|
|t:|1635621449
|-weather|none
|switch|p1a: HODGETWIN|Groudon, shiny|100/100
|-activate|p1a: HODGETWIN|move: Sticky Web
|-unboost|p1a: HODGETWIN|spe|1
|detailschange|p1a: HODGETWIN|Groudon-Primal, shiny
|-primal|p1a: HODGETWIN
|-weather|DesolateLand|[from] ability: Desolate Land|[of] p1a: HODGETWIN
|move|p2a: Marshadow|Spectral Thief|p1a: HODGETWIN
|-damage|p1a: HODGETWIN|74/100
|
|-weather|DesolateLand|[upkeep]
|upkeep
|turn|8
|
|t:|1635621457
|switch|p2a: Arceus|Arceus-Ground|64/100
|move|p1a: HODGETWIN|Precipice Blades|p2a: Arceus
|-damage|p2a: Arceus|26/100
|
|-weather|DesolateLand|[upkeep]
|upkeep
|turn|9
|
|t:|1635621460
|-weather|none
|switch|p1a: KFC|Ho-Oh, shiny|100/100
|move|p2a: Arceus|Judgment|p1a: KFC
|-immune|p1a: KFC
|
|upkeep
|turn|10
|
|t:|1635621471
|switch|p2a: Ribombee|Ribombee, M, shiny|1/100
|move|p1a: KFC|Defog|p2a: Ribombee
|-unboost|p2a: Ribombee|evasion|1
|-sideend|p1: Ahuehuehue|Sticky Web|[from] move: Defog|[of] p1a: KFC
|
|upkeep
|turn|11
|
|t:|1635621473
|move|p2a: Ribombee|Sticky Web|p1a: KFC
|-sidestart|p1: Ahuehuehue|move: Sticky Web
|move|p1a: KFC|Toxic|p2a: Ribombee
|-status|p2a: Ribombee|tox
|
|-damage|p2a: Ribombee|0 fnt|[from] psn
|faint|p2a: Ribombee
|upkeep
|
|t:|1635621476
|switch|p2a: Marshadow|Marshadow|100/100
|turn|12
|
|t:|1635621479
|-start|p2a: Marshadow|Dynamax
|-heal|p2a: Marshadow|100/100|[silent]
|move|p2a: Marshadow|Max Rockfall|p1a: KFC
|-supereffective|p1a: KFC
|-damage|p1a: KFC|0 fnt
|-weather|Sandstorm
|faint|p1a: KFC
|
|-weather|Sandstorm|[upkeep]
|-damage|p2a: Marshadow|97/100|[from] Sandstorm
|upkeep
|
|t:|1635621486
|switch|p1a: HODGETWIN|Groudon-Primal, shiny|74/100
|-activate|p1a: HODGETWIN|move: Sticky Web
|-unboost|p1a: HODGETWIN|spe|1
|-weather|DesolateLand|[from] ability: Desolate Land|[of] p1a: HODGETWIN
|turn|13
|
|t:|1635621491
|move|p2a: Marshadow|Max Knuckle|p1a: HODGETWIN
|-damage|p1a: HODGETWIN|46/100
|-boost|p2a: Marshadow|atk|1
|move|p1a: HODGETWIN|Precipice Blades|p2a: Marshadow
|-damage|p2a: Marshadow|46/100
|
|-weather|DesolateLand|[upkeep]
|upkeep
|turn|14
|
|t:|1635621495
|move|p2a: Marshadow|Max Knuckle|p1a: HODGETWIN
|-damage|p1a: HODGETWIN|8/100
|-boost|p2a: Marshadow|atk|1
|move|p1a: HODGETWIN|Precipice Blades|p2a: Marshadow|[miss]
|-miss|p1a: HODGETWIN|p2a: Marshadow
|
|-weather|DesolateLand|[upkeep]
|-end|p2a: Marshadow|Dynamax
|-heal|p2a: Marshadow|46/100|[silent]
|upkeep
|turn|15
|
|t:|1635621498
|move|p2a: Marshadow|Spectral Thief|p1a: HODGETWIN
|-damage|p1a: HODGETWIN|0 fnt
|faint|p1a: HODGETWIN
|-weather|none
|
|upkeep
|
|t:|1635621512
|switch|p1a: MY ANACONDA DON'T|Rayquaza-Mega|81/100
|-weather|DeltaStream|[from] ability: Delta Stream|[of] p1a: MY ANACONDA DON'T
|turn|16
|
|t:|1635621514
|move|p2a: Marshadow|Spectral Thief|p1a: MY ANACONDA DON'T
|-damage|p1a: MY ANACONDA DON'T|0 fnt
|faint|p1a: MY ANACONDA DON'T
|-weather|none
|
|upkeep
|
|t:|1635621517
|switch|p1a: FLYING_ANGLE|Arceus-Flying, shiny|100/100
|turn|17
|
|t:|1635621520
|-start|p1a: FLYING_ANGLE|Dynamax
|-heal|p1a: FLYING_ANGLE|100/100|[silent]
|move|p2a: Marshadow|Rock Tomb|p1a: FLYING_ANGLE
|-supereffective|p1a: FLYING_ANGLE
|-damage|p1a: FLYING_ANGLE|55/100
|-unboost|p1a: FLYING_ANGLE|spe|1
|move|p1a: FLYING_ANGLE|Max Airstream|p2a: Marshadow
|-supereffective|p2a: Marshadow
|-damage|p2a: Marshadow|0 fnt
|-boost|p1a: FLYING_ANGLE|spe|1
|faint|p2a: Marshadow
|
|upkeep
|
|t:|1635621530
|switch|p2a: Xerneas|Xerneas, shiny|100/100
|-ability|p2a: Xerneas|Fairy Aura
|turn|18
|
|t:|1635621535
|move|p1a: FLYING_ANGLE|Max Airstream|p2a: Xerneas
|-damage|p2a: Xerneas|45/100
|-boost|p1a: FLYING_ANGLE|spe|1
|move|p2a: Xerneas|Geomancy||[still]
|-prepare|p2a: Xerneas|Geomancy
|-enditem|p2a: Xerneas|Power Herb
|-anim|p2a: Xerneas|Geomancy|p2a: Xerneas
|-boost|p2a: Xerneas|spa|2
|-boost|p2a: Xerneas|spd|2
|-boost|p2a: Xerneas|spe|2
|
|upkeep
|turn|19
|
|t:|1635621538
|move|p1a: FLYING_ANGLE|Max Airstream|p2a: Xerneas
|-damage|p2a: Xerneas|17/100
|-boost|p1a: FLYING_ANGLE|spe|1
|move|p2a: Xerneas|Moonblast|p1a: FLYING_ANGLE
|-damage|p1a: FLYING_ANGLE|5/100
|-unboost|p1a: FLYING_ANGLE|spa|1
|
|-end|p1a: FLYING_ANGLE|Dynamax
|-heal|p1a: FLYING_ANGLE|5/100|[silent]
|upkeep
|turn|20
|
|t:|1635621541
|move|p1a: FLYING_ANGLE|Judgment|p2a: Xerneas
|-damage|p2a: Xerneas|1/100
|move|p2a: Xerneas|Moonblast|p1a: FLYING_ANGLE
|-damage|p1a: FLYING_ANGLE|0 fnt
|faint|p1a: FLYING_ANGLE
|
|upkeep
|
|t:|1635621547
|switch|p1a: BERTHA|Kyogre, shiny|100/100
|-activate|p1a: BERTHA|move: Sticky Web
|-unboost|p1a: BERTHA|spe|1
|detailschange|p1a: BERTHA|Kyogre-Primal, shiny
|-primal|p1a: BERTHA
|-weather|PrimordialSea|[from] ability: Primordial Sea|[of] p1a: BERTHA
|turn|21
|
|t:|1635621550
|move|p2a: Xerneas|Moonblast|p1a: BERTHA
|-damage|p1a: BERTHA|16/100
|-unboost|p1a: BERTHA|spa|1
|move|p1a: BERTHA|Origin Pulse|p2a: Xerneas
|-damage|p2a: Xerneas|0 fnt
|faint|p2a: Xerneas
|
|-weather|PrimordialSea|[upkeep]
|upkeep
|
|t:|1635621555
|switch|p2a: Vivillon|Vivillon-Savanna, M|100/100
|turn|22
|
|t:|1635621557
|move|p2a: Vivillon|Hurricane|p1a: BERTHA
|-damage|p1a: BERTHA|0 fnt
|faint|p1a: BERTHA
|-weather|none
|
|win|rowletroost
|raw|Ahuehuehue's rating: 1706 &rarr; <strong>1689</strong><br />(-17 for losing)
|raw|rowletroost's rating: 1761 &rarr; <strong>1778</strong><br />(+17 for winning)
|l|☆Ahuehuehue
||Ladder isn't responding, score probably updated but might not have (Request timeout).
