|j|☆Determewnation
|j|☆BasakBooster1
|t:|1666132015
|gametype|singles
|player|p1|Determewnation|101|1572
|player|p2|BasakBooster1|lucas|1870
|teamsize|p1|6
|teamsize|p2|6
|gen|8
|tier|[Gen 8] National Dex AG
|rated|
|rule|HP Percentage Mod: HP is shown in percentages
|rule|Endless Battle Clause: Forcing endless battles is banned
|clearpoke
|poke|p1|Gourgeist-*, F|
|poke|p1|Diancie|
|poke|p1|Manaphy|
|poke|p1|Groudon|
|poke|p1|Yveltal|
|poke|p1|Mew|
|poke|p2|Groudon|
|poke|p2|Rayquaza|
|poke|p2|Zygarde|
|poke|p2|Calyrex-Shadow|
|poke|p2|Arceus-*|
|poke|p2|Arceus-*|
|teampreview
|
|t:|1666132020
|start
|switch|p1a: Diancie|Diancie|100/100
|switch|p2a: Calyrex|Calyrex-Shadow|100/100
|-ability|p2a: Calyrex|As One
|-ability|p2a: Calyrex|Unnerve
|turn|1
|
|t:|1666132066
|switch|p1a: Yveltal|Yveltal|100/100
|-ability|p1a: Yveltal|Dark Aura
|move|p2a: Calyrex|Substitute|p2a: Calyrex
|-start|p2a: Calyrex|Substitute
|-damage|p2a: Calyrex|76/100
|
|-heal|p2a: Calyrex|82/100|[from] item: Leftovers
|upkeep
|turn|2
|
|t:|1666132069
|move|p1a: Yveltal|Knock Off|p2a: Calyrex
|-supereffective|p2a: Calyrex
|-end|p2a: Calyrex|Substitute
|move|p2a: Calyrex|Leech Seed|p1a: Yveltal
|-start|p1a: Yveltal|move: Leech Seed
|
|-heal|p2a: Calyrex|88/100|[from] item: Leftovers
|-damage|p1a: Yveltal|88/100|[from] Leech Seed|[of] p2a: Calyrex
|-heal|p2a: Calyrex|100/100|[silent]
|upkeep
|turn|3
|
|t:|1666132097
|move|p1a: Yveltal|Knock Off|p2a: Calyrex
|-supereffective|p2a: Calyrex
|-damage|p2a: Calyrex|0 fnt
|-enditem|p2a: Calyrex|Leftovers|[from] move: Knock Off|[of] p1a: Yveltal
|faint|p2a: Calyrex
|
|upkeep
|
|t:|1666132101
|switch|p2a: Arceus|Arceus-Fairy|100/100
|turn|4
|
|t:|1666132110
|switch|p1a: Groudon|Groudon|100/100
|detailschange|p1a: Groudon|Groudon-Primal
|-primal|p1a: Groudon
|-weather|DesolateLand|[from] ability: Desolate Land|[of] p1a: Groudon
|switch|p2a: the goat|Zygarde, shiny|100/100
|
|-weather|DesolateLand|[upkeep]
|upkeep
|turn|5
|
|t:|1666132140
|-weather|none
|switch|p1a: Gourgeist|Gourgeist-Super, F, shiny|100/100
|-item|p2a: the goat|Leftovers|[from] ability: Frisk|[of] p1a: Gourgeist|[identify]
|move|p2a: the goat|Glare|p1a: Gourgeist
|-status|p1a: Gourgeist|par
|
|upkeep
|turn|6
|
|t:|1666132145
|move|p2a: the goat|Substitute|p2a: the goat
|-start|p2a: the goat|Substitute
|-damage|p2a: the goat|75/100
|move|p1a: Gourgeist|Will-O-Wisp||[still]
|-fail|p1a: Gourgeist
|
|-heal|p2a: the goat|82/100|[from] item: Leftovers
|upkeep
|turn|7
|
|t:|1666132162
|move|p2a: the goat|Coil|p2a: the goat
|-boost|p2a: the goat|atk|1
|-boost|p2a: the goat|def|1
|-boost|p2a: the goat|accuracy|1
|move|p1a: Gourgeist|Poltergeist|p2a: the goat
|-activate|p2a: the goat|move: Poltergeist|Leftovers
|-activate|p2a: the goat|move: Substitute|[damage]
|
|-heal|p2a: the goat|88/100|[from] item: Leftovers
|upkeep
|turn|8
|
|t:|1666132177
|switch|p1a: Mew|Mew, shiny|100/100
|move|p2a: the goat|Coil|p2a: the goat
|-boost|p2a: the goat|atk|1
|-boost|p2a: the goat|def|1
|-boost|p2a: the goat|accuracy|1
|
|-heal|p2a: the goat|94/100|[from] item: Leftovers
|upkeep
|turn|9
|
|t:|1666132194
|move|p2a: the goat|Thousand Arrows|p1a: Mew
|-damage|p1a: Mew|56/100
|move|p1a: Mew|Taunt|p2a: the goat
|-start|p2a: the goat|move: Taunt
|
|-heal|p2a: the goat|99/100|[from] item: Leftovers
|upkeep
|turn|10
|
|t:|1666132222
|switch|p1a: Gourgeist|Gourgeist-Super, F, shiny|100/100 par
|-item|p2a: the goat|Leftovers|[from] ability: Frisk|[of] p1a: Gourgeist|[identify]
|move|p2a: the goat|Thousand Arrows|p1a: Gourgeist
|-resisted|p1a: Gourgeist
|-damage|p1a: Gourgeist|83/100 par
|
|-heal|p2a: the goat|100/100|[from] item: Leftovers
|-heal|p1a: Gourgeist|89/100 par|[from] item: Leftovers
|upkeep
|turn|11
|
|t:|1666132226
|move|p2a: the goat|Thousand Arrows|p1a: Gourgeist
|-resisted|p1a: Gourgeist
|-damage|p1a: Gourgeist|70/100 par
|move|p1a: Gourgeist|Power Whip|p2a: the goat|[miss]
|-miss|p1a: Gourgeist|p2a: the goat
|
|-heal|p1a: Gourgeist|76/100 par|[from] item: Leftovers
|upkeep
|turn|12
|
|t:|1666132261
|move|p2a: the goat|Thousand Arrows|p1a: Gourgeist
|-resisted|p1a: Gourgeist
|-damage|p1a: Gourgeist|60/100 par
|cant|p1a: Gourgeist|par
|
|-heal|p1a: Gourgeist|66/100 par|[from] item: Leftovers
|-end|p2a: the goat|move: Taunt
|upkeep
|turn|13
|
|t:|1666132264
|move|p2a: the goat|Coil|p2a: the goat
|-boost|p2a: the goat|atk|1
|-boost|p2a: the goat|def|1
|-boost|p2a: the goat|accuracy|1
|cant|p1a: Gourgeist|par
|
|-heal|p1a: Gourgeist|72/100 par|[from] item: Leftovers
|upkeep
|turn|14
|
|t:|1666132266
|move|p2a: the goat|Coil|p2a: the goat
|-boost|p2a: the goat|atk|1
|-boost|p2a: the goat|def|1
|-boost|p2a: the goat|accuracy|1
|move|p1a: Gourgeist|Synthesis|p1a: Gourgeist
|-heal|p1a: Gourgeist|100/100 par
|
|upkeep
|turn|15
|
|t:|1666132281
|move|p2a: the goat|Coil|p2a: the goat
|-boost|p2a: the goat|atk|1
|-boost|p2a: the goat|def|1
|-boost|p2a: the goat|accuracy|1
|move|p1a: Gourgeist|Power Whip|p2a: the goat
|-activate|p2a: the goat|move: Substitute|[damage]
|
|upkeep
|turn|16
|inactive|Battle timer is ON: inactive players will automatically lose when time's up. (requested by Determewnation)
|
|t:|1666132325
|switch|p1a: Manaphy|Manaphy|100/100
|move|p2a: the goat|Coil|p2a: the goat
|-boost|p2a: the goat|atk|1
|-boost|p2a: the goat|def|1
|-boost|p2a: the goat|accuracy|1
|
|upkeep
|turn|17
|
|t:|1666132329
|move|p1a: Manaphy|Heart Swap|p2a: the goat
|-swapboost|p1a: Manaphy|p2a: the goat|[from] move: Heart Swap
|move|p2a: the goat|Thousand Arrows|p1a: Manaphy
|-damage|p1a: Manaphy|93/100
|
|upkeep
|turn|18
|c|☆BasakBooster1|o ye thats a move LOL
|
|t:|1666132344
|move|p1a: Manaphy|Tail Glow|p1a: Manaphy
|-boost|p1a: Manaphy|spa|3
|move|p2a: the goat|Glare|p1a: Manaphy
|-status|p1a: Manaphy|par
|
|upkeep
|turn|19
|
|t:|1666132355
|switch|p2a: Arceus|Arceus-Fairy|100/100
|move|p1a: Manaphy|Tail Glow|p1a: Manaphy
|-boost|p1a: Manaphy|spa|3
|
|upkeep
|turn|20
|
|t:|1666132361
|-start|p1a: Manaphy|Dynamax|
|-heal|p1a: Manaphy|93/100 par|[silent]
|move|p2a: Arceus|Perish Song|p2a: Arceus
|-start|p1a: Manaphy|perish3|[silent]
|-start|p2a: Arceus|perish3|[silent]
|-fieldactivate|move: Perish Song
|move|p1a: Manaphy|Max Geyser|p2a: Arceus
|-damage|p2a: Arceus|0 fnt
|-weather|RainDance
|faint|p2a: Arceus
|
|-weather|RainDance|[upkeep]
|-activate|p1a: Manaphy|ability: Hydration
|-curestatus|p1a: Manaphy|par|[msg]
|-start|p1a: Manaphy|perish3
|upkeep
|
|t:|1666132373
|switch|p2a: Pyra|Groudon|100/100
|detailschange|p2a: Pyra|Groudon-Primal
|-primal|p2a: Pyra
|-weather|DesolateLand|[from] ability: Desolate Land|[of] p2a: Pyra
|turn|21
|
|t:|1666132379
|move|p1a: Manaphy|Max Hailstorm|p2a: Pyra
|-damage|p2a: Pyra|0 fnt
|-weather|Hail
|faint|p2a: Pyra
|
|-weather|Hail|[upkeep]
|-damage|p1a: Manaphy|90/100|[from] Hail
|-start|p1a: Manaphy|perish2
|upkeep
|j| alexanderprim15
|
|t:|1666132388
|switch|p2a: the goat|Zygarde, shiny|100/100
|turn|22
|
|t:|1666132393
|move|p1a: Manaphy|Max Hailstorm|p2a: the goat
|-supereffective|p2a: the goat
|-damage|p2a: the goat|0 fnt
|faint|p2a: the goat
|
|-weather|Hail|[upkeep]
|-damage|p1a: Manaphy|87/100|[from] Hail
|-start|p1a: Manaphy|perish1
|upkeep
|
|t:|1666132395
|switch|p2a: Arceus|Arceus|100/100
|-end|p1a: Manaphy|Dynamax
|-heal|p1a: Manaphy|87/100|[silent]
|turn|23
|
|t:|1666132401
|switch|p1a: Gourgeist|Gourgeist-Super, F, shiny|100/100 par
|-item|p2a: Arceus|Lum Berry|[from] ability: Frisk|[of] p1a: Gourgeist|[identify]
|-start|p2a: Arceus|Dynamax|
|-heal|p2a: Arceus|100/100|[silent]
|move|p2a: Arceus|Max Guard||[still]
|-fail|p2a: Arceus
|
|-weather|Hail|[upkeep]
|-damage|p2a: Arceus|97/100|[from] Hail
|-damage|p1a: Gourgeist|94/100 par|[from] Hail
|-heal|p1a: Gourgeist|100/100 par|[from] item: Leftovers
|upkeep
|turn|24
|
|t:|1666132409
|switch|p1a: Yveltal|Yveltal|88/100
|-ability|p1a: Yveltal|Dark Aura
|move|p2a: Arceus|Max Phantasm|p1a: Yveltal
|-resisted|p1a: Yveltal
|-damage|p1a: Yveltal|67/100
|-unboost|p1a: Yveltal|def|1
|
|-weather|Hail|[upkeep]
|-damage|p1a: Yveltal|61/100|[from] Hail
|-damage|p2a: Arceus|94/100|[from] Hail
|upkeep
|turn|25
|l| alexanderprim15
|
|t:|1666132413
|move|p1a: Yveltal|Knock Off|p2a: Arceus
|-damage|p2a: Arceus|70/100
|-enditem|p2a: Arceus|Lum Berry|[from] move: Knock Off|[of] p1a: Yveltal
|move|p2a: Arceus|Max Strike|p1a: Yveltal
|-damage|p1a: Yveltal|0 fnt
|faint|p1a: Yveltal
|
|-weather|none
|upkeep
|
|t:|1666132418
|switch|p1a: Mew|Mew, shiny|56/100
|-end|p2a: Arceus|Dynamax
|-heal|p2a: Arceus|71/100|[silent]
|turn|26
|
|t:|1666132433
|move|p2a: Arceus|Swords Dance|p2a: Arceus
|-boost|p2a: Arceus|atk|2
|-zpower|p1a: Mew
|move|p1a: Mew|Z-Heal Bell|p1a: Mew|[anim]Heal Bell
|-heal|p1a: Mew|100/100|[zeffect]
|-activate|p1a: Mew|move: Heal Bell
|-curestatus|p1: Gourgeist|par|[msg]
|
|upkeep
|turn|27
|
|t:|1666132435
|move|p2a: Arceus|Swords Dance|p2a: Arceus
|-boost|p2a: Arceus|atk|2
|move|p1a: Mew|Transform|p2a: Arceus
|-transform|p1a: Mew|p2a: Arceus
|
|upkeep
|turn|28
|
|t:|1666132439
|move|p1a: Mew|Extreme Speed|p2a: Arceus
|-damage|p2a: Arceus|0 fnt
|faint|p2a: Arceus
|
|upkeep
|c|☆BasakBooster1|o boy speed tie
|
|t:|1666132449
|switch|p2a: the gwoat|Rayquaza|100/100
|-ability|p2a: the gwoat|Air Lock
|turn|29
|
|t:|1666132453
|detailschange|p2a: the gwoat|Rayquaza-Mega
|-mega|p2a: the gwoat|Rayquaza|
|-weather|DeltaStream|[from] ability: Delta Stream|[of] p2a: the gwoat
|move|p1a: Mew|Extreme Speed|p2a: the gwoat
|-damage|p2a: the gwoat|0 fnt
|faint|p2a: the gwoat
|-weather|none
|
|win|Determewnation
|raw|Determewnation's rating: 1572 &rarr; <strong>1606</strong><br />(+34 for winning)
|raw|BasakBooster1's rating: 1881 &rarr; <strong>1847</strong><br />(-34 for losing)
|l|☆BasakBooster1
