|j|☆starkorea74
|j|☆Defensive0
|t:|1668441904
|gametype|singles
|player|p1|starkorea74|169|1676
|player|p2|Defensive0|riley|1960
|teamsize|p1|6
|teamsize|p2|6
|gen|8
|tier|[Gen 8] National Dex AG
|rated|
|rule|HP Percentage Mod: HP is shown in percentages
|rule|Endless Battle Clause: Forcing endless battles is banned
|clearpoke
|poke|p1|Calyrex-Shadow|
|poke|p1|Necrozma-Dusk-Mane|
|poke|p1|Arceus-*|
|poke|p1|Ho-Oh|
|poke|p1|Yveltal|
|poke|p1|Rayquaza|
|poke|p2|Mewtwo|
|poke|p2|Rayquaza|
|poke|p2|Arceus-*|
|poke|p2|Ditto|
|poke|p2|Greninja, M|
|poke|p2|Necrozma-Dusk-Mane|
|teampreview
|inactive|Battle timer is ON: inactive players will automatically lose when time's up. (requested by Defensive0)
|
|t:|1668441921
|start
|switch|p1a: Ho-Oh|Ho-Oh|100/100
|switch|p2a: Mewtwo|Mewtwo|100/100
|-ability|p2a: Mewtwo|Pressure
|turn|1
|
|t:|1668441927
|detailschange|p2a: Mewtwo|Mewtwo-Mega-X
|-mega|p2a: Mewtwo|Mewtwo|Mewtwonite X
|move|p2a: Mewtwo|Stone Edge|p1a: Ho-Oh
|-supereffective|p1a: Ho-Oh
|-damage|p1a: Ho-Oh|0 fnt
|faint|p1a: Ho-Oh
|
|upkeep
|
|t:|1668441934
|switch|p1a: Rayquaza|Rayquaza|100/100
|-ability|p1a: Rayquaza|Air Lock
|turn|2
|
|t:|1668441939
|switch|p2a: Necrozma|Necrozma-Dusk-Mane|100/100
|detailschange|p1a: Rayquaza|Rayquaza-Mega
|-mega|p1a: Rayquaza|Rayquaza|
|-weather|DeltaStream|[from] ability: Delta Stream|[of] p1a: Rayquaza
|move|p1a: Rayquaza|Dragon Ascent|p2a: Necrozma
|-resisted|p2a: Necrozma
|-damage|p2a: Necrozma|67/100
|-unboost|p1a: Rayquaza|def|1
|-unboost|p1a: Rayquaza|spd|1
|-damage|p1a: Rayquaza|84/100|[from] item: Rocky Helmet|[of] p2a: Necrozma
|
|-weather|DeltaStream|[upkeep]
|upkeep
|turn|3
|
|t:|1668441954
|-weather|none
|switch|p1a: Calyrex|Calyrex-Shadow|100/100
|-ability|p1a: Calyrex|As One
|-ability|p1a: Calyrex|Unnerve
|switch|p2a: Ditto|Ditto, shiny|100/100
|-transform|p2a: Ditto|p1a: Calyrex|[from] ability: Imposter
|
|upkeep
|turn|4
|
|t:|1668441963
|move|p2a: Ditto|Baton Pass|p2a: Ditto
|
|t:|1668441967
|switch|p2a: Arceus|Arceus|100/100|[from]move: Baton Pass
|move|p1a: Calyrex|Astral Barrage|p2a: Arceus
|-immune|p2a: Arceus
|
|upkeep
|turn|5
|
|t:|1668441980
|switch|p1a: Necrozma|Necrozma-Dusk-Mane|100/100
|move|p2a: Arceus|Shadow Claw|p1a: Necrozma
|-supereffective|p1a: Necrozma
|-damage|p1a: Necrozma|81/100
|
|-heal|p1a: Necrozma|87/100|[from] item: Leftovers
|upkeep
|turn|6
|
|t:|1668441988
|switch|p2a: Necrozma|Necrozma-Dusk-Mane|67/100
|move|p1a: Necrozma|Toxic|p2a: Necrozma
|-immune|p2a: Necrozma
|
|-heal|p1a: Necrozma|93/100|[from] item: Leftovers
|upkeep
|turn|7
|
|t:|1668441996
|switch|p1a: Calyrex|Calyrex-Shadow|100/100
|-ability|p1a: Calyrex|As One
|-ability|p1a: Calyrex|Unnerve
|move|p2a: Necrozma|Stealth Rock|p1a: Calyrex
|-sidestart|p1: starkorea74|move: Stealth Rock
|
|upkeep
|turn|8
|
|t:|1668442005
|switch|p2a: Arceus|Arceus|100/100
|move|p1a: Calyrex|Nasty Plot|p1a: Calyrex
|-boost|p1a: Calyrex|spa|2
|
|upkeep
|turn|9
|
|t:|1668442015
|move|p1a: Calyrex|Baton Pass|p1a: Calyrex
|
|t:|1668442016
|switch|p1a: Yveltal|Yveltal, shiny|100/100|[from]move: Baton Pass
|-damage|p1a: Yveltal|76/100|[from] Stealth Rock
|-ability|p1a: Yveltal|Dark Aura
|move|p2a: Arceus|Swords Dance|p2a: Arceus
|-boost|p2a: Arceus|atk|2
|
|upkeep
|turn|10
|
|t:|1668442027
|-start|p1a: Yveltal|Dynamax|
|-heal|p1a: Yveltal|76/100|[silent]
|-start|p2a: Arceus|Dynamax|
|-heal|p2a: Arceus|100/100|[silent]
|move|p1a: Yveltal|Max Airstream|p2a: Arceus
|-damage|p2a: Arceus|36/100
|-boost|p1a: Yveltal|spe|1
|-damage|p1a: Yveltal|71/100|[from] item: Life Orb
|move|p2a: Arceus|Max Strike|p1a: Yveltal
|-damage|p1a: Yveltal|3/100
|-unboost|p1a: Yveltal|spe|1
|
|upkeep
|turn|11
|
|t:|1668442050
|-end|p2a: Arceus|Dynamax
|-heal|p2a: Arceus|36/100|[silent]
|switch|p2a: Rayquaza|Rayquaza|100/100
|-ability|p2a: Rayquaza|Air Lock
|move|p1a: Yveltal|Max Airstream|p2a: Rayquaza
|-damage|p2a: Rayquaza|0 fnt
|-boost|p1a: Yveltal|spe|1
|faint|p2a: Rayquaza
|-damage|p1a: Yveltal|0 fnt|[from] item: Life Orb
|faint|p1a: Yveltal
|
|upkeep
|
|t:|1668442065
|switch|p2a: Kakashi Hatake|Greninja, M, shiny|100/100
|switch|p1a: Necrozma|Necrozma-Dusk-Mane|93/100
|-damage|p1a: Necrozma|87/100|[from] Stealth Rock
|turn|12
|
|t:|1668442070
|switch|p1a: Arceus|Arceus-Dark|100/100
|-damage|p1a: Arceus|88/100|[from] Stealth Rock
|move|p2a: Kakashi Hatake|Dark Pulse|p1a: Arceus
|-start|p2a: Kakashi Hatake|typechange|Dark|[from] ability: Protean
|-resisted|p1a: Arceus
|-damage|p1a: Arceus|77/100
|-damage|p2a: Kakashi Hatake|91/100|[from] item: Life Orb
|
|upkeep
|turn|13
|
|t:|1668442081
|move|p2a: Kakashi Hatake|Grass Knot|p1a: Arceus
|-start|p2a: Kakashi Hatake|typechange|Grass|[from] ability: Protean
|-damage|p1a: Arceus|40/100
|-damage|p2a: Kakashi Hatake|81/100|[from] item: Life Orb
|move|p1a: Arceus|Judgment|p2a: Kakashi Hatake
|-damage|p2a: Kakashi Hatake|0 fnt
|faint|p2a: Kakashi Hatake
|
|upkeep
|
|t:|1668442087
|switch|p2a: Mewtwo|Mewtwo-Mega-X|100/100
|turn|14
|
|t:|1668442097
|switch|p1a: Necrozma|Necrozma-Dusk-Mane|87/100
|-damage|p1a: Necrozma|81/100|[from] Stealth Rock
|move|p2a: Mewtwo|Low Kick|p1a: Necrozma
|-damage|p1a: Necrozma|41/100
|
|-heal|p1a: Necrozma|47/100|[from] item: Leftovers
|upkeep
|turn|15
|
|t:|1668442105
|move|p2a: Mewtwo|Taunt|p1a: Necrozma
|-start|p1a: Necrozma|move: Taunt
|cant|p1a: Necrozma|move: Taunt|Morning Sun
|
|-heal|p1a: Necrozma|53/100|[from] item: Leftovers
|upkeep
|turn|16
|
|t:|1668442120
|move|p2a: Mewtwo|Low Kick|p1a: Necrozma
|-damage|p1a: Necrozma|12/100
|move|p1a: Necrozma|Sunsteel Strike|p2a: Mewtwo
|-damage|p2a: Mewtwo|50/100
|
|-heal|p1a: Necrozma|18/100|[from] item: Leftovers
|upkeep
|turn|17
|
|t:|1668442127
|move|p2a: Mewtwo|Low Kick|p1a: Necrozma
|-damage|p1a: Necrozma|0 fnt
|faint|p1a: Necrozma
|
|upkeep
|
|t:|1668442131
|switch|p1a: Rayquaza|Rayquaza-Mega|84/100
|-damage|p1a: Rayquaza|59/100|[from] Stealth Rock
|-weather|DeltaStream|[from] ability: Delta Stream|[of] p1a: Rayquaza
|turn|18
|
|t:|1668442138
|switch|p2a: Necrozma|Necrozma-Dusk-Mane|67/100
|move|p1a: Rayquaza|Dragon Ascent|p2a: Necrozma
|-resisted|p2a: Necrozma
|-damage|p2a: Necrozma|32/100
|-unboost|p1a: Rayquaza|def|1
|-unboost|p1a: Rayquaza|spd|1
|-damage|p1a: Rayquaza|43/100|[from] item: Rocky Helmet|[of] p2a: Necrozma
|
|-weather|DeltaStream|[upkeep]
|upkeep
|turn|19
|
|t:|1668442146
|move|p1a: Rayquaza|Dragon Ascent|p2a: Necrozma
|-resisted|p2a: Necrozma
|-damage|p2a: Necrozma|1/100
|-unboost|p1a: Rayquaza|def|1
|-unboost|p1a: Rayquaza|spd|1
|-damage|p1a: Rayquaza|26/100|[from] item: Rocky Helmet|[of] p2a: Necrozma
|move|p2a: Necrozma|Iron Head|p1a: Rayquaza
|-damage|p1a: Rayquaza|0 fnt
|faint|p1a: Rayquaza
|-weather|none
|
|upkeep
|-message|starkorea74 forfeited.
|
|win|Defensive0
|raw|starkorea74's rating: 1676 &rarr; <strong>1669</strong><br />(-7 for losing)
|raw|Defensive0's rating: 1960 &rarr; <strong>1967</strong><br />(+7 for winning)
|l|☆starkorea74
