|j|☆aman 995
|j|☆AnimeZZZZ5
|t:|1623604072
|gametype|singles
|player|p1|aman 995|veteran|1693
|player|p2|AnimeZZZZ5|bugcatcher|1844
|teamsize|p1|6
|teamsize|p2|6
|gen|8
|tier|[Gen 8] National Dex AG
|rated|
|rule|HP Percentage Mod: HP is shown in percentages
|rule|Endless Battle Clause: Forcing endless battles is banned
|clearpoke
|poke|p1|Yveltal|
|poke|p1|Groudon|
|poke|p1|Rayquaza|
|poke|p1|Xerneas-*|
|poke|p1|Marshadow|
|poke|p1|Kyogre|
|poke|p2|Rayquaza|
|poke|p2|Yveltal|
|poke|p2|Groudon|
|poke|p2|Arceus-*|
|poke|p2|Ditto|
|poke|p2|Yveltal|
|teampreview
|
|t:|1623604080
|start
|switch|p1a: Groudon|Groudon|100/100
|switch|p2a: Yveltal|Yveltal|100/100
|-ability|p2a: Yveltal|Dark Aura
|detailschange|p1a: Groudon|Groudon-Primal
|-primal|p1a: Groudon
|-weather|DesolateLand|[from] ability: Desolate Land|[of] p1a: Groudon
|turn|1
|
|t:|1623604092
|move|p2a: Yveltal|Foul Play|p1a: Groudon
|-damage|p1a: Groudon|49/100
|move|p1a: Groudon|Stealth Rock|p2a: Yveltal
|-sidestart|p2: AnimeZZZZ5|move: Stealth Rock
|
|-weather|DesolateLand|[upkeep]
|upkeep
|turn|2
|
|t:|1623604100
|move|p2a: Yveltal|Defog|p1a: Groudon
|-unboost|p1a: Groudon|evasion|1
|-sideend|p2: AnimeZZZZ5|Stealth Rock|[from] move: Defog|[of] p2a: Yveltal
|move|p1a: Groudon|Heat Crash|p2a: Yveltal
|-damage|p2a: Yveltal|41/100
|
|-weather|DesolateLand|[upkeep]
|upkeep
|turn|3
|
|t:|1623604109
|move|p2a: Yveltal|Foul Play|p1a: Groudon
|-damage|p1a: Groudon|0 fnt
|faint|p1a: Groudon
|-weather|none
|
|upkeep
|
|t:|1623604128
|switch|p1a: Rayquaza|Rayquaza|100/100
|-ability|p1a: Rayquaza|Air Lock
|turn|4
|
|t:|1623604132
|detailschange|p1a: Rayquaza|Rayquaza-Mega
|-mega|p1a: Rayquaza|Rayquaza|
|-weather|DeltaStream|[from] ability: Delta Stream|[of] p1a: Rayquaza
|move|p1a: Rayquaza|Scale Shot|p2a: Yveltal
|-crit|p2a: Yveltal
|-damage|p2a: Yveltal|20/100
|-crit|p2a: Yveltal
|-damage|p2a: Yveltal|0 fnt
|faint|p2a: Yveltal
|-hitcount|p2: Yveltal|2
|-unboost|p1a: Rayquaza|def|1
|-boost|p1a: Rayquaza|spe|1
|-damage|p1a: Rayquaza|91/100|[from] item: Life Orb
|
|-weather|DeltaStream|[upkeep]
|upkeep
|c|☆aman 995|oof
|
|t:|1623604154
|switch|p2a: Ditto|Ditto|100/100
|-transform|p2a: Ditto|p1a: Rayquaza|[from] ability: Imposter
|turn|5
|
|t:|1623604161
|move|p1a: Rayquaza|Extreme Speed|p2a: Ditto
|-damage|p2a: Ditto|14/100
|-damage|p1a: Rayquaza|81/100|[from] item: Life Orb
|move|p2a: Ditto|Dragon Ascent|p1a: Rayquaza
|-damage|p1a: Rayquaza|0 fnt
|-unboost|p2a: Ditto|def|1
|-unboost|p2a: Ditto|spd|1
|faint|p1a: Rayquaza
|
|-weather|DeltaStream|[upkeep]
|upkeep
|
|t:|1623604183
|switch|p1a: Marshadow|Marshadow|100/100
|turn|6
|
|t:|1623604189
|-weather|none
|switch|p2a: Groudon|Groudon|100/100
|detailschange|p2a: Groudon|Groudon-Primal
|-primal|p2a: Groudon
|-weather|DesolateLand|[from] ability: Desolate Land|[of] p2a: Groudon
|move|p1a: Marshadow|Shadow Sneak|p2a: Groudon
|-damage|p2a: Groudon|83/100
|
|-weather|DesolateLand|[upkeep]
|upkeep
|turn|7
|
|t:|1623604197
|switch|p1a: Yveltal|Yveltal|100/100
|-ability|p1a: Yveltal|Dark Aura
|move|p2a: Groudon|Stealth Rock|p1a: Yveltal
|-sidestart|p1: aman 995|move: Stealth Rock
|
|-weather|DesolateLand|[upkeep]
|upkeep
|turn|8
|
|t:|1623604211
|-start|p1a: Yveltal|Dynamax
|-heal|p1a: Yveltal|100/100|[silent]
|move|p1a: Yveltal|Max Airstream|p2a: Groudon
|-damage|p2a: Groudon|26/100
|-boost|p1a: Yveltal|spe|1
|-damage|p1a: Yveltal|96/100|[from] item: Life Orb
|move|p2a: Groudon|Overheat|p1a: Yveltal|[miss]
|-miss|p2a: Groudon|p1a: Yveltal
|
|-weather|DesolateLand|[upkeep]
|upkeep
|turn|9
|
|t:|1623604237
|move|p1a: Yveltal|Max Airstream|p2a: Groudon
|-damage|p2a: Groudon|0 fnt
|-boost|p1a: Yveltal|spe|1
|faint|p2a: Groudon
|-weather|none
|-damage|p1a: Yveltal|91/100|[from] item: Life Orb
|
|upkeep
|
|t:|1623604243
|switch|p2a: Ditto|Ditto|14/100
|-transform|p2a: Ditto|p1a: Yveltal|[from] ability: Imposter
|-ability|p2a: Ditto|Dark Aura
|turn|10
|
|t:|1623604270
|move|p2a: Ditto|Oblivion Wing|p1a: Yveltal
|-damage|p1a: Yveltal|73/100
|-heal|p2a: Ditto|49/100|[from] drain|[of] p1a: Yveltal
|move|p1a: Yveltal|Max Airstream|p2a: Ditto
|-damage|p2a: Ditto|0 fnt
|-boost|p1a: Yveltal|spe|1
|faint|p2a: Ditto
|-damage|p1a: Yveltal|68/100|[from] item: Life Orb
|
|-end|p1a: Yveltal|Dynamax
|-heal|p1a: Yveltal|69/100|[silent]
|upkeep
|
|t:|1623604274
|switch|p2a: Yveltal|Yveltal|100/100
|-ability|p2a: Yveltal|Dark Aura
|turn|11
|
|t:|1623604288
|-start|p2a: Yveltal|Dynamax
|-heal|p2a: Yveltal|100/100|[silent]
|move|p1a: Yveltal|Oblivion Wing|p2a: Yveltal
|-damage|p2a: Yveltal|77/100
|-heal|p1a: Yveltal|100/100|[from] drain|[of] p2a: Yveltal
|-damage|p1a: Yveltal|91/100|[from] item: Life Orb
|move|p2a: Yveltal|Max Airstream|p1a: Yveltal
|-damage|p1a: Yveltal|9/100
|-boost|p2a: Yveltal|spe|1
|-damage|p2a: Yveltal|72/100|[from] item: Life Orb
|
|upkeep
|turn|12
|
|t:|1623604305
|move|p1a: Yveltal|Oblivion Wing|p2a: Yveltal
|-damage|p2a: Yveltal|46/100
|-heal|p1a: Yveltal|46/100|[from] drain|[of] p2a: Yveltal
|-damage|p1a: Yveltal|36/100|[from] item: Life Orb
|move|p2a: Yveltal|Max Airstream|p1a: Yveltal
|-damage|p1a: Yveltal|0 fnt
|-boost|p2a: Yveltal|spe|1
|faint|p1a: Yveltal
|-damage|p2a: Yveltal|41/100|[from] item: Life Orb
|
|upkeep
|
|t:|1623604327
|switch|p1a: Xerneas|Xerneas|100/100
|-damage|p1a: Xerneas|88/100|[from] Stealth Rock
|-ability|p1a: Xerneas|Fairy Aura
|turn|13
|
|t:|1623604334
|move|p2a: Yveltal|Max Airstream|p1a: Xerneas
|-damage|p1a: Xerneas|21/100
|-boost|p2a: Yveltal|spe|1
|-damage|p2a: Yveltal|36/100|[from] item: Life Orb
|move|p1a: Xerneas|Moonblast|p2a: Yveltal
|-supereffective|p2a: Yveltal
|-damage|p2a: Yveltal|0 fnt
|faint|p2a: Yveltal
|
|upkeep
|
|t:|1623604341
|switch|p2a: Arceus|Arceus-Ground|100/100
|turn|14
|
|t:|1623604363
|move|p2a: Arceus|Earthquake|p1a: Xerneas
|-damage|p1a: Xerneas|0 fnt
|faint|p1a: Xerneas
|
|upkeep
|j| Goddess Spade
|
|t:|1623604375
|switch|p1a: Kyogre|Kyogre|100/100
|-damage|p1a: Kyogre|88/100|[from] Stealth Rock
|detailschange|p1a: Kyogre|Kyogre-Primal
|-primal|p1a: Kyogre
|-weather|PrimordialSea|[from] ability: Primordial Sea|[of] p1a: Kyogre
|turn|15
|
|t:|1623604381
|-zpower|p2a: Arceus
|move|p2a: Arceus|Tectonic Rage|p1a: Kyogre|[zeffect]
|-damage|p1a: Kyogre|20/100
|move|p1a: Kyogre|Origin Pulse|p2a: Arceus
|-supereffective|p2a: Arceus
|-damage|p2a: Arceus|0 fnt
|faint|p2a: Arceus
|
|-weather|PrimordialSea|[upkeep]
|upkeep
|
|t:|1623604386
|switch|p2a: Rayquaza|Rayquaza|100/100
|-ability|p2a: Rayquaza|Air Lock
|turn|16
|
|t:|1623604399
|detailschange|p2a: Rayquaza|Rayquaza-Mega
|-mega|p2a: Rayquaza|Rayquaza|
|-weather|DeltaStream|[from] ability: Delta Stream|[of] p2a: Rayquaza
|move|p2a: Rayquaza|Dragon Ascent|p1a: Kyogre
|-damage|p1a: Kyogre|0 fnt
|-unboost|p2a: Rayquaza|def|1
|-unboost|p2a: Rayquaza|spd|1
|faint|p1a: Kyogre
|
|-weather|DeltaStream|[upkeep]
|upkeep
|
|t:|1623604407
|switch|p1a: Marshadow|Marshadow|100/100
|-damage|p1a: Marshadow|94/100|[from] Stealth Rock
|turn|17
|
|t:|1623604419
|move|p1a: Marshadow|Ice Punch|p2a: Rayquaza
|-activate||deltastream
|-supereffective|p2a: Rayquaza
|-damage|p2a: Rayquaza|27/100
|move|p2a: Rayquaza|Dragon Ascent|p1a: Marshadow
|-supereffective|p1a: Marshadow
|-damage|p1a: Marshadow|0 fnt
|-unboost|p2a: Rayquaza|def|1
|-unboost|p2a: Rayquaza|spd|1
|faint|p1a: Marshadow
|
|win|AnimeZZZZ5
|raw|aman 995's rating: 1693 &rarr; <strong>1681</strong><br />(-12 for losing)
|raw|AnimeZZZZ5's rating: 1844 &rarr; <strong>1856</strong><br />(+12 for winning)
|l|☆aman 995
