|j|☆Krishy2007
|j|☆digging your grave
|t:|1654989923
|gametype|singles
|player|p1|Krishy2007|colress|1395
|player|p2|digging your grave|byron|1479
|teamsize|p1|6
|teamsize|p2|6
|gen|8
|tier|[Gen 8] National Dex AG
|rated|
|rule|HP Percentage Mod: HP is shown in percentages
|rule|Endless Battle Clause: Forcing endless battles is banned
|clearpoke
|poke|p1|Yveltal|
|poke|p1|Arceus-*|
|poke|p1|Groudon|
|poke|p1|Kartana|
|poke|p1|Kyogre|
|poke|p1|Calyrex-Shadow|
|poke|p2|Rayquaza|
|poke|p2|Yveltal|
|poke|p2|Deoxys-Attack|
|poke|p2|Kyogre|
|poke|p2|Kyurem-Black|
|poke|p2|Eternatus|
|teampreview
|inactive|Battle timer is ON: inactive players will automatically lose when time's up. (requested by Krishy2007)
|
|t:|1654989938
|start
|switch|p1a: Gojira|Groudon, shiny|100/100
|switch|p2a: Deoxys|Deoxys-Attack|100/100
|-ability|p2a: Deoxys|Pressure
|detailschange|p1a: Gojira|Groudon-Primal, shiny
|-primal|p1a: Gojira
|-weather|DesolateLand|[from] ability: Desolate Land|[of] p1a: Gojira
|turn|1
|
|t:|1654989953
|move|p2a: Deoxys|Nasty Plot|p2a: Deoxys
|-boost|p2a: Deoxys|spa|2
|move|p1a: Gojira|Rock Polish|p1a: Gojira
|-boost|p1a: Gojira|spe|2
|
|-weather|DesolateLand|[upkeep]
|upkeep
|turn|2
|
|t:|1654989958
|move|p1a: Gojira|Earthquake|p2a: Deoxys
|-enditem|p2a: Deoxys|Focus Sash
|-damage|p2a: Deoxys|1/100
|move|p2a: Deoxys|Psycho Boost|p1a: Gojira
|-damage|p1a: Gojira|0 fnt
|-unboost|p2a: Deoxys|spa|2
|faint|p1a: Gojira
|-weather|none
|
|upkeep
|
|t:|1654989979
|switch|p1a: PropaneLover69|Calyrex-Shadow|100/100
|-ability|p1a: PropaneLover69|As One
|-ability|p1a: PropaneLover69|Unnerve
|turn|3
|
|t:|1654989981
|move|p1a: PropaneLover69|Astral Barrage|p2a: Deoxys
|-supereffective|p2a: Deoxys
|-damage|p2a: Deoxys|0 fnt
|faint|p2a: Deoxys
|-ability|p1a: PropaneLover69|Grim Neigh|boost
|-boost|p1a: PropaneLover69|spa|1
|
|upkeep
|
|t:|1654989984
|switch|p2a: Yveltal|Yveltal|100/100
|-ability|p2a: Yveltal|Dark Aura
|turn|4
|
|t:|1654990009
|-start|p2a: Yveltal|Dynamax|
|-heal|p2a: Yveltal|100/100|[silent]
|move|p1a: PropaneLover69|Draining Kiss|p2a: Yveltal
|-supereffective|p2a: Yveltal
|-damage|p2a: Yveltal|71/100
|move|p2a: Yveltal|Max Airstream|p1a: PropaneLover69
|-damage|p1a: PropaneLover69|8/100
|-boost|p2a: Yveltal|spe|1
|-damage|p2a: Yveltal|66/100|[from] item: Life Orb
|
|upkeep
|turn|5
|
|t:|1654990017
|-start|p1a: PropaneLover69|Dynamax|
|-heal|p1a: PropaneLover69|8/100|[silent]
|move|p2a: Yveltal|Max Ooze|p1a: PropaneLover69
|-resisted|p1a: PropaneLover69
|-damage|p1a: PropaneLover69|0 fnt
|-boost|p2a: Yveltal|spa|1
|faint|p1a: PropaneLover69
|-damage|p2a: Yveltal|61/100|[from] item: Life Orb
|
|upkeep
|inactive|Krishy2007 has 120 seconds left.
|
|t:|1654990035
|switch|p1a: Kyogre|Kyogre, shiny|100/100
|-weather|RainDance|[from] ability: Drizzle|[of] p1a: Kyogre
|turn|6
|
|t:|1654990039
|move|p1a: Kyogre|Thunder|p2a: Yveltal
|-supereffective|p2a: Yveltal
|-damage|p2a: Yveltal|27/100
|move|p2a: Yveltal|Max Airstream|p1a: Kyogre
|-damage|p1a: Kyogre|0 fnt
|-boost|p2a: Yveltal|spe|1
|faint|p1a: Kyogre
|-damage|p2a: Yveltal|22/100|[from] item: Life Orb
|
|-weather|RainDance|[upkeep]
|upkeep
|
|t:|1654990054
|switch|p1a: Kartana|Kartana, shiny|100/100
|-end|p2a: Yveltal|Dynamax
|-heal|p2a: Yveltal|22/100|[silent]
|turn|7
|
|t:|1654990060
|move|p2a: Yveltal|Oblivion Wing|p1a: Kartana
|-damage|p1a: Kartana|0 fnt
|-heal|p2a: Yveltal|71/100|[from] drain|[of] p1a: Kartana
|faint|p1a: Kartana
|-damage|p2a: Yveltal|61/100|[from] item: Life Orb
|
|-weather|RainDance|[upkeep]
|upkeep
|inactive|Krishy2007 has 120 seconds left.
|
|t:|1654990083
|switch|p1a: Pork|Yveltal, shiny|100/100
|-ability|p1a: Pork|Dark Aura
|turn|8
|
|t:|1654990086
|move|p2a: Yveltal|Oblivion Wing|p1a: Pork
|-damage|p1a: Pork|18/100
|-heal|p2a: Yveltal|100/100|[from] drain|[of] p1a: Pork
|-damage|p2a: Yveltal|91/100|[from] item: Life Orb
|move|p1a: Pork|Oblivion Wing|p2a: Yveltal
|-damage|p2a: Yveltal|33/100
|-heal|p1a: Pork|61/100|[from] drain|[of] p2a: Yveltal
|-damage|p1a: Pork|52/100|[from] item: Life Orb
|
|-weather|RainDance|[upkeep]
|upkeep
|turn|9
|inactive|Krishy2007 has 120 seconds left.
|
|t:|1654990113
|move|p2a: Yveltal|Oblivion Wing|p1a: Pork
|-damage|p1a: Pork|0 fnt
|-heal|p2a: Yveltal|72/100|[from] drain|[of] p1a: Pork
|faint|p1a: Pork
|-damage|p2a: Yveltal|62/100|[from] item: Life Orb
|
|-weather|RainDance|[upkeep]
|upkeep
|
|t:|1654990119
|switch|p1a: Arceus|Arceus-Fairy, shiny|100/100
|turn|10
|
|t:|1654990126
|move|p2a: Yveltal|Oblivion Wing|p1a: Arceus
|-damage|p1a: Arceus|34/100
|-heal|p2a: Yveltal|100/100|[from] drain|[of] p1a: Arceus
|-damage|p2a: Yveltal|91/100|[from] item: Life Orb
|move|p1a: Arceus|Judgment|p2a: Yveltal
|-supereffective|p2a: Yveltal
|-crit|p2a: Yveltal
|-damage|p2a: Yveltal|0 fnt
|faint|p2a: Yveltal
|
|-weather|none
|upkeep
|
|t:|1654990135
|switch|p2a: Kyogre|Kyogre|100/100
|detailschange|p2a: Kyogre|Kyogre-Primal
|-primal|p2a: Kyogre
|-weather|PrimordialSea|[from] ability: Primordial Sea|[of] p2a: Kyogre
|turn|11
|inactive|Krishy2007 has 120 seconds left.
|
|t:|1654990150
|move|p1a: Arceus|Judgment|p2a: Kyogre
|-damage|p2a: Kyogre|63/100
|move|p2a: Kyogre|Origin Pulse|p1a: Arceus|[miss]
|-miss|p2a: Kyogre|p1a: Arceus
|
|-weather|PrimordialSea|[upkeep]
|upkeep
|turn|12
|
|t:|1654990155
|move|p1a: Arceus|Recover|p1a: Arceus
|-heal|p1a: Arceus|84/100
|move|p2a: Kyogre|Thunder|p1a: Arceus
|-damage|p1a: Arceus|41/100
|-status|p1a: Arceus|par
|
|-weather|PrimordialSea|[upkeep]
|upkeep
|turn|13
|
|t:|1654990162
|move|p2a: Kyogre|Origin Pulse|p1a: Arceus
|-damage|p1a: Arceus|0 fnt
|faint|p1a: Arceus
|
|win|digging your grave
|raw|Krishy2007's rating: 1395 &rarr; <strong>1380</strong><br />(-15 for losing)
|raw|digging your grave's rating: 1479 &rarr; <strong>1494</strong><br />(+15 for winning)
|l|☆Krishy2007
||Ladder isn't responding, score probably updated but might not have (Request timeout).
