|j|☆Mori Jin Kato
|j|☆nevergonnagibleuup
|t:|1667485990
|gametype|singles
|player|p1|Mori Jin Kato|red|1725
|player|p2|nevergonnagibleuup|266|1923
|teamsize|p1|6
|teamsize|p2|6
|gen|8
|tier|[Gen 8] National Dex AG
|rated|
|rule|HP Percentage Mod: HP is shown in percentages
|rule|Endless Battle Clause: Forcing endless battles is banned
|clearpoke
|poke|p1|Eternatus|
|poke|p1|Dragapult, M|
|poke|p1|Rayquaza|
|poke|p1|Dragonite, F|
|poke|p1|Ditto|
|poke|p1|Regieleki|
|poke|p2|Arceus-*|
|poke|p2|Arceus-*|
|poke|p2|Arceus-*|
|poke|p2|Arceus-*|
|poke|p2|Tyranitar, M|
|poke|p2|Uxie|
|teampreview
|inactive|Battle timer is ON: inactive players will automatically lose when time's up. (requested by Mori Jin Kato)
|
|t:|1667486005
|start
|switch|p1a: #62MoonShadow|Dragapult, M|100/100
|switch|p2a: Uxie|Uxie|100/100
|turn|1
|
|t:|1667486011
|-start|p1a: #62MoonShadow|Dynamax|
|-heal|p1a: #62MoonShadow|100/100|[silent]
|move|p1a: #62MoonShadow|Max Phantasm|p2a: Uxie
|-supereffective|p2a: Uxie
|-damage|p2a: Uxie|0 fnt
|faint|p2a: Uxie
|-damage|p1a: #62MoonShadow|96/100|[from] item: Life Orb
|
|upkeep
|c|☆Mori Jin Kato|NOT TODAY
|c|☆Mori Jin Kato|sorry
|c|☆Mori Jin Kato|didnt mean all caps
|c|☆Mori Jin Kato|lmaoooo
|c|☆Mori Jin Kato|glhf
|j| Zave_09
|c|☆nevergonnagibleuup|ok
|
|t:|1667486033
|switch|p2a: Tyranitar|Tyranitar, M|100/100
|-weather|Sandstorm|[from] ability: Sand Stream|[of] p2a: Tyranitar
|turn|2
|
|t:|1667486037
|detailschange|p2a: Tyranitar|Tyranitar-Mega, M
|-mega|p2a: Tyranitar|Tyranitar|Tyranitarite
|move|p1a: #62MoonShadow|Max Steelspike|p2a: Tyranitar
|-supereffective|p2a: Tyranitar
|-damage|p2a: Tyranitar|35/100
|-boost|p1a: #62MoonShadow|def|1
|-damage|p1a: #62MoonShadow|91/100|[from] item: Life Orb
|move|p2a: Tyranitar|Stealth Rock|p1a: #62MoonShadow
|-sidestart|p1: Mori Jin Kato|move: Stealth Rock
|
|-weather|Sandstorm|[upkeep]
|-damage|p1a: #62MoonShadow|88/100|[from] Sandstorm
|upkeep
|turn|3
|
|t:|1667486047
|move|p1a: #62MoonShadow|Max Steelspike|p2a: Tyranitar
|-supereffective|p2a: Tyranitar
|-damage|p2a: Tyranitar|0 fnt
|-boost|p1a: #62MoonShadow|def|1
|faint|p2a: Tyranitar
|-damage|p1a: #62MoonShadow|83/100|[from] item: Life Orb
|
|-weather|Sandstorm|[upkeep]
|-damage|p1a: #62MoonShadow|80/100|[from] Sandstorm
|upkeep
|c|☆Mori Jin Kato|bro
|c|☆Mori Jin Kato|why waste mega
|
|t:|1667486056
|switch|p2a: Arceus|Arceus-Electric|100/100
|-end|p1a: #62MoonShadow|Dynamax
|-heal|p1a: #62MoonShadow|80/100|[silent]
|turn|4
|c|☆Mori Jin Kato|and use a team of no skill
|c|☆nevergonnagibleuup|why not
|c|☆Mori Jin Kato|just arceus
|c|☆Mori Jin Kato|arceus
|c|☆Mori Jin Kato|and no skill hey my name is arceus
|c|☆Mori Jin Kato|x4
|c|☆Mori Jin Kato|xD
|c|☆Mori Jin Kato|SOME KIDS
|c|☆Mori Jin Kato|lmaoo
|c|☆Mori Jin Kato|gl
|
|t:|1667486082
|move|p1a: #62MoonShadow|Dragon Darts|p2a: Arceus
|-damage|p2a: Arceus|77/100
|-anim|p1a: #62MoonShadow|Dragon Darts|p2a: Arceus
|-damage|p2a: Arceus|53/100
|-damage|p1a: #62MoonShadow|70/100|[from] item: Life Orb
|move|p2a: Arceus|Ice Beam|p1a: #62MoonShadow
|-supereffective|p1a: #62MoonShadow
|-damage|p1a: #62MoonShadow|0 fnt
|faint|p1a: #62MoonShadow
|
|-weather|Sandstorm|[upkeep]
|-damage|p2a: Arceus|47/100|[from] Sandstorm
|upkeep
|c|☆nevergonnagibleuup|chill bro
|c|☆nevergonnagibleuup|its just a game
|inactive|Mori Jin Kato has 120 seconds left.
|l| Zave_09
|inactive|Mori Jin Kato has 90 seconds left.
|
|t:|1667486125
|switch|p1a: #102 Goliath|Eternatus|100/100
|-damage|p1a: #102 Goliath|88/100|[from] Stealth Rock
|-ability|p1a: #102 Goliath|Pressure
|turn|5
|
|t:|1667486132
|move|p1a: #102 Goliath|Dynamax Cannon|p2a: Arceus
|-damage|p2a: Arceus|6/100
|move|p2a: Arceus|Recover|p2a: Arceus
|-heal|p2a: Arceus|56/100
|
|-weather|Sandstorm|[upkeep]
|-damage|p1a: #102 Goliath|82/100|[from] Sandstorm
|-damage|p2a: Arceus|50/100|[from] Sandstorm
|upkeep
|turn|6
|
|t:|1667486139
|move|p1a: #102 Goliath|Dynamax Cannon|p2a: Arceus
|-damage|p2a: Arceus|3/100
|move|p2a: Arceus|Recover|p2a: Arceus
|-heal|p2a: Arceus|53/100
|
|-weather|none
|upkeep
|turn|7
|
|t:|1667486145
|move|p1a: #102 Goliath|Dynamax Cannon|p2a: Arceus
|-damage|p2a: Arceus|9/100
|move|p2a: Arceus|Recover|p2a: Arceus
|-heal|p2a: Arceus|59/100
|
|upkeep
|turn|8
|
|t:|1667486150
|switch|p1a: Yeoui|Dragonite, F|100/100
|-damage|p1a: Yeoui|76/100|[from] Stealth Rock
|move|p2a: Arceus|Recover|p2a: Arceus
|-heal|p2a: Arceus|100/100
|
|upkeep
|turn|9
|
|t:|1667486156
|move|p2a: Arceus|Ice Beam|p1a: Yeoui
|-supereffective|p1a: Yeoui
|-damage|p1a: Yeoui|0 fnt
|faint|p1a: Yeoui
|
|upkeep
|
|t:|1667486163
|switch|p1a: Regieleki|Regieleki|100/100
|-damage|p1a: Regieleki|88/100|[from] Stealth Rock
|turn|10
|
|t:|1667486167
|move|p1a: Regieleki|Explosion|p2a: Arceus
|-damage|p2a: Arceus|47/100
|faint|p1a: Regieleki
|move|p2a: Arceus|Calm Mind|p2a: Arceus
|-boost|p2a: Arceus|spa|1
|-boost|p2a: Arceus|spd|1
|
|upkeep
|inactive|Mori Jin Kato has 120 seconds left.
|
|t:|1667486179
|switch|p1a: Seventh Owner|Ditto|100/100
|-damage|p1a: Seventh Owner|88/100|[from] Stealth Rock
|-transform|p1a: Seventh Owner|p2a: Arceus|[from] ability: Imposter
|turn|11
|
|t:|1667486185
|move|p1a: Seventh Owner|Judgment|p2a: Arceus
|-damage|p2a: Arceus|24/100
|move|p2a: Arceus|Recover|p2a: Arceus
|-heal|p2a: Arceus|74/100
|
|upkeep
|turn|12
|-message|Mori Jin Kato forfeited.
|
|win|nevergonnagibleuup
|raw|Mori Jin Kato's rating: 1725 &rarr; <strong>1714</strong><br />(-11 for losing)
|raw|nevergonnagibleuup's rating: 1892 &rarr; <strong>1903</strong><br />(+11 for winning)
|l|☆Mori Jin Kato
|j| bucket of paint
|j| Julius Ebola
||Ladder isn't responding, score probably updated but might not have (Request timeout).
