|j|☆MatheusNSiebra
|j|☆wheelien
|player|p1|MatheusNSiebra|lance|1333
|player|p2|wheelien|214|1419
|teamsize|p1|6
|teamsize|p2|6
|gametype|singles
|gen|8
|tier|[Gen 8] National Dex AG
|rated|
|clearpoke
|poke|p1|Arceus-*|
|poke|p1|Mewtwo|
|poke|p1|Eternatus|
|poke|p1|Zygarde|
|poke|p1|Necrozma-Dusk-Mane|
|poke|p1|Melmetal|
|poke|p2|Arceus-*|
|poke|p2|Arceus-*|
|poke|p2|Arceus-*|
|poke|p2|Arceus-*|
|poke|p2|Arceus-*|
|poke|p2|Arceus-*|
|rule|HP Percentage Mod: HP is shown in percentages
|rule|Endless Battle Clause: Forcing endless battles is banned
|teampreview
|
|start
|switch|p1a: Zygarde|Zygarde|100/100
|switch|p2a: Love|Arceus|100/100
|turn|1
|
|move|p2a: Love|Stealth Rock|p1a: Zygarde
|-sidestart|p1: MatheusNSiebra|move: Stealth Rock
|move|p1a: Zygarde|Dragon Dance|p1a: Zygarde
|-boost|p1a: Zygarde|atk|1
|-boost|p1a: Zygarde|spe|1
|
|upkeep
|turn|2
|
|move|p1a: Zygarde|Dragon Dance|p1a: Zygarde
|-boost|p1a: Zygarde|atk|1
|-boost|p1a: Zygarde|spe|1
|move|p2a: Love|Perish Song|p2a: Love
|-start|p1a: Zygarde|perish3|[silent]
|-start|p2a: Love|perish3|[silent]
|-fieldactivate|move: Perish Song
|
|-start|p1a: Zygarde|perish3
|-start|p2a: Love|perish3
|upkeep
|turn|3
|
|move|p1a: Zygarde|Extreme Speed|p2a: Love
|-damage|p2a: Love|70/100
|move|p2a: Love|Reflect|p2a: Love
|-sidestart|p2: wheelien|Reflect
|
|-start|p1a: Zygarde|perish2
|-start|p2a: Love|perish2
|upkeep
|turn|4
|
|move|p1a: Zygarde|Thousand Arrows|p2a: Love
|-damage|p2a: Love|45/100
|move|p2a: Love|Light Screen|p2a: Love
|-sidestart|p2: wheelien|move: Light Screen
|
|-start|p1a: Zygarde|perish1
|-start|p2a: Love|perish1
|upkeep
|turn|5
|
|switch|p1a: Necrozma|Necrozma-Dusk-Mane|100/100
|-damage|p1a: Necrozma|95/100|[from] Stealth Rock
|switch|p2a: Persecution|Arceus|100/100
|
|upkeep
|turn|6
|
|move|p2a: Persecution|Swords Dance|p2a: Persecution
|-boost|p2a: Persecution|atk|2
|move|p1a: Necrozma|Dragon Dance|p1a: Necrozma
|-boost|p1a: Necrozma|atk|1
|-boost|p1a: Necrozma|spe|1
|
|upkeep
|turn|7
|
|move|p1a: Necrozma|Dragon Dance|p1a: Necrozma
|-boost|p1a: Necrozma|atk|1
|-boost|p1a: Necrozma|spe|1
|move|p2a: Persecution|Earthquake|p1a: Necrozma
|-supereffective|p1a: Necrozma
|-damage|p1a: Necrozma|0 fnt
|-damage|p2a: Persecution|91/100|[from] item: Life Orb
|faint|p1a: Necrozma
|
|upkeep
|
|switch|p1a: Zygarde|Zygarde|100/100
|-damage|p1a: Zygarde|94/100|[from] Stealth Rock
|turn|8
|
|move|p2a: Persecution|Swords Dance|p2a: Persecution
|-boost|p2a: Persecution|atk|2
|move|p1a: Zygarde|Dragon Dance|p1a: Zygarde
|-boost|p1a: Zygarde|atk|1
|-boost|p1a: Zygarde|spe|1
|
|-heal|p1a: Zygarde|100/100|[from] item: Leftovers
|upkeep
|turn|9
|
|move|p2a: Persecution|Extreme Speed|p1a: Zygarde
|-damage|p1a: Zygarde|0 fnt
|-damage|p2a: Persecution|81/100|[from] item: Life Orb
|faint|p1a: Zygarde
|
|upkeep
|-message|MatheusNSiebra forfeited.
|
|win|wheelien
|l|☆MatheusNSiebra
||Ladder (probably) updated, but score could not be retrieved (Response not received).
