|j|☆Pikachu_2320
|j|☆C0ld as Ice
|t:|1647405694
|gametype|singles
|player|p1|Pikachu_2320|colress|1577
|player|p2|C0ld as Ice|schoolkid-gen4dp|1805
|teamsize|p1|6
|teamsize|p2|6
|gen|8
|tier|[Gen 8] National Dex AG
|rated|
|rule|HP Percentage Mod: HP is shown in percentages
|rule|Endless Battle Clause: Forcing endless battles is banned
|clearpoke
|poke|p1|Rayquaza|
|poke|p1|Necrozma-Dusk-Mane|
|poke|p1|Yveltal|
|poke|p1|Calyrex-Shadow|
|poke|p1|Ditto|
|poke|p1|Arceus-*|
|poke|p2|Calyrex-Shadow|
|poke|p2|Arceus-*|
|poke|p2|Lugia|
|poke|p2|Donphan, F|
|poke|p2|Marshadow|
|poke|p2|Smeargle, F|
|teampreview
|inactive|Battle timer is ON: inactive players will automatically lose when time's up. (requested by Pikachu_2320)
|inactive|C0ld as Ice also wants the timer to be on.
|c|☆Pikachu_2320|glhf
|
|t:|1647405716
|start
|switch|p1a: Arceus|Arceus-Dark|100/100
|switch|p2a: Donphan|Donphan, F|100/100
|turn|1
|
|t:|1647405723
|move|p1a: Arceus|Judgment|p2a: Donphan
|-damage|p2a: Donphan|33/100
|move|p2a: Donphan|Stealth Rock|p1a: Arceus
|-sidestart|p1: Pikachu_2320|move: Stealth Rock
|
|upkeep
|turn|2
|
|t:|1647405730
|move|p1a: Arceus|Judgment|p2a: Donphan
|-damage|p2a: Donphan|0 fnt
|faint|p2a: Donphan
|
|upkeep
|
|t:|1647405732
|switch|p2a: Smeargle|Smeargle, F|100/100
|turn|3
|
|t:|1647405738
|move|p1a: Arceus|Judgment|p2a: Smeargle
|-damage|p2a: Smeargle|3/100
|move|p2a: Smeargle|Nuzzle|p1a: Arceus
|-damage|p1a: Arceus|99/100
|-status|p1a: Arceus|par
|
|upkeep
|turn|4
|
|t:|1647405746
|move|p2a: Smeargle|Sticky Web|p1a: Arceus
|-sidestart|p1: Pikachu_2320|move: Sticky Web
|cant|p1a: Arceus|par
|
|upkeep
|turn|5
|
|t:|1647405749
|move|p2a: Smeargle|Taunt|p1a: Arceus
|-start|p1a: Arceus|move: Taunt
|cant|p1a: Arceus|move: Taunt|Refresh
|
|upkeep
|turn|6
|
|t:|1647405754
|move|p2a: Smeargle|Nuzzle|p1a: Arceus
|-damage|p1a: Arceus|98/100 par
|move|p1a: Arceus|Judgment|p2a: Smeargle
|-damage|p2a: Smeargle|0 fnt
|faint|p2a: Smeargle
|
|upkeep
|
|t:|1647405758
|switch|p2a: Marshadow|Marshadow|100/100
|turn|7
|
|t:|1647405764
|move|p2a: Marshadow|Bulk Up|p2a: Marshadow
|-boost|p2a: Marshadow|atk|1
|-boost|p2a: Marshadow|def|1
|move|p1a: Arceus|Judgment|p2a: Marshadow
|-damage|p2a: Marshadow|49/100
|
|-end|p1a: Arceus|move: Taunt
|upkeep
|turn|8
|
|t:|1647405768
|move|p2a: Marshadow|Close Combat|p1a: Arceus
|-supereffective|p1a: Arceus
|-damage|p1a: Arceus|0 fnt
|-unboost|p2a: Marshadow|def|1
|-unboost|p2a: Marshadow|spd|1
|faint|p1a: Arceus
|
|upkeep
|
|t:|1647405782
|switch|p1a: Yveltal|Yveltal|100/100
|-damage|p1a: Yveltal|76/100|[from] Stealth Rock
|-ability|p1a: Yveltal|Dark Aura
|turn|9
|
|t:|1647405789
|move|p1a: Yveltal|Sucker Punch|p2a: Marshadow
|-damage|p2a: Marshadow|0 fnt
|faint|p2a: Marshadow
|-damage|p1a: Yveltal|66/100|[from] item: Life Orb
|
|upkeep
|
|t:|1647405804
|switch|p2a: Arceus|Arceus|100/100
|turn|10
|
|t:|1647405832
|move|p2a: Arceus|Extreme Speed|p1a: Yveltal
|-damage|p1a: Yveltal|10/100
|-damage|p2a: Arceus|91/100|[from] item: Life Orb
|move|p1a: Yveltal|Dark Pulse|p2a: Arceus
|-damage|p2a: Arceus|32/100
|-damage|p1a: Yveltal|0 fnt|[from] item: Life Orb
|faint|p1a: Yveltal
|
|upkeep
|inactive|Pikachu_2320 has 120 seconds left.
|
|t:|1647405847
|switch|p1a: Ditto|Ditto|100/100
|-damage|p1a: Ditto|88/100|[from] Stealth Rock
|-activate|p1a: Ditto|move: Sticky Web
|-unboost|p1a: Ditto|spe|1
|-transform|p1a: Ditto|p2a: Arceus|[from] ability: Imposter
|turn|11
|
|t:|1647405855
|move|p1a: Ditto|Extreme Speed|p2a: Arceus
|-damage|p2a: Arceus|0 fnt
|faint|p2a: Arceus
|
|upkeep
|
|t:|1647405857
|switch|p2a: Calyrex|Calyrex-Shadow|100/100
|-ability|p2a: Calyrex|As One
|-ability|p2a: Calyrex|Unnerve
|turn|12
|
|t:|1647405866
|-start|p1a: Ditto|Dynamax
|-heal|p1a: Ditto|88/100|[silent]
|move|p2a: Calyrex|Nasty Plot|p2a: Calyrex
|-boost|p2a: Calyrex|spa|2
|move|p1a: Ditto|Max Phantasm|p2a: Calyrex
|-supereffective|p2a: Calyrex
|-enditem|p2a: Calyrex|Focus Sash
|-damage|p2a: Calyrex|1/100
|-unboost|p2a: Calyrex|def|1
|
|upkeep
|turn|13
|
|t:|1647405869
|move|p2a: Calyrex|Baton Pass|p2a: Calyrex
|
|t:|1647405874
|switch|p2a: Lugia|Lugia|100/100|[from]move: Baton Pass
|move|p1a: Ditto|Max Phantasm|p2a: Lugia
|-supereffective|p2a: Lugia
|-damage|p2a: Lugia|51/100
|-unboost|p2a: Lugia|def|1
|-enditem|p2a: Lugia|Weakness Policy
|-boost|p2a: Lugia|atk|2|[from] item: Weakness Policy
|-boost|p2a: Lugia|spa|2|[from] item: Weakness Policy
|
|upkeep
|turn|14
|
|t:|1647405883
|-start|p2a: Lugia|Dynamax
|-heal|p2a: Lugia|51/100|[silent]
|move|p1a: Ditto|Max Phantasm|p2a: Lugia
|-supereffective|p2a: Lugia
|-damage|p2a: Lugia|0 fnt
|faint|p2a: Lugia
|
|-end|p1a: Ditto|Dynamax
|-heal|p1a: Ditto|88/100|[silent]
|upkeep
|
|t:|1647405885
|switch|p2a: Calyrex|Calyrex-Shadow|1/100
|-ability|p2a: Calyrex|As One
|-ability|p2a: Calyrex|Unnerve
|turn|15
|
|t:|1647405894
|switch|p1a: Necrozma|Necrozma-Dusk-Mane|100/100
|-activate|p1a: Necrozma|move: Sticky Web
|-unboost|p1a: Necrozma|spe|1
|-damage|p1a: Necrozma|95/100|[from] Stealth Rock
|move|p2a: Calyrex|Astral Barrage|p1a: Necrozma
|-supereffective|p1a: Necrozma
|-crit|p1a: Necrozma
|-damage|p1a: Necrozma|0 fnt
|faint|p1a: Necrozma
|-ability|p2a: Calyrex|Grim Neigh|boost
|-boost|p2a: Calyrex|spa|1
|
|upkeep
|
|t:|1647405902
|switch|p1a: Calyrex|Calyrex-Shadow|100/100
|-ability|p1a: Calyrex|As One
|-ability|p1a: Calyrex|Unnerve
|-damage|p1a: Calyrex|88/100|[from] Stealth Rock
|-activate|p1a: Calyrex|move: Sticky Web
|-unboost|p1a: Calyrex|spe|1
|turn|16
|
|t:|1647405906
|move|p2a: Calyrex|Astral Barrage|p1a: Calyrex
|-supereffective|p1a: Calyrex
|-damage|p1a: Calyrex|0 fnt
|faint|p1a: Calyrex
|-ability|p2a: Calyrex|Grim Neigh|boost
|-boost|p2a: Calyrex|spa|1
|
|upkeep
|
|t:|1647405909
|switch|p1a: Ditto|Ditto|88/100
|-activate|p1a: Ditto|move: Sticky Web
|-unboost|p1a: Ditto|spe|1
|-damage|p1a: Ditto|76/100|[from] Stealth Rock
|-transform|p1a: Ditto|p2a: Calyrex|[from] ability: Imposter
|turn|17
|-message|C0ld as Ice forfeited.
|
|win|Pikachu_2320
|raw|Pikachu_2320's rating: 1577 &rarr; <strong>1608</strong><br />(+31 for winning)
|raw|C0ld as Ice's rating: 1785 &rarr; <strong>1754</strong><br />(-31 for losing)
|l|☆C0ld as Ice
|l|☆Pikachu_2320
|j|☆Pikachu_2320
|player|p1|Pikachu_2320|colress
