|j|☆default0
|j|☆reilaforfun
|inactive|Battle timer is ON: inactive players will automatically lose when time's up.
|t:|1669430910
|gametype|singles
|player|p1|default0|skierf-gen4dp|
|player|p2|reilaforfun|red-masters|
|teamsize|p1|6
|teamsize|p2|6
|gen|8
|tier|[Gen 8] National Dex AG
|rated|Tournament battle
|rule|HP Percentage Mod: HP is shown in percentages
|rule|Endless Battle Clause: Forcing endless battles is banned
|rule|OHKO Clause: OHKO moves are banned
|rule|Evasion Moves Clause: Evasion moves are banned
|rule|Species Clause: Limit one of each Pokémon
|rule|Dynamax Clause: You cannot dynamax
|rule|Sleep Clause Mod: Limit one foe put to sleep
|clearpoke
|poke|p1|Tyranitar-Mega, M|
|poke|p1|Xerneas-*|
|poke|p1|Rayquaza-Mega|
|poke|p1|Necrozma-Dusk-Mane|
|poke|p1|Kyogre-Primal|
|poke|p1|Groudon-Primal|
|poke|p2|Gengar, M|
|poke|p2|Calyrex-Shadow|
|poke|p2|Marshadow|
|poke|p2|Kyogre-Primal|
|poke|p2|Urshifu-*, M|
|poke|p2|Grimmsnarl, M|
|teampreview
|j|*Lady Monita ☽
|inactive|default0 has 120 seconds left.
|inactive|reilaforfun also wants the timer to be on.
|
|t:|1669430962
|start
|switch|p1a: Xerneas|Xerneas|100/100
|switch|p2a: Gengar|Gengar, M|100/100
|-ability|p1a: Xerneas|Fairy Aura
|turn|1
|
|t:|1669430973
|switch|p1a: Tyranitar|Tyranitar-Mega, M|100/100
|-weather|Sandstorm|[from] ability: Sand Stream|[of] p1a: Tyranitar
|move|p2a: Gengar|Hypnosis|p1a: Tyranitar
|-status|p1a: Tyranitar|slp|[from] move: Hypnosis
|
|-weather|Sandstorm|[upkeep]
|-damage|p2a: Gengar|94/100|[from] Sandstorm
|upkeep
|turn|2
|
|t:|1669430995
|move|p2a: Gengar|Focus Blast|p1a: Tyranitar|[miss]
|-miss|p2a: Gengar|p1a: Tyranitar
|cant|p1a: Tyranitar|slp
|
|-weather|Sandstorm|[upkeep]
|-damage|p2a: Gengar|88/100|[from] Sandstorm
|upkeep
|turn|3
|
|t:|1669431004
|move|p2a: Gengar|Focus Blast|p1a: Tyranitar
|-supereffective|p1a: Tyranitar
|-damage|p1a: Tyranitar|13/100 slp
|cant|p1a: Tyranitar|slp
|
|-weather|Sandstorm|[upkeep]
|-damage|p2a: Gengar|82/100|[from] Sandstorm
|-heal|p1a: Tyranitar|20/100 slp|[from] item: Leftovers
|upkeep
|turn|4
|
|t:|1669431015
|move|p2a: Gengar|Hex|p1a: Tyranitar
|-resisted|p1a: Tyranitar
|-damage|p1a: Tyranitar|0 fnt
|faint|p1a: Tyranitar
|
|-weather|Sandstorm|[upkeep]
|-damage|p2a: Gengar|76/100|[from] Sandstorm
|upkeep
|
|t:|1669431018
|switch|p1a: Kyogre|Kyogre-Primal|100/100
|-weather|PrimordialSea|[from] ability: Primordial Sea|[of] p1a: Kyogre
|turn|5
|
|t:|1669431027
|move|p1a: Kyogre|Water Spout|p2a: Gengar
|-damage|p2a: Gengar|0 fnt
|faint|p2a: Gengar
|
|-weather|PrimordialSea|[upkeep]
|upkeep
|
|t:|1669431033
|switch|p2a: Grimmsnarl|Grimmsnarl, M|100/100
|turn|6
|
|t:|1669431039
|-weather|none
|switch|p1a: Xerneas|Xerneas|100/100
|-ability|p1a: Xerneas|Fairy Aura
|move|p2a: Grimmsnarl|Thunder Wave|p1a: Xerneas
|-status|p1a: Xerneas|par
|
|upkeep
|turn|7
|
|t:|1669431050
|move|p2a: Grimmsnarl|Spirit Break|p1a: Xerneas
|-damage|p1a: Xerneas|73/100 par
|-unboost|p1a: Xerneas|spa|1
|move|p1a: Xerneas|Moonblast|p2a: Grimmsnarl
|-supereffective|p2a: Grimmsnarl
|-damage|p2a: Grimmsnarl|22/100
|
|-heal|p1a: Xerneas|79/100 par|[from] item: Leftovers
|upkeep
|turn|8
|
|t:|1669431065
|move|p2a: Grimmsnarl|Spirit Break|p1a: Xerneas
|-damage|p1a: Xerneas|51/100 par
|-unboost|p1a: Xerneas|spa|1
|move|p1a: Xerneas|Moonblast|p2a: Grimmsnarl
|-supereffective|p2a: Grimmsnarl
|-damage|p2a: Grimmsnarl|0 fnt
|faint|p2a: Grimmsnarl
|
|-heal|p1a: Xerneas|57/100 par|[from] item: Leftovers
|upkeep
|
|t:|1669431076
|switch|p2a: Calyrex|Calyrex-Shadow|100/100
|-ability|p2a: Calyrex|As One
|-ability|p2a: Calyrex|Unnerve
|turn|9
|
|t:|1669431091
|move|p2a: Calyrex|Astral Barrage|p1a: Xerneas
|-damage|p1a: Xerneas|9/100 par
|cant|p1a: Xerneas|par
|
|-heal|p1a: Xerneas|15/100 par|[from] item: Leftovers
|upkeep
|turn|10
|
|t:|1669431101
|move|p2a: Calyrex|Astral Barrage|p1a: Xerneas
|-damage|p1a: Xerneas|0 fnt
|faint|p1a: Xerneas
|-ability|p2a: Calyrex|Grim Neigh|boost
|-boost|p2a: Calyrex|spa|1
|
|upkeep
|
|t:|1669431105
|switch|p1a: Kyogre|Kyogre-Primal|100/100
|-weather|PrimordialSea|[from] ability: Primordial Sea|[of] p1a: Kyogre
|turn|11
|
|t:|1669431113
|move|p1a: Kyogre|Thunder|p2a: Calyrex
|-damage|p2a: Calyrex|48/100
|-status|p2a: Calyrex|par
|move|p2a: Calyrex|Giga Drain|p1a: Kyogre
|-supereffective|p1a: Kyogre
|-damage|p1a: Kyogre|34/100
|-heal|p2a: Calyrex|81/100 par|[from] drain|[of] p1a: Kyogre
|
|-weather|PrimordialSea|[upkeep]
|upkeep
|turn|12
|
|t:|1669431133
|move|p1a: Kyogre|Thunder|p2a: Calyrex
|-damage|p2a: Calyrex|29/100 par
|cant|p2a: Calyrex|par
|
|-weather|PrimordialSea|[upkeep]
|upkeep
|turn|13
|j| nighttwing
|
|t:|1669431140
|move|p1a: Kyogre|Thunder|p2a: Calyrex
|-damage|p2a: Calyrex|0 fnt
|faint|p2a: Calyrex
|
|-weather|PrimordialSea|[upkeep]
|upkeep
|
|t:|1669431146
|switch|p2a: Marshadow|Marshadow|100/100
|turn|14
|l| nighttwing
|
|t:|1669431154
|move|p1a: Kyogre|Thunder|p2a: Marshadow
|-crit|p2a: Marshadow
|-damage|p2a: Marshadow|26/100
|-enditem|p2a: Marshadow|Sitrus Berry|[eat]
|-heal|p2a: Marshadow|51/100|[from] item: Sitrus Berry
|move|p2a: Marshadow|Spectral Thief|p1a: Kyogre
|-damage|p1a: Kyogre|0 fnt
|faint|p1a: Kyogre
|-weather|none
|
|upkeep
|
|t:|1669431166
|switch|p1a: Necrozma|Necrozma-Dusk-Mane|100/100
|turn|15
|
|t:|1669431170
|move|p2a: Marshadow|Spectral Thief|p1a: Necrozma
|-supereffective|p1a: Necrozma
|-damage|p1a: Necrozma|62/100
|-damage|p2a: Marshadow|35/100|[from] item: Rocky Helmet|[of] p1a: Necrozma
|move|p1a: Necrozma|Stealth Rock|p2a: Marshadow
|-sidestart|p2: reilaforfun|move: Stealth Rock
|
|upkeep
|turn|16
|
|t:|1669431180
|move|p2a: Marshadow|Drain Punch|p1a: Necrozma
|-damage|p1a: Necrozma|41/100
|-heal|p2a: Marshadow|46/100|[from] drain|[of] p1a: Necrozma
|-damage|p2a: Marshadow|29/100|[from] item: Rocky Helmet|[of] p1a: Necrozma
|move|p1a: Necrozma|Morning Sun|p1a: Necrozma
|-heal|p1a: Necrozma|91/100
|
|upkeep
|turn|17
|
|t:|1669431190
|move|p2a: Marshadow|Spectral Thief|p1a: Necrozma
|-supereffective|p1a: Necrozma
|-damage|p1a: Necrozma|52/100
|-damage|p2a: Marshadow|12/100|[from] item: Rocky Helmet|[of] p1a: Necrozma
|move|p1a: Necrozma|Sunsteel Strike|p2a: Marshadow
|-damage|p2a: Marshadow|0 fnt
|faint|p2a: Marshadow
|
|upkeep
|
|t:|1669431202
|switch|p2a: Urshifu|Urshifu-Rapid-Strike, M|100/100
|-damage|p2a: Urshifu|94/100|[from] Stealth Rock
|turn|18
|
|t:|1669431208
|move|p2a: Urshifu|Surging Strikes|p1a: Necrozma
|-crit|p1a: Necrozma
|-damage|p1a: Necrozma|40/100
|-damage|p2a: Urshifu|78/100|[from] item: Rocky Helmet|[of] p1a: Necrozma
|-crit|p1a: Necrozma
|-damage|p1a: Necrozma|28/100
|-damage|p2a: Urshifu|61/100|[from] item: Rocky Helmet|[of] p1a: Necrozma
|-crit|p1a: Necrozma
|-damage|p1a: Necrozma|17/100
|-damage|p2a: Urshifu|44/100|[from] item: Rocky Helmet|[of] p1a: Necrozma
|-enditem|p2a: Urshifu|Sitrus Berry|[eat]
|-heal|p2a: Urshifu|69/100|[from] item: Sitrus Berry
|-hitcount|p1a: Necrozma|3
|move|p1a: Necrozma|Sunsteel Strike|p2a: Urshifu
|-resisted|p2a: Urshifu
|-damage|p2a: Urshifu|44/100
|
|upkeep
|turn|19
|
|t:|1669431226
|move|p2a: Urshifu|Close Combat|p1a: Necrozma
|-damage|p1a: Necrozma|0 fnt
|-unboost|p2a: Urshifu|def|1
|-unboost|p2a: Urshifu|spd|1
|-damage|p2a: Urshifu|27/100|[from] item: Rocky Helmet|[of] p1a: Necrozma
|faint|p1a: Necrozma
|
|upkeep
|
|t:|1669431229
|switch|p1a: Rayquaza|Rayquaza-Mega|100/100
|-weather|DeltaStream|[from] ability: Delta Stream|[of] p1a: Rayquaza
|turn|20
|
|t:|1669431239
|move|p1a: Rayquaza|Extreme Speed|p2a: Urshifu
|-damage|p2a: Urshifu|0 fnt
|faint|p2a: Urshifu
|-damage|p1a: Rayquaza|91/100|[from] item: Life Orb
|
|-weather|DeltaStream|[upkeep]
|upkeep
|
|t:|1669431246
|switch|p2a: Kyogre|Kyogre-Primal|100/100
|-damage|p2a: Kyogre|88/100|[from] Stealth Rock
|-weather|PrimordialSea|[from] ability: Primordial Sea|[of] p2a: Kyogre
|turn|21
|j| TZ PS
|
|t:|1669431255
|switch|p1a: Groudon|Groudon-Primal|100/100
|-weather|DesolateLand|[from] ability: Desolate Land|[of] p1a: Groudon
|move|p2a: Kyogre|Ice Beam|p1a: Groudon
|-damage|p1a: Groudon|55/100
|
|-weather|DesolateLand|[upkeep]
|upkeep
|turn|22
|
|t:|1669431264
|move|p1a: Groudon|Fire Punch|p2a: Kyogre
|-resisted|p2a: Kyogre
|-damage|p2a: Kyogre|41/100
|move|p2a: Kyogre|Ice Beam|p1a: Groudon
|-damage|p1a: Groudon|17/100
|
|-weather|DesolateLand|[upkeep]
|upkeep
|turn|23
|
|t:|1669431271
|move|p1a: Groudon|Fire Punch|p2a: Kyogre
|-resisted|p2a: Kyogre
|-damage|p2a: Kyogre|0 fnt
|faint|p2a: Kyogre
|
|win|default0
|n|☆default0|default0
|n|☆reilaforfun|reilaforfun
|n|*Lady Monita ☽|ladymonita
|n| TZ PS|tzps
