|j|☆mardydu
|j|☆Blackstar152001
|t:|1665636226
|gametype|singles
|player|p1|mardydu|boarder|1758
|player|p2|Blackstar152001|blue-gen3two|1963
|teamsize|p1|6
|teamsize|p2|6
|gen|8
|tier|[Gen 8] National Dex AG
|rated|
|rule|HP Percentage Mod: HP is shown in percentages
|rule|Endless Battle Clause: Forcing endless battles is banned
|clearpoke
|poke|p1|Arceus-*|
|poke|p1|Calyrex-Shadow|
|poke|p1|Rayquaza|
|poke|p1|Regieleki|
|poke|p1|Smeargle, F|
|poke|p1|Skarmory, M|
|poke|p2|Lugia|
|poke|p2|Ditto|
|poke|p2|Arceus-*|
|poke|p2|Necrozma-Dusk-Mane|
|poke|p2|Zacian-*|
|poke|p2|Arceus-*|
|teampreview
|inactive|Battle timer is ON: inactive players will automatically lose when time's up. (requested by mardydu)
|inactive|Blackstar152001 also wants the timer to be on.
|
|t:|1665636254
|start
|switch|p1a: Skarmory|Skarmory, M|100/100
|switch|p2a: Ditto|Ditto, shiny|100/100
|-transform|p2a: Ditto|p1a: Skarmory|[from] ability: Imposter
|turn|1
|
|t:|1665636261
|switch|p1a: JumpingMan|Regieleki|100/100
|move|p2a: Ditto|Taunt|p1a: JumpingMan
|-start|p1a: JumpingMan|move: Taunt
|
|upkeep
|turn|2
|
|t:|1665636266
|switch|p1a: Skarmory|Skarmory, M|100/100
|switch|p2a: Arceus|Arceus-Fairy|100/100
|
|upkeep
|turn|3
|
|t:|1665636269
|move|p2a: Arceus|Stealth Rock|p1a: Skarmory
|-sidestart|p1: mardydu|move: Stealth Rock
|move|p1a: Skarmory|Stealth Rock|p2a: Arceus
|-sidestart|p2: Blackstar152001|move: Stealth Rock
|
|upkeep
|turn|4
|
|t:|1665636281
|switch|p2a: Ditto|Ditto, shiny|100/100
|-damage|p2a: Ditto|88/100|[from] Stealth Rock
|-transform|p2a: Ditto|p1a: Skarmory|[from] ability: Imposter
|move|p1a: Skarmory|Whirlwind|p2a: Ditto
|drag|p2a: Arceus|Arceus|100/100
|-damage|p2a: Arceus|88/100|[from] Stealth Rock
|
|upkeep
|turn|5
|
|t:|1665636287
|move|p2a: Arceus|Swords Dance|p2a: Arceus
|-boost|p2a: Arceus|atk|2
|move|p1a: Skarmory|Body Press|p2a: Arceus
|-supereffective|p2a: Arceus
|-damage|p2a: Arceus|46/100
|
|upkeep
|turn|6
|
|t:|1665636291
|move|p2a: Arceus|Recover|p2a: Arceus
|-heal|p2a: Arceus|96/100
|move|p1a: Skarmory|Body Press|p2a: Arceus
|-supereffective|p2a: Arceus
|-damage|p2a: Arceus|52/100
|
|upkeep
|turn|7
|
|t:|1665636297
|-start|p2a: Arceus|Dynamax|
|-heal|p2a: Arceus|52/100|[silent]
|move|p2a: Arceus|Max Phantasm|p1a: Skarmory
|-damage|p1a: Skarmory|52/100
|-unboost|p1a: Skarmory|def|1
|move|p1a: Skarmory|Body Press|p2a: Arceus
|-supereffective|p2a: Arceus
|-damage|p2a: Arceus|37/100
|
|upkeep
|turn|8
|
|t:|1665636300
|move|p2a: Arceus|Max Strike|p1a: Skarmory
|-resisted|p1a: Skarmory
|-damage|p1a: Skarmory|0 fnt
|faint|p1a: Skarmory
|
|upkeep
|
|t:|1665636304
|switch|p1a: JumpingMan|Regieleki|100/100
|-damage|p1a: JumpingMan|88/100|[from] Stealth Rock
|turn|9
|
|t:|1665636309
|move|p2a: Arceus|Max Guard|p2a: Arceus
|-singleturn|p2a: Arceus|Max Guard
|move|p1a: JumpingMan|Rapid Spin|p2a: Arceus
|-activate|p2a: Arceus|move: Max Guard
|
|upkeep
|-end|p2a: Arceus|Dynamax
|-heal|p2a: Arceus|37/100|[silent]
|turn|10
|
|t:|1665636312
|move|p2a: Arceus|Extreme Speed|p1a: JumpingMan
|-damage|p1a: JumpingMan|0 fnt
|faint|p1a: JumpingMan
|
|upkeep
|
|t:|1665636320
|switch|p1a: Rayquaza|Rayquaza|100/100
|-damage|p1a: Rayquaza|76/100|[from] Stealth Rock
|-ability|p1a: Rayquaza|Air Lock
|turn|11
|
|t:|1665636323
|detailschange|p1a: Rayquaza|Rayquaza-Mega
|-mega|p1a: Rayquaza|Rayquaza|
|-weather|DeltaStream|[from] ability: Delta Stream|[of] p1a: Rayquaza
|move|p1a: Rayquaza|Extreme Speed|p2a: Arceus
|-damage|p2a: Arceus|5/100
|-damage|p1a: Rayquaza|66/100|[from] item: Life Orb
|move|p2a: Arceus|Extreme Speed|p1a: Rayquaza
|-damage|p1a: Rayquaza|0 fnt
|faint|p1a: Rayquaza
|-weather|none
|
|upkeep
|
|t:|1665636326
|switch|p1a: Arceus|Arceus|100/100
|-damage|p1a: Arceus|88/100|[from] Stealth Rock
|turn|12
|
|t:|1665636331
|move|p2a: Arceus|Extreme Speed|p1a: Arceus
|-damage|p1a: Arceus|18/100
|move|p1a: Arceus|Earth Power|p2a: Arceus
|-damage|p2a: Arceus|0 fnt
|faint|p2a: Arceus
|
|upkeep
|
|t:|1665636341
|switch|p2a: Zacian|Zacian-Crowned, shiny|100/100
|-damage|p2a: Zacian|94/100|[from] Stealth Rock
|-ability|p2a: Zacian|Intrepid Sword|boost
|-boost|p2a: Zacian|atk|1
|turn|13
|
|t:|1665636344
|move|p1a: Arceus|Earth Power|p2a: Zacian
|-supereffective|p2a: Zacian
|-damage|p2a: Zacian|35/100
|move|p2a: Zacian|Behemoth Blade|p1a: Arceus
|-damage|p1a: Arceus|0 fnt
|faint|p1a: Arceus
|
|upkeep
|
|t:|1665636352
|switch|p1a: Smeargle|Smeargle, F|100/100
|-damage|p1a: Smeargle|88/100|[from] Stealth Rock
|turn|14
|
|t:|1665636361
|move|p2a: Zacian|Behemoth Blade|p1a: Smeargle
|-damage|p1a: Smeargle|0 fnt
|faint|p1a: Smeargle
|
|upkeep
|
|t:|1665636362
|switch|p1a: Horse in cali|Calyrex-Shadow|100/100
|-ability|p1a: Horse in cali|As One
|-ability|p1a: Horse in cali|Unnerve
|-damage|p1a: Horse in cali|88/100|[from] Stealth Rock
|turn|15
|
|t:|1665636373
|switch|p2a: Arceus|Arceus-Fairy|100/100
|-damage|p2a: Arceus|88/100|[from] Stealth Rock
|move|p1a: Horse in cali|Draining Kiss|p2a: Arceus
|-damage|p2a: Arceus|78/100
|-heal|p1a: Horse in cali|98/100|[from] drain|[of] p2a: Arceus
|
|upkeep
|turn|16
|
|t:|1665636383
|move|p1a: Horse in cali|Draining Kiss|p2a: Arceus
|-damage|p2a: Arceus|67/100
|-heal|p1a: Horse in cali|100/100|[from] drain|[of] p2a: Arceus
|move|p2a: Arceus|Judgment|p1a: Horse in cali
|-damage|p1a: Horse in cali|53/100
|
|upkeep
|turn|17
|
|t:|1665636386
|move|p1a: Horse in cali|Draining Kiss|p2a: Arceus
|-damage|p2a: Arceus|57/100
|-heal|p1a: Horse in cali|62/100|[from] drain|[of] p2a: Arceus
|move|p2a: Arceus|Judgment|p1a: Horse in cali
|-damage|p1a: Horse in cali|11/100
|
|upkeep
|turn|18
|
|t:|1665636389
|move|p1a: Horse in cali|Draining Kiss|p2a: Arceus
|-damage|p2a: Arceus|48/100
|-heal|p1a: Horse in cali|20/100|[from] drain|[of] p2a: Arceus
|move|p2a: Arceus|Judgment|p1a: Horse in cali
|-damage|p1a: Horse in cali|0 fnt
|faint|p1a: Horse in cali
|
|win|Blackstar152001
|raw|mardydu's rating: 1758 &rarr; <strong>1749</strong><br />(-9 for losing)
|raw|Blackstar152001's rating: 1963 &rarr; <strong>1972</strong><br />(+9 for winning)
|l|☆mardydu
