|j|☆Dark Umbreon 08
|j|☆thicsucttv
|t:|1660573012
|gametype|singles
|player|p1|Dark Umbreon 08|acetrainersnowf|1286
|player|p2|thicsucttv|101|1380
|teamsize|p1|6
|teamsize|p2|6
|gen|8
|tier|[Gen 8] National Dex AG
|rated|
|rule|HP Percentage Mod: HP is shown in percentages
|rule|Endless Battle Clause: Forcing endless battles is banned
|clearpoke
|poke|p1|Smeargle, F|
|poke|p1|Omastar, M|
|poke|p1|Mew|
|poke|p1|Corsola-Galar, F|
|poke|p1|Quagsire, M|
|poke|p1|Blissey, F|
|poke|p2|Smeargle, F|
|poke|p2|Marshadow|
|poke|p2|Ninjask, M|
|poke|p2|Nidoking, M|
|poke|p2|Ditto|
|poke|p2|Lucario, M|
|teampreview
|inactive|Battle timer is ON: inactive players will automatically lose when time's up. (requested by Dark Umbreon 08)
|
|t:|1660573041
|start
|switch|p1a: Smeargle|Smeargle, F|100/100
|switch|p2a: Smeargle|Smeargle, F|100/100
|turn|1
|
|t:|1660573048
|move|p1a: Smeargle|Substitute|p1a: Smeargle
|-start|p1a: Smeargle|Substitute
|-damage|p1a: Smeargle|76/100
|move|p2a: Smeargle|Spore||[still]
|-fail|p2a: Smeargle
|
|-heal|p1a: Smeargle|82/100|[from] item: Leftovers
|-ability|p1a: Smeargle|Moody|boost
|-boost|p1a: Smeargle|atk|2
|-unboost|p1a: Smeargle|spd|1
|-ability|p2a: Smeargle|Moody|boost
|-boost|p2a: Smeargle|spe|2
|-unboost|p2a: Smeargle|spd|1
|upkeep
|turn|2
|
|t:|1660573061
|move|p2a: Smeargle|Stealth Rock|p1a: Smeargle
|-sidestart|p1: Dark Umbreon 08|move: Stealth Rock
|move|p1a: Smeargle|Shell Smash|p1a: Smeargle
|-unboost|p1a: Smeargle|def|1
|-unboost|p1a: Smeargle|spd|1
|-boost|p1a: Smeargle|atk|2
|-boost|p1a: Smeargle|spa|2
|-boost|p1a: Smeargle|spe|2
|
|-heal|p1a: Smeargle|88/100|[from] item: Leftovers
|-ability|p2a: Smeargle|Moody|boost
|-boost|p2a: Smeargle|spd|2
|-unboost|p2a: Smeargle|spa|1
|-ability|p1a: Smeargle|Moody|boost
|-boost|p1a: Smeargle|spa|2
|-unboost|p1a: Smeargle|spe|1
|upkeep
|turn|3
|
|t:|1660573076
|move|p2a: Smeargle|Sticky Web|p1a: Smeargle
|-sidestart|p1: Dark Umbreon 08|move: Sticky Web
|move|p1a: Smeargle|Spore|p2a: Smeargle
|-status|p2a: Smeargle|slp|[from] move: Spore
|
|-heal|p1a: Smeargle|94/100|[from] item: Leftovers
|-ability|p2a: Smeargle|Moody|boost
|-boost|p2a: Smeargle|atk|2
|-unboost|p2a: Smeargle|spd|1
|-ability|p1a: Smeargle|Moody|boost
|-boost|p1a: Smeargle|def|2
|-unboost|p1a: Smeargle|spa|1
|upkeep
|turn|4
|
|t:|1660573090
|cant|p2a: Smeargle|slp
|move|p1a: Smeargle|Shell Smash|p1a: Smeargle
|-unboost|p1a: Smeargle|def|1
|-unboost|p1a: Smeargle|spd|1
|-boost|p1a: Smeargle|atk|2
|-boost|p1a: Smeargle|spa|2
|-boost|p1a: Smeargle|spe|2
|
|-heal|p1a: Smeargle|99/100|[from] item: Leftovers
|-ability|p1a: Smeargle|Moody|boost
|-boost|p1a: Smeargle|spa|1
|-unboost|p1a: Smeargle|atk|1
|-ability|p2a: Smeargle|Moody|boost
|-boost|p2a: Smeargle|spa|2
|-unboost|p2a: Smeargle|atk|1
|upkeep
|turn|5
|
|t:|1660573106
|move|p1a: Smeargle|Shell Smash|p1a: Smeargle
|-unboost|p1a: Smeargle|def|1
|-unboost|p1a: Smeargle|spd|1
|-boost|p1a: Smeargle|atk|1
|-boost|p1a: Smeargle|spa|0
|-boost|p1a: Smeargle|spe|2
|cant|p2a: Smeargle|slp
|
|-heal|p1a: Smeargle|100/100|[from] item: Leftovers
|-ability|p1a: Smeargle|Moody|boost
|-boost|p1a: Smeargle|def|2
|-unboost|p1a: Smeargle|spe|1
|-ability|p2a: Smeargle|Moody|boost
|-boost|p2a: Smeargle|spa|2
|-unboost|p2a: Smeargle|def|1
|upkeep
|turn|6
|
|t:|1660573122
|move|p1a: Smeargle|Power Trip|p2a: Smeargle
|-enditem|p2a: Smeargle|Focus Sash
|-damage|p2a: Smeargle|1/100 slp
|-curestatus|p2a: Smeargle|slp|[msg]
|move|p2a: Smeargle|Rapid Spin|p1a: Smeargle
|-activate|p1a: Smeargle|move: Substitute|[damage]
|-boost|p2a: Smeargle|spe|1
|
|-ability|p1a: Smeargle|Moody|boost
|-boost|p1a: Smeargle|spe|2
|-unboost|p1a: Smeargle|spd|1
|-ability|p2a: Smeargle|Moody|boost
|-boost|p2a: Smeargle|spe|2
|-unboost|p2a: Smeargle|atk|1
|upkeep
|turn|7
|inactive|thicsucttv has 120 seconds left.
|
|t:|1660573138
|move|p1a: Smeargle|Power Trip|p2a: Smeargle
|-damage|p2a: Smeargle|0 fnt
|faint|p2a: Smeargle
|
|-ability|p1a: Smeargle|Moody|boost
|-boost|p1a: Smeargle|def|2
|-unboost|p1a: Smeargle|atk|1
|upkeep
|inactive|thicsucttv has 120 seconds left.
|
|t:|1660573155
|switch|p2a: Marshadow|Marshadow|100/100
|turn|8
|
|t:|1660573160
|move|p1a: Smeargle|Spore|p2a: Marshadow
|-status|p2a: Marshadow|slp|[from] move: Spore
|cant|p2a: Marshadow|slp
|
|-ability|p1a: Smeargle|Moody|boost
|-boost|p1a: Smeargle|atk|1
|-unboost|p1a: Smeargle|spd|1
|upkeep
|turn|9
|inactive|thicsucttv has 120 seconds left.
|
|t:|1660573170
|move|p1a: Smeargle|Power Trip|p2a: Marshadow
|-enditem|p2a: Marshadow|Focus Sash
|-damage|p2a: Marshadow|1/100 slp
|cant|p2a: Marshadow|slp
|
|-ability|p1a: Smeargle|Moody|boost
|-boost|p1a: Smeargle|spd|2
|-unboost|p1a: Smeargle|spe|1
|upkeep
|turn|10
|inactive|thicsucttv has 120 seconds left.
|
|t:|1660573181
|move|p1a: Smeargle|Power Trip|p2a: Marshadow
|-damage|p2a: Marshadow|0 fnt
|faint|p2a: Marshadow
|
|-ability|p1a: Smeargle|Moody|boost
|-boost|p1a: Smeargle|def|2
|-unboost|p1a: Smeargle|spe|1
|upkeep
|inactive|thicsucttv has 120 seconds left.
|
|t:|1660573191
|switch|p2a: Lucario|Lucario, M|100/100
|turn|11
|
|t:|1660573197
|detailschange|p2a: Lucario|Lucario-Mega, M
|-mega|p2a: Lucario|Lucario|Lucarionite
|move|p2a: Lucario|Bullet Punch|p1a: Smeargle
|-end|p1a: Smeargle|Substitute
|move|p1a: Smeargle|Spore|p2a: Lucario
|-status|p2a: Lucario|slp|[from] move: Spore
|
|-ability|p1a: Smeargle|Moody|boost
|-boost|p1a: Smeargle|spe|2
|-unboost|p1a: Smeargle|spd|1
|upkeep
|turn|12
|
|t:|1660573208
|switch|p1a: Corsola|Corsola-Galar, F|100/100
|-damage|p1a: Corsola|88/100|[from] Stealth Rock
|-activate|p1a: Corsola|move: Sticky Web
|-unboost|p1a: Corsola|spe|1
|switch|p2a: Ditto|Ditto|100/100
|-transform|p2a: Ditto|p1a: Corsola|[from] ability: Imposter
|
|upkeep
|turn|13
|
|t:|1660573222
|move|p2a: Ditto|Will-O-Wisp|p1a: Corsola
|-status|p1a: Corsola|brn
|move|p1a: Corsola|Will-O-Wisp|p2a: Ditto
|-status|p2a: Ditto|brn
|
|-damage|p2a: Ditto|95/100 brn|[from] brn
|-damage|p1a: Corsola|82/100 brn|[from] brn
|upkeep
|turn|14
|
|t:|1660573233
|switch|p2a: Ninjask|Ninjask, M|100/100
|move|p1a: Corsola|Strength Sap|p2a: Ninjask
|-unboost|p2a: Ninjask|atk|1
|-heal|p1a: Corsola|100/100 brn
|
|-damage|p1a: Corsola|94/100 brn|[from] brn
|upkeep
|turn|15
|
|t:|1660573243
|move|p2a: Ninjask|Protect|p2a: Ninjask
|-singleturn|p2a: Ninjask|Protect
|move|p1a: Corsola|Will-O-Wisp|p2a: Ninjask
|-activate|p2a: Ninjask|move: Protect
|
|-damage|p1a: Corsola|88/100 brn|[from] brn
|-ability|p2a: Ninjask|Speed Boost|boost
|-boost|p2a: Ninjask|spe|1
|upkeep
|turn|16
|
|t:|1660573253
|move|p2a: Ninjask|Substitute|p2a: Ninjask
|-start|p2a: Ninjask|Substitute
|-damage|p2a: Ninjask|76/100
|move|p1a: Corsola|Will-O-Wisp|p2a: Ninjask|[miss]
|-miss|p1a: Corsola|p2a: Ninjask
|
|-damage|p1a: Corsola|82/100 brn|[from] brn
|-ability|p2a: Ninjask|Speed Boost|boost
|-boost|p2a: Ninjask|spe|1
|upkeep
|turn|17
|
|t:|1660573264
|move|p2a: Ninjask|Swords Dance|p2a: Ninjask
|-boost|p2a: Ninjask|atk|2
|move|p1a: Corsola|Haze|p1a: Corsola
|-clearallboost
|
|-damage|p1a: Corsola|76/100 brn|[from] brn
|-ability|p2a: Ninjask|Speed Boost|boost
|-boost|p2a: Ninjask|spe|1
|upkeep
|turn|18
|
|t:|1660573274
|move|p2a: Ninjask|Swords Dance|p2a: Ninjask
|-boost|p2a: Ninjask|atk|2
|move|p1a: Corsola|Haze|p1a: Corsola
|-clearallboost
|
|-damage|p1a: Corsola|70/100 brn|[from] brn
|-ability|p2a: Ninjask|Speed Boost|boost
|-boost|p2a: Ninjask|spe|1
|upkeep
|turn|19
|
|t:|1660573286
|move|p2a: Ninjask|Protect|p2a: Ninjask
|-singleturn|p2a: Ninjask|Protect
|move|p1a: Corsola|Strength Sap|p2a: Ninjask
|-activate|p2a: Ninjask|move: Protect
|
|-damage|p1a: Corsola|63/100 brn|[from] brn
|-ability|p2a: Ninjask|Speed Boost|boost
|-boost|p2a: Ninjask|spe|1
|upkeep
|turn|20
|
|t:|1660573296
|move|p2a: Ninjask|Swords Dance|p2a: Ninjask
|-boost|p2a: Ninjask|atk|2
|move|p1a: Corsola|Strength Sap||[still]
|-fail|p1a: Corsola
|
|-damage|p1a: Corsola|57/100 brn|[from] brn
|-ability|p2a: Ninjask|Speed Boost|boost
|-boost|p2a: Ninjask|spe|1
|upkeep
|turn|21
|
|t:|1660573307
|move|p2a: Ninjask|Protect|p2a: Ninjask
|-singleturn|p2a: Ninjask|Protect
|move|p1a: Corsola|Haze|p1a: Corsola
|-clearallboost
|
|-damage|p1a: Corsola|51/100 brn|[from] brn
|-ability|p2a: Ninjask|Speed Boost|boost
|-boost|p2a: Ninjask|spe|1
|upkeep
|turn|22
|
|t:|1660573318
|move|p2a: Ninjask|Substitute|p2a: Ninjask
|-fail|p2a: Ninjask|move: Substitute
|move|p1a: Corsola|Night Shade|p2a: Ninjask
|-end|p2a: Ninjask|Substitute
|
|-damage|p1a: Corsola|45/100 brn|[from] brn
|-ability|p2a: Ninjask|Speed Boost|boost
|-boost|p2a: Ninjask|spe|1
|upkeep
|turn|23
|
|t:|1660573327
|move|p2a: Ninjask|Substitute|p2a: Ninjask
|-start|p2a: Ninjask|Substitute
|-damage|p2a: Ninjask|51/100
|move|p1a: Corsola|Haze|p1a: Corsola
|-clearallboost
|
|-damage|p1a: Corsola|39/100 brn|[from] brn
|-ability|p2a: Ninjask|Speed Boost|boost
|-boost|p2a: Ninjask|spe|1
|upkeep
|turn|24
|
|t:|1660573353
|switch|p1a: Quagsire|Quagsire, M|100/100
|-damage|p1a: Quagsire|94/100|[from] Stealth Rock
|-activate|p1a: Quagsire|move: Sticky Web
|-unboost|p1a: Quagsire|spe|1
|move|p2a: Ninjask|Substitute|p2a: Ninjask
|-fail|p2a: Ninjask|move: Substitute
|
|-heal|p1a: Quagsire|100/100|[from] item: Leftovers
|-ability|p2a: Ninjask|Speed Boost|boost
|-boost|p2a: Ninjask|spe|1
|upkeep
|turn|25
|
|t:|1660573365
|move|p2a: Ninjask|Swords Dance|p2a: Ninjask
|-boost|p2a: Ninjask|atk|2
|move|p1a: Quagsire|Curse|p1a: Quagsire
|-unboost|p1a: Quagsire|spe|1
|-boost|p1a: Quagsire|atk|1
|-boost|p1a: Quagsire|def|1
|
|-ability|p2a: Ninjask|Speed Boost|boost
|-boost|p2a: Ninjask|spe|1
|upkeep
|turn|26
|
|t:|1660573377
|switch|p1a: Omastar|Omastar, M|100/100
|-damage|p1a: Omastar|88/100|[from] Stealth Rock
|-activate|p1a: Omastar|move: Sticky Web
|-unboost|p1a: Omastar|spe|1
|move|p2a: Ninjask|Baton Pass|p2a: Ninjask
|
|t:|1660573386
|switch|p2a: Nidoking|Nidoking, M, shiny|100/100|[from]move: Baton Pass
|
|upkeep
|turn|27
|
|t:|1660573391
|switch|p2a: Lucario|Lucario-Mega, M|100/100 slp
|switch|p1a: Blissey|Blissey, F|100/100
|-damage|p1a: Blissey|88/100|[from] Stealth Rock
|-activate|p1a: Blissey|move: Sticky Web
|-unboost|p1a: Blissey|spe|1
|
|upkeep
|turn|28
|c|☆thicsucttv|What
|
|t:|1660573409
|cant|p2a: Lucario|slp
|move|p1a: Blissey|Calm Mind|p1a: Blissey
|-boost|p1a: Blissey|spa|1
|-boost|p1a: Blissey|spd|1
|
|upkeep
|turn|29
|
|t:|1660573417
|cant|p2a: Lucario|slp
|move|p1a: Blissey|Zap Cannon|p2a: Lucario
|-damage|p2a: Lucario|45/100 slp
|
|upkeep
|turn|30
|
|t:|1660573424
|-curestatus|p2a: Lucario|slp|[msg]
|move|p2a: Lucario|Close Combat|p1a: Blissey
|-supereffective|p1a: Blissey
|-damage|p1a: Blissey|0 fnt
|-unboost|p2a: Lucario|def|1
|-unboost|p2a: Lucario|spd|1
|faint|p1a: Blissey
|
|upkeep
|
|t:|1660573430
|switch|p1a: Mew|Mew|100/100
|-damage|p1a: Mew|88/100|[from] Stealth Rock
|-activate|p1a: Mew|move: Sticky Web
|-unboost|p1a: Mew|spe|1
|turn|31
|
|t:|1660573439
|-start|p1a: Mew|Dynamax|
|-heal|p1a: Mew|88/100|[silent]
|move|p2a: Lucario|Close Combat|p1a: Mew
|-resisted|p1a: Mew
|-damage|p1a: Mew|70/100
|-unboost|p2a: Lucario|def|1
|-unboost|p2a: Lucario|spd|1
|move|p1a: Mew|Max Knuckle|p2a: Lucario
|-supereffective|p2a: Lucario
|-damage|p2a: Lucario|0 fnt
|-boost|p1a: Mew|atk|1
|faint|p2a: Lucario
|
|upkeep
|
|t:|1660573455
|switch|p2a: Ninjask|Ninjask, M|51/100
|turn|32
|
|t:|1660573464
|move|p2a: Ninjask|Substitute|p2a: Ninjask
|-start|p2a: Ninjask|Substitute
|-damage|p2a: Ninjask|26/100
|move|p1a: Mew|Max Mindstorm|p2a: Ninjask
|-end|p2a: Ninjask|Substitute
|-fieldstart|move: Psychic Terrain
|
|-ability|p2a: Ninjask|Speed Boost|boost
|-boost|p2a: Ninjask|spe|1
|upkeep
|turn|33
|
|t:|1660573474
|move|p2a: Ninjask|Substitute|p2a: Ninjask
|-start|p2a: Ninjask|Substitute
|-damage|p2a: Ninjask|2/100
|-enditem|p2a: Ninjask|Liechi Berry|[eat]
|-boost|p2a: Ninjask|atk|1|[from] item: Liechi Berry
|move|p1a: Mew|Max Mindstorm|p2a: Ninjask
|-end|p2a: Ninjask|Substitute
|
|-ability|p2a: Ninjask|Speed Boost|boost
|-boost|p2a: Ninjask|spe|1
|upkeep
|-end|p1a: Mew|Dynamax
|-heal|p1a: Mew|71/100|[silent]
|turn|34
|
|t:|1660573491
|move|p2a: Ninjask|Protect|p2a: Ninjask
|-singleturn|p2a: Ninjask|Protect
|move|p1a: Mew|Cosmic Power|p1a: Mew
|-boost|p1a: Mew|def|1
|-boost|p1a: Mew|spd|1
|
|-ability|p2a: Ninjask|Speed Boost|boost
|-boost|p2a: Ninjask|spe|1
|upkeep
|turn|35
|
|t:|1660573500
|move|p2a: Ninjask|Protect||[still]
|-fail|p2a: Ninjask
|move|p1a: Mew|Stored Power|p2a: Ninjask
|-damage|p2a: Ninjask|0 fnt
|faint|p2a: Ninjask
|
|upkeep
|
|t:|1660573522
|switch|p2a: Ditto|Ditto|95/100 brn
|-transform|p2a: Ditto|p1a: Mew|[from] ability: Imposter
|turn|36
|inactive|thicsucttv has 120 seconds left.
|
|t:|1660573540
|move|p2a: Ditto|Stored Power|p1a: Mew
|-resisted|p1a: Mew
|-damage|p1a: Mew|61/100
|move|p1a: Mew|Roost|p1a: Mew
|-heal|p1a: Mew|100/100
|-singleturn|p1a: Mew|move: Roost
|
|-damage|p2a: Ditto|89/100 brn|[from] brn
|-fieldend|move: Psychic Terrain
|upkeep
|turn|37
|inactive|thicsucttv has 120 seconds left.
|
|t:|1660573553
|move|p2a: Ditto|Stored Power|p1a: Mew
|-resisted|p1a: Mew
|-damage|p1a: Mew|93/100
|move|p1a: Mew|Cosmic Power|p1a: Mew
|-boost|p1a: Mew|def|1
|-boost|p1a: Mew|spd|1
|
|-damage|p2a: Ditto|83/100 brn|[from] brn
|upkeep
|turn|38
|inactive|thicsucttv has 120 seconds left.
|
|t:|1660573566
|switch|p2a: Nidoking|Nidoking, M, shiny|100/100
|move|p1a: Mew|Cosmic Power|p1a: Mew
|-boost|p1a: Mew|def|1
|-boost|p1a: Mew|spd|1
|
|upkeep
|turn|39
|inactive|thicsucttv has 120 seconds left.
|
|t:|1660573579
|move|p2a: Nidoking|Sludge Bomb|p1a: Mew
|-damage|p1a: Mew|71/100
|move|p1a: Mew|Stored Power|p2a: Nidoking
|-supereffective|p2a: Nidoking
|-damage|p2a: Nidoking|0 fnt
|faint|p2a: Nidoking
|
|upkeep
|inactive|thicsucttv has 120 seconds left.
|-message|thicsucttv forfeited.
|
|win|Dark Umbreon 08
|raw|Dark Umbreon 08's rating: 1286 &rarr; <strong>1318</strong><br />(+32 for winning)
|raw|thicsucttv's rating: 1380 &rarr; <strong>1355</strong><br />(-25 for losing)
|l|☆thicsucttv
||Ladder isn't responding, score probably updated but might not have (Request timeout).
