|j|☆GG_nO0Bb
|j|☆soda49
|t:|1641518011
|gametype|singles
|player|p1|GG_nO0Bb|pokemonbreederf|1569
|player|p2|soda49|101|1678
|teamsize|p1|6
|teamsize|p2|6
|gen|8
|tier|[Gen 8] National Dex AG
|rated|
|rule|HP Percentage Mod: HP is shown in percentages
|rule|Endless Battle Clause: Forcing endless battles is banned
|clearpoke
|poke|p1|Arceus-*|
|poke|p1|Hoopa-Unbound|
|poke|p1|Espeon, F|
|poke|p1|Greninja, M|
|poke|p1|Corviknight, F|
|poke|p1|Ditto|
|poke|p2|Smeargle, M|
|poke|p2|Charizard, M|
|poke|p2|Mimikyu, M|
|poke|p2|Calyrex-Shadow|
|poke|p2|Forretress, M|
|poke|p2|Rayquaza|
|teampreview
|inactive|Battle timer is ON: inactive players will automatically lose when time's up. (requested by soda49)
|
|t:|1641518019
|start
|switch|p1a: Greninja|Greninja, M|100/100
|switch|p2a: Charizard|Charizard, M|100/100
|turn|1
|
|t:|1641518024
|-start|p2a: Charizard|Dynamax
|-formechange|p2a: Charizard|Charizard-Gmax
|-heal|p2a: Charizard|100/100|[silent]
|move|p1a: Greninja|Surf|p2a: Charizard
|-supereffective|p2a: Charizard
|-damage|p2a: Charizard|24/100
|move|p2a: Charizard|Max Airstream|p1a: Greninja
|-damage|p1a: Greninja|4/100
|-boost|p2a: Charizard|spe|1
|
|upkeep
|turn|2
|
|t:|1641518048
|move|p2a: Charizard|G-Max Wildfire|p1a: Greninja
|-resisted|p1a: Greninja
|-damage|p1a: Greninja|0 fnt
|-sidestart|p1: GG_nO0Bb|G-Max Wildfire
|faint|p1a: Greninja
|
|upkeep
|
|t:|1641518051
|switch|p1a: Ditto|Ditto|100/100
|-transform|p1a: Ditto|p2a: Charizard|[from] ability: Imposter
|turn|3
|
|t:|1641518069
|switch|p1a: Corviknight|Corviknight, F|100/100
|-ability|p1a: Corviknight|Pressure
|move|p2a: Charizard|Max Airstream|p1a: Corviknight
|-resisted|p1a: Corviknight
|-damage|p1a: Corviknight|75/100
|-boost|p2a: Charizard|spe|1
|
|-damage|p1a: Corviknight|58/100|[from] G-Max Wildfire
|-heal|p1a: Corviknight|65/100|[from] item: Leftovers
|-end|p2a: Charizard|Dynamax
|-formechange|p2a: Charizard|Charizard
|-heal|p2a: Charizard|24/100|[silent]
|upkeep
|turn|4
|
|t:|1641518078
|switch|p1a: Ditto|Ditto|100/100
|-transform|p1a: Ditto|p2a: Charizard|[from] ability: Imposter
|move|p2a: Charizard|Air Slash|p1a: Ditto
|-damage|p1a: Ditto|53/100
|
|upkeep
|turn|5
|
|t:|1641518085
|move|p1a: Ditto|Air Slash|p2a: Charizard
|-damage|p2a: Charizard|0 fnt
|faint|p2a: Charizard
|
|-sideend|p1: GG_nO0Bb|G-Max Wildfire
|upkeep
|
|t:|1641518102
|switch|p2a: Rayquaza|Rayquaza|100/100
|-ability|p2a: Rayquaza|Air Lock
|turn|6
|
|t:|1641518119
|switch|p1a: Arceus|Arceus-Fairy|100/100
|detailschange|p2a: Rayquaza|Rayquaza-Mega
|-mega|p2a: Rayquaza|Rayquaza|
|-weather|DeltaStream|[from] ability: Delta Stream|[of] p2a: Rayquaza
|move|p2a: Rayquaza|Scale Shot|p1a: Arceus
|-immune|p1a: Arceus
|
|-weather|DeltaStream|[upkeep]
|upkeep
|turn|7
|
|t:|1641518125
|-weather|none
|switch|p2a: Forretress|Forretress, M|100/100
|move|p1a: Arceus|Stealth Rock|p2a: Forretress
|-sidestart|p2: soda49|move: Stealth Rock
|
|upkeep
|turn|8
|
|t:|1641518131
|switch|p1a: Espeon|Espeon, F|100/100
|move|p2a: Forretress|Stealth Rock|p1a: Espeon
|move|p1a: Espeon|Stealth Rock||[from]ability: Magic Bounce|[still]
|-fail|p1a: Espeon
|
|upkeep
|turn|9
|
|t:|1641518135
|move|p1a: Espeon|Calm Mind|p1a: Espeon
|-boost|p1a: Espeon|spa|1
|-boost|p1a: Espeon|spd|1
|move|p2a: Forretress|Gyro Ball|p1a: Espeon
|-damage|p1a: Espeon|29/100
|
|-heal|p1a: Espeon|34/100|[from] item: Leftovers
|upkeep
|turn|10
|
|t:|1641518150
|switch|p1a: Corviknight|Corviknight, F|65/100
|-ability|p1a: Corviknight|Pressure
|move|p2a: Forretress|Gyro Ball|p1a: Corviknight
|-resisted|p1a: Corviknight
|-crit|p1a: Corviknight
|-damage|p1a: Corviknight|52/100
|
|-heal|p1a: Corviknight|58/100|[from] item: Leftovers
|upkeep
|turn|11
|
|t:|1641518154
|move|p1a: Corviknight|Bulk Up|p1a: Corviknight
|-boost|p1a: Corviknight|atk|1
|-boost|p1a: Corviknight|def|1
|move|p2a: Forretress|Stealth Rock|p1a: Corviknight
|-sidestart|p1: GG_nO0Bb|move: Stealth Rock
|
|-heal|p1a: Corviknight|65/100|[from] item: Leftovers
|upkeep
|turn|12
|
|t:|1641518157
|move|p1a: Corviknight|Bulk Up|p1a: Corviknight
|-boost|p1a: Corviknight|atk|1
|-boost|p1a: Corviknight|def|1
|move|p2a: Forretress|Rapid Spin|p1a: Corviknight
|-resisted|p1a: Corviknight
|-damage|p1a: Corviknight|62/100
|-boost|p2a: Forretress|spe|1
|-sideend|p2: soda49|Stealth Rock|[from] move: Rapid Spin|[of] p2a: Forretress
|
|-heal|p1a: Corviknight|69/100|[from] item: Leftovers
|upkeep
|turn|13
|
|t:|1641518165
|switch|p2a: Mimikyu|Mimikyu, M|100/100
|-start|p1a: Corviknight|Dynamax
|-heal|p1a: Corviknight|69/100|[silent]
|move|p1a: Corviknight|Max Airstream|p2a: Mimikyu
|-activate|p2a: Mimikyu|ability: Disguise
|-damage|p2a: Mimikyu|100/100
|-boost|p1a: Corviknight|spe|1
|detailschange|p2a: Mimikyu|Mimikyu-Busted, M
|-damage|p2a: Mimikyu|88/100|[from] pokemon: Mimikyu-Busted
|
|-heal|p1a: Corviknight|72/100|[from] item: Leftovers
|upkeep
|turn|14
|
|t:|1641518176
|switch|p2a: Forretress|Forretress, M|100/100
|move|p1a: Corviknight|Max Airstream|p2a: Forretress
|-damage|p2a: Forretress|56/100
|-boost|p1a: Corviknight|spe|1
|
|-heal|p1a: Corviknight|75/100|[from] item: Leftovers
|upkeep
|turn|15
|
|t:|1641518180
|move|p1a: Corviknight|Max Airstream|p2a: Forretress
|-damage|p2a: Forretress|9/100
|-boost|p1a: Corviknight|spe|1
|move|p2a: Forretress|String Shot|p1a: Corviknight
|-unboost|p1a: Corviknight|spe|2
|
|-heal|p1a: Corviknight|78/100|[from] item: Leftovers
|-end|p1a: Corviknight|Dynamax
|-heal|p1a: Corviknight|78/100|[silent]
|upkeep
|turn|16
|
|t:|1641518208
|move|p1a: Corviknight|Power Trip|p2a: Forretress
|-damage|p2a: Forretress|0 fnt
|faint|p2a: Forretress
|
|-heal|p1a: Corviknight|84/100|[from] item: Leftovers
|upkeep
|
|t:|1641518216
|switch|p2a: Calyrex|Calyrex-Shadow|100/100
|-ability|p2a: Calyrex|As One
|-ability|p2a: Calyrex|Unnerve
|turn|17
|
|t:|1641518221
|move|p2a: Calyrex|Astral Barrage|p1a: Corviknight
|-damage|p1a: Corviknight|34/100
|move|p1a: Corviknight|Power Trip|p2a: Calyrex
|-supereffective|p2a: Calyrex
|-enditem|p2a: Calyrex|Focus Sash
|-damage|p2a: Calyrex|1/100
|
|-heal|p1a: Corviknight|40/100|[from] item: Leftovers
|upkeep
|turn|18
|
|t:|1641518242
|switch|p1a: Hoopa|Hoopa-Unbound|100/100
|-damage|p1a: Hoopa|88/100|[from] Stealth Rock
|move|p2a: Calyrex|Astral Barrage|p1a: Hoopa
|-damage|p1a: Hoopa|52/100
|
|upkeep
|turn|19
|
|t:|1641518248
|move|p2a: Calyrex|Nasty Plot|p2a: Calyrex
|-boost|p2a: Calyrex|spa|2
|move|p1a: Hoopa|Hyperspace Fury|p2a: Calyrex
|-supereffective|p2a: Calyrex
|-damage|p2a: Calyrex|0 fnt
|-unboost|p1a: Hoopa|def|1
|faint|p2a: Calyrex
|
|upkeep
|
|t:|1641518253
|switch|p2a: Rayquaza|Rayquaza-Mega|100/100
|-weather|DeltaStream|[from] ability: Delta Stream|[of] p2a: Rayquaza
|turn|20
|
|t:|1641518261
|move|p2a: Rayquaza|Dragon Ascent|p1a: Hoopa
|-damage|p1a: Hoopa|0 fnt
|-unboost|p2a: Rayquaza|def|1
|-unboost|p2a: Rayquaza|spd|1
|faint|p1a: Hoopa
|-damage|p2a: Rayquaza|91/100|[from] item: Life Orb
|
|-weather|DeltaStream|[upkeep]
|upkeep
|
|t:|1641518265
|switch|p1a: Arceus|Arceus-Fairy|100/100
|-damage|p1a: Arceus|88/100|[from] Stealth Rock
|turn|21
|
|t:|1641518269
|move|p2a: Rayquaza|Dragon Ascent|p1a: Arceus
|-damage|p1a: Arceus|41/100
|-unboost|p2a: Rayquaza|def|1
|-unboost|p2a: Rayquaza|spd|1
|-damage|p2a: Rayquaza|81/100|[from] item: Life Orb
|move|p1a: Arceus|Judgment|p2a: Rayquaza
|-supereffective|p2a: Rayquaza
|-damage|p2a: Rayquaza|0 fnt
|faint|p2a: Rayquaza
|-weather|none
|
|upkeep
|
|t:|1641518273
|switch|p2a: Mimikyu|Mimikyu-Busted, M|88/100
|turn|22
|
|t:|1641518276
|move|p1a: Arceus|Judgment|p2a: Mimikyu
|-crit|p2a: Mimikyu
|-damage|p2a: Mimikyu|18/100
|move|p2a: Mimikyu|Trick Room|p2a: Mimikyu
|-fieldstart|move: Trick Room|[of] p2a: Mimikyu
|
|upkeep
|turn|23
|
|t:|1641518283
|move|p2a: Mimikyu|Curse|p1a: Arceus
|-start|p1a: Arceus|Curse|[of] p2a: Mimikyu
|-damage|p2a: Mimikyu|0 fnt
|faint|p2a: Mimikyu
|move|p1a: Arceus|Stealth Rock|p2: Mimikyu
|-sidestart|p2: soda49|move: Stealth Rock
|
|-damage|p1a: Arceus|16/100|[from] Curse
|upkeep
|
|t:|1641518286
|switch|p2a: The wobbler|Smeargle, M|100/100
|-damage|p2a: The wobbler|88/100|[from] Stealth Rock
|turn|24
|
|t:|1641518290
|switch|p1a: Espeon|Espeon, F|34/100
|-damage|p1a: Espeon|22/100|[from] Stealth Rock
|move|p2a: The wobbler|Substitute|p2a: The wobbler
|-start|p2a: The wobbler|Substitute
|-damage|p2a: The wobbler|63/100
|
|-heal|p2a: The wobbler|69/100|[from] item: Leftovers
|-heal|p1a: Espeon|28/100|[from] item: Leftovers
|-ability|p2a: The wobbler|Moody|boost
|-boost|p2a: The wobbler|def|2
|-unboost|p2a: The wobbler|spa|1
|upkeep
|turn|25
|
|t:|1641518302
|move|p2a: The wobbler|Power Trip|p1a: Espeon
|-supereffective|p1a: Espeon
|-damage|p1a: Espeon|0 fnt
|faint|p1a: Espeon
|
|-heal|p2a: The wobbler|75/100|[from] item: Leftovers
|-ability|p2a: The wobbler|Moody|boost
|-boost|p2a: The wobbler|atk|2
|-unboost|p2a: The wobbler|spa|1
|upkeep
|
|t:|1641518322
|switch|p1a: Corviknight|Corviknight, F|40/100
|-damage|p1a: Corviknight|28/100|[from] Stealth Rock
|-ability|p1a: Corviknight|Pressure
|turn|26
|
|t:|1641518327
|switch|p1a: Arceus|Arceus-Fairy|16/100
|-damage|p1a: Arceus|3/100|[from] Stealth Rock
|move|p2a: The wobbler|Spore|p1a: Arceus
|-status|p1a: Arceus|slp|[from] move: Spore
|
|-heal|p2a: The wobbler|81/100|[from] item: Leftovers
|-fieldend|move: Trick Room
|-ability|p2a: The wobbler|Moody|boost
|-boost|p2a: The wobbler|spa|2
|-unboost|p2a: The wobbler|def|1
|upkeep
|turn|27
|
|t:|1641518341
|cant|p1a: Arceus|slp
|move|p2a: The wobbler|Shell Smash|p2a: The wobbler
|-unboost|p2a: The wobbler|def|1
|-unboost|p2a: The wobbler|spd|1
|-boost|p2a: The wobbler|atk|2
|-boost|p2a: The wobbler|spa|2
|-boost|p2a: The wobbler|spe|2
|
|-heal|p2a: The wobbler|87/100|[from] item: Leftovers
|-ability|p2a: The wobbler|Moody|boost
|-boost|p2a: The wobbler|spd|2
|-unboost|p2a: The wobbler|spa|1
|upkeep
|turn|28
|
|t:|1641518347
|move|p2a: The wobbler|Power Trip|p1a: Arceus
|-resisted|p1a: Arceus
|-damage|p1a: Arceus|0 fnt
|faint|p1a: Arceus
|
|-heal|p2a: The wobbler|93/100|[from] item: Leftovers
|-ability|p2a: The wobbler|Moody|boost
|-boost|p2a: The wobbler|spe|2
|-unboost|p2a: The wobbler|def|1
|upkeep
|-message|GG_nO0Bb forfeited.
|
|win|soda49
|raw|GG_nO0Bb's rating: 1569 &rarr; <strong>1555</strong><br />(-14 for losing)
|raw|soda49's rating: 1678 &rarr; <strong>1692</strong><br />(+14 for winning)
|l|☆GG_nO0Bb
||Ladder isn't responding, score probably updated but might not have (Request timeout).
