|j|☆C0ld as Ic3
|j|☆Ballenorca
|t:|1654226123
|gametype|singles
|player|p1|C0ld as Ic3|schoolkid-gen4dp|1757
|player|p2|Ballenorca|gardenia|1611
|teamsize|p1|6
|teamsize|p2|6
|gen|8
|tier|[Gen 8] National Dex AG
|rated|
|rule|HP Percentage Mod: HP is shown in percentages
|rule|Endless Battle Clause: Forcing endless battles is banned
|clearpoke
|poke|p1|Necrozma-Dusk-Mane|
|poke|p1|Zygarde|
|poke|p1|Calyrex-Shadow|
|poke|p1|Marshadow|
|poke|p1|Xerneas-*|
|poke|p1|Skarmory, F|
|poke|p2|Rayquaza|
|poke|p2|Xerneas-*|
|poke|p2|Zacian-*|
|poke|p2|Marshadow|
|poke|p2|Arceus-*|
|poke|p2|Kyogre|
|teampreview
|inactive|Battle timer is ON: inactive players will automatically lose when time's up. (requested by C0ld as Ic3)
|
|t:|1654226153
|start
|switch|p1a: Skarmory|Skarmory, F|100/100
|switch|p2a: Arceus|Arceus|100/100
|turn|1
|c|☆Ballenorca|i really need to win this one
|
|t:|1654226163
|move|p2a: Arceus|Extreme Speed|p1a: Skarmory
|-resisted|p1a: Skarmory
|-damage|p1a: Skarmory|75/100
|-damage|p2a: Arceus|84/100|[from] item: Rocky Helmet|[of] p1a: Skarmory
|move|p1a: Skarmory|Spikes|p2a: Arceus
|-sidestart|p2: Ballenorca|Spikes
|
|upkeep
|turn|2
|
|t:|1654226167
|move|p2a: Arceus|Swords Dance|p2a: Arceus
|-boost|p2a: Arceus|atk|2
|move|p1a: Skarmory|Rock Tomb|p2a: Arceus
|-damage|p2a: Arceus|72/100
|-unboost|p2a: Arceus|spe|1
|
|upkeep
|turn|3
|
|t:|1654226170
|move|p1a: Skarmory|Spikes|p2a: Arceus
|-sidestart|p2: Ballenorca|Spikes
|move|p2a: Arceus|Swords Dance|p2a: Arceus
|-boost|p2a: Arceus|atk|2
|
|upkeep
|turn|4
|
|t:|1654226173
|move|p1a: Skarmory|Rock Tomb|p2a: Arceus
|-damage|p2a: Arceus|61/100
|-unboost|p2a: Arceus|spe|1
|move|p2a: Arceus|Swords Dance|p2a: Arceus
|-boost|p2a: Arceus|atk|2
|
|upkeep
|turn|5
|
|t:|1654226176
|move|p1a: Skarmory|Brave Bird|p2a: Arceus
|-damage|p2a: Arceus|27/100
|-damage|p1a: Skarmory|60/100|[from] Recoil
|move|p2a: Arceus|Shadow Claw|p1a: Skarmory
|-damage|p1a: Skarmory|0 fnt
|-damage|p2a: Arceus|11/100|[from] item: Rocky Helmet|[of] p1a: Skarmory
|faint|p1a: Skarmory
|
|upkeep
|c|☆Ballenorca|how are you this far up bte
|c|☆Ballenorca|btw
|
|t:|1654226199
|switch|p1a: Marshadow|Marshadow|100/100
|turn|6
|c|☆C0ld as Ic3|o
|c|☆C0ld as Ic3|;
|
|t:|1654226218
|switch|p2a: Rayquaza|Rayquaza|100/100
|-ability|p2a: Rayquaza|Air Lock
|move|p1a: Marshadow|Reversal|p2a: Rayquaza
|-resisted|p2a: Rayquaza
|-damage|p2a: Rayquaza|92/100
|
|upkeep
|turn|7
|
|t:|1654226228
|switch|p1a: Necrozma|Necrozma-Dusk-Mane|100/100
|move|p2a: Rayquaza|Earthquake|p1a: Necrozma
|-supereffective|p1a: Necrozma
|-damage|p1a: Necrozma|37/100
|-damage|p2a: Rayquaza|82/100|[from] item: Life Orb
|
|upkeep
|turn|8
|
|t:|1654226242
|detailschange|p2a: Rayquaza|Rayquaza-Mega
|-mega|p2a: Rayquaza|Rayquaza|
|-weather|DeltaStream|[from] ability: Delta Stream|[of] p2a: Rayquaza
|detailschange|p1a: Necrozma|Necrozma-Ultra
|-burst|p1a: Necrozma|Necrozma|Ultranecrozium Z
|move|p2a: Rayquaza|Earthquake|p1a: Necrozma
|-damage|p1a: Necrozma|0 fnt
|faint|p1a: Necrozma
|-damage|p2a: Rayquaza|72/100|[from] item: Life Orb
|
|-weather|DeltaStream|[upkeep]
|upkeep
|
|t:|1654226253
|switch|p1a: Calyrex|Calyrex-Shadow|100/100
|-ability|p1a: Calyrex|As One
|-ability|p1a: Calyrex|Unnerve
|turn|9
|
|t:|1654226257
|-weather|none
|switch|p2a: Arceus|Arceus|11/100
|-damage|p2a: Arceus|0 fnt|[from] Spikes
|faint|p2a: Arceus
|-start|p1a: Calyrex|Dynamax|
|-heal|p1a: Calyrex|100/100|[silent]
|move|p1a: Calyrex|Max Phantasm|p2: Arceus|[notarget]
|-fail|p1a: Calyrex
|
|upkeep
|
|t:|1654226266
|switch|p2a: Marshadow|Marshadow|100/100
|-damage|p2a: Marshadow|84/100|[from] Spikes
|turn|10
|
|t:|1654226271
|move|p2a: Marshadow|Endure|p2a: Marshadow
|-singleturn|p2a: Marshadow|move: Endure
|move|p1a: Calyrex|Max Phantasm|p2a: Marshadow
|-supereffective|p2a: Marshadow
|-activate|p2a: Marshadow|move: Endure
|-damage|p2a: Marshadow|1/100
|-unboost|p2a: Marshadow|def|1
|
|upkeep
|turn|11
|c|☆C0ld as Ic3|ayo :^)
|
|t:|1654226277
|move|p2a: Marshadow|Shadow Sneak|p1a: Calyrex
|-supereffective|p1a: Calyrex
|-damage|p1a: Calyrex|22/100
|move|p1a: Calyrex|Max Phantasm|p2a: Marshadow
|-supereffective|p2a: Marshadow
|-damage|p2a: Marshadow|0 fnt
|faint|p2a: Marshadow
|-ability|p1a: Calyrex|Grim Neigh|boost
|-boost|p1a: Calyrex|spa|1
|
|upkeep
|c|☆C0ld as Ic3|endure gang :^)
|c|☆Ballenorca|greatest marshadow ever
|
|t:|1654226299
|switch|p2a: Kyogre|Kyogre|100/100
|-damage|p2a: Kyogre|84/100|[from] Spikes
|-weather|RainDance|[from] ability: Drizzle|[of] p2a: Kyogre
|-end|p1a: Calyrex|Dynamax
|-heal|p1a: Calyrex|22/100|[silent]
|turn|12
|c|☆C0ld as Ic3|:^)
|
|t:|1654226310
|switch|p1a: Zygarde|Zygarde|100/100
|move|p2a: Kyogre|Water Spout|p1a: Zygarde
|-damage|p1a: Zygarde|0 fnt
|faint|p1a: Zygarde
|
|-weather|RainDance|[upkeep]
|upkeep
|
|t:|1654226312
|switch|p1a: Marshadow|Marshadow|100/100
|turn|13
|
|t:|1654226322
|move|p1a: Marshadow|Shadow Sneak|p2a: Kyogre
|-damage|p2a: Kyogre|53/100
|move|p2a: Kyogre|Water Spout|p1a: Marshadow
|-damage|p1a: Marshadow|27/100
|
|-weather|RainDance|[upkeep]
|upkeep
|turn|14
|
|t:|1654226335
|switch|p2a: Zacian|Zacian-Crowned|100/100
|-damage|p2a: Zacian|84/100|[from] Spikes
|-ability|p2a: Zacian|Intrepid Sword|boost
|-boost|p2a: Zacian|atk|1
|move|p1a: Marshadow|Shadow Sneak|p2a: Zacian
|-damage|p2a: Zacian|56/100
|
|-weather|RainDance|[upkeep]
|upkeep
|turn|15
|
|t:|1654226341
|move|p1a: Marshadow|Endure|p1a: Marshadow
|-singleturn|p1a: Marshadow|move: Endure
|move|p2a: Zacian|Behemoth Blade|p1a: Marshadow
|-activate|p1a: Marshadow|move: Endure
|-damage|p1a: Marshadow|1/100
|
|-weather|RainDance|[upkeep]
|upkeep
|turn|16
|-enditem|p1a: Marshadow|Custap Berry|[eat]
|-activate|p1a: Marshadow|item: Custap Berry|[consumed]
|
|t:|1654226351
|switch|p2a: Rayquaza|Rayquaza-Mega|72/100
|-weather|DeltaStream|[from] ability: Delta Stream|[of] p2a: Rayquaza
|move|p1a: Marshadow|Shadow Sneak|p2a: Rayquaza
|-damage|p2a: Rayquaza|43/100
|
|-weather|DeltaStream|[upkeep]
|upkeep
|turn|17
|
|t:|1654226358
|move|p1a: Marshadow|Endure|p1a: Marshadow
|-singleturn|p1a: Marshadow|move: Endure
|move|p2a: Rayquaza|Earthquake|p1a: Marshadow
|-activate|p1a: Marshadow|move: Endure
|-damage|p1a: Marshadow|1/100
|-damage|p2a: Rayquaza|33/100|[from] item: Life Orb
|
|-weather|DeltaStream|[upkeep]
|upkeep
|turn|18
|
|t:|1654226361
|move|p1a: Marshadow|Shadow Sneak|p2a: Rayquaza
|-damage|p2a: Rayquaza|2/100
|move|p2a: Rayquaza|Earthquake|p1a: Marshadow
|-damage|p1a: Marshadow|0 fnt
|faint|p1a: Marshadow
|-damage|p2a: Rayquaza|0 fnt|[from] item: Life Orb
|faint|p2a: Rayquaza
|-weather|none
|
|upkeep
|
|t:|1654226371
|switch|p1a: Calyrex|Calyrex-Shadow|22/100
|switch|p2a: Zacian|Zacian-Crowned|56/100
|-ability|p1a: Calyrex|As One
|-ability|p1a: Calyrex|Unnerve
|-damage|p2a: Zacian|39/100|[from] Spikes
|-ability|p2a: Zacian|Intrepid Sword|boost
|-boost|p2a: Zacian|atk|1
|turn|19
|
|t:|1654226377
|move|p1a: Calyrex|Astral Barrage|p2a: Zacian
|-crit|p2a: Zacian
|-damage|p2a: Zacian|0 fnt
|faint|p2a: Zacian
|-ability|p1a: Calyrex|Grim Neigh|boost
|-boost|p1a: Calyrex|spa|1
|
|upkeep
|
|t:|1654226380
|switch|p2a: Kyogre|Kyogre|53/100
|-damage|p2a: Kyogre|37/100|[from] Spikes
|-weather|RainDance|[from] ability: Drizzle|[of] p2a: Kyogre
|turn|20
|
|t:|1654226383
|move|p2a: Kyogre|Ice Beam|p1a: Calyrex
|-crit|p1a: Calyrex
|-damage|p1a: Calyrex|0 fnt
|faint|p1a: Calyrex
|
|-weather|RainDance|[upkeep]
|upkeep
|
|t:|1654226386
|switch|p1a: Xerneas|Xerneas|100/100
|-ability|p1a: Xerneas|Fairy Aura
|turn|21
|
|t:|1654226391
|move|p2a: Kyogre|Ice Beam|p1a: Xerneas
|-damage|p1a: Xerneas|72/100
|move|p1a: Xerneas|Geomancy||[still]
|-prepare|p1a: Xerneas|Geomancy
|-enditem|p1a: Xerneas|Power Herb
|-anim|p1a: Xerneas|Geomancy|p1a: Xerneas
|-boost|p1a: Xerneas|spa|2
|-boost|p1a: Xerneas|spd|2
|-boost|p1a: Xerneas|spe|2
|
|-weather|RainDance|[upkeep]
|upkeep
|turn|22
|
|t:|1654226397
|move|p1a: Xerneas|Moonblast|p2a: Kyogre
|-damage|p2a: Kyogre|0 fnt
|faint|p2a: Kyogre
|
|-weather|RainDance|[upkeep]
|upkeep
|
|t:|1654226400
|switch|p2a: Xerneas|Xerneas|100/100
|-damage|p2a: Xerneas|84/100|[from] Spikes
|-ability|p2a: Xerneas|Fairy Aura
|turn|23
|
|t:|1654226405
|-start|p2a: Xerneas|Dynamax|
|-heal|p2a: Xerneas|84/100|[silent]
|move|p1a: Xerneas|Moonblast|p2a: Xerneas
|-damage|p2a: Xerneas|20/100
|move|p2a: Xerneas|Max Steelspike|p1a: Xerneas
|-supereffective|p1a: Xerneas
|-damage|p1a: Xerneas|35/100
|-boost|p2a: Xerneas|def|1
|
|-weather|RainDance|[upkeep]
|upkeep
|turn|24
|
|t:|1654226407
|move|p1a: Xerneas|Moonblast|p2a: Xerneas
|-damage|p2a: Xerneas|0 fnt
|faint|p2a: Xerneas
|
|win|C0ld as Ic3
|raw|C0ld as Ic3's rating: 1785 &rarr; <strong>1796</strong><br />(+11 for winning)
|raw|Ballenorca's rating: 1611 &rarr; <strong>1600</strong><br />(-11 for losing)
|c|☆C0ld as Ic3|gg wp
|c|☆Ballenorca|gg
|c|☆Ballenorca|shouldve geo
|c|☆C0ld as Ic3|lets keep up the good work ^^
|c|☆Ballenorca|yuuuupp
|l|☆Ballenorca
