|j|☆chippytreatz
|j|☆geneismm
|inactive|Battle timer is ON: inactive players will automatically lose when time's up.
|t:|1658380213
|gametype|singles
|player|p1|chippytreatz|veteran|
|player|p2|geneismm|psychic-gen4|
|teamsize|p1|6
|teamsize|p2|6
|gen|8
|tier|[Gen 8] National Dex AG
|rated|Tournament battle
|rule|HP Percentage Mod: HP is shown in percentages
|rule|Endless Battle Clause: Forcing endless battles is banned
|clearpoke
|poke|p1|Zacian-*|
|poke|p1|Arceus-*|
|poke|p1|Arceus-*|
|poke|p1|Yveltal|
|poke|p1|Ditto|
|poke|p1|Necrozma-Dusk-Mane|
|poke|p2|Kyogre|
|poke|p2|Kyogre|
|poke|p2|Kyogre|
|poke|p2|Kyogre|
|poke|p2|Kyogre|
|poke|p2|Kyogre|
|teampreview
|j|*Lady Monita ☀
|inactive|geneismm also wants the timer to be on.
|
|t:|1658380219
|start
|switch|p1a: Arceus|Arceus-Ground|100/100
|switch|p2a: Kyogre|Kyogre|100/100
|-weather|RainDance|[from] ability: Drizzle|[of] p2a: Kyogre
|turn|1
|
|t:|1658380222
|move|p2a: Kyogre|Water Spout|p1a: Arceus
|-supereffective|p1a: Arceus
|-damage|p1a: Arceus|0 fnt
|faint|p1a: Arceus
|
|-weather|RainDance|[upkeep]
|upkeep
|
|t:|1658380230
|switch|p1a: Arceus|Arceus|100/100
|turn|2
|
|t:|1658380232
|move|p1a: Arceus|Extreme Speed|p2a: Kyogre
|-damage|p2a: Kyogre|56/100
|move|p2a: Kyogre|Water Spout|p1a: Arceus
|-damage|p1a: Arceus|49/100
|
|-weather|RainDance|[upkeep]
|upkeep
|turn|3
|
|t:|1658380236
|move|p1a: Arceus|Extreme Speed|p2a: Kyogre
|-damage|p2a: Kyogre|12/100
|move|p2a: Kyogre|Water Spout|p1a: Arceus
|-damage|p1a: Arceus|38/100
|
|-weather|RainDance|[upkeep]
|upkeep
|turn|4
|
|t:|1658380239
|move|p1a: Arceus|Extreme Speed|p2a: Kyogre
|-damage|p2a: Kyogre|0 fnt
|faint|p2a: Kyogre
|
|-weather|RainDance|[upkeep]
|upkeep
|
|t:|1658380241
|switch|p2a: Kyogre|Kyogre|100/100
|turn|5
|
|t:|1658380242
|move|p1a: Arceus|Extreme Speed|p2a: Kyogre
|-damage|p2a: Kyogre|54/100
|move|p2a: Kyogre|Water Spout|p1a: Arceus
|-damage|p1a: Arceus|0 fnt
|faint|p1a: Arceus
|
|-weather|none
|upkeep
|j| MorghynFae
|
|t:|1658380250
|switch|p1a: Necrozma|Necrozma-Dusk-Mane|100/100
|turn|6
|
|t:|1658380256
|detailschange|p1a: Necrozma|Necrozma-Ultra
|-burst|p1a: Necrozma|Necrozma|Ultranecrozium Z
|-start|p2a: Kyogre|Dynamax|
|-heal|p2a: Kyogre|54/100|[silent]
|move|p1a: Necrozma|Dragon Dance|p1a: Necrozma
|-boost|p1a: Necrozma|atk|1
|-boost|p1a: Necrozma|spe|1
|move|p2a: Kyogre|Max Geyser|p1a: Necrozma
|-resisted|p1a: Necrozma
|-damage|p1a: Necrozma|52/100
|-weather|RainDance
|
|-weather|RainDance|[upkeep]
|upkeep
|turn|7
|
|t:|1658380266
|-zpower|p1a: Necrozma
|move|p1a: Necrozma|Light That Burns the Sky|p2a: Kyogre|[zeffect]
|-damage|p2a: Kyogre|0 fnt
|faint|p2a: Kyogre
|
|-weather|RainDance|[upkeep]
|upkeep
|c|☆geneismm|oh yeah that exists
|
|t:|1658380273
|switch|p2a: Kyogre|Kyogre|100/100
|turn|8
|
|t:|1658380278
|move|p1a: Necrozma|Photon Geyser|p2a: Kyogre
|-damage|p2a: Kyogre|0 fnt
|faint|p2a: Kyogre
|
|-weather|RainDance|[upkeep]
|upkeep
|
|t:|1658380279
|switch|p2a: Kyogre|Kyogre|100/100
|turn|9
|
|t:|1658380281
|move|p1a: Necrozma|Photon Geyser|p2a: Kyogre
|-damage|p2a: Kyogre|0 fnt
|faint|p2a: Kyogre
|
|-weather|RainDance|[upkeep]
|upkeep
|
|t:|1658380282
|switch|p2a: Kyogre|Kyogre|100/100
|turn|10
|
|t:|1658380284
|move|p1a: Necrozma|Photon Geyser|p2a: Kyogre
|-damage|p2a: Kyogre|0 fnt
|faint|p2a: Kyogre
|
|-weather|none
|upkeep
|
|t:|1658380285
|switch|p2a: Kyogre|Kyogre, shiny|100/100
|-weather|RainDance|[from] ability: Drizzle|[of] p2a: Kyogre
|turn|11
|
|t:|1658380287
|move|p1a: Necrozma|Photon Geyser|p2a: Kyogre
|-damage|p2a: Kyogre|0 fnt
|faint|p2a: Kyogre
|
|win|chippytreatz
|n|☆chippytreatz|chippytreatz
|n|☆geneismm|geneismm
|n|*Lady Monita ☀|ladymonita
|n| MorghynFae|morghynfae
|l|*Lady Monita ☀
