|j|‽gengytoad
|j|☆F.A.M.E.246 2nd
|t:|1638990652
|gametype|singles
|player|p1|gengytoad|clerk|1559
|player|p2|F.A.M.E.246 2nd|brawly|1743
|teamsize|p1|6
|teamsize|p2|6
|gen|8
|tier|[Gen 8] National Dex AG
|rated|
|rule|HP Percentage Mod: HP is shown in percentages
|rule|Endless Battle Clause: Forcing endless battles is banned
|clearpoke
|poke|p1|Rayquaza|
|poke|p1|Deoxys-Speed|
|poke|p1|Groudon|
|poke|p1|Kyogre|
|poke|p1|Arceus-*|
|poke|p1|Ho-Oh|
|poke|p2|Weavile, F|
|poke|p2|Deoxys-Attack|
|poke|p2|Calyrex-Shadow|
|poke|p2|Necrozma-Dusk-Mane|
|poke|p2|Smeargle, F|
|poke|p2|Pheromosa|
|teampreview
|inactive|Battle timer is ON: inactive players will automatically lose when time's up. (requested by gengytoad)
|inactive|F.A.M.E.246 2nd also wants the timer to be on.
|c|☆F.A.M.E.246 2nd|Hf
|
|t:|1638990665
|start
|switch|p1a: Deoxys|Deoxys-Speed, shiny|100/100
|switch|p2a: Weavile|Weavile, F|100/100
|-ability|p1a: Deoxys|Pressure
|-ability|p2a: Weavile|Pressure
|turn|1
|inactive|gengytoad has 120 seconds left.
|
|t:|1638990699
|move|p1a: Deoxys|Stealth Rock|p2a: Weavile
|-sidestart|p2: F.A.M.E.246 2nd|move: Stealth Rock
|move|p2a: Weavile|Knock Off|p1a: Deoxys
|-supereffective|p1a: Deoxys
|-enditem|p1a: Deoxys|Focus Sash
|-damage|p1a: Deoxys|1/100
|
|upkeep
|turn|2
|
|t:|1638990708
|move|p2a: Weavile|Ice Shard|p1a: Deoxys
|-damage|p1a: Deoxys|0 fnt
|faint|p1a: Deoxys
|
|upkeep
|
|t:|1638990713
|switch|p1a: Kyogre|Kyogre|100/100
|-weather|RainDance|[from] ability: Drizzle|[of] p1a: Kyogre
|turn|3
|
|t:|1638990718
|move|p1a: Kyogre|Water Spout|p2a: Weavile
|-enditem|p2a: Weavile|Focus Sash
|-damage|p2a: Weavile|1/100
|move|p2a: Weavile|Knock Off|p1a: Kyogre
|-damage|p1a: Kyogre|48/100
|-enditem|p1a: Kyogre|Choice Scarf|[from] move: Knock Off|[of] p2a: Weavile
|
|-weather|RainDance|[upkeep]
|upkeep
|turn|4
|
|t:|1638990726
|move|p2a: Weavile|Knock Off|p1a: Kyogre
|-damage|p1a: Kyogre|12/100
|move|p1a: Kyogre|Surf|p2a: Weavile
|-damage|p2a: Weavile|0 fnt
|faint|p2a: Weavile
|
|-weather|RainDance|[upkeep]
|upkeep
|
|t:|1638990737
|switch|p2a: Pheromosa|Pheromosa|100/100
|-damage|p2a: Pheromosa|88/100|[from] Stealth Rock
|turn|5
|
|t:|1638990743
|move|p2a: Pheromosa|Rapid Spin|p1a: Kyogre
|-damage|p1a: Kyogre|0 fnt
|-boost|p2a: Pheromosa|spe|1
|-sideend|p2: F.A.M.E.246 2nd|Stealth Rock|[from] move: Rapid Spin|[of] p2a: Pheromosa
|faint|p1a: Kyogre
|-ability|p2a: Pheromosa|Beast Boost|boost
|-boost|p2a: Pheromosa|spe|1
|-damage|p2a: Pheromosa|78/100|[from] item: Life Orb
|
|-weather|RainDance|[upkeep]
|upkeep
|
|t:|1638990746
|switch|p1a: Ho-Oh|Ho-Oh, shiny|100/100
|turn|6
|
|t:|1638990755
|move|p2a: Pheromosa|Triple Axel|p1a: Ho-Oh
|-damage|p1a: Ho-Oh|92/100
|-damage|p1a: Ho-Oh|74/100
|-damage|p1a: Ho-Oh|51/100
|-hitcount|p1a: Ho-Oh|3
|-damage|p2a: Pheromosa|68/100|[from] item: Life Orb
|move|p1a: Ho-Oh|Brave Bird|p2a: Pheromosa
|-supereffective|p2a: Pheromosa
|-damage|p2a: Pheromosa|0 fnt
|faint|p2a: Pheromosa
|-damage|p1a: Ho-Oh|36/100|[from] Recoil
|
|-weather|RainDance|[upkeep]
|upkeep
|
|t:|1638990771
|switch|p2a: Calyrex|Calyrex-Shadow|100/100
|-ability|p2a: Calyrex|As One
|-ability|p2a: Calyrex|Unnerve
|turn|7
|
|t:|1638990775
|switch|p1a: Arceus|Arceus|100/100
|move|p2a: Calyrex|Astral Barrage|p1a: Arceus
|-immune|p1a: Arceus
|
|-weather|none
|upkeep
|turn|8
|
|t:|1638990784
|switch|p2a: Smeargle|Smeargle, F|100/100
|move|p1a: Arceus|Whirlpool|p2a: Smeargle
|-damage|p2a: Smeargle|83/100
|-activate|p2a: Smeargle|move: Whirlpool|[of] p1a: Arceus
|
|-damage|p2a: Smeargle|71/100|[from] move: Whirlpool|[partiallytrapped]
|upkeep
|turn|9
|
|t:|1638990797
|move|p1a: Arceus|Perish Song|p1a: Arceus
|-start|p1a: Arceus|perish3|[silent]
|-start|p2a: Smeargle|perish3|[silent]
|-fieldactivate|move: Perish Song
|move|p2a: Smeargle|Stealth Rock|p1a: Arceus
|-sidestart|p1: gengytoad|move: Stealth Rock
|
|-damage|p2a: Smeargle|58/100|[from] move: Whirlpool|[partiallytrapped]
|-start|p1a: Arceus|perish3
|-start|p2a: Smeargle|perish3
|upkeep
|turn|10
|
|t:|1638990803
|move|p1a: Arceus|Protect|p1a: Arceus
|-singleturn|p1a: Arceus|Protect
|move|p2a: Smeargle|Teleport|p2a: Smeargle
|
|t:|1638990807
|switch|p2a: Deoxys|Deoxys-Attack|100/100|[from]move: Teleport
|-ability|p2a: Deoxys|Pressure
|
|-start|p1a: Arceus|perish2
|upkeep
|turn|11
|
|t:|1638990813
|move|p1a: Arceus|Protect|p1a: Arceus
|-singleturn|p1a: Arceus|Protect
|move|p2a: Deoxys|Superpower|p1a: Arceus
|-activate|p1a: Arceus|move: Protect
|
|-start|p1a: Arceus|perish1
|upkeep
|turn|12
|
|t:|1638990823
|switch|p1a: Ho-Oh|Ho-Oh, shiny|69/100
|move|p2a: Deoxys|Superpower|p1a: Ho-Oh
|-resisted|p1a: Ho-Oh
|-damage|p1a: Ho-Oh|35/100
|-unboost|p2a: Deoxys|atk|1
|-unboost|p2a: Deoxys|def|1
|-damage|p2a: Deoxys|91/100|[from] item: Life Orb
|
|upkeep
|turn|13
|
|t:|1638990836
|-start|p2a: Deoxys|Dynamax
|-heal|p2a: Deoxys|91/100|[silent]
|move|p2a: Deoxys|Max Mindstorm|p1a: Ho-Oh
|-damage|p1a: Ho-Oh|0 fnt
|-fieldstart|move: Psychic Terrain
|faint|p1a: Ho-Oh
|-damage|p2a: Deoxys|86/100|[from] item: Life Orb
|
|upkeep
|
|t:|1638990840
|switch|p1a: Arceus|Arceus|100/100
|-damage|p1a: Arceus|88/100|[from] Stealth Rock
|turn|14
|
|t:|1638990844
|move|p2a: Deoxys|Max Mindstorm|p1a: Arceus
|-damage|p1a: Arceus|3/100
|-damage|p2a: Deoxys|81/100|[from] item: Life Orb
|move|p1a: Arceus|Perish Song|p1a: Arceus
|-start|p1a: Arceus|perish3|[silent]
|-start|p2a: Deoxys|perish3|[silent]
|-fieldactivate|move: Perish Song
|
|-heal|p1a: Arceus|10/100|[from] item: Leftovers
|-start|p2a: Deoxys|perish3
|-start|p1a: Arceus|perish3
|upkeep
|turn|15
|
|t:|1638990849
|move|p2a: Deoxys|Max Knuckle|p1a: Arceus
|-supereffective|p1a: Arceus
|-damage|p1a: Arceus|0 fnt
|-boost|p2a: Deoxys|atk|1
|faint|p1a: Arceus
|-damage|p2a: Deoxys|76/100|[from] item: Life Orb
|
|-start|p2a: Deoxys|perish2
|-end|p2a: Deoxys|Dynamax
|-heal|p2a: Deoxys|76/100|[silent]
|upkeep
|
|t:|1638990853
|switch|p1a: Groudon|Groudon|100/100
|-damage|p1a: Groudon|94/100|[from] Stealth Rock
|-weather|SunnyDay|[from] ability: Drought|[of] p1a: Groudon
|turn|16
|
|t:|1638990856
|move|p2a: Deoxys|Psycho Boost|p1a: Groudon
|-damage|p1a: Groudon|0 fnt
|-unboost|p2a: Deoxys|spa|2
|faint|p1a: Groudon
|-damage|p2a: Deoxys|66/100|[from] item: Life Orb
|
|-weather|SunnyDay|[upkeep]
|-start|p2a: Deoxys|perish1
|upkeep
|
|t:|1638990858
|switch|p1a: Rayquaza|Rayquaza|100/100
|-damage|p1a: Rayquaza|76/100|[from] Stealth Rock
|-ability|p1a: Rayquaza|Air Lock
|turn|17
|
|t:|1638990863
|-start|p1a: Rayquaza|Dynamax
|-heal|p1a: Rayquaza|76/100|[silent]
|move|p2a: Deoxys|Psycho Boost|p1a: Rayquaza
|-damage|p1a: Rayquaza|42/100
|-unboost|p2a: Deoxys|spa|2
|-damage|p2a: Deoxys|56/100|[from] item: Life Orb
|move|p1a: Rayquaza|Max Airstream|p2a: Deoxys
|-damage|p2a: Deoxys|0 fnt
|-boost|p1a: Rayquaza|spe|1
|faint|p2a: Deoxys
|
|-weather|SunnyDay|[upkeep]
|-fieldend|move: Psychic Terrain
|upkeep
|
|t:|1638990870
|switch|p2a: Calyrex|Calyrex-Shadow|100/100
|-ability|p2a: Calyrex|As One
|-ability|p2a: Calyrex|Unnerve
|turn|18
|
|t:|1638990875
|move|p1a: Rayquaza|Max Wyrmwind|p2a: Calyrex
|-damage|p2a: Calyrex|15/100
|-unboost|p2a: Calyrex|atk|1
|move|p2a: Calyrex|Astral Barrage|p1a: Rayquaza
|-damage|p1a: Rayquaza|5/100
|
|-weather|SunnyDay|[upkeep]
|upkeep
|turn|19
|
|t:|1638990883
|move|p1a: Rayquaza|Max Airstream|p2a: Calyrex
|-damage|p2a: Calyrex|0 fnt
|-boost|p1a: Rayquaza|spe|1
|faint|p2a: Calyrex
|
|-weather|SunnyDay|[upkeep]
|-end|p1a: Rayquaza|Dynamax
|-heal|p1a: Rayquaza|6/100|[silent]
|upkeep
|
|t:|1638990885
|switch|p2a: Necrozma|Necrozma-Dusk-Mane|100/100
|turn|20
|
|t:|1638990888
|move|p1a: Rayquaza|Surf|p2a: Necrozma
|-damage|p2a: Necrozma|46/100
|move|p2a: Necrozma|Photon Geyser|p1a: Rayquaza
|-damage|p1a: Rayquaza|0 fnt
|faint|p1a: Rayquaza
|
|win|F.A.M.E.246 2nd
|raw|gengytoad's rating: 1559 &rarr; <strong>1549</strong><br />(-10 for losing)
|raw|F.A.M.E.246 2nd's rating: 1743 &rarr; <strong>1753</strong><br />(+10 for winning)
|c|☆F.A.M.E.246 2nd|Gg
|l|‽gengytoad
