|j|☆RUiNtheExtinct
|j|☆Gohansenju
|t:|1665501754
|gametype|singles
|player|p1|RUiNtheExtinct|red-gen7|1719
|player|p2|Gohansenju|blue-gen3two|2019
|teamsize|p1|6
|teamsize|p2|6
|gen|8
|tier|[Gen 8] National Dex AG
|rated|
|rule|HP Percentage Mod: HP is shown in percentages
|rule|Endless Battle Clause: Forcing endless battles is banned
|clearpoke
|poke|p1|Groudon|
|poke|p1|Ditto|
|poke|p1|Rayquaza|
|poke|p1|Yveltal|
|poke|p1|Smeargle, M|
|poke|p1|Arceus-*|
|poke|p2|Mewtwo|
|poke|p2|Arceus-*|
|poke|p2|Ditto|
|poke|p2|Rayquaza|
|poke|p2|Zamazenta-*|
|poke|p2|Arceus-*|
|teampreview
|inactive|Battle timer is ON: inactive players will automatically lose when time's up. (requested by Gohansenju)
|
|t:|1665501764
|start
|switch|p1a: Groudon|Groudon|100/100
|switch|p2a: Mewtwo|Mewtwo|100/100
|-ability|p2a: Mewtwo|Pressure
|detailschange|p1a: Groudon|Groudon-Primal
|-primal|p1a: Groudon
|-weather|DesolateLand|[from] ability: Desolate Land|[of] p1a: Groudon
|turn|1
|
|t:|1665501774
|detailschange|p2a: Mewtwo|Mewtwo-Mega-Y
|-mega|p2a: Mewtwo|Mewtwo|Mewtwonite Y
|move|p2a: Mewtwo|Nasty Plot|p2a: Mewtwo
|-boost|p2a: Mewtwo|spa|2
|move|p1a: Groudon|Heat Crash|p2a: Mewtwo
|-damage|p2a: Mewtwo|0 fnt
|faint|p2a: Mewtwo
|
|-weather|DesolateLand|[upkeep]
|upkeep
|
|t:|1665501783
|switch|p2a: Arceus|Arceus-Fairy|100/100
|turn|2
|
|t:|1665501786
|move|p2a: Arceus|Stealth Rock|p1a: Groudon
|-sidestart|p1: RUiNtheExtinct|move: Stealth Rock
|move|p1a: Groudon|Rock Tomb|p2a: Arceus
|-damage|p2a: Arceus|80/100
|-unboost|p2a: Arceus|spe|1
|
|-weather|DesolateLand|[upkeep]
|upkeep
|turn|3
|
|t:|1665501789
|move|p1a: Groudon|Stealth Rock|p2a: Arceus
|-sidestart|p2: Gohansenju|move: Stealth Rock
|move|p2a: Arceus|Toxic|p1a: Groudon
|-status|p1a: Groudon|tox
|
|-weather|DesolateLand|[upkeep]
|-damage|p1a: Groudon|94/100 tox|[from] psn
|upkeep
|turn|4
|
|t:|1665501792
|move|p1a: Groudon|Earthquake|p2a: Arceus
|-damage|p2a: Arceus|30/100
|move|p2a: Arceus|Recover|p2a: Arceus
|-heal|p2a: Arceus|80/100
|
|-weather|DesolateLand|[upkeep]
|-damage|p1a: Groudon|82/100 tox|[from] psn
|upkeep
|turn|5
|
|t:|1665501795
|move|p1a: Groudon|Heat Crash|p2a: Arceus
|-damage|p2a: Arceus|22/100
|move|p2a: Arceus|Recover|p2a: Arceus
|-heal|p2a: Arceus|72/100
|
|-weather|DesolateLand|[upkeep]
|-damage|p1a: Groudon|63/100 tox|[from] psn
|upkeep
|turn|6
|
|t:|1665501804
|switch|p2a: Ditto|Ditto, shiny|100/100
|-damage|p2a: Ditto|88/100|[from] Stealth Rock
|-transform|p2a: Ditto|p1a: Groudon|[from] ability: Imposter
|move|p1a: Groudon|Heat Crash|p2a: Ditto
|-resisted|p2a: Ditto
|-damage|p2a: Ditto|73/100
|
|-weather|DesolateLand|[upkeep]
|-damage|p1a: Groudon|39/100 tox|[from] psn
|upkeep
|turn|7
|
|t:|1665501808
|move|p2a: Ditto|Earthquake|p1a: Groudon
|-supereffective|p1a: Groudon
|-damage|p1a: Groudon|0 fnt
|faint|p1a: Groudon
|
|-weather|DesolateLand|[upkeep]
|upkeep
|
|t:|1665501813
|switch|p1a: Rayquaza|Rayquaza|100/100
|-damage|p1a: Rayquaza|76/100|[from] Stealth Rock
|-ability|p1a: Rayquaza|Air Lock
|turn|8
|
|t:|1665501817
|-weather|none
|switch|p2a: Zamazenta|Zamazenta-Crowned|100/100
|-damage|p2a: Zamazenta|97/100|[from] Stealth Rock
|-ability|p2a: Zamazenta|Dauntless Shield|boost
|-boost|p2a: Zamazenta|def|1
|detailschange|p1a: Rayquaza|Rayquaza-Mega
|-mega|p1a: Rayquaza|Rayquaza|
|-weather|DeltaStream|[from] ability: Delta Stream|[of] p1a: Rayquaza
|move|p1a: Rayquaza|Scale Shot|p2a: Zamazenta
|-resisted|p2a: Zamazenta
|-damage|p2a: Zamazenta|92/100
|-resisted|p2a: Zamazenta
|-damage|p2a: Zamazenta|86/100
|-resisted|p2a: Zamazenta
|-damage|p2a: Zamazenta|80/100
|-resisted|p2a: Zamazenta
|-damage|p2a: Zamazenta|75/100
|-hitcount|p2a: Zamazenta|4
|-unboost|p1a: Rayquaza|def|1
|-boost|p1a: Rayquaza|spe|1
|-damage|p1a: Rayquaza|66/100|[from] item: Life Orb
|
|-weather|DeltaStream|[upkeep]
|upkeep
|turn|9
|
|t:|1665501822
|move|p1a: Rayquaza|Earthquake|p2a: Zamazenta
|-supereffective|p2a: Zamazenta
|-damage|p2a: Zamazenta|20/100
|-damage|p1a: Rayquaza|56/100|[from] item: Life Orb
|move|p2a: Zamazenta|Behemoth Bash|p1a: Rayquaza
|-damage|p1a: Rayquaza|0 fnt
|faint|p1a: Rayquaza
|-weather|none
|
|upkeep
|
|t:|1665501827
|switch|p1a: Smeargle|Smeargle, M|100/100
|-damage|p1a: Smeargle|88/100|[from] Stealth Rock
|turn|10
|
|t:|1665501831
|move|p2a: Zamazenta|Close Combat|p1a: Smeargle
|-supereffective|p1a: Smeargle
|-damage|p1a: Smeargle|0 fnt
|-unboost|p2a: Zamazenta|def|1
|-unboost|p2a: Zamazenta|spd|1
|faint|p1a: Smeargle
|
|upkeep
|
|t:|1665501838
|switch|p1a: Yveltal|Yveltal|100/100
|-damage|p1a: Yveltal|76/100|[from] Stealth Rock
|-ability|p1a: Yveltal|Dark Aura
|turn|11
|
|t:|1665501850
|move|p2a: Zamazenta|Close Combat|p1a: Yveltal
|-damage|p1a: Yveltal|17/100
|-unboost|p2a: Zamazenta|def|1
|-unboost|p2a: Zamazenta|spd|1
|move|p1a: Yveltal|Oblivion Wing|p2a: Zamazenta
|-damage|p2a: Zamazenta|0 fnt
|-heal|p1a: Yveltal|29/100|[from] drain|[of] p2a: Zamazenta
|faint|p2a: Zamazenta
|-damage|p1a: Yveltal|19/100|[from] item: Life Orb
|
|upkeep
|
|t:|1665501862
|switch|p2a: Rayquaza|Rayquaza|100/100
|-damage|p2a: Rayquaza|76/100|[from] Stealth Rock
|-ability|p2a: Rayquaza|Air Lock
|turn|12
|
|t:|1665501871
|move|p2a: Rayquaza|Dragon Ascent|p1a: Yveltal
|-damage|p1a: Yveltal|0 fnt
|-unboost|p2a: Rayquaza|def|1
|-unboost|p2a: Rayquaza|spd|1
|faint|p1a: Yveltal
|-damage|p2a: Rayquaza|66/100|[from] item: Life Orb
|
|upkeep
|
|t:|1665501877
|switch|p1a: Ditto|Ditto|100/100
|-damage|p1a: Ditto|88/100|[from] Stealth Rock
|-transform|p1a: Ditto|p2a: Rayquaza|[from] ability: Imposter
|turn|13
|
|t:|1665501884
|switch|p2a: Arceus|Arceus-Fairy|72/100
|-damage|p2a: Arceus|59/100|[from] Stealth Rock
|move|p1a: Ditto|Dragon Ascent|p2a: Arceus
|-damage|p2a: Arceus|17/100
|-unboost|p1a: Ditto|def|1
|-unboost|p1a: Ditto|spd|1
|
|upkeep
|turn|14
|
|t:|1665501888
|move|p1a: Ditto|Dragon Ascent|p2a: Arceus
|-damage|p2a: Arceus|0 fnt
|-unboost|p1a: Ditto|def|1
|-unboost|p1a: Ditto|spd|1
|faint|p2a: Arceus
|
|upkeep
|
|t:|1665501892
|switch|p2a: Arceus|Arceus|100/100
|-damage|p2a: Arceus|88/100|[from] Stealth Rock
|turn|15
|
|t:|1665501898
|switch|p1a: Arceus|Arceus-Flying|100/100
|-damage|p1a: Arceus|76/100|[from] Stealth Rock
|move|p2a: Arceus|Swords Dance|p2a: Arceus
|-boost|p2a: Arceus|atk|2
|
|upkeep
|turn|16
|
|t:|1665501905
|-start|p1a: Arceus|Dynamax|
|-heal|p1a: Arceus|76/100|[silent]
|-start|p2a: Arceus|Dynamax|
|-heal|p2a: Arceus|88/100|[silent]
|move|p1a: Arceus|Max Airstream|p2a: Arceus
|-damage|p2a: Arceus|63/100
|-boost|p1a: Arceus|spe|1
|move|p2a: Arceus|Max Strike|p1a: Arceus
|-damage|p1a: Arceus|32/100
|-unboost|p1a: Arceus|spe|1
|
|upkeep
|turn|17
|
|t:|1665501926
|move|p1a: Arceus|Max Guard|p1a: Arceus
|-singleturn|p1a: Arceus|Max Guard
|move|p2a: Arceus|Max Strike|p1a: Arceus
|-activate|p1a: Arceus|move: Max Guard
|
|upkeep
|turn|18
|
|t:|1665501938
|move|p2a: Arceus|Max Guard|p2a: Arceus
|-singleturn|p2a: Arceus|Max Guard
|move|p1a: Arceus|Max Airstream|p2a: Arceus
|-activate|p2a: Arceus|move: Max Guard
|
|upkeep
|-end|p1a: Arceus|Dynamax
|-heal|p1a: Arceus|32/100|[silent]
|-end|p2a: Arceus|Dynamax
|-heal|p2a: Arceus|63/100|[silent]
|turn|19
|
|t:|1665501945
|move|p1a: Arceus|Earthquake|p2a: Arceus
|-damage|p2a: Arceus|40/100
|move|p2a: Arceus|Recover|p2a: Arceus
|-heal|p2a: Arceus|90/100
|
|upkeep
|turn|20
|
|t:|1665501949
|move|p2a: Arceus|Extreme Speed|p1a: Arceus
|-damage|p1a: Arceus|0 fnt
|faint|p1a: Arceus
|
|upkeep
|
|t:|1665501953
|switch|p1a: Ditto|Ditto|88/100
|-damage|p1a: Ditto|76/100|[from] Stealth Rock
|-transform|p1a: Ditto|p2a: Arceus|[from] ability: Imposter
|turn|21
|
|t:|1665501956
|move|p1a: Ditto|Extreme Speed|p2a: Arceus
|-damage|p2a: Arceus|36/100
|move|p2a: Arceus|Extreme Speed|p1a: Ditto
|-damage|p1a: Ditto|0 fnt
|faint|p1a: Ditto
|
|win|Gohansenju
|raw|RUiNtheExtinct's rating: 1719 &rarr; <strong>1713</strong><br />(-6 for losing)
|raw|Gohansenju's rating: 2019 &rarr; <strong>2025</strong><br />(+6 for winning)
|l|☆RUiNtheExtinct
