|j|☆orange overhaul
|j|☆Mangoru123
|t:|1640700268
|gametype|singles
|player|p1|orange overhaul|wallace|1459
|player|p2|Mangoru123|red|1444
|teamsize|p1|6
|teamsize|p2|6
|gen|8
|tier|[Gen 8] National Dex AG
|rated|
|rule|HP Percentage Mod: HP is shown in percentages
|rule|Endless Battle Clause: Forcing endless battles is banned
|clearpoke
|poke|p1|Groudon|
|poke|p1|Kartana|
|poke|p1|Dragapult, M|
|poke|p1|Heatran, M|
|poke|p1|Melmetal|
|poke|p1|Tapu Lele|
|poke|p2|Dragapult, F|
|poke|p2|Zacian-*|
|poke|p2|Rayquaza|
|poke|p2|Lugia|
|poke|p2|Weavile, F|
|poke|p2|Ditto|
|teampreview
|inactive|Battle timer is ON: inactive players will automatically lose when time's up. (requested by orange overhaul)
|
|t:|1640700275
|start
|switch|p1a: Groudon|Groudon|100/100
|switch|p2a: Weavile|Weavile, F|100/100
|-ability|p2a: Weavile|Pressure
|detailschange|p1a: Groudon|Groudon-Primal
|-primal|p1a: Groudon
|-weather|DesolateLand|[from] ability: Desolate Land|[of] p1a: Groudon
|turn|1
|
|t:|1640700283
|move|p2a: Weavile|Fake Out|p1a: Groudon
|-damage|p1a: Groudon|93/100
|cant|p1a: Groudon|flinch
|
|-weather|DesolateLand|[upkeep]
|upkeep
|turn|2
|
|t:|1640700288
|move|p2a: Weavile|Taunt|p1a: Groudon
|-start|p1a: Groudon|move: Taunt
|move|p1a: Groudon|Lava Plume|p2a: Weavile
|-supereffective|p2a: Weavile
|-damage|p2a: Weavile|0 fnt
|faint|p2a: Weavile
|
|-weather|DesolateLand|[upkeep]
|upkeep
|
|t:|1640700297
|switch|p2a: Lugia|Lugia|100/100
|turn|3
|
|t:|1640700300
|move|p1a: Groudon|Lava Plume|p2a: Lugia
|-damage|p2a: Lugia|86/100
|-status|p2a: Lugia|brn
|move|p2a: Lugia|Reflect|p2a: Lugia
|-sidestart|p2: Mangoru123|Reflect
|
|-weather|DesolateLand|[upkeep]
|-heal|p2a: Lugia|93/100 brn|[from] item: Leftovers
|-damage|p2a: Lugia|86/100 brn|[from] brn
|upkeep
|turn|4
|
|t:|1640700308
|move|p1a: Groudon|Lava Plume|p2a: Lugia
|-damage|p2a: Lugia|61/100 brn
|move|p2a: Lugia|Toxic|p1a: Groudon
|-status|p1a: Groudon|tox
|
|-weather|DesolateLand|[upkeep]
|-heal|p2a: Lugia|67/100 brn|[from] item: Leftovers
|-damage|p1a: Groudon|86/100 tox|[from] psn
|-damage|p2a: Lugia|61/100 brn|[from] brn
|-end|p1a: Groudon|move: Taunt
|upkeep
|turn|5
|
|t:|1640700318
|move|p1a: Groudon|Stealth Rock|p2a: Lugia
|-sidestart|p2: Mangoru123|move: Stealth Rock
|move|p2a: Lugia|Roost|p2a: Lugia
|-heal|p2a: Lugia|100/100 brn
|-singleturn|p2a: Lugia|move: Roost
|
|-weather|DesolateLand|[upkeep]
|-damage|p1a: Groudon|74/100 tox|[from] psn
|-damage|p2a: Lugia|94/100 brn|[from] brn
|upkeep
|turn|6
|
|t:|1640700347
|-weather|none
|switch|p1a: Dragapult|Dragapult, M, shiny|100/100
|move|p2a: Lugia|Toxic|p1a: Dragapult
|-status|p1a: Dragapult|tox
|
|-heal|p2a: Lugia|100/100 brn|[from] item: Leftovers
|-damage|p1a: Dragapult|95/100 tox|[from] psn
|-damage|p2a: Lugia|94/100 brn|[from] brn
|upkeep
|turn|7
|
|t:|1640700356
|move|p1a: Dragapult|Shadow Ball|p2a: Lugia
|-supereffective|p2a: Lugia
|-damage|p2a: Lugia|43/100 brn
|move|p2a: Lugia|Whirlpool|p1a: Dragapult
|-resisted|p1a: Dragapult
|-damage|p1a: Dragapult|90/100 tox
|-activate|p1a: Dragapult|move: Whirlpool|[of] p2a: Lugia
|
|-heal|p2a: Lugia|49/100 brn|[from] item: Leftovers
|-damage|p1a: Dragapult|78/100 tox|[from] psn
|-damage|p2a: Lugia|43/100 brn|[from] brn
|-damage|p1a: Dragapult|65/100 tox|[from] move: Whirlpool|[partiallytrapped]
|-sideend|p2: Mangoru123|Reflect
|upkeep
|turn|8
|
|t:|1640700364
|move|p1a: Dragapult|Shadow Ball|p2a: Lugia
|-supereffective|p2a: Lugia
|-damage|p2a: Lugia|0 fnt
|faint|p2a: Lugia
|
|-damage|p1a: Dragapult|48/100 tox|[from] psn
|-end|p1a: Dragapult|Whirlpool|[partiallytrapped]|[silent]
|upkeep
|
|t:|1640700374
|switch|p2a: Zacian|Zacian-Crowned|100/100
|-damage|p2a: Zacian|94/100|[from] Stealth Rock
|-ability|p2a: Zacian|Intrepid Sword|boost
|-boost|p2a: Zacian|atk|1
|turn|9
|
|t:|1640700381
|move|p2a: Zacian|Behemoth Blade|p1a: Dragapult
|-damage|p1a: Dragapult|0 fnt
|faint|p1a: Dragapult
|
|upkeep
|
|t:|1640700385
|switch|p1a: Groudon|Groudon-Primal|74/100 tox
|-weather|DesolateLand|[from] ability: Desolate Land|[of] p1a: Groudon
|turn|10
|
|t:|1640700390
|switch|p2a: Rayquaza|Rayquaza|100/100
|-damage|p2a: Rayquaza|76/100|[from] Stealth Rock
|-ability|p2a: Rayquaza|Air Lock
|move|p1a: Groudon|Lava Plume|p2a: Rayquaza
|-resisted|p2a: Rayquaza
|-damage|p2a: Rayquaza|57/100
|
|-weather|DesolateLand|[upkeep]
|-damage|p1a: Groudon|68/100 tox|[from] psn
|upkeep
|turn|11
|
|t:|1640700401
|-weather|none
|switch|p1a: Tapu Lele|Tapu Lele|100/100
|-fieldstart|move: Psychic Terrain|[from] ability: Psychic Surge|[of] p1a: Tapu Lele
|detailschange|p2a: Rayquaza|Rayquaza-Mega
|-mega|p2a: Rayquaza|Rayquaza|
|-weather|DeltaStream|[from] ability: Delta Stream|[of] p2a: Rayquaza
|move|p2a: Rayquaza|Dragon Ascent|p1a: Tapu Lele
|-damage|p1a: Tapu Lele|0 fnt
|-unboost|p2a: Rayquaza|def|1
|-unboost|p2a: Rayquaza|spd|1
|faint|p1a: Tapu Lele
|-damage|p2a: Rayquaza|47/100|[from] item: Life Orb
|
|-weather|DeltaStream|[upkeep]
|upkeep
|
|t:|1640700427
|switch|p1a: Kartana|Kartana|100/100
|turn|12
|
|t:|1640700430
|move|p1a: Kartana|Knock Off|p2a: Rayquaza
|-damage|p2a: Rayquaza|0 fnt
|-enditem|p2a: Rayquaza|Life Orb|[from] move: Knock Off|[of] p1a: Kartana
|faint|p2a: Rayquaza
|-weather|none
|-ability|p1a: Kartana|Beast Boost|boost
|-boost|p1a: Kartana|atk|1
|
|upkeep
|
|t:|1640700443
|switch|p2a: Ditto|Ditto|100/100
|-damage|p2a: Ditto|88/100|[from] Stealth Rock
|-transform|p2a: Ditto|p1a: Kartana|[from] ability: Imposter
|turn|13
|
|t:|1640700455
|switch|p1a: Groudon|Groudon-Primal|68/100 tox
|-weather|DesolateLand|[from] ability: Desolate Land|[of] p1a: Groudon
|-start|p2a: Ditto|Dynamax
|-heal|p2a: Ditto|88/100|[silent]
|move|p2a: Ditto|Max Darkness|p1a: Groudon
|-damage|p1a: Groudon|26/100 tox
|-unboost|p1a: Groudon|spd|1
|
|-weather|DesolateLand|[upkeep]
|-damage|p1a: Groudon|20/100 tox|[from] psn
|upkeep
|turn|14
|
|t:|1640700460
|move|p2a: Ditto|Max Knuckle|p1a: Groudon
|-damage|p1a: Groudon|0 fnt
|-boost|p2a: Ditto|atk|1
|faint|p1a: Groudon
|-weather|none
|-ability|p2a: Ditto|Beast Boost|boost
|-boost|p2a: Ditto|atk|1
|
|upkeep
|
|t:|1640700476
|switch|p1a: Melmetal|Melmetal|100/100
|turn|15
|
|t:|1640700480
|move|p2a: Ditto|Max Knuckle|p1a: Melmetal
|-supereffective|p1a: Melmetal
|-damage|p1a: Melmetal|0 fnt
|-boost|p2a: Ditto|atk|1
|faint|p1a: Melmetal
|-ability|p2a: Ditto|Beast Boost|boost
|-boost|p2a: Ditto|atk|1
|
|-fieldend|move: Psychic Terrain
|-end|p2a: Ditto|Dynamax
|-heal|p2a: Ditto|88/100|[silent]
|upkeep
|
|t:|1640700497
|switch|p1a: Heatran|Heatran, M|100/100
|-item|p1a: Heatran|Air Balloon
|turn|16
|
|t:|1640700503
|move|p2a: Ditto|Sacred Sword|p1a: Heatran
|-supereffective|p1a: Heatran
|-damage|p1a: Heatran|0 fnt
|-enditem|p1a: Heatran|Air Balloon
|faint|p1a: Heatran
|-ability|p2a: Ditto|Beast Boost|boost
|-boost|p2a: Ditto|atk|1
|
|upkeep
|c|☆Mangoru123|gg
|
|t:|1640700509
|switch|p1a: Kartana|Kartana|100/100
|turn|17
|
|t:|1640700511
|move|p2a: Ditto|Sacred Sword|p1a: Kartana
|-supereffective|p1a: Kartana
|-damage|p1a: Kartana|0 fnt
|faint|p1a: Kartana
|
|win|Mangoru123
|raw|orange overhaul's rating: 1459 &rarr; <strong>1438</strong><br />(-21 for losing)
|raw|Mangoru123's rating: 1444 &rarr; <strong>1465</strong><br />(+21 for winning)
|c|☆orange overhaul|gg
