|j|☆Onoufrios
|j|☆AntiVaxxMom69
|player|p1|Onoufrios|psychic-gen4|1834
|player|p2|AntiVaxxMom69|will|1635
|teamsize|p1|6
|teamsize|p2|6
|gametype|singles
|gen|8
|tier|[Gen 8] National Dex AG
|rated|
|clearpoke
|poke|p1|Necrozma-Dusk-Mane|
|poke|p1|Arceus-*|
|poke|p1|Xerneas|
|poke|p1|Lugia|
|poke|p1|Zacian-Crowned|
|poke|p1|Yveltal|
|poke|p2|Xerneas|
|poke|p2|Rayquaza|
|poke|p2|Zacian-Crowned|
|poke|p2|Ditto|
|poke|p2|Groudon|
|poke|p2|Zygarde|
|rule|HP Percentage Mod: HP is shown in percentages
|rule|Endless Battle Clause: Forcing endless battles is banned
|teampreview
|inactive|Battle timer is ON: inactive players will automatically lose when time's up. (requested by AntiVaxxMom69)
|
|start
|switch|p1a: Lugia|Lugia|100/100
|switch|p2a: I shaped AG|Rayquaza|100/100
|-ability|p2a: I shaped AG|Air Lock
|turn|1
|
|switch|p2a: Doggo|Zacian-Crowned|100/100
|-ability|p2a: Doggo|Intrepid Sword|boost
|-boost|p2a: Doggo|atk|1
|move|p1a: Lugia|Toxic|p2a: Doggo
|-immune|p2a: Doggo
|
|upkeep
|turn|2
|
|switch|p2a: Armadillo|Groudon, shiny|100/100
|detailschange|p2a: Armadillo|Groudon-Primal, shiny
|-primal|p2a: Armadillo
|-weather|DesolateLand|[from] ability: Desolate Land|[of] p2a: Armadillo
|move|p1a: Lugia|Thunder Wave|p2a: Armadillo
|-immune|p2a: Armadillo
|
|-weather|DesolateLand|[upkeep]
|upkeep
|turn|3
|j| Ruppie
|
|-weather|none
|switch|p2a: Doggo|Zacian-Crowned|100/100
|-ability|p2a: Doggo|Intrepid Sword|boost
|-boost|p2a: Doggo|atk|1
|move|p1a: Lugia|Toxic|p2a: Doggo
|-immune|p2a: Doggo
|
|upkeep
|turn|4
|
|switch|p2a: Armadillo|Groudon-Primal, shiny|100/100
|-weather|DesolateLand|[from] ability: Desolate Land|[of] p2a: Armadillo
|move|p1a: Lugia|Thunder Wave|p2a: Armadillo
|-immune|p2a: Armadillo
|
|-weather|DesolateLand|[upkeep]
|upkeep
|turn|5
|
|move|p2a: Armadillo|Stealth Rock|p1a: Lugia
|-sidestart|p1: Onoufrios|move: Stealth Rock
|move|p1a: Lugia|Thunder Wave|p2a: Armadillo
|-immune|p2a: Armadillo
|
|-weather|DesolateLand|[upkeep]
|upkeep
|turn|6
|
|move|p2a: Armadillo|Fire Punch|p1a: Lugia
|-damage|p1a: Lugia|84/100
|move|p1a: Lugia|Thunder Wave|p2a: Armadillo
|-immune|p2a: Armadillo
|
|-weather|DesolateLand|[upkeep]
|upkeep
|turn|7
|
|move|p2a: Armadillo|Fire Punch|p1a: Lugia
|-damage|p1a: Lugia|53/100
|move|p1a: Lugia|Roost|p1a: Lugia
|-heal|p1a: Lugia|100/100
|-singleturn|p1a: Lugia|move: Roost
|
|-weather|DesolateLand|[upkeep]
|upkeep
|turn|8
|
|move|p2a: Armadillo|Swords Dance|p2a: Armadillo
|-boost|p2a: Armadillo|atk|2
|move|p1a: Lugia|Toxic|p2a: Armadillo
|-status|p2a: Armadillo|tox
|
|-weather|DesolateLand|[upkeep]
|-damage|p2a: Armadillo|94/100 tox|[from] psn
|upkeep
|turn|9
|
|move|p2a: Armadillo|Swords Dance|p2a: Armadillo
|-boost|p2a: Armadillo|atk|2
|move|p1a: Lugia|Whirlwind|p2a: Armadillo
|-weather|none
|drag|p2a: S R A N K|Xerneas, shiny|100/100
|-ability|p2a: S R A N K|Fairy Aura
|
|upkeep
|turn|10
|
|switch|p2a: Doggo|Zacian-Crowned|100/100
|-ability|p2a: Doggo|Intrepid Sword|boost
|-boost|p2a: Doggo|atk|1
|move|p1a: Lugia|Thunder Wave|p2a: Doggo
|-status|p2a: Doggo|par
|
|upkeep
|turn|11
|
|switch|p2a: Armadillo|Groudon-Primal, shiny|94/100 tox
|-weather|DesolateLand|[from] ability: Desolate Land|[of] p2a: Armadillo
|move|p1a: Lugia|Whirlwind|p2a: Armadillo
|-weather|none
|drag|p2a: S R A N K|Xerneas, shiny|100/100
|-ability|p2a: S R A N K|Fairy Aura
|
|upkeep
|turn|12
|
|switch|p2a: Doggo|Zacian-Crowned|100/100 par
|-ability|p2a: Doggo|Intrepid Sword|boost
|-boost|p2a: Doggo|atk|1
|move|p1a: Lugia|Thunder Wave|p2a: Doggo
|-fail|p2a: Doggo|par
|
|upkeep
|turn|13
|
|move|p2a: Doggo|Wild Charge|p1a: Lugia
|-supereffective|p1a: Lugia
|-damage|p1a: Lugia|71/100
|-damage|p2a: Doggo|91/100 par|[from] Recoil
|move|p1a: Lugia|Whirlwind|p2a: Doggo
|drag|p2a: Armadillo|Groudon-Primal, shiny|94/100 tox
|-weather|DesolateLand|[from] ability: Desolate Land|[of] p2a: Armadillo
|
|-weather|DesolateLand|[upkeep]
|-damage|p2a: Armadillo|88/100 tox|[from] psn
|upkeep
|turn|14
|
|-weather|none
|switch|p2a: Doggo|Zacian-Crowned|91/100 par
|-ability|p2a: Doggo|Intrepid Sword|boost
|-boost|p2a: Doggo|atk|1
|move|p1a: Lugia|Roost|p1a: Lugia
|-heal|p1a: Lugia|100/100
|-singleturn|p1a: Lugia|move: Roost
|
|upkeep
|turn|15
|
|cant|p2a: Doggo|par
|move|p1a: Lugia|Whirlwind|p2a: Doggo
|drag|p2a: S R A N K|Xerneas, shiny|100/100
|-ability|p2a: S R A N K|Fairy Aura
|
|upkeep
|turn|16
|
|switch|p2a: Doggo|Zacian-Crowned|91/100 par
|-ability|p2a: Doggo|Intrepid Sword|boost
|-boost|p2a: Doggo|atk|1
|switch|p1a: Zacian|Zacian-Crowned|100/100
|-damage|p1a: Zacian|94/100|[from] Stealth Rock
|-ability|p1a: Zacian|Intrepid Sword|boost
|-boost|p1a: Zacian|atk|1
|
|upkeep
|turn|17
|
|switch|p2a: Armadillo|Groudon-Primal, shiny|88/100 tox
|-weather|DesolateLand|[from] ability: Desolate Land|[of] p2a: Armadillo
|move|p1a: Zacian|Behemoth Blade|p2a: Armadillo
|-resisted|p2a: Armadillo
|-damage|p2a: Armadillo|64/100 tox
|
|-weather|DesolateLand|[upkeep]
|-damage|p2a: Armadillo|57/100 tox|[from] psn
|upkeep
|turn|18
|
|switch|p1a: Lugia|Lugia|100/100
|move|p2a: Armadillo|Fire Punch|p1a: Lugia
|-damage|p1a: Lugia|84/100
|
|-weather|DesolateLand|[upkeep]
|-damage|p2a: Armadillo|45/100 tox|[from] psn
|upkeep
|turn|19
|inactive|AntiVaxxMom69 has 120 seconds left.
|
|-weather|none
|switch|p2a: Doggo|Zacian-Crowned|91/100 par
|-ability|p2a: Doggo|Intrepid Sword|boost
|-boost|p2a: Doggo|atk|1
|move|p1a: Lugia|Roost|p1a: Lugia
|-heal|p1a: Lugia|100/100
|-singleturn|p1a: Lugia|move: Roost
|
|upkeep
|turn|20
|
|move|p2a: Doggo|Wild Charge|p1a: Lugia
|-supereffective|p1a: Lugia
|-damage|p1a: Lugia|74/100
|-damage|p2a: Doggo|82/100 par|[from] Recoil
|move|p1a: Lugia|Whirlwind|p2a: Doggo
|drag|p2a: I shaped AG|Rayquaza|100/100
|-ability|p2a: I shaped AG|Air Lock
|
|upkeep
|turn|21
|
|switch|p2a: Doggo|Zacian-Crowned|82/100 par
|-ability|p2a: Doggo|Intrepid Sword|boost
|-boost|p2a: Doggo|atk|1
|move|p1a: Lugia|Thunder Wave|p2a: Doggo
|-fail|p2a: Doggo|par
|
|upkeep
|turn|22
|
|move|p1a: Lugia|Thunder Wave|p2a: Doggo
|-fail|p2a: Doggo|par
|move|p2a: Doggo|Wild Charge|p1a: Lugia
|-supereffective|p1a: Lugia
|-damage|p1a: Lugia|12/100
|-damage|p2a: Doggo|63/100 par|[from] Recoil
|
|upkeep
|turn|23
|inactive|AntiVaxxMom69 has 120 seconds left.
|
|move|p1a: Lugia|Roost|p1a: Lugia
|-heal|p1a: Lugia|62/100
|-singleturn|p1a: Lugia|move: Roost
|move|p2a: Doggo|Wild Charge|p1a: Lugia
|-damage|p1a: Lugia|34/100
|-damage|p2a: Doggo|54/100 par|[from] Recoil
|
|upkeep
|turn|24
|inactive|AntiVaxxMom69 has 120 seconds left.
|
|move|p1a: Lugia|Roost|p1a: Lugia
|-heal|p1a: Lugia|84/100
|-singleturn|p1a: Lugia|move: Roost
|move|p2a: Doggo|Wild Charge|p1a: Lugia
|-damage|p1a: Lugia|54/100
|-damage|p2a: Doggo|44/100 par|[from] Recoil
|
|upkeep
|turn|25
|j| Thebestneverrest
|inactive|AntiVaxxMom69 has 120 seconds left.
|
|move|p1a: Lugia|Roost|p1a: Lugia
|-heal|p1a: Lugia|100/100
|-singleturn|p1a: Lugia|move: Roost
|move|p2a: Doggo|Behemoth Blade|p1a: Lugia
|-damage|p1a: Lugia|78/100
|
|upkeep
|turn|26
|
|switch|p2a: Armadillo|Groudon-Primal, shiny|45/100 tox
|-weather|DesolateLand|[from] ability: Desolate Land|[of] p2a: Armadillo
|move|p1a: Lugia|Roost|p1a: Lugia
|-heal|p1a: Lugia|100/100
|-singleturn|p1a: Lugia|move: Roost
|
|-weather|DesolateLand|[upkeep]
|-damage|p2a: Armadillo|39/100 tox|[from] psn
|upkeep
|turn|27
|inactive|AntiVaxxMom69 has 120 seconds left.
|
|-weather|none
|switch|p2a: Doggo|Zacian-Crowned|44/100 par
|-ability|p2a: Doggo|Intrepid Sword|boost
|-boost|p2a: Doggo|atk|1
|move|p1a: Lugia|Thunder Wave|p2a: Doggo
|-fail|p2a: Doggo|par
|
|upkeep
|turn|28
|inactive|AntiVaxxMom69 has 120 seconds left.
|
|move|p2a: Doggo|Behemoth Blade|p1a: Lugia
|-damage|p1a: Lugia|78/100
|move|p1a: Lugia|Whirlwind|p2a: Doggo
|drag|p2a: Armadillo|Groudon-Primal, shiny|39/100 tox
|-weather|DesolateLand|[from] ability: Desolate Land|[of] p2a: Armadillo
|
|-weather|DesolateLand|[upkeep]
|-damage|p2a: Armadillo|33/100 tox|[from] psn
|upkeep
|turn|29
|inactive|AntiVaxxMom69 has 120 seconds left.
|
|-weather|none
|switch|p2a: Doggo|Zacian-Crowned|44/100 par
|-ability|p2a: Doggo|Intrepid Sword|boost
|-boost|p2a: Doggo|atk|1
|move|p1a: Lugia|Roost|p1a: Lugia
|-heal|p1a: Lugia|100/100
|-singleturn|p1a: Lugia|move: Roost
|
|upkeep
|turn|30
|
|switch|p2a: Armadillo|Groudon-Primal, shiny|33/100 tox
|-weather|DesolateLand|[from] ability: Desolate Land|[of] p2a: Armadillo
|move|p1a: Lugia|Whirlwind|p2a: Armadillo
|-weather|none
|drag|p2a: En Garde!|Zygarde|100/100
|
|upkeep
|turn|31
|
|move|p1a: Lugia|Toxic|p2a: En Garde!
|-status|p2a: En Garde!|tox
|move|p2a: En Garde!|Rest|p2a: En Garde!
|-fail|p2a: En Garde!|heal
|
|-damage|p2a: En Garde!|94/100 tox|[from] psn
|upkeep
|turn|32
|c| Thebestneverrest|Lol
|
|move|p2a: En Garde!|Rest|p2a: En Garde!
|-status|p2a: En Garde!|slp|[from] move: Rest
|-heal|p2a: En Garde!|100/100 slp|[silent]
|move|p1a: Lugia|Whirlwind|p2a: En Garde!
|drag|p2a: Armadillo|Groudon-Primal, shiny|33/100 tox
|-weather|DesolateLand|[from] ability: Desolate Land|[of] p2a: Armadillo
|
|-weather|DesolateLand|[upkeep]
|-damage|p2a: Armadillo|27/100 tox|[from] psn
|upkeep
|turn|33
|c| Thebestneverrest|You was ready for it
|
|-weather|none
|switch|p2a: Doggo|Zacian-Crowned|44/100 par
|-ability|p2a: Doggo|Intrepid Sword|boost
|-boost|p2a: Doggo|atk|1
|move|p1a: Lugia|Whirlwind|p2a: Doggo
|drag|p2a: I shaped AG|Rayquaza|100/100
|-ability|p2a: I shaped AG|Air Lock
|
|upkeep
|turn|34
|
|switch|p2a: Doggo|Zacian-Crowned|44/100 par
|-ability|p2a: Doggo|Intrepid Sword|boost
|-boost|p2a: Doggo|atk|1
|move|p1a: Lugia|Whirlwind|p2a: Doggo
|drag|p2a: I shaped AG|Rayquaza|100/100
|-ability|p2a: I shaped AG|Air Lock
|
|upkeep
|turn|35
|
|switch|p2a: Doggo|Zacian-Crowned|44/100 par
|-ability|p2a: Doggo|Intrepid Sword|boost
|-boost|p2a: Doggo|atk|1
|move|p1a: Lugia|Thunder Wave|p2a: Doggo|[miss]
|-miss|p1a: Lugia|p2a: Doggo
|
|upkeep
|turn|36
|
|switch|p2a: Armadillo|Groudon-Primal, shiny|27/100 tox
|-weather|DesolateLand|[from] ability: Desolate Land|[of] p2a: Armadillo
|move|p1a: Lugia|Whirlwind|p2a: Armadillo
|-weather|none
|drag|p2a: Mr. Jiggles|Ditto, shiny|100/100
|-transform|p2a: Mr. Jiggles|p1a: Lugia|[from] ability: Imposter
|
|upkeep
|turn|37
|
|switch|p2a: Doggo|Zacian-Crowned|44/100 par
|-ability|p2a: Doggo|Intrepid Sword|boost
|-boost|p2a: Doggo|atk|1
|move|p1a: Lugia|Thunder Wave|p2a: Doggo|[miss]
|-miss|p1a: Lugia|p2a: Doggo
|
|upkeep
|turn|38
|
|switch|p2a: En Garde!|Zygarde|100/100 slp
|move|p1a: Lugia|Thunder Wave|p2a: En Garde!
|-immune|p2a: En Garde!
|
|upkeep
|turn|39
|
|switch|p1a: Xerneas|Xerneas|100/100
|-damage|p1a: Xerneas|88/100|[from] Stealth Rock
|-ability|p1a: Xerneas|Fairy Aura
|cant|p2a: En Garde!|slp
|
|upkeep
|turn|40
|
|move|p1a: Xerneas|Moonblast|p2a: En Garde!
|-supereffective|p2a: En Garde!
|-damage|p2a: En Garde!|0 fnt
|faint|p2a: En Garde!
|
|upkeep
|
|switch|p2a: Doggo|Zacian-Crowned|44/100 par
|-ability|p2a: Doggo|Intrepid Sword|boost
|-boost|p2a: Doggo|atk|1
|turn|41
|
|switch|p1a: Lugia|Lugia|100/100
|move|p2a: Doggo|Behemoth Blade|p1a: Lugia
|-damage|p1a: Lugia|76/100
|
|upkeep
|turn|42
|
|switch|p2a: Armadillo|Groudon-Primal, shiny|27/100 tox
|-weather|DesolateLand|[from] ability: Desolate Land|[of] p2a: Armadillo
|move|p1a: Lugia|Thunder Wave|p2a: Armadillo
|-immune|p2a: Armadillo
|
|-weather|DesolateLand|[upkeep]
|-damage|p2a: Armadillo|20/100 tox|[from] psn
|upkeep
|turn|43
|
|-weather|none
|switch|p2a: Doggo|Zacian-Crowned|44/100 par
|-ability|p2a: Doggo|Intrepid Sword|boost
|-boost|p2a: Doggo|atk|1
|move|p1a: Lugia|Roost|p1a: Lugia
|-heal|p1a: Lugia|100/100
|-singleturn|p1a: Lugia|move: Roost
|
|upkeep
|turn|44
|
|move|p1a: Lugia|Thunder Wave|p2a: Doggo|[miss]
|-miss|p1a: Lugia|p2a: Doggo
|move|p2a: Doggo|Behemoth Blade|p1a: Lugia
|-damage|p1a: Lugia|75/100
|
|upkeep
|turn|45
|j| F-Drained
|l| F-Drained
|
|switch|p2a: Armadillo|Groudon-Primal, shiny|20/100 tox
|-weather|DesolateLand|[from] ability: Desolate Land|[of] p2a: Armadillo
|move|p1a: Lugia|Toxic|p2a: Armadillo
|-fail|p2a: Armadillo|tox
|
|-weather|DesolateLand|[upkeep]
|-damage|p2a: Armadillo|14/100 tox|[from] psn
|upkeep
|turn|46
|
|-weather|none
|switch|p2a: Doggo|Zacian-Crowned|44/100 par
|-ability|p2a: Doggo|Intrepid Sword|boost
|-boost|p2a: Doggo|atk|1
|move|p1a: Lugia|Roost|p1a: Lugia
|-heal|p1a: Lugia|100/100
|-singleturn|p1a: Lugia|move: Roost
|
|upkeep
|turn|47
|
|cant|p2a: Doggo|par
|move|p1a: Lugia|Whirlwind|p2a: Doggo
|drag|p2a: I shaped AG|Rayquaza|100/100
|-ability|p2a: I shaped AG|Air Lock
|
|upkeep
|turn|48
|
|switch|p2a: Doggo|Zacian-Crowned|44/100 par
|-ability|p2a: Doggo|Intrepid Sword|boost
|-boost|p2a: Doggo|atk|1
|move|p1a: Lugia|Whirlwind|p2a: Doggo
|drag|p2a: Armadillo|Groudon-Primal, shiny|14/100 tox
|-weather|DesolateLand|[from] ability: Desolate Land|[of] p2a: Armadillo
|
|-weather|DesolateLand|[upkeep]
|-damage|p2a: Armadillo|8/100 tox|[from] psn
|upkeep
|turn|49
|
|-weather|none
|switch|p2a: Doggo|Zacian-Crowned|44/100 par
|-ability|p2a: Doggo|Intrepid Sword|boost
|-boost|p2a: Doggo|atk|1
|move|p1a: Lugia|Whirlwind|p2a: Doggo
|drag|p2a: Mr. Jiggles|Ditto, shiny|100/100
|-transform|p2a: Mr. Jiggles|p1a: Lugia|[from] ability: Imposter
|
|upkeep
|turn|50
|c| Thebestneverrest|Nooo
|
|switch|p2a: Doggo|Zacian-Crowned|44/100 par
|-ability|p2a: Doggo|Intrepid Sword|boost
|-boost|p2a: Doggo|atk|1
|move|p1a: Lugia|Thunder Wave|p2a: Doggo
|-fail|p2a: Doggo|par
|
|upkeep
|turn|51
|c| Thebestneverrest|Dont hurt mr jiggles
|
|switch|p2a: Armadillo|Groudon-Primal, shiny|8/100 tox
|-weather|DesolateLand|[from] ability: Desolate Land|[of] p2a: Armadillo
|move|p1a: Lugia|Thunder Wave|p2a: Armadillo
|-immune|p2a: Armadillo
|
|-weather|DesolateLand|[upkeep]
|-damage|p2a: Armadillo|2/100 tox|[from] psn
|upkeep
|turn|52
|
|-weather|none
|switch|p2a: Doggo|Zacian-Crowned|44/100 par
|-ability|p2a: Doggo|Intrepid Sword|boost
|-boost|p2a: Doggo|atk|1
|move|p1a: Lugia|Whirlwind|p2a: Doggo
|drag|p2a: Mr. Jiggles|Ditto, shiny|100/100
|-transform|p2a: Mr. Jiggles|p1a: Lugia|[from] ability: Imposter
|
|upkeep
|turn|53
|
|switch|p2a: Doggo|Zacian-Crowned|44/100 par
|-ability|p2a: Doggo|Intrepid Sword|boost
|-boost|p2a: Doggo|atk|1
|move|p1a: Lugia|Thunder Wave|p2a: Doggo
|-fail|p2a: Doggo|par
|
|upkeep
|turn|54
|
|switch|p2a: Armadillo|Groudon-Primal, shiny|2/100 tox
|-weather|DesolateLand|[from] ability: Desolate Land|[of] p2a: Armadillo
|move|p1a: Lugia|Whirlwind|p2a: Armadillo
|-weather|none
|drag|p2a: Mr. Jiggles|Ditto, shiny|100/100
|-transform|p2a: Mr. Jiggles|p1a: Lugia|[from] ability: Imposter
|
|upkeep
|turn|55
|j| Daiki senpaii
|
|switch|p2a: Doggo|Zacian-Crowned|44/100 par
|-ability|p2a: Doggo|Intrepid Sword|boost
|-boost|p2a: Doggo|atk|1
|move|p1a: Lugia|Thunder Wave|p2a: Doggo|[miss]
|-miss|p1a: Lugia|p2a: Doggo
|
|upkeep
|turn|56
|
|switch|p2a: Armadillo|Groudon-Primal, shiny|2/100 tox
|-weather|DesolateLand|[from] ability: Desolate Land|[of] p2a: Armadillo
|move|p1a: Lugia|Toxic|p2a: Armadillo
|-fail|p2a: Armadillo|tox
|
|-weather|DesolateLand|[upkeep]
|-damage|p2a: Armadillo|0 fnt|[from] psn
|faint|p2a: Armadillo
|-weather|none
|upkeep
|
|switch|p2a: I shaped AG|Rayquaza|100/100
|-ability|p2a: I shaped AG|Air Lock
|turn|57
|l| Ruppie
|
|switch|p2a: Doggo|Zacian-Crowned|44/100 par
|-ability|p2a: Doggo|Intrepid Sword|boost
|-boost|p2a: Doggo|atk|1
|switch|p1a: Necrozma|Necrozma-Dusk-Mane|100/100
|-damage|p1a: Necrozma|94/100|[from] Stealth Rock
|
|upkeep
|turn|58
|
|switch|p2a: I shaped AG|Rayquaza|100/100
|-ability|p2a: I shaped AG|Air Lock
|detailschange|p1a: Necrozma|Necrozma-Ultra
|-burst|p1a: Necrozma|Necrozma|Ultranecrozium Z
|move|p1a: Necrozma|Earthquake|p2a: I shaped AG
|-immune|p2a: I shaped AG
|
|upkeep
|turn|59
|
|switch|p1a: Lugia|Lugia|100/100
|detailschange|p2a: I shaped AG|Rayquaza-Mega
|-mega|p2a: I shaped AG|Rayquaza|
|-weather|DeltaStream|[from] ability: Delta Stream|[of] p2a: I shaped AG
|move|p2a: I shaped AG|Dragon Dance|p2a: I shaped AG
|-boost|p2a: I shaped AG|atk|1
|-boost|p2a: I shaped AG|spe|1
|
|-weather|DeltaStream|[upkeep]
|upkeep
|turn|60
|
|move|p2a: I shaped AG|Dragon Ascent|p1a: Lugia
|-damage|p1a: Lugia|60/100
|-unboost|p2a: I shaped AG|def|1
|-unboost|p2a: I shaped AG|spd|1
|-damage|p2a: I shaped AG|91/100|[from] item: Life Orb
|move|p1a: Lugia|Thunder Wave|p2a: I shaped AG
|-status|p2a: I shaped AG|par
|
|-weather|DeltaStream|[upkeep]
|upkeep
|turn|61
|
|move|p1a: Lugia|Roost|p1a: Lugia
|-heal|p1a: Lugia|100/100
|-singleturn|p1a: Lugia|move: Roost
|move|p2a: I shaped AG|Dragon Ascent|p1a: Lugia
|-damage|p1a: Lugia|57/100
|-unboost|p2a: I shaped AG|def|1
|-unboost|p2a: I shaped AG|spd|1
|-damage|p2a: I shaped AG|81/100 par|[from] item: Life Orb
|
|-weather|DeltaStream|[upkeep]
|upkeep
|turn|62
|
|move|p1a: Lugia|Roost|p1a: Lugia
|-heal|p1a: Lugia|100/100
|-singleturn|p1a: Lugia|move: Roost
|cant|p2a: I shaped AG|par
|
|-weather|DeltaStream|[upkeep]
|upkeep
|turn|63
|
|move|p2a: I shaped AG|Dragon Ascent|p1a: Lugia
|-damage|p1a: Lugia|58/100
|-unboost|p2a: I shaped AG|def|1
|-unboost|p2a: I shaped AG|spd|1
|-damage|p2a: I shaped AG|71/100 par|[from] item: Life Orb
|move|p1a: Lugia|Whirlwind|p2a: I shaped AG
|-weather|none
|drag|p2a: S R A N K|Xerneas, shiny|100/100
|-ability|p2a: S R A N K|Fairy Aura
|
|upkeep
|turn|64
|
|switch|p2a: Doggo|Zacian-Crowned|44/100 par
|-ability|p2a: Doggo|Intrepid Sword|boost
|-boost|p2a: Doggo|atk|1
|move|p1a: Lugia|Thunder Wave|p2a: Doggo|[miss]
|-miss|p1a: Lugia|p2a: Doggo
|
|upkeep
|turn|65
|
|switch|p2a: I shaped AG|Rayquaza-Mega|71/100 par
|-weather|DeltaStream|[from] ability: Delta Stream|[of] p2a: I shaped AG
|move|p1a: Lugia|Roost|p1a: Lugia
|-heal|p1a: Lugia|100/100
|-singleturn|p1a: Lugia|move: Roost
|
|-weather|DeltaStream|[upkeep]
|upkeep
|turn|66
|
|-weather|none
|switch|p2a: Doggo|Zacian-Crowned|44/100 par
|-ability|p2a: Doggo|Intrepid Sword|boost
|-boost|p2a: Doggo|atk|1
|move|p1a: Lugia|Whirlwind|p2a: Doggo
|drag|p2a: Mr. Jiggles|Ditto, shiny|100/100
|-transform|p2a: Mr. Jiggles|p1a: Lugia|[from] ability: Imposter
|
|upkeep
|turn|67
|
|switch|p2a: Doggo|Zacian-Crowned|44/100 par
|-ability|p2a: Doggo|Intrepid Sword|boost
|-boost|p2a: Doggo|atk|1
|switch|p1a: Necrozma|Necrozma-Ultra|94/100
|-damage|p1a: Necrozma|82/100|[from] Stealth Rock
|
|upkeep
|turn|68
|
|switch|p2a: I shaped AG|Rayquaza-Mega|71/100 par
|-weather|DeltaStream|[from] ability: Delta Stream|[of] p2a: I shaped AG
|-zpower|p1a: Necrozma
|move|p1a: Necrozma|Light That Burns the Sky|p2a: I shaped AG|[zeffect]
|-damage|p2a: I shaped AG|0 fnt
|faint|p2a: I shaped AG
|-weather|none
|
|upkeep
|
|switch|p2a: Mr. Jiggles|Ditto, shiny|100/100
|-transform|p2a: Mr. Jiggles|p1a: Necrozma|[from] ability: Imposter
|turn|69
|
|switch|p1a: Lugia|Lugia|100/100
|move|p2a: Mr. Jiggles|Earthquake|p1a: Lugia
|-immune|p1a: Lugia
|
|upkeep
|turn|70
|c|☆AntiVaxxMom69|Nice?
|l| Daiki senpaii
|j| Daiki senpaii
|
|switch|p2a: Doggo|Zacian-Crowned|44/100 par
|-ability|p2a: Doggo|Intrepid Sword|boost
|-boost|p2a: Doggo|atk|1
|switch|p1a: Zacian|Zacian-Crowned|94/100
|-damage|p1a: Zacian|88/100|[from] Stealth Rock
|-ability|p1a: Zacian|Intrepid Sword|boost
|-boost|p1a: Zacian|atk|1
|
|upkeep
|turn|71
|
|move|p1a: Zacian|Behemoth Blade|p2a: Doggo
|-damage|p2a: Doggo|0 fnt
|faint|p2a: Doggo
|
|upkeep
|
|switch|p2a: Mr. Jiggles|Ditto, shiny|100/100
|-transform|p2a: Mr. Jiggles|p1a: Zacian|[from] ability: Imposter
|-ability|p2a: Mr. Jiggles|Intrepid Sword|boost
|-boost|p2a: Mr. Jiggles|atk|1
|turn|72
|
|move|p2a: Mr. Jiggles|Behemoth Blade|p1a: Zacian
|-damage|p1a: Zacian|0 fnt
|faint|p1a: Zacian
|
|upkeep
|
|switch|p1a: Lugia|Lugia|100/100
|turn|73
|
|move|p2a: Mr. Jiggles|Behemoth Blade|p1a: Lugia
|-damage|p1a: Lugia|69/100
|move|p1a: Lugia|Thunder Wave|p2a: Mr. Jiggles
|-status|p2a: Mr. Jiggles|par
|
|upkeep
|turn|74
|
|move|p2a: Mr. Jiggles|Behemoth Blade|p1a: Lugia
|-damage|p1a: Lugia|0 fnt
|faint|p1a: Lugia
|
|upkeep
|c| Thebestneverrest|Yay
|c| Thebestneverrest|Lugias dead
|c|☆AntiVaxxMom69|Jiggle kinda sniped him
|inactive|Onoufrios has 120 seconds left.
|c|☆AntiVaxxMom69|k I n d a
|c| Thebestneverrest|Yeah
|inactive|Onoufrios has 90 seconds left.
|
|switch|p1a: Arceus|Arceus|100/100
|-damage|p1a: Arceus|88/100|[from] Stealth Rock
|turn|75
|c| Thebestneverrest|I dont like how lugia is used
|
|cant|p2a: Mr. Jiggles|par
|move|p1a: Arceus|Earthquake|p2a: Mr. Jiggles
|-supereffective|p2a: Mr. Jiggles
|-damage|p2a: Mr. Jiggles|26/100 par
|
|upkeep
|turn|76
|
|move|p1a: Arceus|Extreme Speed|p2a: Mr. Jiggles
|-resisted|p2a: Mr. Jiggles
|-damage|p2a: Mr. Jiggles|0 fnt
|faint|p2a: Mr. Jiggles
|
|upkeep
|
|switch|p2a: S R A N K|Xerneas, shiny|100/100
|-ability|p2a: S R A N K|Fairy Aura
|turn|77
|
|-start|p1a: Arceus|Dynamax
|-heal|p1a: Arceus|88/100|[silent]
|move|p2a: S R A N K|Geomancy||[still]
|-prepare|p2a: S R A N K|Geomancy|p2a: S R A N K
|-enditem|p2a: S R A N K|Power Herb
|-anim|p2a: S R A N K|Geomancy|p2a: S R A N K
|-boost|p2a: S R A N K|spa|2
|-boost|p2a: S R A N K|spd|2
|-boost|p2a: S R A N K|spe|2
|move|p1a: Arceus|Max Strike|p2a: S R A N K
|-damage|p2a: S R A N K|21/100
|-unboost|p2a: S R A N K|spe|1
|
|upkeep
|turn|78
|c|☆AntiVaxxMom69|Gg
|
|-start|p2a: S R A N K|Dynamax
|-heal|p2a: S R A N K|21/100|[silent]
|move|p2a: S R A N K|Max Starfall|p1a: Arceus
|-crit|p1a: Arceus
|-damage|p1a: Arceus|0 fnt
|-fieldstart|move: Misty Terrain
|faint|p1a: Arceus
|
|upkeep
|c|☆AntiVaxxMom69|OH
|c| Thebestneverrest|Come back???
|c|☆AntiVaxxMom69|FOR ONCE RNGESUS HAS GIVEN ME LIFE
|inactive|Onoufrios has 90 seconds left.
|c| Daiki senpaii|Lol
|c|☆Onoufrios|Crit man
|c|☆Onoufrios|Lucky
|c|☆AntiVaxxMom69|I’m so bloody sorry
|
|switch|p1a: Necrozma|Necrozma-Ultra|82/100
|-damage|p1a: Necrozma|70/100|[from] Stealth Rock
|turn|79
|
|move|p2a: S R A N K|Max Starfall|p1a: Necrozma
|-supereffective|p1a: Necrozma
|-damage|p1a: Necrozma|0 fnt
|faint|p1a: Necrozma
|
|upkeep
|c| Thebestneverrest|No dont be sorry that lugia was destroying you
|
|switch|p1a: Yveltal|Yveltal|100/100
|-damage|p1a: Yveltal|76/100|[from] Stealth Rock
|-ability|p1a: Yveltal|Dark Aura
|turn|80
|
|move|p2a: S R A N K|Max Starfall|p1a: Yveltal
|-supereffective|p1a: Yveltal
|-damage|p1a: Yveltal|0 fnt
|faint|p1a: Yveltal
|
|-end|p2a: S R A N K|Dynamax
|-heal|p2a: S R A N K|21/100|[silent]
|upkeep
|c| Thebestneverrest|Now your winning
|
|switch|p1a: Xerneas|Xerneas|88/100
|-damage|p1a: Xerneas|75/100|[from] Stealth Rock
|-ability|p1a: Xerneas|Fairy Aura
|turn|81
|
|move|p2a: S R A N K|Moonblast|p1a: Xerneas
|-damage|p1a: Xerneas|0 fnt
|faint|p1a: Xerneas
|
|win|AntiVaxxMom69
|c|☆AntiVaxxMom69|Gg
|c| Thebestneverrest|Gg
|c| Thebestneverrest|Anti battle me
||Ladder (probably) updated, but score could not be retrieved (Response not received).
