|j|☆YLong
|j|☆rock thunder bird
|t:|1669340378
|gametype|singles
|player|p1|YLong|byron|
|player|p2|rock thunder bird|giovanni-masters|
|teamsize|p1|6
|teamsize|p2|6
|gen|8
|tier|[Gen 8] National Dex AG
|rule|HP Percentage Mod: HP is shown in percentages
|rule|Endless Battle Clause: Forcing endless battles is banned
|clearpoke
|poke|p1|Naganadel|
|poke|p1|Altaria, M|
|poke|p1|Latios, M|
|poke|p1|Latias, F|
|poke|p1|Ribombee, F|
|poke|p1|Victini|
|poke|p2|Garchomp, F|
|poke|p2|Latios, M|
|poke|p2|Salamence, M|
|poke|p2|Kyurem|
|poke|p2|Jirachi|
|poke|p2|Kingdra, M|
|teampreview
|c|☆rock thunder bird|等等
|c|☆YLong|怎么了
|c|☆YLong|三系统
|c|☆YLong|qwq
|c|☆YLong|qwq
|j| 123SQZ
|c| 123SQZ|双开？
|c| 123SQZ|这比克提尼
|c| 123SQZ|是用来打
|c| 123SQZ|基拉祈的吗
|c| 123SQZ|emmm
|c|☆YLong|yes
|c|☆rock thunder bird|笑死
|c|☆rock thunder bird|我是傻逼吗
|
|t:|1669341008
|start
|switch|p1a: Victini|Victini|100/100
|switch|p2a: 无限の守护神|Latios, M|100/100
|turn|1
|c| 123SQZ|...
|
|t:|1669341016
|move|p2a: 无限の守护神|Draco Meteor|p1a: Victini
|-damage|p1a: Victini|43/100
|-unboost|p2a: 无限の守护神|spa|2
|move|p1a: Victini|Final Gambit|p2a: 无限の守护神
|-damage|p2a: 无限の守护神|43/100
|faint|p1a: Victini
|
|upkeep
|c|☆rock thunder bird|哈哈哈哈哈哈哈哈哈哈哈哈哈哈哈哈哈哈哈哈哈哈哈哈哈哈哈哈哈哈哈哈哈哈哈哈哈哈哈哈哈哈哈哈哈
|
|t:|1669341023
|switch|p1a: Altaria|Altaria, M|100/100
|-ability|p1a: Altaria|Cloud Nine
|turn|2
|c|☆rock thunder bird|我就知道
|c| 123SQZ|哈哈哈
|c|☆YLong|艹
|
|t:|1669341030
|switch|p2a: 天翔の梦|Salamence, M|100/100
|-ability|p2a: 天翔の梦|Intimidate|boost
|-unboost|p1a: Altaria|atk|1
|detailschange|p1a: Altaria|Altaria-Mega, M
|-mega|p1a: Altaria|Altaria|Altarianite
|move|p1a: Altaria|Dragon Dance|p1a: Altaria
|-boost|p1a: Altaria|atk|1
|-boost|p1a: Altaria|spe|1
|
|upkeep
|turn|3
|c| 123SQZ|笑死
|
|t:|1669341042
|switch|p2a: 星夜の祈愿|Jirachi|100/100
|move|p1a: Altaria|Return|p2a: 星夜の祈愿
|-resisted|p2a: 星夜の祈愿
|-damage|p2a: 星夜の祈愿|78/100
|
|-heal|p2a: 星夜の祈愿|85/100|[from] item: Leftovers
|upkeep
|turn|4
|
|t:|1669341051
|switch|p1a: Ribombee|Ribombee, F|100/100
|move|p2a: 星夜の祈愿|Thunder Wave|p1a: Ribombee|[miss]
|-miss|p2a: 星夜の祈愿|p1a: Ribombee
|
|-heal|p2a: 星夜の祈愿|91/100|[from] item: Leftovers
|upkeep
|turn|5
|c| 123SQZ|羁绊是我的
|
|t:|1669341075
|move|p1a: Ribombee|Sticky Web|p2a: 星夜の祈愿
|-sidestart|p2: rock thunder bird|move: Sticky Web
|move|p2a: 星夜の祈愿|Stealth Rock|p1a: Ribombee
|-sidestart|p1: YLong|move: Stealth Rock
|
|-heal|p2a: 星夜の祈愿|97/100|[from] item: Leftovers
|upkeep
|turn|6
|c| 123SQZ|哈哈哈哈
|c|☆rock thunder bird|无所谓
|c|☆rock thunder bird|没人吃
|
|t:|1669341099
|move|p1a: Ribombee|Dazzling Gleam|p2a: 星夜の祈愿
|-resisted|p2a: 星夜の祈愿
|-damage|p2a: 星夜の祈愿|87/100
|move|p2a: 星夜の祈愿|Thunder Wave|p1a: Ribombee
|-status|p1a: Ribombee|par
|
|-heal|p2a: 星夜の祈愿|93/100|[from] item: Leftovers
|upkeep
|turn|7
|
|t:|1669341112
|move|p2a: 星夜の祈愿|Wish|p2a: 星夜の祈愿
|cant|p1a: Ribombee|par
|
|-heal|p2a: 星夜の祈愿|99/100|[from] item: Leftovers
|upkeep
|turn|8
|
|t:|1669341120
|move|p2a: 星夜の祈愿|U-turn|p1a: Ribombee
|-resisted|p1a: Ribombee
|-damage|p1a: Ribombee|85/100 par
|
|t:|1669341123
|switch|p2a: 无限の守护神|Latios, M|43/100|[from] U-turn
|cant|p1a: Ribombee|par
|
|-heal|p2a: 无限の守护神|100/100|[from] move: Wish|[wisher] 星夜の祈愿
|upkeep
|turn|9
|c|☆YLong|wcnm
|c|☆YLong|演员
|
|t:|1669341138
|switch|p2a: 天翔の梦|Salamence, M|100/100
|-ability|p2a: 天翔の梦|Intimidate|boost
|-unboost|p1a: Ribombee|atk|1
|move|p1a: Ribombee|Dazzling Gleam|p2a: 天翔の梦
|-supereffective|p2a: 天翔の梦
|-damage|p2a: 天翔の梦|35/100
|
|upkeep
|turn|10
|
|t:|1669341148
|switch|p2a: 星夜の祈愿|Jirachi|99/100
|-activate|p2a: 星夜の祈愿|move: Sticky Web
|-unboost|p2a: 星夜の祈愿|spe|1
|move|p1a: Ribombee|Tailwind|p1a: Ribombee
|-sidestart|p1: YLong|move: Tailwind
|
|-heal|p2a: 星夜の祈愿|100/100|[from] item: Leftovers
|upkeep
|turn|11
|
|t:|1669341158
|move|p1a: Ribombee|Dazzling Gleam|p2a: 星夜の祈愿
|-resisted|p2a: 星夜の祈愿
|-damage|p2a: 星夜の祈愿|90/100
|move|p2a: 星夜の祈愿|Thunder Wave|p1a: Ribombee
|-fail|p1a: Ribombee|par
|
|-heal|p2a: 星夜の祈愿|97/100|[from] item: Leftovers
|upkeep
|turn|12
|
|t:|1669341165
|move|p1a: Ribombee|Dazzling Gleam|p2a: 星夜の祈愿
|-resisted|p2a: 星夜の祈愿
|-damage|p2a: 星夜の祈愿|86/100
|move|p2a: 星夜の祈愿|Stealth Rock||[still]
|-fail|p2a: 星夜の祈愿
|
|-heal|p2a: 星夜の祈愿|93/100|[from] item: Leftovers
|upkeep
|turn|13
|c| 123SQZ|？？？
|
|t:|1669341174
|move|p1a: Ribombee|Dazzling Gleam|p2a: 星夜の祈愿
|-resisted|p2a: 星夜の祈愿
|-damage|p2a: 星夜の祈愿|82/100
|move|p2a: 星夜の祈愿|Thunder Wave|p1a: Ribombee
|-fail|p1a: Ribombee|par
|
|-heal|p2a: 星夜の祈愿|88/100|[from] item: Leftovers
|-sideend|p1: YLong|move: Tailwind
|upkeep
|turn|14
|c| 123SQZ|这双方都开始掰了吗
|c| 123SQZ|摆
|
|t:|1669341184
|cant|p1a: Ribombee|par
|move|p2a: 星夜の祈愿|Stealth Rock||[still]
|-fail|p2a: 星夜の祈愿
|
|-heal|p2a: 星夜の祈愿|94/100|[from] item: Leftovers
|upkeep
|turn|15
|c|☆rock thunder bird|我pp比他多
|
|t:|1669341194
|cant|p1a: Ribombee|par
|move|p2a: 星夜の祈愿|Wish|p2a: 星夜の祈愿
|
|-heal|p2a: 星夜の祈愿|100/100|[from] item: Leftovers
|upkeep
|turn|16
|
|t:|1669341201
|cant|p1a: Ribombee|par
|move|p2a: 星夜の祈愿|U-turn|p1a: Ribombee
|-resisted|p1a: Ribombee
|-damage|p1a: Ribombee|71/100 par
|c|☆YLong|cnm
|c|☆YLong|演员
|c| 123SQZ|他如果一直麻痹..
|c| 123SQZ|就不一定了
|
|t:|1669341218
|switch|p2a: 咆哮の寒冰|Kyurem|100/100|[from] U-turn
|-activate|p2a: 咆哮の寒冰|move: Sticky Web
|-unboost|p2a: 咆哮の寒冰|spe|1
|-ability|p2a: 咆哮の寒冰|Pressure
|
|upkeep
|turn|17
|
|t:|1669341227
|move|p1a: Ribombee|Tailwind|p1a: Ribombee
|-sidestart|p1: YLong|move: Tailwind
|move|p2a: 咆哮の寒冰|Substitute|p2a: 咆哮の寒冰
|-start|p2a: 咆哮の寒冰|Substitute
|-damage|p2a: 咆哮の寒冰|76/100
|
|-heal|p2a: 咆哮の寒冰|82/100|[from] item: Leftovers
|upkeep
|turn|18
|
|t:|1669341232
|cant|p1a: Ribombee|par
|move|p2a: 咆哮の寒冰|Earth Power|p1a: Ribombee
|-resisted|p1a: Ribombee
|-damage|p1a: Ribombee|39/100 par
|
|-heal|p2a: 咆哮の寒冰|88/100|[from] item: Leftovers
|upkeep
|turn|19
|
|t:|1669341237
|move|p1a: Ribombee|Dazzling Gleam|p2a: 咆哮の寒冰
|-supereffective|p2a: 咆哮の寒冰
|-end|p2a: 咆哮の寒冰|Substitute
|move|p2a: 咆哮の寒冰|Earth Power|p1a: Ribombee
|-resisted|p1a: Ribombee
|-crit|p1a: Ribombee
|-damage|p1a: Ribombee|0 fnt
|faint|p1a: Ribombee
|
|-heal|p2a: 咆哮の寒冰|94/100|[from] item: Leftovers
|upkeep
|c|☆rock thunder bird|c
|c|☆rock thunder bird|好死不死
|c|☆rock thunder bird|这时候ct
|
|t:|1669341252
|switch|p1a: Naganadel|Naganadel, shiny|100/100
|-damage|p1a: Naganadel|88/100|[from] Stealth Rock
|turn|20
|
|t:|1669341261
|-start|p1a: Naganadel|Dynamax|
|-heal|p1a: Naganadel|88/100|[silent]
|-start|p2a: 咆哮の寒冰|Dynamax|
|-heal|p2a: 咆哮の寒冰|94/100|[silent]
|move|p1a: Naganadel|Max Flare|p2a: 咆哮の寒冰
|-damage|p2a: 咆哮の寒冰|74/100
|-weather|SunnyDay
|move|p2a: 咆哮の寒冰|Max Quake|p1a: Naganadel
|-supereffective|p1a: Naganadel
|-damage|p1a: Naganadel|14/100
|-boost|p2a: 咆哮の寒冰|spd|1
|
|-weather|SunnyDay|[upkeep]
|-heal|p2a: 咆哮の寒冰|77/100|[from] item: Leftovers
|-sideend|p1: YLong|move: Tailwind
|upkeep
|turn|21
|c|☆YLong|寄
|c| 123SQZ|？？？
|c| 123SQZ|你在干什么
|c|☆YLong|忘带龙本了
|
|t:|1669341282
|move|p1a: Naganadel|Max Flare|p2a: 咆哮の寒冰
|-damage|p2a: 咆哮の寒冰|57/100
|move|p2a: 咆哮の寒冰|Max Quake|p1a: Naganadel
|-supereffective|p1a: Naganadel
|-damage|p1a: Naganadel|0 fnt
|-boost|p2a: 咆哮の寒冰|spd|1
|faint|p1a: Naganadel
|
|-weather|SunnyDay|[upkeep]
|-heal|p2a: 咆哮の寒冰|60/100|[from] item: Leftovers
|upkeep
|c| 123SQZ|.....
|c|☆rock thunder bird|6
|c|☆rock thunder bird|6
|c|☆rock thunder bird|6
|c| 123SQZ|6
|c|☆rock thunder bird|666
|c|☆rock thunder bird|66
|c|☆rock thunder bird|6
|c|☆rock thunder bird|6
|
|t:|1669341287
|switch|p1a: Altaria|Altaria-Mega, M|100/100
|-damage|p1a: Altaria|88/100|[from] Stealth Rock
|turn|22
|c|☆rock thunder bird|6
|c|☆rock thunder bird|6
|c|☆rock thunder bird|6
|c|☆rock thunder bird|6
|c|☆rock thunder bird|6
|
|t:|1669341304
|move|p1a: Altaria|Return|p2a: 咆哮の寒冰
|-supereffective|p2a: 咆哮の寒冰
|-damage|p2a: 咆哮の寒冰|13/100
|move|p2a: 咆哮の寒冰|Max Hailstorm|p1a: Altaria
|-supereffective|p1a: Altaria
|-damage|p1a: Altaria|0 fnt
|-weather|Hail
|faint|p1a: Altaria
|
|-weather|Hail|[upkeep]
|-heal|p2a: 咆哮の寒冰|16/100|[from] item: Leftovers
|upkeep
|
|t:|1669341312
|switch|p1a: Latias|Latias, F|100/100
|-damage|p1a: Latias|88/100|[from] Stealth Rock
|-end|p2a: 咆哮の寒冰|Dynamax
|-heal|p2a: 咆哮の寒冰|17/100|[silent]
|turn|23
|c| 123SQZ|投吧
|
|t:|1669341320
|switch|p2a: 星夜の祈愿|Jirachi|100/100
|-activate|p2a: 星夜の祈愿|move: Sticky Web
|-unboost|p2a: 星夜の祈愿|spe|1
|move|p1a: Latias|Ice Beam|p2a: 星夜の祈愿
|-resisted|p2a: 星夜の祈愿
|-damage|p2a: 星夜の祈愿|92/100
|
|-weather|Hail|[upkeep]
|-damage|p1a: Latias|82/100|[from] Hail
|-damage|p2a: 星夜の祈愿|85/100|[from] Hail
|-heal|p1a: Latias|88/100|[from] item: Leftovers
|-heal|p2a: 星夜の祈愿|92/100|[from] item: Leftovers
|upkeep
|turn|24
|c| 123SQZ|没救了
|
|t:|1669341326
|switch|p1a: Latios|Latios, M|100/100
|-damage|p1a: Latios|88/100|[from] Stealth Rock
|move|p2a: 星夜の祈愿|Thunder Wave|p1a: Latios
|-status|p1a: Latios|par
|
|-weather|Hail|[upkeep]
|-damage|p2a: 星夜の祈愿|85/100|[from] Hail
|-damage|p1a: Latios|82/100 par|[from] Hail
|-heal|p2a: 星夜の祈愿|92/100|[from] item: Leftovers
|-heal|p1a: Latios|88/100 par|[from] item: Leftovers
|upkeep
|turn|25
|
|t:|1669341330
|move|p2a: 星夜の祈愿|Wish|p2a: 星夜の祈愿
|move|p1a: Latios|Agility|p1a: Latios
|-boost|p1a: Latios|spe|2
|
|-weather|Hail|[upkeep]
|-damage|p1a: Latios|82/100 par|[from] Hail
|-damage|p2a: 星夜の祈愿|85/100|[from] Hail
|-heal|p1a: Latios|88/100 par|[from] item: Leftovers
|-heal|p2a: 星夜の祈愿|92/100|[from] item: Leftovers
|upkeep
|turn|26
|
|t:|1669341335
|cant|p1a: Latios|par
|move|p2a: 星夜の祈愿|U-turn|p1a: Latios
|-supereffective|p1a: Latios
|-damage|p1a: Latios|47/100 par
|
|t:|1669341341
|switch|p2a: 无限の守护神|Latios, M|100/100|[from] U-turn
|
|-weather|none
|-heal|p1a: Latios|52/100 par|[from] item: Leftovers
|upkeep
|turn|27
|
|t:|1669341350
|move|p2a: 无限の守护神|Ice Beam|p1a: Latios
|-supereffective|p1a: Latios
|-damage|p1a: Latios|0 fnt
|faint|p1a: Latios
|
|upkeep
|
|t:|1669341353
|switch|p1a: Latias|Latias, F|88/100
|-damage|p1a: Latias|76/100|[from] Stealth Rock
|turn|28
|
|t:|1669341360
|move|p2a: 无限の守护神|Ice Beam|p1a: Latias
|-supereffective|p1a: Latias
|-damage|p1a: Latias|19/100
|move|p1a: Latias|Agility|p1a: Latias
|-boost|p1a: Latias|spe|2
|
|-heal|p1a: Latias|25/100|[from] item: Leftovers
|upkeep
|turn|29
|
|t:|1669341364
|switch|p2a: 星夜の祈愿|Jirachi|92/100
|-activate|p2a: 星夜の祈愿|move: Sticky Web
|-unboost|p2a: 星夜の祈愿|spe|1
|move|p1a: Latias|Draco Meteor|p2a: 星夜の祈愿
|-resisted|p2a: 星夜の祈愿
|-damage|p2a: 星夜の祈愿|69/100
|-unboost|p1a: Latias|spa|2
|
|-heal|p1a: Latias|31/100|[from] item: Leftovers
|-heal|p2a: 星夜の祈愿|75/100|[from] item: Leftovers
|upkeep
|turn|30
|-message|YLong forfeited.
|
|win|rock thunder bird
|l|☆YLong
|l| 123SQZ
