|j|☆DivineGabriel
|j|☆chopforce8
|t:|1638537389
|gametype|singles
|player|p1|DivineGabriel|hugh|1757
|player|p2|chopforce8|red|1892
|teamsize|p1|6
|teamsize|p2|6
|gen|8
|tier|[Gen 8] National Dex AG
|rated|
|rule|HP Percentage Mod: HP is shown in percentages
|rule|Endless Battle Clause: Forcing endless battles is banned
|clearpoke
|poke|p1|Charizard, M|
|poke|p1|Tyranitar, M|
|poke|p1|Darmanitan-Galar, M|
|poke|p1|Marshadow|
|poke|p1|Corviknight, M|
|poke|p1|Rayquaza|
|poke|p2|Yveltal|
|poke|p2|Diancie|
|poke|p2|Calyrex-Shadow|
|poke|p2|Zacian-*|
|poke|p2|Ditto|
|poke|p2|Arceus-*|
|teampreview
|inactive|Battle timer is ON: inactive players will automatically lose when time's up. (requested by DivineGabriel)
|
|t:|1638537405
|start
|switch|p1a: Darmanitan|Darmanitan-Galar, M|100/100
|switch|p2a: Harry Potter|Diancie|100/100
|turn|1
|
|t:|1638537413
|move|p1a: Darmanitan|Earthquake|p2a: Harry Potter
|-supereffective|p2a: Harry Potter
|-damage|p2a: Harry Potter|0 fnt
|faint|p2a: Harry Potter
|
|upkeep
|
|t:|1638537418
|switch|p2a: Voldemort|Yveltal|100/100
|-ability|p2a: Voldemort|Dark Aura
|turn|2
|
|t:|1638537426
|switch|p1a: Tyranitar|Tyranitar, M|100/100
|-weather|Sandstorm|[from] ability: Sand Stream|[of] p1a: Tyranitar
|switch|p2a: Fluffy|Zacian-Crowned|100/100
|-ability|p2a: Fluffy|Intrepid Sword|boost
|-boost|p2a: Fluffy|atk|1
|
|-weather|Sandstorm|[upkeep]
|upkeep
|turn|3
|
|t:|1638537437
|switch|p1a: Corviknight|Corviknight, M|100/100
|-ability|p1a: Corviknight|Pressure
|move|p2a: Fluffy|Close Combat|p1a: Corviknight
|-damage|p1a: Corviknight|58/100
|-unboost|p2a: Fluffy|def|1
|-unboost|p2a: Fluffy|spd|1
|
|-weather|Sandstorm|[upkeep]
|-heal|p1a: Corviknight|64/100|[from] item: Leftovers
|upkeep
|turn|4
|
|t:|1638537447
|move|p2a: Fluffy|Swords Dance|p2a: Fluffy
|-boost|p2a: Fluffy|atk|2
|move|p1a: Corviknight|Body Press|p2a: Fluffy
|-damage|p2a: Fluffy|64/100
|
|-weather|Sandstorm|[upkeep]
|-heal|p1a: Corviknight|70/100|[from] item: Leftovers
|upkeep
|turn|5
|
|t:|1638537455
|move|p2a: Fluffy|Close Combat|p1a: Corviknight
|-damage|p1a: Corviknight|0 fnt
|-unboost|p2a: Fluffy|def|1
|-unboost|p2a: Fluffy|spd|1
|faint|p1a: Corviknight
|
|-weather|Sandstorm|[upkeep]
|upkeep
|
|t:|1638537461
|switch|p1a: Darmanitan|Darmanitan-Galar, M|100/100
|turn|6
|
|t:|1638537466
|switch|p2a: Chess Wizard|Arceus-Flying|100/100
|move|p1a: Darmanitan|Flare Blitz|p2a: Chess Wizard
|-damage|p2a: Chess Wizard|56/100
|-damage|p1a: Darmanitan|82/100|[from] Recoil
|
|-weather|none
|upkeep
|turn|7
|
|t:|1638537477
|switch|p2a: Fluffy|Zacian-Crowned|64/100
|-ability|p2a: Fluffy|Intrepid Sword|boost
|-boost|p2a: Fluffy|atk|1
|move|p1a: Darmanitan|Flare Blitz|p2a: Fluffy
|-supereffective|p2a: Fluffy
|-damage|p2a: Fluffy|0 fnt
|faint|p2a: Fluffy
|-damage|p1a: Darmanitan|62/100|[from] Recoil
|
|upkeep
|
|t:|1638537493
|switch|p2a: Chess Wizard|Arceus-Flying|56/100
|turn|8
|
|t:|1638537496
|move|p1a: Darmanitan|Flare Blitz|p2a: Chess Wizard
|-damage|p2a: Chess Wizard|15/100
|-damage|p1a: Darmanitan|45/100|[from] Recoil
|move|p2a: Chess Wizard|Recover|p2a: Chess Wizard
|-heal|p2a: Chess Wizard|65/100
|
|upkeep
|turn|9
|
|t:|1638537505
|move|p1a: Darmanitan|Flare Blitz|p2a: Chess Wizard
|-damage|p2a: Chess Wizard|24/100
|-damage|p1a: Darmanitan|28/100|[from] Recoil
|move|p2a: Chess Wizard|Recover|p2a: Chess Wizard
|-heal|p2a: Chess Wizard|74/100
|
|upkeep
|turn|10
|
|t:|1638537512
|switch|p1a: Tyranitar|Tyranitar, M|100/100
|-weather|Sandstorm|[from] ability: Sand Stream|[of] p1a: Tyranitar
|move|p2a: Chess Wizard|Recover|p2a: Chess Wizard
|-heal|p2a: Chess Wizard|100/100
|
|-weather|Sandstorm|[upkeep]
|-damage|p2a: Chess Wizard|94/100|[from] Sandstorm
|upkeep
|turn|11
|
|t:|1638537520
|switch|p2a: MirrorofErised|Ditto|100/100
|-transform|p2a: MirrorofErised|p1a: Tyranitar|[from] ability: Imposter
|move|p1a: Tyranitar|Rock Tomb|p2a: MirrorofErised
|-damage|p2a: MirrorofErised|66/100
|-unboost|p2a: MirrorofErised|spe|1
|
|-weather|Sandstorm|[upkeep]
|upkeep
|turn|12
|
|t:|1638537539
|switch|p1a: Rayquaza|Rayquaza|100/100
|-ability|p1a: Rayquaza|Air Lock
|-start|p2a: MirrorofErised|Dynamax
|-heal|p2a: MirrorofErised|66/100|[silent]
|move|p2a: MirrorofErised|Max Quake|p1a: Rayquaza
|-immune|p1a: Rayquaza
|
|-weather|Sandstorm|[upkeep]
|upkeep
|turn|13
|
|t:|1638537549
|detailschange|p1a: Rayquaza|Rayquaza-Mega
|-mega|p1a: Rayquaza|Rayquaza|
|-weather|DeltaStream|[from] ability: Delta Stream|[of] p1a: Rayquaza
|move|p1a: Rayquaza|Earthquake|p2a: MirrorofErised
|-supereffective|p2a: MirrorofErised
|-damage|p2a: MirrorofErised|2/100
|-damage|p1a: Rayquaza|91/100|[from] item: Life Orb
|move|p2a: MirrorofErised|Max Rockfall|p1a: Rayquaza
|-activate||deltastream
|-damage|p1a: Rayquaza|29/100
|
|-weather|DeltaStream|[upkeep]
|upkeep
|turn|14
|
|t:|1638537563
|-end|p2a: MirrorofErised|Dynamax
|-heal|p2a: MirrorofErised|2/100|[silent]
|switch|p2a: Chess Wizard|Arceus-Flying|94/100
|move|p1a: Rayquaza|Earthquake|p2a: Chess Wizard
|-immune|p2a: Chess Wizard
|
|-weather|DeltaStream|[upkeep]
|upkeep
|turn|15
|
|t:|1638537570
|move|p2a: Chess Wizard|Judgment|p1a: Rayquaza
|-damage|p1a: Rayquaza|0 fnt
|faint|p1a: Rayquaza
|-weather|none
|
|upkeep
|
|t:|1638537577
|switch|p1a: Darmanitan|Darmanitan-Galar, M|28/100
|turn|16
|
|t:|1638537586
|switch|p2a: Professorquirrel|Calyrex-Shadow|100/100
|-ability|p2a: Professorquirrel|As One
|-ability|p2a: Professorquirrel|Unnerve
|move|p1a: Darmanitan|Icicle Crash|p2a: Professorquirrel
|-damage|p2a: Professorquirrel|23/100
|
|upkeep
|turn|17
|
|t:|1638537593
|move|p1a: Darmanitan|Icicle Crash|p2a: Professorquirrel
|-damage|p2a: Professorquirrel|0 fnt
|faint|p2a: Professorquirrel
|
|upkeep
|
|t:|1638537599
|switch|p2a: MirrorofErised|Ditto|2/100
|-transform|p2a: MirrorofErised|p1a: Darmanitan|[from] ability: Imposter
|turn|18
|
|t:|1638537606
|move|p2a: MirrorofErised|U-turn|p1a: Darmanitan
|-damage|p1a: Darmanitan|0 fnt
|faint|p1a: Darmanitan
|
|t:|1638537615
|switch|p2a: Chess Wizard|Arceus-Flying|94/100|[from]move: U-turn
|
|upkeep
|
|t:|1638537620
|switch|p1a: Tyranitar|Tyranitar, M|100/100
|-weather|Sandstorm|[from] ability: Sand Stream|[of] p1a: Tyranitar
|turn|19
|
|t:|1638537632
|-start|p1a: Tyranitar|Dynamax
|-heal|p1a: Tyranitar|100/100|[silent]
|move|p2a: Chess Wizard|Perish Song|p2a: Chess Wizard
|-start|p1a: Tyranitar|perish3|[silent]
|-start|p2a: Chess Wizard|perish3|[silent]
|-fieldactivate|move: Perish Song
|move|p1a: Tyranitar|Max Rockfall|p2a: Chess Wizard
|-supereffective|p2a: Chess Wizard
|-damage|p2a: Chess Wizard|0 fnt
|faint|p2a: Chess Wizard
|
|-weather|Sandstorm|[upkeep]
|-start|p1a: Tyranitar|perish3
|upkeep
|
|t:|1638537646
|switch|p2a: MirrorofErised|Ditto|2/100
|-transform|p2a: MirrorofErised|p1a: Tyranitar|[from] ability: Imposter
|turn|20
|
|t:|1638537653
|move|p2a: MirrorofErised|Earthquake|p1a: Tyranitar
|-supereffective|p1a: Tyranitar
|-damage|p1a: Tyranitar|69/100
|move|p1a: Tyranitar|Max Quake|p2a: MirrorofErised
|-supereffective|p2a: MirrorofErised
|-damage|p2a: MirrorofErised|0 fnt
|-boost|p1a: Tyranitar|spd|1
|faint|p2a: MirrorofErised
|
|-weather|Sandstorm|[upkeep]
|-start|p1a: Tyranitar|perish2
|upkeep
|c|☆chopforce8|gg
|
|t:|1638537662
|switch|p2a: Voldemort|Yveltal|100/100
|-ability|p2a: Voldemort|Dark Aura
|turn|21
|c|☆DivineGabriel|gg
|
|t:|1638537669
|move|p2a: Voldemort|Dark Pulse|p1a: Tyranitar
|-resisted|p1a: Tyranitar
|-damage|p1a: Tyranitar|64/100
|-damage|p2a: Voldemort|91/100|[from] item: Life Orb
|move|p1a: Tyranitar|Max Rockfall|p2a: Voldemort
|-supereffective|p2a: Voldemort
|-damage|p2a: Voldemort|0 fnt
|faint|p2a: Voldemort
|
|win|DivineGabriel
|raw|DivineGabriel's rating: 1757 &rarr; <strong>1784</strong><br />(+27 for winning)
|raw|chopforce8's rating: 1892 &rarr; <strong>1865</strong><br />(-27 for losing)
|l|☆chopforce8
