|j|☆LocalMetagross
|j|☆TaxFraud094
|inactive|Battle timer is ON: inactive players will automatically lose when time's up.
|t:|1668220470
|gametype|singles
|player|p1|LocalMetagross|akari|
|player|p2|TaxFraud094|acetrainerf-gen4|
|teamsize|p1|6
|teamsize|p2|6
|gen|8
|tier|[Gen 8] National Dex AG
|rated|Tournament battle
|rule|HP Percentage Mod: HP is shown in percentages
|rule|Endless Battle Clause: Forcing endless battles is banned
|rule|Inverse Mod: Weaknesses become resistances, while resistances and immunities become weaknesses.
|clearpoke
|poke|p1|Slurpuff, M|
|poke|p1|Nihilego|
|poke|p1|Necrozma-Dusk-Mane|
|poke|p1|Arceus-*|
|poke|p1|Arceus-*|
|poke|p1|Arceus-*|
|poke|p2|Arceus-*|
|poke|p2|Arceus-*|
|poke|p2|Arceus-*|
|poke|p2|Mewtwo|
|poke|p2|Ditto|
|poke|p2|Deoxys-Speed|
|teampreview
|j|*Lady Monita ☽
|inactive|TaxFraud094 also wants the timer to be on.
|inactive|LocalMetagross also wants the timer to be on.
|c|☆TaxFraud094|glhf lol
|c|☆LocalMetagross|hf lol
|inactive|LocalMetagross has 120 seconds left.
|
|t:|1668220504
|start
|switch|p1a: Nihilego|Nihilego|100/100
|switch|p2a: Deoxys|Deoxys-Speed|100/100
|-ability|p2a: Deoxys|Pressure
|turn|1
|c|☆TaxFraud094|I kinda think I have the upper hand cuz Ditto but idk
|
|t:|1668220517
|move|p2a: Deoxys|Stealth Rock|p1a: Nihilego
|-sidestart|p1: LocalMetagross|move: Stealth Rock
|move|p1a: Nihilego|Meteor Beam||[still]
|-prepare|p1a: Nihilego|Meteor Beam
|-boost|p1a: Nihilego|spa|1
|-enditem|p1a: Nihilego|Power Herb
|-anim|p1a: Nihilego|Meteor Beam|p2a: Deoxys
|-enditem|p2a: Deoxys|Focus Sash
|-damage|p2a: Deoxys|1/100
|
|upkeep
|turn|2
|
|t:|1668220521
|move|p2a: Deoxys|Spikes|p1a: Nihilego
|-sidestart|p1: LocalMetagross|Spikes
|move|p1a: Nihilego|Hidden Power|p2a: Deoxys
|-damage|p2a: Deoxys|0 fnt
|faint|p2a: Deoxys
|-ability|p1a: Nihilego|Beast Boost|boost
|-boost|p1a: Nihilego|spa|1
|
|upkeep
|
|t:|1668220534
|switch|p2a: Arceus|Arceus|100/100
|turn|3
|
|t:|1668220538
|move|p2a: Arceus|Extreme Speed|p1a: Nihilego
|-supereffective|p1a: Nihilego
|-crit|p1a: Nihilego
|-damage|p1a: Nihilego|0 fnt
|faint|p1a: Nihilego
|
|upkeep
|
|t:|1668220543
|switch|p1a: Arceus|Arceus-Dark|100/100
|-damage|p1a: Arceus|88/100|[from] Stealth Rock
|-damage|p1a: Arceus|76/100|[from] Spikes
|turn|4
|
|t:|1668220546
|move|p1a: Arceus|Will-O-Wisp|p2a: Arceus
|-status|p2a: Arceus|brn
|-enditem|p2a: Arceus|Lum Berry|[eat]
|-curestatus|p2a: Arceus|brn|[msg]
|move|p2a: Arceus|Swords Dance|p2a: Arceus
|-boost|p2a: Arceus|atk|2
|
|upkeep
|turn|5
|
|t:|1668220549
|move|p2a: Arceus|Extreme Speed|p1a: Arceus
|-damage|p1a: Arceus|22/100
|move|p1a: Arceus|Will-O-Wisp|p2a: Arceus|[miss]
|-miss|p1a: Arceus|p2a: Arceus
|
|upkeep
|turn|6
|c|☆LocalMetagross|fuck
|c|☆TaxFraud094|skill issue
|
|t:|1668220556
|move|p2a: Arceus|Extreme Speed|p1a: Arceus
|-damage|p1a: Arceus|0 fnt
|faint|p1a: Arceus
|
|upkeep
|
|t:|1668220560
|switch|p1a: Necrozma|Necrozma-Dusk-Mane|100/100
|-damage|p1a: Necrozma|76/100|[from] Stealth Rock
|-damage|p1a: Necrozma|63/100|[from] Spikes
|turn|7
|
|t:|1668220563
|move|p2a: Arceus|Poison Jab|p1a: Necrozma
|-supereffective|p1a: Necrozma
|-damage|p1a: Necrozma|16/100
|-damage|p2a: Arceus|84/100|[from] item: Rocky Helmet|[of] p1a: Necrozma
|move|p1a: Necrozma|Morning Sun|p1a: Necrozma
|-heal|p1a: Necrozma|66/100
|
|upkeep
|turn|8
|
|t:|1668220565
|move|p2a: Arceus|Swords Dance|p2a: Arceus
|-boost|p2a: Arceus|atk|2
|move|p1a: Necrozma|Morning Sun|p1a: Necrozma
|-heal|p1a: Necrozma|100/100
|
|upkeep
|turn|9
|
|t:|1668220568
|move|p2a: Arceus|Extreme Speed|p1a: Necrozma
|-supereffective|p1a: Necrozma
|-damage|p1a: Necrozma|1/100
|-damage|p2a: Arceus|67/100|[from] item: Rocky Helmet|[of] p1a: Necrozma
|move|p1a: Necrozma|Sunsteel Strike|p2a: Arceus
|-damage|p2a: Arceus|32/100
|
|upkeep
|turn|10
|
|t:|1668220572
|move|p2a: Arceus|Recover|p2a: Arceus
|-heal|p2a: Arceus|82/100
|move|p1a: Necrozma|Sunsteel Strike|p2a: Arceus
|-crit|p2a: Arceus
|-damage|p2a: Arceus|27/100
|
|upkeep
|turn|11
|
|t:|1668220576
|move|p2a: Arceus|Recover|p2a: Arceus
|-heal|p2a: Arceus|77/100
|move|p1a: Necrozma|Morning Sun|p1a: Necrozma
|-heal|p1a: Necrozma|51/100
|
|upkeep
|turn|12
|
|t:|1668220578
|move|p2a: Arceus|Swords Dance|p2a: Arceus
|-boost|p2a: Arceus|atk|2
|move|p1a: Necrozma|Sunsteel Strike|p2a: Arceus
|-damage|p2a: Arceus|43/100
|
|upkeep
|turn|13
|
|t:|1668220581
|move|p2a: Arceus|Recover|p2a: Arceus
|-heal|p2a: Arceus|93/100
|move|p1a: Necrozma|Morning Sun|p1a: Necrozma
|-heal|p1a: Necrozma|100/100
|
|upkeep
|turn|14
|
|t:|1668220583
|move|p2a: Arceus|Poison Jab|p1a: Necrozma
|-supereffective|p1a: Necrozma
|-damage|p1a: Necrozma|9/100
|-damage|p2a: Arceus|77/100|[from] item: Rocky Helmet|[of] p1a: Necrozma
|move|p1a: Necrozma|Sunsteel Strike|p2a: Arceus
|-damage|p2a: Arceus|43/100
|
|upkeep
|turn|15
|
|t:|1668220586
|move|p2a: Arceus|Recover|p2a: Arceus
|-heal|p2a: Arceus|93/100
|move|p1a: Necrozma|Sunsteel Strike|p2a: Arceus
|-damage|p2a: Arceus|58/100
|
|upkeep
|turn|16
|
|t:|1668220588
|move|p2a: Arceus|Recover|p2a: Arceus
|-heal|p2a: Arceus|100/100
|move|p1a: Necrozma|Earthquake|p2a: Arceus
|-damage|p2a: Arceus|79/100
|
|upkeep
|turn|17
|
|t:|1668220591
|move|p2a: Arceus|Poison Jab|p1a: Necrozma
|-supereffective|p1a: Necrozma
|-damage|p1a: Necrozma|0 fnt
|-damage|p2a: Arceus|63/100|[from] item: Rocky Helmet|[of] p1a: Necrozma
|faint|p1a: Necrozma
|
|upkeep
|c|☆LocalMetagross|gg
|c|☆LocalMetagross|lmai
|c|☆LocalMetagross|lmao
|c|☆TaxFraud094|gg
|-message|LocalMetagross forfeited.
|
|win|TaxFraud094
|n|☆LocalMetagross|localmetagross
|n|☆TaxFraud094|taxfraud094
|n|*Lady Monita ☽|ladymonita
