|j|☆NOAH MK2
|j|☆Glass101
|t:|1639542454
|gametype|singles
|player|p1|NOAH MK2|2|1738
|player|p2|Glass101|rocketgrunt|1696
|teamsize|p1|6
|teamsize|p2|6
|gen|8
|tier|[Gen 8] National Dex AG
|rated|
|rule|HP Percentage Mod: HP is shown in percentages
|rule|Endless Battle Clause: Forcing endless battles is banned
|clearpoke
|poke|p1|Ditto|
|poke|p1|Klefki, F|
|poke|p1|Rayquaza|
|poke|p1|Groudon|
|poke|p1|Calyrex-Shadow|
|poke|p1|Chansey, F|
|poke|p2|Ditto|
|poke|p2|Zacian-*|
|poke|p2|Yveltal|
|poke|p2|Rayquaza|
|poke|p2|Groudon|
|poke|p2|Arceus-*|
|teampreview
|j| pokemasterbrendan
|c|☆Glass101|Glhf
|inactive|Battle timer is ON: inactive players will automatically lose when time's up. (requested by Glass101)
|
|t:|1639542466
|start
|switch|p1a: Rayquaza|Rayquaza|100/100
|switch|p2a: :I|Groudon, shiny|100/100
|-ability|p1a: Rayquaza|Air Lock
|detailschange|p2a: :I|Groudon-Primal, shiny
|-primal|p2a: :I
|-weather|DesolateLand|[from] ability: Desolate Land|[of] p2a: :I
|turn|1
|j| epic troller boi19
|c| epic troller boi19|NOAH
|
|t:|1639542478
|-weather|none
|switch|p2a: Gas Powered Stick|Rayquaza|100/100
|-ability|p2a: Gas Powered Stick|Air Lock
|detailschange|p1a: Rayquaza|Rayquaza-Mega
|-mega|p1a: Rayquaza|Rayquaza|
|-weather|DeltaStream|[from] ability: Delta Stream|[of] p1a: Rayquaza
|move|p1a: Rayquaza|Earthquake|p2a: Gas Powered Stick
|-immune|p2a: Gas Powered Stick
|
|-weather|DeltaStream|[upkeep]
|upkeep
|turn|2
|
|t:|1639542489
|detailschange|p2a: Gas Powered Stick|Rayquaza-Mega
|-mega|p2a: Gas Powered Stick|Rayquaza|
|move|p1a: Rayquaza|Dragon Ascent|p2a: Gas Powered Stick
|-damage|p2a: Gas Powered Stick|4/100
|-unboost|p1a: Rayquaza|def|1
|-unboost|p1a: Rayquaza|spd|1
|-damage|p1a: Rayquaza|91/100|[from] item: Life Orb
|move|p2a: Gas Powered Stick|Dragon Ascent|p1a: Rayquaza
|-damage|p1a: Rayquaza|0 fnt
|-unboost|p2a: Gas Powered Stick|def|1
|-unboost|p2a: Gas Powered Stick|spd|1
|faint|p1a: Rayquaza
|
|-weather|DeltaStream|[upkeep]
|upkeep
|
|t:|1639542496
|switch|p1a: Ditto|Ditto|100/100
|-transform|p1a: Ditto|p2a: Gas Powered Stick|[from] ability: Imposter
|turn|3
|-enditem|p2a: Gas Powered Stick|Custap Berry|[eat]
|-activate|p2a: Gas Powered Stick|item: Custap Berry|[consumed]
|
|t:|1639542506
|move|p2a: Gas Powered Stick|Dragon Ascent|p1a: Ditto
|-damage|p1a: Ditto|0 fnt
|-unboost|p2a: Gas Powered Stick|def|1
|-unboost|p2a: Gas Powered Stick|spd|1
|faint|p1a: Ditto
|
|-weather|DeltaStream|[upkeep]
|upkeep
|
|t:|1639542514
|switch|p1a: Calyrex|Calyrex-Shadow|100/100
|-ability|p1a: Calyrex|As One
|-ability|p1a: Calyrex|Unnerve
|turn|4
|
|t:|1639542520
|-weather|none
|switch|p2a: Just God :/|Arceus|100/100
|move|p1a: Calyrex|Astral Barrage|p2a: Just God :/
|-immune|p2a: Just God :/
|
|upkeep
|turn|5
|
|t:|1639542527
|move|p1a: Calyrex|Nasty Plot|p1a: Calyrex
|-boost|p1a: Calyrex|spa|2
|move|p2a: Just God :/|Shadow Claw|p1a: Calyrex
|-supereffective|p1a: Calyrex
|-enditem|p1a: Calyrex|Focus Sash
|-damage|p1a: Calyrex|1/100
|
|upkeep
|turn|6
|
|t:|1639542538
|-start|p2a: Just God :/|Dynamax
|-heal|p2a: Just God :/|100/100|[silent]
|move|p1a: Calyrex|Psyshock|p2a: Just God :/
|-damage|p2a: Just God :/|69/100
|move|p2a: Just God :/|Max Phantasm|p1a: Calyrex
|-supereffective|p1a: Calyrex
|-damage|p1a: Calyrex|0 fnt
|faint|p1a: Calyrex
|
|-heal|p2a: Just God :/|72/100|[from] item: Leftovers
|upkeep
|-message|NOAH MK2 forfeited.
|
|win|Glass101
|raw|NOAH MK2's rating: 1738 &rarr; <strong>1716</strong><br />(-22 for losing)
|raw|Glass101's rating: 1696 &rarr; <strong>1718</strong><br />(+22 for winning)
|l|☆NOAH MK2
|l| pokemasterbrendan
|c|☆Glass101|:/
