|j|☆RodrigoMRM
|j|☆i feel stabby
|t:|1615142078
|player|p1|RodrigoMRM|lucas-gen4pt|1804
|player|p2|i feel stabby|bellelba|1531
|teamsize|p1|6
|teamsize|p2|6
|gametype|singles
|gen|8
|tier|[Gen 8] National Dex AG
|rated|
|clearpoke
|poke|p1|Smeargle, F|
|poke|p1|Rayquaza|
|poke|p1|Deoxys-Attack|
|poke|p1|Ho-Oh|
|poke|p1|Calyrex-Shadow|
|poke|p1|Yveltal|
|poke|p2|Groudon|
|poke|p2|Groudon|
|poke|p2|Rayquaza|
|poke|p2|Arceus-*|
|poke|p2|Arceus-*|
|poke|p2|Zygarde|
|rule|HP Percentage Mod: HP is shown in percentages
|rule|Endless Battle Clause: Forcing endless battles is banned
|teampreview
|j| SoulblazeCharizard
|
|t:|1615142123
|start
|switch|p1a: Deoxys|Deoxys-Attack|100/100
|switch|p2a: Arceus|Arceus-Ground|100/100
|-ability|p1a: Deoxys|Pressure
|turn|1
|
|t:|1615142184
|move|p1a: Deoxys|Ice Beam|p2a: Arceus
|-supereffective|p2a: Arceus
|-damage|p2a: Arceus|49/100
|move|p2a: Arceus|Judgment|p1a: Deoxys
|-enditem|p1a: Deoxys|Focus Sash
|-damage|p1a: Deoxys|1/100
|
|upkeep
|turn|2
|
|t:|1615142213
|switch|p2a: Groudon|Groudon|100/100
|detailschange|p2a: Groudon|Groudon-Primal
|-primal|p2a: Groudon
|-weather|DesolateLand|[from] ability: Desolate Land|[of] p2a: Groudon
|move|p1a: Deoxys|Stealth Rock|p2a: Groudon
|-sidestart|p2: i feel stabby|move: Stealth Rock
|
|-weather|DesolateLand|[upkeep]
|upkeep
|turn|3
|
|t:|1615142239
|move|p1a: Deoxys|Psycho Boost|p2a: Groudon|[miss]
|-miss|p1a: Deoxys|p2a: Groudon
|move|p2a: Groudon|Fire Punch|p1a: Deoxys
|-damage|p1a: Deoxys|0 fnt
|faint|p1a: Deoxys
|
|-weather|DesolateLand|[upkeep]
|upkeep
|
|t:|1615142242
|switch|p1a: Smeargle-RM|Smeargle, F|100/100
|turn|4
|
|t:|1615142244
|move|p1a: Smeargle-RM|Spore|p2a: Groudon
|-status|p2a: Groudon|slp|[from] move: Spore
|cant|p2a: Groudon|slp
|move|p2a: Groudon|Sleep Talk|p2a: Groudon
|move|p2a: Groudon|Fire Punch|p1a: Smeargle-RM|[from]move: Sleep Talk
|-enditem|p1a: Smeargle-RM|Focus Sash
|-damage|p1a: Smeargle-RM|1/100
|
|-weather|DesolateLand|[upkeep]
|-ability|p1a: Smeargle-RM|Moody|boost
|-boost|p1a: Smeargle-RM|spa|2
|-unboost|p1a: Smeargle-RM|spe|1
|upkeep
|turn|5
|
|t:|1615142254
|cant|p2a: Groudon|slp
|move|p2a: Groudon|Sleep Talk|p2a: Groudon
|move|p2a: Groudon|Fire Punch|p1a: Smeargle-RM|[from]move: Sleep Talk
|-damage|p1a: Smeargle-RM|0 fnt
|faint|p1a: Smeargle-RM
|
|-weather|DesolateLand|[upkeep]
|upkeep
|
|t:|1615142262
|switch|p1a: Rayquaza-Mega-RM|Rayquaza|100/100
|-ability|p1a: Rayquaza-Mega-RM|Air Lock
|turn|6
|
|t:|1615142293
|move|p1a: Rayquaza-Mega-RM|Dragon Dance|p1a: Rayquaza-Mega-RM
|-boost|p1a: Rayquaza-Mega-RM|atk|1
|-boost|p1a: Rayquaza-Mega-RM|spe|1
|cant|p2a: Groudon|slp
|move|p2a: Groudon|Sleep Talk|p2a: Groudon
|move|p2a: Groudon|Precipice Blades|p1a: Rayquaza-Mega-RM|[from]move: Sleep Talk
|-immune|p1a: Rayquaza-Mega-RM
|
|-weather|DesolateLand|[upkeep]
|upkeep
|turn|7
|
|t:|1615142305
|detailschange|p1a: Rayquaza-Mega-RM|Rayquaza-Mega
|-mega|p1a: Rayquaza-Mega-RM|Rayquaza|
|-weather|DeltaStream|[from] ability: Delta Stream|[of] p1a: Rayquaza-Mega-RM
|move|p1a: Rayquaza-Mega-RM|Dragon Dance|p1a: Rayquaza-Mega-RM
|-boost|p1a: Rayquaza-Mega-RM|atk|1
|-boost|p1a: Rayquaza-Mega-RM|spe|1
|-curestatus|p2a: Groudon|slp|[msg]
|move|p2a: Groudon|Fire Punch|p1a: Rayquaza-Mega-RM
|-resisted|p1a: Rayquaza-Mega-RM
|-damage|p1a: Rayquaza-Mega-RM|76/100
|
|-weather|DeltaStream|[upkeep]
|upkeep
|turn|8
|
|t:|1615142321
|move|p1a: Rayquaza-Mega-RM|Dragon Dance|p1a: Rayquaza-Mega-RM
|-boost|p1a: Rayquaza-Mega-RM|atk|1
|-boost|p1a: Rayquaza-Mega-RM|spe|1
|move|p2a: Groudon|Fire Punch|p1a: Rayquaza-Mega-RM
|-resisted|p1a: Rayquaza-Mega-RM
|-damage|p1a: Rayquaza-Mega-RM|53/100
|
|-weather|DeltaStream|[upkeep]
|upkeep
|turn|9
|
|t:|1615142324
|move|p1a: Rayquaza-Mega-RM|Earthquake|p2a: Groudon
|-supereffective|p2a: Groudon
|-damage|p2a: Groudon|10/100
|move|p2a: Groudon|Fire Punch|p1a: Rayquaza-Mega-RM
|-resisted|p1a: Rayquaza-Mega-RM
|-damage|p1a: Rayquaza-Mega-RM|32/100
|
|-weather|DeltaStream|[upkeep]
|upkeep
|turn|10
|
|t:|1615142328
|move|p1a: Rayquaza-Mega-RM|Earthquake|p2a: Groudon
|-supereffective|p2a: Groudon
|-damage|p2a: Groudon|0 fnt
|faint|p2a: Groudon
|
|-weather|DeltaStream|[upkeep]
|upkeep
|
|t:|1615142330
|switch|p2a: Rayquaza|Rayquaza|100/100
|-damage|p2a: Rayquaza|76/100|[from] Stealth Rock
|-ability|p2a: Rayquaza|Air Lock
|turn|11
|
|t:|1615142333
|detailschange|p2a: Rayquaza|Rayquaza-Mega
|-mega|p2a: Rayquaza|Rayquaza|
|move|p1a: Rayquaza-Mega-RM|Extreme Speed|p2a: Rayquaza
|-damage|p2a: Rayquaza|0 fnt
|faint|p2a: Rayquaza
|
|-weather|DeltaStream|[upkeep]
|upkeep
|
|t:|1615142342
|switch|p2a: Arceus|Arceus|100/100
|-damage|p2a: Arceus|88/100|[from] Stealth Rock
|turn|12
|
|t:|1615142346
|-start|p2a: Arceus|Dynamax
|-heal|p2a: Arceus|88/100|[silent]
|move|p1a: Rayquaza-Mega-RM|Extreme Speed|p2a: Arceus
|-damage|p2a: Arceus|63/100
|move|p2a: Arceus|Max Strike|p1a: Rayquaza-Mega-RM
|-damage|p1a: Rayquaza-Mega-RM|0 fnt
|-damage|p2a: Arceus|58/100|[from] item: Life Orb
|faint|p1a: Rayquaza-Mega-RM
|-weather|none
|
|upkeep
|
|t:|1615142352
|switch|p1a: Ho-Oh|Ho-Oh|100/100
|turn|13
|
|t:|1615142372
|move|p2a: Arceus|Max Phantasm|p1a: Ho-Oh
|-damage|p1a: Ho-Oh|41/100
|-unboost|p1a: Ho-Oh|def|1
|-damage|p2a: Arceus|53/100|[from] item: Life Orb
|move|p1a: Ho-Oh|Sacred Fire|p2a: Arceus
|-damage|p2a: Arceus|39/100
|-status|p2a: Arceus|brn
|
|-damage|p2a: Arceus|36/100 brn|[from] brn
|upkeep
|turn|14
|c|☆i feel stabby|oof
|
|t:|1615142380
|move|p2a: Arceus|Max Phantasm|p1a: Ho-Oh
|-damage|p1a: Ho-Oh|0 fnt
|-damage|p2a: Arceus|31/100 brn|[from] item: Life Orb
|faint|p1a: Ho-Oh
|
|-damage|p2a: Arceus|28/100 brn|[from] brn
|-end|p2a: Arceus|Dynamax
|-heal|p2a: Arceus|28/100 brn|[silent]
|upkeep
|c|☆i feel stabby|first turn burn
|
|t:|1615142386
|switch|p1a: Yveltal-RM|Yveltal|100/100
|-ability|p1a: Yveltal-RM|Dark Aura
|turn|15
|
|t:|1615142394
|-start|p1a: Yveltal-RM|Dynamax
|-heal|p1a: Yveltal-RM|100/100|[silent]
|move|p1a: Yveltal-RM|Max Airstream|p2a: Arceus
|-damage|p2a: Arceus|0 fnt
|-boost|p1a: Yveltal-RM|spe|1
|faint|p2a: Arceus
|
|upkeep
|
|t:|1615142414
|switch|p2a: Zygarde|Zygarde|100/100
|-damage|p2a: Zygarde|94/100|[from] Stealth Rock
|turn|16
|
|t:|1615142416
|move|p1a: Yveltal-RM|Max Darkness|p2a: Zygarde
|-damage|p2a: Zygarde|13/100
|-unboost|p2a: Zygarde|spd|1
|move|p2a: Zygarde|Glare|p1a: Yveltal-RM
|-status|p1a: Yveltal-RM|par
|
|-heal|p2a: Zygarde|19/100|[from] item: Leftovers
|-activate|p2a: Zygarde|ability: Power Construct
|detailschange|p2a: Zygarde|Zygarde-Complete
|-heal|p2a: Zygarde|47/100|[silent]
|upkeep
|turn|17
|
|t:|1615142422
|cant|p1a: Yveltal-RM|par
|move|p2a: Zygarde|Haze|p2a: Zygarde
|-clearallboost
|
|-heal|p2a: Zygarde|53/100|[from] item: Leftovers
|-end|p1a: Yveltal-RM|Dynamax
|-heal|p1a: Yveltal-RM|100/100 par|[silent]
|upkeep
|turn|18
|
|t:|1615142426
|move|p2a: Zygarde|Thousand Arrows|p1a: Yveltal-RM
|-damage|p1a: Yveltal-RM|72/100 par
|-start|p1a: Yveltal-RM|Smack Down
|move|p1a: Yveltal-RM|Dark Pulse|p2a: Zygarde
|-damage|p2a: Zygarde|22/100
|
|-heal|p2a: Zygarde|28/100|[from] item: Leftovers
|upkeep
|turn|19
|
|t:|1615142430
|move|p2a: Zygarde|Thousand Arrows|p1a: Yveltal-RM
|-damage|p1a: Yveltal-RM|42/100 par
|cant|p1a: Yveltal-RM|par
|
|-heal|p2a: Zygarde|34/100|[from] item: Leftovers
|upkeep
|turn|20
|
|t:|1615142434
|move|p2a: Zygarde|Thousand Arrows|p1a: Yveltal-RM
|-damage|p1a: Yveltal-RM|8/100 par
|move|p1a: Yveltal-RM|Dark Pulse|p2a: Zygarde
|-damage|p2a: Zygarde|0 fnt
|faint|p2a: Zygarde
|
|upkeep
|
|t:|1615142445
|switch|p2a: Groudon|Groudon|100/100
|-damage|p2a: Groudon|94/100|[from] Stealth Rock
|detailschange|p2a: Groudon|Groudon-Primal
|-primal|p2a: Groudon
|-weather|DesolateLand|[from] ability: Desolate Land|[of] p2a: Groudon
|turn|21
|
|t:|1615142452
|cant|p1a: Yveltal-RM|par
|move|p2a: Groudon|Rock Polish|p2a: Groudon
|-boost|p2a: Groudon|spe|2
|
|-weather|DesolateLand|[upkeep]
|upkeep
|turn|22
|
|t:|1615142456
|move|p1a: Yveltal-RM|Sucker Punch||[still]
|-fail|p1a: Yveltal-RM
|move|p2a: Groudon|Bulk Up|p2a: Groudon
|-boost|p2a: Groudon|atk|1
|-boost|p2a: Groudon|def|1
|
|-weather|DesolateLand|[upkeep]
|upkeep
|turn|23
|
|t:|1615142459
|cant|p1a: Yveltal-RM|par
|move|p2a: Groudon|Fire Punch|p1a: Yveltal-RM
|-damage|p1a: Yveltal-RM|0 fnt
|faint|p1a: Yveltal-RM
|
|-weather|DesolateLand|[upkeep]
|upkeep
|
|t:|1615142461
|switch|p1a: Calyrex-Shadow-RM|Calyrex-Shadow|100/100
|-ability|p1a: Calyrex-Shadow-RM|As One
|-ability|p1a: Calyrex-Shadow-RM|Unnerve|p2: i feel stabby
|turn|24
|
|t:|1615142464
|move|p2a: Groudon|Fire Punch|p1a: Calyrex-Shadow-RM
|-enditem|p1a: Calyrex-Shadow-RM|Focus Sash
|-damage|p1a: Calyrex-Shadow-RM|1/100
|move|p1a: Calyrex-Shadow-RM|Astral Barrage|p2a: Groudon
|-damage|p2a: Groudon|6/100
|
|-weather|DesolateLand|[upkeep]
|upkeep
|turn|25
|
|t:|1615142467
|move|p2a: Groudon|Fire Punch|p1a: Calyrex-Shadow-RM
|-damage|p1a: Calyrex-Shadow-RM|0 fnt
|faint|p1a: Calyrex-Shadow-RM
|
|win|i feel stabby
|l|☆RodrigoMRM
|c|☆i feel stabby|gg
|l|☆i feel stabby
||Ladder (probably) updated, but score could not be retrieved (Request timeout).
|j|☆RodrigoMRM
|player|p1|RodrigoMRM|lucas-gen4pt
