|j|☆KLKevin
|j|☆thicsucttv
|t:|1658307840
|gametype|singles
|player|p1|KLKevin|giovanni|1328
|player|p2|thicsucttv|169|1394
|teamsize|p1|6
|teamsize|p2|6
|gen|8
|tier|[Gen 8] National Dex AG
|rated|
|rule|HP Percentage Mod: HP is shown in percentages
|rule|Endless Battle Clause: Forcing endless battles is banned
|clearpoke
|poke|p1|Rayquaza|
|poke|p1|Groudon|
|poke|p1|Zacian-*|
|poke|p1|Shaymin-Sky|
|poke|p1|Marshadow|
|poke|p1|Yveltal|
|poke|p2|Smeargle, M|
|poke|p2|Eevee, M|
|poke|p2|Lucario, F|
|poke|p2|Gyarados, M|
|poke|p2|Ninjask, F|
|poke|p2|Lugia|
|teampreview
|
|t:|1658307847
|start
|switch|p1a: Rayquaza|Rayquaza, shiny|100/100
|switch|p2a: Smeargle|Smeargle, M|100/100
|-ability|p1a: Rayquaza|Air Lock
|turn|1
|
|t:|1658307857
|detailschange|p1a: Rayquaza|Rayquaza-Mega, shiny
|-mega|p1a: Rayquaza|Rayquaza|
|-weather|DeltaStream|[from] ability: Delta Stream|[of] p1a: Rayquaza
|move|p2a: Smeargle|Glare|p1a: Rayquaza
|-status|p1a: Rayquaza|par
|move|p1a: Rayquaza|Dragon Dance|p1a: Rayquaza
|-boost|p1a: Rayquaza|atk|1
|-boost|p1a: Rayquaza|spe|1
|
|-weather|DeltaStream|[upkeep]
|-ability|p2a: Smeargle|Moody|boost
|-boost|p2a: Smeargle|spd|2
|-unboost|p2a: Smeargle|spa|1
|upkeep
|turn|2
|
|t:|1658307871
|move|p2a: Smeargle|Sticky Web|p1a: Rayquaza
|-sidestart|p1: KLKevin|move: Sticky Web
|move|p1a: Rayquaza|Dragon Ascent|p2a: Smeargle
|-enditem|p2a: Smeargle|Focus Sash
|-damage|p2a: Smeargle|1/100
|-unboost|p1a: Rayquaza|def|1
|-unboost|p1a: Rayquaza|spd|1
|-damage|p1a: Rayquaza|91/100 par|[from] item: Life Orb
|
|-weather|DeltaStream|[upkeep]
|-ability|p2a: Smeargle|Moody|boost
|-boost|p2a: Smeargle|def|2
|-unboost|p2a: Smeargle|spe|1
|upkeep
|turn|3
|
|t:|1658307885
|cant|p1a: Rayquaza|par
|move|p2a: Smeargle|Baton Pass|p2a: Smeargle
|
|t:|1658307889
|switch|p2a: Lugia|Lugia|100/100|[from]move: Baton Pass
|
|-weather|DeltaStream|[upkeep]
|upkeep
|turn|4
|
|t:|1658307896
|move|p1a: Rayquaza|Dragon Ascent|p2a: Lugia
|-damage|p2a: Lugia|74/100
|-unboost|p1a: Rayquaza|def|1
|-unboost|p1a: Rayquaza|spd|1
|-damage|p1a: Rayquaza|81/100 par|[from] item: Life Orb
|move|p2a: Lugia|Toxic||[still]
|-fail|p2a: Lugia
|
|-weather|DeltaStream|[upkeep]
|-heal|p2a: Lugia|80/100|[from] item: Leftovers
|upkeep
|turn|5
|
|t:|1658307911
|-weather|none
|switch|p1a: Marshadow|Marshadow|100/100
|-activate|p1a: Marshadow|move: Sticky Web
|-unboost|p1a: Marshadow|spe|1
|move|p2a: Lugia|Roost|p2a: Lugia
|-heal|p2a: Lugia|100/100
|-singleturn|p2a: Lugia|move: Roost
|
|upkeep
|turn|6
|
|t:|1658307923
|-zpower|p1a: Marshadow
|move|p1a: Marshadow|Soul-Stealing 7-Star Strike|p2a: Lugia|[zeffect]
|-supereffective|p2a: Lugia
|-damage|p2a: Lugia|68/100
|move|p2a: Lugia|Toxic|p1a: Marshadow
|-status|p1a: Marshadow|tox
|
|-heal|p2a: Lugia|75/100|[from] item: Leftovers
|-damage|p1a: Marshadow|94/100 tox|[from] psn
|upkeep
|turn|7
|
|t:|1658307942
|move|p1a: Marshadow|Spectral Thief||[still]
|-clearpositiveboost|p2a: Lugia|p1a: Marshadow|move: Spectral Thief
|-boost|p1a: Marshadow|def|2
|-boost|p1a: Marshadow|spd|2
|-anim|p1a: Marshadow|Spectral Thief|p2a: Lugia
|-supereffective|p2a: Lugia
|-damage|p2a: Lugia|13/100
|move|p2a: Lugia|Roost|p2a: Lugia
|-heal|p2a: Lugia|63/100
|-singleturn|p2a: Lugia|move: Roost
|
|-heal|p2a: Lugia|69/100|[from] item: Leftovers
|-damage|p1a: Marshadow|82/100 tox|[from] psn
|upkeep
|turn|8
|
|t:|1658307958
|move|p2a: Lugia|Protect|p2a: Lugia
|-singleturn|p2a: Lugia|Protect
|move|p1a: Marshadow|Spectral Thief|p2a: Lugia
|-activate|p2a: Lugia|move: Protect
|
|-heal|p2a: Lugia|75/100|[from] item: Leftovers
|-damage|p1a: Marshadow|63/100 tox|[from] psn
|upkeep
|turn|9
|
|t:|1658307970
|move|p1a: Marshadow|Spectral Thief|p2a: Lugia
|-supereffective|p2a: Lugia
|-damage|p2a: Lugia|16/100
|move|p2a: Lugia|Roost|p2a: Lugia
|-heal|p2a: Lugia|66/100
|-singleturn|p2a: Lugia|move: Roost
|
|-heal|p2a: Lugia|72/100|[from] item: Leftovers
|-damage|p1a: Marshadow|38/100 tox|[from] psn
|upkeep
|turn|10
|
|t:|1658307987
|move|p2a: Lugia|Protect|p2a: Lugia
|-singleturn|p2a: Lugia|Protect
|move|p1a: Marshadow|Spectral Thief|p2a: Lugia
|-activate|p2a: Lugia|move: Protect
|
|-heal|p2a: Lugia|78/100|[from] item: Leftovers
|-damage|p1a: Marshadow|7/100 tox|[from] psn
|upkeep
|turn|11
|
|t:|1658308000
|switch|p1a: Zacian|Zacian-Crowned|100/100
|-activate|p1a: Zacian|move: Sticky Web
|-unboost|p1a: Zacian|spe|1
|-ability|p1a: Zacian|Intrepid Sword|boost
|-boost|p1a: Zacian|atk|1
|move|p2a: Lugia|Roost|p2a: Lugia
|-heal|p2a: Lugia|100/100
|-singleturn|p2a: Lugia|move: Roost
|
|upkeep
|turn|12
|
|t:|1658308012
|move|p1a: Zacian|Swords Dance|p1a: Zacian
|-boost|p1a: Zacian|atk|2
|move|p2a: Lugia|Whirlwind|p1a: Zacian
|drag|p1a: Marshadow|Marshadow|7/100 tox
|-activate|p1a: Marshadow|move: Sticky Web
|-unboost|p1a: Marshadow|spe|1
|
|-damage|p1a: Marshadow|1/100 tox|[from] psn
|upkeep
|turn|13
|
|t:|1658308029
|move|p1a: Marshadow|Shadow Sneak|p2a: Lugia
|-supereffective|p2a: Lugia
|-damage|p2a: Lugia|79/100
|move|p2a: Lugia|Roost|p2a: Lugia
|-heal|p2a: Lugia|100/100
|-singleturn|p2a: Lugia|move: Roost
|
|-damage|p1a: Marshadow|0 fnt|[from] psn
|faint|p1a: Marshadow
|upkeep
|
|t:|1658308041
|switch|p1a: Yveltal|Yveltal|100/100
|-ability|p1a: Yveltal|Dark Aura
|turn|14
|
|t:|1658308049
|-start|p1a: Yveltal|Dynamax|
|-heal|p1a: Yveltal|100/100|[silent]
|move|p1a: Yveltal|Max Darkness|p2a: Lugia
|-supereffective|p2a: Lugia
|-damage|p2a: Lugia|49/100
|-unboost|p2a: Lugia|spd|1
|move|p2a: Lugia|Toxic|p1a: Yveltal
|-status|p1a: Yveltal|tox
|
|-heal|p2a: Lugia|55/100|[from] item: Leftovers
|-damage|p1a: Yveltal|97/100 tox|[from] psn
|upkeep
|turn|15
|
|t:|1658308065
|move|p2a: Lugia|Protect|p2a: Lugia
|-singleturn|p2a: Lugia|Protect
|move|p1a: Yveltal|Max Darkness|p2a: Lugia
|-supereffective|p2a: Lugia
|-zbroken|p2a: Lugia
|-damage|p2a: Lugia|31/100
|-unboost|p2a: Lugia|spd|1
|
|-heal|p2a: Lugia|37/100|[from] item: Leftovers
|-damage|p1a: Yveltal|91/100 tox|[from] psn
|upkeep
|turn|16
|
|t:|1658308080
|switch|p2a: Smeargle|Smeargle, M|1/100
|move|p1a: Yveltal|Max Darkness|p2a: Smeargle
|-damage|p2a: Smeargle|0 fnt
|faint|p2a: Smeargle
|
|-damage|p1a: Yveltal|82/100 tox|[from] psn
|upkeep
|
|t:|1658308092
|switch|p2a: Ninjask|Ninjask, F|100/100
|-end|p1a: Yveltal|Dynamax
|-heal|p1a: Yveltal|82/100 tox|[silent]
|turn|17
|
|t:|1658308100
|move|p2a: Ninjask|Protect|p2a: Ninjask
|-singleturn|p2a: Ninjask|Protect
|move|p1a: Yveltal|Knock Off|p2a: Ninjask
|-activate|p2a: Ninjask|move: Protect
|
|-damage|p1a: Yveltal|57/100 tox|[from] psn
|-ability|p2a: Ninjask|Speed Boost|boost
|-boost|p2a: Ninjask|spe|1
|upkeep
|turn|18
|
|t:|1658308109
|move|p2a: Ninjask|Substitute|p2a: Ninjask
|-start|p2a: Ninjask|Substitute
|-damage|p2a: Ninjask|76/100
|move|p1a: Yveltal|Knock Off|p2a: Ninjask
|-end|p2a: Ninjask|Substitute
|
|-damage|p1a: Yveltal|26/100 tox|[from] psn
|-ability|p2a: Ninjask|Speed Boost|boost
|-boost|p2a: Ninjask|spe|1
|upkeep
|turn|19
|
|t:|1658308120
|move|p2a: Ninjask|Protect|p2a: Ninjask
|-singleturn|p2a: Ninjask|Protect
|move|p1a: Yveltal|Knock Off|p2a: Ninjask
|-activate|p2a: Ninjask|move: Protect
|
|-damage|p1a: Yveltal|0 fnt|[from] psn
|faint|p1a: Yveltal
|-ability|p2a: Ninjask|Speed Boost|boost
|-boost|p2a: Ninjask|spe|1
|upkeep
|
|t:|1658308131
|switch|p1a: Zacian|Zacian-Crowned|100/100
|-activate|p1a: Zacian|move: Sticky Web
|-unboost|p1a: Zacian|spe|1
|-ability|p1a: Zacian|Intrepid Sword|boost
|-boost|p1a: Zacian|atk|1
|turn|20
|
|t:|1658308140
|move|p2a: Ninjask|Substitute|p2a: Ninjask
|-start|p2a: Ninjask|Substitute
|-damage|p2a: Ninjask|51/100
|move|p1a: Zacian|Behemoth Blade|p2a: Ninjask
|-end|p2a: Ninjask|Substitute
|
|-ability|p2a: Ninjask|Speed Boost|boost
|-boost|p2a: Ninjask|spe|1
|upkeep
|turn|21
|
|t:|1658308156
|move|p2a: Ninjask|Substitute|p2a: Ninjask
|-start|p2a: Ninjask|Substitute
|-damage|p2a: Ninjask|26/100
|move|p1a: Zacian|Behemoth Blade|p2a: Ninjask
|-end|p2a: Ninjask|Substitute
|
|-ability|p2a: Ninjask|Speed Boost|boost
|-boost|p2a: Ninjask|spe|1
|upkeep
|turn|22
|
|t:|1658308167
|move|p2a: Ninjask|Protect|p2a: Ninjask
|-singleturn|p2a: Ninjask|Protect
|move|p1a: Zacian|Behemoth Blade|p2a: Ninjask
|-activate|p2a: Ninjask|move: Protect
|
|-ability|p2a: Ninjask|Speed Boost|boost
|-boost|p2a: Ninjask|spe|1
|upkeep
|turn|23
|
|t:|1658308177
|move|p2a: Ninjask|Substitute|p2a: Ninjask
|-start|p2a: Ninjask|Substitute
|-damage|p2a: Ninjask|1/100
|-enditem|p2a: Ninjask|Aguav Berry|[eat]
|-heal|p2a: Ninjask|34/100|[from] item: Aguav Berry
|move|p1a: Zacian|Play Rough|p2a: Ninjask
|-end|p2a: Ninjask|Substitute
|
|upkeep
|turn|24
|
|t:|1658308188
|move|p2a: Ninjask|Substitute|p2a: Ninjask
|-start|p2a: Ninjask|Substitute
|-damage|p2a: Ninjask|9/100
|move|p1a: Zacian|Behemoth Blade|p2a: Ninjask
|-end|p2a: Ninjask|Substitute
|
|upkeep
|turn|25
|
|t:|1658308195
|move|p2a: Ninjask|Protect|p2a: Ninjask
|-singleturn|p2a: Ninjask|Protect
|move|p1a: Zacian|Play Rough|p2a: Ninjask
|-activate|p2a: Ninjask|move: Protect
|
|upkeep
|turn|26
|
|t:|1658308204
|switch|p1a: Rayquaza|Rayquaza-Mega, shiny|81/100 par
|-weather|DeltaStream|[from] ability: Delta Stream|[of] p1a: Rayquaza
|move|p2a: Ninjask|Baton Pass|p2a: Ninjask
|
|t:|1658308220
|switch|p2a: Lucario|Lucario, F|100/100|[from]move: Baton Pass
|
|-weather|DeltaStream|[upkeep]
|upkeep
|turn|27
|
|t:|1658308241
|detailschange|p2a: Lucario|Lucario-Mega, F
|-mega|p2a: Lucario|Lucario|Lucarionite
|move|p2a: Lucario|Close Combat|p1a: Rayquaza
|-resisted|p1a: Rayquaza
|-damage|p1a: Rayquaza|38/100 par
|-unboost|p2a: Lucario|def|1
|-unboost|p2a: Lucario|spd|1
|move|p1a: Rayquaza|Earthquake|p2a: Lucario
|-supereffective|p2a: Lucario
|-damage|p2a: Lucario|0 fnt
|faint|p2a: Lucario
|-damage|p1a: Rayquaza|29/100 par|[from] item: Life Orb
|
|-weather|DeltaStream|[upkeep]
|upkeep
|
|t:|1658308255
|switch|p2a: Eevee|Eevee, M|100/100
|turn|28
|
|t:|1658308263
|-zpower|p2a: Eevee
|move|p2a: Eevee|Extreme Evoboost|p2a: Eevee
|-boost|p2a: Eevee|atk|2
|-boost|p2a: Eevee|def|2
|-boost|p2a: Eevee|spa|2
|-boost|p2a: Eevee|spd|2
|-boost|p2a: Eevee|spe|2
|move|p1a: Rayquaza|Dragon Ascent|p2a: Eevee
|-damage|p2a: Eevee|15/100
|-unboost|p1a: Rayquaza|def|1
|-unboost|p1a: Rayquaza|spd|1
|-damage|p1a: Rayquaza|19/100 par|[from] item: Life Orb
|
|-weather|DeltaStream|[upkeep]
|upkeep
|turn|29
|
|t:|1658308277
|move|p1a: Rayquaza|Extreme Speed|p2a: Eevee
|-damage|p2a: Eevee|0 fnt
|faint|p2a: Eevee
|-damage|p1a: Rayquaza|9/100 par|[from] item: Life Orb
|
|-weather|DeltaStream|[upkeep]
|upkeep
|
|t:|1658308284
|switch|p2a: Ninjask|Ninjask, F|9/100
|turn|30
|
|t:|1658308289
|move|p2a: Ninjask|Protect|p2a: Ninjask
|-singleturn|p2a: Ninjask|Protect
|move|p1a: Rayquaza|Extreme Speed|p2a: Ninjask
|-activate|p2a: Ninjask|move: Protect
|
|-weather|DeltaStream|[upkeep]
|-ability|p2a: Ninjask|Speed Boost|boost
|-boost|p2a: Ninjask|spe|1
|upkeep
|turn|31
|
|t:|1658308299
|move|p1a: Rayquaza|Extreme Speed|p2a: Ninjask
|-damage|p2a: Ninjask|0 fnt
|faint|p2a: Ninjask
|-damage|p1a: Rayquaza|0 fnt|[from] item: Life Orb
|faint|p1a: Rayquaza
|-weather|none
|
|upkeep
|
|t:|1658308311
|switch|p2a: Gyarados|Gyarados, M|100/100
|switch|p1a: Zacian|Zacian-Crowned|100/100
|-activate|p1a: Zacian|move: Sticky Web
|-unboost|p1a: Zacian|spe|1
|-ability|p1a: Zacian|Intrepid Sword|boost
|-boost|p1a: Zacian|atk|1
|turn|32
|
|t:|1658308328
|move|p1a: Zacian|Wild Charge|p2a: Gyarados
|-supereffective|p2a: Gyarados
|-damage|p2a: Gyarados|0 fnt
|faint|p2a: Gyarados
|-damage|p1a: Zacian|70/100|[from] Recoil
|
|upkeep
|
|t:|1658308335
|switch|p2a: Lugia|Lugia|37/100
|turn|33
|
|t:|1658308339
|move|p2a: Lugia|Protect|p2a: Lugia
|-singleturn|p2a: Lugia|Protect
|move|p1a: Zacian|Play Rough|p2a: Lugia
|-activate|p2a: Lugia|move: Protect
|
|-heal|p2a: Lugia|43/100|[from] item: Leftovers
|upkeep
|turn|34
|
|t:|1658308350
|move|p1a: Zacian|Behemoth Blade|p2a: Lugia
|-damage|p2a: Lugia|0 fnt
|faint|p2a: Lugia
|
|win|KLKevin
|raw|KLKevin's rating: 1328 &rarr; <strong>1352</strong><br />(+24 for winning)
|raw|thicsucttv's rating: 1394 &rarr; <strong>1370</strong><br />(-24 for losing)
|l|☆thicsucttv
|l|☆KLKevin
|j|☆KLKevin
|player|p1|KLKevin|giovanni
||Ladder isn't responding, score probably updated but might not have (Request timeout).
