|j|☆GoudonRockpolish
|j|☆Hikhanh123
|t:|1610122137
|player|p1|GoudonRockpolish|clown|1294
|player|p2|Hikhanh123|red|1279
|teamsize|p1|6
|teamsize|p2|6
|gametype|singles
|gen|8
|tier|[Gen 8] National Dex AG
|rated|
|clearpoke
|poke|p1|Calyrex-Ice|
|poke|p1|Slowbro, M|
|poke|p1|Magearna|
|poke|p1|Dracovish|
|poke|p1|Melmetal|
|poke|p1|Regidrago|
|poke|p2|Zacian-Crowned|
|poke|p2|Shaymin-Sky|
|poke|p2|Xerneas|
|poke|p2|Marshadow|
|poke|p2|Calyrex-Shadow|
|poke|p2|Yveltal|
|rule|HP Percentage Mod: HP is shown in percentages
|rule|Endless Battle Clause: Forcing endless battles is banned
|teampreview
|inactive|Battle timer is ON: inactive players will automatically lose when time's up. (requested by Hikhanh123)
|
|t:|1610122142
|start
|switch|p1a: Bodiboudibou|Calyrex-Ice|100/100
|switch|p2a: Yveltal|Yveltal|100/100
|-ability|p1a: Bodiboudibou|As One
|-ability|p1a: Bodiboudibou|Unnerve|p2: Hikhanh123
|-ability|p2a: Yveltal|Dark Aura
|turn|1
|
|t:|1610122149
|move|p2a: Yveltal|Sucker Punch||[still]
|-fail|p2a: Yveltal
|move|p1a: Bodiboudibou|Trick Room|p1a: Bodiboudibou
|-fieldstart|move: Trick Room|[of] p1a: Bodiboudibou
|
|upkeep
|turn|2
|
|t:|1610122155
|move|p2a: Yveltal|Sucker Punch|p1a: Bodiboudibou
|-supereffective|p1a: Bodiboudibou
|-damage|p1a: Bodiboudibou|44/100
|move|p1a: Bodiboudibou|Glacial Lance|p2a: Yveltal
|-supereffective|p2a: Yveltal
|-damage|p2a: Yveltal|0 fnt
|faint|p2a: Yveltal
|-ability|p1a: Bodiboudibou|Chilling Neigh|boost
|-boost|p1a: Bodiboudibou|atk|1
|
|upkeep
|
|t:|1610122163
|switch|p2a: Marshadow|Marshadow|100/100
|turn|3
|
|t:|1610122166
|move|p1a: Bodiboudibou|Glacial Lance|p2a: Marshadow
|-enditem|p2a: Marshadow|Focus Sash
|-damage|p2a: Marshadow|1/100
|move|p2a: Marshadow|Spectral Thief||[still]
|-clearpositiveboost|p1a: Bodiboudibou|p2a: Marshadow|move: Spectral Thief
|-boost|p2a: Marshadow|atk|1
|-anim|p2a: Marshadow|Spectral Thief|p1a: Bodiboudibou
|-supereffective|p1a: Bodiboudibou
|-damage|p1a: Bodiboudibou|0 fnt
|faint|p1a: Bodiboudibou
|
|upkeep
|
|t:|1610122171
|switch|p1a: Pomamame|Dracovish|100/100
|turn|4
|
|t:|1610122175
|move|p1a: Pomamame|Fishious Rend|p2a: Marshadow
|-damage|p2a: Marshadow|0 fnt
|faint|p2a: Marshadow
|
|upkeep
|
|t:|1610122183
|switch|p2a: Shaymin|Shaymin-Sky|100/100
|turn|5
|
|t:|1610122188
|move|p1a: Pomamame|Fishious Rend|p2a: Shaymin
|-resisted|p2a: Shaymin
|-crit|p2a: Shaymin
|-enditem|p2a: Shaymin|Focus Sash
|-damage|p2a: Shaymin|1/100
|move|p2a: Shaymin|Air Slash|p1a: Pomamame
|-damage|p1a: Pomamame|63/100
|
|-fieldend|move: Trick Room
|upkeep
|turn|6
|
|t:|1610122198
|switch|p1a: Bobabelele|Magearna|100/100
|move|p2a: Shaymin|Air Slash|p1a: Bobabelele|[miss]
|-miss|p2a: Shaymin|p1a: Bobabelele
|
|upkeep
|turn|7
|
|t:|1610122204
|move|p2a: Shaymin|Synthesis|p2a: Shaymin
|-heal|p2a: Shaymin|51/100
|move|p1a: Bobabelele|Trick Room|p1a: Bobabelele
|-fieldstart|move: Trick Room|[of] p1a: Bobabelele
|
|upkeep
|turn|8
|
|t:|1610122209
|move|p1a: Bobabelele|Volt Switch|p2a: Shaymin
|-damage|p2a: Shaymin|23/100
|
|t:|1610122214
|switch|p1a: Pomamame|Dracovish|63/100|[from]move: Volt Switch
|move|p2a: Shaymin|Synthesis|p2a: Shaymin
|-heal|p2a: Shaymin|73/100
|
|upkeep
|turn|9
|
|t:|1610122220
|move|p1a: Pomamame|Fishious Rend|p2a: Shaymin
|-resisted|p2a: Shaymin
|-damage|p2a: Shaymin|0 fnt
|faint|p2a: Shaymin
|
|upkeep
|
|t:|1610122229
|switch|p2a: Zacian|Zacian-Crowned|100/100
|-ability|p2a: Zacian|Intrepid Sword|boost
|-boost|p2a: Zacian|atk|1
|turn|10
|
|t:|1610122233
|move|p1a: Pomamame|Fishious Rend|p2a: Zacian
|-damage|p2a: Zacian|0 fnt
|faint|p2a: Zacian
|
|upkeep
|
|t:|1610122244
|switch|p2a: Xerneas|Xerneas|100/100
|-ability|p2a: Xerneas|Fairy Aura
|turn|11
|
|t:|1610122247
|move|p1a: Pomamame|Fishious Rend|p2a: Xerneas
|-damage|p2a: Xerneas|0 fnt
|faint|p2a: Xerneas
|
|-fieldend|move: Trick Room
|upkeep
|
|t:|1610122249
|switch|p2a: Calyrex|Calyrex-Shadow|100/100
|-ability|p2a: Calyrex|As One
|-ability|p2a: Calyrex|Unnerve|p1: GoudonRockpolish
|turn|12
|
|t:|1610122262
|switch|p1a: Brobroudibe|Slowbro, M|100/100
|move|p2a: Calyrex|Astral Barrage|p1a: Brobroudibe
|-supereffective|p1a: Brobroudibe
|-damage|p1a: Brobroudibe|0 fnt
|faint|p1a: Brobroudibe
|-ability|p2a: Calyrex|Grim Neigh|boost
|-boost|p2a: Calyrex|spa|1
|
|upkeep
|
|t:|1610122264
|switch|p1a: Bobabelele|Magearna|100/100
|turn|13
|
|t:|1610122280
|-start|p2a: Calyrex|Dynamax
|-heal|p2a: Calyrex|100/100|[silent]
|move|p2a: Calyrex|Max Phantasm|p1a: Bobabelele
|-damage|p1a: Bobabelele|0 fnt
|faint|p1a: Bobabelele
|-ability|p2a: Calyrex|Grim Neigh|boost
|-boost|p2a: Calyrex|spa|1
|
|upkeep
|
|t:|1610122287
|switch|p1a: Groudoubidou|Melmetal|100/100
|turn|14
|
|t:|1610122292
|-start|p1a: Groudoubidou|Dynamax
|-formechange|p1a: Groudoubidou|Melmetal-Gmax
|-heal|p1a: Groudoubidou|100/100|[silent]
|move|p2a: Calyrex|Max Phantasm|p1a: Groudoubidou
|-crit|p1a: Groudoubidou
|-damage|p1a: Groudoubidou|0 fnt
|faint|p1a: Groudoubidou
|-ability|p2a: Calyrex|Grim Neigh|boost
|-boost|p2a: Calyrex|spa|1
|
|upkeep
|
|t:|1610122300
|switch|p1a: Pomamame|Dracovish|63/100
|turn|15
|
|t:|1610122304
|move|p2a: Calyrex|Max Phantasm|p1a: Pomamame
|-damage|p1a: Pomamame|0 fnt
|faint|p1a: Pomamame
|-ability|p2a: Calyrex|Grim Neigh|boost
|-boost|p2a: Calyrex|spa|1
|
|-end|p2a: Calyrex|Dynamax
|-heal|p2a: Calyrex|100/100|[silent]
|upkeep
|
|t:|1610122307
|switch|p1a: Sanidoupolou|Regidrago|100/100
|turn|16
|
|t:|1610122310
|move|p2a: Calyrex|Astral Barrage|p1a: Sanidoupolou
|-damage|p1a: Sanidoupolou|0 fnt
|faint|p1a: Sanidoupolou
|
|win|Hikhanh123
||Ladder (probably) updated, but score could not be retrieved (Request timeout).
