|j|☆Naofumi_Bakugo_Jax
|j|☆alt1445645
|t:|1659586497
|gametype|singles
|player|p1|Naofumi_Bakugo_Jax|blue|1600
|player|p2|alt1445645|102|1860
|teamsize|p1|6
|teamsize|p2|6
|gen|8
|tier|[Gen 8] National Dex AG
|rated|
|rule|HP Percentage Mod: HP is shown in percentages
|rule|Endless Battle Clause: Forcing endless battles is banned
|clearpoke
|poke|p1|Kyogre|
|poke|p1|Swampert, M|
|poke|p1|Calyrex-Shadow|
|poke|p1|Yveltal|
|poke|p1|Zacian-*|
|poke|p1|Lunala|
|poke|p2|Arceus-*|
|poke|p2|Groudon|
|poke|p2|Zacian-*|
|poke|p2|Rayquaza|
|poke|p2|Calyrex-Shadow|
|poke|p2|Yveltal|
|teampreview
|inactive|Battle timer is ON: inactive players will automatically lose when time's up. (requested by Naofumi_Bakugo_Jax)
|j| Mahi1
|
|t:|1659586509
|start
|switch|p1a: Calyrex|Calyrex-Shadow|100/100
|switch|p2a: Calyrex|Calyrex-Shadow|100/100
|-ability|p1a: Calyrex|As One
|-ability|p1a: Calyrex|Unnerve
|-ability|p2a: Calyrex|As One
|-ability|p2a: Calyrex|Unnerve
|turn|1
|
|t:|1659586517
|move|p2a: Calyrex|Astral Barrage|p1a: Calyrex
|-supereffective|p1a: Calyrex
|-enditem|p1a: Calyrex|Focus Sash
|-damage|p1a: Calyrex|1/100
|move|p1a: Calyrex|Bulldoze|p2a: Calyrex
|-damage|p2a: Calyrex|86/100
|-unboost|p2a: Calyrex|spe|1
|
|upkeep
|turn|2
|
|t:|1659586531
|move|p1a: Calyrex|Astral Barrage|p2a: Calyrex
|-supereffective|p2a: Calyrex
|-damage|p2a: Calyrex|0 fnt
|faint|p2a: Calyrex
|-ability|p1a: Calyrex|Grim Neigh|boost
|-boost|p1a: Calyrex|spa|1
|
|upkeep
|
|t:|1659586538
|switch|p2a: Arceus|Arceus|100/100
|turn|3
|c| Mahi1|Smart
|
|t:|1659586546
|move|p1a: Calyrex|Baton Pass|p1a: Calyrex
|
|t:|1659586563
|switch|p1a: Yveltal|Yveltal, shiny|100/100|[from]move: Baton Pass
|-ability|p1a: Yveltal|Dark Aura
|move|p2a: Arceus|Swords Dance|p2a: Arceus
|-boost|p2a: Arceus|atk|2
|
|upkeep
|turn|4
|inactive|Naofumi_Bakugo_Jax has 120 seconds left.
|
|t:|1659586591
|-start|p2a: Arceus|Dynamax|
|-heal|p2a: Arceus|100/100|[silent]
|move|p1a: Yveltal|Dark Pulse|p2a: Arceus
|-damage|p2a: Arceus|72/100
|move|p2a: Arceus|Max Strike|p1a: Yveltal
|-damage|p1a: Yveltal|0 fnt
|faint|p1a: Yveltal
|
|upkeep
|inactive|Naofumi_Bakugo_Jax has 120 seconds left.
|
|t:|1659586603
|switch|p1a: Zacian|Zacian-Crowned|100/100
|-ability|p1a: Zacian|Intrepid Sword|boost
|-boost|p1a: Zacian|atk|1
|turn|5
|
|t:|1659586607
|-end|p2a: Arceus|Dynamax
|-heal|p2a: Arceus|72/100|[silent]
|switch|p2a: Groudon|Groudon|100/100
|detailschange|p2a: Groudon|Groudon-Primal
|-primal|p2a: Groudon
|-weather|DesolateLand|[from] ability: Desolate Land|[of] p2a: Groudon
|move|p1a: Zacian|Behemoth Blade|p2a: Groudon
|-resisted|p2a: Groudon
|-crit|p2a: Groudon
|-damage|p2a: Groudon|64/100
|
|-weather|DesolateLand|[upkeep]
|upkeep
|turn|6
|c|☆alt1445645|nice crit
|c|☆alt1445645|u played well
|inactive|Naofumi_Bakugo_Jax has 120 seconds left.
|
|t:|1659586627
|move|p1a: Zacian|Close Combat|p2a: Groudon
|-damage|p2a: Groudon|29/100
|-unboost|p1a: Zacian|def|1
|-unboost|p1a: Zacian|spd|1
|move|p2a: Groudon|Fire Punch|p1a: Zacian
|-supereffective|p1a: Zacian
|-damage|p1a: Zacian|0 fnt
|faint|p1a: Zacian
|
|-weather|DesolateLand|[upkeep]
|upkeep
|inactive|Naofumi_Bakugo_Jax has 120 seconds left.
|
|t:|1659586638
|switch|p1a: Calyrex|Calyrex-Shadow|1/100
|-ability|p1a: Calyrex|As One
|-ability|p1a: Calyrex|Unnerve
|turn|7
|
|t:|1659586643
|move|p1a: Calyrex|Astral Barrage|p2a: Groudon
|-damage|p2a: Groudon|0 fnt
|faint|p2a: Groudon
|-weather|none
|-ability|p1a: Calyrex|Grim Neigh|boost
|-boost|p1a: Calyrex|spa|1
|
|upkeep
|
|t:|1659586645
|switch|p2a: Arceus|Arceus|72/100
|turn|8
|inactive|Naofumi_Bakugo_Jax has 120 seconds left.
|
|t:|1659586669
|move|p1a: Calyrex|Bulldoze|p2a: Arceus
|-damage|p2a: Arceus|64/100
|-unboost|p2a: Arceus|spe|1
|move|p2a: Arceus|Shadow Claw|p1a: Calyrex
|-supereffective|p1a: Calyrex
|-damage|p1a: Calyrex|0 fnt
|faint|p1a: Calyrex
|
|upkeep
|inactive|Naofumi_Bakugo_Jax has 120 seconds left.
|c|☆alt1445645|y lunala tho \
|c|☆alt1445645|wot it do
|
|t:|1659586696
|switch|p1a: Lunala|Lunala|100/100
|turn|9
|c|☆alt1445645|is it the power herb set
|inactive|Naofumi_Bakugo_Jax has 90 seconds left.
|
|t:|1659586721
|move|p1a: Lunala|Tailwind|p1a: Lunala
|-sidestart|p1: Naofumi_Bakugo_Jax|move: Tailwind
|move|p2a: Arceus|Shadow Claw|p1a: Lunala
|-supereffective|p1a: Lunala
|-damage|p1a: Lunala|58/100
|
|upkeep
|turn|10
|inactive|Naofumi_Bakugo_Jax has 90 seconds left.
|
|t:|1659586727
|move|p1a: Lunala|Meteor Beam||[still]
|-prepare|p1a: Lunala|Meteor Beam
|-boost|p1a: Lunala|spa|1
|-enditem|p1a: Lunala|Power Herb
|-anim|p1a: Lunala|Meteor Beam|p2a: Arceus
|-damage|p2a: Arceus|17/100
|move|p2a: Arceus|Shadow Claw|p1a: Lunala
|-supereffective|p1a: Lunala
|-damage|p1a: Lunala|0 fnt
|faint|p1a: Lunala
|
|upkeep
|
|t:|1659586732
|switch|p1a: Kyogre|Kyogre|100/100
|-weather|RainDance|[from] ability: Drizzle|[of] p1a: Kyogre
|turn|11
|inactive|Naofumi_Bakugo_Jax has 90 seconds left.
|
|t:|1659586758
|-start|p1a: Kyogre|Dynamax|
|-heal|p1a: Kyogre|100/100|[silent]
|move|p2a: Arceus|Extreme Speed|p1a: Kyogre
|-damage|p1a: Kyogre|77/100
|move|p1a: Kyogre|Max Hailstorm|p2a: Arceus
|-damage|p2a: Arceus|0 fnt
|-weather|Hail
|faint|p2a: Arceus
|
|-weather|Hail|[upkeep]
|-damage|p1a: Kyogre|74/100|[from] Hail
|upkeep
|
|t:|1659586766
|switch|p2a: Rayquaza|Rayquaza|100/100
|-ability|p2a: Rayquaza|Air Lock
|turn|12
|inactive|Naofumi_Bakugo_Jax has 90 seconds left.
|
|t:|1659586776
|detailschange|p2a: Rayquaza|Rayquaza-Mega
|-mega|p2a: Rayquaza|Rayquaza|
|-weather|DeltaStream|[from] ability: Delta Stream|[of] p2a: Rayquaza
|move|p1a: Kyogre|Max Hailstorm|p2a: Rayquaza
|-activate||deltastream
|-supereffective|p2a: Rayquaza
|-enditem|p2a: Rayquaza|Focus Sash
|-damage|p2a: Rayquaza|1/100
|move|p2a: Rayquaza|Dragon Dance|p2a: Rayquaza
|-boost|p2a: Rayquaza|atk|1
|-boost|p2a: Rayquaza|spe|1
|
|-weather|DeltaStream|[upkeep]
|-sideend|p1: Naofumi_Bakugo_Jax|move: Tailwind
|upkeep
|turn|13
|inactive|Naofumi_Bakugo_Jax has 90 seconds left.
|
|t:|1659586786
|move|p2a: Rayquaza|Dragon Ascent|p1a: Kyogre
|-damage|p1a: Kyogre|0 fnt
|-unboost|p2a: Rayquaza|def|1
|-unboost|p2a: Rayquaza|spd|1
|faint|p1a: Kyogre
|
|-weather|DeltaStream|[upkeep]
|upkeep
|
|t:|1659586788
|switch|p1a: Swampert|Swampert, M|100/100
|turn|14
|c|☆alt1445645|ay gg man
|
|t:|1659586797
|detailschange|p1a: Swampert|Swampert-Mega, M
|-mega|p1a: Swampert|Swampert|Swampertite
|move|p2a: Rayquaza|Dragon Ascent|p1a: Swampert
|-damage|p1a: Swampert|0 fnt
|-unboost|p2a: Rayquaza|def|1
|-unboost|p2a: Rayquaza|spd|1
|faint|p1a: Swampert
|
|win|alt1445645
|raw|Naofumi_Bakugo_Jax's rating: 1600 &rarr; <strong>1593</strong><br />(-7 for losing)
|raw|alt1445645's rating: 1860 &rarr; <strong>1867</strong><br />(+7 for winning)
|c|☆alt1445645|u played aight
