|j|☆luckynumone
|j|☆Hhhhhhhhhhhhx
|t:|1663251607
|gametype|singles
|player|p1|luckynumone|ninjaboy|1640
|player|p2|Hhhhhhhhhhhhx|nate|1614
|teamsize|p1|6
|teamsize|p2|6
|gen|8
|tier|[Gen 8] National Dex AG
|rated|
|rule|HP Percentage Mod: HP is shown in percentages
|rule|Endless Battle Clause: Forcing endless battles is banned
|clearpoke
|poke|p1|Zygarde|
|poke|p1|Calyrex-Shadow|
|poke|p1|Zacian-*|
|poke|p1|Rayquaza|
|poke|p1|Necrozma-Dusk-Mane|
|poke|p1|Arceus-*|
|poke|p2|Groudon|
|poke|p2|Cinderace, M|
|poke|p2|Zacian-*|
|poke|p2|Lugia|
|poke|p2|Ho-Oh|
|poke|p2|Yveltal|
|teampreview
|inactive|Battle timer is ON: inactive players will automatically lose when time's up. (requested by Hhhhhhhhhhhhx)
|
|t:|1663251627
|start
|switch|p1a: Calyrex|Calyrex-Shadow|100/100
|switch|p2a: Yveltal|Yveltal|100/100
|-ability|p1a: Calyrex|As One
|-ability|p1a: Calyrex|Unnerve
|-ability|p2a: Yveltal|Dark Aura
|turn|1
|j| Shoofi386
|c| Shoofi386|It's like watching football but it's fictional animals fighting
|
|t:|1663251639
|switch|p1a: Arceus|Arceus-Dark|100/100
|move|p2a: Yveltal|Dark Pulse|p1a: Arceus
|-resisted|p1a: Arceus
|-damage|p1a: Arceus|84/100
|-damage|p2a: Yveltal|91/100|[from] item: Life Orb
|
|upkeep
|turn|2
|
|t:|1663251649
|switch|p2a: Zacian|Zacian-Crowned|100/100
|-ability|p2a: Zacian|Intrepid Sword|boost
|-boost|p2a: Zacian|atk|1
|move|p1a: Arceus|Toxic|p2a: Zacian
|-immune|p2a: Zacian
|
|upkeep
|turn|3
|
|t:|1663251659
|switch|p1a: Necrozma|Necrozma-Dusk-Mane|100/100
|move|p2a: Zacian|Play Rough|p1a: Necrozma
|-resisted|p1a: Necrozma
|-damage|p1a: Necrozma|65/100
|
|upkeep
|turn|4
|j| Gi22
|
|t:|1663251669
|move|p2a: Zacian|Swords Dance|p2a: Zacian
|-boost|p2a: Zacian|atk|2
|move|p1a: Necrozma|Heat Wave|p2a: Zacian
|-supereffective|p2a: Zacian
|-damage|p2a: Zacian|41/100
|
|upkeep
|turn|5
|
|t:|1663251678
|move|p2a: Zacian|Behemoth Blade|p1a: Necrozma
|-resisted|p1a: Necrozma
|-damage|p1a: Necrozma|0 fnt
|faint|p1a: Necrozma
|
|upkeep
|c| Shoofi386|You know he does fuck around when he has a zacian
|c| Shoofi386|Doesn't*
|
|t:|1663251697
|switch|p1a: Calyrex|Calyrex-Shadow|100/100
|-ability|p1a: Calyrex|As One
|-ability|p1a: Calyrex|Unnerve
|turn|6
|
|t:|1663251705
|move|p1a: Calyrex|Nasty Plot|p1a: Calyrex
|-boost|p1a: Calyrex|spa|2
|move|p2a: Zacian|Play Rough|p1a: Calyrex
|-enditem|p1a: Calyrex|Focus Sash
|-damage|p1a: Calyrex|1/100
|
|upkeep
|turn|7
|l| Shoofi386
|
|t:|1663251716
|-start|p1a: Calyrex|Dynamax|
|-heal|p1a: Calyrex|1/100|[silent]
|move|p1a: Calyrex|Max Phantasm|p2a: Zacian
|-damage|p2a: Zacian|0 fnt
|faint|p2a: Zacian
|-ability|p1a: Calyrex|Grim Neigh|boost
|-boost|p1a: Calyrex|spa|1
|
|upkeep
|
|t:|1663251719
|switch|p2a: Yveltal|Yveltal|91/100
|-ability|p2a: Yveltal|Dark Aura
|turn|8
|
|t:|1663251729
|move|p2a: Yveltal|Sucker Punch|p1a: Calyrex
|-supereffective|p1a: Calyrex
|-damage|p1a: Calyrex|0 fnt
|faint|p1a: Calyrex
|-damage|p2a: Yveltal|81/100|[from] item: Life Orb
|
|upkeep
|
|t:|1663251736
|switch|p1a: Zacian|Zacian-Crowned|100/100
|-ability|p1a: Zacian|Intrepid Sword|boost
|-boost|p1a: Zacian|atk|1
|turn|9
|c| Gi22|I can smell sucker punch
|
|t:|1663251747
|switch|p2a: Lugia|Lugia|100/100
|move|p1a: Zacian|Play Rough|p2a: Lugia
|-damage|p2a: Lugia|78/100
|-unboost|p2a: Lugia|atk|1
|-damage|p1a: Zacian|84/100|[from] item: Rocky Helmet|[of] p2a: Lugia
|
|upkeep
|turn|10
|
|t:|1663251767
|move|p1a: Zacian|Swords Dance|p1a: Zacian
|-boost|p1a: Zacian|atk|2
|move|p2a: Lugia|Recover|p2a: Lugia
|-heal|p2a: Lugia|100/100
|
|upkeep
|turn|11
|c| Gi22|Have wild charge? Easy
|
|t:|1663251773
|move|p1a: Zacian|Behemoth Blade|p2a: Lugia
|-damage|p2a: Lugia|60/100
|-damage|p1a: Zacian|67/100|[from] item: Rocky Helmet|[of] p2a: Lugia
|move|p2a: Lugia|Air Slash|p1a: Zacian|[miss]
|-miss|p2a: Lugia|p1a: Zacian
|
|upkeep
|turn|12
|
|t:|1663251781
|move|p1a: Zacian|Behemoth Blade|p2a: Lugia
|-damage|p2a: Lugia|0 fnt
|-damage|p1a: Zacian|51/100|[from] item: Rocky Helmet|[of] p2a: Lugia
|faint|p2a: Lugia
|
|upkeep
|
|t:|1663251792
|switch|p2a: Cinderace|Cinderace, M|100/100
|turn|13
|
|t:|1663251804
|move|p2a: Cinderace|Sucker Punch|p1a: Zacian
|-start|p2a: Cinderace|typechange|Dark|[from] ability: Libero
|-resisted|p1a: Zacian
|-crit|p1a: Zacian
|-damage|p1a: Zacian|18/100
|-damage|p2a: Cinderace|91/100|[from] item: Life Orb
|move|p1a: Zacian|Close Combat|p2a: Cinderace
|-supereffective|p2a: Cinderace
|-damage|p2a: Cinderace|0 fnt
|-unboost|p1a: Zacian|def|1
|-unboost|p1a: Zacian|spd|1
|faint|p2a: Cinderace
|
|upkeep
|
|t:|1663251809
|switch|p2a: Yveltal|Yveltal|81/100
|-ability|p2a: Yveltal|Dark Aura
|turn|14
|
|t:|1663251823
|switch|p1a: Arceus|Arceus-Dark|84/100
|move|p2a: Yveltal|Sucker Punch||[still]
|-fail|p2a: Yveltal
|
|upkeep
|turn|15
|
|t:|1663251830
|move|p2a: Yveltal|Oblivion Wing|p1a: Arceus
|-damage|p1a: Arceus|58/100
|-heal|p2a: Yveltal|100/100|[from] drain|[of] p1a: Arceus
|-damage|p2a: Yveltal|91/100|[from] item: Life Orb
|move|p1a: Arceus|Toxic|p2a: Yveltal
|-status|p2a: Yveltal|tox
|
|-damage|p2a: Yveltal|84/100 tox|[from] psn
|upkeep
|turn|16
|
|t:|1663251841
|switch|p2a: Groudon|Groudon|100/100
|-weather|SunnyDay|[from] ability: Drought|[of] p2a: Groudon
|move|p1a: Arceus|Recover|p1a: Arceus
|-heal|p1a: Arceus|100/100
|
|-weather|SunnyDay|[upkeep]
|upkeep
|turn|17
|
|t:|1663251851
|move|p1a: Arceus|Judgment|p2a: Groudon
|-damage|p2a: Groudon|60/100
|move|p2a: Groudon|Earthquake|p1a: Arceus
|-damage|p1a: Arceus|66/100
|
|-weather|SunnyDay|[upkeep]
|upkeep
|turn|18
|
|t:|1663251863
|move|p1a: Arceus|Judgment|p2a: Groudon
|-damage|p2a: Groudon|23/100
|move|p2a: Groudon|Overheat|p1a: Arceus
|-damage|p1a: Arceus|43/100
|-unboost|p2a: Groudon|spa|2
|-enditem|p2a: Groudon|Eject Pack
|
|t:|1663251866
|switch|p2a: Yveltal|Yveltal|84/100 tox
|-ability|p2a: Yveltal|Dark Aura
|
|-weather|SunnyDay|[upkeep]
|-damage|p2a: Yveltal|78/100 tox|[from] psn
|upkeep
|turn|19
|
|t:|1663251880
|-start|p2a: Yveltal|Dynamax|
|-heal|p2a: Yveltal|78/100 tox|[silent]
|move|p2a: Yveltal|Max Flare|p1a: Arceus
|-damage|p1a: Arceus|3/100
|-damage|p2a: Yveltal|73/100 tox|[from] item: Life Orb
|move|p1a: Arceus|Recover|p1a: Arceus
|-heal|p1a: Arceus|53/100
|
|-weather|SunnyDay|[upkeep]
|-damage|p2a: Yveltal|67/100 tox|[from] psn
|upkeep
|turn|20
|c|☆luckynumone|nah
|
|t:|1663251892
|move|p2a: Yveltal|Max Airstream|p1a: Arceus
|-damage|p1a: Arceus|12/100
|-boost|p2a: Yveltal|spe|1
|-damage|p2a: Yveltal|62/100 tox|[from] item: Life Orb
|move|p1a: Arceus|Recover|p1a: Arceus
|-heal|p1a: Arceus|62/100
|
|-weather|none
|-damage|p2a: Yveltal|53/100 tox|[from] psn
|upkeep
|turn|21
|-message|Hhhhhhhhhhhhx forfeited.
|
|win|luckynumone
|raw|luckynumone's rating: 1640 &rarr; <strong>1659</strong><br />(+19 for winning)
|raw|Hhhhhhhhhhhhx's rating: 1614 &rarr; <strong>1595</strong><br />(-19 for losing)
|l|☆Hhhhhhhhhhhhx
|c|☆luckynumone|nice try
||Ladder isn't responding, score probably updated but might not have (Request timeout).
