|j|☆OnMaWa
|j|☆Cbass97
|player|p1|OnMaWa|psychic-gen4|1785
|player|p2|Cbass97|1|1710
|teamsize|p1|6
|teamsize|p2|6
|gametype|singles
|gen|8
|tier|[Gen 8] National Dex AG
|rated|
|clearpoke
|poke|p1|Arceus-*|
|poke|p1|Xerneas|
|poke|p1|Lugia|
|poke|p1|Zacian-Crowned|
|poke|p1|Necrozma-Dusk-Mane|
|poke|p1|Yveltal|
|poke|p2|Blastoise, M|
|poke|p2|Yveltal|
|poke|p2|Groudon|
|poke|p2|Magearna|
|poke|p2|Necrozma-Dusk-Mane|
|poke|p2|Darmanitan-Galar, M|
|rule|HP Percentage Mod: HP is shown in percentages
|rule|Endless Battle Clause: Forcing endless battles is banned
|teampreview
|inactive|Battle timer is ON: inactive players will automatically lose when time's up. (requested by Cbass97)
|inactive|OnMaWa has 120 seconds left.
|
|start
|switch|p1a: Necrozma|Necrozma-Dusk-Mane|100/100
|switch|p2a: Darmanitan|Darmanitan-Galar, M|100/100
|turn|1
|j| Rupivam
|
|switch|p1a: Lugia|Lugia|100/100
|move|p2a: Darmanitan|Flare Blitz|p1a: Lugia
|-damage|p1a: Lugia|85/100
|-damage|p2a: Darmanitan|95/100|[from] Recoil
|
|upkeep
|turn|2
|
|switch|p2a: Magearna|Magearna|100/100
|move|p1a: Lugia|Thunder Wave|p2a: Magearna
|-status|p2a: Magearna|par
|
|upkeep
|turn|3
|
|switch|p1a: Necrozma|Necrozma-Dusk-Mane|100/100
|cant|p2a: Magearna|par
|
|upkeep
|turn|4
|
|move|p1a: Necrozma|Dragon Dance|p1a: Necrozma
|-boost|p1a: Necrozma|atk|1
|-boost|p1a: Necrozma|spe|1
|move|p2a: Magearna|Volt Switch|p1a: Necrozma
|-damage|p1a: Necrozma|84/100
|
|switch|p2a: Groudon|Groudon|100/100|[from]move: Volt Switch
|detailschange|p2a: Groudon|Groudon-Primal
|-primal|p2a: Groudon
|-weather|DesolateLand|[from] ability: Desolate Land|[of] p2a: Groudon
|
|-weather|DesolateLand|[upkeep]
|upkeep
|turn|5
|
|detailschange|p1a: Necrozma|Necrozma-Ultra
|-burst|p1a: Necrozma|Necrozma|Ultranecrozium Z
|move|p1a: Necrozma|Earthquake|p2a: Groudon
|-supereffective|p2a: Groudon
|-damage|p2a: Groudon|0 fnt
|faint|p2a: Groudon
|-weather|none
|
|upkeep
|
|switch|p2a: Yveltal|Yveltal|100/100
|-ability|p2a: Yveltal|Dark Aura
|turn|6
|
|move|p2a: Yveltal|Sucker Punch|p1a: Necrozma
|-supereffective|p1a: Necrozma
|-damage|p1a: Necrozma|0 fnt
|-damage|p2a: Yveltal|91/100|[from] item: Life Orb
|faint|p1a: Necrozma
|
|upkeep
|
|switch|p1a: Zacian|Zacian-Crowned|100/100
|-ability|p1a: Zacian|Intrepid Sword|boost
|-boost|p1a: Zacian|atk|1
|turn|7
|
|switch|p2a: Necrozma|Necrozma-Dusk-Mane|100/100
|move|p1a: Zacian|Behemoth Blade|p2a: Necrozma
|-resisted|p2a: Necrozma
|-damage|p2a: Necrozma|75/100
|-damage|p1a: Zacian|84/100|[from] item: Rocky Helmet|[of] p2a: Necrozma
|
|upkeep
|turn|8
|
|switch|p1a: Lugia|Lugia|85/100
|move|p2a: Necrozma|Sunsteel Strike|p1a: Lugia
|-damage|p1a: Lugia|59/100
|
|upkeep
|turn|9
|
|switch|p2a: Magearna|Magearna|100/100 par
|move|p1a: Lugia|Thunder Wave|p2a: Magearna
|-fail|p2a: Magearna|par
|
|upkeep
|turn|10
|
|move|p1a: Lugia|Roost|p1a: Lugia
|-heal|p1a: Lugia|100/100
|-singleturn|p1a: Lugia|move: Roost
|move|p2a: Magearna|Volt Switch|p1a: Lugia
|-damage|p1a: Lugia|95/100
|
|switch|p2a: Yveltal|Yveltal|91/100|[from]move: Volt Switch
|-ability|p2a: Yveltal|Dark Aura
|
|upkeep
|turn|11
|
|switch|p1a: Zacian|Zacian-Crowned|84/100
|-ability|p1a: Zacian|Intrepid Sword|boost
|-boost|p1a: Zacian|atk|1
|move|p2a: Yveltal|Dark Pulse|p1a: Zacian
|-resisted|p1a: Zacian
|-damage|p1a: Zacian|49/100
|-damage|p2a: Yveltal|81/100|[from] item: Life Orb
|
|upkeep
|turn|12
|
|switch|p2a: Necrozma|Necrozma-Dusk-Mane|75/100
|move|p1a: Zacian|Close Combat|p2a: Necrozma
|-damage|p2a: Necrozma|35/100
|-unboost|p1a: Zacian|def|1
|-unboost|p1a: Zacian|spd|1
|-damage|p1a: Zacian|33/100|[from] item: Rocky Helmet|[of] p2a: Necrozma
|
|upkeep
|turn|13
|
|move|p1a: Zacian|Close Combat|p2a: Necrozma
|-damage|p2a: Necrozma|0 fnt
|-unboost|p1a: Zacian|def|1
|-unboost|p1a: Zacian|spd|1
|-damage|p1a: Zacian|16/100|[from] item: Rocky Helmet|[of] p2a: Necrozma
|faint|p2a: Necrozma
|
|upkeep
|
|switch|p2a: Darmanitan|Darmanitan-Galar, M|95/100
|turn|14
|
|move|p2a: Darmanitan|Icicle Crash|p1a: Zacian
|-resisted|p1a: Zacian
|-damage|p1a: Zacian|0 fnt
|faint|p1a: Zacian
|
|upkeep
|inactive|OnMaWa has 120 seconds left.
|
|switch|p1a: Arceus|Arceus|100/100
|turn|15
|
|-start|p1a: Arceus|Dynamax
|-heal|p1a: Arceus|100/100|[silent]
|move|p2a: Darmanitan|Icicle Crash|p1a: Arceus|[miss]
|-miss|p2a: Darmanitan|p1a: Arceus
|move|p1a: Arceus|Max Strike|p2a: Darmanitan
|-damage|p2a: Darmanitan|0 fnt
|faint|p2a: Darmanitan
|
|upkeep
|
|switch|p2a: Blastoise|Blastoise, M|100/100
|turn|16
|inactive|OnMaWa has 120 seconds left.
|
|detailschange|p2a: Blastoise|Blastoise-Mega, M
|-mega|p2a: Blastoise|Blastoise|Blastoisinite
|move|p1a: Arceus|Max Strike|p2a: Blastoise
|-crit|p2a: Blastoise
|-damage|p2a: Blastoise|0 fnt
|faint|p2a: Blastoise
|
|upkeep
|
|switch|p2a: Magearna|Magearna|100/100 par
|turn|17
|
|-start|p2a: Magearna|Dynamax
|-heal|p2a: Magearna|100/100 par|[silent]
|move|p1a: Arceus|Max Quake|p2a: Magearna
|-supereffective|p2a: Magearna
|-damage|p2a: Magearna|61/100 par
|-boost|p1a: Arceus|spd|1
|move|p2a: Magearna|Max Steelspike|p1a: Arceus
|-damage|p1a: Arceus|88/100
|-boost|p2a: Magearna|def|1
|
|-end|p1a: Arceus|Dynamax
|-heal|p1a: Arceus|88/100|[silent]
|upkeep
|turn|18
|
|move|p1a: Arceus|Swords Dance|p1a: Arceus
|-boost|p1a: Arceus|atk|2
|move|p2a: Magearna|Max Steelspike|p1a: Arceus
|-damage|p1a: Arceus|61/100
|-boost|p2a: Magearna|def|1
|
|upkeep
|turn|19
|
|move|p1a: Arceus|Earthquake|p2a: Magearna
|-supereffective|p2a: Magearna
|-damage|p2a: Magearna|32/100 par
|move|p2a: Magearna|Max Steelspike|p1a: Arceus
|-damage|p1a: Arceus|33/100
|-boost|p2a: Magearna|def|1
|
|-end|p2a: Magearna|Dynamax
|-heal|p2a: Magearna|32/100 par|[silent]
|upkeep
|turn|20
|
|move|p1a: Arceus|Earthquake|p2a: Magearna
|-supereffective|p2a: Magearna
|-damage|p2a: Magearna|0 fnt
|faint|p2a: Magearna
|
|upkeep
|
|switch|p2a: Yveltal|Yveltal|81/100
|-ability|p2a: Yveltal|Dark Aura
|turn|21
|
|move|p1a: Arceus|Extreme Speed|p2a: Yveltal
|-damage|p2a: Yveltal|0 fnt
|faint|p2a: Yveltal
|
|win|OnMaWa
|l|☆Cbass97
|l|☆OnMaWa
||Ladder (probably) updated, but score could not be retrieved (Response not received).
