|j|☆theChikunEater
|j|☆okaysurebud
|t:|1666508191
|gametype|singles
|player|p1|theChikunEater|karen|1012
|player|p2|okaysurebud|barry|1041
|teamsize|p1|2
|teamsize|p2|3
|gen|8
|tier|[Gen 8] National Dex AG
|rated|
|rule|HP Percentage Mod: HP is shown in percentages
|rule|Endless Battle Clause: Forcing endless battles is banned
|clearpoke
|poke|p1|Infernape, F|
|poke|p1|Smeargle, M|
|poke|p2|Togekiss, M|
|poke|p2|Arceus-*|
|poke|p2|Mr. Mime, F|
|teampreview
|inactive|Battle timer is ON: inactive players will automatically lose when time's up. (requested by okaysurebud)
|inactive|theChikunEater also wants the timer to be on.
|
|t:|1666508199
|start
|switch|p1a: Smeargle|Smeargle, M|100/100
|switch|p2a: Arceus|Arceus-Fairy|100/100
|turn|1
|
|t:|1666508202
|move|p2a: Arceus|Stealth Rock|p1a: Smeargle
|-sidestart|p1: theChikunEater|move: Stealth Rock
|move|p1a: Smeargle|Spore|p2a: Arceus
|-status|p2a: Arceus|slp|[from] move: Spore
|
|upkeep
|turn|2
|
|t:|1666508209
|switch|p1a: Infernape|Infernape, F|100/100
|-damage|p1a: Infernape|88/100|[from] Stealth Rock
|cant|p2a: Arceus|slp
|
|upkeep
|turn|3
|
|t:|1666508211
|move|p1a: Infernape|Assist|p1a: Infernape
|move|p1a: Infernape|Belly Drum|p1a: Infernape|[from]move: Assist
|-damage|p1a: Infernape|38/100
|-setboost|p1a: Infernape|atk|6|[from] move: Belly Drum
|-enditem|p1a: Infernape|Sitrus Berry|[eat]
|-heal|p1a: Infernape|63/100|[from] item: Sitrus Berry
|cant|p2a: Arceus|slp
|
|upkeep
|turn|4
|
|t:|1666508215
|-start|p1a: Infernape|Dynamax|
|-heal|p1a: Infernape|63/100|[silent]
|move|p1a: Infernape|Max Airstream|p2a: Arceus
|-damage|p2a: Arceus|19/100 slp
|-boost|p1a: Infernape|spe|1
|cant|p2a: Arceus|slp
|
|upkeep
|turn|5
|
|t:|1666508219
|move|p1a: Infernape|Max Quake|p2a: Arceus
|-damage|p2a: Arceus|0 fnt
|-boost|p1a: Infernape|spd|1
|faint|p2a: Arceus
|
|upkeep
|
|t:|1666508222
|switch|p2a: Togekiss|Togekiss, M|100/100
|turn|6
|
|t:|1666508224
|-start|p2a: Togekiss|Dynamax|
|-heal|p2a: Togekiss|100/100|[silent]
|move|p1a: Infernape|Max Flare|p2a: Togekiss
|-damage|p2a: Togekiss|0 fnt
|-weather|SunnyDay
|faint|p2a: Togekiss
|
|-weather|SunnyDay|[upkeep]
|upkeep
|c|☆theChikunEater|gg
|
|t:|1666508232
|switch|p2a: Mr. Mime|Mr. Mime, F|100/100
|-end|p1a: Infernape|Dynamax
|-heal|p1a: Infernape|63/100|[silent]
|turn|7
|
|t:|1666508237
|move|p1a: Infernape|Fire Punch|p2a: Mr. Mime
|-crit|p2a: Mr. Mime
|-enditem|p2a: Mr. Mime|Focus Sash
|-damage|p2a: Mr. Mime|1/100
|move|p2a: Mr. Mime|Psyshock|p1a: Infernape
|-supereffective|p1a: Infernape
|-damage|p1a: Infernape|0 fnt
|faint|p1a: Infernape
|
|-weather|SunnyDay|[upkeep]
|upkeep
|
|t:|1666508240
|switch|p1a: Smeargle|Smeargle, M|100/100
|-damage|p1a: Smeargle|88/100|[from] Stealth Rock
|turn|8
|
|t:|1666508255
|move|p2a: Mr. Mime|Focus Blast|p1a: Smeargle|[miss]
|-miss|p2a: Mr. Mime|p1a: Smeargle
|move|p1a: Smeargle|Spore|p2a: Mr. Mime
|-status|p2a: Mr. Mime|slp|[from] move: Spore
|
|-weather|SunnyDay|[upkeep]
|upkeep
|turn|9
|c|☆theChikunEater|nvm its sash and im a fool
|c|☆okaysurebud|are you kidding
|c|☆okaysurebud|of course focus blast is gonna miss
|c|☆theChikunEater|gg
|-message|theChikunEater forfeited.
|
|win|okaysurebud
|raw|theChikunEater's rating: 1012 &rarr; <strong>1001</strong><br />(-11 for losing)
|raw|okaysurebud's rating: 1041 &rarr; <strong>1072</strong><br />(+31 for winning)
|l|☆theChikunEater
