|j|☆Naofumi_Bakugo_Jax
|j|☆NectarHead
|t:|1664936545
|gametype|singles
|player|p1|Naofumi_Bakugo_Jax|blue|1699
|player|p2|NectarHead|alder|1716
|teamsize|p1|6
|teamsize|p2|6
|gen|8
|tier|[Gen 8] National Dex AG
|rated|
|rule|HP Percentage Mod: HP is shown in percentages
|rule|Endless Battle Clause: Forcing endless battles is banned
|clearpoke
|poke|p1|Zacian-*|
|poke|p1|Calyrex-Shadow|
|poke|p1|Yveltal|
|poke|p1|Arceus-*|
|poke|p1|Swampert, M|
|poke|p1|Kyogre|
|poke|p2|Smeargle, F|
|poke|p2|Calyrex-Shadow|
|poke|p2|Wobbuffet, M|
|poke|p2|Marshadow|
|poke|p2|Groudon|
|poke|p2|Cinderace, M|
|teampreview
|inactive|Battle timer is ON: inactive players will automatically lose when time's up. (requested by NectarHead)
|
|t:|1664936554
|start
|switch|p1a: Arceus|Arceus, shiny|100/100
|switch|p2a: Smeargle|Smeargle, F|100/100
|turn|1
|
|t:|1664936557
|move|p1a: Arceus|Magic Coat|p1a: Arceus
|-singleturn|p1a: Arceus|move: Magic Coat
|move|p2a: Smeargle|Spore|p1a: Arceus
|move|p1a: Arceus|Spore|p2a: Smeargle|[from]Magic Coat
|-status|p2a: Smeargle|slp|[from] move: Spore
|
|-ability|p2a: Smeargle|Moody|boost
|-boost|p2a: Smeargle|atk|2
|-unboost|p2a: Smeargle|def|1
|upkeep
|turn|2
|
|t:|1664936571
|switch|p2a: Wobbuffet|Wobbuffet, M|100/100
|move|p1a: Arceus|Extreme Speed|p2a: Wobbuffet
|-damage|p2a: Wobbuffet|62/100
|
|upkeep
|turn|3
|
|t:|1664936585
|move|p1a: Arceus|Reflect|p1a: Arceus
|-sidestart|p1: Naofumi_Bakugo_Jax|Reflect
|move|p2a: Wobbuffet|Encore|p1a: Arceus
|-start|p1a: Arceus|Encore
|
|upkeep
|turn|4
|
|t:|1664936611
|switch|p2a: Smeargle|Smeargle, F|100/100 slp
|-start|p1a: Arceus|Dynamax|
|-heal|p1a: Arceus|100/100|[silent]
|move|p1a: Arceus|Max Strike|p2a: Smeargle
|-enditem|p2a: Smeargle|Focus Sash
|-damage|p2a: Smeargle|1/100 slp
|-unboost|p2a: Smeargle|spe|1
|
|-ability|p2a: Smeargle|Moody|boost
|-boost|p2a: Smeargle|spe|2
|-unboost|p2a: Smeargle|def|1
|upkeep
|turn|5
|
|t:|1664936621
|cant|p2a: Smeargle|slp
|move|p1a: Arceus|Max Strike|p2a: Smeargle
|-damage|p2a: Smeargle|0 fnt
|faint|p2a: Smeargle
|
|upkeep
|
|t:|1664936629
|switch|p2a: Marshadow|Marshadow|100/100
|turn|6
|
|t:|1664936634
|move|p1a: Arceus|Max Guard|p1a: Arceus
|-singleturn|p1a: Arceus|Max Guard
|move|p2a: Marshadow|Close Combat|p1a: Arceus
|-activate|p1a: Arceus|move: Max Guard
|
|-end|p1a: Arceus|Encore
|upkeep
|-end|p1a: Arceus|Dynamax
|-heal|p1a: Arceus|100/100|[silent]
|turn|7
|
|t:|1664936643
|move|p2a: Marshadow|Knock Off|p1a: Arceus
|-damage|p1a: Arceus|90/100
|-enditem|p1a: Arceus|Light Clay|[from] move: Knock Off|[of] p2a: Marshadow
|move|p1a: Arceus|Tailwind|p1a: Arceus
|-sidestart|p1: Naofumi_Bakugo_Jax|move: Tailwind
|
|upkeep
|turn|8
|
|t:|1664936658
|switch|p1a: Swampert|Swampert, M|100/100
|move|p2a: Marshadow|Knock Off|p1a: Swampert
|-damage|p1a: Swampert|87/100
|
|upkeep
|turn|9
|
|t:|1664936670
|switch|p2a: Wobbuffet|Wobbuffet, M|62/100
|detailschange|p1a: Swampert|Swampert-Mega, M
|-mega|p1a: Swampert|Swampert|Swampertite
|move|p1a: Swampert|Stealth Rock|p2a: Wobbuffet
|-sidestart|p2: NectarHead|move: Stealth Rock
|
|upkeep
|turn|10
|
|t:|1664936683
|move|p1a: Swampert|Earthquake|p2a: Wobbuffet
|-damage|p2a: Wobbuffet|14/100
|move|p2a: Wobbuffet|Counter|p1a: Swampert
|-damage|p1a: Swampert|0 fnt
|faint|p1a: Swampert
|
|-sideend|p1: Naofumi_Bakugo_Jax|Reflect
|-sideend|p1: Naofumi_Bakugo_Jax|move: Tailwind
|upkeep
|
|t:|1664936705
|switch|p1a: Calyrex|Calyrex-Shadow|100/100
|-ability|p1a: Calyrex|As One
|-ability|p1a: Calyrex|Unnerve
|turn|11
|
|t:|1664936712
|move|p1a: Calyrex|Astral Barrage|p2a: Wobbuffet
|-supereffective|p2a: Wobbuffet
|-damage|p2a: Wobbuffet|0 fnt
|faint|p2a: Wobbuffet
|-ability|p1a: Calyrex|Grim Neigh|boost
|-boost|p1a: Calyrex|spa|1
|
|upkeep
|
|t:|1664936723
|switch|p2a: Groudon|Groudon|100/100
|-damage|p2a: Groudon|94/100|[from] Stealth Rock
|detailschange|p2a: Groudon|Groudon-Primal
|-primal|p2a: Groudon
|-weather|DesolateLand|[from] ability: Desolate Land|[of] p2a: Groudon
|turn|12
|
|t:|1664936736
|move|p1a: Calyrex|Astral Barrage|p2a: Groudon
|-damage|p2a: Groudon|0 fnt
|faint|p2a: Groudon
|-weather|none
|-ability|p1a: Calyrex|Grim Neigh|boost
|-boost|p1a: Calyrex|spa|1
|
|upkeep
|
|t:|1664936739
|switch|p2a: Marshadow|Marshadow|100/100
|-damage|p2a: Marshadow|94/100|[from] Stealth Rock
|turn|13
|
|t:|1664936759
|move|p2a: Marshadow|Shadow Sneak|p1a: Calyrex
|-supereffective|p1a: Calyrex
|-enditem|p1a: Calyrex|Focus Sash
|-damage|p1a: Calyrex|1/100
|move|p1a: Calyrex|Baton Pass|p1a: Calyrex
|
|t:|1664936762
|switch|p1a: Yveltal|Yveltal, shiny|100/100|[from]move: Baton Pass
|-ability|p1a: Yveltal|Dark Aura
|
|upkeep
|turn|14
|
|t:|1664936780
|move|p1a: Yveltal|Dark Pulse|p2a: Marshadow
|-damage|p2a: Marshadow|0 fnt
|faint|p2a: Marshadow
|
|upkeep
|
|t:|1664936785
|switch|p2a: Cinderace|Cinderace, M|100/100
|-damage|p2a: Cinderace|76/100|[from] Stealth Rock
|turn|15
|
|t:|1664936789
|move|p1a: Yveltal|Dark Pulse|p2a: Cinderace
|-damage|p2a: Cinderace|0 fnt
|faint|p2a: Cinderace
|
|upkeep
|
|t:|1664936792
|switch|p2a: Calyrex|Calyrex-Shadow|100/100
|-ability|p2a: Calyrex|As One
|-ability|p2a: Calyrex|Unnerve
|-damage|p2a: Calyrex|88/100|[from] Stealth Rock
|turn|16
|
|t:|1664936795
|move|p1a: Yveltal|Dark Pulse|p2a: Calyrex
|-supereffective|p2a: Calyrex
|-damage|p2a: Calyrex|0 fnt
|faint|p2a: Calyrex
|
|win|Naofumi_Bakugo_Jax
|raw|Naofumi_Bakugo_Jax's rating: 1699 &rarr; <strong>1720</strong><br />(+21 for winning)
|raw|NectarHead's rating: 1716 &rarr; <strong>1695</strong><br />(-21 for losing)
|l|☆NectarHead
||Ladder isn't responding, score probably updated but might not have (Request timeout).
