|j|☆Guts4952
|j|☆Glaliegoesboom ❤
|t:|1659683966
|gametype|singles
|player|p1|Guts4952|266|
|player|p2|Glaliegoesboom ❤|265|
|teamsize|p1|6
|teamsize|p2|6
|gen|8
|tier|[Gen 8] National Dex AG
|rule|HP Percentage Mod: HP is shown in percentages
|rule|Endless Battle Clause: Forcing endless battles is banned
|clearpoke
|poke|p1|Sableye, F|
|poke|p1|Kyurem-Black|
|poke|p1|Greninja, M|
|poke|p1|Kommo-o, F|
|poke|p1|Garchomp, M|
|poke|p1|Ho-Oh|
|poke|p2|Hatterene, F|
|poke|p2|Calyrex-Ice|
|poke|p2|Alakazam, F|
|poke|p2|Melmetal|
|poke|p2|Camerupt, M|
|poke|p2|Dracovish|
|teampreview
|inactive|Battle timer is ON: inactive players will automatically lose when time's up. (requested by Glaliegoesboom ❤)
|c|☆Glaliegoesboom ❤|Glhf
|c|☆Guts4952|Same to you
|inactive|Glaliegoesboom ❤ has 270 seconds left.
|inactive|Glaliegoesboom ❤ has 240 seconds left.
|l|☆Glaliegoesboom ❤
|inactive|Glaliegoesboom ❤ disconnected and has 300 seconds to reconnect!
|player|p2|
|inactive|Glaliegoesboom ❤ has 270 seconds to reconnect!
|j|☆Glaliegoesboom ❤
|inactive|Glaliegoesboom ❤ reconnected and has 240 seconds left.
|player|p2|Glaliegoesboom ❤|265
|
|t:|1659684073
|start
|switch|p1a: Sableye|Sableye, F|100/100
|switch|p2a: Hatterene|Hatterene, F|100/100
|turn|1
|
|t:|1659684083
|switch|p1a: Ho-Oh|Ho-Oh|100/100
|move|p2a: Hatterene|Nuzzle|p1a: Ho-Oh
|-supereffective|p1a: Ho-Oh
|-damage|p1a: Ho-Oh|95/100
|-status|p1a: Ho-Oh|par
|
|upkeep
|turn|2
|
|t:|1659684100
|move|p1a: Ho-Oh|Sacred Fire|p2a: Hatterene
|-damage|p2a: Hatterene|65/100
|-status|p2a: Hatterene|brn
|move|p2a: Hatterene|Trick Room|p2a: Hatterene
|-fieldstart|move: Trick Room|[of] p2a: Hatterene
|
|-damage|p2a: Hatterene|59/100 brn|[from] brn
|upkeep
|turn|3
|inactive|Guts4952 has 270 seconds left.
|
|t:|1659684134
|switch|p1a: Garchomp|Garchomp, M|100/100
|move|p2a: Hatterene|Healing Wish|p2a: Hatterene
|faint|p2a: Hatterene
|
|upkeep
|
|t:|1659684142
|switch|p2a: Calyrex|Calyrex-Ice|100/100
|-ability|p2a: Calyrex|As One
|-ability|p2a: Calyrex|Unnerve
|turn|4
|inactive|Guts4952 has 270 seconds left.
|
|t:|1659684167
|switch|p1a: Kyurem|Kyurem-Black|100/100
|-ability|p1a: Kyurem|Teravolt
|move|p2a: Calyrex|Glacial Lance|p1a: Kyurem
|-damage|p1a: Kyurem|0 fnt
|faint|p1a: Kyurem
|-ability|p2a: Calyrex|Chilling Neigh|boost
|-boost|p2a: Calyrex|atk|1
|-damage|p2a: Calyrex|91/100|[from] item: Life Orb
|
|upkeep
|
|t:|1659684182
|switch|p1a: Sableye|Sableye, F|100/100
|turn|5
|
|t:|1659684188
|move|p1a: Sableye|Will-O-Wisp|p2a: Calyrex
|-status|p2a: Calyrex|brn
|move|p2a: Calyrex|Glacial Lance|p1a: Sableye
|-damage|p1a: Sableye|11/100
|-damage|p2a: Calyrex|81/100 brn|[from] item: Life Orb
|
|-damage|p2a: Calyrex|74/100 brn|[from] brn
|upkeep
|turn|6
|
|t:|1659684206
|move|p1a: Sableye|Protect|p1a: Sableye
|-singleturn|p1a: Sableye|Protect
|move|p2a: Calyrex|Seed Bomb|p1a: Sableye
|-activate|p1a: Sableye|move: Protect
|
|-damage|p2a: Calyrex|68/100 brn|[from] brn
|-fieldend|move: Trick Room
|upkeep
|turn|7
|
|t:|1659684218
|move|p1a: Sableye|Recover|p1a: Sableye
|-heal|p1a: Sableye|61/100
|move|p2a: Calyrex|Glacial Lance|p1a: Sableye
|-damage|p1a: Sableye|0 fnt
|faint|p1a: Sableye
|-ability|p2a: Calyrex|Chilling Neigh|boost
|-boost|p2a: Calyrex|atk|1
|-damage|p2a: Calyrex|58/100 brn|[from] item: Life Orb
|
|-damage|p2a: Calyrex|52/100 brn|[from] brn
|upkeep
|inactive|Guts4952 has 240 seconds left.
|
|t:|1659684238
|switch|p1a: Ho-Oh|Ho-Oh|100/100 par
|turn|8
|
|t:|1659684255
|switch|p2a: Dracovish|Dracovish|100/100
|move|p1a: Ho-Oh|Sacred Fire|p2a: Dracovish
|-resisted|p2a: Dracovish
|-damage|p2a: Dracovish|91/100
|
|upkeep
|turn|9
|inactive|Guts4952 has 240 seconds left.
|
|t:|1659684276
|switch|p1a: Garchomp|Garchomp, M|100/100
|move|p2a: Dracovish|Fishious Rend|p1a: Garchomp
|-damage|p1a: Garchomp|0 fnt
|-damage|p2a: Dracovish|79/100|[from] ability: Rough Skin|[of] p1a: Garchomp
|-damage|p2a: Dracovish|62/100|[from] item: Rocky Helmet|[of] p1a: Garchomp
|faint|p1a: Garchomp
|
|upkeep
|
|t:|1659684286
|switch|p1a: Kommo-o|Kommo-o, F|100/100
|turn|10
|inactive|Guts4952 has 240 seconds left.
|
|t:|1659684292
|-zpower|p1a: Kommo-o
|move|p1a: Kommo-o|Clangorous Soulblaze|p2a: Dracovish|[zeffect]
|-supereffective|p2a: Dracovish
|-damage|p2a: Dracovish|0 fnt
|faint|p2a: Dracovish
|-boost|p1a: Kommo-o|atk|1
|-boost|p1a: Kommo-o|def|1
|-boost|p1a: Kommo-o|spa|1
|-boost|p1a: Kommo-o|spd|1
|-boost|p1a: Kommo-o|spe|1
|
|upkeep
|
|t:|1659684305
|switch|p2a: Melmetal|Melmetal|100/100
|turn|11
|
|t:|1659684313
|move|p1a: Kommo-o|Flamethrower|p2a: Melmetal
|-supereffective|p2a: Melmetal
|-damage|p2a: Melmetal|49/100
|move|p2a: Melmetal|Double Iron Bash|p1a: Kommo-o
|-damage|p1a: Kommo-o|70/100
|-damage|p1a: Kommo-o|41/100
|-hitcount|p1a: Kommo-o|2
|
|upkeep
|turn|12
|
|t:|1659684323
|move|p1a: Kommo-o|Flamethrower|p2a: Melmetal
|-supereffective|p2a: Melmetal
|-damage|p2a: Melmetal|0 fnt
|faint|p2a: Melmetal
|
|upkeep
|
|t:|1659684326
|switch|p2a: Alakazam|Alakazam, F|100/100
|turn|13
|
|t:|1659684355
|move|p1a: Kommo-o|Flamethrower|p2a: Alakazam
|-damage|p2a: Alakazam|55/100
|move|p2a: Alakazam|Trick Room|p2a: Alakazam
|-fieldstart|move: Trick Room|[of] p2a: Alakazam
|
|upkeep
|turn|14
|inactive|Guts4952 has 240 seconds left.
|
|t:|1659684382
|move|p1a: Kommo-o|Clanging Scales|p2a: Alakazam
|-damage|p2a: Alakazam|0 fnt
|faint|p2a: Alakazam
|-unboost|p1a: Kommo-o|def|1
|
|upkeep
|
|t:|1659684386
|switch|p2a: Calyrex|Calyrex-Ice|52/100 brn
|-ability|p2a: Calyrex|As One
|-ability|p2a: Calyrex|Unnerve
|-heal|p2a: Calyrex|100/100|[from] move: Healing Wish
|turn|15
|inactive|Guts4952 has 240 seconds left.
|
|t:|1659684406
|move|p2a: Calyrex|Glacial Lance|p1a: Kommo-o
|-supereffective|p1a: Kommo-o
|-damage|p1a: Kommo-o|0 fnt
|faint|p1a: Kommo-o
|-ability|p2a: Calyrex|Chilling Neigh|boost
|-boost|p2a: Calyrex|atk|1
|-damage|p2a: Calyrex|91/100|[from] item: Life Orb
|
|upkeep
|
|t:|1659684425
|switch|p1a: Greninja|Greninja, M|100/100
|turn|16
|inactive|Guts4952 has 210 seconds left.
|inactive|Guts4952 has 180 seconds left.
|
|t:|1659684478
|switch|p1a: Ho-Oh|Ho-Oh|100/100 par
|move|p2a: Calyrex|Seed Bomb|p1a: Ho-Oh
|-resisted|p1a: Ho-Oh
|-damage|p1a: Ho-Oh|89/100 par
|-damage|p2a: Calyrex|81/100|[from] item: Life Orb
|
|upkeep
|turn|17
|inactive|Guts4952 has 180 seconds left.
|
|t:|1659684506
|-start|p2a: Calyrex|Dynamax|
|-heal|p2a: Calyrex|81/100|[silent]
|-start|p1a: Ho-Oh|Dynamax|
|-heal|p1a: Ho-Oh|89/100 par|[silent]
|move|p1a: Ho-Oh|Max Guard|p1a: Ho-Oh
|-singleturn|p1a: Ho-Oh|Max Guard
|move|p2a: Calyrex|Max Hailstorm|p1a: Ho-Oh
|-activate|p1a: Ho-Oh|move: Max Guard
|
|-fieldend|move: Trick Room
|upkeep
|turn|18
|
|t:|1659684523
|move|p1a: Ho-Oh|Max Flare|p2a: Calyrex
|-supereffective|p2a: Calyrex
|-damage|p2a: Calyrex|48/100
|-weather|SunnyDay
|move|p2a: Calyrex|Max Hailstorm|p1a: Ho-Oh
|-damage|p1a: Ho-Oh|31/100 par
|-weather|Hail
|-damage|p2a: Calyrex|43/100|[from] item: Life Orb
|
|-weather|Hail|[upkeep]
|-damage|p1a: Ho-Oh|28/100 par|[from] Hail
|upkeep
|turn|19
|
|t:|1659684543
|cant|p1a: Ho-Oh|par
|move|p2a: Calyrex|Max Guard||[still]
|-fail|p2a: Calyrex
|
|-weather|Hail|[upkeep]
|-damage|p1a: Ho-Oh|25/100 par|[from] Hail
|upkeep
|-end|p1a: Ho-Oh|Dynamax
|-heal|p1a: Ho-Oh|25/100 par|[silent]
|-end|p2a: Calyrex|Dynamax
|-heal|p2a: Calyrex|43/100|[silent]
|turn|20
|
|t:|1659684554
|move|p1a: Ho-Oh|Sacred Fire|p2a: Calyrex
|-supereffective|p2a: Calyrex
|-damage|p2a: Calyrex|0 fnt
|faint|p2a: Calyrex
|
|-weather|Hail|[upkeep]
|-damage|p1a: Ho-Oh|19/100 par|[from] Hail
|upkeep
|
|t:|1659684557
|switch|p2a: Camerupt|Camerupt, M|100/100
|turn|21
|c|☆Glaliegoesboom ❤|Gg
|c|☆Guts4952|gg
|
|t:|1659684571
|detailschange|p2a: Camerupt|Camerupt-Mega, M
|-mega|p2a: Camerupt|Camerupt|Cameruptite
|move|p1a: Ho-Oh|Brave Bird|p2a: Camerupt
|-damage|p2a: Camerupt|46/100
|-damage|p1a: Ho-Oh|4/100 par|[from] Recoil
|move|p2a: Camerupt|Eruption|p1a: Ho-Oh
|-resisted|p1a: Ho-Oh
|-damage|p1a: Ho-Oh|0 fnt
|faint|p1a: Ho-Oh
|
|-weather|Hail|[upkeep]
|-damage|p2a: Camerupt|40/100|[from] Hail
|upkeep
|
|t:|1659684582
|switch|p1a: Greninja|Greninja, M|100/100
|turn|22
|
|t:|1659684589
|move|p1a: Greninja|Hydro Pump|p2a: Camerupt
|-supereffective|p2a: Camerupt
|-damage|p2a: Camerupt|0 fnt
|faint|p2a: Camerupt
|
|win|Guts4952
