|j|☆lasombralegendaria
|j|☆alwaysrinse
|t:|1621961418
|gametype|singles
|player|p1|lasombralegendaria|lucas-gen4pt|1900
|player|p2|alwaysrinse|2|1883
|teamsize|p1|6
|teamsize|p2|6
|gen|8
|tier|[Gen 8] National Dex AG
|rated|
|rule|HP Percentage Mod: HP is shown in percentages
|rule|Endless Battle Clause: Forcing endless battles is banned
|clearpoke
|poke|p1|Arceus-*|
|poke|p1|Necrozma-Dusk-Mane|
|poke|p1|Rayquaza|
|poke|p1|Ditto|
|poke|p1|Arceus-*|
|poke|p1|Lugia|
|poke|p2|Quagsire, M|
|poke|p2|Chansey, F|
|poke|p2|Tyranitar, F|
|poke|p2|Lugia|
|poke|p2|Sableye, M|
|poke|p2|Giratina|
|teampreview
|
|t:|1621961446
|start
|switch|p1a: Rayquaza|Rayquaza|100/100
|switch|p2a: Sableye|Sableye, M|100/100
|-ability|p1a: Rayquaza|Air Lock
|turn|1
|
|t:|1621961451
|detailschange|p1a: Rayquaza|Rayquaza-Mega
|-mega|p1a: Rayquaza|Rayquaza|
|-weather|DeltaStream|[from] ability: Delta Stream|[of] p1a: Rayquaza
|detailschange|p2a: Sableye|Sableye-Mega, M
|-mega|p2a: Sableye|Sableye|Sablenite
|move|p1a: Rayquaza|Draco Meteor|p2a: Sableye
|-damage|p2a: Sableye|0 fnt
|-unboost|p1a: Rayquaza|spa|2
|faint|p2a: Sableye
|-damage|p1a: Rayquaza|91/100|[from] item: Life Orb
|
|-weather|DeltaStream|[upkeep]
|upkeep
|
|t:|1621961460
|switch|p2a: Giratina|Giratina|100/100
|-ability|p2a: Giratina|Pressure
|turn|2
|
|t:|1621961467
|-weather|none
|switch|p1a: Arceus|Arceus-Water|100/100
|move|p2a: Giratina|Will-O-Wisp|p1a: Arceus
|-status|p1a: Arceus|brn
|
|-damage|p1a: Arceus|94/100 brn|[from] brn
|upkeep
|turn|3
|
|t:|1621961473
|move|p1a: Arceus|Toxic|p2a: Giratina|[miss]
|-miss|p1a: Arceus|p2a: Giratina
|move|p2a: Giratina|Hex|p1a: Arceus
|-damage|p1a: Arceus|66/100 brn
|
|-damage|p1a: Arceus|60/100 brn|[from] brn
|upkeep
|turn|4
|
|t:|1621961478
|move|p1a: Arceus|Toxic|p2a: Giratina
|-status|p2a: Giratina|tox
|move|p2a: Giratina|Hex|p1a: Arceus
|-damage|p1a: Arceus|33/100 brn
|
|-damage|p2a: Giratina|94/100 tox|[from] psn
|-damage|p1a: Arceus|27/100 brn|[from] brn
|upkeep
|turn|5
|
|t:|1621961483
|move|p1a: Arceus|Recover|p1a: Arceus
|-heal|p1a: Arceus|77/100 brn
|move|p2a: Giratina|Hex|p1a: Arceus
|-damage|p1a: Arceus|46/100 brn
|
|-heal|p2a: Giratina|100/100 tox|[from] item: Leftovers
|-damage|p2a: Giratina|88/100 tox|[from] psn
|-damage|p1a: Arceus|40/100 brn|[from] brn
|upkeep
|turn|6
|
|t:|1621961486
|switch|p1a: Arceus|Arceus|100/100
|move|p2a: Giratina|Hex|p1a: Arceus
|-immune|p1a: Arceus
|
|-heal|p2a: Giratina|94/100 tox|[from] item: Leftovers
|-damage|p2a: Giratina|76/100 tox|[from] psn
|upkeep
|turn|7
|
|t:|1621961489
|switch|p1a: Arceus|Arceus-Water|40/100 brn
|move|p2a: Giratina|Will-O-Wisp|p1a: Arceus
|-fail|p1a: Arceus|brn
|
|-heal|p2a: Giratina|82/100 tox|[from] item: Leftovers
|-damage|p2a: Giratina|57/100 tox|[from] psn
|-damage|p1a: Arceus|34/100 brn|[from] brn
|upkeep
|turn|8
|
|t:|1621961491
|move|p1a: Arceus|Recover|p1a: Arceus
|-heal|p1a: Arceus|84/100 brn
|move|p2a: Giratina|Rest|p2a: Giratina
|-status|p2a: Giratina|slp|[from] move: Rest
|-heal|p2a: Giratina|100/100 slp|[silent]
|
|-damage|p1a: Arceus|78/100 brn|[from] brn
|upkeep
|turn|9
|
|t:|1621961495
|switch|p1a: Rayquaza|Rayquaza-Mega|91/100
|-weather|DeltaStream|[from] ability: Delta Stream|[of] p1a: Rayquaza
|cant|p2a: Giratina|slp
|
|-weather|DeltaStream|[upkeep]
|upkeep
|turn|10
|
|t:|1621961499
|switch|p2a: Lugia|Lugia|100/100
|move|p1a: Rayquaza|Draco Meteor|p2a: Lugia
|-damage|p2a: Lugia|71/100
|-unboost|p1a: Rayquaza|spa|2
|-damage|p1a: Rayquaza|81/100|[from] item: Life Orb
|
|-weather|DeltaStream|[upkeep]
|upkeep
|turn|11
|
|t:|1621961504
|-weather|none
|switch|p1a: Arceus|Arceus-Water|78/100 brn
|move|p2a: Lugia|Roost|p2a: Lugia
|-heal|p2a: Lugia|100/100
|-singleturn|p2a: Lugia|move: Roost
|
|-damage|p1a: Arceus|72/100 brn|[from] brn
|upkeep
|turn|12
|
|t:|1621961511
|switch|p1a: Arceus|Arceus|100/100
|switch|p2a: Giratina|Giratina|100/100 slp
|-ability|p2a: Giratina|Pressure
|
|upkeep
|turn|13
|
|t:|1621961514
|move|p1a: Arceus|Swords Dance|p1a: Arceus
|-boost|p1a: Arceus|atk|2
|cant|p2a: Giratina|slp
|
|upkeep
|turn|14
|
|t:|1621961517
|-start|p1a: Arceus|Dynamax
|-heal|p1a: Arceus|100/100|[silent]
|move|p1a: Arceus|Max Phantasm|p2a: Giratina
|-supereffective|p2a: Giratina
|-damage|p2a: Giratina|0 fnt
|faint|p2a: Giratina
|-damage|p1a: Arceus|96/100|[from] item: Life Orb
|
|upkeep
|
|t:|1621961523
|switch|p2a: Quagsire|Quagsire, M|100/100
|turn|15
|
|t:|1621961529
|move|p1a: Arceus|Max Strike|p2a: Quagsire
|-damage|p2a: Quagsire|38/100
|-unboost|p2a: Quagsire|spe|1
|-damage|p1a: Arceus|91/100|[from] item: Life Orb
|move|p2a: Quagsire|Haze|p2a: Quagsire
|-clearallboost
|
|-heal|p2a: Quagsire|44/100|[from] item: Leftovers
|upkeep
|turn|16
|
|t:|1621961536
|switch|p2a: Lugia|Lugia|100/100
|move|p1a: Arceus|Max Strike|p2a: Lugia
|-crit|p2a: Lugia
|-damage|p2a: Lugia|65/100
|-unboost|p2a: Lugia|spe|1
|-damage|p1a: Arceus|86/100|[from] item: Life Orb
|
|-end|p1a: Arceus|Dynamax
|-heal|p1a: Arceus|86/100|[silent]
|upkeep
|turn|17
|
|t:|1621961540
|move|p1a: Arceus|Shadow Claw|p2a: Lugia
|-supereffective|p2a: Lugia
|-damage|p2a: Lugia|33/100
|-damage|p1a: Arceus|76/100|[from] item: Life Orb
|move|p2a: Lugia|Roost|p2a: Lugia
|-heal|p2a: Lugia|83/100
|-singleturn|p2a: Lugia|move: Roost
|
|upkeep
|turn|18
|
|t:|1621961547
|switch|p1a: Arceus|Arceus-Water|72/100 brn
|move|p2a: Lugia|Roost|p2a: Lugia
|-heal|p2a: Lugia|100/100
|-singleturn|p2a: Lugia|move: Roost
|
|-damage|p1a: Arceus|66/100 brn|[from] brn
|upkeep
|turn|19
|
|t:|1621961551
|switch|p2a: Chansey|Chansey, F|100/100
|move|p1a: Arceus|Toxic|p2a: Chansey
|-status|p2a: Chansey|tox
|
|-damage|p2a: Chansey|94/100 tox|[from] psn
|-damage|p1a: Arceus|59/100 brn|[from] brn
|upkeep
|turn|20
|
|t:|1621961555
|switch|p2a: Tyranitar|Tyranitar, F|100/100
|-weather|Sandstorm|[from] ability: Sand Stream|[of] p2a: Tyranitar
|move|p1a: Arceus|Recover|p1a: Arceus
|-heal|p1a: Arceus|100/100 brn
|
|-weather|Sandstorm|[upkeep]
|-damage|p1a: Arceus|94/100 brn|[from] Sandstorm
|-damage|p1a: Arceus|88/100 brn|[from] brn
|upkeep
|turn|21
|
|t:|1621961559
|move|p1a: Arceus|Toxic|p2a: Tyranitar
|-status|p2a: Tyranitar|tox
|move|p2a: Tyranitar|Stealth Rock|p1a: Arceus
|-sidestart|p1: lasombralegendaria|move: Stealth Rock
|
|-weather|Sandstorm|[upkeep]
|-damage|p1a: Arceus|82/100 brn|[from] Sandstorm
|-damage|p2a: Tyranitar|94/100 tox|[from] psn
|-damage|p1a: Arceus|76/100 brn|[from] brn
|upkeep
|turn|22
|
|t:|1621961562
|switch|p2a: Chansey|Chansey, F|94/100
|move|p1a: Arceus|Defog|p2a: Chansey
|-unboost|p2a: Chansey|evasion|1
|-sideend|p1: lasombralegendaria|Stealth Rock|[from] move: Defog|[of] p1a: Arceus
|
|-weather|Sandstorm|[upkeep]
|-damage|p1a: Arceus|70/100 brn|[from] Sandstorm
|-damage|p2a: Chansey|88/100|[from] Sandstorm
|-damage|p1a: Arceus|64/100 brn|[from] brn
|upkeep
|turn|23
|
|t:|1621961568
|move|p1a: Arceus|Toxic|p2a: Chansey
|-status|p2a: Chansey|tox
|move|p2a: Chansey|Heal Bell|p2a: Chansey
|-activate|p2a: Chansey|move: Heal Bell
|-curestatus|p2a: Chansey|tox|[msg]
|-curestatus|p2: Tyranitar|tox|[msg]
|
|-weather|Sandstorm|[upkeep]
|-damage|p1a: Arceus|58/100 brn|[from] Sandstorm
|-damage|p2a: Chansey|82/100|[from] Sandstorm
|-damage|p1a: Arceus|52/100 brn|[from] brn
|upkeep
|turn|24
|
|t:|1621961577
|move|p1a: Arceus|Recover|p1a: Arceus
|-heal|p1a: Arceus|100/100 brn
|move|p2a: Chansey|Confide|p1a: Arceus
|-unboost|p1a: Arceus|spa|1
|
|-weather|none
|-damage|p1a: Arceus|94/100 brn|[from] brn
|upkeep
|turn|25
|
|t:|1621961587
|switch|p1a: Arceus|Arceus|76/100
|switch|p2a: Tyranitar|Tyranitar, F|94/100
|-weather|Sandstorm|[from] ability: Sand Stream|[of] p2a: Tyranitar
|
|-weather|Sandstorm|[upkeep]
|-damage|p1a: Arceus|70/100|[from] Sandstorm
|-heal|p2a: Tyranitar|100/100|[from] item: Leftovers
|upkeep
|turn|26
|
|t:|1621961605
|switch|p1a: Lugia|Lugia|100/100
|move|p2a: Tyranitar|Stealth Rock|p1a: Lugia
|-sidestart|p1: lasombralegendaria|move: Stealth Rock
|
|-weather|Sandstorm|[upkeep]
|-damage|p1a: Lugia|94/100|[from] Sandstorm
|-heal|p1a: Lugia|100/100|[from] item: Leftovers
|upkeep
|turn|27
|
|t:|1621961609
|switch|p2a: Chansey|Chansey, F|82/100
|move|p1a: Lugia|Toxic|p2a: Chansey
|-status|p2a: Chansey|tox
|
|-weather|Sandstorm|[upkeep]
|-damage|p1a: Lugia|94/100|[from] Sandstorm
|-damage|p2a: Chansey|76/100 tox|[from] Sandstorm
|-heal|p1a: Lugia|100/100|[from] item: Leftovers
|-damage|p2a: Chansey|69/100 tox|[from] psn
|upkeep
|turn|28
|
|t:|1621961614
|move|p1a: Lugia|Substitute|p1a: Lugia
|-start|p1a: Lugia|Substitute
|-damage|p1a: Lugia|75/100
|move|p2a: Chansey|Toxic||[still]
|-fail|p2a: Chansey
|
|-weather|Sandstorm|[upkeep]
|-damage|p1a: Lugia|69/100|[from] Sandstorm
|-damage|p2a: Chansey|63/100 tox|[from] Sandstorm
|-heal|p1a: Lugia|75/100|[from] item: Leftovers
|-damage|p2a: Chansey|51/100 tox|[from] psn
|upkeep
|turn|29
|
|t:|1621961619
|move|p2a: Chansey|Heal Bell|p2a: Chansey
|-activate|p2a: Chansey|move: Heal Bell
|-curestatus|p2a: Chansey|tox|[msg]
|move|p1a: Lugia|Whirlwind|p2a: Chansey
|drag|p2a: Quagsire|Quagsire, M|44/100
|
|-weather|none
|-heal|p1a: Lugia|82/100|[from] item: Leftovers
|-heal|p2a: Quagsire|50/100|[from] item: Leftovers
|upkeep
|turn|30
|
|t:|1621961623
|switch|p2a: Chansey|Chansey, F|51/100
|move|p1a: Lugia|Toxic|p2a: Chansey|[miss]
|-miss|p1a: Lugia|p2a: Chansey
|
|-heal|p1a: Lugia|88/100|[from] item: Leftovers
|upkeep
|turn|31
|
|t:|1621961627
|move|p1a: Lugia|Toxic|p2a: Chansey
|-status|p2a: Chansey|tox
|move|p2a: Chansey|Soft-Boiled|p2a: Chansey
|-heal|p2a: Chansey|100/100 tox
|
|-heal|p1a: Lugia|94/100|[from] item: Leftovers
|-damage|p2a: Chansey|94/100 tox|[from] psn
|upkeep
|turn|32
|
|t:|1621961632
|switch|p1a: Necrozma|Necrozma-Dusk-Mane|100/100
|-damage|p1a: Necrozma|94/100|[from] Stealth Rock
|-curestatus|p2a: Chansey|tox|[from] ability: Natural Cure
|switch|p2a: Tyranitar|Tyranitar, F|100/100
|-weather|Sandstorm|[from] ability: Sand Stream|[of] p2a: Tyranitar
|
|-weather|Sandstorm|[upkeep]
|upkeep
|turn|33
|
|t:|1621961640
|switch|p2a: Quagsire|Quagsire, M|50/100
|move|p1a: Necrozma|Stealth Rock|p2a: Quagsire
|-sidestart|p2: alwaysrinse|move: Stealth Rock
|
|-weather|Sandstorm|[upkeep]
|-heal|p2a: Quagsire|56/100|[from] item: Leftovers
|upkeep
|turn|34
|
|t:|1621961643
|move|p1a: Necrozma|Toxic|p2a: Quagsire
|-status|p2a: Quagsire|tox
|move|p2a: Quagsire|Earthquake|p1a: Necrozma
|-supereffective|p1a: Necrozma
|-damage|p1a: Necrozma|71/100
|
|-weather|Sandstorm|[upkeep]
|-heal|p2a: Quagsire|62/100 tox|[from] item: Leftovers
|-damage|p2a: Quagsire|56/100 tox|[from] psn
|upkeep
|turn|35
|
|t:|1621961648
|switch|p2a: Chansey|Chansey, F|94/100
|-damage|p2a: Chansey|82/100|[from] Stealth Rock
|move|p1a: Necrozma|Morning Sun|p1a: Necrozma
|-heal|p1a: Necrozma|96/100
|
|-weather|Sandstorm|[upkeep]
|-damage|p2a: Chansey|76/100|[from] Sandstorm
|upkeep
|turn|36
|
|t:|1621961650
|move|p1a: Necrozma|Sunsteel Strike|p2a: Chansey
|-damage|p2a: Chansey|38/100
|move|p2a: Chansey|Heal Bell|p2a: Chansey
|-activate|p2a: Chansey|move: Heal Bell
|-curestatus|p2: Quagsire|tox|[msg]
|
|-weather|none
|upkeep
|turn|37
|
|t:|1621961655
|move|p1a: Necrozma|Toxic|p2a: Chansey
|-status|p2a: Chansey|tox
|move|p2a: Chansey|Soft-Boiled|p2a: Chansey
|-heal|p2a: Chansey|88/100 tox
|
|-damage|p2a: Chansey|82/100 tox|[from] psn
|upkeep
|turn|38
|
|t:|1621961660
|move|p1a: Necrozma|Sunsteel Strike|p2a: Chansey
|-damage|p2a: Chansey|44/100 tox
|move|p2a: Chansey|Heal Bell|p2a: Chansey
|-activate|p2a: Chansey|move: Heal Bell
|-curestatus|p2a: Chansey|tox|[msg]
|
|upkeep
|turn|39
|
|t:|1621961667
|switch|p1a: Arceus|Arceus-Water|94/100 brn
|-damage|p1a: Arceus|82/100 brn|[from] Stealth Rock
|move|p2a: Chansey|Soft-Boiled|p2a: Chansey
|-heal|p2a: Chansey|94/100
|
|-damage|p1a: Arceus|76/100 brn|[from] brn
|upkeep
|turn|40
|
|t:|1621961679
|move|p1a: Arceus|Toxic|p2a: Chansey
|-status|p2a: Chansey|tox
|move|p2a: Chansey|Confide|p1a: Arceus
|-unboost|p1a: Arceus|spa|1
|
|-damage|p2a: Chansey|88/100 tox|[from] psn
|-damage|p1a: Arceus|70/100 brn|[from] brn
|upkeep
|turn|41
|
|t:|1621961687
|-curestatus|p2a: Chansey|tox|[from] ability: Natural Cure
|switch|p2a: Tyranitar|Tyranitar, F|100/100
|-damage|p2a: Tyranitar|88/100|[from] Stealth Rock
|-weather|Sandstorm|[from] ability: Sand Stream|[of] p2a: Tyranitar
|move|p1a: Arceus|Judgment|p2a: Tyranitar
|-supereffective|p2a: Tyranitar
|-damage|p2a: Tyranitar|61/100
|
|-weather|Sandstorm|[upkeep]
|-damage|p1a: Arceus|64/100 brn|[from] Sandstorm
|-heal|p2a: Tyranitar|68/100|[from] item: Leftovers
|-damage|p1a: Arceus|58/100 brn|[from] brn
|upkeep
|turn|42
|
|t:|1621961693
|move|p1a: Arceus|Toxic|p2a: Tyranitar
|-status|p2a: Tyranitar|tox
|move|p2a: Tyranitar|Rock Tomb|p1a: Arceus
|-damage|p1a: Arceus|42/100 brn
|-unboost|p1a: Arceus|spe|1
|
|-weather|Sandstorm|[upkeep]
|-damage|p1a: Arceus|36/100 brn|[from] Sandstorm
|-heal|p2a: Tyranitar|74/100 tox|[from] item: Leftovers
|-damage|p2a: Tyranitar|68/100 tox|[from] psn
|-damage|p1a: Arceus|30/100 brn|[from] brn
|upkeep
|turn|43
|
|t:|1621961702
|move|p1a: Arceus|Recover|p1a: Arceus
|-heal|p1a: Arceus|80/100 brn
|move|p2a: Tyranitar|Rock Tomb|p1a: Arceus
|-damage|p1a: Arceus|66/100 brn
|-unboost|p1a: Arceus|spe|1
|
|-weather|Sandstorm|[upkeep]
|-damage|p1a: Arceus|60/100 brn|[from] Sandstorm
|-heal|p2a: Tyranitar|74/100 tox|[from] item: Leftovers
|-damage|p2a: Tyranitar|61/100 tox|[from] psn
|-damage|p1a: Arceus|54/100 brn|[from] brn
|upkeep
|turn|44
|
|t:|1621961706
|move|p2a: Tyranitar|Rest|p2a: Tyranitar
|-status|p2a: Tyranitar|slp|[from] move: Rest
|-heal|p2a: Tyranitar|100/100 slp|[silent]
|move|p1a: Arceus|Judgment|p2a: Tyranitar
|-supereffective|p2a: Tyranitar
|-damage|p2a: Tyranitar|73/100 slp
|
|-weather|Sandstorm|[upkeep]
|-damage|p1a: Arceus|48/100 brn|[from] Sandstorm
|-heal|p2a: Tyranitar|79/100 slp|[from] item: Leftovers
|-damage|p1a: Arceus|42/100 brn|[from] brn
|upkeep
|turn|45
|
|t:|1621961714
|switch|p1a: Necrozma|Necrozma-Dusk-Mane|96/100
|-damage|p1a: Necrozma|90/100|[from] Stealth Rock
|cant|p2a: Tyranitar|slp
|
|-weather|none
|-heal|p2a: Tyranitar|86/100 slp|[from] item: Leftovers
|upkeep
|turn|46
|
|t:|1621961717
|switch|p2a: Chansey|Chansey, F|88/100
|-damage|p2a: Chansey|76/100|[from] Stealth Rock
|move|p1a: Necrozma|Sunsteel Strike|p2a: Chansey
|-damage|p2a: Chansey|35/100
|
|upkeep
|turn|47
|
|t:|1621961721
|move|p1a: Necrozma|Sunsteel Strike|p2a: Chansey
|-damage|p2a: Chansey|0 fnt
|faint|p2a: Chansey
|
|upkeep
|c|☆alwaysrinse|gg
|-message|alwaysrinse forfeited.
|
|win|lasombralegendaria
|raw|lasombralegendaria's rating: 1900 &rarr; <strong>1919</strong><br />(+19 for winning)
|raw|alwaysrinse's rating: 1883 &rarr; <strong>1864</strong><br />(-19 for losing)
|c|☆lasombralegendaria|gg
|l|☆alwaysrinse
