|j|☆yarik667
|j|☆Snake of the Moon
|t:|1661930592
|gametype|singles
|player|p1|yarik667|marnie-masters|1786
|player|p2|Snake of the Moon|101|2001
|teamsize|p1|6
|teamsize|p2|6
|gen|8
|tier|[Gen 8] National Dex AG
|rated|
|rule|HP Percentage Mod: HP is shown in percentages
|rule|Endless Battle Clause: Forcing endless battles is banned
|clearpoke
|poke|p1|Sableye, M|
|poke|p1|Arceus-*|
|poke|p1|Chansey, F|
|poke|p1|Giratina|
|poke|p1|Lugia|
|poke|p1|Necrozma-Dusk-Mane|
|poke|p2|Ho-Oh|
|poke|p2|Necrozma-Dusk-Mane|
|poke|p2|Chansey, F|
|poke|p2|Zygarde|
|poke|p2|Lugia|
|poke|p2|Arceus-*|
|teampreview
|inactive|Battle timer is ON: inactive players will automatically lose when time's up. (requested by Snake of the Moon)
|
|t:|1661930610
|start
|switch|p1a: Sableye|Sableye, M|100/100
|switch|p2a: Chansey|Chansey, F|100/100
|turn|1
|
|t:|1661930622
|detailschange|p1a: Sableye|Sableye-Mega, M
|-mega|p1a: Sableye|Sableye|Sablenite
|move|p1a: Sableye|Protect|p1a: Sableye
|-singleturn|p1a: Sableye|Protect
|move|p2a: Chansey|Confide|p1a: Sableye
|move|p1a: Sableye|Confide|p2a: Chansey|[from]ability: Magic Bounce
|-unboost|p2a: Chansey|spa|1
|
|upkeep
|turn|2
|
|t:|1661930633
|switch|p2a: Arceus|Arceus-Dark|100/100
|switch|p1a: Giratina|Giratina, shiny|100/100
|-ability|p1a: Giratina|Pressure
|
|upkeep
|turn|3
|
|t:|1661930645
|switch|p2a: Chansey|Chansey, F|100/100
|switch|p1a: Sableye|Sableye-Mega, M|100/100
|
|upkeep
|turn|4
|
|t:|1661930651
|switch|p2a: Necrozma|Necrozma-Dusk-Mane|100/100
|switch|p1a: Giratina|Giratina, shiny|100/100
|-ability|p1a: Giratina|Pressure
|
|upkeep
|turn|5
|
|t:|1661930654
|move|p2a: Necrozma|Knock Off|p1a: Giratina
|-supereffective|p1a: Giratina
|-damage|p1a: Giratina|69/100
|-enditem|p1a: Giratina|Leftovers|[from] move: Knock Off|[of] p2a: Necrozma
|move|p1a: Giratina|Will-O-Wisp|p2a: Necrozma
|-status|p2a: Necrozma|brn
|
|-damage|p2a: Necrozma|94/100 brn|[from] brn
|upkeep
|turn|6
|
|t:|1661930660
|move|p2a: Necrozma|Stealth Rock|p1a: Giratina
|-sidestart|p1: yarik667|move: Stealth Rock
|move|p1a: Giratina|Rest|p1a: Giratina
|-status|p1a: Giratina|slp|[from] move: Rest
|-heal|p1a: Giratina|100/100 slp|[silent]
|
|-damage|p2a: Necrozma|88/100 brn|[from] brn
|upkeep
|turn|7
|inactive|yarik667 has 120 seconds left.
|inactive|Snake of the Moon has 120 seconds left.
|
|t:|1661930706
|switch|p2a: Arceus|Arceus-Dark|100/100
|switch|p1a: Sableye|Sableye-Mega, M|100/100
|-damage|p1a: Sableye|88/100|[from] Stealth Rock
|
|upkeep
|turn|8
|
|t:|1661930713
|move|p2a: Arceus|Snarl|p1a: Sableye
|-damage|p1a: Sableye|61/100
|-unboost|p1a: Sableye|spa|1
|move|p1a: Sableye|Foul Play|p2a: Arceus
|-resisted|p2a: Arceus
|-damage|p2a: Arceus|91/100
|
|upkeep
|turn|9
|inactive|Snake of the Moon has 120 seconds left.
|
|t:|1661930726
|move|p2a: Arceus|Whirlpool|p1a: Sableye|[miss]
|-miss|p2a: Arceus|p1a: Sableye
|move|p1a: Sableye|Recover|p1a: Sableye
|-heal|p1a: Sableye|100/100
|
|upkeep
|turn|10
|inactive|yarik667 has 120 seconds left.
|
|t:|1661930747
|switch|p2a: Chansey|Chansey, F|100/100
|move|p1a: Sableye|Foul Play|p2a: Chansey
|-damage|p2a: Chansey|99/100
|
|upkeep
|turn|11
|
|t:|1661930751
|switch|p2a: Arceus|Arceus-Dark|91/100
|switch|p1a: Giratina|Giratina, shiny|100/100 slp
|-damage|p1a: Giratina|88/100 slp|[from] Stealth Rock
|-ability|p1a: Giratina|Pressure
|
|upkeep
|turn|12
|
|t:|1661930755
|switch|p1a: Sableye|Sableye-Mega, M|100/100
|-damage|p1a: Sableye|88/100|[from] Stealth Rock
|move|p2a: Arceus|Snarl|p1a: Sableye
|-damage|p1a: Sableye|59/100
|-unboost|p1a: Sableye|spa|1
|
|upkeep
|turn|13
|
|t:|1661930777
|move|p2a: Arceus|Whirlpool|p1a: Sableye
|-damage|p1a: Sableye|50/100
|-activate|p1a: Sableye|move: Whirlpool|[of] p2a: Arceus
|move|p1a: Sableye|Recover|p1a: Sableye
|-heal|p1a: Sableye|99/100
|
|-damage|p1a: Sableye|87/100|[from] move: Whirlpool|[partiallytrapped]
|upkeep
|turn|14
|
|t:|1661930783
|move|p2a: Arceus|Snarl|p1a: Sableye
|-damage|p1a: Sableye|61/100
|-unboost|p1a: Sableye|spa|1
|move|p1a: Sableye|Will-O-Wisp|p2a: Arceus
|-status|p2a: Arceus|brn
|
|-damage|p2a: Arceus|85/100 brn|[from] brn
|-damage|p1a: Sableye|49/100|[from] move: Whirlpool|[partiallytrapped]
|upkeep
|turn|15
|
|t:|1661930803
|-start|p2a: Arceus|Dynamax|
|-heal|p2a: Arceus|85/100 brn|[silent]
|move|p2a: Arceus|Max Darkness|p1a: Sableye
|-damage|p1a: Sableye|0 fnt
|faint|p1a: Sableye
|
|-damage|p2a: Arceus|81/100 brn|[from] brn
|upkeep
|
|t:|1661930817
|switch|p1a: Arceus|Arceus-Fairy|100/100
|-damage|p1a: Arceus|88/100|[from] Stealth Rock
|turn|16
|
|t:|1661930821
|-end|p2a: Arceus|Dynamax
|-heal|p2a: Arceus|82/100 brn|[silent]
|switch|p2a: Chansey|Chansey, F|99/100
|move|p1a: Arceus|Defog|p2a: Chansey
|-unboost|p2a: Chansey|evasion|1
|-sideend|p1: yarik667|Stealth Rock|[from] move: Defog|[of] p1a: Arceus
|
|upkeep
|turn|17
|
|t:|1661930825
|switch|p1a: Necrozma|Necrozma-Dusk-Mane|100/100
|move|p2a: Chansey|Seismic Toss|p1a: Necrozma
|-damage|p1a: Necrozma|75/100
|-damage|p2a: Chansey|82/100|[from] item: Rocky Helmet|[of] p1a: Necrozma
|
|upkeep
|turn|18
|
|t:|1661930829
|switch|p2a: Ho-Oh|Ho-Oh|100/100
|move|p1a: Necrozma|Stealth Rock|p2a: Ho-Oh
|-sidestart|p2: Snake of the Moon|move: Stealth Rock
|
|upkeep
|turn|19
|
|t:|1661930833
|switch|p2a: Zygarde|Zygarde|100/100
|-damage|p2a: Zygarde|94/100|[from] Stealth Rock
|move|p1a: Necrozma|Toxic|p2a: Zygarde
|-status|p2a: Zygarde|tox
|
|-heal|p2a: Zygarde|100/100 tox|[from] item: Leftovers
|-damage|p2a: Zygarde|94/100 tox|[from] psn
|upkeep
|turn|20
|
|t:|1661930838
|switch|p1a: Lugia|Lugia, shiny|100/100
|move|p2a: Zygarde|Thousand Arrows|p1a: Lugia
|-damage|p1a: Lugia|93/100
|-start|p1a: Lugia|Smack Down
|
|-heal|p2a: Zygarde|100/100 tox|[from] item: Leftovers
|-damage|p2a: Zygarde|88/100 tox|[from] psn
|upkeep
|turn|21
|
|t:|1661930859
|move|p1a: Lugia|Substitute|p1a: Lugia
|-start|p1a: Lugia|Substitute
|-damage|p1a: Lugia|68/100
|move|p2a: Zygarde|Thousand Arrows|p1a: Lugia
|-activate|p1a: Lugia|move: Substitute|[damage]
|
|-heal|p2a: Zygarde|94/100 tox|[from] item: Leftovers
|-damage|p2a: Zygarde|76/100 tox|[from] psn
|upkeep
|turn|22
|
|t:|1661930871
|move|p1a: Lugia|Roost|p1a: Lugia
|-heal|p1a: Lugia|100/100
|-singleturn|p1a: Lugia|move: Roost
|move|p2a: Zygarde|Thousand Arrows|p1a: Lugia
|-end|p1a: Lugia|Substitute
|
|-heal|p2a: Zygarde|82/100 tox|[from] item: Leftovers
|-damage|p2a: Zygarde|57/100 tox|[from] psn
|upkeep
|turn|23
|
|t:|1661930875
|switch|p1a: Giratina|Giratina, shiny|88/100 slp
|-ability|p1a: Giratina|Pressure
|move|p2a: Zygarde|Thousand Arrows|p1a: Giratina
|-damage|p1a: Giratina|74/100 slp
|
|-heal|p2a: Zygarde|63/100 tox|[from] item: Leftovers
|-damage|p2a: Zygarde|32/100 tox|[from] psn
|-activate|p2a: Zygarde|ability: Power Construct
|detailschange|p2a: Zygarde|Zygarde-Complete
|-heal|p2a: Zygarde|56/100 tox|[silent]
|upkeep
|turn|24
|
|t:|1661930885
|move|p2a: Zygarde|Rest|p2a: Zygarde
|-status|p2a: Zygarde|slp|[from] move: Rest
|-heal|p2a: Zygarde|100/100 slp|[silent]
|cant|p1a: Giratina|slp
|
|upkeep
|turn|25
|
|t:|1661930909
|switch|p2a: Chansey|Chansey, F|82/100
|-damage|p2a: Chansey|70/100|[from] Stealth Rock
|cant|p1a: Giratina|slp
|
|upkeep
|turn|26
|
|t:|1661930921
|switch|p1a: Necrozma|Necrozma-Dusk-Mane|75/100
|move|p2a: Chansey|Aromatherapy|p2a: Chansey
|-activate|p2a: Chansey|move: Aromatherapy
|-curestatus|p2: Arceus|brn|[msg]
|-curestatus|p2: Zygarde|slp|[msg]
|-curestatus|p2: Necrozma|brn|[msg]
|
|upkeep
|turn|27
|
|t:|1661930930
|switch|p2a: Necrozma|Necrozma-Dusk-Mane|88/100
|-damage|p2a: Necrozma|82/100|[from] Stealth Rock
|move|p1a: Necrozma|Toxic|p2a: Necrozma|[miss]
|-miss|p1a: Necrozma|p2a: Necrozma
|
|upkeep
|turn|28
|
|t:|1661930933
|switch|p1a: Giratina|Giratina, shiny|74/100 slp
|-ability|p1a: Giratina|Pressure
|move|p2a: Necrozma|Stealth Rock|p1a: Giratina
|-sidestart|p1: yarik667|move: Stealth Rock
|
|upkeep
|turn|29
|-message|yarik667 forfeited.
|
|win|Snake of the Moon
|raw|yarik667's rating: 1786 &rarr; <strong>1777</strong><br />(-9 for losing)
|raw|Snake of the Moon's rating: 2001 &rarr; <strong>2010</strong><br />(+9 for winning)
|l|☆yarik667
