|j|☆Freeity
|j|☆Alice_Finnemore
|t:|1651710984
|gametype|singles
|player|p1|Freeity|iris-gen5bw2|1614
|player|p2|Alice_Finnemore|cynthia|1610
|teamsize|p1|6
|teamsize|p2|6
|gen|8
|tier|[Gen 8] National Dex AG
|rated|
|rule|HP Percentage Mod: HP is shown in percentages
|rule|Endless Battle Clause: Forcing endless battles is banned
|clearpoke
|poke|p1|Kyogre|
|poke|p1|Chansey, F|
|poke|p1|Zacian-*|
|poke|p1|Zygarde|
|poke|p1|Necrozma-Dusk-Mane|
|poke|p1|Arceus-*|
|poke|p2|Diancie|
|poke|p2|Ho-Oh|
|poke|p2|Giratina-Origin|
|poke|p2|Yveltal|
|poke|p2|Groudon|
|poke|p2|Arceus-*|
|teampreview
|inactive|Battle timer is ON: inactive players will automatically lose when time's up. (requested by Alice_Finnemore)
|inactive|Freeity has 120 seconds left.
|
|t:|1651711026
|start
|switch|p1a: Zacian|Zacian-Crowned|100/100
|switch|p2a: Diancie|Diancie|100/100
|-ability|p1a: Zacian|Intrepid Sword|boost
|-boost|p1a: Zacian|atk|1
|turn|1
|
|t:|1651711032
|detailschange|p2a: Diancie|Diancie-Mega
|-mega|p2a: Diancie|Diancie|Diancite
|move|p2a: Diancie|Protect|p2a: Diancie
|-singleturn|p2a: Diancie|Protect
|move|p1a: Zacian|Behemoth Blade|p2a: Diancie
|-activate|p2a: Diancie|move: Protect
|
|upkeep
|turn|2
|
|t:|1651711035
|switch|p2a: Ho-Oh|Ho-Oh|100/100
|move|p1a: Zacian|Behemoth Blade|p2a: Ho-Oh
|-resisted|p2a: Ho-Oh
|-damage|p2a: Ho-Oh|51/100
|
|upkeep
|turn|3
|
|t:|1651711038
|switch|p2a: Groudon|Groudon|100/100
|detailschange|p2a: Groudon|Groudon-Primal
|-primal|p2a: Groudon
|-weather|DesolateLand|[from] ability: Desolate Land|[of] p2a: Groudon
|move|p1a: Zacian|Wild Charge|p2a: Groudon
|-immune|p2a: Groudon
|
|-weather|DesolateLand|[upkeep]
|upkeep
|turn|4
|
|t:|1651711056
|switch|p1a: Zygarde|Zygarde|100/100
|move|p2a: Groudon|Earthquake|p1a: Zygarde
|-damage|p1a: Zygarde|64/100
|
|-weather|DesolateLand|[upkeep]
|-heal|p1a: Zygarde|70/100|[from] item: Leftovers
|upkeep
|turn|5
|
|t:|1651711059
|-weather|none
|switch|p2a: Diancie|Diancie-Mega|100/100
|move|p1a: Zygarde|Glare|p2a: Diancie
|move|p2a: Diancie|Glare|p1a: Zygarde|[from]ability: Magic Bounce
|-status|p1a: Zygarde|par
|
|-heal|p1a: Zygarde|76/100 par|[from] item: Leftovers
|upkeep
|turn|6
|
|t:|1651711066
|switch|p1a: Zacian|Zacian-Crowned|100/100
|-ability|p1a: Zacian|Intrepid Sword|boost
|-boost|p1a: Zacian|atk|1
|move|p2a: Diancie|Earth Power|p1a: Zacian
|-supereffective|p1a: Zacian
|-damage|p1a: Zacian|39/100
|
|upkeep
|turn|7
|
|t:|1651711070
|switch|p2a: Ho-Oh|Ho-Oh|84/100
|move|p1a: Zacian|Behemoth Blade|p2a: Ho-Oh
|-resisted|p2a: Ho-Oh
|-damage|p2a: Ho-Oh|34/100
|
|upkeep
|turn|8
|
|t:|1651711075
|switch|p2a: Groudon|Groudon-Primal|100/100
|-weather|DesolateLand|[from] ability: Desolate Land|[of] p2a: Groudon
|move|p1a: Zacian|Behemoth Blade|p2a: Groudon
|-resisted|p2a: Groudon
|-damage|p2a: Groudon|68/100
|
|-weather|DesolateLand|[upkeep]
|upkeep
|turn|9
|
|t:|1651711078
|switch|p1a: Kyogre|Kyogre|100/100
|detailschange|p1a: Kyogre|Kyogre-Primal
|-primal|p1a: Kyogre
|-weather|PrimordialSea|[from] ability: Primordial Sea|[of] p1a: Kyogre
|move|p2a: Groudon|Earthquake|p1a: Kyogre
|-damage|p1a: Kyogre|29/100
|
|-weather|PrimordialSea|[upkeep]
|upkeep
|turn|10
|
|t:|1651711081
|switch|p2a: Giratina|Giratina-Origin|100/100
|move|p1a: Kyogre|Origin Pulse|p2a: Giratina
|-resisted|p2a: Giratina
|-damage|p2a: Giratina|56/100
|
|-weather|PrimordialSea|[upkeep]
|upkeep
|turn|11
|
|t:|1651711086
|move|p2a: Giratina|Shadow Sneak|p1a: Kyogre
|-damage|p1a: Kyogre|11/100
|move|p1a: Kyogre|Ice Beam|p2a: Giratina
|-supereffective|p2a: Giratina
|-damage|p2a: Giratina|0 fnt
|faint|p2a: Giratina
|
|-weather|PrimordialSea|[upkeep]
|upkeep
|
|t:|1651711089
|switch|p2a: Diancie|Diancie-Mega|100/100
|turn|12
|
|t:|1651711093
|move|p2a: Diancie|Moonblast|p1a: Kyogre
|-damage|p1a: Kyogre|0 fnt
|faint|p1a: Kyogre
|-weather|none
|
|upkeep
|
|t:|1651711097
|switch|p1a: Zacian|Zacian-Crowned|39/100
|-ability|p1a: Zacian|Intrepid Sword|boost
|-boost|p1a: Zacian|atk|1
|turn|13
|
|t:|1651711099
|switch|p2a: Ho-Oh|Ho-Oh|67/100
|move|p1a: Zacian|Behemoth Blade|p2a: Ho-Oh
|-resisted|p2a: Ho-Oh
|-damage|p2a: Ho-Oh|20/100
|
|upkeep
|turn|14
|
|t:|1651711103
|switch|p2a: Groudon|Groudon-Primal|68/100
|-weather|DesolateLand|[from] ability: Desolate Land|[of] p2a: Groudon
|move|p1a: Zacian|Behemoth Blade|p2a: Groudon
|-resisted|p2a: Groudon
|-damage|p2a: Groudon|41/100
|
|-weather|DesolateLand|[upkeep]
|upkeep
|turn|15
|
|t:|1651711117
|move|p1a: Zacian|Close Combat|p2a: Groudon
|-damage|p2a: Groudon|0 fnt
|-unboost|p1a: Zacian|def|1
|-unboost|p1a: Zacian|spd|1
|faint|p2a: Groudon
|-weather|none
|
|upkeep
|
|t:|1651711130
|switch|p2a: Yveltal|Yveltal|100/100
|-ability|p2a: Yveltal|Dark Aura
|turn|16
|
|t:|1651711133
|switch|p1a: Chansey|Chansey, F|100/100
|move|p2a: Yveltal|Foul Play|p1a: Chansey
|-damage|p1a: Chansey|99/100
|
|upkeep
|turn|17
|
|t:|1651711136
|move|p2a: Yveltal|Knock Off|p1a: Chansey
|-damage|p1a: Chansey|54/100
|-enditem|p1a: Chansey|Eviolite|[from] move: Knock Off|[of] p2a: Yveltal
|move|p1a: Chansey|Aromatherapy|p1a: Chansey
|-activate|p1a: Chansey|move: Aromatherapy
|-curestatus|p1: Zygarde|par|[msg]
|
|upkeep
|turn|18
|
|t:|1651711144
|switch|p2a: Diancie|Diancie-Mega|100/100
|move|p1a: Chansey|Toxic|p2a: Diancie
|move|p2a: Diancie|Toxic|p1a: Chansey|[from]ability: Magic Bounce
|-status|p1a: Chansey|tox
|
|-damage|p1a: Chansey|48/100 tox|[from] psn
|upkeep
|turn|19
|
|t:|1651711148
|move|p2a: Diancie|Earth Power|p1a: Chansey
|-damage|p1a: Chansey|31/100 tox
|move|p1a: Chansey|Wish|p1a: Chansey
|
|-damage|p1a: Chansey|18/100 tox|[from] psn
|upkeep
|turn|20
|
|t:|1651711155
|-curestatus|p1a: Chansey|tox|[from] ability: Natural Cure
|switch|p1a: Zacian|Zacian-Crowned|39/100
|-ability|p1a: Zacian|Intrepid Sword|boost
|-boost|p1a: Zacian|atk|1
|move|p2a: Diancie|Moonblast|p1a: Zacian
|-resisted|p1a: Zacian
|-damage|p1a: Zacian|16/100
|-unboost|p1a: Zacian|spa|1
|
|-heal|p1a: Zacian|100/100|[from] move: Wish|[wisher] Chansey
|upkeep
|turn|21
|
|t:|1651711166
|switch|p2a: Arceus|Arceus-Ice|100/100
|move|p1a: Zacian|Behemoth Blade|p2a: Arceus
|-supereffective|p2a: Arceus
|-damage|p2a: Arceus|0 fnt
|faint|p2a: Arceus
|
|upkeep
|
|t:|1651711168
|switch|p2a: Ho-Oh|Ho-Oh|54/100
|turn|22
|c|☆Freeity|that's crazy
|
|t:|1651711174
|-start|p2a: Ho-Oh|Dynamax|
|-heal|p2a: Ho-Oh|54/100|[silent]
|move|p1a: Zacian|Wild Charge|p2a: Ho-Oh
|-supereffective|p2a: Ho-Oh
|-damage|p2a: Ho-Oh|0 fnt
|faint|p2a: Ho-Oh
|-damage|p1a: Zacian|71/100|[from] Recoil
|
|upkeep
|
|t:|1651711176
|switch|p2a: Yveltal|Yveltal|100/100
|-ability|p2a: Yveltal|Dark Aura
|turn|23
|
|t:|1651711182
|move|p1a: Zacian|Wild Charge|p2a: Yveltal
|-supereffective|p2a: Yveltal
|-damage|p2a: Yveltal|0 fnt
|faint|p2a: Yveltal
|-damage|p1a: Zacian|44/100|[from] Recoil
|
|upkeep
|
|t:|1651711184
|switch|p2a: Diancie|Diancie-Mega|100/100
|turn|24
|
|t:|1651711187
|move|p1a: Zacian|Behemoth Blade|p2a: Diancie
|-supereffective|p2a: Diancie
|-damage|p2a: Diancie|0 fnt
|faint|p2a: Diancie
|
|win|Freeity
|raw|Freeity's rating: 1614 &rarr; <strong>1634</strong><br />(+20 for winning)
|raw|Alice_Finnemore's rating: 1610 &rarr; <strong>1590</strong><br />(-20 for losing)
