|j|☆1WeedBeard
|j|☆FromGen1ToGen8
|inactive|Battle timer is ON: inactive players will automatically lose when time's up.
|t:|1644712870
|gametype|singles
|player|p1|1WeedBeard|wikstrom|
|player|p2|FromGen1ToGen8|brock|
|teamsize|p1|6
|teamsize|p2|6
|gen|8
|tier|[Gen 8] National Dex AG
|rated|Tournament battle
|rule|HP Percentage Mod: HP is shown in percentages
|rule|Endless Battle Clause: Forcing endless battles is banned
|clearpoke
|poke|p1|Smeargle, M|
|poke|p1|Zacian-*|
|poke|p1|Arceus-*|
|poke|p1|Groudon|
|poke|p1|Ditto|
|poke|p1|Calyrex-Shadow|
|poke|p2|Yveltal|
|poke|p2|Arceus-*|
|poke|p2|Rayquaza|
|poke|p2|Zacian-*|
|poke|p2|Groudon|
|poke|p2|Deoxys-Attack|
|teampreview
|inactive|1WeedBeard also wants the timer to be on.
|c|☆FromGen1ToGen8|Glhf
|j| Traineruixsagdvfui
|c|☆1WeedBeard|glhf
|c|☆FromGen1ToGen8|Eita
|j| SilkScarfGroudon
|c|☆FromGen1ToGen8|Belo time
|j| MHZzINxx
|inactive|1WeedBeard has 120 seconds left.
|
|t:|1644712901
|start
|switch|p1a: Zacian|Zacian-Crowned|100/100
|switch|p2a: Deoxys|Deoxys-Attack|100/100
|-ability|p2a: Deoxys|Pressure
|-ability|p1a: Zacian|Intrepid Sword|boost
|-boost|p1a: Zacian|atk|1
|turn|1
|c| SilkScarfGroudon|os cara de zacian kkkkkk
|j| Obliteretordor
|
|t:|1644712909
|switch|p2a: Groudon|Groudon, shiny|100/100
|detailschange|p2a: Groudon|Groudon-Primal, shiny
|-primal|p2a: Groudon
|-weather|DesolateLand|[from] ability: Desolate Land|[of] p2a: Groudon
|move|p1a: Zacian|Behemoth Blade|p2a: Groudon
|-resisted|p2a: Groudon
|-damage|p2a: Groudon|70/100
|
|-weather|DesolateLand|[upkeep]
|upkeep
|turn|2
|c| Traineruixsagdvfui|Cade o real ubers ai
|
|t:|1644712919
|switch|p1a: Groudon|Groudon|100/100
|detailschange|p1a: Groudon|Groudon-Primal
|-primal|p1a: Groudon
|move|p2a: Groudon|Rock Polish|p2a: Groudon
|-boost|p2a: Groudon|spe|2
|
|-weather|DesolateLand|[upkeep]
|upkeep
|turn|3
|j| dress up darling
|
|t:|1644712927
|move|p2a: Groudon|Stealth Rock|p1a: Groudon
|-sidestart|p1: 1WeedBeard|move: Stealth Rock
|move|p1a: Groudon|Dragon Tail|p2a: Groudon
|-damage|p2a: Groudon|54/100
|drag|p2a: Zacian|Zacian-Crowned|100/100
|-ability|p2a: Zacian|Intrepid Sword|boost
|-boost|p2a: Zacian|atk|1
|
|-weather|DesolateLand|[upkeep]
|upkeep
|turn|4
|c| Traineruixsagdvfui|Zamazenta Crowned k
|
|t:|1644712936
|switch|p2a: Groudon|Groudon-Primal, shiny|54/100
|move|p1a: Groudon|Flamethrower|p2a: Groudon
|-resisted|p2a: Groudon
|-damage|p2a: Groudon|4/100
|
|-weather|DesolateLand|[upkeep]
|upkeep
|turn|5
|c| Obliteretordor|Imagine ubers
|
|t:|1644712943
|move|p2a: Groudon|Precipice Blades|p1a: Groudon
|-supereffective|p1a: Groudon
|-damage|p1a: Groudon|0 fnt
|faint|p1a: Groudon
|
|-weather|DesolateLand|[upkeep]
|upkeep
|
|t:|1644712954
|switch|p1a: Calyrex|Calyrex-Shadow|100/100
|-ability|p1a: Calyrex|As One
|-ability|p1a: Calyrex|Unnerve
|-damage|p1a: Calyrex|88/100|[from] Stealth Rock
|turn|6
|
|t:|1644712960
|-weather|none
|switch|p2a: Arceus|Arceus, shiny|100/100
|move|p1a: Calyrex|Pollen Puff|p2a: Arceus
|-damage|p2a: Arceus|73/100
|
|upkeep
|turn|7
|c| SilkScarfGroudon|Groudon, Zamazenta, Rayquaza, tudo ubers fake
|c|☆FromGen1ToGen8|??
|c|☆FromGen1ToGen8|Oxi
|c| Obliteretordor|Imagine ubers
|
|t:|1644712972
|-start|p1a: Calyrex|Dynamax
|-heal|p1a: Calyrex|88/100|[silent]
|move|p1a: Calyrex|Max Mindstorm|p2a: Arceus
|-damage|p2a: Arceus|9/100
|-fieldstart|move: Psychic Terrain
|move|p2a: Arceus|Shadow Claw|p1a: Calyrex
|-supereffective|p1a: Calyrex
|-damage|p1a: Calyrex|22/100
|
|upkeep
|turn|8
|c| SilkScarfGroudon|tem que usar Dodrio
|c| Obliteretordor|SIM
|c| Obliteretordor|DODRIO OP
|c|☆FromGen1ToGen8|Ss
|
|t:|1644712986
|move|p1a: Calyrex|Max Starfall|p2a: Arceus
|-damage|p2a: Arceus|0 fnt
|-fieldstart|move: Misty Terrain
|faint|p2a: Arceus
|-ability|p1a: Calyrex|Grim Neigh|boost
|-boost|p1a: Calyrex|spa|1
|
|upkeep
|
|t:|1644712991
|switch|p2a: Yveltal|Yveltal, shiny|100/100
|-ability|p2a: Yveltal|Dark Aura
|turn|9
|
|t:|1644712997
|-end|p1a: Calyrex|Dynamax
|-heal|p1a: Calyrex|22/100|[silent]
|switch|p1a: Zacian|Zacian-Crowned|100/100
|-damage|p1a: Zacian|94/100|[from] Stealth Rock
|-ability|p1a: Zacian|Intrepid Sword|boost
|-boost|p1a: Zacian|atk|1
|move|p2a: Yveltal|Sucker Punch||[still]
|-fail|p2a: Yveltal
|
|upkeep
|turn|10
|
|t:|1644713007
|switch|p2a: Groudon|Groudon-Primal, shiny|4/100
|-weather|DesolateLand|[from] ability: Desolate Land|[of] p2a: Groudon
|move|p1a: Zacian|Play Rough|p2a: Groudon
|-resisted|p2a: Groudon
|-damage|p2a: Groudon|0 fnt
|faint|p2a: Groudon
|-weather|none
|
|upkeep
|
|t:|1644713018
|switch|p2a: Yveltal|Yveltal, shiny|100/100
|-ability|p2a: Yveltal|Dark Aura
|turn|11
|
|t:|1644713026
|-start|p2a: Yveltal|Dynamax
|-heal|p2a: Yveltal|100/100|[silent]
|move|p1a: Zacian|Play Rough|p2a: Yveltal
|-supereffective|p2a: Yveltal
|-crit|p2a: Yveltal
|-damage|p2a: Yveltal|0 fnt
|faint|p2a: Yveltal
|
|upkeep
|c|☆FromGen1ToGen8|Bruh
|c|☆1WeedBeard|caguei
|c| Obliteretordor|Tapora
|c|☆FromGen1ToGen8|Aí foi sorte
|
|t:|1644713045
|switch|p2a: Deoxys|Deoxys-Attack|100/100
|-ability|p2a: Deoxys|Pressure
|turn|12
|c| Obliteretordor|Coloca defesa ar
|
|t:|1644713051
|move|p2a: Deoxys|Focus Blast|p1a: Zacian|[miss]
|-miss|p2a: Deoxys|p1a: Zacian
|move|p1a: Zacian|Behemoth Blade|p2a: Deoxys
|-damage|p2a: Deoxys|0 fnt
|faint|p2a: Deoxys
|
|-fieldend|Misty Terrain
|upkeep
|c| Obliteretordor|Ae*
|c|☆FromGen1ToGen8|Bruh.
|
|t:|1644713060
|switch|p2a: Zacian|Zacian-Crowned|100/100
|-ability|p2a: Zacian|Intrepid Sword|boost
|-boost|p2a: Zacian|atk|1
|turn|13
|c| Obliteretordor|;-;
|
|t:|1644713075
|move|p2a: Zacian|Behemoth Blade|p1a: Zacian
|-damage|p1a: Zacian|0 fnt
|faint|p1a: Zacian
|
|upkeep
|
|t:|1644713087
|switch|p1a: Arceus-Normal|Arceus-Ghost|100/100
|-damage|p1a: Arceus-Normal|88/100|[from] Stealth Rock
|turn|14
|c| Obliteretordor|Batalha de dogs
|c|☆FromGen1ToGen8|Aí foi muita sorte
|c|☆FromGen1ToGen8|Ggwp
|c| MHZzINxx|kk
|
|t:|1644713098
|move|p2a: Zacian|Behemoth Blade|p1a: Arceus-Normal
|-damage|p1a: Arceus-Normal|28/100
|move|p1a: Arceus-Normal|Shadow Force||[still]
|-prepare|p1a: Arceus-Normal|Shadow Force
|
|upkeep
|turn|15
|c| Traineruixsagdvfui|que clickbait isso
|
|t:|1644713105
|move|p2a: Zacian|Behemoth Blade|p1a: Arceus-Normal|[miss]
|-miss|p2a: Zacian|p1a: Arceus-Normal
|move|p1a: Arceus-Normal|Shadow Force|p2a: Zacian|[from]lockedmove
|-crit|p2a: Zacian
|-damage|p2a: Zacian|0 fnt
|faint|p2a: Zacian
|
|upkeep
|c| Traineruixsagdvfui|Arceus-Normal
|c|☆FromGen1ToGen8|S
|c|☆FromGen1ToGen8|A man
|c|☆1WeedBeard|XD
|c| Obliteretordor|Bait
|c|☆FromGen1ToGen8|Q sorte é essa
|
|t:|1644713129
|switch|p2a: Rayquaza|Rayquaza|100/100
|-ability|p2a: Rayquaza|Air Lock
|turn|16
|c|☆1WeedBeard|vc tinha crunch?
|c|☆FromGen1ToGen8|N
|c| Traineruixsagdvfui|~~Eu nunca fiz isso~~
|c|☆1WeedBeard|kkkk
|c| Obliteretordor|Rayquase
|inactive|FromGen1ToGen8 has 120 seconds left.
|c|☆FromGen1ToGen8|!showset 4
|c| FromGen1ToGen8|/raw <div class="infobox">Zacian (Zacian-Crowned) @ Rusted Sword  <br />Ability: Intrepid Sword  <br />EVs: 252 Atk &#x2f; 4 SpD &#x2f; 252 Spe  <br />Jolly Nature  <br />- Behemoth Blade  <br />- Close Combat  <br />- Play Rough  <br />- Wild Charge  <br /><br /></div>
|c| Obliteretordor|Valeu
|
|t:|1644713162
|move|p2a: Rayquaza|Dragon Dance|p2a: Rayquaza
|-boost|p2a: Rayquaza|atk|1
|-boost|p2a: Rayquaza|spe|1
|move|p1a: Arceus-Normal|Shadow Force||[still]
|-prepare|p1a: Arceus-Normal|Shadow Force
|
|upkeep
|turn|17
|
|t:|1644713169
|detailschange|p2a: Rayquaza|Rayquaza-Mega
|-mega|p2a: Rayquaza|Rayquaza|
|-weather|DeltaStream|[from] ability: Delta Stream|[of] p2a: Rayquaza
|move|p2a: Rayquaza|Dragon Ascent|p1a: Arceus-Normal|[miss]
|-miss|p2a: Rayquaza|p1a: Arceus-Normal
|move|p1a: Arceus-Normal|Shadow Force|p2a: Rayquaza|[from]lockedmove
|-damage|p2a: Rayquaza|26/100
|
|-weather|DeltaStream|[upkeep]
|upkeep
|turn|18
|inactive|FromGen1ToGen8 has 120 seconds left.
|
|t:|1644713180
|move|p2a: Rayquaza|Dragon Ascent|p1a: Arceus-Normal
|-damage|p1a: Arceus-Normal|0 fnt
|-unboost|p2a: Rayquaza|def|1
|-unboost|p2a: Rayquaza|spd|1
|faint|p1a: Arceus-Normal
|-damage|p2a: Rayquaza|16/100|[from] item: Life Orb
|
|-weather|DeltaStream|[upkeep]
|upkeep
|
|t:|1644713185
|switch|p1a: Ditto|Ditto|100/100
|-damage|p1a: Ditto|88/100|[from] Stealth Rock
|-transform|p1a: Ditto|p2a: Rayquaza|[from] ability: Imposter
|turn|19
|c|☆FromGen1ToGen8|Ggwp
|c|☆1WeedBeard|calma
|inactive|FromGen1ToGen8 has 120 seconds left.
|c|☆FromGen1ToGen8|Vc é bem sortudo
|c|☆1WeedBeard|nm acabou ainda
|c|☆FromGen1ToGen8|Joga na loteria
|c| Obliteretordor|Gg
|c| Obliteretordor|Vou colocar zacian no meu time
|
|t:|1644713226
|move|p1a: Ditto|Extreme Speed|p2a: Rayquaza
|-damage|p2a: Rayquaza|0 fnt
|faint|p2a: Rayquaza
|
|win|1WeedBeard
|n|☆1WeedBeard|1weedbeard
|n|☆FromGen1ToGen8|fromgen1togen8
|n| Traineruixsagdvfui|traineruixsagdvfui
|n| SilkScarfGroudon|silkscarfgroudon
|n| MHZzINxx|mhzzinxx
|n| Obliteretordor|obliteretordor
|n| dress up darling|dressupdarling
