|j|☆soda49
|j|☆amnael1
|t:|1640460142
|gametype|singles
|player|p1|soda49|101|1705
|player|p2|amnael1|102|1893
|teamsize|p1|6
|teamsize|p2|6
|gen|8
|tier|[Gen 8] National Dex AG
|rated|
|rule|HP Percentage Mod: HP is shown in percentages
|rule|Endless Battle Clause: Forcing endless battles is banned
|clearpoke
|poke|p1|Whimsicott, F|
|poke|p1|Smeargle, M|
|poke|p1|Calyrex-Shadow|
|poke|p1|Dragonite, F|
|poke|p1|Charizard, M|
|poke|p1|Mimikyu, F|
|poke|p2|Smeargle, M|
|poke|p2|Espeon, F|
|poke|p2|Groudon|
|poke|p2|Rayquaza|
|poke|p2|Xerneas-*|
|poke|p2|Zacian-*|
|teampreview
|inactive|Battle timer is ON: inactive players will automatically lose when time's up. (requested by soda49)
|
|t:|1640460160
|start
|switch|p1a: Charizard|Charizard, M|100/100
|switch|p2a: Groudon|Groudon|100/100
|detailschange|p2a: Groudon|Groudon-Primal
|-primal|p2a: Groudon
|-weather|DesolateLand|[from] ability: Desolate Land|[of] p2a: Groudon
|turn|1
|
|t:|1640460164
|-start|p1a: Charizard|Dynamax
|-formechange|p1a: Charizard|Charizard-Gmax
|-heal|p1a: Charizard|100/100|[silent]
|move|p1a: Charizard|Max Quake|p2a: Groudon
|-supereffective|p2a: Groudon
|-damage|p2a: Groudon|0 fnt
|-boost|p1a: Charizard|spd|1
|faint|p2a: Groudon
|-weather|none
|-damage|p1a: Charizard|96/100|[from] item: Life Orb
|
|upkeep
|
|t:|1640460169
|switch|p2a: Smeargle|Smeargle, M|100/100
|turn|2
|
|t:|1640460176
|move|p1a: Charizard|G-Max Wildfire|p2a: Smeargle
|-enditem|p2a: Smeargle|Focus Sash
|-damage|p2a: Smeargle|1/100
|-sidestart|p2: amnael1|G-Max Wildfire
|-damage|p1a: Charizard|91/100|[from] item: Life Orb
|move|p2a: Smeargle|Spore|p1a: Charizard
|-status|p1a: Charizard|slp|[from] move: Spore
|
|-damage|p2a: Smeargle|0 fnt|[from] G-Max Wildfire
|faint|p2a: Smeargle
|upkeep
|
|t:|1640460181
|switch|p2a: Xerneas|Xerneas|100/100
|-ability|p2a: Xerneas|Fairy Aura
|turn|3
|
|t:|1640460191
|cant|p1a: Charizard|slp
|move|p2a: Xerneas|Geomancy||[still]
|-prepare|p2a: Xerneas|Geomancy
|-enditem|p2a: Xerneas|Power Herb
|-anim|p2a: Xerneas|Geomancy|p2a: Xerneas
|-boost|p2a: Xerneas|spa|2
|-boost|p2a: Xerneas|spd|2
|-boost|p2a: Xerneas|spe|2
|
|-damage|p2a: Xerneas|84/100|[from] G-Max Wildfire
|-end|p1a: Charizard|Dynamax
|-formechange|p1a: Charizard|Charizard
|-heal|p1a: Charizard|91/100 slp|[silent]
|upkeep
|turn|4
|
|t:|1640460205
|move|p2a: Xerneas|Moonblast|p1a: Charizard
|-resisted|p1a: Charizard
|-damage|p1a: Charizard|36/100 slp
|-unboost|p1a: Charizard|spa|1
|cant|p1a: Charizard|slp
|
|-damage|p2a: Xerneas|67/100|[from] G-Max Wildfire
|upkeep
|turn|5
|
|t:|1640460219
|move|p2a: Xerneas|Moonblast|p1a: Charizard
|-resisted|p1a: Charizard
|-damage|p1a: Charizard|0 fnt
|faint|p1a: Charizard
|
|-damage|p2a: Xerneas|50/100|[from] G-Max Wildfire
|-sideend|p2: amnael1|G-Max Wildfire
|upkeep
|inactive|soda49 has 120 seconds left.
|
|t:|1640460271
|switch|p1a: Mimikyu|Mimikyu, F|100/100
|turn|6
|
|t:|1640460284
|-start|p2a: Xerneas|Dynamax
|-heal|p2a: Xerneas|50/100|[silent]
|move|p2a: Xerneas|Max Starfall|p1a: Mimikyu
|-activate|p1a: Mimikyu|ability: Disguise
|-damage|p1a: Mimikyu|100/100
|-fieldstart|move: Misty Terrain
|detailschange|p1a: Mimikyu|Mimikyu-Busted, F
|-damage|p1a: Mimikyu|88/100|[from] pokemon: Mimikyu-Busted
|move|p1a: Mimikyu|Trick Room|p1a: Mimikyu
|-fieldstart|move: Trick Room|[of] p1a: Mimikyu
|
|upkeep
|turn|7
|
|t:|1640460294
|move|p1a: Mimikyu|Play Rough|p2a: Xerneas
|-damage|p2a: Xerneas|31/100
|move|p2a: Xerneas|Max Starfall|p1a: Mimikyu
|-damage|p1a: Mimikyu|0 fnt
|faint|p1a: Mimikyu
|
|upkeep
|inactive|soda49 has 90 seconds left.
|
|t:|1640460309
|switch|p1a: Calyrex|Calyrex-Shadow|100/100
|-ability|p1a: Calyrex|As One
|-ability|p1a: Calyrex|Unnerve
|turn|8
|
|t:|1640460316
|move|p1a: Calyrex|Psyshock|p2a: Xerneas
|-damage|p2a: Xerneas|13/100
|move|p2a: Xerneas|Max Starfall|p1a: Calyrex
|-enditem|p1a: Calyrex|Focus Sash
|-damage|p1a: Calyrex|1/100
|
|-end|p2a: Xerneas|Dynamax
|-heal|p2a: Xerneas|13/100|[silent]
|upkeep
|turn|9
|
|t:|1640460321
|move|p1a: Calyrex|Psyshock|p2a: Xerneas
|-damage|p2a: Xerneas|0 fnt
|faint|p2a: Xerneas
|-ability|p1a: Calyrex|Grim Neigh|boost
|-boost|p1a: Calyrex|spa|1
|
|upkeep
|
|t:|1640460324
|switch|p2a: Espeon|Espeon, F|100/100
|turn|10
|
|t:|1640460332
|switch|p1a: Whimsicott|Whimsicott, F|100/100
|move|p2a: Espeon|Psychic|p1a: Whimsicott
|-damage|p1a: Whimsicott|43/100
|
|-fieldend|move: Trick Room
|-fieldend|Misty Terrain
|upkeep
|turn|11
|
|t:|1640460335
|move|p1a: Whimsicott|Moonblast|p2a: Espeon
|-damage|p2a: Espeon|66/100
|move|p2a: Espeon|Psychic|p1a: Whimsicott
|-damage|p1a: Whimsicott|0 fnt
|faint|p1a: Whimsicott
|
|upkeep
|
|t:|1640460340
|switch|p1a: Calyrex|Calyrex-Shadow|1/100
|-ability|p1a: Calyrex|As One
|-ability|p1a: Calyrex|Unnerve
|turn|12
|
|t:|1640460342
|move|p1a: Calyrex|Astral Barrage|p2a: Espeon
|-supereffective|p2a: Espeon
|-damage|p2a: Espeon|0 fnt
|faint|p2a: Espeon
|-ability|p1a: Calyrex|Grim Neigh|boost
|-boost|p1a: Calyrex|spa|1
|
|upkeep
|
|t:|1640460344
|switch|p2a: Rayquaza|Rayquaza|100/100
|-ability|p2a: Rayquaza|Air Lock
|turn|13
|
|t:|1640460359
|detailschange|p2a: Rayquaza|Rayquaza-Mega
|-mega|p2a: Rayquaza|Rayquaza|
|-weather|DeltaStream|[from] ability: Delta Stream|[of] p2a: Rayquaza
|move|p1a: Calyrex|Astral Barrage|p2a: Rayquaza
|-enditem|p2a: Rayquaza|Focus Sash
|-damage|p2a: Rayquaza|1/100
|move|p2a: Rayquaza|Dragon Dance|p2a: Rayquaza
|-boost|p2a: Rayquaza|atk|1
|-boost|p2a: Rayquaza|spe|1
|
|-weather|DeltaStream|[upkeep]
|upkeep
|turn|14
|
|t:|1640460380
|move|p2a: Rayquaza|Earthquake|p1a: Calyrex
|-damage|p1a: Calyrex|0 fnt
|faint|p1a: Calyrex
|
|-weather|DeltaStream|[upkeep]
|upkeep
|
|t:|1640460384
|switch|p1a: Dragonite|Dragonite, F|100/100
|turn|15
|
|t:|1640460400
|move|p2a: Rayquaza|Extreme Speed|p1a: Dragonite
|-damage|p1a: Dragonite|77/100
|move|p1a: Dragonite|Tailwind|p1a: Dragonite
|-sidestart|p1: soda49|move: Tailwind
|
|-weather|DeltaStream|[upkeep]
|upkeep
|turn|16
|
|t:|1640460422
|move|p2a: Rayquaza|Extreme Speed|p1a: Dragonite
|-damage|p1a: Dragonite|21/100
|move|p1a: Dragonite|Dual Wingbeat|p2a: Rayquaza
|-damage|p2a: Rayquaza|0 fnt
|faint|p2a: Rayquaza
|-weather|none
|-hitcount|p2: Rayquaza|1
|
|upkeep
|
|t:|1640460425
|switch|p2a: Zacian|Zacian-Crowned|100/100
|-ability|p2a: Zacian|Intrepid Sword|boost
|-boost|p2a: Zacian|atk|1
|turn|17
|
|t:|1640460430
|move|p1a: Dragonite|Earthquake|p2a: Zacian
|-supereffective|p2a: Zacian
|-damage|p2a: Zacian|32/100
|move|p2a: Zacian|Behemoth Blade|p1a: Dragonite
|-crit|p1a: Dragonite
|-damage|p1a: Dragonite|0 fnt
|faint|p1a: Dragonite
|
|upkeep
|
|t:|1640460433
|switch|p1a: The wobbler|Smeargle, M|100/100
|turn|18
|
|t:|1640460435
|move|p1a: The wobbler|Spore|p2a: Zacian
|-status|p2a: Zacian|slp|[from] move: Spore
|cant|p2a: Zacian|slp
|
|-sideend|p1: soda49|move: Tailwind
|-ability|p1a: The wobbler|Moody|boost
|-boost|p1a: The wobbler|def|2
|-unboost|p1a: The wobbler|atk|1
|upkeep
|turn|19
|
|t:|1640460438
|cant|p2a: Zacian|slp
|move|p1a: The wobbler|Substitute|p1a: The wobbler
|-start|p1a: The wobbler|Substitute
|-damage|p1a: The wobbler|76/100
|
|-heal|p1a: The wobbler|82/100|[from] item: Leftovers
|-ability|p1a: The wobbler|Moody|boost
|-boost|p1a: The wobbler|spa|2
|-unboost|p1a: The wobbler|def|1
|upkeep
|turn|20
|
|t:|1640460441
|cant|p2a: Zacian|slp
|move|p1a: The wobbler|Shell Smash|p1a: The wobbler
|-unboost|p1a: The wobbler|def|1
|-unboost|p1a: The wobbler|spd|1
|-boost|p1a: The wobbler|atk|2
|-boost|p1a: The wobbler|spa|2
|-boost|p1a: The wobbler|spe|2
|
|-heal|p1a: The wobbler|88/100|[from] item: Leftovers
|-ability|p1a: The wobbler|Moody|boost
|-boost|p1a: The wobbler|atk|2
|-unboost|p1a: The wobbler|spd|1
|upkeep
|turn|21
|
|t:|1640460444
|move|p1a: The wobbler|Shell Smash|p1a: The wobbler
|-unboost|p1a: The wobbler|def|1
|-unboost|p1a: The wobbler|spd|1
|-boost|p1a: The wobbler|atk|2
|-boost|p1a: The wobbler|spa|2
|-boost|p1a: The wobbler|spe|2
|-curestatus|p2a: Zacian|slp|[msg]
|move|p2a: Zacian|Behemoth Blade|p1a: The wobbler
|-end|p1a: The wobbler|Substitute
|
|-heal|p1a: The wobbler|94/100|[from] item: Leftovers
|-ability|p1a: The wobbler|Moody|boost
|-boost|p1a: The wobbler|def|2
|-unboost|p1a: The wobbler|spd|1
|upkeep
|turn|22
|
|t:|1640460446
|move|p1a: The wobbler|Spore|p2a: Zacian
|-status|p2a: Zacian|slp|[from] move: Spore
|cant|p2a: Zacian|slp
|
|-heal|p1a: The wobbler|99/100|[from] item: Leftovers
|-ability|p1a: The wobbler|Moody|boost
|-boost|p1a: The wobbler|atk|1
|-unboost|p1a: The wobbler|spd|1
|upkeep
|turn|23
|
|t:|1640460449
|move|p1a: The wobbler|Substitute|p1a: The wobbler
|-start|p1a: The wobbler|Substitute
|-damage|p1a: The wobbler|75/100
|-curestatus|p2a: Zacian|slp|[msg]
|move|p2a: Zacian|Behemoth Blade|p1a: The wobbler
|-end|p1a: The wobbler|Substitute
|
|-heal|p1a: The wobbler|81/100|[from] item: Leftovers
|-ability|p1a: The wobbler|Moody|boost
|-boost|p1a: The wobbler|spe|2
|-unboost|p1a: The wobbler|spd|1
|upkeep
|turn|24
|
|t:|1640460452
|move|p1a: The wobbler|Spore|p2a: Zacian
|-status|p2a: Zacian|slp|[from] move: Spore
|cant|p2a: Zacian|slp
|
|-heal|p1a: The wobbler|87/100|[from] item: Leftovers
|-ability|p1a: The wobbler|Moody|boost
|-boost|p1a: The wobbler|def|2
|-unboost|p1a: The wobbler|spa|1
|upkeep
|turn|25
|
|t:|1640460453
|move|p1a: The wobbler|Substitute|p1a: The wobbler
|-start|p1a: The wobbler|Substitute
|-damage|p1a: The wobbler|62/100
|-curestatus|p2a: Zacian|slp|[msg]
|move|p2a: Zacian|Behemoth Blade|p1a: The wobbler
|-end|p1a: The wobbler|Substitute
|
|-heal|p1a: The wobbler|68/100|[from] item: Leftovers
|-ability|p1a: The wobbler|Moody|boost
|-boost|p1a: The wobbler|spa|1
|-unboost|p1a: The wobbler|atk|1
|upkeep
|turn|26
|
|t:|1640460456
|move|p1a: The wobbler|Spore|p2a: Zacian
|-status|p2a: Zacian|slp|[from] move: Spore
|cant|p2a: Zacian|slp
|
|-heal|p1a: The wobbler|74/100|[from] item: Leftovers
|-ability|p1a: The wobbler|Moody|boost
|-boost|p1a: The wobbler|spd|2
|-unboost|p1a: The wobbler|spe|1
|upkeep
|turn|27
|
|t:|1640460459
|move|p1a: The wobbler|Substitute|p1a: The wobbler
|-start|p1a: The wobbler|Substitute
|-damage|p1a: The wobbler|50/100
|cant|p2a: Zacian|slp
|
|-heal|p1a: The wobbler|55/100|[from] item: Leftovers
|-ability|p1a: The wobbler|Moody|boost
|-boost|p1a: The wobbler|def|2
|-unboost|p1a: The wobbler|spd|1
|upkeep
|turn|28
|
|t:|1640460463
|move|p1a: The wobbler|Power Trip|p2a: Zacian
|-resisted|p2a: Zacian
|-damage|p2a: Zacian|0 fnt
|faint|p2a: Zacian
|
|win|soda49
|raw|soda49's rating: 1705 &rarr; <strong>1735</strong><br />(+30 for winning)
|raw|amnael1's rating: 1893 &rarr; <strong>1863</strong><br />(-30 for losing)
|l|☆amnael1
