|j|☆sadvoid
|j|☆09-10a
|t:|1651033646
|gametype|singles
|player|p1|sadvoid|unknownf|1630
|player|p2|09-10a|schoolkid-gen4dp|1835
|teamsize|p1|6
|teamsize|p2|6
|gen|8
|tier|[Gen 8] National Dex AG
|rated|
|rule|HP Percentage Mod: HP is shown in percentages
|rule|Endless Battle Clause: Forcing endless battles is banned
|clearpoke
|poke|p1|Ditto|
|poke|p1|Landorus-Therian, M|
|poke|p1|Calyrex-Shadow|
|poke|p1|Arceus-*|
|poke|p1|Groudon|
|poke|p1|Cinderace, F|
|poke|p2|Necrozma-Dusk-Mane|
|poke|p2|Zygarde|
|poke|p2|Calyrex-Shadow|
|poke|p2|Marshadow|
|poke|p2|Xerneas-*|
|poke|p2|Skarmory, F|
|teampreview
|inactive|Battle timer is ON: inactive players will automatically lose when time's up. (requested by 09-10a)
|
|t:|1651033657
|start
|switch|p1a: testing|Cinderace, F, shiny|100/100
|switch|p2a: Skarmory|Skarmory, F|100/100
|turn|1
|
|t:|1651033664
|move|p1a: testing|Pyro Ball|p2a: Skarmory
|-supereffective|p2a: Skarmory
|-ability|p2a: Skarmory|Sturdy
|-damage|p2a: Skarmory|1/100
|move|p2a: Skarmory|Rock Tomb|p1a: testing
|-supereffective|p1a: testing
|-damage|p1a: testing|53/100
|-unboost|p1a: testing|spe|1
|
|upkeep
|turn|2
|
|t:|1651033676
|move|p1a: testing|Quick Attack|p2a: Skarmory
|-start|p1a: testing|typechange|Normal|[from] ability: Libero
|-resisted|p2a: Skarmory
|-damage|p2a: Skarmory|0 fnt
|-damage|p1a: testing|37/100|[from] item: Rocky Helmet|[of] p2a: Skarmory
|faint|p2a: Skarmory
|
|upkeep
|
|t:|1651033696
|switch|p2a: Zygarde|Zygarde|100/100
|turn|3
|
|t:|1651033703
|switch|p1a: Landorus|Landorus-Therian, M|100/100
|-ability|p1a: Landorus|Intimidate|boost
|-unboost|p2a: Zygarde|atk|1
|move|p2a: Zygarde|Dragon Dance|p2a: Zygarde
|-boost|p2a: Zygarde|atk|1
|-boost|p2a: Zygarde|spe|1
|
|upkeep
|turn|4
|
|t:|1651033712
|move|p1a: Landorus|U-turn|p2a: Zygarde
|-damage|p2a: Zygarde|78/100
|
|t:|1651033715
|switch|p1a: testing|Cinderace, F, shiny|37/100|[from]move: U-turn
|move|p2a: Zygarde|Dragon Dance|p2a: Zygarde
|-boost|p2a: Zygarde|atk|1
|-boost|p2a: Zygarde|spe|1
|
|upkeep
|turn|5
|
|t:|1651033722
|move|p1a: testing|Sucker Punch|p2a: Zygarde
|-start|p1a: testing|typechange|Dark|[from] ability: Libero
|-damage|p2a: Zygarde|52/100
|move|p2a: Zygarde|Stone Edge|p1a: testing
|-damage|p1a: testing|0 fnt
|faint|p1a: testing
|-damage|p2a: Zygarde|42/100|[from] item: Life Orb
|
|-activate|p2a: Zygarde|ability: Power Construct
|detailschange|p2a: Zygarde|Zygarde-Complete
|-heal|p2a: Zygarde|64/100|[silent]
|upkeep
|
|t:|1651033732
|switch|p1a: ???|Ditto|100/100
|-transform|p1a: ???|p2a: Zygarde|[from] ability: Imposter
|turn|6
|
|t:|1651033743
|-start|p2a: Zygarde|Dynamax|
|-heal|p2a: Zygarde|64/100|[silent]
|move|p1a: ???|Outrage|p2a: Zygarde
|-supereffective|p2a: Zygarde
|-damage|p2a: Zygarde|18/100
|move|p2a: Zygarde|Max Wyrmwind|p1a: ???
|-supereffective|p1a: ???
|-damage|p1a: ???|0 fnt
|faint|p1a: ???
|-damage|p2a: Zygarde|13/100|[from] item: Life Orb
|
|upkeep
|
|t:|1651033764
|switch|p1a: solid|Calyrex-Shadow|100/100
|-ability|p1a: solid|As One
|-ability|p1a: solid|Unnerve
|turn|7
|inactive|09-10a has 120 seconds left.
|
|t:|1651033800
|move|p2a: Zygarde|Max Quake|p1a: solid
|-enditem|p1a: solid|Focus Sash
|-damage|p1a: solid|1/100
|-boost|p2a: Zygarde|spd|1
|-damage|p2a: Zygarde|8/100|[from] item: Life Orb
|move|p1a: solid|Astral Barrage|p2a: Zygarde
|-damage|p2a: Zygarde|0 fnt
|faint|p2a: Zygarde
|-ability|p1a: solid|Grim Neigh|boost
|-boost|p1a: solid|spa|1
|
|upkeep
|
|t:|1651033803
|switch|p2a: Calyrex|Calyrex-Shadow|100/100
|-ability|p2a: Calyrex|As One
|-ability|p2a: Calyrex|Unnerve
|turn|8
|
|t:|1651033818
|move|p2a: Calyrex|Astral Barrage|p1a: solid
|-supereffective|p1a: solid
|-damage|p1a: solid|0 fnt
|faint|p1a: solid
|-ability|p2a: Calyrex|Grim Neigh|boost
|-boost|p2a: Calyrex|spa|1
|
|upkeep
|
|t:|1651033825
|switch|p1a: God|Arceus|100/100
|turn|9
|
|t:|1651033829
|move|p2a: Calyrex|Taunt|p1a: God
|-start|p1a: God|move: Taunt
|move|p1a: God|Shadow Force||[still]
|-prepare|p1a: God|Shadow Force
|
|upkeep
|turn|10
|
|t:|1651033833
|move|p2a: Calyrex|Baton Pass|p2a: Calyrex
|
|t:|1651033835
|switch|p2a: Xerneas|Xerneas|100/100|[from]move: Baton Pass
|-ability|p2a: Xerneas|Fairy Aura
|move|p1a: God|Shadow Force|p2a: Xerneas|[from]lockedmove
|-damage|p2a: Xerneas|74/100
|
|upkeep
|turn|11
|
|t:|1651033841
|-start|p1a: God|Dynamax|
|-heal|p1a: God|100/100|[silent]
|move|p1a: God|Max Phantasm|p2a: Xerneas
|-crit|p2a: Xerneas
|-damage|p2a: Xerneas|24/100
|-unboost|p2a: Xerneas|def|1
|move|p2a: Xerneas|Moonblast|p1a: God
|-damage|p1a: God|68/100
|-unboost|p1a: God|spa|1
|
|-heal|p1a: God|71/100|[from] item: Leftovers
|-end|p1a: God|move: Taunt
|upkeep
|turn|12
|
|t:|1651033857
|move|p1a: God|Max Phantasm|p2a: Xerneas
|-crit|p2a: Xerneas
|-damage|p2a: Xerneas|0 fnt
|faint|p2a: Xerneas
|
|-heal|p1a: God|74/100|[from] item: Leftovers
|upkeep
|
|t:|1651033861
|switch|p2a: Marshadow|Marshadow|100/100
|turn|13
|
|t:|1651033866
|move|p2a: Marshadow|Endure|p2a: Marshadow
|-singleturn|p2a: Marshadow|move: Endure
|move|p1a: God|Max Phantasm|p2a: Marshadow
|-supereffective|p2a: Marshadow
|-damage|p2a: Marshadow|3/100
|-unboost|p2a: Marshadow|def|1
|
|-heal|p1a: God|77/100|[from] item: Leftovers
|-end|p1a: God|Dynamax
|-heal|p1a: God|77/100|[silent]
|upkeep
|turn|14
|-enditem|p2a: Marshadow|Custap Berry|[eat]
|-activate|p2a: Marshadow|item: Custap Berry|[consumed]
|
|t:|1651033877
|move|p2a: Marshadow|Reversal|p1a: God
|-supereffective|p1a: God
|-damage|p1a: God|0 fnt
|faint|p1a: God
|
|upkeep
|
|t:|1651033884
|switch|p1a: Landorus|Landorus-Therian, M|100/100
|-ability|p1a: Landorus|Intimidate|boost
|-unboost|p2a: Marshadow|atk|1
|turn|15
|
|t:|1651033891
|switch|p2a: Necrozma|Necrozma-Dusk-Mane|100/100
|move|p1a: Landorus|Earthquake|p2a: Necrozma
|-supereffective|p2a: Necrozma
|-damage|p2a: Necrozma|35/100
|
|upkeep
|turn|16
|
|t:|1651033897
|detailschange|p2a: Necrozma|Necrozma-Ultra
|-burst|p2a: Necrozma|Necrozma|Ultranecrozium Z
|move|p1a: Landorus|Earthquake|p2a: Necrozma
|-damage|p2a: Necrozma|0 fnt
|faint|p2a: Necrozma
|
|upkeep
|inactive|09-10a has 120 seconds left.
|
|t:|1651033935
|switch|p2a: Marshadow|Marshadow|3/100
|turn|17
|
|t:|1651033939
|move|p2a: Marshadow|Shadow Sneak|p1a: Landorus
|-damage|p1a: Landorus|66/100
|move|p1a: Landorus|Earthquake|p2a: Marshadow
|-damage|p2a: Marshadow|0 fnt
|faint|p2a: Marshadow
|
|upkeep
|
|t:|1651033941
|switch|p2a: Calyrex|Calyrex-Shadow|100/100
|-ability|p2a: Calyrex|As One
|-ability|p2a: Calyrex|Unnerve
|turn|18
|
|t:|1651033944
|move|p1a: Landorus|Earthquake|p2a: Calyrex
|-damage|p2a: Calyrex|37/100
|move|p2a: Calyrex|Astral Barrage|p1a: Landorus
|-damage|p1a: Landorus|0 fnt
|faint|p1a: Landorus
|-ability|p2a: Calyrex|Grim Neigh|boost
|-boost|p2a: Calyrex|spa|1
|
|upkeep
|
|t:|1651033947
|switch|p1a: Godzilla|Groudon, shiny|100/100
|detailschange|p1a: Godzilla|Groudon-Primal, shiny
|-primal|p1a: Godzilla
|-weather|DesolateLand|[from] ability: Desolate Land|[of] p1a: Godzilla
|turn|19
|
|t:|1651033949
|move|p2a: Calyrex|Astral Barrage|p1a: Godzilla
|-damage|p1a: Godzilla|6/100
|move|p1a: Godzilla|Fire Punch|p2a: Calyrex
|-crit|p2a: Calyrex
|-damage|p2a: Calyrex|0 fnt
|faint|p2a: Calyrex
|
|win|sadvoid
|raw|sadvoid's rating: 1630 &rarr; <strong>1659</strong><br />(+29 for winning)
|raw|09-10a's rating: 1807 &rarr; <strong>1778</strong><br />(-29 for losing)
|c|☆sadvoid|gg
