|j|☆F.A.M.E.246 2nd
|j|‽Mawm
|t:|1666153403
|gametype|singles
|player|p1|F.A.M.E.246 2nd|102|1663
|player|p2|Mawm|beauty-gen6xy|1969
|teamsize|p1|6
|teamsize|p2|6
|gen|8
|tier|[Gen 8] National Dex AG
|rated|
|rule|HP Percentage Mod: HP is shown in percentages
|rule|Endless Battle Clause: Forcing endless battles is banned
|clearpoke
|poke|p1|Kyurem-White|
|poke|p1|Tapu Fini|
|poke|p1|Tyranitar, F|
|poke|p1|Arceus-*|
|poke|p1|Salamence, F|
|poke|p1|Necrozma-Dusk-Mane|
|poke|p2|Calyrex-Shadow|
|poke|p2|Genesect|
|poke|p2|Yveltal|
|poke|p2|Necrozma-Dusk-Mane|
|poke|p2|Rayquaza|
|poke|p2|Arceus-*|
|teampreview
|inactive|Battle timer is ON: inactive players will automatically lose when time's up. (requested by Mawm)
|inactive|F.A.M.E.246 2nd has 120 seconds left.
|inactive|F.A.M.E.246 2nd has 90 seconds left.
|
|t:|1666153473
|start
|switch|p1a: Tapu Fini|Tapu Fini|100/100
|switch|p2a: Arceus|Arceus-Ground, shiny|100/100
|-fieldstart|move: Misty Terrain|[from] ability: Misty Surge|[of] p1a: Tapu Fini
|turn|1
|
|t:|1666153477
|move|p2a: Arceus|Calm Mind|p2a: Arceus
|-boost|p2a: Arceus|spa|1
|-boost|p2a: Arceus|spd|1
|move|p1a: Tapu Fini|Whirlpool|p2a: Arceus
|-supereffective|p2a: Arceus
|-damage|p2a: Arceus|89/100
|-activate|p2a: Arceus|move: Whirlpool|[of] p1a: Tapu Fini
|
|-damage|p2a: Arceus|77/100|[from] move: Whirlpool|[partiallytrapped]
|upkeep
|turn|2
|
|t:|1666153481
|move|p2a: Arceus|Calm Mind|p2a: Arceus
|-boost|p2a: Arceus|spa|1
|-boost|p2a: Arceus|spd|1
|move|p1a: Tapu Fini|Nature's Madness|p2a: Arceus|[miss]
|-miss|p1a: Tapu Fini|p2a: Arceus
|
|-damage|p2a: Arceus|64/100|[from] move: Whirlpool|[partiallytrapped]
|upkeep
|turn|3
|
|t:|1666153488
|move|p2a: Arceus|Stealth Rock|p1a: Tapu Fini
|-sidestart|p1: F.A.M.E.246 2nd|move: Stealth Rock
|move|p1a: Tapu Fini|Nature's Madness|p2a: Arceus
|-damage|p2a: Arceus|32/100
|
|-damage|p2a: Arceus|20/100|[from] move: Whirlpool|[partiallytrapped]
|upkeep
|turn|4
|
|t:|1666153494
|move|p2a: Arceus|Judgment|p1a: Tapu Fini
|-damage|p1a: Tapu Fini|13/100
|move|p1a: Tapu Fini|Moonblast|p2a: Arceus
|-damage|p2a: Arceus|9/100
|-unboost|p2a: Arceus|spa|1
|
|-heal|p1a: Tapu Fini|19/100|[from] item: Leftovers
|-damage|p2a: Arceus|0 fnt|[from] move: Whirlpool|[partiallytrapped]
|faint|p2a: Arceus
|upkeep
|
|t:|1666153502
|switch|p2a: Rayquaza|Rayquaza|100/100
|-ability|p2a: Rayquaza|Air Lock
|turn|5
|
|t:|1666153507
|detailschange|p2a: Rayquaza|Rayquaza-Mega
|-mega|p2a: Rayquaza|Rayquaza|
|-weather|DeltaStream|[from] ability: Delta Stream|[of] p2a: Rayquaza
|move|p2a: Rayquaza|Dragon Dance|p2a: Rayquaza
|-boost|p2a: Rayquaza|atk|1
|-boost|p2a: Rayquaza|spe|1
|move|p1a: Tapu Fini|Moonblast|p2a: Rayquaza
|-supereffective|p2a: Rayquaza
|-damage|p2a: Rayquaza|44/100
|
|-weather|DeltaStream|[upkeep]
|-heal|p1a: Tapu Fini|25/100|[from] item: Leftovers
|-fieldend|Misty Terrain
|upkeep
|turn|6
|
|t:|1666153510
|move|p2a: Rayquaza|Earthquake|p1a: Tapu Fini
|-damage|p1a: Tapu Fini|0 fnt
|faint|p1a: Tapu Fini
|-damage|p2a: Rayquaza|34/100|[from] item: Life Orb
|
|-weather|DeltaStream|[upkeep]
|upkeep
|
|t:|1666153529
|switch|p1a: Salamence|Salamence, F|100/100
|-damage|p1a: Salamence|76/100|[from] Stealth Rock
|-ability|p1a: Salamence|Intimidate|boost
|-unboost|p2a: Rayquaza|atk|1
|turn|7
|
|t:|1666153534
|detailschange|p1a: Salamence|Salamence-Mega, F
|-mega|p1a: Salamence|Salamence|Salamencite
|move|p2a: Rayquaza|Dragon Ascent|p1a: Salamence
|-damage|p1a: Salamence|0 fnt
|-unboost|p2a: Rayquaza|def|1
|-unboost|p2a: Rayquaza|spd|1
|faint|p1a: Salamence
|-damage|p2a: Rayquaza|24/100|[from] item: Life Orb
|
|-weather|DeltaStream|[upkeep]
|upkeep
|
|t:|1666153549
|switch|p1a: Necrozma|Necrozma-Dusk-Mane|100/100
|-damage|p1a: Necrozma|94/100|[from] Stealth Rock
|turn|8
|
|t:|1666153555
|move|p2a: Rayquaza|Earthquake|p1a: Necrozma
|-supereffective|p1a: Necrozma
|-damage|p1a: Necrozma|43/100
|-damage|p2a: Rayquaza|14/100|[from] item: Life Orb
|move|p1a: Necrozma|Morning Sun|p1a: Necrozma
|-heal|p1a: Necrozma|93/100
|
|-weather|DeltaStream|[upkeep]
|-heal|p1a: Necrozma|99/100|[from] item: Leftovers
|upkeep
|turn|9
|
|t:|1666153559
|move|p2a: Rayquaza|Dragon Dance|p2a: Rayquaza
|-boost|p2a: Rayquaza|atk|1
|-boost|p2a: Rayquaza|spe|1
|move|p1a: Necrozma|Iron Head|p2a: Rayquaza
|-damage|p2a: Rayquaza|0 fnt
|faint|p2a: Rayquaza
|-weather|none
|
|-heal|p1a: Necrozma|100/100|[from] item: Leftovers
|upkeep
|
|t:|1666153562
|switch|p2a: Calyrex|Calyrex-Shadow|100/100
|-ability|p2a: Calyrex|As One
|-ability|p2a: Calyrex|Unnerve
|turn|10
|
|t:|1666153568
|switch|p2a: Genesect|Genesect, shiny|100/100
|-ability|p2a: Genesect|Download|boost
|-boost|p2a: Genesect|spa|1
|move|p1a: Necrozma|Knock Off|p2a: Genesect
|-damage|p2a: Genesect|66/100
|-enditem|p2a: Genesect|Life Orb|[from] move: Knock Off|[of] p1a: Necrozma
|
|upkeep
|turn|11
|
|t:|1666153572
|move|p2a: Genesect|Shift Gear|p2a: Genesect
|-boost|p2a: Genesect|spe|2
|-boost|p2a: Genesect|atk|1
|move|p1a: Necrozma|Thunder Wave|p2a: Genesect
|-status|p2a: Genesect|par
|
|upkeep
|turn|12
|
|t:|1666153575
|switch|p1a: Arceus|Arceus-Ground|100/100
|-damage|p1a: Arceus|94/100|[from] Stealth Rock
|move|p2a: Genesect|Shift Gear|p2a: Genesect
|-boost|p2a: Genesect|spe|2
|-boost|p2a: Genesect|atk|1
|
|upkeep
|turn|13
|
|t:|1666153592
|-start|p2a: Genesect|Dynamax|
|-heal|p2a: Genesect|66/100 par|[silent]
|move|p2a: Genesect|Max Flutterby|p1a: Arceus
|-crit|p1a: Arceus
|-damage|p1a: Arceus|0 fnt
|faint|p1a: Arceus
|
|upkeep
|c|☆F.A.M.E.246 2nd|of fucking course
|
|t:|1666153600
|switch|p1a: Necrozma|Necrozma-Dusk-Mane|100/100
|-damage|p1a: Necrozma|94/100|[from] Stealth Rock
|turn|14
|
|t:|1666153605
|-start|p1a: Necrozma|Dynamax|
|-heal|p1a: Necrozma|94/100|[silent]
|move|p2a: Genesect|Max Flutterby|p1a: Necrozma
|-damage|p1a: Necrozma|55/100
|-unboost|p1a: Necrozma|spa|1
|move|p1a: Necrozma|Max Steelspike|p2a: Genesect
|-resisted|p2a: Genesect
|-crit|p2a: Genesect
|-damage|p2a: Genesect|41/100 par
|-boost|p1a: Necrozma|def|1
|
|-heal|p1a: Necrozma|58/100|[from] item: Leftovers
|upkeep
|turn|15
|
|t:|1666153611
|move|p2a: Genesect|Max Steelspike|p1a: Necrozma
|-resisted|p1a: Necrozma
|-damage|p1a: Necrozma|45/100
|-boost|p2a: Genesect|def|1
|move|p1a: Necrozma|Max Steelspike|p2a: Genesect
|-resisted|p2a: Genesect
|-damage|p2a: Genesect|30/100 par
|-boost|p1a: Necrozma|def|1
|
|-heal|p1a: Necrozma|48/100|[from] item: Leftovers
|upkeep
|-end|p2a: Genesect|Dynamax
|-heal|p2a: Genesect|31/100 par|[silent]
|turn|16
|
|t:|1666153614
|move|p2a: Genesect|Shift Gear|p2a: Genesect
|-boost|p2a: Genesect|spe|2
|-boost|p2a: Genesect|atk|1
|move|p1a: Necrozma|Max Steelspike|p2a: Genesect
|-resisted|p2a: Genesect
|-damage|p2a: Genesect|7/100 par
|-boost|p1a: Necrozma|def|1
|
|-heal|p1a: Necrozma|51/100|[from] item: Leftovers
|upkeep
|-end|p1a: Necrozma|Dynamax
|-heal|p1a: Necrozma|51/100|[silent]
|turn|17
|
|t:|1666153616
|move|p2a: Genesect|Leech Life|p1a: Necrozma
|-damage|p1a: Necrozma|27/100
|-heal|p2a: Genesect|20/100 par|[from] drain|[of] p1a: Necrozma
|move|p1a: Necrozma|Morning Sun|p1a: Necrozma
|-heal|p1a: Necrozma|77/100
|
|-heal|p1a: Necrozma|83/100|[from] item: Leftovers
|upkeep
|turn|18
|
|t:|1666153619
|move|p2a: Genesect|Leech Life|p1a: Necrozma
|-damage|p1a: Necrozma|62/100
|-heal|p2a: Genesect|32/100 par|[from] drain|[of] p1a: Necrozma
|move|p1a: Necrozma|Knock Off|p2a: Genesect
|-damage|p2a: Genesect|18/100 par
|
|-heal|p1a: Necrozma|68/100|[from] item: Leftovers
|upkeep
|turn|19
|
|t:|1666153622
|cant|p2a: Genesect|par
|move|p1a: Necrozma|Knock Off|p2a: Genesect
|-damage|p2a: Genesect|1/100 par
|
|-heal|p1a: Necrozma|74/100|[from] item: Leftovers
|upkeep
|turn|20
|
|t:|1666153625
|move|p2a: Genesect|Leech Life|p1a: Necrozma
|-damage|p1a: Necrozma|53/100
|-heal|p2a: Genesect|14/100 par|[from] drain|[of] p1a: Necrozma
|move|p1a: Necrozma|Knock Off|p2a: Genesect
|-damage|p2a: Genesect|0 fnt
|faint|p2a: Genesect
|
|-heal|p1a: Necrozma|59/100|[from] item: Leftovers
|upkeep
|
|t:|1666153629
|switch|p2a: Calyrex|Calyrex-Shadow|100/100
|-ability|p2a: Calyrex|As One
|-ability|p2a: Calyrex|Unnerve
|turn|21
|
|t:|1666153632
|switch|p1a: Tyranitar|Tyranitar, F|100/100
|-damage|p1a: Tyranitar|88/100|[from] Stealth Rock
|-weather|Sandstorm|[from] ability: Sand Stream|[of] p1a: Tyranitar
|move|p2a: Calyrex|Astral Barrage|p1a: Tyranitar
|-resisted|p1a: Tyranitar
|-damage|p1a: Tyranitar|71/100
|
|-weather|Sandstorm|[upkeep]
|-damage|p2a: Calyrex|94/100|[from] Sandstorm
|-heal|p1a: Tyranitar|77/100|[from] item: Leftovers
|upkeep
|turn|22
|
|t:|1666153636
|move|p2a: Calyrex|Taunt|p1a: Tyranitar
|-start|p1a: Tyranitar|move: Taunt
|move|p1a: Tyranitar|Pursuit|p2a: Calyrex
|-supereffective|p2a: Calyrex
|-damage|p2a: Calyrex|5/100
|
|-weather|Sandstorm|[upkeep]
|-damage|p2a: Calyrex|0 fnt|[from] Sandstorm
|faint|p2a: Calyrex
|-heal|p1a: Tyranitar|83/100|[from] item: Leftovers
|upkeep
|
|t:|1666153638
|switch|p2a: Necrozma|Necrozma-Dusk-Mane, shiny|100/100
|turn|23
|
|t:|1666153642
|move|p2a: Necrozma|Dragon Dance|p2a: Necrozma
|-boost|p2a: Necrozma|atk|1
|-boost|p2a: Necrozma|spe|1
|move|p1a: Tyranitar|Rock Tomb|p2a: Necrozma
|-resisted|p2a: Necrozma
|-damage|p2a: Necrozma|92/100
|-unboost|p2a: Necrozma|spe|1
|
|-weather|Sandstorm|[upkeep]
|-heal|p1a: Tyranitar|90/100|[from] item: Leftovers
|upkeep
|turn|24
|
|t:|1666153648
|move|p2a: Necrozma|Dragon Dance|p2a: Necrozma
|-boost|p2a: Necrozma|atk|1
|-boost|p2a: Necrozma|spe|1
|move|p1a: Tyranitar|Rock Tomb|p2a: Necrozma
|-resisted|p2a: Necrozma
|-damage|p2a: Necrozma|83/100
|-unboost|p2a: Necrozma|spe|1
|
|-weather|Sandstorm|[upkeep]
|-heal|p1a: Tyranitar|96/100|[from] item: Leftovers
|-end|p1a: Tyranitar|move: Taunt
|upkeep
|turn|25
|
|t:|1666153650
|move|p2a: Necrozma|Dragon Dance|p2a: Necrozma
|-boost|p2a: Necrozma|atk|1
|-boost|p2a: Necrozma|spe|1
|move|p1a: Tyranitar|Rock Tomb|p2a: Necrozma
|-resisted|p2a: Necrozma
|-damage|p2a: Necrozma|74/100
|-unboost|p2a: Necrozma|spe|1
|
|-weather|none
|-heal|p1a: Tyranitar|100/100|[from] item: Leftovers
|upkeep
|turn|26
|
|t:|1666153652
|move|p2a: Necrozma|Dragon Dance|p2a: Necrozma
|-boost|p2a: Necrozma|atk|1
|-boost|p2a: Necrozma|spe|1
|move|p1a: Tyranitar|Roar|p2a: Necrozma
|drag|p2a: Yveltal|Yveltal, shiny|100/100
|-ability|p2a: Yveltal|Dark Aura
|
|upkeep
|turn|27
|
|t:|1666153656
|move|p2a: Yveltal|Heat Wave|p1a: Tyranitar
|-resisted|p1a: Tyranitar
|-damage|p1a: Tyranitar|88/100
|move|p1a: Tyranitar|Rock Tomb|p2a: Yveltal
|-supereffective|p2a: Yveltal
|-damage|p2a: Yveltal|51/100
|-unboost|p2a: Yveltal|spe|1
|
|-heal|p1a: Tyranitar|95/100|[from] item: Leftovers
|upkeep
|turn|28
|
|t:|1666153658
|move|p2a: Yveltal|Heat Wave|p1a: Tyranitar
|-resisted|p1a: Tyranitar
|-damage|p1a: Tyranitar|82/100
|-status|p1a: Tyranitar|brn
|move|p1a: Tyranitar|Rock Tomb|p2a: Yveltal
|-supereffective|p2a: Yveltal
|-damage|p2a: Yveltal|24/100
|-unboost|p2a: Yveltal|spe|1
|
|-heal|p1a: Tyranitar|88/100 brn|[from] item: Leftovers
|-damage|p1a: Tyranitar|82/100 brn|[from] brn
|upkeep
|turn|29
|
|t:|1666153668
|move|p1a: Tyranitar|Stealth Rock|p2a: Yveltal
|-sidestart|p2: Mawm|move: Stealth Rock
|move|p2a: Yveltal|Dark Pulse|p1a: Tyranitar
|-resisted|p1a: Tyranitar
|-damage|p1a: Tyranitar|60/100 brn
|
|-heal|p1a: Tyranitar|66/100 brn|[from] item: Leftovers
|-damage|p1a: Tyranitar|60/100 brn|[from] brn
|upkeep
|turn|30
|
|t:|1666153672
|move|p1a: Tyranitar|Pursuit|p2a: Yveltal
|-resisted|p2a: Yveltal
|-damage|p2a: Yveltal|18/100
|move|p2a: Yveltal|Dark Pulse|p1a: Tyranitar
|-resisted|p1a: Tyranitar
|-damage|p1a: Tyranitar|39/100 brn
|
|-heal|p1a: Tyranitar|45/100 brn|[from] item: Leftovers
|-damage|p1a: Tyranitar|39/100 brn|[from] brn
|upkeep
|turn|31
|
|t:|1666153674
|move|p1a: Tyranitar|Pursuit|p2a: Yveltal
|-resisted|p2a: Yveltal
|-damage|p2a: Yveltal|12/100
|move|p2a: Yveltal|Dark Pulse|p1a: Tyranitar
|-resisted|p1a: Tyranitar
|-damage|p1a: Tyranitar|20/100 brn
|
|-heal|p1a: Tyranitar|26/100 brn|[from] item: Leftovers
|-damage|p1a: Tyranitar|20/100 brn|[from] brn
|upkeep
|turn|32
|
|t:|1666153681
|switch|p2a: Necrozma|Necrozma-Dusk-Mane, shiny|74/100
|-damage|p2a: Necrozma|68/100|[from] Stealth Rock
|move|p1a: Tyranitar|Rock Tomb|p2a: Necrozma
|-resisted|p2a: Necrozma
|-damage|p2a: Necrozma|64/100
|-unboost|p2a: Necrozma|spe|1
|
|-heal|p1a: Tyranitar|26/100 brn|[from] item: Leftovers
|-damage|p1a: Tyranitar|20/100 brn|[from] brn
|upkeep
|turn|33
|
|t:|1666153687
|move|p1a: Tyranitar|Rock Tomb|p2a: Necrozma
|-resisted|p2a: Necrozma
|-damage|p2a: Necrozma|60/100
|-unboost|p2a: Necrozma|spe|1
|move|p2a: Necrozma|Dragon Dance|p2a: Necrozma
|-boost|p2a: Necrozma|atk|1
|-boost|p2a: Necrozma|spe|1
|
|-heal|p1a: Tyranitar|26/100 brn|[from] item: Leftovers
|-damage|p1a: Tyranitar|20/100 brn|[from] brn
|upkeep
|turn|34
|
|t:|1666153690
|move|p1a: Tyranitar|Rock Tomb|p2a: Necrozma
|-resisted|p2a: Necrozma
|-damage|p2a: Necrozma|57/100
|-unboost|p2a: Necrozma|spe|1
|move|p2a: Necrozma|Dragon Dance|p2a: Necrozma
|-boost|p2a: Necrozma|atk|1
|-boost|p2a: Necrozma|spe|1
|
|-heal|p1a: Tyranitar|26/100 brn|[from] item: Leftovers
|-damage|p1a: Tyranitar|20/100 brn|[from] brn
|upkeep
|turn|35
|
|t:|1666153692
|move|p1a: Tyranitar|Rock Tomb|p2a: Necrozma
|-resisted|p2a: Necrozma
|-damage|p2a: Necrozma|53/100
|-unboost|p2a: Necrozma|spe|1
|move|p2a: Necrozma|Dragon Dance|p2a: Necrozma
|-boost|p2a: Necrozma|atk|1
|-boost|p2a: Necrozma|spe|1
|
|-heal|p1a: Tyranitar|26/100 brn|[from] item: Leftovers
|-damage|p1a: Tyranitar|20/100 brn|[from] brn
|upkeep
|turn|36
|
|t:|1666153697
|move|p2a: Necrozma|Moonlight|p2a: Necrozma
|-heal|p2a: Necrozma|100/100
|move|p1a: Tyranitar|Roar|p2a: Necrozma
|drag|p2a: Yveltal|Yveltal, shiny|12/100
|-damage|p2a: Yveltal|0 fnt|[from] Stealth Rock
|faint|p2a: Yveltal
|
|-heal|p1a: Tyranitar|26/100 brn|[from] item: Leftovers
|-damage|p1a: Tyranitar|20/100 brn|[from] brn
|upkeep
|
|t:|1666153700
|switch|p2a: Necrozma|Necrozma-Dusk-Mane, shiny|100/100
|-damage|p2a: Necrozma|94/100|[from] Stealth Rock
|turn|37
|
|t:|1666153701
|move|p2a: Necrozma|Dragon Dance|p2a: Necrozma
|-boost|p2a: Necrozma|atk|1
|-boost|p2a: Necrozma|spe|1
|move|p1a: Tyranitar|Rock Tomb|p2a: Necrozma
|-resisted|p2a: Necrozma
|-damage|p2a: Necrozma|90/100
|-unboost|p2a: Necrozma|spe|1
|
|-heal|p1a: Tyranitar|26/100 brn|[from] item: Leftovers
|-damage|p1a: Tyranitar|20/100 brn|[from] brn
|upkeep
|turn|38
|
|t:|1666153702
|move|p2a: Necrozma|Dragon Dance|p2a: Necrozma
|-boost|p2a: Necrozma|atk|1
|-boost|p2a: Necrozma|spe|1
|move|p1a: Tyranitar|Rock Tomb|p2a: Necrozma
|-resisted|p2a: Necrozma
|-damage|p2a: Necrozma|86/100
|-unboost|p2a: Necrozma|spe|1
|
|-heal|p1a: Tyranitar|26/100 brn|[from] item: Leftovers
|-damage|p1a: Tyranitar|20/100 brn|[from] brn
|upkeep
|turn|39
|
|t:|1666153704
|switch|p1a: Necrozma|Necrozma-Dusk-Mane|59/100
|-damage|p1a: Necrozma|53/100|[from] Stealth Rock
|move|p2a: Necrozma|Dragon Dance|p2a: Necrozma
|-boost|p2a: Necrozma|atk|1
|-boost|p2a: Necrozma|spe|1
|
|-heal|p1a: Necrozma|59/100|[from] item: Leftovers
|upkeep
|turn|40
|
|t:|1666153707
|move|p2a: Necrozma|Dragon Dance|p2a: Necrozma
|-boost|p2a: Necrozma|atk|1
|-boost|p2a: Necrozma|spe|1
|move|p1a: Necrozma|Thunder Wave|p2a: Necrozma
|-status|p2a: Necrozma|par
|
|-heal|p1a: Necrozma|65/100|[from] item: Leftovers
|upkeep
|turn|41
|
|t:|1666153713
|cant|p2a: Necrozma|par
|move|p1a: Necrozma|Knock Off|p2a: Necrozma
|-supereffective|p2a: Necrozma
|-damage|p2a: Necrozma|67/100 par
|
|-heal|p1a: Necrozma|71/100|[from] item: Leftovers
|upkeep
|turn|42
|
|t:|1666153716
|switch|p1a: Tyranitar|Tyranitar, F|20/100 brn
|-damage|p1a: Tyranitar|7/100 brn|[from] Stealth Rock
|-weather|Sandstorm|[from] ability: Sand Stream|[of] p1a: Tyranitar
|move|p2a: Necrozma|Dragon Dance|p2a: Necrozma
|-boost|p2a: Necrozma|atk|1
|-boost|p2a: Necrozma|spe|1
|
|-weather|Sandstorm|[upkeep]
|-heal|p1a: Tyranitar|14/100 brn|[from] item: Leftovers
|-damage|p1a: Tyranitar|7/100 brn|[from] brn
|upkeep
|turn|43
|
|t:|1666153719
|move|p2a: Necrozma|Moonlight|p2a: Necrozma
|-heal|p2a: Necrozma|91/100 par
|move|p1a: Tyranitar|Rock Tomb|p2a: Necrozma
|-resisted|p2a: Necrozma
|-damage|p2a: Necrozma|87/100 par
|-unboost|p2a: Necrozma|spe|1
|
|-weather|Sandstorm|[upkeep]
|-heal|p1a: Tyranitar|14/100 brn|[from] item: Leftovers
|-damage|p1a: Tyranitar|7/100 brn|[from] brn
|upkeep
|turn|44
|
|t:|1666153721
|move|p2a: Necrozma|Dragon Dance|p2a: Necrozma
|-boost|p2a: Necrozma|atk|1
|-boost|p2a: Necrozma|spe|1
|move|p1a: Tyranitar|Rock Tomb|p2a: Necrozma
|-resisted|p2a: Necrozma
|-damage|p2a: Necrozma|83/100 par
|-unboost|p2a: Necrozma|spe|1
|
|-weather|Sandstorm|[upkeep]
|-heal|p1a: Tyranitar|14/100 brn|[from] item: Leftovers
|-damage|p1a: Tyranitar|7/100 brn|[from] brn
|upkeep
|turn|45
|
|t:|1666153722
|move|p2a: Necrozma|Dragon Dance|p2a: Necrozma
|-boost|p2a: Necrozma|atk|0
|-boost|p2a: Necrozma|spe|1
|move|p1a: Tyranitar|Rock Tomb|p2a: Necrozma
|-resisted|p2a: Necrozma
|-crit|p2a: Necrozma
|-damage|p2a: Necrozma|77/100 par
|-unboost|p2a: Necrozma|spe|1
|
|-weather|Sandstorm|[upkeep]
|-heal|p1a: Tyranitar|14/100 brn|[from] item: Leftovers
|-damage|p1a: Tyranitar|7/100 brn|[from] brn
|upkeep
|turn|46
|
|t:|1666153727
|cant|p2a: Necrozma|par
|move|p1a: Tyranitar|Rock Tomb|p2a: Necrozma
|-resisted|p2a: Necrozma
|-damage|p2a: Necrozma|73/100 par
|-unboost|p2a: Necrozma|spe|1
|
|-weather|none
|-heal|p1a: Tyranitar|14/100 brn|[from] item: Leftovers
|-damage|p1a: Tyranitar|7/100 brn|[from] brn
|upkeep
|turn|47
|
|t:|1666153730
|move|p1a: Tyranitar|Rock Tomb|p2a: Necrozma
|-resisted|p2a: Necrozma
|-damage|p2a: Necrozma|69/100 par
|-unboost|p2a: Necrozma|spe|1
|move|p2a: Necrozma|Dragon Dance|p2a: Necrozma
|-boost|p2a: Necrozma|atk|0
|-boost|p2a: Necrozma|spe|1
|
|-heal|p1a: Tyranitar|14/100 brn|[from] item: Leftovers
|-damage|p1a: Tyranitar|7/100 brn|[from] brn
|upkeep
|turn|48
|
|t:|1666153734
|move|p1a: Tyranitar|Rock Tomb|p2a: Necrozma
|-resisted|p2a: Necrozma
|-damage|p2a: Necrozma|65/100 par
|-unboost|p2a: Necrozma|spe|1
|move|p2a: Necrozma|Moonlight|p2a: Necrozma
|-heal|p2a: Necrozma|100/100 par
|
|-heal|p1a: Tyranitar|14/100 brn|[from] item: Leftovers
|-damage|p1a: Tyranitar|7/100 brn|[from] brn
|upkeep
|turn|49
|
|t:|1666153737
|switch|p1a: Kyurem|Kyurem-White|100/100
|-damage|p1a: Kyurem|76/100|[from] Stealth Rock
|-ability|p1a: Kyurem|Turboblaze
|move|p2a: Necrozma|Rock Blast|p1a: Kyurem
|-supereffective|p1a: Kyurem
|-damage|p1a: Kyurem|4/100
|-supereffective|p1a: Kyurem
|-damage|p1a: Kyurem|0 fnt
|faint|p1a: Kyurem
|-hitcount|p1: Kyurem|2
|
|upkeep
|-message|F.A.M.E.246 2nd forfeited.
|
|win|Mawm
|raw|F.A.M.E.246 2nd's rating: 1663 &rarr; <strong>1657</strong><br />(-6 for losing)
|raw|Mawm's rating: 1969 &rarr; <strong>1975</strong><br />(+6 for winning)
|l|☆F.A.M.E.246 2nd
