|j|☆moyv123
|j|☆MasterEarl
|t:|1667275779
|gametype|singles
|player|p1|moyv123|266|1758
|player|p2|MasterEarl|unknown|1654
|teamsize|p1|6
|teamsize|p2|6
|gen|8
|tier|[Gen 8] National Dex AG
|rated|
|rule|HP Percentage Mod: HP is shown in percentages
|rule|Endless Battle Clause: Forcing endless battles is banned
|clearpoke
|poke|p1|Zacian-*|
|poke|p1|Kyogre|
|poke|p1|Rayquaza|
|poke|p1|Marshadow|
|poke|p1|Ditto|
|poke|p1|Arceus-*|
|poke|p2|Aerodactyl, F|
|poke|p2|Kyogre|
|poke|p2|Kyogre|
|poke|p2|Kyogre|
|poke|p2|Kyogre|
|poke|p2|Kyogre|
|teampreview
|inactive|Battle timer is ON: inactive players will automatically lose when time's up. (requested by MasterEarl)
|c|☆MasterEarl|Hf :)
|
|t:|1667275805
|start
|switch|p1a: Zacian|Zacian-Crowned|100/100
|switch|p2a: Aerodactyl|Aerodactyl, F|100/100
|-ability|p1a: Zacian|Intrepid Sword|boost
|-boost|p1a: Zacian|atk|1
|turn|1
|
|t:|1667275814
|move|p1a: Zacian|Substitute|p1a: Zacian
|-start|p1a: Zacian|Substitute
|-damage|p1a: Zacian|76/100
|move|p2a: Aerodactyl|Tailwind|p2a: Aerodactyl
|-sidestart|p2: MasterEarl|move: Tailwind
|
|upkeep
|turn|2
|
|t:|1667275825
|move|p2a: Aerodactyl|Stealth Rock|p1a: Zacian
|-sidestart|p1: moyv123|move: Stealth Rock
|move|p1a: Zacian|Behemoth Blade|p2a: Aerodactyl
|-supereffective|p2a: Aerodactyl
|-enditem|p2a: Aerodactyl|Focus Sash
|-damage|p2a: Aerodactyl|1/100
|
|upkeep
|turn|3
|
|t:|1667275833
|move|p2a: Aerodactyl|Dual Wingbeat|p1a: Zacian
|-resisted|p1a: Zacian
|-activate|p1a: Zacian|move: Substitute|[damage]
|-resisted|p1a: Zacian
|-activate|p1a: Zacian|move: Substitute|[damage]
|-hitcount|p1a: Zacian|2
|move|p1a: Zacian|Behemoth Blade|p2a: Aerodactyl
|-supereffective|p2a: Aerodactyl
|-damage|p2a: Aerodactyl|0 fnt
|faint|p2a: Aerodactyl
|
|upkeep
|
|t:|1667275857
|switch|p2a: Kyogre|Kyogre|100/100
|-weather|RainDance|[from] ability: Drizzle|[of] p2a: Kyogre
|turn|4
|
|t:|1667275862
|move|p2a: Kyogre|Thunder|p1a: Zacian
|-end|p1a: Zacian|Substitute
|move|p1a: Zacian|Wild Charge|p2a: Kyogre
|-supereffective|p2a: Kyogre
|-damage|p2a: Kyogre|0 fnt
|faint|p2a: Kyogre
|-damage|p1a: Zacian|49/100|[from] Recoil
|
|-weather|RainDance|[upkeep]
|-sideend|p2: MasterEarl|move: Tailwind
|upkeep
|
|t:|1667275872
|switch|p2a: Kyogre|Kyogre|100/100
|turn|5
|
|t:|1667275884
|switch|p1a: Kyogre|Kyogre|100/100
|-damage|p1a: Kyogre|88/100|[from] Stealth Rock
|detailschange|p1a: Kyogre|Kyogre-Primal
|-primal|p1a: Kyogre
|-weather|PrimordialSea|[from] ability: Primordial Sea|[of] p1a: Kyogre
|move|p2a: Kyogre|Water Spout|p1a: Kyogre
|-resisted|p1a: Kyogre
|-damage|p1a: Kyogre|47/100
|
|-weather|PrimordialSea|[upkeep]
|upkeep
|turn|6
|
|t:|1667275902
|switch|p2a: Kyogre|Kyogre|100/100
|-ability|p2a: Kyogre|Drizzle|[from] primordialsea|[fail]
|move|p1a: Kyogre|Scald|p2a: Kyogre
|-resisted|p2a: Kyogre
|-damage|p2a: Kyogre|74/100
|
|-weather|PrimordialSea|[upkeep]
|upkeep
|turn|7
|
|t:|1667275912
|move|p1a: Kyogre|Calm Mind|p1a: Kyogre
|-boost|p1a: Kyogre|spa|1
|-boost|p1a: Kyogre|spd|1
|move|p2a: Kyogre|Thunder|p1a: Kyogre
|-supereffective|p1a: Kyogre
|-damage|p1a: Kyogre|0 fnt
|faint|p1a: Kyogre
|-weather|none
|
|upkeep
|
|t:|1667275923
|switch|p1a: Ditto|Ditto|100/100
|-damage|p1a: Ditto|88/100|[from] Stealth Rock
|-transform|p1a: Ditto|p2a: Kyogre|[from] ability: Imposter
|-weather|RainDance|[from] ability: Drizzle|[of] p1a: Ditto
|turn|8
|
|t:|1667275933
|move|p1a: Ditto|Thunder|p2a: Kyogre
|-supereffective|p2a: Kyogre
|-damage|p2a: Kyogre|8/100
|move|p2a: Kyogre|Thunder|p1a: Ditto
|-supereffective|p1a: Ditto
|-damage|p1a: Ditto|0 fnt
|faint|p1a: Ditto
|
|-weather|RainDance|[upkeep]
|upkeep
|
|t:|1667275948
|switch|p1a: Arceus|Arceus-Electric|100/100
|-damage|p1a: Arceus|88/100|[from] Stealth Rock
|turn|9
|
|t:|1667275960
|move|p1a: Arceus|Stealth Rock|p2a: Kyogre
|-sidestart|p2: MasterEarl|move: Stealth Rock
|move|p2a: Kyogre|Thunder|p1a: Arceus
|-resisted|p1a: Arceus
|-damage|p1a: Arceus|64/100
|
|-weather|RainDance|[upkeep]
|upkeep
|turn|10
|
|t:|1667275968
|move|p1a: Arceus|Judgment|p2a: Kyogre
|-supereffective|p2a: Kyogre
|-crit|p2a: Kyogre
|-damage|p2a: Kyogre|0 fnt
|faint|p2a: Kyogre
|
|-weather|RainDance|[upkeep]
|upkeep
|
|t:|1667275974
|switch|p2a: Kyogre|Kyogre|100/100
|-damage|p2a: Kyogre|88/100|[from] Stealth Rock
|turn|11
|
|t:|1667275988
|-start|p1a: Arceus|Dynamax|
|-heal|p1a: Arceus|64/100|[silent]
|move|p2a: Kyogre|Water Spout|p1a: Arceus
|-damage|p1a: Arceus|18/100
|move|p1a: Arceus|Max Lightning|p2a: Kyogre
|-supereffective|p2a: Kyogre
|-damage|p2a: Kyogre|0 fnt
|-fieldstart|move: Electric Terrain
|faint|p2a: Kyogre
|
|-weather|RainDance|[upkeep]
|upkeep
|
|t:|1667275996
|switch|p2a: Kyogre|Kyogre|100/100
|-damage|p2a: Kyogre|88/100|[from] Stealth Rock
|turn|12
|
|t:|1667276005
|-start|p2a: Kyogre|Dynamax|
|-heal|p2a: Kyogre|88/100|[silent]
|move|p1a: Arceus|Max Lightning|p2a: Kyogre
|-supereffective|p2a: Kyogre
|-damage|p2a: Kyogre|13/100
|move|p2a: Kyogre|Max Geyser|p1a: Arceus
|-damage|p1a: Arceus|0 fnt
|faint|p1a: Arceus
|
|-weather|none
|upkeep
|
|t:|1667276025
|switch|p1a: Zacian|Zacian-Crowned|49/100
|-damage|p1a: Zacian|43/100|[from] Stealth Rock
|-ability|p1a: Zacian|Intrepid Sword|boost
|-boost|p1a: Zacian|atk|1
|turn|13
|
|t:|1667276031
|move|p1a: Zacian|Behemoth Blade|p2a: Kyogre
|-resisted|p2a: Kyogre
|-damage|p2a: Kyogre|0 fnt
|faint|p2a: Kyogre
|
|upkeep
|
|t:|1667276037
|switch|p2a: Kyogre|Kyogre|100/100
|-damage|p2a: Kyogre|88/100|[from] Stealth Rock
|-weather|RainDance|[from] ability: Drizzle|[of] p2a: Kyogre
|turn|14
|
|t:|1667276054
|move|p2a: Kyogre|Origin Pulse|p1a: Zacian|[miss]
|-miss|p2a: Kyogre|p1a: Zacian
|move|p1a: Zacian|Wild Charge|p2a: Kyogre
|-supereffective|p2a: Kyogre
|-damage|p2a: Kyogre|0 fnt
|faint|p2a: Kyogre
|-damage|p1a: Zacian|20/100|[from] Recoil
|
|win|moyv123
|raw|moyv123's rating: 1758 &rarr; <strong>1772</strong><br />(+14 for winning)
|raw|MasterEarl's rating: 1654 &rarr; <strong>1640</strong><br />(-14 for losing)
|l|☆MasterEarl
