|j|‽AGLTDLC a D f
|j|☆Jayki11
|player|p1|AGLTDLC a D f|picnicker|1639
|player|p2|Jayki11|red|1628
|teamsize|p1|6
|teamsize|p2|6
|gametype|singles
|gen|8
|tier|[Gen 8] National Dex AG
|rated|
|clearpoke
|poke|p1|Sableye, M|
|poke|p1|Chansey, F|
|poke|p1|Yveltal|
|poke|p1|Necrozma-Dusk-Mane|
|poke|p1|Diancie|
|poke|p1|Arceus-*|
|poke|p2|Yveltal|
|poke|p2|Groudon|
|poke|p2|Ho-Oh|
|poke|p2|Rayquaza|
|poke|p2|Zacian-Crowned|
|poke|p2|Necrozma-Dusk-Mane|
|rule|HP Percentage Mod: HP is shown in percentages
|rule|Endless Battle Clause: Forcing endless battles is banned
|teampreview
|inactive|Battle timer is ON: inactive players will automatically lose when time's up. (requested by AGLTDLC a D f)
|
|start
|switch|p1a: Sableye|Sableye, M|100/100
|switch|p2a: Groudon|Groudon|100/100
|detailschange|p2a: Groudon|Groudon-Primal
|-primal|p2a: Groudon
|-weather|DesolateLand|[from] ability: Desolate Land|[of] p2a: Groudon
|turn|1
|
|detailschange|p1a: Sableye|Sableye-Mega, M
|-mega|p1a: Sableye|Sableye|Sablenite
|move|p1a: Sableye|Fake Out|p2a: Groudon
|-damage|p2a: Groudon|96/100
|cant|p2a: Groudon|flinch
|
|-weather|DesolateLand|[upkeep]
|upkeep
|turn|2
|
|switch|p1a: Arceus|Arceus-Ground|100/100
|move|p2a: Groudon|Precipice Blades|p1a: Arceus
|-damage|p1a: Arceus|65/100
|
|-weather|DesolateLand|[upkeep]
|upkeep
|turn|3
|
|move|p1a: Arceus|Recover|p1a: Arceus
|-heal|p1a: Arceus|100/100
|move|p2a: Groudon|Toxic|p1a: Arceus
|-status|p1a: Arceus|tox
|
|-weather|DesolateLand|[upkeep]
|-damage|p1a: Arceus|94/100 tox|[from] psn
|upkeep
|turn|4
|l|☆Jayki11
|inactive|Jayki11 disconnected and has a minute to reconnect!
|player|p2|
|j|☆Jayki11
|inactive|Jayki11 reconnected and has 105 seconds left.
|player|p2|Jayki11|red
|
|-weather|none
|switch|p2a: Yveltal|Yveltal|100/100
|-ability|p2a: Yveltal|Dark Aura
|move|p1a: Arceus|Judgment|p2a: Yveltal
|-immune|p2a: Yveltal
|
|-damage|p1a: Arceus|82/100 tox|[from] psn
|upkeep
|turn|5
|
|switch|p1a: Diancie|Diancie|100/100
|move|p2a: Yveltal|Dark Pulse|p1a: Diancie
|-resisted|p1a: Diancie
|-damage|p1a: Diancie|77/100
|-damage|p2a: Yveltal|91/100|[from] item: Life Orb
|
|-heal|p1a: Diancie|84/100|[from] item: Leftovers
|upkeep
|turn|6
|
|switch|p2a: Necrozma|Necrozma-Dusk-Mane|100/100
|move|p1a: Diancie|Heal Bell|p1a: Diancie
|-activate|p1a: Diancie|move: Heal Bell
|-curestatus|p1: Arceus|tox|[msg]
|
|-heal|p1a: Diancie|90/100|[from] item: Leftovers
|upkeep
|turn|7
|
|switch|p1a: Sableye|Sableye-Mega, M|100/100
|move|p2a: Necrozma|Dragon Dance|p2a: Necrozma
|-boost|p2a: Necrozma|atk|1
|-boost|p2a: Necrozma|spe|1
|
|upkeep
|turn|8
|
|-start|p2a: Necrozma|Dynamax
|-heal|p2a: Necrozma|100/100|[silent]
|move|p2a: Necrozma|Max Rockfall|p1a: Sableye
|-damage|p1a: Sableye|47/100
|-weather|Sandstorm
|move|p1a: Sableye|Will-O-Wisp|p2a: Necrozma
|-status|p2a: Necrozma|brn
|
|-weather|Sandstorm|[upkeep]
|-damage|p1a: Sableye|41/100|[from] Sandstorm
|-damage|p2a: Necrozma|98/100 brn|[from] brn
|upkeep
|turn|9
|
|move|p2a: Necrozma|Max Steelspike|p1a: Sableye
|-damage|p1a: Sableye|3/100
|-boost|p2a: Necrozma|def|1
|move|p1a: Sableye|Recover|p1a: Sableye
|-heal|p1a: Sableye|53/100
|
|-weather|Sandstorm|[upkeep]
|-damage|p1a: Sableye|47/100|[from] Sandstorm
|-damage|p2a: Necrozma|95/100 brn|[from] brn
|upkeep
|turn|10
|
|move|p2a: Necrozma|Max Steelspike|p1a: Sableye
|-damage|p1a: Sableye|4/100
|-boost|p2a: Necrozma|def|1
|move|p1a: Sableye|Recover|p1a: Sableye
|-heal|p1a: Sableye|55/100
|
|-weather|Sandstorm|[upkeep]
|-damage|p1a: Sableye|49/100|[from] Sandstorm
|-damage|p2a: Necrozma|92/100 brn|[from] brn
|-end|p2a: Necrozma|Dynamax
|-heal|p2a: Necrozma|92/100 brn|[silent]
|upkeep
|turn|11
|
|move|p2a: Necrozma|Dragon Dance|p2a: Necrozma
|-boost|p2a: Necrozma|atk|1
|-boost|p2a: Necrozma|spe|1
|move|p1a: Sableye|Recover|p1a: Sableye
|-heal|p1a: Sableye|99/100
|
|-weather|Sandstorm|[upkeep]
|-damage|p1a: Sableye|93/100|[from] Sandstorm
|-damage|p2a: Necrozma|86/100 brn|[from] brn
|upkeep
|turn|12
|
|switch|p1a: Yveltal|Yveltal|100/100
|-ability|p1a: Yveltal|Dark Aura
|move|p2a: Necrozma|Dragon Dance|p2a: Necrozma
|-boost|p2a: Necrozma|atk|1
|-boost|p2a: Necrozma|spe|1
|
|-weather|none
|-damage|p2a: Necrozma|80/100 brn|[from] brn
|upkeep
|turn|13
|
|switch|p1a: Necrozma|Necrozma-Dusk-Mane|100/100
|move|p2a: Necrozma|Stone Edge|p1a: Necrozma
|-resisted|p1a: Necrozma
|-crit|p1a: Necrozma
|-damage|p1a: Necrozma|79/100
|
|-damage|p2a: Necrozma|74/100 brn|[from] brn
|upkeep
|turn|14
|inactive|Jayki11 has 120 seconds left.
|
|move|p2a: Necrozma|Earthquake|p1a: Necrozma
|-supereffective|p1a: Necrozma
|-damage|p1a: Necrozma|37/100
|move|p1a: Necrozma|Moonlight|p1a: Necrozma
|-heal|p1a: Necrozma|87/100
|
|-damage|p2a: Necrozma|68/100 brn|[from] brn
|upkeep
|turn|15
|c|☆Jayki11|...
|
|switch|p1a: Arceus|Arceus-Ground|82/100
|move|p2a: Necrozma|Dragon Dance|p2a: Necrozma
|-boost|p2a: Necrozma|atk|1
|-boost|p2a: Necrozma|spe|1
|
|-damage|p2a: Necrozma|62/100 brn|[from] brn
|upkeep
|turn|16
|c|☆Jayki11|its funny to play this kind of team ?
|
|move|p2a: Necrozma|Sunsteel Strike|p1a: Arceus
|-damage|p1a: Arceus|34/100
|move|p1a: Arceus|Recover|p1a: Arceus
|-heal|p1a: Arceus|84/100
|
|-damage|p2a: Necrozma|56/100 brn|[from] brn
|upkeep
|turn|17
|
|move|p2a: Necrozma|Earthquake|p1a: Arceus
|-damage|p1a: Arceus|56/100
|move|p1a: Arceus|Judgment|p2a: Necrozma
|-supereffective|p2a: Necrozma
|-damage|p2a: Necrozma|0 fnt
|faint|p2a: Necrozma
|
|upkeep
|
|switch|p2a: Rayquaza|Rayquaza|100/100
|-ability|p2a: Rayquaza|Air Lock
|turn|18
|
|detailschange|p2a: Rayquaza|Rayquaza-Mega
|-mega|p2a: Rayquaza|Rayquaza|
|-weather|DeltaStream|[from] ability: Delta Stream|[of] p2a: Rayquaza
|move|p2a: Rayquaza|Surf|p1a: Arceus
|-supereffective|p1a: Arceus
|-damage|p1a: Arceus|7/100
|move|p1a: Arceus|Ice Beam|p2a: Rayquaza
|-activate||deltastream
|-supereffective|p2a: Rayquaza
|-damage|p2a: Rayquaza|52/100
|
|-weather|DeltaStream|[upkeep]
|upkeep
|turn|19
|
|switch|p1a: Chansey|Chansey, F|100/100
|move|p2a: Rayquaza|Surf|p1a: Chansey
|-damage|p1a: Chansey|91/100
|
|-weather|DeltaStream|[upkeep]
|upkeep
|turn|20
|
|-weather|none
|switch|p2a: Zacian|Zacian-Crowned|100/100
|-ability|p2a: Zacian|Intrepid Sword|boost
|-boost|p2a: Zacian|atk|1
|move|p1a: Chansey|Seismic Toss|p2a: Zacian
|-damage|p2a: Zacian|70/100
|
|upkeep
|turn|21
|
|switch|p1a: Arceus|Arceus-Ground|7/100
|move|p2a: Zacian|Close Combat|p1a: Arceus
|-damage|p1a: Arceus|0 fnt
|-unboost|p2a: Zacian|def|1
|-unboost|p2a: Zacian|spd|1
|faint|p1a: Arceus
|
|upkeep
|
|switch|p1a: Necrozma|Necrozma-Dusk-Mane|87/100
|turn|22
|
|switch|p2a: Yveltal|Yveltal|91/100
|-ability|p2a: Yveltal|Dark Aura
|move|p1a: Necrozma|Moonlight|p1a: Necrozma
|-heal|p1a: Necrozma|100/100
|
|upkeep
|turn|23
|
|switch|p1a: Diancie|Diancie|90/100
|move|p2a: Yveltal|Dark Pulse|p1a: Diancie
|-resisted|p1a: Diancie
|-damage|p1a: Diancie|64/100
|-damage|p2a: Yveltal|81/100|[from] item: Life Orb
|
|-heal|p1a: Diancie|71/100|[from] item: Leftovers
|upkeep
|turn|24
|
|switch|p2a: Groudon|Groudon-Primal|96/100
|-weather|DesolateLand|[from] ability: Desolate Land|[of] p2a: Groudon
|move|p1a: Diancie|Stealth Rock|p2a: Groudon
|-sidestart|p2: Jayki11|move: Stealth Rock
|
|-weather|DesolateLand|[upkeep]
|-heal|p1a: Diancie|77/100|[from] item: Leftovers
|upkeep
|turn|25
|
|switch|p1a: Yveltal|Yveltal|100/100
|-ability|p1a: Yveltal|Dark Aura
|move|p2a: Groudon|Rock Tomb|p1a: Yveltal
|-supereffective|p1a: Yveltal
|-damage|p1a: Yveltal|74/100
|-unboost|p1a: Yveltal|spe|1
|
|-weather|DesolateLand|[upkeep]
|upkeep
|turn|26
|
|switch|p1a: Sableye|Sableye-Mega, M|93/100
|move|p2a: Groudon|Toxic|p1a: Sableye
|move|p1a: Sableye|Toxic|p2a: Groudon|[from]Magic Bounce|[miss]
|-miss|p1a: Sableye|p2a: Groudon
|
|-weather|DesolateLand|[upkeep]
|upkeep
|turn|27
|
|move|p2a: Groudon|Precipice Blades|p1a: Sableye
|-damage|p1a: Sableye|40/100
|move|p1a: Sableye|Recover|p1a: Sableye
|-heal|p1a: Sableye|91/100
|
|-weather|DesolateLand|[upkeep]
|upkeep
|turn|28
|
|move|p2a: Groudon|Precipice Blades|p1a: Sableye
|-damage|p1a: Sableye|44/100
|move|p1a: Sableye|Recover|p1a: Sableye
|-heal|p1a: Sableye|94/100
|
|-weather|DesolateLand|[upkeep]
|upkeep
|turn|29
|c|☆Jayki11|do u realize u are not a good player ?
|c|☆Jayki11|u just waiting pp stall
|
|switch|p1a: Yveltal|Yveltal|74/100
|-ability|p1a: Yveltal|Dark Aura
|move|p2a: Groudon|Rock Tomb|p1a: Yveltal
|-supereffective|p1a: Yveltal
|-damage|p1a: Yveltal|44/100
|-unboost|p1a: Yveltal|spe|1
|
|-weather|DesolateLand|[upkeep]
|upkeep
|turn|30
|
|move|p2a: Groudon|Rock Tomb|p1a: Yveltal
|-supereffective|p1a: Yveltal
|-damage|p1a: Yveltal|13/100
|-unboost|p1a: Yveltal|spe|1
|move|p1a: Yveltal|Roost|p1a: Yveltal
|-heal|p1a: Yveltal|64/100
|-singleturn|p1a: Yveltal|move: Roost
|
|-weather|DesolateLand|[upkeep]
|upkeep
|turn|31
|
|move|p2a: Groudon|Stealth Rock|p1a: Yveltal
|-sidestart|p1: AGLTDLC a D f|move: Stealth Rock
|move|p1a: Yveltal|Roost|p1a: Yveltal
|-heal|p1a: Yveltal|100/100
|-singleturn|p1a: Yveltal|move: Roost
|
|-weather|DesolateLand|[upkeep]
|upkeep
|turn|32
|
|move|p2a: Groudon|Toxic|p1a: Yveltal
|-status|p1a: Yveltal|tox
|move|p1a: Yveltal|Foul Play|p2a: Groudon
|-damage|p2a: Groudon|53/100
|
|-weather|DesolateLand|[upkeep]
|-damage|p1a: Yveltal|94/100 tox|[from] psn
|upkeep
|turn|33
|
|-weather|none
|switch|p2a: Ho-Oh|Ho-Oh|100/100
|move|p1a: Yveltal|Foul Play|p2a: Ho-Oh
|-damage|p2a: Ho-Oh|64/100
|
|-damage|p1a: Yveltal|82/100 tox|[from] psn
|upkeep
|turn|34
|
|move|p1a: Yveltal|Knock Off|p2a: Ho-Oh
|-damage|p2a: Ho-Oh|27/100
|-enditem|p2a: Ho-Oh|Heavy-Duty Boots|[from] move: Knock Off|[of] p1a: Yveltal
|move|p2a: Ho-Oh|Whirlwind|p1a: Yveltal
|drag|p1a: Chansey|Chansey, F|91/100
|-damage|p1a: Chansey|79/100|[from] Stealth Rock
|
|upkeep
|turn|35
|
|move|p1a: Chansey|Soft-Boiled|p1a: Chansey
|-heal|p1a: Chansey|100/100
|move|p2a: Ho-Oh|Whirlwind|p1a: Chansey
|drag|p1a: Diancie|Diancie|77/100
|-damage|p1a: Diancie|64/100|[from] Stealth Rock
|
|-heal|p1a: Diancie|71/100|[from] item: Leftovers
|upkeep
|turn|36
|
|move|p1a: Diancie|Heal Bell|p1a: Diancie
|-activate|p1a: Diancie|move: Heal Bell
|-curestatus|p1: Yveltal|tox|[msg]
|move|p2a: Ho-Oh|Whirlwind|p1a: Diancie
|drag|p1a: Chansey|Chansey, F|100/100
|-damage|p1a: Chansey|88/100|[from] Stealth Rock
|
|upkeep
|turn|37
|
|move|p1a: Chansey|Seismic Toss|p2a: Ho-Oh
|-damage|p2a: Ho-Oh|3/100
|move|p2a: Ho-Oh|Whirlwind|p1a: Chansey
|drag|p1a: Diancie|Diancie|71/100
|-damage|p1a: Diancie|58/100|[from] Stealth Rock
|
|-heal|p1a: Diancie|64/100|[from] item: Leftovers
|upkeep
|turn|38
|
|move|p2a: Ho-Oh|Defog|p1a: Diancie
|-fail|p1a: Diancie|unboost|[from] ability: Clear Body|[of] p1a: Diancie
|-sideend|p1: AGLTDLC a D f|Stealth Rock|[from] move: Defog|[of] p2a: Ho-Oh
|-sideend|p2: Jayki11|Stealth Rock|[from] move: Defog|[of] p2a: Ho-Oh
|move|p1a: Diancie|Power Gem|p2a: Ho-Oh
|-supereffective|p2a: Ho-Oh
|-damage|p2a: Ho-Oh|0 fnt
|faint|p2a: Ho-Oh
|
|-heal|p1a: Diancie|71/100|[from] item: Leftovers
|upkeep
|
|switch|p2a: Zacian|Zacian-Crowned|70/100
|-ability|p2a: Zacian|Intrepid Sword|boost
|-boost|p2a: Zacian|atk|1
|turn|39
|
|switch|p1a: Necrozma|Necrozma-Dusk-Mane|100/100
|move|p2a: Zacian|Behemoth Blade|p1a: Necrozma
|-resisted|p1a: Necrozma
|-damage|p1a: Necrozma|74/100
|-damage|p2a: Zacian|53/100|[from] item: Rocky Helmet|[of] p1a: Necrozma
|
|upkeep
|turn|40
|
|move|p2a: Zacian|Crunch|p1a: Necrozma
|-supereffective|p1a: Necrozma
|-damage|p1a: Necrozma|29/100
|-damage|p2a: Zacian|37/100|[from] item: Rocky Helmet|[of] p1a: Necrozma
|move|p1a: Necrozma|Moonlight|p1a: Necrozma
|-heal|p1a: Necrozma|79/100
|
|upkeep
|turn|41
|
|move|p2a: Zacian|Crunch|p1a: Necrozma
|-supereffective|p1a: Necrozma
|-damage|p1a: Necrozma|35/100
|-damage|p2a: Zacian|20/100|[from] item: Rocky Helmet|[of] p1a: Necrozma
|move|p1a: Necrozma|Moonlight|p1a: Necrozma
|-heal|p1a: Necrozma|85/100
|
|upkeep
|turn|42
|
|switch|p2a: Yveltal|Yveltal|81/100
|-ability|p2a: Yveltal|Dark Aura
|move|p1a: Necrozma|Moonlight|p1a: Necrozma
|-heal|p1a: Necrozma|100/100
|
|upkeep
|turn|43
|
|switch|p1a: Diancie|Diancie|71/100
|move|p2a: Yveltal|Dark Pulse|p1a: Diancie
|-resisted|p1a: Diancie
|-damage|p1a: Diancie|48/100
|-damage|p2a: Yveltal|71/100|[from] item: Life Orb
|
|-heal|p1a: Diancie|54/100|[from] item: Leftovers
|upkeep
|turn|44
|
|move|p2a: Yveltal|Oblivion Wing|p1a: Diancie
|-resisted|p1a: Diancie
|-damage|p1a: Diancie|35/100
|-heal|p2a: Yveltal|82/100|[from] drain|[of] p1a: Diancie
|-damage|p2a: Yveltal|72/100|[from] item: Life Orb
|move|p1a: Diancie|Power Gem|p2a: Yveltal
|-supereffective|p2a: Yveltal
|-damage|p2a: Yveltal|13/100
|
|-heal|p1a: Diancie|42/100|[from] item: Leftovers
|upkeep
|turn|45
|
|switch|p2a: Groudon|Groudon-Primal|53/100
|-weather|DesolateLand|[from] ability: Desolate Land|[of] p2a: Groudon
|move|p1a: Diancie|Stealth Rock|p2a: Groudon
|-sidestart|p2: Jayki11|move: Stealth Rock
|
|-weather|DesolateLand|[upkeep]
|-heal|p1a: Diancie|48/100|[from] item: Leftovers
|upkeep
|turn|46
|
|move|p2a: Groudon|Toxic|p1a: Diancie
|-status|p1a: Diancie|tox
|move|p1a: Diancie|Power Gem|p2a: Groudon
|-damage|p2a: Groudon|34/100
|
|-weather|DesolateLand|[upkeep]
|-heal|p1a: Diancie|54/100 tox|[from] item: Leftovers
|-damage|p1a: Diancie|48/100 tox|[from] psn
|upkeep
|turn|47
|
|move|p2a: Groudon|Toxic|p1a: Diancie
|-fail|p1a: Diancie|tox
|move|p1a: Diancie|Power Gem|p2a: Groudon
|-damage|p2a: Groudon|17/100
|
|-weather|DesolateLand|[upkeep]
|-heal|p1a: Diancie|54/100 tox|[from] item: Leftovers
|-damage|p1a: Diancie|42/100 tox|[from] psn
|upkeep
|turn|48
|
|move|p2a: Groudon|Precipice Blades|p1a: Diancie
|-supereffective|p1a: Diancie
|-damage|p1a: Diancie|0 fnt
|faint|p1a: Diancie
|
|-weather|DesolateLand|[upkeep]
|upkeep
|
|switch|p1a: Yveltal|Yveltal|82/100
|-ability|p1a: Yveltal|Dark Aura
|turn|49
|
|move|p1a: Yveltal|Foul Play|p2a: Groudon
|-damage|p2a: Groudon|0 fnt
|faint|p2a: Groudon
|-weather|none
|
|upkeep
|
|switch|p2a: Yveltal|Yveltal|13/100
|-damage|p2a: Yveltal|0 fnt|[from] Stealth Rock
|faint|p2a: Yveltal
|
|switch|p2a: Zacian|Zacian-Crowned|20/100
|-damage|p2a: Zacian|14/100|[from] Stealth Rock
|-ability|p2a: Zacian|Intrepid Sword|boost
|-boost|p2a: Zacian|atk|1
|turn|50
|
|switch|p1a: Necrozma|Necrozma-Dusk-Mane|100/100
|move|p2a: Zacian|Crunch|p1a: Necrozma
|-supereffective|p1a: Necrozma
|-damage|p1a: Necrozma|52/100
|-damage|p2a: Zacian|0 fnt|[from] item: Rocky Helmet|[of] p1a: Necrozma
|faint|p2a: Zacian
|
|upkeep
|
|switch|p2a: Rayquaza|Rayquaza-Mega|52/100
|-damage|p2a: Rayquaza|27/100|[from] Stealth Rock
|-weather|DeltaStream|[from] ability: Delta Stream|[of] p2a: Rayquaza
|turn|51
|c|☆Jayki11|gg petite pute
|
|move|p2a: Rayquaza|V-create|p1a: Necrozma
|-supereffective|p1a: Necrozma
|-damage|p1a: Necrozma|0 fnt
|-unboost|p2a: Rayquaza|spe|1
|-unboost|p2a: Rayquaza|def|1
|-unboost|p2a: Rayquaza|spd|1
|-damage|p2a: Rayquaza|11/100|[from] item: Rocky Helmet|[of] p1a: Necrozma
|faint|p1a: Necrozma
|
|-weather|DeltaStream|[upkeep]
|upkeep
|
|switch|p1a: Yveltal|Yveltal|82/100
|-ability|p1a: Yveltal|Dark Aura
|turn|52
|
|-start|p1a: Yveltal|Dynamax
|-heal|p1a: Yveltal|82/100|[silent]
|move|p2a: Rayquaza|V-create|p1a: Yveltal
|-damage|p1a: Yveltal|59/100
|-unboost|p2a: Rayquaza|spe|1
|-unboost|p2a: Rayquaza|def|1
|-unboost|p2a: Rayquaza|spd|1
|move|p1a: Yveltal|Max Darkness|p2a: Rayquaza
|-damage|p2a: Rayquaza|0 fnt
|faint|p2a: Rayquaza
|-weather|none
|
|win|AGLTDLC a D f
|j| Dr. Onioncrab
|l|☆Jayki11
||Ladder (probably) updated, but score could not be retrieved (Response not received).
