|j|☆Greninja kun 56
|j|☆IamHrrimann
|t:|1631896070
|gametype|singles
|player|p1|Greninja kun 56|red|
|player|p2|IamHrrimann|101|
|teamsize|p1|6
|teamsize|p2|6
|gen|8
|tier|[Gen 8] National Dex AG
|rule|HP Percentage Mod: HP is shown in percentages
|rule|Endless Battle Clause: Forcing endless battles is banned
|clearpoke
|poke|p1|Regieleki|
|poke|p1|Donphan, M|
|poke|p1|Garchomp, M|
|poke|p1|Zacian-*|
|poke|p1|Chansey, F|
|poke|p1|Xatu, M|
|poke|p2|Grimmsnarl, M|
|poke|p2|Toxapex, F|
|poke|p2|Lugia|
|poke|p2|Hawlucha, F|
|poke|p2|Hippowdon, M|
|poke|p2|Mewtwo|
|teampreview
|
|t:|1631896103
|start
|switch|p1a: Garchomp|Garchomp, M, shiny|100/100
|switch|p2a: Grimmsnarl|Grimmsnarl, M|100/100
|turn|1
|
|t:|1631896112
|switch|p1a: Donphan|Donphan, M|100/100
|move|p2a: Grimmsnarl|Reflect|p2a: Grimmsnarl
|-sidestart|p2: IamHrrimann|Reflect
|
|upkeep
|turn|2
|
|t:|1631896134
|move|p2a: Grimmsnarl|Light Screen|p2a: Grimmsnarl
|-sidestart|p2: IamHrrimann|move: Light Screen
|move|p1a: Donphan|Roar|p2a: Grimmsnarl
|drag|p2a: Lugia|Lugia, shiny|100/100
|-ability|p2a: Lugia|Pressure
|
|upkeep
|turn|3
|
|t:|1631896145
|move|p2a: Lugia|Calm Mind|p2a: Lugia
|-boost|p2a: Lugia|spa|1
|-boost|p2a: Lugia|spd|1
|move|p1a: Donphan|Knock Off|p2a: Lugia
|-supereffective|p2a: Lugia
|-damage|p2a: Lugia|86/100
|-enditem|p2a: Lugia|Leftovers|[from] move: Knock Off|[of] p1a: Donphan
|
|upkeep
|turn|4
|
|t:|1631896156
|move|p2a: Lugia|Aeroblast|p1a: Donphan
|-damage|p1a: Donphan|33/100
|move|p1a: Donphan|Roar|p2a: Lugia
|drag|p2a: Hippowdon|Hippowdon, M|100/100
|-weather|Sandstorm|[from] ability: Sand Stream|[of] p2a: Hippowdon
|
|-weather|Sandstorm|[upkeep]
|-heal|p1a: Donphan|39/100|[from] item: Leftovers
|upkeep
|turn|5
|
|t:|1631896175
|move|p1a: Donphan|Ice Shard|p2a: Hippowdon
|-supereffective|p2a: Hippowdon
|-damage|p2a: Hippowdon|94/100
|move|p2a: Hippowdon|Stealth Rock|p1a: Donphan
|-sidestart|p1: Greninja kun 56|move: Stealth Rock
|
|-weather|Sandstorm|[upkeep]
|-heal|p1a: Donphan|46/100|[from] item: Leftovers
|-heal|p2a: Hippowdon|99/100|[from] item: Leftovers
|upkeep
|turn|6
|
|t:|1631896187
|switch|p2a: Lugia|Lugia, shiny|86/100
|-ability|p2a: Lugia|Pressure
|move|p1a: Donphan|Roar|p2a: Lugia
|drag|p2a: Mewtwo|Mewtwo|100/100
|-ability|p2a: Mewtwo|Pressure
|
|-weather|Sandstorm|[upkeep]
|-damage|p2a: Mewtwo|94/100|[from] Sandstorm
|-heal|p1a: Donphan|52/100|[from] item: Leftovers
|upkeep
|turn|7
|
|t:|1631896203
|detailschange|p2a: Mewtwo|Mewtwo-Mega-X
|-mega|p2a: Mewtwo|Mewtwo|Mewtwonite X
|move|p2a: Mewtwo|Ice Punch|p1a: Donphan
|-supereffective|p1a: Donphan
|-damage|p1a: Donphan|0 fnt
|faint|p1a: Donphan
|
|-weather|Sandstorm|[upkeep]
|-damage|p2a: Mewtwo|88/100|[from] Sandstorm
|upkeep
|
|t:|1631896238
|switch|p1a: Chansey|Chansey, F|100/100
|-damage|p1a: Chansey|88/100|[from] Stealth Rock
|turn|8
|
|t:|1631896253
|switch|p2a: Grimmsnarl|Grimmsnarl, M|100/100
|move|p1a: Chansey|Soft-Boiled|p1a: Chansey
|-heal|p1a: Chansey|100/100
|
|-weather|none
|-sideend|p2: IamHrrimann|Reflect
|upkeep
|turn|9
|
|t:|1631896262
|move|p2a: Grimmsnarl|Reflect|p2a: Grimmsnarl
|-sidestart|p2: IamHrrimann|Reflect
|move|p1a: Chansey|Toxic|p2a: Grimmsnarl
|-status|p2a: Grimmsnarl|tox
|
|-damage|p2a: Grimmsnarl|94/100 tox|[from] psn
|-sideend|p2: IamHrrimann|move: Light Screen
|upkeep
|turn|10
|
|t:|1631896272
|move|p2a: Grimmsnarl|Light Screen|p2a: Grimmsnarl
|-sidestart|p2: IamHrrimann|move: Light Screen
|move|p1a: Chansey|Seismic Toss|p2a: Grimmsnarl
|-damage|p2a: Grimmsnarl|69/100 tox
|
|-damage|p2a: Grimmsnarl|57/100 tox|[from] psn
|upkeep
|turn|11
|
|t:|1631896280
|move|p2a: Grimmsnarl|Taunt|p1a: Chansey
|-start|p1a: Chansey|move: Taunt
|cant|p1a: Chansey|move: Taunt|Toxic
|
|-damage|p2a: Grimmsnarl|39/100 tox|[from] psn
|upkeep
|turn|12
|
|t:|1631896292
|switch|p1a: Xatu|Xatu, M|100/100
|-damage|p1a: Xatu|76/100|[from] Stealth Rock
|-start|p2a: Grimmsnarl|Dynamax
|-heal|p2a: Grimmsnarl|39/100 tox|[silent]
|move|p2a: Grimmsnarl|Max Starfall|p1a: Xatu
|-damage|p1a: Xatu|24/100
|-fieldstart|move: Misty Terrain
|
|-heal|p1a: Xatu|30/100|[from] item: Leftovers
|-damage|p2a: Grimmsnarl|26/100 tox|[from] psn
|upkeep
|turn|13
|
|t:|1631896307
|move|p1a: Xatu|Dazzling Gleam|p2a: Grimmsnarl
|-supereffective|p2a: Grimmsnarl
|-damage|p2a: Grimmsnarl|20/100 tox
|move|p2a: Grimmsnarl|Max Starfall|p1a: Xatu
|-damage|p1a: Xatu|0 fnt
|faint|p1a: Xatu
|
|-damage|p2a: Grimmsnarl|4/100 tox|[from] psn
|upkeep
|
|t:|1631896326
|switch|p1a: Zacian|Zacian-Crowned|100/100
|-damage|p1a: Zacian|94/100|[from] Stealth Rock
|-ability|p1a: Zacian|Intrepid Sword|boost
|-boost|p1a: Zacian|atk|1
|turn|14
|
|t:|1631896334
|move|p1a: Zacian|Behemoth Blade|p2a: Grimmsnarl
|-supereffective|p2a: Grimmsnarl
|-damage|p2a: Grimmsnarl|0 fnt
|faint|p2a: Grimmsnarl
|
|upkeep
|
|t:|1631896341
|switch|p2a: Hawlucha|Hawlucha, F|100/100
|-enditem|p2a: Hawlucha|Misty Seed
|-boost|p2a: Hawlucha|spd|1|[from] item: Misty Seed
|turn|15
|
|t:|1631896348
|move|p2a: Hawlucha|Substitute|p2a: Hawlucha
|-start|p2a: Hawlucha|Substitute
|-damage|p2a: Hawlucha|76/100
|move|p1a: Zacian|Wild Charge|p2a: Hawlucha
|-supereffective|p2a: Hawlucha
|-end|p2a: Hawlucha|Substitute
|-damage|p1a: Zacian|88/100|[from] Recoil|[of] p2a: Hawlucha
|
|upkeep
|turn|16
|
|t:|1631896362
|move|p2a: Hawlucha|Close Combat|p1a: Zacian
|-damage|p1a: Zacian|40/100
|-unboost|p2a: Hawlucha|def|1
|-unboost|p2a: Hawlucha|spd|1
|move|p1a: Zacian|Play Rough|p2a: Hawlucha
|-supereffective|p2a: Hawlucha
|-damage|p2a: Hawlucha|0 fnt
|faint|p2a: Hawlucha
|
|-sideend|p2: IamHrrimann|Reflect
|-fieldend|Misty Terrain
|upkeep
|
|t:|1631896380
|switch|p2a: Hippowdon|Hippowdon, M|99/100
|-weather|Sandstorm|[from] ability: Sand Stream|[of] p2a: Hippowdon
|turn|17
|
|t:|1631896388
|switch|p1a: Chansey|Chansey, F|100/100
|-damage|p1a: Chansey|88/100|[from] Stealth Rock
|move|p2a: Hippowdon|Earthquake|p1a: Chansey
|-damage|p1a: Chansey|65/100
|
|-weather|Sandstorm|[upkeep]
|-damage|p1a: Chansey|59/100|[from] Sandstorm
|-heal|p2a: Hippowdon|100/100|[from] item: Leftovers
|-sideend|p2: IamHrrimann|move: Light Screen
|upkeep
|turn|18
|
|t:|1631896404
|move|p1a: Chansey|Soft-Boiled|p1a: Chansey
|-heal|p1a: Chansey|100/100
|move|p2a: Hippowdon|Toxic|p1a: Chansey
|-status|p1a: Chansey|tox
|
|-weather|Sandstorm|[upkeep]
|-damage|p1a: Chansey|94/100 tox|[from] Sandstorm
|-damage|p1a: Chansey|88/100 tox|[from] psn
|upkeep
|turn|19
|
|t:|1631896415
|switch|p2a: Toxapex|Toxapex, F|100/100
|move|p1a: Chansey|Aromatherapy|p1a: Chansey
|-activate|p1a: Chansey|move: Aromatherapy
|-curestatus|p1a: Chansey|tox|[msg]
|
|-weather|Sandstorm|[upkeep]
|-damage|p1a: Chansey|82/100|[from] Sandstorm
|-damage|p2a: Toxapex|94/100|[from] Sandstorm
|-heal|p2a: Toxapex|100/100|[from] item: Black Sludge
|upkeep
|turn|20
|
|t:|1631896437
|switch|p2a: Hippowdon|Hippowdon, M|100/100
|move|p1a: Chansey|Seismic Toss|p2a: Hippowdon
|-damage|p2a: Hippowdon|77/100
|
|-weather|Sandstorm|[upkeep]
|-damage|p1a: Chansey|76/100|[from] Sandstorm
|-heal|p2a: Hippowdon|83/100|[from] item: Leftovers
|upkeep
|turn|21
|
|t:|1631896450
|switch|p2a: Toxapex|Toxapex, F|100/100
|move|p1a: Chansey|Toxic|p2a: Toxapex
|-immune|p2a: Toxapex
|
|-weather|none
|upkeep
|turn|22
|
|t:|1631896460
|switch|p1a: Garchomp|Garchomp, M, shiny|100/100
|-damage|p1a: Garchomp|94/100|[from] Stealth Rock
|move|p2a: Toxapex|Scald|p1a: Garchomp
|-damage|p1a: Garchomp|76/100
|
|upkeep
|turn|23
|
|t:|1631896475
|move|p1a: Garchomp|Earthquake|p2a: Toxapex
|-supereffective|p2a: Toxapex
|-damage|p2a: Toxapex|13/100
|-damage|p1a: Garchomp|66/100|[from] item: Life Orb
|move|p2a: Toxapex|Haze|p2a: Toxapex
|-clearallboost
|
|-heal|p2a: Toxapex|20/100|[from] item: Black Sludge
|upkeep
|turn|24
|
|t:|1631896488
|switch|p2a: Lugia|Lugia, shiny|86/100
|-ability|p2a: Lugia|Pressure
|move|p1a: Garchomp|Rock Slide|p2a: Lugia
|-supereffective|p2a: Lugia
|-damage|p2a: Lugia|54/100
|-damage|p1a: Garchomp|56/100|[from] item: Life Orb
|
|upkeep
|turn|25
|
|t:|1631896499
|move|p1a: Garchomp|Dragon Claw|p2a: Lugia
|-damage|p2a: Lugia|25/100
|-damage|p1a: Garchomp|46/100|[from] item: Life Orb
|move|p2a: Lugia|Roost|p2a: Lugia
|-heal|p2a: Lugia|75/100
|-singleturn|p2a: Lugia|move: Roost
|
|upkeep
|turn|26
|
|t:|1631896513
|switch|p1a: Chansey|Chansey, F|76/100
|-damage|p1a: Chansey|64/100|[from] Stealth Rock
|move|p2a: Lugia|Calm Mind|p2a: Lugia
|-boost|p2a: Lugia|spa|1
|-boost|p2a: Lugia|spd|1
|
|upkeep
|turn|27
|
|t:|1631896523
|switch|p2a: Toxapex|Toxapex, F|53/100
|move|p1a: Chansey|Toxic|p2a: Toxapex
|-immune|p2a: Toxapex
|
|-heal|p2a: Toxapex|59/100|[from] item: Black Sludge
|upkeep
|turn|28
|
|t:|1631896538
|move|p1a: Chansey|Soft-Boiled|p1a: Chansey
|-heal|p1a: Chansey|100/100
|move|p2a: Toxapex|Scald|p1a: Chansey
|-damage|p1a: Chansey|95/100
|
|-heal|p2a: Toxapex|65/100|[from] item: Black Sludge
|upkeep
|turn|29
|
|t:|1631896562
|switch|p2a: Hippowdon|Hippowdon, M|83/100
|-weather|Sandstorm|[from] ability: Sand Stream|[of] p2a: Hippowdon
|move|p1a: Chansey|Seismic Toss|p2a: Hippowdon
|-damage|p2a: Hippowdon|59/100
|
|-weather|Sandstorm|[upkeep]
|-damage|p1a: Chansey|89/100|[from] Sandstorm
|-heal|p2a: Hippowdon|65/100|[from] item: Leftovers
|upkeep
|turn|30
|
|t:|1631896578
|switch|p2a: Toxapex|Toxapex, F|99/100
|move|p1a: Chansey|Seismic Toss|p2a: Toxapex
|-damage|p2a: Toxapex|66/100
|
|-weather|Sandstorm|[upkeep]
|-damage|p1a: Chansey|83/100|[from] Sandstorm
|-damage|p2a: Toxapex|59/100|[from] Sandstorm
|-heal|p2a: Toxapex|66/100|[from] item: Black Sludge
|upkeep
|turn|31
|
|t:|1631896591
|move|p1a: Chansey|Seismic Toss|p2a: Toxapex
|-damage|p2a: Toxapex|33/100
|move|p2a: Toxapex|Recover|p2a: Toxapex
|-heal|p2a: Toxapex|83/100
|
|-weather|Sandstorm|[upkeep]
|-damage|p1a: Chansey|77/100|[from] Sandstorm
|-damage|p2a: Toxapex|76/100|[from] Sandstorm
|-heal|p2a: Toxapex|83/100|[from] item: Black Sludge
|upkeep
|turn|32
|
|t:|1631896603
|switch|p1a: Zacian|Zacian-Crowned|40/100
|-damage|p1a: Zacian|34/100|[from] Stealth Rock
|-ability|p1a: Zacian|Intrepid Sword|boost
|-boost|p1a: Zacian|atk|1
|move|p2a: Toxapex|Baneful Bunker||[still]
|-fail|p2a: Toxapex
|
|-weather|Sandstorm|[upkeep]
|-damage|p2a: Toxapex|76/100|[from] Sandstorm
|-heal|p2a: Toxapex|83/100|[from] item: Black Sludge
|upkeep
|turn|33
|
|t:|1631896627
|move|p2a: Toxapex|Baneful Bunker|p2a: Toxapex
|-singleturn|p2a: Toxapex|move: Protect
|move|p1a: Zacian|Behemoth Blade|p2a: Toxapex
|-activate|p2a: Toxapex|move: Protect
|
|-weather|none
|-heal|p2a: Toxapex|89/100|[from] item: Black Sludge
|upkeep
|turn|34
|
|t:|1631896640
|move|p1a: Zacian|Behemoth Blade|p2a: Toxapex
|-resisted|p2a: Toxapex
|-damage|p2a: Toxapex|58/100
|move|p2a: Toxapex|Haze|p2a: Toxapex
|-clearallboost
|
|-heal|p2a: Toxapex|65/100|[from] item: Black Sludge
|upkeep
|turn|35
|
|t:|1631896651
|switch|p1a: Garchomp|Garchomp, M, shiny|46/100
|-damage|p1a: Garchomp|40/100|[from] Stealth Rock
|move|p2a: Toxapex|Recover|p2a: Toxapex
|-heal|p2a: Toxapex|100/100
|
|upkeep
|turn|36
|
|t:|1631896663
|move|p1a: Garchomp|Rock Slide|p2a: Toxapex
|-damage|p2a: Toxapex|79/100
|-damage|p1a: Garchomp|30/100|[from] item: Life Orb
|move|p2a: Toxapex|Scald|p1a: Garchomp
|-damage|p1a: Garchomp|11/100
|-status|p1a: Garchomp|brn
|
|-heal|p2a: Toxapex|86/100|[from] item: Black Sludge
|-damage|p1a: Garchomp|5/100 brn|[from] brn
|upkeep
|turn|37
|
|t:|1631896695
|move|p2a: Toxapex|Baneful Bunker|p2a: Toxapex
|-singleturn|p2a: Toxapex|move: Protect
|move|p1a: Garchomp|Earthquake|p2a: Toxapex
|-activate|p2a: Toxapex|move: Protect
|
|-heal|p2a: Toxapex|92/100|[from] item: Black Sludge
|-damage|p1a: Garchomp|0 fnt|[from] brn
|faint|p1a: Garchomp
|upkeep
|
|t:|1631896701
|switch|p1a: Zacian|Zacian-Crowned|34/100
|-damage|p1a: Zacian|28/100|[from] Stealth Rock
|-ability|p1a: Zacian|Intrepid Sword|boost
|-boost|p1a: Zacian|atk|1
|turn|38
|
|t:|1631896712
|move|p1a: Zacian|Wild Charge|p2a: Toxapex
|-supereffective|p2a: Toxapex
|-damage|p2a: Toxapex|20/100
|-damage|p1a: Zacian|11/100|[from] Recoil
|move|p2a: Toxapex|Scald|p1a: Zacian
|-damage|p1a: Zacian|0 fnt
|faint|p1a: Zacian
|
|-heal|p2a: Toxapex|26/100|[from] item: Black Sludge
|upkeep
|
|t:|1631896716
|switch|p1a: Regieleki|Regieleki|100/100
|-damage|p1a: Regieleki|88/100|[from] Stealth Rock
|turn|39
|
|t:|1631896734
|-start|p1a: Regieleki|Dynamax
|-heal|p1a: Regieleki|88/100|[silent]
|move|p1a: Regieleki|Max Rockfall|p2a: Toxapex
|-damage|p2a: Toxapex|0 fnt
|-weather|Sandstorm
|faint|p2a: Toxapex
|
|-weather|Sandstorm|[upkeep]
|-damage|p1a: Regieleki|85/100|[from] Sandstorm
|upkeep
|
|t:|1631896749
|switch|p2a: Hippowdon|Hippowdon, M|65/100
|turn|40
|
|t:|1631896755
|move|p1a: Regieleki|Max Rockfall|p2a: Hippowdon
|-resisted|p2a: Hippowdon
|-damage|p2a: Hippowdon|47/100
|move|p2a: Hippowdon|Earthquake|p1a: Regieleki
|-supereffective|p1a: Regieleki
|-damage|p1a: Regieleki|11/100
|
|-weather|Sandstorm|[upkeep]
|-damage|p1a: Regieleki|8/100|[from] Sandstorm
|-heal|p2a: Hippowdon|53/100|[from] item: Leftovers
|upkeep
|turn|41
|
|t:|1631896769
|-end|p1a: Regieleki|Dynamax
|-heal|p1a: Regieleki|8/100|[silent]
|switch|p1a: Chansey|Chansey, F|77/100
|-damage|p1a: Chansey|65/100|[from] Stealth Rock
|move|p2a: Hippowdon|Earthquake|p1a: Chansey
|-damage|p1a: Chansey|42/100
|
|-weather|Sandstorm|[upkeep]
|-damage|p1a: Chansey|36/100|[from] Sandstorm
|-heal|p2a: Hippowdon|59/100|[from] item: Leftovers
|upkeep
|turn|42
|
|t:|1631896783
|move|p1a: Chansey|Soft-Boiled|p1a: Chansey
|-heal|p1a: Chansey|86/100
|move|p2a: Hippowdon|Toxic|p1a: Chansey
|-status|p1a: Chansey|tox
|
|-weather|Sandstorm|[upkeep]
|-damage|p1a: Chansey|80/100 tox|[from] Sandstorm
|-heal|p2a: Hippowdon|65/100|[from] item: Leftovers
|-damage|p1a: Chansey|74/100 tox|[from] psn
|upkeep
|turn|43
|
|t:|1631896796
|move|p1a: Chansey|Soft-Boiled|p1a: Chansey
|-heal|p1a: Chansey|100/100 tox
|move|p2a: Hippowdon|Toxic|p1a: Chansey
|-fail|p1a: Chansey|tox
|
|-weather|none
|-heal|p2a: Hippowdon|71/100|[from] item: Leftovers
|-damage|p1a: Chansey|88/100 tox|[from] psn
|upkeep
|turn|44
|
|t:|1631896809
|move|p1a: Chansey|Aromatherapy|p1a: Chansey
|-activate|p1a: Chansey|move: Aromatherapy
|-curestatus|p1a: Chansey|tox|[msg]
|move|p2a: Hippowdon|Earthquake|p1a: Chansey
|-damage|p1a: Chansey|63/100
|
|-heal|p2a: Hippowdon|78/100|[from] item: Leftovers
|upkeep
|turn|45
|
|t:|1631896822
|move|p1a: Chansey|Toxic|p2a: Hippowdon
|-status|p2a: Hippowdon|tox
|move|p2a: Hippowdon|Toxic|p1a: Chansey
|-status|p1a: Chansey|tox
|
|-heal|p2a: Hippowdon|84/100 tox|[from] item: Leftovers
|-damage|p1a: Chansey|56/100 tox|[from] psn
|-damage|p2a: Hippowdon|78/100 tox|[from] psn
|upkeep
|turn|46
|
|t:|1631896832
|switch|p2a: Mewtwo|Mewtwo-Mega-X|88/100
|move|p1a: Chansey|Aromatherapy|p1a: Chansey
|-activate|p1a: Chansey|move: Aromatherapy
|-curestatus|p1a: Chansey|tox|[msg]
|
|upkeep
|turn|47
|
|t:|1631896841
|move|p2a: Mewtwo|Drain Punch|p1a: Chansey
|-supereffective|p1a: Chansey
|-damage|p1a: Chansey|0 fnt
|-heal|p2a: Mewtwo|100/100|[from] drain|[of] p1a: Chansey
|faint|p1a: Chansey
|
|upkeep
|
|t:|1631896843
|switch|p1a: Regieleki|Regieleki|8/100
|-damage|p1a: Regieleki|0 fnt|[from] Stealth Rock
|faint|p1a: Regieleki
|
|win|IamHrrimann
|c|☆Greninja kun 56|Gg
|c|☆IamHrrimann|Gg
