|j|☆shisky
|j|☆LudiZaboodi
|t:|1667857572
|gametype|singles
|player|p1|shisky|2|1610
|player|p2|LudiZaboodi|266|1580
|teamsize|p1|6
|teamsize|p2|6
|gen|8
|tier|[Gen 8] National Dex AG
|rated|
|rule|HP Percentage Mod: HP is shown in percentages
|rule|Endless Battle Clause: Forcing endless battles is banned
|clearpoke
|poke|p1|Calyrex-Shadow|
|poke|p1|Zacian-*|
|poke|p1|Kyogre|
|poke|p1|Yveltal|
|poke|p1|Necrozma-Dusk-Mane|
|poke|p1|Ditto|
|poke|p2|Smeargle, M|
|poke|p2|Calyrex-Shadow|
|poke|p2|Xerneas-*|
|poke|p2|Yveltal|
|poke|p2|Rayquaza|
|poke|p2|Arceus-*|
|teampreview
|inactive|Battle timer is ON: inactive players will automatically lose when time's up. (requested by shisky)
|
|t:|1667857580
|start
|switch|p1a: Calyrex|Calyrex-Shadow|100/100
|switch|p2a: Smeargle|Smeargle, M, shiny|100/100
|-ability|p1a: Calyrex|As One
|-ability|p1a: Calyrex|Unnerve
|turn|1
|
|t:|1667857589
|move|p1a: Calyrex|Substitute|p1a: Calyrex
|-start|p1a: Calyrex|Substitute
|-damage|p1a: Calyrex|76/100
|move|p2a: Smeargle|Spore||[still]
|-fail|p2a: Smeargle
|
|-heal|p1a: Calyrex|82/100|[from] item: Leftovers
|-ability|p2a: Smeargle|Moody|boost
|-boost|p2a: Smeargle|spe|2
|-unboost|p2a: Smeargle|atk|1
|upkeep
|turn|2
|
|t:|1667857607
|switch|p2a: Arceus|Arceus|100/100
|move|p1a: Calyrex|Leech Seed|p2a: Arceus|[miss]
|-miss|p1a: Calyrex|p2a: Arceus
|
|-heal|p1a: Calyrex|88/100|[from] item: Leftovers
|upkeep
|turn|3
|
|t:|1667857616
|-start|p2a: Arceus|Dynamax|
|-heal|p2a: Arceus|100/100|[silent]
|move|p1a: Calyrex|Leech Seed|p2a: Arceus
|-start|p2a: Arceus|move: Leech Seed
|move|p2a: Arceus|Max Quake|p1a: Calyrex
|-end|p1a: Calyrex|Substitute
|-boost|p2a: Arceus|spd|1
|
|-heal|p1a: Calyrex|94/100|[from] item: Leftovers
|-damage|p2a: Arceus|94/100|[from] Leech Seed|[of] p1a: Calyrex
|-heal|p1a: Calyrex|100/100|[silent]
|upkeep
|turn|4
|
|t:|1667857629
|move|p1a: Calyrex|Substitute|p1a: Calyrex
|-start|p1a: Calyrex|Substitute
|-damage|p1a: Calyrex|76/100
|move|p2a: Arceus|Max Quake|p1a: Calyrex
|-end|p1a: Calyrex|Substitute
|-boost|p2a: Arceus|spd|1
|
|-heal|p1a: Calyrex|82/100|[from] item: Leftovers
|-heal|p2a: Arceus|97/100|[from] item: Leftovers
|-damage|p2a: Arceus|91/100|[from] Leech Seed|[of] p1a: Calyrex
|-heal|p1a: Calyrex|98/100|[silent]
|upkeep
|turn|5
|
|t:|1667857641
|move|p1a: Calyrex|Substitute|p1a: Calyrex
|-start|p1a: Calyrex|Substitute
|-damage|p1a: Calyrex|73/100
|move|p2a: Arceus|Max Quake|p1a: Calyrex
|-end|p1a: Calyrex|Substitute
|-boost|p2a: Arceus|spd|1
|
|-heal|p1a: Calyrex|79/100|[from] item: Leftovers
|-heal|p2a: Arceus|94/100|[from] item: Leftovers
|-damage|p2a: Arceus|88/100|[from] Leech Seed|[of] p1a: Calyrex
|-heal|p1a: Calyrex|95/100|[silent]
|upkeep
|-end|p2a: Arceus|Dynamax
|-heal|p2a: Arceus|88/100|[silent]
|turn|6
|
|t:|1667857663
|switch|p2a: Yveltal|Yveltal|100/100
|-ability|p2a: Yveltal|Dark Aura
|move|p1a: Calyrex|Substitute|p1a: Calyrex
|-start|p1a: Calyrex|Substitute
|-damage|p1a: Calyrex|70/100
|
|-heal|p1a: Calyrex|76/100|[from] item: Leftovers
|upkeep
|turn|7
|
|t:|1667857674
|move|p1a: Calyrex|Leech Seed|p2a: Yveltal
|-start|p2a: Yveltal|move: Leech Seed
|move|p2a: Yveltal|Taunt|p1a: Calyrex
|-start|p1a: Calyrex|move: Taunt
|
|-heal|p1a: Calyrex|83/100|[from] item: Leftovers
|-damage|p2a: Yveltal|88/100|[from] Leech Seed|[of] p1a: Calyrex
|-heal|p1a: Calyrex|97/100|[silent]
|upkeep
|turn|8
|
|t:|1667857683
|move|p1a: Calyrex|Draining Kiss|p2a: Yveltal
|-supereffective|p2a: Yveltal
|-damage|p2a: Yveltal|52/100
|-heal|p1a: Calyrex|100/100|[from] drain|[of] p2a: Yveltal
|move|p2a: Yveltal|Dark Pulse|p1a: Calyrex
|-supereffective|p1a: Calyrex
|-end|p1a: Calyrex|Substitute
|-damage|p2a: Yveltal|42/100|[from] item: Life Orb
|
|-damage|p2a: Yveltal|30/100|[from] Leech Seed|[of] p1a: Calyrex
|upkeep
|turn|9
|
|t:|1667857703
|switch|p1a: Zacian|Zacian-Crowned|100/100
|-ability|p1a: Zacian|Intrepid Sword|boost
|-boost|p1a: Zacian|atk|1
|switch|p2a: Calyrex|Calyrex-Shadow|100/100
|-ability|p2a: Calyrex|As One
|-ability|p2a: Calyrex|Unnerve
|
|upkeep
|turn|10
|
|t:|1667857715
|switch|p2a: Yveltal|Yveltal|30/100
|-ability|p2a: Yveltal|Dark Aura
|move|p1a: Zacian|Behemoth Blade|p2a: Yveltal
|-damage|p2a: Yveltal|0 fnt
|faint|p2a: Yveltal
|
|upkeep
|
|t:|1667857719
|switch|p2a: Smeargle|Smeargle, M, shiny|100/100
|turn|11
|
|t:|1667857726
|move|p1a: Zacian|Substitute|p1a: Zacian
|-start|p1a: Zacian|Substitute
|-damage|p1a: Zacian|76/100
|move|p2a: Smeargle|Spore||[still]
|-fail|p2a: Smeargle
|
|-ability|p2a: Smeargle|Moody|boost
|-boost|p2a: Smeargle|def|2
|-unboost|p2a: Smeargle|atk|1
|upkeep
|turn|12
|
|t:|1667857746
|move|p1a: Zacian|Behemoth Blade|p2a: Smeargle
|-enditem|p2a: Smeargle|Focus Sash
|-damage|p2a: Smeargle|1/100
|move|p2a: Smeargle|Shell Smash|p2a: Smeargle
|-unboost|p2a: Smeargle|def|1
|-unboost|p2a: Smeargle|spd|1
|-boost|p2a: Smeargle|atk|2
|-boost|p2a: Smeargle|spa|2
|-boost|p2a: Smeargle|spe|2
|
|-ability|p2a: Smeargle|Moody|boost
|-boost|p2a: Smeargle|spe|2
|-unboost|p2a: Smeargle|atk|1
|upkeep
|turn|13
|
|t:|1667857760
|move|p2a: Smeargle|Baton Pass|p2a: Smeargle
|
|t:|1667857784
|switch|p2a: Calyrex|Calyrex-Shadow|100/100|[from]move: Baton Pass
|-ability|p2a: Calyrex|As One
|-ability|p2a: Calyrex|Unnerve
|move|p1a: Zacian|Behemoth Blade|p2a: Calyrex
|-damage|p2a: Calyrex|18/100
|
|upkeep
|turn|14
|
|t:|1667857796
|move|p2a: Calyrex|Astral Barrage|p1a: Zacian
|-end|p1a: Zacian|Substitute
|move|p1a: Zacian|Behemoth Blade|p2a: Calyrex
|-damage|p2a: Calyrex|0 fnt
|faint|p2a: Calyrex
|
|upkeep
|
|t:|1667857799
|switch|p2a: Rayquaza|Rayquaza|100/100
|-ability|p2a: Rayquaza|Air Lock
|turn|15
|
|t:|1667857809
|detailschange|p2a: Rayquaza|Rayquaza-Mega
|-mega|p2a: Rayquaza|Rayquaza|
|-weather|DeltaStream|[from] ability: Delta Stream|[of] p2a: Rayquaza
|move|p1a: Zacian|Behemoth Blade|p2a: Rayquaza
|-damage|p2a: Rayquaza|2/100
|move|p2a: Rayquaza|Earthquake|p1a: Zacian
|-supereffective|p1a: Zacian
|-crit|p1a: Zacian
|-damage|p1a: Zacian|0 fnt
|faint|p1a: Zacian
|
|-weather|DeltaStream|[upkeep]
|upkeep
|
|t:|1667857820
|switch|p1a: Calyrex|Calyrex-Shadow|100/100
|-ability|p1a: Calyrex|As One
|-ability|p1a: Calyrex|Unnerve
|turn|16
|
|t:|1667857831
|move|p1a: Calyrex|Substitute|p1a: Calyrex
|-start|p1a: Calyrex|Substitute
|-damage|p1a: Calyrex|76/100
|move|p2a: Rayquaza|Dragon Ascent|p1a: Calyrex
|-end|p1a: Calyrex|Substitute
|-unboost|p2a: Rayquaza|def|1
|-unboost|p2a: Rayquaza|spd|1
|
|-weather|DeltaStream|[upkeep]
|-heal|p1a: Calyrex|82/100|[from] item: Leftovers
|upkeep
|turn|17
|
|t:|1667857844
|move|p1a: Calyrex|Draining Kiss|p2a: Rayquaza
|-supereffective|p2a: Rayquaza
|-damage|p2a: Rayquaza|0 fnt
|-heal|p1a: Calyrex|83/100|[from] drain|[of] p2a: Rayquaza
|faint|p2a: Rayquaza
|-weather|none
|-ability|p1a: Calyrex|Grim Neigh|boost
|-boost|p1a: Calyrex|spa|1
|
|-heal|p1a: Calyrex|89/100|[from] item: Leftovers
|upkeep
|
|t:|1667857852
|switch|p2a: Arceus|Arceus|88/100
|turn|18
|
|t:|1667857856
|move|p1a: Calyrex|Substitute|p1a: Calyrex
|-start|p1a: Calyrex|Substitute
|-damage|p1a: Calyrex|64/100
|move|p2a: Arceus|Earthquake|p1a: Calyrex
|-end|p1a: Calyrex|Substitute
|
|-heal|p1a: Calyrex|70/100|[from] item: Leftovers
|-heal|p2a: Arceus|94/100|[from] item: Leftovers
|upkeep
|turn|19
|
|t:|1667857874
|switch|p2a: Xerneas|Xerneas|100/100
|-ability|p2a: Xerneas|Fairy Aura
|move|p1a: Calyrex|Draining Kiss|p2a: Xerneas
|-damage|p2a: Xerneas|70/100
|-heal|p1a: Calyrex|100/100|[from] drain|[of] p2a: Xerneas
|
|upkeep
|turn|20
|
|t:|1667857883
|-start|p1a: Calyrex|Dynamax|
|-heal|p1a: Calyrex|100/100|[silent]
|move|p1a: Calyrex|Max Phantasm|p2a: Xerneas
|-damage|p2a: Xerneas|0 fnt
|faint|p2a: Xerneas
|-ability|p1a: Calyrex|Grim Neigh|boost
|-boost|p1a: Calyrex|spa|1
|
|upkeep
|
|t:|1667857890
|switch|p2a: Smeargle|Smeargle, M, shiny|1/100
|turn|21
|
|t:|1667857898
|move|p1a: Calyrex|Max Starfall|p2a: Smeargle
|-damage|p2a: Smeargle|0 fnt
|-fieldstart|move: Misty Terrain
|faint|p2a: Smeargle
|-ability|p1a: Calyrex|Grim Neigh|boost
|-boost|p1a: Calyrex|spa|1
|
|upkeep
|
|t:|1667857903
|switch|p2a: Arceus|Arceus|94/100
|turn|22
|
|t:|1667857910
|move|p1a: Calyrex|Max Starfall|p2a: Arceus
|-damage|p2a: Arceus|28/100
|move|p2a: Arceus|Stealth Rock|p1a: Calyrex
|-sidestart|p1: shisky|move: Stealth Rock
|
|-heal|p2a: Arceus|34/100|[from] item: Leftovers
|upkeep
|-end|p1a: Calyrex|Dynamax
|-heal|p1a: Calyrex|100/100|[silent]
|turn|23
|
|t:|1667857920
|move|p1a: Calyrex|Draining Kiss|p2a: Arceus
|-damage|p2a: Arceus|3/100
|move|p2a: Arceus|Earthquake|p1a: Calyrex
|-damage|p1a: Calyrex|59/100
|
|-heal|p1a: Calyrex|66/100|[from] item: Leftovers
|-heal|p2a: Arceus|9/100|[from] item: Leftovers
|upkeep
|turn|24
|-message|LudiZaboodi forfeited.
|
|win|shisky
|raw|shisky's rating: 1610 &rarr; <strong>1628</strong><br />(+18 for winning)
|raw|LudiZaboodi's rating: 1580 &rarr; <strong>1562</strong><br />(-18 for losing)
|l|☆LudiZaboodi
||Ladder isn't responding, score probably updated but might not have (Request timeout).
