|j|‽llmmllmm
|j|☆Cold but Goated
|t:|1649355877
|gametype|singles
|player|p1|llmmllmm|2|1768
|player|p2|Cold but Goated|clown|1807
|teamsize|p1|6
|teamsize|p2|6
|gen|8
|tier|[Gen 8] National Dex AG
|rated|
|rule|HP Percentage Mod: HP is shown in percentages
|rule|Endless Battle Clause: Forcing endless battles is banned
|clearpoke
|poke|p1|Arceus-*|
|poke|p1|Groudon|
|poke|p1|Ho-Oh|
|poke|p1|Calyrex-Shadow|
|poke|p1|Rayquaza|
|poke|p1|Ditto|
|poke|p2|Calyrex-Shadow|
|poke|p2|Deoxys-Speed|
|poke|p2|Palkia|
|poke|p2|Arceus-*|
|poke|p2|Zacian-*|
|poke|p2|Lugia|
|teampreview
|inactive|Battle timer is ON: inactive players will automatically lose when time's up. (requested by llmmllmm)
|
|t:|1649355884
|start
|switch|p1a: Arceus|Arceus-Ground|100/100
|switch|p2a: I’m speed|Deoxys-Speed|100/100
|-ability|p2a: I’m speed|Pressure
|turn|1
|
|t:|1649355890
|move|p1a: Arceus|Magic Coat|p1a: Arceus
|-singleturn|p1a: Arceus|move: Magic Coat
|move|p2a: I’m speed|Taunt|p1a: Arceus
|move|p1a: Arceus|Taunt|p2a: I’m speed|[from]Magic Coat
|-start|p2a: I’m speed|move: Taunt
|
|upkeep
|turn|2
|
|t:|1649355896
|switch|p2a: Pearl beast|Palkia|100/100
|-ability|p2a: Pearl beast|Pressure
|move|p1a: Arceus|Stealth Rock|p2a: Pearl beast
|-sidestart|p2: Cold but Goated|move: Stealth Rock
|
|upkeep
|turn|3
|
|t:|1649355903
|move|p2a: Pearl beast|Hydro Pump|p1a: Arceus
|-supereffective|p1a: Arceus
|-damage|p1a: Arceus|0 fnt
|faint|p1a: Arceus
|
|upkeep
|
|t:|1649355910
|switch|p1a: Groudon|Groudon|100/100
|detailschange|p1a: Groudon|Groudon-Primal
|-primal|p1a: Groudon
|-weather|DesolateLand|[from] ability: Desolate Land|[of] p1a: Groudon
|turn|4
|
|t:|1649355918
|-start|p2a: Pearl beast|Dynamax|
|-heal|p2a: Pearl beast|100/100|[silent]
|move|p1a: Groudon|Rock Polish|p1a: Groudon
|-boost|p1a: Groudon|spe|2
|move|p2a: Pearl beast|Max Airstream|p1a: Groudon
|-damage|p1a: Groudon|47/100
|-boost|p2a: Pearl beast|spe|1
|
|-weather|DesolateLand|[upkeep]
|upkeep
|turn|5
|
|t:|1649355922
|move|p1a: Groudon|Precipice Blades|p2a: Pearl beast
|-damage|p2a: Pearl beast|57/100
|move|p2a: Pearl beast|Max Airstream|p1a: Groudon
|-damage|p1a: Groudon|0 fnt
|-boost|p2a: Pearl beast|spe|1
|faint|p1a: Groudon
|-weather|none
|
|upkeep
|
|t:|1649355926
|switch|p1a: Ditto|Ditto|100/100
|-transform|p1a: Ditto|p2a: Pearl beast|[from] ability: Imposter
|-ability|p1a: Ditto|Pressure
|turn|6
|
|t:|1649355933
|move|p1a: Ditto|Spacial Rend|p2a: Pearl beast
|-supereffective|p2a: Pearl beast
|-damage|p2a: Pearl beast|4/100
|move|p2a: Pearl beast|Max Wyrmwind|p1a: Ditto
|-supereffective|p1a: Ditto
|-damage|p1a: Ditto|0 fnt
|faint|p1a: Ditto
|
|-end|p2a: Pearl beast|Dynamax
|-heal|p2a: Pearl beast|5/100|[silent]
|upkeep
|
|t:|1649355937
|switch|p1a: Calyrex|Calyrex-Shadow|100/100
|-ability|p1a: Calyrex|As One
|-ability|p1a: Calyrex|Unnerve
|turn|7
|
|t:|1649355941
|switch|p2a: God Gamer|Arceus-Dark, shiny|100/100
|-damage|p2a: God Gamer|88/100|[from] Stealth Rock
|move|p1a: Calyrex|Astral Barrage|p2a: God Gamer
|-resisted|p2a: God Gamer
|-damage|p2a: God Gamer|71/100
|
|upkeep
|turn|8
|
|t:|1649355945
|switch|p1a: Ho-Oh|Ho-Oh|100/100
|move|p2a: God Gamer|Recover|p2a: God Gamer
|-heal|p2a: God Gamer|100/100
|
|upkeep
|turn|9
|
|t:|1649355956
|switch|p2a: I’m speed|Deoxys-Speed|100/100
|-damage|p2a: I’m speed|88/100|[from] Stealth Rock
|-ability|p2a: I’m speed|Pressure
|move|p1a: Ho-Oh|Toxic|p2a: I’m speed
|-status|p2a: I’m speed|tox
|
|-damage|p2a: I’m speed|82/100 tox|[from] psn
|upkeep
|turn|10
|
|t:|1649355961
|move|p2a: I’m speed|Taunt|p1a: Ho-Oh
|-start|p1a: Ho-Oh|move: Taunt
|move|p1a: Ho-Oh|Sacred Fire|p2a: I’m speed
|-damage|p2a: I’m speed|31/100 tox
|
|-damage|p2a: I’m speed|19/100 tox|[from] psn
|upkeep
|turn|11
|
|t:|1649355964
|move|p2a: I’m speed|Stealth Rock|p1a: Ho-Oh
|-sidestart|p1: llmmllmm|move: Stealth Rock
|move|p1a: Ho-Oh|Sacred Fire|p2a: I’m speed
|-damage|p2a: I’m speed|0 fnt
|faint|p2a: I’m speed
|
|upkeep
|
|t:|1649355967
|switch|p2a: Doge|Zacian-Crowned, shiny|100/100
|-damage|p2a: Doge|94/100|[from] Stealth Rock
|-ability|p2a: Doge|Intrepid Sword|boost
|-boost|p2a: Doge|atk|1
|turn|12
|
|t:|1649355971
|move|p2a: Doge|Wild Charge|p1a: Ho-Oh
|-supereffective|p1a: Ho-Oh
|-damage|p1a: Ho-Oh|0 fnt
|faint|p1a: Ho-Oh
|-damage|p2a: Doge|62/100|[from] Recoil
|
|upkeep
|
|t:|1649355975
|switch|p1a: Rayquaza|Rayquaza|100/100
|-damage|p1a: Rayquaza|76/100|[from] Stealth Rock
|-ability|p1a: Rayquaza|Air Lock
|turn|13
|
|t:|1649355979
|switch|p2a: Luigi|Lugia|100/100
|detailschange|p1a: Rayquaza|Rayquaza-Mega
|-mega|p1a: Rayquaza|Rayquaza|
|-weather|DeltaStream|[from] ability: Delta Stream|[of] p1a: Rayquaza
|move|p1a: Rayquaza|Earthquake|p2a: Luigi
|-immune|p2a: Luigi
|
|-weather|DeltaStream|[upkeep]
|upkeep
|turn|14
|
|t:|1649355987
|-weather|none
|switch|p1a: Calyrex|Calyrex-Shadow|100/100
|-ability|p1a: Calyrex|As One
|-ability|p1a: Calyrex|Unnerve
|-damage|p1a: Calyrex|88/100|[from] Stealth Rock
|move|p2a: Luigi|Whirlwind|p1a: Calyrex
|drag|p1a: Rayquaza|Rayquaza-Mega|76/100
|-damage|p1a: Rayquaza|51/100|[from] Stealth Rock
|-weather|DeltaStream|[from] ability: Delta Stream|[of] p1a: Rayquaza
|
|-weather|DeltaStream|[upkeep]
|upkeep
|turn|15
|
|t:|1649355993
|move|p1a: Rayquaza|Dragon Ascent|p2a: Luigi
|-damage|p2a: Luigi|80/100
|-unboost|p1a: Rayquaza|def|1
|-unboost|p1a: Rayquaza|spd|1
|move|p2a: Luigi|Ice Beam|p1a: Rayquaza
|-activate||deltastream
|-supereffective|p1a: Rayquaza
|-damage|p1a: Rayquaza|0 fnt
|faint|p1a: Rayquaza
|-weather|none
|
|upkeep
|
|t:|1649355996
|switch|p1a: Calyrex|Calyrex-Shadow|88/100
|-ability|p1a: Calyrex|As One
|-ability|p1a: Calyrex|Unnerve
|-damage|p1a: Calyrex|76/100|[from] Stealth Rock
|turn|16
|
|t:|1649356001
|switch|p2a: God Gamer|Arceus-Dark, shiny|100/100
|-damage|p2a: God Gamer|88/100|[from] Stealth Rock
|-start|p1a: Calyrex|Dynamax|
|-heal|p1a: Calyrex|76/100|[silent]
|move|p1a: Calyrex|Max Phantasm|p2a: God Gamer
|-resisted|p2a: God Gamer
|-damage|p2a: God Gamer|65/100
|-unboost|p2a: God Gamer|def|1
|
|upkeep
|turn|17
|c|☆Cold but Goated|Gg
|
|t:|1649356006
|move|p1a: Calyrex|Max Phantasm|p2a: God Gamer
|-resisted|p2a: God Gamer
|-damage|p2a: God Gamer|45/100
|-unboost|p2a: God Gamer|def|1
|move|p2a: God Gamer|Judgment|p1a: Calyrex
|-supereffective|p1a: Calyrex
|-damage|p1a: Calyrex|0 fnt
|faint|p1a: Calyrex
|
|win|Cold but Goated
|raw|llmmllmm's rating: 1768 &rarr; <strong>1750</strong><br />(-18 for losing)
|raw|Cold but Goated's rating: 1807 &rarr; <strong>1825</strong><br />(+18 for winning)
|l|☆Cold but Goated
