|j|☆gotei 14
|j|☆masterchefbaker
|t:|1666820881
|gametype|singles
|player|p1|gotei 14|101|1298
|player|p2|masterchefbaker|red|1330
|teamsize|p1|6
|teamsize|p2|6
|gen|8
|tier|[Gen 8] National Dex AG
|rated|
|rule|HP Percentage Mod: HP is shown in percentages
|rule|Endless Battle Clause: Forcing endless battles is banned
|clearpoke
|poke|p1|Dragonite, F|
|poke|p1|Palkia|
|poke|p1|Marshadow|
|poke|p1|Magnezone|
|poke|p1|Alakazam, M|
|poke|p1|Moltres-Galar|
|poke|p2|Mewtwo|
|poke|p2|Mewtwo|
|poke|p2|Mewtwo|
|poke|p2|Mew|
|poke|p2|Lucario, F|
|poke|p2|Arceus-*|
|teampreview
|inactive|Battle timer is ON: inactive players will automatically lose when time's up. (requested by masterchefbaker)
|
|t:|1666820897
|start
|switch|p1a: Moltres|Moltres-Galar|100/100
|switch|p2a: Huey|Mewtwo, shiny|100/100
|-ability|p2a: Huey|Unnerve
|turn|1
|inactive|gotei 14 has 120 seconds left.
|
|t:|1666820944
|move|p2a: Huey|Toxic|p1a: Moltres
|-status|p1a: Moltres|tox
|move|p1a: Moltres|Agility|p1a: Moltres
|-boost|p1a: Moltres|spe|2
|
|-damage|p1a: Moltres|94/100 tox|[from] psn
|upkeep
|turn|2
|
|t:|1666820957
|move|p1a: Moltres|Nasty Plot|p1a: Moltres
|-boost|p1a: Moltres|spa|2
|move|p2a: Huey|Light Screen|p2a: Huey
|-sidestart|p2: masterchefbaker|move: Light Screen
|
|-damage|p1a: Moltres|82/100 tox|[from] psn
|upkeep
|turn|3
|inactive|masterchefbaker has 120 seconds left.
|
|t:|1666820991
|switch|p2a: Great Grandpa|Arceus|100/100
|move|p1a: Moltres|Fiery Wrath|p2a: Great Grandpa
|-damage|p2a: Great Grandpa|75/100
|
|-damage|p1a: Moltres|63/100 tox|[from] psn
|upkeep
|turn|4
|inactive|gotei 14 has 120 seconds left.
|inactive|masterchefbaker has 120 seconds left.
|
|t:|1666821004
|-zpower|p1a: Moltres
|move|p1a: Moltres|Supersonic Skystrike|p2a: Great Grandpa|[zeffect]
|-damage|p2a: Great Grandpa|19/100
|move|p2a: Great Grandpa|Judgment|p1a: Moltres
|-damage|p1a: Moltres|15/100 tox
|-ability|p1a: Moltres|Berserk|boost
|-boost|p1a: Moltres|spa|1
|
|-damage|p1a: Moltres|0 fnt|[from] psn
|faint|p1a: Moltres
|upkeep
|inactive|gotei 14 has 120 seconds left.
|
|t:|1666821035
|switch|p1a: Marshadow|Marshadow|100/100
|turn|5
|
|t:|1666821041
|move|p1a: Marshadow|Close Combat|p2a: Great Grandpa
|-supereffective|p2a: Great Grandpa
|-damage|p2a: Great Grandpa|0 fnt
|-unboost|p1a: Marshadow|def|1
|-unboost|p1a: Marshadow|spd|1
|faint|p2a: Great Grandpa
|
|upkeep
|inactive|masterchefbaker has 120 seconds left.
|
|t:|1666821070
|switch|p2a: Uncle Face|Mewtwo|100/100
|-ability|p2a: Uncle Face|Pressure
|turn|6
|
|t:|1666821089
|switch|p1a: Magnezone|Magnezone|100/100
|detailschange|p2a: Uncle Face|Mewtwo-Mega-X
|-mega|p2a: Uncle Face|Mewtwo|Mewtwonite X
|move|p2a: Uncle Face|Psycho Cut|p1a: Magnezone
|-resisted|p1a: Magnezone
|-damage|p1a: Magnezone|75/100
|
|-sideend|p2: masterchefbaker|move: Light Screen
|upkeep
|turn|7
|inactive|gotei 14 has 90 seconds left.
|
|t:|1666821110
|switch|p1a: Dragonite|Dragonite, F|100/100
|move|p2a: Uncle Face|Fire Punch|p1a: Dragonite
|-resisted|p1a: Dragonite
|-damage|p1a: Dragonite|91/100
|
|upkeep
|turn|8
|inactive|masterchefbaker has 120 seconds left.
|
|t:|1666821119
|move|p2a: Uncle Face|Psycho Cut|p1a: Dragonite
|-damage|p1a: Dragonite|41/100
|move|p1a: Dragonite|Dragon Dance|p1a: Dragonite
|-boost|p1a: Dragonite|atk|1
|-boost|p1a: Dragonite|spe|1
|
|upkeep
|turn|9
|
|t:|1666821131
|move|p2a: Uncle Face|Psycho Cut|p1a: Dragonite
|-damage|p1a: Dragonite|0 fnt
|faint|p1a: Dragonite
|
|upkeep
|inactive|gotei 14 has 90 seconds left.
|
|t:|1666821146
|switch|p1a: Palkia|Palkia|100/100
|-ability|p1a: Palkia|Pressure
|turn|10
|
|t:|1666821151
|move|p2a: Uncle Face|Psycho Cut|p1a: Palkia
|-damage|p1a: Palkia|49/100
|move|p1a: Palkia|Spacial Rend|p2a: Uncle Face
|-damage|p2a: Uncle Face|10/100
|
|upkeep
|turn|11
|inactive|gotei 14 has 90 seconds left.
|
|t:|1666821181
|switch|p1a: Alakazam|Alakazam, M|100/100
|move|p2a: Uncle Face|Psycho Cut|p1a: Alakazam
|-resisted|p1a: Alakazam
|-damage|p1a: Alakazam|34/100
|
|upkeep
|turn|12
|
|t:|1666821189
|detailschange|p1a: Alakazam|Alakazam-Mega, M
|-mega|p1a: Alakazam|Alakazam|Alakazite
|-ability|p1a: Alakazam|Steadfast|[from] ability: Trace|[of] p2a: Uncle Face
|move|p1a: Alakazam|Shadow Ball|p2a: Uncle Face
|-supereffective|p2a: Uncle Face
|-damage|p2a: Uncle Face|0 fnt
|faint|p2a: Uncle Face
|
|upkeep
|
|t:|1666821199
|switch|p2a: Huey|Mewtwo, shiny|100/100
|-ability|p2a: Huey|Unnerve
|turn|13
|
|t:|1666821208
|move|p1a: Alakazam|Shadow Ball|p2a: Huey
|-supereffective|p2a: Huey
|-damage|p2a: Huey|37/100
|move|p2a: Huey|Light Screen|p2a: Huey
|-sidestart|p2: masterchefbaker|move: Light Screen
|
|upkeep
|turn|14
|
|t:|1666821217
|switch|p1a: Magnezone|Magnezone|75/100
|move|p2a: Huey|Recover|p2a: Huey
|-heal|p2a: Huey|87/100
|
|upkeep
|turn|15
|
|t:|1666821231
|switch|p2a: Newtwo|Mewtwo|100/100
|-ability|p2a: Newtwo|Pressure
|move|p1a: Magnezone|Volt Switch|p2a: Newtwo
|-damage|p2a: Newtwo|72/100
|
|t:|1666821235
|switch|p1a: Marshadow|Marshadow|100/100|[from]move: Volt Switch
|
|upkeep
|turn|16
|
|t:|1666821241
|move|p1a: Marshadow|Shadow Sneak|p2a: Newtwo
|-supereffective|p2a: Newtwo
|-damage|p2a: Newtwo|11/100
|move|p2a: Newtwo|Psychic|p1a: Marshadow
|-supereffective|p1a: Marshadow
|-enditem|p1a: Marshadow|Focus Sash
|-damage|p1a: Marshadow|1/100
|
|upkeep
|turn|17
|
|t:|1666821252
|move|p1a: Marshadow|Shadow Sneak|p2a: Newtwo
|-supereffective|p2a: Newtwo
|-damage|p2a: Newtwo|0 fnt
|faint|p2a: Newtwo
|
|-sideend|p2: masterchefbaker|move: Light Screen
|upkeep
|
|t:|1666821260
|switch|p2a: Punchey|Lucario, F|100/100
|turn|18
|inactive|gotei 14 has 120 seconds left.
|
|t:|1666821303
|switch|p1a: Magnezone|Magnezone|75/100
|move|p2a: Punchey|Bullet Punch|p1a: Magnezone
|-resisted|p1a: Magnezone
|-damage|p1a: Magnezone|70/100
|
|upkeep
|turn|19
|
|t:|1666821315
|-start|p2a: Punchey|Dynamax|
|-heal|p2a: Punchey|100/100|[silent]
|move|p2a: Punchey|Max Quake|p1a: Magnezone
|-supereffective|p1a: Magnezone
|-damage|p1a: Magnezone|0 fnt
|-boost|p2a: Punchey|spd|1
|faint|p1a: Magnezone
|
|upkeep
|
|t:|1666821324
|switch|p1a: Palkia|Palkia|49/100
|-ability|p1a: Palkia|Pressure
|turn|20
|inactive|gotei 14 has 90 seconds left.
|
|t:|1666821352
|-start|p1a: Palkia|Dynamax|
|-heal|p1a: Palkia|49/100|[silent]
|move|p1a: Palkia|Max Wyrmwind|p2a: Punchey
|-resisted|p2a: Punchey
|-damage|p2a: Punchey|79/100
|-unboost|p2a: Punchey|atk|1
|move|p2a: Punchey|Max Steelspike|p1a: Palkia
|-resisted|p1a: Palkia
|-damage|p1a: Palkia|42/100
|-boost|p2a: Punchey|def|1
|
|upkeep
|turn|21
|inactive|gotei 14 has 90 seconds left.
|
|t:|1666821369
|move|p1a: Palkia|Max Geyser|p2a: Punchey
|-damage|p2a: Punchey|38/100
|-weather|RainDance
|move|p2a: Punchey|Max Knuckle|p1a: Palkia
|-crit|p1a: Palkia
|-damage|p1a: Palkia|8/100
|-boost|p2a: Punchey|atk|1
|
|-weather|RainDance|[upkeep]
|upkeep
|-end|p2a: Punchey|Dynamax
|-heal|p2a: Punchey|38/100|[silent]
|turn|22
|inactive|gotei 14 has 90 seconds left.
|
|t:|1666821386
|move|p2a: Punchey|Extreme Speed|p1a: Palkia
|-damage|p1a: Palkia|0 fnt
|faint|p1a: Palkia
|
|-weather|RainDance|[upkeep]
|upkeep
|
|t:|1666821395
|switch|p1a: Marshadow|Marshadow|1/100
|turn|23
|
|t:|1666821399
|move|p1a: Marshadow|Shadow Sneak|p2a: Punchey
|-damage|p2a: Punchey|7/100
|move|p2a: Punchey|Bullet Punch|p1a: Marshadow
|-damage|p1a: Marshadow|0 fnt
|faint|p1a: Marshadow
|
|-weather|RainDance|[upkeep]
|upkeep
|
|t:|1666821405
|switch|p1a: Alakazam|Alakazam-Mega, M|34/100
|-ability|p1a: Alakazam|Justified|[from] ability: Trace|[of] p2a: Punchey
|turn|24
|
|t:|1666821412
|move|p2a: Punchey|Extreme Speed|p1a: Alakazam
|-damage|p1a: Alakazam|0 fnt
|faint|p1a: Alakazam
|
|win|masterchefbaker
|raw|gotei 14's rating: 1298 &rarr; <strong>1275</strong><br />(-23 for losing)
|raw|masterchefbaker's rating: 1330 &rarr; <strong>1348</strong><br />(+18 for winning)
|c|☆masterchefbaker|gg
|l|☆gotei 14
