|j|☆CLEAR GEM清瑜
|j|☆alt1445645
|t:|1661836280
|gametype|singles
|player|p1|CLEAR GEM清瑜|skierf|1934
|player|p2|alt1445645|266|1859
|teamsize|p1|6
|teamsize|p2|6
|gen|8
|tier|[Gen 8] National Dex AG
|rated|
|rule|HP Percentage Mod: HP is shown in percentages
|rule|Endless Battle Clause: Forcing endless battles is banned
|clearpoke
|poke|p1|Rayquaza|
|poke|p1|Groudon|
|poke|p1|Necrozma-Dusk-Mane|
|poke|p1|Arceus-*|
|poke|p1|Arceus-*|
|poke|p1|Arceus-*|
|poke|p2|Groudon|
|poke|p2|Rayquaza|
|poke|p2|Zygarde|
|poke|p2|Arceus-*|
|poke|p2|Calyrex-Shadow|
|poke|p2|Xerneas-*|
|teampreview
|inactive|Battle timer is ON: inactive players will automatically lose when time's up. (requested by CLEAR GEM清瑜)
|
|t:|1661836298
|start
|switch|p1a: 乱杀P古|Arceus-Ground|100/100
|switch|p2a: Shi Oh You|Zygarde, shiny|100/100
|turn|1
|
|t:|1661836306
|switch|p2a: Arceus|Arceus|100/100
|move|p1a: 乱杀P古|Ice Beam|p2a: Arceus
|-damage|p2a: Arceus|81/100
|
|upkeep
|turn|2
|c|☆CLEAR GEM清瑜|关注嘉然喵，关注嘉然谢谢喵
|
|t:|1661836319
|move|p1a: 乱杀P古|Stealth Rock|p2a: Arceus
|-sidestart|p2: alt1445645|move: Stealth Rock
|move|p2a: Arceus|Swords Dance|p2a: Arceus
|-boost|p2a: Arceus|atk|2
|
|upkeep
|turn|3
|c|☆alt1445645|uh idk what that means
|
|t:|1661836343
|move|p1a: 乱杀P古|Judgment|p2a: Arceus
|-damage|p2a: Arceus|36/100
|move|p2a: Arceus|Swords Dance|p2a: Arceus
|-boost|p2a: Arceus|atk|2
|
|upkeep
|turn|4
|
|t:|1661836348
|move|p2a: Arceus|Extreme Speed|p1a: 乱杀P古
|-crit|p1a: 乱杀P古
|-damage|p1a: 乱杀P古|0 fnt
|faint|p1a: 乱杀P古
|
|upkeep
|
|t:|1661836351
|switch|p1a: 烈龙无敌|Rayquaza, shiny|100/100
|-ability|p1a: 烈龙无敌|Air Lock
|turn|5
|
|t:|1661836356
|detailschange|p1a: 烈龙无敌|Rayquaza-Mega, shiny
|-mega|p1a: 烈龙无敌|Rayquaza|
|-weather|DeltaStream|[from] ability: Delta Stream|[of] p1a: 烈龙无敌
|move|p2a: Arceus|Extreme Speed|p1a: 烈龙无敌
|-enditem|p1a: 烈龙无敌|Focus Sash
|-damage|p1a: 烈龙无敌|1/100
|move|p1a: 烈龙无敌|Dragon Ascent|p2a: Arceus
|-damage|p2a: Arceus|0 fnt
|-unboost|p1a: 烈龙无敌|def|1
|-unboost|p1a: 烈龙无敌|spd|1
|faint|p2a: Arceus
|
|-weather|DeltaStream|[upkeep]
|upkeep
|
|t:|1661836362
|switch|p2a: Calyrex|Calyrex-Shadow|100/100
|-ability|p2a: Calyrex|As One
|-ability|p2a: Calyrex|Unnerve
|-damage|p2a: Calyrex|88/100|[from] Stealth Rock
|turn|6
|
|t:|1661836366
|-weather|none
|switch|p1a: 究极辅助|Arceus-Dark|100/100
|move|p2a: Calyrex|Substitute|p2a: Calyrex
|-start|p2a: Calyrex|Substitute
|-damage|p2a: Calyrex|63/100
|
|-heal|p2a: Calyrex|70/100|[from] item: Leftovers
|upkeep
|turn|7
|
|t:|1661836368
|move|p2a: Calyrex|Leech Seed|p1a: 究极辅助
|-start|p1a: 究极辅助|move: Leech Seed
|move|p1a: 究极辅助|Roar|p2a: Calyrex
|drag|p2a: Xerneas|Xerneas|100/100
|-damage|p2a: Xerneas|88/100|[from] Stealth Rock
|-ability|p2a: Xerneas|Fairy Aura
|
|-damage|p1a: 究极辅助|88/100|[from] Leech Seed|[of] p2a: Xerneas
|-heal|p2a: Xerneas|99/100|[silent]
|upkeep
|turn|8
|
|t:|1661836374
|move|p2a: Xerneas|Draining Kiss|p1a: 究极辅助
|-supereffective|p1a: 究极辅助
|-damage|p1a: 究极辅助|36/100
|-heal|p2a: Xerneas|100/100|[from] drain|[of] p1a: 究极辅助
|move|p1a: 究极辅助|Roar|p2a: Xerneas
|drag|p2a: Shi Oh You|Zygarde, shiny|100/100
|-damage|p2a: Shi Oh You|94/100|[from] Stealth Rock
|
|-heal|p2a: Shi Oh You|100/100|[from] item: Leftovers
|-damage|p1a: 究极辅助|23/100|[from] Leech Seed|[of] p2a: Shi Oh You
|upkeep
|turn|9
|
|t:|1661836379
|move|p1a: 究极辅助|Magic Coat|p1a: 究极辅助
|-singleturn|p1a: 究极辅助|move: Magic Coat
|move|p2a: Shi Oh You|Substitute|p2a: Shi Oh You
|-start|p2a: Shi Oh You|Substitute
|-damage|p2a: Shi Oh You|75/100
|
|-heal|p2a: Shi Oh You|82/100|[from] item: Leftovers
|-damage|p1a: 究极辅助|11/100|[from] Leech Seed|[of] p2a: Shi Oh You
|-heal|p2a: Shi Oh You|94/100|[silent]
|upkeep
|turn|10
|
|t:|1661836385
|move|p2a: Shi Oh You|Coil|p2a: Shi Oh You
|-boost|p2a: Shi Oh You|atk|1
|-boost|p2a: Shi Oh You|def|1
|-boost|p2a: Shi Oh You|accuracy|1
|move|p1a: 究极辅助|Roar|p2a: Shi Oh You
|drag|p2a: Calyrex|Calyrex-Shadow|70/100
|-ability|p2a: Calyrex|As One
|-ability|p2a: Calyrex|Unnerve
|-damage|p2a: Calyrex|57/100|[from] Stealth Rock
|
|-heal|p2a: Calyrex|63/100|[from] item: Leftovers
|-damage|p1a: 究极辅助|0 fnt|[from] Leech Seed|[of] p2a: Calyrex
|-heal|p2a: Calyrex|76/100|[silent]
|faint|p1a: 究极辅助
|upkeep
|
|t:|1661836396
|switch|p1a: 悬空羊驼|Arceus-Flying|100/100
|turn|11
|
|t:|1661836403
|move|p2a: Calyrex|Astral Barrage|p1a: 悬空羊驼
|-damage|p1a: 悬空羊驼|45/100
|move|p1a: 悬空羊驼|Calm Mind|p1a: 悬空羊驼
|-boost|p1a: 悬空羊驼|spa|1
|-boost|p1a: 悬空羊驼|spd|1
|
|-heal|p2a: Calyrex|82/100|[from] item: Leftovers
|upkeep
|turn|12
|
|t:|1661836411
|move|p2a: Calyrex|Leech Seed|p1a: 悬空羊驼
|-start|p1a: 悬空羊驼|move: Leech Seed
|move|p1a: 悬空羊驼|Recover|p1a: 悬空羊驼
|-heal|p1a: 悬空羊驼|95/100
|
|-heal|p2a: Calyrex|88/100|[from] item: Leftovers
|-damage|p1a: 悬空羊驼|83/100|[from] Leech Seed|[of] p2a: Calyrex
|-heal|p2a: Calyrex|100/100|[silent]
|upkeep
|turn|13
|
|t:|1661836413
|-start|p1a: 悬空羊驼|Dynamax|
|-heal|p1a: 悬空羊驼|83/100|[silent]
|move|p2a: Calyrex|Astral Barrage|p1a: 悬空羊驼
|-damage|p1a: 悬空羊驼|66/100
|move|p1a: 悬空羊驼|Max Airstream|p2a: Calyrex
|-damage|p2a: Calyrex|0 fnt
|-boost|p1a: 悬空羊驼|spe|1
|faint|p2a: Calyrex
|
|upkeep
|
|t:|1661836424
|switch|p2a: Shi Oh You|Zygarde, shiny|94/100
|-damage|p2a: Shi Oh You|88/100|[from] Stealth Rock
|turn|14
|
|t:|1661836430
|move|p1a: 悬空羊驼|Max Airstream|p2a: Shi Oh You
|-damage|p2a: Shi Oh You|0 fnt
|-boost|p1a: 悬空羊驼|spe|1
|faint|p2a: Shi Oh You
|
|upkeep
|
|t:|1661836439
|switch|p2a: Pneuma|Rayquaza|100/100
|-damage|p2a: Pneuma|76/100|[from] Stealth Rock
|-ability|p2a: Pneuma|Air Lock
|turn|15
|
|t:|1661836445
|detailschange|p2a: Pneuma|Rayquaza-Mega
|-mega|p2a: Pneuma|Rayquaza|
|-weather|DeltaStream|[from] ability: Delta Stream|[of] p2a: Pneuma
|move|p2a: Pneuma|Extreme Speed|p1a: 悬空羊驼
|-damage|p1a: 悬空羊驼|52/100
|move|p1a: 悬空羊驼|Max Airstream|p2a: Pneuma
|-damage|p2a: Pneuma|0 fnt
|-boost|p1a: 悬空羊驼|spe|1
|faint|p2a: Pneuma
|-weather|none
|
|upkeep
|
|t:|1661836447
|switch|p2a: Xerneas|Xerneas|100/100
|-damage|p2a: Xerneas|88/100|[from] Stealth Rock
|-ability|p2a: Xerneas|Fairy Aura
|-end|p1a: 悬空羊驼|Dynamax
|-heal|p1a: 悬空羊驼|52/100|[silent]
|turn|16
|
|t:|1661836452
|move|p1a: 悬空羊驼|Judgment|p2a: Xerneas
|-damage|p2a: Xerneas|11/100
|move|p2a: Xerneas|Geomancy||[still]
|-prepare|p2a: Xerneas|Geomancy
|-enditem|p2a: Xerneas|Power Herb
|-anim|p2a: Xerneas|Geomancy|p2a: Xerneas
|-boost|p2a: Xerneas|spa|2
|-boost|p2a: Xerneas|spd|2
|-boost|p2a: Xerneas|spe|2
|
|-damage|p1a: 悬空羊驼|40/100|[from] Leech Seed|[of] p2a: Xerneas
|-heal|p2a: Xerneas|22/100|[silent]
|upkeep
|turn|17
|
|t:|1661836474
|-start|p2a: Xerneas|Dynamax|
|-heal|p2a: Xerneas|22/100|[silent]
|move|p2a: Xerneas|Max Guard|p2a: Xerneas
|-singleturn|p2a: Xerneas|Max Guard
|move|p1a: 悬空羊驼|Judgment|p2a: Xerneas
|-activate|p2a: Xerneas|move: Max Guard
|
|-damage|p1a: 悬空羊驼|28/100|[from] Leech Seed|[of] p2a: Xerneas
|-heal|p2a: Xerneas|28/100|[silent]
|upkeep
|turn|18
|
|t:|1661836482
|move|p1a: 悬空羊驼|Judgment|p2a: Xerneas
|-damage|p2a: Xerneas|9/100
|move|p2a: Xerneas|Max Quake|p1a: 悬空羊驼
|-immune|p1a: 悬空羊驼
|
|-damage|p1a: 悬空羊驼|15/100|[from] Leech Seed|[of] p2a: Xerneas
|-heal|p2a: Xerneas|15/100|[silent]
|upkeep
|turn|19
|
|t:|1661836485
|move|p1a: 悬空羊驼|Judgment|p2a: Xerneas
|-damage|p2a: Xerneas|0 fnt
|faint|p2a: Xerneas
|
|upkeep
|c|☆alt1445645|im stupid lmao
|
|t:|1661836495
|switch|p2a: Pyra|Groudon|100/100
|-damage|p2a: Pyra|94/100|[from] Stealth Rock
|detailschange|p2a: Pyra|Groudon-Primal
|-primal|p2a: Pyra
|-weather|DesolateLand|[from] ability: Desolate Land|[of] p2a: Pyra
|turn|20
|c|☆alt1445645|for some reason i thought it was steel
|
|t:|1661836504
|move|p1a: 悬空羊驼|Earth Power|p2a: Pyra
|-supereffective|p2a: Pyra
|-damage|p2a: Pyra|7/100
|move|p2a: Pyra|Heat Crash|p1a: 悬空羊驼
|-damage|p1a: 悬空羊驼|0 fnt
|faint|p1a: 悬空羊驼
|
|-weather|DesolateLand|[upkeep]
|upkeep
|c|☆CLEAR GEM清瑜|bruh
|
|t:|1661836510
|switch|p1a: 烈龙无敌|Rayquaza-Mega, shiny|1/100
|-weather|DeltaStream|[from] ability: Delta Stream|[of] p1a: 烈龙无敌
|turn|21
|c|☆alt1445645|dude its late lol
|c|☆CLEAR GEM清瑜|gg
|c|☆alt1445645|gg
|
|t:|1661836521
|move|p1a: 烈龙无敌|Dragon Ascent|p2a: Pyra
|-damage|p2a: Pyra|0 fnt
|-unboost|p1a: 烈龙无敌|def|1
|-unboost|p1a: 烈龙无敌|spd|1
|faint|p2a: Pyra
|
|win|CLEAR GEM清瑜
|raw|CLEAR GEM清瑜's rating: 1934 &rarr; <strong>1950</strong><br />(+16 for winning)
|raw|alt1445645's rating: 1859 &rarr; <strong>1843</strong><br />(-16 for losing)
