|j|☆UncleShannon
|j|☆AnimeZZZZ5
|t:|1647278872
|gametype|singles
|player|p1|UncleShannon|lucas|1732
|player|p2|AnimeZZZZ5|265|1823
|teamsize|p1|6
|teamsize|p2|6
|gen|8
|tier|[Gen 8] National Dex AG
|rated|
|rule|HP Percentage Mod: HP is shown in percentages
|rule|Endless Battle Clause: Forcing endless battles is banned
|clearpoke
|poke|p1|Scizor, F|
|poke|p1|Groudon|
|poke|p1|Calyrex-Shadow|
|poke|p1|Zacian-*|
|poke|p1|Arceus-*|
|poke|p1|Yveltal|
|poke|p2|Ho-Oh|
|poke|p2|Necrozma-Dusk-Mane|
|poke|p2|Zacian-*|
|poke|p2|Kyurem-Black|
|poke|p2|Yveltal|
|poke|p2|Groudon|
|teampreview
|c|☆UncleShannon|Hf
|inactive|Battle timer is ON: inactive players will automatically lose when time's up. (requested by UncleShannon)
|
|t:|1647278953
|start
|switch|p1a: Arceus|Arceus-Rock|100/100
|switch|p2a: Kyurem|Kyurem-Black|100/100
|-ability|p2a: Kyurem|Teravolt
|turn|1
|
|t:|1647278960
|move|p1a: Arceus|Will-O-Wisp|p2a: Kyurem
|-status|p2a: Kyurem|brn
|move|p2a: Kyurem|Dragon Dance|p2a: Kyurem
|-boost|p2a: Kyurem|atk|1
|-boost|p2a: Kyurem|spe|1
|
|-damage|p2a: Kyurem|94/100 brn|[from] brn
|upkeep
|turn|2
|
|t:|1647278971
|switch|p1a: Scizor|Scizor, F|100/100
|move|p2a: Kyurem|Fusion Bolt|p1a: Scizor
|-damage|p1a: Scizor|73/100
|-damage|p2a: Kyurem|85/100 brn|[from] item: Life Orb
|
|-damage|p2a: Kyurem|79/100 brn|[from] brn
|upkeep
|turn|3
|inactive|AnimeZZZZ5 has 120 seconds left.
|
|t:|1647279001
|switch|p2a: Ho-Oh|Ho-Oh|100/100
|detailschange|p1a: Scizor|Scizor-Mega, F
|-mega|p1a: Scizor|Scizor|Scizorite
|move|p1a: Scizor|Roost|p1a: Scizor
|-heal|p1a: Scizor|100/100
|-singleturn|p1a: Scizor|move: Roost
|
|upkeep
|turn|4
|
|t:|1647279004
|switch|p1a: Arceus|Arceus-Rock|100/100
|move|p2a: Ho-Oh|Toxic|p1a: Arceus
|-status|p1a: Arceus|tox
|
|-damage|p1a: Arceus|94/100 tox|[from] psn
|upkeep
|turn|5
|inactive|AnimeZZZZ5 has 120 seconds left.
|
|t:|1647279035
|switch|p2a: Zacian|Zacian-Crowned|100/100
|-ability|p2a: Zacian|Intrepid Sword|boost
|-boost|p2a: Zacian|atk|1
|move|p1a: Arceus|Judgment|p2a: Zacian
|-resisted|p2a: Zacian
|-damage|p2a: Zacian|75/100
|
|-damage|p1a: Arceus|82/100 tox|[from] psn
|upkeep
|turn|6
|
|t:|1647279039
|switch|p1a: Scizor|Scizor-Mega, F|100/100
|move|p2a: Zacian|Close Combat|p1a: Scizor
|-damage|p1a: Scizor|53/100
|-unboost|p2a: Zacian|def|1
|-unboost|p2a: Zacian|spd|1
|
|upkeep
|turn|7
|
|t:|1647279045
|switch|p2a: Ho-Oh|Ho-Oh|100/100
|move|p1a: Scizor|Roost|p1a: Scizor
|-heal|p1a: Scizor|100/100
|-singleturn|p1a: Scizor|move: Roost
|
|upkeep
|turn|8
|inactive|AnimeZZZZ5 has 120 seconds left.
|
|t:|1647279070
|switch|p2a: Zacian|Zacian-Crowned|75/100
|-ability|p2a: Zacian|Intrepid Sword|boost
|-boost|p2a: Zacian|atk|1
|switch|p1a: Groudon|Groudon|100/100
|detailschange|p1a: Groudon|Groudon-Primal
|-primal|p1a: Groudon
|-weather|DesolateLand|[from] ability: Desolate Land|[of] p1a: Groudon
|
|-weather|DesolateLand|[upkeep]
|upkeep
|turn|9
|
|t:|1647279079
|move|p2a: Zacian|Close Combat|p1a: Groudon
|-damage|p1a: Groudon|54/100
|-unboost|p2a: Zacian|def|1
|-unboost|p2a: Zacian|spd|1
|move|p1a: Groudon|Precipice Blades|p2a: Zacian
|-supereffective|p2a: Zacian
|-damage|p2a: Zacian|0 fnt
|faint|p2a: Zacian
|
|-weather|DesolateLand|[upkeep]
|upkeep
|
|t:|1647279084
|switch|p2a: Yveltal|Yveltal|100/100
|-ability|p2a: Yveltal|Dark Aura
|turn|10
|
|t:|1647279091
|-start|p2a: Yveltal|Dynamax
|-heal|p2a: Yveltal|100/100|[silent]
|move|p2a: Yveltal|Max Airstream|p1a: Groudon
|-damage|p1a: Groudon|0 fnt
|-boost|p2a: Yveltal|spe|1
|faint|p1a: Groudon
|-weather|none
|-damage|p2a: Yveltal|96/100|[from] item: Life Orb
|
|upkeep
|
|t:|1647279096
|switch|p1a: Yveltal|Yveltal|100/100
|-ability|p1a: Yveltal|Dark Aura
|turn|11
|
|t:|1647279105
|move|p2a: Yveltal|Max Airstream|p1a: Yveltal
|-damage|p1a: Yveltal|45/100
|-boost|p2a: Yveltal|spe|1
|-damage|p2a: Yveltal|91/100|[from] item: Life Orb
|move|p1a: Yveltal|Knock Off|p2a: Yveltal
|-resisted|p2a: Yveltal
|-damage|p2a: Yveltal|77/100
|-enditem|p2a: Yveltal|Life Orb|[from] move: Knock Off|[of] p1a: Yveltal
|
|upkeep
|turn|12
|
|t:|1647279110
|move|p2a: Yveltal|Max Airstream|p1a: Yveltal
|-damage|p1a: Yveltal|1/100
|-boost|p2a: Yveltal|spe|1
|move|p1a: Yveltal|Roost|p1a: Yveltal
|-heal|p1a: Yveltal|51/100
|-singleturn|p1a: Yveltal|move: Roost
|
|-end|p2a: Yveltal|Dynamax
|-heal|p2a: Yveltal|77/100|[silent]
|upkeep
|turn|13
|
|t:|1647279118
|switch|p2a: Groudon|Groudon|100/100
|detailschange|p2a: Groudon|Groudon-Primal
|-primal|p2a: Groudon
|-weather|DesolateLand|[from] ability: Desolate Land|[of] p2a: Groudon
|move|p1a: Yveltal|Roost|p1a: Yveltal
|-heal|p1a: Yveltal|100/100
|-singleturn|p1a: Yveltal|move: Roost
|
|-weather|DesolateLand|[upkeep]
|upkeep
|turn|14
|
|t:|1647279136
|-start|p1a: Yveltal|Dynamax
|-heal|p1a: Yveltal|100/100|[silent]
|move|p1a: Yveltal|Max Darkness|p2a: Groudon
|-crit|p2a: Groudon
|-damage|p2a: Groudon|40/100
|-unboost|p2a: Groudon|spd|1
|move|p2a: Groudon|Toxic|p1a: Yveltal
|-status|p1a: Yveltal|tox
|
|-weather|DesolateLand|[upkeep]
|-damage|p1a: Yveltal|97/100 tox|[from] psn
|upkeep
|turn|15
|inactive|AnimeZZZZ5 has 120 seconds left.
|c|☆UncleShannon|Gg?
|
|t:|1647279192
|move|p1a: Yveltal|Max Darkness|p2a: Groudon
|-damage|p2a: Groudon|0 fnt
|faint|p2a: Groudon
|-weather|none
|
|-damage|p1a: Yveltal|91/100 tox|[from] psn
|upkeep
|
|t:|1647279197
|switch|p2a: Kyurem|Kyurem-Black|79/100 brn
|-ability|p2a: Kyurem|Teravolt
|turn|16
|
|t:|1647279212
|-end|p1a: Yveltal|Dynamax
|-heal|p1a: Yveltal|91/100 tox|[silent]
|switch|p1a: Scizor|Scizor-Mega, F|100/100
|move|p2a: Kyurem|Roost|p2a: Kyurem
|-heal|p2a: Kyurem|100/100 brn
|-singleturn|p2a: Kyurem|move: Roost
|
|-damage|p2a: Kyurem|94/100 brn|[from] brn
|upkeep
|turn|17
|
|t:|1647279225
|switch|p2a: Ho-Oh|Ho-Oh|100/100
|move|p1a: Scizor|U-turn|p2a: Ho-Oh
|-resisted|p2a: Ho-Oh
|-damage|p2a: Ho-Oh|95/100
|
|t:|1647279227
|switch|p1a: Arceus|Arceus-Rock|82/100 tox|[from]move: U-turn
|
|-damage|p1a: Arceus|76/100 tox|[from] psn
|upkeep
|turn|18
|
|t:|1647279235
|switch|p2a: Necrozma|Necrozma-Dusk-Mane|100/100
|move|p1a: Arceus|Refresh|p1a: Arceus
|-curestatus|p1a: Arceus|tox|[msg]
|
|upkeep
|turn|19
|
|t:|1647279241
|move|p1a: Arceus|Will-O-Wisp|p2a: Necrozma
|-status|p2a: Necrozma|brn
|move|p2a: Necrozma|Stealth Rock|p1a: Arceus
|-sidestart|p1: UncleShannon|move: Stealth Rock
|
|-damage|p2a: Necrozma|94/100 brn|[from] brn
|upkeep
|turn|20
|
|t:|1647279246
|switch|p1a: Yveltal|Yveltal|91/100 tox
|-ability|p1a: Yveltal|Dark Aura
|move|p2a: Necrozma|Sunsteel Strike|p1a: Yveltal
|-damage|p1a: Yveltal|72/100 tox
|
|-damage|p1a: Yveltal|66/100 tox|[from] psn
|-damage|p2a: Necrozma|88/100 brn|[from] brn
|upkeep
|turn|21
|
|t:|1647279256
|move|p1a: Yveltal|Defog|p2a: Necrozma
|-unboost|p2a: Necrozma|evasion|1
|-sideend|p1: UncleShannon|Stealth Rock|[from] move: Defog|[of] p1a: Yveltal
|-zpower|p2a: Necrozma
|move|p2a: Necrozma|Searing Sunraze Smash|p1a: Yveltal|[zeffect]
|-damage|p1a: Yveltal|24/100 tox
|
|-damage|p1a: Yveltal|11/100 tox|[from] psn
|-damage|p2a: Necrozma|82/100 brn|[from] brn
|upkeep
|turn|22
|
|t:|1647279260
|move|p1a: Yveltal|Knock Off|p2a: Necrozma
|-supereffective|p2a: Necrozma
|-damage|p2a: Necrozma|52/100 brn
|move|p2a: Necrozma|Stealth Rock|p1a: Yveltal
|-sidestart|p1: UncleShannon|move: Stealth Rock
|
|-damage|p1a: Yveltal|0 fnt|[from] psn
|faint|p1a: Yveltal
|-damage|p2a: Necrozma|45/100 brn|[from] brn
|upkeep
|
|t:|1647279266
|switch|p1a: Calyrex|Calyrex-Shadow|100/100
|-ability|p1a: Calyrex|As One
|-ability|p1a: Calyrex|Unnerve
|-damage|p1a: Calyrex|88/100|[from] Stealth Rock
|turn|23
|
|t:|1647279284
|switch|p2a: Yveltal|Yveltal|77/100
|-ability|p2a: Yveltal|Dark Aura
|move|p1a: Calyrex|Astral Barrage|p2a: Yveltal
|-resisted|p2a: Yveltal
|-damage|p2a: Yveltal|21/100
|
|upkeep
|turn|24
|
|t:|1647279300
|move|p2a: Yveltal|Sucker Punch|p1a: Calyrex
|-supereffective|p1a: Calyrex
|-damage|p1a: Calyrex|0 fnt
|faint|p1a: Calyrex
|
|upkeep
|
|t:|1647279302
|switch|p1a: Arceus|Arceus-Rock|76/100
|-damage|p1a: Arceus|64/100|[from] Stealth Rock
|turn|25
|
|t:|1647279319
|switch|p2a: Necrozma|Necrozma-Dusk-Mane|45/100 brn
|move|p1a: Arceus|Judgment|p2a: Necrozma
|-resisted|p2a: Necrozma
|-damage|p2a: Necrozma|22/100 brn
|
|-damage|p2a: Necrozma|16/100 brn|[from] brn
|upkeep
|turn|26
|
|t:|1647279324
|move|p1a: Arceus|Judgment|p2a: Necrozma
|-resisted|p2a: Necrozma
|-damage|p2a: Necrozma|0 fnt
|faint|p2a: Necrozma
|
|upkeep
|c|☆UncleShannon|Well
|
|t:|1647279330
|switch|p2a: Yveltal|Yveltal|21/100
|-ability|p2a: Yveltal|Dark Aura
|turn|27
|c|☆UncleShannon|That wasn't the best
|
|t:|1647279337
|move|p1a: Arceus|Recover|p1a: Arceus
|-heal|p1a: Arceus|100/100
|move|p2a: Yveltal|Dark Pulse|p1a: Arceus
|-damage|p1a: Arceus|62/100
|
|upkeep
|turn|28
|c|☆UncleShannon|play
|
|t:|1647279351
|move|p1a: Arceus|Judgment|p2a: Yveltal
|-supereffective|p2a: Yveltal
|-damage|p2a: Yveltal|0 fnt
|faint|p2a: Yveltal
|
|upkeep
|-message|AnimeZZZZ5 forfeited.
|
|win|UncleShannon
|raw|UncleShannon's rating: 1732 &rarr; <strong>1758</strong><br />(+26 for winning)
|raw|AnimeZZZZ5's rating: 1833 &rarr; <strong>1807</strong><br />(-26 for losing)
|l|☆AnimeZZZZ5
||Ladder isn't responding, score probably updated but might not have (Request timeout).
