|j|☆diggersboy660
|j|‽Reincarnation of …
|t:|1665845025
|gametype|singles
|player|p1|diggersboy660|n|1794
|player|p2|Reincarnation of …|blue-gen3two|1903
|teamsize|p1|6
|teamsize|p2|6
|gen|8
|tier|[Gen 8] National Dex AG
|rated|
|rule|HP Percentage Mod: HP is shown in percentages
|rule|Endless Battle Clause: Forcing endless battles is banned
|clearpoke
|poke|p1|Ditto|
|poke|p1|Relicanth, F|
|poke|p1|Yveltal|
|poke|p1|Arceus-*|
|poke|p1|Xerneas-*|
|poke|p1|Eternatus|
|poke|p2|Stakataka|
|poke|p2|Nihilego|
|poke|p2|Buzzwole|
|poke|p2|Ditto|
|poke|p2|Arceus-*|
|poke|p2|Arceus-*|
|teampreview
|inactive|Battle timer is ON: inactive players will automatically lose when time's up. (requested by Reincarnation of …)
|
|t:|1665845041
|start
|switch|p1a: Relicanth|Relicanth, F|100/100
|switch|p2a: Arceus|Arceus-Fairy|100/100
|turn|1
|
|t:|1665845046
|move|p2a: Arceus|Stealth Rock|p1a: Relicanth
|-sidestart|p1: diggersboy660|move: Stealth Rock
|move|p1a: Relicanth|Rock Tomb|p2a: Arceus
|-damage|p2a: Arceus|84/100
|-unboost|p2a: Arceus|spe|1
|
|upkeep
|turn|2
|
|t:|1665845051
|move|p1a: Relicanth|Stealth Rock|p2a: Arceus
|-sidestart|p2: Reincarnation of …|move: Stealth Rock
|move|p2a: Arceus|Toxic|p1a: Relicanth
|-status|p1a: Relicanth|tox
|
|-damage|p1a: Relicanth|94/100 tox|[from] psn
|upkeep
|turn|3
|
|t:|1665845053
|move|p1a: Relicanth|Yawn|p2a: Arceus
|-start|p2a: Arceus|move: Yawn|[of] p1a: Relicanth
|move|p2a: Arceus|Judgment|p1a: Relicanth
|-damage|p1a: Relicanth|30/100 tox
|
|-damage|p1a: Relicanth|18/100 tox|[from] psn
|upkeep
|turn|4
|-enditem|p1a: Relicanth|Custap Berry|[eat]
|-activate|p1a: Relicanth|item: Custap Berry|[consumed]
|
|t:|1665845063
|switch|p2a: Buzzwole|Buzzwole|100/100
|-damage|p2a: Buzzwole|88/100|[from] Stealth Rock
|move|p1a: Relicanth|Yawn|p2a: Buzzwole
|-start|p2a: Buzzwole|move: Yawn|[of] p1a: Relicanth
|
|-damage|p1a: Relicanth|0 fnt|[from] psn
|faint|p1a: Relicanth
|upkeep
|
|t:|1665845066
|switch|p1a: Xerneas|Xerneas|100/100
|-damage|p1a: Xerneas|88/100|[from] Stealth Rock
|-ability|p1a: Xerneas|Fairy Aura
|turn|5
|
|t:|1665845074
|switch|p2a: Stakataka|Stakataka|100/100
|-damage|p2a: Stakataka|94/100|[from] Stealth Rock
|-item|p2a: Stakataka|Air Balloon
|move|p1a: Xerneas|Thunderbolt|p2a: Stakataka
|-damage|p2a: Stakataka|59/100
|-enditem|p2a: Stakataka|Air Balloon
|
|upkeep
|turn|6
|
|t:|1665845077
|move|p1a: Xerneas|Thunderbolt|p2a: Stakataka
|-crit|p2a: Stakataka
|-damage|p2a: Stakataka|8/100
|move|p2a: Stakataka|Trick Room|p2a: Stakataka
|-fieldstart|move: Trick Room|[of] p2a: Stakataka
|
|upkeep
|turn|7
|
|t:|1665845087
|move|p2a: Stakataka|Gyro Ball|p1a: Xerneas
|-supereffective|p1a: Xerneas
|-damage|p1a: Xerneas|0 fnt
|faint|p1a: Xerneas
|-ability|p2a: Stakataka|Beast Boost|boost
|-boost|p2a: Stakataka|atk|1
|
|upkeep
|
|t:|1665845089
|switch|p1a: Arceus|Arceus|100/100
|-damage|p1a: Arceus|88/100|[from] Stealth Rock
|turn|8
|
|t:|1665845092
|move|p1a: Arceus|Extreme Speed|p2a: Stakataka
|-resisted|p2a: Stakataka
|-damage|p2a: Stakataka|1/100
|move|p2a: Stakataka|Gyro Ball|p1a: Arceus
|-damage|p1a: Arceus|3/100
|-enditem|p1a: Arceus|Sitrus Berry|[eat]
|-heal|p1a: Arceus|28/100|[from] item: Sitrus Berry
|
|upkeep
|turn|9
|
|t:|1665845099
|move|p1a: Arceus|Extreme Speed|p2a: Stakataka
|-resisted|p2a: Stakataka
|-damage|p2a: Stakataka|0 fnt
|faint|p2a: Stakataka
|
|upkeep
|
|t:|1665845105
|switch|p2a: Buzzwole|Buzzwole|88/100
|-damage|p2a: Buzzwole|76/100|[from] Stealth Rock
|turn|10
|
|t:|1665845108
|switch|p1a: Eternatus|Eternatus|100/100
|-damage|p1a: Eternatus|88/100|[from] Stealth Rock
|-ability|p1a: Eternatus|Pressure
|move|p2a: Buzzwole|Earthquake|p1a: Eternatus
|-supereffective|p1a: Eternatus
|-damage|p1a: Eternatus|41/100
|
|-heal|p1a: Eternatus|48/100|[from] item: Black Sludge
|-fieldend|move: Trick Room
|upkeep
|turn|11
|
|t:|1665845117
|move|p1a: Eternatus|Recover|p1a: Eternatus
|-heal|p1a: Eternatus|98/100
|move|p2a: Buzzwole|Earthquake|p1a: Eternatus
|-supereffective|p1a: Eternatus
|-damage|p1a: Eternatus|50/100
|
|-heal|p1a: Eternatus|56/100|[from] item: Black Sludge
|upkeep
|turn|12
|
|t:|1665845123
|switch|p2a: Arceus|Arceus-Fairy|84/100
|-damage|p2a: Arceus|72/100|[from] Stealth Rock
|move|p1a: Eternatus|Recover|p1a: Eternatus
|-heal|p1a: Eternatus|100/100
|
|upkeep
|turn|13
|
|t:|1665845129
|switch|p2a: Ditto|Ditto, shiny|100/100
|-damage|p2a: Ditto|88/100|[from] Stealth Rock
|-transform|p2a: Ditto|p1a: Eternatus|[from] ability: Imposter
|-ability|p2a: Ditto|Pressure
|move|p1a: Eternatus|Toxic|p2a: Ditto
|-immune|p2a: Ditto
|
|upkeep
|turn|14
|
|t:|1665845149
|move|p2a: Ditto|Mystical Fire|p1a: Eternatus
|-resisted|p1a: Eternatus
|-damage|p1a: Eternatus|92/100
|-unboost|p1a: Eternatus|spa|1
|move|p1a: Eternatus|Cosmic Power|p1a: Eternatus
|-boost|p1a: Eternatus|def|1
|-boost|p1a: Eternatus|spd|1
|
|-heal|p1a: Eternatus|99/100|[from] item: Black Sludge
|upkeep
|turn|15
|
|t:|1665845151
|move|p2a: Ditto|Mystical Fire|p1a: Eternatus
|-resisted|p1a: Eternatus
|-damage|p1a: Eternatus|93/100
|-unboost|p1a: Eternatus|spa|1
|move|p1a: Eternatus|Cosmic Power|p1a: Eternatus
|-boost|p1a: Eternatus|def|1
|-boost|p1a: Eternatus|spd|1
|
|-heal|p1a: Eternatus|99/100|[from] item: Black Sludge
|upkeep
|turn|16
|
|t:|1665845153
|move|p2a: Ditto|Mystical Fire|p1a: Eternatus
|-resisted|p1a: Eternatus
|-damage|p1a: Eternatus|95/100
|-unboost|p1a: Eternatus|spa|1
|move|p1a: Eternatus|Cosmic Power|p1a: Eternatus
|-boost|p1a: Eternatus|def|1
|-boost|p1a: Eternatus|spd|1
|
|-heal|p1a: Eternatus|100/100|[from] item: Black Sludge
|upkeep
|turn|17
|
|t:|1665845162
|switch|p2a: Arceus|Arceus-Fairy|72/100
|-damage|p2a: Arceus|60/100|[from] Stealth Rock
|move|p1a: Eternatus|Toxic|p2a: Arceus
|-status|p2a: Arceus|tox
|
|-damage|p2a: Arceus|53/100 tox|[from] psn
|upkeep
|turn|18
|
|t:|1665845164
|move|p1a: Eternatus|Mystical Fire|p2a: Arceus
|-damage|p2a: Arceus|48/100 tox
|-unboost|p2a: Arceus|spa|1
|move|p2a: Arceus|Recover|p2a: Arceus
|-heal|p2a: Arceus|98/100 tox
|
|-damage|p2a: Arceus|86/100 tox|[from] psn
|upkeep
|turn|19
|
|t:|1665845167
|move|p1a: Eternatus|Mystical Fire|p2a: Arceus
|-damage|p2a: Arceus|81/100 tox
|-unboost|p2a: Arceus|spa|1
|move|p2a: Arceus|Recover|p2a: Arceus
|-heal|p2a: Arceus|100/100 tox
|
|-damage|p2a: Arceus|82/100 tox|[from] psn
|upkeep
|turn|20
|
|t:|1665845170
|switch|p2a: Ditto|Ditto, shiny|88/100
|-damage|p2a: Ditto|76/100|[from] Stealth Rock
|-transform|p2a: Ditto|p1a: Eternatus|[from] ability: Imposter
|-ability|p2a: Ditto|Pressure
|move|p1a: Eternatus|Mystical Fire|p2a: Ditto
|-resisted|p2a: Ditto
|-damage|p2a: Ditto|73/100
|-unboost|p2a: Ditto|spa|1
|
|upkeep
|turn|21
|
|t:|1665845173
|move|p2a: Ditto|Recover|p2a: Ditto
|-heal|p2a: Ditto|100/100
|move|p1a: Eternatus|Cosmic Power|p1a: Eternatus
|-boost|p1a: Eternatus|def|1
|-boost|p1a: Eternatus|spd|1
|
|upkeep
|turn|22
|
|t:|1665845177
|move|p2a: Ditto|Recover||[still]
|-fail|p2a: Ditto|heal
|move|p1a: Eternatus|Cosmic Power|p1a: Eternatus
|-boost|p1a: Eternatus|def|1
|-boost|p1a: Eternatus|spd|1
|
|upkeep
|turn|23
|
|t:|1665845180
|move|p2a: Ditto|Recover||[still]
|-fail|p2a: Ditto|heal
|move|p1a: Eternatus|Cosmic Power|p1a: Eternatus
|-boost|p1a: Eternatus|def|1
|-boost|p1a: Eternatus|spd|1
|
|upkeep
|turn|24
|
|t:|1665845189
|move|p2a: Ditto|Recover||[still]
|-fail|p2a: Ditto|heal
|move|p1a: Eternatus|Cosmic Power|p1a: Eternatus
|-boost|p1a: Eternatus|def|0
|-boost|p1a: Eternatus|spd|0
|
|upkeep
|turn|25
|
|t:|1665845192
|move|p2a: Ditto|Recover||[still]
|-fail|p2a: Ditto|heal
|move|p1a: Eternatus|Toxic|p2a: Ditto
|-immune|p2a: Ditto
|
|upkeep
|turn|26
|
|t:|1665845194
|switch|p2a: Arceus|Arceus-Fairy|82/100 tox
|-damage|p2a: Arceus|70/100 tox|[from] Stealth Rock
|move|p1a: Eternatus|Mystical Fire|p2a: Arceus
|-damage|p2a: Arceus|65/100 tox
|-unboost|p2a: Arceus|spa|1
|
|-damage|p2a: Arceus|59/100 tox|[from] psn
|upkeep
|turn|27
|
|t:|1665845196
|move|p1a: Eternatus|Mystical Fire|p2a: Arceus
|-damage|p2a: Arceus|54/100 tox
|-unboost|p2a: Arceus|spa|1
|move|p2a: Arceus|Recover|p2a: Arceus
|-heal|p2a: Arceus|100/100 tox
|
|-damage|p2a: Arceus|88/100 tox|[from] psn
|upkeep
|turn|28
|
|t:|1665845200
|switch|p2a: Ditto|Ditto, shiny|100/100
|-damage|p2a: Ditto|88/100|[from] Stealth Rock
|-transform|p2a: Ditto|p1a: Eternatus|[from] ability: Imposter
|-ability|p2a: Ditto|Pressure
|move|p1a: Eternatus|Mystical Fire|p2a: Ditto
|-resisted|p2a: Ditto
|-damage|p2a: Ditto|86/100
|-unboost|p2a: Ditto|spa|1
|
|upkeep
|turn|29
|
|t:|1665845205
|switch|p1a: Arceus|Arceus|28/100
|-damage|p1a: Arceus|15/100|[from] Stealth Rock
|move|p2a: Ditto|Recover|p2a: Ditto
|-heal|p2a: Ditto|100/100
|
|upkeep
|turn|30
|
|t:|1665845210
|switch|p2a: Buzzwole|Buzzwole|76/100
|-damage|p2a: Buzzwole|63/100|[from] Stealth Rock
|move|p1a: Arceus|Swords Dance|p1a: Arceus
|-boost|p1a: Arceus|atk|2
|
|upkeep
|turn|31
|
|t:|1665845214
|move|p1a: Arceus|Extreme Speed|p2a: Buzzwole
|-damage|p2a: Buzzwole|23/100
|-damage|p1a: Arceus|0 fnt|[from] item: Rocky Helmet|[of] p2a: Buzzwole
|faint|p1a: Arceus
|move|p2a: Buzzwole|Drain Punch|p1: Arceus|[notarget]
|-fail|p2a: Buzzwole
|
|upkeep
|
|t:|1665845218
|switch|p1a: Ditto|Ditto|100/100
|-damage|p1a: Ditto|88/100|[from] Stealth Rock
|-transform|p1a: Ditto|p2a: Buzzwole|[from] ability: Imposter
|turn|32
|
|t:|1665845227
|switch|p1a: Yveltal|Yveltal|100/100
|-damage|p1a: Yveltal|76/100|[from] Stealth Rock
|-ability|p1a: Yveltal|Dark Aura
|move|p2a: Buzzwole|Toxic|p1a: Yveltal
|-status|p1a: Yveltal|tox
|
|-damage|p1a: Yveltal|69/100 tox|[from] psn
|upkeep
|turn|33
|
|t:|1665845230
|switch|p2a: Arceus|Arceus-Fairy|88/100 tox
|-damage|p2a: Arceus|76/100 tox|[from] Stealth Rock
|move|p1a: Yveltal|Oblivion Wing|p2a: Arceus
|-damage|p2a: Arceus|56/100 tox
|-heal|p1a: Yveltal|87/100 tox|[from] drain|[of] p2a: Arceus
|
|-damage|p1a: Yveltal|75/100 tox|[from] psn
|-damage|p2a: Arceus|50/100 tox|[from] psn
|upkeep
|turn|34
|
|t:|1665845234
|move|p1a: Yveltal|Oblivion Wing|p2a: Arceus
|-damage|p2a: Arceus|29/100 tox
|-heal|p1a: Yveltal|92/100 tox|[from] drain|[of] p2a: Arceus
|move|p2a: Arceus|Judgment|p1a: Yveltal
|-supereffective|p1a: Yveltal
|-damage|p1a: Yveltal|11/100 tox
|-enditem|p1a: Yveltal|Weakness Policy
|-boost|p1a: Yveltal|atk|2|[from] item: Weakness Policy
|-boost|p1a: Yveltal|spa|2|[from] item: Weakness Policy
|
|-damage|p1a: Yveltal|0 fnt|[from] psn
|faint|p1a: Yveltal
|-damage|p2a: Arceus|16/100 tox|[from] psn
|upkeep
|
|t:|1665845238
|switch|p1a: Ditto|Ditto|88/100
|-damage|p1a: Ditto|76/100|[from] Stealth Rock
|-transform|p1a: Ditto|p2a: Arceus|[from] ability: Imposter
|turn|35
|
|t:|1665845242
|move|p1a: Ditto|Judgment|p2a: Arceus
|-damage|p2a: Arceus|4/100 tox
|move|p2a: Arceus|Recover|p2a: Arceus
|-heal|p2a: Arceus|54/100 tox
|
|-damage|p2a: Arceus|36/100 tox|[from] psn
|upkeep
|turn|36
|
|t:|1665845245
|move|p1a: Ditto|Judgment|p2a: Arceus
|-damage|p2a: Arceus|22/100 tox
|move|p2a: Arceus|Recover|p2a: Arceus
|-heal|p2a: Arceus|72/100 tox
|
|-damage|p2a: Arceus|48/100 tox|[from] psn
|upkeep
|turn|37
|
|t:|1665845248
|move|p1a: Ditto|Judgment|p2a: Arceus
|-damage|p2a: Arceus|35/100 tox
|move|p2a: Arceus|Recover|p2a: Arceus
|-heal|p2a: Arceus|85/100 tox
|
|-damage|p2a: Arceus|55/100 tox|[from] psn
|upkeep
|turn|38
|
|t:|1665845253
|move|p1a: Ditto|Judgment|p2a: Arceus
|-damage|p2a: Arceus|42/100 tox
|move|p2a: Arceus|Recover|p2a: Arceus
|-heal|p2a: Arceus|92/100 tox
|
|-damage|p2a: Arceus|56/100 tox|[from] psn
|upkeep
|turn|39
|
|t:|1665845256
|switch|p2a: Nihilego|Nihilego|100/100
|-damage|p2a: Nihilego|88/100|[from] Stealth Rock
|move|p1a: Ditto|Judgment|p2a: Nihilego
|-resisted|p2a: Nihilego
|-damage|p2a: Nihilego|79/100
|
|upkeep
|turn|40
|
|t:|1665845264
|switch|p1a: Eternatus|Eternatus|100/100
|-damage|p1a: Eternatus|88/100|[from] Stealth Rock
|-ability|p1a: Eternatus|Pressure
|move|p2a: Nihilego|Meteor Beam||[still]
|-prepare|p2a: Nihilego|Meteor Beam
|-boost|p2a: Nihilego|spa|1
|-enditem|p2a: Nihilego|Power Herb
|-anim|p2a: Nihilego|Meteor Beam|p1a: Eternatus
|-damage|p1a: Eternatus|22/100
|
|-heal|p1a: Eternatus|28/100|[from] item: Black Sludge
|upkeep
|turn|41
|
|t:|1665845269
|move|p1a: Eternatus|Recover|p1a: Eternatus
|-heal|p1a: Eternatus|78/100
|move|p2a: Nihilego|Power Gem|p1a: Eternatus
|-damage|p1a: Eternatus|38/100
|
|-heal|p1a: Eternatus|44/100|[from] item: Black Sludge
|upkeep
|turn|42
|
|t:|1665845274
|move|p1a: Eternatus|Recover|p1a: Eternatus
|-heal|p1a: Eternatus|94/100
|move|p2a: Nihilego|Meteor Beam||[still]
|-prepare|p2a: Nihilego|Meteor Beam
|-boost|p2a: Nihilego|spa|1
|
|-heal|p1a: Eternatus|100/100|[from] item: Black Sludge
|upkeep
|turn|43
|
|t:|1665845277
|move|p1a: Eternatus|Cosmic Power|p1a: Eternatus
|-boost|p1a: Eternatus|def|1
|-boost|p1a: Eternatus|spd|1
|move|p2a: Nihilego|Meteor Beam|p1a: Eternatus|[from]lockedmove
|-damage|p1a: Eternatus|41/100
|
|-heal|p1a: Eternatus|47/100|[from] item: Black Sludge
|upkeep
|turn|44
|
|t:|1665845287
|move|p1a: Eternatus|Recover|p1a: Eternatus
|-heal|p1a: Eternatus|97/100
|move|p2a: Nihilego|Hidden Power|p1a: Eternatus
|-supereffective|p1a: Eternatus
|-damage|p1a: Eternatus|60/100
|
|-heal|p1a: Eternatus|66/100|[from] item: Black Sludge
|upkeep
|turn|45
|
|t:|1665845290
|switch|p2a: Ditto|Ditto, shiny|100/100
|-damage|p2a: Ditto|88/100|[from] Stealth Rock
|-transform|p2a: Ditto|p1a: Eternatus|[from] ability: Imposter
|-ability|p2a: Ditto|Pressure
|move|p1a: Eternatus|Mystical Fire|p2a: Ditto
|-resisted|p2a: Ditto
|-damage|p2a: Ditto|79/100
|-unboost|p2a: Ditto|spa|1
|
|-heal|p1a: Eternatus|72/100|[from] item: Black Sludge
|upkeep
|turn|46
|
|t:|1665845294
|move|p2a: Ditto|Mystical Fire|p1a: Eternatus
|-resisted|p1a: Eternatus
|-damage|p1a: Eternatus|68/100
|-unboost|p1a: Eternatus|spa|1
|move|p1a: Eternatus|Cosmic Power|p1a: Eternatus
|-boost|p1a: Eternatus|def|1
|-boost|p1a: Eternatus|spd|1
|
|-heal|p1a: Eternatus|74/100|[from] item: Black Sludge
|upkeep
|turn|47
|j| cristo ronaldo
|
|t:|1665845296
|move|p2a: Ditto|Mystical Fire|p1a: Eternatus
|-resisted|p1a: Eternatus
|-damage|p1a: Eternatus|71/100
|-unboost|p1a: Eternatus|spa|1
|move|p1a: Eternatus|Cosmic Power|p1a: Eternatus
|-boost|p1a: Eternatus|def|1
|-boost|p1a: Eternatus|spd|1
|
|-heal|p1a: Eternatus|77/100|[from] item: Black Sludge
|upkeep
|turn|48
|
|t:|1665845299
|move|p2a: Ditto|Mystical Fire|p1a: Eternatus
|-resisted|p1a: Eternatus
|-damage|p1a: Eternatus|75/100
|-unboost|p1a: Eternatus|spa|1
|move|p1a: Eternatus|Mystical Fire|p2a: Ditto
|-resisted|p2a: Ditto
|-damage|p2a: Ditto|75/100
|-unboost|p2a: Ditto|spa|1
|
|-heal|p1a: Eternatus|81/100|[from] item: Black Sludge
|upkeep
|turn|49
|
|t:|1665845301
|switch|p2a: Arceus|Arceus-Fairy|56/100 tox
|-damage|p2a: Arceus|44/100 tox|[from] Stealth Rock
|move|p1a: Eternatus|Cosmic Power|p1a: Eternatus
|-boost|p1a: Eternatus|def|1
|-boost|p1a: Eternatus|spd|1
|
|-heal|p1a: Eternatus|87/100|[from] item: Black Sludge
|-damage|p2a: Arceus|37/100 tox|[from] psn
|upkeep
|turn|50
|
|t:|1665845305
|move|p1a: Eternatus|Mystical Fire|p2a: Arceus
|-damage|p2a: Arceus|32/100 tox
|-unboost|p2a: Arceus|spa|1
|move|p2a: Arceus|Recover|p2a: Arceus
|-heal|p2a: Arceus|82/100 tox
|
|-heal|p1a: Eternatus|93/100|[from] item: Black Sludge
|-damage|p2a: Arceus|70/100 tox|[from] psn
|upkeep
|turn|51
|
|t:|1665845307
|move|p1a: Eternatus|Mystical Fire|p2a: Arceus
|-damage|p2a: Arceus|65/100 tox
|-unboost|p2a: Arceus|spa|1
|move|p2a: Arceus|Recover|p2a: Arceus
|-heal|p2a: Arceus|100/100 tox
|
|-heal|p1a: Eternatus|99/100|[from] item: Black Sludge
|-damage|p2a: Arceus|82/100 tox|[from] psn
|upkeep
|turn|52
|
|t:|1665845309
|switch|p1a: Ditto|Ditto|76/100
|-damage|p1a: Ditto|63/100|[from] Stealth Rock
|-transform|p1a: Ditto|p2a: Arceus|[from] ability: Imposter
|switch|p2a: Ditto|Ditto, shiny|75/100
|-damage|p2a: Ditto|63/100|[from] Stealth Rock
|
|upkeep
|turn|53
|
|t:|1665845313
|switch|p2a: Nihilego|Nihilego|79/100
|-damage|p2a: Nihilego|66/100|[from] Stealth Rock
|move|p1a: Ditto|Judgment|p2a: Nihilego
|-resisted|p2a: Nihilego
|-damage|p2a: Nihilego|61/100
|
|upkeep
|turn|54
|
|t:|1665845320
|move|p1a: Ditto|Judgment|p2a: Nihilego
|-resisted|p2a: Nihilego
|-damage|p2a: Nihilego|56/100
|move|p2a: Nihilego|Meteor Beam||[still]
|-prepare|p2a: Nihilego|Meteor Beam
|-boost|p2a: Nihilego|spa|1
|
|upkeep
|turn|55
|
|t:|1665845323
|switch|p1a: Eternatus|Eternatus|99/100
|-damage|p1a: Eternatus|87/100|[from] Stealth Rock
|-ability|p1a: Eternatus|Pressure
|move|p2a: Nihilego|Meteor Beam|p1a: Eternatus|[from]lockedmove
|-damage|p1a: Eternatus|18/100
|
|-heal|p1a: Eternatus|25/100|[from] item: Black Sludge
|upkeep
|turn|56
|
|t:|1665845327
|switch|p1a: Ditto|Ditto|63/100
|-damage|p1a: Ditto|51/100|[from] Stealth Rock
|-transform|p1a: Ditto|p2a: Nihilego|[from] ability: Imposter
|move|p2a: Nihilego|Meteor Beam||[still]
|-prepare|p2a: Nihilego|Meteor Beam
|-boost|p2a: Nihilego|spa|1
|
|upkeep
|turn|57
|
|t:|1665845333
|-start|p1a: Ditto|Dynamax|
|-heal|p1a: Ditto|51/100|[silent]
|move|p2a: Nihilego|Meteor Beam|p1a: Ditto|[from]lockedmove
|-damage|p1a: Ditto|2/100
|move|p1a: Ditto|Max Rockfall|p2a: Nihilego
|-damage|p2a: Nihilego|0 fnt
|-weather|Sandstorm
|faint|p2a: Nihilego
|-ability|p1a: Ditto|Beast Boost|boost
|-boost|p1a: Ditto|spe|1
|
|-weather|Sandstorm|[upkeep]
|upkeep
|
|t:|1665845336
|switch|p2a: Arceus|Arceus|100/100
|-damage|p2a: Arceus|88/100|[from] Stealth Rock
|turn|58
|
|t:|1665845339
|move|p2a: Arceus|Extreme Speed|p1a: Ditto
|-resisted|p1a: Ditto
|-damage|p1a: Ditto|0 fnt
|faint|p1a: Ditto
|
|-weather|Sandstorm|[upkeep]
|-damage|p2a: Arceus|82/100|[from] Sandstorm
|upkeep
|-message|diggersboy660 forfeited.
|
|win|Reincarnation of …
|raw|diggersboy660's rating: 1794 &rarr; <strong>1780</strong><br />(-14 for losing)
|raw|Reincarnation of …'s rating: 1903 &rarr; <strong>1917</strong><br />(+14 for winning)
|l|☆diggersboy660
