|j|☆kanandevanxxviii
|j|☆Booooty Bandit
|t:|1636856091
|gametype|singles
|player|p1|kanandevanxxviii|alder|1401
|player|p2|Booooty Bandit|ethan|1538
|teamsize|p1|6
|teamsize|p2|6
|gen|8
|tier|[Gen 8] National Dex AG
|rated|
|rule|HP Percentage Mod: HP is shown in percentages
|rule|Endless Battle Clause: Forcing endless battles is banned
|clearpoke
|poke|p1|Dialga|
|poke|p1|Ho-Oh|
|poke|p1|Lunala|
|poke|p1|Kyogre|
|poke|p1|Tyranitar, M|
|poke|p1|Yveltal|
|poke|p2|Zacian-*|
|poke|p2|Marshadow|
|poke|p2|Forretress, F|
|poke|p2|Serperior, M|
|poke|p2|Bisharp, M|
|poke|p2|Gengar, M|
|teampreview
|inactive|Battle timer is ON: inactive players will automatically lose when time's up. (requested by kanandevanxxviii)
|
|t:|1636856102
|start
|switch|p1a: Ho-Oh|Ho-Oh|100/100
|switch|p2a: Gengar|Gengar, M, shiny|100/100
|turn|1
|
|t:|1636856108
|switch|p1a: Tyranitar|Tyranitar, M|100/100
|-weather|Sandstorm|[from] ability: Sand Stream|[of] p1a: Tyranitar
|detailschange|p2a: Gengar|Gengar-Mega, M, shiny
|-mega|p2a: Gengar|Gengar|Gengarite
|move|p2a: Gengar|Thunderbolt|p1a: Tyranitar
|-damage|p1a: Tyranitar|80/100
|
|-weather|Sandstorm|[upkeep]
|-damage|p2a: Gengar|94/100|[from] Sandstorm
|upkeep
|turn|2
|
|t:|1636856119
|-activate|p2a: Gengar|move: Pursuit
|detailschange|p1a: Tyranitar|Tyranitar-Mega, M
|-mega|p1a: Tyranitar|Tyranitar|Tyranitarite
|move|p1a: Tyranitar|Pursuit|p2a: Gengar|[from]Pursuit
|-supereffective|p2a: Gengar
|-damage|p2a: Gengar|0 fnt
|faint|p2a: Gengar
|-hint|A Pokemon can't switch between when it runs out of HP and when it faints
|
|-weather|Sandstorm|[upkeep]
|upkeep
|
|t:|1636856127
|switch|p2a: Serperior|Serperior, M|100/100
|turn|3
|
|t:|1636856132
|switch|p1a: Ho-Oh|Ho-Oh|100/100
|move|p2a: Serperior|Glare|p1a: Ho-Oh
|-status|p1a: Ho-Oh|par
|
|-weather|Sandstorm|[upkeep]
|-damage|p2a: Serperior|94/100|[from] Sandstorm
|-damage|p1a: Ho-Oh|94/100 par|[from] Sandstorm
|upkeep
|turn|4
|j| pokemon_loover
|
|t:|1636856149
|switch|p2a: Bisharp|Bisharp, M|100/100
|move|p1a: Ho-Oh|Sacred Fire|p2a: Bisharp
|-supereffective|p2a: Bisharp
|-damage|p2a: Bisharp|9/100
|-status|p2a: Bisharp|brn
|
|-weather|Sandstorm|[upkeep]
|-damage|p1a: Ho-Oh|88/100 par|[from] Sandstorm
|-damage|p2a: Bisharp|3/100 brn|[from] brn
|upkeep
|turn|5
|
|t:|1636856160
|switch|p1a: Dialga|Dialga|100/100
|-ability|p1a: Dialga|Pressure
|move|p2a: Bisharp|Knock Off|p1a: Dialga
|-damage|p1a: Dialga|86/100
|-enditem|p1a: Dialga|Leftovers|[from] move: Knock Off|[of] p2a: Bisharp
|
|-weather|none
|-damage|p2a: Bisharp|0 fnt|[from] brn
|faint|p2a: Bisharp
|upkeep
|
|t:|1636856170
|switch|p2a: Zacian|Zacian-Crowned|100/100
|-ability|p2a: Zacian|Intrepid Sword|boost
|-boost|p2a: Zacian|atk|1
|turn|6
|
|t:|1636856175
|move|p2a: Zacian|Close Combat|p1a: Dialga
|-supereffective|p1a: Dialga
|-damage|p1a: Dialga|0 fnt
|-unboost|p2a: Zacian|def|1
|-unboost|p2a: Zacian|spd|1
|faint|p1a: Dialga
|
|upkeep
|
|t:|1636856182
|switch|p1a: Ho-Oh|Ho-Oh|100/100 par
|turn|7
|
|t:|1636856185
|move|p2a: Zacian|Wild Charge|p1a: Ho-Oh
|-supereffective|p1a: Ho-Oh
|-damage|p1a: Ho-Oh|20/100 par
|-damage|p2a: Zacian|75/100|[from] Recoil
|move|p1a: Ho-Oh|Sacred Fire|p2a: Zacian
|-supereffective|p2a: Zacian
|-damage|p2a: Zacian|0 fnt
|faint|p2a: Zacian
|
|upkeep
|
|t:|1636856193
|switch|p2a: Marshadow|Marshadow|100/100
|turn|8
|
|t:|1636856199
|switch|p1a: Tyranitar|Tyranitar-Mega, M|80/100
|-weather|Sandstorm|[from] ability: Sand Stream|[of] p1a: Tyranitar
|move|p2a: Marshadow|Spectral Thief|p1a: Tyranitar
|-resisted|p1a: Tyranitar
|-damage|p1a: Tyranitar|66/100
|
|-weather|Sandstorm|[upkeep]
|-damage|p2a: Marshadow|94/100|[from] Sandstorm
|upkeep
|turn|9
|
|t:|1636856211
|move|p2a: Marshadow|Drain Punch|p1a: Tyranitar
|-supereffective|p1a: Tyranitar
|-damage|p1a: Tyranitar|0 fnt
|-heal|p2a: Marshadow|100/100|[from] drain|[of] p1a: Tyranitar
|faint|p1a: Tyranitar
|
|-weather|Sandstorm|[upkeep]
|-damage|p2a: Marshadow|94/100|[from] Sandstorm
|upkeep
|
|t:|1636856223
|switch|p1a: Yveltal|Yveltal|100/100
|-ability|p1a: Yveltal|Dark Aura
|turn|10
|
|t:|1636856229
|switch|p2a: Forretress|Forretress, F|100/100
|-start|p1a: Yveltal|Dynamax
|-heal|p1a: Yveltal|100/100|[silent]
|move|p1a: Yveltal|Max Airstream|p2a: Forretress
|-damage|p2a: Forretress|46/100
|-boost|p1a: Yveltal|spe|1
|
|-weather|Sandstorm|[upkeep]
|-damage|p1a: Yveltal|97/100|[from] Sandstorm
|upkeep
|turn|11
|
|t:|1636856239
|move|p1a: Yveltal|Max Darkness|p2a: Forretress
|-damage|p2a: Forretress|0 fnt
|faint|p2a: Forretress
|
|-weather|Sandstorm|[upkeep]
|-damage|p1a: Yveltal|94/100|[from] Sandstorm
|upkeep
|
|t:|1636856252
|switch|p2a: Marshadow|Marshadow|94/100
|turn|12
|
|t:|1636856256
|move|p1a: Yveltal|Max Airstream|p2a: Marshadow
|-supereffective|p2a: Marshadow
|-damage|p2a: Marshadow|0 fnt
|-boost|p1a: Yveltal|spe|1
|faint|p2a: Marshadow
|
|-weather|none
|-end|p1a: Yveltal|Dynamax
|-heal|p1a: Yveltal|94/100|[silent]
|upkeep
|
|t:|1636856265
|switch|p2a: Serperior|Serperior, M|94/100
|turn|13
|
|t:|1636856268
|move|p1a: Yveltal|Knock Off|p2a: Serperior
|-damage|p2a: Serperior|0 fnt
|-enditem|p2a: Serperior|Focus Sash|[from] move: Knock Off|[of] p1a: Yveltal
|faint|p2a: Serperior
|
|win|kanandevanxxviii
|raw|kanandevanxxviii's rating: 1401 &rarr; <strong>1429</strong><br />(+28 for winning)
|raw|Booooty Bandit's rating: 1538 &rarr; <strong>1510</strong><br />(-28 for losing)
|l|☆kanandevanxxviii
|l|☆Booooty Bandit
