|j|☆yoshifanfic
|j|☆MRH1106
|t:|1658898456
|gametype|singles
|player|p1|yoshifanfic|2|1551
|player|p2|MRH1106|ghetsis|1771
|teamsize|p1|6
|teamsize|p2|6
|gen|8
|tier|[Gen 8] National Dex AG
|rated|
|rule|HP Percentage Mod: HP is shown in percentages
|rule|Endless Battle Clause: Forcing endless battles is banned
|clearpoke
|poke|p1|Calyrex-Shadow|
|poke|p1|Zacian-*|
|poke|p1|Slowbro, F|
|poke|p1|Blissey, F|
|poke|p1|Liepard, F|
|poke|p1|Volcarona, F|
|poke|p2|Zacian-*|
|poke|p2|Calyrex-Shadow|
|poke|p2|Rayquaza|
|poke|p2|Ditto|
|poke|p2|Yveltal|
|poke|p2|Arceus-*|
|teampreview
|inactive|Battle timer is ON: inactive players will automatically lose when time's up. (requested by MRH1106)
|inactive|yoshifanfic also wants the timer to be on.
|inactive|MRH1106 has 120 seconds left.
|
|t:|1658898495
|start
|switch|p1a: Liepard|Liepard, F|100/100
|switch|p2a: YeeHaw~|Calyrex-Shadow|100/100
|-ability|p2a: YeeHaw~|As One
|-ability|p2a: YeeHaw~|Unnerve
|turn|1
|
|t:|1658898503
|move|p1a: Liepard|Substitute|p1a: Liepard
|-start|p1a: Liepard|Substitute
|-damage|p1a: Liepard|76/100
|move|p2a: YeeHaw~|Nasty Plot|p2a: YeeHaw~
|-boost|p2a: YeeHaw~|spa|2
|
|-heal|p1a: Liepard|82/100|[from] item: Leftovers
|upkeep
|turn|2
|
|t:|1658898507
|move|p1a: Liepard|Encore|p2a: YeeHaw~
|-start|p2a: YeeHaw~|Encore
|move|p2a: YeeHaw~|Nasty Plot|p2a: YeeHaw~
|-boost|p2a: YeeHaw~|spa|2
|
|-heal|p1a: Liepard|88/100|[from] item: Leftovers
|upkeep
|turn|3
|
|t:|1658898511
|move|p2a: YeeHaw~|Nasty Plot|p2a: YeeHaw~
|-boost|p2a: YeeHaw~|spa|2
|move|p1a: Liepard|Knock Off|p2a: YeeHaw~
|-supereffective|p2a: YeeHaw~
|-enditem|p2a: YeeHaw~|Focus Sash
|-damage|p2a: YeeHaw~|1/100
|
|-heal|p1a: Liepard|93/100|[from] item: Leftovers
|upkeep
|turn|4
|
|t:|1658898522
|switch|p2a: Legit god|Arceus-Ground|100/100
|move|p1a: Liepard|Baton Pass|p1a: Liepard
|
|t:|1658898533
|switch|p1a: Calyrex|Calyrex-Shadow|100/100|[from]move: Baton Pass
|-ability|p1a: Calyrex|As One
|-ability|p1a: Calyrex|Unnerve
|
|upkeep
|turn|5
|
|t:|1658898538
|move|p1a: Calyrex|Nasty Plot|p1a: Calyrex
|-boost|p1a: Calyrex|spa|2
|move|p2a: Legit god|Judgment|p1a: Calyrex
|-end|p1a: Calyrex|Substitute
|
|upkeep
|turn|6
|
|t:|1658898548
|move|p1a: Calyrex|Astral Barrage|p2a: Legit god
|-damage|p2a: Legit god|0 fnt
|faint|p2a: Legit god
|-ability|p1a: Calyrex|Grim Neigh|boost
|-boost|p1a: Calyrex|spa|1
|
|upkeep
|
|t:|1658898554
|switch|p2a: YeeHaw~|Calyrex-Shadow|1/100
|-ability|p2a: YeeHaw~|As One
|-ability|p2a: YeeHaw~|Unnerve
|turn|7
|
|t:|1658898564
|move|p1a: Calyrex|Draining Kiss|p2a: YeeHaw~
|-damage|p2a: YeeHaw~|0 fnt
|faint|p2a: YeeHaw~
|-ability|p1a: Calyrex|Grim Neigh|boost
|-boost|p1a: Calyrex|spa|1
|
|upkeep
|
|t:|1658898578
|switch|p2a: Hells dragon|Yveltal, shiny|100/100
|-ability|p2a: Hells dragon|Dark Aura
|turn|8
|
|t:|1658898584
|-start|p1a: Calyrex|Dynamax|
|-heal|p1a: Calyrex|100/100|[silent]
|move|p2a: Hells dragon|Sucker Punch|p1a: Calyrex
|-supereffective|p1a: Calyrex
|-enditem|p1a: Calyrex|Focus Sash
|-damage|p1a: Calyrex|1/100
|-damage|p2a: Hells dragon|91/100|[from] item: Life Orb
|move|p1a: Calyrex|Max Starfall|p2a: Hells dragon
|-supereffective|p2a: Hells dragon
|-damage|p2a: Hells dragon|0 fnt
|-fieldstart|move: Misty Terrain
|faint|p2a: Hells dragon
|-ability|p1a: Calyrex|Grim Neigh|boost
|-boost|p1a: Calyrex|spa|1
|
|upkeep
|
|t:|1658898587
|switch|p2a: Fuck you <3|Ditto, shiny|100/100
|-transform|p2a: Fuck you <3|p1a: Calyrex|[from] ability: Imposter
|turn|9
|
|t:|1658898604
|move|p1a: Calyrex|Max Guard|p1a: Calyrex
|-singleturn|p1a: Calyrex|Max Guard
|move|p2a: Fuck you <3|Psyshock|p1a: Calyrex
|-activate|p1a: Calyrex|move: Max Guard
|
|upkeep
|turn|10
|
|t:|1658898610
|-end|p1a: Calyrex|Dynamax
|-heal|p1a: Calyrex|1/100|[silent]
|switch|p1a: Liepard|Liepard, F|93/100
|-start|p2a: Fuck you <3|Dynamax|
|-heal|p2a: Fuck you <3|100/100|[silent]
|move|p2a: Fuck you <3|Max Starfall|p1a: Liepard
|-supereffective|p1a: Liepard
|-damage|p1a: Liepard|0 fnt
|faint|p1a: Liepard
|-ability|p2a: Fuck you <3|Grim Neigh|boost
|-boost|p2a: Fuck you <3|spa|1
|
|upkeep
|
|t:|1658898629
|switch|p1a: Zacian|Zacian-Crowned|100/100
|-ability|p1a: Zacian|Intrepid Sword|boost
|-boost|p1a: Zacian|atk|1
|turn|11
|
|t:|1658898633
|switch|p1a: Calyrex|Calyrex-Shadow|1/100
|-ability|p1a: Calyrex|As One
|-ability|p1a: Calyrex|Unnerve
|move|p2a: Fuck you <3|Max Phantasm|p1a: Calyrex
|-supereffective|p1a: Calyrex
|-damage|p1a: Calyrex|0 fnt
|faint|p1a: Calyrex
|
|upkeep
|
|t:|1658898642
|switch|p1a: Zacian|Zacian-Crowned|100/100
|-ability|p1a: Zacian|Intrepid Sword|boost
|-boost|p1a: Zacian|atk|1
|turn|12
|
|t:|1658898658
|switch|p1a: Blissey|Blissey, F|100/100
|move|p2a: Fuck you <3|Max Mindstorm|p1a: Blissey
|-damage|p1a: Blissey|0 fnt
|-fieldstart|move: Psychic Terrain
|faint|p1a: Blissey
|
|upkeep
|
|t:|1658898665
|switch|p1a: Zacian|Zacian-Crowned|100/100
|-ability|p1a: Zacian|Intrepid Sword|boost
|-boost|p1a: Zacian|atk|1
|-end|p2a: Fuck you <3|Dynamax
|-heal|p2a: Fuck you <3|100/100|[silent]
|turn|13
|
|t:|1658898671
|move|p2a: Fuck you <3|Psyshock|p1a: Zacian
|-resisted|p1a: Zacian
|-damage|p1a: Zacian|0 fnt
|faint|p1a: Zacian
|
|upkeep
|
|t:|1658898677
|switch|p1a: Volcarona|Volcarona, F|100/100
|turn|14
|
|t:|1658898683
|move|p2a: Fuck you <3|Psyshock|p1a: Volcarona
|-damage|p1a: Volcarona|0 fnt
|faint|p1a: Volcarona
|
|upkeep
|
|t:|1658898686
|switch|p1a: Slowbro|Slowbro, F|100/100
|turn|15
|
|t:|1658898690
|detailschange|p1a: Slowbro|Slowbro-Mega, F
|-mega|p1a: Slowbro|Slowbro|Slowbronite
|move|p2a: Fuck you <3|Psyshock|p1a: Slowbro
|-resisted|p1a: Slowbro
|-damage|p1a: Slowbro|49/100
|move|p1a: Slowbro|Scald|p2a: Fuck you <3
|-damage|p2a: Fuck you <3|61/100
|-status|p2a: Fuck you <3|brn
|
|-damage|p2a: Fuck you <3|55/100 brn|[from] brn
|upkeep
|turn|16
|
|t:|1658898700
|switch|p2a: Knifepuppy|Zacian-Crowned|100/100
|-ability|p2a: Knifepuppy|Intrepid Sword|boost
|-boost|p2a: Knifepuppy|atk|1
|move|p1a: Slowbro|Slack Off|p1a: Slowbro
|-heal|p1a: Slowbro|99/100
|
|-fieldend|move: Psychic Terrain
|upkeep
|turn|17
|
|t:|1658898719
|move|p2a: Knifepuppy|Crunch|p1a: Slowbro
|-supereffective|p1a: Slowbro
|-damage|p1a: Slowbro|61/100
|-unboost|p1a: Slowbro|def|1
|move|p1a: Slowbro|Iron Defense|p1a: Slowbro
|-boost|p1a: Slowbro|def|2
|
|upkeep
|turn|18
|
|t:|1658898730
|move|p2a: Knifepuppy|Crunch|p1a: Slowbro
|-supereffective|p1a: Slowbro
|-damage|p1a: Slowbro|35/100
|move|p1a: Slowbro|Slack Off|p1a: Slowbro
|-heal|p1a: Slowbro|85/100
|
|upkeep
|turn|19
|
|t:|1658898735
|switch|p2a: Fuck you <3|Ditto, shiny|55/100 brn
|-transform|p2a: Fuck you <3|p1a: Slowbro|[from] ability: Imposter
|move|p1a: Slowbro|Iron Defense|p1a: Slowbro
|-boost|p1a: Slowbro|def|2
|
|-damage|p2a: Fuck you <3|49/100 brn|[from] brn
|upkeep
|turn|20
|
|t:|1658898750
|switch|p2a: Rayyyy|Rayquaza|100/100
|-ability|p2a: Rayyyy|Air Lock
|move|p1a: Slowbro|Scald|p2a: Rayyyy
|-resisted|p2a: Rayyyy
|-damage|p2a: Rayyyy|82/100
|
|upkeep
|turn|21
|
|t:|1658898759
|detailschange|p2a: Rayyyy|Rayquaza-Mega
|-mega|p2a: Rayyyy|Rayquaza|
|-weather|DeltaStream|[from] ability: Delta Stream|[of] p2a: Rayyyy
|move|p2a: Rayyyy|Dragon Dance|p2a: Rayyyy
|-boost|p2a: Rayyyy|atk|1
|-boost|p2a: Rayyyy|spe|1
|move|p1a: Slowbro|Iron Defense|p1a: Slowbro
|-boost|p1a: Slowbro|def|2
|
|-weather|DeltaStream|[upkeep]
|upkeep
|turn|22
|
|t:|1658898764
|move|p2a: Rayyyy|Dragon Dance|p2a: Rayyyy
|-boost|p2a: Rayyyy|atk|1
|-boost|p2a: Rayyyy|spe|1
|move|p1a: Slowbro|Slack Off|p1a: Slowbro
|-heal|p1a: Slowbro|100/100
|
|-weather|DeltaStream|[upkeep]
|upkeep
|turn|23
|
|t:|1658898767
|move|p2a: Rayyyy|Dragon Dance|p2a: Rayyyy
|-boost|p2a: Rayyyy|atk|1
|-boost|p2a: Rayyyy|spe|1
|move|p1a: Slowbro|Body Press|p2a: Rayyyy
|-resisted|p2a: Rayyyy
|-damage|p2a: Rayyyy|18/100
|
|-weather|DeltaStream|[upkeep]
|upkeep
|turn|24
|
|t:|1658898770
|move|p2a: Rayyyy|Dragon Ascent|p1a: Slowbro
|-damage|p1a: Slowbro|77/100
|-unboost|p2a: Rayyyy|def|1
|-unboost|p2a: Rayyyy|spd|1
|move|p1a: Slowbro|Body Press|p2a: Rayyyy
|-resisted|p2a: Rayyyy
|-damage|p2a: Rayyyy|0 fnt
|faint|p2a: Rayyyy
|-weather|none
|
|upkeep
|
|t:|1658898776
|switch|p2a: Knifepuppy|Zacian-Crowned|100/100
|-ability|p2a: Knifepuppy|Intrepid Sword|boost
|-boost|p2a: Knifepuppy|atk|1
|turn|25
|
|t:|1658898784
|move|p2a: Knifepuppy|Wild Charge|p1a: Slowbro
|-supereffective|p1a: Slowbro
|-damage|p1a: Slowbro|63/100
|-damage|p2a: Knifepuppy|96/100|[from] Recoil
|move|p1a: Slowbro|Body Press|p2a: Knifepuppy
|-damage|p2a: Knifepuppy|0 fnt
|faint|p2a: Knifepuppy
|
|upkeep
|
|t:|1658898786
|switch|p2a: Fuck you <3|Ditto, shiny|49/100 brn
|-transform|p2a: Fuck you <3|p1a: Slowbro|[from] ability: Imposter
|turn|26
|
|t:|1658898790
|move|p2a: Fuck you <3|Body Press|p1a: Slowbro
|-resisted|p1a: Slowbro
|-damage|p1a: Slowbro|59/100
|move|p1a: Slowbro|Slack Off|p1a: Slowbro
|-heal|p1a: Slowbro|100/100
|
|-damage|p2a: Fuck you <3|43/100 brn|[from] brn
|upkeep
|turn|27
|-message|MRH1106 forfeited.
|
|win|yoshifanfic
|raw|yoshifanfic's rating: 1551 &rarr; <strong>1582</strong><br />(+31 for winning)
|raw|MRH1106's rating: 1771 &rarr; <strong>1740</strong><br />(-31 for losing)
|l|☆MRH1106
