|j|☆diggersboy660
|j|☆Whitedevil12345678
|t:|1665000157
|gametype|singles
|player|p1|diggersboy660|n|1764
|player|p2|Whitedevil12345678|blue-gen3two|1943
|teamsize|p1|6
|teamsize|p2|6
|gen|8
|tier|[Gen 8] National Dex AG
|rated|
|rule|HP Percentage Mod: HP is shown in percentages
|rule|Endless Battle Clause: Forcing endless battles is banned
|clearpoke
|poke|p1|Ditto|
|poke|p1|Relicanth, M|
|poke|p1|Yveltal|
|poke|p1|Arceus-*|
|poke|p1|Xerneas-*|
|poke|p1|Eternatus|
|poke|p2|Arceus-*|
|poke|p2|Ditto|
|poke|p2|Ho-Oh|
|poke|p2|Arceus-*|
|poke|p2|Groudon|
|poke|p2|Kyogre|
|teampreview
|inactive|Battle timer is ON: inactive players will automatically lose when time's up. (requested by Whitedevil12345678)
|
|t:|1665000179
|start
|switch|p1a: Relicanth|Relicanth, M|100/100
|switch|p2a: Arceus|Arceus-Fairy|100/100
|turn|1
|
|t:|1665000182
|move|p2a: Arceus|Judgment|p1a: Relicanth
|-damage|p1a: Relicanth|36/100
|move|p1a: Relicanth|Yawn|p2a: Arceus
|-start|p2a: Arceus|move: Yawn|[of] p1a: Relicanth
|
|upkeep
|turn|2
|
|t:|1665000189
|switch|p2a: Arceus|Arceus|100/100
|move|p1a: Relicanth|Stealth Rock|p2a: Arceus
|-sidestart|p2: Whitedevil12345678|move: Stealth Rock
|
|upkeep
|turn|3
|
|t:|1665000198
|move|p1a: Relicanth|Endure|p1a: Relicanth
|-singleturn|p1a: Relicanth|move: Endure
|move|p2a: Arceus|Earthquake|p1a: Relicanth
|-supereffective|p1a: Relicanth
|-activate|p1a: Relicanth|move: Endure
|-damage|p1a: Relicanth|1/100
|
|upkeep
|turn|4
|-enditem|p1a: Relicanth|Custap Berry|[eat]
|-activate|p1a: Relicanth|item: Custap Berry|[consumed]
|
|t:|1665000202
|move|p1a: Relicanth|Yawn|p2a: Arceus
|-start|p2a: Arceus|move: Yawn|[of] p1a: Relicanth
|move|p2a: Arceus|Earthquake|p1a: Relicanth
|-supereffective|p1a: Relicanth
|-damage|p1a: Relicanth|0 fnt
|faint|p1a: Relicanth
|
|upkeep
|
|t:|1665000205
|switch|p1a: Xerneas|Xerneas|100/100
|-ability|p1a: Xerneas|Fairy Aura
|turn|5
|
|t:|1665000211
|switch|p2a: Ho-Oh|Ho-Oh|100/100
|move|p1a: Xerneas|Geomancy||[still]
|-prepare|p1a: Xerneas|Geomancy
|-enditem|p1a: Xerneas|Power Herb
|-anim|p1a: Xerneas|Geomancy|p1a: Xerneas
|-boost|p1a: Xerneas|spa|2
|-boost|p1a: Xerneas|spd|2
|-boost|p1a: Xerneas|spe|2
|
|upkeep
|turn|6
|
|t:|1665000220
|move|p1a: Xerneas|Draining Kiss|p2a: Ho-Oh
|-resisted|p2a: Ho-Oh
|-damage|p2a: Ho-Oh|76/100
|move|p2a: Ho-Oh|Sacred Fire|p1a: Xerneas
|-damage|p1a: Xerneas|66/100
|
|upkeep
|turn|7
|
|t:|1665000224
|move|p1a: Xerneas|Geomancy||[still]
|-prepare|p1a: Xerneas|Geomancy
|move|p2a: Ho-Oh|Sacred Fire|p1a: Xerneas
|-damage|p1a: Xerneas|27/100
|-status|p1a: Xerneas|brn
|
|-damage|p1a: Xerneas|21/100 brn|[from] brn
|upkeep
|turn|8
|
|t:|1665000231
|move|p1a: Xerneas|Geomancy|p1a: Xerneas|[from]lockedmove
|-boost|p1a: Xerneas|spa|2
|-boost|p1a: Xerneas|spd|2
|-boost|p1a: Xerneas|spe|2
|move|p2a: Ho-Oh|Sacred Fire|p1a: Xerneas
|-damage|p1a: Xerneas|0 fnt
|faint|p1a: Xerneas
|
|upkeep
|
|t:|1665000233
|switch|p1a: Eternatus|Eternatus|100/100
|-ability|p1a: Eternatus|Pressure
|turn|9
|
|t:|1665000240
|move|p1a: Eternatus|Toxic|p2a: Ho-Oh
|-status|p2a: Ho-Oh|tox
|move|p2a: Ho-Oh|Earthquake|p1a: Eternatus
|-supereffective|p1a: Eternatus
|-damage|p1a: Eternatus|54/100
|
|-heal|p1a: Eternatus|60/100|[from] item: Black Sludge
|-damage|p2a: Ho-Oh|70/100 tox|[from] psn
|upkeep
|turn|10
|
|t:|1665000247
|switch|p2a: Groudon|Groudon|100/100
|-damage|p2a: Groudon|94/100|[from] Stealth Rock
|detailschange|p2a: Groudon|Groudon-Primal
|-primal|p2a: Groudon
|-weather|DesolateLand|[from] ability: Desolate Land|[of] p2a: Groudon
|move|p1a: Eternatus|Cosmic Power|p1a: Eternatus
|-boost|p1a: Eternatus|def|1
|-boost|p1a: Eternatus|spd|1
|
|-weather|DesolateLand|[upkeep]
|-heal|p1a: Eternatus|66/100|[from] item: Black Sludge
|upkeep
|turn|11
|
|t:|1665000251
|move|p1a: Eternatus|Cosmic Power|p1a: Eternatus
|-boost|p1a: Eternatus|def|1
|-boost|p1a: Eternatus|spd|1
|move|p2a: Groudon|Earth Power|p1a: Eternatus
|-supereffective|p1a: Eternatus
|-damage|p1a: Eternatus|30/100
|
|-weather|DesolateLand|[upkeep]
|-heal|p1a: Eternatus|36/100|[from] item: Black Sludge
|upkeep
|turn|12
|
|t:|1665000259
|-weather|none
|switch|p2a: Arceus|Arceus|100/100
|-damage|p2a: Arceus|88/100|[from] Stealth Rock
|move|p1a: Eternatus|Recover|p1a: Eternatus
|-heal|p1a: Eternatus|86/100
|
|-heal|p1a: Eternatus|93/100|[from] item: Black Sludge
|upkeep
|turn|13
|
|t:|1665000262
|move|p1a: Eternatus|Toxic|p2a: Arceus
|-status|p2a: Arceus|tox
|move|p2a: Arceus|Trick|p1a: Eternatus
|-activate|p2a: Arceus|move: Trick|[of] p1a: Eternatus
|-item|p1a: Eternatus|Choice Band|[from] move: Trick
|-item|p2a: Arceus|Black Sludge|[from] move: Trick
|
|-damage|p2a: Arceus|76/100 tox|[from] item: Black Sludge
|-damage|p2a: Arceus|70/100 tox|[from] psn
|upkeep
|turn|14
|
|t:|1665000271
|switch|p1a: Yveltal|Yveltal|100/100
|-ability|p1a: Yveltal|Dark Aura
|switch|p2a: Ho-Oh|Ho-Oh|100/100 tox
|
|-damage|p2a: Ho-Oh|94/100 tox|[from] psn
|upkeep
|turn|15
|
|t:|1665000277
|move|p1a: Yveltal|Taunt|p2a: Ho-Oh
|-start|p2a: Ho-Oh|move: Taunt
|move|p2a: Ho-Oh|Sacred Fire|p1a: Yveltal
|-damage|p1a: Yveltal|57/100
|
|-damage|p2a: Ho-Oh|82/100 tox|[from] psn
|upkeep
|turn|16
|
|t:|1665000280
|move|p1a: Yveltal|Oblivion Wing|p2a: Ho-Oh
|-damage|p2a: Ho-Oh|52/100 tox
|-heal|p1a: Yveltal|77/100|[from] drain|[of] p2a: Ho-Oh
|move|p2a: Ho-Oh|Sacred Fire|p1a: Yveltal
|-damage|p1a: Yveltal|30/100
|-status|p1a: Yveltal|brn
|
|-damage|p2a: Ho-Oh|33/100 tox|[from] psn
|-damage|p1a: Yveltal|24/100 brn|[from] brn
|upkeep
|turn|17
|
|t:|1665000285
|switch|p2a: Arceus|Arceus-Fairy|100/100
|-damage|p2a: Arceus|88/100|[from] Stealth Rock
|move|p1a: Yveltal|Dark Pulse|p2a: Arceus
|-resisted|p2a: Arceus
|-damage|p2a: Arceus|74/100
|
|-damage|p1a: Yveltal|18/100 brn|[from] brn
|upkeep
|turn|18
|
|t:|1665000290
|move|p1a: Yveltal|Oblivion Wing|p2a: Arceus
|-damage|p2a: Arceus|55/100
|-heal|p1a: Yveltal|34/100 brn|[from] drain|[of] p2a: Arceus
|move|p2a: Arceus|Stealth Rock|p1a: Yveltal
|-sidestart|p1: diggersboy660|move: Stealth Rock
|
|-damage|p1a: Yveltal|27/100 brn|[from] brn
|upkeep
|turn|19
|
|t:|1665000293
|move|p1a: Yveltal|Oblivion Wing|p2a: Arceus
|-damage|p2a: Arceus|36/100
|-heal|p1a: Yveltal|44/100 brn|[from] drain|[of] p2a: Arceus
|move|p2a: Arceus|Recover|p2a: Arceus
|-heal|p2a: Arceus|86/100
|
|-damage|p1a: Yveltal|38/100 brn|[from] brn
|upkeep
|turn|20
|
|t:|1665000297
|move|p1a: Yveltal|Taunt|p2a: Arceus
|-start|p2a: Arceus|move: Taunt
|move|p2a: Arceus|Judgment|p1a: Yveltal
|-supereffective|p1a: Yveltal
|-damage|p1a: Yveltal|0 fnt
|faint|p1a: Yveltal
|
|upkeep
|
|t:|1665000298
|switch|p1a: Arceus|Arceus|100/100
|-damage|p1a: Arceus|88/100|[from] Stealth Rock
|turn|21
|
|t:|1665000306
|switch|p2a: Arceus|Arceus|70/100 tox
|-damage|p2a: Arceus|57/100 tox|[from] Stealth Rock
|move|p1a: Arceus|Swords Dance|p1a: Arceus
|-boost|p1a: Arceus|atk|2
|
|-damage|p2a: Arceus|45/100 tox|[from] item: Black Sludge
|-damage|p2a: Arceus|39/100 tox|[from] psn
|upkeep
|turn|22
|
|t:|1665000309
|move|p1a: Arceus|Extreme Speed|p2a: Arceus
|-damage|p2a: Arceus|0 fnt
|faint|p2a: Arceus
|
|upkeep
|
|t:|1665000314
|switch|p2a: Ditto|Ditto, shiny|100/100
|-damage|p2a: Ditto|88/100|[from] Stealth Rock
|-transform|p2a: Ditto|p1a: Arceus|[from] ability: Imposter
|turn|23
|
|t:|1665000316
|switch|p2a: Ho-Oh|Ho-Oh|66/100 tox
|-start|p1a: Arceus|Dynamax|
|-heal|p1a: Arceus|88/100|[silent]
|move|p1a: Arceus|Max Strike|p2a: Ho-Oh
|-damage|p2a: Ho-Oh|0 fnt
|faint|p2a: Ho-Oh
|
|upkeep
|
|t:|1665000321
|switch|p2a: Arceus|Arceus-Fairy|86/100
|-damage|p2a: Arceus|73/100|[from] Stealth Rock
|turn|24
|
|t:|1665000324
|move|p2a: Arceus|Judgment|p1a: Arceus
|-damage|p1a: Arceus|74/100
|move|p1a: Arceus|Max Strike|p2a: Arceus
|-damage|p2a: Arceus|0 fnt
|faint|p2a: Arceus
|
|upkeep
|
|t:|1665000334
|switch|p2a: Groudon|Groudon-Primal|94/100
|-damage|p2a: Groudon|82/100|[from] Stealth Rock
|-weather|DesolateLand|[from] ability: Desolate Land|[of] p2a: Groudon
|turn|25
|
|t:|1665000341
|move|p2a: Groudon|Lava Plume|p1a: Arceus
|-damage|p1a: Arceus|51/100
|-status|p1a: Arceus|brn
|move|p1a: Arceus|Max Quake|p2a: Groudon
|-supereffective|p2a: Groudon
|-damage|p2a: Groudon|22/100
|-boost|p1a: Arceus|spd|1
|
|-weather|DesolateLand|[upkeep]
|-damage|p1a: Arceus|48/100 brn|[from] brn
|upkeep
|-enditem|p1a: Arceus|Sitrus Berry|[eat]
|-heal|p1a: Arceus|61/100 brn|[from] item: Sitrus Berry
|-end|p1a: Arceus|Dynamax
|-heal|p1a: Arceus|61/100 brn|[silent]
|turn|26
|
|t:|1665000349
|switch|p1a: Eternatus|Eternatus|93/100
|-damage|p1a: Eternatus|80/100|[from] Stealth Rock
|-ability|p1a: Eternatus|Pressure
|move|p2a: Groudon|Earth Power|p1a: Eternatus
|-supereffective|p1a: Eternatus
|-damage|p1a: Eternatus|8/100
|-unboost|p1a: Eternatus|spd|1
|
|-weather|DesolateLand|[upkeep]
|upkeep
|turn|27
|
|t:|1665000354
|move|p1a: Eternatus|Toxic|p2a: Groudon
|-status|p2a: Groudon|tox
|move|p2a: Groudon|Earth Power|p1a: Eternatus
|-supereffective|p1a: Eternatus
|-damage|p1a: Eternatus|0 fnt
|faint|p1a: Eternatus
|
|-weather|DesolateLand|[upkeep]
|-damage|p2a: Groudon|16/100 tox|[from] psn
|upkeep
|
|t:|1665000356
|switch|p1a: Ditto|Ditto|100/100
|-damage|p1a: Ditto|88/100|[from] Stealth Rock
|-transform|p1a: Ditto|p2a: Groudon|[from] ability: Imposter
|turn|28
|
|t:|1665000359
|move|p1a: Ditto|Earth Power|p2a: Groudon
|-supereffective|p2a: Groudon
|-damage|p2a: Groudon|0 fnt
|faint|p2a: Groudon
|
|-weather|DesolateLand|[upkeep]
|upkeep
|
|t:|1665000361
|switch|p2a: Kyogre|Kyogre|100/100
|-damage|p2a: Kyogre|88/100|[from] Stealth Rock
|detailschange|p2a: Kyogre|Kyogre-Primal
|-primal|p2a: Kyogre
|-weather|PrimordialSea|[from] ability: Primordial Sea|[of] p2a: Kyogre
|turn|29
|
|t:|1665000371
|switch|p1a: Arceus|Arceus|61/100 brn
|-damage|p1a: Arceus|48/100 brn|[from] Stealth Rock
|-weather|none
|switch|p2a: Ditto|Ditto, shiny|88/100
|-damage|p2a: Ditto|76/100|[from] Stealth Rock
|-transform|p2a: Ditto|p1a: Arceus|[from] ability: Imposter
|
|-damage|p1a: Arceus|42/100 brn|[from] brn
|upkeep
|turn|30
|
|t:|1665000376
|-start|p2a: Ditto|Dynamax|
|-heal|p2a: Ditto|76/100|[silent]
|move|p1a: Arceus|Extreme Speed|p2a: Ditto
|-damage|p2a: Ditto|66/100
|move|p2a: Ditto|Max Strike|p1a: Arceus
|-damage|p1a: Arceus|0 fnt
|faint|p1a: Arceus
|
|upkeep
|
|t:|1665000377
|switch|p1a: Ditto|Ditto|88/100
|-damage|p1a: Ditto|76/100|[from] Stealth Rock
|turn|31
|
|t:|1665000382
|move|p2a: Ditto|Max Strike|p1a: Ditto
|-damage|p1a: Ditto|0 fnt
|faint|p1a: Ditto
|
|win|Whitedevil12345678
|raw|diggersboy660's rating: 1764 &rarr; <strong>1753</strong><br />(-11 for losing)
|raw|Whitedevil12345678's rating: 1943 &rarr; <strong>1954</strong><br />(+11 for winning)
|l|☆diggersboy660
||Ladder isn't responding, score probably updated but might not have (Request timeout).
