|j|‽llmmllmm
|j|☆atamabasenju
|t:|1649345277
|gametype|singles
|player|p1|llmmllmm|2|1738
|player|p2|atamabasenju|hilda-wonderlauncher|1988
|teamsize|p1|6
|teamsize|p2|6
|gen|8
|tier|[Gen 8] National Dex AG
|rated|
|rule|HP Percentage Mod: HP is shown in percentages
|rule|Endless Battle Clause: Forcing endless battles is banned
|clearpoke
|poke|p1|Arceus-*|
|poke|p1|Groudon|
|poke|p1|Ho-Oh|
|poke|p1|Calyrex-Shadow|
|poke|p1|Rayquaza|
|poke|p1|Ditto|
|poke|p2|Rayquaza|
|poke|p2|Xerneas-*|
|poke|p2|Yveltal|
|poke|p2|Marshadow|
|poke|p2|Necrozma-Dusk-Mane|
|poke|p2|Arceus-*|
|teampreview
|inactive|Battle timer is ON: inactive players will automatically lose when time's up. (requested by llmmllmm)
|
|t:|1649345287
|start
|switch|p1a: Arceus|Arceus-Ground|100/100
|switch|p2a: Arceus|Arceus-Ground|100/100
|turn|1
|
|t:|1649345297
|move|p2a: Arceus|Stealth Rock|p1a: Arceus
|-sidestart|p1: llmmllmm|move: Stealth Rock
|move|p1a: Arceus|Stealth Rock|p2a: Arceus
|-sidestart|p2: atamabasenju|move: Stealth Rock
|
|upkeep
|turn|2
|
|t:|1649345301
|move|p2a: Arceus|Ice Beam|p1a: Arceus
|-supereffective|p1a: Arceus
|-damage|p1a: Arceus|68/100
|-status|p1a: Arceus|frz
|cant|p1a: Arceus|frz
|
|upkeep
|turn|3
|
|t:|1649345305
|switch|p1a: Ho-Oh|Ho-Oh|100/100
|move|p2a: Arceus|Ice Beam|p1a: Ho-Oh
|-crit|p1a: Ho-Oh
|-damage|p1a: Ho-Oh|85/100
|
|upkeep
|turn|4
|
|t:|1649345309
|switch|p2a: Yveltal|Yveltal|100/100
|-ability|p2a: Yveltal|Dark Aura
|move|p1a: Ho-Oh|Defog|p2a: Yveltal
|-unboost|p2a: Yveltal|evasion|1
|-sideend|p2: atamabasenju|Stealth Rock|[from] move: Defog|[of] p1a: Ho-Oh
|-sideend|p1: llmmllmm|Stealth Rock|[from] move: Defog|[of] p1a: Ho-Oh
|
|upkeep
|turn|5
|
|t:|1649345311
|move|p2a: Yveltal|Toxic|p1a: Ho-Oh
|-status|p1a: Ho-Oh|tox
|move|p1a: Ho-Oh|Thunder Wave|p2a: Yveltal
|-status|p2a: Yveltal|par
|
|-damage|p1a: Ho-Oh|79/100 tox|[from] psn
|upkeep
|turn|6
|
|t:|1649345317
|move|p1a: Ho-Oh|Sacred Fire|p2a: Yveltal
|-damage|p2a: Yveltal|74/100 par
|cant|p2a: Yveltal|par
|
|-damage|p1a: Ho-Oh|67/100 tox|[from] psn
|upkeep
|turn|7
|
|t:|1649345322
|move|p1a: Ho-Oh|Sacred Fire|p2a: Yveltal
|-damage|p2a: Yveltal|44/100 par
|move|p2a: Yveltal|Roost|p2a: Yveltal
|-heal|p2a: Yveltal|94/100 par
|-singleturn|p2a: Yveltal|move: Roost
|
|-damage|p1a: Ho-Oh|48/100 tox|[from] psn
|upkeep
|turn|8
|
|t:|1649345326
|switch|p1a: Arceus|Arceus-Ground|68/100 frz
|switch|p2a: Arceus|Arceus-Ground|100/100
|
|upkeep
|turn|9
|
|t:|1649345328
|move|p2a: Arceus|Stealth Rock|p1a: Arceus
|-sidestart|p1: llmmllmm|move: Stealth Rock
|cant|p1a: Arceus|frz
|
|upkeep
|turn|10
|
|t:|1649345333
|move|p2a: Arceus|Ice Beam|p1a: Arceus
|-supereffective|p1a: Arceus
|-damage|p1a: Arceus|37/100 frz
|cant|p1a: Arceus|frz
|
|upkeep
|turn|11
|
|t:|1649345347
|move|p2a: Arceus|Ice Beam|p1a: Arceus
|-supereffective|p1a: Arceus
|-crit|p1a: Arceus
|-damage|p1a: Arceus|0 fnt
|faint|p1a: Arceus
|
|upkeep
|
|t:|1649345351
|switch|p1a: Ho-Oh|Ho-Oh|82/100 tox
|turn|12
|
|t:|1649345358
|move|p2a: Arceus|Ice Beam|p1a: Ho-Oh
|-damage|p1a: Ho-Oh|71/100 tox
|move|p1a: Ho-Oh|Defog|p2a: Arceus
|-unboost|p2a: Arceus|evasion|1
|-sideend|p1: llmmllmm|Stealth Rock|[from] move: Defog|[of] p1a: Ho-Oh
|
|-damage|p1a: Ho-Oh|65/100 tox|[from] psn
|upkeep
|turn|13
|
|t:|1649345360
|move|p2a: Arceus|Stealth Rock|p1a: Ho-Oh
|-sidestart|p1: llmmllmm|move: Stealth Rock
|move|p1a: Ho-Oh|Toxic|p2a: Arceus
|-status|p2a: Arceus|tox
|
|-damage|p2a: Arceus|94/100 tox|[from] psn
|-damage|p1a: Ho-Oh|53/100 tox|[from] psn
|upkeep
|turn|14
|
|t:|1649345367
|move|p2a: Arceus|Ice Beam|p1a: Ho-Oh
|-damage|p1a: Ho-Oh|41/100 tox
|move|p1a: Ho-Oh|Defog|p2a: Arceus
|-unboost|p2a: Arceus|evasion|1
|-sideend|p1: llmmllmm|Stealth Rock|[from] move: Defog|[of] p1a: Ho-Oh
|
|-damage|p2a: Arceus|82/100 tox|[from] psn
|-damage|p1a: Ho-Oh|23/100 tox|[from] psn
|upkeep
|turn|15
|
|t:|1649345372
|switch|p1a: Groudon|Groudon|100/100
|detailschange|p1a: Groudon|Groudon-Primal
|-primal|p1a: Groudon
|-weather|DesolateLand|[from] ability: Desolate Land|[of] p1a: Groudon
|move|p2a: Arceus|Stealth Rock|p1a: Groudon
|-sidestart|p1: llmmllmm|move: Stealth Rock
|
|-weather|DesolateLand|[upkeep]
|-damage|p2a: Arceus|64/100 tox|[from] psn
|upkeep
|turn|16
|
|t:|1649345378
|-weather|none
|switch|p1a: Ho-Oh|Ho-Oh|56/100 tox
|move|p2a: Arceus|Judgment|p1a: Ho-Oh
|-immune|p1a: Ho-Oh
|
|-damage|p2a: Arceus|40/100 tox|[from] psn
|-damage|p1a: Ho-Oh|50/100 tox|[from] psn
|upkeep
|turn|17
|
|t:|1649345383
|switch|p2a: Yveltal|Yveltal|94/100 par
|-ability|p2a: Yveltal|Dark Aura
|move|p1a: Ho-Oh|Defog|p2a: Yveltal
|-unboost|p2a: Yveltal|evasion|1
|-sideend|p1: llmmllmm|Stealth Rock|[from] move: Defog|[of] p1a: Ho-Oh
|
|-damage|p1a: Ho-Oh|38/100 tox|[from] psn
|upkeep
|turn|18
|
|t:|1649345390
|switch|p1a: Rayquaza|Rayquaza|100/100
|-ability|p1a: Rayquaza|Air Lock
|cant|p2a: Yveltal|par
|
|upkeep
|turn|19
|
|t:|1649345414
|switch|p2a: Arceus|Arceus-Ground|40/100 tox
|detailschange|p1a: Rayquaza|Rayquaza-Mega
|-mega|p1a: Rayquaza|Rayquaza|
|-weather|DeltaStream|[from] ability: Delta Stream|[of] p1a: Rayquaza
|move|p1a: Rayquaza|Dragon Ascent|p2a: Arceus
|-damage|p2a: Arceus|0 fnt
|-unboost|p1a: Rayquaza|def|1
|-unboost|p1a: Rayquaza|spd|1
|faint|p2a: Arceus
|
|-weather|DeltaStream|[upkeep]
|upkeep
|inactive|atamabasenju has 120 seconds left.
|
|t:|1649345448
|switch|p2a: Xerneas|Xerneas|100/100
|-ability|p2a: Xerneas|Fairy Aura
|turn|20
|
|t:|1649345452
|-start|p2a: Xerneas|Dynamax|
|-heal|p2a: Xerneas|100/100|[silent]
|move|p1a: Rayquaza|Dragon Ascent|p2a: Xerneas
|-damage|p2a: Xerneas|62/100
|-unboost|p1a: Rayquaza|def|1
|-unboost|p1a: Rayquaza|spd|1
|move|p2a: Xerneas|Max Starfall|p1a: Rayquaza
|-supereffective|p1a: Rayquaza
|-damage|p1a: Rayquaza|0 fnt
|-fieldstart|move: Misty Terrain
|faint|p1a: Rayquaza
|-weather|none
|
|upkeep
|
|t:|1649345462
|switch|p1a: Ho-Oh|Ho-Oh|72/100 tox
|turn|21
|
|t:|1649345466
|move|p2a: Xerneas|Max Lightning|p1a: Ho-Oh
|-supereffective|p1a: Ho-Oh
|-crit|p1a: Ho-Oh
|-damage|p1a: Ho-Oh|0 fnt
|-fieldstart|move: Electric Terrain
|faint|p1a: Ho-Oh
|
|upkeep
|
|t:|1649345470
|switch|p1a: Ditto|Ditto|100/100
|-transform|p1a: Ditto|p2a: Xerneas|[from] ability: Imposter
|-ability|p1a: Ditto|Fairy Aura
|turn|22
|
|t:|1649345473
|-start|p1a: Ditto|Dynamax|
|-heal|p1a: Ditto|100/100|[silent]
|move|p1a: Ditto|Max Starfall|p2a: Xerneas
|-crit|p2a: Xerneas
|-damage|p2a: Xerneas|0 fnt
|-fieldstart|move: Misty Terrain
|faint|p2a: Xerneas
|
|upkeep
|
|t:|1649345478
|switch|p2a: Necrozma|Necrozma-Dusk-Mane|100/100
|turn|23
|
|t:|1649345481
|move|p1a: Ditto|Max Lightning|p2a: Necrozma
|-damage|p2a: Necrozma|56/100
|-fieldstart|move: Electric Terrain
|move|p2a: Necrozma|Trick Room|p2a: Necrozma
|-fieldstart|move: Trick Room|[of] p2a: Necrozma
|
|upkeep
|turn|24
|
|t:|1649345485
|move|p2a: Necrozma|Sunsteel Strike|p1a: Ditto
|-supereffective|p1a: Ditto
|-damage|p1a: Ditto|28/100
|move|p1a: Ditto|Max Lightning|p2a: Necrozma
|-damage|p2a: Necrozma|1/100
|
|-end|p1a: Ditto|Dynamax
|-heal|p1a: Ditto|28/100|[silent]
|upkeep
|turn|25
|
|t:|1649345492
|move|p2a: Necrozma|Earthquake|p1a: Ditto
|-damage|p1a: Ditto|0 fnt
|faint|p1a: Ditto
|
|upkeep
|
|t:|1649345502
|switch|p1a: Groudon|Groudon-Primal|100/100
|-weather|DesolateLand|[from] ability: Desolate Land|[of] p1a: Groudon
|turn|26
|
|t:|1649345510
|move|p2a: Necrozma|Earthquake|p1a: Groudon
|-supereffective|p1a: Groudon
|-damage|p1a: Groudon|39/100
|move|p1a: Groudon|Fire Punch|p2a: Necrozma
|-supereffective|p2a: Necrozma
|-damage|p2a: Necrozma|0 fnt
|faint|p2a: Necrozma
|
|-weather|DesolateLand|[upkeep]
|upkeep
|
|t:|1649345514
|switch|p2a: Rayquaza|Rayquaza|100/100
|-ability|p2a: Rayquaza|Air Lock
|turn|27
|
|t:|1649345519
|detailschange|p2a: Rayquaza|Rayquaza-Mega
|-mega|p2a: Rayquaza|Rayquaza|
|-weather|DeltaStream|[from] ability: Delta Stream|[of] p2a: Rayquaza
|move|p1a: Groudon|Stone Edge|p2a: Rayquaza|[miss]
|-miss|p1a: Groudon|p2a: Rayquaza
|move|p2a: Rayquaza|Dragon Dance|p2a: Rayquaza
|-boost|p2a: Rayquaza|atk|1
|-boost|p2a: Rayquaza|spe|1
|
|-weather|DeltaStream|[upkeep]
|-fieldend|move: Trick Room
|-fieldend|move: Electric Terrain
|upkeep
|turn|28
|
|t:|1649345524
|move|p2a: Rayquaza|Earthquake|p1a: Groudon
|-supereffective|p1a: Groudon
|-damage|p1a: Groudon|0 fnt
|faint|p1a: Groudon
|-damage|p2a: Rayquaza|91/100|[from] item: Life Orb
|
|-weather|DeltaStream|[upkeep]
|upkeep
|
|t:|1649345526
|switch|p1a: Calyrex|Calyrex-Shadow|100/100
|-ability|p1a: Calyrex|As One
|-ability|p1a: Calyrex|Unnerve
|turn|29
|
|t:|1649345534
|move|p2a: Rayquaza|Dragon Ascent|p1a: Calyrex
|-enditem|p1a: Calyrex|Focus Sash
|-damage|p1a: Calyrex|1/100
|-unboost|p2a: Rayquaza|def|1
|-unboost|p2a: Rayquaza|spd|1
|-damage|p2a: Rayquaza|81/100|[from] item: Life Orb
|move|p1a: Calyrex|Substitute|p1a: Calyrex
|-fail|p1a: Calyrex|move: Substitute|[weak]
|
|-weather|DeltaStream|[upkeep]
|upkeep
|turn|30
|
|t:|1649345544
|move|p2a: Rayquaza|Earthquake|p1a: Calyrex
|-crit|p1a: Calyrex
|-damage|p1a: Calyrex|0 fnt
|faint|p1a: Calyrex
|-damage|p2a: Rayquaza|71/100|[from] item: Life Orb
|
|win|atamabasenju
|raw|llmmllmm's rating: 1738 &rarr; <strong>1730</strong><br />(-8 for losing)
|raw|atamabasenju's rating: 1988 &rarr; <strong>1996</strong><br />(+8 for winning)
|l|‽llmmllmm
||Ladder isn't responding, score probably updated but might not have (Request timeout).
