|j|☆Xx_MLGprosniper_xX
|j|☆Tahz
|t:|1654788158
|gametype|singles
|player|p1|Xx_MLGprosniper_xX|swimmerf|1540
|player|p2|Tahz|veteran|1767
|teamsize|p1|6
|teamsize|p2|6
|gen|8
|tier|[Gen 8] National Dex AG
|rated|
|rule|HP Percentage Mod: HP is shown in percentages
|rule|Endless Battle Clause: Forcing endless battles is banned
|clearpoke
|poke|p1|Blissey, F|
|poke|p1|Shaymin-Sky|
|poke|p1|Quagsire, M|
|poke|p1|Pheromosa|
|poke|p1|Sableye, M|
|poke|p1|Clefable, F|
|poke|p2|Zygarde|
|poke|p2|Ho-Oh|
|poke|p2|Chansey, F|
|poke|p2|Rayquaza|
|poke|p2|Necrozma-Dusk-Mane|
|poke|p2|Yveltal|
|teampreview
|inactive|Battle timer is ON: inactive players will automatically lose when time's up. (requested by Tahz)
|
|t:|1654788185
|start
|switch|p1a: Sableye|Sableye, M|100/100
|switch|p2a: Zygarde|Zygarde|100/100
|turn|1
|
|t:|1654788191
|move|p1a: Sableye|Will-O-Wisp|p2a: Zygarde
|-status|p2a: Zygarde|brn
|move|p2a: Zygarde|Coil|p2a: Zygarde
|-boost|p2a: Zygarde|atk|1
|-boost|p2a: Zygarde|def|1
|-boost|p2a: Zygarde|accuracy|1
|
|-damage|p2a: Zygarde|94/100 brn|[from] brn
|upkeep
|turn|2
|
|t:|1654788194
|move|p1a: Sableye|Encore|p2a: Zygarde
|-start|p2a: Zygarde|Encore
|move|p2a: Zygarde|Coil|p2a: Zygarde
|-boost|p2a: Zygarde|atk|1
|-boost|p2a: Zygarde|def|1
|-boost|p2a: Zygarde|accuracy|1
|
|-heal|p2a: Zygarde|100/100 brn|[from] item: Leftovers
|-damage|p2a: Zygarde|94/100 brn|[from] brn
|upkeep
|turn|3
|
|t:|1654788202
|switch|p1a: Blissey|Blissey, F|100/100
|move|p2a: Zygarde|Coil|p2a: Zygarde
|-boost|p2a: Zygarde|atk|1
|-boost|p2a: Zygarde|def|1
|-boost|p2a: Zygarde|accuracy|1
|
|-heal|p2a: Zygarde|100/100 brn|[from] item: Leftovers
|-damage|p2a: Zygarde|94/100 brn|[from] brn
|upkeep
|turn|4
|
|t:|1654788205
|move|p2a: Zygarde|Coil|p2a: Zygarde
|-boost|p2a: Zygarde|atk|1
|-boost|p2a: Zygarde|def|1
|-boost|p2a: Zygarde|accuracy|1
|move|p1a: Blissey|Ice Beam|p2a: Zygarde
|-supereffective|p2a: Zygarde
|-damage|p2a: Zygarde|41/100 brn
|
|-heal|p2a: Zygarde|47/100 brn|[from] item: Leftovers
|-damage|p2a: Zygarde|41/100 brn|[from] brn
|-end|p2a: Zygarde|Encore
|-activate|p2a: Zygarde|ability: Power Construct
|detailschange|p2a: Zygarde|Zygarde-Complete
|-heal|p2a: Zygarde|61/100 brn|[silent]
|upkeep
|turn|5
|
|t:|1654788220
|switch|p1a: Quagsire|Quagsire, M|100/100
|move|p2a: Zygarde|Glare|p1a: Quagsire
|-status|p1a: Quagsire|par
|
|-heal|p2a: Zygarde|67/100 brn|[from] item: Leftovers
|-damage|p2a: Zygarde|61/100 brn|[from] brn
|upkeep
|turn|6
|
|t:|1654788225
|move|p2a: Zygarde|Rest|p2a: Zygarde
|-status|p2a: Zygarde|slp|[from] move: Rest
|-heal|p2a: Zygarde|100/100 slp|[silent]
|move|p1a: Quagsire|Curse|p1a: Quagsire
|-unboost|p1a: Quagsire|spe|1
|-boost|p1a: Quagsire|atk|1
|-boost|p1a: Quagsire|def|1
|
|upkeep
|turn|7
|
|t:|1654788231
|cant|p2a: Zygarde|slp
|move|p1a: Quagsire|Curse|p1a: Quagsire
|-unboost|p1a: Quagsire|spe|1
|-boost|p1a: Quagsire|atk|1
|-boost|p1a: Quagsire|def|1
|
|upkeep
|turn|8
|
|t:|1654788234
|cant|p2a: Zygarde|slp
|cant|p1a: Quagsire|par
|
|upkeep
|turn|9
|
|t:|1654788238
|-curestatus|p2a: Zygarde|slp|[msg]
|move|p2a: Zygarde|Coil|p2a: Zygarde
|-boost|p2a: Zygarde|atk|1
|-boost|p2a: Zygarde|def|1
|-boost|p2a: Zygarde|accuracy|1
|move|p1a: Quagsire|Toxic|p2a: Zygarde
|-status|p2a: Zygarde|tox
|
|-damage|p2a: Zygarde|94/100 tox|[from] psn
|upkeep
|turn|10
|
|t:|1654788243
|move|p2a: Zygarde|Thousand Arrows|p1a: Quagsire
|-damage|p1a: Quagsire|86/100 par
|move|p1a: Quagsire|Curse|p1a: Quagsire
|-unboost|p1a: Quagsire|spe|1
|-boost|p1a: Quagsire|atk|1
|-boost|p1a: Quagsire|def|1
|
|-heal|p2a: Zygarde|100/100 tox|[from] item: Leftovers
|-heal|p1a: Quagsire|92/100 par|[from] item: Leftovers
|-damage|p2a: Zygarde|88/100 tox|[from] psn
|upkeep
|turn|11
|
|t:|1654788247
|switch|p2a: Chansey|Chansey, F|100/100
|move|p1a: Quagsire|Curse|p1a: Quagsire
|-unboost|p1a: Quagsire|spe|1
|-boost|p1a: Quagsire|atk|1
|-boost|p1a: Quagsire|def|1
|
|-heal|p1a: Quagsire|98/100 par|[from] item: Leftovers
|upkeep
|turn|12
|
|t:|1654788253
|switch|p2a: Ho-Oh|Ho-Oh|100/100
|move|p1a: Quagsire|Earthquake|p2a: Ho-Oh
|-immune|p2a: Ho-Oh
|
|-heal|p1a: Quagsire|100/100 par|[from] item: Leftovers
|upkeep
|turn|13
|
|t:|1654788256
|move|p1a: Quagsire|Toxic|p2a: Ho-Oh
|-status|p2a: Ho-Oh|tox
|move|p2a: Ho-Oh|Whirlwind|p1a: Quagsire
|drag|p1a: Blissey|Blissey, F|100/100
|
|-damage|p2a: Ho-Oh|94/100 tox|[from] psn
|upkeep
|turn|14
|
|t:|1654788270
|switch|p2a: Chansey|Chansey, F|100/100
|switch|p1a: Quagsire|Quagsire, M|100/100 par
|
|upkeep
|turn|15
|
|t:|1654788275
|move|p2a: Chansey|Heal Bell|p2a: Chansey
|-activate|p2a: Chansey|move: Heal Bell
|-curestatus|p2: Ho-Oh|tox|[msg]
|-curestatus|p2: Zygarde|tox|[msg]
|move|p1a: Quagsire|Earthquake|p2a: Chansey
|-damage|p2a: Chansey|77/100
|
|upkeep
|turn|16
|
|t:|1654788291
|switch|p2a: Rayquaza|Rayquaza|100/100
|-ability|p2a: Rayquaza|Air Lock
|switch|p1a: Sableye|Sableye, M|100/100
|
|upkeep
|turn|17
|
|t:|1654788300
|switch|p2a: Ho-Oh|Ho-Oh|100/100
|move|p1a: Sableye|Will-O-Wisp|p2a: Ho-Oh
|-immune|p2a: Ho-Oh
|
|upkeep
|turn|18
|
|t:|1654788308
|detailschange|p1a: Sableye|Sableye-Mega, M
|-mega|p1a: Sableye|Sableye|Sablenite
|move|p2a: Ho-Oh|Sacred Fire|p1a: Sableye
|-damage|p1a: Sableye|57/100
|-status|p1a: Sableye|brn
|move|p1a: Sableye|Knock Off|p2a: Ho-Oh
|-damage|p2a: Ho-Oh|91/100
|-enditem|p2a: Ho-Oh|Heavy-Duty Boots|[from] move: Knock Off|[of] p1a: Sableye
|
|-damage|p1a: Sableye|51/100 brn|[from] brn
|upkeep
|turn|19
|
|t:|1654788320
|switch|p1a: Quagsire|Quagsire, M|100/100 par
|move|p2a: Ho-Oh|Sacred Fire|p1a: Quagsire
|-resisted|p1a: Quagsire
|-damage|p1a: Quagsire|86/100 par
|
|-heal|p1a: Quagsire|92/100 par|[from] item: Leftovers
|upkeep
|turn|20
|
|t:|1654788324
|move|p1a: Quagsire|Toxic|p2a: Ho-Oh
|-status|p2a: Ho-Oh|tox
|move|p2a: Ho-Oh|Whirlwind|p1a: Quagsire
|drag|p1a: Shaymin|Shaymin-Sky|100/100
|
|-damage|p2a: Ho-Oh|85/100 tox|[from] psn
|upkeep
|turn|21
|
|t:|1654788335
|move|p1a: Shaymin|Air Slash|p2a: Ho-Oh
|-damage|p2a: Ho-Oh|70/100 tox
|move|p2a: Ho-Oh|Sacred Fire|p1a: Shaymin
|-supereffective|p1a: Shaymin
|-damage|p1a: Shaymin|11/100
|-status|p1a: Shaymin|brn
|
|-heal|p1a: Shaymin|18/100 brn|[from] item: Leftovers
|-damage|p2a: Ho-Oh|58/100 tox|[from] psn
|-damage|p1a: Shaymin|11/100 brn|[from] brn
|upkeep
|turn|22
|
|t:|1654788338
|switch|p2a: Chansey|Chansey, F|77/100
|move|p1a: Shaymin|Air Slash|p2a: Chansey
|-damage|p2a: Chansey|70/100
|
|-heal|p1a: Shaymin|18/100 brn|[from] item: Leftovers
|-damage|p1a: Shaymin|11/100 brn|[from] brn
|upkeep
|turn|23
|
|t:|1654788341
|move|p1a: Shaymin|Leech Seed|p2a: Chansey
|-start|p2a: Chansey|move: Leech Seed
|move|p2a: Chansey|Heal Bell|p2a: Chansey
|-activate|p2a: Chansey|move: Heal Bell
|-curestatus|p2: Ho-Oh|tox|[msg]
|
|-heal|p1a: Shaymin|18/100 brn|[from] item: Leftovers
|-damage|p2a: Chansey|58/100|[from] Leech Seed|[of] p1a: Shaymin
|-heal|p1a: Shaymin|37/100 brn|[silent]
|-damage|p1a: Shaymin|31/100 brn|[from] brn
|upkeep
|turn|24
|
|t:|1654788348
|switch|p2a: Yveltal|Yveltal|100/100
|-ability|p2a: Yveltal|Dark Aura
|move|p1a: Shaymin|Leech Seed|p2a: Yveltal
|-start|p2a: Yveltal|move: Leech Seed
|
|-heal|p1a: Shaymin|37/100 brn|[from] item: Leftovers
|-damage|p2a: Yveltal|88/100|[from] Leech Seed|[of] p1a: Shaymin
|-heal|p1a: Shaymin|50/100 brn|[silent]
|-damage|p1a: Shaymin|43/100 brn|[from] brn
|upkeep
|turn|25
|
|t:|1654788352
|switch|p1a: Clefable|Clefable, F|100/100
|-start|p2a: Yveltal|Dynamax|
|-heal|p2a: Yveltal|88/100|[silent]
|move|p2a: Yveltal|Max Airstream|p1a: Clefable
|-damage|p1a: Clefable|44/100
|-boost|p2a: Yveltal|spe|1
|-damage|p2a: Yveltal|83/100|[from] item: Life Orb
|
|-heal|p1a: Clefable|50/100|[from] item: Leftovers
|-damage|p2a: Yveltal|77/100|[from] Leech Seed|[of] p1a: Clefable
|-heal|p1a: Clefable|62/100|[silent]
|upkeep
|turn|26
|
|t:|1654788357
|move|p2a: Yveltal|Max Darkness|p1a: Clefable
|-resisted|p1a: Clefable
|-damage|p1a: Clefable|21/100
|-unboost|p1a: Clefable|spd|1
|-damage|p2a: Yveltal|72/100|[from] item: Life Orb
|move|p1a: Clefable|Soft-Boiled|p1a: Clefable
|-heal|p1a: Clefable|71/100
|
|-heal|p1a: Clefable|77/100|[from] item: Leftovers
|-damage|p2a: Yveltal|66/100|[from] Leech Seed|[of] p1a: Clefable
|-heal|p1a: Clefable|89/100|[silent]
|upkeep
|turn|27
|
|t:|1654788363
|move|p2a: Yveltal|Max Darkness|p1a: Clefable
|-resisted|p1a: Clefable
|-damage|p1a: Clefable|25/100
|-unboost|p1a: Clefable|spd|1
|-damage|p2a: Yveltal|61/100|[from] item: Life Orb
|move|p1a: Clefable|Soft-Boiled|p1a: Clefable
|-heal|p1a: Clefable|75/100
|
|-heal|p1a: Clefable|81/100|[from] item: Leftovers
|-damage|p2a: Yveltal|54/100|[from] Leech Seed|[of] p1a: Clefable
|-heal|p1a: Clefable|94/100|[silent]
|upkeep
|-end|p2a: Yveltal|Dynamax
|-heal|p2a: Yveltal|54/100|[silent]
|turn|28
|
|t:|1654788382
|switch|p2a: Necrozma|Necrozma-Dusk-Mane|100/100
|switch|p1a: Blissey|Blissey, F|100/100
|
|upkeep
|turn|29
|
|t:|1654788386
|switch|p1a: Quagsire|Quagsire, M|92/100 par
|move|p2a: Necrozma|Stealth Rock|p1a: Quagsire
|-sidestart|p1: Xx_MLGprosniper_xX|move: Stealth Rock
|
|-heal|p1a: Quagsire|98/100 par|[from] item: Leftovers
|upkeep
|turn|30
|
|t:|1654788394
|move|p2a: Necrozma|Knock Off|p1a: Quagsire
|-damage|p1a: Quagsire|74/100 par
|-enditem|p1a: Quagsire|Leftovers|[from] move: Knock Off|[of] p2a: Necrozma
|cant|p1a: Quagsire|par
|
|upkeep
|turn|31
|
|t:|1654788399
|move|p2a: Necrozma|Sunsteel Strike|p1a: Quagsire
|-resisted|p1a: Quagsire
|-damage|p1a: Quagsire|55/100 par
|cant|p1a: Quagsire|par
|
|upkeep
|turn|32
|
|t:|1654788404
|move|p2a: Necrozma|Sunsteel Strike|p1a: Quagsire
|-resisted|p1a: Quagsire
|-damage|p1a: Quagsire|36/100 par
|move|p1a: Quagsire|Recover|p1a: Quagsire
|-heal|p1a: Quagsire|86/100 par
|
|upkeep
|turn|33
|
|t:|1654788415
|switch|p2a: Rayquaza|Rayquaza|100/100
|-ability|p2a: Rayquaza|Air Lock
|move|p1a: Quagsire|Curse|p1a: Quagsire
|-unboost|p1a: Quagsire|spe|1
|-boost|p1a: Quagsire|atk|1
|-boost|p1a: Quagsire|def|1
|
|upkeep
|turn|34
|
|t:|1654788421
|detailschange|p2a: Rayquaza|Rayquaza-Mega
|-mega|p2a: Rayquaza|Rayquaza|
|-weather|DeltaStream|[from] ability: Delta Stream|[of] p2a: Rayquaza
|move|p2a: Rayquaza|Dragon Ascent|p1a: Quagsire
|-damage|p1a: Quagsire|32/100 par
|-unboost|p2a: Rayquaza|def|1
|-unboost|p2a: Rayquaza|spd|1
|move|p1a: Quagsire|Toxic|p2a: Rayquaza
|-status|p2a: Rayquaza|tox
|
|-weather|DeltaStream|[upkeep]
|-damage|p2a: Rayquaza|95/100 tox|[from] psn
|upkeep
|turn|35
|
|t:|1654788432
|move|p2a: Rayquaza|Dragon Ascent|p1a: Quagsire
|-crit|p1a: Quagsire
|-damage|p1a: Quagsire|0 fnt
|-unboost|p2a: Rayquaza|def|1
|-unboost|p2a: Rayquaza|spd|1
|faint|p1a: Quagsire
|
|-weather|DeltaStream|[upkeep]
|-damage|p2a: Rayquaza|83/100 tox|[from] psn
|upkeep
|
|t:|1654788444
|switch|p1a: Pheromosa|Pheromosa|100/100
|-damage|p1a: Pheromosa|88/100|[from] Stealth Rock
|turn|36
|
|t:|1654788451
|-weather|none
|switch|p2a: Ho-Oh|Ho-Oh|91/100
|-start|p1a: Pheromosa|Dynamax|
|-heal|p1a: Pheromosa|88/100|[silent]
|move|p1a: Pheromosa|Max Darkness|p2a: Ho-Oh
|-damage|p2a: Ho-Oh|47/100
|-unboost|p2a: Ho-Oh|spd|1
|-damage|p1a: Pheromosa|83/100|[from] item: Life Orb
|
|upkeep
|turn|37
|
|t:|1654788456
|move|p1a: Pheromosa|Max Darkness|p2a: Ho-Oh
|-damage|p2a: Ho-Oh|10/100
|-unboost|p2a: Ho-Oh|spd|1
|-damage|p1a: Pheromosa|78/100|[from] item: Life Orb
|move|p2a: Ho-Oh|Sacred Fire|p1a: Pheromosa
|-supereffective|p1a: Pheromosa
|-damage|p1a: Pheromosa|0 fnt
|faint|p1a: Pheromosa
|
|upkeep
|
|t:|1654788460
|switch|p1a: Clefable|Clefable, F|94/100
|-damage|p1a: Clefable|81/100|[from] Stealth Rock
|turn|38
|
|t:|1654788464
|switch|p2a: Chansey|Chansey, F|58/100
|move|p1a: Clefable|Moonblast|p2a: Chansey
|-damage|p2a: Chansey|49/100
|-unboost|p2a: Chansey|spa|1
|
|-heal|p1a: Clefable|87/100|[from] item: Leftovers
|upkeep
|turn|39
|
|t:|1654788468
|move|p1a: Clefable|Minimize|p1a: Clefable
|-boost|p1a: Clefable|evasion|2
|move|p2a: Chansey|Soft-Boiled|p2a: Chansey
|-heal|p2a: Chansey|99/100
|
|-heal|p1a: Clefable|93/100|[from] item: Leftovers
|upkeep
|turn|40
|c|☆Tahz|oh.
|
|t:|1654788482
|move|p1a: Clefable|Minimize|p1a: Clefable
|-boost|p1a: Clefable|evasion|2
|move|p2a: Chansey|Confide|p1a: Clefable
|-unboost|p1a: Clefable|spa|1
|
|-heal|p1a: Clefable|99/100|[from] item: Leftovers
|upkeep
|turn|41
|
|t:|1654788485
|move|p1a: Clefable|Minimize|p1a: Clefable
|-boost|p1a: Clefable|evasion|2
|move|p2a: Chansey|Confide|p1a: Clefable
|-unboost|p1a: Clefable|spa|1
|
|-heal|p1a: Clefable|100/100|[from] item: Leftovers
|upkeep
|turn|42
|
|t:|1654788489
|move|p1a: Clefable|Moonblast|p2a: Chansey
|-damage|p2a: Chansey|96/100
|move|p2a: Chansey|Confide|p1a: Clefable
|-unboost|p1a: Clefable|spa|1
|
|upkeep
|turn|43
|
|t:|1654788492
|move|p1a: Clefable|Moonblast|p2a: Chansey
|-damage|p2a: Chansey|92/100
|-unboost|p2a: Chansey|spa|1
|move|p2a: Chansey|Confide|p1a: Clefable
|-unboost|p1a: Clefable|spa|1
|
|upkeep
|turn|44
|
|t:|1654788496
|move|p1a: Clefable|Moonblast|p2a: Chansey
|-damage|p2a: Chansey|90/100
|-unboost|p2a: Chansey|spa|1
|move|p2a: Chansey|Heal Bell|p2a: Chansey
|-activate|p2a: Chansey|move: Heal Bell
|-curestatus|p2: Rayquaza|tox|[msg]
|
|upkeep
|turn|45
|
|t:|1654788505
|move|p1a: Clefable|Moonblast|p2a: Chansey
|-damage|p2a: Chansey|87/100
|-unboost|p2a: Chansey|spa|1
|move|p2a: Chansey|Toxic|p1a: Clefable|[miss]
|-miss|p2a: Chansey|p1a: Clefable
|
|upkeep
|turn|46
|
|t:|1654788512
|switch|p1a: Sableye|Sableye-Mega, M|51/100 brn
|-damage|p1a: Sableye|39/100 brn|[from] Stealth Rock
|move|p2a: Chansey|Confide|p1a: Sableye
|move|p1a: Sableye|Confide|p2a: Chansey|[from]ability: Magic Bounce
|-unboost|p2a: Chansey|spa|1
|
|-damage|p1a: Sableye|33/100 brn|[from] brn
|upkeep
|turn|47
|
|t:|1654788521
|switch|p2a: Yveltal|Yveltal|54/100
|-ability|p2a: Yveltal|Dark Aura
|move|p1a: Sableye|Recover|p1a: Sableye
|-heal|p1a: Sableye|83/100 brn
|
|-damage|p1a: Sableye|77/100 brn|[from] brn
|upkeep
|turn|48
|
|t:|1654788526
|move|p2a: Yveltal|Dark Pulse|p1a: Sableye
|-damage|p1a: Sableye|28/100 brn
|-damage|p2a: Yveltal|45/100|[from] item: Life Orb
|move|p1a: Sableye|Recover|p1a: Sableye
|-heal|p1a: Sableye|78/100 brn
|
|-damage|p1a: Sableye|72/100 brn|[from] brn
|upkeep
|turn|49
|
|t:|1654788536
|move|p2a: Yveltal|Oblivion Wing|p1a: Sableye
|-damage|p1a: Sableye|28/100 brn
|-heal|p2a: Yveltal|70/100|[from] drain|[of] p1a: Sableye
|-damage|p2a: Yveltal|60/100|[from] item: Life Orb
|move|p1a: Sableye|Knock Off|p2a: Yveltal
|-resisted|p2a: Yveltal
|-damage|p2a: Yveltal|50/100
|-enditem|p2a: Yveltal|Life Orb|[from] move: Knock Off|[of] p1a: Sableye
|
|-damage|p1a: Sableye|22/100 brn|[from] brn
|upkeep
|turn|50
|
|t:|1654788541
|move|p2a: Yveltal|Oblivion Wing|p1a: Sableye
|-damage|p1a: Sableye|0 fnt
|-heal|p2a: Yveltal|63/100|[from] drain|[of] p1a: Sableye
|faint|p1a: Sableye
|
|upkeep
|
|t:|1654788546
|switch|p1a: Clefable|Clefable, F|100/100
|-damage|p1a: Clefable|88/100|[from] Stealth Rock
|turn|51
|
|t:|1654788552
|move|p2a: Yveltal|Oblivion Wing|p1a: Clefable
|-damage|p1a: Clefable|60/100
|-heal|p2a: Yveltal|84/100|[from] drain|[of] p1a: Clefable
|move|p1a: Clefable|Minimize|p1a: Clefable
|-boost|p1a: Clefable|evasion|2
|
|-heal|p1a: Clefable|66/100|[from] item: Leftovers
|upkeep
|turn|52
|
|t:|1654788557
|switch|p2a: Chansey|Chansey, F|87/100
|move|p1a: Clefable|Moonblast|p2a: Chansey
|-damage|p2a: Chansey|79/100
|
|-heal|p1a: Clefable|72/100|[from] item: Leftovers
|upkeep
|turn|53
|
|t:|1654788564
|switch|p1a: Shaymin|Shaymin-Sky|43/100 brn
|-damage|p1a: Shaymin|18/100 brn|[from] Stealth Rock
|switch|p2a: Ho-Oh|Ho-Oh|43/100
|
|-heal|p1a: Shaymin|25/100 brn|[from] item: Leftovers
|-damage|p1a: Shaymin|18/100 brn|[from] brn
|upkeep
|turn|54
|
|t:|1654788574
|switch|p2a: Chansey|Chansey, F|79/100
|move|p1a: Shaymin|Air Slash|p2a: Chansey
|-damage|p2a: Chansey|71/100
|
|-heal|p1a: Shaymin|25/100 brn|[from] item: Leftovers
|-damage|p1a: Shaymin|18/100 brn|[from] brn
|upkeep
|turn|55
|
|t:|1654788581
|switch|p2a: Ho-Oh|Ho-Oh|76/100
|move|p1a: Shaymin|Seed Flare|p2a: Ho-Oh
|-resisted|p2a: Ho-Oh
|-damage|p2a: Ho-Oh|70/100
|-unboost|p2a: Ho-Oh|spd|2
|
|-heal|p1a: Shaymin|25/100 brn|[from] item: Leftovers
|-damage|p1a: Shaymin|18/100 brn|[from] brn
|upkeep
|turn|56
|
|t:|1654788589
|switch|p2a: Necrozma|Necrozma-Dusk-Mane|100/100
|move|p1a: Shaymin|Air Slash|p2a: Necrozma
|-resisted|p2a: Necrozma
|-damage|p2a: Necrozma|88/100
|
|-heal|p1a: Shaymin|25/100 brn|[from] item: Leftovers
|-damage|p1a: Shaymin|18/100 brn|[from] brn
|upkeep
|turn|57
|
|t:|1654788602
|move|p1a: Shaymin|Leech Seed|p2a: Necrozma
|-start|p2a: Necrozma|move: Leech Seed
|move|p2a: Necrozma|Knock Off|p1a: Shaymin
|-damage|p1a: Shaymin|0 fnt
|-enditem|p1a: Shaymin|Leftovers|[from] move: Knock Off|[of] p2a: Necrozma
|faint|p1a: Shaymin
|
|upkeep
|
|t:|1654788611
|switch|p1a: Blissey|Blissey, F|100/100
|-damage|p1a: Blissey|88/100|[from] Stealth Rock
|turn|58
|
|t:|1654788628
|move|p2a: Necrozma|Knock Off|p1a: Blissey
|-damage|p1a: Blissey|21/100
|-enditem|p1a: Blissey|Leftovers|[from] move: Knock Off|[of] p2a: Necrozma
|move|p1a: Blissey|Tri Attack|p2a: Necrozma
|-resisted|p2a: Necrozma
|-damage|p2a: Necrozma|80/100
|-status|p2a: Necrozma|brn
|
|-damage|p2a: Necrozma|68/100 brn|[from] Leech Seed|[of] p1a: Blissey
|-heal|p1a: Blissey|28/100|[silent]
|-damage|p2a: Necrozma|62/100 brn|[from] brn
|upkeep
|turn|59
|
|t:|1654788636
|move|p2a: Necrozma|Sunsteel Strike|p1a: Blissey
|-damage|p1a: Blissey|0 fnt
|faint|p1a: Blissey
|
|-damage|p2a: Necrozma|56/100 brn|[from] brn
|upkeep
|
|t:|1654788640
|switch|p1a: Clefable|Clefable, F|72/100
|-damage|p1a: Clefable|59/100|[from] Stealth Rock
|turn|60
|
|t:|1654788643
|move|p2a: Necrozma|Sunsteel Strike|p1a: Clefable
|-supereffective|p1a: Clefable
|-damage|p1a: Clefable|3/100
|move|p1a: Clefable|Minimize|p1a: Clefable
|-boost|p1a: Clefable|evasion|2
|
|-heal|p1a: Clefable|9/100|[from] item: Leftovers
|-damage|p2a: Necrozma|43/100 brn|[from] Leech Seed|[of] p1a: Clefable
|-heal|p1a: Clefable|21/100|[silent]
|-damage|p2a: Necrozma|37/100 brn|[from] brn
|upkeep
|turn|61
|
|t:|1654788647
|move|p2a: Necrozma|Sunsteel Strike|p1a: Clefable
|-supereffective|p1a: Clefable
|-damage|p1a: Clefable|0 fnt
|faint|p1a: Clefable
|
|win|Tahz
|raw|Xx_MLGprosniper_xX's rating: 1540 &rarr; <strong>1531</strong><br />(-9 for losing)
|raw|Tahz's rating: 1767 &rarr; <strong>1776</strong><br />(+9 for winning)
|l|☆Xx_MLGprosniper_xX
||Ladder isn't responding, score probably updated but might not have (Request timeout).
