|j|☆zubitop
|j|☆ThisIsntHilarious
|t:|1666903986
|gametype|singles
|player|p1|zubitop|palmer|1567
|player|p2|ThisIsntHilarious|bugcatcher-gen4dp|1598
|teamsize|p1|6
|teamsize|p2|6
|gen|8
|tier|[Gen 8] National Dex AG
|rated|
|rule|HP Percentage Mod: HP is shown in percentages
|rule|Endless Battle Clause: Forcing endless battles is banned
|clearpoke
|poke|p1|Liepard, M|
|poke|p1|Wobbuffet, M|
|poke|p1|Giratina|
|poke|p1|Ditto|
|poke|p1|Hawlucha, M|
|poke|p1|Smeargle, M|
|poke|p2|Yveltal|
|poke|p2|Deoxys-Speed|
|poke|p2|Arceus-*|
|poke|p2|Xerneas-*|
|poke|p2|Necrozma-Dusk-Mane|
|poke|p2|Rayquaza|
|teampreview
|
|t:|1666904004
|start
|switch|p1a: Hawlucha|Hawlucha, M|100/100
|switch|p2a: Deoxys|Deoxys-Speed|100/100
|-ability|p2a: Deoxys|Pressure
|turn|1
|
|t:|1666904013
|-singleturn|p1a: Hawlucha|move: Focus Punch
|move|p2a: Deoxys|Taunt|p1a: Hawlucha
|-start|p1a: Hawlucha|move: Taunt
|move|p1a: Hawlucha|Focus Punch|p2a: Deoxys
|-resisted|p2a: Deoxys
|-damage|p2a: Deoxys|63/100
|
|upkeep
|turn|2
|
|t:|1666904030
|switch|p1a: Blobbo|Ditto, shiny|100/100
|-transform|p1a: Blobbo|p2a: Deoxys|[from] ability: Imposter
|-ability|p1a: Blobbo|Pressure
|move|p2a: Deoxys|Reflect|p2a: Deoxys
|-sidestart|p2: ThisIsntHilarious|Reflect
|
|upkeep
|turn|3
|c|☆ThisIsntHilarious|What if liepard did learn spore?
|
|t:|1666904041
|move|p1a: Blobbo|Stealth Rock|p2a: Deoxys
|-sidestart|p2: ThisIsntHilarious|move: Stealth Rock
|move|p2a: Deoxys|Stealth Rock|p1a: Blobbo
|-sidestart|p1: zubitop|move: Stealth Rock
|
|upkeep
|turn|4
|
|t:|1666904049
|switch|p1a: Godofall|Smeargle, M, shiny|100/100
|-damage|p1a: Godofall|88/100|[from] Stealth Rock
|move|p2a: Deoxys|Taunt|p1a: Godofall
|-start|p1a: Godofall|move: Taunt
|
|upkeep
|turn|5
|
|t:|1666904061
|switch|p1a: I lost :(|Liepard, M|100/100
|-damage|p1a: I lost :(|88/100|[from] Stealth Rock
|move|p2a: Deoxys|Light Screen|p2a: Deoxys
|-sidestart|p2: ThisIsntHilarious|move: Light Screen
|
|-heal|p1a: I lost :(|94/100|[from] item: Leftovers
|upkeep
|turn|6
|
|t:|1666904069
|switch|p2a: Yveltal|Yveltal|100/100
|-damage|p2a: Yveltal|76/100|[from] Stealth Rock
|-ability|p2a: Yveltal|Dark Aura
|move|p1a: I lost :(|Assist|p1a: I lost :(
|move|p1a: I lost :(|Spore|p2a: Yveltal|[from]move: Assist
|-hint|Since gen 7, Dark is immune to Prankster moves.
|-immune|p2a: Yveltal
|
|-heal|p1a: I lost :(|100/100|[from] item: Leftovers
|upkeep
|turn|7
|
|t:|1666904082
|move|p1a: I lost :(|Substitute|p1a: I lost :(
|-start|p1a: I lost :(|Substitute
|-damage|p1a: I lost :(|76/100
|move|p2a: Yveltal|Oblivion Wing|p1a: I lost :(
|-end|p1a: I lost :(|Substitute
|-heal|p2a: Yveltal|89/100|[from] drain|[of] p1a: I lost :(
|-damage|p2a: Yveltal|79/100|[from] item: Life Orb
|
|-heal|p1a: I lost :(|82/100|[from] item: Leftovers
|upkeep
|turn|8
|
|t:|1666904105
|switch|p1a: Godofall|Smeargle, M, shiny|88/100
|-damage|p1a: Godofall|76/100|[from] Stealth Rock
|move|p2a: Yveltal|Oblivion Wing|p1a: Godofall
|-damage|p1a: Godofall|0 fnt
|-heal|p2a: Yveltal|100/100|[from] drain|[of] p1a: Godofall
|faint|p1a: Godofall
|-damage|p2a: Yveltal|91/100|[from] item: Life Orb
|
|upkeep
|
|t:|1666904128
|switch|p1a: The devil|Giratina, shiny|100/100
|-damage|p1a: The devil|88/100|[from] Stealth Rock
|-ability|p1a: The devil|Pressure
|turn|9
|
|t:|1666904136
|-start|p1a: The devil|Dynamax|
|-heal|p1a: The devil|88/100|[silent]
|move|p2a: Yveltal|Dark Pulse|p1a: The devil
|-supereffective|p1a: The devil
|-damage|p1a: The devil|39/100
|-enditem|p1a: The devil|Weakness Policy
|-boost|p1a: The devil|atk|2|[from] item: Weakness Policy
|-boost|p1a: The devil|spa|2|[from] item: Weakness Policy
|-damage|p2a: Yveltal|81/100|[from] item: Life Orb
|move|p1a: The devil|Max Airstream|p2a: Yveltal
|-damage|p2a: Yveltal|46/100
|-boost|p1a: The devil|spe|1
|
|-sideend|p2: ThisIsntHilarious|Reflect
|upkeep
|turn|10
|
|t:|1666904152
|move|p1a: The devil|Max Airstream|p2a: Yveltal
|-damage|p2a: Yveltal|0 fnt
|-boost|p1a: The devil|spe|1
|faint|p2a: Yveltal
|
|upkeep
|
|t:|1666904166
|switch|p2a: Deoxys|Deoxys-Speed|63/100
|-damage|p2a: Deoxys|51/100|[from] Stealth Rock
|-ability|p2a: Deoxys|Pressure
|turn|11
|
|t:|1666904173
|move|p1a: The devil|Max Airstream|p2a: Deoxys
|-damage|p2a: Deoxys|0 fnt
|-boost|p1a: The devil|spe|1
|faint|p2a: Deoxys
|
|upkeep
|
|t:|1666904179
|switch|p2a: Arceus|Arceus|100/100
|-damage|p2a: Arceus|88/100|[from] Stealth Rock
|-end|p1a: The devil|Dynamax
|-heal|p1a: The devil|39/100|[silent]
|turn|12
|
|t:|1666904189
|move|p1a: The devil|Destiny Bond|p1a: The devil
|-singlemove|p1a: The devil|Destiny Bond
|move|p2a: Arceus|Shadow Claw|p1a: The devil
|-supereffective|p1a: The devil
|-damage|p1a: The devil|5/100
|
|-sideend|p2: ThisIsntHilarious|move: Light Screen
|upkeep
|turn|13
|
|t:|1666904200
|move|p2a: Arceus|Shadow Claw|p1a: The devil
|-supereffective|p1a: The devil
|-damage|p1a: The devil|0 fnt
|faint|p1a: The devil
|-activate|p1a: The devil|move: Destiny Bond
|faint|p2a: Arceus
|
|upkeep
|
|t:|1666904212
|switch|p1a: Hawlucha|Hawlucha, M|100/100
|switch|p2a: Rayquaza|Rayquaza|100/100
|-damage|p1a: Hawlucha|88/100|[from] Stealth Rock
|-damage|p2a: Rayquaza|76/100|[from] Stealth Rock
|-ability|p2a: Rayquaza|Air Lock
|turn|14
|j| lol muted
|
|t:|1666904221
|move|p1a: Hawlucha|Fly||[still]
|-prepare|p1a: Hawlucha|Fly
|move|p2a: Rayquaza|Dragon Dance|p2a: Rayquaza
|-boost|p2a: Rayquaza|atk|1
|-boost|p2a: Rayquaza|spe|1
|
|upkeep
|turn|15
|
|t:|1666904227
|detailschange|p2a: Rayquaza|Rayquaza-Mega
|-mega|p2a: Rayquaza|Rayquaza|
|-weather|DeltaStream|[from] ability: Delta Stream|[of] p2a: Rayquaza
|move|p2a: Rayquaza|Dragon Ascent|p1a: Hawlucha|[miss]
|-miss|p2a: Rayquaza|p1a: Hawlucha
|move|p1a: Hawlucha|Fly|p2a: Rayquaza|[from]lockedmove
|-damage|p2a: Rayquaza|37/100
|
|-weather|DeltaStream|[upkeep]
|upkeep
|turn|16
|
|t:|1666904242
|switch|p1a: I can do worse|Wobbuffet, M, shiny|100/100
|-damage|p1a: I can do worse|88/100|[from] Stealth Rock
|move|p2a: Rayquaza|Dragon Ascent|p1a: I can do worse
|-damage|p1a: I can do worse|0 fnt
|-unboost|p2a: Rayquaza|def|1
|-unboost|p2a: Rayquaza|spd|1
|faint|p1a: I can do worse
|-damage|p2a: Rayquaza|27/100|[from] item: Life Orb
|
|-weather|DeltaStream|[upkeep]
|upkeep
|
|t:|1666904258
|switch|p1a: Blobbo|Ditto, shiny|100/100
|-damage|p1a: Blobbo|88/100|[from] Stealth Rock
|-transform|p1a: Blobbo|p2a: Rayquaza|[from] ability: Imposter
|turn|17
|
|t:|1666904271
|switch|p2a: Necrozma|Necrozma-Dusk-Mane|100/100
|-damage|p2a: Necrozma|94/100|[from] Stealth Rock
|move|p1a: Blobbo|Dragon Ascent|p2a: Necrozma
|-resisted|p2a: Necrozma
|-damage|p2a: Necrozma|52/100
|-unboost|p1a: Blobbo|def|1
|-unboost|p1a: Blobbo|spd|1
|-damage|p1a: Blobbo|71/100|[from] item: Rocky Helmet|[of] p2a: Necrozma
|
|-weather|DeltaStream|[upkeep]
|upkeep
|turn|18
|
|t:|1666904285
|-weather|none
|switch|p1a: Hawlucha|Hawlucha, M|88/100
|-damage|p1a: Hawlucha|76/100|[from] Stealth Rock
|move|p2a: Necrozma|Thunder Wave|p1a: Hawlucha
|-status|p1a: Hawlucha|par
|
|upkeep
|turn|19
|
|t:|1666904294
|move|p2a: Necrozma|Morning Sun|p2a: Necrozma
|-heal|p2a: Necrozma|100/100
|-zpower|p1a: Hawlucha
|move|p1a: Hawlucha|All-Out Pummeling|p2a: Necrozma|[zeffect]
|-damage|p2a: Necrozma|47/100
|
|upkeep
|turn|20
|
|t:|1666904305
|-singleturn|p1a: Hawlucha|move: Focus Punch
|move|p2a: Necrozma|Morning Sun|p2a: Necrozma
|-heal|p2a: Necrozma|97/100
|move|p1a: Hawlucha|Focus Punch|p2a: Necrozma
|-crit|p2a: Necrozma
|-damage|p2a: Necrozma|35/100
|-damage|p1a: Hawlucha|59/100 par|[from] item: Rocky Helmet|[of] p2a: Necrozma
|
|upkeep
|turn|21
|
|t:|1666904316
|-singleturn|p1a: Hawlucha|move: Focus Punch
|move|p2a: Necrozma|Morning Sun|p2a: Necrozma
|-heal|p2a: Necrozma|85/100
|move|p1a: Hawlucha|Focus Punch|p2a: Necrozma
|-damage|p2a: Necrozma|44/100
|-damage|p1a: Hawlucha|43/100 par|[from] item: Rocky Helmet|[of] p2a: Necrozma
|
|upkeep
|turn|22
|
|t:|1666904327
|-singleturn|p1a: Hawlucha|move: Focus Punch
|move|p2a: Necrozma|Morning Sun|p2a: Necrozma
|-heal|p2a: Necrozma|94/100
|move|p1a: Hawlucha|Focus Punch|p2a: Necrozma
|-damage|p2a: Necrozma|55/100
|-damage|p1a: Hawlucha|26/100 par|[from] item: Rocky Helmet|[of] p2a: Necrozma
|
|upkeep
|turn|23
|
|t:|1666904338
|-singleturn|p1a: Hawlucha|move: Focus Punch
|move|p2a: Necrozma|Morning Sun|p2a: Necrozma
|-heal|p2a: Necrozma|100/100
|move|p1a: Hawlucha|Focus Punch|p2a: Necrozma
|-damage|p2a: Necrozma|58/100
|-damage|p1a: Hawlucha|10/100 par|[from] item: Rocky Helmet|[of] p2a: Necrozma
|
|upkeep
|turn|24
|
|t:|1666904349
|-singleturn|p1a: Hawlucha|move: Focus Punch
|move|p2a: Necrozma|Morning Sun|p2a: Necrozma
|-heal|p2a: Necrozma|100/100
|move|p1a: Hawlucha|Focus Punch|p2a: Necrozma
|-damage|p2a: Necrozma|61/100
|-damage|p1a: Hawlucha|0 fnt|[from] item: Rocky Helmet|[of] p2a: Necrozma
|faint|p1a: Hawlucha
|
|upkeep
|
|t:|1666904360
|switch|p1a: I lost :(|Liepard, M|82/100
|-damage|p1a: I lost :(|70/100|[from] Stealth Rock
|turn|25
|
|t:|1666904365
|move|p1a: I lost :(|Assist|p1a: I lost :(
|move|p1a: I lost :(|Spore|p2a: Necrozma|[from]move: Assist
|-status|p2a: Necrozma|slp|[from] move: Spore
|cant|p2a: Necrozma|slp
|
|-heal|p1a: I lost :(|76/100|[from] item: Leftovers
|upkeep
|turn|26
|
|t:|1666904374
|move|p1a: I lost :(|Nasty Plot|p1a: I lost :(
|-boost|p1a: I lost :(|spa|2
|cant|p2a: Necrozma|slp
|
|-heal|p1a: I lost :(|82/100|[from] item: Leftovers
|upkeep
|turn|27
|
|t:|1666904382
|move|p1a: I lost :(|Substitute|p1a: I lost :(
|-start|p1a: I lost :(|Substitute
|-damage|p1a: I lost :(|57/100
|cant|p2a: Necrozma|slp
|
|-heal|p1a: I lost :(|63/100|[from] item: Leftovers
|upkeep
|turn|28
|
|t:|1666904390
|move|p1a: I lost :(|Nasty Plot|p1a: I lost :(
|-boost|p1a: I lost :(|spa|2
|-curestatus|p2a: Necrozma|slp|[msg]
|move|p2a: Necrozma|Sunsteel Strike|p1a: I lost :(
|-end|p1a: I lost :(|Substitute
|
|-heal|p1a: I lost :(|70/100|[from] item: Leftovers
|upkeep
|turn|29
|
|t:|1666904402
|move|p1a: I lost :(|Assist|p1a: I lost :(
|move|p1a: I lost :(|Spore|p2a: Necrozma|[from]move: Assist
|-status|p2a: Necrozma|slp|[from] move: Spore
|cant|p2a: Necrozma|slp
|
|-heal|p1a: I lost :(|76/100|[from] item: Leftovers
|upkeep
|turn|30
|
|t:|1666904411
|move|p1a: I lost :(|Substitute|p1a: I lost :(
|-start|p1a: I lost :(|Substitute
|-damage|p1a: I lost :(|51/100
|-curestatus|p2a: Necrozma|slp|[msg]
|move|p2a: Necrozma|Sunsteel Strike|p1a: I lost :(
|-end|p1a: I lost :(|Substitute
|
|-heal|p1a: I lost :(|57/100|[from] item: Leftovers
|upkeep
|turn|31
|
|t:|1666904423
|move|p1a: I lost :(|Assist|p1a: I lost :(
|move|p1a: I lost :(|Spore|p2a: Necrozma|[from]move: Assist
|-status|p2a: Necrozma|slp|[from] move: Spore
|cant|p2a: Necrozma|slp
|
|-heal|p1a: I lost :(|63/100|[from] item: Leftovers
|upkeep
|turn|32
|
|t:|1666904432
|move|p1a: I lost :(|Substitute|p1a: I lost :(
|-start|p1a: I lost :(|Substitute
|-damage|p1a: I lost :(|39/100
|cant|p2a: Necrozma|slp
|
|-heal|p1a: I lost :(|45/100|[from] item: Leftovers
|upkeep
|turn|33
|
|t:|1666904440
|move|p1a: I lost :(|Dark Pulse|p2a: Necrozma
|-supereffective|p2a: Necrozma
|-damage|p2a: Necrozma|0 fnt
|faint|p2a: Necrozma
|
|-heal|p1a: I lost :(|51/100|[from] item: Leftovers
|upkeep
|
|t:|1666904444
|switch|p2a: Xerneas|Xerneas|100/100
|-damage|p2a: Xerneas|88/100|[from] Stealth Rock
|-ability|p2a: Xerneas|Fairy Aura
|turn|34
|
|t:|1666904453
|move|p1a: I lost :(|Assist|p1a: I lost :(
|move|p1a: I lost :(|Spore|p2a: Xerneas|[from]move: Assist
|-status|p2a: Xerneas|slp|[from] move: Spore
|cant|p2a: Xerneas|slp
|
|-heal|p1a: I lost :(|57/100|[from] item: Leftovers
|upkeep
|turn|35
|
|t:|1666904463
|-start|p2a: Xerneas|Dynamax|
|-heal|p2a: Xerneas|88/100 slp|[silent]
|cant|p2a: Xerneas|slp
|move|p1a: I lost :(|Dark Pulse|p2a: Xerneas
|-resisted|p2a: Xerneas
|-damage|p2a: Xerneas|68/100 slp
|
|-heal|p1a: I lost :(|63/100|[from] item: Leftovers
|upkeep
|turn|36
|
|t:|1666904476
|-curestatus|p2a: Xerneas|slp|[msg]
|move|p2a: Xerneas|Max Starfall|p1a: I lost :(
|-supereffective|p1a: I lost :(
|-end|p1a: I lost :(|Substitute
|-fieldstart|move: Misty Terrain
|move|p1a: I lost :(|Dark Pulse|p2a: Xerneas
|-resisted|p2a: Xerneas
|-damage|p2a: Xerneas|47/100
|
|-heal|p1a: I lost :(|70/100|[from] item: Leftovers
|upkeep
|turn|37
|
|t:|1666904498
|move|p1a: I lost :(|Substitute|p1a: I lost :(
|-start|p1a: I lost :(|Substitute
|-damage|p1a: I lost :(|45/100
|move|p2a: Xerneas|Max Starfall|p1a: I lost :(
|-supereffective|p1a: I lost :(
|-end|p1a: I lost :(|Substitute
|
|-heal|p1a: I lost :(|51/100|[from] item: Leftovers
|upkeep
|-end|p2a: Xerneas|Dynamax
|-heal|p2a: Xerneas|47/100|[silent]
|turn|38
|
|t:|1666904510
|move|p2a: Xerneas|Moonblast|p1a: I lost :(
|-supereffective|p1a: I lost :(
|-damage|p1a: I lost :(|0 fnt
|faint|p1a: I lost :(
|
|upkeep
|
|t:|1666904515
|switch|p1a: Blobbo|Ditto, shiny|71/100
|-damage|p1a: Blobbo|59/100|[from] Stealth Rock
|-transform|p1a: Blobbo|p2a: Xerneas|[from] ability: Imposter
|-ability|p1a: Blobbo|Fairy Aura
|turn|39
|
|t:|1666904524
|move|p1a: Blobbo|Moonblast|p2a: Xerneas
|-damage|p2a: Xerneas|0 fnt
|faint|p2a: Xerneas
|
|upkeep
|
|t:|1666904526
|switch|p2a: Rayquaza|Rayquaza-Mega|27/100
|-damage|p2a: Rayquaza|2/100|[from] Stealth Rock
|-weather|DeltaStream|[from] ability: Delta Stream|[of] p2a: Rayquaza
|turn|40
|
|t:|1666904533
|move|p2a: Rayquaza|Extreme Speed|p1a: Blobbo
|-damage|p1a: Blobbo|8/100
|-damage|p2a: Rayquaza|0 fnt|[from] item: Life Orb
|faint|p2a: Rayquaza
|-weather|none
|
|win|zubitop
|raw|zubitop's rating: 1567 &rarr; <strong>1589</strong><br />(+22 for winning)
|raw|ThisIsntHilarious's rating: 1598 &rarr; <strong>1576</strong><br />(-22 for losing)
|l|☆ThisIsntHilarious
|l| lol muted
|l|☆zubitop
|j|☆zubitop
|player|p1|zubitop|palmer
||Ladder isn't responding, score probably updated but might not have (Request timeout).
