|j|☆Bunrphenix
|j|☆Machna
|inactive|Battle timer is ON: inactive players will automatically lose when time's up.
|t:|1659714870
|gametype|singles
|player|p1|Bunrphenix|cynthia-masters2|
|player|p2|Machna|lyra|
|teamsize|p1|6
|teamsize|p2|6
|gen|8
|tier|[Gen 8] National Dex AG
|rated|Tournament battle
|rule|HP Percentage Mod: HP is shown in percentages
|rule|Endless Battle Clause: Forcing endless battles is banned
|clearpoke
|poke|p1|Rayquaza|
|poke|p1|Xerneas-*|
|poke|p1|Yveltal|
|poke|p1|Marshadow|
|poke|p1|Necrozma-Dusk-Mane|
|poke|p1|Arceus-*|
|poke|p2|Calyrex-Shadow|
|poke|p2|Ribombee, M|
|poke|p2|Rayquaza|
|poke|p2|Groudon|
|poke|p2|Arceus-*|
|poke|p2|Kyogre|
|teampreview
|
|t:|1659714879
|start
|switch|p1a: Arceus|Arceus-Ground|100/100
|switch|p2a: Ribombee|Ribombee, M|100/100
|turn|1
|c|☆Bunrphenix|Hf
|
|t:|1659714909
|move|p2a: Ribombee|Sticky Web|p1a: Arceus
|-sidestart|p1: Bunrphenix|move: Sticky Web
|move|p1a: Arceus|Stealth Rock|p2a: Ribombee
|-sidestart|p2: Machna|move: Stealth Rock
|
|upkeep
|turn|2
|
|t:|1659714911
|move|p2a: Ribombee|Stun Spore|p1a: Arceus
|-status|p1a: Arceus|par
|move|p1a: Arceus|Ice Beam|p2a: Ribombee
|-damage|p2a: Ribombee|61/100
|
|upkeep
|turn|3
|
|t:|1659714927
|move|p2a: Ribombee|Moonblast|p1a: Arceus
|-damage|p1a: Arceus|76/100 par
|move|p1a: Arceus|Ice Beam|p2a: Ribombee
|-damage|p2a: Ribombee|20/100
|
|upkeep
|turn|4
|
|t:|1659714931
|move|p2a: Ribombee|Moonblast|p1a: Arceus
|-damage|p1a: Arceus|52/100 par
|-unboost|p1a: Arceus|spa|1
|move|p1a: Arceus|Recover|p1a: Arceus
|-heal|p1a: Arceus|100/100 par
|
|upkeep
|turn|5
|
|t:|1659714935
|move|p2a: Ribombee|Moonblast|p1a: Arceus
|-damage|p1a: Arceus|73/100 par
|move|p1a: Arceus|Ice Beam|p2a: Ribombee
|-damage|p2a: Ribombee|0 fnt
|faint|p2a: Ribombee
|
|upkeep
|
|t:|1659714947
|switch|p2a: Kyogre|Kyogre|100/100
|-damage|p2a: Kyogre|88/100|[from] Stealth Rock
|-weather|RainDance|[from] ability: Drizzle|[of] p2a: Kyogre
|turn|6
|
|t:|1659714956
|move|p2a: Kyogre|Origin Pulse|p1a: Arceus
|-supereffective|p1a: Arceus
|-damage|p1a: Arceus|0 fnt
|faint|p1a: Arceus
|-damage|p2a: Kyogre|78/100|[from] item: Life Orb
|
|-weather|RainDance|[upkeep]
|upkeep
|
|t:|1659714959
|switch|p1a: Rayquaza|Rayquaza|100/100
|-ability|p1a: Rayquaza|Air Lock
|turn|7
|
|t:|1659714968
|detailschange|p1a: Rayquaza|Rayquaza-Mega
|-mega|p1a: Rayquaza|Rayquaza|
|-weather|DeltaStream|[from] ability: Delta Stream|[of] p1a: Rayquaza
|move|p1a: Rayquaza|Dragon Ascent|p2a: Kyogre
|-damage|p2a: Kyogre|0 fnt
|-unboost|p1a: Rayquaza|def|1
|-unboost|p1a: Rayquaza|spd|1
|faint|p2a: Kyogre
|-damage|p1a: Rayquaza|91/100|[from] item: Life Orb
|
|-weather|DeltaStream|[upkeep]
|upkeep
|
|t:|1659714975
|switch|p2a: Calyrex|Calyrex-Shadow|100/100
|-ability|p2a: Calyrex|As One
|-ability|p2a: Calyrex|Unnerve
|-damage|p2a: Calyrex|88/100|[from] Stealth Rock
|turn|8
|
|t:|1659714980
|-weather|none
|switch|p1a: Yveltal|Yveltal|100/100
|-ability|p1a: Yveltal|Dark Aura
|move|p2a: Calyrex|Draining Kiss|p1a: Yveltal
|-supereffective|p1a: Yveltal
|-damage|p1a: Yveltal|74/100
|-heal|p2a: Calyrex|100/100|[from] drain|[of] p1a: Yveltal
|
|upkeep
|turn|9
|
|t:|1659714987
|move|p2a: Calyrex|Nasty Plot|p2a: Calyrex
|-boost|p2a: Calyrex|spa|2
|move|p1a: Yveltal|Toxic|p2a: Calyrex
|-status|p2a: Calyrex|tox
|
|-damage|p2a: Calyrex|94/100 tox|[from] psn
|upkeep
|turn|10
|
|t:|1659714996
|move|p2a: Calyrex|Draining Kiss|p1a: Yveltal
|-supereffective|p1a: Yveltal
|-damage|p1a: Yveltal|26/100
|-heal|p2a: Calyrex|100/100 tox|[from] drain|[of] p1a: Yveltal
|move|p1a: Yveltal|Roost|p1a: Yveltal
|-heal|p1a: Yveltal|76/100
|-singleturn|p1a: Yveltal|move: Roost
|
|-damage|p2a: Calyrex|88/100 tox|[from] psn
|upkeep
|turn|11
|
|t:|1659715001
|-start|p2a: Calyrex|Dynamax|
|-heal|p2a: Calyrex|88/100 tox|[silent]
|move|p2a: Calyrex|Max Starfall|p1a: Yveltal
|-supereffective|p1a: Yveltal
|-crit|p1a: Yveltal
|-damage|p1a: Yveltal|0 fnt
|-fieldstart|move: Misty Terrain
|faint|p1a: Yveltal
|-ability|p2a: Calyrex|Grim Neigh|boost
|-boost|p2a: Calyrex|spa|1
|
|-damage|p2a: Calyrex|79/100 tox|[from] psn
|upkeep
|
|t:|1659715003
|switch|p1a: Marshadow|Marshadow|100/100
|-activate|p1a: Marshadow|move: Sticky Web
|-unboost|p1a: Marshadow|spe|1
|turn|12
|
|t:|1659715007
|move|p1a: Marshadow|Shadow Sneak|p2a: Calyrex
|-supereffective|p2a: Calyrex
|-damage|p2a: Calyrex|6/100 tox
|move|p2a: Calyrex|Max Mindstorm|p1a: Marshadow
|-supereffective|p1a: Marshadow
|-damage|p1a: Marshadow|0 fnt
|-fieldstart|move: Psychic Terrain
|faint|p1a: Marshadow
|-ability|p2a: Calyrex|Grim Neigh|boost
|-boost|p2a: Calyrex|spa|1
|
|-damage|p2a: Calyrex|0 fnt|[from] psn
|faint|p2a: Calyrex
|upkeep
|
|t:|1659715020
|switch|p2a: Groudon|Groudon|100/100
|switch|p1a: Rayquaza|Rayquaza-Mega|91/100
|-weather|DeltaStream|[from] ability: Delta Stream|[of] p1a: Rayquaza
|-damage|p2a: Groudon|94/100|[from] Stealth Rock
|detailschange|p2a: Groudon|Groudon-Primal
|-primal|p2a: Groudon
|-weather|DesolateLand|[from] ability: Desolate Land|[of] p2a: Groudon
|turn|13
|
|t:|1659715034
|move|p1a: Rayquaza|Dragon Dance|p1a: Rayquaza
|-boost|p1a: Rayquaza|atk|1
|-boost|p1a: Rayquaza|spe|1
|move|p2a: Groudon|Stone Edge|p1a: Rayquaza|[miss]
|-miss|p2a: Groudon|p1a: Rayquaza
|
|-weather|DesolateLand|[upkeep]
|upkeep
|turn|14
|
|t:|1659715040
|move|p1a: Rayquaza|Earthquake|p2a: Groudon
|-supereffective|p2a: Groudon
|-damage|p2a: Groudon|0 fnt
|faint|p2a: Groudon
|-weather|none
|-damage|p1a: Rayquaza|81/100|[from] item: Life Orb
|
|upkeep
|
|t:|1659715047
|switch|p2a: Rayquaza|Rayquaza|100/100
|-damage|p2a: Rayquaza|76/100|[from] Stealth Rock
|-ability|p2a: Rayquaza|Air Lock
|turn|15
|
|t:|1659715052
|detailschange|p2a: Rayquaza|Rayquaza-Mega
|-mega|p2a: Rayquaza|Rayquaza|
|-weather|DeltaStream|[from] ability: Delta Stream|[of] p2a: Rayquaza
|move|p1a: Rayquaza|Dragon Ascent|p2a: Rayquaza
|-damage|p2a: Rayquaza|0 fnt
|-unboost|p1a: Rayquaza|def|1
|-unboost|p1a: Rayquaza|spd|1
|faint|p2a: Rayquaza
|-damage|p1a: Rayquaza|71/100|[from] item: Life Orb
|
|-weather|DeltaStream|[upkeep]
|upkeep
|
|t:|1659715057
|switch|p2a: Arceus|Arceus|100/100
|-damage|p2a: Arceus|88/100|[from] Stealth Rock
|turn|16
|
|t:|1659715060
|move|p2a: Arceus|Extreme Speed|p1a: Rayquaza
|-hint|Psychic Terrain doesn't affect Pokémon immune to Ground.
|-damage|p1a: Rayquaza|18/100
|move|p1a: Rayquaza|Dragon Ascent|p2a: Arceus
|-damage|p2a: Arceus|0 fnt
|-unboost|p1a: Rayquaza|def|1
|-unboost|p1a: Rayquaza|spd|1
|faint|p2a: Arceus
|-damage|p1a: Rayquaza|8/100|[from] item: Life Orb
|
|win|Bunrphenix
|n|☆Bunrphenix|bunrphenix
|n|☆Machna|machna
