|j|☆FairyxLucy♥
|j|☆Hogwashimperial
|player|p1|FairyxLucy♥|dahlia|1312
|player|p2|Hogwashimperial|swimmer-gen4dp|1367
|teamsize|p1|6
|teamsize|p2|6
|gametype|singles
|gen|8
|tier|[Gen 8] National Dex AG
|rated|
|clearpoke
|poke|p1|Rayquaza|
|poke|p1|Yveltal|
|poke|p1|Arceus-*|
|poke|p1|Zygarde|
|poke|p1|Kyogre|
|poke|p1|Necrozma-Dusk-Mane|
|poke|p2|Rayquaza|
|poke|p2|Zacian-Crowned|
|poke|p2|Groudon|
|poke|p2|Smeargle, M|
|poke|p2|Necrozma-Dusk-Mane|
|poke|p2|Ho-Oh|
|rule|HP Percentage Mod: HP is shown in percentages
|rule|Endless Battle Clause: Forcing endless battles is banned
|teampreview
|inactive|Battle timer is ON: inactive players will automatically lose when time's up. (requested by FairyxLucy♥)
|
|start
|switch|p1a: Arceus|Arceus-Fairy|100/100
|switch|p2a: Smeargle|Smeargle, M|100/100
|turn|1
|
|switch|p1a: jehahahahah|Yveltal, shiny|100/100
|-ability|p1a: jehahahahah|Dark Aura
|move|p2a: Smeargle|Spore|p1a: jehahahahah
|-status|p1a: jehahahahah|slp|[from] move: Spore
|
|-ability|p2a: Smeargle|Moody|boost
|-boost|p2a: Smeargle|spa|2
|-unboost|p2a: Smeargle|atk|1
|upkeep
|turn|2
|
|cant|p1a: jehahahahah|slp
|move|p2a: Smeargle|Shell Smash|p2a: Smeargle
|-unboost|p2a: Smeargle|def|1
|-unboost|p2a: Smeargle|spd|1
|-boost|p2a: Smeargle|atk|2
|-boost|p2a: Smeargle|spa|2
|-boost|p2a: Smeargle|spe|2
|
|-ability|p2a: Smeargle|Moody|boost
|-boost|p2a: Smeargle|atk|2
|-unboost|p2a: Smeargle|spa|1
|upkeep
|turn|3
|
|move|p2a: Smeargle|Baton Pass|p2a: Smeargle
|
|switch|p2a: Groudon|Groudon|100/100|[from]move: Baton Pass
|detailschange|p2a: Groudon|Groudon-Primal
|-primal|p2a: Groudon
|-weather|DesolateLand|[from] ability: Desolate Land|[of] p2a: Groudon
|cant|p1a: jehahahahah|slp
|
|-weather|DesolateLand|[upkeep]
|upkeep
|turn|4
|
|move|p2a: Groudon|Eruption|p1a: jehahahahah
|-damage|p1a: jehahahahah|0 fnt
|faint|p1a: jehahahahah
|
|-weather|DesolateLand|[upkeep]
|upkeep
|
|switch|p1a: Zygarde|Zygarde|100/100
|turn|5
|
|move|p2a: Groudon|Eruption|p1a: Zygarde
|-resisted|p1a: Zygarde
|-damage|p1a: Zygarde|0 fnt
|faint|p1a: Zygarde
|
|-weather|DesolateLand|[upkeep]
|upkeep
|
|switch|p1a: Arceus|Arceus-Fairy|100/100
|turn|6
|
|move|p2a: Groudon|Eruption|p1a: Arceus
|-damage|p1a: Arceus|0 fnt
|faint|p1a: Arceus
|
|-weather|DesolateLand|[upkeep]
|upkeep
|-message|FairyxLucy♥ forfeited.
|
|win|Hogwashimperial
|l|☆FairyxLucy♥
|raw|FairyxLucy♥'s rating: 1312 &rarr; <strong>1295</strong><br />(-17 for losing)
|raw|Hogwashimperial's rating: 1367 &rarr; <strong>1384</strong><br />(+17 for winning)
|l|☆Hogwashimperial
