|j|☆FloomFlooms
|j|☆Direhands
|t:|1665322762
|gametype|singles
|player|p1|FloomFlooms|flannery|1501
|player|p2|Direhands|gambler|1683
|teamsize|p1|6
|teamsize|p2|6
|gen|8
|tier|[Gen 8] National Dex AG
|rated|
|rule|HP Percentage Mod: HP is shown in percentages
|rule|Endless Battle Clause: Forcing endless battles is banned
|clearpoke
|poke|p1|Buzzwole|
|poke|p1|Cinccino, F|
|poke|p1|Magearna|
|poke|p1|Smeargle, M|
|poke|p1|Grimmsnarl, M|
|poke|p1|Cinderace, F|
|poke|p2|Smeargle, F|
|poke|p2|Vivillon-Monsoon, F|
|poke|p2|Kyogre|
|poke|p2|Ho-Oh|
|poke|p2|Groudon|
|poke|p2|Marshadow|
|teampreview
|
|t:|1665322770
|start
|switch|p1a: Snarl|Grimmsnarl, M|100/100
|switch|p2a: Betterfree|Vivillon-Monsoon, F|100/100
|turn|1
|inactive|Battle timer is ON: inactive players will automatically lose when time's up. (requested by Direhands)
|
|t:|1665322776
|move|p1a: Snarl|Taunt|p2a: Betterfree
|-start|p2a: Betterfree|move: Taunt
|move|p2a: Betterfree|Hurricane|p1a: Snarl
|-damage|p1a: Snarl|69/100
|
|upkeep
|turn|2
|
|t:|1665322782
|switch|p2a: LeonarDOG|Smeargle, F|100/100
|move|p1a: Snarl|Spirit Break|p2a: LeonarDOG
|-damage|p2a: LeonarDOG|29/100
|-unboost|p2a: LeonarDOG|spa|1
|
|upkeep
|turn|3
|
|t:|1665322786
|move|p1a: Snarl|Taunt|p2a: LeonarDOG
|-start|p2a: LeonarDOG|move: Taunt
|move|p2a: LeonarDOG|Nuzzle|p1a: Snarl
|-damage|p1a: Snarl|67/100
|-status|p1a: Snarl|par
|
|upkeep
|turn|4
|
|t:|1665322792
|switch|p2a: Gold|Ho-Oh|100/100
|move|p1a: Snarl|Spirit Break|p2a: Gold
|-resisted|p2a: Gold
|-damage|p2a: Gold|88/100
|-unboost|p2a: Gold|spa|1
|
|upkeep
|turn|5
|
|t:|1665322796
|move|p1a: Snarl|Thunder Wave|p2a: Gold
|-status|p2a: Gold|par
|move|p2a: Gold|Sacred Fire|p1a: Snarl
|-damage|p1a: Snarl|11/100 par
|
|upkeep
|turn|6
|
|t:|1665322801
|move|p1a: Snarl|Taunt|p2a: Gold
|-start|p2a: Gold|move: Taunt
|cant|p2a: Gold|par
|
|upkeep
|turn|7
|
|t:|1665322804
|move|p2a: Gold|Sacred Fire|p1a: Snarl|[miss]
|-miss|p2a: Gold|p1a: Snarl
|cant|p1a: Snarl|par
|
|upkeep
|turn|8
|
|t:|1665322807
|cant|p2a: Gold|par
|move|p1a: Snarl|Spirit Break|p2a: Gold
|-resisted|p2a: Gold
|-damage|p2a: Gold|75/100 par
|-unboost|p2a: Gold|spa|1
|
|-end|p2a: Gold|move: Taunt
|upkeep
|turn|9
|c|☆FloomFlooms|Wow
|
|t:|1665322820
|cant|p1a: Snarl|par
|cant|p2a: Gold|par
|
|upkeep
|turn|10
|
|t:|1665322825
|cant|p1a: Snarl|par
|move|p2a: Gold|Sacred Fire|p1a: Snarl
|-damage|p1a: Snarl|0 fnt
|faint|p1a: Snarl
|
|upkeep
|c|☆Direhands|Finally
|
|t:|1665322832
|switch|p1a: Mawa|Magearna|100/100
|turn|11
|
|t:|1665322835
|move|p1a: Mawa|Shift Gear|p1a: Mawa
|-boost|p1a: Mawa|spe|2
|-boost|p1a: Mawa|atk|1
|move|p2a: Gold|Sacred Fire|p1a: Mawa
|-supereffective|p1a: Mawa
|-damage|p1a: Mawa|26/100
|-status|p1a: Mawa|brn
|-enditem|p1a: Mawa|Weakness Policy
|-boost|p1a: Mawa|atk|2|[from] item: Weakness Policy
|-boost|p1a: Mawa|spa|2|[from] item: Weakness Policy
|
|-damage|p1a: Mawa|20/100 brn|[from] brn
|upkeep
|turn|12
|
|t:|1665322840
|move|p1a: Mawa|Baton Pass|p1a: Mawa
|
|t:|1665322842
|switch|p1a: Hulkskito|Buzzwole, shiny|100/100|[from]move: Baton Pass
|cant|p2a: Gold|par
|
|upkeep
|turn|13
|
|t:|1665322850
|move|p1a: Hulkskito|Dual Wingbeat|p2a: Gold
|-damage|p2a: Gold|39/100 par
|-damage|p2a: Gold|7/100 par
|-hitcount|p2a: Gold|2
|cant|p2a: Gold|par
|
|upkeep
|turn|14
|
|t:|1665322857
|move|p1a: Hulkskito|Drain Punch|p2a: Gold
|-resisted|p2a: Gold
|-damage|p2a: Gold|0 fnt
|faint|p2a: Gold
|-ability|p1a: Hulkskito|Beast Boost|boost
|-boost|p1a: Hulkskito|atk|1
|
|upkeep
|c|☆Direhands|Bruh
|c|☆Direhands|I wanted to whirlwind
|
|t:|1665322871
|switch|p2a: Philadelphia|Groudon|100/100
|detailschange|p2a: Philadelphia|Groudon-Primal
|-primal|p2a: Philadelphia
|-weather|DesolateLand|[from] ability: Desolate Land|[of] p2a: Philadelphia
|turn|15
|c|☆FloomFlooms|Welp
|
|t:|1665322875
|move|p1a: Hulkskito|Earthquake|p2a: Philadelphia
|-supereffective|p2a: Philadelphia
|-damage|p2a: Philadelphia|0 fnt
|faint|p2a: Philadelphia
|-weather|none
|-ability|p1a: Hulkskito|Beast Boost|boost
|-boost|p1a: Hulkskito|atk|1
|
|upkeep
|-message|Direhands forfeited.
|
|win|FloomFlooms
|raw|FloomFlooms's rating: 1501 &rarr; <strong>1531</strong><br />(+30 for winning)
|raw|Direhands's rating: 1683 &rarr; <strong>1653</strong><br />(-30 for losing)
|l|☆Direhands
||Ladder isn't responding, score probably updated but might not have (Request timeout).
