|j|☆rajof
|j|‽msdarkweep
|t:|1616992264
|player|p1|rajof|youngster-gen4|1728
|player|p2|msdarkweep|266|1612
|teamsize|p1|6
|teamsize|p2|6
|gametype|singles
|gen|8
|tier|[Gen 8] National Dex AG
|rated|
|clearpoke
|poke|p1|Arceus-*|
|poke|p1|Ditto|
|poke|p1|Chansey, F|
|poke|p1|Lugia|
|poke|p1|Groudon|
|poke|p1|Arceus-*|
|poke|p2|Rayquaza|
|poke|p2|Zacian-Crowned|
|poke|p2|Necrozma-Dusk-Mane|
|poke|p2|Chansey, F|
|poke|p2|Yveltal|
|poke|p2|Arceus-*|
|rule|HP Percentage Mod: HP is shown in percentages
|rule|Endless Battle Clause: Forcing endless battles is banned
|teampreview
|
|t:|1616992284
|start
|switch|p1a: 악르세우스|Arceus-Dark|100/100
|switch|p2a: Rayquaza|Rayquaza|100/100
|-ability|p2a: Rayquaza|Air Lock
|turn|1
|inactive|Battle timer is ON: inactive players will automatically lose when time's up. (requested by msdarkweep)
|
|t:|1616992292
|switch|p1a: 루기아|Lugia|100/100
|switch|p2a: Arceus|Arceus-Fairy|100/100
|
|upkeep
|turn|2
|
|t:|1616992299
|move|p2a: Arceus|Will-O-Wisp|p1a: 루기아
|-status|p1a: 루기아|brn
|move|p1a: 루기아|Toxic|p2a: Arceus
|-status|p2a: Arceus|tox
|
|-damage|p2a: Arceus|94/100 tox|[from] psn
|-damage|p1a: 루기아|94/100 brn|[from] brn
|upkeep
|turn|3
|j| Jefff 369421
|
|t:|1616992308
|switch|p2a: Chansey|Chansey, F|100/100
|switch|p1a: 그란돈|Groudon|100/100
|detailschange|p1a: 그란돈|Groudon-Primal
|-primal|p1a: 그란돈
|-weather|DesolateLand|[from] ability: Desolate Land|[of] p1a: 그란돈
|
|-weather|DesolateLand|[upkeep]
|upkeep
|turn|4
|
|t:|1616992317
|switch|p2a: Rayquaza|Rayquaza|100/100
|-ability|p2a: Rayquaza|Air Lock
|move|p1a: 그란돈|Rock Tomb|p2a: Rayquaza
|-supereffective|p2a: Rayquaza
|-damage|p2a: Rayquaza|25/100
|-unboost|p2a: Rayquaza|spe|1
|
|-weather|DesolateLand|[upkeep]
|upkeep
|turn|5
|
|t:|1616992326
|detailschange|p2a: Rayquaza|Rayquaza-Mega
|-mega|p2a: Rayquaza|Rayquaza|
|-weather|DeltaStream|[from] ability: Delta Stream|[of] p2a: Rayquaza
|move|p2a: Rayquaza|Surf|p1a: 그란돈
|-supereffective|p1a: 그란돈
|-damage|p1a: 그란돈|0 fnt
|faint|p1a: 그란돈
|
|-weather|DeltaStream|[upkeep]
|upkeep
|
|t:|1616992338
|switch|p1a: 아르세우스|Arceus-Fairy|100/100
|turn|6
|
|t:|1616992350
|-weather|none
|switch|p2a: Arceus|Arceus-Fairy|94/100 tox
|move|p1a: 아르세우스|Earth Power|p2a: Arceus
|-damage|p2a: Arceus|80/100 tox
|
|-damage|p2a: Arceus|73/100 tox|[from] psn
|upkeep
|turn|7
|
|t:|1616992359
|move|p1a: 아르세우스|Calm Mind|p1a: 아르세우스
|-boost|p1a: 아르세우스|spa|1
|-boost|p1a: 아르세우스|spd|1
|move|p2a: Arceus|Refresh|p2a: Arceus
|-curestatus|p2a: Arceus|tox|[msg]
|
|upkeep
|turn|8
|
|t:|1616992366
|switch|p2a: Chansey|Chansey, F|100/100
|move|p1a: 아르세우스|Judgment|p2a: Chansey
|-damage|p2a: Chansey|79/100
|
|upkeep
|turn|9
|
|t:|1616992372
|switch|p1a: 악르세우스|Arceus-Dark|100/100
|move|p2a: Chansey|Confide|p1a: 악르세우스
|-unboost|p1a: 악르세우스|spa|1
|
|upkeep
|turn|10
|
|t:|1616992378
|switch|p1a: 럭키|Chansey, F|100/100
|switch|p2a: Arceus|Arceus-Fairy|73/100
|
|upkeep
|turn|11
|
|t:|1616992386
|switch|p2a: Yveltal|Yveltal|100/100
|-ability|p2a: Yveltal|Dark Aura
|move|p1a: 럭키|Wish|p1a: 럭키
|
|upkeep
|turn|12
|
|t:|1616992399
|switch|p1a: 아르세우스|Arceus-Fairy|100/100
|move|p2a: Yveltal|Taunt|p1a: 아르세우스
|-start|p1a: 아르세우스|move: Taunt
|
|upkeep
|turn|13
|
|t:|1616992406
|switch|p2a: Chansey|Chansey, F|79/100
|move|p1a: 아르세우스|Earth Power|p2a: Chansey
|-crit|p2a: Chansey
|-damage|p2a: Chansey|67/100
|
|upkeep
|turn|14
|-message|rajof forfeited.
|
|win|msdarkweep
|raw|rajof's rating: 1728 &rarr; <strong>1702</strong><br />(-26 for losing)
|raw|msdarkweep's rating: 1612 &rarr; <strong>1638</strong><br />(+26 for winning)
|l|☆rajof
|l| Jefff 369421
