|j|☆GhetsisUwU
|j|☆DarkboiJ
|t:|1665992383
|gametype|singles
|player|p1|GhetsisUwU|n-masters|1795
|player|p2|DarkboiJ|blue-gen3two|1884
|teamsize|p1|6
|teamsize|p2|6
|gen|8
|tier|[Gen 8] National Dex AG
|rated|
|rule|HP Percentage Mod: HP is shown in percentages
|rule|Endless Battle Clause: Forcing endless battles is banned
|clearpoke
|poke|p1|Ditto|
|poke|p1|Zacian-*|
|poke|p1|Calyrex-Shadow|
|poke|p1|Rayquaza|
|poke|p1|Arceus-*|
|poke|p1|Arceus-*|
|poke|p2|Cinderace, F|
|poke|p2|Arceus-*|
|poke|p2|Arceus-*|
|poke|p2|Ditto|
|poke|p2|Arceus-*|
|poke|p2|Calyrex-Shadow|
|teampreview
|inactive|Battle timer is ON: inactive players will automatically lose when time's up. (requested by DarkboiJ)
|j| rahull
|inactive|DarkboiJ has 120 seconds left.
|
|t:|1665992415
|start
|switch|p1a: Arceus|Arceus-Fairy|100/100
|switch|p2a: Arceus|Arceus-Fairy|100/100
|turn|1
|
|t:|1665992420
|move|p1a: Arceus|Stealth Rock|p2a: Arceus
|-sidestart|p2: DarkboiJ|move: Stealth Rock
|move|p2a: Arceus|Stealth Rock|p1a: Arceus
|-sidestart|p1: GhetsisUwU|move: Stealth Rock
|
|upkeep
|turn|2
|
|t:|1665992423
|move|p1a: Arceus|Will-O-Wisp|p2a: Arceus
|-status|p2a: Arceus|brn
|move|p2a: Arceus|Toxic|p1a: Arceus
|-status|p1a: Arceus|tox
|
|-damage|p1a: Arceus|94/100 tox|[from] psn
|-damage|p2a: Arceus|94/100 brn|[from] brn
|upkeep
|turn|3
|
|t:|1665992430
|move|p1a: Arceus|Judgment|p2a: Arceus
|-damage|p2a: Arceus|67/100 brn
|move|p2a: Arceus|Judgment|p1a: Arceus
|-damage|p1a: Arceus|57/100 tox
|
|-damage|p1a: Arceus|45/100 tox|[from] psn
|-damage|p2a: Arceus|61/100 brn|[from] brn
|upkeep
|turn|4
|
|t:|1665992432
|move|p1a: Arceus|Judgment|p2a: Arceus
|-damage|p2a: Arceus|31/100 brn
|move|p2a: Arceus|Recover|p2a: Arceus
|-heal|p2a: Arceus|81/100 brn
|
|-damage|p1a: Arceus|27/100 tox|[from] psn
|-damage|p2a: Arceus|75/100 brn|[from] brn
|upkeep
|turn|5
|j| Alphereus
|
|t:|1665992441
|switch|p1a: Zacian|Zacian-Crowned|100/100
|-damage|p1a: Zacian|94/100|[from] Stealth Rock
|-ability|p1a: Zacian|Intrepid Sword|boost
|-boost|p1a: Zacian|atk|1
|move|p2a: Arceus|Recover|p2a: Arceus
|-heal|p2a: Arceus|100/100 brn
|
|-damage|p2a: Arceus|94/100 brn|[from] brn
|upkeep
|turn|6
|
|t:|1665992454
|switch|p2a: Cinderace|Cinderace, F|100/100
|move|p1a: Zacian|Substitute|p1a: Zacian
|-start|p1a: Zacian|Substitute
|-damage|p1a: Zacian|69/100
|
|upkeep
|turn|7
|l| Alphereus
|
|t:|1665992461
|move|p1a: Zacian|Behemoth Blade|p2a: Cinderace
|-resisted|p2a: Cinderace
|-damage|p2a: Cinderace|37/100
|move|p2a: Cinderace|Pyro Ball|p1a: Zacian|[miss]
|-miss|p2a: Cinderace|p1a: Zacian
|
|upkeep
|turn|8
|
|t:|1665992480
|move|p2a: Cinderace|Sucker Punch|p1a: Zacian
|-start|p2a: Cinderace|typechange|Dark|[from] ability: Libero
|-resisted|p1a: Zacian
|-activate|p1a: Zacian|move: Substitute|[damage]
|move|p1a: Zacian|Sacred Sword|p2a: Cinderace
|-supereffective|p2a: Cinderace
|-damage|p2a: Cinderace|0 fnt
|faint|p2a: Cinderace
|
|upkeep
|
|t:|1665992487
|switch|p2a: Arceus|Arceus|100/100
|-damage|p2a: Arceus|88/100|[from] Stealth Rock
|turn|9
|
|t:|1665992491
|move|p2a: Arceus|Extreme Speed|p1a: Zacian
|-resisted|p1a: Zacian
|-end|p1a: Zacian|Substitute
|move|p1a: Zacian|Behemoth Blade|p2a: Arceus
|-damage|p2a: Arceus|30/100
|
|upkeep
|turn|10
|
|t:|1665992495
|move|p1a: Zacian|Substitute|p1a: Zacian
|-start|p1a: Zacian|Substitute
|-damage|p1a: Zacian|44/100
|move|p2a: Arceus|Shadow Claw|p1a: Zacian
|-activate|p1a: Zacian|move: Substitute|[damage]
|
|upkeep
|turn|11
|
|t:|1665992497
|move|p2a: Arceus|Extreme Speed|p1a: Zacian
|-resisted|p1a: Zacian
|-end|p1a: Zacian|Substitute
|move|p1a: Zacian|Behemoth Blade|p2a: Arceus
|-damage|p2a: Arceus|0 fnt
|faint|p2a: Arceus
|
|upkeep
|
|t:|1665992499
|switch|p2a: Ditto|Ditto, shiny|100/100
|-damage|p2a: Ditto|88/100|[from] Stealth Rock
|-transform|p2a: Ditto|p1a: Zacian|[from] ability: Imposter
|-ability|p2a: Ditto|Intrepid Sword|boost
|-boost|p2a: Ditto|atk|1
|turn|12
|
|t:|1665992507
|switch|p1a: Arceus|Arceus-Fairy|27/100 tox
|-damage|p1a: Arceus|15/100 tox|[from] Stealth Rock
|move|p2a: Ditto|Behemoth Blade|p1a: Arceus
|-supereffective|p1a: Arceus
|-damage|p1a: Arceus|0 fnt
|faint|p1a: Arceus
|
|upkeep
|
|t:|1665992517
|switch|p1a: Rayquaza|Rayquaza|100/100
|-damage|p1a: Rayquaza|76/100|[from] Stealth Rock
|-ability|p1a: Rayquaza|Air Lock
|turn|13
|
|t:|1665992519
|detailschange|p1a: Rayquaza|Rayquaza-Mega
|-mega|p1a: Rayquaza|Rayquaza|
|-weather|DeltaStream|[from] ability: Delta Stream|[of] p1a: Rayquaza
|move|p1a: Rayquaza|Extreme Speed|p2a: Ditto
|-resisted|p2a: Ditto
|-damage|p2a: Ditto|69/100
|move|p2a: Ditto|Behemoth Blade|p1a: Rayquaza
|-damage|p1a: Rayquaza|0 fnt
|faint|p1a: Rayquaza
|-weather|none
|
|upkeep
|
|t:|1665992522
|switch|p1a: Calyrex|Calyrex-Shadow|100/100
|-ability|p1a: Calyrex|As One
|-ability|p1a: Calyrex|Unnerve
|-damage|p1a: Calyrex|88/100|[from] Stealth Rock
|turn|14
|
|t:|1665992531
|switch|p2a: Arceus|Arceus-Fairy|94/100 brn
|-damage|p2a: Arceus|82/100 brn|[from] Stealth Rock
|move|p1a: Calyrex|Astral Barrage|p2a: Arceus
|-damage|p2a: Arceus|42/100 brn
|
|-damage|p2a: Arceus|36/100 brn|[from] brn
|upkeep
|turn|15
|
|t:|1665992536
|move|p1a: Calyrex|Astral Barrage|p2a: Arceus
|-damage|p2a: Arceus|2/100 brn
|move|p2a: Arceus|Judgment|p1a: Calyrex
|-damage|p1a: Calyrex|40/100
|
|-damage|p2a: Arceus|0 fnt|[from] brn
|faint|p2a: Arceus
|upkeep
|
|t:|1665992546
|switch|p2a: Arceus|Arceus-Dark|100/100
|-damage|p2a: Arceus|88/100|[from] Stealth Rock
|turn|16
|
|t:|1665992557
|move|p1a: Calyrex|Astral Barrage|p2a: Arceus
|-resisted|p2a: Arceus
|-damage|p2a: Arceus|64/100
|move|p2a: Arceus|Whirlpool|p1a: Calyrex
|-damage|p1a: Calyrex|30/100
|-activate|p1a: Calyrex|move: Whirlpool|[of] p2a: Arceus
|
|-damage|p1a: Calyrex|18/100|[from] move: Whirlpool|[partiallytrapped]
|upkeep
|turn|17
|
|t:|1665992563
|move|p1a: Calyrex|Astral Barrage|p2a: Arceus
|-resisted|p2a: Arceus
|-damage|p2a: Arceus|39/100
|move|p2a: Arceus|Recover|p2a: Arceus
|-heal|p2a: Arceus|89/100
|
|-damage|p1a: Calyrex|6/100|[from] move: Whirlpool|[partiallytrapped]
|upkeep
|turn|18
|
|t:|1665992566
|move|p1a: Calyrex|Astral Barrage|p2a: Arceus
|-resisted|p2a: Arceus
|-damage|p2a: Arceus|64/100
|move|p2a: Arceus|Recover|p2a: Arceus
|-heal|p2a: Arceus|100/100
|
|-damage|p1a: Calyrex|0 fnt|[from] move: Whirlpool|[partiallytrapped]
|faint|p1a: Calyrex
|upkeep
|
|t:|1665992576
|switch|p1a: Zacian|Zacian-Crowned|44/100
|-damage|p1a: Zacian|38/100|[from] Stealth Rock
|-ability|p1a: Zacian|Intrepid Sword|boost
|-boost|p1a: Zacian|atk|1
|turn|19
|
|t:|1665992587
|move|p1a: Zacian|Substitute|p1a: Zacian
|-start|p1a: Zacian|Substitute
|-damage|p1a: Zacian|13/100
|move|p2a: Arceus|Whirlpool|p1a: Zacian
|-activate|p1a: Zacian|move: Substitute|[damage]
|
|upkeep
|turn|20
|
|t:|1665992595
|move|p1a: Zacian|Play Rough|p2a: Arceus
|-supereffective|p2a: Arceus
|-damage|p2a: Arceus|0 fnt
|faint|p2a: Arceus
|
|upkeep
|
|t:|1665992602
|switch|p2a: Calyrex|Calyrex-Shadow|100/100
|-ability|p2a: Calyrex|As One
|-ability|p2a: Calyrex|Unnerve
|-damage|p2a: Calyrex|88/100|[from] Stealth Rock
|turn|21
|
|t:|1665992607
|move|p2a: Calyrex|Astral Barrage|p1a: Zacian
|-end|p1a: Zacian|Substitute
|move|p1a: Zacian|Behemoth Blade|p2a: Calyrex
|-damage|p2a: Calyrex|0 fnt
|faint|p2a: Calyrex
|
|upkeep
|
|t:|1665992609
|switch|p2a: Ditto|Ditto, shiny|69/100
|-damage|p2a: Ditto|57/100|[from] Stealth Rock
|-transform|p2a: Ditto|p1a: Zacian|[from] ability: Imposter
|-ability|p2a: Ditto|Intrepid Sword|boost
|-boost|p2a: Ditto|atk|1
|turn|22
|
|t:|1665992613
|move|p2a: Ditto|Behemoth Blade|p1a: Zacian
|-damage|p1a: Zacian|0 fnt
|faint|p1a: Zacian
|
|upkeep
|
|t:|1665992619
|switch|p1a: Arceus|Arceus|100/100
|-damage|p1a: Arceus|88/100|[from] Stealth Rock
|turn|23
|
|t:|1665992628
|-start|p1a: Arceus|Dynamax|
|-heal|p1a: Arceus|88/100|[silent]
|move|p2a: Ditto|Behemoth Blade|p1a: Arceus
|-damage|p1a: Arceus|6/100
|move|p1a: Arceus|Max Strike|p2a: Ditto
|-resisted|p2a: Ditto
|-damage|p2a: Ditto|20/100
|-unboost|p2a: Ditto|spe|1
|
|upkeep
|turn|24
|
|t:|1665992635
|move|p1a: Arceus|Max Guard|p1a: Arceus
|-singleturn|p1a: Arceus|Max Guard
|move|p2a: Ditto|Behemoth Blade|p1a: Arceus
|-activate|p1a: Arceus|move: Max Guard
|
|upkeep
|turn|25
|
|t:|1665992642
|-end|p1a: Arceus|Dynamax
|-heal|p1a: Arceus|6/100|[silent]
|switch|p1a: Ditto|Ditto, shiny|100/100
|-damage|p1a: Ditto|88/100|[from] Stealth Rock
|move|p2a: Ditto|Behemoth Blade|p1a: Ditto
|-damage|p1a: Ditto|0 fnt
|faint|p1a: Ditto
|
|upkeep
|
|t:|1665992644
|switch|p1a: Arceus|Arceus|6/100
|-damage|p1a: Arceus|0 fnt|[from] Stealth Rock
|faint|p1a: Arceus
|
|win|DarkboiJ
|raw|GhetsisUwU's rating: 1795 &rarr; <strong>1780</strong><br />(-15 for losing)
|raw|DarkboiJ's rating: 1884 &rarr; <strong>1899</strong><br />(+15 for winning)
|l|☆GhetsisUwU
