|j|☆iHaveAsthma
|j|☆Dragomer Ayaren
|t:|1638121819
|gametype|singles
|player|p1|iHaveAsthma|doctor|1767
|player|p2|Dragomer Ayaren|firebreather|1801
|teamsize|p1|6
|teamsize|p2|6
|gen|8
|tier|[Gen 8] National Dex AG
|rated|
|rule|HP Percentage Mod: HP is shown in percentages
|rule|Endless Battle Clause: Forcing endless battles is banned
|clearpoke
|poke|p1|Rayquaza|
|poke|p1|Lugia|
|poke|p1|Arceus-*|
|poke|p1|Arceus-*|
|poke|p1|Calyrex-Shadow|
|poke|p1|Darmanitan-Galar, F|
|poke|p2|Groudon|
|poke|p2|Deoxys-Attack|
|poke|p2|Zacian-*|
|poke|p2|Calyrex-Shadow|
|poke|p2|Regieleki|
|poke|p2|Yveltal|
|teampreview
|inactive|Battle timer is ON: inactive players will automatically lose when time's up. (requested by Dragomer Ayaren)
|
|t:|1638121827
|start
|switch|p1a: Rayquaza|Rayquaza|100/100
|switch|p2a: DNA|Deoxys-Attack|100/100
|-ability|p2a: DNA|Pressure
|-ability|p1a: Rayquaza|Air Lock
|turn|1
|c|☆Dragomer Ayaren|scale shot
|
|t:|1638121839
|detailschange|p1a: Rayquaza|Rayquaza-Mega
|-mega|p1a: Rayquaza|Rayquaza|
|-weather|DeltaStream|[from] ability: Delta Stream|[of] p1a: Rayquaza
|move|p2a: DNA|Ice Beam|p1a: Rayquaza
|-activate||deltastream
|-supereffective|p1a: Rayquaza
|-damage|p1a: Rayquaza|19/100
|move|p1a: Rayquaza|Scale Shot|p2a: DNA|[miss]
|-miss|p1a: Rayquaza|p2a: DNA
|
|-weather|DeltaStream|[upkeep]
|upkeep
|turn|2
|c|☆iHaveAsthma|hahaha
|
|t:|1638121851
|move|p2a: DNA|Extreme Speed|p1a: Rayquaza
|-damage|p1a: Rayquaza|0 fnt
|faint|p1a: Rayquaza
|-weather|none
|
|upkeep
|c|☆iHaveAsthma|you jinxed it
|c|☆iHaveAsthma|with the guess
|c|☆Dragomer Ayaren|XD
|
|t:|1638121857
|switch|p1a: Arceus|Arceus-Ground|100/100
|turn|3
|
|t:|1638121860
|move|p2a: DNA|Ice Beam|p1a: Arceus
|-supereffective|p1a: Arceus
|-damage|p1a: Arceus|42/100
|move|p1a: Arceus|Calm Mind|p1a: Arceus
|-boost|p1a: Arceus|spa|1
|-boost|p1a: Arceus|spd|1
|
|upkeep
|turn|4
|
|t:|1638121876
|move|p2a: DNA|Taunt|p1a: Arceus
|-start|p1a: Arceus|move: Taunt
|cant|p1a: Arceus|move: Taunt|Recover
|
|upkeep
|turn|5
|
|t:|1638121880
|move|p2a: DNA|Ice Beam|p1a: Arceus
|-supereffective|p1a: Arceus
|-damage|p1a: Arceus|1/100
|move|p1a: Arceus|Judgment|p2a: DNA
|-enditem|p2a: DNA|Focus Sash
|-damage|p2a: DNA|1/100
|
|upkeep
|turn|6
|
|t:|1638121887
|move|p2a: DNA|Ice Beam|p1a: Arceus
|-supereffective|p1a: Arceus
|-damage|p1a: Arceus|0 fnt
|faint|p1a: Arceus
|
|upkeep
|
|t:|1638121890
|switch|p1a: Darmanitan|Darmanitan-Galar, F|100/100
|turn|7
|
|t:|1638121895
|move|p2a: DNA|Extreme Speed|p1a: Darmanitan
|-damage|p1a: Darmanitan|49/100
|move|p1a: Darmanitan|Icicle Crash|p2a: DNA
|-damage|p2a: DNA|0 fnt
|faint|p2a: DNA
|
|upkeep
|
|t:|1638121904
|switch|p2a: Pássaro das Trevas|Yveltal|100/100
|-ability|p2a: Pássaro das Trevas|Dark Aura
|turn|8
|
|t:|1638121915
|-start|p2a: Pássaro das Trevas|Dynamax
|-heal|p2a: Pássaro das Trevas|100/100|[silent]
|move|p1a: Darmanitan|Icicle Crash|p2a: Pássaro das Trevas
|-supereffective|p2a: Pássaro das Trevas
|-damage|p2a: Pássaro das Trevas|40/100
|move|p2a: Pássaro das Trevas|Max Airstream|p1a: Darmanitan
|-damage|p1a: Darmanitan|0 fnt
|-boost|p2a: Pássaro das Trevas|spe|1
|faint|p1a: Darmanitan
|-damage|p2a: Pássaro das Trevas|35/100|[from] item: Life Orb
|
|upkeep
|
|t:|1638121920
|switch|p1a: Lugia|Lugia|100/100
|turn|9
|
|t:|1638121929
|move|p2a: Pássaro das Trevas|Max Ooze|p1a: Lugia
|-damage|p1a: Lugia|86/100
|-boost|p2a: Pássaro das Trevas|spa|1
|-damage|p2a: Pássaro das Trevas|30/100|[from] item: Life Orb
|move|p1a: Lugia|Thunder Wave|p2a: Pássaro das Trevas
|-status|p2a: Pássaro das Trevas|par
|
|upkeep
|turn|10
|
|t:|1638121938
|move|p1a: Lugia|Roost|p1a: Lugia
|-heal|p1a: Lugia|100/100
|-singleturn|p1a: Lugia|move: Roost
|move|p2a: Pássaro das Trevas|Max Darkness|p1a: Lugia
|-supereffective|p1a: Lugia
|-damage|p1a: Lugia|6/100
|-unboost|p1a: Lugia|spd|1
|-damage|p2a: Pássaro das Trevas|25/100 par|[from] item: Life Orb
|
|-end|p2a: Pássaro das Trevas|Dynamax
|-heal|p2a: Pássaro das Trevas|25/100 par|[silent]
|upkeep
|turn|11
|
|t:|1638121950
|move|p2a: Pássaro das Trevas|Dark Pulse|p1a: Lugia
|-supereffective|p1a: Lugia
|-damage|p1a: Lugia|0 fnt
|faint|p1a: Lugia
|-damage|p2a: Pássaro das Trevas|15/100 par|[from] item: Life Orb
|
|upkeep
|
|t:|1638121955
|switch|p1a: Arceus|Arceus-Flying|100/100
|turn|12
|
|t:|1638121959
|-start|p1a: Arceus|Dynamax
|-heal|p1a: Arceus|100/100|[silent]
|move|p1a: Arceus|Max Airstream|p2a: Pássaro das Trevas
|-damage|p2a: Pássaro das Trevas|0 fnt
|-boost|p1a: Arceus|spe|1
|faint|p2a: Pássaro das Trevas
|
|upkeep
|
|t:|1638121968
|switch|p2a: Cão|Zacian-Crowned|100/100
|-ability|p2a: Cão|Intrepid Sword|boost
|-boost|p2a: Cão|atk|1
|turn|13
|
|t:|1638121975
|move|p1a: Arceus|Max Quake|p2a: Cão
|-supereffective|p2a: Cão
|-damage|p2a: Cão|19/100
|-boost|p1a: Arceus|spd|1
|move|p2a: Cão|Behemoth Blade|p1a: Arceus
|-damage|p1a: Arceus|35/100
|
|upkeep
|turn|14
|
|t:|1638121984
|move|p1a: Arceus|Max Airstream|p2a: Cão
|-resisted|p2a: Cão
|-damage|p2a: Cão|0 fnt
|-boost|p1a: Arceus|spe|1
|faint|p2a: Cão
|
|-end|p1a: Arceus|Dynamax
|-heal|p1a: Arceus|35/100|[silent]
|upkeep
|
|t:|1638122000
|switch|p2a: Beemote|Groudon|100/100
|detailschange|p2a: Beemote|Groudon-Primal
|-primal|p2a: Beemote
|-weather|DesolateLand|[from] ability: Desolate Land|[of] p2a: Beemote
|turn|15
|
|t:|1638122005
|move|p1a: Arceus|Recover|p1a: Arceus
|-heal|p1a: Arceus|85/100
|move|p2a: Beemote|Heat Crash|p1a: Arceus
|-damage|p1a: Arceus|18/100
|
|-weather|DesolateLand|[upkeep]
|upkeep
|turn|16
|
|t:|1638122010
|move|p1a: Arceus|Fly||[still]
|-prepare|p1a: Arceus|Fly
|move|p2a: Beemote|Heat Crash|p1a: Arceus|[miss]
|-miss|p2a: Beemote|p1a: Arceus
|
|-weather|DesolateLand|[upkeep]
|upkeep
|turn|17
|
|t:|1638122014
|move|p1a: Arceus|Fly|p2a: Beemote|[from]lockedmove
|-damage|p2a: Beemote|67/100
|move|p2a: Beemote|Heat Crash|p1a: Arceus
|-damage|p1a: Arceus|0 fnt
|faint|p1a: Arceus
|
|-weather|DesolateLand|[upkeep]
|upkeep
|
|t:|1638122016
|switch|p1a: Calyrex|Calyrex-Shadow|100/100
|-ability|p1a: Calyrex|As One
|-ability|p1a: Calyrex|Unnerve
|turn|18
|c|☆iHaveAsthma|gg wp
|
|t:|1638122024
|move|p1a: Calyrex|Astral Barrage|p2a: Beemote
|-damage|p2a: Beemote|0 fnt
|faint|p2a: Beemote
|-weather|none
|-ability|p1a: Calyrex|Grim Neigh|boost
|-boost|p1a: Calyrex|spa|1
|
|upkeep
|
|t:|1638122031
|switch|p2a: Raios e Trovões|Regieleki|100/100
|turn|19
|c|☆iHaveAsthma|that miss made me lose hope
|
|t:|1638122039
|move|p2a: Raios e Trovões|Thunderbolt|p1a: Calyrex
|-enditem|p1a: Calyrex|Focus Sash
|-damage|p1a: Calyrex|1/100
|move|p1a: Calyrex|Astral Barrage|p2a: Raios e Trovões
|-damage|p2a: Raios e Trovões|0 fnt
|faint|p2a: Raios e Trovões
|-ability|p1a: Calyrex|Grim Neigh|boost
|-boost|p1a: Calyrex|spa|1
|
|upkeep
|c|☆Dragomer Ayaren|G  g
|c|☆iHaveAsthma|but still i came close
|c|☆iHaveAsthma|gg
|
|t:|1638122049
|switch|p2a: Cavaleiro Fantasma|Calyrex-Shadow|100/100
|-ability|p2a: Cavaleiro Fantasma|As One
|-ability|p2a: Cavaleiro Fantasma|Unnerve
|turn|20
|c|☆Dragomer Ayaren|falou meu camarada
|
|t:|1638122060
|move|p1a: Calyrex|Astral Barrage|p2a: Cavaleiro Fantasma
|-supereffective|p2a: Cavaleiro Fantasma
|-enditem|p2a: Cavaleiro Fantasma|Focus Sash
|-damage|p2a: Cavaleiro Fantasma|1/100
|move|p2a: Cavaleiro Fantasma|Astral Barrage|p1a: Calyrex
|-supereffective|p1a: Calyrex
|-damage|p1a: Calyrex|0 fnt
|faint|p1a: Calyrex
|
|win|Dragomer Ayaren
|raw|iHaveAsthma's rating: 1767 &rarr; <strong>1749</strong><br />(-18 for losing)
|raw|Dragomer Ayaren's rating: 1801 &rarr; <strong>1819</strong><br />(+18 for winning)
|l|☆iHaveAsthma
||Ladder isn't responding, score probably updated but might not have (Request timeout).
