|j|☆OhLooord
|j|☆Obito152001
|t:|1664177918
|gametype|singles
|player|p1|OhLooord|lucas|1804
|player|p2|Obito152001|blue-gen3two|2058
|teamsize|p1|6
|teamsize|p2|6
|gen|8
|tier|[Gen 8] National Dex AG
|rated|
|rule|HP Percentage Mod: HP is shown in percentages
|rule|Endless Battle Clause: Forcing endless battles is banned
|clearpoke
|poke|p1|Groudon|
|poke|p1|Rayquaza|
|poke|p1|Zygarde|
|poke|p1|Calyrex-Shadow|
|poke|p1|Arceus-*|
|poke|p1|Arceus-*|
|poke|p2|Eternatus|
|poke|p2|Darkrai|
|poke|p2|Arceus-*|
|poke|p2|Ditto|
|poke|p2|Necrozma-Dusk-Mane|
|poke|p2|Arceus-*|
|teampreview
|inactive|Battle timer is ON: inactive players will automatically lose when time's up. (requested by Obito152001)
|
|t:|1664177946
|start
|switch|p1a: the gwoat|Rayquaza|100/100
|switch|p2a: Darkrai|Darkrai|100/100
|-ability|p1a: the gwoat|Air Lock
|turn|1
|
|t:|1664177957
|switch|p2a: Necrozma|Necrozma-Dusk-Mane|100/100
|detailschange|p1a: the gwoat|Rayquaza-Mega
|-mega|p1a: the gwoat|Rayquaza|
|-weather|DeltaStream|[from] ability: Delta Stream|[of] p1a: the gwoat
|move|p1a: the gwoat|Scale Shot|p2a: Necrozma
|-resisted|p2a: Necrozma
|-damage|p2a: Necrozma|95/100
|-resisted|p2a: Necrozma
|-damage|p2a: Necrozma|88/100
|-resisted|p2a: Necrozma
|-damage|p2a: Necrozma|82/100
|-resisted|p2a: Necrozma
|-damage|p2a: Necrozma|75/100
|-resisted|p2a: Necrozma
|-damage|p2a: Necrozma|68/100
|-hitcount|p2a: Necrozma|5
|-unboost|p1a: the gwoat|def|1
|-boost|p1a: the gwoat|spe|1
|-damage|p1a: the gwoat|91/100|[from] item: Life Orb
|
|-weather|DeltaStream|[upkeep]
|upkeep
|turn|2
|
|t:|1664177967
|switch|p2a: Ditto|Ditto|100/100
|-transform|p2a: Ditto|p1a: the gwoat|[from] ability: Imposter
|move|p1a: the gwoat|Earthquake|p2a: Ditto
|-immune|p2a: Ditto
|
|-weather|DeltaStream|[upkeep]
|upkeep
|turn|3
|
|t:|1664177976
|move|p1a: the gwoat|Extreme Speed|p2a: Ditto
|-damage|p2a: Ditto|18/100
|-damage|p1a: the gwoat|81/100|[from] item: Life Orb
|move|p2a: Ditto|Dragon Ascent|p1a: the gwoat
|-damage|p1a: the gwoat|0 fnt
|-unboost|p2a: Ditto|def|1
|-unboost|p2a: Ditto|spd|1
|faint|p1a: the gwoat
|
|-weather|DeltaStream|[upkeep]
|upkeep
|
|t:|1664177980
|switch|p1a: the goat|Zygarde, shiny|100/100
|turn|4
|
|t:|1664177997
|move|p2a: Ditto|Dragon Ascent|p1a: the goat
|-damage|p1a: the goat|57/100
|-unboost|p2a: Ditto|def|1
|-unboost|p2a: Ditto|spd|1
|move|p1a: the goat|Glare|p2a: Ditto
|-status|p2a: Ditto|par
|
|-weather|DeltaStream|[upkeep]
|-heal|p1a: the goat|63/100|[from] item: Leftovers
|upkeep
|turn|5
|
|t:|1664178006
|move|p2a: Ditto|Dragon Ascent|p1a: the goat
|-damage|p1a: the goat|19/100
|-unboost|p2a: Ditto|def|1
|-unboost|p2a: Ditto|spd|1
|move|p1a: the goat|Coil|p1a: the goat
|-boost|p1a: the goat|atk|1
|-boost|p1a: the goat|def|1
|-boost|p1a: the goat|accuracy|1
|
|-weather|DeltaStream|[upkeep]
|-heal|p1a: the goat|25/100|[from] item: Leftovers
|-activate|p1a: the goat|ability: Power Construct
|detailschange|p1a: the goat|Zygarde-Complete, shiny
|-heal|p1a: the goat|50/100|[silent]
|upkeep
|turn|6
|
|t:|1664178011
|move|p2a: Ditto|Dragon Ascent|p1a: the goat
|-damage|p1a: the goat|31/100
|-unboost|p2a: Ditto|def|1
|-unboost|p2a: Ditto|spd|1
|move|p1a: the goat|Coil|p1a: the goat
|-boost|p1a: the goat|atk|1
|-boost|p1a: the goat|def|1
|-boost|p1a: the goat|accuracy|1
|
|-weather|DeltaStream|[upkeep]
|-heal|p1a: the goat|37/100|[from] item: Leftovers
|upkeep
|turn|7
|
|t:|1664178015
|move|p2a: Ditto|Dragon Ascent|p1a: the goat
|-damage|p1a: the goat|21/100
|-unboost|p2a: Ditto|def|1
|-unboost|p2a: Ditto|spd|1
|move|p1a: the goat|Coil|p1a: the goat
|-boost|p1a: the goat|atk|1
|-boost|p1a: the goat|def|1
|-boost|p1a: the goat|accuracy|1
|
|-weather|DeltaStream|[upkeep]
|-heal|p1a: the goat|27/100|[from] item: Leftovers
|upkeep
|turn|8
|
|t:|1664178019
|cant|p2a: Ditto|par
|move|p1a: the goat|Substitute|p1a: the goat
|-start|p1a: the goat|Substitute
|-damage|p1a: the goat|2/100
|
|-weather|DeltaStream|[upkeep]
|-heal|p1a: the goat|8/100|[from] item: Leftovers
|upkeep
|turn|9
|
|t:|1664178022
|-activate|p2a: Ditto|move: Struggle
|move|p2a: Ditto|Struggle|p1a: the goat
|-activate|p1a: the goat|move: Substitute|[damage]
|-damage|p2a: Ditto|0 fnt|[from] recoil
|faint|p2a: Ditto
|-weather|none
|move|p1a: the goat|Thousand Arrows|p2: Ditto|[notarget]
|-fail|p1a: the goat
|
|-heal|p1a: the goat|14/100|[from] item: Leftovers
|upkeep
|
|t:|1664178028
|switch|p2a: Arceus|Arceus-Fairy|100/100
|turn|10
|
|t:|1664178033
|move|p2a: Arceus|Judgment|p1a: the goat
|-supereffective|p1a: the goat
|-end|p1a: the goat|Substitute
|move|p1a: the goat|Glare|p2a: Arceus
|-status|p2a: Arceus|par
|
|-heal|p1a: the goat|20/100|[from] item: Leftovers
|upkeep
|turn|11
|
|t:|1664178039
|move|p1a: the goat|Thousand Arrows|p2a: Arceus
|-damage|p2a: Arceus|54/100 par
|move|p2a: Arceus|Judgment|p1a: the goat
|-supereffective|p1a: the goat
|-damage|p1a: the goat|0 fnt
|faint|p1a: the goat
|
|upkeep
|
|t:|1664178042
|switch|p1a: Calyrex|Calyrex-Shadow|100/100
|-ability|p1a: Calyrex|As One
|-ability|p1a: Calyrex|Unnerve
|turn|12
|
|t:|1664178068
|move|p1a: Calyrex|Substitute|p1a: Calyrex
|-start|p1a: Calyrex|Substitute
|-damage|p1a: Calyrex|76/100
|move|p2a: Arceus|Judgment|p1a: Calyrex
|-end|p1a: Calyrex|Substitute
|
|-heal|p1a: Calyrex|82/100|[from] item: Leftovers
|upkeep
|turn|13
|
|t:|1664178075
|switch|p2a: Arceus|Arceus|100/100
|move|p1a: Calyrex|Substitute|p1a: Calyrex
|-start|p1a: Calyrex|Substitute
|-damage|p1a: Calyrex|57/100
|
|-heal|p1a: Calyrex|63/100|[from] item: Leftovers
|upkeep
|turn|14
|
|t:|1664178077
|move|p1a: Calyrex|Leech Seed|p2a: Arceus
|-start|p2a: Arceus|move: Leech Seed
|move|p2a: Arceus|Shadow Claw|p1a: Calyrex
|-supereffective|p1a: Calyrex
|-end|p1a: Calyrex|Substitute
|
|-heal|p1a: Calyrex|69/100|[from] item: Leftovers
|-damage|p2a: Arceus|88/100|[from] Leech Seed|[of] p1a: Calyrex
|-heal|p1a: Calyrex|85/100|[silent]
|upkeep
|turn|15
|
|t:|1664178083
|move|p1a: Calyrex|Substitute|p1a: Calyrex
|-start|p1a: Calyrex|Substitute
|-damage|p1a: Calyrex|60/100
|move|p2a: Arceus|Shadow Claw|p1a: Calyrex
|-supereffective|p1a: Calyrex
|-end|p1a: Calyrex|Substitute
|
|-heal|p1a: Calyrex|67/100|[from] item: Leftovers
|-damage|p2a: Arceus|76/100|[from] Leech Seed|[of] p1a: Calyrex
|-heal|p1a: Calyrex|83/100|[silent]
|upkeep
|turn|16
|
|t:|1664178087
|move|p1a: Calyrex|Substitute|p1a: Calyrex
|-start|p1a: Calyrex|Substitute
|-damage|p1a: Calyrex|58/100
|move|p2a: Arceus|Shadow Claw|p1a: Calyrex
|-supereffective|p1a: Calyrex
|-end|p1a: Calyrex|Substitute
|
|-heal|p1a: Calyrex|64/100|[from] item: Leftovers
|-damage|p2a: Arceus|63/100|[from] Leech Seed|[of] p1a: Calyrex
|-heal|p1a: Calyrex|80/100|[silent]
|upkeep
|turn|17
|
|t:|1664178089
|move|p1a: Calyrex|Substitute|p1a: Calyrex
|-start|p1a: Calyrex|Substitute
|-damage|p1a: Calyrex|55/100
|move|p2a: Arceus|Shadow Claw|p1a: Calyrex
|-supereffective|p1a: Calyrex
|-end|p1a: Calyrex|Substitute
|
|-heal|p1a: Calyrex|61/100|[from] item: Leftovers
|-damage|p2a: Arceus|51/100|[from] Leech Seed|[of] p1a: Calyrex
|-heal|p1a: Calyrex|77/100|[silent]
|upkeep
|turn|18
|
|t:|1664178092
|move|p1a: Calyrex|Substitute|p1a: Calyrex
|-start|p1a: Calyrex|Substitute
|-damage|p1a: Calyrex|53/100
|move|p2a: Arceus|Recover|p2a: Arceus
|-heal|p2a: Arceus|100/100
|
|-heal|p1a: Calyrex|59/100|[from] item: Leftovers
|-damage|p2a: Arceus|88/100|[from] Leech Seed|[of] p1a: Calyrex
|-heal|p1a: Calyrex|75/100|[silent]
|upkeep
|turn|19
|
|t:|1664178095
|move|p1a: Calyrex|Draining Kiss|p2a: Arceus
|-damage|p2a: Arceus|75/100
|-heal|p1a: Calyrex|88/100|[from] drain|[of] p2a: Arceus
|move|p2a: Arceus|Shadow Claw|p1a: Calyrex
|-supereffective|p1a: Calyrex
|-end|p1a: Calyrex|Substitute
|
|-heal|p1a: Calyrex|94/100|[from] item: Leftovers
|-damage|p2a: Arceus|63/100|[from] Leech Seed|[of] p1a: Calyrex
|-heal|p1a: Calyrex|100/100|[silent]
|upkeep
|turn|20
|
|t:|1664178103
|switch|p1a: Arceus|Arceus|100/100
|move|p2a: Arceus|Shadow Claw|p1a: Arceus
|-immune|p1a: Arceus
|
|-damage|p2a: Arceus|50/100|[from] Leech Seed|[of] p1a: Arceus
|upkeep
|turn|21
|
|t:|1664178107
|move|p1a: Arceus|Swords Dance|p1a: Arceus
|-boost|p1a: Arceus|atk|2
|move|p2a: Arceus|Recover|p2a: Arceus
|-heal|p2a: Arceus|99/100
|
|-damage|p2a: Arceus|88/100|[from] Leech Seed|[of] p1a: Arceus
|upkeep
|turn|22
|j| GhetsisUwU
|
|t:|1664178114
|switch|p2a: Arceus|Arceus-Fairy|54/100 par
|move|p1a: Arceus|Extreme Speed|p2a: Arceus
|-damage|p2a: Arceus|0 fnt
|faint|p2a: Arceus
|
|upkeep
|
|t:|1664178116
|switch|p2a: Necrozma|Necrozma-Dusk-Mane|68/100
|turn|23
|
|t:|1664178124
|-start|p2a: Necrozma|Dynamax|
|-heal|p2a: Necrozma|68/100|[silent]
|move|p1a: Arceus|Earthquake|p2a: Necrozma
|-supereffective|p2a: Necrozma
|-damage|p2a: Necrozma|42/100
|move|p2a: Necrozma|Max Steelspike|p1a: Arceus
|-damage|p1a: Arceus|56/100
|-boost|p2a: Necrozma|def|1
|
|upkeep
|turn|24
|
|t:|1664178128
|-start|p1a: Arceus|Dynamax|
|-heal|p1a: Arceus|56/100|[silent]
|move|p1a: Arceus|Max Quake|p2a: Necrozma
|-supereffective|p2a: Necrozma
|-damage|p2a: Necrozma|19/100
|-boost|p1a: Arceus|spd|1
|move|p2a: Necrozma|Max Steelspike|p1a: Arceus
|-damage|p1a: Arceus|35/100
|-boost|p2a: Necrozma|def|1
|
|upkeep
|turn|25
|
|t:|1664178133
|move|p1a: Arceus|Max Quake|p2a: Necrozma
|-supereffective|p2a: Necrozma
|-damage|p2a: Necrozma|1/100
|-boost|p1a: Arceus|spd|1
|move|p2a: Necrozma|Max Steelspike|p1a: Arceus
|-damage|p1a: Arceus|10/100
|-boost|p2a: Necrozma|def|1
|
|upkeep
|-end|p2a: Necrozma|Dynamax
|-heal|p2a: Necrozma|1/100|[silent]
|turn|26
|
|t:|1664178143
|move|p1a: Arceus|Max Quake|p2a: Necrozma
|-supereffective|p2a: Necrozma
|-damage|p2a: Necrozma|0 fnt
|-boost|p1a: Arceus|spd|1
|faint|p2a: Necrozma
|
|upkeep
|
|t:|1664178148
|switch|p2a: Eternatus|Eternatus|100/100
|-ability|p2a: Eternatus|Pressure
|-end|p1a: Arceus|Dynamax
|-heal|p1a: Arceus|10/100|[silent]
|turn|27
|
|t:|1664178152
|move|p1a: Arceus|Extreme Speed|p2a: Eternatus
|-damage|p2a: Eternatus|31/100
|move|p2a: Eternatus|Sludge Bomb|p1a: Arceus
|-damage|p1a: Arceus|0 fnt
|faint|p1a: Arceus
|
|-heal|p2a: Eternatus|38/100|[from] item: Black Sludge
|upkeep
|
|t:|1664178166
|switch|p1a: Calyrex|Calyrex-Shadow|100/100
|-ability|p1a: Calyrex|As One
|-ability|p1a: Calyrex|Unnerve
|turn|28
|
|t:|1664178175
|switch|p2a: Arceus|Arceus|88/100
|move|p1a: Calyrex|Astral Barrage|p2a: Arceus
|-immune|p2a: Arceus
|
|upkeep
|turn|29
|
|t:|1664178179
|switch|p1a: Arceus|Arceus-Fairy|100/100
|move|p2a: Arceus|Shadow Claw|p1a: Arceus
|-damage|p1a: Arceus|82/100
|
|upkeep
|turn|30
|
|t:|1664178183
|switch|p2a: Eternatus|Eternatus|38/100
|-ability|p2a: Eternatus|Pressure
|move|p1a: Arceus|Thunder Wave|p2a: Eternatus
|-status|p2a: Eternatus|par
|
|-heal|p2a: Eternatus|44/100 par|[from] item: Black Sludge
|upkeep
|turn|31
|
|t:|1664178186
|move|p1a: Arceus|Judgment|p2a: Eternatus
|-damage|p2a: Eternatus|11/100 par
|cant|p2a: Eternatus|par
|
|-heal|p2a: Eternatus|17/100 par|[from] item: Black Sludge
|upkeep
|turn|32
|
|t:|1664178189
|move|p1a: Arceus|Judgment|p2a: Eternatus
|-damage|p2a: Eternatus|0 fnt
|faint|p2a: Eternatus
|
|upkeep
|
|t:|1664178193
|switch|p2a: Darkrai|Darkrai|100/100
|turn|33
|
|t:|1664178199
|move|p2a: Darkrai|Hypnosis|p1a: Arceus
|-status|p1a: Arceus|slp|[from] move: Hypnosis
|cant|p1a: Arceus|slp
|
|-damage|p1a: Arceus|70/100 slp|[from] ability: Bad Dreams|[of] p2a: Darkrai
|upkeep
|turn|34
|c|☆OhLooord|zamn
|
|t:|1664178203
|move|p2a: Darkrai|Substitute|p2a: Darkrai
|-start|p2a: Darkrai|Substitute
|-damage|p2a: Darkrai|76/100
|cant|p1a: Arceus|slp
|
|-heal|p2a: Darkrai|82/100|[from] item: Leftovers
|-damage|p1a: Arceus|57/100 slp|[from] ability: Bad Dreams|[of] p2a: Darkrai
|upkeep
|turn|35
|
|t:|1664178209
|move|p2a: Darkrai|Dark Pulse|p1a: Arceus
|-resisted|p1a: Arceus
|-damage|p1a: Arceus|47/100 slp
|-curestatus|p1a: Arceus|slp|[msg]
|move|p1a: Arceus|Judgment|p2a: Darkrai
|-supereffective|p2a: Darkrai
|-end|p2a: Darkrai|Substitute
|
|-heal|p2a: Darkrai|88/100|[from] item: Leftovers
|upkeep
|turn|36
|
|t:|1664178213
|move|p2a: Darkrai|Hypnosis|p1a: Arceus
|-status|p1a: Arceus|slp|[from] move: Hypnosis
|cant|p1a: Arceus|slp
|
|-heal|p2a: Darkrai|94/100|[from] item: Leftovers
|-damage|p1a: Arceus|34/100 slp|[from] ability: Bad Dreams|[of] p2a: Darkrai
|upkeep
|turn|37
|c|☆OhLooord|raw hypnosis?
|
|t:|1664178217
|move|p2a: Darkrai|Substitute|p2a: Darkrai
|-start|p2a: Darkrai|Substitute
|-damage|p2a: Darkrai|69/100
|cant|p1a: Arceus|slp
|
|-heal|p2a: Darkrai|75/100|[from] item: Leftovers
|-damage|p1a: Arceus|22/100 slp|[from] ability: Bad Dreams|[of] p2a: Darkrai
|upkeep
|turn|38
|
|t:|1664178224
|move|p2a: Darkrai|Nasty Plot|p2a: Darkrai
|-boost|p2a: Darkrai|spa|2
|cant|p1a: Arceus|slp
|
|-heal|p2a: Darkrai|81/100|[from] item: Leftovers
|-damage|p1a: Arceus|9/100 slp|[from] ability: Bad Dreams|[of] p2a: Darkrai
|upkeep
|turn|39
|c|☆OhLooord|how r u winning games off that lmao
|
|t:|1664178231
|move|p2a: Darkrai|Dark Pulse|p1a: Arceus
|-resisted|p1a: Arceus
|-damage|p1a: Arceus|0 fnt
|faint|p1a: Arceus
|
|-heal|p2a: Darkrai|87/100|[from] item: Leftovers
|upkeep
|
|t:|1664178242
|switch|p1a: Pyra|Groudon|100/100
|detailschange|p1a: Pyra|Groudon-Primal
|-primal|p1a: Pyra
|-weather|DesolateLand|[from] ability: Desolate Land|[of] p1a: Pyra
|turn|40
|c|☆Obito152001|It works once in awhile lol
|c|☆OhLooord|that was a pure bank
|c|☆OhLooord|if u missed either of those u lost
|
|t:|1664178256
|move|p2a: Darkrai|Dark Pulse|p1a: Pyra
|-damage|p1a: Pyra|21/100
|move|p1a: Pyra|Precipice Blades|p2a: Darkrai|[miss]
|-miss|p1a: Pyra|p2a: Darkrai
|
|-weather|DesolateLand|[upkeep]
|-heal|p2a: Darkrai|93/100|[from] item: Leftovers
|upkeep
|turn|41
|c|☆OhLooord|ooooogh
|c|☆OhLooord|well gg
|c|☆Obito152001|Ok I'm getting so much luck this time lol
|
|t:|1664178276
|move|p2a: Darkrai|Dark Pulse|p1a: Pyra
|-damage|p1a: Pyra|0 fnt
|faint|p1a: Pyra
|-weather|none
|
|-heal|p2a: Darkrai|99/100|[from] item: Leftovers
|upkeep
|
|t:|1664178278
|switch|p1a: Calyrex|Calyrex-Shadow|100/100
|-ability|p1a: Calyrex|As One
|-ability|p1a: Calyrex|Unnerve
|turn|42
|
|t:|1664178282
|move|p1a: Calyrex|Draining Kiss|p2a: Darkrai
|-supereffective|p2a: Darkrai
|-end|p2a: Darkrai|Substitute
|move|p2a: Darkrai|Dark Pulse|p1a: Calyrex
|-supereffective|p1a: Calyrex
|-damage|p1a: Calyrex|0 fnt
|faint|p1a: Calyrex
|
|win|Obito152001
|raw|OhLooord's rating: 1804 &rarr; <strong>1796</strong><br />(-8 for losing)
|raw|Obito152001's rating: 2058 &rarr; <strong>2066</strong><br />(+8 for winning)
