|j|☆TheGirl0nFire
|j|☆agdp
|t:|1640254200
|gametype|singles
|player|p1|TheGirl0nFire|flannery|1693
|player|p2|agdp|169|1612
|teamsize|p1|6
|teamsize|p2|6
|gen|8
|tier|[Gen 8] National Dex AG
|rated|
|rule|HP Percentage Mod: HP is shown in percentages
|rule|Endless Battle Clause: Forcing endless battles is banned
|clearpoke
|poke|p1|Kyogre|
|poke|p1|Klefki, F|
|poke|p1|Salamence, M|
|poke|p1|Arceus-*|
|poke|p1|Xerneas-*|
|poke|p1|Regieleki|
|poke|p2|Giratina-Origin|
|poke|p2|Ditto|
|poke|p2|Groudon|
|poke|p2|Yveltal|
|poke|p2|Ho-Oh|
|poke|p2|Eternatus|
|teampreview
|
|t:|1640254217
|start
|switch|p1a: Klefki|Klefki, F|100/100
|switch|p2a: Eternatus|Eternatus|100/100
|-ability|p2a: Eternatus|Pressure
|turn|1
|
|t:|1640254231
|move|p1a: Klefki|Light Screen|p1a: Klefki
|-sidestart|p1: TheGirl0nFire|move: Light Screen
|move|p2a: Eternatus|Mystical Fire|p1a: Klefki
|-supereffective|p1a: Klefki
|-damage|p1a: Klefki|73/100
|-unboost|p1a: Klefki|spa|1
|
|upkeep
|turn|2
|
|t:|1640254238
|move|p1a: Klefki|Spikes|p2a: Eternatus
|-sidestart|p2: agdp|Spikes
|move|p2a: Eternatus|Cosmic Power|p2a: Eternatus
|-boost|p2a: Eternatus|def|1
|-boost|p2a: Eternatus|spd|1
|
|upkeep
|turn|3
|
|t:|1640254245
|move|p1a: Klefki|Spikes|p2a: Eternatus
|-sidestart|p2: agdp|Spikes
|move|p2a: Eternatus|Cosmic Power|p2a: Eternatus
|-boost|p2a: Eternatus|def|1
|-boost|p2a: Eternatus|spd|1
|
|upkeep
|turn|4
|
|t:|1640254251
|move|p1a: Klefki|Spikes|p2a: Eternatus
|-sidestart|p2: agdp|Spikes
|move|p2a: Eternatus|Cosmic Power|p2a: Eternatus
|-boost|p2a: Eternatus|def|1
|-boost|p2a: Eternatus|spd|1
|
|upkeep
|turn|5
|
|t:|1640254257
|move|p1a: Klefki|Reflect|p1a: Klefki
|-sidestart|p1: TheGirl0nFire|Reflect
|move|p2a: Eternatus|Cosmic Power|p2a: Eternatus
|-boost|p2a: Eternatus|def|1
|-boost|p2a: Eternatus|spd|1
|
|upkeep
|turn|6
|
|t:|1640254264
|switch|p1a: Arceus|Arceus-Poison|100/100
|move|p2a: Eternatus|Mystical Fire|p1a: Arceus
|-damage|p1a: Arceus|92/100
|-unboost|p1a: Arceus|spa|1
|
|upkeep
|turn|7
|
|t:|1640254272
|move|p2a: Eternatus|Mystical Fire|p1a: Arceus
|-damage|p1a: Arceus|85/100
|-unboost|p1a: Arceus|spa|1
|move|p1a: Arceus|Psych Up|p2a: Eternatus
|-copyboost|p1a: Arceus|p2a: Eternatus|[from] move: Psych Up
|
|upkeep
|turn|8
|
|t:|1640254280
|move|p2a: Eternatus|Mystical Fire|p1a: Arceus
|-damage|p1a: Arceus|83/100
|-unboost|p1a: Arceus|spa|1
|move|p1a: Arceus|Earth Power|p2a: Eternatus
|-supereffective|p2a: Eternatus
|-damage|p2a: Eternatus|91/100
|
|-heal|p2a: Eternatus|97/100|[from] item: Black Sludge
|-sideend|p1: TheGirl0nFire|move: Light Screen
|upkeep
|turn|9
|
|t:|1640254308
|move|p2a: Eternatus|Mystical Fire|p1a: Arceus
|-crit|p1a: Arceus
|-damage|p1a: Arceus|59/100
|-unboost|p1a: Arceus|spa|1
|move|p1a: Arceus|Earth Power|p2a: Eternatus
|-supereffective|p2a: Eternatus
|-damage|p2a: Eternatus|89/100
|
|-heal|p2a: Eternatus|95/100|[from] item: Black Sludge
|upkeep
|turn|10
|
|t:|1640254320
|move|p2a: Eternatus|Mystical Fire|p1a: Arceus
|-damage|p1a: Arceus|53/100
|-unboost|p1a: Arceus|spa|1
|move|p1a: Arceus|Recover|p1a: Arceus
|-heal|p1a: Arceus|100/100
|
|-heal|p2a: Eternatus|100/100|[from] item: Black Sludge
|upkeep
|turn|11
|
|t:|1640254345
|switch|p2a: Ho-Oh|Ho-Oh|100/100
|move|p1a: Arceus|Psych Up|p2a: Ho-Oh
|-copyboost|p1a: Arceus|p2a: Ho-Oh|[from] move: Psych Up
|
|upkeep
|turn|12
|
|t:|1640254353
|switch|p1a: Kyogre|Kyogre|100/100
|detailschange|p1a: Kyogre|Kyogre-Primal
|-primal|p1a: Kyogre
|-weather|PrimordialSea|[from] ability: Primordial Sea|[of] p1a: Kyogre
|move|p2a: Ho-Oh|Substitute|p2a: Ho-Oh
|-start|p2a: Ho-Oh|Substitute
|-damage|p2a: Ho-Oh|76/100
|
|-weather|PrimordialSea|[upkeep]
|-sideend|p1: TheGirl0nFire|Reflect
|upkeep
|turn|13
|
|t:|1640254366
|-weather|none
|switch|p1a: Klefki|Klefki, F|73/100
|move|p2a: Ho-Oh|Toxic|p1a: Klefki
|-immune|p1a: Klefki
|
|upkeep
|turn|14
|
|t:|1640254375
|move|p1a: Klefki|Reflect|p1a: Klefki
|-sidestart|p1: TheGirl0nFire|Reflect
|move|p2a: Ho-Oh|Sacred Fire|p1a: Klefki
|-supereffective|p1a: Klefki
|-damage|p1a: Klefki|39/100
|
|upkeep
|turn|15
|
|t:|1640254390
|switch|p1a: Regieleki|Regieleki|100/100
|move|p2a: Ho-Oh|Sacred Fire|p1a: Regieleki
|-damage|p1a: Regieleki|57/100
|-status|p1a: Regieleki|brn
|
|-damage|p1a: Regieleki|51/100 brn|[from] brn
|upkeep
|turn|16
|
|t:|1640254401
|move|p1a: Regieleki|Volt Switch|p2a: Ho-Oh
|-supereffective|p2a: Ho-Oh
|-end|p2a: Ho-Oh|Substitute
|
|t:|1640254403
|switch|p1a: Kyogre|Kyogre-Primal|100/100|[from]move: Volt Switch
|-weather|PrimordialSea|[from] ability: Primordial Sea|[of] p1a: Kyogre
|move|p2a: Ho-Oh|Sacred Fire||[still]
|-fail|p2a: Ho-Oh|Sacred Fire|[from] Primordial Sea
|
|-weather|PrimordialSea|[upkeep]
|upkeep
|turn|17
|
|t:|1640254412
|switch|p2a: Groudon|Groudon|100/100
|-damage|p2a: Groudon|75/100|[from] Spikes
|detailschange|p2a: Groudon|Groudon-Primal
|-primal|p2a: Groudon
|-weather|DesolateLand|[from] ability: Desolate Land|[of] p2a: Groudon
|move|p1a: Kyogre|Substitute|p1a: Kyogre
|-start|p1a: Kyogre|Substitute
|-damage|p1a: Kyogre|75/100
|
|-weather|DesolateLand|[upkeep]
|upkeep
|turn|18
|
|t:|1640254426
|move|p2a: Groudon|Rock Tomb|p1a: Kyogre
|-activate|p1a: Kyogre|move: Substitute|[damage]
|move|p1a: Kyogre|Toxic|p2a: Groudon
|-status|p2a: Groudon|tox
|
|-weather|DesolateLand|[upkeep]
|-damage|p2a: Groudon|69/100 tox|[from] psn
|upkeep
|turn|19
|
|t:|1640254435
|move|p2a: Groudon|Heat Crash|p1a: Kyogre
|-resisted|p1a: Kyogre
|-end|p1a: Kyogre|Substitute
|move|p1a: Kyogre|Avalanche|p2a: Groudon
|-damage|p2a: Groudon|55/100 tox
|
|-weather|DesolateLand|[upkeep]
|-damage|p2a: Groudon|43/100 tox|[from] psn
|upkeep
|turn|20
|
|t:|1640254444
|move|p2a: Groudon|Precipice Blades|p1a: Kyogre
|-damage|p1a: Kyogre|33/100
|move|p1a: Kyogre|Avalanche|p2a: Groudon
|-damage|p2a: Groudon|13/100 tox
|
|-weather|DesolateLand|[upkeep]
|-damage|p2a: Groudon|0 fnt|[from] psn
|faint|p2a: Groudon
|-weather|none
|upkeep
|
|t:|1640254468
|switch|p2a: Giratina|Giratina-Origin, shiny|100/100
|turn|21
|
|t:|1640254477
|move|p2a: Giratina|Hone Claws|p2a: Giratina
|-boost|p2a: Giratina|atk|1
|-boost|p2a: Giratina|accuracy|1
|move|p1a: Kyogre|Toxic|p2a: Giratina
|-status|p2a: Giratina|tox
|
|-damage|p2a: Giratina|94/100 tox|[from] psn
|-sideend|p1: TheGirl0nFire|Reflect
|upkeep
|turn|22
|
|t:|1640254488
|move|p2a: Giratina|Shadow Sneak|p1a: Kyogre
|-crit|p1a: Kyogre
|-damage|p1a: Kyogre|0 fnt
|faint|p1a: Kyogre
|
|-damage|p2a: Giratina|82/100 tox|[from] psn
|upkeep
|
|t:|1640254499
|switch|p1a: Klefki|Klefki, F|39/100
|turn|23
|
|t:|1640254504
|move|p2a: Giratina|Shadow Sneak|p1a: Klefki
|-damage|p1a: Klefki|6/100
|move|p1a: Klefki|Reflect|p1a: Klefki
|-sidestart|p1: TheGirl0nFire|Reflect
|
|-damage|p2a: Giratina|64/100 tox|[from] psn
|upkeep
|turn|24
|
|t:|1640254514
|switch|p1a: Xerneas|Xerneas|100/100
|-ability|p1a: Xerneas|Fairy Aura
|move|p2a: Giratina|Shadow Sneak|p1a: Xerneas
|-damage|p1a: Xerneas|84/100
|
|-damage|p2a: Giratina|39/100 tox|[from] psn
|upkeep
|turn|25
|
|t:|1640254525
|move|p2a: Giratina|Shadow Force||[still]
|-prepare|p2a: Giratina|Shadow Force
|move|p1a: Xerneas|Geomancy||[still]
|-prepare|p1a: Xerneas|Geomancy
|-enditem|p1a: Xerneas|Power Herb
|-anim|p1a: Xerneas|Geomancy|p1a: Xerneas
|-boost|p1a: Xerneas|spa|2
|-boost|p1a: Xerneas|spd|2
|-boost|p1a: Xerneas|spe|2
|
|-damage|p2a: Giratina|9/100 tox|[from] psn
|upkeep
|turn|26
|
|t:|1640254534
|move|p1a: Xerneas|Ingrain|p1a: Xerneas
|-start|p1a: Xerneas|move: Ingrain
|move|p2a: Giratina|Shadow Force|p1a: Xerneas|[from]lockedmove
|-damage|p1a: Xerneas|38/100
|
|-heal|p1a: Xerneas|44/100|[from] Ingrain
|-damage|p2a: Giratina|0 fnt|[from] psn
|faint|p2a: Giratina
|upkeep
|
|t:|1640254555
|switch|p2a: Ditto|Ditto|100/100
|-damage|p2a: Ditto|76/100|[from] Spikes
|-transform|p2a: Ditto|p1a: Xerneas|[from] ability: Imposter
|-ability|p2a: Ditto|Fairy Aura
|turn|27
|
|t:|1640254566
|-start|p2a: Ditto|Dynamax
|-heal|p2a: Ditto|76/100|[silent]
|move|p2a: Ditto|Max Starfall|p1a: Xerneas
|-damage|p1a: Xerneas|0 fnt
|-fieldstart|move: Misty Terrain
|faint|p1a: Xerneas
|
|upkeep
|
|t:|1640254568
|switch|p1a: Arceus|Arceus-Poison|100/100
|turn|28
|
|t:|1640254580
|move|p2a: Ditto|Max Starfall|p1a: Arceus
|-resisted|p1a: Arceus
|-damage|p1a: Arceus|32/100
|move|p1a: Arceus|Psych Up|p2a: Ditto
|-copyboost|p1a: Arceus|p2a: Ditto|[from] move: Psych Up
|
|upkeep
|turn|29
|
|t:|1640254587
|move|p1a: Arceus|Recover|p1a: Arceus
|-heal|p1a: Arceus|82/100
|move|p2a: Ditto|Max Starfall|p1a: Arceus
|-resisted|p1a: Arceus
|-damage|p1a: Arceus|50/100
|
|-end|p2a: Ditto|Dynamax
|-heal|p2a: Ditto|76/100|[silent]
|upkeep
|turn|30
|
|t:|1640254598
|move|p2a: Ditto|Moonblast|p1a: Arceus
|-resisted|p1a: Arceus
|-damage|p1a: Arceus|26/100
|move|p1a: Arceus|Recover|p1a: Arceus
|-heal|p1a: Arceus|76/100
|
|-sideend|p1: TheGirl0nFire|Reflect
|upkeep
|turn|31
|
|t:|1640254615
|switch|p2a: Ho-Oh|Ho-Oh|100/100
|move|p1a: Arceus|Recover|p1a: Arceus
|-heal|p1a: Arceus|100/100
|
|-fieldend|Misty Terrain
|upkeep
|turn|32
|
|t:|1640254624
|-start|p1a: Arceus|Dynamax
|-heal|p1a: Arceus|100/100|[silent]
|move|p1a: Arceus|Max Ooze|p2a: Ho-Oh
|-damage|p2a: Ho-Oh|11/100
|-boost|p1a: Arceus|spa|1
|move|p2a: Ho-Oh|Sacred Fire|p1a: Arceus
|-damage|p1a: Arceus|86/100
|
|upkeep
|turn|33
|
|t:|1640254640
|move|p1a: Arceus|Max Ooze|p2a: Ho-Oh
|-damage|p2a: Ho-Oh|0 fnt
|-boost|p1a: Arceus|spa|1
|faint|p2a: Ho-Oh
|
|upkeep
|
|t:|1640254649
|switch|p2a: Ditto|Ditto|76/100
|-damage|p2a: Ditto|51/100|[from] Spikes
|-transform|p2a: Ditto|p1a: Arceus|[from] ability: Imposter
|turn|34
|
|t:|1640254661
|move|p2a: Ditto|Earth Power|p1a: Arceus
|-supereffective|p1a: Arceus
|-damage|p1a: Arceus|54/100
|move|p1a: Arceus|Max Quake|p2a: Ditto
|-supereffective|p2a: Ditto
|-crit|p2a: Ditto
|-damage|p2a: Ditto|0 fnt
|-boost|p1a: Arceus|spd|1
|faint|p2a: Ditto
|
|-end|p1a: Arceus|Dynamax
|-heal|p1a: Arceus|54/100|[silent]
|upkeep
|
|t:|1640254679
|switch|p2a: Eternatus|Eternatus|100/100
|-damage|p2a: Eternatus|75/100|[from] Spikes
|-ability|p2a: Eternatus|Pressure
|turn|35
|
|t:|1640254684
|move|p1a: Arceus|Earth Power|p2a: Eternatus
|-supereffective|p2a: Eternatus
|-damage|p2a: Eternatus|0 fnt
|faint|p2a: Eternatus
|
|upkeep
|
|t:|1640254692
|switch|p2a: Yveltal|Yveltal|100/100
|-ability|p2a: Yveltal|Dark Aura
|turn|36
|
|t:|1640254700
|move|p1a: Arceus|Judgment|p2a: Yveltal
|-damage|p2a: Yveltal|0 fnt
|faint|p2a: Yveltal
|
|win|TheGirl0nFire
|raw|TheGirl0nFire's rating: 1693 &rarr; <strong>1708</strong><br />(+15 for winning)
|raw|agdp's rating: 1612 &rarr; <strong>1597</strong><br />(-15 for losing)
|c|☆TheGirl0nFire|gg
