|j|☆Camhie
|j|☆moyv123
|t:|1665831203
|gametype|singles
|player|p1|Camhie|pokekid|1467
|player|p2|moyv123|265|1752
|teamsize|p1|6
|teamsize|p2|6
|gen|8
|tier|[Gen 8] National Dex AG
|rated|
|rule|HP Percentage Mod: HP is shown in percentages
|rule|Endless Battle Clause: Forcing endless battles is banned
|clearpoke
|poke|p1|Arceus-*|
|poke|p1|Xerneas-*|
|poke|p1|Marshadow|
|poke|p1|Regieleki|
|poke|p1|Quagsire, F|
|poke|p1|Kangaskhan, F|
|poke|p2|Arceus-*|
|poke|p2|Arceus-*|
|poke|p2|Rayquaza|
|poke|p2|Lugia|
|poke|p2|Zacian-*|
|poke|p2|Necrozma-Dusk-Mane|
|teampreview
|
|t:|1665831215
|start
|switch|p1a: Regieleki|Regieleki|100/100
|switch|p2a: Arceus|Arceus|100/100
|turn|1
|c|☆moyv123|。
|
|t:|1665831318
|move|p2a: Arceus|Extreme Speed|p1a: Regieleki
|-damage|p1a: Regieleki|10/100
|move|p1a: Regieleki|Volt Switch|p2a: Arceus
|-damage|p2a: Arceus|55/100
|
|t:|1665831322
|switch|p1a: Marshadow|Marshadow|100/100|[from]move: Volt Switch
|
|upkeep
|turn|2
|
|t:|1665831329
|-start|p2a: Arceus|Dynamax|
|-heal|p2a: Arceus|55/100|[silent]
|move|p1a: Marshadow|Close Combat|p2a: Arceus
|-supereffective|p2a: Arceus
|-damage|p2a: Arceus|1/100
|-unboost|p1a: Marshadow|def|1
|-unboost|p1a: Marshadow|spd|1
|-damage|p1a: Marshadow|91/100|[from] item: Life Orb
|move|p2a: Arceus|Max Phantasm|p1a: Marshadow
|-supereffective|p1a: Marshadow
|-damage|p1a: Marshadow|0 fnt
|faint|p1a: Marshadow
|
|upkeep
|
|t:|1665831339
|switch|p1a: Arceus|Arceus|100/100
|turn|3
|
|t:|1665831347
|move|p1a: Arceus|Swords Dance|p1a: Arceus
|-boost|p1a: Arceus|atk|2
|move|p2a: Arceus|Max Strike|p1a: Arceus
|-damage|p1a: Arceus|57/100
|-unboost|p1a: Arceus|spe|1
|
|-heal|p1a: Arceus|63/100|[from] item: Leftovers
|upkeep
|turn|4
|
|t:|1665831361
|move|p2a: Arceus|Max Guard|p2a: Arceus
|-singleturn|p2a: Arceus|Max Guard
|move|p1a: Arceus|Recover|p1a: Arceus
|-heal|p1a: Arceus|100/100
|
|upkeep
|-end|p2a: Arceus|Dynamax
|-heal|p2a: Arceus|1/100|[silent]
|turn|5
|
|t:|1665831371
|move|p2a: Arceus|Extreme Speed|p1a: Arceus
|-damage|p1a: Arceus|71/100
|move|p1a: Arceus|Swords Dance|p1a: Arceus
|-boost|p1a: Arceus|atk|2
|
|-heal|p1a: Arceus|77/100|[from] item: Leftovers
|upkeep
|turn|6
|
|t:|1665831380
|move|p2a: Arceus|Swords Dance|p2a: Arceus
|-boost|p2a: Arceus|atk|2
|move|p1a: Arceus|Swords Dance|p1a: Arceus
|-boost|p1a: Arceus|atk|2
|
|-heal|p1a: Arceus|83/100|[from] item: Leftovers
|upkeep
|turn|7
|
|t:|1665831442
|move|p2a: Arceus|Extreme Speed|p1a: Arceus
|-damage|p1a: Arceus|25/100
|move|p1a: Arceus|Extreme Speed|p2a: Arceus
|-damage|p2a: Arceus|0 fnt
|faint|p2a: Arceus
|
|-heal|p1a: Arceus|31/100|[from] item: Leftovers
|upkeep
|
|t:|1665831453
|switch|p2a: Zacian|Zacian-Crowned, shiny|100/100
|-ability|p2a: Zacian|Intrepid Sword|boost
|-boost|p2a: Zacian|atk|1
|turn|8
|
|t:|1665831459
|move|p1a: Arceus|Extreme Speed|p2a: Zacian
|-resisted|p2a: Zacian
|-damage|p2a: Zacian|25/100
|move|p2a: Zacian|Behemoth Blade|p1a: Arceus
|-damage|p1a: Arceus|0 fnt
|faint|p1a: Arceus
|
|upkeep
|
|t:|1665831462
|switch|p1a: Quagsire|Quagsire, F|100/100
|turn|9
|
|t:|1665831478
|switch|p2a: Lugia|Lugia|100/100
|move|p1a: Quagsire|Earthquake|p2a: Lugia
|-immune|p2a: Lugia
|
|upkeep
|turn|10
|
|t:|1665831511
|move|p2a: Lugia|Toxic|p1a: Quagsire|[miss]
|-miss|p2a: Lugia|p1a: Quagsire
|move|p1a: Quagsire|Toxic|p2a: Lugia|[miss]
|-miss|p1a: Quagsire|p2a: Lugia
|
|upkeep
|turn|11
|
|t:|1665831528
|move|p2a: Lugia|Toxic|p1a: Quagsire
|-status|p1a: Quagsire|tox
|move|p1a: Quagsire|Toxic|p2a: Lugia|[miss]
|-miss|p1a: Quagsire|p2a: Lugia
|
|-damage|p1a: Quagsire|94/100 tox|[from] psn
|upkeep
|turn|12
|inactive|Battle timer is ON: inactive players will automatically lose when time's up. (requested by Camhie)
|
|t:|1665831541
|switch|p2a: Necrozma|Necrozma-Dusk-Mane|100/100
|move|p1a: Quagsire|Toxic|p2a: Necrozma
|-immune|p2a: Necrozma
|
|-damage|p1a: Quagsire|82/100 tox|[from] psn
|upkeep
|turn|13
|inactive|Camhie has 120 seconds left.
|inactive|Camhie has 90 seconds left.
|
|t:|1665831602
|move|p2a: Necrozma|Dragon Dance|p2a: Necrozma
|-boost|p2a: Necrozma|atk|1
|-boost|p2a: Necrozma|spe|1
|move|p1a: Quagsire|Earthquake|p2a: Necrozma
|-supereffective|p2a: Necrozma
|-damage|p2a: Necrozma|69/100
|
|-damage|p1a: Quagsire|64/100 tox|[from] psn
|upkeep
|turn|14
|
|t:|1665831629
|move|p2a: Necrozma|Photon Geyser|p1a: Quagsire
|-damage|p1a: Quagsire|5/100 tox
|move|p1a: Quagsire|Earthquake|p2a: Necrozma
|-supereffective|p2a: Necrozma
|-damage|p2a: Necrozma|34/100
|
|-damage|p1a: Quagsire|0 fnt|[from] psn
|faint|p1a: Quagsire
|upkeep
|
|t:|1665831633
|switch|p1a: Regieleki|Regieleki|10/100
|turn|15
|
|t:|1665831645
|detailschange|p2a: Necrozma|Necrozma-Ultra
|-burst|p2a: Necrozma|Necrozma|Ultranecrozium Z
|move|p1a: Regieleki|Volt Switch|p2a: Necrozma
|-resisted|p2a: Necrozma
|-damage|p2a: Necrozma|5/100
|
|t:|1665831650
|switch|p1a: Kangaskhan|Kangaskhan, F|100/100|[from]move: Volt Switch
|move|p2a: Necrozma|Photon Geyser|p1a: Kangaskhan
|-damage|p1a: Kangaskhan|0 fnt
|faint|p1a: Kangaskhan
|
|upkeep
|
|t:|1665831653
|switch|p1a: Regieleki|Regieleki|10/100
|turn|16
|
|t:|1665831663
|move|p1a: Regieleki|Volt Switch|p2a: Necrozma
|-resisted|p2a: Necrozma
|-damage|p2a: Necrozma|0 fnt
|faint|p2a: Necrozma
|
|t:|1665831671
|switch|p1a: Xerneas|Xerneas|100/100|[from]move: Volt Switch
|-ability|p1a: Xerneas|Fairy Aura
|
|upkeep
|
|t:|1665831677
|switch|p2a: Zacian|Zacian-Crowned, shiny|25/100
|-ability|p2a: Zacian|Intrepid Sword|boost
|-boost|p2a: Zacian|atk|1
|turn|17
|
|t:|1665831681
|move|p1a: Xerneas|Moonblast|p2a: Zacian
|-resisted|p2a: Zacian
|-damage|p2a: Zacian|0 fnt
|faint|p2a: Zacian
|
|upkeep
|inactive|moyv123 has 120 seconds left.
|
|t:|1665831715
|switch|p2a: Lugia|Lugia|100/100
|turn|18
|
|t:|1665831722
|move|p1a: Xerneas|Moonblast|p2a: Lugia
|-damage|p2a: Lugia|82/100
|move|p2a: Lugia|Roost|p2a: Lugia
|-heal|p2a: Lugia|100/100
|-singleturn|p2a: Lugia|move: Roost
|
|upkeep
|turn|19
|
|t:|1665831734
|switch|p1a: Regieleki|Regieleki|10/100
|move|p2a: Lugia|Thunder Wave|p1a: Regieleki
|-immune|p1a: Regieleki
|
|upkeep
|turn|20
|inactive|moyv123 has 120 seconds left.
|
|t:|1665831754
|switch|p2a: Rayquaza|Rayquaza, shiny|100/100
|-ability|p2a: Rayquaza|Air Lock
|move|p1a: Regieleki|Electroweb|p2a: Rayquaza
|-damage|p2a: Rayquaza|51/100
|-unboost|p2a: Rayquaza|spe|1
|
|upkeep
|turn|21
|inactive|moyv123 has 120 seconds left.
|
|t:|1665831766
|detailschange|p2a: Rayquaza|Rayquaza-Mega, shiny
|-mega|p2a: Rayquaza|Rayquaza|
|-weather|DeltaStream|[from] ability: Delta Stream|[of] p2a: Rayquaza
|move|p2a: Rayquaza|Extreme Speed|p1a: Regieleki
|-damage|p1a: Regieleki|0 fnt
|faint|p1a: Regieleki
|-damage|p2a: Rayquaza|41/100|[from] item: Life Orb
|
|-weather|DeltaStream|[upkeep]
|upkeep
|
|t:|1665831769
|switch|p1a: Xerneas|Xerneas|100/100
|-ability|p1a: Xerneas|Fairy Aura
|turn|22
|
|t:|1665831779
|move|p2a: Rayquaza|Extreme Speed|p1a: Xerneas
|-damage|p1a: Xerneas|57/100
|-damage|p2a: Rayquaza|31/100|[from] item: Life Orb
|move|p1a: Xerneas|Moonblast|p2a: Rayquaza
|-supereffective|p2a: Rayquaza
|-damage|p2a: Rayquaza|0 fnt
|faint|p2a: Rayquaza
|-weather|none
|
|upkeep
|inactive|moyv123 has 120 seconds left.
|
|t:|1665831793
|switch|p2a: Lugia|Lugia|100/100
|turn|23
|inactive|Camhie has 120 seconds left.
|
|t:|1665831823
|-start|p1a: Xerneas|Dynamax|
|-heal|p1a: Xerneas|57/100|[silent]
|move|p1a: Xerneas|Max Lightning|p2a: Lugia
|-supereffective|p2a: Lugia
|-damage|p2a: Lugia|74/100
|-fieldstart|move: Electric Terrain
|move|p2a: Lugia|Roost|p2a: Lugia
|-heal|p2a: Lugia|100/100
|-singleturn|p2a: Lugia|move: Roost
|
|upkeep
|turn|24
|
|t:|1665831836
|move|p1a: Xerneas|Max Lightning|p2a: Lugia
|-supereffective|p2a: Lugia
|-damage|p2a: Lugia|68/100
|move|p2a: Lugia|Toxic|p1a: Xerneas
|-status|p1a: Xerneas|tox
|
|-damage|p1a: Xerneas|54/100 tox|[from] psn
|upkeep
|turn|25
|
|t:|1665831847
|switch|p2a: Arceus|Arceus-Dark|100/100
|move|p1a: Xerneas|Max Starfall|p2a: Arceus
|-supereffective|p2a: Arceus
|-damage|p2a: Arceus|17/100
|-fieldstart|move: Misty Terrain
|
|-damage|p1a: Xerneas|48/100 tox|[from] psn
|upkeep
|-end|p1a: Xerneas|Dynamax
|-heal|p1a: Xerneas|48/100 tox|[silent]
|turn|26
|
|t:|1665831863
|move|p1a: Xerneas|Moonblast|p2a: Arceus
|-supereffective|p2a: Arceus
|-damage|p2a: Arceus|0 fnt
|faint|p2a: Arceus
|
|-damage|p1a: Xerneas|30/100 tox|[from] psn
|upkeep
|
|t:|1665831871
|switch|p2a: Lugia|Lugia|68/100
|turn|27
|
|t:|1665831874
|move|p1a: Xerneas|Moonblast|p2a: Lugia
|-damage|p2a: Lugia|30/100
|-unboost|p2a: Lugia|spa|1
|move|p2a: Lugia|Roost|p2a: Lugia
|-heal|p2a: Lugia|80/100
|-singleturn|p2a: Lugia|move: Roost
|
|-damage|p1a: Xerneas|5/100 tox|[from] psn
|upkeep
|turn|28
|-message|Camhie forfeited.
|
|win|moyv123
|raw|Camhie's rating: 1467 &rarr; <strong>1461</strong><br />(-6 for losing)
|raw|moyv123's rating: 1752 &rarr; <strong>1758</strong><br />(+6 for winning)
|l|☆Camhie
