|j|☆Apprenti Buck
|j|☆Black Shadow 666
|t:|1656164364
|gametype|singles
|player|p1|Apprenti Buck|lance|1974
|player|p2|Black Shadow 666|unknown|1931
|teamsize|p1|6
|teamsize|p2|6
|gen|8
|tier|[Gen 8] National Dex AG
|rated|
|rule|HP Percentage Mod: HP is shown in percentages
|rule|Endless Battle Clause: Forcing endless battles is banned
|clearpoke
|poke|p1|Rayquaza|
|poke|p1|Groudon|
|poke|p1|Yveltal|
|poke|p1|Marshadow|
|poke|p1|Necrozma-Dusk-Mane|
|poke|p1|Ho-Oh|
|poke|p2|Rayquaza|
|poke|p2|Necrozma-Dusk-Mane|
|poke|p2|Zacian-*|
|poke|p2|Yveltal|
|poke|p2|Calyrex-Shadow|
|poke|p2|Ho-Oh|
|teampreview
|inactive|Battle timer is ON: inactive players will automatically lose when time's up. (requested by Apprenti Buck)
|
|t:|1656164373
|start
|switch|p1a: Groudon|Groudon|100/100
|switch|p2a: Rayquaza|Rayquaza|100/100
|-ability|p2a: Rayquaza|Air Lock
|detailschange|p1a: Groudon|Groudon-Primal
|-primal|p1a: Groudon
|-weather|DesolateLand|[from] ability: Desolate Land|[of] p1a: Groudon
|turn|1
|
|t:|1656164378
|detailschange|p2a: Rayquaza|Rayquaza-Mega
|-mega|p2a: Rayquaza|Rayquaza|
|-weather|DeltaStream|[from] ability: Delta Stream|[of] p2a: Rayquaza
|move|p2a: Rayquaza|Dragon Dance|p2a: Rayquaza
|-boost|p2a: Rayquaza|atk|1
|-boost|p2a: Rayquaza|spe|1
|move|p1a: Groudon|Stealth Rock|p2a: Rayquaza
|-sidestart|p2: Black Shadow 666|move: Stealth Rock
|
|-weather|DeltaStream|[upkeep]
|upkeep
|turn|2
|inactive|Black Shadow 666 has 120 seconds left.
|inactive|Black Shadow 666 has 90 seconds left.
|
|t:|1656164455
|move|p2a: Rayquaza|Dragon Ascent|p1a: Groudon
|-damage|p1a: Groudon|3/100
|-unboost|p2a: Rayquaza|def|1
|-unboost|p2a: Rayquaza|spd|1
|-damage|p2a: Rayquaza|91/100|[from] item: Life Orb
|move|p1a: Groudon|Thunder Wave|p2a: Rayquaza
|-status|p2a: Rayquaza|par
|
|-weather|DeltaStream|[upkeep]
|upkeep
|turn|3
|
|t:|1656164469
|cant|p2a: Rayquaza|par
|move|p1a: Groudon|Stone Edge|p2a: Rayquaza
|-activate||deltastream
|-damage|p2a: Rayquaza|36/100 par
|
|-weather|DeltaStream|[upkeep]
|upkeep
|turn|4
|
|t:|1656164472
|move|p2a: Rayquaza|Scale Shot|p1a: Groudon
|-damage|p1a: Groudon|0 fnt
|faint|p1a: Groudon
|-hitcount|p1: Groudon|1
|-unboost|p2a: Rayquaza|def|1
|-boost|p2a: Rayquaza|spe|1
|-damage|p2a: Rayquaza|26/100 par|[from] item: Life Orb
|
|-weather|DeltaStream|[upkeep]
|upkeep
|
|t:|1656164482
|switch|p1a: Marshadow|Marshadow|100/100
|turn|5
|inactive|Black Shadow 666 has 90 seconds left.
|j| oiipockhjgfgdf
|
|t:|1656164514
|move|p1a: Marshadow|Shadow Sneak|p2a: Rayquaza
|-damage|p2a: Rayquaza|0 fnt
|faint|p2a: Rayquaza
|-weather|none
|
|upkeep
|
|t:|1656164518
|switch|p2a: Necrozma|Necrozma-Dusk-Mane|100/100
|-damage|p2a: Necrozma|94/100|[from] Stealth Rock
|turn|6
|
|t:|1656164521
|switch|p1a: Ho-Oh|Ho-Oh|100/100
|move|p2a: Necrozma|Thunder Wave|p1a: Ho-Oh|[miss]
|-miss|p2a: Necrozma|p1a: Ho-Oh
|
|upkeep
|turn|7
|inactive|Black Shadow 666 has 90 seconds left.
|inactive|Black Shadow 666 has 60 seconds left.
|
|t:|1656164565
|move|p1a: Ho-Oh|Sacred Fire|p2a: Necrozma
|-supereffective|p2a: Necrozma
|-damage|p2a: Necrozma|58/100
|move|p2a: Necrozma|Thunder Wave|p1a: Ho-Oh
|-status|p1a: Ho-Oh|par
|
|upkeep
|turn|8
|
|t:|1656164579
|move|p2a: Necrozma|Morning Sun|p2a: Necrozma
|-heal|p2a: Necrozma|100/100
|move|p1a: Ho-Oh|Sacred Fire|p2a: Necrozma
|-supereffective|p2a: Necrozma
|-damage|p2a: Necrozma|67/100
|-status|p2a: Necrozma|brn
|
|-damage|p2a: Necrozma|61/100 brn|[from] brn
|upkeep
|turn|9
|inactive|Black Shadow 666 has 60 seconds left.
|inactive|Black Shadow 666 has 30 seconds left.
|
|t:|1656164625
|switch|p2a: Ho-Oh|Ho-Oh, shiny|100/100
|move|p1a: Ho-Oh|Whirlwind|p2a: Ho-Oh
|drag|p2a: Yveltal|Yveltal|100/100
|-damage|p2a: Yveltal|76/100|[from] Stealth Rock
|-ability|p2a: Yveltal|Dark Aura
|
|upkeep
|turn|10
|
|t:|1656164630
|switch|p2a: Ho-Oh|Ho-Oh, shiny|100/100
|move|p1a: Ho-Oh|Toxic|p2a: Ho-Oh
|-status|p2a: Ho-Oh|tox
|
|-damage|p2a: Ho-Oh|94/100 tox|[from] psn
|upkeep
|turn|11
|
|t:|1656164641
|move|p2a: Ho-Oh|Defog|p1a: Ho-Oh
|-unboost|p1a: Ho-Oh|evasion|1
|-sideend|p2: Black Shadow 666|Stealth Rock|[from] move: Defog|[of] p2a: Ho-Oh
|cant|p1a: Ho-Oh|par
|
|-damage|p2a: Ho-Oh|82/100 tox|[from] psn
|upkeep
|turn|12
|
|t:|1656164647
|switch|p2a: Necrozma|Necrozma-Dusk-Mane|61/100 brn
|switch|p1a: Marshadow|Marshadow|100/100
|
|-damage|p2a: Necrozma|55/100 brn|[from] brn
|upkeep
|turn|13
|
|t:|1656164651
|move|p1a: Marshadow|Poltergeist|p2a: Necrozma|[miss]
|-miss|p1a: Marshadow|p2a: Necrozma
|move|p2a: Necrozma|Morning Sun|p2a: Necrozma
|-heal|p2a: Necrozma|100/100 brn
|
|-damage|p2a: Necrozma|94/100 brn|[from] brn
|upkeep
|turn|14
|
|t:|1656164660
|move|p1a: Marshadow|Poltergeist|p2a: Necrozma
|-activate|p2a: Necrozma|move: Poltergeist|Rocky Helmet
|-supereffective|p2a: Necrozma
|-damage|p2a: Necrozma|23/100 brn
|move|p2a: Necrozma|Thunder Wave|p1a: Marshadow
|-status|p1a: Marshadow|par
|
|-damage|p2a: Necrozma|17/100 brn|[from] brn
|upkeep
|turn|15
|
|t:|1656164669
|move|p1a: Marshadow|Poltergeist|p2a: Necrozma
|-activate|p2a: Necrozma|move: Poltergeist|Rocky Helmet
|-supereffective|p2a: Necrozma
|-damage|p2a: Necrozma|0 fnt
|faint|p2a: Necrozma
|
|upkeep
|
|t:|1656164678
|switch|p2a: Yveltal|Yveltal|76/100
|-ability|p2a: Yveltal|Dark Aura
|turn|16
|
|t:|1656164686
|switch|p1a: Ho-Oh|Ho-Oh|100/100 par
|move|p2a: Yveltal|Oblivion Wing|p1a: Ho-Oh
|-damage|p1a: Ho-Oh|75/100 par
|-heal|p2a: Yveltal|96/100|[from] drain|[of] p1a: Ho-Oh
|
|upkeep
|turn|17
|inactive|Black Shadow 666 has 60 seconds left.
|
|t:|1656164718
|move|p2a: Yveltal|Dark Pulse|p1a: Ho-Oh
|-damage|p1a: Ho-Oh|42/100 par
|move|p1a: Ho-Oh|Sacred Fire|p2a: Yveltal
|-damage|p2a: Yveltal|55/100
|-status|p2a: Yveltal|brn
|
|-damage|p2a: Yveltal|49/100 brn|[from] brn
|upkeep
|turn|18
|
|t:|1656164725
|move|p2a: Yveltal|Oblivion Wing|p1a: Ho-Oh
|-damage|p1a: Ho-Oh|15/100 par
|-heal|p2a: Yveltal|71/100 brn|[from] drain|[of] p1a: Ho-Oh
|move|p1a: Ho-Oh|Sacred Fire|p2a: Yveltal
|-damage|p2a: Yveltal|31/100 brn
|
|-damage|p2a: Yveltal|25/100 brn|[from] brn
|upkeep
|turn|19
|
|t:|1656164737
|move|p2a: Yveltal|Oblivion Wing|p1a: Ho-Oh
|-damage|p1a: Ho-Oh|0 fnt
|-heal|p2a: Yveltal|36/100 brn|[from] drain|[of] p1a: Ho-Oh
|faint|p1a: Ho-Oh
|
|-damage|p2a: Yveltal|30/100 brn|[from] brn
|upkeep
|inactive|Apprenti Buck has 120 seconds left.
|
|t:|1656164770
|switch|p1a: Yveltal|Yveltal|100/100
|-ability|p1a: Yveltal|Dark Aura
|turn|20
|inactive|Black Shadow 666 has 60 seconds left.
|inactive|Black Shadow 666 has 30 seconds left.
|l| oiipockhjgfgdf
|inactive|Black Shadow 666 has 20 seconds left.
|inactive|Black Shadow 666 has 15 seconds left.
|inactive|Black Shadow 666 has 10 seconds left.
|
|t:|1656164848
|switch|p2a: Zacian|Zacian-Crowned, shiny|100/100
|-ability|p2a: Zacian|Intrepid Sword|boost
|-boost|p2a: Zacian|atk|1
|move|p1a: Yveltal|Oblivion Wing|p2a: Zacian
|-resisted|p2a: Zacian
|-damage|p2a: Zacian|75/100
|-damage|p1a: Yveltal|91/100|[from] item: Life Orb
|
|upkeep
|turn|21
|inactive|Black Shadow 666 has 20 seconds left this turn.
|inactive|Black Shadow 666 has 15 seconds left.
|inactive|Black Shadow 666 has 10 seconds left.
|
|t:|1656164859
|switch|p2a: Calyrex|Calyrex-Shadow|100/100
|-ability|p2a: Calyrex|As One
|-ability|p2a: Calyrex|Unnerve
|switch|p1a: Necrozma|Necrozma-Dusk-Mane|100/100
|
|upkeep
|turn|22
|inactive|Black Shadow 666 has 20 seconds left this turn.
|inactive|Black Shadow 666 has 15 seconds left.
|inactive|Black Shadow 666 has 10 seconds left.
|
|t:|1656164870
|switch|p2a: Ho-Oh|Ho-Oh, shiny|100/100 tox
|move|p1a: Necrozma|Sunsteel Strike|p2a: Ho-Oh
|-resisted|p2a: Ho-Oh
|-damage|p2a: Ho-Oh|84/100 tox
|
|-damage|p2a: Ho-Oh|77/100 tox|[from] psn
|upkeep
|turn|23
|inactive|Black Shadow 666 has 20 seconds left this turn.
|inactive|Black Shadow 666 has 15 seconds left.
|
|t:|1656164876
|move|p1a: Necrozma|Dragon Dance|p1a: Necrozma
|-boost|p1a: Necrozma|atk|1
|-boost|p1a: Necrozma|spe|1
|move|p2a: Ho-Oh|Sacred Fire|p1a: Necrozma|[miss]
|-miss|p2a: Ho-Oh|p1a: Necrozma
|
|-damage|p2a: Ho-Oh|65/100 tox|[from] psn
|upkeep
|turn|24
|inactive|Black Shadow 666 has 25 seconds left this turn.
|
|t:|1656164880
|move|p1a: Necrozma|Dragon Dance|p1a: Necrozma
|-boost|p1a: Necrozma|atk|1
|-boost|p1a: Necrozma|spe|1
|move|p2a: Ho-Oh|Sacred Fire|p1a: Necrozma
|-supereffective|p1a: Necrozma
|-damage|p1a: Necrozma|67/100
|-status|p1a: Necrozma|brn
|
|-heal|p1a: Necrozma|73/100 brn|[from] item: Leftovers
|-damage|p2a: Ho-Oh|46/100 tox|[from] psn
|-damage|p1a: Necrozma|67/100 brn|[from] brn
|upkeep
|turn|25
|inactive|Black Shadow 666 has 30 seconds left.
|
|t:|1656164887
|move|p1a: Necrozma|Sunsteel Strike|p2a: Ho-Oh
|-resisted|p2a: Ho-Oh
|-damage|p2a: Ho-Oh|31/100 tox
|move|p2a: Ho-Oh|Whirlwind|p1a: Necrozma
|drag|p1a: Yveltal|Yveltal|91/100
|-ability|p1a: Yveltal|Dark Aura
|
|-damage|p2a: Ho-Oh|6/100 tox|[from] psn
|upkeep
|turn|26
|
|t:|1656164892
|-start|p1a: Yveltal|Dynamax|
|-heal|p1a: Yveltal|91/100|[silent]
|move|p1a: Yveltal|Max Airstream|p2a: Ho-Oh
|-damage|p2a: Ho-Oh|0 fnt
|-boost|p1a: Yveltal|spe|1
|faint|p2a: Ho-Oh
|-damage|p1a: Yveltal|86/100|[from] item: Life Orb
|
|upkeep
|inactive|Black Shadow 666 has 30 seconds left.
|
|t:|1656164903
|switch|p2a: Yveltal|Yveltal|30/100 brn
|-ability|p2a: Yveltal|Dark Aura
|turn|27
|
|t:|1656164917
|-start|p2a: Yveltal|Dynamax|
|-heal|p2a: Yveltal|30/100 brn|[silent]
|move|p1a: Yveltal|Max Airstream|p2a: Yveltal
|-damage|p2a: Yveltal|3/100 brn
|-boost|p1a: Yveltal|spe|1
|-damage|p1a: Yveltal|81/100|[from] item: Life Orb
|move|p2a: Yveltal|Max Airstream|p1a: Yveltal
|-damage|p1a: Yveltal|48/100
|-boost|p2a: Yveltal|spe|1
|
|-damage|p2a: Yveltal|0 fnt|[from] brn
|faint|p2a: Yveltal
|upkeep
|
|t:|1656164922
|switch|p2a: Zacian|Zacian-Crowned, shiny|75/100
|-ability|p2a: Zacian|Intrepid Sword|boost
|-boost|p2a: Zacian|atk|1
|turn|28
|
|t:|1656164933
|switch|p2a: Calyrex|Calyrex-Shadow|100/100
|-ability|p2a: Calyrex|As One
|-ability|p2a: Calyrex|Unnerve
|move|p1a: Yveltal|Max Flare|p2a: Calyrex
|-damage|p2a: Calyrex|30/100
|-weather|SunnyDay
|-damage|p1a: Yveltal|43/100|[from] item: Life Orb
|
|-weather|SunnyDay|[upkeep]
|-heal|p2a: Calyrex|36/100|[from] item: Leftovers
|upkeep
|-end|p1a: Yveltal|Dynamax
|-heal|p1a: Yveltal|43/100|[silent]
|turn|29
|c|☆Black Shadow 666|gg
|
|t:|1656164941
|switch|p2a: Zacian|Zacian-Crowned, shiny|75/100
|-ability|p2a: Zacian|Intrepid Sword|boost
|-boost|p2a: Zacian|atk|1
|move|p1a: Yveltal|Oblivion Wing|p2a: Zacian
|-resisted|p2a: Zacian
|-damage|p2a: Zacian|50/100
|-heal|p1a: Yveltal|60/100|[from] drain|[of] p2a: Zacian
|-damage|p1a: Yveltal|50/100|[from] item: Life Orb
|
|-weather|SunnyDay|[upkeep]
|upkeep
|turn|30
|
|t:|1656164949
|move|p1a: Yveltal|Dark Pulse|p2a: Zacian
|-resisted|p2a: Zacian
|-crit|p2a: Zacian
|-damage|p2a: Zacian|0 fnt
|faint|p2a: Zacian
|-damage|p1a: Yveltal|40/100|[from] item: Life Orb
|
|-weather|SunnyDay|[upkeep]
|upkeep
|c|☆Black Shadow 666|??
|c|☆Black Shadow 666|wtf
|
|t:|1656164959
|switch|p2a: Calyrex|Calyrex-Shadow|36/100
|-ability|p2a: Calyrex|As One
|-ability|p2a: Calyrex|Unnerve
|turn|31
|c|☆Apprenti Buck|Didn’t matter
|c|☆Black Shadow 666|yeah it did
|c|☆Black Shadow 666|unless youre sash ray
|c|☆Apprenti Buck|i had NDM and ss marsh
|c|☆Apprenti Buck|band mardh
|c|☆Black Shadow 666|didnt matter
|inactive|Apprenti Buck has 120 seconds left.
|inactive|Black Shadow 666 has 30 seconds left.
|c|☆Black Shadow 666|it wasnt guarenteed
|c|☆Apprenti Buck|putting 40% to zac
|
|t:|1656164997
|move|p1a: Yveltal|Dark Pulse|p2a: Calyrex
|-supereffective|p2a: Calyrex
|-damage|p2a: Calyrex|0 fnt
|faint|p2a: Calyrex
|-damage|p1a: Yveltal|30/100|[from] item: Life Orb
|
|win|Apprenti Buck
|inactive|Black Shadow 666 has 30 seconds left this turn.
|raw|Apprenti Buck's rating: 1974 &rarr; <strong>1992</strong><br />(+18 for winning)
|raw|Black Shadow 666's rating: 1939 &rarr; <strong>1921</strong><br />(-18 for losing)
|l|☆Black Shadow 666
