|j|☆Snake of the Moon
|j|☆Glaliegoesboom
|t:|1661542698
|gametype|singles
|player|p1|Snake of the Moon|lance-masters|
|player|p2|Glaliegoesboom|cynthia-masters|
|teamsize|p1|6
|teamsize|p2|6
|gen|8
|tier|[Gen 8] National Dex AG
|rule|HP Percentage Mod: HP is shown in percentages
|rule|Endless Battle Clause: Forcing endless battles is banned
|clearpoke
|poke|p1|Mawile, M|
|poke|p1|Gliscor, M|
|poke|p1|Dialga|
|poke|p1|Scrafty, F|
|poke|p1|Giratina|
|poke|p1|Toxapex, F|
|poke|p2|Clefable, M|
|poke|p2|Dialga|
|poke|p2|Ferrothorn, F|
|poke|p2|Gyarados, M|
|poke|p2|Hippowdon, M|
|poke|p2|Giratina-Origin|
|teampreview
|inactive|Battle timer is ON: inactive players will automatically lose when time's up. (requested by Snake of the Moon)
|inactive|Glaliegoesboom also wants the timer to be on.
|
|t:|1661542713
|start
|switch|p1a: Dialga|Dialga|100/100
|switch|p2a: Dialga|Dialga|100/100
|-ability|p1a: Dialga|Pressure
|-ability|p2a: Dialga|Pressure
|turn|1
|
|t:|1661542719
|switch|p1a: Gliscor|Gliscor, M|100/100
|move|p2a: Dialga|Earth Power|p1a: Gliscor
|-immune|p1a: Gliscor
|
|-status|p1a: Gliscor|tox|[from] item: Toxic Orb
|upkeep
|turn|2
|
|t:|1661542729
|switch|p1a: Dialga|Dialga|100/100
|-ability|p1a: Dialga|Pressure
|switch|p2a: Hippowdon|Hippowdon, M|100/100
|-weather|Sandstorm|[from] ability: Sand Stream|[of] p2a: Hippowdon
|
|-weather|Sandstorm|[upkeep]
|upkeep
|turn|3
|
|t:|1661542746
|switch|p1a: Giratina|Giratina|100/100
|-ability|p1a: Giratina|Pressure
|switch|p2a: Ferrothorn|Ferrothorn, F|100/100
|
|-weather|Sandstorm|[upkeep]
|-damage|p1a: Giratina|94/100|[from] Sandstorm
|upkeep
|turn|4
|
|t:|1661542752
|move|p1a: Giratina|Thunder Wave|p2a: Ferrothorn
|-status|p2a: Ferrothorn|par
|move|p2a: Ferrothorn|Knock Off|p1a: Giratina
|-supereffective|p1a: Giratina
|-damage|p1a: Giratina|73/100
|-enditem|p1a: Giratina|Haban Berry|[from] move: Knock Off|[of] p2a: Ferrothorn
|
|-weather|Sandstorm|[upkeep]
|-damage|p1a: Giratina|67/100|[from] Sandstorm
|upkeep
|turn|5
|
|t:|1661542759
|switch|p1a: Mawile|Mawile, M|100/100
|-ability|p1a: Mawile|Intimidate|boost
|-unboost|p2a: Ferrothorn|atk|1
|move|p2a: Ferrothorn|Stealth Rock|p1a: Mawile
|-sidestart|p1: Snake of the Moon|move: Stealth Rock
|
|-weather|Sandstorm|[upkeep]
|upkeep
|turn|6
|j| TaxFraud094
|
|t:|1661542782
|switch|p2a: Hippowdon|Hippowdon, M|100/100
|detailschange|p1a: Mawile|Mawile-Mega, M
|-mega|p1a: Mawile|Mawile|Mawilite
|move|p1a: Mawile|Fire Fang|p2a: Hippowdon
|-damage|p2a: Hippowdon|79/100
|
|-weather|none
|upkeep
|turn|7
|
|t:|1661542788
|move|p1a: Mawile|Play Rough|p2a: Hippowdon
|-damage|p2a: Hippowdon|36/100
|move|p2a: Hippowdon|Slack Off|p2a: Hippowdon
|-heal|p2a: Hippowdon|86/100
|
|upkeep
|turn|8
|
|t:|1661542794
|switch|p1a: Scrafty|Scrafty, F|100/100
|-damage|p1a: Scrafty|95/100|[from] Stealth Rock
|move|p2a: Hippowdon|Slack Off|p2a: Hippowdon
|-heal|p2a: Hippowdon|100/100
|
|-heal|p1a: Scrafty|100/100|[from] item: Leftovers
|upkeep
|turn|9
|
|t:|1661542802
|switch|p2a: Clefable|Clefable, M|100/100
|move|p1a: Scrafty|Knock Off|p2a: Clefable
|-resisted|p2a: Clefable
|-damage|p2a: Clefable|83/100
|-enditem|p2a: Clefable|Life Orb|[from] move: Knock Off|[of] p1a: Scrafty
|
|upkeep
|turn|10
|inactive|Snake of the Moon has 270 seconds left.
|l| TaxFraud094
|
|t:|1661542849
|switch|p1a: Toxapex|Toxapex, F|100/100
|-damage|p1a: Toxapex|88/100|[from] Stealth Rock
|move|p2a: Clefable|Thunderbolt|p1a: Toxapex
|-supereffective|p1a: Toxapex
|-enditem|p1a: Toxapex|Wacan Berry|[eat]
|-enditem|p1a: Toxapex|Wacan Berry|[weaken]
|-damage|p1a: Toxapex|72/100
|-status|p1a: Toxapex|par
|
|upkeep
|turn|11
|j| Testing teams 596
|
|t:|1661542866
|switch|p2a: Ferrothorn|Ferrothorn, F|100/100 par
|cant|p1a: Toxapex|par
|
|upkeep
|turn|12
|
|t:|1661542873
|switch|p1a: Gliscor|Gliscor, M|100/100 tox
|-damage|p1a: Gliscor|88/100 tox|[from] Stealth Rock
|move|p2a: Ferrothorn|Leech Seed|p1a: Gliscor
|-start|p1a: Gliscor|move: Leech Seed
|
|-damage|p1a: Gliscor|76/100 tox|[from] Leech Seed|[of] p2a: Ferrothorn
|-heal|p1a: Gliscor|88/100 tox|[from] ability: Poison Heal
|upkeep
|turn|13
|c| Testing teams 596|Ok
|
|t:|1661542880
|switch|p2a: Clefable|Clefable, M|83/100
|move|p1a: Gliscor|Defog|p2a: Clefable
|-unboost|p2a: Clefable|evasion|1
|-sideend|p1: Snake of the Moon|Stealth Rock|[from] move: Defog|[of] p1a: Gliscor
|
|-damage|p1a: Gliscor|76/100 tox|[from] Leech Seed|[of] p2a: Clefable
|-heal|p2a: Clefable|94/100|[silent]
|-heal|p1a: Gliscor|88/100 tox|[from] ability: Poison Heal
|upkeep
|turn|14
|c| Testing teams 596|U guys love sta
|c| Testing teams 596|Stall*
|c|☆Snake of the Moon|No
|c|☆Snake of the Moon|this is semistall
|
|t:|1661542896
|switch|p1a: Toxapex|Toxapex, F|100/100 par
|move|p2a: Clefable|Ice Beam|p1a: Toxapex
|-resisted|p1a: Toxapex
|-damage|p1a: Toxapex|93/100 par
|
|upkeep
|turn|15
|c| Testing teams 596|Ik
|c|☆Glaliegoesboom|I built it
|c| Testing teams 596|Can see
|c|☆Snake of the Moon|True
|
|t:|1661542912
|switch|p2a: Ferrothorn|Ferrothorn, F|100/100 par
|move|p1a: Toxapex|Light Screen|p1a: Toxapex
|-sidestart|p1: Snake of the Moon|move: Light Screen
|
|upkeep
|turn|16
|c|☆Snake of the Moon|were prepping
|
|t:|1661542920
|move|p1a: Toxapex|Knock Off|p2a: Ferrothorn
|-damage|p2a: Ferrothorn|92/100 par
|-enditem|p2a: Ferrothorn|Chople Berry|[from] move: Knock Off|[of] p1a: Toxapex
|move|p2a: Ferrothorn|Stealth Rock|p1a: Toxapex
|-sidestart|p1: Snake of the Moon|move: Stealth Rock
|
|upkeep
|turn|17
|
|t:|1661542928
|switch|p1a: Gliscor|Gliscor, M|88/100 tox
|-damage|p1a: Gliscor|76/100 tox|[from] Stealth Rock
|move|p2a: Ferrothorn|Gyro Ball|p1a: Gliscor
|-damage|p1a: Gliscor|32/100 tox
|
|-heal|p1a: Gliscor|44/100 tox|[from] ability: Poison Heal
|upkeep
|turn|18
|c|☆Snake of the Moon|That’s a lot of damage
|
|t:|1661542948
|switch|p2a: Gyarados|Gyarados, M|100/100
|-ability|p2a: Gyarados|Intimidate|boost
|-unboost|p1a: Gliscor|atk|1
|move|p1a: Gliscor|Roost|p1a: Gliscor
|-heal|p1a: Gliscor|95/100 tox
|-singleturn|p1a: Gliscor|move: Roost
|
|-heal|p1a: Gliscor|100/100 tox|[from] ability: Poison Heal
|upkeep
|turn|19
|
|t:|1661542956
|move|p1a: Gliscor|Defog|p2a: Gyarados
|-unboost|p2a: Gyarados|evasion|1
|-sideend|p1: Snake of the Moon|Stealth Rock|[from] move: Defog|[of] p1a: Gliscor
|move|p2a: Gyarados|Dragon Dance|p2a: Gyarados
|-boost|p2a: Gyarados|atk|1
|-boost|p2a: Gyarados|spe|1
|
|-sideend|p1: Snake of the Moon|move: Light Screen
|upkeep
|turn|20
|
|t:|1661542964
|switch|p1a: Scrafty|Scrafty, F|100/100
|move|p2a: Gyarados|Waterfall|p1a: Scrafty
|-damage|p1a: Scrafty|49/100
|
|-heal|p1a: Scrafty|55/100|[from] item: Leftovers
|upkeep
|turn|21
|
|t:|1661542972
|detailschange|p2a: Gyarados|Gyarados-Mega, M
|-mega|p2a: Gyarados|Gyarados|Gyaradosite
|-ability|p2a: Gyarados|Mold Breaker
|-start|p1a: Scrafty|Dynamax|
|-heal|p1a: Scrafty|55/100|[silent]
|move|p2a: Gyarados|Waterfall|p1a: Scrafty
|-damage|p1a: Scrafty|26/100
|move|p1a: Scrafty|Max Lightning|p2a: Gyarados
|-supereffective|p2a: Gyarados
|-damage|p2a: Gyarados|59/100
|-fieldstart|move: Electric Terrain
|
|-heal|p1a: Scrafty|29/100|[from] item: Leftovers
|upkeep
|turn|22
|
|t:|1661542988
|move|p2a: Gyarados|Waterfall|p1a: Scrafty
|-damage|p1a: Scrafty|0 fnt
|faint|p1a: Scrafty
|
|upkeep
|c|☆Snake of the Moon|Yh gg
|c|☆Snake of the Moon|gliscor free set up
|inactive|Snake of the Moon has 270 seconds left.
|c|☆Snake of the Moon|maybe guillotine
|
|t:|1661543024
|switch|p1a: Mawile|Mawile-Mega, M|100/100
|turn|23
|
|t:|1661543028
|move|p2a: Gyarados|Earthquake|p1a: Mawile
|-supereffective|p1a: Mawile
|-damage|p1a: Mawile|0 fnt
|faint|p1a: Mawile
|
|upkeep
|
|t:|1661543031
|switch|p1a: Gliscor|Gliscor, M|100/100 tox
|turn|24
|
|t:|1661543034
|move|p2a: Gyarados|Waterfall|p1a: Gliscor
|-supereffective|p1a: Gliscor
|-damage|p1a: Gliscor|0 fnt
|faint|p1a: Gliscor
|
|upkeep
|c|☆Glaliegoesboom|Gg
|
|t:|1661543037
|switch|p1a: Toxapex|Toxapex, F|100/100 par
|turn|25
|c|☆Glaliegoesboom|pretty sure gira lives crunch
|
|t:|1661543046
|move|p2a: Gyarados|Earthquake|p1a: Toxapex
|-supereffective|p1a: Toxapex
|-damage|p1a: Toxapex|0 fnt
|faint|p1a: Toxapex
|
|-fieldend|move: Electric Terrain
|upkeep
|c|☆Snake of the Moon|Yh im putting guillo
|
|t:|1661543055
|switch|p1a: Giratina|Giratina|67/100
|-ability|p1a: Giratina|Pressure
|turn|26
|
|t:|1661543061
|move|p2a: Gyarados|Crunch|p1a: Giratina
|-supereffective|p1a: Giratina
|-damage|p1a: Giratina|0 fnt
|faint|p1a: Giratina
|
|upkeep
|
|t:|1661543069
|switch|p1a: Dialga|Dialga|100/100
|-ability|p1a: Dialga|Pressure
|turn|27
|c|☆Glaliegoesboom|Oh
|c|☆Snake of the Moon|Wonder how he survived +2 Crunch
|c|☆Snake of the Moon|i wasnt max def
|
|t:|1661543095
|move|p1a: Dialga|Aura Sphere|p2a: Gyarados
|-supereffective|p2a: Gyarados
|-damage|p2a: Gyarados|5/100
|move|p2a: Gyarados|Earthquake|p1a: Dialga
|-supereffective|p1a: Dialga
|-damage|p1a: Dialga|0 fnt
|faint|p1a: Dialga
|
|win|Glaliegoesboom
|c|☆Glaliegoesboom|Ur faster?
|c|☆Snake of the Moon|O_o
|c|☆Snake of the Moon|U have no speed invest?
|c|☆Snake of the Moon|fml
|c|☆Glaliegoesboom|No i thought dialga was bulky
|c|☆Snake of the Moon|i had z move aura sphere
|c|☆Snake of the Moon|gg anyway
