|j|☆CLEAR GEM清瑜
|j|☆DrMario69
|t:|1663054878
|gametype|singles
|player|p1|CLEAR GEM清瑜|skierf|1854
|player|p2|DrMario69|101|1828
|teamsize|p1|6
|teamsize|p2|6
|gen|8
|tier|[Gen 8] National Dex AG
|rated|
|rule|HP Percentage Mod: HP is shown in percentages
|rule|Endless Battle Clause: Forcing endless battles is banned
|clearpoke
|poke|p1|Rayquaza|
|poke|p1|Groudon|
|poke|p1|Necrozma-Dusk-Mane|
|poke|p1|Arceus-*|
|poke|p1|Zacian-*|
|poke|p1|Yveltal|
|poke|p2|Groudon|
|poke|p2|Rayquaza|
|poke|p2|Zygarde|
|poke|p2|Arceus-*|
|poke|p2|Calyrex-Shadow|
|poke|p2|Arceus-*|
|teampreview
|inactive|Battle timer is ON: inactive players will automatically lose when time's up. (requested by CLEAR GEM清瑜)
|
|t:|1663054885
|start
|switch|p1a: Y鸟|Yveltal|100/100
|switch|p2a: Pneuma|Rayquaza|100/100
|-ability|p1a: Y鸟|Dark Aura
|-ability|p2a: Pneuma|Air Lock
|turn|1
|
|t:|1663054891
|detailschange|p2a: Pneuma|Rayquaza-Mega
|-mega|p2a: Pneuma|Rayquaza|
|-weather|DeltaStream|[from] ability: Delta Stream|[of] p2a: Pneuma
|move|p2a: Pneuma|Scale Shot|p1a: Y鸟
|-damage|p1a: Y鸟|80/100
|-damage|p1a: Y鸟|58/100
|-hitcount|p1a: Y鸟|2
|-unboost|p2a: Pneuma|def|1
|-boost|p2a: Pneuma|spe|1
|-damage|p2a: Pneuma|91/100|[from] item: Life Orb
|move|p1a: Y鸟|Dark Pulse|p2a: Pneuma
|-damage|p2a: Pneuma|19/100
|-damage|p1a: Y鸟|48/100|[from] item: Life Orb
|
|-weather|DeltaStream|[upkeep]
|upkeep
|turn|2
|
|t:|1663054905
|move|p2a: Pneuma|Dragon Ascent|p1a: Y鸟
|-damage|p1a: Y鸟|0 fnt
|-unboost|p2a: Pneuma|def|1
|-unboost|p2a: Pneuma|spd|1
|faint|p1a: Y鸟
|-damage|p2a: Pneuma|9/100|[from] item: Life Orb
|
|-weather|DeltaStream|[upkeep]
|upkeep
|
|t:|1663054907
|switch|p1a: 嘉然小姐的狗|Zacian-Crowned|100/100
|-ability|p1a: 嘉然小姐的狗|Intrepid Sword|boost
|-boost|p1a: 嘉然小姐的狗|atk|1
|turn|3
|
|t:|1663054910
|move|p1a: 嘉然小姐的狗|Quick Attack|p2a: Pneuma
|-damage|p2a: Pneuma|0 fnt
|faint|p2a: Pneuma
|-weather|none
|
|upkeep
|
|t:|1663054913
|switch|p2a: Pyra|Groudon|100/100
|detailschange|p2a: Pyra|Groudon-Primal
|-primal|p2a: Pyra
|-weather|DesolateLand|[from] ability: Desolate Land|[of] p2a: Pyra
|turn|4
|j| IDOLive
|
|t:|1663054918
|switch|p1a: 老烈|Rayquaza, shiny|100/100
|-ability|p1a: 老烈|Air Lock
|move|p2a: Pyra|Thunder Wave|p1a: 老烈
|-status|p1a: 老烈|par
|
|-weather|DesolateLand|[upkeep]
|upkeep
|turn|5
|
|t:|1663054924
|-weather|none
|switch|p2a: Shi Oh You|Zygarde, shiny|100/100
|detailschange|p1a: 老烈|Rayquaza-Mega, shiny
|-mega|p1a: 老烈|Rayquaza|
|-weather|DeltaStream|[from] ability: Delta Stream|[of] p1a: 老烈
|move|p1a: 老烈|Earthquake|p2a: Shi Oh You
|-damage|p2a: Shi Oh You|72/100
|
|-weather|DeltaStream|[upkeep]
|-heal|p2a: Shi Oh You|78/100|[from] item: Leftovers
|upkeep
|turn|6
|
|t:|1663054929
|move|p2a: Shi Oh You|Substitute|p2a: Shi Oh You
|-start|p2a: Shi Oh You|Substitute
|-damage|p2a: Shi Oh You|53/100
|move|p1a: 老烈|Dragon Ascent|p2a: Shi Oh You
|-end|p2a: Shi Oh You|Substitute
|-unboost|p1a: 老烈|def|1
|-unboost|p1a: 老烈|spd|1
|
|-weather|DeltaStream|[upkeep]
|-heal|p2a: Shi Oh You|60/100|[from] item: Leftovers
|upkeep
|turn|7
|
|t:|1663054934
|move|p2a: Shi Oh You|Substitute|p2a: Shi Oh You
|-start|p2a: Shi Oh You|Substitute
|-damage|p2a: Shi Oh You|35/100
|cant|p1a: 老烈|par
|
|-weather|DeltaStream|[upkeep]
|-heal|p2a: Shi Oh You|41/100|[from] item: Leftovers
|-activate|p2a: Shi Oh You|ability: Power Construct
|detailschange|p2a: Shi Oh You|Zygarde-Complete, shiny
|-heal|p2a: Shi Oh You|61/100|[silent]
|upkeep
|turn|8
|
|t:|1663054936
|move|p2a: Shi Oh You|Coil|p2a: Shi Oh You
|-boost|p2a: Shi Oh You|atk|1
|-boost|p2a: Shi Oh You|def|1
|-boost|p2a: Shi Oh You|accuracy|1
|move|p1a: 老烈|Dragon Dance|p1a: 老烈
|-boost|p1a: 老烈|atk|1
|-boost|p1a: 老烈|spe|1
|
|-weather|DeltaStream|[upkeep]
|-heal|p2a: Shi Oh You|67/100|[from] item: Leftovers
|upkeep
|turn|9
|
|t:|1663054941
|-weather|none
|switch|p1a: 不会(?)|Groudon|100/100
|detailschange|p1a: 不会(?)|Groudon-Primal
|-primal|p1a: 不会(?)
|-weather|DesolateLand|[from] ability: Desolate Land|[of] p1a: 不会(?)
|move|p2a: Shi Oh You|Thousand Arrows|p1a: 不会(?)
|-supereffective|p1a: 不会(?)
|-damage|p1a: 不会(?)|47/100
|
|-weather|DesolateLand|[upkeep]
|-heal|p2a: Shi Oh You|73/100|[from] item: Leftovers
|upkeep
|turn|10
|
|t:|1663054943
|move|p2a: Shi Oh You|Thousand Arrows|p1a: 不会(?)
|-supereffective|p1a: 不会(?)
|-damage|p1a: 不会(?)|0 fnt
|faint|p1a: 不会(?)
|-weather|none
|
|-heal|p2a: Shi Oh You|79/100|[from] item: Leftovers
|upkeep
|
|t:|1663054948
|switch|p1a: 悬空羊驼|Arceus-Flying|100/100
|turn|11
|
|t:|1663054953
|-start|p1a: 悬空羊驼|Dynamax|
|-heal|p1a: 悬空羊驼|100/100|[silent]
|move|p1a: 悬空羊驼|Max Airstream|p2a: Shi Oh You
|-end|p2a: Shi Oh You|Substitute
|-boost|p1a: 悬空羊驼|spe|1
|move|p2a: Shi Oh You|Glare|p1a: 悬空羊驼
|-status|p1a: 悬空羊驼|par
|
|-heal|p2a: Shi Oh You|86/100|[from] item: Leftovers
|upkeep
|turn|12
|
|t:|1663054959
|move|p1a: 悬空羊驼|Max Airstream|p2a: Shi Oh You
|-damage|p2a: Shi Oh You|42/100
|-boost|p1a: 悬空羊驼|spe|1
|move|p2a: Shi Oh You|Substitute|p2a: Shi Oh You
|-start|p2a: Shi Oh You|Substitute
|-damage|p2a: Shi Oh You|17/100
|
|-heal|p2a: Shi Oh You|23/100|[from] item: Leftovers
|upkeep
|turn|13
|-message|CLEAR GEM清瑜 forfeited.
|
|win|DrMario69
|raw|CLEAR GEM清瑜's rating: 1854 &rarr; <strong>1833</strong><br />(-21 for losing)
|raw|DrMario69's rating: 1828 &rarr; <strong>1849</strong><br />(+21 for winning)
|l|☆CLEAR GEM清瑜
