|j|☆kabbokaka
|j|☆TaxFraud094
|inactive|Battle timer is ON: inactive players will automatically lose when time's up.
|t:|1668615732
|gametype|singles
|player|p1|kabbokaka|101|
|player|p2|TaxFraud094|acetrainerf-gen4|
|teamsize|p1|6
|teamsize|p2|6
|gen|8
|tier|[Gen 8] National Dex AG
|rated|Tournament battle
|rule|HP Percentage Mod: HP is shown in percentages
|rule|Endless Battle Clause: Forcing endless battles is banned
|rule|Inverse Mod: Weaknesses become resistances, while resistances and immunities become weaknesses.
|clearpoke
|poke|p1|Mewtwo|
|poke|p1|Necrozma-Dusk-Mane|
|poke|p1|Ho-Oh|
|poke|p1|Eternatus|
|poke|p1|Zygarde|
|poke|p1|Arceus-*|
|poke|p2|Arceus-*|
|poke|p2|Arceus-*|
|poke|p2|Arceus-*|
|poke|p2|Arceus-*|
|poke|p2|Ditto|
|poke|p2|Excadrill, F|
|teampreview
|j|*Lady Monita ☽
|inactive|TaxFraud094 also wants the timer to be on.
|j| kid1318
|c|☆TaxFraud094|glhf
|j|%shadowmaster67 89
|c|☆kabbokaka|gl
|
|t:|1668615750
|start
|switch|p1a: Necrozma|Necrozma-Dusk-Mane|100/100
|switch|p2a: Excadrill|Excadrill, F|100/100
|-ability|p2a: Excadrill|Mold Breaker
|turn|1
|
|t:|1668615758
|move|p2a: Excadrill|Stealth Rock|p1a: Necrozma
|-sidestart|p1: kabbokaka|move: Stealth Rock
|move|p1a: Necrozma|Stealth Rock|p2a: Excadrill
|-sidestart|p2: TaxFraud094|move: Stealth Rock
|
|upkeep
|turn|2
|
|t:|1668615762
|move|p2a: Excadrill|Rapid Spin|p1a: Necrozma
|-supereffective|p1a: Necrozma
|-damage|p1a: Necrozma|85/100
|-boost|p2a: Excadrill|spe|1
|-sideend|p2: TaxFraud094|Stealth Rock|[from] move: Rapid Spin|[of] p2a: Excadrill
|move|p1a: Necrozma|Thunder Wave|p2a: Excadrill
|-status|p2a: Excadrill|par
|
|upkeep
|turn|3
|
|t:|1668615782
|move|p2a: Excadrill|Rock Tomb|p1a: Necrozma
|-supereffective|p1a: Necrozma
|-damage|p1a: Necrozma|67/100
|-unboost|p1a: Necrozma|spe|1
|move|p1a: Necrozma|Sunsteel Strike|p2a: Excadrill
|-supereffective|p2a: Excadrill
|-enditem|p2a: Excadrill|Focus Sash
|-damage|p2a: Excadrill|1/100 par
|
|upkeep
|turn|4
|
|t:|1668615794
|move|p2a: Excadrill|Rock Tomb|p1a: Necrozma
|-supereffective|p1a: Necrozma
|-damage|p1a: Necrozma|49/100
|-unboost|p1a: Necrozma|spe|1
|move|p1a: Necrozma|Sunsteel Strike|p2a: Excadrill
|-supereffective|p2a: Excadrill
|-damage|p2a: Excadrill|0 fnt
|faint|p2a: Excadrill
|
|upkeep
|
|t:|1668615805
|switch|p2a: Arceus|Arceus|100/100
|turn|5
|
|t:|1668615813
|move|p2a: Arceus|Swords Dance|p2a: Arceus
|-boost|p2a: Arceus|atk|2
|move|p1a: Necrozma|Morning Sun|p1a: Necrozma
|-heal|p1a: Necrozma|99/100
|
|upkeep
|turn|6
|
|t:|1668615835
|move|p2a: Arceus|Extreme Speed|p1a: Necrozma
|-supereffective|p1a: Necrozma
|-damage|p1a: Necrozma|23/100
|move|p1a: Necrozma|Sunsteel Strike|p2a: Arceus
|-damage|p2a: Arceus|68/100
|
|upkeep
|turn|7
|
|t:|1668615847
|move|p2a: Arceus|Extreme Speed|p1a: Necrozma
|-supereffective|p1a: Necrozma
|-damage|p1a: Necrozma|0 fnt
|faint|p1a: Necrozma
|
|upkeep
|
|t:|1668615864
|switch|p1a: Arceus|Arceus-Ghost|100/100
|-damage|p1a: Arceus|88/100|[from] Stealth Rock
|turn|8
|
|t:|1668615870
|move|p2a: Arceus|Extreme Speed|p1a: Arceus
|-supereffective|p1a: Arceus
|-damage|p1a: Arceus|0 fnt
|faint|p1a: Arceus
|
|upkeep
|
|t:|1668615880
|switch|p1a: Zygarde|Zygarde|100/100
|-damage|p1a: Zygarde|76/100|[from] Stealth Rock
|turn|9
|j| ParththeTriumphant
|
|t:|1668615892
|move|p1a: Zygarde|Substitute|p1a: Zygarde
|-start|p1a: Zygarde|Substitute
|-damage|p1a: Zygarde|51/100
|move|p2a: Arceus|Poison Jab|p1a: Zygarde
|-supereffective|p1a: Zygarde
|-end|p1a: Zygarde|Substitute
|
|-heal|p1a: Zygarde|57/100|[from] item: Leftovers
|upkeep
|turn|10
|
|t:|1668615906
|move|p1a: Zygarde|Substitute|p1a: Zygarde
|-start|p1a: Zygarde|Substitute
|-damage|p1a: Zygarde|32/100
|move|p2a: Arceus|Poison Jab|p1a: Zygarde
|-supereffective|p1a: Zygarde
|-end|p1a: Zygarde|Substitute
|
|-heal|p1a: Zygarde|38/100|[from] item: Leftovers
|-activate|p1a: Zygarde|ability: Power Construct
|detailschange|p1a: Zygarde|Zygarde-Complete
|-heal|p1a: Zygarde|61/100|[silent]
|upkeep
|turn|11
|l| ParththeTriumphant
|inactive|kabbokaka has 120 seconds left.
|
|t:|1668615929
|move|p2a: Arceus|Poison Jab|p1a: Zygarde
|-supereffective|p1a: Zygarde
|-damage|p1a: Zygarde|10/100
|-status|p1a: Zygarde|psn
|move|p1a: Zygarde|Substitute|p1a: Zygarde
|-fail|p1a: Zygarde|move: Substitute|[weak]
|
|-heal|p1a: Zygarde|16/100 psn|[from] item: Leftovers
|-damage|p1a: Zygarde|4/100 psn|[from] psn
|upkeep
|turn|12
|inactive|kabbokaka has 120 seconds left.
|
|t:|1668615945
|move|p2a: Arceus|Swords Dance|p2a: Arceus
|-boost|p2a: Arceus|atk|2
|move|p1a: Zygarde|Thousand Arrows|p2a: Arceus
|-damage|p2a: Arceus|42/100
|
|-heal|p1a: Zygarde|10/100 psn|[from] item: Leftovers
|-damage|p1a: Zygarde|0 fnt|[from] psn
|faint|p1a: Zygarde
|upkeep
|j| 1hfkqhwhrelk
|inactive|kabbokaka has 120 seconds left.
|
|t:|1668615956
|switch|p1a: Eternatus|Eternatus|100/100
|-damage|p1a: Eternatus|88/100|[from] Stealth Rock
|-ability|p1a: Eternatus|Pressure
|turn|13
|inactive|kabbokaka has 120 seconds left.
|
|t:|1668615964
|move|p2a: Arceus|Extreme Speed|p1a: Eternatus
|-damage|p1a: Eternatus|0 fnt
|faint|p1a: Eternatus
|
|upkeep
|inactive|kabbokaka has 120 seconds left.
|
|t:|1668615970
|switch|p1a: Ho-Oh|Ho-Oh|100/100
|turn|14
|l| 1hfkqhwhrelk
|c|☆kabbokaka|why is extremespeed so broken
|inactive|TaxFraud094 has 120 seconds left.
|
|t:|1668616006
|move|p2a: Arceus|Extreme Speed|p1a: Ho-Oh
|-damage|p1a: Ho-Oh|10/100
|move|p1a: Ho-Oh|Whirlwind|p2a: Arceus
|drag|p2a: Arceus|Arceus|100/100
|
|upkeep
|turn|15
|
|t:|1668616015
|move|p2a: Arceus|Extreme Speed|p1a: Ho-Oh
|-damage|p1a: Ho-Oh|0 fnt
|faint|p1a: Ho-Oh
|
|upkeep
|
|t:|1668616020
|switch|p1a: Mewtwo|Mewtwo|100/100
|-damage|p1a: Mewtwo|88/100|[from] Stealth Rock
|-ability|p1a: Mewtwo|Pressure
|turn|16
|c|☆TaxFraud094|EKiller in inverse is just dumb
|c|☆TaxFraud094|nothing resists espeed
|inactive|TaxFraud094 has 120 seconds left.
|
|t:|1668616043
|detailschange|p1a: Mewtwo|Mewtwo-Mega-Y
|-mega|p1a: Mewtwo|Mewtwo|Mewtwonite Y
|move|p2a: Arceus|Extreme Speed|p1a: Mewtwo
|-damage|p1a: Mewtwo|36/100
|move|p1a: Mewtwo|Psystrike|p2a: Arceus
|-damage|p2a: Arceus|49/100
|
|upkeep
|turn|17
|c|☆TaxFraud094|gg
|inactive|kabbokaka has 120 seconds left.
|
|t:|1668616059
|move|p2a: Arceus|Extreme Speed|p1a: Mewtwo
|-damage|p1a: Mewtwo|0 fnt
|faint|p1a: Mewtwo
|
|win|TaxFraud094
|n|☆kabbokaka|kabbokaka
|n|☆TaxFraud094|taxfraud094
|n|*Lady Monita ☽|ladymonita
|n| kid1318|kid1318
|n| shadowmaster67 89|shadowmaster6789
