|j|☆BigDuckie
|j|☆Karl1111
|player|p1|BigDuckie|colress|1301
|player|p2|Karl1111|lucas|1249
|teamsize|p1|6
|teamsize|p2|6
|gametype|singles
|gen|8
|tier|[Gen 8] National Dex AG
|rated|
|clearpoke
|poke|p1|Dracovish|
|poke|p1|Zacian-Crowned|
|poke|p1|Charizard, M|
|poke|p1|Tapu Bulu|
|poke|p1|Rayquaza|
|poke|p1|Shuckle, M|
|poke|p2|Gardevoir, F|
|poke|p2|Muk-Alola, M|
|poke|p2|Scolipede, F|
|poke|p2|Incineroar, F|
|poke|p2|Toxapex, F|
|poke|p2|Espeon, F|
|rule|HP Percentage Mod: HP is shown in percentages
|rule|Endless Battle Clause: Forcing endless battles is banned
|teampreview
|inactive|Battle timer is ON: inactive players will automatically lose when time's up. (requested by BigDuckie)
|
|start
|switch|p1a: Shuckle|Shuckle, M|100/100
|switch|p2a: Toxapex|Toxapex, F|100/100
|turn|1
|
|move|p2a: Toxapex|Toxic|p1a: Shuckle
|-status|p1a: Shuckle|tox
|move|p1a: Shuckle|Sticky Web|p2a: Toxapex
|-sidestart|p2: Karl1111|move: Sticky Web
|
|-damage|p1a: Shuckle|94/100 tox|[from] psn
|upkeep
|turn|2
|
|switch|p2a: Espeon|Espeon, F|100/100
|-activate|p2a: Espeon|move: Sticky Web
|-unboost|p2a: Espeon|spe|1
|move|p1a: Shuckle|Stealth Rock|p2a: Espeon
|move|p2a: Espeon|Stealth Rock|p1a: Shuckle|[from]Magic Bounce
|-sidestart|p1: BigDuckie|move: Stealth Rock
|
|-damage|p1a: Shuckle|82/100 tox|[from] psn
|upkeep
|turn|3
|
|move|p2a: Espeon|Calm Mind|p2a: Espeon
|-boost|p2a: Espeon|spa|1
|-boost|p2a: Espeon|spd|1
|move|p1a: Shuckle|Knock Off|p2a: Espeon
|-supereffective|p2a: Espeon
|-damage|p2a: Espeon|86/100
|-enditem|p2a: Espeon|Leftovers|[from] move: Knock Off|[of] p1a: Shuckle
|
|-damage|p1a: Shuckle|63/100 tox|[from] psn
|upkeep
|turn|4
|
|switch|p1a: Dracovish|Dracovish|100/100
|-damage|p1a: Dracovish|88/100|[from] Stealth Rock
|move|p2a: Espeon|Calm Mind|p2a: Espeon
|-boost|p2a: Espeon|spa|1
|-boost|p2a: Espeon|spd|1
|
|upkeep
|turn|5
|c|☆Karl1111|!data dacovish
No Pokémon, item, move, ability or nature named 'dacovish' was found. Showing the data of 'Dracovish' instead.
|raw|<div class="message"><ul class="utilichart"><li class="result"><span class="col numcol">882</span> <span class="col iconcol"><psicon pokemon="dracovish"/></span> <span class="col pokemonnamecol" style="white-space:nowrap"><a href="https://dex.pokemonshowdown.com/pokemon/dracovish" target="_blank">Dracovish</a></span> <span class="col typecol"><img src="https://play.pokemonshowdown.com/sprites/types/Water.png" alt="Water" height="14" width="32"><img src="https://play.pokemonshowdown.com/sprites/types/Dragon.png" alt="Dragon" height="14" width="32"></span> <span style="float:left;min-height:26px"><span class="col twoabilitycol">Water Absorb<br />Strong Jaw</span><span class="col abilitycol unreleasedhacol"><em>Sand Rush</em></span></span><span style="float:left;min-height:26px"><span class="col statcol"><em>HP</em><br />90</span> <span class="col statcol"><em>Atk</em><br />90</span> <span class="col statcol"><em>Def</em><br />100</span> <span class="col statcol"><em>SpA</em><br />70</span> <span class="col statcol"><em>SpD</em><br />80</span> <span class="col statcol"><em>Spe</em><br />75</span> <span class="col bstcol"><em>BST<br />505</em></span> </span></li><li style="clear:both"></li></ul></div>
|raw|<font size="1"></font>

|
|move|p1a: Dracovish|Fishious Rend|p2a: Espeon
|-damage|p2a: Espeon|0 fnt
|faint|p2a: Espeon
|
|upkeep
|inactive|Karl1111 has 120 seconds left.
|c|☆Karl1111|!data fishius_rend
No Pokémon, item, move, ability or nature named 'fishius_rend' was found. Showing the data of 'Fishious Rend' instead.
|raw|<ul class="utilichart"><li class="result"><span class="col movenamecol"><a href="https://dex.pokemonshowdown.com/moves/fishiousrend">Fishious Rend</a></span> <span class="col typecol"><img src="//play.pokemonshowdown.com/sprites/types/Water.png" alt="Water" width="32" height="14"><img src="//play.pokemonshowdown.com/sprites/categories/Physical.png" alt="Physical" width="32" height="14"></span> <span class="col labelcol"><em>Power</em><br>85</span> <span class="col widelabelcol"><em>Accuracy</em><br>100%</span> <span class="col pplabelcol"><em>PP</em><br>16</span> <span class="col movedesccol">Power doubles if user moves before the target.</span> </li><li style="clear:both"></li></ul>
|raw|<font size="1"></font>

|
|switch|p2a: Toxapex|Toxapex, F|100/100
|-activate|p2a: Toxapex|move: Sticky Web
|-unboost|p2a: Toxapex|spe|1
|turn|6
|
|switch|p1a: Zacian|Zacian-Crowned|100/100
|-damage|p1a: Zacian|94/100|[from] Stealth Rock
|-ability|p1a: Zacian|Intrepid Sword|boost
|-boost|p1a: Zacian|atk|1
|move|p2a: Toxapex|Toxic|p1a: Zacian
|-immune|p1a: Zacian
|
|upkeep
|turn|7
|
|move|p1a: Zacian|Swords Dance|p1a: Zacian
|-boost|p1a: Zacian|atk|2
|move|p2a: Toxapex|Haze|p2a: Toxapex
|-clearallboost
|
|upkeep
|turn|8
|
|move|p1a: Zacian|Swords Dance|p1a: Zacian
|-boost|p1a: Zacian|atk|2
|move|p2a: Toxapex|Scald|p1a: Zacian
|-damage|p1a: Zacian|80/100
|
|upkeep
|turn|9
|
|move|p1a: Zacian|Play Rough|p2a: Toxapex
|-resisted|p2a: Toxapex
|-damage|p2a: Toxapex|65/100
|-damage|p1a: Zacian|63/100|[from] item: Rocky Helmet|[of] p2a: Toxapex
|move|p2a: Toxapex|Haze|p2a: Toxapex
|-clearallboost
|
|upkeep
|turn|10
|
|move|p1a: Zacian|Behemoth Blade|p2a: Toxapex
|-resisted|p2a: Toxapex
|-damage|p2a: Toxapex|46/100
|-damage|p1a: Zacian|46/100|[from] item: Rocky Helmet|[of] p2a: Toxapex
|move|p2a: Toxapex|Scald|p1a: Zacian
|-crit|p1a: Zacian
|-damage|p1a: Zacian|25/100
|-status|p1a: Zacian|brn
|
|-damage|p1a: Zacian|19/100 brn|[from] brn
|upkeep
|turn|11
|
|switch|p2a: Scolipede|Scolipede, F|100/100
|-activate|p2a: Scolipede|move: Sticky Web
|-unboost|p2a: Scolipede|spe|1
|move|p1a: Zacian|Sacred Sword|p2a: Scolipede
|-resisted|p2a: Scolipede
|-damage|p2a: Scolipede|94/100
|
|-damage|p1a: Zacian|13/100 brn|[from] brn
|upkeep
|turn|12
|
|move|p1a: Zacian|Behemoth Blade|p2a: Scolipede
|-crit|p2a: Scolipede
|-damage|p2a: Scolipede|25/100
|move|p2a: Scolipede|Swords Dance|p2a: Scolipede
|-boost|p2a: Scolipede|atk|2
|
|-damage|p1a: Zacian|7/100 brn|[from] brn
|-ability|p2a: Scolipede|Speed Boost|boost
|-boost|p2a: Scolipede|spe|1
|upkeep
|turn|13
|
|move|p2a: Scolipede|Protect|p2a: Scolipede
|-singleturn|p2a: Scolipede|Protect
|move|p1a: Zacian|Behemoth Blade|p2a: Scolipede
|-activate|p2a: Scolipede|move: Protect
|
|-damage|p1a: Zacian|0 fnt|[from] brn
|faint|p1a: Zacian
|-ability|p2a: Scolipede|Speed Boost|boost
|-boost|p2a: Scolipede|spe|1
|upkeep
|
|switch|p1a: Dracovish|Dracovish|88/100
|-damage|p1a: Dracovish|76/100|[from] Stealth Rock
|turn|14
|c|☆Karl1111|!weak dracofish
|html|<div class="infobox">dracofish isn't a recognized type or Pokemon.</div>
|c|☆Karl1111|!weak dracovish
|html|<div class="infobox">Dracovish (ignoring abilities):<br /><span class="message-effect-weak">Weaknesses</span>: Dragon, Fairy<br /><span class="message-effect-resist">Resistances</span>: <b>Fire</b>, Steel, <b>Water</b><br /><span class="message-effect-immune">Immunities</span>: <font color=#999999>None</font></div>
|
|move|p2a: Scolipede|Poison Jab|p1a: Dracovish
|-damage|p1a: Dracovish|0 fnt
|faint|p1a: Dracovish
|
|-ability|p2a: Scolipede|Speed Boost|boost
|-boost|p2a: Scolipede|spe|1
|upkeep
|
|switch|p1a: Rayquaza|Rayquaza|100/100
|-damage|p1a: Rayquaza|76/100|[from] Stealth Rock
|-ability|p1a: Rayquaza|Air Lock
|turn|15
|
|detailschange|p1a: Rayquaza|Rayquaza-Mega
|-mega|p1a: Rayquaza|Rayquaza|
|-weather|DeltaStream|[from] ability: Delta Stream|[of] p1a: Rayquaza
|move|p1a: Rayquaza|Extreme Speed|p2a: Scolipede
|-damage|p2a: Scolipede|0 fnt
|faint|p2a: Scolipede
|
|-weather|DeltaStream|[upkeep]
|-heal|p1a: Rayquaza|82/100|[from] item: Leftovers
|upkeep
|
|switch|p2a: Gardevoir|Gardevoir, F|100/100
|-activate|p2a: Gardevoir|move: Sticky Web
|-unboost|p2a: Gardevoir|spe|1
|-ability|p2a: Gardevoir|Delta Stream|[from] ability: Trace|[of] p1a: Rayquaza
|turn|16
|c|☆Karl1111|!data delta_stream
|raw|<ul class="utilichart"><li class="result"><span class="col namecol"><a href="https://dex.pokemonshowdown.com/abilities/deltastream">Delta Stream</a></span> <span class="col abilitydesccol">On switch-in, strong winds begin until this Ability is not active in battle.</span> </li><li style="clear:both"></li></ul>
|raw|<font size="1"></font>

|
|detailschange|p2a: Gardevoir|Gardevoir-Mega, F
|-mega|p2a: Gardevoir|Gardevoir|Gardevoirite
|move|p1a: Rayquaza|Dragon Ascent|p2a: Gardevoir
|-damage|p2a: Gardevoir|20/100
|-unboost|p1a: Rayquaza|def|1
|-unboost|p1a: Rayquaza|spd|1
|move|p2a: Gardevoir|Hyper Voice|p1a: Rayquaza
|-supereffective|p1a: Rayquaza
|-damage|p1a: Rayquaza|0 fnt
|faint|p1a: Rayquaza
|-weather|none
|
|upkeep
|
|switch|p1a: Charizard|Charizard, M|100/100
|-damage|p1a: Charizard|51/100|[from] Stealth Rock
|turn|17
|
|-start|p1a: Charizard|Dynamax
|-formechange|p1a: Charizard|Charizard-Gmax
|-heal|p1a: Charizard|51/100|[silent]
|move|p1a: Charizard|G-Max Wildfire|p2a: Gardevoir
|-damage|p2a: Gardevoir|0 fnt
|-sidestart|p2: Karl1111|G-Max Wildfire
|-damage|p1a: Charizard|46/100|[from] item: Life Orb
|faint|p2a: Gardevoir
|
|upkeep
|
|switch|p2a: Toxapex|Toxapex, F|79/100
|-activate|p2a: Toxapex|move: Sticky Web
|-unboost|p2a: Toxapex|spe|1
|turn|18
|c|☆BigDuckie|!weak toxapex
|html|<div class="infobox">Toxapex (ignoring abilities):<br /><span class="message-effect-weak">Weaknesses</span>: Electric, Ground, Psychic<br /><span class="message-effect-resist">Resistances</span>: Bug, Fairy, Fighting, Fire, Ice, Poison, Steel, Water<br /><span class="message-effect-immune">Immunities</span>: <font color=#999999>None</font></div>
|inactive|BigDuckie has 120 seconds left.
|
|move|p1a: Charizard|Max Wyrmwind|p2a: Toxapex
|-damage|p2a: Toxapex|58/100
|-unboost|p2a: Toxapex|atk|1
|-damage|p1a: Charizard|41/100|[from] item: Life Orb
|move|p2a: Toxapex|Toxic|p1a: Charizard
|-status|p1a: Charizard|tox
|
|-damage|p2a: Toxapex|42/100|[from] G-Max Wildfire
|-damage|p1a: Charizard|38/100 tox|[from] psn
|upkeep
|turn|19
|inactive|BigDuckie has 120 seconds left.
|
|move|p2a: Toxapex|Baneful Bunker|p2a: Toxapex
|-singleturn|p2a: Toxapex|move: Protect
|move|p1a: Charizard|Max Airstream|p2a: Toxapex
|-zbroken|p2a: Toxapex
|-damage|p2a: Toxapex|25/100
|-boost|p1a: Charizard|spe|1
|-damage|p1a: Charizard|33/100 tox|[from] item: Life Orb
|
|-damage|p2a: Toxapex|9/100|[from] G-Max Wildfire
|-damage|p1a: Charizard|27/100 tox|[from] psn
|-end|p1a: Charizard|Dynamax
|-formechange|p1a: Charizard|Charizard
|-heal|p1a: Charizard|27/100 tox|[silent]
|upkeep
|turn|20
|inactive|Karl1111 has 120 seconds left.
|
|switch|p2a: Muk|Muk-Alola, M|100/100
|-activate|p2a: Muk|move: Sticky Web
|-unboost|p2a: Muk|spe|1
|move|p1a: Charizard|Air Slash|p2a: Muk
|-damage|p2a: Muk|73/100
|-damage|p1a: Charizard|17/100 tox|[from] item: Life Orb
|
|-damage|p2a: Muk|57/100|[from] G-Max Wildfire
|-sideend|p2: Karl1111|G-Max Wildfire
|-damage|p1a: Charizard|0 fnt|[from] psn
|faint|p1a: Charizard
|upkeep
|inactive|BigDuckie has 120 seconds left.
|
|switch|p1a: Tapu Bulu|Tapu Bulu|100/100
|-damage|p1a: Tapu Bulu|88/100|[from] Stealth Rock
|-fieldstart|move: Grassy Terrain|[from] ability: Grassy Surge|[of] p1a: Tapu Bulu
|turn|21
|inactive|BigDuckie has 120 seconds left.
|
|move|p1a: Tapu Bulu|Dazzling Gleam|p2a: Muk
|-damage|p2a: Muk|43/100
|move|p2a: Muk|Poison Jab|p1a: Tapu Bulu
|-supereffective|p1a: Tapu Bulu
|-damage|p1a: Tapu Bulu|0 fnt
|faint|p1a: Tapu Bulu
|
|-heal|p2a: Muk|49/100|[from] Grassy Terrain
|upkeep
|
|switch|p1a: Shuckle|Shuckle, M|63/100 tox
|-damage|p1a: Shuckle|39/100 tox|[from] Stealth Rock
|-enditem|p1a: Shuckle|Aguav Berry|[eat]
|-heal|p1a: Shuckle|72/100 tox|[from] item: Aguav Berry
|turn|22
|
|move|p2a: Muk|Poison Jab|p1a: Shuckle
|-resisted|p1a: Shuckle
|-damage|p1a: Shuckle|60/100 tox
|move|p1a: Shuckle|Rest|p1a: Shuckle
|-status|p1a: Shuckle|slp|[from] move: Rest
|-heal|p1a: Shuckle|100/100 slp|[silent]
|
|-heal|p2a: Muk|55/100|[from] Grassy Terrain
|upkeep
|turn|23
|
|move|p2a: Muk|Poison Jab|p1a: Shuckle
|-resisted|p1a: Shuckle
|-damage|p1a: Shuckle|88/100 slp
|cant|p1a: Shuckle|slp
|
|-heal|p2a: Muk|61/100|[from] Grassy Terrain
|-heal|p1a: Shuckle|94/100 slp|[from] Grassy Terrain
|upkeep
|turn|24
|
|move|p2a: Muk|Poison Jab|p1a: Shuckle
|-resisted|p1a: Shuckle
|-damage|p1a: Shuckle|82/100 slp
|cant|p1a: Shuckle|slp
|
|-heal|p2a: Muk|67/100|[from] Grassy Terrain
|-heal|p1a: Shuckle|88/100 slp|[from] Grassy Terrain
|upkeep
|turn|25
|
|move|p2a: Muk|Poison Jab|p1a: Shuckle
|-resisted|p1a: Shuckle
|-damage|p1a: Shuckle|75/100 slp
|-curestatus|p1a: Shuckle|slp|[msg]
|move|p1a: Shuckle|Knock Off|p2a: Muk
|-resisted|p2a: Muk
|-damage|p2a: Muk|64/100
|-enditem|p2a: Muk|Assault Vest|[from] move: Knock Off|[of] p1a: Shuckle
|
|-heal|p2a: Muk|70/100|[from] Grassy Terrain
|-heal|p1a: Shuckle|82/100|[from] Grassy Terrain
|-fieldend|move: Grassy Terrain
|upkeep
|turn|26
|
|move|p2a: Muk|Poison Jab|p1a: Shuckle
|-resisted|p1a: Shuckle
|-damage|p1a: Shuckle|70/100
|-status|p1a: Shuckle|psn
|move|p1a: Shuckle|Knock Off|p2a: Muk
|-resisted|p2a: Muk
|-damage|p2a: Muk|68/100
|
|-damage|p1a: Shuckle|58/100 psn|[from] psn
|upkeep
|turn|27
|
|switch|p2a: Incineroar|Incineroar, F|100/100
|-ability|p2a: Incineroar|Intimidate|boost
|-unboost|p1a: Shuckle|atk|1
|move|p1a: Shuckle|Rest|p1a: Shuckle
|-status|p1a: Shuckle|slp|[from] move: Rest
|-heal|p1a: Shuckle|100/100 slp|[silent]
|
|upkeep
|turn|28
|
|move|p2a: Incineroar|Bulk Up|p2a: Incineroar
|-boost|p2a: Incineroar|atk|1
|-boost|p2a: Incineroar|def|1
|cant|p1a: Shuckle|slp
|
|upkeep
|turn|29
|
|move|p2a: Incineroar|Bulk Up|p2a: Incineroar
|-boost|p2a: Incineroar|atk|1
|-boost|p2a: Incineroar|def|1
|cant|p1a: Shuckle|slp
|
|upkeep
|turn|30
|
|move|p2a: Incineroar|Bulk Up|p2a: Incineroar
|-boost|p2a: Incineroar|atk|1
|-boost|p2a: Incineroar|def|1
|-curestatus|p1a: Shuckle|slp|[msg]
|move|p1a: Shuckle|Knock Off|p2a: Incineroar
|-resisted|p2a: Incineroar
|-damage|p2a: Incineroar|99/100
|-enditem|p2a: Incineroar|Heavy-Duty Boots|[from] move: Knock Off|[of] p1a: Shuckle
|
|upkeep
|turn|31
|-message|BigDuckie forfeited.
|
|win|Karl1111
|l|☆BigDuckie
