|j|☆dasort
|j|☆OUTZ JTeFaisMal
|player|p1|dasort|marlon|
|player|p2|OUTZ JTeFaisMal|29|
|teamsize|p1|6
|teamsize|p2|6
|gametype|singles
|gen|8
|tier|[Gen 8] National Dex AG
|rated|Tournament battle
|clearpoke
|poke|p1|Zacian|
|poke|p1|Xerneas|
|poke|p1|Ditto|
|poke|p1|Arceus-*|
|poke|p1|Necrozma-Dusk-Mane|
|poke|p1|Zygarde|
|poke|p2|Ho-Oh|
|poke|p2|Necrozma-Dusk-Mane|
|poke|p2|Arceus-*|
|poke|p2|Xerneas|
|poke|p2|Naganadel|
|poke|p2|Rayquaza|
|rule|HP Percentage Mod: HP is shown in percentages
|rule|Endless Battle Clause: Forcing endless battles is banned
|teampreview
|j| notfaironanybody
|c|☆OUTZ JTeFaisMal|gl hf
|c|☆dasort|u2
|j| Birds30
|j| Yashyashashketchjm
|j| PikachuPierre
|c| Yashyashashketchjm|Nagandel?
|
|start
|switch|p1a: Arceus|Arceus-Ground|100/100
|switch|p2a: EZ|Arceus-Ground|100/100
|turn|1
|l| PikachuPierre
|
|move|p2a: EZ|Judgment|p1a: Arceus
|-damage|p1a: Arceus|62/100
|move|p1a: Arceus|Ice Beam|p2a: EZ
|-supereffective|p2a: EZ
|-damage|p2a: EZ|66/100
|-status|p2a: EZ|frz
|
|upkeep
|turn|2
|
|cant|p2a: EZ|frz
|move|p1a: Arceus|Ice Beam|p2a: EZ
|-supereffective|p2a: EZ
|-damage|p2a: EZ|33/100 frz
|
|upkeep
|turn|3
|c| Birds30|Nice hax comes back around
|c| notfaironanybody|lmao
|
|cant|p2a: EZ|frz
|move|p1a: Arceus|Ice Beam|p2a: EZ
|-supereffective|p2a: EZ
|-damage|p2a: EZ|0 fnt
|faint|p2a: EZ
|
|upkeep
|c| Birds30|Love to see it
|
|switch|p2a: Albert de Terre|Rayquaza, shiny|100/100
|-ability|p2a: Albert de Terre|Air Lock
|turn|4
|
|detailschange|p2a: Albert de Terre|Rayquaza-Mega, shiny
|-mega|p2a: Albert de Terre|Rayquaza|
|-weather|DeltaStream|[from] ability: Delta Stream|[of] p2a: Albert de Terre
|move|p2a: Albert de Terre|Dragon Ascent|p1a: Arceus
|-damage|p1a: Arceus|8/100
|-unboost|p2a: Albert de Terre|def|1
|-unboost|p2a: Albert de Terre|spd|1
|-damage|p2a: Albert de Terre|91/100|[from] item: Life Orb
|move|p1a: Arceus|Recover|p1a: Arceus
|-heal|p1a: Arceus|58/100
|
|-weather|DeltaStream|[upkeep]
|upkeep
|turn|5
|
|-weather|none
|switch|p2a: PIOU-PIOU|Ho-Oh|100/100
|move|p1a: Arceus|Ice Beam|p2a: PIOU-PIOU
|-damage|p2a: PIOU-PIOU|86/100
|
|upkeep
|turn|6
|c| Birds30|Ice beam?
|
|switch|p1a: Zygarde|Zygarde|100/100
|switch|p2a: Albert de Terre|Rayquaza-Mega, shiny|91/100
|-weather|DeltaStream|[from] ability: Delta Stream|[of] p2a: Albert de Terre
|
|-weather|DeltaStream|[upkeep]
|upkeep
|turn|7
|
|switch|p1a: Necrozma|Necrozma-Dusk-Mane|100/100
|move|p2a: Albert de Terre|Dragon Ascent|p1a: Necrozma
|-resisted|p1a: Necrozma
|-damage|p1a: Necrozma|69/100
|-unboost|p2a: Albert de Terre|def|1
|-unboost|p2a: Albert de Terre|spd|1
|-damage|p2a: Albert de Terre|81/100|[from] item: Life Orb
|
|-weather|DeltaStream|[upkeep]
|-heal|p1a: Necrozma|75/100|[from] item: Leftovers
|upkeep
|turn|8
|
|-weather|none
|switch|p2a: PIOU-PIOU|Ho-Oh|100/100
|switch|p1a: Arceus|Arceus-Ground|58/100
|
|upkeep
|turn|9
|
|switch|p1a: Zygarde|Zygarde|100/100
|move|p2a: PIOU-PIOU|Sacred Fire|p1a: Zygarde
|-resisted|p1a: Zygarde
|-damage|p1a: Zygarde|90/100
|-status|p1a: Zygarde|brn
|
|-heal|p1a: Zygarde|96/100 brn|[from] item: Leftovers
|-damage|p1a: Zygarde|90/100 brn|[from] brn
|upkeep
|turn|10
|
|move|p1a: Zygarde|Glare|p2a: PIOU-PIOU
|-status|p2a: PIOU-PIOU|par
|cant|p2a: PIOU-PIOU|par
|
|-heal|p1a: Zygarde|96/100 brn|[from] item: Leftovers
|-damage|p1a: Zygarde|90/100 brn|[from] brn
|upkeep
|turn|11
|
|switch|p2a: Bambie d'la téci|Xerneas|100/100
|-ability|p2a: Bambie d'la téci|Fairy Aura
|move|p1a: Zygarde|Coil|p1a: Zygarde
|-boost|p1a: Zygarde|atk|1
|-boost|p1a: Zygarde|def|1
|-boost|p1a: Zygarde|accuracy|1
|
|-heal|p1a: Zygarde|96/100 brn|[from] item: Leftovers
|-damage|p1a: Zygarde|90/100 brn|[from] brn
|upkeep
|turn|12
|
|switch|p2a: Dieu d'la 7g|Necrozma-Dusk-Mane|100/100
|switch|p1a: Necrozma|Necrozma-Dusk-Mane|75/100
|
|-heal|p1a: Necrozma|81/100|[from] item: Leftovers
|upkeep
|turn|13
|j| Ruppie
|
|move|p1a: Necrozma|Stealth Rock|p2a: Dieu d'la 7g
|-sidestart|p2: OUTZ JTeFaisMal|move: Stealth Rock
|move|p2a: Dieu d'la 7g|Trick Room|p2a: Dieu d'la 7g
|-fieldstart|move: Trick Room|[of] p2a: Dieu d'la 7g
|
|-heal|p1a: Necrozma|87/100|[from] item: Leftovers
|upkeep
|turn|14
|
|switch|p1a: Zygarde|Zygarde|90/100 brn
|move|p2a: Dieu d'la 7g|Earthquake|p1a: Zygarde
|-damage|p1a: Zygarde|66/100 brn
|
|-heal|p1a: Zygarde|73/100 brn|[from] item: Leftovers
|-damage|p1a: Zygarde|66/100 brn|[from] brn
|upkeep
|turn|15
|
|move|p2a: Dieu d'la 7g|Sunsteel Strike|p1a: Zygarde
|-damage|p1a: Zygarde|33/100 brn
|move|p1a: Zygarde|Glare|p2a: Dieu d'la 7g
|-status|p2a: Dieu d'la 7g|par
|
|-heal|p1a: Zygarde|39/100 brn|[from] item: Leftovers
|-damage|p1a: Zygarde|33/100 brn|[from] brn
|-activate|p1a: Zygarde|ability: Power Construct
|detailschange|p1a: Zygarde|Zygarde-Complete
|-heal|p1a: Zygarde|56/100 brn|[silent]
|upkeep
|turn|16
|
|move|p2a: Dieu d'la 7g|Sunsteel Strike|p1a: Zygarde
|-crit|p1a: Zygarde
|-damage|p1a: Zygarde|20/100 brn
|move|p1a: Zygarde|Coil|p1a: Zygarde
|-boost|p1a: Zygarde|atk|1
|-boost|p1a: Zygarde|def|1
|-boost|p1a: Zygarde|accuracy|1
|
|-heal|p1a: Zygarde|26/100 brn|[from] item: Leftovers
|-damage|p1a: Zygarde|20/100 brn|[from] brn
|upkeep
|turn|17
|c| Birds30|Lol crit
|
|move|p2a: Dieu d'la 7g|Sunsteel Strike|p1a: Zygarde
|-damage|p1a: Zygarde|6/100 brn
|move|p1a: Zygarde|Rest|p1a: Zygarde
|-status|p1a: Zygarde|slp|[from] move: Rest
|-heal|p1a: Zygarde|100/100 slp|[silent]
|
|-fieldend|move: Trick Room
|upkeep
|turn|18
|
|switch|p2a: Maya L'Abeille|Naganadel, shiny|100/100
|-damage|p2a: Maya L'Abeille|88/100|[from] Stealth Rock
|cant|p1a: Zygarde|slp
|
|upkeep
|turn|19
|
|switch|p1a: Arceus|Arceus-Ground|58/100
|move|p2a: Maya L'Abeille|Nasty Plot|p2a: Maya L'Abeille
|-boost|p2a: Maya L'Abeille|spa|2
|
|upkeep
|turn|20
|
|move|p2a: Maya L'Abeille|Draco Meteor|p1a: Arceus
|-damage|p1a: Arceus|0 fnt
|-unboost|p2a: Maya L'Abeille|spa|2
|faint|p1a: Arceus
|-ability|p2a: Maya L'Abeille|Beast Boost|boost
|-boost|p2a: Maya L'Abeille|spe|1
|
|upkeep
|
|switch|p1a: Ditto|Ditto|100/100
|-transform|p1a: Ditto|p2a: Maya L'Abeille|[from] ability: Imposter
|turn|21
|
|switch|p2a: Dieu d'la 7g|Necrozma-Dusk-Mane|100/100 par
|-damage|p2a: Dieu d'la 7g|94/100 par|[from] Stealth Rock
|move|p1a: Ditto|Draco Meteor|p2a: Dieu d'la 7g
|-resisted|p2a: Dieu d'la 7g
|-damage|p2a: Dieu d'la 7g|67/100 par
|-unboost|p1a: Ditto|spa|2
|
|upkeep
|turn|22
|
|switch|p1a: Zygarde|Zygarde-Complete|100/100 slp
|switch|p2a: PIOU-PIOU|Ho-Oh|100/100 par
|
|upkeep
|turn|23
|
|cant|p1a: Zygarde|slp
|move|p2a: PIOU-PIOU|Defog|p1a: Zygarde
|-unboost|p1a: Zygarde|evasion|1
|-sideend|p2: OUTZ JTeFaisMal|Stealth Rock|[from] move: Defog|[of] p2a: PIOU-PIOU
|
|upkeep
|turn|24
|
|-curestatus|p1a: Zygarde|slp|[msg]
|move|p1a: Zygarde|Thousand Arrows|p2a: PIOU-PIOU
|-damage|p2a: PIOU-PIOU|82/100 par
|-start|p2a: PIOU-PIOU|Smack Down
|move|p2a: PIOU-PIOU|Whirlwind|p1a: Zygarde
|drag|p1a: Xerneas|Xerneas|100/100
|-ability|p1a: Xerneas|Fairy Aura
|
|upkeep
|turn|25
|
|switch|p1a: Zygarde|Zygarde-Complete|100/100
|switch|p2a: Dieu d'la 7g|Necrozma-Dusk-Mane|67/100 par
|
|upkeep
|turn|26
|
|switch|p2a: Bambie d'la téci|Xerneas|100/100
|-ability|p2a: Bambie d'la téci|Fairy Aura
|move|p1a: Zygarde|Coil|p1a: Zygarde
|-boost|p1a: Zygarde|atk|1
|-boost|p1a: Zygarde|def|1
|-boost|p1a: Zygarde|accuracy|1
|
|upkeep
|turn|27
|
|switch|p1a: Necrozma|Necrozma-Dusk-Mane|87/100
|move|p2a: Bambie d'la téci|Moonblast|p1a: Necrozma
|-resisted|p1a: Necrozma
|-damage|p1a: Necrozma|63/100
|
|-heal|p1a: Necrozma|69/100|[from] item: Leftovers
|upkeep
|turn|28
|
|switch|p2a: Maya L'Abeille|Naganadel, shiny|88/100
|move|p1a: Necrozma|Knock Off|p2a: Maya L'Abeille
|-damage|p2a: Maya L'Abeille|55/100
|
|-heal|p1a: Necrozma|75/100|[from] item: Leftovers
|upkeep
|turn|29
|
|move|p2a: Maya L'Abeille|Nasty Plot|p2a: Maya L'Abeille
|-boost|p2a: Maya L'Abeille|spa|2
|move|p1a: Necrozma|Sunsteel Strike|p2a: Maya L'Abeille
|-damage|p2a: Maya L'Abeille|0 fnt
|faint|p2a: Maya L'Abeille
|
|-heal|p1a: Necrozma|81/100|[from] item: Leftovers
|upkeep
|c|☆OUTZ JTeFaisMal|gg
|-message|OUTZ JTeFaisMal forfeited.
|
|win|dasort
