|j|☆Ronron0901
|j|☆85792195wwww
|t:|1665195265
|gametype|singles
|player|p1|Ronron0901|101|1584
|player|p2|85792195wwww|266|1841
|teamsize|p1|6
|teamsize|p2|6
|gen|8
|tier|[Gen 8] National Dex AG
|rated|
|rule|HP Percentage Mod: HP is shown in percentages
|rule|Endless Battle Clause: Forcing endless battles is banned
|clearpoke
|poke|p1|Cinderace, M|
|poke|p1|Ferrothorn, M|
|poke|p1|Toxapex, F|
|poke|p1|Landorus-Therian, M|
|poke|p1|Zacian-*|
|poke|p1|Dracovish|
|poke|p2|Kyogre|
|poke|p2|Zacian-*|
|poke|p2|Rayquaza|
|poke|p2|Marshadow|
|poke|p2|Ditto|
|poke|p2|Arceus-*|
|teampreview
|
|t:|1665195291
|start
|switch|p1a: Toxapex|Toxapex, F|100/100
|switch|p2a: Arceus|Arceus-Electric|100/100
|turn|1
|
|t:|1665195298
|switch|p1a: Landorus|Landorus-Therian, M|100/100
|-ability|p1a: Landorus|Intimidate|boost
|-unboost|p2a: Arceus|atk|1
|move|p2a: Arceus|Stealth Rock|p1a: Landorus
|-sidestart|p1: Ronron0901|move: Stealth Rock
|
|upkeep
|turn|2
|
|t:|1665195311
|move|p2a: Arceus|Ice Beam|p1a: Landorus
|-supereffective|p1a: Landorus
|-enditem|p1a: Landorus|Focus Sash
|-damage|p1a: Landorus|1/100
|move|p1a: Landorus|Defog|p2a: Arceus
|-unboost|p2a: Arceus|evasion|1
|-sideend|p1: Ronron0901|Stealth Rock|[from] move: Defog|[of] p1a: Landorus
|
|upkeep
|turn|3
|
|t:|1665195325
|move|p2a: Arceus|Stealth Rock|p1a: Landorus
|-sidestart|p1: Ronron0901|move: Stealth Rock
|move|p1a: Landorus|Earthquake|p2a: Arceus
|-supereffective|p2a: Arceus
|-damage|p2a: Arceus|19/100
|
|upkeep
|turn|4
|
|t:|1665195335
|switch|p1a: Ferrothorn|Ferrothorn, M|100/100
|-damage|p1a: Ferrothorn|94/100|[from] Stealth Rock
|move|p2a: Arceus|Ice Beam|p1a: Ferrothorn
|-damage|p1a: Ferrothorn|75/100
|
|-heal|p1a: Ferrothorn|82/100|[from] item: Leftovers
|upkeep
|turn|5
|
|t:|1665195345
|switch|p2a: Zacian|Zacian-Crowned|100/100
|-ability|p2a: Zacian|Intrepid Sword|boost
|-boost|p2a: Zacian|atk|1
|move|p1a: Ferrothorn|Leech Seed|p2a: Zacian
|-start|p2a: Zacian|move: Leech Seed
|
|-heal|p1a: Ferrothorn|88/100|[from] item: Leftovers
|-damage|p2a: Zacian|88/100|[from] Leech Seed|[of] p1a: Ferrothorn
|-heal|p1a: Ferrothorn|99/100|[silent]
|upkeep
|turn|6
|
|t:|1665195358
|switch|p2a: Rayquaza|Rayquaza|100/100
|-ability|p2a: Rayquaza|Air Lock
|move|p1a: Ferrothorn|Protect||[still]
|-fail|p1a: Ferrothorn
|
|-heal|p1a: Ferrothorn|100/100|[from] item: Leftovers
|upkeep
|turn|7
|
|t:|1665195369
|switch|p1a: Toxapex|Toxapex, F|100/100
|-damage|p1a: Toxapex|88/100|[from] Stealth Rock
|detailschange|p2a: Rayquaza|Rayquaza-Mega
|-mega|p2a: Rayquaza|Rayquaza|
|-weather|DeltaStream|[from] ability: Delta Stream|[of] p2a: Rayquaza
|move|p2a: Rayquaza|V-create|p1a: Toxapex
|-resisted|p1a: Toxapex
|-damage|p1a: Toxapex|47/100
|-unboost|p2a: Rayquaza|spe|1
|-unboost|p2a: Rayquaza|def|1
|-unboost|p2a: Rayquaza|spd|1
|
|-weather|DeltaStream|[upkeep]
|-heal|p1a: Toxapex|53/100|[from] item: Black Sludge
|upkeep
|turn|8
|l|☆Ronron0901
|player|p1|
|j|☆Ronron0901
|player|p1|Ronron0901|101
|
|t:|1665195395
|-weather|none
|switch|p2a: Arceus|Arceus-Electric|19/100
|move|p1a: Toxapex|Recover|p1a: Toxapex
|-heal|p1a: Toxapex|100/100
|
|upkeep
|turn|9
|
|t:|1665195410
|switch|p2a: Zacian|Zacian-Crowned|88/100
|-ability|p2a: Zacian|Intrepid Sword|boost
|-boost|p2a: Zacian|atk|1
|move|p1a: Toxapex|Sludge Bomb|p2a: Zacian
|-immune|p2a: Zacian
|
|upkeep
|turn|10
|
|t:|1665195418
|move|p1a: Toxapex|Baneful Bunker|p1a: Toxapex
|-singleturn|p1a: Toxapex|move: Protect
|move|p2a: Zacian|Substitute|p2a: Zacian
|-start|p2a: Zacian|Substitute
|-damage|p2a: Zacian|63/100
|
|upkeep
|turn|11
|
|t:|1665195430
|switch|p1a: Ferrothorn|Ferrothorn, M|100/100
|-damage|p1a: Ferrothorn|94/100|[from] Stealth Rock
|move|p2a: Zacian|Wild Charge|p1a: Ferrothorn
|-resisted|p1a: Ferrothorn
|-crit|p1a: Ferrothorn
|-damage|p1a: Ferrothorn|56/100
|-damage|p2a: Zacian|51/100|[from] ability: Iron Barbs|[of] p1a: Ferrothorn
|-damage|p2a: Zacian|40/100|[from] Recoil
|
|-heal|p1a: Ferrothorn|62/100|[from] item: Leftovers
|upkeep
|turn|12
|
|t:|1665195443
|move|p2a: Zacian|Close Combat|p1a: Ferrothorn
|-supereffective|p1a: Ferrothorn
|-damage|p1a: Ferrothorn|0 fnt
|-unboost|p2a: Zacian|def|1
|-unboost|p2a: Zacian|spd|1
|-damage|p2a: Zacian|28/100|[from] ability: Iron Barbs|[of] p1a: Ferrothorn
|faint|p1a: Ferrothorn
|
|upkeep
|
|t:|1665195456
|switch|p1a: Zacian|Zacian-Crowned|100/100
|-damage|p1a: Zacian|94/100|[from] Stealth Rock
|-ability|p1a: Zacian|Intrepid Sword|boost
|-boost|p1a: Zacian|atk|1
|turn|13
|
|t:|1665195462
|move|p1a: Zacian|Behemoth Blade|p2a: Zacian
|-end|p2a: Zacian|Substitute
|move|p2a: Zacian|Behemoth Blade|p1a: Zacian
|-damage|p1a: Zacian|0 fnt
|faint|p1a: Zacian
|
|upkeep
|
|t:|1665195478
|switch|p1a: Cinderace|Cinderace, M|100/100
|-damage|p1a: Cinderace|75/100|[from] Stealth Rock
|turn|14
|
|t:|1665195485
|switch|p2a: Kyogre|Kyogre|100/100
|detailschange|p2a: Kyogre|Kyogre-Primal
|-primal|p2a: Kyogre
|-weather|PrimordialSea|[from] ability: Primordial Sea|[of] p2a: Kyogre
|move|p1a: Cinderace|Sucker Punch||[still]
|-fail|p1a: Cinderace
|
|-weather|PrimordialSea|[upkeep]
|upkeep
|turn|15
|j| HMS Cheshire
|
|t:|1665195494
|-start|p1a: Cinderace|Dynamax|Gmax
|-heal|p1a: Cinderace|75/100|[silent]
|move|p1a: Cinderace|Max Airstream|p2a: Kyogre
|-start|p1a: Cinderace|typechange|Flying|[from] ability: Libero
|-damage|p2a: Kyogre|58/100
|-boost|p1a: Cinderace|spe|1
|move|p2a: Kyogre|Scald|p1a: Cinderace
|-damage|p1a: Cinderace|20/100
|
|-weather|PrimordialSea|[upkeep]
|upkeep
|turn|16
|
|t:|1665195510
|-weather|none
|switch|p2a: Arceus|Arceus-Electric|19/100
|move|p1a: Cinderace|Max Airstream|p2a: Arceus
|-resisted|p2a: Arceus
|-damage|p2a: Arceus|0 fnt
|-boost|p1a: Cinderace|spe|1
|faint|p2a: Arceus
|
|upkeep
|
|t:|1665195521
|switch|p2a: Marshadow|Marshadow|100/100
|turn|17
|
|t:|1665195536
|move|p2a: Marshadow|Shadow Sneak|p1a: Cinderace
|-damage|p1a: Cinderace|0 fnt
|faint|p1a: Cinderace
|-damage|p2a: Marshadow|91/100|[from] item: Life Orb
|
|upkeep
|
|t:|1665195542
|switch|p1a: Toxapex|Toxapex, F|100/100
|-damage|p1a: Toxapex|88/100|[from] Stealth Rock
|turn|18
|
|t:|1665195552
|move|p2a: Marshadow|Poltergeist|p1a: Toxapex
|-activate|p1a: Toxapex|move: Poltergeist|Black Sludge
|-damage|p1a: Toxapex|46/100
|-damage|p2a: Marshadow|81/100|[from] item: Life Orb
|move|p1a: Toxapex|Haze|p1a: Toxapex
|-clearallboost
|
|-heal|p1a: Toxapex|52/100|[from] item: Black Sludge
|upkeep
|turn|19
|
|t:|1665195563
|switch|p2a: Rayquaza|Rayquaza-Mega|100/100
|-weather|DeltaStream|[from] ability: Delta Stream|[of] p2a: Rayquaza
|move|p1a: Toxapex|Recover|p1a: Toxapex
|-heal|p1a: Toxapex|100/100
|
|-weather|DeltaStream|[upkeep]
|upkeep
|turn|20
|l| HMS Cheshire
|
|t:|1665195571
|-weather|none
|switch|p2a: Kyogre|Kyogre-Primal|58/100
|-weather|PrimordialSea|[from] ability: Primordial Sea|[of] p2a: Kyogre
|move|p1a: Toxapex|Baneful Bunker||[still]
|-fail|p1a: Toxapex
|
|-weather|PrimordialSea|[upkeep]
|upkeep
|turn|21
|
|t:|1665195583
|move|p2a: Kyogre|Scald|p1a: Toxapex
|-resisted|p1a: Toxapex
|-damage|p1a: Toxapex|67/100
|move|p1a: Toxapex|Sludge Bomb|p2a: Kyogre
|-damage|p2a: Kyogre|47/100
|
|-weather|PrimordialSea|[upkeep]
|-heal|p1a: Toxapex|73/100|[from] item: Black Sludge
|upkeep
|turn|22
|
|t:|1665195592
|move|p2a: Kyogre|Calm Mind|p2a: Kyogre
|-boost|p2a: Kyogre|spa|1
|-boost|p2a: Kyogre|spd|1
|move|p1a: Toxapex|Recover|p1a: Toxapex
|-heal|p1a: Toxapex|100/100
|
|-weather|PrimordialSea|[upkeep]
|upkeep
|turn|23
|
|t:|1665195599
|move|p2a: Kyogre|Water Spout|p1a: Toxapex
|-resisted|p1a: Toxapex
|-damage|p1a: Toxapex|56/100
|move|p1a: Toxapex|Haze|p1a: Toxapex
|-clearallboost
|
|-weather|PrimordialSea|[upkeep]
|-heal|p1a: Toxapex|62/100|[from] item: Black Sludge
|upkeep
|turn|24
|
|t:|1665195609
|move|p2a: Kyogre|Scald|p1a: Toxapex
|-resisted|p1a: Toxapex
|-damage|p1a: Toxapex|24/100
|-status|p1a: Toxapex|brn
|move|p1a: Toxapex|Sludge Bomb|p2a: Kyogre
|-damage|p2a: Kyogre|36/100
|
|-weather|PrimordialSea|[upkeep]
|-heal|p1a: Toxapex|30/100 brn|[from] item: Black Sludge
|-damage|p1a: Toxapex|24/100 brn|[from] brn
|upkeep
|turn|25
|
|t:|1665195620
|switch|p1a: Dracovish|Dracovish|100/100
|-damage|p1a: Dracovish|88/100|[from] Stealth Rock
|move|p2a: Kyogre|Scald|p1a: Dracovish
|-heal|p1a: Dracovish|100/100|[from] ability: Water Absorb|[of] p2a: Kyogre
|
|-weather|PrimordialSea|[upkeep]
|upkeep
|turn|26
|
|t:|1665195634
|move|p2a: Kyogre|Ice Beam|p1a: Dracovish
|-damage|p1a: Dracovish|45/100
|move|p1a: Dracovish|Fishious Rend|p2a: Kyogre
|-resisted|p2a: Kyogre
|-damage|p2a: Kyogre|10/100
|
|-weather|PrimordialSea|[upkeep]
|upkeep
|turn|27
|
|t:|1665195644
|switch|p1a: Toxapex|Toxapex, F|24/100 brn
|-damage|p1a: Toxapex|11/100 brn|[from] Stealth Rock
|move|p2a: Kyogre|Ice Beam|p1a: Toxapex
|-resisted|p1a: Toxapex
|-damage|p1a: Toxapex|0 fnt
|faint|p1a: Toxapex
|
|-weather|PrimordialSea|[upkeep]
|upkeep
|
|t:|1665195654
|switch|p1a: Landorus|Landorus-Therian, M|1/100
|-damage|p1a: Landorus|0 fnt|[from] Stealth Rock
|faint|p1a: Landorus
|
|t:|1665195658
|switch|p1a: Dracovish|Dracovish|45/100
|-damage|p1a: Dracovish|33/100|[from] Stealth Rock
|turn|28
|
|t:|1665195664
|move|p2a: Kyogre|Ice Beam|p1a: Dracovish
|-damage|p1a: Dracovish|0 fnt
|faint|p1a: Dracovish
|
|win|85792195wwww
|raw|Ronron0901's rating: 1584 &rarr; <strong>1577</strong><br />(-7 for losing)
|raw|85792195wwww's rating: 1841 &rarr; <strong>1848</strong><br />(+7 for winning)
