|j|☆Cians
|j|☆MVP2536
|t:|1664004173
|gametype|singles
|player|p1|Cians|steven|1529
|player|p2|MVP2536|giovanni|1761
|teamsize|p1|6
|teamsize|p2|6
|gen|8
|tier|[Gen 8] National Dex AG
|rated|
|rule|HP Percentage Mod: HP is shown in percentages
|rule|Endless Battle Clause: Forcing endless battles is banned
|clearpoke
|poke|p1|Zacian-*|
|poke|p1|Yveltal|
|poke|p1|Rayquaza|
|poke|p1|Xerneas-*|
|poke|p1|Ditto|
|poke|p1|Calyrex-Shadow|
|poke|p2|Groudon|
|poke|p2|Aegislash, M|
|poke|p2|Rotom-Wash|
|poke|p2|Scrafty, M|
|poke|p2|Whimsicott, F|
|poke|p2|Ditto|
|teampreview
|inactive|Battle timer is ON: inactive players will automatically lose when time's up. (requested by Cians)
|
|t:|1664004200
|start
|switch|p1a: Calcium|Calyrex-Shadow|100/100
|switch|p2a: Ditto|Ditto|100/100
|-ability|p1a: Calcium|As One
|-ability|p1a: Calcium|Unnerve
|-transform|p2a: Ditto|p1a: Calcium|[from] ability: Imposter
|turn|1
|
|t:|1664004211
|move|p2a: Ditto|Astral Barrage|p1a: Calcium
|-supereffective|p1a: Calcium
|-enditem|p1a: Calcium|Focus Sash
|-damage|p1a: Calcium|1/100
|move|p1a: Calcium|Astral Barrage|p2a: Ditto
|-supereffective|p2a: Ditto
|-damage|p2a: Ditto|0 fnt
|faint|p2a: Ditto
|-ability|p1a: Calcium|Grim Neigh|boost
|-boost|p1a: Calcium|spa|1
|
|upkeep
|
|t:|1664004216
|switch|p2a: Aegislash|Aegislash, M|100/100
|turn|2
|
|t:|1664004237
|switch|p1a: Zacomedy|Zacian-Crowned|100/100
|-ability|p1a: Zacomedy|Intrepid Sword|boost
|-boost|p1a: Zacomedy|atk|1
|-formechange|p2a: Aegislash|Aegislash-Blade||[from] ability: Stance Change
|move|p2a: Aegislash|Shadow Sneak|p1a: Zacomedy
|-damage|p1a: Zacomedy|76/100
|
|upkeep
|turn|3
|
|t:|1664004248
|-formechange|p2a: Aegislash|Aegislash||[from] ability: Stance Change
|move|p2a: Aegislash|King's Shield|p2a: Aegislash
|-singleturn|p2a: Aegislash|Protect
|move|p1a: Zacomedy|Behemoth Blade|p2a: Aegislash
|-activate|p2a: Aegislash|move: Protect
|-unboost|p1a: Zacomedy|atk|1
|
|upkeep
|turn|4
|
|t:|1664004267
|move|p1a: Zacomedy|Wild Charge|p2a: Aegislash
|-damage|p2a: Aegislash|67/100
|-damage|p1a: Zacomedy|68/100|[from] Recoil
|-formechange|p2a: Aegislash|Aegislash-Blade||[from] ability: Stance Change
|move|p2a: Aegislash|Iron Head|p1a: Zacomedy
|-crit|p1a: Zacomedy
|-damage|p1a: Zacomedy|4/100
|
|-heal|p2a: Aegislash|74/100|[from] item: Leftovers
|upkeep
|turn|5
|
|t:|1664004276
|move|p2a: Aegislash|Shadow Sneak|p1a: Zacomedy
|-damage|p1a: Zacomedy|0 fnt
|faint|p1a: Zacomedy
|
|-heal|p2a: Aegislash|80/100|[from] item: Leftovers
|upkeep
|
|t:|1664004281
|switch|p1a: Rayquaza|Rayquaza|100/100
|-ability|p1a: Rayquaza|Air Lock
|turn|6
|
|t:|1664004285
|switch|p2a: Rotom|Rotom-Wash|100/100
|detailschange|p1a: Rayquaza|Rayquaza-Mega
|-mega|p1a: Rayquaza|Rayquaza|
|-weather|DeltaStream|[from] ability: Delta Stream|[of] p1a: Rayquaza
|move|p1a: Rayquaza|V-create|p2a: Rotom
|-resisted|p2a: Rotom
|-damage|p2a: Rotom|68/100
|-unboost|p1a: Rayquaza|spe|1
|-unboost|p1a: Rayquaza|def|1
|-unboost|p1a: Rayquaza|spd|1
|-damage|p1a: Rayquaza|84/100|[from] item: Rocky Helmet|[of] p2a: Rotom
|
|-weather|DeltaStream|[upkeep]
|upkeep
|turn|7
|
|t:|1664004297
|-weather|none
|switch|p1a: Calcium|Calyrex-Shadow|1/100
|-ability|p1a: Calcium|As One
|-ability|p1a: Calcium|Unnerve
|move|p2a: Rotom|Volt Switch|p1a: Calcium
|-damage|p1a: Calcium|0 fnt
|faint|p1a: Calcium
|
|t:|1664004303
|switch|p2a: garbage|Groudon|100/100|[from]move: Volt Switch
|detailschange|p2a: garbage|Groudon-Primal
|-primal|p2a: garbage
|-weather|DesolateLand|[from] ability: Desolate Land|[of] p2a: garbage
|
|-weather|DesolateLand|[upkeep]
|upkeep
|
|t:|1664004309
|switch|p1a: Rayquaza|Rayquaza-Mega|84/100
|-weather|DeltaStream|[from] ability: Delta Stream|[of] p1a: Rayquaza
|turn|8
|
|t:|1664004313
|switch|p2a: Rotom|Rotom-Wash|68/100
|move|p1a: Rayquaza|Earthquake|p2a: Rotom
|-immune|p2a: Rotom|[from] ability: Levitate
|
|-weather|DeltaStream|[upkeep]
|upkeep
|turn|9
|
|t:|1664004319
|-weather|none
|switch|p1a: LIFE SUCKERR|Yveltal, shiny|100/100
|-ability|p1a: LIFE SUCKERR|Dark Aura
|move|p2a: Rotom|Foul Play|p1a: LIFE SUCKERR
|-resisted|p1a: LIFE SUCKERR
|-damage|p1a: LIFE SUCKERR|87/100
|
|upkeep
|turn|10
|
|t:|1664004328
|switch|p2a: Scrafty|Scrafty, M|100/100
|move|p1a: LIFE SUCKERR|Sucker Punch||[still]
|-fail|p1a: LIFE SUCKERR
|
|upkeep
|turn|11
|
|t:|1664004334
|switch|p2a: Rotom|Rotom-Wash|68/100
|move|p1a: LIFE SUCKERR|Toxic|p2a: Rotom
|-status|p2a: Rotom|tox
|
|-damage|p2a: Rotom|63/100 tox|[from] psn
|upkeep
|turn|12
|
|t:|1664004341
|move|p1a: LIFE SUCKERR|Sucker Punch||[still]
|-fail|p1a: LIFE SUCKERR
|move|p2a: Rotom|Toxic|p1a: LIFE SUCKERR
|-status|p1a: LIFE SUCKERR|tox
|
|-damage|p1a: LIFE SUCKERR|81/100 tox|[from] psn
|-damage|p2a: Rotom|51/100 tox|[from] psn
|upkeep
|turn|13
|
|t:|1664004348
|switch|p2a: garbage|Groudon-Primal|100/100
|-weather|DesolateLand|[from] ability: Desolate Land|[of] p2a: garbage
|move|p1a: LIFE SUCKERR|Roost|p1a: LIFE SUCKERR
|-heal|p1a: LIFE SUCKERR|100/100 tox
|-singleturn|p1a: LIFE SUCKERR|move: Roost
|
|-weather|DesolateLand|[upkeep]
|-damage|p1a: LIFE SUCKERR|88/100 tox|[from] psn
|upkeep
|turn|14
|
|t:|1664004361
|-weather|none
|switch|p2a: Whimsicott|Whimsicott, F|100/100
|move|p1a: LIFE SUCKERR|Toxic|p2a: Whimsicott
|-status|p2a: Whimsicott|tox
|
|-damage|p2a: Whimsicott|94/100 tox|[from] psn
|-damage|p1a: LIFE SUCKERR|70/100 tox|[from] psn
|upkeep
|turn|15
|
|t:|1664004370
|switch|p2a: garbage|Groudon-Primal|100/100
|-weather|DesolateLand|[from] ability: Desolate Land|[of] p2a: garbage
|move|p1a: LIFE SUCKERR|Sucker Punch||[still]
|-fail|p1a: LIFE SUCKERR
|
|-weather|DesolateLand|[upkeep]
|-damage|p1a: LIFE SUCKERR|45/100 tox|[from] psn
|upkeep
|turn|16
|
|t:|1664004378
|move|p1a: LIFE SUCKERR|Toxic|p2a: garbage
|-status|p2a: garbage|tox
|move|p2a: garbage|Heat Crash|p1a: LIFE SUCKERR
|-damage|p1a: LIFE SUCKERR|0 fnt
|faint|p1a: LIFE SUCKERR
|
|-weather|DesolateLand|[upkeep]
|-damage|p2a: garbage|94/100 tox|[from] psn
|upkeep
|
|t:|1664004384
|switch|p1a: Rayquaza|Rayquaza-Mega|84/100
|-weather|DeltaStream|[from] ability: Delta Stream|[of] p1a: Rayquaza
|turn|17
|
|t:|1664004390
|switch|p2a: Rotom|Rotom-Wash|51/100 tox
|move|p1a: Rayquaza|Dragon Ascent|p2a: Rotom
|-resisted|p2a: Rotom
|-damage|p2a: Rotom|17/100 tox
|-unboost|p1a: Rayquaza|def|1
|-unboost|p1a: Rayquaza|spd|1
|-damage|p1a: Rayquaza|67/100|[from] item: Rocky Helmet|[of] p2a: Rotom
|
|-weather|DeltaStream|[upkeep]
|-damage|p2a: Rotom|11/100 tox|[from] psn
|upkeep
|turn|18
|
|t:|1664004401
|move|p1a: Rayquaza|Dragon Ascent|p2a: Rotom
|-resisted|p2a: Rotom
|-damage|p2a: Rotom|0 fnt
|-unboost|p1a: Rayquaza|def|1
|-unboost|p1a: Rayquaza|spd|1
|-damage|p1a: Rayquaza|51/100|[from] item: Rocky Helmet|[of] p2a: Rotom
|faint|p2a: Rotom
|
|-weather|DeltaStream|[upkeep]
|upkeep
|
|t:|1664004409
|switch|p2a: Whimsicott|Whimsicott, F|94/100 tox
|turn|19
|
|t:|1664004413
|-weather|none
|switch|p1a: TREEEEE|Xerneas|100/100
|-ability|p1a: TREEEEE|Fairy Aura
|move|p2a: Whimsicott|Moonblast|p1a: TREEEEE
|-damage|p1a: TREEEEE|60/100
|
|-damage|p2a: Whimsicott|88/100 tox|[from] psn
|upkeep
|turn|20
|
|t:|1664004423
|switch|p2a: Aegislash|Aegislash, M|80/100
|move|p1a: TREEEEE|Geomancy||[still]
|-prepare|p1a: TREEEEE|Geomancy
|-enditem|p1a: TREEEEE|Power Herb
|-anim|p1a: TREEEEE|Geomancy|p1a: TREEEEE
|-boost|p1a: TREEEEE|spa|2
|-boost|p1a: TREEEEE|spd|2
|-boost|p1a: TREEEEE|spe|2
|
|-heal|p2a: Aegislash|86/100|[from] item: Leftovers
|upkeep
|turn|21
|
|t:|1664004434
|-start|p1a: TREEEEE|Dynamax|
|-heal|p1a: TREEEEE|60/100|[silent]
|move|p2a: Aegislash|King's Shield|p2a: Aegislash
|-singleturn|p2a: Aegislash|Protect
|move|p1a: TREEEEE|Max Quake|p2a: Aegislash
|-supereffective|p2a: Aegislash
|-zbroken|p2a: Aegislash
|-damage|p2a: Aegislash|56/100
|-boost|p1a: TREEEEE|spd|1
|
|-heal|p2a: Aegislash|62/100|[from] item: Leftovers
|upkeep
|turn|22
|
|t:|1664004445
|switch|p2a: Scrafty|Scrafty, M|100/100
|move|p1a: TREEEEE|Max Quake|p2a: Scrafty
|-damage|p2a: Scrafty|62/100
|-boost|p1a: TREEEEE|spd|1
|
|upkeep
|turn|23
|
|t:|1664004454
|move|p1a: TREEEEE|Max Starfall|p2a: Scrafty
|-supereffective|p2a: Scrafty
|-damage|p2a: Scrafty|0 fnt
|-fieldstart|move: Misty Terrain
|faint|p2a: Scrafty
|
|upkeep
|
|t:|1664004459
|switch|p2a: Aegislash|Aegislash, M|62/100
|-end|p1a: TREEEEE|Dynamax
|-heal|p1a: TREEEEE|60/100|[silent]
|turn|24
|
|t:|1664004465
|move|p2a: Aegislash|King's Shield|p2a: Aegislash
|-singleturn|p2a: Aegislash|Protect
|move|p1a: TREEEEE|Hidden Power|p2a: Aegislash
|-activate|p2a: Aegislash|move: Protect
|
|-heal|p2a: Aegislash|68/100|[from] item: Leftovers
|upkeep
|turn|25
|
|t:|1664004473
|move|p1a: TREEEEE|Hidden Power|p2a: Aegislash
|-supereffective|p2a: Aegislash
|-crit|p2a: Aegislash
|-damage|p2a: Aegislash|0 fnt
|faint|p2a: Aegislash
|
|upkeep
|c|☆MVP2536|bruh
|
|t:|1664004481
|switch|p2a: garbage|Groudon-Primal|94/100 tox
|-weather|DesolateLand|[from] ability: Desolate Land|[of] p2a: garbage
|turn|26
|
|t:|1664004485
|move|p1a: TREEEEE|Hidden Power|p2a: garbage
|-supereffective|p2a: garbage
|-damage|p2a: garbage|31/100 tox
|move|p2a: garbage|Heat Crash|p1a: TREEEEE
|-damage|p1a: TREEEEE|0 fnt
|faint|p1a: TREEEEE
|
|-weather|DesolateLand|[upkeep]
|-damage|p2a: garbage|25/100 tox|[from] psn
|upkeep
|
|t:|1664004497
|switch|p1a: ding ding ding|Ditto|100/100
|-transform|p1a: ding ding ding|p2a: garbage|[from] ability: Imposter
|turn|27
|
|t:|1664004504
|move|p1a: ding ding ding|Earthquake|p2a: garbage
|-supereffective|p2a: garbage
|-damage|p2a: garbage|0 fnt
|faint|p2a: garbage
|
|-weather|DesolateLand|[upkeep]
|-fieldend|Misty Terrain
|upkeep
|
|t:|1664004509
|switch|p2a: Whimsicott|Whimsicott, F|88/100 tox
|turn|28
|
|t:|1664004512
|move|p2a: Whimsicott|Leech Seed|p1a: ding ding ding
|-start|p1a: ding ding ding|move: Leech Seed
|move|p1a: ding ding ding|Earthquake|p2a: Whimsicott
|-resisted|p2a: Whimsicott
|-damage|p2a: Whimsicott|41/100 tox
|
|-weather|DesolateLand|[upkeep]
|-damage|p1a: ding ding ding|88/100|[from] Leech Seed|[of] p2a: Whimsicott
|-heal|p2a: Whimsicott|55/100 tox|[silent]
|-damage|p2a: Whimsicott|49/100 tox|[from] psn
|upkeep
|turn|29
|
|t:|1664004523
|-start|p2a: Whimsicott|Dynamax|
|-heal|p2a: Whimsicott|49/100 tox|[silent]
|move|p2a: Whimsicott|Max Starfall|p1a: ding ding ding
|-resisted|p1a: ding ding ding
|-damage|p1a: ding ding ding|65/100
|-fieldstart|move: Misty Terrain
|move|p1a: ding ding ding|Earthquake|p2a: Whimsicott
|-resisted|p2a: Whimsicott
|-damage|p2a: Whimsicott|29/100 tox
|
|-weather|DesolateLand|[upkeep]
|-damage|p1a: ding ding ding|53/100|[from] Leech Seed|[of] p2a: Whimsicott
|-heal|p2a: Whimsicott|36/100 tox|[silent]
|-damage|p2a: Whimsicott|30/100 tox|[from] psn
|upkeep
|turn|30
|
|t:|1664004533
|move|p2a: Whimsicott|Max Starfall|p1a: ding ding ding
|-resisted|p1a: ding ding ding
|-damage|p1a: ding ding ding|30/100
|move|p1a: ding ding ding|Earthquake|p2a: Whimsicott
|-resisted|p2a: Whimsicott
|-damage|p2a: Whimsicott|7/100 tox
|
|-weather|DesolateLand|[upkeep]
|-damage|p1a: ding ding ding|18/100|[from] Leech Seed|[of] p2a: Whimsicott
|-heal|p2a: Whimsicott|14/100 tox|[silent]
|-damage|p2a: Whimsicott|5/100 tox|[from] psn
|upkeep
|turn|31
|
|t:|1664004541
|move|p2a: Whimsicott|Max Starfall|p1a: ding ding ding
|-resisted|p1a: ding ding ding
|-damage|p1a: ding ding ding|0 fnt
|faint|p1a: ding ding ding
|-weather|none
|
|-damage|p2a: Whimsicott|0 fnt|[from] psn
|faint|p2a: Whimsicott
|
|win|Cians
|upkeep
|raw|Cians's rating: 1529 &rarr; <strong>1561</strong><br />(+32 for winning)
|raw|MVP2536's rating: 1761 &rarr; <strong>1729</strong><br />(-32 for losing)
|c|☆MVP2536|gg
|c|☆Cians|ggs
|l|☆MVP2536
