|j|☆Pokeashbattle
|j|☆chikennugz
|t:|1641961864
|gametype|singles
|player|p1|Pokeashbattle|ethan|1386
|player|p2|chikennugz|red|1434
|teamsize|p1|2
|teamsize|p2|6
|gen|8
|tier|[Gen 8] National Dex AG
|rated|
|rule|HP Percentage Mod: HP is shown in percentages
|rule|Endless Battle Clause: Forcing endless battles is banned
|clearpoke
|poke|p1|Uxie|
|poke|p1|Arceus-*|
|poke|p2|Snorlax, M|
|poke|p2|Smeargle, F|
|poke|p2|Cloyster, F|
|poke|p2|Gliscor, F|
|poke|p2|Togekiss, M|
|poke|p2|Galvantula, M|
|teampreview
|inactive|Battle timer is ON: inactive players will automatically lose when time's up. (requested by Pokeashbattle)
|
|t:|1641961867
|start
|switch|p1a: Guess what ??|Uxie, shiny|100/100
|switch|p2a: Galvantula|Galvantula, M|100/100
|turn|1
|
|t:|1641961873
|move|p1a: Guess what ??|Magic Coat|p1a: Guess what ??
|-singleturn|p1a: Guess what ??|move: Magic Coat
|move|p2a: Galvantula|Sticky Web|p1a: Guess what ??
|move|p1a: Guess what ??|Sticky Web|p2a: Galvantula|[from]Magic Coat
|-sidestart|p2: chikennugz|move: Sticky Web
|
|upkeep
|turn|2
|
|t:|1641961879
|move|p2a: Galvantula|Sticky Web|p1a: Guess what ??
|-sidestart|p1: Pokeashbattle|move: Sticky Web
|move|p1a: Guess what ??|Stealth Rock|p2a: Galvantula
|-sidestart|p2: chikennugz|move: Stealth Rock
|
|upkeep
|turn|3
|
|t:|1641961882
|move|p2a: Galvantula|Thunder Wave|p1a: Guess what ??
|-status|p1a: Guess what ??|par
|cant|p1a: Guess what ??|par
|
|upkeep
|turn|4
|
|t:|1641961887
|move|p2a: Galvantula|Bug Buzz|p1a: Guess what ??
|-supereffective|p1a: Guess what ??
|-damage|p1a: Guess what ??|58/100 par
|move|p1a: Guess what ??|Light Screen|p1a: Guess what ??
|-sidestart|p1: Pokeashbattle|move: Light Screen
|
|upkeep
|turn|5
|
|t:|1641961892
|move|p2a: Galvantula|Bug Buzz|p1a: Guess what ??
|-supereffective|p1a: Guess what ??
|-damage|p1a: Guess what ??|37/100 par
|move|p1a: Guess what ??|Reflect|p1a: Guess what ??
|-sidestart|p1: Pokeashbattle|Reflect
|
|upkeep
|turn|6
|
|t:|1641961902
|move|p2a: Galvantula|Bug Buzz|p1a: Guess what ??
|-supereffective|p1a: Guess what ??
|-damage|p1a: Guess what ??|15/100 par
|-unboost|p1a: Guess what ??|spd|1
|move|p1a: Guess what ??|Stealth Rock||[still]
|-fail|p1a: Guess what ??
|
|upkeep
|turn|7
|
|t:|1641961912
|move|p1a: Guess what ??|Magic Coat|p1a: Guess what ??
|-singleturn|p1a: Guess what ??|move: Magic Coat
|move|p2a: Galvantula|Bug Buzz|p1a: Guess what ??
|-supereffective|p1a: Guess what ??
|-damage|p1a: Guess what ??|0 fnt
|faint|p1a: Guess what ??
|
|upkeep
|
|t:|1641961916
|switch|p1a: I gonna win|Arceus, shiny|100/100
|-activate|p1a: I gonna win|move: Sticky Web
|-unboost|p1a: I gonna win|spe|1
|turn|8
|
|t:|1641961919
|move|p2a: Galvantula|Thunder Wave|p1a: I gonna win
|-status|p1a: I gonna win|par
|cant|p1a: I gonna win|par
|
|upkeep
|turn|9
|
|t:|1641961931
|move|p2a: Galvantula|Thunder|p1a: I gonna win
|-damage|p1a: I gonna win|85/100 par
|move|p1a: I gonna win|Cosmic Power|p1a: I gonna win
|-boost|p1a: I gonna win|def|1
|-boost|p1a: I gonna win|spd|1
|
|upkeep
|turn|10
|
|t:|1641961949
|move|p2a: Galvantula|Bug Buzz|p1a: I gonna win
|-damage|p1a: I gonna win|76/100 par
|move|p1a: I gonna win|Cosmic Power|p1a: I gonna win
|-boost|p1a: I gonna win|def|1
|-boost|p1a: I gonna win|spd|1
|
|upkeep
|turn|11
|
|t:|1641961957
|switch|p2a: Gliscor|Gliscor, F|100/100
|-damage|p2a: Gliscor|88/100|[from] Stealth Rock
|move|p1a: I gonna win|Cosmic Power|p1a: I gonna win
|-boost|p1a: I gonna win|def|1
|-boost|p1a: I gonna win|spd|1
|
|-sideend|p1: Pokeashbattle|move: Light Screen
|-status|p2a: Gliscor|tox|[from] item: Toxic Orb
|upkeep
|turn|12
|
|t:|1641961963
|move|p2a: Gliscor|Swords Dance|p2a: Gliscor
|-boost|p2a: Gliscor|atk|2
|cant|p1a: I gonna win|par
|
|-heal|p2a: Gliscor|100/100 tox|[from] ability: Poison Heal
|-sideend|p1: Pokeashbattle|Reflect
|upkeep
|turn|13
|
|t:|1641961968
|move|p2a: Gliscor|Swords Dance|p2a: Gliscor
|-boost|p2a: Gliscor|atk|2
|move|p1a: I gonna win|Cosmic Power|p1a: I gonna win
|-boost|p1a: I gonna win|def|1
|-boost|p1a: I gonna win|spd|1
|
|upkeep
|turn|14
|
|t:|1641961974
|move|p2a: Gliscor|Facade|p1a: I gonna win
|-damage|p1a: I gonna win|54/100 par
|move|p1a: I gonna win|Cosmic Power|p1a: I gonna win
|-boost|p1a: I gonna win|def|1
|-boost|p1a: I gonna win|spd|1
|
|upkeep
|turn|15
|
|t:|1641961981
|move|p2a: Gliscor|Facade|p1a: I gonna win
|-damage|p1a: I gonna win|36/100 par
|cant|p1a: I gonna win|par
|
|upkeep
|turn|16
|
|t:|1641961988
|move|p2a: Gliscor|Facade|p1a: I gonna win
|-damage|p1a: I gonna win|19/100 par
|move|p1a: I gonna win|Rest|p1a: I gonna win
|-status|p1a: I gonna win|slp|[from] move: Rest
|-heal|p1a: I gonna win|100/100 slp|[silent]
|
|upkeep
|turn|17
|
|t:|1641961995
|move|p2a: Gliscor|Facade|p1a: I gonna win
|-damage|p1a: I gonna win|83/100 slp
|cant|p1a: I gonna win|slp
|
|upkeep
|turn|18
|
|t:|1641962000
|move|p2a: Gliscor|Facade|p1a: I gonna win
|-damage|p1a: I gonna win|66/100 slp
|cant|p1a: I gonna win|slp
|
|upkeep
|turn|19
|
|t:|1641962005
|move|p2a: Gliscor|Facade|p1a: I gonna win
|-damage|p1a: I gonna win|49/100 slp
|-curestatus|p1a: I gonna win|slp|[msg]
|move|p1a: I gonna win|Shadow Claw|p2a: Gliscor
|-damage|p2a: Gliscor|81/100 tox
|
|-heal|p2a: Gliscor|94/100 tox|[from] ability: Poison Heal
|upkeep
|turn|20
|
|t:|1641962016
|move|p2a: Gliscor|Facade|p1a: I gonna win
|-damage|p1a: I gonna win|31/100
|move|p1a: I gonna win|Cosmic Power|p1a: I gonna win
|-boost|p1a: I gonna win|def|1
|-boost|p1a: I gonna win|spd|1
|
|-heal|p2a: Gliscor|100/100 tox|[from] ability: Poison Heal
|upkeep
|turn|21
|
|t:|1641962024
|move|p2a: Gliscor|Facade|p1a: I gonna win
|-damage|p1a: I gonna win|16/100
|move|p1a: I gonna win|Rest|p1a: I gonna win
|-status|p1a: I gonna win|slp|[from] move: Rest
|-heal|p1a: I gonna win|100/100 slp|[silent]
|
|upkeep
|turn|22
|
|t:|1641962030
|move|p2a: Gliscor|Swords Dance|p2a: Gliscor
|-boost|p2a: Gliscor|atk|2
|cant|p1a: I gonna win|slp
|
|upkeep
|turn|23
|
|t:|1641962035
|move|p2a: Gliscor|Earthquake|p1a: I gonna win
|-damage|p1a: I gonna win|78/100 slp
|cant|p1a: I gonna win|slp
|
|upkeep
|turn|24
|
|t:|1641962040
|move|p2a: Gliscor|Earthquake|p1a: I gonna win
|-damage|p1a: I gonna win|56/100 slp
|-curestatus|p1a: I gonna win|slp|[msg]
|move|p1a: I gonna win|Last Resort|p2a: Gliscor
|-damage|p2a: Gliscor|47/100 tox
|
|-heal|p2a: Gliscor|59/100 tox|[from] ability: Poison Heal
|upkeep
|turn|25
|
|t:|1641962061
|move|p2a: Gliscor|Roost|p2a: Gliscor
|-heal|p2a: Gliscor|100/100 tox
|-singleturn|p2a: Gliscor|move: Roost
|move|p1a: I gonna win|Last Resort|p2a: Gliscor
|-damage|p2a: Gliscor|37/100 tox
|
|-heal|p2a: Gliscor|50/100 tox|[from] ability: Poison Heal
|upkeep
|turn|26
|
|t:|1641962066
|move|p2a: Gliscor|Roost|p2a: Gliscor
|-heal|p2a: Gliscor|99/100 tox
|-singleturn|p2a: Gliscor|move: Roost
|move|p1a: I gonna win|Last Resort|p2a: Gliscor
|-damage|p2a: Gliscor|37/100 tox
|
|-heal|p2a: Gliscor|49/100 tox|[from] ability: Poison Heal
|upkeep
|turn|27
|
|t:|1641962074
|move|p2a: Gliscor|Roost|p2a: Gliscor
|-heal|p2a: Gliscor|99/100 tox
|-singleturn|p2a: Gliscor|move: Roost
|move|p1a: I gonna win|Last Resort|p2a: Gliscor
|-damage|p2a: Gliscor|36/100 tox
|
|-heal|p2a: Gliscor|49/100 tox|[from] ability: Poison Heal
|upkeep
|turn|28
|
|t:|1641962080
|move|p2a: Gliscor|Roost|p2a: Gliscor
|-heal|p2a: Gliscor|99/100 tox
|-singleturn|p2a: Gliscor|move: Roost
|move|p1a: I gonna win|Shadow Claw|p2a: Gliscor
|-damage|p2a: Gliscor|80/100 tox
|
|-heal|p2a: Gliscor|93/100 tox|[from] ability: Poison Heal
|upkeep
|turn|29
|
|t:|1641962088
|move|p2a: Gliscor|Facade|p1a: I gonna win
|-damage|p1a: I gonna win|35/100
|move|p1a: I gonna win|Last Resort|p2a: Gliscor
|-damage|p2a: Gliscor|30/100 tox
|
|-heal|p2a: Gliscor|42/100 tox|[from] ability: Poison Heal
|upkeep
|turn|30
|
|t:|1641962095
|move|p2a: Gliscor|Roost|p2a: Gliscor
|-heal|p2a: Gliscor|92/100 tox
|-singleturn|p2a: Gliscor|move: Roost
|move|p1a: I gonna win|Shadow Claw|p2a: Gliscor
|-damage|p2a: Gliscor|74/100 tox
|
|-heal|p2a: Gliscor|86/100 tox|[from] ability: Poison Heal
|upkeep
|turn|31
|
|t:|1641962102
|move|p2a: Gliscor|Facade|p1a: I gonna win
|-damage|p1a: I gonna win|15/100
|move|p1a: I gonna win|Last Resort|p2a: Gliscor
|-damage|p2a: Gliscor|26/100 tox
|
|-heal|p2a: Gliscor|38/100 tox|[from] ability: Poison Heal
|upkeep
|turn|32
|c|☆chikennugz|ggs
|
|t:|1641962112
|move|p2a: Gliscor|Facade|p1a: I gonna win
|-damage|p1a: I gonna win|0 fnt
|faint|p1a: I gonna win
|
|win|chikennugz
|raw|Pokeashbattle's rating: 1386 &rarr; <strong>1369</strong><br />(-17 for losing)
|raw|chikennugz's rating: 1434 &rarr; <strong>1451</strong><br />(+17 for winning)
