|j|☆taozzz
|j|☆2miko
|t:|1627605131
|gametype|singles
|player|p1|taozzz|hilda-wonderlauncher|1504
|player|p2|2miko|lucas|1532
|teamsize|p1|6
|teamsize|p2|6
|gen|8
|tier|[Gen 8] National Dex AG
|rated|
|rule|HP Percentage Mod: HP is shown in percentages
|rule|Endless Battle Clause: Forcing endless battles is banned
|clearpoke
|poke|p1|Darkrai|
|poke|p1|Klefki, M|
|poke|p1|Eternatus|
|poke|p1|Naganadel|
|poke|p1|Urshifu-*, M|
|poke|p1|Zacian-*|
|poke|p2|Tyranitar, M|
|poke|p2|Zacian-*|
|poke|p2|Rayquaza|
|poke|p2|Necrozma-Dusk-Mane|
|poke|p2|Xerneas-*|
|poke|p2|Calyrex-Shadow|
|teampreview
|inactive|Battle timer is ON: inactive players will automatically lose when time's up. (requested by taozzz)
|inactive|taozzz has 120 seconds left.
|
|t:|1627605170
|start
|switch|p1a: Klefki|Klefki, M, shiny|100/100
|switch|p2a: Zacian|Zacian-Crowned|100/100
|-ability|p2a: Zacian|Intrepid Sword|boost
|-boost|p2a: Zacian|atk|1
|turn|1
|
|t:|1627605180
|move|p1a: Klefki|Thunder Wave|p2a: Zacian
|-status|p2a: Zacian|par
|move|p2a: Zacian|Behemoth Blade|p1a: Klefki
|-damage|p1a: Klefki|17/100
|
|upkeep
|turn|2
|
|t:|1627605187
|move|p1a: Klefki|Defog|p2a: Zacian
|-unboost|p2a: Zacian|evasion|1
|cant|p2a: Zacian|par
|
|upkeep
|turn|3
|
|t:|1627605192
|switch|p1a: Eternatus|Eternatus|100/100
|-ability|p1a: Eternatus|Pressure
|move|p2a: Zacian|Behemoth Blade|p1a: Eternatus
|-damage|p1a: Eternatus|25/100
|
|upkeep
|turn|4
|
|t:|1627605194
|move|p1a: Eternatus|Flamethrower|p2a: Zacian
|-supereffective|p2a: Zacian
|-crit|p2a: Zacian
|-damage|p2a: Zacian|0 fnt
|faint|p2a: Zacian
|
|upkeep
|
|t:|1627605201
|switch|p2a: Calyrex|Calyrex-Shadow|100/100
|-ability|p2a: Calyrex|As One
|-ability|p2a: Calyrex|Unnerve
|turn|5
|
|t:|1627605209
|-start|p2a: Calyrex|Dynamax
|-heal|p2a: Calyrex|100/100|[silent]
|move|p2a: Calyrex|Max Mindstorm|p1a: Eternatus
|-supereffective|p1a: Eternatus
|-damage|p1a: Eternatus|0 fnt
|-fieldstart|move: Psychic Terrain
|faint|p1a: Eternatus
|-ability|p2a: Calyrex|Grim Neigh|boost
|-boost|p2a: Calyrex|spa|1
|
|upkeep
|
|t:|1627605224
|switch|p1a: Klefki|Klefki, M, shiny|17/100
|turn|6
|
|t:|1627605227
|move|p1a: Klefki|Thunder Wave|p2a: Calyrex
|-activate|p2a: Calyrex|move: Psychic Terrain
|move|p2a: Calyrex|Max Phantasm|p1a: Klefki
|-damage|p1a: Klefki|0 fnt
|faint|p1a: Klefki
|-ability|p2a: Calyrex|Grim Neigh|boost
|-boost|p2a: Calyrex|spa|1
|
|upkeep
|
|t:|1627605232
|switch|p1a: Zacian|Zacian-Crowned|100/100
|-ability|p1a: Zacian|Intrepid Sword|boost
|-boost|p1a: Zacian|atk|1
|turn|7
|
|t:|1627605236
|move|p2a: Calyrex|Max Phantasm|p1a: Zacian
|-damage|p1a: Zacian|0 fnt
|faint|p1a: Zacian
|-ability|p2a: Calyrex|Grim Neigh|boost
|-boost|p2a: Calyrex|spa|1
|
|-end|p2a: Calyrex|Dynamax
|-heal|p2a: Calyrex|100/100|[silent]
|upkeep
|
|t:|1627605247
|switch|p1a: Darkrai|Darkrai|100/100
|turn|8
|
|t:|1627605259
|move|p2a: Calyrex|Draining Kiss|p1a: Darkrai
|-supereffective|p1a: Darkrai
|-damage|p1a: Darkrai|0 fnt
|faint|p1a: Darkrai
|-ability|p2a: Calyrex|Grim Neigh|boost
|-boost|p2a: Calyrex|spa|1
|
|upkeep
|
|t:|1627605263
|switch|p1a: Urshifu|Urshifu, M|100/100
|turn|9
|
|t:|1627605266
|move|p2a: Calyrex|Draining Kiss|p1a: Urshifu
|-supereffective|p1a: Urshifu
|-damage|p1a: Urshifu|0 fnt
|faint|p1a: Urshifu
|-ability|p2a: Calyrex|Grim Neigh|boost
|-boost|p2a: Calyrex|spa|1
|
|-fieldend|move: Psychic Terrain
|upkeep
|
|t:|1627605269
|switch|p1a: Naganadel|Naganadel, shiny|100/100
|turn|10
|
|t:|1627605273
|-start|p1a: Naganadel|Dynamax
|-heal|p1a: Naganadel|100/100|[silent]
|move|p2a: Calyrex|Draining Kiss|p1a: Naganadel
|-damage|p1a: Naganadel|10/100
|move|p1a: Naganadel|Max Airstream|p2a: Calyrex
|-damage|p2a: Calyrex|48/100
|-boost|p1a: Naganadel|spe|1
|
|upkeep
|turn|11
|
|t:|1627605280
|move|p1a: Naganadel|Max Ooze|p2a: Calyrex
|-resisted|p2a: Calyrex
|-damage|p2a: Calyrex|22/100
|-boost|p1a: Naganadel|spa|1
|move|p2a: Calyrex|Draining Kiss|p1a: Naganadel
|-damage|p1a: Naganadel|0 fnt
|-heal|p2a: Calyrex|35/100|[from] drain|[of] p1a: Naganadel
|faint|p1a: Naganadel
|
|win|2miko
|raw|taozzz's rating: 1505 &rarr; <strong>1487</strong><br />(-18 for losing)
|raw|2miko's rating: 1532 &rarr; <strong>1550</strong><br />(+18 for winning)
|l|☆taozzz
