|j|☆amnael01
|j|☆Tahz
|t:|1665843125
|gametype|singles
|player|p1|amnael01|266|1873
|player|p2|Tahz|veteran|1775
|teamsize|p1|6
|teamsize|p2|6
|gen|8
|tier|[Gen 8] National Dex AG
|rated|
|rule|HP Percentage Mod: HP is shown in percentages
|rule|Endless Battle Clause: Forcing endless battles is banned
|clearpoke
|poke|p1|Smeargle, M|
|poke|p1|Groudon|
|poke|p1|Espeon, M|
|poke|p1|Rayquaza|
|poke|p1|Xerneas-*|
|poke|p1|Zacian-*|
|poke|p2|Marshadow|
|poke|p2|Necrozma-Dusk-Mane|
|poke|p2|Arceus-*|
|poke|p2|Ditto|
|poke|p2|Yveltal|
|poke|p2|Arceus-*|
|teampreview
|inactive|Battle timer is ON: inactive players will automatically lose when time's up. (requested by Tahz)
|j| NicPichu
|l| NicPichu
|c|☆Tahz|gl
|
|t:|1665843137
|start
|switch|p1a: Smeargle|Smeargle, M|100/100
|switch|p2a: Arceus|Arceus-Ground|100/100
|turn|1
|j| Swas ❤
|
|t:|1665843164
|move|p2a: Arceus|Magic Coat|p2a: Arceus
|-singleturn|p2a: Arceus|move: Magic Coat
|move|p1a: Smeargle|Spiky Shield||[still]
|-fail|p1a: Smeargle
|
|-ability|p1a: Smeargle|Moody|boost
|-boost|p1a: Smeargle|spa|2
|-unboost|p1a: Smeargle|def|1
|upkeep
|turn|2
|
|t:|1665843169
|move|p2a: Arceus|Magic Coat|p2a: Arceus
|-singleturn|p2a: Arceus|move: Magic Coat
|move|p1a: Smeargle|Spiky Shield||[still]
|-fail|p1a: Smeargle
|
|-ability|p1a: Smeargle|Moody|boost
|-boost|p1a: Smeargle|atk|2
|-unboost|p1a: Smeargle|spa|1
|upkeep
|turn|3
|
|t:|1665843172
|move|p1a: Smeargle|Spiky Shield|p1a: Smeargle
|-singleturn|p1a: Smeargle|move: Protect
|move|p2a: Arceus|Earthquake|p1a: Smeargle
|-activate|p1a: Smeargle|move: Protect
|
|-ability|p1a: Smeargle|Moody|boost
|-boost|p1a: Smeargle|spe|2
|-unboost|p1a: Smeargle|def|1
|upkeep
|turn|4
|
|t:|1665843177
|move|p2a: Arceus|Magic Coat|p2a: Arceus
|-singleturn|p2a: Arceus|move: Magic Coat
|move|p1a: Smeargle|Baton Pass|p1a: Smeargle
|
|t:|1665843180
|switch|p1a: Rayquaza|Rayquaza|100/100|[from]move: Baton Pass
|-ability|p1a: Rayquaza|Air Lock
|
|upkeep
|turn|5
|
|t:|1665843183
|detailschange|p1a: Rayquaza|Rayquaza-Mega
|-mega|p1a: Rayquaza|Rayquaza|
|-weather|DeltaStream|[from] ability: Delta Stream|[of] p1a: Rayquaza
|move|p1a: Rayquaza|Dragon Ascent|p2a: Arceus
|-damage|p2a: Arceus|19/100
|-unboost|p1a: Rayquaza|def|1
|-unboost|p1a: Rayquaza|spd|1
|move|p2a: Arceus|Stealth Rock|p1a: Rayquaza
|-sidestart|p1: amnael01|move: Stealth Rock
|
|-weather|DeltaStream|[upkeep]
|upkeep
|turn|6
|
|t:|1665843190
|move|p1a: Rayquaza|Extreme Speed|p2a: Arceus
|-damage|p2a: Arceus|0 fnt
|faint|p2a: Arceus
|
|-weather|DeltaStream|[upkeep]
|upkeep
|
|t:|1665843194
|switch|p2a: hello caly|Marshadow|100/100
|turn|7
|
|t:|1665843197
|-weather|none
|switch|p1a: Smeargle|Smeargle, M|100/100
|-damage|p1a: Smeargle|88/100|[from] Stealth Rock
|move|p2a: hello caly|Shadow Sneak|p1a: Smeargle
|-immune|p1a: Smeargle
|
|-ability|p1a: Smeargle|Moody|boost
|-boost|p1a: Smeargle|def|2
|-unboost|p1a: Smeargle|atk|1
|upkeep
|turn|8
|
|t:|1665843201
|move|p1a: Smeargle|Spiky Shield|p1a: Smeargle
|-singleturn|p1a: Smeargle|move: Protect
|move|p2a: hello caly|Close Combat|p1a: Smeargle
|-activate|p1a: Smeargle|move: Protect
|-damage|p2a: hello caly|88/100|[from] Spiky Shield|[of] p1a: Smeargle
|
|-ability|p1a: Smeargle|Moody|boost
|-boost|p1a: Smeargle|spe|2
|-unboost|p1a: Smeargle|atk|1
|upkeep
|turn|9
|
|t:|1665843204
|move|p1a: Smeargle|Spore|p2a: hello caly
|-status|p2a: hello caly|slp|[from] move: Spore
|cant|p2a: hello caly|slp
|
|-ability|p1a: Smeargle|Moody|boost
|-boost|p1a: Smeargle|def|2
|-unboost|p1a: Smeargle|atk|1
|upkeep
|turn|10
|
|t:|1665843210
|cant|p2a: hello caly|slp
|move|p1a: Smeargle|Baton Pass|p1a: Smeargle
|
|t:|1665843212
|switch|p1a: Xerneas|Xerneas|100/100|[from]move: Baton Pass
|-damage|p1a: Xerneas|88/100|[from] Stealth Rock
|-ability|p1a: Xerneas|Fairy Aura
|
|upkeep
|turn|11
|
|t:|1665843216
|move|p1a: Xerneas|Moonblast|p2a: hello caly
|-supereffective|p2a: hello caly
|-damage|p2a: hello caly|0 fnt
|faint|p2a: hello caly
|
|upkeep
|
|t:|1665843221
|switch|p2a: ._.|Ditto|100/100
|-transform|p2a: ._.|p1a: Xerneas|[from] ability: Imposter
|-ability|p2a: ._.|Fairy Aura
|turn|12
|
|t:|1665843227
|move|p2a: ._.|Moonblast|p1a: Xerneas
|-damage|p1a: Xerneas|51/100
|-unboost|p1a: Xerneas|spa|1
|move|p1a: Xerneas|Geomancy||[still]
|-prepare|p1a: Xerneas|Geomancy
|-enditem|p1a: Xerneas|Power Herb
|-anim|p1a: Xerneas|Geomancy|p1a: Xerneas
|-boost|p1a: Xerneas|spa|2
|-boost|p1a: Xerneas|spd|2
|-boost|p1a: Xerneas|spe|2
|
|upkeep
|turn|13
|
|t:|1665843234
|switch|p2a: Arceus|Arceus-Electric|100/100
|move|p1a: Xerneas|Moonblast|p2a: Arceus
|-damage|p2a: Arceus|39/100
|-unboost|p2a: Arceus|spa|1
|
|upkeep
|turn|14
|
|t:|1665843237
|move|p1a: Xerneas|Moonblast|p2a: Arceus
|-damage|p2a: Arceus|0 fnt
|faint|p2a: Arceus
|
|upkeep
|
|t:|1665843240
|switch|p2a: ._.|Ditto|100/100
|-transform|p2a: ._.|p1a: Xerneas|[from] ability: Imposter
|-ability|p2a: ._.|Fairy Aura
|turn|15
|
|t:|1665843246
|-start|p2a: ._.|Dynamax|
|-heal|p2a: ._.|100/100|[silent]
|-start|p1a: Xerneas|Dynamax|
|-heal|p1a: Xerneas|51/100|[silent]
|move|p2a: ._.|Max Starfall|p1a: Xerneas
|-damage|p1a: Xerneas|33/100
|-fieldstart|move: Misty Terrain
|move|p1a: Xerneas|Max Starfall|p2a: ._.
|-damage|p2a: ._.|71/100
|
|upkeep
|turn|16
|
|t:|1665843249
|move|p2a: ._.|Max Starfall|p1a: Xerneas
|-damage|p1a: Xerneas|13/100
|move|p1a: Xerneas|Max Starfall|p2a: ._.
|-damage|p2a: ._.|42/100
|
|upkeep
|turn|17
|
|t:|1665843251
|move|p1a: Xerneas|Max Starfall|p2a: ._.
|-damage|p2a: ._.|13/100
|move|p2a: ._.|Max Starfall|p1a: Xerneas
|-damage|p1a: Xerneas|0 fnt
|faint|p1a: Xerneas
|
|upkeep
|
|t:|1665843257
|switch|p1a: Smeargle|Smeargle, M|88/100
|-damage|p1a: Smeargle|76/100|[from] Stealth Rock
|-end|p2a: ._.|Dynamax
|-heal|p2a: ._.|13/100|[silent]
|turn|18
|
|t:|1665843262
|move|p1a: Smeargle|Spiky Shield|p1a: Smeargle
|-singleturn|p1a: Smeargle|move: Protect
|move|p2a: ._.|Moonblast|p1a: Smeargle
|-activate|p1a: Smeargle|move: Protect
|
|-ability|p1a: Smeargle|Moody|boost
|-boost|p1a: Smeargle|atk|2
|-unboost|p1a: Smeargle|spd|1
|upkeep
|turn|19
|
|t:|1665843265
|move|p2a: ._.|Moonblast|p1a: Smeargle
|-damage|p1a: Smeargle|0 fnt
|faint|p1a: Smeargle
|
|-fieldend|Misty Terrain
|upkeep
|
|t:|1665843266
|switch|p1a: Groudon|Groudon|100/100
|-damage|p1a: Groudon|94/100|[from] Stealth Rock
|detailschange|p1a: Groudon|Groudon-Primal
|-primal|p1a: Groudon
|-weather|DesolateLand|[from] ability: Desolate Land|[of] p1a: Groudon
|turn|20
|
|t:|1665843272
|switch|p2a: Necrozma|Necrozma-Dusk-Mane|100/100
|move|p1a: Groudon|Stealth Rock|p2a: Necrozma
|-sidestart|p2: Tahz|move: Stealth Rock
|
|-weather|DesolateLand|[upkeep]
|upkeep
|turn|21
|
|t:|1665843276
|detailschange|p2a: Necrozma|Necrozma-Ultra
|-burst|p2a: Necrozma|Necrozma|Ultranecrozium Z
|move|p2a: Necrozma|Dragon Dance|p2a: Necrozma
|-boost|p2a: Necrozma|atk|1
|-boost|p2a: Necrozma|spe|1
|move|p1a: Groudon|Roar|p2a: Necrozma
|drag|p2a: ._.|Ditto|13/100
|-damage|p2a: ._.|0 fnt|[from] Stealth Rock
|faint|p2a: ._.
|
|-weather|DesolateLand|[upkeep]
|upkeep
|
|t:|1665843282
|switch|p2a: Necrozma|Necrozma-Ultra|100/100
|-damage|p2a: Necrozma|88/100|[from] Stealth Rock
|turn|22
|
|t:|1665843285
|move|p2a: Necrozma|Earthquake|p1a: Groudon
|-supereffective|p1a: Groudon
|-damage|p1a: Groudon|20/100
|move|p1a: Groudon|Roar|p2a: Necrozma
|drag|p2a: Watch yo tone|Yveltal|100/100
|-damage|p2a: Watch yo tone|76/100|[from] Stealth Rock
|-ability|p2a: Watch yo tone|Dark Aura
|
|-weather|DesolateLand|[upkeep]
|upkeep
|turn|23
|
|t:|1665843289
|move|p1a: Groudon|Fire Punch|p2a: Watch yo tone
|-damage|p2a: Watch yo tone|12/100
|move|p2a: Watch yo tone|Oblivion Wing|p1a: Groudon
|-damage|p1a: Groudon|0 fnt
|-heal|p2a: Watch yo tone|24/100|[from] drain|[of] p1a: Groudon
|faint|p1a: Groudon
|-weather|none
|-damage|p2a: Watch yo tone|14/100|[from] item: Life Orb
|
|upkeep
|
|t:|1665843295
|switch|p1a: Zacian|Zacian-Crowned|100/100
|-damage|p1a: Zacian|94/100|[from] Stealth Rock
|-ability|p1a: Zacian|Intrepid Sword|boost
|-boost|p1a: Zacian|atk|1
|turn|24
|
|t:|1665843298
|move|p2a: Watch yo tone|Sucker Punch|p1a: Zacian
|-resisted|p1a: Zacian
|-damage|p1a: Zacian|68/100
|-damage|p2a: Watch yo tone|5/100|[from] item: Life Orb
|move|p1a: Zacian|Behemoth Blade|p2a: Watch yo tone
|-damage|p2a: Watch yo tone|0 fnt
|faint|p2a: Watch yo tone
|
|upkeep
|
|t:|1665843302
|switch|p2a: Necrozma|Necrozma-Ultra|88/100
|-damage|p2a: Necrozma|76/100|[from] Stealth Rock
|turn|25
|
|t:|1665843311
|move|p1a: Zacian|Behemoth Blade|p2a: Necrozma
|-damage|p2a: Necrozma|0 fnt
|faint|p2a: Necrozma
|
|win|amnael01
|raw|amnael01's rating: 1873 &rarr; <strong>1888</strong><br />(+15 for winning)
|raw|Tahz's rating: 1775 &rarr; <strong>1760</strong><br />(-15 for losing)
|l|☆Tahz
|j|☆Tahz
|player|p2|Tahz|veteran
