|j|☆Profe$$or Oak
|j|☆Geysers
|inactive|Battle timer is ON: inactive players will automatically lose when time's up.
|t:|1629311155
|gametype|singles
|player|p1|Profe$$or Oak|oak-gen1|
|player|p2|Geysers|lusamine-nihilego|
|teamsize|p1|6
|teamsize|p2|6
|gen|8
|tier|[Gen 8] National Dex AG
|rated|Tournament battle
|rule|HP Percentage Mod: HP is shown in percentages
|rule|Endless Battle Clause: Forcing endless battles is banned
|clearpoke
|poke|p1|Rayquaza|
|poke|p1|Arceus-*|
|poke|p1|Necrozma-Dusk-Mane|
|poke|p1|Arceus-*|
|poke|p1|Ho-Oh|
|poke|p1|Ditto|
|poke|p2|Gengar, F|
|poke|p2|Zacian-*|
|poke|p2|Yveltal|
|poke|p2|Necrozma-Dusk-Mane|
|poke|p2|Arceus-*|
|poke|p2|Marshadow|
|teampreview
|inactive|Profe$$or Oak also wants the timer to be on.
|j|%Frito135 ♡
|c|☆Geysers|bl dhf
|c|%Frito135 ♡|oml
|inactive|Profe$$or Oak has 120 seconds left.
|
|t:|1629311214
|start
|switch|p1a: Arceus|Arceus-Dark|100/100
|switch|p2a: Gengar|Gengar, F|100/100
|turn|1
|
|t:|1629311220
|detailschange|p2a: Gengar|Gengar-Mega, F
|-mega|p2a: Gengar|Gengar|Gengarite
|move|p2a: Gengar|Substitute|p2a: Gengar
|-start|p2a: Gengar|Substitute
|-damage|p2a: Gengar|76/100
|move|p1a: Arceus|Judgment|p2a: Gengar
|-supereffective|p2a: Gengar
|-end|p2a: Gengar|Substitute
|
|upkeep
|turn|2
|
|t:|1629311223
|switch|p2a: Yveltal|Yveltal|100/100
|-ability|p2a: Yveltal|Dark Aura
|move|p1a: Arceus|Judgment|p2a: Yveltal
|-resisted|p2a: Yveltal
|-damage|p2a: Yveltal|84/100
|
|upkeep
|turn|3
|
|t:|1629311229
|move|p1a: Arceus|Recover||[still]
|-fail|p1a: Arceus|heal
|move|p2a: Yveltal|U-turn|p1a: Arceus
|-supereffective|p1a: Arceus
|-damage|p1a: Arceus|74/100
|
|t:|1629311234
|switch|p2a: Gengar|Gengar-Mega, F|76/100|[from]move: U-turn
|
|upkeep
|turn|4
|
|t:|1629311238
|switch|p2a: Zacian|Zacian-Crowned|100/100
|-ability|p2a: Zacian|Intrepid Sword|boost
|-boost|p2a: Zacian|atk|1
|move|p1a: Arceus|Judgment|p2a: Zacian
|-resisted|p2a: Zacian
|-damage|p2a: Zacian|79/100
|
|upkeep
|turn|5
|c|☆Geysers|>>>
|c|☆Geysers|why did you stay in there
|
|t:|1629311245
|switch|p2a: Arceus|Arceus-Dragon|100/100
|switch|p1a: Ho-Oh|Ho-Oh|100/100
|
|upkeep
|turn|6
|c|☆Geysers|do you know what gar does
|
|t:|1629311251
|switch|p2a: Gengar|Gengar-Mega, F|76/100
|move|p1a: Ho-Oh|Toxic|p2a: Gengar|[miss]
|-miss|p1a: Ho-Oh|p2a: Gengar
|
|upkeep
|turn|7
|
|t:|1629311257
|move|p2a: Gengar|Encore|p1a: Ho-Oh
|-start|p1a: Ho-Oh|Encore
|move|p1a: Ho-Oh|Toxic|p2a: Gengar
|-immune|p2a: Gengar
|
|upkeep
|turn|8
|
|t:|1629311270
|move|p2a: Gengar|Substitute|p2a: Gengar
|-start|p2a: Gengar|Substitute
|-damage|p2a: Gengar|51/100
|move|p1a: Ho-Oh|Toxic||[still]
|-fail|p1a: Ho-Oh
|
|upkeep
|turn|9
|
|t:|1629311276
|move|p2a: Gengar|Shadow Ball|p1a: Ho-Oh
|-damage|p1a: Ho-Oh|75/100
|move|p1a: Ho-Oh|Toxic||[still]
|-fail|p1a: Ho-Oh
|
|-end|p1a: Ho-Oh|Encore
|upkeep
|turn|10
|
|t:|1629311281
|move|p2a: Gengar|Encore|p1a: Ho-Oh
|-start|p1a: Ho-Oh|Encore
|move|p1a: Ho-Oh|Toxic||[still]
|-fail|p1a: Ho-Oh
|
|upkeep
|turn|11
|
|t:|1629311286
|move|p2a: Gengar|Shadow Ball|p1a: Ho-Oh
|-damage|p1a: Ho-Oh|51/100
|move|p1a: Ho-Oh|Toxic||[still]
|-fail|p1a: Ho-Oh
|
|upkeep
|turn|12
|
|t:|1629311288
|move|p2a: Gengar|Shadow Ball|p1a: Ho-Oh
|-crit|p1a: Ho-Oh
|-damage|p1a: Ho-Oh|14/100
|move|p1a: Ho-Oh|Toxic||[still]
|-fail|p1a: Ho-Oh
|
|-end|p1a: Ho-Oh|Encore
|upkeep
|turn|13
|
|t:|1629311291
|move|p2a: Gengar|Shadow Ball|p1a: Ho-Oh
|-damage|p1a: Ho-Oh|0 fnt
|faint|p1a: Ho-Oh
|
|upkeep
|
|t:|1629311302
|switch|p1a: Rayquaza|Rayquaza|100/100
|-ability|p1a: Rayquaza|Air Lock
|turn|14
|
|t:|1629311304
|detailschange|p1a: Rayquaza|Rayquaza-Mega
|-mega|p1a: Rayquaza|Rayquaza|
|-weather|DeltaStream|[from] ability: Delta Stream|[of] p1a: Rayquaza
|move|p2a: Gengar|Shadow Ball|p1a: Rayquaza
|-crit|p1a: Rayquaza
|-damage|p1a: Rayquaza|20/100
|move|p1a: Rayquaza|Scale Shot|p2a: Gengar
|-end|p2a: Gengar|Substitute
|-damage|p2a: Gengar|14/100
|-damage|p2a: Gengar|0 fnt
|faint|p2a: Gengar
|-hitcount|p2: Gengar|3
|-unboost|p1a: Rayquaza|def|1
|-boost|p1a: Rayquaza|spe|1
|-damage|p1a: Rayquaza|10/100|[from] item: Life Orb
|
|-weather|DeltaStream|[upkeep]
|upkeep
|c|☆Geysers|LOL
|
|t:|1629311310
|switch|p2a: Marshadow|Marshadow|100/100
|turn|15
|
|t:|1629311316
|-weather|none
|switch|p1a: Arceus|Arceus-Fairy|100/100
|move|p2a: Marshadow|Shadow Sneak|p1a: Arceus
|-damage|p1a: Arceus|80/100
|-damage|p2a: Marshadow|91/100|[from] item: Life Orb
|
|upkeep
|turn|16
|c|☆Geysers|truly the worst ray set
|c|☆Profe$$or Oak|Stfu Ben lmao just play
|
|t:|1629311337
|switch|p2a: Zacian|Zacian-Crowned|79/100
|-ability|p2a: Zacian|Intrepid Sword|boost
|-boost|p2a: Zacian|atk|1
|move|p1a: Arceus|Judgment|p2a: Zacian
|-resisted|p2a: Zacian
|-damage|p2a: Zacian|56/100
|
|upkeep
|turn|17
|
|t:|1629311344
|switch|p2a: Marshadow|Marshadow|91/100
|switch|p1a: Necrozma|Necrozma-Dusk-Mane|100/100
|
|upkeep
|turn|18
|
|t:|1629311346
|switch|p1a: Arceus|Arceus-Fairy|80/100
|move|p2a: Marshadow|Bulk Up|p2a: Marshadow
|-boost|p2a: Marshadow|atk|1
|-boost|p2a: Marshadow|def|1
|
|upkeep
|turn|19
|
|t:|1629311351
|-start|p2a: Marshadow|Dynamax
|-heal|p2a: Marshadow|91/100|[silent]
|move|p2a: Marshadow|Max Phantasm|p1a: Arceus
|-damage|p1a: Arceus|11/100
|-unboost|p1a: Arceus|def|1
|-damage|p2a: Marshadow|86/100|[from] item: Life Orb
|move|p1a: Arceus|Recover|p1a: Arceus
|-heal|p1a: Arceus|61/100
|
|upkeep
|turn|20
|
|t:|1629311356
|switch|p1a: Rayquaza|Rayquaza-Mega|10/100
|-weather|DeltaStream|[from] ability: Delta Stream|[of] p1a: Rayquaza
|move|p2a: Marshadow|Max Phantasm|p1a: Rayquaza
|-damage|p1a: Rayquaza|0 fnt
|faint|p1a: Rayquaza
|-weather|none
|-damage|p2a: Marshadow|81/100|[from] item: Life Orb
|
|upkeep
|j| pokenerddude♔
|
|t:|1629311365
|switch|p1a: Arceus|Arceus-Fairy|61/100
|turn|21
|
|t:|1629311369
|-start|p1a: Arceus|Dynamax
|-heal|p1a: Arceus|61/100|[silent]
|move|p1a: Arceus|Max Guard|p1a: Arceus
|-singleturn|p1a: Arceus|Max Guard
|move|p2a: Marshadow|Max Phantasm|p1a: Arceus
|-activate|p1a: Arceus|move: Max Guard
|
|-end|p2a: Marshadow|Dynamax
|-heal|p2a: Marshadow|81/100|[silent]
|upkeep
|turn|22
|
|t:|1629311374
|switch|p2a: Zacian|Zacian-Crowned|56/100
|-ability|p2a: Zacian|Intrepid Sword|boost
|-boost|p2a: Zacian|atk|1
|move|p1a: Arceus|Max Starfall|p2a: Zacian
|-resisted|p2a: Zacian
|-damage|p2a: Zacian|27/100
|-fieldstart|move: Misty Terrain
|
|upkeep
|turn|23
|
|t:|1629311377
|-end|p1a: Arceus|Dynamax
|-heal|p1a: Arceus|61/100|[silent]
|switch|p1a: Necrozma|Necrozma-Dusk-Mane|100/100
|move|p2a: Zacian|Behemoth Blade|p1a: Necrozma
|-resisted|p1a: Necrozma
|-damage|p1a: Necrozma|74/100
|-damage|p2a: Zacian|10/100|[from] item: Rocky Helmet|[of] p1a: Necrozma
|
|upkeep
|turn|24
|
|t:|1629311381
|move|p2a: Zacian|Close Combat|p1a: Necrozma
|-damage|p1a: Necrozma|27/100
|-unboost|p2a: Zacian|def|1
|-unboost|p2a: Zacian|spd|1
|-damage|p2a: Zacian|0 fnt|[from] item: Rocky Helmet|[of] p1a: Necrozma
|faint|p2a: Zacian
|move|p1a: Necrozma|Morning Sun|p1a: Necrozma
|-heal|p1a: Necrozma|77/100
|
|upkeep
|j| dulsetnet
|
|t:|1629311384
|switch|p2a: Marshadow|Marshadow|81/100
|turn|25
|
|t:|1629311387
|move|p2a: Marshadow|Bulk Up|p2a: Marshadow
|-boost|p2a: Marshadow|atk|1
|-boost|p2a: Marshadow|def|1
|move|p1a: Necrozma|Sunsteel Strike|p2a: Marshadow
|-damage|p2a: Marshadow|33/100
|
|upkeep
|turn|26
|
|t:|1629311392
|move|p2a: Marshadow|Poltergeist|p1a: Necrozma
|-activate|p1a: Necrozma|move: Poltergeist|Rocky Helmet
|-supereffective|p1a: Necrozma
|-damage|p1a: Necrozma|0 fnt
|faint|p1a: Necrozma
|-damage|p2a: Marshadow|23/100|[from] item: Life Orb
|
|-fieldend|Misty Terrain
|upkeep
|
|t:|1629311395
|switch|p1a: Ditto|Ditto|100/100
|-transform|p1a: Ditto|p2a: Marshadow|[from] ability: Imposter
|turn|27
|
|t:|1629311399
|switch|p2a: Yveltal|Yveltal|84/100
|-ability|p2a: Yveltal|Dark Aura
|move|p1a: Ditto|Shadow Sneak|p2a: Yveltal
|-resisted|p2a: Yveltal
|-damage|p2a: Yveltal|65/100
|
|upkeep
|turn|28
|
|t:|1629311404
|switch|p1a: Arceus|Arceus-Dark|74/100
|move|p2a: Yveltal|U-turn|p1a: Arceus
|-supereffective|p1a: Arceus
|-damage|p1a: Arceus|49/100
|
|t:|1629311405
|switch|p2a: Marshadow|Marshadow|23/100|[from]move: U-turn
|
|upkeep
|turn|29
|
|t:|1629311410
|move|p2a: Marshadow|Bulk Up|p2a: Marshadow
|-boost|p2a: Marshadow|atk|1
|-boost|p2a: Marshadow|def|1
|move|p1a: Arceus|Judgment|p2a: Marshadow
|-damage|p2a: Marshadow|0 fnt
|faint|p2a: Marshadow
|
|upkeep
|
|t:|1629311413
|switch|p2a: Yveltal|Yveltal|65/100
|-ability|p2a: Yveltal|Dark Aura
|turn|30
|
|t:|1629311416
|move|p1a: Arceus|Recover|p1a: Arceus
|-heal|p1a: Arceus|99/100
|move|p2a: Yveltal|U-turn|p1a: Arceus
|-supereffective|p1a: Arceus
|-damage|p1a: Arceus|71/100
|c|☆Geysers|why did you stay in lol
|c|☆Geysers|sacking darkceus there doesn’t help you
|
|t:|1629311423
|switch|p2a: Arceus|Arceus-Dragon|100/100|[from]move: U-turn
|
|upkeep
|turn|31
|c|☆Profe$$or Oak|Cuz if I switch there I lose
|c|☆Geysers|only if I didn’t cc
|
|t:|1629311435
|switch|p2a: Yveltal|Yveltal|65/100
|-ability|p2a: Yveltal|Dark Aura
|switch|p1a: Arceus|Arceus-Fairy|61/100
|
|upkeep
|turn|32
|
|t:|1629311438
|switch|p2a: Necrozma|Necrozma-Dusk-Mane|100/100
|move|p1a: Arceus|Recover|p1a: Arceus
|-heal|p1a: Arceus|100/100
|
|upkeep
|turn|33
|
|t:|1629311441
|switch|p1a: Arceus|Arceus-Dark|71/100
|move|p2a: Necrozma|Stealth Rock|p1a: Arceus
|-sidestart|p1: Profe$$or Oak|move: Stealth Rock
|
|upkeep
|turn|34
|
|t:|1629311444
|switch|p2a: Yveltal|Yveltal|65/100
|-ability|p2a: Yveltal|Dark Aura
|move|p1a: Arceus|Calm Mind|p1a: Arceus
|-boost|p1a: Arceus|spa|1
|-boost|p1a: Arceus|spd|1
|
|upkeep
|turn|35
|
|t:|1629311446
|move|p1a: Arceus|Calm Mind|p1a: Arceus
|-boost|p1a: Arceus|spa|1
|-boost|p1a: Arceus|spd|1
|move|p2a: Yveltal|Roost|p2a: Yveltal
|-heal|p2a: Yveltal|100/100
|-singleturn|p2a: Yveltal|move: Roost
|
|upkeep
|turn|36
|
|t:|1629311450
|move|p1a: Arceus|Calm Mind|p1a: Arceus
|-boost|p1a: Arceus|spa|1
|-boost|p1a: Arceus|spd|1
|move|p2a: Yveltal|U-turn|p1a: Arceus
|-supereffective|p1a: Arceus
|-damage|p1a: Arceus|42/100
|
|t:|1629311451
|switch|p2a: Arceus|Arceus-Dragon|100/100|[from]move: U-turn
|
|upkeep
|turn|37
|
|t:|1629311453
|move|p1a: Arceus|Recover|p1a: Arceus
|-heal|p1a: Arceus|92/100
|move|p2a: Arceus|Roar|p1a: Arceus
|drag|p1a: Ditto|Ditto|100/100
|-damage|p1a: Ditto|88/100|[from] Stealth Rock
|-transform|p1a: Ditto|p2a: Arceus|[from] ability: Imposter
|
|upkeep
|turn|38
|
|t:|1629311465
|move|p1a: Ditto|Will-O-Wisp|p2a: Arceus
|-status|p2a: Arceus|brn
|move|p2a: Arceus|Roar|p1a: Ditto
|drag|p1a: Arceus|Arceus-Dark|92/100
|-damage|p1a: Arceus|80/100|[from] Stealth Rock
|
|-damage|p2a: Arceus|94/100 brn|[from] brn
|upkeep
|turn|39
|
|t:|1629311473
|move|p2a: Arceus|Judgment|p1a: Arceus
|-damage|p1a: Arceus|56/100
|move|p1a: Arceus|Judgment|p2a: Arceus
|-damage|p2a: Arceus|63/100 brn
|
|-damage|p2a: Arceus|57/100 brn|[from] brn
|upkeep
|turn|40
|
|t:|1629311476
|move|p2a: Arceus|Recover|p2a: Arceus
|-heal|p2a: Arceus|100/100 brn
|move|p1a: Arceus|Recover|p1a: Arceus
|-heal|p1a: Arceus|100/100
|
|-damage|p2a: Arceus|94/100 brn|[from] brn
|upkeep
|turn|41
|
|t:|1629311478
|move|p1a: Arceus|Calm Mind|p1a: Arceus
|-boost|p1a: Arceus|spa|1
|-boost|p1a: Arceus|spd|1
|move|p2a: Arceus|Roar|p1a: Arceus
|drag|p1a: Arceus|Arceus-Fairy|100/100
|-damage|p1a: Arceus|88/100|[from] Stealth Rock
|
|-damage|p2a: Arceus|88/100 brn|[from] brn
|upkeep
|turn|42
|
|t:|1629311482
|switch|p2a: Necrozma|Necrozma-Dusk-Mane|100/100
|switch|p1a: Arceus|Arceus-Dark|100/100
|-damage|p1a: Arceus|88/100|[from] Stealth Rock
|
|upkeep
|turn|43
|
|t:|1629311486
|switch|p2a: Arceus|Arceus-Dragon|88/100 brn
|move|p1a: Arceus|Calm Mind|p1a: Arceus
|-boost|p1a: Arceus|spa|1
|-boost|p1a: Arceus|spd|1
|
|-damage|p2a: Arceus|82/100 brn|[from] brn
|upkeep
|turn|44
|
|t:|1629311488
|move|p1a: Arceus|Judgment|p2a: Arceus
|-damage|p2a: Arceus|36/100 brn
|move|p2a: Arceus|Roar|p1a: Arceus
|drag|p1a: Arceus|Arceus-Fairy|88/100
|-damage|p1a: Arceus|76/100|[from] Stealth Rock
|
|-damage|p2a: Arceus|30/100 brn|[from] brn
|upkeep
|turn|45
|
|t:|1629311493
|switch|p2a: Necrozma|Necrozma-Dusk-Mane|100/100
|switch|p1a: Arceus|Arceus-Dark|88/100
|-damage|p1a: Arceus|76/100|[from] Stealth Rock
|
|upkeep
|turn|46
|
|t:|1629311498
|move|p1a: Arceus|Calm Mind|p1a: Arceus
|-boost|p1a: Arceus|spa|1
|-boost|p1a: Arceus|spd|1
|move|p2a: Necrozma|Sunsteel Strike|p1a: Arceus
|-damage|p1a: Arceus|43/100
|
|upkeep
|turn|47
|
|t:|1629311500
|move|p1a: Arceus|Recover|p1a: Arceus
|-heal|p1a: Arceus|93/100
|move|p2a: Necrozma|Sunsteel Strike|p1a: Arceus
|-damage|p1a: Arceus|62/100
|
|upkeep
|turn|48
|
|t:|1629311504
|move|p1a: Arceus|Calm Mind|p1a: Arceus
|-boost|p1a: Arceus|spa|1
|-boost|p1a: Arceus|spd|1
|move|p2a: Necrozma|Sunsteel Strike|p1a: Arceus
|-damage|p1a: Arceus|32/100
|
|upkeep
|turn|49
|
|t:|1629311505
|switch|p2a: Yveltal|Yveltal|100/100
|-ability|p2a: Yveltal|Dark Aura
|move|p1a: Arceus|Recover|p1a: Arceus
|-heal|p1a: Arceus|82/100
|
|upkeep
|turn|50
|
|t:|1629311510
|move|p1a: Arceus|Calm Mind|p1a: Arceus
|-boost|p1a: Arceus|spa|1
|-boost|p1a: Arceus|spd|1
|move|p2a: Yveltal|U-turn|p1a: Arceus
|-supereffective|p1a: Arceus
|-damage|p1a: Arceus|53/100
|
|t:|1629311511
|switch|p2a: Arceus|Arceus-Dragon|30/100 brn|[from]move: U-turn
|
|-damage|p2a: Arceus|24/100 brn|[from] brn
|upkeep
|turn|51
|
|t:|1629311513
|switch|p2a: Yveltal|Yveltal|100/100
|-ability|p2a: Yveltal|Dark Aura
|move|p1a: Arceus|Judgment|p2a: Yveltal
|-resisted|p2a: Yveltal
|-damage|p2a: Yveltal|56/100
|
|upkeep
|turn|52
|
|t:|1629311515
|move|p1a: Arceus|Recover|p1a: Arceus
|-heal|p1a: Arceus|100/100
|move|p2a: Yveltal|Roost|p2a: Yveltal
|-heal|p2a: Yveltal|100/100
|-singleturn|p2a: Yveltal|move: Roost
|
|upkeep
|turn|53
|
|t:|1629311517
|move|p1a: Arceus|Calm Mind|p1a: Arceus
|-boost|p1a: Arceus|spa|1
|-boost|p1a: Arceus|spd|1
|move|p2a: Yveltal|U-turn|p1a: Arceus
|-supereffective|p1a: Arceus
|-damage|p1a: Arceus|72/100
|
|t:|1629311518
|switch|p2a: Arceus|Arceus-Dragon|24/100 brn|[from]move: U-turn
|
|-damage|p2a: Arceus|18/100 brn|[from] brn
|upkeep
|turn|54
|
|t:|1629311520
|switch|p2a: Yveltal|Yveltal|100/100
|-ability|p2a: Yveltal|Dark Aura
|move|p1a: Arceus|Judgment|p2a: Yveltal
|-resisted|p2a: Yveltal
|-damage|p2a: Yveltal|50/100
|
|upkeep
|turn|55
|
|t:|1629311524
|move|p1a: Arceus|Recover|p1a: Arceus
|-heal|p1a: Arceus|100/100
|move|p2a: Yveltal|Roost|p2a: Yveltal
|-heal|p2a: Yveltal|99/100
|-singleturn|p2a: Yveltal|move: Roost
|
|upkeep
|turn|56
|c|☆Geysers|yeah idti
|c|☆Geysers|*idgi
|c|☆Geysers|you legit sacked your wincon
|c|☆Profe$$or Oak|Lol ben
|c|☆Profe$$or Oak|just say gg
|c|☆Geysers|on fucking turn 4
|c|☆Profe$$or Oak|I made the correct move
|c|☆Geysers|you sacked the wincon on t4
|inactive|Geysers has 120 seconds left.
|c|☆Geysers|how is that the correct move
|c|☆Profe$$or Oak|No I didn’t
|c|☆Geysers|if you had a fucking brain and didn’t get your darkceus trapped by gar immediately
|c|☆Geysers|it’s fucking psong
|c|☆Profe$$or Oak|I know how to play gar
|c|☆Geysers|I encore you into recover
|c|☆Profe$$or Oak|lol
|inactive|Geysers has 90 seconds left.
|c|☆Geysers|I sub
|c|☆Geysers|I psong
|c|☆Geysers|you lose
|c|☆Profe$$or Oak|too bad you didn’t do that
|c|☆Geysers|you’re just bad and don’t understand how gar works
|c|☆Geysers|¯\_(ツ)_/¯
|-message|Geysers forfeited.
|
|win|Profe$$or Oak
|n|☆Profe$$or Oak|profeoroak
|n|☆Geysers|geysers
|n| Frito135 ♡|frito135
|n| pokenerddude♔|pokenerddude
|n| dulsetnet|dulsetnet
|c|☆Geysers|not my fault you don’t understand basic game mechanica
|l|☆Geysers
|c|☆Profe$$or Oak|Ben you are just bad and don’t know about people’s reads
|l| dulsetnet
