|j|☆Glaliegoesboom ❤
|j|☆King of oveused
|t:|1661349392
|gametype|singles
|player|p1|Glaliegoesboom ❤|cynthia-masters|
|player|p2|King of oveused|clown|
|teamsize|p1|6
|teamsize|p2|6
|gen|8
|tier|[Gen 8] National Dex AG
|rule|HP Percentage Mod: HP is shown in percentages
|rule|Endless Battle Clause: Forcing endless battles is banned
|clearpoke
|poke|p1|Rayquaza|
|poke|p1|Groudon|
|poke|p1|Yveltal|
|poke|p1|Marshadow|
|poke|p1|Necrozma-Dusk-Mane|
|poke|p1|Ho-Oh|
|poke|p2|Zygarde|
|poke|p2|Ho-Oh|
|poke|p2|Yveltal|
|poke|p2|Zacian-*|
|poke|p2|Necrozma-Dusk-Mane|
|poke|p2|Eternatus|
|teampreview
|inactive|Battle timer is ON: inactive players will automatically lose when time's up. (requested by Glaliegoesboom ❤)
|inactive|King of oveused also wants the timer to be on.
|c|☆King of oveused|Glhf
|c|☆Glaliegoesboom ❤|U2
|
|t:|1661349419
|start
|switch|p1a: Groudon|Groudon|100/100
|switch|p2a: Necrozma|Necrozma-Dusk-Mane|100/100
|detailschange|p1a: Groudon|Groudon-Primal
|-primal|p1a: Groudon
|-weather|DesolateLand|[from] ability: Desolate Land|[of] p1a: Groudon
|turn|1
|j| Buck X
|
|t:|1661349424
|switch|p2a: Zygarde|Zygarde|100/100
|move|p1a: Groudon|Stealth Rock|p2a: Zygarde
|-sidestart|p2: King of oveused|move: Stealth Rock
|
|-weather|DesolateLand|[upkeep]
|upkeep
|turn|2
|
|t:|1661349432
|-weather|none
|switch|p1a: Ho-Oh|Ho-Oh|100/100
|move|p2a: Zygarde|Glare|p1a: Ho-Oh
|-status|p1a: Ho-Oh|par
|
|upkeep
|turn|3
|
|t:|1661349444
|switch|p2a: Eternatus|Eternatus|100/100
|-damage|p2a: Eternatus|88/100|[from] Stealth Rock
|-ability|p2a: Eternatus|Pressure
|move|p1a: Ho-Oh|Sacred Fire|p2a: Eternatus
|-resisted|p2a: Eternatus
|-damage|p2a: Eternatus|72/100
|-status|p2a: Eternatus|brn
|
|-heal|p2a: Eternatus|78/100 brn|[from] item: Black Sludge
|-damage|p2a: Eternatus|72/100 brn|[from] brn
|upkeep
|turn|4
|
|t:|1661349454
|switch|p1a: Groudon|Groudon-Primal|100/100
|-weather|DesolateLand|[from] ability: Desolate Land|[of] p1a: Groudon
|move|p2a: Eternatus|Toxic Spikes|p1a: Groudon
|-sidestart|p1: Glaliegoesboom ❤|move: Toxic Spikes
|
|-weather|DesolateLand|[upkeep]
|-heal|p2a: Eternatus|78/100 brn|[from] item: Black Sludge
|-damage|p2a: Eternatus|72/100 brn|[from] brn
|upkeep
|turn|5
|
|t:|1661349460
|switch|p2a: Zygarde|Zygarde|100/100
|-damage|p2a: Zygarde|94/100|[from] Stealth Rock
|-weather|none
|switch|p1a: Rayquaza|Rayquaza|100/100
|-ability|p1a: Rayquaza|Air Lock
|
|-heal|p2a: Zygarde|100/100|[from] item: Leftovers
|upkeep
|turn|6
|
|t:|1661349463
|detailschange|p1a: Rayquaza|Rayquaza-Mega
|-mega|p1a: Rayquaza|Rayquaza|
|-weather|DeltaStream|[from] ability: Delta Stream|[of] p1a: Rayquaza
|move|p1a: Rayquaza|Draco Meteor|p2a: Zygarde
|-supereffective|p2a: Zygarde
|-damage|p2a: Zygarde|0 fnt
|-unboost|p1a: Rayquaza|spa|2
|faint|p2a: Zygarde
|-damage|p1a: Rayquaza|91/100|[from] item: Life Orb
|
|-weather|DeltaStream|[upkeep]
|upkeep
|
|t:|1661349474
|switch|p2a: Zacian|Zacian-Crowned|100/100
|-damage|p2a: Zacian|94/100|[from] Stealth Rock
|-ability|p2a: Zacian|Intrepid Sword|boost
|-boost|p2a: Zacian|atk|1
|turn|7
|c| Buck X|Btw lego this is my team :^)
|
|t:|1661349479
|switch|p2a: Yveltal|Yveltal|100/100
|-damage|p2a: Yveltal|76/100|[from] Stealth Rock
|-ability|p2a: Yveltal|Dark Aura
|-weather|none
|switch|p1a: Necrozma|Necrozma-Dusk-Mane|100/100
|
|upkeep
|turn|8
|
|t:|1661349484
|switch|p1a: Ho-Oh|Ho-Oh|100/100 par
|-start|p2a: Yveltal|Dynamax|
|-heal|p2a: Yveltal|76/100|[silent]
|move|p2a: Yveltal|Max Airstream|p1a: Ho-Oh
|-damage|p1a: Ho-Oh|47/100 par
|-boost|p2a: Yveltal|spe|1
|-damage|p2a: Yveltal|71/100|[from] item: Life Orb
|
|upkeep
|turn|9
|
|t:|1661349500
|switch|p1a: Groudon|Groudon-Primal|100/100
|-status|p1a: Groudon|psn
|-weather|DesolateLand|[from] ability: Desolate Land|[of] p1a: Groudon
|move|p2a: Yveltal|Max Airstream|p1a: Groudon
|-damage|p1a: Groudon|43/100 psn
|-boost|p2a: Yveltal|spe|1
|-damage|p2a: Yveltal|66/100|[from] item: Life Orb
|
|-weather|DesolateLand|[upkeep]
|-damage|p1a: Groudon|30/100 psn|[from] psn
|upkeep
|turn|10
|c|☆King of oveused|Nice
|
|t:|1661349508
|move|p2a: Yveltal|Max Airstream|p1a: Groudon
|-damage|p1a: Groudon|0 fnt
|-boost|p2a: Yveltal|spe|1
|faint|p1a: Groudon
|-weather|none
|-damage|p2a: Yveltal|61/100|[from] item: Life Orb
|
|upkeep
|
|t:|1661349509
|switch|p1a: Yveltal|Yveltal|100/100
|-ability|p1a: Yveltal|Dark Aura
|-end|p2a: Yveltal|Dynamax
|-heal|p2a: Yveltal|61/100|[silent]
|turn|11
|
|t:|1661349513
|-start|p1a: Yveltal|Dynamax|
|-heal|p1a: Yveltal|100/100|[silent]
|move|p2a: Yveltal|Oblivion Wing|p1a: Yveltal
|-crit|p1a: Yveltal
|-damage|p1a: Yveltal|61/100
|-heal|p2a: Yveltal|100/100|[from] drain|[of] p1a: Yveltal
|-damage|p2a: Yveltal|91/100|[from] item: Life Orb
|move|p1a: Yveltal|Max Airstream|p2a: Yveltal
|-damage|p2a: Yveltal|2/100
|-boost|p1a: Yveltal|spe|1
|-damage|p1a: Yveltal|56/100|[from] item: Life Orb
|
|upkeep
|turn|12
|
|t:|1661349517
|move|p2a: Yveltal|Sucker Punch|p1a: Yveltal
|-resisted|p1a: Yveltal
|-damage|p1a: Yveltal|44/100
|-damage|p2a: Yveltal|0 fnt|[from] item: Life Orb
|faint|p2a: Yveltal
|move|p1a: Yveltal|Max Airstream|p2: Yveltal|[notarget]
|-fail|p1a: Yveltal
|
|upkeep
|
|t:|1661349523
|switch|p2a: Ho-Oh|Ho-Oh|100/100
|turn|13
|
|t:|1661349528
|switch|p2a: Zacian|Zacian-Crowned|94/100
|-damage|p2a: Zacian|88/100|[from] Stealth Rock
|-ability|p2a: Zacian|Intrepid Sword|boost
|-boost|p2a: Zacian|atk|1
|move|p1a: Yveltal|Max Darkness|p2a: Zacian
|-resisted|p2a: Zacian
|-damage|p2a: Zacian|28/100
|-unboost|p2a: Zacian|spd|1
|-damage|p1a: Yveltal|39/100|[from] item: Life Orb
|
|upkeep
|-end|p1a: Yveltal|Dynamax
|-heal|p1a: Yveltal|39/100|[silent]
|turn|14
|
|t:|1661349532
|switch|p2a: Ho-Oh|Ho-Oh|100/100
|move|p1a: Yveltal|Oblivion Wing|p2a: Ho-Oh
|-damage|p2a: Ho-Oh|65/100
|-heal|p1a: Yveltal|67/100|[from] drain|[of] p2a: Ho-Oh
|-damage|p1a: Yveltal|57/100|[from] item: Life Orb
|
|upkeep
|turn|15
|
|t:|1661349535
|move|p1a: Yveltal|Dark Pulse|p2a: Ho-Oh
|-damage|p2a: Ho-Oh|16/100
|-damage|p1a: Yveltal|47/100|[from] item: Life Orb
|move|p2a: Ho-Oh|Toxic|p1a: Yveltal|[miss]
|-miss|p2a: Ho-Oh|p1a: Yveltal
|
|upkeep
|turn|16
|
|t:|1661349541
|switch|p2a: Zacian|Zacian-Crowned|28/100
|-damage|p2a: Zacian|22/100|[from] Stealth Rock
|-ability|p2a: Zacian|Intrepid Sword|boost
|-boost|p2a: Zacian|atk|1
|move|p1a: Yveltal|Dark Pulse|p2a: Zacian
|-resisted|p2a: Zacian
|-damage|p2a: Zacian|0 fnt
|faint|p2a: Zacian
|-damage|p1a: Yveltal|37/100|[from] item: Life Orb
|
|upkeep
|
|t:|1661349545
|switch|p2a: Ho-Oh|Ho-Oh|50/100
|turn|17
|
|t:|1661349547
|move|p1a: Yveltal|Dark Pulse|p2a: Ho-Oh
|-damage|p2a: Ho-Oh|7/100
|-damage|p1a: Yveltal|27/100|[from] item: Life Orb
|move|p2a: Ho-Oh|Sacred Fire|p1a: Yveltal
|-damage|p1a: Yveltal|0 fnt
|faint|p1a: Yveltal
|
|upkeep
|
|t:|1661349554
|switch|p1a: Rayquaza|Rayquaza-Mega|91/100
|-weather|DeltaStream|[from] ability: Delta Stream|[of] p1a: Rayquaza
|turn|18
|
|t:|1661349559
|move|p1a: Rayquaza|Extreme Speed|p2a: Ho-Oh
|-damage|p2a: Ho-Oh|0 fnt
|faint|p2a: Ho-Oh
|-damage|p1a: Rayquaza|81/100|[from] item: Life Orb
|
|-weather|DeltaStream|[upkeep]
|upkeep
|
|t:|1661349561
|switch|p2a: Necrozma|Necrozma-Dusk-Mane|100/100
|-damage|p2a: Necrozma|94/100|[from] Stealth Rock
|turn|19
|
|t:|1661349567
|move|p1a: Rayquaza|V-create|p2a: Necrozma
|-supereffective|p2a: Necrozma
|-damage|p2a: Necrozma|12/100
|-unboost|p1a: Rayquaza|spe|1
|-unboost|p1a: Rayquaza|def|1
|-unboost|p1a: Rayquaza|spd|1
|-damage|p1a: Rayquaza|64/100|[from] item: Rocky Helmet|[of] p2a: Necrozma
|-damage|p1a: Rayquaza|54/100|[from] item: Life Orb
|move|p2a: Necrozma|Morning Sun|p2a: Necrozma
|-heal|p2a: Necrozma|62/100
|
|-weather|DeltaStream|[upkeep]
|upkeep
|turn|20
|
|t:|1661349577
|switch|p2a: Eternatus|Eternatus|72/100 brn
|-damage|p2a: Eternatus|60/100 brn|[from] Stealth Rock
|-ability|p2a: Eternatus|Pressure
|move|p1a: Rayquaza|V-create|p2a: Eternatus
|-resisted|p2a: Eternatus
|-damage|p2a: Eternatus|23/100 brn
|-unboost|p1a: Rayquaza|spe|1
|-unboost|p1a: Rayquaza|def|1
|-unboost|p1a: Rayquaza|spd|1
|-damage|p1a: Rayquaza|44/100|[from] item: Life Orb
|
|-weather|DeltaStream|[upkeep]
|-heal|p2a: Eternatus|29/100 brn|[from] item: Black Sludge
|-damage|p2a: Eternatus|23/100 brn|[from] brn
|upkeep
|turn|21
|
|t:|1661349579
|move|p1a: Rayquaza|Extreme Speed|p2a: Eternatus
|-damage|p2a: Eternatus|0 fnt
|faint|p2a: Eternatus
|-damage|p1a: Rayquaza|34/100|[from] item: Life Orb
|
|-weather|DeltaStream|[upkeep]
|upkeep
|
|t:|1661349582
|switch|p2a: Necrozma|Necrozma-Dusk-Mane|62/100
|-damage|p2a: Necrozma|56/100|[from] Stealth Rock
|turn|22
|
|t:|1661349584
|move|p2a: Necrozma|Sunsteel Strike|p1a: Rayquaza
|-damage|p1a: Rayquaza|0 fnt
|faint|p1a: Rayquaza
|-weather|none
|
|upkeep
|
|t:|1661349586
|switch|p1a: Marshadow|Marshadow|100/100
|-status|p1a: Marshadow|psn
|turn|23
|
|t:|1661349589
|move|p1a: Marshadow|Poltergeist|p2a: Necrozma
|-activate|p2a: Necrozma|move: Poltergeist|Rocky Helmet
|-supereffective|p2a: Necrozma
|-damage|p2a: Necrozma|0 fnt
|faint|p2a: Necrozma
|
|win|Glaliegoesboom ❤
|c|☆King of oveused|Gg
|c|☆King of oveused|again?
|c|☆Glaliegoesboom ❤|Gg
|c| Buck X|Gg
|c|☆Glaliegoesboom ❤|sure
|l|☆King of oveused
