|j|☆aseeasase
|j|☆jiefu11
|t:|1657013732
|gametype|singles
|player|p1|aseeasase|169|1716
|player|p2|jiefu11|backersf|1575
|teamsize|p1|6
|teamsize|p2|6
|gen|8
|tier|[Gen 8] National Dex AG
|rated|
|rule|HP Percentage Mod: HP is shown in percentages
|rule|Endless Battle Clause: Forcing endless battles is banned
|clearpoke
|poke|p1|Infernape, F|
|poke|p1|Calyrex-Shadow|
|poke|p1|Lunala|
|poke|p1|Tyranitar, F|
|poke|p1|Ditto|
|poke|p1|Zekrom|
|poke|p2|Calyrex-Shadow|
|poke|p2|Rayquaza|
|poke|p2|Necrozma-Dusk-Mane|
|poke|p2|Eternatus|
|poke|p2|Yveltal|
|poke|p2|Kyogre|
|teampreview
|
|t:|1657013744
|start
|switch|p1a: Infernape|Infernape, F|100/100
|switch|p2a: Kyogre|Kyogre|100/100
|-weather|RainDance|[from] ability: Drizzle|[of] p2a: Kyogre
|turn|1
|
|t:|1657013753
|move|p2a: Kyogre|Water Spout|p1a: Infernape
|-supereffective|p1a: Infernape
|-enditem|p1a: Infernape|Focus Sash
|-damage|p1a: Infernape|1/100
|move|p1a: Infernape|Endeavor|p2a: Kyogre
|-damage|p2a: Kyogre|1/100
|
|-weather|RainDance|[upkeep]
|upkeep
|turn|2
|
|t:|1657013801
|move|p1a: Infernape|Mach Punch|p2a: Kyogre
|-damage|p2a: Kyogre|0 fnt
|faint|p2a: Kyogre
|
|-weather|RainDance|[upkeep]
|upkeep
|
|t:|1657013806
|switch|p2a: Calyrex|Calyrex-Shadow|100/100
|-ability|p2a: Calyrex|As One
|-ability|p2a: Calyrex|Unnerve
|turn|3
|
|t:|1657013815
|switch|p1a: Tyranitar|Tyranitar, F|100/100
|-weather|Sandstorm|[from] ability: Sand Stream|[of] p1a: Tyranitar
|move|p2a: Calyrex|Astral Barrage|p1a: Tyranitar
|-resisted|p1a: Tyranitar
|-damage|p1a: Tyranitar|79/100
|
|-weather|Sandstorm|[upkeep]
|-damage|p2a: Calyrex|94/100|[from] Sandstorm
|upkeep
|turn|4
|
|t:|1657013835
|-activate|p2a: Calyrex|move: Pursuit
|detailschange|p1a: Tyranitar|Tyranitar-Mega, F
|-mega|p1a: Tyranitar|Tyranitar|Tyranitarite
|move|p1a: Tyranitar|Pursuit|p2a: Calyrex|[from]Pursuit
|-supereffective|p2a: Calyrex
|-damage|p2a: Calyrex|0 fnt
|faint|p2a: Calyrex
|-hint|A Pokemon can't switch between when it runs out of HP and when it faints
|
|-weather|Sandstorm|[upkeep]
|upkeep
|
|t:|1657013844
|switch|p2a: Necrozma|Necrozma-Dusk-Mane|100/100
|turn|5
|
|t:|1657013861
|switch|p1a: Infernape|Infernape, F|1/100
|move|p2a: Necrozma|Sunsteel Strike|p1a: Infernape
|-resisted|p1a: Infernape
|-damage|p1a: Infernape|0 fnt
|faint|p1a: Infernape
|
|-weather|Sandstorm|[upkeep]
|upkeep
|
|t:|1657013878
|switch|p1a: Lunala|Lunala|100/100
|turn|6
|j| Apprenti Buck
|
|t:|1657013895
|switch|p2a: Yveltal|Yveltal|100/100
|-ability|p2a: Yveltal|Dark Aura
|-zpower|p1a: Lunala
|move|p1a: Lunala|Menacing Moonraze Maelstrom|p2a: Yveltal|[zeffect]
|-resisted|p2a: Yveltal
|-damage|p2a: Yveltal|57/100
|
|-weather|Sandstorm|[upkeep]
|-damage|p2a: Yveltal|51/100|[from] Sandstorm
|-damage|p1a: Lunala|94/100|[from] Sandstorm
|upkeep
|turn|7
|
|t:|1657013910
|switch|p1a: Tyranitar|Tyranitar-Mega, F|79/100
|move|p2a: Yveltal|Oblivion Wing|p1a: Tyranitar
|-resisted|p1a: Tyranitar
|-damage|p1a: Tyranitar|68/100
|-heal|p2a: Yveltal|59/100|[from] drain|[of] p1a: Tyranitar
|
|-weather|none
|upkeep
|turn|8
|
|t:|1657013938
|switch|p2a: Necrozma|Necrozma-Dusk-Mane|100/100
|move|p1a: Tyranitar|Thunder Wave|p2a: Necrozma
|-status|p2a: Necrozma|par
|
|upkeep
|turn|9
|
|t:|1657013946
|switch|p1a: Lunala|Lunala|94/100
|cant|p2a: Necrozma|par
|
|upkeep
|turn|10
|
|t:|1657013956
|switch|p2a: Eternatus|Eternatus|100/100
|-ability|p2a: Eternatus|Pressure
|move|p1a: Lunala|Ice Beam|p2a: Eternatus
|-supereffective|p2a: Eternatus
|-damage|p2a: Eternatus|63/100
|
|-heal|p2a: Eternatus|69/100|[from] item: Black Sludge
|upkeep
|turn|11
|
|t:|1657013969
|move|p2a: Eternatus|Recover|p2a: Eternatus
|-heal|p2a: Eternatus|100/100
|move|p1a: Lunala|Calm Mind|p1a: Lunala
|-boost|p1a: Lunala|spa|1
|-boost|p1a: Lunala|spd|1
|
|upkeep
|turn|12
|
|t:|1657013980
|move|p2a: Eternatus|Mystical Fire|p1a: Lunala
|-damage|p1a: Lunala|82/100
|-unboost|p1a: Lunala|spa|1
|move|p1a: Lunala|Psyshock|p2a: Eternatus
|-supereffective|p2a: Eternatus
|-damage|p2a: Eternatus|27/100
|
|-heal|p2a: Eternatus|33/100|[from] item: Black Sludge
|upkeep
|turn|13
|
|t:|1657013992
|switch|p2a: Yveltal|Yveltal|59/100
|-ability|p2a: Yveltal|Dark Aura
|move|p1a: Lunala|Ice Beam|p2a: Yveltal
|-supereffective|p2a: Yveltal
|-damage|p2a: Yveltal|4/100
|
|upkeep
|turn|14
|
|t:|1657014011
|switch|p1a: Tyranitar|Tyranitar-Mega, F|68/100
|-weather|Sandstorm|[from] ability: Sand Stream|[of] p1a: Tyranitar
|move|p2a: Yveltal|Dark Pulse|p1a: Tyranitar
|-resisted|p1a: Tyranitar
|-damage|p1a: Tyranitar|56/100
|
|-weather|Sandstorm|[upkeep]
|-damage|p2a: Yveltal|0 fnt|[from] Sandstorm
|faint|p2a: Yveltal
|upkeep
|
|t:|1657014015
|switch|p2a: Necrozma|Necrozma-Dusk-Mane|100/100 par
|turn|15
|-message|jiefu11 forfeited.
|
|win|aseeasase
|raw|aseeasase's rating: 1716 &rarr; <strong>1728</strong><br />(+12 for winning)
|raw|jiefu11's rating: 1575 &rarr; <strong>1563</strong><br />(-12 for losing)
|l|☆jiefu11
