|j|☆1337RedGlitchFox
|j|☆Roossempai
|t:|1666385132
|gametype|singles
|player|p1|1337RedGlitchFox|red|1671
|player|p2|Roossempai|veteran-gen4|1596
|teamsize|p1|6
|teamsize|p2|6
|gen|8
|tier|[Gen 8] National Dex AG
|rated|
|rule|HP Percentage Mod: HP is shown in percentages
|rule|Endless Battle Clause: Forcing endless battles is banned
|clearpoke
|poke|p1|Necrozma-Dusk-Mane|
|poke|p1|Mewtwo|
|poke|p1|Groudon|
|poke|p1|Ho-Oh|
|poke|p1|Landorus-Therian, M|
|poke|p1|Arceus-*|
|poke|p2|Yveltal|
|poke|p2|Zacian-*|
|poke|p2|Prinplup, F|
|poke|p2|Volbeat, M|
|poke|p2|Arceus-*|
|poke|p2|Eternatus|
|teampreview
|inactive|Battle timer is ON: inactive players will automatically lose when time's up. (requested by 1337RedGlitchFox)
|
|t:|1666385139
|start
|switch|p1a: Mewtwo|Mewtwo|100/100
|switch|p2a: BRUNILDA|Prinplup, F, shiny|100/100
|-ability|p1a: Mewtwo|Pressure
|turn|1
|
|t:|1666385146
|move|p1a: Mewtwo|Taunt|p2a: BRUNILDA
|-start|p2a: BRUNILDA|move: Taunt
|cant|p2a: BRUNILDA|move: Taunt|Yawn
|
|upkeep
|turn|2
|
|t:|1666385150
|move|p1a: Mewtwo|Ice Beam|p2a: BRUNILDA
|-resisted|p2a: BRUNILDA
|-damage|p2a: BRUNILDA|87/100
|move|p2a: BRUNILDA|Scald|p1a: Mewtwo
|-damage|p1a: Mewtwo|79/100
|
|-heal|p1a: Mewtwo|85/100|[from] item: Leftovers
|upkeep
|turn|3
|
|t:|1666385157
|move|p1a: Mewtwo|Ice Beam|p2a: BRUNILDA
|-resisted|p2a: BRUNILDA
|-damage|p2a: BRUNILDA|75/100
|move|p2a: BRUNILDA|Scald|p1a: Mewtwo
|-damage|p1a: Mewtwo|60/100
|
|-heal|p1a: Mewtwo|66/100|[from] item: Leftovers
|-end|p2a: BRUNILDA|move: Taunt
|upkeep
|turn|4
|
|t:|1666385165
|move|p1a: Mewtwo|Taunt|p2a: BRUNILDA
|-start|p2a: BRUNILDA|move: Taunt
|move|p2a: BRUNILDA|Scald|p1a: Mewtwo
|-damage|p1a: Mewtwo|41/100
|
|-heal|p1a: Mewtwo|47/100|[from] item: Leftovers
|upkeep
|turn|5
|
|t:|1666385172
|move|p1a: Mewtwo|Recover|p1a: Mewtwo
|-heal|p1a: Mewtwo|97/100
|move|p2a: BRUNILDA|Scald|p1a: Mewtwo
|-damage|p1a: Mewtwo|74/100
|
|-heal|p1a: Mewtwo|80/100|[from] item: Leftovers
|upkeep
|turn|6
|
|t:|1666385180
|switch|p2a: Volbeat|Volbeat, M, shiny|100/100
|move|p1a: Mewtwo|Ice Beam|p2a: Volbeat
|-damage|p2a: Volbeat|77/100
|
|-heal|p1a: Mewtwo|86/100|[from] item: Leftovers
|upkeep
|turn|7
|
|t:|1666385186
|move|p2a: Volbeat|Toxic|p1a: Mewtwo
|-status|p1a: Mewtwo|tox
|move|p1a: Mewtwo|Taunt|p2a: Volbeat
|-start|p2a: Volbeat|move: Taunt
|
|-heal|p1a: Mewtwo|92/100 tox|[from] item: Leftovers
|-damage|p1a: Mewtwo|86/100 tox|[from] psn
|upkeep
|turn|8
|
|t:|1666385195
|switch|p2a: BRUNILDA|Prinplup, F, shiny|75/100
|move|p1a: Mewtwo|Ice Beam|p2a: BRUNILDA
|-resisted|p2a: BRUNILDA
|-damage|p2a: BRUNILDA|63/100
|
|-heal|p1a: Mewtwo|92/100 tox|[from] item: Leftovers
|-damage|p1a: Mewtwo|80/100 tox|[from] psn
|upkeep
|turn|9
|
|t:|1666385203
|move|p1a: Mewtwo|Taunt|p2a: BRUNILDA
|-start|p2a: BRUNILDA|move: Taunt
|move|p2a: BRUNILDA|Scald|p1a: Mewtwo
|-damage|p1a: Mewtwo|55/100 tox
|
|-heal|p1a: Mewtwo|61/100 tox|[from] item: Leftovers
|-damage|p1a: Mewtwo|43/100 tox|[from] psn
|upkeep
|turn|10
|
|t:|1666385211
|switch|p1a: Groudon|Groudon|100/100
|detailschange|p1a: Groudon|Groudon-Primal
|-primal|p1a: Groudon
|-weather|DesolateLand|[from] ability: Desolate Land|[of] p1a: Groudon
|move|p2a: BRUNILDA|Scald||[still]
|-fail|p2a: BRUNILDA|Scald|[from] Desolate Land
|
|-weather|DesolateLand|[upkeep]
|upkeep
|turn|11
|
|t:|1666385223
|switch|p2a: Yveltal|Yveltal, shiny|100/100
|-ability|p2a: Yveltal|Dark Aura
|move|p1a: Groudon|Earthquake|p2a: Yveltal
|-immune|p2a: Yveltal
|
|-weather|DesolateLand|[upkeep]
|upkeep
|turn|12
|
|t:|1666385230
|switch|p2a: BRUNILDA|Prinplup, F, shiny|63/100
|move|p1a: Groudon|Rock Slide|p2a: BRUNILDA
|-damage|p2a: BRUNILDA|42/100
|
|-weather|DesolateLand|[upkeep]
|upkeep
|turn|13
|
|t:|1666385237
|move|p1a: Groudon|Earthquake|p2a: BRUNILDA
|-damage|p2a: BRUNILDA|0 fnt
|faint|p2a: BRUNILDA
|
|-weather|DesolateLand|[upkeep]
|upkeep
|
|t:|1666385247
|switch|p2a: Eternatus|Eternatus|100/100
|-ability|p2a: Eternatus|Pressure
|turn|14
|
|t:|1666385251
|move|p2a: Eternatus|Dynamax Cannon|p1a: Groudon
|-damage|p1a: Groudon|0 fnt
|faint|p1a: Groudon
|-weather|none
|
|upkeep
|
|t:|1666385263
|switch|p1a: Landorus|Landorus-Therian, M|100/100
|-ability|p1a: Landorus|Intimidate|boost
|-unboost|p2a: Eternatus|atk|1
|turn|15
|
|t:|1666385272
|switch|p2a: Yveltal|Yveltal, shiny|100/100
|-ability|p2a: Yveltal|Dark Aura
|move|p1a: Landorus|Stealth Rock|p2a: Yveltal
|-sidestart|p2: Roossempai|move: Stealth Rock
|
|upkeep
|turn|16
|
|t:|1666385280
|move|p2a: Yveltal|Dark Pulse|p1a: Landorus
|-damage|p1a: Landorus|37/100
|move|p1a: Landorus|Toxic|p2a: Yveltal
|-status|p2a: Yveltal|tox
|
|-damage|p2a: Yveltal|94/100 tox|[from] psn
|upkeep
|turn|17
|
|t:|1666385287
|switch|p1a: Ho-Oh|Ho-Oh|100/100
|move|p2a: Yveltal|Dark Pulse|p1a: Ho-Oh
|-damage|p1a: Ho-Oh|73/100
|
|-damage|p2a: Yveltal|82/100 tox|[from] psn
|upkeep
|turn|18
|
|t:|1666385298
|switch|p2a: Volbeat|Volbeat, M, shiny|77/100
|-damage|p2a: Volbeat|52/100|[from] Stealth Rock
|move|p1a: Ho-Oh|Sacred Fire|p2a: Volbeat
|-supereffective|p2a: Volbeat
|-crit|p2a: Volbeat
|-damage|p2a: Volbeat|0 fnt
|faint|p2a: Volbeat
|
|upkeep
|
|t:|1666385310
|switch|p2a: Arceus|Arceus|100/100
|-damage|p2a: Arceus|88/100|[from] Stealth Rock
|turn|19
|
|t:|1666385314
|move|p2a: Arceus|Swords Dance|p2a: Arceus
|-boost|p2a: Arceus|atk|2
|move|p1a: Ho-Oh|Will-O-Wisp|p2a: Arceus
|-status|p2a: Arceus|brn
|
|-damage|p2a: Arceus|82/100 brn|[from] brn
|upkeep
|turn|20
|
|t:|1666385321
|move|p2a: Arceus|Swords Dance|p2a: Arceus
|-boost|p2a: Arceus|atk|2
|move|p1a: Ho-Oh|Whirlwind|p2a: Arceus
|drag|p2a: Zacian|Zacian-Crowned|100/100
|-damage|p2a: Zacian|94/100|[from] Stealth Rock
|-ability|p2a: Zacian|Intrepid Sword|boost
|-boost|p2a: Zacian|atk|1
|
|upkeep
|turn|21
|
|t:|1666385330
|switch|p1a: Landorus|Landorus-Therian, M|37/100
|-ability|p1a: Landorus|Intimidate|boost
|-unboost|p2a: Zacian|atk|1
|move|p2a: Zacian|Swords Dance|p2a: Zacian
|-boost|p2a: Zacian|atk|2
|
|upkeep
|turn|22
|
|t:|1666385338
|move|p2a: Zacian|Behemoth Blade|p1a: Landorus
|-damage|p1a: Landorus|0 fnt
|-damage|p2a: Zacian|78/100|[from] item: Rocky Helmet|[of] p1a: Landorus
|faint|p1a: Landorus
|
|upkeep
|
|t:|1666385346
|switch|p1a: Ho-Oh|Ho-Oh|100/100
|turn|23
|
|t:|1666385352
|move|p2a: Zacian|Play Rough|p1a: Ho-Oh
|-resisted|p1a: Ho-Oh
|-damage|p1a: Ho-Oh|40/100
|move|p1a: Ho-Oh|Will-O-Wisp|p2a: Zacian
|-status|p2a: Zacian|brn
|
|-damage|p2a: Zacian|72/100 brn|[from] brn
|upkeep
|turn|24
|
|t:|1666385360
|move|p2a: Zacian|Play Rough|p1a: Ho-Oh
|-resisted|p1a: Ho-Oh
|-damage|p1a: Ho-Oh|13/100
|move|p1a: Ho-Oh|Whirlwind|p2a: Zacian
|drag|p2a: Arceus|Arceus|82/100 brn
|-damage|p2a: Arceus|70/100 brn|[from] Stealth Rock
|
|-damage|p2a: Arceus|63/100 brn|[from] brn
|upkeep
|turn|25
|
|t:|1666385370
|switch|p1a: Mewtwo|Mewtwo|43/100 tox
|-ability|p1a: Mewtwo|Pressure
|move|p2a: Arceus|Extreme Speed|p1a: Mewtwo
|-damage|p1a: Mewtwo|23/100 tox
|
|-heal|p1a: Mewtwo|29/100 tox|[from] item: Leftovers
|-damage|p1a: Mewtwo|23/100 tox|[from] psn
|-damage|p2a: Arceus|57/100 brn|[from] brn
|upkeep
|turn|26
|
|t:|1666385381
|move|p1a: Mewtwo|Taunt|p2a: Arceus
|-start|p2a: Arceus|move: Taunt
|cant|p2a: Arceus|move: Taunt|Recover
|
|-heal|p1a: Mewtwo|29/100 tox|[from] item: Leftovers
|-damage|p1a: Mewtwo|17/100 tox|[from] psn
|-damage|p2a: Arceus|51/100 brn|[from] brn
|upkeep
|turn|27
|
|t:|1666385389
|move|p2a: Arceus|Extreme Speed|p1a: Mewtwo
|-damage|p1a: Mewtwo|0 fnt
|faint|p1a: Mewtwo
|
|-damage|p2a: Arceus|45/100 brn|[from] brn
|upkeep
|
|t:|1666385391
|switch|p1a: Necrozma|Necrozma-Dusk-Mane|100/100
|turn|28
|
|t:|1666385398
|move|p2a: Arceus|Shadow Force||[still]
|-prepare|p2a: Arceus|Shadow Force
|move|p1a: Necrozma|Dragon Dance|p1a: Necrozma
|-boost|p1a: Necrozma|atk|1
|-boost|p1a: Necrozma|spe|1
|
|-damage|p2a: Arceus|39/100 brn|[from] brn
|-end|p2a: Arceus|move: Taunt
|upkeep
|turn|29
|
|t:|1666385405
|move|p1a: Necrozma|Iron Defense|p1a: Necrozma
|-boost|p1a: Necrozma|def|2
|move|p2a: Arceus|Shadow Force|p1a: Necrozma|[from]lockedmove
|-supereffective|p1a: Necrozma
|-damage|p1a: Necrozma|86/100
|
|-heal|p1a: Necrozma|92/100|[from] item: Leftovers
|-damage|p2a: Arceus|33/100 brn|[from] brn
|upkeep
|turn|30
|c|☆Roossempai|pff noob
|-message|Roossempai forfeited.
|
|win|1337RedGlitchFox
|raw|1337RedGlitchFox's rating: 1671 &rarr; <strong>1687</strong><br />(+16 for winning)
|raw|Roossempai's rating: 1596 &rarr; <strong>1580</strong><br />(-16 for losing)
|l|☆Roossempai
||Ladder isn't responding, score probably updated but might not have (Request timeout).
