|j|☆BEASTADARSH
|j|☆NOAH MK2
|t:|1665311950
|gametype|singles
|player|p1|BEASTADARSH|anabel|1568
|player|p2|NOAH MK2|266|1637
|teamsize|p1|6
|teamsize|p2|6
|gen|8
|tier|[Gen 8] National Dex AG
|rated|
|rule|HP Percentage Mod: HP is shown in percentages
|rule|Endless Battle Clause: Forcing endless battles is banned
|clearpoke
|poke|p1|Yveltal|
|poke|p1|Ferrothorn, M|
|poke|p1|Zygarde|
|poke|p1|Arceus-*|
|poke|p1|Lugia|
|poke|p1|Necrozma-Dusk-Mane|
|poke|p2|Kyogre|
|poke|p2|Whimsicott, F|
|poke|p2|Necrozma-Dusk-Mane|
|poke|p2|Klefki, M|
|poke|p2|Rayquaza|
|poke|p2|Arceus-*|
|teampreview
|
|t:|1665311974
|start
|switch|p1a: Worm in Hole|Necrozma-Dusk-Mane|100/100
|switch|p2a: Klefki|Klefki, M|100/100
|turn|1
|
|t:|1665311996
|move|p2a: Klefki|Thunder Wave|p1a: Worm in Hole
|-status|p1a: Worm in Hole|par
|move|p1a: Worm in Hole|Knock Off|p2a: Klefki
|-resisted|p2a: Klefki
|-damage|p2a: Klefki|88/100
|-enditem|p2a: Klefki|Light Clay|[from] move: Knock Off|[of] p1a: Worm in Hole
|
|upkeep
|turn|2
|
|t:|1665312030
|move|p2a: Klefki|Light Screen|p2a: Klefki
|-sidestart|p2: NOAH MK2|move: Light Screen
|cant|p1a: Worm in Hole|par
|
|upkeep
|turn|3
|
|t:|1665312039
|switch|p2a: Kyogre|Kyogre|100/100
|detailschange|p2a: Kyogre|Kyogre-Primal
|-primal|p2a: Kyogre
|-weather|PrimordialSea|[from] ability: Primordial Sea|[of] p2a: Kyogre
|move|p1a: Worm in Hole|Stealth Rock|p2a: Kyogre
|-sidestart|p2: NOAH MK2|move: Stealth Rock
|
|-weather|PrimordialSea|[upkeep]
|upkeep
|turn|4
|
|t:|1665312066
|switch|p1a: Gift for Gamefreak|Ferrothorn, M, shiny|100/100
|move|p2a: Kyogre|Calm Mind|p2a: Kyogre
|-boost|p2a: Kyogre|spa|1
|-boost|p2a: Kyogre|spd|1
|
|-weather|PrimordialSea|[upkeep]
|upkeep
|turn|5
|
|t:|1665312089
|move|p2a: Kyogre|Origin Pulse|p1a: Gift for Gamefreak
|-resisted|p1a: Gift for Gamefreak
|-damage|p1a: Gift for Gamefreak|47/100
|move|p1a: Gift for Gamefreak|Power Whip|p2a: Kyogre
|-supereffective|p2a: Kyogre
|-damage|p2a: Kyogre|13/100
|
|-weather|PrimordialSea|[upkeep]
|-heal|p1a: Gift for Gamefreak|53/100|[from] item: Leftovers
|upkeep
|turn|6
|
|t:|1665312103
|move|p1a: Gift for Gamefreak|Protect|p1a: Gift for Gamefreak
|-singleturn|p1a: Gift for Gamefreak|Protect
|move|p2a: Kyogre|Origin Pulse|p1a: Gift for Gamefreak
|-activate|p1a: Gift for Gamefreak|move: Protect
|
|-weather|PrimordialSea|[upkeep]
|-heal|p1a: Gift for Gamefreak|59/100|[from] item: Leftovers
|-sideend|p2: NOAH MK2|move: Light Screen
|upkeep
|turn|7
|
|t:|1665312133
|move|p2a: Kyogre|Origin Pulse|p1a: Gift for Gamefreak
|-resisted|p1a: Gift for Gamefreak
|-damage|p1a: Gift for Gamefreak|4/100
|move|p1a: Gift for Gamefreak|Spikes|p2a: Kyogre
|-sidestart|p2: NOAH MK2|Spikes
|
|-weather|PrimordialSea|[upkeep]
|-heal|p1a: Gift for Gamefreak|10/100|[from] item: Leftovers
|upkeep
|turn|8
|
|t:|1665312141
|move|p2a: Kyogre|Origin Pulse|p1a: Gift for Gamefreak
|-resisted|p1a: Gift for Gamefreak
|-damage|p1a: Gift for Gamefreak|0 fnt
|faint|p1a: Gift for Gamefreak
|
|-weather|PrimordialSea|[upkeep]
|upkeep
|
|t:|1665312145
|switch|p1a: William's Drip|Yveltal, shiny|100/100
|-ability|p1a: William's Drip|Dark Aura
|turn|9
|
|t:|1665312152
|-start|p1a: William's Drip|Dynamax|
|-heal|p1a: William's Drip|100/100|[silent]
|move|p1a: William's Drip|Max Airstream|p2a: Kyogre
|-damage|p2a: Kyogre|0 fnt
|-boost|p1a: William's Drip|spe|1
|faint|p2a: Kyogre
|-weather|none
|-damage|p1a: William's Drip|96/100|[from] item: Life Orb
|
|upkeep
|
|t:|1665312156
|switch|p2a: Klefki|Klefki, M|88/100
|-damage|p2a: Klefki|82/100|[from] Stealth Rock
|-damage|p2a: Klefki|69/100|[from] Spikes
|turn|10
|
|t:|1665312165
|move|p2a: Klefki|Light Screen|p2a: Klefki
|-sidestart|p2: NOAH MK2|move: Light Screen
|move|p1a: William's Drip|Max Flare|p2a: Klefki
|-supereffective|p2a: Klefki
|-damage|p2a: Klefki|0 fnt
|-weather|SunnyDay
|faint|p2a: Klefki
|-damage|p1a: William's Drip|91/100|[from] item: Life Orb
|
|-weather|SunnyDay|[upkeep]
|upkeep
|
|t:|1665312168
|switch|p2a: Arceus|Arceus-Fairy|100/100
|-damage|p2a: Arceus|88/100|[from] Stealth Rock
|-damage|p2a: Arceus|76/100|[from] Spikes
|turn|11
|
|t:|1665312181
|-end|p1a: William's Drip|Dynamax
|-heal|p1a: William's Drip|91/100|[silent]
|switch|p1a: Worm in Hole|Necrozma-Dusk-Mane|100/100 par
|move|p2a: Arceus|Defog|p1a: Worm in Hole
|-unboost|p1a: Worm in Hole|evasion|1
|-sideend|p2: NOAH MK2|Spikes|[from] move: Defog|[of] p2a: Arceus
|-sideend|p2: NOAH MK2|Stealth Rock|[from] move: Defog|[of] p2a: Arceus
|
|-weather|SunnyDay|[upkeep]
|upkeep
|turn|12
|
|t:|1665312194
|switch|p2a: Rayquaza|Rayquaza|100/100
|-ability|p2a: Rayquaza|Air Lock
|move|p1a: Worm in Hole|Sunsteel Strike|p2a: Rayquaza
|-damage|p2a: Rayquaza|48/100
|
|-weather|SunnyDay|[upkeep]
|upkeep
|turn|13
|
|t:|1665312202
|detailschange|p2a: Rayquaza|Rayquaza-Mega
|-mega|p2a: Rayquaza|Rayquaza|
|-weather|DeltaStream|[from] ability: Delta Stream|[of] p2a: Rayquaza
|move|p2a: Rayquaza|Swords Dance|p2a: Rayquaza
|-boost|p2a: Rayquaza|atk|2
|move|p1a: Worm in Hole|Sunsteel Strike|p2a: Rayquaza
|-damage|p2a: Rayquaza|0 fnt
|faint|p2a: Rayquaza
|-weather|none
|
|upkeep
|-message|NOAH MK2 forfeited.
|
|win|BEASTADARSH
|raw|BEASTADARSH's rating: 1568 &rarr; <strong>1592</strong><br />(+24 for winning)
|raw|NOAH MK2's rating: 1637 &rarr; <strong>1613</strong><br />(-24 for losing)
|l|☆NOAH MK2
||Ladder isn't responding, score probably updated but might not have (Request timeout).
