|j|☆aseeasase
|j|☆iroeweuio
|t:|1663573539
|gametype|singles
|player|p1|aseeasase|1|1803
|player|p2|iroeweuio|102|1703
|teamsize|p1|6
|teamsize|p2|6
|gen|8
|tier|[Gen 8] National Dex AG
|rated|
|rule|HP Percentage Mod: HP is shown in percentages
|rule|Endless Battle Clause: Forcing endless battles is banned
|clearpoke
|poke|p1|Muk-Alola, M|
|poke|p1|Groudon|
|poke|p1|Clefable, F|
|poke|p1|Chansey, F|
|poke|p1|Zygarde|
|poke|p1|Blissey, F|
|poke|p2|Chatot, M|
|poke|p2|Weavile, F|
|poke|p2|Giratina-Origin|
|poke|p2|Ditto|
|poke|p2|Breloom, M|
|poke|p2|Wobbuffet, F|
|teampreview
|
|t:|1663573557
|start
|switch|p1a: Groudon|Groudon|100/100
|switch|p2a: Weavile|Weavile, F|100/100
|-ability|p2a: Weavile|Pressure
|detailschange|p1a: Groudon|Groudon-Primal
|-primal|p1a: Groudon
|-weather|DesolateLand|[from] ability: Desolate Land|[of] p1a: Groudon
|turn|1
|
|t:|1663573564
|move|p2a: Weavile|Assist|p2a: Weavile
|move|p2a: Weavile|Spore|p1a: Groudon|[from]move: Assist
|-status|p1a: Groudon|slp|[from] move: Spore
|cant|p1a: Groudon|slp
|
|-weather|DesolateLand|[upkeep]
|upkeep
|turn|2
|
|t:|1663573567
|move|p2a: Weavile|Substitute|p2a: Weavile
|-start|p2a: Weavile|Substitute
|-damage|p2a: Weavile|76/100
|-curestatus|p1a: Groudon|slp|[msg]
|move|p1a: Groudon|Fire Punch|p2a: Weavile
|-supereffective|p2a: Weavile
|-end|p2a: Weavile|Substitute
|
|-weather|DesolateLand|[upkeep]
|-heal|p2a: Weavile|82/100|[from] item: Leftovers
|upkeep
|turn|3
|
|t:|1663573575
|-weather|none
|switch|p1a: Muk|Muk-Alola, M|100/100
|move|p2a: Weavile|Assist|p2a: Weavile
|move|p2a: Weavile|Spore|p1a: Muk|[from]move: Assist
|-status|p1a: Muk|slp|[from] move: Spore
|
|-heal|p2a: Weavile|88/100|[from] item: Leftovers
|upkeep
|turn|4
|
|t:|1663573582
|move|p2a: Weavile|Substitute|p2a: Weavile
|-start|p2a: Weavile|Substitute
|-damage|p2a: Weavile|63/100
|cant|p1a: Muk|slp
|
|-heal|p2a: Weavile|69/100|[from] item: Leftovers
|upkeep
|turn|5
|
|t:|1663573585
|switch|p1a: Groudon|Groudon-Primal|100/100
|-weather|DesolateLand|[from] ability: Desolate Land|[of] p1a: Groudon
|move|p2a: Weavile|Swords Dance|p2a: Weavile
|-boost|p2a: Weavile|atk|2
|
|-weather|DesolateLand|[upkeep]
|-heal|p2a: Weavile|75/100|[from] item: Leftovers
|upkeep
|turn|6
|
|t:|1663573587
|move|p2a: Weavile|Assist|p2a: Weavile
|move|p2a: Weavile|Spore|p1a: Groudon|[from]move: Assist
|-status|p1a: Groudon|slp|[from] move: Spore
|cant|p1a: Groudon|slp
|
|-weather|DesolateLand|[upkeep]
|-heal|p2a: Weavile|81/100|[from] item: Leftovers
|upkeep
|turn|7
|
|t:|1663573590
|move|p2a: Weavile|Swords Dance|p2a: Weavile
|-boost|p2a: Weavile|atk|2
|-curestatus|p1a: Groudon|slp|[msg]
|move|p1a: Groudon|Fire Punch|p2a: Weavile
|-supereffective|p2a: Weavile
|-end|p2a: Weavile|Substitute
|
|-weather|DesolateLand|[upkeep]
|-heal|p2a: Weavile|87/100|[from] item: Leftovers
|upkeep
|turn|8
|
|t:|1663573596
|move|p2a: Weavile|Assist|p2a: Weavile
|move|p2a: Weavile|Spore|p1a: Groudon|[from]move: Assist
|-status|p1a: Groudon|slp|[from] move: Spore
|cant|p1a: Groudon|slp
|
|-weather|DesolateLand|[upkeep]
|-heal|p2a: Weavile|93/100|[from] item: Leftovers
|upkeep
|turn|9
|
|t:|1663573598
|move|p2a: Weavile|Substitute|p2a: Weavile
|-start|p2a: Weavile|Substitute
|-damage|p2a: Weavile|68/100
|cant|p1a: Groudon|slp
|
|-weather|DesolateLand|[upkeep]
|-heal|p2a: Weavile|74/100|[from] item: Leftovers
|upkeep
|turn|10
|
|t:|1663573601
|move|p2a: Weavile|Triple Axel|p1a: Groudon
|-damage|p1a: Groudon|88/100 slp
|-hitcount|p1a: Groudon|1
|-curestatus|p1a: Groudon|slp|[msg]
|move|p1a: Groudon|Double Team|p1a: Groudon
|-boost|p1a: Groudon|evasion|1
|
|-weather|DesolateLand|[upkeep]
|-heal|p2a: Weavile|80/100|[from] item: Leftovers
|upkeep
|turn|11
|
|t:|1663573606
|move|p2a: Weavile|Assist|p2a: Weavile
|move|p2a: Weavile|Spore|p1a: Groudon|[from]move: Assist
|-status|p1a: Groudon|slp|[from] move: Spore
|cant|p1a: Groudon|slp
|
|-weather|DesolateLand|[upkeep]
|-heal|p2a: Weavile|86/100|[from] item: Leftovers
|upkeep
|turn|12
|
|t:|1663573609
|move|p2a: Weavile|Triple Axel|p1a: Groudon|[miss]
|-miss|p2a: Weavile|p1a: Groudon
|-curestatus|p1a: Groudon|slp|[msg]
|move|p1a: Groudon|Double Team|p1a: Groudon
|-boost|p1a: Groudon|evasion|1
|
|-weather|DesolateLand|[upkeep]
|-heal|p2a: Weavile|92/100|[from] item: Leftovers
|upkeep
|turn|13
|
|t:|1663573612
|move|p2a: Weavile|Triple Axel|p1a: Groudon
|-damage|p1a: Groudon|75/100
|-hitcount|p1a: Groudon|1
|move|p1a: Groudon|Double Team|p1a: Groudon
|-boost|p1a: Groudon|evasion|1
|
|-weather|DesolateLand|[upkeep]
|-heal|p2a: Weavile|98/100|[from] item: Leftovers
|upkeep
|turn|14
|
|t:|1663573618
|move|p2a: Weavile|Assist|p2a: Weavile
|move|p2a: Weavile|Spore|p1a: Groudon|[from]move: Assist|[miss]
|-miss|p2a: Weavile|p1a: Groudon
|move|p1a: Groudon|Double Team|p1a: Groudon
|-boost|p1a: Groudon|evasion|1
|
|-weather|DesolateLand|[upkeep]
|-heal|p2a: Weavile|100/100|[from] item: Leftovers
|upkeep
|turn|15
|
|t:|1663573622
|-end|p2a: Weavile|Substitute
|-start|p2a: Weavile|Dynamax|
|-heal|p2a: Weavile|100/100|[silent]
|move|p2a: Weavile|Max Hailstorm|p1a: Groudon
|-damage|p1a: Groudon|0 fnt
|-weather|Hail
|faint|p1a: Groudon
|
|-weather|Hail|[upkeep]
|upkeep
|
|t:|1663573627
|switch|p1a: Clefable|Clefable, F|100/100
|turn|16
|
|t:|1663573634
|move|p2a: Weavile|Max Hailstorm|p1a: Clefable
|-damage|p1a: Clefable|18/100
|move|p1a: Clefable|Cosmic Power|p1a: Clefable
|-boost|p1a: Clefable|def|1
|-boost|p1a: Clefable|spd|1
|
|-weather|Hail|[upkeep]
|-damage|p1a: Clefable|12/100|[from] Hail
|-heal|p1a: Clefable|18/100|[from] item: Leftovers
|upkeep
|turn|17
|-message|aseeasase forfeited.
|
|win|iroeweuio
|raw|aseeasase's rating: 1803 &rarr; <strong>1777</strong><br />(-26 for losing)
|raw|iroeweuio's rating: 1703 &rarr; <strong>1729</strong><br />(+26 for winning)
|l|☆aseeasase
