|j|☆oober noobz
|j|☆High ladder bros
|t:|1649872242
|gametype|singles
|player|p1|oober noobz|gambler|1468
|player|p2|High ladder bros|xerosic|1571
|teamsize|p1|6
|teamsize|p2|6
|gen|8
|tier|[Gen 8] National Dex AG
|rated|
|rule|HP Percentage Mod: HP is shown in percentages
|rule|Endless Battle Clause: Forcing endless battles is banned
|clearpoke
|poke|p1|Diggersby, F|
|poke|p1|Galvantula, M|
|poke|p1|Cinccino, F|
|poke|p1|Beedrill, F|
|poke|p1|Marshadow|
|poke|p1|Whimsicott, F|
|poke|p2|Arceus-*|
|poke|p2|Yveltal|
|poke|p2|Rayquaza|
|poke|p2|Zacian-*|
|poke|p2|Necrozma-Dusk-Mane|
|poke|p2|Arceus-*|
|teampreview
|inactive|Battle timer is ON: inactive players will automatically lose when time's up. (requested by High ladder bros)
|
|t:|1649872248
|start
|switch|p1a: Galvantula|Galvantula, M|100/100
|switch|p2a: Necrozma|Necrozma-Dusk-Mane, shiny|100/100
|turn|1
|
|t:|1649872252
|move|p1a: Galvantula|Sticky Web|p2a: Necrozma
|-sidestart|p2: High ladder bros|move: Sticky Web
|move|p2a: Necrozma|Stealth Rock|p1a: Galvantula
|-sidestart|p1: oober noobz|move: Stealth Rock
|
|upkeep
|turn|2
|
|t:|1649872263
|switch|p2a: Arceus|Arceus-Ground, shiny|100/100
|-activate|p2a: Arceus|move: Sticky Web
|-unboost|p2a: Arceus|spe|1
|move|p1a: Galvantula|Thunder|p2a: Arceus
|-immune|p2a: Arceus
|
|upkeep
|turn|3
|
|t:|1649872266
|move|p1a: Galvantula|Bug Buzz|p2a: Arceus
|-crit|p2a: Arceus
|-damage|p2a: Arceus|56/100
|move|p2a: Arceus|Judgment|p1a: Galvantula
|-enditem|p1a: Galvantula|Focus Sash
|-damage|p1a: Galvantula|1/100
|
|upkeep
|turn|4
|
|t:|1649872272
|move|p1a: Galvantula|Bug Buzz|p2a: Arceus
|-damage|p2a: Arceus|26/100
|move|p2a: Arceus|Recover|p2a: Arceus
|-heal|p2a: Arceus|76/100
|
|upkeep
|turn|5
|
|t:|1649872276
|switch|p2a: Rayquaza|Rayquaza|100/100
|-ability|p2a: Rayquaza|Air Lock
|move|p1a: Galvantula|Bug Buzz|p2a: Rayquaza
|-resisted|p2a: Rayquaza
|-damage|p2a: Rayquaza|79/100
|
|upkeep
|turn|6
|
|t:|1649872282
|move|p2a: Rayquaza|Extreme Speed|p1a: Galvantula
|-damage|p1a: Galvantula|0 fnt
|faint|p1a: Galvantula
|
|upkeep
|
|t:|1649872290
|switch|p1a: Beedrill|Beedrill, F|100/100
|-damage|p1a: Beedrill|76/100|[from] Stealth Rock
|turn|7
|
|t:|1649872294
|detailschange|p2a: Rayquaza|Rayquaza-Mega
|-mega|p2a: Rayquaza|Rayquaza|
|-weather|DeltaStream|[from] ability: Delta Stream|[of] p2a: Rayquaza
|detailschange|p1a: Beedrill|Beedrill-Mega, F
|-mega|p1a: Beedrill|Beedrill|Beedrillite
|move|p2a: Rayquaza|Extreme Speed|p1a: Beedrill
|-damage|p1a: Beedrill|0 fnt
|faint|p1a: Beedrill
|
|-weather|DeltaStream|[upkeep]
|upkeep
|
|t:|1649872303
|switch|p1a: Whimsicott|Whimsicott, F|100/100
|-damage|p1a: Whimsicott|88/100|[from] Stealth Rock
|turn|8
|
|t:|1649872307
|move|p2a: Rayquaza|Extreme Speed|p1a: Whimsicott
|-damage|p1a: Whimsicott|37/100
|move|p1a: Whimsicott|Tailwind|p1a: Whimsicott
|-sidestart|p1: oober noobz|move: Tailwind
|
|-weather|DeltaStream|[upkeep]
|-heal|p1a: Whimsicott|43/100|[from] item: Leftovers
|upkeep
|turn|9
|
|t:|1649872311
|move|p2a: Rayquaza|Extreme Speed|p1a: Whimsicott
|-damage|p1a: Whimsicott|0 fnt
|faint|p1a: Whimsicott
|
|-weather|DeltaStream|[upkeep]
|upkeep
|
|t:|1649872315
|switch|p1a: Cinccino|Cinccino, F|100/100
|-damage|p1a: Cinccino|88/100|[from] Stealth Rock
|turn|10
|
|t:|1649872319
|move|p2a: Rayquaza|Extreme Speed|p1a: Cinccino
|-damage|p1a: Cinccino|0 fnt
|faint|p1a: Cinccino
|
|-weather|DeltaStream|[upkeep]
|upkeep
|
|t:|1649872322
|switch|p1a: Diggersby|Diggersby, F|100/100
|-damage|p1a: Diggersby|94/100|[from] Stealth Rock
|turn|11
|
|t:|1649872325
|move|p2a: Rayquaza|Extreme Speed|p1a: Diggersby
|-damage|p1a: Diggersby|22/100
|move|p1a: Diggersby|Flail|p2a: Rayquaza
|-damage|p2a: Rayquaza|22/100
|
|-weather|DeltaStream|[upkeep]
|-sideend|p1: oober noobz|move: Tailwind
|upkeep
|turn|12
|
|t:|1649872331
|move|p2a: Rayquaza|Extreme Speed|p1a: Diggersby
|-crit|p1a: Diggersby
|-damage|p1a: Diggersby|0 fnt
|faint|p1a: Diggersby
|
|-weather|DeltaStream|[upkeep]
|upkeep
|
|t:|1649872334
|switch|p1a: Marshadow|Marshadow|100/100
|-damage|p1a: Marshadow|94/100|[from] Stealth Rock
|turn|13
|
|t:|1649872346
|-weather|none
|switch|p2a: Arceus|Arceus-Fairy, shiny|100/100
|-activate|p2a: Arceus|move: Sticky Web
|-unboost|p2a: Arceus|spe|1
|move|p1a: Marshadow|Shadow Sneak|p2a: Arceus
|-damage|p2a: Arceus|84/100
|
|upkeep
|turn|14
|
|t:|1649872351
|-start|p1a: Marshadow|Dynamax|
|-heal|p1a: Marshadow|94/100|[silent]
|-start|p2a: Arceus|Dynamax|
|-heal|p2a: Arceus|84/100|[silent]
|move|p1a: Marshadow|Max Phantasm|p2a: Arceus
|-damage|p2a: Arceus|67/100
|-unboost|p2a: Arceus|def|1
|move|p2a: Arceus|Max Starfall|p1a: Marshadow
|-supereffective|p1a: Marshadow
|-damage|p1a: Marshadow|26/100
|-fieldstart|move: Misty Terrain
|
|upkeep
|turn|15
|
|t:|1649872354
|move|p1a: Marshadow|Max Phantasm|p2a: Arceus
|-damage|p2a: Arceus|41/100
|-unboost|p2a: Arceus|def|1
|move|p2a: Arceus|Max Starfall|p1a: Marshadow
|-supereffective|p1a: Marshadow
|-damage|p1a: Marshadow|0 fnt
|faint|p1a: Marshadow
|
|win|High ladder bros
|raw|oober noobz's rating: 1468 &rarr; <strong>1454</strong><br />(-14 for losing)
|raw|High ladder bros's rating: 1571 &rarr; <strong>1585</strong><br />(+14 for winning)
|l|☆oober noobz
