|j|☆IamHrrimann
|j|☆ZzNilzZ
|t:|1628778570
|gametype|singles
|player|p1|IamHrrimann|170|1412
|player|p2|ZzNilzZ|steven|1419
|teamsize|p1|6
|teamsize|p2|6
|gen|8
|tier|[Gen 8] National Dex AG
|rated|
|rule|HP Percentage Mod: HP is shown in percentages
|rule|Endless Battle Clause: Forcing endless battles is banned
|clearpoke
|poke|p1|Lugia|
|poke|p1|Toxapex, F|
|poke|p1|Banette, M|
|poke|p1|Mandibuzz, F|
|poke|p1|Hippowdon, M|
|poke|p1|Zeraora|
|poke|p2|Ho-Oh|
|poke|p2|Necrozma-Dusk-Mane|
|poke|p2|Smeargle, M|
|poke|p2|Calyrex-Shadow|
|poke|p2|Medicham, M|
|poke|p2|Tapu Koko|
|teampreview
|inactive|Battle timer is ON: inactive players will automatically lose when time's up. (requested by ZzNilzZ)
|
|t:|1628778597
|start
|switch|p1a: Hippowdon|Hippowdon, M|100/100
|switch|p2a: Smeargle|Smeargle, M, shiny|100/100
|-weather|Sandstorm|[from] ability: Sand Stream|[of] p1a: Hippowdon
|turn|1
|
|t:|1628778607
|switch|p1a: Banette|Banette, M, shiny|100/100
|move|p2a: Smeargle|Spore|p1a: Banette
|-immune|p1a: Banette|[from] ability: Insomnia
|
|-weather|Sandstorm|[upkeep]
|-damage|p2a: Smeargle|94/100|[from] Sandstorm
|-damage|p1a: Banette|94/100|[from] Sandstorm
|-ability|p2a: Smeargle|Moody|boost
|-boost|p2a: Smeargle|atk|2
|-unboost|p2a: Smeargle|spd|1
|upkeep
|turn|2
|
|t:|1628778620
|detailschange|p1a: Banette|Banette-Mega, M, shiny
|-mega|p1a: Banette|Banette|Banettite
|move|p1a: Banette|Taunt|p2a: Smeargle
|-start|p2a: Smeargle|move: Taunt
|cant|p2a: Smeargle|move: Taunt|Sticky Web
|
|-weather|Sandstorm|[upkeep]
|-damage|p2a: Smeargle|88/100|[from] Sandstorm
|-damage|p1a: Banette|88/100|[from] Sandstorm
|-ability|p2a: Smeargle|Moody|boost
|-boost|p2a: Smeargle|atk|2
|-unboost|p2a: Smeargle|spa|1
|upkeep
|turn|3
|inactive|IamHrrimann has 120 seconds left.
|
|t:|1628778674
|switch|p2a: Ho-Oh|Ho-Oh, shiny|100/100
|switch|p1a: Lugia|Lugia, shiny|100/100
|-ability|p1a: Lugia|Pressure
|
|-weather|Sandstorm|[upkeep]
|-damage|p1a: Lugia|94/100|[from] Sandstorm
|-damage|p2a: Ho-Oh|94/100|[from] Sandstorm
|-heal|p1a: Lugia|100/100|[from] item: Leftovers
|upkeep
|turn|4
|
|t:|1628778688
|move|p1a: Lugia|Calm Mind|p1a: Lugia
|-boost|p1a: Lugia|spa|1
|-boost|p1a: Lugia|spd|1
|move|p2a: Ho-Oh|Toxic|p1a: Lugia
|-status|p1a: Lugia|tox
|
|-weather|Sandstorm|[upkeep]
|-damage|p1a: Lugia|94/100 tox|[from] Sandstorm
|-damage|p2a: Ho-Oh|88/100|[from] Sandstorm
|-heal|p1a: Lugia|100/100 tox|[from] item: Leftovers
|-damage|p1a: Lugia|94/100 tox|[from] psn
|upkeep
|turn|5
|
|t:|1628778704
|move|p1a: Lugia|Aeroblast|p2a: Ho-Oh
|-damage|p2a: Ho-Oh|63/100
|move|p2a: Ho-Oh|Whirlwind|p1a: Lugia
|drag|p1a: Banette|Banette-Mega, M, shiny|88/100
|
|-weather|none
|upkeep
|turn|6
|
|t:|1628778715
|move|p1a: Banette|Taunt|p2a: Ho-Oh
|-start|p2a: Ho-Oh|move: Taunt
|cant|p2a: Ho-Oh|move: Taunt|Toxic
|
|upkeep
|turn|7
|
|t:|1628778721
|move|p2a: Ho-Oh|Sacred Fire|p1a: Banette
|-crit|p1a: Banette
|-damage|p1a: Banette|17/100
|move|p1a: Banette|Shadow Claw|p2a: Ho-Oh
|-damage|p2a: Ho-Oh|29/100
|
|upkeep
|turn|8
|inactive|IamHrrimann has 90 seconds left.
|
|t:|1628778754
|switch|p1a: Hippowdon|Hippowdon, M|100/100
|-weather|Sandstorm|[from] ability: Sand Stream|[of] p1a: Hippowdon
|move|p2a: Ho-Oh|Sacred Fire|p1a: Hippowdon
|-damage|p1a: Hippowdon|80/100
|
|-weather|Sandstorm|[upkeep]
|-damage|p2a: Ho-Oh|23/100|[from] Sandstorm
|-heal|p1a: Hippowdon|86/100|[from] item: Leftovers
|-end|p2a: Ho-Oh|move: Taunt
|upkeep
|turn|9
|inactive|IamHrrimann has 90 seconds left.
|
|t:|1628778773
|switch|p2a: Smeargle|Smeargle, M, shiny|88/100
|move|p1a: Hippowdon|Stealth Rock|p2a: Smeargle
|-sidestart|p2: ZzNilzZ|move: Stealth Rock
|
|-weather|Sandstorm|[upkeep]
|-damage|p2a: Smeargle|82/100|[from] Sandstorm
|-heal|p1a: Hippowdon|92/100|[from] item: Leftovers
|-ability|p2a: Smeargle|Moody|boost
|-boost|p2a: Smeargle|spd|2
|-unboost|p2a: Smeargle|spe|1
|upkeep
|turn|10
|
|t:|1628778786
|switch|p1a: Banette|Banette-Mega, M, shiny|17/100
|move|p2a: Smeargle|Sticky Web|p1a: Banette
|-sidestart|p1: IamHrrimann|move: Sticky Web
|
|-weather|Sandstorm|[upkeep]
|-damage|p1a: Banette|11/100|[from] Sandstorm
|-damage|p2a: Smeargle|76/100|[from] Sandstorm
|-ability|p2a: Smeargle|Moody|boost
|-boost|p2a: Smeargle|def|2
|-unboost|p2a: Smeargle|spa|1
|upkeep
|turn|11
|
|t:|1628778798
|move|p1a: Banette|Taunt|p2a: Smeargle
|-start|p2a: Smeargle|move: Taunt
|cant|p2a: Smeargle|move: Taunt|Quiver Dance
|
|-weather|Sandstorm|[upkeep]
|-damage|p1a: Banette|5/100|[from] Sandstorm
|-damage|p2a: Smeargle|70/100|[from] Sandstorm
|-ability|p2a: Smeargle|Moody|boost
|-boost|p2a: Smeargle|spa|2
|-unboost|p2a: Smeargle|spd|1
|upkeep
|turn|12
|
|t:|1628778809
|switch|p1a: Mandibuzz|Mandibuzz, F|100/100
|-activate|p2a: Smeargle|move: Struggle
|move|p2a: Smeargle|Struggle|p1a: Mandibuzz
|-damage|p1a: Mandibuzz|99/100
|-damage|p2a: Smeargle|45/100|[from] recoil
|
|-weather|none
|-heal|p1a: Mandibuzz|100/100|[from] item: Leftovers
|-ability|p2a: Smeargle|Moody|boost
|-boost|p2a: Smeargle|spe|2
|-unboost|p2a: Smeargle|spd|1
|upkeep
|turn|13
|
|t:|1628778827
|-activate|p2a: Smeargle|move: Struggle
|move|p2a: Smeargle|Struggle|p1a: Mandibuzz
|-damage|p1a: Mandibuzz|99/100
|-damage|p2a: Smeargle|20/100|[from] recoil
|move|p1a: Mandibuzz|Foul Play|p2a: Smeargle
|-damage|p2a: Smeargle|13/100
|
|-heal|p1a: Mandibuzz|100/100|[from] item: Leftovers
|-end|p2a: Smeargle|move: Taunt
|-ability|p2a: Smeargle|Moody|boost
|-boost|p2a: Smeargle|spd|2
|-unboost|p2a: Smeargle|def|1
|upkeep
|turn|14
|inactive|ZzNilzZ has 120 seconds left.
|
|t:|1628778845
|move|p2a: Smeargle|Baton Pass|p2a: Smeargle
|
|t:|1628778849
|switch|p2a: Calyrex|Calyrex-Shadow|100/100|[from]move: Baton Pass
|-ability|p2a: Calyrex|As One
|-ability|p2a: Calyrex|Unnerve
|-damage|p2a: Calyrex|88/100|[from] Stealth Rock
|move|p1a: Mandibuzz|Toxic|p2a: Calyrex
|-status|p2a: Calyrex|tox
|
|-damage|p2a: Calyrex|82/100 tox|[from] psn
|upkeep
|turn|15
|
|t:|1628778875
|switch|p1a: Toxapex|Toxapex, F, shiny|100/100
|-activate|p1a: Toxapex|move: Sticky Web
|-unboost|p1a: Toxapex|spe|1
|-start|p2a: Calyrex|Dynamax
|-heal|p2a: Calyrex|82/100 tox|[silent]
|move|p2a: Calyrex|Max Starfall|p1a: Toxapex
|-resisted|p1a: Toxapex
|-damage|p1a: Toxapex|74/100
|-fieldstart|move: Misty Terrain
|
|-heal|p1a: Toxapex|80/100|[from] item: Black Sludge
|-damage|p2a: Calyrex|76/100 tox|[from] psn
|upkeep
|turn|16
|inactive|IamHrrimann has 60 seconds left.
|
|t:|1628778892
|switch|p1a: Mandibuzz|Mandibuzz, F|100/100
|move|p2a: Calyrex|Max Mindstorm|p1a: Mandibuzz
|-immune|p1a: Mandibuzz
|
|-damage|p2a: Calyrex|67/100 tox|[from] psn
|upkeep
|turn|17
|inactive|IamHrrimann has 60 seconds left.
|
|t:|1628778908
|move|p2a: Calyrex|Max Mindstorm|p1a: Mandibuzz
|-immune|p1a: Mandibuzz
|move|p1a: Mandibuzz|Foul Play|p2a: Calyrex
|-supereffective|p2a: Calyrex
|-damage|p2a: Calyrex|31/100 tox
|
|-damage|p2a: Calyrex|19/100 tox|[from] psn
|-end|p2a: Calyrex|Dynamax
|-heal|p2a: Calyrex|19/100 tox|[silent]
|upkeep
|turn|18
|inactive|IamHrrimann has 60 seconds left.
|-message|ZzNilzZ forfeited.
|
|win|IamHrrimann
|l|☆ZzNilzZ
|raw|IamHrrimann's rating: 1412 &rarr; <strong>1432</strong><br />(+20 for winning)
|raw|ZzNilzZ's rating: 1419 &rarr; <strong>1399</strong><br />(-20 for losing)
||Ladder isn't responding, score probably updated but might not have (Request timeout).
