|j|☆Thegamingattack3☭
|j|☆Dominator296
|t:|1615712264
|player|p1|Thegamingattack3☭|red|1716
|player|p2|Dominator296|257|1661
|teamsize|p1|6
|teamsize|p2|6
|gametype|singles
|gen|8
|tier|[Gen 8] National Dex AG
|rated|
|clearpoke
|poke|p1|Groudon|
|poke|p1|Ho-Oh|
|poke|p1|Zacian-Crowned|
|poke|p1|Ditto|
|poke|p1|Yveltal|
|poke|p1|Rayquaza|
|poke|p2|Tyranitar, M|
|poke|p2|Groudon|
|poke|p2|Deoxys-Attack|
|poke|p2|Necrozma-Dusk-Mane|
|poke|p2|Arceus-*|
|poke|p2|Arceus-*|
|rule|HP Percentage Mod: HP is shown in percentages
|rule|Endless Battle Clause: Forcing endless battles is banned
|teampreview
|c|☆Thegamingattack3☭|Gl
|
|t:|1615712318
|start
|switch|p1a: Groudon|Groudon|100/100
|switch|p2a: Arceus|Arceus-Flying|100/100
|detailschange|p1a: Groudon|Groudon-Primal
|-primal|p1a: Groudon
|-weather|DesolateLand|[from] ability: Desolate Land|[of] p1a: Groudon
|turn|1
|
|t:|1615712328
|move|p2a: Arceus|Calm Mind|p2a: Arceus
|-boost|p2a: Arceus|spa|1
|-boost|p2a: Arceus|spd|1
|move|p1a: Groudon|Stealth Rock|p2a: Arceus
|-sidestart|p2: Dominator296|move: Stealth Rock
|
|-weather|DesolateLand|[upkeep]
|upkeep
|turn|2
|
|t:|1615712338
|move|p2a: Arceus|Calm Mind|p2a: Arceus
|-boost|p2a: Arceus|spa|1
|-boost|p2a: Arceus|spd|1
|move|p1a: Groudon|Rock Tomb|p2a: Arceus
|-supereffective|p2a: Arceus
|-damage|p2a: Arceus|74/100
|-unboost|p2a: Arceus|spe|1
|
|-weather|DesolateLand|[upkeep]
|upkeep
|turn|3
|
|t:|1615712344
|-start|p2a: Arceus|Dynamax
|-heal|p2a: Arceus|74/100|[silent]
|move|p1a: Groudon|Fire Punch|p2a: Arceus
|-damage|p2a: Arceus|58/100
|move|p2a: Arceus|Max Airstream|p1a: Groudon
|-damage|p1a: Groudon|0 fnt
|-boost|p2a: Arceus|spe|1
|faint|p1a: Groudon
|-weather|none
|
|upkeep
|
|t:|1615712350
|switch|p1a: Ditto|Ditto|100/100
|-transform|p1a: Ditto|p2a: Arceus|[from] ability: Imposter
|turn|4
|
|t:|1615712356
|-start|p1a: Ditto|Dynamax
|-heal|p1a: Ditto|100/100|[silent]
|move|p2a: Arceus|Max Airstream|p1a: Ditto
|-damage|p1a: Ditto|67/100
|-boost|p2a: Arceus|spe|1
|move|p1a: Ditto|Max Strike|p2a: Arceus
|-damage|p2a: Arceus|45/100
|-unboost|p2a: Arceus|spe|1
|
|upkeep
|turn|5
|
|t:|1615712361
|move|p2a: Arceus|Max Airstream|p1a: Ditto
|-damage|p1a: Ditto|35/100
|-boost|p2a: Arceus|spe|1
|move|p1a: Ditto|Max Strike|p2a: Arceus
|-damage|p2a: Arceus|33/100
|-unboost|p2a: Arceus|spe|1
|
|-end|p2a: Arceus|Dynamax
|-heal|p2a: Arceus|33/100|[silent]
|upkeep
|turn|6
|
|t:|1615712366
|move|p2a: Arceus|Recover|p2a: Arceus
|-heal|p2a: Arceus|83/100
|move|p1a: Ditto|Max Strike|p2a: Arceus
|-damage|p2a: Arceus|61/100
|-unboost|p2a: Arceus|spe|1
|
|-end|p1a: Ditto|Dynamax
|-heal|p1a: Ditto|35/100|[silent]
|upkeep
|turn|7
|
|t:|1615712371
|move|p1a: Ditto|Recover|p1a: Ditto
|-heal|p1a: Ditto|85/100
|move|p2a: Arceus|Calm Mind|p2a: Arceus
|-boost|p2a: Arceus|spa|1
|-boost|p2a: Arceus|spd|1
|
|upkeep
|turn|8
|
|t:|1615712375
|switch|p1a: Zacian|Zacian-Crowned|100/100
|-ability|p1a: Zacian|Intrepid Sword|boost
|-boost|p1a: Zacian|atk|1
|move|p2a: Arceus|Calm Mind|p2a: Arceus
|-boost|p2a: Arceus|spa|1
|-boost|p2a: Arceus|spd|1
|
|upkeep
|turn|9
|
|t:|1615712379
|move|p1a: Zacian|Wild Charge|p2a: Arceus
|-supereffective|p2a: Arceus
|-damage|p2a: Arceus|6/100
|-damage|p1a: Zacian|82/100|[from] Recoil
|move|p2a: Arceus|Judgment|p1a: Zacian
|-resisted|p1a: Zacian
|-damage|p1a: Zacian|15/100
|
|upkeep
|turn|10
|
|t:|1615712388
|move|p1a: Zacian|Behemoth Blade|p2a: Arceus
|-damage|p2a: Arceus|0 fnt
|faint|p2a: Arceus
|
|upkeep
|
|t:|1615712394
|switch|p2a: Deoxys|Deoxys-Attack|100/100
|-damage|p2a: Deoxys|88/100|[from] Stealth Rock
|-ability|p2a: Deoxys|Pressure
|turn|11
|
|t:|1615712400
|move|p2a: Deoxys|Extreme Speed|p1a: Zacian
|-resisted|p1a: Zacian
|-damage|p1a: Zacian|0 fnt
|faint|p1a: Zacian
|
|upkeep
|
|t:|1615712408
|switch|p1a: Rayquaza|Rayquaza|100/100
|-ability|p1a: Rayquaza|Air Lock
|turn|12
|
|t:|1615712419
|switch|p2a: Tyranitar|Tyranitar, M|100/100
|-damage|p2a: Tyranitar|88/100|[from] Stealth Rock
|-weather|Sandstorm|[from] ability: Sand Stream|[of] p2a: Tyranitar
|detailschange|p1a: Rayquaza|Rayquaza-Mega
|-mega|p1a: Rayquaza|Rayquaza|
|-weather|DeltaStream|[from] ability: Delta Stream|[of] p1a: Rayquaza
|move|p1a: Rayquaza|Dragon Dance|p1a: Rayquaza
|-boost|p1a: Rayquaza|atk|1
|-boost|p1a: Rayquaza|spe|1
|
|-weather|DeltaStream|[upkeep]
|upkeep
|turn|13
|
|t:|1615712428
|detailschange|p2a: Tyranitar|Tyranitar-Mega, M
|-mega|p2a: Tyranitar|Tyranitar|Tyranitarite
|-ability|p2a: Tyranitar|Sand Stream|[from] deltastream|[fail]
|move|p1a: Rayquaza|Earthquake|p2a: Tyranitar
|-supereffective|p2a: Tyranitar
|-damage|p2a: Tyranitar|0 fnt
|-damage|p1a: Rayquaza|91/100|[from] item: Life Orb
|faint|p2a: Tyranitar
|
|-weather|DeltaStream|[upkeep]
|upkeep
|
|t:|1615712449
|switch|p2a: Necrozma|Necrozma-Dusk-Mane|100/100
|-damage|p2a: Necrozma|95/100|[from] Stealth Rock
|turn|14
|
|t:|1615712482
|detailschange|p2a: Necrozma|Necrozma-Ultra
|-burst|p2a: Necrozma|Necrozma|Ultranecrozium Z
|move|p1a: Rayquaza|Earthquake|p2a: Necrozma
|-damage|p2a: Necrozma|12/100
|-damage|p1a: Rayquaza|81/100|[from] item: Life Orb
|move|p2a: Necrozma|Photon Geyser|p1a: Rayquaza
|-damage|p1a: Rayquaza|18/100
|
|-weather|DeltaStream|[upkeep]
|upkeep
|turn|15
|
|t:|1615712506
|move|p1a: Rayquaza|Earthquake|p2a: Necrozma
|-damage|p2a: Necrozma|0 fnt
|-damage|p1a: Rayquaza|8/100|[from] item: Life Orb
|faint|p2a: Necrozma
|
|-weather|DeltaStream|[upkeep]
|upkeep
|
|t:|1615712514
|switch|p2a: Groudon|Groudon|100/100
|-damage|p2a: Groudon|94/100|[from] Stealth Rock
|detailschange|p2a: Groudon|Groudon-Primal
|-primal|p2a: Groudon
|-weather|DesolateLand|[from] ability: Desolate Land|[of] p2a: Groudon
|turn|16
|
|t:|1615712519
|move|p1a: Rayquaza|Earthquake|p2a: Groudon
|-supereffective|p2a: Groudon
|-damage|p2a: Groudon|0 fnt
|-damage|p1a: Rayquaza|0 fnt|[from] item: Life Orb
|faint|p2a: Groudon
|-weather|none
|faint|p1a: Rayquaza
|
|upkeep
|
|t:|1615712524
|switch|p1a: Yveltal|Yveltal|100/100
|switch|p2a: Arceus|Arceus-Fire|100/100
|-ability|p1a: Yveltal|Dark Aura
|-damage|p2a: Arceus|75/100|[from] Stealth Rock
|turn|17
|
|t:|1615712529
|move|p1a: Yveltal|Dark Pulse|p2a: Arceus
|-damage|p2a: Arceus|46/100
|move|p2a: Arceus|Recover|p2a: Arceus
|-heal|p2a: Arceus|96/100
|
|upkeep
|turn|18
|
|t:|1615712536
|move|p1a: Yveltal|Knock Off|p2a: Arceus
|-damage|p2a: Arceus|70/100
|move|p2a: Arceus|Calm Mind|p2a: Arceus
|-boost|p2a: Arceus|spa|1
|-boost|p2a: Arceus|spd|1
|
|upkeep
|turn|19
|
|t:|1615712543
|switch|p1a: Ho-Oh|Ho-Oh|100/100
|move|p2a: Arceus|Calm Mind|p2a: Arceus
|-boost|p2a: Arceus|spa|1
|-boost|p2a: Arceus|spd|1
|
|upkeep
|turn|20
|
|t:|1615712548
|move|p2a: Arceus|Judgment|p1a: Ho-Oh
|-resisted|p1a: Ho-Oh
|-damage|p1a: Ho-Oh|78/100
|move|p1a: Ho-Oh|Sacred Fire|p2a: Arceus
|-resisted|p2a: Arceus
|-damage|p2a: Arceus|55/100
|
|upkeep
|turn|21
|
|t:|1615712557
|move|p2a: Arceus|Calm Mind|p2a: Arceus
|-boost|p2a: Arceus|spa|1
|-boost|p2a: Arceus|spd|1
|move|p1a: Ho-Oh|Brave Bird|p2a: Arceus
|-damage|p2a: Arceus|25/100
|-damage|p1a: Ho-Oh|67/100|[from] Recoil
|
|upkeep
|turn|22
|
|t:|1615712560
|move|p2a: Arceus|Recover|p2a: Arceus
|-heal|p2a: Arceus|75/100
|move|p1a: Ho-Oh|Brave Bird|p2a: Arceus
|-damage|p2a: Arceus|40/100
|-damage|p1a: Ho-Oh|55/100|[from] Recoil
|
|upkeep
|turn|23
|
|t:|1615712564
|move|p2a: Arceus|Recover|p2a: Arceus
|-heal|p2a: Arceus|90/100
|move|p1a: Ho-Oh|Brave Bird|p2a: Arceus
|-damage|p2a: Arceus|58/100
|-damage|p1a: Ho-Oh|43/100|[from] Recoil
|
|upkeep
|turn|24
|
|t:|1615712568
|move|p2a: Arceus|Recover|p2a: Arceus
|-heal|p2a: Arceus|100/100
|move|p1a: Ho-Oh|Roost|p1a: Ho-Oh
|-heal|p1a: Ho-Oh|94/100
|-singleturn|p1a: Ho-Oh|move: Roost
|
|upkeep
|turn|25
|
|t:|1615712572
|move|p2a: Arceus|Judgment|p1a: Ho-Oh
|-resisted|p1a: Ho-Oh
|-damage|p1a: Ho-Oh|68/100
|move|p1a: Ho-Oh|Brave Bird|p2a: Arceus
|-crit|p2a: Arceus
|-damage|p2a: Arceus|50/100
|-damage|p1a: Ho-Oh|50/100|[from] Recoil
|
|upkeep
|turn|26
|
|t:|1615712583
|move|p2a: Arceus|Recover|p2a: Arceus
|-heal|p2a: Arceus|99/100
|move|p1a: Ho-Oh|Roost|p1a: Ho-Oh
|-heal|p1a: Ho-Oh|99/100
|-singleturn|p1a: Ho-Oh|move: Roost
|
|upkeep
|turn|27
|
|t:|1615712592
|move|p2a: Arceus|Calm Mind|p2a: Arceus
|-boost|p2a: Arceus|spa|1
|-boost|p2a: Arceus|spd|1
|move|p1a: Ho-Oh|Brave Bird|p2a: Arceus
|-damage|p2a: Arceus|66/100
|-damage|p1a: Ho-Oh|88/100|[from] Recoil
|
|upkeep
|turn|28
|
|t:|1615712602
|move|p2a: Arceus|Judgment|p1a: Ho-Oh
|-resisted|p1a: Ho-Oh
|-damage|p1a: Ho-Oh|57/100
|move|p1a: Ho-Oh|Brave Bird|p2a: Arceus
|-damage|p2a: Arceus|30/100
|-damage|p1a: Ho-Oh|45/100|[from] Recoil
|
|upkeep
|turn|29
|
|t:|1615712614
|move|p2a: Arceus|Recover|p2a: Arceus
|-heal|p2a: Arceus|80/100
|move|p1a: Ho-Oh|Brave Bird|p2a: Arceus
|-damage|p2a: Arceus|46/100
|-damage|p1a: Ho-Oh|33/100|[from] Recoil
|
|upkeep
|turn|30
|
|t:|1615712621
|move|p2a: Arceus|Recover|p2a: Arceus
|-heal|p2a: Arceus|96/100
|move|p1a: Ho-Oh|Roost|p1a: Ho-Oh
|-heal|p1a: Ho-Oh|83/100
|-singleturn|p1a: Ho-Oh|move: Roost
|
|upkeep
|turn|31
|
|t:|1615712628
|move|p2a: Arceus|Calm Mind|p2a: Arceus
|-boost|p2a: Arceus|spa|1
|-boost|p2a: Arceus|spd|1
|move|p1a: Ho-Oh|Brave Bird|p2a: Arceus
|-damage|p2a: Arceus|63/100
|-damage|p1a: Ho-Oh|71/100|[from] Recoil
|
|upkeep
|turn|32
|
|t:|1615712631
|move|p2a: Arceus|Calm Mind|p2a: Arceus
|-boost|p2a: Arceus|spa|1
|-boost|p2a: Arceus|spd|1
|move|p1a: Ho-Oh|Brave Bird|p2a: Arceus
|-damage|p2a: Arceus|32/100
|-damage|p1a: Ho-Oh|60/100|[from] Recoil
|
|upkeep
|turn|33
|
|t:|1615712638
|move|p2a: Arceus|Recover|p2a: Arceus
|-heal|p2a: Arceus|82/100
|move|p1a: Ho-Oh|Roost|p1a: Ho-Oh
|-heal|p1a: Ho-Oh|100/100
|-singleturn|p1a: Ho-Oh|move: Roost
|
|upkeep
|turn|34
|
|t:|1615712649
|move|p2a: Arceus|Judgment|p1a: Ho-Oh
|-resisted|p1a: Ho-Oh
|-damage|p1a: Ho-Oh|62/100
|move|p1a: Ho-Oh|Brave Bird|p2a: Arceus
|-crit|p2a: Arceus
|-damage|p2a: Arceus|33/100
|-damage|p1a: Ho-Oh|45/100|[from] Recoil
|
|upkeep
|turn|35
|
|t:|1615712658
|move|p2a: Arceus|Recover|p2a: Arceus
|-heal|p2a: Arceus|83/100
|move|p1a: Ho-Oh|Roost|p1a: Ho-Oh
|-heal|p1a: Ho-Oh|95/100
|-singleturn|p1a: Ho-Oh|move: Roost
|
|upkeep
|turn|36
|
|t:|1615712663
|move|p2a: Arceus|Judgment|p1a: Ho-Oh
|-resisted|p1a: Ho-Oh
|-damage|p1a: Ho-Oh|50/100
|move|p1a: Ho-Oh|Brave Bird|p2a: Arceus
|-damage|p2a: Arceus|52/100
|-damage|p1a: Ho-Oh|39/100|[from] Recoil
|
|upkeep
|turn|37
|
|t:|1615712675
|move|p2a: Arceus|Judgment|p1a: Ho-Oh
|-resisted|p1a: Ho-Oh
|-damage|p1a: Ho-Oh|0 fnt
|faint|p1a: Ho-Oh
|
|upkeep
|
|t:|1615712679
|switch|p1a: Ditto|Ditto|85/100
|-transform|p1a: Ditto|p2a: Arceus|[from] ability: Imposter
|turn|38
|
|t:|1615712684
|move|p1a: Ditto|Judgment|p2a: Arceus
|-damage|p2a: Arceus|38/100
|move|p2a: Arceus|Recover|p2a: Arceus
|-heal|p2a: Arceus|88/100
|
|upkeep
|turn|39
|
|t:|1615712691
|move|p1a: Ditto|Judgment|p2a: Arceus
|-crit|p2a: Arceus
|-damage|p2a: Arceus|4/100
|move|p2a: Arceus|Judgment|p1a: Ditto
|-resisted|p1a: Ditto
|-damage|p1a: Ditto|68/100
|
|upkeep
|turn|40
|
|t:|1615712699
|move|p1a: Ditto|Judgment|p2a: Arceus
|-damage|p2a: Arceus|0 fnt
|faint|p2a: Arceus
|
|upkeep
|c|☆Thegamingattack3☭|Oof
|c|☆Thegamingattack3☭|Gg
|
|t:|1615712708
|switch|p2a: Deoxys|Deoxys-Attack|88/100
|-damage|p2a: Deoxys|76/100|[from] Stealth Rock
|-ability|p2a: Deoxys|Pressure
|turn|41
|inactive|Battle timer is ON: inactive players will automatically lose when time's up. (requested by Thegamingattack3☭)
|
|t:|1615712725
|move|p2a: Deoxys|Extreme Speed|p1a: Ditto
|-damage|p1a: Ditto|33/100
|move|p1a: Ditto|Judgment|p2a: Deoxys
|-damage|p2a: Deoxys|0 fnt
|faint|p2a: Deoxys
|
|win|Thegamingattack3☭
|raw|Thegamingattack3☭'s rating: 1716 &rarr; <strong>1729</strong><br />(+13 for winning)
|raw|Dominator296's rating: 1661 &rarr; <strong>1648</strong><br />(-13 for losing)
