|j|☆Morale Booster
|j|☆cllout
|t:|1668351511
|gametype|singles
|player|p1|Morale Booster|klara|1637
|player|p2|cllout|misty-lgpe|1649
|teamsize|p1|6
|teamsize|p2|6
|gen|8
|tier|[Gen 8] National Dex AG
|rated|
|rule|HP Percentage Mod: HP is shown in percentages
|rule|Endless Battle Clause: Forcing endless battles is banned
|clearpoke
|poke|p1|Smeargle, F|
|poke|p1|Marshadow|
|poke|p1|Groudon|
|poke|p1|Xerneas-*|
|poke|p1|Lugia|
|poke|p1|Xatu, M|
|poke|p2|Rayquaza|
|poke|p2|Necrozma-Dusk-Mane|
|poke|p2|Kyogre|
|poke|p2|Arceus-*|
|poke|p2|Calyrex-Shadow|
|poke|p2|Marshadow|
|teampreview
|inactive|Battle timer is ON: inactive players will automatically lose when time's up. (requested by cllout)
|
|t:|1668351521
|start
|switch|p1a: not stall|Groudon|100/100
|switch|p2a: Ray|Rayquaza|100/100
|-ability|p2a: Ray|Air Lock
|detailschange|p1a: not stall|Groudon-Primal
|-primal|p1a: not stall
|-weather|DesolateLand|[from] ability: Desolate Land|[of] p1a: not stall
|turn|1
|
|t:|1668351540
|switch|p2a: K-Primal|Kyogre|100/100
|detailschange|p2a: K-Primal|Kyogre-Primal
|-primal|p2a: K-Primal
|-weather|PrimordialSea|[from] ability: Primordial Sea|[of] p2a: K-Primal
|switch|p1a: attacker|Lugia|100/100
|
|-weather|PrimordialSea|[upkeep]
|upkeep
|turn|2
|inactive|cllout has 120 seconds left.
|
|t:|1668351568
|switch|p1a: not stall|Groudon-Primal|100/100
|-weather|DesolateLand|[from] ability: Desolate Land|[of] p1a: not stall
|move|p2a: K-Primal|Thunder|p1a: not stall
|-immune|p1a: not stall
|
|-weather|DesolateLand|[upkeep]
|upkeep
|turn|3
|inactive|cllout has 120 seconds left.
|
|t:|1668351581
|switch|p2a: Ray|Rayquaza|100/100
|-ability|p2a: Ray|Air Lock
|move|p1a: not stall|Earthquake|p2a: Ray
|-immune|p2a: Ray
|
|-weather|DesolateLand|[upkeep]
|upkeep
|turn|4
|
|t:|1668351588
|-weather|none
|switch|p1a: attacker|Lugia|100/100
|detailschange|p2a: Ray|Rayquaza-Mega
|-mega|p2a: Ray|Rayquaza|
|-weather|DeltaStream|[from] ability: Delta Stream|[of] p2a: Ray
|move|p2a: Ray|Scale Shot|p1a: attacker|[miss]
|-miss|p2a: Ray|p1a: attacker
|
|-weather|DeltaStream|[upkeep]
|upkeep
|turn|5
|inactive|cllout has 120 seconds left.
|
|t:|1668351604
|-weather|none
|switch|p2a: Dusk Mane|Necrozma-Dusk-Mane|100/100
|move|p1a: attacker|Toxic|p2a: Dusk Mane
|-immune|p2a: Dusk Mane
|
|upkeep
|turn|6
|
|t:|1668351612
|switch|p1a: hit me|Xatu, M|100/100
|move|p2a: Dusk Mane|Stealth Rock|p1a: hit me
|move|p1a: hit me|Stealth Rock|p2a: Dusk Mane|[from]ability: Magic Bounce
|-sidestart|p2: cllout|move: Stealth Rock
|
|upkeep
|turn|7
|
|t:|1668351626
|move|p1a: hit me|Light Screen|p1a: hit me
|-sidestart|p1: Morale Booster|move: Light Screen
|move|p2a: Dusk Mane|Stealth Rock|p1a: hit me
|move|p1a: hit me|Stealth Rock||[from]ability: Magic Bounce|[still]
|-fail|p1a: hit me
|
|upkeep
|turn|8
|
|t:|1668351632
|move|p1a: hit me|Dazzling Gleam|p2a: Dusk Mane
|-resisted|p2a: Dusk Mane
|-damage|p2a: Dusk Mane|93/100
|move|p2a: Dusk Mane|Sunsteel Strike|p1a: hit me
|-damage|p1a: hit me|32/100
|
|upkeep
|turn|9
|
|t:|1668351640
|move|p1a: hit me|Dazzling Gleam|p2a: Dusk Mane
|-resisted|p2a: Dusk Mane
|-damage|p2a: Dusk Mane|87/100
|move|p2a: Dusk Mane|Sunsteel Strike|p1a: hit me
|-damage|p1a: hit me|0 fnt
|faint|p1a: hit me
|
|upkeep
|
|t:|1668351649
|switch|p1a: hi and bye|Smeargle, F|100/100
|turn|10
|
|t:|1668351665
|move|p1a: hi and bye|Spore|p2a: Dusk Mane
|-status|p2a: Dusk Mane|slp|[from] move: Spore
|cant|p2a: Dusk Mane|slp
|
|upkeep
|turn|11
|
|t:|1668351670
|move|p1a: hi and bye|Shell Smash|p1a: hi and bye
|-unboost|p1a: hi and bye|def|1
|-unboost|p1a: hi and bye|spd|1
|-boost|p1a: hi and bye|atk|2
|-boost|p1a: hi and bye|spa|2
|-boost|p1a: hi and bye|spe|2
|cant|p2a: Dusk Mane|slp
|
|-sideend|p1: Morale Booster|move: Light Screen
|upkeep
|turn|12
|
|t:|1668351678
|move|p1a: hi and bye|Shell Smash|p1a: hi and bye
|-unboost|p1a: hi and bye|def|1
|-unboost|p1a: hi and bye|spd|1
|-boost|p1a: hi and bye|atk|2
|-boost|p1a: hi and bye|spa|2
|-boost|p1a: hi and bye|spe|2
|cant|p2a: Dusk Mane|slp
|
|upkeep
|turn|13
|
|t:|1668351692
|move|p1a: hi and bye|Power Trip|p2a: Dusk Mane
|-supereffective|p2a: Dusk Mane
|-damage|p2a: Dusk Mane|4/100 slp
|-damage|p1a: hi and bye|84/100|[from] item: Rocky Helmet|[of] p2a: Dusk Mane
|-curestatus|p2a: Dusk Mane|slp|[msg]
|move|p2a: Dusk Mane|Sunsteel Strike|p1a: hi and bye
|-crit|p1a: hi and bye
|-damage|p1a: hi and bye|0 fnt
|faint|p1a: hi and bye
|
|upkeep
|inactive|Morale Booster has 120 seconds left.
|
|t:|1668351725
|switch|p1a: Is not important|Xerneas|100/100
|-ability|p1a: Is not important|Fairy Aura
|turn|14
|
|t:|1668351732
|move|p1a: Is not important|Geomancy||[still]
|-prepare|p1a: Is not important|Geomancy
|-enditem|p1a: Is not important|Power Herb
|-anim|p1a: Is not important|Geomancy|p1a: Is not important
|-boost|p1a: Is not important|spa|2
|-boost|p1a: Is not important|spd|2
|-boost|p1a: Is not important|spe|2
|move|p2a: Dusk Mane|Sunsteel Strike|p1a: Is not important
|-supereffective|p1a: Is not important
|-damage|p1a: Is not important|19/100
|
|upkeep
|turn|15
|
|t:|1668351746
|move|p1a: Is not important|Moonblast|p2a: Dusk Mane
|-resisted|p2a: Dusk Mane
|-damage|p2a: Dusk Mane|0 fnt
|faint|p2a: Dusk Mane
|
|upkeep
|
|t:|1668351758
|switch|p2a: Arce|Arceus-Fairy|100/100
|-damage|p2a: Arce|88/100|[from] Stealth Rock
|turn|16
|
|t:|1668351761
|move|p1a: Is not important|Moonblast|p2a: Arce
|-damage|p2a: Arce|16/100
|move|p2a: Arce|Defog|p1a: Is not important
|-unboost|p1a: Is not important|evasion|1
|-sideend|p2: cllout|Stealth Rock|[from] move: Defog|[of] p2a: Arce
|
|upkeep
|turn|17
|
|t:|1668351772
|move|p1a: Is not important|Moonblast|p2a: Arce
|-damage|p2a: Arce|0 fnt
|faint|p2a: Arce
|
|upkeep
|
|t:|1668351782
|switch|p2a: Marsh|Marshadow|100/100
|turn|18
|
|t:|1668351791
|move|p1a: Is not important|Moonblast|p2a: Marsh
|-supereffective|p2a: Marsh
|-enditem|p2a: Marsh|Focus Sash
|-damage|p2a: Marsh|1/100
|move|p2a: Marsh|Spectral Thief||[still]
|-clearpositiveboost|p1a: Is not important|p2a: Marsh|move: Spectral Thief
|-boost|p2a: Marsh|spa|2
|-boost|p2a: Marsh|spd|2
|-boost|p2a: Marsh|spe|2
|-anim|p2a: Marsh|Spectral Thief|p1a: Is not important
|-damage|p1a: Is not important|0 fnt
|faint|p1a: Is not important
|
|upkeep
|
|t:|1668351804
|switch|p1a: i no take|Marshadow|100/100
|turn|19
|
|t:|1668351809
|move|p2a: Marsh|Shadow Sneak|p1a: i no take
|-supereffective|p1a: i no take
|-damage|p1a: i no take|16/100
|move|p1a: i no take|Spectral Thief||[still]
|-clearpositiveboost|p2a: Marsh|p1a: i no take|move: Spectral Thief
|-boost|p1a: i no take|spa|2
|-boost|p1a: i no take|spd|2
|-boost|p1a: i no take|spe|2
|-anim|p1a: i no take|Spectral Thief|p2a: Marsh
|-supereffective|p2a: Marsh
|-damage|p2a: Marsh|0 fnt
|faint|p2a: Marsh
|
|upkeep
|
|t:|1668351835
|switch|p2a: Caly|Calyrex-Shadow|100/100
|-ability|p2a: Caly|As One
|-ability|p2a: Caly|Unnerve
|turn|20
|
|t:|1668351844
|move|p1a: i no take|Spectral Thief|p2a: Caly
|-supereffective|p2a: Caly
|-enditem|p2a: Caly|Focus Sash
|-damage|p2a: Caly|1/100
|move|p2a: Caly|Astral Barrage|p1a: i no take
|-supereffective|p1a: i no take
|-damage|p1a: i no take|0 fnt
|faint|p1a: i no take
|-ability|p2a: Caly|Grim Neigh|boost
|-boost|p2a: Caly|spa|1
|
|upkeep
|
|t:|1668351856
|switch|p1a: attacker|Lugia|100/100
|turn|21
|
|t:|1668351862
|-start|p2a: Caly|Dynamax|
|-heal|p2a: Caly|1/100|[silent]
|move|p2a: Caly|Max Phantasm|p1a: attacker
|-supereffective|p1a: attacker
|-damage|p1a: attacker|30/100
|-unboost|p1a: attacker|def|1
|move|p1a: attacker|Aeroblast|p2a: Caly
|-damage|p2a: Caly|0 fnt
|faint|p2a: Caly
|
|-heal|p1a: attacker|36/100|[from] item: Leftovers
|upkeep
|
|t:|1668351876
|switch|p2a: K-Primal|Kyogre-Primal|100/100
|-weather|PrimordialSea|[from] ability: Primordial Sea|[of] p2a: K-Primal
|turn|22
|
|t:|1668351885
|switch|p1a: not stall|Groudon-Primal|100/100
|-weather|DesolateLand|[from] ability: Desolate Land|[of] p1a: not stall
|move|p2a: K-Primal|Ice Beam|p1a: not stall
|-damage|p1a: not stall|62/100
|
|-weather|DesolateLand|[upkeep]
|upkeep
|turn|23
|
|t:|1668351895
|move|p2a: K-Primal|Ice Beam|p1a: not stall
|-damage|p1a: not stall|27/100
|move|p1a: not stall|Fire Punch|p2a: K-Primal
|-resisted|p2a: K-Primal
|-damage|p2a: K-Primal|57/100
|
|-weather|DesolateLand|[upkeep]
|upkeep
|turn|24
|
|t:|1668351902
|move|p2a: K-Primal|Ice Beam|p1a: not stall
|-damage|p1a: not stall|0 fnt
|faint|p1a: not stall
|-weather|none
|
|upkeep
|
|t:|1668351907
|switch|p1a: attacker|Lugia|36/100
|turn|25
|
|t:|1668351913
|move|p2a: K-Primal|Ice Beam|p1a: attacker
|-supereffective|p1a: attacker
|-damage|p1a: attacker|0 fnt
|faint|p1a: attacker
|
|win|cllout
|raw|Morale Booster's rating: 1637 &rarr; <strong>1618</strong><br />(-19 for losing)
|raw|cllout's rating: 1649 &rarr; <strong>1668</strong><br />(+19 for winning)
