|j|☆cheziqua
|j|☆Nffkjdkd
|t:|1596365539
|player|p1|cheziqua|hilbert-dueldisk|1190
|player|p2|Nffkjdkd|lucas|1114
|teamsize|p1|6
|teamsize|p2|6
|gametype|singles
|gen|8
|tier|[Gen 8] National Dex AG
|rated|
|clearpoke
|poke|p1|Xerneas|
|poke|p1|Groudon|
|poke|p1|Necrozma-Dusk-Mane|
|poke|p1|Snorlax, M|
|poke|p1|Ditto|
|poke|p1|Pinsir, M|
|poke|p2|Haxorus, F|
|poke|p2|Haxorus, M|
|poke|p2|Haxorus, F|
|poke|p2|Rayquaza|
|poke|p2|Kyurem-Black|
|poke|p2|Rayquaza|
|rule|HP Percentage Mod: HP is shown in percentages
|rule|Endless Battle Clause: Forcing endless battles is banned
|teampreview
|inactive|Battle timer is ON: inactive players will automatically lose when time's up. (requested by Nffkjdkd)
|
|t:|1596365549
|start
|switch|p1a: Ditto|Ditto|100/100
|switch|p2a: Noob|Haxorus, F|100/100
|-ability|p2a: Noob|Mold Breaker
|-transform|p1a: Ditto|p2a: Noob|[from] ability: Imposter
|-ability|p1a: Ditto|Mold Breaker
|turn|1
|
|t:|1596365556
|move|p1a: Ditto|Earthquake|p2a: Noob
|-damage|p2a: Noob|47/100
|move|p2a: Noob|Dragon Dance|p2a: Noob
|-boost|p2a: Noob|atk|1
|-boost|p2a: Noob|spe|1
|
|upkeep
|turn|2
|
|t:|1596365561
|move|p2a: Noob|Outrage|p1a: Ditto
|-supereffective|p1a: Ditto
|-enditem|p1a: Ditto|Focus Sash
|-damage|p1a: Ditto|1/100
|move|p1a: Ditto|Earthquake|p2a: Noob
|-damage|p2a: Noob|0 fnt
|faint|p2a: Noob
|
|upkeep
|
|t:|1596365565
|switch|p2a: NOOB|Haxorus, M|100/100
|-ability|p2a: NOOB|Mold Breaker
|turn|3
|
|t:|1596365569
|move|p2a: NOOB|Dragon Dance|p2a: NOOB
|-boost|p2a: NOOB|atk|1
|-boost|p2a: NOOB|spe|1
|move|p1a: Ditto|Outrage|p2a: NOOB
|-supereffective|p2a: NOOB
|-enditem|p2a: NOOB|Focus Sash
|-damage|p2a: NOOB|1/100
|
|upkeep
|turn|4
|
|t:|1596365576
|move|p2a: NOOB|Earthquake|p1a: Ditto
|-damage|p1a: Ditto|0 fnt
|faint|p1a: Ditto
|
|upkeep
|
|t:|1596365587
|switch|p1a: Necrozma|Necrozma-Dusk-Mane|100/100
|turn|5
|
|t:|1596365599
|move|p2a: NOOB|Close Combat|p1a: Necrozma
|-damage|p1a: Necrozma|35/100
|-unboost|p2a: NOOB|def|1
|-unboost|p2a: NOOB|spd|1
|move|p1a: Necrozma|Dragon Dance|p1a: Necrozma
|-boost|p1a: Necrozma|atk|1
|-boost|p1a: Necrozma|spe|1
|
|upkeep
|turn|6
|
|t:|1596365616
|move|p2a: NOOB|Earthquake|p1a: Necrozma
|-supereffective|p1a: Necrozma
|-damage|p1a: Necrozma|0 fnt
|faint|p1a: Necrozma
|
|upkeep
|
|t:|1596365620
|switch|p1a: Pinsir|Pinsir, M, shiny|100/100
|-ability|p1a: Pinsir|Mold Breaker
|turn|7
|inactive|cheziqua has 120 seconds left.
|
|t:|1596365668
|move|p1a: Pinsir|Quick Attack|p2a: NOOB
|-damage|p2a: NOOB|0 fnt
|faint|p2a: NOOB
|
|upkeep
|
|t:|1596365680
|switch|p2a: NOOBNOOB|Rayquaza|100/100
|-ability|p2a: NOOBNOOB|Air Lock
|turn|8
|
|t:|1596365688
|detailschange|p1a: Pinsir|Pinsir-Mega, M, shiny
|-mega|p1a: Pinsir|Pinsir|Pinsirite
|move|p1a: Pinsir|Frustration|p2a: NOOBNOOB
|-damage|p2a: NOOBNOOB|18/100
|move|p2a: NOOBNOOB|Dragon Ascent|p1a: Pinsir
|-supereffective|p1a: Pinsir
|-damage|p1a: Pinsir|0 fnt
|-unboost|p2a: NOOBNOOB|def|1
|-unboost|p2a: NOOBNOOB|spd|1
|faint|p1a: Pinsir
|
|upkeep
|
|t:|1596365700
|switch|p1a: Xerneas|Xerneas|100/100
|-ability|p1a: Xerneas|Fairy Aura
|turn|9
|
|t:|1596365706
|move|p1a: Xerneas|Geomancy||[still]
|-prepare|p1a: Xerneas|Geomancy
|-enditem|p1a: Xerneas|Power Herb
|-anim|p1a: Xerneas|Geomancy|p1a: Xerneas
|-boost|p1a: Xerneas|spa|2
|-boost|p1a: Xerneas|spd|2
|-boost|p1a: Xerneas|spe|2
|move|p2a: NOOBNOOB|Dragon Ascent|p1a: Xerneas
|-damage|p1a: Xerneas|37/100
|-unboost|p2a: NOOBNOOB|def|1
|-unboost|p2a: NOOBNOOB|spd|1
|
|upkeep
|turn|10
|inactive|cheziqua has 120 seconds left.
|inactive|cheziqua has 90 seconds left.
|
|t:|1596365742
|move|p1a: Xerneas|Moonblast|p2a: NOOBNOOB
|-supereffective|p2a: NOOBNOOB
|-damage|p2a: NOOBNOOB|0 fnt
|faint|p2a: NOOBNOOB
|
|upkeep
|
|t:|1596365757
|switch|p2a: U R NOOB|Kyurem-Black|100/100
|-ability|p2a: U R NOOB|Teravolt
|turn|11
|
|t:|1596365763
|move|p1a: Xerneas|Moonblast|p2a: U R NOOB
|-supereffective|p2a: U R NOOB
|-enditem|p2a: U R NOOB|Focus Sash
|-damage|p2a: U R NOOB|1/100
|move|p2a: U R NOOB|Fusion Bolt|p1a: Xerneas
|-damage|p1a: Xerneas|0 fnt
|faint|p1a: Xerneas
|
|upkeep
|
|t:|1596365767
|switch|p1a: Groudon|Groudon, shiny|100/100
|detailschange|p1a: Groudon|Groudon-Primal, shiny
|-primal|p1a: Groudon
|-weather|DesolateLand|[from] ability: Desolate Land|[of] p1a: Groudon
|turn|12
|
|t:|1596365772
|move|p1a: Groudon|Fire Punch|p2a: U R NOOB
|-damage|p2a: U R NOOB|0 fnt
|faint|p2a: U R NOOB
|
|-weather|DesolateLand|[upkeep]
|upkeep
|
|t:|1596365779
|switch|p2a: NOOOOOB|Haxorus, F|100/100
|-ability|p2a: NOOOOOB|Mold Breaker
|turn|13
|
|t:|1596365785
|move|p1a: Groudon|Precipice Blades|p2a: NOOOOOB
|-damage|p2a: NOOOOOB|6/100
|move|p2a: NOOOOOB|Dragon Dance|p2a: NOOOOOB
|-boost|p2a: NOOOOOB|atk|1
|-boost|p2a: NOOOOOB|spe|1
|
|-weather|DesolateLand|[upkeep]
|upkeep
|turn|14
|
|t:|1596365790
|-start|p2a: NOOOOOB|Dynamax
|-heal|p2a: NOOOOOB|6/100|[silent]
|move|p2a: NOOOOOB|Max Quake|p1a: Groudon
|-supereffective|p1a: Groudon
|-damage|p1a: Groudon|0 fnt
|-boost|p2a: NOOOOOB|spd|1
|faint|p1a: Groudon
|-weather|none
|
|upkeep
|
|t:|1596365797
|switch|p1a: Snorlax|Snorlax, M|100/100
|turn|15
|
|t:|1596365806
|-start|p1a: Snorlax|Dynamax
|-formechange|p1a: Snorlax|Snorlax-Gmax
|-heal|p1a: Snorlax|100/100|[silent]
|move|p2a: NOOOOOB|Max Wyrmwind|p1a: Snorlax
|-damage|p1a: Snorlax|43/100
|-unboost|p1a: Snorlax|atk|1
|-enditem|p1a: Snorlax|Figy Berry|[eat]
|-heal|p1a: Snorlax|59/100|[from] item: Figy Berry
|move|p1a: Snorlax|G-Max Replenish|p2a: NOOOOOB
|-damage|p2a: NOOOOOB|0 fnt
|-item|p1a: Snorlax|Figy Berry|[from] move: G-Max Replenish
|faint|p2a: NOOOOOB
|
|upkeep
|
|t:|1596365808
|switch|p2a: You: RAGEGUIT|Rayquaza|100/100
|-ability|p2a: You: RAGEGUIT|Air Lock
|turn|16
|
|t:|1596365824
|detailschange|p2a: You: RAGEGUIT|Rayquaza-Mega
|-mega|p2a: You: RAGEGUIT|Rayquaza|
|-weather|DeltaStream|[from] ability: Delta Stream|[of] p2a: You: RAGEGUIT
|move|p2a: You: RAGEGUIT|Dragon Dance|p2a: You: RAGEGUIT
|-boost|p2a: You: RAGEGUIT|atk|1
|-boost|p2a: You: RAGEGUIT|spe|1
|move|p1a: Snorlax|G-Max Replenish|p2a: You: RAGEGUIT
|-damage|p2a: You: RAGEGUIT|59/100
|
|-weather|DeltaStream|[upkeep]
|upkeep
|turn|17
|
|t:|1596365836
|move|p2a: You: RAGEGUIT|Outrage|p1a: Snorlax
|-damage|p1a: Snorlax|5/100
|-enditem|p1a: Snorlax|Figy Berry|[eat]
|-heal|p1a: Snorlax|22/100|[from] item: Figy Berry
|move|p1a: Snorlax|G-Max Replenish|p2a: You: RAGEGUIT
|-damage|p2a: You: RAGEGUIT|19/100
|-item|p1a: Snorlax|Figy Berry|[from] move: G-Max Replenish
|-enditem|p1a: Snorlax|Figy Berry|[eat]
|-heal|p1a: Snorlax|38/100|[from] item: Figy Berry
|
|-weather|DeltaStream|[upkeep]
|-end|p1a: Snorlax|Dynamax
|-formechange|p1a: Snorlax|Snorlax
|-heal|p1a: Snorlax|38/100|[silent]
|upkeep
|turn|18
|
|t:|1596365840
|move|p2a: You: RAGEGUIT|Outrage|p1a: Snorlax|[from]lockedmove
|-damage|p1a: Snorlax|0 fnt
|faint|p1a: Snorlax
|
|win|Nffkjdkd
|raw|cheziqua's rating: 1165 &rarr; <strong>1134</strong><br />(-31 for losing)
|raw|Nffkjdkd's rating: 1082 &rarr; <strong>1116</strong><br />(+34 for winning)
