|j|☆Gustavo_1904
|j|☆copperspray
|t:|1624800994
|gametype|singles
|player|p1|Gustavo_1904|1|1459
|player|p2|copperspray|juan|1435
|teamsize|p1|6
|teamsize|p2|6
|gen|8
|tier|[Gen 8] National Dex AG
|rated|
|rule|HP Percentage Mod: HP is shown in percentages
|rule|Endless Battle Clause: Forcing endless battles is banned
|clearpoke
|poke|p1|Arceus-*|
|poke|p1|Zacian-*|
|poke|p1|Yveltal|
|poke|p1|Ditto|
|poke|p1|Rayquaza|
|poke|p1|Smeargle, M|
|poke|p2|Ho-Oh|
|poke|p2|Yveltal|
|poke|p2|Necrozma-Dusk-Mane|
|poke|p2|Tyranitar, F|
|poke|p2|Zygarde|
|poke|p2|Kyogre|
|teampreview
|inactive|Battle timer is ON: inactive players will automatically lose when time's up. (requested by copperspray)
|
|t:|1624801004
|start
|switch|p1a: Smeargle|Smeargle, M|100/100
|switch|p2a: Yveltal|Yveltal|100/100
|-ability|p2a: Yveltal|Dark Aura
|turn|1
|
|t:|1624801006
|move|p2a: Yveltal|Taunt|p1a: Smeargle
|-start|p1a: Smeargle|move: Taunt
|cant|p1a: Smeargle|move: Taunt|Spore
|
|upkeep
|turn|2
|
|t:|1624801017
|switch|p1a: Zacian|Zacian-Crowned|100/100
|-ability|p1a: Zacian|Intrepid Sword|boost
|-boost|p1a: Zacian|atk|1
|move|p2a: Yveltal|Oblivion Wing|p1a: Zacian
|-resisted|p1a: Zacian
|-damage|p1a: Zacian|76/100
|-damage|p2a: Yveltal|91/100|[from] item: Life Orb
|
|upkeep
|turn|3
|
|t:|1624801023
|switch|p2a: Ho-Oh|Ho-Oh|100/100
|move|p1a: Zacian|Behemoth Blade|p2a: Ho-Oh
|-resisted|p2a: Ho-Oh
|-damage|p2a: Ho-Oh|70/100
|
|upkeep
|turn|4
|
|t:|1624801028
|switch|p1a: Arceus|Arceus-Fairy|100/100
|move|p2a: Ho-Oh|Sacred Fire|p1a: Arceus|[miss]
|-miss|p2a: Ho-Oh|p1a: Arceus
|
|upkeep
|turn|5
|
|t:|1624801035
|move|p1a: Arceus|Toxic|p2a: Ho-Oh
|-status|p2a: Ho-Oh|tox
|move|p2a: Ho-Oh|Toxic|p1a: Arceus
|-status|p1a: Arceus|tox
|
|-damage|p1a: Arceus|94/100 tox|[from] psn
|-damage|p2a: Ho-Oh|64/100 tox|[from] psn
|upkeep
|turn|6
|l|☆Gustavo_1904
|inactive|Gustavo_1904 disconnected and has a minute to reconnect!
|player|p1|
|inactive|Gustavo_1904 has 30 seconds to reconnect!
|inactive|Gustavo_1904 has 20 seconds to reconnect!
|inactive|Gustavo_1904 has 15 seconds to reconnect!
|inactive|Gustavo_1904 has 10 seconds to reconnect!
|j|☆Gustavo_1904
|inactive|Gustavo_1904 reconnected and has 80 seconds left.
|player|p1|Gustavo_1904|1
|
|t:|1624801111
|switch|p2a: Necrozma|Necrozma-Dusk-Mane, shiny|100/100
|move|p1a: Arceus|Stealth Rock|p2a: Necrozma
|-sidestart|p2: copperspray|move: Stealth Rock
|
|-damage|p1a: Arceus|82/100 tox|[from] psn
|upkeep
|turn|7
|j| Shinzuyuko
|inactive|copperspray has 120 seconds left.
|
|t:|1624801169
|switch|p1a: Smeargle|Smeargle, M|100/100
|move|p2a: Necrozma|Dragon Dance|p2a: Necrozma
|-boost|p2a: Necrozma|atk|1
|-boost|p2a: Necrozma|spe|1
|
|upkeep
|turn|8
|inactive|Gustavo_1904 has 60 seconds left.
|l|☆Gustavo_1904
|inactive|Gustavo_1904 disconnected and has a minute to reconnect!
|player|p1|
|inactive|Gustavo_1904 has 30 seconds left.
|j|☆Gustavo_1904
|inactive|Gustavo_1904 reconnected and has 25 seconds left.
|player|p1|Gustavo_1904|1
|
|t:|1624801233
|detailschange|p2a: Necrozma|Necrozma-Ultra, shiny
|-burst|p2a: Necrozma|Necrozma|Ultranecrozium Z
|move|p2a: Necrozma|Rock Blast|p1a: Smeargle
|-damage|p1a: Smeargle|59/100
|-damage|p1a: Smeargle|19/100
|-hitcount|p1a: Smeargle|2
|move|p1a: Smeargle|Spore|p2a: Necrozma
|-status|p2a: Necrozma|slp|[from] move: Spore
|
|upkeep
|turn|9
|inactive|Gustavo_1904 has 30 seconds left.
|
|t:|1624801249
|cant|p2a: Necrozma|slp
|move|p1a: Smeargle|No Retreat|p1a: Smeargle
|-boost|p1a: Smeargle|atk|1
|-boost|p1a: Smeargle|def|1
|-boost|p1a: Smeargle|spa|1
|-boost|p1a: Smeargle|spd|1
|-boost|p1a: Smeargle|spe|1
|-start|p1a: Smeargle|move: No Retreat
|
|upkeep
|turn|10
|
|t:|1624801253
|cant|p2a: Necrozma|slp
|move|p1a: Smeargle|Baton Pass|p1a: Smeargle
|
|t:|1624801259
|switch|p1a: Rayquaza|Rayquaza|100/100|[from]move: Baton Pass
|-ability|p1a: Rayquaza|Air Lock
|
|upkeep
|turn|11
|
|t:|1624801275
|detailschange|p1a: Rayquaza|Rayquaza-Mega
|-mega|p1a: Rayquaza|Rayquaza|
|-weather|DeltaStream|[from] ability: Delta Stream|[of] p1a: Rayquaza
|cant|p2a: Necrozma|slp
|move|p1a: Rayquaza|Dragon Ascent|p2a: Necrozma
|-damage|p2a: Necrozma|0 fnt
|-unboost|p1a: Rayquaza|def|1
|-unboost|p1a: Rayquaza|spd|1
|faint|p2a: Necrozma
|-damage|p1a: Rayquaza|91/100|[from] item: Life Orb
|
|-weather|DeltaStream|[upkeep]
|upkeep
|
|t:|1624801286
|switch|p2a: Zygarde|Zygarde|100/100
|-damage|p2a: Zygarde|94/100|[from] Stealth Rock
|turn|12
|
|t:|1624801290
|move|p1a: Rayquaza|Dragon Ascent|p2a: Zygarde
|-damage|p2a: Zygarde|12/100
|-unboost|p1a: Rayquaza|def|1
|-unboost|p1a: Rayquaza|spd|1
|-damage|p1a: Rayquaza|81/100|[from] item: Life Orb
|move|p2a: Zygarde|Glare|p1a: Rayquaza
|-status|p1a: Rayquaza|par
|
|-weather|DeltaStream|[upkeep]
|-heal|p2a: Zygarde|19/100|[from] item: Leftovers
|-activate|p2a: Zygarde|ability: Power Construct
|detailschange|p2a: Zygarde|Zygarde-Complete
|-heal|p2a: Zygarde|46/100|[silent]
|upkeep
|turn|13
|inactive|copperspray has 90 seconds left.
|
|t:|1624801324
|move|p1a: Rayquaza|Extreme Speed|p2a: Zygarde
|-damage|p2a: Zygarde|20/100
|-damage|p1a: Rayquaza|71/100 par|[from] item: Life Orb
|move|p2a: Zygarde|Haze|p2a: Zygarde
|-clearallboost
|
|-weather|DeltaStream|[upkeep]
|-heal|p2a: Zygarde|26/100|[from] item: Leftovers
|upkeep
|turn|14
|
|t:|1624801332
|move|p1a: Rayquaza|Extreme Speed|p2a: Zygarde
|-damage|p2a: Zygarde|10/100
|-damage|p1a: Rayquaza|61/100 par|[from] item: Life Orb
|move|p2a: Zygarde|Rest|p2a: Zygarde
|-status|p2a: Zygarde|slp|[from] move: Rest
|-heal|p2a: Zygarde|100/100 slp|[silent]
|
|-weather|DeltaStream|[upkeep]
|upkeep
|turn|15
|inactive|copperspray has 90 seconds left.
|
|t:|1624801349
|cant|p2a: Zygarde|slp
|move|p1a: Rayquaza|Swords Dance|p1a: Rayquaza
|-boost|p1a: Rayquaza|atk|2
|
|-weather|DeltaStream|[upkeep]
|upkeep
|turn|16
|inactive|copperspray has 90 seconds left.
|
|t:|1624801364
|cant|p2a: Zygarde|slp
|move|p1a: Rayquaza|Swords Dance|p1a: Rayquaza
|-boost|p1a: Rayquaza|atk|2
|
|-weather|DeltaStream|[upkeep]
|upkeep
|turn|17
|
|t:|1624801369
|move|p1a: Rayquaza|Extreme Speed|p2a: Zygarde
|-damage|p2a: Zygarde|50/100 slp
|-damage|p1a: Rayquaza|51/100 par|[from] item: Life Orb
|-curestatus|p2a: Zygarde|slp|[msg]
|move|p2a: Zygarde|Haze|p2a: Zygarde
|-clearallboost
|
|-weather|DeltaStream|[upkeep]
|-heal|p2a: Zygarde|57/100|[from] item: Leftovers
|upkeep
|turn|18
|
|t:|1624801379
|move|p2a: Zygarde|Thousand Arrows|p1a: Rayquaza
|-damage|p1a: Rayquaza|22/100 par
|-start|p1a: Rayquaza|Smack Down
|move|p1a: Rayquaza|V-create|p2a: Zygarde
|-resisted|p2a: Zygarde
|-damage|p2a: Zygarde|37/100
|-unboost|p1a: Rayquaza|spe|1
|-unboost|p1a: Rayquaza|def|1
|-unboost|p1a: Rayquaza|spd|1
|-damage|p1a: Rayquaza|12/100 par|[from] item: Life Orb
|
|-weather|DeltaStream|[upkeep]
|-heal|p2a: Zygarde|43/100|[from] item: Leftovers
|upkeep
|turn|19
|inactive|copperspray has 90 seconds left.
|
|t:|1624801407
|move|p2a: Zygarde|Thousand Arrows|p1a: Rayquaza
|-damage|p1a: Rayquaza|0 fnt
|faint|p1a: Rayquaza
|-weather|none
|
|-heal|p2a: Zygarde|49/100|[from] item: Leftovers
|upkeep
|
|t:|1624801417
|switch|p1a: Smeargle|Smeargle, M|19/100
|turn|20
|inactive|copperspray has 90 seconds left.
|
|t:|1624801441
|move|p1a: Smeargle|Spore|p2a: Zygarde
|-status|p2a: Zygarde|slp|[from] move: Spore
|cant|p2a: Zygarde|slp
|
|-heal|p2a: Zygarde|55/100 slp|[from] item: Leftovers
|upkeep
|turn|21
|inactive|copperspray has 90 seconds left.
|
|t:|1624801451
|move|p1a: Smeargle|No Retreat|p1a: Smeargle
|-boost|p1a: Smeargle|atk|1
|-boost|p1a: Smeargle|def|1
|-boost|p1a: Smeargle|spa|1
|-boost|p1a: Smeargle|spd|1
|-boost|p1a: Smeargle|spe|1
|-start|p1a: Smeargle|move: No Retreat
|-curestatus|p2a: Zygarde|slp|[msg]
|move|p2a: Zygarde|Thousand Arrows|p1a: Smeargle
|-damage|p1a: Smeargle|0 fnt
|faint|p1a: Smeargle
|
|-heal|p2a: Zygarde|62/100|[from] item: Leftovers
|upkeep
|inactive|Gustavo_1904 has 120 seconds left.
|
|t:|1624801472
|switch|p1a: Zacian|Zacian-Crowned|76/100
|-ability|p1a: Zacian|Intrepid Sword|boost
|-boost|p1a: Zacian|atk|1
|turn|22
|inactive|copperspray has 90 seconds left.
|
|t:|1624801494
|move|p1a: Zacian|Play Rough|p2a: Zygarde
|-supereffective|p2a: Zygarde
|-damage|p2a: Zygarde|2/100
|move|p2a: Zygarde|Glare|p1a: Zacian
|-status|p1a: Zacian|par
|
|-heal|p2a: Zygarde|8/100|[from] item: Leftovers
|upkeep
|turn|23
|
|t:|1624801501
|move|p2a: Zygarde|Thousand Arrows|p1a: Zacian
|-supereffective|p1a: Zacian
|-damage|p1a: Zacian|23/100 par
|move|p1a: Zacian|Swords Dance|p1a: Zacian
|-boost|p1a: Zacian|atk|2
|
|-heal|p2a: Zygarde|14/100|[from] item: Leftovers
|upkeep
|turn|24
|inactive|copperspray has 90 seconds left.
|
|t:|1624801524
|move|p2a: Zygarde|Thousand Arrows|p1a: Zacian
|-supereffective|p1a: Zacian
|-damage|p1a: Zacian|0 fnt
|faint|p1a: Zacian
|
|-heal|p2a: Zygarde|20/100|[from] item: Leftovers
|upkeep
|
|t:|1624801528
|switch|p1a: Yveltal|Yveltal|100/100
|-ability|p1a: Yveltal|Dark Aura
|turn|25
|
|t:|1624801548
|switch|p2a: Tyranitar|Tyranitar, F|100/100
|-damage|p2a: Tyranitar|88/100|[from] Stealth Rock
|-weather|Sandstorm|[from] ability: Sand Stream|[of] p2a: Tyranitar
|move|p1a: Yveltal|Knock Off|p2a: Tyranitar
|-resisted|p2a: Tyranitar
|-damage|p2a: Tyranitar|69/100
|
|-weather|Sandstorm|[upkeep]
|-damage|p1a: Yveltal|94/100|[from] Sandstorm
|upkeep
|turn|26
|
|t:|1624801564
|detailschange|p2a: Tyranitar|Tyranitar-Mega, F
|-mega|p2a: Tyranitar|Tyranitar|Tyranitarite
|-start|p1a: Yveltal|Dynamax
|-heal|p1a: Yveltal|94/100|[silent]
|move|p1a: Yveltal|Max Airstream|p2a: Tyranitar
|-resisted|p2a: Tyranitar
|-damage|p2a: Tyranitar|58/100
|-boost|p1a: Yveltal|spe|1
|move|p2a: Tyranitar|Rock Tomb|p1a: Yveltal
|-supereffective|p1a: Yveltal
|-damage|p1a: Yveltal|64/100
|-unboost|p1a: Yveltal|spe|1
|
|-weather|Sandstorm|[upkeep]
|-damage|p1a: Yveltal|61/100|[from] Sandstorm
|upkeep
|turn|27
|
|t:|1624801574
|move|p1a: Yveltal|Max Darkness|p2a: Tyranitar
|-resisted|p2a: Tyranitar
|-damage|p2a: Tyranitar|33/100
|-unboost|p2a: Tyranitar|spd|1
|move|p2a: Tyranitar|Rock Tomb|p1a: Yveltal
|-supereffective|p1a: Yveltal
|-crit|p1a: Yveltal
|-damage|p1a: Yveltal|19/100
|-unboost|p1a: Yveltal|spe|1
|
|-weather|Sandstorm|[upkeep]
|-damage|p1a: Yveltal|16/100|[from] Sandstorm
|upkeep
|turn|28
|l|☆Gustavo_1904
|inactive|Gustavo_1904 disconnected and has a minute to reconnect!
|player|p1|
|
|t:|1624801586
|move|p2a: Tyranitar|Rock Tomb|p1a: Yveltal
|-supereffective|p1a: Yveltal
|-damage|p1a: Yveltal|0 fnt
|faint|p1a: Yveltal
|
|-weather|Sandstorm|[upkeep]
|upkeep
|inactive|Gustavo_1904 has 30 seconds to reconnect!
|inactive|Gustavo_1904 has 20 seconds to reconnect!
|inactive|Gustavo_1904 has 15 seconds to reconnect!
|inactive|Gustavo_1904 has 10 seconds to reconnect!
|inactive|Gustavo_1904 has 5 seconds to reconnect!
|-message|Gustavo_1904 lost due to inactivity.
|
|win|copperspray
|raw|Gustavo_1904's rating: 1459 &rarr; <strong>1437</strong><br />(-22 for losing)
|raw|copperspray's rating: 1423 &rarr; <strong>1445</strong><br />(+22 for winning)
