|j|☆Jayki11
|j|☆Cachalodon
|player|p1|Jayki11|red|1592
|player|p2|Cachalodon|hilbert-dueldisk|1550
|teamsize|p1|6
|teamsize|p2|6
|gametype|singles
|gen|8
|tier|[Gen 8] National Dex AG
|rated|
|clearpoke
|poke|p1|Zygarde|
|poke|p1|Yveltal|
|poke|p1|Marshadow|
|poke|p1|Groudon|
|poke|p1|Lugia|
|poke|p1|Ho-Oh|
|poke|p2|Kyogre|
|poke|p2|Smeargle, F|
|poke|p2|Yveltal|
|poke|p2|Vivillon, F|
|poke|p2|Zacian-Crowned|
|poke|p2|Ditto|
|rule|HP Percentage Mod: HP is shown in percentages
|rule|Endless Battle Clause: Forcing endless battles is banned
|teampreview
|inactive|Battle timer is ON: inactive players will automatically lose when time's up. (requested by Jayki11)
|
|start
|switch|p1a: Groudon|Groudon|100/100
|switch|p2a: Smeargle|Smeargle, F|100/100
|detailschange|p1a: Groudon|Groudon-Primal
|-primal|p1a: Groudon
|-weather|DesolateLand|[from] ability: Desolate Land|[of] p1a: Groudon
|turn|1
|
|move|p2a: Smeargle|Spore|p1a: Groudon
|-status|p1a: Groudon|slp|[from] move: Spore
|cant|p1a: Groudon|slp
|
|-weather|DesolateLand|[upkeep]
|-ability|p2a: Smeargle|Moody|boost
|-boost|p2a: Smeargle|def|2
|-unboost|p2a: Smeargle|atk|1
|upkeep
|turn|2
|
|move|p2a: Smeargle|Sticky Web|p1a: Groudon
|-sidestart|p1: Jayki11|move: Sticky Web
|cant|p1a: Groudon|slp
|
|-weather|DesolateLand|[upkeep]
|-ability|p2a: Smeargle|Moody|boost
|-boost|p2a: Smeargle|spd|2
|-unboost|p2a: Smeargle|spe|1
|upkeep
|turn|3
|
|cant|p1a: Groudon|slp
|move|p2a: Smeargle|Stealth Rock|p1a: Groudon
|-sidestart|p1: Jayki11|move: Stealth Rock
|
|-weather|DesolateLand|[upkeep]
|-ability|p2a: Smeargle|Moody|boost
|-boost|p2a: Smeargle|spe|2
|-unboost|p2a: Smeargle|def|1
|upkeep
|turn|4
|
|move|p2a: Smeargle|Magic Coat|p2a: Smeargle
|-singleturn|p2a: Smeargle|move: Magic Coat
|-curestatus|p1a: Groudon|slp|[msg]
|move|p1a: Groudon|Precipice Blades|p2a: Smeargle
|-enditem|p2a: Smeargle|Focus Sash
|-damage|p2a: Smeargle|1/100
|
|-weather|DesolateLand|[upkeep]
|-ability|p2a: Smeargle|Moody|boost
|-boost|p2a: Smeargle|spd|2
|-unboost|p2a: Smeargle|atk|1
|upkeep
|turn|5
|
|move|p2a: Smeargle|Spore|p1a: Groudon
|-status|p1a: Groudon|slp|[from] move: Spore
|cant|p1a: Groudon|slp
|
|-weather|DesolateLand|[upkeep]
|-ability|p2a: Smeargle|Moody|boost
|-boost|p2a: Smeargle|atk|2
|-unboost|p2a: Smeargle|spd|1
|upkeep
|turn|6
|
|switch|p2a: Yveltal|Yveltal|100/100
|-ability|p2a: Yveltal|Dark Aura
|cant|p1a: Groudon|slp
|
|-weather|DesolateLand|[upkeep]
|upkeep
|turn|7
|
|-weather|none
|switch|p1a: Ho-Oh|Ho-Oh|100/100
|move|p2a: Yveltal|Dark Pulse|p1a: Ho-Oh
|-damage|p1a: Ho-Oh|58/100
|-damage|p2a: Yveltal|91/100|[from] item: Life Orb
|
|upkeep
|turn|8
|
|-start|p2a: Yveltal|Dynamax
|-heal|p2a: Yveltal|91/100|[silent]
|move|p2a: Yveltal|Max Darkness|p1a: Ho-Oh
|-damage|p1a: Ho-Oh|0 fnt
|-damage|p2a: Yveltal|86/100|[from] item: Life Orb
|faint|p1a: Ho-Oh
|
|upkeep
|
|switch|p1a: Groudon|Groudon-Primal|100/100 slp
|-damage|p1a: Groudon|88/100 slp|[from] Stealth Rock
|-activate|p1a: Groudon|move: Sticky Web
|-unboost|p1a: Groudon|spe|1
|-weather|DesolateLand|[from] ability: Desolate Land|[of] p1a: Groudon
|turn|9
|
|move|p2a: Yveltal|Max Darkness|p1a: Groudon
|-damage|p1a: Groudon|0 fnt
|-damage|p2a: Yveltal|81/100|[from] item: Life Orb
|faint|p1a: Groudon
|-weather|none
|
|upkeep
|
|switch|p1a: Yveltal|Yveltal|100/100
|-damage|p1a: Yveltal|76/100|[from] Stealth Rock
|-ability|p1a: Yveltal|Dark Aura
|turn|10
|
|-start|p1a: Yveltal|Dynamax
|-heal|p1a: Yveltal|76/100|[silent]
|move|p2a: Yveltal|Max Airstream|p1a: Yveltal
|-damage|p1a: Yveltal|40/100
|-boost|p2a: Yveltal|spe|1
|-damage|p2a: Yveltal|76/100|[from] item: Life Orb
|move|p1a: Yveltal|Max Airstream|p2a: Yveltal
|-damage|p2a: Yveltal|33/100
|-boost|p1a: Yveltal|spe|1
|-damage|p1a: Yveltal|35/100|[from] item: Life Orb
|
|-end|p2a: Yveltal|Dynamax
|-heal|p2a: Yveltal|33/100|[silent]
|upkeep
|turn|11
|
|move|p2a: Yveltal|Oblivion Wing|p1a: Yveltal
|-damage|p1a: Yveltal|9/100
|-heal|p2a: Yveltal|71/100|[from] drain|[of] p1a: Yveltal
|-damage|p2a: Yveltal|61/100|[from] item: Life Orb
|move|p1a: Yveltal|Max Darkness|p2a: Yveltal
|-resisted|p2a: Yveltal
|-damage|p2a: Yveltal|8/100
|-unboost|p2a: Yveltal|spd|1
|-damage|p1a: Yveltal|4/100|[from] item: Life Orb
|
|upkeep
|turn|12
|
|move|p2a: Yveltal|Oblivion Wing|p1a: Yveltal
|-damage|p1a: Yveltal|0 fnt
|-heal|p2a: Yveltal|14/100|[from] drain|[of] p1a: Yveltal
|-damage|p2a: Yveltal|4/100|[from] item: Life Orb
|faint|p1a: Yveltal
|
|upkeep
|
|switch|p1a: Zygarde|Zygarde|100/100
|-damage|p1a: Zygarde|94/100|[from] Stealth Rock
|-activate|p1a: Zygarde|move: Sticky Web
|-unboost|p1a: Zygarde|spe|1
|turn|13
|
|move|p2a: Yveltal|Taunt|p1a: Zygarde
|-start|p1a: Zygarde|move: Taunt
|cant|p1a: Zygarde|move: Taunt|Dragon Dance
|
|-heal|p1a: Zygarde|100/100|[from] item: Leftovers
|upkeep
|turn|14
|
|move|p2a: Yveltal|Oblivion Wing|p1a: Zygarde
|-damage|p1a: Zygarde|53/100
|-heal|p2a: Yveltal|37/100|[from] drain|[of] p1a: Zygarde
|-damage|p2a: Yveltal|27/100|[from] item: Life Orb
|move|p1a: Zygarde|Thousand Arrows|p2a: Yveltal
|-damage|p2a: Yveltal|0 fnt
|faint|p2a: Yveltal
|
|-heal|p1a: Zygarde|59/100|[from] item: Leftovers
|upkeep
|
|switch|p2a: Kyogre|Kyogre|100/100
|-weather|RainDance|[from] ability: Drizzle|[of] p2a: Kyogre
|turn|15
|
|switch|p1a: Lugia|Lugia|100/100
|move|p2a: Kyogre|Water Spout|p1a: Lugia
|-damage|p1a: Lugia|48/100
|
|-weather|RainDance|[upkeep]
|upkeep
|turn|16
|
|move|p2a: Kyogre|Water Spout|p1a: Lugia
|-damage|p1a: Lugia|0 fnt
|faint|p1a: Lugia
|
|-weather|RainDance|[upkeep]
|upkeep
|-message|Jayki11 forfeited.
|
|win|Cachalodon
|l|☆Jayki11
