|j|☆PM77Switch
|j|☆85792195wwww
|t:|1653319657
|gametype|singles
|player|p1|PM77Switch|may-gen3|1757
|player|p2|85792195wwww|lady|1809
|teamsize|p1|6
|teamsize|p2|6
|gen|8
|tier|[Gen 8] National Dex AG
|rated|
|rule|HP Percentage Mod: HP is shown in percentages
|rule|Endless Battle Clause: Forcing endless battles is banned
|clearpoke
|poke|p1|Groudon|
|poke|p1|Arceus-*|
|poke|p1|Yveltal|
|poke|p1|Thundurus, M|
|poke|p1|Rayquaza|
|poke|p1|Zacian-*|
|poke|p2|Rayquaza|
|poke|p2|Zacian-*|
|poke|p2|Kyogre|
|poke|p2|Arceus-*|
|poke|p2|Marshadow|
|poke|p2|Ditto|
|teampreview
|inactive|Battle timer is ON: inactive players will automatically lose when time's up. (requested by PM77Switch)
|
|t:|1653319677
|start
|switch|p1a: Groudon|Groudon|100/100
|switch|p2a: Rayquaza|Rayquaza|100/100
|-ability|p2a: Rayquaza|Air Lock
|detailschange|p1a: Groudon|Groudon-Primal
|-primal|p1a: Groudon
|-weather|DesolateLand|[from] ability: Desolate Land|[of] p1a: Groudon
|turn|1
|
|t:|1653319690
|detailschange|p2a: Rayquaza|Rayquaza-Mega
|-mega|p2a: Rayquaza|Rayquaza|
|-weather|DeltaStream|[from] ability: Delta Stream|[of] p2a: Rayquaza
|move|p2a: Rayquaza|Waterfall|p1a: Groudon
|-supereffective|p1a: Groudon
|-damage|p1a: Groudon|0 fnt
|faint|p1a: Groudon
|
|-weather|DeltaStream|[upkeep]
|upkeep
|
|t:|1653319696
|switch|p1a: Zacian|Zacian-Crowned, shiny|100/100
|-ability|p1a: Zacian|Intrepid Sword|boost
|-boost|p1a: Zacian|atk|1
|turn|2
|
|t:|1653319710
|-weather|none
|switch|p2a: Kyogre|Kyogre|100/100
|detailschange|p2a: Kyogre|Kyogre-Primal
|-primal|p2a: Kyogre
|-weather|PrimordialSea|[from] ability: Primordial Sea|[of] p2a: Kyogre
|move|p1a: Zacian|Behemoth Blade|p2a: Kyogre
|-resisted|p2a: Kyogre
|-damage|p2a: Kyogre|58/100
|
|-weather|PrimordialSea|[upkeep]
|upkeep
|turn|3
|
|t:|1653319721
|move|p1a: Zacian|Wild Charge|p2a: Kyogre
|-supereffective|p2a: Kyogre
|-damage|p2a: Kyogre|0 fnt
|faint|p2a: Kyogre
|-weather|none
|-damage|p1a: Zacian|84/100|[from] Recoil
|
|upkeep
|
|t:|1653319728
|switch|p2a: Ditto|Ditto|100/100
|-transform|p2a: Ditto|p1a: Zacian|[from] ability: Imposter
|-ability|p2a: Ditto|Intrepid Sword|boost
|-boost|p2a: Ditto|atk|1
|turn|4
|
|t:|1653319739
|switch|p1a: Thundurus|Thundurus, M, shiny|100/100
|move|p2a: Ditto|Behemoth Blade|p1a: Thundurus
|-resisted|p1a: Thundurus
|-damage|p1a: Thundurus|31/100
|
|upkeep
|turn|5
|
|t:|1653319749
|switch|p2a: Arceus|Arceus-Electric|100/100
|move|p1a: Thundurus|Thunder Wave|p2a: Arceus
|-immune|p2a: Arceus
|
|upkeep
|turn|6
|
|t:|1653319770
|switch|p2a: Marshadow|Marshadow|100/100
|switch|p1a: Zacian|Zacian-Crowned, shiny|84/100
|-ability|p1a: Zacian|Intrepid Sword|boost
|-boost|p1a: Zacian|atk|1
|
|upkeep
|turn|7
|
|t:|1653319788
|switch|p2a: Rayquaza|Rayquaza-Mega|100/100
|-weather|DeltaStream|[from] ability: Delta Stream|[of] p2a: Rayquaza
|move|p1a: Zacian|Behemoth Blade|p2a: Rayquaza
|-damage|p2a: Rayquaza|13/100
|
|-weather|DeltaStream|[upkeep]
|upkeep
|turn|8
|
|t:|1653319797
|move|p1a: Zacian|Behemoth Blade|p2a: Rayquaza
|-damage|p2a: Rayquaza|0 fnt
|faint|p2a: Rayquaza
|-weather|none
|
|upkeep
|
|t:|1653319805
|switch|p2a: Ditto|Ditto|100/100
|-transform|p2a: Ditto|p1a: Zacian|[from] ability: Imposter
|-ability|p2a: Ditto|Intrepid Sword|boost
|-boost|p2a: Ditto|atk|1
|turn|9
|
|t:|1653319812
|switch|p1a: Arceus|Arceus-Water, shiny|100/100
|move|p2a: Ditto|Behemoth Blade|p1a: Arceus
|-resisted|p1a: Arceus
|-damage|p1a: Arceus|56/100
|
|upkeep
|turn|10
|
|t:|1653319824
|switch|p2a: Zacian|Zacian-Crowned|100/100
|-ability|p2a: Zacian|Intrepid Sword|boost
|-boost|p2a: Zacian|atk|1
|move|p1a: Arceus|Earth Power|p2a: Zacian
|-supereffective|p2a: Zacian
|-damage|p2a: Zacian|48/100
|
|upkeep
|turn|11
|
|t:|1653319834
|move|p2a: Zacian|Wild Charge|p1a: Arceus
|-supereffective|p1a: Arceus
|-damage|p1a: Arceus|0 fnt
|faint|p1a: Arceus
|-damage|p2a: Zacian|31/100|[from] Recoil
|
|upkeep
|
|t:|1653319840
|switch|p1a: Rayquaza|Rayquaza|100/100
|-ability|p1a: Rayquaza|Air Lock
|turn|12
|
|t:|1653319846
|detailschange|p1a: Rayquaza|Rayquaza-Mega
|-mega|p1a: Rayquaza|Rayquaza|
|-weather|DeltaStream|[from] ability: Delta Stream|[of] p1a: Rayquaza
|move|p1a: Rayquaza|Extreme Speed|p2a: Zacian
|-resisted|p2a: Zacian
|-damage|p2a: Zacian|2/100
|move|p2a: Zacian|Behemoth Blade|p1a: Rayquaza
|-damage|p1a: Rayquaza|0 fnt
|faint|p1a: Rayquaza
|-weather|none
|
|upkeep
|
|t:|1653319857
|switch|p1a: Zacian|Zacian-Crowned, shiny|84/100
|-ability|p1a: Zacian|Intrepid Sword|boost
|-boost|p1a: Zacian|atk|1
|turn|13
|
|t:|1653319865
|move|p1a: Zacian|Behemoth Blade|p2a: Zacian
|-damage|p2a: Zacian|0 fnt
|faint|p2a: Zacian
|
|upkeep
|
|t:|1653319871
|switch|p2a: Ditto|Ditto|100/100
|-transform|p2a: Ditto|p1a: Zacian|[from] ability: Imposter
|-ability|p2a: Ditto|Intrepid Sword|boost
|-boost|p2a: Ditto|atk|1
|turn|14
|
|t:|1653319897
|move|p2a: Ditto|Behemoth Blade|p1a: Zacian
|-damage|p1a: Zacian|0 fnt
|faint|p1a: Zacian
|
|upkeep
|
|t:|1653319900
|switch|p1a: Thundurus|Thundurus, M, shiny|31/100
|turn|15
|
|t:|1653319906
|switch|p2a: Arceus|Arceus-Electric|100/100
|switch|p1a: Yveltal|Yveltal, shiny|100/100
|-ability|p1a: Yveltal|Dark Aura
|
|upkeep
|turn|16
|
|t:|1653319917
|-start|p2a: Arceus|Dynamax|
|-heal|p2a: Arceus|100/100|[silent]
|-start|p1a: Yveltal|Dynamax|
|-heal|p1a: Yveltal|100/100|[silent]
|move|p2a: Arceus|Max Lightning|p1a: Yveltal
|-supereffective|p1a: Yveltal
|-damage|p1a: Yveltal|33/100
|-fieldstart|move: Electric Terrain
|-enditem|p1a: Yveltal|Weakness Policy
|-boost|p1a: Yveltal|atk|2|[from] item: Weakness Policy
|-boost|p1a: Yveltal|spa|2|[from] item: Weakness Policy
|move|p1a: Yveltal|Max Airstream|p2a: Arceus
|-resisted|p2a: Arceus
|-damage|p2a: Arceus|74/100
|-boost|p1a: Yveltal|spe|1
|
|upkeep
|turn|17
|
|t:|1653319942
|move|p2a: Arceus|Max Guard|p2a: Arceus
|-singleturn|p2a: Arceus|Max Guard
|move|p1a: Yveltal|Max Darkness|p2a: Arceus
|-activate|p2a: Arceus|move: Max Guard
|
|upkeep
|turn|18
|inactive|85792195wwww has 120 seconds left.
|
|t:|1653319962
|-end|p2a: Arceus|Dynamax
|-heal|p2a: Arceus|74/100|[silent]
|switch|p2a: Marshadow|Marshadow|100/100
|move|p1a: Yveltal|Max Darkness|p2a: Marshadow
|-damage|p2a: Marshadow|0 fnt
|faint|p2a: Marshadow
|
|upkeep
|inactive|85792195wwww has 120 seconds left.
|
|t:|1653319978
|switch|p2a: Arceus|Arceus-Electric|74/100
|-end|p1a: Yveltal|Dynamax
|-heal|p1a: Yveltal|33/100|[silent]
|turn|19
|
|t:|1653319986
|move|p1a: Yveltal|Dark Pulse|p2a: Arceus
|-damage|p2a: Arceus|0 fnt
|faint|p2a: Arceus
|
|upkeep
|
|t:|1653319992
|switch|p2a: Ditto|Ditto|100/100
|-transform|p2a: Ditto|p1a: Yveltal|[from] ability: Imposter
|-ability|p2a: Ditto|Dark Aura
|turn|20
|inactive|85792195wwww has 120 seconds left.
|
|t:|1653320002
|move|p2a: Ditto|Oblivion Wing|p1a: Yveltal
|-damage|p1a: Yveltal|0 fnt
|faint|p1a: Yveltal
|
|-fieldend|move: Electric Terrain
|upkeep
|
|t:|1653320005
|switch|p1a: Thundurus|Thundurus, M, shiny|31/100
|turn|21
|
|t:|1653320010
|move|p2a: Ditto|Oblivion Wing|p1a: Thundurus
|-resisted|p1a: Thundurus
|-damage|p1a: Thundurus|0 fnt
|faint|p1a: Thundurus
|
|win|85792195wwww
|raw|PM77Switch's rating: 1757 &rarr; <strong>1740</strong><br />(-17 for losing)
|raw|85792195wwww's rating: 1809 &rarr; <strong>1826</strong><br />(+17 for winning)
|c|☆PM77Switch|gg
