|j|☆Crystal55
|j|☆moyv123
|t:|1665461980
|gametype|singles
|player|p1|Crystal55|cynthia|1663
|player|p2|moyv123|2|1793
|teamsize|p1|6
|teamsize|p2|6
|gen|8
|tier|[Gen 8] National Dex AG
|rated|
|rule|HP Percentage Mod: HP is shown in percentages
|rule|Endless Battle Clause: Forcing endless battles is banned
|clearpoke
|poke|p1|Regieleki|
|poke|p1|Banette, F|
|poke|p1|Groudon|
|poke|p1|Zacian-*|
|poke|p1|Yveltal|
|poke|p1|Arceus-*|
|poke|p2|Arceus-*|
|poke|p2|Arceus-*|
|poke|p2|Rayquaza|
|poke|p2|Lugia|
|poke|p2|Zacian-*|
|poke|p2|Necrozma-Dusk-Mane|
|teampreview
|inactive|Battle timer is ON: inactive players will automatically lose when time's up. (requested by Crystal55)
|
|t:|1665461994
|start
|switch|p1a: Zacian|Zacian-Crowned|100/100
|switch|p2a: Arceus|Arceus|100/100
|-ability|p1a: Zacian|Intrepid Sword|boost
|-boost|p1a: Zacian|atk|1
|turn|1
|
|t:|1665462015
|switch|p2a: Lugia|Lugia|100/100
|move|p1a: Zacian|Close Combat|p2a: Lugia
|-resisted|p2a: Lugia
|-damage|p2a: Lugia|96/100
|-unboost|p1a: Zacian|def|1
|-unboost|p1a: Zacian|spd|1
|
|upkeep
|turn|2
|
|t:|1665462029
|move|p1a: Zacian|Behemoth Blade|p2a: Lugia
|-damage|p2a: Lugia|51/100
|move|p2a: Lugia|Toxic|p1a: Zacian
|-immune|p1a: Zacian
|
|upkeep
|turn|3
|
|t:|1665462036
|move|p1a: Zacian|Behemoth Blade|p2a: Lugia
|-damage|p2a: Lugia|6/100
|move|p2a: Lugia|Roost|p2a: Lugia
|-heal|p2a: Lugia|56/100
|-singleturn|p2a: Lugia|move: Roost
|
|upkeep
|turn|4
|
|t:|1665462046
|switch|p1a: Yveltal|Yveltal|100/100
|-ability|p1a: Yveltal|Dark Aura
|move|p2a: Lugia|Roost|p2a: Lugia
|-heal|p2a: Lugia|100/100
|-singleturn|p2a: Lugia|move: Roost
|
|upkeep
|turn|5
|
|t:|1665462072
|switch|p2a: Zacian|Zacian-Crowned, shiny|100/100
|-ability|p2a: Zacian|Intrepid Sword|boost
|-boost|p2a: Zacian|atk|1
|move|p1a: Yveltal|Knock Off|p2a: Zacian
|-resisted|p2a: Zacian
|-damage|p2a: Zacian|84/100
|
|upkeep
|turn|6
|
|t:|1665462081
|switch|p1a: Groudon|Groudon|100/100
|detailschange|p1a: Groudon|Groudon-Primal
|-primal|p1a: Groudon
|-weather|DesolateLand|[from] ability: Desolate Land|[of] p1a: Groudon
|move|p2a: Zacian|Substitute|p2a: Zacian
|-start|p2a: Zacian|Substitute
|-damage|p2a: Zacian|59/100
|
|-weather|DesolateLand|[upkeep]
|upkeep
|turn|7
|
|t:|1665462090
|move|p2a: Zacian|Close Combat|p1a: Groudon
|-damage|p1a: Groudon|62/100
|-unboost|p2a: Zacian|def|1
|-unboost|p2a: Zacian|spd|1
|move|p1a: Groudon|Fire Punch|p2a: Zacian
|-supereffective|p2a: Zacian
|-end|p2a: Zacian|Substitute
|
|-weather|DesolateLand|[upkeep]
|upkeep
|turn|8
|
|t:|1665462104
|switch|p2a: Rayquaza|Rayquaza, shiny|100/100
|-ability|p2a: Rayquaza|Air Lock
|move|p1a: Groudon|Stealth Rock|p2a: Rayquaza
|-sidestart|p2: moyv123|move: Stealth Rock
|
|-weather|DesolateLand|[upkeep]
|upkeep
|turn|9
|
|t:|1665462117
|-weather|none
|switch|p1a: Zacian|Zacian-Crowned|100/100
|-ability|p1a: Zacian|Intrepid Sword|boost
|-boost|p1a: Zacian|atk|1
|detailschange|p2a: Rayquaza|Rayquaza-Mega, shiny
|-mega|p2a: Rayquaza|Rayquaza|
|-weather|DeltaStream|[from] ability: Delta Stream|[of] p2a: Rayquaza
|move|p2a: Rayquaza|Dragon Dance|p2a: Rayquaza
|-boost|p2a: Rayquaza|atk|1
|-boost|p2a: Rayquaza|spe|1
|
|-weather|DeltaStream|[upkeep]
|upkeep
|turn|10
|
|t:|1665462129
|switch|p1a: Groudon|Groudon-Primal|62/100
|-weather|DesolateLand|[from] ability: Desolate Land|[of] p1a: Groudon
|move|p2a: Rayquaza|Earthquake|p1a: Groudon
|-supereffective|p1a: Groudon
|-damage|p1a: Groudon|0 fnt
|faint|p1a: Groudon
|-weather|none
|-damage|p2a: Rayquaza|91/100|[from] item: Life Orb
|
|upkeep
|
|t:|1665462148
|switch|p1a: Arceus|Arceus-Ground|100/100
|turn|11
|
|t:|1665462158
|move|p2a: Rayquaza|Dragon Ascent|p1a: Arceus
|-damage|p1a: Arceus|0 fnt
|-unboost|p2a: Rayquaza|def|1
|-unboost|p2a: Rayquaza|spd|1
|faint|p1a: Arceus
|-damage|p2a: Rayquaza|81/100|[from] item: Life Orb
|
|upkeep
|
|t:|1665462166
|switch|p1a: Banette|Banette, F|100/100
|turn|12
|
|t:|1665462176
|detailschange|p1a: Banette|Banette-Mega, F
|-mega|p1a: Banette|Banette|Banettite
|move|p1a: Banette|Will-O-Wisp|p2a: Rayquaza
|-status|p2a: Rayquaza|brn
|move|p2a: Rayquaza|Dragon Ascent|p1a: Banette
|-damage|p1a: Banette|0 fnt
|-unboost|p2a: Rayquaza|def|1
|-unboost|p2a: Rayquaza|spd|1
|faint|p1a: Banette
|-damage|p2a: Rayquaza|71/100 brn|[from] item: Life Orb
|
|-damage|p2a: Rayquaza|65/100 brn|[from] brn
|upkeep
|
|t:|1665462194
|switch|p1a: Regieleki|Regieleki|100/100
|turn|13
|
|t:|1665462206
|-start|p1a: Regieleki|Dynamax|
|-heal|p1a: Regieleki|100/100|[silent]
|move|p2a: Rayquaza|Extreme Speed|p1a: Regieleki
|-damage|p1a: Regieleki|66/100
|-damage|p2a: Rayquaza|55/100 brn|[from] item: Life Orb
|move|p1a: Regieleki|Max Lightning|p2a: Rayquaza
|-damage|p2a: Rayquaza|0 fnt
|-fieldstart|move: Electric Terrain
|faint|p2a: Rayquaza
|
|upkeep
|inactive|moyv123 has 120 seconds left.
|
|t:|1665462239
|switch|p2a: Arceus|Arceus|100/100
|-damage|p2a: Arceus|88/100|[from] Stealth Rock
|turn|14
|inactive|moyv123 has 120 seconds left.
|
|t:|1665462256
|-start|p2a: Arceus|Dynamax|
|-heal|p2a: Arceus|88/100|[silent]
|move|p2a: Arceus|Max Guard|p2a: Arceus
|-singleturn|p2a: Arceus|Max Guard
|move|p1a: Regieleki|Max Lightning|p2a: Arceus
|-activate|p2a: Arceus|move: Max Guard
|
|upkeep
|turn|15
|
|t:|1665462268
|-end|p1a: Regieleki|Dynamax
|-heal|p1a: Regieleki|66/100|[silent]
|switch|p1a: Yveltal|Yveltal|100/100
|-ability|p1a: Yveltal|Dark Aura
|move|p2a: Arceus|Max Strike|p1a: Yveltal
|-damage|p1a: Yveltal|47/100
|-unboost|p1a: Yveltal|spe|1
|
|upkeep
|turn|16
|
|t:|1665462286
|move|p1a: Yveltal|Sucker Punch|p2a: Arceus
|-damage|p2a: Arceus|76/100
|move|p2a: Arceus|Max Strike|p1a: Yveltal
|-crit|p1a: Yveltal
|-damage|p1a: Yveltal|0 fnt
|faint|p1a: Yveltal
|
|upkeep
|
|t:|1665462292
|switch|p1a: Zacian|Zacian-Crowned|100/100
|-ability|p1a: Zacian|Intrepid Sword|boost
|-boost|p1a: Zacian|atk|1
|-end|p2a: Arceus|Dynamax
|-heal|p2a: Arceus|76/100|[silent]
|turn|17
|inactive|moyv123 has 120 seconds left.
|
|t:|1665462309
|switch|p2a: Zacian|Zacian-Crowned, shiny|59/100
|-damage|p2a: Zacian|52/100|[from] Stealth Rock
|-ability|p2a: Zacian|Intrepid Sword|boost
|-boost|p2a: Zacian|atk|1
|move|p1a: Zacian|Behemoth Blade|p2a: Zacian
|-damage|p2a: Zacian|0 fnt
|faint|p2a: Zacian
|
|-fieldend|move: Electric Terrain
|upkeep
|
|t:|1665462322
|switch|p2a: Necrozma|Necrozma-Dusk-Mane|100/100
|-damage|p2a: Necrozma|94/100|[from] Stealth Rock
|turn|18
|
|t:|1665462334
|switch|p1a: Regieleki|Regieleki|66/100
|move|p2a: Necrozma|Earthquake|p1a: Regieleki
|-supereffective|p1a: Regieleki
|-damage|p1a: Regieleki|0 fnt
|faint|p1a: Regieleki
|
|upkeep
|-message|Crystal55 forfeited.
|
|win|moyv123
|raw|Crystal55's rating: 1663 &rarr; <strong>1650</strong><br />(-13 for losing)
|raw|moyv123's rating: 1793 &rarr; <strong>1806</strong><br />(+13 for winning)
|l|☆Crystal55
