|j|☆DrMario69
|j|☆CLEAR GEM清瑜
|t:|1663034344
|gametype|singles
|player|p1|DrMario69|266|1723
|player|p2|CLEAR GEM清瑜|skierf|1899
|teamsize|p1|6
|teamsize|p2|6
|gen|8
|tier|[Gen 8] National Dex AG
|rated|
|rule|HP Percentage Mod: HP is shown in percentages
|rule|Endless Battle Clause: Forcing endless battles is banned
|clearpoke
|poke|p1|Arceus-*|
|poke|p1|Groudon|
|poke|p1|Zacian-*|
|poke|p1|Rayquaza|
|poke|p1|Calyrex-Shadow|
|poke|p1|Yveltal|
|poke|p2|Rayquaza|
|poke|p2|Groudon|
|poke|p2|Necrozma-Dusk-Mane|
|poke|p2|Arceus-*|
|poke|p2|Zacian-*|
|poke|p2|Yveltal|
|teampreview
|inactive|Battle timer is ON: inactive players will automatically lose when time's up. (requested by CLEAR GEM清瑜)
|
|t:|1663034354
|start
|switch|p1a: Groudon|Groudon|100/100
|switch|p2a: Y鸟|Yveltal|100/100
|-ability|p2a: Y鸟|Dark Aura
|detailschange|p1a: Groudon|Groudon-Primal
|-primal|p1a: Groudon
|-weather|DesolateLand|[from] ability: Desolate Land|[of] p1a: Groudon
|turn|1
|
|t:|1663034357
|move|p2a: Y鸟|Taunt|p1a: Groudon
|-start|p1a: Groudon|move: Taunt
|cant|p1a: Groudon|move: Taunt|Thunder Wave
|
|-weather|DesolateLand|[upkeep]
|upkeep
|turn|2
|
|t:|1663034362
|move|p2a: Y鸟|Dark Pulse|p1a: Groudon
|-damage|p1a: Groudon|31/100
|-damage|p2a: Y鸟|91/100|[from] item: Life Orb
|move|p1a: Groudon|Stone Edge|p2a: Y鸟
|-supereffective|p2a: Y鸟
|-damage|p2a: Y鸟|22/100
|
|-weather|DesolateLand|[upkeep]
|upkeep
|turn|3
|
|t:|1663034369
|-weather|none
|switch|p1a: Zacian|Zacian-Crowned|100/100
|-ability|p1a: Zacian|Intrepid Sword|boost
|-boost|p1a: Zacian|atk|1
|move|p2a: Y鸟|Oblivion Wing|p1a: Zacian
|-resisted|p1a: Zacian
|-damage|p1a: Zacian|73/100
|-heal|p2a: Y鸟|39/100|[from] drain|[of] p1a: Zacian
|-damage|p2a: Y鸟|29/100|[from] item: Life Orb
|
|upkeep
|turn|4
|
|t:|1663034375
|switch|p1a: Groudon|Groudon-Primal|31/100
|-weather|DesolateLand|[from] ability: Desolate Land|[of] p1a: Groudon
|move|p2a: Y鸟|Heat Wave|p1a: Groudon
|-resisted|p1a: Groudon
|-damage|p1a: Groudon|2/100
|-damage|p2a: Y鸟|19/100|[from] item: Life Orb
|
|-weather|DesolateLand|[upkeep]
|upkeep
|turn|5
|
|t:|1663034380
|move|p2a: Y鸟|Oblivion Wing|p1a: Groudon
|-damage|p1a: Groudon|0 fnt
|-heal|p2a: Y鸟|20/100|[from] drain|[of] p1a: Groudon
|faint|p1a: Groudon
|-weather|none
|-damage|p2a: Y鸟|10/100|[from] item: Life Orb
|
|upkeep
|
|t:|1663034383
|switch|p1a: Calyrex|Calyrex-Shadow|100/100
|-ability|p1a: Calyrex|As One
|-ability|p1a: Calyrex|Unnerve
|turn|6
|
|t:|1663034387
|move|p1a: Calyrex|Substitute|p1a: Calyrex
|-start|p1a: Calyrex|Substitute
|-damage|p1a: Calyrex|76/100
|move|p2a: Y鸟|Dark Pulse|p1a: Calyrex
|-supereffective|p1a: Calyrex
|-end|p1a: Calyrex|Substitute
|-damage|p2a: Y鸟|0 fnt|[from] item: Life Orb
|faint|p2a: Y鸟
|
|-heal|p1a: Calyrex|82/100|[from] item: Leftovers
|upkeep
|
|t:|1663034391
|switch|p2a: 老烈|Rayquaza|100/100
|-ability|p2a: 老烈|Air Lock
|turn|7
|
|t:|1663034394
|detailschange|p2a: 老烈|Rayquaza-Mega
|-mega|p2a: 老烈|Rayquaza|
|-weather|DeltaStream|[from] ability: Delta Stream|[of] p2a: 老烈
|move|p1a: Calyrex|Astral Barrage|p2a: 老烈
|-damage|p2a: 老烈|35/100
|move|p2a: 老烈|Dragon Dance|p2a: 老烈
|-boost|p2a: 老烈|atk|1
|-boost|p2a: 老烈|spe|1
|
|-weather|DeltaStream|[upkeep]
|-heal|p1a: Calyrex|88/100|[from] item: Leftovers
|upkeep
|turn|8
|
|t:|1663034404
|switch|p1a: Zacian|Zacian-Crowned|73/100
|-ability|p1a: Zacian|Intrepid Sword|boost
|-boost|p1a: Zacian|atk|1
|move|p2a: 老烈|Dragon Ascent|p1a: Zacian
|-resisted|p1a: Zacian
|-damage|p1a: Zacian|7/100
|-unboost|p2a: 老烈|def|1
|-unboost|p2a: 老烈|spd|1
|
|-weather|DeltaStream|[upkeep]
|upkeep
|turn|9
|
|t:|1663034407
|move|p2a: 老烈|Dragon Ascent|p1a: Zacian
|-resisted|p1a: Zacian
|-damage|p1a: Zacian|0 fnt
|-unboost|p2a: 老烈|def|1
|-unboost|p2a: 老烈|spd|1
|faint|p1a: Zacian
|
|-weather|DeltaStream|[upkeep]
|upkeep
|
|t:|1663034410
|switch|p1a: Arceus|Arceus|100/100
|turn|10
|
|t:|1663034411
|move|p2a: 老烈|Extreme Speed|p1a: Arceus
|-damage|p1a: Arceus|62/100
|move|p1a: Arceus|Extreme Speed|p2a: 老烈
|-damage|p2a: 老烈|0 fnt
|faint|p2a: 老烈
|-weather|none
|
|upkeep
|
|t:|1663034417
|switch|p2a: 嘉然小姐的狗|Zacian-Crowned|100/100
|-ability|p2a: 嘉然小姐的狗|Intrepid Sword|boost
|-boost|p2a: 嘉然小姐的狗|atk|1
|turn|11
|
|t:|1663034424
|move|p1a: Arceus|Extreme Speed|p2a: 嘉然小姐的狗
|-resisted|p2a: 嘉然小姐的狗
|-damage|p2a: 嘉然小姐的狗|83/100
|move|p2a: 嘉然小姐的狗|Behemoth Blade|p1a: Arceus
|-damage|p1a: Arceus|0 fnt
|faint|p1a: Arceus
|
|upkeep
|
|t:|1663034426
|switch|p1a: Rayquaza|Rayquaza|100/100
|-ability|p1a: Rayquaza|Air Lock
|turn|12
|
|t:|1663034430
|switch|p2a: 钢铁之躯|Necrozma-Dusk-Mane|100/100
|detailschange|p1a: Rayquaza|Rayquaza-Mega
|-mega|p1a: Rayquaza|Rayquaza|
|-weather|DeltaStream|[from] ability: Delta Stream|[of] p1a: Rayquaza
|move|p1a: Rayquaza|Dragon Dance|p1a: Rayquaza
|-boost|p1a: Rayquaza|atk|1
|-boost|p1a: Rayquaza|spe|1
|
|-weather|DeltaStream|[upkeep]
|upkeep
|turn|13
|
|t:|1663034433
|detailschange|p2a: 钢铁之躯|Necrozma-Ultra
|-burst|p2a: 钢铁之躯|Necrozma|Ultranecrozium Z
|move|p1a: Rayquaza|Earthquake|p2a: 钢铁之躯
|-damage|p2a: 钢铁之躯|31/100
|move|p2a: 钢铁之躯|Photon Geyser|p1a: Rayquaza
|-crit|p1a: Rayquaza
|-damage|p1a: Rayquaza|6/100
|
|-weather|DeltaStream|[upkeep]
|upkeep
|turn|14
|
|t:|1663034437
|move|p1a: Rayquaza|Extreme Speed|p2a: 钢铁之躯
|-damage|p2a: 钢铁之躯|0 fnt
|faint|p2a: 钢铁之躯
|
|-weather|DeltaStream|[upkeep]
|upkeep
|
|t:|1663034439
|switch|p2a: 嘉然小姐的狗|Zacian-Crowned|83/100
|-ability|p2a: 嘉然小姐的狗|Intrepid Sword|boost
|-boost|p2a: 嘉然小姐的狗|atk|1
|turn|15
|
|t:|1663034441
|move|p2a: 嘉然小姐的狗|Quick Attack|p1a: Rayquaza
|-damage|p1a: Rayquaza|0 fnt
|faint|p1a: Rayquaza
|-weather|none
|
|upkeep
|
|t:|1663034446
|switch|p1a: Calyrex|Calyrex-Shadow|88/100
|-ability|p1a: Calyrex|As One
|-ability|p1a: Calyrex|Unnerve
|turn|16
|
|t:|1663034448
|move|p1a: Calyrex|Astral Barrage|p2a: 嘉然小姐的狗
|-damage|p2a: 嘉然小姐的狗|34/100
|move|p2a: 嘉然小姐的狗|Behemoth Blade|p1a: Calyrex
|-damage|p1a: Calyrex|0 fnt
|faint|p1a: Calyrex
|
|upkeep
|
|t:|1663034450
|switch|p1a: Yveltal|Yveltal|100/100
|-ability|p1a: Yveltal|Dark Aura
|turn|17
|
|t:|1663034451
|move|p1a: Yveltal|Sucker Punch|p2a: 嘉然小姐的狗
|-resisted|p2a: 嘉然小姐的狗
|-damage|p2a: 嘉然小姐的狗|13/100
|-damage|p1a: Yveltal|91/100|[from] item: Life Orb
|move|p2a: 嘉然小姐的狗|Behemoth Blade|p1a: Yveltal
|-damage|p1a: Yveltal|0 fnt
|faint|p1a: Yveltal
|
|win|CLEAR GEM清瑜
|raw|DrMario69's rating: 1723 &rarr; <strong>1712</strong><br />(-11 for losing)
|raw|CLEAR GEM清瑜's rating: 1899 &rarr; <strong>1910</strong><br />(+11 for winning)
||Ladder isn't responding, score probably updated but might not have (Request timeout).
