|j|☆soda49
|j|☆Dugtrio Is Broken
|t:|1640374146
|gametype|singles
|player|p1|soda49|1|1533
|player|p2|Dugtrio Is Broken|rood|1620
|teamsize|p1|6
|teamsize|p2|6
|gen|8
|tier|[Gen 8] National Dex AG
|rated|
|rule|HP Percentage Mod: HP is shown in percentages
|rule|Endless Battle Clause: Forcing endless battles is banned
|clearpoke
|poke|p1|Whimsicott, F|
|poke|p1|Smeargle, F|
|poke|p1|Calyrex-Shadow|
|poke|p1|Dragonite, M|
|poke|p1|Charizard, F|
|poke|p1|Ferrothorn, M|
|poke|p2|Arceus-*|
|poke|p2|Yveltal|
|poke|p2|Ferrothorn, F|
|poke|p2|Groudon|
|poke|p2|Rayquaza|
|poke|p2|Ditto|
|teampreview
|inactive|Battle timer is ON: inactive players will automatically lose when time's up. (requested by soda49)
|
|t:|1640374154
|start
|switch|p1a: Charizard|Charizard, F|100/100
|switch|p2a: Groudon|Groudon|100/100
|detailschange|p2a: Groudon|Groudon-Primal
|-primal|p2a: Groudon
|-weather|DesolateLand|[from] ability: Desolate Land|[of] p2a: Groudon
|turn|1
|
|t:|1640374168
|-start|p1a: Charizard|Dynamax
|-formechange|p1a: Charizard|Charizard-Gmax
|-heal|p1a: Charizard|100/100|[silent]
|move|p1a: Charizard|Max Quake|p2a: Groudon
|-supereffective|p2a: Groudon
|-damage|p2a: Groudon|0 fnt
|-boost|p1a: Charizard|spd|1
|faint|p2a: Groudon
|-weather|none
|-damage|p1a: Charizard|96/100|[from] item: Life Orb
|
|upkeep
|
|t:|1640374189
|switch|p2a: Ditto|Ditto|100/100
|-transform|p2a: Ditto|p1a: Charizard|[from] ability: Imposter
|turn|2
|
|t:|1640374192
|move|p2a: Ditto|Air Slash|p1a: Charizard
|-damage|p1a: Charizard|79/100
|move|p1a: Charizard|Max Airstream|p2a: Ditto
|-damage|p2a: Ditto|32/100
|-boost|p1a: Charizard|spe|1
|-damage|p1a: Charizard|74/100|[from] item: Life Orb
|
|upkeep
|turn|3
|
|t:|1640374205
|move|p2a: Ditto|Air Slash|p1a: Charizard
|-damage|p1a: Charizard|59/100
|move|p1a: Charizard|G-Max Wildfire|p2a: Ditto
|-resisted|p2a: Ditto
|-damage|p2a: Ditto|0 fnt
|-sidestart|p2: Dugtrio Is Broken|G-Max Wildfire
|faint|p2a: Ditto
|-damage|p1a: Charizard|54/100|[from] item: Life Orb
|
|-end|p1a: Charizard|Dynamax
|-formechange|p1a: Charizard|Charizard
|-heal|p1a: Charizard|54/100|[silent]
|upkeep
|inactive|Dugtrio Is Broken has 120 seconds left.
|inactive|Dugtrio Is Broken has 90 seconds left.
|inactive|Dugtrio Is Broken has 60 seconds left.
|
|t:|1640374296
|switch|p2a: Rayquaza|Rayquaza|100/100
|-ability|p2a: Rayquaza|Air Lock
|turn|4
|
|t:|1640374303
|detailschange|p2a: Rayquaza|Rayquaza-Mega
|-mega|p2a: Rayquaza|Rayquaza|
|-weather|DeltaStream|[from] ability: Delta Stream|[of] p2a: Rayquaza
|move|p1a: Charizard|Air Slash|p2a: Rayquaza
|-damage|p2a: Rayquaza|60/100
|-damage|p1a: Charizard|44/100|[from] item: Life Orb
|move|p2a: Rayquaza|Dragon Ascent|p1a: Charizard
|-damage|p1a: Charizard|0 fnt
|-unboost|p2a: Rayquaza|def|1
|-unboost|p2a: Rayquaza|spd|1
|faint|p1a: Charizard
|-damage|p2a: Rayquaza|50/100|[from] item: Life Orb
|
|-weather|DeltaStream|[upkeep]
|-damage|p2a: Rayquaza|34/100|[from] G-Max Wildfire
|upkeep
|
|t:|1640374320
|switch|p1a: Whimsicott|Whimsicott, F|100/100
|turn|5
|
|t:|1640374326
|move|p1a: Whimsicott|Moonblast|p2a: Rayquaza
|-supereffective|p2a: Rayquaza
|-damage|p2a: Rayquaza|0 fnt
|faint|p2a: Rayquaza
|-weather|none
|
|upkeep
|
|t:|1640374328
|switch|p2a: Arceus|Arceus-Ground|100/100
|turn|6
|
|t:|1640374331
|-start|p2a: Arceus|Dynamax
|-heal|p2a: Arceus|100/100|[silent]
|move|p1a: Whimsicott|Taunt|p2a: Arceus
|-start|p2a: Arceus|move: Taunt
|move|p2a: Arceus|Max Quake|p1a: Whimsicott
|-resisted|p1a: Whimsicott
|-damage|p1a: Whimsicott|52/100
|-boost|p2a: Arceus|spd|1
|
|-damage|p2a: Arceus|92/100|[from] G-Max Wildfire
|-sideend|p2: Dugtrio Is Broken|G-Max Wildfire
|upkeep
|turn|7
|inactive|Dugtrio Is Broken has 90 seconds left.
|
|t:|1640374342
|move|p1a: Whimsicott|Cotton Spore|p2a: Arceus
|-unboost|p2a: Arceus|spe|2
|move|p2a: Arceus|Max Quake|p1a: Whimsicott
|-resisted|p1a: Whimsicott
|-damage|p1a: Whimsicott|0 fnt
|-boost|p2a: Arceus|spd|1
|faint|p1a: Whimsicott
|
|upkeep
|
|t:|1640374351
|switch|p1a: The wobbler|Smeargle, F|100/100
|turn|8
|
|t:|1640374354
|move|p1a: The wobbler|Spore|p2a: Arceus
|-status|p2a: Arceus|slp|[from] move: Spore
|cant|p2a: Arceus|slp
|
|-end|p2a: Arceus|move: Taunt
|-ability|p1a: The wobbler|Moody|boost
|-boost|p1a: The wobbler|spa|2
|-unboost|p1a: The wobbler|def|1
|-end|p2a: Arceus|Dynamax
|-heal|p2a: Arceus|92/100 slp|[silent]
|upkeep
|turn|9
|
|t:|1640374357
|move|p1a: The wobbler|Substitute|p1a: The wobbler
|-start|p1a: The wobbler|Substitute
|-damage|p1a: The wobbler|76/100
|cant|p2a: Arceus|slp
|
|-heal|p1a: The wobbler|82/100|[from] item: Leftovers
|-ability|p1a: The wobbler|Moody|boost
|-boost|p1a: The wobbler|spe|2
|-unboost|p1a: The wobbler|atk|1
|upkeep
|turn|10
|
|t:|1640374360
|move|p1a: The wobbler|Shell Smash|p1a: The wobbler
|-unboost|p1a: The wobbler|def|1
|-unboost|p1a: The wobbler|spd|1
|-boost|p1a: The wobbler|atk|2
|-boost|p1a: The wobbler|spa|2
|-boost|p1a: The wobbler|spe|2
|cant|p2a: Arceus|slp
|
|-heal|p1a: The wobbler|88/100|[from] item: Leftovers
|-ability|p1a: The wobbler|Moody|boost
|-boost|p1a: The wobbler|atk|2
|-unboost|p1a: The wobbler|spa|1
|upkeep
|turn|11
|
|t:|1640374368
|move|p1a: The wobbler|Shell Smash|p1a: The wobbler
|-unboost|p1a: The wobbler|def|1
|-unboost|p1a: The wobbler|spd|1
|-boost|p1a: The wobbler|atk|2
|-boost|p1a: The wobbler|spa|2
|-boost|p1a: The wobbler|spe|2
|-curestatus|p2a: Arceus|slp|[msg]
|move|p2a: Arceus|Judgment|p1a: The wobbler
|-end|p1a: The wobbler|Substitute
|
|-heal|p1a: The wobbler|94/100|[from] item: Leftovers
|-ability|p1a: The wobbler|Moody|boost
|-boost|p1a: The wobbler|atk|1
|-unboost|p1a: The wobbler|def|1
|upkeep
|turn|12
|
|t:|1640374371
|switch|p2a: Ferrothorn|Ferrothorn, F|100/100
|move|p1a: The wobbler|Spore|p2a: Ferrothorn
|-immune|p2a: Ferrothorn
|
|-heal|p1a: The wobbler|99/100|[from] item: Leftovers
|-ability|p1a: The wobbler|Moody|boost
|-boost|p1a: The wobbler|spa|1
|-unboost|p1a: The wobbler|spd|1
|upkeep
|turn|13
|
|t:|1640374376
|move|p1a: The wobbler|Substitute|p1a: The wobbler
|-start|p1a: The wobbler|Substitute
|-damage|p1a: The wobbler|75/100
|move|p2a: Ferrothorn|Body Press|p1a: The wobbler
|-supereffective|p1a: The wobbler
|-end|p1a: The wobbler|Substitute
|
|-heal|p1a: The wobbler|81/100|[from] item: Leftovers
|-ability|p1a: The wobbler|Moody|boost
|-boost|p1a: The wobbler|spd|2
|-unboost|p1a: The wobbler|spa|1
|upkeep
|turn|14
|
|t:|1640374390
|switch|p1a: Ferrothorn|Ferrothorn, M|100/100
|move|p2a: Ferrothorn|Body Press|p1a: Ferrothorn
|-supereffective|p1a: Ferrothorn
|-crit|p1a: Ferrothorn
|-damage|p1a: Ferrothorn|33/100
|-damage|p2a: Ferrothorn|88/100|[from] ability: Iron Barbs|[of] p1a: Ferrothorn
|-damage|p2a: Ferrothorn|72/100|[from] item: Rocky Helmet|[of] p1a: Ferrothorn
|
|-heal|p2a: Ferrothorn|78/100|[from] item: Leftovers
|upkeep
|turn|15
|
|t:|1640374396
|move|p2a: Ferrothorn|Iron Defense|p2a: Ferrothorn
|-boost|p2a: Ferrothorn|def|2
|move|p1a: Ferrothorn|Body Press|p2a: Ferrothorn
|-supereffective|p2a: Ferrothorn
|-damage|p2a: Ferrothorn|65/100
|-damage|p1a: Ferrothorn|21/100|[from] ability: Iron Barbs|[of] p2a: Ferrothorn
|
|-heal|p2a: Ferrothorn|71/100|[from] item: Leftovers
|upkeep
|turn|16
|
|t:|1640374403
|move|p1a: Ferrothorn|Iron Defense|p1a: Ferrothorn
|-boost|p1a: Ferrothorn|def|2
|move|p2a: Ferrothorn|Spikes|p1a: Ferrothorn
|-sidestart|p1: soda49|Spikes
|
|-heal|p2a: Ferrothorn|77/100|[from] item: Leftovers
|upkeep
|turn|17
|
|t:|1640374412
|move|p1a: Ferrothorn|Iron Defense|p1a: Ferrothorn
|-boost|p1a: Ferrothorn|def|2
|move|p2a: Ferrothorn|Spikes|p1a: Ferrothorn
|-sidestart|p1: soda49|Spikes
|
|-heal|p2a: Ferrothorn|83/100|[from] item: Leftovers
|upkeep
|turn|18
|
|t:|1640374420
|move|p2a: Ferrothorn|Spikes|p1a: Ferrothorn
|-sidestart|p1: soda49|Spikes
|move|p1a: Ferrothorn|Iron Defense|p1a: Ferrothorn
|-boost|p1a: Ferrothorn|def|2
|
|-heal|p2a: Ferrothorn|90/100|[from] item: Leftovers
|upkeep
|turn|19
|
|t:|1640374435
|move|p1a: Ferrothorn|Body Press|p2a: Ferrothorn
|-supereffective|p2a: Ferrothorn
|-damage|p2a: Ferrothorn|34/100
|-damage|p1a: Ferrothorn|9/100|[from] ability: Iron Barbs|[of] p2a: Ferrothorn
|move|p2a: Ferrothorn|Body Press|p1a: Ferrothorn
|-supereffective|p1a: Ferrothorn
|-damage|p1a: Ferrothorn|0 fnt
|-damage|p2a: Ferrothorn|22/100|[from] ability: Iron Barbs|[of] p1a: Ferrothorn
|-damage|p2a: Ferrothorn|5/100|[from] item: Rocky Helmet|[of] p1a: Ferrothorn
|faint|p1a: Ferrothorn
|
|-heal|p2a: Ferrothorn|11/100|[from] item: Leftovers
|upkeep
|
|t:|1640374440
|switch|p1a: Dragonite|Dragonite, M|100/100
|turn|20
|
|t:|1640374457
|move|p1a: Dragonite|Earthquake|p2a: Ferrothorn
|-crit|p2a: Ferrothorn
|-damage|p2a: Ferrothorn|0 fnt
|faint|p2a: Ferrothorn
|
|upkeep
|
|t:|1640374460
|switch|p2a: Yveltal|Yveltal|100/100
|-ability|p2a: Yveltal|Dark Aura
|turn|21
|
|t:|1640374464
|move|p2a: Yveltal|Toxic|p1a: Dragonite
|-status|p1a: Dragonite|tox
|move|p1a: Dragonite|Tailwind|p1a: Dragonite
|-sidestart|p1: soda49|move: Tailwind
|
|-damage|p1a: Dragonite|94/100 tox|[from] psn
|upkeep
|turn|22
|
|t:|1640374477
|move|p1a: Dragonite|Defog|p2a: Yveltal
|-unboost|p2a: Yveltal|evasion|1
|-sideend|p1: soda49|Spikes|[from] move: Defog|[of] p1a: Dragonite
|move|p2a: Yveltal|Foul Play|p1a: Dragonite
|-damage|p1a: Dragonite|23/100 tox
|
|-damage|p1a: Dragonite|11/100 tox|[from] psn
|upkeep
|turn|23
|
|t:|1640374486
|move|p1a: Dragonite|Dual Wingbeat|p2a: Yveltal
|-damage|p2a: Yveltal|83/100
|-damage|p2a: Yveltal|63/100
|-hitcount|p2a: Yveltal|2
|move|p2a: Yveltal|Foul Play|p1a: Dragonite
|-damage|p1a: Dragonite|0 fnt
|faint|p1a: Dragonite
|
|upkeep
|
|t:|1640374492
|switch|p1a: The wobbler|Smeargle, F|81/100
|turn|24
|
|t:|1640374499
|move|p1a: The wobbler|Spore|p2a: Yveltal
|-status|p2a: Yveltal|slp|[from] move: Spore
|cant|p2a: Yveltal|slp
|
|-heal|p1a: The wobbler|87/100|[from] item: Leftovers
|-sideend|p1: soda49|move: Tailwind
|-ability|p1a: The wobbler|Moody|boost
|-boost|p1a: The wobbler|spd|2
|-unboost|p1a: The wobbler|spe|1
|upkeep
|turn|25
|
|t:|1640374502
|switch|p2a: Arceus|Arceus-Ground|92/100
|move|p1a: The wobbler|Substitute|p1a: The wobbler
|-start|p1a: The wobbler|Substitute
|-damage|p1a: The wobbler|62/100
|
|-heal|p1a: The wobbler|68/100|[from] item: Leftovers
|-ability|p1a: The wobbler|Moody|boost
|-boost|p1a: The wobbler|spa|2
|-unboost|p1a: The wobbler|spe|1
|upkeep
|turn|26
|
|t:|1640374505
|move|p2a: Arceus|Judgment|p1a: The wobbler
|-end|p1a: The wobbler|Substitute
|move|p1a: The wobbler|Spore|p2a: Arceus
|-status|p2a: Arceus|slp|[from] move: Spore
|
|-heal|p1a: The wobbler|74/100|[from] item: Leftovers
|-ability|p1a: The wobbler|Moody|boost
|-boost|p1a: The wobbler|spe|2
|-unboost|p1a: The wobbler|spa|1
|upkeep
|turn|27
|
|t:|1640374508
|cant|p2a: Arceus|slp
|move|p1a: The wobbler|Substitute|p1a: The wobbler
|-start|p1a: The wobbler|Substitute
|-damage|p1a: The wobbler|50/100
|
|-heal|p1a: The wobbler|55/100|[from] item: Leftovers
|-ability|p1a: The wobbler|Moody|boost
|-boost|p1a: The wobbler|def|2
|-unboost|p1a: The wobbler|spd|1
|upkeep
|turn|28
|
|t:|1640374522
|cant|p2a: Arceus|slp
|move|p1a: The wobbler|Shell Smash|p1a: The wobbler
|-unboost|p1a: The wobbler|def|1
|-unboost|p1a: The wobbler|spd|1
|-boost|p1a: The wobbler|atk|2
|-boost|p1a: The wobbler|spa|2
|-boost|p1a: The wobbler|spe|2
|
|-heal|p1a: The wobbler|61/100|[from] item: Leftovers
|-ability|p1a: The wobbler|Moody|boost
|-boost|p1a: The wobbler|atk|2
|-unboost|p1a: The wobbler|spd|1
|upkeep
|turn|29
|
|t:|1640374527
|move|p1a: The wobbler|Shell Smash|p1a: The wobbler
|-unboost|p1a: The wobbler|def|1
|-unboost|p1a: The wobbler|spd|1
|-boost|p1a: The wobbler|atk|2
|-boost|p1a: The wobbler|spa|2
|-boost|p1a: The wobbler|spe|2
|cant|p2a: Arceus|slp
|
|-heal|p1a: The wobbler|67/100|[from] item: Leftovers
|-ability|p1a: The wobbler|Moody|boost
|-boost|p1a: The wobbler|spa|1
|-unboost|p1a: The wobbler|def|1
|upkeep
|turn|30
|
|t:|1640374545
|move|p1a: The wobbler|Power Trip|p2a: Arceus
|-damage|p2a: Arceus|0 fnt
|faint|p2a: Arceus
|
|-heal|p1a: The wobbler|73/100|[from] item: Leftovers
|-ability|p1a: The wobbler|Moody|boost
|-boost|p1a: The wobbler|spd|2
|-unboost|p1a: The wobbler|spa|1
|upkeep
|-message|Dugtrio Is Broken forfeited.
|
|win|soda49
|raw|soda49's rating: 1533 &rarr; <strong>1558</strong><br />(+25 for winning)
|raw|Dugtrio Is Broken's rating: 1620 &rarr; <strong>1595</strong><br />(-25 for losing)
|l|☆Dugtrio Is Broken
