|j|☆xianxin520
|j|☆friskyflapple
|t:|1665476621
|gametype|singles
|player|p1|xianxin520|steven|1189
|player|p2|friskyflapple|clemont|1125
|teamsize|p1|6
|teamsize|p2|6
|gen|8
|tier|[Gen 8] National Dex AG
|rated|
|rule|HP Percentage Mod: HP is shown in percentages
|rule|Endless Battle Clause: Forcing endless battles is banned
|clearpoke
|poke|p1|Rayquaza|
|poke|p1|Ditto|
|poke|p1|Ho-Oh|
|poke|p1|Marshadow|
|poke|p1|Groudon|
|poke|p1|Zacian-*|
|poke|p2|Toxapex, M|
|poke|p2|Garchomp, F|
|poke|p2|Metagross|
|poke|p2|Breloom, F|
|poke|p2|Togekiss, M|
|poke|p2|Weavile, F|
|teampreview
|inactive|Battle timer is ON: inactive players will automatically lose when time's up. (requested by friskyflapple)
|c|☆friskyflapple|glhf
|
|t:|1665476639
|start
|switch|p1a: 大哥（大爹）|Ho-Oh, shiny|100/100
|switch|p2a: expired mango|Toxapex, M|100/100
|turn|1
|
|t:|1665476647
|switch|p1a: 你能接我一剑不|Zacian-Crowned, shiny|100/100
|-ability|p1a: 你能接我一剑不|Intrepid Sword|boost
|-boost|p1a: 你能接我一剑不|atk|1
|move|p2a: expired mango|Baneful Bunker||[still]
|-fail|p2a: expired mango
|
|upkeep
|turn|2
|
|t:|1665476656
|move|p2a: expired mango|Baneful Bunker|p2a: expired mango
|-singleturn|p2a: expired mango|move: Protect
|move|p1a: 你能接我一剑不|Play Rough|p2a: expired mango
|-activate|p2a: expired mango|move: Protect
|
|upkeep
|turn|3
|
|t:|1665476664
|move|p1a: 你能接我一剑不|Play Rough|p2a: expired mango
|-resisted|p2a: expired mango
|-damage|p2a: expired mango|75/100
|-damage|p1a: 你能接我一剑不|84/100|[from] item: Rocky Helmet|[of] p2a: expired mango
|move|p2a: expired mango|Scald|p1a: 你能接我一剑不
|-damage|p1a: 你能接我一剑不|67/100
|
|upkeep
|turn|4
|
|t:|1665476673
|move|p2a: expired mango|Baneful Bunker|p2a: expired mango
|-singleturn|p2a: expired mango|move: Protect
|move|p1a: 你能接我一剑不|Wild Charge|p2a: expired mango
|-activate|p2a: expired mango|move: Protect
|
|upkeep
|turn|5
|
|t:|1665476680
|switch|p2a: baby shark|Garchomp, F|100/100
|move|p1a: 你能接我一剑不|Wild Charge|p2a: baby shark
|-immune|p2a: baby shark
|
|upkeep
|turn|6
|
|t:|1665476686
|switch|p1a: 被暴飞龙暴打|Rayquaza|100/100
|-ability|p1a: 被暴飞龙暴打|Air Lock
|switch|p2a: expired mango|Toxapex, M|100/100
|
|upkeep
|turn|7
|
|t:|1665476697
|switch|p1a: 你能接我一剑不|Zacian-Crowned, shiny|67/100
|-ability|p1a: 你能接我一剑不|Intrepid Sword|boost
|-boost|p1a: 你能接我一剑不|atk|1
|move|p2a: expired mango|Baneful Bunker||[still]
|-fail|p2a: expired mango
|
|upkeep
|turn|8
|inactive|xianxin520 has 120 seconds left.
|
|t:|1665476749
|move|p2a: expired mango|Baneful Bunker|p2a: expired mango
|-singleturn|p2a: expired mango|move: Protect
|move|p1a: 你能接我一剑不|Play Rough|p2a: expired mango
|-activate|p2a: expired mango|move: Protect
|
|upkeep
|turn|9
|
|t:|1665476757
|move|p1a: 你能接我一剑不|Play Rough|p2a: expired mango
|-resisted|p2a: expired mango
|-damage|p2a: expired mango|74/100
|-damage|p1a: 你能接我一剑不|51/100|[from] item: Rocky Helmet|[of] p2a: expired mango
|move|p2a: expired mango|Scald|p1a: 你能接我一剑不
|-damage|p1a: 你能接我一剑不|36/100
|-status|p1a: 你能接我一剑不|brn
|
|-damage|p1a: 你能接我一剑不|30/100 brn|[from] brn
|upkeep
|turn|10
|inactive|xianxin520 has 90 seconds left.
|
|t:|1665476798
|move|p2a: expired mango|Baneful Bunker|p2a: expired mango
|-singleturn|p2a: expired mango|move: Protect
|move|p1a: 你能接我一剑不|Wild Charge|p2a: expired mango
|-activate|p2a: expired mango|move: Protect
|
|-damage|p1a: 你能接我一剑不|24/100 brn|[from] brn
|upkeep
|turn|11
|
|t:|1665476805
|switch|p2a: baby shark|Garchomp, F|100/100
|move|p1a: 你能接我一剑不|Wild Charge|p2a: baby shark
|-immune|p2a: baby shark
|
|-damage|p1a: 你能接我一剑不|17/100 brn|[from] brn
|upkeep
|turn|12
|
|t:|1665476811
|switch|p2a: expired mango|Toxapex, M|100/100
|move|p1a: 你能接我一剑不|Play Rough|p2a: expired mango
|-resisted|p2a: expired mango
|-damage|p2a: expired mango|87/100
|-damage|p1a: 你能接我一剑不|1/100 brn|[from] item: Rocky Helmet|[of] p2a: expired mango
|
|-damage|p1a: 你能接我一剑不|0 fnt|[from] brn
|faint|p1a: 你能接我一剑不
|upkeep
|inactive|xianxin520 has 90 seconds left.
|
|t:|1665476829
|switch|p1a: 我会飞啦（我带的气球）|Groudon, shiny|100/100
|detailschange|p1a: 我会飞啦（我带的气球）|Groudon-Primal, shiny
|-primal|p1a: 我会飞啦（我带的气球）
|-weather|DesolateLand|[from] ability: Desolate Land|[of] p1a: 我会飞啦（我带的气球）
|turn|13
|
|t:|1665476836
|move|p2a: expired mango|Baneful Bunker|p2a: expired mango
|-singleturn|p2a: expired mango|move: Protect
|move|p1a: 我会飞啦（我带的气球）|Stealth Rock|p2a: expired mango
|-sidestart|p2: friskyflapple|move: Stealth Rock
|
|-weather|DesolateLand|[upkeep]
|upkeep
|turn|14
|
|t:|1665476851
|move|p1a: 我会飞啦（我带的气球）|Precipice Blades|p2a: expired mango
|-supereffective|p2a: expired mango
|-crit|p2a: expired mango
|-damage|p2a: expired mango|0 fnt
|faint|p2a: expired mango
|
|-weather|DesolateLand|[upkeep]
|upkeep
|
|t:|1665476863
|switch|p2a: baby shark|Garchomp, F|100/100
|-damage|p2a: baby shark|94/100|[from] Stealth Rock
|turn|15
|
|t:|1665476871
|move|p2a: baby shark|Earthquake|p1a: 我会飞啦（我带的气球）
|-supereffective|p1a: 我会飞啦（我带的气球）
|-damage|p1a: 我会飞啦（我带的气球）|38/100
|move|p1a: 我会飞啦（我带的气球）|Precipice Blades|p2a: baby shark
|-damage|p2a: baby shark|24/100
|
|-weather|DesolateLand|[upkeep]
|upkeep
|turn|16
|
|t:|1665476878
|-weather|none
|switch|p1a: 大哥（大爹）|Ho-Oh, shiny|100/100
|move|p2a: baby shark|Earthquake|p1a: 大哥（大爹）
|-immune|p1a: 大哥（大爹）
|
|upkeep
|turn|17
|
|t:|1665476886
|move|p2a: baby shark|Rock Slide|p1a: 大哥（大爹）
|-supereffective|p1a: 大哥（大爹）
|-damage|p1a: 大哥（大爹）|37/100
|move|p1a: 大哥（大爹）|Sacred Fire|p2a: baby shark
|-resisted|p2a: baby shark
|-crit|p2a: baby shark
|-damage|p2a: baby shark|0 fnt
|faint|p2a: baby shark
|
|upkeep
|
|t:|1665476896
|switch|p2a: i need a mega|Weavile, F|100/100
|-damage|p2a: i need a mega|76/100|[from] Stealth Rock
|-ability|p2a: i need a mega|Pressure
|turn|18
|
|t:|1665476904
|move|p2a: i need a mega|Fake Out|p1a: 大哥（大爹）
|-crit|p1a: 大哥（大爹）
|-damage|p1a: 大哥（大爹）|24/100
|cant|p1a: 大哥（大爹）|flinch
|
|upkeep
|turn|19
|
|t:|1665476911
|move|p2a: i need a mega|Knock Off|p1a: 大哥（大爹）
|-crit|p1a: 大哥（大爹）
|-damage|p1a: 大哥（大爹）|0 fnt
|-enditem|p1a: 大哥（大爹）|Heavy-Duty Boots|[from] move: Knock Off|[of] p2a: i need a mega
|faint|p1a: 大哥（大爹）
|
|upkeep
|
|t:|1665476917
|switch|p1a: 求你强化行不行|Marshadow|100/100
|turn|20
|
|t:|1665476927
|move|p1a: 求你强化行不行|Close Combat|p2a: i need a mega
|-supereffective|p2a: i need a mega
|-damage|p2a: i need a mega|0 fnt
|-unboost|p1a: 求你强化行不行|def|1
|-unboost|p1a: 求你强化行不行|spd|1
|faint|p2a: i need a mega
|
|upkeep
|c|☆friskyflapple|brrrrruh
|c|☆friskyflapple|speed ties...
|
|t:|1665476945
|switch|p2a: flying chicken|Togekiss, M|100/100
|-damage|p2a: flying chicken|76/100|[from] Stealth Rock
|turn|21
|
|t:|1665476970
|move|p1a: 求你强化行不行|Rock Tomb|p2a: flying chicken
|-supereffective|p2a: flying chicken
|-damage|p2a: flying chicken|0 fnt
|faint|p2a: flying chicken
|
|upkeep
|
|t:|1665476976
|switch|p2a: no sucker punch?|Metagross|100/100
|-damage|p2a: no sucker punch?|95/100|[from] Stealth Rock
|turn|22
|c|☆friskyflapple|gg wp
|
|t:|1665476983
|detailschange|p2a: no sucker punch?|Metagross-Mega
|-mega|p2a: no sucker punch?|Metagross|Metagrossite
|move|p1a: 求你强化行不行|Shadow Sneak|p2a: no sucker punch?
|-supereffective|p2a: no sucker punch?
|-damage|p2a: no sucker punch?|49/100
|move|p2a: no sucker punch?|Zen Headbutt|p1a: 求你强化行不行
|-supereffective|p1a: 求你强化行不行
|-enditem|p1a: 求你强化行不行|Focus Sash
|-damage|p1a: 求你强化行不行|1/100
|
|upkeep
|turn|23
|c|☆xianxin520|thank
|
|t:|1665476996
|move|p1a: 求你强化行不行|Close Combat|p2a: no sucker punch?
|-damage|p2a: no sucker punch?|4/100
|-unboost|p1a: 求你强化行不行|def|1
|-unboost|p1a: 求你强化行不行|spd|1
|move|p2a: no sucker punch?|Thunder Punch|p1a: 求你强化行不行
|-damage|p1a: 求你强化行不行|0 fnt
|faint|p1a: 求你强化行不行
|
|upkeep
|
|t:|1665477002
|switch|p1a: 被暴飞龙暴打|Rayquaza|100/100
|-ability|p1a: 被暴飞龙暴打|Air Lock
|turn|24
|
|t:|1665477013
|-start|p1a: 被暴飞龙暴打|Dynamax|
|-heal|p1a: 被暴飞龙暴打|100/100|[silent]
|move|p2a: no sucker punch?|Zen Headbutt|p1a: 被暴飞龙暴打
|-damage|p1a: 被暴飞龙暴打|69/100
|move|p1a: 被暴飞龙暴打|Max Airstream|p2a: no sucker punch?
|-resisted|p2a: no sucker punch?
|-damage|p2a: no sucker punch?|0 fnt
|-boost|p1a: 被暴飞龙暴打|spe|1
|faint|p2a: no sucker punch?
|-damage|p1a: 被暴飞龙暴打|64/100|[from] item: Life Orb
|
|upkeep
|
|t:|1665477026
|switch|p2a: bruh go to sleep|Breloom, F|100/100
|-damage|p2a: bruh go to sleep|94/100|[from] Stealth Rock
|turn|25
|
|t:|1665477032
|move|p1a: 被暴飞龙暴打|Max Quake|p2a: bruh go to sleep
|-resisted|p2a: bruh go to sleep
|-damage|p2a: bruh go to sleep|30/100
|-boost|p1a: 被暴飞龙暴打|spd|1
|-damage|p1a: 被暴飞龙暴打|59/100|[from] item: Life Orb
|move|p2a: bruh go to sleep|Spore|p1a: 被暴飞龙暴打
|-status|p1a: 被暴飞龙暴打|slp|[from] move: Spore
|
|-status|p2a: bruh go to sleep|tox|[from] item: Toxic Orb
|upkeep
|turn|26
|
|t:|1665477042
|cant|p1a: 被暴飞龙暴打|slp
|move|p2a: bruh go to sleep|Substitute|p2a: bruh go to sleep
|-start|p2a: bruh go to sleep|Substitute
|-damage|p2a: bruh go to sleep|5/100 tox
|
|-heal|p2a: bruh go to sleep|17/100 tox|[from] ability: Poison Heal
|upkeep
|-end|p1a: 被暴飞龙暴打|Dynamax
|-heal|p1a: 被暴飞龙暴打|60/100 slp|[silent]
|turn|27
|
|t:|1665477053
|cant|p1a: 被暴飞龙暴打|slp
|move|p2a: bruh go to sleep|Leech Seed|p1a: 被暴飞龙暴打
|-start|p1a: 被暴飞龙暴打|move: Leech Seed
|
|-damage|p1a: 被暴飞龙暴打|47/100 slp|[from] Leech Seed|[of] p2a: bruh go to sleep
|-heal|p2a: bruh go to sleep|34/100 tox|[silent]
|-heal|p2a: bruh go to sleep|46/100 tox|[from] ability: Poison Heal
|upkeep
|turn|28
|
|t:|1665477060
|-curestatus|p1a: 被暴飞龙暴打|slp|[msg]
|move|p1a: 被暴飞龙暴打|Draco Meteor|p2a: bruh go to sleep
|-end|p2a: bruh go to sleep|Substitute
|-unboost|p1a: 被暴飞龙暴打|spa|2
|-damage|p1a: 被暴飞龙暴打|37/100|[from] item: Life Orb
|move|p2a: bruh go to sleep|Spore|p1a: 被暴飞龙暴打
|-status|p1a: 被暴飞龙暴打|slp|[from] move: Spore
|
|-damage|p1a: 被暴飞龙暴打|25/100 slp|[from] Leech Seed|[of] p2a: bruh go to sleep
|-heal|p2a: bruh go to sleep|63/100 tox|[silent]
|-heal|p2a: bruh go to sleep|76/100 tox|[from] ability: Poison Heal
|upkeep
|turn|29
|
|t:|1665477073
|cant|p1a: 被暴飞龙暴打|slp
|move|p2a: bruh go to sleep|Substitute|p2a: bruh go to sleep
|-start|p2a: bruh go to sleep|Substitute
|-damage|p2a: bruh go to sleep|51/100 tox
|
|-damage|p1a: 被暴飞龙暴打|12/100 slp|[from] Leech Seed|[of] p2a: bruh go to sleep
|-heal|p2a: bruh go to sleep|68/100 tox|[silent]
|-heal|p2a: bruh go to sleep|80/100 tox|[from] ability: Poison Heal
|upkeep
|turn|30
|
|t:|1665477081
|cant|p1a: 被暴飞龙暴打|slp
|move|p2a: bruh go to sleep|Spore|p1a: 被暴飞龙暴打
|-fail|p1a: 被暴飞龙暴打|slp
|
|-damage|p1a: 被暴飞龙暴打|0 fnt|[from] Leech Seed|[of] p2a: bruh go to sleep
|-heal|p2a: bruh go to sleep|96/100 tox|[silent]
|faint|p1a: 被暴飞龙暴打
|-heal|p2a: bruh go to sleep|100/100 tox|[from] ability: Poison Heal
|upkeep
|
|t:|1665477084
|switch|p1a: 上苍响哦|Ditto, shiny|100/100
|turn|31
|
|t:|1665477092
|-singleturn|p2a: bruh go to sleep|move: Focus Punch
|move|p1a: 上苍响哦|Transform||[still]
|-fail|p1a: 上苍响哦
|move|p2a: bruh go to sleep|Focus Punch|p1a: 上苍响哦
|-supereffective|p1a: 上苍响哦
|-damage|p1a: 上苍响哦|0 fnt
|faint|p1a: 上苍响哦
|
|upkeep
|
|t:|1665477097
|switch|p1a: 我会飞啦（我带的气球）|Groudon-Primal, shiny|38/100
|-weather|DesolateLand|[from] ability: Desolate Land|[of] p1a: 我会飞啦（我带的气球）
|turn|32
|
|t:|1665477103
|-singleturn|p2a: bruh go to sleep|move: Focus Punch
|move|p1a: 我会飞啦（我带的气球）|Heat Crash|p2a: bruh go to sleep
|-supereffective|p2a: bruh go to sleep
|-end|p2a: bruh go to sleep|Substitute
|move|p2a: bruh go to sleep|Focus Punch|p1a: 我会飞啦（我带的气球）
|-damage|p1a: 我会飞啦（我带的气球）|0 fnt
|faint|p1a: 我会飞啦（我带的气球）
|-weather|none
|
|win|friskyflapple
|raw|xianxin520's rating: 1189 &rarr; <strong>1159</strong><br />(-30 for losing)
|raw|friskyflapple's rating: 1125 &rarr; <strong>1155</strong><br />(+30 for winning)
|c|☆friskyflapple|gg
|n|!xianxin520|xianxin520
|c|☆friskyflapple|wp
