|j|☆Why I hear boss
|j|☆v87
|t:|1658927545
|gametype|singles
|player|p1|Why I hear boss|lass-gen4|1809
|player|p2|v87|102|1898
|teamsize|p1|6
|teamsize|p2|6
|gen|8
|tier|[Gen 8] National Dex AG
|rated|
|rule|HP Percentage Mod: HP is shown in percentages
|rule|Endless Battle Clause: Forcing endless battles is banned
|clearpoke
|poke|p1|Zygarde|
|poke|p1|Xerneas-*|
|poke|p1|Necrozma-Dusk-Mane|
|poke|p1|Chansey, F|
|poke|p1|Zacian-*|
|poke|p1|Calyrex-Shadow|
|poke|p2|Zacian-*|
|poke|p2|Yveltal|
|poke|p2|Rayquaza|
|poke|p2|Groudon|
|poke|p2|Kyogre|
|poke|p2|Tornadus, M|
|teampreview
|inactive|Battle timer is ON: inactive players will automatically lose when time's up. (requested by Why I hear boss)
|
|t:|1658927565
|start
|switch|p1a: Zacian|Zacian-Crowned|100/100
|switch|p2a: Groudon|Groudon|100/100
|-ability|p1a: Zacian|Intrepid Sword|boost
|-boost|p1a: Zacian|atk|1
|detailschange|p2a: Groudon|Groudon-Primal
|-primal|p2a: Groudon
|-weather|DesolateLand|[from] ability: Desolate Land|[of] p2a: Groudon
|turn|1
|inactive|Why I hear boss has 120 seconds left.
|
|t:|1658927595
|move|p1a: Zacian|Substitute|p1a: Zacian
|-start|p1a: Zacian|Substitute
|-damage|p1a: Zacian|76/100
|move|p2a: Groudon|Stealth Rock|p1a: Zacian
|-sidestart|p1: Why I hear boss|move: Stealth Rock
|
|-weather|DesolateLand|[upkeep]
|upkeep
|turn|2
|
|t:|1658927601
|move|p1a: Zacian|Close Combat|p2a: Groudon
|-damage|p2a: Groudon|61/100
|-unboost|p1a: Zacian|def|1
|-unboost|p1a: Zacian|spd|1
|move|p2a: Groudon|Earthquake|p1a: Zacian
|-supereffective|p1a: Zacian
|-end|p1a: Zacian|Substitute
|
|-weather|DesolateLand|[upkeep]
|upkeep
|turn|3
|
|t:|1658927617
|switch|p1a: Zygarde|Zygarde|100/100
|-damage|p1a: Zygarde|94/100|[from] Stealth Rock
|move|p2a: Groudon|Earthquake|p1a: Zygarde
|-damage|p1a: Zygarde|64/100
|
|-weather|DesolateLand|[upkeep]
|upkeep
|turn|4
|
|t:|1658927624
|-weather|none
|switch|p2a: Rayquaza|Rayquaza|100/100
|-ability|p2a: Rayquaza|Air Lock
|move|p1a: Zygarde|Glare|p2a: Rayquaza
|-status|p2a: Rayquaza|par
|-enditem|p2a: Rayquaza|Lum Berry|[eat]
|-curestatus|p2a: Rayquaza|par|[msg]
|
|upkeep
|turn|5
|
|t:|1658927633
|detailschange|p2a: Rayquaza|Rayquaza-Mega
|-mega|p2a: Rayquaza|Rayquaza|
|-weather|DeltaStream|[from] ability: Delta Stream|[of] p2a: Rayquaza
|move|p2a: Rayquaza|Scale Shot|p1a: Zygarde
|-supereffective|p1a: Zygarde
|-damage|p1a: Zygarde|44/100
|-supereffective|p1a: Zygarde
|-damage|p1a: Zygarde|23/100
|-supereffective|p1a: Zygarde
|-damage|p1a: Zygarde|3/100
|-supereffective|p1a: Zygarde
|-damage|p1a: Zygarde|0 fnt
|faint|p1a: Zygarde
|-hitcount|p1: Zygarde|4
|-unboost|p2a: Rayquaza|def|1
|-boost|p2a: Rayquaza|spe|1
|
|-weather|DeltaStream|[upkeep]
|upkeep
|
|t:|1658927647
|switch|p1a: Necrozma|Necrozma-Dusk-Mane|100/100
|-damage|p1a: Necrozma|94/100|[from] Stealth Rock
|turn|6
|
|t:|1658927655
|move|p2a: Rayquaza|V-create|p1a: Necrozma
|-supereffective|p1a: Necrozma
|-damage|p1a: Necrozma|24/100
|-unboost|p2a: Rayquaza|spe|1
|-unboost|p2a: Rayquaza|def|1
|-unboost|p2a: Rayquaza|spd|1
|-damage|p2a: Rayquaza|84/100|[from] item: Rocky Helmet|[of] p1a: Necrozma
|move|p1a: Necrozma|Stealth Rock|p2a: Rayquaza
|-sidestart|p2: v87|move: Stealth Rock
|
|-weather|DeltaStream|[upkeep]
|upkeep
|turn|7
|
|t:|1658927672
|move|p2a: Rayquaza|V-create|p1a: Necrozma
|-supereffective|p1a: Necrozma
|-damage|p1a: Necrozma|0 fnt
|-unboost|p2a: Rayquaza|spe|1
|-unboost|p2a: Rayquaza|def|1
|-unboost|p2a: Rayquaza|spd|1
|-damage|p2a: Rayquaza|67/100|[from] item: Rocky Helmet|[of] p1a: Necrozma
|faint|p1a: Necrozma
|
|-weather|DeltaStream|[upkeep]
|upkeep
|
|t:|1658927679
|switch|p1a: Calyrex|Calyrex-Shadow|100/100
|-ability|p1a: Calyrex|As One
|-ability|p1a: Calyrex|Unnerve
|-damage|p1a: Calyrex|88/100|[from] Stealth Rock
|turn|8
|
|t:|1658927707
|move|p1a: Calyrex|Draining Kiss|p2a: Rayquaza
|-supereffective|p2a: Rayquaza
|-damage|p2a: Rayquaza|0 fnt
|-heal|p1a: Calyrex|100/100|[from] drain|[of] p2a: Rayquaza
|faint|p2a: Rayquaza
|-weather|none
|-ability|p1a: Calyrex|Grim Neigh|boost
|-boost|p1a: Calyrex|spa|1
|-damage|p1a: Calyrex|91/100|[from] item: Life Orb
|
|upkeep
|
|t:|1658927715
|switch|p2a: Yveltal|Yveltal|100/100
|-damage|p2a: Yveltal|76/100|[from] Stealth Rock
|-ability|p2a: Yveltal|Dark Aura
|turn|9
|
|t:|1658927722
|-start|p2a: Yveltal|Dynamax|
|-heal|p2a: Yveltal|76/100|[silent]
|move|p1a: Calyrex|Substitute|p1a: Calyrex
|-start|p1a: Calyrex|Substitute
|-damage|p1a: Calyrex|66/100
|move|p2a: Yveltal|Max Airstream|p1a: Calyrex
|-end|p1a: Calyrex|Substitute
|-boost|p2a: Yveltal|spe|1
|-damage|p2a: Yveltal|71/100|[from] item: Life Orb
|
|upkeep
|turn|10
|
|t:|1658927743
|switch|p1a: Chansey|Chansey, F|100/100
|-damage|p1a: Chansey|88/100|[from] Stealth Rock
|move|p2a: Yveltal|Max Airstream|p1a: Chansey
|-damage|p1a: Chansey|21/100
|-boost|p2a: Yveltal|spe|1
|-damage|p2a: Yveltal|66/100|[from] item: Life Orb
|
|upkeep
|turn|11
|
|t:|1658927755
|move|p2a: Yveltal|Max Airstream|p1a: Chansey
|-damage|p1a: Chansey|0 fnt
|-boost|p2a: Yveltal|spe|1
|faint|p1a: Chansey
|-damage|p2a: Yveltal|61/100|[from] item: Life Orb
|
|upkeep
|
|t:|1658927757
|switch|p1a: Xerneas|Xerneas|100/100
|-damage|p1a: Xerneas|88/100|[from] Stealth Rock
|-ability|p1a: Xerneas|Fairy Aura
|-end|p2a: Yveltal|Dynamax
|-heal|p2a: Yveltal|61/100|[silent]
|turn|12
|inactive|v87 has 120 seconds left.
|
|t:|1658927778
|move|p2a: Yveltal|Dual Wingbeat|p1a: Xerneas
|-damage|p1a: Xerneas|61/100
|-damage|p1a: Xerneas|36/100
|-hitcount|p1a: Xerneas|2
|-damage|p2a: Yveltal|51/100|[from] item: Life Orb
|move|p1a: Xerneas|Moonblast|p2a: Yveltal
|-supereffective|p2a: Yveltal
|-damage|p2a: Yveltal|0 fnt
|faint|p2a: Yveltal
|
|upkeep
|inactive|v87 has 120 seconds left.
|
|t:|1658927792
|switch|p2a: Zacian|Zacian-Crowned|100/100
|-damage|p2a: Zacian|94/100|[from] Stealth Rock
|-ability|p2a: Zacian|Intrepid Sword|boost
|-boost|p2a: Zacian|atk|1
|turn|13
|inactive|v87 has 120 seconds left.
|
|t:|1658927801
|switch|p1a: Zacian|Zacian-Crowned|76/100
|-damage|p1a: Zacian|70/100|[from] Stealth Rock
|-ability|p1a: Zacian|Intrepid Sword|boost
|-boost|p1a: Zacian|atk|1
|move|p2a: Zacian|Behemoth Blade|p1a: Zacian
|-damage|p1a: Zacian|0 fnt
|faint|p1a: Zacian
|
|upkeep
|
|t:|1658927804
|switch|p1a: Calyrex|Calyrex-Shadow|66/100
|-ability|p1a: Calyrex|As One
|-ability|p1a: Calyrex|Unnerve
|-damage|p1a: Calyrex|53/100|[from] Stealth Rock
|turn|14
|inactive|v87 has 120 seconds left.
|
|t:|1658927833
|-start|p1a: Calyrex|Dynamax|
|-heal|p1a: Calyrex|53/100|[silent]
|move|p1a: Calyrex|Max Phantasm|p2a: Zacian
|-damage|p2a: Zacian|0 fnt
|faint|p2a: Zacian
|-ability|p1a: Calyrex|Grim Neigh|boost
|-boost|p1a: Calyrex|spa|1
|-damage|p1a: Calyrex|48/100|[from] item: Life Orb
|
|upkeep
|
|t:|1658927847
|switch|p2a: Tornadus|Tornadus, M|100/100
|-damage|p2a: Tornadus|76/100|[from] Stealth Rock
|turn|15
|
|t:|1658927853
|move|p2a: Tornadus|Tailwind|p2a: Tornadus
|-sidestart|p2: v87|move: Tailwind
|move|p1a: Calyrex|Max Starfall|p2a: Tornadus
|-crit|p2a: Tornadus
|-damage|p2a: Tornadus|0 fnt
|-fieldstart|move: Misty Terrain
|faint|p2a: Tornadus
|-ability|p1a: Calyrex|Grim Neigh|boost
|-boost|p1a: Calyrex|spa|1
|-damage|p1a: Calyrex|43/100|[from] item: Life Orb
|
|upkeep
|inactive|v87 has 120 seconds left.
|
|t:|1658927862
|switch|p2a: Kyogre|Kyogre|100/100
|-damage|p2a: Kyogre|88/100|[from] Stealth Rock
|-weather|RainDance|[from] ability: Drizzle|[of] p2a: Kyogre
|turn|16
|
|t:|1658927867
|move|p1a: Calyrex|Max Guard|p1a: Calyrex
|-singleturn|p1a: Calyrex|Max Guard
|move|p2a: Kyogre|Water Spout|p1a: Calyrex
|-activate|p1a: Calyrex|move: Max Guard
|
|-weather|RainDance|[upkeep]
|upkeep
|-end|p1a: Calyrex|Dynamax
|-heal|p1a: Calyrex|43/100|[silent]
|turn|17
|c|☆Why I hear boss|gg
|
|t:|1658927876
|move|p2a: Kyogre|Water Spout|p1a: Calyrex
|-damage|p1a: Calyrex|0 fnt
|faint|p1a: Calyrex
|
|-weather|RainDance|[upkeep]
|upkeep
|
|t:|1658927879
|switch|p1a: Xerneas|Xerneas|36/100
|-damage|p1a: Xerneas|24/100|[from] Stealth Rock
|-ability|p1a: Xerneas|Fairy Aura
|turn|18
|c|☆v87|gg
|
|t:|1658927885
|move|p2a: Kyogre|Water Spout|p1a: Xerneas
|-damage|p1a: Xerneas|0 fnt
|faint|p1a: Xerneas
|
|win|v87
|raw|Why I hear boss's rating: 1818 &rarr; <strong>1803</strong><br />(-15 for losing)
|raw|v87's rating: 1898 &rarr; <strong>1913</strong><br />(+15 for winning)
|l|☆Why I hear boss
||Ladder isn't responding, score probably updated but might not have (Request timeout).
