|j|☆God in A Tomato
|j|☆DJ Phoenix da Poet
|t:|1667789876
|gametype|singles
|player|p1|God in A Tomato|marley|1648
|player|p2|DJ Phoenix da Poet|hilbert|1682
|teamsize|p1|6
|teamsize|p2|6
|gen|8
|tier|[Gen 8] National Dex AG
|rated|
|rule|HP Percentage Mod: HP is shown in percentages
|rule|Endless Battle Clause: Forcing endless battles is banned
|clearpoke
|poke|p1|Arceus-*|
|poke|p1|Arceus-*|
|poke|p1|Rayquaza|
|poke|p1|Zygarde|
|poke|p1|Necrozma-Dusk-Mane|
|poke|p1|Arceus-*|
|poke|p2|Groudon|
|poke|p2|Yveltal|
|poke|p2|Calyrex-Shadow|
|poke|p2|Necrozma-Dusk-Mane|
|poke|p2|Ditto|
|poke|p2|Zacian-*|
|teampreview
|
|t:|1667789899
|start
|switch|p1a: Arceus|Arceus-Ghost|100/100
|switch|p2a: Yveltal|Yveltal|100/100
|-ability|p2a: Yveltal|Dark Aura
|turn|1
|
|t:|1667789904
|move|p1a: Arceus|Stealth Rock|p2a: Yveltal
|-sidestart|p2: DJ Phoenix da Poet|move: Stealth Rock
|move|p2a: Yveltal|Dark Pulse|p1a: Arceus
|-supereffective|p1a: Arceus
|-damage|p1a: Arceus|0 fnt
|faint|p1a: Arceus
|-damage|p2a: Yveltal|91/100|[from] item: Life Orb
|
|upkeep
|
|t:|1667789918
|switch|p1a: Arceus|Arceus-Flying|100/100
|turn|2
|
|t:|1667789922
|move|p1a: Arceus|Calm Mind|p1a: Arceus
|-boost|p1a: Arceus|spa|1
|-boost|p1a: Arceus|spd|1
|move|p2a: Yveltal|Defog|p1a: Arceus
|-unboost|p1a: Arceus|evasion|1
|-sideend|p2: DJ Phoenix da Poet|Stealth Rock|[from] move: Defog|[of] p2a: Yveltal
|
|upkeep
|turn|3
|
|t:|1667789925
|move|p1a: Arceus|Calm Mind|p1a: Arceus
|-boost|p1a: Arceus|spa|1
|-boost|p1a: Arceus|spd|1
|move|p2a: Yveltal|Taunt|p1a: Arceus
|-start|p1a: Arceus|move: Taunt
|
|upkeep
|turn|4
|
|t:|1667789930
|-start|p1a: Arceus|Dynamax|
|-heal|p1a: Arceus|100/100|[silent]
|move|p1a: Arceus|Max Airstream|p2a: Yveltal
|-crit|p2a: Yveltal
|-damage|p2a: Yveltal|0 fnt
|-boost|p1a: Arceus|spe|1
|faint|p2a: Yveltal
|
|upkeep
|
|t:|1667789935
|switch|p2a: Groudon|Groudon|100/100
|detailschange|p2a: Groudon|Groudon-Primal
|-primal|p2a: Groudon
|-weather|DesolateLand|[from] ability: Desolate Land|[of] p2a: Groudon
|turn|5
|
|t:|1667789938
|move|p1a: Arceus|Max Airstream|p2a: Groudon
|-damage|p2a: Groudon|0 fnt
|-boost|p1a: Arceus|spe|1
|faint|p2a: Groudon
|-weather|none
|
|upkeep
|
|t:|1667789940
|switch|p2a: Necrozma|Necrozma-Dusk-Mane|100/100
|turn|6
|
|t:|1667789942
|move|p1a: Arceus|Max Airstream|p2a: Necrozma
|-resisted|p2a: Necrozma
|-damage|p2a: Necrozma|54/100
|-boost|p1a: Arceus|spe|1
|move|p2a: Necrozma|Thunder Wave|p1a: Arceus
|-status|p1a: Arceus|par
|
|-end|p1a: Arceus|move: Taunt
|upkeep
|-end|p1a: Arceus|Dynamax
|-heal|p1a: Arceus|100/100 par|[silent]
|turn|7
|
|t:|1667789946
|move|p1a: Arceus|Refresh|p1a: Arceus
|-curestatus|p1a: Arceus|par|[msg]
|move|p2a: Necrozma|Morning Sun|p2a: Necrozma
|-heal|p2a: Necrozma|100/100
|
|upkeep
|turn|8
|
|t:|1667789948
|move|p1a: Arceus|Calm Mind|p1a: Arceus
|-boost|p1a: Arceus|spa|1
|-boost|p1a: Arceus|spd|1
|move|p2a: Necrozma|Thunder Wave|p1a: Arceus
|-status|p1a: Arceus|par
|
|upkeep
|turn|9
|
|t:|1667789951
|switch|p2a: Zacian|Zacian-Crowned|100/100
|-ability|p2a: Zacian|Intrepid Sword|boost
|-boost|p2a: Zacian|atk|1
|move|p1a: Arceus|Refresh|p1a: Arceus
|-curestatus|p1a: Arceus|par|[msg]
|
|upkeep
|turn|10
|
|t:|1667789953
|move|p1a: Arceus|Judgment|p2a: Zacian
|-resisted|p2a: Zacian
|-damage|p2a: Zacian|43/100
|move|p2a: Zacian|Wild Charge|p1a: Arceus
|-supereffective|p1a: Arceus
|-damage|p1a: Arceus|22/100
|-damage|p2a: Zacian|17/100|[from] Recoil
|
|upkeep
|turn|11
|
|t:|1667789964
|move|p1a: Arceus|Judgment|p2a: Zacian
|-resisted|p2a: Zacian
|-damage|p2a: Zacian|0 fnt
|faint|p2a: Zacian
|
|upkeep
|
|t:|1667789966
|switch|p2a: Ditto|Ditto|100/100
|-transform|p2a: Ditto|p1a: Arceus|[from] ability: Imposter
|turn|12
|
|t:|1667789969
|move|p2a: Ditto|Judgment|p1a: Arceus
|-damage|p1a: Arceus|3/100
|move|p1a: Arceus|Recover|p1a: Arceus
|-heal|p1a: Arceus|53/100
|
|upkeep
|turn|13
|l|☆DJ Phoenix da Poet
|player|p2|
|j|☆DJ Phoenix da Poet
|player|p2|DJ Phoenix da Poet|hilbert
|
|t:|1667790008
|move|p2a: Ditto|Judgment|p1a: Arceus
|-damage|p1a: Arceus|34/100
|move|p1a: Arceus|Recover|p1a: Arceus
|-heal|p1a: Arceus|84/100
|
|upkeep
|turn|14
|inactive|Battle timer is ON: inactive players will automatically lose when time's up. (requested by God in A Tomato)
|
|t:|1667790015
|switch|p2a: Necrozma|Necrozma-Dusk-Mane|100/100
|move|p1a: Arceus|Judgment|p2a: Necrozma
|-resisted|p2a: Necrozma
|-damage|p2a: Necrozma|49/100
|
|upkeep
|turn|15
|
|t:|1667790018
|move|p1a: Arceus|Judgment|p2a: Necrozma
|-resisted|p2a: Necrozma
|-damage|p2a: Necrozma|0 fnt
|faint|p2a: Necrozma
|
|upkeep
|
|t:|1667790021
|switch|p2a: Calyrex|Calyrex-Shadow|100/100
|-ability|p2a: Calyrex|As One
|-ability|p2a: Calyrex|Unnerve
|turn|16
|
|t:|1667790028
|move|p1a: Arceus|Judgment|p2a: Calyrex
|-enditem|p2a: Calyrex|Focus Sash
|-damage|p2a: Calyrex|1/100
|move|p2a: Calyrex|Astral Barrage|p1a: Arceus
|-damage|p1a: Arceus|65/100
|
|upkeep
|turn|17
|
|t:|1667790033
|move|p1a: Arceus|Judgment|p2a: Calyrex
|-damage|p2a: Calyrex|0 fnt
|faint|p2a: Calyrex
|
|upkeep
|
|t:|1667790034
|switch|p2a: Ditto|Ditto|100/100
|-transform|p2a: Ditto|p1a: Arceus|[from] ability: Imposter
|turn|18
|
|t:|1667790038
|-start|p2a: Ditto|Dynamax|
|-heal|p2a: Ditto|100/100|[silent]
|move|p1a: Arceus|Recover|p1a: Arceus
|-heal|p1a: Arceus|100/100
|move|p2a: Ditto|Max Strike|p1a: Arceus
|-damage|p1a: Arceus|77/100
|-unboost|p1a: Arceus|spe|1
|
|upkeep
|turn|19
|
|t:|1667790045
|move|p2a: Ditto|Max Strike|p1a: Arceus
|-damage|p1a: Arceus|54/100
|-unboost|p1a: Arceus|spe|1
|move|p1a: Arceus|Recover|p1a: Arceus
|-heal|p1a: Arceus|100/100
|
|upkeep
|turn|20
|
|t:|1667790047
|move|p2a: Ditto|Max Strike|p1a: Arceus
|-crit|p1a: Arceus
|-damage|p1a: Arceus|19/100
|-unboost|p1a: Arceus|spe|1
|move|p1a: Arceus|Recover|p1a: Arceus
|-heal|p1a: Arceus|69/100
|
|upkeep
|-end|p2a: Ditto|Dynamax
|-heal|p2a: Ditto|100/100|[silent]
|turn|21
|-message|DJ Phoenix da Poet forfeited.
|
|win|God in A Tomato
|raw|God in A Tomato's rating: 1648 &rarr; <strong>1670</strong><br />(+22 for winning)
|raw|DJ Phoenix da Poet's rating: 1682 &rarr; <strong>1660</strong><br />(-22 for losing)
|c|☆DJ Phoenix da Poet|LOL
|c|☆DJ Phoenix da Poet|what
|l|☆DJ Phoenix da Poet
||Ladder isn't responding, score probably updated but might not have (Request timeout).
