|j|☆Kyutarou
|j|☆VsP 2969
|t:|1655705648
|gametype|singles
|player|p1|Kyutarou|1|1423
|player|p2|VsP 2969|169|1536
|teamsize|p1|6
|teamsize|p2|6
|gen|8
|tier|[Gen 8] National Dex AG
|rated|
|rule|HP Percentage Mod: HP is shown in percentages
|rule|Endless Battle Clause: Forcing endless battles is banned
|clearpoke
|poke|p1|Ho-Oh|
|poke|p1|Zacian-*|
|poke|p1|Infernape, M|
|poke|p1|Blissey, F|
|poke|p1|Mewtwo|
|poke|p1|Giratina|
|poke|p2|Deoxys-Speed|
|poke|p2|Deoxys-Speed|
|poke|p2|Eternatus|
|poke|p2|Xerneas-*|
|poke|p2|Necrozma-Dusk-Mane|
|poke|p2|Rayquaza|
|teampreview
|inactive|Battle timer is ON: inactive players will automatically lose when time's up. (requested by Kyutarou)
|
|t:|1655705656
|start
|switch|p1a: Isidro|Infernape, M|100/100
|switch|p2a: Deoxys|Deoxys-Speed|100/100
|-ability|p2a: Deoxys|Pressure
|turn|1
|
|t:|1655705665
|move|p1a: Isidro|Fake Out|p2a: Deoxys
|-crit|p2a: Deoxys
|-damage|p2a: Deoxys|78/100
|cant|p2a: Deoxys|flinch
|
|upkeep
|turn|2
|
|t:|1655705674
|switch|p1a: Farnese|Blissey, F, shiny|100/100
|move|p2a: Deoxys|Stealth Rock|p1a: Farnese
|-sidestart|p1: Kyutarou|move: Stealth Rock
|
|upkeep
|turn|3
|j| SIN • Avarice
|
|t:|1655705689
|move|p2a: Deoxys|Taunt|p1a: Farnese
|-start|p1a: Farnese|move: Taunt
|cant|p1a: Farnese|move: Taunt|Toxic
|
|upkeep
|turn|4
|
|t:|1655705695
|switch|p2a: Deoxys|Deoxys-Speed|100/100
|-ability|p2a: Deoxys|Pressure
|switch|p1a: Nosferatu|Giratina, shiny|100/100
|-damage|p1a: Nosferatu|88/100|[from] Stealth Rock
|-ability|p1a: Nosferatu|Pressure
|
|-heal|p1a: Nosferatu|94/100|[from] item: Leftovers
|upkeep
|turn|5
|
|t:|1655705708
|move|p2a: Deoxys|Light Screen|p2a: Deoxys
|-sidestart|p2: VsP 2969|move: Light Screen
|move|p1a: Nosferatu|Dragon Tail|p2a: Deoxys
|-damage|p2a: Deoxys|75/100
|drag|p2a: Necrozma|Necrozma-Dusk-Mane|100/100
|
|-heal|p1a: Nosferatu|99/100|[from] item: Leftovers
|upkeep
|turn|6
|
|t:|1655705721
|switch|p2a: Deoxys|Deoxys-Speed|75/100
|-ability|p2a: Deoxys|Pressure
|move|p1a: Nosferatu|Defog|p2a: Deoxys
|-unboost|p2a: Deoxys|evasion|1
|-sideend|p2: VsP 2969|move: Light Screen
|-sideend|p1: Kyutarou|Stealth Rock|[from] move: Defog|[of] p1a: Nosferatu
|
|-heal|p1a: Nosferatu|100/100|[from] item: Leftovers
|upkeep
|turn|7
|
|t:|1655705732
|move|p2a: Deoxys|Taunt|p1a: Nosferatu
|-start|p1a: Nosferatu|move: Taunt
|move|p1a: Nosferatu|Dragon Tail|p2a: Deoxys
|-damage|p2a: Deoxys|47/100
|drag|p2a: Xerneas|Xerneas|100/100
|-ability|p2a: Xerneas|Fairy Aura
|
|upkeep
|turn|8
|
|t:|1655705746
|switch|p1a: Griffith|Ho-Oh, shiny|100/100
|move|p2a: Xerneas|Geomancy||[still]
|-prepare|p2a: Xerneas|Geomancy
|-enditem|p2a: Xerneas|Power Herb
|-anim|p2a: Xerneas|Geomancy|p2a: Xerneas
|-boost|p2a: Xerneas|spa|2
|-boost|p2a: Xerneas|spd|2
|-boost|p2a: Xerneas|spe|2
|
|upkeep
|turn|9
|
|t:|1655705776
|-start|p2a: Xerneas|Dynamax|
|-heal|p2a: Xerneas|100/100|[silent]
|move|p2a: Xerneas|Max Starfall|p1a: Griffith
|-resisted|p1a: Griffith
|-crit|p1a: Griffith
|-damage|p1a: Griffith|23/100
|-fieldstart|move: Misty Terrain
|move|p1a: Griffith|Sacred Fire|p2a: Xerneas
|-damage|p2a: Xerneas|80/100
|
|-heal|p1a: Griffith|30/100|[from] item: Leftovers
|upkeep
|turn|10
|
|t:|1655705791
|switch|p1a: Farnese|Blissey, F, shiny|100/100
|move|p2a: Xerneas|Max Lightning|p1a: Farnese
|-damage|p1a: Farnese|70/100
|-fieldstart|move: Electric Terrain
|
|-heal|p1a: Farnese|77/100|[from] item: Leftovers
|upkeep
|turn|11
|
|t:|1655705803
|move|p2a: Xerneas|Max Starfall|p1a: Farnese
|-damage|p1a: Farnese|18/100
|-fieldstart|move: Misty Terrain
|move|p1a: Farnese|Soft-Boiled|p1a: Farnese
|-heal|p1a: Farnese|68/100
|
|-heal|p1a: Farnese|74/100|[from] item: Leftovers
|upkeep
|-end|p2a: Xerneas|Dynamax
|-heal|p2a: Xerneas|80/100|[silent]
|turn|12
|inactive|VsP 2969 has 120 seconds left.
|l|☆VsP 2969
|inactive|VsP 2969 disconnected and has a minute to reconnect!
|player|p2|
|inactive|VsP 2969 has 30 seconds to reconnect!
|inactive|VsP 2969 has 20 seconds to reconnect!
|inactive|VsP 2969 has 15 seconds to reconnect!
|inactive|VsP 2969 has 10 seconds to reconnect!
|c|☆Kyutarou|get outplayed
|inactive|VsP 2969 has 5 seconds to reconnect!
|-message|VsP 2969 lost due to inactivity.
|
|win|Kyutarou
|raw|Kyutarou's rating: 1423 &rarr; <strong>1449</strong><br />(+26 for winning)
|raw|VsP 2969's rating: 1536 &rarr; <strong>1510</strong><br />(-26 for losing)
|c|☆Kyutarou|fucking dumbass
