|j|☆Kaisksk
|j|☆SaintLaplace
|t:|1664086666
|gametype|singles
|player|p1|Kaisksk|brycenman|1614
|player|p2|SaintLaplace|hilda-wonderlauncher|1792
|teamsize|p1|6
|teamsize|p2|6
|gen|8
|tier|[Gen 8] National Dex AG
|rated|
|rule|HP Percentage Mod: HP is shown in percentages
|rule|Endless Battle Clause: Forcing endless battles is banned
|clearpoke
|poke|p1|Groudon|
|poke|p1|Ditto|
|poke|p1|Calyrex-Shadow|
|poke|p1|Rayquaza|
|poke|p1|Yveltal|
|poke|p1|Zacian-*|
|poke|p2|Zygarde|
|poke|p2|Rayquaza|
|poke|p2|Marshadow|
|poke|p2|Necrozma-Dusk-Mane|
|poke|p2|Smeargle, M|
|poke|p2|Xerneas-*|
|teampreview
|inactive|Battle timer is ON: inactive players will automatically lose when time's up. (requested by SaintLaplace)
|
|t:|1664086670
|start
|switch|p1a: Lizard|Rayquaza|100/100
|switch|p2a: Smeargle|Smeargle, M|100/100
|-ability|p1a: Lizard|Air Lock
|turn|1
|
|t:|1664086678
|switch|p2a: Xerneas|Xerneas|100/100
|-ability|p2a: Xerneas|Fairy Aura
|detailschange|p1a: Lizard|Rayquaza-Mega
|-mega|p1a: Lizard|Rayquaza|
|-weather|DeltaStream|[from] ability: Delta Stream|[of] p1a: Lizard
|move|p1a: Lizard|Dragon Dance|p1a: Lizard
|-boost|p1a: Lizard|atk|1
|-boost|p1a: Lizard|spe|1
|
|-weather|DeltaStream|[upkeep]
|upkeep
|turn|2
|
|t:|1664086693
|move|p1a: Lizard|Dragon Ascent|p2a: Xerneas
|-damage|p2a: Xerneas|0 fnt
|-unboost|p1a: Lizard|def|1
|-unboost|p1a: Lizard|spd|1
|faint|p2a: Xerneas
|
|-weather|DeltaStream|[upkeep]
|upkeep
|
|t:|1664086697
|switch|p2a: Marshadow|Marshadow|100/100
|turn|3
|
|t:|1664086701
|move|p1a: Lizard|Dragon Ascent|p2a: Marshadow
|-supereffective|p2a: Marshadow
|-enditem|p2a: Marshadow|Focus Sash
|-damage|p2a: Marshadow|1/100
|-unboost|p1a: Lizard|def|1
|-unboost|p1a: Lizard|spd|1
|move|p2a: Marshadow|Spectral Thief||[still]
|-clearpositiveboost|p1a: Lizard|p2a: Marshadow|move: Spectral Thief
|-boost|p2a: Marshadow|atk|1
|-boost|p2a: Marshadow|spe|1
|-anim|p2a: Marshadow|Spectral Thief|p1a: Lizard
|-enditem|p1a: Lizard|Focus Sash
|-damage|p1a: Lizard|1/100
|
|-weather|DeltaStream|[upkeep]
|upkeep
|turn|4
|
|t:|1664086706
|move|p2a: Marshadow|Shadow Sneak|p1a: Lizard
|-damage|p1a: Lizard|0 fnt
|faint|p1a: Lizard
|-weather|none
|
|upkeep
|
|t:|1664086712
|switch|p1a: Ditto|Ditto, shiny|100/100
|-transform|p1a: Ditto|p2a: Marshadow|[from] ability: Imposter
|turn|5
|
|t:|1664086718
|move|p1a: Ditto|Shadow Sneak|p2a: Marshadow
|-supereffective|p2a: Marshadow
|-damage|p2a: Marshadow|0 fnt
|faint|p2a: Marshadow
|
|upkeep
|
|t:|1664086721
|switch|p2a: Smeargle|Smeargle, M|100/100
|turn|6
|
|t:|1664086728
|switch|p1a: Uh oh|Groudon, shiny|100/100
|detailschange|p1a: Uh oh|Groudon-Primal, shiny
|-primal|p1a: Uh oh
|-weather|DesolateLand|[from] ability: Desolate Land|[of] p1a: Uh oh
|move|p2a: Smeargle|Shell Smash|p2a: Smeargle
|-unboost|p2a: Smeargle|def|1
|-unboost|p2a: Smeargle|spd|1
|-boost|p2a: Smeargle|atk|2
|-boost|p2a: Smeargle|spa|2
|-boost|p2a: Smeargle|spe|2
|
|-weather|DesolateLand|[upkeep]
|upkeep
|turn|7
|
|t:|1664086732
|move|p2a: Smeargle|Spore|p1a: Uh oh
|-status|p1a: Uh oh|slp|[from] move: Spore
|cant|p1a: Uh oh|slp
|
|-weather|DesolateLand|[upkeep]
|upkeep
|turn|8
|
|t:|1664086737
|move|p2a: Smeargle|Baton Pass|p2a: Smeargle
|
|t:|1664086739
|switch|p2a: Rayquaza|Rayquaza|100/100|[from]move: Baton Pass
|-ability|p2a: Rayquaza|Air Lock
|cant|p1a: Uh oh|slp
|
|-weather|DesolateLand|[upkeep]
|upkeep
|turn|9
|
|t:|1664086746
|detailschange|p2a: Rayquaza|Rayquaza-Mega
|-mega|p2a: Rayquaza|Rayquaza|
|-weather|DeltaStream|[from] ability: Delta Stream|[of] p2a: Rayquaza
|move|p2a: Rayquaza|Dragon Ascent|p1a: Uh oh
|-crit|p1a: Uh oh
|-damage|p1a: Uh oh|0 fnt
|-unboost|p2a: Rayquaza|def|1
|-unboost|p2a: Rayquaza|spd|1
|faint|p1a: Uh oh
|
|-weather|DeltaStream|[upkeep]
|upkeep
|
|t:|1664086759
|switch|p1a: Ditto|Ditto, shiny|100/100
|-transform|p1a: Ditto|p2a: Rayquaza|[from] ability: Imposter
|turn|10
|
|t:|1664086764
|move|p1a: Ditto|Extreme Speed|p2a: Rayquaza
|-enditem|p2a: Rayquaza|Focus Sash
|-damage|p2a: Rayquaza|1/100
|move|p2a: Rayquaza|Extreme Speed|p1a: Ditto
|-damage|p1a: Ditto|0 fnt
|faint|p1a: Ditto
|
|-weather|DeltaStream|[upkeep]
|upkeep
|
|t:|1664086770
|switch|p1a: Bacon Bird|Yveltal, shiny|100/100
|-ability|p1a: Bacon Bird|Dark Aura
|turn|11
|
|t:|1664086774
|-start|p1a: Bacon Bird|Dynamax|
|-heal|p1a: Bacon Bird|100/100|[silent]
|move|p2a: Rayquaza|Extreme Speed|p1a: Bacon Bird
|-damage|p1a: Bacon Bird|71/100
|move|p1a: Bacon Bird|Max Airstream|p2a: Rayquaza
|-damage|p2a: Rayquaza|0 fnt
|-boost|p1a: Bacon Bird|spe|1
|faint|p2a: Rayquaza
|-weather|none
|
|-heal|p1a: Bacon Bird|74/100|[from] item: Leftovers
|upkeep
|
|t:|1664086782
|switch|p2a: Smeargle|Smeargle, M|100/100
|turn|12
|
|t:|1664086784
|move|p1a: Bacon Bird|Max Airstream|p2a: Smeargle
|-enditem|p2a: Smeargle|Focus Sash
|-damage|p2a: Smeargle|1/100
|-boost|p1a: Bacon Bird|spe|1
|move|p2a: Smeargle|Spore|p1a: Bacon Bird
|-status|p1a: Bacon Bird|slp|[from] move: Spore
|
|-heal|p1a: Bacon Bird|77/100 slp|[from] item: Leftovers
|upkeep
|turn|13
|
|t:|1664086788
|cant|p1a: Bacon Bird|slp
|move|p2a: Smeargle|Shell Smash|p2a: Smeargle
|-unboost|p2a: Smeargle|def|1
|-unboost|p2a: Smeargle|spd|1
|-boost|p2a: Smeargle|atk|2
|-boost|p2a: Smeargle|spa|2
|-boost|p2a: Smeargle|spe|2
|
|-heal|p1a: Bacon Bird|80/100 slp|[from] item: Leftovers
|upkeep
|-end|p1a: Bacon Bird|Dynamax
|-heal|p1a: Bacon Bird|80/100 slp|[silent]
|turn|14
|
|t:|1664086792
|move|p2a: Smeargle|Baton Pass|p2a: Smeargle
|
|t:|1664086795
|switch|p2a: Necrozma|Necrozma-Dusk-Mane, shiny|100/100|[from]move: Baton Pass
|cant|p1a: Bacon Bird|slp
|
|-heal|p1a: Bacon Bird|86/100 slp|[from] item: Leftovers
|upkeep
|turn|15
|
|t:|1664086802
|detailschange|p2a: Necrozma|Necrozma-Ultra, shiny
|-burst|p2a: Necrozma|Necrozma|Ultranecrozium Z
|move|p2a: Necrozma|Rock Blast|p1a: Bacon Bird
|-supereffective|p1a: Bacon Bird
|-damage|p1a: Bacon Bird|43/100 slp
|-supereffective|p1a: Bacon Bird
|-damage|p1a: Bacon Bird|0 fnt
|faint|p1a: Bacon Bird
|-hitcount|p1: Bacon Bird|2
|
|upkeep
|
|t:|1664086809
|switch|p1a: Calyrex|Calyrex-Shadow|100/100
|-ability|p1a: Calyrex|As One
|-ability|p1a: Calyrex|Unnerve
|turn|16
|
|t:|1664086812
|move|p1a: Calyrex|Astral Barrage|p2a: Necrozma
|-supereffective|p2a: Necrozma
|-damage|p2a: Necrozma|0 fnt
|faint|p2a: Necrozma
|-ability|p1a: Calyrex|Grim Neigh|boost
|-boost|p1a: Calyrex|spa|1
|
|upkeep
|
|t:|1664086816
|switch|p2a: Zygarde|Zygarde, shiny|100/100
|turn|17
|
|t:|1664086822
|-start|p2a: Zygarde|Dynamax|
|-heal|p2a: Zygarde|100/100|[silent]
|move|p1a: Calyrex|Astral Barrage|p2a: Zygarde
|-damage|p2a: Zygarde|53/100
|move|p2a: Zygarde|Max Rockfall|p1a: Calyrex
|-damage|p1a: Calyrex|56/100
|-weather|Sandstorm
|
|-weather|Sandstorm|[upkeep]
|-damage|p1a: Calyrex|49/100|[from] Sandstorm
|upkeep
|turn|18
|
|t:|1664086831
|move|p1a: Calyrex|Astral Barrage|p2a: Zygarde
|-damage|p2a: Zygarde|3/100
|move|p2a: Zygarde|Max Quake|p1a: Calyrex
|-damage|p1a: Calyrex|0 fnt
|-boost|p2a: Zygarde|spd|1
|faint|p1a: Calyrex
|
|-weather|Sandstorm|[upkeep]
|-activate|p2a: Zygarde|ability: Power Construct
|detailschange|p2a: Zygarde|Zygarde-Complete, shiny
|-heal|p2a: Zygarde|36/100|[silent]
|upkeep
|
|t:|1664086836
|switch|p1a: Knife Dog|Zacian-Crowned, shiny|100/100
|-ability|p1a: Knife Dog|Intrepid Sword|boost
|-boost|p1a: Knife Dog|atk|1
|turn|19
|
|t:|1664086840
|move|p1a: Knife Dog|Behemoth Blade|p2a: Zygarde
|-damage|p2a: Zygarde|0 fnt
|faint|p2a: Zygarde
|
|-weather|Sandstorm|[upkeep]
|upkeep
|-message|SaintLaplace forfeited.
|
|win|Kaisksk
|raw|Kaisksk's rating: 1614 &rarr; <strong>1643</strong><br />(+29 for winning)
|raw|SaintLaplace's rating: 1792 &rarr; <strong>1763</strong><br />(-29 for losing)
|l|☆SaintLaplace
