|j|☆amnael1
|j|☆Chompychipper
|t:|1666917579
|gametype|singles
|player|p1|amnael1|169|1938
|player|p2|Chompychipper|maxie-gen6|1819
|teamsize|p1|6
|teamsize|p2|6
|gen|8
|tier|[Gen 8] National Dex AG
|rated|
|rule|HP Percentage Mod: HP is shown in percentages
|rule|Endless Battle Clause: Forcing endless battles is banned
|clearpoke
|poke|p1|Smeargle, F|
|poke|p1|Groudon|
|poke|p1|Espeon, F|
|poke|p1|Rayquaza|
|poke|p1|Xerneas-*|
|poke|p1|Zacian-*|
|poke|p2|Groudon|
|poke|p2|Groudon|
|poke|p2|Groudon|
|poke|p2|Groudon|
|poke|p2|Groudon|
|poke|p2|Groudon|
|teampreview
|
|t:|1666917584
|start
|switch|p1a: Smeargle|Smeargle, F|100/100
|switch|p2a: Groudon|Groudon|100/100
|-weather|SunnyDay|[from] ability: Drought|[of] p2a: Groudon
|turn|1
|
|t:|1666917592
|move|p1a: Smeargle|Spiky Shield|p1a: Smeargle
|-singleturn|p1a: Smeargle|move: Protect
|move|p2a: Groudon|Stealth Rock|p1a: Smeargle
|-sidestart|p1: amnael1|move: Stealth Rock
|
|-weather|SunnyDay|[upkeep]
|-ability|p1a: Smeargle|Moody|boost
|-boost|p1a: Smeargle|spe|2
|-unboost|p1a: Smeargle|atk|1
|upkeep
|turn|2
|
|t:|1666917602
|move|p1a: Smeargle|Spore|p2a: Groudon
|-activate|p2a: Groudon|item: Safety Goggles|Spore
|move|p2a: Groudon|Dragon Tail|p1a: Smeargle
|-damage|p1a: Smeargle|36/100
|drag|p1a: Rayquaza|Rayquaza|100/100
|-damage|p1a: Rayquaza|76/100|[from] Stealth Rock
|-ability|p1a: Rayquaza|Air Lock
|
|-weather|SunnyDay|[upkeep]
|upkeep
|turn|3
|
|t:|1666917607
|detailschange|p1a: Rayquaza|Rayquaza-Mega
|-mega|p1a: Rayquaza|Rayquaza|
|-weather|DeltaStream|[from] ability: Delta Stream|[of] p1a: Rayquaza
|move|p1a: Rayquaza|Dragon Ascent|p2a: Groudon
|-damage|p2a: Groudon|52/100
|-unboost|p1a: Rayquaza|def|1
|-unboost|p1a: Rayquaza|spd|1
|move|p2a: Groudon|Dragon Tail|p1a: Rayquaza
|-supereffective|p1a: Rayquaza
|-damage|p1a: Rayquaza|6/100
|-weather|none
|drag|p1a: Groudon|Groudon|100/100
|-damage|p1a: Groudon|94/100|[from] Stealth Rock
|detailschange|p1a: Groudon|Groudon-Primal
|-primal|p1a: Groudon
|-weather|DesolateLand|[from] ability: Desolate Land|[of] p1a: Groudon
|
|-weather|DesolateLand|[upkeep]
|upkeep
|turn|4
|
|t:|1666917627
|switch|p2a: Groudon|Groudon|100/100
|-ability|p2a: Groudon|Drought|[from] desolateland|[fail]
|move|p1a: Groudon|Earthquake|p2a: Groudon
|-damage|p2a: Groudon|54/100
|
|-weather|DesolateLand|[upkeep]
|upkeep
|turn|5
|
|t:|1666917631
|move|p2a: Groudon|Precipice Blades|p1a: Groudon
|-supereffective|p1a: Groudon
|-damage|p1a: Groudon|6/100
|move|p1a: Groudon|Earthquake|p2a: Groudon
|-damage|p2a: Groudon|8/100
|
|-weather|DesolateLand|[upkeep]
|upkeep
|turn|6
|
|t:|1666917635
|move|p2a: Groudon|Precipice Blades|p1a: Groudon|[miss]
|-miss|p2a: Groudon|p1a: Groudon
|move|p1a: Groudon|Earthquake|p2a: Groudon
|-damage|p2a: Groudon|0 fnt
|faint|p2a: Groudon
|
|-weather|DesolateLand|[upkeep]
|upkeep
|
|t:|1666917638
|switch|p2a: Groudon|Groudon|100/100
|-ability|p2a: Groudon|Drought|[from] desolateland|[fail]
|turn|7
|
|t:|1666917649
|move|p2a: Groudon|Swords Dance|p2a: Groudon
|-boost|p2a: Groudon|atk|2
|move|p1a: Groudon|Earthquake|p2a: Groudon
|-damage|p2a: Groudon|47/100
|
|-weather|DesolateLand|[upkeep]
|upkeep
|turn|8
|
|t:|1666917654
|-start|p2a: Groudon|Dynamax|
|-heal|p2a: Groudon|47/100|[silent]
|move|p2a: Groudon|Max Airstream|p1a: Groudon
|-damage|p1a: Groudon|0 fnt
|-boost|p2a: Groudon|spe|1
|faint|p1a: Groudon
|-weather|none
|
|upkeep
|
|t:|1666917668
|switch|p1a: Xerneas|Xerneas|100/100
|-damage|p1a: Xerneas|88/100|[from] Stealth Rock
|-ability|p1a: Xerneas|Fairy Aura
|turn|9
|
|t:|1666917671
|-start|p1a: Xerneas|Dynamax|
|-heal|p1a: Xerneas|88/100|[silent]
|move|p1a: Xerneas|Max Guard|p1a: Xerneas
|-singleturn|p1a: Xerneas|Max Guard
|move|p2a: Groudon|Max Quake|p1a: Xerneas
|-activate|p1a: Xerneas|move: Max Guard
|
|upkeep
|turn|10
|
|t:|1666917676
|move|p2a: Groudon|Max Quake|p1a: Xerneas
|-crit|p1a: Xerneas
|-damage|p1a: Xerneas|0 fnt
|-boost|p2a: Groudon|spd|1
|faint|p1a: Xerneas
|
|upkeep
|
|t:|1666917681
|switch|p1a: Smeargle|Smeargle, F|36/100
|-damage|p1a: Smeargle|24/100|[from] Stealth Rock
|-end|p2a: Groudon|Dynamax
|-heal|p2a: Groudon|47/100|[silent]
|turn|11
|
|t:|1666917687
|move|p1a: Smeargle|Spiky Shield|p1a: Smeargle
|-singleturn|p1a: Smeargle|move: Protect
|move|p2a: Groudon|Aerial Ace|p1a: Smeargle
|-activate|p1a: Smeargle|move: Protect
|-damage|p2a: Groudon|35/100|[from] Spiky Shield|[of] p1a: Smeargle
|
|-ability|p1a: Smeargle|Moody|boost
|-boost|p1a: Smeargle|def|2
|-unboost|p1a: Smeargle|spe|1
|upkeep
|turn|12
|
|t:|1666917691
|move|p2a: Groudon|Aerial Ace|p1a: Smeargle
|-damage|p1a: Smeargle|0 fnt
|faint|p1a: Smeargle
|
|upkeep
|
|t:|1666917693
|switch|p1a: Zacian|Zacian-Crowned|100/100
|-damage|p1a: Zacian|94/100|[from] Stealth Rock
|-ability|p1a: Zacian|Intrepid Sword|boost
|-boost|p1a: Zacian|atk|1
|turn|13
|
|t:|1666917695
|move|p2a: Groudon|Precipice Blades|p1a: Zacian
|-supereffective|p1a: Zacian
|-damage|p1a: Zacian|0 fnt
|faint|p1a: Zacian
|
|upkeep
|
|t:|1666917697
|switch|p1a: Rayquaza|Rayquaza-Mega|6/100
|-damage|p1a: Rayquaza|0 fnt|[from] Stealth Rock
|faint|p1a: Rayquaza
|
|t:|1666917698
|switch|p1a: Espeon|Espeon, F|100/100
|-damage|p1a: Espeon|88/100|[from] Stealth Rock
|turn|14
|-message|amnael1 forfeited.
|
|win|Chompychipper
|raw|amnael1's rating: 1938 &rarr; <strong>1911</strong><br />(-27 for losing)
|raw|Chompychipper's rating: 1819 &rarr; <strong>1846</strong><br />(+27 for winning)
|l|☆amnael1
||Ladder isn't responding, score probably updated but might not have (Request timeout).
