|j|☆theChikunEater
|j|☆BrixTrynaLuv
|t:|1666978586
|gametype|singles
|player|p1|theChikunEater|flannery|1600
|player|p2|BrixTrynaLuv|linebacker|1723
|teamsize|p1|6
|teamsize|p2|6
|gen|8
|tier|[Gen 8] National Dex AG
|rated|
|rule|HP Percentage Mod: HP is shown in percentages
|rule|Endless Battle Clause: Forcing endless battles is banned
|clearpoke
|poke|p1|Smeargle, F|
|poke|p1|Smeargle, F|
|poke|p1|Lopunny, M|
|poke|p1|Ditto|
|poke|p1|Bibarel, M|
|poke|p1|Arceus-*|
|poke|p2|Arceus-*|
|poke|p2|Yveltal|
|poke|p2|Calyrex-Shadow|
|poke|p2|Tyranitar, M|
|poke|p2|Shuckle, F|
|poke|p2|Marshadow|
|teampreview
|inactive|Battle timer is ON: inactive players will automatically lose when time's up. (requested by BrixTrynaLuv)
|inactive|theChikunEater also wants the timer to be on.
|inactive|theChikunEater has 120 seconds left.
|
|t:|1666978620
|start
|switch|p1a: Smeargle|Smeargle, F|100/100
|switch|p2a: Ty-One|Tyranitar, M|100/100
|-weather|Sandstorm|[from] ability: Sand Stream|[of] p2a: Ty-One
|turn|1
|c|☆theChikunEater|glhf
|c|☆BrixTrynaLuv|You too :)
|c|☆theChikunEater|lum berry
|
|t:|1666978637
|move|p1a: Smeargle|Spore|p2a: Ty-One
|-status|p2a: Ty-One|slp|[from] move: Spore
|cant|p2a: Ty-One|slp
|
|-weather|Sandstorm|[upkeep]
|-damage|p1a: Smeargle|95/100|[from] Sandstorm
|-heal|p1a: Smeargle|100/100|[from] item: Leftovers
|-ability|p1a: Smeargle|Moody|boost
|-boost|p1a: Smeargle|spe|2
|-unboost|p1a: Smeargle|atk|1
|upkeep
|turn|2
|c|☆theChikunEater|nope nvm
|
|t:|1666978647
|move|p1a: Smeargle|Substitute|p1a: Smeargle
|-start|p1a: Smeargle|Substitute
|-damage|p1a: Smeargle|76/100
|cant|p2a: Ty-One|slp
|
|-weather|Sandstorm|[upkeep]
|-damage|p1a: Smeargle|70/100|[from] Sandstorm
|-heal|p1a: Smeargle|76/100|[from] item: Leftovers
|-ability|p1a: Smeargle|Moody|boost
|-boost|p1a: Smeargle|def|2
|-unboost|p1a: Smeargle|spd|1
|upkeep
|turn|3
|
|t:|1666978650
|move|p1a: Smeargle|Shell Smash|p1a: Smeargle
|-unboost|p1a: Smeargle|def|1
|-unboost|p1a: Smeargle|spd|1
|-boost|p1a: Smeargle|atk|2
|-boost|p1a: Smeargle|spa|2
|-boost|p1a: Smeargle|spe|2
|-curestatus|p2a: Ty-One|slp|[msg]
|move|p2a: Ty-One|Crunch|p1a: Smeargle
|-end|p1a: Smeargle|Substitute
|
|-weather|Sandstorm|[upkeep]
|-damage|p1a: Smeargle|70/100|[from] Sandstorm
|-heal|p1a: Smeargle|76/100|[from] item: Leftovers
|-ability|p1a: Smeargle|Moody|boost
|-boost|p1a: Smeargle|spa|2
|-unboost|p1a: Smeargle|atk|1
|upkeep
|turn|4
|c|☆theChikunEater|gg
|
|t:|1666978657
|move|p1a: Smeargle|Spore|p2a: Ty-One
|-status|p2a: Ty-One|slp|[from] move: Spore
|cant|p2a: Ty-One|slp
|
|-weather|Sandstorm|[upkeep]
|-damage|p1a: Smeargle|70/100|[from] Sandstorm
|-heal|p1a: Smeargle|76/100|[from] item: Leftovers
|-ability|p1a: Smeargle|Moody|boost
|-boost|p1a: Smeargle|def|2
|-unboost|p1a: Smeargle|atk|1
|upkeep
|turn|5
|c|☆BrixTrynaLuv|shhhh
|c|☆BrixTrynaLuv|just let it happen
|
|t:|1666978668
|move|p1a: Smeargle|Substitute|p1a: Smeargle
|-start|p1a: Smeargle|Substitute
|-damage|p1a: Smeargle|51/100
|cant|p2a: Ty-One|slp
|
|-weather|none
|-heal|p1a: Smeargle|57/100|[from] item: Leftovers
|-ability|p1a: Smeargle|Moody|boost
|-boost|p1a: Smeargle|spd|2
|-unboost|p1a: Smeargle|spe|1
|upkeep
|turn|6
|
|t:|1666978671
|move|p1a: Smeargle|Shell Smash|p1a: Smeargle
|-unboost|p1a: Smeargle|def|1
|-unboost|p1a: Smeargle|spd|1
|-boost|p1a: Smeargle|atk|2
|-boost|p1a: Smeargle|spa|2
|-boost|p1a: Smeargle|spe|2
|cant|p2a: Ty-One|slp
|
|-heal|p1a: Smeargle|63/100|[from] item: Leftovers
|-ability|p1a: Smeargle|Moody|boost
|-boost|p1a: Smeargle|atk|2
|-unboost|p1a: Smeargle|spe|1
|upkeep
|turn|7
|
|t:|1666978675
|move|p1a: Smeargle|Shell Smash|p1a: Smeargle
|-unboost|p1a: Smeargle|def|1
|-unboost|p1a: Smeargle|spd|1
|-boost|p1a: Smeargle|atk|2
|-boost|p1a: Smeargle|spa|0
|-boost|p1a: Smeargle|spe|2
|-curestatus|p2a: Ty-One|slp|[msg]
|move|p2a: Ty-One|Crunch|p1a: Smeargle
|-end|p1a: Smeargle|Substitute
|
|-heal|p1a: Smeargle|69/100|[from] item: Leftovers
|-ability|p1a: Smeargle|Moody|boost
|-boost|p1a: Smeargle|atk|1
|-unboost|p1a: Smeargle|spe|1
|upkeep
|turn|8
|
|t:|1666978686
|move|p1a: Smeargle|Spore|p2a: Ty-One
|-status|p2a: Ty-One|slp|[from] move: Spore
|cant|p2a: Ty-One|slp
|
|-heal|p1a: Smeargle|75/100|[from] item: Leftovers
|-ability|p1a: Smeargle|Moody|boost
|-boost|p1a: Smeargle|spe|1
|-unboost|p1a: Smeargle|atk|1
|upkeep
|turn|9
|c|☆theChikunEater|no by ty
|c|☆theChikunEater|but*
|
|t:|1666978694
|move|p1a: Smeargle|Substitute|p1a: Smeargle
|-start|p1a: Smeargle|Substitute
|-damage|p1a: Smeargle|50/100
|-curestatus|p2a: Ty-One|slp|[msg]
|move|p2a: Ty-One|Earthquake|p1a: Smeargle
|-end|p1a: Smeargle|Substitute
|
|-heal|p1a: Smeargle|56/100|[from] item: Leftovers
|-ability|p1a: Smeargle|Moody|boost
|-boost|p1a: Smeargle|spd|2
|-unboost|p1a: Smeargle|def|1
|upkeep
|turn|10
|
|t:|1666978699
|move|p1a: Smeargle|Spore|p2a: Ty-One
|-status|p2a: Ty-One|slp|[from] move: Spore
|cant|p2a: Ty-One|slp
|
|-heal|p1a: Smeargle|62/100|[from] item: Leftovers
|-ability|p1a: Smeargle|Moody|boost
|-boost|p1a: Smeargle|spd|2
|-unboost|p1a: Smeargle|spe|1
|upkeep
|turn|11
|
|t:|1666978704
|move|p1a: Smeargle|Substitute|p1a: Smeargle
|-start|p1a: Smeargle|Substitute
|-damage|p1a: Smeargle|38/100
|cant|p2a: Ty-One|slp
|
|-heal|p1a: Smeargle|44/100|[from] item: Leftovers
|-ability|p1a: Smeargle|Moody|boost
|-boost|p1a: Smeargle|spe|1
|-unboost|p1a: Smeargle|spa|1
|upkeep
|turn|12
|
|t:|1666978707
|move|p1a: Smeargle|Power Trip|p2a: Ty-One
|-resisted|p2a: Ty-One
|-damage|p2a: Ty-One|32/100 slp
|-curestatus|p2a: Ty-One|slp|[msg]
|move|p2a: Ty-One|Earthquake|p1a: Smeargle
|-end|p1a: Smeargle|Substitute
|
|-heal|p1a: Smeargle|50/100|[from] item: Leftovers
|-ability|p1a: Smeargle|Moody|boost
|-boost|p1a: Smeargle|spa|1
|-unboost|p1a: Smeargle|spd|1
|upkeep
|turn|13
|
|t:|1666978712
|move|p1a: Smeargle|Spore|p2a: Ty-One
|-status|p2a: Ty-One|slp|[from] move: Spore
|cant|p2a: Ty-One|slp
|
|-heal|p1a: Smeargle|55/100|[from] item: Leftovers
|-ability|p1a: Smeargle|Moody|boost
|-boost|p1a: Smeargle|spd|2
|-unboost|p1a: Smeargle|atk|1
|upkeep
|turn|14
|
|t:|1666978714
|move|p1a: Smeargle|Substitute|p1a: Smeargle
|-start|p1a: Smeargle|Substitute
|-damage|p1a: Smeargle|31/100
|-curestatus|p2a: Ty-One|slp|[msg]
|move|p2a: Ty-One|Earthquake|p1a: Smeargle
|-end|p1a: Smeargle|Substitute
|
|-heal|p1a: Smeargle|37/100|[from] item: Leftovers
|-ability|p1a: Smeargle|Moody|boost
|-boost|p1a: Smeargle|spd|2
|-unboost|p1a: Smeargle|atk|1
|upkeep
|turn|15
|
|t:|1666978717
|move|p1a: Smeargle|Spore|p2a: Ty-One
|-status|p2a: Ty-One|slp|[from] move: Spore
|cant|p2a: Ty-One|slp
|
|-heal|p1a: Smeargle|43/100|[from] item: Leftovers
|-ability|p1a: Smeargle|Moody|boost
|-boost|p1a: Smeargle|atk|2
|-unboost|p1a: Smeargle|spd|1
|upkeep
|turn|16
|
|t:|1666978719
|move|p1a: Smeargle|Substitute|p1a: Smeargle
|-start|p1a: Smeargle|Substitute
|-damage|p1a: Smeargle|18/100
|-curestatus|p2a: Ty-One|slp|[msg]
|move|p2a: Ty-One|Earthquake|p1a: Smeargle
|-end|p1a: Smeargle|Substitute
|
|-heal|p1a: Smeargle|24/100|[from] item: Leftovers
|-ability|p1a: Smeargle|Moody|boost
|-boost|p1a: Smeargle|def|2
|-unboost|p1a: Smeargle|spa|1
|upkeep
|turn|17
|c|☆theChikunEater|i aint buyin what you're sellin
|c|☆BrixTrynaLuv|may god forgive you for I shall not
|
|t:|1666978736
|move|p1a: Smeargle|Spore|p2a: Ty-One
|-status|p2a: Ty-One|slp|[from] move: Spore
|cant|p2a: Ty-One|slp
|
|-heal|p1a: Smeargle|30/100|[from] item: Leftovers
|-ability|p1a: Smeargle|Moody|boost
|-boost|p1a: Smeargle|spd|2
|-unboost|p1a: Smeargle|atk|1
|upkeep
|turn|18
|
|t:|1666978738
|move|p1a: Smeargle|Substitute|p1a: Smeargle
|-start|p1a: Smeargle|Substitute
|-damage|p1a: Smeargle|5/100
|-curestatus|p2a: Ty-One|slp|[msg]
|move|p2a: Ty-One|Earthquake|p1a: Smeargle
|-end|p1a: Smeargle|Substitute
|
|-heal|p1a: Smeargle|11/100|[from] item: Leftovers
|-ability|p1a: Smeargle|Moody|boost
|-boost|p1a: Smeargle|spa|1
|-unboost|p1a: Smeargle|atk|1
|upkeep
|turn|19
|
|t:|1666978744
|move|p1a: Smeargle|Power Trip|p2a: Ty-One
|-resisted|p2a: Ty-One
|-damage|p2a: Ty-One|0 fnt
|faint|p2a: Ty-One
|
|-heal|p1a: Smeargle|17/100|[from] item: Leftovers
|-ability|p1a: Smeargle|Moody|boost
|-boost|p1a: Smeargle|def|2
|-unboost|p1a: Smeargle|spe|1
|upkeep
|
|t:|1666978746
|switch|p2a: Criador De Tudo|Arceus|100/100
|turn|20
|c|☆theChikunEater|god's kinda an L
|
|t:|1666978754
|switch|p1a: Bibarel|Bibarel, M|100/100
|move|p2a: Criador De Tudo|Extreme Speed|p1a: Bibarel
|-damage|p1a: Bibarel|31/100
|
|upkeep
|turn|21
|
|t:|1666978758
|move|p2a: Criador De Tudo|Extreme Speed|p1a: Bibarel
|-damage|p1a: Bibarel|0 fnt
|faint|p1a: Bibarel
|
|upkeep
|
|t:|1666978761
|switch|p1a: Lopunny|Lopunny, M|100/100
|turn|22
|c|☆BrixTrynaLuv|God doesn't approve.
|
|t:|1666978769
|switch|p2a: Shuckle|Shuckle, F|100/100
|detailschange|p1a: Lopunny|Lopunny-Mega, M
|-mega|p1a: Lopunny|Lopunny|Lopunnite
|move|p1a: Lopunny|Fake Out|p2a: Shuckle
|-resisted|p2a: Shuckle
|-damage|p2a: Shuckle|92/100
|
|upkeep
|turn|23
|
|t:|1666978776
|switch|p1a: Smeargle|Smeargle, F|17/100
|move|p2a: Shuckle|Stealth Rock|p1a: Smeargle
|-sidestart|p1: theChikunEater|move: Stealth Rock
|
|-heal|p1a: Smeargle|23/100|[from] item: Leftovers
|-ability|p1a: Smeargle|Moody|boost
|-boost|p1a: Smeargle|def|2
|-unboost|p1a: Smeargle|spe|1
|upkeep
|turn|24
|
|t:|1666978783
|move|p1a: Smeargle|Spore|p2a: Shuckle
|-status|p2a: Shuckle|slp|[from] move: Spore
|cant|p2a: Shuckle|slp
|
|-heal|p1a: Smeargle|29/100|[from] item: Leftovers
|-ability|p1a: Smeargle|Moody|boost
|-boost|p1a: Smeargle|spd|2
|-unboost|p1a: Smeargle|spe|1
|upkeep
|turn|25
|
|t:|1666978786
|move|p1a: Smeargle|Substitute|p1a: Smeargle
|-start|p1a: Smeargle|Substitute
|-damage|p1a: Smeargle|4/100
|-curestatus|p2a: Shuckle|slp|[msg]
|move|p2a: Shuckle|Final Gambit|p1a: Smeargle
|-end|p1a: Smeargle|Substitute
|faint|p2a: Shuckle
|
|-heal|p1a: Smeargle|10/100|[from] item: Leftovers
|-ability|p1a: Smeargle|Moody|boost
|-boost|p1a: Smeargle|spd|2
|-unboost|p1a: Smeargle|spa|1
|upkeep
|
|t:|1666978794
|switch|p2a: Criador De Tudo|Arceus|100/100
|turn|26
|
|t:|1666978800
|move|p2a: Criador De Tudo|Extreme Speed|p1a: Smeargle
|-damage|p1a: Smeargle|0 fnt
|faint|p1a: Smeargle
|
|upkeep
|c|☆theChikunEater|god still is dead tho
|
|t:|1666978813
|switch|p1a: Lopunny|Lopunny-Mega, M|100/100
|-damage|p1a: Lopunny|95/100|[from] Stealth Rock
|turn|27
|c|☆BrixTrynaLuv|God isn't alive nor dead
|
|t:|1666978821
|move|p1a: Lopunny|Power-Up Punch|p2a: Criador De Tudo
|-supereffective|p2a: Criador De Tudo
|-damage|p2a: Criador De Tudo|72/100
|-boost|p1a: Lopunny|atk|1
|move|p2a: Criador De Tudo|Swords Dance|p2a: Criador De Tudo
|-boost|p2a: Criador De Tudo|atk|2
|
|-heal|p2a: Criador De Tudo|78/100|[from] item: Leftovers
|upkeep
|turn|28
|
|t:|1666978824
|move|p2a: Criador De Tudo|Extreme Speed|p1a: Lopunny
|-damage|p1a: Lopunny|0 fnt
|faint|p1a: Lopunny
|
|-heal|p2a: Criador De Tudo|84/100|[from] item: Leftovers
|upkeep
|
|t:|1666978827
|switch|p1a: Ditto|Ditto|100/100
|-damage|p1a: Ditto|88/100|[from] Stealth Rock
|-transform|p1a: Ditto|p2a: Criador De Tudo|[from] ability: Imposter
|turn|29
|
|t:|1666978832
|-start|p2a: Criador De Tudo|Dynamax|
|-heal|p2a: Criador De Tudo|84/100|[silent]
|move|p1a: Ditto|Extreme Speed|p2a: Criador De Tudo
|-damage|p2a: Criador De Tudo|57/100
|move|p2a: Criador De Tudo|Max Strike|p1a: Ditto
|-damage|p1a: Ditto|0 fnt
|faint|p1a: Ditto
|
|-heal|p2a: Criador De Tudo|60/100|[from] item: Leftovers
|upkeep
|c|☆theChikunEater|idk chief
|
|t:|1666978842
|switch|p1a: Smeargle|Smeargle, F|100/100
|-damage|p1a: Smeargle|88/100|[from] Stealth Rock
|turn|30
|
|t:|1666978848
|move|p2a: Criador De Tudo|Max Strike|p1a: Smeargle
|-damage|p1a: Smeargle|0 fnt
|faint|p1a: Smeargle
|
|-heal|p2a: Criador De Tudo|63/100|[from] item: Leftovers
|upkeep
|
|t:|1666978849
|switch|p1a: Arceus|Arceus|100/100
|-damage|p1a: Arceus|88/100|[from] Stealth Rock
|turn|31
|c|☆theChikunEater|but gg lol
|c|☆BrixTrynaLuv|mhm gg
|
|t:|1666978859
|-start|p1a: Arceus|Dynamax|
|-heal|p1a: Arceus|88/100|[silent]
|move|p1a: Arceus|Max Mindstorm|p2a: Criador De Tudo
|-damage|p2a: Criador De Tudo|49/100
|-fieldstart|move: Psychic Terrain
|move|p2a: Criador De Tudo|Max Strike|p1a: Arceus
|-damage|p1a: Arceus|32/100
|-unboost|p1a: Arceus|spe|1
|
|-heal|p2a: Criador De Tudo|52/100|[from] item: Leftovers
|upkeep
|-end|p2a: Criador De Tudo|Dynamax
|-heal|p2a: Criador De Tudo|52/100|[silent]
|turn|32
|c|☆theChikunEater|keel me
|
|t:|1666978868
|move|p2a: Criador De Tudo|Earthquake|p1a: Arceus
|-damage|p1a: Arceus|7/100
|move|p1a: Arceus|Max Steelspike|p2a: Criador De Tudo
|-damage|p2a: Criador De Tudo|24/100
|-boost|p1a: Arceus|def|1
|
|-heal|p2a: Criador De Tudo|30/100|[from] item: Leftovers
|upkeep
|turn|33
|
|t:|1666978870
|move|p2a: Criador De Tudo|Earthquake|p1a: Arceus
|-damage|p1a: Arceus|0 fnt
|faint|p1a: Arceus
|
|win|BrixTrynaLuv
|raw|theChikunEater's rating: 1600 &rarr; <strong>1587</strong><br />(-13 for losing)
|raw|BrixTrynaLuv's rating: 1723 &rarr; <strong>1736</strong><br />(+13 for winning)
|l|☆theChikunEater
