|j|☆soda49
|j|☆rowletroost
|t:|1641777158
|gametype|singles
|player|p1|soda49|265|1613
|player|p2|rowletroost|lance|1677
|teamsize|p1|6
|teamsize|p2|6
|gen|8
|tier|[Gen 8] National Dex AG
|rated|
|rule|HP Percentage Mod: HP is shown in percentages
|rule|Endless Battle Clause: Forcing endless battles is banned
|clearpoke
|poke|p1|Smeargle, F|
|poke|p1|Charizard, M|
|poke|p1|Mimikyu, F|
|poke|p1|Calyrex-Shadow|
|poke|p1|Thundurus, M|
|poke|p1|Gothitelle, M|
|poke|p2|Arceus-*|
|poke|p2|Xerneas-*|
|poke|p2|Kyogre|
|poke|p2|Marshadow|
|poke|p2|Ribombee, F|
|poke|p2|Vivillon-Savanna, F|
|teampreview
|inactive|Battle timer is ON: inactive players will automatically lose when time's up. (requested by rowletroost)
|inactive|soda49 also wants the timer to be on.
|
|t:|1641777170
|start
|switch|p1a: Gothitelle|Gothitelle, M|100/100
|switch|p2a: Ribombee|Ribombee, F, shiny|100/100
|turn|1
|
|t:|1641777174
|move|p2a: Ribombee|Sticky Web|p1a: Gothitelle
|-sidestart|p1: soda49|move: Sticky Web
|move|p1a: Gothitelle|Trick|p2a: Ribombee
|-activate|p1a: Gothitelle|move: Trick|[of] p2a: Ribombee
|-item|p2a: Ribombee|Choice Scarf|[from] move: Trick
|-item|p1a: Gothitelle|Focus Sash|[from] move: Trick
|
|upkeep
|turn|2
|
|t:|1641777178
|move|p2a: Ribombee|Moonblast|p1a: Gothitelle
|-damage|p1a: Gothitelle|66/100
|move|p1a: Gothitelle|Torment|p2a: Ribombee
|-start|p2a: Ribombee|Torment
|
|upkeep
|turn|3
|
|t:|1641777181
|-activate|p2a: Ribombee|move: Struggle
|move|p2a: Ribombee|Struggle|p1a: Gothitelle
|-damage|p1a: Gothitelle|60/100
|-damage|p2a: Ribombee|76/100|[from] recoil
|move|p1a: Gothitelle|Cosmic Power|p1a: Gothitelle
|-boost|p1a: Gothitelle|def|1
|-boost|p1a: Gothitelle|spd|1
|
|upkeep
|turn|4
|
|t:|1641777187
|move|p2a: Ribombee|Moonblast|p1a: Gothitelle
|-damage|p1a: Gothitelle|34/100
|move|p1a: Gothitelle|Cosmic Power|p1a: Gothitelle
|-boost|p1a: Gothitelle|def|1
|-boost|p1a: Gothitelle|spd|1
|
|upkeep
|turn|5
|
|t:|1641777202
|-activate|p2a: Ribombee|move: Struggle
|move|p2a: Ribombee|Struggle|p1a: Gothitelle
|-damage|p1a: Gothitelle|31/100
|-damage|p2a: Ribombee|51/100|[from] recoil
|move|p1a: Gothitelle|Rest|p1a: Gothitelle
|-status|p1a: Gothitelle|slp|[from] move: Rest
|-heal|p1a: Gothitelle|100/100 slp|[silent]
|
|upkeep
|turn|6
|
|t:|1641777209
|move|p2a: Ribombee|Moonblast|p1a: Gothitelle
|-damage|p1a: Gothitelle|80/100 slp
|cant|p1a: Gothitelle|slp
|
|upkeep
|turn|7
|
|t:|1641777214
|-activate|p2a: Ribombee|move: Struggle
|move|p2a: Ribombee|Struggle|p1a: Gothitelle
|-damage|p1a: Gothitelle|78/100 slp
|-damage|p2a: Ribombee|26/100|[from] recoil
|cant|p1a: Gothitelle|slp
|
|upkeep
|turn|8
|
|t:|1641777227
|move|p2a: Ribombee|Moonblast|p1a: Gothitelle
|-damage|p1a: Gothitelle|59/100 slp
|-unboost|p1a: Gothitelle|spa|1
|-curestatus|p1a: Gothitelle|slp|[msg]
|move|p1a: Gothitelle|Cosmic Power|p1a: Gothitelle
|-boost|p1a: Gothitelle|def|1
|-boost|p1a: Gothitelle|spd|1
|
|upkeep
|turn|9
|
|t:|1641777240
|-activate|p2a: Ribombee|move: Struggle
|move|p2a: Ribombee|Struggle|p1a: Gothitelle
|-damage|p1a: Gothitelle|57/100
|-damage|p2a: Ribombee|1/100|[from] recoil
|move|p1a: Gothitelle|Trick|p2a: Ribombee
|-activate|p1a: Gothitelle|move: Trick|[of] p2a: Ribombee
|-item|p2a: Ribombee|Focus Sash|[from] move: Trick
|-item|p1a: Gothitelle|Choice Scarf|[from] move: Trick
|
|upkeep
|turn|10
|
|t:|1641777249
|move|p2a: Ribombee|Moonblast|p1a: Gothitelle
|-damage|p1a: Gothitelle|43/100
|move|p1a: Gothitelle|Trick|p2a: Ribombee
|-activate|p1a: Gothitelle|move: Trick|[of] p2a: Ribombee
|-item|p2a: Ribombee|Choice Scarf|[from] move: Trick
|-item|p1a: Gothitelle|Focus Sash|[from] move: Trick
|
|upkeep
|turn|11
|
|t:|1641777258
|move|p2a: Ribombee|Sticky Web||[still]
|-fail|p2a: Ribombee
|move|p1a: Gothitelle|Trick|p2a: Ribombee
|-activate|p1a: Gothitelle|move: Trick|[of] p2a: Ribombee
|-item|p2a: Ribombee|Focus Sash|[from] move: Trick
|-item|p1a: Gothitelle|Choice Scarf|[from] move: Trick
|
|upkeep
|turn|12
|
|t:|1641777262
|move|p2a: Ribombee|Moonblast|p1a: Gothitelle
|-damage|p1a: Gothitelle|29/100
|move|p1a: Gothitelle|Trick|p2a: Ribombee
|-activate|p1a: Gothitelle|move: Trick|[of] p2a: Ribombee
|-item|p2a: Ribombee|Choice Scarf|[from] move: Trick
|-item|p1a: Gothitelle|Focus Sash|[from] move: Trick
|
|upkeep
|turn|13
|
|t:|1641777277
|move|p2a: Ribombee|Sticky Web||[still]
|-fail|p2a: Ribombee
|move|p1a: Gothitelle|Trick|p2a: Ribombee
|-activate|p1a: Gothitelle|move: Trick|[of] p2a: Ribombee
|-item|p2a: Ribombee|Focus Sash|[from] move: Trick
|-item|p1a: Gothitelle|Choice Scarf|[from] move: Trick
|
|upkeep
|turn|14
|
|t:|1641777279
|move|p2a: Ribombee|Moonblast|p1a: Gothitelle
|-damage|p1a: Gothitelle|13/100
|move|p1a: Gothitelle|Trick|p2a: Ribombee
|-activate|p1a: Gothitelle|move: Trick|[of] p2a: Ribombee
|-item|p2a: Ribombee|Choice Scarf|[from] move: Trick
|-item|p1a: Gothitelle|Focus Sash|[from] move: Trick
|
|upkeep
|turn|15
|
|t:|1641777282
|move|p2a: Ribombee|Sticky Web||[still]
|-fail|p2a: Ribombee
|move|p1a: Gothitelle|Rest|p1a: Gothitelle
|-status|p1a: Gothitelle|slp|[from] move: Rest
|-heal|p1a: Gothitelle|100/100 slp|[silent]
|
|upkeep
|turn|16
|
|t:|1641777287
|-activate|p2a: Ribombee|move: Struggle
|move|p2a: Ribombee|Struggle|p1a: Gothitelle
|-damage|p1a: Gothitelle|98/100 slp
|-damage|p2a: Ribombee|0 fnt|[from] recoil
|faint|p2a: Ribombee
|cant|p1a: Gothitelle|slp
|
|upkeep
|
|t:|1641777302
|switch|p2a: Marshadow|Marshadow|100/100
|turn|17
|
|t:|1641777312
|move|p2a: Marshadow|Spectral Thief||[still]
|-clearpositiveboost|p1a: Gothitelle|p2a: Marshadow|move: Spectral Thief
|-boost|p2a: Marshadow|def|3
|-boost|p2a: Marshadow|spd|3
|-anim|p2a: Marshadow|Spectral Thief|p1a: Gothitelle
|-supereffective|p1a: Gothitelle
|-damage|p1a: Gothitelle|6/100 slp
|cant|p1a: Gothitelle|slp
|
|upkeep
|turn|18
|
|t:|1641777315
|move|p2a: Marshadow|Spectral Thief|p1a: Gothitelle
|-supereffective|p1a: Gothitelle
|-damage|p1a: Gothitelle|0 fnt
|faint|p1a: Gothitelle
|
|upkeep
|
|t:|1641777320
|switch|p1a: Mimikyu|Mimikyu, F|100/100
|-activate|p1a: Mimikyu|move: Sticky Web
|-unboost|p1a: Mimikyu|spe|1
|turn|19
|
|t:|1641777326
|switch|p2a: Arceus|Arceus-Ground|100/100
|move|p1a: Mimikyu|Trick Room|p1a: Mimikyu
|-fieldstart|move: Trick Room|[of] p1a: Mimikyu
|
|upkeep
|turn|20
|
|t:|1641777333
|move|p1a: Mimikyu|Curse|p2a: Arceus
|-start|p2a: Arceus|Curse|[of] p1a: Mimikyu
|-damage|p1a: Mimikyu|50/100
|move|p2a: Arceus|Ice Beam|p1a: Mimikyu
|-activate|p1a: Mimikyu|ability: Disguise
|-damage|p1a: Mimikyu|50/100
|detailschange|p1a: Mimikyu|Mimikyu-Busted, F
|-damage|p1a: Mimikyu|38/100|[from] pokemon: Mimikyu-Busted
|
|-damage|p2a: Arceus|75/100|[from] Curse
|upkeep
|turn|21
|
|t:|1641777354
|move|p1a: Mimikyu|Curse||[still]
|-fail|p1a: Mimikyu
|move|p2a: Arceus|Recover|p2a: Arceus
|-heal|p2a: Arceus|100/100
|
|-damage|p2a: Arceus|75/100|[from] Curse
|upkeep
|turn|22
|
|t:|1641777359
|move|p1a: Mimikyu|Curse||[still]
|-fail|p1a: Mimikyu
|move|p2a: Arceus|Ice Beam|p1a: Mimikyu
|-damage|p1a: Mimikyu|11/100
|
|-damage|p2a: Arceus|50/100|[from] Curse
|upkeep
|turn|23
|
|t:|1641777369
|move|p1a: Mimikyu|Destiny Bond|p1a: Mimikyu
|-singlemove|p1a: Mimikyu|Destiny Bond
|move|p2a: Arceus|Recover|p2a: Arceus
|-heal|p2a: Arceus|100/100
|
|-damage|p2a: Arceus|75/100|[from] Curse
|-fieldend|move: Trick Room
|upkeep
|turn|24
|
|t:|1641777377
|switch|p2a: Marshadow|Marshadow|100/100
|move|p1a: Mimikyu|Trick Room|p1a: Mimikyu
|-fieldstart|move: Trick Room|[of] p1a: Mimikyu
|
|upkeep
|turn|25
|
|t:|1641777380
|move|p2a: Marshadow|Shadow Sneak|p1a: Mimikyu
|-supereffective|p1a: Mimikyu
|-damage|p1a: Mimikyu|0 fnt
|faint|p1a: Mimikyu
|
|upkeep
|
|t:|1641777382
|switch|p1a: The wobbler|Smeargle, F|100/100
|-activate|p1a: The wobbler|move: Sticky Web
|-unboost|p1a: The wobbler|spe|1
|turn|26
|
|t:|1641777386
|move|p1a: The wobbler|Spore|p2a: Marshadow
|-status|p2a: Marshadow|slp|[from] move: Spore
|cant|p2a: Marshadow|slp
|
|-ability|p1a: The wobbler|Moody|boost
|-boost|p1a: The wobbler|spa|2
|-unboost|p1a: The wobbler|spd|1
|upkeep
|turn|27
|
|t:|1641777389
|switch|p2a: Kyogre|Kyogre, shiny|100/100
|detailschange|p2a: Kyogre|Kyogre-Primal, shiny
|-primal|p2a: Kyogre
|-weather|PrimordialSea|[from] ability: Primordial Sea|[of] p2a: Kyogre
|move|p1a: The wobbler|Substitute|p1a: The wobbler
|-start|p1a: The wobbler|Substitute
|-damage|p1a: The wobbler|76/100
|
|-weather|PrimordialSea|[upkeep]
|-heal|p1a: The wobbler|82/100|[from] item: Leftovers
|-ability|p1a: The wobbler|Moody|boost
|-boost|p1a: The wobbler|spd|2
|-unboost|p1a: The wobbler|atk|1
|upkeep
|turn|28
|
|t:|1641777393
|move|p1a: The wobbler|Spore|p2a: Kyogre
|-status|p2a: Kyogre|slp|[from] move: Spore
|cant|p2a: Kyogre|slp
|
|-weather|PrimordialSea|[upkeep]
|-heal|p1a: The wobbler|88/100|[from] item: Leftovers
|-fieldend|move: Trick Room
|-ability|p1a: The wobbler|Moody|boost
|-boost|p1a: The wobbler|spe|2
|-unboost|p1a: The wobbler|spd|1
|upkeep
|turn|29
|
|t:|1641777414
|move|p1a: The wobbler|Shell Smash|p1a: The wobbler
|-unboost|p1a: The wobbler|def|1
|-unboost|p1a: The wobbler|spd|1
|-boost|p1a: The wobbler|atk|2
|-boost|p1a: The wobbler|spa|2
|-boost|p1a: The wobbler|spe|2
|cant|p2a: Kyogre|slp
|
|-weather|PrimordialSea|[upkeep]
|-heal|p1a: The wobbler|94/100|[from] item: Leftovers
|-ability|p1a: The wobbler|Moody|boost
|-boost|p1a: The wobbler|spe|2
|-unboost|p1a: The wobbler|spa|1
|upkeep
|turn|30
|
|t:|1641777420
|move|p1a: The wobbler|Shell Smash|p1a: The wobbler
|-unboost|p1a: The wobbler|def|1
|-unboost|p1a: The wobbler|spd|1
|-boost|p1a: The wobbler|atk|2
|-boost|p1a: The wobbler|spa|2
|-boost|p1a: The wobbler|spe|1
|-curestatus|p2a: Kyogre|slp|[msg]
|move|p2a: Kyogre|Roar|p1a: The wobbler
|drag|p1a: Calyrex|Calyrex-Shadow|100/100
|-ability|p1a: Calyrex|As One
|-ability|p1a: Calyrex|Unnerve
|-activate|p1a: Calyrex|move: Sticky Web
|-unboost|p1a: Calyrex|spe|1
|
|-weather|PrimordialSea|[upkeep]
|upkeep
|turn|31
|
|t:|1641777425
|move|p1a: Calyrex|Astral Barrage|p2a: Kyogre
|-damage|p2a: Kyogre|56/100
|move|p2a: Kyogre|Origin Pulse|p1a: Calyrex
|-enditem|p1a: Calyrex|Focus Sash
|-damage|p1a: Calyrex|1/100
|
|-weather|PrimordialSea|[upkeep]
|upkeep
|turn|32
|
|t:|1641777431
|move|p1a: Calyrex|Astral Barrage|p2a: Kyogre
|-damage|p2a: Kyogre|13/100
|move|p2a: Kyogre|Ice Beam|p1a: Calyrex
|-damage|p1a: Calyrex|0 fnt
|faint|p1a: Calyrex
|
|-weather|PrimordialSea|[upkeep]
|upkeep
|
|t:|1641777448
|switch|p1a: Thundurus|Thundurus, M|100/100
|turn|33
|
|t:|1641777459
|move|p1a: Thundurus|Wild Charge|p2a: Kyogre
|-supereffective|p2a: Kyogre
|-damage|p2a: Kyogre|0 fnt
|faint|p2a: Kyogre
|-weather|none
|-damage|p1a: Thundurus|96/100|[from] Recoil
|
|upkeep
|
|t:|1641777465
|switch|p2a: Xerneas|Xerneas, shiny|100/100
|-ability|p2a: Xerneas|Fairy Aura
|turn|34
|
|t:|1641777473
|move|p1a: Thundurus|Taunt|p2a: Xerneas
|-start|p2a: Xerneas|move: Taunt
|cant|p2a: Xerneas|move: Taunt|Geomancy
|
|upkeep
|turn|35
|
|t:|1641777477
|move|p1a: Thundurus|Scary Face|p2a: Xerneas
|-unboost|p2a: Xerneas|spe|2
|move|p2a: Xerneas|Moonblast|p1a: Thundurus
|-damage|p1a: Thundurus|5/100
|
|upkeep
|turn|36
|
|t:|1641777491
|switch|p1a: Charizard|Charizard, M|100/100
|switch|p2a: Marshadow|Marshadow|100/100 slp
|
|upkeep
|turn|37
|
|t:|1641777500
|-start|p1a: Charizard|Dynamax
|-formechange|p1a: Charizard|Charizard-Gmax
|-heal|p1a: Charizard|100/100|[silent]
|cant|p2a: Marshadow|slp
|move|p1a: Charizard|Max Airstream|p2a: Marshadow
|-supereffective|p2a: Marshadow
|-enditem|p2a: Marshadow|Focus Sash
|-damage|p2a: Marshadow|1/100 slp
|-boost|p1a: Charizard|spe|1
|
|upkeep
|turn|38
|
|t:|1641777506
|cant|p2a: Marshadow|slp
|move|p1a: Charizard|G-Max Wildfire|p2a: Marshadow
|-damage|p2a: Marshadow|0 fnt
|-sidestart|p2: rowletroost|G-Max Wildfire
|faint|p2a: Marshadow
|
|upkeep
|
|t:|1641777511
|switch|p2a: Arceus|Arceus-Ground|75/100
|turn|39
|
|t:|1641777514
|move|p1a: Charizard|Max Airstream|p2a: Arceus
|-damage|p2a: Arceus|34/100
|-boost|p1a: Charizard|spe|1
|move|p2a: Arceus|Recover|p2a: Arceus
|-heal|p2a: Arceus|84/100
|
|-damage|p2a: Arceus|67/100|[from] G-Max Wildfire
|-end|p1a: Charizard|Dynamax
|-formechange|p1a: Charizard|Charizard
|-heal|p1a: Charizard|100/100|[silent]
|upkeep
|turn|40
|
|t:|1641777518
|move|p1a: Charizard|Air Slash|p2a: Arceus
|-damage|p2a: Arceus|43/100
|move|p2a: Arceus|Recover|p2a: Arceus
|-heal|p2a: Arceus|93/100
|
|-damage|p2a: Arceus|76/100|[from] G-Max Wildfire
|upkeep
|turn|41
|
|t:|1641777521
|move|p1a: Charizard|Air Slash|p2a: Arceus
|-damage|p2a: Arceus|52/100
|move|p2a: Arceus|Ice Beam|p1a: Charizard
|-damage|p1a: Charizard|68/100
|
|-damage|p2a: Arceus|36/100|[from] G-Max Wildfire
|-sideend|p2: rowletroost|G-Max Wildfire
|upkeep
|turn|42
|
|t:|1641777528
|move|p1a: Charizard|Blast Burn|p2a: Arceus
|-damage|p2a: Arceus|0 fnt
|-mustrecharge|p1a: Charizard
|faint|p2a: Arceus
|
|upkeep
|
|t:|1641777542
|switch|p2a: Vivillon|Vivillon-Savanna, F|100/100
|turn|43
|
|t:|1641777546
|cant|p1a: Charizard|recharge
|move|p2a: Vivillon|Sleep Powder|p1a: Charizard
|-status|p1a: Charizard|slp|[from] move: Sleep Powder
|-enditem|p1a: Charizard|Lum Berry|[eat]
|-curestatus|p1a: Charizard|slp|[msg]
|
|upkeep
|turn|44
|
|t:|1641777573
|move|p1a: Charizard|Air Slash|p2a: Vivillon
|-supereffective|p2a: Vivillon
|-damage|p2a: Vivillon|0 fnt
|faint|p2a: Vivillon
|
|upkeep
|
|t:|1641777575
|switch|p2a: Xerneas|Xerneas, shiny|100/100
|-ability|p2a: Xerneas|Fairy Aura
|turn|45
|
|t:|1641777592
|move|p1a: Charizard|Air Slash|p2a: Xerneas
|-damage|p2a: Xerneas|70/100
|move|p2a: Xerneas|Geomancy||[still]
|-prepare|p2a: Xerneas|Geomancy
|-enditem|p2a: Xerneas|Power Herb
|-anim|p2a: Xerneas|Geomancy|p2a: Xerneas
|-boost|p2a: Xerneas|spa|2
|-boost|p2a: Xerneas|spd|2
|-boost|p2a: Xerneas|spe|2
|
|upkeep
|turn|46
|
|t:|1641777605
|-start|p2a: Xerneas|Dynamax
|-heal|p2a: Xerneas|70/100|[silent]
|move|p1a: Charizard|Tailwind|p1a: Charizard
|-sidestart|p1: soda49|move: Tailwind
|move|p2a: Xerneas|Max Mindstorm|p1a: Charizard
|-damage|p1a: Charizard|0 fnt
|-fieldstart|move: Psychic Terrain
|faint|p1a: Charizard
|
|upkeep
|
|t:|1641777622
|switch|p1a: Thundurus|Thundurus, M|5/100
|turn|47
|
|t:|1641777626
|move|p1a: Thundurus|Scary Face|p2a: Xerneas
|-activate|p2a: Xerneas|move: Psychic Terrain
|move|p2a: Xerneas|Max Starfall|p1a: Thundurus
|-damage|p1a: Thundurus|0 fnt
|-fieldstart|move: Misty Terrain
|faint|p1a: Thundurus
|
|upkeep
|
|t:|1641777631
|switch|p1a: The wobbler|Smeargle, F|94/100
|-activate|p1a: The wobbler|move: Sticky Web
|-unboost|p1a: The wobbler|spe|1
|turn|48
|
|t:|1641777634
|move|p2a: Xerneas|Max Starfall|p1a: The wobbler
|-damage|p1a: The wobbler|0 fnt
|faint|p1a: The wobbler
|
|win|rowletroost
|raw|soda49's rating: 1613 &rarr; <strong>1597</strong><br />(-16 for losing)
|raw|rowletroost's rating: 1677 &rarr; <strong>1693</strong><br />(+16 for winning)
|l|☆soda49
