|j|☆OhLooord
|j|☆iHaveAsthma
|t:|1664406041
|gametype|singles
|player|p1|OhLooord|lucas|1889
|player|p2|iHaveAsthma|doctor|1848
|teamsize|p1|6
|teamsize|p2|6
|gen|8
|tier|[Gen 8] National Dex AG
|rated|
|rule|HP Percentage Mod: HP is shown in percentages
|rule|Endless Battle Clause: Forcing endless battles is banned
|clearpoke
|poke|p1|Groudon|
|poke|p1|Rayquaza|
|poke|p1|Zygarde|
|poke|p1|Calyrex-Shadow|
|poke|p1|Arceus-*|
|poke|p1|Arceus-*|
|poke|p2|Rayquaza|
|poke|p2|Groudon|
|poke|p2|Arceus-*|
|poke|p2|Lugia|
|poke|p2|Arceus-*|
|poke|p2|Tyranitar, F|
|teampreview
|inactive|Battle timer is ON: inactive players will automatically lose when time's up. (requested by OhLooord)
|
|t:|1664406056
|start
|switch|p1a: the gwoat|Rayquaza|100/100
|switch|p2a: Arceus|Arceus-Ground|100/100
|-ability|p1a: the gwoat|Air Lock
|turn|1
|
|t:|1664406061
|switch|p2a: Lugia|Lugia|100/100
|detailschange|p1a: the gwoat|Rayquaza-Mega
|-mega|p1a: the gwoat|Rayquaza|
|-weather|DeltaStream|[from] ability: Delta Stream|[of] p1a: the gwoat
|move|p1a: the gwoat|Scale Shot|p2a: Lugia
|-damage|p2a: Lugia|94/100
|-damage|p2a: Lugia|80/100
|-hitcount|p2a: Lugia|2
|-unboost|p1a: the gwoat|def|1
|-boost|p1a: the gwoat|spe|1
|-damage|p1a: the gwoat|91/100|[from] item: Life Orb
|
|-weather|DeltaStream|[upkeep]
|upkeep
|turn|2
|
|t:|1664406069
|move|p1a: the gwoat|Dragon Ascent|p2a: Lugia
|-damage|p2a: Lugia|16/100
|-unboost|p1a: the gwoat|def|1
|-unboost|p1a: the gwoat|spd|1
|-damage|p1a: the gwoat|81/100|[from] item: Life Orb
|move|p2a: Lugia|Thunder Wave|p1a: the gwoat
|-status|p1a: the gwoat|par
|
|-weather|DeltaStream|[upkeep]
|upkeep
|turn|3
|
|t:|1664406075
|move|p2a: Lugia|Roost|p2a: Lugia
|-heal|p2a: Lugia|66/100
|-singleturn|p2a: Lugia|move: Roost
|move|p1a: the gwoat|Scale Shot|p2a: Lugia
|-damage|p2a: Lugia|54/100
|-damage|p2a: Lugia|41/100
|-hitcount|p2a: Lugia|2
|-unboost|p1a: the gwoat|def|1
|-boost|p1a: the gwoat|spe|1
|-damage|p1a: the gwoat|71/100 par|[from] item: Life Orb
|
|-weather|DeltaStream|[upkeep]
|upkeep
|turn|4
|
|t:|1664406077
|move|p1a: the gwoat|Dragon Ascent|p2a: Lugia
|-damage|p2a: Lugia|0 fnt
|-unboost|p1a: the gwoat|def|1
|-unboost|p1a: the gwoat|spd|1
|faint|p2a: Lugia
|-damage|p1a: the gwoat|61/100 par|[from] item: Life Orb
|
|-weather|DeltaStream|[upkeep]
|upkeep
|
|t:|1664406080
|switch|p2a: Rayquaza|Rayquaza|100/100
|-ability|p2a: Rayquaza|Air Lock
|turn|5
|
|t:|1664406082
|detailschange|p2a: Rayquaza|Rayquaza-Mega
|-mega|p2a: Rayquaza|Rayquaza|
|move|p2a: Rayquaza|Extreme Speed|p1a: the gwoat
|-damage|p1a: the gwoat|0 fnt
|faint|p1a: the gwoat
|
|-weather|DeltaStream|[upkeep]
|upkeep
|
|t:|1664406084
|switch|p1a: the goat|Zygarde, shiny|100/100
|turn|6
|
|t:|1664406109
|-weather|none
|switch|p2a: Groudon|Groudon|100/100
|detailschange|p2a: Groudon|Groudon-Primal
|-primal|p2a: Groudon
|-weather|DesolateLand|[from] ability: Desolate Land|[of] p2a: Groudon
|move|p1a: the goat|Glare|p2a: Groudon
|-status|p2a: Groudon|par
|
|-weather|DesolateLand|[upkeep]
|upkeep
|turn|7
|
|t:|1664406112
|move|p1a: the goat|Substitute|p1a: the goat
|-start|p1a: the goat|Substitute
|-damage|p1a: the goat|75/100
|move|p2a: Groudon|Toxic||[still]
|-fail|p2a: Groudon
|
|-weather|DesolateLand|[upkeep]
|-heal|p1a: the goat|82/100|[from] item: Leftovers
|upkeep
|turn|8
|
|t:|1664406115
|move|p1a: the goat|Coil|p1a: the goat
|-boost|p1a: the goat|atk|1
|-boost|p1a: the goat|def|1
|-boost|p1a: the goat|accuracy|1
|move|p2a: Groudon|Earth Power|p1a: the goat
|-end|p1a: the goat|Substitute
|
|-weather|DesolateLand|[upkeep]
|-heal|p1a: the goat|88/100|[from] item: Leftovers
|upkeep
|turn|9
|
|t:|1664406117
|move|p1a: the goat|Substitute|p1a: the goat
|-start|p1a: the goat|Substitute
|-damage|p1a: the goat|63/100
|move|p2a: Groudon|Earth Power|p1a: the goat
|-end|p1a: the goat|Substitute
|
|-weather|DesolateLand|[upkeep]
|-heal|p1a: the goat|69/100|[from] item: Leftovers
|upkeep
|turn|10
|
|t:|1664406119
|move|p1a: the goat|Coil|p1a: the goat
|-boost|p1a: the goat|atk|1
|-boost|p1a: the goat|def|1
|-boost|p1a: the goat|accuracy|1
|move|p2a: Groudon|Earth Power|p1a: the goat
|-damage|p1a: the goat|25/100
|
|-weather|DesolateLand|[upkeep]
|-heal|p1a: the goat|31/100|[from] item: Leftovers
|-activate|p1a: the goat|ability: Power Construct
|detailschange|p1a: the goat|Zygarde-Complete, shiny
|-heal|p1a: the goat|54/100|[silent]
|upkeep
|turn|11
|
|t:|1664406121
|move|p1a: the goat|Thousand Arrows|p2a: Groudon
|-supereffective|p2a: Groudon
|-damage|p2a: Groudon|17/100 par
|move|p2a: Groudon|Earth Power|p1a: the goat
|-damage|p1a: the goat|24/100
|
|-weather|DesolateLand|[upkeep]
|-heal|p1a: the goat|30/100|[from] item: Leftovers
|upkeep
|turn|12
|
|t:|1664406125
|move|p1a: the goat|Substitute|p1a: the goat
|-start|p1a: the goat|Substitute
|-damage|p1a: the goat|5/100
|move|p2a: Groudon|Earth Power|p1a: the goat
|-end|p1a: the goat|Substitute
|
|-weather|DesolateLand|[upkeep]
|-heal|p1a: the goat|11/100|[from] item: Leftovers
|upkeep
|turn|13
|
|t:|1664406128
|move|p1a: the goat|Thousand Arrows|p2a: Groudon
|-supereffective|p2a: Groudon
|-damage|p2a: Groudon|0 fnt
|faint|p2a: Groudon
|-weather|none
|
|-heal|p1a: the goat|17/100|[from] item: Leftovers
|upkeep
|
|t:|1664406129
|switch|p2a: Rayquaza|Rayquaza-Mega|100/100
|-weather|DeltaStream|[from] ability: Delta Stream|[of] p2a: Rayquaza
|turn|14
|
|t:|1664406132
|move|p2a: Rayquaza|Scale Shot|p1a: the goat
|-supereffective|p1a: the goat
|-damage|p1a: the goat|11/100
|-supereffective|p1a: the goat
|-damage|p1a: the goat|4/100
|-supereffective|p1a: the goat
|-damage|p1a: the goat|0 fnt
|faint|p1a: the goat
|-hitcount|p1: the goat|3
|-unboost|p2a: Rayquaza|def|1
|-boost|p2a: Rayquaza|spe|1
|
|-weather|DeltaStream|[upkeep]
|upkeep
|
|t:|1664406135
|switch|p1a: Arceus|Arceus-Fairy|100/100
|turn|15
|
|t:|1664406158
|-weather|none
|switch|p2a: Arceus|Arceus-Ground|100/100
|move|p1a: Arceus|Judgment|p2a: Arceus
|-damage|p2a: Arceus|71/100
|
|upkeep
|turn|16
|
|t:|1664406160
|move|p1a: Arceus|Perish Song|p1a: Arceus
|-start|p1a: Arceus|perish3|[silent]
|-start|p2a: Arceus|perish3|[silent]
|-fieldactivate|move: Perish Song
|move|p2a: Arceus|Calm Mind|p2a: Arceus
|-boost|p2a: Arceus|spa|1
|-boost|p2a: Arceus|spd|1
|
|-start|p1a: Arceus|perish3
|-start|p2a: Arceus|perish3
|upkeep
|turn|17
|
|t:|1664406167
|move|p1a: Arceus|Judgment|p2a: Arceus
|-damage|p2a: Arceus|51/100
|move|p2a: Arceus|Judgment|p1a: Arceus
|-damage|p1a: Arceus|60/100
|
|-start|p1a: Arceus|perish2
|-start|p2a: Arceus|perish2
|upkeep
|turn|18
|
|t:|1664406170
|move|p1a: Arceus|Recover|p1a: Arceus
|-heal|p1a: Arceus|100/100
|move|p2a: Arceus|Recover|p2a: Arceus
|-heal|p2a: Arceus|100/100
|
|-start|p1a: Arceus|perish1
|-start|p2a: Arceus|perish1
|upkeep
|turn|19
|
|t:|1664406175
|switch|p1a: Pyra|Groudon|100/100
|detailschange|p1a: Pyra|Groudon-Primal
|-primal|p1a: Pyra
|-weather|DesolateLand|[from] ability: Desolate Land|[of] p1a: Pyra
|switch|p2a: Tyranitar|Tyranitar, F|100/100
|-ability|p2a: Tyranitar|Sand Stream|[from] desolateland|[fail]
|
|-weather|DesolateLand|[upkeep]
|upkeep
|turn|20
|
|t:|1664406184
|-weather|none
|switch|p1a: Arceus|Arceus|100/100
|switch|p2a: Arceus|Arceus-Ground|100/100
|
|upkeep
|turn|21
|
|t:|1664406186
|move|p1a: Arceus|Swords Dance|p1a: Arceus
|-boost|p1a: Arceus|atk|2
|move|p2a: Arceus|Calm Mind|p2a: Arceus
|-boost|p2a: Arceus|spa|1
|-boost|p2a: Arceus|spd|1
|
|upkeep
|turn|22
|
|t:|1664406189
|-start|p1a: Arceus|Dynamax|
|-heal|p1a: Arceus|100/100|[silent]
|move|p1a: Arceus|Max Strike|p2a: Arceus
|-crit|p2a: Arceus
|-damage|p2a: Arceus|6/100
|-unboost|p2a: Arceus|spe|1
|move|p2a: Arceus|Judgment|p1a: Arceus
|-damage|p1a: Arceus|78/100
|
|upkeep
|turn|23
|
|t:|1664406193
|move|p1a: Arceus|Max Strike|p2a: Arceus
|-damage|p2a: Arceus|0 fnt
|faint|p2a: Arceus
|
|upkeep
|
|t:|1664406202
|switch|p2a: Rayquaza|Rayquaza-Mega|100/100
|-weather|DeltaStream|[from] ability: Delta Stream|[of] p2a: Rayquaza
|turn|24
|
|t:|1664406204
|move|p2a: Rayquaza|Dragon Ascent|p1a: Arceus
|-damage|p1a: Arceus|47/100
|-unboost|p2a: Rayquaza|def|1
|-unboost|p2a: Rayquaza|spd|1
|move|p1a: Arceus|Max Strike|p2a: Rayquaza
|-enditem|p2a: Rayquaza|Focus Sash
|-damage|p2a: Rayquaza|1/100
|-unboost|p2a: Rayquaza|spe|1
|
|-weather|DeltaStream|[upkeep]
|upkeep
|-end|p1a: Arceus|Dynamax
|-heal|p1a: Arceus|47/100|[silent]
|turn|25
|
|t:|1664406207
|move|p1a: Arceus|Extreme Speed|p2a: Rayquaza
|-damage|p2a: Rayquaza|0 fnt
|faint|p2a: Rayquaza
|-weather|none
|
|upkeep
|
|t:|1664406208
|switch|p2a: Arceus|Arceus-Flying|100/100
|turn|26
|
|t:|1664406212
|-start|p2a: Arceus|Dynamax|
|-heal|p2a: Arceus|100/100|[silent]
|move|p1a: Arceus|Extreme Speed|p2a: Arceus
|-damage|p2a: Arceus|70/100
|move|p2a: Arceus|Max Airstream|p1a: Arceus
|-damage|p1a: Arceus|0 fnt
|-boost|p2a: Arceus|spe|1
|faint|p1a: Arceus
|
|upkeep
|
|t:|1664406218
|switch|p1a: Arceus|Arceus-Fairy|100/100
|turn|27
|
|t:|1664406226
|move|p2a: Arceus|Max Airstream|p1a: Arceus
|-damage|p1a: Arceus|41/100
|-boost|p2a: Arceus|spe|1
|move|p1a: Arceus|Thunder Wave|p2a: Arceus|[miss]
|-miss|p1a: Arceus|p2a: Arceus
|
|upkeep
|turn|28
|c|☆OhLooord|bruh
|
|t:|1664406238
|switch|p1a: Calyrex|Calyrex-Shadow|100/100
|-ability|p1a: Calyrex|As One
|-ability|p1a: Calyrex|Unnerve
|move|p2a: Arceus|Max Airstream|p1a: Calyrex
|-damage|p1a: Calyrex|1/100
|-boost|p2a: Arceus|spe|1
|
|-heal|p1a: Calyrex|7/100|[from] item: Leftovers
|upkeep
|-end|p2a: Arceus|Dynamax
|-heal|p2a: Arceus|70/100|[silent]
|turn|29
|
|t:|1664406242
|move|p2a: Arceus|Swords Dance|p2a: Arceus
|-boost|p2a: Arceus|atk|2
|move|p1a: Calyrex|Leech Seed|p2a: Arceus
|-start|p2a: Arceus|move: Leech Seed
|
|-heal|p1a: Calyrex|13/100|[from] item: Leftovers
|-damage|p2a: Arceus|58/100|[from] Leech Seed|[of] p1a: Calyrex
|-heal|p1a: Calyrex|28/100|[silent]
|upkeep
|turn|30
|
|t:|1664406246
|move|p2a: Arceus|Earthquake|p1a: Calyrex
|-damage|p1a: Calyrex|0 fnt
|faint|p1a: Calyrex
|
|upkeep
|c|☆OhLooord|that miss might of just saved ur ass LOL
|
|t:|1664406257
|switch|p1a: Pyra|Groudon-Primal|100/100
|-weather|DesolateLand|[from] ability: Desolate Land|[of] p1a: Pyra
|turn|31
|
|t:|1664406262
|move|p2a: Arceus|Earthquake|p1a: Pyra
|-supereffective|p1a: Pyra
|-damage|p1a: Pyra|37/100
|move|p1a: Pyra|Stone Edge|p2a: Arceus
|-supereffective|p2a: Arceus
|-damage|p2a: Arceus|3/100
|
|-weather|DesolateLand|[upkeep]
|-damage|p2a: Arceus|0 fnt|[from] Leech Seed|[of] p1a: Pyra
|-heal|p1a: Pyra|40/100|[silent]
|faint|p2a: Arceus
|upkeep
|
|t:|1664406264
|switch|p2a: Tyranitar|Tyranitar, F|100/100
|-ability|p2a: Tyranitar|Sand Stream|[from] desolateland|[fail]
|turn|32
|-message|iHaveAsthma forfeited.
|
|win|OhLooord
|raw|OhLooord's rating: 1889 &rarr; <strong>1907</strong><br />(+18 for winning)
|raw|iHaveAsthma's rating: 1848 &rarr; <strong>1830</strong><br />(-18 for losing)
|l|☆iHaveAsthma
|c|☆OhLooord|nvm im goated
||Ladder isn't responding, score probably updated but might not have (Request timeout).
