|j|‽Apprenti Buck
|j|☆C0ld as Ic3
|t:|1653985686
|gametype|singles
|player|p1|Apprenti Buck|mustard-master|1863
|player|p2|C0ld as Ic3|schoolkid-gen4dp|1793
|teamsize|p1|6
|teamsize|p2|6
|gen|8
|tier|[Gen 8] National Dex AG
|rated|
|rule|HP Percentage Mod: HP is shown in percentages
|rule|Endless Battle Clause: Forcing endless battles is banned
|clearpoke
|poke|p1|Xerneas-*|
|poke|p1|Necrozma-Dusk-Mane|
|poke|p1|Ditto|
|poke|p1|Yveltal|
|poke|p1|Arceus-*|
|poke|p1|Zacian-*|
|poke|p2|Necrozma-Dusk-Mane|
|poke|p2|Zygarde|
|poke|p2|Calyrex-Shadow|
|poke|p2|Marshadow|
|poke|p2|Xerneas-*|
|poke|p2|Skarmory, F|
|teampreview
|inactive|Battle timer is ON: inactive players will automatically lose when time's up. (requested by Apprenti Buck)
|inactive|C0ld as Ic3 also wants the timer to be on.
|
|t:|1653985696
|start
|switch|p1a: Arceus|Arceus-Water|100/100
|switch|p2a: Xerneas|Xerneas|100/100
|-ability|p2a: Xerneas|Fairy Aura
|turn|1
|
|t:|1653985705
|move|p1a: Arceus|Stealth Rock|p2a: Xerneas
|-sidestart|p2: C0ld as Ic3|move: Stealth Rock
|move|p2a: Xerneas|Geomancy||[still]
|-prepare|p2a: Xerneas|Geomancy
|-enditem|p2a: Xerneas|Power Herb
|-anim|p2a: Xerneas|Geomancy|p2a: Xerneas
|-boost|p2a: Xerneas|spa|2
|-boost|p2a: Xerneas|spd|2
|-boost|p2a: Xerneas|spe|2
|
|upkeep
|turn|2
|
|t:|1653985708
|move|p2a: Xerneas|Moonblast|p1a: Arceus
|-damage|p1a: Arceus|3/100
|move|p1a: Arceus|Will-O-Wisp|p2a: Xerneas
|-status|p2a: Xerneas|brn
|
|-damage|p2a: Xerneas|94/100 brn|[from] brn
|upkeep
|turn|3
|
|t:|1653985711
|move|p2a: Xerneas|Moonblast|p1a: Arceus
|-damage|p1a: Arceus|0 fnt
|faint|p1a: Arceus
|
|-damage|p2a: Xerneas|88/100 brn|[from] brn
|upkeep
|
|t:|1653985718
|switch|p1a: Ditto|Ditto|100/100
|-transform|p1a: Ditto|p2a: Xerneas|[from] ability: Imposter
|-ability|p1a: Ditto|Fairy Aura
|turn|4
|
|t:|1653985725
|-start|p1a: Ditto|Dynamax|
|-heal|p1a: Ditto|100/100|[silent]
|-start|p2a: Xerneas|Dynamax|
|-heal|p2a: Xerneas|88/100 brn|[silent]
|move|p1a: Ditto|Max Guard|p1a: Ditto
|-singleturn|p1a: Ditto|Max Guard
|move|p2a: Xerneas|Max Starfall|p1a: Ditto
|-activate|p1a: Ditto|move: Max Guard
|
|-damage|p2a: Xerneas|85/100 brn|[from] brn
|upkeep
|turn|5
|
|t:|1653985728
|move|p1a: Ditto|Max Starfall|p2a: Xerneas
|-damage|p2a: Xerneas|48/100 brn
|-fieldstart|move: Misty Terrain
|move|p2a: Xerneas|Max Starfall|p1a: Ditto
|-damage|p1a: Ditto|40/100
|
|-damage|p2a: Xerneas|45/100 brn|[from] brn
|upkeep
|turn|6
|
|t:|1653985731
|move|p1a: Ditto|Max Guard|p1a: Ditto
|-singleturn|p1a: Ditto|Max Guard
|move|p2a: Xerneas|Max Starfall|p1a: Ditto
|-activate|p1a: Ditto|move: Max Guard
|
|-damage|p2a: Xerneas|41/100 brn|[from] brn
|upkeep
|-end|p1a: Ditto|Dynamax
|-heal|p1a: Ditto|40/100|[silent]
|-end|p2a: Xerneas|Dynamax
|-heal|p2a: Xerneas|41/100 brn|[silent]
|turn|7
|
|t:|1653985733
|move|p1a: Ditto|Moonblast|p2a: Xerneas
|-damage|p2a: Xerneas|0 fnt
|faint|p2a: Xerneas
|
|upkeep
|
|t:|1653985736
|switch|p2a: Necrozma|Necrozma-Dusk-Mane|100/100
|-damage|p2a: Necrozma|95/100|[from] Stealth Rock
|turn|8
|
|t:|1653985742
|switch|p1a: Necrozma|Necrozma-Dusk-Mane|100/100
|move|p2a: Necrozma|Photon Geyser|p1a: Necrozma
|-resisted|p1a: Necrozma
|-damage|p1a: Necrozma|92/100
|
|-heal|p1a: Necrozma|98/100|[from] item: Leftovers
|upkeep
|turn|9
|
|t:|1653985746
|switch|p2a: Skarmory|Skarmory, F|100/100
|-damage|p2a: Skarmory|88/100|[from] Stealth Rock
|move|p1a: Necrozma|Dragon Dance|p1a: Necrozma
|-boost|p1a: Necrozma|atk|1
|-boost|p1a: Necrozma|spe|1
|
|-heal|p1a: Necrozma|100/100|[from] item: Leftovers
|-fieldend|Misty Terrain
|upkeep
|turn|10
|
|t:|1653985750
|move|p1a: Necrozma|Dragon Dance|p1a: Necrozma
|-boost|p1a: Necrozma|atk|1
|-boost|p1a: Necrozma|spe|1
|move|p2a: Skarmory|Spikes|p1a: Necrozma
|-sidestart|p1: Apprenti Buck|Spikes
|
|upkeep
|turn|11
|
|t:|1653985754
|move|p1a: Necrozma|Sunsteel Strike|p2a: Skarmory
|-resisted|p2a: Skarmory
|-damage|p2a: Skarmory|37/100
|-damage|p1a: Necrozma|84/100|[from] item: Rocky Helmet|[of] p2a: Skarmory
|move|p2a: Skarmory|Spikes|p1a: Necrozma
|-sidestart|p1: Apprenti Buck|Spikes
|
|-heal|p1a: Necrozma|90/100|[from] item: Leftovers
|upkeep
|turn|12
|
|t:|1653985761
|move|p1a: Necrozma|Dragon Dance|p1a: Necrozma
|-boost|p1a: Necrozma|atk|1
|-boost|p1a: Necrozma|spe|1
|move|p2a: Skarmory|Rock Tomb|p1a: Necrozma
|-resisted|p1a: Necrozma
|-damage|p1a: Necrozma|86/100
|-unboost|p1a: Necrozma|spe|1
|
|-heal|p1a: Necrozma|92/100|[from] item: Leftovers
|upkeep
|turn|13
|
|t:|1653985766
|move|p1a: Necrozma|Sunsteel Strike|p2a: Skarmory
|-resisted|p2a: Skarmory
|-damage|p2a: Skarmory|0 fnt
|-damage|p1a: Necrozma|75/100|[from] item: Rocky Helmet|[of] p2a: Skarmory
|faint|p2a: Skarmory
|
|-heal|p1a: Necrozma|81/100|[from] item: Leftovers
|upkeep
|
|t:|1653985770
|switch|p2a: Marshadow|Marshadow|100/100
|-damage|p2a: Marshadow|94/100|[from] Stealth Rock
|turn|14
|
|t:|1653985773
|move|p2a: Marshadow|Endure|p2a: Marshadow
|-singleturn|p2a: Marshadow|move: Endure
|move|p1a: Necrozma|Sunsteel Strike|p2a: Marshadow
|-activate|p2a: Marshadow|move: Endure
|-damage|p2a: Marshadow|1/100
|
|-heal|p1a: Necrozma|87/100|[from] item: Leftovers
|upkeep
|turn|15
|-enditem|p2a: Marshadow|Custap Berry|[eat]
|-activate|p2a: Marshadow|item: Custap Berry|[consumed]
|
|t:|1653985780
|switch|p1a: Yveltal|Yveltal|100/100
|-ability|p1a: Yveltal|Dark Aura
|move|p2a: Marshadow|Spectral Thief|p1a: Yveltal
|-resisted|p1a: Yveltal
|-damage|p1a: Yveltal|81/100
|
|upkeep
|turn|16
|
|t:|1653985788
|move|p2a: Marshadow|Reversal|p1a: Yveltal
|-damage|p1a: Yveltal|8/100
|move|p1a: Yveltal|U-turn|p2a: Marshadow
|-resisted|p2a: Marshadow
|-damage|p2a: Marshadow|0 fnt
|faint|p2a: Marshadow
|
|t:|1653985801
|switch|p1a: Necrozma|Necrozma-Dusk-Mane|87/100|[from]move: U-turn
|-damage|p1a: Necrozma|71/100|[from] Spikes
|
|-heal|p1a: Necrozma|77/100|[from] item: Leftovers
|upkeep
|
|t:|1653985817
|switch|p2a: Calyrex|Calyrex-Shadow|100/100
|-ability|p2a: Calyrex|As One
|-ability|p2a: Calyrex|Unnerve
|-damage|p2a: Calyrex|88/100|[from] Stealth Rock
|turn|17
|
|t:|1653985821
|switch|p2a: Zygarde|Zygarde|100/100
|-damage|p2a: Zygarde|94/100|[from] Stealth Rock
|move|p1a: Necrozma|Sunsteel Strike|p2a: Zygarde
|-damage|p2a: Zygarde|52/100
|
|-heal|p1a: Necrozma|83/100|[from] item: Leftovers
|upkeep
|turn|18
|
|t:|1653985827
|switch|p1a: Yveltal|Yveltal|8/100
|-ability|p1a: Yveltal|Dark Aura
|move|p2a: Zygarde|Dragon Dance|p2a: Zygarde
|-boost|p2a: Zygarde|atk|1
|-boost|p2a: Zygarde|spe|1
|
|upkeep
|turn|19
|
|t:|1653985838
|move|p2a: Zygarde|Stone Edge|p1a: Yveltal
|-supereffective|p1a: Yveltal
|-damage|p1a: Yveltal|0 fnt
|faint|p1a: Yveltal
|-damage|p2a: Zygarde|42/100|[from] item: Life Orb
|
|-activate|p2a: Zygarde|ability: Power Construct
|detailschange|p2a: Zygarde|Zygarde-Complete
|-heal|p2a: Zygarde|64/100|[silent]
|upkeep
|
|t:|1653985843
|switch|p1a: Xerneas|Xerneas|100/100
|-damage|p1a: Xerneas|84/100|[from] Spikes
|-ability|p1a: Xerneas|Fairy Aura
|turn|20
|
|t:|1653985863
|move|p2a: Zygarde|Earthquake|p1a: Xerneas
|-damage|p1a: Xerneas|7/100
|-damage|p2a: Zygarde|54/100|[from] item: Life Orb
|move|p1a: Xerneas|Moonblast|p2a: Zygarde
|-supereffective|p2a: Zygarde
|-damage|p2a: Zygarde|0 fnt
|faint|p2a: Zygarde
|
|upkeep
|
|t:|1653985870
|switch|p2a: Necrozma|Necrozma-Dusk-Mane|95/100
|-damage|p2a: Necrozma|89/100|[from] Stealth Rock
|turn|21
|
|t:|1653985884
|move|p1a: Xerneas|Moonblast|p2a: Necrozma
|-resisted|p2a: Necrozma
|-damage|p2a: Necrozma|56/100
|move|p2a: Necrozma|Dragon Dance|p2a: Necrozma
|-boost|p2a: Necrozma|atk|1
|-boost|p2a: Necrozma|spe|1
|
|upkeep
|turn|22
|
|t:|1653985889
|move|p2a: Necrozma|Photon Geyser|p1a: Xerneas
|-damage|p1a: Xerneas|0 fnt
|faint|p1a: Xerneas
|
|upkeep
|
|t:|1653985903
|switch|p1a: Necrozma|Necrozma-Dusk-Mane|83/100
|-damage|p1a: Necrozma|66/100|[from] Spikes
|turn|23
|
|t:|1653985907
|move|p2a: Necrozma|Earthquake|p1a: Necrozma
|-supereffective|p1a: Necrozma
|-damage|p1a: Necrozma|14/100
|move|p1a: Necrozma|Sunsteel Strike|p2a: Necrozma
|-resisted|p2a: Necrozma
|-damage|p2a: Necrozma|34/100
|
|-heal|p1a: Necrozma|20/100|[from] item: Leftovers
|upkeep
|turn|24
|
|t:|1653985912
|move|p2a: Necrozma|Earthquake|p1a: Necrozma
|-supereffective|p1a: Necrozma
|-damage|p1a: Necrozma|0 fnt
|faint|p1a: Necrozma
|
|upkeep
|
|t:|1653985913
|switch|p1a: Ditto|Ditto|40/100
|-damage|p1a: Ditto|24/100|[from] Spikes
|-transform|p1a: Ditto|p2a: Necrozma|[from] ability: Imposter
|turn|25
|
|t:|1653985917
|detailschange|p2a: Necrozma|Necrozma-Ultra
|-burst|p2a: Necrozma|Necrozma|Ultranecrozium Z
|move|p1a: Ditto|Earthquake|p2a: Necrozma
|-damage|p2a: Necrozma|0 fnt
|faint|p2a: Necrozma
|
|upkeep
|
|t:|1653985920
|switch|p2a: Calyrex|Calyrex-Shadow|88/100
|-ability|p2a: Calyrex|As One
|-ability|p2a: Calyrex|Unnerve
|-damage|p2a: Calyrex|76/100|[from] Stealth Rock
|turn|26
|
|t:|1653985922
|switch|p1a: Zacian|Zacian-Crowned|100/100
|-damage|p1a: Zacian|84/100|[from] Spikes
|-ability|p1a: Zacian|Intrepid Sword|boost
|-boost|p1a: Zacian|atk|1
|move|p2a: Calyrex|Astral Barrage|p1a: Zacian
|-damage|p1a: Zacian|19/100
|
|upkeep
|turn|27
|
|t:|1653985924
|move|p2a: Calyrex|Astral Barrage|p1a: Zacian
|-damage|p1a: Zacian|0 fnt
|faint|p1a: Zacian
|-ability|p2a: Calyrex|Grim Neigh|boost
|-boost|p2a: Calyrex|spa|1
|
|upkeep
|
|t:|1653985927
|switch|p1a: Ditto|Ditto|24/100
|-damage|p1a: Ditto|7/100|[from] Spikes
|-transform|p1a: Ditto|p2a: Calyrex|[from] ability: Imposter
|turn|28
|-message|C0ld as Ic3 forfeited.
|
|win|Apprenti Buck
|raw|Apprenti Buck's rating: 1863 &rarr; <strong>1879</strong><br />(+16 for winning)
|raw|C0ld as Ic3's rating: 1793 &rarr; <strong>1777</strong><br />(-16 for losing)
|l|☆C0ld as Ic3
