|j|☆Limit Revolution 2
|j|☆batsanj
|t:|1620418818
|gametype|singles
|player|p1|Limit Revolution 2|2|1429
|player|p2|batsanj|red|1467
|teamsize|p1|6
|teamsize|p2|6
|gen|8
|tier|[Gen 8] National Dex AG
|rated|
|rule|HP Percentage Mod: HP is shown in percentages
|rule|Endless Battle Clause: Forcing endless battles is banned
|clearpoke
|poke|p1|Rayquaza|
|poke|p1|Zacian-*|
|poke|p1|Zacian-*|
|poke|p1|Zacian-*|
|poke|p1|Zacian-*|
|poke|p1|Zacian-*|
|poke|p2|Rayquaza|
|poke|p2|Groudon|
|poke|p2|Arceus-*|
|poke|p2|Zacian-*|
|poke|p2|Marshadow|
|poke|p2|Xerneas-*|
|teampreview
|inactive|Battle timer is ON: inactive players will automatically lose when time's up. (requested by batsanj)
|
|t:|1620418839
|start
|updatepoke|p1: Zacian|Zacian-Crowned
|updatepoke|p1: Zacian|Zacian-Crowned
|updatepoke|p1: Zacian|Zacian-Crowned
|updatepoke|p1: Zacian|Zacian-Crowned
|updatepoke|p1: Zacian|Zacian-Crowned
|updatepoke|p2: Zacian|Zacian-Crowned
|updatepoke|p2: Xerneas|Xerneas
|switch|p1a: Big Green Dragon|Rayquaza|100/100
|switch|p2a: Groudon|Groudon|100/100
|-ability|p1a: Big Green Dragon|Air Lock
|detailschange|p2a: Groudon|Groudon-Primal
|-primal|p2a: Groudon
|-weather|DesolateLand|[from] ability: Desolate Land|[of] p2a: Groudon
|turn|1
|
|t:|1620418843
|-weather|none
|switch|p2a: Rayquaza|Rayquaza|100/100
|-ability|p2a: Rayquaza|Air Lock
|detailschange|p1a: Big Green Dragon|Rayquaza-Mega
|-mega|p1a: Big Green Dragon|Rayquaza|
|-weather|DeltaStream|[from] ability: Delta Stream|[of] p1a: Big Green Dragon
|move|p1a: Big Green Dragon|Waterfall|p2a: Rayquaza
|-resisted|p2a: Rayquaza
|-damage|p2a: Rayquaza|71/100
|
|-weather|DeltaStream|[upkeep]
|upkeep
|turn|2
|
|t:|1620418854
|detailschange|p2a: Rayquaza|Rayquaza-Mega
|-mega|p2a: Rayquaza|Rayquaza|
|move|p2a: Rayquaza|Dragon Claw|p1a: Big Green Dragon
|-supereffective|p1a: Big Green Dragon
|-damage|p1a: Big Green Dragon|0 fnt
|faint|p1a: Big Green Dragon
|-damage|p2a: Rayquaza|61/100|[from] item: Life Orb
|
|-weather|DeltaStream|[upkeep]
|upkeep
|
|t:|1620418860
|switch|p1a: Zacian|Zacian-Crowned|100/100
|-ability|p1a: Zacian|Intrepid Sword|boost
|-boost|p1a: Zacian|atk|1
|turn|3
|
|t:|1620418864
|move|p1a: Zacian|Behemoth Blade|p2a: Rayquaza
|-damage|p2a: Rayquaza|0 fnt
|faint|p2a: Rayquaza
|-weather|none
|
|upkeep
|
|t:|1620418868
|switch|p2a: Groudon|Groudon-Primal|100/100
|-weather|DesolateLand|[from] ability: Desolate Land|[of] p2a: Groudon
|turn|4
|
|t:|1620418871
|move|p1a: Zacian|Sacred Sword|p2a: Groudon
|-damage|p2a: Groudon|66/100
|move|p2a: Groudon|Fire Punch|p1a: Zacian
|-supereffective|p1a: Zacian
|-damage|p1a: Zacian|0 fnt
|faint|p1a: Zacian
|
|-weather|DesolateLand|[upkeep]
|upkeep
|
|t:|1620418878
|switch|p1a: Zacian|Zacian-Crowned|100/100
|-ability|p1a: Zacian|Intrepid Sword|boost
|-boost|p1a: Zacian|atk|1
|turn|5
|
|t:|1620418883
|move|p1a: Zacian|Sacred Sword|p2a: Groudon
|-damage|p2a: Groudon|32/100
|move|p2a: Groudon|Fire Punch|p1a: Zacian
|-supereffective|p1a: Zacian
|-crit|p1a: Zacian
|-damage|p1a: Zacian|0 fnt
|faint|p1a: Zacian
|
|-weather|DesolateLand|[upkeep]
|upkeep
|
|t:|1620418889
|switch|p1a: Zacian|Zacian-Crowned|100/100
|-ability|p1a: Zacian|Intrepid Sword|boost
|-boost|p1a: Zacian|atk|1
|turn|6
|
|t:|1620418893
|move|p1a: Zacian|Close Combat|p2a: Groudon
|-damage|p2a: Groudon|0 fnt
|-unboost|p1a: Zacian|def|1
|-unboost|p1a: Zacian|spd|1
|faint|p2a: Groudon
|-weather|none
|
|upkeep
|
|t:|1620418898
|switch|p2a: Zacian|Zacian-Crowned|100/100
|-ability|p2a: Zacian|Intrepid Sword|boost
|-boost|p2a: Zacian|atk|1
|turn|7
|
|t:|1620418901
|move|p2a: Zacian|Behemoth Blade|p1a: Zacian
|-damage|p1a: Zacian|15/100
|move|p1a: Zacian|Behemoth Blade|p2a: Zacian
|-damage|p2a: Zacian|23/100
|
|upkeep
|turn|8
|
|t:|1620418905
|move|p2a: Zacian|Behemoth Blade|p1a: Zacian
|-damage|p1a: Zacian|0 fnt
|faint|p1a: Zacian
|
|upkeep
|
|t:|1620418908
|switch|p1a: Zacian|Zacian-Crowned|100/100
|-ability|p1a: Zacian|Intrepid Sword|boost
|-boost|p1a: Zacian|atk|1
|turn|9
|
|t:|1620418910
|move|p2a: Zacian|Behemoth Blade|p1a: Zacian
|-damage|p1a: Zacian|32/100
|move|p1a: Zacian|Behemoth Blade|p2a: Zacian
|-damage|p2a: Zacian|0 fnt
|faint|p2a: Zacian
|
|upkeep
|
|t:|1620418914
|switch|p2a: Marshadow|Marshadow|100/100
|turn|10
|
|t:|1620418919
|move|p1a: Zacian|Behemoth Blade|p2a: Marshadow
|-damage|p2a: Marshadow|4/100
|move|p2a: Marshadow|Spectral Thief||[still]
|-clearpositiveboost|p1a: Zacian|p2a: Marshadow|move: Spectral Thief
|-boost|p2a: Marshadow|atk|1
|-anim|p2a: Marshadow|Spectral Thief|p1a: Zacian
|-damage|p1a: Zacian|0 fnt
|faint|p1a: Zacian
|
|upkeep
|
|t:|1620418921
|switch|p1a: Zacian|Zacian-Crowned|100/100
|-ability|p1a: Zacian|Intrepid Sword|boost
|-boost|p1a: Zacian|atk|1
|turn|11
|
|t:|1620418923
|move|p2a: Marshadow|Shadow Sneak|p1a: Zacian
|-damage|p1a: Zacian|65/100
|move|p1a: Zacian|Behemoth Blade|p2a: Marshadow
|-damage|p2a: Marshadow|0 fnt
|faint|p2a: Marshadow
|
|upkeep
|
|t:|1620418927
|switch|p2a: Arceus|Arceus|100/100
|turn|12
|-activate|p2a: Arceus|item: Quick Claw
|
|t:|1620418939
|move|p2a: Arceus|Swords Dance|p2a: Arceus
|-boost|p2a: Arceus|atk|2
|move|p1a: Zacian|Behemoth Blade|p2a: Arceus
|-damage|p2a: Arceus|38/100
|
|upkeep
|turn|13
|
|t:|1620418953
|move|p2a: Arceus|Extreme Speed|p1a: Zacian
|-resisted|p1a: Zacian
|-damage|p1a: Zacian|34/100
|move|p1a: Zacian|Behemoth Blade|p2a: Arceus
|-damage|p2a: Arceus|0 fnt
|faint|p2a: Arceus
|
|upkeep
|
|t:|1620418956
|switch|p2a: Xerneas|Xerneas|100/100
|-ability|p2a: Xerneas|Fairy Aura
|turn|14
|c|☆batsanj|gg
|
|t:|1620418961
|move|p1a: Zacian|Behemoth Blade|p2a: Xerneas
|-supereffective|p2a: Xerneas
|-damage|p2a: Xerneas|0 fnt
|faint|p2a: Xerneas
|
|win|Limit Revolution 2
|raw|Limit Revolution 2's rating: 1429 &rarr; <strong>1451</strong><br />(+22 for winning)
|raw|batsanj's rating: 1467 &rarr; <strong>1445</strong><br />(-22 for losing)
|l|☆batsanj
|c|☆Limit Revolution 2|gg
