|j|☆Diancie_hhh
|j|☆v87
|t:|1659161439
|gametype|singles
|player|p1|Diancie_hhh|steven|1695
|player|p2|v87|170|1905
|teamsize|p1|6
|teamsize|p2|6
|gen|8
|tier|[Gen 8] National Dex AG
|rated|
|rule|HP Percentage Mod: HP is shown in percentages
|rule|Endless Battle Clause: Forcing endless battles is banned
|clearpoke
|poke|p1|Arceus-*|
|poke|p1|Zacian-*|
|poke|p1|Groudon|
|poke|p1|Ho-Oh|
|poke|p1|Zygarde|
|poke|p1|Articuno|
|poke|p2|Zacian-*|
|poke|p2|Yveltal|
|poke|p2|Rayquaza|
|poke|p2|Groudon|
|poke|p2|Kyogre|
|poke|p2|Tornadus, M|
|teampreview
|
|t:|1659161447
|start
|switch|p1a: Zygarde|Zygarde, shiny|100/100
|switch|p2a: Groudon|Groudon|100/100
|detailschange|p2a: Groudon|Groudon-Primal
|-primal|p2a: Groudon
|-weather|DesolateLand|[from] ability: Desolate Land|[of] p2a: Groudon
|turn|1
|
|t:|1659161455
|-weather|none
|switch|p2a: Rayquaza|Rayquaza|100/100
|-ability|p2a: Rayquaza|Air Lock
|move|p1a: Zygarde|Glare|p2a: Rayquaza
|-status|p2a: Rayquaza|par
|-enditem|p2a: Rayquaza|Lum Berry|[eat]
|-curestatus|p2a: Rayquaza|par|[msg]
|
|upkeep
|turn|2
|
|t:|1659161465
|detailschange|p2a: Rayquaza|Rayquaza-Mega
|-mega|p2a: Rayquaza|Rayquaza|
|-weather|DeltaStream|[from] ability: Delta Stream|[of] p2a: Rayquaza
|move|p2a: Rayquaza|Scale Shot|p1a: Zygarde
|-supereffective|p1a: Zygarde
|-damage|p1a: Zygarde|77/100
|-supereffective|p1a: Zygarde
|-damage|p1a: Zygarde|54/100
|-supereffective|p1a: Zygarde
|-damage|p1a: Zygarde|33/100
|-hitcount|p1a: Zygarde|3
|-unboost|p2a: Rayquaza|def|1
|-boost|p2a: Rayquaza|spe|1
|move|p1a: Zygarde|Glare|p2a: Rayquaza
|-status|p2a: Rayquaza|par
|
|-weather|DeltaStream|[upkeep]
|-activate|p1a: Zygarde|ability: Power Construct
|detailschange|p1a: Zygarde|Zygarde-Complete, shiny
|-heal|p1a: Zygarde|57/100|[silent]
|upkeep
|turn|3
|
|t:|1659161488
|move|p2a: Rayquaza|V-create|p1a: Zygarde
|-resisted|p1a: Zygarde
|-damage|p1a: Zygarde|41/100
|-unboost|p2a: Rayquaza|spe|1
|-unboost|p2a: Rayquaza|def|1
|-unboost|p2a: Rayquaza|spd|1
|move|p1a: Zygarde|Coil|p1a: Zygarde
|-boost|p1a: Zygarde|atk|1
|-boost|p1a: Zygarde|def|1
|-boost|p1a: Zygarde|accuracy|1
|
|-weather|DeltaStream|[upkeep]
|upkeep
|turn|4
|
|t:|1659161500
|move|p1a: Zygarde|Thousand Arrows|p2a: Rayquaza
|-damage|p2a: Rayquaza|0 fnt
|faint|p2a: Rayquaza
|-weather|none
|
|upkeep
|
|t:|1659161505
|switch|p2a: Kyogre|Kyogre|100/100
|-weather|RainDance|[from] ability: Drizzle|[of] p2a: Kyogre
|turn|5
|
|t:|1659161513
|switch|p1a: Ho-Oh|Ho-Oh, shiny|100/100
|move|p2a: Kyogre|Ice Beam|p1a: Ho-Oh
|-damage|p1a: Ho-Oh|75/100
|
|-weather|RainDance|[upkeep]
|upkeep
|turn|6
|
|t:|1659161526
|switch|p2a: Groudon|Groudon-Primal|100/100
|-weather|DesolateLand|[from] ability: Desolate Land|[of] p2a: Groudon
|move|p1a: Ho-Oh|Toxic|p2a: Groudon
|-status|p2a: Groudon|tox
|
|-weather|DesolateLand|[upkeep]
|-damage|p2a: Groudon|94/100 tox|[from] psn
|upkeep
|turn|7
|
|t:|1659161537
|switch|p1a: Zygarde|Zygarde-Complete, shiny|41/100
|move|p2a: Groudon|Stealth Rock|p1a: Zygarde
|-sidestart|p1: Diancie_hhh|move: Stealth Rock
|
|-weather|DesolateLand|[upkeep]
|-damage|p2a: Groudon|82/100 tox|[from] psn
|upkeep
|turn|8
|
|t:|1659161554
|move|p1a: Zygarde|Rest|p1a: Zygarde
|-status|p1a: Zygarde|slp|[from] move: Rest
|-heal|p1a: Zygarde|100/100 slp|[silent]
|-enditem|p1a: Zygarde|Chesto Berry|[eat]
|-curestatus|p1a: Zygarde|slp|[msg]
|move|p2a: Groudon|Dragon Tail|p1a: Zygarde
|-supereffective|p1a: Zygarde
|-damage|p1a: Zygarde|84/100
|drag|p1a: Ho-Oh|Ho-Oh, shiny|100/100
|
|-weather|DesolateLand|[upkeep]
|-damage|p2a: Groudon|63/100 tox|[from] psn
|upkeep
|turn|9
|
|t:|1659161568
|move|p1a: Ho-Oh|Defog|p2a: Groudon
|-unboost|p2a: Groudon|evasion|1
|-sideend|p1: Diancie_hhh|Stealth Rock|[from] move: Defog|[of] p1a: Ho-Oh
|move|p2a: Groudon|Thunder Wave|p1a: Ho-Oh
|-status|p1a: Ho-Oh|par
|
|-weather|DesolateLand|[upkeep]
|-damage|p2a: Groudon|39/100 tox|[from] psn
|upkeep
|turn|10
|
|t:|1659161578
|move|p2a: Groudon|Stealth Rock|p1a: Ho-Oh
|-sidestart|p1: Diancie_hhh|move: Stealth Rock
|cant|p1a: Ho-Oh|par
|
|-weather|DesolateLand|[upkeep]
|-damage|p2a: Groudon|8/100 tox|[from] psn
|upkeep
|turn|11
|
|t:|1659161600
|-weather|none
|switch|p2a: Yveltal|Yveltal|100/100
|-ability|p2a: Yveltal|Dark Aura
|move|p1a: Ho-Oh|Defog|p2a: Yveltal
|-unboost|p2a: Yveltal|evasion|1
|-sideend|p1: Diancie_hhh|Stealth Rock|[from] move: Defog|[of] p1a: Ho-Oh
|
|upkeep
|turn|12
|
|t:|1659161613
|-start|p2a: Yveltal|Dynamax|
|-heal|p2a: Yveltal|100/100|[silent]
|move|p2a: Yveltal|Max Airstream|p1a: Ho-Oh
|-damage|p1a: Ho-Oh|2/100 par
|-boost|p2a: Yveltal|spe|1
|-damage|p2a: Yveltal|96/100|[from] item: Life Orb
|cant|p1a: Ho-Oh|par
|
|upkeep
|turn|13
|
|t:|1659161626
|switch|p1a: Zygarde|Zygarde-Complete, shiny|84/100
|move|p2a: Yveltal|Max Darkness|p1a: Zygarde
|-damage|p1a: Zygarde|37/100
|-unboost|p1a: Zygarde|spd|1
|-damage|p2a: Yveltal|91/100|[from] item: Life Orb
|
|upkeep
|turn|14
|
|t:|1659161644
|switch|p1a: Ho-Oh|Ho-Oh, shiny|35/100 par
|move|p2a: Yveltal|Max Darkness|p1a: Ho-Oh
|-damage|p1a: Ho-Oh|0 fnt
|faint|p1a: Ho-Oh
|-damage|p2a: Yveltal|86/100|[from] item: Life Orb
|
|upkeep
|
|t:|1659161657
|switch|p1a: Arceus|Arceus, shiny|100/100
|-end|p2a: Yveltal|Dynamax
|-heal|p2a: Yveltal|86/100|[silent]
|turn|15
|
|t:|1659161665
|move|p1a: Arceus|Extreme Speed|p2a: Yveltal
|-damage|p2a: Yveltal|35/100
|-damage|p1a: Arceus|91/100|[from] item: Life Orb
|move|p2a: Yveltal|Tailwind|p2a: Yveltal
|-sidestart|p2: v87|move: Tailwind
|
|upkeep
|turn|16
|
|t:|1659161674
|move|p2a: Yveltal|Foul Play|p1a: Arceus
|-damage|p1a: Arceus|28/100
|-damage|p2a: Yveltal|25/100|[from] item: Life Orb
|move|p1a: Arceus|Swords Dance|p1a: Arceus
|-boost|p1a: Arceus|atk|2
|
|upkeep
|turn|17
|
|t:|1659161687
|move|p1a: Arceus|Extreme Speed|p2a: Yveltal
|-damage|p2a: Yveltal|0 fnt
|faint|p2a: Yveltal
|-damage|p1a: Arceus|18/100|[from] item: Life Orb
|
|upkeep
|
|t:|1659161702
|switch|p2a: Zacian|Zacian-Crowned|100/100
|-ability|p2a: Zacian|Intrepid Sword|boost
|-boost|p2a: Zacian|atk|1
|turn|18
|
|t:|1659161707
|move|p1a: Arceus|Extreme Speed|p2a: Zacian
|-resisted|p2a: Zacian
|-damage|p2a: Zacian|60/100
|-damage|p1a: Arceus|8/100|[from] item: Life Orb
|move|p2a: Zacian|Behemoth Blade|p1a: Arceus
|-damage|p1a: Arceus|0 fnt
|faint|p1a: Arceus
|
|-sideend|p2: v87|move: Tailwind
|upkeep
|
|t:|1659161714
|switch|p1a: 大地之神|Groudon, shiny|100/100
|detailschange|p1a: 大地之神|Groudon-Primal, shiny
|-primal|p1a: 大地之神
|-weather|DesolateLand|[from] ability: Desolate Land|[of] p1a: 大地之神
|turn|19
|
|t:|1659161733
|switch|p2a: Groudon|Groudon-Primal|8/100 tox
|move|p1a: 大地之神|Fire Punch|p2a: Groudon
|-resisted|p2a: Groudon
|-damage|p2a: Groudon|0 fnt
|faint|p2a: Groudon
|
|-weather|DesolateLand|[upkeep]
|upkeep
|
|t:|1659161741
|switch|p2a: Tornadus|Tornadus, M|100/100
|turn|20
|
|t:|1659161752
|-zpower|p2a: Tornadus
|move|p2a: Tornadus|Supersonic Skystrike|p1a: 大地之神|[zeffect]
|-damage|p1a: 大地之神|7/100
|move|p1a: 大地之神|Fire Punch|p2a: Tornadus
|-damage|p2a: Tornadus|0 fnt
|faint|p2a: Tornadus
|
|-weather|DesolateLand|[upkeep]
|upkeep
|
|t:|1659161764
|switch|p2a: Zacian|Zacian-Crowned|60/100
|-ability|p2a: Zacian|Intrepid Sword|boost
|-boost|p2a: Zacian|atk|1
|turn|21
|
|t:|1659161771
|-weather|none
|switch|p1a: Zygarde|Zygarde-Complete, shiny|37/100
|move|p2a: Zacian|Behemoth Blade|p1a: Zygarde
|-damage|p1a: Zygarde|5/100
|
|upkeep
|turn|22
|
|t:|1659161788
|move|p2a: Zacian|Quick Attack|p1a: Zygarde
|-damage|p1a: Zygarde|0 fnt
|faint|p1a: Zygarde
|
|upkeep
|
|t:|1659161792
|switch|p1a: Zacian|Zacian-Crowned, shiny|100/100
|-ability|p1a: Zacian|Intrepid Sword|boost
|-boost|p1a: Zacian|atk|1
|turn|23
|
|t:|1659161799
|move|p1a: Zacian|Behemoth Blade|p2a: Zacian
|-damage|p2a: Zacian|0 fnt
|faint|p2a: Zacian
|
|upkeep
|-message|v87 forfeited.
|
|win|Diancie_hhh
|raw|Diancie_hhh's rating: 1695 &rarr; <strong>1726</strong><br />(+31 for winning)
|raw|v87's rating: 1905 &rarr; <strong>1874</strong><br />(-31 for losing)
|l|☆v87
