|j|☆Lord Rekkuza
|j|☆Kate
|inactive|Battle timer is ON: inactive players will automatically lose when time's up.
|t:|1662221689
|gametype|singles
|player|p1|Lord Rekkuza|lance-masters|
|player|p2|Kate|#kate|
|teamsize|p1|6
|teamsize|p2|6
|gen|8
|tier|[Gen 8] National Dex AG
|rated|Tournament battle
|rule|HP Percentage Mod: HP is shown in percentages
|rule|Endless Battle Clause: Forcing endless battles is banned
|clearpoke
|poke|p1|Rayquaza|
|poke|p1|Necrozma-Dusk-Mane|
|poke|p1|Arceus-*|
|poke|p1|Arceus-*|
|poke|p1|Ditto|
|poke|p1|Arceus-*|
|poke|p2|Ho-Oh|
|poke|p2|Zacian-*|
|poke|p2|Yveltal|
|poke|p2|Necrozma-Dusk-Mane|
|poke|p2|Arceus-*|
|poke|p2|Arceus-*|
|teampreview
|
|t:|1662221699
|start
|switch|p1a: Arceus|Arceus-Ground|100/100
|switch|p2a: Ho-Oh|Ho-Oh|100/100
|turn|1
|
|t:|1662221707
|switch|p1a: Arceus|Arceus-Water|100/100
|switch|p2a: Yveltal|Yveltal|100/100
|-ability|p2a: Yveltal|Dark Aura
|
|upkeep
|turn|2
|
|t:|1662221718
|switch|p1a: Arceus|Arceus-Dark|100/100
|move|p2a: Yveltal|Toxic|p1a: Arceus
|-status|p1a: Arceus|tox
|
|-damage|p1a: Arceus|94/100 tox|[from] psn
|upkeep
|turn|3
|
|t:|1662221725
|switch|p1a: Ditto|Ditto, shiny|100/100
|-transform|p1a: Ditto|p2a: Yveltal|[from] ability: Imposter
|-ability|p1a: Ditto|Dark Aura
|move|p2a: Yveltal|U-turn|p1a: Ditto
|-damage|p1a: Ditto|75/100
|
|t:|1662221727
|switch|p2a: Zacian|Zacian-Crowned|100/100|[from]move: U-turn
|-ability|p2a: Zacian|Intrepid Sword|boost
|-boost|p2a: Zacian|atk|1
|
|upkeep
|turn|4
|
|t:|1662221732
|switch|p2a: Necrozma|Necrozma-Dusk-Mane|100/100
|switch|p1a: Necrozma|Necrozma-Dusk-Mane|100/100
|
|upkeep
|turn|5
|
|t:|1662221743
|move|p1a: Necrozma|Thunder Wave|p2a: Necrozma
|-status|p2a: Necrozma|par
|cant|p2a: Necrozma|par
|
|upkeep
|turn|6
|j| Nike2002
|
|t:|1662221754
|switch|p1a: Arceus|Arceus-Dark|94/100 tox
|move|p2a: Necrozma|Stealth Rock|p1a: Arceus
|-sidestart|p1: Lord Rekkuza|move: Stealth Rock
|
|-damage|p1a: Arceus|88/100 tox|[from] psn
|upkeep
|turn|7
|
|t:|1662221765
|switch|p1a: Necrozma|Necrozma-Dusk-Mane|100/100
|-damage|p1a: Necrozma|94/100|[from] Stealth Rock
|switch|p2a: Zacian|Zacian-Crowned|100/100
|-ability|p2a: Zacian|Intrepid Sword|boost
|-boost|p2a: Zacian|atk|1
|
|upkeep
|turn|8
|
|t:|1662221777
|switch|p2a: Ho-Oh|Ho-Oh|100/100
|move|p1a: Necrozma|Sunsteel Strike|p2a: Ho-Oh
|-resisted|p2a: Ho-Oh
|-damage|p2a: Ho-Oh|83/100
|
|upkeep
|turn|9
|
|t:|1662221785
|switch|p1a: Arceus|Arceus-Water|100/100
|-damage|p1a: Arceus|88/100|[from] Stealth Rock
|move|p2a: Ho-Oh|Sacred Fire|p1a: Arceus
|-resisted|p1a: Arceus
|-damage|p1a: Arceus|78/100
|-status|p1a: Arceus|brn
|
|-damage|p1a: Arceus|72/100 brn|[from] brn
|upkeep
|turn|10
|
|t:|1662221792
|switch|p2a: Zacian|Zacian-Crowned|100/100
|-ability|p2a: Zacian|Intrepid Sword|boost
|-boost|p2a: Zacian|atk|1
|move|p1a: Arceus|Toxic|p2a: Zacian
|-immune|p2a: Zacian
|
|-damage|p1a: Arceus|66/100 brn|[from] brn
|upkeep
|turn|11
|
|t:|1662221796
|switch|p1a: Necrozma|Necrozma-Dusk-Mane|94/100
|-damage|p1a: Necrozma|88/100|[from] Stealth Rock
|move|p2a: Zacian|Assurance|p1a: Necrozma
|-supereffective|p1a: Necrozma
|-damage|p1a: Necrozma|18/100
|-damage|p2a: Zacian|84/100|[from] item: Rocky Helmet|[of] p1a: Necrozma
|
|upkeep
|turn|12
|j| Ad.... 067 ツ
|
|t:|1662221809
|move|p2a: Zacian|Behemoth Blade|p1a: Necrozma
|-resisted|p1a: Necrozma
|-damage|p1a: Necrozma|0 fnt
|-damage|p2a: Zacian|67/100|[from] item: Rocky Helmet|[of] p1a: Necrozma
|faint|p1a: Necrozma
|
|upkeep
|
|t:|1662221811
|switch|p1a: Ditto|Ditto, shiny|75/100
|-damage|p1a: Ditto|63/100|[from] Stealth Rock
|-transform|p1a: Ditto|p2a: Zacian|[from] ability: Imposter
|-ability|p1a: Ditto|Intrepid Sword|boost
|-boost|p1a: Ditto|atk|1
|turn|13
|
|t:|1662221816
|switch|p2a: Necrozma|Necrozma-Dusk-Mane|100/100 par
|move|p1a: Ditto|Behemoth Blade|p2a: Necrozma
|-resisted|p2a: Necrozma
|-damage|p2a: Necrozma|63/100 par
|-damage|p1a: Ditto|47/100|[from] item: Rocky Helmet|[of] p2a: Necrozma
|
|upkeep
|turn|14
|
|t:|1662221822
|switch|p1a: Arceus|Arceus-Dark|88/100 tox
|-damage|p1a: Arceus|76/100 tox|[from] Stealth Rock
|move|p2a: Necrozma|Moonlight|p2a: Necrozma
|-heal|p2a: Necrozma|100/100 par
|
|-damage|p1a: Arceus|70/100 tox|[from] psn
|upkeep
|turn|15
|
|t:|1662221827
|switch|p2a: Yveltal|Yveltal|100/100
|-ability|p2a: Yveltal|Dark Aura
|move|p1a: Arceus|Whirlpool|p2a: Yveltal|[miss]
|-miss|p1a: Arceus|p2a: Yveltal
|
|-damage|p1a: Arceus|58/100 tox|[from] psn
|upkeep
|turn|16
|
|t:|1662221833
|move|p1a: Arceus|Recover|p1a: Arceus
|-heal|p1a: Arceus|100/100 tox
|move|p2a: Yveltal|U-turn|p1a: Arceus
|-supereffective|p1a: Arceus
|-damage|p1a: Arceus|73/100 tox
|
|t:|1662221835
|switch|p2a: Zacian|Zacian-Crowned|67/100|[from]move: U-turn
|-ability|p2a: Zacian|Intrepid Sword|boost
|-boost|p2a: Zacian|atk|1
|
|-damage|p1a: Arceus|55/100 tox|[from] psn
|upkeep
|turn|17
|j| Ash-Lucario579
|l| Ash-Lucario579
|
|t:|1662221844
|move|p2a: Zacian|Behemoth Blade|p1a: Arceus
|-damage|p1a: Arceus|0 fnt
|faint|p1a: Arceus
|
|upkeep
|
|t:|1662221846
|switch|p1a: Ditto|Ditto, shiny|47/100
|-damage|p1a: Ditto|34/100|[from] Stealth Rock
|-transform|p1a: Ditto|p2a: Zacian|[from] ability: Imposter
|-ability|p1a: Ditto|Intrepid Sword|boost
|-boost|p1a: Ditto|atk|1
|turn|18
|
|t:|1662221850
|switch|p2a: Ho-Oh|Ho-Oh|100/100
|move|p1a: Ditto|Close Combat|p2a: Ho-Oh
|-resisted|p2a: Ho-Oh
|-damage|p2a: Ho-Oh|61/100
|-unboost|p1a: Ditto|def|1
|-unboost|p1a: Ditto|spd|1
|
|upkeep
|turn|19
|
|t:|1662221859
|switch|p1a: Arceus|Arceus-Water|66/100 brn
|-damage|p1a: Arceus|54/100 brn|[from] Stealth Rock
|switch|p2a: Zacian|Zacian-Crowned|67/100
|-ability|p2a: Zacian|Intrepid Sword|boost
|-boost|p2a: Zacian|atk|1
|
|-damage|p1a: Arceus|48/100 brn|[from] brn
|upkeep
|turn|20
|
|t:|1662221863
|move|p2a: Zacian|Wild Charge|p1a: Arceus
|-supereffective|p1a: Arceus
|-damage|p1a: Arceus|0 fnt
|faint|p1a: Arceus
|-damage|p2a: Zacian|51/100|[from] Recoil
|
|upkeep
|
|t:|1662221864
|switch|p1a: Ditto|Ditto, shiny|34/100
|-damage|p1a: Ditto|22/100|[from] Stealth Rock
|-transform|p1a: Ditto|p2a: Zacian|[from] ability: Imposter
|-ability|p1a: Ditto|Intrepid Sword|boost
|-boost|p1a: Ditto|atk|1
|turn|21
|
|t:|1662221877
|switch|p2a: Necrozma|Necrozma-Dusk-Mane|100/100 par
|move|p1a: Ditto|Close Combat|p2a: Necrozma
|-crit|p2a: Necrozma
|-damage|p2a: Necrozma|11/100 par
|-unboost|p1a: Ditto|def|1
|-unboost|p1a: Ditto|spd|1
|-damage|p1a: Ditto|6/100|[from] item: Rocky Helmet|[of] p2a: Necrozma
|
|upkeep
|turn|22
|
|t:|1662221885
|move|p1a: Ditto|Close Combat|p2a: Necrozma
|-damage|p2a: Necrozma|0 fnt
|-unboost|p1a: Ditto|def|1
|-unboost|p1a: Ditto|spd|1
|-damage|p1a: Ditto|0 fnt|[from] item: Rocky Helmet|[of] p2a: Necrozma
|faint|p2a: Necrozma
|faint|p1a: Ditto
|
|upkeep
|
|t:|1662221898
|switch|p2a: Zacian|Zacian-Crowned|51/100
|switch|p1a: Arceus|Arceus-Ground|100/100
|-ability|p2a: Zacian|Intrepid Sword|boost
|-boost|p2a: Zacian|atk|1
|-damage|p1a: Arceus|94/100|[from] Stealth Rock
|turn|23
|
|t:|1662221903
|move|p2a: Zacian|Behemoth Blade|p1a: Arceus
|-damage|p1a: Arceus|18/100
|move|p1a: Arceus|Judgment|p2a: Zacian
|-supereffective|p2a: Zacian
|-damage|p2a: Zacian|0 fnt
|faint|p2a: Zacian
|
|upkeep
|
|t:|1662221906
|switch|p2a: Arceus|Arceus|100/100
|turn|24
|
|t:|1662221909
|move|p2a: Arceus|Extreme Speed|p1a: Arceus
|-damage|p1a: Arceus|0 fnt
|faint|p1a: Arceus
|
|upkeep
|
|t:|1662221911
|switch|p1a: Rayquaza|Rayquaza|100/100
|-damage|p1a: Rayquaza|76/100|[from] Stealth Rock
|-ability|p1a: Rayquaza|Air Lock
|turn|25
|
|t:|1662221916
|detailschange|p1a: Rayquaza|Rayquaza-Mega
|-mega|p1a: Rayquaza|Rayquaza|
|-weather|DeltaStream|[from] ability: Delta Stream|[of] p1a: Rayquaza
|-start|p2a: Arceus|Dynamax|
|-heal|p2a: Arceus|100/100|[silent]
|move|p1a: Rayquaza|Dragon Ascent|p2a: Arceus
|-damage|p2a: Arceus|62/100
|-unboost|p1a: Rayquaza|def|1
|-unboost|p1a: Rayquaza|spd|1
|-damage|p1a: Rayquaza|66/100|[from] item: Life Orb
|move|p2a: Arceus|Max Strike|p1a: Rayquaza
|-damage|p1a: Rayquaza|0 fnt
|faint|p1a: Rayquaza
|-weather|none
|
|win|Kate
|n|☆Lord Rekkuza|lordrekkuza
|n|☆Kate|kate
|n| Nike2002|nike2002
|n| Ad.... 067 ツ|ad067
|l| Ad.... 067 ツ
|l|☆Kate
|l|☆Lord Rekkuza
|j|☆Lord Rekkuza
|player|p1|Lord Rekkuza|lance-masters
|l|☆Lord Rekkuza
|player|p1|
|j| Farce Of The Death
