|j|☆Snake of the Moon
|j|☆Glaliegoesboom ❤
|t:|1661687727
|gametype|singles
|player|p1|Snake of the Moon|lance-masters|
|player|p2|Glaliegoesboom ❤|cynthia-masters|
|teamsize|p1|6
|teamsize|p2|6
|gen|8
|tier|[Gen 8] National Dex AG
|rule|HP Percentage Mod: HP is shown in percentages
|rule|Endless Battle Clause: Forcing endless battles is banned
|clearpoke
|poke|p1|Dialga|
|poke|p1|Giratina|
|poke|p1|Dragonite, M|
|poke|p1|Ferrothorn, M|
|poke|p1|Rotom-Wash|
|poke|p1|Lucario, F|
|poke|p2|Clefable, M|
|poke|p2|Ferrothorn, F|
|poke|p2|Hippowdon, M|
|poke|p2|Dialga|
|poke|p2|Gyarados, M|
|poke|p2|Giratina|
|teampreview
|inactive|Battle timer is ON: inactive players will automatically lose when time's up. (requested by Snake of the Moon)
|inactive|Glaliegoesboom ❤ also wants the timer to be on.
|
|t:|1661687739
|start
|switch|p1a: Ferrothorn|Ferrothorn, M|100/100
|switch|p2a: Ferrothorn|Ferrothorn, F|100/100
|-ability|p1a: Ferrothorn|Anticipation
|turn|1
|
|t:|1661687747
|move|p1a: Ferrothorn|Stealth Rock|p2a: Ferrothorn
|-sidestart|p2: Glaliegoesboom ❤|move: Stealth Rock
|move|p2a: Ferrothorn|Stealth Rock|p1a: Ferrothorn
|-sidestart|p1: Snake of the Moon|move: Stealth Rock
|
|upkeep
|turn|2
|
|t:|1661687755
|switch|p1a: Giratina|Giratina|100/100
|-damage|p1a: Giratina|88/100|[from] Stealth Rock
|-ability|p1a: Giratina|Pressure
|switch|p2a: Giratina|Giratina|100/100
|-damage|p2a: Giratina|88/100|[from] Stealth Rock
|-ability|p2a: Giratina|Pressure
|
|upkeep
|turn|3
|
|t:|1661687766
|move|p2a: Giratina|Will-O-Wisp|p1a: Giratina
|-status|p1a: Giratina|brn
|move|p1a: Giratina|Toxic|p2a: Giratina
|-status|p2a: Giratina|tox
|
|-damage|p2a: Giratina|82/100 tox|[from] psn
|-damage|p1a: Giratina|82/100 brn|[from] brn
|upkeep
|turn|4
|
|t:|1661687774
|switch|p1a: Ferrothorn|Ferrothorn, M|100/100
|-damage|p1a: Ferrothorn|94/100|[from] Stealth Rock
|move|p2a: Giratina|Hex|p1a: Ferrothorn
|-damage|p1a: Ferrothorn|80/100
|
|-damage|p2a: Giratina|70/100 tox|[from] psn
|upkeep
|turn|5
|
|t:|1661687784
|move|p2a: Giratina|Will-O-Wisp|p1a: Ferrothorn
|-status|p1a: Ferrothorn|brn
|move|p1a: Ferrothorn|Knock Off|p2a: Giratina
|-supereffective|p2a: Giratina
|-enditem|p2a: Giratina|Colbur Berry|[eat]
|-enditem|p2a: Giratina|Colbur Berry|[weaken]
|-damage|p2a: Giratina|65/100 tox
|
|-damage|p2a: Giratina|47/100 tox|[from] psn
|-damage|p1a: Ferrothorn|74/100 brn|[from] brn
|upkeep
|turn|6
|
|t:|1661687791
|switch|p2a: Dialga|Dialga|100/100
|-damage|p2a: Dialga|94/100|[from] Stealth Rock
|-ability|p2a: Dialga|Pressure
|switch|p1a: Rotom|Rotom-Wash|100/100
|-damage|p1a: Rotom|88/100|[from] Stealth Rock
|
|upkeep
|turn|7
|
|t:|1661687797
|switch|p2a: Ferrothorn|Ferrothorn, F|100/100
|-damage|p2a: Ferrothorn|95/100|[from] Stealth Rock
|move|p1a: Rotom|Defog|p2a: Ferrothorn
|-unboost|p2a: Ferrothorn|evasion|1
|-sideend|p2: Glaliegoesboom ❤|Stealth Rock|[from] move: Defog|[of] p1a: Rotom
|-sideend|p1: Snake of the Moon|Stealth Rock|[from] move: Defog|[of] p1a: Rotom
|
|upkeep
|turn|8
|l|☆Glaliegoesboom ❤
|inactive|Glaliegoesboom ❤ disconnected and has 300 seconds to reconnect!
|player|p2|
|j|☆Glaliegoesboom ❤
|inactive|Glaliegoesboom ❤ reconnected and has 290 seconds left.
|player|p2|Glaliegoesboom ❤|cynthia-masters
|
|t:|1661687817
|move|p1a: Rotom|Thunder Wave|p2a: Ferrothorn
|-status|p2a: Ferrothorn|par
|move|p2a: Ferrothorn|Stealth Rock|p1a: Rotom
|-sidestart|p1: Snake of the Moon|move: Stealth Rock
|
|upkeep
|turn|9
|
|t:|1661687826
|move|p1a: Rotom|Defog|p2a: Ferrothorn
|-unboost|p2a: Ferrothorn|evasion|1
|-sideend|p1: Snake of the Moon|Stealth Rock|[from] move: Defog|[of] p1a: Rotom
|cant|p2a: Ferrothorn|par
|
|upkeep
|turn|10
|
|t:|1661687833
|switch|p1a: Lucario|Lucario, F|100/100
|move|p2a: Ferrothorn|Stealth Rock|p1a: Lucario
|-sidestart|p1: Snake of the Moon|move: Stealth Rock
|
|upkeep
|turn|11
|
|t:|1661687838
|switch|p2a: Hippowdon|Hippowdon, M|100/100
|-weather|Sandstorm|[from] ability: Sand Stream|[of] p2a: Hippowdon
|detailschange|p1a: Lucario|Lucario-Mega, F
|-mega|p1a: Lucario|Lucario|Lucarionite
|move|p1a: Lucario|Focus Blast|p2a: Hippowdon|[miss]
|-miss|p1a: Lucario|p2a: Hippowdon
|
|-weather|Sandstorm|[upkeep]
|upkeep
|turn|12
|
|t:|1661687846
|move|p1a: Lucario|Focus Blast|p2a: Hippowdon
|-damage|p2a: Hippowdon|32/100
|move|p2a: Hippowdon|Toxic|p1a: Lucario
|-immune|p1a: Lucario
|
|-weather|Sandstorm|[upkeep]
|-heal|p2a: Hippowdon|39/100|[from] item: Leftovers
|upkeep
|turn|13
|
|t:|1661687851
|move|p1a: Lucario|Focus Blast|p2a: Hippowdon|[miss]
|-miss|p1a: Lucario|p2a: Hippowdon
|move|p2a: Hippowdon|Earthquake|p1a: Lucario
|-supereffective|p1a: Lucario
|-damage|p1a: Lucario|0 fnt
|faint|p1a: Lucario
|
|-weather|Sandstorm|[upkeep]
|-heal|p2a: Hippowdon|45/100|[from] item: Leftovers
|upkeep
|
|t:|1661687860
|switch|p1a: Rotom|Rotom-Wash|88/100
|-damage|p1a: Rotom|76/100|[from] Stealth Rock
|turn|14
|
|t:|1661687862
|move|p1a: Rotom|Hydro Pump|p2a: Hippowdon
|-supereffective|p2a: Hippowdon
|-damage|p2a: Hippowdon|0 fnt
|faint|p2a: Hippowdon
|
|-weather|Sandstorm|[upkeep]
|-damage|p1a: Rotom|70/100|[from] Sandstorm
|upkeep
|
|t:|1661687867
|switch|p2a: Dialga|Dialga|94/100
|-ability|p2a: Dialga|Pressure
|turn|15
|
|t:|1661687870
|move|p2a: Dialga|Dragon Pulse|p1a: Rotom
|-damage|p1a: Rotom|31/100
|move|p1a: Rotom|Thunder Wave|p2a: Dialga
|-status|p2a: Dialga|par
|
|-weather|none
|upkeep
|turn|16
|l|☆Glaliegoesboom ❤
|inactive|Glaliegoesboom ❤ disconnected and has 295 seconds to reconnect!
|player|p2|
|c|☆Snake of the Moon|U calcing ?
|inactive|Glaliegoesboom ❤ has 270 seconds to reconnect!
|inactive|Glaliegoesboom ❤ has 240 seconds to reconnect!
|j| MVP2536
|inactive|Glaliegoesboom ❤ has 210 seconds to reconnect!
|c| MVP2536|did he disconnect?
|l|☆Snake of the Moon
|inactive|Snake of the Moon disconnected and has 300 seconds to reconnect!
|player|p1|
|j|☆Snake of the Moon
|inactive|Snake of the Moon reconnected.
|player|p1|Snake of the Moon|lance-masters
|inactive|Glaliegoesboom ❤ has 180 seconds to reconnect!
|c|☆Snake of the Moon|I think so
|c|☆Snake of the Moon|sigh
|c|☆Snake of the Moon|This was going p well
|inactive|Glaliegoesboom ❤ has 150 seconds to reconnect!
|c| MVP2536|ye seems like it
|l|☆Snake of the Moon
|inactive|Snake of the Moon disconnected and has 300 seconds to reconnect!
|player|p1|
|inactive|Glaliegoesboom ❤ has 120 seconds to reconnect!
|j|☆Snake of the Moon
|inactive|Snake of the Moon reconnected.
|player|p1|Snake of the Moon|lance-masters
|inactive|Glaliegoesboom ❤ has 90 seconds to reconnect!
|inactive|Glaliegoesboom ❤ has 60 seconds to reconnect!
|inactive|Glaliegoesboom ❤ has 30 seconds to reconnect!
|inactive|Glaliegoesboom ❤ has 20 seconds to reconnect!
|inactive|Glaliegoesboom ❤ has 15 seconds to reconnect!
|inactive|Glaliegoesboom ❤ has 10 seconds to reconnect!
|c| MVP2536|well looks like a gg
|inactive|Glaliegoesboom ❤ has 5 seconds to reconnect!
|-message|Glaliegoesboom ❤ lost due to inactivity.
|
|win|Snake of the Moon
|c|☆Snake of the Moon|Nah
|c|☆Snake of the Moon|unsatisfying
|c| MVP2536|ye true
