|j|☆la speranza
|j|☆ElitetoN
|t:|1664082834
|gametype|singles
|player|p1|la speranza|101|1875
|player|p2|ElitetoN|sabrina|1759
|teamsize|p1|6
|teamsize|p2|6
|gen|8
|tier|[Gen 8] National Dex AG
|rated|
|rule|HP Percentage Mod: HP is shown in percentages
|rule|Endless Battle Clause: Forcing endless battles is banned
|clearpoke
|poke|p1|Arceus-*|
|poke|p1|Deoxys-Speed|
|poke|p1|Arceus-*|
|poke|p1|Arceus-*|
|poke|p1|Arceus-*|
|poke|p1|Arceus-*|
|poke|p2|Arceus-*|
|poke|p2|Rayquaza|
|poke|p2|Kyogre|
|poke|p2|Yveltal|
|poke|p2|Tyranitar, F|
|poke|p2|Necrozma-Dusk-Mane|
|teampreview
|
|t:|1664082850
|start
|switch|p1a: Arceus|Arceus-Ice|100/100
|switch|p2a: Rayquaza|Rayquaza|100/100
|-ability|p2a: Rayquaza|Air Lock
|turn|1
|inactive|Battle timer is ON: inactive players will automatically lose when time's up. (requested by ElitetoN)
|
|t:|1664082862
|switch|p2a: Tyranitar|Tyranitar, F|100/100
|-weather|Sandstorm|[from] ability: Sand Stream|[of] p2a: Tyranitar
|move|p1a: Arceus|Will-O-Wisp|p2a: Tyranitar
|-status|p2a: Tyranitar|brn
|
|-weather|Sandstorm|[upkeep]
|-damage|p1a: Arceus|94/100|[from] Sandstorm
|-damage|p2a: Tyranitar|94/100 brn|[from] brn
|upkeep
|turn|2
|
|t:|1664082870
|move|p1a: Arceus|Stealth Rock|p2a: Tyranitar
|-sidestart|p2: ElitetoN|move: Stealth Rock
|move|p2a: Tyranitar|Toxic|p1a: Arceus
|-status|p1a: Arceus|tox
|
|-weather|Sandstorm|[upkeep]
|-damage|p1a: Arceus|88/100 tox|[from] Sandstorm
|-heal|p2a: Tyranitar|100/100 brn|[from] item: Leftovers
|-damage|p1a: Arceus|82/100 tox|[from] psn
|-damage|p2a: Tyranitar|94/100 brn|[from] brn
|upkeep
|turn|3
|
|t:|1664082878
|switch|p1a: Arceus|Arceus-Ground|100/100
|move|p2a: Tyranitar|Stealth Rock|p1a: Arceus
|-sidestart|p1: la speranza|move: Stealth Rock
|
|-weather|Sandstorm|[upkeep]
|-heal|p2a: Tyranitar|100/100 brn|[from] item: Leftovers
|-damage|p2a: Tyranitar|94/100 brn|[from] brn
|upkeep
|turn|4
|
|t:|1664082883
|move|p1a: Arceus|Swords Dance|p1a: Arceus
|-boost|p1a: Arceus|atk|2
|move|p2a: Tyranitar|Toxic|p1a: Arceus
|-status|p1a: Arceus|tox
|
|-weather|Sandstorm|[upkeep]
|-heal|p2a: Tyranitar|100/100 brn|[from] item: Leftovers
|-damage|p1a: Arceus|94/100 tox|[from] psn
|-damage|p2a: Tyranitar|94/100 brn|[from] brn
|upkeep
|turn|5
|
|t:|1664082891
|switch|p2a: Arceus|Arceus-Ground|100/100
|-damage|p2a: Arceus|94/100|[from] Stealth Rock
|move|p1a: Arceus|Earthquake|p2a: Arceus
|-damage|p2a: Arceus|16/100
|
|-weather|none
|-damage|p1a: Arceus|82/100 tox|[from] psn
|upkeep
|turn|6
|
|t:|1664082897
|move|p1a: Arceus|Extreme Speed|p2a: Arceus
|-damage|p2a: Arceus|0 fnt
|faint|p2a: Arceus
|
|-damage|p1a: Arceus|64/100 tox|[from] psn
|upkeep
|
|t:|1664082907
|switch|p2a: Tyranitar|Tyranitar, F|94/100 brn
|-damage|p2a: Tyranitar|82/100 brn|[from] Stealth Rock
|-weather|Sandstorm|[from] ability: Sand Stream|[of] p2a: Tyranitar
|turn|7
|
|t:|1664082911
|move|p1a: Arceus|Earthquake|p2a: Tyranitar
|-supereffective|p2a: Tyranitar
|-damage|p2a: Tyranitar|0 fnt
|faint|p2a: Tyranitar
|
|-weather|Sandstorm|[upkeep]
|-damage|p1a: Arceus|40/100 tox|[from] psn
|upkeep
|
|t:|1664082915
|switch|p2a: Necrozma|Necrozma-Dusk-Mane|100/100
|-damage|p2a: Necrozma|94/100|[from] Stealth Rock
|turn|8
|
|t:|1664082918
|move|p1a: Arceus|Earthquake|p2a: Necrozma
|-supereffective|p2a: Necrozma
|-crit|p2a: Necrozma
|-damage|p2a: Necrozma|0 fnt
|faint|p2a: Necrozma
|
|-weather|Sandstorm|[upkeep]
|-damage|p1a: Arceus|10/100 tox|[from] psn
|upkeep
|
|t:|1664082922
|switch|p2a: Rayquaza|Rayquaza|100/100
|-damage|p2a: Rayquaza|75/100|[from] Stealth Rock
|-ability|p2a: Rayquaza|Air Lock
|turn|9
|
|t:|1664082924
|detailschange|p2a: Rayquaza|Rayquaza-Mega
|-mega|p2a: Rayquaza|Rayquaza|
|-weather|DeltaStream|[from] ability: Delta Stream|[of] p2a: Rayquaza
|move|p2a: Rayquaza|Extreme Speed|p1a: Arceus
|-damage|p1a: Arceus|0 fnt
|faint|p1a: Arceus
|
|-weather|DeltaStream|[upkeep]
|upkeep
|
|t:|1664082929
|switch|p1a: Arceus|Arceus-Ice|82/100 tox
|-damage|p1a: Arceus|57/100 tox|[from] Stealth Rock
|turn|10
|
|t:|1664082940
|move|p2a: Rayquaza|Extreme Speed|p1a: Arceus
|-damage|p1a: Arceus|25/100 tox
|move|p1a: Arceus|Judgment|p2a: Rayquaza
|-activate||deltastream
|-supereffective|p2a: Rayquaza
|-damage|p2a: Rayquaza|0 fnt
|faint|p2a: Rayquaza
|-weather|none
|
|-damage|p1a: Arceus|19/100 tox|[from] psn
|upkeep
|
|t:|1664082942
|switch|p2a: Kyogre|Kyogre|100/100
|-damage|p2a: Kyogre|88/100|[from] Stealth Rock
|-weather|RainDance|[from] ability: Drizzle|[of] p2a: Kyogre
|turn|11
|
|t:|1664082946
|move|p2a: Kyogre|Water Spout|p1a: Arceus
|-damage|p1a: Arceus|0 fnt
|faint|p1a: Arceus
|
|-weather|RainDance|[upkeep]
|upkeep
|
|t:|1664082959
|switch|p1a: Arceus|Arceus-Grass|100/100
|-damage|p1a: Arceus|88/100|[from] Stealth Rock
|turn|12
|
|t:|1664082964
|switch|p2a: Yveltal|Yveltal, shiny|100/100
|-damage|p2a: Yveltal|76/100|[from] Stealth Rock
|-ability|p2a: Yveltal|Dark Aura
|-start|p1a: Arceus|Dynamax|
|-heal|p1a: Arceus|88/100|[silent]
|move|p1a: Arceus|Max Overgrowth|p2a: Yveltal
|-resisted|p2a: Yveltal
|-damage|p2a: Yveltal|35/100
|-fieldstart|move: Grassy Terrain
|
|-weather|RainDance|[upkeep]
|-heal|p1a: Arceus|91/100|[from] Grassy Terrain
|upkeep
|turn|13
|
|t:|1664082969
|-start|p2a: Yveltal|Dynamax|
|-heal|p2a: Yveltal|35/100|[silent]
|move|p2a: Yveltal|Max Guard|p2a: Yveltal
|-singleturn|p2a: Yveltal|Max Guard
|move|p1a: Arceus|Max Rockfall|p2a: Yveltal
|-activate|p2a: Yveltal|move: Max Guard
|
|-weather|RainDance|[upkeep]
|-heal|p1a: Arceus|94/100|[from] Grassy Terrain
|upkeep
|turn|14
|
|t:|1664082973
|move|p1a: Arceus|Max Rockfall|p2a: Yveltal
|-supereffective|p2a: Yveltal
|-damage|p2a: Yveltal|0 fnt
|-weather|Sandstorm
|faint|p2a: Yveltal
|
|-weather|Sandstorm|[upkeep]
|-damage|p1a: Arceus|91/100|[from] Sandstorm
|-heal|p1a: Arceus|94/100|[from] Grassy Terrain
|upkeep
|-message|ElitetoN forfeited.
|
|win|la speranza
|raw|la speranza's rating: 1875 &rarr; <strong>1889</strong><br />(+14 for winning)
|raw|ElitetoN's rating: 1759 &rarr; <strong>1745</strong><br />(-14 for losing)
|l|☆ElitetoN
