|j|☆pipi0.0
|j|☆wysyb
|t:|1665840386
|gametype|singles
|player|p1|pipi0.0|iris-gen5bw2|1569
|player|p2|wysyb|n|1723
|teamsize|p1|6
|teamsize|p2|6
|gen|8
|tier|[Gen 8] National Dex AG
|rated|
|rule|HP Percentage Mod: HP is shown in percentages
|rule|Endless Battle Clause: Forcing endless battles is banned
|clearpoke
|poke|p1|Necrozma-Dusk-Mane|
|poke|p1|Eternatus|
|poke|p1|Arceus-*|
|poke|p1|Ho-Oh|
|poke|p1|Calyrex-Shadow|
|poke|p1|Arceus-*|
|poke|p2|Rayquaza|
|poke|p2|Calyrex-Shadow|
|poke|p2|Zacian-*|
|poke|p2|Groudon|
|poke|p2|Ditto|
|poke|p2|Yveltal|
|teampreview
|inactive|Battle timer is ON: inactive players will automatically lose when time's up. (requested by pipi0.0)
|
|t:|1665840412
|start
|switch|p1a: Necrozma|Necrozma-Dusk-Mane|100/100
|switch|p2a: 不会飞|Groudon|100/100
|detailschange|p2a: 不会飞|Groudon-Primal
|-primal|p2a: 不会飞
|-weather|DesolateLand|[from] ability: Desolate Land|[of] p2a: 不会飞
|turn|1
|
|t:|1665840418
|move|p2a: 不会飞|Heat Crash|p1a: Necrozma
|-supereffective|p1a: Necrozma
|-damage|p1a: Necrozma|46/100
|-damage|p2a: 不会飞|84/100|[from] item: Rocky Helmet|[of] p1a: Necrozma
|move|p1a: Necrozma|Stealth Rock|p2a: 不会飞
|-sidestart|p2: wysyb|move: Stealth Rock
|
|-weather|DesolateLand|[upkeep]
|upkeep
|turn|2
|
|t:|1665840433
|switch|p1a: Ho-Oh|Ho-Oh|100/100
|move|p2a: 不会飞|Heat Crash|p1a: Ho-Oh
|-resisted|p1a: Ho-Oh
|-damage|p1a: Ho-Oh|58/100
|
|-weather|DesolateLand|[upkeep]
|upkeep
|turn|3
|
|t:|1665840436
|move|p2a: 不会飞|Stone Edge|p1a: Ho-Oh
|-supereffective|p1a: Ho-Oh
|-damage|p1a: Ho-Oh|0 fnt
|faint|p1a: Ho-Oh
|
|-weather|DesolateLand|[upkeep]
|upkeep
|
|t:|1665840456
|switch|p1a: Arceus|Arceus-Fairy|100/100
|turn|4
|
|t:|1665840463
|-weather|none
|switch|p2a: 剑狗|Zacian-Crowned|100/100
|-damage|p2a: 剑狗|94/100|[from] Stealth Rock
|-ability|p2a: 剑狗|Intrepid Sword|boost
|-boost|p2a: 剑狗|atk|1
|move|p1a: Arceus|Toxic|p2a: 剑狗|[miss]
|-miss|p1a: Arceus|p2a: 剑狗
|
|upkeep
|turn|5
|
|t:|1665840474
|move|p2a: 剑狗|Substitute|p2a: 剑狗
|-start|p2a: 剑狗|Substitute
|-damage|p2a: 剑狗|69/100
|move|p1a: Arceus|Will-O-Wisp||[still]
|-fail|p1a: Arceus
|
|upkeep
|turn|6
|
|t:|1665840478
|move|p2a: 剑狗|Behemoth Blade|p1a: Arceus
|-supereffective|p1a: Arceus
|-damage|p1a: Arceus|0 fnt
|faint|p1a: Arceus
|
|upkeep
|
|t:|1665840482
|switch|p1a: Necrozma|Necrozma-Dusk-Mane|46/100
|turn|7
|
|t:|1665840484
|move|p2a: 剑狗|Close Combat|p1a: Necrozma
|-damage|p1a: Necrozma|2/100
|-unboost|p2a: 剑狗|def|1
|-unboost|p2a: 剑狗|spd|1
|-damage|p2a: 剑狗|53/100|[from] item: Rocky Helmet|[of] p1a: Necrozma
|move|p1a: Necrozma|Morning Sun|p1a: Necrozma
|-heal|p1a: Necrozma|51/100
|
|upkeep
|turn|8
|
|t:|1665840488
|move|p2a: 剑狗|Behemoth Blade|p1a: Necrozma
|-resisted|p1a: Necrozma
|-damage|p1a: Necrozma|26/100
|-damage|p2a: 剑狗|36/100|[from] item: Rocky Helmet|[of] p1a: Necrozma
|move|p1a: Necrozma|Morning Sun|p1a: Necrozma
|-heal|p1a: Necrozma|76/100
|
|upkeep
|turn|9
|
|t:|1665840492
|move|p2a: 剑狗|Close Combat|p1a: Necrozma
|-damage|p1a: Necrozma|29/100
|-unboost|p2a: 剑狗|def|1
|-unboost|p2a: 剑狗|spd|1
|-damage|p2a: 剑狗|20/100|[from] item: Rocky Helmet|[of] p1a: Necrozma
|move|p1a: Necrozma|Morning Sun|p1a: Necrozma
|-heal|p1a: Necrozma|79/100
|
|upkeep
|turn|10
|
|t:|1665840497
|switch|p2a: 不会飞|Groudon-Primal|84/100
|-damage|p2a: 不会飞|72/100|[from] Stealth Rock
|-weather|DesolateLand|[from] ability: Desolate Land|[of] p2a: 不会飞
|move|p1a: Necrozma|Sunsteel Strike|p2a: 不会飞
|-resisted|p2a: 不会飞
|-damage|p2a: 不会飞|57/100
|
|-weather|DesolateLand|[upkeep]
|upkeep
|turn|11
|
|t:|1665840511
|switch|p1a: Eternatus|Eternatus|100/100
|-ability|p1a: Eternatus|Pressure
|move|p2a: 不会飞|Earthquake|p1a: Eternatus
|-supereffective|p1a: Eternatus
|-crit|p1a: Eternatus
|-damage|p1a: Eternatus|0 fnt
|faint|p1a: Eternatus
|
|-weather|DesolateLand|[upkeep]
|upkeep
|
|t:|1665840512
|switch|p1a: Calyrex|Calyrex-Shadow|100/100
|-ability|p1a: Calyrex|As One
|-ability|p1a: Calyrex|Unnerve
|turn|12
|
|t:|1665840520
|-weather|none
|switch|p2a: Yveltal|Yveltal|100/100
|-damage|p2a: Yveltal|76/100|[from] Stealth Rock
|-ability|p2a: Yveltal|Dark Aura
|move|p1a: Calyrex|Astral Barrage|p2a: Yveltal
|-resisted|p2a: Yveltal
|-damage|p2a: Yveltal|56/100
|
|upkeep
|turn|13
|
|t:|1665840524
|switch|p1a: Arceus|Arceus-Dark|100/100
|-start|p2a: Yveltal|Dynamax|
|-heal|p2a: Yveltal|56/100|[silent]
|move|p2a: Yveltal|Max Airstream|p1a: Arceus
|-crit|p1a: Arceus
|-damage|p1a: Arceus|46/100
|-boost|p2a: Yveltal|spe|1
|
|upkeep
|turn|14
|
|t:|1665840530
|move|p2a: Yveltal|Max Airstream|p1a: Arceus
|-damage|p1a: Arceus|10/100
|-boost|p2a: Yveltal|spe|1
|move|p1a: Arceus|Recover|p1a: Arceus
|-heal|p1a: Arceus|60/100
|
|upkeep
|turn|15
|
|t:|1665840538
|move|p2a: Yveltal|Max Airstream|p1a: Arceus
|-damage|p1a: Arceus|20/100
|-boost|p2a: Yveltal|spe|1
|move|p1a: Arceus|Recover|p1a: Arceus
|-heal|p1a: Arceus|70/100
|
|upkeep
|-end|p2a: Yveltal|Dynamax
|-heal|p2a: Yveltal|56/100|[silent]
|turn|16
|
|t:|1665840542
|move|p2a: Yveltal|Oblivion Wing|p1a: Arceus
|-damage|p1a: Arceus|46/100
|-heal|p2a: Yveltal|76/100|[from] drain|[of] p1a: Arceus
|move|p1a: Arceus|Recover|p1a: Arceus
|-heal|p1a: Arceus|96/100
|
|upkeep
|turn|17
|
|t:|1665840548
|move|p2a: Yveltal|Oblivion Wing|p1a: Arceus
|-damage|p1a: Arceus|73/100
|-heal|p2a: Yveltal|93/100|[from] drain|[of] p1a: Arceus
|move|p1a: Arceus|Whirlpool|p2a: Yveltal
|-damage|p2a: Yveltal|89/100
|-activate|p2a: Yveltal|move: Whirlpool|[of] p1a: Arceus
|
|-damage|p2a: Yveltal|76/100|[from] move: Whirlpool|[partiallytrapped]
|upkeep
|turn|18
|
|t:|1665840562
|move|p2a: Yveltal|Oblivion Wing|p1a: Arceus
|-damage|p1a: Arceus|52/100
|-heal|p2a: Yveltal|93/100|[from] drain|[of] p1a: Arceus
|move|p1a: Arceus|Perish Song|p1a: Arceus
|-start|p1a: Arceus|perish3|[silent]
|-start|p2a: Yveltal|perish3|[silent]
|-fieldactivate|move: Perish Song
|
|-damage|p2a: Yveltal|81/100|[from] move: Whirlpool|[partiallytrapped]
|-start|p2a: Yveltal|perish3
|-start|p1a: Arceus|perish3
|upkeep
|turn|19
|
|t:|1665840574
|move|p2a: Yveltal|Oblivion Wing|p1a: Arceus
|-damage|p1a: Arceus|28/100
|-heal|p2a: Yveltal|99/100|[from] drain|[of] p1a: Arceus
|move|p1a: Arceus|Recover|p1a: Arceus
|-heal|p1a: Arceus|78/100
|
|-damage|p2a: Yveltal|87/100|[from] move: Whirlpool|[partiallytrapped]
|-start|p2a: Yveltal|perish2
|-start|p1a: Arceus|perish2
|upkeep
|turn|20
|
|t:|1665840576
|move|p2a: Yveltal|Oblivion Wing|p1a: Arceus
|-damage|p1a: Arceus|56/100
|-heal|p2a: Yveltal|100/100|[from] drain|[of] p1a: Arceus
|move|p1a: Arceus|Recover|p1a: Arceus
|-heal|p1a: Arceus|100/100
|
|-damage|p2a: Yveltal|88/100|[from] move: Whirlpool|[partiallytrapped]
|-start|p2a: Yveltal|perish1
|-start|p1a: Arceus|perish1
|upkeep
|turn|21
|
|t:|1665840581
|switch|p1a: Necrozma|Necrozma-Dusk-Mane|79/100
|move|p2a: Yveltal|Dark Pulse|p1a: Necrozma
|-supereffective|p1a: Necrozma
|-damage|p1a: Necrozma|16/100
|
|-end|p2a: Yveltal|Whirlpool|[partiallytrapped]
|-start|p2a: Yveltal|perish0
|upkeep
|faint|p2a: Yveltal
|
|t:|1665840593
|switch|p2a: 剑狗|Zacian-Crowned|20/100
|-damage|p2a: 剑狗|13/100|[from] Stealth Rock
|-ability|p2a: 剑狗|Intrepid Sword|boost
|-boost|p2a: 剑狗|atk|1
|turn|22
|
|t:|1665840597
|move|p2a: 剑狗|Behemoth Blade|p1a: Necrozma
|-resisted|p1a: Necrozma
|-damage|p1a: Necrozma|0 fnt
|-damage|p2a: 剑狗|0 fnt|[from] item: Rocky Helmet|[of] p1a: Necrozma
|faint|p1a: Necrozma
|faint|p2a: 剑狗
|
|upkeep
|
|t:|1665840619
|switch|p2a: 不会飞|Groudon-Primal|57/100
|switch|p1a: Arceus|Arceus-Dark|100/100
|-damage|p2a: 不会飞|44/100|[from] Stealth Rock
|-weather|DesolateLand|[from] ability: Desolate Land|[of] p2a: 不会飞
|turn|23
|
|t:|1665840627
|move|p1a: Arceus|Judgment|p2a: 不会飞
|-damage|p2a: 不会飞|0 fnt
|faint|p2a: 不会飞
|-weather|none
|
|upkeep
|
|t:|1665840630
|switch|p2a: 绿毛虫|Rayquaza|100/100
|-damage|p2a: 绿毛虫|76/100|[from] Stealth Rock
|-ability|p2a: 绿毛虫|Air Lock
|turn|24
|
|t:|1665840637
|detailschange|p2a: 绿毛虫|Rayquaza-Mega
|-mega|p2a: 绿毛虫|Rayquaza|
|-weather|DeltaStream|[from] ability: Delta Stream|[of] p2a: 绿毛虫
|move|p2a: 绿毛虫|Dragon Ascent|p1a: Arceus
|-damage|p1a: Arceus|50/100
|-unboost|p2a: 绿毛虫|def|1
|-unboost|p2a: 绿毛虫|spd|1
|move|p1a: Arceus|Judgment|p2a: 绿毛虫
|-damage|p2a: 绿毛虫|4/100
|
|-weather|DeltaStream|[upkeep]
|upkeep
|turn|25
|
|t:|1665840653
|move|p2a: 绿毛虫|Extreme Speed|p1a: Arceus
|-damage|p1a: Arceus|28/100
|move|p1a: Arceus|Judgment|p2a: 绿毛虫
|-damage|p2a: 绿毛虫|0 fnt
|faint|p2a: 绿毛虫
|-weather|none
|
|upkeep
|
|t:|1665840659
|switch|p2a: Ditto|Ditto|100/100
|-damage|p2a: Ditto|88/100|[from] Stealth Rock
|-transform|p2a: Ditto|p1a: Arceus|[from] ability: Imposter
|turn|26
|
|t:|1665840672
|move|p2a: Ditto|Whirlpool|p1a: Arceus
|-damage|p1a: Arceus|22/100
|-activate|p1a: Arceus|move: Whirlpool|[of] p2a: Ditto
|move|p1a: Arceus|Recover|p1a: Arceus
|-heal|p1a: Arceus|73/100
|
|-damage|p1a: Arceus|60/100|[from] move: Whirlpool|[partiallytrapped]
|upkeep
|turn|27
|
|t:|1665840679
|move|p1a: Arceus|Judgment|p2a: Ditto
|-resisted|p2a: Ditto
|-damage|p2a: Ditto|70/100
|move|p2a: Ditto|Perish Song|p2a: Ditto
|-start|p1a: Arceus|perish3|[silent]
|-start|p2a: Ditto|perish3|[silent]
|-fieldactivate|move: Perish Song
|
|-damage|p1a: Arceus|48/100|[from] move: Whirlpool|[partiallytrapped]
|-start|p1a: Arceus|perish3
|-start|p2a: Ditto|perish3
|upkeep
|turn|28
|
|t:|1665840686
|move|p1a: Arceus|Recover|p1a: Arceus
|-heal|p1a: Arceus|98/100
|move|p2a: Ditto|Recover|p2a: Ditto
|-heal|p2a: Ditto|100/100
|
|-damage|p1a: Arceus|85/100|[from] move: Whirlpool|[partiallytrapped]
|-start|p1a: Arceus|perish2
|-start|p2a: Ditto|perish2
|upkeep
|turn|29
|
|t:|1665840699
|move|p1a: Arceus|Whirlpool|p2a: Ditto
|-damage|p2a: Ditto|93/100
|-activate|p2a: Ditto|move: Whirlpool|[of] p1a: Arceus
|move|p2a: Ditto|Judgment|p1a: Arceus
|-damage|p1a: Arceus|72/100
|
|-damage|p1a: Arceus|59/100|[from] move: Whirlpool|[partiallytrapped]
|-damage|p2a: Ditto|80/100|[from] move: Whirlpool|[partiallytrapped]
|-start|p1a: Arceus|perish1
|-start|p2a: Ditto|perish1
|upkeep
|turn|30
|
|t:|1665840709
|move|p2a: Ditto|Recover|p2a: Ditto
|-heal|p2a: Ditto|100/100
|move|p1a: Arceus|Judgment|p2a: Ditto
|-resisted|p2a: Ditto
|-crit|p2a: Ditto
|-damage|p2a: Ditto|73/100
|
|-damage|p1a: Arceus|47/100|[from] move: Whirlpool|[partiallytrapped]
|-damage|p2a: Ditto|61/100|[from] move: Whirlpool|[partiallytrapped]
|-start|p2a: Ditto|perish0
|-start|p1a: Arceus|perish0
|upkeep
|faint|p2a: Ditto
|faint|p1a: Arceus
|
|t:|1665840711
|switch|p1a: Calyrex|Calyrex-Shadow|100/100
|switch|p2a: Calyrex|Calyrex-Shadow|100/100
|-ability|p1a: Calyrex|As One
|-ability|p1a: Calyrex|Unnerve
|-ability|p2a: Calyrex|As One
|-ability|p2a: Calyrex|Unnerve
|-damage|p2a: Calyrex|88/100|[from] Stealth Rock
|turn|31
|
|t:|1665840715
|move|p1a: Calyrex|Astral Barrage|p2a: Calyrex
|-supereffective|p2a: Calyrex
|-damage|p2a: Calyrex|0 fnt
|faint|p2a: Calyrex
|
|win|pipi0.0
|raw|pipi0.0's rating: 1569 &rarr; <strong>1597</strong><br />(+28 for winning)
|raw|wysyb's rating: 1723 &rarr; <strong>1695</strong><br />(-28 for losing)
|l|☆wysyb
||Ladder isn't responding, score probably updated but might not have (Request timeout).
