|j|☆2miko
|j|☆baesatine
|t:|1606376224
|player|p1|2miko|dawn|1061
|player|p2|baesatine|169|1137
|teamsize|p1|6
|teamsize|p2|6
|gametype|singles
|gen|8
|tier|[Gen 8] National Dex AG
|rated|
|clearpoke
|poke|p1|Dragapult, F|
|poke|p1|Corsola-Galar, M|
|poke|p1|Swampert, F|
|poke|p1|Amoonguss, F|
|poke|p1|Bisharp, M|
|poke|p1|Mantine, M|
|poke|p2|Zacian-Crowned|
|poke|p2|Mewtwo|
|poke|p2|Garchomp, F|
|poke|p2|Toxapex, M|
|poke|p2|Regieleki|
|poke|p2|Palkia|
|rule|HP Percentage Mod: HP is shown in percentages
|rule|Endless Battle Clause: Forcing endless battles is banned
|teampreview
|
|t:|1606376241
|start
|switch|p1a: Corsola|Corsola-Galar, M|100/100
|switch|p2a: Regeleki|Regieleki|100/100
|turn|1
|
|t:|1606376247
|move|p2a: Regeleki|Wild Charge|p1a: Corsola
|-damage|p1a: Corsola|66/100
|-damage|p2a: Regeleki|93/100|[from] Recoil
|move|p1a: Corsola|Will-O-Wisp|p2a: Regeleki
|-status|p2a: Regeleki|brn
|
|-damage|p2a: Regeleki|87/100 brn|[from] brn
|upkeep
|turn|2
|
|t:|1606376256
|move|p2a: Regeleki|Wild Charge|p1a: Corsola
|-damage|p1a: Corsola|47/100
|-damage|p2a: Regeleki|83/100 brn|[from] Recoil
|move|p1a: Corsola|Stealth Rock|p2a: Regeleki
|-sidestart|p2: baesatine|move: Stealth Rock
|
|-damage|p2a: Regeleki|77/100 brn|[from] brn
|upkeep
|turn|3
|
|t:|1606376263
|move|p2a: Regeleki|Wild Charge|p1a: Corsola
|-damage|p1a: Corsola|28/100
|-damage|p2a: Regeleki|73/100 brn|[from] Recoil
|move|p1a: Corsola|Strength Sap|p2a: Regeleki
|-unboost|p2a: Regeleki|atk|1
|-heal|p1a: Corsola|100/100
|
|-damage|p2a: Regeleki|67/100 brn|[from] brn
|upkeep
|turn|4
|
|t:|1606376272
|move|p2a: Regeleki|Wild Charge|p1a: Corsola
|-damage|p1a: Corsola|89/100
|-start|p2a: Regeleki|Disable|Wild Charge|[from] ability: Cursed Body|[of] p1a: Corsola
|-damage|p2a: Regeleki|64/100 brn|[from] Recoil
|move|p1a: Corsola|Night Shade|p2a: Regeleki
|-damage|p2a: Regeleki|31/100 brn
|
|-damage|p2a: Regeleki|25/100 brn|[from] brn
|upkeep
|turn|5
|c|☆baesatine|WAIT WHAT
|c|☆2miko|LMFAO
|
|t:|1606376289
|move|p2a: Regeleki|Volt Switch|p1a: Corsola
|-damage|p1a: Corsola|61/100
|c|☆baesatine|i wasnt paying attention
|c|☆baesatine|and this happens
|c|☆2miko|lol
|
|t:|1606376303
|switch|p2a: Palkia|Palkia|100/100|[from]move: Volt Switch
|-damage|p2a: Palkia|88/100|[from] Stealth Rock
|-ability|p2a: Palkia|Pressure
|move|p1a: Corsola|Night Shade|p2a: Palkia
|-damage|p2a: Palkia|57/100
|
|-heal|p2a: Palkia|63/100|[from] item: Leftovers
|upkeep
|turn|6
|
|t:|1606376315
|switch|p1a: Swampert|Swampert, F|100/100
|move|p2a: Palkia|Spacial Rend|p1a: Swampert
|-damage|p1a: Swampert|41/100
|
|-heal|p2a: Palkia|69/100|[from] item: Leftovers
|upkeep
|turn|7
|
|t:|1606376324
|detailschange|p1a: Swampert|Swampert-Mega, F
|-mega|p1a: Swampert|Swampert|Swampertite
|-start|p2a: Palkia|Dynamax
|-heal|p2a: Palkia|69/100|[silent]
|move|p2a: Palkia|Max Wyrmwind|p1a: Swampert
|-damage|p1a: Swampert|0 fnt
|faint|p1a: Swampert
|
|-heal|p2a: Palkia|72/100|[from] item: Leftovers
|upkeep
|c|☆baesatine|no
|c|☆baesatine|>:(
|c|☆2miko|lol
|
|t:|1606376340
|switch|p1a: Dragapult|Dragapult, F, shiny|100/100
|turn|8
|c|☆baesatine|i dont like this
|
|t:|1606376346
|-start|p1a: Dragapult|Dynamax
|-heal|p1a: Dragapult|100/100|[silent]
|move|p1a: Dragapult|Max Wyrmwind|p2a: Palkia
|-supereffective|p2a: Palkia
|-damage|p2a: Palkia|22/100
|-unboost|p2a: Palkia|atk|1
|move|p2a: Palkia|Max Wyrmwind|p1a: Dragapult
|-supereffective|p1a: Dragapult
|-damage|p1a: Dragapult|0 fnt
|faint|p1a: Dragapult
|
|-heal|p2a: Palkia|25/100|[from] item: Leftovers
|upkeep
|c|☆baesatine|lol
|c|☆2miko|welp
|
|t:|1606376360
|switch|p1a: Bisharp|Bisharp, M|100/100
|turn|9
|c|☆baesatine|palkia is
|c|☆baesatine|so op
|
|t:|1606376365
|move|p1a: Bisharp|Sucker Punch|p2a: Palkia
|-crit|p2a: Palkia
|-damage|p2a: Palkia|0 fnt
|-damage|p1a: Bisharp|91/100|[from] item: Life Orb
|faint|p2a: Palkia
|
|upkeep
|c|☆2miko|fr
|c|☆baesatine|i was gonna max flare u
|c|☆2miko|dragapult was banned on nd
|
|t:|1606376379
|switch|p2a: Toxapex|Toxapex, M|100/100
|-damage|p2a: Toxapex|88/100|[from] Stealth Rock
|turn|10
|c|☆2miko|lol
|c|☆2miko|i have to fight shit shit
|
|t:|1606376387
|move|p1a: Bisharp|Thunder Wave|p2a: Toxapex
|-status|p2a: Toxapex|par
|move|p2a: Toxapex|Toxic Spikes|p1a: Bisharp
|-sidestart|p1: 2miko|move: Toxic Spikes
|
|-heal|p2a: Toxapex|94/100 par|[from] item: Black Sludge
|upkeep
|turn|11
|
|t:|1606376395
|move|p1a: Bisharp|Knock Off|p2a: Toxapex
|-damage|p2a: Toxapex|47/100 par
|-enditem|p2a: Toxapex|Black Sludge|[from] move: Knock Off|[of] p1a: Bisharp
|-damage|p1a: Bisharp|81/100|[from] item: Life Orb
|move|p2a: Toxapex|Toxic Spikes|p1a: Bisharp
|-sidestart|p1: 2miko|move: Toxic Spikes
|
|upkeep
|turn|12
|
|t:|1606376403
|switch|p1a: Mantine|Mantine, M|100/100
|move|p2a: Toxapex|Scald|p1a: Mantine
|-immune|p1a: Mantine|[from] ability: Water Absorb
|
|upkeep
|turn|13
|c|☆baesatine|damn
|c|☆2miko|lol
|
|t:|1606376415
|move|p1a: Mantine|Defog|p2a: Toxapex
|-unboost|p2a: Toxapex|evasion|1
|-sideend|p2: baesatine|Stealth Rock|[from] move: Defog|[of] p1a: Mantine
|-sideend|p1: 2miko|Toxic Spikes|[from] move: Defog|[of] p1a: Mantine
|cant|p2a: Toxapex|par
|
|upkeep
|turn|14
|
|t:|1606376423
|move|p1a: Mantine|Scald|p2a: Toxapex
|-resisted|p2a: Toxapex
|-damage|p2a: Toxapex|38/100 par
|move|p2a: Toxapex|Toxic|p1a: Mantine
|-status|p1a: Mantine|tox
|
|-damage|p1a: Mantine|94/100 tox|[from] psn
|upkeep
|turn|15
|c|☆baesatine|fine
|c|☆baesatine|ill poision u instead
|c|☆2miko|lmfao
|c|☆baesatine|poison
|c|☆baesatine|im
|c|☆baesatine|done
|c|☆2miko|lol
|
|t:|1606376443
|switch|p1a: Amoonguss|Amoonguss, F|100/100
|move|p2a: Toxapex|Ice Beam|p1a: Amoonguss
|-supereffective|p1a: Amoonguss
|-damage|p1a: Amoonguss|82/100
|
|-heal|p1a: Amoonguss|88/100|[from] item: Black Sludge
|upkeep
|turn|16
|c|☆baesatine|xd
|
|t:|1606376455
|move|p1a: Amoonguss|Giga Drain|p2a: Toxapex
|-damage|p2a: Toxapex|19/100 par
|-heal|p1a: Amoonguss|95/100|[from] drain|[of] p2a: Toxapex
|cant|p2a: Toxapex|par
|
|-heal|p1a: Amoonguss|100/100|[from] item: Black Sludge
|upkeep
|turn|17
|
|t:|1606376464
|move|p1a: Amoonguss|Giga Drain|p2a: Toxapex
|-damage|p2a: Toxapex|1/100 par
|move|p2a: Toxapex|Toxic Spikes|p1a: Amoonguss
|-sidestart|p1: 2miko|move: Toxic Spikes
|
|upkeep
|turn|18
|c|☆2miko|insane damage
|
|t:|1606376471
|move|p1a: Amoonguss|Giga Drain|p2a: Toxapex
|-damage|p2a: Toxapex|0 fnt
|faint|p2a: Toxapex
|
|upkeep
|c|☆baesatine|9999 damage
|c|☆baesatine|lol
|c|☆2miko|fr
|
|t:|1606376480
|switch|p2a: Regeleki|Regieleki|25/100 brn
|turn|19
|c|☆2miko|lol
|
|t:|1606376487
|move|p2a: Regeleki|Explosion|p1a: Amoonguss
|-damage|p1a: Amoonguss|63/100
|faint|p2a: Regeleki
|move|p1a: Amoonguss|Giga Drain|p2: Regeleki|[notarget]
|-fail|p1a: Amoonguss
|
|-heal|p1a: Amoonguss|69/100|[from] item: Black Sludge
|upkeep
|c|☆2miko|oh
|c|☆baesatine|i was gonna die anyways
|c|☆2miko|lmfao
|
|t:|1606376497
|switch|p2a: Garchomp|Garchomp, F|100/100
|turn|20
|
|t:|1606376502
|detailschange|p2a: Garchomp|Garchomp-Mega, F
|-mega|p2a: Garchomp|Garchomp|Garchompite
|move|p2a: Garchomp|Earthquake|p1a: Amoonguss
|-damage|p1a: Amoonguss|3/100
|move|p1a: Amoonguss|Spore|p2a: Garchomp
|-status|p2a: Garchomp|slp|[from] move: Spore
|
|-heal|p1a: Amoonguss|9/100|[from] item: Black Sludge
|upkeep
|turn|21
|c|☆baesatine|this is the time where i mega evole
|c|☆baesatine|and now i quit
|
|t:|1606376532
|cant|p2a: Garchomp|slp
|move|p1a: Amoonguss|Synthesis|p1a: Amoonguss
|-heal|p1a: Amoonguss|59/100
|
|-heal|p1a: Amoonguss|65/100|[from] item: Black Sludge
|upkeep
|turn|22
|c|☆baesatine|ok
|c|☆2miko|LMFAO
|
|t:|1606376540
|cant|p2a: Garchomp|slp
|move|p1a: Amoonguss|Synthesis|p1a: Amoonguss
|-heal|p1a: Amoonguss|100/100
|
|upkeep
|turn|23
|
|t:|1606376546
|switch|p1a: Corsola|Corsola-Galar, M|61/100
|-status|p1a: Corsola|psn
|-curestatus|p2a: Garchomp|slp|[msg]
|move|p2a: Garchomp|Swords Dance|p2a: Garchomp
|-boost|p2a: Garchomp|atk|2
|
|-damage|p1a: Corsola|49/100 psn|[from] psn
|upkeep
|turn|24
|
|t:|1606376557
|move|p2a: Garchomp|Draco Meteor|p1a: Corsola
|-damage|p1a: Corsola|10/100 psn
|-unboost|p2a: Garchomp|spa|2
|-start|p2a: Garchomp|Disable|Draco Meteor|[from] ability: Cursed Body|[of] p1a: Corsola
|move|p1a: Corsola|Strength Sap|p2a: Garchomp
|-unboost|p2a: Garchomp|atk|1
|-heal|p1a: Corsola|100/100 psn
|
|-damage|p1a: Corsola|88/100 psn|[from] psn
|upkeep
|turn|25
|c|☆baesatine|thtjkmpghrdtg6785byge47vyusg
|c|☆2miko|lol
|
|t:|1606376570
|move|p2a: Garchomp|Earthquake|p1a: Corsola
|-damage|p1a: Corsola|26/100 psn
|move|p1a: Corsola|Will-O-Wisp|p2a: Garchomp
|-status|p2a: Garchomp|brn
|
|-damage|p2a: Garchomp|94/100 brn|[from] brn
|-damage|p1a: Corsola|14/100 psn|[from] psn
|upkeep
|turn|26
|
|t:|1606376579
|switch|p1a: Mantine|Mantine, M|94/100 tox
|move|p2a: Garchomp|Earthquake|p1a: Mantine
|-immune|p1a: Mantine
|
|-damage|p2a: Garchomp|88/100 brn|[from] brn
|-damage|p1a: Mantine|88/100 tox|[from] psn
|upkeep
|turn|27
|c|☆2miko|do u like my team?
|c|☆baesatine|yes
|
|t:|1606376595
|switch|p2a: Zacian|Zacian-Crowned|100/100
|-ability|p2a: Zacian|Intrepid Sword|boost
|-boost|p2a: Zacian|atk|1
|move|p1a: Mantine|Scald|p2a: Zacian
|-damage|p2a: Zacian|80/100
|-status|p2a: Zacian|brn
|
|-damage|p2a: Zacian|74/100 brn|[from] brn
|-damage|p1a: Mantine|76/100 tox|[from] psn
|upkeep
|turn|28
|
|t:|1606376612
|switch|p1a: Corsola|Corsola-Galar, M|14/100 psn
|move|p2a: Zacian|Swords Dance|p2a: Zacian
|-boost|p2a: Zacian|atk|2
|
|-damage|p2a: Zacian|68/100 brn|[from] brn
|-damage|p1a: Corsola|2/100 psn|[from] psn
|upkeep
|turn|29
|c|☆baesatine|well this sucks
|
|t:|1606376621
|move|p2a: Zacian|Psychic Fangs|p1a: Corsola
|-damage|p1a: Corsola|0 fnt
|-start|p2a: Zacian|Disable|Psychic Fangs|[from] ability: Cursed Body|[of] p1a: Corsola
|faint|p1a: Corsola
|
|-damage|p2a: Zacian|62/100 brn|[from] brn
|upkeep
|c|☆baesatine|finally holy
|c|☆2miko|lol
|
|t:|1606376634
|switch|p1a: Amoonguss|Amoonguss, F|100/100
|-sideend|p1: 2miko|move: Toxic Spikes|[of] p1a: Amoonguss
|turn|30
|
|t:|1606376639
|move|p2a: Zacian|Close Combat|p1a: Amoonguss
|-resisted|p1a: Amoonguss
|-damage|p1a: Amoonguss|68/100
|-unboost|p2a: Zacian|def|1
|-unboost|p2a: Zacian|spd|1
|move|p1a: Amoonguss|Giga Drain|p2a: Zacian
|-resisted|p2a: Zacian
|-damage|p2a: Zacian|46/100 brn
|-heal|p1a: Amoonguss|74/100|[from] drain|[of] p2a: Zacian
|
|-heal|p1a: Amoonguss|80/100|[from] item: Black Sludge
|-damage|p2a: Zacian|40/100 brn|[from] brn
|upkeep
|turn|31
|c|☆baesatine|die die die
|
|t:|1606376652
|move|p2a: Zacian|Close Combat|p1a: Amoonguss
|-resisted|p1a: Amoonguss
|-damage|p1a: Amoonguss|47/100
|-unboost|p2a: Zacian|def|1
|-unboost|p2a: Zacian|spd|1
|move|p1a: Amoonguss|Giga Drain|p2a: Zacian
|-resisted|p2a: Zacian
|-damage|p2a: Zacian|19/100 brn
|-heal|p1a: Amoonguss|55/100|[from] drain|[of] p2a: Zacian
|
|-heal|p1a: Amoonguss|61/100|[from] item: Black Sludge
|-damage|p2a: Zacian|13/100 brn|[from] brn
|upkeep
|turn|32
|c|☆2miko|lol
|
|t:|1606376662
|move|p2a: Zacian|Close Combat|p1a: Amoonguss
|-resisted|p1a: Amoonguss
|-damage|p1a: Amoonguss|29/100
|-unboost|p2a: Zacian|def|1
|-unboost|p2a: Zacian|spd|1
|move|p1a: Amoonguss|Synthesis|p1a: Amoonguss
|-heal|p1a: Amoonguss|78/100
|
|-heal|p1a: Amoonguss|84/100|[from] item: Black Sludge
|-damage|p2a: Zacian|7/100 brn|[from] brn
|-end|p2a: Zacian|Disable
|upkeep
|turn|33
|c|☆baesatine|death
|
|t:|1606376675
|move|p2a: Zacian|Psychic Fangs|p1a: Amoonguss
|-supereffective|p1a: Amoonguss
|-damage|p1a: Amoonguss|3/100
|move|p1a: Amoonguss|Synthesis|p1a: Amoonguss
|-heal|p1a: Amoonguss|53/100
|
|-heal|p1a: Amoonguss|59/100|[from] item: Black Sludge
|-damage|p2a: Zacian|1/100 brn|[from] brn
|upkeep
|turn|34
|c|☆2miko|i liv e
|l|☆baesatine
|player|p2|
|j|☆baesatine
|player|p2|baesatine|169
|
|t:|1606376696
|switch|p1a: Bisharp|Bisharp, M|81/100
|move|p2a: Zacian|Psychic Fangs|p1a: Bisharp
|-immune|p1a: Bisharp
|
|-damage|p2a: Zacian|0 fnt|[from] brn
|faint|p2a: Zacian
|upkeep
|c|☆baesatine|ok
|c|☆2miko|lol
|
|t:|1606376709
|switch|p2a: Garchomp|Garchomp-Mega, F|88/100 brn
|turn|35
|
|t:|1606376713
|switch|p1a: Mantine|Mantine, M|76/100 tox
|move|p2a: Garchomp|Earthquake|p1a: Mantine
|-immune|p1a: Mantine
|
|-damage|p2a: Garchomp|82/100 brn|[from] brn
|-damage|p1a: Mantine|70/100 tox|[from] psn
|upkeep
|turn|36
|c|☆baesatine|h tgfkhu895y7hrhnsdhn ahgsfhd asf
|
|t:|1606376723
|move|p2a: Garchomp|Draco Meteor|p1a: Mantine
|-damage|p1a: Mantine|41/100 tox
|-unboost|p2a: Garchomp|spa|2
|move|p1a: Mantine|Scald|p2a: Garchomp
|-damage|p2a: Garchomp|59/100 brn
|
|-damage|p2a: Garchomp|53/100 brn|[from] brn
|-damage|p1a: Mantine|29/100 tox|[from] psn
|upkeep
|turn|37
|
|t:|1606376733
|move|p2a: Garchomp|Draco Meteor|p1a: Mantine
|-damage|p1a: Mantine|15/100 tox
|-unboost|p2a: Garchomp|spa|2
|move|p1a: Mantine|Roost|p1a: Mantine
|-heal|p1a: Mantine|65/100 tox
|-singleturn|p1a: Mantine|move: Roost
|
|-damage|p2a: Garchomp|47/100 brn|[from] brn
|-damage|p1a: Mantine|47/100 tox|[from] psn
|upkeep
|turn|38
|c|☆baesatine|s t o p
|
|t:|1606376748
|move|p2a: Garchomp|Substitute|p2a: Garchomp
|-start|p2a: Garchomp|Substitute
|-damage|p2a: Garchomp|22/100 brn
|move|p1a: Mantine|Roost|p1a: Mantine
|-heal|p1a: Mantine|97/100 tox
|-singleturn|p1a: Mantine|move: Roost
|
|-damage|p2a: Garchomp|16/100 brn|[from] brn
|-damage|p1a: Mantine|72/100 tox|[from] psn
|upkeep
|turn|39
|
|t:|1606376757
|switch|p1a: Amoonguss|Amoonguss, F|92/100
|move|p2a: Garchomp|Swords Dance|p2a: Garchomp
|-boost|p2a: Garchomp|atk|2
|
|-heal|p1a: Amoonguss|98/100|[from] item: Black Sludge
|-damage|p2a: Garchomp|10/100 brn|[from] brn
|upkeep
|turn|40
|c|☆2miko|lol
|
|t:|1606376767
|move|p2a: Garchomp|Swords Dance|p2a: Garchomp
|-boost|p2a: Garchomp|atk|2
|move|p1a: Amoonguss|Giga Drain|p2a: Garchomp
|-activate|p2a: Garchomp|move: Substitute|[damage]
|-heal|p1a: Amoonguss|100/100|[from] drain|[of] p2a: Garchomp
|
|-damage|p2a: Garchomp|4/100 brn|[from] brn
|upkeep
|turn|41
|
|t:|1606376781
|switch|p1a: Mantine|Mantine, M|72/100 tox
|move|p2a: Garchomp|Draco Meteor|p1a: Mantine
|-damage|p1a: Mantine|63/100 tox
|-unboost|p2a: Garchomp|spa|2
|
|-damage|p2a: Garchomp|0 fnt|[from] brn
|faint|p2a: Garchomp
|-damage|p1a: Mantine|57/100 tox|[from] psn
|upkeep
|c|☆baesatine|ok
|c|☆2miko|lol
|
|t:|1606376791
|switch|p2a: Mewtwo|Mewtwo|100/100
|-ability|p2a: Mewtwo|Pressure
|turn|42
|
|t:|1606376803
|move|p2a: Mewtwo|Calm Mind|p2a: Mewtwo
|-boost|p2a: Mewtwo|spa|1
|-boost|p2a: Mewtwo|spd|1
|move|p1a: Mantine|Toxic|p2a: Mewtwo
|-status|p2a: Mewtwo|tox
|
|-damage|p2a: Mewtwo|94/100 tox|[from] psn
|-damage|p1a: Mantine|45/100 tox|[from] psn
|upkeep
|turn|43
|
|t:|1606376811
|move|p2a: Mewtwo|Psychic|p1a: Mantine
|-damage|p1a: Mantine|0 fnt
|-damage|p2a: Mewtwo|84/100 tox|[from] item: Life Orb
|faint|p1a: Mantine
|
|-damage|p2a: Mewtwo|72/100 tox|[from] psn
|upkeep
|
|t:|1606376814
|switch|p1a: Bisharp|Bisharp, M|81/100
|turn|44
|
|t:|1606376822
|move|p1a: Bisharp|Sucker Punch|p2a: Mewtwo
|-supereffective|p2a: Mewtwo
|-damage|p2a: Mewtwo|0 fnt
|-damage|p1a: Bisharp|71/100|[from] item: Life Orb
|faint|p2a: Mewtwo
|
|win|2miko
|c|☆2miko|team full of lgs and still cant beat me lmfao
|c|☆2miko|gg
|c|☆baesatine|damn
|c|☆baesatine|gg
|l|☆baesatine
|raw|2miko's rating: 1086 &rarr; <strong>1117</strong><br />(+31 for winning)
|raw|baesatine's rating: 1137 &rarr; <strong>1108</strong><br />(-29 for losing)
