|j|☆Ike745
|j|☆TopdeckPilot
|t:|1655006660
|gametype|singles
|player|p1|Ike745|265|
|player|p2|TopdeckPilot|giovanni|
|teamsize|p1|6
|teamsize|p2|6
|gen|8
|tier|[Gen 8] National Dex AG
|rule|HP Percentage Mod: HP is shown in percentages
|rule|Endless Battle Clause: Forcing endless battles is banned
|clearpoke
|poke|p1|Ditto|
|poke|p1|Rillaboom, M|
|poke|p1|Tapu Lele|
|poke|p1|Hydreigon, M|
|poke|p1|Calyrex-Shadow|
|poke|p1|Ferrothorn, F|
|poke|p2|Marshadow|
|poke|p2|Magearna-Original|
|poke|p2|Landorus-Therian, M|
|poke|p2|Weavile, M|
|poke|p2|Silvally-*|
|poke|p2|Zarude|
|teampreview
|j| DrippinSauce
|
|t:|1655006678
|start
|switch|p1a: Ditto|Ditto, shiny|100/100
|switch|p2a: Marshadow|Marshadow|100/100
|-transform|p1a: Ditto|p2a: Marshadow|[from] ability: Imposter
|turn|1
|
|t:|1655006709
|switch|p2a: Silvally|Silvally|100/100
|move|p1a: Ditto|Shadow Sneak|p2a: Silvally
|-immune|p2a: Silvally
|
|upkeep
|turn|2
|j| ShiftySwamps1
|
|t:|1655006830
|switch|p1a: Rillaboom|Rillaboom, M|100/100
|-fieldstart|move: Grassy Terrain|[from] ability: Grassy Surge|[of] p1a: Rillaboom
|move|p2a: Silvally|Shadow Claw|p1a: Rillaboom
|-damage|p1a: Rillaboom|82/100
|
|-heal|p1a: Rillaboom|88/100|[from] Grassy Terrain
|upkeep
|turn|3
|
|t:|1655006846
|switch|p2a: Landorus|Landorus-Therian, M|100/100
|-ability|p2a: Landorus|Intimidate|boost
|-unboost|p1a: Rillaboom|atk|1
|move|p1a: Rillaboom|Grassy Glide|p2a: Landorus
|-damage|p2a: Landorus|52/100
|
|-heal|p1a: Rillaboom|95/100|[from] Grassy Terrain
|upkeep
|turn|4
|
|t:|1655006857
|switch|p1a: Ferrothorn|Ferrothorn, F|100/100
|move|p2a: Landorus|Stealth Rock|p1a: Ferrothorn
|-sidestart|p1: Ike745|move: Stealth Rock
|
|upkeep
|turn|5
|
|t:|1655006862
|switch|p2a: Marshadow|Marshadow|100/100
|move|p1a: Ferrothorn|Stealth Rock|p2a: Marshadow
|-sidestart|p2: TopdeckPilot|move: Stealth Rock
|
|upkeep
|turn|6
|
|t:|1655006876
|move|p2a: Marshadow|Blaze Kick|p1a: Ferrothorn
|-supereffective|p1a: Ferrothorn
|-damage|p1a: Ferrothorn|26/100
|-damage|p2a: Marshadow|88/100|[from] ability: Iron Barbs|[of] p1a: Ferrothorn
|move|p1a: Ferrothorn|Thunder Wave|p2a: Marshadow
|-status|p2a: Marshadow|par
|
|-heal|p2a: Marshadow|94/100 par|[from] Grassy Terrain
|-heal|p1a: Ferrothorn|32/100|[from] Grassy Terrain
|-fieldend|move: Grassy Terrain
|upkeep
|turn|7
|c| ShiftySwamps1|:0
|c| ShiftySwamps1|That whole interaction is wild
|
|t:|1655006908
|switch|p1a: Hydreigon|Hydreigon, M|100/100
|-damage|p1a: Hydreigon|88/100|[from] Stealth Rock
|move|p2a: Marshadow|Blaze Kick|p1a: Hydreigon
|-resisted|p1a: Hydreigon
|-damage|p1a: Hydreigon|69/100
|
|upkeep
|turn|8
|
|t:|1655006922
|switch|p2a: Zarude|Zarude|100/100
|-damage|p2a: Zarude|88/100|[from] Stealth Rock
|move|p1a: Hydreigon|Substitute|p1a: Hydreigon
|-start|p1a: Hydreigon|Substitute
|-damage|p1a: Hydreigon|44/100
|
|-heal|p2a: Zarude|94/100|[from] item: Leftovers
|upkeep
|turn|9
|
|t:|1655006932
|move|p1a: Hydreigon|Draco Meteor|p2a: Zarude
|-damage|p2a: Zarude|51/100
|-unboost|p1a: Hydreigon|spa|2
|move|p2a: Zarude|Drain Punch|p1a: Hydreigon
|-supereffective|p1a: Hydreigon
|-end|p1a: Hydreigon|Substitute
|-heal|p2a: Zarude|61/100|[from] drain|[of] p1a: Hydreigon
|
|-heal|p2a: Zarude|67/100|[from] item: Leftovers
|upkeep
|turn|10
|
|t:|1655006950
|switch|p1a: Calyrex|Calyrex-Shadow|100/100
|-ability|p1a: Calyrex|As One
|-ability|p1a: Calyrex|Unnerve
|-damage|p1a: Calyrex|88/100|[from] Stealth Rock
|move|p2a: Zarude|Darkest Lariat|p1a: Calyrex
|-supereffective|p1a: Calyrex
|-damage|p1a: Calyrex|0 fnt
|faint|p1a: Calyrex
|
|-heal|p2a: Zarude|73/100|[from] item: Leftovers
|upkeep
|c| ShiftySwamps1|BRUUUUUUH
|
|t:|1655006979
|switch|p1a: Ferrothorn|Ferrothorn, F|32/100
|-damage|p1a: Ferrothorn|26/100|[from] Stealth Rock
|turn|11
|
|t:|1655006985
|move|p2a: Zarude|Drain Punch|p1a: Ferrothorn
|-supereffective|p1a: Ferrothorn
|-enditem|p1a: Ferrothorn|Chople Berry|[eat]
|-enditem|p1a: Ferrothorn|Chople Berry|[weaken]
|-damage|p1a: Ferrothorn|15/100
|-heal|p2a: Zarude|78/100|[from] drain|[of] p1a: Ferrothorn
|-damage|p2a: Zarude|66/100|[from] ability: Iron Barbs|[of] p1a: Ferrothorn
|move|p1a: Ferrothorn|Thunder Wave|p2a: Zarude
|-status|p2a: Zarude|par
|
|-heal|p2a: Zarude|72/100 par|[from] item: Leftovers
|upkeep
|turn|12
|
|t:|1655006999
|move|p2a: Zarude|Jungle Healing|p2a: Zarude
|-heal|p2a: Zarude|97/100 par
|-curestatus|p2a: Zarude|par|[msg]
|move|p1a: Ferrothorn|Gyro Ball|p2a: Zarude
|-damage|p2a: Zarude|56/100
|
|-heal|p2a: Zarude|62/100|[from] item: Leftovers
|upkeep
|turn|13
|c| DrippinSauce|yo reed what nature is rash
|
|t:|1655007009
|move|p2a: Zarude|Drain Punch|p1a: Ferrothorn
|-supereffective|p1a: Ferrothorn
|-damage|p1a: Ferrothorn|0 fnt
|-heal|p2a: Zarude|68/100|[from] drain|[of] p1a: Ferrothorn
|-damage|p2a: Zarude|56/100|[from] ability: Iron Barbs|[of] p1a: Ferrothorn
|faint|p1a: Ferrothorn
|
|-heal|p2a: Zarude|62/100|[from] item: Leftovers
|upkeep
|c| ShiftySwamps1|Uhhh
|
|t:|1655007020
|switch|p1a: Rillaboom|Rillaboom, M|95/100
|-damage|p1a: Rillaboom|82/100|[from] Stealth Rock
|-fieldstart|move: Grassy Terrain|[from] ability: Grassy Surge|[of] p1a: Rillaboom
|turn|14
|c| ShiftySwamps1|+spatk
|c| ShiftySwamps1|-Spdef
|c| DrippinSauce|thats why u the goagt
|c| ShiftySwamps1|AY
|
|t:|1655007040
|switch|p2a: Landorus|Landorus-Therian, M|52/100
|-damage|p2a: Landorus|40/100|[from] Stealth Rock
|-ability|p2a: Landorus|Intimidate|boost
|-unboost|p1a: Rillaboom|atk|1
|move|p1a: Rillaboom|U-turn|p2a: Landorus
|-resisted|p2a: Landorus
|-damage|p2a: Landorus|27/100
|
|t:|1655007048
|switch|p1a: Ditto|Ditto, shiny|100/100|[from]move: U-turn
|-damage|p1a: Ditto|88/100|[from] Stealth Rock
|-transform|p1a: Ditto|p2a: Landorus|[from] ability: Imposter
|-ability|p1a: Ditto|Intimidate|boost
|-unboost|p2a: Landorus|atk|1
|
|upkeep
|turn|15
|c| ShiftySwamps1|You da realest one there is
|c| DrippinSauce|<3
|
|t:|1655007062
|move|p1a: Ditto|Knock Off|p2a: Landorus
|-damage|p2a: Landorus|0 fnt
|-enditem|p2a: Landorus|Expert Belt|[from] move: Knock Off|[of] p1a: Ditto
|faint|p2a: Landorus
|
|upkeep
|
|t:|1655007069
|switch|p2a: Weavile|Weavile, M|100/100
|-ability|p2a: Weavile|Pressure
|turn|16
|
|t:|1655007083
|switch|p1a: Tapu Lele|Tapu Lele, shiny|100/100
|-damage|p1a: Tapu Lele|88/100|[from] Stealth Rock
|-fieldstart|move: Psychic Terrain|[from] ability: Psychic Surge|[of] p1a: Tapu Lele
|move|p2a: Weavile|Ice Shard|p1a: Tapu Lele
|-activate|p1a: Tapu Lele|move: Psychic Terrain
|
|upkeep
|turn|17
|
|t:|1655007111
|switch|p2a: Magearna|Magearna-Original|100/100
|-damage|p2a: Magearna|94/100|[from] Stealth Rock
|move|p1a: Tapu Lele|Moonblast|p2a: Magearna
|-resisted|p2a: Magearna
|-crit|p2a: Magearna
|-damage|p2a: Magearna|76/100
|-unboost|p2a: Magearna|spa|1
|
|upkeep
|turn|18
|
|t:|1655007121
|switch|p1a: Ditto|Ditto, shiny|88/100
|-damage|p1a: Ditto|76/100|[from] Stealth Rock
|-transform|p1a: Ditto|p2a: Magearna|[from] ability: Imposter
|move|p2a: Magearna|Steel Roller|p1a: Ditto
|-damage|p1a: Ditto|29/100
|-fieldend|move: Psychic Terrain
|
|upkeep
|turn|19
|c| ShiftySwamps1|The uber lele bonus
|
|t:|1655007156
|move|p1a: Ditto|Volt Switch|p2a: Magearna
|-damage|p2a: Magearna|70/100
|
|t:|1655007160
|switch|p1a: Tapu Lele|Tapu Lele, shiny|88/100|[from]move: Volt Switch
|-damage|p1a: Tapu Lele|76/100|[from] Stealth Rock
|-fieldstart|move: Psychic Terrain|[from] ability: Psychic Surge|[of] p1a: Tapu Lele
|move|p2a: Magearna|Volt Switch|p1a: Tapu Lele
|-damage|p1a: Tapu Lele|62/100
|
|t:|1655007186
|switch|p2a: Silvally|Silvally|100/100|[from]move: Volt Switch
|-damage|p2a: Silvally|88/100|[from] Stealth Rock
|
|upkeep
|turn|20
|
|t:|1655007191
|move|p2a: Silvally|Explosion|p1a: Tapu Lele
|-damage|p1a: Tapu Lele|0 fnt
|faint|p2a: Silvally
|faint|p1a: Tapu Lele
|
|upkeep
|
|t:|1655007200
|switch|p2a: Magearna|Magearna-Original|70/100
|switch|p1a: Rillaboom|Rillaboom, M|82/100
|-damage|p1a: Rillaboom|70/100|[from] Stealth Rock
|-fieldstart|move: Grassy Terrain|[from] ability: Grassy Surge|[of] p1a: Rillaboom
|-damage|p2a: Magearna|64/100|[from] Stealth Rock
|turn|21
|c| ShiftySwamps1|Dere it is
|
|t:|1655007207
|move|p1a: Rillaboom|High Horsepower|p2a: Magearna
|-supereffective|p2a: Magearna
|-damage|p2a: Magearna|0 fnt
|faint|p2a: Magearna
|
|-heal|p1a: Rillaboom|76/100|[from] Grassy Terrain
|upkeep
|
|t:|1655007218
|switch|p2a: Weavile|Weavile, M|100/100
|-ability|p2a: Weavile|Pressure
|turn|22
|
|t:|1655007228
|switch|p1a: Hydreigon|Hydreigon, M|44/100
|-damage|p1a: Hydreigon|32/100|[from] Stealth Rock
|move|p2a: Weavile|Triple Axel|p1a: Hydreigon
|-supereffective|p1a: Hydreigon
|-damage|p1a: Hydreigon|5/100
|-supereffective|p1a: Hydreigon
|-damage|p1a: Hydreigon|0 fnt
|faint|p1a: Hydreigon
|-hitcount|p1: Hydreigon|2
|
|upkeep
|
|t:|1655007240
|switch|p1a: Ditto|Ditto, shiny|29/100
|-damage|p1a: Ditto|17/100|[from] Stealth Rock
|-transform|p1a: Ditto|p2a: Weavile|[from] ability: Imposter
|-ability|p1a: Ditto|Pressure
|turn|23
|
|t:|1655007268
|move|p1a: Ditto|Triple Axel|p2a: Weavile
|-resisted|p2a: Weavile
|-damage|p2a: Weavile|92/100
|-resisted|p2a: Weavile
|-damage|p2a: Weavile|73/100
|-resisted|p2a: Weavile
|-damage|p2a: Weavile|44/100
|-hitcount|p2a: Weavile|3
|move|p2a: Weavile|Knock Off|p1a: Ditto
|-resisted|p1a: Ditto
|-damage|p1a: Ditto|0 fnt
|-enditem|p1a: Ditto|Choice Scarf|[from] move: Knock Off|[of] p2a: Weavile
|faint|p1a: Ditto
|
|-heal|p2a: Weavile|50/100|[from] Grassy Terrain
|upkeep
|
|t:|1655007280
|switch|p1a: Rillaboom|Rillaboom, M|76/100
|-damage|p1a: Rillaboom|63/100|[from] Stealth Rock
|turn|24
|
|t:|1655007285
|move|p1a: Rillaboom|Grassy Glide|p2a: Weavile
|-damage|p2a: Weavile|0 fnt
|faint|p2a: Weavile
|
|-heal|p1a: Rillaboom|70/100|[from] Grassy Terrain
|upkeep
|
|t:|1655007291
|switch|p2a: Marshadow|Marshadow|94/100 par
|-damage|p2a: Marshadow|88/100 par|[from] Stealth Rock
|turn|25
|
|t:|1655007333
|move|p1a: Rillaboom|Grassy Glide|p2a: Marshadow
|-damage|p2a: Marshadow|9/100 par
|move|p2a: Marshadow|Blaze Kick|p1a: Rillaboom
|-supereffective|p1a: Rillaboom
|-damage|p1a: Rillaboom|8/100
|
|-heal|p1a: Rillaboom|14/100|[from] Grassy Terrain
|-heal|p2a: Marshadow|16/100 par|[from] Grassy Terrain
|-fieldend|move: Grassy Terrain
|upkeep
|turn|26
|
|t:|1655007343
|cant|p2a: Marshadow|par
|move|p1a: Rillaboom|Grassy Glide|p2a: Marshadow
|-damage|p2a: Marshadow|0 fnt
|faint|p2a: Marshadow
|
|upkeep
|
|t:|1655007349
|switch|p2a: Zarude|Zarude|62/100
|-damage|p2a: Zarude|50/100|[from] Stealth Rock
|turn|27
|
|t:|1655007357
|move|p2a: Zarude|Drain Punch|p1a: Rillaboom
|-damage|p1a: Rillaboom|0 fnt
|-heal|p2a: Zarude|56/100|[from] drain|[of] p1a: Rillaboom
|faint|p1a: Rillaboom
|
|win|TopdeckPilot
