|j|☆ricky555
|j|☆chopforce8
|t:|1638303435
|gametype|singles
|player|p1|ricky555|lucas|1515
|player|p2|chopforce8|red|1944
|teamsize|p1|6
|teamsize|p2|6
|gen|8
|tier|[Gen 8] National Dex AG
|rated|
|rule|HP Percentage Mod: HP is shown in percentages
|rule|Endless Battle Clause: Forcing endless battles is banned
|clearpoke
|poke|p1|Ho-Oh|
|poke|p1|Xerneas-*|
|poke|p1|Rayquaza|
|poke|p1|Yveltal|
|poke|p1|Deoxys-Speed|
|poke|p1|Necrozma-Dusk-Mane|
|poke|p2|Yveltal|
|poke|p2|Diancie|
|poke|p2|Calyrex-Shadow|
|poke|p2|Zacian-*|
|poke|p2|Ditto|
|poke|p2|Arceus-*|
|teampreview
|
|t:|1638303445
|start
|switch|p1a: Deoxys|Deoxys-Speed|100/100
|switch|p2a: Harry Potter|Diancie|100/100
|-ability|p1a: Deoxys|Pressure
|turn|1
|
|t:|1638303458
|switch|p1a: Necrozma|Necrozma-Dusk-Mane|100/100
|detailschange|p2a: Harry Potter|Diancie-Mega
|-mega|p2a: Harry Potter|Diancie|Diancite
|move|p2a: Harry Potter|Earth Power|p1a: Necrozma
|-supereffective|p1a: Necrozma
|-damage|p1a: Necrozma|40/100
|
|upkeep
|turn|2
|
|t:|1638303469
|detailschange|p1a: Necrozma|Necrozma-Ultra
|-burst|p1a: Necrozma|Necrozma|Ultranecrozium Z
|move|p1a: Necrozma|Sunsteel Strike|p2a: Harry Potter
|-supereffective|p2a: Harry Potter
|-damage|p2a: Harry Potter|0 fnt
|faint|p2a: Harry Potter
|
|upkeep
|
|t:|1638303486
|switch|p2a: Fluffy|Zacian-Crowned|100/100
|-ability|p2a: Fluffy|Intrepid Sword|boost
|-boost|p2a: Fluffy|atk|1
|turn|3
|
|t:|1638303505
|switch|p1a: Ho-Oh|Ho-Oh|100/100
|move|p2a: Fluffy|Behemoth Blade|p1a: Ho-Oh
|-resisted|p1a: Ho-Oh
|-damage|p1a: Ho-Oh|58/100
|
|upkeep
|turn|4
|
|t:|1638303512
|move|p2a: Fluffy|Substitute|p2a: Fluffy
|-start|p2a: Fluffy|Substitute
|-damage|p2a: Fluffy|76/100
|move|p1a: Ho-Oh|Sacred Fire|p2a: Fluffy
|-supereffective|p2a: Fluffy
|-end|p2a: Fluffy|Substitute
|
|upkeep
|turn|5
|
|t:|1638303529
|move|p2a: Fluffy|Behemoth Blade|p1a: Ho-Oh
|-resisted|p1a: Ho-Oh
|-damage|p1a: Ho-Oh|16/100
|move|p1a: Ho-Oh|Sacred Fire|p2a: Fluffy
|-supereffective|p2a: Fluffy
|-damage|p2a: Fluffy|0 fnt
|faint|p2a: Fluffy
|
|upkeep
|inactive|Battle timer is ON: inactive players will automatically lose when time's up. (requested by ricky555)
|
|t:|1638303542
|switch|p2a: Professorquirrel|Calyrex-Shadow|100/100
|-ability|p2a: Professorquirrel|As One
|-ability|p2a: Professorquirrel|Unnerve
|turn|6
|
|t:|1638303550
|switch|p1a: Deoxys|Deoxys-Speed|100/100
|-ability|p1a: Deoxys|Pressure
|move|p2a: Professorquirrel|Nasty Plot|p2a: Professorquirrel
|-boost|p2a: Professorquirrel|spa|2
|
|upkeep
|turn|7
|
|t:|1638303561
|move|p1a: Deoxys|Taunt|p2a: Professorquirrel
|-start|p2a: Professorquirrel|move: Taunt
|cant|p2a: Professorquirrel|move: Taunt|Substitute
|
|upkeep
|turn|8
|
|t:|1638303567
|move|p1a: Deoxys|Stealth Rock|p2a: Professorquirrel
|-sidestart|p2: chopforce8|move: Stealth Rock
|move|p2a: Professorquirrel|Astral Barrage|p1a: Deoxys
|-supereffective|p1a: Deoxys
|-enditem|p1a: Deoxys|Focus Sash
|-damage|p1a: Deoxys|1/100
|
|upkeep
|turn|9
|
|t:|1638303576
|move|p1a: Deoxys|Psycho Boost|p2a: Professorquirrel
|-resisted|p2a: Professorquirrel
|-damage|p2a: Professorquirrel|74/100
|-unboost|p1a: Deoxys|spa|2
|move|p2a: Professorquirrel|Astral Barrage|p1a: Deoxys
|-supereffective|p1a: Deoxys
|-damage|p1a: Deoxys|0 fnt
|faint|p1a: Deoxys
|-ability|p2a: Professorquirrel|Grim Neigh|boost
|-boost|p2a: Professorquirrel|spa|1
|
|-end|p2a: Professorquirrel|move: Taunt
|upkeep
|
|t:|1638303590
|switch|p1a: Yveltal|Yveltal|100/100
|-ability|p1a: Yveltal|Dark Aura
|turn|10
|
|t:|1638303598
|-start|p1a: Yveltal|Dynamax
|-heal|p1a: Yveltal|100/100|[silent]
|move|p2a: Professorquirrel|Astral Barrage|p1a: Yveltal
|-resisted|p1a: Yveltal
|-damage|p1a: Yveltal|63/100
|move|p1a: Yveltal|Max Airstream|p2a: Professorquirrel
|-damage|p2a: Professorquirrel|6/100
|-boost|p1a: Yveltal|spe|1
|
|upkeep
|turn|11
|
|t:|1638303617
|move|p1a: Yveltal|Max Darkness|p2a: Professorquirrel
|-supereffective|p2a: Professorquirrel
|-damage|p2a: Professorquirrel|0 fnt
|faint|p2a: Professorquirrel
|
|upkeep
|
|t:|1638303625
|switch|p2a: Voldemort|Yveltal|100/100
|-damage|p2a: Voldemort|76/100|[from] Stealth Rock
|-ability|p2a: Voldemort|Dark Aura
|turn|12
|
|t:|1638303630
|-start|p2a: Voldemort|Dynamax
|-heal|p2a: Voldemort|76/100|[silent]
|move|p1a: Yveltal|Max Airstream|p2a: Voldemort
|-damage|p2a: Voldemort|45/100
|-boost|p1a: Yveltal|spe|1
|move|p2a: Voldemort|Max Airstream|p1a: Yveltal
|-damage|p1a: Yveltal|26/100
|-boost|p2a: Voldemort|spe|1
|-damage|p2a: Voldemort|40/100|[from] item: Life Orb
|
|-end|p1a: Yveltal|Dynamax
|-heal|p1a: Yveltal|26/100|[silent]
|upkeep
|turn|13
|
|t:|1638303645
|move|p1a: Yveltal|Oblivion Wing|p2a: Voldemort
|-damage|p2a: Voldemort|21/100
|-heal|p1a: Yveltal|54/100|[from] drain|[of] p2a: Voldemort
|move|p2a: Voldemort|Max Airstream|p1a: Yveltal
|-crit|p1a: Yveltal
|-damage|p1a: Yveltal|0 fnt
|-boost|p2a: Voldemort|spe|1
|faint|p1a: Yveltal
|-damage|p2a: Voldemort|16/100|[from] item: Life Orb
|
|upkeep
|
|t:|1638303653
|switch|p1a: Xerneas|Xerneas|100/100
|-ability|p1a: Xerneas|Fairy Aura
|turn|14
|
|t:|1638303661
|switch|p1a: Ho-Oh|Ho-Oh|49/100
|move|p2a: Voldemort|Max Airstream|p1a: Ho-Oh
|-damage|p1a: Ho-Oh|11/100
|-boost|p2a: Voldemort|spe|1
|-damage|p2a: Voldemort|11/100|[from] item: Life Orb
|
|-end|p2a: Voldemort|Dynamax
|-heal|p2a: Voldemort|11/100|[silent]
|upkeep
|turn|15
|
|t:|1638303677
|switch|p2a: MirrorofErised|Ditto|100/100
|-damage|p2a: MirrorofErised|88/100|[from] Stealth Rock
|-transform|p2a: MirrorofErised|p1a: Ho-Oh|[from] ability: Imposter
|move|p1a: Ho-Oh|Sacred Fire|p2a: MirrorofErised
|-resisted|p2a: MirrorofErised
|-damage|p2a: MirrorofErised|61/100
|
|upkeep
|turn|16
|
|t:|1638303691
|move|p2a: MirrorofErised|Sacred Fire|p1a: Ho-Oh
|-resisted|p1a: Ho-Oh
|-damage|p1a: Ho-Oh|0 fnt
|faint|p1a: Ho-Oh
|
|upkeep
|
|t:|1638303705
|switch|p1a: Xerneas|Xerneas|100/100
|-ability|p1a: Xerneas|Fairy Aura
|turn|17
|
|t:|1638303709
|move|p2a: MirrorofErised|Sacred Fire|p1a: Xerneas
|-damage|p1a: Xerneas|64/100
|move|p1a: Xerneas|Geomancy||[still]
|-prepare|p1a: Xerneas|Geomancy
|-enditem|p1a: Xerneas|Power Herb
|-anim|p1a: Xerneas|Geomancy|p1a: Xerneas
|-boost|p1a: Xerneas|spa|2
|-boost|p1a: Xerneas|spd|2
|-boost|p1a: Xerneas|spe|2
|
|upkeep
|turn|18
|
|t:|1638303718
|switch|p2a: Voldemort|Yveltal|11/100
|-damage|p2a: Voldemort|0 fnt|[from] Stealth Rock
|faint|p2a: Voldemort
|move|p1a: Xerneas|Psyshock|p2: Voldemort|[notarget]
|-fail|p1a: Xerneas
|
|upkeep
|
|t:|1638303726
|switch|p2a: MirrorofErised|Ditto|94/100
|-damage|p2a: MirrorofErised|82/100|[from] Stealth Rock
|-transform|p2a: MirrorofErised|p1a: Xerneas|[from] ability: Imposter
|-ability|p2a: MirrorofErised|Fairy Aura
|turn|19
|c|☆ricky555|nice play
|c|☆chopforce8|ty ur win tho gg
|
|t:|1638303737
|move|p2a: MirrorofErised|Moonblast|p1a: Xerneas
|-crit|p1a: Xerneas
|-damage|p1a: Xerneas|0 fnt
|faint|p1a: Xerneas
|
|upkeep
|c|☆ricky555|OOF
|
|t:|1638303744
|switch|p1a: Rayquaza|Rayquaza|100/100
|-ability|p1a: Rayquaza|Air Lock
|turn|20
|c|☆ricky555|gg wp haha
|
|t:|1638303755
|detailschange|p1a: Rayquaza|Rayquaza-Mega
|-mega|p1a: Rayquaza|Rayquaza|
|-weather|DeltaStream|[from] ability: Delta Stream|[of] p1a: Rayquaza
|move|p1a: Rayquaza|Extreme Speed|p2a: MirrorofErised
|-damage|p2a: MirrorofErised|22/100
|move|p2a: MirrorofErised|Moonblast|p1a: Rayquaza
|-supereffective|p1a: Rayquaza
|-damage|p1a: Rayquaza|0 fnt
|faint|p1a: Rayquaza
|-weather|none
|
|upkeep
|
|t:|1638303760
|switch|p1a: Necrozma|Necrozma-Ultra|40/100
|turn|21
|c|☆chopforce8|gg man
|
|t:|1638303767
|move|p2a: MirrorofErised|Moonblast|p1a: Necrozma
|-supereffective|p1a: Necrozma
|-damage|p1a: Necrozma|0 fnt
|faint|p1a: Necrozma
|
|win|chopforce8
|raw|ricky555's rating: 1515 &rarr; <strong>1512</strong><br />(-3 for losing)
|raw|chopforce8's rating: 1944 &rarr; <strong>1947</strong><br />(+3 for winning)
