|j|☆Aunty Draculina
|j|☆Hogwashimperial
|player|p1|Aunty Draculina|sightseer|1374
|player|p2|Hogwashimperial|swimmer-gen4|1439
|teamsize|p1|6
|teamsize|p2|6
|gametype|singles
|gen|8
|tier|[Gen 8] National Dex AG
|rated|
|clearpoke
|poke|p1|Swinub, L1, F|
|poke|p1|Groudon|
|poke|p1|Latios, M|
|poke|p1|Tapu Fini|
|poke|p1|Mew|
|poke|p1|Mew|
|poke|p2|Rayquaza|
|poke|p2|Zacian-Crowned|
|poke|p2|Groudon|
|poke|p2|Smeargle, M|
|poke|p2|Necrozma-Dusk-Mane|
|poke|p2|Zygarde|
|rule|HP Percentage Mod: HP is shown in percentages
|rule|Endless Battle Clause: Forcing endless battles is banned
|teampreview
|j| TheLordOfSmug
|j| HalalCertifiedPork
|inactive|Battle timer is ON: inactive players will automatically lose when time's up. (requested by Hogwashimperial)
|
|start
|switch|p1a: cpl. trombley|Groudon|100/100
|switch|p2a: Groudon|Groudon|100/100
|detailschange|p1a: cpl. trombley|Groudon-Primal
|-primal|p1a: cpl. trombley
|-weather|DesolateLand|[from] ability: Desolate Land|[of] p1a: cpl. trombley
|detailschange|p2a: Groudon|Groudon-Primal
|-primal|p2a: Groudon
|turn|1
|j| mescouillesurtonez
|
|move|p1a: cpl. trombley|Earthquake|p2a: Groudon
|-supereffective|p2a: Groudon
|-damage|p2a: Groudon|39/100
|move|p2a: Groudon|Earth Power|p1a: cpl. trombley
|-supereffective|p1a: cpl. trombley
|-damage|p1a: cpl. trombley|0 fnt
|faint|p1a: cpl. trombley
|
|-weather|DesolateLand|[upkeep]
|upkeep
|c| TheLordOfSmug|sheeeiiiiiit
|
|switch|p1a: hoge helper v2.0|Mew|100/100
|turn|2
|j| BeadyEye
|j| xxliljonUFOxx
|c|☆Hogwashimperial|lmao
|j| Slightly Hetero
|
|move|p2a: Groudon|Stealth Rock|p1a: hoge helper v2.0
|-sidestart|p1: Aunty Draculina|move: Stealth Rock
|move|p1a: hoge helper v2.0|Hail|p1a: hoge helper v2.0
|-fail|p1a: hoge helper v2.0|Hail|[from] desolateland
|
|-weather|DesolateLand|[upkeep]
|upkeep
|turn|3
|c|☆Hogwashimperial|y so many people
|c| TheLordOfSmug|ch
|c|☆Hogwashimperial|all of you shoudl SUB TO hogwash56
|c| TheLordOfSmug|no!!
|j| poots dooky
|
|move|p2a: Groudon|Earth Power|p1a: hoge helper v2.0
|-damage|p1a: hoge helper v2.0|55/100
|-unboost|p1a: hoge helper v2.0|spd|1
|move|p1a: hoge helper v2.0|Defog|p2a: Groudon
|-unboost|p2a: Groudon|evasion|1
|-sideend|p1: Aunty Draculina|Stealth Rock|[from] move: Defog|[of] p1a: hoge helper v2.0
|
|-weather|DesolateLand|[upkeep]
|upkeep
|turn|4
|c| TheLordOfSmug|sub to THIS
|c| TheLordOfSmug|/me unzips
|c| Slightly Hetero|/me coughs on Hogwashimperial
|c|☆Aunty Draculina|i'm gonna try to put this delicately
|inactive|Hogwashimperial has 120 seconds left.
|c|☆Hogwashimperial|sub to hogwash56
|c|☆Hogwashimperial|just please
|c|☆Hogwashimperial|i need it
|c|☆Aunty Draculina|i wouldn't sub to that if it literally saved the universe from destruction
|
|move|p2a: Groudon|Stealth Rock|p1a: hoge helper v2.0
|-sidestart|p1: Aunty Draculina|move: Stealth Rock
|move|p1a: hoge helper v2.0|Trick Room|p1a: hoge helper v2.0
|-fieldstart|move: Trick Room|[of] p1a: hoge helper v2.0
|
|-weather|DesolateLand|[upkeep]
|upkeep
|turn|5
|c| poots dooky|nice
|c|☆Hogwashimperial|noooooo
|
|move|p1a: hoge helper v2.0|Defog|p2a: Groudon
|-unboost|p2a: Groudon|evasion|1
|-sideend|p1: Aunty Draculina|Stealth Rock|[from] move: Defog|[of] p1a: hoge helper v2.0
|move|p2a: Groudon|Earth Power|p1a: hoge helper v2.0
|-damage|p1a: hoge helper v2.0|0 fnt
|faint|p1a: hoge helper v2.0
|
|-weather|DesolateLand|[upkeep]
|upkeep
|c|☆Hogwashimperial|oof
|
|switch|p1a: hoge|Swinub, L1, F|100/100
|turn|6
|c| poots dooky|my phone just shit itself
|c| TheLordOfSmug|hey GUYS
|c|☆Hogwashimperial|you guys are bullying me
|c| TheLordOfSmug|ITS
|c| TheLordOfSmug|420
|c|☆Hogwashimperial|i can mute youa ll
|c| TheLordOfSmug|THE WEED TIME
|
|move|p1a: hoge|Endeavor|p2a: Groudon
|-damage|p2a: Groudon|3/100
|move|p2a: Groudon|Earth Power|p1a: hoge
|-enditem|p1a: hoge|Focus Sash
|-damage|p1a: hoge|9/100
|
|-weather|DesolateLand|[upkeep]
|upkeep
|turn|7
|c| TheLordOfSmug|HAHAAAAAAAAAAAAAAAAAAAAA
|c| TheLordOfSmug|WEEEEEEEEEEEEEEEEEED
|c| TheLordOfSmug|LMAOOOOOOOOOO
|
|move|p1a: hoge|Ice Shard|p2a: Groudon
|-damage|p2a: Groudon|3/100
|move|p2a: Groudon|Earth Power|p1a: hoge
|-damage|p1a: hoge|0 fnt
|faint|p1a: hoge
|
|-weather|DesolateLand|[upkeep]
|upkeep
|c|☆Hogwashimperial|what is this
|c| poots dooky|yea go ahead
|c| xxliljonUFOxx|lol
|
|switch|p1a: ragtime gal|Tapu Fini|100/100
|-fieldstart|move: Misty Terrain|[from] ability: Misty Surge|[of] p1a: ragtime gal
|turn|8
|c|☆Hogwashimperial|lmao
|
|move|p1a: ragtime gal|Moonblast|p2a: Groudon
|-resisted|p2a: Groudon
|-crit|p2a: Groudon
|-damage|p2a: Groudon|0 fnt
|faint|p2a: Groudon
|-weather|none
|
|-fieldend|move: Trick Room
|upkeep
|c| poots dooky|turn on modchat
|c|☆Hogwashimperial|i will tell a mod
|c| TheLordOfSmug|do it
|c| poots dooky|tell them what?
|c| TheLordOfSmug|ill share my weed with em
|
|switch|p2a: Rayquaza|Rayquaza|100/100
|-ability|p2a: Rayquaza|Air Lock
|turn|9
|c| poots dooky|we're just talking here
|
|detailschange|p2a: Rayquaza|Rayquaza-Mega
|-mega|p2a: Rayquaza|Rayquaza|
|-weather|DeltaStream|[from] ability: Delta Stream|[of] p2a: Rayquaza
|move|p2a: Rayquaza|Dragon Ascent|p1a: ragtime gal
|-damage|p1a: ragtime gal|30/100
|-unboost|p2a: Rayquaza|def|1
|-unboost|p2a: Rayquaza|spd|1
|move|p1a: ragtime gal|Moonblast|p2a: Rayquaza
|-supereffective|p2a: Rayquaza
|-enditem|p2a: Rayquaza|Focus Sash
|-damage|p2a: Rayquaza|1/100
|
|-weather|DeltaStream|[upkeep]
|-heal|p1a: ragtime gal|37/100|[from] item: Leftovers
|upkeep
|turn|10
|c|☆Hogwashimperial|drug talk right there
|c| TheLordOfSmug|it
|
|move|p2a: Rayquaza|Extreme Speed|p1a: ragtime gal
|-damage|p1a: ragtime gal|7/100
|move|p1a: ragtime gal|Moonblast|p2a: Rayquaza
|-supereffective|p2a: Rayquaza
|-damage|p2a: Rayquaza|0 fnt
|faint|p2a: Rayquaza
|-weather|none
|
|-heal|p1a: ragtime gal|13/100|[from] item: Leftovers
|upkeep
|c| TheLordOfSmug|is legal in canada
|c|☆Hogwashimperial|talking to minor tough
|c|☆Hogwashimperial|though
|c|☆Hogwashimperial|illegal
|
|switch|p2a: Necrozma|Necrozma-Dusk-Mane|100/100
|turn|11
|c| poots dooky|talking to a minor isnt illegal
|c|☆Aunty Draculina|well then stop being a minor
|c| poots dooky|soliciting sex from a minor is
|c| TheLordOfSmug|just get older lol
|inactive|Hogwashimperial has 120 seconds left.
|c|☆Aunty Draculina|or just
|c|☆Hogwashimperial|talking to minor bout drugs
|c|☆Aunty Draculina|do the reasonable
|
|move|p2a: Necrozma|Sunsteel Strike|p1a: ragtime gal
|-damage|p1a: ragtime gal|0 fnt
|faint|p1a: ragtime gal
|
|upkeep
|c|☆Aunty Draculina|thing
|c|☆Aunty Draculina|and go to battle options
|c|☆Aunty Draculina|check ignore spectators
|
|switch|p1a: BLOOD FETUS|Mew|100/100
|turn|12
|c| TheLordOfSmug|CMON DIPPER
|c| TheLordOfSmug|DONT BE SUCH A PRUUUUUUUDE\
|j| hoge & pal
|
|move|p1a: BLOOD FETUS|Cosmic Power|p1a: BLOOD FETUS
|-boost|p1a: BLOOD FETUS|def|1
|-boost|p1a: BLOOD FETUS|spd|1
|move|p2a: Necrozma|Sunsteel Strike|p1a: BLOOD FETUS
|-crit|p1a: BLOOD FETUS
|-damage|p1a: BLOOD FETUS|28/100
|
|-fieldend|Misty Terrain
|upkeep
|turn|13
|c| poots dooky|talking about drugs with a minor also isnt illegal
|
|-start|p2a: Necrozma|Dynamax
|-heal|p2a: Necrozma|100/100|[silent]
|move|p1a: BLOOD FETUS|Rest|p1a: BLOOD FETUS
|-status|p1a: BLOOD FETUS|slp|[from] move: Rest
|-heal|p1a: BLOOD FETUS|100/100 slp|[silent]
|-enditem|p1a: BLOOD FETUS|Chesto Berry|[eat]
|-curestatus|p1a: BLOOD FETUS|slp|[msg]
|move|p2a: Necrozma|Max Steelspike|p1a: BLOOD FETUS
|-crit|p1a: BLOOD FETUS
|-damage|p1a: BLOOD FETUS|9/100
|-boost|p2a: Necrozma|def|1
|
|upkeep
|turn|14
|c|☆Hogwashimperial|welp ur guy is getting fucked rn
|c|☆Hogwashimperial|so
|c|☆Hogwashimperial|sorry
|
|move|p1a: BLOOD FETUS|Rest|p1a: BLOOD FETUS
|-status|p1a: BLOOD FETUS|slp|[from] move: Rest
|-heal|p1a: BLOOD FETUS|100/100 slp|[silent]
|move|p2a: Necrozma|Max Quake|p1a: BLOOD FETUS
|-damage|p1a: BLOOD FETUS|73/100 slp
|-boost|p2a: Necrozma|spd|1
|
|upkeep
|turn|15
|c| poots dooky|hes not ours
|c|☆Hogwashimperial|sure
|c| Slightly Hetero|dont get with a girl if she has done drugs
|c|☆Hogwashimperial|whos is he
|c| hoge & pal|who the fuck sugged blood fetus
|
|cant|p1a: BLOOD FETUS|slp
|move|p2a: Necrozma|Max Steelspike|p1a: BLOOD FETUS
|-damage|p1a: BLOOD FETUS|34/100 slp
|-boost|p2a: Necrozma|def|1
|
|-end|p2a: Necrozma|Dynamax
|-heal|p2a: Necrozma|100/100|[silent]
|upkeep
|turn|16
|c| poots dooky|i dont fucking KNOW
|c| Slightly Hetero|i have it from a reliable source that you can get drugs into your organism this way. very dangerous and unhealthy
|
|cant|p1a: BLOOD FETUS|slp
|move|p2a: Necrozma|Sunsteel Strike|p1a: BLOOD FETUS
|-damage|p1a: BLOOD FETUS|5/100 slp
|
|upkeep
|turn|17
|
|-curestatus|p1a: BLOOD FETUS|slp|[msg]
|move|p1a: BLOOD FETUS|Rest|p1a: BLOOD FETUS
|-status|p1a: BLOOD FETUS|slp|[from] move: Rest
|-heal|p1a: BLOOD FETUS|100/100 slp|[silent]
|move|p2a: Necrozma|Sunsteel Strike|p1a: BLOOD FETUS
|-damage|p1a: BLOOD FETUS|68/100 slp
|
|upkeep
|turn|18
|c|☆Hogwashimperial|fuckkkk
|j| LenWanTwo
|
|cant|p1a: BLOOD FETUS|slp
|move|p2a: Necrozma|Sunsteel Strike|p1a: BLOOD FETUS
|-damage|p1a: BLOOD FETUS|36/100 slp
|
|upkeep
|turn|19
|c| hoge & pal|[[here comes pacman]]
|
|cant|p1a: BLOOD FETUS|slp
|move|p2a: Necrozma|Sunsteel Strike|p1a: BLOOD FETUS
|-damage|p1a: BLOOD FETUS|8/100 slp
|
|upkeep
|turn|20
|c| hoge & pal|hey pacman, what’s up?
|
|-curestatus|p1a: BLOOD FETUS|slp|[msg]
|move|p1a: BLOOD FETUS|Rest|p1a: BLOOD FETUS
|-status|p1a: BLOOD FETUS|slp|[from] move: Rest
|-heal|p1a: BLOOD FETUS|100/100 slp|[silent]
|move|p2a: Necrozma|Photon Geyser|p1a: BLOOD FETUS
|-resisted|p1a: BLOOD FETUS
|-damage|p1a: BLOOD FETUS|86/100 slp
|
|upkeep
|turn|21
|c| hoge & pal|ME YOU BITCHES
|
|switch|p2a: Zacian|Zacian-Crowned|100/100
|-ability|p2a: Zacian|Intrepid Sword|boost
|-boost|p2a: Zacian|atk|1
|cant|p1a: BLOOD FETUS|slp
|
|upkeep
|turn|22
|c| hoge & pal|I’M HIGH ON CRACK
|
|move|p2a: Zacian|Crunch|p1a: BLOOD FETUS
|-supereffective|p1a: BLOOD FETUS
|-damage|p1a: BLOOD FETUS|42/100 slp
|cant|p1a: BLOOD FETUS|slp
|
|upkeep
|turn|23
|c|☆Hogwashimperial|clearly
|c| hoge & pal|WANNA FREEBIE?
|l| poots dooky
|c|☆Hogwashimperial|i wanna cyber
|c| hoge & pal|no pacman, drugs are bad!
|j| imbleach
|c|☆Hogwashimperial|jk dont ban me
|c| hoge & pal|PUSSIES
|
|move|p2a: Zacian|Crunch|p1a: BLOOD FETUS
|-supereffective|p1a: BLOOD FETUS
|-damage|p1a: BLOOD FETUS|0 fnt
|faint|p1a: BLOOD FETUS
|
|upkeep
|
|switch|p1a: ✈ ▌▌|Latios, M|100/100
|turn|24
|c| hoge & pal|WHOOOOAAAAA HOLY SHIT
|c|☆Hogwashimperial|woah is that not banned
|c|☆Hogwashimperial|hold up
|c|☆Hogwashimperial|that isnt a muted word??
|c|☆Hogwashimperial|lmao
|
|detailschange|p1a: ✈ ▌▌|Latios-Mega, M
|-mega|p1a: ✈ ▌▌|Latios|Latiosite
|move|p2a: Zacian|Play Rough|p1a: ✈ ▌▌
|-supereffective|p1a: ✈ ▌▌
|-damage|p1a: ✈ ▌▌|0 fnt
|faint|p1a: ✈ ▌▌
|
|win|Hogwashimperial
|c|☆Hogwashimperial|F
|c|☆Aunty Draculina|the singular form is
|c|☆Hogwashimperial|ah
|c|☆Hogwashimperial|gg
|c|☆Aunty Draculina|but the hotpockets, in their infinite wisdom, don't into plurals
|c|☆Aunty Draculina|bg
|c| hoge & pal|why is this 9/11 meme so bar
|c| hoge & pal|*bad
|l|☆Aunty Draculina
|l| hoge & pal
||Ladder (probably) updated, but score could not be retrieved (Response not received).
|c| TheLordOfSmug|the drugs made champ lose
|c| TheLordOfSmug|dang,.,,,,,
|l| xxliljonUFOxx
|l|☆Hogwashimperial
|l| LenWanTwo
