|j|☆COOLTHINGDUDE
|j|‽the pyuk guy
|t:|1640703593
|gametype|singles
|player|p1|COOLTHINGDUDE|red|1095
|player|p2|the pyuk guy|169|1196
|teamsize|p1|6
|teamsize|p2|6
|gen|8
|tier|[Gen 8] National Dex AG
|rated|
|rule|HP Percentage Mod: HP is shown in percentages
|rule|Endless Battle Clause: Forcing endless battles is banned
|clearpoke
|poke|p1|Lucario, F|
|poke|p1|Hawlucha, M|
|poke|p1|Machamp, M|
|poke|p1|Blaziken, F|
|poke|p1|Marshadow|
|poke|p1|Hitmonchan, M|
|poke|p2|Pyukumuku, M|
|poke|p2|Blissey, F|
|poke|p2|Toxapex, F|
|poke|p2|Quagsire, M|
|poke|p2|Clefable, F|
|poke|p2|Shedinja|
|teampreview
|
|t:|1640703599
|start
|switch|p1a: Hitmonchan|Hitmonchan, M, shiny|100/100
|switch|p2a: Pyukumuku|Pyukumuku, M|100/100
|turn|1
|
|t:|1640703604
|switch|p1a: Blaziken|Blaziken, F|100/100
|move|p2a: Pyukumuku|Block|p1a: Blaziken
|-activate|p1a: Blaziken|trapped
|
|upkeep
|turn|2
|
|t:|1640703609
|move|p1a: Blaziken|Swords Dance|p1a: Blaziken
|-boost|p1a: Blaziken|atk|2
|move|p2a: Pyukumuku|Recover||[still]
|-fail|p2a: Pyukumuku|heal
|
|-ability|p1a: Blaziken|Speed Boost|boost
|-boost|p1a: Blaziken|spe|1
|upkeep
|turn|3
|
|t:|1640703615
|move|p1a: Blaziken|Swords Dance|p1a: Blaziken
|-boost|p1a: Blaziken|atk|2
|move|p2a: Pyukumuku|Recover||[still]
|-fail|p2a: Pyukumuku|heal
|
|-ability|p1a: Blaziken|Speed Boost|boost
|-boost|p1a: Blaziken|spe|1
|upkeep
|turn|4
|j| Tabiduster
|
|t:|1640703622
|move|p1a: Blaziken|Swords Dance|p1a: Blaziken
|-boost|p1a: Blaziken|atk|2
|move|p2a: Pyukumuku|Recover||[still]
|-fail|p2a: Pyukumuku|heal
|
|-ability|p1a: Blaziken|Speed Boost|boost
|-boost|p1a: Blaziken|spe|1
|upkeep
|turn|5
|
|t:|1640703629
|move|p1a: Blaziken|High Jump Kick|p2a: Pyukumuku
|-damage|p2a: Pyukumuku|56/100
|move|p2a: Pyukumuku|Recover|p2a: Pyukumuku
|-heal|p2a: Pyukumuku|100/100
|
|-ability|p1a: Blaziken|Speed Boost|boost
|-boost|p1a: Blaziken|spe|1
|upkeep
|turn|6
|
|t:|1640703637
|move|p1a: Blaziken|Swords Dance|p1a: Blaziken
|-boost|p1a: Blaziken|atk|0
|move|p2a: Pyukumuku|Recover||[still]
|-fail|p2a: Pyukumuku|heal
|
|-ability|p1a: Blaziken|Speed Boost|boost
|-boost|p1a: Blaziken|spe|1
|upkeep
|turn|7
|
|t:|1640703643
|move|p1a: Blaziken|Swords Dance|p1a: Blaziken
|-boost|p1a: Blaziken|atk|0
|move|p2a: Pyukumuku|Recover||[still]
|-fail|p2a: Pyukumuku|heal
|
|-ability|p1a: Blaziken|Speed Boost|boost
|-boost|p1a: Blaziken|spe|1
|upkeep
|turn|8
|inactive|Battle timer is ON: inactive players will automatically lose when time's up. (requested by the pyuk guy)
|
|t:|1640703651
|move|p1a: Blaziken|Swords Dance|p1a: Blaziken
|-boost|p1a: Blaziken|atk|0
|move|p2a: Pyukumuku|Recover||[still]
|-fail|p2a: Pyukumuku|heal
|
|upkeep
|turn|9
|
|t:|1640703656
|move|p1a: Blaziken|Swords Dance|p1a: Blaziken
|-boost|p1a: Blaziken|atk|0
|move|p2a: Pyukumuku|Recover||[still]
|-fail|p2a: Pyukumuku|heal
|
|upkeep
|turn|10
|c|☆COOLTHINGDUDE|nice team
|inactive|the pyuk guy has 120 seconds left.
|
|t:|1640703687
|move|p1a: Blaziken|Swords Dance|p1a: Blaziken
|-boost|p1a: Blaziken|atk|0
|move|p2a: Pyukumuku|Recover||[still]
|-fail|p2a: Pyukumuku|heal
|
|upkeep
|turn|11
|
|t:|1640703704
|move|p1a: Blaziken|Swords Dance|p1a: Blaziken
|-boost|p1a: Blaziken|atk|0
|move|p2a: Pyukumuku|Recover||[still]
|-fail|p2a: Pyukumuku|heal
|
|upkeep
|turn|12
|
|t:|1640703710
|move|p1a: Blaziken|Swords Dance|p1a: Blaziken
|-boost|p1a: Blaziken|atk|0
|move|p2a: Pyukumuku|Recover||[still]
|-fail|p2a: Pyukumuku|heal
|
|upkeep
|turn|13
|
|t:|1640703715
|move|p1a: Blaziken|Swords Dance|p1a: Blaziken
|-boost|p1a: Blaziken|atk|0
|move|p2a: Pyukumuku|Recover||[still]
|-fail|p2a: Pyukumuku|heal
|
|upkeep
|turn|14
|c|☆COOLTHINGDUDE|you don't have toxic?
|
|t:|1640703722
|move|p1a: Blaziken|Swords Dance|p1a: Blaziken
|-boost|p1a: Blaziken|atk|0
|move|p2a: Pyukumuku|Recover||[still]
|-fail|p2a: Pyukumuku|heal
|
|upkeep
|turn|15
|
|t:|1640703728
|move|p1a: Blaziken|Swords Dance|p1a: Blaziken
|-boost|p1a: Blaziken|atk|0
|move|p2a: Pyukumuku|Recover||[still]
|-fail|p2a: Pyukumuku|heal
|
|upkeep
|turn|16
|
|t:|1640703733
|move|p1a: Blaziken|Swords Dance|p1a: Blaziken
|-boost|p1a: Blaziken|atk|0
|move|p2a: Pyukumuku|Recover||[still]
|-fail|p2a: Pyukumuku|heal
|
|upkeep
|turn|17
|
|t:|1640703739
|move|p1a: Blaziken|Swords Dance|p1a: Blaziken
|-boost|p1a: Blaziken|atk|0
|move|p2a: Pyukumuku|Recover||[still]
|-fail|p2a: Pyukumuku|heal
|-enditem|p2a: Pyukumuku|Leppa Berry|[eat]
|-activate|p2a: Pyukumuku|item: Leppa Berry|Recover|[consumed]
|
|upkeep
|turn|18
|
|t:|1640703744
|move|p1a: Blaziken|High Jump Kick|p2a: Pyukumuku
|-damage|p2a: Pyukumuku|57/100
|move|p2a: Pyukumuku|Recycle|p2a: Pyukumuku
|-item|p2a: Pyukumuku|Leppa Berry|[from] move: Recycle
|
|upkeep
|turn|19
|
|t:|1640703752
|move|p1a: Blaziken|High Jump Kick|p2a: Pyukumuku
|-damage|p2a: Pyukumuku|15/100
|move|p2a: Pyukumuku|Recover|p2a: Pyukumuku
|-heal|p2a: Pyukumuku|65/100
|
|upkeep
|turn|20
|
|t:|1640703781
|move|p1a: Blaziken|Swords Dance|p1a: Blaziken
|-boost|p1a: Blaziken|atk|0
|move|p2a: Pyukumuku|Recover|p2a: Pyukumuku
|-heal|p2a: Pyukumuku|100/100
|
|upkeep
|turn|21
|
|t:|1640703788
|move|p1a: Blaziken|Swords Dance|p1a: Blaziken
|-boost|p1a: Blaziken|atk|0
|move|p2a: Pyukumuku|Recover||[still]
|-fail|p2a: Pyukumuku|heal
|
|upkeep
|turn|22
|
|t:|1640703794
|move|p1a: Blaziken|Swords Dance|p1a: Blaziken
|-boost|p1a: Blaziken|atk|0
|move|p2a: Pyukumuku|Recover||[still]
|-fail|p2a: Pyukumuku|heal
|
|upkeep
|turn|23
|
|t:|1640703799
|move|p1a: Blaziken|Swords Dance|p1a: Blaziken
|-boost|p1a: Blaziken|atk|0
|move|p2a: Pyukumuku|Recover||[still]
|-fail|p2a: Pyukumuku|heal
|
|upkeep
|turn|24
|
|t:|1640703805
|move|p1a: Blaziken|Swords Dance|p1a: Blaziken
|-boost|p1a: Blaziken|atk|0
|move|p2a: Pyukumuku|Recover||[still]
|-fail|p2a: Pyukumuku|heal
|
|upkeep
|turn|25
|
|t:|1640703810
|move|p1a: Blaziken|Swords Dance|p1a: Blaziken
|-boost|p1a: Blaziken|atk|0
|move|p2a: Pyukumuku|Recover||[still]
|-fail|p2a: Pyukumuku|heal
|
|upkeep
|turn|26
|
|t:|1640703815
|move|p1a: Blaziken|Swords Dance|p1a: Blaziken
|-boost|p1a: Blaziken|atk|0
|move|p2a: Pyukumuku|Recover||[still]
|-fail|p2a: Pyukumuku|heal
|
|upkeep
|turn|27
|
|t:|1640703821
|move|p1a: Blaziken|Swords Dance|p1a: Blaziken
|-boost|p1a: Blaziken|atk|0
|move|p2a: Pyukumuku|Recover||[still]
|-fail|p2a: Pyukumuku|heal
|
|upkeep
|turn|28
|
|t:|1640703826
|move|p1a: Blaziken|Swords Dance|p1a: Blaziken
|-boost|p1a: Blaziken|atk|0
|move|p2a: Pyukumuku|Recover||[still]
|-fail|p2a: Pyukumuku|heal
|-enditem|p2a: Pyukumuku|Leppa Berry|[eat]
|-activate|p2a: Pyukumuku|item: Leppa Berry|Recover|[consumed]
|
|upkeep
|turn|29
|
|t:|1640703832
|move|p1a: Blaziken|High Jump Kick|p2a: Pyukumuku|[miss]
|-miss|p1a: Blaziken|p2a: Pyukumuku
|-damage|p1a: Blaziken|51/100|[from] highjumpkick
|move|p2a: Pyukumuku|Recycle|p2a: Pyukumuku
|-item|p2a: Pyukumuku|Leppa Berry|[from] move: Recycle
|
|upkeep
|turn|30
|
|t:|1640703859
|move|p1a: Blaziken|Swords Dance|p1a: Blaziken
|-boost|p1a: Blaziken|atk|0
|move|p2a: Pyukumuku|Recover||[still]
|-fail|p2a: Pyukumuku|heal
|
|upkeep
|turn|31
|inactive|the pyuk guy has 120 seconds left.
|c|☆COOLTHINGDUDE|we can be here all day
|
|t:|1640703876
|move|p1a: Blaziken|Swords Dance|p1a: Blaziken
|-boost|p1a: Blaziken|atk|0
|move|p2a: Pyukumuku|Recover||[still]
|-fail|p2a: Pyukumuku|heal
|
|upkeep
|turn|32
|
|t:|1640703883
|move|p1a: Blaziken|Swords Dance|p1a: Blaziken
|-boost|p1a: Blaziken|atk|0
|move|p2a: Pyukumuku|Recover||[still]
|-fail|p2a: Pyukumuku|heal
|
|upkeep
|turn|33
|
|t:|1640703888
|move|p1a: Blaziken|Swords Dance|p1a: Blaziken
|-boost|p1a: Blaziken|atk|0
|move|p2a: Pyukumuku|Recover||[still]
|-fail|p2a: Pyukumuku|heal
|
|upkeep
|turn|34
|
|t:|1640703893
|move|p1a: Blaziken|Swords Dance|p1a: Blaziken
|-boost|p1a: Blaziken|atk|0
|move|p2a: Pyukumuku|Recover||[still]
|-fail|p2a: Pyukumuku|heal
|
|upkeep
|turn|35
|
|t:|1640703899
|move|p1a: Blaziken|Swords Dance|p1a: Blaziken
|-boost|p1a: Blaziken|atk|0
|move|p2a: Pyukumuku|Recover||[still]
|-fail|p2a: Pyukumuku|heal
|
|upkeep
|turn|36
|
|t:|1640703904
|move|p1a: Blaziken|Swords Dance|p1a: Blaziken
|-boost|p1a: Blaziken|atk|0
|move|p2a: Pyukumuku|Recover||[still]
|-fail|p2a: Pyukumuku|heal
|
|upkeep
|turn|37
|
|t:|1640703910
|move|p1a: Blaziken|Swords Dance|p1a: Blaziken
|-boost|p1a: Blaziken|atk|0
|move|p2a: Pyukumuku|Recover||[still]
|-fail|p2a: Pyukumuku|heal
|
|upkeep
|turn|38
|
|t:|1640703915
|move|p1a: Blaziken|Blaze Kick|p2a: Pyukumuku|[miss]
|-miss|p1a: Blaziken|p2a: Pyukumuku
|move|p2a: Pyukumuku|Recover||[still]
|-fail|p2a: Pyukumuku|heal
|
|upkeep
|turn|39
|
|t:|1640703922
|move|p1a: Blaziken|Blaze Kick|p2a: Pyukumuku|[miss]
|-miss|p1a: Blaziken|p2a: Pyukumuku
|move|p2a: Pyukumuku|Recover||[still]
|-fail|p2a: Pyukumuku|heal
|-enditem|p2a: Pyukumuku|Leppa Berry|[eat]
|-activate|p2a: Pyukumuku|item: Leppa Berry|Recover|[consumed]
|
|upkeep
|turn|40
|
|t:|1640703950
|-start|p1a: Blaziken|Dynamax
|-heal|p1a: Blaziken|51/100|[silent]
|move|p1a: Blaziken|Max Airstream|p2a: Pyukumuku
|-damage|p2a: Pyukumuku|67/100
|-boost|p1a: Blaziken|spe|0
|move|p2a: Pyukumuku|Recycle|p2a: Pyukumuku
|-item|p2a: Pyukumuku|Leppa Berry|[from] move: Recycle
|
|upkeep
|turn|41
|
|t:|1640703956
|move|p1a: Blaziken|Max Knuckle|p2a: Pyukumuku
|-damage|p2a: Pyukumuku|32/100
|-boost|p1a: Blaziken|atk|0
|move|p2a: Pyukumuku|Recover|p2a: Pyukumuku
|-heal|p2a: Pyukumuku|82/100
|
|upkeep
|turn|42
|
|t:|1640703963
|move|p1a: Blaziken|Max Airstream|p2a: Pyukumuku
|-damage|p2a: Pyukumuku|51/100
|-boost|p1a: Blaziken|spe|0
|move|p2a: Pyukumuku|Recover|p2a: Pyukumuku
|-heal|p2a: Pyukumuku|100/100
|
|-end|p1a: Blaziken|Dynamax
|-heal|p1a: Blaziken|51/100|[silent]
|upkeep
|turn|43
|
|t:|1640703973
|move|p1a: Blaziken|Blaze Kick|p2a: Pyukumuku
|-resisted|p2a: Pyukumuku
|-damage|p2a: Pyukumuku|87/100
|move|p2a: Pyukumuku|Recover|p2a: Pyukumuku
|-heal|p2a: Pyukumuku|100/100
|
|upkeep
|turn|44
|
|t:|1640703978
|move|p1a: Blaziken|Blaze Kick|p2a: Pyukumuku
|-resisted|p2a: Pyukumuku
|-damage|p2a: Pyukumuku|87/100
|move|p2a: Pyukumuku|Recover|p2a: Pyukumuku
|-heal|p2a: Pyukumuku|100/100
|
|upkeep
|turn|45
|
|t:|1640703984
|move|p1a: Blaziken|High Jump Kick|p2a: Pyukumuku
|-damage|p2a: Pyukumuku|59/100
|move|p2a: Pyukumuku|Recover|p2a: Pyukumuku
|-heal|p2a: Pyukumuku|100/100
|
|upkeep
|turn|46
|
|t:|1640703989
|move|p1a: Blaziken|High Jump Kick|p2a: Pyukumuku
|-damage|p2a: Pyukumuku|58/100
|move|p2a: Pyukumuku|Recover|p2a: Pyukumuku
|-heal|p2a: Pyukumuku|100/100
|
|upkeep
|turn|47
|
|t:|1640703995
|move|p1a: Blaziken|High Jump Kick|p2a: Pyukumuku
|-damage|p2a: Pyukumuku|56/100
|move|p2a: Pyukumuku|Recover|p2a: Pyukumuku
|-heal|p2a: Pyukumuku|100/100
|
|upkeep
|turn|48
|
|t:|1640704000
|move|p1a: Blaziken|High Jump Kick|p2a: Pyukumuku
|-damage|p2a: Pyukumuku|58/100
|move|p2a: Pyukumuku|Recover|p2a: Pyukumuku
|-heal|p2a: Pyukumuku|100/100
|
|upkeep
|turn|49
|
|t:|1640704005
|move|p1a: Blaziken|High Jump Kick|p2a: Pyukumuku
|-damage|p2a: Pyukumuku|55/100
|move|p2a: Pyukumuku|Recover|p2a: Pyukumuku
|-heal|p2a: Pyukumuku|100/100
|
|upkeep
|turn|50
|inactive|the pyuk guy has 120 seconds left.
|
|t:|1640704036
|move|p1a: Blaziken|High Jump Kick|p2a: Pyukumuku
|-damage|p2a: Pyukumuku|58/100
|move|p2a: Pyukumuku|Recover|p2a: Pyukumuku
|-heal|p2a: Pyukumuku|100/100
|-enditem|p2a: Pyukumuku|Leppa Berry|[eat]
|-activate|p2a: Pyukumuku|item: Leppa Berry|Recover|[consumed]
|
|upkeep
|turn|51
|
|t:|1640704046
|move|p1a: Blaziken|High Jump Kick|p2a: Pyukumuku
|-damage|p2a: Pyukumuku|53/100
|move|p2a: Pyukumuku|Recycle|p2a: Pyukumuku
|-item|p2a: Pyukumuku|Leppa Berry|[from] move: Recycle
|
|upkeep
|turn|52
|
|t:|1640704051
|move|p1a: Blaziken|High Jump Kick|p2a: Pyukumuku
|-damage|p2a: Pyukumuku|5/100
|move|p2a: Pyukumuku|Recover|p2a: Pyukumuku
|-heal|p2a: Pyukumuku|55/100
|
|upkeep
|turn|53
|
|t:|1640704056
|move|p1a: Blaziken|High Jump Kick|p2a: Pyukumuku
|-damage|p2a: Pyukumuku|13/100
|move|p2a: Pyukumuku|Recover|p2a: Pyukumuku
|-heal|p2a: Pyukumuku|63/100
|
|upkeep
|turn|54
|
|t:|1640704062
|move|p1a: Blaziken|High Jump Kick|p2a: Pyukumuku
|-damage|p2a: Pyukumuku|21/100
|move|p2a: Pyukumuku|Recover|p2a: Pyukumuku
|-heal|p2a: Pyukumuku|71/100
|
|upkeep
|turn|55
|
|t:|1640704067
|move|p1a: Blaziken|High Jump Kick|p2a: Pyukumuku
|-damage|p2a: Pyukumuku|23/100
|move|p2a: Pyukumuku|Recover|p2a: Pyukumuku
|-heal|p2a: Pyukumuku|73/100
|
|upkeep
|turn|56
|
|t:|1640704073
|move|p1a: Blaziken|Brave Bird|p2a: Pyukumuku
|-damage|p2a: Pyukumuku|44/100
|-damage|p1a: Blaziken|41/100|[from] Recoil
|move|p2a: Pyukumuku|Recover|p2a: Pyukumuku
|-heal|p2a: Pyukumuku|94/100
|
|upkeep
|turn|57
|
|t:|1640704078
|move|p1a: Blaziken|Brave Bird|p2a: Pyukumuku
|-damage|p2a: Pyukumuku|67/100
|-damage|p1a: Blaziken|31/100|[from] Recoil
|move|p2a: Pyukumuku|Recover|p2a: Pyukumuku
|-heal|p2a: Pyukumuku|100/100
|
|upkeep
|turn|58
|
|t:|1640704084
|move|p1a: Blaziken|Brave Bird|p2a: Pyukumuku
|-damage|p2a: Pyukumuku|73/100
|-damage|p1a: Blaziken|22/100|[from] Recoil
|move|p2a: Pyukumuku|Recover|p2a: Pyukumuku
|-heal|p2a: Pyukumuku|100/100
|
|upkeep
|turn|59
|
|t:|1640704089
|move|p1a: Blaziken|Brave Bird|p2a: Pyukumuku
|-damage|p2a: Pyukumuku|76/100
|-damage|p1a: Blaziken|13/100|[from] Recoil
|move|p2a: Pyukumuku|Recover|p2a: Pyukumuku
|-heal|p2a: Pyukumuku|100/100
|
|upkeep
|turn|60
|
|t:|1640704118
|move|p1a: Blaziken|Brave Bird|p2a: Pyukumuku
|-damage|p2a: Pyukumuku|73/100
|-damage|p1a: Blaziken|4/100|[from] Recoil
|move|p2a: Pyukumuku|Recover|p2a: Pyukumuku
|-heal|p2a: Pyukumuku|100/100
|
|upkeep
|turn|61
|
|t:|1640704128
|move|p1a: Blaziken|Brave Bird|p2a: Pyukumuku
|-damage|p2a: Pyukumuku|72/100
|-damage|p1a: Blaziken|0 fnt|[from] Recoil
|faint|p1a: Blaziken
|move|p2a: Pyukumuku|Recover|p2a: Pyukumuku
|-heal|p2a: Pyukumuku|100/100
|-enditem|p2a: Pyukumuku|Leppa Berry|[eat]
|-activate|p2a: Pyukumuku|item: Leppa Berry|Recover|[consumed]
|
|upkeep
|
|t:|1640704132
|switch|p1a: Hawlucha|Hawlucha, M, shiny|100/100
|turn|62
|
|t:|1640704137
|move|p1a: Hawlucha|Toxic|p2a: Pyukumuku
|-status|p2a: Pyukumuku|tox
|move|p2a: Pyukumuku|Block|p1a: Hawlucha
|-activate|p1a: Hawlucha|trapped
|
|-damage|p2a: Pyukumuku|94/100 tox|[from] psn
|upkeep
|turn|63
|
|t:|1640704142
|move|p1a: Hawlucha|Drain Punch|p2a: Pyukumuku
|-damage|p2a: Pyukumuku|76/100 tox
|move|p2a: Pyukumuku|Rest|p2a: Pyukumuku
|-status|p2a: Pyukumuku|slp|[from] move: Rest
|-heal|p2a: Pyukumuku|100/100 slp|[silent]
|
|upkeep
|turn|64
|
|t:|1640704148
|move|p1a: Hawlucha|U-turn|p2a: Pyukumuku
|-damage|p2a: Pyukumuku|89/100 slp
|
|t:|1640704151
|switch|p1a: The hulk|Machamp, M, shiny|100/100|[from]move: U-turn
|cant|p2a: Pyukumuku|slp
|
|upkeep
|turn|65
|
|t:|1640704157
|switch|p1a: Hawlucha|Hawlucha, M, shiny|100/100
|cant|p2a: Pyukumuku|slp
|
|upkeep
|turn|66
|
|t:|1640704162
|move|p1a: Hawlucha|Drain Punch|p2a: Pyukumuku
|-damage|p2a: Pyukumuku|68/100 slp
|-curestatus|p2a: Pyukumuku|slp|[msg]
|move|p2a: Pyukumuku|Block|p1a: Hawlucha
|-activate|p1a: Hawlucha|trapped
|
|upkeep
|turn|67
|
|t:|1640704168
|move|p1a: Hawlucha|Toxic|p2a: Pyukumuku
|-status|p2a: Pyukumuku|tox
|move|p2a: Pyukumuku|Recycle|p2a: Pyukumuku
|-item|p2a: Pyukumuku|Leppa Berry|[from] move: Recycle
|
|-damage|p2a: Pyukumuku|62/100 tox|[from] psn
|upkeep
|turn|68
|
|t:|1640704175
|move|p1a: Hawlucha|Drain Punch|p2a: Pyukumuku
|-damage|p2a: Pyukumuku|43/100 tox
|move|p2a: Pyukumuku|Rest|p2a: Pyukumuku
|-status|p2a: Pyukumuku|slp|[from] move: Rest
|-heal|p2a: Pyukumuku|100/100 slp|[silent]
|
|upkeep
|turn|69
|
|t:|1640704180
|move|p1a: Hawlucha|U-turn|p2a: Pyukumuku
|-damage|p2a: Pyukumuku|87/100 slp
|
|t:|1640704183
|switch|p1a: The hulk|Machamp, M, shiny|100/100|[from]move: U-turn
|cant|p2a: Pyukumuku|slp
|
|upkeep
|turn|70
|inactive|the pyuk guy has 120 seconds left.
|
|t:|1640704213
|switch|p1a: Hawlucha|Hawlucha, M, shiny|100/100
|cant|p2a: Pyukumuku|slp
|
|upkeep
|turn|71
|
|t:|1640704227
|move|p1a: Hawlucha|Drain Punch|p2a: Pyukumuku
|-damage|p2a: Pyukumuku|66/100 slp
|-curestatus|p2a: Pyukumuku|slp|[msg]
|move|p2a: Pyukumuku|Block|p1a: Hawlucha
|-activate|p1a: Hawlucha|trapped
|
|upkeep
|turn|72
|
|t:|1640704232
|move|p1a: Hawlucha|Toxic|p2a: Pyukumuku
|-status|p2a: Pyukumuku|tox
|move|p2a: Pyukumuku|Recover|p2a: Pyukumuku
|-heal|p2a: Pyukumuku|100/100 tox
|
|-damage|p2a: Pyukumuku|94/100 tox|[from] psn
|upkeep
|turn|73
|
|t:|1640704238
|move|p1a: Hawlucha|Drain Punch|p2a: Pyukumuku
|-damage|p2a: Pyukumuku|73/100 tox
|move|p2a: Pyukumuku|Rest|p2a: Pyukumuku
|-status|p2a: Pyukumuku|slp|[from] move: Rest
|-heal|p2a: Pyukumuku|100/100 slp|[silent]
|
|upkeep
|turn|74
|
|t:|1640704244
|move|p1a: Hawlucha|U-turn|p2a: Pyukumuku
|-damage|p2a: Pyukumuku|87/100 slp
|
|t:|1640704247
|switch|p1a: The hulk|Machamp, M, shiny|100/100|[from]move: U-turn
|cant|p2a: Pyukumuku|slp
|
|upkeep
|turn|75
|
|t:|1640704252
|switch|p1a: Hawlucha|Hawlucha, M, shiny|100/100
|cant|p2a: Pyukumuku|slp
|
|upkeep
|turn|76
|
|t:|1640704258
|move|p1a: Hawlucha|Drain Punch|p2a: Pyukumuku
|-damage|p2a: Pyukumuku|67/100 slp
|-curestatus|p2a: Pyukumuku|slp|[msg]
|move|p2a: Pyukumuku|Block|p1a: Hawlucha
|-activate|p1a: Hawlucha|trapped
|
|upkeep
|turn|77
|
|t:|1640704264
|move|p1a: Hawlucha|Toxic|p2a: Pyukumuku
|-status|p2a: Pyukumuku|tox
|move|p2a: Pyukumuku|Recover|p2a: Pyukumuku
|-heal|p2a: Pyukumuku|100/100 tox
|
|-damage|p2a: Pyukumuku|94/100 tox|[from] psn
|upkeep
|turn|78
|
|t:|1640704269
|move|p1a: Hawlucha|Drain Punch|p2a: Pyukumuku
|-damage|p2a: Pyukumuku|75/100 tox
|move|p2a: Pyukumuku|Rest|p2a: Pyukumuku
|-status|p2a: Pyukumuku|slp|[from] move: Rest
|-heal|p2a: Pyukumuku|100/100 slp|[silent]
|
|upkeep
|turn|79
|
|t:|1640704276
|move|p1a: Hawlucha|U-turn|p2a: Pyukumuku
|-damage|p2a: Pyukumuku|88/100 slp
|
|t:|1640704278
|switch|p1a: The hulk|Machamp, M, shiny|100/100|[from]move: U-turn
|cant|p2a: Pyukumuku|slp
|
|upkeep
|turn|80
|
|t:|1640704306
|switch|p1a: Hawlucha|Hawlucha, M, shiny|100/100
|cant|p2a: Pyukumuku|slp
|
|upkeep
|turn|81
|c|☆COOLTHINGDUDE|like I said earilier all three of us can be here all day
|
|t:|1640704314
|move|p1a: Hawlucha|Drain Punch|p2a: Pyukumuku
|-damage|p2a: Pyukumuku|66/100 slp
|-curestatus|p2a: Pyukumuku|slp|[msg]
|move|p2a: Pyukumuku|Block|p1a: Hawlucha
|-activate|p1a: Hawlucha|trapped
|
|upkeep
|turn|82
|
|t:|1640704319
|move|p1a: Hawlucha|Toxic|p2a: Pyukumuku
|-status|p2a: Pyukumuku|tox
|move|p2a: Pyukumuku|Recover|p2a: Pyukumuku
|-heal|p2a: Pyukumuku|100/100 tox
|
|-damage|p2a: Pyukumuku|94/100 tox|[from] psn
|upkeep
|turn|83
|
|t:|1640704325
|move|p1a: Hawlucha|Drain Punch|p2a: Pyukumuku
|-damage|p2a: Pyukumuku|75/100 tox
|move|p2a: Pyukumuku|Rest|p2a: Pyukumuku
|-status|p2a: Pyukumuku|slp|[from] move: Rest
|-heal|p2a: Pyukumuku|100/100 slp|[silent]
|
|upkeep
|turn|84
|
|t:|1640704333
|move|p1a: Hawlucha|U-turn|p2a: Pyukumuku
|-damage|p2a: Pyukumuku|87/100 slp
|
|t:|1640704335
|switch|p1a: The hulk|Machamp, M, shiny|100/100|[from]move: U-turn
|cant|p2a: Pyukumuku|slp
|
|upkeep
|turn|85
|
|t:|1640704340
|switch|p1a: Hawlucha|Hawlucha, M, shiny|100/100
|cant|p2a: Pyukumuku|slp
|
|upkeep
|turn|86
|
|t:|1640704346
|move|p1a: Hawlucha|Drain Punch|p2a: Pyukumuku
|-damage|p2a: Pyukumuku|67/100 slp
|-curestatus|p2a: Pyukumuku|slp|[msg]
|move|p2a: Pyukumuku|Block|p1a: Hawlucha
|-activate|p1a: Hawlucha|trapped
|
|upkeep
|turn|87
|
|t:|1640704351
|move|p1a: Hawlucha|Toxic|p2a: Pyukumuku
|-status|p2a: Pyukumuku|tox
|move|p2a: Pyukumuku|Recover|p2a: Pyukumuku
|-heal|p2a: Pyukumuku|100/100 tox
|
|-damage|p2a: Pyukumuku|94/100 tox|[from] psn
|upkeep
|turn|88
|
|t:|1640704357
|move|p1a: Hawlucha|Drain Punch|p2a: Pyukumuku
|-damage|p2a: Pyukumuku|75/100 tox
|move|p2a: Pyukumuku|Rest|p2a: Pyukumuku
|-status|p2a: Pyukumuku|slp|[from] move: Rest
|-heal|p2a: Pyukumuku|100/100 slp|[silent]
|
|upkeep
|turn|89
|
|t:|1640704362
|move|p1a: Hawlucha|U-turn|p2a: Pyukumuku
|-damage|p2a: Pyukumuku|88/100 slp
|
|t:|1640704364
|switch|p1a: The hulk|Machamp, M, shiny|100/100|[from]move: U-turn
|cant|p2a: Pyukumuku|slp
|
|upkeep
|turn|90
|
|t:|1640704390
|switch|p1a: Hawlucha|Hawlucha, M, shiny|100/100
|cant|p2a: Pyukumuku|slp
|
|upkeep
|turn|91
|
|t:|1640704396
|move|p1a: Hawlucha|Drain Punch|p2a: Pyukumuku
|-damage|p2a: Pyukumuku|66/100 slp
|-curestatus|p2a: Pyukumuku|slp|[msg]
|move|p2a: Pyukumuku|Block|p1a: Hawlucha
|-activate|p1a: Hawlucha|trapped
|-enditem|p2a: Pyukumuku|Leppa Berry|[eat]
|-activate|p2a: Pyukumuku|item: Leppa Berry|Block|[consumed]
|
|upkeep
|turn|92
|
|t:|1640704401
|move|p1a: Hawlucha|Toxic|p2a: Pyukumuku
|-status|p2a: Pyukumuku|tox
|move|p2a: Pyukumuku|Recycle|p2a: Pyukumuku
|-item|p2a: Pyukumuku|Leppa Berry|[from] move: Recycle
|
|-damage|p2a: Pyukumuku|60/100 tox|[from] psn
|upkeep
|turn|93
|
|t:|1640704408
|move|p1a: Hawlucha|Drain Punch|p2a: Pyukumuku
|-damage|p2a: Pyukumuku|39/100 tox
|move|p2a: Pyukumuku|Rest|p2a: Pyukumuku
|-status|p2a: Pyukumuku|slp|[from] move: Rest
|-heal|p2a: Pyukumuku|100/100 slp|[silent]
|
|upkeep
|turn|94
|
|t:|1640704413
|move|p1a: Hawlucha|U-turn|p2a: Pyukumuku
|-damage|p2a: Pyukumuku|87/100 slp
|
|t:|1640704415
|switch|p1a: The hulk|Machamp, M, shiny|100/100|[from]move: U-turn
|cant|p2a: Pyukumuku|slp
|
|upkeep
|turn|95
|
|t:|1640704420
|move|p1a: The hulk|Thunder Punch|p2a: Pyukumuku
|-supereffective|p2a: Pyukumuku
|-damage|p2a: Pyukumuku|28/100 slp
|-damage|p1a: The hulk|91/100|[from] item: Life Orb
|cant|p2a: Pyukumuku|slp
|
|upkeep
|turn|96
|
|t:|1640704426
|move|p1a: The hulk|Thunder Punch|p2a: Pyukumuku
|-supereffective|p2a: Pyukumuku
|-damage|p2a: Pyukumuku|0 fnt
|faint|p2a: Pyukumuku
|-damage|p1a: The hulk|81/100|[from] item: Life Orb
|
|upkeep
|
|t:|1640704432
|switch|p2a: Shedinja|Shedinja|100/100
|turn|97
|
|t:|1640704438
|move|p2a: Shedinja|Will-O-Wisp|p1a: The hulk
|-status|p1a: The hulk|brn
|move|p1a: The hulk|Fire Punch|p2a: Shedinja
|-supereffective|p2a: Shedinja
|-damage|p2a: Shedinja|0 fnt
|faint|p2a: Shedinja
|-damage|p1a: The hulk|71/100 brn|[from] item: Life Orb
|
|-damage|p1a: The hulk|65/100 brn|[from] brn
|upkeep
|
|t:|1640704443
|switch|p2a: Toxapex|Toxapex, F|100/100
|turn|98
|
|t:|1640704449
|move|p1a: The hulk|Thunder Punch|p2a: Toxapex
|-supereffective|p2a: Toxapex
|-damage|p2a: Toxapex|76/100
|-damage|p1a: The hulk|55/100 brn|[from] item: Life Orb
|move|p2a: Toxapex|Block|p1a: The hulk
|-activate|p1a: The hulk|trapped
|
|-heal|p2a: Toxapex|82/100|[from] item: Black Sludge
|-damage|p1a: The hulk|48/100 brn|[from] brn
|upkeep
|turn|99
|
|t:|1640704455
|move|p1a: The hulk|Dynamic Punch|p2a: Toxapex
|-resisted|p2a: Toxapex
|-damage|p2a: Toxapex|72/100
|-start|p2a: Toxapex|confusion
|-damage|p1a: The hulk|39/100 brn|[from] item: Life Orb
|-activate|p2a: Toxapex|confusion
|move|p2a: Toxapex|Stockpile|p2a: Toxapex
|-start|p2a: Toxapex|stockpile1
|-boost|p2a: Toxapex|def|1
|-boost|p2a: Toxapex|spd|1
|
|-heal|p2a: Toxapex|78/100|[from] item: Black Sludge
|-damage|p1a: The hulk|32/100 brn|[from] brn
|upkeep
|turn|100
|inactive|the pyuk guy has 120 seconds left.
|
|t:|1640704484
|move|p1a: The hulk|Thunder Punch|p2a: Toxapex
|-supereffective|p2a: Toxapex
|-damage|p2a: Toxapex|63/100
|-damage|p1a: The hulk|22/100 brn|[from] item: Life Orb
|-activate|p2a: Toxapex|confusion
|move|p2a: Toxapex|Stockpile|p2a: Toxapex
|-start|p2a: Toxapex|stockpile2
|-boost|p2a: Toxapex|def|1
|-boost|p2a: Toxapex|spd|1
|
|-heal|p2a: Toxapex|69/100|[from] item: Black Sludge
|-damage|p1a: The hulk|16/100 brn|[from] brn
|upkeep
|turn|101
|
|t:|1640704490
|move|p1a: The hulk|Thunder Punch|p2a: Toxapex
|-supereffective|p2a: Toxapex
|-damage|p2a: Toxapex|58/100
|-damage|p1a: The hulk|6/100 brn|[from] item: Life Orb
|-end|p2a: Toxapex|confusion
|move|p2a: Toxapex|Stockpile|p2a: Toxapex
|-start|p2a: Toxapex|stockpile3
|-boost|p2a: Toxapex|def|1
|-boost|p2a: Toxapex|spd|1
|
|-heal|p2a: Toxapex|64/100|[from] item: Black Sludge
|-damage|p1a: The hulk|0 fnt|[from] brn
|faint|p1a: The hulk
|upkeep
|
|t:|1640704493
|switch|p1a: Mr. thief|Marshadow|100/100
|turn|102
|
|t:|1640704496
|move|p1a: Mr. thief|Spectral Thief||[still]
|-clearpositiveboost|p2a: Toxapex|p1a: Mr. thief|move: Spectral Thief
|-boost|p1a: Mr. thief|def|3
|-boost|p1a: Mr. thief|spd|3
|-anim|p1a: Mr. thief|Spectral Thief|p2a: Toxapex
|-damage|p2a: Toxapex|38/100
|move|p2a: Toxapex|Recover|p2a: Toxapex
|-heal|p2a: Toxapex|88/100
|
|-heal|p2a: Toxapex|94/100|[from] item: Black Sludge
|upkeep
|turn|103
|
|t:|1640704507
|switch|p1a: Hitmonchan|Hitmonchan, M, shiny|100/100
|move|p2a: Toxapex|Stockpile||[still]
|-fail|p2a: Toxapex
|
|-heal|p2a: Toxapex|99/100|[from] item: Black Sludge
|upkeep
|turn|104
|
|t:|1640704521
|move|p1a: Hitmonchan|Drain Punch|p2a: Toxapex
|-resisted|p2a: Toxapex
|-damage|p2a: Toxapex|84/100
|-damage|p1a: Hitmonchan|91/100|[from] item: Life Orb
|move|p2a: Toxapex|Block|p1a: Hitmonchan
|-activate|p1a: Hitmonchan|trapped
|
|-heal|p2a: Toxapex|90/100|[from] item: Black Sludge
|upkeep
|turn|105
|
|t:|1640704525
|move|p1a: Hitmonchan|Drain Punch|p2a: Toxapex
|-resisted|p2a: Toxapex
|-damage|p2a: Toxapex|74/100
|-heal|p1a: Hitmonchan|100/100|[from] drain|[of] p2a: Toxapex
|-damage|p1a: Hitmonchan|91/100|[from] item: Life Orb
|move|p2a: Toxapex|Stockpile||[still]
|-fail|p2a: Toxapex
|
|-heal|p2a: Toxapex|80/100|[from] item: Black Sludge
|upkeep
|turn|106
|
|t:|1640704529
|move|p1a: Hitmonchan|Drain Punch|p2a: Toxapex
|-resisted|p2a: Toxapex
|-damage|p2a: Toxapex|64/100
|-heal|p1a: Hitmonchan|100/100|[from] drain|[of] p2a: Toxapex
|-damage|p1a: Hitmonchan|91/100|[from] item: Life Orb
|move|p2a: Toxapex|Stockpile||[still]
|-fail|p2a: Toxapex
|
|-heal|p2a: Toxapex|69/100|[from] item: Black Sludge
|upkeep
|turn|107
|
|t:|1640704533
|move|p1a: Hitmonchan|Drain Punch|p2a: Toxapex
|-resisted|p2a: Toxapex
|-damage|p2a: Toxapex|52/100
|-heal|p1a: Hitmonchan|100/100|[from] drain|[of] p2a: Toxapex
|-damage|p1a: Hitmonchan|91/100|[from] item: Life Orb
|move|p2a: Toxapex|Stockpile||[still]
|-fail|p2a: Toxapex
|
|-heal|p2a: Toxapex|58/100|[from] item: Black Sludge
|upkeep
|turn|108
|
|t:|1640704536
|move|p1a: Hitmonchan|Drain Punch|p2a: Toxapex
|-resisted|p2a: Toxapex
|-damage|p2a: Toxapex|41/100
|-heal|p1a: Hitmonchan|100/100|[from] drain|[of] p2a: Toxapex
|-damage|p1a: Hitmonchan|91/100|[from] item: Life Orb
|move|p2a: Toxapex|Recover|p2a: Toxapex
|-heal|p2a: Toxapex|91/100
|
|-heal|p2a: Toxapex|97/100|[from] item: Black Sludge
|upkeep
|turn|109
|
|t:|1640704540
|move|p1a: Hitmonchan|Rapid Spin|p2a: Toxapex
|-damage|p2a: Toxapex|84/100
|-boost|p1a: Hitmonchan|spe|1
|-damage|p1a: Hitmonchan|81/100|[from] item: Life Orb
|move|p2a: Toxapex|Stockpile||[still]
|-fail|p2a: Toxapex
|
|-heal|p2a: Toxapex|90/100|[from] item: Black Sludge
|upkeep
|turn|110
|
|t:|1640704557
|move|p1a: Hitmonchan|Rapid Spin|p2a: Toxapex
|-damage|p2a: Toxapex|78/100
|-boost|p1a: Hitmonchan|spe|1
|-damage|p1a: Hitmonchan|71/100|[from] item: Life Orb
|move|p2a: Toxapex|Stockpile||[still]
|-fail|p2a: Toxapex
|
|-heal|p2a: Toxapex|84/100|[from] item: Black Sludge
|upkeep
|turn|111
|c|☆COOLTHINGDUDE|Tabiduster are you afk?
|
|t:|1640704573
|move|p1a: Hitmonchan|Rapid Spin|p2a: Toxapex
|-damage|p2a: Toxapex|70/100
|-boost|p1a: Hitmonchan|spe|1
|-damage|p1a: Hitmonchan|61/100|[from] item: Life Orb
|move|p2a: Toxapex|Stockpile||[still]
|-fail|p2a: Toxapex
|
|-heal|p2a: Toxapex|76/100|[from] item: Black Sludge
|upkeep
|turn|112
|
|t:|1640704585
|move|p1a: Hitmonchan|Rapid Spin|p2a: Toxapex
|-damage|p2a: Toxapex|64/100
|-boost|p1a: Hitmonchan|spe|1
|-damage|p1a: Hitmonchan|51/100|[from] item: Life Orb
|move|p2a: Toxapex|Stockpile||[still]
|-fail|p2a: Toxapex
|
|-heal|p2a: Toxapex|69/100|[from] item: Black Sludge
|upkeep
|turn|113
|
|t:|1640704593
|move|p1a: Hitmonchan|Rapid Spin|p2a: Toxapex
|-damage|p2a: Toxapex|56/100
|-boost|p1a: Hitmonchan|spe|1
|-damage|p1a: Hitmonchan|41/100|[from] item: Life Orb
|move|p2a: Toxapex|Stockpile||[still]
|-fail|p2a: Toxapex
|
|-heal|p2a: Toxapex|62/100|[from] item: Black Sludge
|upkeep
|turn|114
|
|t:|1640704598
|move|p1a: Hitmonchan|Rapid Spin|p2a: Toxapex
|-damage|p2a: Toxapex|48/100
|-boost|p1a: Hitmonchan|spe|1
|-damage|p1a: Hitmonchan|31/100|[from] item: Life Orb
|move|p2a: Toxapex|Recover|p2a: Toxapex
|-heal|p2a: Toxapex|98/100
|
|-heal|p2a: Toxapex|100/100|[from] item: Black Sludge
|upkeep
|turn|115
|n| Tabiduster|tabiduster
|
|t:|1640704602
|move|p1a: Hitmonchan|Drain Punch|p2a: Toxapex
|-resisted|p2a: Toxapex
|-damage|p2a: Toxapex|84/100
|-heal|p1a: Hitmonchan|41/100|[from] drain|[of] p2a: Toxapex
|-damage|p1a: Hitmonchan|31/100|[from] item: Life Orb
|move|p2a: Toxapex|Stockpile||[still]
|-fail|p2a: Toxapex
|
|-heal|p2a: Toxapex|90/100|[from] item: Black Sludge
|upkeep
|turn|116
|
|t:|1640704608
|move|p1a: Hitmonchan|Drain Punch|p2a: Toxapex
|-resisted|p2a: Toxapex
|-damage|p2a: Toxapex|73/100
|-heal|p1a: Hitmonchan|42/100|[from] drain|[of] p2a: Toxapex
|-damage|p1a: Hitmonchan|32/100|[from] item: Life Orb
|move|p2a: Toxapex|Stockpile||[still]
|-fail|p2a: Toxapex
|
|-heal|p2a: Toxapex|79/100|[from] item: Black Sludge
|upkeep
|turn|117
|
|t:|1640704611
|move|p1a: Hitmonchan|Drain Punch|p2a: Toxapex
|-resisted|p2a: Toxapex
|-damage|p2a: Toxapex|60/100
|-heal|p1a: Hitmonchan|44/100|[from] drain|[of] p2a: Toxapex
|-damage|p1a: Hitmonchan|35/100|[from] item: Life Orb
|move|p2a: Toxapex|Stockpile||[still]
|-fail|p2a: Toxapex
|
|-heal|p2a: Toxapex|66/100|[from] item: Black Sludge
|upkeep
|turn|118
|
|t:|1640704617
|move|p1a: Hitmonchan|Ice Punch|p2a: Toxapex
|-resisted|p2a: Toxapex
|-damage|p2a: Toxapex|54/100
|-damage|p1a: Hitmonchan|25/100|[from] item: Life Orb
|move|p2a: Toxapex|Stockpile||[still]
|-fail|p2a: Toxapex
|
|-heal|p2a: Toxapex|60/100|[from] item: Black Sludge
|upkeep
|turn|119
|
|t:|1640704621
|move|p1a: Hitmonchan|Ice Punch|p2a: Toxapex
|-resisted|p2a: Toxapex
|-damage|p2a: Toxapex|50/100
|-damage|p1a: Hitmonchan|15/100|[from] item: Life Orb
|move|p2a: Toxapex|Recover|p2a: Toxapex
|-heal|p2a: Toxapex|99/100
|
|-heal|p2a: Toxapex|100/100|[from] item: Black Sludge
|upkeep
|turn|120
|
|t:|1640704641
|move|p1a: Hitmonchan|Ice Punch|p2a: Toxapex
|-resisted|p2a: Toxapex
|-damage|p2a: Toxapex|89/100
|-damage|p1a: Hitmonchan|5/100|[from] item: Life Orb
|move|p2a: Toxapex|Stockpile||[still]
|-fail|p2a: Toxapex
|
|-heal|p2a: Toxapex|95/100|[from] item: Black Sludge
|upkeep
|turn|121
|n| Tabiduster|tabiduster
|
|t:|1640704647
|move|p1a: Hitmonchan|Drain Punch|p2a: Toxapex
|-resisted|p2a: Toxapex
|-damage|p2a: Toxapex|79/100
|-heal|p1a: Hitmonchan|15/100|[from] drain|[of] p2a: Toxapex
|-damage|p1a: Hitmonchan|5/100|[from] item: Life Orb
|move|p2a: Toxapex|Stockpile||[still]
|-fail|p2a: Toxapex
|
|-heal|p2a: Toxapex|85/100|[from] item: Black Sludge
|upkeep
|turn|122
|
|t:|1640704652
|move|p1a: Hitmonchan|Drain Punch|p2a: Toxapex
|-resisted|p2a: Toxapex
|-damage|p2a: Toxapex|67/100
|-heal|p1a: Hitmonchan|17/100|[from] drain|[of] p2a: Toxapex
|-damage|p1a: Hitmonchan|7/100|[from] item: Life Orb
|move|p2a: Toxapex|Stockpile||[still]
|-fail|p2a: Toxapex
|
|-heal|p2a: Toxapex|72/100|[from] item: Black Sludge
|upkeep
|turn|123
|
|t:|1640704657
|move|p1a: Hitmonchan|Drain Punch|p2a: Toxapex
|-resisted|p2a: Toxapex
|-damage|p2a: Toxapex|56/100
|-heal|p1a: Hitmonchan|17/100|[from] drain|[of] p2a: Toxapex
|-damage|p1a: Hitmonchan|7/100|[from] item: Life Orb
|move|p2a: Toxapex|Stockpile||[still]
|-fail|p2a: Toxapex
|
|-heal|p2a: Toxapex|62/100|[from] item: Black Sludge
|upkeep
|turn|124
|
|t:|1640704661
|move|p1a: Hitmonchan|Drain Punch|p2a: Toxapex
|-resisted|p2a: Toxapex
|-damage|p2a: Toxapex|46/100
|-heal|p1a: Hitmonchan|17/100|[from] drain|[of] p2a: Toxapex
|-damage|p1a: Hitmonchan|7/100|[from] item: Life Orb
|move|p2a: Toxapex|Recover|p2a: Toxapex
|-heal|p2a: Toxapex|97/100
|
|-heal|p2a: Toxapex|100/100|[from] item: Black Sludge
|upkeep
|turn|125
|
|t:|1640704665
|move|p1a: Hitmonchan|Drain Punch|p2a: Toxapex
|-resisted|p2a: Toxapex
|-damage|p2a: Toxapex|83/100
|-heal|p1a: Hitmonchan|18/100|[from] drain|[of] p2a: Toxapex
|-damage|p1a: Hitmonchan|8/100|[from] item: Life Orb
|move|p2a: Toxapex|Stockpile||[still]
|-fail|p2a: Toxapex
|
|-heal|p2a: Toxapex|89/100|[from] item: Black Sludge
|upkeep
|turn|126
|
|t:|1640704669
|move|p1a: Hitmonchan|Drain Punch|p2a: Toxapex
|-resisted|p2a: Toxapex
|-damage|p2a: Toxapex|71/100
|-heal|p1a: Hitmonchan|20/100|[from] drain|[of] p2a: Toxapex
|-damage|p1a: Hitmonchan|10/100|[from] item: Life Orb
|move|p2a: Toxapex|Stockpile||[still]
|-fail|p2a: Toxapex
|
|-heal|p2a: Toxapex|77/100|[from] item: Black Sludge
|upkeep
|turn|127
|
|t:|1640704673
|move|p1a: Hitmonchan|Drain Punch|p2a: Toxapex
|-resisted|p2a: Toxapex
|-damage|p2a: Toxapex|60/100
|-heal|p1a: Hitmonchan|20/100|[from] drain|[of] p2a: Toxapex
|-damage|p1a: Hitmonchan|10/100|[from] item: Life Orb
|move|p2a: Toxapex|Stockpile||[still]
|-fail|p2a: Toxapex
|
|-heal|p2a: Toxapex|66/100|[from] item: Black Sludge
|upkeep
|turn|128
|
|t:|1640704676
|move|p1a: Hitmonchan|Drain Punch|p2a: Toxapex
|-resisted|p2a: Toxapex
|-damage|p2a: Toxapex|48/100
|-heal|p1a: Hitmonchan|22/100|[from] drain|[of] p2a: Toxapex
|-damage|p1a: Hitmonchan|12/100|[from] item: Life Orb
|move|p2a: Toxapex|Stockpile||[still]
|-fail|p2a: Toxapex
|
|-heal|p2a: Toxapex|54/100|[from] item: Black Sludge
|upkeep
|turn|129
|
|t:|1640704681
|move|p1a: Hitmonchan|Ice Punch|p2a: Toxapex
|-resisted|p2a: Toxapex
|-damage|p2a: Toxapex|44/100
|-damage|p1a: Hitmonchan|2/100|[from] item: Life Orb
|move|p2a: Toxapex|Recover|p2a: Toxapex
|-heal|p2a: Toxapex|94/100
|
|-heal|p2a: Toxapex|99/100|[from] item: Black Sludge
|upkeep
|turn|130
|
|t:|1640704699
|move|p1a: Hitmonchan|Ice Punch|p2a: Toxapex
|-resisted|p2a: Toxapex
|-damage|p2a: Toxapex|89/100
|-damage|p1a: Hitmonchan|0 fnt|[from] item: Life Orb
|faint|p1a: Hitmonchan
|move|p2a: Toxapex|Stockpile||[still]
|-fail|p2a: Toxapex
|
|-heal|p2a: Toxapex|95/100|[from] item: Black Sludge
|upkeep
|
|t:|1640704702
|switch|p1a: Lucario|Lucario, F|100/100
|turn|131
|
|t:|1640704706
|move|p1a: Lucario|Shadow Ball|p2a: Toxapex
|-damage|p2a: Toxapex|72/100
|move|p2a: Toxapex|Block|p1a: Lucario
|-activate|p1a: Lucario|trapped
|
|-heal|p2a: Toxapex|78/100|[from] item: Black Sludge
|upkeep
|turn|132
|
|t:|1640704710
|move|p1a: Lucario|Shadow Ball|p2a: Toxapex
|-damage|p2a: Toxapex|57/100
|move|p2a: Toxapex|Stockpile||[still]
|-fail|p2a: Toxapex
|
|-heal|p2a: Toxapex|63/100|[from] item: Black Sludge
|upkeep
|turn|133
|
|t:|1640704714
|move|p1a: Lucario|Shadow Ball|p2a: Toxapex
|-damage|p2a: Toxapex|42/100
|move|p2a: Toxapex|Recover|p2a: Toxapex
|-heal|p2a: Toxapex|92/100
|
|-heal|p2a: Toxapex|98/100|[from] item: Black Sludge
|upkeep
|turn|134
|
|t:|1640704717
|move|p1a: Lucario|Shadow Ball|p2a: Toxapex
|-damage|p2a: Toxapex|75/100
|move|p2a: Toxapex|Stockpile||[still]
|-fail|p2a: Toxapex
|
|-heal|p2a: Toxapex|81/100|[from] item: Black Sludge
|upkeep
|turn|135
|
|t:|1640704721
|move|p1a: Lucario|Shadow Ball|p2a: Toxapex
|-damage|p2a: Toxapex|60/100
|-unboost|p2a: Toxapex|spd|1
|move|p2a: Toxapex|Stockpile||[still]
|-fail|p2a: Toxapex
|
|-heal|p2a: Toxapex|66/100|[from] item: Black Sludge
|upkeep
|turn|136
|
|t:|1640704724
|move|p1a: Lucario|Shadow Ball|p2a: Toxapex
|-damage|p2a: Toxapex|36/100
|move|p2a: Toxapex|Stockpile||[still]
|-fail|p2a: Toxapex
|
|-heal|p2a: Toxapex|42/100|[from] item: Black Sludge
|upkeep
|turn|137
|
|t:|1640704729
|move|p1a: Lucario|Shadow Ball|p2a: Toxapex
|-damage|p2a: Toxapex|11/100
|move|p2a: Toxapex|Recover|p2a: Toxapex
|-heal|p2a: Toxapex|62/100
|
|-heal|p2a: Toxapex|67/100|[from] item: Black Sludge
|upkeep
|turn|138
|
|t:|1640704734
|move|p1a: Lucario|Shadow Ball|p2a: Toxapex
|-crit|p2a: Toxapex
|-damage|p2a: Toxapex|19/100
|move|p2a: Toxapex|Stockpile||[still]
|-fail|p2a: Toxapex
|
|-heal|p2a: Toxapex|25/100|[from] item: Black Sludge
|upkeep
|turn|139
|
|t:|1640704740
|switch|p2a: Quagsire|Quagsire, M|100/100
|move|p1a: Lucario|Shadow Ball|p2a: Quagsire
|-damage|p2a: Quagsire|72/100
|
|-heal|p2a: Quagsire|78/100|[from] item: Leftovers
|upkeep
|turn|140
|
|t:|1640704759
|move|p1a: Lucario|Shadow Ball|p2a: Quagsire
|-damage|p2a: Quagsire|47/100
|move|p2a: Quagsire|Stockpile|p2a: Quagsire
|-start|p2a: Quagsire|stockpile1
|-boost|p2a: Quagsire|def|1
|-boost|p2a: Quagsire|spd|1
|
|-heal|p2a: Quagsire|53/100|[from] item: Leftovers
|upkeep
|turn|141
|
|t:|1640704764
|move|p2a: Quagsire|Protect|p2a: Quagsire
|-singleturn|p2a: Quagsire|Protect
|move|p1a: Lucario|Shadow Ball|p2a: Quagsire
|-activate|p2a: Quagsire|move: Protect
|
|-heal|p2a: Quagsire|59/100|[from] item: Leftovers
|upkeep
|turn|142
|
|t:|1640704768
|move|p1a: Lucario|Shadow Ball|p2a: Quagsire
|-damage|p2a: Quagsire|37/100
|move|p2a: Quagsire|Recover|p2a: Quagsire
|-heal|p2a: Quagsire|87/100
|
|-heal|p2a: Quagsire|93/100|[from] item: Leftovers
|upkeep
|turn|143
|
|t:|1640704771
|move|p2a: Quagsire|Protect|p2a: Quagsire
|-singleturn|p2a: Quagsire|Protect
|move|p1a: Lucario|Shadow Ball|p2a: Quagsire
|-activate|p2a: Quagsire|move: Protect
|
|-heal|p2a: Quagsire|99/100|[from] item: Leftovers
|upkeep
|turn|144
|
|t:|1640704775
|move|p1a: Lucario|Shadow Ball|p2a: Quagsire
|-damage|p2a: Quagsire|77/100
|move|p2a: Quagsire|Stockpile|p2a: Quagsire
|-start|p2a: Quagsire|stockpile2
|-boost|p2a: Quagsire|def|1
|-boost|p2a: Quagsire|spd|1
|
|-heal|p2a: Quagsire|83/100|[from] item: Leftovers
|upkeep
|turn|145
|
|t:|1640704779
|move|p2a: Quagsire|Protect|p2a: Quagsire
|-singleturn|p2a: Quagsire|Protect
|move|p1a: Lucario|Shadow Ball|p2a: Quagsire
|-activate|p2a: Quagsire|move: Protect
|
|-heal|p2a: Quagsire|90/100|[from] item: Leftovers
|upkeep
|turn|146
|
|t:|1640704783
|move|p1a: Lucario|Shadow Ball|p2a: Quagsire
|-damage|p2a: Quagsire|74/100
|move|p2a: Quagsire|Stockpile|p2a: Quagsire
|-start|p2a: Quagsire|stockpile3
|-boost|p2a: Quagsire|def|1
|-boost|p2a: Quagsire|spd|1
|
|-heal|p2a: Quagsire|80/100|[from] item: Leftovers
|upkeep
|turn|147
|
|t:|1640704787
|switch|p1a: Mr. thief|Marshadow|100/100
|move|p2a: Quagsire|Protect||[still]
|-fail|p2a: Quagsire
|
|-heal|p2a: Quagsire|86/100|[from] item: Leftovers
|upkeep
|turn|148
|
|t:|1640704790
|move|p1a: Mr. thief|Spectral Thief||[still]
|-clearpositiveboost|p2a: Quagsire|p1a: Mr. thief|move: Spectral Thief
|-boost|p1a: Mr. thief|def|3
|-boost|p1a: Mr. thief|spd|3
|-anim|p1a: Mr. thief|Spectral Thief|p2a: Quagsire
|-damage|p2a: Quagsire|54/100
|move|p2a: Quagsire|Stockpile||[still]
|-fail|p2a: Quagsire
|
|-heal|p2a: Quagsire|60/100|[from] item: Leftovers
|upkeep
|turn|149
|
|t:|1640704794
|switch|p1a: Lucario|Lucario, F|100/100
|move|p2a: Quagsire|Protect||[still]
|-fail|p2a: Quagsire
|
|-heal|p2a: Quagsire|66/100|[from] item: Leftovers
|upkeep
|turn|150
|
|t:|1640704814
|move|p1a: Lucario|Shadow Ball|p2a: Quagsire
|-damage|p2a: Quagsire|38/100
|move|p2a: Quagsire|Stockpile||[still]
|-fail|p2a: Quagsire
|
|-heal|p2a: Quagsire|44/100|[from] item: Leftovers
|upkeep
|turn|151
|
|t:|1640704819
|move|p2a: Quagsire|Protect|p2a: Quagsire
|-singleturn|p2a: Quagsire|Protect
|move|p1a: Lucario|Shadow Ball|p2a: Quagsire
|-activate|p2a: Quagsire|move: Protect
|
|-heal|p2a: Quagsire|50/100|[from] item: Leftovers
|upkeep
|turn|152
|
|t:|1640704823
|move|p1a: Lucario|Shadow Ball|p2a: Quagsire
|-damage|p2a: Quagsire|18/100
|-unboost|p2a: Quagsire|spd|1
|move|p2a: Quagsire|Recover|p2a: Quagsire
|-heal|p2a: Quagsire|68/100
|
|-heal|p2a: Quagsire|74/100|[from] item: Leftovers
|upkeep
|turn|153
|
|t:|1640704828
|move|p2a: Quagsire|Protect|p2a: Quagsire
|-singleturn|p2a: Quagsire|Protect
|move|p1a: Lucario|Aura Sphere|p2a: Quagsire
|-activate|p2a: Quagsire|move: Protect
|
|-heal|p2a: Quagsire|80/100|[from] item: Leftovers
|upkeep
|turn|154
|
|t:|1640704831
|move|p1a: Lucario|Shadow Ball|p2a: Quagsire
|-damage|p2a: Quagsire|31/100
|move|p2a: Quagsire|Stockpile||[still]
|-fail|p2a: Quagsire
|
|-heal|p2a: Quagsire|37/100|[from] item: Leftovers
|upkeep
|turn|155
|
|t:|1640704835
|move|p2a: Quagsire|Protect|p2a: Quagsire
|-singleturn|p2a: Quagsire|Protect
|move|p1a: Lucario|Aura Sphere|p2a: Quagsire
|-activate|p2a: Quagsire|move: Protect
|
|-heal|p2a: Quagsire|43/100|[from] item: Leftovers
|upkeep
|turn|156
|
|t:|1640704840
|move|p1a: Lucario|Shadow Ball|p2a: Quagsire
|-damage|p2a: Quagsire|0 fnt
|faint|p2a: Quagsire
|
|upkeep
|
|t:|1640704845
|switch|p2a: Toxapex|Toxapex, F|59/100
|turn|157
|
|t:|1640704849
|move|p1a: Lucario|Shadow Ball|p2a: Toxapex
|-damage|p2a: Toxapex|37/100
|move|p2a: Toxapex|Recover|p2a: Toxapex
|-heal|p2a: Toxapex|87/100
|
|-heal|p2a: Toxapex|93/100|[from] item: Black Sludge
|upkeep
|turn|158
|
|t:|1640704853
|move|p1a: Lucario|Shadow Ball|p2a: Toxapex
|-damage|p2a: Toxapex|70/100
|move|p2a: Toxapex|Block|p1a: Lucario
|-activate|p1a: Lucario|trapped
|
|-heal|p2a: Toxapex|76/100|[from] item: Black Sludge
|upkeep
|turn|159
|
|t:|1640704858
|move|p1a: Lucario|Shadow Ball|p2a: Toxapex
|-damage|p2a: Toxapex|55/100
|-unboost|p2a: Toxapex|spd|1
|move|p2a: Toxapex|Stockpile|p2a: Toxapex
|-start|p2a: Toxapex|stockpile1
|-boost|p2a: Toxapex|def|1
|-boost|p2a: Toxapex|spd|1
|
|-heal|p2a: Toxapex|61/100|[from] item: Black Sludge
|upkeep
|turn|160
|
|t:|1640704878
|move|p1a: Lucario|Dragon Pulse|p2a: Toxapex
|-damage|p2a: Toxapex|40/100
|move|p2a: Toxapex|Recover|p2a: Toxapex
|-heal|p2a: Toxapex|90/100
|
|-heal|p2a: Toxapex|96/100|[from] item: Black Sludge
|upkeep
|turn|161
|c|☆COOLTHINGDUDE|we made to turn 161 good job
|
|t:|1640704890
|move|p1a: Lucario|Dragon Pulse|p2a: Toxapex
|-damage|p2a: Toxapex|75/100
|move|p2a: Toxapex|Stockpile|p2a: Toxapex
|-start|p2a: Toxapex|stockpile2
|-boost|p2a: Toxapex|def|1
|-boost|p2a: Toxapex|spd|1
|
|-heal|p2a: Toxapex|81/100|[from] item: Black Sludge
|upkeep
|turn|162
|
|t:|1640704895
|move|p1a: Lucario|Dragon Pulse|p2a: Toxapex
|-damage|p2a: Toxapex|66/100
|move|p2a: Toxapex|Scald|p1a: Lucario
|-damage|p1a: Lucario|71/100
|
|-heal|p2a: Toxapex|72/100|[from] item: Black Sludge
|upkeep
|turn|163
|
|t:|1640704898
|move|p1a: Lucario|Dragon Pulse|p2a: Toxapex
|-damage|p2a: Toxapex|57/100
|move|p2a: Toxapex|Scald|p1a: Lucario
|-damage|p1a: Lucario|46/100
|
|-heal|p2a: Toxapex|63/100|[from] item: Black Sludge
|upkeep
|turn|164
|
|t:|1640704902
|move|p1a: Lucario|Dragon Pulse|p2a: Toxapex
|-damage|p2a: Toxapex|46/100
|move|p2a: Toxapex|Recover|p2a: Toxapex
|-heal|p2a: Toxapex|96/100
|
|-heal|p2a: Toxapex|100/100|[from] item: Black Sludge
|upkeep
|turn|165
|
|t:|1640704907
|move|p1a: Lucario|Dragon Pulse|p2a: Toxapex
|-damage|p2a: Toxapex|85/100
|move|p2a: Toxapex|Scald|p1a: Lucario
|-damage|p1a: Lucario|21/100
|
|-heal|p2a: Toxapex|91/100|[from] item: Black Sludge
|upkeep
|turn|166
|
|t:|1640704911
|move|p1a: Lucario|Dragon Pulse|p2a: Toxapex
|-damage|p2a: Toxapex|75/100
|move|p2a: Toxapex|Scald|p1a: Lucario
|-damage|p1a: Lucario|0 fnt
|faint|p1a: Lucario
|
|-heal|p2a: Toxapex|81/100|[from] item: Black Sludge
|upkeep
|
|t:|1640704914
|switch|p1a: Hawlucha|Hawlucha, M, shiny|100/100
|turn|167
|
|t:|1640704919
|move|p1a: Hawlucha|Drain Punch|p2a: Toxapex
|-resisted|p2a: Toxapex
|-damage|p2a: Toxapex|77/100
|move|p2a: Toxapex|Block|p1a: Hawlucha
|-activate|p1a: Hawlucha|trapped
|
|-heal|p2a: Toxapex|83/100|[from] item: Black Sludge
|upkeep
|turn|168
|-message|COOLTHINGDUDE forfeited.
|
|win|the pyuk guy
|raw|COOLTHINGDUDE's rating: 1095 &rarr; <strong>1077</strong><br />(-18 for losing)
|raw|the pyuk guy's rating: 1189 &rarr; <strong>1207</strong><br />(+18 for winning)
|l|☆COOLTHINGDUDE
