|j|☆Onoufrios
|j|☆85792195wwww
|player|p1|Onoufrios|psychic-gen4|1823
|player|p2|85792195wwww|lady|1689
|teamsize|p1|6
|teamsize|p2|6
|gametype|singles
|gen|8
|tier|[Gen 8] National Dex AG
|rated|
|clearpoke
|poke|p1|Necrozma-Dusk-Mane|
|poke|p1|Arceus-*|
|poke|p1|Xerneas|
|poke|p1|Lugia|
|poke|p1|Yveltal|
|poke|p1|Kyogre|
|poke|p2|Zekrom|
|poke|p2|Rayquaza|
|poke|p2|Zacian-Crowned|
|poke|p2|Arceus-*|
|poke|p2|Kyogre|
|poke|p2|Ditto|
|rule|HP Percentage Mod: HP is shown in percentages
|rule|Endless Battle Clause: Forcing endless battles is banned
|teampreview
|j| Ruppie
|inactive|Battle timer is ON: inactive players will automatically lose when time's up. (requested by 85792195wwww)
|
|start
|switch|p1a: Necrozma|Necrozma-Dusk-Mane|100/100
|switch|p2a: Arceus|Arceus|100/100
|turn|1
|inactive|Onoufrios has 120 seconds left.
|
|move|p2a: Arceus|Swords Dance|p2a: Arceus
|-boost|p2a: Arceus|atk|2
|move|p1a: Necrozma|Photon Geyser|p2a: Arceus
|-damage|p2a: Arceus|53/100
|
|upkeep
|turn|2
|
|detailschange|p1a: Necrozma|Necrozma-Ultra
|-burst|p1a: Necrozma|Necrozma|Ultranecrozium Z
|move|p2a: Arceus|Extreme Speed|p1a: Necrozma
|-damage|p1a: Necrozma|7/100
|-damage|p2a: Arceus|43/100|[from] item: Life Orb
|move|p1a: Necrozma|Photon Geyser|p2a: Arceus
|-damage|p2a: Arceus|0 fnt
|faint|p2a: Arceus
|
|upkeep
|
|switch|p2a: Zacian|Zacian-Crowned|100/100
|-ability|p2a: Zacian|Intrepid Sword|boost
|-boost|p2a: Zacian|atk|1
|turn|3
|
|move|p2a: Zacian|Behemoth Blade|p1a: Necrozma
|-damage|p1a: Necrozma|0 fnt
|faint|p1a: Necrozma
|
|upkeep
|inactive|Onoufrios has 90 seconds left.
|
|switch|p1a: Kyogre|Kyogre|100/100
|-weather|RainDance|[from] ability: Drizzle|[of] p1a: Kyogre
|turn|4
|
|switch|p2a: Rayquaza|Rayquaza|100/100
|-ability|p2a: Rayquaza|Air Lock
|move|p1a: Kyogre|Water Spout|p2a: Rayquaza
|-resisted|p2a: Rayquaza
|-damage|p2a: Rayquaza|52/100
|
|-weather|RainDance|[upkeep]
|upkeep
|turn|5
|
|switch|p1a: Lugia|Lugia|100/100
|detailschange|p2a: Rayquaza|Rayquaza-Mega
|-mega|p2a: Rayquaza|Rayquaza|
|-weather|DeltaStream|[from] ability: Delta Stream|[of] p2a: Rayquaza
|move|p2a: Rayquaza|Dragon Ascent|p1a: Lugia
|-damage|p1a: Lugia|73/100
|-unboost|p2a: Rayquaza|def|1
|-unboost|p2a: Rayquaza|spd|1
|-damage|p2a: Rayquaza|42/100|[from] item: Life Orb
|
|-weather|DeltaStream|[upkeep]
|upkeep
|turn|6
|inactive|Onoufrios has 90 seconds left.
|
|-weather|none
|switch|p2a: Zekrom|Zekrom|100/100
|-ability|p2a: Zekrom|Teravolt
|move|p1a: Lugia|Roost|p1a: Lugia
|-heal|p1a: Lugia|100/100
|-singleturn|p1a: Lugia|move: Roost
|
|upkeep
|turn|7
|inactive|Onoufrios has 90 seconds left.
|
|move|p2a: Zekrom|Dragon Dance|p2a: Zekrom
|-boost|p2a: Zekrom|atk|1
|-boost|p2a: Zekrom|spe|1
|move|p1a: Lugia|Toxic|p2a: Zekrom
|-status|p2a: Zekrom|tox
|
|-damage|p2a: Zekrom|94/100 tox|[from] psn
|upkeep
|turn|8
|inactive|Onoufrios has 90 seconds left.
|
|-start|p2a: Zekrom|Dynamax
|-heal|p2a: Zekrom|94/100 tox|[silent]
|move|p2a: Zekrom|Max Lightning|p1a: Lugia
|-supereffective|p1a: Lugia
|-damage|p1a: Lugia|0 fnt
|-fieldstart|move: Electric Terrain
|faint|p1a: Lugia
|
|-damage|p2a: Zekrom|88/100 tox|[from] psn
|upkeep
|l| Ruppie
|inactive|Onoufrios has 60 seconds left.
|
|switch|p1a: Kyogre|Kyogre|100/100
|-weather|RainDance|[from] ability: Drizzle|[of] p1a: Kyogre
|turn|9
|inactive|Onoufrios has 60 seconds left.
|
|move|p1a: Kyogre|Blizzard|p2a: Zekrom
|-supereffective|p2a: Zekrom
|-damage|p2a: Zekrom|45/100 tox
|move|p2a: Zekrom|Max Lightning|p1a: Kyogre
|-supereffective|p1a: Kyogre
|-damage|p1a: Kyogre|0 fnt
|faint|p1a: Kyogre
|
|-weather|RainDance|[upkeep]
|-damage|p2a: Zekrom|36/100 tox|[from] psn
|upkeep
|inactive|Onoufrios has 60 seconds left.
|inactive|Onoufrios has 30 seconds left.
|
|switch|p1a: Yveltal|Yveltal|100/100
|-ability|p1a: Yveltal|Dark Aura
|turn|10
|
|-start|p1a: Yveltal|Dynamax
|-heal|p1a: Yveltal|100/100|[silent]
|move|p2a: Zekrom|Max Lightning|p1a: Yveltal
|-supereffective|p1a: Yveltal
|-damage|p1a: Yveltal|0 fnt
|faint|p1a: Yveltal
|
|-weather|RainDance|[upkeep]
|-damage|p2a: Zekrom|23/100 tox|[from] psn
|-end|p2a: Zekrom|Dynamax
|-heal|p2a: Zekrom|23/100 tox|[silent]
|upkeep
|inactive|Onoufrios has 30 seconds left.
|
|switch|p1a: Arceus|Arceus|100/100
|turn|11
|
|move|p1a: Arceus|Extreme Speed|p2a: Zekrom
|-damage|p2a: Zekrom|0 fnt
|faint|p2a: Zekrom
|
|-weather|RainDance|[upkeep]
|upkeep
|
|switch|p2a: Zacian|Zacian-Crowned|100/100
|-ability|p2a: Zacian|Intrepid Sword|boost
|-boost|p2a: Zacian|atk|1
|turn|12
|
|move|p2a: Zacian|Behemoth Blade|p1a: Arceus
|-damage|p1a: Arceus|32/100
|move|p1a: Arceus|Earthquake|p2a: Zacian
|-supereffective|p2a: Zacian
|-damage|p2a: Zacian|29/100
|
|-weather|RainDance|[upkeep]
|-fieldend|move: Electric Terrain
|upkeep
|turn|13
|
|move|p1a: Arceus|Extreme Speed|p2a: Zacian
|-resisted|p2a: Zacian
|-damage|p2a: Zacian|6/100
|move|p2a: Zacian|Behemoth Blade|p1a: Arceus
|-damage|p1a: Arceus|0 fnt
|faint|p1a: Arceus
|
|-weather|none
|upkeep
|
|switch|p1a: Xerneas|Xerneas|100/100
|-ability|p1a: Xerneas|Fairy Aura
|turn|14
|
|move|p2a: Zacian|Behemoth Blade|p1a: Xerneas
|-supereffective|p1a: Xerneas
|-damage|p1a: Xerneas|0 fnt
|faint|p1a: Xerneas
|
|win|85792195wwww
|raw|Onoufrios's rating: 1823 &rarr; <strong>1796</strong><br />(-27 for losing)
|raw|85792195wwww's rating: 1689 &rarr; <strong>1716</strong><br />(+27 for winning)
