|j|☆TwTv Bepersch
|j|☆Ronron0901
|t:|1665684536
|gametype|singles
|player|p1|TwTv Bepersch|marnie|1601
|player|p2|Ronron0901|lucas|1676
|teamsize|p1|6
|teamsize|p2|6
|gen|8
|tier|[Gen 8] National Dex AG
|rated|
|rule|HP Percentage Mod: HP is shown in percentages
|rule|Endless Battle Clause: Forcing endless battles is banned
|clearpoke
|poke|p1|Yveltal|
|poke|p1|Deoxys-Speed|
|poke|p1|Zacian-*|
|poke|p1|Eternatus|
|poke|p1|Ditto|
|poke|p1|Calyrex-Shadow|
|poke|p2|Cinderace, M|
|poke|p2|Ferrothorn, F|
|poke|p2|Toxapex, F|
|poke|p2|Landorus-Therian, M|
|poke|p2|Zacian-*|
|poke|p2|Ditto|
|teampreview
|
|t:|1665684543
|start
|switch|p1a: Deoxys|Deoxys-Speed|100/100
|switch|p2a: Ferrothorn|Ferrothorn, F|100/100
|-ability|p1a: Deoxys|Pressure
|turn|1
|
|t:|1665684551
|move|p1a: Deoxys|Stealth Rock|p2a: Ferrothorn
|-sidestart|p2: Ronron0901|move: Stealth Rock
|move|p2a: Ferrothorn|Gyro Ball|p1a: Deoxys
|-damage|p1a: Deoxys|38/100
|
|upkeep
|turn|2
|
|t:|1665684557
|move|p1a: Deoxys|Taunt|p2a: Ferrothorn
|-start|p2a: Ferrothorn|move: Taunt
|move|p2a: Ferrothorn|Gyro Ball|p1a: Deoxys
|-damage|p1a: Deoxys|0 fnt
|faint|p1a: Deoxys
|
|upkeep
|
|t:|1665684570
|switch|p1a: Zacian|Zacian-Crowned|100/100
|-ability|p1a: Zacian|Intrepid Sword|boost
|-boost|p1a: Zacian|atk|1
|turn|3
|
|t:|1665684594
|switch|p2a: Toxapex|Toxapex, F|100/100
|-damage|p2a: Toxapex|88/100|[from] Stealth Rock
|move|p1a: Zacian|Swords Dance|p1a: Zacian
|-boost|p1a: Zacian|atk|2
|
|-heal|p2a: Toxapex|94/100|[from] item: Black Sludge
|upkeep
|turn|4
|
|t:|1665684603
|move|p1a: Zacian|Wild Charge|p2a: Toxapex
|-supereffective|p2a: Toxapex
|-damage|p2a: Toxapex|0 fnt
|faint|p2a: Toxapex
|-damage|p1a: Zacian|79/100|[from] Recoil
|
|upkeep
|
|t:|1665684614
|switch|p2a: Ditto|Ditto|100/100
|-damage|p2a: Ditto|88/100|[from] Stealth Rock
|-transform|p2a: Ditto|p1a: Zacian|[from] ability: Imposter
|-ability|p2a: Ditto|Intrepid Sword|boost
|-boost|p2a: Ditto|atk|1
|turn|5
|
|t:|1665684627
|switch|p1a: Eternatus|Eternatus|100/100
|-ability|p1a: Eternatus|Pressure
|move|p2a: Ditto|Behemoth Blade|p1a: Eternatus
|-damage|p1a: Eternatus|0 fnt
|faint|p1a: Eternatus
|
|upkeep
|
|t:|1665684629
|switch|p1a: Calyrex|Calyrex-Shadow|100/100
|-ability|p1a: Calyrex|As One
|-ability|p1a: Calyrex|Unnerve
|turn|6
|
|t:|1665684642
|move|p1a: Calyrex|Astral Barrage|p2a: Ditto
|-damage|p2a: Ditto|0 fnt
|faint|p2a: Ditto
|-ability|p1a: Calyrex|Grim Neigh|boost
|-boost|p1a: Calyrex|spa|1
|
|upkeep
|
|t:|1665684653
|switch|p2a: Ferrothorn|Ferrothorn, F|100/100
|-damage|p2a: Ferrothorn|94/100|[from] Stealth Rock
|turn|7
|
|t:|1665684663
|move|p1a: Calyrex|Astral Barrage|p2a: Ferrothorn
|-damage|p2a: Ferrothorn|14/100
|move|p2a: Ferrothorn|Gyro Ball|p1a: Calyrex
|-damage|p1a: Calyrex|36/100
|
|-heal|p2a: Ferrothorn|20/100|[from] item: Leftovers
|upkeep
|turn|8
|
|t:|1665684673
|-start|p1a: Calyrex|Dynamax|
|-heal|p1a: Calyrex|36/100|[silent]
|move|p1a: Calyrex|Max Mindstorm|p2a: Ferrothorn
|-resisted|p2a: Ferrothorn
|-damage|p2a: Ferrothorn|0 fnt
|-fieldstart|move: Psychic Terrain
|faint|p2a: Ferrothorn
|-ability|p1a: Calyrex|Grim Neigh|boost
|-boost|p1a: Calyrex|spa|1
|
|upkeep
|
|t:|1665684698
|switch|p2a: Landorus|Landorus-Therian, M|100/100
|-damage|p2a: Landorus|88/100|[from] Stealth Rock
|-ability|p2a: Landorus|Intimidate|boost
|-unboost|p1a: Calyrex|atk|1
|turn|9
|
|t:|1665684704
|-start|p2a: Landorus|Dynamax|
|-heal|p2a: Landorus|88/100|[silent]
|move|p2a: Landorus|Max Guard|p2a: Landorus
|-singleturn|p2a: Landorus|Max Guard
|move|p1a: Calyrex|Max Phantasm|p2a: Landorus
|-activate|p2a: Landorus|move: Max Guard
|
|upkeep
|turn|10
|
|t:|1665684714
|move|p2a: Landorus|Max Guard||[still]
|-fail|p2a: Landorus
|move|p1a: Calyrex|Max Phantasm|p2a: Landorus
|-damage|p2a: Landorus|0 fnt
|faint|p2a: Landorus
|-ability|p1a: Calyrex|Grim Neigh|boost
|-boost|p1a: Calyrex|spa|1
|
|upkeep
|
|t:|1665684730
|switch|p2a: Cinderace|Cinderace, M|100/100
|-damage|p2a: Cinderace|75/100|[from] Stealth Rock
|-end|p1a: Calyrex|Dynamax
|-heal|p1a: Calyrex|36/100|[silent]
|turn|11
|
|t:|1665684736
|move|p2a: Cinderace|Sucker Punch|p1a: Calyrex
|-start|p2a: Cinderace|typechange|Dark|[from] ability: Libero
|-activate|p1a: Calyrex|move: Psychic Terrain
|move|p1a: Calyrex|Astral Barrage|p2a: Cinderace
|-resisted|p2a: Cinderace
|-damage|p2a: Cinderace|0 fnt
|faint|p2a: Cinderace
|-ability|p1a: Calyrex|Grim Neigh|boost
|-boost|p1a: Calyrex|spa|1
|
|upkeep
|inactive|Battle timer is ON: inactive players will automatically lose when time's up. (requested by TwTv Bepersch)
|inactive|Ronron0901 has 120 seconds left.
|inactive|Ronron0901 has 90 seconds left.
|inactive|Ronron0901 has 60 seconds left.
|inactive|Ronron0901 has 30 seconds left.
|inactive|Ronron0901 has 20 seconds left.
|inactive|Ronron0901 has 15 seconds left.
|inactive|Ronron0901 has 10 seconds left.
|inactive|Ronron0901 has 5 seconds left.
|-message|Ronron0901 lost due to inactivity.
|
|win|TwTv Bepersch
|raw|TwTv Bepersch's rating: 1601 &rarr; <strong>1626</strong><br />(+25 for winning)
|raw|Ronron0901's rating: 1689 &rarr; <strong>1664</strong><br />(-25 for losing)
||Ladder isn't responding, score probably updated but might not have (Request timeout).
