|j|☆Hhhhhhhhhhhhx
|j|☆EnvidiaslX
|t:|1664243621
|gametype|singles
|player|p1|Hhhhhhhhhhhhx|nate|1470
|player|p2|EnvidiaslX|kimonogirl|1459
|teamsize|p1|6
|teamsize|p2|6
|gen|8
|tier|[Gen 8] National Dex AG
|rated|
|rule|HP Percentage Mod: HP is shown in percentages
|rule|Endless Battle Clause: Forcing endless battles is banned
|clearpoke
|poke|p1|Eternatus|
|poke|p1|Ho-Oh|
|poke|p1|Necrozma-Dusk-Mane|
|poke|p1|Calyrex-Ice|
|poke|p1|Urshifu-*, M|
|poke|p1|Lunala|
|poke|p2|Corviknight, F|
|poke|p2|Toxapex, F|
|poke|p2|Grimmsnarl, M|
|poke|p2|Zekrom|
|poke|p2|Ho-Oh|
|poke|p2|Archeops, M|
|teampreview
|
|t:|1664243634
|start
|switch|p1a: Necrozma|Necrozma-Dusk-Mane|100/100
|switch|p2a: Toxapex|Toxapex, F|100/100
|turn|1
|
|t:|1664243642
|switch|p2a: Lilith|Corviknight, F|100/100
|move|p1a: Necrozma|Stealth Rock|p2a: Lilith
|-sidestart|p2: EnvidiaslX|move: Stealth Rock
|
|upkeep
|turn|2
|
|t:|1664243650
|switch|p1a: Ho-Oh|Ho-Oh|100/100
|move|p2a: Lilith|Bulk Up|p2a: Lilith
|-boost|p2a: Lilith|atk|1
|-boost|p2a: Lilith|def|1
|
|upkeep
|turn|3
|
|t:|1664243656
|switch|p2a: Ho-Oh|Ho-Oh|100/100
|move|p1a: Ho-Oh|Sacred Fire|p2a: Ho-Oh
|-resisted|p2a: Ho-Oh
|-damage|p2a: Ho-Oh|80/100
|
|upkeep
|turn|4
|
|t:|1664243682
|switch|p1a: Eternatus|Eternatus|100/100
|-ability|p1a: Eternatus|Pressure
|move|p2a: Ho-Oh|Whirlwind|p1a: Eternatus
|drag|p1a: Urshifu|Urshifu-Rapid-Strike, M|100/100
|
|upkeep
|turn|5
|
|t:|1664243690
|move|p1a: Urshifu|Surging Strikes|p2a: Ho-Oh
|-supereffective|p2a: Ho-Oh
|-crit|p2a: Ho-Oh
|-damage|p2a: Ho-Oh|41/100
|-supereffective|p2a: Ho-Oh
|-crit|p2a: Ho-Oh
|-damage|p2a: Ho-Oh|0 fnt
|faint|p2a: Ho-Oh
|-hitcount|p2: Ho-Oh|2
|
|upkeep
|
|t:|1664243697
|switch|p2a: Toxapex|Toxapex, F|100/100
|-damage|p2a: Toxapex|88/100|[from] Stealth Rock
|turn|6
|
|t:|1664243715
|switch|p1a: Eternatus|Eternatus|100/100
|-ability|p1a: Eternatus|Pressure
|move|p2a: Toxapex|Toxic|p1a: Eternatus
|-immune|p1a: Eternatus
|
|upkeep
|turn|7
|
|t:|1664243723
|move|p1a: Eternatus|Dynamax Cannon|p2a: Toxapex
|-damage|p2a: Toxapex|37/100
|move|p2a: Toxapex|Surf|p1a: Eternatus
|-resisted|p1a: Eternatus
|-damage|p1a: Eternatus|94/100
|
|-heal|p1a: Eternatus|99/100|[from] item: Black Sludge
|upkeep
|turn|8
|
|t:|1664243730
|move|p1a: Eternatus|Dynamax Cannon|p2a: Toxapex
|-damage|p2a: Toxapex|0 fnt
|faint|p2a: Toxapex
|
|-heal|p1a: Eternatus|100/100|[from] item: Black Sludge
|upkeep
|
|t:|1664243739
|switch|p2a: Zekrom|Zekrom|100/100
|-damage|p2a: Zekrom|88/100|[from] Stealth Rock
|-ability|p2a: Zekrom|Teravolt
|turn|9
|
|t:|1664243744
|-start|p2a: Zekrom|Dynamax|
|-heal|p2a: Zekrom|88/100|[silent]
|move|p1a: Eternatus|Reflect|p1a: Eternatus
|-sidestart|p1: Hhhhhhhhhhhhx|Reflect
|move|p2a: Zekrom|Max Wyrmwind|p1a: Eternatus
|-supereffective|p1a: Eternatus
|-damage|p1a: Eternatus|50/100
|-unboost|p1a: Eternatus|atk|1
|
|-heal|p1a: Eternatus|56/100|[from] item: Black Sludge
|upkeep
|turn|10
|
|t:|1664243755
|move|p1a: Eternatus|Recover|p1a: Eternatus
|-heal|p1a: Eternatus|100/100
|move|p2a: Zekrom|Max Airstream|p1a: Eternatus
|-damage|p1a: Eternatus|81/100
|-boost|p2a: Zekrom|spe|1
|
|-heal|p1a: Eternatus|87/100|[from] item: Black Sludge
|upkeep
|turn|11
|
|t:|1664243763
|move|p2a: Zekrom|Max Airstream|p1a: Eternatus
|-damage|p1a: Eternatus|69/100
|-boost|p2a: Zekrom|spe|1
|move|p1a: Eternatus|Dynamax Cannon|p2a: Zekrom
|-supereffective|p2a: Zekrom
|-damage|p2a: Zekrom|0 fnt
|faint|p2a: Zekrom
|
|-heal|p1a: Eternatus|75/100|[from] item: Black Sludge
|upkeep
|
|t:|1664243774
|switch|p2a: Grimmsnarl|Grimmsnarl, M|100/100
|-damage|p2a: Grimmsnarl|88/100|[from] Stealth Rock
|turn|12
|
|t:|1664243781
|move|p2a: Grimmsnarl|Trick|p1a: Eternatus
|-activate|p2a: Grimmsnarl|move: Trick|[of] p1a: Eternatus
|-item|p1a: Eternatus|Choice Band|[from] move: Trick
|-item|p2a: Grimmsnarl|Black Sludge|[from] move: Trick
|move|p1a: Eternatus|Mystical Fire|p2a: Grimmsnarl
|-damage|p2a: Grimmsnarl|55/100
|-unboost|p2a: Grimmsnarl|spa|1
|
|-damage|p2a: Grimmsnarl|42/100|[from] item: Black Sludge
|upkeep
|turn|13
|
|t:|1664243798
|move|p2a: Grimmsnarl|Thunder Wave|p1a: Eternatus
|-status|p1a: Eternatus|par
|cant|p1a: Eternatus|par
|
|-damage|p2a: Grimmsnarl|30/100|[from] item: Black Sludge
|-sideend|p1: Hhhhhhhhhhhhx|Reflect
|upkeep
|turn|14
|
|t:|1664243805
|move|p1a: Eternatus|Mystical Fire|p2a: Grimmsnarl
|-damage|p2a: Grimmsnarl|0 fnt
|faint|p2a: Grimmsnarl
|
|upkeep
|
|t:|1664243811
|switch|p2a: Lilith|Corviknight, F|100/100
|-damage|p2a: Lilith|88/100|[from] Stealth Rock
|turn|15
|
|t:|1664243815
|move|p2a: Lilith|Roost|p2a: Lilith
|-heal|p2a: Lilith|100/100
|-singleturn|p2a: Lilith|move: Roost
|move|p1a: Eternatus|Mystical Fire|p2a: Lilith
|-supereffective|p2a: Lilith
|-damage|p2a: Lilith|42/100
|-ability|p2a: Lilith|Mirror Armor
|-unboost|p1a: Eternatus|spa|1
|
|-heal|p2a: Lilith|48/100|[from] item: Leftovers
|upkeep
|turn|16
|
|t:|1664243833
|switch|p1a: Lunala|Lunala|100/100
|move|p2a: Lilith|Roost|p2a: Lilith
|-heal|p2a: Lilith|98/100
|-singleturn|p2a: Lilith|move: Roost
|
|-heal|p2a: Lilith|100/100|[from] item: Leftovers
|upkeep
|turn|17
|
|t:|1664243840
|move|p2a: Lilith|Bulk Up|p2a: Lilith
|-boost|p2a: Lilith|atk|1
|-boost|p2a: Lilith|def|1
|move|p1a: Lunala|Trick Room|p1a: Lunala
|-fieldstart|move: Trick Room|[of] p1a: Lunala
|
|upkeep
|turn|18
|
|t:|1664243847
|move|p2a: Lilith|Bulk Up|p2a: Lilith
|-boost|p2a: Lilith|atk|1
|-boost|p2a: Lilith|def|1
|move|p1a: Lunala|Moongeist Beam|p2a: Lilith
|-damage|p2a: Lilith|50/100
|
|-heal|p2a: Lilith|56/100|[from] item: Leftovers
|upkeep
|turn|19
|
|t:|1664243856
|move|p2a: Lilith|Roost|p2a: Lilith
|-heal|p2a: Lilith|100/100
|-singleturn|p2a: Lilith|move: Roost
|move|p1a: Lunala|Moongeist Beam|p2a: Lilith
|-damage|p2a: Lilith|48/100
|
|-heal|p2a: Lilith|54/100|[from] item: Leftovers
|upkeep
|turn|20
|
|t:|1664243868
|move|p2a: Lilith|Bulk Up|p2a: Lilith
|-boost|p2a: Lilith|atk|1
|-boost|p2a: Lilith|def|1
|move|p1a: Lunala|Moongeist Beam|p2a: Lilith
|-damage|p2a: Lilith|0 fnt
|faint|p2a: Lilith
|
|upkeep
|
|t:|1664243875
|switch|p2a: Archeops|Archeops, M|100/100
|-damage|p2a: Archeops|75/100|[from] Stealth Rock
|turn|21
|
|t:|1664243881
|move|p1a: Lunala|Moongeist Beam|p2a: Archeops
|-damage|p2a: Archeops|0 fnt
|faint|p2a: Archeops
|
|win|Hhhhhhhhhhhhx
|raw|Hhhhhhhhhhhhx's rating: 1470 &rarr; <strong>1489</strong><br />(+19 for winning)
|raw|EnvidiaslX's rating: 1459 &rarr; <strong>1440</strong><br />(-19 for losing)
|l|☆EnvidiaslX
