|j|☆wafflecone67
|j|☆Diancie_hhh
|t:|1668094721
|gametype|singles
|player|p1|wafflecone67|170|1664
|player|p2|Diancie_hhh|marnie|1729
|teamsize|p1|6
|teamsize|p2|6
|gen|8
|tier|[Gen 8] National Dex AG
|rated|
|rule|HP Percentage Mod: HP is shown in percentages
|rule|Endless Battle Clause: Forcing endless battles is banned
|clearpoke
|poke|p1|Scolipede, M|
|poke|p1|Smeargle, F|
|poke|p1|Magearna|
|poke|p1|Smeargle, F|
|poke|p1|Espeon, F|
|poke|p1|Mr. Mime, M|
|poke|p2|Arceus-*|
|poke|p2|Groudon|
|poke|p2|Ho-Oh|
|poke|p2|Zygarde|
|poke|p2|Weavile, F|
|poke|p2|Calyrex-Shadow|
|teampreview
|inactive|Battle timer is ON: inactive players will automatically lose when time's up. (requested by wafflecone67)
|
|t:|1668094728
|start
|switch|p1a: Scolipede|Scolipede, M|100/100
|switch|p2a: Calyrex|Calyrex-Shadow|100/100
|-ability|p2a: Calyrex|As One
|-ability|p2a: Calyrex|Unnerve
|turn|1
|
|t:|1668094733
|move|p1a: Scolipede|Protect|p1a: Scolipede
|-singleturn|p1a: Scolipede|Protect
|move|p2a: Calyrex|Substitute|p2a: Calyrex
|-start|p2a: Calyrex|Substitute
|-damage|p2a: Calyrex|76/100
|
|-heal|p2a: Calyrex|82/100|[from] item: Leftovers
|-ability|p1a: Scolipede|Speed Boost|boost
|-boost|p1a: Scolipede|spe|1
|upkeep
|turn|2
|
|t:|1668094737
|move|p1a: Scolipede|Substitute|p1a: Scolipede
|-start|p1a: Scolipede|Substitute
|-damage|p1a: Scolipede|76/100
|move|p2a: Calyrex|Taunt|p1a: Scolipede
|-start|p1a: Scolipede|move: Taunt
|-enditem|p1a: Scolipede|Mental Herb
|-end|p1a: Scolipede|move: Taunt
|
|-heal|p2a: Calyrex|88/100|[from] item: Leftovers
|-ability|p1a: Scolipede|Speed Boost|boost
|-boost|p1a: Scolipede|spe|1
|upkeep
|turn|3
|
|t:|1668094742
|move|p1a: Scolipede|Protect|p1a: Scolipede
|-singleturn|p1a: Scolipede|Protect
|move|p2a: Calyrex|Astral Barrage|p1a: Scolipede
|-activate|p1a: Scolipede|move: Protect
|
|-heal|p2a: Calyrex|94/100|[from] item: Leftovers
|-ability|p1a: Scolipede|Speed Boost|boost
|-boost|p1a: Scolipede|spe|1
|upkeep
|turn|4
|
|t:|1668094752
|move|p1a: Scolipede|Baton Pass|p1a: Scolipede
|
|t:|1668094753
|switch|p1a: Smeargle|Smeargle, F|100/100|[from]move: Baton Pass
|move|p2a: Calyrex|Astral Barrage|p1a: Smeargle
|-immune|p1a: Smeargle
|
|-heal|p2a: Calyrex|99/100|[from] item: Leftovers
|-ability|p1a: Smeargle|Moody|boost
|-boost|p1a: Smeargle|spe|2
|-unboost|p1a: Smeargle|spa|1
|upkeep
|turn|5
|
|t:|1668094768
|move|p1a: Smeargle|Baton Pass|p1a: Smeargle
|
|t:|1668094771
|switch|p1a: Espeon|Espeon, F|100/100|[from]move: Baton Pass
|move|p2a: Calyrex|Taunt|p1a: Espeon
|move|p1a: Espeon|Taunt|p2a: Calyrex|[from]ability: Magic Bounce
|-start|p2a: Calyrex|move: Taunt
|
|-heal|p2a: Calyrex|100/100|[from] item: Leftovers
|upkeep
|turn|6
|
|t:|1668094791
|move|p1a: Espeon|Baton Pass|p1a: Espeon
|
|t:|1668094795
|switch|p1a: Smeargle|Smeargle, F|100/100|[from]move: Baton Pass
|move|p2a: Calyrex|Astral Barrage|p1a: Smeargle
|-immune|p1a: Smeargle
|
|-ability|p1a: Smeargle|Moody|boost
|-boost|p1a: Smeargle|def|2
|-unboost|p1a: Smeargle|spd|1
|upkeep
|turn|7
|
|t:|1668094802
|switch|p2a: 大地之神|Groudon, shiny|100/100
|detailschange|p2a: 大地之神|Groudon-Primal, shiny
|-primal|p2a: 大地之神
|-weather|DesolateLand|[from] ability: Desolate Land|[of] p2a: 大地之神
|move|p1a: Smeargle|Ingrain|p1a: Smeargle
|-start|p1a: Smeargle|move: Ingrain
|
|-weather|DesolateLand|[upkeep]
|-ability|p1a: Smeargle|Moody|boost
|-boost|p1a: Smeargle|atk|2
|-unboost|p1a: Smeargle|def|1
|upkeep
|turn|8
|
|t:|1668094815
|move|p1a: Smeargle|Spore|p2a: 大地之神
|-status|p2a: 大地之神|slp|[from] move: Spore
|cant|p2a: 大地之神|slp
|
|-weather|DesolateLand|[upkeep]
|-ability|p1a: Smeargle|Moody|boost
|-boost|p1a: Smeargle|spe|1
|-unboost|p1a: Smeargle|atk|1
|upkeep
|turn|9
|
|t:|1668094820
|move|p1a: Smeargle|Baton Pass|p1a: Smeargle
|
|t:|1668094821
|switch|p1a: Smeargle|Smeargle, F|100/100|[from]move: Baton Pass
|-curestatus|p2a: 大地之神|slp|[msg]
|move|p2a: 大地之神|Fire Punch|p1a: Smeargle
|-end|p1a: Smeargle|Substitute
|
|-weather|DesolateLand|[upkeep]
|-ability|p1a: Smeargle|Moody|boost
|-boost|p1a: Smeargle|spa|2
|-unboost|p1a: Smeargle|spe|1
|upkeep
|turn|10
|
|t:|1668094828
|move|p1a: Smeargle|Spore|p2a: 大地之神
|-status|p2a: 大地之神|slp|[from] move: Spore
|cant|p2a: 大地之神|slp
|
|-weather|DesolateLand|[upkeep]
|-ability|p1a: Smeargle|Moody|boost
|-boost|p1a: Smeargle|spd|2
|-unboost|p1a: Smeargle|atk|1
|upkeep
|turn|11
|
|t:|1668094831
|move|p1a: Smeargle|Substitute|p1a: Smeargle
|-start|p1a: Smeargle|Substitute
|-damage|p1a: Smeargle|76/100
|cant|p2a: 大地之神|slp
|
|-weather|DesolateLand|[upkeep]
|-heal|p1a: Smeargle|82/100|[from] Ingrain
|-ability|p1a: Smeargle|Moody|boost
|-boost|p1a: Smeargle|spe|1
|-unboost|p1a: Smeargle|atk|1
|upkeep
|turn|12
|
|t:|1668094835
|move|p1a: Smeargle|Spiky Shield|p1a: Smeargle
|-singleturn|p1a: Smeargle|move: Protect
|-curestatus|p2a: 大地之神|slp|[msg]
|move|p2a: 大地之神|Fire Punch|p1a: Smeargle
|-activate|p1a: Smeargle|move: Protect
|-damage|p2a: 大地之神|88/100|[from] Spiky Shield|[of] p1a: Smeargle
|
|-weather|DesolateLand|[upkeep]
|-heal|p1a: Smeargle|88/100|[from] Ingrain
|-ability|p1a: Smeargle|Moody|boost
|-boost|p1a: Smeargle|spa|2
|-unboost|p1a: Smeargle|atk|1
|upkeep
|turn|13
|
|t:|1668094847
|move|p1a: Smeargle|Spore|p2a: 大地之神
|-status|p2a: 大地之神|slp|[from] move: Spore
|cant|p2a: 大地之神|slp
|
|-weather|DesolateLand|[upkeep]
|-heal|p1a: Smeargle|94/100|[from] Ingrain
|-ability|p1a: Smeargle|Moody|boost
|-boost|p1a: Smeargle|spa|2
|-unboost|p1a: Smeargle|def|1
|upkeep
|turn|14
|
|t:|1668094860
|-weather|none
|switch|p2a: 相信三旋击!|Weavile, F, shiny|100/100
|-ability|p2a: 相信三旋击!|Pressure
|move|p1a: Smeargle|Spiky Shield||[still]
|-fail|p1a: Smeargle
|
|-heal|p1a: Smeargle|99/100|[from] Ingrain
|-ability|p1a: Smeargle|Moody|boost
|-boost|p1a: Smeargle|spd|2
|-unboost|p1a: Smeargle|spa|1
|upkeep
|turn|15
|
|t:|1668094874
|move|p1a: Smeargle|Spiky Shield|p1a: Smeargle
|-singleturn|p1a: Smeargle|move: Protect
|move|p2a: 相信三旋击!|Beat Up|p1a: Smeargle
|-activate|p1a: Smeargle|move: Protect
|
|-heal|p1a: Smeargle|100/100|[from] Ingrain
|-ability|p1a: Smeargle|Moody|boost
|-boost|p1a: Smeargle|atk|2
|-unboost|p1a: Smeargle|def|1
|upkeep
|turn|16
|
|t:|1668094880
|move|p1a: Smeargle|Spore|p2a: 相信三旋击!
|-status|p2a: 相信三旋击!|slp|[from] move: Spore
|cant|p2a: 相信三旋击!|slp
|
|-ability|p1a: Smeargle|Moody|boost
|-boost|p1a: Smeargle|def|2
|-unboost|p1a: Smeargle|atk|1
|upkeep
|turn|17
|
|t:|1668094886
|move|p1a: Smeargle|Baton Pass|p1a: Smeargle
|
|t:|1668094887
|switch|p1a: labrys|Magearna|100/100|[from]move: Baton Pass
|cant|p2a: 相信三旋击!|slp
|
|upkeep
|turn|18
|
|t:|1668094903
|switch|p2a: 大地之神|Groudon-Primal, shiny|88/100 slp
|-weather|DesolateLand|[from] ability: Desolate Land|[of] p2a: 大地之神
|move|p1a: labrys|Draining Kiss|p2a: 大地之神
|-resisted|p2a: 大地之神
|-damage|p2a: 大地之神|49/100 slp
|
|-weather|DesolateLand|[upkeep]
|upkeep
|turn|19
|
|t:|1668094912
|move|p1a: labrys|Stored Power|p2a: 大地之神
|-damage|p2a: 大地之神|0 fnt
|faint|p2a: 大地之神
|-ability|p1a: labrys|Soul-Heart|boost
|-boost|p1a: labrys|spa|1
|-weather|none
|
|upkeep
|
|t:|1668094922
|switch|p2a: Arceus|Arceus, shiny|100/100
|turn|20
|
|t:|1668094933
|-start|p2a: Arceus|Dynamax|
|-heal|p2a: Arceus|100/100|[silent]
|move|p1a: labrys|Stored Power|p2a: Arceus
|-damage|p2a: Arceus|0 fnt
|faint|p2a: Arceus
|-ability|p1a: labrys|Soul-Heart|boost
|-boost|p1a: labrys|spa|1
|
|upkeep
|-message|Diancie_hhh forfeited.
|
|win|wafflecone67
|raw|wafflecone67's rating: 1664 &rarr; <strong>1688</strong><br />(+24 for winning)
|raw|Diancie_hhh's rating: 1729 &rarr; <strong>1705</strong><br />(-24 for losing)
