|j|☆lemoncell0
|j|☆CLEAR GEM清瑜
|t:|1663203704
|gametype|singles
|player|p1|lemoncell0|allister|1823
|player|p2|CLEAR GEM清瑜|skierf|1811
|teamsize|p1|6
|teamsize|p2|6
|gen|8
|tier|[Gen 8] National Dex AG
|rated|
|rule|HP Percentage Mod: HP is shown in percentages
|rule|Endless Battle Clause: Forcing endless battles is banned
|clearpoke
|poke|p1|Ferrothorn, F|
|poke|p1|Tyranitar, M|
|poke|p1|Quagsire, M|
|poke|p1|Zacian-*|
|poke|p1|Ditto|
|poke|p1|Salamence, F|
|poke|p2|Rayquaza|
|poke|p2|Groudon|
|poke|p2|Necrozma-Dusk-Mane|
|poke|p2|Arceus-*|
|poke|p2|Zacian-*|
|poke|p2|Yveltal|
|teampreview
|inactive|Battle timer is ON: inactive players will automatically lose when time's up. (requested by CLEAR GEM清瑜)
|
|t:|1663203713
|start
|switch|p1a: Ditto|Ditto|100/100
|switch|p2a: 不会(?)|Groudon|100/100
|-transform|p1a: Ditto|p2a: 不会(?)|[from] ability: Imposter
|-weather|SunnyDay|[from] ability: Drought|[of] p1a: Ditto
|detailschange|p2a: 不会(?)|Groudon-Primal
|-primal|p2a: 不会(?)
|-weather|DesolateLand|[from] ability: Desolate Land|[of] p2a: 不会(?)
|turn|1
|
|t:|1663203718
|move|p1a: Ditto|Precipice Blades|p2a: 不会(?)
|-supereffective|p2a: 不会(?)
|-damage|p2a: 不会(?)|9/100
|move|p2a: 不会(?)|Stealth Rock|p1a: Ditto
|-sidestart|p1: lemoncell0|move: Stealth Rock
|
|-weather|DesolateLand|[upkeep]
|upkeep
|turn|2
|
|t:|1663203733
|switch|p1a: Salamence|Salamence, F|100/100
|-damage|p1a: Salamence|76/100|[from] Stealth Rock
|-ability|p1a: Salamence|Intimidate|boost
|-unboost|p2a: 不会(?)|atk|1
|-weather|none
|switch|p2a: 悬空羊驼|Arceus-Flying|100/100
|
|upkeep
|turn|3
|
|t:|1663203744
|switch|p1a: Ferrothorn|Ferrothorn, F|100/100
|-damage|p1a: Ferrothorn|94/100|[from] Stealth Rock
|move|p2a: 悬空羊驼|Calm Mind|p2a: 悬空羊驼
|-boost|p2a: 悬空羊驼|spa|1
|-boost|p2a: 悬空羊驼|spd|1
|
|-heal|p1a: Ferrothorn|100/100|[from] item: Leftovers
|upkeep
|turn|4
|
|t:|1663203751
|switch|p2a: 不会(?)|Groudon-Primal|9/100
|-weather|DesolateLand|[from] ability: Desolate Land|[of] p2a: 不会(?)
|move|p1a: Ferrothorn|Leech Seed|p2a: 不会(?)|[miss]
|-miss|p1a: Ferrothorn|p2a: 不会(?)
|
|-weather|DesolateLand|[upkeep]
|upkeep
|turn|5
|
|t:|1663203758
|switch|p1a: Salamence|Salamence, F|76/100
|-damage|p1a: Salamence|51/100|[from] Stealth Rock
|-ability|p1a: Salamence|Intimidate|boost
|-unboost|p2a: 不会(?)|atk|1
|move|p2a: 不会(?)|Heat Crash|p1a: Salamence
|-resisted|p1a: Salamence
|-damage|p1a: Salamence|0 fnt
|faint|p1a: Salamence
|
|-weather|DesolateLand|[upkeep]
|upkeep
|
|t:|1663203761
|switch|p1a: Zacian|Zacian-Crowned|100/100
|-damage|p1a: Zacian|94/100|[from] Stealth Rock
|-ability|p1a: Zacian|Intrepid Sword|boost
|-boost|p1a: Zacian|atk|1
|turn|6
|
|t:|1663203764
|move|p1a: Zacian|Close Combat|p2a: 不会(?)
|-damage|p2a: 不会(?)|0 fnt
|-unboost|p1a: Zacian|def|1
|-unboost|p1a: Zacian|spd|1
|faint|p2a: 不会(?)
|-weather|none
|
|upkeep
|
|t:|1663203766
|switch|p2a: 钢铁之躯|Necrozma-Dusk-Mane|100/100
|turn|7
|
|t:|1663203768
|switch|p1a: Ferrothorn|Ferrothorn, F|100/100
|-damage|p1a: Ferrothorn|94/100|[from] Stealth Rock
|move|p2a: 钢铁之躯|Dragon Dance|p2a: 钢铁之躯
|-boost|p2a: 钢铁之躯|atk|1
|-boost|p2a: 钢铁之躯|spe|1
|
|-heal|p1a: Ferrothorn|100/100|[from] item: Leftovers
|upkeep
|turn|8
|
|t:|1663203771
|move|p2a: 钢铁之躯|Dragon Dance|p2a: 钢铁之躯
|-boost|p2a: 钢铁之躯|atk|1
|-boost|p2a: 钢铁之躯|spe|1
|move|p1a: Ferrothorn|Leech Seed|p2a: 钢铁之躯
|-start|p2a: 钢铁之躯|move: Leech Seed
|
|-damage|p2a: 钢铁之躯|88/100|[from] Leech Seed|[of] p1a: Ferrothorn
|upkeep
|turn|9
|
|t:|1663203774
|move|p2a: 钢铁之躯|Dragon Dance|p2a: 钢铁之躯
|-boost|p2a: 钢铁之躯|atk|1
|-boost|p2a: 钢铁之躯|spe|1
|move|p1a: Ferrothorn|Knock Off|p2a: 钢铁之躯
|-supereffective|p2a: 钢铁之躯
|-damage|p2a: 钢铁之躯|72/100
|
|-damage|p2a: 钢铁之躯|59/100|[from] Leech Seed|[of] p1a: Ferrothorn
|upkeep
|turn|10
|
|t:|1663203779
|move|p1a: Ferrothorn|Protect|p1a: Ferrothorn
|-singleturn|p1a: Ferrothorn|Protect
|move|p2a: 钢铁之躯|Earthquake|p1a: Ferrothorn
|-activate|p1a: Ferrothorn|move: Protect
|
|-damage|p2a: 钢铁之躯|47/100|[from] Leech Seed|[of] p1a: Ferrothorn
|upkeep
|turn|11
|
|t:|1663203781
|move|p2a: 钢铁之躯|Earthquake|p1a: Ferrothorn
|-damage|p1a: Ferrothorn|11/100
|move|p1a: Ferrothorn|Knock Off|p2a: 钢铁之躯
|-supereffective|p2a: 钢铁之躯
|-damage|p2a: 钢铁之躯|31/100
|
|-heal|p1a: Ferrothorn|17/100|[from] item: Leftovers
|-damage|p2a: 钢铁之躯|19/100|[from] Leech Seed|[of] p1a: Ferrothorn
|-heal|p1a: Ferrothorn|31/100|[silent]
|upkeep
|turn|12
|
|t:|1663203784
|move|p1a: Ferrothorn|Protect|p1a: Ferrothorn
|-singleturn|p1a: Ferrothorn|Protect
|move|p2a: 钢铁之躯|Earthquake|p1a: Ferrothorn
|-activate|p1a: Ferrothorn|move: Protect
|
|-heal|p1a: Ferrothorn|37/100|[from] item: Leftovers
|-damage|p2a: 钢铁之躯|6/100|[from] Leech Seed|[of] p1a: Ferrothorn
|-heal|p1a: Ferrothorn|50/100|[silent]
|upkeep
|turn|13
|
|t:|1663203787
|switch|p1a: Quagsire|Quagsire, M|100/100
|-damage|p1a: Quagsire|94/100|[from] Stealth Rock
|move|p2a: 钢铁之躯|Earthquake|p1a: Quagsire
|-damage|p1a: Quagsire|64/100
|
|-damage|p2a: 钢铁之躯|0 fnt|[from] Leech Seed|[of] p1a: Quagsire
|-heal|p1a: Quagsire|70/100|[silent]
|faint|p2a: 钢铁之躯
|upkeep
|
|t:|1663203795
|switch|p2a: Y鸟|Yveltal|100/100
|-ability|p2a: Y鸟|Dark Aura
|turn|14
|
|t:|1663203799
|switch|p2a: 老烈|Rayquaza, shiny|100/100
|-ability|p2a: 老烈|Air Lock
|switch|p1a: Tyranitar|Tyranitar, M|100/100
|-damage|p1a: Tyranitar|88/100|[from] Stealth Rock
|-weather|Sandstorm|[from] ability: Sand Stream|[of] p1a: Tyranitar
|
|-weather|Sandstorm|[upkeep]
|-heal|p1a: Tyranitar|94/100|[from] item: Leftovers
|upkeep
|turn|15
|
|t:|1663203803
|detailschange|p2a: 老烈|Rayquaza-Mega, shiny
|-mega|p2a: 老烈|Rayquaza|
|-weather|DeltaStream|[from] ability: Delta Stream|[of] p2a: 老烈
|-start|p1a: Tyranitar|Dynamax|
|-heal|p1a: Tyranitar|94/100|[silent]
|move|p2a: 老烈|Dragon Dance|p2a: 老烈
|-boost|p2a: 老烈|atk|1
|-boost|p2a: 老烈|spe|1
|move|p1a: Tyranitar|Max Rockfall|p2a: 老烈
|-activate||deltastream
|-damage|p2a: 老烈|51/100
|
|-weather|DeltaStream|[upkeep]
|-heal|p1a: Tyranitar|97/100|[from] item: Leftovers
|upkeep
|turn|16
|
|t:|1663203805
|move|p2a: 老烈|Earthquake|p1a: Tyranitar
|-supereffective|p1a: Tyranitar
|-damage|p1a: Tyranitar|36/100
|move|p1a: Tyranitar|Max Rockfall|p2a: 老烈
|-activate||deltastream
|-damage|p2a: 老烈|0 fnt
|-weather|Sandstorm
|faint|p2a: 老烈
|
|-weather|Sandstorm|[upkeep]
|-heal|p1a: Tyranitar|39/100|[from] item: Leftovers
|upkeep
|
|t:|1663203816
|switch|p2a: 悬空羊驼|Arceus-Flying|100/100
|turn|17
|
|t:|1663203821
|-start|p2a: 悬空羊驼|Dynamax|
|-heal|p2a: 悬空羊驼|100/100|[silent]
|move|p2a: 悬空羊驼|Max Guard|p2a: 悬空羊驼
|-singleturn|p2a: 悬空羊驼|Max Guard
|move|p1a: Tyranitar|Max Rockfall|p2a: 悬空羊驼
|-activate|p2a: 悬空羊驼|move: Max Guard
|
|-weather|Sandstorm|[upkeep]
|-damage|p2a: 悬空羊驼|97/100|[from] Sandstorm
|-heal|p1a: Tyranitar|42/100|[from] item: Leftovers
|upkeep
|-end|p1a: Tyranitar|Dynamax
|-heal|p1a: Tyranitar|42/100|[silent]
|turn|18
|
|t:|1663203823
|move|p2a: 悬空羊驼|Max Quake|p1a: Tyranitar
|-supereffective|p1a: Tyranitar
|-damage|p1a: Tyranitar|4/100
|-boost|p2a: 悬空羊驼|spd|1
|move|p1a: Tyranitar|Rock Blast|p2a: 悬空羊驼|[miss]
|-miss|p1a: Tyranitar|p2a: 悬空羊驼
|
|-weather|Sandstorm|[upkeep]
|-damage|p2a: 悬空羊驼|94/100|[from] Sandstorm
|-heal|p1a: Tyranitar|10/100|[from] item: Leftovers
|upkeep
|turn|19
|
|t:|1663203827
|move|p2a: 悬空羊驼|Max Airstream|p1a: Tyranitar
|-resisted|p1a: Tyranitar
|-damage|p1a: Tyranitar|0 fnt
|-boost|p2a: 悬空羊驼|spe|1
|faint|p1a: Tyranitar
|
|-weather|Sandstorm|[upkeep]
|-damage|p2a: 悬空羊驼|91/100|[from] Sandstorm
|upkeep
|
|t:|1663203830
|switch|p1a: Ferrothorn|Ferrothorn, F|50/100
|-damage|p1a: Ferrothorn|44/100|[from] Stealth Rock
|-end|p2a: 悬空羊驼|Dynamax
|-heal|p2a: 悬空羊驼|92/100|[silent]
|turn|20
|
|t:|1663203833
|move|p2a: 悬空羊驼|Calm Mind|p2a: 悬空羊驼
|-boost|p2a: 悬空羊驼|spa|1
|-boost|p2a: 悬空羊驼|spd|1
|move|p1a: Ferrothorn|Leech Seed|p2a: 悬空羊驼
|-start|p2a: 悬空羊驼|move: Leech Seed
|
|-weather|none
|-heal|p1a: Ferrothorn|50/100|[from] item: Leftovers
|-damage|p2a: 悬空羊驼|79/100|[from] Leech Seed|[of] p1a: Ferrothorn
|-heal|p1a: Ferrothorn|65/100|[silent]
|upkeep
|turn|21
|
|t:|1663203838
|move|p2a: 悬空羊驼|Calm Mind|p2a: 悬空羊驼
|-boost|p2a: 悬空羊驼|spa|1
|-boost|p2a: 悬空羊驼|spd|1
|move|p1a: Ferrothorn|Knock Off|p2a: 悬空羊驼
|-damage|p2a: 悬空羊驼|69/100
|
|-heal|p1a: Ferrothorn|71/100|[from] item: Leftovers
|-damage|p2a: 悬空羊驼|57/100|[from] Leech Seed|[of] p1a: Ferrothorn
|-heal|p1a: Ferrothorn|86/100|[silent]
|upkeep
|turn|22
|
|t:|1663203840
|switch|p1a: Ditto|Ditto|100/100
|-damage|p1a: Ditto|88/100|[from] Stealth Rock
|-transform|p1a: Ditto|p2a: 悬空羊驼|[from] ability: Imposter
|move|p2a: 悬空羊驼|Recover|p2a: 悬空羊驼
|-heal|p2a: 悬空羊驼|100/100
|
|-damage|p2a: 悬空羊驼|88/100|[from] Leech Seed|[of] p1a: Ditto
|-heal|p1a: Ditto|100/100|[silent]
|upkeep
|turn|23
|
|t:|1663203843
|move|p1a: Ditto|Judgment|p2a: 悬空羊驼
|-damage|p2a: 悬空羊驼|67/100
|move|p2a: 悬空羊驼|Judgment|p1a: Ditto
|-damage|p1a: Ditto|47/100
|
|-damage|p2a: 悬空羊驼|55/100|[from] Leech Seed|[of] p1a: Ditto
|-heal|p1a: Ditto|64/100|[silent]
|upkeep
|turn|24
|
|t:|1663203846
|move|p1a: Ditto|Judgment|p2a: 悬空羊驼
|-damage|p2a: 悬空羊驼|34/100
|move|p2a: 悬空羊驼|Recover|p2a: 悬空羊驼
|-heal|p2a: 悬空羊驼|84/100
|
|-damage|p2a: 悬空羊驼|72/100|[from] Leech Seed|[of] p1a: Ditto
|-heal|p1a: Ditto|81/100|[silent]
|upkeep
|turn|25
|
|t:|1663203849
|move|p1a: Ditto|Judgment|p2a: 悬空羊驼
|-damage|p2a: 悬空羊驼|52/100
|move|p2a: 悬空羊驼|Judgment|p1a: Ditto
|-damage|p1a: Ditto|30/100
|
|-damage|p2a: 悬空羊驼|40/100|[from] Leech Seed|[of] p1a: Ditto
|-heal|p1a: Ditto|47/100|[silent]
|upkeep
|turn|26
|
|t:|1663203852
|move|p1a: Ditto|Judgment|p2a: 悬空羊驼
|-damage|p2a: 悬空羊驼|20/100
|move|p2a: 悬空羊驼|Recover|p2a: 悬空羊驼
|-heal|p2a: 悬空羊驼|70/100
|
|-damage|p2a: 悬空羊驼|57/100|[from] Leech Seed|[of] p1a: Ditto
|-heal|p1a: Ditto|64/100|[silent]
|upkeep
|turn|27
|
|t:|1663203856
|switch|p1a: Ferrothorn|Ferrothorn, F|86/100
|-damage|p1a: Ferrothorn|79/100|[from] Stealth Rock
|move|p2a: 悬空羊驼|Judgment|p1a: Ferrothorn
|-damage|p1a: Ferrothorn|0 fnt
|faint|p1a: Ferrothorn
|
|upkeep
|
|t:|1663203862
|switch|p1a: Zacian|Zacian-Crowned|94/100
|-damage|p1a: Zacian|88/100|[from] Stealth Rock
|-ability|p1a: Zacian|Intrepid Sword|boost
|-boost|p1a: Zacian|atk|1
|turn|28
|
|t:|1663203865
|switch|p1a: Ditto|Ditto|64/100
|-damage|p1a: Ditto|52/100|[from] Stealth Rock
|-transform|p1a: Ditto|p2a: 悬空羊驼|[from] ability: Imposter
|move|p2a: 悬空羊驼|Earth Power|p1a: Ditto
|-immune|p1a: Ditto
|
|-damage|p2a: 悬空羊驼|45/100|[from] Leech Seed|[of] p1a: Ditto
|-heal|p1a: Ditto|69/100|[silent]
|upkeep
|turn|29
|
|t:|1663203868
|move|p1a: Ditto|Judgment|p2a: 悬空羊驼
|-damage|p2a: 悬空羊驼|24/100
|move|p2a: 悬空羊驼|Recover|p2a: 悬空羊驼
|-heal|p2a: 悬空羊驼|74/100
|
|-damage|p2a: 悬空羊驼|62/100|[from] Leech Seed|[of] p1a: Ditto
|-heal|p1a: Ditto|86/100|[silent]
|upkeep
|turn|30
|
|t:|1663203870
|move|p1a: Ditto|Judgment|p2a: 悬空羊驼
|-damage|p2a: 悬空羊驼|43/100
|move|p2a: 悬空羊驼|Judgment|p1a: Ditto
|-damage|p1a: Ditto|31/100
|
|-damage|p2a: 悬空羊驼|30/100|[from] Leech Seed|[of] p1a: Ditto
|-heal|p1a: Ditto|48/100|[silent]
|upkeep
|turn|31
|
|t:|1663203872
|move|p1a: Ditto|Judgment|p2a: 悬空羊驼
|-damage|p2a: 悬空羊驼|10/100
|move|p2a: 悬空羊驼|Recover|p2a: 悬空羊驼
|-heal|p2a: 悬空羊驼|60/100
|
|-damage|p2a: 悬空羊驼|48/100|[from] Leech Seed|[of] p1a: Ditto
|-heal|p1a: Ditto|65/100|[silent]
|upkeep
|turn|32
|
|t:|1663203875
|move|p1a: Ditto|Judgment|p2a: 悬空羊驼
|-damage|p2a: 悬空羊驼|26/100
|move|p2a: 悬空羊驼|Recover|p2a: 悬空羊驼
|-heal|p2a: 悬空羊驼|76/100
|
|-damage|p2a: 悬空羊驼|64/100|[from] Leech Seed|[of] p1a: Ditto
|-heal|p1a: Ditto|82/100|[silent]
|upkeep
|turn|33
|
|t:|1663203876
|move|p1a: Ditto|Judgment|p2a: 悬空羊驼
|-damage|p2a: 悬空羊驼|43/100
|move|p2a: 悬空羊驼|Judgment|p1a: Ditto
|-damage|p1a: Ditto|35/100
|
|-damage|p2a: 悬空羊驼|31/100|[from] Leech Seed|[of] p1a: Ditto
|-heal|p1a: Ditto|52/100|[silent]
|upkeep
|turn|34
|
|t:|1663203878
|switch|p1a: Zacian|Zacian-Crowned|88/100
|-damage|p1a: Zacian|82/100|[from] Stealth Rock
|-ability|p1a: Zacian|Intrepid Sword|boost
|-boost|p1a: Zacian|atk|1
|move|p2a: 悬空羊驼|Recover|p2a: 悬空羊驼
|-heal|p2a: 悬空羊驼|81/100
|
|-damage|p2a: 悬空羊驼|68/100|[from] Leech Seed|[of] p1a: Zacian
|-heal|p1a: Zacian|98/100|[silent]
|upkeep
|turn|35
|
|t:|1663203881
|move|p2a: 悬空羊驼|Earth Power|p1a: Zacian
|-supereffective|p1a: Zacian
|-damage|p1a: Zacian|0 fnt
|faint|p1a: Zacian
|
|upkeep
|
|t:|1663203883
|switch|p1a: Ditto|Ditto|52/100
|-damage|p1a: Ditto|40/100|[from] Stealth Rock
|-transform|p1a: Ditto|p2a: 悬空羊驼|[from] ability: Imposter
|turn|36
|
|t:|1663203888
|move|p1a: Ditto|Judgment|p2a: 悬空羊驼
|-damage|p2a: 悬空羊驼|46/100
|move|p2a: 悬空羊驼|Recover|p2a: 悬空羊驼
|-heal|p2a: 悬空羊驼|96/100
|
|-damage|p2a: 悬空羊驼|84/100|[from] Leech Seed|[of] p1a: Ditto
|-heal|p1a: Ditto|57/100|[silent]
|upkeep
|turn|37
|
|t:|1663203890
|move|p1a: Ditto|Judgment|p2a: 悬空羊驼
|-damage|p2a: 悬空羊驼|63/100
|move|p2a: 悬空羊驼|Judgment|p1a: Ditto
|-damage|p1a: Ditto|6/100
|
|-damage|p2a: 悬空羊驼|50/100|[from] Leech Seed|[of] p1a: Ditto
|-heal|p1a: Ditto|23/100|[silent]
|upkeep
|turn|38
|
|t:|1663203894
|move|p1a: Ditto|Judgment|p2a: 悬空羊驼
|-damage|p2a: 悬空羊驼|29/100
|move|p2a: 悬空羊驼|Recover|p2a: 悬空羊驼
|-heal|p2a: 悬空羊驼|79/100
|
|-damage|p2a: 悬空羊驼|66/100|[from] Leech Seed|[of] p1a: Ditto
|-heal|p1a: Ditto|40/100|[silent]
|upkeep
|turn|39
|
|t:|1663203895
|move|p1a: Ditto|Judgment|p2a: 悬空羊驼
|-damage|p2a: 悬空羊驼|45/100
|move|p2a: 悬空羊驼|Judgment|p1a: Ditto
|-damage|p1a: Ditto|0 fnt
|faint|p1a: Ditto
|
|upkeep
|
|t:|1663203897
|switch|p1a: Quagsire|Quagsire, M|70/100
|-damage|p1a: Quagsire|64/100|[from] Stealth Rock
|turn|40
|
|t:|1663203899
|move|p2a: 悬空羊驼|Judgment|p1a: Quagsire
|-damage|p1a: Quagsire|0 fnt
|faint|p1a: Quagsire
|
|win|CLEAR GEM清瑜
|raw|lemoncell0's rating: 1823 &rarr; <strong>1802</strong><br />(-21 for losing)
|raw|CLEAR GEM清瑜's rating: 1811 &rarr; <strong>1832</strong><br />(+21 for winning)
|l|☆lemoncell0
||Ladder isn't responding, score probably updated but might not have (Request timeout).
