|j|☆Morale Booster
|j|☆DarkboiJ
|t:|1665936803
|gametype|singles
|player|p1|Morale Booster|klara|1649
|player|p2|DarkboiJ|blue-gen3two|1813
|teamsize|p1|6
|teamsize|p2|6
|gen|8
|tier|[Gen 8] National Dex AG
|rated|
|rule|HP Percentage Mod: HP is shown in percentages
|rule|Endless Battle Clause: Forcing endless battles is banned
|clearpoke
|poke|p1|Marshadow|
|poke|p1|Lugia|
|poke|p1|Groudon|
|poke|p1|Smeargle, F|
|poke|p1|Xerneas-*|
|poke|p1|Hattrem, F|
|poke|p2|Necrozma-Dusk-Mane|
|poke|p2|Ditto|
|poke|p2|Arceus-*|
|poke|p2|Melmetal|
|poke|p2|Deoxys-Defense|
|poke|p2|Grimmsnarl, M|
|teampreview
|inactive|Battle timer is ON: inactive players will automatically lose when time's up. (requested by DarkboiJ)
|
|t:|1665936814
|start
|switch|p1a: Sack|Groudon|100/100
|switch|p2a: Melmetal|Melmetal|100/100
|detailschange|p1a: Sack|Groudon-Primal
|-primal|p1a: Sack
|-weather|DesolateLand|[from] ability: Desolate Land|[of] p1a: Sack
|turn|1
|
|t:|1665936823
|switch|p2a: Deoxys|Deoxys-Defense, shiny|100/100
|-ability|p2a: Deoxys|Pressure
|move|p1a: Sack|Precipice Blades|p2a: Deoxys
|-damage|p2a: Deoxys|54/100
|
|-weather|DesolateLand|[upkeep]
|-heal|p2a: Deoxys|60/100|[from] item: Leftovers
|upkeep
|turn|2
|
|t:|1665936831
|-weather|none
|switch|p1a: idk|Hattrem, F|100/100
|move|p2a: Deoxys|Knock Off|p1a: idk
|-supereffective|p1a: idk
|-damage|p1a: idk|52/100
|-enditem|p1a: idk|Focus Sash|[from] move: Knock Off|[of] p2a: Deoxys
|
|-heal|p2a: Deoxys|66/100|[from] item: Leftovers
|upkeep
|turn|3
|
|t:|1665936843
|move|p2a: Deoxys|Knock Off|p1a: idk
|-supereffective|p1a: idk
|-damage|p1a: idk|21/100
|move|p1a: idk|Light Screen|p1a: idk
|-sidestart|p1: Morale Booster|move: Light Screen
|
|-heal|p2a: Deoxys|73/100|[from] item: Leftovers
|upkeep
|turn|4
|
|t:|1665936850
|switch|p1a: Sack|Groudon-Primal|100/100
|-weather|DesolateLand|[from] ability: Desolate Land|[of] p1a: Sack
|move|p2a: Deoxys|Knock Off|p1a: Sack
|-damage|p1a: Sack|94/100
|
|-weather|DesolateLand|[upkeep]
|-heal|p2a: Deoxys|79/100|[from] item: Leftovers
|upkeep
|turn|5
|
|t:|1665936857
|move|p2a: Deoxys|Toxic|p1a: Sack
|-status|p1a: Sack|tox
|move|p1a: Sack|Fire Punch|p2a: Deoxys
|-damage|p2a: Deoxys|31/100
|
|-weather|DesolateLand|[upkeep]
|-heal|p2a: Deoxys|37/100|[from] item: Leftovers
|-damage|p1a: Sack|88/100 tox|[from] psn
|upkeep
|turn|6
|
|t:|1665936865
|move|p2a: Deoxys|Recover|p2a: Deoxys
|-heal|p2a: Deoxys|87/100
|move|p1a: Sack|Fire Punch|p2a: Deoxys
|-damage|p2a: Deoxys|43/100
|
|-weather|DesolateLand|[upkeep]
|-heal|p2a: Deoxys|49/100|[from] item: Leftovers
|-damage|p1a: Sack|75/100 tox|[from] psn
|upkeep
|turn|7
|
|t:|1665936875
|move|p2a: Deoxys|Recover|p2a: Deoxys
|-heal|p2a: Deoxys|99/100
|move|p1a: Sack|Fire Punch|p2a: Deoxys
|-damage|p2a: Deoxys|51/100
|
|-weather|DesolateLand|[upkeep]
|-heal|p2a: Deoxys|57/100|[from] item: Leftovers
|-damage|p1a: Sack|57/100 tox|[from] psn
|-sideend|p1: Morale Booster|move: Light Screen
|upkeep
|turn|8
|
|t:|1665936884
|move|p2a: Deoxys|Stealth Rock|p1a: Sack
|-sidestart|p1: Morale Booster|move: Stealth Rock
|move|p1a: Sack|Fire Punch|p2a: Deoxys
|-damage|p2a: Deoxys|11/100
|
|-weather|DesolateLand|[upkeep]
|-heal|p2a: Deoxys|17/100|[from] item: Leftovers
|-damage|p1a: Sack|32/100 tox|[from] psn
|upkeep
|turn|9
|
|t:|1665936891
|move|p1a: Sack|Rest|p1a: Sack
|-status|p1a: Sack|slp|[from] move: Rest
|-heal|p1a: Sack|100/100 slp|[silent]
|move|p2a: Deoxys|Recover|p2a: Deoxys
|-heal|p2a: Deoxys|67/100
|
|-weather|DesolateLand|[upkeep]
|-heal|p2a: Deoxys|73/100|[from] item: Leftovers
|upkeep
|turn|10
|
|t:|1665936900
|switch|p2a: Necrozma|Necrozma-Dusk-Mane|100/100
|-weather|none
|switch|p1a: 1000%|Lugia|100/100
|-damage|p1a: 1000%|75/100|[from] Stealth Rock
|
|-heal|p1a: 1000%|82/100|[from] item: Leftovers
|upkeep
|turn|11
|
|t:|1665936907
|move|p2a: Necrozma|Dragon Dance|p2a: Necrozma
|-boost|p2a: Necrozma|atk|1
|-boost|p2a: Necrozma|spe|1
|move|p1a: 1000%|Calm Mind|p1a: 1000%
|-boost|p1a: 1000%|spa|1
|-boost|p1a: 1000%|spd|1
|
|-heal|p1a: 1000%|88/100|[from] item: Leftovers
|upkeep
|turn|12
|
|t:|1665936914
|move|p2a: Necrozma|Dragon Dance|p2a: Necrozma
|-boost|p2a: Necrozma|atk|1
|-boost|p2a: Necrozma|spe|1
|move|p1a: 1000%|Calm Mind|p1a: 1000%
|-boost|p1a: 1000%|spa|1
|-boost|p1a: 1000%|spd|1
|
|-heal|p1a: 1000%|94/100|[from] item: Leftovers
|upkeep
|turn|13
|
|t:|1665936923
|-start|p2a: Necrozma|Dynamax|
|-heal|p2a: Necrozma|100/100|[silent]
|-start|p1a: 1000%|Dynamax|
|-heal|p1a: 1000%|94/100|[silent]
|move|p1a: 1000%|Max Guard|p1a: 1000%
|-singleturn|p1a: 1000%|Max Guard
|move|p2a: Necrozma|Max Steelspike|p1a: 1000%
|-activate|p1a: 1000%|move: Max Guard
|
|-heal|p1a: 1000%|97/100|[from] item: Leftovers
|upkeep
|turn|14
|
|t:|1665936932
|move|p2a: Necrozma|Max Steelspike|p1a: 1000%
|-damage|p1a: 1000%|60/100
|-boost|p2a: Necrozma|def|1
|move|p1a: 1000%|Max Airstream|p2a: Necrozma
|-resisted|p2a: Necrozma
|-damage|p2a: Necrozma|81/100
|-boost|p1a: 1000%|spe|1
|
|-heal|p1a: 1000%|63/100|[from] item: Leftovers
|upkeep
|turn|15
|
|t:|1665936949
|move|p2a: Necrozma|Max Steelspike|p1a: 1000%
|-damage|p1a: 1000%|26/100
|-boost|p2a: Necrozma|def|1
|move|p1a: 1000%|Max Airstream|p2a: Necrozma
|-resisted|p2a: Necrozma
|-damage|p2a: Necrozma|60/100
|-boost|p1a: 1000%|spe|1
|
|-heal|p1a: 1000%|29/100|[from] item: Leftovers
|upkeep
|-end|p2a: Necrozma|Dynamax
|-heal|p2a: Necrozma|60/100|[silent]
|-end|p1a: 1000%|Dynamax
|-heal|p1a: 1000%|29/100|[silent]
|turn|16
|
|t:|1665936964
|move|p2a: Necrozma|Sunsteel Strike|p1a: 1000%
|-damage|p1a: 1000%|0 fnt
|faint|p1a: 1000%
|
|upkeep
|-message|Morale Booster forfeited.
|
|win|DarkboiJ
|raw|Morale Booster's rating: 1649 &rarr; <strong>1638</strong><br />(-11 for losing)
|raw|DarkboiJ's rating: 1813 &rarr; <strong>1824</strong><br />(+11 for winning)
|l|☆Morale Booster
