|j|☆TTeTyLLloK
|j|☆xLeonisx
|t:|1665085585
|gametype|singles
|player|p1|TTeTyLLloK|cilan|1561
|player|p2|xLeonisx|102|1687
|teamsize|p1|6
|teamsize|p2|6
|gen|8
|tier|[Gen 8] National Dex AG
|rated|
|rule|HP Percentage Mod: HP is shown in percentages
|rule|Endless Battle Clause: Forcing endless battles is banned
|clearpoke
|poke|p1|Pelipper, M|
|poke|p1|Barraskewda, M|
|poke|p1|Swampert, F|
|poke|p1|Ferrothorn, F|
|poke|p1|Tapu Koko|
|poke|p1|Marshadow|
|poke|p2|Deoxys-Speed|
|poke|p2|Ditto|
|poke|p2|Kyogre|
|poke|p2|Calyrex-Shadow|
|poke|p2|Lugia|
|poke|p2|Zacian-*|
|teampreview
|inactive|Battle timer is ON: inactive players will automatically lose when time's up. (requested by TTeTyLLloK)
|j| in 90
|inactive|xLeonisx has 120 seconds left.
|
|t:|1665085620
|start
|switch|p1a: Pelipper|Pelipper, M|100/100
|switch|p2a: Deoxys|Deoxys-Speed|100/100
|-ability|p2a: Deoxys|Pressure
|-weather|RainDance|[from] ability: Drizzle|[of] p1a: Pelipper
|turn|1
|
|t:|1665085628
|move|p2a: Deoxys|Thunder Wave|p1a: Pelipper|[miss]
|-miss|p2a: Deoxys|p1a: Pelipper
|move|p1a: Pelipper|U-turn|p2a: Deoxys
|-supereffective|p2a: Deoxys
|-damage|p2a: Deoxys|73/100
|
|t:|1665085631
|switch|p1a: Barraskewda|Barraskewda, M|100/100|[from]move: U-turn
|
|-weather|RainDance|[upkeep]
|upkeep
|turn|2
|
|t:|1665085639
|switch|p2a: Kyogre|Kyogre|100/100
|detailschange|p2a: Kyogre|Kyogre-Primal
|-primal|p2a: Kyogre
|-weather|PrimordialSea|[from] ability: Primordial Sea|[of] p2a: Kyogre
|move|p1a: Barraskewda|Flip Turn|p2a: Kyogre
|-resisted|p2a: Kyogre
|-damage|p2a: Kyogre|62/100
|
|t:|1665085648
|switch|p1a: Tapu Koko|Tapu Koko|100/100|[from]move: Flip Turn
|-fieldstart|move: Electric Terrain|[from] ability: Electric Surge|[of] p1a: Tapu Koko
|
|-weather|PrimordialSea|[upkeep]
|upkeep
|turn|3
|
|t:|1665085657
|move|p1a: Tapu Koko|Volt Switch|p2a: Kyogre
|-supereffective|p2a: Kyogre
|-damage|p2a: Kyogre|0 fnt
|faint|p2a: Kyogre
|-weather|none
|
|t:|1665085661
|switch|p1a: Pelipper|Pelipper, M|100/100|[from]move: Volt Switch
|-weather|RainDance|[from] ability: Drizzle|[of] p1a: Pelipper
|
|-weather|RainDance|[upkeep]
|upkeep
|
|t:|1665085665
|switch|p2a: Deoxys|Deoxys-Speed|73/100
|-ability|p2a: Deoxys|Pressure
|turn|4
|
|t:|1665085671
|move|p2a: Deoxys|Stealth Rock|p1a: Pelipper
|-sidestart|p1: TTeTyLLloK|move: Stealth Rock
|move|p1a: Pelipper|U-turn|p2a: Deoxys
|-supereffective|p2a: Deoxys
|-damage|p2a: Deoxys|48/100
|
|t:|1665085674
|switch|p1a: Barraskewda|Barraskewda, M|100/100|[from]move: U-turn
|-damage|p1a: Barraskewda|88/100|[from] Stealth Rock
|
|-weather|RainDance|[upkeep]
|upkeep
|turn|5
|
|t:|1665085680
|move|p1a: Barraskewda|Liquidation|p2a: Deoxys
|-damage|p2a: Deoxys|0 fnt
|faint|p2a: Deoxys
|
|-weather|RainDance|[upkeep]
|upkeep
|
|t:|1665085687
|switch|p2a: Zacian|Zacian-Crowned|100/100
|-ability|p2a: Zacian|Intrepid Sword|boost
|-boost|p2a: Zacian|atk|1
|turn|6
|
|t:|1665085692
|move|p1a: Barraskewda|Liquidation|p2a: Zacian
|-damage|p2a: Zacian|0 fnt
|faint|p2a: Zacian
|
|-weather|RainDance|[upkeep]
|-fieldend|move: Electric Terrain
|upkeep
|c| in 90|??
|
|t:|1665085697
|switch|p2a: Lugia|Lugia|100/100
|turn|7
|
|t:|1665085703
|switch|p1a: Tapu Koko|Tapu Koko|100/100
|-damage|p1a: Tapu Koko|88/100|[from] Stealth Rock
|-fieldstart|move: Electric Terrain|[from] ability: Electric Surge|[of] p1a: Tapu Koko
|move|p2a: Lugia|Toxic|p1a: Tapu Koko
|-status|p1a: Tapu Koko|tox
|
|-weather|RainDance|[upkeep]
|-damage|p1a: Tapu Koko|82/100 tox|[from] psn
|upkeep
|turn|8
|
|t:|1665085707
|move|p1a: Tapu Koko|Volt Switch|p2a: Lugia
|-supereffective|p2a: Lugia
|-damage|p2a: Lugia|69/100
|
|t:|1665085714
|switch|p1a: Ferrothorn|Ferrothorn, F|100/100|[from]move: Volt Switch
|-damage|p1a: Ferrothorn|94/100|[from] Stealth Rock
|move|p2a: Lugia|Roost|p2a: Lugia
|-heal|p2a: Lugia|100/100
|-singleturn|p2a: Lugia|move: Roost
|
|-weather|RainDance|[upkeep]
|-heal|p1a: Ferrothorn|100/100|[from] item: Leftovers
|upkeep
|turn|9
|
|t:|1665085720
|move|p1a: Ferrothorn|Toxic|p2a: Lugia
|-status|p2a: Lugia|tox
|move|p2a: Lugia|Whirlwind|p1a: Ferrothorn
|drag|p1a: Swampert|Swampert, F|100/100
|-damage|p1a: Swampert|94/100|[from] Stealth Rock
|
|-weather|RainDance|[upkeep]
|-damage|p2a: Lugia|94/100 tox|[from] psn
|upkeep
|turn|10
|
|t:|1665085726
|switch|p2a: Calyrex|Calyrex-Shadow|100/100
|-ability|p2a: Calyrex|As One
|-ability|p2a: Calyrex|Unnerve
|detailschange|p1a: Swampert|Swampert-Mega, F
|-mega|p1a: Swampert|Swampert|Swampertite
|move|p1a: Swampert|Flip Turn|p2a: Calyrex
|-damage|p2a: Calyrex|27/100
|
|t:|1665085731
|switch|p1a: Marshadow|Marshadow|100/100|[from]move: Flip Turn
|-damage|p1a: Marshadow|94/100|[from] Stealth Rock
|
|-weather|none
|upkeep
|turn|11
|
|t:|1665085735
|switch|p2a: Lugia|Lugia|94/100 tox
|move|p1a: Marshadow|Shadow Sneak|p2a: Lugia
|-supereffective|p2a: Lugia
|-crit|p2a: Lugia
|-damage|p2a: Lugia|33/100 tox
|
|-damage|p2a: Lugia|27/100 tox|[from] psn
|-fieldend|move: Electric Terrain
|upkeep
|turn|12
|
|t:|1665085742
|move|p1a: Marshadow|Spectral Thief|p2a: Lugia
|-supereffective|p2a: Lugia
|-damage|p2a: Lugia|0 fnt
|faint|p2a: Lugia
|
|upkeep
|
|t:|1665085750
|switch|p2a: Ditto|Ditto|100/100
|-transform|p2a: Ditto|p1a: Marshadow|[from] ability: Imposter
|turn|13
|
|t:|1665085759
|switch|p1a: Pelipper|Pelipper, M|100/100
|-damage|p1a: Pelipper|75/100|[from] Stealth Rock
|-weather|RainDance|[from] ability: Drizzle|[of] p1a: Pelipper
|move|p2a: Ditto|Spectral Thief|p1a: Pelipper
|-damage|p1a: Pelipper|41/100
|
|-weather|RainDance|[upkeep]
|upkeep
|turn|14
|
|t:|1665085764
|move|p2a: Ditto|Spectral Thief|p1a: Pelipper
|-damage|p1a: Pelipper|5/100
|move|p1a: Pelipper|U-turn|p2a: Ditto
|-resisted|p2a: Ditto
|-damage|p2a: Ditto|98/100
|
|t:|1665085768
|switch|p1a: Barraskewda|Barraskewda, M|88/100|[from]move: U-turn
|-damage|p1a: Barraskewda|76/100|[from] Stealth Rock
|
|-weather|RainDance|[upkeep]
|upkeep
|turn|15
|
|t:|1665085771
|-start|p2a: Ditto|Dynamax|
|-heal|p2a: Ditto|98/100|[silent]
|move|p1a: Barraskewda|Liquidation|p2a: Ditto
|-damage|p2a: Ditto|24/100
|move|p2a: Ditto|Max Knuckle|p1a: Barraskewda
|-damage|p1a: Barraskewda|0 fnt
|-boost|p2a: Ditto|atk|1
|faint|p1a: Barraskewda
|
|-weather|RainDance|[upkeep]
|upkeep
|
|t:|1665085779
|switch|p1a: Tapu Koko|Tapu Koko|82/100 tox
|-damage|p1a: Tapu Koko|70/100 tox|[from] Stealth Rock
|-fieldstart|move: Electric Terrain|[from] ability: Electric Surge|[of] p1a: Tapu Koko
|turn|16
|
|t:|1665085784
|move|p1a: Tapu Koko|Thunder|p2a: Ditto
|-damage|p2a: Ditto|0 fnt
|faint|p2a: Ditto
|
|-weather|RainDance|[upkeep]
|-damage|p1a: Tapu Koko|63/100 tox|[from] psn
|upkeep
|
|t:|1665085785
|switch|p2a: Calyrex|Calyrex-Shadow|27/100
|-ability|p2a: Calyrex|As One
|-ability|p2a: Calyrex|Unnerve
|turn|17
|
|t:|1665085788
|move|p2a: Calyrex|Astral Barrage|p1a: Tapu Koko
|-damage|p1a: Tapu Koko|0 fnt
|faint|p1a: Tapu Koko
|-ability|p2a: Calyrex|Grim Neigh|boost
|-boost|p2a: Calyrex|spa|1
|
|-weather|RainDance|[upkeep]
|upkeep
|
|t:|1665085793
|switch|p1a: Marshadow|Marshadow|94/100
|-damage|p1a: Marshadow|88/100|[from] Stealth Rock
|turn|18
|
|t:|1665085797
|move|p1a: Marshadow|Shadow Sneak|p2a: Calyrex
|-supereffective|p2a: Calyrex
|-damage|p2a: Calyrex|0 fnt
|faint|p2a: Calyrex
|
|win|TTeTyLLloK
|raw|TTeTyLLloK's rating: 1561 &rarr; <strong>1588</strong><br />(+27 for winning)
|raw|xLeonisx's rating: 1687 &rarr; <strong>1660</strong><br />(-27 for losing)
|l|☆xLeonisx
