|j|☆Jamira!?
|j|☆casnt
|player|p1|Jamira!?|iris-gen5bw2|1278
|player|p2|casnt|2|1220
|teamsize|p1|6
|teamsize|p2|6
|gametype|singles
|gen|8
|tier|[Gen 8] National Dex AG
|rated|
|clearpoke
|poke|p1|Eiscue, M|
|poke|p1|Eiscue, M|
|poke|p1|Eiscue, M|
|poke|p1|Eiscue, M|
|poke|p1|Eiscue, M|
|poke|p1|Eiscue, F|
|poke|p2|Beedrill, M|
|poke|p2|Volcarona, M|
|poke|p2|Ribombee, F|
|poke|p2|Araquanid, F|
|poke|p2|Armaldo, M|
|poke|p2|Genesect-*|
|rule|HP Percentage Mod: HP is shown in percentages
|rule|Endless Battle Clause: Forcing endless battles is banned
|teampreview
|
|start
|switch|p1a: Eiscue|Eiscue, M|100/100
|switch|p2a: Armaldo|Armaldo, M|100/100
|turn|1
|
|move|p1a: Eiscue|Hail|p1a: Eiscue
|-weather|Hail
|move|p2a: Armaldo|Stealth Rock|p1a: Eiscue
|-sidestart|p1: Jamira!?|move: Stealth Rock
|
|-weather|Hail|[upkeep]
|-damage|p2a: Armaldo|94/100|[from] Hail
|-heal|p2a: Armaldo|100/100|[from] item: Leftovers
|upkeep
|turn|2
|
|move|p1a: Eiscue|Aurora Veil|p1a: Eiscue
|-sidestart|p1: Jamira!?|move: Aurora Veil
|move|p2a: Armaldo|Knock Off|p1a: Eiscue
|-activate|p1a: Eiscue|ability: Ice Face
|-damage|p1a: Eiscue|100/100
|-enditem|p1a: Eiscue|Light Clay|[from] move: Knock Off|[of] p2a: Armaldo
|detailschange|p1a: Eiscue|Eiscue-Noice, M
|
|-weather|Hail|[upkeep]
|-damage|p2a: Armaldo|94/100|[from] Hail
|-heal|p2a: Armaldo|100/100|[from] item: Leftovers
|upkeep
|turn|3
|
|move|p1a: Eiscue|Blizzard|p2a: Armaldo
|-damage|p2a: Armaldo|76/100
|move|p2a: Armaldo|Stone Edge|p1a: Eiscue
|-supereffective|p1a: Eiscue
|-damage|p1a: Eiscue|47/100
|
|-weather|Hail|[upkeep]
|-damage|p2a: Armaldo|70/100|[from] Hail
|-heal|p2a: Armaldo|76/100|[from] item: Leftovers
|upkeep
|turn|4
|
|move|p1a: Eiscue|Blizzard|p2a: Armaldo
|-damage|p2a: Armaldo|51/100
|move|p2a: Armaldo|Stone Edge|p1a: Eiscue
|-supereffective|p1a: Eiscue
|-damage|p1a: Eiscue|0 fnt
|faint|p1a: Eiscue
|
|-weather|Hail|[upkeep]
|-damage|p2a: Armaldo|45/100|[from] Hail
|-heal|p2a: Armaldo|51/100|[from] item: Leftovers
|upkeep
|
|switch|p1a: Eiscue|Eiscue, F, shiny|100/100
|-damage|p1a: Eiscue|75/100|[from] Stealth Rock
|turn|5
|
|move|p1a: Eiscue|Belly Drum|p1a: Eiscue
|-damage|p1a: Eiscue|25/100
|-setboost|p1a: Eiscue|atk|6|[from] move: Belly Drum
|-enditem|p1a: Eiscue|Salac Berry|[eat]
|-boost|p1a: Eiscue|spe|1|[from] item: Salac Berry
|move|p2a: Armaldo|Knock Off|p1a: Eiscue
|-activate|p1a: Eiscue|ability: Ice Face
|-damage|p1a: Eiscue|25/100
|detailschange|p1a: Eiscue|Eiscue-Noice, F, shiny
|
|-weather|none
|-heal|p2a: Armaldo|58/100|[from] item: Leftovers
|upkeep
|turn|6
|
|move|p1a: Eiscue|Reversal|p2a: Armaldo
|-damage|p2a: Armaldo|0 fnt
|faint|p2a: Armaldo
|
|upkeep
|
|switch|p2a: Genesect|Genesect, shiny|100/100
|-ability|p2a: Genesect|Download|boost
|-boost|p2a: Genesect|spa|1
|turn|7
|
|move|p2a: Genesect|Extreme Speed|p1a: Eiscue
|-damage|p1a: Eiscue|0 fnt
|faint|p1a: Eiscue
|
|upkeep
|-message|Jamira!? forfeited.
|
|win|casnt
|l|☆Jamira!?
