|j|☆PepsiPHD
|j|☆85792195wwww
|t:|1665202171
|gametype|singles
|player|p1|PepsiPHD|li|1563
|player|p2|85792195wwww|266|1818
|teamsize|p1|6
|teamsize|p2|6
|gen|8
|tier|[Gen 8] National Dex AG
|rated|
|rule|HP Percentage Mod: HP is shown in percentages
|rule|Endless Battle Clause: Forcing endless battles is banned
|clearpoke
|poke|p1|Flygon, F|
|poke|p1|Banette, M|
|poke|p1|Scizor, M|
|poke|p1|Moltres-Galar|
|poke|p1|Lugia|
|poke|p1|Regieleki|
|poke|p2|Kyogre|
|poke|p2|Zacian-*|
|poke|p2|Rayquaza|
|poke|p2|Marshadow|
|poke|p2|Ditto|
|poke|p2|Arceus-*|
|teampreview
|
|t:|1665202178
|start
|switch|p1a: Regieleki|Regieleki|100/100
|switch|p2a: Arceus|Arceus-Electric|100/100
|turn|1
|
|t:|1665202184
|switch|p1a: Flygon|Flygon, F|100/100
|move|p2a: Arceus|Stealth Rock|p1a: Flygon
|-sidestart|p1: PepsiPHD|move: Stealth Rock
|
|upkeep
|turn|2
|
|t:|1665202191
|move|p1a: Flygon|U-turn|p2a: Arceus
|-damage|p2a: Arceus|84/100
|
|t:|1665202199
|switch|p1a: Scizor|Scizor, M|100/100|[from]move: U-turn
|-damage|p1a: Scizor|88/100|[from] Stealth Rock
|move|p2a: Arceus|Ice Beam|p1a: Scizor
|-resisted|p1a: Scizor
|-damage|p1a: Scizor|71/100
|
|upkeep
|turn|3
|
|t:|1665202208
|move|p2a: Arceus|Will-O-Wisp|p1a: Scizor
|-status|p1a: Scizor|brn
|-enditem|p1a: Scizor|Lum Berry|[eat]
|-curestatus|p1a: Scizor|brn|[msg]
|move|p1a: Scizor|Bug Bite|p2a: Arceus
|-damage|p2a: Arceus|48/100
|
|upkeep
|turn|4
|
|t:|1665202222
|switch|p1a: Lugia|Lugia|100/100
|-damage|p1a: Lugia|76/100|[from] Stealth Rock
|-ability|p1a: Lugia|Pressure
|move|p2a: Arceus|Will-O-Wisp|p1a: Lugia
|-status|p1a: Lugia|brn
|
|-damage|p1a: Lugia|69/100 brn|[from] brn
|upkeep
|turn|5
|
|t:|1665202233
|move|p2a: Arceus|Judgment|p1a: Lugia
|-supereffective|p1a: Lugia
|-damage|p1a: Lugia|0 fnt
|faint|p1a: Lugia
|
|upkeep
|
|t:|1665202237
|switch|p1a: Flygon|Flygon, F|100/100
|-damage|p1a: Flygon|95/100|[from] Stealth Rock
|turn|6
|
|t:|1665202244
|switch|p2a: Rayquaza|Rayquaza|100/100
|-ability|p2a: Rayquaza|Air Lock
|move|p1a: Flygon|Earthquake|p2a: Rayquaza
|-immune|p2a: Rayquaza
|
|upkeep
|turn|7
|
|t:|1665202252
|switch|p1a: Scizor|Scizor, M|71/100
|-damage|p1a: Scizor|59/100|[from] Stealth Rock
|detailschange|p2a: Rayquaza|Rayquaza-Mega
|-mega|p2a: Rayquaza|Rayquaza|
|-weather|DeltaStream|[from] ability: Delta Stream|[of] p2a: Rayquaza
|move|p2a: Rayquaza|Scale Shot|p1a: Scizor
|-resisted|p1a: Scizor
|-damage|p1a: Scizor|44/100
|-resisted|p1a: Scizor
|-damage|p1a: Scizor|30/100
|-resisted|p1a: Scizor
|-damage|p1a: Scizor|16/100
|-hitcount|p1a: Scizor|3
|-unboost|p2a: Rayquaza|def|1
|-boost|p2a: Rayquaza|spe|1
|
|-weather|DeltaStream|[upkeep]
|upkeep
|turn|8
|
|t:|1665202268
|move|p1a: Scizor|Bullet Punch|p2a: Rayquaza
|-damage|p2a: Rayquaza|47/100
|move|p2a: Rayquaza|Scale Shot|p1a: Scizor
|-resisted|p1a: Scizor
|-damage|p1a: Scizor|3/100
|-resisted|p1a: Scizor
|-damage|p1a: Scizor|0 fnt
|faint|p1a: Scizor
|-hitcount|p1: Scizor|2
|-unboost|p2a: Rayquaza|def|1
|-boost|p2a: Rayquaza|spe|1
|
|-weather|DeltaStream|[upkeep]
|upkeep
|
|t:|1665202274
|switch|p1a: Banette|Banette, M|100/100
|-damage|p1a: Banette|88/100|[from] Stealth Rock
|turn|9
|
|t:|1665202284
|-weather|none
|switch|p2a: Kyogre|Kyogre|100/100
|detailschange|p2a: Kyogre|Kyogre-Primal
|-primal|p2a: Kyogre
|-weather|PrimordialSea|[from] ability: Primordial Sea|[of] p2a: Kyogre
|detailschange|p1a: Banette|Banette-Mega, M
|-mega|p1a: Banette|Banette|Banettite
|move|p1a: Banette|Shadow Sneak|p2a: Kyogre
|-damage|p2a: Kyogre|79/100
|
|-weather|PrimordialSea|[upkeep]
|upkeep
|turn|10
|
|t:|1665202313
|move|p1a: Banette|Substitute|p1a: Banette
|-start|p1a: Banette|Substitute
|-damage|p1a: Banette|63/100
|move|p2a: Kyogre|Scald|p1a: Banette
|-end|p1a: Banette|Substitute
|
|-weather|PrimordialSea|[upkeep]
|upkeep
|turn|11
|
|t:|1665202320
|move|p1a: Banette|Destiny Bond|p1a: Banette
|-singlemove|p1a: Banette|Destiny Bond
|move|p2a: Kyogre|Ice Beam|p1a: Banette
|-damage|p1a: Banette|2/100
|
|-weather|PrimordialSea|[upkeep]
|upkeep
|turn|12
|
|t:|1665202338
|move|p1a: Banette|Gunk Shot|p2a: Kyogre
|-damage|p2a: Kyogre|38/100
|-status|p2a: Kyogre|psn
|move|p2a: Kyogre|Scald|p1a: Banette
|-damage|p1a: Banette|0 fnt
|faint|p1a: Banette
|
|-weather|PrimordialSea|[upkeep]
|-damage|p2a: Kyogre|26/100 psn|[from] psn
|upkeep
|
|t:|1665202343
|switch|p1a: Regieleki|Regieleki|100/100
|-damage|p1a: Regieleki|88/100|[from] Stealth Rock
|turn|13
|
|t:|1665202352
|-start|p1a: Regieleki|Dynamax|
|-heal|p1a: Regieleki|88/100|[silent]
|move|p1a: Regieleki|Max Lightning|p2a: Kyogre
|-supereffective|p2a: Kyogre
|-damage|p2a: Kyogre|0 fnt
|-fieldstart|move: Electric Terrain
|faint|p2a: Kyogre
|-weather|none
|
|upkeep
|
|t:|1665202375
|switch|p2a: Arceus|Arceus-Electric|48/100
|turn|14
|
|t:|1665202386
|move|p1a: Regieleki|Max Lightning|p2a: Arceus
|-resisted|p2a: Arceus
|-damage|p2a: Arceus|0 fnt
|faint|p2a: Arceus
|
|upkeep
|
|t:|1665202395
|switch|p2a: Ditto|Ditto|100/100
|-transform|p2a: Ditto|p1a: Regieleki|[from] ability: Imposter
|turn|15
|
|t:|1665202410
|-end|p1a: Regieleki|Dynamax
|-heal|p1a: Regieleki|88/100|[silent]
|switch|p1a: Flygon|Flygon, F|95/100
|-damage|p1a: Flygon|89/100|[from] Stealth Rock
|-start|p2a: Ditto|Dynamax|
|-heal|p2a: Ditto|100/100|[silent]
|move|p2a: Ditto|Max Strike|p1a: Flygon
|-damage|p1a: Flygon|45/100
|-unboost|p1a: Flygon|spe|1
|
|upkeep
|turn|16
|
|t:|1665202431
|move|p2a: Ditto|Max Strike|p1a: Flygon
|-damage|p1a: Flygon|2/100
|-unboost|p1a: Flygon|spe|1
|move|p1a: Flygon|Outrage|p2a: Ditto
|-damage|p2a: Ditto|43/100
|
|upkeep
|turn|17
|
|t:|1665202440
|move|p2a: Ditto|Max Strike|p1a: Flygon
|-damage|p1a: Flygon|0 fnt
|faint|p1a: Flygon
|
|-fieldend|move: Electric Terrain
|upkeep
|
|t:|1665202443
|switch|p1a: Regieleki|Regieleki|88/100
|-damage|p1a: Regieleki|76/100|[from] Stealth Rock
|-end|p2a: Ditto|Dynamax
|-heal|p2a: Ditto|43/100|[silent]
|turn|18
|
|t:|1665202453
|move|p2a: Ditto|Extreme Speed|p1a: Regieleki
|-damage|p1a: Regieleki|38/100
|move|p1a: Regieleki|Extreme Speed|p2a: Ditto
|-crit|p2a: Ditto
|-damage|p2a: Ditto|0 fnt
|faint|p2a: Ditto
|
|upkeep
|
|t:|1665202462
|switch|p2a: Marshadow|Marshadow|100/100
|turn|19
|
|t:|1665202470
|switch|p1a: Moltres|Moltres-Galar|100/100
|-damage|p1a: Moltres|76/100|[from] Stealth Rock
|move|p2a: Marshadow|Shadow Sneak|p1a: Moltres
|-resisted|p1a: Moltres
|-damage|p1a: Moltres|54/100
|-damage|p2a: Marshadow|91/100|[from] item: Life Orb
|
|-heal|p1a: Moltres|60/100|[from] item: Leftovers
|upkeep
|turn|20
|
|t:|1665202481
|switch|p2a: Zacian|Zacian-Crowned|100/100
|-ability|p2a: Zacian|Intrepid Sword|boost
|-boost|p2a: Zacian|atk|1
|move|p1a: Moltres|Air Slash|p2a: Zacian
|-resisted|p2a: Zacian
|-damage|p2a: Zacian|86/100
|
|-heal|p1a: Moltres|66/100|[from] item: Leftovers
|upkeep
|turn|21
|-message|PepsiPHD forfeited.
|
|win|85792195wwww
|raw|PepsiPHD's rating: 1556 &rarr; <strong>1549</strong><br />(-7 for losing)
|raw|85792195wwww's rating: 1818 &rarr; <strong>1825</strong><br />(+7 for winning)
|l|☆PepsiPHD
