|j|☆ElitetoN
|j|☆Buck X
|t:|1661135737
|gametype|singles
|player|p1|ElitetoN|sabrina|1624
|player|p2|Buck X|ethan-masters|1795
|teamsize|p1|6
|teamsize|p2|6
|gen|8
|tier|[Gen 8] National Dex AG
|rated|
|rule|HP Percentage Mod: HP is shown in percentages
|rule|Endless Battle Clause: Forcing endless battles is banned
|clearpoke
|poke|p1|Rayquaza|
|poke|p1|Kyurem-White|
|poke|p1|Kyogre|
|poke|p1|Calyrex-Ice|
|poke|p1|Necrozma-Dusk-Mane|
|poke|p1|Urshifu-*, F|
|poke|p2|Garchomp, M|
|poke|p2|Xerneas-*|
|poke|p2|Yveltal|
|poke|p2|Arceus-*|
|poke|p2|Calyrex-Shadow|
|poke|p2|Rayquaza|
|teampreview
|inactive|Battle timer is ON: inactive players will automatically lose when time's up. (requested by Buck X)
|inactive|ElitetoN has 120 seconds left.
|
|t:|1661135771
|start
|switch|p1a: Kyogre|Kyogre|100/100
|switch|p2a: Garchomp|Garchomp, M|100/100
|-weather|RainDance|[from] ability: Drizzle|[of] p1a: Kyogre
|turn|1
|
|t:|1661135786
|move|p1a: Kyogre|Ice Beam|p2a: Garchomp
|-supereffective|p2a: Garchomp
|-enditem|p2a: Garchomp|Focus Sash
|-damage|p2a: Garchomp|1/100
|move|p2a: Garchomp|Rock Tomb|p1a: Kyogre
|-damage|p1a: Kyogre|76/100
|-unboost|p1a: Kyogre|spe|1
|
|-weather|RainDance|[upkeep]
|upkeep
|turn|2
|
|t:|1661135792
|move|p2a: Garchomp|Stealth Rock|p1a: Kyogre
|-sidestart|p1: ElitetoN|move: Stealth Rock
|move|p1a: Kyogre|Ice Beam|p2a: Garchomp
|-supereffective|p2a: Garchomp
|-damage|p2a: Garchomp|0 fnt
|faint|p2a: Garchomp
|
|-weather|RainDance|[upkeep]
|upkeep
|
|t:|1661135806
|switch|p2a: Arceus|Arceus|100/100
|turn|3
|
|t:|1661135810
|switch|p1a: Necrozma|Necrozma-Dusk-Mane|100/100
|-damage|p1a: Necrozma|94/100|[from] Stealth Rock
|move|p2a: Arceus|Swords Dance|p2a: Arceus
|-boost|p2a: Arceus|atk|2
|
|-weather|RainDance|[upkeep]
|upkeep
|turn|4
|
|t:|1661135816
|move|p2a: Arceus|Swords Dance|p2a: Arceus
|-boost|p2a: Arceus|atk|2
|move|p1a: Necrozma|Stealth Rock|p2a: Arceus
|-sidestart|p2: Buck X|move: Stealth Rock
|
|-weather|RainDance|[upkeep]
|upkeep
|turn|5
|
|t:|1661135820
|move|p2a: Arceus|Earthquake|p1a: Necrozma
|-supereffective|p1a: Necrozma
|-damage|p1a: Necrozma|0 fnt
|faint|p1a: Necrozma
|
|-weather|none
|upkeep
|
|t:|1661135840
|switch|p1a: Kyurem|Kyurem-White|100/100
|-damage|p1a: Kyurem|76/100|[from] Stealth Rock
|-ability|p1a: Kyurem|Turboblaze
|turn|6
|
|t:|1661135846
|-start|p1a: Kyurem|Dynamax|
|-heal|p1a: Kyurem|76/100|[silent]
|move|p2a: Arceus|Extreme Speed|p1a: Kyurem
|-damage|p1a: Kyurem|18/100
|move|p1a: Kyurem|Max Wyrmwind|p2a: Arceus
|-damage|p2a: Arceus|25/100
|-unboost|p2a: Arceus|atk|1
|
|upkeep
|turn|7
|
|t:|1661135854
|move|p2a: Arceus|Extreme Speed|p1a: Kyurem
|-damage|p1a: Kyurem|0 fnt
|faint|p1a: Kyurem
|
|upkeep
|
|t:|1661135857
|switch|p1a: Rayquaza|Rayquaza|100/100
|-damage|p1a: Rayquaza|76/100|[from] Stealth Rock
|-ability|p1a: Rayquaza|Air Lock
|turn|8
|
|t:|1661135859
|detailschange|p1a: Rayquaza|Rayquaza-Mega
|-mega|p1a: Rayquaza|Rayquaza|
|-weather|DeltaStream|[from] ability: Delta Stream|[of] p1a: Rayquaza
|move|p2a: Arceus|Extreme Speed|p1a: Rayquaza
|-crit|p1a: Rayquaza
|-damage|p1a: Rayquaza|0 fnt
|faint|p1a: Rayquaza
|-weather|none
|
|upkeep
|
|t:|1661135866
|switch|p1a: Calyrex|Calyrex-Ice|100/100
|-ability|p1a: Calyrex|As One
|-ability|p1a: Calyrex|Unnerve
|-damage|p1a: Calyrex|75/100|[from] Stealth Rock
|turn|9
|
|t:|1661135873
|move|p2a: Arceus|Extreme Speed|p1a: Calyrex
|-damage|p1a: Calyrex|20/100
|move|p1a: Calyrex|Glacial Lance|p2a: Arceus
|-damage|p2a: Arceus|0 fnt
|faint|p2a: Arceus
|-ability|p1a: Calyrex|Chilling Neigh|boost
|-boost|p1a: Calyrex|atk|1
|
|upkeep
|c|☆Buck X|Gg
|
|t:|1661135882
|switch|p2a: Calyrex|Calyrex-Shadow|100/100
|-ability|p2a: Calyrex|As One
|-ability|p2a: Calyrex|Unnerve
|-damage|p2a: Calyrex|88/100|[from] Stealth Rock
|turn|10
|
|t:|1661135886
|switch|p1a: Urshifu|Urshifu-Rapid-Strike, F|100/100
|-damage|p1a: Urshifu|94/100|[from] Stealth Rock
|move|p2a: Calyrex|Astral Barrage|p1a: Urshifu
|-damage|p1a: Urshifu|0 fnt
|faint|p1a: Urshifu
|-ability|p2a: Calyrex|Grim Neigh|boost
|-boost|p2a: Calyrex|spa|1
|
|upkeep
|
|t:|1661135887
|switch|p1a: Kyogre|Kyogre|76/100
|-damage|p1a: Kyogre|64/100|[from] Stealth Rock
|-weather|RainDance|[from] ability: Drizzle|[of] p1a: Kyogre
|turn|11
|
|t:|1661135907
|move|p1a: Kyogre|Water Spout|p2a: Calyrex
|-damage|p2a: Calyrex|6/100
|move|p2a: Calyrex|Astral Barrage|p1a: Kyogre
|-damage|p1a: Kyogre|0 fnt
|faint|p1a: Kyogre
|-ability|p2a: Calyrex|Grim Neigh|boost
|-boost|p2a: Calyrex|spa|1
|
|-weather|RainDance|[upkeep]
|upkeep
|
|t:|1661135910
|switch|p1a: Calyrex|Calyrex-Ice|20/100
|-ability|p1a: Calyrex|As One
|-ability|p1a: Calyrex|Unnerve
|-damage|p1a: Calyrex|0 fnt|[from] Stealth Rock
|faint|p1a: Calyrex
|
|win|Buck X
|raw|ElitetoN's rating: 1624 &rarr; <strong>1614</strong><br />(-10 for losing)
|raw|Buck X's rating: 1805 &rarr; <strong>1815</strong><br />(+10 for winning)
|l|☆ElitetoN
