|j|☆rasb
|j|☆amnael1
|t:|1652392863
|gametype|singles
|player|p1|rasb|red-gen2|1610
|player|p2|amnael1|dawn|1870
|teamsize|p1|6
|teamsize|p2|6
|gen|8
|tier|[Gen 8] National Dex AG
|rated|
|rule|HP Percentage Mod: HP is shown in percentages
|rule|Endless Battle Clause: Forcing endless battles is banned
|clearpoke
|poke|p1|Incineroar, F|
|poke|p1|Groudon|
|poke|p1|Blaziken, F|
|poke|p1|Reshiram|
|poke|p1|Ho-Oh|
|poke|p1|Heatran, F|
|poke|p2|Smeargle, F|
|poke|p2|Groudon|
|poke|p2|Espeon, M|
|poke|p2|Rayquaza|
|poke|p2|Xerneas-*|
|poke|p2|Zacian-*|
|teampreview
|
|t:|1652392869
|start
|switch|p1a: Incineroar|Incineroar, F|100/100
|switch|p2a: Rayquaza|Rayquaza|100/100
|-ability|p2a: Rayquaza|Air Lock
|-ability|p1a: Incineroar|Intimidate|boost
|-unboost|p2a: Rayquaza|atk|1
|turn|1
|inactive|Battle timer is ON: inactive players will automatically lose when time's up. (requested by amnael1)
|
|t:|1652392873
|switch|p2a: Groudon|Groudon|100/100
|detailschange|p2a: Groudon|Groudon-Primal
|-primal|p2a: Groudon
|-weather|DesolateLand|[from] ability: Desolate Land|[of] p2a: Groudon
|move|p1a: Incineroar|Fake Out|p2a: Groudon
|-damage|p2a: Groudon|94/100
|
|-weather|DesolateLand|[upkeep]
|upkeep
|turn|2
|j| hgjghjghj
|
|t:|1652392882
|move|p2a: Groudon|Stealth Rock|p1a: Incineroar
|-sidestart|p1: rasb|move: Stealth Rock
|move|p1a: Incineroar|Parting Shot|p2a: Groudon
|-unboost|p2a: Groudon|atk|1
|-unboost|p2a: Groudon|spa|1
|
|t:|1652392891
|switch|p1a: Groudon|Groudon|100/100|[from]move: Parting Shot
|-damage|p1a: Groudon|94/100|[from] Stealth Rock
|detailschange|p1a: Groudon|Groudon-Primal
|-primal|p1a: Groudon
|
|-weather|DesolateLand|[upkeep]
|upkeep
|turn|3
|
|t:|1652392895
|switch|p2a: Espeon|Espeon, M|100/100
|move|p1a: Groudon|Thunder Wave|p2a: Espeon
|move|p2a: Espeon|Thunder Wave|p1a: Groudon|[from]ability: Magic Bounce
|-immune|p1a: Groudon
|
|-weather|DesolateLand|[upkeep]
|upkeep
|turn|4
|
|t:|1652392899
|move|p2a: Espeon|Psychic|p1a: Groudon
|-damage|p1a: Groudon|66/100
|move|p1a: Groudon|Precipice Blades|p2a: Espeon|[miss]
|-miss|p1a: Groudon|p2a: Espeon
|
|-weather|DesolateLand|[upkeep]
|upkeep
|turn|5
|
|t:|1652392902
|move|p2a: Espeon|Psychic|p1a: Groudon
|-damage|p1a: Groudon|37/100
|move|p1a: Groudon|Heat Crash|p2a: Espeon
|-enditem|p2a: Espeon|Focus Sash
|-damage|p2a: Espeon|1/100
|
|-weather|DesolateLand|[upkeep]
|upkeep
|turn|6
|
|t:|1652392906
|move|p2a: Espeon|Psychic|p1a: Groudon
|-damage|p1a: Groudon|6/100
|move|p1a: Groudon|Heat Crash|p2a: Espeon
|-damage|p2a: Espeon|0 fnt
|faint|p2a: Espeon
|
|-weather|DesolateLand|[upkeep]
|upkeep
|
|t:|1652392910
|switch|p2a: Smeargle|Smeargle, F|100/100
|turn|7
|
|t:|1652392913
|move|p2a: Smeargle|Spore|p1a: Groudon
|-status|p1a: Groudon|slp|[from] move: Spore
|cant|p1a: Groudon|slp
|
|-weather|DesolateLand|[upkeep]
|-ability|p2a: Smeargle|Moody|boost
|-boost|p2a: Smeargle|spd|2
|-unboost|p2a: Smeargle|spa|1
|upkeep
|turn|8
|
|t:|1652392917
|move|p2a: Smeargle|Shift Gear|p2a: Smeargle
|-boost|p2a: Smeargle|spe|2
|-boost|p2a: Smeargle|atk|1
|cant|p1a: Groudon|slp
|
|-weather|DesolateLand|[upkeep]
|-ability|p2a: Smeargle|Moody|boost
|-boost|p2a: Smeargle|spd|2
|-unboost|p2a: Smeargle|spe|1
|upkeep
|turn|9
|
|t:|1652392920
|move|p2a: Smeargle|Spiky Shield|p2a: Smeargle
|-singleturn|p2a: Smeargle|move: Protect
|cant|p1a: Groudon|slp
|
|-weather|DesolateLand|[upkeep]
|-ability|p2a: Smeargle|Moody|boost
|-boost|p2a: Smeargle|spa|2
|-unboost|p2a: Smeargle|spd|1
|upkeep
|turn|10
|
|t:|1652392923
|move|p2a: Smeargle|Spiky Shield||[still]
|-fail|p2a: Smeargle
|-curestatus|p1a: Groudon|slp|[msg]
|move|p1a: Groudon|Roar|p2a: Smeargle
|drag|p2a: Zacian|Zacian-Crowned|100/100
|-ability|p2a: Zacian|Intrepid Sword|boost
|-boost|p2a: Zacian|atk|1
|
|-weather|DesolateLand|[upkeep]
|upkeep
|turn|11
|
|t:|1652392930
|move|p2a: Zacian|Behemoth Blade|p1a: Groudon
|-resisted|p1a: Groudon
|-damage|p1a: Groudon|0 fnt
|faint|p1a: Groudon
|-weather|none
|
|upkeep
|j| Hallo lolo
|
|t:|1652392932
|switch|p1a: Reshiram|Reshiram|100/100
|-damage|p1a: Reshiram|76/100|[from] Stealth Rock
|-ability|p1a: Reshiram|Turboblaze
|turn|12
|
|t:|1652392936
|move|p1a: Reshiram|Blue Flare|p2a: Zacian
|-supereffective|p2a: Zacian
|-damage|p2a: Zacian|0 fnt
|faint|p2a: Zacian
|
|upkeep
|
|t:|1652392941
|switch|p2a: Smeargle|Smeargle, F|100/100
|turn|13
|
|t:|1652392946
|move|p2a: Smeargle|Spiky Shield|p2a: Smeargle
|-singleturn|p2a: Smeargle|move: Protect
|move|p1a: Reshiram|Blue Flare|p2a: Smeargle
|-activate|p2a: Smeargle|move: Protect
|
|-ability|p2a: Smeargle|Moody|boost
|-boost|p2a: Smeargle|spd|2
|-unboost|p2a: Smeargle|spe|1
|upkeep
|turn|14
|
|t:|1652392949
|move|p1a: Reshiram|Blue Flare|p2a: Smeargle
|-damage|p2a: Smeargle|18/100
|-status|p2a: Smeargle|brn
|move|p2a: Smeargle|Spore|p1a: Reshiram
|-status|p1a: Reshiram|slp|[from] move: Spore
|
|-damage|p2a: Smeargle|12/100 brn|[from] brn
|-ability|p2a: Smeargle|Moody|boost
|-boost|p2a: Smeargle|def|2
|-unboost|p2a: Smeargle|spe|1
|upkeep
|turn|15
|
|t:|1652392954
|cant|p1a: Reshiram|slp
|move|p2a: Smeargle|Shift Gear|p2a: Smeargle
|-boost|p2a: Smeargle|spe|2
|-boost|p2a: Smeargle|atk|1
|
|-damage|p2a: Smeargle|6/100 brn|[from] brn
|-ability|p2a: Smeargle|Moody|boost
|-boost|p2a: Smeargle|atk|2
|-unboost|p2a: Smeargle|spa|1
|upkeep
|turn|16
|
|t:|1652392957
|-curestatus|p1a: Reshiram|slp|[msg]
|move|p1a: Reshiram|Blue Flare|p2a: Smeargle
|-damage|p2a: Smeargle|0 fnt
|faint|p2a: Smeargle
|
|upkeep
|
|t:|1652392964
|switch|p2a: Rayquaza|Rayquaza|100/100
|-ability|p2a: Rayquaza|Air Lock
|turn|17
|
|t:|1652392967
|switch|p1a: Incineroar|Incineroar, F|100/100
|-ability|p1a: Incineroar|Intimidate|boost
|-unboost|p2a: Rayquaza|atk|1
|detailschange|p2a: Rayquaza|Rayquaza-Mega
|-mega|p2a: Rayquaza|Rayquaza|
|-weather|DeltaStream|[from] ability: Delta Stream|[of] p2a: Rayquaza
|move|p2a: Rayquaza|Dragon Dance|p2a: Rayquaza
|-boost|p2a: Rayquaza|atk|1
|-boost|p2a: Rayquaza|spe|1
|
|-weather|DeltaStream|[upkeep]
|upkeep
|turn|18
|
|t:|1652392970
|-weather|none
|switch|p2a: Groudon|Groudon-Primal|94/100
|-weather|DesolateLand|[from] ability: Desolate Land|[of] p2a: Groudon
|move|p1a: Incineroar|Parting Shot|p2a: Groudon
|-unboost|p2a: Groudon|atk|1
|-unboost|p2a: Groudon|spa|1
|
|t:|1652392986
|switch|p1a: Ho-Oh|Ho-Oh|100/100|[from]move: Parting Shot
|
|-weather|DesolateLand|[upkeep]
|upkeep
|turn|19
|
|t:|1652392992
|-start|p1a: Ho-Oh|Dynamax|
|-heal|p1a: Ho-Oh|100/100|[silent]
|move|p1a: Ho-Oh|Max Airstream|p2a: Groudon
|-damage|p2a: Groudon|47/100
|-boost|p1a: Ho-Oh|spe|1
|move|p2a: Groudon|Roar|p1a: Ho-Oh
|-block|p1a: Ho-Oh|Dynamax
|
|-weather|DesolateLand|[upkeep]
|upkeep
|turn|20
|
|t:|1652393001
|-weather|none
|switch|p2a: Rayquaza|Rayquaza-Mega|100/100
|-weather|DeltaStream|[from] ability: Delta Stream|[of] p2a: Rayquaza
|move|p1a: Ho-Oh|Max Airstream|p2a: Rayquaza
|-damage|p2a: Rayquaza|35/100
|-boost|p1a: Ho-Oh|spe|1
|
|-weather|DeltaStream|[upkeep]
|upkeep
|turn|21
|
|t:|1652393004
|move|p1a: Ho-Oh|Max Flare|p2a: Rayquaza
|-resisted|p2a: Rayquaza
|-damage|p2a: Rayquaza|4/100
|move|p2a: Rayquaza|Dragon Ascent|p1a: Ho-Oh
|-damage|p1a: Ho-Oh|56/100
|-unboost|p2a: Rayquaza|def|1
|-unboost|p2a: Rayquaza|spd|1
|
|-weather|DeltaStream|[upkeep]
|upkeep
|-end|p1a: Ho-Oh|Dynamax
|-heal|p1a: Ho-Oh|56/100|[silent]
|turn|22
|
|t:|1652393008
|move|p2a: Rayquaza|Extreme Speed|p1a: Ho-Oh
|-damage|p1a: Ho-Oh|20/100
|move|p1a: Ho-Oh|Dual Wingbeat|p2a: Rayquaza
|-damage|p2a: Rayquaza|0 fnt
|faint|p2a: Rayquaza
|-weather|none
|-hitcount|p2: Rayquaza|1
|
|upkeep
|
|t:|1652393010
|switch|p2a: Groudon|Groudon-Primal|47/100
|-weather|DesolateLand|[from] ability: Desolate Land|[of] p2a: Groudon
|turn|23
|
|t:|1652393015
|move|p1a: Ho-Oh|Brave Bird|p2a: Groudon
|-damage|p2a: Groudon|3/100
|-damage|p1a: Ho-Oh|6/100|[from] Recoil
|move|p2a: Groudon|Fire Punch|p1a: Ho-Oh
|-resisted|p1a: Ho-Oh
|-crit|p1a: Ho-Oh
|-damage|p1a: Ho-Oh|0 fnt
|faint|p1a: Ho-Oh
|
|-weather|DesolateLand|[upkeep]
|upkeep
|
|t:|1652393028
|switch|p1a: Incineroar|Incineroar, F|100/100
|-ability|p1a: Incineroar|Intimidate|boost
|-unboost|p2a: Groudon|atk|1
|turn|24
|
|t:|1652393031
|-weather|none
|switch|p2a: Xerneas|Xerneas|100/100
|-ability|p2a: Xerneas|Fairy Aura
|move|p1a: Incineroar|Fake Out|p2a: Xerneas
|-damage|p2a: Xerneas|93/100
|
|upkeep
|turn|25
|
|t:|1652393033
|move|p2a: Xerneas|Geomancy||[still]
|-prepare|p2a: Xerneas|Geomancy
|-enditem|p2a: Xerneas|Power Herb
|-anim|p2a: Xerneas|Geomancy|p2a: Xerneas
|-boost|p2a: Xerneas|spa|2
|-boost|p2a: Xerneas|spd|2
|-boost|p2a: Xerneas|spe|2
|move|p1a: Incineroar|Parting Shot|p2a: Xerneas
|-unboost|p2a: Xerneas|atk|1
|-unboost|p2a: Xerneas|spa|1
|
|t:|1652393036
|switch|p1a: Heatran|Heatran, F|100/100|[from]move: Parting Shot
|-damage|p1a: Heatran|88/100|[from] Stealth Rock
|-item|p1a: Heatran|Air Balloon
|
|upkeep
|turn|26
|
|t:|1652393042
|-start|p2a: Xerneas|Dynamax|
|-heal|p2a: Xerneas|93/100|[silent]
|move|p2a: Xerneas|Max Starfall|p1a: Heatran
|-resisted|p1a: Heatran
|-damage|p1a: Heatran|69/100
|-fieldstart|move: Misty Terrain
|-enditem|p1a: Heatran|Air Balloon
|move|p1a: Heatran|Magma Storm|p2a: Xerneas
|-damage|p2a: Xerneas|85/100
|-activate|p2a: Xerneas|move: Magma Storm|[of] p1a: Heatran
|
|-damage|p2a: Xerneas|79/100|[from] move: Magma Storm|[partiallytrapped]
|upkeep
|turn|27
|
|t:|1652393052
|move|p2a: Xerneas|Max Starfall|p1a: Heatran
|-resisted|p1a: Heatran
|-damage|p1a: Heatran|50/100
|move|p1a: Heatran|Flash Cannon|p2a: Xerneas
|-supereffective|p2a: Xerneas
|-damage|p2a: Xerneas|67/100
|
|-damage|p2a: Xerneas|61/100|[from] move: Magma Storm|[partiallytrapped]
|upkeep
|turn|28
|
|t:|1652393060
|move|p2a: Xerneas|Max Starfall|p1a: Heatran
|-resisted|p1a: Heatran
|-damage|p1a: Heatran|32/100
|move|p1a: Heatran|Flash Cannon|p2a: Xerneas
|-supereffective|p2a: Xerneas
|-damage|p2a: Xerneas|50/100
|
|-damage|p2a: Xerneas|44/100|[from] move: Magma Storm|[partiallytrapped]
|upkeep
|-end|p2a: Xerneas|Dynamax
|-heal|p2a: Xerneas|44/100|[silent]
|turn|29
|
|t:|1652393070
|move|p2a: Xerneas|Geomancy||[still]
|-prepare|p2a: Xerneas|Geomancy
|move|p1a: Heatran|Flash Cannon|p2a: Xerneas
|-supereffective|p2a: Xerneas
|-damage|p2a: Xerneas|20/100
|
|-damage|p2a: Xerneas|8/100|[from] move: Magma Storm|[partiallytrapped]
|upkeep
|turn|30
|
|t:|1652393075
|move|p2a: Xerneas|Geomancy|p2a: Xerneas|[from]lockedmove
|-boost|p2a: Xerneas|spa|2
|-boost|p2a: Xerneas|spd|2
|-boost|p2a: Xerneas|spe|2
|move|p1a: Heatran|Flash Cannon|p2a: Xerneas
|-supereffective|p2a: Xerneas
|-damage|p2a: Xerneas|0 fnt
|faint|p2a: Xerneas
|
|-fieldend|Misty Terrain
|upkeep
|
|t:|1652393078
|switch|p2a: Groudon|Groudon-Primal|3/100
|-weather|DesolateLand|[from] ability: Desolate Land|[of] p2a: Groudon
|turn|31
|
|t:|1652393080
|move|p2a: Groudon|Earthquake|p1a: Heatran
|-supereffective|p1a: Heatran
|-crit|p1a: Heatran
|-damage|p1a: Heatran|0 fnt
|faint|p1a: Heatran
|
|-weather|DesolateLand|[upkeep]
|upkeep
|
|t:|1652393083
|switch|p1a: Blaziken|Blaziken, F|100/100
|-damage|p1a: Blaziken|88/100|[from] Stealth Rock
|turn|32
|
|t:|1652393087
|detailschange|p1a: Blaziken|Blaziken-Mega, F
|-mega|p1a: Blaziken|Blaziken|Blazikenite
|move|p1a: Blaziken|Protect|p1a: Blaziken
|-singleturn|p1a: Blaziken|Protect
|move|p2a: Groudon|Roar|p1a: Blaziken
|drag|p1a: Reshiram|Reshiram|76/100
|-damage|p1a: Reshiram|51/100|[from] Stealth Rock
|-ability|p1a: Reshiram|Turboblaze
|
|-weather|DesolateLand|[upkeep]
|upkeep
|turn|33
|
|t:|1652393090
|move|p1a: Reshiram|Shadow Ball|p2a: Groudon
|-damage|p2a: Groudon|0 fnt
|faint|p2a: Groudon
|-weather|none
|
|win|rasb
|raw|rasb's rating: 1610 &rarr; <strong>1643</strong><br />(+33 for winning)
|raw|amnael1's rating: 1870 &rarr; <strong>1837</strong><br />(-33 for losing)
|l|☆amnael1
|c|☆rasb|gg
