|j|☆Avadicin
|j|☆maple_syrup689hoe
|t:|1651494665
|gametype|singles
|player|p1|Avadicin|pokemonbreeder-gen4|1453
|player|p2|maple_syrup689hoe|lyra|1532
|teamsize|p1|6
|teamsize|p2|6
|gen|8
|tier|[Gen 8] National Dex AG
|rated|
|rule|HP Percentage Mod: HP is shown in percentages
|rule|Endless Battle Clause: Forcing endless battles is banned
|clearpoke
|poke|p1|Marshadow|
|poke|p1|Eternatus|
|poke|p1|Regieleki|
|poke|p1|Ho-Oh|
|poke|p1|Arceus-*|
|poke|p1|Arceus-*|
|poke|p2|Arceus-*|
|poke|p2|Calyrex-Shadow|
|poke|p2|Necrozma-Dusk-Mane|
|poke|p2|Xerneas-*|
|poke|p2|Diancie|
|poke|p2|Yveltal|
|teampreview
|inactive|Battle timer is ON: inactive players will automatically lose when time's up. (requested by Avadicin)
|
|t:|1651494671
|start
|switch|p1a: Eternatus|Eternatus|100/100
|switch|p2a: Diancie|Diancie|100/100
|-ability|p1a: Eternatus|Pressure
|turn|1
|
|t:|1651494676
|detailschange|p2a: Diancie|Diancie-Mega
|-mega|p2a: Diancie|Diancie|Diancite
|move|p2a: Diancie|Stealth Rock|p1a: Eternatus
|-sidestart|p1: Avadicin|move: Stealth Rock
|move|p1a: Eternatus|Cosmic Power|p1a: Eternatus
|-boost|p1a: Eternatus|def|1
|-boost|p1a: Eternatus|spd|1
|
|upkeep
|turn|2
|
|t:|1651494679
|move|p2a: Diancie|Mystical Fire|p1a: Eternatus
|-resisted|p1a: Eternatus
|-damage|p1a: Eternatus|94/100
|-unboost|p1a: Eternatus|spa|1
|move|p1a: Eternatus|Cosmic Power|p1a: Eternatus
|-boost|p1a: Eternatus|def|1
|-boost|p1a: Eternatus|spd|1
|
|-heal|p1a: Eternatus|99/100|[from] item: Black Sludge
|upkeep
|turn|3
|
|t:|1651494683
|move|p2a: Diancie|Mystical Fire|p1a: Eternatus
|-resisted|p1a: Eternatus
|-damage|p1a: Eternatus|94/100
|-unboost|p1a: Eternatus|spa|1
|move|p1a: Eternatus|Cosmic Power|p1a: Eternatus
|-boost|p1a: Eternatus|def|1
|-boost|p1a: Eternatus|spd|1
|
|-heal|p1a: Eternatus|100/100|[from] item: Black Sludge
|upkeep
|turn|4
|
|t:|1651494691
|move|p2a: Diancie|Moonblast|p1a: Eternatus
|-damage|p1a: Eternatus|82/100
|move|p1a: Eternatus|Cosmic Power|p1a: Eternatus
|-boost|p1a: Eternatus|def|1
|-boost|p1a: Eternatus|spd|1
|
|-heal|p1a: Eternatus|88/100|[from] item: Black Sludge
|upkeep
|turn|5
|
|t:|1651494696
|move|p2a: Diancie|Mystical Fire|p1a: Eternatus
|-resisted|p1a: Eternatus
|-damage|p1a: Eternatus|84/100
|-unboost|p1a: Eternatus|spa|1
|move|p1a: Eternatus|Cosmic Power|p1a: Eternatus
|-boost|p1a: Eternatus|def|1
|-boost|p1a: Eternatus|spd|1
|
|-heal|p1a: Eternatus|90/100|[from] item: Black Sludge
|upkeep
|turn|6
|
|t:|1651494699
|move|p2a: Diancie|Mystical Fire|p1a: Eternatus
|-resisted|p1a: Eternatus
|-damage|p1a: Eternatus|87/100
|-unboost|p1a: Eternatus|spa|1
|move|p1a: Eternatus|Cosmic Power|p1a: Eternatus
|-boost|p1a: Eternatus|def|1
|-boost|p1a: Eternatus|spd|1
|
|-heal|p1a: Eternatus|93/100|[from] item: Black Sludge
|upkeep
|turn|7
|
|t:|1651494702
|move|p2a: Diancie|Mystical Fire|p1a: Eternatus
|-resisted|p1a: Eternatus
|-damage|p1a: Eternatus|91/100
|-unboost|p1a: Eternatus|spa|1
|move|p1a: Eternatus|Meteor Beam||[still]
|-prepare|p1a: Eternatus|Meteor Beam
|-boost|p1a: Eternatus|spa|1
|
|-heal|p1a: Eternatus|97/100|[from] item: Black Sludge
|upkeep
|turn|8
|
|t:|1651494706
|move|p2a: Diancie|Mystical Fire|p1a: Eternatus
|-resisted|p1a: Eternatus
|-damage|p1a: Eternatus|94/100
|-unboost|p1a: Eternatus|spa|1
|move|p1a: Eternatus|Meteor Beam|p2a: Diancie|[from]lockedmove
|-damage|p2a: Diancie|86/100
|
|-heal|p1a: Eternatus|99/100|[from] item: Black Sludge
|upkeep
|turn|9
|
|t:|1651494709
|move|p2a: Diancie|Mystical Fire|p1a: Eternatus
|-resisted|p1a: Eternatus
|-damage|p1a: Eternatus|97/100
|-unboost|p1a: Eternatus|spa|1
|move|p1a: Eternatus|Meteor Beam||[still]
|-prepare|p1a: Eternatus|Meteor Beam
|-boost|p1a: Eternatus|spa|1
|
|-heal|p1a: Eternatus|100/100|[from] item: Black Sludge
|upkeep
|turn|10
|
|t:|1651494712
|move|p2a: Diancie|Mystical Fire|p1a: Eternatus
|-resisted|p1a: Eternatus
|-damage|p1a: Eternatus|98/100
|-unboost|p1a: Eternatus|spa|1
|move|p1a: Eternatus|Meteor Beam|p2a: Diancie|[from]lockedmove
|-damage|p2a: Diancie|73/100
|
|-heal|p1a: Eternatus|100/100|[from] item: Black Sludge
|upkeep
|turn|11
|
|t:|1651494721
|switch|p2a: Necrozma|Necrozma-Dusk-Mane|100/100
|move|p1a: Eternatus|Meteor Beam||[still]
|-prepare|p1a: Eternatus|Meteor Beam
|-boost|p1a: Eternatus|spa|1
|
|upkeep
|turn|12
|
|t:|1651494723
|move|p1a: Eternatus|Meteor Beam|p2a: Necrozma|[from]lockedmove
|-resisted|p2a: Necrozma
|-damage|p2a: Necrozma|95/100
|move|p2a: Necrozma|Dragon Dance|p2a: Necrozma
|-boost|p2a: Necrozma|atk|1
|-boost|p2a: Necrozma|spe|1
|
|upkeep
|turn|13
|
|t:|1651494727
|move|p2a: Necrozma|Dragon Dance|p2a: Necrozma
|-boost|p2a: Necrozma|atk|1
|-boost|p2a: Necrozma|spe|1
|move|p1a: Eternatus|Toxic Spikes|p2a: Necrozma
|-sidestart|p2: maple_syrup689hoe|move: Toxic Spikes
|
|upkeep
|turn|14
|
|t:|1651494730
|move|p2a: Necrozma|Dragon Dance|p2a: Necrozma
|-boost|p2a: Necrozma|atk|1
|-boost|p2a: Necrozma|spe|1
|move|p1a: Eternatus|Meteor Beam||[still]
|-prepare|p1a: Eternatus|Meteor Beam
|-boost|p1a: Eternatus|spa|1
|
|upkeep
|turn|15
|
|t:|1651494733
|move|p2a: Necrozma|Dragon Dance|p2a: Necrozma
|-boost|p2a: Necrozma|atk|1
|-boost|p2a: Necrozma|spe|1
|move|p1a: Eternatus|Meteor Beam|p2a: Necrozma|[from]lockedmove
|-resisted|p2a: Necrozma
|-damage|p2a: Necrozma|89/100
|
|upkeep
|turn|16
|
|t:|1651494739
|move|p2a: Necrozma|Dragon Dance|p2a: Necrozma
|-boost|p2a: Necrozma|atk|1
|-boost|p2a: Necrozma|spe|1
|move|p1a: Eternatus|Meteor Beam||[still]
|-prepare|p1a: Eternatus|Meteor Beam
|-boost|p1a: Eternatus|spa|1
|
|upkeep
|turn|17
|
|t:|1651494741
|move|p2a: Necrozma|Dragon Dance|p2a: Necrozma
|-boost|p2a: Necrozma|atk|1
|-boost|p2a: Necrozma|spe|1
|move|p1a: Eternatus|Meteor Beam|p2a: Necrozma|[from]lockedmove
|-resisted|p2a: Necrozma
|-damage|p2a: Necrozma|83/100
|
|upkeep
|turn|18
|
|t:|1651494747
|move|p2a: Necrozma|Photon Geyser|p1a: Eternatus
|-supereffective|p1a: Eternatus
|-damage|p1a: Eternatus|25/100
|move|p1a: Eternatus|Toxic Spikes|p2a: Necrozma
|-sidestart|p2: maple_syrup689hoe|move: Toxic Spikes
|
|-heal|p1a: Eternatus|31/100|[from] item: Black Sludge
|upkeep
|turn|19
|
|t:|1651494758
|move|p2a: Necrozma|Photon Geyser|p1a: Eternatus
|-supereffective|p1a: Eternatus
|-crit|p1a: Eternatus
|-damage|p1a: Eternatus|0 fnt
|faint|p1a: Eternatus
|
|upkeep
|
|t:|1651494761
|switch|p1a: Ho-Oh|Ho-Oh|100/100
|turn|20
|
|t:|1651494764
|move|p2a: Necrozma|Stone Edge|p1a: Ho-Oh|[miss]
|-miss|p2a: Necrozma|p1a: Ho-Oh
|move|p1a: Ho-Oh|Whirlwind|p2a: Necrozma
|drag|p2a: Diancie|Diancie-Mega|73/100
|-status|p2a: Diancie|tox
|
|-damage|p2a: Diancie|67/100 tox|[from] psn
|upkeep
|turn|21
|
|t:|1651494778
|move|p2a: Diancie|Diamond Storm|p1a: Ho-Oh
|-supereffective|p1a: Ho-Oh
|-damage|p1a: Ho-Oh|0 fnt
|-boost|p2a: Diancie|def|2
|faint|p1a: Ho-Oh
|
|-damage|p2a: Diancie|54/100 tox|[from] psn
|upkeep
|
|t:|1651494784
|switch|p1a: Arceus|Arceus-Water|100/100
|-damage|p1a: Arceus|88/100|[from] Stealth Rock
|turn|22
|
|t:|1651494789
|move|p2a: Diancie|Moonblast|p1a: Arceus
|-damage|p1a: Arceus|49/100
|move|p1a: Arceus|Whirlpool|p2a: Diancie|[miss]
|-miss|p1a: Arceus|p2a: Diancie
|
|-damage|p2a: Diancie|36/100 tox|[from] psn
|upkeep
|turn|23
|
|t:|1651494796
|move|p2a: Diancie|Moonblast|p1a: Arceus
|-damage|p1a: Arceus|8/100
|-unboost|p1a: Arceus|spa|1
|move|p1a: Arceus|Recover|p1a: Arceus
|-heal|p1a: Arceus|58/100
|
|-damage|p2a: Diancie|11/100 tox|[from] psn
|upkeep
|turn|24
|
|t:|1651494800
|move|p2a: Diancie|Moonblast|p1a: Arceus
|-damage|p1a: Arceus|23/100
|move|p1a: Arceus|Recover|p1a: Arceus
|-heal|p1a: Arceus|73/100
|
|-damage|p2a: Diancie|0 fnt|[from] psn
|faint|p2a: Diancie
|upkeep
|
|t:|1651494805
|switch|p2a: Necrozma|Necrozma-Dusk-Mane|83/100
|turn|25
|
|t:|1651494818
|move|p1a: Arceus|Perish Song|p1a: Arceus
|-start|p1a: Arceus|perish3|[silent]
|-start|p2a: Necrozma|perish3|[silent]
|-fieldactivate|move: Perish Song
|move|p2a: Necrozma|Dragon Dance|p2a: Necrozma
|-boost|p2a: Necrozma|atk|1
|-boost|p2a: Necrozma|spe|1
|
|-start|p2a: Necrozma|perish3
|-start|p1a: Arceus|perish3
|upkeep
|turn|26
|
|t:|1651494823
|detailschange|p2a: Necrozma|Necrozma-Ultra
|-burst|p2a: Necrozma|Necrozma|Ultranecrozium Z
|move|p2a: Necrozma|Photon Geyser|p1a: Arceus
|-damage|p1a: Arceus|21/100
|move|p1a: Arceus|Whirlpool|p2a: Necrozma
|-resisted|p2a: Necrozma
|-damage|p2a: Necrozma|77/100
|-activate|p2a: Necrozma|move: Whirlpool|[of] p1a: Arceus
|
|-damage|p2a: Necrozma|65/100|[from] move: Whirlpool|[partiallytrapped]
|-start|p2a: Necrozma|perish2
|-start|p1a: Arceus|perish2
|upkeep
|turn|27
|
|t:|1651494839
|move|p2a: Necrozma|Photon Geyser|p1a: Arceus
|-damage|p1a: Arceus|0 fnt
|faint|p1a: Arceus
|
|-end|p2a: Necrozma|Whirlpool|[partiallytrapped]|[silent]
|-start|p2a: Necrozma|perish1
|upkeep
|
|t:|1651494842
|switch|p1a: Regieleki|Regieleki|100/100
|-damage|p1a: Regieleki|88/100|[from] Stealth Rock
|turn|28
|
|t:|1651494847
|-zpower|p2a: Necrozma
|move|p2a: Necrozma|Light That Burns the Sky|p1a: Regieleki|[zeffect]
|-damage|p1a: Regieleki|0 fnt
|faint|p1a: Regieleki
|
|-start|p2a: Necrozma|perish0
|upkeep
|faint|p2a: Necrozma
|
|t:|1651494858
|switch|p1a: Marshadow|Marshadow|100/100
|switch|p2a: Yveltal|Yveltal|100/100
|-damage|p1a: Marshadow|94/100|[from] Stealth Rock
|-ability|p2a: Yveltal|Dark Aura
|turn|29
|
|t:|1651494862
|-start|p1a: Marshadow|Dynamax|
|-heal|p1a: Marshadow|94/100|[silent]
|-start|p2a: Yveltal|Dynamax|
|-heal|p2a: Yveltal|100/100|[silent]
|move|p1a: Marshadow|Max Knuckle|p2a: Yveltal
|-damage|p2a: Yveltal|74/100
|-boost|p1a: Marshadow|atk|1
|-damage|p1a: Marshadow|89/100|[from] item: Life Orb
|move|p2a: Yveltal|Max Airstream|p1a: Marshadow
|-supereffective|p1a: Marshadow
|-crit|p1a: Marshadow
|-damage|p1a: Marshadow|0 fnt
|-boost|p2a: Yveltal|spe|1
|faint|p1a: Marshadow
|-damage|p2a: Yveltal|69/100|[from] item: Life Orb
|
|upkeep
|
|t:|1651494865
|switch|p1a: Arceus|Arceus-Ground|100/100
|-damage|p1a: Arceus|94/100|[from] Stealth Rock
|turn|30
|
|t:|1651494878
|move|p2a: Yveltal|Max Darkness|p1a: Arceus
|-damage|p1a: Arceus|3/100
|-unboost|p1a: Arceus|spd|1
|-damage|p2a: Yveltal|64/100|[from] item: Life Orb
|move|p1a: Arceus|Stone Edge|p2a: Yveltal
|-supereffective|p2a: Yveltal
|-damage|p2a: Yveltal|30/100
|
|upkeep
|turn|31
|
|t:|1651494881
|move|p2a: Yveltal|Max Airstream|p1a: Arceus
|-damage|p1a: Arceus|0 fnt
|-boost|p2a: Yveltal|spe|1
|faint|p1a: Arceus
|-damage|p2a: Yveltal|25/100|[from] item: Life Orb
|
|win|maple_syrup689hoe
|raw|Avadicin's rating: 1453 &rarr; <strong>1437</strong><br />(-16 for losing)
|raw|maple_syrup689hoe's rating: 1532 &rarr; <strong>1548</strong><br />(+16 for winning)
|c|☆Avadicin|gg
|l|☆Avadicin
|j|☆Avadicin
|player|p1|Avadicin|pokemonbreeder-gen4
||Ladder isn't responding, score probably updated but might not have (Request timeout).
