|j|☆85792195wwww
|j|☆BigDuckie
|t:|1597438801
|player|p1|85792195wwww|2|1877
|player|p2|BigDuckie|acetrainer|1554
|teamsize|p1|6
|teamsize|p2|6
|gametype|singles
|gen|8
|tier|[Gen 8] National Dex AG
|rated|
|clearpoke
|poke|p1|Rayquaza|
|poke|p1|Kyogre|
|poke|p1|Ditto|
|poke|p1|Zacian-Crowned|
|poke|p1|Zekrom|
|poke|p1|Arceus-*|
|poke|p2|Zacian-Crowned|
|poke|p2|Yveltal|
|poke|p2|Groudon|
|poke|p2|Rayquaza|
|poke|p2|Necrozma-Dusk-Mane|
|poke|p2|Arceus-*|
|rule|HP Percentage Mod: HP is shown in percentages
|rule|Endless Battle Clause: Forcing endless battles is banned
|teampreview
|
|t:|1597438815
|start
|switch|p1a: Arceus|Arceus-Ground|100/100
|switch|p2a: Doom|Yveltal, shiny|100/100
|-ability|p2a: Doom|Dark Aura
|turn|1
|
|t:|1597438823
|-start|p2a: Doom|Dynamax
|-heal|p2a: Doom|100/100|[silent]
|move|p1a: Arceus|Stealth Rock|p2a: Doom
|-sidestart|p2: BigDuckie|move: Stealth Rock
|move|p2a: Doom|Max Airstream|p1a: Arceus
|-damage|p1a: Arceus|27/100
|-boost|p2a: Doom|spe|1
|-damage|p2a: Doom|96/100|[from] item: Life Orb
|
|upkeep
|turn|2
|
|t:|1597438835
|move|p2a: Doom|Max Airstream|p1a: Arceus
|-damage|p1a: Arceus|0 fnt
|-boost|p2a: Doom|spe|1
|-damage|p2a: Doom|91/100|[from] item: Life Orb
|faint|p1a: Arceus
|
|upkeep
|
|t:|1597438844
|switch|p1a: Zacian|Zacian-Crowned|100/100
|-ability|p1a: Zacian|Intrepid Sword|boost
|-boost|p1a: Zacian|atk|1
|turn|3
|
|t:|1597438849
|switch|p1a: Kyogre|Kyogre|100/100
|detailschange|p1a: Kyogre|Kyogre-Primal
|-primal|p1a: Kyogre
|-weather|PrimordialSea|[from] ability: Primordial Sea|[of] p1a: Kyogre
|move|p2a: Doom|Max Flare||[still]
|-fail|p2a: Doom|Max Flare|[from] Primordial Sea
|
|-weather|PrimordialSea|[upkeep]
|-end|p2a: Doom|Dynamax
|-heal|p2a: Doom|91/100|[silent]
|upkeep
|turn|4
|
|t:|1597438863
|switch|p2a: Titan|Groudon, shiny|100/100
|-damage|p2a: Titan|94/100|[from] Stealth Rock
|detailschange|p2a: Titan|Groudon-Primal, shiny
|-primal|p2a: Titan
|-weather|DesolateLand|[from] ability: Desolate Land|[of] p2a: Titan
|move|p1a: Kyogre|Scald||[still]
|-fail|p1a: Kyogre|Scald|[from] Desolate Land
|
|-weather|DesolateLand|[upkeep]
|upkeep
|turn|5
|
|t:|1597438876
|switch|p1a: Rayquaza|Rayquaza|100/100
|-ability|p1a: Rayquaza|Air Lock
|move|p2a: Titan|Rock Polish|p2a: Titan
|-boost|p2a: Titan|spe|2
|
|-weather|DesolateLand|[upkeep]
|upkeep
|turn|6
|
|t:|1597438888
|detailschange|p1a: Rayquaza|Rayquaza-Mega
|-mega|p1a: Rayquaza|Rayquaza|
|-weather|DeltaStream|[from] ability: Delta Stream|[of] p1a: Rayquaza
|move|p2a: Titan|Stone Edge|p1a: Rayquaza
|-activate||deltastream
|-damage|p1a: Rayquaza|60/100
|move|p1a: Rayquaza|Dragon Ascent|p2a: Titan
|-crit|p2a: Titan
|-damage|p2a: Titan|0 fnt
|-unboost|p1a: Rayquaza|def|1
|-unboost|p1a: Rayquaza|spd|1
|-damage|p1a: Rayquaza|50/100|[from] item: Life Orb
|faint|p2a: Titan
|
|-weather|DeltaStream|[upkeep]
|upkeep
|
|t:|1597438905
|switch|p2a: Sword Doggo|Zacian-Crowned|100/100
|-damage|p2a: Sword Doggo|94/100|[from] Stealth Rock
|-ability|p2a: Sword Doggo|Intrepid Sword|boost
|-boost|p2a: Sword Doggo|atk|1
|turn|7
|
|t:|1597438911
|move|p2a: Sword Doggo|Play Rough|p1a: Rayquaza
|-supereffective|p1a: Rayquaza
|-damage|p1a: Rayquaza|0 fnt
|faint|p1a: Rayquaza
|-weather|none
|
|upkeep
|
|t:|1597438917
|switch|p1a: Ditto|Ditto|100/100
|-transform|p1a: Ditto|p2a: Sword Doggo|[from] ability: Imposter
|-ability|p1a: Ditto|Intrepid Sword|boost
|-boost|p1a: Ditto|atk|1
|turn|8
|
|t:|1597438923
|switch|p2a: Necrozma|Necrozma-Dusk-Mane|100/100
|-damage|p2a: Necrozma|95/100|[from] Stealth Rock
|move|p1a: Ditto|Close Combat|p2a: Necrozma
|-damage|p2a: Necrozma|17/100
|-unboost|p1a: Ditto|def|1
|-unboost|p1a: Ditto|spd|1
|
|upkeep
|turn|9
|
|t:|1597438933
|move|p1a: Ditto|Close Combat|p2a: Necrozma
|-damage|p2a: Necrozma|0 fnt
|-unboost|p1a: Ditto|def|1
|-unboost|p1a: Ditto|spd|1
|faint|p2a: Necrozma
|
|upkeep
|
|t:|1597438942
|switch|p2a: Dargeon|Rayquaza|100/100
|-damage|p2a: Dargeon|76/100|[from] Stealth Rock
|-ability|p2a: Dargeon|Air Lock
|turn|10
|
|t:|1597438947
|detailschange|p2a: Dargeon|Rayquaza-Mega
|-mega|p2a: Dargeon|Rayquaza|
|-weather|DeltaStream|[from] ability: Delta Stream|[of] p2a: Dargeon
|move|p1a: Ditto|Close Combat|p2a: Dargeon
|-resisted|p2a: Dargeon
|-damage|p2a: Dargeon|29/100
|-unboost|p1a: Ditto|def|1
|-unboost|p1a: Ditto|spd|1
|move|p2a: Dargeon|Dragon Dance|p2a: Dargeon
|-boost|p2a: Dargeon|atk|1
|-boost|p2a: Dargeon|spe|1
|
|-weather|DeltaStream|[upkeep]
|upkeep
|turn|11
|
|t:|1597438966
|switch|p1a: Kyogre|Kyogre-Primal|100/100
|-weather|PrimordialSea|[from] ability: Primordial Sea|[of] p1a: Kyogre
|move|p2a: Dargeon|Extreme Speed|p1a: Kyogre
|-damage|p1a: Kyogre|47/100
|
|-weather|PrimordialSea|[upkeep]
|upkeep
|turn|12
|
|t:|1597438974
|move|p2a: Dargeon|Extreme Speed|p1a: Kyogre
|-damage|p1a: Kyogre|0 fnt
|faint|p1a: Kyogre
|-weather|none
|
|upkeep
|
|t:|1597438980
|switch|p1a: Ditto|Ditto|100/100
|-transform|p1a: Ditto|p2a: Dargeon|[from] ability: Imposter
|-weather|DeltaStream|[from] ability: Delta Stream|[of] p1a: Ditto
|turn|13
|
|t:|1597438993
|move|p2a: Dargeon|Extreme Speed|p1a: Ditto
|-damage|p1a: Ditto|34/100
|move|p1a: Ditto|Dragon Ascent|p2a: Dargeon
|-damage|p2a: Dargeon|0 fnt
|-unboost|p1a: Ditto|def|1
|-unboost|p1a: Ditto|spd|1
|faint|p2a: Dargeon
|
|-weather|DeltaStream|[upkeep]
|upkeep
|
|t:|1597439003
|switch|p2a: Arceus|Arceus|100/100
|turn|14
|
|t:|1597439020
|-weather|none
|switch|p1a: Zacian|Zacian-Crowned|100/100
|-ability|p1a: Zacian|Intrepid Sword|boost
|-boost|p1a: Zacian|atk|1
|move|p2a: Arceus|Extreme Speed|p1a: Zacian
|-resisted|p1a: Zacian
|-damage|p1a: Zacian|81/100
|
|upkeep
|turn|15
|
|t:|1597439035
|move|p1a: Zacian|Behemoth Blade|p2a: Arceus
|-damage|p2a: Arceus|21/100
|move|p2a: Arceus|Swords Dance|p2a: Arceus
|-boost|p2a: Arceus|atk|2
|
|upkeep
|turn|16
|
|t:|1597439042
|move|p2a: Arceus|Extreme Speed|p1a: Zacian
|-resisted|p1a: Zacian
|-damage|p1a: Zacian|43/100
|move|p1a: Zacian|Behemoth Blade|p2a: Arceus
|-damage|p2a: Arceus|0 fnt
|faint|p2a: Arceus
|
|upkeep
|
|t:|1597439049
|switch|p2a: Sword Doggo|Zacian-Crowned|94/100
|-damage|p2a: Sword Doggo|88/100|[from] Stealth Rock
|-ability|p2a: Sword Doggo|Intrepid Sword|boost
|-boost|p2a: Sword Doggo|atk|1
|turn|17
|
|t:|1597439056
|move|p2a: Sword Doggo|Behemoth Blade|p1a: Zacian
|-damage|p1a: Zacian|0 fnt
|faint|p1a: Zacian
|
|upkeep
|
|t:|1597439061
|switch|p1a: Ditto|Ditto|34/100
|-transform|p1a: Ditto|p2a: Sword Doggo|[from] ability: Imposter
|-ability|p1a: Ditto|Intrepid Sword|boost
|-boost|p1a: Ditto|atk|1
|turn|18
|
|t:|1597439068
|move|p1a: Ditto|Behemoth Blade|p2a: Sword Doggo
|-damage|p2a: Sword Doggo|0 fnt
|faint|p2a: Sword Doggo
|
|upkeep
|
|t:|1597439071
|switch|p2a: Doom|Yveltal, shiny|91/100
|-damage|p2a: Doom|66/100|[from] Stealth Rock
|-ability|p2a: Doom|Dark Aura
|turn|19
|
|t:|1597439078
|move|p1a: Ditto|Behemoth Blade|p2a: Doom
|-damage|p2a: Doom|0 fnt
|faint|p2a: Doom
|
|win|85792195wwww
|l|☆BigDuckie
|raw|85792195wwww's rating: 1843 &rarr; <strong>1849</strong><br />(+6 for winning)
|raw|BigDuckie's rating: 1554 &rarr; <strong>1548</strong><br />(-6 for losing)
