|j|☆GreninjaFam
|j|☆LocalMetagross
|t:|1665442459
|gametype|singles
|player|p1|GreninjaFam|hilda|1512
|player|p2|LocalMetagross|akari|1644
|teamsize|p1|6
|teamsize|p2|6
|gen|8
|tier|[Gen 8] National Dex AG
|rated|
|rule|HP Percentage Mod: HP is shown in percentages
|rule|Endless Battle Clause: Forcing endless battles is banned
|clearpoke
|poke|p1|Mawile, F|
|poke|p1|Lapras, F|
|poke|p1|Hatterene, F|
|poke|p1|Garchomp, M|
|poke|p1|Obstagoon, M|
|poke|p1|Staraptor, F|
|poke|p2|Deoxys-Speed|
|poke|p2|Xerneas-*|
|poke|p2|Marshadow|
|poke|p2|Calyrex-Shadow|
|poke|p2|Yveltal|
|poke|p2|Zekrom|
|teampreview
|inactive|Battle timer is ON: inactive players will automatically lose when time's up. (requested by LocalMetagross)
|
|t:|1665442471
|start
|switch|p1a: Staraptor|Staraptor, F|100/100
|switch|p2a: Thunderstruck|Zekrom|100/100
|-ability|p1a: Staraptor|Intimidate|boost
|-unboost|p2a: Thunderstruck|atk|1
|-ability|p2a: Thunderstruck|Teravolt
|turn|1
|
|t:|1665442478
|switch|p1a: Garchomp|Garchomp, M|100/100
|move|p2a: Thunderstruck|Dragon Dance|p2a: Thunderstruck
|-boost|p2a: Thunderstruck|atk|1
|-boost|p2a: Thunderstruck|spe|1
|
|upkeep
|turn|2
|
|t:|1665442501
|switch|p2a: Fast & Infuriating|Deoxys-Speed|100/100
|-ability|p2a: Fast & Infuriating|Pressure
|switch|p1a: Hatterene|Hatterene, F|100/100
|
|upkeep
|turn|3
|
|t:|1665442509
|switch|p2a: If You Want Blood|Marshadow|100/100
|move|p1a: Hatterene|Mystical Fire|p2a: If You Want Blood
|-damage|p2a: If You Want Blood|67/100
|-unboost|p2a: If You Want Blood|spa|1
|
|upkeep
|turn|4
|
|t:|1665442518
|switch|p1a: Staraptor|Staraptor, F|100/100
|-ability|p1a: Staraptor|Intimidate|boost
|-unboost|p2a: If You Want Blood|atk|1
|move|p2a: If You Want Blood|Poltergeist|p1a: Staraptor
|-immune|p1a: Staraptor
|
|upkeep
|turn|5
|
|t:|1665442525
|switch|p2a: Highway to Hell|Calyrex-Shadow|100/100
|-ability|p2a: Highway to Hell|As One
|-ability|p2a: Highway to Hell|Unnerve
|move|p1a: Staraptor|U-turn|p2a: Highway to Hell
|-damage|p2a: Highway to Hell|75/100
|
|t:|1665442532
|switch|p1a: Obstagoon|Obstagoon, M|100/100|[from]move: U-turn
|
|-status|p1a: Obstagoon|brn|[from] item: Flame Orb
|upkeep
|turn|6
|
|t:|1665442535
|move|p2a: Highway to Hell|Draining Kiss|p1a: Obstagoon
|-supereffective|p1a: Obstagoon
|-damage|p1a: Obstagoon|46/100 brn
|-heal|p2a: Highway to Hell|100/100|[from] drain|[of] p1a: Obstagoon
|move|p1a: Obstagoon|Knock Off|p2a: Highway to Hell
|-supereffective|p2a: Highway to Hell
|-enditem|p2a: Highway to Hell|Focus Sash
|-damage|p2a: Highway to Hell|1/100
|
|-damage|p1a: Obstagoon|40/100 brn|[from] brn
|upkeep
|turn|7
|
|t:|1665442539
|switch|p1a: Staraptor|Staraptor, F|100/100
|-ability|p1a: Staraptor|Intimidate|boost
|-unboost|p2a: Highway to Hell|atk|1
|move|p2a: Highway to Hell|Draining Kiss|p1a: Staraptor
|-damage|p1a: Staraptor|63/100
|-heal|p2a: Highway to Hell|27/100|[from] drain|[of] p1a: Staraptor
|
|upkeep
|turn|8
|
|t:|1665442544
|move|p2a: Highway to Hell|Draining Kiss|p1a: Staraptor
|-damage|p1a: Staraptor|26/100
|-heal|p2a: Highway to Hell|52/100|[from] drain|[of] p1a: Staraptor
|move|p1a: Staraptor|Brave Bird|p2a: Highway to Hell
|-damage|p2a: Highway to Hell|0 fnt
|faint|p2a: Highway to Hell
|-damage|p1a: Staraptor|7/100|[from] Recoil
|
|upkeep
|
|t:|1665442550
|switch|p2a: Back in Black|Yveltal|100/100
|-ability|p2a: Back in Black|Dark Aura
|turn|9
|
|t:|1665442555
|-start|p2a: Back in Black|Dynamax|
|-heal|p2a: Back in Black|100/100|[silent]
|move|p1a: Staraptor|Brave Bird|p2a: Back in Black
|-damage|p2a: Back in Black|71/100
|-damage|p1a: Staraptor|0 fnt|[from] Recoil
|faint|p1a: Staraptor
|move|p2a: Back in Black|Max Airstream|p1: Staraptor|[notarget]
|-fail|p2a: Back in Black
|
|upkeep
|
|t:|1665442558
|switch|p1a: Mawile|Mawile, F|100/100
|-ability|p1a: Mawile|Intimidate|boost
|-unboost|p2a: Back in Black|atk|1
|turn|10
|
|t:|1665442566
|switch|p1a: Obstagoon|Obstagoon, M|40/100 brn
|move|p2a: Back in Black|Max Flare|p1a: Obstagoon
|-damage|p1a: Obstagoon|0 fnt
|-weather|SunnyDay
|faint|p1a: Obstagoon
|-damage|p2a: Back in Black|66/100|[from] item: Life Orb
|
|-weather|SunnyDay|[upkeep]
|upkeep
|
|t:|1665442569
|switch|p1a: Lapras|Lapras, F|100/100
|turn|11
|
|t:|1665442571
|-start|p1a: Lapras|Dynamax|Gmax
|-heal|p1a: Lapras|100/100|[silent]
|move|p2a: Back in Black|Max Airstream|p1a: Lapras
|-crit|p1a: Lapras
|-damage|p1a: Lapras|48/100
|-boost|p2a: Back in Black|spe|1
|-damage|p2a: Back in Black|61/100|[from] item: Life Orb
|move|p1a: Lapras|G-Max Resonance|p2a: Back in Black
|-supereffective|p2a: Back in Black
|-damage|p2a: Back in Black|15/100
|-sidestart|p1: GreninjaFam|move: Aurora Veil
|
|-weather|SunnyDay|[upkeep]
|upkeep
|-end|p2a: Back in Black|Dynamax
|-heal|p2a: Back in Black|15/100|[silent]
|turn|12
|
|t:|1665442581
|move|p2a: Back in Black|Heat Wave|p1a: Lapras
|-damage|p1a: Lapras|36/100
|-damage|p2a: Back in Black|5/100|[from] item: Life Orb
|move|p1a: Lapras|G-Max Resonance|p2a: Back in Black
|-supereffective|p2a: Back in Black
|-damage|p2a: Back in Black|0 fnt
|faint|p2a: Back in Black
|
|-weather|SunnyDay|[upkeep]
|upkeep
|
|t:|1665442588
|switch|p2a: Fast & Infuriating|Deoxys-Speed|100/100
|-ability|p2a: Fast & Infuriating|Pressure
|turn|13
|
|t:|1665442591
|-end|p1a: Lapras|Dynamax
|-heal|p1a: Lapras|37/100|[silent]
|switch|p1a: Hatterene|Hatterene, F|100/100
|move|p2a: Fast & Infuriating|Stealth Rock|p1a: Hatterene
|move|p1a: Hatterene|Stealth Rock|p2a: Fast & Infuriating|[from]ability: Magic Bounce
|-sidestart|p2: LocalMetagross|move: Stealth Rock
|
|-weather|SunnyDay|[upkeep]
|upkeep
|turn|14
|
|t:|1665442598
|switch|p2a: Thunderstruck|Zekrom|100/100
|-damage|p2a: Thunderstruck|88/100|[from] Stealth Rock
|-ability|p2a: Thunderstruck|Teravolt
|move|p1a: Hatterene|Mystical Fire|p2a: Thunderstruck
|-resisted|p2a: Thunderstruck
|-damage|p2a: Thunderstruck|66/100
|-unboost|p2a: Thunderstruck|spa|1
|
|-weather|none
|-heal|p2a: Thunderstruck|72/100|[from] item: Leftovers
|upkeep
|turn|15
|
|t:|1665442604
|move|p2a: Thunderstruck|Substitute|p2a: Thunderstruck
|-start|p2a: Thunderstruck|Substitute
|-damage|p2a: Thunderstruck|47/100
|move|p1a: Hatterene|Dazzling Gleam|p2a: Thunderstruck
|-supereffective|p2a: Thunderstruck
|-end|p2a: Thunderstruck|Substitute
|
|-heal|p2a: Thunderstruck|53/100|[from] item: Leftovers
|upkeep
|turn|16
|
|t:|1665442607
|move|p2a: Thunderstruck|Bolt Strike|p1a: Hatterene
|-damage|p1a: Hatterene|58/100
|move|p1a: Hatterene|Dazzling Gleam|p2a: Thunderstruck
|-supereffective|p2a: Thunderstruck
|-damage|p2a: Thunderstruck|0 fnt
|faint|p2a: Thunderstruck
|
|-heal|p1a: Hatterene|64/100|[from] item: Leftovers
|upkeep
|
|t:|1665442611
|switch|p2a: If You Want Blood|Marshadow|67/100
|-damage|p2a: If You Want Blood|61/100|[from] Stealth Rock
|turn|17
|
|t:|1665442613
|switch|p1a: Mawile|Mawile, F|100/100
|-ability|p1a: Mawile|Intimidate|boost
|-unboost|p2a: If You Want Blood|atk|1
|move|p2a: If You Want Blood|Poltergeist|p1a: Mawile
|-activate|p1a: Mawile|move: Poltergeist|Mawilite
|-damage|p1a: Mawile|71/100
|-damage|p2a: If You Want Blood|51/100|[from] item: Life Orb
|
|upkeep
|turn|18
|
|t:|1665442619
|detailschange|p1a: Mawile|Mawile-Mega, F
|-mega|p1a: Mawile|Mawile|Mawilite
|move|p1a: Mawile|Sucker Punch|p2a: If You Want Blood
|-damage|p2a: If You Want Blood|0 fnt
|faint|p2a: If You Want Blood
|
|-sideend|p1: GreninjaFam|move: Aurora Veil
|upkeep
|
|t:|1665442625
|switch|p2a: Hells Bells|Xerneas|100/100
|-damage|p2a: Hells Bells|88/100|[from] Stealth Rock
|-ability|p2a: Hells Bells|Fairy Aura
|turn|19
|
|t:|1665442628
|move|p2a: Hells Bells|Hidden Power|p1a: Mawile
|-supereffective|p1a: Mawile
|-damage|p1a: Mawile|14/100
|move|p1a: Mawile|Iron Head|p2a: Hells Bells
|-supereffective|p2a: Hells Bells
|-damage|p2a: Hells Bells|0 fnt
|faint|p2a: Hells Bells
|
|upkeep
|c|☆LocalMetagross|what a bunch of shit
|c|☆LocalMetagross|bg
|-message|LocalMetagross forfeited.
|
|win|GreninjaFam
|raw|GreninjaFam's rating: 1512 &rarr; <strong>1539</strong><br />(+27 for winning)
|raw|LocalMetagross's rating: 1644 &rarr; <strong>1617</strong><br />(-27 for losing)
|l|☆LocalMetagross
||Ladder isn't responding, score probably updated but might not have (Request timeout).
