|j|☆SpicySalmonRoll
|j|☆ThyKingCharles
|t:|1646792248
|gametype|singles
|player|p1|SpicySalmonRoll|rocketgruntf|1566
|player|p2|ThyKingCharles|zinnia|1679
|teamsize|p1|6
|teamsize|p2|6
|gen|8
|tier|[Gen 8] National Dex AG
|rated|
|rule|HP Percentage Mod: HP is shown in percentages
|rule|Endless Battle Clause: Forcing endless battles is banned
|clearpoke
|poke|p1|Corsola-Galar, F|
|poke|p1|Mimikyu, M|
|poke|p1|Aegislash, F|
|poke|p1|Gengar, F|
|poke|p1|Dragapult, F|
|poke|p1|Giratina-Origin|
|poke|p2|Rayquaza|
|poke|p2|Arceus-*|
|poke|p2|Yveltal|
|poke|p2|Zacian-*|
|poke|p2|Necrozma-Dusk-Mane|
|poke|p2|Marshadow|
|teampreview
|
|t:|1646792264
|start
|switch|p1a: Dragapult|Dragapult, F|100/100
|switch|p2a: Arceus|Arceus|100/100
|turn|1
|
|t:|1646792272
|move|p1a: Dragapult|Dragon Dance|p1a: Dragapult
|-boost|p1a: Dragapult|atk|1
|-boost|p1a: Dragapult|spe|1
|move|p2a: Arceus|Shadow Claw|p1a: Dragapult
|-supereffective|p1a: Dragapult
|-damage|p1a: Dragapult|36/100
|
|upkeep
|turn|2
|
|t:|1646792280
|move|p1a: Dragapult|Dragon Darts|p2a: Arceus
|-damage|p2a: Arceus|67/100
|-anim|p1a: Dragapult|Dragon Darts|p2a: Arceus
|-damage|p2a: Arceus|37/100
|-damage|p1a: Dragapult|26/100|[from] item: Life Orb
|move|p2a: Arceus|Shadow Claw|p1a: Dragapult
|-supereffective|p1a: Dragapult
|-damage|p1a: Dragapult|0 fnt
|faint|p1a: Dragapult
|
|upkeep
|inactive|Battle timer is ON: inactive players will automatically lose when time's up. (requested by SpicySalmonRoll)
|
|t:|1646792293
|switch|p1a: Gengar|Gengar, F, shiny|100/100
|turn|3
|
|t:|1646792297
|detailschange|p1a: Gengar|Gengar-Mega, F, shiny
|-mega|p1a: Gengar|Gengar|Gengarite
|move|p1a: Gengar|Sludge Wave|p2a: Arceus
|-crit|p2a: Arceus
|-damage|p2a: Arceus|0 fnt
|faint|p2a: Arceus
|
|upkeep
|
|t:|1646792309
|switch|p2a: Rayquaza|Rayquaza|100/100
|-ability|p2a: Rayquaza|Air Lock
|turn|4
|
|t:|1646792315
|switch|p1a: Corsola|Corsola-Galar, F|100/100
|detailschange|p2a: Rayquaza|Rayquaza-Mega
|-mega|p2a: Rayquaza|Rayquaza|
|-weather|DeltaStream|[from] ability: Delta Stream|[of] p2a: Rayquaza
|move|p2a: Rayquaza|Dragon Dance|p2a: Rayquaza
|-boost|p2a: Rayquaza|atk|1
|-boost|p2a: Rayquaza|spe|1
|
|-weather|DeltaStream|[upkeep]
|upkeep
|turn|5
|
|t:|1646792323
|move|p2a: Rayquaza|Dragon Ascent|p1a: Corsola
|-damage|p1a: Corsola|9/100
|-unboost|p2a: Rayquaza|def|1
|-unboost|p2a: Rayquaza|spd|1
|-start|p2a: Rayquaza|Disable|Dragon Ascent|[from] ability: Cursed Body|[of] p1a: Corsola
|-damage|p2a: Rayquaza|91/100|[from] item: Life Orb
|move|p1a: Corsola|Strength Sap|p2a: Rayquaza
|-unboost|p2a: Rayquaza|atk|1
|-heal|p1a: Corsola|100/100
|
|-weather|DeltaStream|[upkeep]
|upkeep
|turn|6
|
|t:|1646792335
|-weather|none
|switch|p2a: Yveltal|Yveltal|100/100
|-ability|p2a: Yveltal|Dark Aura
|move|p1a: Corsola|Will-O-Wisp|p2a: Yveltal
|-status|p2a: Yveltal|brn
|
|-damage|p2a: Yveltal|94/100 brn|[from] brn
|upkeep
|turn|7
|
|t:|1646792344
|switch|p1a: Gengar|Gengar-Mega, F, shiny|100/100
|move|p2a: Yveltal|Dark Pulse|p1a: Gengar
|-supereffective|p1a: Gengar
|-damage|p1a: Gengar|0 fnt
|faint|p1a: Gengar
|
|-damage|p2a: Yveltal|88/100 brn|[from] brn
|upkeep
|
|t:|1646792357
|switch|p1a: Mimikyu|Mimikyu, M|100/100
|turn|8
|
|t:|1646792360
|switch|p2a: Rayquaza|Rayquaza-Mega|91/100
|-weather|DeltaStream|[from] ability: Delta Stream|[of] p2a: Rayquaza
|move|p1a: Mimikyu|Play Rough|p2a: Rayquaza
|-supereffective|p2a: Rayquaza
|-damage|p2a: Rayquaza|0 fnt
|faint|p2a: Rayquaza
|-weather|none
|-damage|p1a: Mimikyu|91/100|[from] item: Life Orb
|
|upkeep
|
|t:|1646792362
|switch|p2a: Zacian|Zacian-Crowned|100/100
|-ability|p2a: Zacian|Intrepid Sword|boost
|-boost|p2a: Zacian|atk|1
|turn|9
|
|t:|1646792373
|switch|p1a: Corsola|Corsola-Galar, F|100/100
|move|p2a: Zacian|Behemoth Blade|p1a: Corsola
|-damage|p1a: Corsola|53/100
|-start|p2a: Zacian|Disable|Behemoth Blade|[from] ability: Cursed Body|[of] p1a: Corsola
|
|upkeep
|turn|10
|
|t:|1646792381
|switch|p2a: Yveltal|Yveltal|88/100 brn
|-ability|p2a: Yveltal|Dark Aura
|move|p1a: Corsola|Strength Sap|p2a: Yveltal
|-unboost|p2a: Yveltal|atk|1
|-heal|p1a: Corsola|100/100
|
|-damage|p2a: Yveltal|82/100 brn|[from] brn
|upkeep
|turn|11
|
|t:|1646792391
|switch|p1a: Aegislash|Aegislash, F|100/100
|move|p2a: Yveltal|Oblivion Wing|p1a: Aegislash
|-resisted|p1a: Aegislash
|-damage|p1a: Aegislash|81/100
|-heal|p2a: Yveltal|94/100 brn|[from] drain|[of] p1a: Aegislash
|
|-heal|p1a: Aegislash|88/100|[from] item: Leftovers
|-damage|p2a: Yveltal|88/100 brn|[from] brn
|upkeep
|turn|12
|
|t:|1646792403
|move|p1a: Aegislash|King's Shield|p1a: Aegislash
|-singleturn|p1a: Aegislash|Protect
|move|p2a: Yveltal|Dark Pulse|p1a: Aegislash
|-activate|p1a: Aegislash|move: Protect
|
|-heal|p1a: Aegislash|94/100|[from] item: Leftovers
|-damage|p2a: Yveltal|82/100 brn|[from] brn
|upkeep
|turn|13
|
|t:|1646792412
|move|p2a: Yveltal|Dark Pulse|p1a: Aegislash
|-supereffective|p1a: Aegislash
|-damage|p1a: Aegislash|1/100
|-formechange|p1a: Aegislash|Aegislash-Blade||[from] ability: Stance Change
|move|p1a: Aegislash|Sacred Sword|p2a: Yveltal
|-damage|p2a: Yveltal|46/100 brn
|
|-heal|p1a: Aegislash|7/100|[from] item: Leftovers
|-damage|p2a: Yveltal|40/100 brn|[from] brn
|upkeep
|turn|14
|
|t:|1646792423
|-formechange|p1a: Aegislash|Aegislash||[from] ability: Stance Change
|move|p1a: Aegislash|King's Shield|p1a: Aegislash
|-singleturn|p1a: Aegislash|Protect
|move|p2a: Yveltal|Oblivion Wing|p1a: Aegislash
|-activate|p1a: Aegislash|move: Protect
|
|-heal|p1a: Aegislash|13/100|[from] item: Leftovers
|-damage|p2a: Yveltal|34/100 brn|[from] brn
|upkeep
|turn|15
|
|t:|1646792434
|-formechange|p1a: Aegislash|Aegislash-Blade||[from] ability: Stance Change
|move|p1a: Aegislash|Shadow Sneak|p2a: Yveltal
|-resisted|p2a: Yveltal
|-damage|p2a: Yveltal|22/100 brn
|move|p2a: Yveltal|Oblivion Wing|p1a: Aegislash
|-resisted|p1a: Aegislash
|-damage|p1a: Aegislash|0 fnt
|-heal|p2a: Yveltal|30/100 brn|[from] drain|[of] p1a: Aegislash
|faint|p1a: Aegislash
|
|-damage|p2a: Yveltal|24/100 brn|[from] brn
|upkeep
|
|t:|1646792446
|switch|p1a: Mimikyu|Mimikyu, M|91/100
|turn|16
|
|t:|1646792459
|switch|p2a: Zacian|Zacian-Crowned|100/100
|-ability|p2a: Zacian|Intrepid Sword|boost
|-boost|p2a: Zacian|atk|1
|-start|p1a: Mimikyu|Dynamax
|-heal|p1a: Mimikyu|91/100|[silent]
|move|p1a: Mimikyu|Max Phantasm|p2a: Zacian
|-damage|p2a: Zacian|43/100
|-unboost|p2a: Zacian|def|1
|-damage|p1a: Mimikyu|86/100|[from] item: Life Orb
|
|upkeep
|turn|17
|
|t:|1646792485
|move|p2a: Zacian|Behemoth Blade|p1a: Mimikyu
|-activate|p1a: Mimikyu|ability: Disguise
|-damage|p1a: Mimikyu|86/100
|detailschange|p1a: Mimikyu|Mimikyu-Busted, M
|-damage|p1a: Mimikyu|79/100|[from] pokemon: Mimikyu-Busted
|move|p1a: Mimikyu|Max Phantasm|p2a: Zacian
|-damage|p2a: Zacian|0 fnt
|faint|p2a: Zacian
|-damage|p1a: Mimikyu|74/100|[from] item: Life Orb
|
|upkeep
|
|t:|1646792488
|switch|p2a: Necrozma|Necrozma-Dusk-Mane|100/100
|turn|18
|
|t:|1646792499
|move|p1a: Mimikyu|Max Phantasm|p2a: Necrozma
|-supereffective|p2a: Necrozma
|-damage|p2a: Necrozma|20/100
|-unboost|p2a: Necrozma|def|1
|-damage|p1a: Mimikyu|69/100|[from] item: Life Orb
|move|p2a: Necrozma|Dragon Dance|p2a: Necrozma
|-boost|p2a: Necrozma|atk|1
|-boost|p2a: Necrozma|spe|1
|
|-end|p1a: Mimikyu|Dynamax
|-heal|p1a: Mimikyu|69/100|[silent]
|upkeep
|turn|19
|
|t:|1646792510
|detailschange|p2a: Necrozma|Necrozma-Ultra
|-burst|p2a: Necrozma|Necrozma|Ultranecrozium Z
|move|p1a: Mimikyu|Shadow Sneak|p2a: Necrozma
|-supereffective|p2a: Necrozma
|-damage|p2a: Necrozma|0 fnt
|faint|p2a: Necrozma
|-damage|p1a: Mimikyu|59/100|[from] item: Life Orb
|
|upkeep
|
|t:|1646792515
|switch|p2a: Marshadow|Marshadow|100/100
|turn|20
|
|t:|1646792523
|move|p2a: Marshadow|Spectral Thief|p1a: Mimikyu
|-supereffective|p1a: Mimikyu
|-damage|p1a: Mimikyu|0 fnt
|faint|p1a: Mimikyu
|
|upkeep
|
|t:|1646792529
|switch|p1a: Corsola|Corsola-Galar, F|100/100
|turn|21
|
|t:|1646792532
|switch|p2a: Yveltal|Yveltal|24/100 brn
|-ability|p2a: Yveltal|Dark Aura
|move|p1a: Corsola|Night Shade|p2a: Yveltal
|-damage|p2a: Yveltal|0 fnt
|faint|p2a: Yveltal
|
|upkeep
|
|t:|1646792534
|switch|p2a: Marshadow|Marshadow|100/100
|turn|22
|
|t:|1646792541
|-start|p2a: Marshadow|Dynamax
|-heal|p2a: Marshadow|100/100|[silent]
|move|p2a: Marshadow|Max Phantasm|p1a: Corsola
|-supereffective|p1a: Corsola
|-damage|p1a: Corsola|35/100
|-unboost|p1a: Corsola|def|1
|move|p1a: Corsola|Strength Sap|p2a: Marshadow
|-unboost|p2a: Marshadow|atk|1
|-heal|p1a: Corsola|100/100
|
|upkeep
|turn|23
|
|t:|1646792553
|move|p2a: Marshadow|Max Phantasm|p1a: Corsola
|-supereffective|p1a: Corsola
|-damage|p1a: Corsola|31/100
|-unboost|p1a: Corsola|def|1
|move|p1a: Corsola|Strength Sap|p2a: Marshadow
|-unboost|p2a: Marshadow|atk|1
|-heal|p1a: Corsola|100/100
|
|upkeep
|turn|24
|
|t:|1646792563
|switch|p1a: Giratina|Giratina-Origin|100/100
|move|p2a: Marshadow|Max Phantasm|p1a: Giratina
|-supereffective|p1a: Giratina
|-damage|p1a: Giratina|62/100
|-unboost|p1a: Giratina|def|1
|
|-end|p2a: Marshadow|Dynamax
|-heal|p2a: Marshadow|100/100|[silent]
|upkeep
|turn|25
|
|t:|1646792573
|switch|p1a: Corsola|Corsola-Galar, F|100/100
|move|p2a: Marshadow|Spectral Thief|p1a: Corsola
|-supereffective|p1a: Corsola
|-damage|p1a: Corsola|76/100
|
|upkeep
|turn|26
|-message|ThyKingCharles forfeited.
|
|win|SpicySalmonRoll
|raw|SpicySalmonRoll's rating: 1566 &rarr; <strong>1592</strong><br />(+26 for winning)
|raw|ThyKingCharles's rating: 1679 &rarr; <strong>1653</strong><br />(-26 for losing)
|l|☆ThyKingCharles
