|j|☆Purrglar
|j|☆snowyue
|t:|1654585307
|gametype|singles
|player|p1|Purrglar|petrel|1207
|player|p2|snowyue|waitress|1232
|teamsize|p1|6
|teamsize|p2|6
|gen|8
|tier|[Gen 8] National Dex AG
|rated|
|rule|HP Percentage Mod: HP is shown in percentages
|rule|Endless Battle Clause: Forcing endless battles is banned
|clearpoke
|poke|p1|Aerodactyl, M|
|poke|p1|Omastar, F|
|poke|p1|Dracovish|
|poke|p1|Tyrantrum, F|
|poke|p1|Rampardos, M|
|poke|p1|Carracosta, F|
|poke|p2|Shuckle, F|
|poke|p2|Clefable, F|
|poke|p2|Bellossom, F|
|poke|p2|Espeon, F|
|poke|p2|Alcremie-Rainbow-Swirl, F|
|poke|p2|Gengar, F|
|teampreview
|inactive|Battle timer is ON: inactive players will automatically lose when time's up. (requested by Purrglar)
|
|t:|1654585313
|start
|switch|p1a: Aerodactyl|Aerodactyl, M|100/100
|switch|p2a: Ruby|Shuckle, F, shiny|100/100
|-ability|p1a: Aerodactyl|Unnerve
|turn|1
|
|t:|1654585319
|detailschange|p1a: Aerodactyl|Aerodactyl-Mega, M
|-mega|p1a: Aerodactyl|Aerodactyl|Aerodactylite
|move|p1a: Aerodactyl|Dual Wingbeat|p2a: Ruby
|-damage|p2a: Ruby|83/100
|-damage|p2a: Ruby|62/100
|-hitcount|p2a: Ruby|2
|move|p2a: Ruby|Sticky Web|p1a: Aerodactyl
|-sidestart|p1: Purrglar|move: Sticky Web
|
|upkeep
|turn|2
|
|t:|1654585326
|move|p1a: Aerodactyl|Stone Edge|p2a: Ruby
|-supereffective|p2a: Ruby
|-damage|p2a: Ruby|0 fnt
|faint|p2a: Ruby
|
|upkeep
|
|t:|1654585330
|switch|p2a: Opal|Clefable, F, shiny|100/100
|turn|3
|
|t:|1654585334
|move|p1a: Aerodactyl|Defog|p2a: Opal
|-unboost|p2a: Opal|evasion|1
|-sideend|p1: Purrglar|Sticky Web|[from] move: Defog|[of] p1a: Aerodactyl
|move|p2a: Opal|Cosmic Power|p2a: Opal
|-boost|p2a: Opal|def|1
|-boost|p2a: Opal|spd|1
|
|upkeep
|turn|4
|
|t:|1654585343
|switch|p1a: Rampardos|Rampardos, M|100/100
|move|p2a: Opal|Soft-Boiled||[still]
|-fail|p2a: Opal|heal
|
|upkeep
|turn|5
|
|t:|1654585347
|move|p1a: Rampardos|Iron Head|p2a: Opal
|-supereffective|p2a: Opal
|-damage|p2a: Opal|53/100
|move|p2a: Opal|Cosmic Power|p2a: Opal
|-boost|p2a: Opal|def|1
|-boost|p2a: Opal|spd|1
|
|-heal|p2a: Opal|59/100|[from] item: Leftovers
|upkeep
|turn|6
|
|t:|1654585355
|move|p1a: Rampardos|Iron Head|p2a: Opal
|-supereffective|p2a: Opal
|-damage|p2a: Opal|18/100
|move|p2a: Opal|Soft-Boiled|p2a: Opal
|-heal|p2a: Opal|68/100
|
|-heal|p2a: Opal|74/100|[from] item: Leftovers
|upkeep
|turn|7
|
|t:|1654585362
|move|p1a: Rampardos|Iron Head|p2a: Opal
|-supereffective|p2a: Opal
|-damage|p2a: Opal|36/100
|move|p2a: Opal|Soft-Boiled|p2a: Opal
|-heal|p2a: Opal|86/100
|
|-heal|p2a: Opal|92/100|[from] item: Leftovers
|upkeep
|turn|8
|
|t:|1654585368
|-start|p1a: Rampardos|Dynamax|
|-heal|p1a: Rampardos|100/100|[silent]
|move|p1a: Rampardos|Max Steelspike|p2a: Opal
|-supereffective|p2a: Opal
|-damage|p2a: Opal|44/100
|-boost|p1a: Rampardos|def|1
|move|p2a: Opal|Soft-Boiled|p2a: Opal
|-heal|p2a: Opal|94/100
|
|-heal|p2a: Opal|99/100|[from] item: Leftovers
|upkeep
|turn|9
|
|t:|1654585379
|move|p1a: Rampardos|Max Rockfall|p2a: Opal
|-damage|p2a: Opal|63/100
|-weather|Sandstorm
|move|p2a: Opal|Soft-Boiled|p2a: Opal
|-heal|p2a: Opal|100/100
|
|-weather|Sandstorm|[upkeep]
|-damage|p2a: Opal|94/100|[from] Sandstorm
|-heal|p2a: Opal|100/100|[from] item: Leftovers
|upkeep
|turn|10
|
|t:|1654585390
|move|p1a: Rampardos|Max Steelspike|p2a: Opal
|-supereffective|p2a: Opal
|-damage|p2a: Opal|54/100
|-boost|p1a: Rampardos|def|1
|move|p2a: Opal|Cosmic Power|p2a: Opal
|-boost|p2a: Opal|def|1
|-boost|p2a: Opal|spd|1
|
|-weather|Sandstorm|[upkeep]
|-damage|p2a: Opal|48/100|[from] Sandstorm
|-heal|p2a: Opal|54/100|[from] item: Leftovers
|upkeep
|-end|p1a: Rampardos|Dynamax
|-heal|p1a: Rampardos|100/100|[silent]
|turn|11
|
|t:|1654585403
|move|p1a: Rampardos|Iron Head|p2a: Opal
|-supereffective|p2a: Opal
|-damage|p2a: Opal|25/100
|move|p2a: Opal|Soft-Boiled|p2a: Opal
|-heal|p2a: Opal|75/100
|
|-weather|Sandstorm|[upkeep]
|-damage|p2a: Opal|69/100|[from] Sandstorm
|-heal|p2a: Opal|75/100|[from] item: Leftovers
|upkeep
|turn|12
|
|t:|1654585411
|move|p1a: Rampardos|Iron Head|p2a: Opal
|-supereffective|p2a: Opal
|-damage|p2a: Opal|46/100
|move|p2a: Opal|Soft-Boiled|p2a: Opal
|-heal|p2a: Opal|96/100
|
|-weather|Sandstorm|[upkeep]
|-damage|p2a: Opal|90/100|[from] Sandstorm
|-heal|p2a: Opal|96/100|[from] item: Leftovers
|upkeep
|turn|13
|
|t:|1654585419
|move|p1a: Rampardos|Iron Head|p2a: Opal
|-supereffective|p2a: Opal
|-damage|p2a: Opal|66/100
|move|p2a: Opal|Cosmic Power|p2a: Opal
|-boost|p2a: Opal|def|1
|-boost|p2a: Opal|spd|1
|
|-weather|none
|-heal|p2a: Opal|72/100|[from] item: Leftovers
|upkeep
|turn|14
|
|t:|1654585427
|move|p1a: Rampardos|Iron Head|p2a: Opal
|-supereffective|p2a: Opal
|-damage|p2a: Opal|47/100
|move|p2a: Opal|Soft-Boiled|p2a: Opal
|-heal|p2a: Opal|97/100
|
|-heal|p2a: Opal|100/100|[from] item: Leftovers
|upkeep
|turn|15
|
|t:|1654585434
|move|p1a: Rampardos|Iron Head|p2a: Opal
|-supereffective|p2a: Opal
|-damage|p2a: Opal|71/100
|move|p2a: Opal|Cosmic Power|p2a: Opal
|-boost|p2a: Opal|def|1
|-boost|p2a: Opal|spd|1
|
|-heal|p2a: Opal|78/100|[from] item: Leftovers
|upkeep
|turn|16
|
|t:|1654585443
|move|p1a: Rampardos|Iron Head|p2a: Opal
|-supereffective|p2a: Opal
|-damage|p2a: Opal|56/100
|move|p2a: Opal|Cosmic Power|p2a: Opal
|-boost|p2a: Opal|def|1
|-boost|p2a: Opal|spd|1
|
|-heal|p2a: Opal|62/100|[from] item: Leftovers
|upkeep
|turn|17
|
|t:|1654585451
|move|p1a: Rampardos|Iron Head|p2a: Opal
|-supereffective|p2a: Opal
|-damage|p2a: Opal|42/100
|move|p2a: Opal|Baton Pass|p2a: Opal
|
|t:|1654585454
|switch|p2a: Leaf|Bellossom, F, shiny|100/100|[from]move: Baton Pass
|
|upkeep
|turn|18
|
|t:|1654585465
|move|p1a: Rampardos|Iron Head|p2a: Leaf
|-damage|p2a: Leaf|87/100
|move|p2a: Leaf|Quiver Dance|p2a: Leaf
|-boost|p2a: Leaf|spa|1
|-boost|p2a: Leaf|spd|0
|-boost|p2a: Leaf|spe|1
|
|upkeep
|turn|19
|
|t:|1654585475
|switch|p1a: Aerodactyl|Aerodactyl-Mega, M|100/100
|move|p2a: Leaf|Quiver Dance|p2a: Leaf
|-boost|p2a: Leaf|spa|1
|-boost|p2a: Leaf|spd|0
|-boost|p2a: Leaf|spe|1
|
|upkeep
|turn|20
|
|t:|1654585482
|move|p2a: Leaf|Strength Sap|p1a: Aerodactyl
|-unboost|p1a: Aerodactyl|atk|1
|-heal|p2a: Leaf|100/100
|move|p1a: Aerodactyl|Dual Wingbeat|p2a: Leaf
|-supereffective|p2a: Leaf
|-damage|p2a: Leaf|85/100
|-supereffective|p2a: Leaf
|-damage|p2a: Leaf|73/100
|-hitcount|p2a: Leaf|2
|
|upkeep
|turn|21
|
|t:|1654585502
|switch|p1a: Rampardos|Rampardos, M|100/100
|move|p2a: Leaf|Sleep Powder|p1a: Rampardos
|-status|p1a: Rampardos|slp|[from] move: Sleep Powder
|
|upkeep
|turn|22
|inactive|Purrglar has 120 seconds left.
|
|t:|1654585524
|switch|p1a: Tyrantrum|Tyrantrum, F|100/100
|move|p2a: Leaf|Strength Sap|p1a: Tyrantrum
|-unboost|p1a: Tyrantrum|atk|1
|-heal|p2a: Leaf|100/100
|
|upkeep
|turn|23
|
|t:|1654585531
|move|p2a: Leaf|Sleep Powder|p1a: Tyrantrum
|-status|p1a: Tyrantrum|slp|[from] move: Sleep Powder
|-enditem|p1a: Tyrantrum|Lum Berry|[eat]
|-curestatus|p1a: Tyrantrum|slp|[msg]
|move|p1a: Tyrantrum|Dragon Dance|p1a: Tyrantrum
|-boost|p1a: Tyrantrum|atk|1
|-boost|p1a: Tyrantrum|spe|1
|
|upkeep
|turn|24
|
|t:|1654585538
|move|p2a: Leaf|Sleep Powder|p1a: Tyrantrum
|-status|p1a: Tyrantrum|slp|[from] move: Sleep Powder
|cant|p1a: Tyrantrum|slp
|
|upkeep
|turn|25
|
|t:|1654585546
|move|p2a: Leaf|Quiver Dance|p2a: Leaf
|-boost|p2a: Leaf|spa|1
|-boost|p2a: Leaf|spd|0
|-boost|p2a: Leaf|spe|1
|cant|p1a: Tyrantrum|slp
|
|upkeep
|turn|26
|
|t:|1654585551
|move|p2a: Leaf|Quiver Dance|p2a: Leaf
|-boost|p2a: Leaf|spa|1
|-boost|p2a: Leaf|spd|0
|-boost|p2a: Leaf|spe|1
|cant|p1a: Tyrantrum|slp
|
|upkeep
|turn|27
|
|t:|1654585557
|move|p2a: Leaf|Quiver Dance|p2a: Leaf
|-boost|p2a: Leaf|spa|1
|-boost|p2a: Leaf|spd|0
|-boost|p2a: Leaf|spe|1
|-curestatus|p1a: Tyrantrum|slp|[msg]
|move|p1a: Tyrantrum|Head Smash|p2a: Leaf
|-damage|p2a: Leaf|77/100
|
|upkeep
|turn|28
|
|t:|1654585564
|move|p2a: Leaf|Strength Sap|p1a: Tyrantrum
|-unboost|p1a: Tyrantrum|atk|1
|-heal|p2a: Leaf|100/100
|move|p1a: Tyrantrum|Head Smash|p2a: Leaf
|-damage|p2a: Leaf|84/100
|
|upkeep
|turn|29
|
|t:|1654585571
|move|p2a: Leaf|Sleep Powder|p1a: Tyrantrum
|-status|p1a: Tyrantrum|slp|[from] move: Sleep Powder
|cant|p1a: Tyrantrum|slp
|
|upkeep
|turn|30
|
|t:|1654585576
|move|p2a: Leaf|Quiver Dance|p2a: Leaf
|-boost|p2a: Leaf|spa|1
|-boost|p2a: Leaf|spd|0
|-boost|p2a: Leaf|spe|1
|cant|p1a: Tyrantrum|slp
|
|upkeep
|turn|31
|
|t:|1654585582
|move|p2a: Leaf|Strength Sap|p1a: Tyrantrum
|-unboost|p1a: Tyrantrum|atk|1
|-heal|p2a: Leaf|100/100
|-curestatus|p1a: Tyrantrum|slp|[msg]
|move|p1a: Tyrantrum|Head Smash|p2a: Leaf
|-damage|p2a: Leaf|88/100
|
|upkeep
|turn|32
|
|t:|1654585590
|move|p2a: Leaf|Sleep Powder|p1a: Tyrantrum|[miss]
|-miss|p2a: Leaf|p1a: Tyrantrum
|move|p1a: Tyrantrum|Head Smash|p2a: Leaf
|-damage|p2a: Leaf|77/100
|
|upkeep
|turn|33
|
|t:|1654585596
|move|p2a: Leaf|Sleep Powder|p1a: Tyrantrum
|-status|p1a: Tyrantrum|slp|[from] move: Sleep Powder
|cant|p1a: Tyrantrum|slp
|
|upkeep
|turn|34
|
|t:|1654585601
|move|p2a: Leaf|Strength Sap|p1a: Tyrantrum
|-unboost|p1a: Tyrantrum|atk|1
|-heal|p2a: Leaf|100/100
|cant|p1a: Tyrantrum|slp
|
|upkeep
|turn|35
|
|t:|1654585608
|move|p2a: Leaf|Baton Pass|p2a: Leaf
|
|t:|1654585611
|switch|p2a: Luna|Alcremie-Rainbow-Swirl, F|100/100|[from]move: Baton Pass
|cant|p1a: Tyrantrum|slp
|
|upkeep
|turn|36
|
|t:|1654585616
|move|p2a: Luna|Dazzling Gleam|p1a: Tyrantrum
|-supereffective|p1a: Tyrantrum
|-damage|p1a: Tyrantrum|0 fnt
|faint|p1a: Tyrantrum
|
|upkeep
|
|t:|1654585620
|switch|p1a: Rampardos|Rampardos, M|100/100 slp
|turn|37
|
|t:|1654585622
|move|p2a: Luna|Dazzling Gleam|p1a: Rampardos
|-damage|p1a: Rampardos|0 fnt
|faint|p1a: Rampardos
|
|upkeep
|
|t:|1654585631
|switch|p1a: Carracosta|Carracosta, F|100/100
|turn|38
|
|t:|1654585634
|move|p2a: Luna|Dazzling Gleam|p1a: Carracosta
|-ability|p1a: Carracosta|Sturdy
|-damage|p1a: Carracosta|1/100
|-enditem|p1a: Carracosta|Aguav Berry|[eat]
|-heal|p1a: Carracosta|34/100|[from] item: Aguav Berry
|move|p1a: Carracosta|Liquidation|p2a: Luna
|-damage|p2a: Luna|85/100
|-unboost|p2a: Luna|def|1
|
|-heal|p2a: Luna|91/100|[from] item: Leftovers
|upkeep
|turn|39
|
|t:|1654585646
|move|p1a: Carracosta|Aqua Jet|p2a: Luna
|-damage|p2a: Luna|82/100
|move|p2a: Luna|Dazzling Gleam|p1a: Carracosta
|-crit|p1a: Carracosta
|-damage|p1a: Carracosta|0 fnt
|faint|p1a: Carracosta
|
|-heal|p2a: Luna|88/100|[from] item: Leftovers
|upkeep
|
|t:|1654585651
|switch|p1a: Omastar|Omastar, F|100/100
|turn|40
|
|t:|1654585655
|move|p2a: Luna|Dazzling Gleam|p1a: Omastar
|-enditem|p1a: Omastar|Focus Sash
|-damage|p1a: Omastar|1/100
|move|p1a: Omastar|Scald|p2a: Luna
|-damage|p2a: Luna|77/100
|
|-heal|p2a: Luna|83/100|[from] item: Leftovers
|upkeep
|turn|41
|
|t:|1654585663
|move|p2a: Luna|Dazzling Gleam|p1a: Omastar
|-damage|p1a: Omastar|0 fnt
|faint|p1a: Omastar
|
|-heal|p2a: Luna|89/100|[from] item: Leftovers
|upkeep
|
|t:|1654585667
|switch|p1a: Dracovish|Dracovish|100/100
|turn|42
|
|t:|1654585670
|move|p2a: Luna|Dazzling Gleam|p1a: Dracovish
|-supereffective|p1a: Dracovish
|-damage|p1a: Dracovish|0 fnt
|faint|p1a: Dracovish
|
|-heal|p2a: Luna|95/100|[from] item: Leftovers
|upkeep
|
|t:|1654585672
|switch|p1a: Aerodactyl|Aerodactyl-Mega, M|100/100
|turn|43
|
|t:|1654585678
|-start|p2a: Luna|Dynamax|
|-heal|p2a: Luna|95/100|[silent]
|move|p2a: Luna|Max Starfall|p1a: Aerodactyl
|-damage|p1a: Aerodactyl|0 fnt
|-fieldstart|move: Misty Terrain
|faint|p1a: Aerodactyl
|
|win|snowyue
|raw|Purrglar's rating: 1207 &rarr; <strong>1184</strong><br />(-23 for losing)
|raw|snowyue's rating: 1232 &rarr; <strong>1255</strong><br />(+23 for winning)
|c|☆snowyue|gg
|l|☆Purrglar
