|j|☆Clausura
|j|☆Ike745
|t:|1663540825
|gametype|singles
|player|p1|Clausura|cynthia-gen4|1728
|player|p2|Ike745|blue|1712
|teamsize|p1|6
|teamsize|p2|6
|gen|8
|tier|[Gen 8] National Dex AG
|rated|
|rule|HP Percentage Mod: HP is shown in percentages
|rule|Endless Battle Clause: Forcing endless battles is banned
|clearpoke
|poke|p1|Xerneas-*|
|poke|p1|Kyurem-White|
|poke|p1|Rayquaza|
|poke|p1|Yveltal|
|poke|p1|Marshadow|
|poke|p1|Arceus-*|
|poke|p2|Rayquaza|
|poke|p2|Groudon|
|poke|p2|Arceus-*|
|poke|p2|Calyrex-Shadow|
|poke|p2|Yveltal|
|poke|p2|Arceus-*|
|teampreview
|inactive|Battle timer is ON: inactive players will automatically lose when time's up. (requested by Ike745)
|c|☆Ike745|the run back
|
|t:|1663540844
|start
|switch|p1a: Kyurem|Kyurem-White|100/100
|switch|p2a: Arceus|Arceus-Fairy|100/100
|-ability|p1a: Kyurem|Turboblaze
|turn|1
|
|t:|1663540856
|switch|p1a: Rayquaza|Rayquaza|100/100
|-ability|p1a: Rayquaza|Air Lock
|move|p2a: Arceus|Judgment|p1a: Rayquaza
|-supereffective|p1a: Rayquaza
|-damage|p1a: Rayquaza|0 fnt
|faint|p1a: Rayquaza
|
|upkeep
|
|t:|1663540858
|switch|p1a: Xerneas|Xerneas|100/100
|-ability|p1a: Xerneas|Fairy Aura
|turn|2
|
|t:|1663540864
|move|p2a: Arceus|Toxic|p1a: Xerneas|[miss]
|-miss|p2a: Arceus|p1a: Xerneas
|move|p1a: Xerneas|Geomancy||[still]
|-prepare|p1a: Xerneas|Geomancy
|-enditem|p1a: Xerneas|Power Herb
|-anim|p1a: Xerneas|Geomancy|p1a: Xerneas
|-boost|p1a: Xerneas|spa|2
|-boost|p1a: Xerneas|spd|2
|-boost|p1a: Xerneas|spe|2
|
|upkeep
|turn|3
|
|t:|1663540869
|-start|p1a: Xerneas|Dynamax|
|-heal|p1a: Xerneas|100/100|[silent]
|move|p1a: Xerneas|Max Starfall|p2a: Arceus
|-damage|p2a: Arceus|25/100
|-fieldstart|move: Misty Terrain
|move|p2a: Arceus|Recover|p2a: Arceus
|-heal|p2a: Arceus|75/100
|
|upkeep
|turn|4
|
|t:|1663540881
|move|p1a: Xerneas|Max Starfall|p2a: Arceus
|-damage|p2a: Arceus|0 fnt
|faint|p2a: Arceus
|
|upkeep
|
|t:|1663540901
|switch|p2a: Groudon|Groudon, shiny|100/100
|detailschange|p2a: Groudon|Groudon-Primal, shiny
|-primal|p2a: Groudon
|-weather|DesolateLand|[from] ability: Desolate Land|[of] p2a: Groudon
|turn|5
|
|t:|1663540903
|move|p1a: Xerneas|Max Starfall|p2a: Groudon
|-resisted|p2a: Groudon
|-damage|p2a: Groudon|32/100
|move|p2a: Groudon|Stealth Rock|p1a: Xerneas
|-sidestart|p1: Clausura|move: Stealth Rock
|
|-weather|DesolateLand|[upkeep]
|upkeep
|-end|p1a: Xerneas|Dynamax
|-heal|p1a: Xerneas|100/100|[silent]
|turn|6
|
|t:|1663540908
|move|p1a: Xerneas|Draining Kiss|p2a: Groudon
|-resisted|p2a: Groudon
|-damage|p2a: Groudon|0 fnt
|faint|p2a: Groudon
|-weather|none
|
|upkeep
|
|t:|1663540916
|switch|p2a: Arceus|Arceus, shiny|100/100
|turn|7
|
|t:|1663540921
|-start|p2a: Arceus|Dynamax|
|-heal|p2a: Arceus|100/100|[silent]
|move|p1a: Xerneas|Draining Kiss|p2a: Arceus
|-damage|p2a: Arceus|74/100
|move|p2a: Arceus|Max Strike|p1a: Xerneas
|-damage|p1a: Xerneas|45/100
|-unboost|p1a: Xerneas|spe|1
|
|-fieldend|Misty Terrain
|upkeep
|turn|8
|
|t:|1663540926
|move|p1a: Xerneas|Draining Kiss|p2a: Arceus
|-damage|p2a: Arceus|49/100
|-heal|p1a: Xerneas|85/100|[from] drain|[of] p2a: Arceus
|move|p2a: Arceus|Max Strike|p1a: Xerneas
|-damage|p1a: Xerneas|31/100
|-unboost|p1a: Xerneas|spe|1
|
|upkeep
|turn|9
|
|t:|1663540935
|switch|p1a: Marshadow|Marshadow|100/100
|-damage|p1a: Marshadow|94/100|[from] Stealth Rock
|move|p2a: Arceus|Max Phantasm|p1a: Marshadow
|-supereffective|p1a: Marshadow
|-damage|p1a: Marshadow|0 fnt
|faint|p1a: Marshadow
|
|upkeep
|
|t:|1663540941
|switch|p1a: Yveltal|Yveltal|100/100
|-ability|p1a: Yveltal|Dark Aura
|-end|p2a: Arceus|Dynamax
|-heal|p2a: Arceus|49/100|[silent]
|turn|10
|
|t:|1663540944
|move|p2a: Arceus|Recover|p2a: Arceus
|-heal|p2a: Arceus|99/100
|move|p1a: Yveltal|Defog|p2a: Arceus
|-unboost|p2a: Arceus|evasion|1
|-sideend|p1: Clausura|Stealth Rock|[from] move: Defog|[of] p1a: Yveltal
|
|upkeep
|turn|11
|
|t:|1663540950
|move|p2a: Arceus|Swords Dance|p2a: Arceus
|-boost|p2a: Arceus|atk|2
|move|p1a: Yveltal|Taunt|p2a: Arceus
|-start|p2a: Arceus|move: Taunt
|
|upkeep
|turn|12
|
|t:|1663540955
|move|p2a: Arceus|Extreme Speed|p1a: Yveltal
|-damage|p1a: Yveltal|37/100
|move|p1a: Yveltal|Knock Off|p2a: Arceus
|-damage|p2a: Arceus|59/100
|-enditem|p2a: Arceus|Chople Berry|[from] move: Knock Off|[of] p1a: Yveltal
|
|upkeep
|turn|13
|
|t:|1663540958
|move|p2a: Arceus|Extreme Speed|p1a: Yveltal
|-damage|p1a: Yveltal|0 fnt
|faint|p1a: Yveltal
|
|upkeep
|
|t:|1663540964
|switch|p1a: Arceus|Arceus|100/100
|turn|14
|
|t:|1663540967
|move|p2a: Arceus|Extreme Speed|p1a: Arceus
|-damage|p1a: Arceus|45/100
|move|p1a: Arceus|Swords Dance|p1a: Arceus
|-boost|p1a: Arceus|atk|2
|
|-end|p2a: Arceus|move: Taunt
|upkeep
|turn|15
|
|t:|1663540971
|move|p2a: Arceus|Extreme Speed|p1a: Arceus
|-damage|p1a: Arceus|0 fnt
|faint|p1a: Arceus
|
|upkeep
|-message|Clausura forfeited.
|
|win|Ike745
|raw|Clausura's rating: 1728 &rarr; <strong>1707</strong><br />(-21 for losing)
|raw|Ike745's rating: 1712 &rarr; <strong>1733</strong><br />(+21 for winning)
|l|☆Clausura
