|j|☆F1RESTORM
|j|☆Supplement
|t:|1667597089
|gametype|singles
|player|p1|F1RESTORM|plasmagrunt|1676
|player|p2|Supplement|misty-lgpe|1757
|teamsize|p1|6
|teamsize|p2|6
|gen|8
|tier|[Gen 8] National Dex AG
|rated|
|rule|HP Percentage Mod: HP is shown in percentages
|rule|Endless Battle Clause: Forcing endless battles is banned
|clearpoke
|poke|p1|Zekrom|
|poke|p1|Yveltal|
|poke|p1|Necrozma-Dusk-Mane|
|poke|p1|Xerneas-*|
|poke|p1|Groudon|
|poke|p1|Marshadow|
|poke|p2|Deoxys-Speed|
|poke|p2|Yveltal|
|poke|p2|Chansey, F|
|poke|p2|Necrozma-Dusk-Mane|
|poke|p2|Calyrex-Shadow|
|poke|p2|Rayquaza|
|teampreview
|inactive|Battle timer is ON: inactive players will automatically lose when time's up. (requested by Supplement)
|
|t:|1667597107
|start
|switch|p1a: Yveltal|Yveltal, shiny|100/100
|switch|p2a: Deoxys|Deoxys-Speed|100/100
|-ability|p2a: Deoxys|Pressure
|-ability|p1a: Yveltal|Dark Aura
|turn|1
|
|t:|1667597119
|move|p2a: Deoxys|Stealth Rock|p1a: Yveltal
|-sidestart|p1: F1RESTORM|move: Stealth Rock
|move|p1a: Yveltal|Dark Pulse|p2a: Deoxys
|-supereffective|p2a: Deoxys
|-enditem|p2a: Deoxys|Focus Sash
|-damage|p2a: Deoxys|1/100
|
|upkeep
|turn|2
|
|t:|1667597126
|move|p2a: Deoxys|Spikes|p1a: Yveltal
|-sidestart|p1: F1RESTORM|Spikes
|move|p1a: Yveltal|Dark Pulse|p2a: Deoxys
|-supereffective|p2a: Deoxys
|-damage|p2a: Deoxys|0 fnt
|faint|p2a: Deoxys
|
|upkeep
|
|t:|1667597137
|switch|p2a: Rayquaza|Rayquaza|100/100
|-ability|p2a: Rayquaza|Air Lock
|turn|3
|
|t:|1667597149
|detailschange|p2a: Rayquaza|Rayquaza-Mega
|-mega|p2a: Rayquaza|Rayquaza|
|-weather|DeltaStream|[from] ability: Delta Stream|[of] p2a: Rayquaza
|move|p2a: Rayquaza|Dragon Ascent|p1a: Yveltal
|-damage|p1a: Yveltal|0 fnt
|-unboost|p2a: Rayquaza|def|1
|-unboost|p2a: Rayquaza|spd|1
|faint|p1a: Yveltal
|-damage|p2a: Rayquaza|91/100|[from] item: Life Orb
|
|-weather|DeltaStream|[upkeep]
|upkeep
|
|t:|1667597166
|switch|p1a: Necrozma|Necrozma-Dusk-Mane|100/100
|-damage|p1a: Necrozma|95/100|[from] Stealth Rock
|-damage|p1a: Necrozma|82/100|[from] Spikes
|turn|4
|
|t:|1667597178
|-weather|none
|switch|p2a: Necrozma|Necrozma-Dusk-Mane|100/100
|move|p1a: Necrozma|Sunsteel Strike|p2a: Necrozma
|-resisted|p2a: Necrozma
|-damage|p2a: Necrozma|86/100
|-damage|p1a: Necrozma|66/100|[from] item: Rocky Helmet|[of] p2a: Necrozma
|
|upkeep
|turn|5
|
|t:|1667597188
|switch|p1a: Groudon|Groudon|100/100
|-damage|p1a: Groudon|94/100|[from] Stealth Rock
|-damage|p1a: Groudon|82/100|[from] Spikes
|detailschange|p1a: Groudon|Groudon-Primal
|-primal|p1a: Groudon
|-weather|DesolateLand|[from] ability: Desolate Land|[of] p1a: Groudon
|move|p2a: Necrozma|Knock Off|p1a: Groudon
|-damage|p1a: Groudon|67/100
|
|-weather|DesolateLand|[upkeep]
|upkeep
|turn|6
|
|t:|1667597210
|switch|p2a: Rayquaza|Rayquaza-Mega|91/100
|-weather|DeltaStream|[from] ability: Delta Stream|[of] p2a: Rayquaza
|move|p1a: Groudon|Earthquake|p2a: Rayquaza
|-immune|p2a: Rayquaza
|
|-weather|DeltaStream|[upkeep]
|upkeep
|turn|7
|
|t:|1667597218
|move|p2a: Rayquaza|Waterfall|p1a: Groudon
|-supereffective|p1a: Groudon
|-damage|p1a: Groudon|0 fnt
|faint|p1a: Groudon
|-damage|p2a: Rayquaza|81/100|[from] item: Life Orb
|
|-weather|DeltaStream|[upkeep]
|upkeep
|
|t:|1667597225
|switch|p1a: Zekrom|Zekrom, shiny|100/100
|-damage|p1a: Zekrom|88/100|[from] Stealth Rock
|-damage|p1a: Zekrom|76/100|[from] Spikes
|-ability|p1a: Zekrom|Teravolt
|turn|8
|
|t:|1667597241
|move|p1a: Zekrom|Outrage|p2a: Rayquaza
|-supereffective|p2a: Rayquaza
|-damage|p2a: Rayquaza|0 fnt
|faint|p2a: Rayquaza
|-weather|none
|
|upkeep
|
|t:|1667597261
|switch|p2a: Necrozma|Necrozma-Dusk-Mane|86/100
|turn|9
|
|t:|1667597267
|move|p1a: Zekrom|Outrage|p2a: Necrozma|[from]lockedmove
|-resisted|p2a: Necrozma
|-damage|p2a: Necrozma|66/100
|-damage|p1a: Zekrom|59/100|[from] item: Rocky Helmet|[of] p2a: Necrozma
|-start|p1a: Zekrom|confusion|[fatigue]
|move|p2a: Necrozma|Toxic|p1a: Zekrom
|-status|p1a: Zekrom|tox
|
|-damage|p1a: Zekrom|53/100 tox|[from] psn
|upkeep
|turn|10
|
|t:|1667597280
|switch|p1a: Necrozma|Necrozma-Dusk-Mane|66/100
|-damage|p1a: Necrozma|60/100|[from] Stealth Rock
|-damage|p1a: Necrozma|48/100|[from] Spikes
|move|p2a: Necrozma|Morning Sun|p2a: Necrozma
|-heal|p2a: Necrozma|100/100
|
|upkeep
|turn|11
|
|t:|1667597290
|-start|p1a: Necrozma|Dynamax|
|-heal|p1a: Necrozma|48/100|[silent]
|move|p1a: Necrozma|Max Quake|p2a: Necrozma
|-supereffective|p2a: Necrozma
|-damage|p2a: Necrozma|57/100
|-boost|p1a: Necrozma|spd|1
|move|p2a: Necrozma|Knock Off|p1a: Necrozma
|-supereffective|p1a: Necrozma
|-damage|p1a: Necrozma|27/100
|-enditem|p1a: Necrozma|Choice Scarf|[from] move: Knock Off|[of] p2a: Necrozma
|
|upkeep
|turn|12
|
|t:|1667597306
|move|p1a: Necrozma|Max Darkness|p2a: Necrozma
|-supereffective|p2a: Necrozma
|-damage|p2a: Necrozma|22/100
|-unboost|p2a: Necrozma|spd|1
|move|p2a: Necrozma|Morning Sun|p2a: Necrozma
|-heal|p2a: Necrozma|72/100
|
|upkeep
|turn|13
|
|t:|1667597316
|move|p1a: Necrozma|Max Quake|p2a: Necrozma
|-supereffective|p2a: Necrozma
|-damage|p2a: Necrozma|30/100
|-boost|p1a: Necrozma|spd|1
|move|p2a: Necrozma|Morning Sun|p2a: Necrozma
|-heal|p2a: Necrozma|80/100
|
|upkeep
|-end|p1a: Necrozma|Dynamax
|-heal|p1a: Necrozma|27/100|[silent]
|turn|14
|j| Lance's Time
|
|t:|1667597327
|move|p1a: Necrozma|Earthquake|p2a: Necrozma
|-supereffective|p2a: Necrozma
|-damage|p2a: Necrozma|49/100
|move|p2a: Necrozma|Knock Off|p1a: Necrozma
|-supereffective|p1a: Necrozma
|-damage|p1a: Necrozma|0 fnt
|faint|p1a: Necrozma
|
|upkeep
|l| Lance's Time
|
|t:|1667597335
|switch|p1a: Zekrom|Zekrom, shiny|53/100 tox
|-damage|p1a: Zekrom|41/100 tox|[from] Stealth Rock
|-damage|p1a: Zekrom|29/100 tox|[from] Spikes
|-ability|p1a: Zekrom|Teravolt
|turn|15
|j| iynhe
|l| iynhe
|
|t:|1667597347
|move|p1a: Zekrom|Bolt Strike|p2a: Necrozma
|-damage|p2a: Necrozma|4/100
|-damage|p1a: Zekrom|12/100 tox|[from] item: Rocky Helmet|[of] p2a: Necrozma
|move|p2a: Necrozma|Knock Off|p1a: Zekrom
|-damage|p1a: Zekrom|0 fnt
|-enditem|p1a: Zekrom|Choice Scarf|[from] move: Knock Off|[of] p2a: Necrozma
|faint|p1a: Zekrom
|
|upkeep
|
|t:|1667597357
|switch|p1a: Xerneas|Xerneas|100/100
|-damage|p1a: Xerneas|88/100|[from] Stealth Rock
|-damage|p1a: Xerneas|76/100|[from] Spikes
|-ability|p1a: Xerneas|Fairy Aura
|turn|16
|
|t:|1667597364
|move|p1a: Xerneas|Moonblast|p2a: Necrozma
|-resisted|p2a: Necrozma
|-damage|p2a: Necrozma|0 fnt
|faint|p2a: Necrozma
|
|upkeep
|
|t:|1667597378
|switch|p2a: Calyrex|Calyrex-Shadow|100/100
|-ability|p2a: Calyrex|As One
|-ability|p2a: Calyrex|Unnerve
|turn|17
|
|t:|1667597396
|-start|p2a: Calyrex|Dynamax|
|-heal|p2a: Calyrex|100/100|[silent]
|move|p1a: Xerneas|Moonblast|p2a: Calyrex
|-damage|p2a: Calyrex|62/100
|move|p2a: Calyrex|Max Phantasm|p1a: Xerneas
|-damage|p1a: Xerneas|0 fnt
|faint|p1a: Xerneas
|-ability|p2a: Calyrex|Grim Neigh|boost
|-boost|p2a: Calyrex|spa|1
|
|upkeep
|-message|F1RESTORM forfeited.
|
|win|Supplement
|raw|F1RESTORM's rating: 1676 &rarr; <strong>1661</strong><br />(-15 for losing)
|raw|Supplement's rating: 1757 &rarr; <strong>1772</strong><br />(+15 for winning)
|l|☆F1RESTORM
