|j|☆Northernflyer21
|j|☆Pawnnel
|t:|1656487347
|gametype|singles
|player|p1|Northernflyer21|ash|1434
|player|p2|Pawnnel|psychic-gen4|1394
|teamsize|p1|6
|teamsize|p2|6
|gen|8
|tier|[Gen 8] National Dex AG
|rated|
|rule|HP Percentage Mod: HP is shown in percentages
|rule|Endless Battle Clause: Forcing endless battles is banned
|clearpoke
|poke|p1|Whimsicott, F|
|poke|p1|Necrozma-Dusk-Mane|
|poke|p1|Zacian-*|
|poke|p1|Calyrex-Shadow|
|poke|p1|Kyogre|
|poke|p1|Groudon|
|poke|p2|Venusaur, M|
|poke|p2|Torkoal, M|
|poke|p2|Alakazam, M|
|poke|p2|Quagsire, M|
|poke|p2|Metagross|
|poke|p2|Garchomp, M|
|teampreview
|inactive|Battle timer is ON: inactive players will automatically lose when time's up. (requested by Northernflyer21)
|inactive|Pawnnel also wants the timer to be on.
|j| Shy Guy Solos
|l| Shy Guy Solos
|inactive|Pawnnel has 120 seconds left.
|
|t:|1656487398
|start
|switch|p1a: Cotton E|Whimsicott, F, shiny|100/100
|switch|p2a: Rex|Garchomp, M|100/100
|turn|1
|inactive|Pawnnel has 120 seconds left.
|inactive|Pawnnel has 90 seconds left.
|
|t:|1656487469
|switch|p2a: Faust|Alakazam, M|100/100
|move|p1a: Cotton E|Taunt|p2a: Faust
|-start|p2a: Faust|move: Taunt
|
|upkeep
|turn|2
|
|t:|1656487481
|move|p2a: Faust|Psychic|p1a: Cotton E
|-damage|p1a: Cotton E|40/100
|move|p1a: Cotton E|Energy Ball|p2a: Faust
|-damage|p2a: Faust|67/100
|-unboost|p2a: Faust|spd|1
|
|upkeep
|turn|3
|
|t:|1656487493
|move|p1a: Cotton E|Tailwind|p1a: Cotton E
|-sidestart|p1: Northernflyer21|move: Tailwind
|move|p2a: Faust|Shadow Ball|p1a: Cotton E
|-damage|p1a: Cotton E|4/100
|
|-end|p2a: Faust|move: Taunt
|upkeep
|turn|4
|
|t:|1656487507
|move|p1a: Cotton E|Taunt|p2a: Faust
|-start|p2a: Faust|move: Taunt
|move|p2a: Faust|Shadow Ball|p1a: Cotton E
|-damage|p1a: Cotton E|0 fnt
|faint|p1a: Cotton E
|
|upkeep
|
|t:|1656487529
|switch|p1a: Knight Mare|Calyrex-Shadow|100/100
|-ability|p1a: Knight Mare|As One
|-ability|p1a: Knight Mare|Unnerve
|turn|5
|inactive|Pawnnel has 90 seconds left.
|
|t:|1656487563
|switch|p2a: Turt|Torkoal, M|100/100
|-weather|SunnyDay|[from] ability: Drought|[of] p2a: Turt
|-start|p1a: Knight Mare|Dynamax|
|-heal|p1a: Knight Mare|100/100|[silent]
|move|p1a: Knight Mare|Max Phantasm|p2a: Turt
|-damage|p2a: Turt|2/100
|-unboost|p2a: Turt|def|1
|
|-weather|SunnyDay|[upkeep]
|upkeep
|turn|6
|
|t:|1656487578
|move|p1a: Knight Mare|Max Mindstorm|p2a: Turt
|-damage|p2a: Turt|0 fnt
|-fieldstart|move: Psychic Terrain
|faint|p2a: Turt
|-ability|p1a: Knight Mare|Grim Neigh|boost
|-boost|p1a: Knight Mare|spa|1
|
|-weather|SunnyDay|[upkeep]
|-sideend|p1: Northernflyer21|move: Tailwind
|upkeep
|inactive|Pawnnel has 60 seconds left.
|
|t:|1656487592
|switch|p2a: Faust|Alakazam, M|67/100
|turn|7
|
|t:|1656487597
|move|p1a: Knight Mare|Max Starfall|p2a: Faust
|-damage|p2a: Faust|0 fnt
|-fieldstart|move: Misty Terrain
|faint|p2a: Faust
|-ability|p1a: Knight Mare|Grim Neigh|boost
|-boost|p1a: Knight Mare|spa|1
|
|-weather|SunnyDay|[upkeep]
|upkeep
|inactive|Pawnnel has 60 seconds left.
|
|t:|1656487608
|switch|p2a: Bobsor|Venusaur, M|100/100
|-end|p1a: Knight Mare|Dynamax
|-heal|p1a: Knight Mare|100/100|[silent]
|turn|8
|
|t:|1656487616
|move|p2a: Bobsor|Weather Ball|p1a: Knight Mare
|-damage|p1a: Knight Mare|33/100
|-damage|p2a: Bobsor|91/100|[from] item: Life Orb
|move|p1a: Knight Mare|Psychic|p2a: Bobsor
|-supereffective|p2a: Bobsor
|-damage|p2a: Bobsor|0 fnt
|faint|p2a: Bobsor
|-ability|p1a: Knight Mare|Grim Neigh|boost
|-boost|p1a: Knight Mare|spa|1
|
|-weather|SunnyDay|[upkeep]
|upkeep
|inactive|Pawnnel has 60 seconds left.
|
|t:|1656487645
|switch|p2a: Flop|Quagsire, M|100/100
|turn|9
|
|t:|1656487649
|-start|p2a: Flop|Dynamax|
|-heal|p2a: Flop|100/100|[silent]
|move|p1a: Knight Mare|Energy Ball|p2a: Flop
|-supereffective|p2a: Flop
|-crit|p2a: Flop
|-damage|p2a: Flop|0 fnt
|faint|p2a: Flop
|-ability|p1a: Knight Mare|Grim Neigh|boost
|-boost|p1a: Knight Mare|spa|1
|
|-weather|SunnyDay|[upkeep]
|upkeep
|-message|Pawnnel forfeited.
|
|win|Northernflyer21
|raw|Northernflyer21's rating: 1434 &rarr; <strong>1452</strong><br />(+18 for winning)
|raw|Pawnnel's rating: 1394 &rarr; <strong>1376</strong><br />(-18 for losing)
|l|☆Pawnnel
