|j|☆Nobodi_Nowan
|j|‽DDDDD33333
|t:|1651397013
|gametype|singles
|player|p1|Nobodi_Nowan|dawn|1607
|player|p2|DDDDD33333|266|1705
|teamsize|p1|6
|teamsize|p2|6
|gen|8
|tier|[Gen 8] National Dex AG
|rated|
|rule|HP Percentage Mod: HP is shown in percentages
|rule|Endless Battle Clause: Forcing endless battles is banned
|clearpoke
|poke|p1|Victini|
|poke|p1|Cottonee, L1, F|
|poke|p1|Aron, L1, M|
|poke|p1|Togedemaru, L1, M|
|poke|p1|Arceus-*|
|poke|p1|Pineco, L1, M|
|poke|p2|Ho-Oh|
|poke|p2|Lugia|
|poke|p2|Rayquaza|
|poke|p2|Ditto|
|poke|p2|Kyogre|
|poke|p2|Zacian-*|
|teampreview
|inactive|Battle timer is ON: inactive players will automatically lose when time's up. (requested by DDDDD33333)
|
|t:|1651397044
|start
|switch|p1a: Victini|Victini|100/100
|switch|p2a: Ho-Oh|Ho-Oh, shiny|100/100
|turn|1
|
|t:|1651397051
|-start|p2a: Ho-Oh|Dynamax|
|-heal|p2a: Ho-Oh|100/100|[silent]
|move|p1a: Victini|Final Gambit|p2a: Ho-Oh
|-damage|p2a: Ho-Oh|43/100
|faint|p1a: Victini
|move|p2a: Ho-Oh|Max Airstream|p1: Victini|[notarget]
|-fail|p2a: Ho-Oh
|
|-heal|p2a: Ho-Oh|46/100|[from] item: Leftovers
|upkeep
|
|t:|1651397062
|switch|p1a: Cottonee|Cottonee, L1, F|100/100
|turn|2
|
|t:|1651397066
|move|p2a: Ho-Oh|Max Guard|p2a: Ho-Oh
|-singleturn|p2a: Ho-Oh|Max Guard
|move|p1a: Cottonee|Leech Seed|p2a: Ho-Oh
|-activate|p2a: Ho-Oh|move: Max Guard
|
|-heal|p2a: Ho-Oh|50/100|[from] item: Leftovers
|upkeep
|turn|3
|
|t:|1651397077
|move|p1a: Cottonee|Leech Seed|p2a: Ho-Oh
|-start|p2a: Ho-Oh|move: Leech Seed
|move|p2a: Ho-Oh|Max Airstream|p1a: Cottonee
|-supereffective|p1a: Cottonee
|-enditem|p1a: Cottonee|Focus Sash
|-damage|p1a: Cottonee|9/100
|-boost|p2a: Ho-Oh|spe|1
|
|-heal|p2a: Ho-Oh|53/100|[from] item: Leftovers
|-damage|p2a: Ho-Oh|46/100|[from] Leech Seed|[of] p1a: Cottonee
|-heal|p1a: Cottonee|100/100|[silent]
|upkeep
|-end|p2a: Ho-Oh|Dynamax
|-heal|p2a: Ho-Oh|46/100|[silent]
|turn|4
|
|t:|1651397091
|move|p1a: Cottonee|Substitute|p1a: Cottonee
|-start|p1a: Cottonee|Substitute
|-damage|p1a: Cottonee|75/100
|move|p2a: Ho-Oh|Brave Bird|p1a: Cottonee
|-supereffective|p1a: Cottonee
|-end|p1a: Cottonee|Substitute
|-damage|p2a: Ho-Oh|46/100|[from] Recoil|[of] p1a: Cottonee
|
|-heal|p2a: Ho-Oh|52/100|[from] item: Leftovers
|-damage|p2a: Ho-Oh|40/100|[from] Leech Seed|[of] p1a: Cottonee
|-heal|p1a: Cottonee|100/100|[silent]
|upkeep
|turn|5
|
|t:|1651397106
|switch|p2a: Ditto|Ditto, shiny|100/100
|-transform|p2a: Ditto|p1a: Cottonee|[from] ability: Imposter
|move|p1a: Cottonee|Substitute|p1a: Cottonee
|-start|p1a: Cottonee|Substitute
|-damage|p1a: Cottonee|75/100
|
|upkeep
|turn|6
|
|t:|1651397118
|move|p1a: Cottonee|Leech Seed|p2a: Ditto
|-immune|p2a: Ditto
|move|p2a: Ditto|Substitute|p2a: Ditto
|-start|p2a: Ditto|Substitute
|-damage|p2a: Ditto|75/100
|
|upkeep
|turn|7
|c|☆Nobodi_Nowan|u know i can pp stall u right?
|
|t:|1651397145
|move|p1a: Cottonee|Protect|p1a: Cottonee
|-singleturn|p1a: Cottonee|Protect
|move|p2a: Ditto|Substitute|p2a: Ditto
|-fail|p2a: Ditto|move: Substitute
|
|upkeep
|turn|8
|
|t:|1651397152
|move|p2a: Ditto|Substitute|p2a: Ditto
|-fail|p2a: Ditto|move: Substitute
|move|p1a: Cottonee|Leech Seed|p2a: Ditto
|-immune|p2a: Ditto
|
|upkeep
|turn|9
|
|t:|1651397160
|move|p2a: Ditto|Leech Seed|p1a: Cottonee
|-immune|p1a: Cottonee
|move|p1a: Cottonee|Leech Seed|p2a: Ditto
|-immune|p2a: Ditto
|
|upkeep
|turn|10
|
|t:|1651397168
|move|p1a: Cottonee|Protect|p1a: Cottonee
|-singleturn|p1a: Cottonee|Protect
|move|p2a: Ditto|Defog|p1a: Cottonee
|-activate|p1a: Cottonee|move: Protect
|
|upkeep
|turn|11
|
|t:|1651397180
|move|p2a: Ditto|Defog||[still]
|-fail|p2a: Ditto
|move|p1a: Cottonee|Substitute|p1a: Cottonee
|-fail|p1a: Cottonee|move: Substitute
|
|upkeep
|turn|12
|
|t:|1651397188
|switch|p2a: Ho-Oh|Ho-Oh, shiny|73/100
|move|p1a: Cottonee|Defog|p2a: Ho-Oh
|-unboost|p2a: Ho-Oh|evasion|1
|
|-heal|p2a: Ho-Oh|79/100|[from] item: Leftovers
|upkeep
|turn|13
|
|t:|1651397200
|switch|p2a: Ditto|Ditto, shiny|75/100
|move|p1a: Cottonee|Leech Seed|p2a: Ditto
|-start|p2a: Ditto|move: Leech Seed
|
|-damage|p2a: Ditto|63/100|[from] Leech Seed|[of] p1a: Cottonee
|-heal|p1a: Cottonee|100/100|[silent]
|upkeep
|turn|14
|
|t:|1651397210
|switch|p2a: Ho-Oh|Ho-Oh, shiny|100/100
|move|p1a: Cottonee|Leech Seed|p2a: Ho-Oh
|-start|p2a: Ho-Oh|move: Leech Seed
|
|-damage|p2a: Ho-Oh|88/100|[from] Leech Seed|[of] p1a: Cottonee
|upkeep
|turn|15
|
|t:|1651397218
|move|p1a: Cottonee|Protect|p1a: Cottonee
|-singleturn|p1a: Cottonee|Protect
|move|p2a: Ho-Oh|Sacred Fire|p1a: Cottonee
|-activate|p1a: Cottonee|move: Protect
|
|-heal|p2a: Ho-Oh|94/100|[from] item: Leftovers
|-damage|p2a: Ho-Oh|82/100|[from] Leech Seed|[of] p1a: Cottonee
|upkeep
|turn|16
|
|t:|1651397231
|move|p1a: Cottonee|Leech Seed||[still]
|-fail|p1a: Cottonee
|move|p2a: Ho-Oh|Brave Bird|p1a: Cottonee
|-supereffective|p1a: Cottonee
|-end|p1a: Cottonee|Substitute
|-damage|p2a: Ho-Oh|82/100|[from] Recoil|[of] p1a: Cottonee
|
|-heal|p2a: Ho-Oh|88/100|[from] item: Leftovers
|-damage|p2a: Ho-Oh|75/100|[from] Leech Seed|[of] p1a: Cottonee
|upkeep
|turn|17
|
|t:|1651397246
|switch|p2a: Ditto|Ditto, shiny|63/100
|-transform|p2a: Ditto|p1a: Cottonee|[from] ability: Imposter
|move|p1a: Cottonee|Substitute|p1a: Cottonee
|-start|p1a: Cottonee|Substitute
|-damage|p1a: Cottonee|75/100
|
|upkeep
|turn|18
|inactive|DDDDD33333 has 120 seconds left.
|
|t:|1651397280
|move|p1a: Cottonee|Protect|p1a: Cottonee
|-singleturn|p1a: Cottonee|Protect
|move|p2a: Ditto|Leech Seed|p1a: Cottonee
|-activate|p1a: Cottonee|move: Protect
|
|upkeep
|turn|19
|inactive|DDDDD33333 has 120 seconds left.
|
|t:|1651397290
|move|p2a: Ditto|Leech Seed|p1a: Cottonee
|-immune|p1a: Cottonee
|move|p1a: Cottonee|Defog|p2a: Ditto
|-unboost|p2a: Ditto|evasion|1
|
|upkeep
|turn|20
|inactive|DDDDD33333 has 120 seconds left.
|
|t:|1651397302
|move|p2a: Ditto|Leech Seed|p1a: Cottonee
|-immune|p1a: Cottonee
|move|p1a: Cottonee|Defog|p2a: Ditto
|-unboost|p2a: Ditto|evasion|1
|
|upkeep
|turn|21
|
|t:|1651397310
|move|p1a: Cottonee|Protect|p1a: Cottonee
|-singleturn|p1a: Cottonee|Protect
|move|p2a: Ditto|Leech Seed|p1a: Cottonee
|-activate|p1a: Cottonee|move: Protect
|
|upkeep
|turn|22
|
|t:|1651397318
|move|p1a: Cottonee|Defog|p2a: Ditto
|-unboost|p2a: Ditto|evasion|1
|move|p2a: Ditto|Leech Seed|p1a: Cottonee
|-immune|p1a: Cottonee
|
|upkeep
|turn|23
|
|t:|1651397327
|move|p2a: Ditto|Protect|p2a: Ditto
|-singleturn|p2a: Ditto|Protect
|move|p1a: Cottonee|Defog|p2a: Ditto
|-activate|p2a: Ditto|move: Protect
|
|upkeep
|turn|24
|
|t:|1651397339
|move|p2a: Ditto|Protect||[still]
|-fail|p2a: Ditto
|move|p1a: Cottonee|Protect||[still]
|-fail|p1a: Cottonee
|
|upkeep
|turn|25
|
|t:|1651397345
|move|p2a: Ditto|Protect|p2a: Ditto
|-singleturn|p2a: Ditto|Protect
|move|p1a: Cottonee|Protect||[still]
|-fail|p1a: Cottonee
|
|upkeep
|turn|26
|
|t:|1651397354
|switch|p2a: Rayquaza|Rayquaza, shiny|100/100
|-ability|p2a: Rayquaza|Air Lock
|move|p1a: Cottonee|Defog|p2a: Rayquaza
|-unboost|p2a: Rayquaza|evasion|1
|
|upkeep
|turn|27
|
|t:|1651397363
|detailschange|p2a: Rayquaza|Rayquaza-Mega, shiny
|-mega|p2a: Rayquaza|Rayquaza|
|-weather|DeltaStream|[from] ability: Delta Stream|[of] p2a: Rayquaza
|move|p2a: Rayquaza|Extreme Speed|p1a: Cottonee
|-end|p1a: Cottonee|Substitute
|move|p1a: Cottonee|Leech Seed|p2a: Rayquaza
|-start|p2a: Rayquaza|move: Leech Seed
|
|-weather|DeltaStream|[upkeep]
|-damage|p2a: Rayquaza|88/100|[from] Leech Seed|[of] p1a: Cottonee
|-heal|p1a: Cottonee|100/100|[silent]
|upkeep
|turn|28
|
|t:|1651397374
|move|p1a: Cottonee|Protect|p1a: Cottonee
|-singleturn|p1a: Cottonee|Protect
|move|p2a: Rayquaza|Extreme Speed|p1a: Cottonee
|-activate|p1a: Cottonee|move: Protect
|
|-weather|DeltaStream|[upkeep]
|-damage|p2a: Rayquaza|76/100|[from] Leech Seed|[of] p1a: Cottonee
|upkeep
|turn|29
|
|t:|1651397383
|switch|p1a: Arceus|Arceus-Dark|100/100
|move|p2a: Rayquaza|Extreme Speed|p1a: Arceus
|-damage|p1a: Arceus|80/100
|
|-weather|DeltaStream|[upkeep]
|-damage|p2a: Rayquaza|64/100|[from] Leech Seed|[of] p1a: Arceus
|-heal|p1a: Arceus|90/100|[silent]
|upkeep
|turn|30
|j| Shipwrek
|
|t:|1651397394
|-weather|none
|switch|p2a: Zacian|Zacian-Crowned, shiny|100/100
|-ability|p2a: Zacian|Intrepid Sword|boost
|-boost|p2a: Zacian|atk|1
|move|p1a: Arceus|Calm Mind|p1a: Arceus
|-boost|p1a: Arceus|spa|1
|-boost|p1a: Arceus|spd|1
|
|upkeep
|turn|31
|
|t:|1651397407
|move|p2a: Zacian|Play Rough|p1a: Arceus
|-supereffective|p1a: Arceus
|-damage|p1a: Arceus|0 fnt
|faint|p1a: Arceus
|
|upkeep
|l| Shipwrek
|
|t:|1651397418
|switch|p1a: Togedemaru|Togedemaru, L1, M|100/100
|turn|32
|
|t:|1651397423
|move|p2a: Zacian|Substitute|p2a: Zacian
|-start|p2a: Zacian|Substitute
|-damage|p2a: Zacian|76/100
|move|p1a: Togedemaru|Endeavor|p2a: Zacian
|-end|p2a: Zacian|Substitute
|
|upkeep
|turn|33
|
|t:|1651397442
|switch|p2a: Ho-Oh|Ho-Oh, shiny|100/100
|move|p1a: Togedemaru|Endeavor|p2a: Ho-Oh
|-damage|p2a: Ho-Oh|4/100
|
|-heal|p2a: Ho-Oh|10/100|[from] item: Leftovers
|upkeep
|turn|34
|
|t:|1651397451
|move|p1a: Togedemaru|Spiky Shield|p1a: Togedemaru
|-singleturn|p1a: Togedemaru|move: Protect
|move|p2a: Ho-Oh|Sacred Fire|p1a: Togedemaru
|-activate|p1a: Togedemaru|move: Protect
|
|-heal|p2a: Ho-Oh|16/100|[from] item: Leftovers
|upkeep
|turn|35
|
|t:|1651397466
|move|p2a: Ho-Oh|Sacred Fire|p1a: Togedemaru
|-supereffective|p1a: Togedemaru
|-ability|p1a: Togedemaru|Sturdy
|-damage|p1a: Togedemaru|9/100
|move|p1a: Togedemaru|Encore|p2a: Ho-Oh
|-start|p2a: Ho-Oh|Encore
|
|-heal|p2a: Ho-Oh|23/100|[from] item: Leftovers
|upkeep
|turn|36
|
|t:|1651397483
|switch|p2a: Zacian|Zacian-Crowned, shiny|76/100
|-ability|p2a: Zacian|Intrepid Sword|boost
|-boost|p2a: Zacian|atk|1
|move|p1a: Togedemaru|Spiky Shield||[still]
|-fail|p1a: Togedemaru
|
|upkeep
|turn|37
|
|t:|1651397490
|move|p1a: Togedemaru|Spiky Shield|p1a: Togedemaru
|-singleturn|p1a: Togedemaru|move: Protect
|move|p2a: Zacian|Behemoth Blade|p1a: Togedemaru
|-activate|p1a: Togedemaru|move: Protect
|-damage|p2a: Zacian|63/100|[from] Spiky Shield|[of] p1a: Togedemaru
|
|upkeep
|turn|38
|
|t:|1651397498
|move|p2a: Zacian|Behemoth Blade|p1a: Togedemaru
|-resisted|p1a: Togedemaru
|-damage|p1a: Togedemaru|0 fnt
|faint|p1a: Togedemaru
|
|upkeep
|
|t:|1651397507
|switch|p1a: Aron|Aron, L1, M|100/100
|turn|39
|
|t:|1651397512
|move|p2a: Zacian|Substitute|p2a: Zacian
|-start|p2a: Zacian|Substitute
|-damage|p2a: Zacian|38/100
|move|p1a: Aron|Endeavor|p2a: Zacian
|-end|p2a: Zacian|Substitute
|
|upkeep
|turn|40
|
|t:|1651397521
|move|p2a: Zacian|Behemoth Blade|p1a: Aron
|-ability|p1a: Aron|Sturdy
|-damage|p1a: Aron|9/100
|-enditem|p1a: Aron|Berry Juice
|-heal|p1a: Aron|100/100|[from] item: Berry Juice
|move|p1a: Aron|Endeavor|p2a: Zacian
|-damage|p2a: Zacian|4/100
|
|upkeep
|turn|41
|
|t:|1651397534
|move|p2a: Zacian|Behemoth Blade|p1a: Aron
|-ability|p1a: Aron|Sturdy
|-damage|p1a: Aron|9/100
|move|p1a: Aron|Roar|p2a: Zacian
|drag|p2a: Ditto|Ditto, shiny|63/100
|-transform|p2a: Ditto|p1a: Aron|[from] ability: Imposter
|
|upkeep
|turn|42
|
|t:|1651397546
|switch|p2a: Zacian|Zacian-Crowned, shiny|4/100
|-ability|p2a: Zacian|Intrepid Sword|boost
|-boost|p2a: Zacian|atk|1
|move|p1a: Aron|Protect||[still]
|-fail|p1a: Aron
|
|upkeep
|turn|43
|
|t:|1651397554
|move|p2a: Zacian|Behemoth Blade|p1a: Aron
|-crit|p1a: Aron
|-damage|p1a: Aron|0 fnt
|faint|p1a: Aron
|
|upkeep
|j| Prad yt
|-message|Nobodi_Nowan forfeited.
|
|win|DDDDD33333
|raw|Nobodi_Nowan's rating: 1607 &rarr; <strong>1592</strong><br />(-15 for losing)
|raw|DDDDD33333's rating: 1705 &rarr; <strong>1720</strong><br />(+15 for winning)
|l|☆Nobodi_Nowan
|l|‽DDDDD33333
||Ladder isn't responding, score probably updated but might not have (Request timeout).
