|j|☆Lazy#4341 on cord
|j|☆harsh634
|t:|1664523708
|gametype|singles
|player|p1|Lazy#4341 on cord|brawly|1832
|player|p2|harsh634|red|1825
|teamsize|p1|6
|teamsize|p2|6
|gen|8
|tier|[Gen 8] National Dex AG
|rated|
|rule|HP Percentage Mod: HP is shown in percentages
|rule|Endless Battle Clause: Forcing endless battles is banned
|clearpoke
|poke|p1|Zacian-*|
|poke|p1|Zacian-*|
|poke|p1|Zygarde|
|poke|p1|Yveltal|
|poke|p1|Necrozma-Dusk-Mane|
|poke|p1|Arceus-*|
|poke|p2|Mewtwo|
|poke|p2|Tyranitar, M|
|poke|p2|Ferrothorn, M|
|poke|p2|Ho-Oh|
|poke|p2|Arceus-*|
|poke|p2|Ditto|
|teampreview
|inactive|Battle timer is ON: inactive players will automatically lose when time's up. (requested by harsh634)
|
|t:|1664523728
|start
|switch|p1a: Dante|Zacian|100/100
|switch|p2a: Tyranitar|Tyranitar, M|100/100
|-ability|p1a: Dante|Intrepid Sword|boost
|-boost|p1a: Dante|atk|1
|-weather|Sandstorm|[from] ability: Sand Stream|[of] p2a: Tyranitar
|turn|1
|
|t:|1664523734
|switch|p2a: Ho-Oh|Ho-Oh|100/100
|move|p1a: Dante|Close Combat|p2a: Ho-Oh
|-resisted|p2a: Ho-Oh
|-damage|p2a: Ho-Oh|80/100
|-unboost|p1a: Dante|def|1
|-unboost|p1a: Dante|spd|1
|
|-weather|Sandstorm|[upkeep]
|-damage|p1a: Dante|94/100|[from] Sandstorm
|-damage|p2a: Ho-Oh|74/100|[from] Sandstorm
|upkeep
|turn|2
|
|t:|1664523738
|switch|p1a: Morrison|Zygarde|100/100
|move|p2a: Ho-Oh|Sacred Fire|p1a: Morrison
|-resisted|p1a: Morrison
|-damage|p1a: Morrison|88/100
|-status|p1a: Morrison|brn
|
|-weather|Sandstorm|[upkeep]
|-damage|p2a: Ho-Oh|68/100|[from] Sandstorm
|-heal|p1a: Morrison|94/100 brn|[from] item: Leftovers
|-damage|p1a: Morrison|88/100 brn|[from] brn
|upkeep
|turn|3
|
|t:|1664523742
|switch|p2a: Tyranitar|Tyranitar, M|100/100
|move|p1a: Morrison|Glare|p2a: Tyranitar
|-status|p2a: Tyranitar|par
|
|-weather|Sandstorm|[upkeep]
|-heal|p1a: Morrison|94/100 brn|[from] item: Leftovers
|-damage|p1a: Morrison|88/100 brn|[from] brn
|upkeep
|turn|4
|
|t:|1664523744
|switch|p1a: Dante|Zacian|94/100
|-ability|p1a: Dante|Intrepid Sword|boost
|-boost|p1a: Dante|atk|1
|cant|p2a: Tyranitar|par
|
|-weather|Sandstorm|[upkeep]
|-damage|p1a: Dante|88/100|[from] Sandstorm
|upkeep
|turn|5
|
|t:|1664523749
|switch|p2a: Ho-Oh|Ho-Oh|100/100
|move|p1a: Dante|Close Combat|p2a: Ho-Oh
|-resisted|p2a: Ho-Oh
|-damage|p2a: Ho-Oh|78/100
|-unboost|p1a: Dante|def|1
|-unboost|p1a: Dante|spd|1
|
|-weather|none
|upkeep
|turn|6
|
|t:|1664523758
|switch|p1a: Morrison|Zygarde|88/100 brn
|move|p2a: Ho-Oh|Toxic|p1a: Morrison|[miss]
|-miss|p2a: Ho-Oh|p1a: Morrison
|
|-heal|p1a: Morrison|94/100 brn|[from] item: Leftovers
|-damage|p1a: Morrison|88/100 brn|[from] brn
|upkeep
|turn|7
|
|t:|1664523765
|switch|p2a: Tyranitar|Tyranitar, M|100/100 par
|-weather|Sandstorm|[from] ability: Sand Stream|[of] p2a: Tyranitar
|move|p1a: Morrison|Glare|p2a: Tyranitar
|-fail|p2a: Tyranitar|par
|
|-weather|Sandstorm|[upkeep]
|-heal|p1a: Morrison|94/100 brn|[from] item: Leftovers
|-damage|p1a: Morrison|88/100 brn|[from] brn
|upkeep
|turn|8
|
|t:|1664523768
|switch|p1a: Nero|Necrozma-Dusk-Mane, shiny|100/100
|detailschange|p2a: Tyranitar|Tyranitar-Mega, M
|-mega|p2a: Tyranitar|Tyranitar|Tyranitarite
|move|p2a: Tyranitar|Stealth Rock|p1a: Nero
|-sidestart|p1: Lazy#4341 on cord|move: Stealth Rock
|
|-weather|Sandstorm|[upkeep]
|upkeep
|turn|9
|
|t:|1664523773
|switch|p2a: Ferrothorn|Ferrothorn, M|100/100
|move|p1a: Nero|Stealth Rock|p2a: Ferrothorn
|-sidestart|p2: harsh634|move: Stealth Rock
|
|-weather|Sandstorm|[upkeep]
|upkeep
|turn|10
|
|t:|1664523797
|move|p1a: Nero|Knock Off|p2a: Ferrothorn
|-damage|p2a: Ferrothorn|74/100
|-damage|p1a: Nero|88/100|[from] ability: Iron Barbs|[of] p2a: Ferrothorn
|-enditem|p2a: Ferrothorn|Leftovers|[from] move: Knock Off|[of] p1a: Nero
|move|p2a: Ferrothorn|Knock Off|p1a: Nero
|-supereffective|p1a: Nero
|-damage|p1a: Nero|72/100
|-damage|p2a: Ferrothorn|57/100|[from] item: Rocky Helmet|[of] p1a: Nero
|-enditem|p1a: Nero|Rocky Helmet|[from] move: Knock Off|[of] p2a: Ferrothorn
|
|-weather|Sandstorm|[upkeep]
|upkeep
|turn|11
|
|t:|1664523802
|switch|p1a: Vergil|Zacian-Crowned, shiny|100/100
|-damage|p1a: Vergil|94/100|[from] Stealth Rock
|-ability|p1a: Vergil|Intrepid Sword|boost
|-boost|p1a: Vergil|atk|1
|move|p2a: Ferrothorn|Leech Seed|p1a: Vergil
|-start|p1a: Vergil|move: Leech Seed
|
|-weather|none
|-damage|p1a: Vergil|82/100|[from] Leech Seed|[of] p2a: Ferrothorn
|-heal|p2a: Ferrothorn|68/100|[silent]
|upkeep
|turn|12
|
|t:|1664523812
|switch|p1a: Morrison|Zygarde|88/100 brn
|-damage|p1a: Morrison|82/100 brn|[from] Stealth Rock
|move|p2a: Ferrothorn|Protect||[still]
|-fail|p2a: Ferrothorn
|
|-heal|p1a: Morrison|88/100 brn|[from] item: Leftovers
|-damage|p1a: Morrison|82/100 brn|[from] brn
|upkeep
|turn|13
|
|t:|1664523841
|move|p1a: Morrison|Glare|p2a: Ferrothorn
|-status|p2a: Ferrothorn|par
|move|p2a: Ferrothorn|Knock Off|p1a: Morrison
|-damage|p1a: Morrison|70/100 brn
|-enditem|p1a: Morrison|Leftovers|[from] move: Knock Off|[of] p2a: Ferrothorn
|
|-damage|p1a: Morrison|64/100 brn|[from] brn
|upkeep
|turn|14
|
|t:|1664523855
|switch|p1a: Nero|Necrozma-Dusk-Mane, shiny|72/100
|-damage|p1a: Nero|66/100|[from] Stealth Rock
|move|p2a: Ferrothorn|Leech Seed|p1a: Nero
|-start|p1a: Nero|move: Leech Seed
|
|-damage|p1a: Nero|53/100|[from] Leech Seed|[of] p2a: Ferrothorn
|-heal|p2a: Ferrothorn|82/100 par|[silent]
|upkeep
|turn|15
|
|t:|1664523865
|switch|p1a: Morrison|Zygarde|64/100 brn
|-damage|p1a: Morrison|58/100 brn|[from] Stealth Rock
|move|p2a: Ferrothorn|Spikes|p1a: Morrison
|-sidestart|p1: Lazy#4341 on cord|Spikes
|
|-damage|p1a: Morrison|51/100 brn|[from] brn
|upkeep
|turn|16
|
|t:|1664523870
|switch|p1a: Nero|Necrozma-Dusk-Mane, shiny|53/100
|-damage|p1a: Nero|47/100|[from] Stealth Rock
|-damage|p1a: Nero|35/100|[from] Spikes
|move|p2a: Ferrothorn|Leech Seed|p1a: Nero
|-start|p1a: Nero|move: Leech Seed
|
|-damage|p1a: Nero|23/100|[from] Leech Seed|[of] p2a: Ferrothorn
|-heal|p2a: Ferrothorn|96/100 par|[silent]
|upkeep
|turn|17
|
|t:|1664523877
|move|p1a: Nero|Morning Sun|p1a: Nero
|-heal|p1a: Nero|73/100
|move|p2a: Ferrothorn|Spikes|p1a: Nero
|-sidestart|p1: Lazy#4341 on cord|Spikes
|
|-damage|p1a: Nero|60/100|[from] Leech Seed|[of] p2a: Ferrothorn
|-heal|p2a: Ferrothorn|100/100 par|[silent]
|upkeep
|turn|18
|
|t:|1664523884
|switch|p1a: Nico|Arceus-Fairy|100/100
|-damage|p1a: Nico|88/100|[from] Stealth Rock
|-damage|p1a: Nico|71/100|[from] Spikes
|move|p2a: Ferrothorn|Spikes|p1a: Nico
|-sidestart|p1: Lazy#4341 on cord|Spikes
|
|upkeep
|turn|19
|
|t:|1664523889
|switch|p2a: Ho-Oh|Ho-Oh|100/100
|move|p1a: Nico|Defog|p2a: Ho-Oh
|-unboost|p2a: Ho-Oh|evasion|1
|-sideend|p2: harsh634|Stealth Rock|[from] move: Defog|[of] p1a: Nico
|-sideend|p1: Lazy#4341 on cord|Spikes|[from] move: Defog|[of] p1a: Nico
|-sideend|p1: Lazy#4341 on cord|Stealth Rock|[from] move: Defog|[of] p1a: Nico
|
|upkeep
|turn|20
|
|t:|1664523892
|move|p1a: Nico|Thunder Wave|p2a: Ho-Oh
|-status|p2a: Ho-Oh|par
|cant|p2a: Ho-Oh|par
|
|upkeep
|turn|21
|
|t:|1664523898
|switch|p1a: Morrison|Zygarde|51/100 brn
|move|p2a: Ho-Oh|Toxic||[still]
|-fail|p2a: Ho-Oh
|
|-damage|p1a: Morrison|45/100 brn|[from] brn
|-activate|p1a: Morrison|ability: Power Construct
|detailschange|p1a: Morrison|Zygarde-Complete
|-heal|p1a: Morrison|64/100 brn|[silent]
|upkeep
|turn|22
|
|t:|1664523905
|switch|p1a: Nero|Necrozma-Dusk-Mane, shiny|60/100
|switch|p2a: Ferrothorn|Ferrothorn, M|100/100 par
|
|upkeep
|turn|23
|
|t:|1664523910
|move|p1a: Nero|Sunsteel Strike|p2a: Ferrothorn
|-resisted|p2a: Ferrothorn
|-damage|p2a: Ferrothorn|80/100 par
|-damage|p1a: Nero|48/100|[from] ability: Iron Barbs|[of] p2a: Ferrothorn
|cant|p2a: Ferrothorn|par
|
|upkeep
|turn|24
|
|t:|1664523918
|move|p1a: Nero|Morning Sun|p1a: Nero
|-heal|p1a: Nero|98/100
|cant|p2a: Ferrothorn|par
|
|upkeep
|turn|25
|
|t:|1664523926
|switch|p1a: Vergil|Zacian-Crowned, shiny|82/100
|-ability|p1a: Vergil|Intrepid Sword|boost
|-boost|p1a: Vergil|atk|1
|move|p2a: Ferrothorn|Spikes|p1a: Vergil
|-sidestart|p1: Lazy#4341 on cord|Spikes
|
|upkeep
|turn|26
|
|t:|1664523930
|switch|p2a: Ho-Oh|Ho-Oh|100/100 par
|move|p1a: Vergil|Close Combat|p2a: Ho-Oh
|-resisted|p2a: Ho-Oh
|-crit|p2a: Ho-Oh
|-damage|p2a: Ho-Oh|59/100 par
|-unboost|p1a: Vergil|def|1
|-unboost|p1a: Vergil|spd|1
|
|upkeep
|turn|27
|
|t:|1664523935
|switch|p2a: Ferrothorn|Ferrothorn, M|80/100 par
|move|p1a: Vergil|Wild Charge|p2a: Ferrothorn
|-resisted|p2a: Ferrothorn
|-damage|p2a: Ferrothorn|57/100 par
|-damage|p1a: Vergil|70/100|[from] ability: Iron Barbs|[of] p2a: Ferrothorn
|-damage|p1a: Vergil|63/100|[from] Recoil
|
|upkeep
|turn|28
|
|t:|1664523939
|switch|p2a: Ho-Oh|Ho-Oh|92/100 par
|move|p1a: Vergil|Close Combat|p2a: Ho-Oh
|-resisted|p2a: Ho-Oh
|-damage|p2a: Ho-Oh|66/100 par
|-unboost|p1a: Vergil|def|1
|-unboost|p1a: Vergil|spd|1
|
|upkeep
|turn|29
|
|t:|1664523943
|move|p1a: Vergil|Wild Charge|p2a: Ho-Oh
|-supereffective|p2a: Ho-Oh
|-damage|p2a: Ho-Oh|0 fnt
|faint|p2a: Ho-Oh
|-damage|p1a: Vergil|42/100|[from] Recoil
|
|upkeep
|
|t:|1664523947
|switch|p2a: Ditto|Ditto|100/100
|-transform|p2a: Ditto|p1a: Vergil|[from] ability: Imposter
|-ability|p2a: Ditto|Intrepid Sword|boost
|-boost|p2a: Ditto|atk|1
|turn|30
|
|t:|1664523954
|switch|p1a: Nico|Arceus-Fairy|71/100
|-damage|p1a: Nico|59/100|[from] Spikes
|move|p2a: Ditto|Close Combat|p1a: Nico
|-resisted|p1a: Nico
|-damage|p1a: Nico|25/100
|-unboost|p2a: Ditto|def|1
|-unboost|p2a: Ditto|spd|1
|
|upkeep
|turn|31
|
|t:|1664523963
|move|p2a: Ditto|Close Combat|p1a: Nico
|-resisted|p1a: Nico
|-damage|p1a: Nico|0 fnt
|-unboost|p2a: Ditto|def|1
|-unboost|p2a: Ditto|spd|1
|faint|p1a: Nico
|
|upkeep
|
|t:|1664523970
|switch|p1a: Nero|Necrozma-Dusk-Mane, shiny|98/100
|-damage|p1a: Nero|86/100|[from] Spikes
|turn|32
|
|t:|1664523976
|move|p2a: Ditto|Close Combat|p1a: Nero
|-damage|p1a: Nero|22/100
|-unboost|p2a: Ditto|def|1
|-unboost|p2a: Ditto|spd|1
|move|p1a: Nero|Sunsteel Strike|p2a: Ditto
|-damage|p2a: Ditto|0 fnt
|faint|p2a: Ditto
|
|upkeep
|
|t:|1664523988
|switch|p2a: Mewtwo|Mewtwo|100/100
|-ability|p2a: Mewtwo|Pressure
|turn|33
|
|t:|1664523991
|move|p2a: Mewtwo|Nasty Plot|p2a: Mewtwo
|-boost|p2a: Mewtwo|spa|2
|move|p1a: Nero|Knock Off|p2a: Mewtwo
|-supereffective|p2a: Mewtwo
|-damage|p2a: Mewtwo|29/100
|-enditem|p2a: Mewtwo|Life Orb|[from] move: Knock Off|[of] p1a: Nero
|
|upkeep
|turn|34
|
|t:|1664524003
|switch|p1a: Vergil|Zacian-Crowned, shiny|42/100
|-damage|p1a: Vergil|30/100|[from] Spikes
|-ability|p1a: Vergil|Intrepid Sword|boost
|-boost|p1a: Vergil|atk|1
|-start|p2a: Mewtwo|Dynamax|
|-heal|p2a: Mewtwo|29/100|[silent]
|move|p2a: Mewtwo|Max Airstream|p1a: Vergil
|-resisted|p1a: Vergil
|-damage|p1a: Vergil|0 fnt
|-boost|p2a: Mewtwo|spe|1
|faint|p1a: Vergil
|
|upkeep
|
|t:|1664524005
|switch|p1a: V|Yveltal, shiny|100/100
|-ability|p1a: V|Dark Aura
|turn|35
|
|t:|1664524008
|move|p1a: V|Sucker Punch|p2a: Mewtwo
|-supereffective|p2a: Mewtwo
|-damage|p2a: Mewtwo|0 fnt
|faint|p2a: Mewtwo
|
|upkeep
|
|t:|1664524017
|switch|p2a: Tyranitar|Tyranitar-Mega, M|100/100 par
|-weather|Sandstorm|[from] ability: Sand Stream|[of] p2a: Tyranitar
|turn|36
|
|t:|1664524021
|switch|p1a: Morrison|Zygarde-Complete|64/100 brn
|-damage|p1a: Morrison|52/100 brn|[from] Spikes
|move|p2a: Tyranitar|Stealth Rock|p1a: Morrison
|-sidestart|p1: Lazy#4341 on cord|move: Stealth Rock
|
|-weather|Sandstorm|[upkeep]
|-damage|p1a: Morrison|46/100 brn|[from] brn
|upkeep
|turn|37
|
|t:|1664524027
|switch|p2a: Ferrothorn|Ferrothorn, M|57/100 par
|move|p1a: Morrison|Glare|p2a: Ferrothorn
|-fail|p2a: Ferrothorn|par
|
|-weather|Sandstorm|[upkeep]
|-damage|p1a: Morrison|40/100 brn|[from] brn
|upkeep
|turn|38
|
|t:|1664524033
|move|p1a: Morrison|Rest|p1a: Morrison
|-status|p1a: Morrison|slp|[from] move: Rest
|-heal|p1a: Morrison|100/100 slp|[silent]
|move|p2a: Ferrothorn|Leech Seed|p1a: Morrison
|-start|p1a: Morrison|move: Leech Seed
|
|-weather|Sandstorm|[upkeep]
|-damage|p1a: Morrison|88/100 slp|[from] Leech Seed|[of] p2a: Ferrothorn
|-heal|p2a: Ferrothorn|79/100 par|[silent]
|upkeep
|turn|39
|
|t:|1664524042
|switch|p1a: V|Yveltal, shiny|100/100
|-ability|p1a: V|Dark Aura
|move|p2a: Ferrothorn|Spikes|p1a: V
|-sidestart|p1: Lazy#4341 on cord|Spikes
|
|-weather|Sandstorm|[upkeep]
|-damage|p1a: V|94/100|[from] Sandstorm
|upkeep
|turn|40
|
|t:|1664524049
|switch|p1a: Nero|Necrozma-Dusk-Mane, shiny|22/100
|-damage|p1a: Nero|6/100|[from] Spikes
|-damage|p1a: Nero|0 fnt|[from] Stealth Rock
|faint|p1a: Nero
|move|p2a: Ferrothorn|Knock Off|p1: Nero|[notarget]
|-fail|p2a: Ferrothorn
|
|-weather|none
|upkeep
|
|t:|1664524053
|switch|p1a: Dante|Zacian|88/100
|-damage|p1a: Dante|72/100|[from] Spikes
|-damage|p1a: Dante|59/100|[from] Stealth Rock
|-ability|p1a: Dante|Intrepid Sword|boost
|-boost|p1a: Dante|atk|1
|turn|41
|
|t:|1664524057
|switch|p2a: Arceus|Arceus-Ground|100/100
|move|p1a: Dante|Swords Dance|p1a: Dante
|-boost|p1a: Dante|atk|2
|
|upkeep
|turn|42
|
|t:|1664524063
|-zpower|p1a: Dante
|move|p1a: Dante|Black Hole Eclipse|p2a: Arceus|[zeffect]
|-damage|p2a: Arceus|37/100
|move|p2a: Arceus|Judgment|p1a: Dante
|-damage|p1a: Dante|13/100
|
|upkeep
|turn|43
|c|☆harsh634|!dt black hole eclipse
|raw|<ul class="utilichart"><li class="result"><span class="col movenamecol"><a href="https://dex.pokemonshowdown.com/moves/blackholeeclipse">Black Hole Eclipse</a></span> <span class="col typecol"><img src="//play.pokemonshowdown.com/sprites/types/Dark.png" alt="Dark" width="32" height="14"><img src="//play.pokemonshowdown.com/sprites/categories/Physical.png" alt="Physical" width="32" height="14"></span> <span class="col labelcol"><em>Power</em><br>1</span> <span class="col widelabelcol"><em>Accuracy</em><br>—</span> <span class="col pplabelcol"><em>PP</em><br>1</span> <span class="col movedesccol">Power is equal to the base move's Z-Power.</span> </li><li style="clear:both"></li></ul>
|raw|<font size="1"><font color="#686868">Priority:</font> 0&nbsp;|&ThickSpace;<font color="#686868">Gen:</font> 7&nbsp;|&ThickSpace;&#10007; Past Gens Only&nbsp;|&ThickSpace;&#10003; Bypasses Protect&nbsp;|&ThickSpace;&#10003; Z-Move&nbsp;|&ThickSpace;<font color="#686868">Z-Crystal:</font> Darkinium Z&nbsp;|&ThickSpace;<font color="#686868">Dynamax Power:</font> 1&nbsp;|&ThickSpace;<font color="#686868">Target:</font> One Adjacent Pokémon</font>

|
|t:|1664524088
|switch|p2a: Tyranitar|Tyranitar-Mega, M|100/100 par
|-weather|Sandstorm|[from] ability: Sand Stream|[of] p2a: Tyranitar
|move|p1a: Dante|Close Combat|p2a: Tyranitar
|-supereffective|p2a: Tyranitar
|-damage|p2a: Tyranitar|0 fnt
|-unboost|p1a: Dante|def|1
|-unboost|p1a: Dante|spd|1
|faint|p2a: Tyranitar
|
|-weather|Sandstorm|[upkeep]
|-damage|p1a: Dante|7/100|[from] Sandstorm
|upkeep
|inactive|harsh634 has 120 seconds left.
|
|t:|1664524105
|switch|p2a: Arceus|Arceus-Ground|37/100
|turn|44
|
|t:|1664524110
|move|p1a: Dante|Close Combat|p2a: Arceus
|-damage|p2a: Arceus|0 fnt
|-unboost|p1a: Dante|def|1
|-unboost|p1a: Dante|spd|1
|faint|p2a: Arceus
|
|-weather|Sandstorm|[upkeep]
|-damage|p1a: Dante|0 fnt|[from] Sandstorm
|faint|p1a: Dante
|upkeep
|
|t:|1664524117
|switch|p1a: V|Yveltal, shiny|94/100
|switch|p2a: Ferrothorn|Ferrothorn, M|79/100 par
|-ability|p1a: V|Dark Aura
|turn|45
|
|t:|1664524120
|-start|p1a: V|Dynamax|
|-heal|p1a: V|94/100|[silent]
|move|p1a: V|Max Darkness|p2a: Ferrothorn
|-damage|p2a: Ferrothorn|23/100 par
|-unboost|p2a: Ferrothorn|spd|1
|move|p2a: Ferrothorn|Leech Seed|p1a: V
|-start|p1a: V|move: Leech Seed
|
|-weather|Sandstorm|[upkeep]
|-damage|p1a: V|91/100|[from] Sandstorm
|-damage|p1a: V|85/100|[from] Leech Seed|[of] p2a: Ferrothorn
|-heal|p2a: Ferrothorn|39/100 par|[silent]
|upkeep
|turn|46
|
|t:|1664524130
|move|p2a: Ferrothorn|Protect|p2a: Ferrothorn
|-singleturn|p2a: Ferrothorn|Protect
|move|p1a: V|Max Darkness|p2a: Ferrothorn
|-zbroken|p2a: Ferrothorn
|-damage|p2a: Ferrothorn|24/100 par
|-unboost|p2a: Ferrothorn|spd|1
|
|-weather|Sandstorm|[upkeep]
|-damage|p1a: V|82/100|[from] Sandstorm
|-damage|p1a: V|76/100|[from] Leech Seed|[of] p2a: Ferrothorn
|-heal|p2a: Ferrothorn|39/100 par|[silent]
|upkeep
|turn|47
|c|☆Lazy#4341 on cord|gg
|c|☆harsh634|gg
|c|☆harsh634|well played
|c|☆Lazy#4341 on cord|quick question tho
|c|☆harsh634|yes
|c|☆Lazy#4341 on cord|im guessing ur zac answer is just ditto?
|c|☆harsh634|hmm
|inactive|Lazy#4341 on cord has 120 seconds left.
|c|☆harsh634|yes
|c|☆Lazy#4341 on cord|makes sense
|c|☆Lazy#4341 on cord|nice stall variation
|c|☆harsh634|if opposing zacian doesnt have wild charge
|c|☆harsh634|thanks
|c|☆Lazy#4341 on cord|the mewtwo is a W
|c|☆Lazy#4341 on cord|i had the same set also
|inactive|Lazy#4341 on cord has 90 seconds left.
|c|☆harsh634|w?
|c|☆Lazy#4341 on cord|same life orb with nasty plot + hurricane
|c|☆Lazy#4341 on cord|a W means its good
|inactive|Lazy#4341 on cord has 60 seconds left.
|c|☆harsh634|hmm
|c|☆harsh634|yes
|c|☆Lazy#4341 on cord|i just havent built a team around it yet
|c|☆Lazy#4341 on cord|so far
|c|☆Lazy#4341 on cord|this double dog team
|c|☆Lazy#4341 on cord|is really working out
|c|☆harsh634|hmm
|c|☆harsh634|yes
|c|☆Lazy#4341 on cord|especially when the necrodm dies to black hole
|c|☆Lazy#4341 on cord|fun times
|
|t:|1664524247
|move|p2a: Ferrothorn|Protect|p2a: Ferrothorn
|-singleturn|p2a: Ferrothorn|Protect
|move|p1a: V|Max Darkness|p2a: Ferrothorn
|-zbroken|p2a: Ferrothorn
|-damage|p2a: Ferrothorn|24/100 par
|-unboost|p2a: Ferrothorn|spd|1
|
|-weather|none
|-damage|p1a: V|70/100|[from] Leech Seed|[of] p2a: Ferrothorn
|-heal|p2a: Ferrothorn|40/100 par|[silent]
|upkeep
|-end|p1a: V|Dynamax
|-heal|p1a: V|70/100|[silent]
|turn|48
|c|☆harsh634|yes
|
|t:|1664524260
|cant|p2a: Ferrothorn|par
|move|p1a: V|Foul Play|p2a: Ferrothorn
|-damage|p2a: Ferrothorn|5/100 par
|-damage|p1a: V|57/100|[from] ability: Iron Barbs|[of] p2a: Ferrothorn
|
|-damage|p1a: V|45/100|[from] Leech Seed|[of] p2a: Ferrothorn
|-heal|p2a: Ferrothorn|21/100 par|[silent]
|upkeep
|turn|49
|c|☆harsh634|OMG
|c|☆harsh634|LOL
|
|t:|1664524269
|switch|p1a: Morrison|Zygarde-Complete|88/100 slp
|-damage|p1a: Morrison|72/100 slp|[from] Spikes
|-damage|p1a: Morrison|66/100 slp|[from] Stealth Rock
|move|p2a: Ferrothorn|Protect||[still]
|-fail|p2a: Ferrothorn
|
|upkeep
|turn|50
|
|t:|1664524272
|switch|p1a: V|Yveltal, shiny|45/100
|-ability|p1a: V|Dark Aura
|cant|p2a: Ferrothorn|par
|
|upkeep
|turn|51
|
|t:|1664524277
|move|p2a: Ferrothorn|Protect|p2a: Ferrothorn
|-singleturn|p2a: Ferrothorn|Protect
|move|p1a: V|Foul Play|p2a: Ferrothorn
|-activate|p2a: Ferrothorn|move: Protect
|
|upkeep
|turn|52
|c|☆Lazy#4341 on cord|ok now we done
|
|t:|1664524281
|move|p2a: Ferrothorn|Protect|p2a: Ferrothorn
|-singleturn|p2a: Ferrothorn|Protect
|move|p1a: V|Foul Play|p2a: Ferrothorn
|-activate|p2a: Ferrothorn|move: Protect
|
|upkeep
|turn|53
|c|☆harsh634|lol
|c|☆Lazy#4341 on cord|holy
|c|☆Lazy#4341 on cord|ig ur the main character today
|
|t:|1664524292
|move|p2a: Ferrothorn|Protect||[still]
|-fail|p2a: Ferrothorn
|move|p1a: V|Foul Play|p2a: Ferrothorn
|-damage|p2a: Ferrothorn|0 fnt
|-damage|p1a: V|33/100|[from] ability: Iron Barbs|[of] p2a: Ferrothorn
|faint|p2a: Ferrothorn
|
|win|Lazy#4341 on cord
|raw|Lazy#4341 on cord's rating: 1832 &rarr; <strong>1852</strong><br />(+20 for winning)
|raw|harsh634's rating: 1825 &rarr; <strong>1805</strong><br />(-20 for losing)
|c|☆Lazy#4341 on cord|ggs
|c|☆harsh634|gg
|c|☆harsh634|bye
|c|☆harsh634|ur good
