|j|☆Better Alone
|j|☆Coronet077
|t:|1661005781
|gametype|singles
|player|p1|Better Alone|hiker-gen4|1622
|player|p2|Coronet077|fisherman-gen4|1671
|teamsize|p1|6
|teamsize|p2|6
|gen|8
|tier|[Gen 8] National Dex AG
|rated|
|rule|HP Percentage Mod: HP is shown in percentages
|rule|Endless Battle Clause: Forcing endless battles is banned
|clearpoke
|poke|p1|Ho-Oh|
|poke|p1|Arceus-*|
|poke|p1|Ditto|
|poke|p1|Calyrex-Shadow|
|poke|p1|Groudon|
|poke|p1|Zacian-*|
|poke|p2|Smeargle, F|
|poke|p2|Yveltal|
|poke|p2|Necrozma-Dusk-Mane|
|poke|p2|Groudon|
|poke|p2|Arceus-*|
|poke|p2|Rayquaza|
|teampreview
|
|t:|1661005791
|start
|switch|p1a: Arceus|Arceus-Ground|100/100
|switch|p2a: Smeargle|Smeargle, F|100/100
|turn|1
|inactive|Battle timer is ON: inactive players will automatically lose when time's up. (requested by Better Alone)
|
|t:|1661005799
|switch|p2a: Yveltal|Yveltal|100/100
|-ability|p2a: Yveltal|Dark Aura
|move|p1a: Arceus|Magic Coat|p1a: Arceus
|-singleturn|p1a: Arceus|move: Magic Coat
|
|upkeep
|turn|2
|
|t:|1661005815
|move|p2a: Yveltal|Oblivion Wing|p1a: Arceus
|-damage|p1a: Arceus|62/100
|-damage|p2a: Yveltal|91/100|[from] item: Life Orb
|move|p1a: Arceus|Toxic|p2a: Yveltal
|-status|p2a: Yveltal|tox
|
|-damage|p2a: Yveltal|84/100 tox|[from] psn
|upkeep
|turn|3
|
|t:|1661005826
|move|p2a: Yveltal|Dark Pulse|p1a: Arceus
|-damage|p1a: Arceus|10/100
|-damage|p2a: Yveltal|75/100 tox|[from] item: Life Orb
|move|p1a: Arceus|Recover|p1a: Arceus
|-heal|p1a: Arceus|60/100
|
|-damage|p2a: Yveltal|62/100 tox|[from] psn
|upkeep
|turn|4
|
|t:|1661005835
|move|p2a: Yveltal|Taunt|p1a: Arceus
|-start|p1a: Arceus|move: Taunt
|cant|p1a: Arceus|move: Taunt|Recover
|
|-damage|p2a: Yveltal|44/100 tox|[from] psn
|upkeep
|turn|5
|
|t:|1661005842
|switch|p2a: Smeargle|Smeargle, F|100/100
|switch|p1a: Zacian|Zacian-Crowned, shiny|100/100
|-ability|p1a: Zacian|Intrepid Sword|boost
|-boost|p1a: Zacian|atk|1
|
|upkeep
|turn|6
|
|t:|1661005848
|move|p1a: Zacian|Behemoth Blade|p2a: Smeargle
|-enditem|p2a: Smeargle|Focus Sash
|-damage|p2a: Smeargle|1/100
|move|p2a: Smeargle|Spore|p1a: Zacian
|-status|p1a: Zacian|slp|[from] move: Spore
|
|upkeep
|turn|7
|
|t:|1661005851
|cant|p1a: Zacian|slp
|move|p2a: Smeargle|Sticky Web|p1a: Zacian
|-sidestart|p1: Better Alone|move: Sticky Web
|
|upkeep
|turn|8
|
|t:|1661005856
|switch|p2a: Groudon|Groudon|100/100
|detailschange|p2a: Groudon|Groudon-Primal
|-primal|p2a: Groudon
|-weather|DesolateLand|[from] ability: Desolate Land|[of] p2a: Groudon
|cant|p1a: Zacian|slp
|
|-weather|DesolateLand|[upkeep]
|upkeep
|turn|9
|
|t:|1661005865
|switch|p1a: Ho-Oh|Ho-Oh|100/100
|move|p2a: Groudon|Precipice Blades|p1a: Ho-Oh
|-immune|p1a: Ho-Oh
|
|-weather|DesolateLand|[upkeep]
|upkeep
|turn|10
|
|t:|1661005873
|switch|p1a: Arceus|Arceus-Ground|60/100
|-activate|p1a: Arceus|move: Sticky Web
|-unboost|p1a: Arceus|spe|1
|move|p2a: Groudon|Stone Edge|p1a: Arceus
|-resisted|p1a: Arceus
|-damage|p1a: Arceus|50/100
|
|-weather|DesolateLand|[upkeep]
|upkeep
|turn|11
|
|t:|1661005879
|move|p2a: Groudon|Fire Blast|p1a: Arceus
|-damage|p1a: Arceus|0 fnt
|faint|p1a: Arceus
|
|-weather|DesolateLand|[upkeep]
|upkeep
|
|t:|1661005885
|switch|p1a: Groudon|Groudon, shiny|100/100
|-activate|p1a: Groudon|move: Sticky Web
|-unboost|p1a: Groudon|spe|1
|detailschange|p1a: Groudon|Groudon-Primal, shiny
|-primal|p1a: Groudon
|turn|12
|
|t:|1661005891
|move|p2a: Groudon|Precipice Blades|p1a: Groudon
|-supereffective|p1a: Groudon
|-damage|p1a: Groudon|27/100
|move|p1a: Groudon|Precipice Blades|p2a: Groudon|[miss]
|-miss|p1a: Groudon|p2a: Groudon
|
|-weather|DesolateLand|[upkeep]
|upkeep
|turn|13
|
|t:|1661005898
|move|p2a: Groudon|Precipice Blades|p1a: Groudon
|-supereffective|p1a: Groudon
|-damage|p1a: Groudon|0 fnt
|faint|p1a: Groudon
|
|-weather|DesolateLand|[upkeep]
|upkeep
|
|t:|1661005900
|switch|p1a: Calyrex|Calyrex-Shadow|100/100
|-ability|p1a: Calyrex|As One
|-ability|p1a: Calyrex|Unnerve
|-activate|p1a: Calyrex|move: Sticky Web
|-unboost|p1a: Calyrex|spe|1
|turn|14
|
|t:|1661005906
|-weather|none
|switch|p2a: Smeargle|Smeargle, F|1/100
|move|p1a: Calyrex|Astral Barrage|p2a: Smeargle
|-immune|p2a: Smeargle
|
|upkeep
|turn|15
|
|t:|1661005911
|switch|p1a: Ho-Oh|Ho-Oh|100/100
|move|p2a: Smeargle|Spore|p1a: Ho-Oh
|-status|p1a: Ho-Oh|slp|[from] move: Spore
|
|upkeep
|turn|16
|
|t:|1661005915
|switch|p2a: Necrozma|Necrozma-Dusk-Mane|100/100
|cant|p1a: Ho-Oh|slp
|
|upkeep
|turn|17
|
|t:|1661005918
|cant|p1a: Ho-Oh|slp
|move|p2a: Necrozma|Dragon Dance|p2a: Necrozma
|-boost|p2a: Necrozma|atk|1
|-boost|p2a: Necrozma|spe|1
|
|upkeep
|turn|18
|
|t:|1661005933
|move|p2a: Necrozma|Stone Edge|p1a: Ho-Oh
|-supereffective|p1a: Ho-Oh
|-damage|p1a: Ho-Oh|0 fnt
|faint|p1a: Ho-Oh
|
|upkeep
|
|t:|1661005937
|switch|p1a: Calyrex|Calyrex-Shadow|100/100
|-ability|p1a: Calyrex|As One
|-ability|p1a: Calyrex|Unnerve
|-activate|p1a: Calyrex|move: Sticky Web
|-unboost|p1a: Calyrex|spe|1
|turn|19
|
|t:|1661005952
|-start|p2a: Necrozma|Dynamax|
|-heal|p2a: Necrozma|100/100|[silent]
|move|p1a: Calyrex|Astral Barrage|p2a: Necrozma
|-supereffective|p2a: Necrozma
|-damage|p2a: Necrozma|57/100
|-enditem|p2a: Necrozma|Weakness Policy
|-boost|p2a: Necrozma|atk|2|[from] item: Weakness Policy
|-boost|p2a: Necrozma|spa|2|[from] item: Weakness Policy
|move|p2a: Necrozma|Max Quake|p1a: Calyrex
|-crit|p1a: Calyrex
|-damage|p1a: Calyrex|0 fnt
|-boost|p2a: Necrozma|spd|1
|faint|p1a: Calyrex
|
|upkeep
|
|t:|1661005960
|switch|p1a: Zacian|Zacian-Crowned, shiny|100/100 slp
|-activate|p1a: Zacian|move: Sticky Web
|-unboost|p1a: Zacian|spe|1
|-ability|p1a: Zacian|Intrepid Sword|boost
|-boost|p1a: Zacian|atk|1
|turn|20
|
|t:|1661005968
|move|p2a: Necrozma|Max Steelspike|p1a: Zacian
|-damage|p1a: Zacian|0 fnt
|-boost|p2a: Necrozma|def|1
|faint|p1a: Zacian
|
|upkeep
|
|t:|1661005996
|switch|p1a: Ditto|Ditto|100/100
|-activate|p1a: Ditto|move: Sticky Web
|-unboost|p1a: Ditto|spe|1
|-transform|p1a: Ditto|p2a: Necrozma|[from] ability: Imposter
|turn|21
|
|t:|1661006003
|-start|p1a: Ditto|Dynamax|
|-heal|p1a: Ditto|100/100|[silent]
|move|p2a: Necrozma|Max Quake|p1a: Ditto
|-supereffective|p1a: Ditto
|-damage|p1a: Ditto|28/100
|-boost|p2a: Necrozma|spd|1
|move|p1a: Ditto|Max Quake|p2a: Necrozma
|-supereffective|p2a: Necrozma
|-damage|p2a: Necrozma|8/100
|-boost|p1a: Ditto|spd|1
|
|upkeep
|-end|p2a: Necrozma|Dynamax
|-heal|p2a: Necrozma|8/100|[silent]
|turn|22
|
|t:|1661006007
|move|p1a: Ditto|Max Steelspike|p2a: Necrozma
|-resisted|p2a: Necrozma
|-damage|p2a: Necrozma|0 fnt
|-boost|p1a: Ditto|def|1
|faint|p2a: Necrozma
|
|upkeep
|
|t:|1661006020
|switch|p2a: Yveltal|Yveltal|44/100 tox
|-ability|p2a: Yveltal|Dark Aura
|turn|23
|
|t:|1661006023
|move|p1a: Ditto|Max Rockfall|p2a: Yveltal
|-supereffective|p2a: Yveltal
|-damage|p2a: Yveltal|0 fnt
|-weather|Sandstorm
|faint|p2a: Yveltal
|
|-weather|Sandstorm|[upkeep]
|upkeep
|
|t:|1661006028
|switch|p2a: Smeargle|Smeargle, F|1/100
|-end|p1a: Ditto|Dynamax
|-heal|p1a: Ditto|28/100|[silent]
|turn|24
|
|t:|1661006036
|move|p1a: Ditto|Sunsteel Strike|p2a: Smeargle
|-crit|p2a: Smeargle
|-damage|p2a: Smeargle|0 fnt
|faint|p2a: Smeargle
|
|-weather|Sandstorm|[upkeep]
|upkeep
|
|t:|1661006039
|switch|p2a: Groudon|Groudon-Primal|100/100
|-weather|DesolateLand|[from] ability: Desolate Land|[of] p2a: Groudon
|turn|25
|
|t:|1661006042
|move|p1a: Ditto|Sunsteel Strike|p2a: Groudon
|-resisted|p2a: Groudon
|-damage|p2a: Groudon|40/100
|move|p2a: Groudon|Fire Blast|p1a: Ditto
|-supereffective|p1a: Ditto
|-damage|p1a: Ditto|0 fnt
|faint|p1a: Ditto
|
|win|Coronet077
|raw|Better Alone's rating: 1622 &rarr; <strong>1605</strong><br />(-17 for losing)
|raw|Coronet077's rating: 1671 &rarr; <strong>1688</strong><br />(+17 for winning)
|l|☆Better Alone
||Ladder isn't responding, score probably updated but might not have (Request timeout).
