|j|☆Glaliegoesboom ❤
|j|☆Juytre
|t:|1659599246
|gametype|singles
|player|p1|Glaliegoesboom ❤|265|
|player|p2|Juytre|youngn|
|teamsize|p1|6
|teamsize|p2|6
|gen|8
|tier|[Gen 8] National Dex AG
|rule|HP Percentage Mod: HP is shown in percentages
|rule|Endless Battle Clause: Forcing endless battles is banned
|clearpoke
|poke|p1|Hatterene, F|
|poke|p1|Calyrex-Ice|
|poke|p1|Dracovish|
|poke|p1|Alakazam, F|
|poke|p1|Melmetal|
|poke|p1|Camerupt, M|
|poke|p2|Excadrill, M|
|poke|p2|Mamoswine, M|
|poke|p2|Landorus, M|
|poke|p2|Corviknight, F|
|poke|p2|Volcarona, M|
|poke|p2|Donphan, F|
|teampreview
|inactive|Battle timer is ON: inactive players will automatically lose when time's up. (requested by Glaliegoesboom ❤)
|
|t:|1659599265
|start
|switch|p1a: Alakazam|Alakazam, F|100/100
|switch|p2a: Donphan|Donphan, F|100/100
|turn|1
|
|t:|1659599276
|move|p2a: Donphan|Earthquake|p1a: Alakazam
|-enditem|p1a: Alakazam|Focus Sash
|-damage|p1a: Alakazam|1/100
|move|p1a: Alakazam|Trick Room|p1a: Alakazam
|-fieldstart|move: Trick Room|[of] p1a: Alakazam
|
|upkeep
|turn|2
|
|t:|1659599281
|move|p2a: Donphan|Ice Shard|p1a: Alakazam
|-damage|p1a: Alakazam|0 fnt
|faint|p1a: Alakazam
|
|upkeep
|
|t:|1659599292
|switch|p1a: Dracovish|Dracovish|100/100
|turn|3
|
|t:|1659599296
|move|p1a: Dracovish|Fishious Rend|p2a: Donphan
|-supereffective|p2a: Donphan
|-ability|p2a: Donphan|Sturdy
|-damage|p2a: Donphan|1/100
|move|p2a: Donphan|Counter|p1a: Dracovish
|-damage|p1a: Dracovish|0 fnt
|faint|p1a: Dracovish
|
|upkeep
|
|t:|1659599302
|switch|p1a: Calyrex|Calyrex-Ice|100/100
|-ability|p1a: Calyrex|As One
|-ability|p1a: Calyrex|Unnerve
|turn|4
|
|t:|1659599305
|move|p1a: Calyrex|Glacial Lance|p2a: Donphan
|-supereffective|p2a: Donphan
|-damage|p2a: Donphan|0 fnt
|faint|p2a: Donphan
|-ability|p1a: Calyrex|Chilling Neigh|boost
|-boost|p1a: Calyrex|atk|1
|-damage|p1a: Calyrex|91/100|[from] item: Life Orb
|
|upkeep
|c|☆Juytre|unnerve, frick
|
|t:|1659599326
|switch|p2a: Corviknight|Corviknight, F|100/100
|-ability|p2a: Corviknight|Pressure
|turn|5
|
|t:|1659599341
|-start|p2a: Corviknight|Dynamax|
|-heal|p2a: Corviknight|100/100|[silent]
|move|p1a: Calyrex|Glacial Lance|p2a: Corviknight
|-damage|p2a: Corviknight|28/100
|-damage|p1a: Calyrex|81/100|[from] item: Life Orb
|move|p2a: Corviknight|Max Knuckle|p1a: Calyrex
|-damage|p1a: Calyrex|70/100
|-boost|p2a: Corviknight|atk|1
|
|-fieldend|move: Trick Room
|upkeep
|turn|6
|
|t:|1659599359
|switch|p1a: Melmetal|Melmetal|100/100
|move|p2a: Corviknight|Max Airstream|p1a: Melmetal
|-resisted|p1a: Melmetal
|-damage|p1a: Melmetal|82/100
|-boost|p2a: Corviknight|spe|1
|
|upkeep
|turn|7
|
|t:|1659599362
|move|p2a: Corviknight|Max Knuckle|p1a: Melmetal
|-supereffective|p1a: Melmetal
|-damage|p1a: Melmetal|53/100
|-boost|p2a: Corviknight|atk|1
|move|p1a: Melmetal|Thunder Punch|p2a: Corviknight
|-supereffective|p2a: Corviknight
|-damage|p2a: Corviknight|0 fnt
|-damage|p1a: Melmetal|37/100|[from] item: Rocky Helmet|[of] p2a: Corviknight
|faint|p2a: Corviknight
|-damage|p1a: Melmetal|27/100|[from] item: Life Orb
|
|upkeep
|
|t:|1659599380
|switch|p2a: Excadrill|Excadrill, M|100/100
|-ability|p2a: Excadrill|Mold Breaker
|turn|8
|
|t:|1659599383
|move|p2a: Excadrill|Earthquake|p1a: Melmetal
|-supereffective|p1a: Melmetal
|-damage|p1a: Melmetal|0 fnt
|faint|p1a: Melmetal
|
|upkeep
|
|t:|1659599387
|switch|p1a: Hatterene|Hatterene, F|100/100
|turn|9
|
|t:|1659599389
|move|p2a: Excadrill|Iron Head|p1a: Hatterene
|-supereffective|p1a: Hatterene
|-damage|p1a: Hatterene|9/100
|move|p1a: Hatterene|Trick Room|p1a: Hatterene
|-fieldstart|move: Trick Room|[of] p1a: Hatterene
|
|upkeep
|turn|10
|
|t:|1659599397
|move|p1a: Hatterene|Misty Explosion|p2a: Excadrill
|-resisted|p2a: Excadrill
|-damage|p2a: Excadrill|59/100
|faint|p1a: Hatterene
|move|p2a: Excadrill|Iron Head|p1: Hatterene|[notarget]
|-fail|p2a: Excadrill
|
|upkeep
|
|t:|1659599411
|switch|p1a: Camerupt|Camerupt, M|100/100
|turn|11
|
|t:|1659599415
|detailschange|p1a: Camerupt|Camerupt-Mega, M
|-mega|p1a: Camerupt|Camerupt|Cameruptite
|move|p1a: Camerupt|Eruption|p2a: Excadrill
|-supereffective|p2a: Excadrill
|-damage|p2a: Excadrill|0 fnt
|faint|p2a: Excadrill
|
|upkeep
|
|t:|1659599422
|switch|p2a: Volcarona|Volcarona, M|100/100
|turn|12
|
|t:|1659599438
|move|p1a: Camerupt|Eruption|p2a: Volcarona
|-damage|p2a: Volcarona|4/100
|move|p2a: Volcarona|Quiver Dance|p2a: Volcarona
|-boost|p2a: Volcarona|spa|1
|-boost|p2a: Volcarona|spd|1
|-boost|p2a: Volcarona|spe|1
|
|-heal|p2a: Volcarona|10/100|[from] item: Leftovers
|upkeep
|turn|13
|c|☆Juytre|damn
|
|t:|1659599448
|move|p1a: Camerupt|Ancient Power|p2a: Volcarona
|-supereffective|p2a: Volcarona
|-damage|p2a: Volcarona|0 fnt
|faint|p2a: Volcarona
|
|-fieldend|move: Trick Room
|upkeep
|
|t:|1659599457
|switch|p2a: Landorus|Landorus, M|100/100
|turn|14
|
|t:|1659599463
|move|p2a: Landorus|Earth Power|p1a: Camerupt
|-supereffective|p1a: Camerupt
|-crit|p1a: Camerupt
|-damage|p1a: Camerupt|0 fnt
|faint|p1a: Camerupt
|
|upkeep
|
|t:|1659599464
|switch|p1a: Calyrex|Calyrex-Ice|70/100
|-ability|p1a: Calyrex|As One
|-ability|p1a: Calyrex|Unnerve
|turn|15
|
|t:|1659599468
|move|p2a: Landorus|Earth Power|p1a: Calyrex
|-damage|p1a: Calyrex|17/100
|move|p1a: Calyrex|Trick Room|p1a: Calyrex
|-fieldstart|move: Trick Room|[of] p1a: Calyrex
|
|upkeep
|turn|16
|
|t:|1659599472
|-start|p1a: Calyrex|Dynamax|
|-heal|p1a: Calyrex|17/100|[silent]
|move|p1a: Calyrex|Max Hailstorm|p2a: Landorus
|-supereffective|p2a: Landorus
|-damage|p2a: Landorus|0 fnt
|-weather|Hail
|faint|p2a: Landorus
|-ability|p1a: Calyrex|Chilling Neigh|boost
|-boost|p1a: Calyrex|atk|1
|-damage|p1a: Calyrex|12/100|[from] item: Life Orb
|
|-weather|Hail|[upkeep]
|upkeep
|
|t:|1659599475
|switch|p2a: Mamoswine|Mamoswine, M|100/100
|turn|17
|inactive|Juytre has 270 seconds left.
|inactive|Juytre has 240 seconds left.
|
|t:|1659599565
|move|p1a: Calyrex|Max Hailstorm|p2a: Mamoswine
|-enditem|p2a: Mamoswine|Focus Sash
|-damage|p2a: Mamoswine|1/100
|-damage|p1a: Calyrex|7/100|[from] item: Life Orb
|move|p2a: Mamoswine|Stone Edge|p1a: Calyrex|[miss]
|-miss|p2a: Mamoswine|p1a: Calyrex
|
|-weather|Hail|[upkeep]
|upkeep
|turn|18
|c|☆Juytre|DAMN IT
|
|t:|1659599575
|move|p2a: Mamoswine|Ice Shard|p1a: Calyrex
|-resisted|p1a: Calyrex
|-damage|p1a: Calyrex|4/100
|move|p1a: Calyrex|Max Quake|p2a: Mamoswine
|-damage|p2a: Mamoswine|0 fnt
|-boost|p1a: Calyrex|spd|1
|faint|p2a: Mamoswine
|-damage|p1a: Calyrex|0 fnt|[from] item: Life Orb
|faint|p1a: Calyrex
|
|win|Glaliegoesboom ❤
|l|☆Juytre
