|j|☆moyv123
|j|☆AndyFerns
|t:|1665217547
|gametype|singles
|player|p1|moyv123|170|1731
|player|p2|AndyFerns|steven-masters|1647
|teamsize|p1|6
|teamsize|p2|6
|gen|8
|tier|[Gen 8] National Dex AG
|rated|
|rule|HP Percentage Mod: HP is shown in percentages
|rule|Endless Battle Clause: Forcing endless battles is banned
|clearpoke
|poke|p1|Arceus-*|
|poke|p1|Arceus-*|
|poke|p1|Rayquaza|
|poke|p1|Lugia|
|poke|p1|Zacian-*|
|poke|p1|Necrozma-Dusk-Mane|
|poke|p2|Arceus-*|
|poke|p2|Zacian-*|
|poke|p2|Groudon|
|poke|p2|Ho-Oh|
|poke|p2|Zygarde|
|poke|p2|Arceus-*|
|teampreview
|inactive|Battle timer is ON: inactive players will automatically lose when time's up. (requested by AndyFerns)
|
|t:|1665217566
|start
|switch|p1a: Arceus|Arceus|100/100
|switch|p2a: Groudon|Groudon|100/100
|detailschange|p2a: Groudon|Groudon-Primal
|-primal|p2a: Groudon
|-weather|DesolateLand|[from] ability: Desolate Land|[of] p2a: Groudon
|turn|1
|
|t:|1665217581
|move|p1a: Arceus|Swords Dance|p1a: Arceus
|-boost|p1a: Arceus|atk|2
|move|p2a: Groudon|Earthquake|p1a: Arceus
|-damage|p1a: Arceus|63/100
|
|-weather|DesolateLand|[upkeep]
|upkeep
|turn|2
|
|t:|1665217587
|move|p1a: Arceus|Earthquake|p2a: Groudon
|-supereffective|p2a: Groudon
|-damage|p2a: Groudon|31/100
|move|p2a: Groudon|Stealth Rock|p1a: Arceus
|-sidestart|p1: moyv123|move: Stealth Rock
|
|-weather|DesolateLand|[upkeep]
|upkeep
|turn|3
|
|t:|1665217602
|move|p1a: Arceus|Defog|p2a: Groudon
|-unboost|p2a: Groudon|evasion|1
|-sideend|p1: moyv123|Stealth Rock|[from] move: Defog|[of] p1a: Arceus
|move|p2a: Groudon|Earthquake|p1a: Arceus
|-damage|p1a: Arceus|24/100
|
|-weather|DesolateLand|[upkeep]
|upkeep
|turn|4
|
|t:|1665217609
|-weather|none
|switch|p2a: Ho-Oh|Ho-Oh|100/100
|move|p1a: Arceus|Extreme Speed|p2a: Ho-Oh
|-damage|p2a: Ho-Oh|40/100
|
|upkeep
|turn|5
|
|t:|1665217618
|switch|p2a: Zacian|Zacian-Crowned|100/100
|-ability|p2a: Zacian|Intrepid Sword|boost
|-boost|p2a: Zacian|atk|1
|move|p1a: Arceus|Extreme Speed|p2a: Zacian
|-resisted|p2a: Zacian
|-damage|p2a: Zacian|58/100
|
|upkeep
|turn|6
|
|t:|1665217645
|switch|p1a: Lugia|Lugia|100/100
|move|p2a: Zacian|Close Combat|p1a: Lugia
|-resisted|p1a: Lugia
|-damage|p1a: Lugia|96/100
|-unboost|p2a: Zacian|def|1
|-unboost|p2a: Zacian|spd|1
|
|upkeep
|turn|7
|inactive|moyv123 has 120 seconds left.
|
|t:|1665217666
|switch|p2a: Ho-Oh|Ho-Oh|73/100
|move|p1a: Lugia|Thunder Wave|p2a: Ho-Oh
|-status|p2a: Ho-Oh|par
|
|upkeep
|turn|8
|inactive|moyv123 has 120 seconds left.
|
|t:|1665217673
|switch|p1a: Arceus|Arceus|24/100
|move|p2a: Ho-Oh|Toxic|p1a: Arceus|[miss]
|-miss|p2a: Ho-Oh|p1a: Arceus
|
|upkeep
|turn|9
|
|t:|1665217681
|move|p1a: Arceus|Extreme Speed|p2a: Ho-Oh
|-damage|p2a: Ho-Oh|46/100 par
|move|p2a: Ho-Oh|Sacred Fire|p1a: Arceus
|-damage|p1a: Arceus|0 fnt
|faint|p1a: Arceus
|
|upkeep
|inactive|moyv123 has 120 seconds left.
|
|t:|1665217707
|switch|p1a: Rayquaza|Rayquaza, shiny|100/100
|-ability|p1a: Rayquaza|Air Lock
|turn|10
|j| AnRandomGuy
|
|t:|1665217712
|detailschange|p1a: Rayquaza|Rayquaza-Mega, shiny
|-mega|p1a: Rayquaza|Rayquaza|
|-weather|DeltaStream|[from] ability: Delta Stream|[of] p1a: Rayquaza
|move|p1a: Rayquaza|Dragon Dance|p1a: Rayquaza
|-boost|p1a: Rayquaza|atk|1
|-boost|p1a: Rayquaza|spe|1
|move|p2a: Ho-Oh|Toxic|p1a: Rayquaza
|-status|p1a: Rayquaza|tox
|
|-weather|DeltaStream|[upkeep]
|-damage|p1a: Rayquaza|94/100 tox|[from] psn
|upkeep
|turn|11
|
|t:|1665217725
|move|p1a: Rayquaza|Dragon Ascent|p2a: Ho-Oh
|-damage|p2a: Ho-Oh|0 fnt
|-unboost|p1a: Rayquaza|def|1
|-unboost|p1a: Rayquaza|spd|1
|faint|p2a: Ho-Oh
|-damage|p1a: Rayquaza|85/100 tox|[from] item: Life Orb
|
|-weather|DeltaStream|[upkeep]
|-damage|p1a: Rayquaza|72/100 tox|[from] psn
|upkeep
|
|t:|1665217738
|switch|p2a: Groudon|Groudon-Primal|31/100
|-weather|DesolateLand|[from] ability: Desolate Land|[of] p2a: Groudon
|turn|12
|inactive|moyv123 has 120 seconds left.
|
|t:|1665217748
|move|p1a: Rayquaza|Dragon Ascent|p2a: Groudon
|-damage|p2a: Groudon|0 fnt
|-unboost|p1a: Rayquaza|def|1
|-unboost|p1a: Rayquaza|spd|1
|faint|p2a: Groudon
|-weather|none
|-damage|p1a: Rayquaza|63/100 tox|[from] item: Life Orb
|
|-damage|p1a: Rayquaza|44/100 tox|[from] psn
|upkeep
|
|t:|1665217751
|switch|p2a: Arceus|Arceus|100/100
|turn|13
|inactive|moyv123 has 120 seconds left.
|
|t:|1665217763
|move|p1a: Rayquaza|Extreme Speed|p2a: Arceus
|-damage|p2a: Arceus|50/100
|-damage|p1a: Rayquaza|35/100 tox|[from] item: Life Orb
|move|p2a: Arceus|Extreme Speed|p1a: Rayquaza
|-damage|p1a: Rayquaza|0 fnt
|faint|p1a: Rayquaza
|-damage|p2a: Arceus|40/100|[from] item: Life Orb
|
|upkeep
|inactive|moyv123 has 120 seconds left.
|
|t:|1665217779
|switch|p1a: Zacian|Zacian-Crowned, shiny|100/100
|-ability|p1a: Zacian|Intrepid Sword|boost
|-boost|p1a: Zacian|atk|1
|turn|14
|
|t:|1665217793
|move|p2a: Arceus|Extreme Speed|p1a: Zacian
|-resisted|p1a: Zacian
|-damage|p1a: Zacian|77/100
|-damage|p2a: Arceus|30/100|[from] item: Life Orb
|move|p1a: Zacian|Substitute|p1a: Zacian
|-start|p1a: Zacian|Substitute
|-damage|p1a: Zacian|52/100
|
|upkeep
|turn|15
|inactive|moyv123 has 120 seconds left.
|
|t:|1665217816
|move|p2a: Arceus|Extreme Speed|p1a: Zacian
|-resisted|p1a: Zacian
|-activate|p1a: Zacian|move: Substitute|[damage]
|-damage|p2a: Arceus|20/100|[from] item: Life Orb
|move|p1a: Zacian|Behemoth Blade|p2a: Arceus
|-damage|p2a: Arceus|0 fnt
|faint|p2a: Arceus
|
|upkeep
|
|t:|1665217819
|switch|p2a: Zacian|Zacian-Crowned|58/100
|-ability|p2a: Zacian|Intrepid Sword|boost
|-boost|p2a: Zacian|atk|1
|turn|16
|
|t:|1665217829
|move|p2a: Zacian|Behemoth Blade|p1a: Zacian
|-end|p1a: Zacian|Substitute
|move|p1a: Zacian|Behemoth Blade|p2a: Zacian
|-damage|p2a: Zacian|0 fnt
|faint|p2a: Zacian
|
|upkeep
|-message|AndyFerns forfeited.
|
|win|moyv123
|raw|moyv123's rating: 1731 &rarr; <strong>1746</strong><br />(+15 for winning)
|raw|AndyFerns's rating: 1647 &rarr; <strong>1632</strong><br />(-15 for losing)
|l|☆AndyFerns
