|j|☆Odins will
|j|☆MRH1106
|t:|1662064897
|gametype|singles
|player|p1|Odins will|adaman|1666
|player|p2|MRH1106|ghetsis|1912
|teamsize|p1|6
|teamsize|p2|6
|gen|8
|tier|[Gen 8] National Dex AG
|rated|
|rule|HP Percentage Mod: HP is shown in percentages
|rule|Endless Battle Clause: Forcing endless battles is banned
|clearpoke
|poke|p1|Eternatus|
|poke|p1|Yveltal|
|poke|p1|Necrozma-Dusk-Mane|
|poke|p1|Arceus-*|
|poke|p1|Ferrothorn, F|
|poke|p1|Zygarde|
|poke|p2|Zacian-*|
|poke|p2|Calyrex-Shadow|
|poke|p2|Rayquaza|
|poke|p2|Ditto|
|poke|p2|Yveltal|
|poke|p2|Arceus-*|
|teampreview
|inactive|Battle timer is ON: inactive players will automatically lose when time's up. (requested by MRH1106)
|inactive|Odins will also wants the timer to be on.
|inactive|MRH1106 has 120 seconds left.
|
|t:|1662064957
|start
|switch|p1a: Eternatus|Eternatus|100/100
|switch|p2a: Legit god|Arceus-Ground|100/100
|-ability|p1a: Eternatus|Pressure
|turn|1
|
|t:|1662064968
|move|p1a: Eternatus|Dynamax Cannon|p2a: Legit god
|-damage|p2a: Legit god|52/100
|-damage|p1a: Eternatus|91/100|[from] item: Life Orb
|move|p2a: Legit god|Judgment|p1a: Eternatus
|-supereffective|p1a: Eternatus
|-damage|p1a: Eternatus|10/100
|
|upkeep
|turn|2
|
|t:|1662064978
|switch|p1a: Yveltal|Yveltal, shiny|100/100
|-ability|p1a: Yveltal|Dark Aura
|move|p2a: Legit god|Recover|p2a: Legit god
|-heal|p2a: Legit god|100/100
|
|upkeep
|turn|3
|c|☆MRH1106|dont think ya wanna lose it that early
|c|☆MRH1106|nice
|
|t:|1662064987
|move|p2a: Legit god|Ice Beam|p1a: Yveltal
|-supereffective|p1a: Yveltal
|-damage|p1a: Yveltal|76/100
|move|p1a: Yveltal|U-turn|p2a: Legit god
|-damage|p2a: Legit god|88/100
|c|☆MRH1106|no dmax?
|
|t:|1662064995
|switch|p1a: Arceus|Arceus-Ground, shiny|100/100|[from]move: U-turn
|
|upkeep
|turn|4
|c|☆MRH1106|:O
|c|☆MRH1106|ANOTHER GROUNDCEUS YOOOOOOOOOOOO
|
|t:|1662065010
|move|p1a: Arceus|Ice Beam|p2a: Legit god
|-supereffective|p2a: Legit god
|-damage|p2a: Legit god|51/100
|move|p2a: Legit god|Ice Beam|p1a: Arceus
|-supereffective|p1a: Arceus
|-damage|p1a: Arceus|62/100
|
|upkeep
|turn|5
|c|☆MRH1106|AND YOU ARE ALSO MAX SPEED
|c|☆MRH1106|YESSSIR
|
|t:|1662065023
|-start|p1a: Arceus|Dynamax|
|-heal|p1a: Arceus|62/100|[silent]
|move|p1a: Arceus|Max Quake|p2a: Legit god
|-damage|p2a: Legit god|0 fnt
|-boost|p1a: Arceus|spd|1
|faint|p2a: Legit god
|
|upkeep
|
|t:|1662065036
|switch|p2a: YeeHaw~|Calyrex-Shadow|100/100
|-ability|p2a: YeeHaw~|As One
|-ability|p2a: YeeHaw~|Unnerve
|turn|6
|
|t:|1662065039
|move|p2a: YeeHaw~|Nasty Plot|p2a: YeeHaw~
|-boost|p2a: YeeHaw~|spa|2
|move|p1a: Arceus|Max Quake|p2a: YeeHaw~
|-damage|p2a: YeeHaw~|28/100
|-boost|p1a: Arceus|spd|1
|
|upkeep
|turn|7
|
|t:|1662065044
|move|p2a: YeeHaw~|Baton Pass|p2a: YeeHaw~
|
|t:|1662065045
|switch|p2a: Hells dragon|Yveltal, shiny|100/100|[from]move: Baton Pass
|-ability|p2a: Hells dragon|Dark Aura
|move|p1a: Arceus|Max Hailstorm|p2a: Hells dragon
|-supereffective|p2a: Hells dragon
|-damage|p2a: Hells dragon|29/100
|-weather|Hail
|
|-weather|Hail|[upkeep]
|-damage|p1a: Arceus|59/100|[from] Hail
|-damage|p2a: Hells dragon|23/100|[from] Hail
|upkeep
|-end|p1a: Arceus|Dynamax
|-heal|p1a: Arceus|59/100|[silent]
|turn|8
|
|t:|1662065051
|move|p2a: Hells dragon|Sucker Punch|p1a: Arceus
|-damage|p1a: Arceus|16/100
|-damage|p2a: Hells dragon|13/100|[from] item: Life Orb
|move|p1a: Arceus|Ice Beam|p2a: Hells dragon
|-supereffective|p2a: Hells dragon
|-damage|p2a: Hells dragon|0 fnt
|faint|p2a: Hells dragon
|
|-weather|Hail|[upkeep]
|-damage|p1a: Arceus|10/100|[from] Hail
|upkeep
|
|t:|1662065055
|switch|p2a: YeeHaw~|Calyrex-Shadow|28/100
|-ability|p2a: YeeHaw~|As One
|-ability|p2a: YeeHaw~|Unnerve
|turn|9
|
|t:|1662065067
|move|p2a: YeeHaw~|Astral Barrage|p1a: Arceus
|-damage|p1a: Arceus|0 fnt
|faint|p1a: Arceus
|-ability|p2a: YeeHaw~|Grim Neigh|boost
|-boost|p2a: YeeHaw~|spa|1
|
|-weather|Hail|[upkeep]
|-damage|p2a: YeeHaw~|22/100|[from] Hail
|upkeep
|
|t:|1662065069
|switch|p1a: Yveltal|Yveltal, shiny|76/100
|-ability|p1a: Yveltal|Dark Aura
|turn|10
|
|t:|1662065071
|move|p2a: YeeHaw~|Draining Kiss|p1a: Yveltal
|-supereffective|p1a: Yveltal
|-damage|p1a: Yveltal|44/100
|-heal|p2a: YeeHaw~|54/100|[from] drain|[of] p1a: Yveltal
|move|p1a: Yveltal|Foul Play|p2a: YeeHaw~
|-supereffective|p2a: YeeHaw~
|-damage|p2a: YeeHaw~|0 fnt
|faint|p2a: YeeHaw~
|
|-weather|Hail|[upkeep]
|-damage|p1a: Yveltal|38/100|[from] Hail
|upkeep
|
|t:|1662065080
|switch|p2a: Rayyyy|Rayquaza|100/100
|-ability|p2a: Rayyyy|Air Lock
|turn|11
|
|t:|1662065083
|detailschange|p2a: Rayyyy|Rayquaza-Mega
|-mega|p2a: Rayyyy|Rayquaza|
|-weather|DeltaStream|[from] ability: Delta Stream|[of] p2a: Rayyyy
|move|p2a: Rayyyy|Dragon Dance|p2a: Rayyyy
|-boost|p2a: Rayyyy|atk|1
|-boost|p2a: Rayyyy|spe|1
|move|p1a: Yveltal|Foul Play|p2a: Rayyyy
|-enditem|p2a: Rayyyy|Focus Sash
|-damage|p2a: Rayyyy|1/100
|
|-weather|DeltaStream|[upkeep]
|upkeep
|turn|12
|
|t:|1662065088
|switch|p1a: Necrozma|Necrozma-Dusk-Mane, shiny|100/100
|move|p2a: Rayyyy|Extreme Speed|p1a: Necrozma
|-resisted|p1a: Necrozma
|-damage|p1a: Necrozma|86/100
|-damage|p2a: Rayyyy|0 fnt|[from] item: Rocky Helmet|[of] p1a: Necrozma
|faint|p2a: Rayyyy
|-weather|none
|
|upkeep
|
|t:|1662065091
|switch|p2a: Knifepuppy|Zacian-Crowned|100/100
|-ability|p2a: Knifepuppy|Intrepid Sword|boost
|-boost|p2a: Knifepuppy|atk|1
|turn|13
|c|☆Odins will|You were saying
|c|☆MRH1106|wow
|
|t:|1662065104
|move|p2a: Knifepuppy|Crunch|p1a: Necrozma
|-supereffective|p1a: Necrozma
|-damage|p1a: Necrozma|45/100
|-damage|p2a: Knifepuppy|84/100|[from] item: Rocky Helmet|[of] p1a: Necrozma
|move|p1a: Necrozma|Earthquake|p2a: Knifepuppy
|-supereffective|p2a: Knifepuppy
|-damage|p2a: Knifepuppy|17/100
|
|upkeep
|turn|14
|c|☆MRH1106|good shit
|
|t:|1662065109
|move|p2a: Knifepuppy|Crunch|p1a: Necrozma
|-supereffective|p1a: Necrozma
|-damage|p1a: Necrozma|4/100
|-damage|p2a: Knifepuppy|0 fnt|[from] item: Rocky Helmet|[of] p1a: Necrozma
|faint|p2a: Knifepuppy
|move|p1a: Necrozma|Moonlight|p1a: Necrozma
|-heal|p1a: Necrozma|54/100
|
|upkeep
|c|☆MRH1106|W plays
|
|t:|1662065113
|switch|p2a: Fuck you <3|Ditto, shiny|100/100
|-transform|p2a: Fuck you <3|p1a: Necrozma|[from] ability: Imposter
|turn|15
|
|t:|1662065127
|-start|p2a: Fuck you <3|Dynamax|
|-heal|p2a: Fuck you <3|100/100|[silent]
|move|p2a: Fuck you <3|Max Quake|p1a: Necrozma
|-supereffective|p1a: Necrozma
|-damage|p1a: Necrozma|20/100
|-boost|p2a: Fuck you <3|spd|1
|move|p1a: Necrozma|Moonlight|p1a: Necrozma
|-heal|p1a: Necrozma|70/100
|
|upkeep
|turn|16
|c|☆MRH1106|ah
|c|☆MRH1106|ight yeah gg
|c|☆MRH1106|LMAO
|-message|MRH1106 forfeited.
|
|win|Odins will
|raw|Odins will's rating: 1666 &rarr; <strong>1698</strong><br />(+32 for winning)
|raw|MRH1106's rating: 1912 &rarr; <strong>1880</strong><br />(-32 for losing)
|l|☆MRH1106
||Ladder isn't responding, score probably updated but might not have (Request timeout).
