|j|☆C0ld as Ic3
|j|☆Opnoob 598
|inactive|Battle timer is ON: inactive players will automatically lose when time's up.
|t:|1653974906
|gametype|singles
|player|p1|C0ld as Ic3|schoolkid-gen4dp|
|player|p2|Opnoob 598|gentleman-gen8|
|teamsize|p1|6
|teamsize|p2|6
|gen|8
|tier|[Gen 8] National Dex AG
|rated|Tournament battle
|rule|HP Percentage Mod: HP is shown in percentages
|rule|Endless Battle Clause: Forcing endless battles is banned
|clearpoke
|poke|p1|Necrozma-Dusk-Mane|
|poke|p1|Zygarde|
|poke|p1|Calyrex-Shadow|
|poke|p1|Marshadow|
|poke|p1|Xerneas-*|
|poke|p1|Skarmory, M|
|poke|p2|Arceus-*|
|poke|p2|Arceus-*|
|poke|p2|Necrozma-Dusk-Mane|
|poke|p2|Zygarde|
|poke|p2|Rayquaza|
|poke|p2|Ho-Oh|
|teampreview
|inactive|C0ld as Ic3 also wants the timer to be on.
|j| adhiraj8202
|c|☆Opnoob 598|Wait no
|c|☆Opnoob 598|Skarm suicide lead
|c|☆Opnoob 598|LO zyg
|c| adhiraj8202|hm.
|c|☆Opnoob 598|Ffff
|c|☆C0ld as Ic3|;
|
|t:|1653974926
|start
|switch|p1a: Skarmory|Skarmory, M|100/100
|switch|p2a: Arceus|Arceus-Water|100/100
|turn|1
|c| adhiraj8202|go person with skarm
|
|t:|1653974931
|move|p2a: Arceus|Will-O-Wisp|p1a: Skarmory
|-status|p1a: Skarmory|brn
|move|p1a: Skarmory|Rock Tomb|p2a: Arceus
|-damage|p2a: Arceus|97/100
|-unboost|p2a: Arceus|spe|1
|
|-damage|p1a: Skarmory|94/100 brn|[from] brn
|upkeep
|turn|2
|
|t:|1653974936
|switch|p2a: Ho-Oh|Ho-Oh|100/100
|move|p1a: Skarmory|Spikes|p2a: Ho-Oh
|-sidestart|p2: Opnoob 598|Spikes
|
|-damage|p1a: Skarmory|88/100 brn|[from] brn
|upkeep
|turn|3
|
|t:|1653974942
|move|p1a: Skarmory|Taunt|p2a: Ho-Oh
|-start|p2a: Ho-Oh|move: Taunt
|move|p2a: Ho-Oh|Sacred Fire|p1a: Skarmory
|-supereffective|p1a: Skarmory
|-damage|p1a: Skarmory|4/100 brn
|
|-damage|p1a: Skarmory|0 fnt|[from] brn
|faint|p1a: Skarmory
|upkeep
|j| BTZ•CRAZY
|c|☆Opnoob 598|Lool?
|
|t:|1653974957
|switch|p1a: Xerneas|Xerneas|100/100
|-ability|p1a: Xerneas|Fairy Aura
|turn|4
|
|t:|1653974963
|move|p1a: Xerneas|Geomancy||[still]
|-prepare|p1a: Xerneas|Geomancy
|-enditem|p1a: Xerneas|Power Herb
|-anim|p1a: Xerneas|Geomancy|p1a: Xerneas
|-boost|p1a: Xerneas|spa|2
|-boost|p1a: Xerneas|spd|2
|-boost|p1a: Xerneas|spe|2
|move|p2a: Ho-Oh|Sacred Fire|p1a: Xerneas
|-damage|p1a: Xerneas|66/100
|
|upkeep
|turn|5
|
|t:|1653974970
|-start|p1a: Xerneas|Dynamax|
|-heal|p1a: Xerneas|66/100|[silent]
|move|p1a: Xerneas|Max Lightning|p2a: Ho-Oh
|-supereffective|p2a: Ho-Oh
|-damage|p2a: Ho-Oh|0 fnt
|-fieldstart|move: Electric Terrain
|faint|p2a: Ho-Oh
|
|upkeep
|j| newbie1232
|
|t:|1653974976
|switch|p2a: Necrozma|Necrozma-Dusk-Mane|100/100
|-damage|p2a: Necrozma|88/100|[from] Spikes
|turn|6
|
|t:|1653974981
|-start|p2a: Necrozma|Dynamax|
|-heal|p2a: Necrozma|88/100|[silent]
|move|p1a: Xerneas|Max Guard|p1a: Xerneas
|-singleturn|p1a: Xerneas|Max Guard
|move|p2a: Necrozma|Max Steelspike|p1a: Xerneas
|-activate|p1a: Xerneas|move: Max Guard
|
|upkeep
|turn|7
|
|t:|1653974984
|move|p1a: Xerneas|Max Lightning|p2a: Necrozma
|-damage|p2a: Necrozma|37/100
|move|p2a: Necrozma|Max Steelspike|p1a: Xerneas
|-supereffective|p1a: Xerneas
|-damage|p1a: Xerneas|11/100
|-boost|p2a: Necrozma|def|1
|
|upkeep
|-end|p1a: Xerneas|Dynamax
|-heal|p1a: Xerneas|11/100|[silent]
|turn|8
|j| Little Luvie❤
|
|t:|1653974996
|move|p1a: Xerneas|Thunder|p2a: Necrozma
|-damage|p2a: Necrozma|0 fnt
|faint|p2a: Necrozma
|
|upkeep
|
|t:|1653975000
|switch|p2a: Rayquaza|Rayquaza|100/100
|-ability|p2a: Rayquaza|Air Lock
|turn|9
|
|t:|1653975007
|move|p2a: Rayquaza|Extreme Speed|p1a: Xerneas
|-damage|p1a: Xerneas|0 fnt
|faint|p1a: Xerneas
|
|-fieldend|move: Electric Terrain
|upkeep
|
|t:|1653975008
|switch|p1a: Necrozma|Necrozma-Dusk-Mane|100/100
|turn|10
|
|t:|1653975012
|switch|p2a: Zygarde|Zygarde|100/100
|-damage|p2a: Zygarde|88/100|[from] Spikes
|move|p1a: Necrozma|Dragon Dance|p1a: Necrozma
|-boost|p1a: Necrozma|atk|1
|-boost|p1a: Necrozma|spe|1
|
|-heal|p2a: Zygarde|94/100|[from] item: Leftovers
|upkeep
|turn|11
|
|t:|1653975015
|detailschange|p1a: Necrozma|Necrozma-Ultra
|-burst|p1a: Necrozma|Necrozma|Ultranecrozium Z
|move|p1a: Necrozma|Outrage|p2a: Zygarde
|-supereffective|p2a: Zygarde
|-damage|p2a: Zygarde|0 fnt
|faint|p2a: Zygarde
|
|upkeep
|j| Testing Teams 596
|
|t:|1653975025
|switch|p2a: Arceus|Arceus-Water|97/100
|-damage|p2a: Arceus|85/100|[from] Spikes
|turn|12
|
|t:|1653975027
|move|p1a: Necrozma|Outrage|p2a: Arceus|[from]lockedmove
|-damage|p2a: Arceus|28/100
|-start|p1a: Necrozma|confusion|[fatigue]
|move|p2a: Arceus|Ice Beam|p1a: Necrozma
|-supereffective|p1a: Necrozma
|-damage|p1a: Necrozma|51/100
|-status|p1a: Necrozma|frz
|
|upkeep
|turn|13
|
|t:|1653975035
|cant|p1a: Necrozma|frz
|move|p2a: Arceus|Recover|p2a: Arceus
|-heal|p2a: Arceus|78/100
|
|upkeep
|turn|14
|c|☆Opnoob 598|Lets goooo
|c|☆Opnoob 598|XD
|
|t:|1653975047
|cant|p1a: Necrozma|frz
|move|p2a: Arceus|Ice Beam|p1a: Necrozma
|-supereffective|p1a: Necrozma
|-damage|p1a: Necrozma|3/100 frz
|
|upkeep
|turn|15
|
|t:|1653975050
|cant|p1a: Necrozma|frz
|move|p2a: Arceus|Ice Beam|p1a: Necrozma
|-supereffective|p1a: Necrozma
|-damage|p1a: Necrozma|0 fnt
|faint|p1a: Necrozma
|
|upkeep
|c|☆C0ld as Ic3|;
|c| newbie1232|rng god helped you
|
|t:|1653975055
|switch|p1a: Calyrex|Calyrex-Shadow|100/100
|-ability|p1a: Calyrex|As One
|-ability|p1a: Calyrex|Unnerve
|turn|16
|c| adhiraj8202|lucky and bad or
|c| newbie1232|cause u iced ic3
|c| adhiraj8202|skill moment
|c|☆C0ld as Ic3|lool
|c| newbie1232|i mean froze
|
|t:|1653975064
|move|p1a: Calyrex|Nasty Plot|p1a: Calyrex
|-boost|p1a: Calyrex|spa|2
|move|p2a: Arceus|Judgment|p1a: Calyrex
|-damage|p1a: Calyrex|50/100
|
|upkeep
|turn|17
|c| newbie1232|but
|c| newbie1232|u know
|
|t:|1653975069
|switch|p2a: Arceus|Arceus-Dark|100/100
|-damage|p2a: Arceus|88/100|[from] Spikes
|move|p1a: Calyrex|Astral Barrage|p2a: Arceus
|-resisted|p2a: Arceus
|-damage|p2a: Arceus|54/100
|
|upkeep
|turn|18
|c| newbie1232|ice ic3
|
|t:|1653975071
|move|p1a: Calyrex|Taunt|p2a: Arceus
|-start|p2a: Arceus|move: Taunt
|move|p2a: Arceus|Judgment|p1a: Calyrex
|-supereffective|p1a: Calyrex
|-damage|p1a: Calyrex|0 fnt
|faint|p1a: Calyrex
|
|upkeep
|
|t:|1653975075
|switch|p1a: Zygarde|Zygarde|100/100
|turn|19
|c|☆Opnoob 598|Wait what
|c| Testing Teams 596|Lol
|
|t:|1653975079
|switch|p2a: Arceus|Arceus-Water|78/100
|-damage|p2a: Arceus|66/100|[from] Spikes
|move|p1a: Zygarde|Dragon Dance|p1a: Zygarde
|-boost|p1a: Zygarde|atk|1
|-boost|p1a: Zygarde|spe|1
|
|upkeep
|turn|20
|
|t:|1653975084
|move|p1a: Zygarde|Outrage|p2a: Arceus
|-damage|p2a: Arceus|10/100
|-damage|p1a: Zygarde|91/100|[from] item: Life Orb
|move|p2a: Arceus|Ice Beam|p1a: Zygarde
|-supereffective|p1a: Zygarde
|-damage|p1a: Zygarde|0 fnt
|faint|p1a: Zygarde
|
|upkeep
|
|t:|1653975087
|switch|p1a: Marshadow|Marshadow|100/100
|turn|21
|
|t:|1653975091
|move|p1a: Marshadow|Spectral Thief|p2a: Arceus
|-damage|p2a: Arceus|0 fnt
|faint|p2a: Arceus
|
|upkeep
|
|t:|1653975094
|switch|p2a: Arceus|Arceus-Dark|54/100
|-damage|p2a: Arceus|41/100|[from] Spikes
|turn|22
|c| newbie1232|idk what i am saying i have gone mad
|c|☆Opnoob 598|Don't tell me
|c|☆Opnoob 598|It's sash Marsh
|c| adhiraj8202|reveal z
|c|☆Opnoob 598|09
|c|☆Opnoob 598|;
|
|t:|1653975107
|move|p1a: Marshadow|Reversal|p2a: Arceus
|-supereffective|p2a: Arceus
|-damage|p2a: Arceus|19/100
|move|p2a: Arceus|Judgment|p1a: Marshadow
|-damage|p1a: Marshadow|43/100
|
|upkeep
|turn|23
|c| newbie1232|why u use sash marsh
|c|☆Opnoob 598|Oh wait i know what it is
|c| Testing Teams 596|Lol
|c|☆Opnoob 598|It's custap Marsh
|c|☆Opnoob 598|OML
|c| newbie1232|oh wow
|
|t:|1653975120
|move|p1a: Marshadow|Reversal|p2a: Arceus
|-supereffective|p2a: Arceus
|-damage|p2a: Arceus|0 fnt
|faint|p2a: Arceus
|
|upkeep
|
|t:|1653975122
|switch|p2a: Rayquaza|Rayquaza|100/100
|-ability|p2a: Rayquaza|Air Lock
|turn|24
|
|t:|1653975129
|detailschange|p2a: Rayquaza|Rayquaza-Mega
|-mega|p2a: Rayquaza|Rayquaza|
|-weather|DeltaStream|[from] ability: Delta Stream|[of] p2a: Rayquaza
|move|p1a: Marshadow|Endure|p1a: Marshadow
|-singleturn|p1a: Marshadow|move: Endure
|move|p2a: Rayquaza|Earthquake|p1a: Marshadow
|-activate|p1a: Marshadow|move: Endure
|-damage|p1a: Marshadow|1/100
|
|-weather|DeltaStream|[upkeep]
|upkeep
|turn|25
|c| Testing Teams 596|Thats new
|c|☆Opnoob 598|Yeah
|c|☆Opnoob 598|See
|c|☆Opnoob 598|OML
|c|☆Opnoob 598|Custap Marsh
|c| newbie1232|oh my lord
|c|☆Opnoob 598|Supremacy
|-enditem|p1a: Marshadow|Custap Berry|[eat]
|-activate|p1a: Marshadow|item: Custap Berry|[consumed]
|
|t:|1653975143
|move|p1a: Marshadow|Reversal|p2a: Rayquaza
|-resisted|p2a: Rayquaza
|-damage|p2a: Rayquaza|51/100
|move|p2a: Rayquaza|Earthquake|p1a: Marshadow
|-damage|p1a: Marshadow|0 fnt
|faint|p1a: Marshadow
|
|win|Opnoob 598
|n|☆C0ld as Ic3|c0ldasic3
|n|☆Opnoob 598|opnoob598
|n| adhiraj8202|adhiraj8202
|n| BTZ•CRAZY|btzcrazy
|n| newbie1232|newbie1232
|n| Little Luvie❤|littleluvie
|n| Testing Teams 596|testingteams596
