|j|☆Schweppess
|j|☆CLEAR GEM清瑜
|t:|1651590569
|gametype|singles
|player|p1|Schweppess|blaine|1528
|player|p2|CLEAR GEM清瑜|skierf|1667
|teamsize|p1|6
|teamsize|p2|6
|gen|8
|tier|[Gen 8] National Dex AG
|rated|
|rule|HP Percentage Mod: HP is shown in percentages
|rule|Endless Battle Clause: Forcing endless battles is banned
|clearpoke
|poke|p1|Ho-Oh|
|poke|p1|Kyogre|
|poke|p1|Urshifu-*, F|
|poke|p1|Marshadow|
|poke|p1|Serperior, M|
|poke|p1|Genesect|
|poke|p2|Rayquaza|
|poke|p2|Groudon|
|poke|p2|Arceus-*|
|poke|p2|Yveltal|
|poke|p2|Zacian-*|
|poke|p2|Necrozma-Dusk-Mane|
|teampreview
|inactive|Battle timer is ON: inactive players will automatically lose when time's up. (requested by CLEAR GEM清瑜)
|inactive|Schweppess has 120 seconds left.
|
|t:|1651590622
|start
|switch|p1a: Urshifu|Urshifu, F|100/100
|switch|p2a: 不会(?)|Groudon|100/100
|detailschange|p2a: 不会(?)|Groudon-Primal
|-primal|p2a: 不会(?)
|-weather|DesolateLand|[from] ability: Desolate Land|[of] p2a: 不会(?)
|turn|1
|
|t:|1651590639
|move|p1a: Urshifu|Wicked Blow|p2a: 不会(?)
|-crit|p2a: 不会(?)
|-damage|p2a: 不会(?)|56/100
|-damage|p1a: Urshifu|91/100|[from] item: Life Orb
|move|p2a: 不会(?)|Stealth Rock|p1a: Urshifu
|-sidestart|p1: Schweppess|move: Stealth Rock
|
|-weather|DesolateLand|[upkeep]
|upkeep
|turn|2
|
|t:|1651590647
|move|p1a: Urshifu|Wicked Blow|p2a: 不会(?)
|-crit|p2a: 不会(?)
|-damage|p2a: 不会(?)|10/100
|-damage|p1a: Urshifu|81/100|[from] item: Life Orb
|move|p2a: 不会(?)|Heat Crash|p1a: Urshifu
|-damage|p1a: Urshifu|0 fnt
|faint|p1a: Urshifu
|
|-weather|DesolateLand|[upkeep]
|upkeep
|
|t:|1651590663
|switch|p1a: Serperior|Serperior, M, shiny|100/100
|-damage|p1a: Serperior|88/100|[from] Stealth Rock
|turn|3
|
|t:|1651590679
|move|p1a: Serperior|Leaf Storm|p2a: 不会(?)
|-damage|p2a: 不会(?)|0 fnt
|-boost|p1a: Serperior|spa|2
|faint|p2a: 不会(?)
|-weather|none
|
|upkeep
|j| foofyy
|
|t:|1651590693
|switch|p2a: 老烈|Rayquaza|100/100
|-ability|p2a: 老烈|Air Lock
|turn|4
|
|t:|1651590708
|switch|p1a: Ho-Oh|Ho-Oh|100/100
|-damage|p1a: Ho-Oh|51/100|[from] Stealth Rock
|detailschange|p2a: 老烈|Rayquaza-Mega
|-mega|p2a: 老烈|Rayquaza|
|-weather|DeltaStream|[from] ability: Delta Stream|[of] p2a: 老烈
|move|p2a: 老烈|Dragon Dance|p2a: 老烈
|-boost|p2a: 老烈|atk|1
|-boost|p2a: 老烈|spe|1
|
|-weather|DeltaStream|[upkeep]
|upkeep
|turn|5
|c| foofyy|hi
|
|t:|1651590714
|move|p2a: 老烈|Dragon Ascent|p1a: Ho-Oh
|-damage|p1a: Ho-Oh|0 fnt
|-unboost|p2a: 老烈|def|1
|-unboost|p2a: 老烈|spd|1
|faint|p1a: Ho-Oh
|
|-weather|DeltaStream|[upkeep]
|upkeep
|
|t:|1651590721
|switch|p1a: Kyogre|Kyogre|100/100
|-damage|p1a: Kyogre|88/100|[from] Stealth Rock
|-ability|p1a: Kyogre|Drizzle|[from] deltastream|[fail]
|turn|6
|
|t:|1651590725
|-start|p1a: Kyogre|Dynamax|
|-heal|p1a: Kyogre|88/100|[silent]
|move|p2a: 老烈|Dragon Ascent|p1a: Kyogre
|-damage|p1a: Kyogre|18/100
|-unboost|p2a: 老烈|def|1
|-unboost|p2a: 老烈|spd|1
|move|p1a: Kyogre|Max Hailstorm|p2a: 老烈
|-activate||deltastream
|-supereffective|p2a: 老烈
|-crit|p2a: 老烈
|-enditem|p2a: 老烈|Focus Sash
|-damage|p2a: 老烈|1/100
|
|-weather|DeltaStream|[upkeep]
|upkeep
|turn|7
|
|t:|1651590742
|move|p2a: 老烈|Dragon Ascent|p1a: Kyogre
|-damage|p1a: Kyogre|0 fnt
|-unboost|p2a: 老烈|def|1
|-unboost|p2a: 老烈|spd|1
|faint|p1a: Kyogre
|
|-weather|DeltaStream|[upkeep]
|upkeep
|c| foofyy|focus sash rayquaza
|c| foofyy|WHo
|
|t:|1651590752
|switch|p1a: Marshadow|Marshadow|100/100
|-damage|p1a: Marshadow|94/100|[from] Stealth Rock
|turn|8
|
|t:|1651590762
|move|p1a: Marshadow|Shadow Sneak|p2a: 老烈
|-damage|p2a: 老烈|0 fnt
|faint|p2a: 老烈
|-weather|none
|
|upkeep
|-message|Schweppess forfeited.
|
|win|CLEAR GEM清瑜
|raw|Schweppess's rating: 1528 &rarr; <strong>1516</strong><br />(-12 for losing)
|raw|CLEAR GEM清瑜's rating: 1667 &rarr; <strong>1679</strong><br />(+12 for winning)
|l|☆Schweppess
|c| foofyy|shadow sneak'
|c| foofyy|nice
|c| foofyy|niiiiiiiiiiiiiiiiiiii
|c| foofyy|ce
|c| foofyy|ce
|c| foofyy|ce
|c| foofyy|ce
|c|☆CLEAR GEM清瑜|gg
||Ladder isn't responding, score probably updated but might not have (Request timeout).
