|j|☆IWSK
|j|☆meseteallo
|t:|1635079061
|gametype|singles
|player|p1|IWSK|jogger|1808
|player|p2|meseteallo|swimmerf|1716
|teamsize|p1|6
|teamsize|p2|6
|gen|8
|tier|[Gen 8] National Dex AG
|rated|
|rule|HP Percentage Mod: HP is shown in percentages
|rule|Endless Battle Clause: Forcing endless battles is banned
|clearpoke
|poke|p1|Arceus-*|
|poke|p1|Necrozma-Dusk-Mane|
|poke|p1|Gengar, M|
|poke|p1|Ho-Oh|
|poke|p1|Gliscor, M|
|poke|p1|Yveltal|
|poke|p2|Necrozma-Dusk-Mane|
|poke|p2|Rayquaza|
|poke|p2|Marshadow|
|poke|p2|Groudon|
|poke|p2|Arceus-*|
|poke|p2|Yveltal|
|teampreview
|inactive|Battle timer is ON: inactive players will automatically lose when time's up. (requested by IWSK)
|
|t:|1635079085
|start
|switch|p1a: Arceus|Arceus-Water|100/100
|switch|p2a: Arceus|Arceus-Ground|100/100
|turn|1
|
|t:|1635079092
|move|p2a: Arceus|Judgment|p1a: Arceus
|-damage|p1a: Arceus|66/100
|move|p1a: Arceus|Judgment|p2a: Arceus
|-supereffective|p2a: Arceus
|-damage|p2a: Arceus|29/100
|
|upkeep
|turn|2
|
|t:|1635079099
|switch|p2a: Groudon|Groudon|100/100
|detailschange|p2a: Groudon|Groudon-Primal
|-primal|p2a: Groudon
|-weather|DesolateLand|[from] ability: Desolate Land|[of] p2a: Groudon
|move|p1a: Arceus|Recover|p1a: Arceus
|-heal|p1a: Arceus|100/100
|
|-weather|DesolateLand|[upkeep]
|upkeep
|turn|3
|
|t:|1635079106
|move|p1a: Arceus|Toxic|p2a: Groudon
|-status|p2a: Groudon|tox
|move|p2a: Groudon|Stealth Rock|p1a: Arceus
|-sidestart|p1: IWSK|move: Stealth Rock
|
|-weather|DesolateLand|[upkeep]
|-damage|p2a: Groudon|94/100 tox|[from] psn
|upkeep
|turn|4
|
|t:|1635079113
|move|p1a: Arceus|Ice Beam|p2a: Groudon
|-damage|p2a: Groudon|70/100 tox
|move|p2a: Groudon|Swords Dance|p2a: Groudon
|-boost|p2a: Groudon|atk|2
|
|-weather|DesolateLand|[upkeep]
|-damage|p2a: Groudon|57/100 tox|[from] psn
|upkeep
|turn|5
|
|t:|1635079119
|move|p1a: Arceus|Ice Beam|p2a: Groudon
|-damage|p2a: Groudon|33/100 tox
|move|p2a: Groudon|Precipice Blades|p1a: Arceus
|-damage|p1a: Arceus|10/100
|
|-weather|DesolateLand|[upkeep]
|-damage|p2a: Groudon|14/100 tox|[from] psn
|upkeep
|turn|6
|
|t:|1635079127
|move|p1a: Arceus|Ice Beam|p2a: Groudon
|-damage|p2a: Groudon|0 fnt
|faint|p2a: Groudon
|-weather|none
|
|upkeep
|
|t:|1635079130
|switch|p2a: Marshadow|Marshadow|100/100
|turn|7
|
|t:|1635079145
|move|p2a: Marshadow|Spectral Thief|p1a: Arceus
|-damage|p1a: Arceus|0 fnt
|faint|p1a: Arceus
|-damage|p2a: Marshadow|91/100|[from] item: Life Orb
|
|upkeep
|
|t:|1635079151
|switch|p1a: Necrozma|Necrozma-Dusk-Mane|100/100
|-damage|p1a: Necrozma|94/100|[from] Stealth Rock
|turn|8
|
|t:|1635079157
|move|p2a: Marshadow|Spectral Thief|p1a: Necrozma
|-supereffective|p1a: Necrozma
|-damage|p1a: Necrozma|44/100
|-damage|p2a: Marshadow|74/100|[from] item: Rocky Helmet|[of] p1a: Necrozma
|-damage|p2a: Marshadow|64/100|[from] item: Life Orb
|move|p1a: Necrozma|Morning Sun|p1a: Necrozma
|-heal|p1a: Necrozma|94/100
|
|upkeep
|turn|9
|
|t:|1635079174
|switch|p2a: Arceus|Arceus-Ground|29/100
|switch|p1a: Ho-Oh|Ho-Oh|100/100
|
|upkeep
|turn|10
|
|t:|1635079179
|move|p2a: Arceus|Recover|p2a: Arceus
|-heal|p2a: Arceus|79/100
|move|p1a: Ho-Oh|Defog|p2a: Arceus
|-unboost|p2a: Arceus|evasion|1
|-sideend|p1: IWSK|Stealth Rock|[from] move: Defog|[of] p1a: Ho-Oh
|
|upkeep
|turn|11
|
|t:|1635079190
|switch|p1a: Yveltal|Yveltal|100/100
|-ability|p1a: Yveltal|Dark Aura
|move|p2a: Arceus|Ice Beam|p1a: Yveltal
|-supereffective|p1a: Yveltal
|-damage|p1a: Yveltal|75/100
|
|upkeep
|turn|12
|
|t:|1635079197
|move|p2a: Arceus|Ice Beam|p1a: Yveltal
|-supereffective|p1a: Yveltal
|-crit|p1a: Yveltal
|-damage|p1a: Yveltal|38/100
|move|p1a: Yveltal|Oblivion Wing|p2a: Arceus
|-damage|p2a: Arceus|46/100
|-heal|p1a: Yveltal|62/100|[from] drain|[of] p2a: Arceus
|
|upkeep
|turn|13
|j| agcsr4 doom
|
|t:|1635079205
|move|p2a: Arceus|Recover|p2a: Arceus
|-heal|p2a: Arceus|96/100
|move|p1a: Yveltal|Oblivion Wing|p2a: Arceus
|-damage|p2a: Arceus|66/100
|-heal|p1a: Yveltal|85/100|[from] drain|[of] p2a: Arceus
|
|upkeep
|turn|14
|inactive|meseteallo has 120 seconds left.
|
|t:|1635079245
|move|p2a: Arceus|Ice Beam|p1a: Yveltal
|-supereffective|p1a: Yveltal
|-damage|p1a: Yveltal|61/100
|move|p1a: Yveltal|Oblivion Wing|p2a: Arceus
|-damage|p2a: Arceus|35/100
|-heal|p1a: Yveltal|83/100|[from] drain|[of] p2a: Arceus
|
|upkeep
|turn|15
|
|t:|1635079257
|-start|p1a: Yveltal|Dynamax
|-heal|p1a: Yveltal|83/100|[silent]
|move|p2a: Arceus|Recover|p2a: Arceus
|-heal|p2a: Arceus|85/100
|move|p1a: Yveltal|Max Darkness|p2a: Arceus
|-damage|p2a: Arceus|22/100
|-unboost|p2a: Arceus|spd|1
|
|upkeep
|turn|16
|
|t:|1635079267
|move|p2a: Arceus|Recover|p2a: Arceus
|-heal|p2a: Arceus|72/100
|move|p1a: Yveltal|Max Airstream|p2a: Arceus
|-damage|p2a: Arceus|0 fnt
|-boost|p1a: Yveltal|spe|1
|faint|p2a: Arceus
|
|upkeep
|
|t:|1635079275
|switch|p2a: Yveltal|Yveltal|100/100
|-ability|p2a: Yveltal|Dark Aura
|turn|17
|
|t:|1635079280
|-start|p2a: Yveltal|Dynamax
|-heal|p2a: Yveltal|100/100|[silent]
|move|p2a: Yveltal|Max Guard|p2a: Yveltal
|-singleturn|p2a: Yveltal|Max Guard
|move|p1a: Yveltal|Max Darkness|p2a: Yveltal
|-activate|p2a: Yveltal|move: Max Guard
|
|-end|p1a: Yveltal|Dynamax
|-heal|p1a: Yveltal|83/100|[silent]
|upkeep
|turn|18
|
|t:|1635079292
|move|p1a: Yveltal|Oblivion Wing|p2a: Yveltal
|-damage|p2a: Yveltal|79/100
|-heal|p1a: Yveltal|100/100|[from] drain|[of] p2a: Yveltal
|move|p2a: Yveltal|Max Airstream|p1a: Yveltal
|-damage|p1a: Yveltal|47/100
|-boost|p2a: Yveltal|spe|1
|-damage|p2a: Yveltal|74/100|[from] item: Life Orb
|
|upkeep
|turn|19
|
|t:|1635079303
|switch|p1a: Ho-Oh|Ho-Oh|100/100
|move|p2a: Yveltal|Max Airstream|p1a: Ho-Oh
|-damage|p1a: Ho-Oh|59/100
|-boost|p2a: Yveltal|spe|1
|-damage|p2a: Yveltal|69/100|[from] item: Life Orb
|
|-end|p2a: Yveltal|Dynamax
|-heal|p2a: Yveltal|69/100|[silent]
|upkeep
|turn|20
|
|t:|1635079313
|move|p2a: Yveltal|Dark Pulse|p1a: Ho-Oh
|-damage|p1a: Ho-Oh|21/100
|-damage|p2a: Yveltal|59/100|[from] item: Life Orb
|move|p1a: Ho-Oh|Bulldoze|p2a: Yveltal
|-immune|p2a: Yveltal
|
|upkeep
|turn|21
|
|t:|1635079321
|move|p2a: Yveltal|Oblivion Wing|p1a: Ho-Oh
|-damage|p1a: Ho-Oh|0 fnt
|-heal|p2a: Yveltal|76/100|[from] drain|[of] p1a: Ho-Oh
|faint|p1a: Ho-Oh
|-damage|p2a: Yveltal|66/100|[from] item: Life Orb
|
|upkeep
|
|t:|1635079328
|switch|p1a: Yveltal|Yveltal|47/100
|-ability|p1a: Yveltal|Dark Aura
|turn|22
|
|t:|1635079332
|move|p2a: Yveltal|Oblivion Wing|p1a: Yveltal
|-damage|p1a: Yveltal|17/100
|-heal|p2a: Yveltal|92/100|[from] drain|[of] p1a: Yveltal
|-damage|p2a: Yveltal|82/100|[from] item: Life Orb
|move|p1a: Yveltal|Oblivion Wing|p2a: Yveltal
|-damage|p2a: Yveltal|40/100
|-heal|p1a: Yveltal|44/100|[from] drain|[of] p2a: Yveltal
|
|upkeep
|turn|23
|
|t:|1635079342
|move|p2a: Yveltal|Oblivion Wing|p1a: Yveltal
|-damage|p1a: Yveltal|12/100
|-heal|p2a: Yveltal|68/100|[from] drain|[of] p1a: Yveltal
|-damage|p2a: Yveltal|58/100|[from] item: Life Orb
|move|p1a: Yveltal|Oblivion Wing|p2a: Yveltal
|-damage|p2a: Yveltal|14/100
|-heal|p1a: Yveltal|41/100|[from] drain|[of] p2a: Yveltal
|
|upkeep
|turn|24
|
|t:|1635079355
|move|p1a: Yveltal|Sucker Punch|p2a: Yveltal
|-resisted|p2a: Yveltal
|-damage|p2a: Yveltal|0 fnt
|faint|p2a: Yveltal
|
|upkeep
|
|t:|1635079366
|switch|p2a: Rayquaza|Rayquaza|100/100
|-ability|p2a: Rayquaza|Air Lock
|turn|25
|
|t:|1635079370
|detailschange|p2a: Rayquaza|Rayquaza-Mega
|-mega|p2a: Rayquaza|Rayquaza|
|-weather|DeltaStream|[from] ability: Delta Stream|[of] p2a: Rayquaza
|move|p2a: Rayquaza|Extreme Speed|p1a: Yveltal
|-damage|p1a: Yveltal|2/100
|-damage|p2a: Rayquaza|91/100|[from] item: Life Orb
|move|p1a: Yveltal|Oblivion Wing|p2a: Rayquaza
|-damage|p2a: Rayquaza|47/100
|-heal|p1a: Yveltal|27/100|[from] drain|[of] p2a: Rayquaza
|
|-weather|DeltaStream|[upkeep]
|upkeep
|turn|26
|
|t:|1635079391
|switch|p1a: Gliscor|Gliscor, M|100/100
|move|p2a: Rayquaza|Dragon Ascent|p1a: Gliscor
|-damage|p1a: Gliscor|10/100
|-unboost|p2a: Rayquaza|def|1
|-unboost|p2a: Rayquaza|spd|1
|-damage|p2a: Rayquaza|37/100|[from] item: Life Orb
|
|-weather|DeltaStream|[upkeep]
|-status|p1a: Gliscor|tox|[from] item: Toxic Orb
|upkeep
|turn|27
|
|t:|1635079402
|move|p1a: Gliscor|Protect|p1a: Gliscor
|-singleturn|p1a: Gliscor|Protect
|move|p2a: Rayquaza|Dragon Ascent|p1a: Gliscor
|-activate|p1a: Gliscor|move: Protect
|
|-weather|DeltaStream|[upkeep]
|-heal|p1a: Gliscor|22/100 tox|[from] ability: Poison Heal
|upkeep
|turn|28
|
|t:|1635079413
|switch|p1a: Yveltal|Yveltal|27/100
|-ability|p1a: Yveltal|Dark Aura
|move|p2a: Rayquaza|Dragon Ascent|p1a: Yveltal
|-damage|p1a: Yveltal|0 fnt
|-unboost|p2a: Rayquaza|def|1
|-unboost|p2a: Rayquaza|spd|1
|faint|p1a: Yveltal
|-damage|p2a: Rayquaza|27/100|[from] item: Life Orb
|
|-weather|DeltaStream|[upkeep]
|upkeep
|
|t:|1635079422
|switch|p1a: Necrozma|Necrozma-Dusk-Mane|94/100
|turn|29
|
|t:|1635079425
|move|p2a: Rayquaza|V-create|p1a: Necrozma
|-supereffective|p1a: Necrozma
|-damage|p1a: Necrozma|1/100
|-unboost|p2a: Rayquaza|spe|1
|-unboost|p2a: Rayquaza|def|1
|-unboost|p2a: Rayquaza|spd|1
|-damage|p2a: Rayquaza|10/100|[from] item: Rocky Helmet|[of] p1a: Necrozma
|-damage|p2a: Rayquaza|0 fnt|[from] item: Life Orb
|faint|p2a: Rayquaza
|-weather|none
|move|p1a: Necrozma|Morning Sun|p1a: Necrozma
|-heal|p1a: Necrozma|51/100
|
|upkeep
|
|t:|1635079431
|switch|p2a: Marshadow|Marshadow|64/100
|turn|30
|
|t:|1635079442
|move|p2a: Marshadow|Spectral Thief|p1a: Necrozma
|-supereffective|p1a: Necrozma
|-damage|p1a: Necrozma|5/100
|-damage|p2a: Marshadow|48/100|[from] item: Rocky Helmet|[of] p1a: Necrozma
|-damage|p2a: Marshadow|38/100|[from] item: Life Orb
|move|p1a: Necrozma|Morning Sun|p1a: Necrozma
|-heal|p1a: Necrozma|55/100
|
|upkeep
|turn|31
|
|t:|1635079452
|switch|p2a: Necrozma|Necrozma-Dusk-Mane|100/100
|move|p1a: Necrozma|Morning Sun|p1a: Necrozma
|-heal|p1a: Necrozma|100/100
|
|upkeep
|turn|32
|
|t:|1635079458
|switch|p1a: Gengar|Gengar, M|100/100
|move|p2a: Necrozma|Dragon Dance|p2a: Necrozma
|-boost|p2a: Necrozma|atk|1
|-boost|p2a: Necrozma|spe|1
|
|upkeep
|turn|33
|
|t:|1635079466
|detailschange|p2a: Necrozma|Necrozma-Ultra
|-burst|p2a: Necrozma|Necrozma|Ultranecrozium Z
|detailschange|p1a: Gengar|Gengar-Mega, M
|-mega|p1a: Gengar|Gengar|Gengarite
|move|p2a: Necrozma|Photon Geyser|p1a: Gengar
|-supereffective|p1a: Gengar
|-damage|p1a: Gengar|0 fnt
|faint|p1a: Gengar
|
|upkeep
|-message|IWSK forfeited.
|
|win|meseteallo
|raw|IWSK's rating: 1808 &rarr; <strong>1783</strong><br />(-25 for losing)
|raw|meseteallo's rating: 1716 &rarr; <strong>1741</strong><br />(+25 for winning)
|l|☆IWSK
