|j|☆BasakBooster2
|j|☆DarkboiJ
|t:|1668227131
|gametype|singles
|player|p1|BasakBooster2|lucas|1959
|player|p2|DarkboiJ|blue-gen3two|1979
|teamsize|p1|6
|teamsize|p2|6
|gen|8
|tier|[Gen 8] National Dex AG
|rated|
|rule|HP Percentage Mod: HP is shown in percentages
|rule|Endless Battle Clause: Forcing endless battles is banned
|clearpoke
|poke|p1|Groudon|
|poke|p1|Rayquaza|
|poke|p1|Zygarde|
|poke|p1|Calyrex-Shadow|
|poke|p1|Arceus-*|
|poke|p1|Arceus-*|
|poke|p2|Darkrai|
|poke|p2|Arceus-*|
|poke|p2|Kyogre|
|poke|p2|Ditto|
|poke|p2|Zapdos|
|poke|p2|Arceus-*|
|teampreview
|inactive|Battle timer is ON: inactive players will automatically lose when time's up. (requested by DarkboiJ)
|
|t:|1668227142
|start
|switch|p1a: the gwoat|Rayquaza|100/100
|switch|p2a: Arceus|Arceus-Fairy|100/100
|-ability|p1a: the gwoat|Air Lock
|turn|1
|
|t:|1668227148
|switch|p1a: Pyra|Groudon|100/100
|detailschange|p1a: Pyra|Groudon-Primal
|-primal|p1a: Pyra
|-weather|DesolateLand|[from] ability: Desolate Land|[of] p1a: Pyra
|move|p2a: Arceus|Judgment|p1a: Pyra
|-resisted|p1a: Pyra
|-damage|p1a: Pyra|80/100
|
|-weather|DesolateLand|[upkeep]
|upkeep
|turn|2
|
|t:|1668227152
|move|p2a: Arceus|Stealth Rock|p1a: Pyra
|-sidestart|p1: BasakBooster2|move: Stealth Rock
|move|p1a: Pyra|Thunder Wave|p2a: Arceus
|-status|p2a: Arceus|par
|
|-weather|DesolateLand|[upkeep]
|upkeep
|turn|3
|
|t:|1668227156
|switch|p2a: Kyogre|Kyogre|100/100
|detailschange|p2a: Kyogre|Kyogre-Primal
|-primal|p2a: Kyogre
|-weather|PrimordialSea|[from] ability: Primordial Sea|[of] p2a: Kyogre
|move|p1a: Pyra|Stealth Rock|p2a: Kyogre
|-sidestart|p2: DarkboiJ|move: Stealth Rock
|
|-weather|PrimordialSea|[upkeep]
|upkeep
|turn|4
|
|t:|1668227161
|switch|p1a: the gwoat|Rayquaza|100/100
|-damage|p1a: the gwoat|76/100|[from] Stealth Rock
|-ability|p1a: the gwoat|Air Lock
|move|p2a: Kyogre|Water Spout|p1a: the gwoat
|-resisted|p1a: the gwoat
|-damage|p1a: the gwoat|24/100
|
|-weather|PrimordialSea|[upkeep]
|upkeep
|turn|5
|
|t:|1668227165
|-weather|none
|switch|p2a: Zapdos|Zapdos|100/100
|detailschange|p1a: the gwoat|Rayquaza-Mega
|-mega|p1a: the gwoat|Rayquaza|
|-weather|DeltaStream|[from] ability: Delta Stream|[of] p1a: the gwoat
|move|p1a: the gwoat|Dragon Ascent|p2a: Zapdos
|-resisted|p2a: Zapdos
|-damage|p2a: Zapdos|58/100
|-unboost|p1a: the gwoat|def|1
|-unboost|p1a: the gwoat|spd|1
|-status|p1a: the gwoat|par|[from] ability: Static|[of] p2a: Zapdos
|-damage|p1a: the gwoat|14/100 par|[from] item: Life Orb
|
|-weather|DeltaStream|[upkeep]
|upkeep
|turn|6
|
|t:|1668227169
|move|p2a: Zapdos|Roost|p2a: Zapdos
|-heal|p2a: Zapdos|100/100
|-singleturn|p2a: Zapdos|move: Roost
|move|p1a: the gwoat|Scale Shot|p2a: Zapdos
|-damage|p2a: Zapdos|82/100
|-damage|p2a: Zapdos|64/100
|-hitcount|p2a: Zapdos|2
|-unboost|p1a: the gwoat|def|1
|-boost|p1a: the gwoat|spe|1
|-damage|p1a: the gwoat|4/100 par|[from] item: Life Orb
|
|-weather|DeltaStream|[upkeep]
|upkeep
|turn|7
|
|t:|1668227175
|move|p1a: the gwoat|Earthquake|p2a: Zapdos
|-immune|p2a: Zapdos
|move|p2a: Zapdos|Roost|p2a: Zapdos
|-heal|p2a: Zapdos|100/100
|-singleturn|p2a: Zapdos|move: Roost
|
|-weather|DeltaStream|[upkeep]
|upkeep
|turn|8
|
|t:|1668227179
|cant|p1a: the gwoat|par
|move|p2a: Zapdos|Roost||[still]
|-fail|p2a: Zapdos|heal
|
|-weather|DeltaStream|[upkeep]
|upkeep
|turn|9
|
|t:|1668227182
|move|p1a: the gwoat|Scale Shot|p2a: Zapdos
|-damage|p2a: Zapdos|85/100
|-damage|p2a: Zapdos|68/100
|-damage|p2a: Zapdos|53/100
|-hitcount|p2a: Zapdos|3
|-unboost|p1a: the gwoat|def|1
|-boost|p1a: the gwoat|spe|1
|-damage|p1a: the gwoat|0 fnt|[from] item: Life Orb
|faint|p1a: the gwoat
|-weather|none
|move|p2a: Zapdos|Roost|p2a: Zapdos
|-heal|p2a: Zapdos|100/100
|-singleturn|p2a: Zapdos|move: Roost
|
|upkeep
|j| Jollysnail
|
|t:|1668227185
|switch|p1a: Arceus|Arceus-Fairy|100/100
|-damage|p1a: Arceus|88/100|[from] Stealth Rock
|turn|10
|
|t:|1668227191
|move|p1a: Arceus|Judgment|p2a: Zapdos
|-damage|p2a: Zapdos|54/100
|move|p2a: Zapdos|Toxic|p1a: Arceus
|-status|p1a: Arceus|tox
|
|-damage|p1a: Arceus|82/100 tox|[from] psn
|upkeep
|turn|11
|
|t:|1668227195
|move|p1a: Arceus|Judgment|p2a: Zapdos
|-damage|p2a: Zapdos|6/100
|move|p2a: Zapdos|Roost|p2a: Zapdos
|-heal|p2a: Zapdos|56/100
|-singleturn|p2a: Zapdos|move: Roost
|
|-damage|p1a: Arceus|70/100 tox|[from] psn
|upkeep
|turn|12
|
|t:|1668227199
|switch|p1a: Calyrex|Calyrex-Shadow|100/100
|-ability|p1a: Calyrex|As One
|-ability|p1a: Calyrex|Unnerve
|-damage|p1a: Calyrex|88/100|[from] Stealth Rock
|move|p2a: Zapdos|Roost|p2a: Zapdos
|-heal|p2a: Zapdos|100/100
|-singleturn|p2a: Zapdos|move: Roost
|
|-heal|p1a: Calyrex|94/100|[from] item: Leftovers
|upkeep
|turn|13
|
|t:|1668227202
|move|p1a: Calyrex|Substitute|p1a: Calyrex
|-start|p1a: Calyrex|Substitute
|-damage|p1a: Calyrex|70/100
|move|p2a: Zapdos|Volt Switch|p1a: Calyrex
|-end|p1a: Calyrex|Substitute
|
|t:|1668227209
|switch|p2a: Ditto|Ditto, shiny|100/100|[from]move: Volt Switch
|-damage|p2a: Ditto|88/100|[from] Stealth Rock
|-transform|p2a: Ditto|p1a: Calyrex|[from] ability: Imposter
|
|-heal|p1a: Calyrex|76/100|[from] item: Leftovers
|upkeep
|turn|14
|l| Jollysnail
|
|t:|1668227220
|switch|p2a: Zapdos|Zapdos|100/100
|switch|p1a: Arceus|Arceus|100/100
|-damage|p1a: Arceus|88/100|[from] Stealth Rock
|
|upkeep
|turn|15
|
|t:|1668227229
|switch|p1a: Arceus|Arceus-Fairy|70/100 tox
|-damage|p1a: Arceus|57/100 tox|[from] Stealth Rock
|move|p2a: Zapdos|Volt Switch|p1a: Arceus
|-crit|p1a: Arceus
|-damage|p1a: Arceus|34/100 tox
|
|t:|1668227248
|switch|p2a: Arceus|Arceus|100/100|[from]move: Volt Switch
|-damage|p2a: Arceus|88/100|[from] Stealth Rock
|
|-damage|p1a: Arceus|28/100 tox|[from] psn
|upkeep
|turn|16
|
|t:|1668227254
|move|p2a: Arceus|Extreme Speed|p1a: Arceus
|-damage|p1a: Arceus|0 fnt
|faint|p1a: Arceus
|
|upkeep
|
|t:|1668227257
|switch|p1a: the goat|Zygarde, shiny|100/100
|-damage|p1a: the goat|94/100|[from] Stealth Rock
|turn|17
|
|t:|1668227266
|switch|p2a: Arceus|Arceus-Fairy|100/100 par
|-damage|p2a: Arceus|88/100 par|[from] Stealth Rock
|move|p1a: the goat|Substitute|p1a: the goat
|-start|p1a: the goat|Substitute
|-damage|p1a: the goat|69/100
|
|-heal|p1a: the goat|75/100|[from] item: Leftovers
|upkeep
|turn|18
|
|t:|1668227272
|move|p1a: the goat|Coil|p1a: the goat
|-boost|p1a: the goat|atk|1
|-boost|p1a: the goat|def|1
|-boost|p1a: the goat|accuracy|1
|cant|p2a: Arceus|par
|
|-heal|p1a: the goat|82/100|[from] item: Leftovers
|upkeep
|turn|19
|
|t:|1668227275
|move|p1a: the goat|Coil|p1a: the goat
|-boost|p1a: the goat|atk|1
|-boost|p1a: the goat|def|1
|-boost|p1a: the goat|accuracy|1
|move|p2a: Arceus|Judgment|p1a: the goat
|-supereffective|p1a: the goat
|-end|p1a: the goat|Substitute
|
|-heal|p1a: the goat|88/100|[from] item: Leftovers
|upkeep
|turn|20
|
|t:|1668227283
|switch|p2a: Kyogre|Kyogre-Primal|100/100
|-damage|p2a: Kyogre|88/100|[from] Stealth Rock
|-weather|PrimordialSea|[from] ability: Primordial Sea|[of] p2a: Kyogre
|move|p1a: the goat|Substitute|p1a: the goat
|-start|p1a: the goat|Substitute
|-damage|p1a: the goat|63/100
|
|-weather|PrimordialSea|[upkeep]
|-heal|p1a: the goat|69/100|[from] item: Leftovers
|upkeep
|turn|21
|
|t:|1668227286
|move|p2a: Kyogre|Ice Beam|p1a: the goat
|-supereffective|p1a: the goat
|-end|p1a: the goat|Substitute
|move|p1a: the goat|Glare|p2a: Kyogre
|-status|p2a: Kyogre|par
|
|-weather|PrimordialSea|[upkeep]
|-heal|p1a: the goat|75/100|[from] item: Leftovers
|upkeep
|turn|22
|
|t:|1668227291
|move|p1a: the goat|Substitute|p1a: the goat
|-start|p1a: the goat|Substitute
|-damage|p1a: the goat|50/100
|move|p2a: Kyogre|Ice Beam|p1a: the goat
|-supereffective|p1a: the goat
|-end|p1a: the goat|Substitute
|
|-weather|PrimordialSea|[upkeep]
|-heal|p1a: the goat|56/100|[from] item: Leftovers
|upkeep
|turn|23
|
|t:|1668227293
|move|p1a: the goat|Substitute|p1a: the goat
|-start|p1a: the goat|Substitute
|-damage|p1a: the goat|31/100
|move|p2a: Kyogre|Ice Beam|p1a: the goat
|-supereffective|p1a: the goat
|-end|p1a: the goat|Substitute
|
|-weather|PrimordialSea|[upkeep]
|-heal|p1a: the goat|38/100|[from] item: Leftovers
|-activate|p1a: the goat|ability: Power Construct
|detailschange|p1a: the goat|Zygarde-Complete, shiny
|-heal|p1a: the goat|59/100|[silent]
|upkeep
|turn|24
|
|t:|1668227297
|switch|p1a: Arceus|Arceus|88/100
|-damage|p1a: Arceus|76/100|[from] Stealth Rock
|move|p2a: Kyogre|Ice Beam|p1a: Arceus
|-damage|p1a: Arceus|51/100
|
|-weather|PrimordialSea|[upkeep]
|upkeep
|turn|25
|j| in 90
|
|t:|1668227303
|move|p1a: Arceus|Recover|p1a: Arceus
|-heal|p1a: Arceus|100/100
|move|p2a: Kyogre|Water Spout|p1a: Arceus
|-damage|p1a: Arceus|19/100
|
|-weather|PrimordialSea|[upkeep]
|upkeep
|turn|26
|
|t:|1668227308
|move|p1a: Arceus|Recover|p1a: Arceus
|-heal|p1a: Arceus|69/100
|move|p2a: Kyogre|Water Spout|p1a: Arceus
|-damage|p1a: Arceus|0 fnt
|faint|p1a: Arceus
|
|-weather|PrimordialSea|[upkeep]
|upkeep
|
|t:|1668227311
|switch|p1a: Calyrex|Calyrex-Shadow|76/100
|-ability|p1a: Calyrex|As One
|-ability|p1a: Calyrex|Unnerve
|-damage|p1a: Calyrex|63/100|[from] Stealth Rock
|turn|27
|
|t:|1668227317
|-weather|none
|switch|p2a: Zapdos|Zapdos|100/100
|move|p1a: Calyrex|Substitute|p1a: Calyrex
|-start|p1a: Calyrex|Substitute
|-damage|p1a: Calyrex|39/100
|
|-heal|p1a: Calyrex|45/100|[from] item: Leftovers
|upkeep
|turn|28
|
|t:|1668227320
|move|p1a: Calyrex|Astral Barrage|p2a: Zapdos
|-damage|p2a: Zapdos|22/100
|move|p2a: Zapdos|Volt Switch|p1a: Calyrex
|-end|p1a: Calyrex|Substitute
|
|t:|1668227324
|switch|p2a: Ditto|Ditto, shiny|88/100|[from]move: Volt Switch
|-damage|p2a: Ditto|76/100|[from] Stealth Rock
|-transform|p2a: Ditto|p1a: Calyrex|[from] ability: Imposter
|
|-heal|p1a: Calyrex|51/100|[from] item: Leftovers
|upkeep
|turn|29
|
|t:|1668227327
|move|p2a: Ditto|Astral Barrage|p1a: Calyrex
|-supereffective|p1a: Calyrex
|-damage|p1a: Calyrex|0 fnt
|faint|p1a: Calyrex
|-ability|p2a: Ditto|Grim Neigh|boost
|-boost|p2a: Ditto|spa|1
|
|upkeep
|
|t:|1668227329
|switch|p1a: the goat|Zygarde-Complete, shiny|59/100
|-damage|p1a: the goat|53/100|[from] Stealth Rock
|turn|30
|
|t:|1668227335
|-start|p2a: Ditto|Dynamax|
|-heal|p2a: Ditto|76/100|[silent]
|-start|p1a: the goat|Dynamax|
|-heal|p1a: the goat|53/100|[silent]
|move|p2a: Ditto|Max Starfall|p1a: the goat
|-supereffective|p1a: the goat
|-damage|p1a: the goat|20/100
|-fieldstart|move: Misty Terrain
|move|p1a: the goat|Max Quake|p2a: Ditto
|-damage|p2a: Ditto|46/100
|-boost|p1a: the goat|spd|1
|
|-heal|p1a: the goat|24/100|[from] item: Leftovers
|upkeep
|turn|31
|
|t:|1668227339
|move|p2a: Ditto|Max Starfall|p1a: the goat
|-supereffective|p1a: the goat
|-damage|p1a: the goat|1/100
|move|p1a: the goat|Max Quake|p2a: Ditto
|-damage|p2a: Ditto|14/100
|-boost|p1a: the goat|spd|1
|
|-heal|p1a: the goat|4/100|[from] item: Leftovers
|upkeep
|turn|32
|
|t:|1668227342
|move|p2a: Ditto|Max Starfall|p1a: the goat
|-supereffective|p1a: the goat
|-damage|p1a: the goat|0 fnt
|faint|p1a: the goat
|-ability|p2a: Ditto|Grim Neigh|boost
|-boost|p2a: Ditto|spa|1
|
|upkeep
|
|t:|1668227344
|switch|p1a: Pyra|Groudon-Primal|80/100
|-damage|p1a: Pyra|68/100|[from] Stealth Rock
|-weather|DesolateLand|[from] ability: Desolate Land|[of] p1a: Pyra
|-end|p2a: Ditto|Dynamax
|-heal|p2a: Ditto|14/100|[silent]
|turn|33
|c|☆BasakBooster2|gg
|
|t:|1668227349
|move|p2a: Ditto|Astral Barrage|p1a: Pyra
|-damage|p1a: Pyra|0 fnt
|faint|p1a: Pyra
|-weather|none
|
|win|DarkboiJ
|raw|BasakBooster2's rating: 1959 &rarr; <strong>1940</strong><br />(-19 for losing)
|raw|DarkboiJ's rating: 1979 &rarr; <strong>1998</strong><br />(+19 for winning)
|l|☆BasakBooster2
|c|☆DarkboiJ|Gg
