|j|☆ReturnHimToEmmet
|j|☆ihavebestsandteam
|t:|1665413792
|gametype|singles
|player|p1|ReturnHimToEmmet|ingo|1664
|player|p2|ihavebestsandteam|lucas|1732
|teamsize|p1|6
|teamsize|p2|6
|gen|8
|tier|[Gen 8] National Dex AG
|rated|
|rule|HP Percentage Mod: HP is shown in percentages
|rule|Endless Battle Clause: Forcing endless battles is banned
|clearpoke
|poke|p1|Calyrex-Shadow|
|poke|p1|Zacian-*|
|poke|p1|Eternatus|
|poke|p1|Necrozma-Dusk-Mane|
|poke|p1|Yveltal|
|poke|p1|Arceus-*|
|poke|p2|Tyranitar, M|
|poke|p2|Arceus-*|
|poke|p2|Quagsire, F|
|poke|p2|Groudon|
|poke|p2|Ho-Oh|
|poke|p2|Zygarde|
|teampreview
|
|t:|1665413818
|start
|switch|p1a: ALMIGHTY SINNOH|Arceus-Ground|100/100
|switch|p2a: Groudon|Groudon|100/100
|detailschange|p2a: Groudon|Groudon-Primal
|-primal|p2a: Groudon
|-weather|DesolateLand|[from] ability: Desolate Land|[of] p2a: Groudon
|turn|1
|
|t:|1665413826
|-weather|none
|switch|p2a: Ho-Oh|Ho-Oh|100/100
|move|p1a: ALMIGHTY SINNOH|Judgment|p2a: Ho-Oh
|-immune|p2a: Ho-Oh
|
|upkeep
|turn|2
|
|t:|1665413874
|switch|p1a: Necrozma but no|Eternatus|100/100
|-ability|p1a: Necrozma but no|Pressure
|switch|p2a: Zygarde|Zygarde|100/100
|
|upkeep
|turn|3
|
|t:|1665413888
|switch|p2a: Ho-Oh|Ho-Oh|100/100
|move|p1a: Necrozma but no|Toxic|p2a: Ho-Oh
|-status|p2a: Ho-Oh|tox
|
|-damage|p2a: Ho-Oh|94/100 tox|[from] psn
|upkeep
|turn|4
|
|t:|1665413903
|switch|p1a: ALMIGHTY SINNOH|Arceus-Ground|100/100
|switch|p2a: Tyranitar|Tyranitar, M|100/100
|-weather|Sandstorm|[from] ability: Sand Stream|[of] p2a: Tyranitar
|
|-weather|Sandstorm|[upkeep]
|upkeep
|turn|5
|j| AnnouncerJohnathon
|
|t:|1665413917
|switch|p2a: Ho-Oh|Ho-Oh|100/100 tox
|move|p1a: ALMIGHTY SINNOH|Stealth Rock|p2a: Ho-Oh
|-sidestart|p2: ihavebestsandteam|move: Stealth Rock
|
|-weather|Sandstorm|[upkeep]
|-damage|p2a: Ho-Oh|94/100 tox|[from] Sandstorm
|-damage|p2a: Ho-Oh|88/100 tox|[from] psn
|upkeep
|turn|6
|c| AnnouncerJohnathon|We are live from Kansas
|j| Announcer Josh
|c| AnnouncerJohnathon|Tyranitar switching into the Ho-Oh
|
|t:|1665413934
|move|p1a: ALMIGHTY SINNOH|Stealth Rock||[still]
|-fail|p1a: ALMIGHTY SINNOH
|move|p2a: Ho-Oh|Defog|p1a: ALMIGHTY SINNOH
|-unboost|p1a: ALMIGHTY SINNOH|evasion|1
|-sideend|p2: ihavebestsandteam|Stealth Rock|[from] move: Defog|[of] p2a: Ho-Oh
|
|-weather|Sandstorm|[upkeep]
|-damage|p2a: Ho-Oh|82/100 tox|[from] Sandstorm
|-damage|p2a: Ho-Oh|70/100 tox|[from] psn
|upkeep
|turn|7
|
|t:|1665413942
|switch|p2a: Zygarde|Zygarde|100/100
|move|p1a: ALMIGHTY SINNOH|Stealth Rock|p2a: Zygarde
|-sidestart|p2: ihavebestsandteam|move: Stealth Rock
|
|-weather|Sandstorm|[upkeep]
|upkeep
|turn|8
|c| AnnouncerJohnathon|Getting rid of Stealth Rock
|c| AnnouncerJohnathon|only to have it put right back
|
|t:|1665413960
|switch|p1a: Bacon Crispy|Yveltal, shiny|100/100
|-ability|p1a: Bacon Crispy|Dark Aura
|switch|p2a: Ho-Oh|Ho-Oh|100/100 tox
|
|-weather|none
|-damage|p2a: Ho-Oh|94/100 tox|[from] psn
|upkeep
|turn|9
|
|t:|1665413971
|switch|p2a: Tyranitar|Tyranitar, M|100/100
|-damage|p2a: Tyranitar|88/100|[from] Stealth Rock
|-weather|Sandstorm|[from] ability: Sand Stream|[of] p2a: Tyranitar
|move|p1a: Bacon Crispy|Taunt|p2a: Tyranitar
|-start|p2a: Tyranitar|move: Taunt
|
|-weather|Sandstorm|[upkeep]
|-damage|p1a: Bacon Crispy|94/100|[from] Sandstorm
|upkeep
|turn|10
|c| AnnouncerJohnathon|THE SIGNATURE BACON CRISPY
|
|t:|1665413984
|move|p1a: Bacon Crispy|Toxic|p2a: Tyranitar
|-status|p2a: Tyranitar|tox
|move|p2a: Tyranitar|Pursuit|p1a: Bacon Crispy
|-resisted|p1a: Bacon Crispy
|-damage|p1a: Bacon Crispy|85/100
|
|-weather|Sandstorm|[upkeep]
|-damage|p1a: Bacon Crispy|79/100|[from] Sandstorm
|-damage|p2a: Tyranitar|82/100 tox|[from] psn
|upkeep
|turn|11
|c| Announcer Josh|I can already tell u, this will be an insane match
|c| AnnouncerJohnathon|THIS GOLIATH HAS DOWNED MANY ARMIES
|c| AnnouncerJohnathon|THE SIGNATURE TOXIC!
|
|t:|1665413993
|-activate|p1a: Bacon Crispy|move: Pursuit
|move|p2a: Tyranitar|Pursuit|p1a: Bacon Crispy|[from]Pursuit
|-resisted|p1a: Bacon Crispy
|-damage|p1a: Bacon Crispy|60/100
|switch|p1a: ALMIGHTY SINNOH|Arceus-Ground|100/100
|
|-weather|Sandstorm|[upkeep]
|-damage|p2a: Tyranitar|70/100 tox|[from] psn
|-end|p2a: Tyranitar|move: Taunt
|upkeep
|turn|12
|
|t:|1665414005
|switch|p2a: Ho-Oh|Ho-Oh|100/100 tox
|move|p1a: ALMIGHTY SINNOH|Judgment|p2a: Ho-Oh
|-immune|p2a: Ho-Oh
|
|-weather|Sandstorm|[upkeep]
|-damage|p2a: Ho-Oh|94/100 tox|[from] Sandstorm
|-damage|p2a: Ho-Oh|88/100 tox|[from] psn
|upkeep
|turn|13
|c| AnnouncerJohnathon|Tyranitar with the smart Pursuit
|
|t:|1665414028
|move|p1a: ALMIGHTY SINNOH|Stealth Rock||[still]
|-fail|p1a: ALMIGHTY SINNOH
|move|p2a: Ho-Oh|Defog|p1a: ALMIGHTY SINNOH
|-unboost|p1a: ALMIGHTY SINNOH|evasion|1
|-sideend|p2: ihavebestsandteam|Stealth Rock|[from] move: Defog|[of] p2a: Ho-Oh
|
|-weather|none
|-damage|p2a: Ho-Oh|76/100 tox|[from] psn
|upkeep
|turn|14
|
|t:|1665414033
|switch|p2a: Zygarde|Zygarde|100/100
|move|p1a: ALMIGHTY SINNOH|Stealth Rock|p2a: Zygarde
|-sidestart|p2: ihavebestsandteam|move: Stealth Rock
|
|upkeep
|turn|15
|
|t:|1665414043
|switch|p1a: Bacon Crispy|Yveltal, shiny|60/100
|-ability|p1a: Bacon Crispy|Dark Aura
|switch|p2a: Ho-Oh|Ho-Oh|100/100 tox
|
|-damage|p2a: Ho-Oh|94/100 tox|[from] psn
|upkeep
|turn|16
|c| AnnouncerJohnathon|Judging from these two beasts backgrounds
|
|t:|1665414051
|switch|p2a: Arceus|Arceus-Fairy|100/100
|-damage|p2a: Arceus|88/100|[from] Stealth Rock
|move|p1a: Bacon Crispy|Roost|p1a: Bacon Crispy
|-heal|p1a: Bacon Crispy|100/100
|-singleturn|p1a: Bacon Crispy|move: Roost
|
|upkeep
|turn|17
|c| AnnouncerJohnathon|we know they have.........
|c| AnnouncerJohnathon|a high elo
|
|t:|1665414061
|move|p2a: Arceus|Judgment|p1a: Bacon Crispy
|-supereffective|p1a: Bacon Crispy
|-damage|p1a: Bacon Crispy|45/100
|move|p1a: Bacon Crispy|Toxic|p2a: Arceus
|-status|p2a: Arceus|tox
|
|-damage|p2a: Arceus|82/100 tox|[from] psn
|upkeep
|turn|18
|c| AnnouncerJohnathon|which is why we're here today.
|
|t:|1665414071
|switch|p1a: Necrozma but no|Eternatus|100/100
|-ability|p1a: Necrozma but no|Pressure
|move|p2a: Arceus|Refresh|p2a: Arceus
|-curestatus|p2a: Arceus|tox|[msg]
|
|upkeep
|turn|19
|c| AnnouncerJohnathon|BACON CRISPY WITH ANOTHER TOXIC
|c| AnnouncerJohnathon|ARCEUS's JUDGEMENT!
|
|t:|1665414079
|switch|p2a: Ho-Oh|Ho-Oh|100/100 tox
|move|p1a: Necrozma but no|Toxic|p2a: Ho-Oh
|-fail|p2a: Ho-Oh|tox
|
|-damage|p2a: Ho-Oh|94/100 tox|[from] psn
|upkeep
|turn|20
|c| AnnouncerJohnathon|Eternatus switch in
|c| Announcer Josh|Bacon Crispy's signature Toxic, truly an incredible play i will not understand for years!
|c| AnnouncerJohnathon|another toxic
|
|t:|1665414089
|switch|p1a: Juan|Calyrex-Shadow|100/100
|-ability|p1a: Juan|As One
|-ability|p1a: Juan|Unnerve
|switch|p2a: Groudon|Groudon-Primal|100/100
|-damage|p2a: Groudon|88/100|[from] Stealth Rock
|-weather|DesolateLand|[from] ability: Desolate Land|[of] p2a: Groudon
|
|-weather|DesolateLand|[upkeep]
|upkeep
|turn|21
|
|t:|1665414098
|move|p1a: Juan|Substitute|p1a: Juan
|-start|p1a: Juan|Substitute
|-damage|p1a: Juan|76/100
|move|p2a: Groudon|Precipice Blades|p1a: Juan|[miss]
|-miss|p2a: Groudon|p1a: Juan
|
|-weather|DesolateLand|[upkeep]
|-heal|p1a: Juan|82/100|[from] item: Leftovers
|upkeep
|turn|22
|c| AnnouncerJohnathon|Calyrex-Shadow replacing Eternatus almost instantly
|c| Announcer Josh|And just like that...
|c| AnnouncerJohnathon|OHHHHH BOY.
|
|t:|1665414119
|-weather|none
|switch|p2a: Ho-Oh|Ho-Oh|100/100 tox
|move|p1a: Juan|Leech Seed|p2a: Ho-Oh
|-start|p2a: Ho-Oh|move: Leech Seed
|
|-heal|p1a: Juan|88/100|[from] item: Leftovers
|-damage|p2a: Ho-Oh|88/100 tox|[from] Leech Seed|[of] p1a: Juan
|-heal|p1a: Juan|100/100|[silent]
|-damage|p2a: Ho-Oh|82/100 tox|[from] psn
|upkeep
|turn|23
|c| AnnouncerJohnathon|Juan with the leech seed
|c| Announcer Josh|tf
|c| Announcer Josh|It gets Leech Seed?
|c| AnnouncerJohnathon|Had no idea either :skull:
|
|t:|1665414159
|switch|p2a: Tyranitar|Tyranitar, M|70/100 tox
|-damage|p2a: Tyranitar|57/100 tox|[from] Stealth Rock
|-weather|Sandstorm|[from] ability: Sand Stream|[of] p2a: Tyranitar
|move|p1a: Juan|Astral Barrage|p2a: Tyranitar
|-resisted|p2a: Tyranitar
|-damage|p2a: Tyranitar|41/100 tox
|
|-weather|Sandstorm|[upkeep]
|-damage|p1a: Juan|94/100|[from] Sandstorm
|-heal|p1a: Juan|100/100|[from] item: Leftovers
|-damage|p2a: Tyranitar|35/100 tox|[from] psn
|upkeep
|turn|24
|c| Announcer Josh|I mean ik how, but didn't expect it for the other forms to have it
|
|t:|1665414169
|move|p1a: Juan|Leech Seed|p2a: Tyranitar
|-start|p2a: Tyranitar|move: Leech Seed
|move|p2a: Tyranitar|Rest|p2a: Tyranitar
|-status|p2a: Tyranitar|slp|[from] move: Rest
|-heal|p2a: Tyranitar|100/100 slp|[silent]
|
|-weather|Sandstorm|[upkeep]
|-damage|p1a: Juan|94/100|[from] Sandstorm
|-heal|p1a: Juan|100/100|[from] item: Leftovers
|-damage|p2a: Tyranitar|88/100 slp|[from] Leech Seed|[of] p1a: Juan
|upkeep
|turn|25
|c| AnnouncerJohnathon|ASTRAL BARRAGE ONTO THE TYRANITAR
|c| AnnouncerJohnathon|chips away but it just isnt enough.
|c| AnnouncerJohnathon|It is turn 25 and we have seen 0 deaths, you know for a fact
|
|t:|1665414212
|switch|p1a: Ruh Roh Raggy|Zacian-Crowned|100/100
|-ability|p1a: Ruh Roh Raggy|Intrepid Sword|boost
|-boost|p1a: Ruh Roh Raggy|atk|1
|cant|p2a: Tyranitar|slp
|
|-weather|Sandstorm|[upkeep]
|-damage|p2a: Tyranitar|76/100 slp|[from] Leech Seed|[of] p1a: Ruh Roh Raggy
|upkeep
|turn|26
|c| AnnouncerJohnathon|we're in for a high intellect game
|
|t:|1665414220
|switch|p1a: Bacon Crispy|Yveltal, shiny|45/100
|-ability|p1a: Bacon Crispy|Dark Aura
|switch|p2a: Quagsire|Quagsire, F|100/100
|-damage|p2a: Quagsire|94/100|[from] Stealth Rock
|
|-weather|Sandstorm|[upkeep]
|-damage|p1a: Bacon Crispy|39/100|[from] Sandstorm
|-heal|p2a: Quagsire|100/100|[from] item: Leftovers
|upkeep
|turn|27
|c| AnnouncerJohnathon|BACON CRISPY OUT AGAIN
|
|t:|1665414231
|switch|p2a: Arceus|Arceus-Fairy|82/100
|-damage|p2a: Arceus|70/100|[from] Stealth Rock
|move|p1a: Bacon Crispy|Taunt|p2a: Arceus
|-start|p2a: Arceus|move: Taunt
|
|-weather|none
|upkeep
|turn|28
|c| AnnouncerJohnathon|the sandstorm goes back to brawlhalla.
|
|t:|1665414249
|switch|p1a: Necrozma but no|Eternatus|100/100
|-ability|p1a: Necrozma but no|Pressure
|move|p2a: Arceus|Judgment|p1a: Necrozma but no
|-crit|p1a: Necrozma but no
|-damage|p1a: Necrozma but no|60/100
|
|-heal|p1a: Necrozma but no|66/100|[from] item: Black Sludge
|upkeep
|turn|29
|
|t:|1665414261
|switch|p2a: Ho-Oh|Ho-Oh|100/100 tox
|move|p1a: Necrozma but no|Toxic|p2a: Ho-Oh
|-fail|p2a: Ho-Oh|tox
|
|-heal|p1a: Necrozma but no|72/100|[from] item: Black Sludge
|-damage|p2a: Ho-Oh|94/100 tox|[from] psn
|upkeep
|turn|30
|c| Announcer Josh|I mean i'll be honest my man Johnathon, i have no words. These plays are something else.
|c| AnnouncerJohnathon|You'd be lying if you said they weren't
|
|t:|1665414288
|switch|p1a: Bacon Crispy|Yveltal, shiny|39/100
|-ability|p1a: Bacon Crispy|Dark Aura
|switch|p2a: Zygarde|Zygarde|100/100
|-damage|p2a: Zygarde|94/100|[from] Stealth Rock
|
|-heal|p2a: Zygarde|100/100|[from] item: Leftovers
|upkeep
|turn|31
|
|t:|1665414299
|move|p2a: Zygarde|Toxic|p1a: Bacon Crispy
|-status|p1a: Bacon Crispy|tox
|move|p1a: Bacon Crispy|Toxic|p2a: Zygarde
|-status|p2a: Zygarde|tox
|
|-damage|p2a: Zygarde|94/100 tox|[from] psn
|-damage|p1a: Bacon Crispy|33/100 tox|[from] psn
|upkeep
|turn|32
|
|t:|1665414309
|move|p2a: Zygarde|Thousand Arrows|p1a: Bacon Crispy
|-damage|p1a: Bacon Crispy|10/100 tox
|-start|p1a: Bacon Crispy|Smack Down
|move|p1a: Bacon Crispy|Roost|p1a: Bacon Crispy
|-heal|p1a: Bacon Crispy|60/100 tox
|-singleturn|p1a: Bacon Crispy|move: Roost
|
|-heal|p2a: Zygarde|100/100 tox|[from] item: Leftovers
|-damage|p2a: Zygarde|88/100 tox|[from] psn
|-damage|p1a: Bacon Crispy|48/100 tox|[from] psn
|upkeep
|turn|33
|c| AnnouncerJohnathon|and this is just how it is in Kansas's Bronze League LAN Tournaments.
|
|t:|1665414316
|switch|p1a: ALMIGHTY SINNOH|Arceus-Ground|100/100
|move|p2a: Zygarde|Toxic|p1a: ALMIGHTY SINNOH
|-status|p1a: ALMIGHTY SINNOH|tox
|
|-heal|p2a: Zygarde|94/100 tox|[from] item: Leftovers
|-damage|p1a: ALMIGHTY SINNOH|94/100 tox|[from] psn
|-damage|p2a: Zygarde|76/100 tox|[from] psn
|upkeep
|turn|34
|
|t:|1665414328
|switch|p1a: Juan|Calyrex-Shadow|100/100
|-ability|p1a: Juan|As One
|-ability|p1a: Juan|Unnerve
|switch|p2a: Ho-Oh|Ho-Oh|100/100 tox
|
|-damage|p2a: Ho-Oh|94/100 tox|[from] psn
|upkeep
|turn|35
|c| AnnouncerJohnathon|Bacon Crispy gets Toxic'd
|
|t:|1665414338
|move|p1a: Juan|Substitute|p1a: Juan
|-start|p1a: Juan|Substitute
|-damage|p1a: Juan|76/100
|move|p2a: Ho-Oh|Defog|p1a: Juan
|-sideend|p2: ihavebestsandteam|Stealth Rock|[from] move: Defog|[of] p2a: Ho-Oh
|
|-heal|p1a: Juan|82/100|[from] item: Leftovers
|-damage|p2a: Ho-Oh|82/100 tox|[from] psn
|upkeep
|turn|36
|c| AnnouncerJohnathon|Will he survive the rest of this game?
|c| AnnouncerJohnathon|Juan with the Substitute
|
|t:|1665414360
|move|p1a: Juan|Leech Seed|p2a: Ho-Oh
|-start|p2a: Ho-Oh|move: Leech Seed
|move|p2a: Ho-Oh|Whirlwind|p1a: Juan
|drag|p1a: Ruh Roh Raggy|Zacian-Crowned|100/100
|-ability|p1a: Ruh Roh Raggy|Intrepid Sword|boost
|-boost|p1a: Ruh Roh Raggy|atk|1
|
|-damage|p2a: Ho-Oh|70/100 tox|[from] Leech Seed|[of] p1a: Ruh Roh Raggy
|-damage|p2a: Ho-Oh|52/100 tox|[from] psn
|upkeep
|turn|37
|c| AnnouncerJohnathon|Ho-Oh with the Defog for the 3rd time
|c| Announcer Josh|Could this be it?
|c| AnnouncerJohnathon|Zacian picked out the hat by Whirlwind
|
|t:|1665414387
|switch|p2a: Quagsire|Quagsire, F|100/100
|move|p1a: Ruh Roh Raggy|Assurance|p2a: Quagsire
|-damage|p2a: Quagsire|82/100
|
|-heal|p2a: Quagsire|88/100|[from] item: Leftovers
|upkeep
|turn|38
|c| AnnouncerJohnathon|Quagsire out again
|
|t:|1665414394
|switch|p1a: Bacon Crispy|Yveltal, shiny|48/100 tox
|-ability|p1a: Bacon Crispy|Dark Aura
|switch|p2a: Ho-Oh|Ho-Oh|85/100 tox
|
|-damage|p1a: Bacon Crispy|42/100 tox|[from] psn
|-damage|p2a: Ho-Oh|79/100 tox|[from] psn
|upkeep
|turn|39
|
|t:|1665414402
|switch|p2a: Arceus|Arceus-Fairy|70/100
|move|p1a: Bacon Crispy|Roost|p1a: Bacon Crispy
|-heal|p1a: Bacon Crispy|92/100 tox
|-singleturn|p1a: Bacon Crispy|move: Roost
|
|-damage|p1a: Bacon Crispy|79/100 tox|[from] psn
|upkeep
|turn|40
|
|t:|1665414406
|move|p2a: Arceus|Calm Mind|p2a: Arceus
|-boost|p2a: Arceus|spa|1
|-boost|p2a: Arceus|spd|1
|move|p1a: Bacon Crispy|Snarl|p2a: Arceus
|-resisted|p2a: Arceus
|-damage|p2a: Arceus|62/100
|-unboost|p2a: Arceus|spa|1
|
|-damage|p1a: Bacon Crispy|61/100 tox|[from] psn
|upkeep
|turn|41
|
|t:|1665414411
|move|p2a: Arceus|Recover|p2a: Arceus
|-heal|p2a: Arceus|100/100
|move|p1a: Bacon Crispy|Toxic|p2a: Arceus
|-status|p2a: Arceus|tox
|
|-damage|p2a: Arceus|94/100 tox|[from] psn
|-damage|p1a: Bacon Crispy|36/100 tox|[from] psn
|upkeep
|turn|42
|
|t:|1665414424
|switch|p1a: Ruh Roh Raggy|Zacian-Crowned|100/100
|-ability|p1a: Ruh Roh Raggy|Intrepid Sword|boost
|-boost|p1a: Ruh Roh Raggy|atk|1
|move|p2a: Arceus|Refresh|p2a: Arceus
|-curestatus|p2a: Arceus|tox|[msg]
|
|upkeep
|turn|43
|j| Arcanine1929
|c| AnnouncerJohnathon|ihavebestandteam proving why he is one of the best in Bronze League
|
|t:|1665414450
|switch|p1a: Bacon Crispy|Yveltal, shiny|36/100 tox
|-ability|p1a: Bacon Crispy|Dark Aura
|switch|p2a: Quagsire|Quagsire, F|88/100
|
|-heal|p2a: Quagsire|94/100|[from] item: Leftovers
|-damage|p1a: Bacon Crispy|30/100 tox|[from] psn
|upkeep
|turn|44
|c| AnnouncerJohnathon|aswell as ReturnHimToEmmet
|c| AnnouncerJohnathon|Bacon Crispy out again!
|n|+Arcanine1929|arcanine1929
|n|+Arcanine1929|arcanine1929
|c|☆ihavebestsandteam|/log Arcanine1929 was promoted to Room Voice by ihavebestsandteam.
|n|+Arcanine1929|arcanine1929
|
|t:|1665414468
|switch|p2a: Arceus|Arceus-Fairy|94/100
|move|p1a: Bacon Crispy|Roost|p1a: Bacon Crispy
|-heal|p1a: Bacon Crispy|80/100 tox
|-singleturn|p1a: Bacon Crispy|move: Roost
|
|-damage|p1a: Bacon Crispy|68/100 tox|[from] psn
|upkeep
|turn|45
|j| CakeyShowdown
|
|t:|1665414476
|switch|p2a: Zygarde|Zygarde|76/100 tox
|move|p1a: Bacon Crispy|Toxic|p2a: Zygarde
|-fail|p2a: Zygarde|tox
|
|-heal|p2a: Zygarde|82/100 tox|[from] item: Leftovers
|-damage|p2a: Zygarde|76/100 tox|[from] psn
|-damage|p1a: Bacon Crispy|50/100 tox|[from] psn
|upkeep
|turn|46
|c| AnnouncerJohnathon|it heals up
|
|t:|1665414482
|switch|p2a: Ho-Oh|Ho-Oh|100/100 tox
|switch|p1a: ALMIGHTY SINNOH|Arceus-Ground|94/100 tox
|
|-damage|p1a: ALMIGHTY SINNOH|88/100 tox|[from] psn
|-damage|p2a: Ho-Oh|94/100 tox|[from] psn
|upkeep
|turn|47
|c| AnnouncerJohnathon|A failed Toxic
|n|+CakeyShowdown|cakeyshowdown
|n|+CakeyShowdown|cakeyshowdown
|c|☆ihavebestsandteam|/log CakeyShowdown was promoted to Room Voice by ihavebestsandteam.
|n|+CakeyShowdown|cakeyshowdown
|
|t:|1665414498
|switch|p2a: Arceus|Arceus-Fairy|94/100
|move|p1a: ALMIGHTY SINNOH|Stealth Rock|p2a: Arceus
|-sidestart|p2: ihavebestsandteam|move: Stealth Rock
|
|-damage|p1a: ALMIGHTY SINNOH|76/100 tox|[from] psn
|upkeep
|turn|48
|c| AnnouncerJohnathon|Arceus switched in
|l|+CakeyShowdown
|
|t:|1665414516
|switch|p2a: Ho-Oh|Ho-Oh|100/100 tox
|switch|p1a: Ruh Roh Raggy|Zacian-Crowned|100/100
|-ability|p1a: Ruh Roh Raggy|Intrepid Sword|boost
|-boost|p1a: Ruh Roh Raggy|atk|1
|
|-damage|p2a: Ho-Oh|94/100 tox|[from] psn
|upkeep
|turn|49
|c| Announcer Josh|It has beeneth almost 50 turns, and it looks to me like we're still on turn 2
|
|t:|1665414542
|switch|p1a: Juan|Calyrex-Shadow|82/100
|-ability|p1a: Juan|As One
|-ability|p1a: Juan|Unnerve
|switch|p2a: Quagsire|Quagsire, F|94/100
|-damage|p2a: Quagsire|88/100|[from] Stealth Rock
|
|-heal|p1a: Juan|88/100|[from] item: Leftovers
|-heal|p2a: Quagsire|94/100|[from] item: Leftovers
|upkeep
|turn|50
|
|t:|1665414551
|switch|p2a: Ho-Oh|Ho-Oh|100/100 tox
|move|p1a: Juan|Substitute|p1a: Juan
|-start|p1a: Juan|Substitute
|-damage|p1a: Juan|63/100
|
|-heal|p1a: Juan|69/100|[from] item: Leftovers
|-damage|p2a: Ho-Oh|94/100 tox|[from] psn
|upkeep
|turn|51
|
|t:|1665414565
|move|p1a: Juan|Leech Seed|p2a: Ho-Oh|[miss]
|-miss|p1a: Juan|p2a: Ho-Oh
|move|p2a: Ho-Oh|Defog|p1a: Juan
|-sideend|p2: ihavebestsandteam|Stealth Rock|[from] move: Defog|[of] p2a: Ho-Oh
|
|-heal|p1a: Juan|75/100|[from] item: Leftovers
|-damage|p2a: Ho-Oh|82/100 tox|[from] psn
|upkeep
|turn|52
|
|t:|1665414571
|switch|p2a: Tyranitar|Tyranitar, M|76/100 slp
|-weather|Sandstorm|[from] ability: Sand Stream|[of] p2a: Tyranitar
|move|p1a: Juan|Leech Seed|p2a: Tyranitar|[miss]
|-miss|p1a: Juan|p2a: Tyranitar
|
|-weather|Sandstorm|[upkeep]
|-damage|p1a: Juan|69/100|[from] Sandstorm
|-heal|p1a: Juan|75/100|[from] item: Leftovers
|upkeep
|turn|53
|c| AnnouncerJohnathon|This is just how these two of the higher echelon play their games... no... wars.
|
|t:|1665414577
|move|p1a: Juan|Leech Seed|p2a: Tyranitar
|-start|p2a: Tyranitar|move: Leech Seed
|cant|p2a: Tyranitar|slp
|
|-weather|Sandstorm|[upkeep]
|-damage|p1a: Juan|69/100|[from] Sandstorm
|-heal|p1a: Juan|75/100|[from] item: Leftovers
|-damage|p2a: Tyranitar|63/100 slp|[from] Leech Seed|[of] p1a: Juan
|-heal|p1a: Juan|90/100|[silent]
|upkeep
|turn|54
|c| AnnouncerJohnathon|Juan with the Leech Seed
|
|t:|1665414636
|switch|p1a: Ruh Roh Raggy|Zacian-Crowned|100/100
|-ability|p1a: Ruh Roh Raggy|Intrepid Sword|boost
|-boost|p1a: Ruh Roh Raggy|atk|1
|-curestatus|p2a: Tyranitar|slp|[msg]
|move|p2a: Tyranitar|Stealth Rock|p1a: Ruh Roh Raggy
|-sidestart|p1: ReturnHimToEmmet|move: Stealth Rock
|
|-weather|Sandstorm|[upkeep]
|-damage|p2a: Tyranitar|51/100|[from] Leech Seed|[of] p1a: Ruh Roh Raggy
|upkeep
|turn|55
|c| AnnouncerJohnathon|Zacian switches out
|
|t:|1665414648
|switch|p1a: ALMIGHTY SINNOH|Arceus-Ground|76/100 tox
|-damage|p1a: ALMIGHTY SINNOH|70/100 tox|[from] Stealth Rock
|switch|p2a: Quagsire|Quagsire, F|94/100
|
|-weather|Sandstorm|[upkeep]
|-heal|p2a: Quagsire|99/100|[from] item: Leftovers
|-damage|p1a: ALMIGHTY SINNOH|64/100 tox|[from] psn
|upkeep
|turn|56
|c| AnnouncerJohnathon|predicted.
|c| Announcer Josh|Johnathon you utter fool.
|
|t:|1665414659
|switch|p2a: Ho-Oh|Ho-Oh|100/100 tox
|move|p1a: ALMIGHTY SINNOH|Defog|p2a: Ho-Oh
|-unboost|p2a: Ho-Oh|evasion|1
|-sideend|p1: ReturnHimToEmmet|Stealth Rock|[from] move: Defog|[of] p1a: ALMIGHTY SINNOH
|
|-weather|none
|-damage|p1a: ALMIGHTY SINNOH|52/100 tox|[from] psn
|-damage|p2a: Ho-Oh|94/100 tox|[from] psn
|upkeep
|turn|57
|c| Announcer Josh|They are having wars.
|
|t:|1665414665
|switch|p2a: Zygarde|Zygarde|76/100 tox
|move|p1a: ALMIGHTY SINNOH|Stealth Rock|p2a: Zygarde
|-sidestart|p2: ihavebestsandteam|move: Stealth Rock
|
|-heal|p2a: Zygarde|82/100 tox|[from] item: Leftovers
|-damage|p1a: ALMIGHTY SINNOH|34/100 tox|[from] psn
|-damage|p2a: Zygarde|76/100 tox|[from] psn
|upkeep
|turn|58
|c| Announcer Josh|Just miniature ones
|j| MetalReferencesMan
|
|t:|1665414673
|move|p1a: ALMIGHTY SINNOH|Recover|p1a: ALMIGHTY SINNOH
|-heal|p1a: ALMIGHTY SINNOH|84/100 tox
|move|p2a: Zygarde|Coil|p2a: Zygarde
|-boost|p2a: Zygarde|atk|1
|-boost|p2a: Zygarde|def|1
|-boost|p2a: Zygarde|accuracy|1
|
|-heal|p2a: Zygarde|82/100 tox|[from] item: Leftovers
|-damage|p1a: ALMIGHTY SINNOH|59/100 tox|[from] psn
|-damage|p2a: Zygarde|70/100 tox|[from] psn
|upkeep
|turn|59
|n|+MetalReferencesMan|metalreferencesman
|n|+MetalReferencesMan|metalreferencesman
|c|☆ihavebestsandteam|/log MetalReferencesMan was promoted to Room Voice by ihavebestsandteam.
|n|+MetalReferencesMan|metalreferencesman
|c| AnnouncerJohnathon|This is literally Ou Sen vs Ri Boku in a nutshell
|c| Announcer Josh|I do agree with this statement.
|c| AnnouncerJohnathon|This is if Kingdom was a Pokemon Battle
|c| Announcer Josh|Judging by this turn
|
|t:|1665414730
|move|p1a: ALMIGHTY SINNOH|Judgment|p2a: Zygarde
|-damage|p2a: Zygarde|26/100 tox
|move|p2a: Zygarde|Thousand Arrows|p1a: ALMIGHTY SINNOH
|-damage|p1a: ALMIGHTY SINNOH|37/100 tox
|
|-heal|p2a: Zygarde|32/100 tox|[from] item: Leftovers
|-damage|p1a: ALMIGHTY SINNOH|6/100 tox|[from] psn
|-damage|p2a: Zygarde|14/100 tox|[from] psn
|-activate|p2a: Zygarde|ability: Power Construct
|detailschange|p2a: Zygarde|Zygarde-Complete
|-heal|p2a: Zygarde|44/100 tox|[silent]
|upkeep
|turn|60
|c| Announcer Josh|This is a vital turn.
|c| Announcer Josh|Devistating damage mentally
|c| AnnouncerJohnathon|We could see the first Death soon!
|
|t:|1665414752
|switch|p1a: Bacon Crispy|Yveltal, shiny|50/100 tox
|-ability|p1a: Bacon Crispy|Dark Aura
|move|p2a: Zygarde|Thousand Arrows|p1a: Bacon Crispy
|-damage|p1a: Bacon Crispy|11/100 tox
|-start|p1a: Bacon Crispy|Smack Down
|
|-heal|p2a: Zygarde|50/100 tox|[from] item: Leftovers
|-damage|p1a: Bacon Crispy|5/100 tox|[from] psn
|-damage|p2a: Zygarde|25/100 tox|[from] psn
|upkeep
|turn|61
|c| AnnouncerJohnathon|BACON CRISPY SWITCHES IN
|c| AnnouncerJohnathon|HE CLUTCHES THE TOXIC?
|
|t:|1665414770
|move|p1a: Bacon Crispy|Roost|p1a: Bacon Crispy
|-heal|p1a: Bacon Crispy|55/100 tox
|-singleturn|p1a: Bacon Crispy|move: Roost
|move|p2a: Zygarde|Rest|p2a: Zygarde
|-status|p2a: Zygarde|slp|[from] move: Rest
|-heal|p2a: Zygarde|100/100 slp|[silent]
|
|-damage|p1a: Bacon Crispy|43/100 tox|[from] psn
|upkeep
|turn|62
|c| AnnouncerJohnathon|Roosts.
|c| AnnouncerJohnathon|they heal straight back up
|c|☆ReturnHimToEmmet|Oof I shouldve taunted maybe
|c|☆ihavebestsandteam|oof
|
|t:|1665414812
|switch|p1a: Necrozma but no|Eternatus|72/100
|-ability|p1a: Necrozma but no|Pressure
|switch|p2a: Tyranitar|Tyranitar, M|51/100
|-damage|p2a: Tyranitar|39/100|[from] Stealth Rock
|-weather|Sandstorm|[from] ability: Sand Stream|[of] p2a: Tyranitar
|
|-weather|Sandstorm|[upkeep]
|-damage|p1a: Necrozma but no|66/100|[from] Sandstorm
|-heal|p1a: Necrozma but no|72/100|[from] item: Black Sludge
|upkeep
|turn|63
|c| AnnouncerJohnathon|ReturnHimToEmmet having some internal regrets
|c|☆ihavebestsandteam|i knew you wouldn't taunt
|c| AnnouncerJohnathon|But it's too late to go back now!
|
|t:|1665414823
|move|p1a: Necrozma but no|Toxic|p2a: Tyranitar
|-status|p2a: Tyranitar|tox
|move|p2a: Tyranitar|Stealth Rock|p1a: Necrozma but no
|-sidestart|p1: ReturnHimToEmmet|move: Stealth Rock
|
|-weather|Sandstorm|[upkeep]
|-damage|p1a: Necrozma but no|66/100|[from] Sandstorm
|-heal|p1a: Necrozma but no|72/100|[from] item: Black Sludge
|-damage|p2a: Tyranitar|32/100 tox|[from] psn
|upkeep
|turn|64
|
|t:|1665414840
|move|p1a: Necrozma but no|Dynamax Cannon|p2a: Tyranitar
|-damage|p2a: Tyranitar|14/100 tox
|move|p2a: Tyranitar|Rest|p2a: Tyranitar
|-status|p2a: Tyranitar|slp|[from] move: Rest
|-heal|p2a: Tyranitar|100/100 slp|[silent]
|
|-weather|Sandstorm|[upkeep]
|-damage|p1a: Necrozma but no|66/100|[from] Sandstorm
|-heal|p1a: Necrozma but no|72/100|[from] item: Black Sludge
|upkeep
|turn|65
|c| Announcer Josh|After half the match, he finally manages to get the rocks up, this could cause a gigantic problem later!
|c| AnnouncerJohnathon|That is true Josh.
|
|t:|1665414885
|switch|p1a: ALMIGHTY SINNOH|Arceus-Ground|6/100 tox
|-damage|p1a: ALMIGHTY SINNOH|0 fnt|[from] Stealth Rock
|faint|p1a: ALMIGHTY SINNOH
|cant|p2a: Tyranitar|slp
|
|-weather|Sandstorm|[upkeep]
|upkeep
|
|t:|1665414895
|switch|p1a: Juan|Calyrex-Shadow|90/100
|-ability|p1a: Juan|As One
|-ability|p1a: Juan|Unnerve
|-damage|p1a: Juan|78/100|[from] Stealth Rock
|turn|66
|c| AnnouncerJohnathon|Arceus is too weak to Defog unfortunately
|
|t:|1665414899
|move|p1a: Juan|Substitute|p1a: Juan
|-start|p1a: Juan|Substitute
|-damage|p1a: Juan|53/100
|cant|p2a: Tyranitar|slp
|
|-weather|none
|-heal|p1a: Juan|59/100|[from] item: Leftovers
|upkeep
|turn|67
|
|t:|1665414903
|move|p1a: Juan|Leech Seed|p2a: Tyranitar
|-start|p2a: Tyranitar|move: Leech Seed
|-curestatus|p2a: Tyranitar|slp|[msg]
|move|p2a: Tyranitar|Rock Blast|p1a: Juan
|-activate|p1a: Juan|move: Substitute|[damage]
|-end|p1a: Juan|Substitute
|-hitcount|p1a: Juan|2
|
|-heal|p1a: Juan|65/100|[from] item: Leftovers
|-damage|p2a: Tyranitar|88/100|[from] Leech Seed|[of] p1a: Juan
|-heal|p1a: Juan|80/100|[silent]
|upkeep
|turn|68
|c| AnnouncerJohnathon|Stealth Rock is here to say it seems!
|
|t:|1665414914
|switch|p2a: Ho-Oh|Ho-Oh|100/100 tox
|move|p1a: Juan|Substitute|p1a: Juan
|-start|p1a: Juan|Substitute
|-damage|p1a: Juan|55/100
|
|-heal|p1a: Juan|61/100|[from] item: Leftovers
|-damage|p2a: Ho-Oh|94/100 tox|[from] psn
|upkeep
|turn|69
|c| AnnouncerJohnathon|Juan with the Leech Seed
|
|t:|1665414921
|move|p1a: Juan|Astral Barrage|p2a: Ho-Oh
|-damage|p2a: Ho-Oh|53/100 tox
|move|p2a: Ho-Oh|Defog|p1a: Juan
|-sideend|p1: ReturnHimToEmmet|Stealth Rock|[from] move: Defog|[of] p2a: Ho-Oh
|-sideend|p2: ihavebestsandteam|Stealth Rock|[from] move: Defog|[of] p2a: Ho-Oh
|
|-heal|p1a: Juan|67/100|[from] item: Leftovers
|-damage|p2a: Ho-Oh|41/100 tox|[from] psn
|upkeep
|turn|70
|c| Announcer Josh|Wow... that was a fatal misplay, or was it?
|
|t:|1665414936
|switch|p2a: Tyranitar|Tyranitar, M|88/100
|-weather|Sandstorm|[from] ability: Sand Stream|[of] p2a: Tyranitar
|move|p1a: Juan|Leech Seed|p2a: Tyranitar
|-start|p2a: Tyranitar|move: Leech Seed
|
|-weather|Sandstorm|[upkeep]
|-damage|p1a: Juan|61/100|[from] Sandstorm
|-heal|p1a: Juan|67/100|[from] item: Leftovers
|-damage|p2a: Tyranitar|76/100|[from] Leech Seed|[of] p1a: Juan
|-heal|p1a: Juan|82/100|[silent]
|upkeep
|turn|71
|c| AnnouncerJohnathon|Ho-Oh DEFOGS HIS SIDE
|
|t:|1665414948
|move|p1a: Juan|Astral Barrage|p2a: Tyranitar
|-resisted|p2a: Tyranitar
|-damage|p2a: Tyranitar|59/100
|move|p2a: Tyranitar|Stealth Rock|p1a: Juan
|-sidestart|p1: ReturnHimToEmmet|move: Stealth Rock
|
|-weather|Sandstorm|[upkeep]
|-damage|p1a: Juan|76/100|[from] Sandstorm
|-heal|p1a: Juan|82/100|[from] item: Leftovers
|-damage|p2a: Tyranitar|47/100|[from] Leech Seed|[of] p1a: Juan
|-heal|p1a: Juan|96/100|[silent]
|upkeep
|turn|72
|c| AnnouncerJohnathon|Just realised Arceus was the first death
|c| AnnouncerJohnathon|THE FIELD HAS JUST BECOME ONE SIDED!
|c|☆ReturnHimToEmmet|72 turns
|j| criziko
|c|☆ReturnHimToEmmet|I don't see a near end to this match. I think I'll go outside and touch some grass
|c| AnnouncerJohnathon|72 turns is only the beginning to the warfare.
|c|☆ReturnHimToEmmet|gg you play good
|c|☆ihavebestsandteam|ty
|c| AnnouncerJohnathon|or beginning of the end :Skull:
|-message|ReturnHimToEmmet forfeited.
|
|win|ihavebestsandteam
|raw|ReturnHimToEmmet's rating: 1664 &rarr; <strong>1648</strong><br />(-16 for losing)
|raw|ihavebestsandteam's rating: 1732 &rarr; <strong>1748</strong><br />(+16 for winning)
|l|☆ReturnHimToEmmet
|c| AnnouncerJohnathon|ihavebestandteam wins the game
|j| Mateusouzac
|c| Announcer Josh|JUST LIKE THAT
|l|☆ihavebestsandteam
|c| AnnouncerJohnathon|an absolutely impeccable game
|l| Mateusouzac
|c|+MetalReferencesMan|gg man
|c| Announcer Josh|One of them has decided this match is going nowhere
|c| Announcer Josh|Which is true!
|l|+Arcanine1929
|l| criziko
|l|+MetalReferencesMan
||Ladder isn't responding, score probably updated but might not have (Request timeout).
|c| AnnouncerJohnathon|:skull:
|l| AnnouncerJohnathon
|j|☆ihavebestsandteam
|player|p2|ihavebestsandteam|lucas
|l|☆ihavebestsandteam
|player|p2|
|l| Announcer Josh
|j| AnnouncerJohnathon
