|j|☆thicsucttv
|j|☆TestThisTestThat
|t:|1660628606
|gametype|singles
|player|p1|thicsucttv|266|1302
|player|p2|TestThisTestThat|flannery|1296
|teamsize|p1|6
|teamsize|p2|6
|gen|8
|tier|[Gen 8] National Dex AG
|rated|
|rule|HP Percentage Mod: HP is shown in percentages
|rule|Endless Battle Clause: Forcing endless battles is banned
|clearpoke
|poke|p1|Smeargle, M|
|poke|p1|Marshadow|
|poke|p1|Ninjask, F|
|poke|p1|Nidoking, M|
|poke|p1|Ditto|
|poke|p1|Lucario, M|
|poke|p2|Gengar, M|
|poke|p2|Rillaboom, M|
|poke|p2|Toxapex, F|
|poke|p2|Rotom-Wash|
|poke|p2|Dugtrio, M|
|poke|p2|Urshifu-*, M|
|teampreview
|inactive|Battle timer is ON: inactive players will automatically lose when time's up. (requested by TestThisTestThat)
|
|t:|1660628613
|start
|switch|p1a: Ninjask|Ninjask, F|100/100
|switch|p2a: Dugtrio|Dugtrio, M|100/100
|turn|1
|
|t:|1660628621
|move|p1a: Ninjask|Substitute|p1a: Ninjask
|-start|p1a: Ninjask|Substitute
|-damage|p1a: Ninjask|76/100
|move|p2a: Dugtrio|Stealth Rock|p1a: Ninjask
|-sidestart|p1: thicsucttv|move: Stealth Rock
|
|-ability|p1a: Ninjask|Speed Boost|boost
|-boost|p1a: Ninjask|spe|1
|upkeep
|turn|2
|
|t:|1660628629
|move|p1a: Ninjask|Swords Dance|p1a: Ninjask
|-boost|p1a: Ninjask|atk|2
|move|p2a: Dugtrio|Memento||[still]
|-fail|p2a: Dugtrio
|
|-ability|p1a: Ninjask|Speed Boost|boost
|-boost|p1a: Ninjask|spe|1
|upkeep
|turn|3
|
|t:|1660628639
|switch|p2a: Urshifu|Urshifu-Rapid-Strike, M|100/100
|move|p1a: Ninjask|Baton Pass|p1a: Ninjask
|
|t:|1660628646
|switch|p1a: Lucario|Lucario, M|100/100|[from]move: Baton Pass
|-damage|p1a: Lucario|98/100|[from] Stealth Rock
|
|upkeep
|turn|4
|
|t:|1660628653
|switch|p2a: Toxapex|Toxapex, F, shiny|100/100
|detailschange|p1a: Lucario|Lucario-Mega, M
|-mega|p1a: Lucario|Lucario|Lucarionite
|move|p1a: Lucario|Close Combat|p2a: Toxapex
|-resisted|p2a: Toxapex
|-damage|p2a: Toxapex|34/100
|-unboost|p1a: Lucario|def|1
|-unboost|p1a: Lucario|spd|1
|
|upkeep
|turn|5
|
|t:|1660628663
|move|p1a: Lucario|Close Combat|p2a: Toxapex
|-resisted|p2a: Toxapex
|-damage|p2a: Toxapex|0 fnt
|-unboost|p1a: Lucario|def|1
|-unboost|p1a: Lucario|spd|1
|faint|p2a: Toxapex
|
|upkeep
|
|t:|1660628667
|switch|p2a: Dugtrio|Dugtrio, M|100/100
|turn|6
|c|☆thicsucttv|Nice
|c|☆thicsucttv|Thanks
|
|t:|1660628683
|move|p1a: Lucario|Close Combat|p2a: Dugtrio
|-enditem|p2a: Dugtrio|Focus Sash
|-damage|p2a: Dugtrio|1/100
|-unboost|p1a: Lucario|def|1
|-unboost|p1a: Lucario|spd|1
|move|p2a: Dugtrio|Earthquake|p1a: Lucario
|-supereffective|p1a: Lucario
|-end|p1a: Lucario|Substitute
|
|upkeep
|turn|7
|
|t:|1660628693
|move|p2a: Dugtrio|Sucker Punch|p1a: Lucario
|-resisted|p1a: Lucario
|-damage|p1a: Lucario|61/100
|move|p1a: Lucario|Meteor Mash|p2a: Dugtrio
|-damage|p2a: Dugtrio|0 fnt
|faint|p2a: Dugtrio
|
|upkeep
|
|t:|1660628697
|switch|p2a: Rillaboom|Rillaboom, M|100/100
|-fieldstart|move: Grassy Terrain|[from] ability: Grassy Surge|[of] p2a: Rillaboom
|turn|8
|
|t:|1660628705
|move|p2a: Rillaboom|Grassy Glide|p1a: Lucario
|-resisted|p1a: Lucario
|-damage|p1a: Lucario|0 fnt
|faint|p1a: Lucario
|
|upkeep
|
|t:|1660628714
|switch|p1a: Nidoking|Nidoking, M, shiny|100/100
|-damage|p1a: Nidoking|95/100|[from] Stealth Rock
|turn|9
|
|t:|1660628719
|switch|p2a: Urshifu|Urshifu-Rapid-Strike, M|100/100
|move|p1a: Nidoking|Flamethrower|p2a: Urshifu
|-resisted|p2a: Urshifu
|-damage|p2a: Urshifu|79/100
|
|-heal|p2a: Urshifu|85/100|[from] Grassy Terrain
|-heal|p1a: Nidoking|100/100|[from] Grassy Terrain
|upkeep
|turn|10
|
|t:|1660628745
|switch|p1a: Marshadow|Marshadow|100/100
|-damage|p1a: Marshadow|94/100|[from] Stealth Rock
|move|p2a: Urshifu|Surging Strikes|p1a: Marshadow
|-crit|p1a: Marshadow
|-damage|p1a: Marshadow|68/100
|-crit|p1a: Marshadow
|-damage|p1a: Marshadow|44/100
|-crit|p1a: Marshadow
|-damage|p1a: Marshadow|19/100
|-hitcount|p1a: Marshadow|3
|
|-heal|p1a: Marshadow|25/100|[from] Grassy Terrain
|-heal|p2a: Urshifu|91/100|[from] Grassy Terrain
|upkeep
|turn|11
|inactive|thicsucttv has 120 seconds left.
|
|t:|1660628760
|switch|p2a: Rotom|Rotom-Wash, shiny|100/100
|move|p1a: Marshadow|Spectral Thief|p2a: Rotom
|-damage|p2a: Rotom|62/100
|
|-heal|p1a: Marshadow|32/100|[from] Grassy Terrain
|upkeep
|turn|12
|
|t:|1660628769
|move|p1a: Marshadow|Spectral Thief|p2a: Rotom
|-damage|p2a: Rotom|22/100
|-enditem|p2a: Rotom|Wiki Berry|[eat]
|-heal|p2a: Rotom|55/100|[from] item: Wiki Berry
|move|p2a: Rotom|Volt Switch|p1a: Marshadow
|-damage|p1a: Marshadow|5/100
|
|t:|1660628774
|switch|p2a: Gengar|Gengar, M, shiny|100/100|[from]move: Volt Switch
|
|-heal|p1a: Marshadow|11/100|[from] Grassy Terrain
|-fieldend|move: Grassy Terrain
|upkeep
|turn|13
|
|t:|1660628784
|detailschange|p2a: Gengar|Gengar-Mega, M, shiny
|-mega|p2a: Gengar|Gengar|Gengarite
|move|p1a: Marshadow|Shadow Sneak|p2a: Gengar
|-supereffective|p2a: Gengar
|-damage|p2a: Gengar|2/100
|move|p2a: Gengar|Shadow Ball|p1a: Marshadow
|-supereffective|p1a: Marshadow
|-damage|p1a: Marshadow|0 fnt
|faint|p1a: Marshadow
|
|upkeep
|
|t:|1660628795
|switch|p1a: Smeargle|Smeargle, M|100/100
|-damage|p1a: Smeargle|88/100|[from] Stealth Rock
|turn|14
|
|t:|1660628803
|move|p2a: Gengar|Taunt|p1a: Smeargle
|-start|p1a: Smeargle|move: Taunt
|cant|p1a: Smeargle|move: Taunt|Spore
|
|-ability|p1a: Smeargle|Moody|boost
|-boost|p1a: Smeargle|def|2
|-unboost|p1a: Smeargle|spd|1
|upkeep
|turn|15
|
|t:|1660628811
|move|p2a: Gengar|Sludge Bomb|p1a: Smeargle
|-damage|p1a: Smeargle|0 fnt
|faint|p1a: Smeargle
|
|upkeep
|
|t:|1660628816
|switch|p1a: Ditto|Ditto|100/100
|-damage|p1a: Ditto|88/100|[from] Stealth Rock
|-transform|p1a: Ditto|p2a: Gengar|[from] ability: Imposter
|turn|16
|
|t:|1660628829
|move|p1a: Ditto|Sludge Bomb|p2a: Gengar
|-resisted|p2a: Gengar
|-damage|p2a: Gengar|0 fnt
|faint|p2a: Gengar
|
|upkeep
|
|t:|1660628831
|switch|p2a: Rotom|Rotom-Wash, shiny|55/100
|turn|17
|
|t:|1660628837
|move|p1a: Ditto|Sludge Bomb|p2a: Rotom
|-damage|p2a: Rotom|0 fnt
|faint|p2a: Rotom
|
|upkeep
|
|t:|1660628839
|switch|p2a: Urshifu|Urshifu-Rapid-Strike, M|91/100
|turn|18
|
|t:|1660628844
|move|p1a: Ditto|Sludge Bomb|p2a: Urshifu
|-damage|p2a: Urshifu|33/100
|move|p2a: Urshifu|Surging Strikes|p1a: Ditto
|-crit|p1a: Ditto
|-damage|p1a: Ditto|51/100
|-crit|p1a: Ditto
|-damage|p1a: Ditto|14/100
|-crit|p1a: Ditto
|-damage|p1a: Ditto|0 fnt
|faint|p1a: Ditto
|-hitcount|p1: Ditto|3
|
|upkeep
|
|t:|1660628868
|switch|p1a: Ninjask|Ninjask, F|76/100
|-damage|p1a: Ninjask|26/100|[from] Stealth Rock
|turn|19
|
|t:|1660628874
|move|p1a: Ninjask|Protect|p1a: Ninjask
|-singleturn|p1a: Ninjask|Protect
|move|p2a: Urshifu|Surging Strikes|p1a: Ninjask
|-crit|p1a: Ninjask
|-damage|p1a: Ninjask|0 fnt
|faint|p1a: Ninjask
|-hitcount|p1: Ninjask|1
|
|upkeep
|
|t:|1660628883
|switch|p1a: Nidoking|Nidoking, M, shiny|100/100
|-damage|p1a: Nidoking|95/100|[from] Stealth Rock
|turn|20
|
|t:|1660628890
|-start|p1a: Nidoking|Dynamax|
|-heal|p1a: Nidoking|95/100|[silent]
|move|p2a: Urshifu|Surging Strikes|p1a: Nidoking
|-supereffective|p1a: Nidoking
|-crit|p1a: Nidoking
|-damage|p1a: Nidoking|67/100
|-supereffective|p1a: Nidoking
|-crit|p1a: Nidoking
|-damage|p1a: Nidoking|39/100
|-supereffective|p1a: Nidoking
|-crit|p1a: Nidoking
|-damage|p1a: Nidoking|13/100
|-hitcount|p1a: Nidoking|3
|move|p1a: Nidoking|Max Ooze|p2a: Urshifu
|-damage|p2a: Urshifu|0 fnt
|-boost|p1a: Nidoking|spa|1
|faint|p2a: Urshifu
|-damage|p1a: Nidoking|8/100|[from] item: Life Orb
|
|upkeep
|
|t:|1660628892
|switch|p2a: Rillaboom|Rillaboom, M|100/100
|-fieldstart|move: Grassy Terrain|[from] ability: Grassy Surge|[of] p2a: Rillaboom
|turn|21
|c|☆TestThisTestThat|By the power of monke
|c|☆TestThisTestThat|You must banish!
|
|t:|1660628911
|move|p2a: Rillaboom|Grassy Glide|p1a: Nidoking
|-damage|p1a: Nidoking|0 fnt
|faint|p1a: Nidoking
|
|win|TestThisTestThat
|raw|thicsucttv's rating: 1302 &rarr; <strong>1282</strong><br />(-20 for losing)
|raw|TestThisTestThat's rating: 1296 &rarr; <strong>1321</strong><br />(+25 for winning)
|l|☆thicsucttv
