|j|☆JedTheHumanoid
|j|☆ShadesTheMan
|t:|1651359438
|gametype|singles
|player|p1|JedTheHumanoid|tuber-gen3|1875
|player|p2|ShadesTheMan|backpacker|1749
|teamsize|p1|6
|teamsize|p2|6
|gen|8
|tier|[Gen 8] National Dex AG
|rated|
|rule|HP Percentage Mod: HP is shown in percentages
|rule|Endless Battle Clause: Forcing endless battles is banned
|clearpoke
|poke|p1|Palkia|
|poke|p1|Marshadow|
|poke|p1|Arceus-*|
|poke|p1|Calyrex-Shadow|
|poke|p1|Xerneas-*|
|poke|p1|Excadrill, M|
|poke|p2|Groudon|
|poke|p2|Rayquaza|
|poke|p2|Ho-Oh|
|poke|p2|Necrozma-Dusk-Mane|
|poke|p2|Yveltal|
|poke|p2|Regieleki|
|teampreview
|inactive|Battle timer is ON: inactive players will automatically lose when time's up. (requested by ShadesTheMan)
|
|t:|1651359451
|start
|switch|p1a: Excadrill|Excadrill, M|100/100
|switch|p2a: Smiter|Groudon|100/100
|-ability|p1a: Excadrill|Mold Breaker
|detailschange|p2a: Smiter|Groudon-Primal
|-primal|p2a: Smiter
|-weather|DesolateLand|[from] ability: Desolate Land|[of] p2a: Smiter
|turn|1
|
|t:|1651359454
|move|p2a: Smiter|Fire Punch|p1a: Excadrill
|-supereffective|p1a: Excadrill
|-enditem|p1a: Excadrill|Focus Sash
|-damage|p1a: Excadrill|1/100
|move|p1a: Excadrill|Stealth Rock|p2a: Smiter
|-sidestart|p2: ShadesTheMan|move: Stealth Rock
|
|-weather|DesolateLand|[upkeep]
|upkeep
|turn|2
|
|t:|1651359460
|move|p2a: Smiter|Fire Punch|p1a: Excadrill
|-supereffective|p1a: Excadrill
|-damage|p1a: Excadrill|0 fnt
|faint|p1a: Excadrill
|
|-weather|DesolateLand|[upkeep]
|upkeep
|
|t:|1651359475
|switch|p1a: Palkia|Palkia|100/100
|-ability|p1a: Palkia|Pressure
|turn|3
|
|t:|1651359492
|move|p2a: Smiter|Toxic|p1a: Palkia
|-status|p1a: Palkia|tox
|move|p1a: Palkia|Spacial Rend|p2a: Smiter
|-damage|p2a: Smiter|23/100
|
|-weather|DesolateLand|[upkeep]
|-damage|p1a: Palkia|94/100 tox|[from] psn
|upkeep
|turn|4
|
|t:|1651359499
|move|p2a: Smiter|Stealth Rock|p1a: Palkia
|-sidestart|p1: JedTheHumanoid|move: Stealth Rock
|move|p1a: Palkia|Spacial Rend|p2a: Smiter
|-damage|p2a: Smiter|0 fnt
|faint|p2a: Smiter
|-weather|none
|
|-damage|p1a: Palkia|82/100 tox|[from] psn
|upkeep
|
|t:|1651359506
|switch|p2a: Regieleki|Regieleki|100/100
|turn|5
|
|t:|1651359515
|move|p2a: Regieleki|Volt Switch|p1a: Palkia
|-damage|p1a: Palkia|38/100 tox
|
|t:|1651359518
|switch|p2a: Hound|Necrozma-Dusk-Mane|100/100|[from]move: Volt Switch
|-damage|p2a: Hound|94/100|[from] Stealth Rock
|move|p1a: Palkia|Spacial Rend|p2a: Hound
|-resisted|p2a: Hound
|-damage|p2a: Hound|72/100
|
|-heal|p2a: Hound|78/100|[from] item: Leftovers
|-damage|p1a: Palkia|19/100 tox|[from] psn
|upkeep
|turn|6
|
|t:|1651359522
|move|p1a: Palkia|Hydro Pump|p2a: Hound
|-damage|p2a: Hound|33/100
|move|p2a: Hound|Morning Sun|p2a: Hound
|-heal|p2a: Hound|83/100
|
|-heal|p2a: Hound|89/100|[from] item: Leftovers
|-damage|p1a: Palkia|0 fnt|[from] psn
|faint|p1a: Palkia
|upkeep
|
|t:|1651359543
|switch|p1a: Arceus|Arceus|100/100
|-damage|p1a: Arceus|88/100|[from] Stealth Rock
|turn|7
|
|t:|1651359549
|move|p1a: Arceus|Swords Dance|p1a: Arceus
|-boost|p1a: Arceus|atk|2
|move|p2a: Hound|Toxic|p1a: Arceus
|-status|p1a: Arceus|tox
|
|-heal|p2a: Hound|95/100|[from] item: Leftovers
|-damage|p1a: Arceus|82/100 tox|[from] psn
|upkeep
|turn|8
|
|t:|1651359562
|switch|p2a: Flappy Boi|Ho-Oh|100/100
|-start|p1a: Arceus|Dynamax|
|-heal|p1a: Arceus|82/100 tox|[silent]
|move|p1a: Arceus|Max Phantasm|p2a: Flappy Boi
|-damage|p2a: Flappy Boi|28/100
|-unboost|p2a: Flappy Boi|def|1
|
|-damage|p1a: Arceus|76/100 tox|[from] psn
|upkeep
|turn|9
|inactive|ShadesTheMan has 120 seconds left.
|inactive|ShadesTheMan has 90 seconds left.
|
|t:|1651359626
|switch|p2a: GOAT Jr|Rayquaza|100/100
|-damage|p2a: GOAT Jr|76/100|[from] Stealth Rock
|-ability|p2a: GOAT Jr|Air Lock
|move|p1a: Arceus|Max Phantasm|p2a: GOAT Jr
|-damage|p2a: GOAT Jr|0 fnt
|faint|p2a: GOAT Jr
|
|-damage|p1a: Arceus|66/100 tox|[from] psn
|upkeep
|inactive|ShadesTheMan has 90 seconds left.
|
|t:|1651359632
|switch|p2a: Flappy Boi|Ho-Oh|62/100
|turn|10
|
|t:|1651359639
|-start|p2a: Flappy Boi|Dynamax|
|-heal|p2a: Flappy Boi|62/100|[silent]
|move|p2a: Flappy Boi|Max Guard|p2a: Flappy Boi
|-singleturn|p2a: Flappy Boi|Max Guard
|move|p1a: Arceus|Max Strike|p2a: Flappy Boi
|-activate|p2a: Flappy Boi|move: Max Guard
|
|-damage|p1a: Arceus|54/100 tox|[from] psn
|upkeep
|-end|p1a: Arceus|Dynamax
|-heal|p1a: Arceus|54/100 tox|[silent]
|turn|11
|
|t:|1651359644
|move|p1a: Arceus|Extreme Speed|p2a: Flappy Boi
|-damage|p2a: Flappy Boi|35/100
|move|p2a: Flappy Boi|Max Flare|p1a: Arceus
|-damage|p1a: Arceus|17/100 tox
|-weather|SunnyDay
|
|-weather|SunnyDay|[upkeep]
|-damage|p1a: Arceus|0 fnt|[from] psn
|faint|p1a: Arceus
|upkeep
|
|t:|1651359655
|switch|p1a: Calyrex|Calyrex-Shadow|100/100
|-ability|p1a: Calyrex|As One
|-ability|p1a: Calyrex|Unnerve
|-damage|p1a: Calyrex|88/100|[from] Stealth Rock
|turn|12
|inactive|ShadesTheMan has 120 seconds left.
|
|t:|1651359661
|move|p1a: Calyrex|Substitute|p1a: Calyrex
|-start|p1a: Calyrex|Substitute
|-damage|p1a: Calyrex|63/100
|move|p2a: Flappy Boi|Max Flare|p1a: Calyrex
|-end|p1a: Calyrex|Substitute
|
|-weather|SunnyDay|[upkeep]
|upkeep
|-end|p2a: Flappy Boi|Dynamax
|-heal|p2a: Flappy Boi|35/100|[silent]
|turn|13
|inactive|ShadesTheMan has 120 seconds left.
|
|t:|1651359675
|switch|p2a: Dominance|Yveltal|100/100
|-damage|p2a: Dominance|76/100|[from] Stealth Rock
|-ability|p2a: Dominance|Dark Aura
|move|p1a: Calyrex|Astral Barrage|p2a: Dominance
|-resisted|p2a: Dominance
|-damage|p2a: Dominance|39/100
|
|-weather|SunnyDay|[upkeep]
|upkeep
|turn|14
|
|t:|1651359681
|move|p2a: Dominance|Sucker Punch|p1a: Calyrex
|-supereffective|p1a: Calyrex
|-damage|p1a: Calyrex|0 fnt
|faint|p1a: Calyrex
|-damage|p2a: Dominance|29/100|[from] item: Life Orb
|
|-weather|SunnyDay|[upkeep]
|upkeep
|
|t:|1651359682
|switch|p1a: Xerneas|Xerneas|100/100
|-damage|p1a: Xerneas|88/100|[from] Stealth Rock
|-ability|p1a: Xerneas|Fairy Aura
|turn|15
|
|t:|1651359701
|move|p1a: Xerneas|Moonblast|p2a: Dominance
|-supereffective|p2a: Dominance
|-damage|p2a: Dominance|0 fnt
|faint|p2a: Dominance
|
|-weather|none
|upkeep
|
|t:|1651359704
|switch|p2a: Hound|Necrozma-Dusk-Mane|95/100
|-damage|p2a: Hound|89/100|[from] Stealth Rock
|turn|16
|
|t:|1651359720
|switch|p1a: Marshadow|Marshadow|100/100
|-damage|p1a: Marshadow|94/100|[from] Stealth Rock
|move|p2a: Hound|Sunsteel Strike|p1a: Marshadow
|-damage|p1a: Marshadow|27/100
|
|-heal|p2a: Hound|95/100|[from] item: Leftovers
|upkeep
|turn|17
|
|t:|1651359724
|switch|p2a: Flappy Boi|Ho-Oh|68/100
|move|p1a: Marshadow|Endeavor|p2a: Flappy Boi
|-damage|p2a: Flappy Boi|21/100
|
|upkeep
|turn|18
|
|t:|1651359739
|move|p1a: Marshadow|Spectral Thief|p2a: Flappy Boi
|-damage|p2a: Flappy Boi|0 fnt
|faint|p2a: Flappy Boi
|
|upkeep
|
|t:|1651359741
|switch|p2a: Regieleki|Regieleki|100/100
|turn|19
|
|t:|1651359747
|move|p1a: Marshadow|Shadow Sneak|p2a: Regieleki
|-damage|p2a: Regieleki|32/100
|move|p2a: Regieleki|Thunderbolt|p1a: Marshadow
|-damage|p1a: Marshadow|0 fnt
|faint|p1a: Marshadow
|
|upkeep
|
|t:|1651359750
|switch|p1a: Xerneas|Xerneas|88/100
|-damage|p1a: Xerneas|76/100|[from] Stealth Rock
|-ability|p1a: Xerneas|Fairy Aura
|turn|20
|
|t:|1651359758
|move|p2a: Regieleki|Thunderbolt|p1a: Xerneas
|-damage|p1a: Xerneas|25/100
|move|p1a: Xerneas|Geomancy||[still]
|-prepare|p1a: Xerneas|Geomancy
|-enditem|p1a: Xerneas|Power Herb
|-anim|p1a: Xerneas|Geomancy|p1a: Xerneas
|-boost|p1a: Xerneas|spa|2
|-boost|p1a: Xerneas|spd|2
|-boost|p1a: Xerneas|spe|2
|
|upkeep
|turn|21
|
|t:|1651359766
|move|p1a: Xerneas|Hidden Power|p2a: Regieleki
|-supereffective|p2a: Regieleki
|-damage|p2a: Regieleki|0 fnt
|faint|p2a: Regieleki
|
|upkeep
|
|t:|1651359769
|switch|p2a: Hound|Necrozma-Dusk-Mane|95/100
|-damage|p2a: Hound|89/100|[from] Stealth Rock
|turn|22
|
|t:|1651359771
|move|p1a: Xerneas|Hidden Power|p2a: Hound
|-supereffective|p2a: Hound
|-damage|p2a: Hound|54/100
|move|p2a: Hound|Sunsteel Strike|p1a: Xerneas
|-supereffective|p1a: Xerneas
|-damage|p1a: Xerneas|0 fnt
|faint|p1a: Xerneas
|
|win|ShadesTheMan
|raw|JedTheHumanoid's rating: 1875 &rarr; <strong>1848</strong><br />(-27 for losing)
|raw|ShadesTheMan's rating: 1749 &rarr; <strong>1776</strong><br />(+27 for winning)
|c|☆JedTheHumanoid|gg
|c|☆ShadesTheMan|gg
|l|☆JedTheHumanoid
||Ladder isn't responding, score probably updated but might not have (Request timeout).
