|j|☆DerpsDeluxe
|j|☆MurderousMantyke
|t:|1665609325
|gametype|singles
|player|p1|DerpsDeluxe|noland-gen3|
|player|p2|MurderousMantyke|#helpstaffxmas|
|teamsize|p1|6
|teamsize|p2|6
|gen|8
|tier|[Gen 8] National Dex AG
|rated|Tournament battle
|rule|HP Percentage Mod: HP is shown in percentages
|rule|Endless Battle Clause: Forcing endless battles is banned
|rule|Dynamax Clause: You cannot dynamax
|rule|Mega Rayquaza Clause: You cannot mega evolve Rayquaza
|rule|OHKO Clause: OHKO moves are banned
|rule|Same Type Clause: Pokémon in a team must share a type
|rule|Sleep Clause Mod: Limit one foe put to sleep
|rule|Species Clause: Limit one of each Pokémon
|clearpoke
|poke|p1|Darmanitan-Galar, M|
|poke|p1|Kyurem-Black|
|poke|p1|Ninetales-Alola, F|
|poke|p1|Weavile, M|
|poke|p1|Cloyster, M|
|poke|p1|Calyrex-Ice|
|poke|p2|Arceus-*|
|poke|p2|Ho-Oh|
|poke|p2|Landorus, M|
|poke|p2|Salamence, M|
|poke|p2|Yveltal|
|poke|p2|Lugia|
|teampreview
|c|☆MurderousMantyke|hf
|j| tes099
|c|☆DerpsDeluxe|Gl Hf
|
|t:|1665609377
|start
|switch|p1a: Darmanitan|Darmanitan-Galar, M|100/100
|switch|p2a: Ho-Oh|Ho-Oh|100/100
|turn|1
|
|t:|1665609382
|move|p1a: Darmanitan|Icicle Crash|p2a: Ho-Oh
|-damage|p2a: Ho-Oh|8/100
|move|p2a: Ho-Oh|Sacred Fire|p1a: Darmanitan
|-supereffective|p1a: Darmanitan
|-damage|p1a: Darmanitan|0 fnt
|faint|p1a: Darmanitan
|
|upkeep
|c|☆MurderousMantyke|zam
|
|t:|1665609392
|switch|p1a: Kyurem|Kyurem-Black|100/100
|-ability|p1a: Kyurem|Teravolt
|turn|2
|
|t:|1665609412
|switch|p2a: Lugia|Lugia|100/100
|move|p1a: Kyurem|Substitute|p1a: Kyurem
|-start|p1a: Kyurem|Substitute
|-damage|p1a: Kyurem|76/100
|
|upkeep
|turn|3
|
|t:|1665609415
|move|p1a: Kyurem|Dragon Dance|p1a: Kyurem
|-boost|p1a: Kyurem|atk|1
|-boost|p1a: Kyurem|spe|1
|move|p2a: Lugia|Whirlwind|p1a: Kyurem
|drag|p1a: Cloyster|Cloyster, M|100/100
|
|upkeep
|turn|4
|
|t:|1665609419
|move|p2a: Lugia|Toxic|p1a: Cloyster
|-status|p1a: Cloyster|tox
|move|p1a: Cloyster|Teleport|p1a: Cloyster
|
|t:|1665609426
|switch|p1a: Ninetales|Ninetales-Alola, F|100/100|[from]move: Teleport
|-weather|Hail|[from] ability: Snow Warning|[of] p1a: Ninetales
|
|-weather|Hail|[upkeep]
|-damage|p2a: Lugia|94/100|[from] Hail
|upkeep
|turn|5
|j| retrocombo
|c| retrocombo|uh oh
|
|t:|1665609446
|move|p1a: Ninetales|Aurora Veil|p1a: Ninetales
|-sidestart|p1: DerpsDeluxe|move: Aurora Veil
|move|p2a: Lugia|Toxic|p1a: Ninetales|[miss]
|-miss|p2a: Lugia|p1a: Ninetales
|
|-weather|Hail|[upkeep]
|-damage|p2a: Lugia|88/100|[from] Hail
|upkeep
|turn|6
|
|t:|1665609451
|switch|p1a: Cloyster|Cloyster, M|100/100 tox
|move|p2a: Lugia|Toxic|p1a: Cloyster
|-fail|p1a: Cloyster|tox
|
|-weather|Hail|[upkeep]
|-damage|p2a: Lugia|82/100|[from] Hail
|-damage|p1a: Cloyster|95/100 tox|[from] psn
|upkeep
|turn|7
|
|t:|1665609455
|move|p2a: Lugia|Roost|p2a: Lugia
|-heal|p2a: Lugia|100/100
|-singleturn|p2a: Lugia|move: Roost
|move|p1a: Cloyster|Teleport|p1a: Cloyster
|
|t:|1665609468
|switch|p1a: Weavile|Weavile, M|100/100|[from]move: Teleport
|-ability|p1a: Weavile|Pressure
|
|-weather|Hail|[upkeep]
|-damage|p2a: Lugia|94/100|[from] Hail
|upkeep
|turn|8
|
|t:|1665609472
|move|p1a: Weavile|Triple Axel|p2a: Lugia|[miss]
|-miss|p1a: Weavile|p2a: Lugia
|move|p2a: Lugia|Toxic|p1a: Weavile|[miss]
|-miss|p2a: Lugia|p1a: Weavile
|
|-weather|none
|upkeep
|turn|9
|
|t:|1665609475
|move|p1a: Weavile|Triple Axel|p2a: Lugia
|-supereffective|p2a: Lugia
|-damage|p2a: Lugia|81/100
|-supereffective|p2a: Lugia
|-damage|p2a: Lugia|53/100
|-supereffective|p2a: Lugia
|-crit|p2a: Lugia
|-damage|p2a: Lugia|0 fnt
|faint|p2a: Lugia
|-hitcount|p2: Lugia|3
|
|upkeep
|
|t:|1665609480
|switch|p2a: Ho-Oh|Ho-Oh|42/100
|turn|10
|
|t:|1665609494
|switch|p2a: Yveltal|Yveltal|100/100
|-ability|p2a: Yveltal|Dark Aura
|move|p1a: Weavile|Triple Axel|p2a: Yveltal
|-supereffective|p2a: Yveltal
|-damage|p2a: Yveltal|82/100
|-supereffective|p2a: Yveltal
|-damage|p2a: Yveltal|42/100
|-supereffective|p2a: Yveltal
|-damage|p2a: Yveltal|0 fnt
|faint|p2a: Yveltal
|-hitcount|p2: Yveltal|3
|
|upkeep
|
|t:|1665609512
|switch|p2a: Ho-Oh|Ho-Oh|75/100
|turn|11
|
|t:|1665609517
|switch|p1a: Cloyster|Cloyster, M|95/100 tox
|move|p2a: Ho-Oh|Sacred Fire|p1a: Cloyster
|-damage|p1a: Cloyster|83/100 tox
|
|-damage|p1a: Cloyster|77/100 tox|[from] psn
|upkeep
|turn|12
|
|t:|1665609525
|switch|p2a: Arceus|Arceus-Flying|100/100
|move|p1a: Cloyster|Teleport|p1a: Cloyster
|
|t:|1665609530
|switch|p1a: Ninetales|Ninetales-Alola, F|100/100|[from]move: Teleport
|-weather|Hail|[from] ability: Snow Warning|[of] p1a: Ninetales
|
|-weather|Hail|[upkeep]
|-damage|p2a: Arceus|94/100|[from] Hail
|-sideend|p1: DerpsDeluxe|move: Aurora Veil
|upkeep
|turn|13
|
|t:|1665609542
|move|p2a: Arceus|Judgment|p1a: Ninetales
|-damage|p1a: Ninetales|40/100
|move|p1a: Ninetales|Aurora Veil|p1a: Ninetales
|-sidestart|p1: DerpsDeluxe|move: Aurora Veil
|
|-weather|Hail|[upkeep]
|-damage|p2a: Arceus|88/100|[from] Hail
|upkeep
|turn|14
|
|t:|1665609547
|move|p2a: Arceus|Substitute|p2a: Arceus
|-start|p2a: Arceus|Substitute
|-damage|p2a: Arceus|63/100
|move|p1a: Ninetales|Freeze-Dry|p2a: Arceus
|-supereffective|p2a: Arceus
|-end|p2a: Arceus|Substitute
|
|-weather|Hail|[upkeep]
|-damage|p2a: Arceus|57/100|[from] Hail
|upkeep
|turn|15
|
|t:|1665609551
|move|p2a: Arceus|Judgment|p1a: Ninetales
|-damage|p1a: Ninetales|12/100
|move|p1a: Ninetales|Freeze-Dry|p2a: Arceus
|-supereffective|p2a: Arceus
|-damage|p2a: Arceus|24/100
|
|-weather|Hail|[upkeep]
|-damage|p2a: Arceus|18/100|[from] Hail
|upkeep
|turn|16
|
|t:|1665609561
|move|p2a: Arceus|Judgment|p1a: Ninetales
|-crit|p1a: Ninetales
|-damage|p1a: Ninetales|0 fnt
|faint|p1a: Ninetales
|
|-weather|none
|upkeep
|
|t:|1665609563
|switch|p1a: Kyurem|Kyurem-Black|76/100
|-ability|p1a: Kyurem|Teravolt
|turn|17
|
|t:|1665609565
|move|p2a: Arceus|Judgment|p1a: Kyurem
|-damage|p1a: Kyurem|52/100
|move|p1a: Kyurem|Dragon Dance|p1a: Kyurem
|-boost|p1a: Kyurem|atk|1
|-boost|p1a: Kyurem|spe|1
|
|upkeep
|turn|18
|
|t:|1665609571
|move|p1a: Kyurem|Dragon Dance|p1a: Kyurem
|-boost|p1a: Kyurem|atk|1
|-boost|p1a: Kyurem|spe|1
|move|p2a: Arceus|Judgment|p1a: Kyurem
|-crit|p1a: Kyurem
|-damage|p1a: Kyurem|0 fnt
|faint|p1a: Kyurem
|
|upkeep
|c|☆MurderousMantyke|ah
|j|%Maj1nV
|
|t:|1665609582
|switch|p1a: Calyrex|Calyrex-Ice|100/100
|-ability|p1a: Calyrex|As One
|-ability|p1a: Calyrex|Unnerve
|turn|19
|c| retrocombo|poor dude would’ve won the game
|
|t:|1665609592
|move|p2a: Arceus|Judgment|p1a: Calyrex
|-damage|p1a: Calyrex|85/100
|move|p1a: Calyrex|Trick Room|p1a: Calyrex
|-fieldstart|move: Trick Room|[of] p1a: Calyrex
|
|upkeep
|turn|20
|c| retrocombo|prolly
|
|t:|1665609597
|move|p1a: Calyrex|Glacial Lance|p2a: Arceus
|-supereffective|p2a: Arceus
|-crit|p2a: Arceus
|-damage|p2a: Arceus|0 fnt
|faint|p2a: Arceus
|-ability|p1a: Calyrex|Chilling Neigh|boost
|-boost|p1a: Calyrex|atk|1
|
|-sideend|p1: DerpsDeluxe|move: Aurora Veil
|upkeep
|c|☆MurderousMantyke|they win now
|
|t:|1665609600
|switch|p2a: Ho-Oh|Ho-Oh|100/100
|turn|21
|
|t:|1665609604
|move|p1a: Calyrex|Glacial Lance|p2a: Ho-Oh
|-damage|p2a: Ho-Oh|0 fnt
|faint|p2a: Ho-Oh
|-ability|p1a: Calyrex|Chilling Neigh|boost
|-boost|p1a: Calyrex|atk|1
|
|upkeep
|c| retrocombo|Naw
|c|☆MurderousMantyke|yaw
|c| retrocombo|nvm
|-message|MurderousMantyke forfeited.
|
|win|DerpsDeluxe
|n|☆DerpsDeluxe|derpsdeluxe
|n|☆MurderousMantyke|murderousmantyke
|n| tes099|tes099
|n| retrocombo|retrocombo
|n| Maj1nV|maj1nv
