|j|☆MRH1106
|j|☆Buck X
|t:|1661200936
|gametype|singles
|player|p1|MRH1106|ghetsis|1737
|player|p2|Buck X|lance-masters|1930
|teamsize|p1|6
|teamsize|p2|6
|gen|8
|tier|[Gen 8] National Dex AG
|rated|
|rule|HP Percentage Mod: HP is shown in percentages
|rule|Endless Battle Clause: Forcing endless battles is banned
|clearpoke
|poke|p1|Zacian-*|
|poke|p1|Calyrex-Shadow|
|poke|p1|Rayquaza|
|poke|p1|Ditto|
|poke|p1|Yveltal|
|poke|p1|Arceus-*|
|poke|p2|Ho-Oh|
|poke|p2|Necrozma-Dusk-Mane|
|poke|p2|Yveltal|
|poke|p2|Ditto|
|poke|p2|Rayquaza|
|poke|p2|Marshadow|
|teampreview
|inactive|Battle timer is ON: inactive players will automatically lose when time's up. (requested by Buck X)
|inactive|MRH1106 also wants the timer to be on.
|c|☆MRH1106|oh shit sup buck
|c|☆Buck X|Nothing much
|c|☆Buck X|just testing
|c|☆MRH1106|im leading quaza btw
|inactive|Buck X has 120 seconds left.
|c|☆MRH1106|do what you want with that
|c|☆Buck X|Are
|c|☆Buck X|you
|c|☆Buck X|serious
|c|☆MRH1106|yes
|c|☆MRH1106|:)
|
|t:|1661200994
|start
|switch|p1a: Rayyyy|Rayquaza|100/100
|switch|p2a: Necrozma|Necrozma-Dusk-Mane|100/100
|-ability|p1a: Rayyyy|Air Lock
|turn|1
|
|t:|1661201003
|detailschange|p1a: Rayyyy|Rayquaza-Mega
|-mega|p1a: Rayyyy|Rayquaza|
|-weather|DeltaStream|[from] ability: Delta Stream|[of] p1a: Rayyyy
|move|p1a: Rayyyy|Dragon Dance|p1a: Rayyyy
|-boost|p1a: Rayyyy|atk|1
|-boost|p1a: Rayyyy|spe|1
|move|p2a: Necrozma|Sunsteel Strike|p1a: Rayyyy
|-damage|p1a: Rayyyy|54/100
|
|-weather|DeltaStream|[upkeep]
|upkeep
|turn|2
|
|t:|1661201007
|move|p1a: Rayyyy|Earthquake|p2a: Necrozma
|-supereffective|p2a: Necrozma
|-damage|p2a: Necrozma|42/100
|move|p2a: Necrozma|Stealth Rock|p1a: Rayyyy
|-sidestart|p1: MRH1106|move: Stealth Rock
|
|-weather|DeltaStream|[upkeep]
|-heal|p2a: Necrozma|48/100|[from] item: Leftovers
|upkeep
|turn|3
|c|☆MRH1106|its bonking time
|
|t:|1661201019
|move|p1a: Rayyyy|Earthquake|p2a: Necrozma
|-supereffective|p2a: Necrozma
|-damage|p2a: Necrozma|0 fnt
|faint|p2a: Necrozma
|
|-weather|DeltaStream|[upkeep]
|upkeep
|c|☆MRH1106|bonk
|
|t:|1661201024
|switch|p2a: Ditto|Ditto|100/100
|-transform|p2a: Ditto|p1a: Rayyyy|[from] ability: Imposter
|turn|4
|
|t:|1661201032
|move|p1a: Rayyyy|Extreme Speed|p2a: Ditto
|-damage|p2a: Ditto|30/100
|move|p2a: Ditto|Dragon Ascent|p1a: Rayyyy
|-damage|p1a: Rayyyy|0 fnt
|-unboost|p2a: Ditto|def|1
|-unboost|p2a: Ditto|spd|1
|faint|p1a: Rayyyy
|
|-weather|DeltaStream|[upkeep]
|upkeep
|c|☆MRH1106|bonk
|
|t:|1661201038
|switch|p1a: Hells dragon|Yveltal, shiny|100/100
|-damage|p1a: Hells dragon|76/100|[from] Stealth Rock
|-ability|p1a: Hells dragon|Dark Aura
|turn|5
|
|t:|1661201045
|-weather|none
|switch|p2a: Yveltal|Yveltal|100/100
|-ability|p2a: Yveltal|Dark Aura
|-start|p1a: Hells dragon|Dynamax|
|-heal|p1a: Hells dragon|76/100|[silent]
|move|p1a: Hells dragon|Max Airstream|p2a: Yveltal
|-damage|p2a: Yveltal|52/100
|-boost|p1a: Hells dragon|spe|1
|-damage|p1a: Hells dragon|71/100|[from] item: Life Orb
|
|upkeep
|turn|6
|c|☆MRH1106|BONK
|
|t:|1661201051
|move|p1a: Hells dragon|Max Darkness|p2a: Yveltal
|-resisted|p2a: Yveltal
|-damage|p2a: Yveltal|17/100
|-unboost|p2a: Yveltal|spd|1
|-damage|p1a: Hells dragon|66/100|[from] item: Life Orb
|move|p2a: Yveltal|Roost|p2a: Yveltal
|-heal|p2a: Yveltal|67/100
|-singleturn|p2a: Yveltal|move: Roost
|
|upkeep
|turn|7
|
|t:|1661201059
|switch|p2a: Ho-Oh|Ho-Oh|100/100
|move|p1a: Hells dragon|Max Airstream|p2a: Ho-Oh
|-damage|p2a: Ho-Oh|54/100
|-boost|p1a: Hells dragon|spe|1
|-damage|p1a: Hells dragon|61/100|[from] item: Life Orb
|
|upkeep
|-end|p1a: Hells dragon|Dynamax
|-heal|p1a: Hells dragon|61/100|[silent]
|turn|8
|
|t:|1661201062
|move|p1a: Hells dragon|Oblivion Wing|p2a: Ho-Oh
|-damage|p2a: Ho-Oh|20/100
|-heal|p1a: Hells dragon|87/100|[from] drain|[of] p2a: Ho-Oh
|-damage|p1a: Hells dragon|77/100|[from] item: Life Orb
|move|p2a: Ho-Oh|Sacred Fire|p1a: Hells dragon
|-damage|p1a: Hells dragon|34/100
|
|upkeep
|turn|9
|c|☆MRH1106|bonk :)
|
|t:|1661201077
|-start|p2a: Ho-Oh|Dynamax|
|-heal|p2a: Ho-Oh|20/100|[silent]
|move|p1a: Hells dragon|Oblivion Wing|p2a: Ho-Oh
|-damage|p2a: Ho-Oh|6/100
|-heal|p1a: Hells dragon|56/100|[from] drain|[of] p2a: Ho-Oh
|-damage|p1a: Hells dragon|47/100|[from] item: Life Orb
|move|p2a: Ho-Oh|Max Flare|p1a: Hells dragon
|-damage|p1a: Hells dragon|0 fnt
|-weather|SunnyDay
|faint|p1a: Hells dragon
|
|-weather|SunnyDay|[upkeep]
|upkeep
|c|☆MRH1106|OH FUCK
|c|☆MRH1106|HE BIG FR
|
|t:|1661201089
|switch|p1a: Legit god|Arceus-Ground|100/100
|-damage|p1a: Legit god|94/100|[from] Stealth Rock
|turn|10
|
|t:|1661201095
|-end|p2a: Ho-Oh|Dynamax
|-heal|p2a: Ho-Oh|6/100|[silent]
|switch|p2a: Yveltal|Yveltal|67/100
|-ability|p2a: Yveltal|Dark Aura
|move|p1a: Legit god|Ice Beam|p2a: Yveltal
|-supereffective|p2a: Yveltal
|-crit|p2a: Yveltal
|-damage|p2a: Yveltal|30/100
|
|-weather|SunnyDay|[upkeep]
|upkeep
|turn|11
|
|t:|1661201108
|move|p1a: Legit god|Ice Beam|p2a: Yveltal
|-supereffective|p2a: Yveltal
|-damage|p2a: Yveltal|3/100
|move|p2a: Yveltal|Roost|p2a: Yveltal
|-heal|p2a: Yveltal|53/100
|-singleturn|p2a: Yveltal|move: Roost
|
|-weather|SunnyDay|[upkeep]
|upkeep
|turn|12
|c|☆MRH1106|mannnn
|c|☆MRH1106|fuck defencive yveltal
|
|t:|1661201121
|move|p1a: Legit god|Defog|p2a: Yveltal
|-unboost|p2a: Yveltal|evasion|1
|-sideend|p1: MRH1106|Stealth Rock|[from] move: Defog|[of] p1a: Legit god
|move|p2a: Yveltal|Roost|p2a: Yveltal
|-heal|p2a: Yveltal|100/100
|-singleturn|p2a: Yveltal|move: Roost
|
|-weather|SunnyDay|[upkeep]
|upkeep
|turn|13
|
|t:|1661201127
|move|p1a: Legit god|Ice Beam|p2a: Yveltal
|-supereffective|p2a: Yveltal
|-damage|p2a: Yveltal|74/100
|move|p2a: Yveltal|Toxic|p1a: Legit god
|-status|p1a: Legit god|tox
|
|-weather|none
|-damage|p1a: Legit god|88/100 tox|[from] psn
|upkeep
|turn|14
|
|t:|1661201135
|switch|p1a: Knifepuppy|Zacian-Crowned|100/100
|-ability|p1a: Knifepuppy|Intrepid Sword|boost
|-boost|p1a: Knifepuppy|atk|1
|move|p2a: Yveltal|Roost|p2a: Yveltal
|-heal|p2a: Yveltal|100/100
|-singleturn|p2a: Yveltal|move: Roost
|
|upkeep
|turn|15
|c|☆Buck X|I win
|c|☆Buck X|gg
|
|t:|1661201152
|switch|p1a: Legit god|Arceus-Ground|88/100 tox
|switch|p2a: Ho-Oh|Ho-Oh|39/100
|
|-damage|p1a: Legit god|82/100 tox|[from] psn
|upkeep
|turn|16
|c|☆MRH1106|true
|
|t:|1661201160
|switch|p1a: Fuck you <3|Ditto, shiny|100/100
|-transform|p1a: Fuck you <3|p2a: Ho-Oh|[from] ability: Imposter
|switch|p2a: Yveltal|Yveltal|100/100
|-ability|p2a: Yveltal|Dark Aura
|
|upkeep
|turn|17
|
|t:|1661201167
|move|p1a: Fuck you <3|Toxic|p2a: Yveltal
|-status|p2a: Yveltal|tox
|move|p2a: Yveltal|Toxic|p1a: Fuck you <3
|-status|p1a: Fuck you <3|tox
|
|-damage|p1a: Fuck you <3|94/100 tox|[from] psn
|-damage|p2a: Yveltal|94/100 tox|[from] psn
|upkeep
|turn|18
|
|t:|1661201178
|switch|p1a: Knifepuppy|Zacian-Crowned|100/100
|-ability|p1a: Knifepuppy|Intrepid Sword|boost
|-boost|p1a: Knifepuppy|atk|1
|switch|p2a: Rayquaza|Rayquaza|100/100
|-ability|p2a: Rayquaza|Air Lock
|
|upkeep
|turn|19
|
|t:|1661201185
|switch|p2a: Yveltal|Yveltal|94/100 tox
|-ability|p2a: Yveltal|Dark Aura
|move|p1a: Knifepuppy|Behemoth Blade|p2a: Yveltal
|-damage|p2a: Yveltal|23/100 tox
|
|-damage|p2a: Yveltal|17/100 tox|[from] psn
|upkeep
|turn|20
|
|t:|1661201198
|switch|p1a: Legit god|Arceus-Ground|82/100 tox
|switch|p2a: Ho-Oh|Ho-Oh|73/100
|
|-damage|p1a: Legit god|76/100 tox|[from] psn
|upkeep
|turn|21
|
|t:|1661201204
|switch|p1a: Fuck you <3|Ditto, shiny|100/100 tox
|-transform|p1a: Fuck you <3|p2a: Ho-Oh|[from] ability: Imposter
|move|p2a: Ho-Oh|Sacred Fire|p1a: Fuck you <3
|-resisted|p1a: Fuck you <3
|-damage|p1a: Fuck you <3|82/100 tox
|
|-damage|p1a: Fuck you <3|76/100 tox|[from] psn
|upkeep
|turn|22
|
|t:|1661201207
|switch|p2a: Yveltal|Yveltal|17/100 tox
|-ability|p2a: Yveltal|Dark Aura
|move|p1a: Fuck you <3|Sacred Fire|p2a: Yveltal
|-damage|p2a: Yveltal|0 fnt
|faint|p2a: Yveltal
|
|-damage|p1a: Fuck you <3|64/100 tox|[from] psn
|upkeep
|c|☆MRH1106|i dont think you won yet :)
|
|t:|1661201224
|switch|p2a: Marshadow|Marshadow|100/100
|turn|23
|
|t:|1661201232
|-zpower|p2a: Marshadow
|move|p2a: Marshadow|Soul-Stealing 7-Star Strike|p1a: Fuck you <3|[zeffect]
|-damage|p1a: Fuck you <3|0 fnt
|faint|p1a: Fuck you <3
|
|upkeep
|c|☆MRH1106|YOOOOOOOOOOOOO
|c|☆MRH1106|ight now im fucked LMAO
|
|t:|1661201247
|switch|p1a: Knifepuppy|Zacian-Crowned|100/100
|-ability|p1a: Knifepuppy|Intrepid Sword|boost
|-boost|p1a: Knifepuppy|atk|1
|turn|24
|
|t:|1661201259
|switch|p2a: Rayquaza|Rayquaza|100/100
|-ability|p2a: Rayquaza|Air Lock
|move|p1a: Knifepuppy|Behemoth Blade|p2a: Rayquaza
|-damage|p2a: Rayquaza|6/100
|
|upkeep
|turn|25
|
|t:|1661201267
|switch|p1a: Legit god|Arceus-Ground|76/100 tox
|detailschange|p2a: Rayquaza|Rayquaza-Mega
|-mega|p2a: Rayquaza|Rayquaza|
|-weather|DeltaStream|[from] ability: Delta Stream|[of] p2a: Rayquaza
|move|p2a: Rayquaza|Extreme Speed|p1a: Legit god
|-damage|p1a: Legit god|46/100 tox
|-damage|p2a: Rayquaza|0 fnt|[from] item: Life Orb
|faint|p2a: Rayquaza
|-weather|none
|
|-damage|p1a: Legit god|39/100 tox|[from] psn
|upkeep
|
|t:|1661201276
|switch|p2a: Marshadow|Marshadow|100/100
|turn|26
|
|t:|1661201280
|move|p2a: Marshadow|Bulk Up|p2a: Marshadow
|-boost|p2a: Marshadow|atk|1
|-boost|p2a: Marshadow|def|1
|move|p1a: Legit god|Recover|p1a: Legit god
|-heal|p1a: Legit god|89/100 tox
|
|-damage|p1a: Legit god|77/100 tox|[from] psn
|upkeep
|turn|27
|
|t:|1661201291
|move|p2a: Marshadow|Spectral Thief|p1a: Legit god
|-damage|p1a: Legit god|28/100 tox
|move|p1a: Legit god|Judgment|p2a: Marshadow
|-damage|p2a: Marshadow|41/100
|
|-damage|p1a: Legit god|10/100 tox|[from] psn
|upkeep
|turn|28
|inactive|MRH1106 has 120 seconds left.
|
|t:|1661201322
|move|p2a: Marshadow|Spectral Thief|p1a: Legit god
|-damage|p1a: Legit god|0 fnt
|faint|p1a: Legit god
|
|upkeep
|
|t:|1661201323
|switch|p1a: Knifepuppy|Zacian-Crowned|100/100
|-ability|p1a: Knifepuppy|Intrepid Sword|boost
|-boost|p1a: Knifepuppy|atk|1
|turn|29
|
|t:|1661201327
|move|p2a: Marshadow|Shadow Sneak|p1a: Knifepuppy
|-damage|p1a: Knifepuppy|56/100
|move|p1a: Knifepuppy|Behemoth Blade|p2a: Marshadow
|-damage|p2a: Marshadow|0 fnt
|faint|p2a: Marshadow
|
|upkeep
|
|t:|1661201330
|switch|p2a: Ditto|Ditto|30/100
|-transform|p2a: Ditto|p1a: Knifepuppy|[from] ability: Imposter
|-ability|p2a: Ditto|Intrepid Sword|boost
|-boost|p2a: Ditto|atk|1
|turn|30
|
|t:|1661201337
|move|p2a: Ditto|Behemoth Blade|p1a: Knifepuppy
|-damage|p1a: Knifepuppy|0 fnt
|faint|p1a: Knifepuppy
|
|upkeep
|
|t:|1661201338
|switch|p1a: YeeHaw~|Calyrex-Shadow|100/100
|-ability|p1a: YeeHaw~|As One
|-ability|p1a: YeeHaw~|Unnerve
|turn|31
|c|☆MRH1106|unless if i can crit ho oh gg lmao
|
|t:|1661201346
|switch|p2a: Ho-Oh|Ho-Oh|100/100
|move|p1a: YeeHaw~|Astral Barrage|p2a: Ho-Oh
|-damage|p2a: Ho-Oh|60/100
|
|upkeep
|turn|32
|
|t:|1661201351
|move|p1a: YeeHaw~|Astral Barrage|p2a: Ho-Oh
|-damage|p2a: Ho-Oh|16/100
|move|p2a: Ho-Oh|Sacred Fire|p1a: YeeHaw~
|-damage|p1a: YeeHaw~|46/100
|-status|p1a: YeeHaw~|brn
|
|-damage|p1a: YeeHaw~|40/100 brn|[from] brn
|upkeep
|turn|33
|
|t:|1661201358
|move|p1a: YeeHaw~|Astral Barrage|p2a: Ho-Oh
|-damage|p2a: Ho-Oh|0 fnt
|faint|p2a: Ho-Oh
|-ability|p1a: YeeHaw~|Grim Neigh|boost
|-boost|p1a: YeeHaw~|spa|1
|
|-damage|p1a: YeeHaw~|33/100 brn|[from] brn
|upkeep
|
|t:|1661201361
|switch|p2a: Ditto|Ditto|30/100
|-transform|p2a: Ditto|p1a: YeeHaw~|[from] ability: Imposter
|turn|34
|c|☆MRH1106|you know you guarenteed won without that right
|
|t:|1661201369
|move|p2a: Ditto|Astral Barrage|p1a: YeeHaw~
|-supereffective|p1a: YeeHaw~
|-damage|p1a: YeeHaw~|0 fnt
|faint|p1a: YeeHaw~
|
|win|Buck X
|raw|MRH1106's rating: 1737 &rarr; <strong>1727</strong><br />(-10 for losing)
|raw|Buck X's rating: 1930 &rarr; <strong>1940</strong><br />(+10 for winning)
|c|☆Buck X|Idc
|c|☆MRH1106|fair
|c|☆MRH1106|gg
|c|☆Buck X|i play safe
