|j|☆Stall is so noob
|j|☆Maxime et Fildrong
|player|p1|Stall is so noob|emmet|1577
|player|p2|Maxime et Fildrong|chuck|1338
|teamsize|p1|6
|teamsize|p2|6
|gametype|singles
|gen|8
|tier|[Gen 8] National Dex AG
|rated|
|clearpoke
|poke|p1|Rayquaza|
|poke|p1|Arceus-*|
|poke|p1|Necrozma-Dusk-Mane|
|poke|p1|Yveltal|
|poke|p1|Groudon|
|poke|p1|Zacian-*|
|poke|p2|Rayquaza|
|poke|p2|Arceus-*|
|poke|p2|Marshadow|
|poke|p2|Groudon|
|poke|p2|Kyogre|
|poke|p2|Melmetal|
|rule|HP Percentage Mod: HP is shown in percentages
|rule|Endless Battle Clause: Forcing endless battles is banned
|teampreview
|j| ghjuy
|l|☆Maxime et Fildrong
|player|p2|
|l| ghjuy
|inactive|Battle timer is ON: inactive players will automatically lose when time's up. (requested by Stall is so noob)
|j|☆Maxime et Fildrong
|inactive|Maxime et Fildrong reconnected and has 145 seconds left.
|player|p2|Maxime et Fildrong|chuck
|
|start
|switch|p1a: The Grateful Death|Yveltal, shiny|100/100
|switch|p2a: Melmetal|Melmetal|100/100
|-ability|p1a: The Grateful Death|Dark Aura
|turn|1
|
|-start|p1a: The Grateful Death|Dynamax
|-heal|p1a: The Grateful Death|100/100|[silent]
|-start|p2a: Melmetal|Dynamax
|-formechange|p2a: Melmetal|Melmetal-Gmax
|-heal|p2a: Melmetal|100/100|[silent]
|move|p1a: The Grateful Death|Max Airstream|p2a: Melmetal
|-resisted|p2a: Melmetal
|-damage|p2a: Melmetal|76/100
|-boost|p1a: The Grateful Death|spe|1
|-damage|p1a: The Grateful Death|96/100|[from] item: Life Orb
|move|p2a: Melmetal|Max Hailstorm|p1a: The Grateful Death
|-supereffective|p1a: The Grateful Death
|-damage|p1a: The Grateful Death|48/100
|-weather|Hail
|
|-weather|Hail|[upkeep]
|-damage|p1a: The Grateful Death|45/100|[from] Hail
|-damage|p2a: Melmetal|73/100|[from] Hail
|-heal|p2a: Melmetal|76/100|[from] item: Leftovers
|upkeep
|turn|2
|
|move|p1a: The Grateful Death|Max Flare|p2a: Melmetal
|-supereffective|p2a: Melmetal
|-damage|p2a: Melmetal|6/100
|-weather|SunnyDay
|-damage|p1a: The Grateful Death|40/100|[from] item: Life Orb
|move|p2a: Melmetal|G-Max Meltdown|p1a: The Grateful Death
|-damage|p1a: The Grateful Death|0 fnt
|faint|p1a: The Grateful Death
|
|-weather|SunnyDay|[upkeep]
|-heal|p2a: Melmetal|9/100|[from] item: Leftovers
|upkeep
|inactive|Stall is so noob has 120 seconds left.
|
|switch|p1a: The Sun|Groudon, shiny|100/100
|detailschange|p1a: The Sun|Groudon-Primal, shiny
|-primal|p1a: The Sun
|-weather|DesolateLand|[from] ability: Desolate Land|[of] p1a: The Sun
|turn|3
|
|move|p2a: Melmetal|Max Guard|p2a: Melmetal
|-singleturn|p2a: Melmetal|Max Guard
|move|p1a: The Sun|Stealth Rock|p2a: Melmetal
|-sidestart|p2: Maxime et Fildrong|move: Stealth Rock
|
|-weather|DesolateLand|[upkeep]
|-heal|p2a: Melmetal|12/100|[from] item: Leftovers
|-end|p2a: Melmetal|Dynamax
|-formechange|p2a: Melmetal|Melmetal
|-heal|p2a: Melmetal|12/100|[silent]
|upkeep
|turn|4
|
|move|p1a: The Sun|Precipice Blades|p2a: Melmetal
|-supereffective|p2a: Melmetal
|-damage|p2a: Melmetal|0 fnt
|faint|p2a: Melmetal
|
|-weather|DesolateLand|[upkeep]
|upkeep
|
|switch|p2a: Kyogre|Kyogre|100/100
|-damage|p2a: Kyogre|88/100|[from] Stealth Rock
|detailschange|p2a: Kyogre|Kyogre-Primal
|-primal|p2a: Kyogre
|-weather|PrimordialSea|[from] ability: Primordial Sea|[of] p2a: Kyogre
|turn|5
|inactive|Stall is so noob has 120 seconds left.
|
|move|p2a: Kyogre|Origin Pulse|p1a: The Sun
|-supereffective|p1a: The Sun
|-damage|p1a: The Sun|0 fnt
|faint|p1a: The Sun
|
|-weather|PrimordialSea|[upkeep]
|upkeep
|
|switch|p1a: Star Platinum|Rayquaza, shiny|100/100
|-ability|p1a: Star Platinum|Air Lock
|turn|6
|
|-weather|none
|switch|p2a: Arceus|Arceus-Steel|100/100
|-damage|p2a: Arceus|94/100|[from] Stealth Rock
|detailschange|p1a: Star Platinum|Rayquaza-Mega, shiny
|-mega|p1a: Star Platinum|Rayquaza|
|-weather|DeltaStream|[from] ability: Delta Stream|[of] p1a: Star Platinum
|move|p1a: Star Platinum|Dragon Dance|p1a: Star Platinum
|-boost|p1a: Star Platinum|atk|1
|-boost|p1a: Star Platinum|spe|1
|
|-weather|DeltaStream|[upkeep]
|upkeep
|turn|7
|
|move|p1a: Star Platinum|Earthquake|p2a: Arceus
|-supereffective|p2a: Arceus
|-damage|p2a: Arceus|14/100
|-damage|p1a: Star Platinum|91/100|[from] item: Life Orb
|move|p2a: Arceus|Defog|p1a: Star Platinum
|-unboost|p1a: Star Platinum|evasion|1
|-sideend|p2: Maxime et Fildrong|Stealth Rock|[from] move: Defog|[of] p2a: Arceus
|
|-weather|DeltaStream|[upkeep]
|upkeep
|turn|8
|inactive|Stall is so noob has 120 seconds left.
|
|move|p1a: Star Platinum|Earthquake|p2a: Arceus
|-supereffective|p2a: Arceus
|-damage|p2a: Arceus|0 fnt
|-damage|p1a: Star Platinum|81/100|[from] item: Life Orb
|faint|p2a: Arceus
|
|-weather|DeltaStream|[upkeep]
|upkeep
|
|switch|p2a: Marshadow|Marshadow|100/100
|turn|9
|
|-weather|none
|switch|p1a: The World|Arceus, shiny|100/100
|move|p2a: Marshadow|Spectral Thief|p1a: The World
|-immune|p1a: The World
|
|upkeep
|turn|10
|
|switch|p2a: Groudon|Groudon|100/100
|detailschange|p2a: Groudon|Groudon-Primal
|-primal|p2a: Groudon
|-weather|DesolateLand|[from] ability: Desolate Land|[of] p2a: Groudon
|move|p1a: The World|Shadow Claw|p2a: Groudon
|-damage|p2a: Groudon|82/100
|-damage|p1a: The World|91/100|[from] item: Life Orb
|
|-weather|DesolateLand|[upkeep]
|upkeep
|turn|11
|
|move|p1a: The World|Earthquake|p2a: Groudon
|-supereffective|p2a: Groudon
|-damage|p2a: Groudon|26/100
|-damage|p1a: The World|81/100|[from] item: Life Orb
|move|p2a: Groudon|Stealth Rock|p1a: The World
|-sidestart|p1: Stall is so noob|move: Stealth Rock
|
|-weather|DesolateLand|[upkeep]
|upkeep
|turn|12
|
|-weather|none
|switch|p2a: Rayquaza|Rayquaza|100/100
|-ability|p2a: Rayquaza|Air Lock
|move|p1a: The World|Earthquake|p2a: Rayquaza
|-immune|p2a: Rayquaza
|
|upkeep
|turn|13
|
|switch|p2a: Groudon|Groudon-Primal|26/100
|-weather|DesolateLand|[from] ability: Desolate Land|[of] p2a: Groudon
|move|p1a: The World|Extreme Speed|p2a: Groudon
|-damage|p2a: Groudon|0 fnt
|-damage|p1a: The World|71/100|[from] item: Life Orb
|faint|p2a: Groudon
|-weather|none
|
|upkeep
|
|switch|p2a: Marshadow|Marshadow|100/100
|turn|14
|
|move|p2a: Marshadow|Close Combat|p1a: The World
|-supereffective|p1a: The World
|-damage|p1a: The World|0 fnt
|-unboost|p2a: Marshadow|def|1
|-unboost|p2a: Marshadow|spd|1
|faint|p1a: The World
|
|upkeep
|
|switch|p1a: Silver Chariot|Zacian-Crowned|100/100
|-damage|p1a: Silver Chariot|94/100|[from] Stealth Rock
|-ability|p1a: Silver Chariot|Intrepid Sword|boost
|-boost|p1a: Silver Chariot|atk|1
|turn|15
|
|move|p1a: Silver Chariot|Behemoth Blade|p2a: Marshadow
|-enditem|p2a: Marshadow|Focus Sash
|-damage|p2a: Marshadow|1/100
|move|p2a: Marshadow|Spectral Thief||[still]
|-clearpositiveboost|p1a: Silver Chariot|p2a: Marshadow|move: Spectral Thief
|-boost|p2a: Marshadow|atk|1
|-anim|p2a: Marshadow|Spectral Thief|p1a: Silver Chariot
|-damage|p1a: Silver Chariot|28/100
|
|upkeep
|turn|16
|
|move|p2a: Marshadow|Shadow Sneak|p1a: Silver Chariot
|-damage|p1a: Silver Chariot|0 fnt
|faint|p1a: Silver Chariot
|
|upkeep
|
|switch|p1a: Gold Experience|Necrozma-Dusk-Mane, shiny|100/100
|-damage|p1a: Gold Experience|95/100|[from] Stealth Rock
|turn|17
|
|detailschange|p1a: Gold Experience|Necrozma-Ultra, shiny
|-burst|p1a: Gold Experience|Necrozma|Ultranecrozium Z
|move|p1a: Gold Experience|Photon Geyser|p2a: Marshadow
|-supereffective|p2a: Marshadow
|-damage|p2a: Marshadow|0 fnt
|faint|p2a: Marshadow
|
|upkeep
|
|switch|p2a: Rayquaza|Rayquaza|100/100
|-ability|p2a: Rayquaza|Air Lock
|turn|18
|
|detailschange|p2a: Rayquaza|Rayquaza-Mega
|-mega|p2a: Rayquaza|Rayquaza|
|-weather|DeltaStream|[from] ability: Delta Stream|[of] p2a: Rayquaza
|-zpower|p1a: Gold Experience
|move|p1a: Gold Experience|Light That Burns the Sky|p2a: Rayquaza|[zeffect]
|-damage|p2a: Rayquaza|0 fnt
|faint|p2a: Rayquaza
|-weather|none
|
|upkeep
|
|switch|p2a: Kyogre|Kyogre-Primal|88/100
|-weather|PrimordialSea|[from] ability: Primordial Sea|[of] p2a: Kyogre
|turn|19
|
|move|p1a: Gold Experience|Photon Geyser|p2a: Kyogre
|-damage|p2a: Kyogre|15/100
|move|p2a: Kyogre|Ice Beam|p1a: Gold Experience
|-supereffective|p1a: Gold Experience
|-damage|p1a: Gold Experience|15/100
|
|-weather|PrimordialSea|[upkeep]
|upkeep
|turn|20
|
|move|p1a: Gold Experience|Photon Geyser|p2a: Kyogre
|-damage|p2a: Kyogre|0 fnt
|faint|p2a: Kyogre
|-weather|none
|
|win|Stall is so noob
|l|☆Maxime et Fildrong
|raw|Stall is so noob's rating: 1600 &rarr; <strong>1608</strong><br />(+8 for winning)
|raw|Maxime et Fildrong's rating: 1339 &rarr; <strong>1331</strong><br />(-8 for losing)
