|j|☆rowletroost
|j|☆Chayel
|t:|1621129455
|gametype|singles
|player|p1|rowletroost|caitlin|1643
|player|p2|Chayel|swimmerf-gen4|1685
|teamsize|p1|6
|teamsize|p2|6
|gen|8
|tier|[Gen 8] National Dex AG
|rated|
|rule|HP Percentage Mod: HP is shown in percentages
|rule|Endless Battle Clause: Forcing endless battles is banned
|clearpoke
|poke|p1|Arceus-*|
|poke|p1|Xerneas-*|
|poke|p1|Kyogre|
|poke|p1|Marshadow|
|poke|p1|Ribombee, M|
|poke|p1|Vivillon-River, M|
|poke|p2|Zacian-*|
|poke|p2|Xerneas-*|
|poke|p2|Yveltal|
|poke|p2|Rayquaza|
|poke|p2|Calyrex-Ice|
|poke|p2|Eternatus|
|teampreview
|inactive|Battle timer is ON: inactive players will automatically lose when time's up. (requested by Chayel)
|
|t:|1621129473
|start
|switch|p1a: Ribombee|Ribombee, M, shiny|100/100
|switch|p2a: Yveltal|Yveltal|100/100
|-ability|p2a: Yveltal|Dark Aura
|turn|1
|
|t:|1621129478
|move|p1a: Ribombee|Sticky Web|p2a: Yveltal
|-sidestart|p2: Chayel|move: Sticky Web
|move|p2a: Yveltal|Oblivion Wing|p1a: Ribombee
|-supereffective|p1a: Ribombee
|-enditem|p1a: Ribombee|Focus Sash
|-damage|p1a: Ribombee|1/100
|
|upkeep
|turn|2
|
|t:|1621129481
|move|p1a: Ribombee|Moonblast|p2a: Yveltal
|-supereffective|p2a: Yveltal
|-damage|p2a: Yveltal|42/100
|-enditem|p2a: Yveltal|Weakness Policy
|-boost|p2a: Yveltal|atk|2|[from] item: Weakness Policy
|-boost|p2a: Yveltal|spa|2|[from] item: Weakness Policy
|move|p2a: Yveltal|Oblivion Wing|p1a: Ribombee
|-supereffective|p1a: Ribombee
|-damage|p1a: Ribombee|0 fnt
|-heal|p2a: Yveltal|42/100|[from] drain|[of] p1a: Ribombee
|faint|p1a: Ribombee
|
|upkeep
|
|t:|1621129497
|switch|p1a: Marshadow|Marshadow|100/100
|turn|3
|inactiveoff|Battle timer is now OFF.
|
|t:|1621129499
|move|p2a: Yveltal|Sucker Punch|p1a: Marshadow
|-enditem|p1a: Marshadow|Focus Sash
|-damage|p1a: Marshadow|1/100
|move|p1a: Marshadow|Rock Tomb|p2a: Yveltal
|-supereffective|p2a: Yveltal
|-damage|p2a: Yveltal|0 fnt
|faint|p2a: Yveltal
|
|upkeep
|inactive|Battle timer is ON: inactive players will automatically lose when time's up. (requested by rowletroost)
|
|t:|1621129514
|switch|p2a: Zacian|Zacian-Crowned|100/100
|-activate|p2a: Zacian|move: Sticky Web
|-unboost|p2a: Zacian|spe|1
|-ability|p2a: Zacian|Intrepid Sword|boost
|-boost|p2a: Zacian|atk|1
|turn|4
|
|t:|1621129517
|move|p1a: Marshadow|Spectral Thief||[still]
|-clearpositiveboost|p2a: Zacian|p1a: Marshadow|move: Spectral Thief
|-boost|p1a: Marshadow|atk|1
|-anim|p1a: Marshadow|Spectral Thief|p2a: Zacian
|-damage|p2a: Zacian|35/100
|move|p2a: Zacian|Behemoth Blade|p1a: Marshadow
|-damage|p1a: Marshadow|0 fnt
|faint|p1a: Marshadow
|
|upkeep
|
|t:|1621129520
|switch|p1a: Vivillon|Vivillon-River, M|100/100
|turn|5
|
|t:|1621129527
|move|p1a: Vivillon|Sleep Powder|p2a: Zacian
|-status|p2a: Zacian|slp|[from] move: Sleep Powder
|cant|p2a: Zacian|slp
|
|upkeep
|turn|6
|
|t:|1621129529
|move|p1a: Vivillon|Substitute|p1a: Vivillon
|-start|p1a: Vivillon|Substitute
|-damage|p1a: Vivillon|76/100
|cant|p2a: Zacian|slp
|
|-heal|p1a: Vivillon|82/100|[from] item: Leftovers
|upkeep
|turn|7
|
|t:|1621129533
|move|p1a: Vivillon|Quiver Dance|p1a: Vivillon
|-boost|p1a: Vivillon|spa|1
|-boost|p1a: Vivillon|spd|1
|-boost|p1a: Vivillon|spe|1
|cant|p2a: Zacian|slp
|
|-heal|p1a: Vivillon|88/100|[from] item: Leftovers
|upkeep
|turn|8
|
|t:|1621129541
|move|p1a: Vivillon|Hurricane|p2a: Zacian
|-resisted|p2a: Zacian
|-damage|p2a: Zacian|5/100 slp
|-curestatus|p2a: Zacian|slp|[msg]
|move|p2a: Zacian|Behemoth Blade|p1a: Vivillon
|-crit|p1a: Vivillon
|-end|p1a: Vivillon|Substitute
|
|-heal|p1a: Vivillon|94/100|[from] item: Leftovers
|upkeep
|turn|9
|
|t:|1621129547
|move|p1a: Vivillon|Sleep Powder|p2a: Zacian
|-status|p2a: Zacian|slp|[from] move: Sleep Powder
|cant|p2a: Zacian|slp
|
|-heal|p1a: Vivillon|99/100|[from] item: Leftovers
|upkeep
|turn|10
|
|t:|1621129551
|switch|p2a: Eternatus|Eternatus|100/100
|-activate|p2a: Eternatus|move: Sticky Web
|-unboost|p2a: Eternatus|spe|1
|-ability|p2a: Eternatus|Pressure
|move|p1a: Vivillon|Substitute|p1a: Vivillon
|-start|p1a: Vivillon|Substitute
|-damage|p1a: Vivillon|75/100
|
|-heal|p1a: Vivillon|81/100|[from] item: Leftovers
|upkeep
|turn|11
|
|t:|1621129555
|move|p1a: Vivillon|Sleep Powder|p2a: Eternatus
|-status|p2a: Eternatus|slp|[from] move: Sleep Powder
|cant|p2a: Eternatus|slp
|
|-heal|p1a: Vivillon|87/100|[from] item: Leftovers
|upkeep
|turn|12
|
|t:|1621129559
|move|p1a: Vivillon|Quiver Dance|p1a: Vivillon
|-boost|p1a: Vivillon|spa|1
|-boost|p1a: Vivillon|spd|1
|-boost|p1a: Vivillon|spe|1
|cant|p2a: Eternatus|slp
|
|-heal|p1a: Vivillon|93/100|[from] item: Leftovers
|upkeep
|turn|13
|
|t:|1621129563
|move|p1a: Vivillon|Hurricane|p2a: Eternatus
|-damage|p2a: Eternatus|25/100 slp
|-curestatus|p2a: Eternatus|slp|[msg]
|move|p2a: Eternatus|Mystical Fire|p1a: Vivillon
|-supereffective|p1a: Vivillon
|-end|p1a: Vivillon|Substitute
|
|-heal|p1a: Vivillon|99/100|[from] item: Leftovers
|upkeep
|turn|14
|
|t:|1621129569
|move|p1a: Vivillon|Sleep Powder|p2a: Eternatus
|-status|p2a: Eternatus|slp|[from] move: Sleep Powder
|cant|p2a: Eternatus|slp
|
|-heal|p1a: Vivillon|100/100|[from] item: Leftovers
|upkeep
|turn|15
|
|t:|1621129571
|move|p1a: Vivillon|Substitute|p1a: Vivillon
|-start|p1a: Vivillon|Substitute
|-damage|p1a: Vivillon|76/100
|-curestatus|p2a: Eternatus|slp|[msg]
|move|p2a: Eternatus|Mystical Fire|p1a: Vivillon
|-supereffective|p1a: Vivillon
|-end|p1a: Vivillon|Substitute
|
|-heal|p1a: Vivillon|82/100|[from] item: Leftovers
|upkeep
|turn|16
|
|t:|1621129575
|move|p1a: Vivillon|Sleep Powder|p2a: Eternatus
|-status|p2a: Eternatus|slp|[from] move: Sleep Powder
|cant|p2a: Eternatus|slp
|
|-heal|p1a: Vivillon|88/100|[from] item: Leftovers
|upkeep
|turn|17
|
|t:|1621129577
|move|p1a: Vivillon|Substitute|p1a: Vivillon
|-start|p1a: Vivillon|Substitute
|-damage|p1a: Vivillon|63/100
|-curestatus|p2a: Eternatus|slp|[msg]
|move|p2a: Eternatus|Mystical Fire|p1a: Vivillon
|-supereffective|p1a: Vivillon
|-end|p1a: Vivillon|Substitute
|
|-heal|p1a: Vivillon|69/100|[from] item: Leftovers
|upkeep
|turn|18
|
|t:|1621129580
|move|p1a: Vivillon|Sleep Powder|p2a: Eternatus
|-status|p2a: Eternatus|slp|[from] move: Sleep Powder
|cant|p2a: Eternatus|slp
|
|-heal|p1a: Vivillon|75/100|[from] item: Leftovers
|upkeep
|turn|19
|
|t:|1621129583
|move|p1a: Vivillon|Substitute|p1a: Vivillon
|-start|p1a: Vivillon|Substitute
|-damage|p1a: Vivillon|50/100
|-curestatus|p2a: Eternatus|slp|[msg]
|move|p2a: Eternatus|Mystical Fire|p1a: Vivillon
|-supereffective|p1a: Vivillon
|-end|p1a: Vivillon|Substitute
|
|-heal|p1a: Vivillon|56/100|[from] item: Leftovers
|upkeep
|turn|20
|
|t:|1621129586
|move|p1a: Vivillon|Sleep Powder|p2a: Eternatus
|-status|p2a: Eternatus|slp|[from] move: Sleep Powder
|cant|p2a: Eternatus|slp
|
|-heal|p1a: Vivillon|62/100|[from] item: Leftovers
|upkeep
|turn|21
|
|t:|1621129588
|move|p1a: Vivillon|Substitute|p1a: Vivillon
|-start|p1a: Vivillon|Substitute
|-damage|p1a: Vivillon|37/100
|cant|p2a: Eternatus|slp
|
|-heal|p1a: Vivillon|43/100|[from] item: Leftovers
|upkeep
|turn|22
|
|t:|1621129591
|move|p1a: Vivillon|Hurricane|p2a: Eternatus
|-damage|p2a: Eternatus|0 fnt
|faint|p2a: Eternatus
|
|-heal|p1a: Vivillon|49/100|[from] item: Leftovers
|upkeep
|
|t:|1621129593
|switch|p2a: Rayquaza|Rayquaza|100/100
|-ability|p2a: Rayquaza|Air Lock
|turn|23
|
|t:|1621129596
|detailschange|p2a: Rayquaza|Rayquaza-Mega
|-mega|p2a: Rayquaza|Rayquaza|
|-weather|DeltaStream|[from] ability: Delta Stream|[of] p2a: Rayquaza
|move|p2a: Rayquaza|Extreme Speed|p1a: Vivillon
|-end|p1a: Vivillon|Substitute
|move|p1a: Vivillon|Sleep Powder|p2a: Rayquaza
|-status|p2a: Rayquaza|slp|[from] move: Sleep Powder
|
|-weather|DeltaStream|[upkeep]
|-heal|p1a: Vivillon|55/100|[from] item: Leftovers
|upkeep
|turn|24
|
|t:|1621129605
|cant|p2a: Rayquaza|slp
|move|p1a: Vivillon|Substitute|p1a: Vivillon
|-start|p1a: Vivillon|Substitute
|-damage|p1a: Vivillon|30/100
|
|-weather|DeltaStream|[upkeep]
|-heal|p1a: Vivillon|36/100|[from] item: Leftovers
|upkeep
|turn|25
|
|t:|1621129607
|cant|p2a: Rayquaza|slp
|move|p1a: Vivillon|Hurricane|p2a: Rayquaza
|-damage|p2a: Rayquaza|16/100 slp
|
|-weather|DeltaStream|[upkeep]
|-heal|p1a: Vivillon|42/100|[from] item: Leftovers
|upkeep
|turn|26
|
|t:|1621129610
|-curestatus|p2a: Rayquaza|slp|[msg]
|move|p2a: Rayquaza|Extreme Speed|p1a: Vivillon
|-crit|p1a: Vivillon
|-end|p1a: Vivillon|Substitute
|move|p1a: Vivillon|Hurricane|p2a: Rayquaza
|-damage|p2a: Rayquaza|0 fnt
|faint|p2a: Rayquaza
|-weather|none
|
|-heal|p1a: Vivillon|48/100|[from] item: Leftovers
|upkeep
|
|t:|1621129620
|switch|p2a: Calyrex|Calyrex-Ice|100/100
|-ability|p2a: Calyrex|As One
|-ability|p2a: Calyrex|Unnerve
|-activate|p2a: Calyrex|move: Sticky Web
|-unboost|p2a: Calyrex|spe|1
|turn|27
|
|t:|1621129622
|move|p1a: Vivillon|Sleep Powder|p2a: Calyrex
|-status|p2a: Calyrex|slp|[from] move: Sleep Powder
|cant|p2a: Calyrex|slp
|
|-heal|p1a: Vivillon|54/100|[from] item: Leftovers
|upkeep
|turn|28
|
|t:|1621129625
|move|p1a: Vivillon|Substitute|p1a: Vivillon
|-start|p1a: Vivillon|Substitute
|-damage|p1a: Vivillon|29/100
|cant|p2a: Calyrex|slp
|
|-heal|p1a: Vivillon|35/100|[from] item: Leftovers
|upkeep
|turn|29
|
|t:|1621129629
|move|p1a: Vivillon|Hurricane|p2a: Calyrex
|-damage|p2a: Calyrex|36/100 slp
|-start|p2a: Calyrex|confusion
|cant|p2a: Calyrex|slp
|
|-heal|p1a: Vivillon|41/100|[from] item: Leftovers
|upkeep
|turn|30
|
|t:|1621129633
|move|p1a: Vivillon|Hurricane|p2a: Calyrex
|-damage|p2a: Calyrex|0 fnt
|faint|p2a: Calyrex
|
|-heal|p1a: Vivillon|47/100|[from] item: Leftovers
|upkeep
|
|t:|1621129638
|switch|p2a: Xerneas|Xerneas|100/100
|-activate|p2a: Xerneas|move: Sticky Web
|-unboost|p2a: Xerneas|spe|1
|-ability|p2a: Xerneas|Fairy Aura
|turn|31
|
|t:|1621129643
|move|p1a: Vivillon|Sleep Powder|p2a: Xerneas
|-status|p2a: Xerneas|slp|[from] move: Sleep Powder
|cant|p2a: Xerneas|slp
|
|-heal|p1a: Vivillon|53/100|[from] item: Leftovers
|upkeep
|turn|32
|
|t:|1621129648
|move|p1a: Vivillon|Hurricane|p2a: Xerneas
|-damage|p2a: Xerneas|28/100 slp
|-start|p2a: Xerneas|confusion
|cant|p2a: Xerneas|slp
|
|-heal|p1a: Vivillon|59/100|[from] item: Leftovers
|upkeep
|turn|33
|
|t:|1621129652
|move|p1a: Vivillon|Hurricane|p2a: Xerneas
|-damage|p2a: Xerneas|0 fnt
|faint|p2a: Xerneas
|
|-heal|p1a: Vivillon|65/100|[from] item: Leftovers
|upkeep
|
|t:|1621129654
|switch|p2a: Zacian|Zacian-Crowned|5/100 slp
|-activate|p2a: Zacian|move: Sticky Web
|-unboost|p2a: Zacian|spe|1
|-ability|p2a: Zacian|Intrepid Sword|boost
|-boost|p2a: Zacian|atk|1
|turn|34
|
|t:|1621129657
|move|p1a: Vivillon|Hurricane|p2a: Zacian
|-resisted|p2a: Zacian
|-damage|p2a: Zacian|0 fnt
|faint|p2a: Zacian
|
|win|rowletroost
|raw|rowletroost's rating: 1643 &rarr; <strong>1665</strong><br />(+22 for winning)
|raw|Chayel's rating: 1685 &rarr; <strong>1663</strong><br />(-22 for losing)
