|j|☆rajof
|j|☆yoooyooyo
|t:|1662735823
|gametype|singles
|player|p1|rajof|youngster-gen4|1970
|player|p2|yoooyooyo|266|1845
|teamsize|p1|6
|teamsize|p2|6
|gen|8
|tier|[Gen 8] National Dex AG
|rated|
|rule|HP Percentage Mod: HP is shown in percentages
|rule|Endless Battle Clause: Forcing endless battles is banned
|clearpoke
|poke|p1|Arceus-*|
|poke|p1|Ditto|
|poke|p1|Chansey, F|
|poke|p1|Lugia|
|poke|p1|Groudon|
|poke|p1|Arceus-*|
|poke|p2|Grimmsnarl, M|
|poke|p2|Arceus-*|
|poke|p2|Arceus-*|
|poke|p2|Arceus-*|
|poke|p2|Arceus-*|
|poke|p2|Arceus-*|
|teampreview
|
|t:|1662735832
|start
|switch|p1a: 아르세우스|Arceus-Fairy|100/100
|switch|p2a: Arceus|Arceus-Ghost|100/100
|turn|1
|
|t:|1662735840
|move|p2a: Arceus|Stealth Rock|p1a: 아르세우스
|-sidestart|p1: rajof|move: Stealth Rock
|move|p1a: 아르세우스|Judgment|p2a: Arceus
|-damage|p2a: Arceus|64/100
|
|upkeep
|turn|2
|
|t:|1662735845
|move|p2a: Arceus|Judgment|p1a: 아르세우스
|-damage|p1a: 아르세우스|55/100
|move|p1a: 아르세우스|Calm Mind|p1a: 아르세우스
|-boost|p1a: 아르세우스|spa|1
|-boost|p1a: 아르세우스|spd|1
|
|upkeep
|turn|3
|
|t:|1662735850
|switch|p2a: Arceus|Arceus-Steel|100/100
|move|p1a: 아르세우스|Recover|p1a: 아르세우스
|-heal|p1a: 아르세우스|100/100
|
|upkeep
|turn|4
|
|t:|1662735863
|move|p2a: Arceus|Calm Mind|p2a: Arceus
|-boost|p2a: Arceus|spa|1
|-boost|p2a: Arceus|spd|1
|move|p1a: 아르세우스|Earth Power|p2a: Arceus
|-supereffective|p2a: Arceus
|-damage|p2a: Arceus|72/100
|
|upkeep
|turn|5
|
|t:|1662735871
|switch|p1a: 그란돈|Groudon|100/100
|-damage|p1a: 그란돈|94/100|[from] Stealth Rock
|detailschange|p1a: 그란돈|Groudon-Primal
|-primal|p1a: 그란돈
|-weather|DesolateLand|[from] ability: Desolate Land|[of] p1a: 그란돈
|move|p2a: Arceus|Calm Mind|p2a: Arceus
|-boost|p2a: Arceus|spa|1
|-boost|p2a: Arceus|spd|1
|
|-weather|DesolateLand|[upkeep]
|upkeep
|turn|6
|
|t:|1662735883
|move|p2a: Arceus|Iron Defense|p2a: Arceus
|-boost|p2a: Arceus|def|2
|move|p1a: 그란돈|Precipice Blades|p2a: Arceus
|-supereffective|p2a: Arceus
|-damage|p2a: Arceus|20/100
|
|-weather|DesolateLand|[upkeep]
|upkeep
|turn|7
|
|t:|1662735891
|move|p2a: Arceus|Recover|p2a: Arceus
|-heal|p2a: Arceus|70/100
|move|p1a: 그란돈|Swords Dance|p1a: 그란돈
|-boost|p1a: 그란돈|atk|2
|
|-weather|DesolateLand|[upkeep]
|upkeep
|turn|8
|
|t:|1662735901
|move|p2a: Arceus|Judgment|p1a: 그란돈
|-resisted|p1a: 그란돈
|-damage|p1a: 그란돈|52/100
|move|p1a: 그란돈|Fire Punch|p2a: Arceus
|-supereffective|p2a: Arceus
|-damage|p2a: Arceus|0 fnt
|faint|p2a: Arceus
|
|-weather|DesolateLand|[upkeep]
|upkeep
|
|t:|1662735904
|switch|p2a: Arceus|Arceus-Ground|100/100
|turn|9
|
|t:|1662735915
|-weather|none
|switch|p1a: 럭키|Chansey, F|100/100
|-damage|p1a: 럭키|88/100|[from] Stealth Rock
|move|p2a: Arceus|Swords Dance|p2a: Arceus
|-boost|p2a: Arceus|atk|2
|
|upkeep
|turn|10
|
|t:|1662735926
|switch|p1a: 루기아|Lugia|100/100
|-damage|p1a: 루기아|75/100|[from] Stealth Rock
|move|p2a: Arceus|Stone Edge|p1a: 루기아
|-supereffective|p1a: 루기아
|-damage|p1a: 루기아|1/100
|
|upkeep
|turn|11
|
|t:|1662735937
|move|p2a: Arceus|Extreme Speed|p1a: 루기아
|-damage|p1a: 루기아|0 fnt
|-damage|p2a: Arceus|84/100|[from] item: Rocky Helmet|[of] p1a: 루기아
|faint|p1a: 루기아
|
|upkeep
|
|t:|1662735943
|switch|p1a: 악르세우스|Arceus-Dark|100/100
|-damage|p1a: 악르세우스|88/100|[from] Stealth Rock
|turn|12
|
|t:|1662735965
|-start|p2a: Arceus|Dynamax|
|-heal|p2a: Arceus|84/100|[silent]
|move|p1a: 악르세우스|Judgment|p2a: Arceus
|-damage|p2a: Arceus|64/100
|move|p2a: Arceus|Max Quake|p1a: 악르세우스
|-damage|p1a: 악르세우스|0 fnt
|-boost|p2a: Arceus|spd|1
|faint|p1a: 악르세우스
|
|upkeep
|
|t:|1662735973
|switch|p1a: 메타몽|Ditto|100/100
|-damage|p1a: 메타몽|88/100|[from] Stealth Rock
|-transform|p1a: 메타몽|p2a: Arceus|[from] ability: Imposter
|turn|13
|
|t:|1662735985
|-start|p1a: 메타몽|Dynamax|
|-heal|p1a: 메타몽|88/100|[silent]
|move|p1a: 메타몽|Max Guard|p1a: 메타몽
|-singleturn|p1a: 메타몽|Max Guard
|move|p2a: Arceus|Max Quake|p1a: 메타몽
|-activate|p1a: 메타몽|move: Max Guard
|
|upkeep
|turn|14
|
|t:|1662736009
|move|p2a: Arceus|Max Quake|p1a: 메타몽
|-damage|p1a: 메타몽|0 fnt
|-boost|p2a: Arceus|spd|1
|faint|p1a: 메타몽
|
|upkeep
|-message|rajof forfeited.
|
|win|yoooyooyo
|raw|rajof's rating: 1970 &rarr; <strong>1943</strong><br />(-27 for losing)
|raw|yoooyooyo's rating: 1845 &rarr; <strong>1872</strong><br />(+27 for winning)
|l|☆rajof
||Ladder isn't responding, score probably updated but might not have (Request timeout).
