|j|☆Snakethey
|j|☆XtheGAMEmaster
|t:|1660218761
|gametype|singles
|player|p1|Snakethey|flint|1613
|player|p2|XtheGAMEmaster|palmer|1550
|teamsize|p1|6
|teamsize|p2|6
|gen|8
|tier|[Gen 8] National Dex AG
|rated|
|rule|HP Percentage Mod: HP is shown in percentages
|rule|Endless Battle Clause: Forcing endless battles is banned
|clearpoke
|poke|p1|Zacian-*|
|poke|p1|Arceus-*|
|poke|p1|Rayquaza|
|poke|p1|Ditto|
|poke|p1|Calyrex-Shadow|
|poke|p1|Marshadow|
|poke|p2|Sceptile, M|
|poke|p2|Tapu Lele|
|poke|p2|Dialga|
|poke|p2|Heracross, F|
|poke|p2|Quagsire, F|
|poke|p2|Arceus-*|
|teampreview
|c|☆XtheGAMEmaster|glhf
|
|t:|1660218775
|start
|switch|p1a: Marshadow|Marshadow|100/100
|switch|p2a: Tapu Lele|Tapu Lele|100/100
|-fieldstart|move: Psychic Terrain|[from] ability: Psychic Surge|[of] p2a: Tapu Lele
|turn|1
|
|t:|1660218796
|move|p2a: Tapu Lele|Moonblast|p1a: Marshadow
|-supereffective|p1a: Marshadow
|-enditem|p1a: Marshadow|Focus Sash
|-damage|p1a: Marshadow|1/100
|move|p1a: Marshadow|Swagger|p2a: Tapu Lele|[miss]
|-miss|p1a: Marshadow|p2a: Tapu Lele
|
|upkeep
|turn|2
|
|t:|1660218805
|switch|p1a: Zacian|Zacian-Crowned|100/100
|-ability|p1a: Zacian|Intrepid Sword|boost
|-boost|p1a: Zacian|atk|1
|move|p2a: Tapu Lele|Moonblast|p1a: Zacian
|-resisted|p1a: Zacian
|-damage|p1a: Zacian|78/100
|
|upkeep
|turn|3
|c|☆XtheGAMEmaster|swag thief is cool
|
|t:|1660218815
|switch|p2a: Quagsire|Quagsire, F|100/100
|move|p1a: Zacian|Behemoth Blade|p2a: Quagsire
|-resisted|p2a: Quagsire
|-crit|p2a: Quagsire
|-damage|p2a: Quagsire|66/100
|
|-heal|p2a: Quagsire|72/100|[from] item: Leftovers
|upkeep
|turn|4
|
|t:|1660218820
|move|p1a: Zacian|Play Rough|p2a: Quagsire
|-damage|p2a: Quagsire|29/100
|move|p2a: Quagsire|Recover|p2a: Quagsire
|-heal|p2a: Quagsire|79/100
|
|-heal|p2a: Quagsire|86/100|[from] item: Leftovers
|upkeep
|turn|5
|
|t:|1660218829
|switch|p1a: Calyrex|Calyrex-Shadow|100/100
|-ability|p1a: Calyrex|As One
|-ability|p1a: Calyrex|Unnerve
|move|p2a: Quagsire|Recover|p2a: Quagsire
|-heal|p2a: Quagsire|100/100
|
|-fieldend|move: Psychic Terrain
|upkeep
|turn|6
|
|t:|1660218832
|switch|p2a: Arceus|Arceus|100/100
|move|p1a: Calyrex|Astral Barrage|p2a: Arceus
|-immune|p2a: Arceus
|
|upkeep
|turn|7
|
|t:|1660218845
|-start|p1a: Calyrex|Dynamax|
|-heal|p1a: Calyrex|100/100|[silent]
|-start|p2a: Arceus|Dynamax|
|-heal|p2a: Arceus|100/100|[silent]
|move|p1a: Calyrex|Max Mindstorm|p2a: Arceus
|-damage|p2a: Arceus|72/100
|-fieldstart|move: Psychic Terrain
|move|p2a: Arceus|Max Wyrmwind|p1a: Calyrex
|-damage|p1a: Calyrex|82/100
|-unboost|p1a: Calyrex|atk|1
|
|-heal|p2a: Arceus|75/100|[from] item: Leftovers
|upkeep
|turn|8
|
|t:|1660218857
|move|p2a: Arceus|Max Guard|p2a: Arceus
|-singleturn|p2a: Arceus|Max Guard
|move|p1a: Calyrex|Max Mindstorm|p2a: Arceus
|-activate|p2a: Arceus|move: Max Guard
|
|-heal|p2a: Arceus|78/100|[from] item: Leftovers
|upkeep
|turn|9
|
|t:|1660218865
|move|p1a: Calyrex|Max Mindstorm|p2a: Arceus
|-damage|p2a: Arceus|42/100
|move|p2a: Arceus|Max Wyrmwind|p1a: Calyrex
|-damage|p1a: Calyrex|60/100
|-unboost|p1a: Calyrex|atk|1
|
|-heal|p2a: Arceus|45/100|[from] item: Leftovers
|upkeep
|-end|p1a: Calyrex|Dynamax
|-heal|p1a: Calyrex|60/100|[silent]
|-end|p2a: Arceus|Dynamax
|-heal|p2a: Arceus|45/100|[silent]
|turn|10
|
|t:|1660218872
|move|p1a: Calyrex|Psyshock|p2a: Arceus
|-damage|p2a: Arceus|6/100
|move|p2a: Arceus|Calm Mind|p2a: Arceus
|-boost|p2a: Arceus|spa|1
|-boost|p2a: Arceus|spd|1
|
|-heal|p2a: Arceus|12/100|[from] item: Leftovers
|upkeep
|turn|11
|
|t:|1660218880
|move|p1a: Calyrex|Psyshock|p2a: Arceus
|-damage|p2a: Arceus|0 fnt
|faint|p2a: Arceus
|-ability|p1a: Calyrex|Grim Neigh|boost
|-boost|p1a: Calyrex|spa|1
|
|-fieldend|move: Psychic Terrain
|upkeep
|
|t:|1660218883
|switch|p2a: Tapu Lele|Tapu Lele|100/100
|-fieldstart|move: Psychic Terrain|[from] ability: Psychic Surge|[of] p2a: Tapu Lele
|turn|12
|
|t:|1660218888
|move|p2a: Tapu Lele|Shadow Ball|p1a: Calyrex
|-supereffective|p1a: Calyrex
|-damage|p1a: Calyrex|0 fnt
|faint|p1a: Calyrex
|
|upkeep
|
|t:|1660218891
|switch|p1a: Marshadow|Marshadow|1/100
|turn|13
|
|t:|1660218898
|switch|p1a: Zacian|Zacian-Crowned|78/100
|-ability|p1a: Zacian|Intrepid Sword|boost
|-boost|p1a: Zacian|atk|1
|move|p2a: Tapu Lele|Shadow Ball|p1a: Zacian
|-damage|p1a: Zacian|53/100
|
|upkeep
|turn|14
|
|t:|1660218907
|switch|p2a: Quagsire|Quagsire, F|100/100
|move|p1a: Zacian|Play Rough|p2a: Quagsire|[miss]
|-miss|p1a: Zacian|p2a: Quagsire
|
|upkeep
|turn|15
|
|t:|1660218917
|switch|p1a: Rayquaza|Rayquaza|100/100
|-ability|p1a: Rayquaza|Air Lock
|move|p2a: Quagsire|Counter||[still]
|-fail|p2a: Quagsire
|
|upkeep
|turn|16
|
|t:|1660218927
|detailschange|p1a: Rayquaza|Rayquaza-Mega
|-mega|p1a: Rayquaza|Rayquaza|
|-weather|DeltaStream|[from] ability: Delta Stream|[of] p1a: Rayquaza
|move|p1a: Rayquaza|Scale Shot|p2a: Quagsire
|-damage|p2a: Quagsire|88/100
|-damage|p2a: Quagsire|77/100
|-damage|p2a: Quagsire|64/100
|-hitcount|p2a: Quagsire|3
|-unboost|p1a: Rayquaza|def|1
|-boost|p1a: Rayquaza|spe|1
|move|p2a: Quagsire|Defense Curl|p2a: Quagsire
|-boost|p2a: Quagsire|def|1
|
|-weather|DeltaStream|[upkeep]
|-heal|p2a: Quagsire|71/100|[from] item: Leftovers
|-fieldend|move: Psychic Terrain
|upkeep
|turn|17
|
|t:|1660218940
|move|p1a: Rayquaza|Dragon Ascent|p2a: Quagsire
|-damage|p2a: Quagsire|31/100
|-unboost|p1a: Rayquaza|def|1
|-unboost|p1a: Rayquaza|spd|1
|move|p2a: Quagsire|Recover|p2a: Quagsire
|-heal|p2a: Quagsire|81/100
|
|-weather|DeltaStream|[upkeep]
|-heal|p2a: Quagsire|88/100|[from] item: Leftovers
|upkeep
|turn|18
|
|t:|1660218956
|move|p1a: Rayquaza|Dragon Ascent|p2a: Quagsire
|-damage|p2a: Quagsire|49/100
|-unboost|p1a: Rayquaza|def|1
|-unboost|p1a: Rayquaza|spd|1
|move|p2a: Quagsire|Defense Curl|p2a: Quagsire
|-boost|p2a: Quagsire|def|1
|
|-weather|DeltaStream|[upkeep]
|-heal|p2a: Quagsire|55/100|[from] item: Leftovers
|upkeep
|turn|19
|
|t:|1660218961
|move|p1a: Rayquaza|Dragon Ascent|p2a: Quagsire
|-damage|p2a: Quagsire|24/100
|-unboost|p1a: Rayquaza|def|1
|-unboost|p1a: Rayquaza|spd|1
|move|p2a: Quagsire|Recover|p2a: Quagsire
|-heal|p2a: Quagsire|74/100
|
|-weather|DeltaStream|[upkeep]
|-heal|p2a: Quagsire|80/100|[from] item: Leftovers
|upkeep
|turn|20
|
|t:|1660218967
|-weather|none
|switch|p1a: Ditto|Ditto|100/100
|-transform|p1a: Ditto|p2a: Quagsire|[from] ability: Imposter
|move|p2a: Quagsire|Recover|p2a: Quagsire
|-heal|p2a: Quagsire|100/100
|
|upkeep
|turn|21
|
|t:|1660218978
|move|p1a: Ditto|Rollout|p2a: Quagsire
|-resisted|p2a: Quagsire
|-damage|p2a: Quagsire|98/100
|move|p2a: Quagsire|Rollout|p1a: Ditto|[miss]
|-miss|p2a: Quagsire|p1a: Ditto
|
|-heal|p2a: Quagsire|100/100|[from] item: Leftovers
|upkeep
|turn|22
|
|t:|1660218982
|move|p1a: Ditto|Rollout|p2a: Quagsire|[from]lockedmove
|-resisted|p2a: Quagsire
|-damage|p2a: Quagsire|96/100
|move|p2a: Quagsire|Rollout|p1a: Ditto
|-resisted|p1a: Ditto
|-damage|p1a: Ditto|94/100
|
|-heal|p2a: Quagsire|100/100|[from] item: Leftovers
|upkeep
|turn|23
|
|t:|1660218984
|move|p1a: Ditto|Rollout|p2a: Quagsire|[from]lockedmove
|-resisted|p2a: Quagsire
|-damage|p2a: Quagsire|92/100
|move|p2a: Quagsire|Rollout|p1a: Ditto|[from]lockedmove
|-resisted|p1a: Ditto
|-damage|p1a: Ditto|83/100
|
|-heal|p2a: Quagsire|98/100|[from] item: Leftovers
|upkeep
|turn|24
|
|t:|1660218986
|move|p1a: Ditto|Rollout|p2a: Quagsire|[from]lockedmove
|-resisted|p2a: Quagsire
|-damage|p2a: Quagsire|82/100
|move|p2a: Quagsire|Rollout|p1a: Ditto|[from]lockedmove
|-resisted|p1a: Ditto
|-damage|p1a: Ditto|59/100
|
|-heal|p2a: Quagsire|88/100|[from] item: Leftovers
|upkeep
|turn|25
|
|t:|1660218989
|move|p1a: Ditto|Rollout|p2a: Quagsire|[from]lockedmove
|-resisted|p2a: Quagsire
|-damage|p2a: Quagsire|52/100
|move|p2a: Quagsire|Rollout|p1a: Ditto|[from]lockedmove
|-resisted|p1a: Ditto
|-damage|p1a: Ditto|17/100
|
|-heal|p2a: Quagsire|58/100|[from] item: Leftovers
|upkeep
|turn|26
|
|t:|1660218996
|switch|p1a: Arceus|Arceus-Water|100/100
|move|p2a: Quagsire|Rollout|p1a: Arceus|[from]lockedmove
|-damage|p1a: Arceus|0 fnt
|faint|p1a: Arceus
|
|-heal|p2a: Quagsire|64/100|[from] item: Leftovers
|upkeep
|c|☆XtheGAMEmaster|LMAO
|-message|Snakethey forfeited.
|
|win|XtheGAMEmaster
|raw|Snakethey's rating: 1613 &rarr; <strong>1589</strong><br />(-24 for losing)
|raw|XtheGAMEmaster's rating: 1550 &rarr; <strong>1574</strong><br />(+24 for winning)
|l|☆Snakethey
||Ladder isn't responding, score probably updated but might not have (Request timeout).
