|j|☆Naofumi_Bakugo_Jax
|j|☆Arpitraj1
|t:|1665820298
|gametype|singles
|player|p1|Naofumi_Bakugo_Jax|blue|1528
|player|p2|Arpitraj1|gambler|1551
|teamsize|p1|6
|teamsize|p2|6
|gen|8
|tier|[Gen 8] National Dex AG
|rated|
|rule|HP Percentage Mod: HP is shown in percentages
|rule|Endless Battle Clause: Forcing endless battles is banned
|clearpoke
|poke|p1|Zacian-*|
|poke|p1|Calyrex-Shadow|
|poke|p1|Yveltal|
|poke|p1|Arceus-*|
|poke|p1|Swampert, F|
|poke|p1|Kyogre|
|poke|p2|Zacian-*|
|poke|p2|Yveltal|
|poke|p2|Xerneas-*|
|poke|p2|Necrozma-Dusk-Mane|
|poke|p2|Ditto|
|poke|p2|Calyrex-Shadow|
|teampreview
|inactive|Battle timer is ON: inactive players will automatically lose when time's up. (requested by Arpitraj1)
|
|t:|1665820318
|start
|switch|p1a: Arceus|Arceus, shiny|100/100
|switch|p2a: Itachi's susanoo|Calyrex-Shadow|100/100
|-ability|p2a: Itachi's susanoo|As One
|-ability|p2a: Itachi's susanoo|Unnerve
|turn|1
|
|t:|1665820331
|move|p2a: Itachi's susanoo|Draining Kiss|p1a: Arceus
|-damage|p1a: Arceus|86/100
|move|p1a: Arceus|Tailwind|p1a: Arceus
|-sidestart|p1: Naofumi_Bakugo_Jax|move: Tailwind
|
|upkeep
|turn|2
|
|t:|1665820342
|move|p2a: Itachi's susanoo|Draining Kiss|p1a: Arceus
|-damage|p1a: Arceus|72/100
|move|p1a: Arceus|Reflect|p1a: Arceus
|-sidestart|p1: Naofumi_Bakugo_Jax|Reflect
|
|upkeep
|turn|3
|inactive|Naofumi_Bakugo_Jax has 120 seconds left.
|
|t:|1665820376
|switch|p2a: Madara will kill u|Zacian-Crowned|100/100
|-ability|p2a: Madara will kill u|Intrepid Sword|boost
|-boost|p2a: Madara will kill u|atk|1
|switch|p1a: Swampert|Swampert, F|100/100
|
|upkeep
|turn|4
|inactive|Naofumi_Bakugo_Jax has 120 seconds left.
|
|t:|1665820397
|detailschange|p1a: Swampert|Swampert-Mega, F
|-mega|p1a: Swampert|Swampert|Swampertite
|move|p1a: Swampert|Earthquake|p2a: Madara will kill u
|-supereffective|p2a: Madara will kill u
|-crit|p2a: Madara will kill u
|-damage|p2a: Madara will kill u|0 fnt
|faint|p2a: Madara will kill u
|
|-sideend|p1: Naofumi_Bakugo_Jax|move: Tailwind
|upkeep
|
|t:|1665820409
|switch|p2a: Ditto|Ditto|100/100
|-transform|p2a: Ditto|p1a: Swampert|[from] ability: Imposter
|turn|5
|inactive|Naofumi_Bakugo_Jax has 120 seconds left.
|
|t:|1665820418
|move|p2a: Ditto|Earthquake|p1a: Swampert
|-damage|p1a: Swampert|76/100
|move|p1a: Swampert|Yawn|p2a: Ditto
|-start|p2a: Ditto|move: Yawn|[of] p1a: Swampert
|
|upkeep
|turn|6
|
|t:|1665820428
|switch|p2a: Madara's rinnegan|Yveltal|100/100
|-ability|p2a: Madara's rinnegan|Dark Aura
|move|p1a: Swampert|Stealth Rock|p2a: Madara's rinnegan
|-sidestart|p2: Arpitraj1|move: Stealth Rock
|
|upkeep
|turn|7
|
|t:|1665820432
|move|p2a: Madara's rinnegan|Dark Pulse|p1a: Swampert
|-damage|p1a: Swampert|15/100
|-damage|p2a: Madara's rinnegan|91/100|[from] item: Life Orb
|move|p1a: Swampert|Yawn|p2a: Madara's rinnegan
|-start|p2a: Madara's rinnegan|move: Yawn|[of] p1a: Swampert
|
|upkeep
|turn|8
|
|t:|1665820455
|switch|p1a: Kyogre|Kyogre|100/100
|-weather|RainDance|[from] ability: Drizzle|[of] p1a: Kyogre
|move|p2a: Madara's rinnegan|Dark Pulse|p1a: Kyogre
|-damage|p1a: Kyogre|44/100
|-damage|p2a: Madara's rinnegan|81/100|[from] item: Life Orb
|
|-weather|RainDance|[upkeep]
|-end|p2a: Madara's rinnegan|move: Yawn|[silent]
|-status|p2a: Madara's rinnegan|slp
|upkeep
|turn|9
|inactive|Naofumi_Bakugo_Jax has 120 seconds left.
|
|t:|1665820472
|move|p1a: Kyogre|Ice Beam|p2a: Madara's rinnegan
|-supereffective|p2a: Madara's rinnegan
|-damage|p2a: Madara's rinnegan|19/100 slp
|cant|p2a: Madara's rinnegan|slp
|
|-weather|RainDance|[upkeep]
|-sideend|p1: Naofumi_Bakugo_Jax|Reflect
|upkeep
|turn|10
|
|t:|1665820476
|move|p1a: Kyogre|Ice Beam|p2a: Madara's rinnegan
|-supereffective|p2a: Madara's rinnegan
|-damage|p2a: Madara's rinnegan|0 fnt
|faint|p2a: Madara's rinnegan
|
|-weather|RainDance|[upkeep]
|upkeep
|
|t:|1665820478
|switch|p2a: Ditto|Ditto|100/100
|-damage|p2a: Ditto|88/100|[from] Stealth Rock
|-transform|p2a: Ditto|p1a: Kyogre|[from] ability: Imposter
|turn|11
|inactive|Naofumi_Bakugo_Jax has 120 seconds left.
|
|t:|1665820508
|switch|p1a: Arceus|Arceus, shiny|72/100
|move|p2a: Ditto|Origin Pulse|p1a: Arceus
|-crit|p1a: Arceus
|-damage|p1a: Arceus|0 fnt
|faint|p1a: Arceus
|
|-weather|RainDance|[upkeep]
|upkeep
|inactive|Naofumi_Bakugo_Jax has 120 seconds left.
|
|t:|1665820519
|switch|p1a: Swampert|Swampert-Mega, F|15/100
|turn|12
|
|t:|1665820522
|move|p1a: Swampert|Earthquake|p2a: Ditto
|-damage|p2a: Ditto|15/100
|move|p2a: Ditto|Origin Pulse|p1a: Swampert
|-damage|p1a: Swampert|0 fnt
|faint|p1a: Swampert
|
|-weather|none
|upkeep
|inactive|Naofumi_Bakugo_Jax has 120 seconds left.
|
|t:|1665820537
|switch|p1a: Yveltal|Yveltal, shiny|100/100
|-ability|p1a: Yveltal|Dark Aura
|turn|13
|
|t:|1665820539
|move|p2a: Ditto|Origin Pulse|p1a: Yveltal
|-damage|p1a: Yveltal|46/100
|move|p1a: Yveltal|Tailwind|p1a: Yveltal
|-sidestart|p1: Naofumi_Bakugo_Jax|move: Tailwind
|
|upkeep
|turn|14
|
|t:|1665820551
|-start|p1a: Yveltal|Dynamax|
|-heal|p1a: Yveltal|46/100|[silent]
|move|p1a: Yveltal|Max Darkness|p2a: Ditto
|-damage|p2a: Ditto|0 fnt
|faint|p2a: Ditto
|
|upkeep
|
|t:|1665820568
|switch|p2a: Cute than sasuke|Xerneas|100/100
|-damage|p2a: Cute than sasuke|88/100|[from] Stealth Rock
|-ability|p2a: Cute than sasuke|Fairy Aura
|turn|15
|
|t:|1665820580
|move|p1a: Yveltal|Max Airstream|p2a: Cute than sasuke
|-damage|p2a: Cute than sasuke|25/100
|-boost|p1a: Yveltal|spe|1
|move|p2a: Cute than sasuke|Geomancy||[still]
|-prepare|p2a: Cute than sasuke|Geomancy
|-enditem|p2a: Cute than sasuke|Power Herb
|-anim|p2a: Cute than sasuke|Geomancy|p2a: Cute than sasuke
|-boost|p2a: Cute than sasuke|spa|2
|-boost|p2a: Cute than sasuke|spd|2
|-boost|p2a: Cute than sasuke|spe|2
|
|upkeep
|turn|16
|
|t:|1665820586
|move|p1a: Yveltal|Max Airstream|p2a: Cute than sasuke
|-damage|p2a: Cute than sasuke|0 fnt
|-boost|p1a: Yveltal|spe|1
|faint|p2a: Cute than sasuke
|
|-sideend|p1: Naofumi_Bakugo_Jax|move: Tailwind
|upkeep
|
|t:|1665820588
|switch|p2a: Necrozma|Necrozma-Dusk-Mane|100/100
|-damage|p2a: Necrozma|94/100|[from] Stealth Rock
|-end|p1a: Yveltal|Dynamax
|-heal|p1a: Yveltal|46/100|[silent]
|turn|17
|
|t:|1665820591
|-start|p2a: Necrozma|Dynamax|
|-heal|p2a: Necrozma|94/100|[silent]
|move|p1a: Yveltal|Tailwind|p1a: Yveltal
|-sidestart|p1: Naofumi_Bakugo_Jax|move: Tailwind
|move|p2a: Necrozma|Max Steelspike|p1a: Yveltal
|-damage|p1a: Yveltal|0 fnt
|-boost|p2a: Necrozma|def|1
|faint|p1a: Yveltal
|
|upkeep
|
|t:|1665820609
|switch|p1a: Calyrex|Calyrex-Shadow|100/100
|-ability|p1a: Calyrex|As One
|-ability|p1a: Calyrex|Unnerve
|turn|18
|
|t:|1665820620
|move|p1a: Calyrex|Astral Barrage|p2a: Necrozma
|-supereffective|p2a: Necrozma
|-damage|p2a: Necrozma|54/100
|move|p2a: Necrozma|Max Steelspike|p1a: Calyrex
|-damage|p1a: Calyrex|18/100
|-boost|p2a: Necrozma|def|1
|
|upkeep
|turn|19
|
|t:|1665820628
|move|p1a: Calyrex|Astral Barrage|p2a: Necrozma
|-supereffective|p2a: Necrozma
|-damage|p2a: Necrozma|12/100
|move|p2a: Necrozma|Max Steelspike|p1a: Calyrex
|-damage|p1a: Calyrex|0 fnt
|-boost|p2a: Necrozma|def|1
|faint|p1a: Calyrex
|
|upkeep
|
|t:|1665820640
|switch|p1a: Kyogre|Kyogre|44/100
|-weather|RainDance|[from] ability: Drizzle|[of] p1a: Kyogre
|-end|p2a: Necrozma|Dynamax
|-heal|p2a: Necrozma|12/100|[silent]
|turn|20
|inactive|Arpitraj1 has 120 seconds left.
|
|t:|1665820683
|move|p1a: Kyogre|Origin Pulse|p2a: Necrozma
|-damage|p2a: Necrozma|0 fnt
|faint|p2a: Necrozma
|
|-weather|RainDance|[upkeep]
|-sideend|p1: Naofumi_Bakugo_Jax|move: Tailwind
|upkeep
|
|t:|1665820685
|switch|p2a: Itachi's susanoo|Calyrex-Shadow|100/100
|-ability|p2a: Itachi's susanoo|As One
|-ability|p2a: Itachi's susanoo|Unnerve
|-damage|p2a: Itachi's susanoo|88/100|[from] Stealth Rock
|turn|21
|
|t:|1665820688
|move|p2a: Itachi's susanoo|Astral Barrage|p1a: Kyogre
|-damage|p1a: Kyogre|0 fnt
|faint|p1a: Kyogre
|-ability|p2a: Itachi's susanoo|Grim Neigh|boost
|-boost|p2a: Itachi's susanoo|spa|1
|
|-weather|RainDance|[upkeep]
|upkeep
|
|t:|1665820692
|switch|p1a: Zacian|Zacian-Crowned|100/100
|-ability|p1a: Zacian|Intrepid Sword|boost
|-boost|p1a: Zacian|atk|1
|turn|22
|inactive|Arpitraj1 has 120 seconds left.
|
|t:|1665820718
|move|p2a: Itachi's susanoo|Astral Barrage|p1a: Zacian
|-damage|p1a: Zacian|12/100
|move|p1a: Zacian|Behemoth Blade|p2a: Itachi's susanoo
|-damage|p2a: Itachi's susanoo|0 fnt
|faint|p2a: Itachi's susanoo
|
|win|Naofumi_Bakugo_Jax
|raw|Naofumi_Bakugo_Jax's rating: 1528 &rarr; <strong>1549</strong><br />(+21 for winning)
|raw|Arpitraj1's rating: 1551 &rarr; <strong>1530</strong><br />(-21 for losing)
