|j|☆Forzarismo
|j|☆Thunder's Legacy
|t:|1661485606
|gametype|singles
|player|p1|Forzarismo|veteran|1445
|player|p2|Thunder's Legacy|265|1342
|teamsize|p1|6
|teamsize|p2|6
|gen|8
|tier|[Gen 8] National Dex AG
|rated|
|rule|HP Percentage Mod: HP is shown in percentages
|rule|Endless Battle Clause: Forcing endless battles is banned
|clearpoke
|poke|p1|Zacian-*|
|poke|p1|Heracross, M|
|poke|p1|Ditto|
|poke|p1|Calyrex-Shadow|
|poke|p1|Gorebyss, F|
|poke|p1|Toxtricity, F|
|poke|p2|Salamence, M|
|poke|p2|Greninja, M|
|poke|p2|Dragapult, F|
|poke|p2|Heatran, M|
|poke|p2|Landorus-Therian, M|
|poke|p2|Gastrodon-East, M|
|teampreview
|
|t:|1661485610
|start
|switch|p1a: Gorebyss|Gorebyss, F|100/100
|switch|p2a: Heatran|Heatran, M|100/100
|turn|1
|inactive|Battle timer is ON: inactive players will automatically lose when time's up. (requested by Thunder's Legacy)
|
|t:|1661485616
|move|p2a: Heatran|Taunt|p1a: Gorebyss
|-start|p1a: Gorebyss|move: Taunt
|cant|p1a: Gorebyss|move: Taunt|Shell Smash
|
|upkeep
|turn|2
|
|t:|1661485618
|move|p2a: Heatran|Stealth Rock|p1a: Gorebyss
|-sidestart|p1: Forzarismo|move: Stealth Rock
|move|p1a: Gorebyss|Scald|p2a: Heatran
|-supereffective|p2a: Heatran
|-damage|p2a: Heatran|60/100
|
|-heal|p2a: Heatran|66/100|[from] item: Leftovers
|upkeep
|turn|3
|
|t:|1661485626
|move|p2a: Heatran|Magma Storm|p1a: Gorebyss|[miss]
|-miss|p2a: Heatran|p1a: Gorebyss
|move|p1a: Gorebyss|Scald|p2a: Heatran
|-supereffective|p2a: Heatran
|-damage|p2a: Heatran|21/100
|
|-heal|p2a: Heatran|27/100|[from] item: Leftovers
|-end|p1a: Gorebyss|move: Taunt
|upkeep
|turn|4
|
|t:|1661485635
|move|p2a: Heatran|Earth Power|p1a: Gorebyss
|-damage|p1a: Gorebyss|68/100
|move|p1a: Gorebyss|Scald|p2a: Heatran
|-supereffective|p2a: Heatran
|-damage|p2a: Heatran|0 fnt
|faint|p2a: Heatran
|
|upkeep
|
|t:|1661485650
|switch|p2a: Dragapult|Dragapult, F|100/100
|turn|5
|
|t:|1661485661
|move|p2a: Dragapult|Dragon Dance|p2a: Dragapult
|-boost|p2a: Dragapult|atk|1
|-boost|p2a: Dragapult|spe|1
|move|p1a: Gorebyss|Ice Beam|p2a: Dragapult
|-supereffective|p2a: Dragapult
|-damage|p2a: Dragapult|38/100
|
|upkeep
|turn|6
|
|t:|1661485667
|move|p2a: Dragapult|Dragon Darts|p1a: Gorebyss
|-damage|p1a: Gorebyss|18/100
|-anim|p2a: Dragapult|Dragon Darts|p1a: Gorebyss
|-damage|p1a: Gorebyss|0 fnt
|faint|p1a: Gorebyss
|
|upkeep
|
|t:|1661485684
|switch|p1a: Ditto|Ditto, shiny|100/100
|-damage|p1a: Ditto|88/100|[from] Stealth Rock
|-transform|p1a: Ditto|p2a: Dragapult|[from] ability: Imposter
|turn|7
|
|t:|1661485692
|switch|p2a: Gastrodon|Gastrodon-East, M|100/100
|move|p1a: Ditto|Dragon Darts|p2a: Gastrodon
|-damage|p2a: Gastrodon|57/100
|-anim|p1a: Ditto|Dragon Darts|p2a: Gastrodon
|-damage|p2a: Gastrodon|17/100
|
|-heal|p2a: Gastrodon|24/100|[from] item: Leftovers
|upkeep
|turn|8
|
|t:|1661485702
|move|p1a: Ditto|Dragon Darts|p2a: Gastrodon
|-damage|p2a: Gastrodon|0 fnt
|faint|p2a: Gastrodon
|
|upkeep
|
|t:|1661485707
|switch|p2a: Landorus|Landorus-Therian, M|100/100
|-ability|p2a: Landorus|Intimidate|boost
|-unboost|p1a: Ditto|atk|1
|turn|9
|
|t:|1661485725
|switch|p1a: Heracross|Heracross, M|100/100
|-damage|p1a: Heracross|88/100|[from] Stealth Rock
|move|p2a: Landorus|Earthquake|p1a: Heracross
|-resisted|p1a: Heracross
|-damage|p1a: Heracross|56/100
|
|upkeep
|turn|10
|
|t:|1661485736
|detailschange|p1a: Heracross|Heracross-Mega, M
|-mega|p1a: Heracross|Heracross|Heracronite
|move|p1a: Heracross|Bullet Seed|p2a: Landorus
|-damage|p2a: Landorus|91/100
|-damage|p2a: Landorus|81/100
|-damage|p2a: Landorus|71/100
|-damage|p2a: Landorus|61/100
|-damage|p2a: Landorus|51/100
|-hitcount|p2a: Landorus|5
|move|p2a: Landorus|U-turn|p1a: Heracross
|-resisted|p1a: Heracross
|-damage|p1a: Heracross|45/100
|
|t:|1661485755
|switch|p2a: Greninja|Greninja, M|100/100|[from]move: U-turn
|
|upkeep
|turn|11
|
|t:|1661485759
|move|p2a: Greninja|U-turn|p1a: Heracross
|-resisted|p1a: Heracross
|-damage|p1a: Heracross|39/100
|
|t:|1661485762
|switch|p2a: Dragapult|Dragapult, F|38/100|[from]move: U-turn
|move|p1a: Heracross|Arm Thrust|p2a: Dragapult
|-immune|p2a: Dragapult
|
|upkeep
|turn|12
|
|t:|1661485767
|move|p2a: Dragapult|Dragon Darts|p1a: Heracross
|-damage|p1a: Heracross|8/100
|-anim|p2a: Dragapult|Dragon Darts|p1a: Heracross
|-damage|p1a: Heracross|0 fnt
|faint|p1a: Heracross
|
|upkeep
|
|t:|1661485773
|switch|p1a: Calyrex|Calyrex-Shadow|100/100
|-ability|p1a: Calyrex|As One
|-ability|p1a: Calyrex|Unnerve
|-damage|p1a: Calyrex|88/100|[from] Stealth Rock
|turn|13
|
|t:|1661485781
|move|p1a: Calyrex|Astral Barrage|p2a: Dragapult
|-supereffective|p2a: Dragapult
|-crit|p2a: Dragapult
|-damage|p2a: Dragapult|0 fnt
|faint|p2a: Dragapult
|-ability|p1a: Calyrex|Grim Neigh|boost
|-boost|p1a: Calyrex|spa|1
|
|upkeep
|
|t:|1661485784
|switch|p2a: Greninja|Greninja, M|100/100
|turn|14
|
|t:|1661485796
|-start|p1a: Calyrex|Dynamax|
|-heal|p1a: Calyrex|88/100|[silent]
|move|p1a: Calyrex|Max Phantasm|p2a: Greninja
|-resisted|p2a: Greninja
|-damage|p2a: Greninja|0 fnt
|faint|p2a: Greninja
|-ability|p1a: Calyrex|Grim Neigh|boost
|-boost|p1a: Calyrex|spa|1
|
|upkeep
|
|t:|1661485802
|switch|p2a: Paradox Salamence|Salamence, M|100/100
|turn|15
|
|t:|1661485812
|move|p1a: Calyrex|Max Phantasm|p2a: Paradox Salamence
|-damage|p2a: Paradox Salamence|0 fnt
|faint|p2a: Paradox Salamence
|-ability|p1a: Calyrex|Grim Neigh|boost
|-boost|p1a: Calyrex|spa|1
|
|upkeep
|-message|Thunder's Legacy forfeited.
|
|win|Forzarismo
|raw|Forzarismo's rating: 1445 &rarr; <strong>1459</strong><br />(+14 for winning)
|raw|Thunder&apos;s Legacy's rating: 1342 &rarr; <strong>1328</strong><br />(-14 for losing)
|l|☆Thunder's Legacy
|c|☆Forzarismo|gg
||Ladder isn't responding, score probably updated but might not have (Request timeout).
