|j|☆AGCSR4 INSTAHOE
|j|☆default0
|inactive|Battle timer is ON: inactive players will automatically lose when time's up.
|t:|1661913116
|gametype|singles
|player|p1|AGCSR4 INSTAHOE|elesa|
|player|p2|default0|skierf-gen4dp|
|teamsize|p1|6
|teamsize|p2|6
|gen|8
|tier|[Gen 8] National Dex AG
|rated|Tournament battle
|rule|HP Percentage Mod: HP is shown in percentages
|rule|Endless Battle Clause: Forcing endless battles is banned
|clearpoke
|poke|p1|Shuckle, F|
|poke|p1|Kyogre|
|poke|p1|Ditto|
|poke|p1|Calyrex-Shadow|
|poke|p1|Yveltal|
|poke|p1|Marshadow|
|poke|p2|Lugia|
|poke|p2|Necrozma-Dusk-Mane|
|poke|p2|Arceus-*|
|poke|p2|Groudon|
|poke|p2|Ho-Oh|
|poke|p2|Calyrex-Shadow|
|teampreview
|j|*Lady Monita
|inactive|AGCSR4 INSTAHOE also wants the timer to be on.
|c|☆AGCSR4 INSTAHOE|hf
|c|☆default0|hf
|
|t:|1661913132
|start
|switch|p1a: Shuckle|Shuckle, F, shiny|100/100
|switch|p2a: Calyrex|Calyrex-Shadow|100/100
|-ability|p2a: Calyrex|As One
|-ability|p2a: Calyrex|Unnerve
|turn|1
|
|t:|1661913140
|move|p2a: Calyrex|Trick|p1a: Shuckle
|-activate|p2a: Calyrex|move: Trick|[of] p1a: Shuckle
|-item|p1a: Shuckle|Choice Specs|[from] move: Trick
|-item|p2a: Calyrex|Mental Herb|[from] move: Trick
|move|p1a: Shuckle|Encore|p2a: Calyrex
|-start|p2a: Calyrex|Encore
|-enditem|p2a: Calyrex|Mental Herb
|-end|p2a: Calyrex|Encore
|
|upkeep
|turn|2
|
|t:|1661913157
|move|p2a: Calyrex|Astral Barrage|p1a: Shuckle
|-damage|p1a: Shuckle|55/100
|move|p1a: Shuckle|Encore|p2a: Calyrex
|-start|p2a: Calyrex|Encore
|
|upkeep
|turn|3
|
|t:|1661913164
|switch|p2a: Ho-Oh|Ho-Oh|100/100
|move|p1a: Shuckle|Encore||[still]
|-fail|p1a: Shuckle
|
|upkeep
|turn|4
|
|t:|1661913170
|switch|p1a: Kyogre|Kyogre, shiny|100/100
|detailschange|p1a: Kyogre|Kyogre-Primal, shiny
|-primal|p1a: Kyogre
|-weather|PrimordialSea|[from] ability: Primordial Sea|[of] p1a: Kyogre
|move|p2a: Ho-Oh|Toxic|p1a: Kyogre
|-status|p1a: Kyogre|tox
|
|-weather|PrimordialSea|[upkeep]
|-damage|p1a: Kyogre|94/100 tox|[from] psn
|upkeep
|turn|5
|j| tolm_e
|
|t:|1661913175
|switch|p2a: Groudon|Groudon|100/100
|detailschange|p2a: Groudon|Groudon-Primal
|-primal|p2a: Groudon
|-weather|DesolateLand|[from] ability: Desolate Land|[of] p2a: Groudon
|move|p1a: Kyogre|Ice Beam|p2a: Groudon
|-damage|p2a: Groudon|67/100
|
|-weather|DesolateLand|[upkeep]
|-damage|p1a: Kyogre|82/100 tox|[from] psn
|upkeep
|turn|6
|
|t:|1661913182
|switch|p1a: Shuckle|Shuckle, F, shiny|55/100
|move|p2a: Groudon|Stone Edge|p1a: Shuckle
|-supereffective|p1a: Shuckle
|-damage|p1a: Shuckle|10/100
|
|-weather|DesolateLand|[upkeep]
|upkeep
|turn|7
|
|t:|1661913188
|move|p2a: Groudon|Lava Plume|p1a: Shuckle
|-damage|p1a: Shuckle|0 fnt
|faint|p1a: Shuckle
|
|-weather|DesolateLand|[upkeep]
|upkeep
|
|t:|1661913192
|switch|p1a: Kyogre|Kyogre-Primal, shiny|82/100 tox
|-weather|PrimordialSea|[from] ability: Primordial Sea|[of] p1a: Kyogre
|turn|8
|
|t:|1661913197
|switch|p2a: Lugia|Lugia|100/100
|move|p1a: Kyogre|Origin Pulse|p2a: Lugia
|-damage|p2a: Lugia|70/100
|
|-weather|PrimordialSea|[upkeep]
|-damage|p1a: Kyogre|76/100 tox|[from] psn
|upkeep
|turn|9
|
|t:|1661913203
|move|p2a: Lugia|Roost|p2a: Lugia
|-heal|p2a: Lugia|100/100
|-singleturn|p2a: Lugia|move: Roost
|move|p1a: Kyogre|Ice Beam|p2a: Lugia
|-damage|p2a: Lugia|89/100
|
|-weather|PrimordialSea|[upkeep]
|-damage|p1a: Kyogre|64/100 tox|[from] psn
|upkeep
|turn|10
|
|t:|1661913211
|-weather|none
|switch|p1a: Calyrex|Calyrex-Shadow|100/100
|-ability|p1a: Calyrex|As One
|-ability|p1a: Calyrex|Unnerve
|move|p2a: Lugia|Roost|p2a: Lugia
|-heal|p2a: Lugia|100/100
|-singleturn|p2a: Lugia|move: Roost
|
|upkeep
|turn|11
|
|t:|1661913217
|switch|p2a: Arceus|Arceus-Dark|100/100
|move|p1a: Calyrex|Nasty Plot|p1a: Calyrex
|-boost|p1a: Calyrex|spa|2
|
|upkeep
|turn|12
|
|t:|1661913221
|move|p1a: Calyrex|Baton Pass|p1a: Calyrex
|
|t:|1661913223
|switch|p1a: Yveltal|Yveltal|100/100|[from]move: Baton Pass
|-ability|p1a: Yveltal|Dark Aura
|move|p2a: Arceus|Snarl|p1a: Yveltal
|-resisted|p1a: Yveltal
|-damage|p1a: Yveltal|84/100
|-unboost|p1a: Yveltal|spa|1
|
|upkeep
|turn|13
|
|t:|1661913230
|-start|p1a: Yveltal|Dynamax|
|-heal|p1a: Yveltal|84/100|[silent]
|move|p1a: Yveltal|Max Airstream|p2a: Arceus
|-damage|p2a: Arceus|24/100
|-boost|p1a: Yveltal|spe|1
|-damage|p1a: Yveltal|79/100|[from] item: Life Orb
|move|p2a: Arceus|Snarl|p1a: Yveltal
|-resisted|p1a: Yveltal
|-damage|p1a: Yveltal|70/100
|-unboost|p1a: Yveltal|spa|1
|
|upkeep
|turn|14
|
|t:|1661913242
|switch|p2a: Ho-Oh|Ho-Oh|100/100
|move|p1a: Yveltal|Max Darkness|p2a: Ho-Oh
|-damage|p2a: Ho-Oh|34/100
|-unboost|p2a: Ho-Oh|spd|1
|-damage|p1a: Yveltal|65/100|[from] item: Life Orb
|
|upkeep
|turn|15
|
|t:|1661913250
|switch|p2a: Arceus|Arceus-Dark|24/100
|move|p1a: Yveltal|Max Darkness|p2a: Arceus
|-resisted|p2a: Arceus
|-damage|p2a: Arceus|0 fnt
|faint|p2a: Arceus
|-damage|p1a: Yveltal|60/100|[from] item: Life Orb
|
|upkeep
|
|t:|1661913255
|switch|p2a: Ho-Oh|Ho-Oh|67/100
|-end|p1a: Yveltal|Dynamax
|-heal|p1a: Yveltal|60/100|[silent]
|turn|16
|
|t:|1661913260
|move|p1a: Yveltal|Oblivion Wing|p2a: Ho-Oh
|-damage|p2a: Ho-Oh|38/100
|-heal|p1a: Yveltal|83/100|[from] drain|[of] p2a: Ho-Oh
|-damage|p1a: Yveltal|73/100|[from] item: Life Orb
|move|p2a: Ho-Oh|Sacred Fire|p1a: Yveltal
|-damage|p1a: Yveltal|37/100
|-status|p1a: Yveltal|brn
|
|-damage|p1a: Yveltal|30/100 brn|[from] brn
|upkeep
|turn|17
|
|t:|1661913273
|switch|p2a: Lugia|Lugia|100/100
|move|p1a: Yveltal|Dark Pulse|p2a: Lugia
|-supereffective|p2a: Lugia
|-damage|p2a: Lugia|57/100
|-damage|p1a: Yveltal|21/100 brn|[from] item: Life Orb
|
|-damage|p1a: Yveltal|14/100 brn|[from] brn
|upkeep
|turn|18
|
|t:|1661913279
|switch|p2a: Ho-Oh|Ho-Oh|71/100
|move|p1a: Yveltal|Dark Pulse|p2a: Ho-Oh
|-damage|p2a: Ho-Oh|32/100
|-damage|p1a: Yveltal|5/100 brn|[from] item: Life Orb
|
|-damage|p1a: Yveltal|0 fnt|[from] brn
|faint|p1a: Yveltal
|upkeep
|
|t:|1661913295
|switch|p1a: Marshadow|Marshadow|100/100
|turn|19
|
|t:|1661913303
|switch|p2a: Groudon|Groudon-Primal|67/100
|-weather|DesolateLand|[from] ability: Desolate Land|[of] p2a: Groudon
|move|p1a: Marshadow|Rock Tomb|p2a: Groudon
|-crit|p2a: Groudon
|-damage|p2a: Groudon|45/100
|-unboost|p2a: Groudon|spe|1
|
|-weather|DesolateLand|[upkeep]
|upkeep
|turn|20
|
|t:|1661913309
|switch|p1a: Kyogre|Kyogre-Primal, shiny|64/100 tox
|-weather|PrimordialSea|[from] ability: Primordial Sea|[of] p1a: Kyogre
|move|p2a: Groudon|Stealth Rock|p1a: Kyogre
|-sidestart|p1: AGCSR4 INSTAHOE|move: Stealth Rock
|
|-weather|PrimordialSea|[upkeep]
|-damage|p1a: Kyogre|57/100 tox|[from] psn
|upkeep
|turn|21
|
|t:|1661913315
|switch|p2a: Lugia|Lugia|57/100
|move|p1a: Kyogre|Origin Pulse|p2a: Lugia
|-damage|p2a: Lugia|0 fnt
|faint|p2a: Lugia
|
|-weather|PrimordialSea|[upkeep]
|-damage|p1a: Kyogre|45/100 tox|[from] psn
|upkeep
|
|t:|1661913324
|switch|p2a: Groudon|Groudon-Primal|45/100
|-weather|DesolateLand|[from] ability: Desolate Land|[of] p2a: Groudon
|turn|22
|
|t:|1661913328
|-weather|none
|switch|p2a: Ho-Oh|Ho-Oh|66/100
|move|p1a: Kyogre|Ice Beam|p2a: Ho-Oh
|-damage|p2a: Ho-Oh|44/100
|
|-damage|p1a: Kyogre|27/100 tox|[from] psn
|upkeep
|turn|23
|
|t:|1661913333
|switch|p2a: Groudon|Groudon-Primal|45/100
|-weather|DesolateLand|[from] ability: Desolate Land|[of] p2a: Groudon
|move|p1a: Kyogre|Ice Beam|p2a: Groudon
|-damage|p2a: Groudon|7/100
|
|-weather|DesolateLand|[upkeep]
|-damage|p1a: Kyogre|2/100 tox|[from] psn
|upkeep
|turn|24
|
|t:|1661913339
|move|p1a: Kyogre|Ice Beam|p2a: Groudon
|-damage|p2a: Groudon|0 fnt
|faint|p2a: Groudon
|-weather|none
|
|-damage|p1a: Kyogre|0 fnt|[from] psn
|faint|p1a: Kyogre
|upkeep
|
|t:|1661913353
|switch|p1a: Calyrex|Calyrex-Shadow|100/100
|switch|p2a: Ho-Oh|Ho-Oh|77/100
|-ability|p1a: Calyrex|As One
|-ability|p1a: Calyrex|Unnerve
|-damage|p1a: Calyrex|88/100|[from] Stealth Rock
|turn|25
|
|t:|1661913361
|move|p1a: Calyrex|Astral Barrage|p2a: Ho-Oh
|-damage|p2a: Ho-Oh|39/100
|move|p2a: Ho-Oh|Sacred Fire|p1a: Calyrex
|-damage|p1a: Calyrex|35/100
|-status|p1a: Calyrex|brn
|
|-damage|p1a: Calyrex|29/100 brn|[from] brn
|upkeep
|turn|26
|
|t:|1661913379
|switch|p2a: Calyrex|Calyrex-Shadow|100/100
|-ability|p2a: Calyrex|As One
|-ability|p2a: Calyrex|Unnerve
|move|p1a: Calyrex|Astral Barrage|p2a: Calyrex
|-supereffective|p2a: Calyrex
|-damage|p2a: Calyrex|0 fnt
|faint|p2a: Calyrex
|-ability|p1a: Calyrex|Grim Neigh|boost
|-boost|p1a: Calyrex|spa|1
|
|-damage|p1a: Calyrex|23/100 brn|[from] brn
|upkeep
|
|t:|1661913383
|switch|p2a: Ho-Oh|Ho-Oh|72/100
|turn|27
|inactive|AGCSR4 INSTAHOE has 120 seconds left.
|
|t:|1661913432
|move|p1a: Calyrex|Astral Barrage|p2a: Ho-Oh
|-crit|p2a: Ho-Oh
|-damage|p2a: Ho-Oh|0 fnt
|faint|p2a: Ho-Oh
|-ability|p1a: Calyrex|Grim Neigh|boost
|-boost|p1a: Calyrex|spa|1
|
|-damage|p1a: Calyrex|17/100 brn|[from] brn
|upkeep
|
|t:|1661913439
|switch|p2a: Necrozma|Necrozma-Dusk-Mane|100/100
|turn|28
|
|t:|1661913445
|-start|p2a: Necrozma|Dynamax|
|-heal|p2a: Necrozma|100/100|[silent]
|move|p1a: Calyrex|Astral Barrage|p2a: Necrozma
|-supereffective|p2a: Necrozma
|-damage|p2a: Necrozma|0 fnt
|faint|p2a: Necrozma
|
|win|AGCSR4 INSTAHOE
|n|☆AGCSR4 INSTAHOE|agcsr4instahoe
|n|☆default0|default0
|n|*Lady Monita|ladymonita
|n| tolm_e|tolme
|l|*Lady Monita
|l|☆default0
|c|☆AGCSR4 INSTAHOE|gg
