|j|☆SwagsireIsTheBest
|j|☆NOAH MK2
|t:|1665221554
|gametype|singles
|player|p1|SwagsireIsTheBest|unknownf|1582
|player|p2|NOAH MK2|1|1635
|teamsize|p1|6
|teamsize|p2|6
|gen|8
|tier|[Gen 8] National Dex AG
|rated|
|rule|HP Percentage Mod: HP is shown in percentages
|rule|Endless Battle Clause: Forcing endless battles is banned
|clearpoke
|poke|p1|Groudon|
|poke|p1|Kyogre|
|poke|p1|Arceus-*|
|poke|p1|Calyrex-Shadow|
|poke|p1|Rayquaza|
|poke|p1|Arceus-*|
|poke|p2|Necrozma-Dusk-Mane|
|poke|p2|Kyogre|
|poke|p2|Klefki, M|
|poke|p2|Arceus-*|
|poke|p2|Whimsicott, M|
|poke|p2|Landorus-Therian, M|
|teampreview
|inactive|Battle timer is ON: inactive players will automatically lose when time's up. (requested by SwagsireIsTheBest)
|
|t:|1665221563
|start
|switch|p1a: Groudon|Groudon|100/100
|switch|p2a: Klefki|Klefki, M|100/100
|detailschange|p1a: Groudon|Groudon-Primal
|-primal|p1a: Groudon
|-weather|DesolateLand|[from] ability: Desolate Land|[of] p1a: Groudon
|turn|1
|
|t:|1665221569
|move|p2a: Klefki|Reflect|p2a: Klefki
|-sidestart|p2: NOAH MK2|Reflect
|move|p1a: Groudon|Fire Punch|p2a: Klefki
|-supereffective|p2a: Klefki
|-damage|p2a: Klefki|40/100
|
|-weather|DesolateLand|[upkeep]
|upkeep
|turn|2
|
|t:|1665221576
|switch|p2a: Kyogre|Kyogre|100/100
|detailschange|p2a: Kyogre|Kyogre-Primal
|-primal|p2a: Kyogre
|-weather|PrimordialSea|[from] ability: Primordial Sea|[of] p2a: Kyogre
|move|p1a: Groudon|Fire Punch||[still]
|-fail|p1a: Groudon|Fire Punch|[from] Primordial Sea
|
|-weather|PrimordialSea|[upkeep]
|upkeep
|turn|3
|
|t:|1665221589
|switch|p1a: Rayquaza|Rayquaza|100/100
|-ability|p1a: Rayquaza|Air Lock
|move|p2a: Kyogre|Origin Pulse|p1a: Rayquaza
|-resisted|p1a: Rayquaza
|-damage|p1a: Rayquaza|60/100
|
|-weather|PrimordialSea|[upkeep]
|upkeep
|turn|4
|
|t:|1665221596
|-weather|none
|switch|p2a: Necrozma|Necrozma-Dusk-Mane|100/100
|detailschange|p1a: Rayquaza|Rayquaza-Mega
|-mega|p1a: Rayquaza|Rayquaza|
|-weather|DeltaStream|[from] ability: Delta Stream|[of] p1a: Rayquaza
|move|p1a: Rayquaza|Dragon Ascent|p2a: Necrozma
|-resisted|p2a: Necrozma
|-damage|p2a: Necrozma|90/100
|-unboost|p1a: Rayquaza|def|1
|-unboost|p1a: Rayquaza|spd|1
|-damage|p1a: Rayquaza|44/100|[from] item: Rocky Helmet|[of] p2a: Necrozma
|
|-weather|DeltaStream|[upkeep]
|upkeep
|turn|5
|
|t:|1665221608
|-weather|none
|switch|p1a: Groudon|Groudon-Primal|100/100
|-weather|DesolateLand|[from] ability: Desolate Land|[of] p1a: Groudon
|move|p2a: Necrozma|Stealth Rock|p1a: Groudon
|-sidestart|p1: SwagsireIsTheBest|move: Stealth Rock
|
|-weather|DesolateLand|[upkeep]
|upkeep
|turn|6
|
|t:|1665221618
|switch|p2a: Landorus|Landorus-Therian, M|100/100
|-ability|p2a: Landorus|Intimidate|boost
|-unboost|p1a: Groudon|atk|1
|move|p1a: Groudon|Thunder Wave|p2a: Landorus
|-immune|p2a: Landorus
|
|-weather|DesolateLand|[upkeep]
|upkeep
|turn|7
|
|t:|1665221623
|move|p2a: Landorus|Swords Dance|p2a: Landorus
|-boost|p2a: Landorus|atk|2
|move|p1a: Groudon|Stealth Rock|p2a: Landorus
|-sidestart|p2: NOAH MK2|move: Stealth Rock
|
|-weather|DesolateLand|[upkeep]
|upkeep
|turn|8
|
|t:|1665221630
|-weather|none
|switch|p1a: Rayquaza|Rayquaza-Mega|44/100
|-damage|p1a: Rayquaza|19/100|[from] Stealth Rock
|-weather|DeltaStream|[from] ability: Delta Stream|[of] p1a: Rayquaza
|-start|p2a: Landorus|Dynamax|
|-heal|p2a: Landorus|100/100|[silent]
|move|p2a: Landorus|Max Airstream|p1a: Rayquaza
|-damage|p1a: Rayquaza|0 fnt
|-boost|p2a: Landorus|spe|1
|faint|p1a: Rayquaza
|-weather|none
|-damage|p2a: Landorus|96/100|[from] item: Life Orb
|
|-sideend|p2: NOAH MK2|Reflect
|upkeep
|
|t:|1665221641
|switch|p1a: Arceus|Arceus|100/100
|-damage|p1a: Arceus|88/100|[from] Stealth Rock
|turn|9
|
|t:|1665221649
|-start|p1a: Arceus|Dynamax|
|-heal|p1a: Arceus|88/100|[silent]
|move|p2a: Landorus|Max Quake|p1a: Arceus
|-damage|p1a: Arceus|30/100
|-boost|p2a: Landorus|spd|1
|-damage|p2a: Landorus|91/100|[from] item: Life Orb
|move|p1a: Arceus|Max Strike|p2a: Landorus
|-damage|p2a: Landorus|51/100
|-unboost|p2a: Landorus|spe|1
|
|-heal|p1a: Arceus|33/100|[from] item: Leftovers
|upkeep
|turn|10
|
|t:|1665221659
|move|p1a: Arceus|Max Guard|p1a: Arceus
|-singleturn|p1a: Arceus|Max Guard
|move|p2a: Landorus|Max Airstream|p1a: Arceus
|-activate|p1a: Arceus|move: Max Guard
|
|-heal|p1a: Arceus|36/100|[from] item: Leftovers
|upkeep
|-end|p2a: Landorus|Dynamax
|-heal|p2a: Landorus|51/100|[silent]
|turn|11
|
|t:|1665221662
|move|p2a: Landorus|Earthquake|p1a: Arceus
|-damage|p1a: Arceus|0 fnt
|faint|p1a: Arceus
|-damage|p2a: Landorus|41/100|[from] item: Life Orb
|
|upkeep
|
|t:|1665221666
|switch|p1a: Arceus|Arceus-Dark|100/100
|-damage|p1a: Arceus|88/100|[from] Stealth Rock
|turn|12
|
|t:|1665221677
|move|p2a: Landorus|Swords Dance|p2a: Landorus
|-boost|p2a: Landorus|atk|2
|move|p1a: Arceus|Ice Beam|p2a: Landorus
|-supereffective|p2a: Landorus
|-crit|p2a: Landorus
|-damage|p2a: Landorus|0 fnt
|faint|p2a: Landorus
|
|upkeep
|
|t:|1665221701
|switch|p2a: Klefki|Klefki, M|40/100
|-damage|p2a: Klefki|34/100|[from] Stealth Rock
|turn|13
|
|t:|1665221711
|move|p2a: Klefki|Light Screen|p2a: Klefki
|-sidestart|p2: NOAH MK2|move: Light Screen
|move|p1a: Arceus|Thunder Wave|p2a: Klefki
|-status|p2a: Klefki|par
|
|upkeep
|turn|14
|
|t:|1665221715
|cant|p2a: Klefki|par
|move|p1a: Arceus|Defog|p2a: Klefki
|-unboost|p2a: Klefki|evasion|1
|-sideend|p2: NOAH MK2|move: Light Screen
|-sideend|p2: NOAH MK2|Stealth Rock|[from] move: Defog|[of] p1a: Arceus
|-sideend|p1: SwagsireIsTheBest|Stealth Rock|[from] move: Defog|[of] p1a: Arceus
|
|upkeep
|turn|15
|
|t:|1665221722
|switch|p2a: Arceus|Arceus-Ground|100/100
|move|p1a: Arceus|Ice Beam|p2a: Arceus
|-supereffective|p2a: Arceus
|-damage|p2a: Arceus|70/100
|
|upkeep
|turn|16
|
|t:|1665221728
|switch|p1a: Kyogre|Kyogre|100/100
|-weather|RainDance|[from] ability: Drizzle|[of] p1a: Kyogre
|move|p2a: Arceus|Toxic|p1a: Kyogre
|-status|p1a: Kyogre|tox
|
|-weather|RainDance|[upkeep]
|-damage|p1a: Kyogre|94/100 tox|[from] psn
|upkeep
|turn|17
|
|t:|1665221738
|switch|p2a: Kyogre|Kyogre-Primal|100/100
|-weather|PrimordialSea|[from] ability: Primordial Sea|[of] p2a: Kyogre
|move|p1a: Kyogre|Water Spout|p2a: Kyogre
|-resisted|p2a: Kyogre
|-crit|p2a: Kyogre
|-damage|p2a: Kyogre|39/100
|
|-weather|PrimordialSea|[upkeep]
|-damage|p1a: Kyogre|82/100 tox|[from] psn
|upkeep
|turn|18
|
|t:|1665221747
|move|p1a: Kyogre|Water Spout|p2a: Kyogre
|-resisted|p2a: Kyogre
|-damage|p2a: Kyogre|5/100
|move|p2a: Kyogre|Thunder|p1a: Kyogre
|-supereffective|p1a: Kyogre
|-damage|p1a: Kyogre|8/100 tox
|
|-weather|PrimordialSea|[upkeep]
|-damage|p1a: Kyogre|0 fnt|[from] psn
|faint|p1a: Kyogre
|upkeep
|inactive|SwagsireIsTheBest has 120 seconds left.
|
|t:|1665221800
|switch|p1a: Calyrex|Calyrex-Shadow|100/100
|-ability|p1a: Calyrex|As One
|-ability|p1a: Calyrex|Unnerve
|turn|19
|
|t:|1665221819
|move|p1a: Calyrex|Astral Barrage|p2a: Kyogre
|-damage|p2a: Kyogre|0 fnt
|faint|p2a: Kyogre
|-weather|none
|-ability|p1a: Calyrex|Grim Neigh|boost
|-boost|p1a: Calyrex|spa|1
|
|upkeep
|
|t:|1665221824
|switch|p2a: Klefki|Klefki, M|34/100 par
|turn|20
|inactive|SwagsireIsTheBest has 120 seconds left.
|
|t:|1665221836
|switch|p1a: Groudon|Groudon-Primal|100/100
|-weather|DesolateLand|[from] ability: Desolate Land|[of] p1a: Groudon
|move|p2a: Klefki|Thunder Wave|p1a: Groudon
|-immune|p1a: Groudon
|
|-weather|DesolateLand|[upkeep]
|upkeep
|turn|21
|inactive|SwagsireIsTheBest has 120 seconds left.
|
|t:|1665221869
|switch|p2a: Arceus|Arceus-Ground|70/100
|move|p1a: Groudon|Fire Punch|p2a: Arceus
|-damage|p2a: Arceus|37/100
|
|-weather|DesolateLand|[upkeep]
|upkeep
|turn|22
|inactive|SwagsireIsTheBest has 90 seconds left.
|
|t:|1665221888
|move|p2a: Arceus|Recover|p2a: Arceus
|-heal|p2a: Arceus|87/100
|move|p1a: Groudon|Fire Punch|p2a: Arceus
|-damage|p2a: Arceus|52/100
|
|-weather|DesolateLand|[upkeep]
|upkeep
|turn|23
|
|t:|1665221897
|-weather|none
|switch|p1a: Arceus|Arceus-Dark|88/100
|move|p2a: Arceus|Recover|p2a: Arceus
|-heal|p2a: Arceus|100/100
|
|upkeep
|turn|24
|
|t:|1665221901
|move|p2a: Arceus|Toxic|p1a: Arceus
|-status|p1a: Arceus|tox
|move|p1a: Arceus|Ice Beam|p2a: Arceus
|-supereffective|p2a: Arceus
|-damage|p2a: Arceus|66/100
|
|-damage|p1a: Arceus|82/100 tox|[from] psn
|upkeep
|turn|25
|
|t:|1665221912
|switch|p2a: Klefki|Klefki, M|34/100 par
|move|p1a: Arceus|Ice Beam|p2a: Klefki
|-resisted|p2a: Klefki
|-damage|p2a: Klefki|19/100 par
|
|-damage|p1a: Arceus|70/100 tox|[from] psn
|upkeep
|turn|26
|
|t:|1665221916
|move|p2a: Klefki|Light Screen|p2a: Klefki
|-sidestart|p2: NOAH MK2|move: Light Screen
|move|p1a: Arceus|Ice Beam|p2a: Klefki
|-resisted|p2a: Klefki
|-damage|p2a: Klefki|12/100 par
|
|-damage|p1a: Arceus|52/100 tox|[from] psn
|upkeep
|turn|27
|
|t:|1665221939
|switch|p2a: Arceus|Arceus-Ground|66/100
|move|p1a: Arceus|Recover|p1a: Arceus
|-heal|p1a: Arceus|100/100 tox
|
|-damage|p1a: Arceus|76/100 tox|[from] psn
|upkeep
|turn|28
|
|t:|1665221944
|switch|p1a: Groudon|Groudon-Primal|100/100
|-weather|DesolateLand|[from] ability: Desolate Land|[of] p1a: Groudon
|move|p2a: Arceus|Recover|p2a: Arceus
|-heal|p2a: Arceus|100/100
|
|-weather|DesolateLand|[upkeep]
|upkeep
|turn|29
|
|t:|1665221950
|move|p2a: Arceus|Judgment|p1a: Groudon
|-supereffective|p1a: Groudon
|-damage|p1a: Groudon|35/100
|move|p1a: Groudon|Precipice Blades|p2a: Arceus
|-damage|p2a: Arceus|63/100
|
|-weather|DesolateLand|[upkeep]
|upkeep
|turn|30
|
|t:|1665221960
|move|p2a: Arceus|Toxic|p1a: Groudon
|-status|p1a: Groudon|tox
|move|p1a: Groudon|Fire Punch|p2a: Arceus
|-damage|p2a: Arceus|31/100
|
|-weather|DesolateLand|[upkeep]
|-damage|p1a: Groudon|29/100 tox|[from] psn
|upkeep
|turn|31
|
|t:|1665221965
|-weather|none
|switch|p1a: Calyrex|Calyrex-Shadow|100/100
|-ability|p1a: Calyrex|As One
|-ability|p1a: Calyrex|Unnerve
|move|p2a: Arceus|Recover|p2a: Arceus
|-heal|p2a: Arceus|81/100
|
|upkeep
|turn|32
|
|t:|1665221973
|switch|p1a: Arceus|Arceus-Dark|76/100 tox
|move|p2a: Arceus|Judgment|p1a: Arceus
|-damage|p1a: Arceus|52/100 tox
|
|-damage|p1a: Arceus|46/100 tox|[from] psn
|upkeep
|turn|33
|
|t:|1665221985
|switch|p2a: Whimsicott|Whimsicott, M|100/100
|move|p1a: Arceus|Recover|p1a: Arceus
|-heal|p1a: Arceus|96/100 tox
|
|-damage|p1a: Arceus|83/100 tox|[from] psn
|-sideend|p2: NOAH MK2|move: Light Screen
|upkeep
|turn|34
|
|t:|1665221992
|switch|p1a: Groudon|Groudon-Primal|29/100 tox
|-weather|DesolateLand|[from] ability: Desolate Land|[of] p1a: Groudon
|move|p2a: Whimsicott|Substitute|p2a: Whimsicott
|-start|p2a: Whimsicott|Substitute
|-damage|p2a: Whimsicott|76/100
|
|-weather|DesolateLand|[upkeep]
|-heal|p2a: Whimsicott|82/100|[from] item: Leftovers
|-damage|p1a: Groudon|23/100 tox|[from] psn
|upkeep
|turn|35
|
|t:|1665222004
|move|p2a: Whimsicott|Moonblast|p1a: Groudon
|-resisted|p1a: Groudon
|-damage|p1a: Groudon|10/100 tox
|-unboost|p1a: Groudon|spa|1
|move|p1a: Groudon|Fire Punch|p2a: Whimsicott
|-supereffective|p2a: Whimsicott
|-end|p2a: Whimsicott|Substitute
|
|-weather|DesolateLand|[upkeep]
|-heal|p2a: Whimsicott|88/100|[from] item: Leftovers
|-damage|p1a: Groudon|0 fnt|[from] psn
|faint|p1a: Groudon
|-weather|none
|upkeep
|
|t:|1665222008
|switch|p1a: Calyrex|Calyrex-Shadow|100/100
|-ability|p1a: Calyrex|As One
|-ability|p1a: Calyrex|Unnerve
|turn|36
|
|t:|1665222014
|move|p2a: Whimsicott|Substitute|p2a: Whimsicott
|-start|p2a: Whimsicott|Substitute
|-damage|p2a: Whimsicott|63/100
|move|p1a: Calyrex|Substitute|p1a: Calyrex
|-start|p1a: Calyrex|Substitute
|-damage|p1a: Calyrex|76/100
|
|-heal|p2a: Whimsicott|69/100|[from] item: Leftovers
|upkeep
|turn|37
|
|t:|1665222018
|move|p2a: Whimsicott|Encore|p1a: Calyrex
|-start|p1a: Calyrex|Encore
|move|p1a: Calyrex|Substitute|p1a: Calyrex
|-fail|p1a: Calyrex|move: Substitute
|
|-heal|p2a: Whimsicott|75/100|[from] item: Leftovers
|upkeep
|turn|38
|
|t:|1665222023
|switch|p1a: Arceus|Arceus-Dark|83/100 tox
|move|p2a: Whimsicott|Moonblast|p1a: Arceus
|-supereffective|p1a: Arceus
|-damage|p1a: Arceus|48/100 tox
|-unboost|p1a: Arceus|spa|1
|
|-heal|p2a: Whimsicott|81/100|[from] item: Leftovers
|-damage|p1a: Arceus|42/100 tox|[from] psn
|upkeep
|turn|39
|
|t:|1665222029
|move|p2a: Whimsicott|Moonblast|p1a: Arceus
|-supereffective|p1a: Arceus
|-damage|p1a: Arceus|9/100 tox
|move|p1a: Arceus|Recover|p1a: Arceus
|-heal|p1a: Arceus|59/100 tox
|
|-heal|p2a: Whimsicott|87/100|[from] item: Leftovers
|-damage|p1a: Arceus|47/100 tox|[from] psn
|upkeep
|turn|40
|
|t:|1665222033
|move|p2a: Whimsicott|Moonblast|p1a: Arceus
|-supereffective|p1a: Arceus
|-damage|p1a: Arceus|12/100 tox
|-unboost|p1a: Arceus|spa|1
|move|p1a: Arceus|Ice Beam|p2a: Whimsicott
|-supereffective|p2a: Whimsicott
|-end|p2a: Whimsicott|Substitute
|
|-heal|p2a: Whimsicott|94/100|[from] item: Leftovers
|-damage|p1a: Arceus|0 fnt|[from] psn
|faint|p1a: Arceus
|upkeep
|
|t:|1665222035
|switch|p1a: Calyrex|Calyrex-Shadow|76/100
|-ability|p1a: Calyrex|As One
|-ability|p1a: Calyrex|Unnerve
|turn|41
|
|t:|1665222045
|move|p2a: Whimsicott|Substitute|p2a: Whimsicott
|-start|p2a: Whimsicott|Substitute
|-damage|p2a: Whimsicott|69/100
|move|p1a: Calyrex|Astral Barrage|p2a: Whimsicott
|-end|p2a: Whimsicott|Substitute
|
|-heal|p2a: Whimsicott|75/100|[from] item: Leftovers
|upkeep
|turn|42
|
|t:|1665222047
|move|p2a: Whimsicott|Substitute|p2a: Whimsicott
|-start|p2a: Whimsicott|Substitute
|-damage|p2a: Whimsicott|50/100
|move|p1a: Calyrex|Astral Barrage|p2a: Whimsicott
|-crit|p2a: Whimsicott
|-end|p2a: Whimsicott|Substitute
|
|-heal|p2a: Whimsicott|56/100|[from] item: Leftovers
|upkeep
|turn|43
|
|t:|1665222050
|move|p2a: Whimsicott|Substitute|p2a: Whimsicott
|-start|p2a: Whimsicott|Substitute
|-damage|p2a: Whimsicott|31/100
|move|p1a: Calyrex|Astral Barrage|p2a: Whimsicott
|-end|p2a: Whimsicott|Substitute
|
|-heal|p2a: Whimsicott|37/100|[from] item: Leftovers
|upkeep
|turn|44
|
|t:|1665222060
|move|p2a: Whimsicott|Substitute|p2a: Whimsicott
|-start|p2a: Whimsicott|Substitute
|-damage|p2a: Whimsicott|12/100
|move|p1a: Calyrex|Psyshock|p2a: Whimsicott
|-end|p2a: Whimsicott|Substitute
|
|-heal|p2a: Whimsicott|19/100|[from] item: Leftovers
|upkeep
|turn|45
|
|t:|1665222064
|move|p2a: Whimsicott|Leech Seed|p1a: Calyrex
|-start|p1a: Calyrex|move: Leech Seed
|move|p1a: Calyrex|Psyshock|p2a: Whimsicott
|-damage|p2a: Whimsicott|0 fnt
|faint|p2a: Whimsicott
|-ability|p1a: Calyrex|Grim Neigh|boost
|-boost|p1a: Calyrex|spa|1
|
|upkeep
|
|t:|1665222066
|switch|p2a: Klefki|Klefki, M|12/100 par
|turn|46
|
|t:|1665222070
|cant|p2a: Klefki|par
|move|p1a: Calyrex|Substitute|p1a: Calyrex
|-start|p1a: Calyrex|Substitute
|-damage|p1a: Calyrex|51/100
|
|-damage|p1a: Calyrex|38/100|[from] Leech Seed|[of] p2a: Klefki
|-heal|p2a: Klefki|25/100 par|[silent]
|upkeep
|turn|47
|c|☆SwagsireIsTheBest|gg
|
|t:|1665222077
|move|p2a: Klefki|Light Screen|p2a: Klefki
|-sidestart|p2: NOAH MK2|move: Light Screen
|move|p1a: Calyrex|Astral Barrage|p2a: Klefki
|-damage|p2a: Klefki|0 fnt
|faint|p2a: Klefki
|-ability|p1a: Calyrex|Grim Neigh|boost
|-boost|p1a: Calyrex|spa|1
|
|upkeep
|
|t:|1665222080
|switch|p2a: Arceus|Arceus-Ground|81/100
|turn|48
|
|t:|1665222084
|move|p1a: Calyrex|Astral Barrage|p2a: Arceus
|-damage|p2a: Arceus|31/100
|move|p2a: Arceus|Judgment|p1a: Calyrex
|-end|p1a: Calyrex|Substitute
|
|-damage|p1a: Calyrex|26/100|[from] Leech Seed|[of] p2a: Arceus
|-heal|p2a: Arceus|40/100|[silent]
|upkeep
|turn|49
|
|t:|1665222101
|move|p1a: Calyrex|Astral Barrage|p2a: Arceus
|-damage|p2a: Arceus|0 fnt
|faint|p2a: Arceus
|-ability|p1a: Calyrex|Grim Neigh|boost
|-boost|p1a: Calyrex|spa|1
|
|upkeep
|
|t:|1665222104
|switch|p2a: Necrozma|Necrozma-Dusk-Mane|90/100
|turn|50
|
|t:|1665222108
|move|p1a: Calyrex|Astral Barrage|p2a: Necrozma
|-supereffective|p2a: Necrozma
|-crit|p2a: Necrozma
|-damage|p2a: Necrozma|0 fnt
|faint|p2a: Necrozma
|
|win|SwagsireIsTheBest
|raw|SwagsireIsTheBest's rating: 1582 &rarr; <strong>1605</strong><br />(+23 for winning)
|raw|NOAH MK2's rating: 1635 &rarr; <strong>1612</strong><br />(-23 for losing)
