|j|☆Andy611
|j|‽Mawm
|t:|1666041123
|gametype|singles
|player|p1|Andy611|265|1691
|player|p2|Mawm|beauty-gen6xy|1870
|teamsize|p1|6
|teamsize|p2|6
|gen|8
|tier|[Gen 8] National Dex AG
|rated|
|rule|HP Percentage Mod: HP is shown in percentages
|rule|Endless Battle Clause: Forcing endless battles is banned
|clearpoke
|poke|p1|Calyrex-Shadow|
|poke|p1|Kyogre|
|poke|p1|Yveltal|
|poke|p1|Lugia|
|poke|p1|Rayquaza|
|poke|p1|Necrozma-Dusk-Mane|
|poke|p2|Calyrex-Shadow|
|poke|p2|Genesect|
|poke|p2|Yveltal|
|poke|p2|Necrozma-Dusk-Mane|
|poke|p2|Rayquaza|
|poke|p2|Groudon|
|teampreview
|inactive|Battle timer is ON: inactive players will automatically lose when time's up. (requested by Mawm)
|
|t:|1666041150
|start
|switch|p1a: Necrozma|Necrozma-Dusk-Mane|100/100
|switch|p2a: Groudon|Groudon|100/100
|detailschange|p2a: Groudon|Groudon-Primal
|-primal|p2a: Groudon
|-weather|DesolateLand|[from] ability: Desolate Land|[of] p2a: Groudon
|turn|1
|
|t:|1666041164
|detailschange|p1a: Necrozma|Necrozma-Ultra
|-burst|p1a: Necrozma|Necrozma|Ultranecrozium Z
|move|p1a: Necrozma|Dragon Dance|p1a: Necrozma
|-boost|p1a: Necrozma|atk|1
|-boost|p1a: Necrozma|spe|1
|move|p2a: Groudon|Eruption|p1a: Necrozma
|-resisted|p1a: Necrozma
|-damage|p1a: Necrozma|32/100
|
|-weather|DesolateLand|[upkeep]
|upkeep
|turn|2
|
|t:|1666041177
|move|p1a: Necrozma|Earthquake|p2a: Groudon
|-supereffective|p2a: Groudon
|-damage|p2a: Groudon|0 fnt
|faint|p2a: Groudon
|-weather|none
|
|upkeep
|
|t:|1666041190
|switch|p2a: Rayquaza|Rayquaza|100/100
|-ability|p2a: Rayquaza|Air Lock
|turn|3
|
|t:|1666041196
|detailschange|p2a: Rayquaza|Rayquaza-Mega
|-mega|p2a: Rayquaza|Rayquaza|
|-weather|DeltaStream|[from] ability: Delta Stream|[of] p2a: Rayquaza
|move|p2a: Rayquaza|Extreme Speed|p1a: Necrozma
|-damage|p1a: Necrozma|0 fnt
|faint|p1a: Necrozma
|-damage|p2a: Rayquaza|91/100|[from] item: Life Orb
|
|-weather|DeltaStream|[upkeep]
|upkeep
|
|t:|1666041210
|switch|p1a: Rayquaza|Rayquaza|100/100
|-ability|p1a: Rayquaza|Air Lock
|turn|4
|
|t:|1666041216
|detailschange|p1a: Rayquaza|Rayquaza-Mega
|-mega|p1a: Rayquaza|Rayquaza|
|move|p1a: Rayquaza|Dragon Ascent|p2a: Rayquaza
|-damage|p2a: Rayquaza|16/100
|-unboost|p1a: Rayquaza|def|1
|-unboost|p1a: Rayquaza|spd|1
|move|p2a: Rayquaza|Dragon Ascent|p1a: Rayquaza
|-enditem|p1a: Rayquaza|Focus Sash
|-damage|p1a: Rayquaza|1/100
|-unboost|p2a: Rayquaza|def|1
|-unboost|p2a: Rayquaza|spd|1
|-damage|p2a: Rayquaza|6/100|[from] item: Life Orb
|
|-weather|DeltaStream|[upkeep]
|upkeep
|turn|5
|
|t:|1666041229
|move|p1a: Rayquaza|Extreme Speed|p2a: Rayquaza
|-damage|p2a: Rayquaza|0 fnt
|faint|p2a: Rayquaza
|
|-weather|DeltaStream|[upkeep]
|upkeep
|
|t:|1666041232
|switch|p2a: Calyrex|Calyrex-Shadow|100/100
|-ability|p2a: Calyrex|As One
|-ability|p2a: Calyrex|Unnerve
|turn|6
|
|t:|1666041242
|-weather|none
|switch|p1a: Yveltal|Yveltal|100/100
|-ability|p1a: Yveltal|Dark Aura
|move|p2a: Calyrex|Astral Barrage|p1a: Yveltal
|-resisted|p1a: Yveltal
|-damage|p1a: Yveltal|65/100
|
|upkeep
|turn|7
|
|t:|1666041254
|switch|p2a: Yveltal|Yveltal, shiny|100/100
|-ability|p2a: Yveltal|Dark Aura
|-start|p1a: Yveltal|Dynamax|
|-heal|p1a: Yveltal|65/100|[silent]
|move|p1a: Yveltal|Max Airstream|p2a: Yveltal
|-damage|p2a: Yveltal|17/100
|-boost|p1a: Yveltal|spe|1
|-damage|p1a: Yveltal|60/100|[from] item: Life Orb
|
|upkeep
|turn|8
|
|t:|1666041266
|move|p1a: Yveltal|Max Airstream|p2a: Yveltal
|-crit|p2a: Yveltal
|-damage|p2a: Yveltal|0 fnt
|-boost|p1a: Yveltal|spe|1
|faint|p2a: Yveltal
|-damage|p1a: Yveltal|55/100|[from] item: Life Orb
|
|upkeep
|
|t:|1666041272
|switch|p2a: Necrozma|Necrozma-Dusk-Mane, shiny|100/100
|turn|9
|
|t:|1666041277
|switch|p2a: Calyrex|Calyrex-Shadow|100/100
|-ability|p2a: Calyrex|As One
|-ability|p2a: Calyrex|Unnerve
|move|p1a: Yveltal|Max Darkness|p2a: Calyrex
|-supereffective|p2a: Calyrex
|-enditem|p2a: Calyrex|Focus Sash
|-damage|p2a: Calyrex|1/100
|-unboost|p2a: Calyrex|spd|1
|-damage|p1a: Yveltal|50/100|[from] item: Life Orb
|
|upkeep
|-end|p1a: Yveltal|Dynamax
|-heal|p1a: Yveltal|51/100|[silent]
|turn|10
|
|t:|1666041293
|move|p1a: Yveltal|Knock Off|p2a: Calyrex
|-supereffective|p2a: Calyrex
|-damage|p2a: Calyrex|0 fnt
|faint|p2a: Calyrex
|-damage|p1a: Yveltal|41/100|[from] item: Life Orb
|
|upkeep
|
|t:|1666041299
|switch|p2a: Genesect|Genesect, shiny|100/100
|-ability|p2a: Genesect|Download|boost
|-boost|p2a: Genesect|atk|1
|turn|11
|
|t:|1666041303
|move|p2a: Genesect|Extreme Speed|p1a: Yveltal
|-damage|p1a: Yveltal|0 fnt
|faint|p1a: Yveltal
|-damage|p2a: Genesect|91/100|[from] item: Life Orb
|
|upkeep
|
|t:|1666041320
|switch|p1a: Lugia|Lugia|100/100
|turn|12
|
|t:|1666041323
|move|p1a: Lugia|Whirlpool|p2a: Genesect
|-damage|p2a: Genesect|83/100
|-activate|p2a: Genesect|move: Whirlpool|[of] p1a: Lugia
|move|p2a: Genesect|Shift Gear|p2a: Genesect
|-boost|p2a: Genesect|spe|2
|-boost|p2a: Genesect|atk|1
|
|-damage|p2a: Genesect|70/100|[from] move: Whirlpool|[partiallytrapped]
|upkeep
|turn|13
|
|t:|1666041335
|move|p2a: Genesect|Iron Head|p1a: Lugia
|-damage|p1a: Lugia|63/100
|-damage|p2a: Genesect|61/100|[from] item: Life Orb
|cant|p1a: Lugia|flinch
|
|-damage|p2a: Genesect|48/100|[from] move: Whirlpool|[partiallytrapped]
|upkeep
|turn|14
|
|t:|1666041344
|move|p2a: Genesect|Leech Life|p1a: Lugia
|-damage|p1a: Lugia|0 fnt
|-heal|p2a: Genesect|86/100|[from] drain|[of] p1a: Lugia
|faint|p1a: Lugia
|-damage|p2a: Genesect|76/100|[from] item: Life Orb
|
|-end|p2a: Genesect|Whirlpool|[partiallytrapped]|[silent]
|upkeep
|
|t:|1666041355
|switch|p1a: Calyrex|Calyrex-Shadow|100/100
|-ability|p1a: Calyrex|As One
|-ability|p1a: Calyrex|Unnerve
|turn|15
|
|t:|1666041361
|move|p2a: Genesect|Leech Life|p1a: Calyrex
|-enditem|p1a: Calyrex|Focus Sash
|-damage|p1a: Calyrex|1/100
|-heal|p2a: Genesect|100/100|[from] drain|[of] p1a: Calyrex
|-damage|p2a: Genesect|91/100|[from] item: Life Orb
|move|p1a: Calyrex|Astral Barrage|p2a: Genesect
|-damage|p2a: Genesect|14/100
|
|upkeep
|turn|16
|j| Buck X
|
|t:|1666041378
|move|p2a: Genesect|Leech Life|p1a: Calyrex
|-damage|p1a: Calyrex|0 fnt
|-heal|p2a: Genesect|14/100|[from] drain|[of] p1a: Calyrex
|faint|p1a: Calyrex
|-damage|p2a: Genesect|5/100|[from] item: Life Orb
|
|upkeep
|
|t:|1666041385
|switch|p1a: Rayquaza|Rayquaza-Mega|1/100
|-weather|DeltaStream|[from] ability: Delta Stream|[of] p1a: Rayquaza
|turn|17
|
|t:|1666041393
|move|p2a: Genesect|Extreme Speed|p1a: Rayquaza
|-damage|p1a: Rayquaza|0 fnt
|faint|p1a: Rayquaza
|-weather|none
|-damage|p2a: Genesect|0 fnt|[from] item: Life Orb
|faint|p2a: Genesect
|
|upkeep
|
|t:|1666041401
|switch|p1a: Kyogre|Kyogre|100/100
|switch|p2a: Necrozma|Necrozma-Dusk-Mane, shiny|100/100
|-weather|RainDance|[from] ability: Drizzle|[of] p1a: Kyogre
|turn|18
|
|t:|1666041409
|detailschange|p2a: Necrozma|Necrozma-Ultra, shiny
|-burst|p2a: Necrozma|Necrozma|Ultranecrozium Z
|move|p1a: Kyogre|Water Spout|p2a: Necrozma
|-resisted|p2a: Necrozma
|-damage|p2a: Necrozma|46/100
|move|p2a: Necrozma|Photon Geyser|p1a: Kyogre
|-damage|p1a: Kyogre|36/100
|
|-weather|RainDance|[upkeep]
|upkeep
|turn|19
|
|t:|1666041423
|move|p1a: Kyogre|Water Spout|p2a: Necrozma
|-resisted|p2a: Necrozma
|-damage|p2a: Necrozma|27/100
|-zpower|p2a: Necrozma
|move|p2a: Necrozma|Light That Burns the Sky|p1a: Kyogre|[zeffect]
|-damage|p1a: Kyogre|0 fnt
|faint|p1a: Kyogre
|
|win|Mawm
|raw|Andy611's rating: 1691 &rarr; <strong>1680</strong><br />(-11 for losing)
|raw|Mawm's rating: 1870 &rarr; <strong>1881</strong><br />(+11 for winning)
