|j|☆ChunkyRat
|j|☆EmperorTestingAcct
|t:|1634401394
|gametype|singles
|player|p1|ChunkyRat|schoolkidf|1655
|player|p2|EmperorTestingAcct|ghetsis|1590
|teamsize|p1|6
|teamsize|p2|6
|gen|8
|tier|[Gen 8] National Dex AG
|rated|
|rule|HP Percentage Mod: HP is shown in percentages
|rule|Endless Battle Clause: Forcing endless battles is banned
|clearpoke
|poke|p1|Rayquaza|
|poke|p1|Groudon|
|poke|p1|Calyrex-Shadow|
|poke|p1|Lugia|
|poke|p1|Marshadow|
|poke|p1|Necrozma-Dusk-Mane|
|poke|p2|Tapu Lele|
|poke|p2|Deoxys-Attack|
|poke|p2|Deoxys-Attack|
|poke|p2|Deoxys-Attack|
|poke|p2|Calyrex-Shadow|
|poke|p2|Rayquaza|
|teampreview
|inactive|Battle timer is ON: inactive players will automatically lose when time's up. (requested by ChunkyRat)
|
|t:|1634401425
|start
|switch|p1a: DEMON SLAYER|Groudon, shiny|100/100
|switch|p2a: Tapu Lele|Tapu Lele|100/100
|-fieldstart|move: Psychic Terrain|[from] ability: Psychic Surge|[of] p2a: Tapu Lele
|detailschange|p1a: DEMON SLAYER|Groudon-Primal, shiny
|-primal|p1a: DEMON SLAYER
|-weather|DesolateLand|[from] ability: Desolate Land|[of] p1a: DEMON SLAYER
|turn|1
|
|t:|1634401434
|move|p2a: Tapu Lele|Magic Coat|p2a: Tapu Lele
|-singleturn|p2a: Tapu Lele|move: Magic Coat
|move|p1a: DEMON SLAYER|Lava Plume|p2a: Tapu Lele
|-damage|p2a: Tapu Lele|30/100
|
|-weather|DesolateLand|[upkeep]
|upkeep
|turn|2
|
|t:|1634401440
|move|p2a: Tapu Lele|Taunt|p1a: DEMON SLAYER
|-start|p1a: DEMON SLAYER|move: Taunt
|cant|p1a: DEMON SLAYER|move: Taunt|Stealth Rock
|
|-weather|DesolateLand|[upkeep]
|upkeep
|turn|3
|
|t:|1634401447
|switch|p2a: Deoxys|Deoxys-Attack|100/100
|-ability|p2a: Deoxys|Pressure
|move|p1a: DEMON SLAYER|Lava Plume|p2a: Deoxys
|-enditem|p2a: Deoxys|Focus Sash
|-damage|p2a: Deoxys|1/100
|
|-weather|DesolateLand|[upkeep]
|upkeep
|turn|4
|
|t:|1634401451
|-weather|none
|switch|p1a: WHITE DRAGON|Lugia, shiny|100/100
|move|p2a: Deoxys|Psycho Boost|p1a: WHITE DRAGON
|-resisted|p1a: WHITE DRAGON
|-damage|p1a: WHITE DRAGON|85/100
|-unboost|p2a: Deoxys|spa|2
|
|upkeep
|turn|5
|
|t:|1634401458
|switch|p1a: DEMON SLAYER|Groudon-Primal, shiny|100/100
|-weather|DesolateLand|[from] ability: Desolate Land|[of] p1a: DEMON SLAYER
|move|p2a: Deoxys|Knock Off|p1a: DEMON SLAYER
|-damage|p1a: DEMON SLAYER|86/100
|
|-weather|DesolateLand|[upkeep]
|upkeep
|turn|6
|
|t:|1634401476
|move|p2a: Deoxys|Taunt|p1a: DEMON SLAYER
|-start|p1a: DEMON SLAYER|move: Taunt
|cant|p1a: DEMON SLAYER|move: Taunt|Stealth Rock
|
|-weather|DesolateLand|[upkeep]
|upkeep
|turn|7
|
|t:|1634401481
|move|p2a: Deoxys|Stealth Rock|p1a: DEMON SLAYER
|-sidestart|p1: ChunkyRat|move: Stealth Rock
|move|p1a: DEMON SLAYER|Lava Plume|p2a: Deoxys
|-damage|p2a: Deoxys|0 fnt
|faint|p2a: Deoxys
|
|-weather|DesolateLand|[upkeep]
|upkeep
|
|t:|1634401492
|switch|p2a: Deoxys|Deoxys-Attack|100/100
|-ability|p2a: Deoxys|Pressure
|turn|8
|
|t:|1634401496
|-weather|none
|switch|p1a: WHITE DRAGON|Lugia, shiny|85/100
|move|p2a: Deoxys|Nasty Plot|p2a: Deoxys
|-boost|p2a: Deoxys|spa|2
|
|-fieldend|move: Psychic Terrain
|upkeep
|turn|9
|
|t:|1634401510
|-start|p2a: Deoxys|Dynamax
|-heal|p2a: Deoxys|100/100|[silent]
|move|p2a: Deoxys|Max Lightning|p1a: WHITE DRAGON
|-supereffective|p1a: WHITE DRAGON
|-damage|p1a: WHITE DRAGON|0 fnt
|-fieldstart|move: Electric Terrain
|faint|p1a: WHITE DRAGON
|
|upkeep
|
|t:|1634401522
|switch|p1a: DEMON SLAYER|Groudon-Primal, shiny|86/100
|-damage|p1a: DEMON SLAYER|73/100|[from] Stealth Rock
|-weather|DesolateLand|[from] ability: Desolate Land|[of] p1a: DEMON SLAYER
|turn|10
|
|t:|1634401524
|move|p2a: Deoxys|Max Mindstorm|p1a: DEMON SLAYER
|-damage|p1a: DEMON SLAYER|0 fnt
|-fieldstart|move: Psychic Terrain
|faint|p1a: DEMON SLAYER
|-weather|none
|
|upkeep
|inactive|ChunkyRat has 120 seconds left.
|inactive|ChunkyRat has 90 seconds left.
|
|t:|1634401587
|switch|p1a: XTREME KILLER|Rayquaza, shiny|100/100
|-damage|p1a: XTREME KILLER|75/100|[from] Stealth Rock
|-ability|p1a: XTREME KILLER|Air Lock
|turn|11
|
|t:|1634401592
|detailschange|p1a: XTREME KILLER|Rayquaza-Mega, shiny
|-mega|p1a: XTREME KILLER|Rayquaza|
|-weather|DeltaStream|[from] ability: Delta Stream|[of] p1a: XTREME KILLER
|move|p1a: XTREME KILLER|Extreme Speed|p2a: Deoxys
|-activate|p2a: Deoxys|move: Psychic Terrain
|move|p2a: Deoxys|Max Mindstorm|p1a: XTREME KILLER
|-damage|p1a: XTREME KILLER|0 fnt
|faint|p1a: XTREME KILLER
|-weather|none
|
|-end|p2a: Deoxys|Dynamax
|-heal|p2a: Deoxys|100/100|[silent]
|upkeep
|
|t:|1634401595
|switch|p1a: LYNCH PIN|Necrozma-Dusk-Mane, shiny|100/100
|-damage|p1a: LYNCH PIN|94/100|[from] Stealth Rock
|turn|12
|
|t:|1634401601
|move|p2a: Deoxys|Shadow Ball|p1a: LYNCH PIN
|-supereffective|p1a: LYNCH PIN
|-damage|p1a: LYNCH PIN|5/100
|-enditem|p1a: LYNCH PIN|Weakness Policy
|-boost|p1a: LYNCH PIN|atk|2|[from] item: Weakness Policy
|-boost|p1a: LYNCH PIN|spa|2|[from] item: Weakness Policy
|move|p1a: LYNCH PIN|Autotomize|p1a: LYNCH PIN
|-boost|p1a: LYNCH PIN|spe|2
|-start|p1a: LYNCH PIN|Autotomize
|
|upkeep
|turn|13
|inactive|ChunkyRat has 120 seconds left.
|
|t:|1634401606
|-start|p1a: LYNCH PIN|Dynamax
|-heal|p1a: LYNCH PIN|5/100|[silent]
|move|p1a: LYNCH PIN|Max Rockfall|p2a: Deoxys
|-enditem|p2a: Deoxys|Focus Sash
|-damage|p2a: Deoxys|1/100
|-weather|Sandstorm
|move|p2a: Deoxys|Shadow Ball|p1a: LYNCH PIN
|-supereffective|p1a: LYNCH PIN
|-damage|p1a: LYNCH PIN|0 fnt
|faint|p1a: LYNCH PIN
|
|-weather|Sandstorm|[upkeep]
|-damage|p2a: Deoxys|0 fnt|[from] Sandstorm
|faint|p2a: Deoxys
|upkeep
|
|t:|1634401618
|switch|p2a: Rayquaza|Rayquaza|100/100
|switch|p1a: VENOM OF HELL|Calyrex-Shadow|100/100
|-ability|p1a: VENOM OF HELL|As One
|-ability|p1a: VENOM OF HELL|Unnerve
|-damage|p1a: VENOM OF HELL|88/100|[from] Stealth Rock
|-ability|p2a: Rayquaza|Air Lock
|turn|14
|inactive|ChunkyRat has 120 seconds left.
|inactive|ChunkyRat has 90 seconds left.
|
|t:|1634401697
|detailschange|p2a: Rayquaza|Rayquaza-Mega
|-mega|p2a: Rayquaza|Rayquaza|
|-weather|DeltaStream|[from] ability: Delta Stream|[of] p2a: Rayquaza
|move|p2a: Rayquaza|Dragon Ascent|p1a: VENOM OF HELL
|-damage|p1a: VENOM OF HELL|0 fnt
|-unboost|p2a: Rayquaza|def|1
|-unboost|p2a: Rayquaza|spd|1
|faint|p1a: VENOM OF HELL
|
|-weather|DeltaStream|[upkeep]
|-fieldend|move: Psychic Terrain
|upkeep
|
|t:|1634401702
|switch|p1a: PUNISH BUSTER|Marshadow|100/100
|-damage|p1a: PUNISH BUSTER|94/100|[from] Stealth Rock
|turn|15
|
|t:|1634401705
|move|p2a: Rayquaza|Dragon Ascent|p1a: PUNISH BUSTER
|-supereffective|p1a: PUNISH BUSTER
|-damage|p1a: PUNISH BUSTER|0 fnt
|-unboost|p2a: Rayquaza|def|1
|-unboost|p2a: Rayquaza|spd|1
|faint|p1a: PUNISH BUSTER
|
|win|EmperorTestingAcct
|raw|ChunkyRat's rating: 1655 &rarr; <strong>1631</strong><br />(-24 for losing)
|raw|EmperorTestingAcct's rating: 1590 &rarr; <strong>1614</strong><br />(+24 for winning)
|l|☆ChunkyRat
||Ladder isn't responding, score probably updated but might not have (Request timeout).
