|j|☆UnovaWorkersParty
|j|☆Master kushagra
|inactive|Battle timer is ON: inactive players will automatically lose when time's up.
|t:|1664454636
|gametype|singles
|player|p1|UnovaWorkersParty|skierf|
|player|p2|Master kushagra|leon-masters|
|teamsize|p1|6
|teamsize|p2|6
|gen|8
|tier|[Gen 8] National Dex AG
|rated|Tournament battle
|rule|HP Percentage Mod: HP is shown in percentages
|rule|Endless Battle Clause: Forcing endless battles is banned
|clearpoke
|poke|p1|Arceus-*|
|poke|p1|Arceus-*|
|poke|p1|Arceus-*|
|poke|p1|Necrozma-Dusk-Mane|
|poke|p1|Rayquaza|
|poke|p1|Marshadow|
|poke|p2|Arceus-*|
|poke|p2|Zacian-*|
|poke|p2|Rayquaza|
|poke|p2|Yveltal|
|poke|p2|Calyrex-Shadow|
|poke|p2|Xerneas-*|
|teampreview
|inactive|UnovaWorkersParty also wants the timer to be on.
|j| jaimeaimyjam
|c|☆UnovaWorkersParty|gl hf
|c|☆Master kushagra|u2
|
|t:|1664454650
|start
|switch|p1a: Arceus|Arceus-Ground|100/100
|switch|p2a: Future 🔮|Arceus-Ground|100/100
|turn|1
|
|t:|1664454656
|move|p2a: Future 🔮|Magic Coat|p2a: Future 🔮
|-singleturn|p2a: Future 🔮|move: Magic Coat
|move|p1a: Arceus|Ice Beam|p2a: Future 🔮
|-supereffective|p2a: Future 🔮
|-damage|p2a: Future 🔮|59/100
|
|upkeep
|turn|2
|
|t:|1664454659
|move|p1a: Arceus|Stealth Rock|p2a: Future 🔮
|-sidestart|p2: Master kushagra|move: Stealth Rock
|move|p2a: Future 🔮|Stealth Rock|p1a: Arceus
|-sidestart|p1: UnovaWorkersParty|move: Stealth Rock
|
|upkeep
|turn|3
|j| skylink42❤
|
|t:|1664454667
|move|p1a: Arceus|Ice Beam|p2a: Future 🔮
|-supereffective|p2a: Future 🔮
|-damage|p2a: Future 🔮|21/100
|-status|p2a: Future 🔮|frz
|-curestatus|p2a: Future 🔮|frz|[msg]
|-zpower|p2a: Future 🔮
|move|p2a: Future 🔮|Tectonic Rage|p1a: Arceus|[zeffect]
|-damage|p1a: Arceus|26/100
|
|upkeep
|turn|4
|
|t:|1664454671
|move|p1a: Arceus|Ice Beam|p2a: Future 🔮
|-supereffective|p2a: Future 🔮
|-damage|p2a: Future 🔮|0 fnt
|faint|p2a: Future 🔮
|
|upkeep
|
|t:|1664454679
|switch|p2a: 🐱‍👤|Yveltal, shiny|100/100
|-damage|p2a: 🐱‍👤|76/100|[from] Stealth Rock
|-ability|p2a: 🐱‍👤|Dark Aura
|turn|5
|l| skylink42❤
|
|t:|1664454686
|-start|p2a: 🐱‍👤|Dynamax|
|-heal|p2a: 🐱‍👤|76/100|[silent]
|move|p1a: Arceus|Ice Beam|p2a: 🐱‍👤
|-supereffective|p2a: 🐱‍👤
|-damage|p2a: 🐱‍👤|51/100
|move|p2a: 🐱‍👤|Max Airstream|p1a: Arceus
|-damage|p1a: Arceus|0 fnt
|-boost|p2a: 🐱‍👤|spe|1
|faint|p1a: Arceus
|-damage|p2a: 🐱‍👤|46/100|[from] item: Life Orb
|
|upkeep
|
|t:|1664454693
|switch|p1a: Arceus|Arceus-Dark|100/100
|-damage|p1a: Arceus|88/100|[from] Stealth Rock
|turn|6
|
|t:|1664454698
|move|p2a: 🐱‍👤|Max Darkness|p1a: Arceus
|-resisted|p1a: Arceus
|-damage|p1a: Arceus|61/100
|-unboost|p1a: Arceus|spd|1
|-damage|p2a: 🐱‍👤|41/100|[from] item: Life Orb
|move|p1a: Arceus|Thunder Wave|p2a: 🐱‍👤
|-status|p2a: 🐱‍👤|par
|
|upkeep
|turn|7
|
|t:|1664454702
|move|p1a: Arceus|Recover|p1a: Arceus
|-heal|p1a: Arceus|100/100
|cant|p2a: 🐱‍👤|par
|
|upkeep
|-end|p2a: 🐱‍👤|Dynamax
|-heal|p2a: 🐱‍👤|41/100 par|[silent]
|turn|8
|
|t:|1664454705
|move|p1a: Arceus|Snarl|p2a: 🐱‍👤
|-resisted|p2a: 🐱‍👤
|-damage|p2a: 🐱‍👤|26/100 par
|-unboost|p2a: 🐱‍👤|spa|1
|move|p2a: 🐱‍👤|Oblivion Wing|p1a: Arceus
|-damage|p1a: Arceus|74/100
|-heal|p2a: 🐱‍👤|49/100 par|[from] drain|[of] p1a: Arceus
|-damage|p2a: 🐱‍👤|39/100 par|[from] item: Life Orb
|
|upkeep
|turn|9
|
|t:|1664454712
|switch|p2a: 🦾|Zacian-Crowned, shiny|100/100
|-damage|p2a: 🦾|94/100|[from] Stealth Rock
|-ability|p2a: 🦾|Intrepid Sword|boost
|-boost|p2a: 🦾|atk|1
|move|p1a: Arceus|Snarl|p2a: 🦾
|-resisted|p2a: 🦾
|-damage|p2a: 🦾|82/100
|-unboost|p2a: 🦾|spa|1
|
|upkeep
|turn|10
|
|t:|1664454718
|switch|p2a: 🐱‍👤|Yveltal, shiny|39/100 par
|-damage|p2a: 🐱‍👤|14/100 par|[from] Stealth Rock
|-ability|p2a: 🐱‍👤|Dark Aura
|switch|p1a: Necrozma|Necrozma-Dusk-Mane|100/100
|-damage|p1a: Necrozma|94/100|[from] Stealth Rock
|
|upkeep
|turn|11
|
|t:|1664454722
|switch|p1a: Arceus|Arceus-Dark|74/100
|-damage|p1a: Arceus|62/100|[from] Stealth Rock
|move|p2a: 🐱‍👤|Dark Pulse|p1a: Arceus
|-resisted|p1a: Arceus
|-damage|p1a: Arceus|44/100
|-damage|p2a: 🐱‍👤|4/100 par|[from] item: Life Orb
|
|upkeep
|turn|12
|
|t:|1664454734
|switch|p2a: Dr.doe|Xerneas, shiny|100/100
|-damage|p2a: Dr.doe|88/100|[from] Stealth Rock
|-ability|p2a: Dr.doe|Fairy Aura
|move|p1a: Arceus|Recover|p1a: Arceus
|-heal|p1a: Arceus|94/100
|
|upkeep
|turn|13
|j| kdkkdk
|
|t:|1664454740
|switch|p1a: Necrozma|Necrozma-Dusk-Mane|94/100
|-damage|p1a: Necrozma|88/100|[from] Stealth Rock
|move|p2a: Dr.doe|Moonblast|p1a: Necrozma
|-resisted|p1a: Necrozma
|-damage|p1a: Necrozma|62/100
|
|upkeep
|turn|14
|
|t:|1664454744
|switch|p2a: 🐱‍👤|Yveltal, shiny|4/100 par
|-damage|p2a: 🐱‍👤|0 fnt|[from] Stealth Rock
|faint|p2a: 🐱‍👤
|move|p1a: Necrozma|Morning Sun|p1a: Necrozma
|-heal|p1a: Necrozma|100/100
|
|upkeep
|c| kdkkdk|the triple arc
|c| kdkkdk|chad
|inactive|Master kushagra has 120 seconds left.
|c|☆UnovaWorkersParty|it the goat
|c|☆UnovaWorkersParty|its
|
|t:|1664454804
|switch|p2a: 🐲|Rayquaza|100/100
|-damage|p2a: 🐲|76/100|[from] Stealth Rock
|-ability|p2a: 🐲|Air Lock
|turn|15
|l| kdkkdk
|
|t:|1664454810
|switch|p1a: Arceus|Arceus-Steel|100/100
|-damage|p1a: Arceus|94/100|[from] Stealth Rock
|detailschange|p2a: 🐲|Rayquaza-Mega
|-mega|p2a: 🐲|Rayquaza|
|-weather|DeltaStream|[from] ability: Delta Stream|[of] p2a: 🐲
|move|p2a: 🐲|Dragon Dance|p2a: 🐲
|-boost|p2a: 🐲|atk|1
|-boost|p2a: 🐲|spe|1
|
|-weather|DeltaStream|[upkeep]
|upkeep
|turn|16
|inactive|UnovaWorkersParty has 120 seconds left.
|
|t:|1664454859
|-start|p1a: Arceus|Dynamax|
|-heal|p1a: Arceus|94/100|[silent]
|move|p2a: 🐲|V-create|p1a: Arceus
|-supereffective|p1a: Arceus
|-damage|p1a: Arceus|3/100
|-unboost|p2a: 🐲|spe|1
|-unboost|p2a: 🐲|def|1
|-unboost|p2a: 🐲|spd|1
|move|p1a: Arceus|Max Steelspike|p2a: 🐲
|-damage|p2a: 🐲|0 fnt
|-boost|p1a: Arceus|def|1
|faint|p2a: 🐲
|-weather|none
|
|upkeep
|j| skylink42❤
|
|t:|1664454870
|switch|p2a: 🦾|Zacian-Crowned, shiny|82/100
|-damage|p2a: 🦾|76/100|[from] Stealth Rock
|-ability|p2a: 🦾|Intrepid Sword|boost
|-boost|p2a: 🦾|atk|1
|turn|17
|
|t:|1664454876
|move|p2a: 🦾|Sacred Sword|p1a: Arceus
|-supereffective|p1a: Arceus
|-damage|p1a: Arceus|0 fnt
|faint|p1a: Arceus
|
|upkeep
|
|t:|1664454878
|switch|p1a: Necrozma|Necrozma-Dusk-Mane|100/100
|-damage|p1a: Necrozma|94/100|[from] Stealth Rock
|turn|18
|inactive|Master kushagra has 120 seconds left.
|
|t:|1664454891
|switch|p2a: carrot ?|Calyrex-Shadow|100/100
|-ability|p2a: carrot ?|As One
|-ability|p2a: carrot ?|Unnerve
|-damage|p2a: carrot ?|88/100|[from] Stealth Rock
|move|p1a: Necrozma|Thunder Wave|p2a: carrot ?
|-status|p2a: carrot ?|par
|
|upkeep
|turn|19
|
|t:|1664454895
|switch|p1a: Arceus|Arceus-Dark|94/100
|-damage|p1a: Arceus|82/100|[from] Stealth Rock
|cant|p2a: carrot ?|par
|
|upkeep
|turn|20
|l| skylink42❤
|
|t:|1664454901
|move|p2a: carrot ?|Draining Kiss|p1a: Arceus
|-supereffective|p1a: Arceus
|-damage|p1a: Arceus|62/100
|-heal|p2a: carrot ?|100/100 par|[from] drain|[of] p1a: Arceus
|move|p1a: Arceus|Thunder Wave|p2a: carrot ?
|-fail|p2a: carrot ?|par
|
|upkeep
|turn|21
|
|t:|1664454904
|move|p2a: carrot ?|Draining Kiss|p1a: Arceus
|-supereffective|p1a: Arceus
|-damage|p1a: Arceus|39/100
|move|p1a: Arceus|Snarl|p2a: carrot ?
|-supereffective|p2a: carrot ?
|-damage|p2a: carrot ?|0 fnt
|faint|p2a: carrot ?
|
|upkeep
|
|t:|1664454916
|switch|p2a: Dr.doe|Xerneas, shiny|88/100
|-damage|p2a: Dr.doe|76/100|[from] Stealth Rock
|-ability|p2a: Dr.doe|Fairy Aura
|turn|22
|
|t:|1664454922
|move|p1a: Arceus|Thunder Wave|p2a: Dr.doe
|-status|p2a: Dr.doe|par
|move|p2a: Dr.doe|Geomancy||[still]
|-prepare|p2a: Dr.doe|Geomancy
|-enditem|p2a: Dr.doe|Power Herb
|-anim|p2a: Dr.doe|Geomancy|p2a: Dr.doe
|-boost|p2a: Dr.doe|spa|2
|-boost|p2a: Dr.doe|spd|2
|-boost|p2a: Dr.doe|spe|2
|
|upkeep
|turn|23
|
|t:|1664454950
|move|p1a: Arceus|Snarl|p2a: Dr.doe
|-resisted|p2a: Dr.doe
|-damage|p2a: Dr.doe|71/100 par
|-unboost|p2a: Dr.doe|spa|1
|move|p2a: Dr.doe|Moonblast|p1a: Arceus
|-supereffective|p1a: Arceus
|-damage|p1a: Arceus|0 fnt
|faint|p1a: Arceus
|
|upkeep
|j| ShellBellShedinja
|
|t:|1664454953
|switch|p1a: Rayquaza|Rayquaza|100/100
|-damage|p1a: Rayquaza|76/100|[from] Stealth Rock
|-ability|p1a: Rayquaza|Air Lock
|turn|24
|
|t:|1664454955
|detailschange|p1a: Rayquaza|Rayquaza-Mega
|-mega|p1a: Rayquaza|Rayquaza|
|-weather|DeltaStream|[from] ability: Delta Stream|[of] p1a: Rayquaza
|move|p1a: Rayquaza|Dragon Ascent|p2a: Dr.doe
|-damage|p2a: Dr.doe|0 fnt
|-unboost|p1a: Rayquaza|def|1
|-unboost|p1a: Rayquaza|spd|1
|faint|p2a: Dr.doe
|-damage|p1a: Rayquaza|66/100|[from] item: Life Orb
|
|-weather|DeltaStream|[upkeep]
|upkeep
|
|t:|1664454962
|switch|p2a: 🦾|Zacian-Crowned, shiny|76/100
|-damage|p2a: 🦾|70/100|[from] Stealth Rock
|-ability|p2a: 🦾|Intrepid Sword|boost
|-boost|p2a: 🦾|atk|1
|turn|25
|
|t:|1664454964
|move|p2a: 🦾|Sacred Sword|p1a: Rayquaza
|-resisted|p1a: Rayquaza
|-damage|p1a: Rayquaza|37/100
|move|p1a: Rayquaza|V-create|p2a: 🦾
|-supereffective|p2a: 🦾
|-damage|p2a: 🦾|0 fnt
|-unboost|p1a: Rayquaza|spe|1
|-unboost|p1a: Rayquaza|def|1
|-unboost|p1a: Rayquaza|spd|1
|faint|p2a: 🦾
|-damage|p1a: Rayquaza|27/100|[from] item: Life Orb
|
|win|UnovaWorkersParty
|n|☆UnovaWorkersParty|unovaworkersparty
|n|☆Master kushagra|masterkushagra
|n| jaimeaimyjam|jaimeaimyjam
|n| ShellBellShedinja|shellbellshedinja
|l|☆Master kushagra
|l| jaimeaimyjam
|c|☆UnovaWorkersParty|gg
|l| ShellBellShedinja
|l|☆UnovaWorkersParty
|j| Oftc
|l| Oftc
|j|☆UnovaWorkersParty
|player|p1|UnovaWorkersParty|skierf
