|j|☆PixLmonTest
|j|‽Mawm
|t:|1666010867
|gametype|singles
|player|p1|PixLmonTest|101|1667
|player|p2|Mawm|beauty-gen6xy|1799
|teamsize|p1|6
|teamsize|p2|6
|gen|8
|tier|[Gen 8] National Dex AG
|rated|
|rule|HP Percentage Mod: HP is shown in percentages
|rule|Endless Battle Clause: Forcing endless battles is banned
|clearpoke
|poke|p1|Ditto|
|poke|p1|Arceus-*|
|poke|p1|Yveltal|
|poke|p1|Ho-Oh|
|poke|p1|Rayquaza|
|poke|p1|Groudon|
|poke|p2|Calyrex-Shadow|
|poke|p2|Genesect|
|poke|p2|Yveltal|
|poke|p2|Necrozma-Dusk-Mane|
|poke|p2|Rayquaza|
|poke|p2|Groudon|
|teampreview
|inactive|Battle timer is ON: inactive players will automatically lose when time's up. (requested by Mawm)
|c|☆PixLmonTest|Mawm-i?
|
|t:|1666010888
|start
|switch|p1a: Yveltal|Yveltal|100/100
|switch|p2a: Calyrex|Calyrex-Shadow|100/100
|-ability|p2a: Calyrex|As One
|-ability|p2a: Calyrex|Unnerve
|-ability|p1a: Yveltal|Dark Aura
|turn|1
|
|t:|1666010898
|switch|p2a: Yveltal|Yveltal, shiny|100/100
|-ability|p2a: Yveltal|Dark Aura
|-start|p1a: Yveltal|Dynamax|
|-heal|p1a: Yveltal|100/100|[silent]
|move|p1a: Yveltal|Max Airstream|p2a: Yveltal
|-damage|p2a: Yveltal|42/100
|-boost|p1a: Yveltal|spe|1
|-damage|p1a: Yveltal|96/100|[from] item: Life Orb
|
|upkeep
|turn|2
|
|t:|1666010919
|-start|p2a: Yveltal|Dynamax|
|-heal|p2a: Yveltal|42/100|[silent]
|move|p1a: Yveltal|Max Darkness|p2a: Yveltal
|-resisted|p2a: Yveltal
|-damage|p2a: Yveltal|23/100
|-unboost|p2a: Yveltal|spd|1
|-damage|p1a: Yveltal|91/100|[from] item: Life Orb
|move|p2a: Yveltal|Max Airstream|p1a: Yveltal
|-damage|p1a: Yveltal|57/100
|-boost|p2a: Yveltal|spe|1
|
|upkeep
|turn|3
|
|t:|1666010925
|move|p2a: Yveltal|Max Airstream|p1a: Yveltal
|-damage|p1a: Yveltal|22/100
|-boost|p2a: Yveltal|spe|1
|move|p1a: Yveltal|Max Airstream|p2a: Yveltal
|-damage|p2a: Yveltal|0 fnt
|-boost|p1a: Yveltal|spe|1
|faint|p2a: Yveltal
|-damage|p1a: Yveltal|17/100|[from] item: Life Orb
|
|upkeep
|
|t:|1666010934
|switch|p2a: Groudon|Groudon|100/100
|detailschange|p2a: Groudon|Groudon-Primal
|-primal|p2a: Groudon
|-weather|DesolateLand|[from] ability: Desolate Land|[of] p2a: Groudon
|-end|p1a: Yveltal|Dynamax
|-heal|p1a: Yveltal|17/100|[silent]
|turn|4
|
|t:|1666010936
|move|p1a: Yveltal|Dark Pulse|p2a: Groudon
|-damage|p2a: Groudon|11/100
|-damage|p1a: Yveltal|7/100|[from] item: Life Orb
|move|p2a: Groudon|Stealth Rock|p1a: Yveltal
|-sidestart|p1: PixLmonTest|move: Stealth Rock
|
|-weather|DesolateLand|[upkeep]
|upkeep
|turn|5
|
|t:|1666010941
|move|p1a: Yveltal|Oblivion Wing|p2a: Groudon
|-damage|p2a: Groudon|0 fnt
|-heal|p1a: Yveltal|14/100|[from] drain|[of] p2a: Groudon
|faint|p2a: Groudon
|-weather|none
|-damage|p1a: Yveltal|4/100|[from] item: Life Orb
|
|upkeep
|
|t:|1666010949
|switch|p2a: Rayquaza|Rayquaza|100/100
|-ability|p2a: Rayquaza|Air Lock
|turn|6
|inactive|PixLmonTest has 120 seconds left.
|
|t:|1666010985
|detailschange|p2a: Rayquaza|Rayquaza-Mega
|-mega|p2a: Rayquaza|Rayquaza|
|-weather|DeltaStream|[from] ability: Delta Stream|[of] p2a: Rayquaza
|move|p2a: Rayquaza|Extreme Speed|p1a: Yveltal
|-damage|p1a: Yveltal|0 fnt
|faint|p1a: Yveltal
|-damage|p2a: Rayquaza|91/100|[from] item: Life Orb
|
|-weather|DeltaStream|[upkeep]
|upkeep
|
|t:|1666010989
|switch|p1a: Ditto|Ditto|100/100
|-damage|p1a: Ditto|88/100|[from] Stealth Rock
|-transform|p1a: Ditto|p2a: Rayquaza|[from] ability: Imposter
|turn|7
|
|t:|1666010995
|switch|p2a: Necrozma|Necrozma-Dusk-Mane, shiny|100/100
|move|p1a: Ditto|Dragon Ascent|p2a: Necrozma
|-resisted|p2a: Necrozma
|-damage|p2a: Necrozma|73/100
|-unboost|p1a: Ditto|def|1
|-unboost|p1a: Ditto|spd|1
|
|-weather|DeltaStream|[upkeep]
|upkeep
|turn|8
|
|t:|1666010999
|-weather|none
|switch|p1a: Groudon|Groudon|100/100
|-damage|p1a: Groudon|94/100|[from] Stealth Rock
|detailschange|p1a: Groudon|Groudon-Primal
|-primal|p1a: Groudon
|-weather|DesolateLand|[from] ability: Desolate Land|[of] p1a: Groudon
|move|p2a: Necrozma|Dragon Dance|p2a: Necrozma
|-boost|p2a: Necrozma|atk|1
|-boost|p2a: Necrozma|spe|1
|
|-weather|DesolateLand|[upkeep]
|upkeep
|turn|9
|
|t:|1666011002
|detailschange|p2a: Necrozma|Necrozma-Ultra, shiny
|-burst|p2a: Necrozma|Necrozma|Ultranecrozium Z
|move|p2a: Necrozma|Dragon Dance|p2a: Necrozma
|-boost|p2a: Necrozma|atk|1
|-boost|p2a: Necrozma|spe|1
|move|p1a: Groudon|Overheat|p2a: Necrozma
|-resisted|p2a: Necrozma
|-damage|p2a: Necrozma|28/100
|-unboost|p1a: Groudon|spa|2
|
|-weather|DesolateLand|[upkeep]
|upkeep
|turn|10
|
|t:|1666011013
|move|p2a: Necrozma|Moonlight|p2a: Necrozma
|-heal|p2a: Necrozma|95/100
|move|p1a: Groudon|Rock Tomb|p2a: Necrozma
|-damage|p2a: Necrozma|75/100
|-unboost|p2a: Necrozma|spe|1
|
|-weather|DesolateLand|[upkeep]
|upkeep
|turn|11
|
|t:|1666011031
|move|p2a: Necrozma|Photon Geyser|p1a: Groudon
|-damage|p1a: Groudon|19/100
|move|p1a: Groudon|Precipice Blades|p2a: Necrozma
|-damage|p2a: Necrozma|22/100
|
|-weather|DesolateLand|[upkeep]
|upkeep
|turn|12
|inactive|PixLmonTest has 120 seconds left.
|
|t:|1666011064
|move|p2a: Necrozma|Moonlight|p2a: Necrozma
|-heal|p2a: Necrozma|89/100
|move|p1a: Groudon|Precipice Blades|p2a: Necrozma
|-damage|p2a: Necrozma|29/100
|
|-weather|DesolateLand|[upkeep]
|upkeep
|turn|13
|
|t:|1666011073
|move|p2a: Necrozma|Moonlight|p2a: Necrozma
|-heal|p2a: Necrozma|96/100
|move|p1a: Groudon|Rock Tomb|p2a: Necrozma
|-crit|p2a: Necrozma
|-damage|p2a: Necrozma|70/100
|-unboost|p2a: Necrozma|spe|1
|
|-weather|DesolateLand|[upkeep]
|upkeep
|turn|14
|
|t:|1666011079
|move|p1a: Groudon|Precipice Blades|p2a: Necrozma
|-damage|p2a: Necrozma|14/100
|move|p2a: Necrozma|Dragon Dance|p2a: Necrozma
|-boost|p2a: Necrozma|atk|1
|-boost|p2a: Necrozma|spe|1
|
|-weather|DesolateLand|[upkeep]
|upkeep
|turn|15
|
|t:|1666011084
|move|p2a: Necrozma|Moonlight|p2a: Necrozma
|-heal|p2a: Necrozma|81/100
|move|p1a: Groudon|Precipice Blades|p2a: Necrozma
|-damage|p2a: Necrozma|26/100
|
|-weather|DesolateLand|[upkeep]
|upkeep
|turn|16
|
|t:|1666011086
|move|p2a: Necrozma|Moonlight|p2a: Necrozma
|-heal|p2a: Necrozma|93/100
|move|p1a: Groudon|Precipice Blades|p2a: Necrozma
|-damage|p2a: Necrozma|33/100
|
|-weather|DesolateLand|[upkeep]
|upkeep
|turn|17
|
|t:|1666011095
|-weather|none
|switch|p1a: Ditto|Ditto|88/100
|-damage|p1a: Ditto|76/100|[from] Stealth Rock
|-transform|p1a: Ditto|p2a: Necrozma|[from] ability: Imposter
|move|p2a: Necrozma|Moonlight|p2a: Necrozma
|-heal|p2a: Necrozma|83/100
|
|upkeep
|turn|18
|
|t:|1666011120
|move|p1a: Ditto|Photon Geyser|p2a: Necrozma
|-resisted|p2a: Necrozma
|-damage|p2a: Necrozma|28/100
|-zpower|p2a: Necrozma
|move|p2a: Necrozma|Light That Burns the Sky|p1a: Ditto|[zeffect]
|-resisted|p1a: Ditto
|-damage|p1a: Ditto|0 fnt
|faint|p1a: Ditto
|
|upkeep
|
|t:|1666011126
|switch|p1a: Rayquaza|Rayquaza|100/100
|-damage|p1a: Rayquaza|76/100|[from] Stealth Rock
|-ability|p1a: Rayquaza|Air Lock
|turn|19
|
|t:|1666011127
|detailschange|p1a: Rayquaza|Rayquaza-Mega
|-mega|p1a: Rayquaza|Rayquaza|
|-weather|DeltaStream|[from] ability: Delta Stream|[of] p1a: Rayquaza
|move|p1a: Rayquaza|Extreme Speed|p2a: Necrozma
|-damage|p2a: Necrozma|0 fnt
|faint|p2a: Necrozma
|-damage|p1a: Rayquaza|66/100|[from] item: Life Orb
|
|-weather|DeltaStream|[upkeep]
|upkeep
|
|t:|1666011131
|switch|p2a: Calyrex|Calyrex-Shadow|100/100
|-ability|p2a: Calyrex|As One
|-ability|p2a: Calyrex|Unnerve
|turn|20
|c|☆PixLmonTest|that indeed was a thing that happened.
|
|t:|1666011148
|-weather|none
|switch|p1a: Groudon|Groudon-Primal|19/100
|-damage|p1a: Groudon|6/100|[from] Stealth Rock
|-weather|DesolateLand|[from] ability: Desolate Land|[of] p1a: Groudon
|move|p2a: Calyrex|Astral Barrage|p1a: Groudon
|-damage|p1a: Groudon|0 fnt
|faint|p1a: Groudon
|-weather|none
|-ability|p2a: Calyrex|Grim Neigh|boost
|-boost|p2a: Calyrex|spa|1
|
|upkeep
|
|t:|1666011162
|switch|p1a: Ho-Oh|Ho-Oh|100/100
|turn|21
|
|t:|1666011167
|move|p2a: Calyrex|Astral Barrage|p1a: Ho-Oh
|-damage|p1a: Ho-Oh|43/100
|move|p1a: Ho-Oh|Whirlwind|p2a: Calyrex
|drag|p2a: Genesect|Genesect, shiny|100/100
|-ability|p2a: Genesect|Download|boost
|-boost|p2a: Genesect|atk|1
|
|upkeep
|turn|22
|
|t:|1666011179
|move|p2a: Genesect|Extreme Speed|p1a: Ho-Oh
|-damage|p1a: Ho-Oh|8/100
|-damage|p2a: Genesect|91/100|[from] item: Life Orb
|move|p1a: Ho-Oh|Toxic|p2a: Genesect
|-immune|p2a: Genesect
|
|upkeep
|turn|23
|
|t:|1666011187
|switch|p1a: Arceus|Arceus-Water|100/100
|-damage|p1a: Arceus|88/100|[from] Stealth Rock
|move|p2a: Genesect|Extreme Speed|p1a: Arceus
|-damage|p1a: Arceus|58/100
|-damage|p2a: Genesect|81/100|[from] item: Life Orb
|
|upkeep
|turn|24
|
|t:|1666011190
|move|p1a: Arceus|Recover|p1a: Arceus
|-heal|p1a: Arceus|100/100
|move|p2a: Genesect|Shift Gear|p2a: Genesect
|-boost|p2a: Genesect|spe|2
|-boost|p2a: Genesect|atk|1
|
|upkeep
|turn|25
|
|t:|1666011193
|move|p2a: Genesect|Leech Life|p1a: Arceus
|-damage|p1a: Arceus|39/100
|-heal|p2a: Genesect|100/100|[from] drain|[of] p1a: Arceus
|-damage|p2a: Genesect|91/100|[from] item: Life Orb
|move|p1a: Arceus|Calm Mind|p1a: Arceus
|-boost|p1a: Arceus|spa|1
|-boost|p1a: Arceus|spd|1
|
|upkeep
|turn|26
|
|t:|1666011201
|move|p2a: Genesect|Leech Life|p1a: Arceus
|-damage|p1a: Arceus|0 fnt
|-heal|p2a: Genesect|100/100|[from] drain|[of] p1a: Arceus
|faint|p1a: Arceus
|-damage|p2a: Genesect|91/100|[from] item: Life Orb
|
|upkeep
|
|t:|1666011207
|switch|p1a: Ho-Oh|Ho-Oh|41/100
|turn|27
|
|t:|1666011209
|switch|p1a: Rayquaza|Rayquaza-Mega|66/100
|-damage|p1a: Rayquaza|41/100|[from] Stealth Rock
|-weather|DeltaStream|[from] ability: Delta Stream|[of] p1a: Rayquaza
|move|p2a: Genesect|Extreme Speed|p1a: Rayquaza
|-damage|p1a: Rayquaza|0 fnt
|faint|p1a: Rayquaza
|-weather|none
|-damage|p2a: Genesect|81/100|[from] item: Life Orb
|
|upkeep
|
|t:|1666011211
|switch|p1a: Ho-Oh|Ho-Oh|74/100
|turn|28
|
|t:|1666011213
|move|p2a: Genesect|Iron Head|p1a: Ho-Oh
|-resisted|p1a: Ho-Oh
|-damage|p1a: Ho-Oh|39/100
|-damage|p2a: Genesect|71/100|[from] item: Life Orb
|cant|p1a: Ho-Oh|flinch
|
|upkeep
|turn|29
|
|t:|1666011216
|move|p2a: Genesect|Extreme Speed|p1a: Ho-Oh
|-damage|p1a: Ho-Oh|0 fnt
|faint|p1a: Ho-Oh
|-damage|p2a: Genesect|61/100|[from] item: Life Orb
|
|win|Mawm
|raw|PixLmonTest's rating: 1667 &rarr; <strong>1654</strong><br />(-13 for losing)
|raw|Mawm's rating: 1799 &rarr; <strong>1812</strong><br />(+13 for winning)
