|j|☆F.A.M.E.246 2nd
|j|☆xiaofan真NB
|t:|1645088260
|gametype|singles
|player|p1|F.A.M.E.246 2nd|lucas|1666
|player|p2|xiaofan真NB|101|1593
|teamsize|p1|6
|teamsize|p2|6
|gen|8
|tier|[Gen 8] National Dex AG
|rated|
|rule|HP Percentage Mod: HP is shown in percentages
|rule|Endless Battle Clause: Forcing endless battles is banned
|clearpoke
|poke|p1|Tapu Fini|
|poke|p1|Tyranitar, F|
|poke|p1|Necrozma-Dusk-Mane|
|poke|p1|Kyurem-White|
|poke|p1|Salamence, M|
|poke|p1|Magearna|
|poke|p2|Kyogre|
|poke|p2|Zacian-*|
|poke|p2|Yveltal|
|poke|p2|Ditto|
|poke|p2|Regieleki|
|poke|p2|Calyrex-Shadow|
|teampreview
|inactive|Battle timer is ON: inactive players will automatically lose when time's up. (requested by F.A.M.E.246 2nd)
|
|t:|1645088271
|start
|switch|p1a: Kyurem|Kyurem-White|100/100
|switch|p2a: Kyogre|Kyogre|100/100
|-ability|p1a: Kyurem|Turboblaze
|detailschange|p2a: Kyogre|Kyogre-Primal
|-primal|p2a: Kyogre
|-weather|PrimordialSea|[from] ability: Primordial Sea|[of] p2a: Kyogre
|turn|1
|j| Mikekua
|c|☆F.A.M.E.246 2nd|hf
|
|t:|1645088282
|move|p1a: Kyurem|Freeze-Dry|p2a: Kyogre
|-supereffective|p2a: Kyogre
|-damage|p2a: Kyogre|14/100
|move|p2a: Kyogre|Origin Pulse|p1a: Kyurem
|-resisted|p1a: Kyurem
|-damage|p1a: Kyurem|51/100
|
|-weather|PrimordialSea|[upkeep]
|upkeep
|turn|2
|
|t:|1645088289
|move|p1a: Kyurem|Freeze-Dry|p2a: Kyogre
|-supereffective|p2a: Kyogre
|-damage|p2a: Kyogre|0 fnt
|faint|p2a: Kyogre
|-weather|none
|
|upkeep
|
|t:|1645088308
|switch|p2a: Zacian|Zacian-Crowned|100/100
|-ability|p2a: Zacian|Intrepid Sword|boost
|-boost|p2a: Zacian|atk|1
|turn|3
|
|t:|1645088313
|switch|p1a: Necrozma|Necrozma-Dusk-Mane|100/100
|move|p2a: Zacian|Close Combat|p1a: Necrozma
|-damage|p1a: Necrozma|56/100
|-unboost|p2a: Zacian|def|1
|-unboost|p2a: Zacian|spd|1
|
|-heal|p1a: Necrozma|62/100|[from] item: Leftovers
|upkeep
|turn|4
|
|t:|1645088325
|switch|p2a: Yveltal|Yveltal|100/100
|-ability|p2a: Yveltal|Dark Aura
|move|p1a: Necrozma|Thunder Wave|p2a: Yveltal
|-status|p2a: Yveltal|par
|
|-heal|p1a: Necrozma|68/100|[from] item: Leftovers
|upkeep
|turn|5
|
|t:|1645088336
|-start|p2a: Yveltal|Dynamax
|-heal|p2a: Yveltal|100/100 par|[silent]
|move|p1a: Necrozma|Morning Sun|p1a: Necrozma
|-heal|p1a: Necrozma|100/100
|move|p2a: Yveltal|Max Darkness|p1a: Necrozma
|-supereffective|p1a: Necrozma
|-crit|p1a: Necrozma
|-damage|p1a: Necrozma|3/100
|-unboost|p1a: Necrozma|spd|1
|-damage|p2a: Yveltal|96/100 par|[from] item: Life Orb
|
|-heal|p1a: Necrozma|9/100|[from] item: Leftovers
|upkeep
|turn|6
|
|t:|1645088351
|switch|p1a: Tapu Fini|Tapu Fini|100/100
|-fieldstart|move: Misty Terrain|[from] ability: Misty Surge|[of] p1a: Tapu Fini
|move|p2a: Yveltal|Max Airstream|p1a: Tapu Fini
|-damage|p1a: Tapu Fini|34/100
|-boost|p2a: Yveltal|spe|1
|-damage|p2a: Yveltal|91/100 par|[from] item: Life Orb
|
|-heal|p1a: Tapu Fini|40/100|[from] item: Leftovers
|upkeep
|turn|7
|
|t:|1645088364
|move|p2a: Yveltal|Max Airstream|p1a: Tapu Fini
|-damage|p1a: Tapu Fini|0 fnt
|-boost|p2a: Yveltal|spe|1
|faint|p1a: Tapu Fini
|-damage|p2a: Yveltal|86/100 par|[from] item: Life Orb
|
|-end|p2a: Yveltal|Dynamax
|-heal|p2a: Yveltal|86/100 par|[silent]
|upkeep
|
|t:|1645088370
|switch|p1a: Kyurem|Kyurem-White|51/100
|-ability|p1a: Kyurem|Turboblaze
|turn|8
|
|t:|1645088391
|switch|p1a: Magearna|Magearna|100/100
|move|p2a: Yveltal|Foul Play|p1a: Magearna
|-resisted|p1a: Magearna
|-damage|p1a: Magearna|85/100
|-damage|p2a: Yveltal|76/100 par|[from] item: Life Orb
|
|-heal|p1a: Magearna|91/100|[from] item: Leftovers
|upkeep
|turn|9
|
|t:|1645088401
|move|p2a: Yveltal|Heat Wave|p1a: Magearna
|-supereffective|p1a: Magearna
|-damage|p1a: Magearna|38/100
|-damage|p2a: Yveltal|66/100 par|[from] item: Life Orb
|move|p1a: Magearna|Heart Swap|p2a: Yveltal
|-swapboost|p1a: Magearna|p2a: Yveltal|[from] move: Heart Swap
|
|-heal|p1a: Magearna|44/100|[from] item: Leftovers
|upkeep
|turn|10
|
|t:|1645088411
|move|p1a: Magearna|Fleur Cannon|p2a: Yveltal
|-supereffective|p2a: Yveltal
|-damage|p2a: Yveltal|0 fnt
|-unboost|p1a: Magearna|spa|2
|faint|p2a: Yveltal
|-ability|p1a: Magearna|Soul-Heart|boost
|-boost|p1a: Magearna|spa|1
|
|-heal|p1a: Magearna|50/100|[from] item: Leftovers
|-fieldend|Misty Terrain
|upkeep
|
|t:|1645088421
|switch|p2a: Ditto|Ditto|100/100
|-transform|p2a: Ditto|p1a: Magearna|[from] ability: Imposter
|turn|11
|
|t:|1645088428
|move|p2a: Ditto|Flash Cannon|p1a: Magearna
|-crit|p1a: Magearna
|-damage|p1a: Magearna|19/100
|move|p1a: Magearna|Pain Split|p2a: Ditto
|-sethp|p2a: Ditto|62/100|[from] move: Pain Split|[silent]
|-sethp|p1a: Magearna|51/100|[from] move: Pain Split
|
|-heal|p1a: Magearna|57/100|[from] item: Leftovers
|upkeep
|turn|12
|
|t:|1645088440
|move|p2a: Ditto|Flash Cannon|p1a: Magearna
|-damage|p1a: Magearna|44/100
|move|p1a: Magearna|Flash Cannon|p2a: Ditto
|-damage|p2a: Ditto|45/100
|
|-heal|p1a: Magearna|50/100|[from] item: Leftovers
|upkeep
|turn|13
|
|t:|1645088452
|switch|p2a: Zacian|Zacian-Crowned|100/100
|-ability|p2a: Zacian|Intrepid Sword|boost
|-boost|p2a: Zacian|atk|1
|move|p1a: Magearna|Flash Cannon|p2a: Zacian
|-damage|p2a: Zacian|78/100
|
|-heal|p1a: Magearna|56/100|[from] item: Leftovers
|upkeep
|turn|14
|
|t:|1645088469
|switch|p1a: Salamence|Salamence, M|100/100
|-ability|p1a: Salamence|Intimidate|boost
|-unboost|p2a: Zacian|atk|1
|move|p2a: Zacian|Close Combat|p1a: Salamence
|-resisted|p1a: Salamence
|-damage|p1a: Salamence|69/100
|-unboost|p2a: Zacian|def|1
|-unboost|p2a: Zacian|spd|1
|
|upkeep
|turn|15
|
|t:|1645088483
|switch|p1a: Magearna|Magearna|56/100
|move|p2a: Zacian|Behemoth Blade|p1a: Magearna
|-damage|p1a: Magearna|4/100
|
|-heal|p1a: Magearna|10/100|[from] item: Leftovers
|upkeep
|turn|16
|
|t:|1645088496
|move|p2a: Zacian|Behemoth Blade|p1a: Magearna
|-damage|p1a: Magearna|0 fnt
|faint|p1a: Magearna
|
|upkeep
|
|t:|1645088511
|switch|p1a: Salamence|Salamence, M|69/100
|-ability|p1a: Salamence|Intimidate|boost
|-unboost|p2a: Zacian|atk|1
|turn|17
|
|t:|1645088526
|switch|p1a: Necrozma|Necrozma-Dusk-Mane|9/100
|move|p2a: Zacian|Play Rough|p1a: Necrozma
|-resisted|p1a: Necrozma
|-damage|p1a: Necrozma|0 fnt
|faint|p1a: Necrozma
|
|upkeep
|
|t:|1645088533
|switch|p1a: Kyurem|Kyurem-White|51/100
|-ability|p1a: Kyurem|Turboblaze
|turn|18
|
|t:|1645088538
|-start|p1a: Kyurem|Dynamax
|-heal|p1a: Kyurem|51/100|[silent]
|move|p2a: Zacian|Close Combat|p1a: Kyurem
|-supereffective|p1a: Kyurem
|-damage|p1a: Kyurem|17/100
|-unboost|p2a: Zacian|def|1
|-unboost|p2a: Zacian|spd|1
|move|p1a: Kyurem|Max Flare|p2a: Zacian
|-supereffective|p2a: Zacian
|-damage|p2a: Zacian|0 fnt
|-weather|SunnyDay
|faint|p2a: Zacian
|
|-weather|SunnyDay|[upkeep]
|upkeep
|
|t:|1645088560
|switch|p2a: Calyrex|Calyrex-Shadow|100/100
|-ability|p2a: Calyrex|As One
|-ability|p2a: Calyrex|Unnerve
|turn|19
|
|t:|1645088566
|-end|p1a: Kyurem|Dynamax
|-heal|p1a: Kyurem|17/100|[silent]
|switch|p1a: Tyranitar|Tyranitar, F|100/100
|-weather|Sandstorm|[from] ability: Sand Stream|[of] p1a: Tyranitar
|move|p2a: Calyrex|Astral Barrage|p1a: Tyranitar
|-resisted|p1a: Tyranitar
|-damage|p1a: Tyranitar|84/100
|
|-weather|Sandstorm|[upkeep]
|-damage|p2a: Calyrex|94/100|[from] Sandstorm
|-heal|p1a: Tyranitar|90/100|[from] item: Leftovers
|upkeep
|turn|20
|
|t:|1645088582
|-activate|p2a: Calyrex|move: Pursuit
|move|p1a: Tyranitar|Pursuit|p2a: Calyrex|[from]Pursuit
|-supereffective|p2a: Calyrex
|-damage|p2a: Calyrex|0 fnt
|faint|p2a: Calyrex
|-hint|A Pokemon can't switch between when it runs out of HP and when it faints
|
|-weather|Sandstorm|[upkeep]
|-heal|p1a: Tyranitar|97/100|[from] item: Leftovers
|upkeep
|
|t:|1645088591
|switch|p2a: Ditto|Ditto|45/100
|-transform|p2a: Ditto|p1a: Tyranitar|[from] ability: Imposter
|turn|21
|
|t:|1645088603
|switch|p1a: Kyurem|Kyurem-White|17/100
|-ability|p1a: Kyurem|Turboblaze
|move|p2a: Ditto|Stone Edge|p1a: Kyurem
|-supereffective|p1a: Kyurem
|-damage|p1a: Kyurem|0 fnt
|faint|p1a: Kyurem
|
|-weather|Sandstorm|[upkeep]
|upkeep
|
|t:|1645088608
|switch|p1a: Salamence|Salamence, M|69/100
|-ability|p1a: Salamence|Intimidate|boost
|-unboost|p2a: Ditto|atk|1
|turn|22
|
|t:|1645088617
|detailschange|p1a: Salamence|Salamence-Mega, M
|-mega|p1a: Salamence|Salamence|Salamencite
|move|p1a: Salamence|Dragon Dance|p1a: Salamence
|-boost|p1a: Salamence|atk|1
|-boost|p1a: Salamence|spe|1
|move|p2a: Ditto|Stone Edge|p1a: Salamence
|-supereffective|p1a: Salamence
|-damage|p1a: Salamence|13/100
|
|-weather|Sandstorm|[upkeep]
|-damage|p1a: Salamence|7/100|[from] Sandstorm
|upkeep
|turn|23
|
|t:|1645088628
|move|p1a: Salamence|Roost|p1a: Salamence
|-heal|p1a: Salamence|57/100
|-singleturn|p1a: Salamence|move: Roost
|move|p2a: Ditto|Stone Edge|p1a: Salamence
|-damage|p1a: Salamence|30/100
|
|-weather|none
|upkeep
|turn|24
|
|t:|1645088637
|switch|p2a: Regieleki|Regieleki|100/100
|move|p1a: Salamence|Dragon Dance|p1a: Salamence
|-boost|p1a: Salamence|atk|1
|-boost|p1a: Salamence|spe|1
|
|upkeep
|turn|25
|
|t:|1645088648
|move|p1a: Salamence|Roost|p1a: Salamence
|-heal|p1a: Salamence|80/100
|-singleturn|p1a: Salamence|move: Roost
|move|p2a: Regieleki|Thunderbolt|p1a: Salamence
|-resisted|p1a: Salamence
|-damage|p1a: Salamence|46/100
|
|upkeep
|turn|26
|
|t:|1645088659
|move|p1a: Salamence|Roost|p1a: Salamence
|-heal|p1a: Salamence|96/100
|-singleturn|p1a: Salamence|move: Roost
|move|p2a: Regieleki|Electric Terrain|p2a: Regieleki
|-fieldstart|move: Electric Terrain
|
|upkeep
|turn|27
|
|t:|1645088668
|move|p1a: Salamence|Facade|p2a: Regieleki
|-resisted|p2a: Regieleki
|-damage|p2a: Regieleki|4/100
|move|p2a: Regieleki|Rising Voltage|p1a: Salamence
|-damage|p1a: Salamence|20/100
|
|upkeep
|turn|28
|
|t:|1645088675
|move|p1a: Salamence|Facade|p2a: Regieleki
|-resisted|p2a: Regieleki
|-damage|p2a: Regieleki|0 fnt
|faint|p2a: Regieleki
|
|upkeep
|c|☆F.A.M.E.246 2nd|gg
|
|t:|1645088681
|switch|p2a: Ditto|Ditto|45/100
|-transform|p2a: Ditto|p1a: Salamence|[from] ability: Imposter
|turn|29
|
|t:|1645088689
|move|p2a: Ditto|Facade|p1a: Salamence
|-damage|p1a: Salamence|0 fnt
|faint|p1a: Salamence
|
|upkeep
|
|t:|1645088691
|switch|p1a: Tyranitar|Tyranitar, F|97/100
|-weather|Sandstorm|[from] ability: Sand Stream|[of] p1a: Tyranitar
|turn|30
|
|t:|1645088698
|move|p2a: Ditto|Facade|p1a: Tyranitar
|-resisted|p1a: Tyranitar
|-crit|p1a: Tyranitar
|-damage|p1a: Tyranitar|39/100
|move|p1a: Tyranitar|Stone Edge|p2a: Ditto
|-supereffective|p2a: Ditto
|-damage|p2a: Ditto|0 fnt
|faint|p2a: Ditto
|
|win|F.A.M.E.246 2nd
|raw|F.A.M.E.246 2nd's rating: 1666 &rarr; <strong>1682</strong><br />(+16 for winning)
|raw|xiaofan真NB's rating: 1593 &rarr; <strong>1577</strong><br />(-16 for losing)
