|j|☆korfish >_<
|j|☆Sunorma
|t:|1668614432
|gametype|singles
|player|p1|korfish >_<|skierf-gen4dp|1856
|player|p2|Sunorma|artist-gen4|1661
|teamsize|p1|6
|teamsize|p2|6
|gen|8
|tier|[Gen 8] National Dex AG
|rated|
|rule|HP Percentage Mod: HP is shown in percentages
|rule|Endless Battle Clause: Forcing endless battles is banned
|clearpoke
|poke|p1|Necrozma-Dusk-Mane|
|poke|p1|Zacian-*|
|poke|p1|Arceus-*|
|poke|p1|Eternatus|
|poke|p1|Ditto|
|poke|p1|Yveltal|
|poke|p2|Smeargle, F|
|poke|p2|Smeargle, F|
|poke|p2|Smeargle, M|
|poke|p2|Smeargle, F|
|poke|p2|Smeargle, F|
|poke|p2|Calyrex-Shadow|
|teampreview
|
|t:|1668614439
|start
|switch|p1a: Zacian|Zacian-Crowned|100/100
|switch|p2a: Goya|Smeargle, F|100/100
|-ability|p1a: Zacian|Intrepid Sword|boost
|-boost|p1a: Zacian|atk|1
|turn|1
|
|t:|1668614445
|move|p1a: Zacian|Substitute|p1a: Zacian
|-start|p1a: Zacian|Substitute
|-damage|p1a: Zacian|76/100
|move|p2a: Goya|Spore||[still]
|-fail|p2a: Goya
|
|-ability|p2a: Goya|Moody|boost
|-boost|p2a: Goya|spd|2
|-unboost|p2a: Goya|spa|1
|upkeep
|turn|2
|
|t:|1668614450
|move|p1a: Zacian|Behemoth Blade|p2a: Goya
|-enditem|p2a: Goya|Focus Sash
|-damage|p2a: Goya|1/100
|move|p2a: Goya|Minimize|p2a: Goya
|-boost|p2a: Goya|evasion|2
|
|-ability|p2a: Goya|Moody|boost
|-boost|p2a: Goya|spa|2
|-unboost|p2a: Goya|spd|1
|upkeep
|turn|3
|
|t:|1668614457
|move|p1a: Zacian|Behemoth Blade|p2a: Goya
|-damage|p2a: Goya|0 fnt
|faint|p2a: Goya
|
|upkeep
|
|t:|1668614460
|switch|p2a: Dalí|Smeargle, F|100/100
|turn|4
|j| luisYR_a
|l| luisYR_a
|
|t:|1668614466
|move|p1a: Zacian|Play Rough|p2a: Dalí
|-enditem|p2a: Dalí|Focus Sash
|-damage|p2a: Dalí|1/100
|move|p2a: Dalí|Minimize|p2a: Dalí
|-boost|p2a: Dalí|evasion|2
|
|-ability|p2a: Dalí|Moody|boost
|-boost|p2a: Dalí|spa|2
|-unboost|p2a: Dalí|spd|1
|upkeep
|turn|5
|j| luisYR_a
|
|t:|1668614474
|move|p1a: Zacian|Behemoth Blade|p2a: Dalí|[miss]
|-miss|p1a: Zacian|p2a: Dalí
|move|p2a: Dalí|Minimize|p2a: Dalí
|-boost|p2a: Dalí|evasion|2
|
|-ability|p2a: Dalí|Moody|boost
|-boost|p2a: Dalí|def|2
|-unboost|p2a: Dalí|spd|1
|upkeep
|turn|6
|
|t:|1668614478
|move|p1a: Zacian|Close Combat|p2a: Dalí|[miss]
|-miss|p1a: Zacian|p2a: Dalí
|move|p2a: Dalí|Baton Pass|p2a: Dalí
|
|t:|1668614487
|switch|p2a: Sorolla|Smeargle, F|100/100|[from]move: Baton Pass
|
|-ability|p2a: Sorolla|Moody|boost
|-boost|p2a: Sorolla|spa|2
|-unboost|p2a: Sorolla|atk|1
|upkeep
|turn|7
|
|t:|1668614496
|move|p1a: Zacian|Close Combat|p2a: Sorolla
|-supereffective|p2a: Sorolla
|-enditem|p2a: Sorolla|Focus Sash
|-damage|p2a: Sorolla|1/100
|-unboost|p1a: Zacian|def|1
|-unboost|p1a: Zacian|spd|1
|move|p2a: Sorolla|Minimize|p2a: Sorolla
|-boost|p2a: Sorolla|evasion|2
|
|-ability|p2a: Sorolla|Moody|boost
|-boost|p2a: Sorolla|spa|2
|-unboost|p2a: Sorolla|atk|1
|upkeep
|turn|8
|
|t:|1668614506
|move|p1a: Zacian|Close Combat|p2a: Sorolla|[miss]
|-miss|p1a: Zacian|p2a: Sorolla
|move|p2a: Sorolla|Baton Pass|p2a: Sorolla
|
|t:|1668614517
|switch|p2a: Velázquez|Smeargle, M|100/100|[from]move: Baton Pass
|
|-ability|p2a: Velázquez|Moody|boost
|-boost|p2a: Velázquez|spd|2
|-unboost|p2a: Velázquez|atk|1
|upkeep
|turn|9
|
|t:|1668614526
|move|p1a: Zacian|Close Combat|p2a: Velázquez|[miss]
|-miss|p1a: Zacian|p2a: Velázquez
|move|p2a: Velázquez|Substitute|p2a: Velázquez
|-start|p2a: Velázquez|Substitute
|-damage|p2a: Velázquez|76/100
|
|-ability|p2a: Velázquez|Moody|boost
|-boost|p2a: Velázquez|spd|2
|-unboost|p2a: Velázquez|spe|1
|upkeep
|turn|10
|
|t:|1668614534
|move|p1a: Zacian|Close Combat|p2a: Velázquez|[miss]
|-miss|p1a: Zacian|p2a: Velázquez
|move|p2a: Velázquez|Baton Pass|p2a: Velázquez
|
|t:|1668614539
|switch|p2a: Picasso|Smeargle, F|100/100|[from]move: Baton Pass
|
|-ability|p2a: Picasso|Moody|boost
|-boost|p2a: Picasso|spe|2
|-unboost|p2a: Picasso|atk|1
|upkeep
|turn|11
|
|t:|1668614548
|move|p1a: Zacian|Close Combat|p2a: Picasso|[miss]
|-miss|p1a: Zacian|p2a: Picasso
|move|p2a: Picasso|Shell Smash|p2a: Picasso
|-unboost|p2a: Picasso|def|1
|-unboost|p2a: Picasso|spd|1
|-boost|p2a: Picasso|atk|2
|-boost|p2a: Picasso|spa|0
|-boost|p2a: Picasso|spe|2
|
|-ability|p2a: Picasso|Moody|boost
|-boost|p2a: Picasso|spe|2
|-unboost|p2a: Picasso|def|1
|upkeep
|turn|12
|
|t:|1668614553
|move|p2a: Picasso|Shell Smash|p2a: Picasso
|-unboost|p2a: Picasso|def|1
|-unboost|p2a: Picasso|spd|1
|-boost|p2a: Picasso|atk|2
|-boost|p2a: Picasso|spa|0
|-boost|p2a: Picasso|spe|1
|move|p1a: Zacian|Close Combat|p2a: Picasso|[miss]
|-miss|p1a: Zacian|p2a: Picasso
|
|-ability|p2a: Picasso|Moody|boost
|-boost|p2a: Picasso|def|2
|-unboost|p2a: Picasso|spe|1
|upkeep
|turn|13
|
|t:|1668614560
|move|p2a: Picasso|Shell Smash|p2a: Picasso
|-unboost|p2a: Picasso|def|1
|-unboost|p2a: Picasso|spd|1
|-boost|p2a: Picasso|atk|2
|-boost|p2a: Picasso|spa|0
|-boost|p2a: Picasso|spe|1
|move|p1a: Zacian|Behemoth Blade|p2a: Picasso
|-end|p2a: Picasso|Substitute
|
|-ability|p2a: Picasso|Moody|boost
|-boost|p2a: Picasso|atk|2
|-unboost|p2a: Picasso|spd|1
|upkeep
|turn|14
|
|t:|1668614577
|switch|p1a: Ditto|Ditto|100/100
|-transform|p1a: Ditto|p2a: Picasso|[from] ability: Imposter
|move|p2a: Picasso|Substitute|p2a: Picasso
|-start|p2a: Picasso|Substitute
|-damage|p2a: Picasso|76/100
|
|-heal|p2a: Picasso|82/100|[from] item: Leftovers
|-ability|p1a: Ditto|Moody|boost
|-boost|p1a: Ditto|atk|2
|-unboost|p1a: Ditto|spa|1
|-ability|p2a: Picasso|Moody|boost
|-boost|p2a: Picasso|atk|2
|-unboost|p2a: Picasso|spe|1
|upkeep
|turn|15
|
|t:|1668614592
|move|p1a: Ditto|Power Trip|p2a: Picasso
|-end|p2a: Picasso|Substitute
|move|p2a: Picasso|Spore|p1a: Ditto|[miss]
|-miss|p2a: Picasso|p1a: Ditto
|
|-heal|p2a: Picasso|88/100|[from] item: Leftovers
|-ability|p1a: Ditto|Moody|boost
|-boost|p1a: Ditto|spa|1
|-unboost|p1a: Ditto|spd|1
|-ability|p2a: Picasso|Moody|boost
|-boost|p2a: Picasso|spe|1
|-unboost|p2a: Picasso|spa|1
|upkeep
|turn|16
|
|t:|1668614608
|-start|p1a: Ditto|Dynamax|
|-heal|p1a: Ditto|100/100|[silent]
|move|p1a: Ditto|Max Darkness|p2a: Picasso
|-damage|p2a: Picasso|0 fnt
|faint|p2a: Picasso
|
|-ability|p1a: Ditto|Moody|boost
|-boost|p1a: Ditto|def|2
|-unboost|p1a: Ditto|spd|1
|upkeep
|
|t:|1668614627
|switch|p2a: Dalí|Smeargle, F|1/100
|turn|17
|
|t:|1668614634
|move|p1a: Ditto|Max Darkness|p2a: Dalí
|-damage|p2a: Dalí|0 fnt
|faint|p2a: Dalí
|
|-ability|p1a: Ditto|Moody|boost
|-boost|p1a: Ditto|spd|2
|-unboost|p1a: Ditto|def|1
|upkeep
|
|t:|1668614645
|switch|p2a: Sorolla|Smeargle, F|1/100
|turn|18
|
|t:|1668614652
|move|p1a: Ditto|Max Guard|p1a: Ditto
|-singleturn|p1a: Ditto|Max Guard
|move|p2a: Sorolla|Minimize|p2a: Sorolla
|-boost|p2a: Sorolla|evasion|2
|
|-ability|p1a: Ditto|Moody|boost
|-boost|p1a: Ditto|def|2
|-unboost|p1a: Ditto|spa|1
|-ability|p2a: Sorolla|Moody|boost
|-boost|p2a: Sorolla|def|2
|-unboost|p2a: Sorolla|spe|1
|upkeep
|-end|p1a: Ditto|Dynamax
|-heal|p1a: Ditto|100/100|[silent]
|turn|19
|
|t:|1668614671
|move|p1a: Ditto|Power Trip|p2a: Sorolla|[miss]
|-miss|p1a: Ditto|p2a: Sorolla
|move|p2a: Sorolla|Minimize|p2a: Sorolla
|-boost|p2a: Sorolla|evasion|2
|
|-ability|p1a: Ditto|Moody|boost
|-boost|p1a: Ditto|spa|1
|-unboost|p1a: Ditto|atk|1
|-ability|p2a: Sorolla|Moody|boost
|-boost|p2a: Sorolla|spa|2
|-unboost|p2a: Sorolla|spe|1
|upkeep
|turn|20
|
|t:|1668614683
|move|p1a: Ditto|Power Trip|p2a: Sorolla|[miss]
|-miss|p1a: Ditto|p2a: Sorolla
|move|p2a: Sorolla|Minimize|p2a: Sorolla
|-boost|p2a: Sorolla|evasion|2
|
|-ability|p1a: Ditto|Moody|boost
|-boost|p1a: Ditto|spd|2
|-unboost|p1a: Ditto|spe|1
|-ability|p2a: Sorolla|Moody|boost
|-boost|p2a: Sorolla|def|2
|-unboost|p2a: Sorolla|spd|1
|upkeep
|turn|21
|
|t:|1668614698
|-activate|p1a: Ditto|move: Struggle
|move|p1a: Ditto|Struggle|p2a: Sorolla
|-damage|p2a: Sorolla|0 fnt
|faint|p2a: Sorolla
|-damage|p1a: Ditto|75/100|[from] recoil
|
|-ability|p1a: Ditto|Moody|boost
|-boost|p1a: Ditto|spd|2
|-unboost|p1a: Ditto|spe|1
|upkeep
|
|t:|1668614706
|switch|p2a: Velázquez|Smeargle, M|76/100
|turn|22
|
|t:|1668614718
|-activate|p1a: Ditto|move: Struggle
|move|p1a: Ditto|Struggle|p2a: Velázquez
|-damage|p2a: Velázquez|9/100
|-damage|p1a: Ditto|50/100|[from] recoil
|move|p2a: Velázquez|Lovely Kiss|p1a: Ditto|[miss]
|-miss|p2a: Velázquez|p1a: Ditto
|
|-ability|p1a: Ditto|Moody|boost
|-boost|p1a: Ditto|def|2
|-unboost|p1a: Ditto|spa|1
|-ability|p2a: Velázquez|Moody|boost
|-boost|p2a: Velázquez|spe|2
|-unboost|p2a: Velázquez|atk|1
|upkeep
|turn|23
|
|t:|1668614732
|-activate|p1a: Ditto|move: Struggle
|move|p1a: Ditto|Struggle|p2a: Velázquez
|-damage|p2a: Velázquez|0 fnt
|faint|p2a: Velázquez
|-damage|p1a: Ditto|25/100|[from] recoil
|
|-ability|p1a: Ditto|Moody|boost
|-boost|p1a: Ditto|spe|2
|-unboost|p1a: Ditto|def|1
|upkeep
|
|t:|1668614737
|switch|p2a: Horse Luis|Calyrex-Shadow|100/100
|-ability|p2a: Horse Luis|As One
|-ability|p2a: Horse Luis|Unnerve
|turn|24
|j| jams bond
|
|t:|1668614766
|switch|p1a: Yveltal|Yveltal|100/100
|-ability|p1a: Yveltal|Dark Aura
|-start|p2a: Horse Luis|Dynamax|
|-heal|p2a: Horse Luis|100/100|[silent]
|move|p2a: Horse Luis|Max Mindstorm|p1a: Yveltal
|-immune|p1a: Yveltal
|
|upkeep
|turn|25
|
|t:|1668614774
|move|p1a: Yveltal|Sucker Punch|p2a: Horse Luis
|-supereffective|p2a: Horse Luis
|-enditem|p2a: Horse Luis|Focus Sash
|-damage|p2a: Horse Luis|1/100
|move|p2a: Horse Luis|Max Starfall|p1a: Yveltal
|-supereffective|p1a: Yveltal
|-damage|p1a: Yveltal|49/100
|-fieldstart|move: Misty Terrain
|
|upkeep
|turn|26
|
|t:|1668614791
|move|p2a: Horse Luis|Max Guard|p2a: Horse Luis
|-singleturn|p2a: Horse Luis|Max Guard
|move|p1a: Yveltal|Sucker Punch||[still]
|-fail|p1a: Yveltal
|
|upkeep
|-end|p2a: Horse Luis|Dynamax
|-heal|p2a: Horse Luis|1/100|[silent]
|turn|27
|c| jams bond|Korfish no lies bacon bird op
|
|t:|1668614800
|move|p1a: Yveltal|Sucker Punch||[still]
|-fail|p1a: Yveltal
|move|p2a: Horse Luis|Nasty Plot|p2a: Horse Luis
|-boost|p2a: Horse Luis|spa|2
|
|upkeep
|turn|28
|
|t:|1668614818
|move|p1a: Yveltal|Sucker Punch|p2a: Horse Luis
|-supereffective|p2a: Horse Luis
|-damage|p2a: Horse Luis|0 fnt
|faint|p2a: Horse Luis
|
|win|korfish >_<
|raw|korfish &gt;_&lt;'s rating: 1856 &rarr; <strong>1866</strong><br />(+10 for winning)
|raw|Sunorma's rating: 1661 &rarr; <strong>1651</strong><br />(-10 for losing)
|l|☆Sunorma
|l| jams bond
||Ladder isn't responding, score probably updated but might not have (Request timeout).
