|j|☆Leafstorm121❤
|j|☆Jasuanti
|t:|1597872083
|player|p1|Leafstorm121❤|sina|1815
|player|p2|Jasuanti|erika|1548
|teamsize|p1|6
|teamsize|p2|6
|gametype|singles
|gen|8
|tier|[Gen 8] National Dex AG
|rated|
|clearpoke
|poke|p1|Giratina|
|poke|p1|Quagsire, M|
|poke|p1|Chansey, F|
|poke|p1|Arceus-*|
|poke|p1|Lugia|
|poke|p1|Sableye, F|
|poke|p2|Steelix, M|
|poke|p2|Ho-Oh|
|poke|p2|Necrozma-Dusk-Mane|
|poke|p2|Ferrothorn, M|
|poke|p2|Arceus-*|
|poke|p2|Giratina|
|rule|HP Percentage Mod: HP is shown in percentages
|rule|Endless Battle Clause: Forcing endless battles is banned
|teampreview
|
|t:|1597872104
|start
|switch|p1a: Sableye|Sableye, F|100/100
|switch|p2a: Necrozma|Necrozma-Dusk-Mane|100/100
|turn|1
|
|t:|1597872111
|detailschange|p1a: Sableye|Sableye-Mega, F
|-mega|p1a: Sableye|Sableye|Sablenite
|move|p1a: Sableye|Fake Out|p2a: Necrozma
|-resisted|p2a: Necrozma
|-damage|p2a: Necrozma|98/100
|cant|p2a: Necrozma|flinch
|
|upkeep
|turn|2
|
|t:|1597872117
|move|p2a: Necrozma|Sunsteel Strike|p1a: Sableye
|-damage|p1a: Sableye|67/100
|move|p1a: Sableye|Foul Play|p2a: Necrozma
|-supereffective|p2a: Necrozma
|-damage|p2a: Necrozma|51/100
|
|upkeep
|turn|3
|j| Lux Flash
|
|t:|1597872135
|switch|p1a: Quagsire|Quagsire, M|100/100
|move|p2a: Necrozma|Sunsteel Strike|p1a: Quagsire
|-resisted|p1a: Quagsire
|-damage|p1a: Quagsire|84/100
|
|upkeep
|turn|4
|
|t:|1597872142
|move|p2a: Necrozma|Stealth Rock|p1a: Quagsire
|-sidestart|p1: Leafstorm121❤|move: Stealth Rock
|move|p1a: Quagsire|Recover|p1a: Quagsire
|-heal|p1a: Quagsire|100/100
|
|upkeep
|turn|5
|j| I Eat Snoms
|
|t:|1597872148
|switch|p1a: Giratina|Giratina|100/100
|-damage|p1a: Giratina|88/100|[from] Stealth Rock
|-ability|p1a: Giratina|Pressure
|move|p2a: Necrozma|Morning Sun|p2a: Necrozma
|-heal|p2a: Necrozma|100/100
|
|-heal|p1a: Giratina|94/100|[from] item: Leftovers
|upkeep
|turn|6
|j| jerryl309
|
|t:|1597872158
|move|p2a: Necrozma|Knock Off|p1a: Giratina
|-supereffective|p1a: Giratina
|-damage|p1a: Giratina|66/100
|-enditem|p1a: Giratina|Leftovers|[from] move: Knock Off|[of] p2a: Necrozma
|move|p1a: Giratina|Will-O-Wisp|p2a: Necrozma
|-status|p2a: Necrozma|brn
|
|-damage|p2a: Necrozma|94/100 brn|[from] brn
|upkeep
|turn|7
|
|t:|1597872188
|switch|p2a: Arceus|Arceus-Ground|100/100
|move|p1a: Giratina|Defog|p2a: Arceus
|-unboost|p2a: Arceus|evasion|1
|-sideend|p1: Leafstorm121❤|Stealth Rock|[from] move: Defog|[of] p1a: Giratina
|
|upkeep
|turn|8
|
|t:|1597872196
|move|p2a: Arceus|Ice Beam|p1a: Giratina
|-supereffective|p1a: Giratina
|-damage|p1a: Giratina|37/100
|move|p1a: Giratina|Rest|p1a: Giratina
|-status|p1a: Giratina|slp|[from] move: Rest
|-heal|p1a: Giratina|100/100 slp|[silent]
|
|upkeep
|turn|9
|
|t:|1597872209
|switch|p2a: Ferrothorn|Ferrothorn, M|100/100
|switch|p1a: Chansey|Chansey, F|100/100
|
|upkeep
|turn|10
|
|t:|1597872217
|switch|p1a: Sableye|Sableye-Mega, F|67/100
|move|p2a: Ferrothorn|Spikes|p1a: Sableye
|move|p1a: Sableye|Spikes|p2a: Ferrothorn|[from]Magic Bounce
|-sidestart|p2: Jasuanti|Spikes
|
|upkeep
|turn|11
|
|t:|1597872224
|move|p2a: Ferrothorn|Leech Seed|p1a: Sableye
|move|p1a: Sableye|Leech Seed|p2a: Ferrothorn|[from]Magic Bounce
|-immune|p2a: Ferrothorn
|move|p1a: Sableye|Recover|p1a: Sableye
|-heal|p1a: Sableye|100/100
|
|upkeep
|turn|12
|j| bro darkrai
|
|t:|1597872247
|move|p1a: Sableye|Foul Play|p2a: Ferrothorn
|-damage|p2a: Ferrothorn|77/100
|-damage|p1a: Sableye|88/100|[from] ability: Iron Barbs|[of] p2a: Ferrothorn
|move|p2a: Ferrothorn|Leech Seed|p1a: Sableye
|move|p1a: Sableye|Leech Seed|p2a: Ferrothorn|[from]Magic Bounce
|-immune|p2a: Ferrothorn
|
|-heal|p2a: Ferrothorn|83/100|[from] item: Leftovers
|upkeep
|turn|13
|
|t:|1597872257
|move|p2a: Ferrothorn|Bullet Seed|p1a: Sableye
|-damage|p1a: Sableye|82/100
|-damage|p1a: Sableye|76/100
|-damage|p1a: Sableye|70/100
|-damage|p1a: Sableye|64/100
|-damage|p1a: Sableye|58/100
|-hitcount|p1a: Sableye|5
|move|p1a: Sableye|Foul Play|p2a: Ferrothorn
|-damage|p2a: Ferrothorn|61/100
|-damage|p1a: Sableye|46/100|[from] ability: Iron Barbs|[of] p2a: Ferrothorn
|
|-heal|p2a: Ferrothorn|67/100|[from] item: Leftovers
|upkeep
|turn|14
|
|t:|1597872270
|move|p2a: Ferrothorn|Bullet Seed|p1a: Sableye
|-damage|p1a: Sableye|40/100
|-damage|p1a: Sableye|34/100
|-damage|p1a: Sableye|28/100
|-hitcount|p1a: Sableye|3
|move|p1a: Sableye|Recover|p1a: Sableye
|-heal|p1a: Sableye|78/100
|
|-heal|p2a: Ferrothorn|74/100|[from] item: Leftovers
|upkeep
|turn|15
|
|t:|1597872281
|switch|p2a: Ho-Oh|Ho-Oh, shiny|100/100
|move|p1a: Sableye|Recover|p1a: Sableye
|-heal|p1a: Sableye|100/100
|
|upkeep
|turn|16
|
|t:|1597872289
|move|p2a: Ho-Oh|Curse|p2a: Ho-Oh
|-unboost|p2a: Ho-Oh|spe|1
|-boost|p2a: Ho-Oh|atk|1
|-boost|p2a: Ho-Oh|def|1
|move|p1a: Sableye|Toxic|p2a: Ho-Oh
|-status|p2a: Ho-Oh|tox
|
|-damage|p2a: Ho-Oh|94/100 tox|[from] psn
|upkeep
|turn|17
|
|t:|1597872303
|switch|p1a: Giratina|Giratina|100/100 slp
|-ability|p1a: Giratina|Pressure
|move|p2a: Ho-Oh|Brave Bird|p1a: Giratina
|-damage|p1a: Giratina|68/100 slp
|-damage|p2a: Ho-Oh|82/100 tox|[from] Recoil
|
|-damage|p2a: Ho-Oh|70/100 tox|[from] psn
|upkeep
|turn|18
|j| bs stall
|
|t:|1597872317
|switch|p1a: Quagsire|Quagsire, M|100/100
|move|p2a: Ho-Oh|Brave Bird|p1a: Quagsire
|-damage|p1a: Quagsire|64/100
|-damage|p2a: Ho-Oh|58/100 tox|[from] Recoil
|
|-damage|p2a: Ho-Oh|40/100 tox|[from] psn
|upkeep
|turn|19
|
|t:|1597872330
|switch|p2a: Ferrothorn|Ferrothorn, M|74/100
|-damage|p2a: Ferrothorn|61/100|[from] Spikes
|move|p1a: Quagsire|Recover|p1a: Quagsire
|-heal|p1a: Quagsire|100/100
|
|-heal|p2a: Ferrothorn|67/100|[from] item: Leftovers
|upkeep
|turn|20
|
|t:|1597872345
|switch|p1a: Chansey|Chansey, F|100/100
|move|p2a: Ferrothorn|Bullet Seed|p1a: Chansey
|-damage|p1a: Chansey|94/100
|-damage|p1a: Chansey|88/100
|-damage|p1a: Chansey|81/100
|-hitcount|p1a: Chansey|3
|
|-heal|p2a: Ferrothorn|74/100|[from] item: Leftovers
|upkeep
|turn|21
|j| TyronesChickenShop
|
|t:|1597872362
|move|p1a: Chansey|Heal Bell|p1a: Chansey
|-activate|p1a: Chansey|move: Heal Bell
|-curestatus|p1: Giratina|slp|[msg]
|move|p2a: Ferrothorn|Spikes|p1a: Chansey
|-sidestart|p1: Leafstorm121❤|Spikes
|
|-heal|p2a: Ferrothorn|80/100|[from] item: Leftovers
|upkeep
|turn|22
|
|t:|1597872370
|switch|p1a: Giratina|Giratina|68/100
|-damage|p1a: Giratina|56/100|[from] Spikes
|-ability|p1a: Giratina|Pressure
|move|p2a: Ferrothorn|Leech Seed|p1a: Giratina
|-start|p1a: Giratina|move: Leech Seed
|
|-heal|p2a: Ferrothorn|86/100|[from] item: Leftovers
|-damage|p1a: Giratina|43/100|[from] Leech Seed|[of] p2a: Ferrothorn
|-heal|p2a: Ferrothorn|100/100|[silent]
|upkeep
|turn|23
|c| bs stall|cool team leaf
|
|t:|1597872380
|move|p1a: Giratina|Will-O-Wisp|p2a: Ferrothorn
|-status|p2a: Ferrothorn|brn
|move|p2a: Ferrothorn|Spikes|p1a: Giratina
|-sidestart|p1: Leafstorm121❤|Spikes
|
|-damage|p1a: Giratina|31/100|[from] Leech Seed|[of] p2a: Ferrothorn
|-damage|p2a: Ferrothorn|94/100 brn|[from] brn
|upkeep
|turn|24
|
|t:|1597872389
|move|p1a: Giratina|Defog|p2a: Ferrothorn
|-unboost|p2a: Ferrothorn|evasion|1
|-sideend|p2: Jasuanti|Spikes|[from] move: Defog|[of] p1a: Giratina
|-sideend|p1: Leafstorm121❤|Spikes|[from] move: Defog|[of] p1a: Giratina
|move|p2a: Ferrothorn|Spikes|p1a: Giratina
|-sidestart|p1: Leafstorm121❤|Spikes
|
|-heal|p2a: Ferrothorn|100/100 brn|[from] item: Leftovers
|-damage|p1a: Giratina|18/100|[from] Leech Seed|[of] p2a: Ferrothorn
|-damage|p2a: Ferrothorn|94/100 brn|[from] brn
|upkeep
|turn|25
|
|t:|1597872398
|move|p1a: Giratina|Rest|p1a: Giratina
|-status|p1a: Giratina|slp|[from] move: Rest
|-heal|p1a: Giratina|100/100 slp|[silent]
|move|p2a: Ferrothorn|Spikes|p1a: Giratina
|-sidestart|p1: Leafstorm121❤|Spikes
|
|-heal|p2a: Ferrothorn|100/100 brn|[from] item: Leftovers
|-damage|p1a: Giratina|88/100 slp|[from] Leech Seed|[of] p2a: Ferrothorn
|-damage|p2a: Ferrothorn|94/100 brn|[from] brn
|upkeep
|turn|26
|
|t:|1597872415
|switch|p2a: Giratina|Giratina|100/100
|-ability|p2a: Giratina|Pressure
|cant|p1a: Giratina|slp
|
|-damage|p1a: Giratina|75/100 slp|[from] Leech Seed|[of] p2a: Giratina
|upkeep
|turn|27
|n| I Eat Snoms|ieatsnoms
|
|t:|1597872423
|cant|p1a: Giratina|slp
|move|p2a: Giratina|Roar|p1a: Giratina
|drag|p1a: Lugia|Lugia|100/100
|
|upkeep
|turn|28
|
|t:|1597872429
|move|p1a: Lugia|Toxic|p2a: Giratina
|-status|p2a: Giratina|tox
|move|p2a: Giratina|Toxic|p1a: Lugia
|-status|p1a: Lugia|tox
|
|-damage|p1a: Lugia|94/100 tox|[from] psn
|-damage|p2a: Giratina|94/100 tox|[from] psn
|upkeep
|turn|29
|
|t:|1597872450
|switch|p1a: Giratina|Giratina|75/100 slp
|-damage|p1a: Giratina|59/100 slp|[from] Spikes
|-ability|p1a: Giratina|Pressure
|switch|p2a: Arceus|Arceus-Ground|100/100
|
|upkeep
|turn|30
|
|t:|1597872466
|switch|p1a: Chansey|Chansey, F|81/100
|-damage|p1a: Chansey|64/100|[from] Spikes
|move|p2a: Arceus|Ice Beam|p1a: Chansey
|-damage|p1a: Chansey|58/100
|
|upkeep
|turn|31
|
|t:|1597872484
|switch|p2a: Steelix|Steelix, M|100/100
|move|p1a: Chansey|Soft-Boiled|p1a: Chansey
|-heal|p1a: Chansey|100/100
|
|upkeep
|turn|32
|
|t:|1597872490
|switch|p1a: Quagsire|Quagsire, M|100/100
|-damage|p1a: Quagsire|84/100|[from] Spikes
|detailschange|p2a: Steelix|Steelix-Mega, M
|-mega|p2a: Steelix|Steelix|Steelixite
|move|p2a: Steelix|Iron Defense|p2a: Steelix
|-boost|p2a: Steelix|def|2
|
|upkeep
|turn|33
|
|t:|1597872502
|move|p1a: Quagsire|Earthquake|p2a: Steelix
|-supereffective|p2a: Steelix
|-damage|p2a: Steelix|76/100
|move|p2a: Steelix|Iron Defense|p2a: Steelix
|-boost|p2a: Steelix|def|2
|
|upkeep
|turn|34
|
|t:|1597872509
|move|p1a: Quagsire|Earthquake|p2a: Steelix
|-supereffective|p2a: Steelix
|-damage|p2a: Steelix|52/100
|move|p2a: Steelix|Body Press|p1a: Quagsire
|-damage|p1a: Quagsire|50/100
|
|upkeep
|turn|35
|
|t:|1597872515
|move|p1a: Quagsire|Recover|p1a: Quagsire
|-heal|p1a: Quagsire|99/100
|move|p2a: Steelix|Iron Defense|p2a: Steelix
|-boost|p2a: Steelix|def|2
|
|upkeep
|turn|36
|
|t:|1597872520
|move|p1a: Quagsire|Earthquake|p2a: Steelix
|-supereffective|p2a: Steelix
|-damage|p2a: Steelix|32/100
|move|p2a: Steelix|Body Press|p1a: Quagsire
|-damage|p1a: Quagsire|66/100
|
|upkeep
|turn|37
|
|t:|1597872532
|move|p1a: Quagsire|Recover|p1a: Quagsire
|-heal|p1a: Quagsire|100/100
|move|p2a: Steelix|Body Press|p1a: Quagsire
|-damage|p1a: Quagsire|68/100
|
|upkeep
|turn|38
|
|t:|1597872538
|move|p1a: Quagsire|Recover|p1a: Quagsire
|-heal|p1a: Quagsire|100/100
|move|p2a: Steelix|Fissure|p1a: Quagsire
|-damage|p1a: Quagsire|0 fnt
|-ohko
|faint|p1a: Quagsire
|
|upkeep
|
|t:|1597872543
|switch|p1a: Arceus|Arceus-Fairy|100/100
|-damage|p1a: Arceus|84/100|[from] Spikes
|turn|39
|c| bs stall|O.o
|c| TyronesChickenShop|bruh
|
|t:|1597872559
|move|p1a: Arceus|Earth Power|p2a: Steelix
|-supereffective|p2a: Steelix
|-damage|p2a: Steelix|0 fnt
|faint|p2a: Steelix
|
|upkeep
|
|t:|1597872572
|switch|p2a: Giratina|Giratina|94/100 tox
|-ability|p2a: Giratina|Pressure
|turn|40
|
|t:|1597872590
|switch|p1a: Giratina|Giratina|59/100 slp
|-damage|p1a: Giratina|42/100 slp|[from] Spikes
|-ability|p1a: Giratina|Pressure
|switch|p2a: Necrozma|Necrozma-Dusk-Mane|94/100 brn
|
|-damage|p2a: Necrozma|88/100 brn|[from] brn
|upkeep
|turn|41
|l| I Eat Snoms
|
|t:|1597872605
|switch|p2a: Giratina|Giratina|94/100 tox
|-ability|p2a: Giratina|Pressure
|-curestatus|p1a: Giratina|slp|[msg]
|move|p1a: Giratina|Defog|p2a: Giratina
|-unboost|p2a: Giratina|evasion|1
|-sideend|p1: Leafstorm121❤|Spikes|[from] move: Defog|[of] p1a: Giratina
|
|-heal|p2a: Giratina|100/100 tox|[from] item: Leftovers
|-damage|p2a: Giratina|94/100 tox|[from] psn
|upkeep
|turn|42
|
|t:|1597872621
|move|p1a: Giratina|Rest|p1a: Giratina
|-status|p1a: Giratina|slp|[from] move: Rest
|-heal|p1a: Giratina|100/100 slp|[silent]
|move|p2a: Giratina|Roar|p1a: Giratina
|drag|p1a: Arceus|Arceus-Fairy|84/100
|
|-heal|p2a: Giratina|100/100 tox|[from] item: Leftovers
|-damage|p2a: Giratina|88/100 tox|[from] psn
|upkeep
|turn|43
|
|t:|1597872632
|move|p1a: Arceus|Judgment|p2a: Giratina
|-supereffective|p2a: Giratina
|-damage|p2a: Giratina|29/100 tox
|move|p2a: Giratina|Toxic|p1a: Arceus|[miss]
|-miss|p2a: Giratina|p1a: Arceus
|
|-heal|p2a: Giratina|36/100 tox|[from] item: Leftovers
|-damage|p2a: Giratina|17/100 tox|[from] psn
|upkeep
|turn|44
|j| Nevelle
|
|t:|1597872644
|switch|p2a: Necrozma|Necrozma-Dusk-Mane|88/100 brn
|move|p1a: Arceus|Judgment|p2a: Necrozma
|-resisted|p2a: Necrozma
|-damage|p2a: Necrozma|74/100 brn
|-enditem|p2a: Necrozma|Maranga Berry|[eat]
|-boost|p2a: Necrozma|spd|1|[from] item: Maranga Berry
|
|-damage|p2a: Necrozma|68/100 brn|[from] brn
|upkeep
|turn|45
|
|t:|1597872657
|switch|p1a: Sableye|Sableye-Mega, F|100/100
|move|p2a: Necrozma|Morning Sun|p2a: Necrozma
|-heal|p2a: Necrozma|100/100 brn
|
|-damage|p2a: Necrozma|94/100 brn|[from] brn
|upkeep
|turn|46
|c| Nevelle|chloe?
|l|luxflash
|
|t:|1597872679
|switch|p2a: Ho-Oh|Ho-Oh, shiny|73/100 tox
|move|p1a: Sableye|Foul Play|p2a: Ho-Oh
|-crit|p2a: Ho-Oh
|-damage|p2a: Ho-Oh|17/100 tox
|
|-damage|p2a: Ho-Oh|11/100 tox|[from] psn
|upkeep
|turn|47
|
|t:|1597872694
|switch|p2a: Arceus|Arceus-Ground|100/100
|move|p1a: Sableye|Foul Play|p2a: Arceus
|-damage|p2a: Arceus|85/100
|
|upkeep
|turn|48
|
|t:|1597872702
|switch|p1a: Chansey|Chansey, F|100/100
|move|p2a: Arceus|Judgment|p1a: Chansey
|-damage|p1a: Chansey|88/100
|
|upkeep
|turn|49
|
|t:|1597872714
|switch|p2a: Necrozma|Necrozma-Dusk-Mane|94/100 brn
|switch|p1a: Arceus|Arceus-Fairy|84/100
|
|-damage|p2a: Necrozma|88/100 brn|[from] brn
|upkeep
|turn|50
|
|t:|1597872720
|move|p1a: Arceus|Stealth Rock|p2a: Necrozma
|-sidestart|p2: Jasuanti|move: Stealth Rock
|move|p2a: Necrozma|Sunsteel Strike|p1a: Arceus
|-supereffective|p1a: Arceus
|-damage|p1a: Arceus|51/100
|
|-damage|p2a: Necrozma|82/100 brn|[from] brn
|upkeep
|turn|51
|
|t:|1597872729
|move|p1a: Arceus|Recover|p1a: Arceus
|-heal|p1a: Arceus|100/100
|move|p2a: Necrozma|Sunsteel Strike|p1a: Arceus
|-supereffective|p1a: Arceus
|-damage|p1a: Arceus|70/100
|
|-damage|p2a: Necrozma|76/100 brn|[from] brn
|upkeep
|turn|52
|
|t:|1597872738
|switch|p1a: Sableye|Sableye-Mega, F|100/100
|move|p2a: Necrozma|Stealth Rock|p1a: Sableye
|move|p1a: Sableye|Stealth Rock||[from]Magic Bounce|[still]
|-fail|p1a: Sableye
|
|-damage|p2a: Necrozma|70/100 brn|[from] brn
|upkeep
|turn|53
|
|t:|1597872749
|switch|p2a: Ferrothorn|Ferrothorn, M|94/100 brn
|-damage|p2a: Ferrothorn|88/100 brn|[from] Stealth Rock
|move|p1a: Sableye|Foul Play|p2a: Ferrothorn
|-damage|p2a: Ferrothorn|64/100 brn
|-damage|p1a: Sableye|88/100|[from] ability: Iron Barbs|[of] p2a: Ferrothorn
|
|-heal|p2a: Ferrothorn|70/100 brn|[from] item: Leftovers
|-damage|p2a: Ferrothorn|64/100 brn|[from] brn
|upkeep
|turn|54
|
|t:|1597872768
|move|p1a: Sableye|Foul Play|p2a: Ferrothorn
|-damage|p2a: Ferrothorn|41/100 brn
|-damage|p1a: Sableye|76/100|[from] ability: Iron Barbs|[of] p2a: Ferrothorn
|move|p2a: Ferrothorn|Bullet Seed|p1a: Sableye
|-damage|p1a: Sableye|73/100
|-damage|p1a: Sableye|70/100
|-damage|p1a: Sableye|67/100
|-damage|p1a: Sableye|64/100
|-hitcount|p1a: Sableye|4
|
|-heal|p2a: Ferrothorn|47/100 brn|[from] item: Leftovers
|-damage|p2a: Ferrothorn|41/100 brn|[from] brn
|upkeep
|turn|55
|
|t:|1597872790
|switch|p2a: Arceus|Arceus-Ground|85/100
|-damage|p2a: Arceus|79/100|[from] Stealth Rock
|move|p1a: Sableye|Recover|p1a: Sableye
|-heal|p1a: Sableye|100/100
|
|upkeep
|turn|56
|
|t:|1597872797
|switch|p1a: Chansey|Chansey, F|88/100
|move|p2a: Arceus|Ice Beam|p1a: Chansey
|-damage|p1a: Chansey|82/100
|
|upkeep
|turn|57
|
|t:|1597872807
|move|p2a: Arceus|Ice Beam|p1a: Chansey
|-damage|p1a: Chansey|75/100
|move|p1a: Chansey|Soft-Boiled|p1a: Chansey
|-heal|p1a: Chansey|100/100
|
|upkeep
|turn|58
|
|t:|1597872813
|move|p2a: Arceus|Ice Beam|p1a: Chansey
|-damage|p1a: Chansey|94/100
|move|p1a: Chansey|Seismic Toss|p2a: Arceus
|-damage|p2a: Arceus|57/100
|
|upkeep
|turn|59
|
|t:|1597872823
|switch|p2a: Giratina|Giratina|17/100 tox
|-damage|p2a: Giratina|5/100 tox|[from] Stealth Rock
|-ability|p2a: Giratina|Pressure
|move|p1a: Chansey|Seismic Toss|p2a: Giratina
|-immune|p2a: Giratina
|
|-heal|p2a: Giratina|11/100 tox|[from] item: Leftovers
|-damage|p2a: Giratina|5/100 tox|[from] psn
|upkeep
|turn|60
|
|t:|1597872834
|switch|p1a: Sableye|Sableye-Mega, F|100/100
|move|p2a: Giratina|Rest|p2a: Giratina
|-status|p2a: Giratina|slp|[from] move: Rest
|-heal|p2a: Giratina|100/100 slp|[silent]
|
|upkeep
|turn|61
|
|t:|1597872849
|switch|p2a: Necrozma|Necrozma-Dusk-Mane|70/100 brn
|-damage|p2a: Necrozma|64/100 brn|[from] Stealth Rock
|switch|p1a: Arceus|Arceus-Fairy|70/100
|
|-damage|p2a: Necrozma|58/100 brn|[from] brn
|upkeep
|turn|62
|
|t:|1597872859
|switch|p1a: Sableye|Sableye-Mega, F|100/100
|move|p2a: Necrozma|Morning Sun|p2a: Necrozma
|-heal|p2a: Necrozma|100/100 brn
|
|-damage|p2a: Necrozma|94/100 brn|[from] brn
|upkeep
|turn|63
|
|t:|1597872876
|move|p2a: Necrozma|Sunsteel Strike|p1a: Sableye
|-damage|p1a: Sableye|82/100
|move|p1a: Sableye|Toxic||[still]
|-fail|p1a: Sableye
|
|-damage|p2a: Necrozma|88/100 brn|[from] brn
|upkeep
|turn|64
|
|t:|1597872885
|move|p2a: Necrozma|Sunsteel Strike|p1a: Sableye
|-damage|p1a: Sableye|63/100
|move|p1a: Sableye|Recover|p1a: Sableye
|-heal|p1a: Sableye|100/100
|
|-damage|p2a: Necrozma|82/100 brn|[from] brn
|upkeep
|turn|65
|
|t:|1597872895
|switch|p2a: Ho-Oh|Ho-Oh, shiny|44/100 tox
|move|p1a: Sableye|Foul Play|p2a: Ho-Oh
|-damage|p2a: Ho-Oh|5/100 tox
|
|-damage|p2a: Ho-Oh|0 fnt|[from] psn
|faint|p2a: Ho-Oh
|upkeep
|
|t:|1597872906
|switch|p2a: Arceus|Arceus-Ground|57/100
|-damage|p2a: Arceus|51/100|[from] Stealth Rock
|turn|66
|
|t:|1597872918
|switch|p1a: Chansey|Chansey, F|94/100
|-start|p2a: Arceus|Dynamax
|-heal|p2a: Arceus|51/100|[silent]
|move|p2a: Arceus|Max Hailstorm|p1a: Chansey
|-damage|p1a: Chansey|86/100
|-weather|Hail
|
|-weather|Hail|[upkeep]
|-damage|p2a: Arceus|48/100|[from] Hail
|-damage|p1a: Chansey|80/100|[from] Hail
|upkeep
|turn|67
|
|t:|1597872933
|move|p2a: Arceus|Max Quake|p1a: Chansey
|-damage|p1a: Chansey|63/100
|-boost|p2a: Arceus|spd|1
|move|p1a: Chansey|Soft-Boiled|p1a: Chansey
|-heal|p1a: Chansey|100/100
|
|-weather|Hail|[upkeep]
|-damage|p2a: Arceus|45/100|[from] Hail
|-damage|p1a: Chansey|94/100|[from] Hail
|upkeep
|turn|68
|-message|Jasuanti forfeited.
|
|win|Leafstorm121❤
|l|☆Jasuanti
|l| bs stall
||Ladder (probably) updated, but score could not be retrieved (Request timeout).
