|j|☆Getting free wins
|j|☆PepsiPHD
|t:|1663652506
|gametype|singles
|player|p1|Getting free wins|marley|1432
|player|p2|PepsiPHD|li|1552
|teamsize|p1|6
|teamsize|p2|6
|gen|8
|tier|[Gen 8] National Dex AG
|rated|
|rule|HP Percentage Mod: HP is shown in percentages
|rule|Endless Battle Clause: Forcing endless battles is banned
|clearpoke
|poke|p1|Necrozma-Dawn-Wings|
|poke|p1|Darkrai|
|poke|p1|Dialga|
|poke|p1|Rayquaza|
|poke|p1|Arceus-*|
|poke|p1|Xerneas-*|
|poke|p2|Flygon, M|
|poke|p2|Banette, M|
|poke|p2|Scizor, F|
|poke|p2|Moltres-Galar|
|poke|p2|Lugia|
|poke|p2|Regieleki|
|teampreview
|inactive|Battle timer is ON: inactive players will automatically lose when time's up. (requested by Getting free wins)
|
|t:|1663652516
|start
|switch|p1a: I’m pretty tanky|Dialga|100/100
|switch|p2a: Flygon|Flygon, M|100/100
|-ability|p1a: I’m pretty tanky|Pressure
|turn|1
|
|t:|1663652521
|move|p2a: Flygon|Earthquake|p1a: I’m pretty tanky
|-supereffective|p1a: I’m pretty tanky
|-damage|p1a: I’m pretty tanky|35/100
|move|p1a: I’m pretty tanky|Stealth Rock|p2a: Flygon
|-sidestart|p2: PepsiPHD|move: Stealth Rock
|
|upkeep
|turn|2
|
|t:|1663652528
|-start|p1a: I’m pretty tanky|Dynamax|
|-heal|p1a: I’m pretty tanky|35/100|[silent]
|move|p2a: Flygon|Earthquake|p1a: I’m pretty tanky
|-supereffective|p1a: I’m pretty tanky
|-damage|p1a: I’m pretty tanky|2/100
|move|p1a: I’m pretty tanky|Max Flare|p2a: Flygon
|-resisted|p2a: Flygon
|-damage|p2a: Flygon|53/100
|-weather|SunnyDay
|-damage|p1a: I’m pretty tanky|0 fnt|[from] item: Life Orb
|faint|p1a: I’m pretty tanky
|
|-weather|SunnyDay|[upkeep]
|upkeep
|
|t:|1663652545
|switch|p1a: Help me help you|Rayquaza|100/100
|-ability|p1a: Help me help you|Air Lock
|turn|3
|
|t:|1663652550
|detailschange|p1a: Help me help you|Rayquaza-Mega
|-mega|p1a: Help me help you|Rayquaza|
|-weather|DeltaStream|[from] ability: Delta Stream|[of] p1a: Help me help you
|-start|p2a: Flygon|Dynamax|
|-heal|p2a: Flygon|53/100|[silent]
|move|p1a: Help me help you|Draco Meteor|p2a: Flygon
|-supereffective|p2a: Flygon
|-damage|p2a: Flygon|0 fnt
|-unboost|p1a: Help me help you|spa|2
|faint|p2a: Flygon
|
|-weather|DeltaStream|[upkeep]
|upkeep
|
|t:|1663652556
|switch|p2a: Lugia|Lugia|100/100
|-damage|p2a: Lugia|76/100|[from] Stealth Rock
|-ability|p2a: Lugia|Pressure
|turn|4
|
|t:|1663652578
|move|p2a: Lugia|Ice Beam|p1a: Help me help you
|-activate||deltastream
|-supereffective|p1a: Help me help you
|-damage|p1a: Help me help you|28/100
|move|p1a: Help me help you|Dragon Ascent|p2a: Lugia
|-damage|p2a: Lugia|10/100
|-unboost|p1a: Help me help you|def|1
|-unboost|p1a: Help me help you|spd|1
|
|-weather|DeltaStream|[upkeep]
|upkeep
|turn|5
|
|t:|1663652586
|move|p1a: Help me help you|Extreme Speed|p2a: Lugia
|-damage|p2a: Lugia|0 fnt
|faint|p2a: Lugia
|
|-weather|DeltaStream|[upkeep]
|upkeep
|
|t:|1663652589
|switch|p2a: Banette|Banette, M|100/100
|-damage|p2a: Banette|88/100|[from] Stealth Rock
|turn|6
|
|t:|1663652594
|detailschange|p2a: Banette|Banette-Mega, M
|-mega|p2a: Banette|Banette|Banettite
|move|p2a: Banette|Shadow Sneak|p1a: Help me help you
|-damage|p1a: Help me help you|0 fnt
|faint|p1a: Help me help you
|-weather|none
|
|upkeep
|
|t:|1663652600
|switch|p1a: Real G|Darkrai|100/100
|turn|7
|
|t:|1663652605
|move|p2a: Banette|Substitute|p2a: Banette
|-start|p2a: Banette|Substitute
|-damage|p2a: Banette|63/100
|move|p1a: Real G|Dark Void|p2a: Banette|[miss]
|-miss|p1a: Real G|p2a: Banette
|
|upkeep
|turn|8
|
|t:|1663652616
|move|p1a: Real G|Dark Pulse|p2a: Banette
|-supereffective|p2a: Banette
|-end|p2a: Banette|Substitute
|-damage|p1a: Real G|91/100|[from] item: Life Orb
|move|p2a: Banette|Gunk Shot|p1a: Real G
|-damage|p1a: Real G|28/100
|
|upkeep
|turn|9
|
|t:|1663652623
|switch|p2a: Moltres|Moltres-Galar|100/100
|-damage|p2a: Moltres|76/100|[from] Stealth Rock
|move|p1a: Real G|Dark Pulse|p2a: Moltres
|-resisted|p2a: Moltres
|-damage|p2a: Moltres|51/100
|-damage|p1a: Real G|18/100|[from] item: Life Orb
|
|-heal|p2a: Moltres|57/100|[from] item: Leftovers
|upkeep
|turn|10
|inactive|PepsiPHD has 120 seconds left.
|
|t:|1663652657
|move|p1a: Real G|Thunder|p2a: Moltres|[miss]
|-miss|p1a: Real G|p2a: Moltres
|move|p2a: Moltres|Air Slash|p1a: Real G
|-damage|p1a: Real G|0 fnt
|faint|p1a: Real G
|
|-heal|p2a: Moltres|63/100|[from] item: Leftovers
|upkeep
|
|t:|1663652667
|switch|p1a: GangGang|Necrozma-Dawn-Wings|100/100
|turn|11
|
|t:|1663652674
|detailschange|p1a: GangGang|Necrozma-Ultra
|-burst|p1a: GangGang|Necrozma|Ultranecrozium Z
|move|p1a: GangGang|Stone Edge|p2a: Moltres
|-supereffective|p2a: Moltres
|-damage|p2a: Moltres|0 fnt
|faint|p2a: Moltres
|
|upkeep
|
|t:|1663652679
|switch|p2a: Scizor|Scizor, F|100/100
|-damage|p2a: Scizor|88/100|[from] Stealth Rock
|turn|12
|
|t:|1663652685
|-zpower|p1a: GangGang
|move|p1a: GangGang|Light That Burns the Sky|p2a: Scizor|[zeffect]
|-resisted|p2a: Scizor
|-damage|p2a: Scizor|24/100
|move|p2a: Scizor|Bug Bite|p1a: GangGang
|-supereffective|p1a: GangGang
|-crit|p1a: GangGang
|-damage|p1a: GangGang|0 fnt
|faint|p1a: GangGang
|
|upkeep
|
|t:|1663652694
|switch|p1a: Easy as 123|Arceus|100/100
|turn|13
|
|t:|1663652701
|move|p1a: Easy as 123|Swords Dance|p1a: Easy as 123
|-boost|p1a: Easy as 123|atk|2
|move|p2a: Scizor|Bug Bite|p1a: Easy as 123
|-damage|p1a: Easy as 123|66/100
|-enditem|p1a: Easy as 123|Chople Berry|[from] stealeat|[move] Bug Bite|[of] p2a: Scizor
|
|upkeep
|turn|14
|
|t:|1663652703
|move|p1a: Easy as 123|Extreme Speed|p2a: Scizor
|-resisted|p2a: Scizor
|-damage|p2a: Scizor|0 fnt
|faint|p2a: Scizor
|
|upkeep
|
|t:|1663652705
|switch|p2a: Banette|Banette-Mega, M|63/100
|-damage|p2a: Banette|51/100|[from] Stealth Rock
|turn|15
|
|t:|1663652709
|move|p2a: Banette|Substitute|p2a: Banette
|-start|p2a: Banette|Substitute
|-damage|p2a: Banette|26/100
|move|p1a: Easy as 123|Shadow Claw|p2a: Banette
|-supereffective|p2a: Banette
|-end|p2a: Banette|Substitute
|
|upkeep
|turn|16
|
|t:|1663652713
|move|p2a: Banette|Destiny Bond|p2a: Banette
|-singlemove|p2a: Banette|Destiny Bond
|move|p1a: Easy as 123|Shadow Claw|p2a: Banette
|-supereffective|p2a: Banette
|-damage|p2a: Banette|0 fnt
|faint|p2a: Banette
|-activate|p2a: Banette|move: Destiny Bond
|faint|p1a: Easy as 123
|
|upkeep
|
|t:|1663652716
|switch|p1a: This match is won|Xerneas|100/100
|switch|p2a: Regieleki|Regieleki|100/100
|-damage|p2a: Regieleki|88/100|[from] Stealth Rock
|-ability|p1a: This match is won|Fairy Aura
|turn|17
|
|t:|1663652721
|move|p2a: Regieleki|Rising Voltage|p1a: This match is won
|-damage|p1a: This match is won|60/100
|move|p1a: This match is won|Moonblast|p2a: Regieleki
|-crit|p2a: Regieleki
|-damage|p2a: Regieleki|0 fnt
|faint|p2a: Regieleki
|
|win|Getting free wins
|raw|Getting free wins's rating: 1432 &rarr; <strong>1459</strong><br />(+27 for winning)
|raw|PepsiPHD's rating: 1552 &rarr; <strong>1525</strong><br />(-27 for losing)
|l|☆PepsiPHD
|c|☆Getting free wins|Gg
