|j|☆himdieu
|j|☆Aarsh2601
|t:|1643650581
|gametype|singles
|player|p1|himdieu|pokemonbreederf-gen4|1310
|player|p2|Aarsh2601|red|1423
|teamsize|p1|6
|teamsize|p2|6
|gen|8
|tier|[Gen 8] National Dex AG
|rated|
|rule|HP Percentage Mod: HP is shown in percentages
|rule|Endless Battle Clause: Forcing endless battles is banned
|clearpoke
|poke|p1|Lopunny, M|
|poke|p1|Shuckle, F|
|poke|p1|Greninja, M|
|poke|p1|Eevee, F|
|poke|p1|Smeargle, M|
|poke|p1|Excadrill, F|
|poke|p2|Tapu Koko|
|poke|p2|Calyrex-Shadow|
|poke|p2|Pheromosa|
|poke|p2|Blaziken, F|
|poke|p2|Greninja, M|
|poke|p2|Zacian-*|
|teampreview
|inactive|Battle timer is ON: inactive players will automatically lose when time's up. (requested by Aarsh2601)
|
|t:|1643650599
|start
|switch|p1a: Shuckle god|Shuckle, F|100/100
|switch|p2a: Calyrex|Calyrex-Shadow|100/100
|-ability|p2a: Calyrex|As One
|-ability|p2a: Calyrex|Unnerve
|turn|1
|
|t:|1643650609
|move|p2a: Calyrex|Substitute|p2a: Calyrex
|-start|p2a: Calyrex|Substitute
|-damage|p2a: Calyrex|76/100
|move|p1a: Shuckle god|Sticky Web|p2a: Calyrex
|-sidestart|p2: Aarsh2601|move: Sticky Web
|
|-heal|p2a: Calyrex|82/100|[from] item: Leftovers
|upkeep
|turn|2
|
|t:|1643650618
|move|p2a: Calyrex|Calm Mind|p2a: Calyrex
|-boost|p2a: Calyrex|spa|1
|-boost|p2a: Calyrex|spd|1
|move|p1a: Shuckle god|Stealth Rock|p2a: Calyrex
|-sidestart|p2: Aarsh2601|move: Stealth Rock
|
|-heal|p2a: Calyrex|88/100|[from] item: Leftovers
|upkeep
|turn|3
|
|t:|1643650627
|switch|p1a: GiGA Drill Break|Excadrill, F|100/100
|move|p2a: Calyrex|Calm Mind|p2a: Calyrex
|-boost|p2a: Calyrex|spa|1
|-boost|p2a: Calyrex|spd|1
|
|-heal|p2a: Calyrex|94/100|[from] item: Leftovers
|upkeep
|turn|4
|
|t:|1643650636
|-start|p1a: GiGA Drill Break|Dynamax
|-heal|p1a: GiGA Drill Break|100/100|[silent]
|move|p2a: Calyrex|Astral Barrage|p1a: GiGA Drill Break
|-damage|p1a: GiGA Drill Break|0 fnt
|faint|p1a: GiGA Drill Break
|-ability|p2a: Calyrex|Grim Neigh|boost
|-boost|p2a: Calyrex|spa|1
|
|-heal|p2a: Calyrex|99/100|[from] item: Leftovers
|upkeep
|
|t:|1643650651
|switch|p1a: Sleep|Smeargle, M|100/100
|turn|5
|
|t:|1643650655
|move|p2a: Calyrex|Calm Mind|p2a: Calyrex
|-boost|p2a: Calyrex|spa|1
|-boost|p2a: Calyrex|spd|1
|move|p1a: Sleep|Spectral Thief||[still]
|-clearpositiveboost|p2a: Calyrex|p1a: Sleep|move: Spectral Thief
|-boost|p1a: Sleep|spa|4
|-boost|p1a: Sleep|spd|3
|-anim|p1a: Sleep|Spectral Thief|p2a: Calyrex
|-supereffective|p2a: Calyrex
|-crit|p2a: Calyrex
|-damage|p2a: Calyrex|49/100
|
|-heal|p2a: Calyrex|55/100|[from] item: Leftovers
|upkeep
|turn|6
|
|t:|1643650670
|move|p2a: Calyrex|Draining Kiss|p1a: Sleep
|-damage|p1a: Sleep|84/100
|-heal|p2a: Calyrex|66/100|[from] drain|[of] p1a: Sleep
|move|p1a: Sleep|Spectral Thief|p2a: Calyrex
|-supereffective|p2a: Calyrex
|-damage|p2a: Calyrex|34/100
|
|-heal|p2a: Calyrex|40/100|[from] item: Leftovers
|upkeep
|turn|7
|
|t:|1643650685
|move|p2a: Calyrex|Draining Kiss|p1a: Sleep
|-damage|p1a: Sleep|68/100
|-heal|p2a: Calyrex|52/100|[from] drain|[of] p1a: Sleep
|move|p1a: Sleep|Baton Pass|p1a: Sleep
|
|t:|1643650688
|switch|p1a: Fast af boi|Greninja, M|100/100|[from]move: Baton Pass
|
|-heal|p2a: Calyrex|58/100|[from] item: Leftovers
|upkeep
|turn|8
|
|t:|1643650697
|move|p1a: Fast af boi|Water Shuriken|p2a: Calyrex
|-end|p2a: Calyrex|Substitute
|-damage|p2a: Calyrex|29/100
|-hitcount|p2a: Calyrex|2
|move|p2a: Calyrex|Draining Kiss|p1a: Fast af boi
|-supereffective|p1a: Fast af boi
|-damage|p1a: Fast af boi|72/100
|-heal|p2a: Calyrex|47/100|[from] drain|[of] p1a: Fast af boi
|
|-heal|p2a: Calyrex|54/100|[from] item: Leftovers
|upkeep
|turn|9
|
|t:|1643650709
|move|p1a: Fast af boi|Water Shuriken|p2a: Calyrex
|-damage|p2a: Calyrex|26/100
|-damage|p2a: Calyrex|0 fnt
|faint|p2a: Calyrex
|-activate|p1a: Fast af boi|ability: Battle Bond
|detailschange|p1a: Fast af boi|Greninja-Ash, M
|-hitcount|p2: Calyrex|2
|
|upkeep
|
|t:|1643650722
|switch|p2a: Greninja|Greninja, M|100/100
|-activate|p2a: Greninja|move: Sticky Web
|-unboost|p2a: Greninja|spe|1
|-damage|p2a: Greninja|88/100|[from] Stealth Rock
|turn|10
|
|t:|1643650731
|move|p1a: Fast af boi|Water Shuriken|p2a: Greninja
|-resisted|p2a: Greninja
|-damage|p2a: Greninja|44/100
|-resisted|p2a: Greninja
|-damage|p2a: Greninja|2/100
|-resisted|p2a: Greninja
|-damage|p2a: Greninja|0 fnt
|faint|p2a: Greninja
|-hitcount|p2: Greninja|3
|
|upkeep
|
|t:|1643650742
|switch|p2a: Zacian|Zacian-Crowned|100/100
|-damage|p2a: Zacian|94/100|[from] Stealth Rock
|-activate|p2a: Zacian|move: Sticky Web
|-unboost|p2a: Zacian|spe|1
|-ability|p2a: Zacian|Intrepid Sword|boost
|-boost|p2a: Zacian|atk|1
|turn|11
|
|t:|1643650751
|move|p1a: Fast af boi|Water Shuriken|p2a: Zacian
|-damage|p2a: Zacian|46/100
|-damage|p2a: Zacian|0 fnt
|faint|p2a: Zacian
|-hitcount|p2: Zacian|2
|
|upkeep
|-message|Aarsh2601 forfeited.
|
|win|himdieu
|raw|himdieu's rating: 1310 &rarr; <strong>1335</strong><br />(+25 for winning)
|raw|Aarsh2601's rating: 1399 &rarr; <strong>1374</strong><br />(-25 for losing)
|l|☆Aarsh2601
