|j|☆Coronet077
|j|☆SpookyMareep
|t:|1659392599
|gametype|singles
|player|p1|Coronet077|fisherman-gen4|1695
|player|p2|SpookyMareep|rocketgruntf|1612
|teamsize|p1|6
|teamsize|p2|6
|gen|8
|tier|[Gen 8] National Dex AG
|rated|
|rule|HP Percentage Mod: HP is shown in percentages
|rule|Endless Battle Clause: Forcing endless battles is banned
|clearpoke
|poke|p1|Deoxys-Speed|
|poke|p1|Grimmsnarl, M|
|poke|p1|Zacian-*|
|poke|p1|Yveltal|
|poke|p1|Xerneas-*|
|poke|p1|Necrozma-Dawn-Wings|
|poke|p2|Ditto|
|poke|p2|Marshadow|
|poke|p2|Toxapex, F|
|poke|p2|Shedinja|
|poke|p2|Quagsire, M|
|poke|p2|Landorus-Therian, M|
|teampreview
|
|t:|1659392618
|start
|switch|p1a: Deoxys|Deoxys-Speed|100/100
|switch|p2a: xXWingsRippedXx|Marshadow|100/100
|-ability|p1a: Deoxys|Pressure
|turn|1
|
|t:|1659392624
|switch|p2a: Yakuza|Toxapex, F|100/100
|move|p1a: Deoxys|Stealth Rock|p2a: Yakuza
|-sidestart|p2: SpookyMareep|move: Stealth Rock
|
|upkeep
|turn|2
|
|t:|1659392632
|move|p1a: Deoxys|Taunt|p2a: Yakuza
|-start|p2a: Yakuza|move: Taunt
|cant|p2a: Yakuza|move: Taunt|Toxic Spikes
|
|upkeep
|turn|3
|
|t:|1659392639
|move|p1a: Deoxys|Spikes|p2a: Yakuza
|-sidestart|p2: SpookyMareep|Spikes
|move|p2a: Yakuza|Scald|p1a: Deoxys
|-damage|p1a: Deoxys|81/100
|
|upkeep
|turn|4
|
|t:|1659392643
|move|p1a: Deoxys|Spikes|p2a: Yakuza
|-sidestart|p2: SpookyMareep|Spikes
|move|p2a: Yakuza|Scald|p1a: Deoxys
|-damage|p1a: Deoxys|61/100
|
|-end|p2a: Yakuza|move: Taunt
|upkeep
|turn|5
|
|t:|1659392646
|switch|p2a: >1440 ELO TEAM|Landorus-Therian, M|100/100
|-ability|p2a: >1440 ELO TEAM|Intimidate|boost
|-unboost|p1a: Deoxys|atk|1
|move|p1a: Deoxys|Taunt|p2a: >1440 ELO TEAM
|-start|p2a: >1440 ELO TEAM|move: Taunt
|
|upkeep
|turn|6
|
|t:|1659392651
|switch|p2a: Yakuza|Toxapex, F|100/100
|-damage|p2a: Yakuza|88/100|[from] Stealth Rock
|-damage|p2a: Yakuza|72/100|[from] Spikes
|move|p1a: Deoxys|Spikes|p2a: Yakuza
|-sidestart|p2: SpookyMareep|Spikes
|
|upkeep
|turn|7
|
|t:|1659392654
|switch|p2a: >1440 ELO TEAM|Landorus-Therian, M|100/100
|-ability|p2a: >1440 ELO TEAM|Intimidate|boost
|-unboost|p1a: Deoxys|atk|1
|move|p1a: Deoxys|Taunt|p2a: >1440 ELO TEAM
|-start|p2a: >1440 ELO TEAM|move: Taunt
|
|upkeep
|turn|8
|
|t:|1659392663
|switch|p1a: Necrozma|Necrozma-Dawn-Wings|100/100
|switch|p2a: Yakuza|Toxapex, F|100/100
|-damage|p2a: Yakuza|88/100|[from] Stealth Rock
|-damage|p2a: Yakuza|64/100|[from] Spikes
|
|upkeep
|turn|9
|
|t:|1659392669
|switch|p2a: >1440 ELO TEAM|Landorus-Therian, M|100/100
|-ability|p2a: >1440 ELO TEAM|Intimidate|boost
|-unboost|p1a: Necrozma|atk|1
|move|p1a: Necrozma|Dragon Dance|p1a: Necrozma
|-boost|p1a: Necrozma|atk|1
|-boost|p1a: Necrozma|spe|1
|
|upkeep
|turn|10
|
|t:|1659392681
|move|p1a: Necrozma|Dragon Dance|p1a: Necrozma
|-boost|p1a: Necrozma|atk|1
|-boost|p1a: Necrozma|spe|1
|move|p2a: >1440 ELO TEAM|Defog|p1a: Necrozma
|-unboost|p1a: Necrozma|evasion|1
|-sideend|p2: SpookyMareep|Spikes|[from] move: Defog|[of] p2a: >1440 ELO TEAM
|-sideend|p2: SpookyMareep|Stealth Rock|[from] move: Defog|[of] p2a: >1440 ELO TEAM
|
|upkeep
|turn|11
|
|t:|1659392691
|switch|p2a: :)|Quagsire, M|100/100
|move|p1a: Necrozma|Photon Geyser|p2a: :)
|-damage|p2a: :)|42/100
|
|upkeep
|turn|12
|
|t:|1659392698
|switch|p2a: Yakuza.|Shedinja|100/100
|move|p1a: Necrozma|Photon Geyser|p2a: Yakuza.
|-enditem|p2a: Yakuza.|Focus Sash
|-damage|p2a: Yakuza.|100/100
|
|upkeep
|turn|13
|
|t:|1659392707
|detailschange|p1a: Necrozma|Necrozma-Ultra
|-burst|p1a: Necrozma|Necrozma|Ultranecrozium Z
|move|p2a: Yakuza.|Shadow Sneak|p1a: Necrozma
|-supereffective|p1a: Necrozma
|-damage|p1a: Necrozma|68/100
|move|p1a: Necrozma|Stone Edge|p2a: Yakuza.
|-supereffective|p2a: Yakuza.
|-damage|p2a: Yakuza.|0 fnt
|faint|p2a: Yakuza.
|
|upkeep
|
|t:|1659392708
|switch|p2a: xXWingsRippedXx|Marshadow|100/100
|turn|14
|
|t:|1659392721
|switch|p1a: Grimmsnarl|Grimmsnarl, M|100/100
|move|p2a: xXWingsRippedXx|Spectral Thief|p1a: Grimmsnarl
|-resisted|p1a: Grimmsnarl
|-damage|p1a: Grimmsnarl|82/100
|
|upkeep
|turn|15
|
|t:|1659392727
|switch|p2a: >1440 ELO TEAM|Landorus-Therian, M|100/100
|-ability|p2a: >1440 ELO TEAM|Intimidate|boost
|-unboost|p1a: Grimmsnarl|atk|1
|move|p1a: Grimmsnarl|Reflect|p1a: Grimmsnarl
|-sidestart|p1: Coronet077|Reflect
|
|upkeep
|turn|16
|
|t:|1659392732
|move|p1a: Grimmsnarl|Taunt|p2a: >1440 ELO TEAM
|-start|p2a: >1440 ELO TEAM|move: Taunt
|cant|p2a: >1440 ELO TEAM|move: Taunt|Stealth Rock
|
|upkeep
|turn|17
|
|t:|1659392738
|move|p1a: Grimmsnarl|Light Screen|p1a: Grimmsnarl
|-sidestart|p1: Coronet077|move: Light Screen
|move|p2a: >1440 ELO TEAM|Stone Edge|p1a: Grimmsnarl|[miss]
|-miss|p2a: >1440 ELO TEAM|p1a: Grimmsnarl
|
|upkeep
|turn|18
|
|t:|1659392754
|switch|p1a: Yveltal|Yveltal|100/100
|-ability|p1a: Yveltal|Dark Aura
|move|p2a: >1440 ELO TEAM|Earthquake|p1a: Yveltal
|-immune|p1a: Yveltal
|
|-end|p2a: >1440 ELO TEAM|move: Taunt
|upkeep
|turn|19
|
|t:|1659392762
|-start|p1a: Yveltal|Dynamax|
|-heal|p1a: Yveltal|100/100|[silent]
|move|p2a: >1440 ELO TEAM|Defog|p1a: Yveltal
|-unboost|p1a: Yveltal|evasion|1
|-sideend|p1: Coronet077|Reflect
|-sideend|p1: Coronet077|move: Light Screen
|move|p1a: Yveltal|Max Airstream|p2a: >1440 ELO TEAM
|-damage|p2a: >1440 ELO TEAM|0 fnt
|-boost|p1a: Yveltal|spe|1
|faint|p2a: >1440 ELO TEAM
|-damage|p1a: Yveltal|96/100|[from] item: Life Orb
|
|upkeep
|
|t:|1659392767
|switch|p2a: Yakuza|Toxapex, F|97/100
|turn|20
|
|t:|1659392777
|move|p1a: Yveltal|Max Darkness|p2a: Yakuza
|-damage|p2a: Yakuza|0 fnt
|faint|p2a: Yakuza
|-damage|p1a: Yveltal|91/100|[from] item: Life Orb
|
|upkeep
|-message|SpookyMareep forfeited.
|
|win|Coronet077
|raw|Coronet077's rating: 1695 &rarr; <strong>1710</strong><br />(+15 for winning)
|raw|SpookyMareep's rating: 1612 &rarr; <strong>1597</strong><br />(-15 for losing)
|l|☆SpookyMareep
||Ladder isn't responding, score probably updated but might not have (Request timeout).
