|j|☆qtDread
|j|☆seidou45
|t:|1660399122
|gametype|singles
|player|p1|qtDread|n|1514
|player|p2|seidou45|lucas|1741
|teamsize|p1|6
|teamsize|p2|6
|gen|8
|tier|[Gen 8] National Dex AG
|rated|
|rule|HP Percentage Mod: HP is shown in percentages
|rule|Endless Battle Clause: Forcing endless battles is banned
|clearpoke
|poke|p1|Zacian-*|
|poke|p1|Groudon|
|poke|p1|Rayquaza|
|poke|p1|Calyrex-Shadow|
|poke|p1|Zygarde|
|poke|p1|Necrozma-Dusk-Mane|
|poke|p2|Ditto|
|poke|p2|Gliscor, M|
|poke|p2|Palkia|
|poke|p2|Yveltal|
|poke|p2|Necrozma-Dusk-Mane|
|poke|p2|Eternatus|
|teampreview
|inactive|Battle timer is ON: inactive players will automatically lose when time's up. (requested by qtDread)
|
|t:|1660399131
|start
|switch|p1a: Sun|Necrozma-Dusk-Mane, shiny|100/100
|switch|p2a: Gliscor|Gliscor, M, shiny|100/100
|turn|1
|
|t:|1660399137
|move|p2a: Gliscor|Swords Dance|p2a: Gliscor
|-boost|p2a: Gliscor|atk|2
|move|p1a: Sun|Stealth Rock|p2a: Gliscor
|-sidestart|p2: seidou45|move: Stealth Rock
|
|-status|p2a: Gliscor|tox|[from] item: Toxic Orb
|upkeep
|turn|2
|
|t:|1660399143
|switch|p1a: Cells|Zygarde|100/100
|move|p2a: Gliscor|Stone Edge|p1a: Cells
|-resisted|p1a: Cells
|-damage|p1a: Cells|83/100
|
|-heal|p1a: Cells|89/100|[from] item: Leftovers
|upkeep
|turn|3
|
|t:|1660399147
|move|p2a: Gliscor|Earthquake|p1a: Cells
|-damage|p1a: Cells|35/100
|move|p1a: Cells|Coil|p1a: Cells
|-boost|p1a: Cells|atk|1
|-boost|p1a: Cells|def|1
|-boost|p1a: Cells|accuracy|1
|
|-heal|p1a: Cells|42/100|[from] item: Leftovers
|-activate|p1a: Cells|ability: Power Construct
|detailschange|p1a: Cells|Zygarde-Complete
|-heal|p1a: Cells|62/100|[silent]
|upkeep
|turn|4
|
|t:|1660399152
|move|p2a: Gliscor|Swords Dance|p2a: Gliscor
|-boost|p2a: Gliscor|atk|2
|move|p1a: Cells|Coil|p1a: Cells
|-boost|p1a: Cells|atk|1
|-boost|p1a: Cells|def|1
|-boost|p1a: Cells|accuracy|1
|
|-heal|p1a: Cells|68/100|[from] item: Leftovers
|upkeep
|turn|5
|
|t:|1660399155
|move|p2a: Gliscor|Earthquake|p1a: Cells
|-crit|p1a: Cells
|-damage|p1a: Cells|0 fnt
|faint|p1a: Cells
|
|upkeep
|c|☆qtDread|funny
|
|t:|1660399168
|switch|p1a: Speed|Rayquaza|100/100
|-ability|p1a: Speed|Air Lock
|turn|6
|
|t:|1660399177
|detailschange|p1a: Speed|Rayquaza-Mega
|-mega|p1a: Speed|Rayquaza|
|-weather|DeltaStream|[from] ability: Delta Stream|[of] p1a: Speed
|-start|p2a: Gliscor|Dynamax|
|-heal|p2a: Gliscor|100/100 tox|[silent]
|move|p1a: Speed|Dragon Ascent|p2a: Gliscor
|-damage|p2a: Gliscor|62/100 tox
|-unboost|p1a: Speed|def|1
|-unboost|p1a: Speed|spd|1
|move|p2a: Gliscor|Max Airstream|p1a: Speed
|-damage|p1a: Speed|0 fnt
|-boost|p2a: Gliscor|spe|1
|faint|p1a: Speed
|-weather|none
|
|-heal|p2a: Gliscor|68/100 tox|[from] ability: Poison Heal
|upkeep
|
|t:|1660399188
|switch|p1a: Horsey|Calyrex-Shadow|100/100
|-ability|p1a: Horsey|As One
|-ability|p1a: Horsey|Unnerve
|turn|7
|
|t:|1660399191
|-start|p1a: Horsey|Dynamax|
|-heal|p1a: Horsey|100/100|[silent]
|move|p1a: Horsey|Max Phantasm|p2a: Gliscor
|-damage|p2a: Gliscor|14/100 tox
|-unboost|p2a: Gliscor|def|1
|move|p2a: Gliscor|Max Airstream|p1a: Horsey
|-damage|p1a: Horsey|23/100
|-boost|p2a: Gliscor|spe|1
|
|-heal|p2a: Gliscor|21/100 tox|[from] ability: Poison Heal
|upkeep
|turn|8
|
|t:|1660399198
|move|p2a: Gliscor|Max Quake|p1a: Horsey
|-damage|p1a: Horsey|0 fnt
|-boost|p2a: Gliscor|spd|1
|faint|p1a: Horsey
|
|-heal|p2a: Gliscor|27/100 tox|[from] ability: Poison Heal
|upkeep
|
|t:|1660399202
|switch|p1a: Sun|Necrozma-Dusk-Mane, shiny|100/100
|-end|p2a: Gliscor|Dynamax
|-heal|p2a: Gliscor|27/100 tox|[silent]
|turn|9
|
|t:|1660399205
|move|p2a: Gliscor|Earthquake|p1a: Sun
|-supereffective|p1a: Sun
|-damage|p1a: Sun|18/100
|move|p1a: Sun|Knock Off|p2a: Gliscor
|-damage|p2a: Gliscor|0 fnt
|-enditem|p2a: Gliscor|Toxic Orb|[from] move: Knock Off|[of] p1a: Sun
|faint|p2a: Gliscor
|
|upkeep
|
|t:|1660399219
|switch|p2a: Palkia|Palkia, shiny|100/100
|-damage|p2a: Palkia|88/100|[from] Stealth Rock
|-ability|p2a: Palkia|Pressure
|turn|10
|
|t:|1660399222
|move|p2a: Palkia|Surf|p1a: Sun
|-damage|p1a: Sun|0 fnt
|faint|p1a: Sun
|
|upkeep
|
|t:|1660399226
|switch|p1a: Sword|Zacian-Crowned|100/100
|-ability|p1a: Sword|Intrepid Sword|boost
|-boost|p1a: Sword|atk|1
|turn|11
|
|t:|1660399233
|move|p1a: Sword|Swords Dance|p1a: Sword
|-boost|p1a: Sword|atk|2
|-zpower|p2a: Palkia
|move|p2a: Palkia|Hydro Vortex|p1a: Sword|[zeffect]
|-damage|p1a: Sword|5/100
|
|upkeep
|turn|12
|
|t:|1660399240
|switch|p2a: Necrozma|Necrozma-Dusk-Mane, shiny|100/100
|-damage|p2a: Necrozma|94/100|[from] Stealth Rock
|move|p1a: Sword|Behemoth Blade|p2a: Necrozma
|-resisted|p2a: Necrozma
|-damage|p2a: Necrozma|55/100
|-damage|p1a: Sword|0 fnt|[from] item: Rocky Helmet|[of] p2a: Necrozma
|faint|p1a: Sword
|
|upkeep
|
|t:|1660399243
|switch|p1a: Lizard|Groudon|100/100
|detailschange|p1a: Lizard|Groudon-Primal
|-primal|p1a: Lizard
|-weather|DesolateLand|[from] ability: Desolate Land|[of] p1a: Lizard
|turn|13
|
|t:|1660399246
|move|p1a: Lizard|Rock Polish|p1a: Lizard
|-boost|p1a: Lizard|spe|2
|move|p2a: Necrozma|Sunsteel Strike|p1a: Lizard
|-resisted|p1a: Lizard
|-damage|p1a: Lizard|82/100
|
|-weather|DesolateLand|[upkeep]
|upkeep
|turn|14
|
|t:|1660399249
|move|p1a: Lizard|Precipice Blades|p2a: Necrozma
|-supereffective|p2a: Necrozma
|-crit|p2a: Necrozma
|-damage|p2a: Necrozma|0 fnt
|faint|p2a: Necrozma
|
|-weather|DesolateLand|[upkeep]
|upkeep
|
|t:|1660399251
|switch|p2a: Palkia|Palkia, shiny|88/100
|-damage|p2a: Palkia|76/100|[from] Stealth Rock
|-ability|p2a: Palkia|Pressure
|turn|15
|
|t:|1660399253
|move|p1a: Lizard|Precipice Blades|p2a: Palkia
|-damage|p2a: Palkia|0 fnt
|faint|p2a: Palkia
|
|-weather|DesolateLand|[upkeep]
|upkeep
|
|t:|1660399257
|switch|p2a: No.132|Ditto, shiny|100/100
|-damage|p2a: No.132|88/100|[from] Stealth Rock
|-transform|p2a: No.132|p1a: Lizard|[from] ability: Imposter
|turn|16
|
|t:|1660399260
|move|p2a: No.132|Precipice Blades|p1a: Lizard|[miss]
|-miss|p2a: No.132|p1a: Lizard
|move|p1a: Lizard|Precipice Blades|p2a: No.132
|-supereffective|p2a: No.132
|-damage|p2a: No.132|0 fnt
|faint|p2a: No.132
|
|-weather|DesolateLand|[upkeep]
|upkeep
|
|t:|1660399265
|switch|p2a: Eternatus|Eternatus|100/100
|-damage|p2a: Eternatus|88/100|[from] Stealth Rock
|-ability|p2a: Eternatus|Pressure
|turn|17
|
|t:|1660399268
|move|p1a: Lizard|Precipice Blades|p2a: Eternatus
|-supereffective|p2a: Eternatus
|-damage|p2a: Eternatus|0 fnt
|faint|p2a: Eternatus
|
|-weather|DesolateLand|[upkeep]
|upkeep
|
|t:|1660399271
|switch|p2a: Yveltal|Yveltal, shiny|100/100
|-ability|p2a: Yveltal|Dark Aura
|turn|18
|
|t:|1660399274
|move|p1a: Lizard|Stone Edge|p2a: Yveltal
|-supereffective|p2a: Yveltal
|-damage|p2a: Yveltal|24/100
|move|p2a: Yveltal|Roost|p2a: Yveltal
|-heal|p2a: Yveltal|75/100
|-singleturn|p2a: Yveltal|move: Roost
|
|-weather|DesolateLand|[upkeep]
|upkeep
|turn|19
|
|t:|1660399278
|move|p1a: Lizard|Stone Edge|p2a: Yveltal|[miss]
|-miss|p1a: Lizard|p2a: Yveltal
|move|p2a: Yveltal|Roost|p2a: Yveltal
|-heal|p2a: Yveltal|100/100
|-singleturn|p2a: Yveltal|move: Roost
|
|-weather|DesolateLand|[upkeep]
|upkeep
|turn|20
|
|t:|1660399281
|move|p1a: Lizard|Stone Edge|p2a: Yveltal
|-supereffective|p2a: Yveltal
|-damage|p2a: Yveltal|24/100
|move|p2a: Yveltal|Roost|p2a: Yveltal
|-heal|p2a: Yveltal|75/100
|-singleturn|p2a: Yveltal|move: Roost
|
|-weather|DesolateLand|[upkeep]
|upkeep
|turn|21
|
|t:|1660399284
|move|p1a: Lizard|Stone Edge|p2a: Yveltal
|-supereffective|p2a: Yveltal
|-damage|p2a: Yveltal|0 fnt
|faint|p2a: Yveltal
|
|win|qtDread
|raw|qtDread's rating: 1514 &rarr; <strong>1545</strong><br />(+31 for winning)
|raw|seidou45's rating: 1741 &rarr; <strong>1710</strong><br />(-31 for losing)
|c|☆qtDread|LMAO
|l|☆seidou45
|c|☆qtDread|IM SO SORRY
||Ladder isn't responding, score probably updated but might not have (Request timeout).
