|j|☆Lone Thief
|j|☆Praise Luccarism
|t:|1599749370
|player|p1|Lone Thief|gambler|1503
|player|p2|Praise Luccarism|102|1613
|teamsize|p1|6
|teamsize|p2|6
|gametype|singles
|gen|8
|tier|[Gen 8] National Dex AG
|rated|
|clearpoke
|poke|p1|Tyranitar, M|
|poke|p1|Rayquaza|
|poke|p1|Greninja, M|
|poke|p1|Zacian-Crowned|
|poke|p1|Groudon|
|poke|p1|Deoxys-Attack|
|poke|p2|Zacian-Crowned|
|poke|p2|Rayquaza|
|poke|p2|Ditto|
|poke|p2|Groudon|
|poke|p2|Xerneas|
|poke|p2|Lugia|
|rule|HP Percentage Mod: HP is shown in percentages
|rule|Endless Battle Clause: Forcing endless battles is banned
|teampreview
|inactive|Battle timer is ON: inactive players will automatically lose when time's up. (requested by Lone Thief)
|j| Crow Music
|
|t:|1599749383
|start
|switch|p1a: Groudon|Groudon|100/100
|switch|p2a: Lugia|Lugia|100/100
|detailschange|p1a: Groudon|Groudon-Primal
|-primal|p1a: Groudon
|-weather|DesolateLand|[from] ability: Desolate Land|[of] p1a: Groudon
|turn|1
|
|t:|1599749398
|move|p2a: Lugia|Toxic|p1a: Groudon
|-status|p1a: Groudon|tox
|move|p1a: Groudon|Fire Punch|p2a: Lugia
|-damage|p2a: Lugia|79/100
|
|-weather|DesolateLand|[upkeep]
|-damage|p1a: Groudon|94/100 tox|[from] psn
|upkeep
|turn|2
|
|t:|1599749410
|move|p2a: Lugia|Ice Beam|p1a: Groudon
|-damage|p1a: Groudon|76/100 tox
|move|p1a: Groudon|Fire Punch|p2a: Lugia
|-damage|p2a: Lugia|39/100
|
|-weather|DesolateLand|[upkeep]
|-damage|p1a: Groudon|64/100 tox|[from] psn
|upkeep
|turn|3
|
|t:|1599749419
|move|p2a: Lugia|Roost|p2a: Lugia
|-heal|p2a: Lugia|89/100
|-singleturn|p2a: Lugia|move: Roost
|move|p1a: Groudon|Fire Punch|p2a: Lugia
|-damage|p2a: Lugia|51/100
|
|-weather|DesolateLand|[upkeep]
|-damage|p1a: Groudon|46/100 tox|[from] psn
|upkeep
|turn|4
|
|t:|1599749428
|-weather|none
|switch|p1a: Tyranitar|Tyranitar, M|100/100
|-weather|Sandstorm|[from] ability: Sand Stream|[of] p1a: Tyranitar
|move|p2a: Lugia|Roost|p2a: Lugia
|-heal|p2a: Lugia|100/100
|-singleturn|p2a: Lugia|move: Roost
|
|-weather|Sandstorm|[upkeep]
|-damage|p2a: Lugia|94/100|[from] Sandstorm
|upkeep
|turn|5
|
|t:|1599749437
|move|p2a: Lugia|Toxic|p1a: Tyranitar
|-status|p1a: Tyranitar|tox
|move|p1a: Tyranitar|Stealth Rock|p2a: Lugia
|-sidestart|p2: Praise Luccarism|move: Stealth Rock
|
|-weather|Sandstorm|[upkeep]
|-damage|p2a: Lugia|88/100|[from] Sandstorm
|-damage|p1a: Tyranitar|94/100 tox|[from] psn
|upkeep
|turn|6
|
|t:|1599749445
|move|p2a: Lugia|Defog|p1a: Tyranitar
|-unboost|p1a: Tyranitar|evasion|1
|-sideend|p2: Praise Luccarism|Stealth Rock|[from] move: Defog|[of] p2a: Lugia
|move|p1a: Tyranitar|Pursuit|p2a: Lugia
|-supereffective|p2a: Lugia
|-damage|p2a: Lugia|71/100
|
|-weather|Sandstorm|[upkeep]
|-damage|p2a: Lugia|65/100|[from] Sandstorm
|-heal|p1a: Tyranitar|100/100 tox|[from] item: Leftovers
|-damage|p1a: Tyranitar|88/100 tox|[from] psn
|upkeep
|turn|7
|
|t:|1599749455
|move|p2a: Lugia|Ice Beam|p1a: Tyranitar
|-damage|p1a: Tyranitar|79/100 tox
|move|p1a: Tyranitar|Stealth Rock|p2a: Lugia
|-sidestart|p2: Praise Luccarism|move: Stealth Rock
|
|-weather|Sandstorm|[upkeep]
|-damage|p2a: Lugia|59/100|[from] Sandstorm
|-heal|p1a: Tyranitar|85/100 tox|[from] item: Leftovers
|-damage|p1a: Tyranitar|66/100 tox|[from] psn
|upkeep
|turn|8
|
|t:|1599749464
|switch|p1a: Greninja|Greninja, M|100/100
|move|p2a: Lugia|Defog|p1a: Greninja
|-unboost|p1a: Greninja|evasion|1
|-sideend|p2: Praise Luccarism|Stealth Rock|[from] move: Defog|[of] p2a: Lugia
|
|-weather|none
|upkeep
|turn|9
|
|t:|1599749474
|-start|p1a: Greninja|Dynamax
|-heal|p1a: Greninja|100/100|[silent]
|move|p1a: Greninja|Max Darkness|p2a: Lugia
|-supereffective|p2a: Lugia
|-damage|p2a: Lugia|0 fnt
|-damage|p1a: Greninja|96/100|[from] item: Life Orb
|faint|p2a: Lugia
|-activate|p1a: Greninja|ability: Battle Bond
|detailschange|p1a: Greninja|Greninja-Ash, M
|
|upkeep
|l| Crow Music
|
|t:|1599749487
|switch|p2a: Groudon|Groudon|100/100
|detailschange|p2a: Groudon|Groudon-Primal
|-primal|p2a: Groudon
|-weather|DesolateLand|[from] ability: Desolate Land|[of] p2a: Groudon
|turn|10
|
|t:|1599749493
|move|p1a: Greninja|Max Darkness|p2a: Groudon
|-damage|p2a: Groudon|12/100
|-unboost|p2a: Groudon|spd|1
|-damage|p1a: Greninja|91/100|[from] item: Life Orb
|move|p2a: Groudon|Stealth Rock|p1a: Greninja
|-sidestart|p1: Lone Thief|move: Stealth Rock
|
|-weather|DesolateLand|[upkeep]
|upkeep
|turn|11
|
|t:|1599749504
|move|p1a: Greninja|Max Darkness|p2a: Groudon
|-crit|p2a: Groudon
|-damage|p2a: Groudon|0 fnt
|-damage|p1a: Greninja|86/100|[from] item: Life Orb
|faint|p2a: Groudon
|-weather|none
|
|-end|p1a: Greninja|Dynamax
|-heal|p1a: Greninja|86/100|[silent]
|upkeep
|inactive|Praise Luccarism has 120 seconds left.
|
|t:|1599749535
|switch|p2a: Xerneas|Xerneas|100/100
|-ability|p2a: Xerneas|Fairy Aura
|turn|12
|
|t:|1599749539
|move|p1a: Greninja|Hydro Pump|p2a: Xerneas
|-damage|p2a: Xerneas|26/100
|-damage|p1a: Greninja|76/100|[from] item: Life Orb
|move|p2a: Xerneas|Geomancy||[still]
|-prepare|p2a: Xerneas|Geomancy
|-enditem|p2a: Xerneas|Power Herb
|-anim|p2a: Xerneas|Geomancy|p2a: Xerneas
|-boost|p2a: Xerneas|spa|2
|-boost|p2a: Xerneas|spd|2
|-boost|p2a: Xerneas|spe|2
|
|upkeep
|turn|13
|
|t:|1599749548
|move|p1a: Greninja|Water Shuriken|p2a: Xerneas
|-damage|p2a: Xerneas|19/100
|-damage|p2a: Xerneas|11/100
|-damage|p2a: Xerneas|5/100
|-hitcount|p2a: Xerneas|3
|-damage|p1a: Greninja|66/100|[from] item: Life Orb
|move|p2a: Xerneas|Moonblast|p1a: Greninja
|-supereffective|p1a: Greninja
|-damage|p1a: Greninja|0 fnt
|faint|p1a: Greninja
|
|upkeep
|
|t:|1599749558
|switch|p1a: Rayquaza|Rayquaza|100/100
|-damage|p1a: Rayquaza|76/100|[from] Stealth Rock
|-ability|p1a: Rayquaza|Air Lock
|turn|14
|
|t:|1599749565
|detailschange|p1a: Rayquaza|Rayquaza-Mega
|-mega|p1a: Rayquaza|Rayquaza|
|-weather|DeltaStream|[from] ability: Delta Stream|[of] p1a: Rayquaza
|move|p1a: Rayquaza|Extreme Speed|p2a: Xerneas
|-crit|p2a: Xerneas
|-damage|p2a: Xerneas|0 fnt
|-damage|p1a: Rayquaza|66/100|[from] item: Life Orb
|faint|p2a: Xerneas
|
|-weather|DeltaStream|[upkeep]
|upkeep
|
|t:|1599749579
|switch|p2a: Rayquaza|Rayquaza|100/100
|-ability|p2a: Rayquaza|Air Lock
|turn|15
|
|t:|1599749583
|detailschange|p2a: Rayquaza|Rayquaza-Mega
|-mega|p2a: Rayquaza|Rayquaza|
|move|p1a: Rayquaza|Draco Meteor|p2a: Rayquaza
|-supereffective|p2a: Rayquaza
|-damage|p2a: Rayquaza|0 fnt
|-unboost|p1a: Rayquaza|spa|2
|-damage|p1a: Rayquaza|56/100|[from] item: Life Orb
|faint|p2a: Rayquaza
|
|-weather|DeltaStream|[upkeep]
|upkeep
|
|t:|1599749596
|switch|p2a: Zacian|Zacian-Crowned|100/100
|-ability|p2a: Zacian|Intrepid Sword|boost
|-boost|p2a: Zacian|atk|1
|turn|16
|
|t:|1599749604
|move|p1a: Rayquaza|Extreme Speed|p2a: Zacian
|-resisted|p2a: Zacian
|-damage|p2a: Zacian|80/100
|-damage|p1a: Rayquaza|46/100|[from] item: Life Orb
|move|p2a: Zacian|Behemoth Blade|p1a: Rayquaza
|-damage|p1a: Rayquaza|0 fnt
|faint|p1a: Rayquaza
|-weather|none
|
|upkeep
|
|t:|1599749613
|switch|p1a: Deoxys|Deoxys-Attack|100/100
|-damage|p1a: Deoxys|88/100|[from] Stealth Rock
|-ability|p1a: Deoxys|Pressure
|turn|17
|
|t:|1599749619
|move|p1a: Deoxys|Drain Punch|p2a: Zacian
|-damage|p2a: Zacian|54/100
|-heal|p1a: Deoxys|100/100|[from] drain|[of] p2a: Zacian
|move|p2a: Zacian|Behemoth Blade|p1a: Deoxys
|-enditem|p1a: Deoxys|Focus Sash
|-damage|p1a: Deoxys|1/100
|
|upkeep
|turn|18
|
|t:|1599749627
|move|p1a: Deoxys|Fire Punch|p2a: Zacian
|-supereffective|p2a: Zacian
|-damage|p2a: Zacian|0 fnt
|faint|p2a: Zacian
|
|upkeep
|
|t:|1599749630
|switch|p2a: Ditto|Ditto|100/100
|-transform|p2a: Ditto|p1a: Deoxys|[from] ability: Imposter
|-ability|p2a: Ditto|Pressure
|turn|19
|
|t:|1599749652
|-start|p2a: Ditto|Dynamax
|-heal|p2a: Ditto|100/100|[silent]
|move|p2a: Ditto|Max Knuckle|p1a: Deoxys
|-resisted|p1a: Deoxys
|-damage|p1a: Deoxys|0 fnt
|-boost|p2a: Ditto|atk|1
|faint|p1a: Deoxys
|
|upkeep
|
|t:|1599749663
|switch|p1a: Groudon|Groudon-Primal|46/100 tox
|-damage|p1a: Groudon|33/100 tox|[from] Stealth Rock
|-weather|DesolateLand|[from] ability: Desolate Land|[of] p1a: Groudon
|turn|20
|
|t:|1599749676
|move|p2a: Ditto|Max Overgrowth|p1a: Groudon
|-damage|p1a: Groudon|0 fnt
|-fieldstart|move: Grassy Terrain
|faint|p1a: Groudon
|-weather|none
|
|upkeep
|
|t:|1599749682
|switch|p1a: Zacian|Zacian-Crowned|100/100
|-damage|p1a: Zacian|94/100|[from] Stealth Rock
|-ability|p1a: Zacian|Intrepid Sword|boost
|-boost|p1a: Zacian|atk|1
|turn|21
|
|t:|1599749687
|move|p2a: Ditto|Max Flare|p1a: Zacian
|-supereffective|p1a: Zacian
|-damage|p1a: Zacian|0 fnt
|-weather|SunnyDay
|faint|p1a: Zacian
|
|-weather|SunnyDay|[upkeep]
|-end|p2a: Ditto|Dynamax
|-heal|p2a: Ditto|100/100|[silent]
|upkeep
|
|t:|1599749694
|switch|p1a: Tyranitar|Tyranitar, M|66/100 tox
|-damage|p1a: Tyranitar|54/100 tox|[from] Stealth Rock
|-weather|Sandstorm|[from] ability: Sand Stream|[of] p1a: Tyranitar
|turn|22
|
|t:|1599749707
|move|p2a: Ditto|Drain Punch|p1a: Tyranitar
|-supereffective|p1a: Tyranitar
|-damage|p1a: Tyranitar|0 fnt
|faint|p1a: Tyranitar
|
|win|Praise Luccarism
|l|☆Lone Thief
||Ladder (probably) updated, but score could not be retrieved (Request timeout).
