|j|☆dsfjisdofij
|j|‽NykterStein
|t:|1663915208
|gametype|singles
|player|p1|dsfjisdofij|265|1426
|player|p2|NykterStein|lady|1452
|teamsize|p1|6
|teamsize|p2|6
|gen|8
|tier|[Gen 8] National Dex AG
|rated|
|rule|HP Percentage Mod: HP is shown in percentages
|rule|Endless Battle Clause: Forcing endless battles is banned
|clearpoke
|poke|p1|Blissey, F|
|poke|p1|Darkrai|
|poke|p1|Flapple, M|
|poke|p1|Landorus-Therian, M|
|poke|p1|Durant, F|
|poke|p1|Giratina-Origin|
|poke|p2|Calyrex-Shadow|
|poke|p2|Lugia|
|poke|p2|Clefable, M|
|poke|p2|Toxapex, F|
|poke|p2|Quagsire, F|
|poke|p2|Tyranitar, F|
|teampreview
|inactive|Battle timer is ON: inactive players will automatically lose when time's up. (requested by NykterStein)
|
|t:|1663915223
|start
|switch|p1a: Blissey|Blissey, F|100/100
|switch|p2a: Clefable|Clefable, M|100/100
|turn|1
|
|t:|1663915228
|move|p2a: Clefable|Minimize|p2a: Clefable
|-boost|p2a: Clefable|evasion|2
|move|p1a: Blissey|Stealth Rock|p2a: Clefable
|-sidestart|p2: NykterStein|move: Stealth Rock
|
|upkeep
|turn|2
|
|t:|1663915235
|move|p2a: Clefable|Minimize|p2a: Clefable
|-boost|p2a: Clefable|evasion|2
|move|p1a: Blissey|Teleport|p1a: Blissey
|
|t:|1663915237
|switch|p1a: Durant|Durant, F|100/100|[from]move: Teleport
|
|upkeep
|turn|3
|
|t:|1663915241
|-start|p1a: Durant|Dynamax|
|-heal|p1a: Durant|100/100|[silent]
|move|p1a: Durant|Max Steelspike|p2a: Clefable
|-supereffective|p2a: Clefable
|-damage|p2a: Clefable|0 fnt
|-boost|p1a: Durant|def|1
|faint|p2a: Clefable
|
|upkeep
|
|t:|1663915251
|switch|p2a: Quagsire|Quagsire, F|100/100
|-damage|p2a: Quagsire|94/100|[from] Stealth Rock
|turn|4
|
|t:|1663915255
|move|p1a: Durant|Max Flutterby|p2a: Quagsire
|-damage|p2a: Quagsire|36/100
|-unboost|p2a: Quagsire|spa|1
|move|p2a: Quagsire|Haze|p2a: Quagsire
|-clearallboost
|
|-heal|p2a: Quagsire|42/100|[from] item: Leftovers
|upkeep
|turn|5
|
|t:|1663915265
|move|p1a: Durant|Max Flutterby|p2a: Quagsire
|-damage|p2a: Quagsire|0 fnt
|faint|p2a: Quagsire
|
|upkeep
|
|t:|1663915273
|switch|p2a: Toxapex|Toxapex, F|100/100
|-damage|p2a: Toxapex|88/100|[from] Stealth Rock
|-end|p1a: Durant|Dynamax
|-heal|p1a: Durant|100/100|[silent]
|turn|6
|
|t:|1663915280
|switch|p1a: Blissey|Blissey, F|100/100
|switch|p2a: Tyranitar|Tyranitar, F|100/100
|-damage|p2a: Tyranitar|88/100|[from] Stealth Rock
|-weather|Sandstorm|[from] ability: Sand Stream|[of] p2a: Tyranitar
|
|-weather|Sandstorm|[upkeep]
|-damage|p1a: Blissey|94/100|[from] Sandstorm
|upkeep
|turn|7
|
|t:|1663915291
|switch|p1a: Landorus|Landorus-Therian, M|100/100
|-ability|p1a: Landorus|Intimidate|boost
|-unboost|p2a: Tyranitar|atk|1
|move|p2a: Tyranitar|Dragon Dance|p2a: Tyranitar
|-boost|p2a: Tyranitar|atk|1
|-boost|p2a: Tyranitar|spe|1
|
|-weather|Sandstorm|[upkeep]
|upkeep
|turn|8
|
|t:|1663915302
|move|p2a: Tyranitar|Stone Edge|p1a: Landorus
|-damage|p1a: Landorus|47/100
|move|p1a: Landorus|Earthquake|p2a: Tyranitar
|-supereffective|p2a: Tyranitar
|-damage|p2a: Tyranitar|0 fnt
|faint|p2a: Tyranitar
|
|-weather|Sandstorm|[upkeep]
|-heal|p1a: Landorus|53/100|[from] item: Leftovers
|upkeep
|
|t:|1663915311
|switch|p2a: Toxapex|Toxapex, F|100/100
|-damage|p2a: Toxapex|88/100|[from] Stealth Rock
|turn|9
|
|t:|1663915315
|move|p1a: Landorus|Substitute|p1a: Landorus
|-start|p1a: Landorus|Substitute
|-damage|p1a: Landorus|28/100
|move|p2a: Toxapex|Toxic||[still]
|-fail|p2a: Toxapex
|
|-weather|Sandstorm|[upkeep]
|-damage|p2a: Toxapex|82/100|[from] Sandstorm
|-heal|p1a: Landorus|34/100|[from] item: Leftovers
|-heal|p2a: Toxapex|88/100|[from] item: Leftovers
|upkeep
|turn|10
|
|t:|1663915324
|move|p1a: Landorus|Gravity|p1a: Landorus
|-fieldstart|move: Gravity
|move|p2a: Toxapex|Gunk Shot|p1a: Landorus
|-resisted|p1a: Landorus
|-activate|p1a: Landorus|move: Substitute|[damage]
|
|-weather|none
|-heal|p1a: Landorus|40/100|[from] item: Leftovers
|-heal|p2a: Toxapex|94/100|[from] item: Leftovers
|upkeep
|turn|11
|
|t:|1663915332
|move|p1a: Landorus|Swords Dance|p1a: Landorus
|-boost|p1a: Landorus|atk|2
|move|p2a: Toxapex|Gunk Shot|p1a: Landorus
|-resisted|p1a: Landorus
|-end|p1a: Landorus|Substitute
|
|-heal|p1a: Landorus|46/100|[from] item: Leftovers
|-heal|p2a: Toxapex|100/100|[from] item: Leftovers
|upkeep
|turn|12
|
|t:|1663915347
|move|p1a: Landorus|Substitute|p1a: Landorus
|-start|p1a: Landorus|Substitute
|-damage|p1a: Landorus|21/100
|move|p2a: Toxapex|Gunk Shot|p1a: Landorus
|-resisted|p1a: Landorus
|-activate|p1a: Landorus|move: Substitute|[damage]
|
|-heal|p1a: Landorus|27/100|[from] item: Leftovers
|upkeep
|turn|13
|
|t:|1663915355
|move|p1a: Landorus|Swords Dance|p1a: Landorus
|-boost|p1a: Landorus|atk|2
|move|p2a: Toxapex|Gunk Shot|p1a: Landorus
|-resisted|p1a: Landorus
|-crit|p1a: Landorus
|-end|p1a: Landorus|Substitute
|
|-heal|p1a: Landorus|33/100|[from] item: Leftovers
|upkeep
|turn|14
|
|t:|1663915363
|move|p1a: Landorus|Substitute|p1a: Landorus
|-start|p1a: Landorus|Substitute
|-damage|p1a: Landorus|8/100
|move|p2a: Toxapex|Gunk Shot|p1a: Landorus
|-resisted|p1a: Landorus
|-activate|p1a: Landorus|move: Substitute|[damage]
|
|-heal|p1a: Landorus|14/100|[from] item: Leftovers
|-fieldend|move: Gravity
|upkeep
|turn|15
|
|t:|1663915371
|move|p1a: Landorus|Earthquake|p2a: Toxapex
|-supereffective|p2a: Toxapex
|-damage|p2a: Toxapex|0 fnt
|faint|p2a: Toxapex
|
|-heal|p1a: Landorus|20/100|[from] item: Leftovers
|upkeep
|
|t:|1663915378
|switch|p2a: Lugia|Lugia|100/100
|-damage|p2a: Lugia|76/100|[from] Stealth Rock
|turn|16
|
|t:|1663915383
|-start|p2a: Lugia|Dynamax|
|-heal|p2a: Lugia|76/100|[silent]
|move|p1a: Landorus|Gravity|p1a: Landorus
|-fieldstart|move: Gravity
|move|p2a: Lugia|Max Airstream|p1a: Landorus
|-end|p1a: Landorus|Substitute
|-boost|p2a: Lugia|spe|1
|
|-heal|p1a: Landorus|26/100|[from] item: Leftovers
|upkeep
|turn|17
|
|t:|1663915395
|switch|p1a: Blissey|Blissey, F|94/100
|move|p2a: Lugia|Max Airstream|p1a: Blissey
|-damage|p1a: Blissey|73/100
|-boost|p2a: Lugia|spe|1
|
|upkeep
|turn|18
|
|t:|1663915404
|move|p2a: Lugia|Max Quake|p1a: Blissey
|-damage|p1a: Blissey|47/100
|-boost|p2a: Lugia|spd|1
|move|p1a: Blissey|Soft-Boiled|p1a: Blissey
|-heal|p1a: Blissey|97/100
|
|upkeep
|-end|p2a: Lugia|Dynamax
|-heal|p2a: Lugia|76/100|[silent]
|turn|19
|
|t:|1663915415
|move|p2a: Lugia|Calm Mind|p2a: Lugia
|-boost|p2a: Lugia|spa|1
|-boost|p2a: Lugia|spd|1
|move|p1a: Blissey|Teleport|p1a: Blissey
|
|t:|1663915417
|switch|p1a: Giratina|Giratina-Origin|100/100|[from]move: Teleport
|
|upkeep
|turn|20
|
|t:|1663915423
|move|p2a: Lugia|Calm Mind|p2a: Lugia
|-boost|p2a: Lugia|spa|1
|-boost|p2a: Lugia|spd|1
|move|p1a: Giratina|Poltergeist|p2a: Lugia
|-activate|p2a: Lugia|move: Poltergeist|Weakness Policy
|-supereffective|p2a: Lugia
|-damage|p2a: Lugia|0 fnt
|faint|p2a: Lugia
|
|-fieldend|move: Gravity
|upkeep
|
|t:|1663915431
|switch|p2a: Calyrex|Calyrex-Shadow|100/100
|-ability|p2a: Calyrex|As One
|-ability|p2a: Calyrex|Unnerve
|-damage|p2a: Calyrex|88/100|[from] Stealth Rock
|turn|21
|
|t:|1663915443
|switch|p1a: Blissey|Blissey, F|97/100
|move|p2a: Calyrex|Astral Barrage|p1a: Blissey
|-immune|p1a: Blissey
|
|upkeep
|turn|22
|
|t:|1663915451
|move|p2a: Calyrex|Nasty Plot|p2a: Calyrex
|-boost|p2a: Calyrex|spa|2
|move|p1a: Blissey|Gravity|p1a: Blissey
|-fieldstart|move: Gravity
|
|upkeep
|turn|23
|
|t:|1663915458
|move|p2a: Calyrex|Psyshock|p1a: Blissey
|-damage|p1a: Blissey|15/100
|move|p1a: Blissey|Teleport|p1a: Blissey
|
|t:|1663915462
|switch|p1a: Durant|Durant, F|100/100|[from]move: Teleport
|
|upkeep
|turn|24
|
|t:|1663915467
|move|p1a: Durant|First Impression|p2a: Calyrex
|-damage|p2a: Calyrex|0 fnt
|faint|p2a: Calyrex
|
|win|dsfjisdofij
|raw|dsfjisdofij's rating: 1426 &rarr; <strong>1447</strong><br />(+21 for winning)
|raw|NykterStein's rating: 1452 &rarr; <strong>1431</strong><br />(-21 for losing)
