|j|☆Jdison13
|j|☆iHaveAsthma
|t:|1638720753
|gametype|singles
|player|p1|Jdison13|steven|1573
|player|p2|iHaveAsthma|doctor|1744
|teamsize|p1|6
|teamsize|p2|6
|gen|8
|tier|[Gen 8] National Dex AG
|rated|
|rule|HP Percentage Mod: HP is shown in percentages
|rule|Endless Battle Clause: Forcing endless battles is banned
|clearpoke
|poke|p1|Smeargle, M|
|poke|p1|Vivillon, M|
|poke|p1|Xerneas-*|
|poke|p1|Landorus-Therian, M|
|poke|p1|Arceus-*|
|poke|p1|Kartana|
|poke|p2|Rayquaza|
|poke|p2|Lugia|
|poke|p2|Arceus-*|
|poke|p2|Arceus-*|
|poke|p2|Darmanitan-Galar, M|
|poke|p2|Smeargle, F|
|teampreview
|
|t:|1638720760
|start
|switch|p1a: Vivillon|Vivillon, M|100/100
|switch|p2a: Rayquaza|Rayquaza|100/100
|-ability|p2a: Rayquaza|Air Lock
|turn|1
|
|t:|1638720782
|switch|p1a: Arceus|Arceus-Ghost|100/100
|detailschange|p2a: Rayquaza|Rayquaza-Mega
|-mega|p2a: Rayquaza|Rayquaza|
|-weather|DeltaStream|[from] ability: Delta Stream|[of] p2a: Rayquaza
|move|p2a: Rayquaza|Dragon Ascent|p1a: Arceus
|-damage|p1a: Arceus|38/100
|-unboost|p2a: Rayquaza|def|1
|-unboost|p2a: Rayquaza|spd|1
|
|-weather|DeltaStream|[upkeep]
|upkeep
|turn|2
|inactive|Battle timer is ON: inactive players will automatically lose when time's up. (requested by Jdison13)
|
|t:|1638720790
|move|p1a: Arceus|Extreme Speed|p2a: Rayquaza
|-damage|p2a: Rayquaza|56/100
|move|p2a: Rayquaza|Dragon Dance|p2a: Rayquaza
|-boost|p2a: Rayquaza|atk|1
|-boost|p2a: Rayquaza|spe|1
|
|-weather|DeltaStream|[upkeep]
|upkeep
|turn|3
|
|t:|1638720807
|move|p1a: Arceus|Extreme Speed|p2a: Rayquaza
|-damage|p2a: Rayquaza|15/100
|move|p2a: Rayquaza|Dragon Ascent|p1a: Arceus
|-damage|p1a: Arceus|0 fnt
|-unboost|p2a: Rayquaza|def|1
|-unboost|p2a: Rayquaza|spd|1
|faint|p1a: Arceus
|
|-weather|DeltaStream|[upkeep]
|upkeep
|
|t:|1638720815
|switch|p1a: Smeargle|Smeargle, M|100/100
|turn|4
|
|t:|1638720829
|move|p2a: Rayquaza|Dragon Ascent|p1a: Smeargle
|-enditem|p1a: Smeargle|Focus Sash
|-damage|p1a: Smeargle|1/100
|-unboost|p2a: Rayquaza|def|1
|-unboost|p2a: Rayquaza|spd|1
|move|p1a: Smeargle|Sticky Web|p2a: Rayquaza
|-sidestart|p2: iHaveAsthma|move: Sticky Web
|
|-weather|DeltaStream|[upkeep]
|upkeep
|turn|5
|
|t:|1638720837
|move|p2a: Rayquaza|Extreme Speed|p1a: Smeargle
|-damage|p1a: Smeargle|0 fnt
|faint|p1a: Smeargle
|
|-weather|DeltaStream|[upkeep]
|upkeep
|
|t:|1638720842
|switch|p1a: Landorus|Landorus-Therian, M|100/100
|-ability|p1a: Landorus|Intimidate|boost
|-unboost|p2a: Rayquaza|atk|1
|turn|6
|
|t:|1638720850
|move|p2a: Rayquaza|Dragon Ascent|p1a: Landorus
|-damage|p1a: Landorus|3/100
|-unboost|p2a: Rayquaza|def|1
|-unboost|p2a: Rayquaza|spd|1
|move|p1a: Landorus|Explosion|p2a: Rayquaza
|-damage|p2a: Rayquaza|0 fnt
|faint|p1a: Landorus
|faint|p2a: Rayquaza
|-weather|none
|
|upkeep
|
|t:|1638720860
|switch|p2a: Lugia|Lugia|100/100
|switch|p1a: Vivillon|Vivillon, M|100/100
|turn|7
|
|t:|1638720863
|move|p1a: Vivillon|Sleep Powder|p2a: Lugia
|-status|p2a: Lugia|slp|[from] move: Sleep Powder
|cant|p2a: Lugia|slp
|
|upkeep
|turn|8
|
|t:|1638720868
|move|p1a: Vivillon|Substitute|p1a: Vivillon
|-start|p1a: Vivillon|Substitute
|-damage|p1a: Vivillon|76/100
|cant|p2a: Lugia|slp
|
|-heal|p1a: Vivillon|82/100|[from] item: Leftovers
|upkeep
|turn|9
|
|t:|1638720870
|move|p1a: Vivillon|Quiver Dance|p1a: Vivillon
|-boost|p1a: Vivillon|spa|1
|-boost|p1a: Vivillon|spd|1
|-boost|p1a: Vivillon|spe|1
|-curestatus|p2a: Lugia|slp|[msg]
|move|p2a: Lugia|Roar|p1a: Vivillon
|drag|p1a: Xerneas|Xerneas|100/100
|-ability|p1a: Xerneas|Fairy Aura
|
|upkeep
|turn|10
|
|t:|1638720877
|move|p1a: Xerneas|Moonblast|p2a: Lugia
|-damage|p2a: Lugia|82/100
|-unboost|p2a: Lugia|spa|1
|move|p2a: Lugia|Defog|p1a: Xerneas
|-unboost|p1a: Xerneas|evasion|1
|-sideend|p2: iHaveAsthma|Sticky Web|[from] move: Defog|[of] p2a: Lugia
|
|upkeep
|turn|11
|
|t:|1638720882
|move|p1a: Xerneas|Moonblast|p2a: Lugia
|-damage|p2a: Lugia|42/100
|move|p2a: Lugia|Thunder Wave|p1a: Xerneas
|-status|p1a: Xerneas|par
|
|upkeep
|turn|12
|
|t:|1638720905
|move|p2a: Lugia|Roost|p2a: Lugia
|-heal|p2a: Lugia|92/100
|-singleturn|p2a: Lugia|move: Roost
|move|p1a: Xerneas|Moonblast|p2a: Lugia
|-damage|p2a: Lugia|54/100
|-unboost|p2a: Lugia|spa|1
|
|upkeep
|turn|13
|
|t:|1638720917
|move|p2a: Lugia|Roost|p2a: Lugia
|-heal|p2a: Lugia|100/100
|-singleturn|p2a: Lugia|move: Roost
|move|p1a: Xerneas|Moonblast|p2a: Lugia
|-damage|p2a: Lugia|81/100
|
|upkeep
|turn|14
|
|t:|1638720924
|move|p2a: Lugia|Defog|p1a: Xerneas
|-unboost|p1a: Xerneas|evasion|1
|cant|p1a: Xerneas|par
|
|upkeep
|turn|15
|
|t:|1638720928
|switch|p2a: Smeargle|Smeargle, F|100/100
|move|p1a: Xerneas|Thunder|p2a: Smeargle
|-damage|p2a: Smeargle|11/100
|
|-ability|p2a: Smeargle|Moody|boost
|-boost|p2a: Smeargle|spa|2
|-unboost|p2a: Smeargle|spd|1
|upkeep
|turn|16
|
|t:|1638720935
|switch|p1a: Kartana|Kartana|100/100
|move|p2a: Smeargle|Stealth Rock|p1a: Kartana
|-sidestart|p1: Jdison13|move: Stealth Rock
|
|-ability|p2a: Smeargle|Moody|boost
|-boost|p2a: Smeargle|spd|2
|-unboost|p2a: Smeargle|spa|1
|upkeep
|turn|17
|
|t:|1638720940
|-start|p1a: Kartana|Dynamax
|-heal|p1a: Kartana|100/100|[silent]
|move|p1a: Kartana|Max Airstream|p2a: Smeargle
|-damage|p2a: Smeargle|0 fnt
|-boost|p1a: Kartana|spe|1
|faint|p2a: Smeargle
|-ability|p1a: Kartana|Beast Boost|boost
|-boost|p1a: Kartana|atk|1
|-damage|p1a: Kartana|96/100|[from] item: Life Orb
|
|upkeep
|
|t:|1638720944
|switch|p2a: Lugia|Lugia|81/100
|turn|18
|
|t:|1638720949
|move|p1a: Kartana|Max Steelspike|p2a: Lugia
|-damage|p2a: Lugia|0 fnt
|-boost|p1a: Kartana|def|1
|faint|p2a: Lugia
|-ability|p1a: Kartana|Beast Boost|boost
|-boost|p1a: Kartana|atk|1
|-damage|p1a: Kartana|91/100|[from] item: Life Orb
|
|upkeep
|
|t:|1638720960
|switch|p2a: Arceus|Arceus-Ground|100/100
|turn|19
|
|t:|1638720964
|move|p1a: Kartana|Max Overgrowth|p2a: Arceus
|-supereffective|p2a: Arceus
|-damage|p2a: Arceus|0 fnt
|-fieldstart|move: Grassy Terrain
|faint|p2a: Arceus
|-ability|p1a: Kartana|Beast Boost|boost
|-boost|p1a: Kartana|atk|1
|-damage|p1a: Kartana|86/100|[from] item: Life Orb
|
|-heal|p1a: Kartana|89/100|[from] Grassy Terrain
|-end|p1a: Kartana|Dynamax
|-heal|p1a: Kartana|89/100|[silent]
|upkeep
|
|t:|1638720967
|switch|p2a: Arceus|Arceus-Flying|100/100
|turn|20
|
|t:|1638720970
|-start|p2a: Arceus|Dynamax
|-heal|p2a: Arceus|100/100|[silent]
|move|p1a: Kartana|Smart Strike|p2a: Arceus
|-damage|p2a: Arceus|46/100
|-damage|p1a: Kartana|80/100|[from] item: Life Orb
|move|p2a: Arceus|Max Airstream|p1a: Kartana
|-damage|p1a: Kartana|17/100
|-boost|p2a: Arceus|spe|1
|
|-heal|p1a: Kartana|23/100|[from] Grassy Terrain
|upkeep
|turn|21
|
|t:|1638720978
|move|p1a: Kartana|Smart Strike|p2a: Arceus
|-damage|p2a: Arceus|0 fnt
|faint|p2a: Arceus
|-ability|p1a: Kartana|Beast Boost|boost
|-boost|p1a: Kartana|atk|1
|-damage|p1a: Kartana|14/100|[from] item: Life Orb
|
|-heal|p1a: Kartana|20/100|[from] Grassy Terrain
|upkeep
|
|t:|1638720991
|switch|p2a: Darmanitan|Darmanitan-Galar, M|100/100
|turn|22
|
|t:|1638720994
|move|p1a: Kartana|Smart Strike|p2a: Darmanitan
|-supereffective|p2a: Darmanitan
|-damage|p2a: Darmanitan|0 fnt
|faint|p2a: Darmanitan
|-damage|p1a: Kartana|10/100|[from] item: Life Orb
|
|win|Jdison13
|raw|Jdison13's rating: 1573 &rarr; <strong>1603</strong><br />(+30 for winning)
|raw|iHaveAsthma's rating: 1755 &rarr; <strong>1725</strong><br />(-30 for losing)
|l|☆iHaveAsthma
||Ladder isn't responding, score probably updated but might not have (Request timeout).
