|j|☆Pkmn3443
|j|☆Log4j
|t:|1618000241
|gametype|singles
|player|p1|Pkmn3443|266|1885
|player|p2|Log4j|2|1756
|teamsize|p1|6
|teamsize|p2|6
|gen|8
|tier|[Gen 8] National Dex AG
|rated|
|clearpoke
|poke|p1|Zacian-Crowned|
|poke|p1|Necrozma-Dusk-Mane|
|poke|p1|Ditto|
|poke|p1|Ho-Oh|
|poke|p1|Rayquaza|
|poke|p1|Yveltal|
|poke|p2|Kyogre|
|poke|p2|Zacian-Crowned|
|poke|p2|Yveltal|
|poke|p2|Calyrex-Shadow|
|poke|p2|Ho-Oh|
|poke|p2|Ditto|
|rule|HP Percentage Mod: HP is shown in percentages
|rule|Endless Battle Clause: Forcing endless battles is banned
|teampreview
|
|t:|1618000251
|start
|switch|p1a: Rayquaza|Rayquaza|100/100
|switch|p2a: Yveltal|Yveltal|100/100
|-ability|p2a: Yveltal|Dark Aura
|-ability|p1a: Rayquaza|Air Lock
|turn|1
|
|t:|1618000261
|detailschange|p1a: Rayquaza|Rayquaza-Mega
|-mega|p1a: Rayquaza|Rayquaza|
|-weather|DeltaStream|[from] ability: Delta Stream|[of] p1a: Rayquaza
|-start|p2a: Yveltal|Dynamax
|-heal|p2a: Yveltal|100/100|[silent]
|move|p1a: Rayquaza|Draco Meteor|p2a: Yveltal
|-damage|p2a: Yveltal|54/100
|-unboost|p1a: Rayquaza|spa|2
|-damage|p1a: Rayquaza|91/100|[from] item: Life Orb
|move|p2a: Yveltal|Max Airstream|p1a: Rayquaza
|-damage|p1a: Rayquaza|0 fnt
|-boost|p2a: Yveltal|spe|1
|-damage|p2a: Yveltal|49/100|[from] item: Life Orb
|faint|p1a: Rayquaza
|-weather|none
|
|upkeep
|
|t:|1618000267
|switch|p1a: Ho-Oh|Ho-Oh|100/100
|turn|2
|
|t:|1618000275
|move|p2a: Yveltal|Max Darkness|p1a: Ho-Oh
|-crit|p1a: Ho-Oh
|-damage|p1a: Ho-Oh|9/100
|-unboost|p1a: Ho-Oh|spd|1
|-damage|p2a: Yveltal|44/100|[from] item: Life Orb
|move|p1a: Ho-Oh|Toxic|p2a: Yveltal
|-status|p2a: Yveltal|tox
|
|-damage|p2a: Yveltal|41/100 tox|[from] psn
|upkeep
|turn|3
|
|t:|1618000291
|switch|p1a: Zacian|Zacian-Crowned|100/100
|-ability|p1a: Zacian|Intrepid Sword|boost
|-boost|p1a: Zacian|atk|1
|move|p2a: Yveltal|Max Darkness|p1a: Zacian
|-resisted|p1a: Zacian
|-damage|p1a: Zacian|45/100
|-unboost|p1a: Zacian|spd|1
|-damage|p2a: Yveltal|36/100 tox|[from] item: Life Orb
|
|-damage|p2a: Yveltal|30/100 tox|[from] psn
|-end|p2a: Yveltal|Dynamax
|-heal|p2a: Yveltal|30/100 tox|[silent]
|upkeep
|turn|4
|
|t:|1618000312
|move|p2a: Yveltal|Focus Blast|p1a: Zacian|[miss]
|-miss|p2a: Yveltal|p1a: Zacian
|move|p1a: Zacian|Behemoth Blade|p2a: Yveltal
|-damage|p2a: Yveltal|0 fnt
|faint|p2a: Yveltal
|
|upkeep
|
|t:|1618000328
|switch|p2a: Ditto|Ditto|100/100
|-transform|p2a: Ditto|p1a: Zacian|[from] ability: Imposter
|-ability|p2a: Ditto|Intrepid Sword|boost
|-boost|p2a: Ditto|atk|1
|turn|5
|
|t:|1618000332
|move|p2a: Ditto|Behemoth Blade|p1a: Zacian
|-damage|p1a: Zacian|0 fnt
|faint|p1a: Zacian
|
|upkeep
|
|t:|1618000335
|switch|p1a: Necrozma|Necrozma-Dusk-Mane|100/100
|turn|6
|
|t:|1618000339
|switch|p2a: Ho-Oh|Ho-Oh|100/100
|move|p1a: Necrozma|Stealth Rock|p2a: Ho-Oh
|-sidestart|p2: Log4j|move: Stealth Rock
|
|upkeep
|turn|7
|
|t:|1618000346
|switch|p1a: Ho-Oh|Ho-Oh|42/100
|move|p2a: Ho-Oh|Defog|p1a: Ho-Oh
|-unboost|p1a: Ho-Oh|evasion|1
|-sideend|p2: Log4j|Stealth Rock|[from] move: Defog|[of] p2a: Ho-Oh
|
|upkeep
|turn|8
|
|t:|1618000351
|switch|p1a: Ditto|Ditto|100/100
|-transform|p1a: Ditto|p2a: Ho-Oh|[from] ability: Imposter
|move|p2a: Ho-Oh|Toxic|p1a: Ditto
|-status|p1a: Ditto|tox
|
|-damage|p1a: Ditto|94/100 tox|[from] psn
|upkeep
|turn|9
|
|t:|1618000359
|switch|p2a: Zacian|Zacian-Crowned|100/100
|-ability|p2a: Zacian|Intrepid Sword|boost
|-boost|p2a: Zacian|atk|1
|move|p1a: Ditto|Toxic|p2a: Zacian
|-immune|p2a: Zacian
|
|-damage|p1a: Ditto|82/100 tox|[from] psn
|upkeep
|turn|10
|
|t:|1618000370
|switch|p2a: Kyogre|Kyogre|100/100
|-weather|RainDance|[from] ability: Drizzle|[of] p2a: Kyogre
|switch|p1a: Necrozma|Necrozma-Dusk-Mane|100/100
|
|-weather|RainDance|[upkeep]
|upkeep
|turn|11
|
|t:|1618000386
|move|p2a: Kyogre|Water Spout|p1a: Necrozma
|-damage|p1a: Necrozma|0 fnt
|faint|p1a: Necrozma
|
|-weather|RainDance|[upkeep]
|upkeep
|
|t:|1618000389
|switch|p1a: Yveltal|Yveltal|100/100
|-ability|p1a: Yveltal|Dark Aura
|turn|12
|
|t:|1618000398
|switch|p2a: Ho-Oh|Ho-Oh|100/100
|-start|p1a: Yveltal|Dynamax
|-heal|p1a: Yveltal|100/100|[silent]
|move|p1a: Yveltal|Max Airstream|p2a: Ho-Oh
|-damage|p2a: Ho-Oh|49/100
|-boost|p1a: Yveltal|spe|1
|-damage|p1a: Yveltal|96/100|[from] item: Life Orb
|
|-weather|RainDance|[upkeep]
|upkeep
|turn|13
|
|t:|1618000402
|switch|p2a: Zacian|Zacian-Crowned|100/100
|-ability|p2a: Zacian|Intrepid Sword|boost
|-boost|p2a: Zacian|atk|1
|move|p1a: Yveltal|Max Darkness|p2a: Zacian
|-resisted|p2a: Zacian
|-crit|p2a: Zacian
|-damage|p2a: Zacian|35/100
|-unboost|p2a: Zacian|spd|1
|-damage|p1a: Yveltal|91/100|[from] item: Life Orb
|
|-weather|RainDance|[upkeep]
|upkeep
|turn|14
|
|t:|1618000412
|move|p1a: Yveltal|Max Darkness|p2a: Zacian
|-resisted|p2a: Zacian
|-damage|p2a: Zacian|0 fnt
|-damage|p1a: Yveltal|86/100|[from] item: Life Orb
|faint|p2a: Zacian
|
|-weather|none
|-end|p1a: Yveltal|Dynamax
|-heal|p1a: Yveltal|86/100|[silent]
|upkeep
|
|t:|1618000417
|switch|p2a: Ho-Oh|Ho-Oh|82/100
|turn|15
|
|t:|1618000422
|move|p1a: Yveltal|Knock Off|p2a: Ho-Oh
|-damage|p2a: Ho-Oh|32/100
|-enditem|p2a: Ho-Oh|Heavy-Duty Boots|[from] move: Knock Off|[of] p1a: Yveltal
|-damage|p1a: Yveltal|76/100|[from] item: Life Orb
|move|p2a: Ho-Oh|Sacred Fire|p1a: Yveltal
|-damage|p1a: Yveltal|35/100
|-status|p1a: Yveltal|brn
|
|-damage|p1a: Yveltal|29/100 brn|[from] brn
|upkeep
|turn|16
|
|t:|1618000432
|move|p1a: Yveltal|Oblivion Wing|p2a: Ho-Oh
|-damage|p2a: Ho-Oh|0 fnt
|-heal|p1a: Yveltal|54/100 brn|[from] drain|[of] p2a: Ho-Oh
|-damage|p1a: Yveltal|44/100 brn|[from] item: Life Orb
|faint|p2a: Ho-Oh
|
|-damage|p1a: Yveltal|38/100 brn|[from] brn
|upkeep
|
|t:|1618000441
|switch|p2a: Kyogre|Kyogre|100/100
|-weather|RainDance|[from] ability: Drizzle|[of] p2a: Kyogre
|turn|17
|
|t:|1618000448
|move|p1a: Yveltal|Knock Off|p2a: Kyogre
|-damage|p2a: Kyogre|63/100
|-enditem|p2a: Kyogre|Choice Scarf|[from] move: Knock Off|[of] p1a: Yveltal
|-damage|p1a: Yveltal|28/100 brn|[from] item: Life Orb
|move|p2a: Kyogre|Thunder|p1a: Yveltal
|-supereffective|p1a: Yveltal
|-damage|p1a: Yveltal|0 fnt
|faint|p1a: Yveltal
|
|-weather|RainDance|[upkeep]
|upkeep
|
|t:|1618000452
|switch|p1a: Ditto|Ditto|100/100 tox
|-transform|p1a: Ditto|p2a: Kyogre|[from] ability: Imposter
|turn|18
|
|t:|1618000461
|switch|p2a: Ditto|Ditto|100/100
|move|p1a: Ditto|Thunder|p2a: Ditto
|-damage|p2a: Ditto|0 fnt
|faint|p2a: Ditto
|
|-weather|RainDance|[upkeep]
|-damage|p1a: Ditto|94/100 tox|[from] psn
|upkeep
|
|t:|1618000464
|switch|p2a: Calyrex|Calyrex-Shadow|100/100
|-ability|p2a: Calyrex|As One
|-ability|p2a: Calyrex|Unnerve
|turn|19
|
|t:|1618000469
|move|p1a: Ditto|Thunder|p2a: Calyrex
|-damage|p2a: Calyrex|58/100
|move|p2a: Calyrex|Astral Barrage|p1a: Ditto
|-crit|p1a: Ditto
|-damage|p1a: Ditto|1/100 tox
|
|-weather|RainDance|[upkeep]
|-damage|p1a: Ditto|0 fnt|[from] psn
|faint|p1a: Ditto
|upkeep
|
|t:|1618000472
|switch|p1a: Ho-Oh|Ho-Oh|75/100
|turn|20
|
|t:|1618000479
|move|p2a: Calyrex|Astral Barrage|p1a: Ho-Oh
|-damage|p1a: Ho-Oh|34/100
|move|p1a: Ho-Oh|Sacred Fire|p2a: Calyrex
|-damage|p2a: Calyrex|34/100
|
|-weather|RainDance|[upkeep]
|upkeep
|turn|21
|
|t:|1618000482
|move|p2a: Calyrex|Psyshock|p1a: Ho-Oh
|-damage|p1a: Ho-Oh|0 fnt
|faint|p1a: Ho-Oh
|
|win|Log4j
|raw|Pkmn3443's rating: 1886 &rarr; <strong>1859</strong><br />(-27 for losing)
|raw|Log4j's rating: 1756 &rarr; <strong>1783</strong><br />(+27 for winning)
|l|☆Pkmn3443
||Ladder isn't responding, score probably updated but might not have (Request timeout).
