|j|☆85792195wwww
|j|☆Alice_Finnemore
|t:|1665193399
|gametype|singles
|player|p1|85792195wwww|266|1846
|player|p2|Alice_Finnemore|cynthia-masters|1714
|teamsize|p1|6
|teamsize|p2|6
|gen|8
|tier|[Gen 8] National Dex AG
|rated|
|rule|HP Percentage Mod: HP is shown in percentages
|rule|Endless Battle Clause: Forcing endless battles is banned
|clearpoke
|poke|p1|Kyogre|
|poke|p1|Zacian-*|
|poke|p1|Rayquaza|
|poke|p1|Marshadow|
|poke|p1|Ditto|
|poke|p1|Arceus-*|
|poke|p2|Diancie|
|poke|p2|Ho-Oh|
|poke|p2|Giratina-Origin|
|poke|p2|Yveltal|
|poke|p2|Groudon|
|poke|p2|Arceus-*|
|teampreview
|
|t:|1665193408
|start
|switch|p1a: Zacian|Zacian-Crowned|100/100
|switch|p2a: Diancie|Diancie|100/100
|-ability|p1a: Zacian|Intrepid Sword|boost
|-boost|p1a: Zacian|atk|1
|turn|1
|inactive|Battle timer is ON: inactive players will automatically lose when time's up. (requested by Alice_Finnemore)
|
|t:|1665193420
|detailschange|p2a: Diancie|Diancie-Mega
|-mega|p2a: Diancie|Diancie|Diancite
|move|p2a: Diancie|Protect|p2a: Diancie
|-singleturn|p2a: Diancie|Protect
|move|p1a: Zacian|Substitute|p1a: Zacian
|-start|p1a: Zacian|Substitute
|-damage|p1a: Zacian|76/100
|
|upkeep
|turn|2
|
|t:|1665193428
|switch|p2a: Ho-Oh|Ho-Oh|100/100
|move|p1a: Zacian|Behemoth Blade|p2a: Ho-Oh
|-resisted|p2a: Ho-Oh
|-damage|p2a: Ho-Oh|50/100
|
|upkeep
|turn|3
|
|t:|1665193436
|switch|p2a: Groudon|Groudon|100/100
|detailschange|p2a: Groudon|Groudon-Primal
|-primal|p2a: Groudon
|-weather|DesolateLand|[from] ability: Desolate Land|[of] p2a: Groudon
|move|p1a: Zacian|Behemoth Blade|p2a: Groudon
|-resisted|p2a: Groudon
|-damage|p2a: Groudon|70/100
|
|-weather|DesolateLand|[upkeep]
|upkeep
|turn|4
|
|t:|1665193446
|move|p1a: Zacian|Close Combat|p2a: Groudon
|-damage|p2a: Groudon|20/100
|-unboost|p1a: Zacian|def|1
|-unboost|p1a: Zacian|spd|1
|move|p2a: Groudon|Earthquake|p1a: Zacian
|-supereffective|p1a: Zacian
|-end|p1a: Zacian|Substitute
|
|-weather|DesolateLand|[upkeep]
|upkeep
|turn|5
|
|t:|1665193456
|move|p1a: Zacian|Behemoth Blade|p2a: Groudon
|-resisted|p2a: Groudon
|-damage|p2a: Groudon|0 fnt
|faint|p2a: Groudon
|-weather|none
|
|upkeep
|
|t:|1665193458
|switch|p2a: Ho-Oh|Ho-Oh|83/100
|turn|6
|
|t:|1665193464
|switch|p1a: Kyogre|Kyogre|100/100
|detailschange|p1a: Kyogre|Kyogre-Primal
|-primal|p1a: Kyogre
|-weather|PrimordialSea|[from] ability: Primordial Sea|[of] p1a: Kyogre
|-start|p2a: Ho-Oh|Dynamax|
|-heal|p2a: Ho-Oh|83/100|[silent]
|move|p2a: Ho-Oh|Max Airstream|p1a: Kyogre
|-damage|p1a: Kyogre|30/100
|-boost|p2a: Ho-Oh|spe|1
|
|-weather|PrimordialSea|[upkeep]
|upkeep
|turn|7
|
|t:|1665193478
|-weather|none
|switch|p1a: Arceus|Arceus-Electric|100/100
|move|p2a: Ho-Oh|Max Airstream|p1a: Arceus
|-resisted|p1a: Arceus
|-damage|p1a: Arceus|72/100
|-boost|p2a: Ho-Oh|spe|1
|
|upkeep
|turn|8
|
|t:|1665193488
|move|p2a: Ho-Oh|Max Flare|p1a: Arceus
|-damage|p1a: Arceus|16/100
|-weather|SunnyDay
|move|p1a: Arceus|Stealth Rock|p2a: Ho-Oh
|-sidestart|p2: Alice_Finnemore|move: Stealth Rock
|
|-weather|SunnyDay|[upkeep]
|upkeep
|-end|p2a: Ho-Oh|Dynamax
|-heal|p2a: Ho-Oh|83/100|[silent]
|turn|9
|
|t:|1665193505
|move|p2a: Ho-Oh|Brave Bird|p1a: Arceus
|-resisted|p1a: Arceus
|-damage|p1a: Arceus|0 fnt
|faint|p1a: Arceus
|-damage|p2a: Ho-Oh|79/100|[from] Recoil
|
|-weather|SunnyDay|[upkeep]
|upkeep
|
|t:|1665193513
|switch|p1a: Rayquaza|Rayquaza|100/100
|-ability|p1a: Rayquaza|Air Lock
|turn|10
|
|t:|1665193519
|detailschange|p1a: Rayquaza|Rayquaza-Mega
|-mega|p1a: Rayquaza|Rayquaza|
|-weather|DeltaStream|[from] ability: Delta Stream|[of] p1a: Rayquaza
|move|p2a: Ho-Oh|Brave Bird|p1a: Rayquaza
|-damage|p1a: Rayquaza|33/100
|-damage|p2a: Ho-Oh|60/100|[from] Recoil
|move|p1a: Rayquaza|Dragon Ascent|p2a: Ho-Oh
|-damage|p2a: Ho-Oh|0 fnt
|-unboost|p1a: Rayquaza|def|1
|-unboost|p1a: Rayquaza|spd|1
|faint|p2a: Ho-Oh
|
|-weather|DeltaStream|[upkeep]
|upkeep
|
|t:|1665193522
|switch|p2a: Giratina|Giratina-Origin|100/100
|-damage|p2a: Giratina|88/100|[from] Stealth Rock
|turn|11
|
|t:|1665193540
|-weather|none
|switch|p1a: Kyogre|Kyogre-Primal|30/100
|-weather|PrimordialSea|[from] ability: Primordial Sea|[of] p1a: Kyogre
|move|p2a: Giratina|Defog|p1a: Kyogre
|-unboost|p1a: Kyogre|evasion|1
|-sideend|p2: Alice_Finnemore|Stealth Rock|[from] move: Defog|[of] p2a: Giratina
|
|-weather|PrimordialSea|[upkeep]
|upkeep
|turn|12
|
|t:|1665193550
|move|p2a: Giratina|Shadow Sneak|p1a: Kyogre
|-damage|p1a: Kyogre|12/100
|move|p1a: Kyogre|Ice Beam|p2a: Giratina
|-supereffective|p2a: Giratina
|-damage|p2a: Giratina|32/100
|
|-weather|PrimordialSea|[upkeep]
|upkeep
|turn|13
|
|t:|1665193560
|-weather|none
|switch|p1a: Zacian|Zacian-Crowned|76/100
|-ability|p1a: Zacian|Intrepid Sword|boost
|-boost|p1a: Zacian|atk|1
|move|p2a: Giratina|Shadow Sneak|p1a: Zacian
|-damage|p1a: Zacian|57/100
|
|upkeep
|turn|14
|
|t:|1665193569
|move|p2a: Giratina|Shadow Sneak|p1a: Zacian
|-damage|p1a: Zacian|37/100
|move|p1a: Zacian|Substitute|p1a: Zacian
|-start|p1a: Zacian|Substitute
|-damage|p1a: Zacian|12/100
|
|upkeep
|turn|15
|
|t:|1665193575
|move|p2a: Giratina|Shadow Sneak|p1a: Zacian
|-activate|p1a: Zacian|move: Substitute|[damage]
|move|p1a: Zacian|Behemoth Blade|p2a: Giratina
|-damage|p2a: Giratina|0 fnt
|faint|p2a: Giratina
|
|upkeep
|
|t:|1665193578
|switch|p2a: Yveltal|Yveltal|100/100
|-ability|p2a: Yveltal|Dark Aura
|turn|16
|
|t:|1665193587
|move|p1a: Zacian|Behemoth Blade|p2a: Yveltal
|-damage|p2a: Yveltal|10/100
|move|p2a: Yveltal|Foul Play|p1a: Zacian
|-resisted|p1a: Zacian
|-end|p1a: Zacian|Substitute
|
|-heal|p2a: Yveltal|16/100|[from] item: Leftovers
|upkeep
|turn|17
|
|t:|1665193598
|move|p2a: Yveltal|Sucker Punch|p1a: Zacian
|-resisted|p1a: Zacian
|-damage|p1a: Zacian|0 fnt
|faint|p1a: Zacian
|
|-heal|p2a: Yveltal|23/100|[from] item: Leftovers
|upkeep
|
|t:|1665193606
|switch|p1a: Marshadow|Marshadow|100/100
|turn|18
|
|t:|1665193614
|move|p1a: Marshadow|Close Combat|p2a: Yveltal
|-damage|p2a: Yveltal|0 fnt
|-unboost|p1a: Marshadow|def|1
|-unboost|p1a: Marshadow|spd|1
|faint|p2a: Yveltal
|-damage|p1a: Marshadow|91/100|[from] item: Life Orb
|
|upkeep
|
|t:|1665193616
|switch|p2a: Diancie|Diancie-Mega|100/100
|turn|19
|
|t:|1665193626
|switch|p1a: Kyogre|Kyogre-Primal|12/100
|-weather|PrimordialSea|[from] ability: Primordial Sea|[of] p1a: Kyogre
|move|p2a: Diancie|Moonblast|p1a: Kyogre
|-crit|p1a: Kyogre
|-damage|p1a: Kyogre|0 fnt
|faint|p1a: Kyogre
|-weather|none
|
|upkeep
|
|t:|1665193635
|switch|p1a: Ditto|Ditto|100/100
|-transform|p1a: Ditto|p2a: Diancie|[from] ability: Imposter
|turn|20
|
|t:|1665193644
|move|p2a: Diancie|Protect|p2a: Diancie
|-singleturn|p2a: Diancie|Protect
|move|p1a: Ditto|Moonblast|p2a: Diancie
|-activate|p2a: Diancie|move: Protect
|
|upkeep
|turn|21
|
|t:|1665193650
|switch|p2a: Arceus|Arceus-Ice|100/100
|move|p1a: Ditto|Moonblast|p2a: Arceus
|-damage|p2a: Arceus|54/100
|-unboost|p2a: Arceus|spa|1
|
|upkeep
|turn|22
|
|t:|1665193661
|move|p1a: Ditto|Moonblast|p2a: Arceus
|-damage|p2a: Arceus|10/100
|move|p2a: Arceus|Recover|p2a: Arceus
|-heal|p2a: Arceus|60/100
|
|upkeep
|turn|23
|
|t:|1665193668
|switch|p1a: Marshadow|Marshadow|91/100
|move|p2a: Arceus|Judgment|p1a: Marshadow
|-damage|p1a: Marshadow|43/100
|
|upkeep
|turn|24
|
|t:|1665193675
|move|p1a: Marshadow|Close Combat|p2a: Arceus
|-supereffective|p2a: Arceus
|-damage|p2a: Arceus|0 fnt
|-unboost|p1a: Marshadow|def|1
|-unboost|p1a: Marshadow|spd|1
|faint|p2a: Arceus
|-damage|p1a: Marshadow|33/100|[from] item: Life Orb
|
|upkeep
|
|t:|1665193677
|switch|p2a: Diancie|Diancie-Mega|100/100
|turn|25
|
|t:|1665193685
|switch|p1a: Rayquaza|Rayquaza-Mega|33/100
|-weather|DeltaStream|[from] ability: Delta Stream|[of] p1a: Rayquaza
|move|p2a: Diancie|Moonblast|p1a: Rayquaza
|-supereffective|p1a: Rayquaza
|-damage|p1a: Rayquaza|0 fnt
|faint|p1a: Rayquaza
|-weather|none
|
|upkeep
|
|t:|1665193695
|switch|p1a: Ditto|Ditto|100/100
|-transform|p1a: Ditto|p2a: Diancie|[from] ability: Imposter
|turn|26
|
|t:|1665193701
|move|p2a: Diancie|Protect|p2a: Diancie
|-singleturn|p2a: Diancie|Protect
|move|p1a: Ditto|Earth Power|p2a: Diancie
|-activate|p2a: Diancie|move: Protect
|
|upkeep
|turn|27
|
|t:|1665193708
|move|p1a: Ditto|Earth Power|p2a: Diancie
|-supereffective|p2a: Diancie
|-damage|p2a: Diancie|0 fnt
|faint|p2a: Diancie
|
|win|85792195wwww
|raw|85792195wwww's rating: 1846 &rarr; <strong>1859</strong><br />(+13 for winning)
|raw|Alice_Finnemore's rating: 1714 &rarr; <strong>1701</strong><br />(-13 for losing)
|l|☆Alice_Finnemore
