|j|☆MadMagikarp_24
|j|☆Adil
|t:|1627350540
|gametype|singles
|player|p1|MadMagikarp_24|43|1696
|player|p2|Adil|265|1917
|teamsize|p1|6
|teamsize|p2|6
|gen|8
|tier|[Gen 8] National Dex AG
|rated|
|rule|HP Percentage Mod: HP is shown in percentages
|rule|Endless Battle Clause: Forcing endless battles is banned
|clearpoke
|poke|p1|Arceus-*|
|poke|p1|Yveltal|
|poke|p1|Ditto|
|poke|p1|Arceus-*|
|poke|p1|Zacian-*|
|poke|p1|Marshadow|
|poke|p2|Calyrex-Shadow|
|poke|p2|Zygarde|
|poke|p2|Necrozma-Dusk-Mane|
|poke|p2|Tyranitar, F|
|poke|p2|Xerneas-*|
|poke|p2|Arceus-*|
|teampreview
|inactive|Battle timer is ON: inactive players will automatically lose when time's up. (requested by MadMagikarp_24)
|inactive|Adil has 120 seconds left.
|
|t:|1627350584
|start
|switch|p1a: Iceman69|Arceus-Water|100/100
|switch|p2a: Zygarde|Zygarde|100/100
|turn|1
|
|t:|1627350607
|switch|p2a: Tyranitar|Tyranitar, F|100/100
|-weather|Sandstorm|[from] ability: Sand Stream|[of] p2a: Tyranitar
|move|p1a: Iceman69|Toxic|p2a: Tyranitar
|-status|p2a: Tyranitar|tox
|
|-weather|Sandstorm|[upkeep]
|-damage|p1a: Iceman69|94/100|[from] Sandstorm
|-damage|p2a: Tyranitar|94/100 tox|[from] psn
|upkeep
|turn|2
|
|t:|1627350620
|move|p1a: Iceman69|Judgment|p2a: Tyranitar
|-supereffective|p2a: Tyranitar
|-damage|p2a: Tyranitar|57/100 tox
|move|p2a: Tyranitar|Stealth Rock|p1a: Iceman69
|-sidestart|p1: MadMagikarp_24|move: Stealth Rock
|
|-weather|Sandstorm|[upkeep]
|-damage|p1a: Iceman69|88/100|[from] Sandstorm
|-heal|p2a: Tyranitar|63/100 tox|[from] item: Leftovers
|-damage|p2a: Tyranitar|51/100 tox|[from] psn
|upkeep
|turn|3
|
|t:|1627350636
|move|p1a: Iceman69|Defog|p2a: Tyranitar
|-unboost|p2a: Tyranitar|evasion|1
|-sideend|p1: MadMagikarp_24|Stealth Rock|[from] move: Defog|[of] p1a: Iceman69
|move|p2a: Tyranitar|Rest|p2a: Tyranitar
|-status|p2a: Tyranitar|slp|[from] move: Rest
|-heal|p2a: Tyranitar|100/100 slp|[silent]
|
|-weather|Sandstorm|[upkeep]
|-damage|p1a: Iceman69|82/100|[from] Sandstorm
|upkeep
|turn|4
|
|t:|1627350649
|switch|p2a: Arceus|Arceus-Water|100/100
|move|p1a: Iceman69|Judgment|p2a: Arceus
|-resisted|p2a: Arceus
|-crit|p2a: Arceus
|-damage|p2a: Arceus|78/100
|
|-weather|Sandstorm|[upkeep]
|-damage|p1a: Iceman69|76/100|[from] Sandstorm
|-damage|p2a: Arceus|71/100|[from] Sandstorm
|upkeep
|turn|5
|
|t:|1627350659
|switch|p2a: Necrozma|Necrozma-Dusk-Mane|100/100
|move|p1a: Iceman69|Toxic|p2a: Necrozma
|-immune|p2a: Necrozma
|
|-weather|none
|upkeep
|turn|6
|
|t:|1627350667
|move|p1a: Iceman69|Judgment|p2a: Necrozma
|-damage|p2a: Necrozma|61/100
|move|p2a: Necrozma|Stealth Rock|p1a: Iceman69
|-sidestart|p1: MadMagikarp_24|move: Stealth Rock
|
|upkeep
|turn|7
|
|t:|1627350675
|switch|p2a: Tyranitar|Tyranitar, F|100/100 slp
|-weather|Sandstorm|[from] ability: Sand Stream|[of] p2a: Tyranitar
|move|p1a: Iceman69|Judgment|p2a: Tyranitar
|-supereffective|p2a: Tyranitar
|-damage|p2a: Tyranitar|60/100 slp
|
|-weather|Sandstorm|[upkeep]
|-damage|p1a: Iceman69|70/100|[from] Sandstorm
|-heal|p2a: Tyranitar|66/100 slp|[from] item: Leftovers
|upkeep
|turn|8
|
|t:|1627350687
|switch|p2a: Arceus|Arceus-Water|71/100
|move|p1a: Iceman69|Defog|p2a: Arceus
|-unboost|p2a: Arceus|evasion|1
|-sideend|p1: MadMagikarp_24|Stealth Rock|[from] move: Defog|[of] p1a: Iceman69
|
|-weather|Sandstorm|[upkeep]
|-damage|p1a: Iceman69|64/100|[from] Sandstorm
|-damage|p2a: Arceus|65/100|[from] Sandstorm
|upkeep
|turn|9
|
|t:|1627350703
|switch|p1a: MOPAWR HEMI|Zacian-Crowned|100/100
|-ability|p1a: MOPAWR HEMI|Intrepid Sword|boost
|-boost|p1a: MOPAWR HEMI|atk|1
|switch|p2a: Necrozma|Necrozma-Dusk-Mane|61/100
|
|-weather|Sandstorm|[upkeep]
|upkeep
|turn|10
|
|t:|1627350719
|move|p1a: MOPAWR HEMI|Close Combat|p2a: Necrozma
|-damage|p2a: Necrozma|22/100
|-unboost|p1a: MOPAWR HEMI|def|1
|-unboost|p1a: MOPAWR HEMI|spd|1
|-damage|p1a: MOPAWR HEMI|84/100|[from] item: Rocky Helmet|[of] p2a: Necrozma
|move|p2a: Necrozma|Earthquake|p1a: MOPAWR HEMI
|-supereffective|p1a: MOPAWR HEMI
|-damage|p1a: MOPAWR HEMI|0 fnt
|faint|p1a: MOPAWR HEMI
|
|-weather|Sandstorm|[upkeep]
|upkeep
|inactive|MadMagikarp_24 has 120 seconds left.
|inactive|MadMagikarp_24 has 90 seconds left.
|inactive|MadMagikarp_24 has 60 seconds left.
|
|t:|1627350800
|switch|p1a: Tupac|Yveltal|100/100
|-ability|p1a: Tupac|Dark Aura
|turn|11
|
|t:|1627350807
|switch|p2a: Tyranitar|Tyranitar, F|66/100 slp
|move|p1a: Tupac|Dark Pulse|p2a: Tyranitar
|-resisted|p2a: Tyranitar
|-damage|p2a: Tyranitar|52/100 slp
|-damage|p1a: Tupac|91/100|[from] item: Life Orb
|
|-weather|none
|-heal|p2a: Tyranitar|58/100 slp|[from] item: Leftovers
|upkeep
|turn|12
|
|t:|1627350819
|switch|p1a: Muhammad Ali|Marshadow|100/100
|cant|p2a: Tyranitar|slp
|
|-heal|p2a: Tyranitar|65/100 slp|[from] item: Leftovers
|upkeep
|turn|13
|
|t:|1627350828
|switch|p2a: Zygarde|Zygarde|100/100
|move|p1a: Muhammad Ali|Close Combat|p2a: Zygarde
|-damage|p2a: Zygarde|66/100
|-unboost|p1a: Muhammad Ali|def|1
|-unboost|p1a: Muhammad Ali|spd|1
|
|-heal|p2a: Zygarde|72/100|[from] item: Leftovers
|upkeep
|turn|14
|
|t:|1627350842
|switch|p1a: Iceman69|Arceus-Water|64/100
|move|p2a: Zygarde|Glare|p1a: Iceman69
|-status|p1a: Iceman69|par
|
|-heal|p2a: Zygarde|78/100|[from] item: Leftovers
|upkeep
|turn|15
|
|t:|1627350852
|switch|p2a: Tyranitar|Tyranitar, F|65/100 slp
|-weather|Sandstorm|[from] ability: Sand Stream|[of] p2a: Tyranitar
|move|p1a: Iceman69|Toxic||[still]
|-fail|p1a: Iceman69
|
|-weather|Sandstorm|[upkeep]
|-damage|p1a: Iceman69|58/100 par|[from] Sandstorm
|-heal|p2a: Tyranitar|71/100 slp|[from] item: Leftovers
|upkeep
|turn|16
|
|t:|1627350863
|cant|p2a: Tyranitar|slp
|move|p1a: Iceman69|Recover|p1a: Iceman69
|-heal|p1a: Iceman69|100/100 par
|
|-weather|Sandstorm|[upkeep]
|-damage|p1a: Iceman69|94/100 par|[from] Sandstorm
|-heal|p2a: Tyranitar|77/100 slp|[from] item: Leftovers
|upkeep
|turn|17
|
|t:|1627350874
|-curestatus|p2a: Tyranitar|slp|[msg]
|move|p2a: Tyranitar|Stealth Rock|p1a: Iceman69
|-sidestart|p1: MadMagikarp_24|move: Stealth Rock
|cant|p1a: Iceman69|par
|
|-weather|Sandstorm|[upkeep]
|-damage|p1a: Iceman69|88/100 par|[from] Sandstorm
|-heal|p2a: Tyranitar|83/100|[from] item: Leftovers
|upkeep
|turn|18
|
|t:|1627350886
|move|p2a: Tyranitar|Rock Blast|p1a: Iceman69
|-damage|p1a: Iceman69|81/100 par
|-damage|p1a: Iceman69|75/100 par
|-hitcount|p1a: Iceman69|2
|move|p1a: Iceman69|Defog|p2a: Tyranitar
|-unboost|p2a: Tyranitar|evasion|1
|-sideend|p1: MadMagikarp_24|Stealth Rock|[from] move: Defog|[of] p1a: Iceman69
|
|-weather|Sandstorm|[upkeep]
|-damage|p1a: Iceman69|69/100 par|[from] Sandstorm
|-heal|p2a: Tyranitar|89/100|[from] item: Leftovers
|upkeep
|turn|19
|
|t:|1627350906
|move|p2a: Tyranitar|Rock Blast|p1a: Iceman69
|-damage|p1a: Iceman69|63/100 par
|-damage|p1a: Iceman69|57/100 par
|-damage|p1a: Iceman69|51/100 par
|-hitcount|p1a: Iceman69|3
|move|p1a: Iceman69|Judgment|p2a: Tyranitar
|-supereffective|p2a: Tyranitar
|-damage|p2a: Tyranitar|48/100
|
|-weather|none
|-heal|p2a: Tyranitar|54/100|[from] item: Leftovers
|upkeep
|turn|20
|
|t:|1627350918
|switch|p2a: Arceus|Arceus-Water|65/100
|move|p1a: Iceman69|Recover|p1a: Iceman69
|-heal|p1a: Iceman69|100/100 par
|
|upkeep
|turn|21
|
|t:|1627350932
|switch|p2a: Tyranitar|Tyranitar, F|54/100
|-weather|Sandstorm|[from] ability: Sand Stream|[of] p2a: Tyranitar
|switch|p1a: Muhammad Ali|Marshadow|100/100
|
|-weather|Sandstorm|[upkeep]
|-damage|p1a: Muhammad Ali|94/100|[from] Sandstorm
|-heal|p2a: Tyranitar|60/100|[from] item: Leftovers
|upkeep
|turn|22
|
|t:|1627350943
|switch|p2a: Zygarde|Zygarde|78/100
|move|p1a: Muhammad Ali|Swagger|p2a: Zygarde
|-boost|p2a: Zygarde|atk|2
|-start|p2a: Zygarde|confusion
|
|-weather|Sandstorm|[upkeep]
|-damage|p1a: Muhammad Ali|88/100|[from] Sandstorm
|-heal|p2a: Zygarde|84/100|[from] item: Leftovers
|upkeep
|turn|23
|
|t:|1627350954
|switch|p2a: Arceus|Arceus-Water|65/100
|move|p1a: Muhammad Ali|Spectral Thief|p2a: Arceus
|-damage|p2a: Arceus|42/100
|
|-weather|Sandstorm|[upkeep]
|-damage|p1a: Muhammad Ali|82/100|[from] Sandstorm
|-damage|p2a: Arceus|36/100|[from] Sandstorm
|upkeep
|turn|24
|
|t:|1627350966
|-start|p1a: Muhammad Ali|Dynamax
|-heal|p1a: Muhammad Ali|82/100|[silent]
|move|p1a: Muhammad Ali|Max Knuckle|p2a: Arceus
|-damage|p2a: Arceus|10/100
|-boost|p1a: Muhammad Ali|atk|1
|move|p2a: Arceus|Recover|p2a: Arceus
|-heal|p2a: Arceus|60/100
|
|-weather|Sandstorm|[upkeep]
|-damage|p1a: Muhammad Ali|79/100|[from] Sandstorm
|-damage|p2a: Arceus|54/100|[from] Sandstorm
|upkeep
|turn|25
|inactive|MadMagikarp_24 has 60 seconds left.
|
|t:|1627350982
|move|p1a: Muhammad Ali|Max Phantasm|p2a: Arceus
|-damage|p2a: Arceus|8/100
|-unboost|p2a: Arceus|def|1
|move|p2a: Arceus|Recover|p2a: Arceus
|-heal|p2a: Arceus|58/100
|
|-weather|none
|upkeep
|turn|26
|
|t:|1627350995
|switch|p2a: Necrozma|Necrozma-Dusk-Mane|22/100
|move|p1a: Muhammad Ali|Max Knuckle|p2a: Necrozma
|-damage|p2a: Necrozma|0 fnt
|-boost|p1a: Muhammad Ali|atk|1
|faint|p2a: Necrozma
|
|-end|p1a: Muhammad Ali|Dynamax
|-heal|p1a: Muhammad Ali|79/100|[silent]
|upkeep
|
|t:|1627351005
|switch|p2a: Zygarde|Zygarde|84/100
|turn|27
|
|t:|1627351012
|move|p1a: Muhammad Ali|Close Combat|p2a: Zygarde
|-damage|p2a: Zygarde|24/100
|-unboost|p1a: Muhammad Ali|def|1
|-unboost|p1a: Muhammad Ali|spd|1
|move|p2a: Zygarde|Glare|p1a: Muhammad Ali
|-status|p1a: Muhammad Ali|par
|
|-heal|p2a: Zygarde|30/100|[from] item: Leftovers
|-activate|p2a: Zygarde|ability: Power Construct
|detailschange|p2a: Zygarde|Zygarde-Complete
|-heal|p2a: Zygarde|54/100|[silent]
|upkeep
|turn|28
|
|t:|1627351029
|move|p1a: Muhammad Ali|Shadow Sneak|p2a: Zygarde
|-damage|p2a: Zygarde|33/100
|move|p2a: Zygarde|Thousand Arrows|p1a: Muhammad Ali
|-damage|p1a: Muhammad Ali|18/100 par
|
|-heal|p2a: Zygarde|39/100|[from] item: Leftovers
|upkeep
|turn|29
|
|t:|1627351037
|move|p1a: Muhammad Ali|Shadow Sneak|p2a: Zygarde
|-damage|p2a: Zygarde|18/100
|move|p2a: Zygarde|Thousand Arrows|p1a: Muhammad Ali
|-damage|p1a: Muhammad Ali|0 fnt
|faint|p1a: Muhammad Ali
|
|-heal|p2a: Zygarde|24/100|[from] item: Leftovers
|upkeep
|
|t:|1627351048
|switch|p1a: Tupac|Yveltal|91/100
|-ability|p1a: Tupac|Dark Aura
|turn|30
|
|t:|1627351055
|switch|p2a: Tyranitar|Tyranitar, F|60/100
|-weather|Sandstorm|[from] ability: Sand Stream|[of] p2a: Tyranitar
|move|p1a: Tupac|Oblivion Wing|p2a: Tyranitar
|-resisted|p2a: Tyranitar
|-damage|p2a: Tyranitar|49/100
|-heal|p1a: Tupac|99/100|[from] drain|[of] p2a: Tyranitar
|-damage|p1a: Tupac|89/100|[from] item: Life Orb
|
|-weather|Sandstorm|[upkeep]
|-damage|p1a: Tupac|83/100|[from] Sandstorm
|-heal|p2a: Tyranitar|55/100|[from] item: Leftovers
|upkeep
|turn|31
|
|t:|1627351073
|switch|p1a: Ricky Bobby|Arceus|100/100
|move|p2a: Tyranitar|Stealth Rock|p1a: Ricky Bobby
|-sidestart|p1: MadMagikarp_24|move: Stealth Rock
|
|-weather|Sandstorm|[upkeep]
|-damage|p1a: Ricky Bobby|94/100|[from] Sandstorm
|-heal|p2a: Tyranitar|61/100|[from] item: Leftovers
|upkeep
|turn|32
|
|t:|1627351101
|move|p1a: Ricky Bobby|Trick|p2a: Tyranitar
|-activate|p1a: Ricky Bobby|move: Trick|[of] p2a: Tyranitar
|-item|p2a: Tyranitar|Choice Band|[from] move: Trick
|-item|p1a: Ricky Bobby|Leftovers|[from] move: Trick
|move|p2a: Tyranitar|Rock Blast|p1a: Ricky Bobby
|-damage|p1a: Ricky Bobby|82/100
|-damage|p1a: Ricky Bobby|70/100
|-hitcount|p1a: Ricky Bobby|2
|
|-weather|Sandstorm|[upkeep]
|-damage|p1a: Ricky Bobby|64/100|[from] Sandstorm
|-heal|p1a: Ricky Bobby|70/100|[from] item: Leftovers
|upkeep
|turn|33
|
|t:|1627351113
|move|p1a: Ricky Bobby|Earthquake|p2a: Tyranitar
|-supereffective|p2a: Tyranitar
|-crit|p2a: Tyranitar
|-damage|p2a: Tyranitar|0 fnt
|faint|p2a: Tyranitar
|
|-weather|Sandstorm|[upkeep]
|-damage|p1a: Ricky Bobby|64/100|[from] Sandstorm
|-heal|p1a: Ricky Bobby|70/100|[from] item: Leftovers
|upkeep
|
|t:|1627351122
|switch|p2a: Zygarde|Zygarde-Complete|24/100
|turn|34
|
|t:|1627351127
|move|p1a: Ricky Bobby|Extreme Speed|p2a: Zygarde
|-crit|p2a: Zygarde
|-damage|p2a: Zygarde|5/100
|move|p2a: Zygarde|Glare|p1a: Ricky Bobby
|-status|p1a: Ricky Bobby|par
|
|-weather|none
|-heal|p2a: Zygarde|11/100|[from] item: Leftovers
|-heal|p1a: Ricky Bobby|76/100 par|[from] item: Leftovers
|upkeep
|turn|35
|inactive|MadMagikarp_24 has 90 seconds left.
|
|t:|1627351138
|switch|p2a: Arceus|Arceus-Water|58/100
|cant|p1a: Ricky Bobby|par
|
|-heal|p1a: Ricky Bobby|82/100 par|[from] item: Leftovers
|upkeep
|turn|36
|inactive|MadMagikarp_24 has 90 seconds left.
|
|t:|1627351146
|cant|p1a: Ricky Bobby|par
|move|p2a: Arceus|Recover|p2a: Arceus
|-heal|p2a: Arceus|100/100
|
|-heal|p1a: Ricky Bobby|88/100 par|[from] item: Leftovers
|upkeep
|turn|37
|inactive|MadMagikarp_24 has 90 seconds left.
|
|t:|1627351157
|switch|p1a: Iceman69|Arceus-Water|100/100 par
|-damage|p1a: Iceman69|88/100 par|[from] Stealth Rock
|move|p2a: Arceus|Judgment|p1a: Iceman69
|-resisted|p1a: Iceman69
|-damage|p1a: Iceman69|73/100 par
|
|upkeep
|turn|38
|
|t:|1627351166
|switch|p2a: Xerneas|Xerneas|100/100
|-ability|p2a: Xerneas|Fairy Aura
|cant|p1a: Iceman69|par
|
|upkeep
|turn|39
|
|t:|1627351174
|move|p2a: Xerneas|Moonblast|p1a: Iceman69
|-damage|p1a: Iceman69|32/100 par
|move|p1a: Iceman69|Defog|p2a: Xerneas
|-unboost|p2a: Xerneas|evasion|1
|-sideend|p1: MadMagikarp_24|Stealth Rock|[from] move: Defog|[of] p1a: Iceman69
|
|upkeep
|turn|40
|
|t:|1627351182
|move|p2a: Xerneas|Moonblast|p1a: Iceman69
|-damage|p1a: Iceman69|0 fnt
|faint|p1a: Iceman69
|
|upkeep
|
|t:|1627351189
|switch|p1a: Ricky Bobby|Arceus|88/100 par
|turn|41
|
|t:|1627351194
|switch|p2a: Arceus|Arceus-Water|100/100
|cant|p1a: Ricky Bobby|par
|
|-heal|p1a: Ricky Bobby|94/100 par|[from] item: Leftovers
|upkeep
|turn|42
|
|t:|1627351202
|move|p1a: Ricky Bobby|Extreme Speed|p2a: Arceus
|-damage|p2a: Arceus|81/100
|move|p2a: Arceus|Judgment|p1a: Ricky Bobby
|-damage|p1a: Ricky Bobby|57/100 par
|
|-heal|p1a: Ricky Bobby|63/100 par|[from] item: Leftovers
|upkeep
|turn|43
|inactive|MadMagikarp_24 has 120 seconds left.
|
|t:|1627351216
|move|p2a: Arceus|Judgment|p1a: Ricky Bobby
|-damage|p1a: Ricky Bobby|28/100 par
|move|p1a: Ricky Bobby|Recover|p1a: Ricky Bobby
|-heal|p1a: Ricky Bobby|78/100 par
|
|-heal|p1a: Ricky Bobby|84/100 par|[from] item: Leftovers
|upkeep
|turn|44
|inactive|MadMagikarp_24 has 120 seconds left.
|
|t:|1627351227
|move|p2a: Arceus|Judgment|p1a: Ricky Bobby
|-damage|p1a: Ricky Bobby|48/100 par
|move|p1a: Ricky Bobby|Recover|p1a: Ricky Bobby
|-heal|p1a: Ricky Bobby|98/100 par
|
|-heal|p1a: Ricky Bobby|100/100 par|[from] item: Leftovers
|upkeep
|turn|45
|inactive|MadMagikarp_24 has 120 seconds left.
|inactive|Adil has 120 seconds left.
|
|t:|1627351286
|move|p2a: Arceus|Judgment|p1a: Ricky Bobby
|-damage|p1a: Ricky Bobby|62/100 par
|cant|p1a: Ricky Bobby|par
|
|-heal|p1a: Ricky Bobby|68/100 par|[from] item: Leftovers
|upkeep
|turn|46
|inactive|MadMagikarp_24 has 120 seconds left.
|
|t:|1627351294
|move|p2a: Arceus|Judgment|p1a: Ricky Bobby
|-damage|p1a: Ricky Bobby|31/100 par
|cant|p1a: Ricky Bobby|par
|
|-heal|p1a: Ricky Bobby|37/100 par|[from] item: Leftovers
|upkeep
|turn|47
|
|t:|1627351303
|move|p2a: Arceus|Judgment|p1a: Ricky Bobby
|-damage|p1a: Ricky Bobby|0 fnt
|faint|p1a: Ricky Bobby
|
|upkeep
|
|t:|1627351309
|switch|p1a: Tupac|Yveltal|83/100
|-ability|p1a: Tupac|Dark Aura
|turn|48
|
|t:|1627351318
|-start|p2a: Arceus|Dynamax
|-heal|p2a: Arceus|81/100|[silent]
|move|p1a: Tupac|Oblivion Wing|p2a: Arceus
|-damage|p2a: Arceus|63/100
|-heal|p1a: Tupac|100/100|[from] drain|[of] p2a: Arceus
|-damage|p1a: Tupac|91/100|[from] item: Life Orb
|move|p2a: Arceus|Max Geyser|p1a: Tupac
|-damage|p1a: Tupac|38/100
|-weather|RainDance
|
|-weather|RainDance|[upkeep]
|upkeep
|turn|49
|
|t:|1627351332
|switch|p1a: ITS YOU!!!|Ditto|100/100
|-transform|p1a: ITS YOU!!!|p2a: Arceus|[from] ability: Imposter
|move|p2a: Arceus|Max Geyser|p1a: ITS YOU!!!
|-resisted|p1a: ITS YOU!!!
|-damage|p1a: ITS YOU!!!|40/100
|
|-weather|RainDance|[upkeep]
|upkeep
|turn|50
|
|t:|1627351343
|move|p1a: ITS YOU!!!|Recover|p1a: ITS YOU!!!
|-heal|p1a: ITS YOU!!!|90/100
|move|p2a: Arceus|Max Geyser|p1a: ITS YOU!!!
|-resisted|p1a: ITS YOU!!!
|-damage|p1a: ITS YOU!!!|36/100
|
|-weather|RainDance|[upkeep]
|-end|p2a: Arceus|Dynamax
|-heal|p2a: Arceus|63/100|[silent]
|upkeep
|turn|51
|
|t:|1627351356
|move|p1a: ITS YOU!!!|Recover|p1a: ITS YOU!!!
|-heal|p1a: ITS YOU!!!|86/100
|move|p2a: Arceus|Recover|p2a: Arceus
|-heal|p2a: Arceus|100/100
|
|-weather|RainDance|[upkeep]
|upkeep
|turn|52
|
|t:|1627351367
|switch|p2a: Zygarde|Zygarde-Complete|11/100
|move|p1a: ITS YOU!!!|Recover|p1a: ITS YOU!!!
|-heal|p1a: ITS YOU!!!|100/100
|
|-weather|none
|-heal|p2a: Zygarde|17/100|[from] item: Leftovers
|upkeep
|turn|53
|
|t:|1627351376
|switch|p1a: Tupac|Yveltal|38/100
|-ability|p1a: Tupac|Dark Aura
|move|p2a: Zygarde|Glare|p1a: Tupac
|-status|p1a: Tupac|par
|
|-heal|p2a: Zygarde|24/100|[from] item: Leftovers
|upkeep
|turn|54
|
|t:|1627351386
|switch|p2a: Arceus|Arceus-Water|100/100
|move|p1a: Tupac|Oblivion Wing|p2a: Arceus
|-damage|p2a: Arceus|65/100
|-heal|p1a: Tupac|68/100 par|[from] drain|[of] p2a: Arceus
|-damage|p1a: Tupac|58/100 par|[from] item: Life Orb
|
|upkeep
|turn|55
|
|t:|1627351396
|move|p2a: Arceus|Judgment|p1a: Tupac
|-damage|p1a: Tupac|16/100 par
|move|p1a: Tupac|Oblivion Wing|p2a: Arceus
|-damage|p2a: Arceus|28/100
|-heal|p1a: Tupac|47/100 par|[from] drain|[of] p2a: Arceus
|-damage|p1a: Tupac|37/100 par|[from] item: Life Orb
|
|upkeep
|turn|56
|
|t:|1627351407
|move|p2a: Arceus|Recover|p2a: Arceus
|-heal|p2a: Arceus|78/100
|move|p1a: Tupac|Oblivion Wing|p2a: Arceus
|-damage|p2a: Arceus|42/100
|-heal|p1a: Tupac|68/100 par|[from] drain|[of] p2a: Arceus
|-damage|p1a: Tupac|58/100 par|[from] item: Life Orb
|
|upkeep
|turn|57
|
|t:|1627351417
|move|p2a: Arceus|Recover|p2a: Arceus
|-heal|p2a: Arceus|92/100
|move|p1a: Tupac|Oblivion Wing|p2a: Arceus
|-damage|p2a: Arceus|57/100
|-heal|p1a: Tupac|88/100 par|[from] drain|[of] p2a: Arceus
|-damage|p1a: Tupac|78/100 par|[from] item: Life Orb
|
|upkeep
|turn|58
|
|t:|1627351426
|move|p2a: Arceus|Recover|p2a: Arceus
|-heal|p2a: Arceus|100/100
|move|p1a: Tupac|Dark Pulse|p2a: Arceus
|-damage|p2a: Arceus|53/100
|-damage|p1a: Tupac|68/100 par|[from] item: Life Orb
|
|upkeep
|turn|59
|
|t:|1627351434
|move|p2a: Arceus|Recover|p2a: Arceus
|-heal|p2a: Arceus|100/100
|move|p1a: Tupac|Oblivion Wing|p2a: Arceus
|-damage|p2a: Arceus|68/100
|-heal|p1a: Tupac|96/100 par|[from] drain|[of] p2a: Arceus
|-damage|p1a: Tupac|86/100 par|[from] item: Life Orb
|
|upkeep
|turn|60
|
|t:|1627351452
|move|p2a: Arceus|Judgment|p1a: Tupac
|-damage|p1a: Tupac|42/100 par
|cant|p1a: Tupac|par
|
|upkeep
|turn|61
|
|t:|1627351458
|move|p1a: Tupac|Sucker Punch|p2a: Arceus
|-damage|p2a: Arceus|40/100
|-damage|p1a: Tupac|33/100 par|[from] item: Life Orb
|move|p2a: Arceus|Judgment|p1a: Tupac
|-damage|p1a: Tupac|0 fnt
|faint|p1a: Tupac
|
|upkeep
|-message|MadMagikarp_24 forfeited.
|
|win|Adil
|raw|MadMagikarp_24's rating: 1696 &rarr; <strong>1688</strong><br />(-8 for losing)
|raw|Adil's rating: 1927 &rarr; <strong>1935</strong><br />(+8 for winning)
|l|☆MadMagikarp_24
|l|☆Adil
