|j|☆PixLmonTest
|j|☆RUiNtheExtinct
|t:|1666073792
|gametype|singles
|player|p1|PixLmonTest|266|1667
|player|p2|RUiNtheExtinct|red-gen7|1657
|teamsize|p1|6
|teamsize|p2|6
|gen|8
|tier|[Gen 8] National Dex AG
|rated|
|rule|HP Percentage Mod: HP is shown in percentages
|rule|Endless Battle Clause: Forcing endless battles is banned
|clearpoke
|poke|p1|Ditto|
|poke|p1|Arceus-*|
|poke|p1|Yveltal|
|poke|p1|Ho-Oh|
|poke|p1|Groudon|
|poke|p1|Eternatus|
|poke|p2|Groudon|
|poke|p2|Ditto|
|poke|p2|Rayquaza|
|poke|p2|Yveltal|
|poke|p2|Smeargle, F|
|poke|p2|Arceus-*|
|teampreview
|inactive|Battle timer is ON: inactive players will automatically lose when time's up. (requested by RUiNtheExtinct)
|c|☆PixLmonTest|why :(
|c|☆RUiNtheExtinct|why what?
|c|☆PixLmonTest|smeargle
|
|t:|1666073830
|start
|switch|p1a: Eternatus|Eternatus|100/100
|switch|p2a: Groudon|Groudon|100/100
|-ability|p1a: Eternatus|Pressure
|detailschange|p2a: Groudon|Groudon-Primal
|-primal|p2a: Groudon
|-weather|DesolateLand|[from] ability: Desolate Land|[of] p2a: Groudon
|turn|1
|c|☆RUiNtheExtinct|sorry
|
|t:|1666073857
|switch|p1a: Arceus|Arceus-Water|100/100
|move|p2a: Groudon|Rock Tomb|p1a: Arceus
|-damage|p1a: Arceus|84/100
|-unboost|p1a: Arceus|spe|1
|
|-weather|DesolateLand|[upkeep]
|upkeep
|turn|2
|inactive|PixLmonTest has 120 seconds left.
|
|t:|1666073888
|switch|p1a: Groudon|Groudon|100/100
|detailschange|p1a: Groudon|Groudon-Primal
|-primal|p1a: Groudon
|move|p2a: Groudon|Stealth Rock|p1a: Groudon
|-sidestart|p1: PixLmonTest|move: Stealth Rock
|
|-weather|DesolateLand|[upkeep]
|upkeep
|turn|3
|
|t:|1666073891
|move|p1a: Groudon|Stealth Rock|p2a: Groudon
|-sidestart|p2: RUiNtheExtinct|move: Stealth Rock
|move|p2a: Groudon|Earthquake|p1a: Groudon
|-supereffective|p1a: Groudon
|-damage|p1a: Groudon|29/100
|
|-weather|DesolateLand|[upkeep]
|upkeep
|turn|4
|inactive|PixLmonTest has 120 seconds left.
|
|t:|1666073908
|switch|p1a: Arceus|Arceus-Water|84/100
|-damage|p1a: Arceus|72/100|[from] Stealth Rock
|move|p2a: Groudon|Earthquake|p1a: Arceus
|-damage|p1a: Arceus|31/100
|
|-weather|DesolateLand|[upkeep]
|upkeep
|turn|5
|
|t:|1666073912
|move|p1a: Arceus|Recover|p1a: Arceus
|-heal|p1a: Arceus|81/100
|move|p2a: Groudon|Rock Tomb|p1a: Arceus
|-damage|p1a: Arceus|65/100
|-unboost|p1a: Arceus|spe|1
|
|-weather|DesolateLand|[upkeep]
|upkeep
|turn|6
|
|t:|1666073921
|move|p2a: Groudon|Earthquake|p1a: Arceus
|-damage|p1a: Arceus|27/100
|move|p1a: Arceus|Recover|p1a: Arceus
|-heal|p1a: Arceus|77/100
|
|-weather|DesolateLand|[upkeep]
|upkeep
|turn|7
|
|t:|1666073931
|move|p2a: Groudon|Earthquake|p1a: Arceus
|-damage|p1a: Arceus|37/100
|move|p1a: Arceus|Recover|p1a: Arceus
|-heal|p1a: Arceus|87/100
|
|-weather|DesolateLand|[upkeep]
|upkeep
|turn|8
|
|t:|1666073935
|switch|p1a: Yveltal|Yveltal|100/100
|-damage|p1a: Yveltal|76/100|[from] Stealth Rock
|-ability|p1a: Yveltal|Dark Aura
|move|p2a: Groudon|Rock Tomb|p1a: Yveltal
|-supereffective|p1a: Yveltal
|-damage|p1a: Yveltal|25/100
|-unboost|p1a: Yveltal|spe|1
|
|-weather|DesolateLand|[upkeep]
|upkeep
|turn|9
|j| talojllomoy
|c|☆PixLmonTest|tragic
|c|☆RUiNtheExtinct|quite
|inactive|PixLmonTest has 120 seconds left.
|
|t:|1666073975
|switch|p1a: Arceus|Arceus-Water|87/100
|-damage|p1a: Arceus|75/100|[from] Stealth Rock
|move|p2a: Groudon|Rock Tomb|p1a: Arceus
|-damage|p1a: Arceus|58/100
|-unboost|p1a: Arceus|spe|1
|
|-weather|DesolateLand|[upkeep]
|upkeep
|turn|10
|
|t:|1666073984
|move|p2a: Groudon|Earthquake|p1a: Arceus
|-damage|p1a: Arceus|17/100
|move|p1a: Arceus|Recover|p1a: Arceus
|-heal|p1a: Arceus|67/100
|
|-weather|DesolateLand|[upkeep]
|upkeep
|turn|11
|
|t:|1666073992
|switch|p1a: Ho-Oh|Ho-Oh|100/100
|move|p2a: Groudon|Earthquake|p1a: Ho-Oh
|-immune|p1a: Ho-Oh
|
|-weather|DesolateLand|[upkeep]
|upkeep
|turn|12
|
|t:|1666073998
|move|p1a: Ho-Oh|Sacred Fire|p2a: Groudon|[miss]
|-miss|p1a: Ho-Oh|p2a: Groudon
|move|p2a: Groudon|Rock Tomb|p1a: Ho-Oh
|-supereffective|p1a: Ho-Oh
|-damage|p1a: Ho-Oh|27/100
|-unboost|p1a: Ho-Oh|spe|1
|
|-weather|DesolateLand|[upkeep]
|upkeep
|turn|13
|c|☆PixLmonTest|man
|c|☆PixLmonTest|some games
|c|☆PixLmonTest|just
|c|☆PixLmonTest|hate me lol
|inactive|PixLmonTest has 120 seconds left.
|c|☆RUiNtheExtinct|wouldn't have done much tbh
|c|☆PixLmonTest|what
|c|☆PixLmonTest|burning your groudon?
|c|☆PixLmonTest|wouldnt do much
|c|☆RUiNtheExtinct|its a fire type fam
|
|t:|1666074044
|switch|p1a: Arceus|Arceus-Water|67/100
|-damage|p1a: Arceus|54/100|[from] Stealth Rock
|move|p2a: Groudon|Rock Tomb|p1a: Arceus
|-damage|p1a: Arceus|38/100
|-unboost|p1a: Arceus|spe|1
|
|-weather|DesolateLand|[upkeep]
|upkeep
|turn|14
|c|☆RUiNtheExtinct|how exactly would it have burnt it?
|inactive|PixLmonTest has 90 seconds left.
|-message|PixLmonTest forfeited.
|
|win|RUiNtheExtinct
|raw|PixLmonTest's rating: 1667 &rarr; <strong>1646</strong><br />(-21 for losing)
|raw|RUiNtheExtinct's rating: 1657 &rarr; <strong>1678</strong><br />(+21 for winning)
|l|☆PixLmonTest
|c|☆RUiNtheExtinct|gg
