|j|☆Flynn Watson ^~^
|j|☆soviet glonk
|t:|1641750304
|gametype|singles
|player|p1|Flynn Watson ^~^|lady|1896
|player|p2|soviet glonk|ghetsis|1789
|teamsize|p1|6
|teamsize|p2|6
|gen|8
|tier|[Gen 8] National Dex AG
|rated|
|rule|HP Percentage Mod: HP is shown in percentages
|rule|Endless Battle Clause: Forcing endless battles is banned
|clearpoke
|poke|p1|Slurpuff, F|
|poke|p1|Rayquaza|
|poke|p1|Calyrex-Shadow|
|poke|p1|Landorus-Therian, M|
|poke|p1|Yveltal|
|poke|p1|Xerneas-*|
|poke|p2|Marshadow|
|poke|p2|Zacian-*|
|poke|p2|Yveltal|
|poke|p2|Necrozma-Dusk-Mane|
|poke|p2|Arceus-*|
|poke|p2|Arceus-*|
|teampreview
|inactive|Battle timer is ON: inactive players will automatically lose when time's up. (requested by Flynn Watson ^~^)
|inactive|soviet glonk also wants the timer to be on.
|c|☆Flynn Watson ^~^|Glhf
|c|☆Flynn Watson ^~^|Ayee
|c|☆soviet glonk|hf
|inactive|soviet glonk has 120 seconds left.
|
|t:|1641750336
|start
|switch|p1a: Slurpuff|Slurpuff, F|100/100
|switch|p2a: Ancalagon|Yveltal|100/100
|-ability|p2a: Ancalagon|Dark Aura
|turn|1
|
|t:|1641750342
|move|p2a: Ancalagon|Taunt|p1a: Slurpuff
|-start|p1a: Slurpuff|move: Taunt
|cant|p1a: Slurpuff|move: Taunt|Sticky Web
|
|upkeep
|turn|2
|
|t:|1641750346
|move|p2a: Ancalagon|Heat Wave|p1a: Slurpuff
|-damage|p1a: Slurpuff|27/100
|-damage|p2a: Ancalagon|91/100|[from] item: Life Orb
|move|p1a: Slurpuff|Misty Explosion|p2a: Ancalagon
|-supereffective|p2a: Ancalagon
|-damage|p2a: Ancalagon|26/100
|faint|p1a: Slurpuff
|
|upkeep
|
|t:|1641750364
|switch|p1a: Calyrex|Calyrex-Shadow|100/100
|-ability|p1a: Calyrex|As One
|-ability|p1a: Calyrex|Unnerve
|turn|3
|
|t:|1641750376
|switch|p2a: Morgoth Bauglir|Arceus-Dark|100/100
|move|p1a: Calyrex|Astral Barrage|p2a: Morgoth Bauglir
|-resisted|p2a: Morgoth Bauglir
|-damage|p2a: Morgoth Bauglir|82/100
|
|upkeep
|turn|4
|
|t:|1641750382
|move|p1a: Calyrex|Nasty Plot|p1a: Calyrex
|-boost|p1a: Calyrex|spa|2
|move|p2a: Morgoth Bauglir|Roar|p1a: Calyrex
|drag|p1a: Rayquaza|Rayquaza|100/100
|-ability|p1a: Rayquaza|Air Lock
|
|upkeep
|turn|5
|
|t:|1641750389
|detailschange|p1a: Rayquaza|Rayquaza-Mega
|-mega|p1a: Rayquaza|Rayquaza|
|-weather|DeltaStream|[from] ability: Delta Stream|[of] p1a: Rayquaza
|move|p1a: Rayquaza|Dragon Ascent|p2a: Morgoth Bauglir
|-damage|p2a: Morgoth Bauglir|14/100
|-unboost|p1a: Rayquaza|def|1
|-unboost|p1a: Rayquaza|spd|1
|-damage|p1a: Rayquaza|91/100|[from] item: Life Orb
|move|p2a: Morgoth Bauglir|Judgment|p1a: Rayquaza
|-damage|p1a: Rayquaza|15/100
|
|-weather|DeltaStream|[upkeep]
|upkeep
|turn|6
|
|t:|1641750411
|switch|p2a: Carcharoth|Necrozma-Dusk-Mane|100/100
|move|p1a: Rayquaza|Dragon Dance|p1a: Rayquaza
|-boost|p1a: Rayquaza|atk|1
|-boost|p1a: Rayquaza|spe|1
|
|-weather|DeltaStream|[upkeep]
|upkeep
|turn|7
|
|t:|1641750424
|move|p1a: Rayquaza|Earthquake|p2a: Carcharoth
|-supereffective|p2a: Carcharoth
|-damage|p2a: Carcharoth|37/100
|-damage|p1a: Rayquaza|5/100|[from] item: Life Orb
|move|p2a: Carcharoth|Stealth Rock|p1a: Rayquaza
|-sidestart|p1: Flynn Watson ^~^|move: Stealth Rock
|
|-weather|DeltaStream|[upkeep]
|upkeep
|turn|8
|c|☆Flynn Watson ^~^|You have done that double too many times
|
|t:|1641750436
|move|p1a: Rayquaza|Earthquake|p2a: Carcharoth
|-supereffective|p2a: Carcharoth
|-damage|p2a: Carcharoth|0 fnt
|faint|p2a: Carcharoth
|-damage|p1a: Rayquaza|0 fnt|[from] item: Life Orb
|faint|p1a: Rayquaza
|-weather|none
|
|upkeep
|
|t:|1641750450
|switch|p1a: Landorus|Landorus-Therian, M|100/100
|switch|p2a: Lúthien Tinúviel|Zacian-Crowned|100/100
|-ability|p2a: Lúthien Tinúviel|Intrepid Sword|boost
|-boost|p2a: Lúthien Tinúviel|atk|1
|-damage|p1a: Landorus|88/100|[from] Stealth Rock
|-ability|p1a: Landorus|Intimidate|boost
|-unboost|p2a: Lúthien Tinúviel|atk|1
|turn|9
|
|t:|1641750458
|move|p2a: Lúthien Tinúviel|Behemoth Blade|p1a: Landorus
|-damage|p1a: Landorus|10/100
|move|p1a: Landorus|Earthquake|p2a: Lúthien Tinúviel
|-supereffective|p2a: Lúthien Tinúviel
|-damage|p2a: Lúthien Tinúviel|2/100
|
|upkeep
|turn|10
|
|t:|1641750479
|move|p2a: Lúthien Tinúviel|Behemoth Blade|p1a: Landorus
|-damage|p1a: Landorus|0 fnt
|faint|p1a: Landorus
|
|upkeep
|
|t:|1641750481
|switch|p1a: Calyrex|Calyrex-Shadow|100/100
|-ability|p1a: Calyrex|As One
|-ability|p1a: Calyrex|Unnerve
|-damage|p1a: Calyrex|88/100|[from] Stealth Rock
|turn|11
|
|t:|1641750494
|move|p1a: Calyrex|Astral Barrage|p2a: Lúthien Tinúviel
|-damage|p2a: Lúthien Tinúviel|0 fnt
|faint|p2a: Lúthien Tinúviel
|-ability|p1a: Calyrex|Grim Neigh|boost
|-boost|p1a: Calyrex|spa|1
|
|upkeep
|
|t:|1641750498
|switch|p2a: Beren Erchamion|Marshadow|100/100
|turn|12
|
|t:|1641750506
|move|p1a: Calyrex|Astral Barrage|p2a: Beren Erchamion
|-supereffective|p2a: Beren Erchamion
|-damage|p2a: Beren Erchamion|0 fnt
|faint|p2a: Beren Erchamion
|-ability|p1a: Calyrex|Grim Neigh|boost
|-boost|p1a: Calyrex|spa|1
|
|upkeep
|c|☆soviet glonk|misclick
|c|☆soviet glonk|aaa
|
|t:|1641750517
|switch|p2a: Manwë|Arceus-Ground|100/100
|turn|13
|c|☆Flynn Watson ^~^|Rip
|
|t:|1641750522
|-start|p1a: Calyrex|Dynamax
|-heal|p1a: Calyrex|88/100|[silent]
|-start|p2a: Manwë|Dynamax
|-heal|p2a: Manwë|100/100|[silent]
|move|p1a: Calyrex|Max Overgrowth|p2a: Manwë
|-supereffective|p2a: Manwë
|-damage|p2a: Manwë|25/100
|-fieldstart|move: Grassy Terrain
|move|p2a: Manwë|Max Quake|p1a: Calyrex
|-damage|p1a: Calyrex|56/100
|-boost|p2a: Manwë|spd|1
|
|-heal|p1a: Calyrex|59/100|[from] Grassy Terrain
|-heal|p2a: Manwë|29/100|[from] Grassy Terrain
|upkeep
|turn|14
|
|t:|1641750527
|move|p1a: Calyrex|Max Phantasm|p2a: Manwë
|-damage|p2a: Manwë|0 fnt
|faint|p2a: Manwë
|-ability|p1a: Calyrex|Grim Neigh|boost
|-boost|p1a: Calyrex|spa|1
|
|-heal|p1a: Calyrex|62/100|[from] Grassy Terrain
|upkeep
|c|☆soviet glonk|gg
|c|☆Flynn Watson ^~^|Ggwp
|-message|soviet glonk forfeited.
|
|win|Flynn Watson ^~^
|raw|Flynn Watson ^~^'s rating: 1896 &rarr; <strong>1910</strong><br />(+14 for winning)
|raw|soviet glonk's rating: 1789 &rarr; <strong>1775</strong><br />(-14 for losing)
|l|☆soviet glonk
|c|☆Flynn Watson ^~^|Sorry for the misclick
|c|☆Flynn Watson ^~^|Lmao
|c|☆Flynn Watson ^~^|AYEEE
|c|☆Flynn Watson ^~^|AYOO
||Ladder isn't responding, score probably updated but might not have (Request timeout).
