|j|☆IWSK
|j|☆Ademsky
|t:|1652707443
|gametype|singles
|player|p1|IWSK|hiker-gen4|1721
|player|p2|Ademsky|169|1634
|teamsize|p1|6
|teamsize|p2|6
|gen|8
|tier|[Gen 8] National Dex AG
|rated|
|rule|HP Percentage Mod: HP is shown in percentages
|rule|Endless Battle Clause: Forcing endless battles is banned
|clearpoke
|poke|p1|Arceus-*|
|poke|p1|Necrozma-Dusk-Mane|
|poke|p1|Gengar, F|
|poke|p1|Ho-Oh|
|poke|p1|Gliscor, M|
|poke|p1|Yveltal|
|poke|p2|Groudon|
|poke|p2|Ho-Oh|
|poke|p2|Kyurem-White|
|poke|p2|Scizor, M|
|poke|p2|Garchomp, M|
|poke|p2|Shuckle, L1, F|
|teampreview
|inactive|Battle timer is ON: inactive players will automatically lose when time's up. (requested by IWSK)
|
|t:|1652707449
|start
|switch|p1a: Gengar|Gengar, F|100/100
|switch|p2a: Shuckle|Shuckle, L1, F|100/100
|turn|1
|j| rahull
|
|t:|1652707456
|switch|p2a: Ho-Oh|Ho-Oh|100/100
|detailschange|p1a: Gengar|Gengar-Mega, F
|-mega|p1a: Gengar|Gengar|Gengarite
|move|p1a: Gengar|Perish Song|p1a: Gengar
|-start|p1a: Gengar|perish3|[silent]
|-start|p2a: Ho-Oh|perish3|[silent]
|-fieldactivate|move: Perish Song
|
|-start|p1a: Gengar|perish3
|-start|p2a: Ho-Oh|perish3
|upkeep
|turn|2
|
|t:|1652707470
|switch|p1a: Ho-Oh|Ho-Oh|100/100
|move|p2a: Ho-Oh|Sacred Fire|p1a: Ho-Oh
|-resisted|p1a: Ho-Oh
|-damage|p1a: Ho-Oh|80/100
|
|-start|p2a: Ho-Oh|perish2
|upkeep
|turn|3
|
|t:|1652707479
|switch|p2a: Groudon|Groudon|100/100
|detailschange|p2a: Groudon|Groudon-Primal
|-primal|p2a: Groudon
|-weather|DesolateLand|[from] ability: Desolate Land|[of] p2a: Groudon
|move|p1a: Ho-Oh|Toxic|p2a: Groudon|[miss]
|-miss|p1a: Ho-Oh|p2a: Groudon
|
|-weather|DesolateLand|[upkeep]
|upkeep
|turn|4
|
|t:|1652707491
|switch|p1a: Arceus|Arceus-Water|100/100
|move|p2a: Groudon|Dragon Claw|p1a: Arceus
|-damage|p1a: Arceus|79/100
|
|-weather|DesolateLand|[upkeep]
|upkeep
|turn|5
|
|t:|1652707497
|move|p1a: Arceus|Toxic|p2a: Groudon
|-status|p2a: Groudon|tox
|move|p2a: Groudon|Precipice Blades|p1a: Arceus
|-damage|p1a: Arceus|33/100
|
|-weather|DesolateLand|[upkeep]
|-damage|p2a: Groudon|94/100 tox|[from] psn
|upkeep
|turn|6
|
|t:|1652707504
|-weather|none
|switch|p2a: Shuckle|Shuckle, L1, F|100/100
|move|p1a: Arceus|Recover|p1a: Arceus
|-heal|p1a: Arceus|83/100
|
|upkeep
|turn|7
|
|t:|1652707510
|switch|p1a: Gengar|Gengar-Mega, F|100/100
|move|p2a: Shuckle|Sticky Web|p1a: Gengar
|-sidestart|p1: IWSK|move: Sticky Web
|
|upkeep
|turn|8
|
|t:|1652707516
|move|p1a: Gengar|Encore|p2a: Shuckle
|-start|p2a: Shuckle|Encore
|move|p2a: Shuckle|Sticky Web||[still]
|-fail|p2a: Shuckle
|
|upkeep
|turn|9
|
|t:|1652707521
|move|p1a: Gengar|Perish Song|p1a: Gengar
|-start|p1a: Gengar|perish3|[silent]
|-start|p2a: Shuckle|perish3|[silent]
|-fieldactivate|move: Perish Song
|move|p2a: Shuckle|Sticky Web||[still]
|-fail|p2a: Shuckle
|
|-start|p1a: Gengar|perish3
|-start|p2a: Shuckle|perish3
|upkeep
|turn|10
|
|t:|1652707528
|move|p1a: Gengar|Perish Song||[still]
|-fail|p1a: Gengar
|move|p2a: Shuckle|Sticky Web||[still]
|-fail|p2a: Shuckle
|
|-end|p2a: Shuckle|Encore
|-start|p1a: Gengar|perish2
|-start|p2a: Shuckle|perish2
|upkeep
|turn|11
|
|t:|1652707536
|move|p1a: Gengar|Encore|p2a: Shuckle
|-start|p2a: Shuckle|Encore
|move|p2a: Shuckle|Sticky Web||[still]
|-fail|p2a: Shuckle
|
|-start|p1a: Gengar|perish1
|-start|p2a: Shuckle|perish1
|upkeep
|turn|12
|
|t:|1652707543
|switch|p1a: Gliscor|Gliscor, M|100/100
|move|p2a: Shuckle|Sticky Web||[still]
|-fail|p2a: Shuckle
|
|-start|p2a: Shuckle|perish0
|-status|p1a: Gliscor|tox|[from] item: Toxic Orb
|faint|p2a: Shuckle
|upkeep
|
|t:|1652707550
|switch|p2a: Kyurem|Kyurem-White|100/100
|-ability|p2a: Kyurem|Turboblaze
|turn|13
|
|t:|1652707555
|switch|p1a: Ho-Oh|Ho-Oh|100/100
|move|p2a: Kyurem|Fusion Flare|p1a: Ho-Oh
|-resisted|p1a: Ho-Oh
|-damage|p1a: Ho-Oh|92/100
|
|upkeep
|turn|14
|
|t:|1652707562
|switch|p2a: Scizor|Scizor, M|100/100
|move|p1a: Ho-Oh|Defog|p2a: Scizor
|-unboost|p2a: Scizor|evasion|1
|-sideend|p1: IWSK|Sticky Web|[from] move: Defog|[of] p1a: Ho-Oh
|
|upkeep
|turn|15
|
|t:|1652707568
|switch|p2a: Ho-Oh|Ho-Oh|100/100
|move|p1a: Ho-Oh|Sacred Fire|p2a: Ho-Oh
|-resisted|p2a: Ho-Oh
|-damage|p2a: Ho-Oh|81/100
|
|upkeep
|turn|16
|
|t:|1652707574
|move|p2a: Ho-Oh|Thunder Wave|p1a: Ho-Oh
|-status|p1a: Ho-Oh|par
|move|p1a: Ho-Oh|Toxic|p2a: Ho-Oh
|-status|p2a: Ho-Oh|tox
|
|-damage|p2a: Ho-Oh|75/100 tox|[from] psn
|upkeep
|turn|17
|
|t:|1652707581
|move|p2a: Ho-Oh|Sacred Fire|p1a: Ho-Oh
|-resisted|p1a: Ho-Oh
|-damage|p1a: Ho-Oh|73/100 par
|move|p1a: Ho-Oh|Sacred Fire|p2a: Ho-Oh
|-resisted|p2a: Ho-Oh
|-damage|p2a: Ho-Oh|55/100 tox
|
|-damage|p2a: Ho-Oh|43/100 tox|[from] psn
|upkeep
|turn|18
|
|t:|1652707590
|switch|p2a: Groudon|Groudon-Primal|94/100 tox
|-weather|DesolateLand|[from] ability: Desolate Land|[of] p2a: Groudon
|cant|p1a: Ho-Oh|par
|
|-weather|DesolateLand|[upkeep]
|-damage|p2a: Groudon|88/100 tox|[from] psn
|upkeep
|turn|19
|
|t:|1652707599
|switch|p1a: Arceus|Arceus-Water|83/100
|move|p2a: Groudon|Heat Crash|p1a: Arceus
|-resisted|p1a: Arceus
|-damage|p1a: Arceus|62/100
|
|-weather|DesolateLand|[upkeep]
|-damage|p2a: Groudon|76/100 tox|[from] psn
|upkeep
|turn|20
|
|t:|1652707607
|move|p1a: Arceus|Recover|p1a: Arceus
|-heal|p1a: Arceus|100/100
|move|p2a: Groudon|Precipice Blades|p1a: Arceus
|-damage|p1a: Arceus|56/100
|
|-weather|DesolateLand|[upkeep]
|-damage|p2a: Groudon|57/100 tox|[from] psn
|upkeep
|turn|21
|
|t:|1652707613
|-weather|none
|switch|p2a: Scizor|Scizor, M|100/100
|move|p1a: Arceus|Recover|p1a: Arceus
|-heal|p1a: Arceus|100/100
|
|upkeep
|turn|22
|
|t:|1652707619
|switch|p1a: Ho-Oh|Ho-Oh|100/100 par
|detailschange|p2a: Scizor|Scizor-Mega, M
|-mega|p2a: Scizor|Scizor|Scizorite
|move|p2a: Scizor|Swords Dance|p2a: Scizor
|-boost|p2a: Scizor|atk|2
|
|upkeep
|turn|23
|
|t:|1652707627
|switch|p2a: Garchomp|Garchomp, M|100/100
|cant|p1a: Ho-Oh|par
|
|upkeep
|turn|24
|
|t:|1652707632
|switch|p1a: Gliscor|Gliscor, M|100/100 tox
|move|p2a: Garchomp|Scale Shot|p1a: Gliscor
|-damage|p1a: Gliscor|90/100 tox
|-damage|p1a: Gliscor|79/100 tox
|-hitcount|p1a: Gliscor|2
|-unboost|p2a: Garchomp|def|1
|-boost|p2a: Garchomp|spe|1
|
|-heal|p1a: Gliscor|91/100 tox|[from] ability: Poison Heal
|upkeep
|turn|25
|
|t:|1652707642
|move|p2a: Garchomp|Stone Edge|p1a: Gliscor|[miss]
|-miss|p2a: Garchomp|p1a: Gliscor
|move|p1a: Gliscor|Toxic|p2a: Garchomp
|-status|p2a: Garchomp|tox
|
|-damage|p2a: Garchomp|94/100 tox|[from] psn
|-heal|p1a: Gliscor|100/100 tox|[from] ability: Poison Heal
|upkeep
|turn|26
|
|t:|1652707650
|move|p2a: Garchomp|Earthquake|p1a: Gliscor
|-immune|p1a: Gliscor
|move|p1a: Gliscor|Substitute|p1a: Gliscor
|-start|p1a: Gliscor|Substitute
|-damage|p1a: Gliscor|76/100 tox
|
|-damage|p2a: Garchomp|82/100 tox|[from] psn
|-heal|p1a: Gliscor|88/100 tox|[from] ability: Poison Heal
|upkeep
|turn|27
|
|t:|1652707658
|move|p1a: Gliscor|Protect|p1a: Gliscor
|-singleturn|p1a: Gliscor|Protect
|move|p2a: Garchomp|Stone Edge|p1a: Gliscor
|-activate|p1a: Gliscor|move: Protect
|
|-damage|p2a: Garchomp|64/100 tox|[from] psn
|-heal|p1a: Gliscor|100/100 tox|[from] ability: Poison Heal
|upkeep
|turn|28
|
|t:|1652707667
|switch|p2a: Kyurem|Kyurem-White|100/100
|-ability|p2a: Kyurem|Turboblaze
|move|p1a: Gliscor|Substitute|p1a: Gliscor
|-fail|p1a: Gliscor|move: Substitute
|
|upkeep
|turn|29
|
|t:|1652707675
|move|p2a: Kyurem|Freeze-Dry|p1a: Gliscor
|-supereffective|p1a: Gliscor
|-end|p1a: Gliscor|Substitute
|move|p1a: Gliscor|Toxic|p2a: Kyurem
|-status|p2a: Kyurem|tox
|
|-damage|p2a: Kyurem|94/100 tox|[from] psn
|upkeep
|turn|30
|
|t:|1652707682
|-start|p2a: Kyurem|Dynamax|
|-heal|p2a: Kyurem|94/100 tox|[silent]
|move|p1a: Gliscor|Protect|p1a: Gliscor
|-singleturn|p1a: Gliscor|Protect
|move|p2a: Kyurem|Max Hailstorm|p1a: Gliscor
|-supereffective|p1a: Gliscor
|-zbroken|p1a: Gliscor
|-damage|p1a: Gliscor|14/100 tox
|-weather|Hail
|
|-weather|Hail|[upkeep]
|-damage|p1a: Gliscor|7/100 tox|[from] Hail
|-damage|p2a: Kyurem|88/100 tox|[from] psn
|-heal|p1a: Gliscor|20/100 tox|[from] ability: Poison Heal
|upkeep
|turn|31
|
|t:|1652707695
|switch|p1a: Ho-Oh|Ho-Oh|100/100 par
|move|p2a: Kyurem|Max Flare|p1a: Ho-Oh
|-resisted|p1a: Ho-Oh
|-damage|p1a: Ho-Oh|89/100 par
|-weather|SunnyDay
|
|-weather|SunnyDay|[upkeep]
|-damage|p2a: Kyurem|79/100 tox|[from] psn
|upkeep
|turn|32
|
|t:|1652707704
|move|p2a: Kyurem|Max Wyrmwind|p1a: Ho-Oh
|-damage|p1a: Ho-Oh|53/100 par
|-unboost|p1a: Ho-Oh|atk|1
|move|p1a: Ho-Oh|Sacred Fire|p2a: Kyurem
|-damage|p2a: Kyurem|59/100 tox
|
|-weather|SunnyDay|[upkeep]
|-damage|p2a: Kyurem|46/100 tox|[from] psn
|upkeep
|-end|p2a: Kyurem|Dynamax
|-heal|p2a: Kyurem|46/100 tox|[silent]
|turn|33
|
|t:|1652707718
|switch|p2a: Garchomp|Garchomp, M|64/100 tox
|switch|p1a: Gliscor|Gliscor, M|20/100 tox
|
|-weather|SunnyDay|[upkeep]
|-damage|p2a: Garchomp|57/100 tox|[from] psn
|-heal|p1a: Gliscor|32/100 tox|[from] ability: Poison Heal
|upkeep
|turn|34
|
|t:|1652707726
|move|p1a: Gliscor|Protect|p1a: Gliscor
|-singleturn|p1a: Gliscor|Protect
|move|p2a: Garchomp|Stone Edge|p1a: Gliscor
|-activate|p1a: Gliscor|move: Protect
|
|-weather|SunnyDay|[upkeep]
|-damage|p2a: Garchomp|45/100 tox|[from] psn
|-heal|p1a: Gliscor|45/100 tox|[from] ability: Poison Heal
|upkeep
|turn|35
|
|t:|1652707735
|switch|p1a: Arceus|Arceus-Water|100/100
|move|p2a: Garchomp|Stone Edge|p1a: Arceus
|-damage|p1a: Arceus|82/100
|
|-weather|none
|-damage|p2a: Garchomp|27/100 tox|[from] psn
|upkeep
|turn|36
|
|t:|1652707742
|switch|p2a: Scizor|Scizor-Mega, M|100/100
|move|p1a: Arceus|Recover|p1a: Arceus
|-heal|p1a: Arceus|100/100
|
|upkeep
|turn|37
|
|t:|1652707748
|switch|p1a: Ho-Oh|Ho-Oh|86/100 par
|move|p2a: Scizor|Dual Wingbeat|p1a: Ho-Oh
|-damage|p1a: Ho-Oh|64/100 par
|-damage|p1a: Ho-Oh|40/100 par
|-hitcount|p1a: Ho-Oh|2
|
|upkeep
|turn|38
|
|t:|1652707755
|move|p2a: Scizor|Dual Wingbeat|p1a: Ho-Oh|[miss]
|-miss|p2a: Scizor|p1a: Ho-Oh
|move|p1a: Ho-Oh|Sacred Fire|p2a: Scizor
|-supereffective|p2a: Scizor
|-damage|p2a: Scizor|0 fnt
|faint|p2a: Scizor
|
|upkeep
|-message|Ademsky forfeited.
|
|win|IWSK
|raw|IWSK's rating: 1721 &rarr; <strong>1736</strong><br />(+15 for winning)
|raw|Ademsky's rating: 1634 &rarr; <strong>1619</strong><br />(-15 for losing)
|l|☆Ademsky
|j|☆Ademsky
|player|p2|Ademsky|169
