|j|☆Better Alone
|j|☆IAMBRUHMOMENT
|t:|1655835506
|gametype|singles
|player|p1|Better Alone|hiker-gen4|1402
|player|p2|IAMBRUHMOMENT|101|1341
|teamsize|p1|6
|teamsize|p2|6
|gen|8
|tier|[Gen 8] National Dex AG
|rated|
|rule|HP Percentage Mod: HP is shown in percentages
|rule|Endless Battle Clause: Forcing endless battles is banned
|clearpoke
|poke|p1|Beedrill, M|
|poke|p1|Darmanitan-Galar, F|
|poke|p1|Landorus-Therian, M|
|poke|p1|Ho-Oh|
|poke|p1|Toxapex, M|
|poke|p1|Calyrex-Shadow|
|poke|p2|Charizard, F|
|poke|p2|Cinderace, M|
|poke|p2|Weavile, M|
|poke|p2|Excadrill, F|
|poke|p2|Hitmonlee, M|
|poke|p2|Comfey, F|
|teampreview
|inactive|Battle timer is ON: inactive players will automatically lose when time's up. (requested by Better Alone)
|
|t:|1655835510
|start
|switch|p1a: Beedrill|Beedrill, M|100/100
|switch|p2a: Weavile|Weavile, M|100/100
|turn|1
|
|t:|1655835517
|switch|p1a: Toxapex|Toxapex, M|100/100
|move|p2a: Weavile|Fake Out|p1a: Toxapex
|-damage|p1a: Toxapex|93/100
|
|-heal|p1a: Toxapex|99/100|[from] item: Leftovers
|upkeep
|turn|2
|
|t:|1655835522
|move|p1a: Toxapex|Baneful Bunker|p1a: Toxapex
|-singleturn|p1a: Toxapex|move: Protect
|move|p2a: Weavile|Beat Up|p1a: Toxapex
|-activate|p1a: Toxapex|move: Protect
|
|-heal|p1a: Toxapex|100/100|[from] item: Leftovers
|upkeep
|turn|3
|
|t:|1655835530
|move|p2a: Weavile|Beat Up|p1a: Toxapex
|-damage|p1a: Toxapex|96/100
|-damage|p1a: Toxapex|90/100
|-damage|p1a: Toxapex|86/100
|-damage|p1a: Toxapex|81/100
|-damage|p1a: Toxapex|76/100
|-damage|p1a: Toxapex|73/100
|-hitcount|p1a: Toxapex|6
|cant|p1a: Toxapex|flinch
|
|-heal|p1a: Toxapex|79/100|[from] item: Leftovers
|upkeep
|turn|4
|
|t:|1655835540
|move|p2a: Weavile|Beat Up|p1a: Toxapex
|-damage|p1a: Toxapex|74/100
|-damage|p1a: Toxapex|69/100
|-damage|p1a: Toxapex|65/100
|-damage|p1a: Toxapex|59/100
|-damage|p1a: Toxapex|53/100
|-damage|p1a: Toxapex|50/100
|-hitcount|p1a: Toxapex|6
|cant|p1a: Toxapex|flinch
|
|-heal|p1a: Toxapex|56/100|[from] item: Leftovers
|upkeep
|turn|5
|
|t:|1655835544
|move|p2a: Weavile|Beat Up|p1a: Toxapex
|-damage|p1a: Toxapex|50/100
|-crit|p1a: Toxapex
|-damage|p1a: Toxapex|42/100
|-damage|p1a: Toxapex|37/100
|-damage|p1a: Toxapex|32/100
|-damage|p1a: Toxapex|27/100
|-damage|p1a: Toxapex|24/100
|-hitcount|p1a: Toxapex|6
|cant|p1a: Toxapex|flinch
|
|-heal|p1a: Toxapex|30/100|[from] item: Leftovers
|upkeep
|turn|6
|
|t:|1655835555
|switch|p1a: Landorus|Landorus-Therian, M|100/100
|-ability|p1a: Landorus|Intimidate|boost
|-unboost|p2a: Weavile|atk|1
|move|p2a: Weavile|Beat Up|p1a: Landorus
|-crit|p1a: Landorus
|-damage|p1a: Landorus|85/100
|-damage|p1a: Landorus|78/100
|-damage|p1a: Landorus|72/100
|-damage|p1a: Landorus|66/100
|-damage|p1a: Landorus|60/100
|-damage|p1a: Landorus|56/100
|-hitcount|p1a: Landorus|6
|
|upkeep
|turn|7
|
|t:|1655835566
|switch|p1a: Toxapex|Toxapex, M|63/100
|move|p2a: Weavile|Beat Up|p1a: Toxapex
|-damage|p1a: Toxapex|60/100
|-damage|p1a: Toxapex|56/100
|-damage|p1a: Toxapex|53/100
|-damage|p1a: Toxapex|50/100
|-damage|p1a: Toxapex|46/100
|-damage|p1a: Toxapex|44/100
|-hitcount|p1a: Toxapex|6
|
|-heal|p1a: Toxapex|50/100|[from] item: Leftovers
|upkeep
|turn|8
|
|t:|1655835578
|switch|p2a: Charizard|Charizard, F|100/100
|switch|p1a: Landorus|Landorus-Therian, M|56/100
|-ability|p1a: Landorus|Intimidate|boost
|-unboost|p2a: Charizard|atk|1
|
|upkeep
|turn|9
|
|t:|1655835590
|switch|p1a: Toxapex|Toxapex, M|83/100
|move|p2a: Charizard|Dragon Dance|p2a: Charizard
|-boost|p2a: Charizard|atk|1
|-boost|p2a: Charizard|spe|1
|
|-heal|p1a: Toxapex|90/100|[from] item: Leftovers
|upkeep
|turn|10
|
|t:|1655835598
|move|p2a: Charizard|Dragon Dance|p2a: Charizard
|-boost|p2a: Charizard|atk|1
|-boost|p2a: Charizard|spe|1
|move|p1a: Toxapex|Scald|p2a: Charizard
|-supereffective|p2a: Charizard
|-damage|p2a: Charizard|60/100
|
|-heal|p1a: Toxapex|96/100|[from] item: Leftovers
|upkeep
|turn|11
|
|t:|1655835608
|detailschange|p2a: Charizard|Charizard-Mega-X, F
|-mega|p2a: Charizard|Charizard|Charizardite X
|move|p2a: Charizard|Earthquake|p1a: Toxapex
|-supereffective|p1a: Toxapex
|-damage|p1a: Toxapex|24/100
|move|p1a: Toxapex|Haze|p1a: Toxapex
|-clearallboost
|
|-heal|p1a: Toxapex|30/100|[from] item: Leftovers
|upkeep
|turn|12
|
|t:|1655835615
|move|p1a: Toxapex|Baneful Bunker|p1a: Toxapex
|-singleturn|p1a: Toxapex|move: Protect
|move|p2a: Charizard|Dragon Dance|p2a: Charizard
|-boost|p2a: Charizard|atk|1
|-boost|p2a: Charizard|spe|1
|
|-heal|p1a: Toxapex|36/100|[from] item: Leftovers
|upkeep
|turn|13
|
|t:|1655835621
|switch|p1a: Landorus|Landorus-Therian, M|56/100
|-ability|p1a: Landorus|Intimidate|boost
|-unboost|p2a: Charizard|atk|1
|move|p2a: Charizard|Dual Wingbeat|p1a: Landorus
|-damage|p1a: Landorus|35/100
|-damage|p1a: Landorus|10/100
|-hitcount|p1a: Landorus|2
|
|upkeep
|turn|14
|
|t:|1655835636
|switch|p1a: Toxapex|Toxapex, M|69/100
|move|p2a: Charizard|Fire Punch|p1a: Toxapex
|-resisted|p1a: Toxapex
|-damage|p1a: Toxapex|51/100
|
|-heal|p1a: Toxapex|57/100|[from] item: Leftovers
|upkeep
|turn|15
|
|t:|1655835648
|move|p2a: Charizard|Earthquake|p1a: Toxapex
|-supereffective|p1a: Toxapex
|-damage|p1a: Toxapex|14/100
|move|p1a: Toxapex|Haze|p1a: Toxapex
|-clearallboost
|
|-heal|p1a: Toxapex|20/100|[from] item: Leftovers
|upkeep
|turn|16
|
|t:|1655835660
|move|p1a: Toxapex|Baneful Bunker|p1a: Toxapex
|-singleturn|p1a: Toxapex|move: Protect
|move|p2a: Charizard|Dragon Dance|p2a: Charizard
|-boost|p2a: Charizard|atk|1
|-boost|p2a: Charizard|spe|1
|
|-heal|p1a: Toxapex|26/100|[from] item: Leftovers
|upkeep
|turn|17
|
|t:|1655835665
|switch|p1a: Landorus|Landorus-Therian, M|10/100
|-ability|p1a: Landorus|Intimidate|boost
|-unboost|p2a: Charizard|atk|1
|move|p2a: Charizard|Dual Wingbeat|p1a: Landorus|[miss]
|-miss|p2a: Charizard|p1a: Landorus
|
|upkeep
|turn|18
|
|t:|1655835675
|switch|p1a: Toxapex|Toxapex, M|60/100
|move|p2a: Charizard|Dual Wingbeat|p1a: Toxapex
|-damage|p1a: Toxapex|47/100
|-damage|p1a: Toxapex|34/100
|-hitcount|p1a: Toxapex|2
|
|-heal|p1a: Toxapex|41/100|[from] item: Leftovers
|upkeep
|turn|19
|
|t:|1655835680
|move|p1a: Toxapex|Baneful Bunker|p1a: Toxapex
|-singleturn|p1a: Toxapex|move: Protect
|move|p2a: Charizard|Earthquake|p1a: Toxapex
|-activate|p1a: Toxapex|move: Protect
|
|-heal|p1a: Toxapex|47/100|[from] item: Leftovers
|upkeep
|turn|20
|
|t:|1655835688
|move|p2a: Charizard|Dragon Dance|p2a: Charizard
|-boost|p2a: Charizard|atk|1
|-boost|p2a: Charizard|spe|1
|move|p1a: Toxapex|Recover|p1a: Toxapex
|-heal|p1a: Toxapex|97/100
|
|-heal|p1a: Toxapex|100/100|[from] item: Leftovers
|upkeep
|turn|21
|
|t:|1655835693
|move|p2a: Charizard|Earthquake|p1a: Toxapex
|-supereffective|p1a: Toxapex
|-damage|p1a: Toxapex|31/100
|move|p1a: Toxapex|Haze|p1a: Toxapex
|-clearallboost
|
|-heal|p1a: Toxapex|37/100|[from] item: Leftovers
|upkeep
|turn|22
|
|t:|1655835701
|move|p2a: Charizard|Earthquake|p1a: Toxapex
|-supereffective|p1a: Toxapex
|-damage|p1a: Toxapex|0 fnt
|faint|p1a: Toxapex
|
|upkeep
|
|t:|1655835704
|switch|p1a: Calyrex|Calyrex-Shadow|100/100
|-ability|p1a: Calyrex|As One
|-ability|p1a: Calyrex|Unnerve
|turn|23
|
|t:|1655835719
|switch|p2a: Weavile|Weavile, M|100/100
|move|p1a: Calyrex|Astral Barrage|p2a: Weavile
|-resisted|p2a: Weavile
|-damage|p2a: Weavile|52/100
|
|upkeep
|turn|24
|
|t:|1655835734
|-start|p1a: Calyrex|Dynamax|
|-heal|p1a: Calyrex|100/100|[silent]
|move|p2a: Weavile|Ice Shard|p1a: Calyrex
|-damage|p1a: Calyrex|88/100
|move|p1a: Calyrex|Max Phantasm|p2a: Weavile
|-resisted|p2a: Weavile
|-damage|p2a: Weavile|0 fnt
|faint|p2a: Weavile
|-ability|p1a: Calyrex|Grim Neigh|boost
|-boost|p1a: Calyrex|spa|1
|
|upkeep
|inactive|IAMBRUHMOMENT has 120 seconds left.
|
|t:|1655835775
|switch|p2a: Cinderace|Cinderace, M|100/100
|turn|25
|
|t:|1655835781
|-end|p1a: Calyrex|Dynamax
|-heal|p1a: Calyrex|88/100|[silent]
|switch|p1a: Landorus|Landorus-Therian, M|10/100
|-ability|p1a: Landorus|Intimidate|boost
|-unboost|p2a: Cinderace|atk|1
|move|p2a: Cinderace|Sucker Punch||[still]
|-fail|p2a: Cinderace
|
|upkeep
|turn|26
|
|t:|1655835790
|move|p2a: Cinderace|Acrobatics|p1a: Landorus
|-start|p2a: Cinderace|typechange|Flying|[from] ability: Libero
|-damage|p1a: Landorus|0 fnt
|faint|p1a: Landorus
|
|upkeep
|
|t:|1655835804
|switch|p1a: Darmanitan|Darmanitan-Galar, F|100/100
|turn|27
|
|t:|1655835809
|move|p1a: Darmanitan|Icicle Crash|p2a: Cinderace
|-supereffective|p2a: Cinderace
|-damage|p2a: Cinderace|0 fnt
|faint|p2a: Cinderace
|
|upkeep
|
|t:|1655835822
|switch|p2a: Excadrill|Excadrill, F|100/100
|-ability|p2a: Excadrill|Mold Breaker
|turn|28
|
|t:|1655835826
|switch|p1a: Ho-Oh|Ho-Oh|100/100
|move|p2a: Excadrill|Rapid Spin|p1a: Ho-Oh
|-damage|p1a: Ho-Oh|85/100
|-boost|p2a: Excadrill|spe|1
|
|-heal|p1a: Ho-Oh|91/100|[from] item: Leftovers
|upkeep
|turn|29
|
|t:|1655835830
|move|p2a: Excadrill|Rock Slide|p1a: Ho-Oh
|-supereffective|p1a: Ho-Oh
|-damage|p1a: Ho-Oh|0 fnt
|faint|p1a: Ho-Oh
|
|upkeep
|
|t:|1655835837
|switch|p1a: Darmanitan|Darmanitan-Galar, F|100/100
|turn|30
|
|t:|1655835848
|move|p1a: Darmanitan|Flare Blitz|p2a: Excadrill
|-supereffective|p2a: Excadrill
|-damage|p2a: Excadrill|0 fnt
|faint|p2a: Excadrill
|-damage|p1a: Darmanitan|67/100|[from] Recoil
|
|upkeep
|
|t:|1655835853
|switch|p2a: Charizard|Charizard-Mega-X, F|60/100
|turn|31
|
|t:|1655835856
|move|p1a: Darmanitan|Flare Blitz|p2a: Charizard
|-resisted|p2a: Charizard
|-damage|p2a: Charizard|42/100
|-damage|p1a: Darmanitan|62/100|[from] Recoil
|move|p2a: Charizard|Dragon Dance|p2a: Charizard
|-boost|p2a: Charizard|atk|1
|-boost|p2a: Charizard|spe|1
|
|upkeep
|turn|32
|
|t:|1655835860
|move|p1a: Darmanitan|Flare Blitz|p2a: Charizard
|-resisted|p2a: Charizard
|-damage|p2a: Charizard|25/100
|-damage|p1a: Darmanitan|57/100|[from] Recoil
|move|p2a: Charizard|Dragon Dance|p2a: Charizard
|-boost|p2a: Charizard|atk|1
|-boost|p2a: Charizard|spe|1
|
|upkeep
|turn|33
|
|t:|1655835865
|move|p2a: Charizard|Fire Punch|p1a: Darmanitan
|-supereffective|p1a: Darmanitan
|-damage|p1a: Darmanitan|0 fnt
|faint|p1a: Darmanitan
|
|upkeep
|
|t:|1655835868
|switch|p1a: Calyrex|Calyrex-Shadow|88/100
|-ability|p1a: Calyrex|As One
|-ability|p1a: Calyrex|Unnerve
|turn|34
|
|t:|1655835873
|move|p2a: Charizard|Fire Punch|p1a: Calyrex
|-crit|p1a: Calyrex
|-damage|p1a: Calyrex|0 fnt
|faint|p1a: Calyrex
|
|upkeep
|
|t:|1655835875
|switch|p1a: Beedrill|Beedrill, M|100/100
|turn|35
|
|t:|1655835879
|detailschange|p1a: Beedrill|Beedrill-Mega, M
|-mega|p1a: Beedrill|Beedrill|Beedrillite
|move|p2a: Charizard|Fire Punch|p1a: Beedrill
|-supereffective|p1a: Beedrill
|-damage|p1a: Beedrill|0 fnt
|faint|p1a: Beedrill
|
|win|IAMBRUHMOMENT
|raw|Better Alone's rating: 1402 &rarr; <strong>1379</strong><br />(-23 for losing)
|raw|IAMBRUHMOMENT's rating: 1341 &rarr; <strong>1364</strong><br />(+23 for winning)
|c|☆IAMBRUHMOMENT|https://www.youtube.com/watch?v=1B69YC5rA3Y
