|j|☆Shika ga daisuki
|j|☆dejnio
|t:|1609965249
|player|p1|Shika ga daisuki|erika-gen2|1658
|player|p2|dejnio|170|1617
|teamsize|p1|6
|teamsize|p2|6
|gametype|singles
|gen|8
|tier|[Gen 8] National Dex AG
|rated|
|clearpoke
|poke|p1|Deoxys-Speed|
|poke|p1|Rayquaza|
|poke|p1|Yveltal|
|poke|p1|Ditto|
|poke|p1|Calyrex-Shadow|
|poke|p1|Zacian-Crowned|
|poke|p2|Ditto|
|poke|p2|Chansey, F|
|poke|p2|Corviknight, F|
|poke|p2|Gengar, F|
|poke|p2|Toxapex, F|
|poke|p2|Breloom, F|
|rule|HP Percentage Mod: HP is shown in percentages
|rule|Endless Battle Clause: Forcing endless battles is banned
|teampreview
|inactive|Battle timer is ON: inactive players will automatically lose when time's up. (requested by Shika ga daisuki)
|
|t:|1609965263
|start
|switch|p1a: Deoxys|Deoxys-Speed|100/100
|switch|p2a: Gengar|Gengar, F|100/100
|-ability|p1a: Deoxys|Pressure
|turn|1
|
|t:|1609965270
|switch|p1a: Yveltal|Yveltal|100/100
|-ability|p1a: Yveltal|Dark Aura
|detailschange|p2a: Gengar|Gengar-Mega, F
|-mega|p2a: Gengar|Gengar|Gengarite
|move|p2a: Gengar|Substitute|p2a: Gengar
|-start|p2a: Gengar|Substitute
|-damage|p2a: Gengar|76/100
|
|upkeep
|turn|2
|
|t:|1609965275
|move|p2a: Gengar|Shadow Ball|p1a: Yveltal
|-resisted|p1a: Yveltal
|-damage|p1a: Yveltal|82/100
|move|p1a: Yveltal|Dark Pulse|p2a: Gengar
|-supereffective|p2a: Gengar
|-end|p2a: Gengar|Substitute
|-damage|p1a: Yveltal|72/100|[from] item: Life Orb
|
|upkeep
|turn|3
|
|t:|1609965280
|move|p2a: Gengar|Disable|p1a: Yveltal
|-start|p1a: Yveltal|Disable|Dark Pulse
|move|p1a: Yveltal|Oblivion Wing|p2a: Gengar
|-damage|p2a: Gengar|14/100
|-heal|p1a: Yveltal|100/100|[from] drain|[of] p2a: Gengar
|-damage|p1a: Yveltal|91/100|[from] item: Life Orb
|
|upkeep
|turn|4
|
|t:|1609965286
|switch|p2a: Chansey|Chansey, F|100/100
|move|p1a: Yveltal|Oblivion Wing|p2a: Chansey
|-damage|p2a: Chansey|83/100
|-heal|p1a: Yveltal|100/100|[from] drain|[of] p2a: Chansey
|-damage|p1a: Yveltal|91/100|[from] item: Life Orb
|
|upkeep
|turn|5
|
|t:|1609965296
|move|p1a: Yveltal|Taunt|p2a: Chansey
|-start|p2a: Chansey|move: Taunt
|cant|p2a: Chansey|move: Taunt|Stealth Rock
|
|upkeep
|turn|6
|
|t:|1609965303
|switch|p1a: Deoxys|Deoxys-Speed|100/100
|-ability|p1a: Deoxys|Pressure
|move|p2a: Chansey|Seismic Toss|p1a: Deoxys
|-damage|p1a: Deoxys|68/100
|
|upkeep
|turn|7
|
|t:|1609965306
|switch|p2a: Gengar|Gengar-Mega, F|14/100
|move|p1a: Deoxys|Stealth Rock|p2a: Gengar
|-sidestart|p2: dejnio|move: Stealth Rock
|
|upkeep
|turn|8
|
|t:|1609965312
|move|p1a: Deoxys|Light Screen|p1a: Deoxys
|-sidestart|p1: Shika ga daisuki|move: Light Screen
|move|p2a: Gengar|Shadow Ball|p1a: Deoxys
|-supereffective|p1a: Deoxys
|-damage|p1a: Deoxys|14/100
|
|upkeep
|turn|9
|
|t:|1609965317
|move|p1a: Deoxys|Reflect|p1a: Deoxys
|-sidestart|p1: Shika ga daisuki|Reflect
|move|p2a: Gengar|Encore|p1a: Deoxys
|-start|p1a: Deoxys|Encore
|
|upkeep
|turn|10
|
|t:|1609965322
|switch|p2a: Corviknight|Corviknight, F|100/100
|-damage|p2a: Corviknight|88/100|[from] Stealth Rock
|-ability|p2a: Corviknight|Pressure
|move|p1a: Deoxys|Reflect||[still]
|-fail|p1a: Deoxys
|
|upkeep
|turn|11
|
|t:|1609965332
|switch|p1a: Calyrex|Calyrex-Shadow|100/100
|-ability|p1a: Calyrex|As One
|-ability|p1a: Calyrex|Unnerve|p2: dejnio
|move|p2a: Corviknight|Defog|p1a: Calyrex
|-unboost|p1a: Calyrex|evasion|1
|-sideend|p1: Shika ga daisuki|Reflect
|-sideend|p1: Shika ga daisuki|move: Light Screen
|-sideend|p2: dejnio|Stealth Rock|[from] move: Defog|[of] p2a: Corviknight
|
|upkeep
|turn|12
|
|t:|1609965342
|switch|p2a: Chansey|Chansey, F|83/100
|move|p1a: Calyrex|Substitute|p1a: Calyrex
|-start|p1a: Calyrex|Substitute
|-damage|p1a: Calyrex|76/100
|
|upkeep
|turn|13
|
|t:|1609965345
|move|p1a: Calyrex|Nasty Plot|p1a: Calyrex
|-boost|p1a: Calyrex|spa|2
|move|p2a: Chansey|Stealth Rock|p1a: Calyrex
|-sidestart|p1: Shika ga daisuki|move: Stealth Rock
|
|upkeep
|turn|14
|
|t:|1609965358
|switch|p2a: Toxapex|Toxapex, F|100/100
|move|p1a: Calyrex|Nasty Plot|p1a: Calyrex
|-boost|p1a: Calyrex|spa|2
|
|upkeep
|turn|15
|
|t:|1609965362
|switch|p2a: Gengar|Gengar-Mega, F|14/100
|move|p1a: Calyrex|Astral Barrage|p2a: Gengar
|-supereffective|p2a: Gengar
|-damage|p2a: Gengar|0 fnt
|-damage|p1a: Calyrex|66/100|[from] item: Life Orb
|faint|p2a: Gengar
|-ability|p1a: Calyrex|Grim Neigh|boost
|-boost|p1a: Calyrex|spa|1
|
|upkeep
|
|t:|1609965365
|switch|p2a: Ditto|Ditto|100/100
|turn|16
|-message|dejnio forfeited.
|
|win|Shika ga daisuki
|l|☆dejnio
|c|☆Shika ga daisuki|man
||Ladder (probably) updated, but score could not be retrieved (Request timeout).
