|j|☆IAmJklol
|j|☆85792195wwww
|t:|1661791136
|gametype|singles
|player|p1|IAmJklol|red|1893
|player|p2|85792195wwww|lady|1751
|teamsize|p1|6
|teamsize|p2|6
|gen|8
|tier|[Gen 8] National Dex AG
|rated|
|rule|HP Percentage Mod: HP is shown in percentages
|rule|Endless Battle Clause: Forcing endless battles is banned
|clearpoke
|poke|p1|Ho-Oh|
|poke|p1|Necrozma-Dusk-Mane|
|poke|p1|Zygarde|
|poke|p1|Rayquaza|
|poke|p1|Calyrex-Shadow|
|poke|p1|Arceus-*|
|poke|p2|Rayquaza|
|poke|p2|Zacian-*|
|poke|p2|Kyogre|
|poke|p2|Arceus-*|
|poke|p2|Marshadow|
|poke|p2|Ditto|
|teampreview
|inactive|Battle timer is ON: inactive players will automatically lose when time's up. (requested by IAmJklol)
|
|t:|1661791144
|start
|switch|p1a: Rayquaza|Rayquaza|100/100
|switch|p2a: Arceus|Arceus-Electric|100/100
|-ability|p1a: Rayquaza|Air Lock
|turn|1
|
|t:|1661791156
|detailschange|p1a: Rayquaza|Rayquaza-Mega
|-mega|p1a: Rayquaza|Rayquaza|
|-weather|DeltaStream|[from] ability: Delta Stream|[of] p1a: Rayquaza
|move|p2a: Arceus|Stealth Rock|p1a: Rayquaza
|-sidestart|p1: IAmJklol|move: Stealth Rock
|move|p1a: Rayquaza|V-create|p2a: Arceus
|-crit|p2a: Arceus
|-damage|p2a: Arceus|0 fnt
|-unboost|p1a: Rayquaza|spe|1
|-unboost|p1a: Rayquaza|def|1
|-unboost|p1a: Rayquaza|spd|1
|faint|p2a: Arceus
|
|-weather|DeltaStream|[upkeep]
|upkeep
|c|☆IAmJklol|f
|
|t:|1661791178
|switch|p2a: Rayquaza|Rayquaza|100/100
|-ability|p2a: Rayquaza|Air Lock
|turn|2
|
|t:|1661791192
|-weather|none
|switch|p1a: Zygarde|Zygarde|100/100
|-damage|p1a: Zygarde|94/100|[from] Stealth Rock
|detailschange|p2a: Rayquaza|Rayquaza-Mega
|-mega|p2a: Rayquaza|Rayquaza|
|-weather|DeltaStream|[from] ability: Delta Stream|[of] p2a: Rayquaza
|move|p2a: Rayquaza|Scale Shot|p1a: Zygarde
|-supereffective|p1a: Zygarde
|-damage|p1a: Zygarde|60/100
|-supereffective|p1a: Zygarde
|-damage|p1a: Zygarde|25/100
|-supereffective|p1a: Zygarde
|-damage|p1a: Zygarde|0 fnt
|faint|p1a: Zygarde
|-hitcount|p1: Zygarde|3
|-unboost|p2a: Rayquaza|def|1
|-boost|p2a: Rayquaza|spe|1
|
|-weather|DeltaStream|[upkeep]
|upkeep
|
|t:|1661791200
|switch|p1a: Calyrex|Calyrex-Shadow|100/100
|-ability|p1a: Calyrex|As One
|-ability|p1a: Calyrex|Unnerve
|-damage|p1a: Calyrex|88/100|[from] Stealth Rock
|turn|3
|
|t:|1661791215
|move|p1a: Calyrex|Psyshock|p2a: Rayquaza
|-damage|p2a: Rayquaza|24/100
|move|p2a: Rayquaza|Scale Shot|p1a: Calyrex
|-damage|p1a: Calyrex|57/100
|-damage|p1a: Calyrex|23/100
|-damage|p1a: Calyrex|0 fnt
|faint|p1a: Calyrex
|-hitcount|p1: Calyrex|3
|-unboost|p2a: Rayquaza|def|1
|-boost|p2a: Rayquaza|spe|1
|
|-weather|DeltaStream|[upkeep]
|upkeep
|
|t:|1661791225
|switch|p1a: Rayquaza|Rayquaza-Mega|100/100
|-damage|p1a: Rayquaza|76/100|[from] Stealth Rock
|turn|4
|
|t:|1661791232
|switch|p2a: Marshadow|Marshadow|100/100
|move|p1a: Rayquaza|Extreme Speed|p2a: Marshadow
|-immune|p2a: Marshadow
|
|-weather|DeltaStream|[upkeep]
|upkeep
|turn|5
|
|t:|1661791240
|-weather|none
|switch|p1a: Necrozma|Necrozma-Dusk-Mane|100/100
|-damage|p1a: Necrozma|94/100|[from] Stealth Rock
|move|p2a: Marshadow|Poltergeist|p1a: Necrozma
|-activate|p1a: Necrozma|move: Poltergeist|Rocky Helmet
|-supereffective|p1a: Necrozma
|-damage|p1a: Necrozma|40/100
|-damage|p2a: Marshadow|91/100|[from] item: Life Orb
|
|upkeep
|turn|6
|
|t:|1661791251
|move|p2a: Marshadow|Poltergeist|p1a: Necrozma
|-activate|p1a: Necrozma|move: Poltergeist|Rocky Helmet
|-supereffective|p1a: Necrozma
|-damage|p1a: Necrozma|0 fnt
|faint|p1a: Necrozma
|-damage|p2a: Marshadow|81/100|[from] item: Life Orb
|
|upkeep
|
|t:|1661791258
|switch|p1a: Ho-Oh|Ho-Oh|100/100
|turn|7
|
|t:|1661791262
|switch|p2a: Kyogre|Kyogre|100/100
|detailschange|p2a: Kyogre|Kyogre-Primal
|-primal|p2a: Kyogre
|-weather|PrimordialSea|[from] ability: Primordial Sea|[of] p2a: Kyogre
|move|p1a: Ho-Oh|Thunder Wave|p2a: Kyogre
|-status|p2a: Kyogre|par
|
|-weather|PrimordialSea|[upkeep]
|upkeep
|turn|8
|
|t:|1661791272
|move|p1a: Ho-Oh|Defog|p2a: Kyogre
|-unboost|p2a: Kyogre|evasion|1
|-sideend|p1: IAmJklol|Stealth Rock|[from] move: Defog|[of] p1a: Ho-Oh
|move|p2a: Kyogre|Water Spout|p1a: Ho-Oh
|-supereffective|p1a: Ho-Oh
|-damage|p1a: Ho-Oh|0 fnt
|faint|p1a: Ho-Oh
|
|-weather|PrimordialSea|[upkeep]
|upkeep
|
|t:|1661791275
|switch|p1a: Rayquaza|Rayquaza-Mega|76/100
|-weather|DeltaStream|[from] ability: Delta Stream|[of] p1a: Rayquaza
|turn|9
|
|t:|1661791285
|move|p1a: Rayquaza|Dragon Ascent|p2a: Kyogre
|-damage|p2a: Kyogre|4/100 par
|-unboost|p1a: Rayquaza|def|1
|-unboost|p1a: Rayquaza|spd|1
|move|p2a: Kyogre|Ice Beam|p1a: Rayquaza
|-activate||deltastream
|-supereffective|p1a: Rayquaza
|-damage|p1a: Rayquaza|0 fnt
|faint|p1a: Rayquaza
|-weather|none
|
|upkeep
|
|t:|1661791289
|switch|p1a: Arceus|Arceus-Water|100/100
|turn|10
|
|t:|1661791298
|move|p1a: Arceus|Substitute|p1a: Arceus
|-start|p1a: Arceus|Substitute
|-damage|p1a: Arceus|75/100
|move|p2a: Kyogre|Scald|p1a: Arceus
|-resisted|p1a: Arceus
|-activate|p1a: Arceus|move: Substitute|[damage]
|
|upkeep
|turn|11
|
|t:|1661791306
|move|p1a: Arceus|Calm Mind|p1a: Arceus
|-boost|p1a: Arceus|spa|1
|-boost|p1a: Arceus|spd|1
|move|p2a: Kyogre|Scald|p1a: Arceus
|-resisted|p1a: Arceus
|-end|p1a: Arceus|Substitute
|
|upkeep
|turn|12
|
|t:|1661791315
|switch|p2a: Marshadow|Marshadow|81/100
|move|p1a: Arceus|Substitute|p1a: Arceus
|-start|p1a: Arceus|Substitute
|-damage|p1a: Arceus|50/100
|
|upkeep
|turn|13
|
|t:|1661791323
|move|p2a: Marshadow|Force Palm|p1a: Arceus
|-end|p1a: Arceus|Substitute
|-damage|p2a: Marshadow|71/100|[from] item: Life Orb
|move|p1a: Arceus|Judgment|p2a: Marshadow
|-crit|p2a: Marshadow
|-damage|p2a: Marshadow|0 fnt
|faint|p2a: Marshadow
|
|upkeep
|
|t:|1661791335
|switch|p2a: Zacian|Zacian-Crowned|100/100
|-ability|p2a: Zacian|Intrepid Sword|boost
|-boost|p2a: Zacian|atk|1
|turn|14
|
|t:|1661791361
|-start|p1a: Arceus|Dynamax|
|-heal|p1a: Arceus|50/100|[silent]
|move|p2a: Zacian|Substitute|p2a: Zacian
|-start|p2a: Zacian|Substitute
|-damage|p2a: Zacian|76/100
|move|p1a: Arceus|Max Geyser|p2a: Zacian
|-end|p2a: Zacian|Substitute
|-weather|RainDance
|
|-weather|RainDance|[upkeep]
|upkeep
|turn|15
|
|t:|1661791374
|switch|p2a: Kyogre|Kyogre-Primal|4/100 par
|-weather|PrimordialSea|[from] ability: Primordial Sea|[of] p2a: Kyogre
|move|p1a: Arceus|Max Geyser|p2a: Kyogre
|-resisted|p2a: Kyogre
|-damage|p2a: Kyogre|0 fnt
|-weather|RainDance
|faint|p2a: Kyogre
|
|-weather|RainDance|[upkeep]
|upkeep
|
|t:|1661791384
|switch|p2a: Zacian|Zacian-Crowned|76/100
|-ability|p2a: Zacian|Intrepid Sword|boost
|-boost|p2a: Zacian|atk|1
|turn|16
|
|t:|1661791390
|move|p2a: Zacian|Substitute|p2a: Zacian
|-start|p2a: Zacian|Substitute
|-damage|p2a: Zacian|51/100
|move|p1a: Arceus|Max Geyser|p2a: Zacian
|-end|p2a: Zacian|Substitute
|
|-weather|RainDance|[upkeep]
|upkeep
|-end|p1a: Arceus|Dynamax
|-heal|p1a: Arceus|50/100|[silent]
|turn|17
|
|t:|1661791400
|move|p2a: Zacian|Wild Charge|p1a: Arceus
|-supereffective|p1a: Arceus
|-damage|p1a: Arceus|0 fnt
|faint|p1a: Arceus
|-damage|p2a: Zacian|33/100|[from] Recoil
|
|win|85792195wwww
|raw|IAmJklol's rating: 1893 &rarr; <strong>1865</strong><br />(-28 for losing)
|raw|85792195wwww's rating: 1751 &rarr; <strong>1779</strong><br />(+28 for winning)
|l|☆IAmJklol
