|j|☆Flame of the Soul
|j|☆v87
|t:|1660662650
|gametype|singles
|player|p1|Flame of the Soul|ethan-masters|1586
|player|p2|v87|1|1694
|teamsize|p1|6
|teamsize|p2|6
|gen|8
|tier|[Gen 8] National Dex AG
|rated|
|rule|HP Percentage Mod: HP is shown in percentages
|rule|Endless Battle Clause: Forcing endless battles is banned
|clearpoke
|poke|p1|Rayquaza|
|poke|p1|Necrozma-Dusk-Mane|
|poke|p1|Yveltal|
|poke|p1|Zacian-*|
|poke|p1|Calyrex-Shadow|
|poke|p1|Eternatus|
|poke|p2|Smeargle, M|
|poke|p2|Arceus-*|
|poke|p2|Calyrex-Shadow|
|poke|p2|Marshadow|
|poke|p2|Xerneas-*|
|poke|p2|Lucario, F|
|teampreview
|inactive|Battle timer is ON: inactive players will automatically lose when time's up. (requested by Flame of the Soul)
|
|t:|1660662660
|start
|switch|p1a: Zacian|Zacian-Crowned|100/100
|switch|p2a: Smeargle|Smeargle, M|100/100
|-ability|p1a: Zacian|Intrepid Sword|boost
|-boost|p1a: Zacian|atk|1
|turn|1
|
|t:|1660662670
|move|p1a: Zacian|Substitute|p1a: Zacian
|-start|p1a: Zacian|Substitute
|-damage|p1a: Zacian|76/100
|move|p2a: Smeargle|Sticky Web|p1a: Zacian
|-sidestart|p1: Flame of the Soul|move: Sticky Web
|
|upkeep
|turn|2
|
|t:|1660662682
|move|p1a: Zacian|Behemoth Blade|p2a: Smeargle
|-enditem|p2a: Smeargle|Focus Sash
|-damage|p2a: Smeargle|1/100
|move|p2a: Smeargle|Stealth Rock|p1a: Zacian
|-sidestart|p1: Flame of the Soul|move: Stealth Rock
|
|upkeep
|turn|3
|
|t:|1660662695
|move|p1a: Zacian|Assurance|p2a: Smeargle
|-crit|p2a: Smeargle
|-damage|p2a: Smeargle|0 fnt
|faint|p2a: Smeargle
|
|upkeep
|
|t:|1660662708
|switch|p2a: Calyrex|Calyrex-Shadow|100/100
|-ability|p2a: Calyrex|As One
|-ability|p2a: Calyrex|Unnerve
|turn|4
|
|t:|1660662718
|move|p2a: Calyrex|Reflect|p2a: Calyrex
|-sidestart|p2: v87|Reflect
|move|p1a: Zacian|Assurance|p2a: Calyrex
|-supereffective|p2a: Calyrex
|-damage|p2a: Calyrex|11/100
|
|upkeep
|turn|5
|
|t:|1660662727
|move|p2a: Calyrex|Astral Barrage|p1a: Zacian
|-crit|p1a: Zacian
|-end|p1a: Zacian|Substitute
|move|p1a: Zacian|Behemoth Blade|p2a: Calyrex
|-damage|p2a: Calyrex|0 fnt
|faint|p2a: Calyrex
|
|upkeep
|
|t:|1660662740
|switch|p2a: Arceus|Arceus-Ghost|100/100
|turn|6
|
|t:|1660662747
|switch|p1a: Yveltal|Yveltal|100/100
|-ability|p1a: Yveltal|Dark Aura
|move|p2a: Arceus|Swords Dance|p2a: Arceus
|-boost|p2a: Arceus|atk|2
|
|upkeep
|turn|7
|
|t:|1660662755
|move|p2a: Arceus|Stone Edge|p1a: Yveltal|[miss]
|-miss|p2a: Arceus|p1a: Yveltal
|move|p1a: Yveltal|Defog|p2a: Arceus
|-unboost|p2a: Arceus|evasion|1
|-sideend|p2: v87|Reflect
|-sideend|p1: Flame of the Soul|Stealth Rock|[from] move: Defog|[of] p1a: Yveltal
|-sideend|p1: Flame of the Soul|Sticky Web|[from] move: Defog|[of] p1a: Yveltal
|
|upkeep
|turn|8
|
|t:|1660662765
|move|p2a: Arceus|Stone Edge|p1a: Yveltal
|-supereffective|p1a: Yveltal
|-damage|p1a: Yveltal|0 fnt
|faint|p1a: Yveltal
|
|upkeep
|
|t:|1660662779
|switch|p1a: Calyrex|Calyrex-Shadow|100/100
|-ability|p1a: Calyrex|As One
|-ability|p1a: Calyrex|Unnerve
|turn|9
|
|t:|1660662795
|move|p1a: Calyrex|Astral Barrage|p2a: Arceus
|-supereffective|p2a: Arceus
|-damage|p2a: Arceus|0 fnt
|faint|p2a: Arceus
|-ability|p1a: Calyrex|Grim Neigh|boost
|-boost|p1a: Calyrex|spa|1
|
|upkeep
|-message|v87 forfeited.
|
|win|Flame of the Soul
|raw|Flame of the Soul's rating: 1586 &rarr; <strong>1612</strong><br />(+26 for winning)
|raw|v87's rating: 1694 &rarr; <strong>1668</strong><br />(-26 for losing)
|l|☆v87
