|j|☆Ronron0901
|j|☆Vegeta Otsusuki
|t:|1665671269
|gametype|singles
|player|p1|Ronron0901|lucas|1685
|player|p2|Vegeta Otsusuki|blue-gen3two|1992
|teamsize|p1|6
|teamsize|p2|6
|gen|8
|tier|[Gen 8] National Dex AG
|rated|
|rule|HP Percentage Mod: HP is shown in percentages
|rule|Endless Battle Clause: Forcing endless battles is banned
|clearpoke
|poke|p1|Cinderace, M|
|poke|p1|Ferrothorn, F|
|poke|p1|Toxapex, M|
|poke|p1|Landorus-Therian, M|
|poke|p1|Zacian-*|
|poke|p1|Ditto|
|poke|p2|Rayquaza|
|poke|p2|Arceus-*|
|poke|p2|Ditto|
|poke|p2|Zacian-*|
|poke|p2|Muk-Alola, M|
|poke|p2|Groudon|
|teampreview
|inactive|Battle timer is ON: inactive players will automatically lose when time's up. (requested by Vegeta Otsusuki)
|
|t:|1665671284
|start
|switch|p1a: Landorus|Landorus-Therian, M|100/100
|switch|p2a: Rayquaza|Rayquaza|100/100
|-ability|p2a: Rayquaza|Air Lock
|-ability|p1a: Landorus|Intimidate|boost
|-unboost|p2a: Rayquaza|atk|1
|turn|1
|
|t:|1665671297
|detailschange|p2a: Rayquaza|Rayquaza-Mega
|-mega|p2a: Rayquaza|Rayquaza|
|-weather|DeltaStream|[from] ability: Delta Stream|[of] p2a: Rayquaza
|-start|p1a: Landorus|Dynamax|
|-heal|p1a: Landorus|100/100|[silent]
|move|p2a: Rayquaza|Draco Meteor|p1a: Landorus
|-damage|p1a: Landorus|38/100
|-unboost|p2a: Rayquaza|spa|2
|-damage|p2a: Rayquaza|91/100|[from] item: Life Orb
|move|p1a: Landorus|Max Airstream|p2a: Rayquaza
|-damage|p2a: Rayquaza|8/100
|-boost|p1a: Landorus|spe|1
|
|-weather|DeltaStream|[upkeep]
|upkeep
|turn|2
|
|t:|1665671314
|-weather|none
|switch|p2a: Groudon|Groudon|100/100
|-weather|SunnyDay|[from] ability: Drought|[of] p2a: Groudon
|move|p1a: Landorus|Max Airstream|p2a: Groudon
|-damage|p2a: Groudon|66/100
|-boost|p1a: Landorus|spe|1
|
|-weather|SunnyDay|[upkeep]
|-heal|p2a: Groudon|72/100|[from] item: Leftovers
|upkeep
|turn|3
|
|t:|1665671328
|move|p1a: Landorus|Max Quake|p2a: Groudon
|-damage|p2a: Groudon|37/100
|-boost|p1a: Landorus|spd|1
|move|p2a: Groudon|Stealth Rock|p1a: Landorus
|-sidestart|p1: Ronron0901|move: Stealth Rock
|
|-weather|SunnyDay|[upkeep]
|-heal|p2a: Groudon|43/100|[from] item: Leftovers
|upkeep
|-end|p1a: Landorus|Dynamax
|-heal|p1a: Landorus|38/100|[silent]
|turn|4
|
|t:|1665671339
|move|p1a: Landorus|Earthquake|p2a: Groudon
|-damage|p2a: Groudon|18/100
|move|p2a: Groudon|Roar|p1a: Landorus
|drag|p1a: Cinderace|Cinderace, M|100/100
|-damage|p1a: Cinderace|75/100|[from] Stealth Rock
|
|-weather|SunnyDay|[upkeep]
|-heal|p2a: Groudon|24/100|[from] item: Leftovers
|upkeep
|turn|5
|
|t:|1665671350
|move|p1a: Cinderace|Pyro Ball|p2a: Groudon
|-crit|p2a: Groudon
|-damage|p2a: Groudon|0 fnt
|faint|p2a: Groudon
|
|-weather|SunnyDay|[upkeep]
|upkeep
|inactive|Vegeta Otsusuki has 120 seconds left.
|
|t:|1665671382
|switch|p2a: Muk|Muk-Alola, M|100/100
|turn|6
|
|t:|1665671395
|switch|p1a: Ferrothorn|Ferrothorn, F|100/100
|-damage|p1a: Ferrothorn|94/100|[from] Stealth Rock
|move|p2a: Muk|Shadow Sneak|p1a: Ferrothorn
|-damage|p1a: Ferrothorn|86/100
|-damage|p2a: Muk|88/100|[from] ability: Iron Barbs|[of] p1a: Ferrothorn
|
|-weather|none
|-heal|p1a: Ferrothorn|92/100|[from] item: Leftovers
|upkeep
|turn|7
|
|t:|1665671406
|switch|p2a: Rayquaza|Rayquaza-Mega|8/100
|-weather|DeltaStream|[from] ability: Delta Stream|[of] p2a: Rayquaza
|move|p1a: Ferrothorn|Stealth Rock|p2a: Rayquaza
|-sidestart|p2: Vegeta Otsusuki|move: Stealth Rock
|
|-weather|DeltaStream|[upkeep]
|-heal|p1a: Ferrothorn|99/100|[from] item: Leftovers
|upkeep
|turn|8
|
|t:|1665671416
|switch|p1a: Toxapex|Toxapex, M|100/100
|-damage|p1a: Toxapex|88/100|[from] Stealth Rock
|move|p2a: Rayquaza|Draco Meteor|p1a: Toxapex
|-damage|p1a: Toxapex|11/100
|-unboost|p2a: Rayquaza|spa|2
|-damage|p2a: Rayquaza|0 fnt|[from] item: Life Orb
|faint|p2a: Rayquaza
|-weather|none
|
|-heal|p1a: Toxapex|17/100|[from] item: Black Sludge
|upkeep
|
|t:|1665671430
|switch|p2a: Arceus|Arceus|100/100
|-damage|p2a: Arceus|88/100|[from] Stealth Rock
|turn|9
|
|t:|1665671435
|move|p1a: Toxapex|Baneful Bunker|p1a: Toxapex
|-singleturn|p1a: Toxapex|move: Protect
|move|p2a: Arceus|Swords Dance|p2a: Arceus
|-boost|p2a: Arceus|atk|2
|
|-heal|p1a: Toxapex|23/100|[from] item: Black Sludge
|upkeep
|turn|10
|
|t:|1665671443
|move|p2a: Arceus|Swords Dance|p2a: Arceus
|-boost|p2a: Arceus|atk|2
|move|p1a: Toxapex|Recover|p1a: Toxapex
|-heal|p1a: Toxapex|73/100
|
|-heal|p1a: Toxapex|79/100|[from] item: Black Sludge
|upkeep
|turn|11
|
|t:|1665671455
|-start|p2a: Arceus|Dynamax|
|-heal|p2a: Arceus|88/100|[silent]
|move|p2a: Arceus|Max Strike|p1a: Toxapex
|-damage|p1a: Toxapex|0 fnt
|faint|p1a: Toxapex
|
|upkeep
|
|t:|1665671474
|switch|p1a: Ferrothorn|Ferrothorn, F|99/100
|-damage|p1a: Ferrothorn|92/100|[from] Stealth Rock
|turn|12
|
|t:|1665671481
|move|p2a: Arceus|Max Phantasm|p1a: Ferrothorn
|-damage|p1a: Ferrothorn|0 fnt
|faint|p1a: Ferrothorn
|
|upkeep
|
|t:|1665671488
|switch|p1a: Landorus|Landorus-Therian, M|38/100
|-damage|p1a: Landorus|26/100|[from] Stealth Rock
|-ability|p1a: Landorus|Intimidate|boost
|-unboost|p2a: Arceus|atk|1
|turn|13
|
|t:|1665671494
|move|p2a: Arceus|Max Guard|p2a: Arceus
|-singleturn|p2a: Arceus|Max Guard
|move|p1a: Landorus|Earthquake|p2a: Arceus
|-activate|p2a: Arceus|move: Max Guard
|
|upkeep
|-end|p2a: Arceus|Dynamax
|-heal|p2a: Arceus|88/100|[silent]
|turn|14
|
|t:|1665671501
|move|p2a: Arceus|Extreme Speed|p1a: Landorus
|-damage|p1a: Landorus|0 fnt
|faint|p1a: Landorus
|
|upkeep
|
|t:|1665671507
|switch|p1a: Ditto|Ditto|100/100
|-damage|p1a: Ditto|88/100|[from] Stealth Rock
|-transform|p1a: Ditto|p2a: Arceus|[from] ability: Imposter
|turn|15
|
|t:|1665671517
|move|p1a: Ditto|Extreme Speed|p2a: Arceus
|-damage|p2a: Arceus|13/100
|move|p2a: Arceus|Extreme Speed|p1a: Ditto
|-damage|p1a: Ditto|0 fnt
|faint|p1a: Ditto
|
|upkeep
|
|t:|1665671529
|switch|p1a: Cinderace|Cinderace, M|75/100
|-damage|p1a: Cinderace|50/100|[from] Stealth Rock
|turn|16
|
|t:|1665671533
|move|p2a: Arceus|Extreme Speed|p1a: Cinderace
|-damage|p1a: Cinderace|0 fnt
|faint|p1a: Cinderace
|
|upkeep
|inactive|Ronron0901 has 120 seconds left.
|inactive|Ronron0901 has 90 seconds left.
|inactive|Ronron0901 has 60 seconds left.
|l|☆Ronron0901
|inactive|Ronron0901 disconnected and has a minute to reconnect!
|player|p1|
|inactive|Ronron0901 has 30 seconds left.
|inactive|Ronron0901 has 20 seconds left.
|inactive|Ronron0901 has 15 seconds left.
|inactive|Ronron0901 has 10 seconds left.
|inactive|Ronron0901 has 5 seconds left.
|-message|Ronron0901 lost due to inactivity.
|
|win|Vegeta Otsusuki
|raw|Ronron0901's rating: 1662 &rarr; <strong>1657</strong><br />(-5 for losing)
|raw|Vegeta Otsusuki's rating: 1992 &rarr; <strong>1997</strong><br />(+5 for winning)
