|j|☆harsh634
|j|☆default0
|inactive|Battle timer is ON: inactive players will automatically lose when time's up.
|t:|1663784417
|gametype|singles
|player|p1|harsh634|red|
|player|p2|default0|skierf-gen4dp|
|teamsize|p1|6
|teamsize|p2|6
|gen|8
|tier|[Gen 8] National Dex AG
|rated|Tournament battle
|rule|HP Percentage Mod: HP is shown in percentages
|rule|Endless Battle Clause: Forcing endless battles is banned
|clearpoke
|poke|p1|Arceus-*|
|poke|p1|Excadrill, F|
|poke|p1|Smeargle, M|
|poke|p1|Smeargle, F|
|poke|p1|Xerneas-*|
|poke|p1|Rayquaza|
|poke|p2|Necrozma-Dusk-Mane|
|poke|p2|Zacian-*|
|poke|p2|Arceus-*|
|poke|p2|Marshadow|
|poke|p2|Yveltal|
|poke|p2|Eternatus|
|teampreview
|inactive|harsh634 also wants the timer to be on.
|j| Hoppip Boppip
|
|t:|1663784426
|start
|switch|p1a: Excadrill|Excadrill, F|100/100
|switch|p2a: Arceus|Arceus-Ground|100/100
|-ability|p1a: Excadrill|Mold Breaker
|turn|1
|inactive|harsh634 has 120 seconds left.
|c| Hoppip Boppip|come on harsh!
|
|t:|1663784462
|move|p2a: Arceus|Judgment|p1a: Excadrill
|-supereffective|p1a: Excadrill
|-enditem|p1a: Excadrill|Focus Sash
|-damage|p1a: Excadrill|1/100
|move|p1a: Excadrill|Rock Tomb|p2a: Arceus
|-resisted|p2a: Arceus
|-damage|p2a: Arceus|93/100
|-unboost|p2a: Arceus|spe|1
|
|upkeep
|turn|2
|inactive|harsh634 has 120 seconds left.
|
|t:|1663784468
|move|p1a: Excadrill|Stealth Rock|p2a: Arceus
|-sidestart|p2: default0|move: Stealth Rock
|move|p2a: Arceus|Stealth Rock|p1a: Excadrill
|-sidestart|p1: harsh634|move: Stealth Rock
|
|upkeep
|turn|3
|
|t:|1663784485
|switch|p2a: Marshadow|Marshadow|100/100
|-damage|p2a: Marshadow|94/100|[from] Stealth Rock
|move|p1a: Excadrill|Rapid Spin|p2a: Marshadow
|-immune|p2a: Marshadow
|
|upkeep
|turn|4
|
|t:|1663784493
|move|p2a: Marshadow|Shadow Sneak|p1a: Excadrill
|-damage|p1a: Excadrill|0 fnt
|faint|p1a: Excadrill
|-damage|p2a: Marshadow|84/100|[from] item: Life Orb
|
|upkeep
|
|t:|1663784500
|switch|p1a: Xerneas|Xerneas|100/100
|-damage|p1a: Xerneas|88/100|[from] Stealth Rock
|-ability|p1a: Xerneas|Fairy Aura
|turn|5
|
|t:|1663784506
|switch|p2a: Zacian|Zacian-Crowned|100/100
|-damage|p2a: Zacian|94/100|[from] Stealth Rock
|-ability|p2a: Zacian|Intrepid Sword|boost
|-boost|p2a: Zacian|atk|1
|move|p1a: Xerneas|Geomancy||[still]
|-prepare|p1a: Xerneas|Geomancy
|-enditem|p1a: Xerneas|Power Herb
|-anim|p1a: Xerneas|Geomancy|p1a: Xerneas
|-boost|p1a: Xerneas|spa|2
|-boost|p1a: Xerneas|spd|2
|-boost|p1a: Xerneas|spe|2
|
|upkeep
|turn|6
|
|t:|1663784512
|-start|p1a: Xerneas|Dynamax|
|-heal|p1a: Xerneas|88/100|[silent]
|move|p1a: Xerneas|Max Flare|p2a: Zacian
|-supereffective|p2a: Zacian
|-damage|p2a: Zacian|0 fnt
|-weather|SunnyDay
|faint|p2a: Zacian
|
|-weather|SunnyDay|[upkeep]
|upkeep
|
|t:|1663784519
|switch|p2a: Necrozma|Necrozma-Dusk-Mane|100/100
|-damage|p2a: Necrozma|94/100|[from] Stealth Rock
|turn|7
|
|t:|1663784523
|switch|p2a: Yveltal|Yveltal|100/100
|-ability|p2a: Yveltal|Dark Aura
|move|p1a: Xerneas|Max Flare|p2a: Yveltal
|-damage|p2a: Yveltal|0 fnt
|faint|p2a: Yveltal
|
|-weather|SunnyDay|[upkeep]
|upkeep
|
|t:|1663784525
|switch|p2a: Necrozma|Necrozma-Dusk-Mane|94/100
|-damage|p2a: Necrozma|88/100|[from] Stealth Rock
|turn|8
|
|t:|1663784531
|-start|p2a: Necrozma|Dynamax|
|-heal|p2a: Necrozma|88/100|[silent]
|move|p2a: Necrozma|Max Guard|p2a: Necrozma
|-singleturn|p2a: Necrozma|Max Guard
|move|p1a: Xerneas|Max Starfall|p2a: Necrozma
|-activate|p2a: Necrozma|move: Max Guard
|
|-weather|SunnyDay|[upkeep]
|upkeep
|-end|p1a: Xerneas|Dynamax
|-heal|p1a: Xerneas|88/100|[silent]
|turn|9
|c|☆harsh634|bruh
|c| Hoppip Boppip|what?
|c|☆harsh634|i thought ud switch to eternatus
|
|t:|1663784555
|move|p1a: Xerneas|Hidden Power|p2a: Necrozma
|-supereffective|p2a: Necrozma
|-crit|p2a: Necrozma
|-damage|p2a: Necrozma|24/100
|move|p2a: Necrozma|Max Steelspike|p1a: Xerneas
|-supereffective|p1a: Xerneas
|-damage|p1a: Xerneas|0 fnt
|-boost|p2a: Necrozma|def|1
|faint|p1a: Xerneas
|
|-weather|SunnyDay|[upkeep]
|upkeep
|
|t:|1663784566
|switch|p1a: Smeargle|Smeargle, F|100/100
|-damage|p1a: Smeargle|88/100|[from] Stealth Rock
|turn|10
|
|t:|1663784570
|-end|p2a: Necrozma|Dynamax
|-heal|p2a: Necrozma|24/100|[silent]
|switch|p2a: Eternatus|Eternatus|100/100
|-damage|p2a: Eternatus|88/100|[from] Stealth Rock
|-ability|p2a: Eternatus|Pressure
|move|p1a: Smeargle|Sticky Web|p2a: Eternatus
|-sidestart|p2: default0|move: Sticky Web
|
|-weather|none
|-ability|p1a: Smeargle|Moody|boost
|-boost|p1a: Smeargle|spa|2
|-unboost|p1a: Smeargle|spe|1
|upkeep
|turn|11
|
|t:|1663784575
|move|p2a: Eternatus|Sludge Bomb|p1a: Smeargle
|-damage|p1a: Smeargle|0 fnt
|faint|p1a: Smeargle
|
|upkeep
|
|t:|1663784579
|switch|p1a: Arceus|Arceus-Ghost|100/100
|-damage|p1a: Arceus|88/100|[from] Stealth Rock
|turn|12
|
|t:|1663784588
|move|p1a: Arceus|Shadow Force||[still]
|-prepare|p1a: Arceus|Shadow Force
|move|p2a: Eternatus|Sludge Bomb|p1a: Arceus|[miss]
|-miss|p2a: Eternatus|p1a: Arceus
|
|upkeep
|turn|13
|
|t:|1663784593
|switch|p2a: Necrozma|Necrozma-Dusk-Mane|24/100
|-damage|p2a: Necrozma|18/100|[from] Stealth Rock
|-activate|p2a: Necrozma|move: Sticky Web
|-unboost|p2a: Necrozma|spe|1
|move|p1a: Arceus|Shadow Force|p2a: Necrozma|[from]lockedmove
|-supereffective|p2a: Necrozma
|-damage|p2a: Necrozma|0 fnt
|-damage|p1a: Arceus|72/100|[from] item: Rocky Helmet|[of] p2a: Necrozma
|faint|p2a: Necrozma
|
|upkeep
|
|t:|1663784596
|switch|p2a: Arceus|Arceus-Ground|93/100
|-damage|p2a: Arceus|87/100|[from] Stealth Rock
|-activate|p2a: Arceus|move: Sticky Web
|-unboost|p2a: Arceus|spe|1
|turn|14
|
|t:|1663784608
|move|p1a: Arceus|Shadow Force||[still]
|-prepare|p1a: Arceus|Shadow Force
|move|p2a: Arceus|Judgment|p1a: Arceus|[miss]
|-miss|p2a: Arceus|p1a: Arceus
|
|upkeep
|turn|15
|j| KrishR
|
|t:|1663784612
|move|p1a: Arceus|Shadow Force|p2a: Arceus|[from]lockedmove
|-damage|p2a: Arceus|35/100
|move|p2a: Arceus|Judgment|p1a: Arceus
|-damage|p1a: Arceus|30/100
|
|upkeep
|turn|16
|
|t:|1663784618
|move|p1a: Arceus|Shadow Force||[still]
|-prepare|p1a: Arceus|Shadow Force
|move|p2a: Arceus|Recover|p2a: Arceus
|-heal|p2a: Arceus|85/100
|
|upkeep
|turn|17
|
|t:|1663784624
|move|p1a: Arceus|Shadow Force|p2a: Arceus|[from]lockedmove
|-damage|p2a: Arceus|39/100
|move|p2a: Arceus|Judgment|p1a: Arceus
|-damage|p1a: Arceus|0 fnt
|faint|p1a: Arceus
|
|upkeep
|inactive|harsh634 has 120 seconds left.
|
|t:|1663784673
|switch|p1a: Smeargle|Smeargle, M|100/100
|-damage|p1a: Smeargle|88/100|[from] Stealth Rock
|turn|18
|
|t:|1663784681
|switch|p2a: Eternatus|Eternatus|88/100
|-damage|p2a: Eternatus|76/100|[from] Stealth Rock
|-activate|p2a: Eternatus|move: Sticky Web
|-unboost|p2a: Eternatus|spe|1
|-ability|p2a: Eternatus|Pressure
|move|p1a: Smeargle|Spore|p2a: Eternatus
|-activate|p2a: Eternatus|item: Safety Goggles|Spore
|
|-heal|p1a: Smeargle|94/100|[from] item: Leftovers
|-ability|p1a: Smeargle|Moody|boost
|-boost|p1a: Smeargle|spe|2
|-unboost|p1a: Smeargle|atk|1
|upkeep
|turn|19
|inactive|harsh634 has 120 seconds left.
|c|☆harsh634|bruh
|
|t:|1663784694
|switch|p1a: Rayquaza|Rayquaza|100/100
|-damage|p1a: Rayquaza|76/100|[from] Stealth Rock
|-ability|p1a: Rayquaza|Air Lock
|move|p2a: Eternatus|Sludge Bomb|p1a: Rayquaza
|-damage|p1a: Rayquaza|28/100
|
|upkeep
|turn|20
|inactive|harsh634 has 120 seconds left.
|
|t:|1663784700
|switch|p2a: Arceus|Arceus-Ground|39/100
|-damage|p2a: Arceus|33/100|[from] Stealth Rock
|-activate|p2a: Arceus|move: Sticky Web
|-unboost|p2a: Arceus|spe|1
|detailschange|p1a: Rayquaza|Rayquaza-Mega
|-mega|p1a: Rayquaza|Rayquaza|
|-weather|DeltaStream|[from] ability: Delta Stream|[of] p1a: Rayquaza
|move|p1a: Rayquaza|Earthquake|p2a: Arceus
|-damage|p2a: Arceus|0 fnt
|faint|p2a: Arceus
|-damage|p1a: Rayquaza|18/100|[from] item: Life Orb
|
|-weather|DeltaStream|[upkeep]
|upkeep
|
|t:|1663784704
|switch|p2a: Marshadow|Marshadow|84/100
|-damage|p2a: Marshadow|78/100|[from] Stealth Rock
|-activate|p2a: Marshadow|move: Sticky Web
|-unboost|p2a: Marshadow|spe|1
|turn|21
|
|t:|1663784707
|-weather|none
|switch|p1a: Smeargle|Smeargle, M|94/100
|-damage|p1a: Smeargle|82/100|[from] Stealth Rock
|move|p2a: Marshadow|Shadow Sneak|p1a: Smeargle
|-immune|p1a: Smeargle
|
|-heal|p1a: Smeargle|88/100|[from] item: Leftovers
|-ability|p1a: Smeargle|Moody|boost
|-boost|p1a: Smeargle|spd|2
|-unboost|p1a: Smeargle|atk|1
|upkeep
|turn|22
|
|t:|1663784713
|switch|p1a: Rayquaza|Rayquaza-Mega|18/100
|-damage|p1a: Rayquaza|0 fnt|[from] Stealth Rock
|faint|p1a: Rayquaza
|switch|p2a: Eternatus|Eternatus|76/100
|-damage|p2a: Eternatus|63/100|[from] Stealth Rock
|-activate|p2a: Eternatus|move: Sticky Web
|-unboost|p2a: Eternatus|spe|1
|-ability|p2a: Eternatus|Pressure
|
|upkeep
|
|t:|1663784717
|switch|p1a: Smeargle|Smeargle, M|88/100
|-damage|p1a: Smeargle|75/100|[from] Stealth Rock
|turn|23
|c|☆harsh634|noo
|c|☆harsh634|well
|c|☆harsh634|gg
|c| Hoppip Boppip|wait you had earthquake on that?
|c|☆harsh634|yes
|
|t:|1663784745
|move|p1a: Smeargle|Substitute|p1a: Smeargle
|-start|p1a: Smeargle|Substitute
|-damage|p1a: Smeargle|51/100
|move|p2a: Eternatus|Sludge Bomb|p1a: Smeargle
|-end|p1a: Smeargle|Substitute
|
|-heal|p1a: Smeargle|57/100|[from] item: Leftovers
|-ability|p1a: Smeargle|Moody|boost
|-boost|p1a: Smeargle|spe|2
|-unboost|p1a: Smeargle|atk|1
|upkeep
|turn|24
|
|t:|1663784756
|move|p1a: Smeargle|Substitute|p1a: Smeargle
|-start|p1a: Smeargle|Substitute
|-damage|p1a: Smeargle|32/100
|move|p2a: Eternatus|Sludge Bomb|p1a: Smeargle
|-end|p1a: Smeargle|Substitute
|
|-heal|p1a: Smeargle|38/100|[from] item: Leftovers
|-ability|p1a: Smeargle|Moody|boost
|-boost|p1a: Smeargle|spd|2
|-unboost|p1a: Smeargle|def|1
|upkeep
|turn|25
|
|t:|1663784767
|move|p1a: Smeargle|Substitute|p1a: Smeargle
|-start|p1a: Smeargle|Substitute
|-damage|p1a: Smeargle|13/100
|move|p2a: Eternatus|Sludge Bomb|p1a: Smeargle
|-end|p1a: Smeargle|Substitute
|
|-heal|p1a: Smeargle|19/100|[from] item: Leftovers
|-ability|p1a: Smeargle|Moody|boost
|-boost|p1a: Smeargle|atk|2
|-unboost|p1a: Smeargle|spd|1
|upkeep
|turn|26
|c|☆harsh634|hmm
|
|t:|1663784779
|move|p1a: Smeargle|Power Trip|p2a: Eternatus
|-damage|p2a: Eternatus|49/100
|move|p2a: Eternatus|Sludge Bomb|p1a: Smeargle
|-damage|p1a: Smeargle|0 fnt
|faint|p1a: Smeargle
|
|win|default0
|n|☆harsh634|harsh634
|n|☆default0|default0
|n| Hoppip Boppip|hoppipboppip
|n| KrishR|krishr
|c|☆harsh634|oh
|l|☆default0
|c|☆harsh634|lol
|c|☆harsh634|ok
|c|☆harsh634|gg
|l|☆harsh634
|l| KrishR
|c| Hoppip Boppip|harsh, you want a rematch?
|l| Hoppip Boppip
