|j|☆ISnezhny
|j|☆OreoGod123
|t:|1620328131
|gametype|singles
|player|p1|ISnezhny|grimsley|1289
|player|p2|OreoGod123|hilbert|1350
|teamsize|p1|6
|teamsize|p2|6
|gen|8
|tier|[Gen 8] National Dex AG
|rated|
|clearpoke
|poke|p1|Ho-Oh|
|poke|p1|Araquanid, M|
|poke|p1|Giratina-Origin|
|poke|p1|Zapdos-Galar|
|poke|p1|Tyranitar, F|
|poke|p1|Nihilego|
|poke|p2|Lugia|
|poke|p2|Deoxys-Speed|
|poke|p2|Calyrex-Ice|
|poke|p2|Ho-Oh|
|poke|p2|Salamence, F|
|poke|p2|Ditto|
|rule|HP Percentage Mod: HP is shown in percentages
|rule|Endless Battle Clause: Forcing endless battles is banned
|teampreview
|
|t:|1620328143
|start
|switch|p1a: Araquanid|Araquanid, M|100/100
|switch|p2a: Deoxys|Deoxys-Speed|100/100
|-ability|p2a: Deoxys|Pressure
|turn|1
|
|t:|1620328149
|move|p1a: Araquanid|Magic Coat|p1a: Araquanid
|-singleturn|p1a: Araquanid|move: Magic Coat
|move|p2a: Deoxys|Taunt|p1a: Araquanid
|move|p1a: Araquanid|Taunt|p2a: Deoxys|[from]Magic Coat
|-start|p2a: Deoxys|move: Taunt
|
|upkeep
|turn|2
|
|t:|1620328162
|switch|p2a: Salamence|Salamence, F|100/100
|move|p1a: Araquanid|Sticky Web|p2a: Salamence
|-sidestart|p2: OreoGod123|move: Sticky Web
|
|upkeep
|turn|3
|
|t:|1620328190
|switch|p1a: Ho-Oh|Ho-Oh|100/100
|move|p2a: Salamence|Dragon Dance|p2a: Salamence
|-boost|p2a: Salamence|atk|1
|-boost|p2a: Salamence|spe|1
|
|upkeep
|turn|4
|
|t:|1620328205
|move|p2a: Salamence|Rock Slide|p1a: Ho-Oh
|-supereffective|p1a: Ho-Oh
|-damage|p1a: Ho-Oh|0 fnt
|faint|p1a: Ho-Oh
|-ability|p2a: Salamence|Moxie|boost
|-boost|p2a: Salamence|atk|1
|
|upkeep
|
|t:|1620328236
|switch|p1a: Zapdos|Zapdos-Galar|100/100
|turn|5
|
|t:|1620328242
|detailschange|p2a: Salamence|Salamence-Mega, F
|-mega|p2a: Salamence|Salamence|Salamencite
|-start|p1a: Zapdos|Dynamax
|-heal|p1a: Zapdos|100/100|[silent]
|move|p2a: Salamence|Double-Edge|p1a: Zapdos
|-supereffective|p1a: Zapdos
|-crit|p1a: Zapdos
|-damage|p1a: Zapdos|0 fnt
|faint|p1a: Zapdos
|-damage|p2a: Salamence|37/100|[from] Recoil
|
|upkeep
|
|t:|1620328256
|switch|p1a: Araquanid|Araquanid, M|100/100
|turn|6
|
|t:|1620328260
|move|p2a: Salamence|Rock Slide|p1a: Araquanid
|-supereffective|p1a: Araquanid
|-damage|p1a: Araquanid|20/100
|cant|p1a: Araquanid|flinch
|
|upkeep
|turn|7
|-message|ISnezhny forfeited.
|
|win|OreoGod123
|l|☆ISnezhny
|raw|ISnezhny's rating: 1289 &rarr; <strong>1268</strong><br />(-21 for losing)
|raw|OreoGod123's rating: 1350 &rarr; <strong>1367</strong><br />(+17 for winning)
||Ladder isn't responding, score probably updated but might not have (Request timeout).
