|j|☆thicsucttv
|j|☆chiny
|t:|1662980634
|gametype|singles
|player|p1|thicsucttv|265|1600
|player|p2|chiny|265|1530
|teamsize|p1|6
|teamsize|p2|6
|gen|8
|tier|[Gen 8] National Dex AG
|rated|
|rule|HP Percentage Mod: HP is shown in percentages
|rule|Endless Battle Clause: Forcing endless battles is banned
|clearpoke
|poke|p1|Tyranitar, M|
|poke|p1|Marshadow|
|poke|p1|Yveltal|
|poke|p1|Necrozma-Dusk-Mane|
|poke|p1|Ditto|
|poke|p1|Lucario, M|
|poke|p2|Rayquaza|
|poke|p2|Kyogre|
|poke|p2|Landorus, M|
|poke|p2|Yveltal|
|poke|p2|Zacian-*|
|poke|p2|Arceus-*|
|teampreview
|inactive|Battle timer is ON: inactive players will automatically lose when time's up. (requested by thicsucttv)
|
|t:|1662980644
|start
|switch|p1a: Lucario|Lucario, M|100/100
|switch|p2a: Landorus|Landorus, M|100/100
|turn|1
|
|t:|1662980651
|switch|p1a: Yveltal|Yveltal|100/100
|-ability|p1a: Yveltal|Dark Aura
|move|p2a: Landorus|Earth Power|p1a: Yveltal
|-immune|p1a: Yveltal
|
|upkeep
|turn|2
|
|t:|1662980659
|move|p2a: Landorus|Sludge Wave|p1a: Yveltal
|-damage|p1a: Yveltal|58/100
|move|p1a: Yveltal|Knock Off|p2a: Landorus
|-damage|p2a: Landorus|0 fnt
|-enditem|p2a: Landorus|Life Orb|[from] move: Knock Off|[of] p1a: Yveltal
|faint|p2a: Landorus
|-damage|p1a: Yveltal|48/100|[from] item: Life Orb
|
|upkeep
|
|t:|1662980665
|switch|p2a: Zacian|Zacian-Crowned|100/100
|-ability|p2a: Zacian|Intrepid Sword|boost
|-boost|p2a: Zacian|atk|1
|turn|3
|
|t:|1662980672
|switch|p1a: Marshadow|Marshadow|100/100
|move|p2a: Zacian|Close Combat|p1a: Marshadow
|-immune|p1a: Marshadow
|
|upkeep
|turn|4
|
|t:|1662980685
|switch|p2a: Arceus|Arceus-Steel|100/100
|move|p1a: Marshadow|Spectral Thief|p2a: Arceus
|-damage|p2a: Arceus|74/100
|
|upkeep
|turn|5
|
|t:|1662980693
|move|p1a: Marshadow|Close Combat|p2a: Arceus
|-supereffective|p2a: Arceus
|-damage|p2a: Arceus|2/100
|-unboost|p1a: Marshadow|def|1
|-unboost|p1a: Marshadow|spd|1
|move|p2a: Arceus|Judgment|p1a: Marshadow
|-damage|p1a: Marshadow|10/100
|
|upkeep
|turn|6
|
|t:|1662980705
|move|p1a: Marshadow|Spectral Thief|p2a: Arceus
|-damage|p2a: Arceus|0 fnt
|faint|p2a: Arceus
|
|upkeep
|
|t:|1662980706
|switch|p2a: Yveltal|Yveltal|100/100
|-ability|p2a: Yveltal|Dark Aura
|turn|7
|
|t:|1662980725
|switch|p1a: Tyranitar|Tyranitar, M|100/100
|-weather|Sandstorm|[from] ability: Sand Stream|[of] p1a: Tyranitar
|move|p2a: Yveltal|Oblivion Wing|p1a: Tyranitar
|-resisted|p1a: Tyranitar
|-damage|p1a: Tyranitar|91/100
|-damage|p2a: Yveltal|91/100|[from] item: Life Orb
|
|-weather|Sandstorm|[upkeep]
|-damage|p2a: Yveltal|84/100|[from] Sandstorm
|upkeep
|turn|8
|
|t:|1662980738
|switch|p2a: Zacian|Zacian-Crowned|100/100
|-ability|p2a: Zacian|Intrepid Sword|boost
|-boost|p2a: Zacian|atk|1
|move|p1a: Tyranitar|Thunder Wave|p2a: Zacian|[miss]
|-miss|p1a: Tyranitar|p2a: Zacian
|-enditem|p1a: Tyranitar|Blunder Policy
|-boost|p1a: Tyranitar|spe|2
|
|-weather|Sandstorm|[upkeep]
|upkeep
|turn|9
|
|t:|1662980751
|switch|p1a: Marshadow|Marshadow|10/100
|move|p2a: Zacian|Behemoth Blade|p1a: Marshadow
|-damage|p1a: Marshadow|0 fnt
|faint|p1a: Marshadow
|
|-weather|Sandstorm|[upkeep]
|upkeep
|c|☆chiny|你这只班吉拉眼睛是瞎的吗
|
|t:|1662980761
|switch|p1a: Ditto|Ditto|100/100
|-transform|p1a: Ditto|p2a: Zacian|[from] ability: Imposter
|-ability|p1a: Ditto|Intrepid Sword|boost
|-boost|p1a: Ditto|atk|1
|turn|10
|
|t:|1662980767
|move|p1a: Ditto|Behemoth Blade|p2a: Zacian
|-damage|p2a: Zacian|0 fnt
|faint|p2a: Zacian
|
|-weather|Sandstorm|[upkeep]
|upkeep
|
|t:|1662980770
|switch|p2a: Rayquaza|Rayquaza|100/100
|-ability|p2a: Rayquaza|Air Lock
|turn|11
|
|t:|1662980778
|detailschange|p2a: Rayquaza|Rayquaza-Mega
|-mega|p2a: Rayquaza|Rayquaza|
|-weather|DeltaStream|[from] ability: Delta Stream|[of] p2a: Rayquaza
|move|p1a: Ditto|Behemoth Blade|p2a: Rayquaza
|-enditem|p2a: Rayquaza|Focus Sash
|-damage|p2a: Rayquaza|1/100
|move|p2a: Rayquaza|V-create|p1a: Ditto
|-supereffective|p1a: Ditto
|-damage|p1a: Ditto|0 fnt
|-unboost|p2a: Rayquaza|spe|1
|-unboost|p2a: Rayquaza|def|1
|-unboost|p2a: Rayquaza|spd|1
|faint|p1a: Ditto
|
|-weather|DeltaStream|[upkeep]
|upkeep
|
|t:|1662980793
|switch|p1a: Lucario|Lucario, M|100/100
|turn|12
|
|t:|1662980798
|-weather|none
|switch|p2a: Yveltal|Yveltal|84/100
|-ability|p2a: Yveltal|Dark Aura
|detailschange|p1a: Lucario|Lucario-Mega, M
|-mega|p1a: Lucario|Lucario|Lucarionite
|move|p1a: Lucario|Close Combat|p2a: Yveltal
|-damage|p2a: Yveltal|0 fnt
|-unboost|p1a: Lucario|def|1
|-unboost|p1a: Lucario|spd|1
|faint|p2a: Yveltal
|
|upkeep
|
|t:|1662980803
|switch|p2a: Kyogre|Kyogre|100/100
|-weather|RainDance|[from] ability: Drizzle|[of] p2a: Kyogre
|turn|13
|
|t:|1662980815
|move|p1a: Lucario|Bullet Punch|p2a: Kyogre
|-resisted|p2a: Kyogre
|-damage|p2a: Kyogre|84/100
|move|p2a: Kyogre|Water Spout|p1a: Lucario
|-damage|p1a: Lucario|0 fnt
|faint|p1a: Lucario
|
|-weather|RainDance|[upkeep]
|upkeep
|
|t:|1662980826
|switch|p1a: Yveltal|Yveltal|48/100
|-ability|p1a: Yveltal|Dark Aura
|turn|14
|
|t:|1662980832
|-start|p2a: Kyogre|Dynamax|
|-heal|p2a: Kyogre|84/100|[silent]
|move|p1a: Yveltal|Sucker Punch|p2a: Kyogre
|-damage|p2a: Kyogre|47/100
|-damage|p1a: Yveltal|38/100|[from] item: Life Orb
|move|p2a: Kyogre|Max Geyser|p1a: Yveltal
|-damage|p1a: Yveltal|0 fnt
|faint|p1a: Yveltal
|
|-weather|RainDance|[upkeep]
|upkeep
|
|t:|1662980848
|switch|p1a: Necrozma|Necrozma-Dusk-Mane|100/100
|turn|15
|
|t:|1662980856
|-start|p1a: Necrozma|Dynamax|
|-heal|p1a: Necrozma|100/100|[silent]
|move|p2a: Kyogre|Max Geyser|p1a: Necrozma
|-damage|p1a: Necrozma|37/100
|move|p1a: Necrozma|Max Steelspike|p2a: Kyogre
|-resisted|p2a: Kyogre
|-damage|p2a: Kyogre|29/100
|-boost|p1a: Necrozma|def|1
|
|-weather|RainDance|[upkeep]
|upkeep
|turn|16
|inactive|thicsucttv has 120 seconds left.
|
|t:|1662980886
|move|p2a: Kyogre|Max Geyser|p1a: Necrozma
|-damage|p1a: Necrozma|0 fnt
|faint|p1a: Necrozma
|
|-weather|RainDance|[upkeep]
|upkeep
|
|t:|1662980892
|switch|p1a: Tyranitar|Tyranitar, M|91/100
|-weather|Sandstorm|[from] ability: Sand Stream|[of] p1a: Tyranitar
|-end|p2a: Kyogre|Dynamax
|-heal|p2a: Kyogre|29/100|[silent]
|turn|17
|inactive|thicsucttv has 120 seconds left.
|
|t:|1662980907
|switch|p2a: Rayquaza|Rayquaza-Mega|1/100
|-weather|DeltaStream|[from] ability: Delta Stream|[of] p2a: Rayquaza
|move|p1a: Tyranitar|Stone Edge|p2a: Rayquaza
|-activate||deltastream
|-damage|p2a: Rayquaza|0 fnt
|faint|p2a: Rayquaza
|-weather|none
|
|upkeep
|
|t:|1662980908
|switch|p2a: Kyogre|Kyogre|29/100
|-weather|RainDance|[from] ability: Drizzle|[of] p2a: Kyogre
|turn|18
|inactive|thicsucttv has 120 seconds left.
|
|t:|1662980920
|move|p2a: Kyogre|Origin Pulse|p1a: Tyranitar|[miss]
|-miss|p2a: Kyogre|p1a: Tyranitar
|move|p1a: Tyranitar|Stone Edge|p2a: Kyogre
|-damage|p2a: Kyogre|0 fnt
|faint|p2a: Kyogre
|
|win|thicsucttv
|raw|thicsucttv's rating: 1600 &rarr; <strong>1616</strong><br />(+16 for winning)
|raw|chiny's rating: 1530 &rarr; <strong>1514</strong><br />(-16 for losing)
|c|☆chiny|？
|c|☆thicsucttv|Ez
|c|☆chiny|fuck
|c|☆thicsucttv|Ez
|c|☆thicsucttv|Ez
|c|☆chiny|u mother fucker
|c|☆chiny|lusor
|l|☆chiny
||Ladder isn't responding, score probably updated but might not have (Request timeout).
