|j|☆MVP2536
|j|☆lemoncell0
|t:|1662884169
|gametype|singles
|player|p1|MVP2536|giovanni|1881
|player|p2|lemoncell0|allister|1902
|teamsize|p1|6
|teamsize|p2|6
|gen|8
|tier|[Gen 8] National Dex AG
|rated|
|rule|HP Percentage Mod: HP is shown in percentages
|rule|Endless Battle Clause: Forcing endless battles is banned
|clearpoke
|poke|p1|Groudon|
|poke|p1|Aegislash, M|
|poke|p1|Rotom-Wash|
|poke|p1|Scrafty, M|
|poke|p1|Whimsicott, F|
|poke|p1|Ditto|
|poke|p2|Gothitelle, M|
|poke|p2|Diancie|
|poke|p2|Quagsire, F|
|poke|p2|Tyranitar, M|
|poke|p2|Ferrothorn, F|
|poke|p2|Ditto|
|teampreview
|inactive|Battle timer is ON: inactive players will automatically lose when time's up. (requested by lemoncell0)
|c|☆MVP2536|oh hi there
|
|t:|1662884180
|start
|switch|p1a: Whimsicott|Whimsicott, F|100/100
|switch|p2a: Diancie|Diancie|100/100
|turn|1
|c|☆lemoncell0|heyo
|
|t:|1662884187
|switch|p1a: Aegislash|Aegislash, M|100/100
|detailschange|p2a: Diancie|Diancie-Mega
|-mega|p2a: Diancie|Diancie|Diancite
|move|p2a: Diancie|Moonblast|p1a: Aegislash
|-resisted|p1a: Aegislash
|-damage|p1a: Aegislash|80/100
|
|-heal|p1a: Aegislash|87/100|[from] item: Leftovers
|upkeep
|turn|2
|
|t:|1662884196
|switch|p2a: Quagsire|Quagsire, F|100/100
|-formechange|p1a: Aegislash|Aegislash-Blade||[from] ability: Stance Change
|move|p1a: Aegislash|Iron Head|p2a: Quagsire
|-resisted|p2a: Quagsire
|-damage|p2a: Quagsire|85/100
|-damage|p1a: Aegislash|70/100|[from] item: Rocky Helmet|[of] p2a: Quagsire
|
|-heal|p1a: Aegislash|76/100|[from] item: Leftovers
|upkeep
|turn|3
|j| jupax123
|
|t:|1662884200
|switch|p1a: Scrafty|Scrafty, M|100/100
|move|p2a: Quagsire|Recover|p2a: Quagsire
|-heal|p2a: Quagsire|100/100
|
|upkeep
|turn|4
|
|t:|1662884205
|move|p1a: Scrafty|Knock Off|p2a: Quagsire
|-damage|p2a: Quagsire|73/100
|-damage|p1a: Scrafty|84/100|[from] item: Rocky Helmet|[of] p2a: Quagsire
|-enditem|p2a: Quagsire|Rocky Helmet|[from] move: Knock Off|[of] p1a: Scrafty
|move|p2a: Quagsire|Counter|p1a: Scrafty
|-damage|p1a: Scrafty|19/100
|
|upkeep
|turn|5
|
|t:|1662884212
|switch|p1a: Rotom|Rotom-Wash|100/100
|move|p2a: Quagsire|Recover|p2a: Quagsire
|-heal|p2a: Quagsire|100/100
|
|upkeep
|turn|6
|
|t:|1662884218
|switch|p2a: Ferrothorn|Ferrothorn, F|100/100
|move|p1a: Rotom|Toxic|p2a: Ferrothorn
|-immune|p2a: Ferrothorn
|
|upkeep
|turn|7
|
|t:|1662884222
|move|p1a: Rotom|Volt Switch|p2a: Ferrothorn
|-resisted|p2a: Ferrothorn
|-damage|p2a: Ferrothorn|92/100
|
|t:|1662884225
|switch|p1a: Ditto|Ditto|100/100|[from]move: Volt Switch
|-transform|p1a: Ditto|p2a: Ferrothorn|[from] ability: Imposter
|move|p2a: Ferrothorn|Spikes|p1a: Ditto
|-sidestart|p1: MVP2536|Spikes
|
|-heal|p2a: Ferrothorn|98/100|[from] item: Leftovers
|upkeep
|turn|8
|
|t:|1662884233
|move|p1a: Ditto|Spikes|p2a: Ferrothorn
|-sidestart|p2: lemoncell0|Spikes
|move|p2a: Ferrothorn|Spikes|p1a: Ditto
|-sidestart|p1: MVP2536|Spikes
|
|-heal|p2a: Ferrothorn|100/100|[from] item: Leftovers
|upkeep
|turn|9
|
|t:|1662884241
|switch|p1a: Whimsicott|Whimsicott, F|100/100
|switch|p2a: Diancie|Diancie-Mega|100/100
|-damage|p2a: Diancie|88/100|[from] Spikes
|
|upkeep
|turn|10
|
|t:|1662884255
|switch|p1a: Scrafty|Scrafty, M|19/100
|-damage|p1a: Scrafty|3/100|[from] Spikes
|move|p2a: Diancie|Earth Power|p1a: Scrafty
|-damage|p1a: Scrafty|0 fnt
|faint|p1a: Scrafty
|
|upkeep
|
|t:|1662884263
|switch|p1a: Ditto|Ditto|100/100
|-damage|p1a: Ditto|84/100|[from] Spikes
|-transform|p1a: Ditto|p2a: Diancie|[from] ability: Imposter
|turn|11
|
|t:|1662884277
|switch|p2a: Ferrothorn|Ferrothorn, F|100/100
|-damage|p2a: Ferrothorn|88/100|[from] Spikes
|move|p1a: Ditto|Earth Power|p2a: Ferrothorn
|-damage|p2a: Ferrothorn|68/100
|-unboost|p2a: Ferrothorn|spd|1
|
|-heal|p2a: Ferrothorn|74/100|[from] item: Leftovers
|upkeep
|turn|12
|
|t:|1662884282
|switch|p1a: Whimsicott|Whimsicott, F|100/100
|move|p2a: Ferrothorn|Protect||[still]
|-fail|p2a: Ferrothorn
|
|-heal|p2a: Ferrothorn|80/100|[from] item: Leftovers
|upkeep
|turn|13
|
|t:|1662884289
|move|p2a: Ferrothorn|Protect|p2a: Ferrothorn
|-singleturn|p2a: Ferrothorn|Protect
|move|p1a: Whimsicott|Substitute|p1a: Whimsicott
|-start|p1a: Whimsicott|Substitute
|-damage|p1a: Whimsicott|76/100
|
|-heal|p2a: Ferrothorn|86/100|[from] item: Leftovers
|upkeep
|turn|14
|
|t:|1662884297
|switch|p2a: Tyranitar|Tyranitar, M|100/100
|-damage|p2a: Tyranitar|88/100|[from] Spikes
|-weather|Sandstorm|[from] ability: Sand Stream|[of] p2a: Tyranitar
|move|p1a: Whimsicott|Taunt|p2a: Tyranitar
|-start|p2a: Tyranitar|move: Taunt
|
|-weather|Sandstorm|[upkeep]
|-damage|p1a: Whimsicott|69/100|[from] Sandstorm
|-heal|p2a: Tyranitar|94/100|[from] item: Leftovers
|upkeep
|turn|15
|
|t:|1662884301
|move|p1a: Whimsicott|Leech Seed|p2a: Tyranitar
|-start|p2a: Tyranitar|move: Leech Seed
|move|p2a: Tyranitar|Rock Blast|p1a: Whimsicott
|-activate|p1a: Whimsicott|move: Substitute|[damage]
|-end|p1a: Whimsicott|Substitute
|-hitcount|p1a: Whimsicott|2
|
|-weather|Sandstorm|[upkeep]
|-damage|p1a: Whimsicott|63/100|[from] Sandstorm
|-heal|p2a: Tyranitar|100/100|[from] item: Leftovers
|-damage|p2a: Tyranitar|88/100|[from] Leech Seed|[of] p1a: Whimsicott
|-heal|p1a: Whimsicott|82/100|[silent]
|upkeep
|turn|16
|
|t:|1662884306
|switch|p2a: Diancie|Diancie-Mega|88/100
|-damage|p2a: Diancie|76/100|[from] Spikes
|move|p1a: Whimsicott|Moonblast|p2a: Diancie
|-damage|p2a: Diancie|47/100
|
|-weather|Sandstorm|[upkeep]
|-damage|p1a: Whimsicott|76/100|[from] Sandstorm
|upkeep
|turn|17
|
|t:|1662884319
|move|p2a: Diancie|Moonblast|p1a: Whimsicott
|-damage|p1a: Whimsicott|0 fnt
|faint|p1a: Whimsicott
|
|-weather|Sandstorm|[upkeep]
|upkeep
|
|t:|1662884324
|switch|p1a: garbage|Groudon|100/100
|-damage|p1a: garbage|84/100|[from] Spikes
|detailschange|p1a: garbage|Groudon-Primal
|-primal|p1a: garbage
|-weather|DesolateLand|[from] ability: Desolate Land|[of] p1a: garbage
|turn|18
|c|☆MVP2536|that was a stupid play from me
|
|t:|1662884337
|move|p2a: Diancie|Magnet Rise|p2a: Diancie
|-start|p2a: Diancie|Magnet Rise
|move|p1a: garbage|Precipice Blades|p2a: Diancie
|-immune|p2a: Diancie
|
|-weather|DesolateLand|[upkeep]
|upkeep
|turn|19
|
|t:|1662884341
|move|p2a: Diancie|Earth Power|p1a: garbage
|-supereffective|p1a: garbage
|-damage|p1a: garbage|42/100
|move|p1a: garbage|Heat Crash|p2a: Diancie
|-resisted|p2a: Diancie
|-damage|p2a: Diancie|0 fnt
|faint|p2a: Diancie
|
|-weather|DesolateLand|[upkeep]
|upkeep
|j| Sanju1
|
|t:|1662884346
|switch|p2a: Gothitelle|Gothitelle, M|100/100
|-damage|p2a: Gothitelle|88/100|[from] Spikes
|turn|20
|
|t:|1662884351
|move|p1a: garbage|Heat Crash|p2a: Gothitelle
|-damage|p2a: Gothitelle|4/100
|-zpower|p2a: Gothitelle
|move|p2a: Gothitelle|Z-Charm|p1a: garbage|[anim]Charm
|-boost|p2a: Gothitelle|def|1|[zeffect]
|-unboost|p1a: garbage|atk|2
|
|-weather|DesolateLand|[upkeep]
|upkeep
|turn|21
|
|t:|1662884359
|move|p1a: garbage|Heat Crash|p2a: Gothitelle
|-damage|p2a: Gothitelle|0 fnt
|faint|p2a: Gothitelle
|
|-weather|DesolateLand|[upkeep]
|upkeep
|
|t:|1662884363
|switch|p2a: Quagsire|Quagsire, F|100/100
|-damage|p2a: Quagsire|88/100|[from] Spikes
|turn|22
|
|t:|1662884367
|move|p1a: garbage|Rest|p1a: garbage
|-status|p1a: garbage|slp|[from] move: Rest
|-heal|p1a: garbage|100/100 slp|[silent]
|move|p2a: Quagsire|Earthquake|p1a: garbage
|-supereffective|p1a: garbage
|-damage|p1a: garbage|69/100 slp
|
|-weather|DesolateLand|[upkeep]
|upkeep
|turn|23
|
|t:|1662884374
|-weather|none
|switch|p1a: Rotom|Rotom-Wash|100/100
|switch|p2a: Ferrothorn|Ferrothorn, F|86/100
|-damage|p2a: Ferrothorn|74/100|[from] Spikes
|
|-heal|p2a: Ferrothorn|80/100|[from] item: Leftovers
|upkeep
|turn|24
|
|t:|1662884382
|move|p1a: Rotom|Volt Switch|p2a: Ferrothorn
|-resisted|p2a: Ferrothorn
|-damage|p2a: Ferrothorn|73/100
|
|t:|1662884386
|switch|p1a: Ditto|Ditto|84/100|[from]move: Volt Switch
|-damage|p1a: Ditto|67/100|[from] Spikes
|-transform|p1a: Ditto|p2a: Ferrothorn|[from] ability: Imposter
|move|p2a: Ferrothorn|Leech Seed|p1a: Ditto
|-immune|p1a: Ditto
|
|-heal|p2a: Ferrothorn|79/100|[from] item: Leftovers
|upkeep
|turn|25
|
|t:|1662884390
|move|p1a: Ditto|Spikes|p2a: Ferrothorn
|-sidestart|p2: lemoncell0|Spikes
|move|p2a: Ferrothorn|Spikes|p1a: Ditto
|-sidestart|p1: MVP2536|Spikes
|
|-heal|p2a: Ferrothorn|85/100|[from] item: Leftovers
|upkeep
|turn|26
|
|t:|1662884396
|switch|p2a: Tyranitar|Tyranitar, M|88/100
|-damage|p2a: Tyranitar|72/100|[from] Spikes
|-weather|Sandstorm|[from] ability: Sand Stream|[of] p2a: Tyranitar
|move|p1a: Ditto|Spikes|p2a: Tyranitar
|-sidestart|p2: lemoncell0|Spikes
|
|-weather|Sandstorm|[upkeep]
|-heal|p2a: Tyranitar|78/100|[from] item: Leftovers
|upkeep
|turn|27
|
|t:|1662884405
|-start|p1a: Ditto|Dynamax|
|-heal|p1a: Ditto|67/100|[silent]
|move|p2a: Tyranitar|Stealth Rock|p1a: Ditto
|-sidestart|p1: MVP2536|move: Stealth Rock
|move|p1a: Ditto|Max Overgrowth|p2a: Tyranitar
|-supereffective|p2a: Tyranitar
|-damage|p2a: Tyranitar|2/100
|-fieldstart|move: Grassy Terrain
|
|-weather|Sandstorm|[upkeep]
|-heal|p2a: Tyranitar|8/100|[from] Grassy Terrain
|-heal|p2a: Tyranitar|14/100|[from] item: Leftovers
|-heal|p1a: Ditto|70/100|[from] Grassy Terrain
|upkeep
|turn|28
|
|t:|1662884417
|move|p2a: Tyranitar|Rock Blast|p1a: Ditto
|-resisted|p1a: Ditto
|-damage|p1a: Ditto|67/100
|-resisted|p1a: Ditto
|-damage|p1a: Ditto|64/100
|-resisted|p1a: Ditto
|-damage|p1a: Ditto|62/100
|-resisted|p1a: Ditto
|-damage|p1a: Ditto|60/100
|-resisted|p1a: Ditto
|-damage|p1a: Ditto|57/100
|-hitcount|p1a: Ditto|5
|move|p1a: Ditto|Max Overgrowth|p2a: Tyranitar
|-supereffective|p2a: Tyranitar
|-damage|p2a: Tyranitar|0 fnt
|faint|p2a: Tyranitar
|
|-weather|Sandstorm|[upkeep]
|-heal|p1a: Ditto|60/100|[from] Grassy Terrain
|upkeep
|
|t:|1662884419
|switch|p2a: Ferrothorn|Ferrothorn, F|85/100
|-damage|p2a: Ferrothorn|60/100|[from] Spikes
|turn|29
|
|t:|1662884439
|-end|p1a: Ditto|Dynamax
|-heal|p1a: Ditto|60/100|[silent]
|switch|p1a: Aegislash|Aegislash, M|76/100
|-damage|p1a: Aegislash|51/100|[from] Spikes
|-damage|p1a: Aegislash|45/100|[from] Stealth Rock
|move|p2a: Ferrothorn|Leech Seed|p1a: Aegislash
|-start|p1a: Aegislash|move: Leech Seed
|
|-weather|Sandstorm|[upkeep]
|-heal|p1a: Aegislash|51/100|[from] Grassy Terrain
|-heal|p1a: Aegislash|57/100|[from] item: Leftovers
|-heal|p2a: Ferrothorn|66/100|[from] Grassy Terrain
|-heal|p2a: Ferrothorn|73/100|[from] item: Leftovers
|-damage|p1a: Aegislash|45/100|[from] Leech Seed|[of] p2a: Ferrothorn
|-heal|p2a: Ferrothorn|84/100|[silent]
|upkeep
|turn|30
|
|t:|1662884450
|move|p1a: Aegislash|King's Shield|p1a: Aegislash
|-singleturn|p1a: Aegislash|Protect
|move|p2a: Ferrothorn|Protect||[still]
|-fail|p2a: Ferrothorn
|
|-weather|none
|-heal|p1a: Aegislash|51/100|[from] Grassy Terrain
|-heal|p1a: Aegislash|57/100|[from] item: Leftovers
|-heal|p2a: Ferrothorn|90/100|[from] Grassy Terrain
|-heal|p2a: Ferrothorn|97/100|[from] item: Leftovers
|-damage|p1a: Aegislash|45/100|[from] Leech Seed|[of] p2a: Ferrothorn
|-heal|p2a: Ferrothorn|100/100|[silent]
|upkeep
|turn|31
|
|t:|1662884463
|move|p1a: Aegislash|King's Shield||[still]
|-fail|p1a: Aegislash
|move|p2a: Ferrothorn|Power Whip|p1a: Aegislash
|-resisted|p1a: Aegislash
|-damage|p1a: Aegislash|27/100
|
|-heal|p1a: Aegislash|33/100|[from] Grassy Terrain
|-heal|p1a: Aegislash|39/100|[from] item: Leftovers
|-damage|p1a: Aegislash|27/100|[from] Leech Seed|[of] p2a: Ferrothorn
|-fieldend|move: Grassy Terrain
|upkeep
|turn|32
|
|t:|1662884480
|-formechange|p1a: Aegislash|Aegislash-Blade||[from] ability: Stance Change
|move|p1a: Aegislash|Sacred Sword|p2a: Ferrothorn
|-supereffective|p2a: Ferrothorn
|-damage|p2a: Ferrothorn|44/100
|-damage|p1a: Aegislash|14/100|[from] ability: Iron Barbs|[of] p2a: Ferrothorn
|move|p2a: Ferrothorn|Power Whip|p1a: Aegislash
|-resisted|p1a: Aegislash
|-damage|p1a: Aegislash|0 fnt
|faint|p1a: Aegislash
|
|-heal|p2a: Ferrothorn|50/100|[from] item: Leftovers
|upkeep
|
|t:|1662884490
|switch|p1a: garbage|Groudon-Primal|69/100 slp
|-damage|p1a: garbage|44/100 slp|[from] Spikes
|-damage|p1a: garbage|31/100 slp|[from] Stealth Rock
|-weather|DesolateLand|[from] ability: Desolate Land|[of] p1a: garbage
|turn|33
|
|t:|1662884499
|move|p2a: Ferrothorn|Protect|p2a: Ferrothorn
|-singleturn|p2a: Ferrothorn|Protect
|cant|p1a: garbage|slp
|move|p1a: garbage|Sleep Talk|p1a: garbage
|move|p1a: garbage|Heat Crash|p2a: Ferrothorn|[from]move: Sleep Talk
|-activate|p2a: Ferrothorn|move: Protect
|
|-weather|DesolateLand|[upkeep]
|-heal|p2a: Ferrothorn|57/100|[from] item: Leftovers
|upkeep
|turn|34
|
|t:|1662884508
|cant|p1a: garbage|slp
|move|p1a: garbage|Sleep Talk|p1a: garbage
|move|p1a: garbage|Heat Crash|p2a: Ferrothorn|[from]move: Sleep Talk
|-supereffective|p2a: Ferrothorn
|-damage|p2a: Ferrothorn|0 fnt
|-damage|p1a: garbage|19/100 slp|[from] ability: Iron Barbs|[of] p2a: Ferrothorn
|faint|p2a: Ferrothorn
|
|-weather|DesolateLand|[upkeep]
|upkeep
|
|t:|1662884513
|switch|p2a: Ditto|Ditto|100/100
|-damage|p2a: Ditto|75/100|[from] Spikes
|-transform|p2a: Ditto|p1a: garbage|[from] ability: Imposter
|turn|35
|
|t:|1662884518
|move|p2a: Ditto|Heat Crash|p1a: garbage
|-resisted|p1a: garbage
|-damage|p1a: garbage|10/100 slp
|-curestatus|p1a: garbage|slp|[msg]
|move|p1a: garbage|Rest|p1a: garbage
|-status|p1a: garbage|slp|[from] move: Rest
|-heal|p1a: garbage|100/100 slp|[silent]
|
|-weather|DesolateLand|[upkeep]
|upkeep
|turn|36
|
|t:|1662884526
|switch|p2a: Quagsire|Quagsire, F|88/100
|-damage|p2a: Quagsire|63/100|[from] Spikes
|cant|p1a: garbage|slp
|move|p1a: garbage|Sleep Talk|p1a: garbage
|move|p1a: garbage|Precipice Blades|p2a: Quagsire|[from]move: Sleep Talk
|-damage|p2a: Quagsire|15/100
|
|-weather|DesolateLand|[upkeep]
|upkeep
|turn|37
|
|t:|1662884534
|cant|p1a: garbage|slp
|move|p1a: garbage|Sleep Talk|p1a: garbage
|move|p1a: garbage|Rest||[from]move: Sleep Talk|[still]
|-fail|p1a: garbage
|move|p2a: Quagsire|Recover|p2a: Quagsire
|-heal|p2a: Quagsire|65/100
|
|-weather|DesolateLand|[upkeep]
|upkeep
|turn|38
|
|t:|1662884542
|-weather|none
|switch|p1a: Rotom|Rotom-Wash|100/100
|-damage|p1a: Rotom|88/100|[from] Stealth Rock
|move|p2a: Quagsire|Recover|p2a: Quagsire
|-heal|p2a: Quagsire|100/100
|
|upkeep
|turn|39
|
|t:|1662884546
|switch|p2a: Ditto|Ditto|75/100
|-damage|p2a: Ditto|50/100|[from] Spikes
|-transform|p2a: Ditto|p1a: Rotom|[from] ability: Imposter
|move|p1a: Rotom|Toxic|p2a: Ditto
|-status|p2a: Ditto|tox
|
|-damage|p2a: Ditto|44/100 tox|[from] psn
|upkeep
|turn|40
|
|t:|1662884556
|switch|p1a: garbage|Groudon-Primal|100/100 slp
|-damage|p1a: garbage|75/100 slp|[from] Spikes
|-damage|p1a: garbage|63/100 slp|[from] Stealth Rock
|-weather|DesolateLand|[from] ability: Desolate Land|[of] p1a: garbage
|move|p2a: Ditto|Pain Split|p1a: garbage
|-sethp|p1a: garbage|48/100 slp|[from] move: Pain Split|[silent]
|-sethp|p2a: Ditto|64/100 tox|[from] move: Pain Split
|
|-weather|DesolateLand|[upkeep]
|-damage|p2a: Ditto|52/100 tox|[from] psn
|upkeep
|turn|41
|
|t:|1662884563
|switch|p2a: Quagsire|Quagsire, F|100/100
|-damage|p2a: Quagsire|76/100|[from] Spikes
|-curestatus|p1a: garbage|slp|[msg]
|move|p1a: garbage|Precipice Blades|p2a: Quagsire
|-damage|p2a: Quagsire|27/100
|
|-weather|DesolateLand|[upkeep]
|upkeep
|turn|42
|c|☆lemoncell0|gg i lose
|c|☆MVP2536|ye gg
|-message|lemoncell0 forfeited.
|
|win|MVP2536
|raw|MVP2536's rating: 1881 &rarr; <strong>1902</strong><br />(+21 for winning)
|raw|lemoncell0's rating: 1902 &rarr; <strong>1881</strong><br />(-21 for losing)
|l|☆lemoncell0
