|j|☆yosoyamigo
|j|☆JedTheHumanoid
|t:|1667685923
|gametype|singles
|player|p1|yosoyamigo|wattson|1531
|player|p2|JedTheHumanoid|jrtrainer-gen1rb|1572
|teamsize|p1|6
|teamsize|p2|6
|gen|8
|tier|[Gen 8] National Dex AG
|rated|
|rule|HP Percentage Mod: HP is shown in percentages
|rule|Endless Battle Clause: Forcing endless battles is banned
|clearpoke
|poke|p1|Galvantula, F|
|poke|p1|Zacian-*|
|poke|p1|Deoxys-Speed|
|poke|p1|Calyrex-Shadow|
|poke|p1|Marshadow|
|poke|p1|Darkrai|
|poke|p2|Calyrex-Shadow|
|poke|p2|Arceus-*|
|poke|p2|Zacian-*|
|poke|p2|Groudon|
|poke|p2|Necrozma-Dusk-Mane|
|poke|p2|Tyranitar, F|
|teampreview
|inactive|Battle timer is ON: inactive players will automatically lose when time's up. (requested by yosoyamigo)
|
|t:|1667685948
|start
|switch|p1a: Deoxys|Deoxys-Speed|100/100
|switch|p2a: Calyrex|Calyrex-Shadow|100/100
|-ability|p2a: Calyrex|As One
|-ability|p2a: Calyrex|Unnerve
|-ability|p1a: Deoxys|Pressure
|turn|1
|
|t:|1667685960
|move|p1a: Deoxys|Stealth Rock|p2a: Calyrex
|-sidestart|p2: JedTheHumanoid|move: Stealth Rock
|move|p2a: Calyrex|Substitute|p2a: Calyrex
|-start|p2a: Calyrex|Substitute
|-damage|p2a: Calyrex|76/100
|
|-heal|p2a: Calyrex|82/100|[from] item: Leftovers
|upkeep
|turn|2
|
|t:|1667685964
|move|p1a: Deoxys|Magic Coat|p1a: Deoxys
|-singleturn|p1a: Deoxys|move: Magic Coat
|move|p2a: Calyrex|Leech Seed|p1a: Deoxys
|move|p1a: Deoxys|Leech Seed||[from]Magic Coat|[still]
|-fail|p1a: Deoxys
|
|-heal|p2a: Calyrex|88/100|[from] item: Leftovers
|upkeep
|turn|3
|
|t:|1667685970
|move|p1a: Deoxys|Magic Coat|p1a: Deoxys
|-singleturn|p1a: Deoxys|move: Magic Coat
|move|p2a: Calyrex|Leech Seed|p1a: Deoxys
|move|p1a: Deoxys|Leech Seed|p2a: Calyrex|[from]Magic Coat|[miss]
|-miss|p1a: Deoxys|p2a: Calyrex
|
|-heal|p2a: Calyrex|94/100|[from] item: Leftovers
|upkeep
|turn|4
|
|t:|1667685977
|move|p1a: Deoxys|Magic Coat|p1a: Deoxys
|-singleturn|p1a: Deoxys|move: Magic Coat
|move|p2a: Calyrex|Astral Barrage|p1a: Deoxys
|-supereffective|p1a: Deoxys
|-enditem|p1a: Deoxys|Focus Sash
|-damage|p1a: Deoxys|1/100
|
|-heal|p2a: Calyrex|99/100|[from] item: Leftovers
|upkeep
|turn|5
|
|t:|1667685982
|move|p1a: Deoxys|Taunt|p2a: Calyrex
|-start|p2a: Calyrex|move: Taunt
|cant|p2a: Calyrex|move: Taunt|Leech Seed
|
|-heal|p2a: Calyrex|100/100|[from] item: Leftovers
|upkeep
|turn|6
|
|t:|1667685989
|move|p1a: Deoxys|Extreme Speed|p2a: Calyrex
|-immune|p2a: Calyrex
|move|p2a: Calyrex|Astral Barrage|p1a: Deoxys
|-supereffective|p1a: Deoxys
|-damage|p1a: Deoxys|0 fnt
|faint|p1a: Deoxys
|-ability|p2a: Calyrex|Grim Neigh|boost
|-boost|p2a: Calyrex|spa|1
|
|upkeep
|
|t:|1667685996
|switch|p1a: Marshadow|Marshadow|100/100
|turn|7
|
|t:|1667686000
|switch|p2a: Arceus|Arceus|100/100
|-damage|p2a: Arceus|88/100|[from] Stealth Rock
|move|p1a: Marshadow|Shadow Sneak|p2a: Arceus
|-immune|p2a: Arceus
|
|upkeep
|turn|8
|
|t:|1667686020
|switch|p2a: Necrozma|Necrozma-Dusk-Mane|100/100
|-damage|p2a: Necrozma|94/100|[from] Stealth Rock
|move|p1a: Marshadow|Drain Punch|p2a: Necrozma
|-damage|p2a: Necrozma|72/100
|-damage|p1a: Marshadow|84/100|[from] item: Rocky Helmet|[of] p2a: Necrozma
|
|upkeep
|turn|9
|
|t:|1667686031
|switch|p1a: Galvantula|Galvantula, F|100/100
|move|p2a: Necrozma|Thunder Wave|p1a: Galvantula
|-immune|p1a: Galvantula
|
|upkeep
|turn|10
|
|t:|1667686041
|switch|p2a: Calyrex|Calyrex-Shadow|100/100
|-ability|p2a: Calyrex|As One
|-ability|p2a: Calyrex|Unnerve
|-damage|p2a: Calyrex|88/100|[from] Stealth Rock
|move|p1a: Galvantula|Sticky Web|p2a: Calyrex
|-sidestart|p2: JedTheHumanoid|move: Sticky Web
|
|-heal|p2a: Calyrex|94/100|[from] item: Leftovers
|upkeep
|turn|11
|
|t:|1667686046
|move|p2a: Calyrex|Substitute|p2a: Calyrex
|-start|p2a: Calyrex|Substitute
|-damage|p2a: Calyrex|69/100
|move|p1a: Galvantula|Thunder Wave||[still]
|-fail|p1a: Galvantula
|
|-heal|p2a: Calyrex|76/100|[from] item: Leftovers
|upkeep
|turn|12
|
|t:|1667686053
|move|p2a: Calyrex|Leech Seed|p1a: Galvantula
|-start|p1a: Galvantula|move: Leech Seed
|move|p1a: Galvantula|Bug Buzz|p2a: Calyrex
|-damage|p2a: Calyrex|40/100
|
|-heal|p2a: Calyrex|46/100|[from] item: Leftovers
|-damage|p1a: Galvantula|88/100|[from] Leech Seed|[of] p2a: Calyrex
|-heal|p2a: Calyrex|57/100|[silent]
|upkeep
|turn|13
|
|t:|1667686059
|move|p2a: Calyrex|Disable|p1a: Galvantula
|-start|p1a: Galvantula|Disable|Bug Buzz
|cant|p1a: Galvantula|Disable|Bug Buzz
|
|-heal|p2a: Calyrex|63/100|[from] item: Leftovers
|-damage|p1a: Galvantula|76/100|[from] Leech Seed|[of] p2a: Calyrex
|-heal|p2a: Calyrex|73/100|[silent]
|upkeep
|turn|14
|
|t:|1667686067
|move|p2a: Calyrex|Astral Barrage|p1a: Galvantula
|-damage|p1a: Galvantula|0 fnt
|faint|p1a: Galvantula
|-ability|p2a: Calyrex|Grim Neigh|boost
|-boost|p2a: Calyrex|spa|1
|
|-heal|p2a: Calyrex|79/100|[from] item: Leftovers
|upkeep
|
|t:|1667686071
|switch|p1a: Marshadow|Marshadow|84/100
|turn|15
|
|t:|1667686074
|move|p1a: Marshadow|Shadow Sneak|p2a: Calyrex
|-supereffective|p2a: Calyrex
|-end|p2a: Calyrex|Substitute
|move|p2a: Calyrex|Astral Barrage|p1a: Marshadow
|-supereffective|p1a: Marshadow
|-damage|p1a: Marshadow|0 fnt
|faint|p1a: Marshadow
|-ability|p2a: Calyrex|Grim Neigh|boost
|-boost|p2a: Calyrex|spa|1
|
|-heal|p2a: Calyrex|85/100|[from] item: Leftovers
|upkeep
|
|t:|1667686076
|switch|p1a: Calyrex|Calyrex-Shadow|100/100
|-ability|p1a: Calyrex|As One
|-ability|p1a: Calyrex|Unnerve
|turn|16
|
|t:|1667686080
|switch|p2a: Arceus|Arceus|88/100
|-damage|p2a: Arceus|76/100|[from] Stealth Rock
|-activate|p2a: Arceus|move: Sticky Web
|-unboost|p2a: Arceus|spe|1
|move|p1a: Calyrex|Astral Barrage|p2a: Arceus
|-immune|p2a: Arceus
|
|upkeep
|turn|17
|
|t:|1667686085
|move|p1a: Calyrex|Psychic|p2a: Arceus
|-damage|p2a: Arceus|37/100
|move|p2a: Arceus|Recover|p2a: Arceus
|-heal|p2a: Arceus|88/100
|
|upkeep
|turn|18
|
|t:|1667686089
|move|p1a: Calyrex|Nasty Plot|p1a: Calyrex
|-boost|p1a: Calyrex|spa|2
|move|p2a: Arceus|Recover|p2a: Arceus
|-heal|p2a: Arceus|100/100
|
|upkeep
|turn|19
|
|t:|1667686091
|move|p1a: Calyrex|Nasty Plot|p1a: Calyrex
|-boost|p1a: Calyrex|spa|2
|move|p2a: Arceus|Shadow Claw|p1a: Calyrex
|-supereffective|p1a: Calyrex
|-enditem|p1a: Calyrex|Focus Sash
|-damage|p1a: Calyrex|1/100
|
|upkeep
|turn|20
|
|t:|1667686100
|switch|p2a: Tyranitar|Tyranitar, F, shiny|100/100
|-damage|p2a: Tyranitar|88/100|[from] Stealth Rock
|-activate|p2a: Tyranitar|move: Sticky Web
|-unboost|p2a: Tyranitar|spe|1
|-weather|Sandstorm|[from] ability: Sand Stream|[of] p2a: Tyranitar
|-start|p1a: Calyrex|Dynamax|
|-heal|p1a: Calyrex|1/100|[silent]
|move|p1a: Calyrex|Max Mindstorm|p2a: Tyranitar
|-immune|p2a: Tyranitar
|
|-weather|Sandstorm|[upkeep]
|-damage|p1a: Calyrex|0 fnt|[from] Sandstorm
|faint|p1a: Calyrex
|-heal|p2a: Tyranitar|94/100|[from] item: Leftovers
|upkeep
|-message|yosoyamigo forfeited.
|
|win|JedTheHumanoid
|raw|yosoyamigo's rating: 1531 &rarr; <strong>1513</strong><br />(-18 for losing)
|raw|JedTheHumanoid's rating: 1572 &rarr; <strong>1590</strong><br />(+18 for winning)
|l|☆yosoyamigo
||Ladder isn't responding, score probably updated but might not have (Request timeout).
