|j|☆Distracktorkill
|j|‽BrixTrynaLuv
|t:|1666720476
|gametype|singles
|player|p1|Distracktorkill|flannery|1578
|player|p2|BrixTrynaLuv|linebacker|1654
|teamsize|p1|6
|teamsize|p2|6
|gen|8
|tier|[Gen 8] National Dex AG
|rated|
|rule|HP Percentage Mod: HP is shown in percentages
|rule|Endless Battle Clause: Forcing endless battles is banned
|clearpoke
|poke|p1|Hoopa-Unbound|
|poke|p1|Ditto|
|poke|p1|Urshifu-*, M|
|poke|p1|Urshifu-*, F|
|poke|p1|Marshadow|
|poke|p1|Cinderace, M|
|poke|p2|Tyranitar, M|
|poke|p2|Yveltal|
|poke|p2|Zacian-*|
|poke|p2|Calyrex-Shadow|
|poke|p2|Necrozma-Dusk-Mane|
|poke|p2|Arceus-*|
|teampreview
|inactive|Battle timer is ON: inactive players will automatically lose when time's up. (requested by BrixTrynaLuv)
|
|t:|1666720488
|start
|switch|p1a: Urshifu|Urshifu-Rapid-Strike, F|100/100
|switch|p2a: Zacian|Zacian-Crowned, shiny|100/100
|-ability|p2a: Zacian|Intrepid Sword|boost
|-boost|p2a: Zacian|atk|1
|turn|1
|
|t:|1666720492
|move|p1a: Urshifu|Surging Strikes|p2a: Zacian
|-crit|p2a: Zacian
|-damage|p2a: Zacian|82/100
|-crit|p2a: Zacian
|-damage|p2a: Zacian|63/100
|-crit|p2a: Zacian
|-damage|p2a: Zacian|44/100
|-hitcount|p2a: Zacian|3
|move|p2a: Zacian|Wild Charge|p1a: Urshifu
|-supereffective|p1a: Urshifu
|-damage|p1a: Urshifu|0 fnt
|faint|p1a: Urshifu
|-damage|p2a: Zacian|18/100|[from] Recoil
|
|upkeep
|
|t:|1666720501
|switch|p1a: Urshifu|Urshifu, M|100/100
|turn|2
|
|t:|1666720505
|move|p1a: Urshifu|Wicked Blow|p2a: Zacian
|-resisted|p2a: Zacian
|-crit|p2a: Zacian
|-damage|p2a: Zacian|0 fnt
|faint|p2a: Zacian
|
|upkeep
|
|t:|1666720512
|switch|p2a: Yveltal|Yveltal, shiny|100/100
|-ability|p2a: Yveltal|Dark Aura
|turn|3
|
|t:|1666720525
|switch|p1a: Hoopa|Hoopa-Unbound|100/100
|move|p2a: Yveltal|Oblivion Wing|p1a: Hoopa
|-damage|p1a: Hoopa|67/100
|
|upkeep
|turn|4
|
|t:|1666720539
|move|p2a: Yveltal|Oblivion Wing|p1a: Hoopa
|-damage|p1a: Hoopa|32/100
|move|p1a: Hoopa|Trick|p2a: Yveltal
|-activate|p1a: Hoopa|move: Trick|[of] p2a: Yveltal
|-item|p2a: Yveltal|Choice Band|[from] move: Trick
|-item|p1a: Hoopa|Assault Vest|[from] move: Trick
|
|upkeep
|turn|5
|
|t:|1666720549
|move|p2a: Yveltal|U-turn|p1a: Hoopa
|-supereffective|p1a: Hoopa
|-damage|p1a: Hoopa|0 fnt
|faint|p1a: Hoopa
|
|t:|1666720559
|switch|p2a: Arceus|Arceus|100/100|[from]move: U-turn
|
|upkeep
|
|t:|1666720565
|switch|p1a: Urshifu|Urshifu, M|100/100
|turn|6
|
|t:|1666720576
|move|p1a: Urshifu|Wicked Blow|p2a: Arceus
|-crit|p2a: Arceus
|-damage|p2a: Arceus|60/100
|move|p2a: Arceus|Swords Dance|p2a: Arceus
|-boost|p2a: Arceus|atk|2
|
|upkeep
|turn|7
|
|t:|1666720581
|move|p2a: Arceus|Extreme Speed|p1a: Urshifu
|-damage|p1a: Urshifu|0 fnt
|faint|p1a: Urshifu
|-damage|p2a: Arceus|50/100|[from] item: Life Orb
|
|upkeep
|
|t:|1666720587
|switch|p1a: Ditto|Ditto|100/100
|-transform|p1a: Ditto|p2a: Arceus|[from] ability: Imposter
|turn|8
|
|t:|1666720593
|move|p1a: Ditto|Extreme Speed|p2a: Arceus
|-crit|p2a: Arceus
|-damage|p2a: Arceus|0 fnt
|faint|p2a: Arceus
|
|upkeep
|
|t:|1666720599
|switch|p2a: Necrozma|Necrozma-Dusk-Mane|100/100
|turn|9
|
|t:|1666720604
|-start|p1a: Ditto|Dynamax|
|-heal|p1a: Ditto|100/100|[silent]
|move|p1a: Ditto|Max Phantasm|p2a: Necrozma
|-supereffective|p2a: Necrozma
|-damage|p2a: Necrozma|23/100
|-unboost|p2a: Necrozma|def|1
|move|p2a: Necrozma|Thunder Wave|p1a: Ditto|[miss]
|-miss|p2a: Necrozma|p1a: Ditto
|
|upkeep
|turn|10
|
|t:|1666720615
|switch|p2a: Tyranitar|Tyranitar, M, shiny|100/100
|-weather|Sandstorm|[from] ability: Sand Stream|[of] p2a: Tyranitar
|move|p1a: Ditto|Max Phantasm|p2a: Tyranitar
|-resisted|p2a: Tyranitar
|-damage|p2a: Tyranitar|69/100
|-unboost|p2a: Tyranitar|def|1
|
|-weather|Sandstorm|[upkeep]
|-damage|p1a: Ditto|97/100|[from] Sandstorm
|upkeep
|turn|11
|
|t:|1666720625
|switch|p2a: Yveltal|Yveltal, shiny|100/100
|-ability|p2a: Yveltal|Dark Aura
|move|p1a: Ditto|Max Strike|p2a: Yveltal
|-crit|p2a: Yveltal
|-damage|p2a: Yveltal|0 fnt
|faint|p2a: Yveltal
|
|-weather|Sandstorm|[upkeep]
|-damage|p1a: Ditto|94/100|[from] Sandstorm
|upkeep
|
|t:|1666720633
|switch|p2a: Necrozma|Necrozma-Dusk-Mane|23/100
|-end|p1a: Ditto|Dynamax
|-heal|p1a: Ditto|94/100|[silent]
|turn|12
|
|t:|1666720638
|move|p1a: Ditto|Extreme Speed|p2a: Necrozma
|-resisted|p2a: Necrozma
|-damage|p2a: Necrozma|0 fnt
|-damage|p1a: Ditto|78/100|[from] item: Rocky Helmet|[of] p2a: Necrozma
|faint|p2a: Necrozma
|
|-weather|Sandstorm|[upkeep]
|-damage|p1a: Ditto|72/100|[from] Sandstorm
|upkeep
|
|t:|1666720642
|switch|p2a: Calyrex|Calyrex-Shadow|100/100
|-ability|p2a: Calyrex|As One
|-ability|p2a: Calyrex|Unnerve
|turn|13
|
|t:|1666720645
|switch|p1a: Cinderace|Cinderace, M|100/100
|move|p2a: Calyrex|Psyshock|p1a: Cinderace
|-damage|p1a: Cinderace|35/100
|
|-weather|Sandstorm|[upkeep]
|-damage|p2a: Calyrex|94/100|[from] Sandstorm
|-damage|p1a: Cinderace|29/100|[from] Sandstorm
|upkeep
|turn|14
|
|t:|1666720650
|switch|p2a: Tyranitar|Tyranitar, M, shiny|69/100
|move|p1a: Cinderace|Pyro Ball|p2a: Tyranitar
|-resisted|p2a: Tyranitar
|-damage|p2a: Tyranitar|49/100
|
|-weather|none
|upkeep
|turn|15
|
|t:|1666720656
|move|p1a: Cinderace|Gunk Shot|p2a: Tyranitar|[miss]
|-start|p1a: Cinderace|typechange|Poison|[from] ability: Libero
|-miss|p1a: Cinderace|p2a: Tyranitar
|move|p2a: Tyranitar|Crunch|p1a: Cinderace
|-damage|p1a: Cinderace|0 fnt
|faint|p1a: Cinderace
|
|upkeep
|
|t:|1666720663
|switch|p1a: Ditto|Ditto|72/100
|-transform|p1a: Ditto|p2a: Tyranitar|[from] ability: Imposter
|-weather|Sandstorm|[from] ability: Sand Stream|[of] p1a: Ditto
|turn|16
|
|t:|1666720667
|-start|p2a: Tyranitar|Dynamax|
|-heal|p2a: Tyranitar|49/100|[silent]
|move|p1a: Ditto|Earthquake|p2a: Tyranitar
|-supereffective|p2a: Tyranitar
|-damage|p2a: Tyranitar|18/100
|move|p2a: Tyranitar|Max Quake|p1a: Ditto
|-supereffective|p1a: Ditto
|-damage|p1a: Ditto|0 fnt
|-boost|p2a: Tyranitar|spd|1
|faint|p1a: Ditto
|
|-weather|Sandstorm|[upkeep]
|upkeep
|
|t:|1666720673
|switch|p1a: Marshadow|Marshadow|100/100
|turn|17
|
|t:|1666720679
|move|p1a: Marshadow|Close Combat|p2a: Tyranitar
|-supereffective|p2a: Tyranitar
|-damage|p2a: Tyranitar|0 fnt
|-unboost|p1a: Marshadow|def|1
|-unboost|p1a: Marshadow|spd|1
|faint|p2a: Tyranitar
|
|-weather|Sandstorm|[upkeep]
|-damage|p1a: Marshadow|94/100|[from] Sandstorm
|upkeep
|
|t:|1666720682
|switch|p2a: Calyrex|Calyrex-Shadow|94/100
|-ability|p2a: Calyrex|As One
|-ability|p2a: Calyrex|Unnerve
|turn|18
|
|t:|1666720685
|move|p1a: Marshadow|Shadow Sneak|p2a: Calyrex
|-supereffective|p2a: Calyrex
|-damage|p2a: Calyrex|0 fnt
|faint|p2a: Calyrex
|
|win|Distracktorkill
|raw|Distracktorkill's rating: 1578 &rarr; <strong>1602</strong><br />(+24 for winning)
|raw|BrixTrynaLuv's rating: 1654 &rarr; <strong>1630</strong><br />(-24 for losing)
|l|‽BrixTrynaLuv
