|j|☆moyv123
|j|☆MRH1106
|t:|1665770478
|gametype|singles
|player|p1|moyv123|170|1751
|player|p2|MRH1106|red|1894
|teamsize|p1|6
|teamsize|p2|6
|gen|8
|tier|[Gen 8] National Dex AG
|rated|
|rule|HP Percentage Mod: HP is shown in percentages
|rule|Endless Battle Clause: Forcing endless battles is banned
|clearpoke
|poke|p1|Arceus-*|
|poke|p1|Arceus-*|
|poke|p1|Rayquaza|
|poke|p1|Lugia|
|poke|p1|Zacian-*|
|poke|p1|Zygarde|
|poke|p2|Zacian-*|
|poke|p2|Calyrex-Shadow|
|poke|p2|Rayquaza|
|poke|p2|Ditto|
|poke|p2|Yveltal|
|poke|p2|Arceus-*|
|teampreview
|inactive|Battle timer is ON: inactive players will automatically lose when time's up. (requested by MRH1106)
|
|t:|1665770505
|start
|switch|p1a: Arceus|Arceus|100/100
|switch|p2a: Legit god|Arceus-Ground|100/100
|turn|1
|
|t:|1665770514
|move|p2a: Legit god|Judgment|p1a: Arceus
|-damage|p1a: Arceus|69/100
|move|p1a: Arceus|Swords Dance|p1a: Arceus
|-boost|p1a: Arceus|atk|2
|
|upkeep
|turn|2
|j| Buck is stallish
|
|t:|1665770525
|-start|p1a: Arceus|Dynamax|
|-heal|p1a: Arceus|69/100|[silent]
|move|p2a: Legit god|Judgment|p1a: Arceus
|-crit|p1a: Arceus
|-damage|p1a: Arceus|44/100
|move|p1a: Arceus|Max Strike|p2a: Legit god
|-damage|p2a: Legit god|5/100
|-unboost|p2a: Legit god|spe|1
|
|upkeep
|turn|3
|
|t:|1665770537
|move|p1a: Arceus|Max Phantasm|p2a: Legit god
|-damage|p2a: Legit god|0 fnt
|faint|p2a: Legit god
|
|upkeep
|
|t:|1665770540
|switch|p2a: Knifepuppy|Zacian-Crowned|100/100
|-ability|p2a: Knifepuppy|Intrepid Sword|boost
|-boost|p2a: Knifepuppy|atk|1
|turn|4
|
|t:|1665770547
|move|p2a: Knifepuppy|Behemoth Blade|p1a: Arceus
|-damage|p1a: Arceus|0 fnt
|faint|p1a: Arceus
|
|upkeep
|
|t:|1665770552
|switch|p1a: Lugia|Lugia|100/100
|turn|5
|
|t:|1665770557
|move|p2a: Knifepuppy|Crunch|p1a: Lugia
|-supereffective|p1a: Lugia
|-damage|p1a: Lugia|76/100
|move|p1a: Lugia|Thunder Wave|p2a: Knifepuppy
|-status|p2a: Knifepuppy|par
|
|upkeep
|turn|6
|
|t:|1665770565
|move|p1a: Lugia|Roost|p1a: Lugia
|-heal|p1a: Lugia|100/100
|-singleturn|p1a: Lugia|move: Roost
|move|p2a: Knifepuppy|Crunch|p1a: Lugia
|-supereffective|p1a: Lugia
|-damage|p1a: Lugia|75/100
|-unboost|p1a: Lugia|def|1
|
|upkeep
|turn|7
|
|t:|1665770574
|move|p1a: Lugia|Roost|p1a: Lugia
|-heal|p1a: Lugia|100/100
|-singleturn|p1a: Lugia|move: Roost
|cant|p2a: Knifepuppy|par
|
|upkeep
|turn|8
|
|t:|1665770588
|switch|p1a: Zacian|Zacian-Crowned, shiny|100/100
|-ability|p1a: Zacian|Intrepid Sword|boost
|-boost|p1a: Zacian|atk|1
|move|p2a: Knifepuppy|Behemoth Blade|p1a: Zacian
|-damage|p1a: Zacian|12/100
|
|upkeep
|turn|9
|
|t:|1665770596
|move|p1a: Zacian|Behemoth Blade|p2a: Knifepuppy
|-damage|p2a: Knifepuppy|5/100 par
|move|p2a: Knifepuppy|Crunch|p1a: Zacian
|-resisted|p1a: Zacian
|-damage|p1a: Zacian|0 fnt
|faint|p1a: Zacian
|
|upkeep
|
|t:|1665770609
|switch|p1a: Arceus|Arceus-Dark|100/100
|turn|10
|
|t:|1665770615
|move|p1a: Arceus|Judgment|p2a: Knifepuppy
|-resisted|p2a: Knifepuppy
|-damage|p2a: Knifepuppy|0 fnt
|faint|p2a: Knifepuppy
|
|upkeep
|
|t:|1665770618
|switch|p2a: Rayyyy|Rayquaza|100/100
|-ability|p2a: Rayyyy|Air Lock
|turn|11
|
|t:|1665770627
|switch|p1a: Lugia|Lugia|100/100
|detailschange|p2a: Rayyyy|Rayquaza-Mega
|-mega|p2a: Rayyyy|Rayquaza|
|-weather|DeltaStream|[from] ability: Delta Stream|[of] p2a: Rayyyy
|move|p2a: Rayyyy|Dragon Dance|p2a: Rayyyy
|-boost|p2a: Rayyyy|atk|1
|-boost|p2a: Rayyyy|spe|1
|
|-weather|DeltaStream|[upkeep]
|upkeep
|turn|12
|l| Buck is stallish
|
|t:|1665770639
|move|p2a: Rayyyy|Dragon Ascent|p1a: Lugia
|-damage|p1a: Lugia|69/100
|-unboost|p2a: Rayyyy|def|1
|-unboost|p2a: Rayyyy|spd|1
|move|p1a: Lugia|Thunder Wave|p2a: Rayyyy
|-status|p2a: Rayyyy|par
|
|-weather|DeltaStream|[upkeep]
|upkeep
|turn|13
|
|t:|1665770650
|move|p1a: Lugia|Roost|p1a: Lugia
|-heal|p1a: Lugia|100/100
|-singleturn|p1a: Lugia|move: Roost
|move|p2a: Rayyyy|Dragon Ascent|p1a: Lugia
|-damage|p1a: Lugia|68/100
|-unboost|p2a: Rayyyy|def|1
|-unboost|p2a: Rayyyy|spd|1
|
|-weather|DeltaStream|[upkeep]
|upkeep
|turn|14
|
|t:|1665770666
|move|p1a: Lugia|Roost|p1a: Lugia
|-heal|p1a: Lugia|100/100
|-singleturn|p1a: Lugia|move: Roost
|move|p2a: Rayyyy|Dragon Dance|p2a: Rayyyy
|-boost|p2a: Rayyyy|atk|1
|-boost|p2a: Rayyyy|spe|1
|
|-weather|DeltaStream|[upkeep]
|upkeep
|turn|15
|
|t:|1665770675
|cant|p2a: Rayyyy|par
|move|p1a: Lugia|Whirlwind|p2a: Rayyyy
|-weather|none
|drag|p2a: Hells dragon|Yveltal, shiny|100/100
|-ability|p2a: Hells dragon|Dark Aura
|
|upkeep
|turn|16
|
|t:|1665770694
|move|p2a: Hells dragon|Taunt|p1a: Lugia
|-start|p1a: Lugia|move: Taunt
|cant|p1a: Lugia|move: Taunt|Thunder Wave
|
|upkeep
|turn|17
|
|t:|1665770706
|switch|p1a: Arceus|Arceus-Dark|100/100
|move|p2a: Hells dragon|Oblivion Wing|p1a: Arceus
|-damage|p1a: Arceus|73/100
|-damage|p2a: Hells dragon|91/100|[from] item: Life Orb
|
|upkeep
|turn|18
|inactive|moyv123 has 120 seconds left.
|
|t:|1665770734
|switch|p1a: Rayquaza|Rayquaza, shiny|100/100
|-ability|p1a: Rayquaza|Air Lock
|move|p2a: Hells dragon|Taunt|p1a: Rayquaza
|-start|p1a: Rayquaza|move: Taunt
|
|upkeep
|turn|19
|
|t:|1665770750
|switch|p2a: Rayyyy|Rayquaza-Mega|100/100 par
|-weather|DeltaStream|[from] ability: Delta Stream|[of] p2a: Rayyyy
|detailschange|p1a: Rayquaza|Rayquaza-Mega, shiny
|-mega|p1a: Rayquaza|Rayquaza|
|move|p1a: Rayquaza|Dragon Ascent|p2a: Rayyyy
|-enditem|p2a: Rayyyy|Focus Sash
|-damage|p2a: Rayyyy|1/100 par
|-unboost|p1a: Rayquaza|def|1
|-unboost|p1a: Rayquaza|spd|1
|-damage|p1a: Rayquaza|91/100|[from] item: Life Orb
|
|-weather|DeltaStream|[upkeep]
|upkeep
|turn|20
|inactive|moyv123 has 120 seconds left.
|
|t:|1665770772
|switch|p1a: Zygarde|Zygarde|100/100
|cant|p2a: Rayyyy|par
|
|-weather|DeltaStream|[upkeep]
|upkeep
|turn|21
|inactive|moyv123 has 120 seconds left.
|
|t:|1665770786
|move|p1a: Zygarde|Dragon Dance|p1a: Zygarde
|-boost|p1a: Zygarde|atk|1
|-boost|p1a: Zygarde|spe|1
|cant|p2a: Rayyyy|par
|
|-weather|DeltaStream|[upkeep]
|upkeep
|turn|22
|inactive|moyv123 has 120 seconds left.
|
|t:|1665770794
|move|p1a: Zygarde|Thousand Arrows|p2a: Rayyyy
|-damage|p2a: Rayyyy|0 fnt
|faint|p2a: Rayyyy
|-weather|none
|
|upkeep
|
|t:|1665770798
|switch|p2a: YeeHaw~|Calyrex-Shadow|100/100
|-ability|p2a: YeeHaw~|As One
|-ability|p2a: YeeHaw~|Unnerve
|turn|23
|j| Myloelarmadillo
|
|t:|1665770809
|move|p2a: YeeHaw~|Nasty Plot|p2a: YeeHaw~
|-boost|p2a: YeeHaw~|spa|2
|-zpower|p1a: Zygarde
|move|p1a: Zygarde|Tectonic Rage|p2a: YeeHaw~|[zeffect]
|-enditem|p2a: YeeHaw~|Focus Sash
|-damage|p2a: YeeHaw~|1/100
|
|upkeep
|turn|24
|inactive|moyv123 has 120 seconds left.
|
|t:|1665770828
|move|p2a: YeeHaw~|Astral Barrage|p1a: Zygarde
|-damage|p1a: Zygarde|0 fnt
|faint|p1a: Zygarde
|-ability|p2a: YeeHaw~|Grim Neigh|boost
|-boost|p2a: YeeHaw~|spa|1
|
|upkeep
|inactive|moyv123 has 120 seconds left.
|l| Myloelarmadillo
|
|t:|1665770840
|switch|p1a: Arceus|Arceus-Dark|73/100
|turn|25
|
|t:|1665770844
|-start|p2a: YeeHaw~|Dynamax|
|-heal|p2a: YeeHaw~|1/100|[silent]
|move|p2a: YeeHaw~|Max Starfall|p1a: Arceus
|-supereffective|p1a: Arceus
|-damage|p1a: Arceus|0 fnt
|-fieldstart|move: Misty Terrain
|faint|p1a: Arceus
|-ability|p2a: YeeHaw~|Grim Neigh|boost
|-boost|p2a: YeeHaw~|spa|1
|
|upkeep
|-message|moyv123 forfeited.
|
|win|MRH1106
|raw|moyv123's rating: 1751 &rarr; <strong>1739</strong><br />(-12 for losing)
|raw|MRH1106's rating: 1894 &rarr; <strong>1906</strong><br />(+12 for winning)
|j| Myloelarmadillo
|l|☆moyv123
||Ladder isn't responding, score probably updated but might not have (Request timeout).
