|j|☆Geysers
|j|☆Lider Meliodas
|inactive|Battle timer is ON: inactive players will automatically lose when time's up.
|t:|1622658497
|gametype|singles
|player|p1|Geysers|lusamine-nihilego|
|player|p2|Lider Meliodas|siebold|
|teamsize|p1|6
|teamsize|p2|6
|gen|8
|tier|[Gen 8] National Dex AG
|rated|Tournament battle
|rule|HP Percentage Mod: HP is shown in percentages
|rule|Endless Battle Clause: Forcing endless battles is banned
|clearpoke
|poke|p1|Arceus-*|
|poke|p1|Ditto|
|poke|p1|Necrozma-Dusk-Mane|
|poke|p1|Rayquaza|
|poke|p1|Calyrex-Shadow|
|poke|p1|Arceus-*|
|poke|p2|Kyogre|
|poke|p2|Arceus-*|
|poke|p2|Groudon|
|poke|p2|Calyrex-Shadow|
|poke|p2|Yveltal|
|poke|p2|Rayquaza|
|teampreview
|c|☆Geysers|hf
|j|+Frito135 ❤
|c|☆Lider Meliodas|Ew, unviable player
|c|☆Lider Meliodas|hf lol
|inactive|Lider Meliodas has 120 seconds left.
|
|t:|1622658529
|start
|switch|p1a: Ditto|Ditto|100/100
|switch|p2a: Groudon|Groudon|100/100
|-transform|p1a: Ditto|p2a: Groudon|[from] ability: Imposter
|-weather|SunnyDay|[from] ability: Drought|[of] p1a: Ditto
|detailschange|p2a: Groudon|Groudon-Primal
|-primal|p2a: Groudon
|-weather|DesolateLand|[from] ability: Desolate Land|[of] p2a: Groudon
|turn|1
|
|t:|1622658535
|switch|p1a: Arceus|Arceus-Ground|100/100
|-weather|none
|switch|p2a: Arceus|Arceus-Water|100/100
|
|upkeep
|turn|2
|
|t:|1622658541
|switch|p1a: Arceus|Arceus-Dark|100/100
|move|p2a: Arceus|Judgment|p1a: Arceus
|-damage|p1a: Arceus|68/100
|
|upkeep
|turn|3
|j| Tic-Tac-Toe Guru
|
|t:|1622658545
|switch|p2a: Yveltal|Yveltal, shiny|100/100
|-ability|p2a: Yveltal|Dark Aura
|move|p1a: Arceus|Thunder Wave|p2a: Yveltal
|-status|p2a: Yveltal|par
|
|upkeep
|turn|4
|
|t:|1622658548
|switch|p1a: Arceus|Arceus-Ground|100/100
|cant|p2a: Yveltal|par
|
|upkeep
|turn|5
|c| Tic-Tac-Toe Guru|Geysers
|
|t:|1622658553
|move|p1a: Arceus|Stone Edge|p2a: Yveltal|[miss]
|-miss|p1a: Arceus|p2a: Yveltal
|move|p2a: Yveltal|U-turn|p1a: Arceus
|-damage|p1a: Arceus|91/100
|c|☆Geysers|unfort
|c| Tic-Tac-Toe Guru|i missed a +2 stone edge
|c|☆Geysers|hello!
|c|☆Geysers|F
|
|t:|1622658564
|switch|p2a: Arceus|Arceus-Water|100/100|[from]move: U-turn
|
|upkeep
|turn|6
|c|☆Geysers|welcome to playing lider I guess
|
|t:|1622658568
|switch|p1a: Arceus|Arceus-Dark|68/100
|move|p2a: Arceus|Calm Mind|p2a: Arceus
|-boost|p2a: Arceus|spa|1
|-boost|p2a: Arceus|spd|1
|
|upkeep
|turn|7
|j| Mak the ZekLord
|
|t:|1622658572
|-start|p2a: Arceus|Dynamax
|-heal|p2a: Arceus|100/100|[silent]
|move|p2a: Arceus|Max Geyser|p1a: Arceus
|-damage|p1a: Arceus|3/100
|-weather|RainDance
|move|p1a: Arceus|Thunder Wave|p2a: Arceus
|-status|p2a: Arceus|par
|
|-weather|RainDance|[upkeep]
|upkeep
|turn|8
|c|☆Lider Meliodas|._.
|c|+Frito135 ❤|tbf, i think the ekiller still won that game
|
|t:|1622658584
|switch|p1a: Rayquaza|Rayquaza|100/100
|-ability|p1a: Rayquaza|Air Lock
|move|p2a: Arceus|Max Geyser|p1a: Rayquaza
|-resisted|p1a: Rayquaza
|-damage|p1a: Rayquaza|33/100
|
|-weather|RainDance|[upkeep]
|upkeep
|turn|9
|c|☆Lider Meliodas|yep
|j| AGCL6 Swas ♫
|
|t:|1622658600
|detailschange|p1a: Rayquaza|Rayquaza-Mega
|-mega|p1a: Rayquaza|Rayquaza|
|-weather|DeltaStream|[from] ability: Delta Stream|[of] p1a: Rayquaza
|move|p1a: Rayquaza|Dragon Ascent|p2a: Arceus
|-damage|p2a: Arceus|55/100 par
|-unboost|p1a: Rayquaza|def|1
|-unboost|p1a: Rayquaza|spd|1
|-damage|p1a: Rayquaza|23/100|[from] item: Life Orb
|move|p2a: Arceus|Max Geyser|p1a: Rayquaza
|-resisted|p1a: Rayquaza
|-damage|p1a: Rayquaza|0 fnt
|faint|p1a: Rayquaza
|-weather|none
|
|-end|p2a: Arceus|Dynamax
|-heal|p2a: Arceus|56/100 par|[silent]
|upkeep
|
|t:|1622658607
|switch|p1a: Calyrex|Calyrex-Shadow|100/100
|-ability|p1a: Calyrex|As One
|-ability|p1a: Calyrex|Unnerve
|turn|10
|c| Tic-Tac-Toe Guru|it might have
|
|t:|1622658612
|switch|p2a: Yveltal|Yveltal, shiny|100/100 par
|-ability|p2a: Yveltal|Dark Aura
|move|p1a: Calyrex|Nasty Plot|p1a: Calyrex
|-boost|p1a: Calyrex|spa|2
|
|upkeep
|turn|11
|c| Tic-Tac-Toe Guru|but id still like to have seen it play out
|
|t:|1622658617
|-zpower|p1a: Calyrex
|move|p1a: Calyrex|Savage Spin-Out|p2a: Yveltal|[zeffect]
|-damage|p2a: Yveltal|22/100 par
|move|p2a: Yveltal|Snarl|p1a: Calyrex
|-supereffective|p1a: Calyrex
|-crit|p1a: Calyrex
|-damage|p1a: Calyrex|0 fnt
|faint|p1a: Calyrex
|
|upkeep
|
|t:|1622658619
|switch|p1a: Arceus|Arceus-Ground|91/100
|turn|12
|c| Tic-Tac-Toe Guru|especially since it wasnt life orb
|
|t:|1622658627
|move|p1a: Arceus|Swords Dance|p1a: Arceus
|-boost|p1a: Arceus|atk|2
|move|p2a: Yveltal|Roost|p2a: Yveltal
|-heal|p2a: Yveltal|72/100 par
|-singleturn|p2a: Yveltal|move: Roost
|
|upkeep
|turn|13
|
|t:|1622658633
|move|p1a: Arceus|Stone Edge|p2a: Yveltal
|-supereffective|p2a: Yveltal
|-damage|p2a: Yveltal|0 fnt
|faint|p2a: Yveltal
|
|upkeep
|c|+Frito135 ❤|if you were twave, it might have had a chance
|
|t:|1622658648
|switch|p2a: Calyrex|Calyrex-Shadow|100/100
|-ability|p2a: Calyrex|As One
|-ability|p2a: Calyrex|Unnerve
|turn|14
|c|+Frito135 ❤|but its recover as well
|
|t:|1622658651
|-start|p1a: Arceus|Dynamax
|-heal|p1a: Arceus|91/100|[silent]
|move|p2a: Calyrex|Astral Barrage|p1a: Arceus
|-damage|p1a: Arceus|68/100
|move|p1a: Arceus|Max Quake|p2a: Calyrex
|-damage|p2a: Calyrex|0 fnt
|-boost|p1a: Arceus|spd|1
|faint|p2a: Calyrex
|
|upkeep
|
|t:|1622658659
|switch|p2a: Groudon|Groudon-Primal|100/100
|-weather|DesolateLand|[from] ability: Desolate Land|[of] p2a: Groudon
|turn|15
|
|t:|1622658661
|-weather|none
|switch|p2a: Rayquaza|Rayquaza|100/100
|-ability|p2a: Rayquaza|Air Lock
|move|p1a: Arceus|Max Rockfall|p2a: Rayquaza
|-supereffective|p2a: Rayquaza
|-damage|p2a: Rayquaza|0 fnt
|-weather|Sandstorm
|faint|p2a: Rayquaza
|
|-weather|Sandstorm|[upkeep]
|upkeep
|c|☆Geysers|just no
|c|☆Geysers|lol
|
|t:|1622658668
|switch|p2a: Groudon|Groudon-Primal|100/100
|-weather|DesolateLand|[from] ability: Desolate Land|[of] p2a: Groudon
|turn|16
|c|☆Lider Meliodas|predict bad
|j| YuzuPie
|j|#cromagnet
|
|t:|1622658684
|move|p1a: Arceus|Max Quake|p2a: Groudon
|-supereffective|p2a: Groudon
|-damage|p2a: Groudon|0 fnt
|-boost|p1a: Arceus|spd|1
|faint|p2a: Groudon
|-weather|none
|
|-end|p1a: Arceus|Dynamax
|-heal|p1a: Arceus|68/100|[silent]
|upkeep
|c| Tic-Tac-Toe Guru|i hate pokemon
|
|t:|1622658687
|switch|p2a: Kyogre|Kyogre|100/100
|detailschange|p2a: Kyogre|Kyogre-Primal
|-primal|p2a: Kyogre
|-weather|PrimordialSea|[from] ability: Primordial Sea|[of] p2a: Kyogre
|turn|17
|c| Tic-Tac-Toe Guru|i need to just not play it
|
|t:|1622658696
|move|p1a: Arceus|Earthquake|p2a: Kyogre
|-damage|p2a: Kyogre|0 fnt
|faint|p2a: Kyogre
|-weather|none
|
|upkeep
|l| AGCL6 Swas ♫
|
|t:|1622658699
|switch|p2a: Arceus|Arceus-Water|56/100 par
|turn|18
|
|t:|1622658700
|move|p1a: Arceus|Earthquake|p2a: Arceus
|-damage|p2a: Arceus|0 fnt
|faint|p2a: Arceus
|
|win|Geysers
|n|☆Geysers|geysers
|n|☆Lider Meliodas|lidermeliodas
|n| Frito135 ❤|frito135
|n| Tic-Tac-Toe Guru|tictactoeguru
|n| Mak the ZekLord|makthezeklord
|n| YuzuPie|yuzupie
|n|+cromagnet|cromagnet
|c| Tic-Tac-Toe Guru|and find something else to waste my time on
|c|☆Geysers|gg
|c|☆Lider Meliodas|rip
|c|☆Lider Meliodas|gg
