|j|☆TaxFraud094
|j|☆Lord Rekkuza
|t:|1662683971
|gametype|singles
|player|p1|TaxFraud094|skyla-masters2|1902
|player|p2|Lord Rekkuza|lance-masters|1828
|teamsize|p1|6
|teamsize|p2|6
|gen|8
|tier|[Gen 8] National Dex AG
|rated|
|rule|HP Percentage Mod: HP is shown in percentages
|rule|Endless Battle Clause: Forcing endless battles is banned
|clearpoke
|poke|p1|Sableye, F|
|poke|p1|Chansey, F|
|poke|p1|Giratina|
|poke|p1|Arceus-*|
|poke|p1|Yveltal|
|poke|p1|Quagsire, F|
|poke|p2|Rayquaza|
|poke|p2|Necrozma-Dusk-Mane|
|poke|p2|Arceus-*|
|poke|p2|Arceus-*|
|poke|p2|Yveltal|
|poke|p2|Arceus-*|
|teampreview
|inactive|Battle timer is ON: inactive players will automatically lose when time's up. (requested by TaxFraud094)
|c|☆TaxFraud094|glhf
|inactive|Lord Rekkuza has 120 seconds left.
|
|t:|1662684026
|start
|switch|p1a: Sableye|Sableye, F|100/100
|switch|p2a: Yveltal|Yveltal|100/100
|-ability|p2a: Yveltal|Dark Aura
|turn|1
|
|t:|1662684033
|detailschange|p1a: Sableye|Sableye-Mega, F
|-mega|p1a: Sableye|Sableye|Sablenite
|move|p1a: Sableye|Protect|p1a: Sableye
|-singleturn|p1a: Sableye|Protect
|move|p2a: Yveltal|Oblivion Wing|p1a: Sableye
|-activate|p1a: Sableye|move: Protect
|
|upkeep
|turn|2
|
|t:|1662684043
|switch|p1a: Yveltal|Yveltal|100/100
|-ability|p1a: Yveltal|Dark Aura
|move|p2a: Yveltal|Oblivion Wing|p1a: Yveltal
|-damage|p1a: Yveltal|61/100
|-damage|p2a: Yveltal|91/100|[from] item: Life Orb
|
|upkeep
|turn|3
|
|t:|1662684059
|switch|p2a: Arceus|Arceus-Dark|100/100
|move|p1a: Yveltal|Knock Off|p2a: Arceus
|-resisted|p2a: Arceus
|-damage|p2a: Arceus|88/100
|
|upkeep
|turn|4
|
|t:|1662684066
|switch|p1a: Giratina|Giratina|100/100
|-ability|p1a: Giratina|Pressure
|move|p2a: Arceus|Snarl|p1a: Giratina
|-supereffective|p1a: Giratina
|-damage|p1a: Giratina|69/100
|-unboost|p1a: Giratina|spa|1
|
|-heal|p1a: Giratina|75/100|[from] item: Leftovers
|upkeep
|turn|5
|
|t:|1662684078
|switch|p2a: Necrozma|Necrozma-Dusk-Mane|100/100
|move|p1a: Giratina|Toxic|p2a: Necrozma
|-immune|p2a: Necrozma
|
|-heal|p1a: Giratina|81/100|[from] item: Leftovers
|upkeep
|turn|6
|
|t:|1662684088
|switch|p2a: Arceus|Arceus-Dark|88/100
|move|p1a: Giratina|Will-O-Wisp|p2a: Arceus
|-status|p2a: Arceus|brn
|
|-heal|p1a: Giratina|88/100|[from] item: Leftovers
|-damage|p2a: Arceus|82/100 brn|[from] brn
|upkeep
|turn|7
|
|t:|1662684096
|switch|p1a: Sableye|Sableye-Mega, F|100/100
|move|p2a: Arceus|Snarl|p1a: Sableye
|-damage|p1a: Sableye|75/100
|-unboost|p1a: Sableye|spa|1
|
|-damage|p2a: Arceus|76/100 brn|[from] brn
|upkeep
|turn|8
|
|t:|1662684104
|switch|p2a: Yveltal|Yveltal|91/100
|-ability|p2a: Yveltal|Dark Aura
|move|p1a: Sableye|Recover|p1a: Sableye
|-heal|p1a: Sableye|100/100
|
|upkeep
|turn|9
|
|t:|1662684108
|switch|p1a: Chansey|Chansey, F|100/100
|move|p2a: Yveltal|Oblivion Wing|p1a: Chansey
|-damage|p1a: Chansey|86/100
|-heal|p2a: Yveltal|100/100|[from] drain|[of] p1a: Chansey
|-damage|p2a: Yveltal|91/100|[from] item: Life Orb
|
|upkeep
|turn|10
|
|t:|1662684112
|move|p2a: Yveltal|Taunt|p1a: Chansey
|-start|p1a: Chansey|move: Taunt
|move|p1a: Chansey|Seismic Toss|p2a: Yveltal
|-damage|p2a: Yveltal|65/100
|
|upkeep
|turn|11
|
|t:|1662684128
|switch|p2a: Rayquaza|Rayquaza|100/100
|-ability|p2a: Rayquaza|Air Lock
|switch|p1a: Arceus|Arceus-Rock|100/100
|
|upkeep
|turn|12
|
|t:|1662684147
|switch|p2a: Arceus|Arceus-Ground|100/100
|move|p1a: Arceus|Will-O-Wisp|p2a: Arceus
|-status|p2a: Arceus|brn
|
|-damage|p2a: Arceus|94/100 brn|[from] brn
|upkeep
|turn|13
|
|t:|1662684157
|switch|p1a: Yveltal|Yveltal|61/100
|-ability|p1a: Yveltal|Dark Aura
|move|p2a: Arceus|Calm Mind|p2a: Arceus
|-boost|p2a: Arceus|spa|1
|-boost|p2a: Arceus|spd|1
|
|-damage|p2a: Arceus|88/100 brn|[from] brn
|upkeep
|turn|14
|
|t:|1662684161
|switch|p1a: Chansey|Chansey, F|86/100
|move|p2a: Arceus|Ice Beam|p1a: Chansey
|-damage|p1a: Chansey|74/100
|
|-damage|p2a: Arceus|82/100 brn|[from] brn
|upkeep
|turn|15
|
|t:|1662684165
|switch|p2a: Yveltal|Yveltal|65/100
|-ability|p2a: Yveltal|Dark Aura
|move|p1a: Chansey|Confide|p2a: Yveltal
|-unboost|p2a: Yveltal|spa|1
|
|upkeep
|turn|16
|
|t:|1662684172
|switch|p2a: Arceus|Arceus-Dark|76/100 brn
|switch|p1a: Sableye|Sableye-Mega, F|100/100
|
|-damage|p2a: Arceus|70/100 brn|[from] brn
|upkeep
|turn|17
|
|t:|1662684176
|move|p1a: Sableye|Protect|p1a: Sableye
|-singleturn|p1a: Sableye|Protect
|move|p2a: Arceus|Recover|p2a: Arceus
|-heal|p2a: Arceus|100/100 brn
|
|-damage|p2a: Arceus|94/100 brn|[from] brn
|upkeep
|turn|18
|
|t:|1662684190
|switch|p2a: Arceus|Arceus-Ground|82/100 brn
|switch|p1a: Giratina|Giratina|88/100
|-ability|p1a: Giratina|Pressure
|
|-heal|p1a: Giratina|94/100|[from] item: Leftovers
|-damage|p2a: Arceus|76/100 brn|[from] brn
|upkeep
|turn|19
|
|t:|1662684198
|switch|p1a: Chansey|Chansey, F|74/100
|move|p2a: Arceus|Calm Mind|p2a: Arceus
|-boost|p2a: Arceus|spa|1
|-boost|p2a: Arceus|spd|1
|
|-damage|p2a: Arceus|70/100 brn|[from] brn
|upkeep
|turn|20
|
|t:|1662684204
|switch|p2a: Arceus|Arceus-Dark|94/100 brn
|move|p1a: Chansey|Seismic Toss|p2a: Arceus
|-damage|p2a: Arceus|72/100 brn
|
|-damage|p2a: Arceus|66/100 brn|[from] brn
|upkeep
|turn|21
|
|t:|1662684209
|switch|p1a: Sableye|Sableye-Mega, F|100/100
|move|p2a: Arceus|Recover|p2a: Arceus
|-heal|p2a: Arceus|100/100 brn
|
|-damage|p2a: Arceus|94/100 brn|[from] brn
|upkeep
|turn|22
|
|t:|1662684214
|switch|p2a: Arceus|Arceus-Ground|70/100 brn
|move|p1a: Sableye|Foul Play|p2a: Arceus
|-damage|p2a: Arceus|47/100 brn
|
|-damage|p2a: Arceus|41/100 brn|[from] brn
|upkeep
|turn|23
|
|t:|1662684218
|switch|p1a: Chansey|Chansey, F|74/100
|move|p2a: Arceus|Recover|p2a: Arceus
|-heal|p2a: Arceus|91/100 brn
|
|-damage|p2a: Arceus|85/100 brn|[from] brn
|upkeep
|turn|24
|
|t:|1662684245
|switch|p2a: Rayquaza|Rayquaza|100/100
|-ability|p2a: Rayquaza|Air Lock
|move|p1a: Chansey|Seismic Toss|p2a: Rayquaza
|-damage|p2a: Rayquaza|72/100
|
|upkeep
|turn|25
|
|t:|1662684248
|switch|p1a: Arceus|Arceus-Rock|100/100
|detailschange|p2a: Rayquaza|Rayquaza-Mega
|-mega|p2a: Rayquaza|Rayquaza|
|-weather|DeltaStream|[from] ability: Delta Stream|[of] p2a: Rayquaza
|move|p2a: Rayquaza|Scale Shot|p1a: Arceus
|-damage|p1a: Arceus|86/100
|-damage|p1a: Arceus|73/100
|-hitcount|p1a: Arceus|2
|-unboost|p2a: Rayquaza|def|1
|-boost|p2a: Rayquaza|spe|1
|-damage|p2a: Rayquaza|62/100|[from] item: Life Orb
|
|-weather|DeltaStream|[upkeep]
|upkeep
|turn|26
|inactive|TaxFraud094 has 120 seconds left.
|l|☆Lord Rekkuza
|inactive|Lord Rekkuza disconnected and has a minute to reconnect!
|player|p2|
|j|☆Lord Rekkuza
|inactive|Lord Rekkuza reconnected.
|player|p2|Lord Rekkuza|lance-masters
|inactive|Lord Rekkuza has 120 seconds left.
|
|t:|1662684302
|-weather|none
|switch|p2a: Arceus|Arceus-Water|100/100
|-start|p1a: Arceus|Dynamax|
|-heal|p1a: Arceus|73/100|[silent]
|move|p1a: Arceus|Max Rockfall|p2a: Arceus
|-damage|p2a: Arceus|61/100
|-weather|Sandstorm
|
|-weather|Sandstorm|[upkeep]
|-damage|p2a: Arceus|55/100|[from] Sandstorm
|upkeep
|turn|27
|
|t:|1662684311
|move|p1a: Arceus|Max Rockfall|p2a: Arceus
|-damage|p2a: Arceus|13/100
|move|p2a: Arceus|Recover|p2a: Arceus
|-heal|p2a: Arceus|63/100
|
|-weather|Sandstorm|[upkeep]
|-damage|p2a: Arceus|57/100|[from] Sandstorm
|upkeep
|turn|28
|
|t:|1662684315
|move|p1a: Arceus|Max Rockfall|p2a: Arceus
|-damage|p2a: Arceus|17/100
|move|p2a: Arceus|Recover|p2a: Arceus
|-heal|p2a: Arceus|67/100
|
|-weather|Sandstorm|[upkeep]
|-damage|p2a: Arceus|61/100|[from] Sandstorm
|upkeep
|-end|p1a: Arceus|Dynamax
|-heal|p1a: Arceus|73/100|[silent]
|turn|29
|
|t:|1662684320
|move|p1a: Arceus|Stealth Rock|p2a: Arceus
|-sidestart|p2: Lord Rekkuza|move: Stealth Rock
|move|p2a: Arceus|Recover|p2a: Arceus
|-heal|p2a: Arceus|100/100
|
|-weather|Sandstorm|[upkeep]
|-damage|p2a: Arceus|94/100|[from] Sandstorm
|upkeep
|turn|30
|
|t:|1662684323
|move|p1a: Arceus|Recover|p1a: Arceus
|-heal|p1a: Arceus|100/100
|move|p2a: Arceus|Defog|p1a: Arceus
|-unboost|p1a: Arceus|evasion|1
|-sideend|p2: Lord Rekkuza|Stealth Rock|[from] move: Defog|[of] p2a: Arceus
|
|-weather|none
|upkeep
|turn|31
|
|t:|1662684326
|move|p1a: Arceus|Stealth Rock|p2a: Arceus
|-sidestart|p2: Lord Rekkuza|move: Stealth Rock
|move|p2a: Arceus|Judgment|p1a: Arceus
|-supereffective|p1a: Arceus
|-damage|p1a: Arceus|31/100
|
|upkeep
|turn|32
|
|t:|1662684333
|move|p1a: Arceus|Recover|p1a: Arceus
|-heal|p1a: Arceus|81/100
|move|p2a: Arceus|Defog|p1a: Arceus
|-unboost|p1a: Arceus|evasion|1
|-sideend|p2: Lord Rekkuza|Stealth Rock|[from] move: Defog|[of] p2a: Arceus
|
|upkeep
|turn|33
|
|t:|1662684338
|switch|p1a: Giratina|Giratina|94/100
|-ability|p1a: Giratina|Pressure
|move|p2a: Arceus|Judgment|p1a: Giratina
|-resisted|p1a: Giratina
|-damage|p1a: Giratina|80/100
|
|-heal|p1a: Giratina|86/100|[from] item: Leftovers
|upkeep
|turn|34
|
|t:|1662684356
|switch|p2a: Arceus|Arceus-Ground|85/100 brn
|move|p1a: Giratina|Toxic||[still]
|-fail|p1a: Giratina
|
|-heal|p1a: Giratina|92/100|[from] item: Leftovers
|-damage|p2a: Arceus|79/100 brn|[from] brn
|upkeep
|turn|35
|
|t:|1662684364
|switch|p2a: Arceus|Arceus-Dark|94/100 brn
|switch|p1a: Chansey|Chansey, F|74/100
|
|-damage|p2a: Arceus|88/100 brn|[from] brn
|upkeep
|turn|36
|
|t:|1662684371
|switch|p1a: Sableye|Sableye-Mega, F|100/100
|move|p2a: Arceus|Whirlpool|p1a: Sableye|[miss]
|-miss|p2a: Arceus|p1a: Sableye
|
|-damage|p2a: Arceus|82/100 brn|[from] brn
|upkeep
|turn|37
|c|☆TaxFraud094|I fucking knew it
|c|☆Lord Rekkuza|Lol
|
|t:|1662684396
|switch|p2a: Arceus|Arceus-Ground|79/100 brn
|move|p1a: Sableye|Foul Play|p2a: Arceus
|-damage|p2a: Arceus|56/100 brn
|
|-damage|p2a: Arceus|50/100 brn|[from] brn
|upkeep
|turn|38
|c|☆TaxFraud094|Nobody uses snarl except perishpool
|
|t:|1662684405
|switch|p1a: Chansey|Chansey, F|74/100
|move|p2a: Arceus|Recover|p2a: Arceus
|-heal|p2a: Arceus|99/100 brn
|
|-damage|p2a: Arceus|94/100 brn|[from] brn
|upkeep
|turn|39
|
|t:|1662684422
|move|p2a: Arceus|Calm Mind|p2a: Arceus
|-boost|p2a: Arceus|spa|1
|-boost|p2a: Arceus|spd|1
|move|p1a: Chansey|Seismic Toss|p2a: Arceus
|-damage|p2a: Arceus|68/100 brn
|
|-damage|p2a: Arceus|62/100 brn|[from] brn
|upkeep
|turn|40
|
|t:|1662684424
|move|p2a: Arceus|Judgment|p1a: Chansey
|-damage|p1a: Chansey|54/100
|move|p1a: Chansey|Confide|p2a: Arceus
|-unboost|p2a: Arceus|spa|1
|
|-damage|p2a: Arceus|56/100 brn|[from] brn
|upkeep
|turn|41
|
|t:|1662684427
|move|p2a: Arceus|Recover|p2a: Arceus
|-heal|p2a: Arceus|100/100 brn
|move|p1a: Chansey|Soft-Boiled|p1a: Chansey
|-heal|p1a: Chansey|100/100
|
|-damage|p2a: Arceus|94/100 brn|[from] brn
|upkeep
|turn|42
|inactive|Lord Rekkuza has 120 seconds left.
|
|t:|1662684470
|switch|p2a: Arceus|Arceus-Water|94/100
|move|p1a: Chansey|Seismic Toss|p2a: Arceus
|-damage|p2a: Arceus|72/100
|
|upkeep
|turn|43
|
|t:|1662684480
|switch|p1a: Giratina|Giratina|92/100
|-ability|p1a: Giratina|Pressure
|move|p2a: Arceus|Ice Beam|p1a: Giratina
|-supereffective|p1a: Giratina
|-crit|p1a: Giratina
|-damage|p1a: Giratina|52/100
|
|-heal|p1a: Giratina|58/100|[from] item: Leftovers
|upkeep
|turn|44
|inactive|Lord Rekkuza has 120 seconds left.
|
|t:|1662684488
|switch|p2a: Arceus|Arceus-Ground|94/100 brn
|move|p1a: Giratina|Toxic|p2a: Arceus|[miss]
|-miss|p1a: Giratina|p2a: Arceus
|
|-heal|p1a: Giratina|64/100|[from] item: Leftovers
|-damage|p2a: Arceus|88/100 brn|[from] brn
|upkeep
|turn|45
|
|t:|1662684498
|switch|p2a: Rayquaza|Rayquaza-Mega|62/100
|-weather|DeltaStream|[from] ability: Delta Stream|[of] p2a: Rayquaza
|switch|p1a: Chansey|Chansey, F|100/100
|
|-weather|DeltaStream|[upkeep]
|upkeep
|turn|46
|
|t:|1662684511
|switch|p1a: Arceus|Arceus-Rock|81/100
|move|p2a: Rayquaza|Scale Shot|p1a: Arceus
|-damage|p1a: Arceus|67/100
|-damage|p1a: Arceus|54/100
|-hitcount|p1a: Arceus|2
|-unboost|p2a: Rayquaza|def|1
|-boost|p2a: Rayquaza|spe|1
|-damage|p2a: Rayquaza|52/100|[from] item: Life Orb
|
|-weather|DeltaStream|[upkeep]
|upkeep
|turn|47
|
|t:|1662684529
|-weather|none
|switch|p2a: Arceus|Arceus-Water|72/100
|move|p1a: Arceus|Recover|p1a: Arceus
|-heal|p1a: Arceus|100/100
|
|upkeep
|turn|48
|
|t:|1662684538
|switch|p1a: Yveltal|Yveltal|61/100
|-ability|p1a: Yveltal|Dark Aura
|move|p2a: Arceus|Judgment|p1a: Yveltal
|-damage|p1a: Yveltal|24/100
|
|upkeep
|turn|49
|inactive|Lord Rekkuza has 120 seconds left.
|
|t:|1662684563
|move|p1a: Yveltal|Roost|p1a: Yveltal
|-heal|p1a: Yveltal|74/100
|-singleturn|p1a: Yveltal|move: Roost
|move|p2a: Arceus|Ice Beam|p1a: Yveltal
|-damage|p1a: Yveltal|58/100
|
|upkeep
|turn|50
|
|t:|1662684568
|move|p1a: Yveltal|Roost|p1a: Yveltal
|-heal|p1a: Yveltal|100/100
|-singleturn|p1a: Yveltal|move: Roost
|move|p2a: Arceus|Judgment|p1a: Yveltal
|-damage|p1a: Yveltal|65/100
|
|upkeep
|turn|51
|
|t:|1662684585
|switch|p1a: Giratina|Giratina|64/100
|-ability|p1a: Giratina|Pressure
|switch|p2a: Yveltal|Yveltal|65/100
|-ability|p2a: Yveltal|Dark Aura
|
|-heal|p1a: Giratina|70/100|[from] item: Leftovers
|upkeep
|turn|52
|
|t:|1662684596
|switch|p2a: Arceus|Arceus-Dark|82/100 brn
|switch|p1a: Chansey|Chansey, F|100/100
|
|-damage|p2a: Arceus|76/100 brn|[from] brn
|upkeep
|turn|53
|
|t:|1662684606
|switch|p2a: Arceus|Arceus-Ground|88/100 brn
|switch|p1a: Sableye|Sableye-Mega, F|100/100
|
|-damage|p2a: Arceus|82/100 brn|[from] brn
|upkeep
|turn|54
|c|☆TaxFraud094|How many turns do you think?
|
|t:|1662684621
|switch|p1a: Chansey|Chansey, F|100/100
|move|p2a: Arceus|Judgment|p1a: Chansey
|-crit|p1a: Chansey
|-damage|p1a: Chansey|79/100
|
|-damage|p2a: Arceus|76/100 brn|[from] brn
|upkeep
|turn|55
|c|☆Lord Rekkuza|Mhm at least a couple hundred
|
|t:|1662684643
|switch|p2a: Arceus|Arceus-Water|72/100
|move|p1a: Chansey|Seismic Toss|p2a: Arceus
|-damage|p2a: Arceus|49/100
|
|upkeep
|turn|56
|c|☆TaxFraud094|I say 200 or so
|c|☆TaxFraud094|i was up against a much more defensive team and it still only took 303 turns
|inactive|TaxFraud094 has 120 seconds left.
|
|t:|1662684676
|switch|p1a: Giratina|Giratina|70/100
|-ability|p1a: Giratina|Pressure
|move|p2a: Arceus|Recover|p2a: Arceus
|-heal|p2a: Arceus|99/100
|
|-heal|p1a: Giratina|76/100|[from] item: Leftovers
|upkeep
|turn|57
|
|t:|1662684685
|switch|p2a: Arceus|Arceus-Dark|76/100 brn
|switch|p1a: Yveltal|Yveltal|65/100
|-ability|p1a: Yveltal|Dark Aura
|
|-damage|p2a: Arceus|70/100 brn|[from] brn
|upkeep
|turn|58
|
|t:|1662684692
|switch|p1a: Sableye|Sableye-Mega, F|100/100
|move|p2a: Arceus|Whirlpool|p1a: Sableye
|-damage|p1a: Sableye|90/100
|-activate|p1a: Sableye|move: Whirlpool|[of] p2a: Arceus
|
|-damage|p2a: Arceus|64/100 brn|[from] brn
|-damage|p1a: Sableye|77/100|[from] move: Whirlpool|[partiallytrapped]
|upkeep
|turn|59
|
|t:|1662684704
|move|p2a: Arceus|Recover|p2a: Arceus
|-heal|p2a: Arceus|100/100 brn
|move|p1a: Sableye|Foul Play|p2a: Arceus
|-resisted|p2a: Arceus
|-damage|p2a: Arceus|91/100 brn
|
|-damage|p2a: Arceus|85/100 brn|[from] brn
|-damage|p1a: Sableye|65/100|[from] move: Whirlpool|[partiallytrapped]
|upkeep
|turn|60
|
|t:|1662684712
|switch|p2a: Yveltal|Yveltal|65/100
|-ability|p2a: Yveltal|Dark Aura
|move|p1a: Sableye|Recover|p1a: Sableye
|-heal|p1a: Sableye|100/100
|
|-end|p1a: Sableye|Whirlpool|[partiallytrapped]|[silent]
|upkeep
|turn|61
|
|t:|1662684718
|move|p1a: Sableye|Protect|p1a: Sableye
|-singleturn|p1a: Sableye|Protect
|move|p2a: Yveltal|Oblivion Wing|p1a: Sableye
|-activate|p1a: Sableye|move: Protect
|
|upkeep
|turn|62
|
|t:|1662684732
|switch|p1a: Chansey|Chansey, F|79/100
|move|p2a: Yveltal|Taunt|p1a: Chansey
|-start|p1a: Chansey|move: Taunt
|
|upkeep
|turn|63
|
|t:|1662684746
|switch|p2a: Necrozma|Necrozma-Dusk-Mane|100/100
|switch|p1a: Yveltal|Yveltal|65/100
|-ability|p1a: Yveltal|Dark Aura
|
|upkeep
|turn|64
|
|t:|1662684757
|switch|p1a: Sableye|Sableye-Mega, F|100/100
|switch|p2a: Arceus|Arceus-Ground|76/100 brn
|
|-damage|p2a: Arceus|70/100 brn|[from] brn
|upkeep
|turn|65
|c|☆TaxFraud094|Cool fuckin team btw
|c|☆TaxFraud094|i really like it
|c|☆Lord Rekkuza|Ty
|c|☆TaxFraud094|nice offensive and defensive synergy
|inactive|Lord Rekkuza has 120 seconds left.
|
|t:|1662684794
|switch|p1a: Chansey|Chansey, F|79/100
|move|p2a: Arceus|Judgment|p1a: Chansey
|-damage|p1a: Chansey|65/100
|
|-damage|p2a: Arceus|64/100 brn|[from] brn
|upkeep
|turn|66
|
|t:|1662684799
|switch|p2a: Rayquaza|Rayquaza-Mega|52/100
|-weather|DeltaStream|[from] ability: Delta Stream|[of] p2a: Rayquaza
|move|p1a: Chansey|Soft-Boiled|p1a: Chansey
|-heal|p1a: Chansey|100/100
|
|-weather|DeltaStream|[upkeep]
|upkeep
|turn|67
|
|t:|1662684812
|-weather|none
|switch|p2a: Arceus|Arceus-Water|99/100
|switch|p1a: Arceus|Arceus-Rock|100/100
|
|upkeep
|turn|68
|
|t:|1662684824
|switch|p1a: Giratina|Giratina|76/100
|-ability|p1a: Giratina|Pressure
|switch|p2a: Necrozma|Necrozma-Dusk-Mane|100/100
|
|-heal|p1a: Giratina|83/100|[from] item: Leftovers
|upkeep
|turn|69
|
|t:|1662684831
|switch|p2a: Arceus|Arceus-Ground|64/100 brn
|switch|p1a: Sableye|Sableye-Mega, F|100/100
|
|-damage|p2a: Arceus|58/100 brn|[from] brn
|upkeep
|turn|70
|inactive|Lord Rekkuza has 120 seconds left.
|
|t:|1662684854
|switch|p1a: Chansey|Chansey, F|100/100
|move|p2a: Arceus|Recover|p2a: Arceus
|-heal|p2a: Arceus|100/100 brn
|
|-damage|p2a: Arceus|94/100 brn|[from] brn
|upkeep
|turn|71
|inactive|Lord Rekkuza has 120 seconds left.
|
|t:|1662684872
|switch|p2a: Arceus|Arceus-Dark|85/100 brn
|move|p1a: Chansey|Seismic Toss|p2a: Arceus
|-damage|p2a: Arceus|62/100 brn
|
|-damage|p2a: Arceus|56/100 brn|[from] brn
|upkeep
|turn|72
|inactive|Lord Rekkuza has 120 seconds left.
|
|t:|1662684882
|switch|p1a: Sableye|Sableye-Mega, F|100/100
|move|p2a: Arceus|Recover|p2a: Arceus
|-heal|p2a: Arceus|100/100 brn
|
|-damage|p2a: Arceus|94/100 brn|[from] brn
|upkeep
|turn|73
|
|t:|1662684892
|move|p2a: Arceus|Snarl|p1a: Sableye
|-damage|p1a: Sableye|72/100
|-unboost|p1a: Sableye|spa|1
|move|p1a: Sableye|Foul Play|p2a: Arceus
|-resisted|p2a: Arceus
|-damage|p2a: Arceus|84/100 brn
|
|-damage|p2a: Arceus|78/100 brn|[from] brn
|upkeep
|turn|74
|
|t:|1662684905
|switch|p2a: Arceus|Arceus-Ground|94/100 brn
|move|p1a: Sableye|Foul Play|p2a: Arceus
|-damage|p2a: Arceus|70/100 brn
|
|-damage|p2a: Arceus|64/100 brn|[from] brn
|upkeep
|turn|75
|inactive|Lord Rekkuza has 120 seconds left.
|inactive|Lord Rekkuza has 90 seconds left.
|inactive|Lord Rekkuza has 60 seconds left.
|
|t:|1662684998
|switch|p1a: Chansey|Chansey, F|100/100
|move|p2a: Arceus|Judgment|p1a: Chansey
|-damage|p1a: Chansey|86/100
|
|-damage|p2a: Arceus|58/100 brn|[from] brn
|upkeep
|turn|76
|
|t:|1662685001
|move|p2a: Arceus|Recover|p2a: Arceus
|-heal|p2a: Arceus|100/100 brn
|move|p1a: Chansey|Seismic Toss|p2a: Arceus
|-damage|p2a: Arceus|74/100 brn
|
|-damage|p2a: Arceus|68/100 brn|[from] brn
|upkeep
|turn|77
|inactive|Lord Rekkuza has 60 seconds left.
|
|t:|1662685009
|switch|p2a: Necrozma|Necrozma-Dusk-Mane|100/100
|move|p1a: Chansey|Seismic Toss|p2a: Necrozma
|-damage|p2a: Necrozma|75/100
|-damage|p1a: Chansey|70/100|[from] item: Rocky Helmet|[of] p2a: Necrozma
|
|upkeep
|turn|78
|
|t:|1662685017
|switch|p1a: Sableye|Sableye-Mega, F|72/100
|move|p2a: Necrozma|Sunsteel Strike|p1a: Sableye
|-damage|p1a: Sableye|34/100
|
|upkeep
|turn|79
|inactive|Lord Rekkuza has 60 seconds left.
|
|t:|1662685032
|switch|p1a: Giratina|Giratina|83/100
|-ability|p1a: Giratina|Pressure
|move|p2a: Necrozma|Sunsteel Strike|p1a: Giratina
|-damage|p1a: Giratina|61/100
|
|-heal|p1a: Giratina|67/100|[from] item: Leftovers
|upkeep
|turn|80
|c|☆TaxFraud094|Well this is a predicament
|inactive|Lord Rekkuza has 60 seconds left.
|
|t:|1662685048
|switch|p2a: Yveltal|Yveltal|65/100
|-ability|p2a: Yveltal|Dark Aura
|move|p1a: Giratina|Will-O-Wisp|p2a: Yveltal
|-status|p2a: Yveltal|brn
|
|-heal|p1a: Giratina|73/100|[from] item: Leftovers
|-damage|p2a: Yveltal|59/100 brn|[from] brn
|upkeep
|turn|81
|inactive|Lord Rekkuza has 60 seconds left.
|
|t:|1662685063
|switch|p1a: Yveltal|Yveltal|65/100
|-ability|p1a: Yveltal|Dark Aura
|move|p2a: Yveltal|Oblivion Wing|p1a: Yveltal
|-damage|p1a: Yveltal|19/100
|-heal|p2a: Yveltal|99/100 brn|[from] drain|[of] p1a: Yveltal
|-damage|p2a: Yveltal|89/100 brn|[from] item: Life Orb
|
|-damage|p2a: Yveltal|83/100 brn|[from] brn
|upkeep
|turn|82
|
|t:|1662685072
|move|p1a: Yveltal|Knock Off|p2a: Yveltal
|-resisted|p2a: Yveltal
|-damage|p2a: Yveltal|58/100 brn
|-enditem|p2a: Yveltal|Life Orb|[from] move: Knock Off|[of] p1a: Yveltal
|move|p2a: Yveltal|Oblivion Wing|p1a: Yveltal
|-damage|p1a: Yveltal|0 fnt
|-heal|p2a: Yveltal|74/100 brn|[from] drain|[of] p1a: Yveltal
|faint|p1a: Yveltal
|
|-damage|p2a: Yveltal|68/100 brn|[from] brn
|upkeep
|
|t:|1662685082
|switch|p1a: Arceus|Arceus-Rock|100/100
|turn|83
|
|t:|1662685090
|switch|p2a: Arceus|Arceus-Ground|68/100 brn
|move|p1a: Arceus|Judgment|p2a: Arceus
|-resisted|p2a: Arceus
|-damage|p2a: Arceus|51/100 brn
|
|-damage|p2a: Arceus|45/100 brn|[from] brn
|upkeep
|turn|84
|
|t:|1662685099
|move|p2a: Arceus|Recover|p2a: Arceus
|-heal|p2a: Arceus|95/100 brn
|move|p1a: Arceus|Stealth Rock|p2a: Arceus
|-sidestart|p2: Lord Rekkuza|move: Stealth Rock
|
|-damage|p2a: Arceus|89/100 brn|[from] brn
|upkeep
|turn|85
|
|t:|1662685114
|switch|p1a: Chansey|Chansey, F|70/100
|switch|p2a: Arceus|Arceus-Water|99/100
|-damage|p2a: Arceus|87/100|[from] Stealth Rock
|
|upkeep
|turn|86
|
|t:|1662685119
|move|p2a: Arceus|Defog|p1a: Chansey
|-unboost|p1a: Chansey|evasion|1
|-sideend|p2: Lord Rekkuza|Stealth Rock|[from] move: Defog|[of] p2a: Arceus
|move|p1a: Chansey|Soft-Boiled|p1a: Chansey
|-heal|p1a: Chansey|100/100
|
|upkeep
|turn|87
|inactive|Lord Rekkuza has 90 seconds left.
|inactive|Lord Rekkuza has 60 seconds left.
|inactive|Lord Rekkuza has 30 seconds left.
|
|t:|1662685197
|move|p2a: Arceus|Judgment|p1a: Chansey
|-damage|p1a: Chansey|88/100
|move|p1a: Chansey|Seismic Toss|p2a: Arceus
|-damage|p2a: Arceus|64/100
|
|upkeep
|turn|88
|inactive|Lord Rekkuza has 30 seconds left.
|
|t:|1662685212
|switch|p1a: Giratina|Giratina|73/100
|-ability|p1a: Giratina|Pressure
|move|p2a: Arceus|Ice Beam|p1a: Giratina
|-supereffective|p1a: Giratina
|-damage|p1a: Giratina|47/100
|
|-heal|p1a: Giratina|53/100|[from] item: Leftovers
|upkeep
|turn|89
|
|t:|1662685222
|switch|p2a: Arceus|Arceus-Ground|89/100 brn
|move|p1a: Giratina|Toxic||[still]
|-fail|p1a: Giratina
|
|-heal|p1a: Giratina|60/100|[from] item: Leftovers
|-damage|p2a: Arceus|83/100 brn|[from] brn
|upkeep
|turn|90
|
|t:|1662685228
|switch|p1a: Chansey|Chansey, F|88/100
|move|p2a: Arceus|Calm Mind|p2a: Arceus
|-boost|p2a: Arceus|spa|1
|-boost|p2a: Arceus|spd|1
|
|-damage|p2a: Arceus|77/100 brn|[from] brn
|upkeep
|turn|91
|
|t:|1662685231
|move|p2a: Arceus|Judgment|p1a: Chansey
|-damage|p1a: Chansey|67/100
|move|p1a: Chansey|Seismic Toss|p2a: Arceus
|-damage|p2a: Arceus|51/100 brn
|
|-damage|p2a: Arceus|45/100 brn|[from] brn
|upkeep
|turn|92
|
|t:|1662685235
|move|p2a: Arceus|Recover|p2a: Arceus
|-heal|p2a: Arceus|95/100 brn
|move|p1a: Chansey|Soft-Boiled|p1a: Chansey
|-heal|p1a: Chansey|100/100
|
|-damage|p2a: Arceus|89/100 brn|[from] brn
|upkeep
|turn|93
|
|t:|1662685243
|move|p2a: Arceus|Calm Mind|p2a: Arceus
|-boost|p2a: Arceus|spa|1
|-boost|p2a: Arceus|spd|1
|move|p1a: Chansey|Confide|p2a: Arceus
|-unboost|p2a: Arceus|spa|1
|
|-damage|p2a: Arceus|83/100 brn|[from] brn
|upkeep
|turn|94
|
|t:|1662685247
|switch|p2a: Rayquaza|Rayquaza-Mega|52/100
|-weather|DeltaStream|[from] ability: Delta Stream|[of] p2a: Rayquaza
|move|p1a: Chansey|Confide|p2a: Rayquaza
|-unboost|p2a: Rayquaza|spa|1
|
|-weather|DeltaStream|[upkeep]
|upkeep
|turn|95
|
|t:|1662685252
|switch|p1a: Arceus|Arceus-Rock|100/100
|move|p2a: Rayquaza|Scale Shot|p1a: Arceus
|-damage|p1a: Arceus|87/100
|-damage|p1a: Arceus|73/100
|-damage|p1a: Arceus|59/100
|-hitcount|p1a: Arceus|3
|-unboost|p2a: Rayquaza|def|1
|-boost|p2a: Rayquaza|spe|1
|-damage|p2a: Rayquaza|42/100|[from] item: Life Orb
|
|-weather|DeltaStream|[upkeep]
|upkeep
|turn|96
|inactive|Lord Rekkuza has 90 seconds left.
|
|t:|1662685276
|-weather|none
|switch|p2a: Arceus|Arceus-Water|64/100
|move|p1a: Arceus|Recover|p1a: Arceus
|-heal|p1a: Arceus|100/100
|
|upkeep
|turn|97
|
|t:|1662685283
|switch|p1a: Giratina|Giratina|60/100
|-ability|p1a: Giratina|Pressure
|move|p2a: Arceus|Recover|p2a: Arceus
|-heal|p2a: Arceus|100/100
|
|-heal|p1a: Giratina|66/100|[from] item: Leftovers
|upkeep
|turn|98
|
|t:|1662685298
|switch|p2a: Arceus|Arceus-Ground|83/100 brn
|move|p1a: Giratina|Toxic||[still]
|-fail|p1a: Giratina
|
|-heal|p1a: Giratina|72/100|[from] item: Leftovers
|-damage|p2a: Arceus|77/100 brn|[from] brn
|upkeep
|turn|99
|
|t:|1662685314
|switch|p2a: Rayquaza|Rayquaza-Mega|42/100
|-weather|DeltaStream|[from] ability: Delta Stream|[of] p2a: Rayquaza
|switch|p1a: Chansey|Chansey, F|100/100
|
|-weather|DeltaStream|[upkeep]
|upkeep
|turn|100
|
|t:|1662685332
|-weather|none
|switch|p2a: Necrozma|Necrozma-Dusk-Mane|75/100
|move|p1a: Chansey|Seismic Toss|p2a: Necrozma
|-damage|p2a: Necrozma|50/100
|-damage|p1a: Chansey|84/100|[from] item: Rocky Helmet|[of] p2a: Necrozma
|
|upkeep
|turn|101
|
|t:|1662685339
|switch|p1a: Giratina|Giratina|72/100
|-ability|p1a: Giratina|Pressure
|move|p2a: Necrozma|Morning Sun|p2a: Necrozma
|-heal|p2a: Necrozma|99/100
|
|-heal|p1a: Giratina|78/100|[from] item: Leftovers
|upkeep
|turn|102
|
|t:|1662685353
|switch|p2a: Arceus|Arceus-Ground|77/100 brn
|switch|p1a: Chansey|Chansey, F|84/100
|
|-damage|p2a: Arceus|71/100 brn|[from] brn
|upkeep
|turn|103
|
|t:|1662685362
|move|p2a: Arceus|Judgment|p1a: Chansey
|-damage|p1a: Chansey|69/100
|move|p1a: Chansey|Seismic Toss|p2a: Arceus
|-damage|p2a: Arceus|44/100 brn
|
|-damage|p2a: Arceus|38/100 brn|[from] brn
|upkeep
|turn|104
|
|t:|1662685367
|move|p2a: Arceus|Recover|p2a: Arceus
|-heal|p2a: Arceus|88/100 brn
|move|p1a: Chansey|Seismic Toss|p2a: Arceus
|-damage|p2a: Arceus|62/100 brn
|
|-damage|p2a: Arceus|56/100 brn|[from] brn
|upkeep
|turn|105
|
|t:|1662685372
|move|p2a: Arceus|Recover|p2a: Arceus
|-heal|p2a: Arceus|100/100 brn
|move|p1a: Chansey|Seismic Toss|p2a: Arceus
|-damage|p2a: Arceus|74/100 brn
|
|-damage|p2a: Arceus|68/100 brn|[from] brn
|upkeep
|turn|106
|j| Jelly cookie
|c|☆TaxFraud094|Do you wanna tie?
|c|☆Lord Rekkuza|No, I think I’m winning this :)
|inactive|TaxFraud094 has 120 seconds left.
|c|☆TaxFraud094|Suit yourself
|
|t:|1662685411
|switch|p2a: Necrozma|Necrozma-Dusk-Mane|99/100
|move|p1a: Chansey|Seismic Toss|p2a: Necrozma
|-damage|p2a: Necrozma|75/100
|-damage|p1a: Chansey|53/100|[from] item: Rocky Helmet|[of] p2a: Necrozma
|
|upkeep
|turn|107
|
|t:|1662685422
|move|p2a: Necrozma|Toxic|p1a: Chansey
|-status|p1a: Chansey|tox
|move|p1a: Chansey|Soft-Boiled|p1a: Chansey
|-heal|p1a: Chansey|100/100 tox
|
|-damage|p1a: Chansey|94/100 tox|[from] psn
|upkeep
|turn|108
|inactive|TaxFraud094 has 120 seconds left.
|
|t:|1662685429
|-curestatus|p1a: Chansey|tox|[from] ability: Natural Cure
|switch|p1a: Giratina|Giratina|78/100
|-ability|p1a: Giratina|Pressure
|move|p2a: Necrozma|Sunsteel Strike|p1a: Giratina
|-damage|p1a: Giratina|55/100
|
|-heal|p1a: Giratina|61/100|[from] item: Leftovers
|upkeep
|turn|109
|inactive|TaxFraud094 has 120 seconds left.
|
|t:|1662685438
|switch|p2a: Arceus|Arceus-Ground|68/100 brn
|move|p1a: Giratina|Will-O-Wisp|p2a: Arceus
|-fail|p2a: Arceus|brn
|
|-heal|p1a: Giratina|67/100|[from] item: Leftovers
|-damage|p2a: Arceus|62/100 brn|[from] brn
|upkeep
|turn|110
|
|t:|1662685445
|switch|p1a: Chansey|Chansey, F|94/100
|move|p2a: Arceus|Calm Mind|p2a: Arceus
|-boost|p2a: Arceus|spa|1
|-boost|p2a: Arceus|spd|1
|
|-damage|p2a: Arceus|56/100 brn|[from] brn
|upkeep
|turn|111
|
|t:|1662685448
|move|p2a: Arceus|Judgment|p1a: Chansey
|-crit|p1a: Chansey
|-damage|p1a: Chansey|62/100
|move|p1a: Chansey|Seismic Toss|p2a: Arceus
|-damage|p2a: Arceus|30/100 brn
|
|-damage|p2a: Arceus|24/100 brn|[from] brn
|upkeep
|turn|112
|
|t:|1662685451
|move|p2a: Arceus|Recover|p2a: Arceus
|-heal|p2a: Arceus|74/100 brn
|move|p1a: Chansey|Soft-Boiled|p1a: Chansey
|-heal|p1a: Chansey|100/100
|
|-damage|p2a: Arceus|68/100 brn|[from] brn
|upkeep
|turn|113
|
|t:|1662685462
|move|p2a: Arceus|Judgment|p1a: Chansey
|-damage|p1a: Chansey|78/100
|move|p1a: Chansey|Confide|p2a: Arceus
|-unboost|p2a: Arceus|spa|1
|
|-damage|p2a: Arceus|62/100 brn|[from] brn
|upkeep
|turn|114
|inactive|Lord Rekkuza has 90 seconds left.
|
|t:|1662685493
|switch|p2a: Arceus|Arceus-Dark|78/100 brn
|move|p1a: Chansey|Seismic Toss|p2a: Arceus
|-damage|p2a: Arceus|56/100 brn
|
|-damage|p2a: Arceus|50/100 brn|[from] brn
|upkeep
|turn|115
|inactive|Lord Rekkuza has 60 seconds left.
|
|t:|1662685523
|switch|p2a: Arceus|Arceus-Ground|62/100 brn
|switch|p1a: Giratina|Giratina|67/100
|-ability|p1a: Giratina|Pressure
|
|-heal|p1a: Giratina|74/100|[from] item: Leftovers
|-damage|p2a: Arceus|56/100 brn|[from] brn
|upkeep
|turn|116
|
|t:|1662685527
|switch|p1a: Chansey|Chansey, F|78/100
|move|p2a: Arceus|Recover|p2a: Arceus
|-heal|p2a: Arceus|100/100 brn
|
|-damage|p2a: Arceus|94/100 brn|[from] brn
|upkeep
|turn|117
|
|t:|1662685541
|switch|p2a: Necrozma|Necrozma-Dusk-Mane|75/100
|switch|p1a: Giratina|Giratina|74/100
|-ability|p1a: Giratina|Pressure
|
|-heal|p1a: Giratina|80/100|[from] item: Leftovers
|upkeep
|turn|118
|
|t:|1662685557
|switch|p2a: Yveltal|Yveltal|68/100 brn
|-ability|p2a: Yveltal|Dark Aura
|move|p1a: Giratina|Will-O-Wisp|p2a: Yveltal
|-fail|p2a: Yveltal|brn
|
|-heal|p1a: Giratina|86/100|[from] item: Leftovers
|-damage|p2a: Yveltal|62/100 brn|[from] brn
|upkeep
|turn|119
|
|t:|1662685563
|switch|p1a: Arceus|Arceus-Rock|100/100
|move|p2a: Yveltal|Oblivion Wing|p1a: Arceus
|-resisted|p1a: Arceus
|-damage|p1a: Arceus|87/100
|-heal|p2a: Yveltal|74/100 brn|[from] drain|[of] p1a: Arceus
|
|-damage|p2a: Yveltal|68/100 brn|[from] brn
|upkeep
|turn|120
|
|t:|1662685575
|switch|p2a: Arceus|Arceus-Water|100/100
|move|p1a: Arceus|Judgment|p2a: Arceus
|-damage|p2a: Arceus|66/100
|
|upkeep
|turn|121
|
|t:|1662685580
|switch|p1a: Chansey|Chansey, F|78/100
|move|p2a: Arceus|Judgment|p1a: Chansey
|-damage|p1a: Chansey|65/100
|
|upkeep
|turn|122
|
|t:|1662685588
|move|p2a: Arceus|Ice Beam|p1a: Chansey
|-damage|p1a: Chansey|59/100
|move|p1a: Chansey|Soft-Boiled|p1a: Chansey
|-heal|p1a: Chansey|100/100
|
|upkeep
|turn|123
|
|t:|1662685595
|switch|p1a: Giratina|Giratina|86/100
|-ability|p1a: Giratina|Pressure
|move|p2a: Arceus|Judgment|p1a: Giratina
|-resisted|p1a: Giratina
|-damage|p1a: Giratina|73/100
|
|-heal|p1a: Giratina|79/100|[from] item: Leftovers
|upkeep
|turn|124
|
|t:|1662685604
|switch|p2a: Yveltal|Yveltal|68/100 brn
|-ability|p2a: Yveltal|Dark Aura
|switch|p1a: Sableye|Sableye-Mega, F|34/100
|
|-damage|p2a: Yveltal|62/100 brn|[from] brn
|upkeep
|turn|125
|
|t:|1662685611
|move|p1a: Sableye|Protect|p1a: Sableye
|-singleturn|p1a: Sableye|Protect
|move|p2a: Yveltal|Oblivion Wing|p1a: Sableye
|-activate|p1a: Sableye|move: Protect
|
|-damage|p2a: Yveltal|56/100 brn|[from] brn
|upkeep
|turn|126
|
|t:|1662685616
|switch|p1a: Arceus|Arceus-Rock|87/100
|move|p2a: Yveltal|Oblivion Wing|p1a: Arceus
|-resisted|p1a: Arceus
|-damage|p1a: Arceus|71/100
|-heal|p2a: Yveltal|69/100 brn|[from] drain|[of] p1a: Arceus
|
|-damage|p2a: Yveltal|63/100 brn|[from] brn
|upkeep
|turn|127
|
|t:|1662685620
|switch|p2a: Arceus|Arceus-Water|66/100
|move|p1a: Arceus|Recover|p1a: Arceus
|-heal|p1a: Arceus|100/100
|
|upkeep
|turn|128
|
|t:|1662685625
|switch|p1a: Giratina|Giratina|79/100
|-ability|p1a: Giratina|Pressure
|move|p2a: Arceus|Judgment|p1a: Giratina
|-resisted|p1a: Giratina
|-damage|p1a: Giratina|65/100
|
|-heal|p1a: Giratina|71/100|[from] item: Leftovers
|upkeep
|turn|129
|
|t:|1662685635
|switch|p2a: Arceus|Arceus-Ground|94/100 brn
|switch|p1a: Arceus|Arceus-Rock|100/100
|
|-damage|p2a: Arceus|88/100 brn|[from] brn
|upkeep
|turn|130
|
|t:|1662685640
|switch|p1a: Chansey|Chansey, F|100/100
|move|p2a: Arceus|Calm Mind|p2a: Arceus
|-boost|p2a: Arceus|spa|1
|-boost|p2a: Arceus|spd|1
|
|-damage|p2a: Arceus|82/100 brn|[from] brn
|upkeep
|turn|131
|
|t:|1662685648
|move|p2a: Arceus|Calm Mind|p2a: Arceus
|-boost|p2a: Arceus|spa|1
|-boost|p2a: Arceus|spd|1
|move|p1a: Chansey|Confide|p2a: Arceus
|-unboost|p2a: Arceus|spa|1
|
|-damage|p2a: Arceus|76/100 brn|[from] brn
|upkeep
|turn|132
|
|t:|1662685654
|move|p2a: Arceus|Judgment|p1a: Chansey
|-damage|p1a: Chansey|77/100
|move|p1a: Chansey|Confide|p2a: Arceus
|-unboost|p2a: Arceus|spa|1
|
|-damage|p2a: Arceus|70/100 brn|[from] brn
|upkeep
|turn|133
|
|t:|1662685660
|move|p2a: Arceus|Ice Beam|p1a: Chansey
|-damage|p1a: Chansey|69/100
|move|p1a: Chansey|Seismic Toss|p2a: Arceus
|-damage|p2a: Arceus|44/100 brn
|
|-damage|p2a: Arceus|38/100 brn|[from] brn
|upkeep
|turn|134
|
|t:|1662685666
|move|p2a: Arceus|Recover|p2a: Arceus
|-heal|p2a: Arceus|88/100 brn
|move|p1a: Chansey|Seismic Toss|p2a: Arceus
|-damage|p2a: Arceus|62/100 brn
|
|-damage|p2a: Arceus|56/100 brn|[from] brn
|upkeep
|turn|135
|
|t:|1662685672
|move|p2a: Arceus|Recover|p2a: Arceus
|-heal|p2a: Arceus|100/100 brn
|move|p1a: Chansey|Soft-Boiled|p1a: Chansey
|-heal|p1a: Chansey|100/100
|
|-damage|p2a: Arceus|94/100 brn|[from] brn
|upkeep
|turn|136
|
|t:|1662685679
|switch|p2a: Necrozma|Necrozma-Dusk-Mane|75/100
|move|p1a: Chansey|Seismic Toss|p2a: Necrozma
|-damage|p2a: Necrozma|50/100
|-damage|p1a: Chansey|84/100|[from] item: Rocky Helmet|[of] p2a: Necrozma
|
|upkeep
|turn|137
|
|t:|1662685687
|switch|p1a: Giratina|Giratina|71/100
|-ability|p1a: Giratina|Pressure
|move|p2a: Necrozma|Toxic|p1a: Giratina
|-status|p1a: Giratina|tox
|
|-heal|p1a: Giratina|78/100 tox|[from] item: Leftovers
|-damage|p1a: Giratina|71/100 tox|[from] psn
|upkeep
|turn|138
|
|t:|1662685697
|switch|p2a: Yveltal|Yveltal|63/100 brn
|-ability|p2a: Yveltal|Dark Aura
|switch|p1a: Chansey|Chansey, F|84/100
|
|-damage|p2a: Yveltal|57/100 brn|[from] brn
|upkeep
|turn|139
|
|t:|1662685702
|move|p2a: Yveltal|Taunt|p1a: Chansey
|-start|p1a: Chansey|move: Taunt
|cant|p1a: Chansey|move: Taunt|Heal Bell
|
|-damage|p2a: Yveltal|50/100 brn|[from] brn
|upkeep
|turn|140
|
|t:|1662685711
|switch|p2a: Arceus|Arceus-Water|66/100
|move|p1a: Chansey|Seismic Toss|p2a: Arceus
|-damage|p2a: Arceus|44/100
|
|upkeep
|turn|141
|
|t:|1662685720
|switch|p1a: Arceus|Arceus-Rock|100/100
|move|p2a: Arceus|Recover|p2a: Arceus
|-heal|p2a: Arceus|94/100
|
|upkeep
|turn|142
|inactive|Lord Rekkuza has 60 seconds left.
|
|t:|1662685728
|move|p1a: Arceus|Stealth Rock|p2a: Arceus
|-sidestart|p2: Lord Rekkuza|move: Stealth Rock
|move|p2a: Arceus|Ice Beam|p1a: Arceus
|-damage|p1a: Arceus|86/100
|
|upkeep
|turn|143
|
|t:|1662685740
|switch|p1a: Giratina|Giratina|71/100 tox
|-ability|p1a: Giratina|Pressure
|move|p2a: Arceus|Defog|p1a: Giratina
|-unboost|p1a: Giratina|evasion|1
|-sideend|p2: Lord Rekkuza|Stealth Rock|[from] move: Defog|[of] p2a: Arceus
|
|-heal|p1a: Giratina|78/100 tox|[from] item: Leftovers
|-damage|p1a: Giratina|71/100 tox|[from] psn
|upkeep
|turn|144
|
|t:|1662685745
|switch|p2a: Yveltal|Yveltal|50/100 brn
|-ability|p2a: Yveltal|Dark Aura
|switch|p1a: Chansey|Chansey, F|84/100
|
|-damage|p2a: Yveltal|44/100 brn|[from] brn
|upkeep
|turn|145
|
|t:|1662685754
|move|p2a: Yveltal|Oblivion Wing|p1a: Chansey
|-damage|p1a: Chansey|73/100
|-heal|p2a: Yveltal|58/100 brn|[from] drain|[of] p1a: Chansey
|move|p1a: Chansey|Heal Bell|p1a: Chansey
|-activate|p1a: Chansey|move: Heal Bell
|-curestatus|p1: Giratina|tox|[msg]
|
|-damage|p2a: Yveltal|52/100 brn|[from] brn
|upkeep
|turn|146
|
|t:|1662685763
|switch|p2a: Rayquaza|Rayquaza-Mega|42/100
|-weather|DeltaStream|[from] ability: Delta Stream|[of] p2a: Rayquaza
|switch|p1a: Arceus|Arceus-Rock|86/100
|
|-weather|DeltaStream|[upkeep]
|upkeep
|turn|147
|
|t:|1662685770
|-weather|none
|switch|p2a: Arceus|Arceus-Water|94/100
|move|p1a: Arceus|Will-O-Wisp|p2a: Arceus
|-status|p2a: Arceus|brn
|
|-damage|p2a: Arceus|87/100 brn|[from] brn
|upkeep
|turn|148
|
|t:|1662685783
|move|p1a: Arceus|Stealth Rock|p2a: Arceus
|-sidestart|p2: Lord Rekkuza|move: Stealth Rock
|move|p2a: Arceus|Ice Beam|p1a: Arceus
|-damage|p1a: Arceus|71/100
|-status|p1a: Arceus|frz
|
|-damage|p2a: Arceus|81/100 brn|[from] brn
|upkeep
|turn|149
|
|t:|1662685788
|switch|p1a: Chansey|Chansey, F|73/100
|move|p2a: Arceus|Defog|p1a: Chansey
|-unboost|p1a: Chansey|evasion|1
|-sideend|p2: Lord Rekkuza|Stealth Rock|[from] move: Defog|[of] p2a: Arceus
|
|-damage|p2a: Arceus|75/100 brn|[from] brn
|upkeep
|turn|150
|
|t:|1662685795
|switch|p2a: Rayquaza|Rayquaza-Mega|42/100
|-weather|DeltaStream|[from] ability: Delta Stream|[of] p2a: Rayquaza
|move|p1a: Chansey|Heal Bell|p1a: Chansey
|-activate|p1a: Chansey|move: Heal Bell
|-curestatus|p1: Arceus|frz|[msg]
|
|-weather|DeltaStream|[upkeep]
|upkeep
|turn|151
|
|t:|1662685798
|switch|p1a: Quagsire|Quagsire, F|100/100
|move|p2a: Rayquaza|Scale Shot|p1a: Quagsire
|-damage|p1a: Quagsire|86/100
|-damage|p1a: Quagsire|71/100
|-hitcount|p1a: Quagsire|2
|-unboost|p2a: Rayquaza|def|1
|-boost|p2a: Rayquaza|spe|1
|-damage|p2a: Rayquaza|32/100|[from] item: Life Orb
|
|-weather|DeltaStream|[upkeep]
|upkeep
|turn|152
|inactive|Lord Rekkuza has 60 seconds left.
|c|☆TaxFraud094|o7
|
|t:|1662685830
|-weather|none
|switch|p2a: Arceus|Arceus-Water|75/100 brn
|move|p1a: Quagsire|Toxic||[still]
|-fail|p1a: Quagsire
|
|-damage|p2a: Arceus|69/100 brn|[from] brn
|upkeep
|turn|153
|
|t:|1662685841
|move|p2a: Arceus|Ice Beam|p1a: Quagsire
|-damage|p1a: Quagsire|41/100
|move|p1a: Quagsire|Recover|p1a: Quagsire
|-heal|p1a: Quagsire|91/100
|
|-damage|p2a: Arceus|63/100 brn|[from] brn
|upkeep
|turn|154
|
|t:|1662685848
|switch|p1a: Giratina|Giratina|71/100
|-ability|p1a: Giratina|Pressure
|move|p2a: Arceus|Recover|p2a: Arceus
|-heal|p2a: Arceus|100/100 brn
|
|-heal|p1a: Giratina|78/100|[from] item: Leftovers
|-damage|p2a: Arceus|94/100 brn|[from] brn
|upkeep
|turn|155
|
|t:|1662685858
|move|p2a: Arceus|Ice Beam|p1a: Giratina
|-supereffective|p1a: Giratina
|-damage|p1a: Giratina|50/100
|move|p1a: Giratina|Will-O-Wisp|p2a: Arceus|[miss]
|-miss|p1a: Giratina|p2a: Arceus
|
|-heal|p1a: Giratina|56/100|[from] item: Leftovers
|-damage|p2a: Arceus|88/100 brn|[from] brn
|upkeep
|turn|156
|
|t:|1662685864
|switch|p2a: Yveltal|Yveltal|52/100 brn
|-ability|p2a: Yveltal|Dark Aura
|switch|p1a: Chansey|Chansey, F|73/100
|
|-damage|p2a: Yveltal|46/100 brn|[from] brn
|upkeep
|turn|157
|
|t:|1662685875
|switch|p2a: Arceus|Arceus-Water|88/100 brn
|move|p1a: Chansey|Seismic Toss|p2a: Arceus
|-damage|p2a: Arceus|66/100 brn
|
|-damage|p2a: Arceus|60/100 brn|[from] brn
|upkeep
|turn|158
|
|t:|1662685885
|move|p2a: Arceus|Recover|p2a: Arceus
|-heal|p2a: Arceus|100/100 brn
|move|p1a: Chansey|Seismic Toss|p2a: Arceus
|-damage|p2a: Arceus|78/100 brn
|
|-damage|p2a: Arceus|72/100 brn|[from] brn
|upkeep
|turn|159
|
|t:|1662685891
|move|p2a: Arceus|Defog|p1a: Chansey
|-unboost|p1a: Chansey|evasion|1
|move|p1a: Chansey|Soft-Boiled|p1a: Chansey
|-heal|p1a: Chansey|100/100
|
|-damage|p2a: Arceus|66/100 brn|[from] brn
|upkeep
|turn|160
|
|t:|1662685900
|switch|p1a: Giratina|Giratina|56/100
|-ability|p1a: Giratina|Pressure
|move|p2a: Arceus|Judgment|p1a: Giratina
|-resisted|p1a: Giratina
|-damage|p1a: Giratina|42/100
|
|-heal|p1a: Giratina|48/100|[from] item: Leftovers
|-damage|p2a: Arceus|60/100 brn|[from] brn
|upkeep
|turn|161
|inactive|Lord Rekkuza has 30 seconds left.
|
|t:|1662685916
|move|p2a: Arceus|Ice Beam|p1a: Giratina
|-supereffective|p1a: Giratina
|-crit|p1a: Giratina
|-damage|p1a: Giratina|9/100
|move|p1a: Giratina|Rest|p1a: Giratina
|-status|p1a: Giratina|slp|[from] move: Rest
|-heal|p1a: Giratina|100/100 slp|[silent]
|
|-damage|p2a: Arceus|54/100 brn|[from] brn
|upkeep
|turn|162
|
|t:|1662685920
|switch|p1a: Chansey|Chansey, F|100/100
|move|p2a: Arceus|Recover|p2a: Arceus
|-heal|p2a: Arceus|100/100 brn
|
|-damage|p2a: Arceus|94/100 brn|[from] brn
|upkeep
|turn|163
|
|t:|1662685927
|switch|p2a: Rayquaza|Rayquaza-Mega|32/100
|-weather|DeltaStream|[from] ability: Delta Stream|[of] p2a: Rayquaza
|move|p1a: Chansey|Heal Bell|p1a: Chansey
|-activate|p1a: Chansey|move: Heal Bell
|-curestatus|p1: Giratina|slp|[msg]
|
|-weather|DeltaStream|[upkeep]
|upkeep
|turn|164
|
|t:|1662685932
|move|p2a: Rayquaza|Scale Shot|p1a: Chansey
|-damage|p1a: Chansey|83/100
|-damage|p1a: Chansey|67/100
|-damage|p1a: Chansey|50/100
|-damage|p1a: Chansey|32/100
|-damage|p1a: Chansey|15/100
|-hitcount|p1a: Chansey|5
|-unboost|p2a: Rayquaza|def|1
|-boost|p2a: Rayquaza|spe|1
|-damage|p2a: Rayquaza|22/100|[from] item: Life Orb
|move|p1a: Chansey|Seismic Toss|p2a: Rayquaza
|-damage|p2a: Rayquaza|0 fnt
|faint|p2a: Rayquaza
|-weather|none
|
|upkeep
|inactive|Lord Rekkuza has 30 seconds left.
|inactive|Lord Rekkuza has 20 seconds left.
|inactive|Lord Rekkuza has 15 seconds left.
|c|☆TaxFraud094|bruh
|inactive|Lord Rekkuza has 10 seconds left.
|inactive|Lord Rekkuza has 5 seconds left.
|
|t:|1662685969
|switch|p2a: Yveltal|Yveltal|46/100 brn
|-ability|p2a: Yveltal|Dark Aura
|turn|165
|inactive|Lord Rekkuza has 10 seconds left this turn.
|inactive|Lord Rekkuza has 5 seconds left.
|
|t:|1662685975
|switch|p1a: Quagsire|Quagsire, F|91/100
|move|p2a: Yveltal|Dark Pulse|p1a: Quagsire
|-crit|p1a: Quagsire
|-damage|p1a: Quagsire|0 fnt
|faint|p1a: Quagsire
|
|-damage|p2a: Yveltal|40/100 brn|[from] brn
|upkeep
|inactive|Lord Rekkuza has 10 seconds left this turn.
|c|☆TaxFraud094|BRUH
|
|t:|1662685991
|switch|p1a: Arceus|Arceus-Rock|71/100
|turn|166
|inactive|Lord Rekkuza has 15 seconds left this turn.
|inactive|Lord Rekkuza has 10 seconds left.
|inactive|Lord Rekkuza has 5 seconds left.
|
|t:|1662686004
|switch|p2a: Arceus|Arceus-Ground|94/100 brn
|move|p1a: Arceus|Judgment|p2a: Arceus
|-resisted|p2a: Arceus
|-damage|p2a: Arceus|75/100 brn
|
|-damage|p2a: Arceus|69/100 brn|[from] brn
|upkeep
|turn|167
|inactive|Lord Rekkuza has 10 seconds left this turn.
|inactive|TaxFraud094 has 120 seconds left.
|
|t:|1662686024
|switch|p1a: Chansey|Chansey, F|15/100
|move|p2a: Arceus|Judgment|p1a: Chansey
|-damage|p1a: Chansey|0 fnt
|faint|p1a: Chansey
|
|-damage|p2a: Arceus|63/100 brn|[from] brn
|upkeep
|inactive|Lord Rekkuza has 15 seconds left this turn.
|inactive|TaxFraud094 has 120 seconds left.
|
|t:|1662686033
|switch|p1a: Arceus|Arceus-Rock|71/100
|turn|168
|inactive|Lord Rekkuza has 20 seconds left this turn.
|
|t:|1662686035
|move|p1a: Arceus|Judgment|p2a: Arceus
|-resisted|p2a: Arceus
|-damage|p2a: Arceus|43/100 brn
|move|p2a: Arceus|Judgment|p1a: Arceus
|-supereffective|p1a: Arceus
|-damage|p1a: Arceus|0 fnt
|faint|p1a: Arceus
|
|-damage|p2a: Arceus|37/100 brn|[from] brn
|upkeep
|inactive|Lord Rekkuza has 25 seconds left this turn.
|c|☆TaxFraud094|bruh
|inactive|TaxFraud094 has 120 seconds left.
|c|☆Lord Rekkuza|gg
|c|☆TaxFraud094|so much went wrong there
|c|☆TaxFraud094|gg
|c|☆TaxFraud094|That 5 hit tho
|inactive|TaxFraud094 has 90 seconds left.
|-message|TaxFraud094 forfeited.
|
|win|Lord Rekkuza
|inactive|Lord Rekkuza has 30 seconds left this turn.
|raw|TaxFraud094's rating: 1902 &rarr; <strong>1878</strong><br />(-24 for losing)
|raw|Lord Rekkuza's rating: 1828 &rarr; <strong>1852</strong><br />(+24 for winning)
|l|☆TaxFraud094
