|j|☆IAmJklol
|j|☆SpookyMareep
|t:|1660783330
|gametype|singles
|player|p1|IAmJklol|red|1764
|player|p2|SpookyMareep|rocketgruntf|1604
|teamsize|p1|6
|teamsize|p2|6
|gen|8
|tier|[Gen 8] National Dex AG
|rated|
|rule|HP Percentage Mod: HP is shown in percentages
|rule|Endless Battle Clause: Forcing endless battles is banned
|clearpoke
|poke|p1|Ho-Oh|
|poke|p1|Necrozma-Dusk-Mane|
|poke|p1|Zygarde|
|poke|p1|Rayquaza|
|poke|p1|Calyrex-Shadow|
|poke|p1|Arceus-*|
|poke|p2|Ditto|
|poke|p2|Marshadow|
|poke|p2|Toxapex, M|
|poke|p2|Shedinja|
|poke|p2|Quagsire, M|
|poke|p2|Landorus-Therian, M|
|teampreview
|inactive|Battle timer is ON: inactive players will automatically lose when time's up. (requested by IAmJklol)
|
|t:|1660783335
|start
|switch|p1a: Rayquaza|Rayquaza|100/100
|switch|p2a: >1440 ELO TEAM|Landorus-Therian, M|100/100
|-ability|p1a: Rayquaza|Air Lock
|-ability|p2a: >1440 ELO TEAM|Intimidate|boost
|-unboost|p1a: Rayquaza|atk|1
|turn|1
|
|t:|1660783343
|detailschange|p1a: Rayquaza|Rayquaza-Mega
|-mega|p1a: Rayquaza|Rayquaza|
|-weather|DeltaStream|[from] ability: Delta Stream|[of] p1a: Rayquaza
|move|p1a: Rayquaza|Waterfall|p2a: >1440 ELO TEAM
|-supereffective|p2a: >1440 ELO TEAM
|-damage|p2a: >1440 ELO TEAM|12/100
|move|p2a: >1440 ELO TEAM|Stealth Rock|p1a: Rayquaza
|-sidestart|p1: IAmJklol|move: Stealth Rock
|
|-weather|DeltaStream|[upkeep]
|upkeep
|turn|2
|
|t:|1660783352
|switch|p2a: Yakuza|Toxapex, M|100/100
|move|p1a: Rayquaza|Waterfall|p2a: Yakuza
|-resisted|p2a: Yakuza
|-damage|p2a: Yakuza|89/100
|-damage|p1a: Rayquaza|84/100|[from] item: Rocky Helmet|[of] p2a: Yakuza
|
|-weather|DeltaStream|[upkeep]
|upkeep
|turn|3
|
|t:|1660783357
|-weather|none
|switch|p1a: Ho-Oh|Ho-Oh|100/100
|move|p2a: Yakuza|Scald|p1a: Ho-Oh
|-supereffective|p1a: Ho-Oh
|-damage|p1a: Ho-Oh|86/100
|
|upkeep
|turn|4
|
|t:|1660783360
|move|p1a: Ho-Oh|Thunder Wave|p2a: Yakuza
|-status|p2a: Yakuza|par
|cant|p2a: Yakuza|par
|
|upkeep
|turn|5
|c|☆SpookyMareep|wow
|
|t:|1660783367
|move|p1a: Ho-Oh|Defog|p2a: Yakuza
|-unboost|p2a: Yakuza|evasion|1
|-sideend|p1: IAmJklol|Stealth Rock|[from] move: Defog|[of] p1a: Ho-Oh
|move|p2a: Yakuza|Toxic|p1a: Ho-Oh
|-status|p1a: Ho-Oh|tox
|
|-damage|p1a: Ho-Oh|80/100 tox|[from] psn
|upkeep
|turn|6
|c|☆IAmJklol|.-. sorry I can't control para
|
|t:|1660783377
|switch|p1a: Necrozma|Necrozma-Dusk-Mane|100/100
|cant|p2a: Yakuza|par
|
|upkeep
|turn|7
|c|☆SpookyMareep|wow it knew it
|c|☆SpookyMareep|im not mad at RNG
|c|☆SpookyMareep|:p
|
|t:|1660783390
|move|p1a: Necrozma|Knock Off|p2a: Yakuza
|-damage|p2a: Yakuza|69/100 par
|-damage|p1a: Necrozma|84/100|[from] item: Rocky Helmet|[of] p2a: Yakuza
|-enditem|p2a: Yakuza|Rocky Helmet|[from] move: Knock Off|[of] p1a: Necrozma
|move|p2a: Yakuza|Scald|p1a: Necrozma
|-damage|p1a: Necrozma|71/100
|
|upkeep
|turn|8
|
|t:|1660783399
|move|p1a: Necrozma|Stealth Rock|p2a: Yakuza
|-sidestart|p2: SpookyMareep|move: Stealth Rock
|move|p2a: Yakuza|Toxic Spikes|p1a: Necrozma
|-sidestart|p1: IAmJklol|move: Toxic Spikes
|
|upkeep
|turn|9
|
|t:|1660783409
|switch|p1a: Ho-Oh|Ho-Oh|100/100 tox
|move|p2a: Yakuza|Scald|p1a: Ho-Oh
|-supereffective|p1a: Ho-Oh
|-damage|p1a: Ho-Oh|86/100 tox
|
|-damage|p1a: Ho-Oh|80/100 tox|[from] psn
|upkeep
|turn|10
|
|t:|1660783413
|switch|p2a: >1440 ELO TEAM|Landorus-Therian, M|12/100
|-ability|p2a: >1440 ELO TEAM|Intimidate|boost
|-unboost|p1a: Ho-Oh|atk|1
|move|p1a: Ho-Oh|Whirlwind|p2a: >1440 ELO TEAM
|drag|p2a: SpookyMareep(YT)|Marshadow|100/100
|-damage|p2a: SpookyMareep(YT)|94/100|[from] Stealth Rock
|
|-damage|p1a: Ho-Oh|67/100 tox|[from] psn
|upkeep
|turn|11
|
|t:|1660783428
|switch|p2a: >1440 ELO TEAM|Landorus-Therian, M|12/100
|-ability|p2a: >1440 ELO TEAM|Intimidate|boost
|-unboost|p1a: Ho-Oh|atk|1
|move|p1a: Ho-Oh|Defog|p2a: >1440 ELO TEAM
|-unboost|p2a: >1440 ELO TEAM|evasion|1
|-sideend|p2: SpookyMareep|Stealth Rock|[from] move: Defog|[of] p1a: Ho-Oh
|-sideend|p1: IAmJklol|Toxic Spikes|[from] move: Defog|[of] p1a: Ho-Oh
|
|-damage|p1a: Ho-Oh|49/100 tox|[from] psn
|upkeep
|turn|12
|
|t:|1660783452
|switch|p1a: Rayquaza|Rayquaza-Mega|84/100
|-weather|DeltaStream|[from] ability: Delta Stream|[of] p1a: Rayquaza
|move|p2a: >1440 ELO TEAM|Stone Edge|p1a: Rayquaza
|-activate||deltastream
|-crit|p1a: Rayquaza
|-damage|p1a: Rayquaza|28/100
|
|-weather|DeltaStream|[upkeep]
|upkeep
|turn|13
|c|☆SpookyMareep|>58
|c|☆SpookyMareep|wtf
|c|☆SpookyMareep|so low
|c|☆SpookyMareep|o it weakens it
|c|☆IAmJklol|lol
|c|☆SpookyMareep|WOAT?!
|inactive|SpookyMareep has 120 seconds left.
|c|☆SpookyMareep|never knew
|c|☆SpookyMareep|wtf
|
|t:|1660783480
|switch|p2a: Yakuza|Toxapex, M|100/100 par
|move|p1a: Rayquaza|Dragon Ascent|p2a: Yakuza
|-damage|p2a: Yakuza|26/100 par
|-unboost|p1a: Rayquaza|def|1
|-unboost|p1a: Rayquaza|spd|1
|
|-weather|DeltaStream|[upkeep]
|upkeep
|turn|14
|inactive|SpookyMareep has 120 seconds left.
|
|t:|1660783489
|switch|p2a: :)|Quagsire, M|100/100
|move|p1a: Rayquaza|Dragon Ascent|p2a: :)
|-damage|p2a: :)|15/100
|-unboost|p1a: Rayquaza|def|1
|-unboost|p1a: Rayquaza|spd|1
|-damage|p1a: Rayquaza|11/100|[from] item: Rocky Helmet|[of] p2a: :)
|
|-weather|DeltaStream|[upkeep]
|upkeep
|turn|15
|
|t:|1660783495
|move|p1a: Rayquaza|Dragon Ascent|p2a: :)
|-damage|p2a: :)|0 fnt
|-unboost|p1a: Rayquaza|def|1
|-unboost|p1a: Rayquaza|spd|1
|-damage|p1a: Rayquaza|0 fnt|[from] item: Rocky Helmet|[of] p2a: :)
|faint|p2a: :)
|faint|p1a: Rayquaza
|-weather|none
|
|upkeep
|c|☆IAmJklol|willing to sack ray
|c|☆SpookyMareep|i dont need q
|inactive|SpookyMareep has 120 seconds left.
|
|t:|1660783516
|switch|p1a: Calyrex|Calyrex-Shadow|100/100
|switch|p2a: >1440 ELO TEAM|Landorus-Therian, M|12/100
|-ability|p1a: Calyrex|As One
|-ability|p1a: Calyrex|Unnerve
|-ability|p2a: >1440 ELO TEAM|Intimidate|boost
|-unboost|p1a: Calyrex|atk|1
|turn|16
|c|☆SpookyMareep|HAT TURNS BACKWARDS
|
|t:|1660783525
|switch|p2a: Yakuza.|Shedinja|100/100
|move|p1a: Calyrex|Astral Barrage|p2a: Yakuza.
|-supereffective|p2a: Yakuza.
|-enditem|p2a: Yakuza.|Focus Sash
|-damage|p2a: Yakuza.|100/100
|
|upkeep
|turn|17
|
|t:|1660783532
|switch|p1a: Necrozma|Necrozma-Dusk-Mane|71/100
|move|p2a: Yakuza.|Shadow Sneak|p1a: Necrozma
|-supereffective|p1a: Necrozma
|-damage|p1a: Necrozma|56/100
|-damage|p2a: Yakuza.|0 fnt|[from] item: Rocky Helmet|[of] p1a: Necrozma
|faint|p2a: Yakuza.
|
|upkeep
|c|☆SpookyMareep|wose
|c|☆SpookyMareep|wise
|
|t:|1660783543
|switch|p2a: >1440 ELO TEAM|Landorus-Therian, M|12/100
|-ability|p2a: >1440 ELO TEAM|Intimidate|boost
|-unboost|p1a: Necrozma|atk|1
|turn|18
|
|t:|1660783548
|switch|p1a: Zygarde|Zygarde|100/100
|-start|p2a: >1440 ELO TEAM|Dynamax|
|-heal|p2a: >1440 ELO TEAM|12/100|[silent]
|move|p2a: >1440 ELO TEAM|Max Quake|p1a: Zygarde
|-damage|p1a: Zygarde|45/100
|-boost|p2a: >1440 ELO TEAM|spd|1
|
|-heal|p1a: Zygarde|52/100|[from] item: Leftovers
|upkeep
|turn|19
|
|t:|1660783555
|switch|p1a: Ho-Oh|Ho-Oh|83/100 tox
|move|p2a: >1440 ELO TEAM|Max Quake|p1a: Ho-Oh
|-immune|p1a: Ho-Oh
|
|-damage|p1a: Ho-Oh|77/100 tox|[from] psn
|upkeep
|turn|20
|
|t:|1660783566
|move|p2a: >1440 ELO TEAM|Max Quake|p1a: Ho-Oh
|-immune|p1a: Ho-Oh
|move|p1a: Ho-Oh|Sacred Fire|p2a: >1440 ELO TEAM
|-damage|p2a: >1440 ELO TEAM|0 fnt
|faint|p2a: >1440 ELO TEAM
|
|-damage|p1a: Ho-Oh|65/100 tox|[from] psn
|upkeep
|c|☆SpookyMareep|lol
|c|☆IAmJklol|yeah not falling for that
|c|☆SpookyMareep|:P
|c|☆SpookyMareep|i figured you see it as obvious
|inactive|SpookyMareep has 120 seconds left.
|c|☆SpookyMareep|and think i was mind gaming
|
|t:|1660783601
|switch|p2a: SpookyMareep(YT)|Marshadow|94/100
|turn|21
|
|t:|1660783608
|switch|p1a: Zygarde|Zygarde|52/100
|move|p2a: SpookyMareep(YT)|Spectral Thief|p1a: Zygarde
|-damage|p1a: Zygarde|10/100
|-damage|p2a: SpookyMareep(YT)|84/100|[from] item: Life Orb
|
|-heal|p1a: Zygarde|17/100|[from] item: Leftovers
|-activate|p1a: Zygarde|ability: Power Construct
|detailschange|p1a: Zygarde|Zygarde-Complete
|-heal|p1a: Zygarde|45/100|[silent]
|upkeep
|turn|22
|
|t:|1660783619
|switch|p1a: Arceus|Arceus-Water|100/100
|move|p2a: SpookyMareep(YT)|Ice Punch|p1a: Arceus
|-resisted|p1a: Arceus
|-damage|p1a: Arceus|92/100
|-damage|p2a: SpookyMareep(YT)|74/100|[from] item: Life Orb
|
|upkeep
|turn|23
|c|☆IAmJklol|fairly certain waterceus just wins now
|c|☆SpookyMareep|i think so
|c|☆SpookyMareep|show moves
|c|☆SpookyMareep|and ill forfeit
|inactive|SpookyMareep has 120 seconds left.
|c|☆IAmJklol|!showset 6
|c| IAmJklol|/raw <div class="infobox">Arceus (Arceus-Water) @ Splash Plate  <br />Ability: Multitype  <br />EVs: 252 HP &#x2f; 252 Def &#x2f; 4 Spe  <br />Bold Nature  <br />IVs: 0 Atk  <br />- Judgment  <br />- Substitute  <br />- Recover  <br />- Calm Mind  <br /><br /></div>
|
|t:|1660783668
|switch|p2a: Yakuza|Toxapex, M|60/100 par
|move|p1a: Arceus|Recover|p1a: Arceus
|-heal|p1a: Arceus|100/100
|
|upkeep
|turn|24
|c|☆SpookyMareep|I'm not so sure.
|inactive|SpookyMareep has 120 seconds left.
|
|t:|1660783680
|switch|p1a: Necrozma|Necrozma-Dusk-Mane|56/100
|switch|p2a: Zacian! Wait STOP!|Ditto|100/100
|-transform|p2a: Zacian! Wait STOP!|p1a: Necrozma|[from] ability: Imposter
|
|upkeep
|turn|25
|c|☆IAmJklol|hmm haze perhaps
|
|t:|1660783690
|move|p2a: Zacian! Wait STOP!|Stealth Rock|p1a: Necrozma
|-sidestart|p1: IAmJklol|move: Stealth Rock
|move|p1a: Necrozma|Morning Sun|p1a: Necrozma
|-heal|p1a: Necrozma|100/100
|
|upkeep
|turn|26
|
|t:|1660783695
|switch|p2a: SpookyMareep(YT)|Marshadow|74/100
|move|p1a: Necrozma|Knock Off|p2a: SpookyMareep(YT)
|-damage|p2a: SpookyMareep(YT)|33/100
|-enditem|p2a: SpookyMareep(YT)|Life Orb|[from] move: Knock Off|[of] p1a: Necrozma
|
|upkeep
|turn|27
|
|t:|1660783703
|move|p2a: SpookyMareep(YT)|Spectral Thief|p1a: Necrozma
|-supereffective|p1a: Necrozma
|-damage|p1a: Necrozma|64/100
|-damage|p2a: SpookyMareep(YT)|17/100|[from] item: Rocky Helmet|[of] p1a: Necrozma
|move|p1a: Necrozma|Sunsteel Strike|p2a: SpookyMareep(YT)
|-damage|p2a: SpookyMareep(YT)|0 fnt
|faint|p2a: SpookyMareep(YT)
|
|upkeep
|
|t:|1660783708
|switch|p2a: Zacian! Wait STOP!|Ditto|100/100
|-transform|p2a: Zacian! Wait STOP!|p1a: Necrozma|[from] ability: Imposter
|turn|28
|
|t:|1660783712
|move|p2a: Zacian! Wait STOP!|Knock Off|p1a: Necrozma
|-supereffective|p1a: Necrozma
|-damage|p1a: Necrozma|39/100
|-damage|p2a: Zacian! Wait STOP!|84/100|[from] item: Rocky Helmet|[of] p1a: Necrozma
|-enditem|p1a: Necrozma|Rocky Helmet|[from] move: Knock Off|[of] p2a: Zacian! Wait STOP!
|move|p1a: Necrozma|Morning Sun|p1a: Necrozma
|-heal|p1a: Necrozma|89/100
|
|upkeep
|turn|29
|
|t:|1660783714
|move|p2a: Zacian! Wait STOP!|Knock Off|p1a: Necrozma
|-supereffective|p1a: Necrozma
|-damage|p1a: Necrozma|71/100
|move|p1a: Necrozma|Stealth Rock|p2a: Zacian! Wait STOP!
|-sidestart|p2: SpookyMareep|move: Stealth Rock
|
|upkeep
|turn|30
|
|t:|1660783717
|move|p2a: Zacian! Wait STOP!|Knock Off|p1a: Necrozma
|-supereffective|p1a: Necrozma
|-damage|p1a: Necrozma|54/100
|move|p1a: Necrozma|Knock Off|p2a: Zacian! Wait STOP!
|-supereffective|p2a: Zacian! Wait STOP!
|-damage|p2a: Zacian! Wait STOP!|41/100
|-enditem|p2a: Zacian! Wait STOP!|Choice Scarf|[from] move: Knock Off|[of] p1a: Necrozma
|
|upkeep
|turn|31
|-message|SpookyMareep forfeited.
|
|win|IAmJklol
|raw|IAmJklol's rating: 1764 &rarr; <strong>1775</strong><br />(+11 for winning)
|raw|SpookyMareep's rating: 1604 &rarr; <strong>1593</strong><br />(-11 for losing)
|c|☆SpookyMareep|wp
|c|☆IAmJklol|gg
|c|☆IAmJklol|wp
