|j|☆NOMAAN Hussain
|j|☆2miko
|t:|1606379584
|player|p1|NOMAAN Hussain|266|1032
|player|p2|2miko|dawn|1081
|teamsize|p1|6
|teamsize|p2|6
|gametype|singles
|gen|8
|tier|[Gen 8] National Dex AG
|rated|
|clearpoke
|poke|p1|Zamazenta|
|poke|p1|Necrozma-Dusk-Mane|
|poke|p1|Dusclops, F|
|poke|p1|Kyurem-White|
|poke|p1|Groudon|
|poke|p1|Kyogre|
|poke|p2|Dragapult, M|
|poke|p2|Corsola-Galar, M|
|poke|p2|Swampert, M|
|poke|p2|Amoonguss, M|
|poke|p2|Bisharp, M|
|poke|p2|Mantine, M|
|rule|HP Percentage Mod: HP is shown in percentages
|rule|Endless Battle Clause: Forcing endless battles is banned
|teampreview
|
|t:|1606379590
|start
|switch|p1a: Dusclops|Dusclops, F|100/100
|switch|p2a: Corsola|Corsola-Galar, M|100/100
|-ability|p1a: Dusclops|Pressure
|turn|1
|inactive|Battle timer is ON: inactive players will automatically lose when time's up. (requested by 2miko)
|inactive|NOMAAN Hussain has 120 seconds left.
|inactive|NOMAAN Hussain has 90 seconds left.
|
|t:|1606379711
|move|p1a: Dusclops|Fire Punch|p2a: Corsola
|-damage|p2a: Corsola|89/100
|move|p2a: Corsola|Will-O-Wisp|p1a: Dusclops
|-status|p1a: Dusclops|brn
|
|-damage|p1a: Dusclops|95/100 brn|[from] brn
|upkeep
|turn|2
|
|t:|1606379721
|move|p1a: Dusclops|Destiny Bond|p1a: Dusclops
|-singlemove|p1a: Dusclops|Destiny Bond
|move|p2a: Corsola|Stealth Rock|p1a: Dusclops
|-sidestart|p1: NOMAAN Hussain|move: Stealth Rock
|
|-damage|p1a: Dusclops|89/100 brn|[from] brn
|upkeep
|turn|3
|
|t:|1606379732
|move|p1a: Dusclops|Shadow Punch|p2a: Corsola
|-supereffective|p2a: Corsola
|-damage|p2a: Corsola|75/100
|move|p2a: Corsola|Night Shade|p1a: Dusclops
|-damage|p1a: Dusclops|43/100 brn
|
|-damage|p1a: Dusclops|38/100 brn|[from] brn
|upkeep
|turn|4
|
|t:|1606379742
|move|p1a: Dusclops|Hex|p2a: Corsola
|-supereffective|p2a: Corsola
|-damage|p2a: Corsola|53/100
|move|p2a: Corsola|Strength Sap|p1a: Dusclops
|-unboost|p1a: Dusclops|atk|1
|-heal|p2a: Corsola|100/100
|
|-damage|p1a: Dusclops|32/100 brn|[from] brn
|upkeep
|turn|5
|
|t:|1606379752
|move|p1a: Dusclops|Hex|p2a: Corsola
|-supereffective|p2a: Corsola
|-damage|p2a: Corsola|80/100
|-start|p1a: Dusclops|Disable|Hex|[from] ability: Cursed Body|[of] p2a: Corsola
|move|p2a: Corsola|Strength Sap|p1a: Dusclops
|-unboost|p1a: Dusclops|atk|1
|-heal|p2a: Corsola|100/100
|
|-damage|p1a: Dusclops|26/100 brn|[from] brn
|upkeep
|turn|6
|
|t:|1606379765
|move|p1a: Dusclops|Shadow Punch|p2a: Corsola
|-supereffective|p2a: Corsola
|-damage|p2a: Corsola|93/100
|move|p2a: Corsola|Night Shade|p1a: Dusclops
|-damage|p1a: Dusclops|0 fnt
|faint|p1a: Dusclops
|
|upkeep
|
|t:|1606379774
|switch|p1a: Zamazenta|Zamazenta|100/100
|-damage|p1a: Zamazenta|94/100|[from] Stealth Rock
|-ability|p1a: Zamazenta|Dauntless Shield|boost
|-boost|p1a: Zamazenta|def|1
|turn|7
|
|t:|1606379781
|move|p1a: Zamazenta|Focus Blast|p2a: Corsola
|-immune|p2a: Corsola
|move|p2a: Corsola|Will-O-Wisp|p1a: Zamazenta
|-status|p1a: Zamazenta|brn
|
|-damage|p1a: Zamazenta|88/100 brn|[from] brn
|upkeep
|turn|8
|
|t:|1606379792
|move|p1a: Zamazenta|Fire Fang|p2a: Corsola
|-damage|p2a: Corsola|86/100
|-status|p2a: Corsola|brn
|move|p2a: Corsola|Strength Sap|p1a: Zamazenta
|-unboost|p1a: Zamazenta|atk|1
|-heal|p2a: Corsola|100/100 brn
|
|-damage|p1a: Zamazenta|82/100 brn|[from] brn
|-damage|p2a: Corsola|94/100 brn|[from] brn
|upkeep
|turn|9
|
|t:|1606379804
|move|p1a: Zamazenta|Dazzling Gleam|p2a: Corsola
|-damage|p2a: Corsola|83/100 brn
|move|p2a: Corsola|Stealth Rock||[still]
|-fail|p2a: Corsola
|
|-damage|p1a: Zamazenta|76/100 brn|[from] brn
|-damage|p2a: Corsola|77/100 brn|[from] brn
|upkeep
|turn|10
|
|t:|1606379814
|move|p1a: Zamazenta|Focus Blast|p2a: Corsola
|-immune|p2a: Corsola
|move|p2a: Corsola|Night Shade|p1a: Zamazenta
|-damage|p1a: Zamazenta|45/100 brn
|
|-damage|p1a: Zamazenta|39/100 brn|[from] brn
|-damage|p2a: Corsola|71/100 brn|[from] brn
|upkeep
|turn|11
|
|t:|1606379823
|move|p1a: Zamazenta|Close Combat|p2a: Corsola
|-immune|p2a: Corsola
|move|p2a: Corsola|Night Shade|p1a: Zamazenta
|-damage|p1a: Zamazenta|8/100 brn
|
|-damage|p1a: Zamazenta|2/100 brn|[from] brn
|-damage|p2a: Corsola|64/100 brn|[from] brn
|upkeep
|turn|12
|
|t:|1606379835
|move|p1a: Zamazenta|Dazzling Gleam|p2a: Corsola
|-damage|p2a: Corsola|54/100 brn
|move|p2a: Corsola|Strength Sap|p1a: Zamazenta
|-unboost|p1a: Zamazenta|atk|1
|-heal|p2a: Corsola|100/100 brn
|
|-damage|p1a: Zamazenta|0 fnt|[from] brn
|faint|p1a: Zamazenta
|-damage|p2a: Corsola|94/100 brn|[from] brn
|upkeep
|
|t:|1606379849
|switch|p1a: Groudon|Groudon|100/100
|-damage|p1a: Groudon|94/100|[from] Stealth Rock
|detailschange|p1a: Groudon|Groudon-Primal
|-primal|p1a: Groudon
|-weather|DesolateLand|[from] ability: Desolate Land|[of] p1a: Groudon
|turn|13
|
|t:|1606379857
|switch|p2a: Mantine|Mantine, M|100/100
|move|p1a: Groudon|Flamethrower|p2a: Mantine
|-resisted|p2a: Mantine
|-damage|p2a: Mantine|84/100
|
|-weather|DesolateLand|[upkeep]
|upkeep
|turn|14
|
|t:|1606379865
|-weather|none
|switch|p1a: Kyogre|Kyogre|100/100
|-damage|p1a: Kyogre|88/100|[from] Stealth Rock
|detailschange|p1a: Kyogre|Kyogre-Primal
|-primal|p1a: Kyogre
|-weather|PrimordialSea|[from] ability: Primordial Sea|[of] p1a: Kyogre
|move|p2a: Mantine|Toxic|p1a: Kyogre
|-status|p1a: Kyogre|tox
|
|-weather|PrimordialSea|[upkeep]
|-damage|p1a: Kyogre|82/100 tox|[from] psn
|upkeep
|turn|15
|
|t:|1606379880
|move|p2a: Mantine|Scald|p1a: Kyogre
|-resisted|p1a: Kyogre
|-damage|p1a: Kyogre|71/100 tox
|move|p1a: Kyogre|Avalanche|p2a: Mantine
|-damage|p2a: Mantine|31/100
|
|-weather|PrimordialSea|[upkeep]
|-damage|p1a: Kyogre|59/100 tox|[from] psn
|upkeep
|turn|16
|
|t:|1606379891
|move|p2a: Mantine|Roost|p2a: Mantine
|-heal|p2a: Mantine|81/100
|-singleturn|p2a: Mantine|move: Roost
|move|p1a: Kyogre|Avalanche|p2a: Mantine
|-resisted|p2a: Mantine
|-damage|p2a: Mantine|68/100
|
|-weather|PrimordialSea|[upkeep]
|-damage|p1a: Kyogre|41/100 tox|[from] psn
|upkeep
|turn|17
|
|t:|1606379901
|move|p1a: Kyogre|Hydro Pump|p2a: Mantine
|-heal|p2a: Mantine|92/100|[from] ability: Water Absorb|[of] p1a: Kyogre
|move|p2a: Mantine|Roost|p2a: Mantine
|-heal|p2a: Mantine|100/100
|-singleturn|p2a: Mantine|move: Roost
|
|-weather|PrimordialSea|[upkeep]
|-damage|p1a: Kyogre|16/100 tox|[from] psn
|upkeep
|turn|18
|
|t:|1606379912
|move|p1a: Kyogre|Blizzard|p2a: Mantine|[miss]
|-miss|p1a: Kyogre|p2a: Mantine
|move|p2a: Mantine|Roost||[still]
|-fail|p2a: Mantine|heal
|
|-weather|PrimordialSea|[upkeep]
|-damage|p1a: Kyogre|0 fnt|[from] psn
|faint|p1a: Kyogre
|-weather|none
|upkeep
|
|t:|1606379923
|switch|p1a: Necrozma|Necrozma-Dusk-Mane|100/100
|-damage|p1a: Necrozma|95/100|[from] Stealth Rock
|turn|19
|
|t:|1606379946
|switch|p2a: Corsola|Corsola-Galar, M|94/100 brn
|detailschange|p1a: Necrozma|Necrozma-Ultra
|-burst|p1a: Necrozma|Necrozma|Ultranecrozium Z
|move|p1a: Necrozma|Photon Geyser|p2a: Corsola
|-damage|p2a: Corsola|56/100 brn
|
|-damage|p2a: Corsola|50/100 brn|[from] brn
|upkeep
|turn|20
|
|t:|1606379963
|move|p1a: Necrozma|Photon Geyser|p2a: Corsola
|-damage|p2a: Corsola|9/100 brn
|move|p2a: Corsola|Strength Sap|p1a: Necrozma
|-unboost|p1a: Necrozma|atk|1
|-heal|p2a: Corsola|100/100 brn
|
|-damage|p2a: Corsola|94/100 brn|[from] brn
|upkeep
|turn|21
|
|t:|1606379983
|move|p1a: Necrozma|Autotomize|p1a: Necrozma
|-boost|p1a: Necrozma|spe|2
|-start|p1a: Necrozma|Autotomize
|move|p2a: Corsola|Will-O-Wisp|p1a: Necrozma
|-status|p1a: Necrozma|brn
|
|-damage|p1a: Necrozma|89/100 brn|[from] brn
|-damage|p2a: Corsola|88/100 brn|[from] brn
|upkeep
|turn|22
|
|t:|1606379996
|move|p1a: Necrozma|Gyro Ball|p2a: Corsola
|-damage|p2a: Corsola|88/100 brn
|move|p2a: Corsola|Strength Sap|p1a: Necrozma
|-unboost|p1a: Necrozma|atk|1
|-heal|p2a: Corsola|100/100 brn
|
|-damage|p1a: Necrozma|83/100 brn|[from] brn
|-damage|p2a: Corsola|94/100 brn|[from] brn
|upkeep
|turn|23
|
|t:|1606380005
|move|p1a: Necrozma|Photon Geyser|p2a: Corsola
|-damage|p2a: Corsola|56/100 brn
|move|p2a: Corsola|Night Shade|p1a: Necrozma
|-damage|p1a: Necrozma|53/100 brn
|
|-damage|p1a: Necrozma|47/100 brn|[from] brn
|-damage|p2a: Corsola|50/100 brn|[from] brn
|upkeep
|turn|24
|
|t:|1606380018
|move|p1a: Necrozma|Photon Geyser|p2a: Corsola
|-damage|p2a: Corsola|15/100 brn
|move|p2a: Corsola|Strength Sap|p1a: Necrozma
|-unboost|p1a: Necrozma|atk|1
|-heal|p2a: Corsola|98/100 brn
|
|-damage|p1a: Necrozma|41/100 brn|[from] brn
|-damage|p2a: Corsola|92/100 brn|[from] brn
|upkeep
|turn|25
|-message|NOMAAN Hussain forfeited.
|
|win|2miko
|l|☆NOMAAN Hussain
|raw|NOMAAN Hussain's rating: 1032 &rarr; <strong>1019</strong><br />(-13 for losing)
|raw|2miko's rating: 1064 &rarr; <strong>1092</strong><br />(+28 for winning)
