|j|☆Voxxod
|j|☆Ronron0901
|t:|1665502029
|gametype|singles
|player|p1|Voxxod|leon|1401
|player|p2|Ronron0901|lucas|1496
|teamsize|p1|6
|teamsize|p2|6
|gen|8
|tier|[Gen 8] National Dex AG
|rated|
|rule|HP Percentage Mod: HP is shown in percentages
|rule|Endless Battle Clause: Forcing endless battles is banned
|clearpoke
|poke|p1|Charizard, M|
|poke|p1|Chansey, F|
|poke|p1|Corviknight, F|
|poke|p1|Sandaconda, F|
|poke|p1|Gyarados, M|
|poke|p1|Dracozolt|
|poke|p2|Cinderace, F|
|poke|p2|Ferrothorn, F|
|poke|p2|Toxapex, M|
|poke|p2|Landorus-Therian, M|
|poke|p2|Zacian-*|
|poke|p2|Dracovish|
|teampreview
|
|t:|1665502074
|start
|switch|p1a: Charizard|Charizard, M|100/100
|switch|p2a: Landorus|Landorus-Therian, M|100/100
|-ability|p2a: Landorus|Intimidate|boost
|-unboost|p1a: Charizard|atk|1
|turn|1
|
|t:|1665502098
|-start|p1a: Charizard|Dynamax|
|-heal|p1a: Charizard|100/100|[silent]
|-start|p2a: Landorus|Dynamax|
|-heal|p2a: Landorus|100/100|[silent]
|move|p1a: Charizard|Max Airstream|p2a: Landorus
|-damage|p2a: Landorus|62/100
|-boost|p1a: Charizard|spe|1
|move|p2a: Landorus|Max Airstream|p1a: Charizard
|-damage|p1a: Charizard|45/100
|-boost|p2a: Landorus|spe|1
|
|upkeep
|turn|2
|
|t:|1665502119
|move|p1a: Charizard|Max Flare|p2a: Landorus
|-damage|p2a: Landorus|24/100
|-weather|SunnyDay
|move|p2a: Landorus|Max Rockfall|p1a: Charizard
|-supereffective|p1a: Charizard
|-damage|p1a: Charizard|0 fnt
|-weather|Sandstorm
|faint|p1a: Charizard
|
|-weather|Sandstorm|[upkeep]
|upkeep
|
|t:|1665502139
|switch|p1a: Chansey|Chansey, F|100/100
|turn|3
|inactive|Battle timer is ON: inactive players will automatically lose when time's up. (requested by Ronron0901)
|
|t:|1665502168
|move|p2a: Landorus|Max Quake|p1a: Chansey
|-damage|p1a: Chansey|50/100
|-boost|p2a: Landorus|spd|1
|move|p1a: Chansey|Seismic Toss|p2a: Landorus
|-damage|p2a: Landorus|8/100
|
|-weather|Sandstorm|[upkeep]
|-damage|p1a: Chansey|44/100|[from] Sandstorm
|upkeep
|-end|p2a: Landorus|Dynamax
|-heal|p2a: Landorus|8/100|[silent]
|turn|4
|
|t:|1665502184
|move|p2a: Landorus|Earthquake|p1a: Chansey
|-damage|p1a: Chansey|8/100
|move|p1a: Chansey|Soft-Boiled|p1a: Chansey
|-heal|p1a: Chansey|59/100
|
|-weather|Sandstorm|[upkeep]
|-damage|p1a: Chansey|52/100|[from] Sandstorm
|upkeep
|turn|5
|
|t:|1665502193
|move|p2a: Landorus|Earthquake|p1a: Chansey
|-damage|p1a: Chansey|18/100
|move|p1a: Chansey|Seismic Toss|p2a: Landorus
|-damage|p2a: Landorus|0 fnt
|faint|p2a: Landorus
|
|-weather|Sandstorm|[upkeep]
|-damage|p1a: Chansey|12/100|[from] Sandstorm
|upkeep
|
|t:|1665502206
|switch|p2a: Zacian|Zacian-Crowned|100/100
|-ability|p2a: Zacian|Intrepid Sword|boost
|-boost|p2a: Zacian|atk|1
|turn|6
|
|t:|1665502222
|move|p2a: Zacian|Sacred Sword|p1a: Chansey
|-supereffective|p1a: Chansey
|-crit|p1a: Chansey
|-damage|p1a: Chansey|0 fnt
|faint|p1a: Chansey
|
|-weather|none
|upkeep
|
|t:|1665502239
|switch|p1a: Sandaconda|Sandaconda, F|100/100
|turn|7
|
|t:|1665502246
|switch|p2a: Ferrothorn|Ferrothorn, F|100/100
|move|p1a: Sandaconda|Coil|p1a: Sandaconda
|-boost|p1a: Sandaconda|atk|1
|-boost|p1a: Sandaconda|def|1
|-boost|p1a: Sandaconda|accuracy|1
|
|upkeep
|turn|8
|
|t:|1665502255
|move|p1a: Sandaconda|Coil|p1a: Sandaconda
|-boost|p1a: Sandaconda|atk|1
|-boost|p1a: Sandaconda|def|1
|-boost|p1a: Sandaconda|accuracy|1
|move|p2a: Ferrothorn|Stealth Rock|p1a: Sandaconda
|-sidestart|p1: Voxxod|move: Stealth Rock
|
|upkeep
|turn|9
|
|t:|1665502262
|move|p1a: Sandaconda|Coil|p1a: Sandaconda
|-boost|p1a: Sandaconda|atk|1
|-boost|p1a: Sandaconda|def|1
|-boost|p1a: Sandaconda|accuracy|1
|move|p2a: Ferrothorn|Leech Seed|p1a: Sandaconda
|-start|p1a: Sandaconda|move: Leech Seed
|
|-damage|p1a: Sandaconda|88/100|[from] Leech Seed|[of] p2a: Ferrothorn
|upkeep
|turn|10
|
|t:|1665502271
|move|p1a: Sandaconda|Coil|p1a: Sandaconda
|-boost|p1a: Sandaconda|atk|1
|-boost|p1a: Sandaconda|def|1
|-boost|p1a: Sandaconda|accuracy|1
|move|p2a: Ferrothorn|Gyro Ball|p1a: Sandaconda
|-damage|p1a: Sandaconda|79/100
|-weather|Sandstorm|[from] ability: Sand Spit|[of] p1a: Sandaconda
|
|-weather|Sandstorm|[upkeep]
|-damage|p1a: Sandaconda|66/100|[from] Leech Seed|[of] p2a: Ferrothorn
|upkeep
|turn|11
|
|t:|1665502281
|move|p1a: Sandaconda|Earthquake|p2a: Ferrothorn
|-damage|p2a: Ferrothorn|0 fnt
|faint|p2a: Ferrothorn
|
|-weather|Sandstorm|[upkeep]
|upkeep
|
|t:|1665502288
|switch|p2a: Zacian|Zacian-Crowned|100/100
|-ability|p2a: Zacian|Intrepid Sword|boost
|-boost|p2a: Zacian|atk|1
|turn|12
|
|t:|1665502293
|move|p2a: Zacian|Sacred Sword|p1a: Sandaconda
|-damage|p1a: Sandaconda|24/100
|move|p1a: Sandaconda|Earthquake|p2a: Zacian
|-supereffective|p2a: Zacian
|-damage|p2a: Zacian|0 fnt
|faint|p2a: Zacian
|
|-weather|Sandstorm|[upkeep]
|upkeep
|
|t:|1665502306
|switch|p2a: Cinderace|Cinderace, F|100/100
|turn|13
|
|t:|1665502311
|move|p2a: Cinderace|High Jump Kick|p1a: Sandaconda
|-start|p2a: Cinderace|typechange|Fighting|[from] ability: Libero
|-damage|p1a: Sandaconda|9/100
|move|p1a: Sandaconda|Rest|p1a: Sandaconda
|-status|p1a: Sandaconda|slp|[from] move: Rest
|-heal|p1a: Sandaconda|100/100 slp|[silent]
|-enditem|p1a: Sandaconda|Chesto Berry|[eat]
|-curestatus|p1a: Sandaconda|slp|[msg]
|
|-weather|Sandstorm|[upkeep]
|-damage|p2a: Cinderace|94/100|[from] Sandstorm
|-damage|p1a: Sandaconda|88/100|[from] Leech Seed|[of] p2a: Cinderace
|-heal|p2a: Cinderace|100/100|[silent]
|upkeep
|turn|14
|
|t:|1665502326
|move|p2a: Cinderace|Bounce||[still]
|-prepare|p2a: Cinderace|Bounce
|-start|p2a: Cinderace|typechange|Flying|[from] ability: Libero
|move|p1a: Sandaconda|Earthquake|p2a: Cinderace|[miss]
|-miss|p1a: Sandaconda|p2a: Cinderace
|
|-weather|none
|-damage|p1a: Sandaconda|76/100|[from] Leech Seed|[of] p2a: Cinderace
|upkeep
|turn|15
|
|t:|1665502335
|move|p2a: Cinderace|Bounce|p1a: Sandaconda|[from]lockedmove
|-damage|p1a: Sandaconda|66/100
|-weather|Sandstorm|[from] ability: Sand Spit|[of] p1a: Sandaconda
|move|p1a: Sandaconda|Stone Edge|p2a: Cinderace
|-supereffective|p2a: Cinderace
|-enditem|p2a: Cinderace|Focus Sash
|-damage|p2a: Cinderace|1/100
|
|-weather|Sandstorm|[upkeep]
|-damage|p2a: Cinderace|0 fnt|[from] Sandstorm
|faint|p2a: Cinderace
|upkeep
|
|t:|1665502348
|switch|p2a: Dracovish|Dracovish|100/100
|turn|16
|
|t:|1665502354
|move|p2a: Dracovish|Fishious Rend|p1a: Sandaconda
|-supereffective|p1a: Sandaconda
|-damage|p1a: Sandaconda|27/100
|move|p1a: Sandaconda|Earthquake|p2a: Dracovish
|-enditem|p2a: Dracovish|Focus Sash
|-damage|p2a: Dracovish|1/100
|
|-weather|Sandstorm|[upkeep]
|-damage|p2a: Dracovish|0 fnt|[from] Sandstorm
|faint|p2a: Dracovish
|upkeep
|inactive|Ronron0901 has 120 seconds left.
|inactive|Ronron0901 has 90 seconds left.
|inactive|Ronron0901 has 60 seconds left.
|inactive|Ronron0901 has 30 seconds left.
|inactive|Ronron0901 has 20 seconds left.
|inactive|Ronron0901 has 15 seconds left.
|inactive|Ronron0901 has 10 seconds left.
|inactive|Ronron0901 has 5 seconds left.
|-message|Ronron0901 lost due to inactivity.
|
|win|Voxxod
|raw|Voxxod's rating: 1401 &rarr; <strong>1426</strong><br />(+25 for winning)
|raw|Ronron0901's rating: 1496 &rarr; <strong>1471</strong><br />(-25 for losing)
