|j|☆IForfeitOnDittos
|j|☆garnetandblack
|t:|1662774261
|gametype|singles
|player|p1|IForfeitOnDittos|hiker|1245
|player|p2|garnetandblack|169|1312
|teamsize|p1|6
|teamsize|p2|6
|gen|8
|tier|[Gen 8] National Dex AG
|rated|
|rule|HP Percentage Mod: HP is shown in percentages
|rule|Endless Battle Clause: Forcing endless battles is banned
|clearpoke
|poke|p1|Bonsly, L1, F|
|poke|p1|Liepard, M|
|poke|p1|Skarmory, L1, M|
|poke|p1|Indeedee-F, L1, F|
|poke|p1|Hippopotas, L1, M|
|poke|p1|Giratina, L1|
|poke|p2|Incineroar, M|
|poke|p2|Decidueye, M|
|poke|p2|Primarina, M|
|poke|p2|Toxapex, M|
|poke|p2|Tapu Koko|
|poke|p2|Raichu-Alola, M|
|teampreview
|inactive|Battle timer is ON: inactive players will automatically lose when time's up. (requested by IForfeitOnDittos)
|
|t:|1662774278
|start
|switch|p1a: Bonsly|Bonsly, L1, F|100/100
|switch|p2a: Toxapex|Toxapex, M|100/100
|turn|1
|
|t:|1662774284
|switch|p1a: Indeedee|Indeedee-F, L1, F|100/100
|-fieldstart|move: Psychic Terrain|[from] ability: Psychic Surge|[of] p1a: Indeedee
|move|p2a: Toxapex|Baneful Bunker||[still]
|-fail|p2a: Toxapex
|
|upkeep
|turn|2
|
|t:|1662774288
|move|p2a: Toxapex|Scald|p1a: Indeedee
|-damage|p1a: Indeedee|0 fnt
|faint|p1a: Indeedee
|
|upkeep
|
|t:|1662774290
|switch|p1a: Bonsly|Bonsly, L1, F|100/100
|turn|3
|
|t:|1662774293
|move|p2a: Toxapex|Baneful Bunker|p2a: Toxapex
|-singleturn|p2a: Toxapex|move: Protect
|move|p1a: Bonsly|Dig||[still]
|-prepare|p1a: Bonsly|Dig
|
|-damage|p1a: Bonsly|92/100|[from] item: Sticky Barb
|upkeep
|turn|4
|
|t:|1662774296
|move|p2a: Toxapex|Scald|p1a: Bonsly|[miss]
|-miss|p2a: Toxapex|p1a: Bonsly
|move|p1a: Bonsly|Dig|p2a: Toxapex|[from]lockedmove
|-supereffective|p2a: Toxapex
|-damage|p2a: Toxapex|99/100
|
|-heal|p2a: Toxapex|100/100|[from] item: Black Sludge
|-damage|p1a: Bonsly|84/100|[from] item: Sticky Barb
|upkeep
|turn|5
|
|t:|1662774299
|move|p2a: Toxapex|Scald|p1a: Bonsly
|-supereffective|p1a: Bonsly
|-damage|p1a: Bonsly|0 fnt
|faint|p1a: Bonsly
|
|upkeep
|-message|IForfeitOnDittos forfeited.
|
|win|garnetandblack
|raw|IForfeitOnDittos's rating: 1245 &rarr; <strong>1225</strong><br />(-20 for losing)
|raw|garnetandblack's rating: 1312 &rarr; <strong>1328</strong><br />(+16 for winning)
|l|☆IForfeitOnDittos
