|j|☆gamethon
|j|☆Cringe'ntMan
|t:|1668527287
|gametype|singles
|player|p1|gamethon|cress|1370
|player|p2|Cringe'ntMan|policeman|1468
|teamsize|p1|6
|teamsize|p2|6
|gen|8
|tier|[Gen 8] National Dex AG
|rated|
|rule|HP Percentage Mod: HP is shown in percentages
|rule|Endless Battle Clause: Forcing endless battles is banned
|clearpoke
|poke|p1|Gliscor, F|
|poke|p1|Galvantula, M|
|poke|p1|Marshadow|
|poke|p1|Nihilego|
|poke|p1|Weavile, F|
|poke|p1|Tapu Fini|
|poke|p2|Tyranitar, M|
|poke|p2|Garchomp, M|
|poke|p2|Excadrill, M|
|poke|p2|Kommo-o, F|
|poke|p2|Pidgeot, F|
|poke|p2|Nihilego|
|teampreview
|
|t:|1668527293
|start
|switch|p1a: Galvantula|Galvantula, M, shiny|100/100
|switch|p2a: Tyranitar|Tyranitar, M|100/100
|-weather|Sandstorm|[from] ability: Sand Stream|[of] p2a: Tyranitar
|turn|1
|
|t:|1668527304
|move|p1a: Galvantula|Sticky Web|p2a: Tyranitar
|-sidestart|p2: Cringe'ntMan|move: Sticky Web
|move|p2a: Tyranitar|Stealth Rock|p1a: Galvantula
|-sidestart|p1: gamethon|move: Stealth Rock
|
|-weather|Sandstorm|[upkeep]
|-damage|p1a: Galvantula|94/100|[from] Sandstorm
|upkeep
|turn|2
|
|t:|1668527322
|move|p1a: Galvantula|Thunder|p2a: Tyranitar
|-damage|p2a: Tyranitar|73/100
|move|p2a: Tyranitar|Crunch|p1a: Galvantula
|-damage|p1a: Galvantula|3/100
|
|-weather|Sandstorm|[upkeep]
|-damage|p1a: Galvantula|0 fnt|[from] Sandstorm
|faint|p1a: Galvantula
|upkeep
|
|t:|1668527342
|switch|p1a: Tapu Fini|Tapu Fini|100/100
|-damage|p1a: Tapu Fini|88/100|[from] Stealth Rock
|-fieldstart|move: Misty Terrain|[from] ability: Misty Surge|[of] p1a: Tapu Fini
|turn|3
|c|☆Cringe'ntMan|I don't have any ark evs
|c|☆Cringe'ntMan|That's one frail spider
|
|t:|1668527357
|move|p1a: Tapu Fini|Hydro Pump|p2a: Tyranitar
|-supereffective|p2a: Tyranitar
|-damage|p2a: Tyranitar|28/100
|move|p2a: Tyranitar|Thunder Wave|p1a: Tapu Fini
|-activate|p1a: Tapu Fini|move: Misty Terrain
|
|-weather|Sandstorm|[upkeep]
|-damage|p1a: Tapu Fini|82/100|[from] Sandstorm
|upkeep
|turn|4
|c|☆gamethon|certainly
|
|t:|1668527373
|move|p1a: Tapu Fini|Dazzling Gleam|p2a: Tyranitar
|-supereffective|p2a: Tyranitar
|-damage|p2a: Tyranitar|0 fnt
|faint|p2a: Tyranitar
|
|-weather|Sandstorm|[upkeep]
|-damage|p1a: Tapu Fini|76/100|[from] Sandstorm
|upkeep
|
|t:|1668527376
|switch|p2a: Excadrill|Excadrill, M|100/100
|-item|p2a: Excadrill|Air Balloon
|turn|5
|
|t:|1668527386
|-start|p1a: Tapu Fini|Dynamax|
|-heal|p1a: Tapu Fini|76/100|[silent]
|move|p2a: Excadrill|Rapid Spin|p1a: Tapu Fini
|-damage|p1a: Tapu Fini|68/100
|-boost|p2a: Excadrill|spe|1
|-sideend|p2: Cringe'ntMan|Sticky Web|[from] move: Rapid Spin|[of] p2a: Excadrill
|move|p1a: Tapu Fini|Max Geyser|p2a: Excadrill
|-supereffective|p2a: Excadrill
|-damage|p2a: Excadrill|0 fnt
|-weather|RainDance
|-enditem|p2a: Excadrill|Air Balloon
|faint|p2a: Excadrill
|
|-weather|RainDance|[upkeep]
|upkeep
|
|t:|1668527400
|switch|p2a: Nihilego|Nihilego|100/100
|turn|6
|c|☆gamethon|no sand rush for you
|c|☆Cringe'ntMan|Didn't need it
|c|☆gamethon|:(
|
|t:|1668527420
|-start|p2a: Nihilego|Dynamax|
|-heal|p2a: Nihilego|100/100|[silent]
|move|p2a: Nihilego|Max Ooze|p1a: Tapu Fini
|-supereffective|p1a: Tapu Fini
|-damage|p1a: Tapu Fini|36/100
|-boost|p2a: Nihilego|spa|1
|move|p1a: Tapu Fini|Max Geyser|p2a: Nihilego
|-supereffective|p2a: Nihilego
|-damage|p2a: Nihilego|39/100
|
|-weather|RainDance|[upkeep]
|upkeep
|turn|7
|
|t:|1668527439
|-end|p1a: Tapu Fini|Dynamax
|-heal|p1a: Tapu Fini|36/100|[silent]
|switch|p1a: Gliscor|Gliscor, F, shiny|100/100
|-damage|p1a: Gliscor|88/100|[from] Stealth Rock
|move|p2a: Nihilego|Max Ooze|p1a: Gliscor
|-resisted|p1a: Gliscor
|-damage|p1a: Gliscor|39/100
|-boost|p2a: Nihilego|spa|1
|
|-weather|RainDance|[upkeep]
|-fieldend|Misty Terrain
|-status|p1a: Gliscor|tox|[from] item: Toxic Orb
|upkeep
|turn|8
|c|☆Cringe'ntMan|Ok but x2 SPD woulda been handy
|
|t:|1668527453
|move|p2a: Nihilego|Max Rockfall|p1a: Gliscor
|-damage|p1a: Gliscor|0 fnt
|-weather|Sandstorm
|faint|p1a: Gliscor
|-ability|p2a: Nihilego|Beast Boost|boost
|-boost|p2a: Nihilego|spa|1
|
|-weather|Sandstorm|[upkeep]
|upkeep
|c|☆Cringe'ntMan|So I'll get it hope you don't mind
|
|t:|1668527472
|switch|p1a: Marshadow|Marshadow|100/100
|-damage|p1a: Marshadow|94/100|[from] Stealth Rock
|-end|p2a: Nihilego|Dynamax
|-heal|p2a: Nihilego|39/100|[silent]
|turn|9
|
|t:|1668527489
|move|p2a: Nihilego|Power Gem|p1a: Marshadow
|-resisted|p1a: Marshadow
|-crit|p1a: Marshadow
|-damage|p1a: Marshadow|0 fnt
|faint|p1a: Marshadow
|-ability|p2a: Nihilego|Beast Boost|boost
|-boost|p2a: Nihilego|spa|1
|
|-weather|Sandstorm|[upkeep]
|upkeep
|
|t:|1668527500
|switch|p1a: Weavile|Weavile, F, shiny|100/100
|-damage|p1a: Weavile|76/100|[from] Stealth Rock
|-ability|p1a: Weavile|Pressure
|turn|10
|c|☆Cringe'ntMan|I think this is gg
|c|☆gamethon|I am certain
|
|t:|1668527516
|move|p1a: Weavile|Fake Out|p2a: Nihilego
|-resisted|p2a: Nihilego
|-damage|p2a: Nihilego|28/100
|cant|p2a: Nihilego|flinch
|
|-weather|Sandstorm|[upkeep]
|-damage|p1a: Weavile|70/100|[from] Sandstorm
|upkeep
|turn|11
|
|t:|1668527522
|move|p2a: Nihilego|Power Gem|p1a: Weavile
|-supereffective|p1a: Weavile
|-damage|p1a: Weavile|0 fnt
|faint|p1a: Weavile
|-ability|p2a: Nihilego|Beast Boost|boost
|-boost|p2a: Nihilego|spa|1
|
|-weather|Sandstorm|[upkeep]
|upkeep
|c|☆gamethon|yeah ggs
|
|t:|1668527529
|switch|p1a: Nihilego|Nihilego|100/100
|-damage|p1a: Nihilego|88/100|[from] Stealth Rock
|turn|12
|
|t:|1668527532
|move|p2a: Nihilego|Power Gem|p1a: Nihilego
|-damage|p1a: Nihilego|14/100
|move|p1a: Nihilego|Meteor Beam||[still]
|-prepare|p1a: Nihilego|Meteor Beam
|-boost|p1a: Nihilego|spa|1
|-enditem|p1a: Nihilego|Power Herb
|-anim|p1a: Nihilego|Meteor Beam|p2a: Nihilego|[miss]
|-miss|p1a: Nihilego|p2a: Nihilego
|
|-weather|none
|upkeep
|turn|13
|c|☆gamethon|bro
|c|☆Cringe'ntMan|RIP
|
|t:|1668527549
|move|p2a: Nihilego|Power Gem|p1a: Nihilego
|-damage|p1a: Nihilego|0 fnt
|faint|p1a: Nihilego
|-ability|p2a: Nihilego|Beast Boost|boost
|-boost|p2a: Nihilego|spa|1
|
|upkeep
|-message|gamethon forfeited.
|
|win|Cringe'ntMan
|raw|gamethon's rating: 1370 &rarr; <strong>1355</strong><br />(-15 for losing)
|raw|Cringe&apos;ntMan's rating: 1468 &rarr; <strong>1483</strong><br />(+15 for winning)
|l|☆gamethon
||Ladder isn't responding, score probably updated but might not have (Request timeout).
