|j|☆RC_DA
|j|☆Naofumi_Bakugo_Jax
|t:|1662770120
|gametype|singles
|player|p1|RC_DA|wallace|1477
|player|p2|Naofumi_Bakugo_Jax|blue|1595
|teamsize|p1|6
|teamsize|p2|6
|gen|8
|tier|[Gen 8] National Dex AG
|rated|
|rule|HP Percentage Mod: HP is shown in percentages
|rule|Endless Battle Clause: Forcing endless battles is banned
|clearpoke
|poke|p1|Flygon, F|
|poke|p1|Banette, F|
|poke|p1|Scizor, F|
|poke|p1|Azelf|
|poke|p1|Lugia|
|poke|p1|Regieleki|
|poke|p2|Zacian-*|
|poke|p2|Calyrex-Shadow|
|poke|p2|Yveltal|
|poke|p2|Arceus-*|
|poke|p2|Swampert, F|
|poke|p2|Kyogre|
|teampreview
|
|t:|1662770139
|start
|switch|p1a: Flygon|Flygon, F|100/100
|switch|p2a: Swampert|Swampert, F|100/100
|turn|1
|
|t:|1662770153
|detailschange|p2a: Swampert|Swampert-Mega, F
|-mega|p2a: Swampert|Swampert|Swampertite
|move|p1a: Flygon|U-turn|p2a: Swampert
|-damage|p2a: Swampert|81/100
|
|t:|1662770157
|switch|p1a: Azelf|Azelf|100/100|[from]move: U-turn
|move|p2a: Swampert|Liquidation|p1a: Azelf
|-damage|p1a: Azelf|11/100
|
|upkeep
|turn|2
|
|t:|1662770172
|move|p1a: Azelf|Explosion|p2a: Swampert
|-damage|p2a: Swampert|0 fnt
|faint|p1a: Azelf
|faint|p2a: Swampert
|
|upkeep
|
|t:|1662770181
|switch|p1a: Flygon|Flygon, F|100/100
|switch|p2a: Arceus|Arceus|100/100
|turn|3
|
|t:|1662770189
|move|p1a: Flygon|U-turn|p2a: Arceus
|-damage|p2a: Arceus|86/100
|
|t:|1662770192
|switch|p1a: Scizor|Scizor, F|100/100|[from]move: U-turn
|move|p2a: Arceus|Tailwind|p2a: Arceus
|-sidestart|p2: Naofumi_Bakugo_Jax|move: Tailwind
|
|upkeep
|turn|4
|
|t:|1662770201
|move|p2a: Arceus|Reflect|p2a: Arceus
|-sidestart|p2: Naofumi_Bakugo_Jax|Reflect
|move|p1a: Scizor|Swords Dance|p1a: Scizor
|-boost|p1a: Scizor|atk|2
|
|upkeep
|turn|5
|
|t:|1662770209
|move|p2a: Arceus|Perish Song|p2a: Arceus
|-start|p1a: Scizor|perish3|[silent]
|-start|p2a: Arceus|perish3|[silent]
|-fieldactivate|move: Perish Song
|move|p1a: Scizor|Bug Bite|p2a: Arceus
|-damage|p2a: Arceus|54/100
|
|-start|p2a: Arceus|perish3
|-start|p1a: Scizor|perish3
|upkeep
|turn|6
|
|t:|1662770216
|switch|p2a: Kyogre|Kyogre|100/100
|-weather|RainDance|[from] ability: Drizzle|[of] p2a: Kyogre
|move|p1a: Scizor|Bug Bite|p2a: Kyogre
|-damage|p2a: Kyogre|48/100
|
|-weather|RainDance|[upkeep]
|-start|p1a: Scizor|perish2
|-sideend|p2: Naofumi_Bakugo_Jax|move: Tailwind
|upkeep
|turn|7
|
|t:|1662770228
|move|p1a: Scizor|Bullet Punch|p2a: Kyogre
|-resisted|p2a: Kyogre
|-damage|p2a: Kyogre|30/100
|move|p2a: Kyogre|Block|p1a: Scizor
|-activate|p1a: Scizor|trapped
|
|-weather|RainDance|[upkeep]
|-start|p1a: Scizor|perish1
|upkeep
|turn|8
|
|t:|1662770244
|-start|p2a: Kyogre|Dynamax|
|-heal|p2a: Kyogre|30/100|[silent]
|move|p2a: Kyogre|Max Guard|p2a: Kyogre
|-singleturn|p2a: Kyogre|Max Guard
|move|p1a: Scizor|Bug Bite|p2a: Kyogre
|-activate|p2a: Kyogre|move: Max Guard
|
|-weather|RainDance|[upkeep]
|-start|p1a: Scizor|perish0
|faint|p1a: Scizor
|upkeep
|
|t:|1662770255
|switch|p1a: Regieleki|Regieleki|100/100
|turn|9
|
|t:|1662770281
|-end|p2a: Kyogre|Dynamax
|-heal|p2a: Kyogre|30/100|[silent]
|switch|p2a: Arceus|Arceus|54/100
|-start|p1a: Regieleki|Dynamax|
|-heal|p1a: Regieleki|100/100|[silent]
|move|p1a: Regieleki|Max Lightning|p2a: Arceus
|-damage|p2a: Arceus|0 fnt
|-fieldstart|move: Electric Terrain
|faint|p2a: Arceus
|
|-weather|RainDance|[upkeep]
|upkeep
|
|t:|1662770312
|switch|p2a: Zacian|Zacian-Crowned|100/100
|-ability|p2a: Zacian|Intrepid Sword|boost
|-boost|p2a: Zacian|atk|1
|turn|10
|
|t:|1662770316
|move|p1a: Regieleki|Max Lightning|p2a: Zacian
|-damage|p2a: Zacian|0 fnt
|faint|p2a: Zacian
|
|-weather|none
|upkeep
|
|t:|1662770325
|switch|p2a: Calyrex|Calyrex-Shadow|100/100
|-ability|p2a: Calyrex|As One
|-ability|p2a: Calyrex|Unnerve
|turn|11
|
|t:|1662770332
|move|p1a: Regieleki|Max Lightning|p2a: Calyrex
|-enditem|p2a: Calyrex|Focus Sash
|-damage|p2a: Calyrex|1/100
|move|p2a: Calyrex|Astral Barrage|p1a: Regieleki
|-damage|p1a: Regieleki|24/100
|
|-sideend|p2: Naofumi_Bakugo_Jax|Reflect
|upkeep
|-end|p1a: Regieleki|Dynamax
|-heal|p1a: Regieleki|24/100|[silent]
|turn|12
|
|t:|1662770340
|switch|p2a: Yveltal|Yveltal, shiny|100/100
|-ability|p2a: Yveltal|Dark Aura
|move|p1a: Regieleki|Rising Voltage|p2a: Yveltal
|-supereffective|p2a: Yveltal
|-damage|p2a: Yveltal|0 fnt
|faint|p2a: Yveltal
|
|upkeep
|-message|Naofumi_Bakugo_Jax forfeited.
|
|win|RC_DA
|raw|RC_DA's rating: 1477 &rarr; <strong>1504</strong><br />(+27 for winning)
|raw|Naofumi_Bakugo_Jax's rating: 1595 &rarr; <strong>1568</strong><br />(-27 for losing)
|l|☆Naofumi_Bakugo_Jax
