|j|☆DJ Phoenix da Poet
|j|☆Nobodi_Nowan
|t:|1668501259
|gametype|singles
|player|p1|DJ Phoenix da Poet|hilbert|1718
|player|p2|Nobodi_Nowan|akari|1877
|teamsize|p1|6
|teamsize|p2|6
|gen|8
|tier|[Gen 8] National Dex AG
|rated|
|rule|HP Percentage Mod: HP is shown in percentages
|rule|Endless Battle Clause: Forcing endless battles is banned
|clearpoke
|poke|p1|Groudon|
|poke|p1|Yveltal|
|poke|p1|Calyrex-Shadow|
|poke|p1|Necrozma-Dusk-Mane|
|poke|p1|Ditto|
|poke|p1|Zacian-*|
|poke|p2|Forretress, M|
|poke|p2|Arceus-*|
|poke|p2|Kyogre|
|poke|p2|Calyrex-Shadow|
|poke|p2|Zacian-*|
|poke|p2|Rayquaza|
|teampreview
|
|t:|1668501266
|start
|switch|p1a: Yveltal|Yveltal|100/100
|switch|p2a: Rayquaza|Rayquaza|100/100
|-ability|p1a: Yveltal|Dark Aura
|-ability|p2a: Rayquaza|Air Lock
|turn|1
|
|t:|1668501273
|detailschange|p2a: Rayquaza|Rayquaza-Mega
|-mega|p2a: Rayquaza|Rayquaza|
|-weather|DeltaStream|[from] ability: Delta Stream|[of] p2a: Rayquaza
|move|p2a: Rayquaza|Dragon Ascent|p1a: Yveltal
|-damage|p1a: Yveltal|14/100
|-unboost|p2a: Rayquaza|def|1
|-unboost|p2a: Rayquaza|spd|1
|move|p1a: Yveltal|Dark Pulse|p2a: Rayquaza
|-damage|p2a: Rayquaza|0 fnt
|faint|p2a: Rayquaza
|-weather|none
|-damage|p1a: Yveltal|5/100|[from] item: Life Orb
|
|upkeep
|
|t:|1668501288
|switch|p2a: Arceus|Arceus|100/100
|turn|2
|
|t:|1668501294
|move|p2a: Arceus|Extreme Speed|p1a: Yveltal
|-damage|p1a: Yveltal|0 fnt
|faint|p1a: Yveltal
|
|upkeep
|
|t:|1668501296
|switch|p1a: Necrozma|Necrozma-Dusk-Mane|100/100
|turn|3
|
|t:|1668501301
|switch|p2a: Forretress|Forretress, M|100/100
|move|p1a: Necrozma|Thunder Wave|p2a: Forretress|[miss]
|-miss|p1a: Necrozma|p2a: Forretress
|
|upkeep
|turn|4
|
|t:|1668501311
|switch|p1a: Ditto|Ditto|100/100
|-transform|p1a: Ditto|p2a: Forretress|[from] ability: Imposter
|move|p2a: Forretress|Stealth Rock|p1a: Ditto
|-sidestart|p1: DJ Phoenix da Poet|move: Stealth Rock
|
|upkeep
|turn|5
|
|t:|1668501318
|move|p1a: Ditto|Rapid Spin|p2a: Forretress
|-resisted|p2a: Forretress
|-damage|p2a: Forretress|98/100
|-boost|p1a: Ditto|spe|1
|-sideend|p1: DJ Phoenix da Poet|Stealth Rock|[from] move: Rapid Spin|[of] p1a: Ditto
|move|p2a: Forretress|Rapid Spin|p1a: Ditto
|-resisted|p1a: Ditto
|-damage|p1a: Ditto|96/100
|-boost|p2a: Forretress|spe|1
|
|-heal|p2a: Forretress|100/100|[from] item: Leftovers
|upkeep
|turn|6
|
|t:|1668501327
|switch|p1a: Groudon|Groudon|100/100
|detailschange|p1a: Groudon|Groudon-Primal
|-primal|p1a: Groudon
|-weather|DesolateLand|[from] ability: Desolate Land|[of] p1a: Groudon
|move|p2a: Forretress|Stealth Rock|p1a: Groudon
|-sidestart|p1: DJ Phoenix da Poet|move: Stealth Rock
|
|-weather|DesolateLand|[upkeep]
|upkeep
|turn|7
|
|t:|1668501343
|switch|p2a: Kyogre|Kyogre|100/100
|detailschange|p2a: Kyogre|Kyogre-Primal
|-primal|p2a: Kyogre
|-weather|PrimordialSea|[from] ability: Primordial Sea|[of] p2a: Kyogre
|move|p1a: Groudon|Heat Crash||[still]
|-fail|p1a: Groudon|Heat Crash|[from] Primordial Sea
|
|-weather|PrimordialSea|[upkeep]
|upkeep
|turn|8
|
|t:|1668501354
|move|p1a: Groudon|Earthquake|p2a: Kyogre
|-crit|p2a: Kyogre
|-damage|p2a: Kyogre|0 fnt
|faint|p2a: Kyogre
|-weather|none
|
|upkeep
|
|t:|1668501360
|switch|p2a: Arceus|Arceus|100/100
|turn|9
|
|t:|1668501365
|move|p1a: Groudon|Earthquake|p2a: Arceus
|-damage|p2a: Arceus|53/100
|move|p2a: Arceus|Swords Dance|p2a: Arceus
|-boost|p2a: Arceus|atk|2
|
|upkeep
|turn|10
|
|t:|1668501370
|move|p1a: Groudon|Stone Edge|p2a: Arceus
|-damage|p2a: Arceus|23/100
|move|p2a: Arceus|Recover|p2a: Arceus
|-heal|p2a: Arceus|73/100
|
|upkeep
|turn|11
|
|t:|1668501376
|move|p2a: Arceus|Extreme Speed|p1a: Groudon
|-damage|p1a: Groudon|45/100
|move|p1a: Groudon|Earthquake|p2a: Arceus
|-damage|p2a: Arceus|29/100
|
|upkeep
|turn|12
|
|t:|1668501382
|move|p1a: Groudon|Earthquake|p2a: Arceus
|-damage|p2a: Arceus|0 fnt
|faint|p2a: Arceus
|
|upkeep
|
|t:|1668501386
|switch|p2a: Calyrex|Calyrex-Shadow|100/100
|-ability|p2a: Calyrex|As One
|-ability|p2a: Calyrex|Unnerve
|turn|13
|
|t:|1668501391
|move|p2a: Calyrex|Astral Barrage|p1a: Groudon
|-damage|p1a: Groudon|0 fnt
|faint|p1a: Groudon
|-ability|p2a: Calyrex|Grim Neigh|boost
|-boost|p2a: Calyrex|spa|1
|
|upkeep
|c|☆Nobodi_Nowan|im scarfed 2
|
|t:|1668501402
|switch|p1a: Ditto|Ditto|96/100
|-damage|p1a: Ditto|84/100|[from] Stealth Rock
|-transform|p1a: Ditto|p2a: Calyrex|[from] ability: Imposter
|turn|14
|
|t:|1668501407
|move|p1a: Ditto|Astral Barrage|p2a: Calyrex
|-supereffective|p2a: Calyrex
|-damage|p2a: Calyrex|0 fnt
|faint|p2a: Calyrex
|-ability|p1a: Ditto|Grim Neigh|boost
|-boost|p1a: Ditto|spa|1
|
|upkeep
|-message|Nobodi_Nowan forfeited.
|
|win|DJ Phoenix da Poet
|raw|DJ Phoenix da Poet's rating: 1718 &rarr; <strong>1747</strong><br />(+29 for winning)
|raw|Nobodi_Nowan's rating: 1877 &rarr; <strong>1848</strong><br />(-29 for losing)
|l|☆Nobodi_Nowan
