|j|☆TwentyTwan
|j|☆Team Shell
|t:|1604691739
|player|p1|TwentyTwan|170|
|player|p2|Team Shell|benga|
|teamsize|p1|6
|teamsize|p2|6
|gametype|singles
|gen|8
|tier|[Gen 8] National Dex AG
|clearpoke
|poke|p1|Corviknight, F|
|poke|p1|Cinderace, M|
|poke|p1|Diancie|
|poke|p1|Garchomp, M|
|poke|p1|Amoonguss, M|
|poke|p1|Cloyster, M|
|poke|p2|Tyranitar, M|
|poke|p2|Honchkrow, F|
|poke|p2|Dracovish|
|poke|p2|Gardevoir, F|
|poke|p2|Entei|
|poke|p2|Golem-Alola, M|
|rule|HP Percentage Mod: HP is shown in percentages
|rule|Endless Battle Clause: Forcing endless battles is banned
|teampreview
|j| Curseroy1990
|j| Aerialbanana
|j| piemelboer
|j| raiho_blackflame
|c| Aerialbanana|gl hf
|j| Zarbon's_Nut
|
|t:|1604691827
|start
|switch|p1a: Cloyster|Cloyster, M|100/100
|switch|p2a: Let me b Vish|Dracovish|100/100
|turn|1
|
|t:|1604691835
|move|p2a: Let me b Vish|Fishious Rend|p1a: Cloyster
|-resisted|p1a: Cloyster
|-damage|p1a: Cloyster|56/100
|move|p1a: Cloyster|Shell Smash|p1a: Cloyster
|-unboost|p1a: Cloyster|def|1
|-unboost|p1a: Cloyster|spd|1
|-boost|p1a: Cloyster|atk|2
|-boost|p1a: Cloyster|spa|2
|-boost|p1a: Cloyster|spe|2
|
|upkeep
|turn|2
|
|t:|1604691847
|move|p1a: Cloyster|Icicle Spear|p2a: Let me b Vish
|-damage|p2a: Let me b Vish|75/100
|-damage|p2a: Let me b Vish|50/100
|-damage|p2a: Let me b Vish|28/100
|-damage|p2a: Let me b Vish|3/100
|-damage|p2a: Let me b Vish|0 fnt
|-hitcount|p2a: Let me b Vish|5
|faint|p2a: Let me b Vish
|
|upkeep
|
|t:|1604691885
|switch|p2a: Fast Doggo|Entei, shiny|100/100
|-ability|p2a: Fast Doggo|Pressure
|turn|3
|
|t:|1604691897
|move|p2a: Fast Doggo|Extreme Speed|p1a: Cloyster
|-damage|p1a: Cloyster|23/100
|move|p1a: Cloyster|Rock Blast|p2a: Fast Doggo
|-supereffective|p2a: Fast Doggo
|-damage|p2a: Fast Doggo|72/100
|-supereffective|p2a: Fast Doggo
|-damage|p2a: Fast Doggo|45/100
|-supereffective|p2a: Fast Doggo
|-damage|p2a: Fast Doggo|19/100
|-supereffective|p2a: Fast Doggo
|-damage|p2a: Fast Doggo|0 fnt
|-hitcount|p2a: Fast Doggo|4
|faint|p2a: Fast Doggo
|
|upkeep
|
|t:|1604691930
|switch|p2a: Jolly Tyrant|Tyranitar, M|100/100
|-weather|Sandstorm|[from] ability: Sand Stream|[of] p2a: Jolly Tyrant
|turn|4
|
|t:|1604691939
|detailschange|p2a: Jolly Tyrant|Tyranitar-Mega, M
|-mega|p2a: Jolly Tyrant|Tyranitar|Tyranitarite
|move|p1a: Cloyster|Icicle Spear|p2a: Jolly Tyrant
|-damage|p2a: Jolly Tyrant|87/100
|-damage|p2a: Jolly Tyrant|73/100
|-damage|p2a: Jolly Tyrant|59/100
|-damage|p2a: Jolly Tyrant|47/100
|-damage|p2a: Jolly Tyrant|32/100
|-hitcount|p2a: Jolly Tyrant|5
|move|p2a: Jolly Tyrant|Crunch|p1a: Cloyster
|-damage|p1a: Cloyster|0 fnt
|faint|p1a: Cloyster
|
|-weather|Sandstorm|[upkeep]
|upkeep
|
|t:|1604691956
|switch|p1a: Cinderace|Cinderace, M|100/100
|turn|5
|
|t:|1604691960
|move|p1a: Cinderace|High Jump Kick|p2a: Jolly Tyrant
|-supereffective|p2a: Jolly Tyrant
|-damage|p2a: Jolly Tyrant|0 fnt
|faint|p2a: Jolly Tyrant
|
|-weather|Sandstorm|[upkeep]
|-damage|p1a: Cinderace|95/100|[from] Sandstorm
|upkeep
|
|t:|1604692001
|switch|p2a: Old Burb|Honchkrow, F|100/100
|turn|6
|
|t:|1604692010
|move|p1a: Cinderace|Pyro Ball|p2a: Old Burb
|-damage|p2a: Old Burb|6/100
|move|p2a: Old Burb|Dark Pulse|p1a: Cinderace
|-damage|p1a: Cinderace|40/100
|
|-weather|Sandstorm|[upkeep]
|-damage|p1a: Cinderace|34/100|[from] Sandstorm
|-damage|p2a: Old Burb|0 fnt|[from] Sandstorm
|faint|p2a: Old Burb
|upkeep
|
|t:|1604692030
|switch|p2a: Milady|Gardevoir, F, shiny|100/100
|turn|7
|
|t:|1604692041
|move|p1a: Cinderace|Pyro Ball|p2a: Milady
|-enditem|p2a: Milady|Focus Sash
|-damage|p2a: Milady|1/100
|move|p2a: Milady|Thunderbolt|p1a: Cinderace
|-damage|p1a: Cinderace|0 fnt
|faint|p1a: Cinderace
|
|-weather|Sandstorm|[upkeep]
|-damage|p2a: Milady|0 fnt|[from] Sandstorm
|faint|p2a: Milady
|upkeep
|
|t:|1604692055
|switch|p1a: Diancie|Diancie|100/100
|switch|p2a: Rockman|Golem-Alola, M|100/100
|turn|8
|
|t:|1604692061
|detailschange|p1a: Diancie|Diancie-Mega
|-mega|p1a: Diancie|Diancie|Diancite
|move|p1a: Diancie|Earth Power|p2a: Rockman
|-supereffective|p2a: Rockman
|-damage|p2a: Rockman|6/100
|move|p2a: Rockman|Iron Head|p1a: Diancie
|-supereffective|p1a: Diancie
|-damage|p1a: Diancie|0 fnt
|faint|p1a: Diancie
|
|-weather|none
|upkeep
|
|t:|1604692073
|switch|p1a: Garchomp|Garchomp, M|100/100
|turn|9
|
|t:|1604692090
|move|p1a: Garchomp|Substitute|p1a: Garchomp
|-start|p1a: Garchomp|Substitute
|-damage|p1a: Garchomp|76/100
|move|p2a: Rockman|Explosion|p1a: Garchomp
|-immune|p1a: Garchomp
|faint|p2a: Rockman
|
|win|TwentyTwan
|c| Aerialbanana|dat was gewoon sad
|c| piemelboer|gg
|c| Aerialbanana|alsnog gg xD
|c|☆TwentyTwan|dat was afgesproken xD
|l| piemelboer
|l| Curseroy1990
