|j|‽Mawm
|j|☆Nobodi_Nowan
|t:|1665768851
|gametype|singles
|player|p1|Mawm|beauty-gen6xy|1820
|player|p2|Nobodi_Nowan|akari|1924
|teamsize|p1|6
|teamsize|p2|6
|gen|8
|tier|[Gen 8] National Dex AG
|rated|
|rule|HP Percentage Mod: HP is shown in percentages
|rule|Endless Battle Clause: Forcing endless battles is banned
|clearpoke
|poke|p1|Arceus-*|
|poke|p1|Genesect|
|poke|p1|Yveltal|
|poke|p1|Necrozma-Dusk-Mane|
|poke|p1|Rayquaza|
|poke|p1|Groudon|
|poke|p2|Forretress, M|
|poke|p2|Arceus-*|
|poke|p2|Kyogre|
|poke|p2|Calyrex-Shadow|
|poke|p2|Zacian-*|
|poke|p2|Rayquaza|
|teampreview
|inactive|Battle timer is ON: inactive players will automatically lose when time's up. (requested by Mawm)
|c|☆Nobodi_Nowan|glhf
|
|t:|1665768863
|start
|switch|p1a: Groudon|Groudon, shiny|100/100
|switch|p2a: Rayquaza|Rayquaza|100/100
|-ability|p2a: Rayquaza|Air Lock
|detailschange|p1a: Groudon|Groudon-Primal, shiny
|-primal|p1a: Groudon
|-weather|DesolateLand|[from] ability: Desolate Land|[of] p1a: Groudon
|turn|1
|
|t:|1665768875
|-weather|none
|switch|p1a: Necrozma|Necrozma-Dusk-Mane, shiny|100/100
|detailschange|p2a: Rayquaza|Rayquaza-Mega
|-mega|p2a: Rayquaza|Rayquaza|
|-weather|DeltaStream|[from] ability: Delta Stream|[of] p2a: Rayquaza
|move|p2a: Rayquaza|Surf|p1a: Necrozma
|-damage|p1a: Necrozma|74/100
|
|-weather|DeltaStream|[upkeep]
|upkeep
|turn|2
|
|t:|1665768884
|switch|p1a: Groudon|Groudon-Primal, shiny|100/100
|-weather|DesolateLand|[from] ability: Desolate Land|[of] p1a: Groudon
|move|p2a: Rayquaza|V-create|p1a: Groudon
|-resisted|p1a: Groudon
|-damage|p1a: Groudon|58/100
|-unboost|p2a: Rayquaza|spe|1
|-unboost|p2a: Rayquaza|def|1
|-unboost|p2a: Rayquaza|spd|1
|
|-weather|DesolateLand|[upkeep]
|upkeep
|turn|3
|
|t:|1665768893
|switch|p2a: Kyogre|Kyogre|100/100
|detailschange|p2a: Kyogre|Kyogre-Primal
|-primal|p2a: Kyogre
|-weather|PrimordialSea|[from] ability: Primordial Sea|[of] p2a: Kyogre
|move|p1a: Groudon|Rock Tomb|p2a: Kyogre
|-damage|p2a: Kyogre|76/100
|-unboost|p2a: Kyogre|spe|1
|
|-weather|PrimordialSea|[upkeep]
|upkeep
|turn|4
|c|☆Nobodi_Nowan|u knew i wassurf?
|
|t:|1665768903
|-weather|none
|switch|p2a: Rayquaza|Rayquaza-Mega|100/100
|-weather|DeltaStream|[from] ability: Delta Stream|[of] p2a: Rayquaza
|move|p1a: Groudon|Stealth Rock|p2a: Rayquaza
|-sidestart|p2: Nobodi_Nowan|move: Stealth Rock
|
|-weather|DeltaStream|[upkeep]
|upkeep
|turn|5
|
|t:|1665768910
|move|p2a: Rayquaza|Surf|p1a: Groudon
|-supereffective|p1a: Groudon
|-damage|p1a: Groudon|0 fnt
|faint|p1a: Groudon
|
|-weather|DeltaStream|[upkeep]
|upkeep
|
|t:|1665768917
|switch|p1a: Necrozma|Necrozma-Dusk-Mane, shiny|74/100
|turn|6
|
|t:|1665768919
|move|p2a: Rayquaza|V-create|p1a: Necrozma
|-supereffective|p1a: Necrozma
|-damage|p1a: Necrozma|3/100
|-unboost|p2a: Rayquaza|spe|1
|-unboost|p2a: Rayquaza|def|1
|-unboost|p2a: Rayquaza|spd|1
|-damage|p2a: Rayquaza|84/100|[from] item: Rocky Helmet|[of] p1a: Necrozma
|move|p1a: Necrozma|Iron Head|p2a: Rayquaza
|-damage|p2a: Rayquaza|22/100
|
|-weather|DeltaStream|[upkeep]
|upkeep
|turn|7
|
|t:|1665768929
|-weather|none
|switch|p2a: Forretress|Forretress, M|100/100
|-damage|p2a: Forretress|88/100|[from] Stealth Rock
|move|p1a: Necrozma|Morning Sun|p1a: Necrozma
|-heal|p1a: Necrozma|53/100
|
|-heal|p2a: Forretress|94/100|[from] item: Leftovers
|upkeep
|turn|8
|
|t:|1665768942
|switch|p1a: Genesect|Genesect, shiny|100/100
|-ability|p1a: Genesect|Download|boost
|-boost|p1a: Genesect|spa|1
|move|p2a: Forretress|Stealth Rock|p1a: Genesect
|-sidestart|p1: Mawm|move: Stealth Rock
|
|-heal|p2a: Forretress|100/100|[from] item: Leftovers
|upkeep
|turn|9
|
|t:|1665768949
|move|p1a: Genesect|Shift Gear|p1a: Genesect
|-boost|p1a: Genesect|spe|2
|-boost|p1a: Genesect|atk|1
|move|p2a: Forretress|Rapid Spin|p1a: Genesect
|-resisted|p1a: Genesect
|-damage|p1a: Genesect|95/100
|-boost|p2a: Forretress|spe|1
|-sideend|p2: Nobodi_Nowan|Stealth Rock|[from] move: Rapid Spin|[of] p2a: Forretress
|
|upkeep
|turn|10
|
|t:|1665768956
|move|p1a: Genesect|Shift Gear|p1a: Genesect
|-boost|p1a: Genesect|spe|2
|-boost|p1a: Genesect|atk|1
|move|p2a: Forretress|Volt Switch|p1a: Genesect
|-damage|p1a: Genesect|83/100
|
|t:|1665768962
|switch|p2a: Rayquaza|Rayquaza-Mega|22/100|[from]move: Volt Switch
|-weather|DeltaStream|[from] ability: Delta Stream|[of] p2a: Rayquaza
|
|-weather|DeltaStream|[upkeep]
|upkeep
|turn|11
|-enditem|p2a: Rayquaza|Custap Berry|[eat]
|-activate|p2a: Rayquaza|item: Custap Berry|[consumed]
|
|t:|1665768966
|move|p1a: Genesect|Extreme Speed|p2a: Rayquaza
|-damage|p2a: Rayquaza|0 fnt
|faint|p2a: Rayquaza
|-weather|none
|-damage|p1a: Genesect|74/100|[from] item: Life Orb
|
|upkeep
|
|t:|1665768981
|switch|p2a: Kyogre|Kyogre-Primal|76/100
|-weather|PrimordialSea|[from] ability: Primordial Sea|[of] p2a: Kyogre
|turn|12
|
|t:|1665768986
|move|p1a: Genesect|Leech Life|p2a: Kyogre
|-damage|p2a: Kyogre|0 fnt
|-heal|p1a: Genesect|100/100|[from] drain|[of] p2a: Kyogre
|faint|p2a: Kyogre
|-weather|none
|-damage|p1a: Genesect|91/100|[from] item: Life Orb
|
|upkeep
|
|t:|1665768997
|switch|p2a: Arceus|Arceus|100/100
|turn|13
|
|t:|1665769000
|-start|p2a: Arceus|Dynamax|
|-heal|p2a: Arceus|100/100|[silent]
|move|p1a: Genesect|Iron Head|p2a: Arceus
|-damage|p2a: Arceus|65/100
|-damage|p1a: Genesect|81/100|[from] item: Life Orb
|move|p2a: Arceus|Max Phantasm|p1a: Genesect
|-damage|p1a: Genesect|36/100
|-unboost|p1a: Genesect|def|1
|
|upkeep
|turn|14
|
|t:|1665769010
|move|p1a: Genesect|Leech Life|p2a: Arceus
|-damage|p2a: Arceus|27/100
|-heal|p1a: Genesect|85/100|[from] drain|[of] p2a: Arceus
|-damage|p1a: Genesect|75/100|[from] item: Life Orb
|move|p2a: Arceus|Max Phantasm|p1a: Genesect
|-damage|p1a: Genesect|3/100
|-unboost|p1a: Genesect|def|1
|
|upkeep
|turn|15
|
|t:|1665769019
|move|p2a: Arceus|Max Guard|p2a: Arceus
|-singleturn|p2a: Arceus|Max Guard
|move|p1a: Genesect|Leech Life|p2a: Arceus
|-activate|p2a: Arceus|move: Max Guard
|
|upkeep
|-end|p2a: Arceus|Dynamax
|-heal|p2a: Arceus|27/100|[silent]
|turn|16
|
|t:|1665769025
|move|p1a: Genesect|Extreme Speed|p2a: Arceus
|-damage|p2a: Arceus|0 fnt
|faint|p2a: Arceus
|-damage|p1a: Genesect|0 fnt|[from] item: Life Orb
|faint|p1a: Genesect
|
|upkeep
|
|t:|1665769032
|switch|p2a: Zacian|Zacian-Crowned, shiny|100/100
|switch|p1a: Necrozma|Necrozma-Dusk-Mane, shiny|53/100
|-ability|p2a: Zacian|Intrepid Sword|boost
|-boost|p2a: Zacian|atk|1
|-damage|p1a: Necrozma|47/100|[from] Stealth Rock
|turn|17
|
|t:|1665769041
|move|p2a: Zacian|Close Combat|p1a: Necrozma
|-damage|p1a: Necrozma|8/100
|-unboost|p2a: Zacian|def|1
|-unboost|p2a: Zacian|spd|1
|-damage|p2a: Zacian|84/100|[from] item: Rocky Helmet|[of] p1a: Necrozma
|move|p1a: Necrozma|Morning Sun|p1a: Necrozma
|-heal|p1a: Necrozma|58/100
|
|upkeep
|turn|18
|
|t:|1665769050
|switch|p2a: Calyrex|Calyrex-Shadow|100/100
|-ability|p2a: Calyrex|As One
|-ability|p2a: Calyrex|Unnerve
|move|p1a: Necrozma|Thunder Wave|p2a: Calyrex
|-status|p2a: Calyrex|par
|
|upkeep
|turn|19
|
|t:|1665769058
|switch|p2a: Zacian|Zacian-Crowned, shiny|84/100
|-ability|p2a: Zacian|Intrepid Sword|boost
|-boost|p2a: Zacian|atk|1
|switch|p1a: Yveltal|Yveltal, shiny|100/100
|-damage|p1a: Yveltal|76/100|[from] Stealth Rock
|-ability|p1a: Yveltal|Dark Aura
|
|upkeep
|turn|20
|
|t:|1665769069
|switch|p1a: Necrozma|Necrozma-Dusk-Mane, shiny|58/100
|-damage|p1a: Necrozma|52/100|[from] Stealth Rock
|move|p2a: Zacian|Behemoth Blade|p1a: Necrozma
|-resisted|p1a: Necrozma
|-damage|p1a: Necrozma|27/100
|-damage|p2a: Zacian|67/100|[from] item: Rocky Helmet|[of] p1a: Necrozma
|
|upkeep
|turn|21
|
|t:|1665769077
|move|p2a: Zacian|Close Combat|p1a: Necrozma
|-damage|p1a: Necrozma|0 fnt
|-unboost|p2a: Zacian|def|1
|-unboost|p2a: Zacian|spd|1
|-damage|p2a: Zacian|51/100|[from] item: Rocky Helmet|[of] p1a: Necrozma
|faint|p1a: Necrozma
|
|upkeep
|
|t:|1665769084
|switch|p1a: Arceus|Arceus, shiny|100/100
|-damage|p1a: Arceus|88/100|[from] Stealth Rock
|turn|22
|
|t:|1665769088
|switch|p2a: Forretress|Forretress, M|100/100
|move|p1a: Arceus|Extreme Speed|p2a: Forretress
|-resisted|p2a: Forretress
|-damage|p2a: Forretress|88/100
|
|-heal|p2a: Forretress|94/100|[from] item: Leftovers
|upkeep
|turn|23
|
|t:|1665769097
|move|p1a: Arceus|Swords Dance|p1a: Arceus
|-boost|p1a: Arceus|atk|2
|move|p2a: Forretress|Volt Switch|p1a: Arceus
|-damage|p1a: Arceus|80/100
|
|t:|1665769102
|switch|p2a: Calyrex|Calyrex-Shadow|100/100 par|[from]move: Volt Switch
|-ability|p2a: Calyrex|As One
|-ability|p2a: Calyrex|Unnerve
|
|upkeep
|turn|24
|
|t:|1665769110
|move|p1a: Arceus|Swords Dance|p1a: Arceus
|-boost|p1a: Arceus|atk|2
|cant|p2a: Calyrex|par
|
|upkeep
|turn|25
|
|t:|1665769115
|move|p2a: Calyrex|Psyshock|p1a: Arceus
|-damage|p1a: Arceus|45/100
|move|p1a: Arceus|Roar|p2a: Calyrex
|drag|p2a: Forretress|Forretress, M|94/100
|
|-heal|p2a: Forretress|100/100|[from] item: Leftovers
|upkeep
|turn|26
|
|t:|1665769123
|move|p1a: Arceus|Swords Dance|p1a: Arceus
|-boost|p1a: Arceus|atk|2
|move|p2a: Forretress|Volt Switch|p1a: Arceus
|-damage|p1a: Arceus|36/100
|
|t:|1665769128
|switch|p2a: Zacian|Zacian-Crowned, shiny|51/100|[from]move: Volt Switch
|-ability|p2a: Zacian|Intrepid Sword|boost
|-boost|p2a: Zacian|atk|1
|
|upkeep
|turn|27
|
|t:|1665769133
|switch|p2a: Calyrex|Calyrex-Shadow|100/100 par
|-ability|p2a: Calyrex|As One
|-ability|p2a: Calyrex|Unnerve
|move|p1a: Arceus|Extreme Speed|p2a: Calyrex
|-immune|p2a: Calyrex
|
|upkeep
|turn|28
|
|t:|1665769140
|-zpower|p1a: Arceus
|move|p1a: Arceus|Z-Refresh||[anim]Refresh|[still]
|-heal|p1a: Arceus|100/100|[zeffect]
|-fail|p1a: Arceus
|move|p2a: Calyrex|Psyshock|p1a: Arceus
|-damage|p1a: Arceus|66/100
|
|upkeep
|turn|29
|
|t:|1665769151
|move|p1a: Arceus|Extreme Speed|p2a: Calyrex
|-immune|p2a: Calyrex
|move|p2a: Calyrex|Psyshock|p1a: Arceus
|-damage|p1a: Arceus|29/100
|
|upkeep
|turn|30
|
|t:|1665769163
|move|p1a: Arceus|Extreme Speed|p2a: Calyrex
|-immune|p2a: Calyrex
|move|p2a: Calyrex|Psyshock|p1a: Arceus
|-damage|p1a: Arceus|0 fnt
|faint|p1a: Arceus
|-ability|p2a: Calyrex|Grim Neigh|boost
|-boost|p2a: Calyrex|spa|1
|
|upkeep
|
|t:|1665769165
|switch|p1a: Yveltal|Yveltal, shiny|76/100
|-damage|p1a: Yveltal|51/100|[from] Stealth Rock
|-ability|p1a: Yveltal|Dark Aura
|turn|31
|
|t:|1665769178
|switch|p2a: Forretress|Forretress, M|100/100
|-start|p1a: Yveltal|Dynamax|
|-heal|p1a: Yveltal|51/100|[silent]
|move|p1a: Yveltal|Max Airstream|p2a: Forretress
|-ability|p2a: Forretress|Sturdy
|-damage|p2a: Forretress|1/100
|-boost|p1a: Yveltal|spe|1
|
|-heal|p2a: Forretress|7/100|[from] item: Leftovers
|upkeep
|turn|32
|
|t:|1665769194
|move|p1a: Yveltal|Max Airstream|p2a: Forretress
|-damage|p2a: Forretress|0 fnt
|-boost|p1a: Yveltal|spe|1
|faint|p2a: Forretress
|
|upkeep
|
|t:|1665769200
|switch|p2a: Calyrex|Calyrex-Shadow|100/100 par
|-ability|p2a: Calyrex|As One
|-ability|p2a: Calyrex|Unnerve
|turn|33
|
|t:|1665769208
|move|p1a: Yveltal|Max Ooze|p2a: Calyrex
|-resisted|p2a: Calyrex
|-damage|p2a: Calyrex|79/100 par
|-boost|p1a: Yveltal|spa|1
|move|p2a: Calyrex|Trick|p1a: Yveltal
|-activate|p2a: Calyrex|move: Trick|[of] p1a: Yveltal
|-item|p1a: Yveltal|Choice Scarf|[from] move: Trick
|-item|p2a: Calyrex|Assault Vest|[from] move: Trick
|
|upkeep
|-end|p1a: Yveltal|Dynamax
|-heal|p1a: Yveltal|51/100|[silent]
|turn|34
|
|t:|1665769223
|move|p1a: Yveltal|Dark Pulse|p2a: Calyrex
|-supereffective|p2a: Calyrex
|-damage|p2a: Calyrex|0 fnt
|faint|p2a: Calyrex
|
|upkeep
|
|t:|1665769228
|switch|p2a: Zacian|Zacian-Crowned, shiny|51/100
|-ability|p2a: Zacian|Intrepid Sword|boost
|-boost|p2a: Zacian|atk|1
|turn|35
|
|t:|1665769231
|move|p1a: Yveltal|Dark Pulse|p2a: Zacian
|-resisted|p2a: Zacian
|-damage|p2a: Zacian|6/100
|move|p2a: Zacian|Behemoth Blade|p1a: Yveltal
|-damage|p1a: Yveltal|0 fnt
|faint|p1a: Yveltal
|
|upkeep
|
|t:|1665769233
|switch|p1a: Rayquaza|Rayquaza, shiny|100/100
|-ability|p1a: Rayquaza|Air Lock
|turn|36
|
|t:|1665769241
|detailschange|p1a: Rayquaza|Rayquaza-Mega, shiny
|-mega|p1a: Rayquaza|Rayquaza|
|-weather|DeltaStream|[from] ability: Delta Stream|[of] p1a: Rayquaza
|move|p1a: Rayquaza|Extreme Speed|p2a: Zacian
|-resisted|p2a: Zacian
|-damage|p2a: Zacian|0 fnt
|faint|p2a: Zacian
|
|win|Mawm
|raw|Mawm's rating: 1820 &rarr; <strong>1846</strong><br />(+26 for winning)
|raw|Nobodi_Nowan's rating: 1924 &rarr; <strong>1898</strong><br />(-26 for losing)
