|j|☆cosmos dream
|j|☆Mimikium ZZ
|t:|1664247447
|gametype|singles
|player|p1|cosmos dream|169|1796
|player|p2|Mimikium ZZ|schoolboy|1932
|teamsize|p1|6
|teamsize|p2|6
|gen|8
|tier|[Gen 8] National Dex AG
|rated|
|rule|HP Percentage Mod: HP is shown in percentages
|rule|Endless Battle Clause: Forcing endless battles is banned
|clearpoke
|poke|p1|Marshadow|
|poke|p1|Marshadow|
|poke|p1|Arceus-*|
|poke|p1|Arceus-*|
|poke|p1|Arceus-*|
|poke|p1|Tyranitar, M|
|poke|p2|Necrozma-Dusk-Mane|
|poke|p2|Arceus-*|
|poke|p2|Arceus-*|
|poke|p2|Rayquaza|
|poke|p2|Ferrothorn, M|
|poke|p2|Yveltal|
|teampreview
|
|t:|1664247466
|start
|switch|p1a: Arceus|Arceus-Electric|100/100
|switch|p2a: Arceus|Arceus-Fairy|100/100
|turn|1
|j| Ash6056
|
|t:|1664247474
|move|p1a: Arceus|Magic Coat|p1a: Arceus
|-singleturn|p1a: Arceus|move: Magic Coat
|move|p2a: Arceus|Toxic|p1a: Arceus
|move|p1a: Arceus|Toxic|p2a: Arceus|[from]Magic Coat
|-status|p2a: Arceus|tox
|
|-damage|p2a: Arceus|94/100 tox|[from] psn
|upkeep
|turn|2
|
|t:|1664247479
|move|p1a: Arceus|Stealth Rock|p2a: Arceus
|-sidestart|p2: Mimikium ZZ|move: Stealth Rock
|move|p2a: Arceus|Toxic|p1a: Arceus
|-status|p1a: Arceus|tox
|
|-damage|p1a: Arceus|94/100 tox|[from] psn
|-damage|p2a: Arceus|82/100 tox|[from] psn
|upkeep
|turn|3
|j| Overlord Jr.
|
|t:|1664247486
|switch|p2a: Necrozma|Necrozma-Dusk-Mane|100/100
|-damage|p2a: Necrozma|94/100|[from] Stealth Rock
|move|p1a: Arceus|Judgment|p2a: Necrozma
|-damage|p2a: Necrozma|44/100
|
|-damage|p1a: Arceus|82/100 tox|[from] psn
|upkeep
|turn|4
|
|t:|1664247492
|switch|p2a: Arceus|Arceus-Ground|100/100
|-damage|p2a: Arceus|94/100|[from] Stealth Rock
|move|p1a: Arceus|Judgment|p2a: Arceus
|-immune|p2a: Arceus
|
|-damage|p1a: Arceus|64/100 tox|[from] psn
|upkeep
|turn|5
|
|t:|1664247495
|move|p1a: Arceus|Ice Beam|p2a: Arceus
|-supereffective|p2a: Arceus
|-crit|p2a: Arceus
|-damage|p2a: Arceus|22/100
|move|p2a: Arceus|Recover|p2a: Arceus
|-heal|p2a: Arceus|72/100
|
|-damage|p1a: Arceus|40/100 tox|[from] psn
|upkeep
|turn|6
|
|t:|1664247499
|move|p1a: Arceus|Ice Beam|p2a: Arceus
|-supereffective|p2a: Arceus
|-damage|p2a: Arceus|29/100
|move|p2a: Arceus|Recover|p2a: Arceus
|-heal|p2a: Arceus|79/100
|
|-damage|p1a: Arceus|10/100 tox|[from] psn
|upkeep
|turn|7
|
|t:|1664247512
|move|p1a: Arceus|Ice Beam|p2a: Arceus
|-supereffective|p2a: Arceus
|-damage|p2a: Arceus|30/100
|-status|p2a: Arceus|frz
|-curestatus|p2a: Arceus|frz|[msg]
|move|p2a: Arceus|Recover|p2a: Arceus
|-heal|p2a: Arceus|80/100
|
|-damage|p1a: Arceus|0 fnt|[from] psn
|faint|p1a: Arceus
|upkeep
|
|t:|1664247516
|switch|p1a: Marshadow|Marshadow|100/100
|turn|8
|
|t:|1664247523
|move|p1a: Marshadow|Close Combat|p2a: Arceus
|-damage|p2a: Arceus|28/100
|-unboost|p1a: Marshadow|def|1
|-unboost|p1a: Marshadow|spd|1
|move|p2a: Arceus|Recover|p2a: Arceus
|-heal|p2a: Arceus|78/100
|
|upkeep
|turn|9
|
|t:|1664247530
|move|p1a: Marshadow|Close Combat|p2a: Arceus
|-damage|p2a: Arceus|28/100
|-unboost|p1a: Marshadow|def|1
|-unboost|p1a: Marshadow|spd|1
|move|p2a: Arceus|Recover|p2a: Arceus
|-heal|p2a: Arceus|78/100
|
|upkeep
|turn|10
|
|t:|1664247537
|move|p1a: Marshadow|Close Combat|p2a: Arceus
|-damage|p2a: Arceus|27/100
|-unboost|p1a: Marshadow|def|1
|-unboost|p1a: Marshadow|spd|1
|move|p2a: Arceus|Recover|p2a: Arceus
|-heal|p2a: Arceus|77/100
|
|upkeep
|turn|11
|
|t:|1664247548
|switch|p1a: Arceus|Arceus-Ground|100/100
|move|p2a: Arceus|Recover|p2a: Arceus
|-heal|p2a: Arceus|100/100
|
|upkeep
|turn|12
|
|t:|1664247551
|switch|p2a: Ferrothorn|Ferrothorn, M|100/100
|-damage|p2a: Ferrothorn|94/100|[from] Stealth Rock
|move|p1a: Arceus|Swords Dance|p1a: Arceus
|-boost|p1a: Arceus|atk|2
|
|-heal|p2a: Ferrothorn|100/100|[from] item: Leftovers
|upkeep
|turn|13
|
|t:|1664247566
|-start|p2a: Ferrothorn|Dynamax|
|-heal|p2a: Ferrothorn|100/100|[silent]
|move|p1a: Arceus|Earthquake|p2a: Ferrothorn
|-damage|p2a: Ferrothorn|51/100
|move|p2a: Ferrothorn|Max Steelspike|p1a: Arceus
|-damage|p1a: Arceus|57/100
|-boost|p2a: Ferrothorn|def|1
|
|-heal|p2a: Ferrothorn|54/100|[from] item: Leftovers
|upkeep
|turn|14
|
|t:|1664247578
|-start|p1a: Arceus|Dynamax|
|-heal|p1a: Arceus|57/100|[silent]
|move|p1a: Arceus|Max Quake|p2a: Ferrothorn
|-damage|p2a: Ferrothorn|10/100
|-boost|p1a: Arceus|spd|1
|move|p2a: Ferrothorn|Max Overgrowth|p1a: Arceus
|-supereffective|p1a: Arceus
|-damage|p1a: Arceus|15/100
|-fieldstart|move: Grassy Terrain
|
|-heal|p1a: Arceus|18/100|[from] Grassy Terrain
|-heal|p2a: Ferrothorn|13/100|[from] Grassy Terrain
|-heal|p2a: Ferrothorn|16/100|[from] item: Leftovers
|upkeep
|turn|15
|
|t:|1664247586
|move|p1a: Arceus|Max Quake|p2a: Ferrothorn
|-damage|p2a: Ferrothorn|0 fnt
|-boost|p1a: Arceus|spd|1
|faint|p2a: Ferrothorn
|
|-heal|p1a: Arceus|21/100|[from] Grassy Terrain
|upkeep
|
|t:|1664247588
|switch|p2a: Rayquaza|Rayquaza|100/100
|-damage|p2a: Rayquaza|76/100|[from] Stealth Rock
|-ability|p2a: Rayquaza|Air Lock
|turn|16
|
|t:|1664247592
|detailschange|p2a: Rayquaza|Rayquaza-Mega
|-mega|p2a: Rayquaza|Rayquaza|
|-weather|DeltaStream|[from] ability: Delta Stream|[of] p2a: Rayquaza
|move|p2a: Rayquaza|Extreme Speed|p1a: Arceus
|-damage|p1a: Arceus|0 fnt
|faint|p1a: Arceus
|
|-weather|DeltaStream|[upkeep]
|upkeep
|
|t:|1664247602
|switch|p1a: Marshadow|Marshadow|100/100
|turn|17
|
|t:|1664247606
|-weather|none
|switch|p2a: Yveltal|Yveltal|100/100
|-ability|p2a: Yveltal|Dark Aura
|move|p1a: Marshadow|Poltergeist|p2a: Yveltal
|-activate|p2a: Yveltal|move: Poltergeist|Heavy-Duty Boots
|-resisted|p2a: Yveltal
|-damage|p2a: Yveltal|63/100
|
|upkeep
|turn|18
|
|t:|1664247617
|switch|p1a: Arceus|Arceus-Electric|100/100
|move|p2a: Yveltal|Roost|p2a: Yveltal
|-heal|p2a: Yveltal|100/100
|-singleturn|p2a: Yveltal|move: Roost
|
|-fieldend|move: Grassy Terrain
|upkeep
|turn|19
|
|t:|1664247622
|move|p1a: Arceus|Calm Mind|p1a: Arceus
|-boost|p1a: Arceus|spa|1
|-boost|p1a: Arceus|spd|1
|move|p2a: Yveltal|Toxic|p1a: Arceus
|-status|p1a: Arceus|tox
|
|-damage|p1a: Arceus|94/100 tox|[from] psn
|upkeep
|turn|20
|
|t:|1664247634
|switch|p2a: Necrozma|Necrozma-Dusk-Mane|44/100
|-damage|p2a: Necrozma|38/100|[from] Stealth Rock
|move|p1a: Arceus|Judgment|p2a: Necrozma
|-damage|p2a: Necrozma|0 fnt
|faint|p2a: Necrozma
|
|-damage|p1a: Arceus|82/100 tox|[from] psn
|upkeep
|
|t:|1664247639
|switch|p2a: Arceus|Arceus-Fairy|82/100 tox
|-damage|p2a: Arceus|70/100 tox|[from] Stealth Rock
|turn|21
|
|t:|1664247641
|switch|p2a: Arceus|Arceus-Ground|100/100
|-damage|p2a: Arceus|94/100|[from] Stealth Rock
|move|p1a: Arceus|Ice Beam|p2a: Arceus
|-supereffective|p2a: Arceus
|-damage|p2a: Arceus|28/100
|-status|p2a: Arceus|frz
|
|-damage|p1a: Arceus|64/100 tox|[from] psn
|upkeep
|turn|22
|
|t:|1664247646
|move|p1a: Arceus|Ice Beam|p2a: Arceus
|-supereffective|p2a: Arceus
|-damage|p2a: Arceus|0 fnt
|faint|p2a: Arceus
|
|-damage|p1a: Arceus|40/100 tox|[from] psn
|upkeep
|
|t:|1664247648
|switch|p2a: Rayquaza|Rayquaza-Mega|76/100
|-damage|p2a: Rayquaza|51/100|[from] Stealth Rock
|-weather|DeltaStream|[from] ability: Delta Stream|[of] p2a: Rayquaza
|turn|23
|
|t:|1664247658
|move|p2a: Rayquaza|Extreme Speed|p1a: Arceus
|-damage|p1a: Arceus|0 fnt
|faint|p1a: Arceus
|
|-weather|DeltaStream|[upkeep]
|upkeep
|
|t:|1664247676
|switch|p1a: Marshadow|Marshadow|100/100
|turn|24
|
|t:|1664247681
|move|p2a: Rayquaza|Extreme Speed|p1a: Marshadow
|-immune|p1a: Marshadow
|move|p1a: Marshadow|Poltergeist|p2a: Rayquaza
|-activate|p2a: Rayquaza|move: Poltergeist|Choice Band
|-damage|p2a: Rayquaza|0 fnt
|faint|p2a: Rayquaza
|-weather|none
|-damage|p1a: Marshadow|91/100|[from] item: Life Orb
|
|upkeep
|
|t:|1664247684
|switch|p2a: Yveltal|Yveltal|100/100
|-ability|p2a: Yveltal|Dark Aura
|turn|25
|
|t:|1664247694
|switch|p1a: Tyranitar|Tyranitar, M|100/100
|-weather|Sandstorm|[from] ability: Sand Stream|[of] p1a: Tyranitar
|move|p2a: Yveltal|Foul Play|p1a: Tyranitar
|-resisted|p1a: Tyranitar
|-damage|p1a: Tyranitar|79/100
|
|-weather|Sandstorm|[upkeep]
|-damage|p2a: Yveltal|94/100|[from] Sandstorm
|upkeep
|turn|26
|
|t:|1664247700
|move|p2a: Yveltal|Toxic|p1a: Tyranitar
|-status|p1a: Tyranitar|tox
|move|p1a: Tyranitar|Rock Blast|p2a: Yveltal
|-supereffective|p2a: Yveltal
|-damage|p2a: Yveltal|77/100
|-supereffective|p2a: Yveltal
|-damage|p2a: Yveltal|60/100
|-hitcount|p2a: Yveltal|2
|
|-weather|Sandstorm|[upkeep]
|-damage|p2a: Yveltal|53/100|[from] Sandstorm
|-damage|p1a: Tyranitar|73/100 tox|[from] psn
|upkeep
|turn|27
|
|t:|1664247702
|move|p2a: Yveltal|Roost|p2a: Yveltal
|-heal|p2a: Yveltal|100/100
|-singleturn|p2a: Yveltal|move: Roost
|move|p1a: Tyranitar|Rock Blast|p2a: Yveltal
|-damage|p2a: Yveltal|91/100
|-damage|p2a: Yveltal|82/100
|-hitcount|p2a: Yveltal|2
|
|-weather|Sandstorm|[upkeep]
|-damage|p2a: Yveltal|76/100|[from] Sandstorm
|-damage|p1a: Tyranitar|60/100 tox|[from] psn
|upkeep
|turn|28
|
|t:|1664247706
|move|p2a: Yveltal|Roost|p2a: Yveltal
|-heal|p2a: Yveltal|100/100
|-singleturn|p2a: Yveltal|move: Roost
|move|p1a: Tyranitar|Thunder Wave|p2a: Yveltal
|-status|p2a: Yveltal|par
|
|-weather|Sandstorm|[upkeep]
|-damage|p2a: Yveltal|94/100 par|[from] Sandstorm
|-damage|p1a: Tyranitar|42/100 tox|[from] psn
|upkeep
|turn|29
|
|t:|1664247712
|switch|p2a: Arceus|Arceus-Fairy|70/100 tox
|-damage|p2a: Arceus|57/100 tox|[from] Stealth Rock
|detailschange|p1a: Tyranitar|Tyranitar-Mega, M
|-mega|p1a: Tyranitar|Tyranitar|Tyranitarite
|move|p1a: Tyranitar|Rock Blast|p2a: Arceus
|-damage|p2a: Arceus|51/100 tox
|-damage|p2a: Arceus|43/100 tox
|-damage|p2a: Arceus|36/100 tox
|-damage|p2a: Arceus|30/100 tox
|-damage|p2a: Arceus|22/100 tox
|-hitcount|p2a: Arceus|5
|
|-weather|none
|-damage|p2a: Arceus|16/100 tox|[from] psn
|-damage|p1a: Tyranitar|17/100 tox|[from] psn
|upkeep
|turn|30
|
|t:|1664247717
|move|p2a: Arceus|Recover|p2a: Arceus
|-heal|p2a: Arceus|66/100 tox
|move|p1a: Tyranitar|Rock Blast|p2a: Arceus
|-damage|p2a: Arceus|59/100 tox
|-damage|p2a: Arceus|52/100 tox
|-damage|p2a: Arceus|45/100 tox
|-damage|p2a: Arceus|39/100 tox
|-damage|p2a: Arceus|32/100 tox
|-hitcount|p2a: Arceus|5
|
|-damage|p2a: Arceus|19/100 tox|[from] psn
|-damage|p1a: Tyranitar|0 fnt|[from] psn
|faint|p1a: Tyranitar
|upkeep
|
|t:|1664247722
|switch|p1a: Marshadow|Marshadow|100/100
|turn|31
|
|t:|1664247726
|move|p1a: Marshadow|Close Combat|p2a: Arceus
|-resisted|p2a: Arceus
|-damage|p2a: Arceus|0 fnt
|-unboost|p1a: Marshadow|def|1
|-unboost|p1a: Marshadow|spd|1
|faint|p2a: Arceus
|
|upkeep
|
|t:|1664247728
|switch|p2a: Yveltal|Yveltal|94/100 par
|-ability|p2a: Yveltal|Dark Aura
|turn|32
|
|t:|1664247732
|move|p1a: Marshadow|Close Combat|p2a: Yveltal
|-damage|p2a: Yveltal|24/100 par
|-unboost|p1a: Marshadow|def|1
|-unboost|p1a: Marshadow|spd|1
|move|p2a: Yveltal|Foul Play|p1a: Marshadow
|-damage|p1a: Marshadow|0 fnt
|faint|p1a: Marshadow
|
|upkeep
|
|t:|1664247735
|switch|p1a: Marshadow|Marshadow|91/100
|turn|33
|
|t:|1664247738
|move|p1a: Marshadow|Close Combat|p2a: Yveltal
|-damage|p2a: Yveltal|0 fnt
|-unboost|p1a: Marshadow|def|1
|-unboost|p1a: Marshadow|spd|1
|faint|p2a: Yveltal
|-damage|p1a: Marshadow|81/100|[from] item: Life Orb
|
|win|cosmos dream
|raw|cosmos dream's rating: 1796 &rarr; <strong>1824</strong><br />(+28 for winning)
|raw|Mimikium ZZ's rating: 1941 &rarr; <strong>1913</strong><br />(-28 for losing)
|l|☆Mimikium ZZ
||Ladder isn't responding, score probably updated but might not have (Request timeout).
|l| Ash6056
