|j|☆Lone Thief
|j|☆DarkboiJ
|t:|1668709216
|gametype|singles
|player|p1|Lone Thief|gambler|1768
|player|p2|DarkboiJ|blue-gen3two|2078
|teamsize|p1|6
|teamsize|p2|6
|gen|8
|tier|[Gen 8] National Dex AG
|rated|
|rule|HP Percentage Mod: HP is shown in percentages
|rule|Endless Battle Clause: Forcing endless battles is banned
|clearpoke
|poke|p1|Calyrex-Shadow|
|poke|p1|Rayquaza|
|poke|p1|Zacian-*|
|poke|p1|Ditto|
|poke|p1|Ho-Oh|
|poke|p1|Groudon|
|poke|p2|Darkrai|
|poke|p2|Arceus-*|
|poke|p2|Kyogre|
|poke|p2|Ditto|
|poke|p2|Zapdos|
|poke|p2|Arceus-*|
|teampreview
|inactive|Battle timer is ON: inactive players will automatically lose when time's up. (requested by Lone Thief)
|inactive|DarkboiJ also wants the timer to be on.
|
|t:|1668709225
|start
|switch|p1a: Rayquaza|Rayquaza|100/100
|switch|p2a: Arceus|Arceus-Fairy|100/100
|-ability|p1a: Rayquaza|Air Lock
|turn|1
|
|t:|1668709234
|switch|p1a: Zacian|Zacian-Crowned|100/100
|-ability|p1a: Zacian|Intrepid Sword|boost
|-boost|p1a: Zacian|atk|1
|move|p2a: Arceus|Judgment|p1a: Zacian
|-resisted|p1a: Zacian
|-damage|p1a: Zacian|79/100
|
|upkeep
|turn|2
|
|t:|1668709244
|switch|p2a: Zapdos|Zapdos|100/100
|move|p1a: Zacian|Substitute|p1a: Zacian
|-start|p1a: Zacian|Substitute
|-damage|p1a: Zacian|54/100
|
|upkeep
|turn|3
|
|t:|1668709250
|move|p1a: Zacian|Behemoth Blade|p2a: Zapdos
|-resisted|p2a: Zapdos
|-damage|p2a: Zapdos|65/100
|move|p2a: Zapdos|Volt Switch|p1a: Zacian
|-end|p1a: Zacian|Substitute
|
|t:|1668709253
|switch|p2a: Ditto|Ditto, shiny|100/100|[from]move: Volt Switch
|-transform|p2a: Ditto|p1a: Zacian|[from] ability: Imposter
|-ability|p2a: Ditto|Intrepid Sword|boost
|-boost|p2a: Ditto|atk|1
|
|upkeep
|turn|4
|
|t:|1668709262
|switch|p1a: Groudon|Groudon|100/100
|detailschange|p1a: Groudon|Groudon-Primal
|-primal|p1a: Groudon
|-weather|DesolateLand|[from] ability: Desolate Land|[of] p1a: Groudon
|move|p2a: Ditto|Behemoth Blade|p1a: Groudon
|-resisted|p1a: Groudon
|-damage|p1a: Groudon|64/100
|
|-weather|DesolateLand|[upkeep]
|upkeep
|turn|5
|
|t:|1668709272
|switch|p2a: Kyogre|Kyogre|100/100
|detailschange|p2a: Kyogre|Kyogre-Primal
|-primal|p2a: Kyogre
|-weather|PrimordialSea|[from] ability: Primordial Sea|[of] p2a: Kyogre
|move|p1a: Groudon|Stealth Rock|p2a: Kyogre
|-sidestart|p2: DarkboiJ|move: Stealth Rock
|
|-weather|PrimordialSea|[upkeep]
|upkeep
|turn|6
|
|t:|1668709284
|move|p2a: Kyogre|Water Spout|p1a: Groudon
|-supereffective|p1a: Groudon
|-damage|p1a: Groudon|0 fnt
|faint|p1a: Groudon
|
|-weather|PrimordialSea|[upkeep]
|upkeep
|
|t:|1668709289
|switch|p1a: Rayquaza|Rayquaza|100/100
|-ability|p1a: Rayquaza|Air Lock
|turn|7
|
|t:|1668709294
|-weather|none
|switch|p2a: Zapdos|Zapdos|65/100
|detailschange|p1a: Rayquaza|Rayquaza-Mega
|-mega|p1a: Rayquaza|Rayquaza|
|-weather|DeltaStream|[from] ability: Delta Stream|[of] p1a: Rayquaza
|move|p1a: Rayquaza|Dragon Ascent|p2a: Zapdos
|-resisted|p2a: Zapdos
|-damage|p2a: Zapdos|35/100
|-unboost|p1a: Rayquaza|def|1
|-unboost|p1a: Rayquaza|spd|1
|-status|p1a: Rayquaza|par|[from] ability: Static|[of] p2a: Zapdos
|
|-weather|DeltaStream|[upkeep]
|upkeep
|turn|8
|
|t:|1668709305
|move|p2a: Zapdos|Roost|p2a: Zapdos
|-heal|p2a: Zapdos|85/100
|-singleturn|p2a: Zapdos|move: Roost
|move|p1a: Rayquaza|Scale Shot|p2a: Zapdos
|-damage|p2a: Zapdos|72/100
|-damage|p2a: Zapdos|61/100
|-damage|p2a: Zapdos|49/100
|-hitcount|p2a: Zapdos|3
|-unboost|p1a: Rayquaza|def|1
|-boost|p1a: Rayquaza|spe|1
|
|-weather|DeltaStream|[upkeep]
|upkeep
|turn|9
|
|t:|1668709316
|move|p1a: Rayquaza|Earthquake|p2a: Zapdos
|-immune|p2a: Zapdos
|move|p2a: Zapdos|Volt Switch|p1a: Rayquaza
|-activate||deltastream
|-resisted|p1a: Rayquaza
|-damage|p1a: Rayquaza|80/100 par
|
|t:|1668709327
|switch|p2a: Kyogre|Kyogre-Primal|100/100|[from]move: Volt Switch
|-damage|p2a: Kyogre|88/100|[from] Stealth Rock
|-weather|PrimordialSea|[from] ability: Primordial Sea|[of] p2a: Kyogre
|
|-weather|PrimordialSea|[upkeep]
|upkeep
|turn|10
|
|t:|1668709334
|cant|p1a: Rayquaza|par
|move|p2a: Kyogre|Ice Beam|p1a: Rayquaza
|-supereffective|p1a: Rayquaza
|-damage|p1a: Rayquaza|0 fnt
|faint|p1a: Rayquaza
|
|-weather|PrimordialSea|[upkeep]
|upkeep
|
|t:|1668709348
|switch|p1a: Zacian|Zacian-Crowned|54/100
|-ability|p1a: Zacian|Intrepid Sword|boost
|-boost|p1a: Zacian|atk|1
|turn|11
|
|t:|1668709356
|-weather|none
|switch|p2a: Zapdos|Zapdos|49/100
|move|p1a: Zacian|Wild Charge|p2a: Zapdos
|-damage|p2a: Zapdos|9/100
|-damage|p1a: Zacian|43/100|[from] Recoil
|
|upkeep
|turn|12
|
|t:|1668709363
|move|p1a: Zacian|Substitute|p1a: Zacian
|-start|p1a: Zacian|Substitute
|-damage|p1a: Zacian|18/100
|move|p2a: Zapdos|Roost|p2a: Zapdos
|-heal|p2a: Zapdos|59/100
|-singleturn|p2a: Zapdos|move: Roost
|
|upkeep
|turn|13
|
|t:|1668709371
|move|p1a: Zacian|Behemoth Blade|p2a: Zapdos
|-resisted|p2a: Zapdos
|-damage|p2a: Zapdos|25/100
|-status|p1a: Zacian|par|[from] ability: Static|[of] p2a: Zapdos
|move|p2a: Zapdos|Volt Switch|p1a: Zacian
|-end|p1a: Zacian|Substitute
|
|t:|1668709377
|switch|p2a: Kyogre|Kyogre-Primal|88/100|[from]move: Volt Switch
|-damage|p2a: Kyogre|76/100|[from] Stealth Rock
|-weather|PrimordialSea|[from] ability: Primordial Sea|[of] p2a: Kyogre
|
|-weather|PrimordialSea|[upkeep]
|upkeep
|turn|14
|
|t:|1668709384
|move|p2a: Kyogre|Water Spout|p1a: Zacian
|-damage|p1a: Zacian|0 fnt
|faint|p1a: Zacian
|
|-weather|PrimordialSea|[upkeep]
|upkeep
|
|t:|1668709390
|switch|p1a: Calyrex|Calyrex-Shadow|100/100
|-ability|p1a: Calyrex|As One
|-ability|p1a: Calyrex|Unnerve
|turn|15
|
|t:|1668709416
|-weather|none
|switch|p2a: Arceus|Arceus|100/100
|-damage|p2a: Arceus|88/100|[from] Stealth Rock
|-start|p1a: Calyrex|Dynamax|
|-heal|p1a: Calyrex|100/100|[silent]
|move|p1a: Calyrex|Max Phantasm|p2a: Arceus
|-immune|p2a: Arceus
|
|upkeep
|turn|16
|
|t:|1668709426
|switch|p2a: Darkrai|Darkrai|100/100
|-damage|p2a: Darkrai|88/100|[from] Stealth Rock
|move|p1a: Calyrex|Max Mindstorm|p2a: Darkrai
|-immune|p2a: Darkrai
|
|-heal|p2a: Darkrai|94/100|[from] item: Leftovers
|upkeep
|turn|17
|-message|Lone Thief forfeited.
|
|win|DarkboiJ
|raw|Lone Thief's rating: 1768 &rarr; <strong>1762</strong><br />(-6 for losing)
|raw|DarkboiJ's rating: 2078 &rarr; <strong>2084</strong><br />(+6 for winning)
|l|☆Lone Thief
