|j|☆froy 18
|j|☆Obito152001
|t:|1664870019
|gametype|singles
|player|p1|froy 18|ethan|1616
|player|p2|Obito152001|blue-gen3two|1930
|teamsize|p1|6
|teamsize|p2|6
|gen|8
|tier|[Gen 8] National Dex AG
|rated|
|rule|HP Percentage Mod: HP is shown in percentages
|rule|Endless Battle Clause: Forcing endless battles is banned
|clearpoke
|poke|p1|Ditto|
|poke|p1|Cinderace, F|
|poke|p1|Zacian-*|
|poke|p1|Darmanitan-Galar, F|
|poke|p1|Necrozma-Dusk-Mane|
|poke|p1|Calyrex-Shadow|
|poke|p2|Arceus-*|
|poke|p2|Ditto|
|poke|p2|Ho-Oh|
|poke|p2|Arceus-*|
|poke|p2|Groudon|
|poke|p2|Kyogre|
|teampreview
|inactive|Battle timer is ON: inactive players will automatically lose when time's up. (requested by Obito152001)
|
|t:|1664870033
|start
|switch|p1a: Darmanitan|Darmanitan-Galar, F|100/100
|switch|p2a: Groudon|Groudon|100/100
|detailschange|p2a: Groudon|Groudon-Primal
|-primal|p2a: Groudon
|-weather|DesolateLand|[from] ability: Desolate Land|[of] p2a: Groudon
|turn|1
|
|t:|1664870041
|move|p1a: Darmanitan|Earthquake|p2a: Groudon
|-supereffective|p2a: Groudon
|-crit|p2a: Groudon
|-damage|p2a: Groudon|0 fnt
|faint|p2a: Groudon
|-weather|none
|
|upkeep
|
|t:|1664870049
|switch|p2a: Arceus|Arceus-Fairy|100/100
|turn|2
|
|t:|1664870052
|switch|p1a: Necrozma|Necrozma-Dusk-Mane|100/100
|move|p2a: Arceus|Stealth Rock|p1a: Necrozma
|-sidestart|p1: froy 18|move: Stealth Rock
|
|upkeep
|turn|3
|
|t:|1664870056
|switch|p2a: Ho-Oh|Ho-Oh|100/100
|move|p1a: Necrozma|Sunsteel Strike|p2a: Ho-Oh
|-resisted|p2a: Ho-Oh
|-damage|p2a: Ho-Oh|71/100
|
|upkeep
|turn|4
|
|t:|1664870059
|detailschange|p1a: Necrozma|Necrozma-Ultra
|-burst|p1a: Necrozma|Necrozma|Ultranecrozium Z
|move|p1a: Necrozma|Photon Geyser|p2a: Ho-Oh
|-damage|p2a: Ho-Oh|0 fnt
|faint|p2a: Ho-Oh
|
|upkeep
|
|t:|1664870074
|switch|p2a: Arceus|Arceus-Fairy|100/100
|turn|5
|
|t:|1664870078
|-zpower|p1a: Necrozma
|move|p1a: Necrozma|Light That Burns the Sky|p2a: Arceus|[zeffect]
|-damage|p2a: Arceus|22/100
|move|p2a: Arceus|Judgment|p1a: Necrozma
|-supereffective|p1a: Necrozma
|-damage|p1a: Necrozma|0 fnt
|faint|p1a: Necrozma
|
|upkeep
|
|t:|1664870087
|switch|p1a: Darmanitan|Darmanitan-Galar, F|100/100
|-damage|p1a: Darmanitan|76/100|[from] Stealth Rock
|turn|6
|
|t:|1664870092
|move|p1a: Darmanitan|Flare Blitz|p2a: Arceus
|-damage|p2a: Arceus|0 fnt
|faint|p2a: Arceus
|-damage|p1a: Darmanitan|67/100|[from] Recoil
|
|upkeep
|
|t:|1664870095
|switch|p2a: Kyogre|Kyogre|100/100
|detailschange|p2a: Kyogre|Kyogre-Primal
|-primal|p2a: Kyogre
|-weather|PrimordialSea|[from] ability: Primordial Sea|[of] p2a: Kyogre
|turn|7
|
|t:|1664870103
|switch|p1a: Cinderace|Cinderace, F|100/100
|move|p2a: Kyogre|Liquidation|p1a: Cinderace
|-supereffective|p1a: Cinderace
|-damage|p1a: Cinderace|0 fnt
|faint|p1a: Cinderace
|
|-weather|PrimordialSea|[upkeep]
|upkeep
|
|t:|1664870106
|switch|p1a: Darmanitan|Darmanitan-Galar, F|67/100
|-damage|p1a: Darmanitan|42/100|[from] Stealth Rock
|turn|8
|
|t:|1664870113
|move|p1a: Darmanitan|Earthquake|p2a: Kyogre
|-damage|p2a: Kyogre|42/100
|move|p2a: Kyogre|Liquidation|p1a: Darmanitan
|-damage|p1a: Darmanitan|0 fnt
|faint|p1a: Darmanitan
|
|-weather|PrimordialSea|[upkeep]
|upkeep
|
|t:|1664870119
|switch|p1a: Ditto|Ditto|100/100
|-damage|p1a: Ditto|88/100|[from] Stealth Rock
|-transform|p1a: Ditto|p2a: Kyogre|[from] ability: Imposter
|turn|9
|
|t:|1664870124
|move|p1a: Ditto|Liquidation|p2a: Kyogre
|-resisted|p2a: Kyogre
|-damage|p2a: Kyogre|1/100
|move|p2a: Kyogre|Rock Tomb|p1a: Ditto|[miss]
|-miss|p2a: Kyogre|p1a: Ditto
|
|-weather|PrimordialSea|[upkeep]
|upkeep
|turn|10
|
|t:|1664870129
|move|p1a: Ditto|Liquidation|p2a: Kyogre
|-resisted|p2a: Kyogre
|-damage|p2a: Kyogre|0 fnt
|faint|p2a: Kyogre
|
|-weather|PrimordialSea|[upkeep]
|upkeep
|
|t:|1664870132
|switch|p2a: Arceus|Arceus|100/100
|turn|11
|
|t:|1664870141
|-start|p2a: Arceus|Dynamax|
|-heal|p2a: Arceus|100/100|[silent]
|move|p1a: Ditto|Liquidation|p2a: Arceus
|-crit|p2a: Arceus
|-damage|p2a: Arceus|55/100
|move|p2a: Arceus|Max Strike|p1a: Ditto
|-damage|p1a: Ditto|7/100
|-unboost|p1a: Ditto|spe|1
|
|-weather|PrimordialSea|[upkeep]
|upkeep
|turn|12
|
|t:|1664870144
|move|p2a: Arceus|Max Quake|p1a: Ditto
|-damage|p1a: Ditto|0 fnt
|-boost|p2a: Arceus|spd|1
|faint|p1a: Ditto
|-weather|none
|
|upkeep
|
|t:|1664870152
|switch|p1a: Calyrex|Calyrex-Shadow|100/100
|-ability|p1a: Calyrex|As One
|-ability|p1a: Calyrex|Unnerve
|-damage|p1a: Calyrex|88/100|[from] Stealth Rock
|turn|13
|
|t:|1664870154
|move|p1a: Calyrex|Substitute|p1a: Calyrex
|-start|p1a: Calyrex|Substitute
|-damage|p1a: Calyrex|63/100
|move|p2a: Arceus|Max Phantasm|p1a: Calyrex
|-supereffective|p1a: Calyrex
|-end|p1a: Calyrex|Substitute
|-unboost|p1a: Calyrex|def|1
|
|upkeep
|-end|p2a: Arceus|Dynamax
|-heal|p2a: Arceus|55/100|[silent]
|turn|14
|
|t:|1664870164
|move|p1a: Calyrex|Psyshock|p2a: Arceus
|-damage|p2a: Arceus|18/100
|move|p2a: Arceus|Earthquake|p1a: Calyrex
|-damage|p1a: Calyrex|0 fnt
|faint|p1a: Calyrex
|
|upkeep
|
|t:|1664870167
|switch|p1a: Zacian|Zacian-Crowned|100/100
|-damage|p1a: Zacian|94/100|[from] Stealth Rock
|-ability|p1a: Zacian|Intrepid Sword|boost
|-boost|p1a: Zacian|atk|1
|turn|15
|
|t:|1664870170
|move|p1a: Zacian|Substitute|p1a: Zacian
|-start|p1a: Zacian|Substitute
|-damage|p1a: Zacian|69/100
|move|p2a: Arceus|Earthquake|p1a: Zacian
|-supereffective|p1a: Zacian
|-end|p1a: Zacian|Substitute
|
|upkeep
|turn|16
|-message|froy 18 forfeited.
|
|win|Obito152001
|raw|froy 18's rating: 1616 &rarr; <strong>1610</strong><br />(-6 for losing)
|raw|Obito152001's rating: 1930 &rarr; <strong>1936</strong><br />(+6 for winning)
|l|☆froy 18
