|j|☆Ayezii
|j|☆xLeonisx
|t:|1649740084
|gametype|singles
|player|p1|Ayezii|red|1606
|player|p2|xLeonisx|1|1652
|teamsize|p1|6
|teamsize|p2|6
|gen|8
|tier|[Gen 8] National Dex AG
|rated|
|rule|HP Percentage Mod: HP is shown in percentages
|rule|Endless Battle Clause: Forcing endless battles is banned
|clearpoke
|poke|p1|Kyogre|
|poke|p1|Cinderace, F|
|poke|p1|Kangaskhan, F|
|poke|p1|Zacian-*|
|poke|p1|Calyrex-Shadow|
|poke|p1|Ditto|
|poke|p2|Kyogre|
|poke|p2|Arceus-*|
|poke|p2|Lugia|
|poke|p2|Calyrex-Shadow|
|poke|p2|Deoxys-Speed|
|poke|p2|Zacian-*|
|teampreview
|inactive|Battle timer is ON: inactive players will automatically lose when time's up. (requested by xLeonisx)
|
|t:|1649740092
|start
|switch|p1a: Poggers Fish|Kyogre|100/100
|switch|p2a: Deoxys|Deoxys-Speed|100/100
|-ability|p2a: Deoxys|Pressure
|detailschange|p1a: Poggers Fish|Kyogre-Primal
|-primal|p1a: Poggers Fish
|-weather|PrimordialSea|[from] ability: Primordial Sea|[of] p1a: Poggers Fish
|turn|1
|
|t:|1649740095
|move|p2a: Deoxys|Thunder Wave|p1a: Poggers Fish
|-status|p1a: Poggers Fish|par
|move|p1a: Poggers Fish|Thunder|p2a: Deoxys
|-damage|p2a: Deoxys|13/100
|
|-weather|PrimordialSea|[upkeep]
|upkeep
|turn|2
|
|t:|1649740097
|move|p2a: Deoxys|Stealth Rock|p1a: Poggers Fish
|-sidestart|p1: Ayezii|move: Stealth Rock
|move|p1a: Poggers Fish|Thunder|p2a: Deoxys
|-damage|p2a: Deoxys|0 fnt
|faint|p2a: Deoxys
|
|-weather|PrimordialSea|[upkeep]
|upkeep
|
|t:|1649740103
|switch|p2a: Kyogre|Kyogre|100/100
|detailschange|p2a: Kyogre|Kyogre-Primal
|-primal|p2a: Kyogre
|turn|3
|
|t:|1649740105
|move|p2a: Kyogre|Thunder|p1a: Poggers Fish
|-supereffective|p1a: Poggers Fish
|-damage|p1a: Poggers Fish|50/100 par
|cant|p1a: Poggers Fish|par
|
|-weather|PrimordialSea|[upkeep]
|upkeep
|turn|4
|
|t:|1649740107
|move|p2a: Kyogre|Thunder|p1a: Poggers Fish
|-supereffective|p1a: Poggers Fish
|-damage|p1a: Poggers Fish|0 fnt
|faint|p1a: Poggers Fish
|
|-weather|PrimordialSea|[upkeep]
|upkeep
|
|t:|1649740114
|switch|p1a: Cheems|Zacian-Crowned, shiny|100/100
|-damage|p1a: Cheems|94/100|[from] Stealth Rock
|-ability|p1a: Cheems|Intrepid Sword|boost
|-boost|p1a: Cheems|atk|1
|turn|5
|
|t:|1649740140
|move|p1a: Cheems|Wild Charge|p2a: Kyogre
|-supereffective|p2a: Kyogre
|-damage|p2a: Kyogre|0 fnt
|faint|p2a: Kyogre
|-weather|none
|-damage|p1a: Cheems|68/100|[from] Recoil
|
|upkeep
|
|t:|1649740144
|switch|p2a: Calyrex|Calyrex-Shadow|100/100
|-ability|p2a: Calyrex|As One
|-ability|p2a: Calyrex|Unnerve
|turn|6
|
|t:|1649740157
|move|p2a: Calyrex|Astral Barrage|p1a: Cheems
|-damage|p1a: Cheems|1/100
|move|p1a: Cheems|Behemoth Blade|p2a: Calyrex
|-crit|p2a: Calyrex
|-enditem|p2a: Calyrex|Focus Sash
|-damage|p2a: Calyrex|1/100
|
|upkeep
|turn|7
|c|☆xLeonisx|wow
|c|☆xLeonisx|that is so gay
|
|t:|1649740173
|move|p2a: Calyrex|Aromatherapy||[still]
|-activate|p2a: Calyrex|move: Aromatherapy
|-fail|p2a: Calyrex
|move|p1a: Cheems|Behemoth Blade|p2a: Calyrex
|-damage|p2a: Calyrex|0 fnt
|faint|p2a: Calyrex
|
|upkeep
|
|t:|1649740175
|switch|p2a: Arceus|Arceus|100/100
|turn|8
|
|t:|1649740178
|move|p2a: Arceus|Extreme Speed|p1a: Cheems
|-resisted|p1a: Cheems
|-damage|p1a: Cheems|0 fnt
|faint|p1a: Cheems
|-damage|p2a: Arceus|91/100|[from] item: Life Orb
|
|upkeep
|c|☆xLeonisx|bruh
|
|t:|1649740185
|switch|p1a: Hore|Calyrex-Shadow|100/100
|-ability|p1a: Hore|As One
|-ability|p1a: Hore|Unnerve
|-damage|p1a: Hore|88/100|[from] Stealth Rock
|turn|9
|j|&Alex
|c|&Alex|/log xLeonisx was warned by Alex. (Using gay as a pejorative)
|hidelines|unlink|xleonisx
|c|&|/raw If you have questions about this action, please contact staff by making a <a href="view-help-request" class="button">help ticket</a>
|l|&Alex
|
|t:|1649740208
|-start|p1a: Hore|Dynamax|
|-heal|p1a: Hore|88/100|[silent]
|-start|p2a: Arceus|Dynamax|
|-heal|p2a: Arceus|91/100|[silent]
|move|p1a: Hore|Max Mindstorm|p2a: Arceus
|-damage|p2a: Arceus|55/100
|-fieldstart|move: Psychic Terrain
|move|p2a: Arceus|Max Quake|p1a: Hore
|-damage|p1a: Hore|51/100
|-boost|p2a: Arceus|spd|1
|-damage|p2a: Arceus|50/100|[from] item: Life Orb
|
|upkeep
|turn|10
|
|t:|1649740214
|move|p1a: Hore|Max Mindstorm|p2a: Arceus
|-damage|p2a: Arceus|23/100
|move|p2a: Arceus|Max Quake|p1a: Hore
|-damage|p1a: Hore|16/100
|-boost|p2a: Arceus|spd|1
|-damage|p2a: Arceus|18/100|[from] item: Life Orb
|
|upkeep
|turn|11
|
|t:|1649740229
|move|p1a: Hore|Max Mindstorm|p2a: Arceus
|-damage|p2a: Arceus|0 fnt
|faint|p2a: Arceus
|-ability|p1a: Hore|Grim Neigh|boost
|-boost|p1a: Hore|spa|1
|
|-end|p1a: Hore|Dynamax
|-heal|p1a: Hore|16/100|[silent]
|upkeep
|
|t:|1649740232
|switch|p2a: Lugia|Lugia|100/100
|turn|12
|
|t:|1649740234
|move|p1a: Hore|Astral Barrage|p2a: Lugia
|-supereffective|p2a: Lugia
|-damage|p2a: Lugia|32/100
|move|p2a: Lugia|Whirlwind|p1a: Hore
|drag|p1a: Sus|Ditto, shiny|100/100
|-damage|p1a: Sus|88/100|[from] Stealth Rock
|-transform|p1a: Sus|p2a: Lugia|[from] ability: Imposter
|
|upkeep
|turn|13
|
|t:|1649740243
|move|p1a: Sus|Thunder Wave|p2a: Lugia
|-status|p2a: Lugia|par
|move|p2a: Lugia|Thunder Wave|p1a: Sus
|-status|p1a: Sus|par
|
|-fieldend|move: Psychic Terrain
|upkeep
|turn|14
|
|t:|1649740248
|switch|p1a: Jotaro|Cinderace, F, shiny|100/100
|move|p2a: Lugia|Whirlwind|p1a: Jotaro
|drag|p1a: Sus|Ditto, shiny|88/100 par
|-damage|p1a: Sus|76/100 par|[from] Stealth Rock
|-transform|p1a: Sus|p2a: Lugia|[from] ability: Imposter
|
|upkeep
|turn|15
|
|t:|1649740255
|move|p1a: Sus|Defog|p2a: Lugia
|-unboost|p2a: Lugia|evasion|1
|-sideend|p1: Ayezii|Stealth Rock|[from] move: Defog|[of] p1a: Sus
|move|p2a: Lugia|Roost|p2a: Lugia
|-heal|p2a: Lugia|82/100 par
|-singleturn|p2a: Lugia|move: Roost
|
|upkeep
|turn|16
|
|t:|1649740266
|switch|p1a: Jotaro|Cinderace, F, shiny|100/100
|move|p2a: Lugia|Roost|p2a: Lugia
|-heal|p2a: Lugia|100/100 par
|-singleturn|p2a: Lugia|move: Roost
|
|upkeep
|turn|17
|
|t:|1649740268
|move|p1a: Jotaro|Pyro Ball|p2a: Lugia
|-damage|p2a: Lugia|83/100 par
|move|p2a: Lugia|Thunder Wave|p1a: Jotaro
|-status|p1a: Jotaro|par
|
|upkeep
|turn|18
|
|t:|1649740272
|cant|p1a: Jotaro|par
|move|p2a: Lugia|Roost|p2a: Lugia
|-heal|p2a: Lugia|100/100 par
|-singleturn|p2a: Lugia|move: Roost
|
|upkeep
|turn|19
|
|t:|1649740280
|move|p1a: Jotaro|Pyro Ball|p2a: Lugia
|-damage|p2a: Lugia|80/100 par
|move|p2a: Lugia|Whirlwind|p1a: Jotaro
|drag|p1a: Big Kangas|Kangaskhan, F, shiny|100/100
|
|upkeep
|turn|20
|
|t:|1649740285
|detailschange|p1a: Big Kangas|Kangaskhan-Mega, F, shiny
|-mega|p1a: Big Kangas|Kangaskhan|Kangaskhanite
|move|p1a: Big Kangas|Fake Out|p2a: Lugia
|-damage|p2a: Lugia|64/100 par
|-damage|p2a: Lugia|61/100 par
|-hitcount|p2a: Lugia|2
|cant|p2a: Lugia|flinch
|
|upkeep
|turn|21
|
|t:|1649740287
|move|p1a: Big Kangas|Body Slam|p2a: Lugia
|-damage|p2a: Lugia|30/100 par
|-damage|p2a: Lugia|23/100 par
|-hitcount|p2a: Lugia|2
|cant|p2a: Lugia|par
|
|upkeep
|turn|22
|
|t:|1649740292
|move|p1a: Big Kangas|Body Slam|p2a: Lugia
|-damage|p2a: Lugia|0 fnt
|faint|p2a: Lugia
|-hitcount|p2: Lugia|1
|
|upkeep
|
|t:|1649740296
|switch|p2a: Zacian|Zacian-Crowned|100/100
|-ability|p2a: Zacian|Intrepid Sword|boost
|-boost|p2a: Zacian|atk|1
|turn|23
|
|t:|1649740303
|move|p1a: Big Kangas|Sucker Punch|p2a: Zacian
|-resisted|p2a: Zacian
|-damage|p2a: Zacian|89/100
|-resisted|p2a: Zacian
|-damage|p2a: Zacian|86/100
|-hitcount|p2a: Zacian|2
|move|p2a: Zacian|Close Combat|p1a: Big Kangas
|-supereffective|p1a: Big Kangas
|-damage|p1a: Big Kangas|0 fnt
|-unboost|p2a: Zacian|def|1
|-unboost|p2a: Zacian|spd|1
|faint|p1a: Big Kangas
|
|upkeep
|
|t:|1649740306
|switch|p1a: Hore|Calyrex-Shadow|16/100
|-ability|p1a: Hore|As One
|-ability|p1a: Hore|Unnerve
|turn|24
|
|t:|1649740312
|move|p1a: Hore|Astral Barrage|p2a: Zacian
|-damage|p2a: Zacian|0 fnt
|faint|p2a: Zacian
|
|win|Ayezii
|raw|Ayezii's rating: 1606 &rarr; <strong>1629</strong><br />(+23 for winning)
|raw|xLeonisx's rating: 1652 &rarr; <strong>1629</strong><br />(-23 for losing)
