|j|☆Quick top 500 tho
|j|☆Chompychipper
|t:|1649338134
|gametype|singles
|player|p1|Quick top 500 tho|xerosic|1568
|player|p2|Chompychipper|102|1556
|teamsize|p1|6
|teamsize|p2|6
|gen|8
|tier|[Gen 8] National Dex AG
|rated|
|rule|HP Percentage Mod: HP is shown in percentages
|rule|Endless Battle Clause: Forcing endless battles is banned
|clearpoke
|poke|p1|Rayquaza|
|poke|p1|Necrozma-Dusk-Mane|
|poke|p1|Yveltal|
|poke|p1|Zacian-*|
|poke|p1|Arceus-*|
|poke|p1|Arceus-*|
|poke|p2|Groudon|
|poke|p2|Groudon|
|poke|p2|Groudon|
|poke|p2|Groudon|
|poke|p2|Groudon|
|poke|p2|Groudon|
|teampreview
|inactive|Battle timer is ON: inactive players will automatically lose when time's up. (requested by Quick top 500 tho)
|
|t:|1649338164
|start
|switch|p1a: Necrozma|Necrozma-Dusk-Mane|100/100
|switch|p2a: Groudon|Groudon|100/100
|-weather|SunnyDay|[from] ability: Drought|[of] p2a: Groudon
|turn|1
|
|t:|1649338170
|move|p2a: Groudon|Stealth Rock|p1a: Necrozma
|-sidestart|p1: Quick top 500 tho|move: Stealth Rock
|move|p1a: Necrozma|Stealth Rock|p2a: Groudon
|-sidestart|p2: Chompychipper|move: Stealth Rock
|
|-weather|SunnyDay|[upkeep]
|upkeep
|turn|2
|
|t:|1649338181
|switch|p1a: Arceus|Arceus-Dragon|100/100
|-damage|p1a: Arceus|88/100|[from] Stealth Rock
|move|p2a: Groudon|Roar|p1a: Arceus
|drag|p1a: Arceus|Arceus-Flying|100/100
|-damage|p1a: Arceus|76/100|[from] Stealth Rock
|
|-weather|SunnyDay|[upkeep]
|upkeep
|turn|3
|
|t:|1649338192
|switch|p1a: Arceus|Arceus-Dragon|88/100
|-damage|p1a: Arceus|76/100|[from] Stealth Rock
|move|p2a: Groudon|Roar|p1a: Arceus
|drag|p1a: Yveltal|Yveltal|100/100
|-ability|p1a: Yveltal|Dark Aura
|
|-weather|SunnyDay|[upkeep]
|upkeep
|turn|4
|
|t:|1649338200
|move|p1a: Yveltal|Foul Play|p2a: Groudon
|-damage|p2a: Groudon|48/100
|move|p2a: Groudon|Heat Crash|p1a: Yveltal
|-damage|p1a: Yveltal|50/100
|
|-weather|SunnyDay|[upkeep]
|upkeep
|turn|5
|
|t:|1649338204
|move|p1a: Yveltal|Foul Play|p2a: Groudon
|-damage|p2a: Groudon|0 fnt
|faint|p2a: Groudon
|
|-weather|none
|upkeep
|
|t:|1649338214
|switch|p2a: Groudon|Groudon|100/100
|-damage|p2a: Groudon|94/100|[from] Stealth Rock
|-weather|SunnyDay|[from] ability: Drought|[of] p2a: Groudon
|turn|6
|
|t:|1649338224
|switch|p1a: Arceus|Arceus-Dragon|76/100
|-damage|p1a: Arceus|63/100|[from] Stealth Rock
|-start|p2a: Groudon|Dynamax|
|-heal|p2a: Groudon|94/100|[silent]
|move|p2a: Groudon|Max Airstream|p1a: Arceus
|-damage|p1a: Arceus|37/100
|-boost|p2a: Groudon|spe|1
|
|-weather|SunnyDay|[upkeep]
|upkeep
|turn|7
|
|t:|1649338233
|move|p2a: Groudon|Max Quake|p1a: Arceus
|-damage|p1a: Arceus|0 fnt
|-boost|p2a: Groudon|spd|1
|faint|p1a: Arceus
|
|-weather|SunnyDay|[upkeep]
|upkeep
|
|t:|1649338260
|switch|p1a: Arceus|Arceus-Flying|76/100
|-damage|p1a: Arceus|51/100|[from] Stealth Rock
|turn|8
|
|t:|1649338266
|-start|p1a: Arceus|Dynamax|
|-heal|p1a: Arceus|51/100|[silent]
|move|p1a: Arceus|Max Guard|p1a: Arceus
|-singleturn|p1a: Arceus|Max Guard
|move|p2a: Groudon|Max Rockfall|p1a: Arceus
|-activate|p1a: Arceus|move: Max Guard
|
|-weather|SunnyDay|[upkeep]
|-end|p2a: Groudon|Dynamax
|-heal|p2a: Groudon|94/100|[silent]
|upkeep
|turn|9
|
|t:|1649338273
|move|p2a: Groudon|Stone Edge|p1a: Arceus
|-supereffective|p1a: Arceus
|-damage|p1a: Arceus|23/100
|move|p1a: Arceus|Max Quake|p2a: Groudon
|-damage|p2a: Groudon|70/100
|-boost|p1a: Arceus|spd|1
|
|-weather|SunnyDay|[upkeep]
|upkeep
|turn|10
|
|t:|1649338279
|move|p2a: Groudon|Stone Edge|p1a: Arceus
|-supereffective|p1a: Arceus
|-damage|p1a: Arceus|0 fnt
|faint|p1a: Arceus
|
|-weather|none
|upkeep
|
|t:|1649338282
|switch|p1a: Rayquaza|Rayquaza|100/100
|-damage|p1a: Rayquaza|76/100|[from] Stealth Rock
|-ability|p1a: Rayquaza|Air Lock
|turn|11
|
|t:|1649338285
|detailschange|p1a: Rayquaza|Rayquaza-Mega
|-mega|p1a: Rayquaza|Rayquaza|
|-weather|DeltaStream|[from] ability: Delta Stream|[of] p1a: Rayquaza
|move|p2a: Groudon|Stone Edge|p1a: Rayquaza|[miss]
|-miss|p2a: Groudon|p1a: Rayquaza
|move|p1a: Rayquaza|Draco Meteor|p2a: Groudon
|-damage|p2a: Groudon|4/100
|-unboost|p1a: Rayquaza|spa|2
|-damage|p1a: Rayquaza|66/100|[from] item: Life Orb
|
|-weather|DeltaStream|[upkeep]
|upkeep
|turn|12
|inactive|Chompychipper has 120 seconds left.
|
|t:|1649338326
|move|p1a: Rayquaza|Extreme Speed|p2a: Groudon
|-damage|p2a: Groudon|0 fnt
|faint|p2a: Groudon
|-damage|p1a: Rayquaza|56/100|[from] item: Life Orb
|
|-weather|DeltaStream|[upkeep]
|upkeep
|
|t:|1649338337
|switch|p2a: Groudon|Groudon|100/100
|-damage|p2a: Groudon|94/100|[from] Stealth Rock
|detailschange|p2a: Groudon|Groudon-Primal
|-primal|p2a: Groudon
|-weather|DesolateLand|[from] ability: Desolate Land|[of] p2a: Groudon
|turn|13
|
|t:|1649338341
|move|p1a: Rayquaza|Dragon Ascent|p2a: Groudon
|-damage|p2a: Groudon|29/100
|-unboost|p1a: Rayquaza|def|1
|-unboost|p1a: Rayquaza|spd|1
|-damage|p1a: Rayquaza|46/100|[from] item: Life Orb
|move|p2a: Groudon|Dragon Claw|p1a: Rayquaza
|-supereffective|p1a: Rayquaza
|-damage|p1a: Rayquaza|0 fnt
|faint|p1a: Rayquaza
|
|-weather|DesolateLand|[upkeep]
|upkeep
|
|t:|1649338347
|switch|p1a: Zacian|Zacian-Crowned|100/100
|-damage|p1a: Zacian|94/100|[from] Stealth Rock
|-ability|p1a: Zacian|Intrepid Sword|boost
|-boost|p1a: Zacian|atk|1
|turn|14
|
|t:|1649338351
|move|p1a: Zacian|Close Combat|p2a: Groudon
|-damage|p2a: Groudon|0 fnt
|-unboost|p1a: Zacian|def|1
|-unboost|p1a: Zacian|spd|1
|faint|p2a: Groudon
|-weather|none
|
|upkeep
|
|t:|1649338356
|switch|p2a: Groudon|Groudon|100/100
|-damage|p2a: Groudon|94/100|[from] Stealth Rock
|detailschange|p2a: Groudon|Groudon-Primal
|-primal|p2a: Groudon
|-weather|DesolateLand|[from] ability: Desolate Land|[of] p2a: Groudon
|turn|15
|
|t:|1649338363
|switch|p1a: Yveltal|Yveltal|50/100
|-ability|p1a: Yveltal|Dark Aura
|move|p2a: Groudon|Earthquake|p1a: Yveltal
|-immune|p1a: Yveltal
|
|-weather|DesolateLand|[upkeep]
|upkeep
|turn|16
|
|t:|1649338373
|-weather|none
|switch|p2a: Groudon|Groudon|100/100
|-damage|p2a: Groudon|94/100|[from] Stealth Rock
|-weather|SunnyDay|[from] ability: Drought|[of] p2a: Groudon
|move|p1a: Yveltal|Roost|p1a: Yveltal
|-heal|p1a: Yveltal|99/100
|-singleturn|p1a: Yveltal|move: Roost
|
|-weather|SunnyDay|[upkeep]
|upkeep
|turn|17
|
|t:|1649338376
|move|p1a: Yveltal|Foul Play|p2a: Groudon
|-damage|p2a: Groudon|43/100
|move|p2a: Groudon|Swords Dance|p2a: Groudon
|-boost|p2a: Groudon|atk|2
|
|-weather|SunnyDay|[upkeep]
|upkeep
|turn|18
|
|t:|1649338380
|move|p1a: Yveltal|Foul Play|p2a: Groudon
|-damage|p2a: Groudon|0 fnt
|faint|p2a: Groudon
|
|-weather|SunnyDay|[upkeep]
|upkeep
|
|t:|1649338382
|switch|p2a: Groudon|Groudon|100/100
|-damage|p2a: Groudon|94/100|[from] Stealth Rock
|detailschange|p2a: Groudon|Groudon-Primal
|-primal|p2a: Groudon
|-weather|DesolateLand|[from] ability: Desolate Land|[of] p2a: Groudon
|turn|19
|
|t:|1649338389
|switch|p1a: Zacian|Zacian-Crowned|94/100
|-damage|p1a: Zacian|88/100|[from] Stealth Rock
|-ability|p1a: Zacian|Intrepid Sword|boost
|-boost|p1a: Zacian|atk|1
|move|p2a: Groudon|Eruption|p1a: Zacian
|-supereffective|p1a: Zacian
|-crit|p1a: Zacian
|-damage|p1a: Zacian|0 fnt
|faint|p1a: Zacian
|
|-weather|DesolateLand|[upkeep]
|upkeep
|
|t:|1649338400
|switch|p1a: Yveltal|Yveltal|99/100
|-ability|p1a: Yveltal|Dark Aura
|turn|20
|
|t:|1649338407
|move|p2a: Groudon|Eruption|p1a: Yveltal
|-damage|p1a: Yveltal|33/100
|move|p1a: Yveltal|Roost|p1a: Yveltal
|-heal|p1a: Yveltal|83/100
|-singleturn|p1a: Yveltal|move: Roost
|
|-weather|DesolateLand|[upkeep]
|upkeep
|turn|21
|
|t:|1649338410
|move|p2a: Groudon|Eruption|p1a: Yveltal
|-damage|p1a: Yveltal|15/100
|move|p1a: Yveltal|Roost|p1a: Yveltal
|-heal|p1a: Yveltal|65/100
|-singleturn|p1a: Yveltal|move: Roost
|
|-weather|DesolateLand|[upkeep]
|upkeep
|turn|22
|
|t:|1649338414
|move|p2a: Groudon|Eruption|p1a: Yveltal
|-damage|p1a: Yveltal|3/100
|move|p1a: Yveltal|Roost|p1a: Yveltal
|-heal|p1a: Yveltal|53/100
|-singleturn|p1a: Yveltal|move: Roost
|
|-weather|DesolateLand|[upkeep]
|upkeep
|turn|23
|
|t:|1649338418
|move|p2a: Groudon|Eruption|p1a: Yveltal
|-damage|p1a: Yveltal|0 fnt
|faint|p1a: Yveltal
|
|-weather|DesolateLand|[upkeep]
|upkeep
|c|☆Chompychipper|gg
|-message|Quick top 500 tho forfeited.
|
|win|Chompychipper
|raw|Quick top 500 tho's rating: 1568 &rarr; <strong>1547</strong><br />(-21 for losing)
|raw|Chompychipper's rating: 1556 &rarr; <strong>1577</strong><br />(+21 for winning)
|l|☆Quick top 500 tho
||Ladder isn't responding, score probably updated but might not have (Request timeout).
