|j|☆Rasputin2004
|j|☆ElitetoN
|t:|1663864845
|gametype|singles
|player|p1|Rasputin2004|zinnia|1590
|player|p2|ElitetoN|sabrina|1792
|teamsize|p1|6
|teamsize|p2|6
|gen|8
|tier|[Gen 8] National Dex AG
|rated|
|rule|HP Percentage Mod: HP is shown in percentages
|rule|Endless Battle Clause: Forcing endless battles is banned
|clearpoke
|poke|p1|Klefki, F|
|poke|p1|Rillaboom, M|
|poke|p1|Greninja, M|
|poke|p1|Landorus-Therian, M|
|poke|p1|Tapu Koko|
|poke|p1|Salamence, M|
|poke|p2|Arceus-*|
|poke|p2|Rayquaza|
|poke|p2|Kyogre|
|poke|p2|Yveltal|
|poke|p2|Tyranitar, F|
|poke|p2|Necrozma-Dusk-Mane|
|teampreview
|inactive|Battle timer is ON: inactive players will automatically lose when time's up. (requested by ElitetoN)
|
|t:|1663864860
|start
|switch|p1a: Landorus|Landorus-Therian, M|100/100
|switch|p2a: Kyogre|Kyogre|100/100
|-weather|RainDance|[from] ability: Drizzle|[of] p2a: Kyogre
|-ability|p1a: Landorus|Intimidate|boost
|-unboost|p2a: Kyogre|atk|1
|turn|1
|
|t:|1663864867
|switch|p1a: Rillaboom|Rillaboom, M|100/100
|-fieldstart|move: Grassy Terrain|[from] ability: Grassy Surge|[of] p1a: Rillaboom
|move|p2a: Kyogre|Water Spout|p1a: Rillaboom
|-resisted|p1a: Rillaboom
|-damage|p1a: Rillaboom|24/100
|
|-weather|RainDance|[upkeep]
|-heal|p1a: Rillaboom|30/100|[from] Grassy Terrain
|upkeep
|turn|2
|
|t:|1663864876
|switch|p2a: Necrozma|Necrozma-Dusk-Mane|100/100
|move|p1a: Rillaboom|Grassy Glide|p2a: Necrozma
|-resisted|p2a: Necrozma
|-damage|p2a: Necrozma|81/100
|-damage|p1a: Rillaboom|14/100|[from] item: Rocky Helmet|[of] p2a: Necrozma
|
|-weather|RainDance|[upkeep]
|-heal|p1a: Rillaboom|20/100|[from] Grassy Terrain
|-heal|p2a: Necrozma|87/100|[from] Grassy Terrain
|upkeep
|turn|3
|
|t:|1663864884
|switch|p1a: Klefki|Klefki, F|100/100
|move|p2a: Necrozma|Knock Off|p1a: Klefki
|-resisted|p1a: Klefki
|-damage|p1a: Klefki|84/100
|-enditem|p1a: Klefki|Light Clay|[from] move: Knock Off|[of] p2a: Necrozma
|
|-weather|RainDance|[upkeep]
|-heal|p2a: Necrozma|93/100|[from] Grassy Terrain
|-heal|p1a: Klefki|89/100|[from] Grassy Terrain
|upkeep
|turn|4
|
|t:|1663864889
|move|p1a: Klefki|Thunder Wave|p2a: Necrozma
|-status|p2a: Necrozma|par
|move|p2a: Necrozma|Stealth Rock|p1a: Klefki
|-sidestart|p1: Rasputin2004|move: Stealth Rock
|
|-weather|RainDance|[upkeep]
|-heal|p1a: Klefki|95/100|[from] Grassy Terrain
|-heal|p2a: Necrozma|99/100 par|[from] Grassy Terrain
|upkeep
|turn|5
|
|t:|1663864895
|move|p1a: Klefki|Defog|p2a: Necrozma
|-unboost|p2a: Necrozma|evasion|1
|-sideend|p1: Rasputin2004|Stealth Rock|[from] move: Defog|[of] p1a: Klefki
|-fieldend|move: Grassy Terrain
|move|p2a: Necrozma|Sunsteel Strike|p1a: Klefki
|-damage|p1a: Klefki|43/100
|
|-weather|none
|upkeep
|turn|6
|
|t:|1663864901
|move|p1a: Klefki|Reflect|p1a: Klefki
|-sidestart|p1: Rasputin2004|Reflect
|move|p2a: Necrozma|Sunsteel Strike|p1a: Klefki
|-damage|p1a: Klefki|19/100
|
|upkeep
|turn|7
|
|t:|1663864904
|switch|p1a: Salamence|Salamence, M|100/100
|-ability|p1a: Salamence|Intimidate|boost
|-unboost|p2a: Necrozma|atk|1
|move|p2a: Necrozma|Sunsteel Strike|p1a: Salamence
|-damage|p1a: Salamence|81/100
|
|upkeep
|turn|8
|
|t:|1663864918
|switch|p2a: Tyranitar|Tyranitar, F|100/100
|-weather|Sandstorm|[from] ability: Sand Stream|[of] p2a: Tyranitar
|detailschange|p1a: Salamence|Salamence-Mega, M
|-mega|p1a: Salamence|Salamence|Salamencite
|move|p1a: Salamence|Substitute|p1a: Salamence
|-start|p1a: Salamence|Substitute
|-damage|p1a: Salamence|56/100
|
|-weather|Sandstorm|[upkeep]
|-damage|p1a: Salamence|50/100|[from] Sandstorm
|upkeep
|turn|9
|
|t:|1663864931
|move|p1a: Salamence|Dragon Dance|p1a: Salamence
|-boost|p1a: Salamence|atk|1
|-boost|p1a: Salamence|spe|1
|move|p2a: Tyranitar|Rock Blast|p1a: Salamence
|-supereffective|p1a: Salamence
|-activate|p1a: Salamence|move: Substitute|[damage]
|-supereffective|p1a: Salamence
|-activate|p1a: Salamence|move: Substitute|[damage]
|-supereffective|p1a: Salamence
|-end|p1a: Salamence|Substitute
|-supereffective|p1a: Salamence
|-damage|p1a: Salamence|40/100
|-supereffective|p1a: Salamence
|-damage|p1a: Salamence|30/100
|-hitcount|p1a: Salamence|5
|
|-weather|Sandstorm|[upkeep]
|-damage|p1a: Salamence|24/100|[from] Sandstorm
|upkeep
|turn|10
|
|t:|1663864949
|move|p1a: Salamence|Earthquake|p2a: Tyranitar
|-supereffective|p2a: Tyranitar
|-damage|p2a: Tyranitar|14/100
|move|p2a: Tyranitar|Rock Blast|p1a: Salamence
|-supereffective|p1a: Salamence
|-damage|p1a: Salamence|15/100
|-supereffective|p1a: Salamence
|-damage|p1a: Salamence|5/100
|-hitcount|p1a: Salamence|2
|
|-weather|Sandstorm|[upkeep]
|-damage|p1a: Salamence|0 fnt|[from] Sandstorm
|faint|p1a: Salamence
|-heal|p2a: Tyranitar|20/100|[from] item: Leftovers
|-sideend|p1: Rasputin2004|Reflect
|upkeep
|
|t:|1663864957
|switch|p1a: Rillaboom|Rillaboom, M|20/100
|-fieldstart|move: Grassy Terrain|[from] ability: Grassy Surge|[of] p1a: Rillaboom
|turn|11
|
|t:|1663864962
|switch|p2a: Necrozma|Necrozma-Dusk-Mane|99/100 par
|move|p1a: Rillaboom|U-turn|p2a: Necrozma
|-damage|p2a: Necrozma|77/100 par
|-damage|p1a: Rillaboom|3/100|[from] item: Rocky Helmet|[of] p2a: Necrozma
|
|t:|1663864967
|switch|p1a: Landorus|Landorus-Therian, M|100/100|[from]move: U-turn
|-ability|p1a: Landorus|Intimidate|boost
|-unboost|p2a: Necrozma|atk|1
|
|-weather|Sandstorm|[upkeep]
|-heal|p2a: Necrozma|83/100 par|[from] Grassy Terrain
|upkeep
|turn|12
|
|t:|1663864970
|move|p1a: Landorus|Stealth Rock|p2a: Necrozma
|-sidestart|p2: ElitetoN|move: Stealth Rock
|move|p2a: Necrozma|Stealth Rock|p1a: Landorus
|-sidestart|p1: Rasputin2004|move: Stealth Rock
|
|-weather|none
|-heal|p2a: Necrozma|89/100 par|[from] Grassy Terrain
|upkeep
|turn|13
|
|t:|1663864977
|-start|p1a: Landorus|Dynamax|
|-heal|p1a: Landorus|100/100|[silent]
|move|p1a: Landorus|Max Quake|p2a: Necrozma
|-supereffective|p2a: Necrozma
|-damage|p2a: Necrozma|33/100 par
|-boost|p1a: Landorus|spd|1
|move|p2a: Necrozma|Knock Off|p1a: Landorus
|-damage|p1a: Landorus|88/100
|-enditem|p1a: Landorus|Focus Sash|[from] move: Knock Off|[of] p2a: Necrozma
|
|-heal|p2a: Necrozma|39/100 par|[from] Grassy Terrain
|upkeep
|turn|14
|
|t:|1663864988
|switch|p2a: Tyranitar|Tyranitar, F|20/100
|-damage|p2a: Tyranitar|8/100|[from] Stealth Rock
|-weather|Sandstorm|[from] ability: Sand Stream|[of] p2a: Tyranitar
|move|p1a: Landorus|Max Quake|p2a: Tyranitar
|-supereffective|p2a: Tyranitar
|-damage|p2a: Tyranitar|0 fnt
|-boost|p1a: Landorus|spd|1
|faint|p2a: Tyranitar
|
|-weather|Sandstorm|[upkeep]
|upkeep
|
|t:|1663864993
|switch|p2a: Kyogre|Kyogre|100/100
|-damage|p2a: Kyogre|88/100|[from] Stealth Rock
|-weather|RainDance|[from] ability: Drizzle|[of] p2a: Kyogre
|turn|15
|
|t:|1663864998
|move|p2a: Kyogre|Water Spout|p1a: Landorus
|-supereffective|p1a: Landorus
|-damage|p1a: Landorus|21/100
|move|p1a: Landorus|Max Quake|p2a: Kyogre
|-damage|p2a: Kyogre|11/100
|-boost|p1a: Landorus|spd|1
|
|-weather|RainDance|[upkeep]
|-heal|p2a: Kyogre|17/100|[from] Grassy Terrain
|-fieldend|move: Grassy Terrain
|upkeep
|-end|p1a: Landorus|Dynamax
|-heal|p1a: Landorus|21/100|[silent]
|turn|16
|
|t:|1663865008
|switch|p2a: Necrozma|Necrozma-Dusk-Mane|39/100 par
|-damage|p2a: Necrozma|33/100 par|[from] Stealth Rock
|move|p1a: Landorus|Rock Slide|p2a: Necrozma
|-resisted|p2a: Necrozma
|-damage|p2a: Necrozma|26/100 par
|
|-weather|RainDance|[upkeep]
|upkeep
|turn|17
|
|t:|1663865018
|move|p1a: Landorus|Earthquake|p2a: Necrozma
|-supereffective|p2a: Necrozma
|-damage|p2a: Necrozma|0 fnt
|faint|p2a: Necrozma
|
|-weather|RainDance|[upkeep]
|upkeep
|
|t:|1663865025
|switch|p2a: Kyogre|Kyogre|17/100
|-damage|p2a: Kyogre|4/100|[from] Stealth Rock
|turn|18
|
|t:|1663865034
|move|p2a: Kyogre|Scald|p1a: Landorus
|-supereffective|p1a: Landorus
|-damage|p1a: Landorus|0 fnt
|faint|p1a: Landorus
|
|-weather|RainDance|[upkeep]
|upkeep
|
|t:|1663865046
|switch|p1a: Greninja|Greninja, M, shiny|100/100
|-damage|p1a: Greninja|88/100|[from] Stealth Rock
|turn|19
|
|t:|1663865051
|switch|p2a: Rayquaza|Rayquaza|100/100
|-damage|p2a: Rayquaza|75/100|[from] Stealth Rock
|-ability|p2a: Rayquaza|Air Lock
|move|p1a: Greninja|Ice Beam|p2a: Rayquaza
|-start|p1a: Greninja|typechange|Ice|[from] ability: Protean
|-supereffective|p2a: Rayquaza
|-damage|p2a: Rayquaza|0 fnt
|faint|p2a: Rayquaza
|
|-weather|none
|upkeep
|
|t:|1663865056
|switch|p2a: Yveltal|Yveltal, shiny|100/100
|-damage|p2a: Yveltal|76/100|[from] Stealth Rock
|-ability|p2a: Yveltal|Dark Aura
|turn|20
|
|t:|1663865058
|-start|p2a: Yveltal|Dynamax|
|-heal|p2a: Yveltal|76/100|[silent]
|move|p1a: Greninja|Ice Beam|p2a: Yveltal
|-supereffective|p2a: Yveltal
|-damage|p2a: Yveltal|35/100
|move|p2a: Yveltal|Max Airstream|p1a: Greninja
|-damage|p1a: Greninja|0 fnt
|-boost|p2a: Yveltal|spe|1
|faint|p1a: Greninja
|-damage|p2a: Yveltal|30/100|[from] item: Life Orb
|
|upkeep
|
|t:|1663865069
|switch|p1a: Tapu Koko|Tapu Koko, shiny|100/100
|-damage|p1a: Tapu Koko|88/100|[from] Stealth Rock
|-fieldstart|move: Electric Terrain|[from] ability: Electric Surge|[of] p1a: Tapu Koko
|turn|21
|
|t:|1663865074
|move|p2a: Yveltal|Max Darkness|p1a: Tapu Koko
|-resisted|p1a: Tapu Koko
|-damage|p1a: Tapu Koko|3/100
|-unboost|p1a: Tapu Koko|spd|1
|-damage|p2a: Yveltal|25/100|[from] item: Life Orb
|move|p1a: Tapu Koko|Thunderbolt|p2a: Yveltal
|-supereffective|p2a: Yveltal
|-damage|p2a: Yveltal|0 fnt
|faint|p2a: Yveltal
|
|upkeep
|
|t:|1663865082
|switch|p2a: Arceus|Arceus-Ground|100/100
|-damage|p2a: Arceus|94/100|[from] Stealth Rock
|turn|22
|
|t:|1663865092
|move|p1a: Tapu Koko|Thunderbolt|p2a: Arceus
|-immune|p2a: Arceus
|move|p2a: Arceus|Judgment|p1a: Tapu Koko
|-supereffective|p1a: Tapu Koko
|-damage|p1a: Tapu Koko|0 fnt
|faint|p1a: Tapu Koko
|
|upkeep
|
|t:|1663865094
|switch|p1a: Klefki|Klefki, F|19/100
|-damage|p1a: Klefki|13/100|[from] Stealth Rock
|turn|23
|
|t:|1663865102
|move|p1a: Klefki|Defog|p2a: Arceus
|-unboost|p2a: Arceus|evasion|1
|-sideend|p2: ElitetoN|Stealth Rock|[from] move: Defog|[of] p1a: Klefki
|-sideend|p1: Rasputin2004|Stealth Rock|[from] move: Defog|[of] p1a: Klefki
|-fieldend|move: Electric Terrain
|move|p2a: Arceus|Judgment|p1a: Klefki
|-supereffective|p1a: Klefki
|-damage|p1a: Klefki|0 fnt
|faint|p1a: Klefki
|
|upkeep
|
|t:|1663865109
|switch|p1a: Rillaboom|Rillaboom, M|3/100
|-fieldstart|move: Grassy Terrain|[from] ability: Grassy Surge|[of] p1a: Rillaboom
|turn|24
|
|t:|1663865114
|move|p1a: Rillaboom|Grassy Glide|p2a: Arceus
|-supereffective|p2a: Arceus
|-damage|p2a: Arceus|0 fnt
|faint|p2a: Arceus
|
|-heal|p1a: Rillaboom|9/100|[from] Grassy Terrain
|upkeep
|
|t:|1663865117
|switch|p2a: Kyogre|Kyogre|4/100
|-weather|RainDance|[from] ability: Drizzle|[of] p2a: Kyogre
|turn|25
|
|t:|1663865119
|move|p1a: Rillaboom|Grassy Glide|p2a: Kyogre
|-supereffective|p2a: Kyogre
|-damage|p2a: Kyogre|0 fnt
|faint|p2a: Kyogre
|
|win|Rasputin2004
|raw|Rasputin2004's rating: 1590 &rarr; <strong>1620</strong><br />(+30 for winning)
|raw|ElitetoN's rating: 1792 &rarr; <strong>1762</strong><br />(-30 for losing)
|l|☆ElitetoN
