|j|☆penguins915
|j|‽Pokeashbattle
|t:|1641536991
|gametype|singles
|player|p1|penguins915|2|1385
|player|p2|Pokeashbattle|ethan|1354
|teamsize|p1|6
|teamsize|p2|6
|gen|8
|tier|[Gen 8] National Dex AG
|rated|
|rule|HP Percentage Mod: HP is shown in percentages
|rule|Endless Battle Clause: Forcing endless battles is banned
|clearpoke
|poke|p1|Ferrothorn, F|
|poke|p1|Blissey, F|
|poke|p1|Landorus-Therian, M|
|poke|p1|Kyogre|
|poke|p1|Sableye, F|
|poke|p1|Tapu Fini|
|poke|p2|Ninjask, M|
|poke|p2|Drifblim, M|
|poke|p2|Hatterene, F|
|poke|p2|Bellossom, F|
|poke|p2|Dubwool, F|
|poke|p2|Swinub, M|
|teampreview
|inactive|Battle timer is ON: inactive players will automatically lose when time's up. (requested by Pokeashbattle)
|
|t:|1641537003
|start
|switch|p1a: Kyogre|Kyogre|100/100
|switch|p2a: Ninjask|Ninjask, M|100/100
|-weather|RainDance|[from] ability: Drizzle|[of] p1a: Kyogre
|turn|1
|
|t:|1641537010
|move|p2a: Ninjask|Protect|p2a: Ninjask
|-singleturn|p2a: Ninjask|Protect
|move|p1a: Kyogre|Water Spout|p2a: Ninjask
|-activate|p2a: Ninjask|move: Protect
|
|-weather|RainDance|[upkeep]
|-ability|p2a: Ninjask|Speed Boost|boost
|-boost|p2a: Ninjask|spe|1
|upkeep
|turn|2
|
|t:|1641537018
|move|p2a: Ninjask|Substitute|p2a: Ninjask
|-start|p2a: Ninjask|Substitute
|-damage|p2a: Ninjask|76/100
|move|p1a: Kyogre|Water Spout|p2a: Ninjask
|-end|p2a: Ninjask|Substitute
|
|-weather|RainDance|[upkeep]
|-heal|p2a: Ninjask|82/100|[from] item: Leftovers
|-ability|p2a: Ninjask|Speed Boost|boost
|-boost|p2a: Ninjask|spe|1
|upkeep
|turn|3
|
|t:|1641537027
|move|p2a: Ninjask|Protect|p2a: Ninjask
|-singleturn|p2a: Ninjask|Protect
|move|p1a: Kyogre|Water Spout|p2a: Ninjask
|-activate|p2a: Ninjask|move: Protect
|
|-weather|RainDance|[upkeep]
|-heal|p2a: Ninjask|88/100|[from] item: Leftovers
|-ability|p2a: Ninjask|Speed Boost|boost
|-boost|p2a: Ninjask|spe|1
|upkeep
|turn|4
|
|t:|1641537036
|move|p2a: Ninjask|Substitute|p2a: Ninjask
|-start|p2a: Ninjask|Substitute
|-damage|p2a: Ninjask|63/100
|move|p1a: Kyogre|Water Spout|p2a: Ninjask
|-end|p2a: Ninjask|Substitute
|
|-weather|RainDance|[upkeep]
|-heal|p2a: Ninjask|69/100|[from] item: Leftovers
|-ability|p2a: Ninjask|Speed Boost|boost
|-boost|p2a: Ninjask|spe|1
|upkeep
|turn|5
|
|t:|1641537045
|switch|p1a: Sableye|Sableye, F|100/100
|move|p2a: Ninjask|Protect||[still]
|-fail|p2a: Ninjask
|
|-weather|none
|-heal|p2a: Ninjask|75/100|[from] item: Leftovers
|-ability|p2a: Ninjask|Speed Boost|boost
|-boost|p2a: Ninjask|spe|1
|upkeep
|turn|6
|
|t:|1641537054
|move|p1a: Sableye|Encore|p2a: Ninjask
|-start|p2a: Ninjask|Encore
|move|p2a: Ninjask|Protect||[still]
|-fail|p2a: Ninjask
|
|-heal|p2a: Ninjask|81/100|[from] item: Leftovers
|-ability|p2a: Ninjask|Speed Boost|boost
|-boost|p2a: Ninjask|spe|1
|upkeep
|turn|7
|
|t:|1641537062
|switch|p2a: Hatterene|Hatterene, F|100/100
|switch|p1a: Landorus|Landorus-Therian, M|100/100
|-ability|p1a: Landorus|Intimidate|boost
|-unboost|p2a: Hatterene|atk|1
|
|upkeep
|turn|8
|
|t:|1641537069
|move|p1a: Landorus|U-turn|p2a: Hatterene
|-damage|p2a: Hatterene|66/100
|
|t:|1641537072
|switch|p1a: Blissey|Blissey, F|100/100|[from]move: U-turn
|move|p2a: Hatterene|Substitute|p2a: Hatterene
|-start|p2a: Hatterene|Substitute
|-damage|p2a: Hatterene|41/100
|
|-heal|p2a: Hatterene|47/100|[from] item: Leftovers
|upkeep
|turn|9
|
|t:|1641537079
|move|p1a: Blissey|Seismic Toss|p2a: Hatterene
|-end|p2a: Hatterene|Substitute
|move|p2a: Hatterene|Calm Mind|p2a: Hatterene
|-boost|p2a: Hatterene|spa|1
|-boost|p2a: Hatterene|spd|1
|
|-heal|p2a: Hatterene|53/100|[from] item: Leftovers
|upkeep
|turn|10
|
|t:|1641537087
|move|p1a: Blissey|Seismic Toss|p2a: Hatterene
|-damage|p2a: Hatterene|21/100
|move|p2a: Hatterene|Substitute|p2a: Hatterene
|-fail|p2a: Hatterene|move: Substitute|[weak]
|
|-heal|p2a: Hatterene|27/100|[from] item: Leftovers
|upkeep
|turn|11
|
|t:|1641537093
|move|p1a: Blissey|Seismic Toss|p2a: Hatterene
|-damage|p2a: Hatterene|0 fnt
|faint|p2a: Hatterene
|
|upkeep
|
|t:|1641537103
|switch|p2a: Drifblim|Drifblim, M|100/100
|turn|12
|
|t:|1641537107
|move|p1a: Blissey|Protect|p1a: Blissey
|-singleturn|p1a: Blissey|Protect
|move|p2a: Drifblim|Minimize|p2a: Drifblim
|-boost|p2a: Drifblim|evasion|2
|
|upkeep
|turn|13
|
|t:|1641537113
|switch|p1a: Tapu Fini|Tapu Fini|100/100
|-fieldstart|move: Misty Terrain|[from] ability: Misty Surge|[of] p1a: Tapu Fini
|move|p2a: Drifblim|Substitute|p2a: Drifblim
|-start|p2a: Drifblim|Substitute
|-damage|p2a: Drifblim|75/100
|
|upkeep
|turn|14
|
|t:|1641537123
|move|p2a: Drifblim|Minimize|p2a: Drifblim
|-boost|p2a: Drifblim|evasion|2
|move|p1a: Tapu Fini|Iron Defense|p1a: Tapu Fini
|-boost|p1a: Tapu Fini|def|2
|
|upkeep
|turn|15
|
|t:|1641537130
|move|p2a: Drifblim|Minimize|p2a: Drifblim
|-boost|p2a: Drifblim|evasion|2
|move|p1a: Tapu Fini|Stored Power|p2a: Drifblim
|-crit|p2a: Drifblim
|-activate|p2a: Drifblim|move: Substitute|[damage]
|
|upkeep
|turn|16
|
|t:|1641537138
|move|p2a: Drifblim|Baton Pass|p2a: Drifblim
|
|t:|1641537141
|switch|p2a: Bellossom|Bellossom, F|100/100|[from]move: Baton Pass
|move|p1a: Tapu Fini|Stored Power|p2a: Bellossom|[miss]
|-miss|p1a: Tapu Fini|p2a: Bellossom
|
|upkeep
|turn|17
|
|t:|1641537150
|move|p2a: Bellossom|Ingrain|p2a: Bellossom
|-start|p2a: Bellossom|move: Ingrain
|move|p1a: Tapu Fini|Stored Power|p2a: Bellossom
|-end|p2a: Bellossom|Substitute
|
|-fieldend|Misty Terrain
|upkeep
|turn|18
|
|t:|1641537159
|switch|p1a: Ferrothorn|Ferrothorn, F|100/100
|move|p2a: Bellossom|Quiver Dance|p2a: Bellossom
|-boost|p2a: Bellossom|spa|1
|-boost|p2a: Bellossom|spd|1
|-boost|p2a: Bellossom|spe|1
|
|upkeep
|turn|19
|
|t:|1641537168
|move|p2a: Bellossom|Substitute|p2a: Bellossom
|-start|p2a: Bellossom|Substitute
|-damage|p2a: Bellossom|76/100
|move|p1a: Ferrothorn|Knock Off|p2a: Bellossom|[miss]
|-miss|p1a: Ferrothorn|p2a: Bellossom
|
|-heal|p2a: Bellossom|82/100|[from] item: Leftovers
|-heal|p2a: Bellossom|88/100|[from] Ingrain
|upkeep
|turn|20
|
|t:|1641537175
|move|p2a: Bellossom|Quiver Dance|p2a: Bellossom
|-boost|p2a: Bellossom|spa|1
|-boost|p2a: Bellossom|spd|1
|-boost|p2a: Bellossom|spe|1
|move|p1a: Ferrothorn|Gyro Ball|p2a: Bellossom|[miss]
|-miss|p1a: Ferrothorn|p2a: Bellossom
|
|-heal|p2a: Bellossom|94/100|[from] item: Leftovers
|-heal|p2a: Bellossom|100/100|[from] Ingrain
|upkeep
|turn|21
|
|t:|1641537185
|move|p2a: Bellossom|Quiver Dance|p2a: Bellossom
|-boost|p2a: Bellossom|spa|1
|-boost|p2a: Bellossom|spd|1
|-boost|p2a: Bellossom|spe|1
|move|p1a: Ferrothorn|Gyro Ball|p2a: Bellossom|[miss]
|-miss|p1a: Ferrothorn|p2a: Bellossom
|
|upkeep
|turn|22
|
|t:|1641537198
|switch|p1a: Landorus|Landorus-Therian, M|100/100
|-ability|p1a: Landorus|Intimidate|boost
|-immune|p2a: Bellossom
|move|p2a: Bellossom|Baton Pass|p2a: Bellossom
|
|t:|1641537205
|switch|p2a: Dubwool|Dubwool, F|100/100|[from]move: Baton Pass
|
|upkeep
|turn|23
|
|t:|1641537209
|move|p2a: Dubwool|Cotton Guard|p2a: Dubwool
|-boost|p2a: Dubwool|def|3
|move|p1a: Landorus|Earthquake|p2a: Dubwool
|-end|p2a: Dubwool|Substitute
|
|upkeep
|turn|24
|
|t:|1641537220
|-start|p1a: Landorus|Dynamax
|-heal|p1a: Landorus|100/100|[silent]
|move|p2a: Dubwool|Substitute|p2a: Dubwool
|-start|p2a: Dubwool|Substitute
|-damage|p2a: Dubwool|76/100
|move|p1a: Landorus|Max Quake|p2a: Dubwool
|-end|p2a: Dubwool|Substitute
|-boost|p1a: Landorus|spd|1
|
|-heal|p2a: Dubwool|82/100|[from] item: Leftovers
|-heal|p2a: Dubwool|88/100|[from] Ingrain
|upkeep
|turn|25
|
|t:|1641537234
|move|p2a: Dubwool|Substitute|p2a: Dubwool
|-start|p2a: Dubwool|Substitute
|-damage|p2a: Dubwool|63/100
|move|p1a: Landorus|Max Quake|p2a: Dubwool
|-end|p2a: Dubwool|Substitute
|-boost|p1a: Landorus|spd|1
|
|-heal|p2a: Dubwool|69/100|[from] item: Leftovers
|-heal|p2a: Dubwool|75/100|[from] Ingrain
|upkeep
|turn|26
|
|t:|1641537243
|move|p2a: Dubwool|Substitute|p2a: Dubwool
|-start|p2a: Dubwool|Substitute
|-damage|p2a: Dubwool|50/100
|move|p1a: Landorus|Max Quake|p2a: Dubwool
|-end|p2a: Dubwool|Substitute
|-boost|p1a: Landorus|spd|1
|
|-heal|p2a: Dubwool|56/100|[from] item: Leftovers
|-heal|p2a: Dubwool|62/100|[from] Ingrain
|-end|p1a: Landorus|Dynamax
|-heal|p1a: Landorus|100/100|[silent]
|upkeep
|turn|27
|
|t:|1641537253
|move|p2a: Dubwool|Protect|p2a: Dubwool
|-singleturn|p2a: Dubwool|Protect
|move|p1a: Landorus|Earthquake|p2a: Dubwool
|-activate|p2a: Dubwool|move: Protect
|
|-heal|p2a: Dubwool|69/100|[from] item: Leftovers
|-heal|p2a: Dubwool|75/100|[from] Ingrain
|upkeep
|turn|28
|
|t:|1641537263
|move|p2a: Dubwool|Substitute|p2a: Dubwool
|-start|p2a: Dubwool|Substitute
|-damage|p2a: Dubwool|50/100
|move|p1a: Landorus|Earthquake|p2a: Dubwool|[miss]
|-miss|p1a: Landorus|p2a: Dubwool
|
|-heal|p2a: Dubwool|56/100|[from] item: Leftovers
|-heal|p2a: Dubwool|62/100|[from] Ingrain
|upkeep
|turn|29
|
|t:|1641537271
|move|p2a: Dubwool|Cotton Guard|p2a: Dubwool
|-boost|p2a: Dubwool|def|3
|move|p1a: Landorus|Earthquake|p2a: Dubwool
|-end|p2a: Dubwool|Substitute
|
|-heal|p2a: Dubwool|68/100|[from] item: Leftovers
|-heal|p2a: Dubwool|74/100|[from] Ingrain
|upkeep
|turn|30
|
|t:|1641537280
|switch|p1a: Sableye|Sableye, F|100/100
|move|p2a: Dubwool|Substitute|p2a: Dubwool
|-start|p2a: Dubwool|Substitute
|-damage|p2a: Dubwool|49/100
|
|-heal|p2a: Dubwool|55/100|[from] item: Leftovers
|-heal|p2a: Dubwool|61/100|[from] Ingrain
|upkeep
|turn|31
|
|t:|1641537288
|move|p1a: Sableye|Encore|p2a: Dubwool|[miss]
|-miss|p1a: Sableye|p2a: Dubwool
|move|p2a: Dubwool|Baton Pass|p2a: Dubwool
|
|t:|1641537295
|switch|p2a: Ninjask|Ninjask, M|81/100|[from]move: Baton Pass
|
|-heal|p2a: Ninjask|88/100|[from] item: Leftovers
|-heal|p2a: Ninjask|94/100|[from] Ingrain
|upkeep
|turn|32
|
|t:|1641537302
|move|p1a: Sableye|Taunt|p2a: Ninjask
|-start|p2a: Ninjask|move: Taunt
|cant|p2a: Ninjask|move: Taunt|Swords Dance
|
|-heal|p2a: Ninjask|99/100|[from] item: Leftovers
|-heal|p2a: Ninjask|100/100|[from] Ingrain
|-ability|p2a: Ninjask|Speed Boost|boost
|-boost|p2a: Ninjask|spe|1
|upkeep
|turn|33
|
|t:|1641537310
|move|p1a: Sableye|Taunt||[still]
|-fail|p1a: Sableye
|-activate|p2a: Ninjask|move: Struggle
|move|p2a: Ninjask|Struggle|p1a: Sableye
|-damage|p1a: Sableye|93/100
|-damage|p2a: Ninjask|75/100|[from] recoil
|
|-heal|p2a: Ninjask|81/100|[from] item: Leftovers
|-heal|p2a: Ninjask|88/100|[from] Ingrain
|-ability|p2a: Ninjask|Speed Boost|boost
|-boost|p2a: Ninjask|spe|1
|upkeep
|turn|34
|
|t:|1641537320
|move|p1a: Sableye|Taunt||[still]
|-fail|p1a: Sableye
|-activate|p2a: Ninjask|move: Struggle
|move|p2a: Ninjask|Struggle|p1a: Sableye
|-damage|p1a: Sableye|84/100
|-damage|p2a: Ninjask|62/100|[from] recoil
|
|-heal|p2a: Ninjask|69/100|[from] item: Leftovers
|-heal|p2a: Ninjask|75/100|[from] Ingrain
|-end|p2a: Ninjask|move: Taunt
|-ability|p2a: Ninjask|Speed Boost|boost
|-boost|p2a: Ninjask|spe|1
|upkeep
|turn|35
|
|t:|1641537332
|move|p1a: Sableye|Taunt|p2a: Ninjask
|-start|p2a: Ninjask|move: Taunt
|cant|p2a: Ninjask|move: Taunt|Swords Dance
|
|-heal|p2a: Ninjask|81/100|[from] item: Leftovers
|-heal|p2a: Ninjask|87/100|[from] Ingrain
|upkeep
|turn|36
|
|t:|1641537339
|switch|p1a: Kyogre|Kyogre|100/100
|-weather|RainDance|[from] ability: Drizzle|[of] p1a: Kyogre
|-activate|p2a: Ninjask|move: Struggle
|move|p2a: Ninjask|Struggle|p1a: Kyogre
|-damage|p1a: Kyogre|92/100
|-damage|p2a: Ninjask|62/100|[from] recoil
|
|-weather|RainDance|[upkeep]
|-heal|p2a: Ninjask|68/100|[from] item: Leftovers
|-heal|p2a: Ninjask|74/100|[from] Ingrain
|upkeep
|turn|37
|
|t:|1641537350
|-activate|p2a: Ninjask|move: Struggle
|move|p2a: Ninjask|Struggle|p1a: Kyogre
|-damage|p1a: Kyogre|83/100
|-damage|p2a: Ninjask|49/100|[from] recoil
|move|p1a: Kyogre|Water Spout|p2a: Ninjask|[miss]
|-miss|p1a: Kyogre|p2a: Ninjask
|
|-weather|RainDance|[upkeep]
|-heal|p2a: Ninjask|55/100|[from] item: Leftovers
|-heal|p2a: Ninjask|61/100|[from] Ingrain
|-end|p2a: Ninjask|move: Taunt
|upkeep
|turn|38
|
|t:|1641537363
|switch|p1a: Sableye|Sableye, F|84/100
|move|p2a: Ninjask|Swords Dance|p2a: Ninjask
|-boost|p2a: Ninjask|atk|2
|
|-weather|RainDance|[upkeep]
|-heal|p2a: Ninjask|67/100|[from] item: Leftovers
|-heal|p2a: Ninjask|74/100|[from] Ingrain
|upkeep
|turn|39
|
|t:|1641537371
|move|p1a: Sableye|Taunt|p2a: Ninjask|[miss]
|-miss|p1a: Sableye|p2a: Ninjask
|move|p2a: Ninjask|Swords Dance|p2a: Ninjask
|-boost|p2a: Ninjask|atk|2
|
|-weather|RainDance|[upkeep]
|-heal|p2a: Ninjask|80/100|[from] item: Leftovers
|-heal|p2a: Ninjask|86/100|[from] Ingrain
|upkeep
|turn|40
|
|t:|1641537380
|move|p1a: Sableye|Taunt|p2a: Ninjask|[miss]
|-miss|p1a: Sableye|p2a: Ninjask
|move|p2a: Ninjask|Swords Dance|p2a: Ninjask
|-boost|p2a: Ninjask|atk|2
|
|-weather|none
|-heal|p2a: Ninjask|92/100|[from] item: Leftovers
|-heal|p2a: Ninjask|98/100|[from] Ingrain
|upkeep
|turn|41
|
|t:|1641537388
|move|p1a: Sableye|Taunt|p2a: Ninjask|[miss]
|-miss|p1a: Sableye|p2a: Ninjask
|move|p2a: Ninjask|Baton Pass|p2a: Ninjask
|
|t:|1641537393
|switch|p2a: Bellossom|Bellossom, F|100/100|[from]move: Baton Pass
|
|upkeep
|turn|42
|
|t:|1641537398
|move|p1a: Sableye|Taunt|p2a: Bellossom
|-start|p2a: Bellossom|move: Taunt
|cant|p2a: Bellossom|move: Taunt|Quiver Dance
|
|upkeep
|turn|43
|
|t:|1641537403
|move|p1a: Sableye|Encore|p2a: Bellossom|[miss]
|-miss|p1a: Sableye|p2a: Bellossom
|-activate|p2a: Bellossom|move: Struggle
|move|p2a: Bellossom|Struggle|p1a: Sableye
|-damage|p1a: Sableye|54/100
|-damage|p2a: Bellossom|75/100|[from] recoil
|
|-heal|p2a: Bellossom|82/100|[from] item: Leftovers
|-heal|p2a: Bellossom|88/100|[from] Ingrain
|upkeep
|turn|44
|
|t:|1641537415
|move|p1a: Sableye|Recover|p1a: Sableye
|-heal|p1a: Sableye|100/100
|-activate|p2a: Bellossom|move: Struggle
|move|p2a: Bellossom|Struggle|p1a: Sableye
|-damage|p1a: Sableye|70/100
|-damage|p2a: Bellossom|63/100|[from] recoil
|
|-heal|p2a: Bellossom|69/100|[from] item: Leftovers
|-heal|p2a: Bellossom|75/100|[from] Ingrain
|-end|p2a: Bellossom|move: Taunt
|upkeep
|turn|45
|
|t:|1641537427
|move|p1a: Sableye|Taunt|p2a: Bellossom
|-start|p2a: Bellossom|move: Taunt
|cant|p2a: Bellossom|move: Taunt|Quiver Dance
|
|-heal|p2a: Bellossom|81/100|[from] item: Leftovers
|-heal|p2a: Bellossom|88/100|[from] Ingrain
|upkeep
|turn|46
|
|t:|1641537434
|move|p1a: Sableye|Recover|p1a: Sableye
|-heal|p1a: Sableye|100/100
|-activate|p2a: Bellossom|move: Struggle
|move|p2a: Bellossom|Struggle|p1a: Sableye
|-damage|p1a: Sableye|73/100
|-damage|p2a: Bellossom|62/100|[from] recoil
|
|-heal|p2a: Bellossom|69/100|[from] item: Leftovers
|-heal|p2a: Bellossom|75/100|[from] Ingrain
|upkeep
|turn|47
|
|t:|1641537445
|move|p1a: Sableye|Will-O-Wisp|p2a: Bellossom|[miss]
|-miss|p1a: Sableye|p2a: Bellossom
|-activate|p2a: Bellossom|move: Struggle
|move|p2a: Bellossom|Struggle|p1a: Sableye
|-damage|p1a: Sableye|47/100
|-damage|p2a: Bellossom|50/100|[from] recoil
|
|-heal|p2a: Bellossom|56/100|[from] item: Leftovers
|-heal|p2a: Bellossom|62/100|[from] Ingrain
|-end|p2a: Bellossom|move: Taunt
|upkeep
|turn|48
|
|t:|1641537456
|move|p1a: Sableye|Taunt|p2a: Bellossom
|-start|p2a: Bellossom|move: Taunt
|cant|p2a: Bellossom|move: Taunt|Baton Pass
|
|-heal|p2a: Bellossom|68/100|[from] item: Leftovers
|-heal|p2a: Bellossom|75/100|[from] Ingrain
|upkeep
|turn|49
|
|t:|1641537462
|move|p1a: Sableye|Recover|p1a: Sableye
|-heal|p1a: Sableye|97/100
|-activate|p2a: Bellossom|move: Struggle
|move|p2a: Bellossom|Struggle|p1a: Sableye
|-damage|p1a: Sableye|70/100
|-damage|p2a: Bellossom|49/100|[from] recoil
|
|-heal|p2a: Bellossom|56/100|[from] item: Leftovers
|-heal|p2a: Bellossom|62/100|[from] Ingrain
|upkeep
|turn|50
|
|t:|1641537472
|move|p1a: Sableye|Will-O-Wisp|p2a: Bellossom|[miss]
|-miss|p1a: Sableye|p2a: Bellossom
|-activate|p2a: Bellossom|move: Struggle
|move|p2a: Bellossom|Struggle|p1a: Sableye
|-damage|p1a: Sableye|41/100
|-damage|p2a: Bellossom|37/100|[from] recoil
|
|-heal|p2a: Bellossom|43/100|[from] item: Leftovers
|-heal|p2a: Bellossom|49/100|[from] Ingrain
|-end|p2a: Bellossom|move: Taunt
|upkeep
|turn|51
|
|t:|1641537483
|move|p1a: Sableye|Taunt|p2a: Bellossom|[miss]
|-miss|p1a: Sableye|p2a: Bellossom
|move|p2a: Bellossom|Baton Pass|p2a: Bellossom
|
|t:|1641537486
|switch|p2a: Swinub|Swinub, M, shiny|100/100|[from]move: Baton Pass
|
|upkeep
|turn|52
|
|t:|1641537492
|move|p1a: Sableye|Recover|p1a: Sableye
|-heal|p1a: Sableye|91/100
|move|p2a: Swinub|Earthquake|p1a: Sableye
|-damage|p1a: Sableye|0 fnt
|faint|p1a: Sableye
|-damage|p2a: Swinub|91/100|[from] item: Life Orb
|
|-heal|p2a: Swinub|97/100|[from] Ingrain
|upkeep
|
|t:|1641537502
|switch|p1a: Tapu Fini|Tapu Fini|100/100
|-fieldstart|move: Misty Terrain|[from] ability: Misty Surge|[of] p1a: Tapu Fini
|turn|53
|
|t:|1641537511
|move|p1a: Tapu Fini|Protect|p1a: Tapu Fini
|-singleturn|p1a: Tapu Fini|Protect
|move|p2a: Swinub|Frustration|p1a: Tapu Fini
|-activate|p1a: Tapu Fini|move: Protect
|
|-heal|p2a: Swinub|100/100|[from] Ingrain
|upkeep
|turn|54
|
|t:|1641537519
|move|p2a: Swinub|Frustration|p1a: Tapu Fini
|-damage|p1a: Tapu Fini|35/100
|-damage|p2a: Swinub|91/100|[from] item: Life Orb
|move|p1a: Tapu Fini|Iron Defense|p1a: Tapu Fini
|-boost|p1a: Tapu Fini|def|2
|
|-heal|p1a: Tapu Fini|41/100|[from] item: Leftovers
|-heal|p2a: Swinub|97/100|[from] Ingrain
|upkeep
|turn|55
|
|t:|1641537530
|move|p1a: Tapu Fini|Protect|p1a: Tapu Fini
|-singleturn|p1a: Tapu Fini|Protect
|move|p2a: Swinub|Frustration|p1a: Tapu Fini
|-activate|p1a: Tapu Fini|move: Protect
|
|-heal|p1a: Tapu Fini|48/100|[from] item: Leftovers
|-heal|p2a: Swinub|100/100|[from] Ingrain
|upkeep
|turn|56
|
|t:|1641537544
|-end|p2a: Swinub|Substitute
|-start|p2a: Swinub|Dynamax
|-heal|p2a: Swinub|100/100|[silent]
|move|p2a: Swinub|Max Strike|p1a: Tapu Fini
|-damage|p1a: Tapu Fini|9/100
|-unboost|p1a: Tapu Fini|spe|1
|-damage|p2a: Swinub|96/100|[from] item: Life Orb
|move|p1a: Tapu Fini|Aqua Ring|p1a: Tapu Fini
|-start|p1a: Tapu Fini|Aqua Ring
|
|-heal|p1a: Tapu Fini|15/100|[from] item: Leftovers
|-heal|p1a: Tapu Fini|21/100|[from] Aqua Ring
|-heal|p2a: Swinub|99/100|[from] Ingrain
|upkeep
|turn|57
|
|t:|1641537559
|move|p1a: Tapu Fini|Protect|p1a: Tapu Fini
|-singleturn|p1a: Tapu Fini|Protect
|move|p2a: Swinub|Max Strike|p1a: Tapu Fini
|-zbroken|p1a: Tapu Fini
|-damage|p1a: Tapu Fini|11/100
|-unboost|p1a: Tapu Fini|spe|1
|-damage|p2a: Swinub|94/100|[from] item: Life Orb
|
|-heal|p1a: Tapu Fini|17/100|[from] item: Leftovers
|-heal|p1a: Tapu Fini|23/100|[from] Aqua Ring
|-heal|p2a: Swinub|97/100|[from] Ingrain
|-fieldend|Misty Terrain
|upkeep
|turn|58
|
|t:|1641537578
|move|p2a: Swinub|Max Strike|p1a: Tapu Fini
|-damage|p1a: Tapu Fini|0 fnt
|faint|p1a: Tapu Fini
|-damage|p2a: Swinub|92/100|[from] item: Life Orb
|
|-heal|p2a: Swinub|95/100|[from] Ingrain
|-end|p2a: Swinub|Dynamax
|-heal|p2a: Swinub|95/100|[silent]
|upkeep
|
|t:|1641537583
|switch|p1a: Landorus|Landorus-Therian, M|100/100
|-ability|p1a: Landorus|Intimidate|boost
|-unboost|p2a: Swinub|atk|1
|turn|59
|
|t:|1641537594
|move|p2a: Swinub|Substitute|p2a: Swinub
|-start|p2a: Swinub|Substitute
|-damage|p2a: Swinub|70/100
|move|p1a: Landorus|Explosion|p2a: Swinub|[miss]
|-miss|p1a: Landorus|p2a: Swinub
|faint|p1a: Landorus
|
|-heal|p2a: Swinub|76/100|[from] Ingrain
|upkeep
|
|t:|1641537602
|switch|p1a: Kyogre|Kyogre|83/100
|-weather|RainDance|[from] ability: Drizzle|[of] p1a: Kyogre
|turn|60
|
|t:|1641537607
|move|p2a: Swinub|Earthquake|p1a: Kyogre
|-damage|p1a: Kyogre|0 fnt
|faint|p1a: Kyogre
|-damage|p2a: Swinub|66/100|[from] item: Life Orb
|
|-weather|RainDance|[upkeep]
|-heal|p2a: Swinub|73/100|[from] Ingrain
|upkeep
|-message|penguins915 forfeited.
|
|win|Pokeashbattle
|raw|penguins915's rating: 1385 &rarr; <strong>1363</strong><br />(-22 for losing)
|raw|Pokeashbattle's rating: 1354 &rarr; <strong>1376</strong><br />(+22 for winning)
|l|☆penguins915
