|j|‽rowletroost
|j|☆Log4j
|t:|1621986503
|gametype|singles
|player|p1|rowletroost|misty-gen1rb|1711
|player|p2|Log4j|170|1831
|teamsize|p1|6
|teamsize|p2|6
|gen|8
|tier|[Gen 8] National Dex AG
|rated|
|rule|HP Percentage Mod: HP is shown in percentages
|rule|Endless Battle Clause: Forcing endless battles is banned
|clearpoke
|poke|p1|Arceus-*|
|poke|p1|Xerneas-*|
|poke|p1|Kyogre|
|poke|p1|Marshadow|
|poke|p1|Ribombee, M|
|poke|p1|Vivillon-River, F|
|poke|p2|Rayquaza|
|poke|p2|Zacian-*|
|poke|p2|Yveltal|
|poke|p2|Kyogre|
|poke|p2|Ho-Oh|
|poke|p2|Groudon|
|teampreview
|inactive|Battle timer is ON: inactive players will automatically lose when time's up. (requested by rowletroost)
|c|☆Log4j|oh no
|
|t:|1621986526
|start
|switch|p1a: Ribombee|Ribombee, M, shiny|100/100
|switch|p2a: Rayquaza|Rayquaza|100/100
|-ability|p2a: Rayquaza|Air Lock
|turn|1
|
|t:|1621986533
|detailschange|p2a: Rayquaza|Rayquaza-Mega
|-mega|p2a: Rayquaza|Rayquaza|
|-weather|DeltaStream|[from] ability: Delta Stream|[of] p2a: Rayquaza
|move|p1a: Ribombee|Sticky Web|p2a: Rayquaza
|-sidestart|p2: Log4j|move: Sticky Web
|move|p2a: Rayquaza|Dragon Ascent|p1a: Ribombee
|-supereffective|p1a: Ribombee
|-enditem|p1a: Ribombee|Focus Sash
|-damage|p1a: Ribombee|1/100
|-unboost|p2a: Rayquaza|def|1
|-unboost|p2a: Rayquaza|spd|1
|
|-weather|DeltaStream|[upkeep]
|upkeep
|turn|2
|
|t:|1621986539
|switch|p1a: Marshadow|Marshadow|100/100
|move|p2a: Rayquaza|Extreme Speed|p1a: Marshadow
|-immune|p1a: Marshadow
|
|-weather|DeltaStream|[upkeep]
|upkeep
|turn|3
|
|t:|1621986543
|-weather|none
|switch|p2a: Groudon|Groudon|100/100
|-activate|p2a: Groudon|move: Sticky Web
|-unboost|p2a: Groudon|spe|1
|detailschange|p2a: Groudon|Groudon-Primal
|-primal|p2a: Groudon
|-weather|DesolateLand|[from] ability: Desolate Land|[of] p2a: Groudon
|move|p1a: Marshadow|Spectral Thief|p2a: Groudon
|-damage|p2a: Groudon|76/100
|
|-weather|DesolateLand|[upkeep]
|upkeep
|turn|4
|
|t:|1621986552
|switch|p1a: Vivillon|Vivillon-River, F|100/100
|move|p2a: Groudon|Stealth Rock|p1a: Vivillon
|-sidestart|p1: rowletroost|move: Stealth Rock
|
|-weather|DesolateLand|[upkeep]
|upkeep
|turn|5
|
|t:|1621986566
|-weather|none
|switch|p2a: Ho-Oh|Ho-Oh|100/100
|move|p1a: Vivillon|Sleep Powder|p2a: Ho-Oh
|-status|p2a: Ho-Oh|slp|[from] move: Sleep Powder
|
|upkeep
|turn|6
|
|t:|1621986575
|switch|p1a: Arceus|Arceus-Ground|100/100
|-damage|p1a: Arceus|94/100|[from] Stealth Rock
|cant|p2a: Ho-Oh|slp
|
|upkeep
|turn|7
|
|t:|1621986585
|switch|p2a: Zacian|Zacian-Crowned|100/100
|-activate|p2a: Zacian|move: Sticky Web
|-unboost|p2a: Zacian|spe|1
|-ability|p2a: Zacian|Intrepid Sword|boost
|-boost|p2a: Zacian|atk|1
|move|p1a: Arceus|Defog|p2a: Zacian
|-unboost|p2a: Zacian|evasion|1
|-sideend|p2: Log4j|Sticky Web|[from] move: Defog|[of] p1a: Arceus
|-sideend|p1: rowletroost|Stealth Rock|[from] move: Defog|[of] p1a: Arceus
|
|upkeep
|turn|8
|
|t:|1621986596
|switch|p2a: Ho-Oh|Ho-Oh|100/100 slp
|move|p1a: Arceus|Judgment|p2a: Ho-Oh
|-immune|p2a: Ho-Oh
|
|upkeep
|turn|9
|
|t:|1621986601
|switch|p1a: Ribombee|Ribombee, M, shiny|1/100
|cant|p2a: Ho-Oh|slp
|
|upkeep
|turn|10
|
|t:|1621986615
|switch|p2a: Rayquaza|Rayquaza-Mega|100/100
|-weather|DeltaStream|[from] ability: Delta Stream|[of] p2a: Rayquaza
|move|p1a: Ribombee|Sticky Web|p2a: Rayquaza
|-sidestart|p2: Log4j|move: Sticky Web
|
|-weather|DeltaStream|[upkeep]
|upkeep
|turn|11
|
|t:|1621986622
|move|p2a: Rayquaza|Extreme Speed|p1a: Ribombee
|-damage|p1a: Ribombee|0 fnt
|faint|p1a: Ribombee
|
|-weather|DeltaStream|[upkeep]
|upkeep
|
|t:|1621986633
|switch|p1a: Kyogre|Kyogre, shiny|100/100
|detailschange|p1a: Kyogre|Kyogre-Primal, shiny
|-primal|p1a: Kyogre
|-weather|PrimordialSea|[from] ability: Primordial Sea|[of] p1a: Kyogre
|turn|12
|
|t:|1621986640
|switch|p2a: Groudon|Groudon-Primal|76/100
|-activate|p2a: Groudon|move: Sticky Web
|-unboost|p2a: Groudon|spe|1
|-weather|DesolateLand|[from] ability: Desolate Land|[of] p2a: Groudon
|move|p1a: Kyogre|Ice Beam|p2a: Groudon
|-damage|p2a: Groudon|47/100
|
|-weather|DesolateLand|[upkeep]
|upkeep
|turn|13
|
|t:|1621986645
|move|p2a: Groudon|Toxic|p1a: Kyogre
|-status|p1a: Kyogre|tox
|move|p1a: Kyogre|Roar|p2a: Groudon
|-weather|none
|drag|p2a: Zacian|Zacian-Crowned|100/100
|-activate|p2a: Zacian|move: Sticky Web
|-unboost|p2a: Zacian|spe|1
|-ability|p2a: Zacian|Intrepid Sword|boost
|-boost|p2a: Zacian|atk|1
|
|-damage|p1a: Kyogre|94/100 tox|[from] psn
|upkeep
|turn|14
|
|t:|1621986661
|switch|p2a: Groudon|Groudon-Primal|47/100
|-activate|p2a: Groudon|move: Sticky Web
|-unboost|p2a: Groudon|spe|1
|-weather|DesolateLand|[from] ability: Desolate Land|[of] p2a: Groudon
|move|p1a: Kyogre|Origin Pulse||[still]
|-fail|p1a: Kyogre|Origin Pulse|[from] Desolate Land
|
|-weather|DesolateLand|[upkeep]
|-damage|p1a: Kyogre|82/100 tox|[from] psn
|upkeep
|turn|15
|
|t:|1621986689
|move|p1a: Kyogre|Ice Beam|p2a: Groudon
|-damage|p2a: Groudon|18/100
|move|p2a: Groudon|Stealth Rock|p1a: Kyogre
|-sidestart|p1: rowletroost|move: Stealth Rock
|
|-weather|DesolateLand|[upkeep]
|-damage|p1a: Kyogre|63/100 tox|[from] psn
|upkeep
|turn|16
|
|t:|1621986696
|-weather|none
|switch|p2a: Ho-Oh|Ho-Oh|100/100 slp
|move|p1a: Kyogre|Ice Beam|p2a: Ho-Oh
|-damage|p2a: Ho-Oh|78/100 slp
|
|-damage|p1a: Kyogre|39/100 tox|[from] psn
|upkeep
|turn|17
|
|t:|1621986703
|switch|p2a: Groudon|Groudon-Primal|18/100
|-activate|p2a: Groudon|move: Sticky Web
|-unboost|p2a: Groudon|spe|1
|-weather|DesolateLand|[from] ability: Desolate Land|[of] p2a: Groudon
|move|p1a: Kyogre|Origin Pulse||[still]
|-fail|p1a: Kyogre|Origin Pulse|[from] Desolate Land
|
|-weather|DesolateLand|[upkeep]
|-damage|p1a: Kyogre|8/100 tox|[from] psn
|upkeep
|turn|18
|
|t:|1621986716
|move|p1a: Kyogre|Ice Beam|p2a: Groudon
|-damage|p2a: Groudon|0 fnt
|faint|p2a: Groudon
|-weather|none
|
|-damage|p1a: Kyogre|0 fnt|[from] psn
|faint|p1a: Kyogre
|upkeep
|
|t:|1621986728
|switch|p1a: Arceus|Arceus-Ground|94/100
|switch|p2a: Kyogre|Kyogre|100/100
|-activate|p2a: Kyogre|move: Sticky Web
|-unboost|p2a: Kyogre|spe|1
|-damage|p1a: Arceus|88/100|[from] Stealth Rock
|detailschange|p2a: Kyogre|Kyogre-Primal
|-primal|p2a: Kyogre
|-weather|PrimordialSea|[from] ability: Primordial Sea|[of] p2a: Kyogre
|turn|19
|
|t:|1621986734
|move|p1a: Arceus|Defog|p2a: Kyogre
|-unboost|p2a: Kyogre|evasion|1
|-sideend|p2: Log4j|Sticky Web|[from] move: Defog|[of] p1a: Arceus
|-sideend|p1: rowletroost|Stealth Rock|[from] move: Defog|[of] p1a: Arceus
|move|p2a: Kyogre|Surf|p1a: Arceus
|-supereffective|p1a: Arceus
|-damage|p1a: Arceus|0 fnt
|faint|p1a: Arceus
|
|-weather|PrimordialSea|[upkeep]
|upkeep
|
|t:|1621986740
|switch|p1a: Vivillon|Vivillon-River, F|100/100
|turn|20
|
|t:|1621986743
|-weather|none
|switch|p2a: Ho-Oh|Ho-Oh|100/100 slp
|move|p1a: Vivillon|Substitute|p1a: Vivillon
|-start|p1a: Vivillon|Substitute
|-damage|p1a: Vivillon|76/100
|
|-heal|p1a: Vivillon|82/100|[from] item: Leftovers
|upkeep
|turn|21
|
|t:|1621986754
|move|p1a: Vivillon|Hurricane|p2a: Ho-Oh
|-damage|p2a: Ho-Oh|75/100 slp
|cant|p2a: Ho-Oh|slp
|
|-heal|p1a: Vivillon|88/100|[from] item: Leftovers
|upkeep
|turn|22
|
|t:|1621986767
|move|p1a: Vivillon|Hurricane|p2a: Ho-Oh
|-damage|p2a: Ho-Oh|51/100 slp
|-start|p2a: Ho-Oh|confusion
|-curestatus|p2a: Ho-Oh|slp|[msg]
|-activate|p2a: Ho-Oh|confusion
|-damage|p2a: Ho-Oh|43/100|[from] confusion
|
|-heal|p1a: Vivillon|94/100|[from] item: Leftovers
|upkeep
|turn|23
|
|t:|1621986778
|move|p1a: Vivillon|Sleep Powder|p2a: Ho-Oh
|-status|p2a: Ho-Oh|slp|[from] move: Sleep Powder
|cant|p2a: Ho-Oh|slp
|
|-heal|p1a: Vivillon|99/100|[from] item: Leftovers
|upkeep
|turn|24
|
|t:|1621986783
|move|p1a: Vivillon|Quiver Dance|p1a: Vivillon
|-boost|p1a: Vivillon|spa|1
|-boost|p1a: Vivillon|spd|1
|-boost|p1a: Vivillon|spe|1
|cant|p2a: Ho-Oh|slp
|
|-heal|p1a: Vivillon|100/100|[from] item: Leftovers
|upkeep
|turn|25
|
|t:|1621986802
|switch|p2a: Zacian|Zacian-Crowned|100/100
|-ability|p2a: Zacian|Intrepid Sword|boost
|-boost|p2a: Zacian|atk|1
|move|p1a: Vivillon|Hurricane|p2a: Zacian
|-resisted|p2a: Zacian
|-damage|p2a: Zacian|70/100
|-start|p2a: Zacian|confusion
|
|upkeep
|turn|26
|
|t:|1621986804
|move|p1a: Vivillon|Sleep Powder|p2a: Zacian
|-status|p2a: Zacian|slp|[from] move: Sleep Powder
|cant|p2a: Zacian|slp
|
|upkeep
|turn|27
|
|t:|1621986806
|move|p1a: Vivillon|Quiver Dance|p1a: Vivillon
|-boost|p1a: Vivillon|spa|1
|-boost|p1a: Vivillon|spd|1
|-boost|p1a: Vivillon|spe|1
|cant|p2a: Zacian|slp
|
|upkeep
|turn|28
|
|t:|1621986811
|move|p1a: Vivillon|Hurricane|p2a: Zacian|[miss]
|-miss|p1a: Vivillon|p2a: Zacian
|cant|p2a: Zacian|slp
|
|upkeep
|turn|29
|
|t:|1621986813
|move|p1a: Vivillon|Hurricane|p2a: Zacian
|-resisted|p2a: Zacian
|-damage|p2a: Zacian|29/100 slp
|-curestatus|p2a: Zacian|slp|[msg]
|-activate|p2a: Zacian|confusion
|move|p2a: Zacian|Behemoth Blade|p1a: Vivillon
|-end|p1a: Vivillon|Substitute
|
|upkeep
|turn|30
|
|t:|1621986823
|switch|p2a: Ho-Oh|Ho-Oh|77/100 slp
|move|p1a: Vivillon|Substitute|p1a: Vivillon
|-start|p1a: Vivillon|Substitute
|-damage|p1a: Vivillon|76/100
|
|-heal|p1a: Vivillon|82/100|[from] item: Leftovers
|upkeep
|turn|31
|
|t:|1621986826
|move|p1a: Vivillon|Hurricane|p2a: Ho-Oh
|-damage|p2a: Ho-Oh|31/100 slp
|-start|p2a: Ho-Oh|confusion
|cant|p2a: Ho-Oh|slp
|
|-heal|p1a: Vivillon|88/100|[from] item: Leftovers
|upkeep
|turn|32
|
|t:|1621986846
|switch|p2a: Zacian|Zacian-Crowned|29/100
|-ability|p2a: Zacian|Intrepid Sword|boost
|-boost|p2a: Zacian|atk|1
|move|p1a: Vivillon|Hurricane|p2a: Zacian
|-resisted|p2a: Zacian
|-damage|p2a: Zacian|0 fnt
|faint|p2a: Zacian
|
|-heal|p1a: Vivillon|94/100|[from] item: Leftovers
|upkeep
|
|t:|1621986848
|switch|p2a: Ho-Oh|Ho-Oh|64/100 slp
|turn|33
|
|t:|1621986851
|-end|p1a: Vivillon|Substitute
|-start|p1a: Vivillon|Dynamax
|-heal|p1a: Vivillon|94/100|[silent]
|move|p1a: Vivillon|Max Airstream|p2a: Ho-Oh
|-damage|p2a: Ho-Oh|1/100 slp
|-boost|p1a: Vivillon|spe|1
|-curestatus|p2a: Ho-Oh|slp|[msg]
|move|p2a: Ho-Oh|Whirlwind|p1a: Vivillon
|-block|p1a: Vivillon|Dynamax
|
|-heal|p1a: Vivillon|97/100|[from] item: Leftovers
|upkeep
|turn|34
|
|t:|1621986860
|move|p1a: Vivillon|Max Airstream|p2a: Ho-Oh
|-damage|p2a: Ho-Oh|0 fnt
|-boost|p1a: Vivillon|spe|1
|faint|p2a: Ho-Oh
|
|-heal|p1a: Vivillon|99/100|[from] item: Leftovers
|upkeep
|
|t:|1621986864
|switch|p2a: Rayquaza|Rayquaza-Mega|100/100
|-weather|DeltaStream|[from] ability: Delta Stream|[of] p2a: Rayquaza
|turn|35
|
|t:|1621986870
|move|p1a: Vivillon|Max Guard|p1a: Vivillon
|-singleturn|p1a: Vivillon|Max Guard
|move|p2a: Rayquaza|Dragon Ascent|p1a: Vivillon
|-activate|p1a: Vivillon|move: Max Guard
|
|-weather|DeltaStream|[upkeep]
|-heal|p1a: Vivillon|100/100|[from] item: Leftovers
|-end|p1a: Vivillon|Dynamax
|-heal|p1a: Vivillon|100/100|[silent]
|upkeep
|turn|36
|
|t:|1621986879
|move|p2a: Rayquaza|Extreme Speed|p1a: Vivillon
|-damage|p1a: Vivillon|21/100
|move|p1a: Vivillon|Sleep Powder|p2a: Rayquaza
|-status|p2a: Rayquaza|slp|[from] move: Sleep Powder
|
|-weather|DeltaStream|[upkeep]
|-heal|p1a: Vivillon|27/100|[from] item: Leftovers
|upkeep
|turn|37
|
|t:|1621986883
|move|p1a: Vivillon|Hurricane|p2a: Rayquaza
|-damage|p2a: Rayquaza|14/100 slp
|cant|p2a: Rayquaza|slp
|
|-weather|DeltaStream|[upkeep]
|-heal|p1a: Vivillon|33/100|[from] item: Leftovers
|upkeep
|turn|38
|
|t:|1621986887
|-curestatus|p2a: Rayquaza|slp|[msg]
|move|p2a: Rayquaza|Extreme Speed|p1a: Vivillon
|-damage|p1a: Vivillon|0 fnt
|faint|p1a: Vivillon
|
|-weather|DeltaStream|[upkeep]
|upkeep
|
|t:|1621986894
|switch|p1a: Marshadow|Marshadow|100/100
|turn|39
|
|t:|1621986899
|-weather|none
|switch|p2a: Kyogre|Kyogre-Primal|100/100
|-weather|PrimordialSea|[from] ability: Primordial Sea|[of] p2a: Kyogre
|move|p1a: Marshadow|Rock Tomb|p2a: Kyogre
|-damage|p2a: Kyogre|65/100
|-unboost|p2a: Kyogre|spe|1
|
|-weather|PrimordialSea|[upkeep]
|upkeep
|turn|40
|
|t:|1621986903
|move|p1a: Marshadow|Close Combat|p2a: Kyogre
|-damage|p2a: Kyogre|4/100
|-unboost|p1a: Marshadow|def|1
|-unboost|p1a: Marshadow|spd|1
|move|p2a: Kyogre|Surf|p1a: Marshadow
|-crit|p1a: Marshadow
|-enditem|p1a: Marshadow|Focus Sash
|-damage|p1a: Marshadow|1/100
|
|-weather|PrimordialSea|[upkeep]
|upkeep
|turn|41
|
|t:|1621986919
|move|p1a: Marshadow|Rock Tomb|p2a: Kyogre
|-damage|p2a: Kyogre|0 fnt
|faint|p2a: Kyogre
|-weather|none
|
|upkeep
|
|t:|1621986921
|switch|p2a: Yveltal|Yveltal|100/100
|-ability|p2a: Yveltal|Dark Aura
|turn|42
|
|t:|1621986928
|move|p2a: Yveltal|Sucker Punch|p1a: Marshadow
|-crit|p1a: Marshadow
|-damage|p1a: Marshadow|0 fnt
|faint|p1a: Marshadow
|-damage|p2a: Yveltal|91/100|[from] item: Life Orb
|
|upkeep
|
|t:|1621986931
|switch|p1a: Xerneas|Xerneas, shiny|100/100
|-ability|p1a: Xerneas|Fairy Aura
|turn|43
|
|t:|1621986933
|-start|p2a: Yveltal|Dynamax
|-heal|p2a: Yveltal|91/100|[silent]
|move|p1a: Xerneas|Geomancy||[still]
|-prepare|p1a: Xerneas|Geomancy
|-enditem|p1a: Xerneas|Power Herb
|-anim|p1a: Xerneas|Geomancy|p1a: Xerneas
|-boost|p1a: Xerneas|spa|2
|-boost|p1a: Xerneas|spd|2
|-boost|p1a: Xerneas|spe|2
|move|p2a: Yveltal|Max Airstream|p1a: Xerneas
|-damage|p1a: Xerneas|58/100
|-boost|p2a: Yveltal|spe|1
|-damage|p2a: Yveltal|86/100|[from] item: Life Orb
|
|upkeep
|turn|44
|
|t:|1621986936
|move|p1a: Xerneas|Moonblast|p2a: Yveltal
|-supereffective|p2a: Yveltal
|-damage|p2a: Yveltal|0 fnt
|faint|p2a: Yveltal
|
|upkeep
|
|t:|1621986939
|switch|p2a: Rayquaza|Rayquaza-Mega|14/100
|-weather|DeltaStream|[from] ability: Delta Stream|[of] p2a: Rayquaza
|turn|45
|
|t:|1621986941
|move|p2a: Rayquaza|Extreme Speed|p1a: Xerneas
|-damage|p1a: Xerneas|19/100
|move|p1a: Xerneas|Moonblast|p2a: Rayquaza
|-supereffective|p2a: Rayquaza
|-damage|p2a: Rayquaza|0 fnt
|faint|p2a: Rayquaza
|-weather|none
|
|win|rowletroost
|raw|rowletroost's rating: 1711 &rarr; <strong>1738</strong><br />(+27 for winning)
|raw|Log4j's rating: 1831 &rarr; <strong>1804</strong><br />(-27 for losing)
|l|☆Log4j
