|j|☆Dr. Drake6782
|j|☆cllout
|t:|1668288744
|gametype|singles
|player|p1|Dr. Drake6782|hilbert-masters|
|player|p2|cllout|misty-lgpe|
|teamsize|p1|6
|teamsize|p2|6
|gen|8
|tier|[Gen 8] National Dex AG
|rule|HP Percentage Mod: HP is shown in percentages
|rule|Endless Battle Clause: Forcing endless battles is banned
|clearpoke
|poke|p1|Deoxys-Speed|
|poke|p1|Smeargle, F|
|poke|p1|Arceus-*|
|poke|p1|Urshifu-*, M|
|poke|p1|Lucario, F|
|poke|p1|Ninjask, F|
|poke|p2|Rayquaza|
|poke|p2|Necrozma-Dusk-Mane|
|poke|p2|Xerneas-*|
|poke|p2|Yveltal|
|poke|p2|Calyrex-Shadow|
|poke|p2|Shaymin-Sky|
|teampreview
|inactive|Battle timer is ON: inactive players will automatically lose when time's up. (requested by Dr. Drake6782)
|inactive|cllout also wants the timer to be on.
|c|☆cllout|phone emoji
|c|☆Dr. Drake6782|lol
|
|t:|1668288757
|start
|switch|p1a: Killua|Deoxys-Speed|100/100
|switch|p2a: Shay|Shaymin-Sky, shiny|100/100
|-ability|p1a: Killua|Pressure
|turn|1
|
|t:|1668288766
|move|p2a: Shay|Air Slash|p1a: Killua
|-damage|p1a: Killua|34/100
|cant|p1a: Killua|flinch
|
|upkeep
|turn|2
|
|t:|1668288788
|move|p2a: Shay|Air Slash|p1a: Killua
|-damage|p1a: Killua|0 fnt
|faint|p1a: Killua
|
|upkeep
|
|t:|1668288791
|switch|p1a: Penduck|Smeargle, F, shiny|100/100
|turn|3
|
|t:|1668288808
|move|p2a: Shay|Air Slash|p1a: Penduck
|-damage|p1a: Penduck|14/100
|cant|p1a: Penduck|flinch
|
|-ability|p1a: Penduck|Moody|boost
|-boost|p1a: Penduck|atk|2
|-unboost|p1a: Penduck|spd|1
|upkeep
|turn|4
|inactive|Dr. Drake6782 has 270 seconds left.
|c|☆cllout|📞📞📞
|inactive|Dr. Drake6782 has 240 seconds left.
|
|t:|1668288871
|move|p2a: Shay|Air Slash|p1a: Penduck
|-damage|p1a: Penduck|0 fnt
|faint|p1a: Penduck
|
|upkeep
|inactive|Dr. Drake6782 has 240 seconds left.
|c|☆cllout|👃👃👃
|
|t:|1668288891
|switch|p1a: Ninjask|Ninjask, F, shiny|100/100
|turn|5
|c|☆Dr. Drake6782|ggs bro
|c|☆Dr. Drake6782|I fink I lose
|
|t:|1668288913
|-start|p2a: Shay|Dynamax|
|-heal|p2a: Shay|100/100|[silent]
|move|p1a: Ninjask|Protect|p1a: Ninjask
|-singleturn|p1a: Ninjask|Protect
|move|p2a: Shay|Max Airstream|p1a: Ninjask
|-supereffective|p1a: Ninjask
|-zbroken|p1a: Ninjask
|-damage|p1a: Ninjask|39/100
|-boost|p2a: Shay|spe|1
|
|-ability|p1a: Ninjask|Speed Boost|boost
|-boost|p1a: Ninjask|spe|1
|upkeep
|turn|6
|
|t:|1668288926
|move|p1a: Ninjask|Substitute|p1a: Ninjask
|-start|p1a: Ninjask|Substitute
|-damage|p1a: Ninjask|14/100
|move|p2a: Shay|Max Overgrowth|p1a: Ninjask
|-resisted|p1a: Ninjask
|-end|p1a: Ninjask|Substitute
|-fieldstart|move: Grassy Terrain
|
|-ability|p1a: Ninjask|Speed Boost|boost
|-boost|p1a: Ninjask|spe|1
|upkeep
|turn|7
|c|☆Dr. Drake6782|I fink I faster
|
|t:|1668288933
|move|p1a: Ninjask|Baton Pass|p1a: Ninjask
|
|t:|1668288936
|switch|p1a: Lucario|Lucario, F|100/100|[from]move: Baton Pass
|move|p2a: Shay|Max Airstream|p1a: Lucario
|-damage|p1a: Lucario|0 fnt
|-boost|p2a: Shay|spe|1
|faint|p1a: Lucario
|
|upkeep
|-message|Dr. Drake6782 forfeited.
|
|win|cllout
|c|☆Dr. Drake6782|ggs
|c|☆cllout|gg
