|j|☆JiayouOligay666
|j|☆delusion.y
|t:|1667447240
|gametype|singles
|player|p1|JiayouOligay666|unknown|1647
|player|p2|delusion.y|anabel|1655
|teamsize|p1|6
|teamsize|p2|6
|gen|8
|tier|[Gen 8] National Dex AG
|rated|
|rule|HP Percentage Mod: HP is shown in percentages
|rule|Endless Battle Clause: Forcing endless battles is banned
|clearpoke
|poke|p1|Rayquaza|
|poke|p1|Zacian-*|
|poke|p1|Necrozma-Dusk-Mane|
|poke|p1|Ditto|
|poke|p1|Groudon|
|poke|p1|Yveltal|
|poke|p2|Kyogre|
|poke|p2|Zacian-*|
|poke|p2|Necrozma-Dusk-Mane|
|poke|p2|Eternatus|
|poke|p2|Ditto|
|poke|p2|Rayquaza|
|teampreview
|inactive|Battle timer is ON: inactive players will automatically lose when time's up. (requested by JiayouOligay666)
|
|t:|1667447263
|start
|switch|p1a: Vitamin D|Necrozma-Dusk-Mane|100/100
|switch|p2a: Ditto|Ditto|100/100
|-transform|p2a: Ditto|p1a: Vitamin D|[from] ability: Imposter
|turn|1
|
|t:|1667447269
|move|p2a: Ditto|Stealth Rock|p1a: Vitamin D
|-sidestart|p1: JiayouOligay666|move: Stealth Rock
|move|p1a: Vitamin D|Stealth Rock|p2a: Ditto
|-sidestart|p2: delusion.y|move: Stealth Rock
|
|upkeep
|turn|2
|
|t:|1667447278
|switch|p2a: Kyogre|Kyogre|100/100
|-damage|p2a: Kyogre|88/100|[from] Stealth Rock
|detailschange|p2a: Kyogre|Kyogre-Primal
|-primal|p2a: Kyogre
|-weather|PrimordialSea|[from] ability: Primordial Sea|[of] p2a: Kyogre
|switch|p1a: Volcano|Groudon|100/100
|-damage|p1a: Volcano|94/100|[from] Stealth Rock
|detailschange|p1a: Volcano|Groudon-Primal
|-primal|p1a: Volcano
|-weather|DesolateLand|[from] ability: Desolate Land|[of] p1a: Volcano
|
|-weather|DesolateLand|[upkeep]
|upkeep
|turn|3
|
|t:|1667447286
|switch|p2a: Rayquaza|Rayquaza|100/100
|-damage|p2a: Rayquaza|76/100|[from] Stealth Rock
|-ability|p2a: Rayquaza|Air Lock
|move|p1a: Volcano|Swords Dance|p1a: Volcano
|-boost|p1a: Volcano|atk|2
|
|-weather|DesolateLand|[upkeep]
|upkeep
|turn|4
|
|t:|1667447292
|detailschange|p2a: Rayquaza|Rayquaza-Mega
|-mega|p2a: Rayquaza|Rayquaza|
|-weather|DeltaStream|[from] ability: Delta Stream|[of] p2a: Rayquaza
|move|p2a: Rayquaza|Hydro Pump|p1a: Volcano
|-supereffective|p1a: Volcano
|-damage|p1a: Volcano|0 fnt
|faint|p1a: Volcano
|-damage|p2a: Rayquaza|66/100|[from] item: Life Orb
|
|-weather|DeltaStream|[upkeep]
|upkeep
|c|☆JiayouOligay666|w u t
|c|☆delusion.y|thats just prepared for groudon
|inactive|JiayouOligay666 has 120 seconds left.
|
|t:|1667447335
|switch|p1a: :)|Ditto|100/100
|-damage|p1a: :)|88/100|[from] Stealth Rock
|-transform|p1a: :)|p2a: Rayquaza|[from] ability: Imposter
|turn|5
|
|t:|1667447344
|move|p2a: Rayquaza|Extreme Speed|p1a: :)
|-damage|p1a: :)|39/100
|-damage|p2a: Rayquaza|56/100|[from] item: Life Orb
|move|p1a: :)|Dragon Ascent|p2a: Rayquaza
|-damage|p2a: Rayquaza|0 fnt
|-unboost|p1a: :)|def|1
|-unboost|p1a: :)|spd|1
|faint|p2a: Rayquaza
|
|-weather|DeltaStream|[upkeep]
|upkeep
|
|t:|1667447353
|switch|p2a: Necrozma|Necrozma-Dusk-Mane|100/100
|-damage|p2a: Necrozma|94/100|[from] Stealth Rock
|turn|6
|inactive|JiayouOligay666 has 120 seconds left.
|c|☆delusion.y|very rare huh？
|c|☆JiayouOligay666|indeed
|
|t:|1667447370
|-weather|none
|switch|p1a: Vitamin D|Necrozma-Dusk-Mane|100/100
|-damage|p1a: Vitamin D|94/100|[from] Stealth Rock
|move|p2a: Necrozma|Morning Sun|p2a: Necrozma
|-heal|p2a: Necrozma|100/100
|
|upkeep
|turn|7
|inactive|JiayouOligay666 has 120 seconds left.
|
|t:|1667447382
|switch|p2a: Kyogre|Kyogre-Primal|88/100
|-damage|p2a: Kyogre|76/100|[from] Stealth Rock
|-weather|PrimordialSea|[from] ability: Primordial Sea|[of] p2a: Kyogre
|switch|p1a: Sword Doggo|Zacian-Crowned|100/100
|-damage|p1a: Sword Doggo|94/100|[from] Stealth Rock
|-ability|p1a: Sword Doggo|Intrepid Sword|boost
|-boost|p1a: Sword Doggo|atk|1
|
|-weather|PrimordialSea|[upkeep]
|upkeep
|turn|8
|
|t:|1667447389
|move|p1a: Sword Doggo|Wild Charge|p2a: Kyogre
|-supereffective|p2a: Kyogre
|-crit|p2a: Kyogre
|-damage|p2a: Kyogre|0 fnt
|faint|p2a: Kyogre
|-weather|none
|-damage|p1a: Sword Doggo|75/100|[from] Recoil
|
|upkeep
|
|t:|1667447393
|switch|p2a: Ditto|Ditto|100/100
|-damage|p2a: Ditto|88/100|[from] Stealth Rock
|-transform|p2a: Ditto|p1a: Sword Doggo|[from] ability: Imposter
|-ability|p2a: Ditto|Intrepid Sword|boost
|-boost|p2a: Ditto|atk|1
|turn|9
|
|t:|1667447409
|switch|p1a: Vitamin D|Necrozma-Dusk-Mane|94/100
|-damage|p1a: Vitamin D|88/100|[from] Stealth Rock
|move|p2a: Ditto|Behemoth Blade|p1a: Vitamin D
|-resisted|p1a: Vitamin D
|-damage|p1a: Vitamin D|53/100
|-damage|p2a: Ditto|71/100|[from] item: Rocky Helmet|[of] p1a: Vitamin D
|
|upkeep
|turn|10
|
|t:|1667447415
|move|p2a: Ditto|Behemoth Blade|p1a: Vitamin D
|-resisted|p1a: Vitamin D
|-damage|p1a: Vitamin D|21/100
|-damage|p2a: Ditto|55/100|[from] item: Rocky Helmet|[of] p1a: Vitamin D
|move|p1a: Vitamin D|Morning Sun|p1a: Vitamin D
|-heal|p1a: Vitamin D|71/100
|
|upkeep
|turn|11
|
|t:|1667447426
|switch|p2a: Eternatus|Eternatus|100/100
|-damage|p2a: Eternatus|88/100|[from] Stealth Rock
|-ability|p2a: Eternatus|Pressure
|move|p1a: Vitamin D|Morning Sun|p1a: Vitamin D
|-heal|p1a: Vitamin D|100/100
|
|-heal|p2a: Eternatus|94/100|[from] item: Black Sludge
|upkeep
|turn|12
|
|t:|1667447434
|move|p2a: Eternatus|Flamethrower|p1a: Vitamin D
|-supereffective|p1a: Vitamin D
|-damage|p1a: Vitamin D|69/100
|move|p1a: Vitamin D|Sunsteel Strike|p2a: Eternatus
|-damage|p2a: Eternatus|60/100
|
|-heal|p2a: Eternatus|66/100|[from] item: Black Sludge
|upkeep
|turn|13
|
|t:|1667447447
|move|p2a: Eternatus|Recover|p2a: Eternatus
|-heal|p2a: Eternatus|100/100
|move|p1a: Vitamin D|Sunsteel Strike|p2a: Eternatus
|-damage|p2a: Eternatus|66/100
|
|-heal|p2a: Eternatus|72/100|[from] item: Black Sludge
|upkeep
|turn|14
|
|t:|1667447454
|switch|p1a: Sky|Rayquaza|100/100
|-damage|p1a: Sky|76/100|[from] Stealth Rock
|-ability|p1a: Sky|Air Lock
|move|p2a: Eternatus|Flamethrower|p1a: Sky
|-resisted|p1a: Sky
|-damage|p1a: Sky|61/100
|
|-heal|p2a: Eternatus|79/100|[from] item: Black Sludge
|upkeep
|turn|15
|
|t:|1667447463
|detailschange|p1a: Sky|Rayquaza-Mega
|-mega|p1a: Sky|Rayquaza|
|-weather|DeltaStream|[from] ability: Delta Stream|[of] p1a: Sky
|move|p1a: Sky|Earthquake|p2a: Eternatus
|-supereffective|p2a: Eternatus
|-damage|p2a: Eternatus|0 fnt
|faint|p2a: Eternatus
|-damage|p1a: Sky|51/100|[from] item: Life Orb
|
|-weather|DeltaStream|[upkeep]
|upkeep
|
|t:|1667447474
|switch|p2a: Ditto|Ditto|55/100
|-damage|p2a: Ditto|42/100|[from] Stealth Rock
|-transform|p2a: Ditto|p1a: Sky|[from] ability: Imposter
|turn|16
|
|t:|1667447480
|move|p1a: Sky|Extreme Speed|p2a: Ditto
|-damage|p2a: Ditto|0 fnt
|faint|p2a: Ditto
|-damage|p1a: Sky|42/100|[from] item: Life Orb
|
|-weather|DeltaStream|[upkeep]
|upkeep
|
|t:|1667447484
|switch|p2a: Necrozma|Necrozma-Dusk-Mane|100/100
|-damage|p2a: Necrozma|94/100|[from] Stealth Rock
|turn|17
|
|t:|1667447489
|move|p1a: Sky|Earthquake|p2a: Necrozma
|-supereffective|p2a: Necrozma
|-damage|p2a: Necrozma|44/100
|-damage|p1a: Sky|32/100|[from] item: Life Orb
|move|p2a: Necrozma|Sunsteel Strike|p1a: Sky
|-damage|p1a: Sky|0 fnt
|faint|p1a: Sky
|-weather|none
|
|upkeep
|
|t:|1667447495
|switch|p1a: Bacon Birb|Yveltal|100/100
|-damage|p1a: Bacon Birb|76/100|[from] Stealth Rock
|-ability|p1a: Bacon Birb|Dark Aura
|turn|18
|
|t:|1667447500
|-start|p1a: Bacon Birb|Dynamax|
|-heal|p1a: Bacon Birb|76/100|[silent]
|-start|p2a: Necrozma|Dynamax|
|-heal|p2a: Necrozma|44/100|[silent]
|move|p1a: Bacon Birb|Max Airstream|p2a: Necrozma
|-resisted|p2a: Necrozma
|-damage|p2a: Necrozma|26/100
|-boost|p1a: Bacon Birb|spe|1
|-damage|p1a: Bacon Birb|71/100|[from] item: Life Orb
|move|p2a: Necrozma|Max Steelspike|p1a: Bacon Birb
|-damage|p1a: Bacon Birb|37/100
|-boost|p2a: Necrozma|def|1
|
|upkeep
|turn|19
|
|t:|1667447509
|move|p2a: Necrozma|Max Guard|p2a: Necrozma
|-singleturn|p2a: Necrozma|Max Guard
|move|p1a: Bacon Birb|Max Darkness|p2a: Necrozma
|-activate|p2a: Necrozma|move: Max Guard
|
|upkeep
|turn|20
|
|t:|1667447516
|-end|p2a: Necrozma|Dynamax
|-heal|p2a: Necrozma|26/100|[silent]
|switch|p2a: Zacian|Zacian-Crowned|100/100
|-damage|p2a: Zacian|94/100|[from] Stealth Rock
|-ability|p2a: Zacian|Intrepid Sword|boost
|-boost|p2a: Zacian|atk|1
|move|p1a: Bacon Birb|Max Darkness|p2a: Zacian
|-resisted|p2a: Zacian
|-damage|p2a: Zacian|32/100
|-unboost|p2a: Zacian|spd|1
|-damage|p1a: Bacon Birb|32/100|[from] item: Life Orb
|
|upkeep
|-end|p1a: Bacon Birb|Dynamax
|-heal|p1a: Bacon Birb|32/100|[silent]
|turn|21
|
|t:|1667447524
|move|p1a: Bacon Birb|Heat Wave|p2a: Zacian
|-supereffective|p2a: Zacian
|-damage|p2a: Zacian|0 fnt
|faint|p2a: Zacian
|-damage|p1a: Bacon Birb|22/100|[from] item: Life Orb
|
|upkeep
|c|☆delusion.y|gg
|c|☆JiayouOligay666|gg wp
|
|t:|1667447530
|switch|p2a: Necrozma|Necrozma-Dusk-Mane|26/100
|-damage|p2a: Necrozma|20/100|[from] Stealth Rock
|turn|22
|
|t:|1667447537
|move|p1a: Bacon Birb|Dark Pulse|p2a: Necrozma
|-supereffective|p2a: Necrozma
|-damage|p2a: Necrozma|0 fnt
|faint|p2a: Necrozma
|-damage|p1a: Bacon Birb|12/100|[from] item: Life Orb
|
|win|JiayouOligay666
|raw|JiayouOligay666's rating: 1647 &rarr; <strong>1667</strong><br />(+20 for winning)
|raw|delusion.y's rating: 1655 &rarr; <strong>1635</strong><br />(-20 for losing)
|l|☆JiayouOligay666
|c|☆delusion.y|nice to meet you
