|j|☆gr0ny
|j|☆soda49
|t:|1642173206
|gametype|singles
|player|p1|gr0ny|pokemaniac|1504
|player|p2|soda49|169|1534
|teamsize|p1|6
|teamsize|p2|6
|gen|8
|tier|[Gen 8] National Dex AG
|rated|
|rule|HP Percentage Mod: HP is shown in percentages
|rule|Endless Battle Clause: Forcing endless battles is banned
|clearpoke
|poke|p1|Zacian-*|
|poke|p1|Groudon|
|poke|p1|Rayquaza|
|poke|p1|Calyrex-Shadow|
|poke|p1|Yveltal|
|poke|p1|Ditto|
|poke|p2|Smeargle, M|
|poke|p2|Charizard, M|
|poke|p2|Mimikyu, M|
|poke|p2|Thundurus, M|
|poke|p2|Gothitelle, F|
|poke|p2|Calyrex-Shadow|
|teampreview
|inactive|Battle timer is ON: inactive players will automatically lose when time's up. (requested by soda49)
|
|t:|1642173224
|start
|switch|p1a: MAGA DROUDON|Groudon, shiny|100/100
|switch|p2a: Charizard|Charizard, M|100/100
|detailschange|p1a: MAGA DROUDON|Groudon-Primal, shiny
|-primal|p1a: MAGA DROUDON
|-weather|DesolateLand|[from] ability: Desolate Land|[of] p1a: MAGA DROUDON
|turn|1
|
|t:|1642173237
|-start|p2a: Charizard|Dynamax
|-formechange|p2a: Charizard|Charizard-Gmax
|-heal|p2a: Charizard|100/100|[silent]
|move|p2a: Charizard|Max Quake|p1a: MAGA DROUDON
|-supereffective|p1a: MAGA DROUDON
|-damage|p1a: MAGA DROUDON|0 fnt
|-boost|p2a: Charizard|spd|1
|faint|p1a: MAGA DROUDON
|-weather|none
|
|upkeep
|
|t:|1642173252
|switch|p1a: branletto|Calyrex-Shadow|100/100
|-ability|p1a: branletto|As One
|-ability|p1a: branletto|Unnerve
|turn|2
|
|t:|1642173257
|-start|p1a: branletto|Dynamax
|-heal|p1a: branletto|100/100|[silent]
|move|p1a: branletto|Max Phantasm|p2a: Charizard
|-damage|p2a: Charizard|63/100
|-unboost|p2a: Charizard|def|1
|move|p2a: Charizard|Max Airstream|p1a: branletto
|-damage|p1a: branletto|72/100
|-boost|p2a: Charizard|spe|1
|
|upkeep
|turn|3
|
|t:|1642173260
|move|p2a: Charizard|G-Max Wildfire|p1a: branletto
|-damage|p1a: branletto|35/100
|-sidestart|p1: gr0ny|G-Max Wildfire
|move|p1a: branletto|Max Phantasm|p2a: Charizard
|-damage|p2a: Charizard|28/100
|-unboost|p2a: Charizard|def|1
|
|-damage|p1a: branletto|27/100|[from] G-Max Wildfire
|-end|p2a: Charizard|Dynamax
|-formechange|p2a: Charizard|Charizard
|-heal|p2a: Charizard|28/100|[silent]
|upkeep
|turn|4
|
|t:|1642173274
|move|p2a: Charizard|Tailwind|p2a: Charizard
|-sidestart|p2: soda49|move: Tailwind
|move|p1a: branletto|Max Phantasm|p2a: Charizard
|-damage|p2a: Charizard|0 fnt
|faint|p2a: Charizard
|-ability|p1a: branletto|Grim Neigh|boost
|-boost|p1a: branletto|spa|1
|
|-damage|p1a: branletto|18/100|[from] G-Max Wildfire
|-end|p1a: branletto|Dynamax
|-heal|p1a: branletto|18/100|[silent]
|upkeep
|
|t:|1642173276
|switch|p2a: The wobbler|Smeargle, M|100/100
|turn|5
|
|t:|1642173285
|move|p2a: The wobbler|Spore|p1a: branletto
|-status|p1a: branletto|slp|[from] move: Spore
|cant|p1a: branletto|slp
|
|-damage|p1a: branletto|2/100 slp|[from] G-Max Wildfire
|-ability|p2a: The wobbler|Moody|boost
|-boost|p2a: The wobbler|spd|2
|-unboost|p2a: The wobbler|atk|1
|upkeep
|turn|6
|
|t:|1642173301
|switch|p1a: bacon|Yveltal, shiny|100/100
|-ability|p1a: bacon|Dark Aura
|move|p2a: The wobbler|Substitute|p2a: The wobbler
|-start|p2a: The wobbler|Substitute
|-damage|p2a: The wobbler|76/100
|
|-heal|p2a: The wobbler|82/100|[from] item: Leftovers
|-damage|p1a: bacon|84/100|[from] G-Max Wildfire
|-sideend|p1: gr0ny|G-Max Wildfire
|-ability|p2a: The wobbler|Moody|boost
|-boost|p2a: The wobbler|spa|2
|-unboost|p2a: The wobbler|spe|1
|upkeep
|turn|7
|
|t:|1642173308
|move|p2a: The wobbler|Spore|p1a: bacon
|-status|p1a: bacon|slp|[from] move: Spore
|cant|p1a: bacon|slp
|
|-heal|p2a: The wobbler|88/100|[from] item: Leftovers
|-sideend|p2: soda49|move: Tailwind
|-ability|p2a: The wobbler|Moody|boost
|-boost|p2a: The wobbler|def|2
|-unboost|p2a: The wobbler|atk|1
|upkeep
|turn|8
|
|t:|1642173314
|cant|p1a: bacon|slp
|move|p2a: The wobbler|Shell Smash|p2a: The wobbler
|-unboost|p2a: The wobbler|def|1
|-unboost|p2a: The wobbler|spd|1
|-boost|p2a: The wobbler|atk|2
|-boost|p2a: The wobbler|spa|2
|-boost|p2a: The wobbler|spe|2
|
|-heal|p2a: The wobbler|94/100|[from] item: Leftovers
|-ability|p2a: The wobbler|Moody|boost
|-boost|p2a: The wobbler|spd|2
|-unboost|p2a: The wobbler|spa|1
|upkeep
|turn|9
|j| Nintendo Corp
|
|t:|1642173321
|move|p2a: The wobbler|Shell Smash|p2a: The wobbler
|-unboost|p2a: The wobbler|def|1
|-unboost|p2a: The wobbler|spd|1
|-boost|p2a: The wobbler|atk|2
|-boost|p2a: The wobbler|spa|2
|-boost|p2a: The wobbler|spe|2
|-curestatus|p1a: bacon|slp|[msg]
|move|p1a: bacon|Knock Off|p2a: The wobbler
|-end|p2a: The wobbler|Substitute
|
|-heal|p2a: The wobbler|99/100|[from] item: Leftovers
|-ability|p2a: The wobbler|Moody|boost
|-boost|p2a: The wobbler|def|2
|-unboost|p2a: The wobbler|spd|1
|upkeep
|turn|10
|
|t:|1642173334
|move|p2a: The wobbler|Spore|p1a: bacon
|-status|p1a: bacon|slp|[from] move: Spore
|cant|p1a: bacon|slp
|
|-heal|p2a: The wobbler|100/100|[from] item: Leftovers
|-ability|p2a: The wobbler|Moody|boost
|-boost|p2a: The wobbler|def|2
|-unboost|p2a: The wobbler|spa|1
|upkeep
|turn|11
|
|t:|1642173338
|switch|p1a: youtubeur fr|Ditto, shiny|100/100
|-transform|p1a: youtubeur fr|p2a: The wobbler|[from] ability: Imposter
|move|p2a: The wobbler|Substitute|p2a: The wobbler
|-start|p2a: The wobbler|Substitute
|-damage|p2a: The wobbler|76/100
|
|-heal|p2a: The wobbler|82/100|[from] item: Leftovers
|-ability|p1a: youtubeur fr|Moody|boost
|-boost|p1a: youtubeur fr|spe|2
|-unboost|p1a: youtubeur fr|atk|1
|-ability|p2a: The wobbler|Moody|boost
|-boost|p2a: The wobbler|atk|2
|-unboost|p2a: The wobbler|def|1
|upkeep
|turn|12
|l| Nintendo Corp
|
|t:|1642173352
|move|p1a: youtubeur fr|Power Trip|p2a: The wobbler
|-end|p2a: The wobbler|Substitute
|move|p2a: The wobbler|Spore|p1a: youtubeur fr
|-status|p1a: youtubeur fr|slp|[from] move: Spore
|
|-heal|p2a: The wobbler|88/100|[from] item: Leftovers
|-ability|p1a: youtubeur fr|Moody|boost
|-boost|p1a: youtubeur fr|atk|2
|-unboost|p1a: youtubeur fr|def|1
|-ability|p2a: The wobbler|Moody|boost
|-boost|p2a: The wobbler|def|2
|-unboost|p2a: The wobbler|spd|1
|upkeep
|turn|13
|j| Nintendo Corp
|
|t:|1642173364
|cant|p1a: youtubeur fr|slp
|move|p2a: The wobbler|Substitute|p2a: The wobbler
|-start|p2a: The wobbler|Substitute
|-damage|p2a: The wobbler|63/100
|
|-heal|p2a: The wobbler|69/100|[from] item: Leftovers
|-ability|p1a: youtubeur fr|Moody|boost
|-boost|p1a: youtubeur fr|spd|2
|-unboost|p1a: youtubeur fr|spe|1
|-ability|p2a: The wobbler|Moody|boost
|-boost|p2a: The wobbler|atk|2
|-unboost|p2a: The wobbler|spd|1
|upkeep
|turn|14
|
|t:|1642173374
|cant|p1a: youtubeur fr|slp
|move|p2a: The wobbler|Power Trip|p1a: youtubeur fr
|-damage|p1a: youtubeur fr|0 fnt
|faint|p1a: youtubeur fr
|
|-heal|p2a: The wobbler|75/100|[from] item: Leftovers
|-ability|p2a: The wobbler|Moody|boost
|-boost|p2a: The wobbler|spd|2
|-unboost|p2a: The wobbler|spa|1
|upkeep
|
|t:|1642173387
|switch|p1a: big dog|Zacian-Crowned, shiny|100/100
|-ability|p1a: big dog|Intrepid Sword|boost
|-boost|p1a: big dog|atk|1
|turn|15
|
|t:|1642173396
|move|p2a: The wobbler|Spore|p1a: big dog
|-status|p1a: big dog|slp|[from] move: Spore
|cant|p1a: big dog|slp
|
|-heal|p2a: The wobbler|81/100|[from] item: Leftovers
|-ability|p2a: The wobbler|Moody|boost
|-boost|p2a: The wobbler|spe|2
|-unboost|p2a: The wobbler|spa|1
|upkeep
|turn|16
|n|!gr0ny|gr0ny
|-message|gr0ny forfeited.
|
|win|soda49
|raw|gr0ny's rating: 1504 &rarr; <strong>1486</strong><br />(-18 for losing)
|raw|soda49's rating: 1534 &rarr; <strong>1552</strong><br />(+18 for winning)
|l|!gr0ny
||Ladder isn't responding, score probably updated but might not have (Request timeout).
