|j|☆Naofumi_Bakugo_Jax
|j|☆hjk0hr1
|t:|1664243814
|gametype|singles
|player|p1|Naofumi_Bakugo_Jax|blue|1759
|player|p2|hjk0hr1|lucas|1954
|teamsize|p1|6
|teamsize|p2|6
|gen|8
|tier|[Gen 8] National Dex AG
|rated|
|rule|HP Percentage Mod: HP is shown in percentages
|rule|Endless Battle Clause: Forcing endless battles is banned
|clearpoke
|poke|p1|Zacian-*|
|poke|p1|Calyrex-Shadow|
|poke|p1|Yveltal|
|poke|p1|Arceus-*|
|poke|p1|Swampert, F|
|poke|p1|Kyogre|
|poke|p2|Zacian-*|
|poke|p2|Necrozma-Dusk-Mane|
|poke|p2|Eternatus|
|poke|p2|Arceus-*|
|poke|p2|Arceus-*|
|poke|p2|Rayquaza|
|teampreview
|
|t:|1664243833
|start
|switch|p1a: Arceus|Arceus, shiny|100/100
|switch|p2a: Rayquaza|Rayquaza|100/100
|-ability|p2a: Rayquaza|Air Lock
|turn|1
|
|t:|1664243851
|switch|p2a: Necrozma|Necrozma-Dusk-Mane, shiny|100/100
|move|p1a: Arceus|Reflect|p1a: Arceus
|-sidestart|p1: Naofumi_Bakugo_Jax|Reflect
|
|upkeep
|turn|2
|
|t:|1664243858
|move|p1a: Arceus|Magic Coat|p1a: Arceus
|-singleturn|p1a: Arceus|move: Magic Coat
|move|p2a: Necrozma|Thunder Wave|p1a: Arceus
|move|p1a: Arceus|Thunder Wave|p2a: Necrozma|[from]Magic Coat|[miss]
|-miss|p1a: Arceus|p2a: Necrozma
|
|upkeep
|turn|3
|
|t:|1664243876
|switch|p2a: Zacian|Zacian-Crowned|100/100
|-ability|p2a: Zacian|Intrepid Sword|boost
|-boost|p2a: Zacian|atk|1
|move|p1a: Arceus|Magic Coat|p1a: Arceus
|-singleturn|p1a: Arceus|move: Magic Coat
|
|upkeep
|turn|4
|
|t:|1664243880
|move|p2a: Zacian|Substitute|p2a: Zacian
|-start|p2a: Zacian|Substitute
|-damage|p2a: Zacian|76/100
|move|p1a: Arceus|Tailwind|p1a: Arceus
|-sidestart|p1: Naofumi_Bakugo_Jax|move: Tailwind
|
|upkeep
|turn|5
|inactive|Battle timer is ON: inactive players will automatically lose when time's up. (requested by hjk0hr1)
|
|t:|1664243908
|switch|p1a: Swampert|Swampert, F|100/100
|move|p2a: Zacian|Swords Dance|p2a: Zacian
|-boost|p2a: Zacian|atk|2
|
|upkeep
|turn|6
|
|t:|1664243915
|detailschange|p1a: Swampert|Swampert-Mega, F
|-mega|p1a: Swampert|Swampert|Swampertite
|move|p1a: Swampert|Earthquake|p2a: Zacian
|-supereffective|p2a: Zacian
|-end|p2a: Zacian|Substitute
|move|p2a: Zacian|Close Combat|p1a: Swampert
|-damage|p1a: Swampert|43/100
|-unboost|p2a: Zacian|def|1
|-unboost|p2a: Zacian|spd|1
|
|upkeep
|turn|7
|
|t:|1664243924
|switch|p2a: Rayquaza|Rayquaza|100/100
|-ability|p2a: Rayquaza|Air Lock
|move|p1a: Swampert|Yawn|p2a: Rayquaza
|-start|p2a: Rayquaza|move: Yawn|[of] p1a: Swampert
|
|-sideend|p1: Naofumi_Bakugo_Jax|move: Tailwind
|upkeep
|turn|8
|
|t:|1664243938
|switch|p2a: Arceus|Arceus-Fairy|100/100
|switch|p1a: Arceus|Arceus, shiny|100/100
|
|-sideend|p1: Naofumi_Bakugo_Jax|Reflect
|upkeep
|turn|9
|
|t:|1664243944
|switch|p2a: Zacian|Zacian-Crowned|76/100
|-ability|p2a: Zacian|Intrepid Sword|boost
|-boost|p2a: Zacian|atk|1
|move|p1a: Arceus|Reflect|p1a: Arceus
|-sidestart|p1: Naofumi_Bakugo_Jax|Reflect
|
|upkeep
|turn|10
|
|t:|1664243972
|move|p2a: Zacian|Substitute|p2a: Zacian
|-start|p2a: Zacian|Substitute
|-damage|p2a: Zacian|51/100
|move|p1a: Arceus|Tailwind|p1a: Arceus
|-sidestart|p1: Naofumi_Bakugo_Jax|move: Tailwind
|
|upkeep
|turn|11
|
|t:|1664243977
|move|p1a: Arceus|Extreme Speed|p2a: Zacian
|-resisted|p2a: Zacian
|-activate|p2a: Zacian|move: Substitute|[damage]
|move|p2a: Zacian|Swords Dance|p2a: Zacian
|-boost|p2a: Zacian|atk|2
|
|upkeep
|turn|12
|
|t:|1664243981
|move|p1a: Arceus|Extreme Speed|p2a: Zacian
|-resisted|p2a: Zacian
|-end|p2a: Zacian|Substitute
|move|p2a: Zacian|Substitute|p2a: Zacian
|-start|p2a: Zacian|Substitute
|-damage|p2a: Zacian|26/100
|
|upkeep
|turn|13
|
|t:|1664243991
|move|p1a: Arceus|Extreme Speed|p2a: Zacian
|-resisted|p2a: Zacian
|-activate|p2a: Zacian|move: Substitute|[damage]
|move|p2a: Zacian|Close Combat|p1a: Arceus
|-supereffective|p1a: Arceus
|-damage|p1a: Arceus|20/100
|-unboost|p2a: Zacian|def|1
|-unboost|p2a: Zacian|spd|1
|
|-sideend|p1: Naofumi_Bakugo_Jax|move: Tailwind
|upkeep
|turn|14
|j| Overlord Jr.
|inactive|hjk0hr1 has 120 seconds left.
|
|t:|1664244049
|move|p1a: Arceus|Extreme Speed|p2a: Zacian
|-resisted|p2a: Zacian
|-end|p2a: Zacian|Substitute
|move|p2a: Zacian|Behemoth Blade|p1a: Arceus
|-damage|p1a: Arceus|0 fnt
|faint|p1a: Arceus
|
|upkeep
|
|t:|1664244071
|switch|p1a: Calyrex|Calyrex-Shadow|100/100
|-ability|p1a: Calyrex|As One
|-ability|p1a: Calyrex|Unnerve
|turn|15
|
|t:|1664244076
|switch|p2a: Arceus|Arceus-Dark|100/100
|move|p1a: Calyrex|Nasty Plot|p1a: Calyrex
|-boost|p1a: Calyrex|spa|2
|
|upkeep
|turn|16
|
|t:|1664244080
|-start|p2a: Arceus|Dynamax|
|-heal|p2a: Arceus|100/100|[silent]
|move|p1a: Calyrex|Baton Pass|p1a: Calyrex
|
|t:|1664244084
|switch|p1a: Yveltal|Yveltal, shiny|100/100|[from]move: Baton Pass
|-ability|p1a: Yveltal|Dark Aura
|move|p2a: Arceus|Max Darkness|p1a: Yveltal
|-resisted|p1a: Yveltal
|-damage|p1a: Yveltal|71/100
|-unboost|p1a: Yveltal|spd|1
|
|-sideend|p1: Naofumi_Bakugo_Jax|Reflect
|upkeep
|turn|17
|
|t:|1664244102
|-start|p1a: Yveltal|Dynamax|
|-heal|p1a: Yveltal|71/100|[silent]
|move|p1a: Yveltal|Max Airstream|p2a: Arceus
|-damage|p2a: Arceus|67/100
|-boost|p1a: Yveltal|spe|1
|move|p2a: Arceus|Max Darkness|p1a: Yveltal
|-resisted|p1a: Yveltal
|-damage|p1a: Yveltal|48/100
|-unboost|p1a: Yveltal|spd|1
|
|upkeep
|turn|18
|
|t:|1664244112
|move|p1a: Yveltal|Max Guard|p1a: Yveltal
|-singleturn|p1a: Yveltal|Max Guard
|move|p2a: Arceus|Max Guard||[still]
|-fail|p2a: Arceus
|
|upkeep
|-end|p2a: Arceus|Dynamax
|-heal|p2a: Arceus|67/100|[silent]
|turn|19
|
|t:|1664244119
|switch|p2a: Zacian|Zacian-Crowned|26/100
|-ability|p2a: Zacian|Intrepid Sword|boost
|-boost|p2a: Zacian|atk|1
|move|p1a: Yveltal|Max Airstream|p2a: Zacian
|-resisted|p2a: Zacian
|-damage|p2a: Zacian|0 fnt
|-boost|p1a: Yveltal|spe|1
|faint|p2a: Zacian
|
|upkeep
|
|t:|1664244130
|switch|p2a: Arceus|Arceus-Fairy|100/100
|-end|p1a: Yveltal|Dynamax
|-heal|p1a: Yveltal|48/100|[silent]
|turn|20
|
|t:|1664244139
|move|p1a: Yveltal|Oblivion Wing|p2a: Arceus
|-damage|p2a: Arceus|52/100
|-heal|p1a: Yveltal|90/100|[from] drain|[of] p2a: Arceus
|move|p2a: Arceus|Judgment|p1a: Yveltal
|-supereffective|p1a: Yveltal
|-damage|p1a: Yveltal|0 fnt
|faint|p1a: Yveltal
|
|upkeep
|
|t:|1664244158
|switch|p1a: Zacian|Zacian-Crowned|100/100
|-ability|p1a: Zacian|Intrepid Sword|boost
|-boost|p1a: Zacian|atk|1
|turn|21
|
|t:|1664244161
|switch|p2a: Necrozma|Necrozma-Dusk-Mane, shiny|100/100
|move|p1a: Zacian|Behemoth Blade|p2a: Necrozma
|-resisted|p2a: Necrozma
|-damage|p2a: Necrozma|74/100
|-damage|p1a: Zacian|84/100|[from] item: Rocky Helmet|[of] p2a: Necrozma
|
|upkeep
|turn|22
|
|t:|1664244167
|switch|p1a: Swampert|Swampert-Mega, F|43/100
|move|p2a: Necrozma|Thunder Wave|p1a: Swampert
|-immune|p1a: Swampert
|
|upkeep
|turn|23
|
|t:|1664244178
|switch|p2a: Arceus|Arceus-Fairy|52/100
|move|p1a: Swampert|Yawn|p2a: Arceus
|-start|p2a: Arceus|move: Yawn|[of] p1a: Swampert
|
|upkeep
|turn|24
|
|t:|1664244192
|move|p2a: Arceus|Judgment|p1a: Swampert
|-damage|p1a: Swampert|1/100
|move|p1a: Swampert|Liquidation|p2a: Arceus
|-damage|p2a: Arceus|21/100
|
|-end|p2a: Arceus|move: Yawn|[silent]
|-status|p2a: Arceus|slp
|upkeep
|turn|25
|inactive|Naofumi_Bakugo_Jax has 120 seconds left.
|l|☆Naofumi_Bakugo_Jax
|inactive|Naofumi_Bakugo_Jax disconnected and has a minute to reconnect!
|player|p1|
|j|☆Naofumi_Bakugo_Jax
|inactive|Naofumi_Bakugo_Jax reconnected and has 115 seconds left.
|player|p1|Naofumi_Bakugo_Jax|blue
|
|t:|1664244247
|switch|p1a: Kyogre|Kyogre|100/100
|-weather|RainDance|[from] ability: Drizzle|[of] p1a: Kyogre
|cant|p2a: Arceus|slp
|
|-weather|RainDance|[upkeep]
|upkeep
|turn|26
|
|t:|1664244255
|move|p1a: Kyogre|Ice Beam|p2a: Arceus
|-damage|p2a: Arceus|3/100 slp
|cant|p2a: Arceus|slp
|
|-weather|RainDance|[upkeep]
|upkeep
|turn|27
|
|t:|1664244258
|move|p1a: Kyogre|Ice Beam|p2a: Arceus
|-damage|p2a: Arceus|0 fnt
|faint|p2a: Arceus
|
|-weather|RainDance|[upkeep]
|upkeep
|
|t:|1664244267
|switch|p2a: Necrozma|Necrozma-Dusk-Mane, shiny|74/100
|turn|28
|inactive|Naofumi_Bakugo_Jax has 120 seconds left.
|
|t:|1664244281
|switch|p1a: Swampert|Swampert-Mega, F|1/100
|move|p2a: Necrozma|Sunsteel Strike|p1a: Swampert
|-resisted|p1a: Swampert
|-damage|p1a: Swampert|0 fnt
|faint|p1a: Swampert
|
|-weather|RainDance|[upkeep]
|upkeep
|
|t:|1664244290
|switch|p1a: Calyrex|Calyrex-Shadow|100/100
|-ability|p1a: Calyrex|As One
|-ability|p1a: Calyrex|Unnerve
|turn|29
|
|t:|1664244295
|switch|p2a: Arceus|Arceus-Dark|67/100
|move|p1a: Calyrex|Astral Barrage|p2a: Arceus
|-resisted|p2a: Arceus
|-damage|p2a: Arceus|47/100
|
|-weather|none
|upkeep
|turn|30
|
|t:|1664244310
|move|p1a: Calyrex|Nasty Plot|p1a: Calyrex
|-boost|p1a: Calyrex|spa|2
|move|p2a: Arceus|Recover|p2a: Arceus
|-heal|p2a: Arceus|97/100
|
|upkeep
|turn|31
|
|t:|1664244320
|move|p1a: Calyrex|Baton Pass|p1a: Calyrex
|
|t:|1664244322
|switch|p1a: Kyogre|Kyogre|100/100|[from]move: Baton Pass
|-weather|RainDance|[from] ability: Drizzle|[of] p1a: Kyogre
|move|p2a: Arceus|Snarl|p1a: Kyogre
|-damage|p1a: Kyogre|81/100
|-unboost|p1a: Kyogre|spa|1
|
|-weather|RainDance|[upkeep]
|upkeep
|turn|32
|
|t:|1664244328
|switch|p2a: Rayquaza|Rayquaza|100/100
|-ability|p2a: Rayquaza|Air Lock
|move|p1a: Kyogre|Origin Pulse|p2a: Rayquaza
|-resisted|p2a: Rayquaza
|-crit|p2a: Rayquaza
|-damage|p2a: Rayquaza|17/100
|
|-weather|RainDance|[upkeep]
|upkeep
|turn|33
|inactive|hjk0hr1 has 120 seconds left.
|
|t:|1664244370
|detailschange|p2a: Rayquaza|Rayquaza-Mega
|-mega|p2a: Rayquaza|Rayquaza|
|-weather|DeltaStream|[from] ability: Delta Stream|[of] p2a: Rayquaza
|move|p2a: Rayquaza|Dragon Ascent|p1a: Kyogre
|-damage|p1a: Kyogre|4/100
|-unboost|p2a: Rayquaza|def|1
|-unboost|p2a: Rayquaza|spd|1
|move|p1a: Kyogre|Origin Pulse|p2a: Rayquaza
|-resisted|p2a: Rayquaza
|-damage|p2a: Rayquaza|0 fnt
|faint|p2a: Rayquaza
|-weather|none
|
|upkeep
|
|t:|1664244376
|switch|p2a: Eternatus|Eternatus|100/100
|-ability|p2a: Eternatus|Pressure
|turn|34
|
|t:|1664244386
|move|p1a: Kyogre|Origin Pulse|p2a: Eternatus
|-resisted|p2a: Eternatus
|-damage|p2a: Eternatus|58/100
|move|p2a: Eternatus|Flamethrower|p1a: Kyogre
|-resisted|p1a: Kyogre
|-damage|p1a: Kyogre|0 fnt
|faint|p1a: Kyogre
|
|upkeep
|
|t:|1664244410
|switch|p1a: Zacian|Zacian-Crowned|84/100
|-ability|p1a: Zacian|Intrepid Sword|boost
|-boost|p1a: Zacian|atk|1
|turn|35
|
|t:|1664244418
|move|p2a: Eternatus|Flamethrower|p1a: Zacian
|-supereffective|p1a: Zacian
|-damage|p1a: Zacian|29/100
|move|p1a: Zacian|Behemoth Blade|p2a: Eternatus
|-crit|p2a: Eternatus
|-damage|p2a: Eternatus|0 fnt
|faint|p2a: Eternatus
|
|upkeep
|
|t:|1664244422
|switch|p2a: Necrozma|Necrozma-Dusk-Mane, shiny|74/100
|turn|36
|
|t:|1664244434
|move|p1a: Zacian|Close Combat|p2a: Necrozma
|-damage|p2a: Necrozma|29/100
|-unboost|p1a: Zacian|def|1
|-unboost|p1a: Zacian|spd|1
|-damage|p1a: Zacian|12/100|[from] item: Rocky Helmet|[of] p2a: Necrozma
|move|p2a: Necrozma|Morning Sun|p2a: Necrozma
|-heal|p2a: Necrozma|79/100
|
|upkeep
|turn|37
|
|t:|1664244451
|switch|p1a: Calyrex|Calyrex-Shadow|100/100
|-ability|p1a: Calyrex|As One
|-ability|p1a: Calyrex|Unnerve
|move|p2a: Necrozma|Thunder Wave|p1a: Calyrex
|-status|p1a: Calyrex|par
|
|upkeep
|turn|38
|
|t:|1664244462
|switch|p2a: Arceus|Arceus-Dark|97/100
|move|p1a: Calyrex|Nasty Plot|p1a: Calyrex
|-boost|p1a: Calyrex|spa|2
|
|upkeep
|turn|39
|
|t:|1664244467
|move|p2a: Arceus|Snarl|p1a: Calyrex|[miss]
|-miss|p2a: Arceus|p1a: Calyrex
|move|p1a: Calyrex|Astral Barrage|p2a: Arceus
|-resisted|p2a: Arceus
|-damage|p2a: Arceus|60/100
|
|upkeep
|turn|40
|
|t:|1664244486
|move|p2a: Arceus|Snarl|p1a: Calyrex
|-supereffective|p1a: Calyrex
|-enditem|p1a: Calyrex|Focus Sash
|-damage|p1a: Calyrex|1/100 par
|-unboost|p1a: Calyrex|spa|1
|cant|p1a: Calyrex|par
|
|upkeep
|turn|41
|
|t:|1664244490
|move|p2a: Arceus|Snarl|p1a: Calyrex
|-supereffective|p1a: Calyrex
|-damage|p1a: Calyrex|0 fnt
|faint|p1a: Calyrex
|
|upkeep
|
|t:|1664244491
|switch|p1a: Zacian|Zacian-Crowned|12/100
|-ability|p1a: Zacian|Intrepid Sword|boost
|-boost|p1a: Zacian|atk|1
|turn|42
|
|t:|1664244497
|move|p1a: Zacian|Close Combat|p2a: Arceus
|-supereffective|p2a: Arceus
|-damage|p2a: Arceus|0 fnt
|-unboost|p1a: Zacian|def|1
|-unboost|p1a: Zacian|spd|1
|faint|p2a: Arceus
|
|upkeep
|
|t:|1664244500
|switch|p2a: Necrozma|Necrozma-Dusk-Mane, shiny|79/100
|turn|43
|
|t:|1664244502
|move|p1a: Zacian|Close Combat|p2a: Necrozma
|-damage|p2a: Necrozma|35/100
|-unboost|p1a: Zacian|def|1
|-unboost|p1a: Zacian|spd|1
|-damage|p1a: Zacian|0 fnt|[from] item: Rocky Helmet|[of] p2a: Necrozma
|faint|p1a: Zacian
|
|win|hjk0hr1
|raw|Naofumi_Bakugo_Jax's rating: 1759 &rarr; <strong>1749</strong><br />(-10 for losing)
|raw|hjk0hr1's rating: 1954 &rarr; <strong>1964</strong><br />(+10 for winning)
