|j|☆CLEAR GEM清瑜
|j|☆ChunkyRat
|t:|1667053455
|gametype|singles
|player|p1|CLEAR GEM清瑜|skierf|1847
|player|p2|ChunkyRat|ninjaboy|1758
|teamsize|p1|6
|teamsize|p2|6
|gen|8
|tier|[Gen 8] National Dex AG
|rated|
|rule|HP Percentage Mod: HP is shown in percentages
|rule|Endless Battle Clause: Forcing endless battles is banned
|clearpoke
|poke|p1|Rayquaza|
|poke|p1|Groudon|
|poke|p1|Necrozma-Dusk-Mane|
|poke|p1|Arceus-*|
|poke|p1|Zacian-*|
|poke|p1|Yveltal|
|poke|p2|Rayquaza|
|poke|p2|Arceus-*|
|poke|p2|Lugia|
|poke|p2|Groudon|
|poke|p2|Marshadow|
|poke|p2|Arceus-*|
|teampreview
|inactive|Battle timer is ON: inactive players will automatically lose when time's up. (requested by CLEAR GEM清瑜)
|
|t:|1667053474
|start
|switch|p1a: 老烈|Rayquaza, shiny|100/100
|switch|p2a: Lugia|Lugia, shiny|100/100
|-ability|p1a: 老烈|Air Lock
|turn|1
|
|t:|1667053479
|detailschange|p1a: 老烈|Rayquaza-Mega, shiny
|-mega|p1a: 老烈|Rayquaza|
|-weather|DeltaStream|[from] ability: Delta Stream|[of] p1a: 老烈
|move|p1a: 老烈|Scale Shot|p2a: Lugia
|-damage|p2a: Lugia|95/100
|-crit|p2a: Lugia
|-damage|p2a: Lugia|78/100
|-damage|p2a: Lugia|67/100
|-damage|p2a: Lugia|55/100
|-damage|p2a: Lugia|43/100
|-hitcount|p2a: Lugia|5
|-unboost|p1a: 老烈|def|1
|-boost|p1a: 老烈|spe|1
|-damage|p1a: 老烈|91/100|[from] item: Life Orb
|move|p2a: Lugia|Thunder Wave|p1a: 老烈
|-status|p1a: 老烈|par
|
|-weather|DeltaStream|[upkeep]
|upkeep
|turn|2
|
|t:|1667053482
|move|p2a: Lugia|Recover|p2a: Lugia
|-heal|p2a: Lugia|93/100
|move|p1a: 老烈|Dragon Ascent|p2a: Lugia
|-damage|p2a: Lugia|33/100
|-unboost|p1a: 老烈|def|1
|-unboost|p1a: 老烈|spd|1
|-damage|p1a: 老烈|81/100 par|[from] item: Life Orb
|
|-weather|DeltaStream|[upkeep]
|upkeep
|turn|3
|
|t:|1667053486
|move|p1a: 老烈|Extreme Speed|p2a: Lugia
|-damage|p2a: Lugia|6/100
|-damage|p1a: 老烈|71/100 par|[from] item: Life Orb
|move|p2a: Lugia|Recover|p2a: Lugia
|-heal|p2a: Lugia|56/100
|
|-weather|DeltaStream|[upkeep]
|upkeep
|turn|4
|
|t:|1667053489
|move|p2a: Lugia|Recover|p2a: Lugia
|-heal|p2a: Lugia|100/100
|cant|p1a: 老烈|par
|
|-weather|DeltaStream|[upkeep]
|upkeep
|turn|5
|
|t:|1667053492
|move|p2a: Lugia|Thunder Wave|p1a: 老烈
|-fail|p1a: 老烈|par
|move|p1a: 老烈|Scale Shot|p2a: Lugia
|-damage|p2a: Lugia|95/100
|-damage|p2a: Lugia|84/100
|-hitcount|p2a: Lugia|2
|-unboost|p1a: 老烈|def|1
|-boost|p1a: 老烈|spe|1
|-damage|p1a: 老烈|61/100 par|[from] item: Life Orb
|
|-weather|DeltaStream|[upkeep]
|upkeep
|turn|6
|
|t:|1667053495
|cant|p1a: 老烈|par
|move|p2a: Lugia|Recover|p2a: Lugia
|-heal|p2a: Lugia|100/100
|
|-weather|DeltaStream|[upkeep]
|upkeep
|turn|7
|
|t:|1667053497
|move|p1a: 老烈|Scale Shot|p2a: Lugia
|-damage|p2a: Lugia|94/100
|-damage|p2a: Lugia|83/100
|-damage|p2a: Lugia|71/100
|-damage|p2a: Lugia|59/100
|-damage|p2a: Lugia|48/100
|-hitcount|p2a: Lugia|5
|-unboost|p1a: 老烈|def|1
|-boost|p1a: 老烈|spe|1
|-damage|p1a: 老烈|51/100 par|[from] item: Life Orb
|move|p2a: Lugia|Thunder Wave|p1a: 老烈
|-fail|p1a: 老烈|par
|
|-weather|DeltaStream|[upkeep]
|upkeep
|turn|8
|
|t:|1667053499
|move|p1a: 老烈|Dragon Ascent|p2a: Lugia
|-damage|p2a: Lugia|0 fnt
|-unboost|p1a: 老烈|def|1
|-unboost|p1a: 老烈|spd|1
|faint|p2a: Lugia
|-damage|p1a: 老烈|41/100 par|[from] item: Life Orb
|
|-weather|DeltaStream|[upkeep]
|upkeep
|
|t:|1667053502
|switch|p2a: Marshadow|Marshadow|100/100
|turn|9
|
|t:|1667053505
|move|p2a: Marshadow|Shadow Sneak|p1a: 老烈
|-damage|p1a: 老烈|0 fnt
|faint|p1a: 老烈
|-weather|none
|
|upkeep
|
|t:|1667053506
|switch|p1a: 不会(?)|Groudon|100/100
|detailschange|p1a: 不会(?)|Groudon-Primal
|-primal|p1a: 不会(?)
|-weather|DesolateLand|[from] ability: Desolate Land|[of] p1a: 不会(?)
|turn|10
|
|t:|1667053510
|switch|p2a: Groudon|Groudon, shiny|100/100
|detailschange|p2a: Groudon|Groudon-Primal, shiny
|-primal|p2a: Groudon
|move|p1a: 不会(?)|Stealth Rock|p2a: Groudon
|-sidestart|p2: ChunkyRat|move: Stealth Rock
|
|-weather|DesolateLand|[upkeep]
|upkeep
|turn|11
|
|t:|1667053513
|move|p2a: Groudon|Earth Power|p1a: 不会(?)
|-supereffective|p1a: 不会(?)
|-damage|p1a: 不会(?)|0 fnt
|faint|p1a: 不会(?)
|
|-weather|DesolateLand|[upkeep]
|upkeep
|
|t:|1667053517
|switch|p1a: 悬空羊驼|Arceus-Flying|100/100
|turn|12
|
|t:|1667053519
|move|p1a: 悬空羊驼|Swords Dance|p1a: 悬空羊驼
|-boost|p1a: 悬空羊驼|atk|2
|move|p2a: Groudon|Toxic|p1a: 悬空羊驼
|-status|p1a: 悬空羊驼|tox
|
|-weather|DesolateLand|[upkeep]
|-damage|p1a: 悬空羊驼|94/100 tox|[from] psn
|upkeep
|turn|13
|
|t:|1667053525
|-start|p1a: 悬空羊驼|Dynamax|
|-heal|p1a: 悬空羊驼|94/100 tox|[silent]
|move|p1a: 悬空羊驼|Max Airstream|p2a: Groudon
|-damage|p2a: Groudon|0 fnt
|-boost|p1a: 悬空羊驼|spe|1
|faint|p2a: Groudon
|-weather|none
|
|-damage|p1a: 悬空羊驼|88/100 tox|[from] psn
|upkeep
|
|t:|1667053537
|switch|p2a: Rayquaza|Rayquaza, shiny|100/100
|-damage|p2a: Rayquaza|75/100|[from] Stealth Rock
|-ability|p2a: Rayquaza|Air Lock
|turn|14
|
|t:|1667053539
|detailschange|p2a: Rayquaza|Rayquaza-Mega, shiny
|-mega|p2a: Rayquaza|Rayquaza|
|-weather|DeltaStream|[from] ability: Delta Stream|[of] p2a: Rayquaza
|move|p2a: Rayquaza|Extreme Speed|p1a: 悬空羊驼
|-damage|p1a: 悬空羊驼|75/100 tox
|move|p1a: 悬空羊驼|Max Airstream|p2a: Rayquaza
|-damage|p2a: Rayquaza|0 fnt
|-boost|p1a: 悬空羊驼|spe|1
|faint|p2a: Rayquaza
|-weather|none
|
|-damage|p1a: 悬空羊驼|66/100 tox|[from] psn
|upkeep
|
|t:|1667053548
|switch|p2a: Marshadow|Marshadow|100/100
|-damage|p2a: Marshadow|94/100|[from] Stealth Rock
|turn|15
|
|t:|1667053551
|move|p2a: Marshadow|Shadow Sneak|p1a: 悬空羊驼
|-crit|p1a: 悬空羊驼
|-damage|p1a: 悬空羊驼|49/100 tox
|move|p1a: 悬空羊驼|Max Airstream|p2a: Marshadow
|-supereffective|p2a: Marshadow
|-damage|p2a: Marshadow|0 fnt
|-boost|p1a: 悬空羊驼|spe|1
|faint|p2a: Marshadow
|
|-damage|p1a: 悬空羊驼|37/100 tox|[from] psn
|upkeep
|
|t:|1667053553
|switch|p2a: Arceus|Arceus|100/100
|-damage|p2a: Arceus|88/100|[from] Stealth Rock
|-end|p1a: 悬空羊驼|Dynamax
|-heal|p1a: 悬空羊驼|37/100 tox|[silent]
|turn|16
|
|t:|1667053557
|move|p2a: Arceus|Extreme Speed|p1a: 悬空羊驼
|-damage|p1a: 悬空羊驼|0 fnt
|faint|p1a: 悬空羊驼
|-damage|p2a: Arceus|78/100|[from] item: Life Orb
|
|upkeep
|
|t:|1667053564
|switch|p1a: 钢铁之躯|Necrozma-Dusk-Mane|100/100
|turn|17
|
|t:|1667053569
|detailschange|p1a: 钢铁之躯|Necrozma-Ultra
|-burst|p1a: 钢铁之躯|Necrozma|Ultranecrozium Z
|move|p1a: 钢铁之躯|Dragon Dance|p1a: 钢铁之躯
|-boost|p1a: 钢铁之躯|atk|1
|-boost|p1a: 钢铁之躯|spe|1
|move|p2a: Arceus|Swords Dance|p2a: Arceus
|-boost|p2a: Arceus|atk|2
|
|upkeep
|turn|18
|
|t:|1667053571
|move|p2a: Arceus|Extreme Speed|p1a: 钢铁之躯
|-damage|p1a: 钢铁之躯|0 fnt
|faint|p1a: 钢铁之躯
|-damage|p2a: Arceus|68/100|[from] item: Life Orb
|
|upkeep
|
|t:|1667053574
|switch|p1a: 嘉然小姐的狗|Zacian-Crowned|100/100
|-ability|p1a: 嘉然小姐的狗|Intrepid Sword|boost
|-boost|p1a: 嘉然小姐的狗|atk|1
|turn|19
|
|t:|1667053581
|move|p2a: Arceus|Extreme Speed|p1a: 嘉然小姐的狗
|-resisted|p1a: 嘉然小姐的狗
|-crit|p1a: 嘉然小姐的狗
|-damage|p1a: 嘉然小姐的狗|42/100
|-damage|p2a: Arceus|58/100|[from] item: Life Orb
|move|p1a: 嘉然小姐的狗|Close Combat|p2a: Arceus
|-supereffective|p2a: Arceus
|-damage|p2a: Arceus|0 fnt
|-unboost|p1a: 嘉然小姐的狗|def|1
|-unboost|p1a: 嘉然小姐的狗|spd|1
|faint|p2a: Arceus
|
|upkeep
|
|t:|1667053583
|switch|p2a: Arceus|Arceus-Ground, shiny|100/100
|-damage|p2a: Arceus|94/100|[from] Stealth Rock
|turn|20
|
|t:|1667053585
|-start|p2a: Arceus|Dynamax|
|-heal|p2a: Arceus|94/100|[silent]
|move|p1a: 嘉然小姐的狗|Behemoth Blade|p2a: Arceus
|-damage|p2a: Arceus|44/100
|move|p2a: Arceus|Max Quake|p1a: 嘉然小姐的狗
|-supereffective|p1a: 嘉然小姐的狗
|-damage|p1a: 嘉然小姐的狗|0 fnt
|-boost|p2a: Arceus|spd|1
|faint|p1a: 嘉然小姐的狗
|
|upkeep
|
|t:|1667053588
|switch|p1a: Y鸟|Yveltal|100/100
|-ability|p1a: Y鸟|Dark Aura
|turn|21
|
|t:|1667053589
|move|p1a: Y鸟|Dark Pulse|p2a: Arceus
|-damage|p2a: Arceus|28/100
|-damage|p1a: Y鸟|91/100|[from] item: Life Orb
|move|p2a: Arceus|Max Hailstorm|p1a: Y鸟
|-supereffective|p1a: Y鸟
|-damage|p1a: Y鸟|26/100
|-weather|Hail
|
|-weather|Hail|[upkeep]
|-damage|p1a: Y鸟|20/100|[from] Hail
|-damage|p2a: Arceus|25/100|[from] Hail
|upkeep
|turn|22
|
|t:|1667053596
|move|p1a: Y鸟|Dark Pulse|p2a: Arceus
|-damage|p2a: Arceus|8/100
|-damage|p1a: Y鸟|10/100|[from] item: Life Orb
|move|p2a: Arceus|Max Hailstorm|p1a: Y鸟
|-supereffective|p1a: Y鸟
|-damage|p1a: Y鸟|0 fnt
|faint|p1a: Y鸟
|
|win|ChunkyRat
|raw|CLEAR GEM清瑜's rating: 1847 &rarr; <strong>1822</strong><br />(-25 for losing)
|raw|ChunkyRat's rating: 1758 &rarr; <strong>1783</strong><br />(+25 for winning)
