|j|☆MUGNAI3
|j|☆ChunkyRat
|t:|1623328409
|gametype|singles
|player|p1|MUGNAI3|n|1739
|player|p2|ChunkyRat|burgh|1729
|teamsize|p1|6
|teamsize|p2|6
|gen|8
|tier|[Gen 8] National Dex AG
|rated|
|rule|HP Percentage Mod: HP is shown in percentages
|rule|Endless Battle Clause: Forcing endless battles is banned
|clearpoke
|poke|p1|Ditto|
|poke|p1|Ho-Oh|
|poke|p1|Groudon|
|poke|p1|Yveltal|
|poke|p1|Necrozma-Dusk-Mane|
|poke|p1|Zacian-*|
|poke|p2|Rayquaza|
|poke|p2|Arceus-*|
|poke|p2|Arceus-*|
|poke|p2|Lugia|
|poke|p2|Groudon|
|poke|p2|Calyrex-Shadow|
|teampreview
|inactive|Battle timer is ON: inactive players will automatically lose when time's up. (requested by ChunkyRat)
|
|t:|1623328417
|start
|switch|p1a: Ditto|Ditto, shiny|100/100
|switch|p2a: Groudon|Groudon|100/100
|-transform|p1a: Ditto|p2a: Groudon|[from] ability: Imposter
|-weather|SunnyDay|[from] ability: Drought|[of] p1a: Ditto
|detailschange|p2a: Groudon|Groudon-Primal
|-primal|p2a: Groudon
|-weather|DesolateLand|[from] ability: Desolate Land|[of] p2a: Groudon
|turn|1
|
|t:|1623328432
|move|p1a: Ditto|Toxic|p2a: Groudon
|-status|p2a: Groudon|tox
|move|p2a: Groudon|Earth Power|p1a: Ditto
|-damage|p1a: Ditto|31/100
|
|-weather|DesolateLand|[upkeep]
|-damage|p2a: Groudon|94/100 tox|[from] psn
|upkeep
|turn|2
|
|t:|1623328443
|switch|p1a: Ho-Oh|Ho-Oh|100/100
|move|p2a: Groudon|Stealth Rock|p1a: Ho-Oh
|-sidestart|p1: MUGNAI3|move: Stealth Rock
|
|-weather|DesolateLand|[upkeep]
|-damage|p2a: Groudon|82/100 tox|[from] psn
|upkeep
|turn|3
|
|t:|1623328450
|move|p2a: Groudon|Toxic|p1a: Ho-Oh
|-status|p1a: Ho-Oh|tox
|move|p1a: Ho-Oh|Defog|p2a: Groudon
|-unboost|p2a: Groudon|evasion|1
|-sideend|p1: MUGNAI3|Stealth Rock|[from] move: Defog|[of] p1a: Ho-Oh
|
|-weather|DesolateLand|[upkeep]
|-damage|p2a: Groudon|64/100 tox|[from] psn
|-damage|p1a: Ho-Oh|94/100 tox|[from] psn
|upkeep
|turn|4
|
|t:|1623328458
|-weather|none
|switch|p2a: Rayquaza|Rayquaza|100/100
|-ability|p2a: Rayquaza|Air Lock
|switch|p1a: Yveltal|Yveltal|100/100
|-ability|p1a: Yveltal|Dark Aura
|
|upkeep
|turn|5
|
|t:|1623328470
|detailschange|p2a: Rayquaza|Rayquaza-Mega
|-mega|p2a: Rayquaza|Rayquaza|
|-weather|DeltaStream|[from] ability: Delta Stream|[of] p2a: Rayquaza
|-start|p1a: Yveltal|Dynamax
|-heal|p1a: Yveltal|100/100|[silent]
|move|p2a: Rayquaza|Dragon Ascent|p1a: Yveltal
|-damage|p1a: Yveltal|55/100
|-unboost|p2a: Rayquaza|def|1
|-unboost|p2a: Rayquaza|spd|1
|-damage|p2a: Rayquaza|91/100|[from] item: Life Orb
|move|p1a: Yveltal|Max Airstream|p2a: Rayquaza
|-damage|p2a: Rayquaza|0 fnt
|-boost|p1a: Yveltal|spe|1
|faint|p2a: Rayquaza
|-weather|none
|-damage|p1a: Yveltal|50/100|[from] item: Life Orb
|
|upkeep
|
|t:|1623328478
|switch|p2a: Lugia|Lugia|100/100
|turn|6
|
|t:|1623328495
|switch|p2a: Groudon|Groudon-Primal|64/100 tox
|-weather|DesolateLand|[from] ability: Desolate Land|[of] p2a: Groudon
|move|p1a: Yveltal|Max Ooze|p2a: Groudon
|-resisted|p2a: Groudon
|-damage|p2a: Groudon|32/100 tox
|-boost|p1a: Yveltal|spa|1
|-damage|p1a: Yveltal|45/100|[from] item: Life Orb
|
|-weather|DesolateLand|[upkeep]
|-damage|p2a: Groudon|26/100 tox|[from] psn
|upkeep
|turn|7
|
|t:|1623328515
|move|p1a: Yveltal|Max Ooze|p2a: Groudon
|-resisted|p2a: Groudon
|-damage|p2a: Groudon|0 fnt
|-boost|p1a: Yveltal|spa|1
|faint|p2a: Groudon
|-weather|none
|-damage|p1a: Yveltal|40/100|[from] item: Life Orb
|
|-end|p1a: Yveltal|Dynamax
|-heal|p1a: Yveltal|41/100|[silent]
|upkeep
|
|t:|1623328527
|switch|p2a: Lugia|Lugia|100/100
|turn|8
|
|t:|1623328533
|move|p1a: Yveltal|Dark Pulse|p2a: Lugia
|-supereffective|p2a: Lugia
|-crit|p2a: Lugia
|-damage|p2a: Lugia|0 fnt
|faint|p2a: Lugia
|-damage|p1a: Yveltal|31/100|[from] item: Life Orb
|
|upkeep
|
|t:|1623328537
|switch|p2a: Arceus|Arceus|100/100
|turn|9
|
|t:|1623328543
|move|p2a: Arceus|Extreme Speed|p1a: Yveltal
|-damage|p1a: Yveltal|0 fnt
|faint|p1a: Yveltal
|
|upkeep
|
|t:|1623328550
|switch|p1a: Zacian|Zacian-Crowned|100/100
|-ability|p1a: Zacian|Intrepid Sword|boost
|-boost|p1a: Zacian|atk|1
|turn|10
|
|t:|1623328555
|move|p2a: Arceus|Extreme Speed|p1a: Zacian
|-resisted|p1a: Zacian
|-damage|p1a: Zacian|80/100
|move|p1a: Zacian|Behemoth Blade|p2a: Arceus
|-damage|p2a: Arceus|36/100
|
|-heal|p2a: Arceus|42/100|[from] item: Leftovers
|upkeep
|turn|11
|
|t:|1623328565
|move|p2a: Arceus|Extreme Speed|p1a: Zacian
|-resisted|p1a: Zacian
|-damage|p1a: Zacian|61/100
|move|p1a: Zacian|Behemoth Blade|p2a: Arceus
|-damage|p2a: Arceus|0 fnt
|faint|p2a: Arceus
|
|upkeep
|
|t:|1623328568
|switch|p2a: Calyrex|Calyrex-Shadow|100/100
|-ability|p2a: Calyrex|As One
|-ability|p2a: Calyrex|Unnerve
|turn|12
|
|t:|1623328579
|switch|p1a: Ho-Oh|Ho-Oh|100/100 tox
|move|p2a: Calyrex|Astral Barrage|p1a: Ho-Oh
|-damage|p1a: Ho-Oh|68/100 tox
|
|-damage|p1a: Ho-Oh|62/100 tox|[from] psn
|upkeep
|turn|13
|
|t:|1623328593
|move|p2a: Calyrex|Astral Barrage|p1a: Ho-Oh
|-damage|p1a: Ho-Oh|27/100 tox
|move|p1a: Ho-Oh|Toxic|p2a: Calyrex
|-status|p2a: Calyrex|tox
|
|-damage|p2a: Calyrex|94/100 tox|[from] psn
|-damage|p1a: Ho-Oh|15/100 tox|[from] psn
|upkeep
|turn|14
|
|t:|1623328609
|switch|p2a: Door|Arceus-Flying|100/100
|switch|p1a: Groudon|Groudon|100/100
|detailschange|p1a: Groudon|Groudon-Primal
|-primal|p1a: Groudon
|-weather|DesolateLand|[from] ability: Desolate Land|[of] p1a: Groudon
|
|-weather|DesolateLand|[upkeep]
|upkeep
|turn|15
|
|t:|1623328618
|move|p2a: Door|Swords Dance|p2a: Door
|-boost|p2a: Door|atk|2
|move|p1a: Groudon|Stone Edge|p2a: Door
|-supereffective|p2a: Door
|-damage|p2a: Door|50/100
|
|-weather|DesolateLand|[upkeep]
|upkeep
|turn|16
|
|t:|1623328627
|-start|p2a: Door|Dynamax
|-heal|p2a: Door|50/100|[silent]
|move|p2a: Door|Max Airstream|p1a: Groudon
|-damage|p1a: Groudon|12/100
|-boost|p2a: Door|spe|1
|move|p1a: Groudon|Stone Edge|p2a: Door
|-supereffective|p2a: Door
|-damage|p2a: Door|24/100
|
|-weather|DesolateLand|[upkeep]
|upkeep
|turn|17
|
|t:|1623328642
|move|p2a: Door|Max Airstream|p1a: Groudon
|-damage|p1a: Groudon|0 fnt
|-boost|p2a: Door|spe|1
|faint|p1a: Groudon
|-weather|none
|
|upkeep
|
|t:|1623328661
|switch|p1a: Ditto|Ditto, shiny|31/100
|-transform|p1a: Ditto|p2a: Door|[from] ability: Imposter
|turn|18
|
|t:|1623328673
|move|p2a: Door|Max Guard|p2a: Door
|-singleturn|p2a: Door|Max Guard
|move|p1a: Ditto|Fly||[still]
|-prepare|p1a: Ditto|Fly
|
|-end|p2a: Door|Dynamax
|-heal|p2a: Door|24/100|[silent]
|upkeep
|turn|19
|
|t:|1623328680
|move|p1a: Ditto|Fly|p2a: Door|[from]lockedmove
|-damage|p2a: Door|0 fnt
|faint|p2a: Door
|
|upkeep
|-message|ChunkyRat forfeited.
|
|win|MUGNAI3
|raw|MUGNAI3's rating: 1739 &rarr; <strong>1758</strong><br />(+19 for winning)
|raw|ChunkyRat's rating: 1729 &rarr; <strong>1710</strong><br />(-19 for losing)
|l|☆ChunkyRat
