|j|☆Crackerkid
|j|☆Chompychipper
|t:|1666975117
|gametype|singles
|player|p1|Crackerkid|2|1837
|player|p2|Chompychipper|maxie-gen6|1889
|teamsize|p1|6
|teamsize|p2|6
|gen|8
|tier|[Gen 8] National Dex AG
|rated|
|rule|HP Percentage Mod: HP is shown in percentages
|rule|Endless Battle Clause: Forcing endless battles is banned
|clearpoke
|poke|p1|Rayquaza|
|poke|p1|Groudon|
|poke|p1|Calyrex-Shadow|
|poke|p1|Tyranitar, F|
|poke|p1|Deoxys-Attack|
|poke|p1|Necrozma-Dusk-Mane|
|poke|p2|Groudon|
|poke|p2|Groudon|
|poke|p2|Groudon|
|poke|p2|Groudon|
|poke|p2|Groudon|
|poke|p2|Groudon|
|teampreview
|inactive|Battle timer is ON: inactive players will automatically lose when time's up. (requested by Crackerkid)
|
|t:|1666975136
|start
|switch|p1a: Deoxys|Deoxys-Attack|100/100
|switch|p2a: Groudon|Groudon|100/100
|-ability|p1a: Deoxys|Pressure
|-weather|SunnyDay|[from] ability: Drought|[of] p2a: Groudon
|turn|1
|
|t:|1666975143
|move|p1a: Deoxys|Spikes|p2a: Groudon
|-sidestart|p2: Chompychipper|Spikes
|move|p2a: Groudon|Earthquake|p1a: Deoxys
|-enditem|p1a: Deoxys|Focus Sash
|-damage|p1a: Deoxys|1/100
|
|-weather|SunnyDay|[upkeep]
|upkeep
|turn|2
|
|t:|1666975151
|move|p1a: Deoxys|Spikes|p2a: Groudon
|-sidestart|p2: Chompychipper|Spikes
|move|p2a: Groudon|Stealth Rock|p1a: Deoxys
|-sidestart|p1: Crackerkid|move: Stealth Rock
|
|-weather|SunnyDay|[upkeep]
|upkeep
|turn|3
|
|t:|1666975161
|move|p1a: Deoxys|Psycho Boost|p2a: Groudon
|-damage|p2a: Groudon|22/100
|-unboost|p1a: Deoxys|spa|2
|move|p2a: Groudon|Earthquake|p1a: Deoxys
|-damage|p1a: Deoxys|0 fnt
|faint|p1a: Deoxys
|
|-weather|SunnyDay|[upkeep]
|upkeep
|
|t:|1666975173
|switch|p1a: Rayquaza|Rayquaza|100/100
|-damage|p1a: Rayquaza|76/100|[from] Stealth Rock
|-ability|p1a: Rayquaza|Air Lock
|turn|4
|
|t:|1666975178
|detailschange|p1a: Rayquaza|Rayquaza-Mega
|-mega|p1a: Rayquaza|Rayquaza|
|-weather|DeltaStream|[from] ability: Delta Stream|[of] p1a: Rayquaza
|move|p1a: Rayquaza|Dragon Ascent|p2a: Groudon
|-damage|p2a: Groudon|0 fnt
|-unboost|p1a: Rayquaza|def|1
|-unboost|p1a: Rayquaza|spd|1
|faint|p2a: Groudon
|
|-weather|DeltaStream|[upkeep]
|upkeep
|inactive|Chompychipper has 120 seconds left.
|
|t:|1666975216
|switch|p2a: Groudon|Groudon|100/100
|-damage|p2a: Groudon|84/100|[from] Spikes
|-ability|p2a: Groudon|Drought|[from] deltastream|[fail]
|turn|5
|
|t:|1666975223
|-start|p2a: Groudon|Dynamax|
|-heal|p2a: Groudon|84/100|[silent]
|move|p1a: Rayquaza|Dragon Ascent|p2a: Groudon
|-damage|p2a: Groudon|36/100
|-unboost|p1a: Rayquaza|def|1
|-unboost|p1a: Rayquaza|spd|1
|move|p2a: Groudon|Max Airstream|p1a: Rayquaza
|-damage|p1a: Rayquaza|0 fnt
|-boost|p2a: Groudon|spe|1
|faint|p1a: Rayquaza
|-weather|none
|
|upkeep
|
|t:|1666975240
|switch|p1a: Calyrex|Calyrex-Shadow|100/100
|-ability|p1a: Calyrex|As One
|-ability|p1a: Calyrex|Unnerve
|-damage|p1a: Calyrex|88/100|[from] Stealth Rock
|turn|6
|
|t:|1666975247
|move|p2a: Groudon|Max Guard|p2a: Groudon
|-singleturn|p2a: Groudon|Max Guard
|move|p1a: Calyrex|Astral Barrage|p2a: Groudon
|-activate|p2a: Groudon|move: Max Guard
|
|upkeep
|turn|7
|
|t:|1666975254
|switch|p1a: Tyranitar|Tyranitar, F|100/100
|-damage|p1a: Tyranitar|88/100|[from] Stealth Rock
|-weather|Sandstorm|[from] ability: Sand Stream|[of] p1a: Tyranitar
|move|p2a: Groudon|Max Quake|p1a: Tyranitar
|-supereffective|p1a: Tyranitar
|-damage|p1a: Tyranitar|0 fnt
|-boost|p2a: Groudon|spd|1
|faint|p1a: Tyranitar
|
|-weather|Sandstorm|[upkeep]
|upkeep
|
|t:|1666975256
|switch|p1a: Calyrex|Calyrex-Shadow|88/100
|-ability|p1a: Calyrex|As One
|-ability|p1a: Calyrex|Unnerve
|-damage|p1a: Calyrex|76/100|[from] Stealth Rock
|-end|p2a: Groudon|Dynamax
|-heal|p2a: Groudon|36/100|[silent]
|turn|8
|
|t:|1666975261
|move|p1a: Calyrex|Astral Barrage|p2a: Groudon
|-damage|p2a: Groudon|0 fnt
|faint|p2a: Groudon
|-ability|p1a: Calyrex|Grim Neigh|boost
|-boost|p1a: Calyrex|spa|1
|
|-weather|Sandstorm|[upkeep]
|-damage|p1a: Calyrex|70/100|[from] Sandstorm
|upkeep
|
|t:|1666975275
|switch|p2a: Groudon|Groudon|100/100
|-damage|p2a: Groudon|84/100|[from] Spikes
|detailschange|p2a: Groudon|Groudon-Primal
|-primal|p2a: Groudon
|-weather|DesolateLand|[from] ability: Desolate Land|[of] p2a: Groudon
|turn|9
|
|t:|1666975285
|move|p1a: Calyrex|Astral Barrage|p2a: Groudon
|-damage|p2a: Groudon|10/100
|move|p2a: Groudon|Shadow Claw|p1a: Calyrex
|-supereffective|p1a: Calyrex
|-crit|p1a: Calyrex
|-damage|p1a: Calyrex|0 fnt
|faint|p1a: Calyrex
|
|-weather|DesolateLand|[upkeep]
|upkeep
|
|t:|1666975295
|switch|p1a: Groudon|Groudon|100/100
|-damage|p1a: Groudon|94/100|[from] Stealth Rock
|detailschange|p1a: Groudon|Groudon-Primal
|-primal|p1a: Groudon
|turn|10
|
|t:|1666975303
|move|p2a: Groudon|Precipice Blades|p1a: Groudon
|-supereffective|p1a: Groudon
|-damage|p1a: Groudon|36/100
|move|p1a: Groudon|Roar|p2a: Groudon
|drag|p2a: Groudon|Groudon|100/100
|-damage|p2a: Groudon|84/100|[from] Spikes
|-ability|p2a: Groudon|Drought|[from] desolateland|[fail]
|
|-weather|DesolateLand|[upkeep]
|upkeep
|turn|11
|
|t:|1666975309
|move|p2a: Groudon|Precipice Blades|p1a: Groudon|[miss]
|-miss|p2a: Groudon|p1a: Groudon
|move|p1a: Groudon|Earthquake|p2a: Groudon
|-damage|p2a: Groudon|42/100
|
|-weather|DesolateLand|[upkeep]
|upkeep
|turn|12
|
|t:|1666975315
|move|p2a: Groudon|Precipice Blades|p1a: Groudon
|-supereffective|p1a: Groudon
|-crit|p1a: Groudon
|-damage|p1a: Groudon|0 fnt
|faint|p1a: Groudon
|-weather|none
|
|upkeep
|
|t:|1666975317
|switch|p1a: Necrozma|Necrozma-Dusk-Mane|100/100
|-damage|p1a: Necrozma|95/100|[from] Stealth Rock
|turn|13
|
|t:|1666975327
|-start|p1a: Necrozma|Dynamax|
|-heal|p1a: Necrozma|95/100|[silent]
|move|p2a: Groudon|Precipice Blades|p1a: Necrozma|[miss]
|-miss|p2a: Groudon|p1a: Necrozma
|move|p1a: Necrozma|Max Steelspike|p2a: Groudon
|-damage|p2a: Groudon|0 fnt
|-boost|p1a: Necrozma|def|1
|faint|p2a: Groudon
|
|upkeep
|
|t:|1666975339
|switch|p2a: Groudon|Groudon-Primal|10/100
|-damage|p2a: Groudon|0 fnt|[from] Spikes
|faint|p2a: Groudon
|
|t:|1666975344
|switch|p2a: Groudon|Groudon|100/100
|-damage|p2a: Groudon|84/100|[from] Spikes
|detailschange|p2a: Groudon|Groudon-Primal
|-primal|p2a: Groudon
|-weather|DesolateLand|[from] ability: Desolate Land|[of] p2a: Groudon
|turn|14
|
|t:|1666975350
|move|p1a: Necrozma|Max Quake|p2a: Groudon
|-supereffective|p2a: Groudon
|-damage|p2a: Groudon|37/100
|-boost|p1a: Necrozma|spd|1
|move|p2a: Groudon|Fire Punch|p1a: Necrozma
|-supereffective|p1a: Necrozma
|-damage|p1a: Necrozma|68/100
|-enditem|p1a: Necrozma|Weakness Policy
|-boost|p1a: Necrozma|atk|2|[from] item: Weakness Policy
|-boost|p1a: Necrozma|spa|2|[from] item: Weakness Policy
|
|-weather|DesolateLand|[upkeep]
|upkeep
|turn|15
|
|t:|1666975354
|move|p1a: Necrozma|Max Quake|p2a: Groudon
|-supereffective|p2a: Groudon
|-damage|p2a: Groudon|0 fnt
|-boost|p1a: Necrozma|spd|1
|faint|p2a: Groudon
|-weather|none
|
|upkeep
|
|t:|1666975356
|switch|p2a: Groudon|Groudon|100/100
|-damage|p2a: Groudon|84/100|[from] Spikes
|detailschange|p2a: Groudon|Groudon-Primal
|-primal|p2a: Groudon
|-weather|DesolateLand|[from] ability: Desolate Land|[of] p2a: Groudon
|-end|p1a: Necrozma|Dynamax
|-heal|p1a: Necrozma|68/100|[silent]
|turn|16
|
|t:|1666975360
|move|p2a: Groudon|Eruption|p1a: Necrozma
|-supereffective|p1a: Necrozma
|-damage|p1a: Necrozma|0 fnt
|faint|p1a: Necrozma
|
|win|Chompychipper
|raw|Crackerkid's rating: 1837 &rarr; <strong>1820</strong><br />(-17 for losing)
|raw|Chompychipper's rating: 1889 &rarr; <strong>1906</strong><br />(+17 for winning)
|c|☆Chompychipper|gg
|l|☆Crackerkid
||Ladder isn't responding, score probably updated but might not have (Request timeout).
