|j|☆85792195ww
|j|☆OnMaWa
|player|p1|85792195ww|lady|1740
|player|p2|OnMaWa|psychic-gen4|1655
|teamsize|p1|6
|teamsize|p2|6
|gametype|singles
|gen|8
|tier|[Gen 8] National Dex AG
|rated|
|clearpoke
|poke|p1|Kyogre|
|poke|p1|Rayquaza|
|poke|p1|Zacian-Crowned|
|poke|p1|Arceus-*|
|poke|p1|Necrozma-Dusk-Mane|
|poke|p1|Ditto|
|poke|p2|Necrozma-Dusk-Mane|
|poke|p2|Arceus-*|
|poke|p2|Xerneas|
|poke|p2|Zacian-Crowned|
|poke|p2|Lugia|
|poke|p2|Yveltal|
|rule|HP Percentage Mod: HP is shown in percentages
|rule|Endless Battle Clause: Forcing endless battles is banned
|teampreview
|
|start
|switch|p1a: Zacian|Zacian-Crowned|100/100
|switch|p2a: Lugia|Lugia|100/100
|-ability|p1a: Zacian|Intrepid Sword|boost
|-boost|p1a: Zacian|atk|1
|turn|1
|
|move|p1a: Zacian|Substitute|p1a: Zacian
|-start|p1a: Zacian|Substitute
|-damage|p1a: Zacian|76/100
|move|p2a: Lugia|Thunder Wave||[still]
|-fail|p2a: Lugia
|
|upkeep
|turn|2
|
|move|p1a: Zacian|Behemoth Blade|p2a: Lugia
|-damage|p2a: Lugia|75/100
|move|p2a: Lugia|Whirlwind|p1a: Zacian
|drag|p1a: Necrozma|Necrozma-Dusk-Mane|100/100
|
|upkeep
|turn|3
|
|move|p1a: Necrozma|Dragon Dance|p1a: Necrozma
|-boost|p1a: Necrozma|atk|1
|-boost|p1a: Necrozma|spe|1
|move|p2a: Lugia|Thunder Wave|p1a: Necrozma
|-status|p1a: Necrozma|par
|
|upkeep
|turn|4
|
|detailschange|p1a: Necrozma|Necrozma-Ultra
|-burst|p1a: Necrozma|Necrozma|Ultranecrozium Z
|move|p1a: Necrozma|Outrage|p2a: Lugia
|-damage|p2a: Lugia|18/100
|move|p2a: Lugia|Whirlwind|p1a: Necrozma
|drag|p1a: Arceus|Arceus|100/100
|
|upkeep
|turn|5
|
|move|p1a: Arceus|Extreme Speed|p2a: Lugia
|-damage|p2a: Lugia|0 fnt
|-damage|p1a: Arceus|91/100|[from] item: Life Orb
|faint|p2a: Lugia
|
|upkeep
|
|switch|p2a: Zacian|Zacian-Crowned|100/100
|-ability|p2a: Zacian|Intrepid Sword|boost
|-boost|p2a: Zacian|atk|1
|turn|6
|
|switch|p1a: Necrozma|Necrozma-Ultra|100/100 par
|move|p2a: Zacian|Close Combat|p1a: Necrozma
|-resisted|p1a: Necrozma
|-damage|p1a: Necrozma|61/100 par
|-unboost|p2a: Zacian|def|1
|-unboost|p2a: Zacian|spd|1
|
|upkeep
|turn|7
|
|move|p2a: Zacian|Behemoth Blade|p1a: Necrozma
|-damage|p1a: Necrozma|0 fnt
|faint|p1a: Necrozma
|
|upkeep
|
|switch|p1a: Ditto|Ditto|100/100
|-transform|p1a: Ditto|p2a: Zacian|[from] ability: Imposter
|-ability|p1a: Ditto|Intrepid Sword|boost
|-boost|p1a: Ditto|atk|1
|turn|8
|
|move|p1a: Ditto|Behemoth Blade|p2a: Zacian
|-damage|p2a: Zacian|0 fnt
|faint|p2a: Zacian
|
|upkeep
|
|switch|p2a: Necrozma|Necrozma-Dusk-Mane|100/100
|turn|9
|
|switch|p1a: Kyogre|Kyogre|100/100
|detailschange|p1a: Kyogre|Kyogre-Primal
|-primal|p1a: Kyogre
|-weather|PrimordialSea|[from] ability: Primordial Sea|[of] p1a: Kyogre
|move|p2a: Necrozma|Dragon Dance|p2a: Necrozma
|-boost|p2a: Necrozma|atk|1
|-boost|p2a: Necrozma|spe|1
|
|-weather|PrimordialSea|[upkeep]
|upkeep
|turn|10
|
|detailschange|p2a: Necrozma|Necrozma-Ultra
|-burst|p2a: Necrozma|Necrozma|Ultranecrozium Z
|move|p2a: Necrozma|Photon Geyser|p1a: Kyogre
|-damage|p1a: Kyogre|37/100
|move|p1a: Kyogre|Scald|p2a: Necrozma
|-resisted|p2a: Necrozma
|-damage|p2a: Necrozma|69/100
|-status|p2a: Necrozma|brn
|
|-weather|PrimordialSea|[upkeep]
|-damage|p2a: Necrozma|63/100 brn|[from] brn
|upkeep
|turn|11
|
|move|p2a: Necrozma|Photon Geyser|p1a: Kyogre
|-damage|p1a: Kyogre|2/100
|move|p1a: Kyogre|Scald|p2a: Necrozma
|-resisted|p2a: Necrozma
|-damage|p2a: Necrozma|31/100 brn
|
|-weather|PrimordialSea|[upkeep]
|-damage|p2a: Necrozma|25/100 brn|[from] brn
|upkeep
|turn|12
|
|move|p2a: Necrozma|Dragon Dance|p2a: Necrozma
|-boost|p2a: Necrozma|atk|1
|-boost|p2a: Necrozma|spe|1
|move|p1a: Kyogre|Rest|p1a: Kyogre
|-status|p1a: Kyogre|slp|[from] move: Rest
|-heal|p1a: Kyogre|100/100 slp|[silent]
|
|-weather|PrimordialSea|[upkeep]
|-damage|p2a: Necrozma|19/100 brn|[from] brn
|upkeep
|turn|13
|
|switch|p2a: Xerneas|Xerneas|100/100
|-ability|p2a: Xerneas|Fairy Aura
|cant|p1a: Kyogre|slp
|move|p1a: Kyogre|Sleep Talk|p1a: Kyogre
|move|p1a: Kyogre|Sheer Cold|p2a: Xerneas|[from]Sleep Talk|[miss]
|-miss|p1a: Kyogre|p2a: Xerneas
|
|-weather|PrimordialSea|[upkeep]
|upkeep
|turn|14
|
|move|p2a: Xerneas|Geomancy||[still]
|-prepare|p2a: Xerneas|Geomancy|p2a: Xerneas
|-enditem|p2a: Xerneas|Power Herb
|-anim|p2a: Xerneas|Geomancy|p2a: Xerneas
|-boost|p2a: Xerneas|spa|2
|-boost|p2a: Xerneas|spd|2
|-boost|p2a: Xerneas|spe|2
|cant|p1a: Kyogre|slp
|move|p1a: Kyogre|Sleep Talk|p1a: Kyogre
|move|p1a: Kyogre|Scald|p2a: Xerneas|[from]Sleep Talk
|-damage|p2a: Xerneas|75/100
|-status|p2a: Xerneas|brn
|
|-weather|PrimordialSea|[upkeep]
|-damage|p2a: Xerneas|69/100 brn|[from] brn
|upkeep
|turn|15
|
|move|p2a: Xerneas|Thunder|p1a: Kyogre
|-supereffective|p1a: Kyogre
|-damage|p1a: Kyogre|7/100 slp
|-curestatus|p1a: Kyogre|slp|[msg]
|move|p1a: Kyogre|Scald|p2a: Xerneas
|-damage|p2a: Xerneas|43/100 brn
|
|-weather|PrimordialSea|[upkeep]
|-damage|p2a: Xerneas|37/100 brn|[from] brn
|upkeep
|turn|16
|inactive|Battle timer is ON: inactive players will automatically lose when time's up. (requested by 85792195ww)
|
|move|p2a: Xerneas|Hidden Power||[still]
|-fail|p2a: Xerneas|Hidden Power|[from] Primordial Sea
|move|p1a: Kyogre|Scald|p2a: Xerneas
|-damage|p2a: Xerneas|12/100 brn
|
|-weather|PrimordialSea|[upkeep]
|-damage|p2a: Xerneas|6/100 brn|[from] brn
|upkeep
|turn|17
|inactive|85792195ww has 120 seconds left.
|
|-weather|none
|switch|p1a: Rayquaza|Rayquaza|100/100
|-ability|p1a: Rayquaza|Air Lock
|move|p2a: Xerneas|Hidden Power|p1a: Rayquaza
|-resisted|p1a: Rayquaza
|-damage|p1a: Rayquaza|76/100
|
|-damage|p2a: Xerneas|0 fnt|[from] brn
|faint|p2a: Xerneas
|upkeep
|
|switch|p2a: Yveltal|Yveltal|100/100
|-ability|p2a: Yveltal|Dark Aura
|turn|18
|
|detailschange|p1a: Rayquaza|Rayquaza-Mega
|-mega|p1a: Rayquaza|Rayquaza|
|-weather|DeltaStream|[from] ability: Delta Stream|[of] p1a: Rayquaza
|-start|p2a: Yveltal|Dynamax
|-heal|p2a: Yveltal|100/100|[silent]
|move|p1a: Rayquaza|Dragon Ascent|p2a: Yveltal
|-damage|p2a: Yveltal|48/100
|-unboost|p1a: Rayquaza|def|1
|-unboost|p1a: Rayquaza|spd|1
|-damage|p1a: Rayquaza|66/100|[from] item: Life Orb
|move|p2a: Yveltal|Max Airstream|p1a: Rayquaza
|-damage|p1a: Rayquaza|0 fnt
|-boost|p2a: Yveltal|spe|1
|-damage|p2a: Yveltal|43/100|[from] item: Life Orb
|faint|p1a: Rayquaza
|-weather|none
|
|upkeep
|inactive|85792195ww has 120 seconds left.
|
|switch|p1a: Zacian|Zacian-Crowned|76/100
|-ability|p1a: Zacian|Intrepid Sword|boost
|-boost|p1a: Zacian|atk|1
|turn|19
|inactive|85792195ww has 120 seconds left.
|
|switch|p1a: Kyogre|Kyogre-Primal|7/100
|-weather|PrimordialSea|[from] ability: Primordial Sea|[of] p1a: Kyogre
|move|p2a: Yveltal|Max Flare||[still]
|-fail|p2a: Yveltal|Max Flare|[from] Primordial Sea
|
|-weather|PrimordialSea|[upkeep]
|upkeep
|turn|20
|
|move|p2a: Yveltal|Max Ooze|p1a: Kyogre|[from]Hidden Power
|-damage|p1a: Kyogre|0 fnt
|-boost|p2a: Yveltal|spa|1
|-damage|p2a: Yveltal|38/100|[from] item: Life Orb
|faint|p1a: Kyogre
|-weather|none
|
|-end|p2a: Yveltal|Dynamax
|-heal|p2a: Yveltal|39/100|[silent]
|upkeep
|inactive|85792195ww has 120 seconds left.
|
|switch|p1a: Arceus|Arceus|91/100
|turn|21
|
|move|p1a: Arceus|Extreme Speed|p2a: Yveltal
|-damage|p2a: Yveltal|0 fnt
|-damage|p1a: Arceus|81/100|[from] item: Life Orb
|faint|p2a: Yveltal
|
|upkeep
|
|switch|p2a: Necrozma|Necrozma-Ultra|19/100 brn
|turn|22
|
|move|p1a: Arceus|Extreme Speed|p2a: Necrozma
|-damage|p2a: Necrozma|0 fnt
|-damage|p1a: Arceus|71/100|[from] item: Life Orb
|faint|p2a: Necrozma
|
|upkeep
|
|switch|p2a: Arceus|Arceus|100/100
|turn|23
|
|-start|p1a: Arceus|Dynamax
|-heal|p1a: Arceus|71/100|[silent]
|move|p1a: Arceus|Max Strike|p2a: Arceus
|-damage|p2a: Arceus|46/100
|-unboost|p2a: Arceus|spe|1
|-damage|p1a: Arceus|66/100|[from] item: Life Orb
|move|p2a: Arceus|Swords Dance|p2a: Arceus
|-boost|p2a: Arceus|atk|2
|
|upkeep
|turn|24
|
|move|p2a: Arceus|Extreme Speed|p1a: Arceus
|-damage|p1a: Arceus|29/100
|move|p1a: Arceus|Max Strike|p2a: Arceus
|-damage|p2a: Arceus|0 fnt
|-damage|p1a: Arceus|24/100|[from] item: Life Orb
|faint|p2a: Arceus
|
|win|85792195ww
|raw|85792195ww's rating: 1740 &rarr; <strong>1755</strong><br />(+15 for winning)
|raw|OnMaWa's rating: 1655 &rarr; <strong>1640</strong><br />(-15 for losing)
