|j|‽Tahz
|j|☆seidou45
|t:|1665050624
|gametype|singles
|player|p1|Tahz|veteran|1712
|player|p2|seidou45|lucas|1758
|teamsize|p1|6
|teamsize|p2|6
|gen|8
|tier|[Gen 8] National Dex AG
|rated|
|rule|HP Percentage Mod: HP is shown in percentages
|rule|Endless Battle Clause: Forcing endless battles is banned
|clearpoke
|poke|p1|Ho-Oh|
|poke|p1|Arceus-*|
|poke|p1|Zygarde|
|poke|p1|Zacian-*|
|poke|p1|Necrozma-Dusk-Mane|
|poke|p1|Yveltal|
|poke|p2|Quagsire, M|
|poke|p2|Tyranitar, M|
|poke|p2|Yveltal|
|poke|p2|Zacian-*|
|poke|p2|Calyrex-Shadow|
|poke|p2|Genesect|
|teampreview
|inactive|Battle timer is ON: inactive players will automatically lose when time's up. (requested by Tahz)
|
|t:|1665050636
|start
|switch|p1a: Zacian|Zacian-Crowned|100/100
|switch|p2a: Yveltal|Yveltal, shiny|100/100
|-ability|p1a: Zacian|Intrepid Sword|boost
|-boost|p1a: Zacian|atk|1
|-ability|p2a: Yveltal|Dark Aura
|turn|1
|
|t:|1665050643
|switch|p2a: Quagsire|Quagsire, M, shiny|100/100
|move|p1a: Zacian|Behemoth Blade|p2a: Quagsire
|-resisted|p2a: Quagsire
|-damage|p2a: Quagsire|79/100
|-damage|p1a: Zacian|84/100|[from] item: Rocky Helmet|[of] p2a: Quagsire
|
|upkeep
|turn|2
|
|t:|1665050652
|switch|p1a: Arceus|Arceus-Dark|100/100
|move|p2a: Quagsire|Scald|p1a: Arceus
|-damage|p1a: Arceus|89/100
|
|upkeep
|turn|3
|
|t:|1665050656
|switch|p2a: Zacian|Zacian-Crowned, shiny|100/100
|-ability|p2a: Zacian|Intrepid Sword|boost
|-boost|p2a: Zacian|atk|1
|move|p1a: Arceus|Whirlpool|p2a: Zacian
|-crit|p2a: Zacian
|-damage|p2a: Zacian|84/100
|-activate|p2a: Zacian|move: Whirlpool|[of] p1a: Arceus
|
|-damage|p2a: Zacian|72/100|[from] move: Whirlpool|[partiallytrapped]
|upkeep
|turn|4
|
|t:|1665050661
|switch|p1a: Necrozma|Necrozma-Dusk-Mane|100/100
|move|p2a: Zacian|Swords Dance|p2a: Zacian
|-boost|p2a: Zacian|atk|2
|
|-end|p2a: Zacian|Whirlpool|[partiallytrapped]|[silent]
|upkeep
|turn|5
|
|t:|1665050668
|move|p2a: Zacian|Crunch|p1a: Necrozma
|-supereffective|p1a: Necrozma
|-damage|p1a: Necrozma|30/100
|-damage|p2a: Zacian|55/100|[from] item: Rocky Helmet|[of] p1a: Necrozma
|move|p1a: Necrozma|Stealth Rock|p2a: Zacian
|-sidestart|p2: seidou45|move: Stealth Rock
|
|upkeep
|turn|6
|
|t:|1665050672
|move|p2a: Zacian|Behemoth Blade|p1a: Necrozma
|-resisted|p1a: Necrozma
|-damage|p1a: Necrozma|0 fnt
|-damage|p2a: Zacian|38/100|[from] item: Rocky Helmet|[of] p1a: Necrozma
|faint|p1a: Necrozma
|
|upkeep
|
|t:|1665050686
|switch|p1a: Zacian|Zacian-Crowned|84/100
|-ability|p1a: Zacian|Intrepid Sword|boost
|-boost|p1a: Zacian|atk|1
|turn|7
|
|t:|1665050690
|switch|p2a: Quagsire|Quagsire, M, shiny|79/100
|-damage|p2a: Quagsire|73/100|[from] Stealth Rock
|move|p1a: Zacian|Close Combat|p2a: Quagsire
|-damage|p2a: Quagsire|36/100
|-unboost|p1a: Zacian|def|1
|-unboost|p1a: Zacian|spd|1
|-damage|p1a: Zacian|67/100|[from] item: Rocky Helmet|[of] p2a: Quagsire
|
|upkeep
|turn|8
|
|t:|1665050697
|move|p1a: Zacian|Close Combat|p2a: Quagsire
|-damage|p2a: Quagsire|3/100
|-unboost|p1a: Zacian|def|1
|-unboost|p1a: Zacian|spd|1
|-damage|p1a: Zacian|51/100|[from] item: Rocky Helmet|[of] p2a: Quagsire
|move|p2a: Quagsire|Recover|p2a: Quagsire
|-heal|p2a: Quagsire|53/100
|
|upkeep
|turn|9
|
|t:|1665050705
|switch|p1a: Zygarde|Zygarde|100/100
|move|p2a: Quagsire|Scald|p1a: Zygarde
|-damage|p1a: Zygarde|82/100
|
|-heal|p1a: Zygarde|88/100|[from] item: Leftovers
|upkeep
|turn|10
|
|t:|1665050708
|move|p1a: Zygarde|Dragon Dance|p1a: Zygarde
|-boost|p1a: Zygarde|atk|1
|-boost|p1a: Zygarde|spe|1
|move|p2a: Quagsire|Recover|p2a: Quagsire
|-heal|p2a: Quagsire|100/100
|
|-heal|p1a: Zygarde|94/100|[from] item: Leftovers
|upkeep
|turn|11
|
|t:|1665050713
|move|p1a: Zygarde|Glare|p2a: Quagsire
|-status|p2a: Quagsire|par
|move|p2a: Quagsire|Scald|p1a: Zygarde
|-damage|p1a: Zygarde|76/100
|-status|p1a: Zygarde|brn
|
|-heal|p1a: Zygarde|82/100 brn|[from] item: Leftovers
|-damage|p1a: Zygarde|76/100 brn|[from] brn
|upkeep
|turn|12
|
|t:|1665050719
|move|p1a: Zygarde|Dragon Dance|p1a: Zygarde
|-boost|p1a: Zygarde|atk|1
|-boost|p1a: Zygarde|spe|1
|cant|p2a: Quagsire|par
|
|-heal|p1a: Zygarde|82/100 brn|[from] item: Leftovers
|-damage|p1a: Zygarde|76/100 brn|[from] brn
|upkeep
|turn|13
|
|t:|1665050721
|move|p1a: Zygarde|Dragon Dance|p1a: Zygarde
|-boost|p1a: Zygarde|atk|1
|-boost|p1a: Zygarde|spe|1
|move|p2a: Quagsire|Haze|p2a: Quagsire
|-clearallboost
|
|-heal|p1a: Zygarde|82/100 brn|[from] item: Leftovers
|-damage|p1a: Zygarde|76/100 brn|[from] brn
|upkeep
|turn|14
|
|t:|1665050727
|move|p1a: Zygarde|Thousand Arrows|p2a: Quagsire
|-damage|p2a: Quagsire|85/100 par
|cant|p2a: Quagsire|par
|
|-heal|p1a: Zygarde|82/100 brn|[from] item: Leftovers
|-damage|p1a: Zygarde|76/100 brn|[from] brn
|upkeep
|turn|15
|
|t:|1665050733
|switch|p1a: Yveltal|Yveltal|100/100
|-ability|p1a: Yveltal|Dark Aura
|move|p2a: Quagsire|Recover|p2a: Quagsire
|-heal|p2a: Quagsire|100/100 par
|
|upkeep
|turn|16
|
|t:|1665050736
|switch|p2a: Tyranitar|Tyranitar, M, shiny|100/100
|-damage|p2a: Tyranitar|88/100|[from] Stealth Rock
|-weather|Sandstorm|[from] ability: Sand Stream|[of] p2a: Tyranitar
|-start|p1a: Yveltal|Dynamax|
|-heal|p1a: Yveltal|100/100|[silent]
|move|p1a: Yveltal|Max Airstream|p2a: Tyranitar
|-resisted|p2a: Tyranitar
|-damage|p2a: Tyranitar|69/100
|-boost|p1a: Yveltal|spe|1
|-damage|p1a: Yveltal|96/100|[from] item: Life Orb
|
|-weather|Sandstorm|[upkeep]
|-damage|p1a: Yveltal|92/100|[from] Sandstorm
|-heal|p2a: Tyranitar|75/100|[from] item: Leftovers
|upkeep
|turn|17
|
|t:|1665050741
|move|p1a: Yveltal|Max Darkness|p2a: Tyranitar
|-resisted|p2a: Tyranitar
|-damage|p2a: Tyranitar|50/100
|-unboost|p2a: Tyranitar|spd|1
|-damage|p1a: Yveltal|88/100|[from] item: Life Orb
|move|p2a: Tyranitar|Stealth Rock|p1a: Yveltal
|-sidestart|p1: Tahz|move: Stealth Rock
|
|-weather|Sandstorm|[upkeep]
|-damage|p1a: Yveltal|84/100|[from] Sandstorm
|-heal|p2a: Tyranitar|56/100|[from] item: Leftovers
|upkeep
|turn|18
|
|t:|1665050748
|move|p1a: Yveltal|Max Darkness|p2a: Tyranitar
|-resisted|p2a: Tyranitar
|-damage|p2a: Tyranitar|18/100
|-unboost|p2a: Tyranitar|spd|1
|-damage|p1a: Yveltal|80/100|[from] item: Life Orb
|move|p2a: Tyranitar|Rest|p2a: Tyranitar
|-status|p2a: Tyranitar|slp|[from] move: Rest
|-heal|p2a: Tyranitar|100/100 slp|[silent]
|
|-weather|Sandstorm|[upkeep]
|-damage|p1a: Yveltal|76/100|[from] Sandstorm
|upkeep
|-end|p1a: Yveltal|Dynamax
|-heal|p1a: Yveltal|77/100|[silent]
|turn|19
|
|t:|1665050754
|move|p1a: Yveltal|Dark Pulse|p2a: Tyranitar
|-resisted|p2a: Tyranitar
|-damage|p2a: Tyranitar|66/100 slp
|-damage|p1a: Yveltal|67/100|[from] item: Life Orb
|cant|p2a: Tyranitar|slp
|
|-weather|Sandstorm|[upkeep]
|-damage|p1a: Yveltal|61/100|[from] Sandstorm
|-heal|p2a: Tyranitar|72/100 slp|[from] item: Leftovers
|upkeep
|turn|20
|
|t:|1665050757
|move|p1a: Yveltal|Dark Pulse|p2a: Tyranitar
|-resisted|p2a: Tyranitar
|-damage|p2a: Tyranitar|41/100 slp
|-damage|p1a: Yveltal|51/100|[from] item: Life Orb
|cant|p2a: Tyranitar|slp
|
|-weather|none
|-heal|p2a: Tyranitar|47/100 slp|[from] item: Leftovers
|upkeep
|turn|21
|
|t:|1665050764
|switch|p1a: Zygarde|Zygarde|76/100 brn
|-damage|p1a: Zygarde|70/100 brn|[from] Stealth Rock
|-curestatus|p2a: Tyranitar|slp|[msg]
|move|p2a: Tyranitar|Rock Tomb|p1a: Zygarde
|-resisted|p1a: Zygarde
|-damage|p1a: Zygarde|60/100 brn
|-unboost|p1a: Zygarde|spe|1
|
|-heal|p1a: Zygarde|66/100 brn|[from] item: Leftovers
|-heal|p2a: Tyranitar|53/100|[from] item: Leftovers
|-damage|p1a: Zygarde|60/100 brn|[from] brn
|upkeep
|turn|22
|
|t:|1665050771
|move|p1a: Zygarde|Thousand Arrows|p2a: Tyranitar
|-supereffective|p2a: Tyranitar
|-damage|p2a: Tyranitar|20/100
|move|p2a: Tyranitar|Rest|p2a: Tyranitar
|-status|p2a: Tyranitar|slp|[from] move: Rest
|-heal|p2a: Tyranitar|100/100 slp|[silent]
|
|-heal|p1a: Zygarde|66/100 brn|[from] item: Leftovers
|-damage|p1a: Zygarde|60/100 brn|[from] brn
|upkeep
|turn|23
|
|t:|1665050776
|switch|p2a: Quagsire|Quagsire, M, shiny|100/100 par
|-damage|p2a: Quagsire|94/100 par|[from] Stealth Rock
|move|p1a: Zygarde|Dragon Dance|p1a: Zygarde
|-boost|p1a: Zygarde|atk|1
|-boost|p1a: Zygarde|spe|1
|
|-heal|p1a: Zygarde|66/100 brn|[from] item: Leftovers
|-damage|p1a: Zygarde|60/100 brn|[from] brn
|upkeep
|turn|24
|
|t:|1665050780
|move|p1a: Zygarde|Rest|p1a: Zygarde
|-status|p1a: Zygarde|slp|[from] move: Rest
|-heal|p1a: Zygarde|100/100 slp|[silent]
|cant|p2a: Quagsire|par
|
|upkeep
|turn|25
|
|t:|1665050787
|switch|p2a: Calyrex|Calyrex-Shadow|100/100
|-ability|p2a: Calyrex|As One
|-ability|p2a: Calyrex|Unnerve
|-damage|p2a: Calyrex|88/100|[from] Stealth Rock
|cant|p1a: Zygarde|slp
|
|upkeep
|turn|26
|
|t:|1665050794
|switch|p2a: Zacian|Zacian-Crowned, shiny|38/100
|-damage|p2a: Zacian|32/100|[from] Stealth Rock
|-ability|p2a: Zacian|Intrepid Sword|boost
|-boost|p2a: Zacian|atk|1
|cant|p1a: Zygarde|slp
|
|upkeep
|turn|27
|
|t:|1665050798
|switch|p2a: Quagsire|Quagsire, M, shiny|94/100 par
|-damage|p2a: Quagsire|88/100 par|[from] Stealth Rock
|-curestatus|p1a: Zygarde|slp|[msg]
|move|p1a: Zygarde|Glare|p2a: Quagsire
|-fail|p2a: Quagsire|par
|
|upkeep
|turn|28
|
|t:|1665050805
|move|p1a: Zygarde|Thousand Arrows|p2a: Quagsire
|-damage|p2a: Quagsire|56/100 par
|move|p2a: Quagsire|Scald|p1a: Zygarde
|-damage|p1a: Zygarde|84/100
|
|-heal|p1a: Zygarde|90/100|[from] item: Leftovers
|upkeep
|turn|29
|
|t:|1665050809
|move|p1a: Zygarde|Thousand Arrows|p2a: Quagsire
|-damage|p2a: Quagsire|26/100 par
|move|p2a: Quagsire|Recover|p2a: Quagsire
|-heal|p2a: Quagsire|76/100 par
|
|-heal|p1a: Zygarde|96/100|[from] item: Leftovers
|upkeep
|turn|30
|
|t:|1665050814
|switch|p1a: Yveltal|Yveltal|51/100
|-damage|p1a: Yveltal|26/100|[from] Stealth Rock
|-ability|p1a: Yveltal|Dark Aura
|cant|p2a: Quagsire|par
|
|upkeep
|turn|31
|
|t:|1665050817
|switch|p2a: Tyranitar|Tyranitar, M, shiny|100/100 slp
|-damage|p2a: Tyranitar|88/100 slp|[from] Stealth Rock
|-weather|Sandstorm|[from] ability: Sand Stream|[of] p2a: Tyranitar
|move|p1a: Yveltal|Oblivion Wing|p2a: Tyranitar
|-resisted|p2a: Tyranitar
|-damage|p2a: Tyranitar|75/100 slp
|-heal|p1a: Yveltal|35/100|[from] drain|[of] p2a: Tyranitar
|-damage|p1a: Yveltal|25/100|[from] item: Life Orb
|
|-weather|Sandstorm|[upkeep]
|-damage|p1a: Yveltal|19/100|[from] Sandstorm
|-heal|p2a: Tyranitar|82/100 slp|[from] item: Leftovers
|upkeep
|turn|32
|
|t:|1665050821
|move|p1a: Yveltal|Oblivion Wing|p2a: Tyranitar
|-resisted|p2a: Tyranitar
|-damage|p2a: Tyranitar|69/100 slp
|-heal|p1a: Yveltal|29/100|[from] drain|[of] p2a: Tyranitar
|-damage|p1a: Yveltal|19/100|[from] item: Life Orb
|cant|p2a: Tyranitar|slp
|
|-weather|Sandstorm|[upkeep]
|-damage|p1a: Yveltal|13/100|[from] Sandstorm
|-heal|p2a: Tyranitar|75/100 slp|[from] item: Leftovers
|upkeep
|turn|33
|
|t:|1665050824
|move|p1a: Yveltal|Dark Pulse|p2a: Tyranitar
|-resisted|p2a: Tyranitar
|-damage|p2a: Tyranitar|59/100 slp
|-damage|p1a: Yveltal|3/100|[from] item: Life Orb
|cant|p2a: Tyranitar|slp
|
|-weather|Sandstorm|[upkeep]
|-damage|p1a: Yveltal|0 fnt|[from] Sandstorm
|faint|p1a: Yveltal
|-heal|p2a: Tyranitar|66/100 slp|[from] item: Leftovers
|upkeep
|
|t:|1665050827
|switch|p1a: Zacian|Zacian-Crowned|51/100
|-damage|p1a: Zacian|44/100|[from] Stealth Rock
|-ability|p1a: Zacian|Intrepid Sword|boost
|-boost|p1a: Zacian|atk|1
|turn|34
|
|t:|1665050832
|move|p1a: Zacian|Close Combat|p2a: Tyranitar
|-supereffective|p2a: Tyranitar
|-damage|p2a: Tyranitar|0 fnt
|-unboost|p1a: Zacian|def|1
|-unboost|p1a: Zacian|spd|1
|faint|p2a: Tyranitar
|
|-weather|Sandstorm|[upkeep]
|upkeep
|
|t:|1665050834
|switch|p2a: Calyrex|Calyrex-Shadow|88/100
|-ability|p2a: Calyrex|As One
|-ability|p2a: Calyrex|Unnerve
|-damage|p2a: Calyrex|76/100|[from] Stealth Rock
|turn|35
|
|t:|1665050843
|switch|p1a: Arceus|Arceus-Dark|89/100
|-damage|p1a: Arceus|77/100|[from] Stealth Rock
|move|p2a: Calyrex|Astral Barrage|p1a: Arceus
|-resisted|p1a: Arceus
|-damage|p1a: Arceus|50/100
|
|-weather|none
|upkeep
|turn|36
|
|t:|1665050853
|switch|p2a: Zacian|Zacian-Crowned, shiny|32/100
|-damage|p2a: Zacian|26/100|[from] Stealth Rock
|-ability|p2a: Zacian|Intrepid Sword|boost
|-boost|p2a: Zacian|atk|1
|move|p1a: Arceus|Whirlpool|p2a: Zacian
|-damage|p2a: Zacian|16/100
|-activate|p2a: Zacian|move: Whirlpool|[of] p1a: Arceus
|
|-damage|p2a: Zacian|4/100|[from] move: Whirlpool|[partiallytrapped]
|upkeep
|turn|37
|
|t:|1665050858
|switch|p1a: Ho-Oh|Ho-Oh|100/100
|move|p2a: Zacian|Behemoth Blade|p1a: Ho-Oh
|-resisted|p1a: Ho-Oh
|-damage|p1a: Ho-Oh|67/100
|
|-end|p2a: Zacian|Whirlpool|[partiallytrapped]|[silent]
|upkeep
|turn|38
|
|t:|1665050864
|move|p2a: Zacian|Wild Charge|p1a: Ho-Oh
|-supereffective|p1a: Ho-Oh
|-damage|p1a: Ho-Oh|0 fnt
|faint|p1a: Ho-Oh
|-damage|p2a: Zacian|0 fnt|[from] Recoil
|faint|p2a: Zacian
|
|upkeep
|
|t:|1665050873
|switch|p2a: Genesect|Genesect, shiny|100/100
|switch|p1a: Arceus|Arceus-Dark|50/100
|-damage|p2a: Genesect|88/100|[from] Stealth Rock
|-ability|p2a: Genesect|Download|boost
|-boost|p2a: Genesect|atk|1
|-damage|p1a: Arceus|38/100|[from] Stealth Rock
|turn|39
|
|t:|1665050876
|move|p2a: Genesect|U-turn|p1a: Arceus
|-supereffective|p1a: Arceus
|-damage|p1a: Arceus|0 fnt
|faint|p1a: Arceus
|
|t:|1665050879
|switch|p2a: Calyrex|Calyrex-Shadow|76/100|[from]move: U-turn
|-ability|p2a: Calyrex|As One
|-ability|p2a: Calyrex|Unnerve
|-damage|p2a: Calyrex|63/100|[from] Stealth Rock
|
|upkeep
|
|t:|1665050883
|switch|p1a: Zygarde|Zygarde|96/100
|-damage|p1a: Zygarde|90/100|[from] Stealth Rock
|turn|40
|
|t:|1665050886
|move|p2a: Calyrex|Trick|p1a: Zygarde
|-activate|p2a: Calyrex|move: Trick|[of] p1a: Zygarde
|-item|p1a: Zygarde|Choice Scarf|[from] move: Trick
|-item|p2a: Calyrex|Leftovers|[from] move: Trick
|move|p1a: Zygarde|Glare|p2a: Calyrex
|-status|p2a: Calyrex|par
|
|-heal|p2a: Calyrex|69/100 par|[from] item: Leftovers
|upkeep
|turn|41
|
|t:|1665050892
|switch|p1a: Zacian|Zacian-Crowned|44/100
|-damage|p1a: Zacian|38/100|[from] Stealth Rock
|-ability|p1a: Zacian|Intrepid Sword|boost
|-boost|p1a: Zacian|atk|1
|move|p2a: Calyrex|Astral Barrage|p1a: Zacian
|-damage|p1a: Zacian|0 fnt
|faint|p1a: Zacian
|-ability|p2a: Calyrex|Grim Neigh|boost
|-boost|p2a: Calyrex|spa|1
|
|-heal|p2a: Calyrex|76/100 par|[from] item: Leftovers
|upkeep
|
|t:|1665050894
|switch|p1a: Zygarde|Zygarde|90/100
|-damage|p1a: Zygarde|84/100|[from] Stealth Rock
|turn|42
|
|t:|1665050902
|move|p1a: Zygarde|Thousand Arrows|p2a: Calyrex
|-damage|p2a: Calyrex|35/100 par
|move|p2a: Calyrex|Astral Barrage|p1a: Zygarde
|-damage|p1a: Zygarde|0 fnt
|faint|p1a: Zygarde
|
|win|seidou45
|raw|Tahz's rating: 1712 &rarr; <strong>1695</strong><br />(-17 for losing)
|raw|seidou45's rating: 1758 &rarr; <strong>1775</strong><br />(+17 for winning)
|l|‽Tahz
|j|‽Tahz
|player|p1|Tahz|veteran
||Ladder isn't responding, score probably updated but might not have (Request timeout).
|l|☆seidou45
