|j|☆Corsor
|j|☆Glaliegoesboom ❤
|t:|1659676946
|gametype|singles
|player|p1|Corsor|clown|
|player|p2|Glaliegoesboom ❤|265|
|teamsize|p1|6
|teamsize|p2|6
|gen|8
|tier|[Gen 8] National Dex AG
|rule|HP Percentage Mod: HP is shown in percentages
|rule|Endless Battle Clause: Forcing endless battles is banned
|clearpoke
|poke|p1|Dialga|
|poke|p1|Palkia|
|poke|p1|Greninja, M|
|poke|p1|Blastoise, M|
|poke|p1|Aerodactyl, M|
|poke|p1|Dragonite, M|
|poke|p2|Cloyster, M|
|poke|p2|Magearna|
|poke|p2|Dragapult, M|
|poke|p2|Glalie, F|
|poke|p2|Excadrill, M|
|poke|p2|Zekrom|
|teampreview
|inactive|Battle timer is ON: inactive players will automatically lose when time's up. (requested by Corsor)
|inactive|Glaliegoesboom ❤ also wants the timer to be on.
|c|☆Corsor|Bruh
|c|☆Corsor|wrong team agin
|
|t:|1659676958
|start
|switch|p1a: Dialga|Dialga|100/100
|switch|p2a: Excadrill|Excadrill, M|100/100
|-ability|p1a: Dialga|Pressure
|-ability|p2a: Excadrill|Mold Breaker
|turn|1
|
|t:|1659676966
|switch|p1a: Aerodactyl|Aerodactyl, M|100/100
|-ability|p1a: Aerodactyl|Pressure
|move|p2a: Excadrill|Rapid Spin|p1a: Aerodactyl
|-resisted|p1a: Aerodactyl
|-damage|p1a: Aerodactyl|85/100
|-boost|p2a: Excadrill|spe|1
|
|upkeep
|turn|2
|
|t:|1659676972
|move|p2a: Excadrill|Rock Tomb|p1a: Aerodactyl
|-supereffective|p1a: Aerodactyl
|-damage|p1a: Aerodactyl|11/100
|-unboost|p1a: Aerodactyl|spe|1
|move|p1a: Aerodactyl|Earthquake|p2a: Excadrill
|-supereffective|p2a: Excadrill
|-enditem|p2a: Excadrill|Focus Sash
|-damage|p2a: Excadrill|1/100
|-damage|p1a: Aerodactyl|1/100|[from] item: Life Orb
|
|upkeep
|turn|3
|
|t:|1659676982
|move|p2a: Excadrill|Stealth Rock|p1a: Aerodactyl
|-sidestart|p1: Corsor|move: Stealth Rock
|move|p1a: Aerodactyl|Earthquake|p2a: Excadrill
|-supereffective|p2a: Excadrill
|-damage|p2a: Excadrill|0 fnt
|faint|p2a: Excadrill
|-damage|p1a: Aerodactyl|0 fnt|[from] item: Life Orb
|faint|p1a: Aerodactyl
|
|upkeep
|
|t:|1659676998
|switch|p1a: Dialga|Dialga|100/100
|switch|p2a: Glalie|Glalie, F|100/100
|-damage|p1a: Dialga|94/100|[from] Stealth Rock
|-ability|p1a: Dialga|Pressure
|turn|4
|
|t:|1659677012
|switch|p1a: Greninja|Greninja, M|100/100
|-damage|p1a: Greninja|88/100|[from] Stealth Rock
|detailschange|p2a: Glalie|Glalie-Mega, F
|-mega|p2a: Glalie|Glalie|Glalitite
|move|p2a: Glalie|Explosion|p1a: Greninja
|-resisted|p1a: Greninja
|-damage|p1a: Greninja|0 fnt
|faint|p2a: Glalie
|faint|p1a: Greninja
|
|upkeep
|
|t:|1659677021
|switch|p1a: Dialga|Dialga|94/100
|switch|p2a: Magearna|Magearna|100/100
|-damage|p1a: Dialga|88/100|[from] Stealth Rock
|-ability|p1a: Dialga|Pressure
|turn|5
|
|t:|1659677028
|-start|p1a: Dialga|Dynamax|
|-heal|p1a: Dialga|88/100|[silent]
|move|p1a: Dialga|Max Flare|p2a: Magearna
|-supereffective|p2a: Magearna
|-damage|p2a: Magearna|0 fnt
|-weather|SunnyDay
|faint|p2a: Magearna
|-damage|p1a: Dialga|83/100|[from] item: Life Orb
|
|-weather|SunnyDay|[upkeep]
|upkeep
|inactive|Glaliegoesboom ❤ has 270 seconds left.
|
|t:|1659677068
|switch|p2a: Zekrom|Zekrom|100/100
|-ability|p2a: Zekrom|Teravolt
|turn|6
|
|t:|1659677074
|-start|p2a: Zekrom|Dynamax|
|-heal|p2a: Zekrom|100/100|[silent]
|move|p2a: Zekrom|Max Guard|p2a: Zekrom
|-singleturn|p2a: Zekrom|Max Guard
|move|p1a: Dialga|Max Wyrmwind|p2a: Zekrom
|-activate|p2a: Zekrom|move: Max Guard
|
|-weather|SunnyDay|[upkeep]
|upkeep
|turn|7
|inactive|Glaliegoesboom ❤ has 270 seconds left.
|
|t:|1659677083
|move|p2a: Zekrom|Max Wyrmwind|p1a: Dialga
|-damage|p1a: Dialga|45/100
|-unboost|p1a: Dialga|atk|1
|move|p1a: Dialga|Max Wyrmwind|p2a: Zekrom
|-supereffective|p2a: Zekrom
|-damage|p2a: Zekrom|0 fnt
|faint|p2a: Zekrom
|-damage|p1a: Dialga|40/100|[from] item: Life Orb
|
|-weather|SunnyDay|[upkeep]
|upkeep
|inactive|Glaliegoesboom ❤ has 270 seconds left.
|
|t:|1659677091
|switch|p2a: Dragapult|Dragapult, M|100/100
|-end|p1a: Dialga|Dynamax
|-heal|p1a: Dialga|40/100|[silent]
|turn|8
|inactive|Glaliegoesboom ❤ has 270 seconds left.
|
|t:|1659677119
|move|p2a: Dragapult|Draco Meteor|p1a: Dialga
|-damage|p1a: Dialga|0 fnt
|-unboost|p2a: Dragapult|spa|2
|faint|p1a: Dialga
|
|-weather|SunnyDay|[upkeep]
|upkeep
|
|t:|1659677128
|switch|p1a: Blastoise|Blastoise, M|100/100
|-damage|p1a: Blastoise|88/100|[from] Stealth Rock
|turn|9
|
|t:|1659677143
|switch|p2a: Cloyster|Cloyster, M|100/100
|detailschange|p1a: Blastoise|Blastoise-Mega, M
|-mega|p1a: Blastoise|Blastoise|Blastoisinite
|move|p1a: Blastoise|Shell Smash|p1a: Blastoise
|-unboost|p1a: Blastoise|def|1
|-unboost|p1a: Blastoise|spd|1
|-boost|p1a: Blastoise|atk|2
|-boost|p1a: Blastoise|spa|2
|-boost|p1a: Blastoise|spe|2
|
|-weather|none
|upkeep
|turn|10
|
|t:|1659677148
|switch|p2a: Dragapult|Dragapult, M|100/100
|move|p1a: Blastoise|Aura Sphere|p2a: Dragapult
|-immune|p2a: Dragapult
|
|upkeep
|turn|11
|
|t:|1659677151
|move|p2a: Dragapult|Thunderbolt|p1a: Blastoise
|-supereffective|p1a: Blastoise
|-damage|p1a: Blastoise|4/100
|move|p1a: Blastoise|Dragon Pulse|p2a: Dragapult
|-supereffective|p2a: Dragapult
|-damage|p2a: Dragapult|0 fnt
|faint|p2a: Dragapult
|
|upkeep
|
|t:|1659677156
|switch|p2a: Cloyster|Cloyster, M|100/100
|turn|12
|
|t:|1659677159
|move|p1a: Blastoise|Aura Sphere|p2a: Cloyster
|-supereffective|p2a: Cloyster
|-damage|p2a: Cloyster|0 fnt
|faint|p2a: Cloyster
|
|win|Corsor
|c|☆Corsor|Ggs
