|j|☆YLong
|j|☆shuaibi2333
|t:|1668943381
|gametype|singles
|player|p1|YLong|darach-caitlin|
|player|p2|shuaibi2333|cynthia|
|teamsize|p1|6
|teamsize|p2|6
|gen|8
|tier|[Gen 8] National Dex AG
|rule|HP Percentage Mod: HP is shown in percentages
|rule|Endless Battle Clause: Forcing endless battles is banned
|clearpoke
|poke|p1|Victini|
|poke|p1|Charizard, F|
|poke|p1|Ribombee, F|
|poke|p1|Minior-Indigo|
|poke|p1|Altaria, F|
|poke|p1|Grimmsnarl, M|
|poke|p2|Toxapex, M|
|poke|p2|Dragapult, F|
|poke|p2|Gengar, M|
|poke|p2|Chandelure, M|
|poke|p2|Sableye, F|
|poke|p2|Blissey, F|
|teampreview
|inactive|Battle timer is ON: inactive players will automatically lose when time's up. (requested by shuaibi2333)
|inactive|YLong has 270 seconds left.
|
|t:|1668943413
|start
|switch|p1a: Grimmsnarl|Grimmsnarl, M|100/100
|switch|p2a: Sableye|Sableye, F|100/100
|turn|1
|
|t:|1668943421
|detailschange|p2a: Sableye|Sableye-Mega, F
|-mega|p2a: Sableye|Sableye|Sablenite
|move|p1a: Grimmsnarl|Darkest Lariat|p2a: Sableye
|-damage|p2a: Sableye|68/100
|move|p2a: Sableye|Recover|p2a: Sableye
|-heal|p2a: Sableye|100/100
|
|upkeep
|turn|2
|
|t:|1668943437
|move|p1a: Grimmsnarl|Leech Life|p2a: Sableye
|-damage|p2a: Sableye|77/100
|move|p2a: Sableye|Will-O-Wisp|p1a: Grimmsnarl|[miss]
|-miss|p2a: Sableye|p1a: Grimmsnarl
|
|upkeep
|turn|3
|
|t:|1668943446
|switch|p1a: Victini|Victini|100/100
|move|p2a: Sableye|Will-O-Wisp|p1a: Victini
|-immune|p1a: Victini
|
|upkeep
|turn|4
|
|t:|1668943457
|move|p1a: Victini|Shadow Ball|p2a: Sableye
|-damage|p2a: Sableye|62/100
|move|p2a: Sableye|Recover|p2a: Sableye
|-heal|p2a: Sableye|100/100
|
|upkeep
|turn|5
|
|t:|1668943467
|switch|p1a: Ribombee|Ribombee, F|100/100
|move|p2a: Sableye|Night Shade|p1a: Ribombee
|-damage|p1a: Ribombee|62/100
|
|upkeep
|turn|6
|
|t:|1668943472
|switch|p2a: Toxapex|Toxapex, M|100/100
|move|p1a: Ribombee|Dazzling Gleam|p2a: Toxapex
|-resisted|p2a: Toxapex
|-damage|p2a: Toxapex|87/100
|
|-heal|p2a: Toxapex|93/100|[from] item: Black Sludge
|upkeep
|turn|7
|
|t:|1668943476
|switch|p2a: Sableye|Sableye-Mega, F|100/100
|move|p1a: Ribombee|Sticky Web|p2a: Sableye
|move|p2a: Sableye|Sticky Web|p1a: Ribombee|[from]ability: Magic Bounce
|-sidestart|p1: YLong|move: Sticky Web
|
|upkeep
|turn|8
|
|t:|1668943483
|move|p1a: Ribombee|Dazzling Gleam|p2a: Sableye
|-supereffective|p2a: Sableye
|-damage|p2a: Sableye|50/100
|move|p2a: Sableye|Night Shade|p1a: Ribombee
|-damage|p1a: Ribombee|24/100
|
|upkeep
|turn|9
|
|t:|1668943489
|switch|p2a: Toxapex|Toxapex, M|100/100
|move|p1a: Ribombee|Dazzling Gleam|p2a: Toxapex
|-resisted|p2a: Toxapex
|-damage|p2a: Toxapex|86/100
|
|-heal|p2a: Toxapex|92/100|[from] item: Black Sludge
|upkeep
|turn|10
|
|t:|1668943501
|switch|p2a: Sableye|Sableye-Mega, F|50/100
|move|p1a: Ribombee|Sticky Web|p2a: Sableye
|move|p2a: Sableye|Sticky Web||[from]ability: Magic Bounce|[still]
|-fail|p2a: Sableye
|
|upkeep
|turn|11
|
|t:|1668943512
|switch|p2a: Gengar|Gengar, M|100/100
|move|p1a: Ribombee|Dazzling Gleam|p2a: Gengar
|-resisted|p2a: Gengar
|-damage|p2a: Gengar|72/100
|-start|p1a: Ribombee|Disable|Dazzling Gleam|[from] ability: Cursed Body|[of] p2a: Gengar
|
|upkeep
|turn|12
|
|t:|1668943522
|move|p1a: Ribombee|Sticky Web|p2a: Gengar
|-sidestart|p2: shuaibi2333|move: Sticky Web
|move|p2a: Gengar|Hidden Power|p1a: Ribombee
|-damage|p1a: Ribombee|0 fnt
|faint|p1a: Ribombee
|-damage|p2a: Gengar|62/100|[from] item: Life Orb
|
|upkeep
|
|t:|1668943536
|switch|p1a: Grimmsnarl|Grimmsnarl, M|100/100
|turn|13
|
|t:|1668943551
|switch|p2a: Toxapex|Toxapex, M|100/100
|-activate|p2a: Toxapex|move: Sticky Web
|-unboost|p2a: Toxapex|spe|1
|move|p1a: Grimmsnarl|Foul Play|p2a: Toxapex
|-damage|p2a: Toxapex|88/100
|
|-heal|p2a: Toxapex|94/100|[from] item: Black Sludge
|upkeep
|turn|14
|
|t:|1668943566
|switch|p1a: Victini|Victini|100/100
|move|p2a: Toxapex|Toxic Spikes|p1a: Victini
|-sidestart|p1: YLong|move: Toxic Spikes
|
|-heal|p2a: Toxapex|99/100|[from] item: Black Sludge
|upkeep
|turn|15
|
|t:|1668943580
|move|p2a: Toxapex|Baneful Bunker|p2a: Toxapex
|-singleturn|p2a: Toxapex|move: Protect
|move|p1a: Victini|Psychic|p2a: Toxapex
|-activate|p2a: Toxapex|move: Protect
|
|-heal|p2a: Toxapex|100/100|[from] item: Black Sludge
|upkeep
|turn|16
|
|t:|1668943604
|move|p1a: Victini|Shadow Ball|p2a: Toxapex
|-damage|p2a: Toxapex|83/100
|move|p2a: Toxapex|Knock Off|p1a: Victini
|-supereffective|p1a: Victini
|-damage|p1a: Victini|68/100
|-enditem|p1a: Victini|Heavy-Duty Boots|[from] move: Knock Off|[of] p2a: Toxapex
|
|-heal|p2a: Toxapex|89/100|[from] item: Black Sludge
|upkeep
|turn|17
|
|t:|1668943616
|switch|p2a: Sableye|Sableye-Mega, F|50/100
|-activate|p2a: Sableye|move: Sticky Web
|-unboost|p2a: Sableye|spe|1
|move|p1a: Victini|Psychic|p2a: Sableye
|-immune|p2a: Sableye
|
|upkeep
|turn|18
|
|t:|1668943620
|move|p1a: Victini|Shadow Ball|p2a: Sableye
|-damage|p2a: Sableye|34/100
|move|p2a: Sableye|Recover|p2a: Sableye
|-heal|p2a: Sableye|84/100
|
|upkeep
|turn|19
|
|t:|1668943623
|move|p1a: Victini|U-turn|p2a: Sableye
|-damage|p2a: Sableye|71/100
|
|t:|1668943627
|switch|p1a: Minior|Minior-Indigo|100/100|[from]move: U-turn
|-formechange|p1a: Minior|Minior-Meteor||[from] ability: Shields Down
|move|p2a: Sableye|Recover|p2a: Sableye
|-heal|p2a: Sableye|100/100
|
|upkeep
|turn|20
|
|t:|1668943633
|move|p1a: Minior|Shell Smash|p1a: Minior
|-unboost|p1a: Minior|def|1
|-unboost|p1a: Minior|spd|1
|-boost|p1a: Minior|atk|2
|-boost|p1a: Minior|spa|2
|-boost|p1a: Minior|spe|2
|move|p2a: Sableye|Night Shade|p1a: Minior
|-damage|p1a: Minior|62/100
|
|upkeep
|turn|21
|
|t:|1668943643
|move|p1a: Minior|Dazzling Gleam|p2a: Sableye
|-supereffective|p2a: Sableye
|-damage|p2a: Sableye|44/100
|move|p2a: Sableye|Taunt|p1a: Minior
|-start|p1a: Minior|move: Taunt
|
|upkeep
|turn|22
|
|t:|1668943648
|switch|p2a: Toxapex|Toxapex, M|100/100
|-activate|p2a: Toxapex|move: Sticky Web
|-unboost|p2a: Toxapex|spe|1
|move|p1a: Minior|Dazzling Gleam|p2a: Toxapex
|-resisted|p2a: Toxapex
|-damage|p2a: Toxapex|86/100
|
|-heal|p2a: Toxapex|92/100|[from] item: Black Sludge
|upkeep
|turn|23
|
|t:|1668943653
|move|p1a: Minior|Psychic|p2a: Toxapex
|-supereffective|p2a: Toxapex
|-damage|p2a: Toxapex|27/100
|move|p2a: Toxapex|Knock Off|p1a: Minior
|-damage|p1a: Minior|33/100
|-enditem|p1a: Minior|Focus Sash|[from] move: Knock Off|[of] p2a: Toxapex
|
|-heal|p2a: Toxapex|34/100|[from] item: Black Sludge
|-formechange|p1a: Minior|Minior-Indigo||[from] ability: Shields Down
|upkeep
|turn|24
|
|t:|1668943659
|switch|p2a: Sableye|Sableye-Mega, F|44/100
|-activate|p2a: Sableye|move: Sticky Web
|-unboost|p2a: Sableye|spe|1
|move|p1a: Minior|Power Gem|p2a: Sableye
|-damage|p2a: Sableye|0 fnt
|faint|p2a: Sableye
|
|-end|p1a: Minior|move: Taunt
|upkeep
|
|t:|1668943667
|switch|p2a: Blissey|Blissey, F|100/100
|-activate|p2a: Blissey|move: Sticky Web
|-unboost|p2a: Blissey|spe|1
|turn|25
|
|t:|1668943681
|move|p1a: Minior|Power Gem|p2a: Blissey
|-damage|p2a: Blissey|71/100
|move|p2a: Blissey|Thunder Wave|p1a: Minior
|-status|p1a: Minior|par
|
|-heal|p2a: Blissey|77/100|[from] item: Leftovers
|upkeep
|turn|26
|
|t:|1668943691
|move|p1a: Minior|Power Gem|p2a: Blissey
|-damage|p2a: Blissey|48/100
|move|p2a: Blissey|Stealth Rock|p1a: Minior
|-sidestart|p1: YLong|move: Stealth Rock
|
|-heal|p2a: Blissey|54/100|[from] item: Leftovers
|upkeep
|turn|27
|
|t:|1668943700
|move|p1a: Minior|Power Gem|p2a: Blissey
|-damage|p2a: Blissey|26/100
|move|p2a: Blissey|Soft-Boiled|p2a: Blissey
|-heal|p2a: Blissey|76/100
|
|-heal|p2a: Blissey|82/100|[from] item: Leftovers
|upkeep
|turn|28
|
|t:|1668943714
|switch|p1a: Grimmsnarl|Grimmsnarl, M|100/100
|move|p2a: Blissey|Teleport|p2a: Blissey
|
|t:|1668943723
|switch|p2a: Gengar|Gengar, M|62/100|[from]move: Teleport
|-activate|p2a: Gengar|move: Sticky Web
|-unboost|p2a: Gengar|spe|1
|
|upkeep
|turn|29
|
|t:|1668943736
|switch|p2a: Blissey|Blissey, F|82/100
|-activate|p2a: Blissey|move: Sticky Web
|-unboost|p2a: Blissey|spe|1
|-start|p1a: Grimmsnarl|Dynamax|Gmax
|-heal|p1a: Grimmsnarl|100/100|[silent]
|move|p1a: Grimmsnarl|G-Max Snooze|p2a: Blissey
|-crit|p2a: Blissey
|-damage|p2a: Blissey|7/100
|
|-heal|p2a: Blissey|13/100|[from] item: Leftovers
|upkeep
|turn|30
|inactive|shuaibi2333 has 270 seconds left.
|
|t:|1668943771
|switch|p2a: Toxapex|Toxapex, M|67/100
|-activate|p2a: Toxapex|move: Sticky Web
|-unboost|p2a: Toxapex|spe|1
|move|p1a: Grimmsnarl|Max Flutterby|p2a: Toxapex
|-resisted|p2a: Toxapex
|-damage|p2a: Toxapex|54/100
|-unboost|p2a: Toxapex|spa|1
|
|-heal|p2a: Toxapex|61/100|[from] item: Black Sludge
|upkeep
|turn|31
|
|t:|1668943783
|move|p1a: Grimmsnarl|G-Max Snooze|p2a: Toxapex
|-damage|p2a: Toxapex|23/100
|move|p2a: Toxapex|Recover|p2a: Toxapex
|-heal|p2a: Toxapex|73/100
|
|-heal|p2a: Toxapex|79/100|[from] item: Black Sludge
|upkeep
|-end|p1a: Grimmsnarl|Dynamax
|-heal|p1a: Grimmsnarl|100/100|[silent]
|turn|32
|
|t:|1668943790
|switch|p1a: Minior|Minior-Indigo|33/100 par
|-damage|p1a: Minior|8/100 par|[from] Stealth Rock
|move|p2a: Toxapex|Recover|p2a: Toxapex
|-heal|p2a: Toxapex|100/100
|
|upkeep
|turn|33
|
|t:|1668943793
|move|p1a: Minior|Psychic|p2a: Toxapex
|-supereffective|p2a: Toxapex
|-damage|p2a: Toxapex|50/100
|move|p2a: Toxapex|Knock Off|p1a: Minior
|-damage|p1a: Minior|0 fnt
|faint|p1a: Minior
|
|-heal|p2a: Toxapex|57/100|[from] item: Black Sludge
|upkeep
|
|t:|1668943797
|switch|p1a: Altaria|Altaria, F|100/100
|-damage|p1a: Altaria|75/100|[from] Stealth Rock
|-ability|p1a: Altaria|Cloud Nine
|turn|34
|
|t:|1668943801
|detailschange|p1a: Altaria|Altaria-Mega, F
|-mega|p1a: Altaria|Altaria|Altarianite
|move|p2a: Toxapex|Baneful Bunker|p2a: Toxapex
|-singleturn|p2a: Toxapex|move: Protect
|move|p1a: Altaria|Dragon Dance|p1a: Altaria
|-boost|p1a: Altaria|atk|1
|-boost|p1a: Altaria|spe|1
|
|-heal|p2a: Toxapex|63/100|[from] item: Black Sludge
|upkeep
|turn|35
|
|t:|1668943805
|move|p1a: Altaria|Dragon Dance|p1a: Altaria
|-boost|p1a: Altaria|atk|1
|-boost|p1a: Altaria|spe|1
|move|p2a: Toxapex|Knock Off|p1a: Altaria
|-resisted|p1a: Altaria
|-damage|p1a: Altaria|70/100
|
|-heal|p2a: Toxapex|69/100|[from] item: Black Sludge
|upkeep
|turn|36
|
|t:|1668943821
|switch|p2a: Blissey|Blissey, F|13/100
|-activate|p2a: Blissey|move: Sticky Web
|-unboost|p2a: Blissey|spe|1
|move|p1a: Altaria|Earthquake|p2a: Blissey
|-damage|p2a: Blissey|0 fnt
|faint|p2a: Blissey
|
|upkeep
|
|t:|1668943833
|switch|p2a: Dragapult|Dragapult, F|100/100
|-activate|p2a: Dragapult|move: Sticky Web
|-unboost|p2a: Dragapult|spe|1
|turn|37
|
|t:|1668943839
|-start|p2a: Dragapult|Dynamax|
|-heal|p2a: Dragapult|100/100|[silent]
|move|p1a: Altaria|Return|p2a: Dragapult
|-supereffective|p2a: Dragapult
|-damage|p2a: Dragapult|0 fnt
|faint|p2a: Dragapult
|
|upkeep
|-message|shuaibi2333 forfeited.
|
|win|YLong
|l|☆shuaibi2333
