|j|☆TheGirl0nFire
|j|☆Blackstar152001
|t:|1665165272
|gametype|singles
|player|p1|TheGirl0nFire|flannery|1733
|player|p2|Blackstar152001|blue-gen3two|1870
|teamsize|p1|6
|teamsize|p2|6
|gen|8
|tier|[Gen 8] National Dex AG
|rated|
|rule|HP Percentage Mod: HP is shown in percentages
|rule|Endless Battle Clause: Forcing endless battles is banned
|clearpoke
|poke|p1|Zacian-*|
|poke|p1|Buzzwole|
|poke|p1|Klefki, M|
|poke|p1|Landorus-Therian, M|
|poke|p1|Arceus-*|
|poke|p1|Necrozma-Dusk-Mane|
|poke|p2|Arceus-*|
|poke|p2|Mewtwo|
|poke|p2|Ditto|
|poke|p2|Zacian-*|
|poke|p2|Arceus-*|
|poke|p2|Arceus-*|
|teampreview
|inactive|Battle timer is ON: inactive players will automatically lose when time's up. (requested by Blackstar152001)
|
|t:|1665165285
|start
|switch|p1a: Klefki|Klefki, M|100/100
|switch|p2a: Ditto|Ditto, shiny|100/100
|-transform|p2a: Ditto|p1a: Klefki|[from] ability: Imposter
|turn|1
|
|t:|1665165293
|switch|p2a: Arceus|Arceus-Electric|100/100
|switch|p1a: Landorus|Landorus-Therian, M|100/100
|-ability|p1a: Landorus|Intimidate|boost
|-unboost|p2a: Arceus|atk|1
|
|upkeep
|turn|2
|
|t:|1665165298
|switch|p1a: Klefki|Klefki, M|100/100
|move|p2a: Arceus|Ice Beam|p1a: Klefki
|-resisted|p1a: Klefki
|-crit|p1a: Klefki
|-damage|p1a: Klefki|78/100
|
|upkeep
|turn|3
|
|t:|1665165300
|move|p1a: Klefki|Light Screen|p1a: Klefki
|-sidestart|p1: TheGirl0nFire|move: Light Screen
|move|p2a: Arceus|Judgment|p1a: Klefki
|-damage|p1a: Klefki|48/100
|
|upkeep
|turn|4
|
|t:|1665165303
|move|p1a: Klefki|Reflect|p1a: Klefki
|-sidestart|p1: TheGirl0nFire|Reflect
|move|p2a: Arceus|Judgment|p1a: Klefki
|-damage|p1a: Klefki|18/100
|
|upkeep
|turn|5
|
|t:|1665165310
|switch|p1a: Arceus|Arceus-Dark|100/100
|move|p2a: Arceus|Ice Beam|p1a: Arceus
|-damage|p1a: Arceus|94/100
|
|upkeep
|turn|6
|
|t:|1665165315
|switch|p2a: Zacian|Zacian-Crowned|100/100
|-ability|p2a: Zacian|Intrepid Sword|boost
|-boost|p2a: Zacian|atk|1
|move|p1a: Arceus|Substitute|p1a: Arceus
|-start|p1a: Arceus|Substitute
|-damage|p1a: Arceus|69/100
|
|upkeep
|turn|7
|
|t:|1665165322
|move|p2a: Zacian|Behemoth Blade|p1a: Arceus
|-end|p1a: Arceus|Substitute
|move|p1a: Arceus|Judgment|p2a: Zacian
|-resisted|p2a: Zacian
|-damage|p2a: Zacian|79/100
|
|upkeep
|turn|8
|
|t:|1665165326
|switch|p1a: Necrozma|Necrozma-Dusk-Mane|100/100
|move|p2a: Zacian|Close Combat|p1a: Necrozma
|-damage|p1a: Necrozma|72/100
|-unboost|p2a: Zacian|def|1
|-unboost|p2a: Zacian|spd|1
|
|upkeep
|turn|9
|
|t:|1665165335
|switch|p2a: Arceus|Arceus-Electric|100/100
|move|p1a: Necrozma|Trick Room|p1a: Necrozma
|-fieldstart|move: Trick Room|[of] p1a: Necrozma
|
|upkeep
|turn|10
|
|t:|1665165340
|move|p1a: Necrozma|Photon Geyser|p2a: Arceus
|-damage|p2a: Arceus|66/100
|move|p2a: Arceus|Judgment|p1a: Necrozma
|-crit|p1a: Necrozma
|-damage|p1a: Necrozma|17/100
|
|-sideend|p1: TheGirl0nFire|move: Light Screen
|upkeep
|turn|11
|
|t:|1665165346
|move|p1a: Necrozma|Earthquake|p2a: Arceus
|-supereffective|p2a: Arceus
|-damage|p2a: Arceus|23/100
|move|p2a: Arceus|Recover|p2a: Arceus
|-heal|p2a: Arceus|73/100
|
|-sideend|p1: TheGirl0nFire|Reflect
|upkeep
|turn|12
|
|t:|1665165350
|move|p1a: Necrozma|Earthquake|p2a: Arceus
|-supereffective|p2a: Arceus
|-damage|p2a: Arceus|31/100
|move|p2a: Arceus|Recover|p2a: Arceus
|-heal|p2a: Arceus|81/100
|
|upkeep
|turn|13
|
|t:|1665165355
|move|p1a: Necrozma|Earthquake|p2a: Arceus
|-supereffective|p2a: Arceus
|-damage|p2a: Arceus|36/100
|move|p2a: Arceus|Recover|p2a: Arceus
|-heal|p2a: Arceus|86/100
|
|-fieldend|move: Trick Room
|upkeep
|turn|14
|
|t:|1665165357
|move|p2a: Arceus|Judgment|p1a: Necrozma
|-damage|p1a: Necrozma|0 fnt
|faint|p1a: Necrozma
|
|upkeep
|
|t:|1665165359
|switch|p1a: Klefki|Klefki, M|18/100
|turn|15
|
|t:|1665165361
|move|p1a: Klefki|Light Screen|p1a: Klefki
|-sidestart|p1: TheGirl0nFire|move: Light Screen
|move|p2a: Arceus|Judgment|p1a: Klefki
|-damage|p1a: Klefki|0 fnt
|faint|p1a: Klefki
|
|upkeep
|
|t:|1665165363
|switch|p1a: Zacian|Zacian|100/100
|-ability|p1a: Zacian|Intrepid Sword|boost
|-boost|p1a: Zacian|atk|1
|turn|16
|
|t:|1665165368
|move|p1a: Zacian|Substitute|p1a: Zacian
|-start|p1a: Zacian|Substitute
|-damage|p1a: Zacian|76/100
|move|p2a: Arceus|Recover|p2a: Arceus
|-heal|p2a: Arceus|100/100
|
|upkeep
|turn|17
|
|t:|1665165372
|move|p1a: Zacian|Play Rough|p2a: Arceus
|-damage|p2a: Arceus|61/100
|-unboost|p2a: Arceus|atk|1
|move|p2a: Arceus|Judgment|p1a: Zacian
|-activate|p1a: Zacian|move: Substitute|[damage]
|
|upkeep
|turn|18
|
|t:|1665165377
|switch|p1a: Landorus|Landorus-Therian, M|100/100
|-ability|p1a: Landorus|Intimidate|boost
|-unboost|p2a: Arceus|atk|1
|move|p2a: Arceus|Recover|p2a: Arceus
|-heal|p2a: Arceus|100/100
|
|upkeep
|turn|19
|
|t:|1665165386
|switch|p2a: Arceus|Arceus-Fairy|100/100
|move|p1a: Landorus|Swords Dance|p1a: Landorus
|-boost|p1a: Landorus|atk|2
|
|upkeep
|turn|20
|
|t:|1665165395
|-start|p1a: Landorus|Dynamax|
|-heal|p1a: Landorus|100/100|[silent]
|move|p1a: Landorus|Max Airstream|p2a: Arceus
|-damage|p2a: Arceus|0 fnt
|-boost|p1a: Landorus|spe|1
|faint|p2a: Arceus
|
|upkeep
|
|t:|1665165411
|switch|p2a: Arceus|Arceus|100/100
|turn|21
|
|t:|1665165419
|-start|p2a: Arceus|Dynamax|
|-heal|p2a: Arceus|100/100|[silent]
|move|p2a: Arceus|Max Guard|p2a: Arceus
|-singleturn|p2a: Arceus|Max Guard
|move|p1a: Landorus|Max Airstream|p2a: Arceus
|-activate|p2a: Arceus|move: Max Guard
|
|upkeep
|turn|22
|
|t:|1665165422
|move|p1a: Landorus|Max Quake|p2a: Arceus
|-damage|p2a: Arceus|56/100
|-boost|p1a: Landorus|spd|1
|move|p2a: Arceus|Max Strike|p1a: Landorus
|-damage|p1a: Landorus|59/100
|-unboost|p1a: Landorus|spe|1
|
|-sideend|p1: TheGirl0nFire|move: Light Screen
|upkeep
|-end|p1a: Landorus|Dynamax
|-heal|p1a: Landorus|59/100|[silent]
|turn|23
|
|t:|1665165428
|move|p1a: Landorus|Earthquake|p2a: Arceus
|-damage|p2a: Arceus|17/100
|move|p2a: Arceus|Max Strike|p1a: Landorus
|-damage|p1a: Landorus|0 fnt
|faint|p1a: Landorus
|
|upkeep
|
|t:|1665165433
|switch|p1a: Zacian|Zacian|76/100
|-ability|p1a: Zacian|Intrepid Sword|boost
|-boost|p1a: Zacian|atk|1
|-end|p2a: Arceus|Dynamax
|-heal|p2a: Arceus|17/100|[silent]
|turn|24
|
|t:|1665165437
|move|p2a: Arceus|Extreme Speed|p1a: Zacian
|-damage|p1a: Zacian|36/100
|move|p1a: Zacian|Play Rough|p2a: Arceus
|-damage|p2a: Arceus|0 fnt
|faint|p2a: Arceus
|
|upkeep
|-message|TheGirl0nFire forfeited.
|
|win|Blackstar152001
|raw|TheGirl0nFire's rating: 1733 &rarr; <strong>1721</strong><br />(-12 for losing)
|raw|Blackstar152001's rating: 1870 &rarr; <strong>1882</strong><br />(+12 for winning)
|l|☆TheGirl0nFire
