|j|☆Ultima Kamari
|j|☆97thPhantom
|t:|1660847740
|gametype|singles
|player|p1|Ultima Kamari|n-masters|1519
|player|p2|97thPhantom|saturn|1607
|teamsize|p1|6
|teamsize|p2|6
|gen|8
|tier|[Gen 8] National Dex AG
|rated|
|rule|HP Percentage Mod: HP is shown in percentages
|rule|Endless Battle Clause: Forcing endless battles is banned
|clearpoke
|poke|p1|Shuckle, M|
|poke|p1|Zacian-*|
|poke|p1|Zygarde|
|poke|p1|Solgaleo|
|poke|p1|Calyrex-Shadow|
|poke|p1|Pheromosa|
|poke|p2|Zygarde|
|poke|p2|Calyrex-Shadow|
|poke|p2|Marshadow|
|poke|p2|Ditto|
|poke|p2|Forretress, M|
|poke|p2|Ho-Oh|
|teampreview
|inactive|Battle timer is ON: inactive players will automatically lose when time's up. (requested by 97thPhantom)
|
|t:|1660847744
|start
|switch|p1a: Shuckle|Shuckle, M|100/100
|switch|p2a: Bastille|Forretress, M, shiny|100/100
|turn|1
|
|t:|1660847751
|move|p2a: Bastille|Stealth Rock|p1a: Shuckle
|-sidestart|p1: Ultima Kamari|move: Stealth Rock
|move|p1a: Shuckle|Stealth Rock|p2a: Bastille
|-sidestart|p2: 97thPhantom|move: Stealth Rock
|
|upkeep
|turn|2
|
|t:|1660847758
|switch|p1a: Calyrex|Calyrex-Shadow|100/100
|-ability|p1a: Calyrex|As One
|-ability|p1a: Calyrex|Unnerve
|-damage|p1a: Calyrex|88/100|[from] Stealth Rock
|move|p2a: Bastille|Rapid Spin|p1a: Calyrex
|-immune|p1a: Calyrex
|
|upkeep
|turn|3
|
|t:|1660847763
|move|p1a: Calyrex|Astral Barrage|p2a: Bastille
|-ability|p2a: Bastille|Sturdy
|-damage|p2a: Bastille|1/100
|move|p2a: Bastille|Toxic Spikes|p1a: Calyrex
|-sidestart|p1: Ultima Kamari|move: Toxic Spikes
|
|-heal|p2a: Bastille|7/100|[from] item: Leftovers
|upkeep
|turn|4
|
|t:|1660847770
|switch|p2a: Immortal Snake|Zygarde, shiny|100/100
|-damage|p2a: Immortal Snake|94/100|[from] Stealth Rock
|move|p1a: Calyrex|Draining Kiss|p2a: Immortal Snake
|-supereffective|p2a: Immortal Snake
|-damage|p2a: Immortal Snake|68/100
|-heal|p1a: Calyrex|100/100|[from] drain|[of] p2a: Immortal Snake
|
|-heal|p2a: Immortal Snake|74/100|[from] item: Leftovers
|upkeep
|turn|5
|
|t:|1660847775
|-start|p2a: Immortal Snake|Dynamax|
|-heal|p2a: Immortal Snake|74/100|[silent]
|move|p1a: Calyrex|Astral Barrage|p2a: Immortal Snake
|-crit|p2a: Immortal Snake
|-damage|p2a: Immortal Snake|39/100
|move|p2a: Immortal Snake|Max Quake|p1a: Calyrex
|-damage|p1a: Calyrex|45/100
|-boost|p2a: Immortal Snake|spd|1
|
|-heal|p2a: Immortal Snake|42/100|[from] item: Leftovers
|-activate|p2a: Immortal Snake|ability: Power Construct
|detailschange|p2a: Immortal Snake|Zygarde-Complete, shiny
|-heal|p2a: Immortal Snake|62/100|[silent]
|upkeep
|turn|6
|
|t:|1660847782
|move|p1a: Calyrex|Astral Barrage|p2a: Immortal Snake
|-damage|p2a: Immortal Snake|52/100
|move|p2a: Immortal Snake|Max Quake|p1a: Calyrex
|-damage|p1a: Calyrex|0 fnt
|-boost|p2a: Immortal Snake|spd|1
|faint|p1a: Calyrex
|
|-heal|p2a: Immortal Snake|55/100|[from] item: Leftovers
|upkeep
|
|t:|1660847784
|switch|p1a: Pheromosa|Pheromosa, shiny|100/100
|turn|7
|
|t:|1660847787
|move|p1a: Pheromosa|Rapid Spin|p2a: Immortal Snake
|-damage|p2a: Immortal Snake|51/100
|-boost|p1a: Pheromosa|spe|1
|-sideend|p1: Ultima Kamari|Toxic Spikes|[from] move: Rapid Spin|[of] p1a: Pheromosa
|-sideend|p1: Ultima Kamari|Stealth Rock|[from] move: Rapid Spin|[of] p1a: Pheromosa
|move|p2a: Immortal Snake|Max Quake|p1a: Pheromosa
|-resisted|p1a: Pheromosa
|-crit|p1a: Pheromosa
|-damage|p1a: Pheromosa|20/100
|-boost|p2a: Immortal Snake|spd|1
|
|-heal|p2a: Immortal Snake|54/100|[from] item: Leftovers
|upkeep
|-end|p2a: Immortal Snake|Dynamax
|-heal|p2a: Immortal Snake|54/100|[silent]
|turn|8
|
|t:|1660847792
|move|p1a: Pheromosa|Triple Axel|p2a: Immortal Snake|[miss]
|-miss|p1a: Pheromosa|p2a: Immortal Snake
|move|p2a: Immortal Snake|Coil|p2a: Immortal Snake
|-boost|p2a: Immortal Snake|atk|1
|-boost|p2a: Immortal Snake|def|1
|-boost|p2a: Immortal Snake|accuracy|1
|
|-heal|p2a: Immortal Snake|60/100|[from] item: Leftovers
|upkeep
|turn|9
|
|t:|1660847797
|move|p1a: Pheromosa|Triple Axel|p2a: Immortal Snake
|-supereffective|p2a: Immortal Snake
|-crit|p2a: Immortal Snake
|-damage|p2a: Immortal Snake|40/100
|-hitcount|p2a: Immortal Snake|1
|move|p2a: Immortal Snake|Rest|p2a: Immortal Snake
|-status|p2a: Immortal Snake|slp|[from] move: Rest
|-heal|p2a: Immortal Snake|100/100 slp|[silent]
|
|upkeep
|turn|10
|
|t:|1660847803
|switch|p1a: Zygarde|Zygarde, shiny|100/100
|cant|p2a: Immortal Snake|slp
|move|p2a: Immortal Snake|Sleep Talk|p2a: Immortal Snake
|move|p2a: Immortal Snake|Thousand Arrows|p1a: Zygarde|[from]move: Sleep Talk
|-damage|p1a: Zygarde|69/100
|
|-heal|p1a: Zygarde|76/100|[from] item: Leftovers
|upkeep
|turn|11
|
|t:|1660847808
|move|p1a: Zygarde|Dragon Dance|p1a: Zygarde
|-boost|p1a: Zygarde|atk|1
|-boost|p1a: Zygarde|spe|1
|cant|p2a: Immortal Snake|slp
|move|p2a: Immortal Snake|Sleep Talk|p2a: Immortal Snake
|move|p2a: Immortal Snake|Thousand Arrows|p1a: Zygarde|[from]move: Sleep Talk
|-damage|p1a: Zygarde|44/100
|
|-heal|p1a: Zygarde|50/100|[from] item: Leftovers
|-activate|p1a: Zygarde|ability: Power Construct
|detailschange|p1a: Zygarde|Zygarde-Complete, shiny
|-heal|p1a: Zygarde|69/100|[silent]
|upkeep
|turn|12
|
|t:|1660847820
|move|p1a: Zygarde|Dragon Dance|p1a: Zygarde
|-boost|p1a: Zygarde|atk|1
|-boost|p1a: Zygarde|spe|1
|-curestatus|p2a: Immortal Snake|slp|[msg]
|move|p2a: Immortal Snake|Coil|p2a: Immortal Snake
|-boost|p2a: Immortal Snake|atk|1
|-boost|p2a: Immortal Snake|def|1
|-boost|p2a: Immortal Snake|accuracy|1
|
|-heal|p1a: Zygarde|75/100|[from] item: Leftovers
|upkeep
|turn|13
|
|t:|1660847831
|move|p1a: Zygarde|Glare|p2a: Immortal Snake
|-status|p2a: Immortal Snake|par
|move|p2a: Immortal Snake|Coil|p2a: Immortal Snake
|-boost|p2a: Immortal Snake|atk|1
|-boost|p2a: Immortal Snake|def|1
|-boost|p2a: Immortal Snake|accuracy|1
|
|-heal|p1a: Zygarde|81/100|[from] item: Leftovers
|upkeep
|turn|14
|
|t:|1660847836
|move|p1a: Zygarde|Dragon Dance|p1a: Zygarde
|-boost|p1a: Zygarde|atk|1
|-boost|p1a: Zygarde|spe|1
|cant|p2a: Immortal Snake|par
|
|-heal|p1a: Zygarde|88/100|[from] item: Leftovers
|upkeep
|turn|15
|
|t:|1660847839
|move|p1a: Zygarde|Dragon Dance|p1a: Zygarde
|-boost|p1a: Zygarde|atk|1
|-boost|p1a: Zygarde|spe|1
|cant|p2a: Immortal Snake|par
|
|-heal|p1a: Zygarde|94/100|[from] item: Leftovers
|upkeep
|turn|16
|
|t:|1660847843
|move|p1a: Zygarde|Substitute|p1a: Zygarde
|-start|p1a: Zygarde|Substitute
|-damage|p1a: Zygarde|69/100
|move|p2a: Immortal Snake|Coil|p2a: Immortal Snake
|-boost|p2a: Immortal Snake|atk|1
|-boost|p2a: Immortal Snake|def|1
|-boost|p2a: Immortal Snake|accuracy|1
|
|-heal|p1a: Zygarde|75/100|[from] item: Leftovers
|upkeep
|turn|17
|
|t:|1660847846
|move|p1a: Zygarde|Dragon Dance|p1a: Zygarde
|-boost|p1a: Zygarde|atk|1
|-boost|p1a: Zygarde|spe|1
|cant|p2a: Immortal Snake|par
|
|-heal|p1a: Zygarde|81/100|[from] item: Leftovers
|upkeep
|turn|18
|
|t:|1660847849
|move|p1a: Zygarde|Dragon Dance|p1a: Zygarde
|-boost|p1a: Zygarde|atk|1
|-boost|p1a: Zygarde|spe|1
|move|p2a: Immortal Snake|Coil|p2a: Immortal Snake
|-boost|p2a: Immortal Snake|atk|1
|-boost|p2a: Immortal Snake|def|1
|-boost|p2a: Immortal Snake|accuracy|1
|
|-heal|p1a: Zygarde|88/100|[from] item: Leftovers
|upkeep
|turn|19
|
|t:|1660847853
|move|p1a: Zygarde|Thousand Arrows|p2a: Immortal Snake
|-damage|p2a: Immortal Snake|79/100 par
|move|p2a: Immortal Snake|Coil|p2a: Immortal Snake
|-boost|p2a: Immortal Snake|atk|1
|-boost|p2a: Immortal Snake|def|1
|-boost|p2a: Immortal Snake|accuracy|1
|
|-heal|p1a: Zygarde|94/100|[from] item: Leftovers
|-heal|p2a: Immortal Snake|85/100 par|[from] item: Leftovers
|upkeep
|turn|20
|
|t:|1660847857
|move|p1a: Zygarde|Thousand Arrows|p2a: Immortal Snake
|-damage|p2a: Immortal Snake|67/100 par
|move|p2a: Immortal Snake|Rest|p2a: Immortal Snake
|-status|p2a: Immortal Snake|slp|[from] move: Rest
|-heal|p2a: Immortal Snake|100/100 slp|[silent]
|
|-heal|p1a: Zygarde|99/100|[from] item: Leftovers
|upkeep
|turn|21
|
|t:|1660847874
|-end|p1a: Zygarde|Substitute
|-start|p1a: Zygarde|Dynamax|
|-heal|p1a: Zygarde|99/100|[silent]
|move|p1a: Zygarde|Max Quake|p2a: Immortal Snake
|-damage|p2a: Immortal Snake|77/100 slp
|-boost|p1a: Zygarde|spd|1
|cant|p2a: Immortal Snake|slp
|move|p2a: Immortal Snake|Sleep Talk|p2a: Immortal Snake
|move|p2a: Immortal Snake|Rest||[from]move: Sleep Talk|[still]
|-fail|p2a: Immortal Snake
|
|-heal|p1a: Zygarde|100/100|[from] item: Leftovers
|-heal|p2a: Immortal Snake|83/100 slp|[from] item: Leftovers
|upkeep
|turn|22
|
|t:|1660847885
|move|p1a: Zygarde|Max Quake|p2a: Immortal Snake
|-damage|p2a: Immortal Snake|56/100 slp
|-boost|p1a: Zygarde|spd|1
|cant|p2a: Immortal Snake|slp
|move|p2a: Immortal Snake|Sleep Talk|p2a: Immortal Snake
|move|p2a: Immortal Snake|Thousand Arrows|p1a: Zygarde|[from]move: Sleep Talk
|-damage|p1a: Zygarde|74/100
|
|-heal|p1a: Zygarde|77/100|[from] item: Leftovers
|-heal|p2a: Immortal Snake|62/100 slp|[from] item: Leftovers
|upkeep
|turn|23
|
|t:|1660847889
|move|p1a: Zygarde|Max Quake|p2a: Immortal Snake
|-damage|p2a: Immortal Snake|38/100 slp
|-boost|p1a: Zygarde|spd|1
|-curestatus|p2a: Immortal Snake|slp|[msg]
|move|p2a: Immortal Snake|Rest|p2a: Immortal Snake
|-status|p2a: Immortal Snake|slp|[from] move: Rest
|-heal|p2a: Immortal Snake|100/100 slp|[silent]
|
|-heal|p1a: Zygarde|80/100|[from] item: Leftovers
|upkeep
|-end|p1a: Zygarde|Dynamax
|-heal|p1a: Zygarde|80/100|[silent]
|turn|24
|
|t:|1660847900
|move|p1a: Zygarde|Substitute|p1a: Zygarde
|-start|p1a: Zygarde|Substitute
|-damage|p1a: Zygarde|55/100
|cant|p2a: Immortal Snake|slp
|move|p2a: Immortal Snake|Sleep Talk|p2a: Immortal Snake
|move|p2a: Immortal Snake|Coil|p2a: Immortal Snake|[from]move: Sleep Talk
|-boost|p2a: Immortal Snake|atk|0
|-boost|p2a: Immortal Snake|def|0
|-boost|p2a: Immortal Snake|accuracy|0
|
|-heal|p1a: Zygarde|62/100|[from] item: Leftovers
|upkeep
|turn|25
|
|t:|1660847907
|move|p1a: Zygarde|Dragon Dance|p1a: Zygarde
|-boost|p1a: Zygarde|atk|0
|-boost|p1a: Zygarde|spe|0
|cant|p2a: Immortal Snake|slp
|move|p2a: Immortal Snake|Sleep Talk|p2a: Immortal Snake
|move|p2a: Immortal Snake|Coil|p2a: Immortal Snake|[from]move: Sleep Talk
|-boost|p2a: Immortal Snake|atk|0
|-boost|p2a: Immortal Snake|def|0
|-boost|p2a: Immortal Snake|accuracy|0
|
|-heal|p1a: Zygarde|68/100|[from] item: Leftovers
|upkeep
|turn|26
|
|t:|1660847910
|move|p1a: Zygarde|Dragon Dance|p1a: Zygarde
|-boost|p1a: Zygarde|atk|0
|-boost|p1a: Zygarde|spe|0
|-curestatus|p2a: Immortal Snake|slp|[msg]
|move|p2a: Immortal Snake|Sleep Talk||[still]
|-fail|p2a: Immortal Snake
|
|-heal|p1a: Zygarde|74/100|[from] item: Leftovers
|upkeep
|turn|27
|
|t:|1660847918
|move|p1a: Zygarde|Dragon Dance|p1a: Zygarde
|-boost|p1a: Zygarde|atk|0
|-boost|p1a: Zygarde|spe|0
|move|p2a: Immortal Snake|Coil|p2a: Immortal Snake
|-boost|p2a: Immortal Snake|atk|0
|-boost|p2a: Immortal Snake|def|0
|-boost|p2a: Immortal Snake|accuracy|0
|
|-heal|p1a: Zygarde|80/100|[from] item: Leftovers
|upkeep
|turn|28
|
|t:|1660847922
|move|p1a: Zygarde|Dragon Dance|p1a: Zygarde
|-boost|p1a: Zygarde|atk|0
|-boost|p1a: Zygarde|spe|0
|move|p2a: Immortal Snake|Coil|p2a: Immortal Snake
|-boost|p2a: Immortal Snake|atk|0
|-boost|p2a: Immortal Snake|def|0
|-boost|p2a: Immortal Snake|accuracy|0
|
|-heal|p1a: Zygarde|86/100|[from] item: Leftovers
|upkeep
|turn|29
|
|t:|1660847926
|move|p1a: Zygarde|Dragon Dance|p1a: Zygarde
|-boost|p1a: Zygarde|atk|0
|-boost|p1a: Zygarde|spe|0
|move|p2a: Immortal Snake|Coil|p2a: Immortal Snake
|-boost|p2a: Immortal Snake|atk|0
|-boost|p2a: Immortal Snake|def|0
|-boost|p2a: Immortal Snake|accuracy|0
|
|-heal|p1a: Zygarde|93/100|[from] item: Leftovers
|upkeep
|turn|30
|
|t:|1660847929
|move|p1a: Zygarde|Dragon Dance|p1a: Zygarde
|-boost|p1a: Zygarde|atk|0
|-boost|p1a: Zygarde|spe|0
|move|p2a: Immortal Snake|Coil|p2a: Immortal Snake
|-boost|p2a: Immortal Snake|atk|0
|-boost|p2a: Immortal Snake|def|0
|-boost|p2a: Immortal Snake|accuracy|0
|
|-heal|p1a: Zygarde|99/100|[from] item: Leftovers
|upkeep
|turn|31
|c|☆Ultima Kamari|Two titans reinforced for eternity
|
|t:|1660847953
|move|p1a: Zygarde|Glare|p2a: Immortal Snake
|-status|p2a: Immortal Snake|par
|move|p2a: Immortal Snake|Coil|p2a: Immortal Snake
|-boost|p2a: Immortal Snake|atk|0
|-boost|p2a: Immortal Snake|def|0
|-boost|p2a: Immortal Snake|accuracy|0
|
|-heal|p1a: Zygarde|100/100|[from] item: Leftovers
|upkeep
|turn|32
|
|t:|1660847960
|move|p1a: Zygarde|Glare|p2a: Immortal Snake
|-fail|p2a: Immortal Snake|par
|move|p2a: Immortal Snake|Thousand Arrows|p1a: Zygarde
|-end|p1a: Zygarde|Substitute
|
|upkeep
|turn|33
|
|t:|1660847964
|move|p1a: Zygarde|Glare|p2a: Immortal Snake
|-fail|p2a: Immortal Snake|par
|move|p2a: Immortal Snake|Thousand Arrows|p1a: Zygarde
|-damage|p1a: Zygarde|47/100
|
|-heal|p1a: Zygarde|54/100|[from] item: Leftovers
|upkeep
|turn|34
|
|t:|1660847971
|move|p1a: Zygarde|Substitute|p1a: Zygarde
|-start|p1a: Zygarde|Substitute
|-damage|p1a: Zygarde|29/100
|move|p2a: Immortal Snake|Coil|p2a: Immortal Snake
|-boost|p2a: Immortal Snake|atk|0
|-boost|p2a: Immortal Snake|def|0
|-boost|p2a: Immortal Snake|accuracy|0
|
|-heal|p1a: Zygarde|35/100|[from] item: Leftovers
|upkeep
|turn|35
|
|t:|1660847983
|move|p1a: Zygarde|Thousand Arrows|p2a: Immortal Snake
|-damage|p2a: Immortal Snake|82/100 par
|move|p2a: Immortal Snake|Coil|p2a: Immortal Snake
|-boost|p2a: Immortal Snake|atk|0
|-boost|p2a: Immortal Snake|def|0
|-boost|p2a: Immortal Snake|accuracy|0
|
|-heal|p1a: Zygarde|41/100|[from] item: Leftovers
|-heal|p2a: Immortal Snake|88/100 par|[from] item: Leftovers
|upkeep
|turn|36
|
|t:|1660847986
|move|p1a: Zygarde|Thousand Arrows|p2a: Immortal Snake
|-damage|p2a: Immortal Snake|70/100 par
|move|p2a: Immortal Snake|Rest|p2a: Immortal Snake
|-status|p2a: Immortal Snake|slp|[from] move: Rest
|-heal|p2a: Immortal Snake|100/100 slp|[silent]
|
|-heal|p1a: Zygarde|47/100|[from] item: Leftovers
|upkeep
|turn|37
|
|t:|1660847990
|move|p1a: Zygarde|Glare||[still]
|-fail|p1a: Zygarde
|cant|p2a: Immortal Snake|slp
|move|p2a: Immortal Snake|Sleep Talk|p2a: Immortal Snake
|move|p2a: Immortal Snake|Coil|p2a: Immortal Snake|[from]move: Sleep Talk
|-boost|p2a: Immortal Snake|atk|0
|-boost|p2a: Immortal Snake|def|0
|-boost|p2a: Immortal Snake|accuracy|0
|
|-heal|p1a: Zygarde|54/100|[from] item: Leftovers
|upkeep
|turn|38
|
|t:|1660847993
|move|p1a: Zygarde|Glare||[still]
|-fail|p1a: Zygarde
|cant|p2a: Immortal Snake|slp
|move|p2a: Immortal Snake|Sleep Talk|p2a: Immortal Snake
|move|p2a: Immortal Snake|Thousand Arrows|p1a: Zygarde|[from]move: Sleep Talk
|-end|p1a: Zygarde|Substitute
|
|-heal|p1a: Zygarde|60/100|[from] item: Leftovers
|upkeep
|turn|39
|
|t:|1660847997
|move|p1a: Zygarde|Thousand Arrows|p2a: Immortal Snake
|-damage|p2a: Immortal Snake|83/100 slp
|-curestatus|p2a: Immortal Snake|slp|[msg]
|move|p2a: Immortal Snake|Thousand Arrows|p1a: Zygarde
|-damage|p1a: Zygarde|7/100
|
|-heal|p1a: Zygarde|13/100|[from] item: Leftovers
|-heal|p2a: Immortal Snake|89/100|[from] item: Leftovers
|upkeep
|turn|40
|
|t:|1660848004
|move|p1a: Zygarde|Thousand Arrows|p2a: Immortal Snake
|-damage|p2a: Immortal Snake|73/100
|move|p2a: Immortal Snake|Thousand Arrows|p1a: Zygarde
|-damage|p1a: Zygarde|0 fnt
|faint|p1a: Zygarde
|
|-heal|p2a: Immortal Snake|79/100|[from] item: Leftovers
|upkeep
|c|☆97thPhantom|finally lol
|
|t:|1660848014
|switch|p1a: Pheromosa|Pheromosa, shiny|20/100
|turn|41
|
|t:|1660848017
|move|p1a: Pheromosa|Triple Axel|p2a: Immortal Snake
|-supereffective|p2a: Immortal Snake
|-damage|p2a: Immortal Snake|75/100
|-supereffective|p2a: Immortal Snake
|-damage|p2a: Immortal Snake|67/100
|-supereffective|p2a: Immortal Snake
|-damage|p2a: Immortal Snake|56/100
|-hitcount|p2a: Immortal Snake|3
|move|p2a: Immortal Snake|Thousand Arrows|p1a: Pheromosa
|-resisted|p1a: Pheromosa
|-damage|p1a: Pheromosa|0 fnt
|faint|p1a: Pheromosa
|
|-heal|p2a: Immortal Snake|62/100|[from] item: Leftovers
|upkeep
|
|t:|1660848023
|switch|p1a: Zacian|Zacian-Crowned|100/100
|-ability|p1a: Zacian|Intrepid Sword|boost
|-boost|p1a: Zacian|atk|1
|turn|42
|
|t:|1660848026
|move|p1a: Zacian|Play Rough|p2a: Immortal Snake
|-supereffective|p2a: Immortal Snake
|-damage|p2a: Immortal Snake|43/100
|move|p2a: Immortal Snake|Thousand Arrows|p1a: Zacian
|-supereffective|p1a: Zacian
|-damage|p1a: Zacian|0 fnt
|faint|p1a: Zacian
|
|-heal|p2a: Immortal Snake|49/100|[from] item: Leftovers
|upkeep
|
|t:|1660848032
|switch|p1a: Solgaleo|Solgaleo, shiny|100/100
|turn|43
|
|t:|1660848036
|move|p1a: Solgaleo|Earthquake|p2a: Immortal Snake
|-damage|p2a: Immortal Snake|45/100
|move|p2a: Immortal Snake|Thousand Arrows|p1a: Solgaleo
|-supereffective|p1a: Solgaleo
|-damage|p1a: Solgaleo|0 fnt
|faint|p1a: Solgaleo
|
|-heal|p2a: Immortal Snake|51/100|[from] item: Leftovers
|upkeep
|c|☆Ultima Kamari|I was hoping that would last longer lmao
|inactive|Ultima Kamari has 120 seconds left.
|c|☆Ultima Kamari|Zygarde is kinda a god once it gets going
|c|☆97thPhantom|the immortal snake does not fall, even to its kin
|
|t:|1660848075
|switch|p1a: Shuckle|Shuckle, M|100/100
|turn|44
|inactive|Ultima Kamari has 120 seconds left.
|
|t:|1660848083
|move|p2a: Immortal Snake|Thousand Arrows|p1a: Shuckle
|-damage|p1a: Shuckle|13/100
|move|p1a: Shuckle|Power Trick|p1a: Shuckle
|-start|p1a: Shuckle|Power Trick
|
|-heal|p2a: Immortal Snake|57/100|[from] item: Leftovers
|upkeep
|turn|45
|c|☆97thPhantom|Alright
|c|☆Ultima Kamari|That just gave me a nickname idea
|c|☆Ultima Kamari|Thanks
|c|☆97thPhantom|I made a vow to myself that i would forfeit if I ever saw a power trick shuckle
|inactive|97thPhantom has 120 seconds left.
|c|☆97thPhantom|gg
|c|☆Ultima Kamari|Wh-
|-message|97thPhantom forfeited.
|
|win|Ultima Kamari
|raw|Ultima Kamari's rating: 1519 &rarr; <strong>1544</strong><br />(+25 for winning)
|raw|97thPhantom's rating: 1607 &rarr; <strong>1582</strong><br />(-25 for losing)
|c|☆Ultima Kamari|Okay????
|c|☆Ultima Kamari|Gg
||Ladder isn't responding, score probably updated but might not have (Request timeout).
