|j|☆Treeckoguy1
|j|‽NykterStein
|t:|1664169548
|gametype|singles
|player|p1|Treeckoguy1|unknown|1239
|player|p2|NykterStein|lady|1348
|teamsize|p1|6
|teamsize|p2|6
|gen|8
|tier|[Gen 8] National Dex AG
|rated|
|rule|HP Percentage Mod: HP is shown in percentages
|rule|Endless Battle Clause: Forcing endless battles is banned
|clearpoke
|poke|p1|Meganium, F|
|poke|p1|Piloswine, M|
|poke|p1|Scizor, M|
|poke|p1|Smeargle, M|
|poke|p1|Tyranitar, F|
|poke|p1|Ledian, F|
|poke|p2|Darkrai|
|poke|p2|Darmanitan-Galar, M|
|poke|p2|Dialga|
|poke|p2|Dracovish|
|poke|p2|Giratina-Origin|
|poke|p2|Blastoise, M|
|teampreview
|inactive|Battle timer is ON: inactive players will automatically lose when time's up. (requested by NykterStein)
|
|t:|1664169557
|start
|switch|p1a: Smeargle|Smeargle, M|100/100
|switch|p2a: Dialga|Dialga|100/100
|-ability|p2a: Dialga|Pressure
|turn|1
|
|t:|1664169564
|move|p1a: Smeargle|Spore|p2a: Dialga
|-status|p2a: Dialga|slp|[from] move: Spore
|cant|p2a: Dialga|slp
|
|-ability|p1a: Smeargle|Moody|boost
|-boost|p1a: Smeargle|spe|2
|-unboost|p1a: Smeargle|def|1
|upkeep
|turn|2
|
|t:|1664169571
|move|p1a: Smeargle|Quiver Dance|p1a: Smeargle
|-boost|p1a: Smeargle|spa|1
|-boost|p1a: Smeargle|spd|1
|-boost|p1a: Smeargle|spe|1
|cant|p2a: Dialga|slp
|
|-ability|p1a: Smeargle|Moody|boost
|-boost|p1a: Smeargle|spa|2
|-unboost|p1a: Smeargle|atk|1
|upkeep
|turn|3
|
|t:|1664169580
|move|p1a: Smeargle|Quiver Dance|p1a: Smeargle
|-boost|p1a: Smeargle|spa|1
|-boost|p1a: Smeargle|spd|1
|-boost|p1a: Smeargle|spe|1
|-curestatus|p2a: Dialga|slp|[msg]
|move|p2a: Dialga|Trick Room|p2a: Dialga
|-fieldstart|move: Trick Room|[of] p2a: Dialga
|
|-ability|p1a: Smeargle|Moody|boost
|-boost|p1a: Smeargle|spd|2
|-unboost|p1a: Smeargle|atk|1
|upkeep
|turn|4
|
|t:|1664169589
|move|p2a: Dialga|Flash Cannon|p1a: Smeargle
|-damage|p1a: Smeargle|44/100
|move|p1a: Smeargle|Spore|p2a: Dialga
|-status|p2a: Dialga|slp|[from] move: Spore
|
|-ability|p1a: Smeargle|Moody|boost
|-boost|p1a: Smeargle|spe|2
|-unboost|p1a: Smeargle|atk|1
|upkeep
|turn|5
|
|t:|1664169602
|cant|p2a: Dialga|slp
|move|p1a: Smeargle|Oblivion Wing|p2a: Dialga
|-resisted|p2a: Dialga
|-damage|p2a: Dialga|87/100 slp
|-heal|p1a: Smeargle|61/100|[from] drain|[of] p2a: Dialga
|
|-ability|p1a: Smeargle|Moody|boost
|-boost|p1a: Smeargle|spd|2
|-unboost|p1a: Smeargle|spe|1
|upkeep
|turn|6
|
|t:|1664169611
|cant|p2a: Dialga|slp
|move|p1a: Smeargle|Oblivion Wing|p2a: Dialga
|-resisted|p2a: Dialga
|-damage|p2a: Dialga|73/100 slp
|-heal|p1a: Smeargle|77/100|[from] drain|[of] p2a: Dialga
|
|-ability|p1a: Smeargle|Moody|boost
|-boost|p1a: Smeargle|atk|2
|-unboost|p1a: Smeargle|spa|1
|upkeep
|turn|7
|
|t:|1664169621
|-curestatus|p2a: Dialga|slp|[msg]
|move|p2a: Dialga|Earthquake|p1a: Smeargle
|-damage|p1a: Smeargle|0 fnt
|faint|p1a: Smeargle
|
|-fieldend|move: Trick Room
|upkeep
|
|t:|1664169637
|switch|p1a: Meganium|Meganium, F|100/100
|turn|8
|
|t:|1664169641
|move|p1a: Meganium|Swords Dance|p1a: Meganium
|-boost|p1a: Meganium|atk|2
|move|p2a: Dialga|Trick Room|p2a: Dialga
|-fieldstart|move: Trick Room|[of] p2a: Dialga
|
|upkeep
|turn|9
|
|t:|1664169647
|-start|p1a: Meganium|Dynamax|
|-heal|p1a: Meganium|100/100|[silent]
|move|p2a: Dialga|Dragon Pulse|p1a: Meganium
|-damage|p1a: Meganium|68/100
|move|p1a: Meganium|Max Quake|p2a: Dialga
|-supereffective|p2a: Dialga
|-damage|p2a: Dialga|0 fnt
|-boost|p1a: Meganium|spd|1
|faint|p2a: Dialga
|
|-heal|p1a: Meganium|71/100|[from] item: Leftovers
|upkeep
|
|t:|1664169659
|switch|p2a: Darmanitan|Darmanitan-Galar, M|100/100
|turn|10
|
|t:|1664169667
|-start|p2a: Darmanitan|Dynamax|
|-heal|p2a: Darmanitan|100/100|[silent]
|move|p1a: Meganium|Max Wyrmwind|p2a: Darmanitan
|-damage|p2a: Darmanitan|43/100
|-unboost|p2a: Darmanitan|atk|1
|move|p2a: Darmanitan|Max Flare|p1a: Meganium
|-supereffective|p1a: Meganium
|-damage|p1a: Meganium|38/100
|-weather|SunnyDay
|
|-weather|SunnyDay|[upkeep]
|-heal|p1a: Meganium|41/100|[from] item: Leftovers
|upkeep
|turn|11
|
|t:|1664169682
|move|p1a: Meganium|Max Overgrowth|p2a: Darmanitan
|-damage|p2a: Darmanitan|0 fnt
|-fieldstart|move: Grassy Terrain
|faint|p2a: Darmanitan
|
|-weather|SunnyDay|[upkeep]
|-heal|p1a: Meganium|44/100|[from] Grassy Terrain
|-heal|p1a: Meganium|47/100|[from] item: Leftovers
|upkeep
|
|t:|1664169690
|switch|p2a: Darkrai|Darkrai|100/100
|-end|p1a: Meganium|Dynamax
|-heal|p1a: Meganium|47/100|[silent]
|turn|12
|
|t:|1664169696
|move|p1a: Meganium|Petal Blizzard|p2a: Darkrai
|-crit|p2a: Darkrai
|-damage|p2a: Darkrai|0 fnt
|faint|p2a: Darkrai
|
|-weather|SunnyDay|[upkeep]
|-heal|p1a: Meganium|54/100|[from] Grassy Terrain
|-heal|p1a: Meganium|60/100|[from] item: Leftovers
|-fieldend|move: Trick Room
|upkeep
|
|t:|1664169704
|switch|p2a: Giratina|Giratina-Origin|100/100
|turn|13
|
|t:|1664169711
|move|p1a: Meganium|Outrage|p2a: Giratina
|-supereffective|p2a: Giratina
|-damage|p2a: Giratina|17/100
|move|p2a: Giratina|Will-O-Wisp|p1a: Meganium|[miss]
|-miss|p2a: Giratina|p1a: Meganium
|
|-weather|SunnyDay|[upkeep]
|-heal|p1a: Meganium|66/100|[from] Grassy Terrain
|-heal|p1a: Meganium|72/100|[from] item: Leftovers
|upkeep
|turn|14
|
|t:|1664169721
|move|p2a: Giratina|Shadow Sneak|p1a: Meganium
|-damage|p1a: Meganium|55/100
|move|p1a: Meganium|Outrage|p2a: Giratina|[from]lockedmove
|-supereffective|p2a: Giratina
|-damage|p2a: Giratina|0 fnt
|faint|p2a: Giratina
|
|-weather|none
|-heal|p1a: Meganium|61/100|[from] Grassy Terrain
|-heal|p1a: Meganium|67/100|[from] item: Leftovers
|upkeep
|
|t:|1664169730
|switch|p2a: Dracovish|Dracovish|100/100
|turn|15
|
|t:|1664169738
|move|p2a: Dracovish|Fishious Rend|p1a: Meganium
|-resisted|p1a: Meganium
|-damage|p1a: Meganium|19/100
|move|p1a: Meganium|Outrage|p2a: Dracovish|[from]lockedmove
|-supereffective|p2a: Dracovish
|-damage|p2a: Dracovish|0 fnt
|faint|p2a: Dracovish
|-start|p1a: Meganium|confusion|[fatigue]
|
|-heal|p1a: Meganium|25/100|[from] Grassy Terrain
|-heal|p1a: Meganium|31/100|[from] item: Leftovers
|-fieldend|move: Grassy Terrain
|upkeep
|
|t:|1664169749
|switch|p2a: Blastoise|Blastoise, M|100/100
|turn|16
|
|t:|1664169755
|detailschange|p2a: Blastoise|Blastoise-Mega, M
|-mega|p2a: Blastoise|Blastoise|Blastoisinite
|move|p2a: Blastoise|Shell Smash|p2a: Blastoise
|-unboost|p2a: Blastoise|def|1
|-unboost|p2a: Blastoise|spd|1
|-boost|p2a: Blastoise|atk|2
|-boost|p2a: Blastoise|spa|2
|-boost|p2a: Blastoise|spe|2
|-activate|p1a: Meganium|confusion
|move|p1a: Meganium|Petal Blizzard|p2a: Blastoise
|-supereffective|p2a: Blastoise
|-damage|p2a: Blastoise|0 fnt
|faint|p2a: Blastoise
|
|win|Treeckoguy1
|raw|Treeckoguy1's rating: 1239 &rarr; <strong>1272</strong><br />(+33 for winning)
|raw|NykterStein's rating: 1348 &rarr; <strong>1322</strong><br />(-26 for losing)
|l|‽NykterStein
