|j|☆N3rfN1nja
|j|☆MVP2536
|t:|1664303234
|gametype|singles
|player|p1|N3rfN1nja|102|1657
|player|p2|MVP2536|giovanni|1755
|teamsize|p1|6
|teamsize|p2|6
|gen|8
|tier|[Gen 8] National Dex AG
|rated|
|rule|HP Percentage Mod: HP is shown in percentages
|rule|Endless Battle Clause: Forcing endless battles is banned
|clearpoke
|poke|p1|Eternatus|
|poke|p1|Lunala|
|poke|p1|Zygarde|
|poke|p1|Ho-Oh|
|poke|p1|Arceus-*|
|poke|p1|Zacian-*|
|poke|p2|Groudon|
|poke|p2|Aegislash, M|
|poke|p2|Rotom-Wash|
|poke|p2|Scrafty, M|
|poke|p2|Whimsicott, F|
|poke|p2|Ditto|
|teampreview
|
|t:|1664303253
|start
|switch|p1a: Eternatus|Eternatus|100/100
|switch|p2a: Ditto|Ditto|100/100
|-transform|p2a: Ditto|p1a: Eternatus|[from] ability: Imposter
|-ability|p2a: Ditto|Pressure
|-ability|p1a: Eternatus|Pressure
|turn|1
|inactive|Battle timer is ON: inactive players will automatically lose when time's up. (requested by MVP2536)
|
|t:|1664303267
|move|p2a: Ditto|Toxic Spikes|p1a: Eternatus
|-sidestart|p1: N3rfN1nja|move: Toxic Spikes
|move|p1a: Eternatus|Toxic Spikes|p2a: Ditto
|-sidestart|p2: MVP2536|move: Toxic Spikes
|
|upkeep
|turn|2
|
|t:|1664303274
|switch|p2a: garbage|Groudon|100/100
|-status|p2a: garbage|psn
|detailschange|p2a: garbage|Groudon-Primal
|-primal|p2a: garbage
|-weather|DesolateLand|[from] ability: Desolate Land|[of] p2a: garbage
|move|p1a: Eternatus|Sludge Bomb|p2a: garbage
|-resisted|p2a: garbage
|-damage|p2a: garbage|85/100 psn
|
|-weather|DesolateLand|[upkeep]
|-damage|p2a: garbage|73/100 psn|[from] psn
|upkeep
|turn|3
|
|t:|1664303281
|switch|p1a: Lunala|Lunala|100/100
|move|p2a: garbage|Heat Crash|p1a: Lunala
|-damage|p1a: Lunala|69/100
|
|-weather|DesolateLand|[upkeep]
|-damage|p2a: garbage|60/100 psn|[from] psn
|upkeep
|turn|4
|
|t:|1664303290
|move|p1a: Lunala|Roost|p1a: Lunala
|-heal|p1a: Lunala|100/100
|-singleturn|p1a: Lunala|move: Roost
|move|p2a: garbage|Rest|p2a: garbage
|-status|p2a: garbage|slp|[from] move: Rest
|-heal|p2a: garbage|100/100 slp|[silent]
|
|-weather|DesolateLand|[upkeep]
|upkeep
|turn|5
|
|t:|1664303295
|move|p1a: Lunala|Hex|p2a: garbage
|-damage|p2a: garbage|59/100 slp
|cant|p2a: garbage|slp
|move|p2a: garbage|Sleep Talk|p2a: garbage
|move|p2a: garbage|Precipice Blades|p1a: Lunala|[from]move: Sleep Talk|[miss]
|-miss|p2a: garbage|p1a: Lunala
|
|-weather|DesolateLand|[upkeep]
|upkeep
|turn|6
|
|t:|1664303301
|-weather|none
|switch|p2a: Scrafty|Scrafty, M|100/100
|-status|p2a: Scrafty|psn
|move|p1a: Lunala|Hex|p2a: Scrafty
|-resisted|p2a: Scrafty
|-damage|p2a: Scrafty|85/100 psn
|
|-damage|p2a: Scrafty|73/100 psn|[from] psn
|upkeep
|turn|7
|
|t:|1664303306
|switch|p1a: Ho-Oh|Ho-Oh|100/100
|move|p2a: Scrafty|Knock Off|p1a: Ho-Oh
|-damage|p1a: Ho-Oh|77/100
|-enditem|p1a: Ho-Oh|Heavy-Duty Boots|[from] move: Knock Off|[of] p2a: Scrafty
|
|-activate|p2a: Scrafty|ability: Shed Skin
|-curestatus|p2a: Scrafty|psn|[msg]
|upkeep
|turn|8
|
|t:|1664303318
|switch|p2a: garbage|Groudon-Primal|59/100 slp
|-weather|DesolateLand|[from] ability: Desolate Land|[of] p2a: garbage
|move|p1a: Ho-Oh|Defog|p2a: garbage
|-unboost|p2a: garbage|evasion|1
|-sideend|p2: MVP2536|Toxic Spikes|[from] move: Defog|[of] p1a: Ho-Oh
|-sideend|p1: N3rfN1nja|Toxic Spikes|[from] move: Defog|[of] p1a: Ho-Oh
|
|-weather|DesolateLand|[upkeep]
|upkeep
|turn|9
|
|t:|1664303323
|switch|p1a: Zygarde|Zygarde|100/100
|cant|p2a: garbage|slp
|move|p2a: garbage|Sleep Talk|p2a: garbage
|move|p2a: garbage|Rest||[from]move: Sleep Talk|[still]
|-fail|p2a: garbage
|
|-weather|DesolateLand|[upkeep]
|upkeep
|turn|10
|
|t:|1664303327
|-weather|none
|switch|p2a: Whimsicott|Whimsicott, F|100/100
|move|p1a: Zygarde|Thousand Arrows|p2a: Whimsicott
|-resisted|p2a: Whimsicott
|-damage|p2a: Whimsicott|79/100
|
|upkeep
|turn|11
|
|t:|1664303333
|switch|p1a: Eternatus|Eternatus|100/100
|-ability|p1a: Eternatus|Pressure
|move|p2a: Whimsicott|Taunt|p1a: Eternatus
|-start|p1a: Eternatus|move: Taunt
|
|upkeep
|turn|12
|
|t:|1664303341
|switch|p2a: Ditto|Ditto|100/100
|-transform|p2a: Ditto|p1a: Eternatus|[from] ability: Imposter
|-ability|p2a: Ditto|Pressure
|move|p1a: Eternatus|Flamethrower|p2a: Ditto
|-resisted|p2a: Ditto
|-damage|p2a: Ditto|89/100
|
|upkeep
|turn|13
|inactive|N3rfN1nja has 120 seconds left.
|l|☆N3rfN1nja
|inactive|N3rfN1nja disconnected and has a minute to reconnect!
|player|p1|
|j|☆N3rfN1nja
|inactive|N3rfN1nja reconnected and has 100 seconds left.
|player|p1|N3rfN1nja|102
|inactive|N3rfN1nja also wants the timer to be on.
|
|t:|1664303400
|switch|p2a: garbage|Groudon-Primal|59/100 slp
|-weather|DesolateLand|[from] ability: Desolate Land|[of] p2a: garbage
|switch|p1a: Zacian|Zacian-Crowned|100/100
|-ability|p1a: Zacian|Intrepid Sword|boost
|-boost|p1a: Zacian|atk|1
|
|-weather|DesolateLand|[upkeep]
|upkeep
|turn|14
|
|t:|1664303410
|switch|p1a: Lunala|Lunala|100/100
|-curestatus|p2a: garbage|slp|[msg]
|move|p2a: garbage|Heat Crash|p1a: Lunala
|-damage|p1a: Lunala|70/100
|
|-weather|DesolateLand|[upkeep]
|upkeep
|turn|15
|
|t:|1664303417
|move|p1a: Lunala|Toxic|p2a: garbage
|-status|p2a: garbage|tox
|move|p2a: garbage|Heat Crash|p1a: Lunala
|-crit|p1a: Lunala
|-damage|p1a: Lunala|0 fnt
|faint|p1a: Lunala
|
|-weather|DesolateLand|[upkeep]
|-damage|p2a: garbage|53/100 tox|[from] psn
|upkeep
|
|t:|1664303429
|switch|p1a: Arceus|Arceus-Dark|100/100
|turn|16
|
|t:|1664303432
|move|p1a: Arceus|Calm Mind|p1a: Arceus
|-boost|p1a: Arceus|spa|1
|-boost|p1a: Arceus|spd|1
|move|p2a: garbage|Rest|p2a: garbage
|-status|p2a: garbage|slp|[from] move: Rest
|-heal|p2a: garbage|100/100 slp|[silent]
|
|-weather|DesolateLand|[upkeep]
|upkeep
|turn|17
|
|t:|1664303435
|-weather|none
|switch|p2a: Scrafty|Scrafty, M|73/100
|move|p1a: Arceus|Calm Mind|p1a: Arceus
|-boost|p1a: Arceus|spa|1
|-boost|p1a: Arceus|spd|1
|
|upkeep
|turn|18
|
|t:|1664303438
|move|p1a: Arceus|Judgment|p2a: Scrafty
|-resisted|p2a: Scrafty
|-damage|p2a: Scrafty|60/100
|move|p2a: Scrafty|Drain Punch|p1a: Arceus
|-supereffective|p1a: Arceus
|-damage|p1a: Arceus|69/100
|-heal|p2a: Scrafty|81/100|[from] drain|[of] p1a: Arceus
|
|upkeep
|turn|19
|
|t:|1664303445
|switch|p1a: Ho-Oh|Ho-Oh|100/100
|move|p2a: Scrafty|Drain Punch|p1a: Ho-Oh
|-resisted|p1a: Ho-Oh
|-damage|p1a: Ho-Oh|91/100
|-heal|p2a: Scrafty|87/100|[from] drain|[of] p1a: Ho-Oh
|
|upkeep
|turn|20
|
|t:|1664303449
|switch|p2a: garbage|Groudon-Primal|100/100 slp
|-weather|DesolateLand|[from] ability: Desolate Land|[of] p2a: garbage
|move|p1a: Ho-Oh|Sacred Fire|p2a: garbage|[miss]
|-miss|p1a: Ho-Oh|p2a: garbage
|
|-weather|DesolateLand|[upkeep]
|upkeep
|turn|21
|
|t:|1664303452
|switch|p1a: Zygarde|Zygarde|100/100
|cant|p2a: garbage|slp
|move|p2a: garbage|Sleep Talk|p2a: garbage
|move|p2a: garbage|Precipice Blades|p1a: Zygarde|[from]move: Sleep Talk
|-damage|p1a: Zygarde|66/100
|
|-weather|DesolateLand|[upkeep]
|-heal|p1a: Zygarde|72/100|[from] item: Leftovers
|upkeep
|turn|22
|
|t:|1664303458
|move|p1a: Zygarde|Thousand Arrows|p2a: garbage
|-supereffective|p2a: garbage
|-damage|p2a: garbage|69/100 slp
|cant|p2a: garbage|slp
|move|p2a: garbage|Sleep Talk|p2a: garbage
|move|p2a: garbage|Rest||[from]move: Sleep Talk|[still]
|-fail|p2a: garbage
|
|-weather|DesolateLand|[upkeep]
|-heal|p1a: Zygarde|79/100|[from] item: Leftovers
|upkeep
|turn|23
|
|t:|1664303462
|-weather|none
|switch|p2a: Whimsicott|Whimsicott, F|79/100
|move|p1a: Zygarde|Glare|p2a: Whimsicott
|-status|p2a: Whimsicott|par
|
|-heal|p1a: Zygarde|85/100|[from] item: Leftovers
|upkeep
|turn|24
|
|t:|1664303472
|switch|p1a: Ho-Oh|Ho-Oh|100/100
|cant|p2a: Whimsicott|par
|
|upkeep
|turn|25
|
|t:|1664303484
|switch|p1a: Zygarde|Zygarde|85/100
|switch|p2a: Ditto|Ditto|89/100
|-transform|p2a: Ditto|p1a: Zygarde|[from] ability: Imposter
|
|-heal|p1a: Zygarde|91/100|[from] item: Leftovers
|upkeep
|turn|26
|
|t:|1664303492
|switch|p2a: Whimsicott|Whimsicott, F|79/100 par
|move|p1a: Zygarde|Glare|p2a: Whimsicott
|-fail|p2a: Whimsicott|par
|
|-heal|p1a: Zygarde|97/100|[from] item: Leftovers
|upkeep
|turn|27
|
|t:|1664303496
|move|p1a: Zygarde|Thousand Arrows|p2a: Whimsicott
|-resisted|p2a: Whimsicott
|-damage|p2a: Whimsicott|55/100 par
|cant|p2a: Whimsicott|par
|
|-heal|p1a: Zygarde|100/100|[from] item: Leftovers
|upkeep
|turn|28
|
|t:|1664303505
|move|p1a: Zygarde|Thousand Arrows|p2a: Whimsicott
|-resisted|p2a: Whimsicott
|-damage|p2a: Whimsicott|31/100 par
|move|p2a: Whimsicott|Leech Seed|p1a: Zygarde
|-start|p1a: Zygarde|move: Leech Seed
|
|-damage|p1a: Zygarde|88/100|[from] Leech Seed|[of] p2a: Whimsicott
|-heal|p2a: Whimsicott|51/100 par|[silent]
|upkeep
|turn|29
|
|t:|1664303512
|switch|p1a: Zacian|Zacian-Crowned|100/100
|-ability|p1a: Zacian|Intrepid Sword|boost
|-boost|p1a: Zacian|atk|1
|move|p2a: Whimsicott|Moonblast|p1a: Zacian
|-resisted|p1a: Zacian
|-damage|p1a: Zacian|83/100
|
|upkeep
|turn|30
|
|t:|1664303524
|switch|p2a: Aegislash|Aegislash, M|100/100
|move|p1a: Zacian|Substitute|p1a: Zacian
|-start|p1a: Zacian|Substitute
|-damage|p1a: Zacian|58/100
|
|upkeep
|turn|31
|
|t:|1664303527
|move|p1a: Zacian|Wild Charge|p2a: Aegislash
|-damage|p2a: Aegislash|56/100
|-damage|p1a: Zacian|47/100|[from] Recoil
|-formechange|p2a: Aegislash|Aegislash-Blade||[from] ability: Stance Change
|move|p2a: Aegislash|Iron Head|p1a: Zacian
|-end|p1a: Zacian|Substitute
|
|-heal|p2a: Aegislash|62/100|[from] item: Leftovers
|upkeep
|turn|32
|
|t:|1664303540
|-formechange|p2a: Aegislash|Aegislash||[from] ability: Stance Change
|move|p2a: Aegislash|King's Shield|p2a: Aegislash
|-singleturn|p2a: Aegislash|Protect
|move|p1a: Zacian|Substitute|p1a: Zacian
|-start|p1a: Zacian|Substitute
|-damage|p1a: Zacian|22/100
|
|-heal|p2a: Aegislash|68/100|[from] item: Leftovers
|upkeep
|turn|33
|
|t:|1664303548
|move|p1a: Zacian|Wild Charge|p2a: Aegislash
|-damage|p2a: Aegislash|22/100
|-damage|p1a: Zacian|11/100|[from] Recoil
|-formechange|p2a: Aegislash|Aegislash-Blade||[from] ability: Stance Change
|move|p2a: Aegislash|Iron Head|p1a: Zacian
|-end|p1a: Zacian|Substitute
|
|-heal|p2a: Aegislash|28/100|[from] item: Leftovers
|upkeep
|turn|34
|
|t:|1664303557
|switch|p1a: Zygarde|Zygarde|88/100
|move|p2a: Aegislash|Shadow Sneak|p1a: Zygarde
|-damage|p1a: Zygarde|75/100
|
|-heal|p1a: Zygarde|81/100|[from] item: Leftovers
|-heal|p2a: Aegislash|34/100|[from] item: Leftovers
|upkeep
|turn|35
|
|t:|1664303562
|switch|p2a: Whimsicott|Whimsicott, F|51/100 par
|move|p1a: Zygarde|Thousand Arrows|p2a: Whimsicott
|-resisted|p2a: Whimsicott
|-damage|p2a: Whimsicott|29/100 par
|
|-heal|p1a: Zygarde|88/100|[from] item: Leftovers
|upkeep
|turn|36
|
|t:|1664303570
|-start|p2a: Whimsicott|Dynamax|
|-heal|p2a: Whimsicott|29/100 par|[silent]
|move|p1a: Zygarde|Thousand Arrows|p2a: Whimsicott
|-resisted|p2a: Whimsicott
|-damage|p2a: Whimsicott|18/100 par
|move|p2a: Whimsicott|Max Starfall|p1a: Zygarde
|-supereffective|p1a: Zygarde
|-damage|p1a: Zygarde|2/100
|-fieldstart|move: Misty Terrain
|
|-heal|p1a: Zygarde|8/100|[from] item: Leftovers
|-activate|p1a: Zygarde|ability: Power Construct
|detailschange|p1a: Zygarde|Zygarde-Complete
|-heal|p1a: Zygarde|39/100|[silent]
|upkeep
|turn|37
|
|t:|1664303575
|switch|p1a: Ho-Oh|Ho-Oh|100/100
|move|p2a: Whimsicott|Max Starfall|p1a: Ho-Oh
|-resisted|p1a: Ho-Oh
|-damage|p1a: Ho-Oh|88/100
|
|upkeep
|turn|38
|
|t:|1664303580
|-end|p2a: Whimsicott|Dynamax
|-heal|p2a: Whimsicott|19/100 par|[silent]
|switch|p2a: Ditto|Ditto|89/100
|-transform|p2a: Ditto|p1a: Ho-Oh|[from] ability: Imposter
|move|p1a: Ho-Oh|Sacred Fire|p2a: Ditto
|-resisted|p2a: Ditto
|-damage|p2a: Ditto|68/100
|
|upkeep
|turn|39
|
|t:|1664303587
|switch|p1a: Eternatus|Eternatus|100/100
|-ability|p1a: Eternatus|Pressure
|move|p2a: Ditto|Sacred Fire|p1a: Eternatus|[miss]
|-miss|p2a: Ditto|p1a: Eternatus
|
|upkeep
|turn|40
|
|t:|1664303596
|switch|p2a: Scrafty|Scrafty, M|87/100
|switch|p1a: Zygarde|Zygarde-Complete|39/100
|
|-heal|p1a: Zygarde|46/100|[from] item: Leftovers
|-fieldend|Misty Terrain
|upkeep
|turn|41
|
|t:|1664303600
|move|p1a: Zygarde|Glare|p2a: Scrafty
|-status|p2a: Scrafty|par
|cant|p2a: Scrafty|par
|
|-heal|p1a: Zygarde|52/100|[from] item: Leftovers
|-activate|p2a: Scrafty|ability: Shed Skin
|-curestatus|p2a: Scrafty|par|[msg]
|upkeep
|turn|42
|
|t:|1664303607
|switch|p1a: Ho-Oh|Ho-Oh|100/100
|move|p2a: Scrafty|Knock Off|p1a: Ho-Oh
|-damage|p1a: Ho-Oh|83/100
|
|upkeep
|turn|43
|
|t:|1664303622
|switch|p1a: Zacian|Zacian-Crowned|11/100
|-ability|p1a: Zacian|Intrepid Sword|boost
|-boost|p1a: Zacian|atk|1
|switch|p2a: Rotom|Rotom-Wash|100/100
|
|upkeep
|turn|44
|
|t:|1664303631
|move|p1a: Zacian|Close Combat|p2a: Rotom
|-damage|p2a: Rotom|37/100
|-unboost|p1a: Zacian|def|1
|-unboost|p1a: Zacian|spd|1
|-damage|p1a: Zacian|0 fnt|[from] item: Rocky Helmet|[of] p2a: Rotom
|faint|p1a: Zacian
|move|p2a: Rotom|Volt Switch|p1: Zacian|[notarget]
|-fail|p2a: Rotom
|
|upkeep
|
|t:|1664303642
|switch|p1a: Zygarde|Zygarde-Complete|52/100
|turn|45
|
|t:|1664303646
|switch|p2a: Whimsicott|Whimsicott, F|19/100 par
|move|p1a: Zygarde|Thousand Arrows|p2a: Whimsicott
|-resisted|p2a: Whimsicott
|-damage|p2a: Whimsicott|0 fnt
|faint|p2a: Whimsicott
|
|-heal|p1a: Zygarde|58/100|[from] item: Leftovers
|upkeep
|
|t:|1664303648
|switch|p2a: Scrafty|Scrafty, M|87/100
|turn|46
|
|t:|1664303651
|move|p1a: Zygarde|Glare|p2a: Scrafty
|-status|p2a: Scrafty|par
|cant|p2a: Scrafty|par
|
|-heal|p1a: Zygarde|64/100|[from] item: Leftovers
|upkeep
|turn|47
|
|t:|1664303657
|switch|p1a: Eternatus|Eternatus|100/100
|-ability|p1a: Eternatus|Pressure
|move|p2a: Scrafty|Ice Punch|p1a: Eternatus
|-supereffective|p1a: Eternatus
|-damage|p1a: Eternatus|69/100
|
|-heal|p1a: Eternatus|75/100|[from] item: Black Sludge
|-activate|p2a: Scrafty|ability: Shed Skin
|-curestatus|p2a: Scrafty|par|[msg]
|upkeep
|turn|48
|
|t:|1664303663
|move|p1a: Eternatus|Toxic Spikes|p2a: Scrafty
|-sidestart|p2: MVP2536|move: Toxic Spikes
|move|p2a: Scrafty|Knock Off|p1a: Eternatus
|-damage|p1a: Eternatus|47/100
|-enditem|p1a: Eternatus|Black Sludge|[from] move: Knock Off|[of] p2a: Scrafty
|
|upkeep
|turn|49
|
|t:|1664303670
|move|p1a: Eternatus|Sludge Bomb|p2a: Scrafty
|-damage|p2a: Scrafty|64/100
|move|p2a: Scrafty|Ice Punch|p1a: Eternatus
|-supereffective|p1a: Eternatus
|-damage|p1a: Eternatus|20/100
|
|upkeep
|turn|50
|
|t:|1664303677
|move|p1a: Eternatus|Recover|p1a: Eternatus
|-heal|p1a: Eternatus|70/100
|move|p2a: Scrafty|Ice Punch|p1a: Eternatus
|-supereffective|p1a: Eternatus
|-damage|p1a: Eternatus|43/100
|-status|p1a: Eternatus|frz
|
|upkeep
|turn|51
|
|t:|1664303681
|cant|p1a: Eternatus|frz
|move|p2a: Scrafty|Ice Punch|p1a: Eternatus
|-supereffective|p1a: Eternatus
|-damage|p1a: Eternatus|12/100 frz
|
|upkeep
|turn|52
|
|t:|1664303684
|switch|p1a: Ho-Oh|Ho-Oh|100/100
|move|p2a: Scrafty|Ice Punch|p1a: Ho-Oh
|-damage|p1a: Ho-Oh|88/100
|
|upkeep
|turn|53
|
|t:|1664303694
|switch|p2a: Rotom|Rotom-Wash|37/100
|move|p1a: Ho-Oh|Toxic|p2a: Rotom
|-status|p2a: Rotom|tox
|
|-damage|p2a: Rotom|31/100 tox|[from] psn
|upkeep
|turn|54
|
|t:|1664303701
|switch|p1a: Eternatus|Eternatus|12/100 frz
|-ability|p1a: Eternatus|Pressure
|move|p2a: Rotom|Toxic|p1a: Eternatus|[miss]
|-miss|p2a: Rotom|p1a: Eternatus
|
|-damage|p2a: Rotom|19/100 tox|[from] psn
|upkeep
|turn|55
|
|t:|1664303708
|-curestatus|p1a: Eternatus|frz|[msg]
|move|p1a: Eternatus|Recover|p1a: Eternatus
|-heal|p1a: Eternatus|62/100
|move|p2a: Rotom|Volt Switch|p1a: Eternatus
|-resisted|p1a: Eternatus
|-damage|p1a: Eternatus|54/100
|
|t:|1664303713
|switch|p2a: garbage|Groudon-Primal|69/100 slp|[from]move: Volt Switch
|-weather|DesolateLand|[from] ability: Desolate Land|[of] p2a: garbage
|
|-weather|DesolateLand|[upkeep]
|upkeep
|turn|56
|
|t:|1664303717
|switch|p1a: Zygarde|Zygarde-Complete|64/100
|-curestatus|p2a: garbage|slp|[msg]
|move|p2a: garbage|Precipice Blades|p1a: Zygarde|[miss]
|-miss|p2a: garbage|p1a: Zygarde
|
|-weather|DesolateLand|[upkeep]
|-heal|p1a: Zygarde|70/100|[from] item: Leftovers
|upkeep
|turn|57
|
|t:|1664303721
|move|p1a: Zygarde|Thousand Arrows|p2a: garbage
|-supereffective|p2a: garbage
|-damage|p2a: garbage|36/100
|move|p2a: garbage|Precipice Blades|p1a: Zygarde
|-damage|p1a: Zygarde|46/100
|
|-weather|DesolateLand|[upkeep]
|-heal|p1a: Zygarde|52/100|[from] item: Leftovers
|upkeep
|turn|58
|
|t:|1664303732
|switch|p1a: Ho-Oh|Ho-Oh|100/100
|move|p2a: garbage|Rest|p2a: garbage
|-status|p2a: garbage|slp|[from] move: Rest
|-heal|p2a: garbage|100/100 slp|[silent]
|
|-weather|DesolateLand|[upkeep]
|upkeep
|turn|59
|
|t:|1664303737
|switch|p1a: Zygarde|Zygarde-Complete|52/100
|cant|p2a: garbage|slp
|move|p2a: garbage|Sleep Talk|p2a: garbage
|move|p2a: garbage|Precipice Blades|p1a: Zygarde|[from]move: Sleep Talk
|-damage|p1a: Zygarde|28/100
|
|-weather|DesolateLand|[upkeep]
|-heal|p1a: Zygarde|34/100|[from] item: Leftovers
|upkeep
|turn|60
|
|t:|1664303744
|-weather|none
|switch|p2a: Rotom|Rotom-Wash|19/100 tox
|move|p1a: Zygarde|Rest|p1a: Zygarde
|-status|p1a: Zygarde|slp|[from] move: Rest
|-heal|p1a: Zygarde|100/100 slp|[silent]
|
|-damage|p2a: Rotom|13/100 tox|[from] psn
|upkeep
|turn|61
|
|t:|1664303753
|switch|p1a: Eternatus|Eternatus|54/100
|-ability|p1a: Eternatus|Pressure
|move|p2a: Rotom|Pain Split|p1a: Eternatus
|-sethp|p1a: Eternatus|31/100|[from] move: Pain Split|[silent]
|-sethp|p2a: Rotom|50/100 tox|[from] move: Pain Split
|
|-damage|p2a: Rotom|38/100 tox|[from] psn
|upkeep
|turn|62
|
|t:|1664303761
|switch|p2a: garbage|Groudon-Primal|100/100 slp
|-weather|DesolateLand|[from] ability: Desolate Land|[of] p2a: garbage
|move|p1a: Eternatus|Recover|p1a: Eternatus
|-heal|p1a: Eternatus|81/100
|
|-weather|DesolateLand|[upkeep]
|upkeep
|turn|63
|
|t:|1664303767
|switch|p1a: Ho-Oh|Ho-Oh|100/100
|cant|p2a: garbage|slp
|move|p2a: garbage|Sleep Talk|p2a: garbage
|move|p2a: garbage|Heat Crash|p1a: Ho-Oh|[from]move: Sleep Talk
|-resisted|p1a: Ho-Oh
|-damage|p1a: Ho-Oh|67/100
|
|-weather|DesolateLand|[upkeep]
|upkeep
|turn|64
|
|t:|1664303777
|-curestatus|p2a: garbage|slp|[msg]
|move|p2a: garbage|Precipice Blades|p1a: Ho-Oh
|-immune|p1a: Ho-Oh
|move|p1a: Ho-Oh|Toxic|p2a: garbage
|-status|p2a: garbage|tox
|
|-weather|DesolateLand|[upkeep]
|-damage|p2a: garbage|94/100 tox|[from] psn
|upkeep
|turn|65
|
|t:|1664303790
|switch|p1a: Zygarde|Zygarde-Complete|100/100 slp
|move|p2a: garbage|Precipice Blades|p1a: Zygarde|[miss]
|-miss|p2a: garbage|p1a: Zygarde
|
|-weather|DesolateLand|[upkeep]
|-damage|p2a: garbage|82/100 tox|[from] psn
|upkeep
|turn|66
|
|t:|1664303796
|cant|p1a: Zygarde|slp
|move|p2a: garbage|Precipice Blades|p1a: Zygarde
|-damage|p1a: Zygarde|76/100 slp
|
|-weather|DesolateLand|[upkeep]
|-heal|p1a: Zygarde|82/100 slp|[from] item: Leftovers
|-damage|p2a: garbage|63/100 tox|[from] psn
|upkeep
|turn|67
|
|t:|1664303800
|cant|p1a: Zygarde|slp
|move|p2a: garbage|Rest|p2a: garbage
|-status|p2a: garbage|slp|[from] move: Rest
|-heal|p2a: garbage|100/100 slp|[silent]
|
|-weather|DesolateLand|[upkeep]
|-heal|p1a: Zygarde|88/100 slp|[from] item: Leftovers
|upkeep
|turn|68
|
|t:|1664303804
|-curestatus|p1a: Zygarde|slp|[msg]
|move|p1a: Zygarde|Thousand Arrows|p2a: garbage
|-supereffective|p2a: garbage
|-damage|p2a: garbage|66/100 slp
|cant|p2a: garbage|slp
|move|p2a: garbage|Sleep Talk|p2a: garbage
|move|p2a: garbage|Rest||[from]move: Sleep Talk|[still]
|-fail|p2a: garbage
|
|-weather|DesolateLand|[upkeep]
|-heal|p1a: Zygarde|94/100|[from] item: Leftovers
|upkeep
|turn|69
|
|t:|1664303811
|switch|p1a: Arceus|Arceus-Dark|69/100
|-weather|none
|switch|p2a: Ditto|Ditto|100/100
|-status|p2a: Ditto|psn
|-transform|p2a: Ditto|p1a: Arceus|[from] ability: Imposter
|
|-damage|p2a: Ditto|88/100 psn|[from] psn
|upkeep
|turn|70
|
|t:|1664303821
|switch|p2a: Scrafty|Scrafty, M|64/100
|-status|p2a: Scrafty|psn
|move|p1a: Arceus|Recover|p1a: Arceus
|-heal|p1a: Arceus|100/100
|
|-damage|p2a: Scrafty|51/100 psn|[from] psn
|upkeep
|turn|71
|
|t:|1664303827
|switch|p1a: Ho-Oh|Ho-Oh|99/100
|move|p2a: Scrafty|Drain Punch|p1a: Ho-Oh
|-resisted|p1a: Ho-Oh
|-damage|p1a: Ho-Oh|91/100
|-heal|p2a: Scrafty|57/100 psn|[from] drain|[of] p1a: Ho-Oh
|
|-damage|p2a: Scrafty|45/100 psn|[from] psn
|upkeep
|turn|72
|
|t:|1664303832
|switch|p2a: Ditto|Ditto|88/100 psn
|-transform|p2a: Ditto|p1a: Ho-Oh|[from] ability: Imposter
|move|p1a: Ho-Oh|Sacred Fire|p2a: Ditto
|-resisted|p2a: Ditto
|-damage|p2a: Ditto|67/100 psn
|
|-damage|p2a: Ditto|55/100 psn|[from] psn
|upkeep
|turn|73
|
|t:|1664303838
|switch|p1a: Eternatus|Eternatus|81/100
|-ability|p1a: Eternatus|Pressure
|move|p2a: Ditto|Defog|p1a: Eternatus
|-unboost|p1a: Eternatus|evasion|1
|-sideend|p2: MVP2536|Toxic Spikes|[from] move: Defog|[of] p2a: Ditto
|
|-damage|p2a: Ditto|42/100 psn|[from] psn
|upkeep
|turn|74
|
|t:|1664303842
|switch|p2a: garbage|Groudon-Primal|66/100 slp
|-weather|DesolateLand|[from] ability: Desolate Land|[of] p2a: garbage
|move|p1a: Eternatus|Toxic Spikes|p2a: garbage
|-sidestart|p2: MVP2536|move: Toxic Spikes
|
|-weather|DesolateLand|[upkeep]
|upkeep
|turn|75
|
|t:|1664303852
|switch|p1a: Ho-Oh|Ho-Oh|100/100
|cant|p2a: garbage|slp
|move|p2a: garbage|Sleep Talk|p2a: garbage
|move|p2a: garbage|Heat Crash|p1a: Ho-Oh|[from]move: Sleep Talk
|-resisted|p1a: Ho-Oh
|-damage|p1a: Ho-Oh|64/100
|
|-weather|DesolateLand|[upkeep]
|upkeep
|turn|76
|
|t:|1664303861
|-curestatus|p2a: garbage|slp|[msg]
|move|p2a: garbage|Heat Crash|p1a: Ho-Oh
|-resisted|p1a: Ho-Oh
|-damage|p1a: Ho-Oh|27/100
|move|p1a: Ho-Oh|Toxic|p2a: garbage
|-status|p2a: garbage|tox
|
|-weather|DesolateLand|[upkeep]
|-damage|p2a: garbage|60/100 tox|[from] psn
|upkeep
|turn|77
|
|t:|1664303870
|switch|p1a: Zygarde|Zygarde-Complete|94/100
|move|p2a: garbage|Precipice Blades|p1a: Zygarde
|-damage|p1a: Zygarde|69/100
|
|-weather|DesolateLand|[upkeep]
|-heal|p1a: Zygarde|75/100|[from] item: Leftovers
|-damage|p2a: garbage|48/100 tox|[from] psn
|upkeep
|turn|78
|
|t:|1664303878
|move|p1a: Zygarde|Thousand Arrows|p2a: garbage
|-supereffective|p2a: garbage
|-damage|p2a: garbage|12/100 tox
|move|p2a: garbage|Rest|p2a: garbage
|-status|p2a: garbage|slp|[from] move: Rest
|-heal|p2a: garbage|100/100 slp|[silent]
|
|-weather|DesolateLand|[upkeep]
|-heal|p1a: Zygarde|81/100|[from] item: Leftovers
|upkeep
|turn|79
|
|t:|1664303887
|switch|p1a: Arceus|Arceus-Dark|100/100
|cant|p2a: garbage|slp
|move|p2a: garbage|Sleep Talk|p2a: garbage
|move|p2a: garbage|Heat Crash|p1a: Arceus|[from]move: Sleep Talk
|-damage|p1a: Arceus|59/100
|
|-weather|DesolateLand|[upkeep]
|upkeep
|turn|80
|
|t:|1664303895
|move|p1a: Arceus|Calm Mind|p1a: Arceus
|-boost|p1a: Arceus|spa|1
|-boost|p1a: Arceus|spd|1
|cant|p2a: garbage|slp
|move|p2a: garbage|Sleep Talk|p2a: garbage
|move|p2a: garbage|Precipice Blades|p1a: Arceus|[from]move: Sleep Talk
|-damage|p1a: Arceus|20/100
|
|-weather|DesolateLand|[upkeep]
|upkeep
|turn|81
|
|t:|1664303898
|-weather|none
|switch|p2a: Scrafty|Scrafty, M|45/100 psn
|move|p1a: Arceus|Recover|p1a: Arceus
|-heal|p1a: Arceus|70/100
|
|-damage|p2a: Scrafty|33/100 psn|[from] psn
|upkeep
|turn|82
|
|t:|1664303906
|switch|p1a: Ho-Oh|Ho-Oh|60/100
|move|p2a: Scrafty|Drain Punch|p1a: Ho-Oh
|-resisted|p1a: Ho-Oh
|-damage|p1a: Ho-Oh|50/100
|-heal|p2a: Scrafty|39/100 psn|[from] drain|[of] p1a: Ho-Oh
|
|-damage|p2a: Scrafty|26/100 psn|[from] psn
|upkeep
|turn|83
|
|t:|1664303917
|switch|p2a: Rotom|Rotom-Wash|38/100 tox
|move|p1a: Ho-Oh|Protect||[still]
|-fail|p1a: Ho-Oh
|
|-damage|p2a: Rotom|32/100 tox|[from] psn
|upkeep
|turn|84
|
|t:|1664303929
|switch|p1a: Zygarde|Zygarde-Complete|81/100
|move|p2a: Rotom|Volt Switch|p1a: Zygarde
|-immune|p1a: Zygarde
|
|-heal|p1a: Zygarde|88/100|[from] item: Leftovers
|-damage|p2a: Rotom|20/100 tox|[from] psn
|upkeep
|turn|85
|
|t:|1664303934
|switch|p2a: Ditto|Ditto|76/100 psn
|-transform|p2a: Ditto|p1a: Zygarde|[from] ability: Imposter
|move|p1a: Zygarde|Thousand Arrows|p2a: Ditto
|-damage|p2a: Ditto|54/100 psn
|
|-heal|p1a: Zygarde|94/100|[from] item: Leftovers
|-damage|p2a: Ditto|42/100 psn|[from] psn
|upkeep
|turn|86
|
|t:|1664303947
|switch|p1a: Arceus|Arceus-Dark|70/100
|move|p2a: Ditto|Glare|p1a: Arceus
|-status|p1a: Arceus|par
|
|-damage|p2a: Ditto|30/100 psn|[from] psn
|upkeep
|turn|87
|
|t:|1664303955
|switch|p2a: Scrafty|Scrafty, M|26/100 psn
|move|p1a: Arceus|Refresh|p1a: Arceus
|-curestatus|p1a: Arceus|par|[msg]
|
|-activate|p2a: Scrafty|ability: Shed Skin
|-curestatus|p2a: Scrafty|psn|[msg]
|upkeep
|turn|88
|
|t:|1664303961
|switch|p1a: Ho-Oh|Ho-Oh|84/100
|move|p2a: Scrafty|Drain Punch|p1a: Ho-Oh
|-resisted|p1a: Ho-Oh
|-damage|p1a: Ho-Oh|74/100
|-heal|p2a: Scrafty|32/100|[from] drain|[of] p1a: Ho-Oh
|
|upkeep
|turn|89
|
|t:|1664303972
|switch|p2a: garbage|Groudon-Primal|100/100 slp
|-weather|DesolateLand|[from] ability: Desolate Land|[of] p2a: garbage
|move|p1a: Ho-Oh|Sacred Fire|p2a: garbage
|-resisted|p2a: garbage
|-damage|p2a: garbage|83/100 slp
|
|-weather|DesolateLand|[upkeep]
|upkeep
|turn|90
|
|t:|1664303981
|switch|p1a: Zygarde|Zygarde-Complete|94/100
|-curestatus|p2a: garbage|slp|[msg]
|move|p2a: garbage|Heat Crash|p1a: Zygarde
|-resisted|p1a: Zygarde
|-damage|p1a: Zygarde|88/100
|
|-weather|DesolateLand|[upkeep]
|-heal|p1a: Zygarde|94/100|[from] item: Leftovers
|upkeep
|turn|91
|
|t:|1664303989
|move|p1a: Zygarde|Thousand Arrows|p2a: garbage
|-supereffective|p2a: garbage
|-damage|p2a: garbage|47/100
|move|p2a: garbage|Precipice Blades|p1a: Zygarde|[miss]
|-miss|p2a: garbage|p1a: Zygarde
|
|-weather|DesolateLand|[upkeep]
|-heal|p1a: Zygarde|99/100|[from] item: Leftovers
|upkeep
|turn|92
|
|t:|1664303999
|switch|p1a: Ho-Oh|Ho-Oh|100/100
|move|p2a: garbage|Rest|p2a: garbage
|-status|p2a: garbage|slp|[from] move: Rest
|-heal|p2a: garbage|100/100 slp|[silent]
|
|-weather|DesolateLand|[upkeep]
|upkeep
|turn|93
|
|t:|1664304010
|-weather|none
|switch|p2a: Ditto|Ditto|30/100 psn
|-transform|p2a: Ditto|p1a: Ho-Oh|[from] ability: Imposter
|move|p1a: Ho-Oh|Toxic||[still]
|-fail|p1a: Ho-Oh
|
|-damage|p2a: Ditto|17/100 psn|[from] psn
|upkeep
|turn|94
|
|t:|1664304018
|switch|p2a: garbage|Groudon-Primal|100/100 slp
|-weather|DesolateLand|[from] ability: Desolate Land|[of] p2a: garbage
|move|p1a: Ho-Oh|Protect||[still]
|-fail|p1a: Ho-Oh
|
|-weather|DesolateLand|[upkeep]
|upkeep
|turn|95
|
|t:|1664304030
|switch|p1a: Zygarde|Zygarde-Complete|99/100
|cant|p2a: garbage|slp
|
|-weather|DesolateLand|[upkeep]
|-heal|p1a: Zygarde|100/100|[from] item: Leftovers
|upkeep
|turn|96
|
|t:|1664304040
|move|p1a: Zygarde|Haze|p1a: Zygarde
|-clearallboost
|cant|p2a: garbage|slp
|
|-weather|DesolateLand|[upkeep]
|upkeep
|turn|97
|
|t:|1664304051
|switch|p1a: Arceus|Arceus-Dark|70/100
|-weather|none
|switch|p2a: Ditto|Ditto|51/100 psn
|-transform|p2a: Ditto|p1a: Arceus|[from] ability: Imposter
|
|-damage|p2a: Ditto|38/100 psn|[from] psn
|upkeep
|turn|98
|
|t:|1664304059
|move|p2a: Ditto|Recover|p2a: Ditto
|-heal|p2a: Ditto|88/100 psn
|move|p1a: Arceus|Judgment|p2a: Ditto
|-resisted|p2a: Ditto
|-damage|p2a: Ditto|67/100 psn
|
|-damage|p2a: Ditto|54/100 psn|[from] psn
|upkeep
|turn|99
|
|t:|1664304065
|switch|p2a: Scrafty|Scrafty, M|32/100
|-status|p2a: Scrafty|psn
|move|p1a: Arceus|Recover|p1a: Arceus
|-heal|p1a: Arceus|100/100
|
|-activate|p2a: Scrafty|ability: Shed Skin
|-curestatus|p2a: Scrafty|psn|[msg]
|upkeep
|turn|100
|
|t:|1664304073
|switch|p1a: Ho-Oh|Ho-Oh|100/100
|move|p2a: Scrafty|Ice Punch|p1a: Ho-Oh
|-damage|p1a: Ho-Oh|87/100
|
|upkeep
|turn|101
|
|t:|1664304082
|switch|p1a: Arceus|Arceus-Dark|100/100
|switch|p2a: Ditto|Ditto|54/100 psn
|-transform|p2a: Ditto|p1a: Arceus|[from] ability: Imposter
|
|-damage|p2a: Ditto|42/100 psn|[from] psn
|upkeep
|turn|102
|
|t:|1664304090
|move|p2a: Ditto|Recover|p2a: Ditto
|-heal|p2a: Ditto|92/100 psn
|move|p1a: Arceus|Calm Mind|p1a: Arceus
|-boost|p1a: Arceus|spa|1
|-boost|p1a: Arceus|spd|1
|
|-damage|p2a: Ditto|80/100 psn|[from] psn
|upkeep
|turn|103
|
|t:|1664304098
|switch|p2a: Scrafty|Scrafty, M|32/100
|-status|p2a: Scrafty|psn
|-start|p1a: Arceus|Dynamax|
|-heal|p1a: Arceus|100/100|[silent]
|move|p1a: Arceus|Max Darkness|p2a: Scrafty
|-resisted|p2a: Scrafty
|-damage|p2a: Scrafty|20/100 psn
|-unboost|p2a: Scrafty|spd|1
|
|-activate|p2a: Scrafty|ability: Shed Skin
|-curestatus|p2a: Scrafty|psn|[msg]
|upkeep
|turn|104
|
|t:|1664304126
|move|p1a: Arceus|Max Darkness|p2a: Scrafty
|-resisted|p2a: Scrafty
|-damage|p2a: Scrafty|0 fnt
|faint|p2a: Scrafty
|
|upkeep
|c|☆MVP2536|gg
|-message|MVP2536 forfeited.
|
|win|N3rfN1nja
|raw|N3rfN1nja's rating: 1657 &rarr; <strong>1682</strong><br />(+25 for winning)
|raw|MVP2536's rating: 1755 &rarr; <strong>1730</strong><br />(-25 for losing)
|l|☆MVP2536
||Ladder isn't responding, score probably updated but might not have (Request timeout).
