|j|☆Dugtrio Is Broken
|j|☆ReactJS3
|t:|1628042879
|gametype|singles
|player|p1|Dugtrio Is Broken|rood|1617
|player|p2|ReactJS3|1|1950
|teamsize|p1|6
|teamsize|p2|6
|gen|8
|tier|[Gen 8] National Dex AG
|rated|
|rule|HP Percentage Mod: HP is shown in percentages
|rule|Endless Battle Clause: Forcing endless battles is banned
|clearpoke
|poke|p1|Arceus-*|
|poke|p1|Excadrill, F|
|poke|p1|Smeargle, F|
|poke|p1|Smeargle, F|
|poke|p1|Xerneas-*|
|poke|p1|Rayquaza|
|poke|p2|Calyrex-Shadow|
|poke|p2|Groudon|
|poke|p2|Yveltal|
|poke|p2|Ho-Oh|
|poke|p2|Rayquaza|
|poke|p2|Arceus-*|
|teampreview
|
|t:|1628042885
|start
|switch|p1a: Not me. Us.|Excadrill, F|100/100
|switch|p2a: Rayquaza|Rayquaza|100/100
|-ability|p1a: Not me. Us.|Mold Breaker
|-ability|p2a: Rayquaza|Air Lock
|turn|1
|inactive|Battle timer is ON: inactive players will automatically lose when time's up. (requested by ReactJS3)
|
|t:|1628042921
|detailschange|p2a: Rayquaza|Rayquaza-Mega
|-mega|p2a: Rayquaza|Rayquaza|
|-weather|DeltaStream|[from] ability: Delta Stream|[of] p2a: Rayquaza
|move|p2a: Rayquaza|V-create|p1a: Not me. Us.
|-supereffective|p1a: Not me. Us.
|-enditem|p1a: Not me. Us.|Focus Sash
|-damage|p1a: Not me. Us.|1/100
|-unboost|p2a: Rayquaza|spe|1
|-unboost|p2a: Rayquaza|def|1
|-unboost|p2a: Rayquaza|spd|1
|move|p1a: Not me. Us.|Rock Tomb|p2a: Rayquaza
|-activate||deltastream
|-damage|p2a: Rayquaza|68/100
|-unboost|p2a: Rayquaza|spe|1
|
|-weather|DeltaStream|[upkeep]
|upkeep
|turn|2
|
|t:|1628042928
|move|p2a: Rayquaza|Extreme Speed|p1a: Not me. Us.
|-resisted|p1a: Not me. Us.
|-damage|p1a: Not me. Us.|0 fnt
|faint|p1a: Not me. Us.
|
|-weather|DeltaStream|[upkeep]
|upkeep
|
|t:|1628042956
|switch|p1a: Cancel Student|Smeargle, F|100/100
|turn|3
|
|t:|1628042962
|move|p2a: Rayquaza|Extreme Speed|p1a: Cancel Student
|-damage|p1a: Cancel Student|13/100
|move|p1a: Cancel Student|Spore|p2a: Rayquaza
|-status|p2a: Rayquaza|slp|[from] move: Spore
|
|-weather|DeltaStream|[upkeep]
|-ability|p1a: Cancel Student|Moody|boost
|-boost|p1a: Cancel Student|spe|2
|-unboost|p1a: Cancel Student|spd|1
|upkeep
|turn|4
|
|t:|1628042971
|move|p1a: Cancel Student|Sticky Web|p2a: Rayquaza
|-sidestart|p2: ReactJS3|move: Sticky Web
|cant|p2a: Rayquaza|slp
|
|-weather|DeltaStream|[upkeep]
|-ability|p1a: Cancel Student|Moody|boost
|-boost|p1a: Cancel Student|spe|2
|-unboost|p1a: Cancel Student|def|1
|upkeep
|turn|5
|
|t:|1628042975
|move|p1a: Cancel Student|Baton Pass|p1a: Cancel Student
|
|t:|1628042980
|switch|p1a: Medicare For All|Arceus-Ghost|100/100|[from]move: Baton Pass
|cant|p2a: Rayquaza|slp
|
|-weather|DeltaStream|[upkeep]
|upkeep
|turn|6
|
|t:|1628042989
|-start|p1a: Medicare For All|Dynamax
|-heal|p1a: Medicare For All|100/100|[silent]
|move|p1a: Medicare For All|Max Knuckle|p2a: Rayquaza
|-resisted|p2a: Rayquaza
|-damage|p2a: Rayquaza|43/100 slp
|-boost|p1a: Medicare For All|atk|1
|cant|p2a: Rayquaza|slp
|
|-weather|DeltaStream|[upkeep]
|upkeep
|turn|7
|
|t:|1628043014
|move|p1a: Medicare For All|Max Phantasm|p2a: Rayquaza
|-damage|p2a: Rayquaza|0 fnt
|faint|p2a: Rayquaza
|-weather|none
|
|upkeep
|inactive|ReactJS3 has 120 seconds left.
|
|t:|1628043039
|switch|p2a: Groudon|Groudon|100/100
|-activate|p2a: Groudon|move: Sticky Web
|-unboost|p2a: Groudon|spe|1
|detailschange|p2a: Groudon|Groudon-Primal
|-primal|p2a: Groudon
|-weather|DesolateLand|[from] ability: Desolate Land|[of] p2a: Groudon
|turn|8
|
|t:|1628043045
|move|p1a: Medicare For All|Max Phantasm|p2a: Groudon
|-damage|p2a: Groudon|40/100
|-unboost|p2a: Groudon|def|1
|move|p2a: Groudon|Stealth Rock|p1a: Medicare For All
|-sidestart|p1: Dugtrio Is Broken|move: Stealth Rock
|
|-weather|DesolateLand|[upkeep]
|-end|p1a: Medicare For All|Dynamax
|-heal|p1a: Medicare For All|100/100|[silent]
|upkeep
|turn|9
|
|t:|1628043050
|move|p1a: Medicare For All|Swords Dance|p1a: Medicare For All
|-boost|p1a: Medicare For All|atk|2
|move|p2a: Groudon|Overheat|p1a: Medicare For All
|-crit|p1a: Medicare For All
|-damage|p1a: Medicare For All|0 fnt
|-unboost|p2a: Groudon|spa|2
|faint|p1a: Medicare For All
|
|-weather|DesolateLand|[upkeep]
|upkeep
|
|t:|1628043056
|switch|p1a: Cancel Student|Smeargle, F|13/100
|-damage|p1a: Cancel Student|0 fnt|[from] Stealth Rock
|faint|p1a: Cancel Student
|
|t:|1628043057
|switch|p1a: Free College|Smeargle, F|100/100
|-damage|p1a: Free College|88/100|[from] Stealth Rock
|turn|10
|
|t:|1628043060
|-weather|none
|switch|p2a: Ho-Oh|Ho-Oh|100/100
|move|p1a: Free College|Spore|p2a: Ho-Oh
|-status|p2a: Ho-Oh|slp|[from] move: Spore
|
|-heal|p1a: Free College|94/100|[from] item: Leftovers
|-ability|p1a: Free College|Moody|boost
|-boost|p1a: Free College|atk|2
|-unboost|p1a: Free College|spe|1
|upkeep
|turn|11
|
|t:|1628043064
|cant|p2a: Ho-Oh|slp
|move|p1a: Free College|Shell Smash|p1a: Free College
|-unboost|p1a: Free College|def|1
|-unboost|p1a: Free College|spd|1
|-boost|p1a: Free College|atk|2
|-boost|p1a: Free College|spa|2
|-boost|p1a: Free College|spe|2
|
|-heal|p1a: Free College|99/100|[from] item: Leftovers
|-ability|p1a: Free College|Moody|boost
|-boost|p1a: Free College|atk|2
|-unboost|p1a: Free College|def|1
|upkeep
|turn|12
|
|t:|1628043069
|move|p1a: Free College|Substitute|p1a: Free College
|-start|p1a: Free College|Substitute
|-damage|p1a: Free College|75/100
|cant|p2a: Ho-Oh|slp
|
|-heal|p1a: Free College|81/100|[from] item: Leftovers
|-ability|p1a: Free College|Moody|boost
|-boost|p1a: Free College|spd|2
|-unboost|p1a: Free College|spa|1
|upkeep
|turn|13
|
|t:|1628043076
|move|p1a: Free College|Power Trip|p2a: Ho-Oh
|-damage|p2a: Ho-Oh|25/100 slp
|cant|p2a: Ho-Oh|slp
|
|-heal|p1a: Free College|87/100|[from] item: Leftovers
|-ability|p1a: Free College|Moody|boost
|-boost|p1a: Free College|spd|2
|-unboost|p1a: Free College|spe|1
|upkeep
|turn|14
|
|t:|1628043099
|switch|p2a: Groudon|Groudon-Primal|40/100
|-activate|p2a: Groudon|move: Sticky Web
|-unboost|p2a: Groudon|spe|1
|-weather|DesolateLand|[from] ability: Desolate Land|[of] p2a: Groudon
|move|p1a: Free College|Power Trip|p2a: Groudon
|-damage|p2a: Groudon|0 fnt
|faint|p2a: Groudon
|-weather|none
|
|-heal|p1a: Free College|93/100|[from] item: Leftovers
|-ability|p1a: Free College|Moody|boost
|-boost|p1a: Free College|spd|2
|-unboost|p1a: Free College|def|1
|upkeep
|
|t:|1628043102
|switch|p2a: Ho-Oh|Ho-Oh|58/100 slp
|turn|15
|
|t:|1628043125
|switch|p2a: Arceus|Arceus-Fairy|100/100
|-activate|p2a: Arceus|move: Sticky Web
|-unboost|p2a: Arceus|spe|1
|move|p1a: Free College|Power Trip|p2a: Arceus
|-resisted|p2a: Arceus
|-damage|p2a: Arceus|58/100
|
|-heal|p1a: Free College|99/100|[from] item: Leftovers
|-ability|p1a: Free College|Moody|boost
|-boost|p1a: Free College|spa|2
|-unboost|p1a: Free College|def|1
|upkeep
|turn|16
|
|t:|1628043130
|move|p1a: Free College|Spore|p2a: Arceus
|-status|p2a: Arceus|slp|[from] move: Spore
|cant|p2a: Arceus|slp
|
|-heal|p1a: Free College|100/100|[from] item: Leftovers
|-ability|p1a: Free College|Moody|boost
|-boost|p1a: Free College|spd|1
|-unboost|p1a: Free College|spe|1
|upkeep
|turn|17
|inactive|Dugtrio Is Broken has 120 seconds left.
|
|t:|1628043161
|cant|p2a: Arceus|slp
|move|p1a: Free College|Power Trip|p2a: Arceus
|-resisted|p2a: Arceus
|-damage|p2a: Arceus|1/100 slp
|
|-ability|p1a: Free College|Moody|boost
|-boost|p1a: Free College|spa|2
|-unboost|p1a: Free College|spe|1
|upkeep
|turn|18
|
|t:|1628043165
|cant|p2a: Arceus|slp
|move|p1a: Free College|Power Trip|p2a: Arceus
|-resisted|p2a: Arceus
|-damage|p2a: Arceus|0 fnt
|faint|p2a: Arceus
|
|-ability|p1a: Free College|Moody|boost
|-boost|p1a: Free College|def|2
|-unboost|p1a: Free College|spa|1
|upkeep
|
|t:|1628043168
|switch|p2a: Ho-Oh|Ho-Oh|91/100 slp
|turn|19
|
|t:|1628043175
|move|p1a: Free College|Power Trip|p2a: Ho-Oh
|-damage|p2a: Ho-Oh|0 fnt
|faint|p2a: Ho-Oh
|
|-ability|p1a: Free College|Moody|boost
|-boost|p1a: Free College|spa|2
|-unboost|p1a: Free College|def|1
|upkeep
|
|t:|1628043184
|switch|p2a: Calyrex|Calyrex-Shadow|100/100
|-ability|p2a: Calyrex|As One
|-ability|p2a: Calyrex|Unnerve
|-activate|p2a: Calyrex|move: Sticky Web
|-unboost|p2a: Calyrex|spe|1
|turn|20
|
|t:|1628043187
|move|p2a: Calyrex|Psyshock|p1a: Free College
|-end|p1a: Free College|Substitute
|move|p1a: Free College|Shell Smash|p1a: Free College
|-unboost|p1a: Free College|def|1
|-unboost|p1a: Free College|spd|1
|-boost|p1a: Free College|atk|0
|-boost|p1a: Free College|spa|0
|-boost|p1a: Free College|spe|2
|
|-ability|p1a: Free College|Moody|boost
|-boost|p1a: Free College|spe|2
|-unboost|p1a: Free College|atk|1
|upkeep
|turn|21
|
|t:|1628043196
|move|p1a: Free College|Power Trip|p2a: Calyrex
|-supereffective|p2a: Calyrex
|-crit|p2a: Calyrex
|-enditem|p2a: Calyrex|Focus Sash
|-damage|p2a: Calyrex|1/100
|move|p2a: Calyrex|Psyshock|p1a: Free College
|-damage|p1a: Free College|0 fnt
|faint|p1a: Free College
|-ability|p2a: Calyrex|Grim Neigh|boost
|-boost|p2a: Calyrex|spa|1
|
|upkeep
|
|t:|1628043205
|switch|p1a: End Corruption|Xerneas|100/100
|-damage|p1a: End Corruption|88/100|[from] Stealth Rock
|-ability|p1a: End Corruption|Fairy Aura
|turn|22
|
|t:|1628043208
|move|p1a: End Corruption|Moonblast|p2a: Calyrex
|-damage|p2a: Calyrex|0 fnt
|faint|p2a: Calyrex
|
|upkeep
|
|t:|1628043210
|switch|p2a: Yveltal|Yveltal|100/100
|-ability|p2a: Yveltal|Dark Aura
|turn|23
|
|t:|1628043212
|-start|p2a: Yveltal|Dynamax
|-heal|p2a: Yveltal|100/100|[silent]
|move|p1a: End Corruption|Moonblast|p2a: Yveltal
|-supereffective|p2a: Yveltal
|-damage|p2a: Yveltal|38/100
|move|p2a: Yveltal|Max Airstream|p1a: End Corruption
|-damage|p1a: End Corruption|3/100
|-boost|p2a: Yveltal|spe|1
|-damage|p2a: Yveltal|33/100|[from] item: Life Orb
|
|upkeep
|turn|24
|
|t:|1628043214
|move|p2a: Yveltal|Max Airstream|p1a: End Corruption
|-damage|p1a: End Corruption|0 fnt
|-boost|p2a: Yveltal|spe|1
|faint|p1a: End Corruption
|-damage|p2a: Yveltal|28/100|[from] item: Life Orb
|
|upkeep
|
|t:|1628043216
|switch|p1a: Clean Energy|Rayquaza|100/100
|-damage|p1a: Clean Energy|76/100|[from] Stealth Rock
|-ability|p1a: Clean Energy|Air Lock
|turn|25
|c|☆ReactJS3|garbage like you always has to get hax to win
|
|t:|1628043228
|detailschange|p1a: Clean Energy|Rayquaza-Mega
|-mega|p1a: Clean Energy|Rayquaza|
|-weather|DeltaStream|[from] ability: Delta Stream|[of] p1a: Clean Energy
|move|p1a: Clean Energy|Extreme Speed|p2a: Yveltal
|-damage|p2a: Yveltal|4/100
|-damage|p1a: Clean Energy|66/100|[from] item: Life Orb
|move|p2a: Yveltal|Max Darkness|p1a: Clean Energy
|-damage|p1a: Clean Energy|0 fnt
|faint|p1a: Clean Energy
|-weather|none
|-damage|p2a: Yveltal|0 fnt|[from] item: Life Orb
|faint|p2a: Yveltal
|
|win|ReactJS3
|raw|Dugtrio Is Broken's rating: 1617 &rarr; <strong>1612</strong><br />(-5 for losing)
|raw|ReactJS3's rating: 1950 &rarr; <strong>1955</strong><br />(+5 for winning)
|l|☆ReactJS3
