|j|☆Wyvern.xyz
|j|☆vi3beswithchanell1
|t:|1653766462
|gametype|singles
|player|p1|Wyvern.xyz|shadowtriad|1718
|player|p2|vi3beswithchanell1|allister|1705
|teamsize|p1|6
|teamsize|p2|6
|gen|8
|tier|[Gen 8] National Dex AG
|rated|
|rule|HP Percentage Mod: HP is shown in percentages
|rule|Endless Battle Clause: Forcing endless battles is banned
|clearpoke
|poke|p1|Necrozma-Dusk-Mane|
|poke|p1|Ho-Oh|
|poke|p1|Zacian-*|
|poke|p1|Rayquaza|
|poke|p1|Arceus-*|
|poke|p1|Kyogre|
|poke|p2|Calyrex-Shadow|
|poke|p2|Arceus-*|
|poke|p2|Necrozma-Dusk-Mane|
|poke|p2|Arceus-*|
|poke|p2|Rayquaza|
|poke|p2|Groudon|
|teampreview
|
|t:|1653766471
|start
|switch|p1a: Arceus|Arceus-Dark|100/100
|switch|p2a: Rayquaza|Rayquaza|100/100
|-ability|p2a: Rayquaza|Air Lock
|turn|1
|c|☆vi3beswithchanell1|Adorable
|
|t:|1653766491
|switch|p2a: Arceus|Arceus-Fairy|100/100
|move|p1a: Arceus|Judgment|p2a: Arceus
|-resisted|p2a: Arceus
|-damage|p2a: Arceus|85/100
|
|upkeep
|turn|2
|
|t:|1653766500
|switch|p1a: Zacian|Zacian-Crowned|100/100
|-ability|p1a: Zacian|Intrepid Sword|boost
|-boost|p1a: Zacian|atk|1
|move|p2a: Arceus|Earth Power|p1a: Zacian
|-supereffective|p1a: Zacian
|-damage|p1a: Zacian|45/100
|
|upkeep
|turn|3
|
|t:|1653766508
|switch|p2a: Necrozma|Necrozma-Dusk-Mane|100/100
|move|p1a: Zacian|Behemoth Blade|p2a: Necrozma
|-resisted|p2a: Necrozma
|-damage|p2a: Necrozma|75/100
|-damage|p1a: Zacian|29/100|[from] item: Rocky Helmet|[of] p2a: Necrozma
|
|upkeep
|turn|4
|
|t:|1653766513
|switch|p1a: Arceus|Arceus-Dark|100/100
|switch|p2a: Groudon|Groudon|100/100
|detailschange|p2a: Groudon|Groudon-Primal
|-primal|p2a: Groudon
|-weather|DesolateLand|[from] ability: Desolate Land|[of] p2a: Groudon
|
|-weather|DesolateLand|[upkeep]
|upkeep
|turn|5
|
|t:|1653766521
|switch|p1a: Kyogre|Kyogre|100/100
|detailschange|p1a: Kyogre|Kyogre-Primal
|-primal|p1a: Kyogre
|-weather|PrimordialSea|[from] ability: Primordial Sea|[of] p1a: Kyogre
|switch|p2a: Arceus|Arceus-Fairy|85/100
|
|-weather|PrimordialSea|[upkeep]
|upkeep
|turn|6
|
|t:|1653766527
|switch|p2a: Groudon|Groudon-Primal|100/100
|-weather|DesolateLand|[from] ability: Desolate Land|[of] p2a: Groudon
|move|p1a: Kyogre|Ice Beam|p2a: Groudon
|-damage|p2a: Groudon|66/100
|
|-weather|DesolateLand|[upkeep]
|upkeep
|turn|7
|
|t:|1653766547
|switch|p1a: Ho-Oh|Ho-Oh|100/100
|move|p2a: Groudon|Stone Edge|p1a: Ho-Oh
|-supereffective|p1a: Ho-Oh
|-damage|p1a: Ho-Oh|0 fnt
|faint|p1a: Ho-Oh
|
|-weather|DesolateLand|[upkeep]
|upkeep
|
|t:|1653766551
|switch|p1a: Kyogre|Kyogre-Primal|100/100
|-weather|PrimordialSea|[from] ability: Primordial Sea|[of] p1a: Kyogre
|turn|8
|
|t:|1653766555
|switch|p2a: Rayquaza|Rayquaza|100/100
|-ability|p2a: Rayquaza|Air Lock
|move|p1a: Kyogre|Origin Pulse|p2a: Rayquaza
|-resisted|p2a: Rayquaza
|-damage|p2a: Rayquaza|64/100
|
|-weather|PrimordialSea|[upkeep]
|upkeep
|turn|9
|
|t:|1653766564
|detailschange|p2a: Rayquaza|Rayquaza-Mega
|-mega|p2a: Rayquaza|Rayquaza|
|-weather|DeltaStream|[from] ability: Delta Stream|[of] p2a: Rayquaza
|move|p2a: Rayquaza|Dragon Ascent|p1a: Kyogre
|-damage|p1a: Kyogre|0 fnt
|-unboost|p2a: Rayquaza|def|1
|-unboost|p2a: Rayquaza|spd|1
|faint|p1a: Kyogre
|
|-weather|DeltaStream|[upkeep]
|upkeep
|
|t:|1653766578
|switch|p1a: Zacian|Zacian-Crowned|29/100
|-ability|p1a: Zacian|Intrepid Sword|boost
|-boost|p1a: Zacian|atk|1
|turn|10
|
|t:|1653766581
|-weather|none
|switch|p2a: Necrozma|Necrozma-Dusk-Mane|75/100
|move|p1a: Zacian|Close Combat|p2a: Necrozma
|-damage|p2a: Necrozma|34/100
|-unboost|p1a: Zacian|def|1
|-unboost|p1a: Zacian|spd|1
|-damage|p1a: Zacian|12/100|[from] item: Rocky Helmet|[of] p2a: Necrozma
|
|upkeep
|turn|11
|
|t:|1653766592
|switch|p1a: Arceus|Arceus-Dark|100/100
|move|p2a: Necrozma|Moonlight|p2a: Necrozma
|-heal|p2a: Necrozma|84/100
|
|upkeep
|turn|12
|
|t:|1653766598
|switch|p2a: Arceus|Arceus-Fairy|85/100
|move|p1a: Arceus|Whirlpool|p2a: Arceus
|-damage|p2a: Arceus|78/100
|-activate|p2a: Arceus|move: Whirlpool|[of] p1a: Arceus
|
|-damage|p2a: Arceus|66/100|[from] move: Whirlpool|[partiallytrapped]
|upkeep
|turn|13
|
|t:|1653766603
|move|p1a: Arceus|Perish Song|p1a: Arceus
|-start|p1a: Arceus|perish3|[silent]
|-start|p2a: Arceus|perish3|[silent]
|-fieldactivate|move: Perish Song
|move|p2a: Arceus|Earth Power|p1a: Arceus
|-damage|p1a: Arceus|85/100
|-unboost|p1a: Arceus|spd|1
|
|-damage|p2a: Arceus|53/100|[from] move: Whirlpool|[partiallytrapped]
|-start|p2a: Arceus|perish3
|-start|p1a: Arceus|perish3
|upkeep
|turn|14
|
|t:|1653766607
|move|p1a: Arceus|Recover|p1a: Arceus
|-heal|p1a: Arceus|100/100
|move|p2a: Arceus|Calm Mind|p2a: Arceus
|-boost|p2a: Arceus|spa|1
|-boost|p2a: Arceus|spd|1
|
|-damage|p2a: Arceus|41/100|[from] move: Whirlpool|[partiallytrapped]
|-start|p2a: Arceus|perish2
|-start|p1a: Arceus|perish2
|upkeep
|turn|15
|
|t:|1653766612
|move|p1a: Arceus|Recover||[still]
|-fail|p1a: Arceus|heal
|move|p2a: Arceus|Judgment|p1a: Arceus
|-supereffective|p1a: Arceus
|-damage|p1a: Arceus|0 fnt
|faint|p1a: Arceus
|
|-end|p2a: Arceus|Whirlpool|[partiallytrapped]|[silent]
|-start|p2a: Arceus|perish1
|upkeep
|
|t:|1653766616
|switch|p1a: Zacian|Zacian-Crowned|12/100
|-ability|p1a: Zacian|Intrepid Sword|boost
|-boost|p1a: Zacian|atk|1
|turn|16
|
|t:|1653766620
|switch|p2a: Rayquaza|Rayquaza-Mega|64/100
|-weather|DeltaStream|[from] ability: Delta Stream|[of] p2a: Rayquaza
|move|p1a: Zacian|Close Combat|p2a: Rayquaza
|-resisted|p2a: Rayquaza
|-damage|p2a: Rayquaza|25/100
|-unboost|p1a: Zacian|def|1
|-unboost|p1a: Zacian|spd|1
|
|-weather|DeltaStream|[upkeep]
|upkeep
|turn|17
|c|☆vi3beswithchanell1|MISCLICK
|c|☆vi3beswithchanell1|Oh
|c|☆vi3beswithchanell1|Nvm
|
|t:|1653766629
|switch|p1a: Necrozma|Necrozma-Dusk-Mane|100/100
|move|p2a: Rayquaza|Extreme Speed|p1a: Necrozma
|-resisted|p1a: Necrozma
|-damage|p1a: Necrozma|85/100
|-damage|p2a: Rayquaza|8/100|[from] item: Rocky Helmet|[of] p1a: Necrozma
|
|-weather|DeltaStream|[upkeep]
|upkeep
|turn|18
|
|t:|1653766639
|-weather|none
|switch|p2a: Arceus|Arceus-Dark|100/100
|move|p1a: Necrozma|Moonlight|p1a: Necrozma
|-heal|p1a: Necrozma|100/100
|
|upkeep
|turn|19
|
|t:|1653766644
|move|p2a: Arceus|Will-O-Wisp|p1a: Necrozma
|-status|p1a: Necrozma|brn
|move|p1a: Necrozma|Stealth Rock|p2a: Arceus
|-sidestart|p2: vi3beswithchanell1|move: Stealth Rock
|
|-damage|p1a: Necrozma|94/100 brn|[from] brn
|upkeep
|turn|20
|
|t:|1653766651
|switch|p1a: Zacian|Zacian-Crowned|12/100
|-ability|p1a: Zacian|Intrepid Sword|boost
|-boost|p1a: Zacian|atk|1
|move|p2a: Arceus|Defog|p1a: Zacian
|-unboost|p1a: Zacian|evasion|1
|-sideend|p2: vi3beswithchanell1|Stealth Rock|[from] move: Defog|[of] p2a: Arceus
|
|upkeep
|turn|21
|
|t:|1653766655
|switch|p2a: Necrozma|Necrozma-Dusk-Mane|84/100
|move|p1a: Zacian|Close Combat|p2a: Necrozma
|-damage|p2a: Necrozma|45/100
|-unboost|p1a: Zacian|def|1
|-unboost|p1a: Zacian|spd|1
|-damage|p1a: Zacian|0 fnt|[from] item: Rocky Helmet|[of] p2a: Necrozma
|faint|p1a: Zacian
|
|upkeep
|
|t:|1653766658
|switch|p1a: Rayquaza|Rayquaza|100/100
|-ability|p1a: Rayquaza|Air Lock
|turn|22
|
|t:|1653766676
|detailschange|p1a: Rayquaza|Rayquaza-Mega
|-mega|p1a: Rayquaza|Rayquaza|
|-weather|DeltaStream|[from] ability: Delta Stream|[of] p1a: Rayquaza
|move|p1a: Rayquaza|Dragon Ascent|p2a: Necrozma
|-resisted|p2a: Necrozma
|-damage|p2a: Necrozma|21/100
|-unboost|p1a: Rayquaza|def|1
|-unboost|p1a: Rayquaza|spd|1
|-damage|p1a: Rayquaza|84/100|[from] item: Rocky Helmet|[of] p2a: Necrozma
|move|p2a: Necrozma|Moonlight|p2a: Necrozma
|-heal|p2a: Necrozma|71/100
|
|-weather|DeltaStream|[upkeep]
|upkeep
|turn|23
|-message|Wyvern.xyz forfeited.
|
|win|vi3beswithchanell1
|raw|Wyvern.xyz's rating: 1718 &rarr; <strong>1697</strong><br />(-21 for losing)
|raw|vi3beswithchanell1's rating: 1705 &rarr; <strong>1726</strong><br />(+21 for winning)
|l|☆Wyvern.xyz
