|j|☆Dominator296
|j|☆Pkmn3443
|t:|1620497920
|gametype|singles
|player|p1|Dominator296|257|1620
|player|p2|Pkmn3443|169|1849
|teamsize|p1|6
|teamsize|p2|6
|gen|8
|tier|[Gen 8] National Dex AG
|rated|
|rule|HP Percentage Mod: HP is shown in percentages
|rule|Endless Battle Clause: Forcing endless battles is banned
|clearpoke
|poke|p1|Kyogre|
|poke|p1|Groudon|
|poke|p1|Deoxys-Attack|
|poke|p1|Necrozma-Dusk-Mane|
|poke|p1|Ampharos, F|
|poke|p1|Arceus-*|
|poke|p2|Zacian-*|
|poke|p2|Necrozma-Dusk-Mane|
|poke|p2|Ditto|
|poke|p2|Ho-Oh|
|poke|p2|Rayquaza|
|poke|p2|Yveltal|
|teampreview
|
|t:|1620497933
|start
|updatepoke|p2: Zacian|Zacian-Crowned
|switch|p1a: Kyogre|Kyogre|100/100
|switch|p2a: Zacian|Zacian-Crowned|100/100
|-weather|RainDance|[from] ability: Drizzle|[of] p1a: Kyogre
|-ability|p2a: Zacian|Intrepid Sword|boost
|-boost|p2a: Zacian|atk|1
|turn|1
|
|t:|1620497939
|switch|p2a: Ditto|Ditto|100/100
|-transform|p2a: Ditto|p1a: Kyogre|[from] ability: Imposter
|move|p1a: Kyogre|Water Spout|p2a: Ditto
|-resisted|p2a: Ditto
|-damage|p2a: Ditto|43/100
|
|-weather|RainDance|[upkeep]
|upkeep
|turn|2
|
|t:|1620497945
|switch|p2a: Rayquaza|Rayquaza|100/100
|-ability|p2a: Rayquaza|Air Lock
|move|p1a: Kyogre|Water Spout|p2a: Rayquaza
|-resisted|p2a: Rayquaza
|-damage|p2a: Rayquaza|52/100
|
|-weather|RainDance|[upkeep]
|upkeep
|turn|3
|
|t:|1620497975
|switch|p1a: Necrozma|Necrozma-Dusk-Mane|100/100
|detailschange|p2a: Rayquaza|Rayquaza-Mega
|-mega|p2a: Rayquaza|Rayquaza|
|-weather|DeltaStream|[from] ability: Delta Stream|[of] p2a: Rayquaza
|move|p2a: Rayquaza|Dragon Ascent|p1a: Necrozma
|-resisted|p1a: Necrozma
|-damage|p1a: Necrozma|56/100
|-unboost|p2a: Rayquaza|def|1
|-unboost|p2a: Rayquaza|spd|1
|-damage|p2a: Rayquaza|42/100|[from] item: Life Orb
|
|-weather|DeltaStream|[upkeep]
|upkeep
|turn|4
|
|t:|1620497993
|-weather|none
|switch|p2a: Necrozma|Necrozma-Dusk-Mane|100/100
|detailschange|p1a: Necrozma|Necrozma-Ultra
|-burst|p1a: Necrozma|Necrozma|Ultranecrozium Z
|move|p1a: Necrozma|Sunsteel Strike|p2a: Necrozma
|-resisted|p2a: Necrozma
|-damage|p2a: Necrozma|88/100
|-damage|p1a: Necrozma|40/100|[from] item: Rocky Helmet|[of] p2a: Necrozma
|
|upkeep
|turn|5
|
|t:|1620497999
|move|p1a: Necrozma|Stealth Rock|p2a: Necrozma
|-sidestart|p2: Pkmn3443|move: Stealth Rock
|move|p2a: Necrozma|Stealth Rock|p1a: Necrozma
|-sidestart|p1: Dominator296|move: Stealth Rock
|
|upkeep
|turn|6
|
|t:|1620498006
|move|p1a: Necrozma|Dragon Dance|p1a: Necrozma
|-boost|p1a: Necrozma|atk|1
|-boost|p1a: Necrozma|spe|1
|move|p2a: Necrozma|Knock Off|p1a: Necrozma
|-supereffective|p1a: Necrozma
|-damage|p1a: Necrozma|0 fnt
|faint|p1a: Necrozma
|
|upkeep
|
|t:|1620498025
|switch|p1a: Arceus|Arceus-Flying|100/100
|-damage|p1a: Arceus|76/100|[from] Stealth Rock
|turn|7
|
|t:|1620498032
|switch|p2a: Ho-Oh|Ho-Oh|100/100
|move|p1a: Arceus|Calm Mind|p1a: Arceus
|-boost|p1a: Arceus|spa|1
|-boost|p1a: Arceus|spd|1
|
|upkeep
|turn|8
|
|t:|1620498038
|-start|p1a: Arceus|Dynamax
|-heal|p1a: Arceus|76/100|[silent]
|move|p1a: Arceus|Max Airstream|p2a: Ho-Oh
|-damage|p2a: Ho-Oh|52/100
|-boost|p1a: Arceus|spe|1
|move|p2a: Ho-Oh|Whirlwind|p1a: Arceus
|-block|p1a: Arceus|Dynamax
|
|upkeep
|turn|9
|
|t:|1620498043
|move|p1a: Arceus|Max Airstream|p2a: Ho-Oh
|-damage|p2a: Ho-Oh|7/100
|-boost|p1a: Arceus|spe|1
|move|p2a: Ho-Oh|Toxic|p1a: Arceus
|-status|p1a: Arceus|tox
|
|-damage|p1a: Arceus|73/100 tox|[from] psn
|upkeep
|turn|10
|
|t:|1620498047
|switch|p2a: Zacian|Zacian-Crowned|100/100
|-damage|p2a: Zacian|94/100|[from] Stealth Rock
|-ability|p2a: Zacian|Intrepid Sword|boost
|-boost|p2a: Zacian|atk|1
|move|p1a: Arceus|Max Airstream|p2a: Zacian
|-resisted|p2a: Zacian
|-damage|p2a: Zacian|52/100
|-boost|p1a: Arceus|spe|1
|
|-damage|p1a: Arceus|66/100 tox|[from] psn
|-end|p1a: Arceus|Dynamax
|-heal|p1a: Arceus|66/100 tox|[silent]
|upkeep
|turn|11
|
|t:|1620498052
|move|p1a: Arceus|Judgment|p2a: Zacian
|-resisted|p2a: Zacian
|-damage|p2a: Zacian|20/100
|move|p2a: Zacian|Behemoth Blade|p1a: Arceus
|-damage|p1a: Arceus|18/100 tox
|
|-damage|p1a: Arceus|0 fnt|[from] psn
|faint|p1a: Arceus
|upkeep
|
|t:|1620498085
|switch|p1a: Kyogre|Kyogre|100/100
|-damage|p1a: Kyogre|88/100|[from] Stealth Rock
|-weather|RainDance|[from] ability: Drizzle|[of] p1a: Kyogre
|turn|12
|
|t:|1620498092
|move|p1a: Kyogre|Thunder|p2a: Zacian
|-damage|p2a: Zacian|0 fnt
|faint|p2a: Zacian
|
|-weather|RainDance|[upkeep]
|upkeep
|j| Mak = ZekromLord
|
|t:|1620498096
|switch|p2a: Necrozma|Necrozma-Dusk-Mane|88/100
|-damage|p2a: Necrozma|82/100|[from] Stealth Rock
|turn|13
|
|t:|1620498102
|switch|p1a: Ampharos|Ampharos, F|100/100
|-damage|p1a: Ampharos|88/100|[from] Stealth Rock
|move|p2a: Necrozma|Knock Off|p1a: Ampharos
|-damage|p1a: Ampharos|65/100
|
|-weather|RainDance|[upkeep]
|upkeep
|turn|14
|
|t:|1620498112
|detailschange|p1a: Ampharos|Ampharos-Mega, F
|-mega|p1a: Ampharos|Ampharos|Ampharosite
|-ability|p1a: Ampharos|Mold Breaker
|move|p2a: Necrozma|Knock Off|p1a: Ampharos
|-damage|p1a: Ampharos|44/100
|move|p1a: Ampharos|Thunderbolt|p2a: Necrozma
|-damage|p2a: Necrozma|37/100
|
|-weather|RainDance|[upkeep]
|upkeep
|turn|15
|
|t:|1620498119
|move|p2a: Necrozma|Morning Sun|p2a: Necrozma
|-heal|p2a: Necrozma|62/100
|move|p1a: Ampharos|Dragon Pulse|p2a: Necrozma
|-resisted|p2a: Necrozma
|-damage|p2a: Necrozma|38/100
|
|-weather|RainDance|[upkeep]
|upkeep
|turn|16
|
|t:|1620498125
|move|p2a: Necrozma|Morning Sun|p2a: Necrozma
|-heal|p2a: Necrozma|63/100
|move|p1a: Ampharos|Thunderbolt|p2a: Necrozma
|-damage|p2a: Necrozma|14/100
|
|-weather|none
|upkeep
|turn|17
|
|t:|1620498130
|move|p2a: Necrozma|Morning Sun|p2a: Necrozma
|-heal|p2a: Necrozma|64/100
|move|p1a: Ampharos|Dragon Pulse|p2a: Necrozma
|-resisted|p2a: Necrozma
|-damage|p2a: Necrozma|41/100
|
|upkeep
|turn|18
|
|t:|1620498135
|move|p2a: Necrozma|Morning Sun|p2a: Necrozma
|-heal|p2a: Necrozma|91/100
|move|p1a: Ampharos|Thunderbolt|p2a: Necrozma
|-damage|p2a: Necrozma|38/100
|
|upkeep
|turn|19
|
|t:|1620498145
|move|p2a: Necrozma|Morning Sun|p2a: Necrozma
|-heal|p2a: Necrozma|88/100
|move|p1a: Ampharos|Thunderbolt|p2a: Necrozma
|-damage|p2a: Necrozma|36/100
|
|upkeep
|turn|20
|
|t:|1620498155
|move|p2a: Necrozma|Sunsteel Strike|p1a: Ampharos
|-resisted|p1a: Ampharos
|-damage|p1a: Ampharos|22/100
|move|p1a: Ampharos|Thunderbolt|p2a: Necrozma
|-damage|p2a: Necrozma|0 fnt
|faint|p2a: Necrozma
|
|upkeep
|
|t:|1620498169
|switch|p2a: Ho-Oh|Ho-Oh|41/100
|turn|21
|
|t:|1620498174
|switch|p2a: Ditto|Ditto|43/100
|-damage|p2a: Ditto|31/100|[from] Stealth Rock
|-transform|p2a: Ditto|p1a: Ampharos|[from] ability: Imposter
|-ability|p2a: Ditto|Mold Breaker
|move|p1a: Ampharos|Power Gem|p2a: Ditto
|-damage|p2a: Ditto|0 fnt
|faint|p2a: Ditto
|
|upkeep
|
|t:|1620498178
|switch|p2a: Rayquaza|Rayquaza-Mega|42/100
|-damage|p2a: Rayquaza|17/100|[from] Stealth Rock
|-weather|DeltaStream|[from] ability: Delta Stream|[of] p2a: Rayquaza
|turn|22
|
|t:|1620498183
|move|p2a: Rayquaza|Dragon Ascent|p1a: Ampharos
|-resisted|p1a: Ampharos
|-damage|p1a: Ampharos|0 fnt
|-unboost|p2a: Rayquaza|def|1
|-unboost|p2a: Rayquaza|spd|1
|faint|p1a: Ampharos
|-damage|p2a: Rayquaza|7/100|[from] item: Life Orb
|
|-weather|DeltaStream|[upkeep]
|upkeep
|
|t:|1620498190
|switch|p1a: Deoxys|Deoxys-Attack|100/100
|-damage|p1a: Deoxys|88/100|[from] Stealth Rock
|-ability|p1a: Deoxys|Pressure
|turn|23
|
|t:|1620498194
|move|p1a: Deoxys|Extreme Speed|p2a: Rayquaza
|-damage|p2a: Rayquaza|0 fnt
|faint|p2a: Rayquaza
|-weather|none
|
|upkeep
|
|t:|1620498200
|switch|p2a: Yveltal|Yveltal|100/100
|-damage|p2a: Yveltal|76/100|[from] Stealth Rock
|-ability|p2a: Yveltal|Dark Aura
|turn|24
|
|t:|1620498203
|-start|p2a: Yveltal|Dynamax
|-heal|p2a: Yveltal|76/100|[silent]
|move|p1a: Deoxys|Thunderbolt|p2a: Yveltal
|-supereffective|p2a: Yveltal
|-damage|p2a: Yveltal|46/100
|move|p2a: Yveltal|Max Airstream|p1a: Deoxys
|-damage|p1a: Deoxys|0 fnt
|-boost|p2a: Yveltal|spe|1
|faint|p1a: Deoxys
|-damage|p2a: Yveltal|41/100|[from] item: Life Orb
|
|upkeep
|
|t:|1620498214
|switch|p1a: Kyogre|Kyogre|88/100
|-damage|p1a: Kyogre|76/100|[from] Stealth Rock
|-weather|RainDance|[from] ability: Drizzle|[of] p1a: Kyogre
|turn|25
|
|t:|1620498219
|move|p2a: Yveltal|Max Darkness|p1a: Kyogre
|-damage|p1a: Kyogre|0 fnt
|faint|p1a: Kyogre
|-damage|p2a: Yveltal|36/100|[from] item: Life Orb
|
|-weather|RainDance|[upkeep]
|upkeep
|
|t:|1620498225
|switch|p1a: Groudon|Groudon|100/100
|-damage|p1a: Groudon|94/100|[from] Stealth Rock
|detailschange|p1a: Groudon|Groudon-Primal
|-primal|p1a: Groudon
|-weather|DesolateLand|[from] ability: Desolate Land|[of] p1a: Groudon
|turn|26
|
|t:|1620498229
|move|p2a: Yveltal|Max Airstream|p1a: Groudon
|-damage|p1a: Groudon|11/100
|-boost|p2a: Yveltal|spe|1
|-damage|p2a: Yveltal|31/100|[from] item: Life Orb
|move|p1a: Groudon|Fire Punch|p2a: Yveltal
|-damage|p2a: Yveltal|0 fnt
|faint|p2a: Yveltal
|
|-weather|DesolateLand|[upkeep]
|upkeep
|
|t:|1620498232
|switch|p2a: Ho-Oh|Ho-Oh|74/100
|turn|27
|
|t:|1620498234
|move|p1a: Groudon|Rock Slide|p2a: Ho-Oh
|-supereffective|p2a: Ho-Oh
|-damage|p2a: Ho-Oh|0 fnt
|faint|p2a: Ho-Oh
|
|win|Dominator296
|raw|Dominator296's rating: 1621 &rarr; <strong>1653</strong><br />(+32 for winning)
|raw|Pkmn3443's rating: 1849 &rarr; <strong>1817</strong><br />(-32 for losing)
