|j|‽NykterStein
|j|‽perpetualmassacres
|t:|1663833450
|gametype|singles
|player|p1|NykterStein|lady|1118
|player|p2|perpetualmassacres|lillie-masters2|1046
|teamsize|p1|2
|teamsize|p2|6
|gen|8
|tier|[Gen 8] National Dex AG
|rated|
|rule|HP Percentage Mod: HP is shown in percentages
|rule|Endless Battle Clause: Forcing endless battles is banned
|clearpoke
|poke|p1|Aerodactyl, M|
|poke|p1|Smeargle, F|
|poke|p2|Staraptor, M|
|poke|p2|Staraptor, F|
|poke|p2|Staraptor, M|
|poke|p2|Staraptor, F|
|poke|p2|Staraptor, M|
|poke|p2|Staraptor, F|
|teampreview
|inactive|Battle timer is ON: inactive players will automatically lose when time's up. (requested by perpetualmassacres)
|inactive|NykterStein also wants the timer to be on.
|
|t:|1663833456
|start
|switch|p1a: Aerodactyl|Aerodactyl, M|100/100
|switch|p2a: Staraptor|Staraptor, M|100/100
|-ability|p1a: Aerodactyl|Pressure
|turn|1
|
|t:|1663833464
|move|p1a: Aerodactyl|Stealth Rock|p2a: Staraptor
|-sidestart|p2: perpetualmassacres|move: Stealth Rock
|move|p2a: Staraptor|Brave Bird|p1a: Aerodactyl
|-resisted|p1a: Aerodactyl
|-damage|p1a: Aerodactyl|4/100
|-damage|p2a: Staraptor|70/100|[from] Recoil
|
|upkeep
|turn|2
|
|t:|1663833472
|move|p1a: Aerodactyl|Tailwind|p1a: Aerodactyl
|-sidestart|p1: NykterStein|move: Tailwind
|move|p2a: Staraptor|Brave Bird|p1a: Aerodactyl
|-resisted|p1a: Aerodactyl
|-damage|p1a: Aerodactyl|0 fnt
|faint|p1a: Aerodactyl
|-damage|p2a: Staraptor|69/100|[from] Recoil
|
|upkeep
|
|t:|1663833479
|switch|p1a: Smeargle|Smeargle, F, shiny|100/100
|turn|3
|
|t:|1663833482
|move|p1a: Smeargle|Spore|p2a: Staraptor
|-status|p2a: Staraptor|slp|[from] move: Spore
|cant|p2a: Staraptor|slp
|
|-ability|p1a: Smeargle|Moody|boost
|-boost|p1a: Smeargle|spe|2
|-unboost|p1a: Smeargle|def|1
|upkeep
|turn|4
|
|t:|1663833492
|move|p1a: Smeargle|Substitute|p1a: Smeargle
|-start|p1a: Smeargle|Substitute
|-damage|p1a: Smeargle|76/100
|cant|p2a: Staraptor|slp
|
|-heal|p1a: Smeargle|82/100|[from] item: Leftovers
|-ability|p1a: Smeargle|Moody|boost
|-boost|p1a: Smeargle|def|2
|-unboost|p1a: Smeargle|spe|1
|upkeep
|turn|5
|
|t:|1663833508
|move|p1a: Smeargle|Power Trip|p2a: Staraptor
|-damage|p2a: Staraptor|57/100 slp
|cant|p2a: Staraptor|slp
|
|-heal|p1a: Smeargle|88/100|[from] item: Leftovers
|-sideend|p1: NykterStein|move: Tailwind
|-ability|p1a: Smeargle|Moody|boost
|-boost|p1a: Smeargle|def|2
|-unboost|p1a: Smeargle|spd|1
|upkeep
|turn|6
|
|t:|1663833519
|move|p1a: Smeargle|Spore|p2a: Staraptor
|-fail|p2a: Staraptor|slp
|-curestatus|p2a: Staraptor|slp|[msg]
|move|p2a: Staraptor|Brave Bird|p1a: Smeargle
|-end|p1a: Smeargle|Substitute
|-damage|p2a: Staraptor|50/100|[from] Recoil|[of] p1a: Smeargle
|
|-heal|p1a: Smeargle|94/100|[from] item: Leftovers
|-ability|p1a: Smeargle|Moody|boost
|-boost|p1a: Smeargle|spd|2
|-unboost|p1a: Smeargle|atk|1
|upkeep
|turn|7
|
|t:|1663833531
|move|p1a: Smeargle|Spore|p2a: Staraptor
|-status|p2a: Staraptor|slp|[from] move: Spore
|cant|p2a: Staraptor|slp
|
|-heal|p1a: Smeargle|99/100|[from] item: Leftovers
|-ability|p1a: Smeargle|Moody|boost
|-boost|p1a: Smeargle|atk|2
|-unboost|p1a: Smeargle|spa|1
|upkeep
|turn|8
|
|t:|1663833540
|move|p1a: Smeargle|Substitute|p1a: Smeargle
|-start|p1a: Smeargle|Substitute
|-damage|p1a: Smeargle|75/100
|cant|p2a: Staraptor|slp
|
|-heal|p1a: Smeargle|81/100|[from] item: Leftovers
|-ability|p1a: Smeargle|Moody|boost
|-boost|p1a: Smeargle|spd|2
|-unboost|p1a: Smeargle|spa|1
|upkeep
|turn|9
|
|t:|1663833550
|move|p1a: Smeargle|Power Trip|p2a: Staraptor
|-damage|p2a: Staraptor|0 fnt
|faint|p2a: Staraptor
|
|-heal|p1a: Smeargle|87/100|[from] item: Leftovers
|-ability|p1a: Smeargle|Moody|boost
|-boost|p1a: Smeargle|spe|2
|-unboost|p1a: Smeargle|def|1
|upkeep
|
|t:|1663833562
|switch|p2a: Staraptor|Staraptor, M|100/100
|-damage|p2a: Staraptor|75/100|[from] Stealth Rock
|turn|10
|
|t:|1663833566
|move|p2a: Staraptor|Quick Attack|p1a: Smeargle
|-end|p1a: Smeargle|Substitute
|move|p1a: Smeargle|Spore|p2a: Staraptor
|-status|p2a: Staraptor|slp|[from] move: Spore
|
|-heal|p1a: Smeargle|93/100|[from] item: Leftovers
|-ability|p1a: Smeargle|Moody|boost
|-boost|p1a: Smeargle|def|2
|-unboost|p1a: Smeargle|spe|1
|upkeep
|turn|11
|
|t:|1663833576
|cant|p2a: Staraptor|slp
|move|p1a: Smeargle|Substitute|p1a: Smeargle
|-start|p1a: Smeargle|Substitute
|-damage|p1a: Smeargle|68/100
|
|-heal|p1a: Smeargle|74/100|[from] item: Leftovers
|-ability|p1a: Smeargle|Moody|boost
|-boost|p1a: Smeargle|spa|2
|-unboost|p1a: Smeargle|def|1
|upkeep
|turn|12
|
|t:|1663833585
|cant|p2a: Staraptor|slp
|move|p1a: Smeargle|Power Trip|p2a: Staraptor
|-damage|p2a: Staraptor|17/100 slp
|
|-heal|p1a: Smeargle|80/100|[from] item: Leftovers
|-ability|p1a: Smeargle|Moody|boost
|-boost|p1a: Smeargle|spa|2
|-unboost|p1a: Smeargle|spe|1
|upkeep
|turn|13
|
|t:|1663833595
|cant|p2a: Staraptor|slp
|move|p1a: Smeargle|Power Trip|p2a: Staraptor
|-damage|p2a: Staraptor|0 fnt
|faint|p2a: Staraptor
|
|-heal|p1a: Smeargle|86/100|[from] item: Leftovers
|-ability|p1a: Smeargle|Moody|boost
|-boost|p1a: Smeargle|atk|2
|-unboost|p1a: Smeargle|spa|1
|upkeep
|
|t:|1663833605
|switch|p2a: Staraptor|Staraptor, F|100/100
|-damage|p2a: Staraptor|76/100|[from] Stealth Rock
|-ability|p2a: Staraptor|Intimidate|boost
|-immune|p1a: Smeargle
|turn|14
|
|t:|1663833616
|move|p2a: Staraptor|Quick Attack|p1a: Smeargle
|-crit|p1a: Smeargle
|-end|p1a: Smeargle|Substitute
|move|p1a: Smeargle|Spore|p2a: Staraptor
|-status|p2a: Staraptor|slp|[from] move: Spore
|
|-heal|p1a: Smeargle|92/100|[from] item: Leftovers
|-ability|p1a: Smeargle|Moody|boost
|-boost|p1a: Smeargle|spe|2
|-unboost|p1a: Smeargle|def|1
|upkeep
|turn|15
|
|t:|1663833627
|cant|p2a: Staraptor|slp
|move|p1a: Smeargle|Substitute|p1a: Smeargle
|-start|p1a: Smeargle|Substitute
|-damage|p1a: Smeargle|67/100
|
|-heal|p1a: Smeargle|73/100|[from] item: Leftovers
|-ability|p1a: Smeargle|Moody|boost
|-boost|p1a: Smeargle|atk|2
|-unboost|p1a: Smeargle|def|1
|upkeep
|turn|16
|
|t:|1663833637
|cant|p2a: Staraptor|slp
|move|p1a: Smeargle|Power Trip|p2a: Staraptor
|-damage|p2a: Staraptor|0 fnt
|faint|p2a: Staraptor
|
|-heal|p1a: Smeargle|79/100|[from] item: Leftovers
|-ability|p1a: Smeargle|Moody|boost
|-boost|p1a: Smeargle|spd|2
|-unboost|p1a: Smeargle|spe|1
|upkeep
|
|t:|1663833648
|switch|p2a: Staraptor|Staraptor, M|100/100
|-damage|p2a: Staraptor|75/100|[from] Stealth Rock
|turn|17
|
|t:|1663833653
|move|p1a: Smeargle|Spore|p2a: Staraptor
|-status|p2a: Staraptor|slp|[from] move: Spore
|cant|p2a: Staraptor|slp
|
|-heal|p1a: Smeargle|85/100|[from] item: Leftovers
|-ability|p1a: Smeargle|Moody|boost
|-boost|p1a: Smeargle|spe|2
|-unboost|p1a: Smeargle|spa|1
|upkeep
|turn|18
|
|t:|1663833662
|move|p1a: Smeargle|Power Trip|p2a: Staraptor
|-damage|p2a: Staraptor|0 fnt
|faint|p2a: Staraptor
|
|-heal|p1a: Smeargle|91/100|[from] item: Leftovers
|-ability|p1a: Smeargle|Moody|boost
|-boost|p1a: Smeargle|spe|2
|-unboost|p1a: Smeargle|def|1
|upkeep
|
|t:|1663833673
|switch|p2a: Staraptor|Staraptor, F, shiny|100/100
|-damage|p2a: Staraptor|75/100|[from] Stealth Rock
|turn|19
|
|t:|1663833678
|move|p2a: Staraptor|Quick Attack|p1a: Smeargle
|-end|p1a: Smeargle|Substitute
|move|p1a: Smeargle|Spore|p2a: Staraptor
|-status|p2a: Staraptor|slp|[from] move: Spore
|
|-heal|p1a: Smeargle|97/100|[from] item: Leftovers
|-ability|p1a: Smeargle|Moody|boost
|-boost|p1a: Smeargle|spa|2
|-unboost|p1a: Smeargle|spe|1
|upkeep
|turn|20
|
|t:|1663833687
|cant|p2a: Staraptor|slp
|move|p1a: Smeargle|Substitute|p1a: Smeargle
|-start|p1a: Smeargle|Substitute
|-damage|p1a: Smeargle|73/100
|
|-heal|p1a: Smeargle|79/100|[from] item: Leftovers
|-ability|p1a: Smeargle|Moody|boost
|-boost|p1a: Smeargle|spe|1
|-unboost|p1a: Smeargle|atk|1
|upkeep
|turn|21
|
|t:|1663833697
|cant|p2a: Staraptor|slp
|move|p1a: Smeargle|Power Trip|p2a: Staraptor
|-damage|p2a: Staraptor|0 fnt
|faint|p2a: Staraptor
|
|-heal|p1a: Smeargle|85/100|[from] item: Leftovers
|-ability|p1a: Smeargle|Moody|boost
|-boost|p1a: Smeargle|def|2
|-unboost|p1a: Smeargle|spd|1
|upkeep
|
|t:|1663833708
|switch|p2a: Staraptor|Staraptor, F|100/100
|-damage|p2a: Staraptor|76/100|[from] Stealth Rock
|-ability|p2a: Staraptor|Intimidate|boost
|-immune|p1a: Smeargle
|turn|22
|
|t:|1663833713
|move|p1a: Smeargle|Power Trip|p2a: Staraptor
|-damage|p2a: Staraptor|0 fnt
|faint|p2a: Staraptor
|
|win|NykterStein
|raw|NykterStein's rating: 1118 &rarr; <strong>1138</strong><br />(+20 for winning)
|raw|perpetualmassacres's rating: 1046 &rarr; <strong>1033</strong><br />(-13 for losing)
