|j|☆Ike745
|j|☆KoKoNutNutNut06
|t:|1663003484
|gametype|singles
|player|p1|Ike745|blue|1797
|player|p2|KoKoNutNutNut06|blue|1604
|teamsize|p1|6
|teamsize|p2|6
|gen|8
|tier|[Gen 8] National Dex AG
|rated|
|rule|HP Percentage Mod: HP is shown in percentages
|rule|Endless Battle Clause: Forcing endless battles is banned
|clearpoke
|poke|p1|Rayquaza|
|poke|p1|Groudon|
|poke|p1|Arceus-*|
|poke|p1|Calyrex-Shadow|
|poke|p1|Yveltal|
|poke|p1|Arceus-*|
|poke|p2|Ditto|
|poke|p2|Arceus-*|
|poke|p2|Groudon|
|poke|p2|Xerneas-*|
|poke|p2|Regieleki|
|poke|p2|Yveltal|
|teampreview
|inactive|Battle timer is ON: inactive players will automatically lose when time's up. (requested by KoKoNutNutNut06)
|
|t:|1663003495
|start
|switch|p1a: Groudon|Groudon, shiny|100/100
|switch|p2a: Regieleki|Regieleki|100/100
|detailschange|p1a: Groudon|Groudon-Primal, shiny
|-primal|p1a: Groudon
|-weather|DesolateLand|[from] ability: Desolate Land|[of] p1a: Groudon
|turn|1
|c|☆Ike745|gl hf
|c|☆KoKoNutNutNut06|gl hf
|
|t:|1663003510
|switch|p2a: Yveltal|Yveltal|100/100
|-ability|p2a: Yveltal|Dark Aura
|move|p1a: Groudon|Stealth Rock|p2a: Yveltal
|-sidestart|p2: KoKoNutNutNut06|move: Stealth Rock
|
|-weather|DesolateLand|[upkeep]
|upkeep
|turn|2
|
|t:|1663003516
|-weather|none
|switch|p1a: Arceus|Arceus-Fairy|100/100
|move|p2a: Yveltal|Foul Play|p1a: Arceus
|-resisted|p1a: Arceus
|-damage|p1a: Arceus|88/100
|
|upkeep
|turn|3
|
|t:|1663003522
|move|p1a: Arceus|Toxic|p2a: Yveltal|[miss]
|-miss|p1a: Arceus|p2a: Yveltal
|move|p2a: Yveltal|Defog|p1a: Arceus
|-unboost|p1a: Arceus|evasion|1
|-sideend|p2: KoKoNutNutNut06|Stealth Rock|[from] move: Defog|[of] p2a: Yveltal
|
|upkeep
|turn|4
|
|t:|1663003526
|move|p1a: Arceus|Toxic|p2a: Yveltal|[miss]
|-miss|p1a: Arceus|p2a: Yveltal
|move|p2a: Yveltal|U-turn|p1a: Arceus
|-resisted|p1a: Arceus
|-damage|p1a: Arceus|81/100
|
|t:|1663003529
|switch|p2a: Regieleki|Regieleki|100/100|[from]move: U-turn
|
|upkeep
|turn|5
|c|☆Ike745|bruh
|
|t:|1663003536
|switch|p1a: Groudon|Groudon-Primal, shiny|100/100
|-weather|DesolateLand|[from] ability: Desolate Land|[of] p1a: Groudon
|move|p2a: Regieleki|Volt Switch|p1a: Groudon
|-immune|p1a: Groudon
|
|-weather|DesolateLand|[upkeep]
|upkeep
|turn|6
|c|☆KoKoNutNutNut06|sorry
|
|t:|1663003557
|switch|p2a: Arceus|Arceus-Psychic|100/100
|move|p1a: Groudon|Stealth Rock|p2a: Arceus
|-sidestart|p2: KoKoNutNutNut06|move: Stealth Rock
|
|-weather|DesolateLand|[upkeep]
|upkeep
|turn|7
|
|t:|1663003565
|-weather|none
|switch|p1a: Arceus|Arceus-Fairy|81/100
|move|p2a: Arceus|Ice Beam|p1a: Arceus
|-damage|p1a: Arceus|68/100
|-status|p1a: Arceus|frz
|
|upkeep
|turn|8
|c|☆KoKoNutNutNut06|so sorry
|
|t:|1663003580
|move|p2a: Arceus|Judgment|p1a: Arceus
|-crit|p1a: Arceus
|-damage|p1a: Arceus|33/100 frz
|cant|p1a: Arceus|frz
|
|upkeep
|turn|9
|c|☆Ike745|lmaooo
|c|☆Ike745|it dont end
|
|t:|1663003594
|move|p2a: Arceus|Judgment|p1a: Arceus
|-damage|p1a: Arceus|10/100 frz
|-curestatus|p1a: Arceus|frz|[msg]
|move|p1a: Arceus|Recover|p1a: Arceus
|-heal|p1a: Arceus|60/100
|
|upkeep
|turn|10
|
|t:|1663003601
|move|p2a: Arceus|Will-O-Wisp|p1a: Arceus
|-status|p1a: Arceus|brn
|move|p1a: Arceus|Toxic|p2a: Arceus|[miss]
|-miss|p1a: Arceus|p2a: Arceus
|
|-damage|p1a: Arceus|54/100 brn|[from] brn
|upkeep
|turn|11
|c|☆Ike745|...
|
|t:|1663003622
|switch|p2a: Regieleki|Regieleki|100/100
|-damage|p2a: Regieleki|88/100|[from] Stealth Rock
|move|p1a: Arceus|Recover|p1a: Arceus
|-heal|p1a: Arceus|100/100 brn
|
|-damage|p1a: Arceus|94/100 brn|[from] brn
|upkeep
|turn|12
|
|t:|1663003627
|switch|p1a: Groudon|Groudon-Primal, shiny|100/100
|-weather|DesolateLand|[from] ability: Desolate Land|[of] p1a: Groudon
|move|p2a: Regieleki|Rapid Spin|p1a: Groudon
|-damage|p1a: Groudon|96/100
|-boost|p2a: Regieleki|spe|1
|-sideend|p2: KoKoNutNutNut06|Stealth Rock|[from] move: Rapid Spin|[of] p2a: Regieleki
|
|-weather|DesolateLand|[upkeep]
|upkeep
|turn|13
|
|t:|1663003632
|move|p2a: Regieleki|Explosion|p1a: Groudon
|-damage|p1a: Groudon|74/100
|faint|p2a: Regieleki
|move|p1a: Groudon|Stealth Rock|p2: Regieleki
|-sidestart|p2: KoKoNutNutNut06|move: Stealth Rock
|
|-weather|DesolateLand|[upkeep]
|upkeep
|
|t:|1663003635
|switch|p2a: Xerneas|Xerneas|100/100
|-damage|p2a: Xerneas|88/100|[from] Stealth Rock
|-ability|p2a: Xerneas|Fairy Aura
|turn|14
|
|t:|1663003638
|move|p2a: Xerneas|Geomancy||[still]
|-prepare|p2a: Xerneas|Geomancy
|-enditem|p2a: Xerneas|Power Herb
|-anim|p2a: Xerneas|Geomancy|p2a: Xerneas
|-boost|p2a: Xerneas|spa|2
|-boost|p2a: Xerneas|spd|2
|-boost|p2a: Xerneas|spe|2
|move|p1a: Groudon|Thunder Wave|p2a: Xerneas
|-status|p2a: Xerneas|par
|
|-weather|DesolateLand|[upkeep]
|upkeep
|turn|15
|
|t:|1663003646
|-start|p2a: Xerneas|Dynamax|
|-heal|p2a: Xerneas|88/100 par|[silent]
|cant|p2a: Xerneas|par
|move|p1a: Groudon|Precipice Blades|p2a: Xerneas
|-damage|p2a: Xerneas|59/100 par
|
|-weather|DesolateLand|[upkeep]
|upkeep
|turn|16
|
|t:|1663003654
|cant|p2a: Xerneas|par
|move|p1a: Groudon|Rock Tomb|p2a: Xerneas
|-damage|p2a: Xerneas|49/100 par
|-unboost|p2a: Xerneas|spe|1
|
|-weather|DesolateLand|[upkeep]
|upkeep
|turn|17
|c|☆Ike745|the retribution
|c|☆KoKoNutNutNut06|this is karma
|c|☆KoKoNutNutNut06|weird match
|c|☆KoKoNutNutNut06|gg
|-message|KoKoNutNutNut06 forfeited.
|
|win|Ike745
|raw|Ike745's rating: 1797 &rarr; <strong>1807</strong><br />(+10 for winning)
|raw|KoKoNutNutNut06's rating: 1604 &rarr; <strong>1594</strong><br />(-10 for losing)
|c|☆Ike745|gg
|l|☆KoKoNutNutNut06
||Ladder isn't responding, score probably updated but might not have (Request timeout).
