|j|☆IWSK
|j|☆85792195wwww
|t:|1656678307
|gametype|singles
|player|p1|IWSK|lucas|1769
|player|p2|85792195wwww|265|1758
|teamsize|p1|6
|teamsize|p2|6
|gen|8
|tier|[Gen 8] National Dex AG
|rated|
|rule|HP Percentage Mod: HP is shown in percentages
|rule|Endless Battle Clause: Forcing endless battles is banned
|clearpoke
|poke|p1|Arceus-*|
|poke|p1|Necrozma-Dusk-Mane|
|poke|p1|Gengar, M|
|poke|p1|Ho-Oh|
|poke|p1|Gliscor, F|
|poke|p1|Yveltal|
|poke|p2|Rayquaza|
|poke|p2|Zacian-*|
|poke|p2|Kyogre|
|poke|p2|Arceus-*|
|poke|p2|Marshadow|
|poke|p2|Ditto|
|teampreview
|inactive|Battle timer is ON: inactive players will automatically lose when time's up. (requested by IWSK)
|
|t:|1656678319
|start
|switch|p1a: Arceus|Arceus-Water|100/100
|switch|p2a: Arceus|Arceus-Electric|100/100
|turn|1
|
|t:|1656678327
|switch|p1a: Gengar|Gengar, M|100/100
|move|p2a: Arceus|Stealth Rock|p1a: Gengar
|-sidestart|p1: IWSK|move: Stealth Rock
|
|upkeep
|turn|2
|
|t:|1656678334
|switch|p2a: Zacian|Zacian-Crowned|100/100
|-ability|p2a: Zacian|Intrepid Sword|boost
|-boost|p2a: Zacian|atk|1
|detailschange|p1a: Gengar|Gengar-Mega, M
|-mega|p1a: Gengar|Gengar|Gengarite
|move|p1a: Gengar|Encore||[still]
|-fail|p1a: Gengar
|
|upkeep
|turn|3
|
|t:|1656678343
|switch|p1a: Necrozma|Necrozma-Dusk-Mane|100/100
|-damage|p1a: Necrozma|94/100|[from] Stealth Rock
|move|p2a: Zacian|Close Combat|p1a: Necrozma
|-damage|p1a: Necrozma|54/100
|-unboost|p2a: Zacian|def|1
|-unboost|p2a: Zacian|spd|1
|-damage|p2a: Zacian|84/100|[from] item: Rocky Helmet|[of] p1a: Necrozma
|
|upkeep
|turn|4
|
|t:|1656678370
|switch|p2a: Kyogre|Kyogre|100/100
|detailschange|p2a: Kyogre|Kyogre-Primal
|-primal|p2a: Kyogre
|-weather|PrimordialSea|[from] ability: Primordial Sea|[of] p2a: Kyogre
|switch|p1a: Arceus|Arceus-Water|100/100
|-damage|p1a: Arceus|88/100|[from] Stealth Rock
|
|-weather|PrimordialSea|[upkeep]
|upkeep
|turn|5
|
|t:|1656678382
|-weather|none
|switch|p2a: Arceus|Arceus-Electric|100/100
|move|p1a: Arceus|Toxic|p2a: Arceus
|-status|p2a: Arceus|tox
|
|-damage|p2a: Arceus|94/100 tox|[from] psn
|upkeep
|turn|6
|
|t:|1656678395
|switch|p2a: Kyogre|Kyogre-Primal|100/100
|-weather|PrimordialSea|[from] ability: Primordial Sea|[of] p2a: Kyogre
|switch|p1a: Gengar|Gengar-Mega, M|100/100
|-damage|p1a: Gengar|88/100|[from] Stealth Rock
|
|-weather|PrimordialSea|[upkeep]
|upkeep
|turn|7
|
|t:|1656678405
|move|p1a: Gengar|Substitute|p1a: Gengar
|-start|p1a: Gengar|Substitute
|-damage|p1a: Gengar|63/100
|move|p2a: Kyogre|Scald|p1a: Gengar
|-end|p1a: Gengar|Substitute
|
|-weather|PrimordialSea|[upkeep]
|upkeep
|turn|8
|
|t:|1656678415
|move|p1a: Gengar|Substitute|p1a: Gengar
|-start|p1a: Gengar|Substitute
|-damage|p1a: Gengar|38/100
|move|p2a: Kyogre|Scald|p1a: Gengar
|-end|p1a: Gengar|Substitute
|
|-weather|PrimordialSea|[upkeep]
|upkeep
|turn|9
|
|t:|1656678422
|move|p1a: Gengar|Destiny Bond|p1a: Gengar
|-singlemove|p1a: Gengar|Destiny Bond
|move|p2a: Kyogre|Ice Beam|p1a: Gengar
|-damage|p1a: Gengar|0 fnt
|faint|p1a: Gengar
|-activate|p1a: Gengar|move: Destiny Bond
|faint|p2a: Kyogre
|-weather|none
|
|upkeep
|
|t:|1656678437
|switch|p1a: Ho-Oh|Ho-Oh|100/100
|switch|p2a: Rayquaza|Rayquaza|100/100
|-ability|p2a: Rayquaza|Air Lock
|turn|10
|
|t:|1656678447
|detailschange|p2a: Rayquaza|Rayquaza-Mega
|-mega|p2a: Rayquaza|Rayquaza|
|-weather|DeltaStream|[from] ability: Delta Stream|[of] p2a: Rayquaza
|move|p2a: Rayquaza|Dragon Ascent|p1a: Ho-Oh
|-damage|p1a: Ho-Oh|0 fnt
|-unboost|p2a: Rayquaza|def|1
|-unboost|p2a: Rayquaza|spd|1
|faint|p1a: Ho-Oh
|
|-weather|DeltaStream|[upkeep]
|upkeep
|
|t:|1656678456
|switch|p1a: Necrozma|Necrozma-Dusk-Mane|54/100
|-damage|p1a: Necrozma|48/100|[from] Stealth Rock
|turn|11
|
|t:|1656678465
|-weather|none
|switch|p2a: Marshadow|Marshadow|100/100
|move|p1a: Necrozma|Morning Sun|p1a: Necrozma
|-heal|p1a: Necrozma|98/100
|
|upkeep
|turn|12
|
|t:|1656678476
|switch|p1a: Gliscor|Gliscor, F|100/100
|-damage|p1a: Gliscor|88/100|[from] Stealth Rock
|move|p2a: Marshadow|Poltergeist|p1a: Gliscor
|-activate|p1a: Gliscor|move: Poltergeist|Toxic Orb
|-damage|p1a: Gliscor|29/100
|-damage|p2a: Marshadow|91/100|[from] item: Life Orb
|
|-status|p1a: Gliscor|tox|[from] item: Toxic Orb
|upkeep
|turn|13
|
|t:|1656678493
|move|p2a: Marshadow|Poltergeist|p1a: Gliscor
|-activate|p1a: Gliscor|move: Poltergeist|Toxic Orb
|-damage|p1a: Gliscor|0 fnt
|faint|p1a: Gliscor
|-damage|p2a: Marshadow|81/100|[from] item: Life Orb
|
|upkeep
|
|t:|1656678500
|switch|p1a: Yveltal|Yveltal|100/100
|-damage|p1a: Yveltal|76/100|[from] Stealth Rock
|-ability|p1a: Yveltal|Dark Aura
|turn|14
|
|t:|1656678510
|switch|p2a: Zacian|Zacian-Crowned|84/100
|-ability|p2a: Zacian|Intrepid Sword|boost
|-boost|p2a: Zacian|atk|1
|move|p1a: Yveltal|Oblivion Wing|p2a: Zacian
|-resisted|p2a: Zacian
|-damage|p2a: Zacian|63/100
|-heal|p1a: Yveltal|88/100|[from] drain|[of] p2a: Zacian
|
|upkeep
|turn|15
|
|t:|1656678526
|switch|p2a: Arceus|Arceus-Electric|94/100 tox
|switch|p1a: Necrozma|Necrozma-Dusk-Mane|98/100
|-damage|p1a: Necrozma|92/100|[from] Stealth Rock
|
|-damage|p2a: Arceus|88/100 tox|[from] psn
|upkeep
|turn|16
|
|t:|1656678537
|-start|p2a: Arceus|Dynamax|
|-heal|p2a: Arceus|88/100 tox|[silent]
|move|p2a: Arceus|Max Lightning|p1a: Necrozma
|-damage|p1a: Necrozma|33/100
|-fieldstart|move: Electric Terrain
|move|p1a: Necrozma|Earthquake|p2a: Arceus
|-supereffective|p2a: Arceus
|-damage|p2a: Arceus|64/100 tox
|
|-damage|p2a: Arceus|58/100 tox|[from] psn
|upkeep
|turn|17
|-message|IWSK forfeited.
|
|win|85792195wwww
|raw|IWSK's rating: 1769 &rarr; <strong>1748</strong><br />(-21 for losing)
|raw|85792195wwww's rating: 1758 &rarr; <strong>1779</strong><br />(+21 for winning)
|l|☆IWSK
