|j|☆cllout
|j|☆datboianish
|t:|1667701160
|gametype|singles
|player|p1|cllout|misty-lgpe|1645
|player|p2|datboianish|lucas|1522
|teamsize|p1|6
|teamsize|p2|6
|gen|8
|tier|[Gen 8] National Dex AG
|rated|
|rule|HP Percentage Mod: HP is shown in percentages
|rule|Endless Battle Clause: Forcing endless battles is banned
|clearpoke
|poke|p1|Smeargle, F|
|poke|p1|Marshadow|
|poke|p1|Yveltal|
|poke|p1|Necrozma-Dusk-Mane|
|poke|p1|Calyrex-Shadow|
|poke|p1|Zacian-*|
|poke|p2|Pheromosa|
|poke|p2|Lugia|
|poke|p2|Hitmonlee, M|
|poke|p2|Metagross|
|poke|p2|Cinderace, M|
|poke|p2|Yveltal|
|teampreview
|inactive|Battle timer is ON: inactive players will automatically lose when time's up. (requested by datboianish)
|inactive|cllout also wants the timer to be on.
|
|t:|1667701175
|start
|switch|p1a: Smeargle|Smeargle, F|100/100
|switch|p2a: Pheromosa|Pheromosa|100/100
|turn|1
|inactive|datboianish has 120 seconds left.
|
|t:|1667701214
|move|p2a: Pheromosa|U-turn|p1a: Smeargle
|-enditem|p1a: Smeargle|Focus Sash
|-damage|p1a: Smeargle|1/100
|
|t:|1667701221
|switch|p2a: Metagross|Metagross|100/100|[from]move: U-turn
|move|p1a: Smeargle|Sticky Web|p2a: Metagross
|-sidestart|p2: datboianish|move: Sticky Web
|
|upkeep
|turn|2
|inactive|datboianish has 120 seconds left.
|
|t:|1667701242
|detailschange|p2a: Metagross|Metagross-Mega
|-mega|p2a: Metagross|Metagross|Metagrossite
|move|p2a: Metagross|Meteor Mash|p1a: Smeargle
|-damage|p1a: Smeargle|0 fnt
|faint|p1a: Smeargle
|
|upkeep
|
|t:|1667701256
|switch|p1a: Calyrex|Calyrex-Shadow|100/100
|-ability|p1a: Calyrex|As One
|-ability|p1a: Calyrex|Unnerve
|turn|3
|inactive|datboianish has 120 seconds left.
|
|t:|1667701275
|move|p1a: Calyrex|Astral Barrage|p2a: Metagross
|-supereffective|p2a: Metagross
|-damage|p2a: Metagross|0 fnt
|faint|p2a: Metagross
|-ability|p1a: Calyrex|Grim Neigh|boost
|-boost|p1a: Calyrex|spa|1
|
|upkeep
|inactive|datboianish has 120 seconds left.
|
|t:|1667701281
|switch|p2a: Cinderace|Cinderace, M|100/100
|-activate|p2a: Cinderace|move: Sticky Web
|-unboost|p2a: Cinderace|spe|1
|turn|4
|
|t:|1667701302
|move|p1a: Calyrex|Draining Kiss|p2a: Cinderace
|-resisted|p2a: Cinderace
|-damage|p2a: Cinderace|78/100
|move|p2a: Cinderace|Court Change|p2a: Cinderace
|-start|p2a: Cinderace|typechange|Normal|[from] ability: Libero
|-swapsideconditions
|-activate|p2a: Cinderace|move: Court Change
|
|upkeep
|turn|5
|
|t:|1667701314
|move|p1a: Calyrex|Psyshock|p2a: Cinderace
|-damage|p2a: Cinderace|0 fnt
|faint|p2a: Cinderace
|-ability|p1a: Calyrex|Grim Neigh|boost
|-boost|p1a: Calyrex|spa|1
|
|upkeep
|
|t:|1667701322
|switch|p2a: Pheromosa|Pheromosa|100/100
|turn|6
|
|t:|1667701340
|move|p2a: Pheromosa|U-turn|p1a: Calyrex
|-damage|p1a: Calyrex|30/100
|
|t:|1667701350
|switch|p2a: Lugia|Lugia|100/100|[from]move: U-turn
|move|p1a: Calyrex|Psyshock|p2a: Lugia
|-resisted|p2a: Lugia
|-damage|p2a: Lugia|83/100
|
|-heal|p2a: Lugia|89/100|[from] item: Leftovers
|upkeep
|turn|7
|
|t:|1667701358
|move|p1a: Calyrex|Astral Barrage|p2a: Lugia
|-supereffective|p2a: Lugia
|-damage|p2a: Lugia|0 fnt
|faint|p2a: Lugia
|-ability|p1a: Calyrex|Grim Neigh|boost
|-boost|p1a: Calyrex|spa|1
|
|upkeep
|
|t:|1667701366
|switch|p2a: Pheromosa|Pheromosa|100/100
|turn|8
|
|t:|1667701377
|move|p2a: Pheromosa|U-turn|p1a: Calyrex
|-damage|p1a: Calyrex|0 fnt
|faint|p1a: Calyrex
|-ability|p2a: Pheromosa|Beast Boost|boost
|-boost|p2a: Pheromosa|spe|1
|
|t:|1667701384
|switch|p2a: Hitmonlee|Hitmonlee, M|100/100|[from]move: U-turn
|
|upkeep
|
|t:|1667701395
|switch|p1a: Yveltal|Yveltal, shiny|100/100
|-ability|p1a: Yveltal|Dark Aura
|turn|9
|
|t:|1667701403
|move|p2a: Hitmonlee|Endure|p2a: Hitmonlee
|-singleturn|p2a: Hitmonlee|move: Endure
|move|p1a: Yveltal|Defog|p2a: Hitmonlee
|-unboost|p2a: Hitmonlee|evasion|1
|-sideend|p1: cllout|Sticky Web|[from] move: Defog|[of] p1a: Yveltal
|
|upkeep
|turn|10
|
|t:|1667701412
|move|p2a: Hitmonlee|Endure|p2a: Hitmonlee
|-singleturn|p2a: Hitmonlee|move: Endure
|move|p1a: Yveltal|Taunt|p2a: Hitmonlee
|-start|p2a: Hitmonlee|move: Taunt
|
|upkeep
|turn|11
|
|t:|1667701441
|switch|p2a: Yveltal|Yveltal|100/100
|-ability|p2a: Yveltal|Dark Aura
|move|p1a: Yveltal|Knock Off|p2a: Yveltal
|-resisted|p2a: Yveltal
|-damage|p2a: Yveltal|71/100
|-enditem|p2a: Yveltal|Life Orb|[from] move: Knock Off|[of] p1a: Yveltal
|
|upkeep
|turn|12
|
|t:|1667701455
|move|p1a: Yveltal|Knock Off|p2a: Yveltal
|-resisted|p2a: Yveltal
|-damage|p2a: Yveltal|52/100
|move|p2a: Yveltal|Oblivion Wing|p1a: Yveltal
|-damage|p1a: Yveltal|69/100
|-heal|p2a: Yveltal|76/100|[from] drain|[of] p1a: Yveltal
|
|upkeep
|turn|13
|
|t:|1667701463
|move|p1a: Yveltal|Roost|p1a: Yveltal
|-heal|p1a: Yveltal|100/100
|-singleturn|p1a: Yveltal|move: Roost
|move|p2a: Yveltal|Oblivion Wing|p1a: Yveltal
|-damage|p1a: Yveltal|69/100
|-heal|p2a: Yveltal|100/100|[from] drain|[of] p1a: Yveltal
|
|upkeep
|turn|14
|
|t:|1667701479
|move|p1a: Yveltal|Roost|p1a: Yveltal
|-heal|p1a: Yveltal|100/100
|-singleturn|p1a: Yveltal|move: Roost
|move|p2a: Yveltal|Oblivion Wing|p1a: Yveltal
|-damage|p1a: Yveltal|70/100
|
|upkeep
|turn|15
|
|t:|1667701492
|move|p1a: Yveltal|Roost|p1a: Yveltal
|-heal|p1a: Yveltal|100/100
|-singleturn|p1a: Yveltal|move: Roost
|move|p2a: Yveltal|Taunt|p1a: Yveltal
|-start|p1a: Yveltal|move: Taunt
|
|upkeep
|turn|16
|
|t:|1667701508
|switch|p1a: Zacian|Zacian-Crowned|100/100
|-ability|p1a: Zacian|Intrepid Sword|boost
|-boost|p1a: Zacian|atk|1
|move|p2a: Yveltal|Oblivion Wing|p1a: Zacian
|-resisted|p1a: Zacian
|-damage|p1a: Zacian|79/100
|
|upkeep
|turn|17
|
|t:|1667701517
|move|p1a: Zacian|Play Rough|p2a: Yveltal
|-supereffective|p2a: Yveltal
|-damage|p2a: Yveltal|0 fnt
|faint|p2a: Yveltal
|
|upkeep
|
|t:|1667701523
|switch|p2a: Hitmonlee|Hitmonlee, M|100/100
|turn|18
|inactive|cllout has 120 seconds left.
|
|t:|1667701553
|move|p2a: Hitmonlee|Endure|p2a: Hitmonlee
|-singleturn|p2a: Hitmonlee|move: Endure
|move|p1a: Zacian|Behemoth Blade|p2a: Hitmonlee
|-activate|p2a: Hitmonlee|move: Endure
|-damage|p2a: Hitmonlee|1/100
|-enditem|p2a: Hitmonlee|Liechi Berry|[eat]
|-boost|p2a: Hitmonlee|atk|1|[from] item: Liechi Berry
|
|upkeep
|turn|19
|inactive|cllout has 120 seconds left.
|inactive|cllout has 90 seconds left.
|
|t:|1667701599
|move|p2a: Hitmonlee|Reversal|p1a: Zacian
|-damage|p1a: Zacian|0 fnt
|faint|p1a: Zacian
|
|upkeep
|
|t:|1667701606
|switch|p1a: Marshadow|Marshadow|100/100
|turn|20
|inactive|cllout has 90 seconds left.
|
|t:|1667701613
|move|p2a: Hitmonlee|Knock Off|p1a: Marshadow
|-damage|p1a: Marshadow|36/100
|-enditem|p1a: Marshadow|Focus Sash|[from] move: Knock Off|[of] p2a: Hitmonlee
|move|p1a: Marshadow|Spectral Thief||[still]
|-clearpositiveboost|p2a: Hitmonlee|p1a: Marshadow|move: Spectral Thief
|-boost|p1a: Marshadow|atk|1
|-anim|p1a: Marshadow|Spectral Thief|p2a: Hitmonlee
|-damage|p2a: Hitmonlee|0 fnt
|faint|p2a: Hitmonlee
|
|upkeep
|
|t:|1667701624
|switch|p2a: Pheromosa|Pheromosa|100/100
|turn|21
|inactive|cllout has 90 seconds left.
|
|t:|1667701639
|-start|p2a: Pheromosa|Dynamax|
|-heal|p2a: Pheromosa|100/100|[silent]
|move|p1a: Marshadow|Shadow Sneak|p2a: Pheromosa
|-damage|p2a: Pheromosa|43/100
|move|p2a: Pheromosa|Max Hailstorm|p1a: Marshadow
|-damage|p1a: Marshadow|0 fnt
|-weather|Hail
|faint|p1a: Marshadow
|-ability|p2a: Pheromosa|Beast Boost|boost
|-boost|p2a: Pheromosa|spe|1
|
|-weather|Hail|[upkeep]
|-damage|p2a: Pheromosa|40/100|[from] Hail
|upkeep
|inactive|cllout has 90 seconds left.
|
|t:|1667701656
|switch|p1a: Necrozma|Necrozma-Dusk-Mane|100/100
|turn|22
|
|t:|1667701680
|-start|p1a: Necrozma|Dynamax|
|-heal|p1a: Necrozma|100/100|[silent]
|move|p1a: Necrozma|Max Guard|p1a: Necrozma
|-singleturn|p1a: Necrozma|Max Guard
|move|p2a: Pheromosa|Max Knuckle|p1a: Necrozma
|-activate|p1a: Necrozma|move: Max Guard
|
|-weather|Hail|[upkeep]
|-damage|p2a: Pheromosa|37/100|[from] Hail
|-damage|p1a: Necrozma|97/100|[from] Hail
|upkeep
|turn|23
|
|t:|1667701691
|move|p2a: Pheromosa|Max Knuckle|p1a: Necrozma
|-damage|p1a: Necrozma|84/100
|-boost|p2a: Pheromosa|atk|1
|move|p1a: Necrozma|Max Steelspike|p2a: Pheromosa
|-damage|p2a: Pheromosa|0 fnt
|-boost|p1a: Necrozma|def|1
|faint|p2a: Pheromosa
|
|win|cllout
|raw|cllout's rating: 1645 &rarr; <strong>1658</strong><br />(+13 for winning)
|raw|datboianish's rating: 1522 &rarr; <strong>1509</strong><br />(-13 for losing)
|l|☆datboianish
