|j|☆Distracktorkill
|j|☆UncleShannon
|t:|1666709984
|gametype|singles
|player|p1|Distracktorkill|flannery|1513
|player|p2|UncleShannon|102|1672
|teamsize|p1|6
|teamsize|p2|6
|gen|8
|tier|[Gen 8] National Dex AG
|rated|
|rule|HP Percentage Mod: HP is shown in percentages
|rule|Endless Battle Clause: Forcing endless battles is banned
|clearpoke
|poke|p1|Hoopa-Unbound|
|poke|p1|Ditto|
|poke|p1|Urshifu-*, F|
|poke|p1|Urshifu-*, F|
|poke|p1|Marshadow|
|poke|p1|Cinderace, F|
|poke|p2|Weavile, F|
|poke|p2|Deoxys-Attack|
|poke|p2|Calyrex-Shadow|
|poke|p2|Necrozma-Dusk-Mane|
|poke|p2|Smeargle, M|
|poke|p2|Pheromosa|
|teampreview
|inactive|Battle timer is ON: inactive players will automatically lose when time's up. (requested by UncleShannon)
|
|t:|1666710011
|start
|switch|p1a: Urshifu|Urshifu-Rapid-Strike, F|100/100
|switch|p2a: Deoxys|Deoxys-Attack|100/100
|-ability|p2a: Deoxys|Pressure
|turn|1
|
|t:|1666710022
|move|p1a: Urshifu|Surging Strikes|p2a: Deoxys
|-crit|p2a: Deoxys
|-damage|p2a: Deoxys|3/100
|-crit|p2a: Deoxys
|-damage|p2a: Deoxys|0 fnt
|faint|p2a: Deoxys
|-hitcount|p2: Deoxys|2
|
|upkeep
|
|t:|1666710029
|switch|p2a: Necrozma|Necrozma-Dusk-Mane|100/100
|turn|2
|
|t:|1666710035
|move|p1a: Urshifu|Surging Strikes|p2a: Necrozma
|-crit|p2a: Necrozma
|-damage|p2a: Necrozma|83/100
|-crit|p2a: Necrozma
|-damage|p2a: Necrozma|66/100
|-crit|p2a: Necrozma
|-damage|p2a: Necrozma|51/100
|-hitcount|p2a: Necrozma|3
|move|p2a: Necrozma|Photon Geyser|p1a: Urshifu
|-supereffective|p1a: Urshifu
|-damage|p1a: Urshifu|0 fnt
|faint|p1a: Urshifu
|
|upkeep
|
|t:|1666710044
|switch|p1a: Urshifu|Urshifu, F|100/100
|turn|3
|
|t:|1666710067
|switch|p2a: Weavile|Weavile, F|100/100
|-ability|p2a: Weavile|Pressure
|move|p1a: Urshifu|Wicked Blow|p2a: Weavile
|-resisted|p2a: Weavile
|-crit|p2a: Weavile
|-damage|p2a: Weavile|45/100
|
|upkeep
|turn|4
|
|t:|1666710073
|move|p1a: Urshifu|Wicked Blow|p2a: Weavile
|-resisted|p2a: Weavile
|-crit|p2a: Weavile
|-damage|p2a: Weavile|0 fnt
|faint|p2a: Weavile
|
|upkeep
|
|t:|1666710076
|switch|p2a: Smeargle|Smeargle, M|100/100
|turn|5
|
|t:|1666710083
|switch|p1a: Hoopa|Hoopa-Unbound|100/100
|move|p2a: Smeargle|Spore|p1a: Hoopa
|-status|p1a: Hoopa|slp|[from] move: Spore
|
|upkeep
|turn|6
|
|t:|1666710092
|cant|p1a: Hoopa|slp
|move|p2a: Smeargle|Sticky Web|p1a: Hoopa
|-sidestart|p1: Distracktorkill|move: Sticky Web
|
|upkeep
|turn|7
|
|t:|1666710099
|-curestatus|p1a: Hoopa|slp|[msg]
|move|p1a: Hoopa|Trick|p2a: Smeargle
|-activate|p1a: Hoopa|move: Trick|[of] p2a: Smeargle
|-item|p2a: Smeargle|Choice Band|[from] move: Trick
|-item|p1a: Hoopa|Focus Sash|[from] move: Trick
|move|p2a: Smeargle|Rapid Spin|p1a: Hoopa
|-damage|p1a: Hoopa|88/100
|-boost|p2a: Smeargle|spe|1
|
|upkeep
|turn|8
|inactive|Distracktorkill has 120 seconds left.
|
|t:|1666710135
|switch|p2a: Necrozma|Necrozma-Dusk-Mane|51/100
|move|p1a: Hoopa|Fire Punch|p2a: Necrozma
|-supereffective|p2a: Necrozma
|-damage|p2a: Necrozma|16/100
|
|upkeep
|turn|9
|inactive|Distracktorkill has 120 seconds left.
|
|t:|1666710148
|move|p1a: Hoopa|Fire Punch|p2a: Necrozma
|-supereffective|p2a: Necrozma
|-damage|p2a: Necrozma|0 fnt
|faint|p2a: Necrozma
|
|upkeep
|
|t:|1666710156
|switch|p2a: Smeargle|Smeargle, M|100/100
|turn|10
|inactive|Distracktorkill has 120 seconds left.
|
|t:|1666710175
|move|p1a: Hoopa|Fire Punch|p2a: Smeargle
|-damage|p2a: Smeargle|30/100
|move|p2a: Smeargle|Stealth Rock|p1a: Hoopa
|-sidestart|p1: Distracktorkill|move: Stealth Rock
|
|upkeep
|turn|11
|inactive|Distracktorkill has 120 seconds left.
|
|t:|1666710182
|move|p1a: Hoopa|Hyperspace Fury|p2a: Smeargle
|-damage|p2a: Smeargle|0 fnt
|-unboost|p1a: Hoopa|def|1
|faint|p2a: Smeargle
|
|upkeep
|
|t:|1666710185
|switch|p2a: Pheromosa|Pheromosa|100/100
|turn|12
|
|t:|1666710190
|move|p2a: Pheromosa|Close Combat|p1a: Hoopa
|-damage|p1a: Hoopa|0 fnt
|-unboost|p2a: Pheromosa|def|1
|-unboost|p2a: Pheromosa|spd|1
|faint|p1a: Hoopa
|-ability|p2a: Pheromosa|Beast Boost|boost
|-boost|p2a: Pheromosa|spe|1
|-damage|p2a: Pheromosa|91/100|[from] item: Life Orb
|
|upkeep
|
|t:|1666710195
|switch|p1a: Urshifu|Urshifu, F|100/100
|-activate|p1a: Urshifu|move: Sticky Web
|-unboost|p1a: Urshifu|spe|1
|-damage|p1a: Urshifu|94/100|[from] Stealth Rock
|turn|13
|
|t:|1666710201
|move|p2a: Pheromosa|Close Combat|p1a: Urshifu
|-supereffective|p1a: Urshifu
|-damage|p1a: Urshifu|0 fnt
|-unboost|p2a: Pheromosa|def|1
|-unboost|p2a: Pheromosa|spd|1
|faint|p1a: Urshifu
|-ability|p2a: Pheromosa|Beast Boost|boost
|-boost|p2a: Pheromosa|spe|1
|-damage|p2a: Pheromosa|81/100|[from] item: Life Orb
|
|upkeep
|
|t:|1666710206
|switch|p1a: Ditto|Ditto|100/100
|-activate|p1a: Ditto|move: Sticky Web
|-unboost|p1a: Ditto|spe|1
|-damage|p1a: Ditto|88/100|[from] Stealth Rock
|-transform|p1a: Ditto|p2a: Pheromosa|[from] ability: Imposter
|turn|14
|
|t:|1666710216
|move|p1a: Ditto|Triple Axel|p2a: Pheromosa
|-damage|p2a: Pheromosa|42/100
|-damage|p2a: Pheromosa|0 fnt
|faint|p2a: Pheromosa
|-ability|p1a: Ditto|Beast Boost|boost
|-boost|p1a: Ditto|spe|1
|-hitcount|p2: Pheromosa|2
|
|upkeep
|
|t:|1666710223
|switch|p2a: Calyrex|Calyrex-Shadow|100/100
|-ability|p2a: Calyrex|As One
|-ability|p2a: Calyrex|Unnerve
|turn|15
|
|t:|1666710235
|-start|p1a: Ditto|Dynamax|
|-heal|p1a: Ditto|88/100|[silent]
|move|p1a: Ditto|Max Darkness|p2a: Calyrex
|-supereffective|p2a: Calyrex
|-enditem|p2a: Calyrex|Focus Sash
|-damage|p2a: Calyrex|1/100
|-unboost|p2a: Calyrex|spd|1
|move|p2a: Calyrex|Astral Barrage|p1a: Ditto
|-damage|p1a: Ditto|0 fnt
|faint|p1a: Ditto
|-ability|p2a: Calyrex|Grim Neigh|boost
|-boost|p2a: Calyrex|spa|1
|
|upkeep
|
|t:|1666710250
|switch|p1a: Marshadow|Marshadow|100/100
|-activate|p1a: Marshadow|move: Sticky Web
|-unboost|p1a: Marshadow|spe|1
|-damage|p1a: Marshadow|94/100|[from] Stealth Rock
|turn|16
|c|☆UncleShannon|Gg
|
|t:|1666710259
|move|p1a: Marshadow|Shadow Sneak|p2a: Calyrex
|-supereffective|p2a: Calyrex
|-damage|p2a: Calyrex|0 fnt
|faint|p2a: Calyrex
|
|win|Distracktorkill
|raw|Distracktorkill's rating: 1513 &rarr; <strong>1542</strong><br />(+29 for winning)
|raw|UncleShannon's rating: 1672 &rarr; <strong>1643</strong><br />(-29 for losing)
||Ladder isn't responding, score probably updated but might not have (Request timeout).
