|j|☆peakoforiginality
|j|☆C0ld as Ice
|inactive|Battle timer is ON: inactive players will automatically lose when time's up.
|t:|1649751491
|gametype|singles
|player|p1|peakoforiginality|camper|
|player|p2|C0ld as Ice|schoolkid-gen4dp|
|teamsize|p1|6
|teamsize|p2|6
|gen|8
|tier|[Gen 8] National Dex AG
|rated|Tournament battle
|rule|HP Percentage Mod: HP is shown in percentages
|rule|Endless Battle Clause: Forcing endless battles is banned
|clearpoke
|poke|p1|Ditto|
|poke|p1|Ditto|
|poke|p1|Ditto|
|poke|p1|Ditto|
|poke|p1|Ditto|
|poke|p1|Ditto|
|poke|p2|Necrozma-Dusk-Mane|
|poke|p2|Groudon|
|poke|p2|Arceus-*|
|poke|p2|Rayquaza|
|poke|p2|Lunala|
|poke|p2|Tyranitar, F|
|teampreview
|inactive|C0ld as Ice also wants the timer to be on.
|j| 1vLTGM Nat
|
|t:|1649751508
|start
|switch|p1a: Ditto|Ditto|100/100
|switch|p2a: Tyranitar|Tyranitar, F|100/100
|-weather|Sandstorm|[from] ability: Sand Stream|[of] p2a: Tyranitar
|-transform|p1a: Ditto|p2a: Tyranitar|[from] ability: Imposter
|turn|1
|
|t:|1649751514
|move|p2a: Tyranitar|Toxic|p1a: Ditto|[miss]
|-miss|p2a: Tyranitar|p1a: Ditto
|move|p1a: Ditto|Toxic|p2a: Tyranitar
|-status|p2a: Tyranitar|tox
|
|-weather|Sandstorm|[upkeep]
|-damage|p2a: Tyranitar|94/100 tox|[from] psn
|upkeep
|turn|2
|
|t:|1649751517
|move|p2a: Tyranitar|Toxic|p1a: Ditto
|-status|p1a: Ditto|tox
|move|p1a: Ditto|Stealth Rock|p2a: Tyranitar
|-sidestart|p2: C0ld as Ice|move: Stealth Rock
|
|-weather|Sandstorm|[upkeep]
|-heal|p2a: Tyranitar|100/100 tox|[from] item: Leftovers
|-damage|p2a: Tyranitar|88/100 tox|[from] psn
|-damage|p1a: Ditto|94/100 tox|[from] psn
|upkeep
|turn|3
|
|t:|1649751519
|move|p2a: Tyranitar|Stealth Rock|p1a: Ditto
|-sidestart|p1: peakoforiginality|move: Stealth Rock
|move|p1a: Ditto|Roar|p2a: Tyranitar
|drag|p2a: Lunala|Lunala|100/100
|
|-weather|Sandstorm|[upkeep]
|-damage|p2a: Lunala|94/100|[from] Sandstorm
|-damage|p1a: Ditto|82/100 tox|[from] psn
|upkeep
|turn|4
|
|t:|1649751526
|-activate|p2a: Lunala|move: Pursuit
|move|p1a: Ditto|Pursuit|p2a: Lunala|[from]Pursuit
|-supereffective|p2a: Lunala
|-damage|p2a: Lunala|14/100
|switch|p2a: Tyranitar|Tyranitar, F|88/100 tox
|-damage|p2a: Tyranitar|76/100 tox|[from] Stealth Rock
|
|-weather|Sandstorm|[upkeep]
|-heal|p2a: Tyranitar|82/100 tox|[from] item: Leftovers
|-damage|p2a: Tyranitar|76/100 tox|[from] psn
|-damage|p1a: Ditto|64/100 tox|[from] psn
|upkeep
|turn|5
|
|t:|1649751532
|move|p2a: Tyranitar|Roar|p1a: Ditto
|drag|p1a: Ditto|Ditto|100/100
|-damage|p1a: Ditto|88/100|[from] Stealth Rock
|-transform|p1a: Ditto|p2a: Tyranitar|[from] ability: Imposter
|
|-weather|none
|-heal|p2a: Tyranitar|82/100 tox|[from] item: Leftovers
|-damage|p2a: Tyranitar|70/100 tox|[from] psn
|upkeep
|turn|6
|j| 1vLTgm snoms
|
|t:|1649751537
|switch|p1a: Ditto|Ditto|64/100 tox
|-damage|p1a: Ditto|52/100 tox|[from] Stealth Rock
|-transform|p1a: Ditto|p2a: Tyranitar|[from] ability: Imposter
|-weather|Sandstorm|[from] ability: Sand Stream|[of] p1a: Ditto
|move|p2a: Tyranitar|Toxic|p1a: Ditto
|-fail|p1a: Ditto|tox
|
|-weather|Sandstorm|[upkeep]
|-heal|p2a: Tyranitar|76/100 tox|[from] item: Leftovers
|-damage|p1a: Ditto|46/100 tox|[from] psn
|-damage|p2a: Tyranitar|57/100 tox|[from] psn
|upkeep
|turn|7
|
|t:|1649751540
|move|p1a: Ditto|Roar|p2a: Tyranitar
|drag|p2a: Rayquaza|Rayquaza|100/100
|-damage|p2a: Rayquaza|76/100|[from] Stealth Rock
|-ability|p2a: Rayquaza|Air Lock
|
|-weather|Sandstorm|[upkeep]
|-damage|p1a: Ditto|34/100 tox|[from] psn
|upkeep
|turn|8
|
|t:|1649751545
|detailschange|p2a: Rayquaza|Rayquaza-Mega
|-mega|p2a: Rayquaza|Rayquaza|
|-weather|DeltaStream|[from] ability: Delta Stream|[of] p2a: Rayquaza
|move|p2a: Rayquaza|Dragon Ascent|p1a: Ditto
|-resisted|p1a: Ditto
|-damage|p1a: Ditto|0 fnt
|-unboost|p2a: Rayquaza|def|1
|-unboost|p2a: Rayquaza|spd|1
|-damage|p2a: Rayquaza|59/100|[from] item: Rocky Helmet|[of] p1a: Ditto
|faint|p1a: Ditto
|
|-weather|DeltaStream|[upkeep]
|upkeep
|
|t:|1649751547
|switch|p1a: Ditto|Ditto|100/100
|-damage|p1a: Ditto|88/100|[from] Stealth Rock
|-transform|p1a: Ditto|p2a: Rayquaza|[from] ability: Imposter
|turn|9
|
|t:|1649751553
|switch|p2a: Lunala|Lunala|14/100
|move|p1a: Ditto|Extreme Speed|p2a: Lunala
|-immune|p2a: Lunala
|
|-weather|DeltaStream|[upkeep]
|upkeep
|turn|10
|
|t:|1649751558
|-weather|none
|switch|p1a: Ditto|Ditto|88/100
|-damage|p1a: Ditto|76/100|[from] Stealth Rock
|-transform|p1a: Ditto|p2a: Lunala|[from] ability: Imposter
|move|p2a: Lunala|Roost|p2a: Lunala
|-heal|p2a: Lunala|64/100
|-singleturn|p2a: Lunala|move: Roost
|
|upkeep
|turn|11
|
|t:|1649751569
|move|p1a: Ditto|Moongeist Beam|p2a: Lunala
|-supereffective|p2a: Lunala
|-damage|p2a: Lunala|0 fnt
|faint|p2a: Lunala
|
|upkeep
|
|t:|1649751571
|switch|p2a: Tyranitar|Tyranitar, F|57/100 tox
|-damage|p2a: Tyranitar|45/100 tox|[from] Stealth Rock
|-weather|Sandstorm|[from] ability: Sand Stream|[of] p2a: Tyranitar
|turn|12
|
|t:|1649751575
|-start|p1a: Ditto|Dynamax|
|-heal|p1a: Ditto|76/100|[silent]
|move|p1a: Ditto|Max Guard|p1a: Ditto
|-singleturn|p1a: Ditto|Max Guard
|move|p2a: Tyranitar|Pursuit|p1a: Ditto
|-activate|p1a: Ditto|move: Max Guard
|
|-weather|Sandstorm|[upkeep]
|-damage|p1a: Ditto|73/100|[from] Sandstorm
|-heal|p2a: Tyranitar|51/100 tox|[from] item: Leftovers
|-damage|p2a: Tyranitar|45/100 tox|[from] psn
|upkeep
|turn|13
|j| Opnoob 598
|
|t:|1649751584
|move|p1a: Ditto|Max Phantasm|p2a: Tyranitar
|-resisted|p2a: Tyranitar
|-crit|p2a: Tyranitar
|-damage|p2a: Tyranitar|28/100 tox
|-unboost|p2a: Tyranitar|def|1
|move|p2a: Tyranitar|Pursuit|p1a: Ditto
|-supereffective|p1a: Ditto
|-damage|p1a: Ditto|43/100
|
|-weather|Sandstorm|[upkeep]
|-damage|p1a: Ditto|40/100|[from] Sandstorm
|-heal|p2a: Tyranitar|35/100 tox|[from] item: Leftovers
|-damage|p2a: Tyranitar|22/100 tox|[from] psn
|upkeep
|turn|14
|c| Opnoob 598|6 dittoes ma man
|
|t:|1649751591
|move|p1a: Ditto|Max Phantasm|p2a: Tyranitar
|-resisted|p2a: Tyranitar
|-damage|p2a: Tyranitar|11/100 tox
|-unboost|p2a: Tyranitar|def|1
|move|p2a: Tyranitar|Pursuit|p1a: Ditto
|-supereffective|p1a: Ditto
|-damage|p1a: Ditto|6/100
|
|-weather|Sandstorm|[upkeep]
|-damage|p1a: Ditto|3/100|[from] Sandstorm
|-heal|p2a: Tyranitar|17/100 tox|[from] item: Leftovers
|-damage|p2a: Tyranitar|0 fnt|[from] psn
|faint|p2a: Tyranitar
|-end|p1a: Ditto|Dynamax
|-heal|p1a: Ditto|3/100|[silent]
|upkeep
|
|t:|1649751605
|switch|p2a: Groudon|Groudon|100/100
|-damage|p2a: Groudon|94/100|[from] Stealth Rock
|detailschange|p2a: Groudon|Groudon-Primal
|-primal|p2a: Groudon
|-weather|DesolateLand|[from] ability: Desolate Land|[of] p2a: Groudon
|turn|15
|
|t:|1649751607
|-weather|none
|switch|p2a: Necrozma|Necrozma-Dusk-Mane|100/100
|-damage|p2a: Necrozma|94/100|[from] Stealth Rock
|move|p1a: Ditto|Moongeist Beam|p2a: Necrozma
|-supereffective|p2a: Necrozma
|-damage|p2a: Necrozma|44/100
|
|upkeep
|turn|16
|
|t:|1649751613
|-start|p2a: Necrozma|Dynamax|
|-heal|p2a: Necrozma|44/100|[silent]
|move|p1a: Ditto|Moongeist Beam|p2a: Necrozma
|-supereffective|p2a: Necrozma
|-damage|p2a: Necrozma|16/100
|move|p2a: Necrozma|Max Steelspike|p1a: Ditto
|-damage|p1a: Ditto|0 fnt
|-boost|p2a: Necrozma|def|1
|faint|p1a: Ditto
|
|upkeep
|
|t:|1649751619
|switch|p1a: Ditto|Ditto|88/100
|-damage|p1a: Ditto|76/100|[from] Stealth Rock
|-transform|p1a: Ditto|p2a: Necrozma|[from] ability: Imposter
|turn|17
|
|t:|1649751630
|-end|p2a: Necrozma|Dynamax
|-heal|p2a: Necrozma|16/100|[silent]
|switch|p2a: Arceus|Arceus-Water|100/100
|-damage|p2a: Arceus|88/100|[from] Stealth Rock
|move|p1a: Ditto|Moonlight|p1a: Ditto
|-heal|p1a: Ditto|100/100
|
|upkeep
|turn|18
|
|t:|1649751638
|switch|p1a: Ditto|Ditto|100/100
|-damage|p1a: Ditto|88/100|[from] Stealth Rock
|-transform|p1a: Ditto|p2a: Arceus|[from] ability: Imposter
|move|p2a: Arceus|Whirlpool|p1a: Ditto
|-resisted|p1a: Ditto
|-damage|p1a: Ditto|80/100
|-activate|p1a: Ditto|move: Whirlpool|[of] p2a: Arceus
|-enditem|p1a: Ditto|Red Card|[of] p2a: Arceus
|drag|p2a: Rayquaza|Rayquaza-Mega|59/100
|-damage|p2a: Rayquaza|34/100|[from] Stealth Rock
|-weather|DeltaStream|[from] ability: Delta Stream|[of] p2a: Rayquaza
|
|-weather|DeltaStream|[upkeep]
|-end|p1a: Ditto|Whirlpool|[partiallytrapped]|[silent]
|upkeep
|turn|19
|
|t:|1649751643
|move|p2a: Rayquaza|Dragon Ascent|p1a: Ditto
|-damage|p1a: Ditto|0 fnt
|-unboost|p2a: Rayquaza|def|1
|-unboost|p2a: Rayquaza|spd|1
|faint|p1a: Ditto
|
|-weather|DeltaStream|[upkeep]
|upkeep
|
|t:|1649751649
|switch|p1a: Ditto|Ditto|100/100
|-damage|p1a: Ditto|88/100|[from] Stealth Rock
|-transform|p1a: Ditto|p2a: Rayquaza|[from] ability: Imposter
|turn|20
|
|t:|1649751651
|move|p1a: Ditto|Extreme Speed|p2a: Rayquaza
|-damage|p2a: Rayquaza|0 fnt
|faint|p2a: Rayquaza
|
|-weather|DeltaStream|[upkeep]
|upkeep
|
|t:|1649751653
|switch|p2a: Arceus|Arceus-Water|88/100
|-damage|p2a: Arceus|76/100|[from] Stealth Rock
|turn|21
|
|t:|1649751656
|move|p1a: Ditto|Outrage|p2a: Arceus
|-damage|p2a: Arceus|31/100
|move|p2a: Arceus|Recover|p2a: Arceus
|-heal|p2a: Arceus|81/100
|
|-weather|DeltaStream|[upkeep]
|upkeep
|turn|22
|
|t:|1649751661
|move|p1a: Ditto|Outrage|p2a: Arceus|[from]lockedmove
|-damage|p2a: Arceus|41/100
|-start|p1a: Ditto|confusion|[fatigue]
|move|p2a: Arceus|Recover|p2a: Arceus
|-heal|p2a: Arceus|91/100
|
|-weather|DeltaStream|[upkeep]
|upkeep
|turn|23
|
|t:|1649751668
|-weather|none
|switch|p1a: Ditto|Ditto|100/100
|-damage|p1a: Ditto|88/100|[from] Stealth Rock
|-transform|p1a: Ditto|p2a: Arceus|[from] ability: Imposter
|move|p2a: Arceus|Ice Beam|p1a: Ditto
|-resisted|p1a: Ditto
|-damage|p1a: Ditto|77/100
|
|upkeep
|turn|24
|
|t:|1649751672
|switch|p2a: Necrozma|Necrozma-Dusk-Mane|16/100
|-damage|p2a: Necrozma|10/100|[from] Stealth Rock
|move|p1a: Ditto|Whirlpool|p2a: Necrozma|[miss]
|-miss|p1a: Ditto|p2a: Necrozma
|
|upkeep
|turn|25
|
|t:|1649751675
|switch|p1a: Ditto|Ditto|88/100
|-damage|p1a: Ditto|76/100|[from] Stealth Rock
|-transform|p1a: Ditto|p2a: Necrozma|[from] ability: Imposter
|move|p2a: Necrozma|Moonlight|p2a: Necrozma
|-heal|p2a: Necrozma|60/100
|
|upkeep
|turn|26
|
|t:|1649751678
|switch|p2a: Arceus|Arceus-Water|91/100
|-damage|p2a: Arceus|78/100|[from] Stealth Rock
|move|p1a: Ditto|Dragon Dance|p1a: Ditto
|-boost|p1a: Ditto|atk|1
|-boost|p1a: Ditto|spe|1
|
|upkeep
|turn|27
|
|t:|1649751682
|switch|p1a: Ditto|Ditto|100/100
|-damage|p1a: Ditto|88/100|[from] Stealth Rock
|-transform|p1a: Ditto|p2a: Arceus|[from] ability: Imposter
|move|p2a: Arceus|Whirlpool|p1a: Ditto
|-resisted|p1a: Ditto
|-damage|p1a: Ditto|79/100
|-activate|p1a: Ditto|move: Whirlpool|[of] p2a: Arceus
|
|-damage|p1a: Ditto|67/100|[from] move: Whirlpool|[partiallytrapped]
|upkeep
|turn|28
|
|t:|1649751691
|switch|p2a: Groudon|Groudon-Primal|94/100
|-damage|p2a: Groudon|82/100|[from] Stealth Rock
|-weather|DesolateLand|[from] ability: Desolate Land|[of] p2a: Groudon
|move|p1a: Ditto|Whirlpool||[still]
|-fail|p1a: Ditto|Whirlpool|[from] Desolate Land
|
|-weather|DesolateLand|[upkeep]
|-end|p1a: Ditto|Whirlpool|[partiallytrapped]|[silent]
|upkeep
|turn|29
|c| Opnoob 598|What the-
|
|t:|1649751696
|switch|p1a: Ditto|Ditto|77/100
|-damage|p1a: Ditto|64/100|[from] Stealth Rock
|-transform|p1a: Ditto|p2a: Groudon|[from] ability: Imposter
|move|p2a: Groudon|Precipice Blades|p1a: Ditto
|-supereffective|p1a: Ditto
|-damage|p1a: Ditto|0 fnt
|faint|p1a: Ditto
|
|-weather|DesolateLand|[upkeep]
|upkeep
|c| Opnoob 598|Why switch
|
|t:|1649751701
|switch|p1a: Ditto|Ditto|67/100
|-damage|p1a: Ditto|54/100|[from] Stealth Rock
|-transform|p1a: Ditto|p2a: Groudon|[from] ability: Imposter
|turn|30
|c|☆peakoforiginality|scarf :(
|
|t:|1649751707
|move|p1a: Ditto|Precipice Blades|p2a: Groudon
|-supereffective|p2a: Groudon
|-damage|p2a: Groudon|0 fnt
|faint|p2a: Groudon
|
|-weather|DesolateLand|[upkeep]
|upkeep
|
|t:|1649751710
|switch|p2a: Arceus|Arceus-Water|78/100
|-damage|p2a: Arceus|66/100|[from] Stealth Rock
|turn|31
|
|t:|1649751715
|move|p1a: Ditto|Precipice Blades|p2a: Arceus
|-damage|p2a: Arceus|32/100
|move|p2a: Arceus|Ice Beam|p1a: Ditto
|-damage|p1a: Ditto|24/100
|
|-weather|DesolateLand|[upkeep]
|upkeep
|turn|32
|
|t:|1649751722
|move|p1a: Ditto|Precipice Blades|p2a: Arceus
|-damage|p2a: Arceus|0 fnt
|faint|p2a: Arceus
|
|-weather|DesolateLand|[upkeep]
|upkeep
|
|t:|1649751723
|switch|p2a: Necrozma|Necrozma-Dusk-Mane|60/100
|-damage|p2a: Necrozma|54/100|[from] Stealth Rock
|turn|33
|
|t:|1649751725
|move|p1a: Ditto|Precipice Blades|p2a: Necrozma
|-supereffective|p2a: Necrozma
|-damage|p2a: Necrozma|0 fnt
|faint|p2a: Necrozma
|
|win|peakoforiginality
|n|☆peakoforiginality|peakoforiginality
|n|☆C0ld as Ice|c0ldasice
|n| 1vLTGM Nat|1vltgmnat
|n| 1vLTgm snoms|1vltgmsnoms
|n| Opnoob 598|opnoob598
|c| Opnoob 598|Why no recover T---T
|c|☆C0ld as Ice|gg ^^
|c|☆peakoforiginality|gg!
|c|☆C0ld as Ice|x]
|c|☆peakoforiginality|:)
|l| Opnoob 598
|l|☆C0ld as Ice
