|j|☆Obito 2001
|j|☆Ronron0901
|t:|1666422439
|gametype|singles
|player|p1|Obito 2001|teamrocket|1858
|player|p2|Ronron0901|lucas|1718
|teamsize|p1|6
|teamsize|p2|6
|gen|8
|tier|[Gen 8] National Dex AG
|rated|
|rule|HP Percentage Mod: HP is shown in percentages
|rule|Endless Battle Clause: Forcing endless battles is banned
|clearpoke
|poke|p1|Yveltal|
|poke|p1|Calyrex-Shadow|
|poke|p1|Ditto|
|poke|p1|Arceus-*|
|poke|p1|Necrozma-Dusk-Mane|
|poke|p1|Ho-Oh|
|poke|p2|Zacian-*|
|poke|p2|Ditto|
|poke|p2|Rayquaza|
|poke|p2|Arceus-*|
|poke|p2|Groudon|
|poke|p2|Calyrex-Shadow|
|teampreview
|inactive|Battle timer is ON: inactive players will automatically lose when time's up. (requested by Obito 2001)
|
|t:|1666422455
|start
|switch|p1a: Ho-Oh|Ho-Oh|100/100
|switch|p2a: Groudon|Groudon|100/100
|detailschange|p2a: Groudon|Groudon-Primal
|-primal|p2a: Groudon
|-weather|DesolateLand|[from] ability: Desolate Land|[of] p2a: Groudon
|turn|1
|
|t:|1666422464
|move|p2a: Groudon|Stealth Rock|p1a: Ho-Oh
|-sidestart|p1: Obito 2001|move: Stealth Rock
|move|p1a: Ho-Oh|Toxic|p2a: Groudon
|-status|p2a: Groudon|tox
|
|-weather|DesolateLand|[upkeep]
|-damage|p2a: Groudon|94/100 tox|[from] psn
|upkeep
|turn|2
|j| 123SQZ
|
|t:|1666422478
|-weather|none
|switch|p2a: Rayquaza|Rayquaza|100/100
|-ability|p2a: Rayquaza|Air Lock
|move|p1a: Ho-Oh|Sacred Fire|p2a: Rayquaza
|-resisted|p2a: Rayquaza
|-damage|p2a: Rayquaza|76/100
|-status|p2a: Rayquaza|brn
|
|-damage|p2a: Rayquaza|70/100 brn|[from] brn
|upkeep
|turn|3
|
|t:|1666422495
|switch|p1a: Necrozma|Necrozma-Dusk-Mane|100/100
|-damage|p1a: Necrozma|94/100|[from] Stealth Rock
|detailschange|p2a: Rayquaza|Rayquaza-Mega
|-mega|p2a: Rayquaza|Rayquaza|
|-weather|DeltaStream|[from] ability: Delta Stream|[of] p2a: Rayquaza
|move|p2a: Rayquaza|Dragon Ascent|p1a: Necrozma
|-resisted|p1a: Necrozma
|-damage|p1a: Necrozma|84/100
|-unboost|p2a: Rayquaza|def|1
|-unboost|p2a: Rayquaza|spd|1
|-damage|p2a: Rayquaza|53/100 brn|[from] item: Rocky Helmet|[of] p1a: Necrozma
|
|-weather|DeltaStream|[upkeep]
|-damage|p2a: Rayquaza|48/100 brn|[from] brn
|upkeep
|turn|4
|
|t:|1666422510
|move|p2a: Rayquaza|Earthquake|p1a: Necrozma
|-supereffective|p1a: Necrozma
|-damage|p1a: Necrozma|65/100
|move|p1a: Necrozma|Stealth Rock|p2a: Rayquaza
|-sidestart|p2: Ronron0901|move: Stealth Rock
|
|-weather|DeltaStream|[upkeep]
|-damage|p2a: Rayquaza|42/100 brn|[from] brn
|upkeep
|turn|5
|
|t:|1666422518
|move|p2a: Rayquaza|V-create|p1a: Necrozma
|-supereffective|p1a: Necrozma
|-damage|p1a: Necrozma|34/100
|-unboost|p2a: Rayquaza|spe|1
|-unboost|p2a: Rayquaza|def|1
|-unboost|p2a: Rayquaza|spd|1
|-damage|p2a: Rayquaza|25/100 brn|[from] item: Rocky Helmet|[of] p1a: Necrozma
|move|p1a: Necrozma|Morning Sun|p1a: Necrozma
|-heal|p1a: Necrozma|84/100
|
|-weather|DeltaStream|[upkeep]
|-damage|p2a: Rayquaza|19/100 brn|[from] brn
|upkeep
|turn|6
|
|t:|1666422532
|-weather|none
|switch|p2a: Arceus|Arceus-Ground|100/100
|-damage|p2a: Arceus|94/100|[from] Stealth Rock
|move|p1a: Necrozma|Morning Sun|p1a: Necrozma
|-heal|p1a: Necrozma|100/100
|
|upkeep
|turn|7
|
|t:|1666422540
|switch|p1a: Ho-Oh|Ho-Oh|100/100
|move|p2a: Arceus|Toxic|p1a: Ho-Oh
|-status|p1a: Ho-Oh|tox
|
|-damage|p1a: Ho-Oh|94/100 tox|[from] psn
|upkeep
|turn|8
|
|t:|1666422566
|switch|p2a: Groudon|Groudon-Primal|94/100 tox
|-damage|p2a: Groudon|82/100 tox|[from] Stealth Rock
|-weather|DesolateLand|[from] ability: Desolate Land|[of] p2a: Groudon
|move|p1a: Ho-Oh|Sacred Fire|p2a: Groudon
|-resisted|p2a: Groudon
|-damage|p2a: Groudon|60/100 tox
|
|-weather|DesolateLand|[upkeep]
|-damage|p2a: Groudon|54/100 tox|[from] psn
|-damage|p1a: Ho-Oh|82/100 tox|[from] psn
|upkeep
|turn|9
|
|t:|1666422578
|move|p2a: Groudon|Fire Punch|p1a: Ho-Oh
|-resisted|p1a: Ho-Oh
|-damage|p1a: Ho-Oh|47/100 tox
|move|p1a: Ho-Oh|Sacred Fire|p2a: Groudon
|-resisted|p2a: Groudon
|-damage|p2a: Groudon|33/100 tox
|
|-weather|DesolateLand|[upkeep]
|-damage|p2a: Groudon|21/100 tox|[from] psn
|-damage|p1a: Ho-Oh|29/100 tox|[from] psn
|upkeep
|turn|10
|
|t:|1666422588
|switch|p1a: Ditto|Ditto, shiny|100/100
|-damage|p1a: Ditto|88/100|[from] Stealth Rock
|-transform|p1a: Ditto|p2a: Groudon|[from] ability: Imposter
|move|p2a: Groudon|Fire Punch|p1a: Ditto
|-resisted|p1a: Ditto
|-damage|p1a: Ditto|58/100
|
|-weather|DesolateLand|[upkeep]
|-damage|p2a: Groudon|3/100 tox|[from] psn
|upkeep
|turn|11
|
|t:|1666422600
|move|p1a: Ditto|Fire Punch|p2a: Groudon
|-resisted|p2a: Groudon
|-damage|p2a: Groudon|0 fnt
|faint|p2a: Groudon
|
|-weather|DesolateLand|[upkeep]
|upkeep
|inactive|Ronron0901 has 120 seconds left.
|
|t:|1666422615
|switch|p2a: Arceus|Arceus-Ground|94/100
|-damage|p2a: Arceus|88/100|[from] Stealth Rock
|turn|12
|
|t:|1666422620
|-weather|none
|switch|p1a: Ho-Oh|Ho-Oh|62/100 tox
|move|p2a: Arceus|Judgment|p1a: Ho-Oh
|-immune|p1a: Ho-Oh
|
|-damage|p1a: Ho-Oh|56/100 tox|[from] psn
|upkeep
|turn|13
|
|t:|1666422632
|-start|p2a: Arceus|Dynamax|
|-heal|p2a: Arceus|88/100|[silent]
|move|p2a: Arceus|Max Strike|p1a: Ho-Oh
|-crit|p1a: Ho-Oh
|-damage|p1a: Ho-Oh|14/100 tox
|-unboost|p1a: Ho-Oh|spe|1
|move|p1a: Ho-Oh|Recover|p1a: Ho-Oh
|-heal|p1a: Ho-Oh|64/100 tox
|
|-damage|p1a: Ho-Oh|52/100 tox|[from] psn
|upkeep
|turn|14
|
|t:|1666422645
|move|p2a: Arceus|Max Strike|p1a: Ho-Oh
|-damage|p1a: Ho-Oh|21/100 tox
|-unboost|p1a: Ho-Oh|spe|1
|move|p1a: Ho-Oh|Recover|p1a: Ho-Oh
|-heal|p1a: Ho-Oh|72/100 tox
|
|-damage|p1a: Ho-Oh|54/100 tox|[from] psn
|upkeep
|turn|15
|
|t:|1666422654
|switch|p1a: Calyrex|Calyrex-Shadow|100/100
|-ability|p1a: Calyrex|As One
|-ability|p1a: Calyrex|Unnerve
|-damage|p1a: Calyrex|88/100|[from] Stealth Rock
|move|p2a: Arceus|Max Strike|p1a: Calyrex
|-immune|p1a: Calyrex
|
|-heal|p1a: Calyrex|94/100|[from] item: Leftovers
|upkeep
|-end|p2a: Arceus|Dynamax
|-heal|p2a: Arceus|88/100|[silent]
|turn|16
|
|t:|1666422668
|switch|p1a: Ho-Oh|Ho-Oh|87/100 tox
|move|p2a: Arceus|Toxic|p1a: Ho-Oh
|-fail|p1a: Ho-Oh|tox
|
|-damage|p1a: Ho-Oh|81/100 tox|[from] psn
|upkeep
|turn|17
|
|t:|1666422679
|move|p2a: Arceus|Extreme Speed|p1a: Ho-Oh
|-damage|p1a: Ho-Oh|62/100 tox
|move|p1a: Ho-Oh|Toxic|p2a: Arceus
|-status|p2a: Arceus|tox
|
|-damage|p2a: Arceus|82/100 tox|[from] psn
|-damage|p1a: Ho-Oh|50/100 tox|[from] psn
|upkeep
|turn|18
|
|t:|1666422687
|switch|p1a: Calyrex|Calyrex-Shadow|94/100
|-ability|p1a: Calyrex|As One
|-ability|p1a: Calyrex|Unnerve
|-damage|p1a: Calyrex|82/100|[from] Stealth Rock
|move|p2a: Arceus|Extreme Speed|p1a: Calyrex
|-immune|p1a: Calyrex
|
|-heal|p1a: Calyrex|88/100|[from] item: Leftovers
|-damage|p2a: Arceus|70/100 tox|[from] psn
|upkeep
|turn|19
|
|t:|1666422700
|move|p2a: Arceus|Extreme Speed|p1a: Calyrex
|-immune|p1a: Calyrex
|move|p1a: Calyrex|Substitute|p1a: Calyrex
|-start|p1a: Calyrex|Substitute
|-damage|p1a: Calyrex|63/100
|
|-heal|p1a: Calyrex|70/100|[from] item: Leftovers
|-damage|p2a: Arceus|52/100 tox|[from] psn
|upkeep
|turn|20
|
|t:|1666422710
|move|p1a: Calyrex|Astral Barrage|p2a: Arceus
|-damage|p2a: Arceus|7/100 tox
|move|p2a: Arceus|Judgment|p1a: Calyrex
|-crit|p1a: Calyrex
|-end|p1a: Calyrex|Substitute
|
|-heal|p1a: Calyrex|76/100|[from] item: Leftovers
|-damage|p2a: Arceus|0 fnt|[from] psn
|faint|p2a: Arceus
|upkeep
|
|t:|1666422728
|switch|p2a: Ditto|Ditto|100/100
|-damage|p2a: Ditto|88/100|[from] Stealth Rock
|-transform|p2a: Ditto|p1a: Calyrex|[from] ability: Imposter
|turn|21
|
|t:|1666422737
|switch|p1a: Arceus|Arceus|100/100
|-damage|p1a: Arceus|88/100|[from] Stealth Rock
|move|p2a: Ditto|Astral Barrage|p1a: Arceus
|-immune|p1a: Arceus
|
|upkeep
|turn|22
|
|t:|1666422748
|switch|p2a: Zacian|Zacian-Crowned|100/100
|-damage|p2a: Zacian|94/100|[from] Stealth Rock
|-ability|p2a: Zacian|Intrepid Sword|boost
|-boost|p2a: Zacian|atk|1
|move|p1a: Arceus|Shadow Claw|p2a: Zacian
|-damage|p2a: Zacian|72/100
|
|upkeep
|turn|23
|
|t:|1666422759
|switch|p2a: Calyrex|Calyrex-Shadow|100/100
|-ability|p2a: Calyrex|As One
|-ability|p2a: Calyrex|Unnerve
|-damage|p2a: Calyrex|88/100|[from] Stealth Rock
|switch|p1a: Necrozma|Necrozma-Dusk-Mane|100/100
|-damage|p1a: Necrozma|94/100|[from] Stealth Rock
|
|upkeep
|turn|24
|
|t:|1666422777
|switch|p1a: Yveltal|Yveltal|100/100
|-damage|p1a: Yveltal|76/100|[from] Stealth Rock
|-ability|p1a: Yveltal|Dark Aura
|move|p2a: Calyrex|Draining Kiss|p1a: Yveltal
|-supereffective|p1a: Yveltal
|-damage|p1a: Yveltal|39/100
|-heal|p2a: Calyrex|100/100|[from] drain|[of] p1a: Yveltal
|
|upkeep
|turn|25
|
|t:|1666422791
|move|p2a: Calyrex|Draining Kiss|p1a: Yveltal
|-supereffective|p1a: Yveltal
|-damage|p1a: Yveltal|4/100
|move|p1a: Yveltal|Oblivion Wing|p2a: Calyrex
|-damage|p2a: Calyrex|49/100
|-heal|p1a: Yveltal|38/100|[from] drain|[of] p2a: Calyrex
|-damage|p1a: Yveltal|28/100|[from] item: Life Orb
|
|upkeep
|turn|26
|
|t:|1666422806
|move|p1a: Yveltal|Sucker Punch||[still]
|-fail|p1a: Yveltal
|move|p2a: Calyrex|Will-O-Wisp|p1a: Yveltal|[miss]
|-miss|p2a: Calyrex|p1a: Yveltal
|
|upkeep
|turn|27
|
|t:|1666422816
|switch|p1a: Ho-Oh|Ho-Oh|83/100 tox
|move|p2a: Calyrex|Draining Kiss|p1a: Ho-Oh
|-resisted|p1a: Ho-Oh
|-damage|p1a: Ho-Oh|78/100 tox
|-heal|p2a: Calyrex|53/100|[from] drain|[of] p1a: Ho-Oh
|
|-damage|p1a: Ho-Oh|72/100 tox|[from] psn
|upkeep
|turn|28
|
|t:|1666422833
|move|p2a: Calyrex|Astral Barrage|p1a: Ho-Oh
|-damage|p1a: Ho-Oh|39/100 tox
|move|p1a: Ho-Oh|Sacred Fire|p2a: Calyrex
|-damage|p2a: Calyrex|0 fnt
|faint|p2a: Calyrex
|
|-damage|p1a: Ho-Oh|27/100 tox|[from] psn
|upkeep
|inactive|Ronron0901 has 120 seconds left.
|
|t:|1666422847
|switch|p2a: Ditto|Ditto|88/100
|-damage|p2a: Ditto|76/100|[from] Stealth Rock
|-transform|p2a: Ditto|p1a: Ho-Oh|[from] ability: Imposter
|turn|29
|inactive|Ronron0901 has 120 seconds left.
|
|t:|1666422858
|move|p2a: Ditto|Sacred Fire|p1a: Ho-Oh
|-resisted|p1a: Ho-Oh
|-crit|p1a: Ho-Oh
|-damage|p1a: Ho-Oh|0 fnt
|faint|p1a: Ho-Oh
|
|upkeep
|
|t:|1666422868
|switch|p1a: Arceus|Arceus|88/100
|-damage|p1a: Arceus|76/100|[from] Stealth Rock
|turn|30
|
|t:|1666422880
|move|p1a: Arceus|Extreme Speed|p2a: Ditto
|-damage|p2a: Ditto|19/100
|move|p2a: Ditto|Sacred Fire|p1a: Arceus
|-crit|p1a: Arceus
|-damage|p1a: Arceus|30/100
|
|upkeep
|turn|31
|
|t:|1666422892
|switch|p2a: Zacian|Zacian-Crowned|72/100
|-damage|p2a: Zacian|66/100|[from] Stealth Rock
|-ability|p2a: Zacian|Intrepid Sword|boost
|-boost|p2a: Zacian|atk|1
|move|p1a: Arceus|Extreme Speed|p2a: Zacian
|-resisted|p2a: Zacian
|-damage|p2a: Zacian|46/100
|
|upkeep
|turn|32
|
|t:|1666422903
|switch|p2a: Ditto|Ditto|53/100
|-damage|p2a: Ditto|40/100|[from] Stealth Rock
|-transform|p2a: Ditto|p1a: Arceus|[from] ability: Imposter
|switch|p1a: Necrozma|Necrozma-Dusk-Mane|94/100
|-damage|p1a: Necrozma|88/100|[from] Stealth Rock
|
|upkeep
|turn|33
|
|t:|1666422918
|move|p2a: Ditto|Shadow Claw|p1a: Necrozma
|-supereffective|p1a: Necrozma
|-damage|p1a: Necrozma|69/100
|-damage|p2a: Ditto|24/100|[from] item: Rocky Helmet|[of] p1a: Necrozma
|move|p1a: Necrozma|Thunder Wave|p2a: Ditto
|-status|p2a: Ditto|par
|
|upkeep
|turn|34
|
|t:|1666422927
|move|p2a: Ditto|Shadow Claw|p1a: Necrozma
|-supereffective|p1a: Necrozma
|-damage|p1a: Necrozma|49/100
|-damage|p2a: Ditto|7/100 par|[from] item: Rocky Helmet|[of] p1a: Necrozma
|move|p1a: Necrozma|Morning Sun|p1a: Necrozma
|-heal|p1a: Necrozma|99/100
|
|upkeep
|turn|35
|
|t:|1666422939
|switch|p2a: Zacian|Zacian-Crowned|46/100
|-damage|p2a: Zacian|40/100|[from] Stealth Rock
|-ability|p2a: Zacian|Intrepid Sword|boost
|-boost|p2a: Zacian|atk|1
|move|p1a: Necrozma|Morning Sun|p1a: Necrozma
|-heal|p1a: Necrozma|100/100
|
|upkeep
|turn|36
|
|t:|1666422948
|-start|p1a: Necrozma|Dynamax|
|-heal|p1a: Necrozma|100/100|[silent]
|move|p2a: Zacian|Sacred Sword|p1a: Necrozma
|-damage|p1a: Necrozma|85/100
|-damage|p2a: Zacian|23/100|[from] item: Rocky Helmet|[of] p1a: Necrozma
|move|p1a: Necrozma|Max Steelspike|p2a: Zacian
|-damage|p2a: Zacian|0 fnt
|-boost|p1a: Necrozma|def|1
|faint|p2a: Zacian
|
|upkeep
|inactive|Ronron0901 has 120 seconds left.
|c|☆Obito 2001|U gonna rage quit again?
|inactive|Ronron0901 has 90 seconds left.
|inactive|Ronron0901 has 60 seconds left.
|inactive|Ronron0901 has 30 seconds left.
|inactive|Ronron0901 has 20 seconds left.
|inactive|Ronron0901 has 15 seconds left.
|inactive|Ronron0901 has 10 seconds left.
|c|☆Obito 2001|Yep man this guy is an RQ noob fr
|inactive|Ronron0901 has 5 seconds left.
|-message|Ronron0901 lost due to inactivity.
|
|win|Obito 2001
|raw|Obito 2001's rating: 1858 &rarr; <strong>1870</strong><br />(+12 for winning)
|raw|Ronron0901's rating: 1718 &rarr; <strong>1706</strong><br />(-12 for losing)
