|j|☆Coronet077
|j|☆v87
|t:|1659631412
|gametype|singles
|player|p1|Coronet077|fisherman-gen4|1775
|player|p2|v87|170|1769
|teamsize|p1|6
|teamsize|p2|6
|gen|8
|tier|[Gen 8] National Dex AG
|rated|
|rule|HP Percentage Mod: HP is shown in percentages
|rule|Endless Battle Clause: Forcing endless battles is banned
|clearpoke
|poke|p1|Deoxys-Speed|
|poke|p1|Grimmsnarl, M|
|poke|p1|Zacian-*|
|poke|p1|Yveltal|
|poke|p1|Xerneas-*|
|poke|p1|Necrozma-Dawn-Wings|
|poke|p2|Zacian-*|
|poke|p2|Yveltal|
|poke|p2|Rayquaza|
|poke|p2|Groudon|
|poke|p2|Kyogre|
|poke|p2|Tornadus, M|
|teampreview
|
|t:|1659631422
|start
|switch|p1a: Deoxys|Deoxys-Speed|100/100
|switch|p2a: Rayquaza|Rayquaza|100/100
|-ability|p1a: Deoxys|Pressure
|-ability|p2a: Rayquaza|Air Lock
|turn|1
|
|t:|1659631431
|detailschange|p2a: Rayquaza|Rayquaza-Mega
|-mega|p2a: Rayquaza|Rayquaza|
|-weather|DeltaStream|[from] ability: Delta Stream|[of] p2a: Rayquaza
|move|p1a: Deoxys|Stealth Rock|p2a: Rayquaza
|-sidestart|p2: v87|move: Stealth Rock
|move|p2a: Rayquaza|Scale Shot|p1a: Deoxys
|-damage|p1a: Deoxys|79/100
|-damage|p1a: Deoxys|57/100
|-hitcount|p1a: Deoxys|2
|-unboost|p2a: Rayquaza|def|1
|-boost|p2a: Rayquaza|spe|1
|
|-weather|DeltaStream|[upkeep]
|upkeep
|turn|2
|
|t:|1659631444
|move|p1a: Deoxys|Spikes|p2a: Rayquaza
|-sidestart|p2: v87|Spikes
|move|p2a: Rayquaza|Dragon Ascent|p1a: Deoxys
|-damage|p1a: Deoxys|0 fnt
|-unboost|p2a: Rayquaza|def|1
|-unboost|p2a: Rayquaza|spd|1
|faint|p1a: Deoxys
|
|-weather|DeltaStream|[upkeep]
|upkeep
|
|t:|1659631450
|switch|p1a: Grimmsnarl|Grimmsnarl, M|100/100
|turn|3
|
|t:|1659631455
|move|p1a: Grimmsnarl|Reflect|p1a: Grimmsnarl
|-sidestart|p1: Coronet077|Reflect
|move|p2a: Rayquaza|Dragon Ascent|p1a: Grimmsnarl
|-crit|p1a: Grimmsnarl
|-damage|p1a: Grimmsnarl|0 fnt
|-unboost|p2a: Rayquaza|def|1
|-unboost|p2a: Rayquaza|spd|1
|faint|p1a: Grimmsnarl
|
|-weather|DeltaStream|[upkeep]
|upkeep
|
|t:|1659631472
|switch|p1a: Xerneas|Xerneas|100/100
|-ability|p1a: Xerneas|Fairy Aura
|turn|4
|
|t:|1659631482
|move|p2a: Rayquaza|Dragon Ascent|p1a: Xerneas
|-damage|p1a: Xerneas|66/100
|-unboost|p2a: Rayquaza|def|1
|-unboost|p2a: Rayquaza|spd|1
|move|p1a: Xerneas|Geomancy||[still]
|-prepare|p1a: Xerneas|Geomancy
|-enditem|p1a: Xerneas|Power Herb
|-anim|p1a: Xerneas|Geomancy|p1a: Xerneas
|-boost|p1a: Xerneas|spa|2
|-boost|p1a: Xerneas|spd|2
|-boost|p1a: Xerneas|spe|2
|
|-weather|DeltaStream|[upkeep]
|upkeep
|turn|5
|
|t:|1659631492
|move|p1a: Xerneas|Moonblast|p2a: Rayquaza
|-supereffective|p2a: Rayquaza
|-damage|p2a: Rayquaza|0 fnt
|faint|p2a: Rayquaza
|-weather|none
|
|upkeep
|
|t:|1659631508
|switch|p2a: Tornadus|Tornadus, M|100/100
|-damage|p2a: Tornadus|76/100|[from] Stealth Rock
|turn|6
|
|t:|1659631515
|move|p2a: Tornadus|Substitute|p2a: Tornadus
|-start|p2a: Tornadus|Substitute
|-damage|p2a: Tornadus|51/100
|move|p1a: Xerneas|Moonblast|p2a: Tornadus
|-end|p2a: Tornadus|Substitute
|
|upkeep
|turn|7
|
|t:|1659631526
|move|p2a: Tornadus|Substitute|p2a: Tornadus
|-start|p2a: Tornadus|Substitute
|-damage|p2a: Tornadus|26/100
|move|p1a: Xerneas|Moonblast|p2a: Tornadus
|-end|p2a: Tornadus|Substitute
|
|upkeep
|turn|8
|
|t:|1659631534
|move|p2a: Tornadus|Substitute|p2a: Tornadus
|-start|p2a: Tornadus|Substitute
|-damage|p2a: Tornadus|1/100
|move|p1a: Xerneas|Moonblast|p2a: Tornadus
|-crit|p2a: Tornadus
|-end|p2a: Tornadus|Substitute
|
|upkeep
|turn|9
|
|t:|1659631543
|move|p2a: Tornadus|Tailwind|p2a: Tornadus
|-sidestart|p2: v87|move: Tailwind
|move|p1a: Xerneas|Moonblast|p2a: Tornadus
|-damage|p2a: Tornadus|0 fnt
|faint|p2a: Tornadus
|
|upkeep
|
|t:|1659631549
|switch|p2a: Zacian|Zacian-Crowned|100/100
|-damage|p2a: Zacian|94/100|[from] Stealth Rock
|-damage|p2a: Zacian|82/100|[from] Spikes
|-ability|p2a: Zacian|Intrepid Sword|boost
|-boost|p2a: Zacian|atk|1
|turn|10
|
|t:|1659631557
|move|p2a: Zacian|Behemoth Blade|p1a: Xerneas
|-supereffective|p1a: Xerneas
|-damage|p1a: Xerneas|0 fnt
|faint|p1a: Xerneas
|
|-sideend|p1: Coronet077|Reflect
|upkeep
|
|t:|1659631567
|switch|p1a: Zacian|Zacian-Crowned|100/100
|-ability|p1a: Zacian|Intrepid Sword|boost
|-boost|p1a: Zacian|atk|1
|turn|11
|
|t:|1659631574
|switch|p2a: Groudon|Groudon|100/100
|-damage|p2a: Groudon|94/100|[from] Stealth Rock
|-damage|p2a: Groudon|82/100|[from] Spikes
|detailschange|p2a: Groudon|Groudon-Primal
|-primal|p2a: Groudon
|-weather|DesolateLand|[from] ability: Desolate Land|[of] p2a: Groudon
|move|p1a: Zacian|Behemoth Blade|p2a: Groudon
|-resisted|p2a: Groudon
|-crit|p2a: Groudon
|-damage|p2a: Groudon|44/100
|
|-weather|DesolateLand|[upkeep]
|upkeep
|turn|12
|
|t:|1659631588
|move|p2a: Groudon|Thunder Wave|p1a: Zacian
|-status|p1a: Zacian|par
|move|p1a: Zacian|Close Combat|p2a: Groudon
|-damage|p2a: Groudon|6/100
|-unboost|p1a: Zacian|def|1
|-unboost|p1a: Zacian|spd|1
|
|-weather|DesolateLand|[upkeep]
|-sideend|p2: v87|move: Tailwind
|upkeep
|turn|13
|
|t:|1659631598
|move|p2a: Groudon|Stealth Rock|p1a: Zacian
|-sidestart|p1: Coronet077|move: Stealth Rock
|move|p1a: Zacian|Behemoth Blade|p2a: Groudon
|-resisted|p2a: Groudon
|-damage|p2a: Groudon|0 fnt
|faint|p2a: Groudon
|-weather|none
|
|upkeep
|
|t:|1659631605
|switch|p2a: Zacian|Zacian-Crowned|82/100
|-damage|p2a: Zacian|76/100|[from] Stealth Rock
|-damage|p2a: Zacian|63/100|[from] Spikes
|-ability|p2a: Zacian|Intrepid Sword|boost
|-boost|p2a: Zacian|atk|1
|turn|14
|
|t:|1659631611
|move|p2a: Zacian|Behemoth Blade|p1a: Zacian
|-damage|p1a: Zacian|0 fnt
|faint|p1a: Zacian
|
|upkeep
|
|t:|1659631614
|switch|p1a: Necrozma|Necrozma-Dawn-Wings|100/100
|-damage|p1a: Necrozma|88/100|[from] Stealth Rock
|turn|15
|
|t:|1659631620
|move|p2a: Zacian|Behemoth Blade|p1a: Necrozma
|-damage|p1a: Necrozma|5/100
|move|p1a: Necrozma|Dragon Dance|p1a: Necrozma
|-boost|p1a: Necrozma|atk|1
|-boost|p1a: Necrozma|spe|1
|
|upkeep
|turn|16
|
|t:|1659631632
|detailschange|p1a: Necrozma|Necrozma-Ultra
|-burst|p1a: Necrozma|Necrozma|Ultranecrozium Z
|move|p2a: Zacian|Quick Attack|p1a: Necrozma
|-damage|p1a: Necrozma|0 fnt
|faint|p1a: Necrozma
|
|upkeep
|
|t:|1659631638
|switch|p1a: Yveltal|Yveltal|100/100
|-damage|p1a: Yveltal|76/100|[from] Stealth Rock
|-ability|p1a: Yveltal|Dark Aura
|turn|17
|
|t:|1659631642
|-start|p1a: Yveltal|Dynamax|
|-heal|p1a: Yveltal|76/100|[silent]
|move|p2a: Zacian|Behemoth Blade|p1a: Yveltal
|-damage|p1a: Yveltal|0 fnt
|faint|p1a: Yveltal
|
|win|v87
|raw|Coronet077's rating: 1775 &rarr; <strong>1755</strong><br />(-20 for losing)
|raw|v87's rating: 1769 &rarr; <strong>1789</strong><br />(+20 for winning)
|l|☆Coronet077
||Ladder isn't responding, score probably updated but might not have (Request timeout).
