|j|☆oooossk
|j|☆OhLooord
|t:|1668047356
|gametype|singles
|player|p1|oooossk|2|1922
|player|p2|OhLooord|lucas|1984
|teamsize|p1|6
|teamsize|p2|6
|gen|8
|tier|[Gen 8] National Dex AG
|rated|
|rule|HP Percentage Mod: HP is shown in percentages
|rule|Endless Battle Clause: Forcing endless battles is banned
|clearpoke
|poke|p1|Yveltal|
|poke|p1|Calyrex-Shadow|
|poke|p1|Marshadow|
|poke|p1|Rayquaza|
|poke|p1|Necrozma-Dusk-Mane|
|poke|p1|Arceus-*|
|poke|p2|Arceus-*|
|poke|p2|Groudon|
|poke|p2|Zacian-*|
|poke|p2|Rayquaza|
|poke|p2|Calyrex-Shadow|
|poke|p2|Yveltal|
|teampreview
|
|t:|1668047365
|start
|switch|p1a: Necrozma|Necrozma-Dusk-Mane|100/100
|switch|p2a: Yveltal|Yveltal|100/100
|-ability|p2a: Yveltal|Dark Aura
|turn|1
|
|t:|1668047384
|detailschange|p1a: Necrozma|Necrozma-Ultra
|-burst|p1a: Necrozma|Necrozma|Ultranecrozium Z
|move|p1a: Necrozma|Stealth Rock|p2a: Yveltal
|-sidestart|p2: OhLooord|move: Stealth Rock
|move|p2a: Yveltal|Dark Pulse|p1a: Necrozma
|-supereffective|p1a: Necrozma
|-crit|p1a: Necrozma
|-damage|p1a: Necrozma|0 fnt
|faint|p1a: Necrozma
|-damage|p2a: Yveltal|91/100|[from] item: Life Orb
|
|upkeep
|
|t:|1668047386
|switch|p1a: Rayquaza|Rayquaza|100/100
|-ability|p1a: Rayquaza|Air Lock
|turn|2
|
|t:|1668047393
|switch|p2a: Zacian|Zacian-Crowned|100/100
|-damage|p2a: Zacian|94/100|[from] Stealth Rock
|-ability|p2a: Zacian|Intrepid Sword|boost
|-boost|p2a: Zacian|atk|1
|detailschange|p1a: Rayquaza|Rayquaza-Mega
|-mega|p1a: Rayquaza|Rayquaza|
|-weather|DeltaStream|[from] ability: Delta Stream|[of] p1a: Rayquaza
|move|p1a: Rayquaza|Dragon Ascent|p2a: Zacian
|-resisted|p2a: Zacian
|-damage|p2a: Zacian|45/100
|-unboost|p1a: Rayquaza|def|1
|-unboost|p1a: Rayquaza|spd|1
|-damage|p1a: Rayquaza|91/100|[from] item: Life Orb
|
|-weather|DeltaStream|[upkeep]
|upkeep
|turn|3
|
|t:|1668047403
|move|p1a: Rayquaza|Extreme Speed|p2a: Zacian
|-resisted|p2a: Zacian
|-damage|p2a: Zacian|20/100
|-damage|p1a: Rayquaza|81/100|[from] item: Life Orb
|move|p2a: Zacian|Play Rough|p1a: Rayquaza|[miss]
|-miss|p2a: Zacian|p1a: Rayquaza
|
|-weather|DeltaStream|[upkeep]
|upkeep
|turn|4
|c|☆OhLooord|breh
|
|t:|1668047410
|move|p1a: Rayquaza|Extreme Speed|p2a: Zacian
|-resisted|p2a: Zacian
|-damage|p2a: Zacian|0 fnt
|faint|p2a: Zacian
|-damage|p1a: Rayquaza|71/100|[from] item: Life Orb
|
|-weather|DeltaStream|[upkeep]
|upkeep
|
|t:|1668047413
|switch|p2a: Calyrex|Calyrex-Shadow|100/100
|-ability|p2a: Calyrex|As One
|-ability|p2a: Calyrex|Unnerve
|-damage|p2a: Calyrex|88/100|[from] Stealth Rock
|turn|5
|
|t:|1668047422
|move|p2a: Calyrex|Draining Kiss|p1a: Rayquaza
|-supereffective|p1a: Rayquaza
|-damage|p1a: Rayquaza|12/100
|-heal|p2a: Calyrex|100/100|[from] drain|[of] p1a: Rayquaza
|move|p1a: Rayquaza|Dragon Ascent|p2a: Calyrex
|-damage|p2a: Calyrex|0 fnt
|-unboost|p1a: Rayquaza|def|1
|-unboost|p1a: Rayquaza|spd|1
|faint|p2a: Calyrex
|-damage|p1a: Rayquaza|2/100|[from] item: Life Orb
|
|-weather|DeltaStream|[upkeep]
|upkeep
|
|t:|1668047429
|switch|p2a: Arceus|Arceus|100/100
|-damage|p2a: Arceus|88/100|[from] Stealth Rock
|turn|6
|j| Hazatel
|
|t:|1668047431
|move|p1a: Rayquaza|Extreme Speed|p2a: Arceus
|-damage|p2a: Arceus|51/100
|-damage|p1a: Rayquaza|0 fnt|[from] item: Life Orb
|faint|p1a: Rayquaza
|-weather|none
|move|p2a: Arceus|Defog|p1: Rayquaza|[notarget]
|-fail|p2a: Arceus
|
|upkeep
|
|t:|1668047436
|switch|p1a: Marshadow|Marshadow|100/100
|turn|7
|
|t:|1668047438
|switch|p2a: Groudon|Groudon|100/100
|-damage|p2a: Groudon|94/100|[from] Stealth Rock
|detailschange|p2a: Groudon|Groudon-Primal
|-primal|p2a: Groudon
|-weather|DesolateLand|[from] ability: Desolate Land|[of] p2a: Groudon
|move|p1a: Marshadow|Close Combat|p2a: Groudon
|-damage|p2a: Groudon|60/100
|-unboost|p1a: Marshadow|def|1
|-unboost|p1a: Marshadow|spd|1
|-damage|p1a: Marshadow|91/100|[from] item: Life Orb
|
|-weather|DesolateLand|[upkeep]
|upkeep
|turn|8
|
|t:|1668047450
|move|p1a: Marshadow|Close Combat|p2a: Groudon
|-damage|p2a: Groudon|26/100
|-unboost|p1a: Marshadow|def|1
|-unboost|p1a: Marshadow|spd|1
|-damage|p1a: Marshadow|81/100|[from] item: Life Orb
|move|p2a: Groudon|Thunder Wave|p1a: Marshadow
|-status|p1a: Marshadow|par
|
|-weather|DesolateLand|[upkeep]
|upkeep
|turn|9
|
|t:|1668047455
|move|p2a: Groudon|Stealth Rock|p1a: Marshadow
|-sidestart|p1: oooossk|move: Stealth Rock
|cant|p1a: Marshadow|par
|
|-weather|DesolateLand|[upkeep]
|upkeep
|turn|10
|
|t:|1668047463
|move|p2a: Groudon|Thunder Wave|p1a: Marshadow
|-fail|p1a: Marshadow|par
|move|p1a: Marshadow|Close Combat|p2a: Groudon
|-damage|p2a: Groudon|0 fnt
|-unboost|p1a: Marshadow|def|1
|-unboost|p1a: Marshadow|spd|1
|faint|p2a: Groudon
|-weather|none
|-damage|p1a: Marshadow|71/100 par|[from] item: Life Orb
|
|upkeep
|
|t:|1668047465
|switch|p2a: Yveltal|Yveltal|91/100
|-damage|p2a: Yveltal|66/100|[from] Stealth Rock
|-ability|p2a: Yveltal|Dark Aura
|turn|11
|
|t:|1668047467
|move|p2a: Yveltal|Oblivion Wing|p1a: Marshadow
|-supereffective|p1a: Marshadow
|-damage|p1a: Marshadow|0 fnt
|-heal|p2a: Yveltal|100/100|[from] drain|[of] p1a: Marshadow
|faint|p1a: Marshadow
|-damage|p2a: Yveltal|91/100|[from] item: Life Orb
|
|upkeep
|inactive|Battle timer is ON: inactive players will automatically lose when time's up. (requested by OhLooord)
|
|t:|1668047497
|switch|p1a: Yveltal|Yveltal|100/100
|-damage|p1a: Yveltal|76/100|[from] Stealth Rock
|-ability|p1a: Yveltal|Dark Aura
|turn|12
|
|t:|1668047502
|-start|p1a: Yveltal|Dynamax|
|-heal|p1a: Yveltal|76/100|[silent]
|-start|p2a: Yveltal|Dynamax|
|-heal|p2a: Yveltal|91/100|[silent]
|move|p1a: Yveltal|Max Guard|p1a: Yveltal
|-singleturn|p1a: Yveltal|Max Guard
|move|p2a: Yveltal|Max Airstream|p1a: Yveltal
|-activate|p1a: Yveltal|move: Max Guard
|
|upkeep
|turn|13
|
|t:|1668047505
|move|p1a: Yveltal|Max Airstream|p2a: Yveltal
|-damage|p2a: Yveltal|51/100
|-boost|p1a: Yveltal|spe|1
|-damage|p1a: Yveltal|71/100|[from] item: Life Orb
|move|p2a: Yveltal|Max Airstream|p1a: Yveltal
|-damage|p1a: Yveltal|30/100
|-boost|p2a: Yveltal|spe|1
|-damage|p2a: Yveltal|46/100|[from] item: Life Orb
|
|upkeep
|turn|14
|
|t:|1668047509
|move|p1a: Yveltal|Max Airstream|p2a: Yveltal
|-damage|p2a: Yveltal|5/100
|-boost|p1a: Yveltal|spe|1
|-damage|p1a: Yveltal|25/100|[from] item: Life Orb
|move|p2a: Yveltal|Max Airstream|p1a: Yveltal
|-damage|p1a: Yveltal|0 fnt
|-boost|p2a: Yveltal|spe|1
|faint|p1a: Yveltal
|-damage|p2a: Yveltal|0 fnt|[from] item: Life Orb
|faint|p2a: Yveltal
|
|upkeep
|
|t:|1668047523
|switch|p1a: Arceus|Arceus|100/100
|switch|p2a: Rayquaza|Rayquaza|100/100
|-damage|p2a: Rayquaza|76/100|[from] Stealth Rock
|-ability|p2a: Rayquaza|Air Lock
|-damage|p1a: Arceus|88/100|[from] Stealth Rock
|turn|15
|
|t:|1668047532
|detailschange|p2a: Rayquaza|Rayquaza-Mega
|-mega|p2a: Rayquaza|Rayquaza|
|-weather|DeltaStream|[from] ability: Delta Stream|[of] p2a: Rayquaza
|move|p1a: Arceus|Extreme Speed|p2a: Rayquaza
|-damage|p2a: Rayquaza|35/100
|move|p2a: Rayquaza|Dragon Ascent|p1a: Arceus
|-damage|p1a: Arceus|32/100
|-unboost|p2a: Rayquaza|def|1
|-unboost|p2a: Rayquaza|spd|1
|
|-weather|DeltaStream|[upkeep]
|upkeep
|turn|16
|
|t:|1668047537
|move|p2a: Rayquaza|Extreme Speed|p1a: Arceus
|-damage|p1a: Arceus|5/100
|move|p1a: Arceus|Extreme Speed|p2a: Rayquaza
|-damage|p2a: Rayquaza|0 fnt
|faint|p2a: Rayquaza
|-weather|none
|
|upkeep
|
|t:|1668047540
|switch|p2a: Arceus|Arceus|51/100
|-damage|p2a: Arceus|39/100|[from] Stealth Rock
|turn|17
|
|t:|1668047543
|move|p2a: Arceus|Extreme Speed|p1a: Arceus
|-damage|p1a: Arceus|0 fnt
|faint|p1a: Arceus
|
|upkeep
|
|t:|1668047545
|switch|p1a: Calyrex|Calyrex-Shadow|100/100
|-ability|p1a: Calyrex|As One
|-ability|p1a: Calyrex|Unnerve
|-damage|p1a: Calyrex|88/100|[from] Stealth Rock
|turn|18
|
|t:|1668047548
|-zpower|p1a: Calyrex
|move|p1a: Calyrex|Never-Ending Nightmare|p2a: Arceus|[zeffect]
|-immune|p2a: Arceus
|move|p2a: Arceus|Shadow Claw|p1a: Calyrex
|-supereffective|p1a: Calyrex
|-damage|p1a: Calyrex|0 fnt
|faint|p1a: Calyrex
|
|win|OhLooord
|raw|oooossk's rating: 1922 &rarr; <strong>1906</strong><br />(-16 for losing)
|raw|OhLooord's rating: 1984 &rarr; <strong>2000</strong><br />(+16 for winning)
|c|☆OhLooord|no
|c|☆OhLooord|cov/
|c|☆OhLooord|?
|c|☆oooossk|i only have ghost move
|c|☆OhLooord|ah interesting
|c|☆OhLooord|has it been working?
|c|☆oooossk|yes
|c|☆OhLooord|ima guess like taunt astral sub?
|c|☆OhLooord|what last move
|l| Hazatel
|c|☆OhLooord|leech?
|c|☆oooossk|taunt batonpass sub
|c|☆OhLooord|ooo cool set
||Ladder isn't responding, score probably updated but might not have (Request timeout).
|l|☆oooossk
|c|☆OhLooord|gl on ladda
