|j|☆IdontHaveID
|j|☆Ankit_Bharatula
|t:|1627622238
|gametype|singles
|player|p1|IdontHaveID|266|1342
|player|p2|Ankit_Bharatula|red|1419
|teamsize|p1|6
|teamsize|p2|6
|gen|8
|tier|[Gen 8] National Dex AG
|rated|
|rule|HP Percentage Mod: HP is shown in percentages
|rule|Endless Battle Clause: Forcing endless battles is banned
|clearpoke
|poke|p1|Dracovish|
|poke|p1|Rayquaza|
|poke|p1|Eternatus|
|poke|p1|Tyranitar, F|
|poke|p1|Zacian-*|
|poke|p1|Blaziken, F|
|poke|p2|Rayquaza|
|poke|p2|Calyrex-Shadow|
|poke|p2|Xerneas-*|
|poke|p2|Groudon|
|poke|p2|Shuckle, F|
|poke|p2|Zacian-*|
|teampreview
|inactive|Battle timer is ON: inactive players will automatically lose when time's up. (requested by Ankit_Bharatula)
|
|t:|1627622247
|start
|switch|p1a: Tyranitar|Tyranitar, F|100/100
|switch|p2a: Shuckle|Shuckle, F|100/100
|-weather|Sandstorm|[from] ability: Sand Stream|[of] p1a: Tyranitar
|turn|1
|
|t:|1627622256
|move|p1a: Tyranitar|Stealth Rock|p2a: Shuckle
|-sidestart|p2: Ankit_Bharatula|move: Stealth Rock
|move|p2a: Shuckle|Sticky Web|p1a: Tyranitar
|-sidestart|p1: IdontHaveID|move: Sticky Web
|
|-weather|Sandstorm|[upkeep]
|upkeep
|turn|2
|
|t:|1627622264
|move|p1a: Tyranitar|Power-Up Punch|p2a: Shuckle
|-damage|p2a: Shuckle|90/100
|-boost|p1a: Tyranitar|atk|1
|move|p2a: Shuckle|Stealth Rock|p1a: Tyranitar
|-sidestart|p1: IdontHaveID|move: Stealth Rock
|
|-weather|Sandstorm|[upkeep]
|-heal|p2a: Shuckle|96/100|[from] item: Leftovers
|upkeep
|turn|3
|
|t:|1627622272
|move|p1a: Tyranitar|Crunch|p2a: Shuckle
|-damage|p2a: Shuckle|46/100
|move|p2a: Shuckle|Encore|p1a: Tyranitar
|-start|p1a: Tyranitar|Encore
|
|-weather|Sandstorm|[upkeep]
|-heal|p2a: Shuckle|52/100|[from] item: Leftovers
|upkeep
|turn|4
|
|t:|1627622280
|move|p1a: Tyranitar|Crunch|p2a: Shuckle
|-damage|p2a: Shuckle|2/100
|move|p2a: Shuckle|Knock Off|p1a: Tyranitar
|-resisted|p1a: Tyranitar
|-damage|p1a: Tyranitar|98/100
|-enditem|p1a: Tyranitar|Focus Sash|[from] move: Knock Off|[of] p2a: Shuckle
|
|-weather|Sandstorm|[upkeep]
|-heal|p2a: Shuckle|8/100|[from] item: Leftovers
|upkeep
|turn|5
|
|t:|1627622289
|move|p1a: Tyranitar|Crunch|p2a: Shuckle
|-damage|p2a: Shuckle|0 fnt
|faint|p2a: Shuckle
|
|-weather|none
|upkeep
|
|t:|1627622293
|switch|p2a: Zacian|Zacian-Crowned|100/100
|-damage|p2a: Zacian|94/100|[from] Stealth Rock
|-ability|p2a: Zacian|Intrepid Sword|boost
|-boost|p2a: Zacian|atk|1
|turn|6
|
|t:|1627622301
|move|p2a: Zacian|Swords Dance|p2a: Zacian
|-boost|p2a: Zacian|atk|2
|move|p1a: Tyranitar|Crunch|p2a: Zacian
|-resisted|p2a: Zacian
|-damage|p2a: Zacian|65/100
|
|-end|p1a: Tyranitar|Encore
|upkeep
|turn|7
|
|t:|1627622329
|move|p2a: Zacian|Sacred Sword|p1a: Tyranitar
|-supereffective|p1a: Tyranitar
|-damage|p1a: Tyranitar|0 fnt
|faint|p1a: Tyranitar
|
|upkeep
|
|t:|1627622338
|switch|p1a: Blaziken|Blaziken, F|100/100
|-activate|p1a: Blaziken|move: Sticky Web
|-unboost|p1a: Blaziken|spe|1
|-damage|p1a: Blaziken|88/100|[from] Stealth Rock
|turn|8
|
|t:|1627622347
|-start|p1a: Blaziken|Dynamax
|-heal|p1a: Blaziken|88/100|[silent]
|move|p2a: Zacian|Play Rough|p1a: Blaziken
|-damage|p1a: Blaziken|0 fnt
|faint|p1a: Blaziken
|
|upkeep
|
|t:|1627622359
|switch|p1a: Zacian|Zacian-Crowned|100/100
|-damage|p1a: Zacian|94/100|[from] Stealth Rock
|-activate|p1a: Zacian|move: Sticky Web
|-unboost|p1a: Zacian|spe|1
|-ability|p1a: Zacian|Intrepid Sword|boost
|-boost|p1a: Zacian|atk|1
|turn|9
|
|t:|1627622366
|move|p2a: Zacian|Behemoth Blade|p1a: Zacian
|-damage|p1a: Zacian|0 fnt
|faint|p1a: Zacian
|
|upkeep
|
|t:|1627622371
|switch|p1a: Dracovish|Dracovish|100/100
|-damage|p1a: Dracovish|88/100|[from] Stealth Rock
|-activate|p1a: Dracovish|move: Sticky Web
|-unboost|p1a: Dracovish|spe|1
|turn|10
|
|t:|1627622377
|move|p2a: Zacian|Play Rough|p1a: Dracovish
|-supereffective|p1a: Dracovish
|-damage|p1a: Dracovish|0 fnt
|faint|p1a: Dracovish
|
|upkeep
|
|t:|1627622381
|switch|p1a: Eternatus|Eternatus|100/100
|-activate|p1a: Eternatus|move: Sticky Web
|-unboost|p1a: Eternatus|spe|1
|-damage|p1a: Eternatus|88/100|[from] Stealth Rock
|-ability|p1a: Eternatus|Pressure
|turn|11
|
|t:|1627622387
|move|p2a: Zacian|Behemoth Blade|p1a: Eternatus
|-damage|p1a: Eternatus|0 fnt
|faint|p1a: Eternatus
|
|upkeep
|
|t:|1627622391
|switch|p1a: Rayquaza|Rayquaza|100/100
|-damage|p1a: Rayquaza|76/100|[from] Stealth Rock
|-ability|p1a: Rayquaza|Air Lock
|turn|12
|
|t:|1627622397
|detailschange|p1a: Rayquaza|Rayquaza-Mega
|-mega|p1a: Rayquaza|Rayquaza|
|-weather|DeltaStream|[from] ability: Delta Stream|[of] p1a: Rayquaza
|move|p1a: Rayquaza|Extreme Speed|p2a: Zacian
|-resisted|p2a: Zacian
|-damage|p2a: Zacian|43/100
|-damage|p1a: Rayquaza|66/100|[from] item: Life Orb
|move|p2a: Zacian|Play Rough|p1a: Rayquaza
|-supereffective|p1a: Rayquaza
|-damage|p1a: Rayquaza|0 fnt
|faint|p1a: Rayquaza
|-weather|none
|
|win|Ankit_Bharatula
|raw|IdontHaveID's rating: 1342 &rarr; <strong>1326</strong><br />(-16 for losing)
|raw|Ankit_Bharatula's rating: 1419 &rarr; <strong>1435</strong><br />(+16 for winning)
|l|☆IdontHaveID
|c|☆Ankit_Bharatula|Zacian Sweep
