|j|☆AG Champion Red
|j|☆TwentyTwan
|t:|1661014024
|gametype|singles
|player|p1|AG Champion Red|red|1657
|player|p2|TwentyTwan|2|1603
|teamsize|p1|6
|teamsize|p2|6
|gen|8
|tier|[Gen 8] National Dex AG
|rated|
|rule|HP Percentage Mod: HP is shown in percentages
|rule|Endless Battle Clause: Forcing endless battles is banned
|clearpoke
|poke|p1|Ditto|
|poke|p1|Zacian-*|
|poke|p1|Groudon|
|poke|p1|Yveltal|
|poke|p1|Necrozma-Dusk-Mane|
|poke|p1|Rayquaza|
|poke|p2|Zacian-*|
|poke|p2|Ditto|
|poke|p2|Ho-Oh|
|poke|p2|Kyogre|
|poke|p2|Calyrex-Shadow|
|poke|p2|Rayquaza|
|teampreview
|inactive|Battle timer is ON: inactive players will automatically lose when time's up. (requested by TwentyTwan)
|inactive|AG Champion Red also wants the timer to be on.
|
|t:|1661014044
|start
|switch|p1a: Groudon|Groudon|100/100
|switch|p2a: Rayquaza|Rayquaza|100/100
|-ability|p2a: Rayquaza|Air Lock
|detailschange|p1a: Groudon|Groudon-Primal
|-primal|p1a: Groudon
|-weather|DesolateLand|[from] ability: Desolate Land|[of] p1a: Groudon
|turn|1
|
|t:|1661014065
|detailschange|p2a: Rayquaza|Rayquaza-Mega
|-mega|p2a: Rayquaza|Rayquaza|
|-weather|DeltaStream|[from] ability: Delta Stream|[of] p2a: Rayquaza
|move|p2a: Rayquaza|Draco Meteor|p1a: Groudon
|-damage|p1a: Groudon|33/100
|-unboost|p2a: Rayquaza|spa|2
|move|p1a: Groudon|Thunder Wave|p2a: Rayquaza
|-status|p2a: Rayquaza|par
|
|-weather|DeltaStream|[upkeep]
|upkeep
|turn|2
|
|t:|1661014076
|move|p1a: Groudon|Stealth Rock|p2a: Rayquaza
|-sidestart|p2: TwentyTwan|move: Stealth Rock
|move|p2a: Rayquaza|Dragon Ascent|p1a: Groudon
|-damage|p1a: Groudon|0 fnt
|-unboost|p2a: Rayquaza|def|1
|-unboost|p2a: Rayquaza|spd|1
|faint|p1a: Groudon
|
|-weather|DeltaStream|[upkeep]
|upkeep
|
|t:|1661014096
|switch|p1a: Yveltal|Yveltal|100/100
|-ability|p1a: Yveltal|Dark Aura
|turn|3
|
|t:|1661014101
|move|p1a: Yveltal|Foul Play|p2a: Rayquaza
|-enditem|p2a: Rayquaza|Focus Sash
|-damage|p2a: Rayquaza|1/100 par
|move|p2a: Rayquaza|V-create|p1a: Yveltal|[miss]
|-miss|p2a: Rayquaza|p1a: Yveltal
|
|-weather|DeltaStream|[upkeep]
|upkeep
|turn|4
|
|t:|1661014107
|move|p2a: Rayquaza|Extreme Speed|p1a: Yveltal
|-damage|p1a: Yveltal|72/100
|move|p1a: Yveltal|Foul Play|p2a: Rayquaza
|-damage|p2a: Rayquaza|0 fnt
|faint|p2a: Rayquaza
|-weather|none
|
|upkeep
|
|t:|1661014114
|switch|p2a: Ho-Oh|Ho-Oh|100/100
|turn|5
|
|t:|1661014118
|move|p1a: Yveltal|Taunt|p2a: Ho-Oh
|-start|p2a: Ho-Oh|move: Taunt
|cant|p2a: Ho-Oh|move: Taunt|Defog
|
|upkeep
|turn|6
|
|t:|1661014123
|move|p1a: Yveltal|Foul Play|p2a: Ho-Oh
|-damage|p2a: Ho-Oh|51/100
|move|p2a: Ho-Oh|Sacred Fire|p1a: Yveltal|[miss]
|-miss|p2a: Ho-Oh|p1a: Yveltal
|
|upkeep
|turn|7
|c|☆TwentyTwan|Man these misses
|
|t:|1661014135
|move|p1a: Yveltal|Foul Play|p2a: Ho-Oh
|-damage|p2a: Ho-Oh|0 fnt
|faint|p2a: Ho-Oh
|
|upkeep
|c|☆TwentyTwan|2 95%s
|
|t:|1661014149
|switch|p2a: Kyogre|Kyogre|100/100
|-damage|p2a: Kyogre|88/100|[from] Stealth Rock
|detailschange|p2a: Kyogre|Kyogre-Primal
|-primal|p2a: Kyogre
|-weather|PrimordialSea|[from] ability: Primordial Sea|[of] p2a: Kyogre
|turn|8
|c|☆AG Champion Red|I'm so sorry
|c|☆AG Champion Red|U can have this free turn
|
|t:|1661014167
|switch|p1a: Zacian|Zacian|100/100
|-ability|p1a: Zacian|Intrepid Sword|boost
|-boost|p1a: Zacian|atk|1
|move|p2a: Kyogre|Thunder|p1a: Zacian
|-damage|p1a: Zacian|58/100
|
|-weather|PrimordialSea|[upkeep]
|upkeep
|turn|9
|c|☆TwentyTwan|Nah no worries, part of the game, just sucks XD
|inactive|AG Champion Red has 120 seconds left.
|c|☆AG Champion Red|Do u want the free turn or no?
|c|☆TwentyTwan|nah no need
|c|☆AG Champion Red|Aight then
|c|☆AG Champion Red|This happens alot to me
|c|☆TwentyTwan|Just play like you normally would, but I appreciate the offer
|c|☆AG Champion Red|Me*
|
|t:|1661014217
|move|p1a: Zacian|Wild Charge|p2a: Kyogre
|-supereffective|p2a: Kyogre
|-damage|p2a: Kyogre|0 fnt
|faint|p2a: Kyogre
|-weather|none
|-damage|p1a: Zacian|35/100|[from] Recoil
|
|upkeep
|
|t:|1661014226
|switch|p2a: Ditto|Ditto|100/100
|-damage|p2a: Ditto|88/100|[from] Stealth Rock
|-transform|p2a: Ditto|p1a: Zacian|[from] ability: Imposter
|-ability|p2a: Ditto|Intrepid Sword|boost
|-boost|p2a: Ditto|atk|1
|turn|10
|c|☆AG Champion Red|I'm just really lucky today for no reason
|
|t:|1661014242
|move|p2a: Ditto|Play Rough|p1a: Zacian
|-damage|p1a: Zacian|0 fnt
|faint|p1a: Zacian
|
|upkeep
|
|t:|1661014245
|switch|p1a: Necrozma|Necrozma-Dusk-Mane|100/100
|turn|11
|
|t:|1661014249
|switch|p2a: Zacian|Zacian-Crowned|100/100
|-damage|p2a: Zacian|94/100|[from] Stealth Rock
|-ability|p2a: Zacian|Intrepid Sword|boost
|-boost|p2a: Zacian|atk|1
|move|p1a: Necrozma|Sunsteel Strike|p2a: Zacian
|-damage|p2a: Zacian|43/100
|
|upkeep
|turn|12
|
|t:|1661014262
|move|p2a: Zacian|Crunch|p1a: Necrozma
|-supereffective|p1a: Necrozma
|-damage|p1a: Necrozma|60/100
|-damage|p2a: Zacian|26/100|[from] item: Rocky Helmet|[of] p1a: Necrozma
|move|p1a: Necrozma|Earthquake|p2a: Zacian
|-supereffective|p2a: Zacian
|-damage|p2a: Zacian|0 fnt
|faint|p2a: Zacian
|
|upkeep
|
|t:|1661014268
|switch|p2a: Calyrex|Calyrex-Shadow|100/100
|-ability|p2a: Calyrex|As One
|-ability|p2a: Calyrex|Unnerve
|-damage|p2a: Calyrex|88/100|[from] Stealth Rock
|turn|13
|c|☆AG Champion Red|The gen 5 sprites are so good
|
|t:|1661014278
|switch|p1a: Yveltal|Yveltal|72/100
|-ability|p1a: Yveltal|Dark Aura
|move|p2a: Calyrex|Astral Barrage|p1a: Yveltal
|-resisted|p1a: Yveltal
|-damage|p1a: Yveltal|51/100
|
|upkeep
|turn|14
|
|t:|1661014287
|-start|p2a: Calyrex|Dynamax|
|-heal|p2a: Calyrex|88/100|[silent]
|move|p2a: Calyrex|Max Starfall|p1a: Yveltal
|-supereffective|p1a: Yveltal
|-damage|p1a: Yveltal|2/100
|-fieldstart|move: Misty Terrain
|move|p1a: Yveltal|Roost|p1a: Yveltal
|-heal|p1a: Yveltal|52/100
|-singleturn|p1a: Yveltal|move: Roost
|
|upkeep
|turn|15
|
|t:|1661014296
|move|p2a: Calyrex|Max Starfall|p1a: Yveltal
|-supereffective|p1a: Yveltal
|-damage|p1a: Yveltal|4/100
|move|p1a: Yveltal|Foul Play|p2a: Calyrex
|-supereffective|p2a: Calyrex
|-damage|p2a: Calyrex|14/100
|
|upkeep
|turn|16
|
|t:|1661014306
|move|p2a: Calyrex|Max Starfall|p1a: Yveltal
|-supereffective|p1a: Yveltal
|-damage|p1a: Yveltal|0 fnt
|faint|p1a: Yveltal
|-ability|p2a: Calyrex|Grim Neigh|boost
|-boost|p2a: Calyrex|spa|1
|
|upkeep
|
|t:|1661014309
|switch|p1a: Ditto|Ditto|100/100
|-transform|p1a: Ditto|p2a: Calyrex|[from] ability: Imposter
|-end|p2a: Calyrex|Dynamax
|-heal|p2a: Calyrex|14/100|[silent]
|turn|17
|c|☆TwentyTwan|Tiem to pray for a speedtie
|
|t:|1661014320
|move|p1a: Ditto|Psychic|p2a: Calyrex
|-resisted|p2a: Calyrex
|-damage|p2a: Calyrex|0 fnt
|faint|p2a: Calyrex
|-ability|p1a: Ditto|Grim Neigh|boost
|-boost|p1a: Ditto|spa|1
|
|upkeep
|c|☆TwentyTwan|Dammit
|
|t:|1661014326
|switch|p2a: Ditto|Ditto|88/100
|-damage|p2a: Ditto|76/100|[from] Stealth Rock
|turn|18
|
|t:|1661014329
|move|p1a: Ditto|Psychic|p2a: Ditto
|-damage|p2a: Ditto|0 fnt
|faint|p2a: Ditto
|
|win|AG Champion Red
|raw|AG Champion Red's rating: 1657 &rarr; <strong>1674</strong><br />(+17 for winning)
|raw|TwentyTwan's rating: 1603 &rarr; <strong>1586</strong><br />(-17 for losing)
|c|☆TwentyTwan|GG
|c|☆AG Champion Red|Gg wp
|c|☆AG Champion Red|I have scars
|c|☆TwentyTwan|Same
|c|☆AG Champion Red|Scarf*
|c|☆TwentyTwan|My Caly is also scarfed
|c|☆AG Champion Red|Ah damn
|c|☆TwentyTwan|Since people don't expect that shit
|c|☆AG Champion Red|Idk if Dyna ndm could have lived a +2
||Ladder isn't responding, score probably updated but might not have (Request timeout).
|c|☆TwentyTwan|Yeah maybe
|c|☆AG Champion Red|I had a very slight edge
|c|☆TwentyTwan|Prism Armor is a bigass drug
|c|☆AG Champion Red|Exactly
|c|☆TwentyTwan|Tho with the 40% damage, maybe it would've been enough
|c|☆AG Champion Red|We'll never know I guess
|c|☆TwentyTwan|Yeah, gg atleast
|c|☆TwentyTwan|Good luck in further matches!
|c|☆AG Champion Red|It was very close to
|c|☆AG Champion Red|Hope you don't miss after this
|c|☆AG Champion Red|Gg bye
|l|☆AG Champion Red
|j|☆AG Champion Red
|player|p1|AG Champion Red|red
|l|☆TwentyTwan
