|j|☆thicsucttv
|j|☆CLEAR GEM清瑜
|t:|1662739197
|gametype|singles
|player|p1|thicsucttv|2|1808
|player|p2|CLEAR GEM清瑜|skierf|1833
|teamsize|p1|6
|teamsize|p2|6
|gen|8
|tier|[Gen 8] National Dex AG
|rated|
|rule|HP Percentage Mod: HP is shown in percentages
|rule|Endless Battle Clause: Forcing endless battles is banned
|clearpoke
|poke|p1|Tyranitar, F|
|poke|p1|Marshadow|
|poke|p1|Yveltal|
|poke|p1|Necrozma-Dusk-Mane|
|poke|p1|Ditto|
|poke|p1|Lucario, M|
|poke|p2|Rayquaza|
|poke|p2|Groudon|
|poke|p2|Necrozma-Dusk-Mane|
|poke|p2|Arceus-*|
|poke|p2|Zacian-*|
|poke|p2|Yveltal|
|teampreview
|inactive|Battle timer is ON: inactive players will automatically lose when time's up. (requested by thicsucttv)
|
|t:|1662739204
|start
|switch|p1a: Lucario|Lucario, M|100/100
|switch|p2a: 不会(?)|Groudon|100/100
|detailschange|p2a: 不会(?)|Groudon-Primal
|-primal|p2a: 不会(?)
|-weather|DesolateLand|[from] ability: Desolate Land|[of] p2a: 不会(?)
|turn|1
|
|t:|1662739227
|detailschange|p1a: Lucario|Lucario-Mega, M
|-mega|p1a: Lucario|Lucario|Lucarionite
|move|p1a: Lucario|Close Combat|p2a: 不会(?)
|-damage|p2a: 不会(?)|51/100
|-unboost|p1a: Lucario|def|1
|-unboost|p1a: Lucario|spd|1
|move|p2a: 不会(?)|Stealth Rock|p1a: Lucario
|-sidestart|p1: thicsucttv|move: Stealth Rock
|
|-weather|DesolateLand|[upkeep]
|upkeep
|turn|2
|
|t:|1662739237
|move|p1a: Lucario|Close Combat|p2a: 不会(?)
|-damage|p2a: 不会(?)|0 fnt
|-unboost|p1a: Lucario|def|1
|-unboost|p1a: Lucario|spd|1
|faint|p2a: 不会(?)
|-weather|none
|
|upkeep
|
|t:|1662739241
|switch|p2a: 老烈|Rayquaza|100/100
|-ability|p2a: 老烈|Air Lock
|turn|3
|c|☆thicsucttv|How are you bro
|c|☆thicsucttv|We have played before
|
|t:|1662739261
|detailschange|p2a: 老烈|Rayquaza-Mega
|-mega|p2a: 老烈|Rayquaza|
|-weather|DeltaStream|[from] ability: Delta Stream|[of] p2a: 老烈
|move|p1a: Lucario|Bullet Punch|p2a: 老烈
|-damage|p2a: 老烈|74/100
|move|p2a: 老烈|Earthquake|p1a: Lucario
|-supereffective|p1a: Lucario
|-damage|p1a: Lucario|0 fnt
|faint|p1a: Lucario
|
|-weather|DeltaStream|[upkeep]
|upkeep
|inactive|thicsucttv has 120 seconds left.
|
|t:|1662739282
|switch|p1a: Ditto|Ditto|100/100
|-damage|p1a: Ditto|88/100|[from] Stealth Rock
|-transform|p1a: Ditto|p2a: 老烈|[from] ability: Imposter
|turn|4
|inactive|thicsucttv has 120 seconds left.
|
|t:|1662739288
|move|p1a: Ditto|Dragon Ascent|p2a: 老烈
|-damage|p2a: 老烈|0 fnt
|-unboost|p1a: Ditto|def|1
|-unboost|p1a: Ditto|spd|1
|faint|p2a: 老烈
|
|-weather|DeltaStream|[upkeep]
|upkeep
|
|t:|1662739293
|switch|p2a: 钢铁之躯|Necrozma-Dusk-Mane|100/100
|turn|5
|inactive|thicsucttv has 120 seconds left.
|
|t:|1662739319
|-weather|none
|switch|p1a: Necrozma|Necrozma-Dusk-Mane|100/100
|-damage|p1a: Necrozma|95/100|[from] Stealth Rock
|move|p2a: 钢铁之躯|Dragon Dance|p2a: 钢铁之躯
|-boost|p2a: 钢铁之躯|atk|1
|-boost|p2a: 钢铁之躯|spe|1
|
|upkeep
|turn|6
|
|t:|1662739329
|detailschange|p2a: 钢铁之躯|Necrozma-Ultra
|-burst|p2a: 钢铁之躯|Necrozma|Ultranecrozium Z
|move|p2a: 钢铁之躯|Earthquake|p1a: Necrozma
|-supereffective|p1a: Necrozma
|-damage|p1a: Necrozma|0 fnt
|faint|p1a: Necrozma
|
|upkeep
|
|t:|1662739337
|switch|p1a: Yveltal|Yveltal|100/100
|-damage|p1a: Yveltal|76/100|[from] Stealth Rock
|-ability|p1a: Yveltal|Dark Aura
|turn|7
|
|t:|1662739343
|move|p1a: Yveltal|Sucker Punch|p2a: 钢铁之躯
|-supereffective|p2a: 钢铁之躯
|-damage|p2a: 钢铁之躯|0 fnt
|faint|p2a: 钢铁之躯
|-damage|p1a: Yveltal|66/100|[from] item: Life Orb
|
|upkeep
|
|t:|1662739349
|switch|p2a: 悬空羊驼|Arceus-Flying|100/100
|turn|8
|inactive|thicsucttv has 120 seconds left.
|
|t:|1662739360
|-start|p2a: 悬空羊驼|Dynamax|
|-heal|p2a: 悬空羊驼|100/100|[silent]
|-start|p1a: Yveltal|Dynamax|
|-heal|p1a: Yveltal|66/100|[silent]
|move|p2a: 悬空羊驼|Max Airstream|p1a: Yveltal
|-crit|p1a: Yveltal
|-damage|p1a: Yveltal|8/100
|-boost|p2a: 悬空羊驼|spe|1
|move|p1a: Yveltal|Max Airstream|p2a: 悬空羊驼
|-damage|p2a: 悬空羊驼|65/100
|-boost|p1a: Yveltal|spe|1
|-damage|p1a: Yveltal|3/100|[from] item: Life Orb
|
|upkeep
|turn|9
|inactive|thicsucttv has 120 seconds left.
|
|t:|1662739376
|move|p2a: 悬空羊驼|Max Airstream|p1a: Yveltal
|-damage|p1a: Yveltal|0 fnt
|-boost|p2a: 悬空羊驼|spe|1
|faint|p1a: Yveltal
|
|upkeep
|
|t:|1662739383
|switch|p1a: Tyranitar|Tyranitar, F|100/100
|-damage|p1a: Tyranitar|88/100|[from] Stealth Rock
|-weather|Sandstorm|[from] ability: Sand Stream|[of] p1a: Tyranitar
|turn|10
|j| luisYR_a
|inactive|thicsucttv has 120 seconds left.
|
|t:|1662739389
|move|p2a: 悬空羊驼|Max Quake|p1a: Tyranitar
|-supereffective|p1a: Tyranitar
|-damage|p1a: Tyranitar|62/100
|-boost|p2a: 悬空羊驼|spd|1
|move|p1a: Tyranitar|Stone Edge|p2a: 悬空羊驼
|-supereffective|p2a: 悬空羊驼
|-crit|p2a: 悬空羊驼
|-damage|p2a: 悬空羊驼|16/100
|
|-weather|Sandstorm|[upkeep]
|-damage|p2a: 悬空羊驼|13/100|[from] Sandstorm
|upkeep
|-end|p2a: 悬空羊驼|Dynamax
|-heal|p2a: 悬空羊驼|13/100|[silent]
|turn|11
|inactive|thicsucttv has 120 seconds left.
|
|t:|1662739403
|move|p2a: 悬空羊驼|Recover|p2a: 悬空羊驼
|-heal|p2a: 悬空羊驼|63/100
|move|p1a: Tyranitar|Stone Edge|p2a: 悬空羊驼
|-supereffective|p2a: 悬空羊驼
|-damage|p2a: 悬空羊驼|3/100
|
|-weather|Sandstorm|[upkeep]
|-damage|p2a: 悬空羊驼|0 fnt|[from] Sandstorm
|faint|p2a: 悬空羊驼
|upkeep
|
|t:|1662739406
|switch|p2a: 嘉然小姐的狗|Zacian-Crowned|100/100
|-ability|p2a: 嘉然小姐的狗|Intrepid Sword|boost
|-boost|p2a: 嘉然小姐的狗|atk|1
|turn|12
|
|t:|1662739420
|switch|p1a: Marshadow|Marshadow|100/100
|-damage|p1a: Marshadow|94/100|[from] Stealth Rock
|move|p2a: 嘉然小姐的狗|Behemoth Blade|p1a: Marshadow
|-damage|p1a: Marshadow|0 fnt
|faint|p1a: Marshadow
|
|-weather|Sandstorm|[upkeep]
|upkeep
|inactive|thicsucttv has 120 seconds left.
|
|t:|1662739430
|switch|p1a: Ditto|Ditto|88/100
|-damage|p1a: Ditto|76/100|[from] Stealth Rock
|-transform|p1a: Ditto|p2a: 嘉然小姐的狗|[from] ability: Imposter
|-ability|p1a: Ditto|Intrepid Sword|boost
|-boost|p1a: Ditto|atk|1
|turn|13
|
|t:|1662739438
|move|p1a: Ditto|Behemoth Blade|p2a: 嘉然小姐的狗
|-damage|p2a: 嘉然小姐的狗|4/100
|move|p2a: 嘉然小姐的狗|Behemoth Blade|p1a: Ditto
|-damage|p1a: Ditto|0 fnt
|faint|p1a: Ditto
|
|-weather|Sandstorm|[upkeep]
|upkeep
|inactive|thicsucttv has 120 seconds left.
|c|☆thicsucttv|Uhm how did you live?
|
|t:|1662739459
|switch|p1a: Tyranitar|Tyranitar, F|62/100
|-damage|p1a: Tyranitar|50/100|[from] Stealth Rock
|turn|14
|c|☆CLEAR GEM清瑜|🙏🏻响门
|
|t:|1662739466
|move|p2a: 嘉然小姐的狗|Behemoth Blade|p1a: Tyranitar
|-supereffective|p1a: Tyranitar
|-damage|p1a: Tyranitar|0 fnt
|faint|p1a: Tyranitar
|
|win|CLEAR GEM清瑜
|raw|thicsucttv's rating: 1808 &rarr; <strong>1789</strong><br />(-19 for losing)
|raw|CLEAR GEM清瑜's rating: 1833 &rarr; <strong>1852</strong><br />(+19 for winning)
|c|☆thicsucttv|Bro how
|c|☆CLEAR GEM清瑜|252IV HP
||Ladder isn't responding, score probably updated but might not have (Request timeout).
