|j|☆T4nner
|j|☆alwaysrinse
|t:|1621377498
|gametype|singles
|player|p1|T4nner|red|1855
|player|p2|alwaysrinse|1|1901
|teamsize|p1|6
|teamsize|p2|6
|gen|8
|tier|[Gen 8] National Dex AG
|rated|
|rule|HP Percentage Mod: HP is shown in percentages
|rule|Endless Battle Clause: Forcing endless battles is banned
|clearpoke
|poke|p1|Kyogre|
|poke|p1|Groudon|
|poke|p1|Rayquaza|
|poke|p1|Zacian-*|
|poke|p1|Regieleki|
|poke|p1|Calyrex-Shadow|
|poke|p2|Quagsire, F|
|poke|p2|Chansey, F|
|poke|p2|Tyranitar, F|
|poke|p2|Lugia|
|poke|p2|Sableye, F|
|poke|p2|Giratina|
|teampreview
|inactive|Battle timer is ON: inactive players will automatically lose when time's up. (requested by T4nner)
|
|t:|1621377508
|start
|switch|p1a: I agreewith Zacian|Calyrex-Shadow|100/100
|switch|p2a: Sableye|Sableye, F|100/100
|-ability|p1a: I agreewith Zacian|As One
|-ability|p1a: I agreewith Zacian|Unnerve
|turn|1
|j| Mak the ZekLord
|
|t:|1621377526
|switch|p1a: Kyogre|Kyogre|100/100
|detailschange|p1a: Kyogre|Kyogre-Primal
|-primal|p1a: Kyogre
|-weather|PrimordialSea|[from] ability: Primordial Sea|[of] p1a: Kyogre
|switch|p2a: Tyranitar|Tyranitar, F|100/100
|-ability|p2a: Tyranitar|Sand Stream|[from] primordialsea|[fail]
|
|-weather|PrimordialSea|[upkeep]
|upkeep
|turn|2
|c|☆alwaysrinse|calyrex
|j| Jefff 369421 ❤
|
|t:|1621377537
|-weather|none
|switch|p1a: Rayquaza|Rayquaza|100/100
|-ability|p1a: Rayquaza|Air Lock
|switch|p2a: Chansey|Chansey, F|100/100
|
|upkeep
|turn|3
|
|t:|1621377545
|switch|p2a: Lugia|Lugia|100/100
|detailschange|p1a: Rayquaza|Rayquaza-Mega
|-mega|p1a: Rayquaza|Rayquaza|
|-weather|DeltaStream|[from] ability: Delta Stream|[of] p1a: Rayquaza
|move|p1a: Rayquaza|Scale Shot|p2a: Lugia
|-damage|p2a: Lugia|94/100
|-damage|p2a: Lugia|83/100
|-damage|p2a: Lugia|70/100
|-hitcount|p2a: Lugia|3
|-unboost|p1a: Rayquaza|def|1
|-boost|p1a: Rayquaza|spe|1
|-damage|p1a: Rayquaza|91/100|[from] item: Life Orb
|
|-weather|DeltaStream|[upkeep]
|upkeep
|turn|4
|c| Jefff 369421 ❤|bug z caly is scary
|inactive|T4nner has 120 seconds left.
|c|☆T4nner|stall is all just luck about the opponents rolls, accuracy, and number of times a move hits
|c|☆T4nner|it's soo boring..
|inactive|T4nner has 90 seconds left.
|
|t:|1621377611
|-weather|none
|switch|p1a: Ditto is 4 Bitches|Zacian-Crowned|100/100
|-ability|p1a: Ditto is 4 Bitches|Intrepid Sword|boost
|-boost|p1a: Ditto is 4 Bitches|atk|1
|move|p2a: Lugia|Roost|p2a: Lugia
|-heal|p2a: Lugia|100/100
|-singleturn|p2a: Lugia|move: Roost
|
|upkeep
|turn|5
|c| Mak the ZekLord|+1 max starfall caly s is dangerous
|inactive|T4nner has 90 seconds left.
|
|t:|1621377620
|switch|p1a: Rayquaza|Rayquaza-Mega|91/100
|-weather|DeltaStream|[from] ability: Delta Stream|[of] p1a: Rayquaza
|switch|p2a: Quagsire|Quagsire, F|100/100
|
|-weather|DeltaStream|[upkeep]
|upkeep
|turn|6
|c| Jefff 369421 ❤|+2*
|
|t:|1621377627
|switch|p2a: Lugia|Lugia|100/100
|move|p1a: Rayquaza|Scale Shot|p2a: Lugia
|-damage|p2a: Lugia|95/100
|-damage|p2a: Lugia|82/100
|-damage|p2a: Lugia|70/100
|-hitcount|p2a: Lugia|3
|-unboost|p1a: Rayquaza|def|1
|-boost|p1a: Rayquaza|spe|1
|-damage|p1a: Rayquaza|81/100|[from] item: Life Orb
|
|-weather|DeltaStream|[upkeep]
|upkeep
|turn|7
|c| Jefff 369421 ❤|if it uses nasty plot of switch in
|c|☆alwaysrinse|roost
|c| Jefff 369421 ❤|on*
|c| Mak the ZekLord|O_0
|c|☆alwaysrinse|is a geat move
|
|t:|1621377640
|-weather|none
|switch|p1a: Ditto is 4 Bitches|Zacian-Crowned|100/100
|-ability|p1a: Ditto is 4 Bitches|Intrepid Sword|boost
|-boost|p1a: Ditto is 4 Bitches|atk|1
|move|p2a: Lugia|Roost|p2a: Lugia
|-heal|p2a: Lugia|100/100
|-singleturn|p2a: Lugia|move: Roost
|
|upkeep
|turn|8
|c| Jefff 369421 ❤|roost great
|c| Jefff 369421 ❤|giratina should get roost
|
|t:|1621377650
|switch|p1a: Rayquaza|Rayquaza-Mega|81/100
|-weather|DeltaStream|[from] ability: Delta Stream|[of] p1a: Rayquaza
|switch|p2a: Quagsire|Quagsire, F|100/100
|
|-weather|DeltaStream|[upkeep]
|upkeep
|turn|9
|j| Pyram
|
|t:|1621377658
|switch|p2a: Lugia|Lugia|100/100
|move|p1a: Rayquaza|Scale Shot|p2a: Lugia
|-damage|p2a: Lugia|94/100
|-damage|p2a: Lugia|82/100
|-hitcount|p2a: Lugia|2
|-unboost|p1a: Rayquaza|def|1
|-boost|p1a: Rayquaza|spe|1
|-damage|p1a: Rayquaza|71/100|[from] item: Life Orb
|
|-weather|DeltaStream|[upkeep]
|upkeep
|turn|10
|
|t:|1621377668
|-weather|none
|switch|p1a: Ditto is 4 Bitches|Zacian-Crowned|100/100
|-ability|p1a: Ditto is 4 Bitches|Intrepid Sword|boost
|-boost|p1a: Ditto is 4 Bitches|atk|1
|move|p2a: Lugia|Roost|p2a: Lugia
|-heal|p2a: Lugia|100/100
|-singleturn|p2a: Lugia|move: Roost
|
|upkeep
|turn|11
|c|☆T4nner|see what i mean
|c|☆T4nner|this is so lame
|
|t:|1621377679
|switch|p1a: Rayquaza|Rayquaza-Mega|71/100
|-weather|DeltaStream|[from] ability: Delta Stream|[of] p1a: Rayquaza
|switch|p2a: Quagsire|Quagsire, F|100/100
|
|-weather|DeltaStream|[upkeep]
|upkeep
|turn|12
|c|☆alwaysrinse|ary dies from LO
|
|t:|1621377685
|switch|p2a: Lugia|Lugia|100/100
|move|p1a: Rayquaza|Scale Shot|p2a: Lugia
|-damage|p2a: Lugia|95/100
|-damage|p2a: Lugia|82/100
|-damage|p2a: Lugia|70/100
|-damage|p2a: Lugia|58/100
|-hitcount|p2a: Lugia|4
|-unboost|p1a: Rayquaza|def|1
|-boost|p1a: Rayquaza|spe|1
|-damage|p1a: Rayquaza|61/100|[from] item: Life Orb
|
|-weather|DeltaStream|[upkeep]
|upkeep
|turn|13
|inactive|T4nner has 120 seconds left.
|
|t:|1621377695
|move|p1a: Rayquaza|Dragon Ascent|p2a: Lugia
|-damage|p2a: Lugia|4/100
|-unboost|p1a: Rayquaza|def|1
|-unboost|p1a: Rayquaza|spd|1
|-damage|p1a: Rayquaza|51/100|[from] item: Life Orb
|move|p2a: Lugia|Roost|p2a: Lugia
|-heal|p2a: Lugia|54/100
|-singleturn|p2a: Lugia|move: Roost
|
|-weather|DeltaStream|[upkeep]
|upkeep
|turn|14
|
|t:|1621377708
|-start|p2a: Lugia|Dynamax
|-heal|p2a: Lugia|54/100|[silent]
|move|p1a: Rayquaza|Dragon Ascent|p2a: Lugia
|-damage|p2a: Lugia|27/100
|-unboost|p1a: Rayquaza|def|1
|-unboost|p1a: Rayquaza|spd|1
|-damage|p1a: Rayquaza|41/100|[from] item: Life Orb
|move|p2a: Lugia|Max Hailstorm|p1a: Rayquaza
|-activate||deltastream
|-supereffective|p1a: Rayquaza
|-damage|p1a: Rayquaza|0 fnt
|faint|p1a: Rayquaza
|-weather|none
|
|upkeep
|c| Jefff 369421 ❤|dragon dance mray and sd mray are scary
|inactive|T4nner has 120 seconds left.
|c|☆T4nner|all just low rolls and not enough hits
|c| Jefff 369421 ❤|you got 4 hits
|c|☆T4nner|on the 5th try
|inactive|T4nner has 90 seconds left.
|c|☆T4nner|5 hits or a better dragon ascent roll would've killed
|inactive|T4nner has 60 seconds left.
|
|t:|1621377789
|switch|p1a: I agreewith Zacian|Calyrex-Shadow|100/100
|-ability|p1a: I agreewith Zacian|As One
|-ability|p1a: I agreewith Zacian|Unnerve
|turn|15
|inactive|T4nner has 60 seconds left.
|
|t:|1621377814
|switch|p1a: Groudon|Groudon|100/100
|detailschange|p1a: Groudon|Groudon-Primal
|-primal|p1a: Groudon
|-weather|DesolateLand|[from] ability: Desolate Land|[of] p1a: Groudon
|move|p2a: Lugia|Max Guard||[still]
|-fail|p2a: Lugia
|
|-weather|DesolateLand|[upkeep]
|upkeep
|turn|16
|c| Jefff 369421 ❤|calyrex agree that zacian and calyrex are stupid overpowered and ditto bad
|inactive|T4nner has 60 seconds left.
|
|t:|1621377844
|-weather|none
|switch|p1a: Ditto is 4 Bitches|Zacian-Crowned|100/100
|-ability|p1a: Ditto is 4 Bitches|Intrepid Sword|boost
|-boost|p1a: Ditto is 4 Bitches|atk|1
|move|p2a: Lugia|Max Guard||[still]
|-fail|p2a: Lugia
|
|-end|p2a: Lugia|Dynamax
|-heal|p2a: Lugia|27/100|[silent]
|upkeep
|turn|17
|c| Mak the ZekLord|Ditto is bad ain't it?
|inactive|T4nner has 30 seconds left.
|inactive|alwaysrinse has 120 seconds left.
|c|☆T4nner|ditto is lame
|c|☆T4nner|requires no skil
|
|t:|1621377884
|switch|p1a: Kyogre|Kyogre-Primal|100/100
|-weather|PrimordialSea|[from] ability: Primordial Sea|[of] p1a: Kyogre
|switch|p2a: Quagsire|Quagsire, F|100/100
|
|-weather|PrimordialSea|[upkeep]
|upkeep
|turn|18
|inactive|T4nner has 30 seconds left.
|c|☆T4nner|at least stall requires skill to build the team even if you dont need it to play it
|inactive|T4nner has 20 seconds left.
|c| Jefff 369421 ❤|there is a reason why people have defensive mons to ditto proof
|
|t:|1621377905
|-weather|none
|switch|p1a: Groudon|Groudon-Primal|100/100
|-weather|DesolateLand|[from] ability: Desolate Land|[of] p1a: Groudon
|switch|p2a: Chansey|Chansey, F|100/100
|
|-weather|DesolateLand|[upkeep]
|upkeep
|turn|19
|inactive|T4nner has 30 seconds left this turn.
|inactive|alwaysrinse has 120 seconds left.
|
|t:|1621377916
|-weather|none
|switch|p1a: Ditto is 4 Bitches|Zacian-Crowned|100/100
|-ability|p1a: Ditto is 4 Bitches|Intrepid Sword|boost
|-boost|p1a: Ditto is 4 Bitches|atk|1
|switch|p2a: Lugia|Lugia|27/100
|
|upkeep
|turn|20
|l| Pyram
|inactive|T4nner has 30 seconds left.
|
|t:|1621377926
|switch|p2a: Quagsire|Quagsire, F|100/100
|move|p1a: Ditto is 4 Bitches|Play Rough|p2a: Quagsire|[miss]
|-miss|p1a: Ditto is 4 Bitches|p2a: Quagsire
|
|upkeep
|turn|21
|c|☆T4nner|see
|c| Mak the ZekLord|Tru, like quag
|inactive|T4nner has 30 seconds left.
|c|☆T4nner|just gotta wair for that and then is overs
|inactive|T4nner has 20 seconds left.
|inactive|alwaysrinse has 120 seconds left.
|c| Jefff 369421 ❤|quaggy was made for zacian
|inactive|T4nner has 15 seconds left.
|inactive|T4nner has 10 seconds left.
|c|☆T4nner|crits can kill though
|
|t:|1621377962
|switch|p1a: Kyogre|Kyogre-Primal|100/100
|-weather|PrimordialSea|[from] ability: Primordial Sea|[of] p1a: Kyogre
|move|p2a: Quagsire|Earthquake|p1a: Kyogre
|-damage|p1a: Kyogre|65/100
|
|-weather|PrimordialSea|[upkeep]
|upkeep
|turn|22
|inactive|T4nner has 20 seconds left this turn.
|inactive|T4nner has 15 seconds left.
|
|t:|1621377970
|-weather|none
|switch|p1a: Ditto is 4 Bitches|Zacian-Crowned|100/100
|-ability|p1a: Ditto is 4 Bitches|Intrepid Sword|boost
|-boost|p1a: Ditto is 4 Bitches|atk|1
|switch|p2a: Chansey|Chansey, F|100/100
|
|upkeep
|turn|23
|inactive|T4nner has 25 seconds left this turn.
|inactive|T4nner has 20 seconds left.
|
|t:|1621377978
|switch|p2a: Quagsire|Quagsire, F|100/100
|move|p1a: Ditto is 4 Bitches|Play Rough|p2a: Quagsire
|-damage|p2a: Quagsire|58/100
|
|-heal|p2a: Quagsire|64/100|[from] item: Leftovers
|upkeep
|turn|24
|inactive|T4nner has 30 seconds left this turn.
|
|t:|1621377987
|move|p1a: Ditto is 4 Bitches|Play Rough|p2a: Quagsire
|-damage|p2a: Quagsire|20/100
|move|p2a: Quagsire|Recover|p2a: Quagsire
|-heal|p2a: Quagsire|70/100
|
|-heal|p2a: Quagsire|76/100|[from] item: Leftovers
|upkeep
|turn|25
|inactive|T4nner has 30 seconds left.
|inactive|alwaysrinse has 120 seconds left.
|inactive|alwaysrinse has 90 seconds left.
|
|t:|1621378034
|move|p1a: Ditto is 4 Bitches|Play Rough|p2a: Quagsire
|-damage|p2a: Quagsire|30/100
|move|p2a: Quagsire|Recover|p2a: Quagsire
|-heal|p2a: Quagsire|80/100
|
|-heal|p2a: Quagsire|87/100|[from] item: Leftovers
|upkeep
|turn|26
|c|☆T4nner|me versus this team is all just luck
|
|t:|1621378041
|switch|p1a: Kyogre|Kyogre-Primal|65/100
|-weather|PrimordialSea|[from] ability: Primordial Sea|[of] p1a: Kyogre
|move|p2a: Quagsire|Recover|p2a: Quagsire
|-heal|p2a: Quagsire|100/100
|
|-weather|PrimordialSea|[upkeep]
|upkeep
|turn|27
|
|t:|1621378045
|-weather|none
|switch|p1a: Ditto is 4 Bitches|Zacian-Crowned|100/100
|-ability|p1a: Ditto is 4 Bitches|Intrepid Sword|boost
|-boost|p1a: Ditto is 4 Bitches|atk|1
|switch|p2a: Chansey|Chansey, F|100/100
|
|upkeep
|turn|28
|
|t:|1621378059
|switch|p2a: Quagsire|Quagsire, F|100/100
|move|p1a: Ditto is 4 Bitches|Play Rough|p2a: Quagsire
|-damage|p2a: Quagsire|56/100
|
|-heal|p2a: Quagsire|62/100|[from] item: Leftovers
|upkeep
|turn|29
|c| Jefff 369421 ❤|stall is not just luck
|
|t:|1621378065
|move|p1a: Ditto is 4 Bitches|Play Rough|p2a: Quagsire
|-crit|p2a: Quagsire
|-damage|p2a: Quagsire|0 fnt
|faint|p2a: Quagsire
|
|upkeep
|inactive|alwaysrinse has 120 seconds left.
|c|☆T4nner|what was that then
|c|☆T4nner|lol
|
|t:|1621378080
|switch|p2a: Sableye|Sableye, F|100/100
|turn|30
|c|☆T4nner|stall requires a lot of skill to build the team
|inactive|T4nner has 60 seconds left.
|
|t:|1621378091
|switch|p1a: Groudon|Groudon-Primal|100/100
|-weather|DesolateLand|[from] ability: Desolate Land|[of] p1a: Groudon
|move|p2a: Sableye|Will-O-Wisp|p1a: Groudon
|-immune|p1a: Groudon
|
|-weather|DesolateLand|[upkeep]
|upkeep
|turn|31
|c| Jefff 369421 ❤|can easily beat it with wall breakers
|c|☆alwaysrinse|or crits
|inactive|T4nner has 60 seconds left.
|c|☆alwaysrinse|zacian isnt suppoesd to run play rough
|c|☆alwaysrinse|anyway
|
|t:|1621378109
|-weather|none
|switch|p1a: Ditto is 4 Bitches|Zacian-Crowned|100/100
|-ability|p1a: Ditto is 4 Bitches|Intrepid Sword|boost
|-boost|p1a: Ditto is 4 Bitches|atk|1
|switch|p2a: Lugia|Lugia|27/100
|
|upkeep
|turn|32
|inactive|T4nner has 60 seconds left.
|c| Jefff 369421 ❤|zacian should not run crunch
|
|t:|1621378121
|move|p1a: Ditto is 4 Bitches|Crunch|p2a: Lugia
|-supereffective|p2a: Lugia
|-damage|p2a: Lugia|0 fnt
|faint|p2a: Lugia
|
|upkeep
|
|t:|1621378125
|switch|p2a: Giratina|Giratina|100/100
|-ability|p2a: Giratina|Pressure
|turn|33
|c|☆alwaysrinse|zacian will be burned
|inactive|T4nner has 60 seconds left.
|c|☆T4nner|can he really withstand pr
|c| Mak the ZekLord|So it's run assurance¿
|
|t:|1621378152
|switch|p1a: Kyogre|Kyogre-Primal|65/100
|-weather|PrimordialSea|[from] ability: Primordial Sea|[of] p1a: Kyogre
|move|p2a: Giratina|Will-O-Wisp|p1a: Kyogre
|-status|p1a: Kyogre|brn
|
|-weather|PrimordialSea|[upkeep]
|-damage|p1a: Kyogre|58/100 brn|[from] brn
|upkeep
|turn|34
|c| Jefff 369421 ❤|giratina lives play rough
|
|t:|1621378161
|move|p1a: Kyogre|Ice Beam|p2a: Giratina
|-supereffective|p2a: Giratina
|-damage|p2a: Giratina|56/100
|move|p2a: Giratina|Will-O-Wisp|p1a: Kyogre
|-fail|p1a: Kyogre|brn
|
|-weather|PrimordialSea|[upkeep]
|-heal|p2a: Giratina|62/100|[from] item: Leftovers
|-damage|p1a: Kyogre|52/100 brn|[from] brn
|upkeep
|turn|35
|
|t:|1621378165
|move|p1a: Kyogre|Ice Beam|p2a: Giratina
|-supereffective|p2a: Giratina
|-damage|p2a: Giratina|13/100
|move|p2a: Giratina|Hex|p1a: Kyogre
|-damage|p1a: Kyogre|24/100 brn
|
|-weather|PrimordialSea|[upkeep]
|-heal|p2a: Giratina|19/100|[from] item: Leftovers
|-damage|p1a: Kyogre|18/100 brn|[from] brn
|upkeep
|turn|36
|c| Mak the ZekLord|And burns it
|
|t:|1621378176
|switch|p2a: Chansey|Chansey, F|100/100
|move|p1a: Kyogre|Ice Beam|p2a: Chansey
|-damage|p2a: Chansey|89/100
|
|-weather|PrimordialSea|[upkeep]
|-damage|p1a: Kyogre|12/100 brn|[from] brn
|upkeep
|turn|37
|c| Jefff 369421 ❤|hex?
|c|☆alwaysrinse|yeah
|
|t:|1621378186
|move|p1a: Kyogre|Surf|p2a: Chansey
|-crit|p2a: Chansey
|-damage|p2a: Chansey|50/100
|move|p2a: Chansey|Soft-Boiled|p2a: Chansey
|-heal|p2a: Chansey|99/100
|
|-weather|PrimordialSea|[upkeep]
|-damage|p1a: Kyogre|5/100 brn|[from] brn
|upkeep
|turn|38
|c|☆alwaysrinse|its useful;
|
|t:|1621378196
|move|p1a: Kyogre|Surf|p2a: Chansey
|-damage|p2a: Chansey|74/100
|move|p2a: Chansey|Soft-Boiled|p2a: Chansey
|-heal|p2a: Chansey|100/100
|
|-weather|PrimordialSea|[upkeep]
|-damage|p1a: Kyogre|0 fnt|[from] brn
|faint|p1a: Kyogre
|-weather|none
|upkeep
|c| Jefff 369421 ❤|more useful than toxic?
|c|☆alwaysrinse|I like it more than
|c|☆alwaysrinse|defog + double status + rest
|inactive|T4nner has 60 seconds left.
|c|☆alwaysrinse|too passive
|c|☆alwaysrinse|that one
|
|t:|1621378224
|switch|p1a: Ditto is 4 Bitches|Zacian-Crowned|100/100
|-ability|p1a: Ditto is 4 Bitches|Intrepid Sword|boost
|-boost|p1a: Ditto is 4 Bitches|atk|1
|turn|39
|
|t:|1621378243
|switch|p2a: Giratina|Giratina|19/100
|-ability|p2a: Giratina|Pressure
|move|p1a: Ditto is 4 Bitches|Behemoth Blade|p2a: Giratina
|-damage|p2a: Giratina|0 fnt
|faint|p2a: Giratina
|
|upkeep
|
|t:|1621378245
|switch|p2a: Sableye|Sableye, F|100/100
|turn|40
|c| Jefff 369421 ❤|you gonna hit primal groudon with hex?
|inactive|T4nner has 60 seconds left.
|
|t:|1621378262
|switch|p1a: Groudon|Groudon-Primal|100/100
|-weather|DesolateLand|[from] ability: Desolate Land|[of] p1a: Groudon
|move|p2a: Sableye|Will-O-Wisp|p1a: Groudon
|-immune|p1a: Groudon
|
|-weather|DesolateLand|[upkeep]
|upkeep
|turn|41
|inactive|T4nner has 60 seconds left.
|c|☆alwaysrinse|no
|c|☆alwaysrinse|lugia checks that
|inactive|alwaysrinse has 120 seconds left.
|
|t:|1621378295
|detailschange|p2a: Sableye|Sableye-Mega, F
|-mega|p2a: Sableye|Sableye|Sablenite
|move|p1a: Groudon|Fire Punch|p2a: Sableye
|-damage|p2a: Sableye|44/100
|move|p2a: Sableye|Foul Play|p1a: Groudon
|-damage|p1a: Groudon|58/100
|
|-weather|DesolateLand|[upkeep]
|upkeep
|turn|42
|
|t:|1621378305
|move|p1a: Groudon|Fire Punch|p2a: Sableye
|-damage|p2a: Sableye|0 fnt
|faint|p2a: Sableye
|
|-weather|DesolateLand|[upkeep]
|upkeep
|inactive|alwaysrinse has 120 seconds left.
|
|t:|1621378325
|switch|p2a: Chansey|Chansey, F|100/100
|turn|43
|j| Pyram
|c|☆alwaysrinse|zacian wins
|l| Pyram
|
|t:|1621378336
|move|p1a: Groudon|Fire Punch|p2a: Chansey
|-damage|p2a: Chansey|35/100
|move|p2a: Chansey|Toxic|p1a: Groudon
|-status|p1a: Groudon|tox
|
|-weather|DesolateLand|[upkeep]
|-damage|p1a: Groudon|52/100 tox|[from] psn
|upkeep
|turn|44
|inactive|alwaysrinse has 120 seconds left.
|
|t:|1621378355
|move|p1a: Groudon|Earthquake|p2a: Chansey
|-damage|p2a: Chansey|0 fnt
|faint|p2a: Chansey
|
|-weather|DesolateLand|[upkeep]
|-damage|p1a: Groudon|40/100 tox|[from] psn
|upkeep
|
|t:|1621378356
|switch|p2a: Tyranitar|Tyranitar, F|100/100
|-ability|p2a: Tyranitar|Sand Stream|[from] desolateland|[fail]
|turn|45
|
|t:|1621378363
|move|p1a: Groudon|Earthquake|p2a: Tyranitar
|-supereffective|p2a: Tyranitar
|-damage|p2a: Tyranitar|0 fnt
|faint|p2a: Tyranitar
|
|win|T4nner
|raw|T4nner's rating: 1855 &rarr; <strong>1877</strong><br />(+22 for winning)
|raw|alwaysrinse's rating: 1886 &rarr; <strong>1864</strong><br />(-22 for losing)
|c|☆T4nner|ggwp
|c|☆T4nner|sorry i just hate stall :P
|c|☆T4nner|nothing against you
|l|☆alwaysrinse
||Ladder isn't responding, score probably updated but might not have (Request timeout).
|c| Jefff 369421 ❤|I had 1000 turn game cuz of stall vs stall
|c| Jefff 369421 ❤|1000 turns and was still 6-6
|c|☆T4nner|lol
|c|☆T4nner|just switching pokemon all game
