|j|☆mardydu
|j|☆Ford Prefect
|t:|1664148543
|gametype|singles
|player|p1|mardydu|boarder|1810
|player|p2|Ford Prefect|1|1617
|teamsize|p1|6
|teamsize|p2|6
|gen|8
|tier|[Gen 8] National Dex AG
|rated|
|rule|HP Percentage Mod: HP is shown in percentages
|rule|Endless Battle Clause: Forcing endless battles is banned
|clearpoke
|poke|p1|Kyurem-White|
|poke|p1|Calyrex-Shadow|
|poke|p1|Rayquaza|
|poke|p1|Regieleki|
|poke|p1|Smeargle, F|
|poke|p1|Skarmory, F|
|poke|p2|Rayquaza|
|poke|p2|Groudon|
|poke|p2|Kyogre|
|poke|p2|Necrozma-Dawn-Wings|
|poke|p2|Arceus-*|
|poke|p2|Zacian-*|
|teampreview
|inactive|Battle timer is ON: inactive players will automatically lose when time's up. (requested by mardydu)
|
|t:|1664148551
|start
|switch|p1a: Skarmory|Skarmory, F|100/100
|switch|p2a: Groudon|Groudon|100/100
|detailschange|p2a: Groudon|Groudon-Primal
|-primal|p2a: Groudon
|-weather|DesolateLand|[from] ability: Desolate Land|[of] p2a: Groudon
|turn|1
|
|t:|1664148559
|move|p2a: Groudon|Heat Crash|p1a: Skarmory
|-supereffective|p1a: Skarmory
|-ability|p1a: Skarmory|Sturdy
|-damage|p1a: Skarmory|1/100
|-damage|p2a: Groudon|84/100|[from] item: Rocky Helmet|[of] p1a: Skarmory
|move|p1a: Skarmory|Stealth Rock|p2a: Groudon
|-sidestart|p2: Ford Prefect|move: Stealth Rock
|
|-weather|DesolateLand|[upkeep]
|upkeep
|turn|2
|
|t:|1664148570
|move|p2a: Groudon|Stealth Rock|p1a: Skarmory
|-sidestart|p1: mardydu|move: Stealth Rock
|move|p1a: Skarmory|Taunt|p2a: Groudon
|-start|p2a: Groudon|move: Taunt
|
|-weather|DesolateLand|[upkeep]
|upkeep
|turn|3
|
|t:|1664148576
|move|p2a: Groudon|Heat Crash|p1a: Skarmory
|-supereffective|p1a: Skarmory
|-damage|p1a: Skarmory|0 fnt
|-damage|p2a: Groudon|67/100|[from] item: Rocky Helmet|[of] p1a: Skarmory
|faint|p1a: Skarmory
|
|-weather|DesolateLand|[upkeep]
|upkeep
|
|t:|1664148579
|switch|p1a: JumpingMan|Regieleki|100/100
|-damage|p1a: JumpingMan|88/100|[from] Stealth Rock
|turn|4
|
|t:|1664148585
|-weather|none
|switch|p2a: Necrozma|Necrozma-Dawn-Wings|100/100
|-damage|p2a: Necrozma|88/100|[from] Stealth Rock
|move|p1a: JumpingMan|Rapid Spin|p2a: Necrozma
|-immune|p2a: Necrozma
|
|upkeep
|turn|5
|
|t:|1664148594
|move|p1a: JumpingMan|Volt Switch|p2a: Necrozma
|-damage|p2a: Necrozma|48/100
|
|t:|1664148597
|switch|p1a: Smeargle|Smeargle, F|100/100|[from]move: Volt Switch
|-damage|p1a: Smeargle|88/100|[from] Stealth Rock
|move|p2a: Necrozma|Substitute|p2a: Necrozma
|-start|p2a: Necrozma|Substitute
|-damage|p2a: Necrozma|23/100
|
|-ability|p1a: Smeargle|Moody|boost
|-boost|p1a: Smeargle|spe|2
|-unboost|p1a: Smeargle|def|1
|upkeep
|turn|6
|
|t:|1664148606
|move|p1a: Smeargle|Spectral Thief|p2a: Necrozma
|-supereffective|p2a: Necrozma
|-damage|p2a: Necrozma|0 fnt
|faint|p2a: Necrozma
|
|-ability|p1a: Smeargle|Moody|boost
|-boost|p1a: Smeargle|def|2
|-unboost|p1a: Smeargle|atk|1
|upkeep
|
|t:|1664148625
|switch|p2a: Rayquaza|Rayquaza|100/100
|-damage|p2a: Rayquaza|76/100|[from] Stealth Rock
|-ability|p2a: Rayquaza|Air Lock
|turn|7
|
|t:|1664148630
|detailschange|p2a: Rayquaza|Rayquaza-Mega
|-mega|p2a: Rayquaza|Rayquaza|
|-weather|DeltaStream|[from] ability: Delta Stream|[of] p2a: Rayquaza
|move|p1a: Smeargle|Spore|p2a: Rayquaza
|-status|p2a: Rayquaza|slp|[from] move: Spore
|cant|p2a: Rayquaza|slp
|
|-weather|DeltaStream|[upkeep]
|-ability|p1a: Smeargle|Moody|boost
|-boost|p1a: Smeargle|spa|2
|-unboost|p1a: Smeargle|def|1
|upkeep
|turn|8
|
|t:|1664148640
|move|p1a: Smeargle|Baton Pass|p1a: Smeargle
|
|t:|1664148642
|switch|p1a: JumpingMan|Regieleki|88/100|[from]move: Baton Pass
|-damage|p1a: JumpingMan|76/100|[from] Stealth Rock
|cant|p2a: Rayquaza|slp
|
|-weather|DeltaStream|[upkeep]
|upkeep
|turn|9
|
|t:|1664148651
|move|p1a: JumpingMan|Rapid Spin|p2a: Rayquaza
|-damage|p2a: Rayquaza|66/100 slp
|-boost|p1a: JumpingMan|spe|1
|-sideend|p1: mardydu|Stealth Rock|[from] move: Rapid Spin|[of] p1a: JumpingMan
|-curestatus|p2a: Rayquaza|slp|[msg]
|move|p2a: Rayquaza|Draco Meteor|p1a: JumpingMan
|-damage|p1a: JumpingMan|0 fnt
|-unboost|p2a: Rayquaza|spa|2
|faint|p1a: JumpingMan
|
|-weather|DeltaStream|[upkeep]
|upkeep
|
|t:|1664148658
|switch|p1a: Kurem|Kyurem-White, shiny|100/100
|-ability|p1a: Kurem|Turboblaze
|turn|10
|
|t:|1664148665
|-weather|none
|switch|p2a: Zacian|Zacian-Crowned|100/100
|-damage|p2a: Zacian|94/100|[from] Stealth Rock
|-ability|p2a: Zacian|Intrepid Sword|boost
|-boost|p2a: Zacian|atk|1
|move|p1a: Kurem|Ice Beam|p2a: Zacian
|-resisted|p2a: Zacian
|-damage|p2a: Zacian|69/100
|
|upkeep
|turn|11
|
|t:|1664148675
|move|p1a: Kurem|Ice Beam|p2a: Zacian
|-resisted|p2a: Zacian
|-damage|p2a: Zacian|43/100
|move|p2a: Zacian|Behemoth Blade|p1a: Kurem
|-supereffective|p1a: Kurem
|-damage|p1a: Kurem|0 fnt
|faint|p1a: Kurem
|
|upkeep
|
|t:|1664148681
|switch|p1a: Horse in cali|Calyrex-Shadow|100/100
|-ability|p1a: Horse in cali|As One
|-ability|p1a: Horse in cali|Unnerve
|turn|12
|
|t:|1664148687
|switch|p2a: Arceus|Arceus-Dark|100/100
|-damage|p2a: Arceus|88/100|[from] Stealth Rock
|move|p1a: Horse in cali|Nasty Plot|p1a: Horse in cali
|-boost|p1a: Horse in cali|spa|2
|
|upkeep
|turn|13
|
|t:|1664148694
|-start|p1a: Horse in cali|Dynamax|
|-heal|p1a: Horse in cali|100/100|[silent]
|-start|p2a: Arceus|Dynamax|
|-heal|p2a: Arceus|88/100|[silent]
|move|p1a: Horse in cali|Max Starfall|p2a: Arceus
|-supereffective|p2a: Arceus
|-damage|p2a: Arceus|40/100
|-fieldstart|move: Misty Terrain
|move|p2a: Arceus|Max Darkness|p1a: Horse in cali
|-supereffective|p1a: Horse in cali
|-enditem|p1a: Horse in cali|Focus Sash
|-damage|p1a: Horse in cali|1/100
|-unboost|p1a: Horse in cali|spd|1
|
|upkeep
|turn|14
|
|t:|1664148712
|move|p2a: Arceus|Max Guard|p2a: Arceus
|-singleturn|p2a: Arceus|Max Guard
|move|p1a: Horse in cali|Max Starfall|p2a: Arceus
|-activate|p2a: Arceus|move: Max Guard
|
|upkeep
|turn|15
|
|t:|1664148717
|move|p1a: Horse in cali|Max Starfall|p2a: Arceus
|-supereffective|p2a: Arceus
|-damage|p2a: Arceus|0 fnt
|faint|p2a: Arceus
|-ability|p1a: Horse in cali|Grim Neigh|boost
|-boost|p1a: Horse in cali|spa|1
|
|upkeep
|
|t:|1664148723
|switch|p2a: Rayquaza|Rayquaza-Mega|66/100
|-damage|p2a: Rayquaza|42/100|[from] Stealth Rock
|-weather|DeltaStream|[from] ability: Delta Stream|[of] p2a: Rayquaza
|-end|p1a: Horse in cali|Dynamax
|-heal|p1a: Horse in cali|1/100|[silent]
|turn|16
|
|t:|1664148730
|move|p2a: Rayquaza|Dragon Ascent|p1a: Horse in cali
|-damage|p1a: Horse in cali|0 fnt
|-unboost|p2a: Rayquaza|def|1
|-unboost|p2a: Rayquaza|spd|1
|faint|p1a: Horse in cali
|
|-weather|DeltaStream|[upkeep]
|upkeep
|
|t:|1664148738
|switch|p1a: Rayquaza|Rayquaza|100/100
|-ability|p1a: Rayquaza|Air Lock
|turn|17
|
|t:|1664148743
|detailschange|p1a: Rayquaza|Rayquaza-Mega
|-mega|p1a: Rayquaza|Rayquaza|
|move|p2a: Rayquaza|Dragon Ascent|p1a: Rayquaza
|-damage|p1a: Rayquaza|28/100
|-unboost|p2a: Rayquaza|def|1
|-unboost|p2a: Rayquaza|spd|1
|move|p1a: Rayquaza|Scale Shot|p2a: Rayquaza
|-supereffective|p2a: Rayquaza
|-damage|p2a: Rayquaza|0 fnt
|faint|p2a: Rayquaza
|-hitcount|p2: Rayquaza|1
|-unboost|p1a: Rayquaza|def|1
|-boost|p1a: Rayquaza|spe|1
|-damage|p1a: Rayquaza|18/100|[from] item: Life Orb
|
|-weather|DeltaStream|[upkeep]
|-fieldend|Misty Terrain
|upkeep
|
|t:|1664148759
|switch|p2a: Groudon|Groudon-Primal|67/100
|-damage|p2a: Groudon|55/100|[from] Stealth Rock
|-weather|DesolateLand|[from] ability: Desolate Land|[of] p2a: Groudon
|turn|18
|
|t:|1664148765
|move|p1a: Rayquaza|Earthquake|p2a: Groudon
|-supereffective|p2a: Groudon
|-damage|p2a: Groudon|0 fnt
|faint|p2a: Groudon
|-weather|none
|-damage|p1a: Rayquaza|8/100|[from] item: Life Orb
|
|upkeep
|
|t:|1664148771
|switch|p2a: Kyogre|Kyogre|100/100
|-damage|p2a: Kyogre|88/100|[from] Stealth Rock
|detailschange|p2a: Kyogre|Kyogre-Primal
|-primal|p2a: Kyogre
|-weather|PrimordialSea|[from] ability: Primordial Sea|[of] p2a: Kyogre
|turn|19
|
|t:|1664148779
|move|p1a: Rayquaza|Dragon Ascent|p2a: Kyogre
|-damage|p2a: Kyogre|0 fnt
|-unboost|p1a: Rayquaza|def|1
|-unboost|p1a: Rayquaza|spd|1
|faint|p2a: Kyogre
|-weather|none
|-damage|p1a: Rayquaza|0 fnt|[from] item: Life Orb
|faint|p1a: Rayquaza
|
|upkeep
|
|t:|1664148786
|switch|p1a: Smeargle|Smeargle, F|88/100
|switch|p2a: Zacian|Zacian-Crowned|43/100
|-damage|p2a: Zacian|36/100|[from] Stealth Rock
|-ability|p2a: Zacian|Intrepid Sword|boost
|-boost|p2a: Zacian|atk|1
|turn|20
|
|t:|1664148793
|move|p2a: Zacian|Close Combat|p1a: Smeargle
|-supereffective|p1a: Smeargle
|-damage|p1a: Smeargle|0 fnt
|-unboost|p2a: Zacian|def|1
|-unboost|p2a: Zacian|spd|1
|faint|p1a: Smeargle
|
|win|Ford Prefect
|raw|mardydu's rating: 1810 &rarr; <strong>1780</strong><br />(-30 for losing)
|raw|Ford Prefect's rating: 1617 &rarr; <strong>1647</strong><br />(+30 for winning)
|c|☆Ford Prefect|gg
