|j|☆FenixFyre04
|j|☆CLEAR GEM清瑜
|t:|1664703044
|gametype|singles
|player|p1|FenixFyre04|benga|1796
|player|p2|CLEAR GEM清瑜|skierf|1906
|teamsize|p1|6
|teamsize|p2|6
|gen|8
|tier|[Gen 8] National Dex AG
|rated|
|rule|HP Percentage Mod: HP is shown in percentages
|rule|Endless Battle Clause: Forcing endless battles is banned
|clearpoke
|poke|p1|Hatterene, F|
|poke|p1|Lunala|
|poke|p1|Necrozma-Dusk-Mane|
|poke|p1|Melmetal|
|poke|p1|Rayquaza|
|poke|p1|Calyrex-Ice|
|poke|p2|Zacian-*|
|poke|p2|Yveltal|
|poke|p2|Necrozma-Dusk-Mane|
|poke|p2|Arceus-*|
|poke|p2|Tyranitar, M|
|poke|p2|Arceus-*|
|teampreview
|inactive|Battle timer is ON: inactive players will automatically lose when time's up. (requested by FenixFyre04)
|inactive|CLEAR GEM清瑜 has 120 seconds left.
|
|t:|1664703076
|start
|switch|p1a: Hatterene|Hatterene, F|100/100
|switch|p2a: Arceus|Arceus-Ground|100/100
|turn|1
|
|t:|1664703080
|move|p2a: Arceus|Swords Dance|p2a: Arceus
|-boost|p2a: Arceus|atk|2
|move|p1a: Hatterene|Trick Room|p1a: Hatterene
|-fieldstart|move: Trick Room|[of] p1a: Hatterene
|
|upkeep
|turn|2
|
|t:|1664703083
|move|p1a: Hatterene|Misty Explosion|p2a: Arceus
|-damage|p2a: Arceus|57/100
|faint|p1a: Hatterene
|move|p2a: Arceus|Earthquake|p1: Hatterene|[notarget]
|-fail|p2a: Arceus
|
|upkeep
|
|t:|1664703108
|switch|p1a: Calyrex|Calyrex-Ice|100/100
|-ability|p1a: Calyrex|As One
|-ability|p1a: Calyrex|Unnerve
|turn|3
|
|t:|1664703116
|-start|p2a: Arceus|Dynamax|
|-heal|p2a: Arceus|57/100|[silent]
|move|p1a: Calyrex|Glacial Lance|p2a: Arceus
|-supereffective|p2a: Arceus
|-damage|p2a: Arceus|0 fnt
|faint|p2a: Arceus
|-ability|p1a: Calyrex|Chilling Neigh|boost
|-boost|p1a: Calyrex|atk|1
|
|upkeep
|j| Tsukishirohinami
|
|t:|1664703123
|switch|p2a: Arceus|Arceus-Water|100/100
|turn|4
|
|t:|1664703140
|move|p1a: Calyrex|Zen Headbutt|p2a: Arceus
|-damage|p2a: Arceus|54/100
|move|p2a: Arceus|Will-O-Wisp|p1a: Calyrex
|-status|p1a: Calyrex|brn
|
|-damage|p1a: Calyrex|94/100 brn|[from] brn
|upkeep
|turn|5
|
|t:|1664703154
|switch|p2a: Tyranitar|Tyranitar, M|100/100
|-weather|Sandstorm|[from] ability: Sand Stream|[of] p2a: Tyranitar
|move|p1a: Calyrex|Zen Headbutt|p2a: Tyranitar
|-immune|p2a: Tyranitar
|
|-weather|Sandstorm|[upkeep]
|-damage|p1a: Calyrex|88/100 brn|[from] Sandstorm
|-damage|p1a: Calyrex|82/100 brn|[from] brn
|-fieldend|move: Trick Room
|upkeep
|turn|6
|
|t:|1664703161
|detailschange|p2a: Tyranitar|Tyranitar-Mega, M
|-mega|p2a: Tyranitar|Tyranitar|Tyranitarite
|move|p2a: Tyranitar|Rock Blast|p1a: Calyrex
|-supereffective|p1a: Calyrex
|-damage|p1a: Calyrex|65/100 brn
|-supereffective|p1a: Calyrex
|-damage|p1a: Calyrex|49/100 brn
|-supereffective|p1a: Calyrex
|-damage|p1a: Calyrex|32/100 brn
|-hitcount|p1a: Calyrex|3
|move|p1a: Calyrex|Heavy Slam|p2a: Tyranitar
|-supereffective|p2a: Tyranitar
|-damage|p2a: Tyranitar|66/100
|
|-weather|Sandstorm|[upkeep]
|-damage|p1a: Calyrex|26/100 brn|[from] Sandstorm
|-damage|p1a: Calyrex|20/100 brn|[from] brn
|upkeep
|turn|7
|
|t:|1664703173
|move|p2a: Tyranitar|Stealth Rock|p1a: Calyrex
|-sidestart|p1: FenixFyre04|move: Stealth Rock
|move|p1a: Calyrex|Glacial Lance|p2a: Tyranitar
|-damage|p2a: Tyranitar|27/100
|
|-weather|Sandstorm|[upkeep]
|-damage|p1a: Calyrex|14/100 brn|[from] Sandstorm
|-damage|p1a: Calyrex|7/100 brn|[from] brn
|upkeep
|turn|8
|
|t:|1664703178
|move|p2a: Tyranitar|Pursuit|p1a: Calyrex
|-supereffective|p1a: Calyrex
|-damage|p1a: Calyrex|0 fnt
|faint|p1a: Calyrex
|
|-weather|Sandstorm|[upkeep]
|upkeep
|
|t:|1664703190
|switch|p1a: Lunala|Lunala|100/100
|turn|9
|
|t:|1664703195
|move|p2a: Tyranitar|Thunder Wave|p1a: Lunala
|-status|p1a: Lunala|par
|cant|p1a: Lunala|par
|
|-weather|none
|upkeep
|turn|10
|
|t:|1664703199
|move|p2a: Tyranitar|Pursuit|p1a: Lunala
|-supereffective|p1a: Lunala
|-damage|p1a: Lunala|76/100 par
|cant|p1a: Lunala|par
|
|upkeep
|turn|11
|
|t:|1664703204
|move|p2a: Tyranitar|Pursuit|p1a: Lunala
|-supereffective|p1a: Lunala
|-damage|p1a: Lunala|31/100 par
|cant|p1a: Lunala|par
|
|upkeep
|turn|12
|
|t:|1664703209
|move|p2a: Tyranitar|Pursuit|p1a: Lunala
|-supereffective|p1a: Lunala
|-damage|p1a: Lunala|0 fnt
|faint|p1a: Lunala
|
|upkeep
|
|t:|1664703211
|switch|p1a: Necrozma|Necrozma-Dusk-Mane|100/100
|-damage|p1a: Necrozma|94/100|[from] Stealth Rock
|turn|13
|
|t:|1664703216
|move|p2a: Tyranitar|Thunder Wave|p1a: Necrozma|[miss]
|-miss|p2a: Tyranitar|p1a: Necrozma
|move|p1a: Necrozma|Trick Room|p1a: Necrozma
|-fieldstart|move: Trick Room|[of] p1a: Necrozma
|
|upkeep
|turn|14
|
|t:|1664703221
|move|p1a: Necrozma|Sunsteel Strike|p2a: Tyranitar
|-supereffective|p2a: Tyranitar
|-damage|p2a: Tyranitar|0 fnt
|faint|p2a: Tyranitar
|
|upkeep
|
|t:|1664703224
|switch|p2a: Necrozma|Necrozma-Dusk-Mane|100/100
|turn|15
|
|t:|1664703229
|move|p1a: Necrozma|Swords Dance|p1a: Necrozma
|-boost|p1a: Necrozma|atk|2
|move|p2a: Necrozma|Morning Sun|p2a: Necrozma
|-fail|p2a: Necrozma|heal
|
|upkeep
|turn|16
|
|t:|1664703235
|move|p1a: Necrozma|Swords Dance|p1a: Necrozma
|-boost|p1a: Necrozma|atk|2
|move|p2a: Necrozma|Sunsteel Strike|p1a: Necrozma
|-resisted|p1a: Necrozma
|-damage|p1a: Necrozma|76/100
|
|upkeep
|turn|17
|
|t:|1664703241
|move|p1a: Necrozma|Sunsteel Strike|p2a: Necrozma
|-resisted|p2a: Necrozma
|-damage|p2a: Necrozma|52/100
|-damage|p1a: Necrozma|59/100|[from] item: Rocky Helmet|[of] p2a: Necrozma
|move|p2a: Necrozma|Knock Off|p1a: Necrozma
|-supereffective|p1a: Necrozma
|-damage|p1a: Necrozma|26/100
|-enditem|p1a: Necrozma|Weakness Policy
|-boost|p1a: Necrozma|atk|2|[from] item: Weakness Policy
|-boost|p1a: Necrozma|spa|2|[from] item: Weakness Policy
|
|-fieldend|move: Trick Room
|upkeep
|turn|18
|
|t:|1664703253
|move|p2a: Necrozma|Knock Off|p1a: Necrozma
|-supereffective|p1a: Necrozma
|-damage|p1a: Necrozma|1/100
|move|p1a: Necrozma|Trick Room|p1a: Necrozma
|-fieldstart|move: Trick Room|[of] p1a: Necrozma
|
|upkeep
|turn|19
|
|t:|1664703259
|move|p1a: Necrozma|Sunsteel Strike|p2a: Necrozma
|-resisted|p2a: Necrozma
|-damage|p2a: Necrozma|0 fnt
|-damage|p1a: Necrozma|0 fnt|[from] item: Rocky Helmet|[of] p2a: Necrozma
|faint|p2a: Necrozma
|faint|p1a: Necrozma
|
|upkeep
|
|t:|1664703265
|switch|p1a: Melmetal|Melmetal|100/100
|switch|p2a: Arceus|Arceus-Water|54/100
|-damage|p1a: Melmetal|94/100|[from] Stealth Rock
|turn|20
|
|t:|1664703279
|move|p1a: Melmetal|Thunder Punch|p2a: Arceus
|-supereffective|p2a: Arceus
|-damage|p2a: Arceus|0 fnt
|faint|p2a: Arceus
|-damage|p1a: Melmetal|84/100|[from] item: Life Orb
|
|upkeep
|
|t:|1664703285
|switch|p2a: Y鸟|Yveltal|100/100
|-ability|p2a: Y鸟|Dark Aura
|turn|21
|l| Tsukishirohinami
|inactive|FenixFyre04 has 120 seconds left.
|
|t:|1664703315
|move|p1a: Melmetal|Double Iron Bash|p2a: Y鸟
|-crit|p2a: Y鸟
|-damage|p2a: Y鸟|16/100
|-damage|p2a: Y鸟|0 fnt
|faint|p2a: Y鸟
|-hitcount|p2: Y鸟|2
|-damage|p1a: Melmetal|75/100|[from] item: Life Orb
|
|upkeep
|
|t:|1664703318
|switch|p2a: 嘉然小姐的狗|Zacian-Crowned|100/100
|-ability|p2a: 嘉然小姐的狗|Intrepid Sword|boost
|-boost|p2a: 嘉然小姐的狗|atk|1
|turn|22
|
|t:|1664703324
|move|p1a: Melmetal|Double Iron Bash|p2a: 嘉然小姐的狗
|-damage|p2a: 嘉然小姐的狗|50/100
|-damage|p2a: 嘉然小姐的狗|2/100
|-hitcount|p2a: 嘉然小姐的狗|2
|-damage|p1a: Melmetal|65/100|[from] item: Life Orb
|cant|p2a: 嘉然小姐的狗|flinch
|
|-fieldend|move: Trick Room
|upkeep
|turn|23
|
|t:|1664703332
|-start|p1a: Melmetal|Dynamax|Gmax
|-heal|p1a: Melmetal|65/100|[silent]
|move|p2a: 嘉然小姐的狗|Play Rough|p1a: Melmetal|[miss]
|-miss|p2a: 嘉然小姐的狗|p1a: Melmetal
|move|p1a: Melmetal|G-Max Meltdown|p2a: 嘉然小姐的狗
|-damage|p2a: 嘉然小姐的狗|0 fnt
|faint|p2a: 嘉然小姐的狗
|-damage|p1a: Melmetal|60/100|[from] item: Life Orb
|
|win|FenixFyre04
|raw|FenixFyre04's rating: 1796 &rarr; <strong>1822</strong><br />(+26 for winning)
|raw|CLEAR GEM清瑜's rating: 1906 &rarr; <strong>1880</strong><br />(-26 for losing)
