|j|☆MVP2536
|j|☆iroeweuio
|t:|1663573688
|gametype|singles
|player|p1|MVP2536|giovanni|1798
|player|p2|iroeweuio|102|1729
|teamsize|p1|6
|teamsize|p2|6
|gen|8
|tier|[Gen 8] National Dex AG
|rated|
|rule|HP Percentage Mod: HP is shown in percentages
|rule|Endless Battle Clause: Forcing endless battles is banned
|clearpoke
|poke|p1|Groudon|
|poke|p1|Aegislash, M|
|poke|p1|Rotom-Wash|
|poke|p1|Scrafty, M|
|poke|p1|Whimsicott, F|
|poke|p1|Ditto|
|poke|p2|Chatot, F|
|poke|p2|Weavile, F|
|poke|p2|Giratina-Origin|
|poke|p2|Ditto|
|poke|p2|Breloom, M|
|poke|p2|Wobbuffet, F|
|teampreview
|
|t:|1663573694
|start
|switch|p1a: Ditto|Ditto|100/100
|switch|p2a: Weavile|Weavile, F|100/100
|-ability|p2a: Weavile|Pressure
|-transform|p1a: Ditto|p2a: Weavile|[from] ability: Imposter
|-ability|p1a: Ditto|Pressure
|turn|1
|
|t:|1663573701
|switch|p1a: Rotom|Rotom-Wash|100/100
|move|p2a: Weavile|Assist|p2a: Weavile
|move|p2a: Weavile|Spore|p1a: Rotom|[from]move: Assist
|-status|p1a: Rotom|slp|[from] move: Spore
|
|upkeep
|turn|2
|
|t:|1663573708
|move|p2a: Weavile|Substitute|p2a: Weavile
|-start|p2a: Weavile|Substitute
|-damage|p2a: Weavile|76/100
|cant|p1a: Rotom|slp
|
|-heal|p2a: Weavile|82/100|[from] item: Leftovers
|upkeep
|turn|3
|
|t:|1663573715
|move|p2a: Weavile|Triple Axel|p1a: Rotom
|-resisted|p1a: Rotom
|-damage|p1a: Rotom|97/100 slp
|-damage|p2a: Weavile|65/100|[from] item: Rocky Helmet|[of] p1a: Rotom
|-resisted|p1a: Rotom
|-damage|p1a: Rotom|90/100 slp
|-damage|p2a: Weavile|49/100|[from] item: Rocky Helmet|[of] p1a: Rotom
|-hitcount|p1a: Rotom|2
|cant|p1a: Rotom|slp
|
|-heal|p2a: Weavile|55/100|[from] item: Leftovers
|upkeep
|turn|4
|
|t:|1663573728
|move|p2a: Weavile|Assist|p2a: Weavile
|move|p2a: Weavile|Spore|p1a: Rotom|[from]move: Assist
|-fail|p1a: Rotom|slp
|-curestatus|p1a: Rotom|slp|[msg]
|move|p1a: Rotom|Volt Switch|p2a: Weavile
|-end|p2a: Weavile|Substitute
|
|t:|1663573743
|switch|p1a: Ditto|Ditto|100/100|[from]move: Volt Switch
|-transform|p1a: Ditto|p2a: Weavile|[from] ability: Imposter
|-ability|p1a: Ditto|Pressure
|
|-heal|p2a: Weavile|61/100|[from] item: Leftovers
|upkeep
|turn|5
|
|t:|1663573749
|switch|p2a: Chatot|Chatot, F|100/100
|move|p1a: Ditto|Assist|p1a: Ditto
|move|p1a: Ditto|Iron Head|p2a: Chatot|[from]move: Assist
|-damage|p2a: Chatot|38/100
|
|upkeep
|turn|6
|
|t:|1663573763
|move|p1a: Ditto|Assist|p1a: Ditto
|move|p1a: Ditto|Knock Off|p2a: Chatot|[from]move: Assist
|-damage|p2a: Chatot|0 fnt
|-enditem|p2a: Chatot|Sharp Beak|[from] move: Knock Off|[of] p1a: Ditto
|faint|p2a: Chatot
|
|upkeep
|
|t:|1663573765
|switch|p2a: Wobbuffet|Wobbuffet, F|100/100
|turn|7
|
|t:|1663573786
|move|p1a: Ditto|Assist|p1a: Ditto
|move|p1a: Ditto|Stun Spore|p2a: Wobbuffet|[from]move: Assist|[miss]
|-miss|p1a: Ditto|p2a: Wobbuffet
|move|p2a: Wobbuffet|Counter||[still]
|-fail|p2a: Wobbuffet
|
|upkeep
|turn|8
|
|t:|1663573792
|move|p1a: Ditto|Assist|p1a: Ditto
|move|p1a: Ditto|Rest|p1a: Ditto|[from]move: Assist
|-fail|p1a: Ditto|heal
|move|p2a: Wobbuffet|Counter||[still]
|-fail|p2a: Wobbuffet
|
|upkeep
|turn|9
|
|t:|1663573795
|move|p1a: Ditto|Assist|p1a: Ditto
|move|p1a: Ditto|Heat Crash|p2a: Wobbuffet|[from]move: Assist
|-damage|p2a: Wobbuffet|89/100
|move|p2a: Wobbuffet|Counter|p1a: Ditto
|-damage|p1a: Ditto|57/100
|
|upkeep
|turn|10
|
|t:|1663573802
|-activate|p1a: Ditto|move: Struggle
|move|p1a: Ditto|Struggle|p2a: Wobbuffet
|-damage|p2a: Wobbuffet|73/100
|-damage|p1a: Ditto|31/100|[from] recoil
|move|p2a: Wobbuffet|Counter|p1a: Ditto
|-damage|p1a: Ditto|0 fnt
|faint|p1a: Ditto
|
|upkeep
|
|t:|1663573809
|switch|p1a: Whimsicott|Whimsicott, F|100/100
|turn|11
|
|t:|1663573812
|switch|p2a: Breloom|Breloom, M|100/100
|move|p1a: Whimsicott|Taunt|p2a: Breloom
|-start|p2a: Breloom|move: Taunt
|
|-status|p2a: Breloom|tox|[from] item: Toxic Orb
|upkeep
|turn|12
|
|t:|1663573817
|-singleturn|p2a: Breloom|move: Focus Punch
|move|p1a: Whimsicott|Moonblast|p2a: Breloom
|-supereffective|p2a: Breloom
|-damage|p2a: Breloom|0 fnt
|faint|p2a: Breloom
|
|upkeep
|
|t:|1663573821
|switch|p2a: Giratina|Giratina-Origin|100/100
|turn|13
|
|t:|1663573826
|-start|p2a: Giratina|Dynamax|
|-heal|p2a: Giratina|100/100|[silent]
|move|p1a: Whimsicott|Moonblast|p2a: Giratina
|-supereffective|p2a: Giratina
|-damage|p2a: Giratina|73/100
|-unboost|p2a: Giratina|spa|1
|move|p2a: Giratina|Max Airstream|p1a: Whimsicott
|-supereffective|p1a: Whimsicott
|-damage|p1a: Whimsicott|0 fnt
|-boost|p2a: Giratina|spe|1
|faint|p1a: Whimsicott
|
|upkeep
|
|t:|1663573838
|switch|p1a: Scrafty|Scrafty, M|100/100
|turn|14
|
|t:|1663573844
|-start|p1a: Scrafty|Dynamax|
|-heal|p1a: Scrafty|100/100|[silent]
|move|p2a: Giratina|Max Airstream|p1a: Scrafty
|-supereffective|p1a: Scrafty
|-damage|p1a: Scrafty|61/100
|-boost|p2a: Giratina|spe|1
|move|p1a: Scrafty|Max Darkness|p2a: Giratina
|-supereffective|p2a: Giratina
|-damage|p2a: Giratina|37/100
|-unboost|p2a: Giratina|spd|1
|
|upkeep
|turn|15
|j| Apprenti Buck
|
|t:|1663573853
|move|p2a: Giratina|Max Wyrmwind|p1a: Scrafty
|-damage|p1a: Scrafty|32/100
|-unboost|p1a: Scrafty|atk|1
|move|p1a: Scrafty|Max Darkness|p2a: Giratina
|-supereffective|p2a: Giratina
|-damage|p2a: Giratina|14/100
|-unboost|p2a: Giratina|spd|1
|
|upkeep
|-end|p2a: Giratina|Dynamax
|-heal|p2a: Giratina|14/100|[silent]
|turn|16
|
|t:|1663573862
|move|p2a: Giratina|Fly||[still]
|-prepare|p2a: Giratina|Fly
|move|p1a: Scrafty|Max Hailstorm|p2a: Giratina|[miss]
|-miss|p1a: Scrafty|p2a: Giratina
|
|upkeep
|-end|p1a: Scrafty|Dynamax
|-heal|p1a: Scrafty|32/100|[silent]
|turn|17
|
|t:|1663573869
|switch|p1a: Rotom|Rotom-Wash|90/100
|move|p2a: Giratina|Fly|p1a: Rotom|[from]lockedmove
|-resisted|p1a: Rotom
|-damage|p1a: Rotom|78/100
|-damage|p2a: Giratina|0 fnt|[from] item: Rocky Helmet|[of] p1a: Rotom
|faint|p2a: Giratina
|
|upkeep
|
|t:|1663573873
|switch|p2a: Weavile|Weavile, F|61/100
|-ability|p2a: Weavile|Pressure
|turn|18
|
|t:|1663573880
|move|p2a: Weavile|Assist|p2a: Weavile
|move|p2a: Weavile|Spore|p1a: Rotom|[from]move: Assist
|-status|p1a: Rotom|slp|[from] move: Spore
|cant|p1a: Rotom|slp
|
|-heal|p2a: Weavile|67/100|[from] item: Leftovers
|upkeep
|turn|19
|
|t:|1663573887
|switch|p2a: Ditto|Ditto|100/100
|-transform|p2a: Ditto|p1a: Rotom|[from] ability: Imposter
|cant|p1a: Rotom|slp
|
|upkeep
|turn|20
|
|t:|1663573892
|move|p2a: Ditto|Volt Switch|p1a: Rotom
|-damage|p1a: Rotom|50/100 slp
|
|t:|1663573894
|switch|p2a: Weavile|Weavile, F|67/100|[from]move: Volt Switch
|-ability|p2a: Weavile|Pressure
|cant|p1a: Rotom|slp
|
|-heal|p2a: Weavile|73/100|[from] item: Leftovers
|upkeep
|turn|21
|
|t:|1663573899
|move|p2a: Weavile|Substitute|p2a: Weavile
|-start|p2a: Weavile|Substitute
|-damage|p2a: Weavile|48/100
|-curestatus|p1a: Rotom|slp|[msg]
|move|p1a: Rotom|Volt Switch|p2a: Weavile
|-end|p2a: Weavile|Substitute
|
|t:|1663573913
|switch|p1a: Scrafty|Scrafty, M|32/100|[from]move: Volt Switch
|
|-heal|p2a: Weavile|54/100|[from] item: Leftovers
|upkeep
|turn|22
|
|t:|1663573919
|switch|p1a: Rotom|Rotom-Wash|50/100
|move|p2a: Weavile|Assist|p2a: Weavile
|move|p2a: Weavile|Spore|p1a: Rotom|[from]move: Assist
|-status|p1a: Rotom|slp|[from] move: Spore
|
|-heal|p2a: Weavile|60/100|[from] item: Leftovers
|upkeep
|turn|23
|
|t:|1663573924
|move|p2a: Weavile|Substitute|p2a: Weavile
|-start|p2a: Weavile|Substitute
|-damage|p2a: Weavile|35/100
|cant|p1a: Rotom|slp
|
|-heal|p2a: Weavile|41/100|[from] item: Leftovers
|upkeep
|turn|24
|
|t:|1663573927
|move|p2a: Weavile|Swords Dance|p2a: Weavile
|-boost|p2a: Weavile|atk|2
|cant|p1a: Rotom|slp
|
|-heal|p2a: Weavile|47/100|[from] item: Leftovers
|upkeep
|turn|25
|
|t:|1663573933
|move|p2a: Weavile|Swords Dance|p2a: Weavile
|-boost|p2a: Weavile|atk|2
|cant|p1a: Rotom|slp
|
|-heal|p2a: Weavile|54/100|[from] item: Leftovers
|upkeep
|turn|26
|
|t:|1663573936
|move|p2a: Weavile|Swords Dance|p2a: Weavile
|-boost|p2a: Weavile|atk|2
|-curestatus|p1a: Rotom|slp|[msg]
|move|p1a: Rotom|Foul Play|p2a: Weavile
|-resisted|p2a: Weavile
|-end|p2a: Weavile|Substitute
|
|-heal|p2a: Weavile|60/100|[from] item: Leftovers
|upkeep
|turn|27
|
|t:|1663573946
|move|p2a: Weavile|Assist|p2a: Weavile
|move|p2a: Weavile|Spore|p1a: Rotom|[from]move: Assist
|-status|p1a: Rotom|slp|[from] move: Spore
|cant|p1a: Rotom|slp
|
|-heal|p2a: Weavile|66/100|[from] item: Leftovers
|upkeep
|turn|28
|
|t:|1663573952
|move|p2a: Weavile|Triple Axel|p1a: Rotom
|-resisted|p1a: Rotom
|-damage|p1a: Rotom|34/100 slp
|-damage|p2a: Weavile|49/100|[from] item: Rocky Helmet|[of] p1a: Rotom
|-resisted|p1a: Rotom
|-damage|p1a: Rotom|1/100 slp
|-damage|p2a: Weavile|33/100|[from] item: Rocky Helmet|[of] p1a: Rotom
|-resisted|p1a: Rotom
|-damage|p1a: Rotom|0 fnt
|-damage|p2a: Weavile|17/100|[from] item: Rocky Helmet|[of] p1a: Rotom
|faint|p1a: Rotom
|-hitcount|p1: Rotom|3
|
|-heal|p2a: Weavile|23/100|[from] item: Leftovers
|upkeep
|
|t:|1663573962
|switch|p1a: Aegislash|Aegislash, M|100/100
|turn|29
|
|t:|1663573964
|-formechange|p1a: Aegislash|Aegislash-Blade||[from] ability: Stance Change
|move|p1a: Aegislash|Shadow Sneak|p2a: Weavile
|-resisted|p2a: Weavile
|-damage|p2a: Weavile|1/100
|move|p2a: Weavile|Assist|p2a: Weavile
|move|p2a: Weavile|Spore|p1a: Aegislash|[from]move: Assist
|-status|p1a: Aegislash|slp|[from] move: Spore
|
|-heal|p2a: Weavile|7/100|[from] item: Leftovers
|upkeep
|turn|30
|c| Apprenti Buck|F
|c|☆MVP2536|bruh
|
|t:|1663573974
|cant|p1a: Aegislash|slp
|move|p2a: Weavile|Triple Axel|p1a: Aegislash
|-resisted|p1a: Aegislash
|-damage|p1a: Aegislash|63/100 slp
|-resisted|p1a: Aegislash
|-damage|p1a: Aegislash|0 fnt
|faint|p1a: Aegislash
|-hitcount|p1: Aegislash|2
|
|-heal|p2a: Weavile|13/100|[from] item: Leftovers
|upkeep
|c|☆iroeweuio|:)
|c| Apprenti Buck|Game freak is stupid
|c|☆MVP2536|gg
|c|☆iroeweuio|gg
|c| Apprenti Buck|for nerfing aeg
|c|☆MVP2536|ik
|c|☆iroeweuio|ikr
|-message|MVP2536 forfeited.
|
|win|iroeweuio
|raw|MVP2536's rating: 1798 &rarr; <strong>1774</strong><br />(-24 for losing)
|raw|iroeweuio's rating: 1729 &rarr; <strong>1753</strong><br />(+24 for winning)
|l| Apprenti Buck
|c|☆iroeweuio|like idk what the point of that was
