|j|☆Geysers
|j|☆ImAbroom
|t:|1610061582
|player|p1|Geysers|lusamine-nihilego|
|player|p2|ImAbroom|red|
|teamsize|p1|6
|teamsize|p2|6
|gametype|singles
|gen|8
|tier|[Gen 8] National Dex AG
|rated|Tournament battle
|clearpoke
|poke|p1|Sableye, F|
|poke|p1|Necrozma-Dusk-Mane|
|poke|p1|Arceus-*|
|poke|p1|Arceus-*|
|poke|p1|Giratina|
|poke|p1|Zygarde|
|poke|p2|Necrozma-Dusk-Mane|
|poke|p2|Mewtwo|
|poke|p2|Xerneas|
|poke|p2|Groudon|
|poke|p2|Marshadow|
|poke|p2|Smeargle, F|
|rule|HP Percentage Mod: HP is shown in percentages
|rule|Endless Battle Clause: Forcing endless battles is banned
|teampreview
|j|+Mbouchon
|c|☆Geysers|hf
|inactive|Battle timer is ON: inactive players will automatically lose when time's up. (requested by ImAbroom)
|j| Marsii
|j| GolemGoesBoom
|j| moltv5
|j| Yandre
|
|t:|1610061595
|start
|switch|p1a: Sableye|Sableye, F|100/100
|switch|p2a: The Endurance|Xerneas|100/100
|-ability|p2a: The Endurance|Fairy Aura
|turn|1
|
|t:|1610061598
|detailschange|p1a: Sableye|Sableye-Mega, F
|-mega|p1a: Sableye|Sableye|Sablenite
|move|p1a: Sableye|Fake Out|p2a: The Endurance
|-damage|p2a: The Endurance|95/100
|cant|p2a: The Endurance|flinch
|
|upkeep
|turn|2
|
|t:|1610061602
|switch|p1a: Necrozma|Necrozma-Dusk-Mane|100/100
|move|p2a: The Endurance|Moonblast|p1a: Necrozma
|-resisted|p1a: Necrozma
|-damage|p1a: Necrozma|73/100
|
|upkeep
|turn|3
|
|t:|1610061606
|switch|p2a: The Defender|Groudon, shiny|100/100
|detailschange|p2a: The Defender|Groudon-Primal, shiny
|-primal|p2a: The Defender
|-weather|DesolateLand|[from] ability: Desolate Land|[of] p2a: The Defender
|move|p1a: Necrozma|Morning Sun|p1a: Necrozma
|-heal|p1a: Necrozma|100/100
|
|-weather|DesolateLand|[upkeep]
|upkeep
|turn|4
|
|t:|1610061609
|switch|p1a: Giratina|Giratina|100/100
|-ability|p1a: Giratina|Pressure
|move|p2a: The Defender|Rock Tomb|p1a: Giratina|[miss]
|-miss|p2a: The Defender|p1a: Giratina
|
|-weather|DesolateLand|[upkeep]
|upkeep
|turn|5
|j| skylink42
|
|t:|1610061614
|move|p2a: The Defender|Rock Tomb|p1a: Giratina
|-damage|p1a: Giratina|88/100
|-unboost|p1a: Giratina|spe|1
|move|p1a: Giratina|Toxic|p2a: The Defender
|-status|p2a: The Defender|tox
|
|-weather|DesolateLand|[upkeep]
|-heal|p1a: Giratina|95/100|[from] item: Leftovers
|-damage|p2a: The Defender|94/100 tox|[from] psn
|upkeep
|turn|6
|c|☆Geysers|sry
|
|t:|1610061617
|move|p2a: The Defender|Precipice Blades|p1a: Giratina
|-damage|p1a: Giratina|61/100
|move|p1a: Giratina|Toxic|p2a: The Defender
|-fail|p2a: The Defender|tox
|
|-weather|DesolateLand|[upkeep]
|-heal|p1a: Giratina|67/100|[from] item: Leftovers
|-damage|p2a: The Defender|82/100 tox|[from] psn
|upkeep
|turn|7
|
|t:|1610061622
|move|p2a: The Defender|Precipice Blades|p1a: Giratina
|-damage|p1a: Giratina|33/100
|move|p1a: Giratina|Toxic|p2a: The Defender
|-fail|p2a: The Defender|tox
|
|-weather|DesolateLand|[upkeep]
|-heal|p1a: Giratina|40/100|[from] item: Leftovers
|-damage|p2a: The Defender|64/100 tox|[from] psn
|upkeep
|turn|8
|
|t:|1610061626
|-weather|none
|switch|p2a: The Endurance|Xerneas|95/100
|-ability|p2a: The Endurance|Fairy Aura
|move|p1a: Giratina|Rest|p1a: Giratina
|-status|p1a: Giratina|slp|[from] move: Rest
|-heal|p1a: Giratina|100/100 slp|[silent]
|
|upkeep
|turn|9
|
|t:|1610061634
|switch|p1a: Necrozma|Necrozma-Dusk-Mane|100/100
|move|p2a: The Endurance|Geomancy||[still]
|-prepare|p2a: The Endurance|Geomancy
|-enditem|p2a: The Endurance|Power Herb
|-anim|p2a: The Endurance|Geomancy|p2a: The Endurance
|-boost|p2a: The Endurance|spa|2
|-boost|p2a: The Endurance|spd|2
|-boost|p2a: The Endurance|spe|2
|
|upkeep
|turn|10
|j| fard in deez nuts
|
|t:|1610061642
|move|p2a: The Endurance|Thunder|p1a: Necrozma
|-damage|p1a: Necrozma|27/100
|-status|p1a: Necrozma|par
|move|p1a: Necrozma|Morning Sun|p1a: Necrozma
|-heal|p1a: Necrozma|77/100 par
|
|upkeep
|turn|11
|c|☆Geysers|niiice
|c| Yandre|Geez
|c|☆Geysers|10/10 skill
|
|t:|1610061651
|-start|p2a: The Endurance|Dynamax
|-heal|p2a: The Endurance|95/100|[silent]
|-start|p1a: Necrozma|Dynamax
|-heal|p1a: Necrozma|77/100 par|[silent]
|move|p2a: The Endurance|Max Lightning|p1a: Necrozma
|-damage|p1a: Necrozma|34/100 par
|-fieldstart|move: Electric Terrain
|move|p1a: Necrozma|Max Steelspike|p2a: The Endurance
|-supereffective|p2a: The Endurance
|-damage|p2a: The Endurance|43/100
|-boost|p1a: Necrozma|def|1
|
|upkeep
|turn|12
|
|t:|1610061665
|move|p1a: Necrozma|Max Guard|p1a: Necrozma
|-singleturn|p1a: Necrozma|Max Guard
|move|p2a: The Endurance|Max Lightning|p1a: Necrozma
|-activate|p1a: Necrozma|move: Max Guard
|
|upkeep
|turn|13
|c| fard in deez nuts|at least u didnt get the para into full para
|c|☆Geysers|true
|
|t:|1610061673
|move|p2a: The Endurance|Max Lightning|p1a: Necrozma
|-damage|p1a: Necrozma|0 fnt
|faint|p1a: Necrozma
|
|-end|p2a: The Endurance|Dynamax
|-heal|p2a: The Endurance|43/100|[silent]
|upkeep
|
|t:|1610061674
|switch|p1a: Sableye|Sableye-Mega, F|100/100
|turn|14
|
|t:|1610061677
|move|p1a: Sableye|Fake Out|p2a: The Endurance
|-damage|p2a: The Endurance|38/100
|cant|p2a: The Endurance|flinch
|
|upkeep
|turn|15
|
|t:|1610061687
|move|p2a: The Endurance|Moonblast|p1a: Sableye
|-supereffective|p1a: Sableye
|-damage|p1a: Sableye|0 fnt
|faint|p1a: Sableye
|
|-fieldend|move: Electric Terrain
|upkeep
|
|t:|1610061689
|switch|p1a: Arceus|Arceus-Ground|100/100
|turn|16
|
|t:|1610061691
|move|p2a: The Endurance|Moonblast|p1a: Arceus
|-damage|p1a: Arceus|5/100
|-unboost|p1a: Arceus|spa|1
|move|p1a: Arceus|Earthquake|p2a: The Endurance
|-damage|p2a: The Endurance|0 fnt
|faint|p2a: The Endurance
|
|upkeep
|c|☆Geysers|oml
|
|t:|1610061695
|switch|p2a: The Executor|Mewtwo|100/100
|-ability|p2a: The Executor|Pressure
|turn|17
|c|☆Geysers|why didn't I do that earlier
|c|☆Geysers|uurgh
|
|t:|1610061701
|move|p2a: The Executor|Ice Beam|p1a: Arceus
|-supereffective|p1a: Arceus
|-damage|p1a: Arceus|0 fnt
|faint|p1a: Arceus
|
|upkeep
|
|t:|1610061703
|switch|p1a: Arceus|Arceus-Dark|100/100
|turn|18
|
|t:|1610061707
|switch|p2a: The Defender|Groudon-Primal, shiny|64/100 tox
|-weather|DesolateLand|[from] ability: Desolate Land|[of] p2a: The Defender
|move|p1a: Arceus|Judgment|p2a: The Defender
|-damage|p2a: The Defender|12/100 tox
|
|-weather|DesolateLand|[upkeep]
|-damage|p2a: The Defender|6/100 tox|[from] psn
|upkeep
|turn|19
|c| Yandre|I thought it was bout to be a 6-0 in semis
|
|t:|1610061709
|move|p1a: Arceus|Judgment|p2a: The Defender
|-damage|p2a: The Defender|0 fnt
|faint|p2a: The Defender
|-weather|none
|
|upkeep
|
|t:|1610061714
|switch|p2a: The Negotiator|Smeargle, F|100/100
|turn|20
|
|t:|1610061717
|switch|p1a: Giratina|Giratina|100/100 slp
|-ability|p1a: Giratina|Pressure
|move|p2a: The Negotiator|Shell Smash|p2a: The Negotiator
|-unboost|p2a: The Negotiator|def|1
|-unboost|p2a: The Negotiator|spd|1
|-boost|p2a: The Negotiator|atk|2
|-boost|p2a: The Negotiator|spa|2
|-boost|p2a: The Negotiator|spe|2
|
|-ability|p2a: The Negotiator|Moody|boost
|-boost|p2a: The Negotiator|atk|2
|-unboost|p2a: The Negotiator|def|1
|upkeep
|turn|21
|
|t:|1610061721
|switch|p1a: Zygarde|Zygarde|100/100
|move|p2a: The Negotiator|Baton Pass|p2a: The Negotiator
|c|☆Geysers|Yandre your commentary is really unneccessary
|
|t:|1610061728
|switch|p2a: The Resolute|Necrozma-Dusk-Mane|100/100|[from]move: Baton Pass
|
|upkeep
|turn|22
|j| Ducksdelow
|
|t:|1610061731
|detailschange|p2a: The Resolute|Necrozma-Ultra
|-burst|p2a: The Resolute|Necrozma|Ultranecrozium Z
|move|p2a: The Resolute|Outrage|p1a: Zygarde
|-supereffective|p1a: Zygarde
|-damage|p1a: Zygarde|0 fnt
|faint|p1a: Zygarde
|
|upkeep
|
|t:|1610061734
|switch|p1a: Arceus|Arceus-Dark|100/100
|turn|23
|c| GolemGoesBoom|lol
|c|☆Geysers|the hell
|c|☆Geysers|is that set
|c|+Mbouchon|what is that
|c|☆Geysers|a moron
|c|☆Geysers|is what that is
|c|☆Geysers|:^)
|c| Yandre|Nuke
|c|☆ImAbroom|The stall breaker
|c| Yandre|The set is called nuke
|c| Yandre|Legit
|
|t:|1610061762
|move|p2a: The Resolute|Outrage|p1a: Arceus|[from]lockedmove
|-damage|p1a: Arceus|0 fnt
|faint|p1a: Arceus
|
|upkeep
|c|☆Geysers|"stall breaker"
|c|☆Geysers|only works if you pass it boosts
|c| fard in deez nuts|;;;;;;;;
|c|☆Geysers|which relies entirely on luck
|c|☆Geysers|lmao
|-message|Geysers forfeited.
|
|win|ImAbroom
|n|☆Geysers|geysers
|n|☆ImAbroom|imabroom
|n| Mbouchon|mbouchon
|n| Marsii|marsii
|n| GolemGoesBoom|golemgoesboom
|n| moltv5|moltv5
|n| Yandre|yandre
|n| skylink42|skylink42
|n| fard in deez nuts|fardindeeznuts
|n| Ducksdelow|ducksdelow
|l|☆Geysers
|l| fard in deez nuts
|l|☆ImAbroom
|c| Yandre|Jeez
|c| GolemGoesBoom|wow
|c| Yandre|So damn salt in semis
|l| Mbouchon
|c| GolemGoesBoom|broom san won
|c| Yandre|He hasn't been playing for so long
|c| Ducksdelow|geysers used toxic
