|j|☆kasak
|j|☆ThePowerfulEntity
|t:|1611979512
|player|p1|kasak|youngster-gen4|1850
|player|p2|ThePowerfulEntity|lusamine-nihilego|1665
|teamsize|p1|6
|teamsize|p2|6
|gametype|singles
|gen|8
|tier|[Gen 8] National Dex AG
|rated|
|clearpoke
|poke|p1|Arceus-*|
|poke|p1|Ditto|
|poke|p1|Sableye, F|
|poke|p1|Chansey, F|
|poke|p1|Lugia|
|poke|p1|Groudon|
|poke|p2|Eternatus|
|poke|p2|Ditto|
|poke|p2|Yveltal|
|poke|p2|Ho-Oh|
|poke|p2|Groudon|
|poke|p2|Tyranitar, F|
|rule|HP Percentage Mod: HP is shown in percentages
|rule|Endless Battle Clause: Forcing endless battles is banned
|teampreview
|c|☆ThePowerfulEntity|huhh
|
|t:|1611979543
|start
|switch|p1a: 그란돈|Groudon|100/100
|switch|p2a: Groudon|Groudon|100/100
|detailschange|p2a: Groudon|Groudon-Primal
|-primal|p2a: Groudon
|-weather|DesolateLand|[from] ability: Desolate Land|[of] p2a: Groudon
|detailschange|p1a: 그란돈|Groudon-Primal
|-primal|p1a: 그란돈
|turn|1
|
|t:|1611979556
|move|p2a: Groudon|Stealth Rock|p1a: 그란돈
|-sidestart|p1: kasak|move: Stealth Rock
|move|p1a: 그란돈|Precipice Blades|p2a: Groudon
|-supereffective|p2a: Groudon
|-damage|p2a: Groudon|0 fnt
|faint|p2a: Groudon
|
|-weather|DesolateLand|[upkeep]
|upkeep
|c|☆ThePowerfulEntity|it's kasak rajof
|
|t:|1611979562
|switch|p2a: Yveltal|Yveltal|100/100
|-ability|p2a: Yveltal|Dark Aura
|turn|2
|
|t:|1611979569
|-weather|none
|switch|p1a: 아르세우스|Arceus-Fairy|100/100
|-damage|p1a: 아르세우스|88/100|[from] Stealth Rock
|-start|p2a: Yveltal|Dynamax
|-heal|p2a: Yveltal|100/100|[silent]
|move|p2a: Yveltal|Max Airstream|p1a: 아르세우스
|-damage|p1a: 아르세우스|30/100
|-boost|p2a: Yveltal|spe|1
|-damage|p2a: Yveltal|96/100|[from] item: Life Orb
|
|upkeep
|turn|3
|
|t:|1611979583
|switch|p1a: 럭키|Chansey, F|100/100
|-damage|p1a: 럭키|88/100|[from] Stealth Rock
|move|p2a: Yveltal|Max Darkness|p1a: 럭키
|-damage|p1a: 럭키|23/100
|-unboost|p1a: 럭키|spd|1
|-damage|p2a: Yveltal|91/100|[from] item: Life Orb
|
|upkeep
|turn|4
|
|t:|1611979593
|move|p1a: 럭키|Protect|p1a: 럭키
|-singleturn|p1a: 럭키|Protect
|move|p2a: Yveltal|Max Airstream|p1a: 럭키
|-zbroken|p1a: 럭키
|-damage|p1a: 럭키|14/100
|-boost|p2a: Yveltal|spe|1
|-damage|p2a: Yveltal|86/100|[from] item: Life Orb
|
|-end|p2a: Yveltal|Dynamax
|-heal|p2a: Yveltal|86/100|[silent]
|upkeep
|turn|5
|
|t:|1611979603
|move|p2a: Yveltal|Oblivion Wing|p1a: 럭키
|-damage|p1a: 럭키|0 fnt
|-heal|p2a: Yveltal|100/100|[from] drain|[of] p1a: 럭키
|-damage|p2a: Yveltal|91/100|[from] item: Life Orb
|faint|p1a: 럭키
|
|upkeep
|c|☆ThePowerfulEntity|YES
|
|t:|1611979610
|switch|p1a: 메타몽|Ditto|100/100
|-damage|p1a: 메타몽|88/100|[from] Stealth Rock
|-transform|p1a: 메타몽|p2a: Yveltal|[from] ability: Imposter
|-ability|p1a: 메타몽|Dark Aura
|turn|6
|c|☆ThePowerfulEntity|no more stall now
|
|t:|1611979629
|switch|p2a: Tyranitar|Tyranitar, F|100/100
|-weather|Sandstorm|[from] ability: Sand Stream|[of] p2a: Tyranitar
|-start|p1a: 메타몽|Dynamax
|-heal|p1a: 메타몽|88/100|[silent]
|move|p1a: 메타몽|Max Airstream|p2a: Tyranitar
|-resisted|p2a: Tyranitar
|-damage|p2a: Tyranitar|86/100
|-boost|p1a: 메타몽|spe|1
|
|-weather|Sandstorm|[upkeep]
|-damage|p1a: 메타몽|85/100|[from] Sandstorm
|-heal|p2a: Tyranitar|93/100|[from] item: Leftovers
|upkeep
|turn|7
|j| Kasak rajoff
|c|☆ThePowerfulEntity|ahaha
|c|☆ThePowerfulEntity|that tickles
|
|t:|1611979648
|move|p1a: 메타몽|Max Darkness|p2a: Tyranitar
|-resisted|p2a: Tyranitar
|-damage|p2a: Tyranitar|67/100
|-unboost|p2a: Tyranitar|spd|1
|move|p2a: Tyranitar|Rock Tomb|p1a: 메타몽
|-supereffective|p1a: 메타몽
|-damage|p1a: 메타몽|49/100
|-unboost|p1a: 메타몽|spe|1
|
|-weather|Sandstorm|[upkeep]
|-damage|p1a: 메타몽|46/100|[from] Sandstorm
|-heal|p2a: Tyranitar|73/100|[from] item: Leftovers
|upkeep
|turn|8
|c|☆ThePowerfulEntity|ahahaha
|c|☆ThePowerfulEntity|that also tickles
|j| Jefff 369421
|
|t:|1611979664
|move|p1a: 메타몽|Max Darkness|p2a: Tyranitar
|-resisted|p2a: Tyranitar
|-damage|p2a: Tyranitar|48/100
|-unboost|p2a: Tyranitar|spd|1
|move|p2a: Tyranitar|Rock Tomb|p1a: 메타몽
|-supereffective|p1a: 메타몽
|-damage|p1a: 메타몽|13/100
|-unboost|p1a: 메타몽|spe|1
|
|-weather|Sandstorm|[upkeep]
|-damage|p1a: 메타몽|10/100|[from] Sandstorm
|-heal|p2a: Tyranitar|54/100|[from] item: Leftovers
|-end|p1a: 메타몽|Dynamax
|-heal|p1a: 메타몽|10/100|[silent]
|upkeep
|turn|9
|c|☆ThePowerfulEntity|ahaha
|c|☆ThePowerfulEntity|that tickles
|
|t:|1611979683
|move|p1a: 메타몽|Oblivion Wing|p2a: Tyranitar
|-resisted|p2a: Tyranitar
|-damage|p2a: Tyranitar|35/100
|-heal|p1a: 메타몽|29/100|[from] drain|[of] p2a: Tyranitar
|move|p2a: Tyranitar|Pursuit|p1a: 메타몽
|-resisted|p1a: 메타몽
|-damage|p1a: 메타몽|12/100
|
|-weather|Sandstorm|[upkeep]
|-damage|p1a: 메타몽|6/100|[from] Sandstorm
|-heal|p2a: Tyranitar|41/100|[from] item: Leftovers
|upkeep
|turn|10
|
|t:|1611979695
|move|p1a: 메타몽|Oblivion Wing|p2a: Tyranitar
|-resisted|p2a: Tyranitar
|-damage|p2a: Tyranitar|22/100
|-heal|p1a: 메타몽|24/100|[from] drain|[of] p2a: Tyranitar
|move|p2a: Tyranitar|Rock Tomb|p1a: 메타몽
|-supereffective|p1a: 메타몽
|-damage|p1a: 메타몽|0 fnt
|faint|p1a: 메타몽
|
|-weather|none
|-heal|p2a: Tyranitar|28/100|[from] item: Leftovers
|upkeep
|
|t:|1611979708
|switch|p1a: 깜까미|Sableye, F|100/100
|-damage|p1a: 깜까미|88/100|[from] Stealth Rock
|turn|11
|
|t:|1611979718
|switch|p2a: Yveltal|Yveltal|91/100
|-ability|p2a: Yveltal|Dark Aura
|detailschange|p1a: 깜까미|Sableye-Mega, F
|-mega|p1a: 깜까미|Sableye|Sablenite
|move|p1a: 깜까미|Calm Mind|p1a: 깜까미
|-boost|p1a: 깜까미|spa|1
|-boost|p1a: 깜까미|spd|1
|
|upkeep
|turn|12
|
|t:|1611979731
|move|p2a: Yveltal|Oblivion Wing|p1a: 깜까미
|-crit|p1a: 깜까미
|-damage|p1a: 깜까미|3/100
|-heal|p2a: Yveltal|100/100|[from] drain|[of] p1a: 깜까미
|-damage|p2a: Yveltal|91/100|[from] item: Life Orb
|move|p1a: 깜까미|Will-O-Wisp|p2a: Yveltal
|-status|p2a: Yveltal|brn
|
|-damage|p2a: Yveltal|84/100 brn|[from] brn
|upkeep
|turn|13
|c|☆ThePowerfulEntity|ahaha
|c|☆ThePowerfulEntity|that tickles
|
|t:|1611979741
|move|p2a: Yveltal|Oblivion Wing|p1a: 깜까미
|-damage|p1a: 깜까미|0 fnt
|-heal|p2a: Yveltal|86/100 brn|[from] drain|[of] p1a: 깜까미
|-damage|p2a: Yveltal|76/100 brn|[from] item: Life Orb
|faint|p1a: 깜까미
|
|-damage|p2a: Yveltal|70/100 brn|[from] brn
|upkeep
|c|☆ThePowerfulEntity|kasak
|
|t:|1611979751
|switch|p1a: 루기아|Lugia|100/100
|-damage|p1a: 루기아|75/100|[from] Stealth Rock
|turn|14
|c|☆ThePowerfulEntity|your moves make me tickle
|
|t:|1611979755
|move|p2a: Yveltal|Taunt|p1a: 루기아
|-start|p1a: 루기아|move: Taunt
|cant|p1a: 루기아|move: Taunt|Defog
|
|-damage|p2a: Yveltal|64/100 brn|[from] brn
|upkeep
|turn|15
|c|☆ThePowerfulEntity|ahaha
|c|☆ThePowerfulEntity|nice try
|
|t:|1611979765
|switch|p1a: 아르세우스|Arceus-Fairy|30/100
|-damage|p1a: 아르세우스|17/100|[from] Stealth Rock
|move|p2a: Yveltal|Oblivion Wing|p1a: 아르세우스
|-damage|p1a: 아르세우스|0 fnt
|-heal|p2a: Yveltal|78/100 brn|[from] drain|[of] p1a: 아르세우스
|-damage|p2a: Yveltal|68/100 brn|[from] item: Life Orb
|faint|p1a: 아르세우스
|
|-damage|p2a: Yveltal|62/100 brn|[from] brn
|upkeep
|-message|kasak forfeited.
|
|win|ThePowerfulEntity
|l|☆kasak
|c|☆ThePowerfulEntity|ahaha
|c|☆ThePowerfulEntity|that also tickles
|raw|kasak's rating: 1858 &rarr; <strong>1828</strong><br />(-30 for losing)
|raw|ThePowerfulEntity's rating: 1665 &rarr; <strong>1695</strong><br />(+30 for winning)
