|j|☆logd203
|j|☆kasak
|t:|1667215040
|gametype|singles
|player|p1|logd203|aromalady|1515
|player|p2|kasak|youngster-gen4dp|1797
|teamsize|p1|6
|teamsize|p2|6
|gen|8
|tier|[Gen 8] National Dex AG
|rated|
|rule|HP Percentage Mod: HP is shown in percentages
|rule|Endless Battle Clause: Forcing endless battles is banned
|clearpoke
|poke|p1|Groudon|
|poke|p1|Giratina-Origin|
|poke|p1|Rillaboom, M|
|poke|p1|Arceus-*|
|poke|p1|Zacian-*|
|poke|p1|Marshadow|
|poke|p2|Arceus-*|
|poke|p2|Ditto|
|poke|p2|Chansey, F|
|poke|p2|Lugia|
|poke|p2|Groudon|
|poke|p2|Arceus-*|
|teampreview
|
|t:|1667215045
|start
|switch|p1a: Arceus|Arceus-Steel|100/100
|switch|p2a: 루기아|Lugia|100/100
|turn|1
|
|t:|1667215051
|switch|p2a: 그란돈|Groudon|100/100
|detailschange|p2a: 그란돈|Groudon-Primal
|-primal|p2a: 그란돈
|-weather|DesolateLand|[from] ability: Desolate Land|[of] p2a: 그란돈
|move|p1a: Arceus|Cosmic Power|p1a: Arceus
|-boost|p1a: Arceus|def|1
|-boost|p1a: Arceus|spd|1
|
|-weather|DesolateLand|[upkeep]
|upkeep
|turn|2
|
|t:|1667215056
|move|p1a: Arceus|Toxic|p2a: 그란돈|[miss]
|-miss|p1a: Arceus|p2a: 그란돈
|move|p2a: 그란돈|Fire Punch|p1a: Arceus
|-supereffective|p1a: Arceus
|-damage|p1a: Arceus|42/100
|
|-weather|DesolateLand|[upkeep]
|upkeep
|turn|3
|
|t:|1667215084
|move|p1a: Arceus|Recover|p1a: Arceus
|-heal|p1a: Arceus|92/100
|move|p2a: 그란돈|Fire Punch|p1a: Arceus
|-supereffective|p1a: Arceus
|-damage|p1a: Arceus|43/100
|
|-weather|DesolateLand|[upkeep]
|upkeep
|turn|4
|
|t:|1667215098
|switch|p1a: Giratina|Giratina-Origin|100/100
|move|p2a: 그란돈|Fire Punch|p1a: Giratina
|-resisted|p1a: Giratina
|-damage|p1a: Giratina|81/100
|-status|p1a: Giratina|brn
|
|-weather|DesolateLand|[upkeep]
|-damage|p1a: Giratina|75/100 brn|[from] brn
|upkeep
|turn|5
|
|t:|1667215103
|-weather|none
|switch|p2a: 악르세우스|Arceus-Dark|100/100
|move|p1a: Giratina|Toxic|p2a: 악르세우스
|-status|p2a: 악르세우스|tox
|
|-damage|p2a: 악르세우스|94/100 tox|[from] psn
|-damage|p1a: Giratina|69/100 brn|[from] brn
|upkeep
|turn|6
|
|t:|1667215112
|move|p2a: 악르세우스|Refresh|p2a: 악르세우스
|-curestatus|p2a: 악르세우스|tox|[msg]
|move|p1a: Giratina|Rest|p1a: Giratina
|-status|p1a: Giratina|slp|[from] move: Rest
|-heal|p1a: Giratina|100/100 slp|[silent]
|
|upkeep
|turn|7
|
|t:|1667215121
|switch|p1a: Zacian|Zacian-Crowned|100/100
|-ability|p1a: Zacian|Intrepid Sword|boost
|-boost|p1a: Zacian|atk|1
|move|p2a: 악르세우스|Calm Mind|p2a: 악르세우스
|-boost|p2a: 악르세우스|spa|1
|-boost|p2a: 악르세우스|spd|1
|
|upkeep
|turn|8
|
|t:|1667215125
|switch|p2a: 루기아|Lugia|100/100
|move|p1a: Zacian|Play Rough|p2a: 루기아
|-damage|p2a: 루기아|80/100
|-damage|p1a: Zacian|84/100|[from] item: Rocky Helmet|[of] p2a: 루기아
|
|upkeep
|turn|9
|
|t:|1667215131
|move|p1a: Zacian|Behemoth Blade|p2a: 루기아
|-damage|p2a: 루기아|36/100
|-damage|p1a: Zacian|67/100|[from] item: Rocky Helmet|[of] p2a: 루기아
|move|p2a: 루기아|Roost|p2a: 루기아
|-heal|p2a: 루기아|86/100
|-singleturn|p2a: 루기아|move: Roost
|
|upkeep
|turn|10
|
|t:|1667215140
|switch|p1a: Arceus|Arceus-Steel|43/100
|move|p2a: 루기아|Roost|p2a: 루기아
|-heal|p2a: 루기아|100/100
|-singleturn|p2a: 루기아|move: Roost
|
|upkeep
|turn|11
|
|t:|1667215145
|switch|p2a: 악르세우스|Arceus-Dark|94/100
|move|p1a: Arceus|Toxic|p2a: 악르세우스
|-status|p2a: 악르세우스|tox
|
|-damage|p2a: 악르세우스|88/100 tox|[from] psn
|upkeep
|turn|12
|
|t:|1667215150
|move|p2a: 악르세우스|Refresh|p2a: 악르세우스
|-curestatus|p2a: 악르세우스|tox|[msg]
|move|p1a: Arceus|Recover|p1a: Arceus
|-heal|p1a: Arceus|93/100
|
|upkeep
|turn|13
|
|t:|1667215154
|move|p2a: 악르세우스|Calm Mind|p2a: 악르세우스
|-boost|p2a: 악르세우스|spa|1
|-boost|p2a: 악르세우스|spd|1
|move|p1a: Arceus|Cosmic Power|p1a: Arceus
|-boost|p1a: Arceus|def|1
|-boost|p1a: Arceus|spd|1
|
|upkeep
|turn|14
|
|t:|1667215158
|move|p2a: 악르세우스|Judgment|p1a: Arceus
|-damage|p1a: Arceus|61/100
|move|p1a: Arceus|Cosmic Power|p1a: Arceus
|-boost|p1a: Arceus|def|1
|-boost|p1a: Arceus|spd|1
|
|upkeep
|turn|15
|
|t:|1667215162
|move|p2a: 악르세우스|Calm Mind|p2a: 악르세우스
|-boost|p2a: 악르세우스|spa|1
|-boost|p2a: 악르세우스|spd|1
|move|p1a: Arceus|Cosmic Power|p1a: Arceus
|-boost|p1a: Arceus|def|1
|-boost|p1a: Arceus|spd|1
|
|upkeep
|turn|16
|
|t:|1667215167
|move|p2a: 악르세우스|Calm Mind|p2a: 악르세우스
|-boost|p2a: 악르세우스|spa|1
|-boost|p2a: 악르세우스|spd|1
|move|p1a: Arceus|Cosmic Power|p1a: Arceus
|-boost|p1a: Arceus|def|1
|-boost|p1a: Arceus|spd|1
|
|upkeep
|turn|17
|
|t:|1667215170
|move|p2a: 악르세우스|Calm Mind|p2a: 악르세우스
|-boost|p2a: 악르세우스|spa|1
|-boost|p2a: 악르세우스|spd|1
|move|p1a: Arceus|Cosmic Power|p1a: Arceus
|-boost|p1a: Arceus|def|1
|-boost|p1a: Arceus|spd|1
|
|upkeep
|turn|18
|
|t:|1667215185
|move|p2a: 악르세우스|Calm Mind|p2a: 악르세우스
|-boost|p2a: 악르세우스|spa|1
|-boost|p2a: 악르세우스|spd|1
|move|p1a: Arceus|Cosmic Power|p1a: Arceus
|-boost|p1a: Arceus|def|1
|-boost|p1a: Arceus|spd|1
|
|upkeep
|turn|19
|
|t:|1667215191
|move|p2a: 악르세우스|Calm Mind|p2a: 악르세우스
|-boost|p2a: 악르세우스|spa|1
|-boost|p2a: 악르세우스|spd|1
|move|p1a: Arceus|Toxic|p2a: 악르세우스
|-status|p2a: 악르세우스|tox
|
|-damage|p2a: 악르세우스|82/100 tox|[from] psn
|upkeep
|turn|20
|
|t:|1667215196
|move|p2a: 악르세우스|Refresh|p2a: 악르세우스
|-curestatus|p2a: 악르세우스|tox|[msg]
|move|p1a: Arceus|Recover|p1a: Arceus
|-heal|p1a: Arceus|100/100
|
|upkeep
|turn|21
|
|t:|1667215220
|move|p2a: 악르세우스|Judgment|p1a: Arceus
|-damage|p1a: Arceus|71/100
|move|p1a: Arceus|Earthquake|p2a: 악르세우스
|-damage|p2a: 악르세우스|65/100
|
|upkeep
|turn|22
|
|t:|1667215228
|move|p2a: 악르세우스|Recover|p2a: 악르세우스
|-heal|p2a: 악르세우스|100/100
|move|p1a: Arceus|Toxic|p2a: 악르세우스
|-status|p2a: 악르세우스|tox
|
|-damage|p2a: 악르세우스|94/100 tox|[from] psn
|upkeep
|turn|23
|
|t:|1667215234
|move|p2a: 악르세우스|Refresh|p2a: 악르세우스
|-curestatus|p2a: 악르세우스|tox|[msg]
|move|p1a: Arceus|Earthquake|p2a: 악르세우스
|-damage|p2a: 악르세우스|78/100
|
|upkeep
|turn|24
|
|t:|1667215245
|switch|p2a: 럭키|Chansey, F|100/100
|move|p1a: Arceus|Toxic|p2a: 럭키
|-status|p2a: 럭키|tox
|
|-damage|p2a: 럭키|94/100 tox|[from] psn
|upkeep
|turn|25
|
|t:|1667215254
|-curestatus|p2a: 럭키|tox|[from] ability: Natural Cure
|switch|p2a: 악르세우스|Arceus-Dark|78/100
|move|p1a: Arceus|Recover|p1a: Arceus
|-heal|p1a: Arceus|100/100
|
|upkeep
|turn|26
|
|t:|1667215260
|switch|p2a: 럭키|Chansey, F|94/100
|move|p1a: Arceus|Toxic|p2a: 럭키
|-status|p2a: 럭키|tox
|
|-damage|p2a: 럭키|88/100 tox|[from] psn
|upkeep
|turn|27
|
|t:|1667215269
|switch|p1a: Zacian|Zacian-Crowned|67/100
|-ability|p1a: Zacian|Intrepid Sword|boost
|-boost|p1a: Zacian|atk|1
|-curestatus|p2a: 럭키|tox|[from] ability: Natural Cure
|switch|p2a: 악르세우스|Arceus-Dark|78/100
|
|upkeep
|turn|28
|
|t:|1667215277
|switch|p1a: Marshadow|Marshadow|100/100
|switch|p2a: 루기아|Lugia|100/100
|
|upkeep
|turn|29
|
|t:|1667215284
|-start|p1a: Marshadow|Dynamax|
|-heal|p1a: Marshadow|100/100|[silent]
|move|p1a: Marshadow|Max Airstream|p2a: 루기아
|-damage|p2a: 루기아|89/100
|-boost|p1a: Marshadow|spe|1
|move|p2a: 루기아|Aeroblast|p1a: Marshadow
|-supereffective|p1a: Marshadow
|-damage|p1a: Marshadow|60/100
|
|upkeep
|turn|30
|
|t:|1667215292
|switch|p2a: 럭키|Chansey, F|88/100
|move|p1a: Marshadow|Max Phantasm|p2a: 럭키
|-immune|p2a: 럭키
|
|upkeep
|turn|31
|
|t:|1667215296
|switch|p2a: 아르세우스|Arceus-Fairy|100/100
|move|p1a: Marshadow|Max Knuckle|p2a: 아르세우스
|-resisted|p2a: 아르세우스
|-damage|p2a: 아르세우스|88/100
|-boost|p1a: Marshadow|atk|1
|
|upkeep
|-end|p1a: Marshadow|Dynamax
|-heal|p1a: Marshadow|60/100|[silent]
|turn|32
|
|t:|1667215302
|move|p1a: Marshadow|Spectral Thief|p2a: 아르세우스
|-damage|p2a: 아르세우스|54/100
|move|p2a: 아르세우스|Judgment|p1a: Marshadow
|-supereffective|p1a: Marshadow
|-damage|p1a: Marshadow|0 fnt
|faint|p1a: Marshadow
|
|upkeep
|
|t:|1667215309
|switch|p1a: Arceus|Arceus-Steel|100/100
|turn|33
|
|t:|1667215324
|switch|p2a: 럭키|Chansey, F|88/100
|switch|p1a: Groudon|Groudon|100/100
|detailschange|p1a: Groudon|Groudon-Primal
|-primal|p1a: Groudon
|-weather|DesolateLand|[from] ability: Desolate Land|[of] p1a: Groudon
|
|-weather|DesolateLand|[upkeep]
|upkeep
|turn|34
|
|t:|1667215329
|switch|p2a: 루기아|Lugia|89/100
|move|p1a: Groudon|Swords Dance|p1a: Groudon
|-boost|p1a: Groudon|atk|2
|
|-weather|DesolateLand|[upkeep]
|upkeep
|turn|35
|
|t:|1667215332
|move|p1a: Groudon|Heat Crash|p2a: 루기아
|-damage|p2a: 루기아|0 fnt
|-damage|p1a: Groudon|84/100|[from] item: Rocky Helmet|[of] p2a: 루기아
|faint|p2a: 루기아
|
|-weather|DesolateLand|[upkeep]
|upkeep
|
|t:|1667215335
|switch|p2a: 메타몽|Ditto|100/100
|-transform|p2a: 메타몽|p1a: Groudon|[from] ability: Imposter
|turn|36
|
|t:|1667215340
|switch|p1a: Giratina|Giratina-Origin|100/100 slp
|move|p2a: 메타몽|Precipice Blades|p1a: Giratina
|-immune|p1a: Giratina|[from] ability: Levitate
|
|-weather|DesolateLand|[upkeep]
|upkeep
|turn|37
|
|t:|1667215343
|-weather|none
|switch|p2a: 악르세우스|Arceus-Dark|78/100
|cant|p1a: Giratina|slp
|
|upkeep
|turn|38
|
|t:|1667215350
|switch|p1a: Rillaboom|Rillaboom, M|100/100
|-fieldstart|move: Grassy Terrain|[from] ability: Grassy Surge|[of] p1a: Rillaboom
|move|p2a: 악르세우스|Judgment|p1a: Rillaboom
|-damage|p1a: Rillaboom|44/100
|
|-heal|p2a: 악르세우스|84/100|[from] Grassy Terrain
|-heal|p1a: Rillaboom|50/100|[from] Grassy Terrain
|upkeep
|turn|39
|
|t:|1667215353
|move|p2a: 악르세우스|Judgment|p1a: Rillaboom
|-damage|p1a: Rillaboom|0 fnt
|faint|p1a: Rillaboom
|
|-heal|p2a: 악르세우스|90/100|[from] Grassy Terrain
|upkeep
|
|t:|1667215359
|switch|p1a: Zacian|Zacian-Crowned|67/100
|-ability|p1a: Zacian|Intrepid Sword|boost
|-boost|p1a: Zacian|atk|1
|turn|40
|
|t:|1667215369
|switch|p2a: 그란돈|Groudon-Primal|100/100
|-weather|DesolateLand|[from] ability: Desolate Land|[of] p2a: 그란돈
|move|p1a: Zacian|Behemoth Blade|p2a: 그란돈
|-resisted|p2a: 그란돈
|-damage|p2a: 그란돈|74/100
|
|-weather|DesolateLand|[upkeep]
|-heal|p1a: Zacian|74/100|[from] Grassy Terrain
|-heal|p2a: 그란돈|80/100|[from] Grassy Terrain
|upkeep
|turn|41
|
|t:|1667215377
|switch|p1a: Giratina|Giratina-Origin|100/100 slp
|move|p2a: 그란돈|Precipice Blades|p1a: Giratina
|-immune|p1a: Giratina|[from] ability: Levitate
|
|-weather|DesolateLand|[upkeep]
|-heal|p2a: 그란돈|86/100|[from] Grassy Terrain
|upkeep
|turn|42
|
|t:|1667215384
|-weather|none
|switch|p2a: 악르세우스|Arceus-Dark|90/100
|cant|p1a: Giratina|slp
|
|-heal|p2a: 악르세우스|96/100|[from] Grassy Terrain
|-fieldend|move: Grassy Terrain
|upkeep
|turn|43
|
|t:|1667215390
|switch|p1a: Arceus|Arceus-Steel|100/100
|move|p2a: 악르세우스|Judgment|p1a: Arceus
|-damage|p1a: Arceus|67/100
|
|upkeep
|turn|44
|
|t:|1667215406
|switch|p2a: 럭키|Chansey, F|88/100
|move|p1a: Arceus|Toxic|p2a: 럭키
|-status|p2a: 럭키|tox
|
|-damage|p2a: 럭키|82/100 tox|[from] psn
|upkeep
|turn|45
|
|t:|1667215432
|switch|p1a: Giratina|Giratina-Origin|100/100 slp
|move|p2a: 럭키|Wish|p2a: 럭키
|
|-damage|p2a: 럭키|70/100 tox|[from] psn
|upkeep
|turn|46
|
|t:|1667215444
|-curestatus|p2a: 럭키|tox|[from] ability: Natural Cure
|switch|p2a: 아르세우스|Arceus-Fairy|54/100
|-curestatus|p1a: Giratina|slp|[msg]
|move|p1a: Giratina|Toxic|p2a: 아르세우스
|-status|p2a: 아르세우스|tox
|
|-heal|p2a: 아르세우스|100/100 tox|[from] move: Wish|[wisher] 럭키
|-damage|p2a: 아르세우스|94/100 tox|[from] psn
|upkeep
|turn|47
|
|t:|1667215465
|switch|p1a: Arceus|Arceus-Steel|67/100
|move|p2a: 아르세우스|Judgment|p1a: Arceus
|-resisted|p1a: Arceus
|-damage|p1a: Arceus|50/100
|
|-damage|p2a: 아르세우스|82/100 tox|[from] psn
|upkeep
|turn|48
|
|t:|1667215469
|switch|p2a: 럭키|Chansey, F|70/100
|move|p1a: Arceus|Recover|p1a: Arceus
|-heal|p1a: Arceus|100/100
|
|upkeep
|turn|49
|
|t:|1667215495
|switch|p1a: Groudon|Groudon-Primal|84/100
|-weather|DesolateLand|[from] ability: Desolate Land|[of] p1a: Groudon
|move|p2a: 럭키|Wish|p2a: 럭키
|
|-weather|DesolateLand|[upkeep]
|upkeep
|turn|50
|
|t:|1667215504
|move|p1a: Groudon|Precipice Blades|p2a: 럭키
|-damage|p2a: 럭키|13/100
|move|p2a: 럭키|Toxic|p1a: Groudon
|-status|p1a: Groudon|tox
|
|-weather|DesolateLand|[upkeep]
|-heal|p2a: 럭키|63/100|[from] move: Wish|[wisher] 럭키
|-damage|p1a: Groudon|78/100 tox|[from] psn
|upkeep
|turn|51
|
|t:|1667215518
|switch|p2a: 악르세우스|Arceus-Dark|96/100
|move|p1a: Groudon|Precipice Blades|p2a: 악르세우스
|-damage|p2a: 악르세우스|47/100
|
|-weather|DesolateLand|[upkeep]
|-damage|p1a: Groudon|65/100 tox|[from] psn
|upkeep
|turn|52
|
|t:|1667215523
|move|p2a: 악르세우스|Recover|p2a: 악르세우스
|-heal|p2a: 악르세우스|97/100
|move|p1a: Groudon|Precipice Blades|p2a: 악르세우스
|-damage|p2a: 악르세우스|40/100
|
|-weather|DesolateLand|[upkeep]
|-damage|p1a: Groudon|47/100 tox|[from] psn
|upkeep
|turn|53
|
|t:|1667215527
|-weather|none
|switch|p1a: Zacian|Zacian-Crowned|74/100
|-ability|p1a: Zacian|Intrepid Sword|boost
|-boost|p1a: Zacian|atk|1
|move|p2a: 악르세우스|Recover|p2a: 악르세우스
|-heal|p2a: 악르세우스|90/100
|
|upkeep
|turn|54
|
|t:|1667215533
|switch|p2a: 그란돈|Groudon-Primal|86/100
|-weather|DesolateLand|[from] ability: Desolate Land|[of] p2a: 그란돈
|move|p1a: Zacian|Behemoth Blade|p2a: 그란돈
|-resisted|p2a: 그란돈
|-damage|p2a: 그란돈|60/100
|
|-weather|DesolateLand|[upkeep]
|upkeep
|turn|55
|
|t:|1667215539
|switch|p1a: Giratina|Giratina-Origin|100/100
|move|p2a: 그란돈|Fire Punch|p1a: Giratina
|-resisted|p1a: Giratina
|-damage|p1a: Giratina|80/100
|
|-weather|DesolateLand|[upkeep]
|upkeep
|turn|56
|
|t:|1667215546
|-weather|none
|switch|p2a: 악르세우스|Arceus-Dark|90/100
|move|p1a: Giratina|Earthquake|p2a: 악르세우스
|-damage|p2a: 악르세우스|71/100
|
|upkeep
|turn|57
|
|t:|1667215570
|switch|p1a: Arceus|Arceus-Steel|100/100
|move|p2a: 악르세우스|Judgment|p1a: Arceus
|-damage|p1a: Arceus|70/100
|
|upkeep
|turn|58
|inactive|Battle timer is ON: inactive players will automatically lose when time's up. (requested by kasak)
|
|t:|1667215589
|switch|p2a: 메타몽|Ditto|100/100
|-transform|p2a: 메타몽|p1a: Arceus|[from] ability: Imposter
|move|p1a: Arceus|Toxic|p2a: 메타몽
|-immune|p2a: 메타몽
|
|upkeep
|turn|59
|
|t:|1667215611
|switch|p2a: 악르세우스|Arceus-Dark|71/100
|move|p1a: Arceus|Recover|p1a: Arceus
|-heal|p1a: Arceus|100/100
|
|upkeep
|turn|60
|
|t:|1667215621
|switch|p2a: 그란돈|Groudon-Primal|60/100
|-weather|DesolateLand|[from] ability: Desolate Land|[of] p2a: 그란돈
|move|p1a: Arceus|Earthquake|p2a: 그란돈
|-supereffective|p2a: 그란돈
|-damage|p2a: 그란돈|28/100
|
|-weather|DesolateLand|[upkeep]
|upkeep
|turn|61
|
|t:|1667215628
|switch|p1a: Giratina|Giratina-Origin|80/100
|-weather|none
|switch|p2a: 럭키|Chansey, F|63/100
|
|upkeep
|turn|62
|
|t:|1667215632
|move|p1a: Giratina|Toxic|p2a: 럭키
|-status|p2a: 럭키|tox
|move|p2a: 럭키|Wish|p2a: 럭키
|
|-damage|p2a: 럭키|57/100 tox|[from] psn
|upkeep
|turn|63
|
|t:|1667215637
|switch|p1a: Arceus|Arceus-Steel|100/100
|-curestatus|p2a: 럭키|tox|[from] ability: Natural Cure
|switch|p2a: 그란돈|Groudon-Primal|28/100
|-weather|DesolateLand|[from] ability: Desolate Land|[of] p2a: 그란돈
|
|-weather|DesolateLand|[upkeep]
|-heal|p2a: 그란돈|100/100|[from] move: Wish|[wisher] 럭키
|upkeep
|turn|64
|
|t:|1667215644
|switch|p1a: Giratina|Giratina-Origin|80/100
|-weather|none
|switch|p2a: 럭키|Chansey, F|57/100
|
|upkeep
|turn|65
|
|t:|1667215652
|move|p1a: Giratina|Toxic|p2a: 럭키
|-status|p2a: 럭키|tox
|move|p2a: 럭키|Wish|p2a: 럭키
|
|-damage|p2a: 럭키|50/100 tox|[from] psn
|upkeep
|turn|66
|
|t:|1667215655
|move|p1a: Giratina|Toxic|p2a: 럭키
|-fail|p2a: 럭키|tox
|move|p2a: 럭키|Toxic|p1a: Giratina
|-status|p1a: Giratina|tox
|
|-heal|p2a: 럭키|99/100 tox|[from] move: Wish|[wisher] 럭키
|-damage|p1a: Giratina|74/100 tox|[from] psn
|-damage|p2a: 럭키|88/100 tox|[from] psn
|upkeep
|turn|67
|
|t:|1667215660
|move|p1a: Giratina|Rest|p1a: Giratina
|-status|p1a: Giratina|slp|[from] move: Rest
|-heal|p1a: Giratina|100/100 slp|[silent]
|move|p2a: 럭키|Wish|p2a: 럭키
|
|-damage|p2a: 럭키|69/100 tox|[from] psn
|upkeep
|turn|68
|
|t:|1667215663
|-curestatus|p2a: 럭키|tox|[from] ability: Natural Cure
|switch|p2a: 악르세우스|Arceus-Dark|71/100
|cant|p1a: Giratina|slp
|
|-heal|p2a: 악르세우스|100/100|[from] move: Wish|[wisher] 럭키
|upkeep
|turn|69
|
|t:|1667215669
|switch|p2a: 그란돈|Groudon-Primal|100/100
|-weather|DesolateLand|[from] ability: Desolate Land|[of] p2a: 그란돈
|switch|p1a: Arceus|Arceus-Steel|100/100
|
|-weather|DesolateLand|[upkeep]
|upkeep
|turn|70
|
|t:|1667215674
|switch|p1a: Giratina|Giratina-Origin|100/100 slp
|-weather|none
|switch|p2a: 럭키|Chansey, F|69/100
|
|upkeep
|turn|71
|
|t:|1667215679
|cant|p1a: Giratina|slp
|move|p2a: 럭키|Wish|p2a: 럭키
|
|upkeep
|turn|72
|
|t:|1667215684
|-curestatus|p1a: Giratina|slp|[msg]
|move|p1a: Giratina|Toxic|p2a: 럭키
|-status|p2a: 럭키|tox
|move|p2a: 럭키|Toxic|p1a: Giratina
|-status|p1a: Giratina|tox
|
|-heal|p2a: 럭키|100/100 tox|[from] move: Wish|[wisher] 럭키
|-damage|p1a: Giratina|94/100 tox|[from] psn
|-damage|p2a: 럭키|94/100 tox|[from] psn
|upkeep
|turn|73
|
|t:|1667215690
|move|p1a: Giratina|Rest|p1a: Giratina
|-status|p1a: Giratina|slp|[from] move: Rest
|-heal|p1a: Giratina|100/100 slp|[silent]
|move|p2a: 럭키|Wish|p2a: 럭키
|
|-damage|p2a: 럭키|82/100 tox|[from] psn
|upkeep
|turn|74
|
|t:|1667215696
|-curestatus|p2a: 럭키|tox|[from] ability: Natural Cure
|switch|p2a: 그란돈|Groudon-Primal|100/100
|-weather|DesolateLand|[from] ability: Desolate Land|[of] p2a: 그란돈
|cant|p1a: Giratina|slp
|
|-weather|DesolateLand|[upkeep]
|upkeep
|turn|75
|
|t:|1667215700
|move|p2a: 그란돈|Rock Tomb|p1a: Giratina
|-damage|p1a: Giratina|86/100 slp
|-unboost|p1a: Giratina|spe|1
|cant|p1a: Giratina|slp
|
|-weather|DesolateLand|[upkeep]
|upkeep
|turn|76
|
|t:|1667215703
|-weather|none
|switch|p2a: 악르세우스|Arceus-Dark|100/100
|-curestatus|p1a: Giratina|slp|[msg]
|move|p1a: Giratina|Toxic|p2a: 악르세우스
|-status|p2a: 악르세우스|tox
|
|-damage|p2a: 악르세우스|94/100 tox|[from] psn
|upkeep
|turn|77
|
|t:|1667215709
|move|p1a: Giratina|Protect|p1a: Giratina
|-singleturn|p1a: Giratina|Protect
|move|p2a: 악르세우스|Refresh|p2a: 악르세우스
|-curestatus|p2a: 악르세우스|tox|[msg]
|
|upkeep
|turn|78
|
|t:|1667215713
|move|p2a: 악르세우스|Calm Mind|p2a: 악르세우스
|-boost|p2a: 악르세우스|spa|1
|-boost|p2a: 악르세우스|spd|1
|move|p1a: Giratina|Toxic|p2a: 악르세우스
|-status|p2a: 악르세우스|tox
|
|-damage|p2a: 악르세우스|88/100 tox|[from] psn
|upkeep
|turn|79
|
|t:|1667215716
|switch|p1a: Arceus|Arceus-Steel|100/100
|move|p2a: 악르세우스|Judgment|p1a: Arceus
|-damage|p1a: Arceus|55/100
|
|-damage|p2a: 악르세우스|76/100 tox|[from] psn
|upkeep
|turn|80
|
|t:|1667215720
|move|p2a: 악르세우스|Refresh|p2a: 악르세우스
|-curestatus|p2a: 악르세우스|tox|[msg]
|move|p1a: Arceus|Recover|p1a: Arceus
|-heal|p1a: Arceus|100/100
|
|upkeep
|turn|81
|
|t:|1667215724
|switch|p2a: 럭키|Chansey, F|82/100
|move|p1a: Arceus|Cosmic Power|p1a: Arceus
|-boost|p1a: Arceus|def|1
|-boost|p1a: Arceus|spd|1
|
|upkeep
|turn|82
|
|t:|1667215729
|move|p1a: Arceus|Toxic|p2a: 럭키
|-status|p2a: 럭키|tox
|move|p2a: 럭키|Wish|p2a: 럭키
|
|-damage|p2a: 럭키|76/100 tox|[from] psn
|upkeep
|turn|83
|
|t:|1667215734
|switch|p1a: Zacian|Zacian-Crowned|74/100
|-ability|p1a: Zacian|Intrepid Sword|boost
|-boost|p1a: Zacian|atk|1
|-curestatus|p2a: 럭키|tox|[from] ability: Natural Cure
|switch|p2a: 악르세우스|Arceus-Dark|76/100
|
|-heal|p2a: 악르세우스|100/100|[from] move: Wish|[wisher] 럭키
|upkeep
|turn|84
|
|t:|1667215743
|switch|p2a: 그란돈|Groudon-Primal|100/100
|-weather|DesolateLand|[from] ability: Desolate Land|[of] p2a: 그란돈
|move|p1a: Zacian|Behemoth Blade|p2a: 그란돈
|-resisted|p2a: 그란돈
|-damage|p2a: 그란돈|71/100
|
|-weather|DesolateLand|[upkeep]
|upkeep
|turn|85
|
|t:|1667215750
|switch|p1a: Giratina|Giratina-Origin|86/100
|move|p2a: 그란돈|Swords Dance|p2a: 그란돈
|-boost|p2a: 그란돈|atk|2
|
|-weather|DesolateLand|[upkeep]
|upkeep
|turn|86
|
|t:|1667215754
|move|p2a: 그란돈|Fire Punch|p1a: Giratina
|-resisted|p1a: Giratina
|-damage|p1a: Giratina|45/100
|move|p1a: Giratina|Toxic|p2a: 그란돈
|-status|p2a: 그란돈|tox
|
|-weather|DesolateLand|[upkeep]
|-damage|p2a: 그란돈|65/100 tox|[from] psn
|upkeep
|turn|87
|
|t:|1667215759
|move|p1a: Giratina|Protect|p1a: Giratina
|-singleturn|p1a: Giratina|Protect
|move|p2a: 그란돈|Fire Punch|p1a: Giratina
|-activate|p1a: Giratina|move: Protect
|
|-weather|DesolateLand|[upkeep]
|-damage|p2a: 그란돈|53/100 tox|[from] psn
|upkeep
|turn|88
|
|t:|1667215763
|-weather|none
|switch|p2a: 럭키|Chansey, F|76/100
|move|p1a: Giratina|Rest|p1a: Giratina
|-status|p1a: Giratina|slp|[from] move: Rest
|-heal|p1a: Giratina|100/100 slp|[silent]
|
|upkeep
|turn|89
|
|t:|1667215768
|switch|p1a: Arceus|Arceus-Steel|100/100
|move|p2a: 럭키|Wish|p2a: 럭키
|
|upkeep
|turn|90
|
|t:|1667215778
|switch|p2a: 그란돈|Groudon-Primal|53/100 tox
|-weather|DesolateLand|[from] ability: Desolate Land|[of] p2a: 그란돈
|move|p1a: Arceus|Cosmic Power|p1a: Arceus
|-boost|p1a: Arceus|def|1
|-boost|p1a: Arceus|spd|1
|
|-weather|DesolateLand|[upkeep]
|-heal|p2a: 그란돈|100/100 tox|[from] move: Wish|[wisher] 럭키
|-damage|p2a: 그란돈|94/100 tox|[from] psn
|upkeep
|turn|91
|
|t:|1667215784
|switch|p1a: Giratina|Giratina-Origin|100/100 slp
|-weather|none
|switch|p2a: 악르세우스|Arceus-Dark|100/100
|
|upkeep
|turn|92
|
|t:|1667215791
|switch|p1a: Arceus|Arceus-Steel|100/100
|move|p2a: 악르세우스|Calm Mind|p2a: 악르세우스
|-boost|p2a: 악르세우스|spa|1
|-boost|p2a: 악르세우스|spd|1
|
|upkeep
|turn|93
|
|t:|1667215798
|-start|p2a: 악르세우스|Dynamax|
|-heal|p2a: 악르세우스|100/100|[silent]
|move|p2a: 악르세우스|Max Darkness|p1a: Arceus
|-damage|p1a: Arceus|36/100
|-unboost|p1a: Arceus|spd|1
|move|p1a: Arceus|Cosmic Power|p1a: Arceus
|-boost|p1a: Arceus|def|1
|-boost|p1a: Arceus|spd|1
|
|upkeep
|turn|94
|
|t:|1667215811
|switch|p1a: Groudon|Groudon-Primal|47/100 tox
|-weather|DesolateLand|[from] ability: Desolate Land|[of] p1a: Groudon
|move|p2a: 악르세우스|Max Darkness|p1a: Groudon
|-damage|p1a: Groudon|0 fnt
|faint|p1a: Groudon
|-weather|none
|
|upkeep
|
|t:|1667215813
|switch|p1a: Zacian|Zacian-Crowned|74/100
|-ability|p1a: Zacian|Intrepid Sword|boost
|-boost|p1a: Zacian|atk|1
|turn|95
|
|t:|1667215819
|-end|p2a: 악르세우스|Dynamax
|-heal|p2a: 악르세우스|100/100|[silent]
|switch|p2a: 그란돈|Groudon-Primal|94/100 tox
|-weather|DesolateLand|[from] ability: Desolate Land|[of] p2a: 그란돈
|move|p1a: Zacian|Behemoth Blade|p2a: 그란돈
|-resisted|p2a: 그란돈
|-damage|p2a: 그란돈|67/100 tox
|
|-weather|DesolateLand|[upkeep]
|-damage|p2a: 그란돈|61/100 tox|[from] psn
|upkeep
|turn|96
|
|t:|1667215829
|switch|p1a: Giratina|Giratina-Origin|100/100 slp
|-weather|none
|switch|p2a: 럭키|Chansey, F|76/100
|
|upkeep
|turn|97
|
|t:|1667215831
|switch|p1a: Arceus|Arceus-Steel|36/100
|move|p2a: 럭키|Wish|p2a: 럭키
|
|upkeep
|turn|98
|
|t:|1667215836
|switch|p2a: 그란돈|Groudon-Primal|61/100 tox
|-weather|DesolateLand|[from] ability: Desolate Land|[of] p2a: 그란돈
|move|p1a: Arceus|Recover|p1a: Arceus
|-heal|p1a: Arceus|86/100
|
|-weather|DesolateLand|[upkeep]
|-heal|p2a: 그란돈|100/100 tox|[from] move: Wish|[wisher] 럭키
|-damage|p2a: 그란돈|94/100 tox|[from] psn
|upkeep
|turn|99
|
|t:|1667215841
|switch|p1a: Giratina|Giratina-Origin|100/100 slp
|move|p2a: 그란돈|Fire Punch|p1a: Giratina
|-resisted|p1a: Giratina
|-damage|p1a: Giratina|79/100 slp
|
|-weather|DesolateLand|[upkeep]
|-damage|p2a: 그란돈|82/100 tox|[from] psn
|upkeep
|turn|100
|
|t:|1667215850
|move|p2a: 그란돈|Swords Dance|p2a: 그란돈
|-boost|p2a: 그란돈|atk|2
|cant|p1a: Giratina|slp
|
|-weather|DesolateLand|[upkeep]
|-damage|p2a: 그란돈|63/100 tox|[from] psn
|upkeep
|turn|101
|
|t:|1667215855
|cant|p1a: Giratina|slp
|move|p2a: 그란돈|Fire Punch|p1a: Giratina
|-resisted|p1a: Giratina
|-damage|p1a: Giratina|41/100 slp
|
|-weather|DesolateLand|[upkeep]
|-damage|p2a: 그란돈|38/100 tox|[from] psn
|upkeep
|turn|102
|
|t:|1667215865
|-weather|none
|switch|p2a: 럭키|Chansey, F|76/100
|-curestatus|p1a: Giratina|slp|[msg]
|move|p1a: Giratina|Protect||[still]
|-fail|p1a: Giratina
|
|upkeep
|turn|103
|
|t:|1667215869
|move|p1a: Giratina|Earthquake|p2a: 럭키
|-damage|p2a: 럭키|57/100
|move|p2a: 럭키|Wish|p2a: 럭키
|
|upkeep
|turn|104
|
|t:|1667215881
|switch|p2a: 메타몽|Ditto|100/100
|-transform|p2a: 메타몽|p1a: Giratina|[from] ability: Imposter
|move|p1a: Giratina|Earthquake|p2a: 메타몽
|-immune|p2a: 메타몽|[from] ability: Levitate
|
|upkeep
|turn|105
|
|t:|1667215888
|switch|p2a: 악르세우스|Arceus-Dark|100/100
|move|p1a: Giratina|Rest|p1a: Giratina
|-status|p1a: Giratina|slp|[from] move: Rest
|-heal|p1a: Giratina|100/100 slp|[silent]
|
|upkeep
|turn|106
|
|t:|1667215894
|switch|p2a: 메타몽|Ditto|100/100
|-transform|p2a: 메타몽|p1a: Giratina|[from] ability: Imposter
|switch|p1a: Arceus|Arceus-Steel|86/100
|
|upkeep
|turn|107
|
|t:|1667215901
|switch|p2a: 럭키|Chansey, F|57/100
|switch|p1a: Giratina|Giratina-Origin|100/100 slp
|
|upkeep
|turn|108
|
|t:|1667215919
|switch|p1a: Arceus|Arceus-Steel|86/100
|move|p2a: 럭키|Wish|p2a: 럭키
|
|upkeep
|turn|109
|
|t:|1667215929
|move|p1a: Arceus|Earthquake|p2a: 럭키
|-damage|p2a: 럭키|38/100
|move|p2a: 럭키|Seismic Toss|p1a: Arceus
|-damage|p1a: Arceus|63/100
|
|-heal|p2a: 럭키|88/100|[from] move: Wish|[wisher] 럭키
|upkeep
|turn|110
|
|t:|1667215944
|move|p1a: Arceus|Recover|p1a: Arceus
|-heal|p1a: Arceus|100/100
|move|p2a: 럭키|Wish|p2a: 럭키
|
|upkeep
|turn|111
|
|t:|1667215952
|switch|p1a: Giratina|Giratina-Origin|100/100 slp
|switch|p2a: 그란돈|Groudon-Primal|38/100 tox
|-weather|DesolateLand|[from] ability: Desolate Land|[of] p2a: 그란돈
|
|-weather|DesolateLand|[upkeep]
|-heal|p2a: 그란돈|100/100 tox|[from] move: Wish|[wisher] 럭키
|-damage|p2a: 그란돈|94/100 tox|[from] psn
|upkeep
|turn|112
|
|t:|1667215965
|cant|p1a: Giratina|slp
|move|p2a: 그란돈|Swords Dance|p2a: 그란돈
|-boost|p2a: 그란돈|atk|2
|
|-weather|DesolateLand|[upkeep]
|-damage|p2a: 그란돈|82/100 tox|[from] psn
|upkeep
|turn|113
|
|t:|1667215975
|move|p2a: 그란돈|Fire Punch|p1a: Giratina
|-resisted|p1a: Giratina
|-damage|p1a: Giratina|59/100 slp
|cant|p1a: Giratina|slp
|
|-weather|DesolateLand|[upkeep]
|-damage|p2a: 그란돈|63/100 tox|[from] psn
|upkeep
|turn|114
|
|t:|1667215982
|-weather|none
|switch|p2a: 악르세우스|Arceus-Dark|100/100
|-curestatus|p1a: Giratina|slp|[msg]
|move|p1a: Giratina|Rest|p1a: Giratina
|-status|p1a: Giratina|slp|[from] move: Rest
|-heal|p1a: Giratina|100/100 slp|[silent]
|
|upkeep
|turn|115
|
|t:|1667215988
|switch|p1a: Arceus|Arceus-Steel|100/100
|move|p2a: 악르세우스|Calm Mind|p2a: 악르세우스
|-boost|p2a: 악르세우스|spa|1
|-boost|p2a: 악르세우스|spd|1
|
|upkeep
|turn|116
|
|t:|1667215997
|switch|p2a: 메타몽|Ditto|100/100
|-transform|p2a: 메타몽|p1a: Arceus|[from] ability: Imposter
|move|p1a: Arceus|Cosmic Power|p1a: Arceus
|-boost|p1a: Arceus|def|1
|-boost|p1a: Arceus|spd|1
|
|upkeep
|turn|117
|
|t:|1667216009
|switch|p1a: Giratina|Giratina-Origin|100/100 slp
|move|p2a: 메타몽|Recover||[still]
|-fail|p2a: 메타몽|heal
|
|upkeep
|turn|118
|
|t:|1667216025
|move|p2a: 메타몽|Recover||[still]
|-fail|p2a: 메타몽|heal
|cant|p1a: Giratina|slp
|
|upkeep
|turn|119
|
|t:|1667216033
|move|p2a: 메타몽|Recover||[still]
|-fail|p2a: 메타몽|heal
|cant|p1a: Giratina|slp
|
|upkeep
|turn|120
|inactive|logd203 has 120 seconds left.
|
|t:|1667216066
|switch|p2a: 악르세우스|Arceus-Dark|100/100
|-curestatus|p1a: Giratina|slp|[msg]
|move|p1a: Giratina|Earthquake|p2a: 악르세우스
|-damage|p2a: 악르세우스|81/100
|
|upkeep
|turn|121
|
|t:|1667216081
|switch|p1a: Arceus|Arceus-Steel|100/100
|move|p2a: 악르세우스|Calm Mind|p2a: 악르세우스
|-boost|p2a: 악르세우스|spa|1
|-boost|p2a: 악르세우스|spd|1
|
|upkeep
|turn|122
|
|t:|1667216086
|switch|p2a: 럭키|Chansey, F|88/100
|move|p1a: Arceus|Cosmic Power|p1a: Arceus
|-boost|p1a: Arceus|def|1
|-boost|p1a: Arceus|spd|1
|
|upkeep
|turn|123
|
|t:|1667216090
|switch|p1a: Giratina|Giratina-Origin|100/100
|move|p2a: 럭키|Wish|p2a: 럭키
|
|upkeep
|turn|124
|inactive|logd203 has 120 seconds left.
|c|☆logd203|Friends aren't you tired？
|
|t:|1667216124
|switch|p2a: 그란돈|Groudon-Primal|63/100 tox
|-weather|DesolateLand|[from] ability: Desolate Land|[of] p2a: 그란돈
|move|p1a: Giratina|Toxic|p2a: 그란돈
|-fail|p2a: 그란돈|tox
|
|-weather|DesolateLand|[upkeep]
|-heal|p2a: 그란돈|100/100 tox|[from] move: Wish|[wisher] 럭키
|-damage|p2a: 그란돈|94/100 tox|[from] psn
|upkeep
|turn|125
|
|t:|1667216130
|move|p2a: 그란돈|Swords Dance|p2a: 그란돈
|-boost|p2a: 그란돈|atk|2
|move|p1a: Giratina|Earthquake|p2a: 그란돈
|-supereffective|p2a: 그란돈
|-crit|p2a: 그란돈
|-damage|p2a: 그란돈|49/100 tox
|
|-weather|DesolateLand|[upkeep]
|-damage|p2a: 그란돈|37/100 tox|[from] psn
|upkeep
|turn|126
|
|t:|1667216138
|-weather|none
|switch|p2a: 럭키|Chansey, F|88/100
|move|p1a: Giratina|Toxic|p2a: 럭키
|-status|p2a: 럭키|tox
|
|-damage|p2a: 럭키|82/100 tox|[from] psn
|upkeep
|turn|127
|
|t:|1667216152
|switch|p1a: Zacian|Zacian-Crowned|74/100
|-ability|p1a: Zacian|Intrepid Sword|boost
|-boost|p1a: Zacian|atk|1
|move|p2a: 럭키|Wish|p2a: 럭키
|
|-damage|p2a: 럭키|70/100 tox|[from] psn
|upkeep
|turn|128
|
|t:|1667216163
|move|p1a: Zacian|Sacred Sword|p2a: 럭키
|-supereffective|p2a: 럭키
|-damage|p2a: 럭키|0 fnt
|faint|p2a: 럭키
|
|upkeep
|
|t:|1667216166
|switch|p2a: 메타몽|Ditto|100/100
|-transform|p2a: 메타몽|p1a: Zacian|[from] ability: Imposter
|-ability|p2a: 메타몽|Intrepid Sword|boost
|-boost|p2a: 메타몽|atk|1
|turn|129
|
|t:|1667216189
|switch|p1a: Arceus|Arceus-Steel|100/100
|move|p2a: 메타몽|Sacred Sword|p1a: Arceus
|-supereffective|p1a: Arceus
|-damage|p1a: Arceus|28/100
|
|upkeep
|turn|130
|
|t:|1667216201
|switch|p2a: 악르세우스|Arceus-Dark|81/100
|move|p1a: Arceus|Recover|p1a: Arceus
|-heal|p1a: Arceus|78/100
|
|upkeep
|turn|131
|
|t:|1667216207
|switch|p2a: 메타몽|Ditto|100/100
|-transform|p2a: 메타몽|p1a: Arceus|[from] ability: Imposter
|move|p1a: Arceus|Cosmic Power|p1a: Arceus
|-boost|p1a: Arceus|def|1
|-boost|p1a: Arceus|spd|1
|
|upkeep
|turn|132
|-message|kasak forfeited.
|
|win|logd203
|raw|logd203's rating: 1515 &rarr; <strong>1548</strong><br />(+33 for winning)
|raw|kasak's rating: 1797 &rarr; <strong>1764</strong><br />(-33 for losing)
