|j|☆BigDuckie
|j|☆KarmicRetribution1
|t:|1618848838
|gametype|singles
|player|p1|BigDuckie|clair|1739
|player|p2|KarmicRetribution1|1|1907
|teamsize|p1|6
|teamsize|p2|6
|gen|8
|tier|[Gen 8] National Dex AG
|rated|
|clearpoke
|poke|p1|Groudon|
|poke|p1|Arceus-*|
|poke|p1|Arceus-*|
|poke|p1|Arceus-*|
|poke|p1|Yveltal|
|poke|p1|Ditto|
|poke|p2|Rayquaza|
|poke|p2|Zacian-Crowned|
|poke|p2|Yveltal|
|poke|p2|Xerneas|
|poke|p2|Ho-Oh|
|poke|p2|Ditto|
|rule|HP Percentage Mod: HP is shown in percentages
|rule|Endless Battle Clause: Forcing endless battles is banned
|teampreview
|inactive|Battle timer is ON: inactive players will automatically lose when time's up. (requested by BigDuckie)
|
|t:|1618848860
|start
|switch|p1a: Yveltal|Yveltal|100/100
|switch|p2a: Yveltal|Yveltal|100/100
|-ability|p2a: Yveltal|Dark Aura
|-ability|p1a: Yveltal|Dark Aura
|turn|1
|
|t:|1618848865
|-start|p2a: Yveltal|Dynamax
|-heal|p2a: Yveltal|100/100|[silent]
|move|p2a: Yveltal|Max Airstream|p1a: Yveltal
|-damage|p1a: Yveltal|22/100
|-boost|p2a: Yveltal|spe|1
|-damage|p2a: Yveltal|96/100|[from] item: Life Orb
|move|p1a: Yveltal|Foul Play|p2a: Yveltal
|-resisted|p2a: Yveltal
|-damage|p2a: Yveltal|84/100
|
|upkeep
|turn|2
|
|t:|1618848873
|move|p1a: Yveltal|Sucker Punch|p2a: Yveltal
|-resisted|p2a: Yveltal
|-damage|p2a: Yveltal|76/100
|move|p2a: Yveltal|Max Airstream|p1a: Yveltal
|-damage|p1a: Yveltal|0 fnt
|-boost|p2a: Yveltal|spe|1
|-damage|p2a: Yveltal|71/100|[from] item: Life Orb
|faint|p1a: Yveltal
|
|upkeep
|
|t:|1618848878
|switch|p1a: Arceus|Arceus-Ground|100/100
|turn|3
|
|t:|1618848879
|move|p2a: Yveltal|Max Darkness|p1a: Arceus
|-damage|p1a: Arceus|13/100
|-unboost|p1a: Arceus|spd|1
|-damage|p2a: Yveltal|66/100|[from] item: Life Orb
|move|p1a: Arceus|Thunder Wave|p2a: Yveltal
|-status|p2a: Yveltal|par
|
|-end|p2a: Yveltal|Dynamax
|-heal|p2a: Yveltal|66/100 par|[silent]
|upkeep
|turn|4
|
|t:|1618848885
|cant|p2a: Yveltal|par
|move|p1a: Arceus|Stone Edge|p2a: Yveltal
|-supereffective|p2a: Yveltal
|-damage|p2a: Yveltal|2/100 par
|
|upkeep
|turn|5
|
|t:|1618848890
|cant|p2a: Yveltal|par
|move|p1a: Arceus|Stone Edge|p2a: Yveltal
|-supereffective|p2a: Yveltal
|-damage|p2a: Yveltal|0 fnt
|faint|p2a: Yveltal
|
|upkeep
|
|t:|1618848896
|switch|p2a: Zacian|Zacian-Crowned|100/100
|-ability|p2a: Zacian|Intrepid Sword|boost
|-boost|p2a: Zacian|atk|1
|turn|6
|
|t:|1618848903
|move|p2a: Zacian|Behemoth Blade|p1a: Arceus
|-damage|p1a: Arceus|0 fnt
|faint|p1a: Arceus
|
|upkeep
|
|t:|1618848904
|switch|p1a: Ditto|Ditto|100/100
|-transform|p1a: Ditto|p2a: Zacian|[from] ability: Imposter
|-ability|p1a: Ditto|Intrepid Sword|boost
|-boost|p1a: Ditto|atk|1
|turn|7
|
|t:|1618848911
|switch|p2a: Ho-Oh|Ho-Oh|100/100
|move|p1a: Ditto|Behemoth Blade|p2a: Ho-Oh
|-resisted|p2a: Ho-Oh
|-damage|p2a: Ho-Oh|58/100
|
|upkeep
|turn|8
|
|t:|1618848918
|move|p1a: Ditto|Wild Charge|p2a: Ho-Oh
|-supereffective|p2a: Ho-Oh
|-damage|p2a: Ho-Oh|0 fnt
|-damage|p1a: Ditto|80/100|[from] Recoil
|faint|p2a: Ho-Oh
|
|upkeep
|
|t:|1618848926
|switch|p2a: Rayquaza|Rayquaza|100/100
|-ability|p2a: Rayquaza|Air Lock
|turn|9
|
|t:|1618848931
|switch|p1a: Groudon|Groudon|100/100
|detailschange|p1a: Groudon|Groudon-Primal
|-primal|p1a: Groudon
|-weather|DesolateLand|[from] ability: Desolate Land|[of] p1a: Groudon
|detailschange|p2a: Rayquaza|Rayquaza-Mega
|-mega|p2a: Rayquaza|Rayquaza|
|-weather|DeltaStream|[from] ability: Delta Stream|[of] p2a: Rayquaza
|move|p2a: Rayquaza|Dragon Dance|p2a: Rayquaza
|-boost|p2a: Rayquaza|atk|1
|-boost|p2a: Rayquaza|spe|1
|
|-weather|DeltaStream|[upkeep]
|upkeep
|turn|10
|
|t:|1618848934
|move|p2a: Rayquaza|Dragon Ascent|p1a: Groudon
|-damage|p1a: Groudon|39/100
|-unboost|p2a: Rayquaza|def|1
|-unboost|p2a: Rayquaza|spd|1
|move|p1a: Groudon|Dragon Claw|p2a: Rayquaza
|-supereffective|p2a: Rayquaza
|-damage|p2a: Rayquaza|11/100
|
|-weather|DeltaStream|[upkeep]
|upkeep
|turn|11
|
|t:|1618848941
|move|p2a: Rayquaza|Dragon Ascent|p1a: Groudon
|-damage|p1a: Groudon|0 fnt
|-unboost|p2a: Rayquaza|def|1
|-unboost|p2a: Rayquaza|spd|1
|faint|p1a: Groudon
|
|-weather|DeltaStream|[upkeep]
|upkeep
|
|t:|1618848946
|switch|p1a: Ditto|Ditto|80/100
|-transform|p1a: Ditto|p2a: Rayquaza|[from] ability: Imposter
|turn|12
|
|t:|1618848952
|move|p1a: Ditto|Extreme Speed|p2a: Rayquaza
|-damage|p2a: Rayquaza|0 fnt
|faint|p2a: Rayquaza
|
|-weather|DeltaStream|[upkeep]
|upkeep
|c|☆KarmicRetribution1|off you win the speed tie
|
|t:|1618848963
|switch|p2a: Zacian|Zacian-Crowned|100/100
|-ability|p2a: Zacian|Intrepid Sword|boost
|-boost|p2a: Zacian|atk|1
|turn|13
|
|t:|1618848972
|switch|p2a: Ditto|Ditto|100/100
|move|p1a: Ditto|V-create|p2a: Ditto
|-damage|p2a: Ditto|0 fnt
|-unboost|p1a: Ditto|spe|1
|-unboost|p1a: Ditto|def|1
|-unboost|p1a: Ditto|spd|1
|faint|p2a: Ditto
|
|-weather|DeltaStream|[upkeep]
|upkeep
|
|t:|1618848978
|switch|p2a: Zacian|Zacian-Crowned|100/100
|-ability|p2a: Zacian|Intrepid Sword|boost
|-boost|p2a: Zacian|atk|1
|turn|14
|
|t:|1618848987
|-weather|none
|switch|p1a: Arceus|Arceus-Ground|100/100
|move|p2a: Zacian|Behemoth Blade|p1a: Arceus
|-damage|p1a: Arceus|22/100
|
|upkeep
|turn|15
|
|t:|1618848991
|switch|p2a: Xerneas|Xerneas|100/100
|-ability|p2a: Xerneas|Fairy Aura
|move|p1a: Arceus|Earthquake|p2a: Xerneas
|-damage|p2a: Xerneas|52/100
|
|upkeep
|turn|16
|
|t:|1618849006
|-start|p1a: Arceus|Dynamax
|-heal|p1a: Arceus|22/100|[silent]
|move|p1a: Arceus|Max Quake|p2a: Xerneas
|-damage|p2a: Xerneas|0 fnt
|-boost|p1a: Arceus|spd|1
|faint|p2a: Xerneas
|
|upkeep
|
|t:|1618849011
|switch|p2a: Zacian|Zacian-Crowned|100/100
|-ability|p2a: Zacian|Intrepid Sword|boost
|-boost|p2a: Zacian|atk|1
|turn|17
|
|t:|1618849014
|move|p2a: Zacian|Behemoth Blade|p1a: Arceus
|-damage|p1a: Arceus|0 fnt
|faint|p1a: Arceus
|
|upkeep
|
|t:|1618849017
|switch|p1a: Arceus|Arceus-Ground|100/100
|turn|18
|
|t:|1618849021
|move|p2a: Zacian|Behemoth Blade|p1a: Arceus
|-damage|p1a: Arceus|21/100
|-zpower|p1a: Arceus
|move|p1a: Arceus|Tectonic Rage|p2a: Zacian|[zeffect]
|-supereffective|p2a: Zacian
|-damage|p2a: Zacian|0 fnt
|faint|p2a: Zacian
|
|win|BigDuckie
|raw|BigDuckie's rating: 1739 &rarr; <strong>1768</strong><br />(+29 for winning)
|raw|KarmicRetribution1's rating: 1907 &rarr; <strong>1878</strong><br />(-29 for losing)
|l|☆KarmicRetribution1
|l|☆BigDuckie
|j|☆BigDuckie
|player|p1|BigDuckie|clair
|inactive|Battle timer is ON: inactive players will automatically lose when time's up. (requested by BigDuckie)
||Ladder isn't responding, score probably updated but might not have (Request timeout).
