|j|☆97thPhantom
|j|☆Determewnation
|t:|1653573932
|gametype|singles
|player|p1|97thPhantom|saturn|1503
|player|p2|Determewnation|169|1544
|teamsize|p1|6
|teamsize|p2|6
|gen|8
|tier|[Gen 8] National Dex AG
|rated|
|rule|HP Percentage Mod: HP is shown in percentages
|rule|Endless Battle Clause: Forcing endless battles is banned
|clearpoke
|poke|p1|Ditto|
|poke|p1|Zygarde|
|poke|p1|Calyrex-Shadow|
|poke|p1|Forretress, M|
|poke|p1|Marshadow|
|poke|p1|Rayquaza|
|poke|p2|Gourgeist-*, F|
|poke|p2|Diancie|
|poke|p2|Manaphy|
|poke|p2|Groudon|
|poke|p2|Yveltal|
|poke|p2|Mew|
|teampreview
|inactive|Battle timer is ON: inactive players will automatically lose when time's up. (requested by 97thPhantom)
|
|t:|1653573941
|start
|switch|p1a: Forretress|Forretress, M|100/100
|switch|p2a: Yveltal|Yveltal|100/100
|-ability|p2a: Yveltal|Dark Aura
|turn|1
|
|t:|1653573949
|move|p2a: Yveltal|Knock Off|p1a: Forretress
|-damage|p1a: Forretress|62/100
|-enditem|p1a: Forretress|Leftovers|[from] move: Knock Off|[of] p2a: Yveltal
|move|p1a: Forretress|Stealth Rock|p2a: Yveltal
|-sidestart|p2: Determewnation|move: Stealth Rock
|
|upkeep
|turn|2
|
|t:|1653573959
|switch|p2a: Mew|Mew, shiny|100/100
|-damage|p2a: Mew|88/100|[from] Stealth Rock
|move|p1a: Forretress|Counter||[still]
|-fail|p1a: Forretress
|
|upkeep
|turn|3
|
|t:|1653573966
|move|p2a: Mew|Taunt|p1a: Forretress
|-start|p1a: Forretress|move: Taunt
|cant|p1a: Forretress|move: Taunt|Toxic Spikes
|
|upkeep
|turn|4
|
|t:|1653573984
|switch|p1a: Immortal Snake|Zygarde, shiny|100/100
|move|p2a: Mew|Defog|p1a: Immortal Snake
|-unboost|p1a: Immortal Snake|evasion|1
|-sideend|p2: Determewnation|Stealth Rock|[from] move: Defog|[of] p2a: Mew
|
|upkeep
|turn|5
|
|t:|1653574001
|switch|p2a: Gourgeist|Gourgeist-Super, F, shiny|100/100
|-item|p1a: Immortal Snake|Leftovers|[from] ability: Frisk|[of] p2a: Gourgeist|[identify]
|move|p1a: Immortal Snake|Coil|p1a: Immortal Snake
|-boost|p1a: Immortal Snake|atk|1
|-boost|p1a: Immortal Snake|def|1
|-boost|p1a: Immortal Snake|accuracy|1
|
|upkeep
|turn|6
|
|t:|1653574013
|-start|p1a: Immortal Snake|Dynamax|
|-heal|p1a: Immortal Snake|100/100|[silent]
|move|p1a: Immortal Snake|Max Quake|p2a: Gourgeist
|-resisted|p2a: Gourgeist
|-damage|p2a: Gourgeist|80/100
|-boost|p1a: Immortal Snake|spd|1
|move|p2a: Gourgeist|Will-O-Wisp|p1a: Immortal Snake
|-status|p1a: Immortal Snake|brn
|
|-heal|p2a: Gourgeist|86/100|[from] item: Leftovers
|-damage|p1a: Immortal Snake|97/100 brn|[from] brn
|upkeep
|turn|7
|
|t:|1653574028
|move|p1a: Immortal Snake|Max Quake|p2a: Gourgeist
|-resisted|p2a: Gourgeist
|-damage|p2a: Gourgeist|76/100
|-boost|p1a: Immortal Snake|spd|1
|move|p2a: Gourgeist|Power Whip|p1a: Immortal Snake
|-damage|p1a: Immortal Snake|88/100 brn
|
|-heal|p1a: Immortal Snake|91/100 brn|[from] item: Leftovers
|-heal|p2a: Gourgeist|82/100|[from] item: Leftovers
|-damage|p1a: Immortal Snake|88/100 brn|[from] brn
|upkeep
|turn|8
|
|t:|1653574040
|move|p1a: Immortal Snake|Max Quake|p2a: Gourgeist
|-resisted|p2a: Gourgeist
|-damage|p2a: Gourgeist|72/100
|-boost|p1a: Immortal Snake|spd|1
|move|p2a: Gourgeist|Power Whip|p1a: Immortal Snake
|-damage|p1a: Immortal Snake|79/100 brn
|
|-heal|p1a: Immortal Snake|82/100 brn|[from] item: Leftovers
|-heal|p2a: Gourgeist|79/100|[from] item: Leftovers
|-damage|p1a: Immortal Snake|79/100 brn|[from] brn
|upkeep
|-end|p1a: Immortal Snake|Dynamax
|-heal|p1a: Immortal Snake|79/100 brn|[silent]
|turn|9
|
|t:|1653574055
|move|p1a: Immortal Snake|Coil|p1a: Immortal Snake
|-boost|p1a: Immortal Snake|atk|1
|-boost|p1a: Immortal Snake|def|1
|-boost|p1a: Immortal Snake|accuracy|1
|move|p2a: Gourgeist|Power Whip|p1a: Immortal Snake
|-damage|p1a: Immortal Snake|64/100 brn
|
|-heal|p1a: Immortal Snake|71/100 brn|[from] item: Leftovers
|-heal|p2a: Gourgeist|85/100|[from] item: Leftovers
|-damage|p1a: Immortal Snake|64/100 brn|[from] brn
|upkeep
|turn|10
|
|t:|1653574067
|switch|p2a: Manaphy|Manaphy|100/100
|move|p1a: Immortal Snake|Coil|p1a: Immortal Snake
|-boost|p1a: Immortal Snake|atk|1
|-boost|p1a: Immortal Snake|def|1
|-boost|p1a: Immortal Snake|accuracy|1
|
|-heal|p1a: Immortal Snake|71/100 brn|[from] item: Leftovers
|-damage|p1a: Immortal Snake|64/100 brn|[from] brn
|upkeep
|turn|11
|inactive|97thPhantom has 120 seconds left.
|
|t:|1653574097
|switch|p1a: 2 for 1 Deal|Calyrex-Shadow|100/100
|-ability|p1a: 2 for 1 Deal|As One
|-ability|p1a: 2 for 1 Deal|Unnerve
|move|p2a: Manaphy|Heart Swap|p1a: 2 for 1 Deal
|-swapboost|p2a: Manaphy|p1a: 2 for 1 Deal|[from] move: Heart Swap
|
|upkeep
|turn|12
|inactive|97thPhantom has 120 seconds left.
|
|t:|1653574113
|switch|p2a: Yveltal|Yveltal|100/100
|-ability|p2a: Yveltal|Dark Aura
|move|p1a: 2 for 1 Deal|Astral Barrage|p2a: Yveltal
|-resisted|p2a: Yveltal
|-damage|p2a: Yveltal|68/100
|
|upkeep
|turn|13
|
|t:|1653574132
|move|p2a: Yveltal|Knock Off|p1a: 2 for 1 Deal
|-supereffective|p1a: 2 for 1 Deal
|-enditem|p1a: 2 for 1 Deal|Focus Sash
|-damage|p1a: 2 for 1 Deal|1/100
|move|p1a: 2 for 1 Deal|Draining Kiss|p2a: Yveltal
|-supereffective|p2a: Yveltal
|-damage|p2a: Yveltal|33/100
|-heal|p1a: 2 for 1 Deal|31/100|[from] drain|[of] p2a: Yveltal
|
|upkeep
|turn|14
|
|t:|1653574144
|switch|p1a: Immortal Snake|Zygarde, shiny|64/100 brn
|move|p2a: Yveltal|Knock Off|p1a: Immortal Snake
|-damage|p1a: Immortal Snake|19/100 brn
|-enditem|p1a: Immortal Snake|Leftovers|[from] move: Knock Off|[of] p2a: Yveltal
|
|-damage|p1a: Immortal Snake|12/100 brn|[from] brn
|-activate|p1a: Immortal Snake|ability: Power Construct
|detailschange|p1a: Immortal Snake|Zygarde-Complete, shiny
|-heal|p1a: Immortal Snake|42/100 brn|[silent]
|upkeep
|turn|15
|
|t:|1653574157
|switch|p2a: Gourgeist|Gourgeist-Super, F, shiny|85/100
|move|p1a: Immortal Snake|Rest|p1a: Immortal Snake
|-status|p1a: Immortal Snake|slp|[from] move: Rest
|-heal|p1a: Immortal Snake|100/100 slp|[silent]
|
|-heal|p2a: Gourgeist|91/100|[from] item: Leftovers
|upkeep
|turn|16
|
|t:|1653574167
|cant|p1a: Immortal Snake|slp
|move|p1a: Immortal Snake|Sleep Talk|p1a: Immortal Snake
|move|p1a: Immortal Snake|Thousand Arrows|p2a: Gourgeist|[from]move: Sleep Talk
|-resisted|p2a: Gourgeist
|-damage|p2a: Gourgeist|83/100
|move|p2a: Gourgeist|Poltergeist||[still]
|-fail|p2a: Gourgeist
|
|-heal|p2a: Gourgeist|89/100|[from] item: Leftovers
|upkeep
|turn|17
|
|t:|1653574188
|switch|p2a: Manaphy|Manaphy|100/100
|cant|p1a: Immortal Snake|slp
|move|p1a: Immortal Snake|Sleep Talk|p1a: Immortal Snake
|move|p1a: Immortal Snake|Rest||[from]move: Sleep Talk|[still]
|-fail|p1a: Immortal Snake
|
|upkeep
|turn|18
|
|t:|1653574198
|move|p2a: Manaphy|Tail Glow|p2a: Manaphy
|-boost|p2a: Manaphy|spa|3
|-curestatus|p1a: Immortal Snake|slp|[msg]
|move|p1a: Immortal Snake|Thousand Arrows|p2a: Manaphy
|-damage|p2a: Manaphy|70/100
|
|upkeep
|turn|19
|
|t:|1653574210
|move|p2a: Manaphy|Ice Beam|p1a: Immortal Snake
|-supereffective|p1a: Immortal Snake
|-damage|p1a: Immortal Snake|0 fnt
|faint|p1a: Immortal Snake
|
|upkeep
|
|t:|1653574215
|switch|p1a: Ditto|Ditto|100/100
|-transform|p1a: Ditto|p2a: Manaphy|[from] ability: Imposter
|turn|20
|
|t:|1653574238
|move|p1a: Ditto|Surf|p2a: Manaphy
|-resisted|p2a: Manaphy
|-damage|p2a: Manaphy|24/100
|move|p2a: Manaphy|Surf|p1a: Ditto
|-resisted|p1a: Ditto
|-damage|p1a: Ditto|43/100
|
|upkeep
|turn|21
|
|t:|1653574246
|switch|p2a: Groudon|Groudon|100/100
|detailschange|p2a: Groudon|Groudon-Primal
|-primal|p2a: Groudon
|-weather|DesolateLand|[from] ability: Desolate Land|[of] p2a: Groudon
|move|p1a: Ditto|Surf||[still]
|-fail|p1a: Ditto|Surf|[from] Desolate Land
|
|-weather|DesolateLand|[upkeep]
|upkeep
|turn|22
|
|t:|1653574259
|switch|p1a: Rayquaza|Rayquaza|100/100
|-ability|p1a: Rayquaza|Air Lock
|move|p2a: Groudon|Stone Edge|p1a: Rayquaza
|-supereffective|p1a: Rayquaza
|-damage|p1a: Rayquaza|5/100
|
|-weather|DesolateLand|[upkeep]
|-heal|p1a: Rayquaza|11/100|[from] item: Leftovers
|upkeep
|turn|23
|inactive|97thPhantom has 90 seconds left.
|
|t:|1653574303
|-weather|none
|switch|p2a: Manaphy|Manaphy|24/100
|detailschange|p1a: Rayquaza|Rayquaza-Mega
|-mega|p1a: Rayquaza|Rayquaza|
|-weather|DeltaStream|[from] ability: Delta Stream|[of] p1a: Rayquaza
|move|p1a: Rayquaza|Outrage|p2a: Manaphy
|-damage|p2a: Manaphy|0 fnt
|faint|p2a: Manaphy
|
|-weather|DeltaStream|[upkeep]
|-heal|p1a: Rayquaza|17/100|[from] item: Leftovers
|upkeep
|
|t:|1653574309
|switch|p2a: Diancie|Diancie|100/100
|turn|24
|
|t:|1653574320
|move|p1a: Rayquaza|Outrage|p2a: Diancie|[from]lockedmove
|-immune|p2a: Diancie
|-start|p1a: Rayquaza|confusion|[fatigue]
|move|p2a: Diancie|Encore|p1a: Rayquaza
|-start|p1a: Rayquaza|Encore
|
|-weather|DeltaStream|[upkeep]
|-heal|p1a: Rayquaza|23/100|[from] item: Leftovers
|upkeep
|turn|25
|inactive|97thPhantom has 60 seconds left.
|
|t:|1653574350
|-weather|none
|switch|p1a: 2 for 1 Deal|Calyrex-Shadow|31/100
|-ability|p1a: 2 for 1 Deal|As One
|-ability|p1a: 2 for 1 Deal|Unnerve
|detailschange|p2a: Diancie|Diancie-Mega
|-mega|p2a: Diancie|Diancie|Diancite
|move|p2a: Diancie|Moonblast|p1a: 2 for 1 Deal
|-damage|p1a: 2 for 1 Deal|0 fnt
|faint|p1a: 2 for 1 Deal
|
|upkeep
|inactive|97thPhantom has 60 seconds left.
|
|t:|1653574363
|switch|p1a: Marshadow|Marshadow|100/100
|turn|26
|
|t:|1653574367
|move|p1a: Marshadow|Close Combat|p2a: Diancie
|-damage|p2a: Diancie|15/100
|-unboost|p1a: Marshadow|def|1
|-unboost|p1a: Marshadow|spd|1
|move|p2a: Diancie|Moonblast|p1a: Marshadow
|-supereffective|p1a: Marshadow
|-enditem|p1a: Marshadow|Focus Sash
|-damage|p1a: Marshadow|1/100
|
|upkeep
|turn|27
|
|t:|1653574378
|move|p1a: Marshadow|Close Combat|p2a: Diancie
|-damage|p2a: Diancie|0 fnt
|-unboost|p1a: Marshadow|def|1
|-unboost|p1a: Marshadow|spd|1
|faint|p2a: Diancie
|
|upkeep
|
|t:|1653574380
|switch|p2a: Yveltal|Yveltal|33/100
|-ability|p2a: Yveltal|Dark Aura
|turn|28
|inactive|97thPhantom has 60 seconds left.
|
|t:|1653574410
|move|p2a: Yveltal|Knock Off|p1a: Marshadow
|-damage|p1a: Marshadow|0 fnt
|faint|p1a: Marshadow
|
|upkeep
|
|t:|1653574418
|switch|p1a: Forretress|Forretress, M|62/100
|turn|29
|
|t:|1653574425
|switch|p2a: Mew|Mew, shiny|88/100
|move|p1a: Forretress|Counter||[still]
|-fail|p1a: Forretress
|
|upkeep
|turn|30
|
|t:|1653574432
|move|p2a: Mew|Taunt|p1a: Forretress
|-start|p1a: Forretress|move: Taunt
|move|p1a: Forretress|Rapid Spin|p2a: Mew
|-crit|p2a: Mew
|-damage|p2a: Mew|75/100
|-boost|p1a: Forretress|spe|1
|
|upkeep
|turn|31
|
|t:|1653574446
|switch|p2a: Gourgeist|Gourgeist-Super, F, shiny|89/100
|move|p1a: Forretress|Rapid Spin|p2a: Gourgeist
|-immune|p2a: Gourgeist
|
|-heal|p2a: Gourgeist|95/100|[from] item: Leftovers
|upkeep
|turn|32
|
|t:|1653574458
|switch|p1a: Rayquaza|Rayquaza-Mega|23/100
|-weather|DeltaStream|[from] ability: Delta Stream|[of] p1a: Rayquaza
|move|p2a: Gourgeist|Will-O-Wisp|p1a: Rayquaza
|-status|p1a: Rayquaza|brn
|
|-weather|DeltaStream|[upkeep]
|-heal|p1a: Rayquaza|29/100 brn|[from] item: Leftovers
|-heal|p2a: Gourgeist|100/100|[from] item: Leftovers
|-damage|p1a: Rayquaza|23/100 brn|[from] brn
|upkeep
|turn|33
|
|t:|1653574471
|move|p1a: Rayquaza|Dragon Ascent|p2a: Gourgeist
|-supereffective|p2a: Gourgeist
|-damage|p2a: Gourgeist|55/100
|-unboost|p1a: Rayquaza|def|1
|-unboost|p1a: Rayquaza|spd|1
|move|p2a: Gourgeist|Poltergeist|p1a: Rayquaza
|-activate|p1a: Rayquaza|move: Poltergeist|Leftovers
|-damage|p1a: Rayquaza|0 fnt
|faint|p1a: Rayquaza
|-weather|none
|
|-heal|p2a: Gourgeist|61/100|[from] item: Leftovers
|upkeep
|
|t:|1653574484
|switch|p1a: Ditto|Ditto|43/100
|-transform|p1a: Ditto|p2a: Gourgeist|[from] ability: Imposter
|-item|p2a: Gourgeist|Leftovers|[from] ability: Frisk|[of] p1a: Ditto|[identify]
|turn|34
|-message|97thPhantom forfeited.
|
|win|Determewnation
|raw|97thPhantom's rating: 1503 &rarr; <strong>1485</strong><br />(-18 for losing)
|raw|Determewnation's rating: 1544 &rarr; <strong>1562</strong><br />(+18 for winning)
|l|☆97thPhantom
