|j|☆xChamped
|j|☆Defensive0
|t:|1666866534
|gametype|singles
|player|p1|xChamped|102|1593
|player|p2|Defensive0|riley|1886
|teamsize|p1|6
|teamsize|p2|6
|gen|8
|tier|[Gen 8] National Dex AG
|rated|
|rule|HP Percentage Mod: HP is shown in percentages
|rule|Endless Battle Clause: Forcing endless battles is banned
|clearpoke
|poke|p1|Groudon|
|poke|p1|Ditto|
|poke|p1|Necrozma-Dusk-Mane|
|poke|p1|Ho-Oh|
|poke|p1|Chansey, F|
|poke|p1|Kyogre|
|poke|p2|Kyogre|
|poke|p2|Zacian-*|
|poke|p2|Ditto|
|poke|p2|Arceus-*|
|poke|p2|Groudon|
|poke|p2|Arceus-*|
|teampreview
|inactive|Battle timer is ON: inactive players will automatically lose when time's up. (requested by Defensive0)
|
|t:|1666866545
|start
|switch|p1a: Kyogre|Kyogre|100/100
|switch|p2a: Groudon|Groudon|100/100
|detailschange|p1a: Kyogre|Kyogre-Primal
|-primal|p1a: Kyogre
|-weather|PrimordialSea|[from] ability: Primordial Sea|[of] p1a: Kyogre
|detailschange|p2a: Groudon|Groudon-Primal
|-primal|p2a: Groudon
|-weather|DesolateLand|[from] ability: Desolate Land|[of] p2a: Groudon
|turn|1
|
|t:|1666866555
|switch|p1a: Ho-Oh|Ho-Oh|100/100
|move|p2a: Groudon|Stealth Rock|p1a: Ho-Oh
|-sidestart|p1: xChamped|move: Stealth Rock
|
|-weather|DesolateLand|[upkeep]
|upkeep
|turn|2
|
|t:|1666866562
|-weather|none
|switch|p2a: Kyogre|Kyogre|100/100
|-weather|RainDance|[from] ability: Drizzle|[of] p2a: Kyogre
|move|p1a: Ho-Oh|Defog|p2a: Kyogre
|-unboost|p2a: Kyogre|evasion|1
|-sideend|p1: xChamped|Stealth Rock|[from] move: Defog|[of] p1a: Ho-Oh
|
|-weather|RainDance|[upkeep]
|upkeep
|turn|3
|
|t:|1666866568
|switch|p1a: Chansey|Chansey, F|100/100
|move|p2a: Kyogre|Ice Beam|p1a: Chansey
|-damage|p1a: Chansey|89/100
|
|-weather|RainDance|[upkeep]
|upkeep
|turn|4
|
|t:|1666866580
|switch|p2a: Zacian|Zacian, shiny|100/100
|-ability|p2a: Zacian|Intrepid Sword|boost
|-boost|p2a: Zacian|atk|1
|switch|p1a: Necrozma|Necrozma-Dusk-Mane|100/100
|
|-weather|RainDance|[upkeep]
|upkeep
|turn|5
|
|t:|1666866591
|switch|p2a: Groudon|Groudon-Primal|100/100
|-weather|DesolateLand|[from] ability: Desolate Land|[of] p2a: Groudon
|move|p1a: Necrozma|Sunsteel Strike|p2a: Groudon
|-resisted|p2a: Groudon
|-damage|p2a: Groudon|90/100
|
|-weather|DesolateLand|[upkeep]
|upkeep
|turn|6
|
|t:|1666866595
|switch|p1a: Kyogre|Kyogre-Primal|100/100
|-weather|PrimordialSea|[from] ability: Primordial Sea|[of] p1a: Kyogre
|move|p2a: Groudon|Stealth Rock|p1a: Kyogre
|-sidestart|p1: xChamped|move: Stealth Rock
|
|-weather|PrimordialSea|[upkeep]
|upkeep
|turn|7
|
|t:|1666866603
|switch|p2a: Arceus|Arceus-Fairy|100/100
|move|p1a: Kyogre|Scald|p2a: Arceus
|-damage|p2a: Arceus|68/100
|
|-weather|PrimordialSea|[upkeep]
|upkeep
|turn|8
|
|t:|1666866611
|-weather|none
|switch|p1a: Ho-Oh|Ho-Oh|100/100
|move|p2a: Arceus|Toxic|p1a: Ho-Oh
|-status|p1a: Ho-Oh|tox
|
|-damage|p1a: Ho-Oh|94/100 tox|[from] psn
|upkeep
|turn|9
|
|t:|1666866617
|switch|p2a: Kyogre|Kyogre|100/100
|-weather|RainDance|[from] ability: Drizzle|[of] p2a: Kyogre
|move|p1a: Ho-Oh|Defog|p2a: Kyogre
|-unboost|p2a: Kyogre|evasion|1
|-sideend|p1: xChamped|Stealth Rock|[from] move: Defog|[of] p1a: Ho-Oh
|
|-weather|RainDance|[upkeep]
|-damage|p1a: Ho-Oh|82/100 tox|[from] psn
|upkeep
|turn|10
|
|t:|1666866623
|switch|p1a: Chansey|Chansey, F|89/100
|move|p2a: Kyogre|Water Spout|p1a: Chansey
|-damage|p1a: Chansey|44/100
|
|-weather|RainDance|[upkeep]
|upkeep
|turn|11
|
|t:|1666866627
|move|p2a: Kyogre|Water Spout|p1a: Chansey
|-damage|p1a: Chansey|3/100
|move|p1a: Chansey|Soft-Boiled|p1a: Chansey
|-heal|p1a: Chansey|53/100
|
|-weather|RainDance|[upkeep]
|upkeep
|turn|12
|
|t:|1666866632
|move|p2a: Kyogre|Water Spout|p1a: Chansey
|-damage|p1a: Chansey|5/100
|move|p1a: Chansey|Soft-Boiled|p1a: Chansey
|-heal|p1a: Chansey|55/100
|
|-weather|RainDance|[upkeep]
|upkeep
|turn|13
|
|t:|1666866637
|switch|p2a: Zacian|Zacian, shiny|100/100
|-ability|p2a: Zacian|Intrepid Sword|boost
|-boost|p2a: Zacian|atk|1
|move|p1a: Chansey|Soft-Boiled|p1a: Chansey
|-heal|p1a: Chansey|100/100
|
|-weather|none
|upkeep
|turn|14
|
|t:|1666866645
|switch|p1a: Necrozma|Necrozma-Dusk-Mane|100/100
|move|p2a: Zacian|Close Combat|p1a: Necrozma
|-damage|p1a: Necrozma|48/100
|-unboost|p2a: Zacian|def|1
|-unboost|p2a: Zacian|spd|1
|-damage|p2a: Zacian|84/100|[from] item: Rocky Helmet|[of] p1a: Necrozma
|
|upkeep
|turn|15
|
|t:|1666866659
|-start|p1a: Necrozma|Dynamax|
|-heal|p1a: Necrozma|48/100|[silent]
|move|p2a: Zacian|Close Combat|p1a: Necrozma
|-damage|p1a: Necrozma|20/100
|-unboost|p2a: Zacian|def|1
|-unboost|p2a: Zacian|spd|1
|-damage|p2a: Zacian|67/100|[from] item: Rocky Helmet|[of] p1a: Necrozma
|move|p1a: Necrozma|Max Steelspike|p2a: Zacian
|-supereffective|p2a: Zacian
|-damage|p2a: Zacian|0 fnt
|-boost|p1a: Necrozma|def|1
|faint|p2a: Zacian
|
|upkeep
|
|t:|1666866663
|switch|p2a: Kyogre|Kyogre|100/100
|-weather|RainDance|[from] ability: Drizzle|[of] p2a: Kyogre
|turn|16
|
|t:|1666866677
|move|p2a: Kyogre|Water Spout|p1a: Necrozma
|-damage|p1a: Necrozma|0 fnt
|faint|p1a: Necrozma
|
|-weather|RainDance|[upkeep]
|upkeep
|
|t:|1666866679
|switch|p1a: Groudon|Groudon|100/100
|detailschange|p1a: Groudon|Groudon-Primal
|-primal|p1a: Groudon
|-weather|DesolateLand|[from] ability: Desolate Land|[of] p1a: Groudon
|turn|17
|
|t:|1666866687
|switch|p2a: Groudon|Groudon-Primal|90/100
|move|p1a: Groudon|Stealth Rock|p2a: Groudon
|-sidestart|p2: Defensive0|move: Stealth Rock
|
|-weather|DesolateLand|[upkeep]
|upkeep
|turn|18
|
|t:|1666866696
|move|p1a: Groudon|Precipice Blades|p2a: Groudon
|-supereffective|p2a: Groudon
|-damage|p2a: Groudon|29/100
|move|p2a: Groudon|Stealth Rock|p1a: Groudon
|-sidestart|p1: xChamped|move: Stealth Rock
|
|-weather|DesolateLand|[upkeep]
|upkeep
|turn|19
|
|t:|1666866701
|move|p1a: Groudon|Precipice Blades|p2a: Groudon|[miss]
|-miss|p1a: Groudon|p2a: Groudon
|move|p2a: Groudon|Roar|p1a: Groudon
|drag|p1a: Kyogre|Kyogre-Primal|100/100
|-damage|p1a: Kyogre|88/100|[from] Stealth Rock
|-weather|PrimordialSea|[from] ability: Primordial Sea|[of] p1a: Kyogre
|
|-weather|PrimordialSea|[upkeep]
|upkeep
|turn|20
|
|t:|1666866705
|move|p1a: Kyogre|Scald|p2a: Groudon
|-supereffective|p2a: Groudon
|-damage|p2a: Groudon|0 fnt
|faint|p2a: Groudon
|
|-weather|PrimordialSea|[upkeep]
|upkeep
|
|t:|1666866709
|switch|p2a: Ditto|Ditto, shiny|100/100
|-damage|p2a: Ditto|88/100|[from] Stealth Rock
|-transform|p2a: Ditto|p1a: Kyogre|[from] ability: Imposter
|turn|21
|
|t:|1666866715
|switch|p2a: Arceus|Arceus-Fairy|68/100
|-damage|p2a: Arceus|55/100|[from] Stealth Rock
|move|p1a: Kyogre|Scald|p2a: Arceus
|-damage|p2a: Arceus|20/100
|-status|p2a: Arceus|brn
|
|-weather|PrimordialSea|[upkeep]
|-damage|p2a: Arceus|14/100 brn|[from] brn
|upkeep
|turn|22
|
|t:|1666866721
|move|p2a: Arceus|Recover|p2a: Arceus
|-heal|p2a: Arceus|64/100 brn
|move|p1a: Kyogre|Scald|p2a: Arceus
|-damage|p2a: Arceus|31/100 brn
|
|-weather|PrimordialSea|[upkeep]
|-damage|p2a: Arceus|25/100 brn|[from] brn
|upkeep
|turn|23
|
|t:|1666866724
|-weather|none
|switch|p1a: Ho-Oh|Ho-Oh|100/100 tox
|move|p2a: Arceus|Recover|p2a: Arceus
|-heal|p2a: Arceus|75/100 brn
|
|-damage|p1a: Ho-Oh|94/100 tox|[from] psn
|-damage|p2a: Arceus|69/100 brn|[from] brn
|upkeep
|turn|24
|
|t:|1666866732
|switch|p2a: Arceus|Arceus|100/100
|-damage|p2a: Arceus|88/100|[from] Stealth Rock
|move|p1a: Ho-Oh|Defog|p2a: Arceus
|-unboost|p2a: Arceus|evasion|1
|-sideend|p2: Defensive0|Stealth Rock|[from] move: Defog|[of] p1a: Ho-Oh
|-sideend|p1: xChamped|Stealth Rock|[from] move: Defog|[of] p1a: Ho-Oh
|
|-damage|p1a: Ho-Oh|82/100 tox|[from] psn
|upkeep
|turn|25
|
|t:|1666866736
|move|p2a: Arceus|Swords Dance|p2a: Arceus
|-boost|p2a: Arceus|atk|2
|move|p1a: Ho-Oh|Roar|p2a: Arceus
|drag|p2a: Kyogre|Kyogre|100/100
|-weather|RainDance|[from] ability: Drizzle|[of] p2a: Kyogre
|
|-weather|RainDance|[upkeep]
|-damage|p1a: Ho-Oh|63/100 tox|[from] psn
|upkeep
|turn|26
|
|t:|1666866743
|switch|p2a: Arceus|Arceus|88/100
|switch|p1a: Chansey|Chansey, F|100/100
|
|-weather|RainDance|[upkeep]
|upkeep
|turn|27
|
|t:|1666866748
|move|p2a: Arceus|Swords Dance|p2a: Arceus
|-boost|p2a: Arceus|atk|2
|move|p1a: Chansey|Toxic|p2a: Arceus
|-status|p2a: Arceus|tox
|-enditem|p2a: Arceus|Lum Berry|[eat]
|-curestatus|p2a: Arceus|tox|[msg]
|
|-weather|RainDance|[upkeep]
|upkeep
|turn|28
|
|t:|1666866756
|-start|p2a: Arceus|Dynamax|
|-heal|p2a: Arceus|88/100|[silent]
|move|p2a: Arceus|Max Strike|p1a: Chansey
|-damage|p1a: Chansey|0 fnt
|faint|p1a: Chansey
|
|-weather|RainDance|[upkeep]
|upkeep
|
|t:|1666866767
|switch|p1a: Groudon|Groudon-Primal|100/100
|-weather|DesolateLand|[from] ability: Desolate Land|[of] p1a: Groudon
|turn|29
|
|t:|1666866771
|move|p1a: Groudon|Overheat|p2a: Arceus
|-damage|p2a: Arceus|51/100
|-unboost|p1a: Groudon|spa|2
|move|p2a: Arceus|Max Strike|p1a: Groudon
|-damage|p1a: Groudon|0 fnt
|faint|p1a: Groudon
|-weather|none
|
|upkeep
|
|t:|1666866782
|switch|p1a: Ho-Oh|Ho-Oh|96/100 tox
|turn|30
|
|t:|1666866797
|move|p2a: Arceus|Max Phantasm|p1a: Ho-Oh
|-damage|p1a: Ho-Oh|41/100 tox
|-unboost|p1a: Ho-Oh|def|1
|move|p1a: Ho-Oh|Toxic|p2a: Arceus
|-status|p2a: Arceus|tox
|
|-damage|p2a: Arceus|48/100 tox|[from] psn
|-damage|p1a: Ho-Oh|35/100 tox|[from] psn
|upkeep
|-end|p2a: Arceus|Dynamax
|-heal|p2a: Arceus|48/100 tox|[silent]
|turn|31
|
|t:|1666866810
|switch|p1a: Kyogre|Kyogre-Primal|88/100
|-weather|PrimordialSea|[from] ability: Primordial Sea|[of] p1a: Kyogre
|move|p2a: Arceus|Recover|p2a: Arceus
|-heal|p2a: Arceus|98/100 tox
|
|-weather|PrimordialSea|[upkeep]
|-damage|p2a: Arceus|86/100 tox|[from] psn
|upkeep
|turn|32
|
|t:|1666866818
|move|p2a: Arceus|Extreme Speed|p1a: Kyogre
|-damage|p1a: Kyogre|28/100
|move|p1a: Kyogre|Scald|p2a: Arceus
|-damage|p2a: Arceus|38/100 tox
|
|-weather|PrimordialSea|[upkeep]
|-damage|p2a: Arceus|20/100 tox|[from] psn
|upkeep
|turn|33
|
|t:|1666866826
|switch|p2a: Kyogre|Kyogre|100/100
|-ability|p2a: Kyogre|Drizzle|[from] primordialsea|[fail]
|move|p1a: Kyogre|Rest|p1a: Kyogre
|-status|p1a: Kyogre|slp|[from] move: Rest
|-heal|p1a: Kyogre|100/100 slp|[silent]
|
|-weather|PrimordialSea|[upkeep]
|upkeep
|turn|34
|
|t:|1666866833
|-weather|none
|switch|p1a: Ho-Oh|Ho-Oh|68/100 tox
|move|p2a: Kyogre|Thunder|p1a: Ho-Oh|[miss]
|-miss|p2a: Kyogre|p1a: Ho-Oh
|
|-damage|p1a: Ho-Oh|62/100 tox|[from] psn
|upkeep
|turn|35
|
|t:|1666866841
|move|p2a: Kyogre|Thunder|p1a: Ho-Oh
|-supereffective|p1a: Ho-Oh
|-damage|p1a: Ho-Oh|0 fnt
|faint|p1a: Ho-Oh
|
|upkeep
|
|t:|1666866844
|switch|p1a: Ditto|Ditto|100/100
|-transform|p1a: Ditto|p2a: Kyogre|[from] ability: Imposter
|-weather|RainDance|[from] ability: Drizzle|[of] p1a: Ditto
|turn|36
|
|t:|1666866850
|switch|p2a: Ditto|Ditto, shiny|88/100
|move|p1a: Ditto|Thunder|p2a: Ditto
|-damage|p2a: Ditto|0 fnt
|faint|p2a: Ditto
|
|-weather|RainDance|[upkeep]
|upkeep
|
|t:|1666866853
|switch|p2a: Arceus|Arceus-Fairy|69/100 brn
|turn|37
|
|t:|1666866861
|switch|p1a: Kyogre|Kyogre-Primal|100/100 slp
|-weather|PrimordialSea|[from] ability: Primordial Sea|[of] p1a: Kyogre
|move|p2a: Arceus|Recover|p2a: Arceus
|-heal|p2a: Arceus|100/100 brn
|
|-weather|PrimordialSea|[upkeep]
|-damage|p2a: Arceus|94/100 brn|[from] brn
|upkeep
|turn|38
|
|t:|1666866875
|switch|p2a: Kyogre|Kyogre|100/100
|-ability|p2a: Kyogre|Drizzle|[from] primordialsea|[fail]
|-weather|none
|switch|p1a: Ditto|Ditto|100/100
|-transform|p1a: Ditto|p2a: Kyogre|[from] ability: Imposter
|-weather|RainDance|[from] ability: Drizzle|[of] p1a: Ditto
|
|-weather|RainDance|[upkeep]
|upkeep
|turn|39
|
|t:|1666866887
|move|p1a: Ditto|Thunder|p2a: Kyogre
|-supereffective|p2a: Kyogre
|-damage|p2a: Kyogre|31/100
|move|p2a: Kyogre|Thunder|p1a: Ditto
|-supereffective|p1a: Ditto
|-damage|p1a: Ditto|0 fnt
|faint|p1a: Ditto
|
|-weather|RainDance|[upkeep]
|upkeep
|
|t:|1666866894
|switch|p1a: Kyogre|Kyogre-Primal|100/100 slp
|-weather|PrimordialSea|[from] ability: Primordial Sea|[of] p1a: Kyogre
|turn|40
|
|t:|1666866896
|move|p2a: Kyogre|Thunder|p1a: Kyogre
|-supereffective|p1a: Kyogre
|-damage|p1a: Kyogre|28/100 slp
|cant|p1a: Kyogre|slp
|
|-weather|PrimordialSea|[upkeep]
|upkeep
|turn|41
|
|t:|1666866904
|move|p2a: Kyogre|Thunder|p1a: Kyogre
|-supereffective|p1a: Kyogre
|-damage|p1a: Kyogre|0 fnt
|faint|p1a: Kyogre
|-weather|none
|
|win|Defensive0
|raw|xChamped's rating: 1593 &rarr; <strong>1587</strong><br />(-6 for losing)
|raw|Defensive0's rating: 1886 &rarr; <strong>1892</strong><br />(+6 for winning)
|l|☆xChamped
