|j|☆pA Pa pAnDa/K
|j|☆Blackstar152001
|t:|1665324719
|gametype|singles
|player|p1|pA Pa pAnDa/K|unknown|1738
|player|p2|Blackstar152001|blue-gen3two|1972
|teamsize|p1|6
|teamsize|p2|6
|gen|8
|tier|[Gen 8] National Dex AG
|rated|
|rule|HP Percentage Mod: HP is shown in percentages
|rule|Endless Battle Clause: Forcing endless battles is banned
|clearpoke
|poke|p1|Calyrex-Shadow|
|poke|p1|Groudon|
|poke|p1|Rayquaza|
|poke|p1|Zacian-*|
|poke|p1|Ditto|
|poke|p1|Yveltal|
|poke|p2|Xerneas-*|
|poke|p2|Ditto|
|poke|p2|Arceus-*|
|poke|p2|Alakazam, M|
|poke|p2|Ho-Oh|
|poke|p2|Arceus-*|
|teampreview
|inactive|Battle timer is ON: inactive players will automatically lose when time's up. (requested by Blackstar152001)
|
|t:|1665324731
|start
|switch|p1a: depression|Groudon|100/100
|switch|p2a: Ho-Oh|Ho-Oh|100/100
|detailschange|p1a: depression|Groudon-Primal
|-primal|p1a: depression
|-weather|DesolateLand|[from] ability: Desolate Land|[of] p1a: depression
|turn|1
|
|t:|1665324756
|move|p1a: depression|Stealth Rock|p2a: Ho-Oh
|-sidestart|p2: Blackstar152001|move: Stealth Rock
|move|p2a: Ho-Oh|Toxic|p1a: depression
|-status|p1a: depression|tox
|
|-weather|DesolateLand|[upkeep]
|-damage|p1a: depression|94/100 tox|[from] psn
|upkeep
|turn|2
|
|t:|1665324760
|-weather|none
|switch|p1a: steel-type type|Zacian-Crowned|100/100
|-ability|p1a: steel-type type|Intrepid Sword|boost
|-boost|p1a: steel-type type|atk|1
|move|p2a: Ho-Oh|Sacred Fire|p1a: steel-type type
|-supereffective|p1a: steel-type type
|-damage|p1a: steel-type type|21/100
|-status|p1a: steel-type type|brn
|
|-damage|p1a: steel-type type|15/100 brn|[from] brn
|upkeep
|turn|3
|
|t:|1665324766
|move|p1a: steel-type type|Wild Charge|p2a: Ho-Oh
|-supereffective|p2a: Ho-Oh
|-damage|p2a: Ho-Oh|46/100
|-damage|p1a: steel-type type|0 fnt|[from] Recoil
|faint|p1a: steel-type type
|move|p2a: Ho-Oh|Recover|p2a: Ho-Oh
|-heal|p2a: Ho-Oh|96/100
|
|upkeep
|
|t:|1665324772
|switch|p1a: batman|Yveltal|100/100
|-ability|p1a: batman|Dark Aura
|turn|4
|
|t:|1665324780
|switch|p2a: Arceus|Arceus-Electric|100/100
|-damage|p2a: Arceus|88/100|[from] Stealth Rock
|-start|p1a: batman|Dynamax|
|-heal|p1a: batman|100/100|[silent]
|move|p1a: batman|Max Airstream|p2a: Arceus
|-resisted|p2a: Arceus
|-damage|p2a: Arceus|57/100
|-boost|p1a: batman|spe|1
|-damage|p1a: batman|96/100|[from] item: Life Orb
|
|upkeep
|turn|5
|
|t:|1665324795
|move|p1a: batman|Max Darkness|p2a: Arceus
|-damage|p2a: Arceus|15/100
|-unboost|p2a: Arceus|spd|1
|-damage|p1a: batman|91/100|[from] item: Life Orb
|move|p2a: Arceus|Stealth Rock|p1a: batman
|-sidestart|p1: pA Pa pAnDa/K|move: Stealth Rock
|
|upkeep
|turn|6
|
|t:|1665324807
|move|p1a: batman|Max Darkness|p2a: Arceus
|-damage|p2a: Arceus|0 fnt
|faint|p2a: Arceus
|-damage|p1a: batman|86/100|[from] item: Life Orb
|
|upkeep
|
|t:|1665324821
|switch|p2a: Ho-Oh|Ho-Oh|100/100
|-end|p1a: batman|Dynamax
|-heal|p1a: batman|86/100|[silent]
|turn|7
|
|t:|1665324827
|move|p1a: batman|Knock Off|p2a: Ho-Oh
|-damage|p2a: Ho-Oh|30/100
|-enditem|p2a: Ho-Oh|Heavy-Duty Boots|[from] move: Knock Off|[of] p1a: batman
|-damage|p1a: batman|76/100|[from] item: Life Orb
|move|p2a: Ho-Oh|Sacred Fire|p1a: batman
|-damage|p1a: batman|33/100
|
|upkeep
|turn|8
|
|t:|1665324833
|move|p1a: batman|Knock Off|p2a: Ho-Oh
|-damage|p2a: Ho-Oh|0 fnt
|faint|p2a: Ho-Oh
|-damage|p1a: batman|23/100|[from] item: Life Orb
|
|upkeep
|
|t:|1665324837
|switch|p2a: Ditto|Ditto, shiny|100/100
|-damage|p2a: Ditto|88/100|[from] Stealth Rock
|-transform|p2a: Ditto|p1a: batman|[from] ability: Imposter
|-ability|p2a: Ditto|Dark Aura
|turn|9
|
|t:|1665324849
|move|p2a: Ditto|Oblivion Wing|p1a: batman
|-damage|p1a: batman|0 fnt
|-heal|p2a: Ditto|100/100|[from] drain|[of] p1a: batman
|faint|p1a: batman
|
|upkeep
|
|t:|1665324852
|switch|p1a: panda girl|Rayquaza|100/100
|-damage|p1a: panda girl|76/100|[from] Stealth Rock
|-ability|p1a: panda girl|Air Lock
|turn|10
|
|t:|1665324871
|detailschange|p1a: panda girl|Rayquaza-Mega
|-mega|p1a: panda girl|Rayquaza|
|-weather|DeltaStream|[from] ability: Delta Stream|[of] p1a: panda girl
|-start|p2a: Ditto|Dynamax|
|-heal|p2a: Ditto|100/100|[silent]
|move|p2a: Ditto|Max Airstream|p1a: panda girl
|-damage|p1a: panda girl|12/100
|-boost|p2a: Ditto|spe|1
|move|p1a: panda girl|Dragon Ascent|p2a: Ditto
|-damage|p2a: Ditto|47/100
|-unboost|p1a: panda girl|def|1
|-unboost|p1a: panda girl|spd|1
|
|-weather|DeltaStream|[upkeep]
|upkeep
|turn|11
|
|t:|1665324883
|move|p1a: panda girl|Extreme Speed|p2a: Ditto
|-damage|p2a: Ditto|22/100
|move|p2a: Ditto|Max Darkness|p1a: panda girl
|-damage|p1a: panda girl|0 fnt
|faint|p1a: panda girl
|-weather|none
|
|upkeep
|
|t:|1665324898
|switch|p1a: I'm fast|Ditto|100/100
|-damage|p1a: I'm fast|88/100|[from] Stealth Rock
|turn|12
|
|t:|1665324904
|move|p2a: Ditto|Max Darkness|p1a: I'm fast
|-crit|p1a: I'm fast
|-damage|p1a: I'm fast|0 fnt
|faint|p1a: I'm fast
|
|upkeep
|
|t:|1665324917
|switch|p1a: depression|Groudon-Primal|94/100 tox
|-damage|p1a: depression|82/100 tox|[from] Stealth Rock
|-weather|DesolateLand|[from] ability: Desolate Land|[of] p1a: depression
|-end|p2a: Ditto|Dynamax
|-heal|p2a: Ditto|23/100|[silent]
|turn|13
|
|t:|1665324921
|move|p2a: Ditto|Oblivion Wing|p1a: depression
|-damage|p1a: depression|33/100 tox
|-heal|p2a: Ditto|65/100|[from] drain|[of] p1a: depression
|move|p1a: depression|Fire Punch|p2a: Ditto
|-damage|p2a: Ditto|0 fnt
|faint|p2a: Ditto
|
|-weather|DesolateLand|[upkeep]
|-damage|p1a: depression|27/100 tox|[from] psn
|upkeep
|
|t:|1665324927
|switch|p2a: Alakazam|Alakazam, M|100/100
|turn|14
|
|t:|1665324930
|move|p2a: Alakazam|Psychic|p1a: depression
|-damage|p1a: depression|0 fnt
|faint|p1a: depression
|-weather|none
|
|upkeep
|
|t:|1665324932
|switch|p1a: french pok|Calyrex-Shadow|100/100
|-ability|p1a: french pok|As One
|-ability|p1a: french pok|Unnerve
|-damage|p1a: french pok|88/100|[from] Stealth Rock
|turn|15
|
|t:|1665324935
|move|p1a: french pok|Astral Barrage|p2a: Alakazam
|-supereffective|p2a: Alakazam
|-crit|p2a: Alakazam
|-enditem|p2a: Alakazam|Focus Sash
|-damage|p2a: Alakazam|1/100
|move|p2a: Alakazam|Shadow Ball|p1a: french pok
|-supereffective|p1a: french pok
|-damage|p1a: french pok|0 fnt
|faint|p1a: french pok
|
|win|Blackstar152001
|raw|pA Pa pAnDa&#x2f;K's rating: 1750 &rarr; <strong>1741</strong><br />(-9 for losing)
|raw|Blackstar152001's rating: 1972 &rarr; <strong>1981</strong><br />(+9 for winning)
|l|☆pA Pa pAnDa/K
