|j|☆Pkmaster448
|j|☆ne_maxsus33
|t:|1668005970
|gametype|singles
|player|p1|Pkmaster448|lance|1508
|player|p2|ne_maxsus33|1|1651
|teamsize|p1|6
|teamsize|p2|6
|gen|8
|tier|[Gen 8] National Dex AG
|rated|
|rule|HP Percentage Mod: HP is shown in percentages
|rule|Endless Battle Clause: Forcing endless battles is banned
|clearpoke
|poke|p1|Whimsicott, F|
|poke|p1|Zygarde|
|poke|p1|Chansey, F|
|poke|p1|Corsola-Galar, F|
|poke|p1|Diancie|
|poke|p1|Kartana|
|poke|p2|Ditto|
|poke|p2|Garchomp, F|
|poke|p2|Cinderace, F|
|poke|p2|Barraskewda, F|
|poke|p2|Hatterene, F|
|poke|p2|Alomomola, M|
|teampreview
|inactive|Battle timer is ON: inactive players will automatically lose when time's up. (requested by Pkmaster448)
|
|t:|1668006008
|start
|switch|p1a: Kartana|Kartana|100/100
|switch|p2a: Garchomp|Garchomp, F|100/100
|turn|1
|
|t:|1668006027
|switch|p1a: Corsola|Corsola-Galar, F|100/100
|-zpower|p2a: Garchomp
|move|p2a: Garchomp|Continental Crush|p1a: Corsola|[zeffect]
|-damage|p1a: Corsola|66/100
|-start|p2a: Garchomp|Disable|Continental Crush|[from] ability: Cursed Body|[of] p1a: Corsola
|
|upkeep
|turn|2
|inactive|ne_maxsus33 has 120 seconds left.
|
|t:|1668006057
|move|p2a: Garchomp|Stealth Rock|p1a: Corsola
|-sidestart|p1: Pkmaster448|move: Stealth Rock
|move|p1a: Corsola|Stealth Rock|p2a: Garchomp
|-sidestart|p2: ne_maxsus33|move: Stealth Rock
|
|upkeep
|turn|3
|
|t:|1668006062
|move|p2a: Garchomp|Earthquake|p1a: Corsola
|-damage|p1a: Corsola|41/100
|move|p1a: Corsola|Strength Sap|p2a: Garchomp
|-unboost|p2a: Garchomp|atk|1
|-heal|p1a: Corsola|100/100
|
|upkeep
|turn|4
|
|t:|1668006075
|move|p2a: Garchomp|Draco Meteor|p1a: Corsola
|-damage|p1a: Corsola|75/100
|-unboost|p2a: Garchomp|spa|2
|move|p1a: Corsola|Night Shade|p2a: Garchomp
|-damage|p2a: Garchomp|72/100
|
|-end|p2a: Garchomp|Disable
|upkeep
|turn|5
|
|t:|1668006084
|switch|p2a: Barraskewda|Barraskewda, F|100/100
|-damage|p2a: Barraskewda|88/100|[from] Stealth Rock
|switch|p1a: Whimsicott|Whimsicott, F|100/100
|-damage|p1a: Whimsicott|88/100|[from] Stealth Rock
|
|upkeep
|turn|6
|inactive|ne_maxsus33 has 120 seconds left.
|
|t:|1668006134
|move|p1a: Whimsicott|Defog|p2a: Barraskewda
|-unboost|p2a: Barraskewda|evasion|1
|-sideend|p2: ne_maxsus33|Stealth Rock|[from] move: Defog|[of] p1a: Whimsicott
|-sideend|p1: Pkmaster448|Stealth Rock|[from] move: Defog|[of] p1a: Whimsicott
|move|p2a: Barraskewda|Liquidation|p1a: Whimsicott
|-resisted|p1a: Whimsicott
|-crit|p1a: Whimsicott
|-damage|p1a: Whimsicott|28/100
|
|upkeep
|turn|7
|
|t:|1668006141
|move|p1a: Whimsicott|Switcheroo|p2a: Barraskewda
|-activate|p1a: Whimsicott|move: Trick|[of] p2a: Barraskewda
|-item|p2a: Barraskewda|Lagging Tail|[from] move: Switcheroo
|-item|p1a: Whimsicott|Choice Band|[from] move: Switcheroo
|move|p2a: Barraskewda|Liquidation|p1a: Whimsicott
|-resisted|p1a: Whimsicott
|-damage|p1a: Whimsicott|1/100
|
|upkeep
|turn|8
|
|t:|1668006150
|switch|p1a: Corsola|Corsola-Galar, F|75/100
|move|p2a: Barraskewda|Aqua Jet|p1a: Corsola
|-damage|p1a: Corsola|63/100
|
|upkeep
|turn|9
|inactive|ne_maxsus33 has 120 seconds left.
|
|t:|1668006161
|move|p1a: Corsola|Night Shade|p2a: Barraskewda
|-damage|p2a: Barraskewda|50/100
|move|p2a: Barraskewda|Liquidation|p1a: Corsola
|-damage|p1a: Corsola|41/100
|
|upkeep
|turn|10
|inactive|ne_maxsus33 has 120 seconds left.
|
|t:|1668006167
|move|p1a: Corsola|Stealth Rock|p2a: Barraskewda
|-sidestart|p2: ne_maxsus33|move: Stealth Rock
|move|p2a: Barraskewda|Psychic Fangs|p1a: Corsola
|-damage|p1a: Corsola|26/100
|
|upkeep
|turn|11
|
|t:|1668006171
|move|p1a: Corsola|Night Shade|p2a: Barraskewda
|-damage|p2a: Barraskewda|12/100
|move|p2a: Barraskewda|Liquidation|p1a: Corsola
|-damage|p1a: Corsola|2/100
|
|upkeep
|turn|12
|
|t:|1668006176
|move|p2a: Barraskewda|Aqua Jet|p1a: Corsola
|-damage|p1a: Corsola|0 fnt
|faint|p1a: Corsola
|
|upkeep
|
|t:|1668006185
|switch|p1a: Kartana|Kartana|100/100
|turn|13
|
|t:|1668006210
|-start|p1a: Kartana|Dynamax|
|-heal|p1a: Kartana|100/100|[silent]
|move|p1a: Kartana|Max Airstream|p2a: Barraskewda
|-damage|p2a: Barraskewda|0 fnt
|-boost|p1a: Kartana|spe|1
|faint|p2a: Barraskewda
|-ability|p1a: Kartana|Beast Boost|boost
|-boost|p1a: Kartana|atk|1
|
|upkeep
|inactive|ne_maxsus33 has 120 seconds left.
|
|t:|1668006221
|switch|p2a: Alomomola|Alomomola, M|100/100
|-damage|p2a: Alomomola|88/100|[from] Stealth Rock
|turn|14
|
|t:|1668006224
|move|p2a: Alomomola|Protect|p2a: Alomomola
|-singleturn|p2a: Alomomola|Protect
|move|p1a: Kartana|Max Overgrowth|p2a: Alomomola
|-supereffective|p2a: Alomomola
|-zbroken|p2a: Alomomola
|-damage|p2a: Alomomola|45/100
|-fieldstart|move: Grassy Terrain
|
|-heal|p2a: Alomomola|51/100|[from] Grassy Terrain
|upkeep
|turn|15
|
|t:|1668006232
|move|p1a: Kartana|Max Overgrowth|p2a: Alomomola
|-supereffective|p2a: Alomomola
|-crit|p2a: Alomomola
|-damage|p2a: Alomomola|0 fnt
|faint|p2a: Alomomola
|-ability|p1a: Kartana|Beast Boost|boost
|-boost|p1a: Kartana|atk|1
|
|upkeep
|
|t:|1668006242
|switch|p2a: Hatterene|Hatterene, F|100/100
|-damage|p2a: Hatterene|88/100|[from] Stealth Rock
|-end|p1a: Kartana|Dynamax
|-heal|p1a: Kartana|100/100|[silent]
|turn|16
|
|t:|1668006248
|move|p1a: Kartana|Smart Strike|p2a: Hatterene
|-supereffective|p2a: Hatterene
|-damage|p2a: Hatterene|0 fnt
|faint|p2a: Hatterene
|-ability|p1a: Kartana|Beast Boost|boost
|-boost|p1a: Kartana|atk|1
|
|upkeep
|
|t:|1668006250
|switch|p2a: Ditto|Ditto|100/100
|-damage|p2a: Ditto|88/100|[from] Stealth Rock
|-transform|p2a: Ditto|p1a: Kartana|[from] ability: Imposter
|turn|17
|
|t:|1668006258
|move|p2a: Ditto|Sacred Sword|p1a: Kartana
|-supereffective|p1a: Kartana
|-enditem|p1a: Kartana|Focus Sash
|-damage|p1a: Kartana|1/100
|move|p1a: Kartana|Sacred Sword|p2a: Ditto
|-supereffective|p2a: Ditto
|-damage|p2a: Ditto|0 fnt
|faint|p2a: Ditto
|-ability|p1a: Kartana|Beast Boost|boost
|-boost|p1a: Kartana|atk|1
|
|-heal|p1a: Kartana|7/100|[from] Grassy Terrain
|upkeep
|
|t:|1668006265
|switch|p2a: Cinderace|Cinderace, F|100/100
|turn|18
|
|t:|1668006276
|move|p1a: Kartana|Aerial Ace|p2a: Cinderace
|-damage|p2a: Cinderace|0 fnt
|faint|p2a: Cinderace
|-ability|p1a: Kartana|Beast Boost|boost
|-boost|p1a: Kartana|atk|1
|
|-heal|p1a: Kartana|13/100|[from] Grassy Terrain
|-fieldend|move: Grassy Terrain
|upkeep
|
|t:|1668006283
|switch|p2a: Garchomp|Garchomp, F|72/100
|-damage|p2a: Garchomp|66/100|[from] Stealth Rock
|turn|19
|
|t:|1668006293
|move|p1a: Kartana|Leaf Blade|p2a: Garchomp
|-damage|p2a: Garchomp|0 fnt
|-damage|p1a: Kartana|1/100|[from] ability: Rough Skin|[of] p2a: Garchomp
|faint|p2a: Garchomp
|
|win|Pkmaster448
|raw|Pkmaster448's rating: 1508 &rarr; <strong>1536</strong><br />(+28 for winning)
|raw|ne_maxsus33's rating: 1651 &rarr; <strong>1623</strong><br />(-28 for losing)
|l|☆Pkmaster448
||Ladder isn't responding, score probably updated but might not have (Request timeout).
