|j|☆lemoncell0
|j|☆the thin mints lad
|t:|1663527939
|gametype|singles
|player|p1|lemoncell0|allister|1799
|player|p2|the thin mints lad|cress|1667
|teamsize|p1|6
|teamsize|p2|6
|gen|8
|tier|[Gen 8] National Dex AG
|rated|
|rule|HP Percentage Mod: HP is shown in percentages
|rule|Endless Battle Clause: Forcing endless battles is banned
|clearpoke
|poke|p1|Gothitelle, M|
|poke|p1|Diancie|
|poke|p1|Quagsire, F|
|poke|p1|Tyranitar, F|
|poke|p1|Blissey, F|
|poke|p1|Zacian-*|
|poke|p2|Marshadow|
|poke|p2|Ditto|
|poke|p2|Zygarde|
|poke|p2|Murkrow, F|
|poke|p2|Deoxys-Speed|
|poke|p2|Diancie|
|teampreview
|
|t:|1663527953
|start
|switch|p1a: Diancie|Diancie|100/100
|switch|p2a: Yoinker|Marshadow|100/100
|turn|1
|inactive|Battle timer is ON: inactive players will automatically lose when time's up. (requested by lemoncell0)
|
|t:|1663527956
|switch|p1a: Quagsire|Quagsire, F|100/100
|move|p2a: Yoinker|Close Combat|p1a: Quagsire
|-damage|p1a: Quagsire|37/100
|-unboost|p2a: Yoinker|def|1
|-unboost|p2a: Yoinker|spd|1
|-damage|p2a: Yoinker|84/100|[from] item: Rocky Helmet|[of] p1a: Quagsire
|
|upkeep
|turn|2
|
|t:|1663527960
|switch|p1a: Gothitelle|Gothitelle, M|100/100
|move|p2a: Yoinker|Close Combat|p1a: Gothitelle
|-resisted|p1a: Gothitelle
|-damage|p1a: Gothitelle|66/100
|-unboost|p2a: Yoinker|def|1
|-unboost|p2a: Yoinker|spd|1
|
|upkeep
|turn|3
|
|t:|1663527964
|-start|p2a: Yoinker|Dynamax|
|-heal|p2a: Yoinker|84/100|[silent]
|move|p2a: Yoinker|Max Phantasm|p1a: Gothitelle
|-supereffective|p1a: Gothitelle
|-damage|p1a: Gothitelle|0 fnt
|faint|p1a: Gothitelle
|
|upkeep
|
|t:|1663527975
|switch|p1a: Zacian|Zacian-Crowned|100/100
|-ability|p1a: Zacian|Intrepid Sword|boost
|-boost|p1a: Zacian|atk|1
|turn|4
|
|t:|1663527985
|-end|p2a: Yoinker|Dynamax
|-heal|p2a: Yoinker|84/100|[silent]
|switch|p2a: noodle... uh dude.|Deoxys-Speed|100/100
|-ability|p2a: noodle... uh dude.|Pressure
|move|p1a: Zacian|Behemoth Blade|p2a: noodle... uh dude.
|-enditem|p2a: noodle... uh dude.|Focus Sash
|-damage|p2a: noodle... uh dude.|1/100
|
|upkeep
|turn|5
|
|t:|1663527997
|switch|p1a: Quagsire|Quagsire, F|37/100
|move|p2a: noodle... uh dude.|Stealth Rock|p1a: Quagsire
|-sidestart|p1: lemoncell0|move: Stealth Rock
|
|upkeep
|turn|6
|
|t:|1663528000
|move|p2a: noodle... uh dude.|Taunt|p1a: Quagsire
|-start|p1a: Quagsire|move: Taunt
|cant|p1a: Quagsire|move: Taunt|Recover
|
|upkeep
|turn|7
|
|t:|1663528006
|move|p2a: noodle... uh dude.|Knock Off|p1a: Quagsire
|-damage|p1a: Quagsire|18/100
|-damage|p2a: noodle... uh dude.|0 fnt|[from] item: Rocky Helmet|[of] p1a: Quagsire
|faint|p2a: noodle... uh dude.
|move|p1a: Quagsire|Earthquake|p2: noodle... uh dude.|[notarget]
|-fail|p1a: Quagsire
|
|upkeep
|
|t:|1663528019
|switch|p2a: smeargle hater|Murkrow, F|100/100
|turn|8
|
|t:|1663528023
|move|p2a: smeargle hater|Foul Play|p1a: Quagsire
|-damage|p1a: Quagsire|0 fnt
|-damage|p2a: smeargle hater|84/100|[from] item: Rocky Helmet|[of] p1a: Quagsire
|faint|p1a: Quagsire
|
|upkeep
|
|t:|1663528031
|switch|p1a: Diancie|Diancie|100/100
|-damage|p1a: Diancie|88/100|[from] Stealth Rock
|turn|9
|
|t:|1663528040
|detailschange|p1a: Diancie|Diancie-Mega
|-mega|p1a: Diancie|Diancie|Diancite
|move|p2a: smeargle hater|Tailwind|p2a: smeargle hater
|-sidestart|p2: the thin mints lad|move: Tailwind
|move|p1a: Diancie|Magnet Rise|p1a: Diancie
|-start|p1a: Diancie|Magnet Rise
|
|upkeep
|turn|10
|
|t:|1663528056
|move|p2a: smeargle hater|Roost|p2a: smeargle hater
|-heal|p2a: smeargle hater|100/100
|-singleturn|p2a: smeargle hater|move: Roost
|move|p1a: Diancie|Earth Power|p2a: smeargle hater
|-damage|p2a: smeargle hater|73/100
|
|upkeep
|turn|11
|
|t:|1663528067
|move|p2a: smeargle hater|Roost|p2a: smeargle hater
|-heal|p2a: smeargle hater|100/100
|-singleturn|p2a: smeargle hater|move: Roost
|move|p1a: Diancie|Earth Power|p2a: smeargle hater
|-damage|p2a: smeargle hater|73/100
|-unboost|p2a: smeargle hater|spd|1
|
|upkeep
|turn|12
|
|t:|1663528071
|move|p2a: smeargle hater|Roost|p2a: smeargle hater
|-heal|p2a: smeargle hater|100/100
|-singleturn|p2a: smeargle hater|move: Roost
|move|p1a: Diancie|Moonblast|p2a: smeargle hater
|-supereffective|p2a: smeargle hater
|-damage|p2a: smeargle hater|0 fnt
|faint|p2a: smeargle hater
|
|-sideend|p2: the thin mints lad|move: Tailwind
|upkeep
|
|t:|1663528079
|switch|p2a: Yoinker|Marshadow|84/100
|turn|13
|inactive|lemoncell0 has 120 seconds left.
|inactive|lemoncell0 has 90 seconds left.
|inactive|lemoncell0 has 60 seconds left.
|
|t:|1663528169
|switch|p1a: Tyranitar|Tyranitar, F|100/100
|-damage|p1a: Tyranitar|88/100|[from] Stealth Rock
|-weather|Sandstorm|[from] ability: Sand Stream|[of] p1a: Tyranitar
|move|p2a: Yoinker|Close Combat|p1a: Tyranitar
|-supereffective|p1a: Tyranitar
|-damage|p1a: Tyranitar|0 fnt
|-unboost|p2a: Yoinker|def|1
|-unboost|p2a: Yoinker|spd|1
|faint|p1a: Tyranitar
|
|-weather|Sandstorm|[upkeep]
|-damage|p2a: Yoinker|78/100|[from] Sandstorm
|upkeep
|
|t:|1663528171
|switch|p1a: Zacian|Zacian-Crowned|100/100
|-damage|p1a: Zacian|94/100|[from] Stealth Rock
|-ability|p1a: Zacian|Intrepid Sword|boost
|-boost|p1a: Zacian|atk|1
|turn|14
|-message|lemoncell0 forfeited.
|
|win|the thin mints lad
|raw|lemoncell0's rating: 1799 &rarr; <strong>1772</strong><br />(-27 for losing)
|raw|the thin mints lad's rating: 1667 &rarr; <strong>1694</strong><br />(+27 for winning)
|l|☆lemoncell0
||Ladder isn't responding, score probably updated but might not have (Request timeout).
