|j|☆kasak
|j|☆testinthisgarbage
|t:|1611144280
|player|p1|kasak|youngster-gen4|1921
|player|p2|testinthisgarbage|preschooler|1718
|teamsize|p1|6
|teamsize|p2|6
|gametype|singles
|gen|8
|tier|[Gen 8] National Dex AG
|rated|
|clearpoke
|poke|p1|Arceus-*|
|poke|p1|Ditto|
|poke|p1|Sableye, M|
|poke|p1|Chansey, F|
|poke|p1|Lugia|
|poke|p1|Groudon|
|poke|p2|Regieleki|
|poke|p2|Kyogre|
|poke|p2|Blissey, F|
|poke|p2|Arceus-*|
|poke|p2|Groudon|
|poke|p2|Tyranitar, F|
|rule|HP Percentage Mod: HP is shown in percentages
|rule|Endless Battle Clause: Forcing endless battles is banned
|teampreview
|
|t:|1611144299
|start
|switch|p1a: 그란돈|Groudon|100/100
|switch|p2a: Regieleki|Regieleki|100/100
|detailschange|p1a: 그란돈|Groudon-Primal
|-primal|p1a: 그란돈
|-weather|DesolateLand|[from] ability: Desolate Land|[of] p1a: 그란돈
|turn|1
|
|t:|1611144305
|-zpower|p2a: Regieleki
|move|p2a: Regieleki|Breakneck Blitz|p1a: 그란돈|[zeffect]
|-damage|p1a: 그란돈|39/100
|move|p1a: 그란돈|Earthquake|p2a: Regieleki
|-supereffective|p2a: Regieleki
|-damage|p2a: Regieleki|0 fnt
|faint|p2a: Regieleki
|
|-weather|DesolateLand|[upkeep]
|upkeep
|
|t:|1611144310
|switch|p2a: Arceus|Arceus-Ground|100/100
|turn|2
|
|t:|1611144312
|-weather|none
|switch|p1a: 럭키|Chansey, F|100/100
|move|p2a: Arceus|Swords Dance|p2a: Arceus
|-boost|p2a: Arceus|atk|2
|
|upkeep
|turn|3
|
|t:|1611144324
|switch|p1a: 루기아|Lugia|100/100
|move|p2a: Arceus|Earthquake|p1a: 루기아
|-immune|p1a: 루기아
|
|upkeep
|turn|4
|
|t:|1611144329
|move|p2a: Arceus|Stone Edge|p1a: 루기아
|-supereffective|p1a: 루기아
|-damage|p1a: 루기아|68/100
|move|p1a: 루기아|Toxic|p2a: Arceus
|-status|p2a: Arceus|tox
|
|-damage|p2a: Arceus|94/100 tox|[from] psn
|upkeep
|turn|5
|
|t:|1611144337
|move|p2a: Arceus|Stone Edge|p1a: 루기아
|-supereffective|p1a: 루기아
|-damage|p1a: 루기아|0 fnt
|faint|p1a: 루기아
|
|-damage|p2a: Arceus|82/100 tox|[from] psn
|upkeep
|j| ThePowerfulEntity
|
|t:|1611144351
|switch|p1a: 메타몽|Ditto|100/100
|-transform|p1a: 메타몽|p2a: Arceus|[from] ability: Imposter
|turn|6
|
|t:|1611144362
|-start|p1a: 메타몽|Dynamax
|-heal|p1a: 메타몽|100/100|[silent]
|-start|p2a: Arceus|Dynamax
|-heal|p2a: Arceus|82/100 tox|[silent]
|move|p1a: 메타몽|Max Quake|p2a: Arceus
|-damage|p2a: Arceus|26/100 tox
|-boost|p1a: 메타몽|spd|1
|move|p2a: Arceus|Max Quake|p1a: 메타몽
|-damage|p1a: 메타몽|14/100
|-boost|p2a: Arceus|spd|1
|
|-damage|p2a: Arceus|17/100 tox|[from] psn
|upkeep
|turn|7
|
|t:|1611144373
|move|p1a: 메타몽|Max Guard|p1a: 메타몽
|-singleturn|p1a: 메타몽|Max Guard
|move|p2a: Arceus|Max Quake|p1a: 메타몽
|-activate|p1a: 메타몽|move: Max Guard
|
|-damage|p2a: Arceus|5/100 tox|[from] psn
|upkeep
|turn|8
|
|t:|1611144380
|move|p2a: Arceus|Max Quake|p1a: 메타몽
|-damage|p1a: 메타몽|0 fnt
|-boost|p2a: Arceus|spd|1
|faint|p1a: 메타몽
|
|-damage|p2a: Arceus|0 fnt|[from] psn
|faint|p2a: Arceus
|upkeep
|
|t:|1611144412
|switch|p2a: Groudon|Groudon|100/100
|switch|p1a: 아르세우스|Arceus-Fairy|100/100
|detailschange|p2a: Groudon|Groudon-Primal
|-primal|p2a: Groudon
|-weather|DesolateLand|[from] ability: Desolate Land|[of] p2a: Groudon
|turn|9
|
|t:|1611144418
|-weather|none
|switch|p2a: Blissey|Blissey, F|100/100
|move|p1a: 아르세우스|Earth Power|p2a: Blissey
|-damage|p2a: Blissey|91/100
|
|upkeep
|turn|10
|
|t:|1611144423
|switch|p1a: 럭키|Chansey, F|100/100
|move|p2a: Blissey|Toxic|p1a: 럭키
|-status|p1a: 럭키|tox
|
|-damage|p1a: 럭키|94/100 tox|[from] psn
|upkeep
|turn|11
|
|t:|1611144425
|move|p1a: 럭키|Wish|p1a: 럭키
|move|p2a: Blissey|Teleport|p2a: Blissey
|
|t:|1611144430
|switch|p2a: Groudon|Groudon-Primal|100/100|[from]move: Teleport
|-weather|DesolateLand|[from] ability: Desolate Land|[of] p2a: Groudon
|
|-weather|DesolateLand|[upkeep]
|-damage|p1a: 럭키|82/100 tox|[from] psn
|upkeep
|turn|12
|
|t:|1611144435
|switch|p1a: 아르세우스|Arceus-Fairy|100/100
|move|p2a: Groudon|Stealth Rock|p1a: 아르세우스
|-sidestart|p1: kasak|move: Stealth Rock
|
|-weather|DesolateLand|[upkeep]
|upkeep
|turn|13
|j| Giratina-Oo
|l| Giratina-Oo
|
|t:|1611144442
|switch|p1a: 럭키|Chansey, F|82/100
|-damage|p1a: 럭키|69/100|[from] Stealth Rock
|-weather|none
|switch|p2a: Blissey|Blissey, F|91/100
|
|upkeep
|turn|14
|
|t:|1611144444
|move|p2a: Blissey|Toxic|p1a: 럭키
|-status|p1a: 럭키|tox
|move|p1a: 럭키|Wish|p1a: 럭키
|
|-damage|p1a: 럭키|63/100 tox|[from] psn
|upkeep
|turn|15
|
|t:|1611144448
|-curestatus|p1a: 럭키|tox|[from] ability: Natural Cure
|switch|p1a: 그란돈|Groudon-Primal|39/100
|-damage|p1a: 그란돈|26/100|[from] Stealth Rock
|-weather|DesolateLand|[from] ability: Desolate Land|[of] p1a: 그란돈
|move|p2a: Blissey|Teleport|p2a: Blissey
|
|t:|1611144452
|switch|p2a: Groudon|Groudon-Primal|100/100|[from]move: Teleport
|
|-weather|DesolateLand|[upkeep]
|-heal|p1a: 그란돈|100/100|[from] move: Wish|[wisher] 럭키
|upkeep
|turn|16
|
|t:|1611144456
|move|p2a: Groudon|Earthquake|p1a: 그란돈
|-supereffective|p1a: 그란돈
|-damage|p1a: 그란돈|27/100
|move|p1a: 그란돈|Earthquake|p2a: Groudon
|-supereffective|p2a: Groudon
|-damage|p2a: Groudon|15/100
|
|-weather|DesolateLand|[upkeep]
|upkeep
|turn|17
|
|t:|1611144467
|move|p2a: Groudon|Earthquake|p1a: 그란돈
|-supereffective|p1a: 그란돈
|-damage|p1a: 그란돈|0 fnt
|faint|p1a: 그란돈
|
|-weather|DesolateLand|[upkeep]
|upkeep
|
|t:|1611144474
|switch|p1a: 깜까미|Sableye, M|100/100
|-damage|p1a: 깜까미|88/100|[from] Stealth Rock
|turn|18
|
|t:|1611144484
|-weather|none
|switch|p2a: Blissey|Blissey, F|91/100
|detailschange|p1a: 깜까미|Sableye-Mega, M
|-mega|p1a: 깜까미|Sableye|Sablenite
|move|p1a: 깜까미|Snarl|p2a: Blissey|[miss]
|-miss|p1a: 깜까미|p2a: Blissey
|
|upkeep
|turn|19
|
|t:|1611144489
|move|p1a: 깜까미|Calm Mind|p1a: 깜까미
|-boost|p1a: 깜까미|spa|1
|-boost|p1a: 깜까미|spd|1
|move|p2a: Blissey|Teleport|p2a: Blissey
|
|t:|1611144494
|switch|p2a: Tyranitar|Tyranitar, F|100/100|[from]move: Teleport
|-weather|Sandstorm|[from] ability: Sand Stream|[of] p2a: Tyranitar
|
|-weather|Sandstorm|[upkeep]
|-damage|p1a: 깜까미|82/100|[from] Sandstorm
|upkeep
|turn|20
|
|t:|1611144496
|move|p2a: Tyranitar|Rock Tomb|p1a: 깜까미
|-damage|p1a: 깜까미|64/100
|-unboost|p1a: 깜까미|spe|1
|move|p1a: 깜까미|Will-O-Wisp|p2a: Tyranitar
|-status|p2a: Tyranitar|brn
|
|-weather|Sandstorm|[upkeep]
|-damage|p1a: 깜까미|58/100|[from] Sandstorm
|-damage|p2a: Tyranitar|94/100 brn|[from] brn
|upkeep
|turn|21
|
|t:|1611144502
|move|p2a: Tyranitar|Rock Tomb|p1a: 깜까미
|-damage|p1a: 깜까미|48/100
|-unboost|p1a: 깜까미|spe|1
|move|p1a: 깜까미|Recover|p1a: 깜까미
|-heal|p1a: 깜까미|98/100
|
|-weather|Sandstorm|[upkeep]
|-damage|p1a: 깜까미|92/100|[from] Sandstorm
|-heal|p2a: Tyranitar|100/100 brn|[from] item: Leftovers
|-damage|p2a: Tyranitar|94/100 brn|[from] brn
|upkeep
|turn|22
|
|t:|1611144506
|move|p2a: Tyranitar|Rock Tomb|p1a: 깜까미
|-damage|p1a: 깜까미|82/100
|-unboost|p1a: 깜까미|spe|1
|move|p1a: 깜까미|Calm Mind|p1a: 깜까미
|-boost|p1a: 깜까미|spa|1
|-boost|p1a: 깜까미|spd|1
|
|-weather|Sandstorm|[upkeep]
|-damage|p1a: 깜까미|76/100|[from] Sandstorm
|-heal|p2a: Tyranitar|100/100 brn|[from] item: Leftovers
|-damage|p2a: Tyranitar|94/100 brn|[from] brn
|upkeep
|turn|23
|
|t:|1611144512
|move|p1a: 깜까미|Recover|p1a: 깜까미
|-heal|p1a: 깜까미|100/100
|move|p2a: Tyranitar|Roar|p1a: 깜까미
|move|p1a: 깜까미|Roar|p2a: Tyranitar|[from]ability: Magic Bounce
|drag|p2a: Groudon|Groudon-Primal|15/100
|-weather|DesolateLand|[from] ability: Desolate Land|[of] p2a: Groudon
|
|-weather|DesolateLand|[upkeep]
|upkeep
|turn|24
|
|t:|1611144517
|-weather|none
|switch|p2a: Blissey|Blissey, F|91/100
|move|p1a: 깜까미|Snarl|p2a: Blissey
|-damage|p2a: Blissey|79/100
|-unboost|p2a: Blissey|spa|1
|
|upkeep
|turn|25
|
|t:|1611144520
|move|p2a: Blissey|Soft-Boiled|p2a: Blissey
|-heal|p2a: Blissey|100/100
|move|p1a: 깜까미|Calm Mind|p1a: 깜까미
|-boost|p1a: 깜까미|spa|1
|-boost|p1a: 깜까미|spd|1
|
|upkeep
|turn|26
|
|t:|1611144525
|move|p1a: 깜까미|Calm Mind|p1a: 깜까미
|-boost|p1a: 깜까미|spa|1
|-boost|p1a: 깜까미|spd|1
|move|p2a: Blissey|Teleport|p2a: Blissey
|
|t:|1611144527
|switch|p2a: Kyogre|Kyogre|100/100|[from]move: Teleport
|-weather|RainDance|[from] ability: Drizzle|[of] p2a: Kyogre
|
|-weather|RainDance|[upkeep]
|upkeep
|turn|27
|
|t:|1611144531
|switch|p2a: Blissey|Blissey, F|100/100
|move|p1a: 깜까미|Snarl|p2a: Blissey
|-damage|p2a: Blissey|81/100
|-unboost|p2a: Blissey|spa|1
|
|-weather|RainDance|[upkeep]
|upkeep
|turn|28
|
|t:|1611144536
|move|p1a: 깜까미|Calm Mind|p1a: 깜까미
|-boost|p1a: 깜까미|spa|1
|-boost|p1a: 깜까미|spd|1
|move|p2a: Blissey|Teleport|p2a: Blissey
|
|t:|1611144538
|switch|p2a: Tyranitar|Tyranitar, F|94/100 brn|[from]move: Teleport
|-weather|Sandstorm|[from] ability: Sand Stream|[of] p2a: Tyranitar
|
|-weather|Sandstorm|[upkeep]
|-damage|p1a: 깜까미|94/100|[from] Sandstorm
|-heal|p2a: Tyranitar|100/100 brn|[from] item: Leftovers
|-damage|p2a: Tyranitar|94/100 brn|[from] brn
|upkeep
|turn|29
|
|t:|1611144543
|move|p1a: 깜까미|Snarl|p2a: Tyranitar
|-resisted|p2a: Tyranitar
|-damage|p2a: Tyranitar|83/100 brn
|-unboost|p2a: Tyranitar|spa|1
|move|p2a: Tyranitar|Roar|p1a: 깜까미
|move|p1a: 깜까미|Roar|p2a: Tyranitar|[from]ability: Magic Bounce
|drag|p2a: Blissey|Blissey, F|81/100
|
|-weather|Sandstorm|[upkeep]
|-damage|p2a: Blissey|74/100|[from] Sandstorm
|-damage|p1a: 깜까미|88/100|[from] Sandstorm
|upkeep
|turn|30
|
|t:|1611144550
|move|p2a: Blissey|Soft-Boiled|p2a: Blissey
|-heal|p2a: Blissey|100/100
|move|p1a: 깜까미|Calm Mind|p1a: 깜까미
|-boost|p1a: 깜까미|spa|1
|-boost|p1a: 깜까미|spd|1
|
|-weather|Sandstorm|[upkeep]
|-damage|p2a: Blissey|94/100|[from] Sandstorm
|-damage|p1a: 깜까미|82/100|[from] Sandstorm
|upkeep
|turn|31
|
|t:|1611144563
|move|p1a: 깜까미|Recover|p1a: 깜까미
|-heal|p1a: 깜까미|100/100
|move|p2a: Blissey|Teleport|p2a: Blissey
|
|t:|1611144565
|switch|p2a: Groudon|Groudon-Primal|15/100|[from]move: Teleport
|-weather|DesolateLand|[from] ability: Desolate Land|[of] p2a: Groudon
|
|-weather|DesolateLand|[upkeep]
|upkeep
|turn|32
|
|t:|1611144568
|-weather|none
|switch|p2a: Blissey|Blissey, F|94/100
|move|p1a: 깜까미|Snarl|p2a: Blissey
|-damage|p2a: Blissey|69/100
|-unboost|p2a: Blissey|spa|1
|
|upkeep
|turn|33
|
|t:|1611144574
|move|p1a: 깜까미|Snarl|p2a: Blissey
|-damage|p2a: Blissey|46/100
|-unboost|p2a: Blissey|spa|1
|move|p2a: Blissey|Teleport|p2a: Blissey
|
|t:|1611144578
|switch|p2a: Groudon|Groudon-Primal|15/100|[from]move: Teleport
|-weather|DesolateLand|[from] ability: Desolate Land|[of] p2a: Groudon
|
|-weather|DesolateLand|[upkeep]
|upkeep
|turn|34
|
|t:|1611144580
|-weather|none
|switch|p2a: Tyranitar|Tyranitar, F|83/100 brn
|-weather|Sandstorm|[from] ability: Sand Stream|[of] p2a: Tyranitar
|move|p1a: 깜까미|Snarl|p2a: Tyranitar|[miss]
|-miss|p1a: 깜까미|p2a: Tyranitar
|
|-weather|Sandstorm|[upkeep]
|-damage|p1a: 깜까미|94/100|[from] Sandstorm
|-heal|p2a: Tyranitar|89/100 brn|[from] item: Leftovers
|-damage|p2a: Tyranitar|83/100 brn|[from] brn
|upkeep
|turn|35
|
|t:|1611144584
|move|p1a: 깜까미|Snarl|p2a: Tyranitar
|-resisted|p2a: Tyranitar
|-damage|p2a: Tyranitar|70/100 brn
|-unboost|p2a: Tyranitar|spa|1
|move|p2a: Tyranitar|Roar|p1a: 깜까미
|move|p1a: 깜까미|Roar|p2a: Tyranitar|[from]ability: Magic Bounce
|drag|p2a: Kyogre|Kyogre|100/100
|-weather|RainDance|[from] ability: Drizzle|[of] p2a: Kyogre
|
|-weather|RainDance|[upkeep]
|upkeep
|turn|36
|
|t:|1611144593
|switch|p2a: Blissey|Blissey, F|46/100
|move|p1a: 깜까미|Snarl|p2a: Blissey
|-damage|p2a: Blissey|20/100
|-unboost|p2a: Blissey|spa|1
|
|-weather|RainDance|[upkeep]
|upkeep
|turn|37
|
|t:|1611144598
|move|p2a: Blissey|Soft-Boiled|p2a: Blissey
|-heal|p2a: Blissey|70/100
|move|p1a: 깜까미|Snarl|p2a: Blissey
|-damage|p2a: Blissey|47/100
|-unboost|p2a: Blissey|spa|1
|
|-weather|RainDance|[upkeep]
|upkeep
|turn|38
|
|t:|1611144601
|move|p2a: Blissey|Soft-Boiled|p2a: Blissey
|-heal|p2a: Blissey|97/100
|move|p1a: 깜까미|Snarl|p2a: Blissey
|-damage|p2a: Blissey|73/100
|-unboost|p2a: Blissey|spa|1
|
|-weather|RainDance|[upkeep]
|upkeep
|turn|39
|
|t:|1611144605
|move|p1a: 깜까미|Calm Mind|p1a: 깜까미
|-boost|p1a: 깜까미|spa|0
|-boost|p1a: 깜까미|spd|0
|move|p2a: Blissey|Teleport|p2a: Blissey
|
|t:|1611144610
|switch|p2a: Groudon|Groudon-Primal|15/100|[from]move: Teleport
|-weather|DesolateLand|[from] ability: Desolate Land|[of] p2a: Groudon
|
|-weather|DesolateLand|[upkeep]
|upkeep
|turn|40
|
|t:|1611144614
|-weather|none
|switch|p2a: Blissey|Blissey, F|73/100
|move|p1a: 깜까미|Calm Mind|p1a: 깜까미
|-boost|p1a: 깜까미|spa|0
|-boost|p1a: 깜까미|spd|0
|
|upkeep
|turn|41
|
|t:|1611144626
|move|p1a: 깜까미|Snarl|p2a: Blissey
|-damage|p2a: Blissey|49/100
|-unboost|p2a: Blissey|spa|1
|move|p2a: Blissey|Teleport|p2a: Blissey
|
|t:|1611144631
|switch|p2a: Groudon|Groudon-Primal|15/100|[from]move: Teleport
|-weather|DesolateLand|[from] ability: Desolate Land|[of] p2a: Groudon
|
|-weather|DesolateLand|[upkeep]
|upkeep
|turn|42
|
|t:|1611144635
|-weather|none
|switch|p2a: Blissey|Blissey, F|49/100
|move|p1a: 깜까미|Snarl|p2a: Blissey
|-damage|p2a: Blissey|23/100
|-unboost|p2a: Blissey|spa|1
|
|upkeep
|turn|43
|
|t:|1611144640
|move|p2a: Blissey|Soft-Boiled|p2a: Blissey
|-heal|p2a: Blissey|73/100
|move|p1a: 깜까미|Snarl|p2a: Blissey
|-damage|p2a: Blissey|47/100
|-unboost|p2a: Blissey|spa|1
|
|upkeep
|turn|44
|
|t:|1611144649
|move|p2a: Blissey|Soft-Boiled|p2a: Blissey
|-heal|p2a: Blissey|97/100
|move|p1a: 깜까미|Recover|p1a: 깜까미
|-heal|p1a: 깜까미|100/100
|
|upkeep
|turn|45
|
|t:|1611144656
|move|p1a: 깜까미|Will-O-Wisp|p2a: Blissey
|-status|p2a: Blissey|brn
|move|p2a: Blissey|Teleport|p2a: Blissey
|
|t:|1611144659
|switch|p2a: Groudon|Groudon-Primal|15/100|[from]move: Teleport
|-weather|DesolateLand|[from] ability: Desolate Land|[of] p2a: Groudon
|
|-weather|DesolateLand|[upkeep]
|upkeep
|turn|46
|
|t:|1611144664
|-weather|none
|switch|p2a: Blissey|Blissey, F|97/100
|move|p1a: 깜까미|Recover||[still]
|-fail|p1a: 깜까미|heal
|
|upkeep
|turn|47
|
|t:|1611144670
|move|p1a: 깜까미|Will-O-Wisp|p2a: Blissey
|-status|p2a: Blissey|brn
|move|p2a: Blissey|Teleport|p2a: Blissey
|
|t:|1611144673
|-curestatus|p2a: Blissey|brn|[from] ability: Natural Cure
|switch|p2a: Groudon|Groudon-Primal|15/100|[from]move: Teleport
|-weather|DesolateLand|[from] ability: Desolate Land|[of] p2a: Groudon
|
|-weather|DesolateLand|[upkeep]
|upkeep
|turn|48
|
|t:|1611144677
|-weather|none
|switch|p2a: Blissey|Blissey, F|97/100
|move|p1a: 깜까미|Will-O-Wisp|p2a: Blissey
|-status|p2a: Blissey|brn
|
|-damage|p2a: Blissey|91/100 brn|[from] brn
|upkeep
|turn|49
|
|t:|1611144697
|move|p1a: 깜까미|Snarl|p2a: Blissey
|-damage|p2a: Blissey|65/100 brn
|-unboost|p2a: Blissey|spa|1
|move|p2a: Blissey|Teleport|p2a: Blissey
|
|t:|1611144705
|-curestatus|p2a: Blissey|brn|[from] ability: Natural Cure
|switch|p2a: Groudon|Groudon-Primal|15/100|[from]move: Teleport
|-weather|DesolateLand|[from] ability: Desolate Land|[of] p2a: Groudon
|
|-weather|DesolateLand|[upkeep]
|upkeep
|turn|50
|
|t:|1611144710
|-weather|none
|switch|p2a: Blissey|Blissey, F|65/100
|switch|p1a: 럭키|Chansey, F|63/100
|-damage|p1a: 럭키|51/100|[from] Stealth Rock
|
|upkeep
|turn|51
|
|t:|1611144718
|switch|p2a: Groudon|Groudon-Primal|15/100
|-weather|DesolateLand|[from] ability: Desolate Land|[of] p2a: Groudon
|move|p1a: 럭키|Wish|p1a: 럭키
|
|-weather|DesolateLand|[upkeep]
|upkeep
|turn|52
|
|t:|1611144722
|move|p1a: 럭키|Protect|p1a: 럭키
|-singleturn|p1a: 럭키|Protect
|move|p2a: Groudon|Earthquake|p1a: 럭키
|-activate|p1a: 럭키|move: Protect
|
|-weather|DesolateLand|[upkeep]
|-heal|p1a: 럭키|100/100|[from] move: Wish|[wisher] 럭키
|upkeep
|turn|53
|
|t:|1611144727
|move|p2a: Groudon|Earthquake|p1a: 럭키
|-damage|p1a: 럭키|51/100
|move|p1a: 럭키|Seismic Toss|p2a: Groudon
|-damage|p2a: Groudon|0 fnt
|faint|p2a: Groudon
|-weather|none
|
|upkeep
|
|t:|1611144733
|switch|p2a: Kyogre|Kyogre|100/100
|-weather|RainDance|[from] ability: Drizzle|[of] p2a: Kyogre
|turn|54
|
|t:|1611144736
|move|p1a: 럭키|Protect|p1a: 럭키
|-singleturn|p1a: 럭키|Protect
|move|p2a: Kyogre|Water Spout|p1a: 럭키
|-activate|p1a: 럭키|move: Protect
|
|-weather|RainDance|[upkeep]
|upkeep
|turn|55
|
|t:|1611144740
|move|p2a: Kyogre|Water Spout|p1a: 럭키
|-damage|p1a: 럭키|15/100
|move|p1a: 럭키|Toxic|p2a: Kyogre
|-status|p2a: Kyogre|tox
|
|-weather|RainDance|[upkeep]
|-damage|p2a: Kyogre|94/100 tox|[from] psn
|upkeep
|turn|56
|
|t:|1611144745
|move|p1a: 럭키|Protect|p1a: 럭키
|-singleturn|p1a: 럭키|Protect
|move|p2a: Kyogre|Water Spout|p1a: 럭키
|-activate|p1a: 럭키|move: Protect
|
|-weather|RainDance|[upkeep]
|-damage|p2a: Kyogre|82/100 tox|[from] psn
|upkeep
|turn|57
|
|t:|1611144752
|move|p1a: 럭키|Protect|p1a: 럭키
|-singleturn|p1a: 럭키|Protect
|move|p2a: Kyogre|Water Spout|p1a: 럭키
|-activate|p1a: 럭키|move: Protect
|
|-weather|RainDance|[upkeep]
|-damage|p2a: Kyogre|64/100 tox|[from] psn
|upkeep
|turn|58
|
|t:|1611144764
|move|p2a: Kyogre|Water Spout|p1a: 럭키
|-damage|p1a: 럭키|0 fnt
|faint|p1a: 럭키
|
|-weather|none
|-damage|p2a: Kyogre|39/100 tox|[from] psn
|upkeep
|
|t:|1611144773
|switch|p1a: 깜까미|Sableye-Mega, M|100/100
|-damage|p1a: 깜까미|88/100|[from] Stealth Rock
|turn|59
|
|t:|1611144777
|switch|p2a: Blissey|Blissey, F|65/100
|move|p1a: 깜까미|Calm Mind|p1a: 깜까미
|-boost|p1a: 깜까미|spa|1
|-boost|p1a: 깜까미|spd|1
|
|upkeep
|turn|60
|
|t:|1611144780
|move|p2a: Blissey|Soft-Boiled|p2a: Blissey
|-heal|p2a: Blissey|100/100
|move|p1a: 깜까미|Calm Mind|p1a: 깜까미
|-boost|p1a: 깜까미|spa|1
|-boost|p1a: 깜까미|spd|1
|
|upkeep
|turn|61
|
|t:|1611144784
|move|p1a: 깜까미|Calm Mind|p1a: 깜까미
|-boost|p1a: 깜까미|spa|1
|-boost|p1a: 깜까미|spd|1
|move|p2a: Blissey|Teleport|p2a: Blissey
|
|t:|1611144786
|switch|p2a: Tyranitar|Tyranitar, F|70/100 brn|[from]move: Teleport
|-weather|Sandstorm|[from] ability: Sand Stream|[of] p2a: Tyranitar
|
|-weather|Sandstorm|[upkeep]
|-damage|p1a: 깜까미|82/100|[from] Sandstorm
|-heal|p2a: Tyranitar|76/100 brn|[from] item: Leftovers
|-damage|p2a: Tyranitar|70/100 brn|[from] brn
|upkeep
|turn|62
|
|t:|1611144798
|switch|p2a: Blissey|Blissey, F|100/100
|move|p1a: 깜까미|Snarl|p2a: Blissey
|-damage|p2a: Blissey|85/100
|-unboost|p2a: Blissey|spa|1
|
|-weather|Sandstorm|[upkeep]
|-damage|p2a: Blissey|79/100|[from] Sandstorm
|-damage|p1a: 깜까미|75/100|[from] Sandstorm
|upkeep
|turn|63
|
|t:|1611144805
|move|p1a: 깜까미|Calm Mind|p1a: 깜까미
|-boost|p1a: 깜까미|spa|1
|-boost|p1a: 깜까미|spd|1
|move|p2a: Blissey|Teleport|p2a: Blissey
|
|t:|1611144807
|switch|p2a: Tyranitar|Tyranitar, F|70/100 brn|[from]move: Teleport
|
|-weather|Sandstorm|[upkeep]
|-damage|p1a: 깜까미|69/100|[from] Sandstorm
|-heal|p2a: Tyranitar|76/100 brn|[from] item: Leftovers
|-damage|p2a: Tyranitar|70/100 brn|[from] brn
|upkeep
|turn|64
|
|t:|1611144810
|switch|p2a: Blissey|Blissey, F|79/100
|move|p1a: 깜까미|Recover|p1a: 깜까미
|-heal|p1a: 깜까미|100/100
|
|-weather|Sandstorm|[upkeep]
|-damage|p2a: Blissey|72/100|[from] Sandstorm
|-damage|p1a: 깜까미|94/100|[from] Sandstorm
|upkeep
|turn|65
|
|t:|1611144819
|move|p1a: 깜까미|Calm Mind|p1a: 깜까미
|-boost|p1a: 깜까미|spa|1
|-boost|p1a: 깜까미|spd|1
|move|p2a: Blissey|Teleport|p2a: Blissey
|
|t:|1611144826
|switch|p2a: Tyranitar|Tyranitar, F|70/100 brn|[from]move: Teleport
|
|-weather|none
|-heal|p2a: Tyranitar|76/100 brn|[from] item: Leftovers
|-damage|p2a: Tyranitar|70/100 brn|[from] brn
|upkeep
|turn|66
|
|t:|1611144828
|switch|p2a: Blissey|Blissey, F|72/100
|move|p1a: 깜까미|Calm Mind|p1a: 깜까미
|-boost|p1a: 깜까미|spa|1
|-boost|p1a: 깜까미|spd|1
|
|upkeep
|turn|67
|
|t:|1611144839
|switch|p1a: 아르세우스|Arceus-Fairy|100/100
|-damage|p1a: 아르세우스|88/100|[from] Stealth Rock
|move|p2a: Blissey|Teleport|p2a: Blissey
|inactive|Battle timer is ON: inactive players will automatically lose when time's up. (requested by kasak)
|
|t:|1611144877
|switch|p2a: Tyranitar|Tyranitar, F|70/100 brn|[from]move: Teleport
|-weather|Sandstorm|[from] ability: Sand Stream|[of] p2a: Tyranitar
|
|-weather|Sandstorm|[upkeep]
|-damage|p1a: 아르세우스|82/100|[from] Sandstorm
|-heal|p2a: Tyranitar|76/100 brn|[from] item: Leftovers
|-damage|p2a: Tyranitar|70/100 brn|[from] brn
|upkeep
|turn|68
|
|t:|1611144884
|switch|p1a: 깜까미|Sableye-Mega, M|94/100
|-damage|p1a: 깜까미|82/100|[from] Stealth Rock
|switch|p2a: Blissey|Blissey, F|72/100
|
|-weather|Sandstorm|[upkeep]
|-damage|p2a: Blissey|66/100|[from] Sandstorm
|-damage|p1a: 깜까미|75/100|[from] Sandstorm
|upkeep
|turn|69
|
|t:|1611144889
|move|p2a: Blissey|Soft-Boiled|p2a: Blissey
|-heal|p2a: Blissey|100/100
|move|p1a: 깜까미|Recover|p1a: 깜까미
|-heal|p1a: 깜까미|100/100
|
|-weather|Sandstorm|[upkeep]
|-damage|p2a: Blissey|94/100|[from] Sandstorm
|-damage|p1a: 깜까미|94/100|[from] Sandstorm
|upkeep
|turn|70
|
|t:|1611144898
|switch|p1a: 아르세우스|Arceus-Fairy|82/100
|-damage|p1a: 아르세우스|70/100|[from] Stealth Rock
|move|p2a: Blissey|Teleport|p2a: Blissey
|
|t:|1611144902
|switch|p2a: Tyranitar|Tyranitar, F|70/100 brn|[from]move: Teleport
|
|-weather|Sandstorm|[upkeep]
|-damage|p1a: 아르세우스|64/100|[from] Sandstorm
|-heal|p2a: Tyranitar|76/100 brn|[from] item: Leftovers
|-damage|p2a: Tyranitar|70/100 brn|[from] brn
|upkeep
|turn|71
|
|t:|1611144905
|move|p1a: 아르세우스|Recover|p1a: 아르세우스
|-heal|p1a: 아르세우스|100/100
|move|p2a: Tyranitar|Rock Tomb|p1a: 아르세우스
|-damage|p1a: 아르세우스|94/100
|-unboost|p1a: 아르세우스|spe|1
|
|-weather|none
|-heal|p2a: Tyranitar|76/100 brn|[from] item: Leftovers
|-damage|p2a: Tyranitar|70/100 brn|[from] brn
|upkeep
|turn|72
|
|t:|1611144909
|move|p1a: 아르세우스|Judgment|p2a: Tyranitar
|-supereffective|p2a: Tyranitar
|-damage|p2a: Tyranitar|12/100 brn
|move|p2a: Tyranitar|Rock Tomb|p1a: 아르세우스
|-damage|p1a: 아르세우스|87/100
|-unboost|p1a: 아르세우스|spe|1
|
|-heal|p2a: Tyranitar|18/100 brn|[from] item: Leftovers
|-damage|p2a: Tyranitar|12/100 brn|[from] brn
|upkeep
|turn|73
|
|t:|1611144914
|move|p2a: Tyranitar|Rock Tomb|p1a: 아르세우스
|-damage|p1a: 아르세우스|81/100
|-unboost|p1a: 아르세우스|spe|1
|move|p1a: 아르세우스|Judgment|p2a: Tyranitar
|-supereffective|p2a: Tyranitar
|-damage|p2a: Tyranitar|0 fnt
|faint|p2a: Tyranitar
|
|upkeep
|
|t:|1611144917
|switch|p2a: Blissey|Blissey, F|94/100
|turn|74
|
|t:|1611144919
|switch|p1a: 깜까미|Sableye-Mega, M|94/100
|-damage|p1a: 깜까미|82/100|[from] Stealth Rock
|move|p2a: Blissey|Healing Wish|p2a: Blissey
|faint|p2a: Blissey
|
|upkeep
|
|t:|1611144923
|switch|p2a: Kyogre|Kyogre|39/100 tox
|-heal|p2a: Kyogre|100/100|[from] move: Healing Wish
|-weather|RainDance|[from] ability: Drizzle|[of] p2a: Kyogre
|turn|75
|
|t:|1611144938
|move|p2a: Kyogre|Water Spout|p1a: 깜까미
|-damage|p1a: 깜까미|0 fnt
|faint|p1a: 깜까미
|
|-weather|RainDance|[upkeep]
|upkeep
|
|t:|1611144940
|switch|p1a: 아르세우스|Arceus-Fairy|81/100
|-damage|p1a: 아르세우스|69/100|[from] Stealth Rock
|turn|76
|
|t:|1611144943
|move|p2a: Kyogre|Water Spout|p1a: 아르세우스
|-damage|p1a: 아르세우스|0 fnt
|faint|p1a: 아르세우스
|
|win|testinthisgarbage
|c|☆testinthisgarbage|gg
|raw|kasak's rating: 1921 &rarr; <strong>1890</strong><br />(-31 for losing)
|raw|testinthisgarbage's rating: 1718 &rarr; <strong>1749</strong><br />(+31 for winning)
|l|☆kasak
