|j|☆Supplement
|j|☆dividing by 0
|t:|1667173513
|gametype|singles
|player|p1|Supplement|red|1533
|player|p2|dividing by 0|pokemaniac|1702
|teamsize|p1|6
|teamsize|p2|6
|gen|8
|tier|[Gen 8] National Dex AG
|rated|
|rule|HP Percentage Mod: HP is shown in percentages
|rule|Endless Battle Clause: Forcing endless battles is banned
|clearpoke
|poke|p1|Greninja, M|
|poke|p1|Yveltal|
|poke|p1|Tyranitar, M|
|poke|p1|Zygarde|
|poke|p1|Calyrex-Shadow|
|poke|p1|Rayquaza|
|poke|p2|Arceus-*|
|poke|p2|Giratina|
|poke|p2|Chansey, F|
|poke|p2|Lugia|
|poke|p2|Sableye, F|
|poke|p2|Quagsire, F|
|teampreview
|inactive|Battle timer is ON: inactive players will automatically lose when time's up. (requested by Supplement)
|
|t:|1667173520
|start
|switch|p1a: Greninja|Greninja, M|100/100
|switch|p2a: Sableye|Sableye, F|100/100
|turn|1
|
|t:|1667173539
|detailschange|p2a: Sableye|Sableye-Mega, F
|-mega|p2a: Sableye|Sableye|Sablenite
|move|p1a: Greninja|Hydro Pump|p2a: Sableye
|-damage|p2a: Sableye|28/100
|move|p2a: Sableye|Toxic|p1a: Greninja
|-status|p1a: Greninja|tox
|
|-damage|p1a: Greninja|95/100 tox|[from] psn
|upkeep
|turn|2
|j| luisYR_a
|l| luisYR_a
|
|t:|1667173545
|switch|p2a: Chansey|Chansey, F|100/100
|move|p1a: Greninja|Hydro Pump|p2a: Chansey|[miss]
|-miss|p1a: Greninja|p2a: Chansey
|
|-damage|p1a: Greninja|83/100 tox|[from] psn
|upkeep
|turn|3
|j| luisYR_a
|l| luisYR_a
|
|t:|1667173574
|switch|p1a: Tyranitar|Tyranitar, M|100/100
|-weather|Sandstorm|[from] ability: Sand Stream|[of] p1a: Tyranitar
|move|p2a: Chansey|Teleport|p2a: Chansey
|
|t:|1667173582
|switch|p2a: Arceus|Arceus-Dark|100/100|[from]move: Teleport
|
|-weather|Sandstorm|[upkeep]
|-damage|p2a: Arceus|94/100|[from] Sandstorm
|upkeep
|turn|4
|j| luisYR_a
|inactive|Supplement has 120 seconds left.
|inactive|Supplement has 90 seconds left.
|
|t:|1667173642
|move|p2a: Arceus|Whirlpool|p1a: Tyranitar
|-supereffective|p1a: Tyranitar
|-damage|p1a: Tyranitar|92/100
|-activate|p1a: Tyranitar|move: Whirlpool|[of] p2a: Arceus
|move|p1a: Tyranitar|Stealth Rock|p2a: Arceus
|-sidestart|p2: dividing by 0|move: Stealth Rock
|
|-weather|Sandstorm|[upkeep]
|-damage|p2a: Arceus|88/100|[from] Sandstorm
|-damage|p1a: Tyranitar|79/100|[from] move: Whirlpool|[partiallytrapped]
|upkeep
|turn|5
|l| luisYR_a
|inactive|Supplement has 90 seconds left.
|
|t:|1667173651
|move|p2a: Arceus|Perish Song|p2a: Arceus
|-start|p1a: Tyranitar|perish3|[silent]
|-start|p2a: Arceus|perish3|[silent]
|-fieldactivate|move: Perish Song
|move|p1a: Tyranitar|Rock Tomb|p2a: Arceus
|-damage|p2a: Arceus|75/100
|-unboost|p2a: Arceus|spe|1
|
|-weather|Sandstorm|[upkeep]
|-damage|p2a: Arceus|68/100|[from] Sandstorm
|-damage|p1a: Tyranitar|67/100|[from] move: Whirlpool|[partiallytrapped]
|-start|p2a: Arceus|perish3
|-start|p1a: Tyranitar|perish3
|upkeep
|turn|6
|
|t:|1667173656
|move|p2a: Arceus|Recover|p2a: Arceus
|-heal|p2a: Arceus|100/100
|move|p1a: Tyranitar|Rock Tomb|p2a: Arceus
|-damage|p2a: Arceus|87/100
|-unboost|p2a: Arceus|spe|1
|
|-weather|Sandstorm|[upkeep]
|-damage|p2a: Arceus|81/100|[from] Sandstorm
|-damage|p1a: Tyranitar|54/100|[from] move: Whirlpool|[partiallytrapped]
|-start|p1a: Tyranitar|perish2
|-start|p2a: Arceus|perish2
|upkeep
|turn|7
|
|t:|1667173661
|move|p1a: Tyranitar|Rock Tomb|p2a: Arceus
|-damage|p2a: Arceus|67/100
|-unboost|p2a: Arceus|spe|1
|move|p2a: Arceus|Recover|p2a: Arceus
|-heal|p2a: Arceus|100/100
|
|-weather|none
|-damage|p1a: Tyranitar|42/100|[from] move: Whirlpool|[partiallytrapped]
|-start|p1a: Tyranitar|perish1
|-start|p2a: Arceus|perish1
|upkeep
|turn|8
|
|t:|1667173670
|switch|p2a: Quagsire|Quagsire, F|100/100
|-damage|p2a: Quagsire|94/100|[from] Stealth Rock
|-zpower|p1a: Tyranitar
|move|p1a: Tyranitar|Black Hole Eclipse|p2a: Quagsire|[zeffect]
|-damage|p2a: Quagsire|38/100
|
|-end|p1a: Tyranitar|Whirlpool|[partiallytrapped]|[silent]
|-start|p1a: Tyranitar|perish0
|upkeep
|faint|p1a: Tyranitar
|inactive|Supplement has 90 seconds left.
|
|t:|1667173701
|switch|p1a: Calyrex|Calyrex-Shadow|100/100
|-ability|p1a: Calyrex|As One
|-ability|p1a: Calyrex|Unnerve
|turn|9
|
|t:|1667173710
|switch|p2a: Chansey|Chansey, F|100/100
|-damage|p2a: Chansey|88/100|[from] Stealth Rock
|move|p1a: Calyrex|Astral Barrage|p2a: Chansey
|-immune|p2a: Chansey
|
|upkeep
|turn|10
|
|t:|1667173715
|move|p1a: Calyrex|Substitute|p1a: Calyrex
|-start|p1a: Calyrex|Substitute
|-damage|p1a: Calyrex|76/100
|move|p2a: Chansey|Toxic||[still]
|-fail|p2a: Chansey
|
|upkeep
|turn|11
|
|t:|1667173723
|move|p1a: Calyrex|Nasty Plot|p1a: Calyrex
|-boost|p1a: Calyrex|spa|2
|move|p2a: Chansey|Teleport|p2a: Chansey
|
|t:|1667173728
|switch|p2a: Arceus|Arceus-Dark|100/100|[from]move: Teleport
|-damage|p2a: Arceus|88/100|[from] Stealth Rock
|
|upkeep
|turn|12
|
|t:|1667173737
|move|p1a: Calyrex|Baton Pass|p1a: Calyrex
|
|t:|1667173745
|switch|p1a: Yveltal|Yveltal, shiny|100/100|[from]move: Baton Pass
|-ability|p1a: Yveltal|Dark Aura
|move|p2a: Arceus|Perish Song|p2a: Arceus
|-start|p1a: Yveltal|perish3|[silent]
|-start|p2a: Arceus|perish3|[silent]
|-fieldactivate|move: Perish Song
|
|-start|p2a: Arceus|perish3
|-start|p1a: Yveltal|perish3
|upkeep
|turn|13
|
|t:|1667173753
|switch|p2a: Chansey|Chansey, F|88/100
|-damage|p2a: Chansey|76/100|[from] Stealth Rock
|-end|p1a: Yveltal|Substitute
|-start|p1a: Yveltal|Dynamax|
|-heal|p1a: Yveltal|100/100|[silent]
|move|p1a: Yveltal|Max Airstream|p2a: Chansey
|-damage|p2a: Chansey|36/100
|-boost|p1a: Yveltal|spe|1
|
|-start|p1a: Yveltal|perish2
|upkeep
|turn|14
|
|t:|1667173765
|switch|p2a: Quagsire|Quagsire, F|38/100
|-damage|p2a: Quagsire|32/100|[from] Stealth Rock
|move|p1a: Yveltal|Max Airstream|p2a: Quagsire
|-damage|p2a: Quagsire|0 fnt
|-boost|p1a: Yveltal|spe|1
|faint|p2a: Quagsire
|
|-start|p1a: Yveltal|perish1
|upkeep
|
|t:|1667173775
|switch|p2a: Sableye|Sableye-Mega, F|28/100
|-damage|p2a: Sableye|16/100|[from] Stealth Rock
|turn|15
|
|t:|1667173788
|-end|p1a: Yveltal|Dynamax
|-heal|p1a: Yveltal|100/100|[silent]
|switch|p1a: Greninja|Greninja, M|83/100 tox
|move|p2a: Sableye|Recover|p2a: Sableye
|-heal|p2a: Sableye|66/100
|
|-damage|p1a: Greninja|77/100 tox|[from] psn
|upkeep
|turn|16
|
|t:|1667173797
|move|p1a: Greninja|Hydro Pump|p2a: Sableye|[miss]
|-miss|p1a: Greninja|p2a: Sableye
|move|p2a: Sableye|Recover|p2a: Sableye
|-heal|p2a: Sableye|100/100
|
|-damage|p1a: Greninja|65/100 tox|[from] psn
|upkeep
|turn|17
|
|t:|1667173800
|move|p1a: Greninja|Hydro Pump|p2a: Sableye|[miss]
|-miss|p1a: Greninja|p2a: Sableye
|move|p2a: Sableye|Foul Play|p1a: Greninja
|-resisted|p1a: Greninja
|-damage|p1a: Greninja|40/100 tox
|
|-damage|p1a: Greninja|22/100 tox|[from] psn
|upkeep
|turn|18
|
|t:|1667173805
|move|p1a: Greninja|Hydro Pump|p2a: Sableye
|-crit|p2a: Sableye
|-damage|p2a: Sableye|0 fnt
|faint|p2a: Sableye
|-activate|p1a: Greninja|ability: Battle Bond
|detailschange|p1a: Greninja|Greninja-Ash, M
|
|-damage|p1a: Greninja|0 fnt|[from] psn
|faint|p1a: Greninja
|upkeep
|
|t:|1667173815
|switch|p1a: Rayquaza|Rayquaza|100/100
|switch|p2a: Chansey|Chansey, F|36/100
|-ability|p1a: Rayquaza|Air Lock
|-damage|p2a: Chansey|24/100|[from] Stealth Rock
|turn|19
|
|t:|1667173818
|switch|p2a: Lugia|Lugia|100/100
|move|p1a: Rayquaza|Dragon Ascent|p2a: Lugia
|-damage|p2a: Lugia|74/100
|-unboost|p1a: Rayquaza|def|1
|-unboost|p1a: Rayquaza|spd|1
|-damage|p1a: Rayquaza|91/100|[from] item: Life Orb
|
|upkeep
|turn|20
|
|t:|1667173826
|move|p1a: Rayquaza|Dragon Dance|p1a: Rayquaza
|-boost|p1a: Rayquaza|atk|1
|-boost|p1a: Rayquaza|spe|1
|move|p2a: Lugia|Roost|p2a: Lugia
|-heal|p2a: Lugia|100/100
|-singleturn|p2a: Lugia|move: Roost
|
|upkeep
|turn|21
|
|t:|1667173836
|move|p1a: Rayquaza|Dragon Dance|p1a: Rayquaza
|-boost|p1a: Rayquaza|atk|1
|-boost|p1a: Rayquaza|spe|1
|move|p2a: Lugia|Toxic|p1a: Rayquaza
|-status|p1a: Rayquaza|tox
|
|-damage|p1a: Rayquaza|85/100 tox|[from] psn
|upkeep
|turn|22
|
|t:|1667173845
|detailschange|p1a: Rayquaza|Rayquaza-Mega
|-mega|p1a: Rayquaza|Rayquaza|
|-weather|DeltaStream|[from] ability: Delta Stream|[of] p1a: Rayquaza
|move|p1a: Rayquaza|Dragon Ascent|p2a: Lugia
|-damage|p2a: Lugia|40/100
|-unboost|p1a: Rayquaza|def|1
|-unboost|p1a: Rayquaza|spd|1
|-damage|p1a: Rayquaza|75/100 tox|[from] item: Life Orb
|move|p2a: Lugia|Roost|p2a: Lugia
|-heal|p2a: Lugia|90/100
|-singleturn|p2a: Lugia|move: Roost
|
|-weather|DeltaStream|[upkeep]
|-damage|p1a: Rayquaza|63/100 tox|[from] psn
|upkeep
|turn|23
|
|t:|1667173855
|-start|p2a: Lugia|Dynamax|
|-heal|p2a: Lugia|90/100|[silent]
|move|p2a: Lugia|Max Guard|p2a: Lugia
|-singleturn|p2a: Lugia|Max Guard
|move|p1a: Rayquaza|Dragon Ascent|p2a: Lugia
|-activate|p2a: Lugia|move: Max Guard
|
|-weather|DeltaStream|[upkeep]
|-damage|p1a: Rayquaza|45/100 tox|[from] psn
|upkeep
|turn|24
|
|t:|1667173862
|move|p2a: Lugia|Max Guard|p2a: Lugia
|-singleturn|p2a: Lugia|Max Guard
|move|p1a: Rayquaza|Dragon Ascent|p2a: Lugia
|-activate|p2a: Lugia|move: Max Guard
|
|-weather|DeltaStream|[upkeep]
|-damage|p1a: Rayquaza|21/100 tox|[from] psn
|upkeep
|turn|25
|
|t:|1667173866
|move|p2a: Lugia|Max Guard|p2a: Lugia
|-singleturn|p2a: Lugia|Max Guard
|move|p1a: Rayquaza|Dragon Ascent|p2a: Lugia
|-activate|p2a: Lugia|move: Max Guard
|
|-weather|DeltaStream|[upkeep]
|-damage|p1a: Rayquaza|0 fnt|[from] psn
|faint|p1a: Rayquaza
|-weather|none
|upkeep
|
|t:|1667173875
|switch|p1a: Yveltal|Yveltal, shiny|100/100
|-ability|p1a: Yveltal|Dark Aura
|-end|p2a: Lugia|Dynamax
|-heal|p2a: Lugia|90/100|[silent]
|turn|26
|
|t:|1667173878
|switch|p2a: Arceus|Arceus-Dark|88/100
|-damage|p2a: Arceus|76/100|[from] Stealth Rock
|move|p1a: Yveltal|Dark Pulse|p2a: Arceus
|-resisted|p2a: Arceus
|-damage|p2a: Arceus|56/100
|
|upkeep
|turn|27
|
|t:|1667173882
|move|p2a: Arceus|Recover|p2a: Arceus
|-heal|p2a: Arceus|100/100
|move|p1a: Yveltal|Oblivion Wing|p2a: Arceus
|-damage|p2a: Arceus|71/100
|
|upkeep
|turn|28
|
|t:|1667173893
|switch|p1a: Zygarde|Zygarde, shiny|100/100
|move|p2a: Arceus|Whirlpool|p1a: Zygarde
|-damage|p1a: Zygarde|93/100
|-activate|p1a: Zygarde|move: Whirlpool|[of] p2a: Arceus
|
|-damage|p1a: Zygarde|80/100|[from] move: Whirlpool|[partiallytrapped]
|upkeep
|turn|29
|
|t:|1667173900
|move|p2a: Arceus|Perish Song|p2a: Arceus
|-start|p1a: Zygarde|perish3|[silent]
|-start|p2a: Arceus|perish3|[silent]
|-fieldactivate|move: Perish Song
|move|p1a: Zygarde|Glare|p2a: Arceus
|-status|p2a: Arceus|par
|
|-damage|p1a: Zygarde|68/100|[from] move: Whirlpool|[partiallytrapped]
|-start|p1a: Zygarde|perish3
|-start|p2a: Arceus|perish3
|upkeep
|turn|30
|
|t:|1667173905
|move|p1a: Zygarde|Thousand Arrows|p2a: Arceus
|-damage|p2a: Arceus|55/100 par
|move|p2a: Arceus|Recover|p2a: Arceus
|-heal|p2a: Arceus|100/100 par
|
|-damage|p1a: Zygarde|56/100|[from] move: Whirlpool|[partiallytrapped]
|-start|p1a: Zygarde|perish2
|-start|p2a: Arceus|perish2
|upkeep
|turn|31
|
|t:|1667173911
|move|p1a: Zygarde|Haze|p1a: Zygarde
|-clearallboost
|move|p2a: Arceus|Recover||[still]
|-fail|p2a: Arceus|heal
|
|-damage|p1a: Zygarde|43/100|[from] move: Whirlpool|[partiallytrapped]
|-start|p1a: Zygarde|perish1
|-start|p2a: Arceus|perish1
|-activate|p1a: Zygarde|ability: Power Construct
|detailschange|p1a: Zygarde|Zygarde-Complete, shiny
|-heal|p1a: Zygarde|63/100|[silent]
|upkeep
|turn|32
|
|t:|1667173924
|switch|p2a: Giratina|Giratina|100/100
|-damage|p2a: Giratina|88/100|[from] Stealth Rock
|-ability|p2a: Giratina|Pressure
|move|p1a: Zygarde|Glare|p2a: Giratina
|-status|p2a: Giratina|par
|
|-heal|p2a: Giratina|94/100 par|[from] item: Leftovers
|-end|p1a: Zygarde|Whirlpool|[partiallytrapped]
|-start|p1a: Zygarde|perish0
|faint|p1a: Zygarde
|upkeep
|
|t:|1667173937
|switch|p1a: Calyrex|Calyrex-Shadow|76/100
|-ability|p1a: Calyrex|As One
|-ability|p1a: Calyrex|Unnerve
|turn|33
|
|t:|1667173942
|switch|p2a: Chansey|Chansey, F|24/100
|-damage|p2a: Chansey|11/100|[from] Stealth Rock
|move|p1a: Calyrex|Substitute|p1a: Calyrex
|-start|p1a: Calyrex|Substitute
|-damage|p1a: Calyrex|51/100
|
|upkeep
|turn|34
|
|t:|1667173945
|move|p1a: Calyrex|Nasty Plot|p1a: Calyrex
|-boost|p1a: Calyrex|spa|2
|move|p2a: Chansey|Soft-Boiled|p2a: Chansey
|-heal|p2a: Chansey|61/100
|
|upkeep
|turn|35
|
|t:|1667173952
|move|p1a: Calyrex|Nasty Plot|p1a: Calyrex
|-boost|p1a: Calyrex|spa|2
|move|p2a: Chansey|Soft-Boiled|p2a: Chansey
|-heal|p2a: Chansey|100/100
|
|upkeep
|turn|36
|
|t:|1667173957
|move|p1a: Calyrex|Nasty Plot|p1a: Calyrex
|-boost|p1a: Calyrex|spa|2
|move|p2a: Chansey|Aromatherapy|p2a: Chansey
|-activate|p2a: Chansey|move: Aromatherapy
|-curestatus|p2: Arceus|par|[msg]
|-curestatus|p2: Giratina|par|[msg]
|
|upkeep
|turn|37
|
|t:|1667173960
|move|p1a: Calyrex|Baton Pass|p1a: Calyrex
|
|t:|1667173962
|switch|p1a: Yveltal|Yveltal, shiny|100/100|[from]move: Baton Pass
|-ability|p1a: Yveltal|Dark Aura
|move|p2a: Chansey|Teleport|p2a: Chansey
|
|t:|1667173971
|switch|p2a: Arceus|Arceus-Dark|100/100|[from]move: Teleport
|-damage|p2a: Arceus|88/100|[from] Stealth Rock
|
|upkeep
|turn|38
|
|t:|1667173978
|move|p2a: Arceus|Perish Song|p2a: Arceus
|-start|p1a: Yveltal|perish3|[silent]
|-start|p2a: Arceus|perish3|[silent]
|-fieldactivate|move: Perish Song
|move|p1a: Yveltal|Oblivion Wing|p2a: Arceus
|-damage|p2a: Arceus|0 fnt
|faint|p2a: Arceus
|
|-start|p1a: Yveltal|perish3
|upkeep
|
|t:|1667173981
|switch|p2a: Chansey|Chansey, F|100/100
|-damage|p2a: Chansey|88/100|[from] Stealth Rock
|turn|39
|
|t:|1667173987
|move|p1a: Yveltal|Dark Pulse|p2a: Chansey
|-damage|p2a: Chansey|25/100
|move|p2a: Chansey|Soft-Boiled|p2a: Chansey
|-heal|p2a: Chansey|75/100
|
|-start|p1a: Yveltal|perish2
|upkeep
|turn|40
|
|t:|1667173992
|move|p1a: Yveltal|Dark Pulse|p2a: Chansey
|-damage|p2a: Chansey|11/100
|move|p2a: Chansey|Soft-Boiled|p2a: Chansey
|-heal|p2a: Chansey|61/100
|
|-start|p1a: Yveltal|perish1
|upkeep
|turn|41
|
|t:|1667174004
|switch|p1a: Calyrex|Calyrex-Shadow|51/100
|-ability|p1a: Calyrex|As One
|-ability|p1a: Calyrex|Unnerve
|switch|p2a: Giratina|Giratina|94/100
|-damage|p2a: Giratina|82/100|[from] Stealth Rock
|-ability|p2a: Giratina|Pressure
|
|-heal|p2a: Giratina|88/100|[from] item: Leftovers
|upkeep
|turn|42
|
|t:|1667174009
|move|p1a: Calyrex|Astral Barrage|p2a: Giratina
|-supereffective|p2a: Giratina
|-damage|p2a: Giratina|0 fnt
|faint|p2a: Giratina
|-ability|p1a: Calyrex|Grim Neigh|boost
|-boost|p1a: Calyrex|spa|1
|
|upkeep
|
|t:|1667174013
|switch|p2a: Chansey|Chansey, F|61/100
|-damage|p2a: Chansey|48/100|[from] Stealth Rock
|turn|43
|
|t:|1667174015
|move|p1a: Calyrex|Substitute|p1a: Calyrex
|-start|p1a: Calyrex|Substitute
|-damage|p1a: Calyrex|26/100
|move|p2a: Chansey|Soft-Boiled|p2a: Chansey
|-heal|p2a: Chansey|98/100
|
|upkeep
|turn|44
|
|t:|1667174020
|move|p1a: Calyrex|Nasty Plot|p1a: Calyrex
|-boost|p1a: Calyrex|spa|2
|move|p2a: Chansey|Teleport|p2a: Chansey
|
|t:|1667174024
|switch|p2a: Lugia|Lugia|90/100|[from]move: Teleport
|
|upkeep
|turn|45
|
|t:|1667174032
|switch|p2a: Chansey|Chansey, F|98/100
|-damage|p2a: Chansey|86/100|[from] Stealth Rock
|move|p1a: Calyrex|Nasty Plot|p1a: Calyrex
|-boost|p1a: Calyrex|spa|2
|
|upkeep
|turn|46
|
|t:|1667174039
|move|p1a: Calyrex|Nasty Plot|p1a: Calyrex
|-boost|p1a: Calyrex|spa|1
|move|p2a: Chansey|Teleport|p2a: Chansey
|
|t:|1667174043
|switch|p2a: Lugia|Lugia|90/100|[from]move: Teleport
|
|upkeep
|turn|47
|
|t:|1667174047
|move|p1a: Calyrex|Baton Pass|p1a: Calyrex
|
|t:|1667174049
|switch|p1a: Yveltal|Yveltal, shiny|100/100|[from]move: Baton Pass
|-ability|p1a: Yveltal|Dark Aura
|move|p2a: Lugia|Whirlwind|p1a: Yveltal
|drag|p1a: Calyrex|Calyrex-Shadow|26/100
|-ability|p1a: Calyrex|As One
|-ability|p1a: Calyrex|Unnerve
|
|upkeep
|turn|48
|
|t:|1667174061
|switch|p2a: Chansey|Chansey, F|86/100
|-damage|p2a: Chansey|73/100|[from] Stealth Rock
|move|p1a: Calyrex|Astral Barrage|p2a: Chansey
|-immune|p2a: Chansey
|
|upkeep
|turn|49
|
|t:|1667174066
|move|p1a: Calyrex|Substitute|p1a: Calyrex
|-start|p1a: Calyrex|Substitute
|-damage|p1a: Calyrex|1/100
|move|p2a: Chansey|Soft-Boiled|p2a: Chansey
|-heal|p2a: Chansey|100/100
|
|upkeep
|turn|50
|
|t:|1667174070
|move|p1a: Calyrex|Nasty Plot|p1a: Calyrex
|-boost|p1a: Calyrex|spa|2
|move|p2a: Chansey|Teleport|p2a: Chansey
|
|t:|1667174073
|switch|p2a: Lugia|Lugia|90/100|[from]move: Teleport
|
|upkeep
|turn|51
|
|t:|1667174077
|switch|p2a: Chansey|Chansey, F|100/100
|-damage|p2a: Chansey|88/100|[from] Stealth Rock
|move|p1a: Calyrex|Astral Barrage|p2a: Chansey
|-immune|p2a: Chansey
|
|upkeep
|turn|52
|
|t:|1667174081
|move|p1a: Calyrex|Nasty Plot|p1a: Calyrex
|-boost|p1a: Calyrex|spa|2
|move|p2a: Chansey|Teleport|p2a: Chansey
|
|t:|1667174085
|switch|p2a: Lugia|Lugia|90/100|[from]move: Teleport
|
|upkeep
|turn|53
|
|t:|1667174090
|switch|p2a: Chansey|Chansey, F|88/100
|-damage|p2a: Chansey|76/100|[from] Stealth Rock
|move|p1a: Calyrex|Astral Barrage|p2a: Chansey
|-immune|p2a: Chansey
|
|upkeep
|turn|54
|
|t:|1667174093
|move|p1a: Calyrex|Nasty Plot|p1a: Calyrex
|-boost|p1a: Calyrex|spa|2
|move|p2a: Chansey|Teleport|p2a: Chansey
|
|t:|1667174096
|switch|p2a: Lugia|Lugia|90/100|[from]move: Teleport
|
|upkeep
|turn|55
|
|t:|1667174104
|switch|p2a: Chansey|Chansey, F|76/100
|-damage|p2a: Chansey|63/100|[from] Stealth Rock
|move|p1a: Calyrex|Astral Barrage|p2a: Chansey
|-immune|p2a: Chansey
|
|upkeep
|turn|56
|
|t:|1667174109
|move|p1a: Calyrex|Baton Pass|p1a: Calyrex
|
|t:|1667174111
|switch|p1a: Yveltal|Yveltal, shiny|100/100|[from]move: Baton Pass
|-ability|p1a: Yveltal|Dark Aura
|move|p2a: Chansey|Soft-Boiled|p2a: Chansey
|-heal|p2a: Chansey|100/100
|
|upkeep
|turn|57
|
|t:|1667174116
|move|p1a: Yveltal|Dark Pulse|p2a: Chansey
|-damage|p2a: Chansey|43/100
|move|p2a: Chansey|Teleport|p2a: Chansey
|
|t:|1667174119
|switch|p2a: Lugia|Lugia|90/100|[from]move: Teleport
|
|upkeep
|turn|58
|
|t:|1667174121
|move|p1a: Yveltal|Dark Pulse|p2a: Lugia
|-supereffective|p2a: Lugia
|-damage|p2a: Lugia|0 fnt
|faint|p2a: Lugia
|
|upkeep
|-message|dividing by 0 forfeited.
|
|win|Supplement
|raw|Supplement's rating: 1533 &rarr; <strong>1562</strong><br />(+29 for winning)
|raw|dividing by 0's rating: 1702 &rarr; <strong>1673</strong><br />(-29 for losing)
|l|☆dividing by 0
||Ladder isn't responding, score probably updated but might not have (Request timeout).
