|j|☆soda49
|j|☆Scissors2020
|t:|1652925302
|gametype|singles
|player|p1|soda49|101|1662
|player|p2|Scissors2020|veteran|1517
|teamsize|p1|6
|teamsize|p2|6
|gen|8
|tier|[Gen 8] National Dex AG
|rated|
|rule|HP Percentage Mod: HP is shown in percentages
|rule|Endless Battle Clause: Forcing endless battles is banned
|clearpoke
|poke|p1|Charizard, F|
|poke|p1|Mimikyu, M|
|poke|p1|Smeargle, F|
|poke|p1|Calyrex-Shadow|
|poke|p1|Quagsire, M|
|poke|p1|Thundurus, M|
|poke|p2|Cinderace, F|
|poke|p2|Zacian-*|
|poke|p2|Marshadow|
|poke|p2|Scizor, F|
|poke|p2|Calyrex-Shadow|
|poke|p2|Serperior, F|
|teampreview
|inactive|Battle timer is ON: inactive players will automatically lose when time's up. (requested by Scissors2020)
|
|t:|1652925311
|start
|switch|p1a: Charizard|Charizard, F|100/100
|switch|p2a: Scizor|Scizor, F|100/100
|turn|1
|
|t:|1652925316
|switch|p2a: Cinderace|Cinderace, F|100/100
|-start|p1a: Charizard|Dynamax|Gmax
|-heal|p1a: Charizard|100/100|[silent]
|move|p1a: Charizard|Max Airstream|p2a: Cinderace
|-damage|p2a: Cinderace|20/100
|-boost|p1a: Charizard|spe|1
|
|upkeep
|turn|2
|
|t:|1652925321
|move|p2a: Cinderace|Sucker Punch|p1a: Charizard
|-start|p2a: Cinderace|typechange|Dark|[from] ability: Libero
|-damage|p1a: Charizard|72/100
|move|p1a: Charizard|G-Max Wildfire|p2a: Cinderace
|-damage|p2a: Cinderace|0 fnt
|-sidestart|p2: Scissors2020|G-Max Wildfire
|faint|p2a: Cinderace
|
|upkeep
|
|t:|1652925346
|switch|p2a: Scizor|Scizor, F|100/100
|turn|3
|
|t:|1652925352
|detailschange|p2a: Scizor|Scizor-Mega, F
|-mega|p2a: Scizor|Scizor|Scizorite
|move|p2a: Scizor|Bullet Punch|p1a: Charizard
|-resisted|p1a: Charizard
|-crit|p1a: Charizard
|-damage|p1a: Charizard|48/100
|move|p1a: Charizard|G-Max Wildfire|p2a: Scizor
|-supereffective|p2a: Scizor
|-damage|p2a: Scizor|0 fnt
|faint|p2a: Scizor
|
|upkeep
|
|t:|1652925363
|switch|p2a: Calyrex|Calyrex-Shadow|100/100
|-ability|p2a: Calyrex|As One
|-ability|p2a: Calyrex|Unnerve
|-end|p1a: Charizard|Dynamax
|-heal|p1a: Charizard|48/100|[silent]
|turn|4
|
|t:|1652925374
|move|p2a: Calyrex|Astral Barrage|p1a: Charizard
|-damage|p1a: Charizard|0 fnt
|faint|p1a: Charizard
|-ability|p2a: Calyrex|Grim Neigh|boost
|-boost|p2a: Calyrex|spa|1
|
|-damage|p2a: Calyrex|84/100|[from] G-Max Wildfire
|upkeep
|
|t:|1652925381
|switch|p1a: Smeargle|Smeargle, F|100/100
|turn|5
|
|t:|1652925391
|switch|p2a: Serperior|Serperior, F|100/100
|move|p1a: Smeargle|Shell Smash|p1a: Smeargle
|-unboost|p1a: Smeargle|def|1
|-unboost|p1a: Smeargle|spd|1
|-boost|p1a: Smeargle|atk|2
|-boost|p1a: Smeargle|spa|2
|-boost|p1a: Smeargle|spe|2
|
|-damage|p2a: Serperior|84/100|[from] G-Max Wildfire
|-sideend|p2: Scissors2020|G-Max Wildfire
|-ability|p1a: Smeargle|Moody|boost
|-boost|p1a: Smeargle|spe|2
|-unboost|p1a: Smeargle|def|1
|upkeep
|turn|6
|
|t:|1652925397
|move|p1a: Smeargle|Substitute|p1a: Smeargle
|-start|p1a: Smeargle|Substitute
|-damage|p1a: Smeargle|76/100
|move|p2a: Serperior|Leaf Storm|p1a: Smeargle
|-end|p1a: Smeargle|Substitute
|-boost|p2a: Serperior|spa|2
|
|-heal|p1a: Smeargle|82/100|[from] item: Leftovers
|-ability|p1a: Smeargle|Moody|boost
|-boost|p1a: Smeargle|def|2
|-unboost|p1a: Smeargle|atk|1
|upkeep
|turn|7
|
|t:|1652925402
|move|p1a: Smeargle|Substitute|p1a: Smeargle
|-start|p1a: Smeargle|Substitute
|-damage|p1a: Smeargle|57/100
|move|p2a: Serperior|Leaf Storm|p1a: Smeargle
|-end|p1a: Smeargle|Substitute
|-boost|p2a: Serperior|spa|2
|
|-heal|p1a: Smeargle|63/100|[from] item: Leftovers
|-ability|p1a: Smeargle|Moody|boost
|-boost|p1a: Smeargle|atk|2
|-unboost|p1a: Smeargle|spa|1
|upkeep
|turn|8
|
|t:|1652925411
|move|p1a: Smeargle|Substitute|p1a: Smeargle
|-start|p1a: Smeargle|Substitute
|-damage|p1a: Smeargle|38/100
|move|p2a: Serperior|Leaf Storm|p1a: Smeargle
|-end|p1a: Smeargle|Substitute
|-boost|p2a: Serperior|spa|2
|
|-heal|p1a: Smeargle|44/100|[from] item: Leftovers
|-ability|p1a: Smeargle|Moody|boost
|-boost|p1a: Smeargle|atk|2
|-unboost|p1a: Smeargle|def|1
|upkeep
|turn|9
|
|t:|1652925421
|move|p1a: Smeargle|Substitute|p1a: Smeargle
|-start|p1a: Smeargle|Substitute
|-damage|p1a: Smeargle|20/100
|move|p2a: Serperior|Leaf Storm|p1a: Smeargle
|-end|p1a: Smeargle|Substitute
|
|-heal|p1a: Smeargle|26/100|[from] item: Leftovers
|-ability|p1a: Smeargle|Moody|boost
|-boost|p1a: Smeargle|spd|2
|-unboost|p1a: Smeargle|spa|1
|upkeep
|turn|10
|
|t:|1652925436
|move|p1a: Smeargle|Substitute|p1a: Smeargle
|-start|p1a: Smeargle|Substitute
|-damage|p1a: Smeargle|1/100
|move|p2a: Serperior|Leaf Storm|p1a: Smeargle
|-end|p1a: Smeargle|Substitute
|
|-heal|p1a: Smeargle|7/100|[from] item: Leftovers
|-ability|p1a: Smeargle|Moody|boost
|-boost|p1a: Smeargle|def|2
|-unboost|p1a: Smeargle|spe|1
|upkeep
|turn|11
|
|t:|1652925449
|move|p1a: Smeargle|Power Trip|p2a: Serperior
|-damage|p2a: Serperior|0 fnt
|faint|p2a: Serperior
|
|-heal|p1a: Smeargle|13/100|[from] item: Leftovers
|-ability|p1a: Smeargle|Moody|boost
|-boost|p1a: Smeargle|spe|2
|-unboost|p1a: Smeargle|spa|1
|upkeep
|
|t:|1652925464
|switch|p2a: Marshadow|Marshadow|100/100
|turn|12
|
|t:|1652925468
|move|p2a: Marshadow|Protect|p2a: Marshadow
|-singleturn|p2a: Marshadow|Protect
|move|p1a: Smeargle|Spore|p2a: Marshadow
|-activate|p2a: Marshadow|move: Protect
|
|-heal|p1a: Smeargle|19/100|[from] item: Leftovers
|-ability|p1a: Smeargle|Moody|boost
|-boost|p1a: Smeargle|spa|2
|-unboost|p1a: Smeargle|atk|1
|upkeep
|turn|13
|
|t:|1652925479
|move|p1a: Smeargle|Spore|p2a: Marshadow
|-status|p2a: Marshadow|slp|[from] move: Spore
|cant|p2a: Marshadow|slp
|
|-heal|p1a: Smeargle|25/100|[from] item: Leftovers
|-ability|p1a: Smeargle|Moody|boost
|-boost|p1a: Smeargle|spd|2
|-unboost|p1a: Smeargle|spe|1
|upkeep
|turn|14
|
|t:|1652925490
|move|p1a: Smeargle|Power Trip|p2a: Marshadow
|-enditem|p2a: Marshadow|Focus Sash
|-damage|p2a: Marshadow|1/100 slp
|cant|p2a: Marshadow|slp
|
|-heal|p1a: Smeargle|31/100|[from] item: Leftovers
|-ability|p1a: Smeargle|Moody|boost
|-boost|p1a: Smeargle|spd|2
|-unboost|p1a: Smeargle|atk|1
|upkeep
|turn|15
|
|t:|1652925507
|-curestatus|p2a: Marshadow|slp|[msg]
|move|p2a: Marshadow|Protect|p2a: Marshadow
|-singleturn|p2a: Marshadow|Protect
|move|p1a: Smeargle|Power Trip|p2a: Marshadow
|-activate|p2a: Marshadow|move: Protect
|
|-heal|p1a: Smeargle|37/100|[from] item: Leftovers
|-ability|p1a: Smeargle|Moody|boost
|-boost|p1a: Smeargle|def|2
|-unboost|p1a: Smeargle|atk|1
|upkeep
|turn|16
|
|t:|1652925520
|move|p1a: Smeargle|Power Trip|p2a: Marshadow
|-crit|p2a: Marshadow
|-damage|p2a: Marshadow|0 fnt
|faint|p2a: Marshadow
|
|-heal|p1a: Smeargle|43/100|[from] item: Leftovers
|-ability|p1a: Smeargle|Moody|boost
|-boost|p1a: Smeargle|spa|2
|-unboost|p1a: Smeargle|def|1
|upkeep
|
|t:|1652925532
|switch|p2a: Calyrex|Calyrex-Shadow|84/100
|-ability|p2a: Calyrex|As One
|-ability|p2a: Calyrex|Unnerve
|turn|17
|
|t:|1652925537
|move|p1a: Smeargle|Power Trip|p2a: Calyrex
|-supereffective|p2a: Calyrex
|-damage|p2a: Calyrex|0 fnt
|faint|p2a: Calyrex
|
|-heal|p1a: Smeargle|49/100|[from] item: Leftovers
|-ability|p1a: Smeargle|Moody|boost
|-boost|p1a: Smeargle|def|2
|-unboost|p1a: Smeargle|spa|1
|upkeep
|-message|Scissors2020 forfeited.
|
|win|soda49
|raw|soda49's rating: 1662 &rarr; <strong>1674</strong><br />(+12 for winning)
|raw|Scissors2020's rating: 1517 &rarr; <strong>1505</strong><br />(-12 for losing)
|l|☆Scissors2020
||Ladder isn't responding, score probably updated but might not have (Request timeout).
