|j|☆Jeanccq10
|j|☆kerrozxl-
|t:|1662156675
|gametype|singles
|player|p1|Jeanccq10|red|1587
|player|p2|kerrozxl-|unknownf|1755
|teamsize|p1|6
|teamsize|p2|6
|gen|8
|tier|[Gen 8] National Dex AG
|rated|
|rule|HP Percentage Mod: HP is shown in percentages
|rule|Endless Battle Clause: Forcing endless battles is banned
|clearpoke
|poke|p1|Greninja, M|
|poke|p1|Cinderace, M|
|poke|p1|Marshadow|
|poke|p1|Rayquaza|
|poke|p1|Zacian-*|
|poke|p1|Deoxys-Speed|
|poke|p2|Rayquaza|
|poke|p2|Groudon|
|poke|p2|Necrozma-Dusk-Mane|
|poke|p2|Marshadow|
|poke|p2|Yveltal|
|poke|p2|Xerneas-*|
|teampreview
|inactive|Battle timer is ON: inactive players will automatically lose when time's up. (requested by Jeanccq10)
|
|t:|1662156683
|start
|switch|p1a: Deoxys|Deoxys-Speed, shiny|100/100
|switch|p2a: smeargle&lugiahate|Rayquaza, shiny|100/100
|-ability|p1a: Deoxys|Pressure
|-ability|p2a: smeargle&lugiahate|Air Lock
|turn|1
|
|t:|1662156687
|detailschange|p2a: smeargle&lugiahate|Rayquaza-Mega, shiny
|-mega|p2a: smeargle&lugiahate|Rayquaza|
|-weather|DeltaStream|[from] ability: Delta Stream|[of] p2a: smeargle&lugiahate
|move|p2a: smeargle&lugiahate|Extreme Speed|p1a: Deoxys
|-enditem|p1a: Deoxys|Focus Sash
|-damage|p1a: Deoxys|1/100
|move|p1a: Deoxys|Stealth Rock|p2a: smeargle&lugiahate
|-sidestart|p2: kerrozxl-|move: Stealth Rock
|
|-weather|DeltaStream|[upkeep]
|upkeep
|turn|2
|
|t:|1662156695
|move|p2a: smeargle&lugiahate|Extreme Speed|p1a: Deoxys
|-damage|p1a: Deoxys|0 fnt
|faint|p1a: Deoxys
|
|-weather|DeltaStream|[upkeep]
|upkeep
|
|t:|1662156698
|switch|p1a: Greninja|Greninja, M|100/100
|turn|3
|
|t:|1662156704
|move|p2a: smeargle&lugiahate|Extreme Speed|p1a: Greninja
|-crit|p1a: Greninja
|-enditem|p1a: Greninja|Focus Sash
|-damage|p1a: Greninja|1/100
|move|p1a: Greninja|Ice Beam|p2a: smeargle&lugiahate
|-activate||deltastream
|-supereffective|p2a: smeargle&lugiahate
|-damage|p2a: smeargle&lugiahate|48/100
|
|-weather|DeltaStream|[upkeep]
|upkeep
|turn|4
|
|t:|1662156713
|move|p2a: smeargle&lugiahate|Extreme Speed|p1a: Greninja
|-damage|p1a: Greninja|0 fnt
|faint|p1a: Greninja
|
|-weather|DeltaStream|[upkeep]
|upkeep
|
|t:|1662156715
|switch|p1a: Rayquaza|Rayquaza|100/100
|-ability|p1a: Rayquaza|Air Lock
|turn|5
|
|t:|1662156719
|detailschange|p1a: Rayquaza|Rayquaza-Mega
|-mega|p1a: Rayquaza|Rayquaza|
|move|p2a: smeargle&lugiahate|Extreme Speed|p1a: Rayquaza
|-damage|p1a: Rayquaza|40/100
|move|p1a: Rayquaza|Scale Shot|p2a: smeargle&lugiahate
|-supereffective|p2a: smeargle&lugiahate
|-damage|p2a: smeargle&lugiahate|14/100
|-supereffective|p2a: smeargle&lugiahate
|-damage|p2a: smeargle&lugiahate|0 fnt
|faint|p2a: smeargle&lugiahate
|-hitcount|p2: smeargle&lugiahate|2
|-unboost|p1a: Rayquaza|def|1
|-boost|p1a: Rayquaza|spe|1
|
|-weather|DeltaStream|[upkeep]
|upkeep
|
|t:|1662156732
|switch|p2a: Keqing|Yveltal|100/100
|-ability|p2a: Keqing|Dark Aura
|turn|6
|
|t:|1662156740
|move|p2a: Keqing|Sucker Punch|p1a: Rayquaza
|-damage|p1a: Rayquaza|0 fnt
|faint|p1a: Rayquaza
|-weather|none
|
|upkeep
|
|t:|1662156743
|switch|p1a: Zacian|Zacian-Crowned|100/100
|-ability|p1a: Zacian|Intrepid Sword|boost
|-boost|p1a: Zacian|atk|1
|turn|7
|
|t:|1662156744
|move|p1a: Zacian|Play Rough|p2a: Keqing
|-supereffective|p2a: Keqing
|-damage|p2a: Keqing|0 fnt
|faint|p2a: Keqing
|
|upkeep
|
|t:|1662156745
|switch|p2a: Zacian-Crown3d|Groudon|100/100
|-damage|p2a: Zacian-Crown3d|94/100|[from] Stealth Rock
|detailschange|p2a: Zacian-Crown3d|Groudon-Primal
|-primal|p2a: Zacian-Crown3d
|-weather|DesolateLand|[from] ability: Desolate Land|[of] p2a: Zacian-Crown3d
|turn|8
|
|t:|1662156756
|move|p1a: Zacian|Sacred Sword|p2a: Zacian-Crown3d
|-damage|p2a: Zacian-Crown3d|62/100
|move|p2a: Zacian-Crown3d|Overheat|p1a: Zacian
|-supereffective|p1a: Zacian
|-damage|p1a: Zacian|0 fnt
|-unboost|p2a: Zacian-Crown3d|spa|2
|faint|p1a: Zacian
|
|-weather|DesolateLand|[upkeep]
|upkeep
|
|t:|1662156760
|switch|p1a: Cinderace|Cinderace, M|100/100
|turn|9
|
|t:|1662156768
|-start|p1a: Cinderace|Dynamax|Gmax
|-heal|p1a: Cinderace|100/100|[silent]
|move|p1a: Cinderace|Max Airstream|p2a: Zacian-Crown3d
|-start|p1a: Cinderace|typechange|Flying|[from] ability: Libero
|-damage|p2a: Zacian-Crown3d|31/100
|-boost|p1a: Cinderace|spe|1
|move|p2a: Zacian-Crown3d|Precipice Blades|p1a: Cinderace
|-immune|p1a: Cinderace
|
|-weather|DesolateLand|[upkeep]
|upkeep
|turn|10
|
|t:|1662156771
|move|p1a: Cinderace|Max Knuckle|p2a: Zacian-Crown3d
|-start|p1a: Cinderace|typechange|Fighting|[from] ability: Libero
|-damage|p2a: Zacian-Crown3d|4/100
|-boost|p1a: Cinderace|atk|1
|move|p2a: Zacian-Crown3d|Stone Edge|p1a: Cinderace
|-resisted|p1a: Cinderace
|-damage|p1a: Cinderace|86/100
|
|-weather|DesolateLand|[upkeep]
|-heal|p1a: Cinderace|89/100|[from] item: Leftovers
|upkeep
|turn|11
|
|t:|1662156779
|move|p1a: Cinderace|Max Knuckle|p2a: Zacian-Crown3d
|-damage|p2a: Zacian-Crown3d|0 fnt
|-boost|p1a: Cinderace|atk|1
|faint|p2a: Zacian-Crown3d
|-weather|none
|
|-heal|p1a: Cinderace|92/100|[from] item: Leftovers
|upkeep
|
|t:|1662156781
|switch|p2a: Dynamax Yveltal|Xerneas|100/100
|-damage|p2a: Dynamax Yveltal|88/100|[from] Stealth Rock
|-ability|p2a: Dynamax Yveltal|Fairy Aura
|-end|p1a: Cinderace|Dynamax
|-heal|p1a: Cinderace|93/100|[silent]
|turn|12
|
|t:|1662156783
|-start|p2a: Dynamax Yveltal|Dynamax|
|-heal|p2a: Dynamax Yveltal|88/100|[silent]
|move|p1a: Cinderace|Gunk Shot|p2a: Dynamax Yveltal
|-start|p1a: Cinderace|typechange|Poison|[from] ability: Libero
|-supereffective|p2a: Dynamax Yveltal
|-crit|p2a: Dynamax Yveltal
|-damage|p2a: Dynamax Yveltal|0 fnt
|faint|p2a: Dynamax Yveltal
|
|-heal|p1a: Cinderace|99/100|[from] item: Leftovers
|upkeep
|
|t:|1662156790
|switch|p2a: Aint no way|Necrozma-Dusk-Mane|100/100
|-damage|p2a: Aint no way|95/100|[from] Stealth Rock
|turn|13
|
|t:|1662156793
|move|p1a: Cinderace|Pyro Ball|p2a: Aint no way
|-start|p1a: Cinderace|typechange|Fire|[from] ability: Libero
|-supereffective|p2a: Aint no way
|-damage|p2a: Aint no way|0 fnt
|faint|p2a: Aint no way
|
|-heal|p1a: Cinderace|100/100|[from] item: Leftovers
|upkeep
|-message|kerrozxl- forfeited.
|
|win|Jeanccq10
|raw|Jeanccq10's rating: 1587 &rarr; <strong>1616</strong><br />(+29 for winning)
|raw|kerrozxl-'s rating: 1755 &rarr; <strong>1726</strong><br />(-29 for losing)
|l|☆kerrozxl-
||Ladder isn't responding, score probably updated but might not have (Request timeout).
