|j|☆Heatran192
|j|☆Kypza
|t:|1659664898
|gametype|singles
|player|p1|Heatran192|burglar|
|player|p2|Kypza|iris-gen5bw2|
|teamsize|p1|6
|teamsize|p2|6
|gen|8
|tier|[Gen 8] National Dex AG
|rule|HP Percentage Mod: HP is shown in percentages
|rule|Endless Battle Clause: Forcing endless battles is banned
|clearpoke
|poke|p1|Blastoise, F|
|poke|p1|Kyogre|
|poke|p1|Necrozma-Dusk-Mane|
|poke|p1|Dracovish|
|poke|p1|Zygarde|
|poke|p1|Ditto|
|poke|p2|Cloyster, F|
|poke|p2|Cinccino, M|
|poke|p2|Shaymin-Sky|
|poke|p2|Togekiss, M|
|poke|p2|Toucannon, M|
|poke|p2|Jirachi|
|teampreview
|inactive|Battle timer is ON: inactive players will automatically lose when time's up. (requested by Heatran192)
|
|t:|1659664922
|start
|switch|p1a: Kyogre|Kyogre|100/100
|switch|p2a: Shaymin|Shaymin-Sky|100/100
|-weather|RainDance|[from] ability: Drizzle|[of] p1a: Kyogre
|turn|1
|inactiveoff|Battle timer is now OFF.
|
|t:|1659664934
|move|p1a: Kyogre|Ice Beam|p2a: Shaymin
|-supereffective|p2a: Shaymin
|-damage|p2a: Shaymin|0 fnt
|faint|p2a: Shaymin
|
|-weather|RainDance|[upkeep]
|upkeep
|
|t:|1659664946
|switch|p2a: Cloyster|Cloyster, F|100/100
|turn|2
|
|t:|1659664957
|switch|p1a: Necrozma|Necrozma-Dusk-Mane|100/100
|move|p2a: Cloyster|Shell Smash|p2a: Cloyster
|-unboost|p2a: Cloyster|def|1
|-unboost|p2a: Cloyster|spd|1
|-boost|p2a: Cloyster|atk|2
|-boost|p2a: Cloyster|spa|2
|-boost|p2a: Cloyster|spe|2
|
|-weather|RainDance|[upkeep]
|upkeep
|turn|3
|
|t:|1659664968
|detailschange|p1a: Necrozma|Necrozma-Ultra
|-burst|p1a: Necrozma|Necrozma|Ultranecrozium Z
|move|p2a: Cloyster|Icicle Spear|p1a: Necrozma
|-supereffective|p1a: Necrozma
|-damage|p1a: Necrozma|56/100
|-supereffective|p1a: Necrozma
|-damage|p1a: Necrozma|4/100
|-supereffective|p1a: Necrozma
|-damage|p1a: Necrozma|0 fnt
|faint|p1a: Necrozma
|-hitcount|p1: Necrozma|3
|
|-weather|RainDance|[upkeep]
|upkeep
|
|t:|1659664975
|switch|p1a: Blastoise|Blastoise, F|100/100
|turn|4
|
|t:|1659664980
|detailschange|p1a: Blastoise|Blastoise-Mega, F
|-mega|p1a: Blastoise|Blastoise|Blastoisinite
|move|p2a: Cloyster|Rock Blast|p1a: Blastoise
|-damage|p1a: Blastoise|86/100
|-damage|p1a: Blastoise|71/100
|-damage|p1a: Blastoise|57/100
|-damage|p1a: Blastoise|41/100
|-damage|p1a: Blastoise|26/100
|-hitcount|p1a: Blastoise|5
|cant|p1a: Blastoise|flinch
|
|-weather|RainDance|[upkeep]
|upkeep
|turn|5
|
|t:|1659664989
|move|p2a: Cloyster|Rock Blast|p1a: Blastoise
|-damage|p1a: Blastoise|9/100
|-damage|p1a: Blastoise|0 fnt
|faint|p1a: Blastoise
|-hitcount|p1: Blastoise|2
|
|-weather|none
|upkeep
|
|t:|1659664993
|switch|p1a: Dracovish|Dracovish|100/100
|turn|6
|c|☆Kypza|Gaming
|
|t:|1659665001
|move|p2a: Cloyster|Icicle Spear|p1a: Dracovish
|-damage|p1a: Dracovish|77/100
|-damage|p1a: Dracovish|54/100
|-damage|p1a: Dracovish|29/100
|-damage|p1a: Dracovish|6/100
|-damage|p1a: Dracovish|0 fnt
|faint|p1a: Dracovish
|-hitcount|p1: Dracovish|5
|
|upkeep
|
|t:|1659665004
|switch|p1a: Kyogre|Kyogre|100/100
|-weather|RainDance|[from] ability: Drizzle|[of] p1a: Kyogre
|turn|7
|inactive|Battle timer is ON: inactive players will automatically lose when time's up. (requested by Heatran192)
|
|t:|1659665018
|-start|p2a: Cloyster|Dynamax|
|-heal|p2a: Cloyster|100/100|[silent]
|move|p2a: Cloyster|Max Strike|p1a: Kyogre
|-damage|p1a: Kyogre|0 fnt
|faint|p1a: Kyogre
|
|-weather|RainDance|[upkeep]
|upkeep
|
|t:|1659665029
|switch|p1a: Ditto|Ditto|100/100
|-transform|p1a: Ditto|p2a: Cloyster|[from] ability: Imposter
|turn|8
|
|t:|1659665042
|-start|p1a: Ditto|Dynamax|
|-heal|p1a: Ditto|100/100|[silent]
|move|p2a: Cloyster|Max Rockfall|p1a: Ditto
|-supereffective|p1a: Ditto
|-damage|p1a: Ditto|17/100
|-weather|Sandstorm
|move|p1a: Ditto|Max Strike|p2a: Cloyster
|-damage|p2a: Cloyster|37/100
|-unboost|p2a: Cloyster|spe|1
|
|-weather|Sandstorm|[upkeep]
|-damage|p1a: Ditto|14/100|[from] Sandstorm
|-damage|p2a: Cloyster|34/100|[from] Sandstorm
|upkeep
|turn|9
|
|t:|1659665065
|move|p1a: Ditto|Max Strike|p2a: Cloyster
|-damage|p2a: Cloyster|0 fnt
|faint|p2a: Cloyster
|
|-weather|Sandstorm|[upkeep]
|-damage|p1a: Ditto|11/100|[from] Sandstorm
|upkeep
|inactive|Kypza has 270 seconds left.
|
|t:|1659665089
|switch|p2a: Jirachi|Jirachi|100/100
|turn|10
|inactive|Kypza has 270 seconds left.
|
|t:|1659665095
|move|p1a: Ditto|Max Hailstorm|p2a: Jirachi
|-resisted|p2a: Jirachi
|-damage|p2a: Jirachi|39/100
|-weather|Hail
|move|p2a: Jirachi|Ancient Power|p1a: Ditto
|-supereffective|p1a: Ditto
|-damage|p1a: Ditto|0 fnt
|faint|p1a: Ditto
|
|-weather|Hail|[upkeep]
|-damage|p2a: Jirachi|32/100|[from] Hail
|-heal|p2a: Jirachi|39/100|[from] item: Leftovers
|upkeep
|
|t:|1659665098
|switch|p1a: Zygarde|Zygarde|100/100
|turn|11
|
|t:|1659665104
|move|p2a: Jirachi|Ancient Power|p1a: Zygarde
|-resisted|p1a: Zygarde
|-damage|p1a: Zygarde|94/100
|move|p1a: Zygarde|Dragon Dance|p1a: Zygarde
|-boost|p1a: Zygarde|atk|1
|-boost|p1a: Zygarde|spe|1
|
|-weather|Hail|[upkeep]
|-damage|p1a: Zygarde|88/100|[from] Hail
|-damage|p2a: Jirachi|32/100|[from] Hail
|-heal|p1a: Zygarde|94/100|[from] item: Leftovers
|-heal|p2a: Jirachi|39/100|[from] item: Leftovers
|upkeep
|turn|12
|
|t:|1659665109
|move|p1a: Zygarde|Substitute|p1a: Zygarde
|-start|p1a: Zygarde|Substitute
|-damage|p1a: Zygarde|69/100
|move|p2a: Jirachi|Headbutt|p1a: Zygarde
|-activate|p1a: Zygarde|move: Substitute|[damage]
|
|-weather|Hail|[upkeep]
|-damage|p1a: Zygarde|63/100|[from] Hail
|-damage|p2a: Jirachi|32/100|[from] Hail
|-heal|p1a: Zygarde|69/100|[from] item: Leftovers
|-heal|p2a: Jirachi|39/100|[from] item: Leftovers
|upkeep
|turn|13
|
|t:|1659665120
|move|p1a: Zygarde|Glare|p2a: Jirachi
|-status|p2a: Jirachi|par
|move|p2a: Jirachi|Ancient Power|p1a: Zygarde
|-resisted|p1a: Zygarde
|-activate|p1a: Zygarde|move: Substitute|[damage]
|
|-weather|Hail|[upkeep]
|-damage|p1a: Zygarde|63/100|[from] Hail
|-damage|p2a: Jirachi|32/100 par|[from] Hail
|-heal|p1a: Zygarde|69/100|[from] item: Leftovers
|-heal|p2a: Jirachi|39/100 par|[from] item: Leftovers
|upkeep
|turn|14
|
|t:|1659665124
|move|p1a: Zygarde|Dragon Dance|p1a: Zygarde
|-boost|p1a: Zygarde|atk|1
|-boost|p1a: Zygarde|spe|1
|move|p2a: Jirachi|Ancient Power|p1a: Zygarde
|-resisted|p1a: Zygarde
|-end|p1a: Zygarde|Substitute
|
|-weather|none
|-heal|p1a: Zygarde|75/100|[from] item: Leftovers
|-heal|p2a: Jirachi|45/100 par|[from] item: Leftovers
|upkeep
|turn|15
|
|t:|1659665133
|move|p1a: Zygarde|Substitute|p1a: Zygarde
|-start|p1a: Zygarde|Substitute
|-damage|p1a: Zygarde|50/100
|move|p2a: Jirachi|Ancient Power|p1a: Zygarde
|-resisted|p1a: Zygarde
|-activate|p1a: Zygarde|move: Substitute|[damage]
|
|-heal|p1a: Zygarde|56/100|[from] item: Leftovers
|-heal|p2a: Jirachi|51/100 par|[from] item: Leftovers
|upkeep
|turn|16
|
|t:|1659665143
|move|p1a: Zygarde|Dragon Dance|p1a: Zygarde
|-boost|p1a: Zygarde|atk|1
|-boost|p1a: Zygarde|spe|1
|move|p2a: Jirachi|Ancient Power|p1a: Zygarde
|-resisted|p1a: Zygarde
|-activate|p1a: Zygarde|move: Substitute|[damage]
|-boost|p2a: Jirachi|atk|1
|-boost|p2a: Jirachi|def|1
|-boost|p2a: Jirachi|spa|1
|-boost|p2a: Jirachi|spd|1
|-boost|p2a: Jirachi|spe|1
|
|-heal|p1a: Zygarde|62/100|[from] item: Leftovers
|-heal|p2a: Jirachi|57/100 par|[from] item: Leftovers
|upkeep
|turn|17
|
|t:|1659665156
|move|p1a: Zygarde|Thousand Arrows|p2a: Jirachi
|-supereffective|p2a: Jirachi
|-damage|p2a: Jirachi|0 fnt
|faint|p2a: Jirachi
|
|-heal|p1a: Zygarde|68/100|[from] item: Leftovers
|upkeep
|
|t:|1659665169
|switch|p2a: Togekiss|Togekiss, M|100/100
|turn|18
|
|t:|1659665173
|move|p1a: Zygarde|Dragon Dance|p1a: Zygarde
|-boost|p1a: Zygarde|atk|1
|-boost|p1a: Zygarde|spe|1
|move|p2a: Togekiss|Air Slash|p1a: Zygarde
|-end|p1a: Zygarde|Substitute
|
|-heal|p1a: Zygarde|74/100|[from] item: Leftovers
|upkeep
|turn|19
|
|t:|1659665177
|move|p1a: Zygarde|Thousand Arrows|p2a: Togekiss
|-damage|p2a: Togekiss|0 fnt
|faint|p2a: Togekiss
|
|-heal|p1a: Zygarde|81/100|[from] item: Leftovers
|upkeep
|
|t:|1659665180
|switch|p2a: Cinccino|Cinccino, M|100/100
|turn|20
|
|t:|1659665183
|move|p1a: Zygarde|Thousand Arrows|p2a: Cinccino
|-crit|p2a: Cinccino
|-damage|p2a: Cinccino|0 fnt
|faint|p2a: Cinccino
|
|-heal|p1a: Zygarde|87/100|[from] item: Leftovers
|upkeep
|
|t:|1659665186
|switch|p2a: Toucannon|Toucannon, M|100/100
|turn|21
|c|☆Heatran192|The zygarde clutch
|
|t:|1659665202
|move|p1a: Zygarde|Thousand Arrows|p2a: Toucannon
|-damage|p2a: Toucannon|0 fnt
|faint|p2a: Toucannon
|
|win|Heatran192
|c|☆Kypza|Gg
|c|☆Heatran192|Zygarde gaming
|c|☆Heatran192|gg
|l|☆Kypza
