|j|☆kerrozxl-
|j|☆Whitedevil12345678
|t:|1664173190
|gametype|singles
|player|p1|kerrozxl-|marley|1752
|player|p2|Whitedevil12345678|blue-gen3two|2012
|teamsize|p1|6
|teamsize|p2|6
|gen|8
|tier|[Gen 8] National Dex AG
|rated|
|rule|HP Percentage Mod: HP is shown in percentages
|rule|Endless Battle Clause: Forcing endless battles is banned
|clearpoke
|poke|p1|Rayquaza|
|poke|p1|Xerneas-*|
|poke|p1|Necrozma-Dusk-Mane|
|poke|p1|Marshadow|
|poke|p1|Yveltal|
|poke|p1|Groudon|
|poke|p2|Calyrex-Shadow|
|poke|p2|Ditto|
|poke|p2|Ho-Oh|
|poke|p2|Arceus-*|
|poke|p2|Arceus-*|
|poke|p2|Arceus-*|
|teampreview
|inactive|Battle timer is ON: inactive players will automatically lose when time's up. (requested by Whitedevil12345678)
|
|t:|1664173204
|start
|switch|p1a: Rayquaza|Rayquaza, shiny|100/100
|switch|p2a: Arceus|Arceus-Ground|100/100
|-ability|p1a: Rayquaza|Air Lock
|turn|1
|
|t:|1664173214
|detailschange|p1a: Rayquaza|Rayquaza-Mega, shiny
|-mega|p1a: Rayquaza|Rayquaza|
|-weather|DeltaStream|[from] ability: Delta Stream|[of] p1a: Rayquaza
|move|p2a: Arceus|Will-O-Wisp|p1a: Rayquaza
|-status|p1a: Rayquaza|brn
|move|p1a: Rayquaza|Dragon Ascent|p2a: Arceus
|-damage|p2a: Arceus|50/100
|-unboost|p1a: Rayquaza|def|1
|-unboost|p1a: Rayquaza|spd|1
|
|-weather|DeltaStream|[upkeep]
|-damage|p1a: Rayquaza|95/100 brn|[from] brn
|upkeep
|turn|2
|j| rahull
|inactive|kerrozxl- has 120 seconds left.
|
|t:|1664173261
|move|p2a: Arceus|Stealth Rock|p1a: Rayquaza
|-sidestart|p1: kerrozxl-|move: Stealth Rock
|move|p1a: Rayquaza|Dragon Ascent|p2a: Arceus
|-damage|p2a: Arceus|0 fnt
|-unboost|p1a: Rayquaza|def|1
|-unboost|p1a: Rayquaza|spd|1
|faint|p2a: Arceus
|
|-weather|DeltaStream|[upkeep]
|-damage|p1a: Rayquaza|89/100 brn|[from] brn
|upkeep
|inactive|Whitedevil12345678 has 120 seconds left.
|
|t:|1664173283
|switch|p2a: Calyrex|Calyrex-Shadow|100/100
|-ability|p2a: Calyrex|As One
|-ability|p2a: Calyrex|Unnerve
|turn|3
|inactive|Whitedevil12345678 has 120 seconds left.
|
|t:|1664173301
|move|p2a: Calyrex|Substitute|p2a: Calyrex
|-start|p2a: Calyrex|Substitute
|-damage|p2a: Calyrex|76/100
|move|p1a: Rayquaza|Dragon Ascent|p2a: Calyrex
|-end|p2a: Calyrex|Substitute
|-unboost|p1a: Rayquaza|def|1
|-unboost|p1a: Rayquaza|spd|1
|
|-weather|DeltaStream|[upkeep]
|-heal|p2a: Calyrex|82/100|[from] item: Leftovers
|-damage|p1a: Rayquaza|83/100 brn|[from] brn
|upkeep
|turn|4
|
|t:|1664173304
|move|p2a: Calyrex|Astral Barrage|p1a: Rayquaza
|-damage|p1a: Rayquaza|0 fnt
|faint|p1a: Rayquaza
|-weather|none
|-ability|p2a: Calyrex|Grim Neigh|boost
|-boost|p2a: Calyrex|spa|1
|
|-heal|p2a: Calyrex|88/100|[from] item: Leftovers
|upkeep
|
|t:|1664173305
|switch|p1a: Yveltal|Yveltal|100/100
|-ability|p1a: Yveltal|Dark Aura
|turn|5
|
|t:|1664173313
|switch|p2a: Arceus|Arceus-Fairy|100/100
|move|p1a: Yveltal|Knock Off|p2a: Arceus
|-resisted|p2a: Arceus
|-damage|p2a: Arceus|89/100
|
|upkeep
|turn|6
|inactive|kerrozxl- has 120 seconds left.
|
|t:|1664173336
|move|p1a: Yveltal|Defog|p2a: Arceus
|-unboost|p2a: Arceus|evasion|1
|-sideend|p1: kerrozxl-|Stealth Rock|[from] move: Defog|[of] p1a: Yveltal
|move|p2a: Arceus|Judgment|p1a: Yveltal
|-supereffective|p1a: Yveltal
|-crit|p1a: Yveltal
|-damage|p1a: Yveltal|5/100
|
|upkeep
|turn|7
|
|t:|1664173342
|switch|p1a: Groudon|Groudon|100/100
|detailschange|p1a: Groudon|Groudon-Primal
|-primal|p1a: Groudon
|-weather|DesolateLand|[from] ability: Desolate Land|[of] p1a: Groudon
|move|p2a: Arceus|Judgment|p1a: Groudon
|-resisted|p1a: Groudon
|-damage|p1a: Groudon|85/100
|
|-weather|DesolateLand|[upkeep]
|upkeep
|turn|8
|
|t:|1664173350
|switch|p2a: Ditto|Ditto, shiny|100/100
|-transform|p2a: Ditto|p1a: Groudon|[from] ability: Imposter
|move|p1a: Groudon|Stealth Rock|p2a: Ditto
|-sidestart|p2: Whitedevil12345678|move: Stealth Rock
|
|-weather|DesolateLand|[upkeep]
|upkeep
|turn|9
|
|t:|1664173354
|move|p2a: Ditto|Stealth Rock|p1a: Groudon
|-sidestart|p1: kerrozxl-|move: Stealth Rock
|move|p1a: Groudon|Precipice Blades|p2a: Ditto
|-supereffective|p2a: Ditto
|-damage|p2a: Ditto|4/100
|
|-weather|DesolateLand|[upkeep]
|upkeep
|turn|10
|
|t:|1664173365
|move|p2a: Ditto|Stealth Rock||[still]
|-fail|p2a: Ditto
|move|p1a: Groudon|Stone Edge|p2a: Ditto
|-damage|p2a: Ditto|0 fnt
|faint|p2a: Ditto
|
|-weather|DesolateLand|[upkeep]
|upkeep
|
|t:|1664173373
|switch|p2a: Arceus|Arceus-Fairy|89/100
|-damage|p2a: Arceus|77/100|[from] Stealth Rock
|turn|11
|
|t:|1664173376
|move|p2a: Arceus|Earth Power|p1a: Groudon
|-supereffective|p1a: Groudon
|-damage|p1a: Groudon|51/100
|move|p1a: Groudon|Precipice Blades|p2a: Arceus
|-damage|p2a: Arceus|35/100
|
|-weather|DesolateLand|[upkeep]
|upkeep
|turn|12
|
|t:|1664173389
|move|p2a: Arceus|Recover|p2a: Arceus
|-heal|p2a: Arceus|85/100
|move|p1a: Groudon|Precipice Blades|p2a: Arceus
|-damage|p2a: Arceus|38/100
|
|-weather|DesolateLand|[upkeep]
|upkeep
|turn|13
|
|t:|1664173399
|move|p2a: Arceus|Recover|p2a: Arceus
|-heal|p2a: Arceus|88/100
|move|p1a: Groudon|Precipice Blades|p2a: Arceus
|-damage|p2a: Arceus|46/100
|
|-weather|DesolateLand|[upkeep]
|upkeep
|turn|14
|
|t:|1664173401
|move|p2a: Arceus|Recover|p2a: Arceus
|-heal|p2a: Arceus|96/100
|move|p1a: Groudon|Precipice Blades|p2a: Arceus
|-damage|p2a: Arceus|52/100
|
|-weather|DesolateLand|[upkeep]
|upkeep
|turn|15
|
|t:|1664173412
|move|p2a: Arceus|Recover|p2a: Arceus
|-heal|p2a: Arceus|100/100
|move|p1a: Groudon|Precipice Blades|p2a: Arceus|[miss]
|-miss|p1a: Groudon|p2a: Arceus
|
|-weather|DesolateLand|[upkeep]
|upkeep
|turn|16
|
|t:|1664173415
|move|p2a: Arceus|Earth Power|p1a: Groudon
|-supereffective|p1a: Groudon
|-damage|p1a: Groudon|17/100
|move|p1a: Groudon|Precipice Blades|p2a: Arceus|[miss]
|-miss|p1a: Groudon|p2a: Arceus
|
|-weather|DesolateLand|[upkeep]
|upkeep
|turn|17
|
|t:|1664173421
|move|p2a: Arceus|Earth Power|p1a: Groudon
|-supereffective|p1a: Groudon
|-damage|p1a: Groudon|0 fnt
|faint|p1a: Groudon
|-weather|none
|
|upkeep
|
|t:|1664173429
|switch|p1a: Yveltal|Yveltal|5/100
|-ability|p1a: Yveltal|Dark Aura
|turn|18
|
|t:|1664173434
|move|p1a: Yveltal|Defog|p2a: Arceus
|-unboost|p2a: Arceus|evasion|1
|-sideend|p2: Whitedevil12345678|Stealth Rock|[from] move: Defog|[of] p1a: Yveltal
|-sideend|p1: kerrozxl-|Stealth Rock|[from] move: Defog|[of] p1a: Yveltal
|move|p2a: Arceus|Judgment|p1a: Yveltal
|-supereffective|p1a: Yveltal
|-damage|p1a: Yveltal|0 fnt
|faint|p1a: Yveltal
|
|upkeep
|
|t:|1664173437
|switch|p1a: Necrozma|Necrozma-Dusk-Mane|100/100
|turn|19
|
|t:|1664173439
|switch|p2a: Ho-Oh|Ho-Oh|100/100
|move|p1a: Necrozma|Dragon Dance|p1a: Necrozma
|-boost|p1a: Necrozma|atk|1
|-boost|p1a: Necrozma|spe|1
|
|upkeep
|turn|20
|
|t:|1664173448
|move|p1a: Necrozma|Stone Edge|p2a: Ho-Oh
|-supereffective|p2a: Ho-Oh
|-damage|p2a: Ho-Oh|0 fnt
|faint|p2a: Ho-Oh
|
|upkeep
|
|t:|1664173454
|switch|p2a: Calyrex|Calyrex-Shadow|88/100
|-ability|p2a: Calyrex|As One
|-ability|p2a: Calyrex|Unnerve
|turn|21
|
|t:|1664173466
|switch|p1a: Marshadow|Marshadow|100/100
|move|p2a: Calyrex|Astral Barrage|p1a: Marshadow
|-supereffective|p1a: Marshadow
|-crit|p1a: Marshadow
|-enditem|p1a: Marshadow|Focus Sash
|-damage|p1a: Marshadow|1/100
|
|-heal|p2a: Calyrex|94/100|[from] item: Leftovers
|upkeep
|turn|22
|
|t:|1664173471
|switch|p2a: Arceus|Arceus-Fairy|100/100
|move|p1a: Marshadow|Shadow Sneak|p2a: Arceus
|-damage|p2a: Arceus|81/100
|
|upkeep
|turn|23
|
|t:|1664173474
|move|p1a: Marshadow|Rock Tomb|p2a: Arceus
|-damage|p2a: Arceus|60/100
|-unboost|p2a: Arceus|spe|1
|move|p2a: Arceus|Judgment|p1a: Marshadow
|-supereffective|p1a: Marshadow
|-damage|p1a: Marshadow|0 fnt
|faint|p1a: Marshadow
|
|upkeep
|
|t:|1664173477
|switch|p1a: Necrozma|Necrozma-Dusk-Mane|100/100
|turn|24
|
|t:|1664173481
|move|p1a: Necrozma|Dragon Dance|p1a: Necrozma
|-boost|p1a: Necrozma|atk|1
|-boost|p1a: Necrozma|spe|1
|move|p2a: Arceus|Earth Power|p1a: Necrozma
|-supereffective|p1a: Necrozma
|-damage|p1a: Necrozma|64/100
|
|upkeep
|turn|25
|
|t:|1664173485
|move|p1a: Necrozma|Dragon Dance|p1a: Necrozma
|-boost|p1a: Necrozma|atk|1
|-boost|p1a: Necrozma|spe|1
|move|p2a: Arceus|Earth Power|p1a: Necrozma
|-supereffective|p1a: Necrozma
|-damage|p1a: Necrozma|28/100
|
|upkeep
|turn|26
|
|t:|1664173488
|detailschange|p1a: Necrozma|Necrozma-Ultra
|-burst|p1a: Necrozma|Necrozma|Ultranecrozium Z
|move|p1a: Necrozma|Earthquake|p2a: Arceus
|-damage|p2a: Arceus|4/100
|move|p2a: Arceus|Earth Power|p1a: Necrozma
|-damage|p1a: Necrozma|3/100
|-unboost|p1a: Necrozma|spd|1
|
|upkeep
|turn|27
|
|t:|1664173492
|move|p1a: Necrozma|Earthquake|p2a: Arceus
|-crit|p2a: Arceus
|-damage|p2a: Arceus|0 fnt
|faint|p2a: Arceus
|
|upkeep
|
|t:|1664173495
|switch|p2a: Arceus|Arceus|100/100
|turn|28
|
|t:|1664173497
|move|p2a: Arceus|Extreme Speed|p1a: Necrozma
|-damage|p1a: Necrozma|0 fnt
|faint|p1a: Necrozma
|
|upkeep
|
|t:|1664173498
|switch|p1a: Xerneas|Xerneas|100/100
|-ability|p1a: Xerneas|Fairy Aura
|turn|29
|
|t:|1664173502
|-start|p2a: Arceus|Dynamax|
|-heal|p2a: Arceus|100/100|[silent]
|move|p2a: Arceus|Max Strike|p1a: Xerneas
|-damage|p1a: Xerneas|48/100
|-unboost|p1a: Xerneas|spe|1
|move|p1a: Xerneas|Geomancy||[still]
|-prepare|p1a: Xerneas|Geomancy
|-enditem|p1a: Xerneas|Power Herb
|-anim|p1a: Xerneas|Geomancy|p1a: Xerneas
|-boost|p1a: Xerneas|spa|2
|-boost|p1a: Xerneas|spd|2
|-boost|p1a: Xerneas|spe|2
|
|upkeep
|turn|30
|
|t:|1664173506
|-start|p1a: Xerneas|Dynamax|
|-heal|p1a: Xerneas|48/100|[silent]
|move|p1a: Xerneas|Max Starfall|p2a: Arceus
|-damage|p2a: Arceus|32/100
|-fieldstart|move: Misty Terrain
|move|p2a: Arceus|Max Strike|p1a: Xerneas
|-damage|p1a: Xerneas|21/100
|-unboost|p1a: Xerneas|spe|1
|
|upkeep
|turn|31
|
|t:|1664173509
|move|p2a: Arceus|Max Guard|p2a: Arceus
|-singleturn|p2a: Arceus|Max Guard
|move|p1a: Xerneas|Max Starfall|p2a: Arceus
|-activate|p2a: Arceus|move: Max Guard
|
|upkeep
|-end|p2a: Arceus|Dynamax
|-heal|p2a: Arceus|32/100|[silent]
|turn|32
|
|t:|1664173513
|move|p2a: Arceus|Extreme Speed|p1a: Xerneas
|-damage|p1a: Xerneas|3/100
|move|p1a: Xerneas|Max Starfall|p2a: Arceus
|-damage|p2a: Arceus|0 fnt
|faint|p2a: Arceus
|
|upkeep
|
|t:|1664173516
|switch|p2a: Calyrex|Calyrex-Shadow|94/100
|-ability|p2a: Calyrex|As One
|-ability|p2a: Calyrex|Unnerve
|-end|p1a: Xerneas|Dynamax
|-heal|p1a: Xerneas|3/100|[silent]
|turn|33
|-message|kerrozxl- forfeited.
|
|win|Whitedevil12345678
|raw|kerrozxl-'s rating: 1752 &rarr; <strong>1745</strong><br />(-7 for losing)
|raw|Whitedevil12345678's rating: 2012 &rarr; <strong>2019</strong><br />(+7 for winning)
|l|☆kerrozxl-
