|j|☆amnael1
|j|☆ShadesTheMan
|t:|1651277930
|gametype|singles
|player|p1|amnael1|dawn|1778
|player|p2|ShadesTheMan|backpacker|1729
|teamsize|p1|6
|teamsize|p2|6
|gen|8
|tier|[Gen 8] National Dex AG
|rated|
|rule|HP Percentage Mod: HP is shown in percentages
|rule|Endless Battle Clause: Forcing endless battles is banned
|clearpoke
|poke|p1|Smeargle, F|
|poke|p1|Groudon|
|poke|p1|Espeon, F|
|poke|p1|Rayquaza|
|poke|p1|Xerneas-*|
|poke|p1|Zacian-*|
|poke|p2|Groudon|
|poke|p2|Rayquaza|
|poke|p2|Ho-Oh|
|poke|p2|Necrozma-Dusk-Mane|
|poke|p2|Yveltal|
|poke|p2|Tapu Koko|
|teampreview
|inactive|Battle timer is ON: inactive players will automatically lose when time's up. (requested by ShadesTheMan)
|
|t:|1651277935
|start
|switch|p1a: Rayquaza|Rayquaza|100/100
|switch|p2a: Tapu Koko|Tapu Koko|100/100
|-fieldstart|move: Electric Terrain|[from] ability: Electric Surge|[of] p2a: Tapu Koko
|-ability|p1a: Rayquaza|Air Lock
|turn|1
|
|t:|1651277939
|detailschange|p1a: Rayquaza|Rayquaza-Mega
|-mega|p1a: Rayquaza|Rayquaza|
|-weather|DeltaStream|[from] ability: Delta Stream|[of] p1a: Rayquaza
|move|p2a: Tapu Koko|Volt Switch|p1a: Rayquaza
|-activate||deltastream
|-resisted|p1a: Rayquaza
|-damage|p1a: Rayquaza|75/100
|-damage|p2a: Tapu Koko|91/100|[from] item: Life Orb
|
|t:|1651277948
|switch|p2a: Flappy Boi|Ho-Oh|100/100|[from]move: Volt Switch
|move|p1a: Rayquaza|Dragon Dance|p1a: Rayquaza
|-boost|p1a: Rayquaza|atk|1
|-boost|p1a: Rayquaza|spe|1
|
|-weather|DeltaStream|[upkeep]
|upkeep
|turn|2
|
|t:|1651277957
|move|p1a: Rayquaza|Dragon Ascent|p2a: Flappy Boi
|-damage|p2a: Flappy Boi|16/100
|-unboost|p1a: Rayquaza|def|1
|-unboost|p1a: Rayquaza|spd|1
|move|p2a: Flappy Boi|Whirlwind|p1a: Rayquaza
|-weather|none
|drag|p1a: Xerneas|Xerneas|100/100
|-ability|p1a: Xerneas|Fairy Aura
|
|upkeep
|turn|3
|
|t:|1651277960
|switch|p2a: Hound|Necrozma-Dusk-Mane|100/100
|move|p1a: Xerneas|Moonblast|p2a: Hound
|-resisted|p2a: Hound
|-damage|p2a: Hound|82/100
|
|-heal|p2a: Hound|88/100|[from] item: Leftovers
|upkeep
|turn|4
|
|t:|1651277964
|switch|p1a: Espeon|Espeon, F|100/100
|move|p2a: Hound|Stealth Rock|p1a: Espeon
|move|p1a: Espeon|Stealth Rock|p2a: Hound|[from]ability: Magic Bounce
|-sidestart|p2: ShadesTheMan|move: Stealth Rock
|
|-heal|p2a: Hound|94/100|[from] item: Leftovers
|upkeep
|turn|5
|
|t:|1651277968
|move|p1a: Espeon|Yawn|p2a: Hound
|-activate|p2a: Hound|move: Electric Terrain
|move|p2a: Hound|Stealth Rock|p1a: Espeon
|move|p1a: Espeon|Stealth Rock||[from]ability: Magic Bounce|[still]
|-fail|p1a: Espeon
|
|-heal|p2a: Hound|99/100|[from] item: Leftovers
|-fieldend|move: Electric Terrain
|upkeep
|turn|6
|
|t:|1651277973
|move|p1a: Espeon|Yawn|p2a: Hound
|-start|p2a: Hound|move: Yawn|[of] p1a: Espeon
|move|p2a: Hound|Sunsteel Strike|p1a: Espeon
|-damage|p1a: Espeon|6/100
|
|-heal|p2a: Hound|100/100|[from] item: Leftovers
|upkeep
|turn|7
|
|t:|1651277978
|switch|p2a: Flappy Boi|Ho-Oh|49/100
|move|p1a: Espeon|Baton Pass|p1a: Espeon
|
|t:|1651277984
|switch|p1a: Rayquaza|Rayquaza-Mega|75/100|[from]move: Baton Pass
|-weather|DeltaStream|[from] ability: Delta Stream|[of] p1a: Rayquaza
|
|-weather|DeltaStream|[upkeep]
|upkeep
|turn|8
|
|t:|1651277993
|move|p1a: Rayquaza|Dragon Ascent|p2a: Flappy Boi
|-damage|p2a: Flappy Boi|0 fnt
|-unboost|p1a: Rayquaza|def|1
|-unboost|p1a: Rayquaza|spd|1
|faint|p2a: Flappy Boi
|
|-weather|DeltaStream|[upkeep]
|upkeep
|
|t:|1651278001
|switch|p2a: Hound|Necrozma-Dusk-Mane|100/100
|-damage|p2a: Hound|94/100|[from] Stealth Rock
|turn|9
|
|t:|1651278004
|-weather|none
|switch|p1a: Espeon|Espeon, F|6/100
|move|p2a: Hound|Stealth Rock|p1a: Espeon
|move|p1a: Espeon|Stealth Rock||[from]ability: Magic Bounce|[still]
|-fail|p1a: Espeon
|
|-heal|p2a: Hound|100/100|[from] item: Leftovers
|upkeep
|turn|10
|
|t:|1651278008
|move|p1a: Espeon|Shadow Ball|p2a: Hound
|-supereffective|p2a: Hound
|-damage|p2a: Hound|78/100
|move|p2a: Hound|Stealth Rock|p1a: Espeon
|move|p1a: Espeon|Stealth Rock||[from]ability: Magic Bounce|[still]
|-fail|p1a: Espeon
|
|-heal|p2a: Hound|84/100|[from] item: Leftovers
|upkeep
|turn|11
|
|t:|1651278012
|move|p1a: Espeon|Yawn|p2a: Hound
|-start|p2a: Hound|move: Yawn|[of] p1a: Espeon
|move|p2a: Hound|Stealth Rock|p1a: Espeon
|move|p1a: Espeon|Stealth Rock||[from]ability: Magic Bounce|[still]
|-fail|p1a: Espeon
|
|-heal|p2a: Hound|90/100|[from] item: Leftovers
|upkeep
|turn|12
|
|t:|1651278015
|switch|p2a: Tapu Koko|Tapu Koko|91/100
|-damage|p2a: Tapu Koko|78/100|[from] Stealth Rock
|-fieldstart|move: Electric Terrain|[from] ability: Electric Surge|[of] p2a: Tapu Koko
|move|p1a: Espeon|Shadow Ball|p2a: Tapu Koko
|-damage|p2a: Tapu Koko|38/100
|
|upkeep
|turn|13
|
|t:|1651278018
|move|p2a: Tapu Koko|Volt Switch|p1a: Espeon
|-damage|p1a: Espeon|0 fnt
|faint|p1a: Espeon
|-damage|p2a: Tapu Koko|28/100|[from] item: Life Orb
|
|t:|1651278022
|switch|p2a: Smiter|Groudon|100/100|[from]move: Volt Switch
|-damage|p2a: Smiter|94/100|[from] Stealth Rock
|detailschange|p2a: Smiter|Groudon-Primal
|-primal|p2a: Smiter
|-weather|DesolateLand|[from] ability: Desolate Land|[of] p2a: Smiter
|
|-weather|DesolateLand|[upkeep]
|upkeep
|
|t:|1651278026
|switch|p1a: Rayquaza|Rayquaza-Mega|75/100
|-weather|DeltaStream|[from] ability: Delta Stream|[of] p1a: Rayquaza
|turn|14
|
|t:|1651278035
|move|p1a: Rayquaza|Dragon Dance|p1a: Rayquaza
|-boost|p1a: Rayquaza|atk|1
|-boost|p1a: Rayquaza|spe|1
|move|p2a: Smiter|Fire Punch|p1a: Rayquaza
|-resisted|p1a: Rayquaza
|-damage|p1a: Rayquaza|49/100
|
|-weather|DeltaStream|[upkeep]
|upkeep
|turn|15
|
|t:|1651278040
|move|p1a: Rayquaza|Earthquake|p2a: Smiter
|-supereffective|p2a: Smiter
|-damage|p2a: Smiter|8/100
|move|p2a: Smiter|Stealth Rock|p1a: Rayquaza
|-sidestart|p1: amnael1|move: Stealth Rock
|
|-weather|DeltaStream|[upkeep]
|upkeep
|turn|16
|
|t:|1651278043
|move|p1a: Rayquaza|Earthquake|p2a: Smiter
|-supereffective|p2a: Smiter
|-damage|p2a: Smiter|0 fnt
|faint|p2a: Smiter
|
|-weather|DeltaStream|[upkeep]
|-fieldend|move: Electric Terrain
|upkeep
|
|t:|1651278047
|switch|p2a: GOAT Jr|Rayquaza|100/100
|-damage|p2a: GOAT Jr|76/100|[from] Stealth Rock
|-ability|p2a: GOAT Jr|Air Lock
|turn|17
|
|t:|1651278049
|detailschange|p2a: GOAT Jr|Rayquaza-Mega
|-mega|p2a: GOAT Jr|Rayquaza|
|move|p2a: GOAT Jr|Extreme Speed|p1a: Rayquaza
|-damage|p1a: Rayquaza|0 fnt
|faint|p1a: Rayquaza
|
|-weather|DeltaStream|[upkeep]
|upkeep
|
|t:|1651278053
|switch|p1a: Zacian|Zacian-Crowned|100/100
|-damage|p1a: Zacian|94/100|[from] Stealth Rock
|-ability|p1a: Zacian|Intrepid Sword|boost
|-boost|p1a: Zacian|atk|1
|turn|18
|
|t:|1651278067
|-weather|none
|switch|p2a: Hound|Necrozma-Dusk-Mane|90/100
|-damage|p2a: Hound|84/100|[from] Stealth Rock
|move|p1a: Zacian|Behemoth Blade|p2a: Hound
|-resisted|p2a: Hound
|-damage|p2a: Hound|52/100
|
|-heal|p2a: Hound|58/100|[from] item: Leftovers
|upkeep
|turn|19
|
|t:|1651278073
|switch|p1a: Smeargle|Smeargle, F|100/100
|-damage|p1a: Smeargle|88/100|[from] Stealth Rock
|move|p2a: Hound|Sunsteel Strike|p1a: Smeargle
|-damage|p1a: Smeargle|0 fnt
|faint|p1a: Smeargle
|
|-heal|p2a: Hound|64/100|[from] item: Leftovers
|upkeep
|
|t:|1651278076
|switch|p1a: Groudon|Groudon|100/100
|-damage|p1a: Groudon|94/100|[from] Stealth Rock
|detailschange|p1a: Groudon|Groudon-Primal
|-primal|p1a: Groudon
|-weather|DesolateLand|[from] ability: Desolate Land|[of] p1a: Groudon
|turn|20
|
|t:|1651278081
|switch|p2a: Tapu Koko|Tapu Koko|28/100
|-damage|p2a: Tapu Koko|15/100|[from] Stealth Rock
|-fieldstart|move: Electric Terrain|[from] ability: Electric Surge|[of] p2a: Tapu Koko
|move|p1a: Groudon|Fire Punch|p2a: Tapu Koko
|-crit|p2a: Tapu Koko
|-damage|p2a: Tapu Koko|0 fnt
|faint|p2a: Tapu Koko
|
|-weather|DesolateLand|[upkeep]
|upkeep
|
|t:|1651278091
|switch|p2a: Dominance|Yveltal|100/100
|-damage|p2a: Dominance|76/100|[from] Stealth Rock
|-ability|p2a: Dominance|Dark Aura
|turn|21
|
|t:|1651278096
|-start|p2a: Dominance|Dynamax|
|-heal|p2a: Dominance|76/100|[silent]
|move|p1a: Groudon|Fire Punch|p2a: Dominance
|-damage|p2a: Dominance|43/100
|move|p2a: Dominance|Max Airstream|p1a: Groudon
|-damage|p1a: Groudon|0 fnt
|-boost|p2a: Dominance|spe|1
|faint|p1a: Groudon
|-weather|none
|-damage|p2a: Dominance|38/100|[from] item: Life Orb
|
|upkeep
|
|t:|1651278099
|switch|p1a: Xerneas|Xerneas|100/100
|-damage|p1a: Xerneas|88/100|[from] Stealth Rock
|-ability|p1a: Xerneas|Fairy Aura
|turn|22
|
|t:|1651278102
|move|p2a: Dominance|Max Airstream|p1a: Xerneas
|-damage|p1a: Xerneas|26/100
|-boost|p2a: Dominance|spe|1
|-damage|p2a: Dominance|33/100|[from] item: Life Orb
|move|p1a: Xerneas|Geomancy||[still]
|-prepare|p1a: Xerneas|Geomancy
|-enditem|p1a: Xerneas|Power Herb
|-anim|p1a: Xerneas|Geomancy|p1a: Xerneas
|-boost|p1a: Xerneas|spa|2
|-boost|p1a: Xerneas|spd|2
|-boost|p1a: Xerneas|spe|2
|
|upkeep
|turn|23
|
|t:|1651278112
|-start|p1a: Xerneas|Dynamax|
|-heal|p1a: Xerneas|26/100|[silent]
|move|p1a: Xerneas|Max Guard|p1a: Xerneas
|-singleturn|p1a: Xerneas|Max Guard
|move|p2a: Dominance|Max Airstream|p1a: Xerneas
|-activate|p1a: Xerneas|move: Max Guard
|
|upkeep
|-end|p2a: Dominance|Dynamax
|-heal|p2a: Dominance|33/100|[silent]
|turn|24
|
|t:|1651278125
|move|p2a: Dominance|Sucker Punch|p1a: Xerneas
|-resisted|p1a: Xerneas
|-damage|p1a: Xerneas|17/100
|-damage|p2a: Dominance|23/100|[from] item: Life Orb
|move|p1a: Xerneas|Max Starfall|p2a: Dominance
|-supereffective|p2a: Dominance
|-damage|p2a: Dominance|0 fnt
|-fieldstart|move: Misty Terrain
|faint|p2a: Dominance
|
|upkeep
|
|t:|1651278131
|switch|p2a: GOAT Jr|Rayquaza-Mega|76/100
|-damage|p2a: GOAT Jr|51/100|[from] Stealth Rock
|-weather|DeltaStream|[from] ability: Delta Stream|[of] p2a: GOAT Jr
|turn|25
|
|t:|1651278134
|move|p2a: GOAT Jr|Extreme Speed|p1a: Xerneas
|-damage|p1a: Xerneas|0 fnt
|faint|p1a: Xerneas
|
|-weather|DeltaStream|[upkeep]
|upkeep
|
|t:|1651278136
|switch|p1a: Zacian|Zacian-Crowned|94/100
|-damage|p1a: Zacian|88/100|[from] Stealth Rock
|-ability|p1a: Zacian|Intrepid Sword|boost
|-boost|p1a: Zacian|atk|1
|turn|26
|
|t:|1651278138
|move|p2a: GOAT Jr|Extreme Speed|p1a: Zacian
|-resisted|p1a: Zacian
|-damage|p1a: Zacian|61/100
|move|p1a: Zacian|Behemoth Blade|p2a: GOAT Jr
|-damage|p2a: GOAT Jr|0 fnt
|faint|p2a: GOAT Jr
|-weather|none
|
|upkeep
|
|t:|1651278144
|switch|p2a: Hound|Necrozma-Dusk-Mane|64/100
|-damage|p2a: Hound|58/100|[from] Stealth Rock
|turn|27
|
|t:|1651278146
|move|p1a: Zacian|Close Combat|p2a: Hound
|-damage|p2a: Hound|6/100
|-unboost|p1a: Zacian|def|1
|-unboost|p1a: Zacian|spd|1
|move|p2a: Hound|Sunsteel Strike|p1a: Zacian
|-damage|p1a: Zacian|0 fnt
|faint|p1a: Zacian
|
|win|ShadesTheMan
|raw|amnael1's rating: 1778 &rarr; <strong>1755</strong><br />(-23 for losing)
|raw|ShadesTheMan's rating: 1729 &rarr; <strong>1752</strong><br />(+23 for winning)
|c|☆ShadesTheMan|gg
|l|☆amnael1
||Ladder isn't responding, score probably updated but might not have (Request timeout).
