|j|☆testinthisgarbage
|j|☆test3721
|t:|1608393856
|player|p1|testinthisgarbage|preschooler|1687
|player|p2|test3721|170|1626
|teamsize|p1|6
|teamsize|p2|6
|gametype|singles
|gen|8
|tier|[Gen 8] National Dex AG
|rated|
|clearpoke
|poke|p1|Smeargle, M|
|poke|p1|Smeargle, F|
|poke|p1|Calyrex-Shadow|
|poke|p1|Yveltal|
|poke|p1|Groudon|
|poke|p1|Tyranitar, M|
|poke|p2|Weavile, F|
|poke|p2|Necrozma-Dusk-Mane|
|poke|p2|Deoxys-Attack|
|poke|p2|Deoxys-Attack|
|poke|p2|Landorus-Therian, M|
|poke|p2|Marshadow|
|rule|HP Percentage Mod: HP is shown in percentages
|rule|Endless Battle Clause: Forcing endless battles is banned
|teampreview
|
|t:|1608393868
|start
|switch|p1a: Dwayne the the the|Tyranitar, M|100/100
|switch|p2a: Weavile|Weavile, F|100/100
|-ability|p2a: Weavile|Pressure
|-weather|Sandstorm|[from] ability: Sand Stream|[of] p1a: Dwayne the the the
|turn|1
|
|t:|1608393873
|move|p2a: Weavile|Taunt|p1a: Dwayne the the the
|-start|p1a: Dwayne the the the|move: Taunt
|cant|p1a: Dwayne the the the|move: Taunt|Stealth Rock
|
|-weather|Sandstorm|[upkeep]
|-damage|p2a: Weavile|94/100|[from] Sandstorm
|upkeep
|turn|2
|j| Jefff 369421
|
|t:|1608393875
|switch|p2a: Necrozma|Necrozma-Dusk-Mane|100/100
|move|p1a: Dwayne the the the|Rock Tomb|p2a: Necrozma
|-resisted|p2a: Necrozma
|-damage|p2a: Necrozma|93/100
|-unboost|p2a: Necrozma|spe|1
|
|-weather|Sandstorm|[upkeep]
|-heal|p2a: Necrozma|99/100|[from] item: Leftovers
|upkeep
|turn|3
|
|t:|1608393881
|switch|p1a: Femto|Yveltal|100/100
|-ability|p1a: Femto|Dark Aura
|move|p2a: Necrozma|Stealth Rock|p1a: Femto
|-sidestart|p1: testinthisgarbage|move: Stealth Rock
|
|-weather|Sandstorm|[upkeep]
|-damage|p1a: Femto|94/100|[from] Sandstorm
|-heal|p2a: Necrozma|100/100|[from] item: Leftovers
|upkeep
|turn|4
|
|t:|1608393886
|switch|p2a: Weavile|Weavile, F|94/100
|-ability|p2a: Weavile|Pressure
|move|p1a: Femto|Knock Off|p2a: Weavile
|-resisted|p2a: Weavile
|-damage|p2a: Weavile|24/100
|-enditem|p2a: Weavile|King's Rock|[from] move: Knock Off|[of] p1a: Femto
|-damage|p1a: Femto|84/100|[from] item: Life Orb
|
|-weather|Sandstorm|[upkeep]
|-damage|p2a: Weavile|18/100|[from] Sandstorm
|-damage|p1a: Femto|78/100|[from] Sandstorm
|upkeep
|turn|5
|
|t:|1608393891
|move|p2a: Weavile|Ice Shard|p1a: Femto
|-supereffective|p1a: Femto
|-damage|p1a: Femto|42/100
|move|p1a: Femto|Sucker Punch||[still]
|-fail|p1a: Femto
|
|-weather|none
|upkeep
|turn|6
|
|t:|1608393898
|switch|p1a: Groudon|Groudon|100/100
|-damage|p1a: Groudon|94/100|[from] Stealth Rock
|detailschange|p1a: Groudon|Groudon-Primal
|-primal|p1a: Groudon
|-weather|DesolateLand|[from] ability: Desolate Land|[of] p1a: Groudon
|move|p2a: Weavile|Icicle Crash|p1a: Groudon
|-damage|p1a: Groudon|76/100
|
|-weather|DesolateLand|[upkeep]
|upkeep
|turn|7
|
|t:|1608393901
|move|p2a: Weavile|Beat Up|p1a: Groudon
|-damage|p1a: Groudon|72/100
|-damage|p1a: Groudon|68/100
|-damage|p1a: Groudon|63/100
|-damage|p1a: Groudon|58/100
|-damage|p1a: Groudon|53/100
|-damage|p1a: Groudon|50/100
|-hitcount|p1a: Groudon|6
|move|p1a: Groudon|Stealth Rock|p2a: Weavile
|-sidestart|p2: test3721|move: Stealth Rock
|
|-weather|DesolateLand|[upkeep]
|upkeep
|turn|8
|
|t:|1608393904
|move|p2a: Weavile|Beat Up|p1a: Groudon
|-damage|p1a: Groudon|46/100
|-damage|p1a: Groudon|41/100
|-damage|p1a: Groudon|36/100
|-damage|p1a: Groudon|30/100
|-damage|p1a: Groudon|26/100
|-damage|p1a: Groudon|23/100
|-hitcount|p1a: Groudon|6
|move|p1a: Groudon|Earthquake|p2a: Weavile
|-damage|p2a: Weavile|0 fnt
|faint|p2a: Weavile
|
|-weather|DesolateLand|[upkeep]
|upkeep
|
|t:|1608393907
|switch|p2a: Landorus|Landorus-Therian, M|100/100
|-damage|p2a: Landorus|88/100|[from] Stealth Rock
|-ability|p2a: Landorus|Intimidate|boost
|-unboost|p1a: Groudon|atk|1
|turn|9
|
|t:|1608393909
|move|p2a: Landorus|Defog|p1a: Groudon
|-unboost|p1a: Groudon|evasion|1
|-sideend|p1: testinthisgarbage|Stealth Rock|[from] move: Defog|[of] p2a: Landorus
|-sideend|p2: test3721|Stealth Rock|[from] move: Defog|[of] p2a: Landorus
|move|p1a: Groudon|Rock Tomb|p2a: Landorus
|-damage|p2a: Landorus|71/100
|-unboost|p2a: Landorus|spe|1
|
|-weather|DesolateLand|[upkeep]
|upkeep
|turn|10
|
|t:|1608393916
|switch|p2a: Necrozma|Necrozma-Dusk-Mane|100/100
|move|p1a: Groudon|Stealth Rock|p2a: Necrozma
|-sidestart|p2: test3721|move: Stealth Rock
|
|-weather|DesolateLand|[upkeep]
|upkeep
|turn|11
|
|t:|1608393922
|move|p1a: Groudon|Earthquake|p2a: Necrozma
|-supereffective|p2a: Necrozma
|-damage|p2a: Necrozma|70/100
|move|p2a: Necrozma|Sunsteel Strike|p1a: Groudon
|-resisted|p1a: Groudon
|-damage|p1a: Groudon|10/100
|
|-weather|DesolateLand|[upkeep]
|-heal|p2a: Necrozma|76/100|[from] item: Leftovers
|upkeep
|turn|12
|
|t:|1608393925
|move|p1a: Groudon|Earthquake|p2a: Necrozma
|-supereffective|p2a: Necrozma
|-damage|p2a: Necrozma|43/100
|move|p2a: Necrozma|Morning Sun|p2a: Necrozma
|-heal|p2a: Necrozma|100/100
|
|-weather|DesolateLand|[upkeep]
|upkeep
|turn|13
|
|t:|1608393930
|-weather|none
|switch|p1a: Dwayne the the the|Tyranitar, M|100/100
|-weather|Sandstorm|[from] ability: Sand Stream|[of] p1a: Dwayne the the the
|move|p2a: Necrozma|Sunsteel Strike|p1a: Dwayne the the the
|-supereffective|p1a: Dwayne the the the
|-damage|p1a: Dwayne the the the|26/100
|
|-weather|Sandstorm|[upkeep]
|-heal|p1a: Dwayne the the the|32/100|[from] item: Leftovers
|upkeep
|turn|14
|
|t:|1608393935
|move|p2a: Necrozma|Sunsteel Strike|p1a: Dwayne the the the
|-supereffective|p1a: Dwayne the the the
|-damage|p1a: Dwayne the the the|0 fnt
|faint|p1a: Dwayne the the the
|
|-weather|Sandstorm|[upkeep]
|upkeep
|
|t:|1608393939
|switch|p1a: shitter arse|Smeargle, M|100/100
|turn|15
|
|t:|1608393957
|move|p1a: shitter arse|Spore|p2a: Necrozma
|-status|p2a: Necrozma|slp|[from] move: Spore
|cant|p2a: Necrozma|slp
|
|-weather|Sandstorm|[upkeep]
|-damage|p1a: shitter arse|95/100|[from] Sandstorm
|-heal|p1a: shitter arse|100/100|[from] item: Leftovers
|-ability|p1a: shitter arse|Moody|boost
|-boost|p1a: shitter arse|spe|2
|-unboost|p1a: shitter arse|def|1
|upkeep
|turn|16
|
|t:|1608393963
|move|p1a: shitter arse|Substitute|p1a: shitter arse
|-start|p1a: shitter arse|Substitute
|-damage|p1a: shitter arse|76/100
|-curestatus|p2a: Necrozma|slp|[msg]
|move|p2a: Necrozma|Sunsteel Strike|p1a: shitter arse
|-end|p1a: shitter arse|Substitute
|
|-weather|Sandstorm|[upkeep]
|-damage|p1a: shitter arse|70/100|[from] Sandstorm
|-heal|p1a: shitter arse|76/100|[from] item: Leftovers
|-ability|p1a: shitter arse|Moody|boost
|-boost|p1a: shitter arse|spe|2
|-unboost|p1a: shitter arse|spa|1
|upkeep
|turn|17
|
|t:|1608393968
|move|p1a: shitter arse|Spore|p2a: Necrozma
|-status|p2a: Necrozma|slp|[from] move: Spore
|cant|p2a: Necrozma|slp
|
|-weather|none
|-heal|p1a: shitter arse|82/100|[from] item: Leftovers
|-ability|p1a: shitter arse|Moody|boost
|-boost|p1a: shitter arse|def|2
|-unboost|p1a: shitter arse|spd|1
|upkeep
|turn|18
|
|t:|1608393969
|move|p1a: shitter arse|Substitute|p1a: shitter arse
|-start|p1a: shitter arse|Substitute
|-damage|p1a: shitter arse|57/100
|-curestatus|p2a: Necrozma|slp|[msg]
|move|p2a: Necrozma|Sunsteel Strike|p1a: shitter arse
|-end|p1a: shitter arse|Substitute
|
|-heal|p1a: shitter arse|63/100|[from] item: Leftovers
|-ability|p1a: shitter arse|Moody|boost
|-boost|p1a: shitter arse|spd|2
|-unboost|p1a: shitter arse|atk|1
|upkeep
|turn|19
|
|t:|1608393973
|move|p1a: shitter arse|Spore|p2a: Necrozma
|-status|p2a: Necrozma|slp|[from] move: Spore
|cant|p2a: Necrozma|slp
|
|-heal|p1a: shitter arse|69/100|[from] item: Leftovers
|-ability|p1a: shitter arse|Moody|boost
|-boost|p1a: shitter arse|def|2
|-unboost|p1a: shitter arse|spd|1
|upkeep
|turn|20
|
|t:|1608393975
|move|p1a: shitter arse|Substitute|p1a: shitter arse
|-start|p1a: shitter arse|Substitute
|-damage|p1a: shitter arse|44/100
|cant|p2a: Necrozma|slp
|
|-heal|p1a: shitter arse|50/100|[from] item: Leftovers
|-ability|p1a: shitter arse|Moody|boost
|-boost|p1a: shitter arse|atk|2
|-unboost|p1a: shitter arse|spd|1
|upkeep
|turn|21
|
|t:|1608393978
|move|p1a: shitter arse|Shell Smash|p1a: shitter arse
|-unboost|p1a: shitter arse|def|1
|-unboost|p1a: shitter arse|spd|1
|-boost|p1a: shitter arse|atk|2
|-boost|p1a: shitter arse|spa|2
|-boost|p1a: shitter arse|spe|2
|-curestatus|p2a: Necrozma|slp|[msg]
|move|p2a: Necrozma|Sunsteel Strike|p1a: shitter arse
|-end|p1a: shitter arse|Substitute
|
|-heal|p1a: shitter arse|56/100|[from] item: Leftovers
|-ability|p1a: shitter arse|Moody|boost
|-boost|p1a: shitter arse|spd|2
|-unboost|p1a: shitter arse|def|1
|upkeep
|turn|22
|
|t:|1608393982
|move|p1a: shitter arse|Spore|p2a: Necrozma
|-status|p2a: Necrozma|slp|[from] move: Spore
|cant|p2a: Necrozma|slp
|
|-heal|p1a: shitter arse|62/100|[from] item: Leftovers
|-ability|p1a: shitter arse|Moody|boost
|-boost|p1a: shitter arse|spa|2
|-unboost|p1a: shitter arse|spd|1
|upkeep
|turn|23
|
|t:|1608393985
|move|p1a: shitter arse|Substitute|p1a: shitter arse
|-start|p1a: shitter arse|Substitute
|-damage|p1a: shitter arse|38/100
|-curestatus|p2a: Necrozma|slp|[msg]
|move|p2a: Necrozma|Sunsteel Strike|p1a: shitter arse
|-end|p1a: shitter arse|Substitute
|
|-heal|p1a: shitter arse|44/100|[from] item: Leftovers
|-ability|p1a: shitter arse|Moody|boost
|-boost|p1a: shitter arse|spa|2
|-unboost|p1a: shitter arse|atk|1
|upkeep
|turn|24
|
|t:|1608393994
|switch|p2a: Deoxys|Deoxys-Attack|100/100
|-damage|p2a: Deoxys|88/100|[from] Stealth Rock
|-ability|p2a: Deoxys|Pressure
|move|p1a: shitter arse|Spore|p2a: Deoxys
|-status|p2a: Deoxys|slp|[from] move: Spore
|
|-heal|p1a: shitter arse|50/100|[from] item: Leftovers
|-ability|p1a: shitter arse|Moody|boost
|-boost|p1a: shitter arse|atk|2
|-unboost|p1a: shitter arse|def|1
|upkeep
|turn|25
|
|t:|1608393997
|cant|p2a: Deoxys|slp
|move|p1a: shitter arse|Substitute|p1a: shitter arse
|-start|p1a: shitter arse|Substitute
|-damage|p1a: shitter arse|25/100
|
|-heal|p1a: shitter arse|31/100|[from] item: Leftovers
|-ability|p1a: shitter arse|Moody|boost
|-boost|p1a: shitter arse|spd|2
|-unboost|p1a: shitter arse|atk|1
|upkeep
|turn|26
|
|t:|1608394000
|-curestatus|p2a: Deoxys|slp|[msg]
|move|p2a: Deoxys|Extreme Speed|p1a: shitter arse
|-end|p1a: shitter arse|Substitute
|move|p1a: shitter arse|Power Trip|p2a: Deoxys
|-supereffective|p2a: Deoxys
|-damage|p2a: Deoxys|0 fnt
|faint|p2a: Deoxys
|
|-heal|p1a: shitter arse|37/100|[from] item: Leftovers
|-ability|p1a: shitter arse|Moody|boost
|-boost|p1a: shitter arse|spd|2
|-unboost|p1a: shitter arse|atk|1
|upkeep
|
|t:|1608394004
|switch|p2a: Landorus|Landorus-Therian, M|71/100
|-damage|p2a: Landorus|59/100|[from] Stealth Rock
|-ability|p2a: Landorus|Intimidate|boost
|-unboost|p1a: shitter arse|atk|1
|turn|27
|
|t:|1608394014
|switch|p2a: Necrozma|Necrozma-Dusk-Mane|100/100
|-damage|p2a: Necrozma|94/100|[from] Stealth Rock
|move|p1a: shitter arse|Spore|p2a: Necrozma
|-status|p2a: Necrozma|slp|[from] move: Spore
|
|-heal|p1a: shitter arse|43/100|[from] item: Leftovers
|-heal|p2a: Necrozma|100/100 slp|[from] item: Leftovers
|-ability|p1a: shitter arse|Moody|boost
|-boost|p1a: shitter arse|def|2
|-unboost|p1a: shitter arse|atk|1
|upkeep
|turn|28
|
|t:|1608394020
|move|p1a: shitter arse|Substitute|p1a: shitter arse
|-start|p1a: shitter arse|Substitute
|-damage|p1a: shitter arse|18/100
|cant|p2a: Necrozma|slp
|
|-heal|p1a: shitter arse|24/100|[from] item: Leftovers
|-ability|p1a: shitter arse|Moody|boost
|-boost|p1a: shitter arse|atk|2
|-unboost|p1a: shitter arse|def|1
|upkeep
|turn|29
|
|t:|1608394028
|move|p1a: shitter arse|Shell Smash|p1a: shitter arse
|-unboost|p1a: shitter arse|def|1
|-unboost|p1a: shitter arse|spd|1
|-boost|p1a: shitter arse|atk|2
|-boost|p1a: shitter arse|spa|1
|-boost|p1a: shitter arse|spe|0
|cant|p2a: Necrozma|slp
|
|-heal|p1a: shitter arse|30/100|[from] item: Leftovers
|-ability|p1a: shitter arse|Moody|boost
|-boost|p1a: shitter arse|def|2
|-unboost|p1a: shitter arse|spe|1
|upkeep
|turn|30
|
|t:|1608394032
|move|p1a: shitter arse|Power Trip|p2a: Necrozma
|-supereffective|p2a: Necrozma
|-damage|p2a: Necrozma|0 fnt
|faint|p2a: Necrozma
|
|-heal|p1a: shitter arse|36/100|[from] item: Leftovers
|-ability|p1a: shitter arse|Moody|boost
|-boost|p1a: shitter arse|spd|2
|-unboost|p1a: shitter arse|atk|1
|upkeep
|
|t:|1608394039
|switch|p2a: Landorus|Landorus-Therian, M|59/100
|-damage|p2a: Landorus|46/100|[from] Stealth Rock
|-ability|p2a: Landorus|Intimidate|boost
|-immune|p1a: shitter arse
|turn|31
|
|t:|1608394043
|move|p1a: shitter arse|Power Trip|p2a: Landorus
|-damage|p2a: Landorus|0 fnt
|faint|p2a: Landorus
|
|-heal|p1a: shitter arse|42/100|[from] item: Leftovers
|-ability|p1a: shitter arse|Moody|boost
|-boost|p1a: shitter arse|spd|2
|-unboost|p1a: shitter arse|atk|1
|upkeep
|-message|test3721 forfeited.
|
|win|testinthisgarbage
|l|☆test3721
|l|☆testinthisgarbage
|raw|testinthisgarbage's rating: 1691 &rarr; <strong>1706</strong><br />(+15 for winning)
|raw|test3721's rating: 1597 &rarr; <strong>1582</strong><br />(-15 for losing)
|j|☆testinthisgarbage
|player|p1|testinthisgarbage|preschooler
