|j|☆JedTheHumanoid
|j|☆Tianf
|t:|1649744730
|gametype|singles
|player|p1|JedTheHumanoid|swimmer-gen4dp|1723
|player|p2|Tianf|pryce|1788
|teamsize|p1|6
|teamsize|p2|6
|gen|8
|tier|[Gen 8] National Dex AG
|rated|
|rule|HP Percentage Mod: HP is shown in percentages
|rule|Endless Battle Clause: Forcing endless battles is banned
|clearpoke
|poke|p1|Calyrex-Shadow|
|poke|p1|Groudon|
|poke|p1|Rayquaza|
|poke|p1|Zygarde|
|poke|p1|Zacian-*|
|poke|p1|Yveltal|
|poke|p2|Ho-Oh|
|poke|p2|Rayquaza|
|poke|p2|Tyranitar, F|
|poke|p2|Zacian-*|
|poke|p2|Calyrex-Shadow|
|poke|p2|Necrozma-Dusk-Mane|
|teampreview
|inactive|Battle timer is ON: inactive players will automatically lose when time's up. (requested by Tianf)
|
|t:|1649744755
|start
|switch|p1a: Calyrex|Calyrex-Shadow|100/100
|switch|p2a: Rayquaza|Rayquaza|100/100
|-ability|p1a: Calyrex|As One
|-ability|p1a: Calyrex|Unnerve
|-ability|p2a: Rayquaza|Air Lock
|turn|1
|j| Kooriki
|
|t:|1649744766
|detailschange|p2a: Rayquaza|Rayquaza-Mega
|-mega|p2a: Rayquaza|Rayquaza|
|-weather|DeltaStream|[from] ability: Delta Stream|[of] p2a: Rayquaza
|move|p2a: Rayquaza|Extreme Speed|p1a: Calyrex
|-immune|p1a: Calyrex
|move|p1a: Calyrex|Astral Barrage|p2a: Rayquaza
|-damage|p2a: Rayquaza|32/100
|
|-weather|DeltaStream|[upkeep]
|upkeep
|turn|2
|
|t:|1649744778
|-weather|none
|switch|p2a: Tyranitar|Tyranitar, F|100/100
|-weather|Sandstorm|[from] ability: Sand Stream|[of] p2a: Tyranitar
|move|p1a: Calyrex|Baton Pass|p1a: Calyrex
|
|t:|1649744789
|switch|p1a: Groudon|Groudon|100/100|[from]move: Baton Pass
|detailschange|p1a: Groudon|Groudon-Primal
|-primal|p1a: Groudon
|-weather|DesolateLand|[from] ability: Desolate Land|[of] p1a: Groudon
|
|-weather|DesolateLand|[upkeep]
|upkeep
|turn|3
|
|t:|1649744792
|switch|p2a: Rayquaza|Rayquaza-Mega|32/100
|-weather|DeltaStream|[from] ability: Delta Stream|[of] p2a: Rayquaza
|move|p1a: Groudon|Stealth Rock|p2a: Rayquaza
|-sidestart|p2: Tianf|move: Stealth Rock
|
|-weather|DeltaStream|[upkeep]
|upkeep
|turn|4
|
|t:|1649744797
|move|p2a: Rayquaza|Dragon Ascent|p1a: Groudon
|-damage|p1a: Groudon|39/100
|-unboost|p2a: Rayquaza|def|1
|-unboost|p2a: Rayquaza|spd|1
|move|p1a: Groudon|Dragon Tail|p2a: Rayquaza
|-supereffective|p2a: Rayquaza
|-damage|p2a: Rayquaza|0 fnt
|faint|p2a: Rayquaza
|-weather|none
|
|upkeep
|
|t:|1649744800
|switch|p2a: Ho-Oh|Ho-Oh, shiny|100/100
|turn|5
|
|t:|1649744808
|switch|p1a: Zygarde|Zygarde|100/100
|move|p2a: Ho-Oh|Defog|p1a: Zygarde
|-unboost|p1a: Zygarde|evasion|1
|-sideend|p2: Tianf|Stealth Rock|[from] move: Defog|[of] p2a: Ho-Oh
|
|upkeep
|turn|6
|
|t:|1649744811
|move|p1a: Zygarde|Glare|p2a: Ho-Oh
|-status|p2a: Ho-Oh|par
|move|p2a: Ho-Oh|Toxic|p1a: Zygarde
|-status|p1a: Zygarde|tox
|
|-damage|p1a: Zygarde|94/100 tox|[from] psn
|upkeep
|turn|7
|
|t:|1649744818
|move|p1a: Zygarde|Thousand Arrows|p2a: Ho-Oh
|-damage|p2a: Ho-Oh|82/100 par
|-start|p2a: Ho-Oh|Smack Down
|move|p2a: Ho-Oh|Toxic|p1a: Zygarde
|-fail|p1a: Zygarde|tox
|
|-heal|p1a: Zygarde|100/100 tox|[from] item: Leftovers
|-damage|p1a: Zygarde|88/100 tox|[from] psn
|upkeep
|turn|8
|j| rahull
|
|t:|1649744824
|move|p1a: Zygarde|Thousand Arrows|p2a: Ho-Oh
|-supereffective|p2a: Ho-Oh
|-damage|p2a: Ho-Oh|40/100 par
|move|p2a: Ho-Oh|Toxic|p1a: Zygarde
|-fail|p1a: Zygarde|tox
|
|-heal|p1a: Zygarde|94/100 tox|[from] item: Leftovers
|-damage|p1a: Zygarde|76/100 tox|[from] psn
|upkeep
|turn|9
|
|t:|1649744829
|switch|p2a: Necrozma|Necrozma-Dusk-Mane|100/100
|move|p1a: Zygarde|Thousand Arrows|p2a: Necrozma
|-supereffective|p2a: Necrozma
|-damage|p2a: Necrozma|74/100
|
|-heal|p1a: Zygarde|82/100 tox|[from] item: Leftovers
|-damage|p1a: Zygarde|57/100 tox|[from] psn
|upkeep
|turn|10
|
|t:|1649744836
|switch|p2a: Ho-Oh|Ho-Oh, shiny|74/100 par
|move|p1a: Zygarde|Glare|p2a: Ho-Oh
|-fail|p2a: Ho-Oh|par
|
|-heal|p1a: Zygarde|64/100 tox|[from] item: Leftovers
|-damage|p1a: Zygarde|33/100 tox|[from] psn
|-activate|p1a: Zygarde|ability: Power Construct
|detailschange|p1a: Zygarde|Zygarde-Complete
|-heal|p1a: Zygarde|58/100 tox|[silent]
|upkeep
|turn|11
|
|t:|1649744847
|move|p1a: Zygarde|Thousand Arrows|p2a: Ho-Oh
|-damage|p2a: Ho-Oh|53/100 par
|-start|p2a: Ho-Oh|Smack Down
|move|p2a: Ho-Oh|Toxic|p1a: Zygarde
|-fail|p1a: Zygarde|tox
|
|-heal|p1a: Zygarde|64/100 tox|[from] item: Leftovers
|-damage|p1a: Zygarde|28/100 tox|[from] psn
|upkeep
|turn|12
|
|t:|1649744849
|switch|p2a: Necrozma|Necrozma-Dusk-Mane|74/100
|move|p1a: Zygarde|Thousand Arrows|p2a: Necrozma
|-supereffective|p2a: Necrozma
|-damage|p2a: Necrozma|48/100
|
|-heal|p1a: Zygarde|34/100 tox|[from] item: Leftovers
|-damage|p1a: Zygarde|0 fnt|[from] psn
|faint|p1a: Zygarde
|upkeep
|
|t:|1649744852
|switch|p1a: Yveltal|Yveltal|100/100
|-ability|p1a: Yveltal|Dark Aura
|turn|13
|
|t:|1649744861
|switch|p1a: Groudon|Groudon-Primal|39/100
|-weather|DesolateLand|[from] ability: Desolate Land|[of] p1a: Groudon
|switch|p2a: Tyranitar|Tyranitar, F|100/100
|-ability|p2a: Tyranitar|Sand Stream|[from] desolateland|[fail]
|
|-weather|DesolateLand|[upkeep]
|upkeep
|turn|14
|
|t:|1649744867
|switch|p2a: Ho-Oh|Ho-Oh, shiny|87/100 par
|move|p1a: Groudon|Dragon Tail|p2a: Ho-Oh
|-damage|p2a: Ho-Oh|72/100 par
|drag|p2a: Zacian|Zacian-Crowned|100/100
|-ability|p2a: Zacian|Intrepid Sword|boost
|-boost|p2a: Zacian|atk|1
|
|-weather|DesolateLand|[upkeep]
|upkeep
|turn|15
|
|t:|1649744873
|move|p2a: Zacian|Close Combat|p1a: Groudon
|-damage|p1a: Groudon|1/100
|-unboost|p2a: Zacian|def|1
|-unboost|p2a: Zacian|spd|1
|move|p1a: Groudon|Stealth Rock|p2a: Zacian
|-sidestart|p2: Tianf|move: Stealth Rock
|
|-weather|DesolateLand|[upkeep]
|upkeep
|turn|16
|
|t:|1649744883
|switch|p2a: Ho-Oh|Ho-Oh, shiny|100/100 par
|move|p1a: Groudon|Overheat|p2a: Ho-Oh
|-resisted|p2a: Ho-Oh
|-damage|p2a: Ho-Oh|73/100 par
|-unboost|p1a: Groudon|spa|2
|
|-weather|DesolateLand|[upkeep]
|upkeep
|turn|17
|
|t:|1649744888
|-weather|none
|switch|p1a: Rayquaza|Rayquaza|100/100
|-ability|p1a: Rayquaza|Air Lock
|move|p2a: Ho-Oh|Defog|p1a: Rayquaza
|-unboost|p1a: Rayquaza|evasion|1
|-sideend|p2: Tianf|Stealth Rock|[from] move: Defog|[of] p2a: Ho-Oh
|
|upkeep
|turn|18
|
|t:|1649744901
|switch|p2a: Tyranitar|Tyranitar, F|100/100
|-weather|Sandstorm|[from] ability: Sand Stream|[of] p2a: Tyranitar
|detailschange|p1a: Rayquaza|Rayquaza-Mega
|-mega|p1a: Rayquaza|Rayquaza|
|-weather|DeltaStream|[from] ability: Delta Stream|[of] p1a: Rayquaza
|move|p1a: Rayquaza|Dragon Ascent|p2a: Tyranitar
|-resisted|p2a: Tyranitar
|-damage|p2a: Tyranitar|61/100
|-unboost|p1a: Rayquaza|def|1
|-unboost|p1a: Rayquaza|spd|1
|-damage|p1a: Rayquaza|91/100|[from] item: Life Orb
|
|-weather|DeltaStream|[upkeep]
|-heal|p2a: Tyranitar|67/100|[from] item: Leftovers
|upkeep
|turn|19
|
|t:|1649744910
|move|p1a: Rayquaza|Draco Meteor|p2a: Tyranitar
|-damage|p2a: Tyranitar|9/100
|-unboost|p1a: Rayquaza|spa|2
|-damage|p1a: Rayquaza|81/100|[from] item: Life Orb
|move|p2a: Tyranitar|Pursuit|p1a: Rayquaza
|-damage|p1a: Rayquaza|53/100
|
|-weather|DeltaStream|[upkeep]
|-heal|p2a: Tyranitar|16/100|[from] item: Leftovers
|upkeep
|turn|20
|
|t:|1649744914
|move|p1a: Rayquaza|Surf|p2a: Tyranitar
|-supereffective|p2a: Tyranitar
|-damage|p2a: Tyranitar|0 fnt
|faint|p2a: Tyranitar
|-damage|p1a: Rayquaza|43/100|[from] item: Life Orb
|
|-weather|DeltaStream|[upkeep]
|upkeep
|
|t:|1649744923
|switch|p2a: Zacian|Zacian-Crowned|100/100
|-ability|p2a: Zacian|Intrepid Sword|boost
|-boost|p2a: Zacian|atk|1
|turn|21
|
|t:|1649744929
|move|p2a: Zacian|Behemoth Blade|p1a: Rayquaza
|-damage|p1a: Rayquaza|0 fnt
|faint|p1a: Rayquaza
|-weather|none
|
|upkeep
|
|t:|1649744935
|switch|p1a: Zacian|Zacian-Crowned|100/100
|-ability|p1a: Zacian|Intrepid Sword|boost
|-boost|p1a: Zacian|atk|1
|turn|22
|
|t:|1649744941
|switch|p2a: Ho-Oh|Ho-Oh, shiny|100/100 par
|move|p1a: Zacian|Close Combat|p2a: Ho-Oh
|-resisted|p2a: Ho-Oh
|-damage|p2a: Ho-Oh|72/100 par
|-unboost|p1a: Zacian|def|1
|-unboost|p1a: Zacian|spd|1
|
|upkeep
|turn|23
|
|t:|1649744947
|switch|p1a: Groudon|Groudon-Primal|1/100
|-weather|DesolateLand|[from] ability: Desolate Land|[of] p1a: Groudon
|switch|p2a: Necrozma|Necrozma-Dusk-Mane|48/100
|
|-weather|DesolateLand|[upkeep]
|upkeep
|turn|24
|
|t:|1649744956
|switch|p2a: Ho-Oh|Ho-Oh, shiny|100/100 par
|move|p1a: Groudon|Stealth Rock|p2a: Ho-Oh
|-sidestart|p2: Tianf|move: Stealth Rock
|
|-weather|DesolateLand|[upkeep]
|upkeep
|turn|25
|
|t:|1649744963
|cant|p2a: Ho-Oh|par
|move|p1a: Groudon|Dragon Tail|p2a: Ho-Oh
|-damage|p2a: Ho-Oh|87/100 par
|drag|p2a: Calyrex|Calyrex-Shadow|100/100
|-ability|p2a: Calyrex|As One
|-ability|p2a: Calyrex|Unnerve
|-damage|p2a: Calyrex|88/100|[from] Stealth Rock
|
|-weather|DesolateLand|[upkeep]
|upkeep
|turn|26
|
|t:|1649744967
|-weather|none
|switch|p1a: Yveltal|Yveltal|100/100
|-ability|p1a: Yveltal|Dark Aura
|move|p2a: Calyrex|Substitute|p2a: Calyrex
|-start|p2a: Calyrex|Substitute
|-damage|p2a: Calyrex|63/100
|
|upkeep
|turn|27
|
|t:|1649744972
|move|p2a: Calyrex|Pollen Puff|p1a: Yveltal
|-damage|p1a: Yveltal|74/100
|move|p1a: Yveltal|Oblivion Wing|p2a: Calyrex
|-end|p2a: Calyrex|Substitute
|-heal|p1a: Yveltal|89/100|[from] drain|[of] p2a: Calyrex
|
|upkeep
|turn|28
|
|t:|1649744977
|switch|p2a: Zacian|Zacian-Crowned|100/100
|-damage|p2a: Zacian|94/100|[from] Stealth Rock
|-ability|p2a: Zacian|Intrepid Sword|boost
|-boost|p2a: Zacian|atk|1
|move|p1a: Yveltal|Dark Pulse|p2a: Zacian
|-resisted|p2a: Zacian
|-damage|p2a: Zacian|71/100
|
|upkeep
|turn|29
|
|t:|1649744980
|switch|p1a: Groudon|Groudon-Primal|1/100
|-weather|DesolateLand|[from] ability: Desolate Land|[of] p1a: Groudon
|move|p2a: Zacian|Behemoth Blade|p1a: Groudon
|-resisted|p1a: Groudon
|-damage|p1a: Groudon|0 fnt
|faint|p1a: Groudon
|-weather|none
|
|upkeep
|
|t:|1649744989
|switch|p1a: Zacian|Zacian-Crowned|100/100
|-ability|p1a: Zacian|Intrepid Sword|boost
|-boost|p1a: Zacian|atk|1
|turn|30
|
|t:|1649744996
|switch|p2a: Necrozma|Necrozma-Dusk-Mane|48/100
|-damage|p2a: Necrozma|42/100|[from] Stealth Rock
|move|p1a: Zacian|Assurance|p2a: Necrozma
|-supereffective|p2a: Necrozma
|-damage|p2a: Necrozma|0 fnt
|-damage|p1a: Zacian|84/100|[from] item: Rocky Helmet|[of] p2a: Necrozma
|faint|p2a: Necrozma
|
|upkeep
|
|t:|1649744998
|switch|p2a: Ho-Oh|Ho-Oh, shiny|100/100 par
|turn|31
|
|t:|1649745002
|move|p1a: Zacian|Behemoth Blade|p2a: Ho-Oh
|-resisted|p2a: Ho-Oh
|-damage|p2a: Ho-Oh|70/100 par
|move|p2a: Ho-Oh|Defog|p1a: Zacian
|-unboost|p1a: Zacian|evasion|1
|-sideend|p2: Tianf|Stealth Rock|[from] move: Defog|[of] p2a: Ho-Oh
|
|upkeep
|turn|32
|
|t:|1649745009
|move|p1a: Zacian|Behemoth Blade|p2a: Ho-Oh
|-resisted|p2a: Ho-Oh
|-damage|p2a: Ho-Oh|35/100 par
|move|p2a: Ho-Oh|Sacred Fire|p1a: Zacian
|-supereffective|p1a: Zacian
|-damage|p1a: Zacian|0 fnt
|faint|p1a: Zacian
|
|upkeep
|
|t:|1649745018
|switch|p1a: Calyrex|Calyrex-Shadow|100/100
|-ability|p1a: Calyrex|As One
|-ability|p1a: Calyrex|Unnerve
|turn|33
|
|t:|1649745022
|-start|p2a: Ho-Oh|Dynamax|
|-heal|p2a: Ho-Oh|35/100 par|[silent]
|move|p1a: Calyrex|Astral Barrage|p2a: Ho-Oh
|-damage|p2a: Ho-Oh|16/100 par
|cant|p2a: Ho-Oh|par
|
|upkeep
|turn|34
|
|t:|1649745026
|move|p1a: Calyrex|Astral Barrage|p2a: Ho-Oh
|-damage|p2a: Ho-Oh|0 fnt
|faint|p2a: Ho-Oh
|-ability|p1a: Calyrex|Grim Neigh|boost
|-boost|p1a: Calyrex|spa|1
|
|upkeep
|
|t:|1649745029
|switch|p2a: Calyrex|Calyrex-Shadow|63/100
|-ability|p2a: Calyrex|As One
|-ability|p2a: Calyrex|Unnerve
|turn|35
|-message|Tianf forfeited.
|
|win|JedTheHumanoid
|raw|JedTheHumanoid's rating: 1723 &rarr; <strong>1747</strong><br />(+24 for winning)
|raw|Tianf's rating: 1788 &rarr; <strong>1764</strong><br />(-24 for losing)
