|j|☆Testing teams 596
|j|☆C0ld as Ic3
|inactive|Battle timer is ON: inactive players will automatically lose when time's up.
|t:|1655264369
|gametype|singles
|player|p1|Testing teams 596|schoolkid-gen4dp|
|player|p2|C0ld as Ic3|schoolkid-gen4dp|
|teamsize|p1|6
|teamsize|p2|6
|gen|8
|tier|[Gen 8] National Dex AG
|rated|Tournament battle
|rule|HP Percentage Mod: HP is shown in percentages
|rule|Endless Battle Clause: Forcing endless battles is banned
|clearpoke
|poke|p1|Melmetal|
|poke|p1|Dracovish|
|poke|p1|Necrozma-Dusk-Mane|
|poke|p1|Magearna|
|poke|p1|Stakataka|
|poke|p1|Rayquaza|
|poke|p2|Rayquaza|
|poke|p2|Dialga|
|poke|p2|Arceus-*|
|poke|p2|Deoxys-Speed|
|poke|p2|Smeargle, M|
|poke|p2|Yveltal|
|teampreview
|inactive|C0ld as Ic3 also wants the timer to be on.
|inactive|Testing teams 596 also wants the timer to be on.
|
|t:|1655264376
|start
|switch|p1a: Magearna|Magearna|100/100
|switch|p2a: Smeargle|Smeargle, M|100/100
|turn|1
|
|t:|1655264381
|move|p2a: Smeargle|Spore|p1a: Magearna
|-status|p1a: Magearna|slp|[from] move: Spore
|-enditem|p1a: Magearna|Lum Berry|[eat]
|-curestatus|p1a: Magearna|slp|[msg]
|move|p1a: Magearna|Trick Room|p1a: Magearna
|-fieldstart|move: Trick Room|[of] p1a: Magearna
|
|upkeep
|turn|2
|
|t:|1655264391
|move|p1a: Magearna|Explosion|p2a: Smeargle
|-crit|p2a: Smeargle
|-enditem|p2a: Smeargle|Focus Sash
|-damage|p2a: Smeargle|1/100
|faint|p1a: Magearna
|move|p2a: Smeargle|Sticky Web|p1: Magearna
|-sidestart|p1: Testing teams 596|move: Sticky Web
|
|upkeep
|
|t:|1655264398
|switch|p1a: Stakataka|Stakataka|100/100
|-item|p1a: Stakataka|Air Balloon
|turn|3
|
|t:|1655264409
|switch|p2a: Dialga|Dialga, shiny|100/100
|-ability|p2a: Dialga|Pressure
|move|p1a: Stakataka|Gyro Ball|p2a: Dialga
|-resisted|p2a: Dialga
|-damage|p2a: Dialga|65/100
|
|upkeep
|turn|4
|inactive|Testing teams 596 has 120 seconds left.
|j| TaxFraud094
|inactive|Testing teams 596 has 90 seconds left.
|inactive|C0ld as Ic3 has 120 seconds left.
|
|t:|1655264479
|-start|p1a: Stakataka|Dynamax|
|-heal|p1a: Stakataka|100/100|[silent]
|-start|p2a: Dialga|Dynamax|
|-heal|p2a: Dialga|65/100|[silent]
|move|p1a: Stakataka|Max Quake|p2a: Dialga
|-supereffective|p2a: Dialga
|-damage|p2a: Dialga|25/100
|-boost|p1a: Stakataka|spd|1
|-enditem|p2a: Dialga|Weakness Policy
|-boost|p2a: Dialga|atk|2|[from] item: Weakness Policy
|-boost|p2a: Dialga|spa|2|[from] item: Weakness Policy
|move|p2a: Dialga|Max Steelspike|p1a: Stakataka
|-damage|p1a: Stakataka|62/100
|-boost|p2a: Dialga|def|1
|-enditem|p1a: Stakataka|Air Balloon
|
|upkeep
|turn|5
|
|t:|1655264482
|move|p2a: Dialga|Max Guard|p2a: Dialga
|-singleturn|p2a: Dialga|Max Guard
|move|p1a: Stakataka|Max Quake|p2a: Dialga
|-activate|p2a: Dialga|move: Max Guard
|
|-fieldend|move: Trick Room
|upkeep
|turn|6
|
|t:|1655264487
|move|p2a: Dialga|Max Steelspike|p1a: Stakataka
|-damage|p1a: Stakataka|24/100
|-boost|p2a: Dialga|def|1
|move|p1a: Stakataka|Max Quake|p2a: Dialga
|-supereffective|p2a: Dialga
|-damage|p2a: Dialga|4/100
|-boost|p1a: Stakataka|spd|1
|
|upkeep
|-end|p2a: Dialga|Dynamax
|-heal|p2a: Dialga|4/100|[silent]
|-end|p1a: Stakataka|Dynamax
|-heal|p1a: Stakataka|24/100|[silent]
|turn|7
|
|t:|1655264494
|move|p2a: Dialga|Iron Head|p1a: Stakataka
|-damage|p1a: Stakataka|0 fnt
|faint|p1a: Stakataka
|
|upkeep
|
|t:|1655264505
|switch|p1a: Rayquaza|Rayquaza|100/100
|-ability|p1a: Rayquaza|Air Lock
|turn|8
|
|t:|1655264514
|detailschange|p1a: Rayquaza|Rayquaza-Mega
|-mega|p1a: Rayquaza|Rayquaza|
|-weather|DeltaStream|[from] ability: Delta Stream|[of] p1a: Rayquaza
|move|p1a: Rayquaza|Extreme Speed|p2a: Dialga
|-resisted|p2a: Dialga
|-damage|p2a: Dialga|0 fnt
|faint|p2a: Dialga
|
|-weather|DeltaStream|[upkeep]
|upkeep
|
|t:|1655264519
|switch|p2a: Deoxys|Deoxys-Speed|100/100
|-ability|p2a: Deoxys|Pressure
|turn|9
|
|t:|1655264522
|move|p1a: Rayquaza|Extreme Speed|p2a: Deoxys
|-damage|p2a: Deoxys|33/100
|move|p2a: Deoxys|Reflect|p2a: Deoxys
|-sidestart|p2: C0ld as Ic3|Reflect
|
|-weather|DeltaStream|[upkeep]
|upkeep
|turn|10
|
|t:|1655264532
|switch|p2a: Arceus|Arceus-Ground|100/100
|move|p1a: Rayquaza|Extreme Speed|p2a: Arceus
|-damage|p2a: Arceus|80/100
|
|-weather|DeltaStream|[upkeep]
|upkeep
|turn|11
|
|t:|1655264537
|-weather|none
|switch|p1a: Dracovish|Dracovish|100/100
|-activate|p1a: Dracovish|move: Sticky Web
|-unboost|p1a: Dracovish|spe|1
|move|p2a: Arceus|Swords Dance|p2a: Arceus
|-boost|p2a: Arceus|atk|2
|
|upkeep
|turn|12
|
|t:|1655264541
|move|p2a: Arceus|Earthquake|p1a: Dracovish
|-damage|p1a: Dracovish|10/100
|move|p1a: Dracovish|Fishious Rend|p2a: Arceus
|-supereffective|p2a: Arceus
|-damage|p2a: Arceus|17/100
|
|upkeep
|turn|13
|
|t:|1655264546
|move|p2a: Arceus|Earthquake|p1a: Dracovish
|-damage|p1a: Dracovish|0 fnt
|faint|p1a: Dracovish
|
|upkeep
|
|t:|1655264549
|switch|p1a: Rayquaza|Rayquaza-Mega|100/100
|-weather|DeltaStream|[from] ability: Delta Stream|[of] p1a: Rayquaza
|turn|14
|
|t:|1655264553
|switch|p2a: Smeargle|Smeargle, M|1/100
|move|p1a: Rayquaza|Outrage|p2a: Smeargle
|-damage|p2a: Smeargle|0 fnt
|faint|p2a: Smeargle
|
|-weather|DeltaStream|[upkeep]
|upkeep
|
|t:|1655264557
|switch|p2a: Yveltal|Yveltal|100/100
|-ability|p2a: Yveltal|Dark Aura
|turn|15
|
|t:|1655264559
|move|p1a: Rayquaza|Outrage|p2a: Yveltal|[from]lockedmove
|-damage|p2a: Yveltal|50/100
|-start|p1a: Rayquaza|confusion|[fatigue]
|move|p2a: Yveltal|Oblivion Wing|p1a: Rayquaza
|-damage|p1a: Rayquaza|40/100
|-heal|p2a: Yveltal|91/100|[from] drain|[of] p1a: Rayquaza
|-damage|p2a: Yveltal|81/100|[from] item: Life Orb
|
|-weather|DeltaStream|[upkeep]
|upkeep
|turn|16
|
|t:|1655264563
|-activate|p1a: Rayquaza|confusion
|-damage|p1a: Rayquaza|22/100|[from] confusion
|move|p2a: Yveltal|Oblivion Wing|p1a: Rayquaza
|-damage|p1a: Rayquaza|0 fnt
|-heal|p2a: Yveltal|95/100|[from] drain|[of] p1a: Rayquaza
|faint|p1a: Rayquaza
|-weather|none
|-damage|p2a: Yveltal|85/100|[from] item: Life Orb
|
|-sideend|p2: C0ld as Ic3|Reflect
|upkeep
|
|t:|1655264569
|switch|p1a: Necrozma|Necrozma-Dusk-Mane|100/100
|-activate|p1a: Necrozma|move: Sticky Web
|-unboost|p1a: Necrozma|spe|1
|turn|17
|
|t:|1655264572
|move|p2a: Yveltal|Taunt|p1a: Necrozma
|-start|p1a: Necrozma|move: Taunt
|cant|p1a: Necrozma|move: Taunt|Trick Room
|
|upkeep
|turn|18
|
|t:|1655264574
|move|p2a: Yveltal|Dark Pulse|p1a: Necrozma
|-supereffective|p1a: Necrozma
|-damage|p1a: Necrozma|0 fnt
|faint|p1a: Necrozma
|-damage|p2a: Yveltal|76/100|[from] item: Life Orb
|
|upkeep
|
|t:|1655264577
|switch|p1a: Melmetal|Melmetal|100/100
|-activate|p1a: Melmetal|move: Sticky Web
|-unboost|p1a: Melmetal|spe|1
|turn|19
|
|t:|1655264579
|move|p2a: Yveltal|Dark Pulse|p1a: Melmetal
|-damage|p1a: Melmetal|25/100
|-damage|p2a: Yveltal|66/100|[from] item: Life Orb
|move|p1a: Melmetal|Double Iron Bash|p2a: Yveltal
|-damage|p2a: Yveltal|3/100
|-damage|p2a: Yveltal|0 fnt
|faint|p2a: Yveltal
|-hitcount|p2: Yveltal|2
|
|upkeep
|
|t:|1655264582
|switch|p2a: Arceus|Arceus-Ground|17/100
|turn|20
|
|t:|1655264585
|-zpower|p2a: Arceus
|move|p2a: Arceus|Tectonic Rage|p1a: Melmetal|[zeffect]
|-supereffective|p1a: Melmetal
|-damage|p1a: Melmetal|0 fnt
|faint|p1a: Melmetal
|
|win|C0ld as Ic3
|n|☆Testing teams 596|testingteams596
|n|☆C0ld as Ic3|c0ldasic3
|n| TaxFraud094|taxfraud094
