|j|☆PensiveCatGirl
|j|‽MRH1106
|t:|1668188113
|gametype|singles
|player|p1|PensiveCatGirl|skyla|1722
|player|p2|MRH1106|101|1955
|teamsize|p1|6
|teamsize|p2|6
|gen|8
|tier|[Gen 8] National Dex AG
|rated|
|rule|HP Percentage Mod: HP is shown in percentages
|rule|Endless Battle Clause: Forcing endless battles is banned
|clearpoke
|poke|p1|Arceus-*|
|poke|p1|Palkia|
|poke|p1|Melmetal|
|poke|p1|Calyrex-Ice|
|poke|p1|Necrozma-Dusk-Mane|
|poke|p1|Arceus-*|
|poke|p2|Arceus-*|
|poke|p2|Rayquaza|
|poke|p2|Yveltal|
|poke|p2|Zacian-*|
|poke|p2|Calyrex-Shadow|
|poke|p2|Ditto|
|teampreview
|inactive|Battle timer is ON: inactive players will automatically lose when time's up. (requested by MRH1106)
|
|t:|1668188142
|start
|switch|p1a: Necrozma|Necrozma-Dusk-Mane|100/100
|switch|p2a: Yveltal|Yveltal|100/100
|-ability|p2a: Yveltal|Dark Aura
|turn|1
|
|t:|1668188150
|switch|p1a: Arceus|Arceus-Dark|100/100
|move|p2a: Yveltal|Taunt|p1a: Arceus
|-start|p1a: Arceus|move: Taunt
|
|upkeep
|turn|2
|
|t:|1668188154
|move|p2a: Yveltal|Oblivion Wing|p1a: Arceus
|-damage|p1a: Arceus|74/100
|-damage|p2a: Yveltal|91/100|[from] item: Life Orb
|move|p1a: Arceus|Judgment|p2a: Yveltal
|-resisted|p2a: Yveltal
|-damage|p2a: Yveltal|63/100
|
|upkeep
|turn|3
|
|t:|1668188162
|move|p2a: Yveltal|Oblivion Wing|p1a: Arceus
|-damage|p1a: Arceus|45/100
|-heal|p2a: Yveltal|88/100|[from] drain|[of] p1a: Arceus
|-damage|p2a: Yveltal|78/100|[from] item: Life Orb
|move|p1a: Arceus|Judgment|p2a: Yveltal
|-resisted|p2a: Yveltal
|-damage|p2a: Yveltal|50/100
|
|-end|p1a: Arceus|move: Taunt
|upkeep
|turn|4
|
|t:|1668188169
|move|p2a: Yveltal|Oblivion Wing|p1a: Arceus
|-damage|p1a: Arceus|16/100
|-heal|p2a: Yveltal|75/100|[from] drain|[of] p1a: Arceus
|-damage|p2a: Yveltal|65/100|[from] item: Life Orb
|move|p1a: Arceus|Recover|p1a: Arceus
|-heal|p1a: Arceus|66/100
|
|upkeep
|turn|5
|
|t:|1668188178
|move|p2a: Yveltal|Oblivion Wing|p1a: Arceus
|-damage|p1a: Arceus|36/100
|-heal|p2a: Yveltal|90/100|[from] drain|[of] p1a: Arceus
|-damage|p2a: Yveltal|80/100|[from] item: Life Orb
|move|p1a: Arceus|Judgment|p2a: Yveltal
|-resisted|p2a: Yveltal
|-damage|p2a: Yveltal|52/100
|
|upkeep
|turn|6
|
|t:|1668188182
|move|p2a: Yveltal|Taunt|p1a: Arceus
|-start|p1a: Arceus|move: Taunt
|cant|p1a: Arceus|move: Taunt|Recover
|
|upkeep
|turn|7
|
|t:|1668188201
|switch|p1a: Melmetal|Melmetal|100/100
|move|p2a: Yveltal|Oblivion Wing|p1a: Melmetal
|-resisted|p1a: Melmetal
|-damage|p1a: Melmetal|71/100
|-heal|p2a: Yveltal|79/100|[from] drain|[of] p1a: Melmetal
|-damage|p2a: Yveltal|69/100|[from] item: Life Orb
|
|upkeep
|turn|8
|
|t:|1668188211
|-start|p2a: Yveltal|Dynamax|
|-heal|p2a: Yveltal|69/100|[silent]
|move|p2a: Yveltal|Max Flare|p1a: Melmetal
|-supereffective|p1a: Melmetal
|-damage|p1a: Melmetal|0 fnt
|-weather|SunnyDay
|faint|p1a: Melmetal
|-damage|p2a: Yveltal|64/100|[from] item: Life Orb
|
|-weather|SunnyDay|[upkeep]
|upkeep
|
|t:|1668188221
|switch|p1a: Palkia|Palkia|100/100
|-ability|p1a: Palkia|Pressure
|turn|9
|
|t:|1668188227
|move|p2a: Yveltal|Max Darkness|p1a: Palkia
|-damage|p1a: Palkia|20/100
|-unboost|p1a: Palkia|spd|1
|-damage|p2a: Yveltal|59/100|[from] item: Life Orb
|move|p1a: Palkia|Trick Room|p1a: Palkia
|-fieldstart|move: Trick Room|[of] p1a: Palkia
|
|-weather|SunnyDay|[upkeep]
|upkeep
|turn|10
|
|t:|1668188241
|move|p1a: Palkia|Thunder|p2a: Yveltal|[miss]
|-miss|p1a: Palkia|p2a: Yveltal
|move|p2a: Yveltal|Max Airstream|p1a: Palkia
|-damage|p1a: Palkia|0 fnt
|-boost|p2a: Yveltal|spe|1
|faint|p1a: Palkia
|-damage|p2a: Yveltal|54/100|[from] item: Life Orb
|
|-weather|SunnyDay|[upkeep]
|upkeep
|
|t:|1668188244
|switch|p1a: Calyrex|Calyrex-Ice|100/100
|-ability|p1a: Calyrex|As One
|-ability|p1a: Calyrex|Unnerve
|-end|p2a: Yveltal|Dynamax
|-heal|p2a: Yveltal|54/100|[silent]
|turn|11
|
|t:|1668188253
|move|p2a: Yveltal|Sucker Punch|p1a: Calyrex
|-supereffective|p1a: Calyrex
|-damage|p1a: Calyrex|40/100
|-damage|p2a: Yveltal|44/100|[from] item: Life Orb
|move|p1a: Calyrex|Glacial Lance|p2a: Yveltal
|-supereffective|p2a: Yveltal
|-damage|p2a: Yveltal|0 fnt
|faint|p2a: Yveltal
|-ability|p1a: Calyrex|Chilling Neigh|boost
|-boost|p1a: Calyrex|atk|1
|
|-weather|SunnyDay|[upkeep]
|upkeep
|
|t:|1668188271
|switch|p2a: Zacian|Zacian-Crowned|100/100
|-ability|p2a: Zacian|Intrepid Sword|boost
|-boost|p2a: Zacian|atk|1
|turn|12
|
|t:|1668188283
|switch|p2a: Rayquaza|Rayquaza|100/100
|-ability|p2a: Rayquaza|Air Lock
|-start|p1a: Calyrex|Dynamax|
|-heal|p1a: Calyrex|40/100|[silent]
|move|p1a: Calyrex|Max Quake|p2a: Rayquaza
|-immune|p2a: Rayquaza
|
|-weather|none
|upkeep
|turn|13
|
|t:|1668188289
|detailschange|p2a: Rayquaza|Rayquaza-Mega
|-mega|p2a: Rayquaza|Rayquaza|
|-weather|DeltaStream|[from] ability: Delta Stream|[of] p2a: Rayquaza
|move|p1a: Calyrex|Max Hailstorm|p2a: Rayquaza
|-activate||deltastream
|-supereffective|p2a: Rayquaza
|-enditem|p2a: Rayquaza|Focus Sash
|-damage|p2a: Rayquaza|1/100
|move|p2a: Rayquaza|Earthquake|p1a: Calyrex
|-damage|p1a: Calyrex|26/100
|
|-weather|DeltaStream|[upkeep]
|-fieldend|move: Trick Room
|upkeep
|turn|14
|
|t:|1668188297
|move|p2a: Rayquaza|Dragon Ascent|p1a: Calyrex
|-damage|p1a: Calyrex|0 fnt
|-unboost|p2a: Rayquaza|def|1
|-unboost|p2a: Rayquaza|spd|1
|faint|p1a: Calyrex
|
|-weather|DeltaStream|[upkeep]
|upkeep
|
|t:|1668188307
|switch|p1a: Necrozma|Necrozma-Dusk-Mane|100/100
|turn|15
|
|t:|1668188309
|move|p2a: Rayquaza|Earthquake|p1a: Necrozma
|-supereffective|p1a: Necrozma
|-damage|p1a: Necrozma|45/100
|-enditem|p1a: Necrozma|Weakness Policy
|-boost|p1a: Necrozma|atk|2|[from] item: Weakness Policy
|-boost|p1a: Necrozma|spa|2|[from] item: Weakness Policy
|move|p1a: Necrozma|Trick Room|p1a: Necrozma
|-fieldstart|move: Trick Room|[of] p1a: Necrozma
|
|-weather|DeltaStream|[upkeep]
|upkeep
|turn|16
|
|t:|1668188313
|move|p2a: Rayquaza|Extreme Speed|p1a: Necrozma
|-resisted|p1a: Necrozma
|-damage|p1a: Necrozma|31/100
|move|p1a: Necrozma|Sunsteel Strike|p2a: Rayquaza
|-damage|p2a: Rayquaza|0 fnt
|faint|p2a: Rayquaza
|-weather|none
|
|upkeep
|
|t:|1668188317
|switch|p2a: Calyrex|Calyrex-Shadow|100/100
|-ability|p2a: Calyrex|As One
|-ability|p2a: Calyrex|Unnerve
|turn|17
|
|t:|1668188329
|move|p1a: Necrozma|Sunsteel Strike|p2a: Calyrex
|-enditem|p2a: Calyrex|Focus Sash
|-damage|p2a: Calyrex|1/100
|move|p2a: Calyrex|Astral Barrage|p1a: Necrozma
|-supereffective|p1a: Necrozma
|-damage|p1a: Necrozma|0 fnt
|faint|p1a: Necrozma
|-ability|p2a: Calyrex|Grim Neigh|boost
|-boost|p2a: Calyrex|spa|1
|
|upkeep
|
|t:|1668188343
|switch|p1a: Arceus|Arceus-Dark|36/100
|turn|18
|
|t:|1668188345
|move|p1a: Arceus|Recover|p1a: Arceus
|-heal|p1a: Arceus|86/100
|move|p2a: Calyrex|Draining Kiss|p1a: Arceus
|-supereffective|p1a: Arceus
|-damage|p1a: Arceus|51/100
|-heal|p2a: Calyrex|35/100|[from] drain|[of] p1a: Arceus
|
|upkeep
|turn|19
|
|t:|1668188351
|move|p1a: Arceus|Judgment|p2a: Calyrex
|-supereffective|p2a: Calyrex
|-damage|p2a: Calyrex|0 fnt
|faint|p2a: Calyrex
|
|-fieldend|move: Trick Room
|upkeep
|
|t:|1668188352
|switch|p2a: Zacian|Zacian-Crowned|100/100
|-ability|p2a: Zacian|Intrepid Sword|boost
|-boost|p2a: Zacian|atk|1
|turn|20
|
|t:|1668188368
|switch|p1a: Arceus|Arceus-Ground|100/100
|move|p2a: Zacian|Close Combat|p1a: Arceus
|-damage|p1a: Arceus|60/100
|-unboost|p2a: Zacian|def|1
|-unboost|p2a: Zacian|spd|1
|
|upkeep
|turn|21
|
|t:|1668188375
|move|p2a: Zacian|Behemoth Blade|p1a: Arceus
|-damage|p1a: Arceus|15/100
|move|p1a: Arceus|Trick Room|p1a: Arceus
|-fieldstart|move: Trick Room|[of] p1a: Arceus
|
|upkeep
|turn|22
|
|t:|1668188381
|switch|p2a: Arceus|Arceus-Ground|100/100
|move|p1a: Arceus|Judgment|p2a: Arceus
|-damage|p2a: Arceus|70/100
|
|upkeep
|turn|23
|
|t:|1668188384
|move|p1a: Arceus|Ice Beam|p2a: Arceus
|-supereffective|p2a: Arceus
|-damage|p2a: Arceus|40/100
|move|p2a: Arceus|Judgment|p1a: Arceus
|-damage|p1a: Arceus|0 fnt
|faint|p1a: Arceus
|
|upkeep
|
|t:|1668188388
|switch|p1a: Arceus|Arceus-Dark|51/100
|turn|24
|
|t:|1668188392
|move|p1a: Arceus|Judgment|p2a: Arceus
|-crit|p2a: Arceus
|-damage|p2a: Arceus|0 fnt
|faint|p2a: Arceus
|
|upkeep
|
|t:|1668188396
|switch|p2a: Ditto|Ditto|100/100
|-transform|p2a: Ditto|p1a: Arceus|[from] ability: Imposter
|turn|25
|
|t:|1668188400
|switch|p2a: Zacian|Zacian-Crowned|100/100
|-ability|p2a: Zacian|Intrepid Sword|boost
|-boost|p2a: Zacian|atk|1
|move|p1a: Arceus|Recover|p1a: Arceus
|-heal|p1a: Arceus|100/100
|
|-fieldend|move: Trick Room
|upkeep
|turn|26
|
|t:|1668188404
|move|p2a: Zacian|Close Combat|p1a: Arceus
|-supereffective|p1a: Arceus
|-damage|p1a: Arceus|7/100
|-unboost|p2a: Zacian|def|1
|-unboost|p2a: Zacian|spd|1
|move|p1a: Arceus|Judgment|p2a: Zacian
|-resisted|p2a: Zacian
|-damage|p2a: Zacian|66/100
|
|upkeep
|turn|27
|
|t:|1668188408
|move|p2a: Zacian|Close Combat|p1a: Arceus
|-supereffective|p1a: Arceus
|-damage|p1a: Arceus|0 fnt
|-unboost|p2a: Zacian|def|1
|-unboost|p2a: Zacian|spd|1
|faint|p1a: Arceus
|
|win|MRH1106
|raw|PensiveCatGirl's rating: 1722 &rarr; <strong>1714</strong><br />(-8 for losing)
|raw|MRH1106's rating: 1955 &rarr; <strong>1963</strong><br />(+8 for winning)
|l|‽MRH1106
