|j|☆xLeonisx
|j|☆rowletroost
|t:|1641768049
|gametype|singles
|player|p1|xLeonisx|265|1482
|player|p2|rowletroost|aromalady|1704
|teamsize|p1|6
|teamsize|p2|6
|gen|8
|tier|[Gen 8] National Dex AG
|rated|
|rule|HP Percentage Mod: HP is shown in percentages
|rule|Endless Battle Clause: Forcing endless battles is banned
|clearpoke
|poke|p1|Zacian-*|
|poke|p1|Kyogre|
|poke|p1|Yveltal|
|poke|p1|Calyrex-Shadow|
|poke|p1|Marshadow|
|poke|p1|Lugia|
|poke|p2|Arceus-*|
|poke|p2|Xerneas-*|
|poke|p2|Kyogre|
|poke|p2|Marshadow|
|poke|p2|Ribombee, F|
|poke|p2|Vivillon-Savanna, M|
|teampreview
|inactive|Battle timer is ON: inactive players will automatically lose when time's up. (requested by rowletroost)
|
|t:|1641768062
|start
|switch|p1a: Zacian|Zacian-Crowned|100/100
|switch|p2a: Ribombee|Ribombee, F, shiny|100/100
|-ability|p1a: Zacian|Intrepid Sword|boost
|-boost|p1a: Zacian|atk|1
|turn|1
|inactive|xLeonisx has 120 seconds left.
|
|t:|1641768092
|move|p1a: Zacian|Behemoth Blade|p2a: Ribombee
|-supereffective|p2a: Ribombee
|-enditem|p2a: Ribombee|Focus Sash
|-damage|p2a: Ribombee|1/100
|move|p2a: Ribombee|Sticky Web|p1a: Zacian
|-sidestart|p1: xLeonisx|move: Sticky Web
|
|upkeep
|turn|2
|
|t:|1641768104
|switch|p1a: Lugia|Lugia|100/100
|switch|p2a: Arceus|Arceus-Ground|100/100
|
|upkeep
|turn|3
|
|t:|1641768108
|switch|p2a: Ribombee|Ribombee, F, shiny|1/100
|move|p1a: Lugia|Defog|p2a: Ribombee
|-unboost|p2a: Ribombee|evasion|1
|-sideend|p1: xLeonisx|Sticky Web|[from] move: Defog|[of] p1a: Lugia
|
|upkeep
|turn|4
|
|t:|1641768111
|move|p2a: Ribombee|Sticky Web|p1a: Lugia
|-sidestart|p1: xLeonisx|move: Sticky Web
|move|p1a: Lugia|Toxic|p2a: Ribombee
|-status|p2a: Ribombee|tox
|
|-damage|p2a: Ribombee|0 fnt|[from] psn
|faint|p2a: Ribombee
|upkeep
|c|☆xLeonisx|l
|
|t:|1641768130
|switch|p2a: Vivillon|Vivillon-Savanna, M|100/100
|turn|5
|
|t:|1641768134
|move|p1a: Lugia|Defog|p2a: Vivillon
|-unboost|p2a: Vivillon|evasion|1
|-sideend|p1: xLeonisx|Sticky Web|[from] move: Defog|[of] p1a: Lugia
|move|p2a: Vivillon|Sleep Powder|p1a: Lugia
|-status|p1a: Lugia|slp|[from] move: Sleep Powder
|
|upkeep
|turn|6
|
|t:|1641768151
|cant|p1a: Lugia|slp
|move|p2a: Vivillon|Substitute|p2a: Vivillon
|-start|p2a: Vivillon|Substitute
|-damage|p2a: Vivillon|76/100
|
|-heal|p2a: Vivillon|82/100|[from] item: Leftovers
|upkeep
|turn|7
|
|t:|1641768155
|cant|p1a: Lugia|slp
|move|p2a: Vivillon|Quiver Dance|p2a: Vivillon
|-boost|p2a: Vivillon|spa|1
|-boost|p2a: Vivillon|spd|1
|-boost|p2a: Vivillon|spe|1
|
|-heal|p2a: Vivillon|88/100|[from] item: Leftovers
|upkeep
|turn|8
|
|t:|1641768161
|-end|p2a: Vivillon|Substitute
|-start|p2a: Vivillon|Dynamax
|-heal|p2a: Vivillon|88/100|[silent]
|move|p2a: Vivillon|Max Airstream|p1a: Lugia
|-damage|p1a: Lugia|76/100 slp
|-boost|p2a: Vivillon|spe|1
|cant|p1a: Lugia|slp
|
|-heal|p2a: Vivillon|91/100|[from] item: Leftovers
|-heal|p1a: Lugia|82/100 slp|[from] item: Leftovers
|upkeep
|turn|9
|
|t:|1641768166
|-curestatus|p1a: Lugia|slp|[msg]
|move|p1a: Lugia|Protect|p1a: Lugia
|-singleturn|p1a: Lugia|Protect
|move|p2a: Vivillon|Max Airstream|p1a: Lugia
|-zbroken|p1a: Lugia
|-damage|p1a: Lugia|71/100
|-boost|p2a: Vivillon|spe|1
|
|-heal|p2a: Vivillon|94/100|[from] item: Leftovers
|-heal|p1a: Lugia|77/100|[from] item: Leftovers
|upkeep
|turn|10
|
|t:|1641768173
|move|p2a: Vivillon|Max Airstream|p1a: Lugia
|-damage|p1a: Lugia|27/100
|-boost|p2a: Vivillon|spe|1
|move|p1a: Lugia|Recover|p1a: Lugia
|-heal|p1a: Lugia|77/100
|
|-heal|p2a: Vivillon|97/100|[from] item: Leftovers
|-heal|p1a: Lugia|83/100|[from] item: Leftovers
|-end|p2a: Vivillon|Dynamax
|-heal|p2a: Vivillon|97/100|[silent]
|upkeep
|turn|11
|
|t:|1641768180
|move|p1a: Lugia|Protect|p1a: Lugia
|-singleturn|p1a: Lugia|Protect
|move|p2a: Vivillon|Sleep Powder|p1a: Lugia
|-activate|p1a: Lugia|move: Protect
|
|-heal|p2a: Vivillon|100/100|[from] item: Leftovers
|-heal|p1a: Lugia|89/100|[from] item: Leftovers
|upkeep
|turn|12
|
|t:|1641768184
|move|p2a: Vivillon|Sleep Powder|p1a: Lugia
|-status|p1a: Lugia|slp|[from] move: Sleep Powder
|cant|p1a: Lugia|slp
|
|-heal|p1a: Lugia|96/100 slp|[from] item: Leftovers
|upkeep
|turn|13
|
|t:|1641768190
|cant|p1a: Lugia|slp
|move|p2a: Vivillon|Hurricane|p1a: Lugia
|-damage|p1a: Lugia|57/100 slp
|
|-heal|p1a: Lugia|63/100 slp|[from] item: Leftovers
|upkeep
|turn|14
|
|t:|1641768201
|cant|p1a: Lugia|slp
|move|p2a: Vivillon|Hurricane|p1a: Lugia
|-damage|p1a: Lugia|25/100 slp
|
|-heal|p1a: Lugia|31/100 slp|[from] item: Leftovers
|upkeep
|turn|15
|
|t:|1641768203
|-curestatus|p1a: Lugia|slp|[msg]
|move|p1a: Lugia|Protect|p1a: Lugia
|-singleturn|p1a: Lugia|Protect
|move|p2a: Vivillon|Hurricane|p1a: Lugia
|-activate|p1a: Lugia|move: Protect
|
|-heal|p1a: Lugia|38/100|[from] item: Leftovers
|upkeep
|turn|16
|
|t:|1641768207
|move|p2a: Vivillon|Hurricane|p1a: Lugia
|-damage|p1a: Lugia|2/100
|-start|p1a: Lugia|confusion
|-activate|p1a: Lugia|confusion
|move|p1a: Lugia|Recover|p1a: Lugia
|-heal|p1a: Lugia|52/100
|
|-heal|p1a: Lugia|58/100|[from] item: Leftovers
|upkeep
|turn|17
|
|t:|1641768214
|-activate|p1a: Lugia|confusion
|-damage|p1a: Lugia|54/100|[from] confusion
|move|p2a: Vivillon|Sleep Powder|p1a: Lugia
|-status|p1a: Lugia|slp|[from] move: Sleep Powder
|
|-heal|p1a: Lugia|60/100 slp|[from] item: Leftovers
|upkeep
|turn|18
|
|t:|1641768231
|cant|p1a: Lugia|slp
|move|p2a: Vivillon|Substitute|p2a: Vivillon
|-start|p2a: Vivillon|Substitute
|-damage|p2a: Vivillon|76/100
|
|-heal|p2a: Vivillon|82/100|[from] item: Leftovers
|-heal|p1a: Lugia|66/100 slp|[from] item: Leftovers
|upkeep
|turn|19
|
|t:|1641768234
|move|p2a: Vivillon|Quiver Dance|p2a: Vivillon
|-boost|p2a: Vivillon|spa|1
|-boost|p2a: Vivillon|spd|1
|-boost|p2a: Vivillon|spe|1
|cant|p1a: Lugia|slp
|
|-heal|p2a: Vivillon|88/100|[from] item: Leftovers
|-heal|p1a: Lugia|73/100 slp|[from] item: Leftovers
|upkeep
|turn|20
|
|t:|1641768245
|cant|p1a: Lugia|slp
|move|p2a: Vivillon|Hurricane|p1a: Lugia
|-damage|p1a: Lugia|18/100 slp
|
|-heal|p2a: Vivillon|94/100|[from] item: Leftovers
|-heal|p1a: Lugia|25/100 slp|[from] item: Leftovers
|upkeep
|turn|21
|
|t:|1641768249
|move|p2a: Vivillon|Hurricane|p1a: Lugia
|-crit|p1a: Lugia
|-damage|p1a: Lugia|0 fnt
|faint|p1a: Lugia
|
|-heal|p2a: Vivillon|99/100|[from] item: Leftovers
|upkeep
|
|t:|1641768254
|switch|p1a: Marshadow|Marshadow|100/100
|turn|22
|
|t:|1641768259
|move|p2a: Vivillon|Sleep Powder|p1a: Marshadow
|-status|p1a: Marshadow|slp|[from] move: Sleep Powder
|cant|p1a: Marshadow|slp
|
|-heal|p2a: Vivillon|100/100|[from] item: Leftovers
|upkeep
|turn|23
|
|t:|1641768265
|switch|p1a: Yveltal|Yveltal|100/100
|-ability|p1a: Yveltal|Dark Aura
|move|p2a: Vivillon|Hurricane|p1a: Yveltal
|-damage|p1a: Yveltal|17/100
|
|upkeep
|turn|24
|
|t:|1641768269
|move|p2a: Vivillon|Sleep Powder|p1a: Yveltal
|-status|p1a: Yveltal|slp|[from] move: Sleep Powder
|cant|p1a: Yveltal|slp
|
|upkeep
|turn|25
|
|t:|1641768272
|move|p2a: Vivillon|Hurricane|p1a: Yveltal
|-damage|p1a: Yveltal|0 fnt
|faint|p1a: Yveltal
|
|upkeep
|
|t:|1641768278
|switch|p1a: Zacian|Zacian-Crowned|100/100
|-ability|p1a: Zacian|Intrepid Sword|boost
|-boost|p1a: Zacian|atk|1
|turn|26
|
|t:|1641768289
|move|p2a: Vivillon|Sleep Powder|p1a: Zacian
|-status|p1a: Zacian|slp|[from] move: Sleep Powder
|cant|p1a: Zacian|slp
|
|upkeep
|turn|27
|
|t:|1641768296
|move|p2a: Vivillon|Quiver Dance|p2a: Vivillon
|-boost|p2a: Vivillon|spa|1
|-boost|p2a: Vivillon|spd|1
|-boost|p2a: Vivillon|spe|1
|cant|p1a: Zacian|slp
|
|upkeep
|turn|28
|
|t:|1641768305
|move|p2a: Vivillon|Quiver Dance|p2a: Vivillon
|-boost|p2a: Vivillon|spa|1
|-boost|p2a: Vivillon|spd|1
|-boost|p2a: Vivillon|spe|0
|-curestatus|p1a: Zacian|slp|[msg]
|move|p1a: Zacian|Behemoth Blade|p2a: Vivillon
|-end|p2a: Vivillon|Substitute
|
|upkeep
|turn|29
|
|t:|1641768319
|move|p2a: Vivillon|Sleep Powder|p1a: Zacian
|-status|p1a: Zacian|slp|[from] move: Sleep Powder
|cant|p1a: Zacian|slp
|
|upkeep
|turn|30
|
|t:|1641768332
|switch|p1a: Marshadow|Marshadow|100/100 slp
|move|p2a: Vivillon|Substitute|p2a: Vivillon
|-start|p2a: Vivillon|Substitute
|-damage|p2a: Vivillon|76/100
|
|-heal|p2a: Vivillon|82/100|[from] item: Leftovers
|upkeep
|turn|31
|
|t:|1641768347
|move|p2a: Vivillon|Hurricane|p1a: Marshadow
|-supereffective|p1a: Marshadow
|-enditem|p1a: Marshadow|Focus Sash
|-damage|p1a: Marshadow|1/100 slp
|cant|p1a: Marshadow|slp
|
|-heal|p2a: Vivillon|88/100|[from] item: Leftovers
|upkeep
|turn|32
|
|t:|1641768353
|move|p2a: Vivillon|Hurricane|p1a: Marshadow
|-supereffective|p1a: Marshadow
|-damage|p1a: Marshadow|0 fnt
|faint|p1a: Marshadow
|
|-heal|p2a: Vivillon|94/100|[from] item: Leftovers
|upkeep
|
|t:|1641768356
|switch|p1a: Zacian|Zacian-Crowned|100/100 slp
|-ability|p1a: Zacian|Intrepid Sword|boost
|-boost|p1a: Zacian|atk|1
|turn|33
|-message|xLeonisx forfeited.
|
|win|rowletroost
|raw|xLeonisx's rating: 1482 &rarr; <strong>1473</strong><br />(-9 for losing)
|raw|rowletroost's rating: 1704 &rarr; <strong>1713</strong><br />(+9 for winning)
|l|☆xLeonisx
