|j|☆Lazy#4341 on cord
|j|☆saxtus
|t:|1667263675
|gametype|singles
|player|p1|Lazy#4341 on cord|backers|1623
|player|p2|saxtus|102|1510
|teamsize|p1|6
|teamsize|p2|6
|gen|8
|tier|[Gen 8] National Dex AG
|rated|
|rule|HP Percentage Mod: HP is shown in percentages
|rule|Endless Battle Clause: Forcing endless battles is banned
|clearpoke
|poke|p1|Kyurem-White|
|poke|p1|Necrozma-Dusk-Mane|
|poke|p1|Muk-Alola, M|
|poke|p1|Zygarde|
|poke|p1|Zacian-*|
|poke|p1|Ho-Oh|
|poke|p2|Arceus-*|
|poke|p2|Arceus-*|
|poke|p2|Arceus-*|
|poke|p2|Arceus-*|
|poke|p2|Arceus-*|
|poke|p2|Arceus-*|
|teampreview
|
|t:|1667263688
|start
|switch|p1a: Yusuke|Kyurem-White, shiny|100/100
|switch|p2a: Arceus|Arceus-Grass|100/100
|-ability|p1a: Yusuke|Turboblaze
|turn|1
|inactive|Battle timer is ON: inactive players will automatically lose when time's up. (requested by Lazy#4341 on cord)
|
|t:|1667263694
|move|p2a: Arceus|Reflect|p2a: Arceus
|-sidestart|p2: saxtus|Reflect
|move|p1a: Yusuke|Ice Beam|p2a: Arceus
|-supereffective|p2a: Arceus
|-damage|p2a: Arceus|0 fnt
|faint|p2a: Arceus
|
|upkeep
|
|t:|1667263708
|switch|p2a: Arceus|Arceus-Steel|100/100
|turn|2
|
|t:|1667263716
|switch|p1a: Kurama|Ho-Oh, shiny|100/100
|move|p2a: Arceus|Calm Mind|p2a: Arceus
|-boost|p2a: Arceus|spa|1
|-boost|p2a: Arceus|spd|1
|
|upkeep
|turn|3
|
|t:|1667263721
|move|p2a: Arceus|Calm Mind|p2a: Arceus
|-boost|p2a: Arceus|spa|1
|-boost|p2a: Arceus|spd|1
|move|p1a: Kurama|Sacred Fire|p2a: Arceus
|-supereffective|p2a: Arceus
|-damage|p2a: Arceus|73/100
|-status|p2a: Arceus|brn
|
|-damage|p2a: Arceus|67/100 brn|[from] brn
|upkeep
|turn|4
|
|t:|1667263733
|move|p2a: Arceus|Iron Defense|p2a: Arceus
|-boost|p2a: Arceus|def|2
|move|p1a: Kurama|Whirlwind|p2a: Arceus
|drag|p2a: Arceus|Arceus-Flying|100/100
|
|upkeep
|turn|5
|
|t:|1667263742
|-start|p2a: Arceus|Dynamax|
|-heal|p2a: Arceus|100/100|[silent]
|move|p2a: Arceus|Max Ooze|p1a: Kurama
|-damage|p1a: Kurama|87/100
|-boost|p2a: Arceus|spa|1
|move|p1a: Kurama|Whirlwind|p2a: Arceus
|-block|p2a: Arceus|Dynamax
|
|-sideend|p2: saxtus|Reflect
|upkeep
|turn|6
|inactive|Lazy#4341 on cord has 120 seconds left.
|
|t:|1667263773
|move|p2a: Arceus|Max Ooze|p1a: Kurama
|-damage|p1a: Kurama|65/100
|-boost|p2a: Arceus|spa|1
|move|p1a: Kurama|Roost|p1a: Kurama
|-heal|p1a: Kurama|100/100
|-singleturn|p1a: Kurama|move: Roost
|
|upkeep
|turn|7
|
|t:|1667263778
|move|p2a: Arceus|Max Airstream|p1a: Kurama
|-crit|p1a: Kurama
|-damage|p1a: Kurama|0 fnt
|-boost|p2a: Arceus|spe|1
|faint|p1a: Kurama
|
|upkeep
|c|☆Lazy#4341 on cord|ow crit
|inactive|Lazy#4341 on cord has 120 seconds left.
|
|t:|1667263808
|switch|p1a: Genkai|Muk-Alola, M, shiny|100/100
|-end|p2a: Arceus|Dynamax
|-heal|p2a: Arceus|100/100|[silent]
|turn|8
|
|t:|1667263818
|move|p2a: Arceus|Earth Power|p1a: Genkai
|-supereffective|p1a: Genkai
|-damage|p1a: Genkai|36/100
|move|p1a: Genkai|Clear Smog|p2a: Arceus
|-damage|p2a: Arceus|92/100
|-clearboost|p2a: Arceus
|
|upkeep
|turn|9
|inactive|Lazy#4341 on cord has 90 seconds left.
|
|t:|1667263855
|switch|p1a: Yusuke|Kyurem-White, shiny|100/100
|-ability|p1a: Yusuke|Turboblaze
|move|p2a: Arceus|Judgment|p1a: Yusuke
|-damage|p1a: Yusuke|45/100
|
|upkeep
|turn|10
|
|t:|1667263858
|move|p1a: Yusuke|Ice Beam|p2a: Arceus
|-supereffective|p2a: Arceus
|-crit|p2a: Arceus
|-damage|p2a: Arceus|0 fnt
|faint|p2a: Arceus
|
|upkeep
|
|t:|1667263861
|switch|p2a: Arceus|Arceus|100/100
|turn|11
|
|t:|1667263872
|move|p2a: Arceus|Extreme Speed|p1a: Yusuke
|-damage|p1a: Yusuke|5/100
|move|p1a: Yusuke|Ice Beam|p2a: Arceus
|-damage|p2a: Arceus|47/100
|
|upkeep
|turn|12
|
|t:|1667263875
|switch|p1a: Hiei|Zacian-Crowned, shiny|100/100
|-ability|p1a: Hiei|Intrepid Sword|boost
|-boost|p1a: Hiei|atk|1
|move|p2a: Arceus|Extreme Speed|p1a: Hiei
|-resisted|p1a: Hiei
|-damage|p1a: Hiei|80/100
|
|upkeep
|turn|13
|
|t:|1667263880
|move|p2a: Arceus|Extreme Speed|p1a: Hiei
|-resisted|p1a: Hiei
|-damage|p1a: Hiei|59/100
|move|p1a: Hiei|Behemoth Blade|p2a: Arceus
|-damage|p2a: Arceus|0 fnt
|faint|p2a: Arceus
|
|upkeep
|
|t:|1667263882
|switch|p2a: Arceus|Arceus-Ground|100/100
|turn|14
|
|t:|1667263888
|switch|p1a: Genkai|Muk-Alola, M, shiny|36/100
|-zpower|p2a: Arceus
|move|p2a: Arceus|Tectonic Rage|p1a: Genkai|[zeffect]
|-supereffective|p1a: Genkai
|-damage|p1a: Genkai|0 fnt
|faint|p1a: Genkai
|
|upkeep
|
|t:|1667263891
|switch|p1a: Yusuke|Kyurem-White, shiny|5/100
|-ability|p1a: Yusuke|Turboblaze
|turn|15
|
|t:|1667263893
|move|p1a: Yusuke|Ice Beam|p2a: Arceus
|-supereffective|p2a: Arceus
|-damage|p2a: Arceus|0 fnt
|faint|p2a: Arceus
|
|upkeep
|
|t:|1667263896
|switch|p2a: Arceus|Arceus-Fairy|100/100
|turn|16
|
|t:|1667263900
|move|p2a: Arceus|Judgment|p1a: Yusuke
|-supereffective|p1a: Yusuke
|-damage|p1a: Yusuke|0 fnt
|faint|p1a: Yusuke
|
|upkeep
|
|t:|1667263901
|switch|p1a: Hiei|Zacian-Crowned, shiny|59/100
|-ability|p1a: Hiei|Intrepid Sword|boost
|-boost|p1a: Hiei|atk|1
|turn|17
|
|t:|1667263903
|move|p1a: Hiei|Behemoth Blade|p2a: Arceus
|-supereffective|p2a: Arceus
|-damage|p2a: Arceus|0 fnt
|faint|p2a: Arceus
|
|upkeep
|
|t:|1667263906
|switch|p2a: Arceus|Arceus-Steel|67/100 brn
|turn|18
|
|t:|1667263933
|move|p1a: Hiei|Close Combat|p2a: Arceus
|-supereffective|p2a: Arceus
|-damage|p2a: Arceus|0 fnt
|-unboost|p1a: Hiei|def|1
|-unboost|p1a: Hiei|spd|1
|faint|p2a: Arceus
|
|win|Lazy#4341 on cord
|raw|Lazy#4341 on cord's rating: 1623 &rarr; <strong>1637</strong><br />(+14 for winning)
|raw|saxtus's rating: 1510 &rarr; <strong>1496</strong><br />(-14 for losing)
|l|☆saxtus
||Ladder isn't responding, score probably updated but might not have (Request timeout).
