|j|☆v87
|j|☆iroeweuio
|t:|1663490687
|gametype|singles
|player|p1|v87|169|1824
|player|p2|iroeweuio|2|1707
|teamsize|p1|6
|teamsize|p2|6
|gen|8
|tier|[Gen 8] National Dex AG
|rated|
|rule|HP Percentage Mod: HP is shown in percentages
|rule|Endless Battle Clause: Forcing endless battles is banned
|clearpoke
|poke|p1|Zacian-*|
|poke|p1|Groudon|
|poke|p1|Yveltal|
|poke|p1|Rayquaza|
|poke|p1|Kyogre|
|poke|p1|Tornadus, M|
|poke|p2|Chatot, M|
|poke|p2|Weavile, F|
|poke|p2|Giratina-Origin|
|poke|p2|Ditto|
|poke|p2|Breloom, M|
|poke|p2|Wobbuffet, F|
|teampreview
|inactive|Battle timer is ON: inactive players will automatically lose when time's up. (requested by iroeweuio)
|
|t:|1663490711
|start
|switch|p1a: Groudon|Groudon|100/100
|switch|p2a: Weavile|Weavile, F|100/100
|-ability|p2a: Weavile|Pressure
|detailschange|p1a: Groudon|Groudon-Primal
|-primal|p1a: Groudon
|-weather|DesolateLand|[from] ability: Desolate Land|[of] p1a: Groudon
|turn|1
|
|t:|1663490723
|move|p2a: Weavile|Assist|p2a: Weavile
|move|p2a: Weavile|Spore|p1a: Groudon|[from]move: Assist
|-status|p1a: Groudon|slp|[from] move: Spore
|cant|p1a: Groudon|slp
|
|-weather|DesolateLand|[upkeep]
|upkeep
|turn|2
|
|t:|1663490733
|-weather|none
|switch|p1a: Rayquaza|Rayquaza|100/100
|-ability|p1a: Rayquaza|Air Lock
|move|p2a: Weavile|Substitute|p2a: Weavile
|-start|p2a: Weavile|Substitute
|-damage|p2a: Weavile|76/100
|
|-heal|p2a: Weavile|82/100|[from] item: Leftovers
|upkeep
|turn|3
|
|t:|1663490745
|detailschange|p1a: Rayquaza|Rayquaza-Mega
|-mega|p1a: Rayquaza|Rayquaza|
|-weather|DeltaStream|[from] ability: Delta Stream|[of] p1a: Rayquaza
|move|p2a: Weavile|Triple Axel|p1a: Rayquaza
|-activate||deltastream
|-supereffective|p1a: Rayquaza
|-damage|p1a: Rayquaza|81/100
|-activate||deltastream
|-supereffective|p1a: Rayquaza
|-damage|p1a: Rayquaza|45/100
|-activate||deltastream
|-supereffective|p1a: Rayquaza
|-damage|p1a: Rayquaza|0 fnt
|faint|p1a: Rayquaza
|-weather|none
|-hitcount|p1: Rayquaza|3
|
|-heal|p2a: Weavile|88/100|[from] item: Leftovers
|upkeep
|inactive|v87 has 120 seconds left.
|
|t:|1663490788
|switch|p1a: Tornadus|Tornadus, M|100/100
|turn|4
|
|t:|1663490793
|move|p1a: Tornadus|Substitute|p1a: Tornadus
|-start|p1a: Tornadus|Substitute
|-damage|p1a: Tornadus|76/100
|move|p2a: Weavile|Assist|p2a: Weavile
|move|p2a: Weavile|Spore||[from]move: Assist|[still]
|-fail|p2a: Weavile
|
|-heal|p2a: Weavile|94/100|[from] item: Leftovers
|upkeep
|turn|5
|inactive|v87 has 120 seconds left.
|
|t:|1663490802
|move|p1a: Tornadus|Tailwind|p1a: Tornadus
|-sidestart|p1: v87|move: Tailwind
|move|p2a: Weavile|Triple Axel|p1a: Tornadus
|-supereffective|p1a: Tornadus
|-end|p1a: Tornadus|Substitute
|-supereffective|p1a: Tornadus
|-damage|p1a: Tornadus|23/100
|-supereffective|p1a: Tornadus
|-damage|p1a: Tornadus|0 fnt
|faint|p1a: Tornadus
|-hitcount|p1: Tornadus|3
|
|-heal|p2a: Weavile|99/100|[from] item: Leftovers
|upkeep
|inactive|v87 has 120 seconds left.
|
|t:|1663490816
|switch|p1a: Yveltal|Yveltal|100/100
|-ability|p1a: Yveltal|Dark Aura
|turn|6
|inactive|v87 has 120 seconds left.
|
|t:|1663490824
|move|p1a: Yveltal|U-turn|p2a: Weavile
|-supereffective|p2a: Weavile
|-end|p2a: Weavile|Substitute
|-damage|p1a: Yveltal|91/100|[from] item: Life Orb
|
|t:|1663490829
|switch|p1a: Groudon|Groudon-Primal|100/100 slp|[from]move: U-turn
|-weather|DesolateLand|[from] ability: Desolate Land|[of] p1a: Groudon
|move|p2a: Weavile|Substitute|p2a: Weavile
|-start|p2a: Weavile|Substitute
|-damage|p2a: Weavile|75/100
|
|-weather|DesolateLand|[upkeep]
|-heal|p2a: Weavile|81/100|[from] item: Leftovers
|upkeep
|turn|7
|
|t:|1663490842
|-curestatus|p1a: Groudon|slp|[msg]
|move|p1a: Groudon|Earthquake|p2a: Weavile
|-end|p2a: Weavile|Substitute
|move|p2a: Weavile|Swords Dance|p2a: Weavile
|-boost|p2a: Weavile|atk|2
|
|-weather|DesolateLand|[upkeep]
|-heal|p2a: Weavile|87/100|[from] item: Leftovers
|upkeep
|turn|8
|
|t:|1663490854
|switch|p2a: Giratina|Giratina-Origin|100/100
|move|p1a: Groudon|Earthquake|p2a: Giratina
|-immune|p2a: Giratina|[from] ability: Levitate
|
|-weather|DesolateLand|[upkeep]
|-sideend|p1: v87|move: Tailwind
|upkeep
|turn|9
|
|t:|1663490862
|move|p1a: Groudon|Thunder Wave|p2a: Giratina
|-status|p2a: Giratina|par
|cant|p2a: Giratina|par
|
|-weather|DesolateLand|[upkeep]
|upkeep
|turn|10
|
|t:|1663490873
|-weather|none
|switch|p1a: Yveltal|Yveltal|91/100
|-ability|p1a: Yveltal|Dark Aura
|move|p2a: Giratina|Dragon Tail|p1a: Yveltal
|-damage|p1a: Yveltal|58/100
|drag|p1a: Groudon|Groudon-Primal|100/100
|-weather|DesolateLand|[from] ability: Desolate Land|[of] p1a: Groudon
|
|-weather|DesolateLand|[upkeep]
|upkeep
|turn|11
|
|t:|1663490884
|move|p1a: Groudon|Stealth Rock|p2a: Giratina
|-sidestart|p2: iroeweuio|move: Stealth Rock
|move|p2a: Giratina|Dragon Tail|p1a: Groudon
|-damage|p1a: Groudon|82/100
|-weather|none
|drag|p1a: Yveltal|Yveltal|58/100
|-ability|p1a: Yveltal|Dark Aura
|
|upkeep
|turn|12
|
|t:|1663490893
|-start|p1a: Yveltal|Dynamax|
|-heal|p1a: Yveltal|58/100|[silent]
|move|p1a: Yveltal|Max Airstream|p2a: Giratina
|-damage|p2a: Giratina|25/100 par
|-boost|p1a: Yveltal|spe|1
|-damage|p1a: Yveltal|54/100|[from] item: Life Orb
|move|p2a: Giratina|Dragon Tail|p1a: Yveltal|[miss]
|-miss|p2a: Giratina|p1a: Yveltal
|
|upkeep
|turn|13
|
|t:|1663490908
|move|p1a: Yveltal|Max Airstream|p2a: Giratina
|-damage|p2a: Giratina|0 fnt
|-boost|p1a: Yveltal|spe|1
|faint|p2a: Giratina
|-damage|p1a: Yveltal|49/100|[from] item: Life Orb
|
|upkeep
|
|t:|1663490911
|switch|p2a: Breloom|Breloom, M|100/100
|-damage|p2a: Breloom|94/100|[from] Stealth Rock
|turn|14
|
|t:|1663490920
|move|p2a: Breloom|Feint|p1a: Yveltal
|-damage|p1a: Yveltal|44/100
|move|p1a: Yveltal|Max Airstream|p2a: Breloom
|-supereffective|p2a: Breloom
|-damage|p2a: Breloom|0 fnt
|-boost|p1a: Yveltal|spe|1
|faint|p2a: Breloom
|-damage|p1a: Yveltal|39/100|[from] item: Life Orb
|
|upkeep
|
|t:|1663490922
|switch|p2a: Ditto|Ditto|100/100
|-damage|p2a: Ditto|88/100|[from] Stealth Rock
|-transform|p2a: Ditto|p1a: Yveltal|[from] ability: Imposter
|-ability|p2a: Ditto|Dark Aura
|-end|p1a: Yveltal|Dynamax
|-heal|p1a: Yveltal|39/100|[silent]
|turn|15
|inactive|v87 has 120 seconds left.
|
|t:|1663490952
|move|p2a: Ditto|Foul Play|p1a: Yveltal
|-resisted|p1a: Yveltal
|-damage|p1a: Yveltal|4/100
|move|p1a: Yveltal|Tailwind|p1a: Yveltal
|-sidestart|p1: v87|move: Tailwind
|
|upkeep
|turn|16
|
|t:|1663490959
|move|p1a: Yveltal|Dual Wingbeat|p2a: Ditto
|-damage|p2a: Ditto|50/100
|-damage|p2a: Ditto|17/100
|-hitcount|p2a: Ditto|2
|-damage|p1a: Yveltal|0 fnt|[from] item: Life Orb
|faint|p1a: Yveltal
|move|p2a: Ditto|Foul Play|p1: Yveltal|[notarget]
|-fail|p2a: Ditto
|
|upkeep
|inactive|v87 has 120 seconds left.
|
|t:|1663490970
|switch|p1a: Zacian|Zacian-Crowned|100/100
|-ability|p1a: Zacian|Intrepid Sword|boost
|-boost|p1a: Zacian|atk|1
|turn|17
|
|t:|1663490975
|switch|p2a: Wobbuffet|Wobbuffet, F|100/100
|-damage|p2a: Wobbuffet|88/100|[from] Stealth Rock
|move|p1a: Zacian|Behemoth Blade|p2a: Wobbuffet
|-damage|p2a: Wobbuffet|9/100
|
|upkeep
|turn|18
|-enditem|p2a: Wobbuffet|Custap Berry|[eat]
|-activate|p2a: Wobbuffet|item: Custap Berry|[consumed]
|
|t:|1663490984
|move|p1a: Zacian|Quick Attack|p2a: Wobbuffet
|-damage|p2a: Wobbuffet|0 fnt
|faint|p2a: Wobbuffet
|
|-sideend|p1: v87|move: Tailwind
|upkeep
|
|t:|1663490992
|switch|p2a: Ditto|Ditto|17/100
|-damage|p2a: Ditto|5/100|[from] Stealth Rock
|-transform|p2a: Ditto|p1a: Zacian|[from] ability: Imposter
|-ability|p2a: Ditto|Intrepid Sword|boost
|-boost|p2a: Ditto|atk|1
|turn|19
|
|t:|1663491000
|move|p1a: Zacian|Quick Attack|p2a: Ditto
|-resisted|p2a: Ditto
|-damage|p2a: Ditto|0 fnt
|faint|p2a: Ditto
|
|upkeep
|
|t:|1663491001
|switch|p2a: Chatot|Chatot, M|100/100
|-damage|p2a: Chatot|76/100|[from] Stealth Rock
|turn|20
|
|t:|1663491009
|move|p1a: Zacian|Behemoth Blade|p2a: Chatot
|-damage|p2a: Chatot|0 fnt
|faint|p2a: Chatot
|
|upkeep
|
|t:|1663491011
|switch|p2a: Weavile|Weavile, F|87/100
|-damage|p2a: Weavile|62/100|[from] Stealth Rock
|-ability|p2a: Weavile|Pressure
|turn|21
|
|t:|1663491019
|move|p1a: Zacian|Behemoth Blade|p2a: Weavile
|-supereffective|p2a: Weavile
|-damage|p2a: Weavile|0 fnt
|faint|p2a: Weavile
|
|win|v87
|raw|v87's rating: 1824 &rarr; <strong>1838</strong><br />(+14 for winning)
|raw|iroeweuio's rating: 1707 &rarr; <strong>1693</strong><br />(-14 for losing)
|c|☆iroeweuio|gg wp
|l|☆v87
