|j|☆amnael01
|j|☆ShellRaptor556
|t:|1659449406
|gametype|singles
|player|p1|amnael01|dawn|1856
|player|p2|ShellRaptor556|sonia-masters|1742
|teamsize|p1|6
|teamsize|p2|6
|gen|8
|tier|[Gen 8] National Dex AG
|rated|
|rule|HP Percentage Mod: HP is shown in percentages
|rule|Endless Battle Clause: Forcing endless battles is banned
|clearpoke
|poke|p1|Smeargle, M|
|poke|p1|Groudon|
|poke|p1|Espeon, F|
|poke|p1|Rayquaza|
|poke|p1|Xerneas-*|
|poke|p1|Zacian-*|
|poke|p2|Zacian-*|
|poke|p2|Kyogre|
|poke|p2|Yveltal|
|poke|p2|Ferrothorn, M|
|poke|p2|Groudon|
|poke|p2|Ditto|
|teampreview
|inactive|Battle timer is ON: inactive players will automatically lose when time's up. (requested by ShellRaptor556)
|
|t:|1659449412
|start
|switch|p1a: Smeargle|Smeargle, M|100/100
|switch|p2a: Ditto|Ditto|100/100
|-transform|p2a: Ditto|p1a: Smeargle|[from] ability: Imposter
|turn|1
|
|t:|1659449417
|move|p2a: Ditto|Spore|p1a: Smeargle
|-status|p1a: Smeargle|slp|[from] move: Spore
|cant|p1a: Smeargle|slp
|
|-ability|p2a: Ditto|Moody|boost
|-boost|p2a: Ditto|spd|2
|-unboost|p2a: Ditto|spa|1
|-ability|p1a: Smeargle|Moody|boost
|-boost|p1a: Smeargle|def|2
|-unboost|p1a: Smeargle|spa|1
|upkeep
|turn|2
|
|t:|1659449431
|switch|p2a: Kyogre|Kyogre|100/100
|detailschange|p2a: Kyogre|Kyogre-Primal
|-primal|p2a: Kyogre
|-weather|PrimordialSea|[from] ability: Primordial Sea|[of] p2a: Kyogre
|-curestatus|p1a: Smeargle|slp|[msg]
|move|p1a: Smeargle|Shift Gear|p1a: Smeargle
|-boost|p1a: Smeargle|spe|2
|-boost|p1a: Smeargle|atk|1
|
|-weather|PrimordialSea|[upkeep]
|-ability|p1a: Smeargle|Moody|boost
|-boost|p1a: Smeargle|spe|2
|-unboost|p1a: Smeargle|spa|1
|upkeep
|turn|3
|
|t:|1659449445
|-weather|none
|switch|p2a: Ferrothorn|Ferrothorn, M|100/100
|move|p1a: Smeargle|Spore|p2a: Ferrothorn
|-immune|p2a: Ferrothorn
|
|-ability|p1a: Smeargle|Moody|boost
|-boost|p1a: Smeargle|spd|2
|-unboost|p1a: Smeargle|def|1
|upkeep
|turn|4
|
|t:|1659449450
|move|p1a: Smeargle|Baton Pass|p1a: Smeargle
|
|t:|1659449451
|switch|p1a: Groudon|Groudon|100/100|[from]move: Baton Pass
|detailschange|p1a: Groudon|Groudon-Primal
|-primal|p1a: Groudon
|-weather|DesolateLand|[from] ability: Desolate Land|[of] p1a: Groudon
|move|p2a: Ferrothorn|Leech Seed|p1a: Groudon
|-start|p1a: Groudon|move: Leech Seed
|
|-weather|DesolateLand|[upkeep]
|-damage|p1a: Groudon|88/100|[from] Leech Seed|[of] p2a: Ferrothorn
|upkeep
|turn|5
|
|t:|1659449460
|switch|p2a: Kyogre|Kyogre-Primal|100/100
|-weather|PrimordialSea|[from] ability: Primordial Sea|[of] p2a: Kyogre
|move|p1a: Groudon|Fire Punch||[still]
|-fail|p1a: Groudon|Fire Punch|[from] Primordial Sea
|
|-weather|PrimordialSea|[upkeep]
|-damage|p1a: Groudon|76/100|[from] Leech Seed|[of] p2a: Kyogre
|upkeep
|turn|6
|
|t:|1659449466
|move|p2a: Kyogre|Protect|p2a: Kyogre
|-singleturn|p2a: Kyogre|Protect
|move|p1a: Groudon|Earthquake|p2a: Kyogre
|-activate|p2a: Kyogre|move: Protect
|
|-weather|PrimordialSea|[upkeep]
|-damage|p1a: Groudon|64/100|[from] Leech Seed|[of] p2a: Kyogre
|upkeep
|turn|7
|
|t:|1659449483
|move|p1a: Groudon|Earthquake|p2a: Kyogre
|-damage|p2a: Kyogre|0 fnt
|faint|p2a: Kyogre
|-weather|none
|
|upkeep
|
|t:|1659449486
|switch|p2a: Ditto|Ditto|100/100
|-transform|p2a: Ditto|p1a: Groudon|[from] ability: Imposter
|-weather|DesolateLand|[from] ability: Desolate Land|[of] p2a: Ditto
|turn|8
|
|t:|1659449494
|move|p2a: Ditto|Earthquake|p1a: Groudon
|-supereffective|p1a: Groudon
|-damage|p1a: Groudon|0 fnt
|faint|p1a: Groudon
|
|-weather|DesolateLand|[upkeep]
|upkeep
|
|t:|1659449496
|switch|p1a: Rayquaza|Rayquaza|100/100
|-ability|p1a: Rayquaza|Air Lock
|turn|9
|
|t:|1659449500
|-weather|none
|switch|p2a: Ferrothorn|Ferrothorn, M|100/100
|detailschange|p1a: Rayquaza|Rayquaza-Mega
|-mega|p1a: Rayquaza|Rayquaza|
|-weather|DeltaStream|[from] ability: Delta Stream|[of] p1a: Rayquaza
|move|p1a: Rayquaza|Dragon Dance|p1a: Rayquaza
|-boost|p1a: Rayquaza|atk|1
|-boost|p1a: Rayquaza|spe|1
|
|-weather|DeltaStream|[upkeep]
|upkeep
|turn|10
|
|t:|1659449508
|move|p1a: Rayquaza|Dragon Ascent|p2a: Ferrothorn
|-damage|p2a: Ferrothorn|29/100
|-unboost|p1a: Rayquaza|def|1
|-unboost|p1a: Rayquaza|spd|1
|-damage|p1a: Rayquaza|88/100|[from] ability: Iron Barbs|[of] p2a: Ferrothorn
|-damage|p1a: Rayquaza|72/100|[from] item: Rocky Helmet|[of] p2a: Ferrothorn
|move|p2a: Ferrothorn|Gyro Ball|p1a: Rayquaza
|-damage|p1a: Rayquaza|0 fnt
|faint|p1a: Rayquaza
|-weather|none
|
|upkeep
|
|t:|1659449515
|switch|p1a: Zacian|Zacian-Crowned|100/100
|-ability|p1a: Zacian|Intrepid Sword|boost
|-boost|p1a: Zacian|atk|1
|turn|11
|
|t:|1659449525
|move|p1a: Zacian|Close Combat|p2a: Ferrothorn
|-supereffective|p2a: Ferrothorn
|-damage|p2a: Ferrothorn|0 fnt
|-unboost|p1a: Zacian|def|1
|-unboost|p1a: Zacian|spd|1
|-damage|p1a: Zacian|88/100|[from] ability: Iron Barbs|[of] p2a: Ferrothorn
|-damage|p1a: Zacian|72/100|[from] item: Rocky Helmet|[of] p2a: Ferrothorn
|faint|p2a: Ferrothorn
|
|upkeep
|
|t:|1659449528
|switch|p2a: Ditto|Ditto|100/100
|-transform|p2a: Ditto|p1a: Zacian|[from] ability: Imposter
|-ability|p2a: Ditto|Intrepid Sword|boost
|-boost|p2a: Ditto|atk|1
|turn|12
|
|t:|1659449532
|move|p2a: Ditto|Behemoth Blade|p1a: Zacian
|-damage|p1a: Zacian|0 fnt
|faint|p1a: Zacian
|
|upkeep
|
|t:|1659449535
|switch|p1a: Smeargle|Smeargle, M|100/100
|turn|13
|
|t:|1659449544
|switch|p2a: Groudon|Groudon|100/100
|detailschange|p2a: Groudon|Groudon-Primal
|-primal|p2a: Groudon
|-weather|DesolateLand|[from] ability: Desolate Land|[of] p2a: Groudon
|move|p1a: Smeargle|Spiky Shield||[still]
|-fail|p1a: Smeargle
|
|-weather|DesolateLand|[upkeep]
|-ability|p1a: Smeargle|Moody|boost
|-boost|p1a: Smeargle|spd|2
|-unboost|p1a: Smeargle|spe|1
|upkeep
|turn|14
|
|t:|1659449552
|move|p1a: Smeargle|Spiky Shield|p1a: Smeargle
|-singleturn|p1a: Smeargle|move: Protect
|move|p2a: Groudon|Fire Punch|p1a: Smeargle
|-activate|p1a: Smeargle|move: Protect
|-damage|p2a: Groudon|88/100|[from] Spiky Shield|[of] p1a: Smeargle
|
|-weather|DesolateLand|[upkeep]
|-ability|p1a: Smeargle|Moody|boost
|-boost|p1a: Smeargle|spe|2
|-unboost|p1a: Smeargle|spd|1
|upkeep
|turn|15
|
|t:|1659449554
|move|p1a: Smeargle|Spore|p2a: Groudon
|-status|p2a: Groudon|slp|[from] move: Spore
|cant|p2a: Groudon|slp
|
|-weather|DesolateLand|[upkeep]
|-ability|p1a: Smeargle|Moody|boost
|-boost|p1a: Smeargle|atk|2
|-unboost|p1a: Smeargle|spe|1
|upkeep
|turn|16
|
|t:|1659449565
|cant|p2a: Groudon|slp
|move|p1a: Smeargle|Shift Gear|p1a: Smeargle
|-boost|p1a: Smeargle|spe|2
|-boost|p1a: Smeargle|atk|1
|
|-weather|DesolateLand|[upkeep]
|-ability|p1a: Smeargle|Moody|boost
|-boost|p1a: Smeargle|def|2
|-unboost|p1a: Smeargle|spa|1
|upkeep
|turn|17
|
|t:|1659449587
|-weather|none
|switch|p2a: Ditto|Ditto|100/100
|-transform|p2a: Ditto|p1a: Smeargle|[from] ability: Imposter
|move|p1a: Smeargle|Shift Gear|p1a: Smeargle
|-boost|p1a: Smeargle|spe|2
|-boost|p1a: Smeargle|atk|1
|
|-ability|p1a: Smeargle|Moody|boost
|-boost|p1a: Smeargle|spa|2
|-unboost|p1a: Smeargle|atk|1
|-ability|p2a: Ditto|Moody|boost
|-boost|p2a: Ditto|spa|2
|-unboost|p2a: Ditto|atk|1
|upkeep
|turn|18
|
|t:|1659449598
|move|p1a: Smeargle|Spore|p2a: Ditto
|-status|p2a: Ditto|slp|[from] move: Spore
|cant|p2a: Ditto|slp
|
|-ability|p2a: Ditto|Moody|boost
|-boost|p2a: Ditto|spa|2
|-unboost|p2a: Ditto|spe|1
|-ability|p1a: Smeargle|Moody|boost
|-boost|p1a: Smeargle|atk|2
|-unboost|p1a: Smeargle|spd|1
|upkeep
|turn|19
|
|t:|1659449601
|move|p1a: Smeargle|Shift Gear|p1a: Smeargle
|-boost|p1a: Smeargle|spe|2
|-boost|p1a: Smeargle|atk|1
|cant|p2a: Ditto|slp
|
|-ability|p1a: Smeargle|Moody|boost
|-boost|p1a: Smeargle|spa|2
|-unboost|p1a: Smeargle|def|1
|-ability|p2a: Ditto|Moody|boost
|-boost|p2a: Ditto|def|2
|-unboost|p2a: Ditto|atk|1
|upkeep
|turn|20
|
|t:|1659449612
|move|p1a: Smeargle|Baton Pass|p1a: Smeargle
|
|t:|1659449614
|switch|p1a: Espeon|Espeon, F|100/100|[from]move: Baton Pass
|-curestatus|p2a: Ditto|slp|[msg]
|move|p2a: Ditto|Baton Pass|p2a: Ditto
|
|t:|1659449618
|switch|p2a: Yveltal|Yveltal|100/100|[from]move: Baton Pass
|-ability|p2a: Yveltal|Dark Aura
|
|upkeep
|turn|21
|
|t:|1659449632
|move|p1a: Espeon|Yawn|p2a: Yveltal
|-start|p2a: Yveltal|move: Yawn|[of] p1a: Espeon
|move|p2a: Yveltal|Dark Pulse|p1a: Espeon
|-supereffective|p1a: Espeon
|-enditem|p1a: Espeon|Focus Sash
|-damage|p1a: Espeon|1/100
|-damage|p2a: Yveltal|91/100|[from] item: Life Orb
|
|upkeep
|turn|22
|
|t:|1659449639
|move|p1a: Espeon|Baton Pass|p1a: Espeon
|
|t:|1659449641
|switch|p1a: Smeargle|Smeargle, M|100/100|[from]move: Baton Pass
|move|p2a: Yveltal|Oblivion Wing|p1a: Smeargle
|-enditem|p1a: Smeargle|Focus Sash
|-damage|p1a: Smeargle|1/100
|-heal|p2a: Yveltal|100/100|[from] drain|[of] p1a: Smeargle
|-damage|p2a: Yveltal|91/100|[from] item: Life Orb
|
|-end|p2a: Yveltal|move: Yawn|[silent]
|-status|p2a: Yveltal|slp
|-ability|p1a: Smeargle|Moody|boost
|-boost|p1a: Smeargle|spd|2
|-unboost|p1a: Smeargle|def|1
|upkeep
|turn|23
|
|t:|1659449649
|move|p1a: Smeargle|Baton Pass|p1a: Smeargle
|
|t:|1659449651
|switch|p1a: Xerneas|Xerneas|100/100|[from]move: Baton Pass
|-ability|p1a: Xerneas|Fairy Aura
|cant|p2a: Yveltal|slp
|
|upkeep
|turn|24
|
|t:|1659449670
|move|p1a: Xerneas|Moonblast|p2a: Yveltal
|-supereffective|p2a: Yveltal
|-damage|p2a: Yveltal|0 fnt
|faint|p2a: Yveltal
|
|upkeep
|
|t:|1659449676
|switch|p2a: Groudon|Groudon-Primal|88/100 slp
|-weather|DesolateLand|[from] ability: Desolate Land|[of] p2a: Groudon
|turn|25
|
|t:|1659449696
|-start|p1a: Xerneas|Dynamax|
|-heal|p1a: Xerneas|100/100|[silent]
|move|p1a: Xerneas|Max Starfall|p2a: Groudon
|-resisted|p2a: Groudon
|-damage|p2a: Groudon|0 fnt
|-fieldstart|move: Misty Terrain
|faint|p2a: Groudon
|-weather|none
|
|upkeep
|inactive|ShellRaptor556 has 120 seconds left.
|
|t:|1659449716
|switch|p2a: Ditto|Ditto|100/100
|-transform|p2a: Ditto|p1a: Xerneas|[from] ability: Imposter
|-ability|p2a: Ditto|Fairy Aura
|turn|26
|inactive|ShellRaptor556 has 120 seconds left.
|
|t:|1659449723
|-start|p2a: Ditto|Dynamax|
|-heal|p2a: Ditto|100/100|[silent]
|move|p1a: Xerneas|Max Starfall|p2a: Ditto
|-damage|p2a: Ditto|49/100
|move|p2a: Ditto|Max Starfall|p1a: Xerneas
|-damage|p1a: Xerneas|69/100
|
|upkeep
|turn|27
|inactive|ShellRaptor556 has 120 seconds left.
|
|t:|1659449758
|move|p2a: Ditto|Max Guard|p2a: Ditto
|-singleturn|p2a: Ditto|Max Guard
|move|p1a: Xerneas|Max Starfall|p2a: Ditto
|-activate|p2a: Ditto|move: Max Guard
|
|upkeep
|-end|p1a: Xerneas|Dynamax
|-heal|p1a: Xerneas|70/100|[silent]
|turn|28
|
|t:|1659449768
|move|p2a: Ditto|Max Starfall|p1a: Xerneas
|-damage|p1a: Xerneas|2/100
|move|p1a: Xerneas|Geomancy||[still]
|-prepare|p1a: Xerneas|Geomancy
|-enditem|p1a: Xerneas|Power Herb
|-anim|p1a: Xerneas|Geomancy|p1a: Xerneas
|-boost|p1a: Xerneas|spa|2
|-boost|p1a: Xerneas|spd|2
|-boost|p1a: Xerneas|spe|0
|
|upkeep
|-end|p2a: Ditto|Dynamax
|-heal|p2a: Ditto|49/100|[silent]
|turn|29
|
|t:|1659449775
|switch|p2a: Zacian|Zacian-Crowned|100/100
|-ability|p2a: Zacian|Intrepid Sword|boost
|-boost|p2a: Zacian|atk|1
|move|p1a: Xerneas|Moonblast|p2a: Zacian
|-resisted|p2a: Zacian
|-damage|p2a: Zacian|6/100
|
|-fieldend|Misty Terrain
|upkeep
|turn|30
|
|t:|1659449779
|move|p1a: Xerneas|Moonblast|p2a: Zacian
|-resisted|p2a: Zacian
|-damage|p2a: Zacian|0 fnt
|faint|p2a: Zacian
|
|upkeep
|
|t:|1659449780
|switch|p2a: Ditto|Ditto|49/100
|-transform|p2a: Ditto|p1a: Xerneas|[from] ability: Imposter
|-ability|p2a: Ditto|Fairy Aura
|turn|31
|
|t:|1659449789
|move|p2a: Ditto|Moonblast|p1a: Xerneas
|-damage|p1a: Xerneas|0 fnt
|faint|p1a: Xerneas
|
|upkeep
|
|t:|1659449791
|switch|p1a: Smeargle|Smeargle, M|1/100
|turn|32
|
|t:|1659449795
|move|p1a: Smeargle|Spiky Shield|p1a: Smeargle
|-singleturn|p1a: Smeargle|move: Protect
|move|p2a: Ditto|Moonblast|p1a: Smeargle
|-activate|p1a: Smeargle|move: Protect
|
|-ability|p1a: Smeargle|Moody|boost
|-boost|p1a: Smeargle|def|2
|-unboost|p1a: Smeargle|spa|1
|upkeep
|turn|33
|
|t:|1659449798
|switch|p1a: Espeon|Espeon, F|1/100
|move|p2a: Ditto|Moonblast|p1a: Espeon
|-damage|p1a: Espeon|0 fnt
|faint|p1a: Espeon
|
|upkeep
|
|t:|1659449800
|switch|p1a: Smeargle|Smeargle, M|1/100
|turn|34
|
|t:|1659449802
|move|p1a: Smeargle|Spiky Shield|p1a: Smeargle
|-singleturn|p1a: Smeargle|move: Protect
|move|p2a: Ditto|Moonblast|p1a: Smeargle
|-activate|p1a: Smeargle|move: Protect
|
|-ability|p1a: Smeargle|Moody|boost
|-boost|p1a: Smeargle|def|2
|-unboost|p1a: Smeargle|spa|1
|upkeep
|turn|35
|
|t:|1659449804
|move|p1a: Smeargle|Spiky Shield||[still]
|-fail|p1a: Smeargle
|move|p2a: Ditto|Moonblast|p1a: Smeargle
|-crit|p1a: Smeargle
|-damage|p1a: Smeargle|0 fnt
|faint|p1a: Smeargle
|
|win|ShellRaptor556
|raw|amnael01's rating: 1856 &rarr; <strong>1830</strong><br />(-26 for losing)
|raw|ShellRaptor556's rating: 1742 &rarr; <strong>1768</strong><br />(+26 for winning)
|l|☆amnael01
||Ladder isn't responding, score probably updated but might not have (Request timeout).
