|j|☆unconsciousthread
|j|☆AlexnVenusaur
|t:|1667181118
|gametype|singles
|player|p1|unconsciousthread|102|1672
|player|p2|AlexnVenusaur|steven-masters2|1614
|teamsize|p1|6
|teamsize|p2|6
|gen|8
|tier|[Gen 8] National Dex AG
|rated|
|rule|HP Percentage Mod: HP is shown in percentages
|rule|Endless Battle Clause: Forcing endless battles is banned
|clearpoke
|poke|p1|Cinderace, M|
|poke|p1|Lunala|
|poke|p1|Ho-Oh|
|poke|p1|Yveltal|
|poke|p1|Eternatus|
|poke|p1|Diancie|
|poke|p2|Gallade, M|
|poke|p2|Obstagoon, M|
|poke|p2|Sandslash-Alola, M|
|poke|p2|Empoleon, M|
|poke|p2|Vibrava, M|
|poke|p2|Venusaur, M|
|teampreview
|inactive|Battle timer is ON: inactive players will automatically lose when time's up. (requested by AlexnVenusaur)
|
|t:|1667181126
|start
|switch|p1a: Eternatus|Eternatus|100/100
|switch|p2a: Leader|Empoleon, M|100/100
|-ability|p1a: Eternatus|Pressure
|turn|1
|
|t:|1667181134
|move|p1a: Eternatus|Toxic Spikes|p2a: Leader
|-sidestart|p2: AlexnVenusaur|move: Toxic Spikes
|move|p2a: Leader|Stealth Rock|p1a: Eternatus
|-sidestart|p1: unconsciousthread|move: Stealth Rock
|
|upkeep
|turn|2
|
|t:|1667181140
|switch|p1a: Cinderace|Cinderace, M|100/100
|-damage|p1a: Cinderace|76/100|[from] Stealth Rock
|move|p2a: Leader|Ice Beam|p1a: Cinderace
|-resisted|p1a: Cinderace
|-damage|p1a: Cinderace|58/100
|
|upkeep
|turn|3
|
|t:|1667181147
|move|p1a: Cinderace|Double Kick|p2a: Leader
|-start|p1a: Cinderace|typechange|Fighting|[from] ability: Libero
|-supereffective|p2a: Leader
|-damage|p2a: Leader|71/100
|-supereffective|p2a: Leader
|-damage|p2a: Leader|42/100
|-hitcount|p2a: Leader|2
|move|p2a: Leader|Scald|p1a: Cinderace
|-damage|p1a: Cinderace|11/100
|
|upkeep
|turn|4
|
|t:|1667181167
|switch|p2a: Primo|Venusaur, M|100/100
|-sideend|p2: AlexnVenusaur|move: Toxic Spikes|[of] p2a: Primo
|move|p1a: Cinderace|Court Change|p1a: Cinderace
|-start|p1a: Cinderace|typechange|Normal|[from] ability: Libero
|-swapsideconditions
|-activate|p1a: Cinderace|move: Court Change
|
|upkeep
|turn|5
|
|t:|1667181178
|move|p2a: Primo|Protect|p2a: Primo
|-singleturn|p2a: Primo|Protect
|move|p1a: Cinderace|Pyro Ball|p2a: Primo
|-start|p1a: Cinderace|typechange|Fire|[from] ability: Libero
|-activate|p2a: Primo|move: Protect
|
|upkeep
|turn|6
|inactive|unconsciousthread has 120 seconds left.
|inactive|AlexnVenusaur has 120 seconds left.
|
|t:|1667181235
|move|p1a: Cinderace|Pyro Ball|p2a: Primo
|-supereffective|p2a: Primo
|-damage|p2a: Primo|0 fnt
|faint|p2a: Primo
|
|upkeep
|
|t:|1667181240
|switch|p2a: Az|Gallade, M, shiny|100/100
|-damage|p2a: Az|94/100|[from] Stealth Rock
|turn|7
|
|t:|1667181243
|detailschange|p2a: Az|Gallade-Mega, M, shiny
|-mega|p2a: Az|Gallade|Galladite
|move|p2a: Az|Shadow Sneak|p1a: Cinderace
|-damage|p1a: Cinderace|0 fnt
|faint|p1a: Cinderace
|
|upkeep
|
|t:|1667181249
|switch|p1a: Diancie|Diancie|100/100
|turn|8
|inactive|AlexnVenusaur has 120 seconds left.
|
|t:|1667181281
|switch|p2a: Astherace|Sandslash-Alola, M|100/100
|-damage|p2a: Astherace|88/100|[from] Stealth Rock
|move|p1a: Diancie|Rock Polish|p1a: Diancie
|-boost|p1a: Diancie|spe|2
|
|upkeep
|turn|9
|inactive|unconsciousthread has 120 seconds left.
|inactive|unconsciousthread has 90 seconds left.
|
|t:|1667181325
|-start|p2a: Astherace|Dynamax|
|-heal|p2a: Astherace|88/100|[silent]
|move|p1a: Diancie|Earth Power|p2a: Astherace
|-supereffective|p2a: Astherace
|-damage|p2a: Astherace|43/100
|move|p2a: Astherace|Max Hailstorm|p1a: Diancie
|-damage|p1a: Diancie|59/100
|-weather|Hail
|
|-weather|Hail|[upkeep]
|-damage|p1a: Diancie|53/100|[from] Hail
|upkeep
|turn|10
|
|t:|1667181339
|detailschange|p1a: Diancie|Diancie-Mega
|-mega|p1a: Diancie|Diancie|Diancite
|move|p1a: Diancie|Earth Power|p2a: Astherace
|-supereffective|p2a: Astherace
|-damage|p2a: Astherace|0 fnt
|faint|p2a: Astherace
|
|-weather|Hail|[upkeep]
|-damage|p1a: Diancie|47/100|[from] Hail
|upkeep
|inactive|AlexnVenusaur has 120 seconds left.
|
|t:|1667181373
|switch|p2a: Az|Gallade-Mega, M, shiny|94/100
|-damage|p2a: Az|88/100|[from] Stealth Rock
|turn|11
|inactive|unconsciousthread has 90 seconds left.
|
|t:|1667181411
|move|p1a: Diancie|Moonblast|p2a: Az
|-supereffective|p2a: Az
|-damage|p2a: Az|0 fnt
|faint|p2a: Az
|
|-weather|Hail|[upkeep]
|-damage|p1a: Diancie|41/100|[from] Hail
|upkeep
|inactive|AlexnVenusaur has 90 seconds left.
|
|t:|1667181453
|switch|p2a: Leader|Empoleon, M|42/100
|-damage|p2a: Leader|36/100|[from] Stealth Rock
|turn|12
|inactive|unconsciousthread has 90 seconds left.
|inactive|unconsciousthread has 60 seconds left.
|c|☆AlexnVenusaur|gg
|inactive|unconsciousthread has 30 seconds left.
|inactive|unconsciousthread has 20 seconds left.
|inactive|unconsciousthread has 15 seconds left.
|inactive|unconsciousthread has 10 seconds left.
|inactive|unconsciousthread has 5 seconds left.
|-message|unconsciousthread lost due to inactivity.
|
|win|AlexnVenusaur
|raw|unconsciousthread's rating: 1672 &rarr; <strong>1649</strong><br />(-23 for losing)
|raw|AlexnVenusaur's rating: 1614 &rarr; <strong>1637</strong><br />(+23 for winning)
||Ladder isn't responding, score probably updated but might not have (Request timeout).
