|j|☆NatDex ok
|j|☆moyv123
|t:|1665855470
|gametype|singles
|player|p1|NatDex ok|265|1716
|player|p2|moyv123|169|1742
|teamsize|p1|6
|teamsize|p2|6
|gen|8
|tier|[Gen 8] National Dex AG
|rated|
|rule|HP Percentage Mod: HP is shown in percentages
|rule|Endless Battle Clause: Forcing endless battles is banned
|clearpoke
|poke|p1|Rayquaza|
|poke|p1|Groudon|
|poke|p1|Yveltal|
|poke|p1|Ditto|
|poke|p1|Xerneas-*|
|poke|p1|Calyrex-Shadow|
|poke|p2|Arceus-*|
|poke|p2|Arceus-*|
|poke|p2|Rayquaza|
|poke|p2|Lugia|
|poke|p2|Zacian-*|
|poke|p2|Zygarde|
|teampreview
|inactive|Battle timer is ON: inactive players will automatically lose when time's up. (requested by NatDex ok)
|
|t:|1665855485
|start
|switch|p1a: Rayquaza|Rayquaza, shiny|100/100
|switch|p2a: Arceus|Arceus|100/100
|-ability|p1a: Rayquaza|Air Lock
|turn|1
|
|t:|1665855512
|detailschange|p1a: Rayquaza|Rayquaza-Mega, shiny
|-mega|p1a: Rayquaza|Rayquaza|
|-weather|DeltaStream|[from] ability: Delta Stream|[of] p1a: Rayquaza
|-start|p2a: Arceus|Dynamax|
|-heal|p2a: Arceus|100/100|[silent]
|move|p1a: Rayquaza|Dragon Ascent|p2a: Arceus
|-damage|p2a: Arceus|73/100
|-unboost|p1a: Rayquaza|def|1
|-unboost|p1a: Rayquaza|spd|1
|move|p2a: Arceus|Max Strike|p1a: Rayquaza
|-damage|p1a: Rayquaza|4/100
|-unboost|p1a: Rayquaza|spe|1
|
|-weather|DeltaStream|[upkeep]
|upkeep
|turn|2
|
|t:|1665855527
|move|p1a: Rayquaza|Extreme Speed|p2a: Arceus
|-damage|p2a: Arceus|61/100
|move|p2a: Arceus|Max Phantasm|p1a: Rayquaza
|-damage|p1a: Rayquaza|0 fnt
|faint|p1a: Rayquaza
|-weather|none
|
|upkeep
|inactive|NatDex ok has 120 seconds left.
|
|t:|1665855550
|switch|p1a: Groudon|Groudon, shiny|100/100
|detailschange|p1a: Groudon|Groudon-Primal, shiny
|-primal|p1a: Groudon
|-weather|DesolateLand|[from] ability: Desolate Land|[of] p1a: Groudon
|turn|3
|
|t:|1665855556
|move|p2a: Arceus|Max Strike|p1a: Groudon
|-damage|p1a: Groudon|64/100
|-unboost|p1a: Groudon|spe|1
|move|p1a: Groudon|Thunder Wave|p2a: Arceus
|-status|p2a: Arceus|par
|-enditem|p2a: Arceus|Lum Berry|[eat]
|-curestatus|p2a: Arceus|par|[msg]
|
|-weather|DesolateLand|[upkeep]
|upkeep
|-end|p2a: Arceus|Dynamax
|-heal|p2a: Arceus|61/100|[silent]
|turn|4
|
|t:|1665855574
|move|p2a: Arceus|Extreme Speed|p1a: Groudon
|-damage|p1a: Groudon|40/100
|move|p1a: Groudon|Stealth Rock|p2a: Arceus
|-sidestart|p2: moyv123|move: Stealth Rock
|
|-weather|DesolateLand|[upkeep]
|upkeep
|turn|5
|
|t:|1665855581
|move|p2a: Arceus|Defog|p1a: Groudon
|-unboost|p1a: Groudon|evasion|1
|-sideend|p2: moyv123|Stealth Rock|[from] move: Defog|[of] p2a: Arceus
|move|p1a: Groudon|Fire Punch|p2a: Arceus
|-damage|p2a: Arceus|13/100
|
|-weather|DesolateLand|[upkeep]
|upkeep
|turn|6
|
|t:|1665855590
|move|p2a: Arceus|Extreme Speed|p1a: Groudon
|-damage|p1a: Groudon|17/100
|move|p1a: Groudon|Stealth Rock|p2a: Arceus
|-sidestart|p2: moyv123|move: Stealth Rock
|
|-weather|DesolateLand|[upkeep]
|upkeep
|turn|7
|
|t:|1665855596
|move|p2a: Arceus|Defog|p1a: Groudon
|-unboost|p1a: Groudon|evasion|1
|-sideend|p2: moyv123|Stealth Rock|[from] move: Defog|[of] p2a: Arceus
|move|p1a: Groudon|Fire Punch|p2a: Arceus
|-damage|p2a: Arceus|0 fnt
|faint|p2a: Arceus
|
|-weather|DesolateLand|[upkeep]
|upkeep
|
|t:|1665855606
|switch|p2a: Rayquaza|Rayquaza, shiny|100/100
|-ability|p2a: Rayquaza|Air Lock
|turn|8
|
|t:|1665855611
|detailschange|p2a: Rayquaza|Rayquaza-Mega, shiny
|-mega|p2a: Rayquaza|Rayquaza|
|-weather|DeltaStream|[from] ability: Delta Stream|[of] p2a: Rayquaza
|move|p2a: Rayquaza|Scale Shot|p1a: Groudon
|-damage|p1a: Groudon|4/100
|-damage|p1a: Groudon|0 fnt
|faint|p1a: Groudon
|-hitcount|p1: Groudon|2
|-unboost|p2a: Rayquaza|def|1
|-boost|p2a: Rayquaza|spe|1
|-damage|p2a: Rayquaza|91/100|[from] item: Life Orb
|
|-weather|DeltaStream|[upkeep]
|upkeep
|
|t:|1665855630
|switch|p1a: 6-0 Joe|Yveltal|100/100
|-ability|p1a: 6-0 Joe|Dark Aura
|turn|9
|inactive|moyv123 has 120 seconds left.
|
|t:|1665855661
|-weather|none
|switch|p2a: Arceus|Arceus-Dark|100/100
|-start|p1a: 6-0 Joe|Dynamax|
|-heal|p1a: 6-0 Joe|100/100|[silent]
|move|p1a: 6-0 Joe|Max Airstream|p2a: Arceus
|-damage|p2a: Arceus|65/100
|-boost|p1a: 6-0 Joe|spe|1
|
|upkeep
|turn|10
|inactive|moyv123 has 120 seconds left.
|
|t:|1665855682
|move|p1a: 6-0 Joe|Max Ooze|p2a: Arceus
|-damage|p2a: Arceus|46/100
|-boost|p1a: 6-0 Joe|spa|1
|move|p2a: Arceus|Recover|p2a: Arceus
|-heal|p2a: Arceus|96/100
|
|upkeep
|turn|11
|inactive|moyv123 has 90 seconds left.
|
|t:|1665855715
|switch|p2a: Zygarde|Zygarde|100/100
|move|p1a: 6-0 Joe|Max Airstream|p2a: Zygarde
|-damage|p2a: Zygarde|4/100
|-boost|p1a: 6-0 Joe|spe|1
|
|-activate|p2a: Zygarde|ability: Power Construct
|detailschange|p2a: Zygarde|Zygarde-Complete
|-heal|p2a: Zygarde|38/100|[silent]
|upkeep
|-end|p1a: 6-0 Joe|Dynamax
|-heal|p1a: 6-0 Joe|100/100|[silent]
|turn|12
|inactive|moyv123 has 90 seconds left.
|
|t:|1665855733
|move|p1a: 6-0 Joe|Dark Pulse|p2a: Zygarde
|-damage|p2a: Zygarde|0 fnt
|faint|p2a: Zygarde
|
|upkeep
|
|t:|1665855758
|switch|p2a: Arceus|Arceus-Dark|96/100
|turn|13
|
|t:|1665855762
|move|p1a: 6-0 Joe|Oblivion Wing|p2a: Arceus
|-damage|p2a: Arceus|67/100
|move|p2a: Arceus|Thunder Wave|p1a: 6-0 Joe
|-status|p1a: 6-0 Joe|par
|
|upkeep
|turn|14
|
|t:|1665855771
|switch|p1a: Calyrex|Calyrex-Shadow|100/100
|-ability|p1a: Calyrex|As One
|-ability|p1a: Calyrex|Unnerve
|move|p2a: Arceus|Recover|p2a: Arceus
|-heal|p2a: Arceus|100/100
|
|upkeep
|turn|15
|
|t:|1665855780
|move|p1a: Calyrex|Substitute|p1a: Calyrex
|-start|p1a: Calyrex|Substitute
|-damage|p1a: Calyrex|76/100
|move|p2a: Arceus|Thunder Wave||[still]
|-fail|p2a: Arceus
|
|-heal|p1a: Calyrex|82/100|[from] item: Leftovers
|upkeep
|turn|16
|inactive|moyv123 has 90 seconds left.
|
|t:|1665855789
|move|p1a: Calyrex|Leech Seed|p2a: Arceus
|-start|p2a: Arceus|move: Leech Seed
|move|p2a: Arceus|Judgment|p1a: Calyrex
|-supereffective|p1a: Calyrex
|-end|p1a: Calyrex|Substitute
|
|-heal|p1a: Calyrex|88/100|[from] item: Leftovers
|-damage|p2a: Arceus|88/100|[from] Leech Seed|[of] p1a: Calyrex
|-heal|p1a: Calyrex|100/100|[silent]
|upkeep
|turn|17
|inactive|moyv123 has 90 seconds left.
|
|t:|1665855819
|switch|p2a: Lugia|Lugia|100/100
|move|p1a: Calyrex|Substitute|p1a: Calyrex
|-start|p1a: Calyrex|Substitute
|-damage|p1a: Calyrex|76/100
|
|-heal|p1a: Calyrex|82/100|[from] item: Leftovers
|upkeep
|turn|18
|
|t:|1665855838
|move|p1a: Calyrex|Leech Seed|p2a: Lugia
|-start|p2a: Lugia|move: Leech Seed
|move|p2a: Lugia|Whirlwind|p1a: Calyrex
|drag|p1a: Ditto|Ditto|100/100
|-transform|p1a: Ditto|p2a: Lugia|[from] ability: Imposter
|
|-damage|p2a: Lugia|88/100|[from] Leech Seed|[of] p1a: Ditto
|upkeep
|turn|19
|
|t:|1665855852
|move|p1a: Ditto|Toxic|p2a: Lugia
|-status|p2a: Lugia|tox
|move|p2a: Lugia|Thunder Wave|p1a: Ditto
|-status|p1a: Ditto|par
|
|-damage|p2a: Lugia|75/100 tox|[from] Leech Seed|[of] p1a: Ditto
|-damage|p2a: Lugia|69/100 tox|[from] psn
|upkeep
|turn|20
|
|t:|1665855867
|switch|p1a: 6-0 Joe|Yveltal|100/100 par
|-ability|p1a: 6-0 Joe|Dark Aura
|move|p2a: Lugia|Whirlwind|p1a: 6-0 Joe
|drag|p1a: Calyrex|Calyrex-Shadow|82/100
|-ability|p1a: Calyrex|As One
|-ability|p1a: Calyrex|Unnerve
|
|-heal|p1a: Calyrex|88/100|[from] item: Leftovers
|-damage|p2a: Lugia|57/100 tox|[from] Leech Seed|[of] p1a: Calyrex
|-heal|p1a: Calyrex|100/100|[silent]
|-damage|p2a: Lugia|44/100 tox|[from] psn
|upkeep
|turn|21
|inactive|moyv123 has 60 seconds left.
|
|t:|1665855891
|switch|p2a: Arceus|Arceus-Dark|88/100
|move|p1a: Calyrex|Substitute|p1a: Calyrex
|-start|p1a: Calyrex|Substitute
|-damage|p1a: Calyrex|76/100
|
|-heal|p1a: Calyrex|82/100|[from] item: Leftovers
|upkeep
|turn|22
|inactive|moyv123 has 60 seconds left.
|
|t:|1665855904
|move|p1a: Calyrex|Leech Seed|p2a: Arceus
|-start|p2a: Arceus|move: Leech Seed
|move|p2a: Arceus|Stealth Rock|p1a: Calyrex
|-sidestart|p1: NatDex ok|move: Stealth Rock
|
|-heal|p1a: Calyrex|88/100|[from] item: Leftovers
|-damage|p2a: Arceus|76/100|[from] Leech Seed|[of] p1a: Calyrex
|-heal|p1a: Calyrex|100/100|[silent]
|upkeep
|turn|23
|inactive|moyv123 has 60 seconds left.
|
|t:|1665855915
|switch|p2a: Lugia|Lugia|44/100 tox
|move|p1a: Calyrex|Aromatherapy|p1a: Calyrex
|-activate|p1a: Calyrex|move: Aromatherapy
|-curestatus|p1: 6-0 Joe|par|[msg]
|-curestatus|p1: Ditto|par|[msg]
|
|-damage|p2a: Lugia|38/100 tox|[from] psn
|upkeep
|turn|24
|inactive|moyv123 has 60 seconds left.
|
|t:|1665855927
|move|p1a: Calyrex|Astral Barrage|p2a: Lugia
|-supereffective|p2a: Lugia
|-damage|p2a: Lugia|0 fnt
|faint|p2a: Lugia
|-ability|p1a: Calyrex|Grim Neigh|boost
|-boost|p1a: Calyrex|spa|1
|
|upkeep
|inactive|moyv123 has 60 seconds left.
|
|t:|1665855935
|switch|p2a: Arceus|Arceus-Dark|76/100
|turn|25
|
|t:|1665855940
|move|p1a: Calyrex|Leech Seed|p2a: Arceus
|-start|p2a: Arceus|move: Leech Seed
|move|p2a: Arceus|Judgment|p1a: Calyrex
|-supereffective|p1a: Calyrex
|-end|p1a: Calyrex|Substitute
|
|-damage|p2a: Arceus|63/100|[from] Leech Seed|[of] p1a: Calyrex
|upkeep
|turn|26
|-message|moyv123 forfeited.
|
|win|NatDex ok
|raw|NatDex ok's rating: 1716 &rarr; <strong>1737</strong><br />(+21 for winning)
|raw|moyv123's rating: 1742 &rarr; <strong>1721</strong><br />(-21 for losing)
|l|☆moyv123
