|j|☆TierAcid
|j|☆Hogwashimperial
|player|p1|TierAcid|blue-gen1rb|1457
|player|p2|Hogwashimperial|swimmer-gen4|1570
|teamsize|p1|6
|teamsize|p2|6
|gametype|singles
|gen|8
|tier|[Gen 8] National Dex AG
|rated|
|clearpoke
|poke|p1|Zekrom|
|poke|p1|Necrozma-Dusk-Mane|
|poke|p1|Ho-Oh|
|poke|p1|Kyogre|
|poke|p1|Arceus-*|
|poke|p1|Arceus-*|
|poke|p2|Rayquaza|
|poke|p2|Zacian-Crowned|
|poke|p2|Groudon|
|poke|p2|Smeargle, M|
|poke|p2|Necrozma-Dusk-Mane|
|poke|p2|Smeargle, M|
|rule|HP Percentage Mod: HP is shown in percentages
|rule|Endless Battle Clause: Forcing endless battles is banned
|teampreview
|inactive|Battle timer is ON: inactive players will automatically lose when time's up. (requested by TierAcid)
|
|start
|switch|p1a: Zekrom|Zekrom|100/100
|switch|p2a: Smeargle|Smeargle, M|100/100
|-ability|p1a: Zekrom|Teravolt
|turn|1
|
|move|p1a: Zekrom|Substitute|p1a: Zekrom
|-start|p1a: Zekrom|Substitute
|-damage|p1a: Zekrom|76/100
|move|p2a: Smeargle|Sticky Web|p1a: Zekrom
|-sidestart|p1: TierAcid|move: Sticky Web
|
|-heal|p1a: Zekrom|82/100|[from] item: Leftovers
|upkeep
|turn|2
|
|move|p1a: Zekrom|Dragon Dance|p1a: Zekrom
|-boost|p1a: Zekrom|atk|1
|-boost|p1a: Zekrom|spe|1
|move|p2a: Smeargle|Stealth Rock|p1a: Zekrom
|-sidestart|p1: TierAcid|move: Stealth Rock
|
|-heal|p1a: Zekrom|88/100|[from] item: Leftovers
|upkeep
|turn|3
|
|move|p1a: Zekrom|Bolt Strike|p2a: Smeargle
|-enditem|p2a: Smeargle|Focus Sash
|-damage|p2a: Smeargle|1/100
|move|p2a: Smeargle|Rapid Spin|p1a: Zekrom
|-activate|p1a: Zekrom|move: Substitute|[damage]
|-boost|p2a: Smeargle|spe|1
|
|-heal|p1a: Zekrom|94/100|[from] item: Leftovers
|upkeep
|turn|4
|
|move|p1a: Zekrom|Dragon Dance|p1a: Zekrom
|-boost|p1a: Zekrom|atk|1
|-boost|p1a: Zekrom|spe|1
|move|p2a: Smeargle|Rapid Spin|p1a: Zekrom
|-activate|p1a: Zekrom|move: Substitute|[damage]
|-boost|p2a: Smeargle|spe|1
|
|-heal|p1a: Zekrom|99/100|[from] item: Leftovers
|upkeep
|turn|5
|
|move|p1a: Zekrom|Dragon Dance|p1a: Zekrom
|-boost|p1a: Zekrom|atk|1
|-boost|p1a: Zekrom|spe|1
|move|p2a: Smeargle|Rapid Spin|p1a: Zekrom
|-activate|p1a: Zekrom|move: Substitute|[damage]
|-boost|p2a: Smeargle|spe|1
|
|-heal|p1a: Zekrom|100/100|[from] item: Leftovers
|upkeep
|turn|6
|
|move|p1a: Zekrom|Bolt Strike|p2a: Smeargle
|-damage|p2a: Smeargle|0 fnt
|faint|p2a: Smeargle
|
|upkeep
|
|switch|p2a: Groudon|Groudon|100/100
|detailschange|p2a: Groudon|Groudon-Primal
|-primal|p2a: Groudon
|-weather|DesolateLand|[from] ability: Desolate Land|[of] p2a: Groudon
|turn|7
|
|move|p1a: Zekrom|Dragon Dance|p1a: Zekrom
|-boost|p1a: Zekrom|atk|1
|-boost|p1a: Zekrom|spe|1
|move|p2a: Groudon|Earth Power|p1a: Zekrom
|-supereffective|p1a: Zekrom
|-end|p1a: Zekrom|Substitute
|
|-weather|DesolateLand|[upkeep]
|upkeep
|turn|8
|
|-start|p1a: Zekrom|Dynamax
|-heal|p1a: Zekrom|100/100|[silent]
|move|p1a: Zekrom|Max Wyrmwind|p2a: Groudon
|-damage|p2a: Groudon|0 fnt
|faint|p2a: Groudon
|-weather|none
|
|upkeep
|
|switch|p2a: Smeargle|Smeargle, M|100/100
|turn|9
|
|move|p1a: Zekrom|Max Lightning|p2a: Smeargle
|-enditem|p2a: Smeargle|Focus Sash
|-damage|p2a: Smeargle|1/100
|-fieldstart|move: Electric Terrain
|move|p2a: Smeargle|Spore|p1a: Zekrom
|-activate|p1a: Zekrom|move: Electric Terrain
|
|-ability|p2a: Smeargle|Moody|boost
|-boost|p2a: Smeargle|spe|2
|-unboost|p2a: Smeargle|spd|1
|upkeep
|turn|10
|c|☆Hogwashimperial|SHIT
|
|move|p1a: Zekrom|Max Lightning|p2a: Smeargle
|-damage|p2a: Smeargle|0 fnt
|faint|p2a: Smeargle
|
|-end|p1a: Zekrom|Dynamax
|-heal|p1a: Zekrom|100/100|[silent]
|upkeep
|
|switch|p2a: Necrozma|Necrozma-Dusk-Mane|100/100
|turn|11
|
|-start|p2a: Necrozma|Dynamax
|-heal|p2a: Necrozma|100/100|[silent]
|move|p1a: Zekrom|Bolt Strike|p2a: Necrozma
|-damage|p2a: Necrozma|0 fnt
|faint|p2a: Necrozma
|
|upkeep
|-message|Hogwashimperial forfeited.
|
|win|TierAcid
|l|☆Hogwashimperial
