|j|☆wafflecone67
|j|☆Obito 2001
|t:|1668312850
|gametype|singles
|player|p1|wafflecone67|1|1794
|player|p2|Obito 2001|teamrocket|2065
|teamsize|p1|6
|teamsize|p2|6
|gen|8
|tier|[Gen 8] National Dex AG
|rated|
|rule|HP Percentage Mod: HP is shown in percentages
|rule|Endless Battle Clause: Forcing endless battles is banned
|clearpoke
|poke|p1|Scolipede, M|
|poke|p1|Smeargle, M|
|poke|p1|Magearna|
|poke|p1|Smeargle, M|
|poke|p1|Espeon, F|
|poke|p1|Mr. Mime, F|
|poke|p2|Kyogre|
|poke|p2|Arceus-*|
|poke|p2|Rayquaza|
|poke|p2|Groudon|
|poke|p2|Ditto|
|poke|p2|Arceus-*|
|teampreview
|inactive|Battle timer is ON: inactive players will automatically lose when time's up. (requested by Obito 2001)
|inactive|wafflecone67 has 120 seconds left.
|inactive|Obito 2001 has 120 seconds left.
|inactive|wafflecone67 has 90 seconds left.
|
|t:|1668312918
|start
|switch|p1a: Scolipede|Scolipede, M|100/100
|switch|p2a: Rayquaza|Rayquaza|100/100
|-ability|p2a: Rayquaza|Air Lock
|turn|1
|
|t:|1668312927
|detailschange|p2a: Rayquaza|Rayquaza-Mega
|-mega|p2a: Rayquaza|Rayquaza|
|-weather|DeltaStream|[from] ability: Delta Stream|[of] p2a: Rayquaza
|move|p1a: Scolipede|Protect|p1a: Scolipede
|-singleturn|p1a: Scolipede|Protect
|move|p2a: Rayquaza|Dragon Ascent|p1a: Scolipede
|-activate|p1a: Scolipede|move: Protect
|
|-weather|DeltaStream|[upkeep]
|-ability|p1a: Scolipede|Speed Boost|boost
|-boost|p1a: Scolipede|spe|1
|upkeep
|turn|2
|
|t:|1668312931
|move|p2a: Rayquaza|Extreme Speed|p1a: Scolipede
|-damage|p1a: Scolipede|55/100
|-damage|p2a: Rayquaza|91/100|[from] item: Life Orb
|move|p1a: Scolipede|Substitute|p1a: Scolipede
|-start|p1a: Scolipede|Substitute
|-damage|p1a: Scolipede|30/100
|
|-weather|DeltaStream|[upkeep]
|-ability|p1a: Scolipede|Speed Boost|boost
|-boost|p1a: Scolipede|spe|1
|upkeep
|turn|3
|
|t:|1668312936
|move|p1a: Scolipede|Protect|p1a: Scolipede
|-singleturn|p1a: Scolipede|Protect
|move|p2a: Rayquaza|Earthquake|p1a: Scolipede
|-activate|p1a: Scolipede|move: Protect
|
|-weather|DeltaStream|[upkeep]
|-ability|p1a: Scolipede|Speed Boost|boost
|-boost|p1a: Scolipede|spe|1
|upkeep
|turn|4
|
|t:|1668312942
|move|p2a: Rayquaza|Extreme Speed|p1a: Scolipede
|-end|p1a: Scolipede|Substitute
|-damage|p2a: Rayquaza|81/100|[from] item: Life Orb
|move|p1a: Scolipede|Iron Defense|p1a: Scolipede
|-boost|p1a: Scolipede|def|2
|
|-weather|DeltaStream|[upkeep]
|-ability|p1a: Scolipede|Speed Boost|boost
|-boost|p1a: Scolipede|spe|1
|upkeep
|turn|5
|
|t:|1668312949
|move|p1a: Scolipede|Protect|p1a: Scolipede
|-singleturn|p1a: Scolipede|Protect
|move|p2a: Rayquaza|Dragon Ascent|p1a: Scolipede
|-activate|p1a: Scolipede|move: Protect
|
|-weather|DeltaStream|[upkeep]
|-ability|p1a: Scolipede|Speed Boost|boost
|-boost|p1a: Scolipede|spe|1
|upkeep
|turn|6
|j| UnoHablar89
|
|t:|1668312951
|move|p1a: Scolipede|Baton Pass|p1a: Scolipede
|
|t:|1668312953
|switch|p1a: labrys|Magearna|100/100|[from]move: Baton Pass
|move|p2a: Rayquaza|Dragon Ascent|p1a: labrys
|-resisted|p1a: labrys
|-damage|p1a: labrys|76/100
|-unboost|p2a: Rayquaza|def|1
|-unboost|p2a: Rayquaza|spd|1
|-damage|p2a: Rayquaza|71/100|[from] item: Life Orb
|
|-weather|DeltaStream|[upkeep]
|upkeep
|turn|7
|
|t:|1668312962
|move|p1a: labrys|Draining Kiss|p2a: Rayquaza
|-supereffective|p2a: Rayquaza
|-damage|p2a: Rayquaza|0 fnt
|-heal|p1a: labrys|100/100|[from] drain|[of] p2a: Rayquaza
|faint|p2a: Rayquaza
|-ability|p1a: labrys|Soul-Heart|boost
|-boost|p1a: labrys|spa|1
|-weather|none
|
|upkeep
|
|t:|1668312968
|switch|p2a: Arceus|Arceus-Fairy|100/100
|turn|8
|
|t:|1668312971
|move|p1a: labrys|Baton Pass|p1a: labrys
|
|t:|1668312972
|switch|p1a: Mr. Mime|Mr. Mime, F|100/100|[from]move: Baton Pass
|move|p2a: Arceus|Stealth Rock|p1a: Mr. Mime
|-sidestart|p1: wafflecone67|move: Stealth Rock
|
|upkeep
|turn|9
|
|t:|1668312977
|move|p1a: Mr. Mime|Calm Mind|p1a: Mr. Mime
|-boost|p1a: Mr. Mime|spa|1
|-boost|p1a: Mr. Mime|spd|1
|move|p2a: Arceus|Judgment|p1a: Mr. Mime
|-damage|p1a: Mr. Mime|68/100
|
|upkeep
|turn|10
|
|t:|1668312982
|switch|p2a: Ditto|Ditto, shiny|100/100
|-transform|p2a: Ditto|p1a: Mr. Mime|[from] ability: Imposter
|move|p1a: Mr. Mime|Calm Mind|p1a: Mr. Mime
|-boost|p1a: Mr. Mime|spa|1
|-boost|p1a: Mr. Mime|spd|1
|
|upkeep
|turn|11
|
|t:|1668312986
|move|p2a: Ditto|Taunt|p1a: Mr. Mime
|-start|p1a: Mr. Mime|move: Taunt
|-zpower|p1a: Mr. Mime
|move|p1a: Mr. Mime|Z-Baton Pass|p1a: Mr. Mime|[anim]Baton Pass
|-clearnegativeboost|p1a: Mr. Mime|[zeffect]
|
|t:|1668312992
|switch|p1a: Espeon|Espeon, F|100/100|[from]move: Baton Pass
|-damage|p1a: Espeon|88/100|[from] Stealth Rock
|
|upkeep
|turn|12
|
|t:|1668313006
|switch|p2a: Arceus|Arceus-Fairy|100/100
|-activate|p1a: Espeon|move: Struggle
|move|p1a: Espeon|Struggle|p2a: Arceus
|-damage|p2a: Arceus|96/100
|-damage|p1a: Espeon|63/100|[from] recoil
|
|upkeep
|turn|13
|
|t:|1668313010
|-activate|p1a: Espeon|move: Struggle
|move|p1a: Espeon|Struggle|p2a: Arceus
|-damage|p2a: Arceus|92/100
|-damage|p1a: Espeon|38/100|[from] recoil
|move|p2a: Arceus|Judgment|p1a: Espeon
|-damage|p1a: Espeon|14/100
|-enditem|p1a: Espeon|Red Card|[of] p2a: Arceus
|drag|p2a: Kyogre|Kyogre|100/100
|detailschange|p2a: Kyogre|Kyogre-Primal
|-primal|p2a: Kyogre
|-weather|PrimordialSea|[from] ability: Primordial Sea|[of] p2a: Kyogre
|
|-weather|PrimordialSea|[upkeep]
|-end|p1a: Espeon|move: Taunt
|upkeep
|turn|14
|
|t:|1668313018
|move|p1a: Espeon|Baton Pass|p1a: Espeon
|
|t:|1668313020
|switch|p1a: labrys|Magearna|100/100|[from]move: Baton Pass
|-damage|p1a: labrys|94/100|[from] Stealth Rock
|move|p2a: Kyogre|Surf|p1a: labrys
|-damage|p1a: labrys|57/100
|
|-weather|PrimordialSea|[upkeep]
|upkeep
|turn|15
|
|t:|1668313026
|move|p1a: labrys|Baton Pass|p1a: labrys
|
|t:|1668313032
|switch|p1a: Smeargle|Smeargle, M|100/100|[from]move: Baton Pass
|-damage|p1a: Smeargle|88/100|[from] Stealth Rock
|move|p2a: Kyogre|Calm Mind|p2a: Kyogre
|-boost|p2a: Kyogre|spa|1
|-boost|p2a: Kyogre|spd|1
|
|-weather|PrimordialSea|[upkeep]
|-ability|p1a: Smeargle|Moody|boost
|-boost|p1a: Smeargle|spd|2
|-unboost|p1a: Smeargle|spa|1
|upkeep
|turn|16
|
|t:|1668313038
|move|p1a: Smeargle|Spore|p2a: Kyogre
|-status|p2a: Kyogre|slp|[from] move: Spore
|cant|p2a: Kyogre|slp
|
|-weather|PrimordialSea|[upkeep]
|-ability|p1a: Smeargle|Moody|boost
|-boost|p1a: Smeargle|spd|2
|-unboost|p1a: Smeargle|spa|1
|upkeep
|turn|17
|
|t:|1668313040
|move|p1a: Smeargle|Substitute|p1a: Smeargle
|-start|p1a: Smeargle|Substitute
|-damage|p1a: Smeargle|63/100
|cant|p2a: Kyogre|slp
|move|p2a: Kyogre|Sleep Talk|p2a: Kyogre
|move|p2a: Kyogre|Surf|p1a: Smeargle|[from]move: Sleep Talk
|-end|p1a: Smeargle|Substitute
|
|-weather|PrimordialSea|[upkeep]
|-ability|p1a: Smeargle|Moody|boost
|-boost|p1a: Smeargle|spe|1
|-unboost|p1a: Smeargle|spd|1
|upkeep
|turn|18
|
|t:|1668313044
|move|p1a: Smeargle|Spiky Shield|p1a: Smeargle
|-singleturn|p1a: Smeargle|move: Protect
|-curestatus|p2a: Kyogre|slp|[msg]
|move|p2a: Kyogre|Surf|p1a: Smeargle
|-activate|p1a: Smeargle|move: Protect
|
|-weather|PrimordialSea|[upkeep]
|-ability|p1a: Smeargle|Moody|boost
|-boost|p1a: Smeargle|spa|2
|-unboost|p1a: Smeargle|def|1
|upkeep
|turn|19
|
|t:|1668313047
|move|p1a: Smeargle|Substitute|p1a: Smeargle
|-start|p1a: Smeargle|Substitute
|-damage|p1a: Smeargle|39/100
|move|p2a: Kyogre|Sleep Talk||[still]
|-fail|p2a: Kyogre
|
|-weather|PrimordialSea|[upkeep]
|-ability|p1a: Smeargle|Moody|boost
|-boost|p1a: Smeargle|def|2
|-unboost|p1a: Smeargle|spa|1
|upkeep
|turn|20
|
|t:|1668313051
|move|p1a: Smeargle|Spiky Shield|p1a: Smeargle
|-singleturn|p1a: Smeargle|move: Protect
|move|p2a: Kyogre|Sleep Talk||[still]
|-fail|p2a: Kyogre
|
|-weather|PrimordialSea|[upkeep]
|-ability|p1a: Smeargle|Moody|boost
|-boost|p1a: Smeargle|spd|1
|-unboost|p1a: Smeargle|def|1
|upkeep
|turn|21
|
|t:|1668313054
|move|p1a: Smeargle|Baton Pass|p1a: Smeargle
|
|t:|1668313055
|switch|p1a: labrys|Magearna|57/100|[from]move: Baton Pass
|-damage|p1a: labrys|51/100|[from] Stealth Rock
|move|p2a: Kyogre|Surf|p1a: labrys
|-end|p1a: labrys|Substitute
|
|-weather|PrimordialSea|[upkeep]
|upkeep
|turn|22
|
|t:|1668313061
|move|p1a: labrys|Draining Kiss|p2a: Kyogre
|-damage|p2a: Kyogre|79/100
|-heal|p1a: labrys|70/100|[from] drain|[of] p2a: Kyogre
|move|p2a: Kyogre|Surf|p1a: labrys
|-damage|p1a: labrys|44/100
|
|-weather|PrimordialSea|[upkeep]
|upkeep
|turn|23
|
|t:|1668313066
|move|p1a: labrys|Draining Kiss|p2a: Kyogre
|-damage|p2a: Kyogre|60/100
|-heal|p1a: labrys|61/100|[from] drain|[of] p2a: Kyogre
|move|p2a: Kyogre|Surf|p1a: labrys
|-damage|p1a: labrys|32/100
|
|-weather|PrimordialSea|[upkeep]
|upkeep
|turn|24
|
|t:|1668313070
|move|p1a: labrys|Draining Kiss|p2a: Kyogre
|-damage|p2a: Kyogre|39/100
|-heal|p1a: labrys|51/100|[from] drain|[of] p2a: Kyogre
|move|p2a: Kyogre|Calm Mind|p2a: Kyogre
|-boost|p2a: Kyogre|spa|1
|-boost|p2a: Kyogre|spd|1
|
|-weather|PrimordialSea|[upkeep]
|upkeep
|turn|25
|
|t:|1668313076
|move|p1a: labrys|Stored Power|p2a: Kyogre
|-damage|p2a: Kyogre|0 fnt
|faint|p2a: Kyogre
|-ability|p1a: labrys|Soul-Heart|boost
|-boost|p1a: labrys|spa|1
|-weather|none
|
|upkeep
|
|t:|1668313080
|switch|p2a: Ditto|Ditto, shiny|100/100
|-transform|p2a: Ditto|p1a: labrys|[from] ability: Imposter
|turn|26
|
|t:|1668313083
|move|p2a: Ditto|Stored Power|p1a: labrys
|-resisted|p1a: labrys
|-damage|p1a: labrys|17/100
|move|p1a: labrys|Baton Pass|p1a: labrys
|
|t:|1668313093
|switch|p1a: Scolipede|Scolipede, M|30/100|[from]move: Baton Pass
|-damage|p1a: Scolipede|5/100|[from] Stealth Rock
|
|upkeep
|turn|27
|
|t:|1668313098
|move|p1a: Scolipede|Protect|p1a: Scolipede
|-singleturn|p1a: Scolipede|Protect
|move|p2a: Ditto|Stored Power|p1a: Scolipede
|-activate|p1a: Scolipede|move: Protect
|
|upkeep
|turn|28
|
|t:|1668313102
|move|p1a: Scolipede|Baton Pass|p1a: Scolipede
|
|t:|1668313104
|switch|p1a: Mr. Mime|Mr. Mime, F|68/100|[from]move: Baton Pass
|-damage|p1a: Mr. Mime|55/100|[from] Stealth Rock
|move|p2a: Ditto|Stored Power|p1a: Mr. Mime
|-resisted|p1a: Mr. Mime
|-damage|p1a: Mr. Mime|11/100
|
|upkeep
|turn|29
|
|t:|1668313114
|move|p2a: Ditto|Stored Power|p1a: Mr. Mime
|-resisted|p1a: Mr. Mime
|-damage|p1a: Mr. Mime|0 fnt
|faint|p1a: Mr. Mime
|-ability|p2a: Ditto|Soul-Heart|boost
|-boost|p2a: Ditto|spa|1
|
|upkeep
|
|t:|1668313117
|switch|p1a: Scolipede|Scolipede, M|5/100
|-damage|p1a: Scolipede|0 fnt|[from] Stealth Rock
|faint|p1a: Scolipede
|-ability|p2a: Ditto|Soul-Heart|boost
|-boost|p2a: Ditto|spa|1
|
|t:|1668313122
|switch|p1a: Espeon|Espeon, F|14/100
|-damage|p1a: Espeon|2/100|[from] Stealth Rock
|turn|30
|
|t:|1668313131
|-start|p2a: Ditto|Dynamax|
|-heal|p2a: Ditto|100/100|[silent]
|move|p2a: Ditto|Max Starfall|p1a: Espeon
|-damage|p1a: Espeon|0 fnt
|-fieldstart|move: Misty Terrain
|faint|p1a: Espeon
|-ability|p2a: Ditto|Soul-Heart|boost
|-boost|p2a: Ditto|spa|1
|
|upkeep
|-message|wafflecone67 forfeited.
|
|win|Obito 2001
|raw|wafflecone67's rating: 1794 &rarr; <strong>1787</strong><br />(-7 for losing)
|raw|Obito 2001's rating: 2065 &rarr; <strong>2072</strong><br />(+7 for winning)
|l|☆wafflecone67
