|j|☆supersonicelsword
|j|☆Buck X
|t:|1661212140
|gametype|singles
|player|p1|supersonicelsword|silver|1658
|player|p2|Buck X|lance-masters|1935
|teamsize|p1|6
|teamsize|p2|6
|gen|8
|tier|[Gen 8] National Dex AG
|rated|
|rule|HP Percentage Mod: HP is shown in percentages
|rule|Endless Battle Clause: Forcing endless battles is banned
|clearpoke
|poke|p1|Deoxys-Attack|
|poke|p1|Marshadow|
|poke|p1|Groudon|
|poke|p1|Rayquaza|
|poke|p1|Arceus-*|
|poke|p1|Xerneas-*|
|poke|p2|Ho-Oh|
|poke|p2|Necrozma-Dusk-Mane|
|poke|p2|Yveltal|
|poke|p2|Ditto|
|poke|p2|Rayquaza|
|poke|p2|Marshadow|
|teampreview
|inactive|Battle timer is ON: inactive players will automatically lose when time's up. (requested by Buck X)
|inactive|supersonicelsword has 120 seconds left.
|inactive|supersonicelsword has 90 seconds left.
|
|t:|1661212224
|start
|switch|p1a: Pangaea|Groudon, shiny|100/100
|switch|p2a: Ho-Oh|Ho-Oh|100/100
|detailschange|p1a: Pangaea|Groudon-Primal, shiny
|-primal|p1a: Pangaea
|-weather|DesolateLand|[from] ability: Desolate Land|[of] p1a: Pangaea
|turn|1
|
|t:|1661212245
|switch|p2a: Necrozma|Necrozma-Dusk-Mane|100/100
|move|p1a: Pangaea|Stone Edge|p2a: Necrozma
|-resisted|p2a: Necrozma
|-damage|p2a: Necrozma|89/100
|
|-weather|DesolateLand|[upkeep]
|-heal|p2a: Necrozma|95/100|[from] item: Leftovers
|upkeep
|turn|2
|j| Ren_UvU
|l| Ren_UvU
|inactive|supersonicelsword has 120 seconds left.
|inactive|supersonicelsword has 90 seconds left.
|
|t:|1661212306
|switch|p2a: Rayquaza|Rayquaza|100/100
|-ability|p2a: Rayquaza|Air Lock
|move|p1a: Pangaea|Swords Dance|p1a: Pangaea
|-boost|p1a: Pangaea|atk|2
|
|-weather|DesolateLand|[upkeep]
|upkeep
|turn|3
|inactive|supersonicelsword has 90 seconds left.
|
|t:|1661212330
|-weather|none
|switch|p1a: X-perimenting|Xerneas, shiny|100/100
|-ability|p1a: X-perimenting|Fairy Aura
|detailschange|p2a: Rayquaza|Rayquaza-Mega
|-mega|p2a: Rayquaza|Rayquaza|
|-weather|DeltaStream|[from] ability: Delta Stream|[of] p2a: Rayquaza
|move|p2a: Rayquaza|Surf|p1a: X-perimenting
|-damage|p1a: X-perimenting|65/100
|-damage|p2a: Rayquaza|91/100|[from] item: Life Orb
|
|-weather|DeltaStream|[upkeep]
|-heal|p1a: X-perimenting|71/100|[from] item: Leftovers
|upkeep
|turn|4
|
|t:|1661212336
|move|p2a: Rayquaza|Dragon Ascent|p1a: X-perimenting
|-damage|p1a: X-perimenting|10/100
|-unboost|p2a: Rayquaza|def|1
|-unboost|p2a: Rayquaza|spd|1
|-damage|p2a: Rayquaza|81/100|[from] item: Life Orb
|move|p1a: X-perimenting|Moonblast|p2a: Rayquaza
|-supereffective|p2a: Rayquaza
|-damage|p2a: Rayquaza|0 fnt
|faint|p2a: Rayquaza
|-weather|none
|
|-heal|p1a: X-perimenting|17/100|[from] item: Leftovers
|upkeep
|inactive|Buck X has 120 seconds left.
|
|t:|1661212371
|switch|p2a: Necrozma|Necrozma-Dusk-Mane|95/100
|turn|5
|
|t:|1661212379
|switch|p1a: Pangaea|Groudon-Primal, shiny|100/100
|-weather|DesolateLand|[from] ability: Desolate Land|[of] p1a: Pangaea
|move|p2a: Necrozma|Stealth Rock|p1a: Pangaea
|-sidestart|p1: supersonicelsword|move: Stealth Rock
|
|-weather|DesolateLand|[upkeep]
|-heal|p2a: Necrozma|100/100|[from] item: Leftovers
|upkeep
|turn|6
|
|t:|1661212388
|switch|p2a: Ho-Oh|Ho-Oh|100/100
|move|p1a: Pangaea|Precipice Blades|p2a: Ho-Oh
|-immune|p2a: Ho-Oh
|
|-weather|DesolateLand|[upkeep]
|upkeep
|turn|7
|
|t:|1661212394
|switch|p2a: Ditto|Ditto|100/100
|-transform|p2a: Ditto|p1a: Pangaea|[from] ability: Imposter
|move|p1a: Pangaea|Stone Edge|p2a: Ditto
|-damage|p2a: Ditto|69/100
|
|-weather|DesolateLand|[upkeep]
|upkeep
|turn|8
|
|t:|1661212400
|move|p2a: Ditto|Precipice Blades|p1a: Pangaea
|-supereffective|p1a: Pangaea
|-damage|p1a: Pangaea|14/100
|move|p1a: Pangaea|Precipice Blades|p2a: Ditto
|-supereffective|p2a: Ditto
|-damage|p2a: Ditto|0 fnt
|faint|p2a: Ditto
|
|-weather|DesolateLand|[upkeep]
|upkeep
|
|t:|1661212408
|switch|p2a: Marshadow|Marshadow|100/100
|turn|9
|
|t:|1661212412
|move|p2a: Marshadow|Spectral Thief|p1a: Pangaea
|-damage|p1a: Pangaea|0 fnt
|faint|p1a: Pangaea
|-weather|none
|
|upkeep
|
|t:|1661212419
|switch|p1a: Eh I got nothin|Arceus-Water|100/100
|-damage|p1a: Eh I got nothin|88/100|[from] Stealth Rock
|turn|10
|
|t:|1661212425
|switch|p2a: Yveltal|Yveltal|100/100
|-ability|p2a: Yveltal|Dark Aura
|move|p1a: Eh I got nothin|Judgment|p2a: Yveltal
|-damage|p2a: Yveltal|76/100
|
|upkeep
|turn|11
|
|t:|1661212429
|move|p1a: Eh I got nothin|Toxic|p2a: Yveltal
|-status|p2a: Yveltal|tox
|move|p2a: Yveltal|Toxic|p1a: Eh I got nothin
|-status|p1a: Eh I got nothin|tox
|
|-damage|p1a: Eh I got nothin|82/100 tox|[from] psn
|-damage|p2a: Yveltal|70/100 tox|[from] psn
|upkeep
|turn|12
|
|t:|1661212435
|move|p1a: Eh I got nothin|Judgment|p2a: Yveltal
|-damage|p2a: Yveltal|44/100 tox
|move|p2a: Yveltal|Roost|p2a: Yveltal
|-heal|p2a: Yveltal|94/100 tox
|-singleturn|p2a: Yveltal|move: Roost
|
|-damage|p1a: Eh I got nothin|70/100 tox|[from] psn
|-damage|p2a: Yveltal|82/100 tox|[from] psn
|upkeep
|turn|13
|
|t:|1661212438
|switch|p2a: Ho-Oh|Ho-Oh|100/100
|move|p1a: Eh I got nothin|Refresh|p1a: Eh I got nothin
|-curestatus|p1a: Eh I got nothin|tox|[msg]
|
|upkeep
|turn|14
|
|t:|1661212443
|switch|p2a: Necrozma|Necrozma-Dusk-Mane|100/100
|move|p1a: Eh I got nothin|Toxic|p2a: Necrozma
|-immune|p2a: Necrozma
|
|upkeep
|turn|15
|
|t:|1661212448
|move|p1a: Eh I got nothin|Judgment|p2a: Necrozma
|-damage|p2a: Necrozma|64/100
|move|p2a: Necrozma|Sunsteel Strike|p1a: Eh I got nothin
|-resisted|p1a: Eh I got nothin
|-damage|p1a: Eh I got nothin|56/100
|
|-heal|p2a: Necrozma|70/100|[from] item: Leftovers
|upkeep
|turn|16
|
|t:|1661212451
|move|p1a: Eh I got nothin|Judgment|p2a: Necrozma
|-damage|p2a: Necrozma|34/100
|move|p2a: Necrozma|Morning Sun|p2a: Necrozma
|-heal|p2a: Necrozma|84/100
|
|-heal|p2a: Necrozma|90/100|[from] item: Leftovers
|upkeep
|turn|17
|
|t:|1661212455
|move|p1a: Eh I got nothin|Recover|p1a: Eh I got nothin
|-heal|p1a: Eh I got nothin|100/100
|move|p2a: Necrozma|Sunsteel Strike|p1a: Eh I got nothin
|-resisted|p1a: Eh I got nothin
|-damage|p1a: Eh I got nothin|87/100
|
|-heal|p2a: Necrozma|96/100|[from] item: Leftovers
|upkeep
|turn|18
|
|t:|1661212459
|switch|p2a: Ho-Oh|Ho-Oh|100/100
|move|p1a: Eh I got nothin|Judgment|p2a: Ho-Oh
|-supereffective|p2a: Ho-Oh
|-damage|p2a: Ho-Oh|41/100
|
|upkeep
|turn|19
|
|t:|1661212464
|switch|p2a: Necrozma|Necrozma-Dusk-Mane|96/100
|move|p1a: Eh I got nothin|Judgment|p2a: Necrozma
|-damage|p2a: Necrozma|56/100
|
|-heal|p2a: Necrozma|62/100|[from] item: Leftovers
|upkeep
|turn|20
|
|t:|1661212473
|switch|p1a: X-perimenting|Xerneas, shiny|17/100
|-damage|p1a: X-perimenting|4/100|[from] Stealth Rock
|-ability|p1a: X-perimenting|Fairy Aura
|move|p2a: Necrozma|Morning Sun|p2a: Necrozma
|-heal|p2a: Necrozma|100/100
|
|-heal|p1a: X-perimenting|10/100|[from] item: Leftovers
|upkeep
|turn|21
|
|t:|1661212477
|move|p1a: X-perimenting|Defog|p2a: Necrozma
|-unboost|p2a: Necrozma|evasion|1
|-sideend|p1: supersonicelsword|Stealth Rock|[from] move: Defog|[of] p1a: X-perimenting
|move|p2a: Necrozma|Sunsteel Strike|p1a: X-perimenting
|-supereffective|p1a: X-perimenting
|-damage|p1a: X-perimenting|0 fnt
|faint|p1a: X-perimenting
|
|upkeep
|
|t:|1661212494
|switch|p1a: Roaring Skies|Rayquaza, shiny|100/100
|-ability|p1a: Roaring Skies|Air Lock
|turn|22
|
|t:|1661212510
|detailschange|p1a: Roaring Skies|Rayquaza-Mega, shiny
|-mega|p1a: Roaring Skies|Rayquaza|
|-weather|DeltaStream|[from] ability: Delta Stream|[of] p1a: Roaring Skies
|-start|p2a: Necrozma|Dynamax|
|-heal|p2a: Necrozma|100/100|[silent]
|move|p1a: Roaring Skies|Dragon Dance|p1a: Roaring Skies
|-boost|p1a: Roaring Skies|atk|1
|-boost|p1a: Roaring Skies|spe|1
|move|p2a: Necrozma|Max Steelspike|p1a: Roaring Skies
|-damage|p1a: Roaring Skies|40/100
|-boost|p2a: Necrozma|def|1
|
|-weather|DeltaStream|[upkeep]
|upkeep
|turn|23
|
|t:|1661212518
|move|p1a: Roaring Skies|Earthquake|p2a: Necrozma
|-supereffective|p2a: Necrozma
|-damage|p2a: Necrozma|84/100
|move|p2a: Necrozma|Max Steelspike|p1a: Roaring Skies
|-damage|p1a: Roaring Skies|0 fnt
|-boost|p2a: Necrozma|def|1
|faint|p1a: Roaring Skies
|-weather|none
|
|-heal|p2a: Necrozma|87/100|[from] item: Leftovers
|upkeep
|
|t:|1661212524
|switch|p1a: Marshmallow|Marshadow|100/100
|turn|24
|
|t:|1661212529
|-end|p2a: Necrozma|Dynamax
|-heal|p2a: Necrozma|87/100|[silent]
|switch|p2a: Yveltal|Yveltal|82/100 tox
|-ability|p2a: Yveltal|Dark Aura
|move|p1a: Marshmallow|Spectral Thief|p2a: Yveltal
|-resisted|p2a: Yveltal
|-damage|p2a: Yveltal|62/100 tox
|
|-damage|p2a: Yveltal|56/100 tox|[from] psn
|upkeep
|turn|25
|
|t:|1661212535
|switch|p1a: Eh I got nothin|Arceus-Water|87/100
|switch|p2a: Necrozma|Necrozma-Dusk-Mane|87/100
|
|-heal|p2a: Necrozma|93/100|[from] item: Leftovers
|upkeep
|turn|26
|
|t:|1661212540
|move|p1a: Eh I got nothin|Judgment|p2a: Necrozma
|-damage|p2a: Necrozma|58/100
|move|p2a: Necrozma|Stealth Rock|p1a: Eh I got nothin
|-sidestart|p1: supersonicelsword|move: Stealth Rock
|
|-heal|p2a: Necrozma|64/100|[from] item: Leftovers
|upkeep
|turn|27
|
|t:|1661212544
|move|p1a: Eh I got nothin|Judgment|p2a: Necrozma
|-damage|p2a: Necrozma|25/100
|move|p2a: Necrozma|Morning Sun|p2a: Necrozma
|-heal|p2a: Necrozma|75/100
|
|-heal|p2a: Necrozma|81/100|[from] item: Leftovers
|upkeep
|turn|28
|
|t:|1661212548
|move|p1a: Eh I got nothin|Judgment|p2a: Necrozma
|-damage|p2a: Necrozma|42/100
|move|p2a: Necrozma|Morning Sun|p2a: Necrozma
|-heal|p2a: Necrozma|92/100
|
|-heal|p2a: Necrozma|98/100|[from] item: Leftovers
|upkeep
|turn|29
|
|t:|1661212558
|move|p1a: Eh I got nothin|Judgment|p2a: Necrozma
|-damage|p2a: Necrozma|62/100
|move|p2a: Necrozma|Knock Off|p1a: Eh I got nothin
|-damage|p1a: Eh I got nothin|75/100
|
|-heal|p2a: Necrozma|68/100|[from] item: Leftovers
|upkeep
|turn|30
|
|t:|1661212564
|-start|p1a: Eh I got nothin|Dynamax|
|-heal|p1a: Eh I got nothin|75/100|[silent]
|move|p1a: Eh I got nothin|Max Geyser|p2a: Necrozma
|-damage|p2a: Necrozma|19/100
|-weather|RainDance
|move|p2a: Necrozma|Morning Sun|p2a: Necrozma
|-heal|p2a: Necrozma|44/100
|
|-weather|RainDance|[upkeep]
|-heal|p2a: Necrozma|50/100|[from] item: Leftovers
|upkeep
|turn|31
|
|t:|1661212576
|switch|p2a: Yveltal|Yveltal|56/100 tox
|-ability|p2a: Yveltal|Dark Aura
|move|p1a: Eh I got nothin|Max Geyser|p2a: Yveltal
|-damage|p2a: Yveltal|7/100 tox
|
|-weather|RainDance|[upkeep]
|-damage|p2a: Yveltal|0 fnt|[from] psn
|faint|p2a: Yveltal
|upkeep
|
|t:|1661212581
|switch|p2a: Ho-Oh|Ho-Oh|75/100
|turn|32
|
|t:|1661212585
|move|p1a: Eh I got nothin|Max Geyser|p2a: Ho-Oh
|-supereffective|p2a: Ho-Oh
|-damage|p2a: Ho-Oh|0 fnt
|faint|p2a: Ho-Oh
|
|-weather|RainDance|[upkeep]
|upkeep
|
|t:|1661212588
|switch|p2a: Marshadow|Marshadow|100/100
|-end|p1a: Eh I got nothin|Dynamax
|-heal|p1a: Eh I got nothin|75/100|[silent]
|turn|33
|
|t:|1661212596
|-zpower|p2a: Marshadow
|move|p2a: Marshadow|Soul-Stealing 7-Star Strike|p1a: Eh I got nothin|[zeffect]
|-damage|p1a: Eh I got nothin|25/100
|move|p1a: Eh I got nothin|Judgment|p2a: Marshadow
|-damage|p2a: Marshadow|20/100
|
|-weather|RainDance|[upkeep]
|upkeep
|turn|34
|
|t:|1661212606
|move|p2a: Marshadow|Close Combat|p1a: Eh I got nothin
|-damage|p1a: Eh I got nothin|0 fnt
|-unboost|p2a: Marshadow|def|1
|-unboost|p2a: Marshadow|spd|1
|faint|p1a: Eh I got nothin
|
|-weather|none
|upkeep
|
|t:|1661212611
|switch|p1a: Marshmallow|Marshadow|100/100
|-damage|p1a: Marshmallow|94/100|[from] Stealth Rock
|turn|35
|
|t:|1661212615
|move|p2a: Marshadow|Shadow Sneak|p1a: Marshmallow
|-supereffective|p1a: Marshmallow
|-damage|p1a: Marshmallow|15/100
|move|p1a: Marshmallow|Spectral Thief|p2a: Marshadow
|-supereffective|p2a: Marshadow
|-damage|p2a: Marshadow|0 fnt
|faint|p2a: Marshadow
|
|upkeep
|
|t:|1661212617
|switch|p2a: Necrozma|Necrozma-Dusk-Mane|50/100
|turn|36
|
|t:|1661212621
|move|p1a: Marshmallow|Spectral Thief|p2a: Necrozma
|-supereffective|p2a: Necrozma
|-damage|p2a: Necrozma|12/100
|move|p2a: Necrozma|Morning Sun|p2a: Necrozma
|-heal|p2a: Necrozma|62/100
|
|-heal|p2a: Necrozma|68/100|[from] item: Leftovers
|upkeep
|turn|37
|
|t:|1661212624
|move|p1a: Marshmallow|Spectral Thief|p2a: Necrozma
|-supereffective|p2a: Necrozma
|-damage|p2a: Necrozma|33/100
|move|p2a: Necrozma|Morning Sun|p2a: Necrozma
|-heal|p2a: Necrozma|83/100
|
|-heal|p2a: Necrozma|89/100|[from] item: Leftovers
|upkeep
|turn|38
|
|t:|1661212638
|move|p1a: Marshmallow|Spectral Thief|p2a: Necrozma
|-supereffective|p2a: Necrozma
|-damage|p2a: Necrozma|56/100
|move|p2a: Necrozma|Morning Sun|p2a: Necrozma
|-heal|p2a: Necrozma|100/100
|
|upkeep
|turn|39
|
|t:|1661212641
|move|p1a: Marshmallow|Spectral Thief|p2a: Necrozma
|-supereffective|p2a: Necrozma
|-damage|p2a: Necrozma|64/100
|move|p2a: Necrozma|Knock Off|p1a: Marshmallow
|-damage|p1a: Marshmallow|0 fnt
|-enditem|p1a: Marshmallow|Choice Scarf|[from] move: Knock Off|[of] p2a: Necrozma
|faint|p1a: Marshmallow
|
|-heal|p2a: Necrozma|70/100|[from] item: Leftovers
|upkeep
|
|t:|1661212646
|switch|p1a: DNAS|Deoxys-Attack, shiny|100/100
|-damage|p1a: DNAS|88/100|[from] Stealth Rock
|-ability|p1a: DNAS|Pressure
|turn|40
|
|t:|1661212651
|move|p1a: DNAS|Dark Pulse|p2a: Necrozma
|-supereffective|p2a: Necrozma
|-damage|p2a: Necrozma|14/100
|-damage|p1a: DNAS|78/100|[from] item: Life Orb
|move|p2a: Necrozma|Sunsteel Strike|p1a: DNAS
|-damage|p1a: DNAS|0 fnt
|faint|p1a: DNAS
|
|win|Buck X
|raw|supersonicelsword's rating: 1658 &rarr; <strong>1650</strong><br />(-8 for losing)
|raw|Buck X's rating: 1908 &rarr; <strong>1916</strong><br />(+8 for winning)
|c|☆supersonicelsword|gg
|c|☆Buck X|Ggwp
|l|☆supersonicelsword
