|j|☆Opnoob 598ス°
|j|☆Ghosterol
|inactive|Battle timer is ON: inactive players will automatically lose when time's up.
|t:|1666527816
|gametype|singles
|player|p1|Opnoob 598ス°|lucas|
|player|p2|Ghosterol|morty-masters|
|teamsize|p1|6
|teamsize|p2|6
|gen|8
|tier|[Gen 8] National Dex AG
|rated|Tournament battle
|rule|HP Percentage Mod: HP is shown in percentages
|rule|Endless Battle Clause: Forcing endless battles is banned
|clearpoke
|poke|p1|Smeargle, F|
|poke|p1|Vivillon, F|
|poke|p1|Excadrill, F|
|poke|p1|Lucario, F|
|poke|p1|Smeargle, M|
|poke|p1|Tyranitar, F|
|poke|p2|Rillaboom, M|
|poke|p2|Gengar, M|
|poke|p2|Darmanitan-Galar, F|
|poke|p2|Dracovish|
|poke|p2|Aerodactyl, M|
|poke|p2|Blissey, F|
|teampreview
|inactive|Ghosterol also wants the timer to be on.
|j| Joannah ✿
|j| Karlaaaaaa
|
|t:|1666527821
|start
|switch|p1a: Excadrill|Excadrill, F|100/100
|switch|p2a: Aerodactyl|Aerodactyl, M|100/100
|-ability|p2a: Aerodactyl|Unnerve
|-ability|p1a: Excadrill|Mold Breaker
|turn|1
|j| YoshiXP2002
|j| Wrathoftheleopard
|j| Snap_Countersteer
|
|t:|1666527829
|move|p2a: Aerodactyl|Tailwind|p2a: Aerodactyl
|-sidestart|p2: Ghosterol|move: Tailwind
|move|p1a: Excadrill|Rock Tomb|p2a: Aerodactyl
|-supereffective|p2a: Aerodactyl
|-crit|p2a: Aerodactyl
|-enditem|p2a: Aerodactyl|Focus Sash
|-damage|p2a: Aerodactyl|1/100
|-unboost|p2a: Aerodactyl|spe|1
|
|upkeep
|turn|2
|
|t:|1666527837
|move|p2a: Aerodactyl|Stealth Rock|p1a: Excadrill
|-sidestart|p1: Opnoob 598ス°|move: Stealth Rock
|move|p1a: Excadrill|Stealth Rock|p2a: Aerodactyl
|-sidestart|p2: Ghosterol|move: Stealth Rock
|
|upkeep
|turn|3
|c| Joannah ✿|goooo win
|
|t:|1666527843
|switch|p2a: Rillaboom|Rillaboom, M|100/100
|-damage|p2a: Rillaboom|88/100|[from] Stealth Rock
|-fieldstart|move: Grassy Terrain|[from] ability: Grassy Surge|[of] p2a: Rillaboom
|move|p1a: Excadrill|Rapid Spin|p2a: Rillaboom
|-damage|p2a: Rillaboom|70/100
|-boost|p1a: Excadrill|spe|1
|-sideend|p1: Opnoob 598ス°|Stealth Rock|[from] move: Rapid Spin|[of] p1a: Excadrill
|
|-heal|p2a: Rillaboom|76/100|[from] Grassy Terrain
|upkeep
|turn|4
|c| Karlaaaaaa|MONKE
|c|☆Opnoob 598ス°|monke mid
|
|t:|1666527856
|switch|p1a: Vivillon|Vivillon, F|100/100
|move|p2a: Rillaboom|Grassy Glide|p1a: Vivillon
|-resisted|p1a: Vivillon
|-damage|p1a: Vivillon|66/100
|
|-heal|p2a: Rillaboom|82/100|[from] Grassy Terrain
|-heal|p1a: Vivillon|72/100|[from] item: Leftovers
|-sideend|p2: Ghosterol|move: Tailwind
|upkeep
|turn|5
|c|☆Opnoob 598ス°|Tbh
|c| Karlaaaaaa|UR MID
|c| Joannah ✿|op can't lost
|c|☆Ghosterol|monke : i didnt ask
|
|t:|1666527878
|switch|p2a: Aerodactyl|Aerodactyl, M|1/100
|-ability|p2a: Aerodactyl|Unnerve
|-damage|p2a: Aerodactyl|0 fnt|[from] Stealth Rock
|faint|p2a: Aerodactyl
|move|p1a: Vivillon|Hurricane|p2: Aerodactyl|[notarget]
|-fail|p1a: Vivillon
|
|-heal|p1a: Vivillon|78/100|[from] item: Leftovers
|upkeep
|c|☆Opnoob 598ス°|nice
|j| garagaming7490
|
|t:|1666527891
|switch|p2a: Darmanitan|Darmanitan-Galar, F|100/100
|-damage|p2a: Darmanitan|76/100|[from] Stealth Rock
|turn|6
|c| Wrathoftheleopard|darm is also a monkey right?
|
|t:|1666527905
|switch|p1a: Tyranitar|Tyranitar, F|100/100
|-weather|Sandstorm|[from] ability: Sand Stream|[of] p1a: Tyranitar
|move|p2a: Darmanitan|Flare Blitz|p1a: Tyranitar
|-resisted|p1a: Tyranitar
|-damage|p1a: Tyranitar|75/100
|-damage|p2a: Darmanitan|66/100|[from] Recoil
|
|-weather|Sandstorm|[upkeep]
|-damage|p2a: Darmanitan|60/100|[from] Sandstorm
|-heal|p2a: Darmanitan|66/100|[from] Grassy Terrain
|-heal|p1a: Tyranitar|81/100|[from] Grassy Terrain
|upkeep
|turn|7
|c|☆Opnoob 598ス°|Lmao
|
|t:|1666527918
|switch|p2a: Blissey|Blissey, F|100/100
|-damage|p2a: Blissey|88/100|[from] Stealth Rock
|move|p1a: Tyranitar|Rock Blast|p2a: Blissey
|-damage|p2a: Blissey|76/100
|-damage|p2a: Blissey|65/100
|-hitcount|p2a: Blissey|2
|
|-weather|Sandstorm|[upkeep]
|-damage|p2a: Blissey|59/100|[from] Sandstorm
|-heal|p1a: Tyranitar|87/100|[from] Grassy Terrain
|-heal|p2a: Blissey|65/100|[from] Grassy Terrain
|-fieldend|move: Grassy Terrain
|upkeep
|turn|8
|c|☆Ghosterol|ah
|c|☆Ghosterol|dwayne huirts
|c|☆Ghosterol|D;
|c| Snap_Countersteer|nice to see rock blast being used
|
|t:|1666527936
|switch|p1a: Smeargle|Smeargle, M|100/100
|move|p2a: Blissey|Thunder Wave|p1a: Smeargle
|-status|p1a: Smeargle|par
|
|-weather|Sandstorm|[upkeep]
|-damage|p2a: Blissey|59/100|[from] Sandstorm
|-damage|p1a: Smeargle|94/100 par|[from] Sandstorm
|upkeep
|turn|9
|c|☆Opnoob 598ス°|DONT U DARE
|
|t:|1666527948
|switch|p2a: Rillaboom|Rillaboom, M|82/100
|-damage|p2a: Rillaboom|70/100|[from] Stealth Rock
|-fieldstart|move: Grassy Terrain|[from] ability: Grassy Surge|[of] p2a: Rillaboom
|move|p1a: Smeargle|Sticky Web|p2a: Rillaboom
|-sidestart|p2: Ghosterol|move: Sticky Web
|
|-weather|Sandstorm|[upkeep]
|-damage|p2a: Rillaboom|64/100|[from] Sandstorm
|-damage|p1a: Smeargle|88/100 par|[from] Sandstorm
|-heal|p2a: Rillaboom|70/100|[from] Grassy Terrain
|-heal|p1a: Smeargle|94/100 par|[from] Grassy Terrain
|upkeep
|turn|10
|c|☆Opnoob 598ス°|GET PARALYZED
|c|☆Opnoob 598ス°|Ty
|
|t:|1666527960
|move|p2a: Rillaboom|Grassy Glide|p1a: Smeargle
|-damage|p1a: Smeargle|0 fnt
|faint|p1a: Smeargle
|
|-weather|none
|-heal|p2a: Rillaboom|76/100|[from] Grassy Terrain
|upkeep
|
|t:|1666527966
|switch|p1a: Vivillon|Vivillon, F|78/100
|turn|11
|
|t:|1666527973
|move|p2a: Rillaboom|Grassy Glide|p1a: Vivillon
|-resisted|p1a: Vivillon
|-damage|p1a: Vivillon|46/100
|move|p1a: Vivillon|Substitute|p1a: Vivillon
|-start|p1a: Vivillon|Substitute
|-damage|p1a: Vivillon|21/100
|
|-heal|p1a: Vivillon|27/100|[from] item: Leftovers
|-heal|p2a: Rillaboom|82/100|[from] Grassy Terrain
|upkeep
|turn|12
|c|☆Opnoob 598ス°|fr
|
|t:|1666527981
|move|p2a: Rillaboom|Grassy Glide|p1a: Vivillon
|-resisted|p1a: Vivillon
|-end|p1a: Vivillon|Substitute
|move|p1a: Vivillon|Hurricane|p2a: Rillaboom|[miss]
|-miss|p1a: Vivillon|p2a: Rillaboom
|
|-heal|p1a: Vivillon|33/100|[from] item: Leftovers
|-heal|p2a: Rillaboom|89/100|[from] Grassy Terrain
|upkeep
|turn|13
|
|t:|1666527991
|move|p2a: Rillaboom|Grassy Glide|p1a: Vivillon
|-resisted|p1a: Vivillon
|-damage|p1a: Vivillon|0 fnt
|faint|p1a: Vivillon
|
|-heal|p2a: Rillaboom|95/100|[from] Grassy Terrain
|-fieldend|move: Grassy Terrain
|upkeep
|c| Wrathoftheleopard|:o
|c| Joannah ✿|time to win opn
|c|☆Ghosterol|monke used plot armour
|c| Karlaaaaaa|not the monke
|c| Karlaaaaaa|noooooo
|l| YoshiXP2002
|
|t:|1666528003
|switch|p1a: Lucario|Lucario, F|100/100
|turn|14
|c| Karlaaaaaa|i mean vivillon
|
|t:|1666528008
|detailschange|p1a: Lucario|Lucario-Mega, F
|-mega|p1a: Lucario|Lucario|Lucarionite
|-start|p2a: Rillaboom|Dynamax|
|-heal|p2a: Rillaboom|95/100|[silent]
|move|p1a: Lucario|Close Combat|p2a: Rillaboom
|-damage|p2a: Rillaboom|55/100
|-unboost|p1a: Lucario|def|1
|-unboost|p1a: Lucario|spd|1
|move|p2a: Rillaboom|Max Quake|p1a: Lucario
|-supereffective|p1a: Lucario
|-damage|p1a: Lucario|0 fnt
|-boost|p2a: Rillaboom|spd|1
|faint|p1a: Lucario
|
|upkeep
|c| Karlaaaaaa|who cares about monke
|
|t:|1666528024
|switch|p1a: Tyranitar|Tyranitar, F|87/100
|-weather|Sandstorm|[from] ability: Sand Stream|[of] p1a: Tyranitar
|turn|15
|c|☆Ghosterol|remember kids
|
|t:|1666528028
|move|p2a: Rillaboom|Max Knuckle|p1a: Tyranitar
|-supereffective|p1a: Tyranitar
|-damage|p1a: Tyranitar|0 fnt
|-boost|p2a: Rillaboom|atk|1
|faint|p1a: Tyranitar
|
|-weather|Sandstorm|[upkeep]
|-damage|p2a: Rillaboom|52/100|[from] Sandstorm
|upkeep
|
|t:|1666528031
|switch|p1a: Excadrill|Excadrill, F|100/100
|-ability|p1a: Excadrill|Mold Breaker
|turn|16
|c|☆Ghosterol|monke is god
|
|t:|1666528039
|-start|p1a: Excadrill|Dynamax|
|-heal|p1a: Excadrill|100/100|[silent]
|move|p1a: Excadrill|Max Guard|p1a: Excadrill
|-singleturn|p1a: Excadrill|Max Guard
|move|p2a: Rillaboom|Max Overgrowth|p1a: Excadrill
|-activate|p1a: Excadrill|move: Max Guard
|
|-weather|Sandstorm|[upkeep]
|-damage|p2a: Rillaboom|49/100|[from] Sandstorm
|upkeep
|-end|p2a: Rillaboom|Dynamax
|-heal|p2a: Rillaboom|49/100|[silent]
|turn|17
|c|☆Opnoob 598ス°|Imagine if
|c|☆Opnoob 598ス°|My last Pokemon
|c|☆Opnoob 598ス°|Sweeps u
|c|☆Opnoob 598ス°|That hurricane miss
|c|☆Ghosterol|hes a false god
|c|☆Opnoob 598ス°|Smh..
|
|t:|1666528060
|switch|p2a: Blissey|Blissey, F|59/100
|-damage|p2a: Blissey|46/100|[from] Stealth Rock
|-activate|p2a: Blissey|move: Sticky Web
|-unboost|p2a: Blissey|spe|1
|move|p1a: Excadrill|Max Rockfall|p2a: Blissey
|-damage|p2a: Blissey|13/100
|
|-weather|Sandstorm|[upkeep]
|-damage|p2a: Blissey|7/100|[from] Sandstorm
|upkeep
|turn|18
|l| garagaming7490
|c|☆Ghosterol|kill the egg
|c| Joannah ✿|op win that
|
|t:|1666528075
|-end|p1a: Excadrill|Dynamax
|-heal|p1a: Excadrill|100/100|[silent]
|switch|p1a: Smeargle|Smeargle, F|100/100
|move|p2a: Blissey|Soft-Boiled|p2a: Blissey
|-heal|p2a: Blissey|57/100
|
|-weather|Sandstorm|[upkeep]
|-damage|p1a: Smeargle|94/100|[from] Sandstorm
|-damage|p2a: Blissey|51/100|[from] Sandstorm
|-heal|p1a: Smeargle|100/100|[from] item: Leftovers
|upkeep
|turn|19
|
|t:|1666528085
|switch|p2a: Rillaboom|Rillaboom, M|49/100
|-damage|p2a: Rillaboom|36/100|[from] Stealth Rock
|-activate|p2a: Rillaboom|move: Sticky Web
|-unboost|p2a: Rillaboom|spe|1
|-fieldstart|move: Grassy Terrain|[from] ability: Grassy Surge|[of] p2a: Rillaboom
|move|p1a: Smeargle|Substitute|p1a: Smeargle
|-start|p1a: Smeargle|Substitute
|-damage|p1a: Smeargle|76/100
|
|-weather|none
|-heal|p1a: Smeargle|82/100|[from] Grassy Terrain
|-heal|p1a: Smeargle|88/100|[from] item: Leftovers
|-heal|p2a: Rillaboom|42/100|[from] Grassy Terrain
|upkeep
|turn|20
|
|t:|1666528098
|move|p2a: Rillaboom|Grassy Glide|p1a: Smeargle
|-end|p1a: Smeargle|Substitute
|move|p1a: Smeargle|Substitute|p1a: Smeargle
|-start|p1a: Smeargle|Substitute
|-damage|p1a: Smeargle|63/100
|
|-heal|p1a: Smeargle|69/100|[from] Grassy Terrain
|-heal|p1a: Smeargle|76/100|[from] item: Leftovers
|-heal|p2a: Rillaboom|49/100|[from] Grassy Terrain
|upkeep
|turn|21
|
|t:|1666528107
|move|p2a: Rillaboom|Grassy Glide|p1a: Smeargle
|-end|p1a: Smeargle|Substitute
|move|p1a: Smeargle|Substitute|p1a: Smeargle
|-start|p1a: Smeargle|Substitute
|-damage|p1a: Smeargle|51/100
|
|-heal|p1a: Smeargle|57/100|[from] Grassy Terrain
|-heal|p1a: Smeargle|63/100|[from] item: Leftovers
|-heal|p2a: Rillaboom|55/100|[from] Grassy Terrain
|upkeep
|turn|22
|c|☆Opnoob 598ス°|Tbf this monke is just garbage
|
|t:|1666528120
|move|p2a: Rillaboom|Grassy Glide|p1a: Smeargle
|-crit|p1a: Smeargle
|-end|p1a: Smeargle|Substitute
|move|p1a: Smeargle|Substitute|p1a: Smeargle
|-start|p1a: Smeargle|Substitute
|-damage|p1a: Smeargle|38/100
|
|-heal|p1a: Smeargle|45/100|[from] Grassy Terrain
|-heal|p1a: Smeargle|51/100|[from] item: Leftovers
|-heal|p2a: Rillaboom|61/100|[from] Grassy Terrain
|upkeep
|turn|23
|j| Ad.... 067 ツ
|c|☆Opnoob 598ス°|Js got lucky
|c| Karlaaaaaa|should have learned the art of six vivillon
|
|t:|1666528130
|move|p2a: Rillaboom|Grassy Glide|p1a: Smeargle
|-end|p1a: Smeargle|Substitute
|move|p1a: Smeargle|Substitute|p1a: Smeargle
|-start|p1a: Smeargle|Substitute
|-damage|p1a: Smeargle|26/100
|
|-heal|p1a: Smeargle|32/100|[from] Grassy Terrain
|-heal|p1a: Smeargle|38/100|[from] item: Leftovers
|-heal|p2a: Rillaboom|67/100|[from] Grassy Terrain
|-fieldend|move: Grassy Terrain
|upkeep
|turn|24
|
|t:|1666528139
|move|p1a: Smeargle|Shell Smash|p1a: Smeargle
|-unboost|p1a: Smeargle|def|1
|-unboost|p1a: Smeargle|spd|1
|-boost|p1a: Smeargle|atk|2
|-boost|p1a: Smeargle|spa|2
|-boost|p1a: Smeargle|spe|2
|move|p2a: Rillaboom|Grassy Glide|p1a: Smeargle
|-end|p1a: Smeargle|Substitute
|
|-heal|p1a: Smeargle|45/100|[from] item: Leftovers
|upkeep
|turn|25
|j| Mayleeeeee
|c|☆Ghosterol|dont u dare baton pass
|
|t:|1666528152
|move|p1a: Smeargle|Power Trip|p2a: Rillaboom
|-damage|p2a: Rillaboom|38/100
|move|p2a: Rillaboom|Grassy Glide|p1a: Smeargle
|-damage|p1a: Smeargle|0 fnt
|faint|p1a: Smeargle
|
|upkeep
|
|t:|1666528156
|switch|p1a: Excadrill|Excadrill, F|100/100
|-ability|p1a: Excadrill|Mold Breaker
|turn|26
|c|☆Opnoob 598ス°|I won't
|
|t:|1666528162
|move|p1a: Excadrill|Rock Tomb|p2a: Rillaboom
|-damage|p2a: Rillaboom|19/100
|-unboost|p2a: Rillaboom|spe|1
|move|p2a: Rillaboom|Grassy Glide|p1a: Excadrill
|-damage|p1a: Excadrill|21/100
|
|upkeep
|turn|27
|c| Wrathoftheleopard|it was something far more sinister than baton pass
|c|☆Opnoob 598ス°|Im funni smeargle
|
|t:|1666528172
|switch|p2a: Gengar|Gengar, M, shiny|100/100
|-damage|p2a: Gengar|88/100|[from] Stealth Rock
|-activate|p2a: Gengar|move: Sticky Web
|-unboost|p2a: Gengar|spe|1
|move|p1a: Excadrill|Rock Tomb|p2a: Gengar
|-damage|p2a: Gengar|45/100
|-unboost|p2a: Gengar|spe|1
|-start|p1a: Excadrill|Disable|Rock Tomb|[from] ability: Cursed Body|[of] p2a: Gengar
|
|upkeep
|turn|28
|c|☆Opnoob 598ス°|Uk
|c| Joannah ✿|damn
|c|☆Opnoob 598ス°|If hurricane it
|l| Joannah ✿
|
|t:|1666528183
|detailschange|p2a: Gengar|Gengar-Mega, M, shiny
|-mega|p2a: Gengar|Gengar|Gengarite
|move|p1a: Excadrill|Earthquake|p2a: Gengar
|-supereffective|p2a: Gengar
|-damage|p2a: Gengar|0 fnt
|faint|p2a: Gengar
|
|upkeep
|c|☆Opnoob 598ス°|U would have lost lol
|
|t:|1666528188
|switch|p2a: Rillaboom|Rillaboom, M|19/100
|-damage|p2a: Rillaboom|7/100|[from] Stealth Rock
|-activate|p2a: Rillaboom|move: Sticky Web
|-unboost|p2a: Rillaboom|spe|1
|-fieldstart|move: Grassy Terrain|[from] ability: Grassy Surge|[of] p2a: Rillaboom
|turn|29
|
|t:|1666528196
|move|p2a: Rillaboom|Grassy Glide|p1a: Excadrill
|-damage|p1a: Excadrill|0 fnt
|faint|p1a: Excadrill
|
|win|Ghosterol
|n|☆Opnoob 598ス°|opnoob598
|n|☆Ghosterol|ghosterol
|n| Karlaaaaaa|karlaaaaaa
|n| Wrathoftheleopard|wrathoftheleopard
|n| Snap_Countersteer|snapcountersteer
|n| Ad.... 067 ツ|ad067
|n| Mayleeeeee|mayleeeeee
