|j|☆The AlphaOm3ga
|j|☆Glaliegoesboom ❤
|t:|1661339115
|gametype|singles
|player|p1|The AlphaOm3ga|lance-masters|
|player|p2|Glaliegoesboom ❤|cynthia-masters|
|teamsize|p1|6
|teamsize|p2|6
|gen|8
|tier|[Gen 8] National Dex AG
|rule|HP Percentage Mod: HP is shown in percentages
|rule|Endless Battle Clause: Forcing endless battles is banned
|clearpoke
|poke|p1|Salamence, M|
|poke|p1|Ho-Oh|
|poke|p1|Giratina|
|poke|p1|Dragonite, M|
|poke|p1|Gastrodon, F|
|poke|p1|Ferrothorn, M|
|poke|p2|Urshifu-*, F|
|poke|p2|Garchomp, M|
|poke|p2|Dialga|
|poke|p2|Dracozolt|
|poke|p2|Jellicent, F|
|poke|p2|Hippowdon, F|
|teampreview
|inactive|Battle timer is ON: inactive players will automatically lose when time's up. (requested by The AlphaOm3ga)
|inactive|Glaliegoesboom ❤ also wants the timer to be on.
|
|t:|1661339129
|start
|switch|p1a: Salamence|Salamence, M|100/100
|switch|p2a: Urshifu|Urshifu, F|100/100
|-ability|p1a: Salamence|Intimidate|boost
|-unboost|p2a: Urshifu|atk|1
|turn|1
|
|t:|1661339137
|switch|p2a: Hippowdon|Hippowdon, F|100/100
|-weather|Sandstorm|[from] ability: Sand Stream|[of] p2a: Hippowdon
|detailschange|p1a: Salamence|Salamence-Mega, M
|-mega|p1a: Salamence|Salamence|Salamencite
|move|p1a: Salamence|Substitute|p1a: Salamence
|-start|p1a: Salamence|Substitute
|-damage|p1a: Salamence|76/100
|
|-weather|Sandstorm|[upkeep]
|-damage|p1a: Salamence|70/100|[from] Sandstorm
|upkeep
|turn|2
|
|t:|1661339140
|move|p1a: Salamence|Dragon Dance|p1a: Salamence
|-boost|p1a: Salamence|atk|1
|-boost|p1a: Salamence|spe|1
|move|p2a: Hippowdon|Whirlwind|p1a: Salamence
|drag|p1a: Giratina|Giratina|100/100
|-ability|p1a: Giratina|Pressure
|
|-weather|Sandstorm|[upkeep]
|-damage|p1a: Giratina|94/100|[from] Sandstorm
|upkeep
|turn|3
|
|t:|1661339147
|switch|p2a: Dialga|Dialga|100/100
|-ability|p2a: Dialga|Pressure
|move|p1a: Giratina|Toxic|p2a: Dialga
|-immune|p2a: Dialga
|
|-weather|Sandstorm|[upkeep]
|-damage|p1a: Giratina|88/100|[from] Sandstorm
|upkeep
|turn|4
|
|t:|1661339150
|switch|p1a: Gastrodon|Gastrodon, F|100/100
|move|p2a: Dialga|Dragon Pulse|p1a: Gastrodon
|-crit|p1a: Gastrodon
|-damage|p1a: Gastrodon|48/100
|
|-weather|Sandstorm|[upkeep]
|upkeep
|turn|5
|
|t:|1661339155
|move|p2a: Dialga|Hidden Power|p1a: Gastrodon
|-supereffective|p1a: Gastrodon
|-enditem|p1a: Gastrodon|Rindo Berry|[eat]
|-enditem|p1a: Gastrodon|Rindo Berry|[weaken]
|-damage|p1a: Gastrodon|14/100
|move|p1a: Gastrodon|Recover|p1a: Gastrodon
|-heal|p1a: Gastrodon|64/100
|
|-weather|none
|upkeep
|turn|6
|
|t:|1661339159
|switch|p1a: Ho-Oh|Ho-Oh|100/100
|move|p2a: Dialga|Hidden Power|p1a: Ho-Oh
|-resisted|p1a: Ho-Oh
|-damage|p1a: Ho-Oh|96/100
|
|upkeep
|turn|7
|
|t:|1661339161
|move|p1a: Ho-Oh|Earthquake|p2a: Dialga
|-supereffective|p2a: Dialga
|-damage|p2a: Dialga|45/100
|move|p2a: Dialga|Stone Edge|p1a: Ho-Oh
|-supereffective|p1a: Ho-Oh
|-damage|p1a: Ho-Oh|0 fnt
|faint|p1a: Ho-Oh
|
|upkeep
|
|t:|1661339170
|switch|p1a: Dragonite|Dragonite, M|100/100
|turn|8
|
|t:|1661339178
|switch|p2a: Jellicent|Jellicent, F|100/100
|move|p1a: Dragonite|Dragon Dance|p1a: Dragonite
|-boost|p1a: Dragonite|atk|1
|-boost|p1a: Dragonite|spe|1
|
|upkeep
|turn|9
|
|t:|1661339184
|switch|p1a: Salamence|Salamence-Mega, M|70/100
|move|p2a: Jellicent|Will-O-Wisp|p1a: Salamence
|-status|p1a: Salamence|brn
|
|-damage|p1a: Salamence|64/100 brn|[from] brn
|upkeep
|turn|10
|
|t:|1661339187
|move|p1a: Salamence|Facade|p2a: Jellicent
|-damage|p2a: Jellicent|19/100
|move|p2a: Jellicent|Ice Beam|p1a: Salamence
|-supereffective|p1a: Salamence
|-damage|p1a: Salamence|0 fnt
|faint|p1a: Salamence
|
|-heal|p2a: Jellicent|25/100|[from] item: Leftovers
|upkeep
|
|t:|1661339192
|switch|p1a: Dragonite|Dragonite, M|100/100
|turn|11
|
|t:|1661339195
|move|p1a: Dragonite|Thunder Punch|p2a: Jellicent
|-supereffective|p2a: Jellicent
|-damage|p2a: Jellicent|0 fnt
|faint|p2a: Jellicent
|
|upkeep
|
|t:|1661339202
|switch|p2a: Hippowdon|Hippowdon, F|100/100
|-weather|Sandstorm|[from] ability: Sand Stream|[of] p2a: Hippowdon
|turn|12
|
|t:|1661339208
|move|p1a: Dragonite|Dragon Dance|p1a: Dragonite
|-boost|p1a: Dragonite|atk|1
|-boost|p1a: Dragonite|spe|1
|move|p2a: Hippowdon|Fire Fang|p1a: Dragonite
|-resisted|p1a: Dragonite
|-damage|p1a: Dragonite|96/100
|
|-weather|Sandstorm|[upkeep]
|-damage|p1a: Dragonite|90/100|[from] Sandstorm
|upkeep
|turn|13
|
|t:|1661339212
|-start|p1a: Dragonite|Dynamax|
|-heal|p1a: Dragonite|90/100|[silent]
|move|p1a: Dragonite|Max Hailstorm|p2a: Hippowdon
|-supereffective|p2a: Hippowdon
|-damage|p2a: Hippowdon|0 fnt
|-weather|Hail
|faint|p2a: Hippowdon
|
|-weather|Hail|[upkeep]
|-damage|p1a: Dragonite|87/100|[from] Hail
|upkeep
|
|t:|1661339230
|switch|p2a: Urshifu|Urshifu, F|100/100
|turn|14
|
|t:|1661339237
|move|p1a: Dragonite|Max Hailstorm|p2a: Urshifu
|-crit|p2a: Urshifu
|-damage|p2a: Urshifu|0 fnt
|faint|p2a: Urshifu
|
|-weather|Hail|[upkeep]
|-damage|p1a: Dragonite|83/100|[from] Hail
|upkeep
|
|t:|1661339242
|switch|p2a: Dialga|Dialga|45/100
|-ability|p2a: Dialga|Pressure
|turn|15
|
|t:|1661339248
|-start|p2a: Dialga|Dynamax|
|-heal|p2a: Dialga|45/100|[silent]
|move|p1a: Dragonite|Max Quake|p2a: Dialga
|-supereffective|p2a: Dialga
|-damage|p2a: Dialga|0 fnt
|-boost|p1a: Dragonite|spd|1
|faint|p2a: Dialga
|
|-weather|Hail|[upkeep]
|-damage|p1a: Dragonite|80/100|[from] Hail
|upkeep
|
|t:|1661339252
|switch|p2a: Garchomp|Garchomp, M|100/100
|-end|p1a: Dragonite|Dynamax
|-heal|p1a: Dragonite|80/100|[silent]
|turn|16
|c|☆The AlphaOm3ga|Expert bell
|c|☆The AlphaOm3ga|jolly
|c|☆The AlphaOm3ga|ada i mean
|
|t:|1661339265
|detailschange|p2a: Garchomp|Garchomp-Mega, M
|-mega|p2a: Garchomp|Garchomp|Garchompite
|move|p1a: Dragonite|Ice Punch|p2a: Garchomp
|-supereffective|p2a: Garchomp
|-damage|p2a: Garchomp|0 fnt
|faint|p2a: Garchomp
|
|-weather|Hail|[upkeep]
|-damage|p1a: Dragonite|74/100|[from] Hail
|upkeep
|c|☆Glaliegoesboom ❤|Gg
|c|☆The AlphaOm3ga|Ggwp
|c|☆Glaliegoesboom ❤|i want to say that crit on urshifu mattered
|-message|Glaliegoesboom ❤ forfeited.
|
|win|The AlphaOm3ga
|l|☆Glaliegoesboom ❤
|c|☆The AlphaOm3ga|It did
