|j|☆hanwujiwandou
|j|☆CLEAR GEM清瑜
|t:|1664680098
|gametype|singles
|player|p1|hanwujiwandou|lillie-z|1787
|player|p2|CLEAR GEM清瑜|skierf|1814
|teamsize|p1|6
|teamsize|p2|6
|gen|8
|tier|[Gen 8] National Dex AG
|rated|
|rule|HP Percentage Mod: HP is shown in percentages
|rule|Endless Battle Clause: Forcing endless battles is banned
|clearpoke
|poke|p1|Zacian-*|
|poke|p1|Ho-Oh|
|poke|p1|Groudon|
|poke|p1|Calyrex-Shadow|
|poke|p1|Yveltal|
|poke|p1|Rayquaza|
|poke|p2|Rayquaza|
|poke|p2|Groudon|
|poke|p2|Necrozma-Dusk-Mane|
|poke|p2|Arceus-*|
|poke|p2|Zacian-*|
|poke|p2|Yveltal|
|teampreview
|inactive|Battle timer is ON: inactive players will automatically lose when time's up. (requested by CLEAR GEM清瑜)
|inactive|hanwujiwandou also wants the timer to be on.
|
|t:|1664680112
|start
|switch|p1a: Ho-Oh|Ho-Oh|100/100
|switch|p2a: 不会(?)|Groudon|100/100
|detailschange|p2a: 不会(?)|Groudon-Primal
|-primal|p2a: 不会(?)
|-weather|DesolateLand|[from] ability: Desolate Land|[of] p2a: 不会(?)
|turn|1
|c|☆CLEAR GEM清瑜|?又是你
|c|☆hanwujiwandou|啊这
|
|t:|1664680124
|move|p1a: Ho-Oh|Toxic|p2a: 不会(?)
|-status|p2a: 不会(?)|tox
|move|p2a: 不会(?)|Heat Crash|p1a: Ho-Oh
|-resisted|p1a: Ho-Oh
|-damage|p1a: Ho-Oh|59/100
|
|-weather|DesolateLand|[upkeep]
|-damage|p2a: 不会(?)|94/100 tox|[from] psn
|upkeep
|turn|2
|
|t:|1664680131
|switch|p1a: Rayquaza|Rayquaza|100/100
|-ability|p1a: Rayquaza|Air Lock
|move|p2a: 不会(?)|Heat Crash|p1a: Rayquaza
|-resisted|p1a: Rayquaza
|-damage|p1a: Rayquaza|64/100
|
|-weather|DesolateLand|[upkeep]
|-damage|p2a: 不会(?)|82/100 tox|[from] psn
|upkeep
|turn|3
|
|t:|1664680140
|detailschange|p1a: Rayquaza|Rayquaza-Mega
|-mega|p1a: Rayquaza|Rayquaza|
|-weather|DeltaStream|[from] ability: Delta Stream|[of] p1a: Rayquaza
|move|p1a: Rayquaza|Waterfall|p2a: 不会(?)
|-supereffective|p2a: 不会(?)
|-damage|p2a: 不会(?)|0 fnt
|faint|p2a: 不会(?)
|
|-weather|DeltaStream|[upkeep]
|upkeep
|
|t:|1664680146
|switch|p2a: 嘉然小姐的狗|Zacian-Crowned|100/100
|-ability|p2a: 嘉然小姐的狗|Intrepid Sword|boost
|-boost|p2a: 嘉然小姐的狗|atk|1
|turn|4
|
|t:|1664680150
|-weather|none
|switch|p1a: Groudon|Groudon|100/100
|detailschange|p1a: Groudon|Groudon-Primal
|-primal|p1a: Groudon
|-weather|DesolateLand|[from] ability: Desolate Land|[of] p1a: Groudon
|switch|p2a: Y鸟|Yveltal|100/100
|-ability|p2a: Y鸟|Dark Aura
|
|-weather|DesolateLand|[upkeep]
|upkeep
|turn|5
|
|t:|1664680156
|move|p1a: Groudon|Stone Edge|p2a: Y鸟
|-supereffective|p2a: Y鸟
|-damage|p2a: Y鸟|18/100
|move|p2a: Y鸟|Taunt|p1a: Groudon
|-start|p1a: Groudon|move: Taunt
|
|-weather|DesolateLand|[upkeep]
|upkeep
|turn|6
|
|t:|1664680163
|move|p1a: Groudon|Heat Crash|p2a: Y鸟
|-damage|p2a: Y鸟|0 fnt
|faint|p2a: Y鸟
|
|-weather|DesolateLand|[upkeep]
|upkeep
|
|t:|1664680164
|switch|p2a: 钢铁之躯|Necrozma-Dusk-Mane|100/100
|turn|7
|
|t:|1664680168
|detailschange|p2a: 钢铁之躯|Necrozma-Ultra
|-burst|p2a: 钢铁之躯|Necrozma|Ultranecrozium Z
|move|p2a: 钢铁之躯|Dragon Dance|p2a: 钢铁之躯
|-boost|p2a: 钢铁之躯|atk|1
|-boost|p2a: 钢铁之躯|spe|1
|move|p1a: Groudon|Precipice Blades|p2a: 钢铁之躯
|-damage|p2a: 钢铁之躯|27/100
|
|-weather|DesolateLand|[upkeep]
|upkeep
|turn|8
|
|t:|1664680172
|move|p2a: 钢铁之躯|Earthquake|p1a: Groudon
|-supereffective|p1a: Groudon
|-damage|p1a: Groudon|0 fnt
|faint|p1a: Groudon
|-weather|none
|
|upkeep
|
|t:|1664680176
|switch|p1a: Calyrex|Calyrex-Shadow|100/100
|-ability|p1a: Calyrex|As One
|-ability|p1a: Calyrex|Unnerve
|turn|9
|
|t:|1664680178
|move|p1a: Calyrex|Astral Barrage|p2a: 钢铁之躯
|-supereffective|p2a: 钢铁之躯
|-damage|p2a: 钢铁之躯|0 fnt
|faint|p2a: 钢铁之躯
|-ability|p1a: Calyrex|Grim Neigh|boost
|-boost|p1a: Calyrex|spa|1
|
|upkeep
|
|t:|1664680180
|switch|p2a: 老烈|Rayquaza, shiny|100/100
|-ability|p2a: 老烈|Air Lock
|turn|10
|
|t:|1664680184
|detailschange|p2a: 老烈|Rayquaza-Mega, shiny
|-mega|p2a: 老烈|Rayquaza|
|-weather|DeltaStream|[from] ability: Delta Stream|[of] p2a: 老烈
|move|p1a: Calyrex|Astral Barrage|p2a: 老烈
|-enditem|p2a: 老烈|Focus Sash
|-damage|p2a: 老烈|1/100
|move|p2a: 老烈|Dragon Ascent|p1a: Calyrex
|-damage|p1a: Calyrex|0 fnt
|-unboost|p2a: 老烈|def|1
|-unboost|p2a: 老烈|spd|1
|faint|p1a: Calyrex
|
|-weather|DeltaStream|[upkeep]
|upkeep
|
|t:|1664680194
|switch|p1a: Zacian|Zacian-Crowned|100/100
|-ability|p1a: Zacian|Intrepid Sword|boost
|-boost|p1a: Zacian|atk|1
|turn|11
|
|t:|1664680197
|move|p2a: 老烈|Extreme Speed|p1a: Zacian
|-resisted|p1a: Zacian
|-damage|p1a: Zacian|81/100
|move|p1a: Zacian|Quick Attack|p2a: 老烈
|-damage|p2a: 老烈|0 fnt
|faint|p2a: 老烈
|-weather|none
|
|upkeep
|
|t:|1664680200
|switch|p2a: 嘉然小姐的狗|Zacian-Crowned|100/100
|-ability|p2a: 嘉然小姐的狗|Intrepid Sword|boost
|-boost|p2a: 嘉然小姐的狗|atk|1
|turn|12
|
|t:|1664680202
|switch|p1a: Ho-Oh|Ho-Oh|93/100
|move|p2a: 嘉然小姐的狗|Behemoth Blade|p1a: Ho-Oh
|-resisted|p1a: Ho-Oh
|-damage|p1a: Ho-Oh|63/100
|
|upkeep
|turn|13
|
|t:|1664680204
|move|p2a: 嘉然小姐的狗|Wild Charge|p1a: Ho-Oh
|-supereffective|p1a: Ho-Oh
|-damage|p1a: Ho-Oh|0 fnt
|faint|p1a: Ho-Oh
|-damage|p2a: 嘉然小姐的狗|84/100|[from] Recoil
|
|upkeep
|
|t:|1664680208
|switch|p1a: Rayquaza|Rayquaza-Mega|64/100
|-weather|DeltaStream|[from] ability: Delta Stream|[of] p1a: Rayquaza
|turn|14
|
|t:|1664680209
|move|p1a: Rayquaza|V-create|p2a: 嘉然小姐的狗
|-supereffective|p2a: 嘉然小姐的狗
|-crit|p2a: 嘉然小姐的狗
|-damage|p2a: 嘉然小姐的狗|0 fnt
|-unboost|p1a: Rayquaza|spe|1
|-unboost|p1a: Rayquaza|def|1
|-unboost|p1a: Rayquaza|spd|1
|faint|p2a: 嘉然小姐的狗
|
|-weather|DeltaStream|[upkeep]
|upkeep
|
|t:|1664680211
|switch|p2a: 悬空羊驼|Arceus-Flying|100/100
|turn|15
|c|☆hanwujiwandou|配置都被看透了
|
|t:|1664680223
|-weather|none
|switch|p1a: Yveltal|Yveltal|100/100
|-ability|p1a: Yveltal|Dark Aura
|-start|p2a: 悬空羊驼|Dynamax|
|-heal|p2a: 悬空羊驼|100/100|[silent]
|move|p2a: 悬空羊驼|Max Airstream|p1a: Yveltal
|-damage|p1a: Yveltal|51/100
|-boost|p2a: 悬空羊驼|spe|1
|
|upkeep
|turn|16
|
|t:|1664680233
|-start|p1a: Yveltal|Dynamax|
|-heal|p1a: Yveltal|51/100|[silent]
|move|p2a: 悬空羊驼|Max Airstream|p1a: Yveltal
|-damage|p1a: Yveltal|28/100
|-boost|p2a: 悬空羊驼|spe|1
|move|p1a: Yveltal|Max Airstream|p2a: 悬空羊驼
|-damage|p2a: 悬空羊驼|75/100
|-boost|p1a: Yveltal|spe|1
|
|upkeep
|turn|17
|
|t:|1664680240
|move|p2a: 悬空羊驼|Max Guard|p2a: 悬空羊驼
|-singleturn|p2a: 悬空羊驼|Max Guard
|move|p1a: Yveltal|Max Darkness|p2a: 悬空羊驼
|-activate|p2a: 悬空羊驼|move: Max Guard
|
|upkeep
|-end|p2a: 悬空羊驼|Dynamax
|-heal|p2a: 悬空羊驼|75/100|[silent]
|turn|18
|
|t:|1664680243
|move|p2a: 悬空羊驼|Calm Mind|p2a: 悬空羊驼
|-boost|p2a: 悬空羊驼|spa|1
|-boost|p2a: 悬空羊驼|spd|1
|move|p1a: Yveltal|Max Darkness|p2a: 悬空羊驼
|-damage|p2a: 悬空羊驼|24/100
|-unboost|p2a: 悬空羊驼|spd|1
|
|upkeep
|-end|p1a: Yveltal|Dynamax
|-heal|p1a: Yveltal|28/100|[silent]
|turn|19
|
|t:|1664680249
|move|p2a: 悬空羊驼|Recover|p2a: 悬空羊驼
|-heal|p2a: 悬空羊驼|74/100
|move|p1a: Yveltal|Dark Pulse|p2a: 悬空羊驼
|-damage|p2a: 悬空羊驼|31/100
|
|upkeep
|turn|20
|
|t:|1664680252
|move|p2a: 悬空羊驼|Calm Mind|p2a: 悬空羊驼
|-boost|p2a: 悬空羊驼|spa|1
|-boost|p2a: 悬空羊驼|spd|1
|move|p1a: Yveltal|Oblivion Wing|p2a: 悬空羊驼
|-damage|p2a: 悬空羊驼|10/100
|-heal|p1a: Yveltal|45/100|[from] drain|[of] p2a: 悬空羊驼
|
|upkeep
|turn|21
|
|t:|1664680258
|move|p2a: 悬空羊驼|Recover|p2a: 悬空羊驼
|-heal|p2a: 悬空羊驼|60/100
|move|p1a: Yveltal|Dark Pulse|p2a: 悬空羊驼
|-damage|p2a: 悬空羊驼|33/100
|
|upkeep
|turn|22
|
|t:|1664680266
|switch|p1a: Rayquaza|Rayquaza-Mega|64/100
|-weather|DeltaStream|[from] ability: Delta Stream|[of] p1a: Rayquaza
|move|p2a: 悬空羊驼|Recover|p2a: 悬空羊驼
|-heal|p2a: 悬空羊驼|83/100
|
|-weather|DeltaStream|[upkeep]
|upkeep
|turn|23
|
|t:|1664680270
|move|p2a: 悬空羊驼|Judgment|p1a: Rayquaza
|-damage|p1a: Rayquaza|0 fnt
|faint|p1a: Rayquaza
|-weather|none
|
|upkeep
|
|t:|1664680276
|switch|p1a: Zacian|Zacian-Crowned|81/100
|-ability|p1a: Zacian|Intrepid Sword|boost
|-boost|p1a: Zacian|atk|1
|turn|24
|
|t:|1664680278
|move|p2a: 悬空羊驼|Earth Power|p1a: Zacian
|-supereffective|p1a: Zacian
|-damage|p1a: Zacian|0 fnt
|faint|p1a: Zacian
|
|upkeep
|
|t:|1664680281
|switch|p1a: Yveltal|Yveltal|45/100
|-ability|p1a: Yveltal|Dark Aura
|turn|25
|c|☆CLEAR GEM清瑜|gg
|
|t:|1664680286
|move|p1a: Yveltal|Sucker Punch|p2a: 悬空羊驼
|-damage|p2a: 悬空羊驼|56/100
|move|p2a: 悬空羊驼|Judgment|p1a: Yveltal
|-damage|p1a: Yveltal|0 fnt
|faint|p1a: Yveltal
|
|win|CLEAR GEM清瑜
|raw|hanwujiwandou's rating: 1787 &rarr; <strong>1769</strong><br />(-18 for losing)
|raw|CLEAR GEM清瑜's rating: 1814 &rarr; <strong>1832</strong><br />(+18 for winning)
|l|☆hanwujiwandou
||Ladder isn't responding, score probably updated but might not have (Request timeout).
