|j|☆Danimoshi2
|j|‽Pokeashbattle
|t:|1641393917
|gametype|singles
|player|p1|Danimoshi2|lucas|1124
|player|p2|Pokeashbattle|swimmerf-gen4|1155
|teamsize|p1|6
|teamsize|p2|6
|gen|8
|tier|[Gen 8] National Dex AG
|rated|
|rule|HP Percentage Mod: HP is shown in percentages
|rule|Endless Battle Clause: Forcing endless battles is banned
|clearpoke
|poke|p1|Venusaur, M|
|poke|p1|Nidoking, M|
|poke|p1|Starmie|
|poke|p1|Dodrio, M|
|poke|p1|Jolteon, F|
|poke|p1|Snorlax, F|
|poke|p2|Ninjask, F|
|poke|p2|Drifblim, M|
|poke|p2|Hatterene, F|
|poke|p2|Bellossom, F|
|poke|p2|Dubwool, F|
|poke|p2|Jigglypuff, M|
|teampreview
|inactive|Battle timer is ON: inactive players will automatically lose when time's up. (requested by Pokeashbattle)
|
|t:|1641393933
|start
|switch|p1a: Patrick|Starmie, shiny|100/100
|switch|p2a: Ninjask|Ninjask, F|100/100
|turn|1
|
|t:|1641393938
|move|p2a: Ninjask|Substitute|p2a: Ninjask
|-start|p2a: Ninjask|Substitute
|-damage|p2a: Ninjask|76/100
|move|p1a: Patrick|Ice Beam|p2a: Ninjask
|-supereffective|p2a: Ninjask
|-end|p2a: Ninjask|Substitute
|-damage|p1a: Patrick|91/100|[from] item: Life Orb
|
|-heal|p2a: Ninjask|82/100|[from] item: Leftovers
|-ability|p2a: Ninjask|Speed Boost|boost
|-boost|p2a: Ninjask|spe|1
|upkeep
|turn|2
|
|t:|1641393946
|move|p2a: Ninjask|Substitute|p2a: Ninjask
|-start|p2a: Ninjask|Substitute
|-damage|p2a: Ninjask|57/100
|move|p1a: Patrick|Rapid Spin|p2a: Ninjask
|-end|p2a: Ninjask|Substitute
|-boost|p1a: Patrick|spe|1
|-damage|p1a: Patrick|81/100|[from] item: Life Orb
|
|-heal|p2a: Ninjask|63/100|[from] item: Leftovers
|-ability|p2a: Ninjask|Speed Boost|boost
|-boost|p2a: Ninjask|spe|1
|upkeep
|turn|3
|
|t:|1641393952
|move|p2a: Ninjask|Protect|p2a: Ninjask
|-singleturn|p2a: Ninjask|Protect
|move|p1a: Patrick|Rapid Spin|p2a: Ninjask
|-activate|p2a: Ninjask|move: Protect
|
|-heal|p2a: Ninjask|69/100|[from] item: Leftovers
|-ability|p2a: Ninjask|Speed Boost|boost
|-boost|p2a: Ninjask|spe|1
|upkeep
|turn|4
|
|t:|1641393959
|move|p2a: Ninjask|Substitute|p2a: Ninjask
|-start|p2a: Ninjask|Substitute
|-damage|p2a: Ninjask|44/100
|move|p1a: Patrick|Rapid Spin|p2a: Ninjask
|-end|p2a: Ninjask|Substitute
|-boost|p1a: Patrick|spe|1
|-damage|p1a: Patrick|71/100|[from] item: Life Orb
|
|-heal|p2a: Ninjask|50/100|[from] item: Leftovers
|-ability|p2a: Ninjask|Speed Boost|boost
|-boost|p2a: Ninjask|spe|1
|upkeep
|turn|5
|
|t:|1641393975
|move|p2a: Ninjask|Protect|p2a: Ninjask
|-singleturn|p2a: Ninjask|Protect
|move|p1a: Patrick|Rapid Spin|p2a: Ninjask
|-activate|p2a: Ninjask|move: Protect
|
|-heal|p2a: Ninjask|57/100|[from] item: Leftovers
|-ability|p2a: Ninjask|Speed Boost|boost
|-boost|p2a: Ninjask|spe|1
|upkeep
|turn|6
|
|t:|1641393985
|move|p2a: Ninjask|Baton Pass|p2a: Ninjask
|
|t:|1641393993
|switch|p2a: Hatterene|Hatterene, F|100/100|[from]move: Baton Pass
|move|p1a: Patrick|Rapid Spin|p2a: Hatterene
|-damage|p2a: Hatterene|89/100
|-boost|p1a: Patrick|spe|1
|-damage|p1a: Patrick|61/100|[from] item: Life Orb
|
|-heal|p2a: Hatterene|95/100|[from] item: Leftovers
|upkeep
|turn|7
|
|t:|1641394005
|move|p1a: Patrick|Hydro Pump|p2a: Hatterene
|-damage|p2a: Hatterene|28/100
|-damage|p1a: Patrick|51/100|[from] item: Life Orb
|move|p2a: Hatterene|Thunder Wave|p1a: Patrick
|-status|p1a: Patrick|par
|
|-heal|p2a: Hatterene|34/100|[from] item: Leftovers
|upkeep
|turn|8
|
|t:|1641394016
|cant|p1a: Patrick|par
|move|p2a: Hatterene|Baton Pass|p2a: Hatterene
|
|t:|1641394020
|switch|p2a: Bellossom|Bellossom, F|100/100|[from]move: Baton Pass
|
|upkeep
|turn|9
|
|t:|1641394027
|move|p2a: Bellossom|Quiver Dance|p2a: Bellossom
|-boost|p2a: Bellossom|spa|1
|-boost|p2a: Bellossom|spd|1
|-boost|p2a: Bellossom|spe|1
|cant|p1a: Patrick|par
|
|upkeep
|turn|10
|
|t:|1641394034
|move|p2a: Bellossom|Ingrain|p2a: Bellossom
|-start|p2a: Bellossom|move: Ingrain
|move|p1a: Patrick|Ice Beam|p2a: Bellossom
|-supereffective|p2a: Bellossom
|-damage|p2a: Bellossom|42/100
|-damage|p1a: Patrick|41/100 par|[from] item: Life Orb
|
|-heal|p2a: Bellossom|48/100|[from] item: Leftovers
|-heal|p2a: Bellossom|54/100|[from] Ingrain
|upkeep
|turn|11
|
|t:|1641394044
|move|p2a: Bellossom|Quiver Dance|p2a: Bellossom
|-boost|p2a: Bellossom|spa|1
|-boost|p2a: Bellossom|spd|1
|-boost|p2a: Bellossom|spe|0
|cant|p1a: Patrick|par
|
|-heal|p2a: Bellossom|60/100|[from] item: Leftovers
|-heal|p2a: Bellossom|67/100|[from] Ingrain
|upkeep
|turn|12
|
|t:|1641394051
|move|p2a: Bellossom|Quiver Dance|p2a: Bellossom
|-boost|p2a: Bellossom|spa|1
|-boost|p2a: Bellossom|spd|1
|-boost|p2a: Bellossom|spe|0
|move|p1a: Patrick|Ice Beam|p2a: Bellossom
|-supereffective|p2a: Bellossom
|-damage|p2a: Bellossom|33/100
|-damage|p1a: Patrick|31/100 par|[from] item: Life Orb
|
|-heal|p2a: Bellossom|39/100|[from] item: Leftovers
|-heal|p2a: Bellossom|45/100|[from] Ingrain
|upkeep
|turn|13
|
|t:|1641394058
|move|p2a: Bellossom|Substitute|p2a: Bellossom
|-start|p2a: Bellossom|Substitute
|-damage|p2a: Bellossom|20/100
|move|p1a: Patrick|Ice Beam|p2a: Bellossom
|-supereffective|p2a: Bellossom
|-end|p2a: Bellossom|Substitute
|-damage|p1a: Patrick|21/100 par|[from] item: Life Orb
|
|-heal|p2a: Bellossom|26/100|[from] item: Leftovers
|-heal|p2a: Bellossom|33/100|[from] Ingrain
|upkeep
|turn|14
|
|t:|1641394070
|move|p2a: Bellossom|Quiver Dance|p2a: Bellossom
|-boost|p2a: Bellossom|spa|1
|-boost|p2a: Bellossom|spd|1
|-boost|p2a: Bellossom|spe|0
|move|p1a: Patrick|Ice Beam|p2a: Bellossom
|-supereffective|p2a: Bellossom
|-damage|p2a: Bellossom|6/100
|-damage|p1a: Patrick|11/100 par|[from] item: Life Orb
|
|-heal|p2a: Bellossom|12/100|[from] item: Leftovers
|-heal|p2a: Bellossom|19/100|[from] Ingrain
|upkeep
|turn|15
|
|t:|1641394078
|-start|p1a: Patrick|Dynamax
|-heal|p1a: Patrick|11/100 par|[silent]
|move|p2a: Bellossom|Baton Pass|p2a: Bellossom
|
|t:|1641394082
|switch|p2a: Dubwool|Dubwool, F|100/100|[from]move: Baton Pass
|move|p1a: Patrick|Max Hailstorm|p2a: Dubwool
|-damage|p2a: Dubwool|85/100
|-weather|Hail
|-damage|p1a: Patrick|6/100 par|[from] item: Life Orb
|
|-weather|Hail|[upkeep]
|-damage|p2a: Dubwool|79/100|[from] Hail
|-damage|p1a: Patrick|3/100 par|[from] Hail
|-heal|p2a: Dubwool|85/100|[from] item: Leftovers
|-heal|p2a: Dubwool|91/100|[from] Ingrain
|upkeep
|turn|16
|
|t:|1641394091
|move|p2a: Dubwool|Substitute|p2a: Dubwool
|-start|p2a: Dubwool|Substitute
|-damage|p2a: Dubwool|66/100
|move|p1a: Patrick|Max Geyser|p2a: Dubwool
|-end|p2a: Dubwool|Substitute
|-weather|RainDance
|-damage|p1a: Patrick|0 fnt|[from] item: Life Orb
|faint|p1a: Patrick
|
|-weather|RainDance|[upkeep]
|-heal|p2a: Dubwool|72/100|[from] item: Leftovers
|-heal|p2a: Dubwool|78/100|[from] Ingrain
|upkeep
|
|t:|1641394097
|switch|p1a: 3 bird|Dodrio, M, shiny|100/100
|turn|17
|
|t:|1641394102
|move|p2a: Dubwool|Cotton Guard|p2a: Dubwool
|-boost|p2a: Dubwool|def|3
|move|p1a: 3 bird|Jump Kick|p2a: Dubwool|[miss]
|-miss|p1a: 3 bird|p2a: Dubwool
|-damage|p1a: 3 bird|51/100|[from] jumpkick
|
|-weather|RainDance|[upkeep]
|-heal|p2a: Dubwool|84/100|[from] item: Leftovers
|-heal|p2a: Dubwool|90/100|[from] Ingrain
|upkeep
|turn|18
|
|t:|1641394107
|move|p2a: Dubwool|Cotton Guard|p2a: Dubwool
|-boost|p2a: Dubwool|def|3
|move|p1a: 3 bird|Jump Kick|p2a: Dubwool
|-supereffective|p2a: Dubwool
|-damage|p2a: Dubwool|83/100
|
|-weather|RainDance|[upkeep]
|-heal|p2a: Dubwool|89/100|[from] item: Leftovers
|-heal|p2a: Dubwool|95/100|[from] Ingrain
|upkeep
|turn|19
|
|t:|1641394113
|move|p2a: Dubwool|Substitute|p2a: Dubwool
|-start|p2a: Dubwool|Substitute
|-damage|p2a: Dubwool|70/100
|move|p1a: 3 bird|Swords Dance|p1a: 3 bird
|-boost|p1a: 3 bird|atk|2
|
|-weather|RainDance|[upkeep]
|-heal|p2a: Dubwool|76/100|[from] item: Leftovers
|-heal|p2a: Dubwool|82/100|[from] Ingrain
|upkeep
|turn|20
|
|t:|1641394116
|move|p2a: Dubwool|Baton Pass|p2a: Dubwool
|
|t:|1641394121
|switch|p2a: Ninjask|Ninjask, F|57/100|[from]move: Baton Pass
|move|p1a: 3 bird|Swords Dance|p1a: 3 bird
|-boost|p1a: 3 bird|atk|2
|
|-weather|none
|-heal|p2a: Ninjask|63/100|[from] item: Leftovers
|-heal|p2a: Ninjask|69/100|[from] Ingrain
|upkeep
|turn|21
|
|t:|1641394130
|move|p2a: Ninjask|Baton Pass|p2a: Ninjask
|
|t:|1641394133
|switch|p2a: Drifblim|Drifblim, M|100/100|[from]move: Baton Pass
|move|p1a: 3 bird|Return|p2a: Drifblim
|-immune|p2a: Drifblim
|
|upkeep
|turn|22
|
|t:|1641394142
|move|p2a: Drifblim|Minimize|p2a: Drifblim
|-boost|p2a: Drifblim|evasion|2
|move|p1a: 3 bird|Swords Dance|p1a: 3 bird
|-boost|p1a: 3 bird|atk|2
|
|upkeep
|turn|23
|
|t:|1641394149
|move|p2a: Drifblim|Thunder Wave|p1a: 3 bird
|-status|p1a: 3 bird|par
|move|p1a: 3 bird|Brave Bird|p2a: Drifblim
|-end|p2a: Drifblim|Substitute
|-damage|p1a: 3 bird|40/100 par|[from] Recoil|[of] p2a: Drifblim
|
|upkeep
|turn|24
|
|t:|1641394157
|move|p2a: Drifblim|Substitute|p2a: Drifblim
|-start|p2a: Drifblim|Substitute
|-damage|p2a: Drifblim|75/100
|move|p1a: 3 bird|Brave Bird|p2a: Drifblim
|-end|p2a: Drifblim|Substitute
|-damage|p1a: 3 bird|24/100 par|[from] Recoil|[of] p2a: Drifblim
|
|-heal|p2a: Drifblim|82/100|[from] Ingrain
|upkeep
|turn|25
|
|t:|1641394162
|move|p2a: Drifblim|Substitute|p2a: Drifblim
|-start|p2a: Drifblim|Substitute
|-damage|p2a: Drifblim|57/100
|move|p1a: 3 bird|Brave Bird|p2a: Drifblim
|-end|p2a: Drifblim|Substitute
|-damage|p1a: 3 bird|8/100 par|[from] Recoil|[of] p2a: Drifblim
|
|-heal|p2a: Drifblim|63/100|[from] Ingrain
|upkeep
|turn|26
|
|t:|1641394170
|move|p2a: Drifblim|Substitute|p2a: Drifblim
|-start|p2a: Drifblim|Substitute
|-damage|p2a: Drifblim|38/100
|-enditem|p2a: Drifblim|Sitrus Berry|[eat]
|-heal|p2a: Drifblim|63/100|[from] item: Sitrus Berry
|move|p1a: 3 bird|Brave Bird|p2a: Drifblim|[miss]
|-miss|p1a: 3 bird|p2a: Drifblim
|
|-heal|p2a: Drifblim|69/100|[from] Ingrain
|upkeep
|turn|27
|
|t:|1641394177
|move|p2a: Drifblim|Minimize|p2a: Drifblim
|-boost|p2a: Drifblim|evasion|2
|cant|p1a: 3 bird|par
|
|-heal|p2a: Drifblim|75/100|[from] Ingrain
|upkeep
|turn|28
|
|t:|1641394183
|move|p2a: Drifblim|Minimize|p2a: Drifblim
|-boost|p2a: Drifblim|evasion|2
|cant|p1a: 3 bird|par
|
|-heal|p2a: Drifblim|81/100|[from] Ingrain
|upkeep
|turn|29
|
|t:|1641394189
|move|p2a: Drifblim|Baton Pass|p2a: Drifblim
|
|t:|1641394191
|switch|p2a: Hatterene|Hatterene, F|34/100|[from]move: Baton Pass
|move|p1a: 3 bird|Brave Bird|p2a: Hatterene|[miss]
|-miss|p1a: 3 bird|p2a: Hatterene
|
|-heal|p2a: Hatterene|39/100|[from] item: Leftovers
|-heal|p2a: Hatterene|45/100|[from] Ingrain
|upkeep
|turn|30
|
|t:|1641394198
|move|p2a: Hatterene|Calm Mind|p2a: Hatterene
|-boost|p2a: Hatterene|spa|1
|-boost|p2a: Hatterene|spd|1
|move|p1a: 3 bird|Return|p2a: Hatterene|[miss]
|-miss|p1a: 3 bird|p2a: Hatterene
|
|-heal|p2a: Hatterene|51/100|[from] item: Leftovers
|-heal|p2a: Hatterene|57/100|[from] Ingrain
|upkeep
|turn|31
|
|t:|1641394204
|move|p2a: Hatterene|Calm Mind|p2a: Hatterene
|-boost|p2a: Hatterene|spa|1
|-boost|p2a: Hatterene|spd|1
|move|p1a: 3 bird|Return|p2a: Hatterene
|-end|p2a: Hatterene|Substitute
|
|-heal|p2a: Hatterene|63/100|[from] item: Leftovers
|-heal|p2a: Hatterene|69/100|[from] Ingrain
|upkeep
|turn|32
|
|t:|1641394210
|move|p2a: Hatterene|Substitute|p2a: Hatterene
|-start|p2a: Hatterene|Substitute
|-damage|p2a: Hatterene|45/100
|move|p1a: 3 bird|Return|p2a: Hatterene|[miss]
|-miss|p1a: 3 bird|p2a: Hatterene
|
|-heal|p2a: Hatterene|50/100|[from] item: Leftovers
|-heal|p2a: Hatterene|56/100|[from] Ingrain
|upkeep
|turn|33
|
|t:|1641394217
|switch|p1a: Gordoguiça|Snorlax, F, shiny|100/100
|move|p2a: Hatterene|Baton Pass|p2a: Hatterene
|
|t:|1641394222
|switch|p2a: Jigglypuff|Jigglypuff, M|100/100|[from]move: Baton Pass
|
|upkeep
|turn|34
|
|t:|1641394227
|move|p2a: Jigglypuff|Ice Beam|p1a: Gordoguiça
|-damage|p1a: Gordoguiça|68/100
|move|p1a: Gordoguiça|Curse|p1a: Gordoguiça
|-unboost|p1a: Gordoguiça|spe|1
|-boost|p1a: Gordoguiça|atk|1
|-boost|p1a: Gordoguiça|def|1
|
|upkeep
|turn|35
|
|t:|1641394235
|move|p2a: Jigglypuff|Ice Beam|p1a: Gordoguiça
|-damage|p1a: Gordoguiça|35/100
|move|p1a: Gordoguiça|Darkest Lariat|p2a: Jigglypuff
|-resisted|p2a: Jigglypuff
|-end|p2a: Jigglypuff|Substitute
|
|upkeep
|turn|36
|
|t:|1641394242
|move|p1a: Gordoguiça|Protect|p1a: Gordoguiça
|-singleturn|p1a: Gordoguiça|Protect
|move|p2a: Jigglypuff|Ice Beam|p1a: Gordoguiça
|-activate|p1a: Gordoguiça|move: Protect
|
|upkeep
|turn|37
|
|t:|1641394247
|move|p2a: Jigglypuff|Substitute|p2a: Jigglypuff
|-start|p2a: Jigglypuff|Substitute
|-damage|p2a: Jigglypuff|76/100
|move|p1a: Gordoguiça|Darkest Lariat|p2a: Jigglypuff
|-resisted|p2a: Jigglypuff
|-end|p2a: Jigglypuff|Substitute
|
|-heal|p2a: Jigglypuff|82/100|[from] Ingrain
|upkeep
|turn|38
|
|t:|1641394253
|move|p2a: Jigglypuff|Ice Beam|p1a: Gordoguiça
|-damage|p1a: Gordoguiça|5/100
|move|p1a: Gordoguiça|Darkest Lariat|p2a: Jigglypuff
|-resisted|p2a: Jigglypuff
|-crit|p2a: Jigglypuff
|-damage|p2a: Jigglypuff|40/100
|
|-heal|p2a: Jigglypuff|47/100|[from] Ingrain
|upkeep
|turn|39
|
|t:|1641394263
|move|p2a: Jigglypuff|Flamethrower|p1a: Gordoguiça
|-damage|p1a: Gordoguiça|0 fnt
|faint|p1a: Gordoguiça
|
|-heal|p2a: Jigglypuff|53/100|[from] Ingrain
|upkeep
|
|t:|1641394267
|switch|p1a: Queen|Nidoking, M, shiny|100/100
|turn|40
|
|t:|1641394279
|move|p2a: Jigglypuff|Ice Beam|p1a: Queen
|-supereffective|p1a: Queen
|-damage|p1a: Queen|0 fnt
|faint|p1a: Queen
|
|-heal|p2a: Jigglypuff|59/100|[from] Ingrain
|upkeep
|
|t:|1641394283
|switch|p1a: Jolty|Jolteon, F, shiny|100/100
|turn|41
|
|t:|1641394286
|move|p2a: Jigglypuff|Substitute|p2a: Jigglypuff
|-start|p2a: Jigglypuff|Substitute
|-damage|p2a: Jigglypuff|34/100
|move|p1a: Jolty|Toxic|p2a: Jigglypuff|[miss]
|-miss|p1a: Jolty|p2a: Jigglypuff
|
|-heal|p2a: Jigglypuff|40/100|[from] Ingrain
|upkeep
|turn|42
|
|t:|1641394292
|move|p2a: Jigglypuff|Dazzling Gleam|p1a: Jolty
|-damage|p1a: Jolty|0 fnt
|faint|p1a: Jolty
|
|-heal|p2a: Jigglypuff|47/100|[from] Ingrain
|upkeep
|
|t:|1641394296
|switch|p1a: 3 bird|Dodrio, M, shiny|8/100 par
|turn|43
|
|t:|1641394300
|move|p2a: Jigglypuff|Flamethrower|p1a: 3 bird
|-damage|p1a: 3 bird|0 fnt
|faint|p1a: 3 bird
|
|-heal|p2a: Jigglypuff|53/100|[from] Ingrain
|upkeep
|
|t:|1641394302
|switch|p1a: Green|Venusaur, M, shiny|100/100
|turn|44
|
|t:|1641394307
|detailschange|p1a: Green|Venusaur-Mega, M, shiny
|-mega|p1a: Green|Venusaur|Venusaurite
|move|p2a: Jigglypuff|Flamethrower|p1a: Green
|-supereffective|p1a: Green
|-damage|p1a: Green|39/100
|move|p1a: Green|Synthesis|p1a: Green
|-heal|p1a: Green|89/100
|
|-heal|p2a: Jigglypuff|59/100|[from] Ingrain
|upkeep
|turn|45
|c|☆Danimoshi2|gg,u win
|
|t:|1641394318
|move|p2a: Jigglypuff|Ice Beam|p1a: Green
|-supereffective|p1a: Green
|-damage|p1a: Green|30/100
|move|p1a: Green|Giga Drain|p2a: Jigglypuff
|-activate|p2a: Jigglypuff|move: Substitute|[damage]
|-heal|p1a: Green|36/100|[from] drain|[of] p2a: Jigglypuff
|
|-heal|p2a: Jigglypuff|65/100|[from] Ingrain
|upkeep
|turn|46
|
|t:|1641394325
|move|p2a: Jigglypuff|Dazzling Gleam|p1a: Green
|-resisted|p1a: Green
|-damage|p1a: Green|0 fnt
|faint|p1a: Green
|
|win|Pokeashbattle
|raw|Danimoshi2's rating: 1124 &rarr; <strong>1101</strong><br />(-23 for losing)
|raw|Pokeashbattle's rating: 1155 &rarr; <strong>1178</strong><br />(+23 for winning)
|l|‽Pokeashbattle
|l|☆Danimoshi2
|j|☆Pokeashbattle
|player|p2|Pokeashbattle|ethan
|n|‽Pokeashbattle|pokeashbattle
|n|‽Pokeashbattle|pokeashbattle
|n|‽Pokeashbattle|pokeashbattle
|n|‽Pokeashbattle|pokeashbattle
|n|‽Pokeashbattle|pokeashbattle
|n|‽Pokeashbattle|pokeashbattle
|n|‽Pokeashbattle|pokeashbattle
|inactive|Battle timer is ON: inactive players will automatically lose when time's up. (requested by Pokeashbattle)
||Ladder isn't responding, score probably updated but might not have (Request timeout).
