|j|☆MasterDylanBowDown
|j|☆aseeasase
|t:|1657248916
|gametype|singles
|player|p1|MasterDylanBowDown|alder|1472
|player|p2|aseeasase|102|1662
|teamsize|p1|6
|teamsize|p2|6
|gen|8
|tier|[Gen 8] National Dex AG
|rated|
|rule|HP Percentage Mod: HP is shown in percentages
|rule|Endless Battle Clause: Forcing endless battles is banned
|clearpoke
|poke|p1|Yveltal|
|poke|p1|Groudon|
|poke|p1|Arceus-*|
|poke|p1|Zacian-*|
|poke|p1|Ditto|
|poke|p1|Necrozma-Dusk-Mane|
|poke|p2|Deoxys-Speed|
|poke|p2|Arceus-*|
|poke|p2|Arceus-*|
|poke|p2|Arceus-*|
|poke|p2|Arceus-*|
|poke|p2|Arceus-*|
|teampreview
|inactive|Battle timer is ON: inactive players will automatically lose when time's up. (requested by MasterDylanBowDown)
|
|t:|1657248921
|start
|switch|p1a: Yveltal|Yveltal|100/100
|switch|p2a: Deoxys|Deoxys-Speed|100/100
|-ability|p2a: Deoxys|Pressure
|-ability|p1a: Yveltal|Dark Aura
|turn|1
|
|t:|1657248931
|move|p2a: Deoxys|Light Screen|p2a: Deoxys
|-sidestart|p2: aseeasase|move: Light Screen
|move|p1a: Yveltal|Taunt|p2a: Deoxys
|-start|p2a: Deoxys|move: Taunt
|
|upkeep
|turn|2
|
|t:|1657248944
|switch|p2a: Arceus|Arceus-Steel|100/100
|move|p1a: Yveltal|Defog|p2a: Arceus
|-unboost|p2a: Arceus|evasion|1
|-sideend|p2: aseeasase|move: Light Screen
|
|upkeep
|turn|3
|
|t:|1657248952
|switch|p1a: Flight Reacts|Groudon, shiny|100/100
|detailschange|p1a: Flight Reacts|Groudon-Primal, shiny
|-primal|p1a: Flight Reacts
|-weather|DesolateLand|[from] ability: Desolate Land|[of] p1a: Flight Reacts
|move|p2a: Arceus|Iron Defense|p2a: Arceus
|-boost|p2a: Arceus|def|2
|
|-weather|DesolateLand|[upkeep]
|upkeep
|turn|4
|
|t:|1657248960
|move|p1a: Flight Reacts|Eruption|p2a: Arceus
|-supereffective|p2a: Arceus
|-damage|p2a: Arceus|0 fnt
|faint|p2a: Arceus
|
|-weather|DesolateLand|[upkeep]
|upkeep
|
|t:|1657248967
|switch|p2a: Deoxys|Deoxys-Speed|100/100
|-ability|p2a: Deoxys|Pressure
|turn|5
|
|t:|1657248979
|-weather|none
|switch|p1a: Yveltal|Yveltal|100/100
|-ability|p1a: Yveltal|Dark Aura
|move|p2a: Deoxys|Light Screen|p2a: Deoxys
|-sidestart|p2: aseeasase|move: Light Screen
|
|upkeep
|turn|6
|
|t:|1657248988
|move|p2a: Deoxys|Taunt|p1a: Yveltal
|-start|p1a: Yveltal|move: Taunt
|cant|p1a: Yveltal|move: Taunt|Taunt
|
|upkeep
|turn|7
|
|t:|1657248995
|move|p2a: Deoxys|Stealth Rock|p1a: Yveltal
|-sidestart|p1: MasterDylanBowDown|move: Stealth Rock
|move|p1a: Yveltal|Foul Play|p2a: Deoxys
|-supereffective|p2a: Deoxys
|-damage|p2a: Deoxys|18/100
|
|upkeep
|turn|8
|
|t:|1657249002
|move|p2a: Deoxys|Reflect|p2a: Deoxys
|-sidestart|p2: aseeasase|Reflect
|move|p1a: Yveltal|Foul Play|p2a: Deoxys
|-supereffective|p2a: Deoxys
|-damage|p2a: Deoxys|0 fnt
|faint|p2a: Deoxys
|
|-end|p1a: Yveltal|move: Taunt
|upkeep
|
|t:|1657249015
|switch|p2a: Arceus|Arceus-Electric|100/100
|turn|9
|
|t:|1657249019
|move|p2a: Arceus|Calm Mind|p2a: Arceus
|-boost|p2a: Arceus|spa|1
|-boost|p2a: Arceus|spd|1
|move|p1a: Yveltal|Defog|p2a: Arceus
|-unboost|p2a: Arceus|evasion|1
|-sideend|p2: aseeasase|Reflect
|-sideend|p2: aseeasase|move: Light Screen
|-sideend|p1: MasterDylanBowDown|Stealth Rock|[from] move: Defog|[of] p1a: Yveltal
|
|upkeep
|turn|10
|
|t:|1657249027
|switch|p1a: Flight Reacts|Groudon-Primal, shiny|100/100
|-weather|DesolateLand|[from] ability: Desolate Land|[of] p1a: Flight Reacts
|move|p2a: Arceus|Thunderbolt|p1a: Flight Reacts
|-immune|p1a: Flight Reacts
|
|-weather|DesolateLand|[upkeep]
|upkeep
|turn|11
|
|t:|1657249036
|-start|p2a: Arceus|Dynamax|
|-heal|p2a: Arceus|100/100|[silent]
|move|p2a: Arceus|Max Quake|p1a: Flight Reacts
|-supereffective|p1a: Flight Reacts
|-damage|p1a: Flight Reacts|0 fnt
|-boost|p2a: Arceus|spd|1
|faint|p1a: Flight Reacts
|-weather|none
|
|upkeep
|
|t:|1657249046
|switch|p1a: Necrozma|Necrozma-Dusk-Mane|100/100
|turn|12
|
|t:|1657249049
|switch|p1a: Yveltal|Yveltal|100/100
|-ability|p1a: Yveltal|Dark Aura
|move|p2a: Arceus|Max Lightning|p1a: Yveltal
|-supereffective|p1a: Yveltal
|-damage|p1a: Yveltal|0 fnt
|-fieldstart|move: Electric Terrain
|faint|p1a: Yveltal
|
|upkeep
|
|t:|1657249062
|switch|p1a: Arceus|Arceus-Flying|100/100
|turn|13
|
|t:|1657249069
|switch|p1a: Necrozma|Necrozma-Dusk-Mane|100/100
|move|p2a: Arceus|Max Lightning|p1a: Necrozma
|-damage|p1a: Necrozma|0 fnt
|faint|p1a: Necrozma
|
|upkeep
|
|t:|1657249077
|switch|p1a: Ditto|Ditto|100/100
|-transform|p1a: Ditto|p2a: Arceus|[from] ability: Imposter
|-end|p2a: Arceus|Dynamax
|-heal|p2a: Arceus|100/100|[silent]
|turn|14
|
|t:|1657249086
|-start|p1a: Ditto|Dynamax|
|-heal|p1a: Ditto|100/100|[silent]
|move|p1a: Ditto|Max Quake|p2a: Arceus
|-supereffective|p2a: Arceus
|-damage|p2a: Arceus|51/100
|-boost|p1a: Ditto|spd|1
|move|p2a: Arceus|Earth Power|p1a: Ditto
|-supereffective|p1a: Ditto
|-damage|p1a: Ditto|80/100
|
|upkeep
|turn|15
|
|t:|1657249098
|move|p2a: Arceus|Earth Power|p1a: Ditto
|-supereffective|p1a: Ditto
|-damage|p1a: Ditto|62/100
|move|p1a: Ditto|Max Quake|p2a: Arceus
|-supereffective|p2a: Arceus
|-damage|p2a: Arceus|0 fnt
|-boost|p1a: Ditto|spd|1
|faint|p2a: Arceus
|
|upkeep
|
|t:|1657249113
|switch|p2a: Arceus|Arceus|100/100
|turn|16
|
|t:|1657249117
|switch|p2a: Arceus|Arceus-Ground|100/100
|move|p1a: Ditto|Max Lightning|p2a: Arceus
|-immune|p2a: Arceus
|
|-fieldend|move: Electric Terrain
|upkeep
|-end|p1a: Ditto|Dynamax
|-heal|p1a: Ditto|62/100|[silent]
|turn|17
|
|t:|1657249129
|move|p1a: Ditto|Ice Beam|p2a: Arceus
|-supereffective|p2a: Arceus
|-damage|p2a: Arceus|24/100
|move|p2a: Arceus|Earthquake|p1a: Ditto
|-supereffective|p1a: Ditto
|-damage|p1a: Ditto|0 fnt
|faint|p1a: Ditto
|
|upkeep
|
|t:|1657249136
|switch|p1a: Arceus|Arceus-Flying|100/100
|turn|18
|
|t:|1657249140
|move|p1a: Arceus|Calm Mind|p1a: Arceus
|-boost|p1a: Arceus|spa|1
|-boost|p1a: Arceus|spd|1
|move|p2a: Arceus|Stone Edge|p1a: Arceus
|-supereffective|p1a: Arceus
|-damage|p1a: Arceus|54/100
|
|upkeep
|turn|19
|
|t:|1657249150
|move|p1a: Arceus|Judgment|p2a: Arceus
|-damage|p2a: Arceus|0 fnt
|faint|p2a: Arceus
|
|upkeep
|
|t:|1657249158
|switch|p2a: Arceus|Arceus|100/100
|turn|20
|
|t:|1657249161
|move|p1a: Arceus|Recover|p1a: Arceus
|-heal|p1a: Arceus|100/100
|move|p2a: Arceus|Swords Dance|p2a: Arceus
|-boost|p2a: Arceus|atk|2
|
|upkeep
|turn|21
|
|t:|1657249168
|move|p2a: Arceus|Extreme Speed|p1a: Arceus
|-crit|p1a: Arceus
|-damage|p1a: Arceus|18/100
|move|p1a: Arceus|Judgment|p2a: Arceus
|-damage|p2a: Arceus|49/100
|
|upkeep
|turn|22
|
|t:|1657249175
|move|p2a: Arceus|Extreme Speed|p1a: Arceus
|-damage|p1a: Arceus|0 fnt
|faint|p1a: Arceus
|
|upkeep
|
|t:|1657249181
|switch|p1a: Zacian|Zacian-Crowned|100/100
|-ability|p1a: Zacian|Intrepid Sword|boost
|-boost|p1a: Zacian|atk|1
|turn|23
|
|t:|1657249186
|move|p1a: Zacian|Behemoth Blade|p2a: Arceus
|-damage|p2a: Arceus|0 fnt
|faint|p2a: Arceus
|
|upkeep
|
|t:|1657249194
|switch|p2a: Arceus|Arceus-Fire|100/100
|turn|24
|
|t:|1657249199
|move|p1a: Zacian|Wild Charge|p2a: Arceus
|-damage|p2a: Arceus|51/100
|-damage|p1a: Zacian|86/100|[from] Recoil
|-zpower|p2a: Arceus
|move|p2a: Arceus|Inferno Overdrive|p1a: Zacian|[zeffect]
|-supereffective|p1a: Zacian
|-damage|p1a: Zacian|0 fnt
|faint|p1a: Zacian
|
|win|aseeasase
|raw|MasterDylanBowDown's rating: 1472 &rarr; <strong>1462</strong><br />(-10 for losing)
|raw|aseeasase's rating: 1662 &rarr; <strong>1672</strong><br />(+10 for winning)
|c|☆MasterDylanBowDown|ofc
|l|☆MasterDylanBowDown
||Ladder isn't responding, score probably updated but might not have (Request timeout).
