|j|☆Glaliegoesboom ❤
|j|☆JAY100064
|t:|1629069430
|gametype|singles
|player|p1|Glaliegoesboom ❤|wulfric|1684
|player|p2|JAY100064|preschooler|1577
|teamsize|p1|6
|teamsize|p2|6
|gen|8
|tier|[Gen 8] National Dex AG
|rated|
|rule|HP Percentage Mod: HP is shown in percentages
|rule|Endless Battle Clause: Forcing endless battles is banned
|clearpoke
|poke|p1|Zygarde|
|poke|p1|Rayquaza|
|poke|p1|Tyranitar, M|
|poke|p1|Necrozma-Dusk-Mane|
|poke|p1|Chansey, F|
|poke|p1|Ho-Oh|
|poke|p2|Arceus-*|
|poke|p2|Groudon|
|poke|p2|Yveltal|
|poke|p2|Necrozma-Dusk-Mane|
|poke|p2|Mewtwo|
|poke|p2|Ditto|
|teampreview
|inactive|Battle timer is ON: inactive players will automatically lose when time's up. (requested by Glaliegoesboom ❤)
|
|t:|1629069445
|start
|switch|p1a: Rayquaza|Rayquaza|100/100
|switch|p2a: Groudon|Groudon|100/100
|-ability|p1a: Rayquaza|Air Lock
|detailschange|p2a: Groudon|Groudon-Primal
|-primal|p2a: Groudon
|-weather|DesolateLand|[from] ability: Desolate Land|[of] p2a: Groudon
|turn|1
|
|t:|1629069465
|detailschange|p1a: Rayquaza|Rayquaza-Mega
|-mega|p1a: Rayquaza|Rayquaza|
|-weather|DeltaStream|[from] ability: Delta Stream|[of] p1a: Rayquaza
|move|p1a: Rayquaza|Waterfall|p2a: Groudon
|-supereffective|p2a: Groudon
|-damage|p2a: Groudon|0 fnt
|faint|p2a: Groudon
|
|-weather|DeltaStream|[upkeep]
|upkeep
|
|t:|1629069479
|switch|p2a: Ditto|Ditto|100/100
|-transform|p2a: Ditto|p1a: Rayquaza|[from] ability: Imposter
|turn|2
|inactive|JAY100064 has 120 seconds left.
|
|t:|1629069502
|switch|p1a: Necrozma|Necrozma-Dusk-Mane|100/100
|move|p2a: Ditto|Dragon Ascent|p1a: Necrozma
|-resisted|p1a: Necrozma
|-damage|p1a: Necrozma|77/100
|-unboost|p2a: Ditto|def|1
|-unboost|p2a: Ditto|spd|1
|-damage|p2a: Ditto|84/100|[from] item: Rocky Helmet|[of] p1a: Necrozma
|
|-weather|DeltaStream|[upkeep]
|upkeep
|turn|3
|inactive|JAY100064 has 120 seconds left.
|inactive|Glaliegoesboom ❤ has 120 seconds left.
|c|☆JAY100064|lol i have no idea how to use this new team
|inactive|Glaliegoesboom ❤ has 90 seconds left.
|
|t:|1629069576
|-weather|none
|switch|p2a: Yveltal|Yveltal|100/100
|-ability|p2a: Yveltal|Dark Aura
|move|p1a: Necrozma|Sunsteel Strike|p2a: Yveltal
|-damage|p2a: Yveltal|49/100
|
|upkeep
|turn|4
|
|t:|1629069590
|switch|p1a: Tyranitar|Tyranitar, M|100/100
|-weather|Sandstorm|[from] ability: Sand Stream|[of] p1a: Tyranitar
|move|p2a: Yveltal|Sucker Punch||[still]
|-fail|p2a: Yveltal
|
|-weather|Sandstorm|[upkeep]
|-damage|p2a: Yveltal|42/100|[from] Sandstorm
|upkeep
|turn|5
|
|t:|1629069604
|switch|p2a: Arceus|Arceus-Water|100/100
|move|p1a: Tyranitar|Rock Tomb|p2a: Arceus
|-damage|p2a: Arceus|80/100
|-unboost|p2a: Arceus|spe|1
|
|-weather|Sandstorm|[upkeep]
|-damage|p2a: Arceus|74/100|[from] Sandstorm
|upkeep
|turn|6
|j| mia_2.0
|
|t:|1629069613
|switch|p1a: Rayquaza|Rayquaza-Mega|100/100
|-weather|DeltaStream|[from] ability: Delta Stream|[of] p1a: Rayquaza
|move|p2a: Arceus|Swords Dance|p2a: Arceus
|-boost|p2a: Arceus|atk|2
|
|-weather|DeltaStream|[upkeep]
|upkeep
|turn|7
|inactive|JAY100064 has 120 seconds left.
|
|t:|1629069622
|-start|p2a: Arceus|Dynamax
|-heal|p2a: Arceus|74/100|[silent]
|move|p1a: Rayquaza|Dragon Ascent|p2a: Arceus
|-damage|p2a: Arceus|19/100
|-unboost|p1a: Rayquaza|def|1
|-unboost|p1a: Rayquaza|spd|1
|move|p2a: Arceus|Max Geyser|p1a: Rayquaza
|-resisted|p1a: Rayquaza
|-damage|p1a: Rayquaza|0 fnt
|faint|p1a: Rayquaza
|-weather|none
|
|upkeep
|
|t:|1629069635
|switch|p1a: Zygarde|Zygarde|100/100
|turn|8
|
|t:|1629069639
|move|p2a: Arceus|Max Geyser|p1a: Zygarde
|-damage|p1a: Zygarde|21/100
|-weather|RainDance
|move|p1a: Zygarde|Thousand Arrows|p2a: Arceus
|-damage|p2a: Arceus|7/100
|
|-weather|RainDance|[upkeep]
|-activate|p1a: Zygarde|ability: Power Construct
|detailschange|p1a: Zygarde|Zygarde-Complete
|-heal|p1a: Zygarde|48/100|[silent]
|upkeep
|turn|9
|inactive|Glaliegoesboom ❤ has 120 seconds left.
|
|t:|1629069652
|move|p2a: Arceus|Max Geyser|p1a: Zygarde
|-damage|p1a: Zygarde|0 fnt
|faint|p1a: Zygarde
|
|-weather|RainDance|[upkeep]
|-end|p2a: Arceus|Dynamax
|-heal|p2a: Arceus|7/100|[silent]
|upkeep
|
|t:|1629069667
|switch|p1a: Necrozma|Necrozma-Dusk-Mane|77/100
|turn|10
|
|t:|1629069670
|-start|p1a: Necrozma|Dynamax
|-heal|p1a: Necrozma|77/100|[silent]
|move|p2a: Arceus|Recover|p2a: Arceus
|-heal|p2a: Arceus|57/100
|move|p1a: Necrozma|Max Steelspike|p2a: Arceus
|-resisted|p2a: Arceus
|-crit|p2a: Arceus
|-damage|p2a: Arceus|22/100
|-boost|p1a: Necrozma|def|1
|
|-weather|RainDance|[upkeep]
|upkeep
|turn|11
|
|t:|1629069681
|move|p2a: Arceus|Recover|p2a: Arceus
|-heal|p2a: Arceus|72/100
|move|p1a: Necrozma|Max Steelspike|p2a: Arceus
|-resisted|p2a: Arceus
|-damage|p2a: Arceus|48/100
|-boost|p1a: Necrozma|def|1
|
|-weather|RainDance|[upkeep]
|upkeep
|turn|12
|
|t:|1629069689
|move|p2a: Arceus|Recover|p2a: Arceus
|-heal|p2a: Arceus|98/100
|move|p1a: Necrozma|Max Steelspike|p2a: Arceus
|-resisted|p2a: Arceus
|-damage|p2a: Arceus|73/100
|-boost|p1a: Necrozma|def|1
|
|-weather|none
|-end|p1a: Necrozma|Dynamax
|-heal|p1a: Necrozma|77/100|[silent]
|upkeep
|turn|13
|
|t:|1629069701
|move|p2a: Arceus|Swords Dance|p2a: Arceus
|-boost|p2a: Arceus|atk|2
|move|p1a: Necrozma|Thunder Wave|p2a: Arceus
|-status|p2a: Arceus|par
|
|upkeep
|turn|14
|
|t:|1629069712
|switch|p1a: Ho-Oh|Ho-Oh|100/100
|cant|p2a: Arceus|par
|
|upkeep
|turn|15
|
|t:|1629069719
|cant|p2a: Arceus|par
|move|p1a: Ho-Oh|Whirlwind|p2a: Arceus
|drag|p2a: Yveltal|Yveltal|42/100
|-ability|p2a: Yveltal|Dark Aura
|
|upkeep
|turn|16
|
|t:|1629069727
|move|p2a: Yveltal|Oblivion Wing|p1a: Ho-Oh
|-damage|p1a: Ho-Oh|78/100
|-heal|p2a: Yveltal|61/100|[from] drain|[of] p1a: Ho-Oh
|-damage|p2a: Yveltal|51/100|[from] item: Life Orb
|move|p1a: Ho-Oh|Sacred Fire|p2a: Yveltal
|-damage|p2a: Yveltal|8/100
|
|upkeep
|turn|17
|
|t:|1629069739
|move|p2a: Yveltal|U-turn|p1a: Ho-Oh
|-resisted|p1a: Ho-Oh
|-damage|p1a: Ho-Oh|72/100
|-damage|p2a: Yveltal|0 fnt|[from] item: Life Orb
|faint|p2a: Yveltal
|move|p1a: Ho-Oh|Sacred Fire|p2: Yveltal|[notarget]
|-fail|p1a: Ho-Oh
|
|upkeep
|
|t:|1629069764
|switch|p2a: Arceus|Arceus-Water|73/100 par
|turn|18
|inactive|Glaliegoesboom ❤ has 120 seconds left.
|
|t:|1629069806
|switch|p1a: Tyranitar|Tyranitar, M|100/100
|-weather|Sandstorm|[from] ability: Sand Stream|[of] p1a: Tyranitar
|move|p2a: Arceus|Swords Dance|p2a: Arceus
|-boost|p2a: Arceus|atk|2
|
|-weather|Sandstorm|[upkeep]
|-damage|p2a: Arceus|67/100 par|[from] Sandstorm
|upkeep
|turn|19
|-message|Glaliegoesboom ❤ forfeited.
|
|win|JAY100064
|raw|Glaliegoesboom ❤'s rating: 1681 &rarr; <strong>1655</strong><br />(-26 for losing)
|raw|JAY100064's rating: 1577 &rarr; <strong>1603</strong><br />(+26 for winning)
|l|☆Glaliegoesboom ❤
