|j|☆frostcrush
|j|☆Deathspeedster
|t:|1665620553
|gametype|singles
|player|p1|frostcrush|265|1458
|player|p2|Deathspeedster|266|1549
|teamsize|p1|6
|teamsize|p2|6
|gen|8
|tier|[Gen 8] National Dex AG
|rated|
|rule|HP Percentage Mod: HP is shown in percentages
|rule|Endless Battle Clause: Forcing endless battles is banned
|clearpoke
|poke|p1|Arceus-*|
|poke|p1|Calyrex-Shadow|
|poke|p1|Deoxys-Attack|
|poke|p1|Forretress, F|
|poke|p1|Marshadow|
|poke|p1|Mewtwo|
|poke|p2|Zapdos-Galar|
|poke|p2|Zacian-*|
|poke|p2|Marshadow|
|poke|p2|Deoxys-Speed|
|poke|p2|Calyrex-Shadow|
|poke|p2|Quagsire, M|
|teampreview
|
|t:|1665620559
|start
|switch|p1a: Forretress|Forretress, F|100/100
|switch|p2a: Deoxys|Deoxys-Speed|100/100
|-ability|p2a: Deoxys|Pressure
|turn|1
|inactive|Battle timer is ON: inactive players will automatically lose when time's up. (requested by frostcrush)
|
|t:|1665620567
|move|p2a: Deoxys|Magic Coat|p2a: Deoxys
|-singleturn|p2a: Deoxys|move: Magic Coat
|move|p1a: Forretress|Gyro Ball|p2a: Deoxys
|-damage|p2a: Deoxys|19/100
|
|upkeep
|turn|2
|
|t:|1665620575
|move|p2a: Deoxys|Stealth Rock|p1a: Forretress
|-sidestart|p1: frostcrush|move: Stealth Rock
|move|p1a: Forretress|Gyro Ball|p2a: Deoxys
|-damage|p2a: Deoxys|0 fnt
|faint|p2a: Deoxys
|
|upkeep
|
|t:|1665620587
|switch|p2a: Calyrex|Calyrex-Shadow|100/100
|-ability|p2a: Calyrex|As One
|-ability|p2a: Calyrex|Unnerve
|turn|3
|
|t:|1665620592
|move|p2a: Calyrex|Astral Barrage|p1a: Forretress
|-ability|p1a: Forretress|Sturdy
|-damage|p1a: Forretress|1/100
|move|p1a: Forretress|Gyro Ball|p2a: Calyrex
|-crit|p2a: Calyrex
|-damage|p2a: Calyrex|0 fnt
|faint|p2a: Calyrex
|
|upkeep
|
|t:|1665620604
|switch|p2a: Zapdos|Zapdos-Galar|100/100
|turn|4
|-enditem|p1a: Forretress|Custap Berry|[eat]
|-activate|p1a: Forretress|item: Custap Berry|[consumed]
|
|t:|1665620613
|-start|p2a: Zapdos|Dynamax|
|-heal|p2a: Zapdos|100/100|[silent]
|move|p1a: Forretress|Stealth Rock|p2a: Zapdos
|-sidestart|p2: Deathspeedster|move: Stealth Rock
|move|p2a: Zapdos|Max Airstream|p1a: Forretress
|-crit|p1a: Forretress
|-damage|p1a: Forretress|0 fnt
|-boost|p2a: Zapdos|spe|1
|faint|p1a: Forretress
|
|upkeep
|
|t:|1665620619
|switch|p1a: Arceus|Arceus-Fairy|100/100
|-damage|p1a: Arceus|88/100|[from] Stealth Rock
|turn|5
|
|t:|1665620634
|move|p2a: Zapdos|Max Knuckle|p1a: Arceus
|-resisted|p1a: Arceus
|-damage|p1a: Arceus|73/100
|-boost|p2a: Zapdos|atk|1
|move|p1a: Arceus|Judgment|p2a: Zapdos
|-supereffective|p2a: Zapdos
|-damage|p2a: Zapdos|24/100
|-enditem|p2a: Zapdos|Weakness Policy
|-boost|p2a: Zapdos|atk|2|[from] item: Weakness Policy
|-boost|p2a: Zapdos|spa|2|[from] item: Weakness Policy
|
|upkeep
|turn|6
|
|t:|1665620645
|move|p2a: Zapdos|Max Steelspike|p1a: Arceus
|-supereffective|p1a: Arceus
|-crit|p1a: Arceus
|-damage|p1a: Arceus|0 fnt
|-boost|p2a: Zapdos|def|1
|faint|p1a: Arceus
|
|upkeep
|
|t:|1665620663
|switch|p1a: Mewtwo|Mewtwo|100/100
|-damage|p1a: Mewtwo|88/100|[from] Stealth Rock
|-ability|p1a: Mewtwo|Pressure
|-end|p2a: Zapdos|Dynamax
|-heal|p2a: Zapdos|24/100|[silent]
|turn|7
|
|t:|1665620671
|detailschange|p1a: Mewtwo|Mewtwo-Mega-Y
|-mega|p1a: Mewtwo|Mewtwo|Mewtwonite Y
|move|p2a: Zapdos|Acrobatics|p1a: Mewtwo
|-damage|p1a: Mewtwo|0 fnt
|faint|p1a: Mewtwo
|
|upkeep
|
|t:|1665620675
|switch|p1a: Deoxys|Deoxys-Attack|100/100
|-damage|p1a: Deoxys|88/100|[from] Stealth Rock
|-ability|p1a: Deoxys|Pressure
|turn|8
|
|t:|1665620682
|move|p1a: Deoxys|Extreme Speed|p2a: Zapdos
|-damage|p2a: Zapdos|0 fnt
|faint|p2a: Zapdos
|
|upkeep
|
|t:|1665620688
|switch|p2a: Marshadow|Marshadow|100/100
|-damage|p2a: Marshadow|94/100|[from] Stealth Rock
|turn|9
|
|t:|1665620692
|move|p2a: Marshadow|Shadow Sneak|p1a: Deoxys
|-supereffective|p1a: Deoxys
|-crit|p1a: Deoxys
|-damage|p1a: Deoxys|0 fnt
|faint|p1a: Deoxys
|
|upkeep
|
|t:|1665620695
|switch|p1a: Marshadow|Marshadow|100/100
|-damage|p1a: Marshadow|94/100|[from] Stealth Rock
|turn|10
|inactive|Deathspeedster has 120 seconds left.
|
|t:|1665620732
|move|p2a: Marshadow|Shadow Sneak|p1a: Marshadow
|-supereffective|p1a: Marshadow
|-damage|p1a: Marshadow|21/100
|move|p1a: Marshadow|Spectral Thief|p2a: Marshadow
|-supereffective|p2a: Marshadow
|-damage|p2a: Marshadow|0 fnt
|faint|p2a: Marshadow
|
|upkeep
|
|t:|1665620743
|switch|p2a: Zacian|Zacian-Crowned|100/100
|-damage|p2a: Zacian|94/100|[from] Stealth Rock
|-ability|p2a: Zacian|Intrepid Sword|boost
|-boost|p2a: Zacian|atk|1
|turn|11
|
|t:|1665620750
|move|p1a: Marshadow|Shadow Sneak|p2a: Zacian
|-damage|p2a: Zacian|67/100
|move|p2a: Zacian|Brick Break|p1a: Marshadow
|-immune|p1a: Marshadow
|
|upkeep
|turn|12
|-message|Deathspeedster forfeited.
|
|win|frostcrush
|raw|frostcrush's rating: 1458 &rarr; <strong>1483</strong><br />(+25 for winning)
|raw|Deathspeedster's rating: 1549 &rarr; <strong>1524</strong><br />(-25 for losing)
|l|☆Deathspeedster
