|j|☆speedeoxys
|j|☆kerrozxl-
|t:|1658978245
|gametype|singles
|player|p1|speedeoxys|n|1679
|player|p2|kerrozxl-|unknownf|1797
|teamsize|p1|6
|teamsize|p2|6
|gen|8
|tier|[Gen 8] National Dex AG
|rated|
|rule|HP Percentage Mod: HP is shown in percentages
|rule|Endless Battle Clause: Forcing endless battles is banned
|clearpoke
|poke|p1|Zacian-*|
|poke|p1|Rayquaza|
|poke|p1|Yveltal|
|poke|p1|Deoxys-Speed|
|poke|p1|Arceus-*|
|poke|p1|Ditto|
|poke|p2|Rayquaza|
|poke|p2|Groudon|
|poke|p2|Necrozma-Dusk-Mane|
|poke|p2|Marshadow|
|poke|p2|Yveltal|
|poke|p2|Xerneas-*|
|teampreview
|inactive|Battle timer is ON: inactive players will automatically lose when time's up. (requested by speedeoxys)
|
|t:|1658978253
|start
|switch|p1a: Deoxys|Deoxys-Speed|100/100
|switch|p2a: Rayquaza|Rayquaza, shiny|100/100
|-ability|p1a: Deoxys|Pressure
|-ability|p2a: Rayquaza|Air Lock
|turn|1
|
|t:|1658978257
|detailschange|p2a: Rayquaza|Rayquaza-Mega, shiny
|-mega|p2a: Rayquaza|Rayquaza|
|-weather|DeltaStream|[from] ability: Delta Stream|[of] p2a: Rayquaza
|move|p2a: Rayquaza|Extreme Speed|p1a: Deoxys
|-damage|p1a: Deoxys|25/100
|move|p1a: Deoxys|Stealth Rock|p2a: Rayquaza
|-sidestart|p2: kerrozxl-|move: Stealth Rock
|
|-weather|DeltaStream|[upkeep]
|upkeep
|turn|2
|
|t:|1658978265
|move|p2a: Rayquaza|Extreme Speed|p1a: Deoxys
|-damage|p1a: Deoxys|0 fnt
|faint|p1a: Deoxys
|
|-weather|DeltaStream|[upkeep]
|upkeep
|inactive|speedeoxys has 120 seconds left.
|
|t:|1658978309
|switch|p1a: Arceus|Arceus|100/100
|turn|3
|
|t:|1658978325
|move|p1a: Arceus|Extreme Speed|p2a: Rayquaza
|-damage|p2a: Rayquaza|59/100
|move|p2a: Rayquaza|Extreme Speed|p1a: Arceus
|-damage|p1a: Arceus|53/100
|
|-weather|DeltaStream|[upkeep]
|upkeep
|turn|4
|
|t:|1658978329
|move|p2a: Rayquaza|Extreme Speed|p1a: Arceus
|-damage|p1a: Arceus|8/100
|move|p1a: Arceus|Earthquake|p2a: Rayquaza
|-immune|p2a: Rayquaza
|
|-weather|DeltaStream|[upkeep]
|upkeep
|turn|5
|inactive|kerrozxl- has 120 seconds left.
|inactive|kerrozxl- has 90 seconds left.
|
|t:|1658978391
|switch|p1a: Zacian|Zacian-Crowned|100/100
|-ability|p1a: Zacian|Intrepid Sword|boost
|-boost|p1a: Zacian|atk|1
|move|p2a: Rayquaza|Extreme Speed|p1a: Zacian
|-resisted|p1a: Zacian
|-damage|p1a: Zacian|74/100
|
|-weather|DeltaStream|[upkeep]
|upkeep
|turn|6
|
|t:|1658978411
|move|p2a: Rayquaza|Extreme Speed|p1a: Zacian
|-resisted|p1a: Zacian
|-damage|p1a: Zacian|49/100
|move|p1a: Zacian|Crunch|p2a: Rayquaza
|-damage|p2a: Rayquaza|10/100
|-unboost|p2a: Rayquaza|def|1
|
|-weather|DeltaStream|[upkeep]
|upkeep
|turn|7
|
|t:|1658978418
|move|p1a: Zacian|Behemoth Blade|p2a: Rayquaza
|-damage|p2a: Rayquaza|0 fnt
|faint|p2a: Rayquaza
|-weather|none
|
|upkeep
|
|t:|1658978420
|switch|p2a: Groudon|Groudon, shiny|100/100
|-damage|p2a: Groudon|94/100|[from] Stealth Rock
|detailschange|p2a: Groudon|Groudon-Primal, shiny
|-primal|p2a: Groudon
|-weather|DesolateLand|[from] ability: Desolate Land|[of] p2a: Groudon
|turn|8
|
|t:|1658978431
|switch|p1a: Yveltal|Yveltal|100/100
|-ability|p1a: Yveltal|Dark Aura
|move|p2a: Groudon|Overheat|p1a: Yveltal
|-damage|p1a: Yveltal|11/100
|-unboost|p2a: Groudon|spa|2
|
|-weather|DesolateLand|[upkeep]
|upkeep
|turn|9
|
|t:|1658978439
|-start|p1a: Yveltal|Dynamax|
|-heal|p1a: Yveltal|11/100|[silent]
|move|p1a: Yveltal|Max Airstream|p2a: Groudon
|-damage|p2a: Groudon|31/100
|-boost|p1a: Yveltal|spe|1
|-damage|p1a: Yveltal|6/100|[from] item: Life Orb
|move|p2a: Groudon|Stone Edge|p1a: Yveltal
|-supereffective|p1a: Yveltal
|-damage|p1a: Yveltal|0 fnt
|faint|p1a: Yveltal
|
|-weather|DesolateLand|[upkeep]
|upkeep
|
|t:|1658978446
|switch|p1a: Rayquaza|Rayquaza|100/100
|-ability|p1a: Rayquaza|Air Lock
|turn|10
|
|t:|1658978451
|detailschange|p1a: Rayquaza|Rayquaza-Mega
|-mega|p1a: Rayquaza|Rayquaza|
|-weather|DeltaStream|[from] ability: Delta Stream|[of] p1a: Rayquaza
|move|p1a: Rayquaza|Waterfall|p2a: Groudon
|-supereffective|p2a: Groudon
|-damage|p2a: Groudon|0 fnt
|faint|p2a: Groudon
|
|-weather|DeltaStream|[upkeep]
|upkeep
|
|t:|1658978475
|switch|p2a: Yveltal|Yveltal|100/100
|-ability|p2a: Yveltal|Dark Aura
|turn|11
|
|t:|1658978494
|-weather|none
|switch|p1a: Arceus|Arceus|8/100
|move|p2a: Yveltal|Defog|p1a: Arceus
|-unboost|p1a: Arceus|evasion|1
|-sideend|p2: kerrozxl-|Stealth Rock|[from] move: Defog|[of] p2a: Yveltal
|
|upkeep
|turn|12
|
|t:|1658978506
|-zpower|p1a: Arceus
|move|p1a: Arceus|Breakneck Blitz|p2a: Yveltal|[zeffect]
|-damage|p2a: Yveltal|18/100
|move|p2a: Yveltal|Knock Off|p1a: Arceus
|-damage|p1a: Arceus|0 fnt
|faint|p1a: Arceus
|
|upkeep
|
|t:|1658978521
|switch|p1a: Zacian|Zacian-Crowned|49/100
|-ability|p1a: Zacian|Intrepid Sword|boost
|-boost|p1a: Zacian|atk|1
|turn|13
|inactive|kerrozxl- has 120 seconds left.
|
|t:|1658978565
|move|p2a: Yveltal|Sucker Punch|p1a: Zacian
|-resisted|p1a: Zacian
|-damage|p1a: Zacian|31/100
|move|p1a: Zacian|Crunch|p2a: Yveltal
|-resisted|p2a: Yveltal
|-damage|p2a: Yveltal|0 fnt
|faint|p2a: Yveltal
|
|upkeep
|
|t:|1658978571
|switch|p2a: Marshadow|Marshadow|100/100
|turn|14
|j| Mia29469
|inactive|speedeoxys has 120 seconds left.
|
|t:|1658978611
|move|p2a: Marshadow|Shadow Sneak|p1a: Zacian
|-damage|p1a: Zacian|4/100
|move|p1a: Zacian|Behemoth Blade|p2a: Marshadow
|-enditem|p2a: Marshadow|Focus Sash
|-damage|p2a: Marshadow|1/100
|
|upkeep
|turn|15
|inactive|kerrozxl- has 120 seconds left.
|inactive|kerrozxl- has 90 seconds left.
|inactive|speedeoxys has 90 seconds left.
|
|t:|1658978677
|switch|p1a: Ditto|Ditto|100/100
|-transform|p1a: Ditto|p2a: Marshadow|[from] ability: Imposter
|move|p2a: Marshadow|Shadow Sneak|p1a: Ditto
|-supereffective|p1a: Ditto
|-damage|p1a: Ditto|14/100
|
|upkeep
|turn|16
|
|t:|1658978681
|move|p1a: Ditto|Shadow Sneak|p2a: Marshadow
|-supereffective|p2a: Marshadow
|-damage|p2a: Marshadow|0 fnt
|faint|p2a: Marshadow
|
|upkeep
|
|t:|1658978685
|switch|p2a: Xerneas|Xerneas|100/100
|-ability|p2a: Xerneas|Fairy Aura
|turn|17
|
|t:|1658978690
|move|p1a: Ditto|Shadow Sneak|p2a: Xerneas
|-damage|p2a: Xerneas|77/100
|move|p2a: Xerneas|Geomancy||[still]
|-prepare|p2a: Xerneas|Geomancy
|-enditem|p2a: Xerneas|Power Herb
|-anim|p2a: Xerneas|Geomancy|p2a: Xerneas
|-boost|p2a: Xerneas|spa|2
|-boost|p2a: Xerneas|spd|2
|-boost|p2a: Xerneas|spe|2
|
|upkeep
|turn|18
|
|t:|1658978699
|move|p1a: Ditto|Shadow Sneak|p2a: Xerneas
|-damage|p2a: Xerneas|51/100
|move|p2a: Xerneas|Moonblast|p1a: Ditto
|-supereffective|p1a: Ditto
|-damage|p1a: Ditto|0 fnt
|faint|p1a: Ditto
|
|upkeep
|inactive|speedeoxys has 120 seconds left.
|
|t:|1658978709
|switch|p1a: Rayquaza|Rayquaza-Mega|100/100
|-weather|DeltaStream|[from] ability: Delta Stream|[of] p1a: Rayquaza
|turn|19
|l| Mia29469
|inactive|speedeoxys has 120 seconds left.
|
|t:|1658978726
|-start|p2a: Xerneas|Dynamax|
|-heal|p2a: Xerneas|51/100|[silent]
|move|p2a: Xerneas|Max Starfall|p1a: Rayquaza
|-supereffective|p1a: Rayquaza
|-enditem|p1a: Rayquaza|Focus Sash
|-damage|p1a: Rayquaza|1/100
|-fieldstart|move: Misty Terrain
|move|p1a: Rayquaza|Dragon Ascent|p2a: Xerneas
|-damage|p2a: Xerneas|19/100
|-unboost|p1a: Rayquaza|def|1
|-unboost|p1a: Rayquaza|spd|1
|
|-weather|DeltaStream|[upkeep]
|upkeep
|turn|20
|inactive|speedeoxys has 120 seconds left.
|
|t:|1658978744
|move|p2a: Xerneas|Max Starfall|p1a: Rayquaza
|-supereffective|p1a: Rayquaza
|-damage|p1a: Rayquaza|0 fnt
|faint|p1a: Rayquaza
|-weather|none
|
|upkeep
|
|t:|1658978748
|switch|p1a: Zacian|Zacian-Crowned|4/100
|-ability|p1a: Zacian|Intrepid Sword|boost
|-boost|p1a: Zacian|atk|1
|turn|21
|inactive|kerrozxl- has 120 seconds left.
|
|t:|1658978764
|move|p1a: Zacian|Quick Attack|p2a: Xerneas
|-damage|p2a: Xerneas|10/100
|move|p2a: Xerneas|Max Starfall|p1a: Zacian
|-resisted|p1a: Zacian
|-damage|p1a: Zacian|0 fnt
|faint|p1a: Zacian
|
|win|kerrozxl-
|raw|speedeoxys's rating: 1679 &rarr; <strong>1666</strong><br />(-13 for losing)
|raw|kerrozxl-'s rating: 1797 &rarr; <strong>1810</strong><br />(+13 for winning)
|l|☆kerrozxl-
