|j|☆dudb
|j|☆Insectoid Warrior
|t:|1612567100
|player|p1|dudb|artist-gen4|1213
|player|p2|Insectoid Warrior|collector|1195
|teamsize|p1|6
|teamsize|p2|6
|gametype|singles
|gen|8
|tier|[Gen 8] National Dex AG
|rated|
|clearpoke
|poke|p1|Druddigon, F|
|poke|p1|Salazzle, F|
|poke|p1|Banette, M|
|poke|p1|Komala, M|
|poke|p1|Cloyster, F|
|poke|p1|Armaldo, M|
|poke|p2|Yanmega, F|
|poke|p2|Volbeat, M|
|poke|p2|Butterfree, M|
|poke|p2|Accelgor, M|
|poke|p2|Crustle, F|
|poke|p2|Buzzwole|
|rule|HP Percentage Mod: HP is shown in percentages
|rule|Endless Battle Clause: Forcing endless battles is banned
|teampreview
|
|t:|1612567106
|start
|switch|p1a: Komala|Komala, M|100/100
|switch|p2a: Destro|Volbeat, M|100/100
|-ability|p1a: Komala|Comatose
|turn|1
|
|t:|1612567112
|move|p2a: Destro|Tail Glow|p2a: Destro
|-boost|p2a: Destro|spa|3
|move|p1a: Komala|Sleep Talk|p1a: Komala
|move|p1a: Komala|Last Resort|p2a: Destro|[from]move: Sleep Talk
|-damage|p2a: Destro|14/100
|
|upkeep
|turn|2
|
|t:|1612567124
|move|p2a: Destro|Baton Pass|p2a: Destro
|
|t:|1612567129
|switch|p2a: Attack Helicopter|Yanmega, F, shiny|100/100|[from]move: Baton Pass
|move|p1a: Komala|Sleep Talk|p1a: Komala
|move|p1a: Komala|Last Resort|p2a: Attack Helicopter|[from]move: Sleep Talk
|-damage|p2a: Attack Helicopter|14/100
|
|upkeep
|turn|3
|
|t:|1612567137
|move|p1a: Komala|Sleep Talk|p1a: Komala
|move|p1a: Komala|Last Resort|p2a: Attack Helicopter|[from]move: Sleep Talk
|-crit|p2a: Attack Helicopter
|-damage|p2a: Attack Helicopter|0 fnt
|faint|p2a: Attack Helicopter
|
|upkeep
|
|t:|1612567141
|switch|p2a: Destro|Volbeat, M|14/100
|turn|4
|
|t:|1612567144
|move|p2a: Destro|Double Team|p2a: Destro
|-boost|p2a: Destro|evasion|1
|move|p1a: Komala|Sleep Talk|p1a: Komala
|move|p1a: Komala|Last Resort|p2a: Destro|[from]move: Sleep Talk
|-damage|p2a: Destro|0 fnt
|faint|p2a: Destro
|
|upkeep
|
|t:|1612567158
|switch|p2a: Zygarde but Bug|Crustle, F, shiny|100/100
|turn|5
|
|t:|1612567171
|switch|p1a: Armaldo|Armaldo, M|100/100
|move|p2a: Zygarde but Bug|Shell Smash|p2a: Zygarde but Bug
|-unboost|p2a: Zygarde but Bug|def|1
|-unboost|p2a: Zygarde but Bug|spd|1
|-boost|p2a: Zygarde but Bug|atk|2
|-boost|p2a: Zygarde but Bug|spa|2
|-boost|p2a: Zygarde but Bug|spe|2
|
|upkeep
|turn|6
|
|t:|1612567181
|move|p2a: Zygarde but Bug|Shell Smash|p2a: Zygarde but Bug
|-unboost|p2a: Zygarde but Bug|def|1
|-unboost|p2a: Zygarde but Bug|spd|1
|-boost|p2a: Zygarde but Bug|atk|2
|-boost|p2a: Zygarde but Bug|spa|2
|-boost|p2a: Zygarde but Bug|spe|2
|move|p1a: Armaldo|Stealth Rock|p2a: Zygarde but Bug
|-sidestart|p2: Insectoid Warrior|move: Stealth Rock
|
|upkeep
|turn|7
|
|t:|1612567189
|-start|p2a: Zygarde but Bug|Dynamax
|-heal|p2a: Zygarde but Bug|100/100|[silent]
|move|p2a: Zygarde but Bug|Max Quake|p1a: Armaldo
|-damage|p1a: Armaldo|0 fnt
|-boost|p2a: Zygarde but Bug|spd|1
|faint|p1a: Armaldo
|
|upkeep
|
|t:|1612567204
|switch|p1a: Banette|Banette, M|100/100
|-item|p2a: Zygarde but Bug|Salac Berry|[from] ability: Frisk|[of] p1a: Banette|[identify]
|turn|8
|
|t:|1612567211
|detailschange|p1a: Banette|Banette-Mega, M
|-mega|p1a: Banette|Banette|Banettite
|move|p1a: Banette|Shadow Sneak|p2a: Zygarde but Bug
|-damage|p2a: Zygarde but Bug|72/100
|move|p2a: Zygarde but Bug|Max Quake|p1a: Banette
|-damage|p1a: Banette|0 fnt
|-boost|p2a: Zygarde but Bug|spd|1
|faint|p1a: Banette
|
|upkeep
|
|t:|1612567224
|switch|p1a: Cloyster|Cloyster, F|100/100
|turn|9
|
|t:|1612567233
|move|p2a: Zygarde but Bug|Max Rockfall|p1a: Cloyster
|-supereffective|p1a: Cloyster
|-damage|p1a: Cloyster|0 fnt
|-weather|Sandstorm
|faint|p1a: Cloyster
|
|-weather|Sandstorm|[upkeep]
|-end|p2a: Zygarde but Bug|Dynamax
|-heal|p2a: Zygarde but Bug|72/100|[silent]
|upkeep
|
|t:|1612567243
|switch|p1a: Druddigon|Druddigon, F|100/100
|turn|10
|
|t:|1612567251
|-start|p1a: Druddigon|Dynamax
|-heal|p1a: Druddigon|100/100|[silent]
|move|p2a: Zygarde but Bug|Earthquake|p1a: Druddigon
|-damage|p1a: Druddigon|52/100
|move|p1a: Druddigon|Max Wyrmwind|p2a: Zygarde but Bug
|-damage|p2a: Zygarde but Bug|0 fnt
|faint|p2a: Zygarde but Bug
|
|-weather|Sandstorm|[upkeep]
|-damage|p1a: Druddigon|49/100|[from] Sandstorm
|upkeep
|
|t:|1612567257
|switch|p2a: Tut|Accelgor, M, shiny|100/100
|-damage|p2a: Tut|76/100|[from] Stealth Rock
|turn|11
|
|t:|1612567264
|move|p2a: Tut|Yawn|p1a: Druddigon
|-start|p1a: Druddigon|move: Yawn|[of] p2a: Tut
|move|p1a: Druddigon|Max Flare|p2a: Tut
|-supereffective|p2a: Tut
|-damage|p2a: Tut|0 fnt
|-weather|SunnyDay
|faint|p2a: Tut
|
|-weather|SunnyDay|[upkeep]
|upkeep
|
|t:|1612567267
|switch|p2a: Marco|Butterfree, M|100/100
|-damage|p2a: Marco|51/100|[from] Stealth Rock
|turn|12
|
|t:|1612567277
|move|p2a: Marco|Bug Buzz|p1a: Druddigon
|-damage|p1a: Druddigon|28/100
|move|p1a: Druddigon|Max Flare|p2a: Marco
|-supereffective|p2a: Marco
|-damage|p2a: Marco|0 fnt
|faint|p2a: Marco
|
|-weather|SunnyDay|[upkeep]
|-end|p1a: Druddigon|move: Yawn|[silent]
|-status|p1a: Druddigon|slp
|-end|p1a: Druddigon|Dynamax
|-heal|p1a: Druddigon|28/100 slp|[silent]
|upkeep
|
|t:|1612567280
|switch|p2a: Machosquito|Buzzwole|100/100
|-damage|p2a: Machosquito|88/100|[from] Stealth Rock
|turn|13
|
|t:|1612567291
|move|p2a: Machosquito|Dynamic Punch|p1a: Druddigon|[miss]
|-miss|p2a: Machosquito|p1a: Druddigon
|-enditem|p2a: Machosquito|Blunder Policy
|-boost|p2a: Machosquito|spe|2
|cant|p1a: Druddigon|slp
|
|-weather|SunnyDay|[upkeep]
|upkeep
|turn|14
|
|t:|1612567303
|move|p2a: Machosquito|Earthquake|p1a: Druddigon
|-damage|p1a: Druddigon|0 fnt
|faint|p1a: Druddigon
|-ability|p2a: Machosquito|Beast Boost|boost
|-boost|p2a: Machosquito|atk|1
|
|-weather|SunnyDay|[upkeep]
|upkeep
|
|t:|1612567311
|switch|p1a: Salazzle|Salazzle, F|100/100
|turn|15
|
|t:|1612567314
|move|p2a: Machosquito|Earthquake|p1a: Salazzle
|-supereffective|p1a: Salazzle
|-damage|p1a: Salazzle|0 fnt
|faint|p1a: Salazzle
|-ability|p2a: Machosquito|Beast Boost|boost
|-boost|p2a: Machosquito|atk|1
|
|-weather|none
|upkeep
|
|t:|1612567320
|switch|p1a: Komala|Komala, M|100/100
|-ability|p1a: Komala|Comatose
|turn|16
|
|t:|1612567325
|move|p2a: Machosquito|Earthquake|p1a: Komala
|-damage|p1a: Komala|0 fnt
|faint|p1a: Komala
|
|win|Insectoid Warrior
|c|☆dudb|gg
|c|☆Insectoid Warrior|Gg, well played 👍 hope you have a good day 👋
|c|☆dudb|: )
|l|☆dudb
