|j|☆Apprenti Buck
|j|☆MRH1106
|t:|1654556248
|gametype|singles
|player|p1|Apprenti Buck|flint|1882
|player|p2|MRH1106|red|1796
|teamsize|p1|6
|teamsize|p2|6
|gen|8
|tier|[Gen 8] National Dex AG
|rated|
|rule|HP Percentage Mod: HP is shown in percentages
|rule|Endless Battle Clause: Forcing endless battles is banned
|clearpoke
|poke|p1|Excadrill, M|
|poke|p1|Rayquaza|
|poke|p1|Ho-Oh|
|poke|p1|Necrozma-Dusk-Mane|
|poke|p1|Yveltal|
|poke|p1|Groudon|
|poke|p2|Zacian-*|
|poke|p2|Calyrex-Shadow|
|poke|p2|Rayquaza|
|poke|p2|Ditto|
|poke|p2|Yveltal|
|poke|p2|Arceus-*|
|teampreview
|inactive|Battle timer is ON: inactive players will automatically lose when time's up. (requested by MRH1106)
|inactive|Apprenti Buck also wants the timer to be on.
|
|t:|1654556275
|start
|switch|p1a: Excadrill|Excadrill, M|100/100
|switch|p2a: Legit god|Arceus-Ground|100/100
|-ability|p1a: Excadrill|Mold Breaker
|turn|1
|inactive|MRH1106 has 120 seconds left.
|
|t:|1654556311
|move|p2a: Legit god|Judgment|p1a: Excadrill
|-supereffective|p1a: Excadrill
|-enditem|p1a: Excadrill|Focus Sash
|-damage|p1a: Excadrill|1/100
|move|p1a: Excadrill|Rock Tomb|p2a: Legit god
|-resisted|p2a: Legit god
|-damage|p2a: Legit god|93/100
|-unboost|p2a: Legit god|spe|1
|
|upkeep
|turn|2
|inactive|MRH1106 has 120 seconds left.
|inactive|MRH1106 has 90 seconds left.
|
|t:|1654556370
|move|p1a: Excadrill|Stealth Rock|p2a: Legit god
|-sidestart|p2: MRH1106|move: Stealth Rock
|move|p2a: Legit god|Judgment|p1a: Excadrill
|-supereffective|p1a: Excadrill
|-damage|p1a: Excadrill|0 fnt
|faint|p1a: Excadrill
|
|upkeep
|
|t:|1654556383
|switch|p1a: Yveltal|Yveltal, shiny|100/100
|-ability|p1a: Yveltal|Dark Aura
|turn|3
|inactive|MRH1106 has 60 seconds left.
|inactive|MRH1106 has 30 seconds left.
|inactive|MRH1106 has 20 seconds left.
|inactive|MRH1106 has 15 seconds left.
|inactive|MRH1106 has 10 seconds left.
|
|t:|1654556460
|move|p1a: Yveltal|Taunt|p2a: Legit god
|-start|p2a: Legit god|move: Taunt
|move|p2a: Legit god|Ice Beam|p1a: Yveltal
|-supereffective|p1a: Yveltal
|-damage|p1a: Yveltal|61/100
|
|upkeep
|turn|4
|inactive|MRH1106 has 20 seconds left this turn.
|
|t:|1654556476
|switch|p1a: Ho-Oh|Ho-Oh|100/100
|move|p2a: Legit god|Ice Beam|p1a: Ho-Oh
|-damage|p1a: Ho-Oh|87/100
|
|upkeep
|turn|5
|inactive|MRH1106 has 30 seconds left this turn.
|
|t:|1654556485
|move|p2a: Legit god|Ice Beam|p1a: Ho-Oh
|-damage|p1a: Ho-Oh|74/100
|move|p1a: Ho-Oh|Whirlwind|p2a: Legit god
|drag|p2a: Mayte <3|Ditto, shiny|100/100
|-damage|p2a: Mayte <3|88/100|[from] Stealth Rock
|-transform|p2a: Mayte <3|p1a: Ho-Oh|[from] ability: Imposter
|
|upkeep
|turn|6
|
|t:|1654556503
|move|p2a: Mayte <3|Defog|p1a: Ho-Oh
|-unboost|p1a: Ho-Oh|evasion|1
|-sideend|p2: MRH1106|Stealth Rock|[from] move: Defog|[of] p2a: Mayte <3
|move|p1a: Ho-Oh|Toxic|p2a: Mayte <3
|-status|p2a: Mayte <3|tox
|
|-damage|p2a: Mayte <3|82/100 tox|[from] psn
|upkeep
|turn|7
|
|t:|1654556510
|switch|p2a: Knifepuppy|Zacian-Crowned|100/100
|-ability|p2a: Knifepuppy|Intrepid Sword|boost
|-boost|p2a: Knifepuppy|atk|1
|move|p1a: Ho-Oh|Toxic|p2a: Knifepuppy
|-immune|p2a: Knifepuppy
|
|upkeep
|turn|8
|
|t:|1654556518
|move|p2a: Knifepuppy|Close Combat|p1a: Ho-Oh
|-resisted|p1a: Ho-Oh
|-damage|p1a: Ho-Oh|50/100
|-unboost|p2a: Knifepuppy|def|1
|-unboost|p2a: Knifepuppy|spd|1
|move|p1a: Ho-Oh|Sacred Fire|p2a: Knifepuppy
|-supereffective|p2a: Knifepuppy
|-damage|p2a: Knifepuppy|0 fnt
|faint|p2a: Knifepuppy
|
|upkeep
|c|☆MRH1106|bruh
|-message|MRH1106 forfeited.
|
|win|Apprenti Buck
|raw|Apprenti Buck's rating: 1866 &rarr; <strong>1882</strong><br />(+16 for winning)
|raw|MRH1106's rating: 1796 &rarr; <strong>1780</strong><br />(-16 for losing)
|l|☆MRH1106
