|j|☆Dr. Drake6782
|j|☆alt1445645
|t:|1662089810
|gametype|singles
|player|p1|Dr. Drake6782|hilbert-masters|1740
|player|p2|alt1445645|266|1893
|teamsize|p1|6
|teamsize|p2|6
|gen|8
|tier|[Gen 8] National Dex AG
|rated|
|rule|HP Percentage Mod: HP is shown in percentages
|rule|Endless Battle Clause: Forcing endless battles is banned
|clearpoke
|poke|p1|Yveltal|
|poke|p1|Deoxys-Speed|
|poke|p1|Smeargle, F|
|poke|p1|Groudon|
|poke|p1|Rayquaza|
|poke|p1|Necrozma-Dusk-Mane|
|poke|p2|Arceus-*|
|poke|p2|Groudon|
|poke|p2|Zacian-*|
|poke|p2|Rayquaza|
|poke|p2|Calyrex-Shadow|
|poke|p2|Yveltal|
|teampreview
|inactive|Battle timer is ON: inactive players will automatically lose when time's up. (requested by Dr. Drake6782)
|
|t:|1662089821
|start
|switch|p1a: Kamui|Deoxys-Speed|100/100
|switch|p2a: Arceus|Arceus|100/100
|-ability|p1a: Kamui|Pressure
|turn|1
|
|t:|1662089825
|move|p1a: Kamui|Taunt|p2a: Arceus
|-start|p2a: Arceus|move: Taunt
|cant|p2a: Arceus|move: Taunt|Defog
|
|upkeep
|turn|2
|
|t:|1662089829
|move|p1a: Kamui|Rock Tomb|p2a: Arceus
|-damage|p2a: Arceus|90/100
|-unboost|p2a: Arceus|spe|1
|move|p2a: Arceus|Shadow Claw|p1a: Kamui
|-supereffective|p1a: Kamui
|-damage|p1a: Kamui|20/100
|
|upkeep
|turn|3
|
|t:|1662089831
|move|p2a: Arceus|Extreme Speed|p1a: Kamui
|-damage|p1a: Kamui|0 fnt
|faint|p1a: Kamui
|
|-end|p2a: Arceus|move: Taunt
|upkeep
|
|t:|1662089834
|switch|p1a: Sharingan Copy|Smeargle, F, shiny|100/100
|turn|4
|
|t:|1662089836
|move|p2a: Arceus|Extreme Speed|p1a: Sharingan Copy
|-enditem|p1a: Sharingan Copy|Focus Sash
|-damage|p1a: Sharingan Copy|1/100
|move|p1a: Sharingan Copy|Spore|p2a: Arceus
|-status|p2a: Arceus|slp|[from] move: Spore
|-enditem|p2a: Arceus|Lum Berry|[eat]
|-curestatus|p2a: Arceus|slp|[msg]
|
|upkeep
|turn|5
|
|t:|1662089841
|move|p2a: Arceus|Extreme Speed|p1a: Sharingan Copy
|-damage|p1a: Sharingan Copy|0 fnt
|faint|p1a: Sharingan Copy
|
|upkeep
|
|t:|1662089845
|switch|p1a: Amaterasu|Groudon, shiny|100/100
|detailschange|p1a: Amaterasu|Groudon-Primal, shiny
|-primal|p1a: Amaterasu
|-weather|DesolateLand|[from] ability: Desolate Land|[of] p1a: Amaterasu
|turn|6
|
|t:|1662089853
|switch|p2a: Rayquaza|Rayquaza|100/100
|-ability|p2a: Rayquaza|Air Lock
|move|p1a: Amaterasu|Precipice Blades|p2a: Rayquaza
|-immune|p2a: Rayquaza
|
|-weather|DesolateLand|[upkeep]
|upkeep
|turn|7
|
|t:|1662089855
|detailschange|p2a: Rayquaza|Rayquaza-Mega
|-mega|p2a: Rayquaza|Rayquaza|
|-weather|DeltaStream|[from] ability: Delta Stream|[of] p2a: Rayquaza
|move|p2a: Rayquaza|Dragon Dance|p2a: Rayquaza
|-boost|p2a: Rayquaza|atk|1
|-boost|p2a: Rayquaza|spe|1
|move|p1a: Amaterasu|Dragon Claw|p2a: Rayquaza
|-supereffective|p2a: Rayquaza
|-damage|p2a: Rayquaza|20/100
|
|-weather|DeltaStream|[upkeep]
|upkeep
|turn|8
|
|t:|1662089862
|move|p2a: Rayquaza|Earthquake|p1a: Amaterasu
|-supereffective|p1a: Amaterasu
|-damage|p1a: Amaterasu|10/100
|move|p1a: Amaterasu|Dragon Claw|p2a: Rayquaza
|-supereffective|p2a: Rayquaza
|-damage|p2a: Rayquaza|0 fnt
|faint|p2a: Rayquaza
|-weather|none
|
|upkeep
|
|t:|1662089865
|switch|p2a: Calyrex|Calyrex-Shadow|100/100
|-ability|p2a: Calyrex|As One
|-ability|p2a: Calyrex|Unnerve
|turn|9
|
|t:|1662089868
|switch|p1a: Flying Thunder God|Yveltal|100/100
|-ability|p1a: Flying Thunder God|Dark Aura
|move|p2a: Calyrex|Substitute|p2a: Calyrex
|-start|p2a: Calyrex|Substitute
|-damage|p2a: Calyrex|76/100
|
|-heal|p2a: Calyrex|82/100|[from] item: Leftovers
|upkeep
|turn|10
|
|t:|1662089871
|-start|p1a: Flying Thunder God|Dynamax|
|-heal|p1a: Flying Thunder God|100/100|[silent]
|move|p2a: Calyrex|Leech Seed|p1a: Flying Thunder God
|-start|p1a: Flying Thunder God|move: Leech Seed
|move|p1a: Flying Thunder God|Max Airstream|p2a: Calyrex
|-end|p2a: Calyrex|Substitute
|-boost|p1a: Flying Thunder God|spe|1
|
|-heal|p2a: Calyrex|88/100|[from] item: Leftovers
|-damage|p1a: Flying Thunder God|94/100|[from] Leech Seed|[of] p2a: Calyrex
|-heal|p2a: Calyrex|100/100|[silent]
|upkeep
|turn|11
|
|t:|1662089877
|switch|p2a: Zacian|Zacian-Crowned|100/100
|-ability|p2a: Zacian|Intrepid Sword|boost
|-boost|p2a: Zacian|atk|1
|move|p1a: Flying Thunder God|Max Darkness|p2a: Zacian
|-resisted|p2a: Zacian
|-crit|p2a: Zacian
|-damage|p2a: Zacian|28/100
|-unboost|p2a: Zacian|spd|1
|
|-damage|p1a: Flying Thunder God|88/100|[from] Leech Seed|[of] p2a: Zacian
|-heal|p2a: Zacian|43/100|[silent]
|upkeep
|turn|12
|
|t:|1662089883
|move|p1a: Flying Thunder God|Max Darkness|p2a: Zacian
|-resisted|p2a: Zacian
|-crit|p2a: Zacian
|-damage|p2a: Zacian|0 fnt
|faint|p2a: Zacian
|
|upkeep
|
|t:|1662089890
|switch|p2a: Arceus|Arceus|90/100
|-end|p1a: Flying Thunder God|Dynamax
|-heal|p1a: Flying Thunder God|88/100|[silent]
|turn|13
|
|t:|1662089892
|move|p1a: Flying Thunder God|Dark Pulse|p2a: Arceus
|-damage|p2a: Arceus|50/100
|move|p2a: Arceus|Swords Dance|p2a: Arceus
|-boost|p2a: Arceus|atk|2
|
|-damage|p1a: Flying Thunder God|76/100|[from] Leech Seed|[of] p2a: Arceus
|-heal|p2a: Arceus|61/100|[silent]
|upkeep
|turn|14
|
|t:|1662089897
|switch|p1a: Amaterasu|Groudon-Primal, shiny|10/100
|-weather|DesolateLand|[from] ability: Desolate Land|[of] p1a: Amaterasu
|move|p2a: Arceus|Extreme Speed|p1a: Amaterasu
|-damage|p1a: Amaterasu|0 fnt
|faint|p1a: Amaterasu
|-weather|none
|
|upkeep
|
|t:|1662089901
|switch|p1a: RasenShuriken|Rayquaza|100/100
|-ability|p1a: RasenShuriken|Air Lock
|turn|15
|
|t:|1662089903
|detailschange|p1a: RasenShuriken|Rayquaza-Mega
|-mega|p1a: RasenShuriken|Rayquaza|
|-weather|DeltaStream|[from] ability: Delta Stream|[of] p1a: RasenShuriken
|move|p2a: Arceus|Extreme Speed|p1a: RasenShuriken
|-damage|p1a: RasenShuriken|12/100
|move|p1a: RasenShuriken|Dragon Ascent|p2a: Arceus
|-damage|p2a: Arceus|2/100
|-unboost|p1a: RasenShuriken|def|1
|-unboost|p1a: RasenShuriken|spd|1
|
|-weather|DeltaStream|[upkeep]
|upkeep
|turn|16
|
|t:|1662089911
|move|p1a: RasenShuriken|Extreme Speed|p2a: Arceus
|-damage|p2a: Arceus|0 fnt
|faint|p2a: Arceus
|
|-weather|DeltaStream|[upkeep]
|upkeep
|
|t:|1662089913
|switch|p2a: Calyrex|Calyrex-Shadow|100/100
|-ability|p2a: Calyrex|As One
|-ability|p2a: Calyrex|Unnerve
|turn|17
|
|t:|1662089917
|move|p2a: Calyrex|Substitute|p2a: Calyrex
|-start|p2a: Calyrex|Substitute
|-damage|p2a: Calyrex|76/100
|move|p1a: RasenShuriken|Dragon Ascent|p2a: Calyrex
|-end|p2a: Calyrex|Substitute
|-unboost|p1a: RasenShuriken|def|1
|-unboost|p1a: RasenShuriken|spd|1
|
|-weather|DeltaStream|[upkeep]
|-heal|p2a: Calyrex|82/100|[from] item: Leftovers
|upkeep
|turn|18
|
|t:|1662089919
|move|p2a: Calyrex|Draining Kiss|p1a: RasenShuriken
|-supereffective|p1a: RasenShuriken
|-damage|p1a: RasenShuriken|0 fnt
|-heal|p2a: Calyrex|91/100|[from] drain|[of] p1a: RasenShuriken
|faint|p1a: RasenShuriken
|-weather|none
|-ability|p2a: Calyrex|Grim Neigh|boost
|-boost|p2a: Calyrex|spa|1
|
|-heal|p2a: Calyrex|97/100|[from] item: Leftovers
|upkeep
|
|t:|1662089922
|switch|p1a: Flying Thunder God|Yveltal|76/100
|-ability|p1a: Flying Thunder God|Dark Aura
|turn|19
|
|t:|1662089926
|move|p2a: Calyrex|Draining Kiss|p1a: Flying Thunder God
|-supereffective|p1a: Flying Thunder God
|-damage|p1a: Flying Thunder God|40/100
|-heal|p2a: Calyrex|100/100|[from] drain|[of] p1a: Flying Thunder God
|move|p1a: Flying Thunder God|Dark Pulse|p2a: Calyrex
|-supereffective|p2a: Calyrex
|-damage|p2a: Calyrex|0 fnt
|faint|p2a: Calyrex
|
|upkeep
|
|t:|1662089928
|switch|p2a: Yveltal|Yveltal|100/100
|-ability|p2a: Yveltal|Dark Aura
|turn|20
|
|t:|1662089935
|-start|p2a: Yveltal|Dynamax|
|-heal|p2a: Yveltal|100/100|[silent]
|move|p2a: Yveltal|Max Airstream|p1a: Flying Thunder God
|-damage|p1a: Flying Thunder God|0 fnt
|-boost|p2a: Yveltal|spe|1
|faint|p1a: Flying Thunder God
|-damage|p2a: Yveltal|96/100|[from] item: Life Orb
|
|upkeep
|
|t:|1662089937
|switch|p1a: 8 Gate of Death|Necrozma-Dusk-Mane, shiny|100/100
|turn|21
|c|☆alt1445645|gg
|
|t:|1662089943
|detailschange|p1a: 8 Gate of Death|Necrozma-Ultra, shiny
|-burst|p1a: 8 Gate of Death|Necrozma|Ultranecrozium Z
|move|p2a: Yveltal|Max Darkness|p1a: 8 Gate of Death
|-supereffective|p1a: 8 Gate of Death
|-damage|p1a: 8 Gate of Death|0 fnt
|faint|p1a: 8 Gate of Death
|-damage|p2a: Yveltal|91/100|[from] item: Life Orb
|
|win|alt1445645
|raw|Dr. Drake6782's rating: 1740 &rarr; <strong>1728</strong><br />(-12 for losing)
|raw|alt1445645's rating: 1893 &rarr; <strong>1905</strong><br />(+12 for winning)
||Ladder isn't responding, score probably updated but might not have (Request timeout).
