|j|☆Puigson
|j|☆BasakBooster2
|t:|1665013343
|gametype|singles
|player|p1|Puigson|steven|1770
|player|p2|BasakBooster2|lucas|1806
|teamsize|p1|6
|teamsize|p2|6
|gen|8
|tier|[Gen 8] National Dex AG
|rated|
|rule|HP Percentage Mod: HP is shown in percentages
|rule|Endless Battle Clause: Forcing endless battles is banned
|clearpoke
|poke|p1|Calyrex-Shadow|
|poke|p1|Zacian-*|
|poke|p1|Rayquaza|
|poke|p1|Necrozma-Dusk-Mane|
|poke|p1|Yveltal|
|poke|p1|Groudon|
|poke|p2|Groudon|
|poke|p2|Rayquaza|
|poke|p2|Zygarde|
|poke|p2|Calyrex-Shadow|
|poke|p2|Arceus-*|
|poke|p2|Arceus-*|
|teampreview
|inactive|Battle timer is ON: inactive players will automatically lose when time's up. (requested by Puigson)
|
|t:|1665013355
|start
|switch|p1a: Rayquaza|Rayquaza|100/100
|switch|p2a: the gwoat|Rayquaza|100/100
|-ability|p1a: Rayquaza|Air Lock
|-ability|p2a: the gwoat|Air Lock
|turn|1
|
|t:|1665013363
|detailschange|p1a: Rayquaza|Rayquaza-Mega
|-mega|p1a: Rayquaza|Rayquaza|
|-weather|DeltaStream|[from] ability: Delta Stream|[of] p1a: Rayquaza
|detailschange|p2a: the gwoat|Rayquaza-Mega
|-mega|p2a: the gwoat|Rayquaza|
|move|p1a: Rayquaza|Dragon Ascent|p2a: the gwoat
|-damage|p2a: the gwoat|0 fnt
|-unboost|p1a: Rayquaza|def|1
|-unboost|p1a: Rayquaza|spd|1
|faint|p2a: the gwoat
|-damage|p1a: Rayquaza|91/100|[from] item: Life Orb
|
|-weather|DeltaStream|[upkeep]
|upkeep
|
|t:|1665013368
|switch|p2a: Pyra|Groudon|100/100
|detailschange|p2a: Pyra|Groudon-Primal
|-primal|p2a: Pyra
|-weather|DesolateLand|[from] ability: Desolate Land|[of] p2a: Pyra
|turn|2
|
|t:|1665013371
|move|p1a: Rayquaza|Dragon Ascent|p2a: Pyra
|-damage|p2a: Pyra|50/100
|-unboost|p1a: Rayquaza|def|1
|-unboost|p1a: Rayquaza|spd|1
|-damage|p1a: Rayquaza|81/100|[from] item: Life Orb
|move|p2a: Pyra|Thunder Wave|p1a: Rayquaza|[miss]
|-miss|p2a: Pyra|p1a: Rayquaza
|
|-weather|DesolateLand|[upkeep]
|upkeep
|turn|3
|
|t:|1665013377
|move|p1a: Rayquaza|Dragon Ascent|p2a: Pyra
|-damage|p2a: Pyra|0 fnt
|-unboost|p1a: Rayquaza|def|1
|-unboost|p1a: Rayquaza|spd|1
|faint|p2a: Pyra
|-weather|none
|-damage|p1a: Rayquaza|71/100|[from] item: Life Orb
|
|upkeep
|
|t:|1665013379
|switch|p2a: Calyrex|Calyrex-Shadow|100/100
|-ability|p2a: Calyrex|As One
|-ability|p2a: Calyrex|Unnerve
|turn|4
|
|t:|1665013383
|switch|p1a: Yveltal|Yveltal|100/100
|-ability|p1a: Yveltal|Dark Aura
|move|p2a: Calyrex|Substitute|p2a: Calyrex
|-start|p2a: Calyrex|Substitute
|-damage|p2a: Calyrex|76/100
|
|-heal|p2a: Calyrex|82/100|[from] item: Leftovers
|upkeep
|turn|5
|
|t:|1665013387
|move|p2a: Calyrex|Leech Seed|p1a: Yveltal
|-start|p1a: Yveltal|move: Leech Seed
|move|p1a: Yveltal|Snarl|p2a: Calyrex
|-supereffective|p2a: Calyrex
|-damage|p2a: Calyrex|0 fnt
|faint|p2a: Calyrex
|
|upkeep
|
|t:|1665013392
|switch|p2a: Arceus|Arceus|100/100
|turn|6
|
|t:|1665013394
|move|p2a: Arceus|Swords Dance|p2a: Arceus
|-boost|p2a: Arceus|atk|2
|move|p1a: Yveltal|U-turn|p2a: Arceus
|-damage|p2a: Arceus|87/100
|
|t:|1665013400
|switch|p1a: Zacian|Zacian-Crowned|100/100|[from]move: U-turn
|-ability|p1a: Zacian|Intrepid Sword|boost
|-boost|p1a: Zacian|atk|1
|
|upkeep
|turn|7
|
|t:|1665013403
|-start|p2a: Arceus|Dynamax|
|-heal|p2a: Arceus|87/100|[silent]
|move|p1a: Zacian|Close Combat|p2a: Arceus
|-supereffective|p2a: Arceus
|-damage|p2a: Arceus|34/100
|-unboost|p1a: Zacian|def|1
|-unboost|p1a: Zacian|spd|1
|move|p2a: Arceus|Max Strike|p1a: Zacian
|-resisted|p1a: Zacian
|-damage|p1a: Zacian|10/100
|-unboost|p1a: Zacian|spe|1
|
|upkeep
|turn|8
|
|t:|1665013412
|move|p2a: Arceus|Max Phantasm|p1a: Zacian
|-damage|p1a: Zacian|0 fnt
|faint|p1a: Zacian
|
|upkeep
|
|t:|1665013435
|switch|p1a: Groudon|Groudon|100/100
|detailschange|p1a: Groudon|Groudon-Primal
|-primal|p1a: Groudon
|-weather|DesolateLand|[from] ability: Desolate Land|[of] p1a: Groudon
|turn|9
|
|t:|1665013438
|move|p2a: Arceus|Max Strike|p1a: Groudon
|-damage|p1a: Groudon|19/100
|-unboost|p1a: Groudon|spe|1
|move|p1a: Groudon|Precipice Blades|p2a: Arceus
|-damage|p2a: Arceus|10/100
|
|-weather|DesolateLand|[upkeep]
|upkeep
|-end|p2a: Arceus|Dynamax
|-heal|p2a: Arceus|10/100|[silent]
|turn|10
|
|t:|1665013442
|move|p2a: Arceus|Recover|p2a: Arceus
|-heal|p2a: Arceus|60/100
|move|p1a: Groudon|Rock Tomb|p2a: Arceus
|-crit|p2a: Arceus
|-damage|p2a: Arceus|38/100
|-unboost|p2a: Arceus|spe|1
|
|-weather|DesolateLand|[upkeep]
|upkeep
|turn|11
|
|t:|1665013446
|move|p2a: Arceus|Recover|p2a: Arceus
|-heal|p2a: Arceus|88/100
|move|p1a: Groudon|Precipice Blades|p2a: Arceus
|-damage|p2a: Arceus|40/100
|
|-weather|DesolateLand|[upkeep]
|upkeep
|turn|12
|
|t:|1665013449
|move|p2a: Arceus|Recover|p2a: Arceus
|-heal|p2a: Arceus|90/100
|move|p1a: Groudon|Precipice Blades|p2a: Arceus
|-damage|p2a: Arceus|39/100
|
|-weather|DesolateLand|[upkeep]
|upkeep
|turn|13
|
|t:|1665013451
|move|p2a: Arceus|Recover|p2a: Arceus
|-heal|p2a: Arceus|90/100
|move|p1a: Groudon|Precipice Blades|p2a: Arceus|[miss]
|-miss|p1a: Groudon|p2a: Arceus
|
|-weather|DesolateLand|[upkeep]
|upkeep
|turn|14
|
|t:|1665013458
|move|p2a: Arceus|Swords Dance|p2a: Arceus
|-boost|p2a: Arceus|atk|2
|move|p1a: Groudon|Precipice Blades|p2a: Arceus
|-damage|p2a: Arceus|46/100
|
|-weather|DesolateLand|[upkeep]
|upkeep
|turn|15
|
|t:|1665013460
|move|p2a: Arceus|Recover|p2a: Arceus
|-heal|p2a: Arceus|97/100
|move|p1a: Groudon|Precipice Blades|p2a: Arceus
|-damage|p2a: Arceus|51/100
|
|-weather|DesolateLand|[upkeep]
|upkeep
|turn|16
|
|t:|1665013462
|move|p2a: Arceus|Recover|p2a: Arceus
|-heal|p2a: Arceus|100/100
|move|p1a: Groudon|Roar|p2a: Arceus
|drag|p2a: Arceus|Arceus-Fairy|100/100
|
|-weather|DesolateLand|[upkeep]
|upkeep
|turn|17
|
|t:|1665013466
|-weather|none
|switch|p1a: Necrozma|Necrozma-Dusk-Mane|100/100
|move|p2a: Arceus|Judgment|p1a: Necrozma
|-resisted|p1a: Necrozma
|-damage|p1a: Necrozma|80/100
|
|upkeep
|turn|18
|
|t:|1665013468
|move|p2a: Arceus|Thunder Wave|p1a: Necrozma
|-status|p1a: Necrozma|par
|move|p1a: Necrozma|Sunsteel Strike|p2a: Arceus
|-supereffective|p2a: Arceus
|-damage|p2a: Arceus|37/100
|
|upkeep
|turn|19
|
|t:|1665013471
|move|p2a: Arceus|Recover|p2a: Arceus
|-heal|p2a: Arceus|88/100
|move|p1a: Necrozma|Sunsteel Strike|p2a: Arceus
|-supereffective|p2a: Arceus
|-damage|p2a: Arceus|18/100
|
|upkeep
|turn|20
|
|t:|1665013474
|move|p2a: Arceus|Recover|p2a: Arceus
|-heal|p2a: Arceus|68/100
|cant|p1a: Necrozma|par
|
|upkeep
|turn|21
|
|t:|1665013479
|switch|p2a: the goat|Zygarde, shiny|100/100
|move|p1a: Necrozma|Sunsteel Strike|p2a: the goat
|-damage|p2a: the goat|73/100
|
|-heal|p2a: the goat|80/100|[from] item: Leftovers
|upkeep
|turn|22
|
|t:|1665013482
|move|p2a: the goat|Substitute|p2a: the goat
|-start|p2a: the goat|Substitute
|-damage|p2a: the goat|55/100
|move|p1a: Necrozma|Knock Off|p2a: the goat
|-activate|p2a: the goat|move: Substitute|[damage]
|
|-heal|p2a: the goat|61/100|[from] item: Leftovers
|upkeep
|turn|23
|
|t:|1665013487
|switch|p1a: Groudon|Groudon-Primal|19/100
|-weather|DesolateLand|[from] ability: Desolate Land|[of] p1a: Groudon
|move|p2a: the goat|Coil|p2a: the goat
|-boost|p2a: the goat|atk|1
|-boost|p2a: the goat|def|1
|-boost|p2a: the goat|accuracy|1
|
|-weather|DesolateLand|[upkeep]
|-heal|p2a: the goat|67/100|[from] item: Leftovers
|upkeep
|turn|24
|
|t:|1665013490
|move|p2a: the goat|Thousand Arrows|p1a: Groudon
|-supereffective|p1a: Groudon
|-damage|p1a: Groudon|0 fnt
|faint|p1a: Groudon
|-weather|none
|
|-heal|p2a: the goat|73/100|[from] item: Leftovers
|upkeep
|
|t:|1665013493
|switch|p1a: Yveltal|Yveltal|100/100
|-ability|p1a: Yveltal|Dark Aura
|turn|25
|
|t:|1665013497
|move|p2a: the goat|Glare|p1a: Yveltal
|-status|p1a: Yveltal|par
|cant|p1a: Yveltal|par
|
|-heal|p2a: the goat|79/100|[from] item: Leftovers
|upkeep
|turn|26
|
|t:|1665013500
|move|p2a: the goat|Thousand Arrows|p1a: Yveltal
|-damage|p1a: Yveltal|67/100 par
|-start|p1a: Yveltal|Smack Down
|move|p1a: Yveltal|Snarl|p2a: the goat
|-damage|p2a: the goat|55/100
|-unboost|p2a: the goat|spa|1
|
|-heal|p2a: the goat|61/100|[from] item: Leftovers
|upkeep
|turn|27
|
|t:|1665013504
|move|p2a: the goat|Thousand Arrows|p1a: Yveltal
|-damage|p1a: Yveltal|31/100 par
|move|p1a: Yveltal|Snarl|p2a: the goat
|-damage|p2a: the goat|34/100
|-unboost|p2a: the goat|spa|1
|
|-heal|p2a: the goat|40/100|[from] item: Leftovers
|-activate|p2a: the goat|ability: Power Construct
|detailschange|p2a: the goat|Zygarde-Complete, shiny
|-heal|p2a: the goat|60/100|[silent]
|upkeep
|turn|28
|
|t:|1665013507
|move|p2a: the goat|Thousand Arrows|p1a: Yveltal
|-damage|p1a: Yveltal|0 fnt
|faint|p1a: Yveltal
|
|-heal|p2a: the goat|67/100|[from] item: Leftovers
|upkeep
|
|t:|1665013510
|switch|p1a: Rayquaza|Rayquaza-Mega|71/100
|-weather|DeltaStream|[from] ability: Delta Stream|[of] p1a: Rayquaza
|turn|29
|
|t:|1665013521
|move|p1a: Rayquaza|Dragon Ascent|p2a: the goat
|-crit|p2a: the goat
|-end|p2a: the goat|Substitute
|-unboost|p1a: Rayquaza|def|1
|-unboost|p1a: Rayquaza|spd|1
|-damage|p1a: Rayquaza|61/100|[from] item: Life Orb
|move|p2a: the goat|Glare|p1a: Rayquaza
|-status|p1a: Rayquaza|par
|
|-weather|DeltaStream|[upkeep]
|-heal|p2a: the goat|73/100|[from] item: Leftovers
|upkeep
|turn|30
|
|t:|1665013533
|move|p2a: the goat|Substitute|p2a: the goat
|-start|p2a: the goat|Substitute
|-damage|p2a: the goat|48/100
|move|p1a: Rayquaza|Dragon Ascent|p2a: the goat
|-end|p2a: the goat|Substitute
|-unboost|p1a: Rayquaza|def|1
|-unboost|p1a: Rayquaza|spd|1
|-damage|p1a: Rayquaza|51/100 par|[from] item: Life Orb
|
|-weather|DeltaStream|[upkeep]
|-heal|p2a: the goat|54/100|[from] item: Leftovers
|upkeep
|turn|31
|
|t:|1665013553
|move|p2a: the goat|Substitute|p2a: the goat
|-start|p2a: the goat|Substitute
|-damage|p2a: the goat|29/100
|move|p1a: Rayquaza|Dragon Ascent|p2a: the goat
|-end|p2a: the goat|Substitute
|-unboost|p1a: Rayquaza|def|1
|-unboost|p1a: Rayquaza|spd|1
|-damage|p1a: Rayquaza|41/100 par|[from] item: Life Orb
|
|-weather|DeltaStream|[upkeep]
|-heal|p2a: the goat|35/100|[from] item: Leftovers
|upkeep
|turn|32
|
|t:|1665013560
|move|p2a: the goat|Substitute|p2a: the goat
|-start|p2a: the goat|Substitute
|-damage|p2a: the goat|10/100
|move|p1a: Rayquaza|Dragon Ascent|p2a: the goat
|-end|p2a: the goat|Substitute
|-unboost|p1a: Rayquaza|def|1
|-unboost|p1a: Rayquaza|spd|1
|-damage|p1a: Rayquaza|31/100 par|[from] item: Life Orb
|
|-weather|DeltaStream|[upkeep]
|-heal|p2a: the goat|16/100|[from] item: Leftovers
|upkeep
|turn|33
|
|t:|1665013574
|move|p2a: the goat|Thousand Arrows|p1a: Rayquaza
|-damage|p1a: Rayquaza|0 fnt
|faint|p1a: Rayquaza
|-weather|none
|
|-heal|p2a: the goat|22/100|[from] item: Leftovers
|upkeep
|
|t:|1665013578
|switch|p1a: Calyrex|Calyrex-Shadow|100/100
|-ability|p1a: Calyrex|As One
|-ability|p1a: Calyrex|Unnerve
|turn|34
|
|t:|1665013585
|switch|p2a: Arceus|Arceus|100/100
|move|p1a: Calyrex|Psyshock|p2a: Arceus
|-damage|p2a: Arceus|65/100
|
|upkeep
|turn|35
|
|t:|1665013590
|-start|p1a: Calyrex|Dynamax|
|-heal|p1a: Calyrex|100/100|[silent]
|move|p1a: Calyrex|Max Mindstorm|p2a: Arceus
|-damage|p2a: Arceus|7/100
|-fieldstart|move: Psychic Terrain
|move|p2a: Arceus|Recover|p2a: Arceus
|-heal|p2a: Arceus|57/100
|
|upkeep
|turn|36
|c|☆BasakBooster2|if i got one para
|c|☆BasakBooster2|id of won lol
|
|t:|1665013612
|switch|p2a: the goat|Zygarde-Complete, shiny|22/100
|move|p1a: Calyrex|Max Mindstorm|p2a: the goat
|-damage|p2a: the goat|0 fnt
|faint|p2a: the goat
|-ability|p1a: Calyrex|Grim Neigh|boost
|-boost|p1a: Calyrex|spa|1
|
|upkeep
|
|t:|1665013616
|switch|p2a: Arceus|Arceus-Fairy|68/100
|turn|37
|
|t:|1665013620
|move|p1a: Calyrex|Max Phantasm|p2a: Arceus
|-damage|p2a: Arceus|4/100
|-unboost|p2a: Arceus|def|1
|move|p2a: Arceus|Thunder Wave|p1a: Calyrex
|-status|p1a: Calyrex|par
|
|upkeep
|-end|p1a: Calyrex|Dynamax
|-heal|p1a: Calyrex|100/100 par|[silent]
|turn|38
|
|t:|1665013637
|switch|p2a: Arceus|Arceus|57/100
|cant|p1a: Calyrex|par
|
|upkeep
|turn|39
|
|t:|1665013641
|cant|p1a: Calyrex|par
|move|p2a: Arceus|Recover|p2a: Arceus
|-heal|p2a: Arceus|100/100
|
|-fieldend|move: Psychic Terrain
|upkeep
|turn|40
|
|t:|1665013645
|move|p1a: Calyrex|Psyshock|p2a: Arceus
|-damage|p2a: Arceus|54/100
|move|p2a: Arceus|Shadow Claw|p1a: Calyrex
|-supereffective|p1a: Calyrex
|-damage|p1a: Calyrex|0 fnt
|faint|p1a: Calyrex
|
|upkeep
|
|t:|1665013647
|switch|p1a: Necrozma|Necrozma-Dusk-Mane|80/100 par
|turn|41
|
|t:|1665013655
|move|p2a: Arceus|Recover|p2a: Arceus
|-heal|p2a: Arceus|100/100
|move|p1a: Necrozma|Sunsteel Strike|p2a: Arceus
|-damage|p2a: Arceus|67/100
|
|upkeep
|turn|42
|-message|Puigson forfeited.
|
|win|BasakBooster2
|raw|Puigson's rating: 1770 &rarr; <strong>1752</strong><br />(-18 for losing)
|raw|BasakBooster2's rating: 1806 &rarr; <strong>1824</strong><br />(+18 for winning)
|l|☆Puigson
|c|☆BasakBooster2|good lord
|c|☆BasakBooster2|im that guy]
||Ladder isn't responding, score probably updated but might not have (Request timeout).
