|j|☆Master kushagra
|j|☆OhHiMark493
|inactive|Battle timer is ON: inactive players will automatically lose when time's up.
|t:|1667397314
|gametype|singles
|player|p1|Master kushagra|leon-masters|
|player|p2|OhHiMark493|blue|
|teamsize|p1|6
|teamsize|p2|6
|gen|8
|tier|[Gen 8] National Dex AG
|rated|Tournament battle
|rule|HP Percentage Mod: HP is shown in percentages
|rule|Endless Battle Clause: Forcing endless battles is banned
|clearpoke
|poke|p1|Arceus-*|
|poke|p1|Zacian-*|
|poke|p1|Rayquaza|
|poke|p1|Yveltal|
|poke|p1|Calyrex-Shadow|
|poke|p1|Xerneas-*|
|poke|p2|Smeargle, M|
|poke|p2|Necrozma-Dusk-Mane|
|poke|p2|Arceus-*|
|poke|p2|Rayquaza|
|poke|p2|Xerneas-*|
|poke|p2|Groudon|
|teampreview
|j| billette
|inactive|OhHiMark493 also wants the timer to be on.
|j| Cheese Miestro
|j| Karlaaaaaa
|
|t:|1667397322
|start
|switch|p1a: Arceus|Arceus-Ground|100/100
|switch|p2a: Smeargle|Smeargle, M|100/100
|turn|1
|
|t:|1667397327
|move|p1a: Arceus|Magic Coat|p1a: Arceus
|-singleturn|p1a: Arceus|move: Magic Coat
|move|p2a: Smeargle|Sticky Web|p1a: Arceus
|move|p1a: Arceus|Sticky Web|p2a: Smeargle|[from]Magic Coat
|-sidestart|p2: OhHiMark493|move: Sticky Web
|
|upkeep
|turn|2
|
|t:|1667397332
|move|p1a: Arceus|Earthquake|p2a: Smeargle
|-enditem|p2a: Smeargle|Focus Sash
|-damage|p2a: Smeargle|1/100
|move|p2a: Smeargle|Sticky Web|p1a: Arceus
|-sidestart|p1: Master kushagra|move: Sticky Web
|
|upkeep
|turn|3
|
|t:|1667397338
|move|p1a: Arceus|Earthquake|p2a: Smeargle
|-damage|p2a: Smeargle|0 fnt
|faint|p2a: Smeargle
|
|upkeep
|
|t:|1667397349
|switch|p2a: Groudon|Groudon|100/100
|-activate|p2a: Groudon|move: Sticky Web
|-unboost|p2a: Groudon|spe|1
|detailschange|p2a: Groudon|Groudon-Primal
|-primal|p2a: Groudon
|-weather|DesolateLand|[from] ability: Desolate Land|[of] p2a: Groudon
|turn|4
|
|t:|1667397363
|-zpower|p1a: Arceus
|move|p1a: Arceus|Tectonic Rage|p2a: Groudon|[zeffect]
|-supereffective|p2a: Groudon
|-damage|p2a: Groudon|0 fnt
|faint|p2a: Groudon
|-weather|none
|
|upkeep
|
|t:|1667397384
|switch|p2a: Rayquaza|Rayquaza|100/100
|-ability|p2a: Rayquaza|Air Lock
|turn|5
|
|t:|1667397391
|detailschange|p2a: Rayquaza|Rayquaza-Mega
|-mega|p2a: Rayquaza|Rayquaza|
|-weather|DeltaStream|[from] ability: Delta Stream|[of] p2a: Rayquaza
|move|p2a: Rayquaza|Swords Dance|p2a: Rayquaza
|-boost|p2a: Rayquaza|atk|2
|move|p1a: Arceus|Stone Edge|p2a: Rayquaza
|-activate||deltastream
|-damage|p2a: Rayquaza|63/100
|
|-weather|DeltaStream|[upkeep]
|upkeep
|turn|6
|
|t:|1667397403
|move|p2a: Rayquaza|Dragon Ascent|p1a: Arceus
|-damage|p1a: Arceus|0 fnt
|-unboost|p2a: Rayquaza|def|1
|-unboost|p2a: Rayquaza|spd|1
|faint|p1a: Arceus
|-damage|p2a: Rayquaza|53/100|[from] item: Life Orb
|
|-weather|DeltaStream|[upkeep]
|upkeep
|
|t:|1667397407
|switch|p1a: Rayquaza|Rayquaza|100/100
|-ability|p1a: Rayquaza|Air Lock
|turn|7
|
|t:|1667397409
|detailschange|p1a: Rayquaza|Rayquaza-Mega
|-mega|p1a: Rayquaza|Rayquaza|
|move|p2a: Rayquaza|Extreme Speed|p1a: Rayquaza
|-damage|p1a: Rayquaza|3/100
|-damage|p2a: Rayquaza|43/100|[from] item: Life Orb
|move|p1a: Rayquaza|Dragon Ascent|p2a: Rayquaza
|-damage|p2a: Rayquaza|0 fnt
|-unboost|p1a: Rayquaza|def|1
|-unboost|p1a: Rayquaza|spd|1
|faint|p2a: Rayquaza
|
|-weather|DeltaStream|[upkeep]
|upkeep
|
|t:|1667397418
|switch|p2a: Arceus|Arceus-Ghost|100/100
|-activate|p2a: Arceus|move: Sticky Web
|-unboost|p2a: Arceus|spe|1
|turn|8
|
|t:|1667397428
|move|p1a: Rayquaza|Dragon Ascent|p2a: Arceus
|-damage|p2a: Arceus|33/100
|-unboost|p1a: Rayquaza|def|1
|-unboost|p1a: Rayquaza|spd|1
|move|p2a: Arceus|Shadow Force||[still]
|-prepare|p2a: Arceus|Shadow Force
|
|-weather|DeltaStream|[upkeep]
|upkeep
|turn|9
|
|t:|1667397436
|-weather|none
|switch|p1a: Yveltal|Yveltal, shiny|100/100
|-ability|p1a: Yveltal|Dark Aura
|move|p2a: Arceus|Shadow Force|p1a: Yveltal|[from]lockedmove
|-resisted|p1a: Yveltal
|-damage|p1a: Yveltal|71/100
|
|upkeep
|turn|10
|
|t:|1667397443
|move|p1a: Yveltal|Oblivion Wing|p2a: Arceus
|-damage|p2a: Arceus|0 fnt
|-heal|p1a: Yveltal|94/100|[from] drain|[of] p2a: Arceus
|faint|p2a: Arceus
|-damage|p1a: Yveltal|84/100|[from] item: Life Orb
|
|upkeep
|
|t:|1667397448
|switch|p2a: Xerneas|Xerneas|100/100
|-activate|p2a: Xerneas|move: Sticky Web
|-unboost|p2a: Xerneas|spe|1
|-ability|p2a: Xerneas|Fairy Aura
|turn|11
|
|t:|1667397454
|-start|p1a: Yveltal|Dynamax|
|-heal|p1a: Yveltal|84/100|[silent]
|move|p1a: Yveltal|Max Airstream|p2a: Xerneas
|-damage|p2a: Xerneas|26/100
|-boost|p1a: Yveltal|spe|1
|-damage|p1a: Yveltal|79/100|[from] item: Life Orb
|move|p2a: Xerneas|Geomancy||[still]
|-prepare|p2a: Xerneas|Geomancy
|-enditem|p2a: Xerneas|Power Herb
|-anim|p2a: Xerneas|Geomancy|p2a: Xerneas
|-boost|p2a: Xerneas|spa|2
|-boost|p2a: Xerneas|spd|2
|-boost|p2a: Xerneas|spe|2
|
|upkeep
|turn|12
|
|t:|1667397459
|-start|p2a: Xerneas|Dynamax|
|-heal|p2a: Xerneas|26/100|[silent]
|move|p2a: Xerneas|Max Guard|p2a: Xerneas
|-singleturn|p2a: Xerneas|Max Guard
|move|p1a: Yveltal|Max Airstream|p2a: Xerneas
|-activate|p2a: Xerneas|move: Max Guard
|
|upkeep
|turn|13
|
|t:|1667397466
|move|p2a: Xerneas|Max Lightning|p1a: Yveltal
|-supereffective|p1a: Yveltal
|-damage|p1a: Yveltal|0 fnt
|-fieldstart|move: Electric Terrain
|faint|p1a: Yveltal
|
|upkeep
|
|t:|1667397473
|switch|p1a: Rayquaza|Rayquaza-Mega|3/100
|-weather|DeltaStream|[from] ability: Delta Stream|[of] p1a: Rayquaza
|turn|14
|
|t:|1667397478
|move|p2a: Xerneas|Max Lightning|p1a: Rayquaza
|-activate||deltastream
|-resisted|p1a: Rayquaza
|-damage|p1a: Rayquaza|0 fnt
|faint|p1a: Rayquaza
|-weather|none
|
|upkeep
|
|t:|1667397481
|switch|p1a: Zacian|Zacian-Crowned, shiny|100/100
|-activate|p1a: Zacian|move: Sticky Web
|-unboost|p1a: Zacian|spe|1
|-ability|p1a: Zacian|Intrepid Sword|boost
|-boost|p1a: Zacian|atk|1
|-end|p2a: Xerneas|Dynamax
|-heal|p2a: Xerneas|26/100|[silent]
|turn|15
|
|t:|1667397484
|move|p2a: Xerneas|Thunder|p1a: Zacian|[miss]
|-miss|p2a: Xerneas|p1a: Zacian
|move|p1a: Zacian|Behemoth Blade|p2a: Xerneas
|-supereffective|p2a: Xerneas
|-damage|p2a: Xerneas|0 fnt
|faint|p2a: Xerneas
|
|upkeep
|
|t:|1667397486
|switch|p2a: Necrozma|Necrozma-Dusk-Mane|100/100
|-activate|p2a: Necrozma|move: Sticky Web
|-unboost|p2a: Necrozma|spe|1
|turn|16
|
|t:|1667397496
|switch|p1a: Calyrex|Calyrex-Shadow|100/100
|-ability|p1a: Calyrex|As One
|-ability|p1a: Calyrex|Unnerve
|-activate|p1a: Calyrex|move: Sticky Web
|-unboost|p1a: Calyrex|spe|1
|move|p2a: Necrozma|Dragon Dance|p2a: Necrozma
|-boost|p2a: Necrozma|atk|1
|-boost|p2a: Necrozma|spe|1
|
|upkeep
|turn|17
|
|t:|1667397510
|move|p1a: Calyrex|Astral Barrage|p2a: Necrozma
|-supereffective|p2a: Necrozma
|-damage|p2a: Necrozma|0 fnt
|faint|p2a: Necrozma
|
|win|Master kushagra
|n|☆Master kushagra|masterkushagra
|n|☆OhHiMark493|ohhimark493
|n| billette|billette
|n| Cheese Miestro|cheesemiestro
|n| Karlaaaaaa|karlaaaaaa
