|j|☆85792195wwww
|j|☆Jayki11
|player|p1|85792195wwww|lady|1786
|player|p2|Jayki11|red|1608
|teamsize|p1|6
|teamsize|p2|6
|gametype|singles
|gen|8
|tier|[Gen 8] National Dex AG
|rated|
|clearpoke
|poke|p1|Rayquaza|
|poke|p1|Zacian-Crowned|
|poke|p1|Ditto|
|poke|p1|Kyogre|
|poke|p1|Excadrill, M|
|poke|p1|Arceus-*|
|poke|p2|Yveltal|
|poke|p2|Groudon|
|poke|p2|Ho-Oh|
|poke|p2|Rayquaza|
|poke|p2|Zacian-Crowned|
|poke|p2|Necrozma-Dusk-Mane|
|rule|HP Percentage Mod: HP is shown in percentages
|rule|Endless Battle Clause: Forcing endless battles is banned
|teampreview
|
|start
|switch|p1a: Zacian|Zacian-Crowned|100/100
|switch|p2a: Groudon|Groudon|100/100
|-ability|p1a: Zacian|Intrepid Sword|boost
|-boost|p1a: Zacian|atk|1
|detailschange|p2a: Groudon|Groudon-Primal
|-primal|p2a: Groudon
|-weather|DesolateLand|[from] ability: Desolate Land|[of] p2a: Groudon
|turn|1
|inactive|Battle timer is ON: inactive players will automatically lose when time's up. (requested by Jayki11)
|
|switch|p1a: Excadrill|Excadrill, M|100/100
|-ability|p1a: Excadrill|Mold Breaker
|move|p2a: Groudon|Stealth Rock|p1a: Excadrill
|-sidestart|p1: 85792195wwww|move: Stealth Rock
|
|-weather|DesolateLand|[upkeep]
|upkeep
|turn|2
|
|move|p1a: Excadrill|Stealth Rock|p2a: Groudon
|-sidestart|p2: Jayki11|move: Stealth Rock
|move|p2a: Groudon|Rock Tomb|p1a: Excadrill
|-resisted|p1a: Excadrill
|-damage|p1a: Excadrill|93/100
|-unboost|p1a: Excadrill|spe|1
|
|-weather|DesolateLand|[upkeep]
|upkeep
|turn|3
|
|switch|p1a: Rayquaza|Rayquaza|100/100
|-damage|p1a: Rayquaza|76/100|[from] Stealth Rock
|-ability|p1a: Rayquaza|Air Lock
|move|p2a: Groudon|Precipice Blades|p1a: Rayquaza
|-immune|p1a: Rayquaza
|
|-weather|DesolateLand|[upkeep]
|upkeep
|turn|4
|
|detailschange|p1a: Rayquaza|Rayquaza-Mega
|-mega|p1a: Rayquaza|Rayquaza|
|-weather|DeltaStream|[from] ability: Delta Stream|[of] p1a: Rayquaza
|move|p1a: Rayquaza|Dragon Dance|p1a: Rayquaza
|-boost|p1a: Rayquaza|atk|1
|-boost|p1a: Rayquaza|spe|1
|move|p2a: Groudon|Toxic|p1a: Rayquaza
|-status|p1a: Rayquaza|tox
|
|-weather|DeltaStream|[upkeep]
|-damage|p1a: Rayquaza|70/100 tox|[from] psn
|upkeep
|turn|5
|
|move|p1a: Rayquaza|Earthquake|p2a: Groudon
|-supereffective|p2a: Groudon
|-damage|p2a: Groudon|1/100
|-damage|p1a: Rayquaza|60/100 tox|[from] item: Life Orb
|move|p2a: Groudon|Rock Tomb|p1a: Rayquaza
|-activate||deltastream
|-damage|p1a: Rayquaza|38/100 tox
|-unboost|p1a: Rayquaza|spe|1
|
|-weather|DeltaStream|[upkeep]
|-damage|p1a: Rayquaza|26/100 tox|[from] psn
|upkeep
|turn|6
|
|switch|p2a: Ho-Oh|Ho-Oh|100/100
|move|p1a: Rayquaza|Extreme Speed|p2a: Ho-Oh
|-damage|p2a: Ho-Oh|48/100
|-damage|p1a: Rayquaza|16/100 tox|[from] item: Life Orb
|
|-weather|DeltaStream|[upkeep]
|-damage|p1a: Rayquaza|0 fnt|[from] psn
|faint|p1a: Rayquaza
|-weather|none
|upkeep
|
|switch|p1a: Excadrill|Excadrill, M|93/100
|-damage|p1a: Excadrill|90/100|[from] Stealth Rock
|-ability|p1a: Excadrill|Mold Breaker
|turn|7
|
|switch|p2a: Groudon|Groudon-Primal|1/100
|-damage|p2a: Groudon|0 fnt|[from] Stealth Rock
|faint|p2a: Groudon
|move|p1a: Excadrill|Rapid Spin|p2: Groudon|[notarget]
|-fail|p1a: Excadrill
|
|upkeep
|
|switch|p2a: Ho-Oh|Ho-Oh|81/100
|turn|8
|
|move|p1a: Excadrill|Rapid Spin|p2a: Ho-Oh
|-damage|p2a: Ho-Oh|70/100
|-boost|p1a: Excadrill|spe|1
|-sideend|p1: 85792195wwww|Stealth Rock|[from] move: Rapid Spin|[of] p1a: Excadrill
|move|p2a: Ho-Oh|Sacred Fire|p1a: Excadrill
|-supereffective|p1a: Excadrill
|-damage|p1a: Excadrill|0 fnt
|faint|p1a: Excadrill
|
|upkeep
|
|switch|p1a: Kyogre|Kyogre|100/100
|detailschange|p1a: Kyogre|Kyogre-Primal
|-primal|p1a: Kyogre
|-weather|PrimordialSea|[from] ability: Primordial Sea|[of] p1a: Kyogre
|turn|9
|
|move|p1a: Kyogre|Water Spout|p2a: Ho-Oh
|-supereffective|p2a: Ho-Oh
|-damage|p2a: Ho-Oh|0 fnt
|faint|p2a: Ho-Oh
|
|-weather|PrimordialSea|[upkeep]
|upkeep
|
|switch|p2a: Rayquaza|Rayquaza|100/100
|-damage|p2a: Rayquaza|76/100|[from] Stealth Rock
|-ability|p2a: Rayquaza|Air Lock
|turn|10
|
|-weather|none
|switch|p1a: Zacian|Zacian-Crowned|100/100
|-ability|p1a: Zacian|Intrepid Sword|boost
|-boost|p1a: Zacian|atk|1
|detailschange|p2a: Rayquaza|Rayquaza-Mega
|-mega|p2a: Rayquaza|Rayquaza|
|-weather|DeltaStream|[from] ability: Delta Stream|[of] p2a: Rayquaza
|move|p2a: Rayquaza|Draco Meteor|p1a: Zacian
|-immune|p1a: Zacian
|
|-weather|DeltaStream|[upkeep]
|upkeep
|turn|11
|
|-weather|none
|switch|p2a: Necrozma|Necrozma-Dusk-Mane|100/100
|-damage|p2a: Necrozma|95/100|[from] Stealth Rock
|move|p1a: Zacian|Behemoth Blade|p2a: Necrozma
|-resisted|p2a: Necrozma
|-damage|p2a: Necrozma|48/100
|
|upkeep
|turn|12
|
|move|p1a: Zacian|Close Combat|p2a: Necrozma
|-crit|p2a: Necrozma
|-damage|p2a: Necrozma|0 fnt
|-unboost|p1a: Zacian|def|1
|-unboost|p1a: Zacian|spd|1
|faint|p2a: Necrozma
|
|upkeep
|
|switch|p2a: Rayquaza|Rayquaza-Mega|76/100
|-damage|p2a: Rayquaza|51/100|[from] Stealth Rock
|-weather|DeltaStream|[from] ability: Delta Stream|[of] p2a: Rayquaza
|turn|13
|
|switch|p1a: Kyogre|Kyogre-Primal|100/100
|-weather|PrimordialSea|[from] ability: Primordial Sea|[of] p1a: Kyogre
|move|p2a: Rayquaza|Dragon Ascent|p1a: Kyogre
|-damage|p1a: Kyogre|27/100
|-unboost|p2a: Rayquaza|def|1
|-unboost|p2a: Rayquaza|spd|1
|
|-weather|PrimordialSea|[upkeep]
|upkeep
|turn|14
|
|move|p2a: Rayquaza|Dragon Ascent|p1a: Kyogre
|-damage|p1a: Kyogre|0 fnt
|-unboost|p2a: Rayquaza|def|1
|-unboost|p2a: Rayquaza|spd|1
|faint|p1a: Kyogre
|-weather|none
|
|upkeep
|
|switch|p1a: Arceus|Arceus|100/100
|turn|15
|
|switch|p2a: Zacian|Zacian-Crowned|100/100
|-damage|p2a: Zacian|94/100|[from] Stealth Rock
|-ability|p2a: Zacian|Intrepid Sword|boost
|-boost|p2a: Zacian|atk|1
|move|p1a: Arceus|Extreme Speed|p2a: Zacian
|-resisted|p2a: Zacian
|-damage|p2a: Zacian|69/100
|-damage|p1a: Arceus|91/100|[from] item: Life Orb
|
|upkeep
|turn|16
|
|switch|p1a: Zacian|Zacian-Crowned|100/100
|-ability|p1a: Zacian|Intrepid Sword|boost
|-boost|p1a: Zacian|atk|1
|move|p2a: Zacian|Close Combat|p1a: Zacian
|-damage|p1a: Zacian|20/100
|-unboost|p2a: Zacian|def|1
|-unboost|p2a: Zacian|spd|1
|
|upkeep
|turn|17
|
|move|p1a: Zacian|Behemoth Blade|p2a: Zacian
|-damage|p2a: Zacian|0 fnt
|faint|p2a: Zacian
|
|upkeep
|
|switch|p2a: Rayquaza|Rayquaza-Mega|51/100
|-damage|p2a: Rayquaza|26/100|[from] Stealth Rock
|-weather|DeltaStream|[from] ability: Delta Stream|[of] p2a: Rayquaza
|turn|18
|
|move|p2a: Rayquaza|Dragon Ascent|p1a: Zacian
|-resisted|p1a: Zacian
|-damage|p1a: Zacian|0 fnt
|-unboost|p2a: Rayquaza|def|1
|-unboost|p2a: Rayquaza|spd|1
|faint|p1a: Zacian
|
|-weather|DeltaStream|[upkeep]
|upkeep
|
|switch|p1a: Arceus|Arceus|91/100
|turn|19
|
|-weather|none
|switch|p2a: Yveltal|Yveltal|100/100
|-damage|p2a: Yveltal|76/100|[from] Stealth Rock
|-ability|p2a: Yveltal|Dark Aura
|move|p1a: Arceus|Extreme Speed|p2a: Yveltal
|-damage|p2a: Yveltal|24/100
|-damage|p1a: Arceus|81/100|[from] item: Life Orb
|
|upkeep
|turn|20
|
|-start|p1a: Arceus|Dynamax
|-heal|p1a: Arceus|81/100|[silent]
|-start|p2a: Yveltal|Dynamax
|-heal|p2a: Yveltal|24/100|[silent]
|move|p1a: Arceus|Max Strike|p2a: Yveltal
|-damage|p2a: Yveltal|0 fnt
|-damage|p1a: Arceus|76/100|[from] item: Life Orb
|faint|p2a: Yveltal
|
|upkeep
|
|switch|p2a: Rayquaza|Rayquaza-Mega|26/100
|-damage|p2a: Rayquaza|1/100|[from] Stealth Rock
|-weather|DeltaStream|[from] ability: Delta Stream|[of] p2a: Rayquaza
|turn|21
|
|move|p2a: Rayquaza|Dragon Ascent|p1a: Arceus
|-damage|p1a: Arceus|47/100
|-unboost|p2a: Rayquaza|def|1
|-unboost|p2a: Rayquaza|spd|1
|move|p1a: Arceus|Max Strike|p2a: Rayquaza
|-damage|p2a: Rayquaza|0 fnt
|-damage|p1a: Arceus|42/100|[from] item: Life Orb
|faint|p2a: Rayquaza
|-weather|none
|
|win|85792195wwww
|l|☆Jayki11
|raw|85792195wwww's rating: 1786 &rarr; <strong>1797</strong><br />(+11 for winning)
|raw|Jayki11's rating: 1608 &rarr; <strong>1598</strong><br />(-10 for losing)
