|j|☆shisky
|j|☆Wangboii
|t:|1661411087
|gametype|singles
|player|p1|shisky|169|1320
|player|p2|Wangboii|skyla|1489
|teamsize|p1|6
|teamsize|p2|6
|gen|8
|tier|[Gen 8] National Dex AG
|rated|
|rule|HP Percentage Mod: HP is shown in percentages
|rule|Endless Battle Clause: Forcing endless battles is banned
|clearpoke
|poke|p1|Arceus-*|
|poke|p1|Arceus-*|
|poke|p1|Arceus-*|
|poke|p1|Arceus-*|
|poke|p1|Arceus-*|
|poke|p1|Arceus-*|
|poke|p2|Calyrex-Shadow|
|poke|p2|Zacian-*|
|poke|p2|Rayquaza|
|poke|p2|Arceus-*|
|poke|p2|Eternatus|
|poke|p2|Azumarill, M|
|teampreview
|
|t:|1661411099
|start
|switch|p1a: Arceus|Arceus|100/100
|switch|p2a: Azumarill|Azumarill, M|100/100
|turn|1
|inactive|Battle timer is ON: inactive players will automatically lose when time's up. (requested by Wangboii)
|
|t:|1661411107
|-zpower|p1a: Arceus
|move|p1a: Arceus|Breakneck Blitz|p2a: Azumarill|[zeffect]
|-damage|p2a: Azumarill|10/100
|-enditem|p2a: Azumarill|Sitrus Berry|[eat]
|-heal|p2a: Azumarill|35/100|[from] item: Sitrus Berry
|move|p2a: Azumarill|Belly Drum||[still]
|-fail|p2a: Azumarill
|
|upkeep
|turn|2
|
|t:|1661411118
|move|p1a: Arceus|Extreme Speed|p2a: Azumarill
|-damage|p2a: Azumarill|0 fnt
|faint|p2a: Azumarill
|
|upkeep
|
|t:|1661411124
|switch|p2a: Rayquaza|Rayquaza|100/100
|-ability|p2a: Rayquaza|Air Lock
|turn|3
|
|t:|1661411137
|switch|p1a: Arceus|Arceus-Fairy|100/100
|detailschange|p2a: Rayquaza|Rayquaza-Mega
|-mega|p2a: Rayquaza|Rayquaza|
|-weather|DeltaStream|[from] ability: Delta Stream|[of] p2a: Rayquaza
|move|p2a: Rayquaza|Outrage|p1a: Arceus
|-immune|p1a: Arceus
|
|-weather|DeltaStream|[upkeep]
|upkeep
|turn|4
|
|t:|1661411148
|move|p1a: Arceus|Judgment|p2a: Rayquaza
|-supereffective|p2a: Rayquaza
|-damage|p2a: Rayquaza|4/100
|move|p2a: Rayquaza|V-create|p1a: Arceus
|-damage|p1a: Arceus|50/100
|-unboost|p2a: Rayquaza|spe|1
|-unboost|p2a: Rayquaza|def|1
|-unboost|p2a: Rayquaza|spd|1
|
|-weather|DeltaStream|[upkeep]
|upkeep
|turn|5
|
|t:|1661411158
|move|p1a: Arceus|Judgment|p2a: Rayquaza
|-supereffective|p2a: Rayquaza
|-damage|p2a: Rayquaza|0 fnt
|faint|p2a: Rayquaza
|-weather|none
|
|upkeep
|
|t:|1661411162
|switch|p2a: Eternatus|Eternatus|100/100
|-ability|p2a: Eternatus|Pressure
|turn|6
|
|t:|1661411174
|-start|p1a: Arceus|Dynamax|
|-heal|p1a: Arceus|50/100|[silent]
|move|p1a: Arceus|Max Quake|p2a: Eternatus
|-supereffective|p2a: Eternatus
|-damage|p2a: Eternatus|66/100
|-boost|p1a: Arceus|spd|1
|move|p2a: Eternatus|Sludge Bomb|p1a: Arceus
|-supereffective|p1a: Arceus
|-damage|p1a: Arceus|27/100
|-status|p1a: Arceus|psn
|
|-damage|p1a: Arceus|21/100 psn|[from] psn
|upkeep
|turn|7
|
|t:|1661411191
|move|p1a: Arceus|Max Quake|p2a: Eternatus
|-supereffective|p2a: Eternatus
|-damage|p2a: Eternatus|29/100
|-boost|p1a: Arceus|spd|1
|move|p2a: Eternatus|Sludge Bomb|p1a: Arceus
|-supereffective|p1a: Arceus
|-damage|p1a: Arceus|4/100 psn
|
|-damage|p1a: Arceus|0 fnt|[from] psn
|faint|p1a: Arceus
|upkeep
|
|t:|1661411210
|switch|p1a: Arceus|Arceus-Electric|100/100
|turn|8
|
|t:|1661411215
|move|p1a: Arceus|Ice Beam|p2a: Eternatus
|-supereffective|p2a: Eternatus
|-damage|p2a: Eternatus|0 fnt
|faint|p2a: Eternatus
|
|upkeep
|
|t:|1661411222
|switch|p2a: Arceus|Arceus|100/100
|turn|9
|
|t:|1661411226
|move|p1a: Arceus|Judgment|p2a: Arceus
|-damage|p2a: Arceus|54/100
|move|p2a: Arceus|Earthquake|p1a: Arceus
|-supereffective|p1a: Arceus
|-damage|p1a: Arceus|51/100
|
|-heal|p2a: Arceus|60/100|[from] item: Leftovers
|upkeep
|turn|10
|
|t:|1661411235
|move|p1a: Arceus|Judgment|p2a: Arceus
|-damage|p2a: Arceus|16/100
|move|p2a: Arceus|Earthquake|p1a: Arceus
|-supereffective|p1a: Arceus
|-crit|p1a: Arceus
|-damage|p1a: Arceus|0 fnt
|faint|p1a: Arceus
|
|-heal|p2a: Arceus|23/100|[from] item: Leftovers
|upkeep
|
|t:|1661411248
|switch|p1a: Arceus|Arceus-Ground|100/100
|turn|11
|
|t:|1661411256
|move|p2a: Arceus|Extreme Speed|p1a: Arceus
|-damage|p1a: Arceus|71/100
|move|p1a: Arceus|Judgment|p2a: Arceus
|-damage|p2a: Arceus|0 fnt
|faint|p2a: Arceus
|
|upkeep
|
|t:|1661411264
|switch|p2a: Calyrex|Calyrex-Shadow|100/100
|-ability|p2a: Calyrex|As One
|-ability|p2a: Calyrex|Unnerve
|turn|12
|
|t:|1661411270
|switch|p1a: Arceus|Arceus-Dark|100/100
|-start|p2a: Calyrex|Dynamax|
|-heal|p2a: Calyrex|100/100|[silent]
|move|p2a: Calyrex|Max Phantasm|p1a: Arceus
|-resisted|p1a: Arceus
|-damage|p1a: Arceus|61/100
|-unboost|p1a: Arceus|def|1
|-damage|p2a: Calyrex|96/100|[from] item: Life Orb
|
|upkeep
|turn|13
|
|t:|1661411282
|move|p2a: Calyrex|Max Darkness|p1a: Arceus
|-resisted|p1a: Arceus
|-damage|p1a: Arceus|40/100
|-unboost|p1a: Arceus|spd|1
|-damage|p2a: Calyrex|91/100|[from] item: Life Orb
|move|p1a: Arceus|Judgment|p2a: Calyrex
|-supereffective|p2a: Calyrex
|-damage|p2a: Calyrex|0 fnt
|faint|p2a: Calyrex
|
|upkeep
|
|t:|1661411292
|switch|p2a: Zacian|Zacian-Crowned|100/100
|-ability|p2a: Zacian|Intrepid Sword|boost
|-boost|p2a: Zacian|atk|1
|turn|14
|
|t:|1661411304
|move|p2a: Zacian|Behemoth Blade|p1a: Arceus
|-damage|p1a: Arceus|0 fnt
|faint|p1a: Arceus
|
|upkeep
|
|t:|1661411312
|switch|p1a: Arceus|Arceus-Steel|100/100
|turn|15
|
|t:|1661411317
|move|p2a: Zacian|Behemoth Blade|p1a: Arceus
|-resisted|p1a: Arceus
|-damage|p1a: Arceus|73/100
|move|p1a: Arceus|Judgment|p2a: Zacian
|-damage|p2a: Zacian|56/100
|
|upkeep
|turn|16
|
|t:|1661411328
|move|p2a: Zacian|Wild Charge|p1a: Arceus
|-damage|p1a: Arceus|44/100
|-damage|p2a: Zacian|46/100|[from] Recoil
|move|p1a: Arceus|Judgment|p2a: Zacian
|-damage|p2a: Zacian|2/100
|
|upkeep
|turn|17
|
|t:|1661411337
|move|p2a: Zacian|Behemoth Blade|p1a: Arceus
|-resisted|p1a: Arceus
|-damage|p1a: Arceus|19/100
|move|p1a: Arceus|Recover|p1a: Arceus
|-heal|p1a: Arceus|69/100
|
|upkeep
|turn|18
|
|t:|1661411344
|move|p2a: Zacian|Swords Dance|p2a: Zacian
|-boost|p2a: Zacian|atk|2
|move|p1a: Arceus|Judgment|p2a: Zacian
|-damage|p2a: Zacian|0 fnt
|faint|p2a: Zacian
|
|win|shisky
|raw|shisky's rating: 1320 &rarr; <strong>1349</strong><br />(+29 for winning)
|raw|Wangboii's rating: 1489 &rarr; <strong>1460</strong><br />(-29 for losing)
|l|☆Wangboii
