|j|☆Hhhhhhhhhhhhx
|j|☆ElysiaX
|t:|1660184222
|gametype|singles
|player|p1|Hhhhhhhhhhhhx|hilbert-wonderlauncher|1375
|player|p2|ElysiaX|lillie-masters2|1452
|teamsize|p1|6
|teamsize|p2|6
|gen|8
|tier|[Gen 8] National Dex AG
|rated|
|rule|HP Percentage Mod: HP is shown in percentages
|rule|Endless Battle Clause: Forcing endless battles is banned
|clearpoke
|poke|p1|Solgaleo|
|poke|p1|Calyrex-Ice|
|poke|p1|Dracovish|
|poke|p1|Aegislash, M|
|poke|p1|Ditto|
|poke|p1|Groudon|
|poke|p2|Calyrex-Ice|
|poke|p2|Zacian-*|
|poke|p2|Vivillon, M|
|poke|p2|Yveltal|
|poke|p2|Groudon|
|poke|p2|Kyogre|
|teampreview
|inactive|Battle timer is ON: inactive players will automatically lose when time's up. (requested by ElysiaX)
|
|t:|1660184249
|start
|switch|p1a: Solgaleo|Solgaleo|100/100
|switch|p2a: Groudon|Groudon|100/100
|detailschange|p2a: Groudon|Groudon-Primal
|-primal|p2a: Groudon
|-weather|DesolateLand|[from] ability: Desolate Land|[of] p2a: Groudon
|turn|1
|
|t:|1660184270
|move|p2a: Groudon|Thunder Wave|p1a: Solgaleo
|-status|p1a: Solgaleo|par
|move|p1a: Solgaleo|Trick Room|p1a: Solgaleo
|-fieldstart|move: Trick Room|[of] p1a: Solgaleo
|
|-weather|DesolateLand|[upkeep]
|upkeep
|turn|2
|
|t:|1660184284
|move|p2a: Groudon|Stealth Rock|p1a: Solgaleo
|-sidestart|p1: Hhhhhhhhhhhhx|move: Stealth Rock
|move|p1a: Solgaleo|Teleport|p1a: Solgaleo
|
|t:|1660184288
|switch|p1a: Calyrex|Calyrex-Ice|100/100|[from]move: Teleport
|-ability|p1a: Calyrex|As One
|-ability|p1a: Calyrex|Unnerve
|-damage|p1a: Calyrex|75/100|[from] Stealth Rock
|
|-weather|DesolateLand|[upkeep]
|upkeep
|turn|3
|
|t:|1660184305
|-start|p1a: Calyrex|Dynamax|
|-heal|p1a: Calyrex|75/100|[silent]
|move|p1a: Calyrex|Max Quake|p2a: Groudon
|-supereffective|p2a: Groudon
|-damage|p2a: Groudon|28/100
|-boost|p1a: Calyrex|spd|1
|move|p2a: Groudon|Thunder Wave|p1a: Calyrex
|-status|p1a: Calyrex|par
|
|-weather|DesolateLand|[upkeep]
|upkeep
|turn|4
|
|t:|1660184317
|move|p1a: Calyrex|Max Quake|p2a: Groudon
|-supereffective|p2a: Groudon
|-damage|p2a: Groudon|0 fnt
|-boost|p1a: Calyrex|spd|1
|faint|p2a: Groudon
|-weather|none
|-ability|p1a: Calyrex|Chilling Neigh|boost
|-boost|p1a: Calyrex|atk|1
|
|upkeep
|inactive|ElysiaX has 120 seconds left.
|
|t:|1660184352
|switch|p2a: Calyrex|Calyrex-Ice|100/100
|-ability|p2a: Calyrex|As One
|-ability|p2a: Calyrex|Unnerve
|turn|5
|inactive|ElysiaX has 120 seconds left.
|
|t:|1660184359
|-start|p2a: Calyrex|Dynamax|
|-heal|p2a: Calyrex|100/100|[silent]
|move|p1a: Calyrex|Max Knuckle|p2a: Calyrex
|-damage|p2a: Calyrex|79/100
|-boost|p1a: Calyrex|atk|1
|move|p2a: Calyrex|Max Flutterby|p1a: Calyrex
|-supereffective|p1a: Calyrex
|-damage|p1a: Calyrex|37/100 par
|-unboost|p1a: Calyrex|spa|1
|-enditem|p1a: Calyrex|Weakness Policy
|-boost|p1a: Calyrex|atk|2|[from] item: Weakness Policy
|-boost|p1a: Calyrex|spa|2|[from] item: Weakness Policy
|
|-fieldend|move: Trick Room
|upkeep
|-end|p1a: Calyrex|Dynamax
|-heal|p1a: Calyrex|37/100 par|[silent]
|turn|6
|inactive|ElysiaX has 120 seconds left.
|inactive|Hhhhhhhhhhhhx has 120 seconds left.
|
|t:|1660184398
|switch|p1a: Groudon|Groudon|100/100
|-damage|p1a: Groudon|94/100|[from] Stealth Rock
|detailschange|p1a: Groudon|Groudon-Primal
|-primal|p1a: Groudon
|-weather|DesolateLand|[from] ability: Desolate Land|[of] p1a: Groudon
|move|p2a: Calyrex|Max Flutterby|p1a: Groudon
|-resisted|p1a: Groudon
|-damage|p1a: Groudon|78/100
|-unboost|p1a: Groudon|spa|1
|
|-weather|DesolateLand|[upkeep]
|upkeep
|turn|7
|inactive|Hhhhhhhhhhhhx has 120 seconds left.
|
|t:|1660184411
|move|p1a: Groudon|Fire Punch|p2a: Calyrex
|-supereffective|p2a: Calyrex
|-crit|p2a: Calyrex
|-damage|p2a: Calyrex|10/100
|move|p2a: Calyrex|Max Quake|p1a: Groudon
|-supereffective|p1a: Groudon
|-damage|p1a: Groudon|12/100
|-boost|p2a: Calyrex|spd|1
|
|-weather|DesolateLand|[upkeep]
|upkeep
|-end|p2a: Calyrex|Dynamax
|-heal|p2a: Calyrex|10/100|[silent]
|turn|8
|inactive|Hhhhhhhhhhhhx has 120 seconds left.
|inactive|ElysiaX has 120 seconds left.
|
|t:|1660184424
|move|p1a: Groudon|Fire Punch|p2a: Calyrex
|-supereffective|p2a: Calyrex
|-damage|p2a: Calyrex|0 fnt
|faint|p2a: Calyrex
|
|-weather|DesolateLand|[upkeep]
|upkeep
|
|t:|1660184436
|switch|p2a: Zacian|Zacian-Crowned|100/100
|-ability|p2a: Zacian|Intrepid Sword|boost
|-boost|p2a: Zacian|atk|1
|turn|9
|
|t:|1660184446
|move|p2a: Zacian|Sacred Sword|p1a: Groudon
|-damage|p1a: Groudon|0 fnt
|faint|p1a: Groudon
|-weather|none
|
|upkeep
|inactive|Hhhhhhhhhhhhx has 120 seconds left.
|
|t:|1660184459
|switch|p1a: Solgaleo|Solgaleo|100/100 par
|-damage|p1a: Solgaleo|94/100 par|[from] Stealth Rock
|turn|10
|
|t:|1660184464
|move|p2a: Zacian|Swords Dance|p2a: Zacian
|-boost|p2a: Zacian|atk|2
|move|p1a: Solgaleo|Trick Room|p1a: Solgaleo
|-fieldstart|move: Trick Room|[of] p1a: Solgaleo
|
|upkeep
|turn|11
|
|t:|1660184472
|move|p2a: Zacian|Swords Dance|p2a: Zacian
|-boost|p2a: Zacian|atk|2
|move|p1a: Solgaleo|Teleport|p1a: Solgaleo
|
|t:|1660184484
|switch|p1a: Ditto|Ditto|100/100|[from]move: Teleport
|-damage|p1a: Ditto|88/100|[from] Stealth Rock
|-transform|p1a: Ditto|p2a: Zacian|[from] ability: Imposter
|-ability|p1a: Ditto|Intrepid Sword|boost
|-boost|p1a: Ditto|atk|1
|
|upkeep
|turn|12
|
|t:|1660184494
|move|p2a: Zacian|Behemoth Blade|p1a: Ditto
|-damage|p1a: Ditto|0 fnt
|faint|p1a: Ditto
|
|upkeep
|inactive|Hhhhhhhhhhhhx has 120 seconds left.
|
|t:|1660184508
|switch|p1a: Aegislash|Aegislash, M|100/100
|-damage|p1a: Aegislash|94/100|[from] Stealth Rock
|turn|13
|
|t:|1660184517
|-formechange|p1a: Aegislash|Aegislash-Blade||[from] ability: Stance Change
|move|p1a: Aegislash|Shadow Claw|p2a: Zacian
|-damage|p2a: Zacian|62/100
|move|p2a: Zacian|Behemoth Blade|p1a: Aegislash
|-resisted|p1a: Aegislash
|-damage|p1a: Aegislash|0 fnt
|faint|p1a: Aegislash
|
|upkeep
|inactive|Hhhhhhhhhhhhx has 120 seconds left.
|
|t:|1660184529
|switch|p1a: Calyrex|Calyrex-Ice|37/100 par
|-ability|p1a: Calyrex|As One
|-ability|p1a: Calyrex|Unnerve
|-damage|p1a: Calyrex|12/100 par|[from] Stealth Rock
|turn|14
|inactive|Hhhhhhhhhhhhx has 120 seconds left.
|
|t:|1660184543
|move|p1a: Calyrex|Glacial Lance|p2a: Zacian
|-resisted|p2a: Zacian
|-damage|p2a: Zacian|21/100
|move|p2a: Zacian|Behemoth Blade|p1a: Calyrex
|-supereffective|p1a: Calyrex
|-damage|p1a: Calyrex|0 fnt
|faint|p1a: Calyrex
|
|-fieldend|move: Trick Room
|upkeep
|inactive|Hhhhhhhhhhhhx has 120 seconds left.
|
|t:|1660184555
|switch|p1a: Solgaleo|Solgaleo|94/100 par
|-damage|p1a: Solgaleo|88/100 par|[from] Stealth Rock
|turn|15
|inactive|Hhhhhhhhhhhhx has 120 seconds left.
|
|t:|1660184560
|move|p2a: Zacian|Behemoth Blade|p1a: Solgaleo
|-resisted|p1a: Solgaleo
|-crit|p1a: Solgaleo
|-damage|p1a: Solgaleo|0 fnt
|-damage|p2a: Zacian|5/100|[from] item: Rocky Helmet|[of] p1a: Solgaleo
|faint|p1a: Solgaleo
|
|upkeep
|inactive|Hhhhhhhhhhhhx has 120 seconds left.
|
|t:|1660184569
|switch|p1a: Dracovish|Dracovish|100/100
|-damage|p1a: Dracovish|88/100|[from] Stealth Rock
|turn|16
|-message|Hhhhhhhhhhhhx forfeited.
|
|win|ElysiaX
|raw|Hhhhhhhhhhhhx's rating: 1375 &rarr; <strong>1359</strong><br />(-16 for losing)
|raw|ElysiaX's rating: 1452 &rarr; <strong>1468</strong><br />(+16 for winning)
|l|☆Hhhhhhhhhhhhx
