|j|☆rowletroost
|j|☆IWSK
|t:|1636261591
|gametype|singles
|player|p1|rowletroost|candice|1829
|player|p2|IWSK|gentleman-gen4dp|1896
|teamsize|p1|6
|teamsize|p2|6
|gen|8
|tier|[Gen 8] National Dex AG
|rated|
|rule|HP Percentage Mod: HP is shown in percentages
|rule|Endless Battle Clause: Forcing endless battles is banned
|clearpoke
|poke|p1|Arceus-*|
|poke|p1|Xerneas-*|
|poke|p1|Kyogre|
|poke|p1|Marshadow|
|poke|p1|Ribombee, F|
|poke|p1|Vivillon-Savanna, F|
|poke|p2|Arceus-*|
|poke|p2|Necrozma-Dusk-Mane|
|poke|p2|Gengar, M|
|poke|p2|Ho-Oh|
|poke|p2|Gliscor, M|
|poke|p2|Yveltal|
|teampreview
|inactive|Battle timer is ON: inactive players will automatically lose when time's up. (requested by IWSK)
|inactive|rowletroost also wants the timer to be on.
|
|t:|1636261620
|start
|switch|p1a: Kyogre|Kyogre, shiny|100/100
|switch|p2a: Gliscor|Gliscor, M|100/100
|detailschange|p1a: Kyogre|Kyogre-Primal, shiny
|-primal|p1a: Kyogre
|-weather|PrimordialSea|[from] ability: Primordial Sea|[of] p1a: Kyogre
|turn|1
|
|t:|1636261627
|move|p2a: Gliscor|Protect|p2a: Gliscor
|-singleturn|p2a: Gliscor|Protect
|move|p1a: Kyogre|Ice Beam|p2a: Gliscor
|-activate|p2a: Gliscor|move: Protect
|
|-weather|PrimordialSea|[upkeep]
|-status|p2a: Gliscor|tox|[from] item: Toxic Orb
|upkeep
|turn|2
|
|t:|1636261636
|move|p2a: Gliscor|Substitute|p2a: Gliscor
|-start|p2a: Gliscor|Substitute
|-damage|p2a: Gliscor|76/100 tox
|move|p1a: Kyogre|Origin Pulse|p2a: Gliscor
|-supereffective|p2a: Gliscor
|-end|p2a: Gliscor|Substitute
|
|-weather|PrimordialSea|[upkeep]
|-heal|p2a: Gliscor|88/100 tox|[from] ability: Poison Heal
|upkeep
|turn|3
|
|t:|1636261643
|move|p2a: Gliscor|Protect|p2a: Gliscor
|-singleturn|p2a: Gliscor|Protect
|move|p1a: Kyogre|Ice Beam|p2a: Gliscor
|-activate|p2a: Gliscor|move: Protect
|
|-weather|PrimordialSea|[upkeep]
|-heal|p2a: Gliscor|100/100 tox|[from] ability: Poison Heal
|upkeep
|turn|4
|
|t:|1636261650
|move|p2a: Gliscor|Substitute|p2a: Gliscor
|-start|p2a: Gliscor|Substitute
|-damage|p2a: Gliscor|76/100 tox
|move|p1a: Kyogre|Origin Pulse|p2a: Gliscor
|-supereffective|p2a: Gliscor
|-end|p2a: Gliscor|Substitute
|
|-weather|PrimordialSea|[upkeep]
|-heal|p2a: Gliscor|88/100 tox|[from] ability: Poison Heal
|upkeep
|turn|5
|
|t:|1636261658
|move|p2a: Gliscor|Protect|p2a: Gliscor
|-singleturn|p2a: Gliscor|Protect
|move|p1a: Kyogre|Ice Beam|p2a: Gliscor
|-activate|p2a: Gliscor|move: Protect
|
|-weather|PrimordialSea|[upkeep]
|-heal|p2a: Gliscor|100/100 tox|[from] ability: Poison Heal
|upkeep
|turn|6
|
|t:|1636261665
|switch|p2a: Arceus|Arceus-Water|100/100
|move|p1a: Kyogre|Roar|p2a: Arceus
|drag|p2a: Gliscor|Gliscor, M|100/100 tox
|
|-weather|PrimordialSea|[upkeep]
|upkeep
|turn|7
|
|t:|1636261673
|move|p2a: Gliscor|Substitute|p2a: Gliscor
|-start|p2a: Gliscor|Substitute
|-damage|p2a: Gliscor|76/100 tox
|move|p1a: Kyogre|Ice Beam|p2a: Gliscor
|-supereffective|p2a: Gliscor
|-end|p2a: Gliscor|Substitute
|
|-weather|PrimordialSea|[upkeep]
|-heal|p2a: Gliscor|88/100 tox|[from] ability: Poison Heal
|upkeep
|turn|8
|
|t:|1636261680
|move|p2a: Gliscor|Protect|p2a: Gliscor
|-singleturn|p2a: Gliscor|Protect
|move|p1a: Kyogre|Ice Beam|p2a: Gliscor
|-activate|p2a: Gliscor|move: Protect
|
|-weather|PrimordialSea|[upkeep]
|-heal|p2a: Gliscor|100/100 tox|[from] ability: Poison Heal
|upkeep
|turn|9
|
|t:|1636261687
|move|p2a: Gliscor|Substitute|p2a: Gliscor
|-start|p2a: Gliscor|Substitute
|-damage|p2a: Gliscor|76/100 tox
|move|p1a: Kyogre|Roar|p2a: Gliscor
|drag|p2a: Gengar|Gengar, M|100/100
|
|-weather|PrimordialSea|[upkeep]
|upkeep
|turn|10
|
|t:|1636261694
|detailschange|p2a: Gengar|Gengar-Mega, M
|-mega|p2a: Gengar|Gengar|Gengarite
|move|p2a: Gengar|Encore|p1a: Kyogre
|-start|p1a: Kyogre|Encore
|move|p1a: Kyogre|Roar|p2a: Gengar
|drag|p2a: Arceus|Arceus-Water|100/100
|
|-weather|PrimordialSea|[upkeep]
|upkeep
|turn|11
|
|t:|1636261700
|move|p2a: Arceus|Toxic|p1a: Kyogre
|-status|p1a: Kyogre|tox
|move|p1a: Kyogre|Roar|p2a: Arceus
|drag|p2a: Gliscor|Gliscor, M|76/100 tox
|
|-weather|PrimordialSea|[upkeep]
|-heal|p2a: Gliscor|88/100 tox|[from] ability: Poison Heal
|-damage|p1a: Kyogre|94/100 tox|[from] psn
|upkeep
|turn|12
|
|t:|1636261708
|switch|p2a: Gengar|Gengar-Mega, M|100/100
|move|p1a: Kyogre|Roar|p2a: Gengar
|drag|p2a: Yveltal|Yveltal|100/100
|-ability|p2a: Yveltal|Dark Aura
|
|-weather|PrimordialSea|[upkeep]
|-damage|p1a: Kyogre|82/100 tox|[from] psn
|-end|p1a: Kyogre|Encore
|upkeep
|turn|13
|
|t:|1636261720
|move|p2a: Yveltal|Oblivion Wing|p1a: Kyogre
|-damage|p1a: Kyogre|57/100 tox
|move|p1a: Kyogre|Origin Pulse|p2a: Yveltal|[miss]
|-miss|p1a: Kyogre|p2a: Yveltal
|
|-weather|PrimordialSea|[upkeep]
|-damage|p1a: Kyogre|38/100 tox|[from] psn
|upkeep
|turn|14
|
|t:|1636261728
|move|p2a: Yveltal|Dark Pulse|p1a: Kyogre
|-damage|p1a: Kyogre|4/100 tox
|move|p1a: Kyogre|Thunder|p2a: Yveltal
|-supereffective|p2a: Yveltal
|-damage|p2a: Yveltal|45/100
|-status|p2a: Yveltal|par
|
|-weather|PrimordialSea|[upkeep]
|-damage|p1a: Kyogre|0 fnt|[from] psn
|faint|p1a: Kyogre
|-weather|none
|upkeep
|inactive|rowletroost has 120 seconds left.
|
|t:|1636261762
|switch|p1a: Xerneas|Xerneas, shiny|100/100
|-ability|p1a: Xerneas|Fairy Aura
|turn|15
|
|t:|1636261768
|move|p1a: Xerneas|Geomancy||[still]
|-prepare|p1a: Xerneas|Geomancy
|-enditem|p1a: Xerneas|Power Herb
|-anim|p1a: Xerneas|Geomancy|p1a: Xerneas
|-boost|p1a: Xerneas|spa|2
|-boost|p1a: Xerneas|spd|2
|-boost|p1a: Xerneas|spe|2
|move|p2a: Yveltal|Oblivion Wing|p1a: Xerneas
|-damage|p1a: Xerneas|79/100
|-heal|p2a: Yveltal|60/100 par|[from] drain|[of] p1a: Xerneas
|
|upkeep
|turn|16
|
|t:|1636261778
|switch|p2a: Ho-Oh|Ho-Oh|100/100
|move|p1a: Xerneas|Moonblast|p2a: Ho-Oh
|-resisted|p2a: Ho-Oh
|-damage|p2a: Ho-Oh|69/100
|
|upkeep
|turn|17
|
|t:|1636261788
|switch|p2a: Yveltal|Yveltal|60/100 par
|-ability|p2a: Yveltal|Dark Aura
|-start|p1a: Xerneas|Dynamax
|-heal|p1a: Xerneas|79/100|[silent]
|move|p1a: Xerneas|Max Mindstorm|p2a: Yveltal
|-immune|p2a: Yveltal
|
|upkeep
|turn|18
|
|t:|1636261806
|switch|p2a: Ho-Oh|Ho-Oh|100/100
|move|p1a: Xerneas|Max Starfall|p2a: Ho-Oh
|-resisted|p2a: Ho-Oh
|-damage|p2a: Ho-Oh|55/100
|-fieldstart|move: Misty Terrain
|
|upkeep
|turn|19
|
|t:|1636261813
|switch|p2a: Yveltal|Yveltal|60/100 par
|-ability|p2a: Yveltal|Dark Aura
|move|p1a: Xerneas|Max Starfall|p2a: Yveltal
|-supereffective|p2a: Yveltal
|-damage|p2a: Yveltal|0 fnt
|faint|p2a: Yveltal
|
|-end|p1a: Xerneas|Dynamax
|-heal|p1a: Xerneas|79/100|[silent]
|upkeep
|
|t:|1636261823
|switch|p2a: Necrozma|Necrozma-Dusk-Mane|100/100
|turn|20
|
|t:|1636261828
|-start|p2a: Necrozma|Dynamax
|-heal|p2a: Necrozma|100/100|[silent]
|move|p1a: Xerneas|Hidden Power|p2a: Necrozma
|-supereffective|p2a: Necrozma
|-damage|p2a: Necrozma|72/100
|move|p2a: Necrozma|Max Steelspike|p1a: Xerneas
|-supereffective|p1a: Xerneas
|-damage|p1a: Xerneas|0 fnt
|-boost|p2a: Necrozma|def|1
|faint|p1a: Xerneas
|
|upkeep
|inactive|rowletroost has 120 seconds left.
|
|t:|1636261859
|switch|p1a: Ribombee|Ribombee, F, shiny|100/100
|turn|21
|
|t:|1636261868
|move|p1a: Ribombee|Sticky Web|p2a: Necrozma
|-sidestart|p2: IWSK|move: Sticky Web
|move|p2a: Necrozma|Max Quake|p1a: Ribombee
|-resisted|p1a: Ribombee
|-damage|p1a: Ribombee|55/100
|-boost|p2a: Necrozma|spd|1
|
|upkeep
|turn|22
|
|t:|1636261874
|move|p1a: Ribombee|Moonblast|p2a: Necrozma
|-resisted|p2a: Necrozma
|-damage|p2a: Necrozma|67/100
|move|p2a: Necrozma|Max Steelspike|p1a: Ribombee
|-supereffective|p1a: Ribombee
|-damage|p1a: Ribombee|0 fnt
|-boost|p2a: Necrozma|def|1
|faint|p1a: Ribombee
|
|-fieldend|Misty Terrain
|-end|p2a: Necrozma|Dynamax
|-heal|p2a: Necrozma|67/100|[silent]
|upkeep
|
|t:|1636261877
|switch|p1a: Vivillon|Vivillon-Savanna, F|100/100
|turn|23
|
|t:|1636261891
|switch|p2a: Ho-Oh|Ho-Oh|88/100
|move|p1a: Vivillon|Sleep Powder|p2a: Ho-Oh
|-status|p2a: Ho-Oh|slp|[from] move: Sleep Powder
|
|upkeep
|turn|24
|
|t:|1636261897
|move|p1a: Vivillon|Hurricane|p2a: Ho-Oh
|-damage|p2a: Ho-Oh|69/100 slp
|-start|p2a: Ho-Oh|confusion
|cant|p2a: Ho-Oh|slp
|
|upkeep
|turn|25
|
|t:|1636261904
|switch|p1a: Marshadow|Marshadow|100/100
|-curestatus|p2a: Ho-Oh|slp|[msg]
|-activate|p2a: Ho-Oh|confusion
|move|p2a: Ho-Oh|Whirlwind|p1a: Marshadow
|drag|p1a: Vivillon|Vivillon-Savanna, F|100/100
|
|upkeep
|turn|26
|
|t:|1636261912
|move|p1a: Vivillon|Sleep Powder|p2a: Ho-Oh
|-status|p2a: Ho-Oh|slp|[from] move: Sleep Powder
|cant|p2a: Ho-Oh|slp
|
|upkeep
|turn|27
|
|t:|1636261919
|switch|p1a: Marshadow|Marshadow|100/100
|-curestatus|p2a: Ho-Oh|slp|[msg]
|-activate|p2a: Ho-Oh|confusion
|move|p2a: Ho-Oh|Whirlwind|p1a: Marshadow
|drag|p1a: Vivillon|Vivillon-Savanna, F|100/100
|
|upkeep
|turn|28
|
|t:|1636261925
|move|p1a: Vivillon|Sleep Powder|p2a: Ho-Oh
|-status|p2a: Ho-Oh|slp|[from] move: Sleep Powder
|cant|p2a: Ho-Oh|slp
|
|upkeep
|turn|29
|
|t:|1636261930
|move|p1a: Vivillon|Quiver Dance|p1a: Vivillon
|-boost|p1a: Vivillon|spa|1
|-boost|p1a: Vivillon|spd|1
|-boost|p1a: Vivillon|spe|1
|cant|p2a: Ho-Oh|slp
|
|upkeep
|turn|30
|
|t:|1636261935
|move|p1a: Vivillon|Hurricane|p2a: Ho-Oh
|-damage|p2a: Ho-Oh|39/100 slp
|cant|p2a: Ho-Oh|slp
|
|upkeep
|turn|31
|
|t:|1636261950
|move|p1a: Vivillon|Hurricane|p2a: Ho-Oh
|-crit|p2a: Ho-Oh
|-damage|p2a: Ho-Oh|0 fnt
|faint|p2a: Ho-Oh
|
|upkeep
|
|t:|1636261960
|switch|p2a: Necrozma|Necrozma-Dusk-Mane|67/100
|-activate|p2a: Necrozma|move: Sticky Web
|-unboost|p2a: Necrozma|spe|1
|turn|32
|
|t:|1636261964
|move|p1a: Vivillon|Substitute|p1a: Vivillon
|-start|p1a: Vivillon|Substitute
|-damage|p1a: Vivillon|76/100
|move|p2a: Necrozma|Morning Sun|p2a: Necrozma
|-heal|p2a: Necrozma|100/100
|
|-heal|p1a: Vivillon|82/100|[from] item: Leftovers
|upkeep
|turn|33
|
|t:|1636261976
|switch|p2a: Gengar|Gengar-Mega, M|100/100
|-activate|p2a: Gengar|move: Sticky Web
|-unboost|p2a: Gengar|spe|1
|move|p1a: Vivillon|Sleep Powder|p2a: Gengar
|-status|p2a: Gengar|slp|[from] move: Sleep Powder
|
|-heal|p1a: Vivillon|88/100|[from] item: Leftovers
|upkeep
|turn|34
|
|t:|1636261984
|move|p1a: Vivillon|Hurricane|p2a: Gengar
|-damage|p2a: Gengar|33/100 slp
|-start|p2a: Gengar|confusion
|cant|p2a: Gengar|slp
|
|-heal|p1a: Vivillon|94/100|[from] item: Leftovers
|upkeep
|turn|35
|-message|IWSK forfeited.
|
|win|rowletroost
|raw|rowletroost's rating: 1829 &rarr; <strong>1853</strong><br />(+24 for winning)
|raw|IWSK's rating: 1896 &rarr; <strong>1872</strong><br />(-24 for losing)
|l|☆IWSK
