|j|☆kvm1999
|j|☆ShyShiWolf
|t:|1660503233
|gametype|singles
|player|p1|kvm1999|falkner|
|player|p2|ShyShiWolf|pokemonrangerf|
|teamsize|p1|6
|teamsize|p2|6
|gen|8
|tier|[Gen 8] National Dex AG
|rule|HP Percentage Mod: HP is shown in percentages
|rule|Endless Battle Clause: Forcing endless battles is banned
|clearpoke
|poke|p1|Lopunny, F|
|poke|p1|Ditto|
|poke|p1|Porygon-Z|
|poke|p1|Diggersby, M|
|poke|p1|Heliolisk, M|
|poke|p1|Blissey, F|
|poke|p2|Ferrothorn, F|
|poke|p2|Venusaur, F|
|poke|p2|Whimsicott, F|
|poke|p2|Decidueye, M|
|poke|p2|Kartana|
|poke|p2|Virizion|
|teampreview
|inactive|Battle timer is ON: inactive players will automatically lose when time's up. (requested by kvm1999)
|inactive|kvm1999 has 270 seconds left.
|inactive|ShyShiWolf has 270 seconds left.
|c|☆ShyShiWolf|Gl Hf
|
|t:|1660503274
|start
|switch|p1a: Porygon-Z|Porygon-Z|100/100
|switch|p2a: Aura|Whimsicott, F|100/100
|turn|1
|
|t:|1660503285
|move|p2a: Aura|Memento|p1a: Porygon-Z
|-unboost|p1a: Porygon-Z|atk|2
|-unboost|p1a: Porygon-Z|spa|2
|faint|p2a: Aura
|-zpower|p1a: Porygon-Z
|move|p1a: Porygon-Z|Z-Conversion|p1a: Porygon-Z|[anim]Conversion
|-boost|p1a: Porygon-Z|atk|1|[zeffect]
|-boost|p1a: Porygon-Z|def|1|[zeffect]
|-boost|p1a: Porygon-Z|spa|1|[zeffect]
|-boost|p1a: Porygon-Z|spd|1|[zeffect]
|-boost|p1a: Porygon-Z|spe|1|[zeffect]
|-start|p1a: Porygon-Z|typechange|Ice
|
|upkeep
|
|t:|1660503308
|switch|p2a: Tubby|Venusaur, F|100/100
|turn|2
|j| Sean&Andy
|
|t:|1660503312
|detailschange|p2a: Tubby|Venusaur-Mega, F
|-mega|p2a: Tubby|Venusaur|Venusaurite
|move|p1a: Porygon-Z|Ice Beam|p2a: Tubby
|-supereffective|p2a: Tubby
|-damage|p2a: Tubby|61/100
|move|p2a: Tubby|Hidden Power|p1a: Porygon-Z
|-supereffective|p1a: Porygon-Z
|-damage|p1a: Porygon-Z|71/100
|
|upkeep
|turn|3
|
|t:|1660503326
|move|p1a: Porygon-Z|Ice Beam|p2a: Tubby
|-supereffective|p2a: Tubby
|-damage|p2a: Tubby|21/100
|move|p2a: Tubby|Sludge Bomb|p1a: Porygon-Z
|-damage|p1a: Porygon-Z|38/100
|-status|p1a: Porygon-Z|psn
|
|-damage|p1a: Porygon-Z|26/100 psn|[from] psn
|upkeep
|turn|4
|
|t:|1660503335
|switch|p2a: Alpaca?|Virizion|100/100
|move|p1a: Porygon-Z|Ice Beam|p2a: Alpaca?
|-supereffective|p2a: Alpaca?
|-damage|p2a: Alpaca?|20/100
|
|-heal|p2a: Alpaca?|26/100|[from] item: Leftovers
|-damage|p1a: Porygon-Z|14/100 psn|[from] psn
|upkeep
|turn|5
|
|t:|1660503349
|move|p1a: Porygon-Z|Ice Beam|p2a: Alpaca?
|-supereffective|p2a: Alpaca?
|-damage|p2a: Alpaca?|0 fnt
|faint|p2a: Alpaca?
|
|-damage|p1a: Porygon-Z|1/100 psn|[from] psn
|upkeep
|
|t:|1660503357
|switch|p2a: Slice n' Dice|Kartana|100/100
|turn|6
|
|t:|1660503364
|move|p1a: Porygon-Z|Ice Beam|p2a: Slice n' Dice
|-damage|p2a: Slice n' Dice|0 fnt
|faint|p2a: Slice n' Dice
|
|-damage|p1a: Porygon-Z|0 fnt|[from] psn
|faint|p1a: Porygon-Z
|upkeep
|j| ShiftySwamps1
|
|t:|1660503388
|switch|p2a: WOOOSH|Decidueye, M|100/100
|switch|p1a: Βewear|Lopunny, F|100/100
|turn|7
|
|t:|1660503398
|detailschange|p1a: Βewear|Lopunny-Mega, F
|-mega|p1a: Βewear|Lopunny|Lopunnite
|move|p1a: Βewear|Fake Out|p2a: WOOOSH
|-damage|p2a: WOOOSH|67/100
|cant|p2a: WOOOSH|flinch
|
|upkeep
|turn|8
|
|t:|1660503407
|move|p1a: Βewear|Return|p2a: WOOOSH
|-damage|p2a: WOOOSH|0 fnt
|faint|p2a: WOOOSH
|
|upkeep
|
|t:|1660503411
|switch|p2a: Pointy Boi|Ferrothorn, F|100/100
|turn|9
|
|t:|1660503417
|move|p1a: Βewear|Close Combat|p2a: Pointy Boi
|-supereffective|p2a: Pointy Boi
|-damage|p2a: Pointy Boi|1/100
|-unboost|p1a: Βewear|def|1
|-unboost|p1a: Βewear|spd|1
|-damage|p1a: Βewear|88/100|[from] ability: Iron Barbs|[of] p2a: Pointy Boi
|move|p2a: Pointy Boi|Power Whip|p1a: Βewear
|-damage|p1a: Βewear|13/100
|
|-heal|p2a: Pointy Boi|7/100|[from] item: Leftovers
|upkeep
|turn|10
|
|t:|1660503428
|switch|p2a: Tubby|Venusaur-Mega, F|21/100
|move|p1a: Βewear|U-turn|p2a: Tubby
|-damage|p2a: Tubby|5/100
|
|t:|1660503434
|switch|p1a: Nidοking|Diggersby, M|100/100|[from]move: U-turn
|
|upkeep
|turn|11
|
|t:|1660503439
|move|p1a: Nidοking|Quick Attack|p2a: Tubby
|-crit|p2a: Tubby
|-damage|p2a: Tubby|0 fnt
|faint|p2a: Tubby
|
|upkeep
|
|t:|1660503443
|switch|p2a: Pointy Boi|Ferrothorn, F|7/100
|turn|12
|
|t:|1660503446
|move|p1a: Nidοking|Quick Attack|p2a: Pointy Boi
|-resisted|p2a: Pointy Boi
|-damage|p2a: Pointy Boi|0 fnt
|-damage|p1a: Nidοking|88/100|[from] ability: Iron Barbs|[of] p2a: Pointy Boi
|faint|p2a: Pointy Boi
|
|win|kvm1999
|c|☆kvm1999|Gg
|c|☆ShyShiWolf|gg
|l| ShiftySwamps1
|l|☆kvm1999
|j|☆kvm1999
|player|p1|kvm1999|falkner
