|j|☆harsh634
|j|☆Master kushagra
|inactive|Battle timer is ON: inactive players will automatically lose when time's up.
|t:|1668095732
|gametype|singles
|player|p1|harsh634|red|
|player|p2|Master kushagra|steven-masters2|
|teamsize|p1|6
|teamsize|p2|6
|gen|8
|tier|[Gen 8] National Dex AG
|rated|Tournament battle
|rule|HP Percentage Mod: HP is shown in percentages
|rule|Endless Battle Clause: Forcing endless battles is banned
|clearpoke
|poke|p1|Mewtwo|
|poke|p1|Tyranitar, M|
|poke|p1|Ferrothorn, F|
|poke|p1|Ho-Oh|
|poke|p1|Arceus-*|
|poke|p1|Ditto|
|poke|p2|Arceus-*|
|poke|p2|Zacian-*|
|poke|p2|Yveltal|
|poke|p2|Calyrex-Shadow|
|poke|p2|Necrozma-Dusk-Mane|
|poke|p2|Arceus-*|
|teampreview
|inactive|harsh634 also wants the timer to be on.
|j| makeWEEDleLegal
|j|+Frozoid
|j| Calm Mind Arceus
|
|t:|1668095747
|start
|switch|p1a: Arceus|Arceus-Ground|100/100
|switch|p2a: Arceus|Arceus-Ground|100/100
|turn|1
|
|t:|1668095752
|move|p1a: Arceus|Magic Coat|p1a: Arceus
|-singleturn|p1a: Arceus|move: Magic Coat
|move|p2a: Arceus|Stealth Rock|p1a: Arceus
|move|p1a: Arceus|Stealth Rock|p2a: Arceus|[from]Magic Coat
|-sidestart|p2: Master kushagra|move: Stealth Rock
|
|upkeep
|turn|2
|j| BEASTADARSH
|
|t:|1668095757
|switch|p1a: Ho-Oh|Ho-Oh|100/100
|move|p2a: Arceus|Stealth Rock|p1a: Ho-Oh
|-sidestart|p1: harsh634|move: Stealth Rock
|
|upkeep
|turn|3
|
|t:|1668095760
|move|p2a: Arceus|Stone Edge|p1a: Ho-Oh
|-supereffective|p1a: Ho-Oh
|-damage|p1a: Ho-Oh|0 fnt
|faint|p1a: Ho-Oh
|
|upkeep
|c|☆harsh634|oh no
|
|t:|1668095768
|switch|p1a: Ferrothorn|Ferrothorn, F|100/100
|-damage|p1a: Ferrothorn|94/100|[from] Stealth Rock
|turn|4
|
|t:|1668095773
|switch|p2a: Yveltal|Yveltal, shiny|100/100
|-damage|p2a: Yveltal|76/100|[from] Stealth Rock
|-ability|p2a: Yveltal|Dark Aura
|move|p1a: Ferrothorn|Leech Seed|p2a: Yveltal|[miss]
|-miss|p1a: Ferrothorn|p2a: Yveltal
|
|-heal|p1a: Ferrothorn|100/100|[from] item: Leftovers
|upkeep
|turn|5
|c| makeWEEDleLegal|there goes his wall
|
|t:|1668095784
|move|p2a: Yveltal|Heat Wave|p1a: Ferrothorn
|-supereffective|p1a: Ferrothorn
|-damage|p1a: Ferrothorn|0 fnt
|faint|p1a: Ferrothorn
|-damage|p2a: Yveltal|66/100|[from] item: Life Orb
|
|upkeep
|
|t:|1668095787
|switch|p1a: Tyranitar|Tyranitar, M|100/100
|-damage|p1a: Tyranitar|88/100|[from] Stealth Rock
|-weather|Sandstorm|[from] ability: Sand Stream|[of] p1a: Tyranitar
|turn|6
|
|t:|1668095793
|switch|p2a: Zacian|Zacian-Crowned, shiny|100/100
|-damage|p2a: Zacian|94/100|[from] Stealth Rock
|-ability|p2a: Zacian|Intrepid Sword|boost
|-boost|p2a: Zacian|atk|1
|detailschange|p1a: Tyranitar|Tyranitar-Mega, M
|-mega|p1a: Tyranitar|Tyranitar|Tyranitarite
|move|p1a: Tyranitar|Stone Edge|p2a: Zacian|[miss]
|-miss|p1a: Tyranitar|p2a: Zacian
|
|-weather|Sandstorm|[upkeep]
|upkeep
|turn|7
|
|t:|1668095803
|move|p2a: Zacian|Behemoth Blade|p1a: Tyranitar
|-supereffective|p1a: Tyranitar
|-damage|p1a: Tyranitar|0 fnt
|faint|p1a: Tyranitar
|
|-weather|Sandstorm|[upkeep]
|upkeep
|
|t:|1668095806
|switch|p1a: Ditto|Ditto|100/100
|-damage|p1a: Ditto|88/100|[from] Stealth Rock
|-transform|p1a: Ditto|p2a: Zacian|[from] ability: Imposter
|-ability|p1a: Ditto|Intrepid Sword|boost
|-boost|p1a: Ditto|atk|1
|turn|8
|
|t:|1668095821
|move|p1a: Ditto|Close Combat|p2a: Zacian
|-damage|p2a: Zacian|0 fnt
|-unboost|p1a: Ditto|def|1
|-unboost|p1a: Ditto|spd|1
|faint|p2a: Zacian
|
|-weather|Sandstorm|[upkeep]
|upkeep
|
|t:|1668095826
|switch|p2a: Calyrex|Calyrex-Shadow|100/100
|-ability|p2a: Calyrex|As One
|-ability|p2a: Calyrex|Unnerve
|-damage|p2a: Calyrex|88/100|[from] Stealth Rock
|turn|9
|
|t:|1668095829
|switch|p1a: Arceus|Arceus-Ground|100/100
|-damage|p1a: Arceus|94/100|[from] Stealth Rock
|move|p2a: Calyrex|Astral Barrage|p1a: Arceus
|-damage|p1a: Arceus|48/100
|
|-weather|Sandstorm|[upkeep]
|-damage|p2a: Calyrex|82/100|[from] Sandstorm
|upkeep
|turn|10
|
|t:|1668095834
|move|p2a: Calyrex|Astral Barrage|p1a: Arceus
|-damage|p1a: Arceus|0 fnt
|faint|p1a: Arceus
|-ability|p2a: Calyrex|Grim Neigh|boost
|-boost|p2a: Calyrex|spa|1
|
|-weather|none
|upkeep
|
|t:|1668095836
|switch|p1a: Ditto|Ditto|88/100
|-damage|p1a: Ditto|76/100|[from] Stealth Rock
|-transform|p1a: Ditto|p2a: Calyrex|[from] ability: Imposter
|turn|11
|
|t:|1668095840
|switch|p2a: Arceus|Arceus-Ground|100/100
|-damage|p2a: Arceus|94/100|[from] Stealth Rock
|move|p1a: Ditto|Astral Barrage|p2a: Arceus
|-damage|p2a: Arceus|10/100
|
|upkeep
|turn|12
|
|t:|1668095860
|switch|p2a: Arceus|Arceus|100/100
|-damage|p2a: Arceus|88/100|[from] Stealth Rock
|move|p1a: Ditto|Astral Barrage|p2a: Arceus
|-immune|p2a: Arceus
|
|upkeep
|turn|13
|j| iwasterrible
|
|t:|1668095866
|-start|p1a: Ditto|Dynamax|
|-heal|p1a: Ditto|76/100|[silent]
|move|p1a: Ditto|Max Mindstorm|p2a: Arceus
|-damage|p2a: Arceus|0 fnt
|-fieldstart|move: Psychic Terrain
|faint|p2a: Arceus
|-ability|p1a: Ditto|Grim Neigh|boost
|-boost|p1a: Ditto|spa|1
|
|upkeep
|c| makeWEEDleLegal|rip his ditto lol
|
|t:|1668095894
|switch|p2a: Calyrex|Calyrex-Shadow|82/100
|-ability|p2a: Calyrex|As One
|-ability|p2a: Calyrex|Unnerve
|-damage|p2a: Calyrex|70/100|[from] Stealth Rock
|turn|14
|c| Calm Mind Arceus|speed tie
|c| Calm Mind Arceus|cmon
|c| makeWEEDleLegal|no
|c| makeWEEDleLegal|not speed tie
|c| makeWEEDleLegal|dynamax cancels out items remember
|c| makeWEEDleLegal|like scarf and band
|c| makeWEEDleLegal|so if his caly is scarfed then kushagra just won
|inactive|harsh634 has 120 seconds left.
|c|☆harsh634|so ur scarf?
|c| Calm Mind Arceus|if its scarfed it wins, if its not its a tie
|c|☆Master kushagra|yes
|
|t:|1668095948
|-end|p1a: Ditto|Dynamax
|-heal|p1a: Ditto|76/100|[silent]
|switch|p1a: Mewtwo|Mewtwo|100/100
|-ability|p1a: Mewtwo|Unnerve
|-damage|p1a: Mewtwo|88/100|[from] Stealth Rock
|move|p2a: Calyrex|Astral Barrage|p1a: Mewtwo
|-supereffective|p1a: Mewtwo
|-damage|p1a: Mewtwo|0 fnt
|faint|p1a: Mewtwo
|-ability|p2a: Calyrex|Grim Neigh|boost
|-boost|p2a: Calyrex|spa|1
|
|upkeep
|
|t:|1668095950
|switch|p1a: Ditto|Ditto|76/100
|-damage|p1a: Ditto|63/100|[from] Stealth Rock
|-transform|p1a: Ditto|p2a: Calyrex|[from] ability: Imposter
|turn|15
|c| makeWEEDleLegal|well there you have it folks
|
|t:|1668095958
|move|p1a: Ditto|Astral Barrage|p2a: Calyrex
|-supereffective|p2a: Calyrex
|-damage|p2a: Calyrex|0 fnt
|faint|p2a: Calyrex
|-ability|p1a: Ditto|Grim Neigh|boost
|-boost|p1a: Ditto|spa|1
|
|upkeep
|
|t:|1668095960
|switch|p2a: Yveltal|Yveltal, shiny|66/100
|-damage|p2a: Yveltal|41/100|[from] Stealth Rock
|-ability|p2a: Yveltal|Dark Aura
|turn|16
|c|☆Master kushagra|gg
|inactive|harsh634 has 120 seconds left.
|c| makeWEEDleLegal|well
|c|☆harsh634|was it scarfed?
|
|t:|1668095972
|move|p2a: Yveltal|Sucker Punch|p1a: Ditto
|-activate|p1a: Ditto|move: Psychic Terrain
|move|p1a: Ditto|Astral Barrage|p2a: Yveltal
|-resisted|p2a: Yveltal
|-damage|p2a: Yveltal|0 fnt
|faint|p2a: Yveltal
|-ability|p1a: Ditto|Grim Neigh|boost
|-boost|p1a: Ditto|spa|1
|
|upkeep
|c| makeWEEDleLegal|yeah
|c|☆Master kushagra|yea
|c| makeWEEDleLegal|it was a speed tie
|c| BEASTADARSH|reverse ditto
|c|☆harsh634|OMG
|c| makeWEEDleLegal|THATS SO UNFORTUNATE
|c|☆harsh634|NO WAY
|c| Calm Mind Arceus|oof
|c|☆Master kushagra|fuck
|c|☆harsh634|I WIN ROGHT
|
|t:|1668095992
|switch|p2a: Arceus|Arceus-Ground|10/100
|-damage|p2a: Arceus|4/100|[from] Stealth Rock
|turn|17
|c| BEASTADARSH|yes
|
|t:|1668095996
|move|p1a: Ditto|Astral Barrage|p2a: Arceus
|-damage|p2a: Arceus|0 fnt
|faint|p2a: Arceus
|-ability|p1a: Ditto|Grim Neigh|boost
|-boost|p1a: Ditto|spa|1
|
|-fieldend|move: Psychic Terrain
|upkeep
|
|t:|1668095998
|switch|p2a: Necrozma|Necrozma-Dusk-Mane, shiny|100/100
|-damage|p2a: Necrozma|94/100|[from] Stealth Rock
|turn|18
|c| makeWEEDleLegal|YOOO RNG GOD
|
|t:|1668096003
|-start|p2a: Necrozma|Dynamax|
|-heal|p2a: Necrozma|94/100|[silent]
|move|p2a: Necrozma|Max Guard|p2a: Necrozma
|-singleturn|p2a: Necrozma|Max Guard
|move|p1a: Ditto|Astral Barrage|p2a: Necrozma
|-activate|p2a: Necrozma|move: Max Guard
|
|upkeep
|turn|19
|c| BEASTADARSH|ggs ppl
|c|☆Master kushagra|no
|c|☆harsh634|NOO
|c|☆Master kushagra|aha
|c|☆harsh634|NOOOO
|c|☆harsh634|U WIN
|c| makeWEEDleLegal|DAAAAMN
|c| makeWEEDleLegal|NO MORE ASTRAL BARRAGE
|
|t:|1668096019
|move|p1a: Ditto|Astral Barrage|p2a: Necrozma
|-supereffective|p2a: Necrozma
|-damage|p2a: Necrozma|0 fnt
|faint|p2a: Necrozma
|
|win|harsh634
|n|☆harsh634|harsh634
|n|☆Master kushagra|masterkushagra
|n| makeWEEDleLegal|makeweedlelegal
|n| Frozoid|frozoid
|n| Calm Mind Arceus|calmmindarceus
|n| BEASTADARSH|beastadarsh
|n| iwasterrible|iwasterrible
|c| Calm Mind Arceus|ngl cm arc steel wouldve 6-0d
|c| makeWEEDleLegal|OH MY GOD
|c| BEASTADARSH|barraged
|c|☆harsh634|OMMMMMMMMMMGGGGGGGGGGG
|c|☆Master kushagra|what
|c|☆Master kushagra|gg
|l| Frozoid
|c|☆harsh634|HOOOOOOOOOOOOOOOOOOOOOWWWWWWWWWWWWWWWWWWWWWWWWWWWWWWWWWWWWW
|l| Calm Mind Arceus
|c|☆Master kushagra|hacks
|c|☆harsh634|IIIIIII   CANT BELEIVE IT
|c| makeWEEDleLegal|lol
|c| BEASTADARSH|this shit is crazy wtf :quagstare:
|c| makeWEEDleLegal|How did u not run out of pp
|c| makeWEEDleLegal|you should have been out of astral
|c|☆harsh634|well
|c|☆harsh634|gg
|c|☆Master kushagra|how
|c|☆Master kushagra|thats illegal
|c| makeWEEDleLegal|frf
|c|☆harsh634|well played
|c| makeWEEDleLegal|you only have 5 astral uses as ditto
|c|☆harsh634|DITTO OP
|j| SteelPhoenix363
|l|☆harsh634
|j|☆harsh634
|player|p1|harsh634|red
|c| BEASTADARSH|Protto
