|j|☆Purrglar
|j|☆xing-ggggg
|t:|1667876425
|gametype|singles
|player|p1|Purrglar|waitress-gen4|1672
|player|p2|xing-ggggg|hexmaniac-gen6|1761
|teamsize|p1|6
|teamsize|p2|6
|gen|8
|tier|[Gen 8] National Dex AG
|rated|
|rule|HP Percentage Mod: HP is shown in percentages
|rule|Endless Battle Clause: Forcing endless battles is banned
|clearpoke
|poke|p1|Ditto|
|poke|p1|Forretress, M|
|poke|p1|Arceus-*|
|poke|p1|Rayquaza|
|poke|p1|Zacian-*|
|poke|p1|Calyrex-Shadow|
|poke|p2|Rayquaza|
|poke|p2|Zacian-*|
|poke|p2|Ditto|
|poke|p2|Marshadow|
|poke|p2|Yveltal|
|poke|p2|Groudon|
|teampreview
|inactive|Battle timer is ON: inactive players will automatically lose when time's up. (requested by Purrglar)
|
|t:|1667876430
|start
|switch|p1a: Forretress|Forretress, M|100/100
|switch|p2a: 统治大地的熔岩魔神！|Groudon, shiny|100/100
|detailschange|p2a: 统治大地的熔岩魔神！|Groudon-Primal, shiny
|-primal|p2a: 统治大地的熔岩魔神！
|-weather|DesolateLand|[from] ability: Desolate Land|[of] p2a: 统治大地的熔岩魔神！
|turn|1
|
|t:|1667876434
|move|p2a: 统治大地的熔岩魔神！|Stealth Rock|p1a: Forretress
|-sidestart|p1: Purrglar|move: Stealth Rock
|move|p1a: Forretress|Stealth Rock|p2a: 统治大地的熔岩魔神！
|-sidestart|p2: xing-ggggg|move: Stealth Rock
|
|-weather|DesolateLand|[upkeep]
|upkeep
|turn|2
|
|t:|1667876438
|move|p1a: Forretress|Rapid Spin|p2a: 统治大地的熔岩魔神！
|-damage|p2a: 统治大地的熔岩魔神！|94/100
|-boost|p1a: Forretress|spe|1
|-sideend|p1: Purrglar|Stealth Rock|[from] move: Rapid Spin|[of] p1a: Forretress
|move|p2a: 统治大地的熔岩魔神！|Dragon Tail|p1a: Forretress
|-resisted|p1a: Forretress
|-damage|p1a: Forretress|92/100
|drag|p1a: Zacian|Zacian-Crowned|100/100
|-ability|p1a: Zacian|Intrepid Sword|boost
|-boost|p1a: Zacian|atk|1
|
|-weather|DesolateLand|[upkeep]
|upkeep
|turn|3
|
|t:|1667876448
|switch|p1a: Forretress|Forretress, M|92/100
|move|p2a: 统治大地的熔岩魔神！|Thunder Wave|p1a: Forretress
|-status|p1a: Forretress|par
|
|-weather|DesolateLand|[upkeep]
|upkeep
|turn|4
|
|t:|1667876453
|move|p1a: Forretress|Explosion|p2a: 统治大地的熔岩魔神！
|-damage|p2a: 统治大地的熔岩魔神！|59/100
|faint|p1a: Forretress
|move|p2a: 统治大地的熔岩魔神！|Dragon Tail|p1: Forretress|[notarget]
|-fail|p2a: 统治大地的熔岩魔神！
|
|-weather|DesolateLand|[upkeep]
|upkeep
|
|t:|1667876465
|switch|p1a: Arceus|Arceus|100/100
|turn|5
|
|t:|1667876469
|move|p1a: Arceus|Earthquake|p2a: 统治大地的熔岩魔神！
|-supereffective|p2a: 统治大地的熔岩魔神！
|-damage|p2a: 统治大地的熔岩魔神！|18/100
|-damage|p1a: Arceus|91/100|[from] item: Life Orb
|move|p2a: 统治大地的熔岩魔神！|Dragon Tail|p1a: Arceus|[miss]
|-miss|p2a: 统治大地的熔岩魔神！|p1a: Arceus
|
|-weather|DesolateLand|[upkeep]
|upkeep
|turn|6
|
|t:|1667876479
|-weather|none
|switch|p2a: 斩破长空的邪恶之翼！|Yveltal, shiny|100/100
|-damage|p2a: 斩破长空的邪恶之翼！|76/100|[from] Stealth Rock
|-ability|p2a: 斩破长空的邪恶之翼！|Dark Aura
|move|p1a: Arceus|Extreme Speed|p2a: 斩破长空的邪恶之翼！
|-damage|p2a: 斩破长空的邪恶之翼！|25/100
|-damage|p1a: Arceus|81/100|[from] item: Life Orb
|
|upkeep
|turn|7
|
|t:|1667876486
|-start|p2a: 斩破长空的邪恶之翼！|Dynamax|
|-heal|p2a: 斩破长空的邪恶之翼！|25/100|[silent]
|move|p1a: Arceus|Ice Beam|p2a: 斩破长空的邪恶之翼！
|-supereffective|p2a: 斩破长空的邪恶之翼！
|-damage|p2a: 斩破长空的邪恶之翼！|0 fnt
|faint|p2a: 斩破长空的邪恶之翼！
|-damage|p1a: Arceus|71/100|[from] item: Life Orb
|
|upkeep
|
|t:|1667876490
|switch|p2a: 暗影之中的烈拳杀手！|Marshadow|100/100
|-damage|p2a: 暗影之中的烈拳杀手！|94/100|[from] Stealth Rock
|turn|8
|c|☆Purrglar|!stats marshadow
|raw|<div class="message"><ul class="utilichart"><li class="result"><span class="col numcol">Uber</span> <span class="col iconcol"><psicon pokemon="marshadow"/></span> <span class="col pokemonnamecol" style="white-space:nowrap"><a href="https://dex.pokemonshowdown.com/pokemon/marshadow" target="_blank">Marshadow</a></span> <span class="col typecol"><img src="https://play.pokemonshowdown.com/sprites/types/Fighting.png" alt="Fighting" height="14" width="32"><img src="https://play.pokemonshowdown.com/sprites/types/Ghost.png" alt="Ghost" height="14" width="32"></span> <span style="float:left;min-height:26px"><span class="col abilitycol">Technician</span><span class="col abilitycol"></span></span><span style="float:left;min-height:26px"><span class="col statcol"><em>HP</em><br />90</span> <span class="col statcol"><em>Atk</em><br />125</span> <span class="col statcol"><em>Def</em><br />80</span> <span class="col statcol"><em>SpA</em><br />90</span> <span class="col statcol"><em>SpD</em><br />90</span> <span class="col statcol"><em>Spe</em><br />125</span> <span class="col bstcol"><em>BST<br />600</em></span> </span></li><li style="clear:both"></li></ul></div>

|inactive|Purrglar has 120 seconds left.
|inactive|Purrglar has 90 seconds left.
|
|t:|1667876555
|move|p2a: 暗影之中的烈拳杀手！|Close Combat|p1a: Arceus
|-supereffective|p1a: Arceus
|-damage|p1a: Arceus|0 fnt
|-unboost|p2a: 暗影之中的烈拳杀手！|def|1
|-unboost|p2a: 暗影之中的烈拳杀手！|spd|1
|faint|p1a: Arceus
|
|upkeep
|
|t:|1667876559
|switch|p1a: Ditto|Ditto|100/100
|-transform|p1a: Ditto|p2a: 暗影之中的烈拳杀手！|[from] ability: Imposter
|turn|9
|inactive|xing-ggggg has 120 seconds left.
|inactive|xing-ggggg has 90 seconds left.
|inactive|xing-ggggg has 60 seconds left.
|inactive|xing-ggggg has 30 seconds left.
|
|t:|1667876682
|move|p1a: Ditto|Shadow Sneak|p2a: 暗影之中的烈拳杀手！
|-supereffective|p2a: 暗影之中的烈拳杀手！
|-damage|p2a: 暗影之中的烈拳杀手！|0 fnt
|faint|p2a: 暗影之中的烈拳杀手！
|
|upkeep
|inactive|xing-ggggg has 30 seconds left.
|
|t:|1667876689
|switch|p2a: 你的强化，我收下了！|Ditto|100/100
|-damage|p2a: 你的强化，我收下了！|88/100|[from] Stealth Rock
|turn|10
|
|t:|1667876694
|-start|p1a: Ditto|Dynamax|
|-heal|p1a: Ditto|100/100|[silent]
|move|p1a: Ditto|Max Knuckle|p2a: 你的强化，我收下了！
|-supereffective|p2a: 你的强化，我收下了！
|-damage|p2a: 你的强化，我收下了！|0 fnt
|-boost|p1a: Ditto|atk|1
|faint|p2a: 你的强化，我收下了！
|
|upkeep
|
|t:|1667876698
|switch|p2a: 这一剑 叫你灰飞烟灭!|Zacian-Crowned|100/100
|-damage|p2a: 这一剑 叫你灰飞烟灭!|94/100|[from] Stealth Rock
|-ability|p2a: 这一剑 叫你灰飞烟灭!|Intrepid Sword|boost
|-boost|p2a: 这一剑 叫你灰飞烟灭!|atk|1
|turn|11
|
|t:|1667876706
|-end|p1a: Ditto|Dynamax
|-heal|p1a: Ditto|100/100|[silent]
|switch|p1a: Rayquaza|Rayquaza|100/100
|-ability|p1a: Rayquaza|Air Lock
|move|p2a: 这一剑 叫你灰飞烟灭!|Behemoth Blade|p1a: Rayquaza
|-damage|p1a: Rayquaza|14/100
|
|upkeep
|turn|12
|inactive|xing-ggggg has 60 seconds left.
|
|t:|1667876713
|detailschange|p1a: Rayquaza|Rayquaza-Mega
|-mega|p1a: Rayquaza|Rayquaza|
|-weather|DeltaStream|[from] ability: Delta Stream|[of] p1a: Rayquaza
|move|p1a: Rayquaza|Extreme Speed|p2a: 这一剑 叫你灰飞烟灭!
|-resisted|p2a: 这一剑 叫你灰飞烟灭!
|-crit|p2a: 这一剑 叫你灰飞烟灭!
|-damage|p2a: 这一剑 叫你灰飞烟灭!|64/100
|-damage|p1a: Rayquaza|4/100|[from] item: Life Orb
|move|p2a: 这一剑 叫你灰飞烟灭!|Quick Attack|p1a: Rayquaza
|-damage|p1a: Rayquaza|0 fnt
|faint|p1a: Rayquaza
|-weather|none
|
|upkeep
|
|t:|1667876715
|switch|p1a: Ditto|Ditto|100/100
|-transform|p1a: Ditto|p2a: 这一剑 叫你灰飞烟灭!|[from] ability: Imposter
|-ability|p1a: Ditto|Intrepid Sword|boost
|-boost|p1a: Ditto|atk|1
|turn|13
|inactive|xing-ggggg has 60 seconds left.
|inactive|xing-ggggg has 30 seconds left.
|inactive|xing-ggggg has 20 seconds left.
|inactive|xing-ggggg has 15 seconds left.
|inactive|xing-ggggg has 10 seconds left.
|inactive|xing-ggggg has 5 seconds left.
|-message|xing-ggggg lost due to inactivity.
|
|win|Purrglar
|raw|Purrglar's rating: 1672 &rarr; <strong>1697</strong><br />(+25 for winning)
|raw|xing-ggggg's rating: 1761 &rarr; <strong>1736</strong><br />(-25 for losing)
||Ladder isn't responding, score probably updated but might not have (Request timeout).
