|j|☆Eby Sobak
|j|☆Sriram v
|player|p1|Eby Sobak|unknownf|1507
|player|p2|Sriram v|red|1422
|teamsize|p1|6
|teamsize|p2|6
|gametype|singles
|gen|8
|tier|[Gen 8] National Dex AG
|rated|
|clearpoke
|poke|p1|Arceus-*|
|poke|p1|Deoxys-Attack|
|poke|p1|Deoxys-Attack|
|poke|p1|Xerneas|
|poke|p1|Necrozma-Dusk-Mane|
|poke|p1|Yveltal|
|poke|p2|Blastoise, M|
|poke|p2|Galvantula, M|
|poke|p2|Kartana|
|poke|p2|Groudon|
|poke|p2|Necrozma-Dusk-Mane|
|poke|p2|Copperajah, F|
|rule|HP Percentage Mod: HP is shown in percentages
|rule|Endless Battle Clause: Forcing endless battles is banned
|teampreview
|inactive|Battle timer is ON: inactive players will automatically lose when time's up. (requested by Sriram v)
|
|start
|switch|p1a: Arceus|Arceus-Ghost, shiny|100/100
|switch|p2a: Galvantula|Galvantula, M|100/100
|turn|1
|
|move|p1a: Arceus|Magic Coat|p1a: Arceus
|-singleturn|p1a: Arceus|move: Magic Coat
|move|p2a: Galvantula|Thunder Wave|p1a: Arceus
|move|p1a: Arceus|Thunder Wave|p2a: Galvantula|[from]Magic Coat
|-immune|p2a: Galvantula
|
|upkeep
|turn|2
|
|move|p1a: Arceus|Magic Coat|p1a: Arceus
|-singleturn|p1a: Arceus|move: Magic Coat
|move|p2a: Galvantula|Thunder Wave|p1a: Arceus
|move|p1a: Arceus|Thunder Wave|p2a: Galvantula|[from]Magic Coat
|-immune|p2a: Galvantula
|
|upkeep
|turn|3
|
|move|p1a: Arceus|Judgment|p2a: Galvantula
|-enditem|p2a: Galvantula|Focus Sash
|-damage|p2a: Galvantula|1/100
|move|p2a: Galvantula|Thunder Wave|p1a: Arceus
|-status|p1a: Arceus|par
|
|upkeep
|turn|4
|
|move|p1a: Arceus|Magic Coat|p1a: Arceus
|-singleturn|p1a: Arceus|move: Magic Coat
|move|p2a: Galvantula|Sticky Web|p1a: Arceus
|move|p1a: Arceus|Sticky Web|p2a: Galvantula|[from]Magic Coat
|-sidestart|p2: Sriram v|move: Sticky Web
|
|upkeep
|turn|5
|
|move|p2a: Galvantula|Sticky Web|p1a: Arceus
|-sidestart|p1: Eby Sobak|move: Sticky Web
|move|p1a: Arceus|Judgment|p2a: Galvantula
|-damage|p2a: Galvantula|0 fnt
|faint|p2a: Galvantula
|
|upkeep
|
|switch|p2a: Blastoise|Blastoise, M|100/100
|-activate|p2a: Blastoise|move: Sticky Web
|-unboost|p2a: Blastoise|spe|1
|turn|6
|
|detailschange|p2a: Blastoise|Blastoise-Mega, M
|-mega|p2a: Blastoise|Blastoise|Blastoisinite
|move|p1a: Arceus|Stealth Rock|p2a: Blastoise
|-sidestart|p2: Sriram v|move: Stealth Rock
|move|p2a: Blastoise|Shell Smash|p2a: Blastoise
|-unboost|p2a: Blastoise|def|1
|-unboost|p2a: Blastoise|spd|1
|-boost|p2a: Blastoise|atk|2
|-boost|p2a: Blastoise|spa|2
|-boost|p2a: Blastoise|spe|2
|
|upkeep
|turn|7
|
|move|p2a: Blastoise|Dark Pulse|p1a: Arceus
|-supereffective|p1a: Arceus
|-damage|p1a: Arceus|0 fnt
|faint|p1a: Arceus
|
|upkeep
|
|switch|p1a: Deoxys|Deoxys-Attack, shiny|100/100
|-activate|p1a: Deoxys|move: Sticky Web
|-unboost|p1a: Deoxys|spe|1
|-ability|p1a: Deoxys|Pressure
|turn|8
|
|move|p2a: Blastoise|Dark Pulse|p1a: Deoxys
|-supereffective|p1a: Deoxys
|-enditem|p1a: Deoxys|Focus Sash
|-damage|p1a: Deoxys|1/100
|move|p1a: Deoxys|Psycho Boost|p2a: Blastoise
|-damage|p2a: Blastoise|0 fnt
|-unboost|p1a: Deoxys|spa|2
|faint|p2a: Blastoise
|
|upkeep
|
|switch|p2a: Necrozma|Necrozma-Dusk-Mane|100/100
|-damage|p2a: Necrozma|95/100|[from] Stealth Rock
|-activate|p2a: Necrozma|move: Sticky Web
|-unboost|p2a: Necrozma|spe|1
|turn|9
|
|move|p1a: Deoxys|Taunt|p2a: Necrozma
|-start|p2a: Necrozma|move: Taunt
|cant|p2a: Necrozma|move: Taunt|Dragon Dance
|
|upkeep
|turn|10
|
|move|p1a: Deoxys|Spikes|p2a: Necrozma
|-sidestart|p2: Sriram v|Spikes
|move|p2a: Necrozma|Sunsteel Strike|p1a: Deoxys
|-damage|p1a: Deoxys|0 fnt
|faint|p1a: Deoxys
|
|upkeep
|
|switch|p1a: Yveltal|Yveltal, shiny|100/100
|-ability|p1a: Yveltal|Dark Aura
|turn|11
|
|detailschange|p2a: Necrozma|Necrozma-Ultra
|-burst|p2a: Necrozma|Necrozma|Ultranecrozium Z
|move|p1a: Yveltal|Dark Pulse|p2a: Necrozma
|-supereffective|p2a: Necrozma
|-damage|p2a: Necrozma|0 fnt
|-damage|p1a: Yveltal|91/100|[from] item: Life Orb
|faint|p2a: Necrozma
|
|upkeep
|
|switch|p2a: Copperajah|Copperajah, F|100/100
|-damage|p2a: Copperajah|88/100|[from] Spikes
|-damage|p2a: Copperajah|82/100|[from] Stealth Rock
|-activate|p2a: Copperajah|move: Sticky Web
|-unboost|p2a: Copperajah|spe|1
|turn|12
|
|-start|p2a: Copperajah|Dynamax
|-heal|p2a: Copperajah|82/100|[silent]
|move|p1a: Yveltal|Heat Wave|p2a: Copperajah
|-supereffective|p2a: Copperajah
|-damage|p2a: Copperajah|28/100
|-damage|p1a: Yveltal|81/100|[from] item: Life Orb
|move|p2a: Copperajah|Max Starfall|p1a: Yveltal
|-supereffective|p1a: Yveltal
|-damage|p1a: Yveltal|0 fnt
|-fieldstart|move: Misty Terrain
|faint|p1a: Yveltal
|
|upkeep
|
|switch|p1a: Deoxys|Deoxys-Attack, shiny|100/100
|-activate|p1a: Deoxys|move: Sticky Web
|-unboost|p1a: Deoxys|spe|1
|-ability|p1a: Deoxys|Pressure
|turn|13
|
|move|p1a: Deoxys|Fire Punch|p2a: Copperajah
|-supereffective|p2a: Copperajah
|-damage|p2a: Copperajah|0 fnt
|-damage|p1a: Deoxys|91/100|[from] item: Life Orb
|faint|p2a: Copperajah
|
|upkeep
|
|switch|p2a: Groudon|Groudon|100/100
|-damage|p2a: Groudon|88/100|[from] Spikes
|-activate|p2a: Groudon|move: Sticky Web
|-unboost|p2a: Groudon|spe|1
|-damage|p2a: Groudon|82/100|[from] Stealth Rock
|detailschange|p2a: Groudon|Groudon-Primal
|-primal|p2a: Groudon
|-weather|DesolateLand|[from] ability: Desolate Land|[of] p2a: Groudon
|turn|14
|inactive|Sriram v has 120 seconds left.
|-message|Sriram v forfeited.
|
|win|Eby Sobak
|l|☆Sriram v
|j|☆Sriram v
|player|p2|Sriram v|red
|raw|Eby Sobak's rating: 1507 &rarr; <strong>1522</strong><br />(+15 for winning)
|raw|Sriram v's rating: 1423 &rarr; <strong>1408</strong><br />(-15 for losing)
