|j|☆DarkboiJ
|j|☆LocalMetagross
|t:|1665697284
|gametype|singles
|player|p1|DarkboiJ|blue-gen3two|1923
|player|p2|LocalMetagross|akari|1732
|teamsize|p1|6
|teamsize|p2|6
|gen|8
|tier|[Gen 8] National Dex AG
|rated|
|rule|HP Percentage Mod: HP is shown in percentages
|rule|Endless Battle Clause: Forcing endless battles is banned
|clearpoke
|poke|p1|Calyrex-Shadow|
|poke|p1|Rayquaza|
|poke|p1|Arceus-*|
|poke|p1|Arceus-*|
|poke|p1|Groudon|
|poke|p1|Diancie|
|poke|p2|Deoxys-Speed|
|poke|p2|Xerneas-*|
|poke|p2|Marshadow|
|poke|p2|Calyrex-Shadow|
|poke|p2|Yveltal|
|poke|p2|Zekrom|
|teampreview
|inactive|Battle timer is ON: inactive players will automatically lose when time's up. (requested by LocalMetagross)
|inactive|DarkboiJ also wants the timer to be on.
|
|t:|1665697299
|start
|switch|p1a: Diancie|Diancie, shiny|100/100
|switch|p2a: Shoot to Thrill|Marshadow|100/100
|turn|1
|
|t:|1665697304
|move|p2a: Shoot to Thrill|Low Kick|p1a: Diancie
|-damage|p1a: Diancie|83/100
|-damage|p2a: Shoot to Thrill|91/100|[from] item: Life Orb
|move|p1a: Diancie|Stealth Rock|p2a: Shoot to Thrill
|-sidestart|p2: LocalMetagross|move: Stealth Rock
|
|-heal|p1a: Diancie|90/100|[from] item: Leftovers
|upkeep
|turn|2
|
|t:|1665697309
|move|p2a: Shoot to Thrill|Poltergeist|p1a: Diancie
|-activate|p1a: Diancie|move: Poltergeist|Leftovers
|-damage|p1a: Diancie|34/100
|-damage|p2a: Shoot to Thrill|81/100|[from] item: Life Orb
|move|p1a: Diancie|Baton Pass|p1a: Diancie
|
|t:|1665697322
|switch|p1a: Groudon|Groudon|100/100|[from]move: Baton Pass
|detailschange|p1a: Groudon|Groudon-Primal
|-primal|p1a: Groudon
|-weather|DesolateLand|[from] ability: Desolate Land|[of] p1a: Groudon
|
|-weather|DesolateLand|[upkeep]
|upkeep
|turn|3
|
|t:|1665697333
|move|p2a: Shoot to Thrill|Low Kick|p1a: Groudon
|-damage|p1a: Groudon|65/100
|-damage|p2a: Shoot to Thrill|71/100|[from] item: Life Orb
|move|p1a: Groudon|Heat Crash|p2a: Shoot to Thrill
|-damage|p2a: Shoot to Thrill|0 fnt
|faint|p2a: Shoot to Thrill
|
|-weather|DesolateLand|[upkeep]
|upkeep
|
|t:|1665697337
|switch|p2a: Back in Black|Yveltal|100/100
|-damage|p2a: Back in Black|76/100|[from] Stealth Rock
|-ability|p2a: Back in Black|Dark Aura
|turn|4
|
|t:|1665697342
|-weather|none
|switch|p1a: Diancie|Diancie, shiny|34/100
|-start|p2a: Back in Black|Dynamax|
|-heal|p2a: Back in Black|76/100|[silent]
|move|p2a: Back in Black|Max Airstream|p1a: Diancie
|-resisted|p1a: Diancie
|-damage|p1a: Diancie|6/100
|-boost|p2a: Back in Black|spe|1
|-damage|p2a: Back in Black|71/100|[from] item: Life Orb
|
|-heal|p1a: Diancie|12/100|[from] item: Leftovers
|upkeep
|turn|5
|j| in 90
|
|t:|1665697346
|move|p2a: Back in Black|Max Flare|p1a: Diancie
|-resisted|p1a: Diancie
|-damage|p1a: Diancie|0 fnt
|-weather|SunnyDay
|faint|p1a: Diancie
|-damage|p2a: Back in Black|66/100|[from] item: Life Orb
|
|-weather|SunnyDay|[upkeep]
|upkeep
|
|t:|1665697357
|switch|p1a: Arceus|Arceus-Dark|100/100
|turn|6
|
|t:|1665697361
|move|p2a: Back in Black|Max Darkness|p1a: Arceus
|-resisted|p1a: Arceus
|-damage|p1a: Arceus|58/100
|-unboost|p1a: Arceus|spd|1
|-damage|p2a: Back in Black|61/100|[from] item: Life Orb
|move|p1a: Arceus|Calm Mind|p1a: Arceus
|-boost|p1a: Arceus|spa|1
|-boost|p1a: Arceus|spd|1
|
|-weather|SunnyDay|[upkeep]
|upkeep
|-end|p2a: Back in Black|Dynamax
|-heal|p2a: Back in Black|61/100|[silent]
|turn|7
|
|t:|1665697367
|move|p2a: Back in Black|Taunt|p1a: Arceus
|-start|p1a: Arceus|move: Taunt
|cant|p1a: Arceus|move: Taunt|Recover
|
|-weather|SunnyDay|[upkeep]
|upkeep
|turn|8
|j| Franko159
|
|t:|1665697385
|move|p2a: Back in Black|Heat Wave|p1a: Arceus
|-damage|p1a: Arceus|14/100
|-damage|p2a: Back in Black|51/100|[from] item: Life Orb
|move|p1a: Arceus|Judgment|p2a: Back in Black
|-resisted|p2a: Back in Black
|-damage|p2a: Back in Black|7/100
|
|-weather|SunnyDay|[upkeep]
|upkeep
|turn|9
|
|t:|1665697391
|move|p2a: Back in Black|Oblivion Wing|p1a: Arceus
|-damage|p1a: Arceus|0 fnt
|-heal|p2a: Back in Black|19/100|[from] drain|[of] p1a: Arceus
|faint|p1a: Arceus
|-damage|p2a: Back in Black|9/100|[from] item: Life Orb
|
|-weather|none
|upkeep
|
|t:|1665697398
|switch|p1a: Arceus|Arceus|100/100
|turn|10
|
|t:|1665697402
|move|p1a: Arceus|Extreme Speed|p2a: Back in Black
|-damage|p2a: Back in Black|0 fnt
|faint|p2a: Back in Black
|
|upkeep
|
|t:|1665697409
|switch|p2a: Panama|Deoxys-Speed|100/100
|-damage|p2a: Panama|88/100|[from] Stealth Rock
|-ability|p2a: Panama|Pressure
|turn|11
|
|t:|1665697417
|move|p2a: Panama|Thunder Wave|p1a: Arceus
|-status|p1a: Arceus|par
|-enditem|p1a: Arceus|Lum Berry|[eat]
|-curestatus|p1a: Arceus|par|[msg]
|move|p1a: Arceus|Swords Dance|p1a: Arceus
|-boost|p1a: Arceus|atk|2
|
|upkeep
|turn|12
|
|t:|1665697420
|move|p1a: Arceus|Extreme Speed|p2a: Panama
|-damage|p2a: Panama|0 fnt
|faint|p2a: Panama
|
|upkeep
|c|☆LocalMetagross|man what the fuck is with lum arc
|-message|LocalMetagross forfeited.
|
|win|DarkboiJ
|raw|DarkboiJ's rating: 1923 &rarr; <strong>1933</strong><br />(+10 for winning)
|raw|LocalMetagross's rating: 1732 &rarr; <strong>1722</strong><br />(-10 for losing)
|l|☆LocalMetagross
