|j|☆Opnoob 598
|j|☆Master kushagra
|t:|1646988736
|gametype|singles
|player|p1|Opnoob 598|leon|
|player|p2|Master kushagra|leon-tower|
|teamsize|p1|6
|teamsize|p2|6
|gen|8
|tier|[Gen 8] National Dex AG
|rule|HP Percentage Mod: HP is shown in percentages
|rule|Endless Battle Clause: Forcing endless battles is banned
|clearpoke
|poke|p1|Necrozma-Dusk-Mane|
|poke|p1|Arceus-*|
|poke|p1|Ditto|
|poke|p1|Arceus-*|
|poke|p1|Marshadow|
|poke|p1|Yveltal|
|poke|p2|Ditto|
|poke|p2|Zacian-*|
|poke|p2|Xerneas-*|
|poke|p2|Necrozma-Dusk-Mane|
|poke|p2|Calyrex-Shadow|
|poke|p2|Salamence, M|
|teampreview
|c|☆Opnoob 598|Hf
|
|t:|1646988746
|start
|switch|p1a: Mujhe kamzor bola|Arceus-Ground|100/100
|switch|p2a: Salamence|Salamence, M|100/100
|turn|1
|c|☆Master kushagra|gl
|
|t:|1646988754
|detailschange|p2a: Salamence|Salamence-Mega, M
|-mega|p2a: Salamence|Salamence|Salamencite
|move|p1a: Mujhe kamzor bola|Stealth Rock|p2a: Salamence
|-sidestart|p2: Master kushagra|move: Stealth Rock
|move|p2a: Salamence|Dragon Dance|p2a: Salamence
|-boost|p2a: Salamence|atk|1
|-boost|p2a: Salamence|spe|1
|
|upkeep
|turn|2
|
|t:|1646988761
|switch|p1a: Gadha|Necrozma-Dusk-Mane|100/100
|move|p2a: Salamence|Dragon Dance|p2a: Salamence
|-boost|p2a: Salamence|atk|1
|-boost|p2a: Salamence|spe|1
|
|upkeep
|turn|3
|
|t:|1646988775
|move|p2a: Salamence|Frustration|p1a: Gadha
|-resisted|p1a: Gadha
|-damage|p1a: Gadha|71/100
|-damage|p2a: Salamence|84/100|[from] item: Rocky Helmet|[of] p1a: Gadha
|move|p1a: Gadha|Thunder Wave|p2a: Salamence
|-status|p2a: Salamence|par
|
|upkeep
|turn|4
|
|t:|1646988781
|move|p2a: Salamence|Dragon Dance|p2a: Salamence
|-boost|p2a: Salamence|atk|1
|-boost|p2a: Salamence|spe|1
|move|p1a: Gadha|Sunsteel Strike|p2a: Salamence
|-damage|p2a: Salamence|44/100 par
|
|upkeep
|turn|5
|
|t:|1646988787
|move|p2a: Salamence|Roost|p2a: Salamence
|-heal|p2a: Salamence|94/100 par
|-singleturn|p2a: Salamence|move: Roost
|move|p1a: Gadha|Morning Sun|p1a: Gadha
|-heal|p1a: Gadha|100/100
|
|upkeep
|turn|6
|
|t:|1646988794
|switch|p1a: Marega tu ghore|Yveltal|100/100
|-ability|p1a: Marega tu ghore|Dark Aura
|cant|p2a: Salamence|par
|
|upkeep
|turn|7
|
|t:|1646988800
|move|p1a: Marega tu ghore|Sucker Punch|p2a: Salamence
|-damage|p2a: Salamence|50/100 par
|-damage|p1a: Marega tu ghore|91/100|[from] item: Life Orb
|move|p2a: Salamence|Frustration|p1a: Marega tu ghore
|-damage|p1a: Marega tu ghore|0 fnt
|faint|p1a: Marega tu ghore
|
|upkeep
|
|t:|1646988809
|switch|p1a: Mujhe kamzor bola|Arceus-Ground|100/100
|turn|8
|
|t:|1646988812
|move|p2a: Salamence|Roost|p2a: Salamence
|-heal|p2a: Salamence|99/100 par
|-singleturn|p2a: Salamence|move: Roost
|move|p1a: Mujhe kamzor bola|Stone Edge|p2a: Salamence
|-damage|p2a: Salamence|73/100 par
|
|upkeep
|turn|9
|
|t:|1646988821
|move|p2a: Salamence|Frustration|p1a: Mujhe kamzor bola
|-damage|p1a: Mujhe kamzor bola|0 fnt
|faint|p1a: Mujhe kamzor bola
|
|upkeep
|
|t:|1646988824
|switch|p1a: Abe sale|Ditto|100/100
|-transform|p1a: Abe sale|p2a: Salamence|[from] ability: Imposter
|turn|10
|
|t:|1646988828
|switch|p1a: Gadha|Necrozma-Dusk-Mane|100/100
|cant|p2a: Salamence|par
|
|upkeep
|turn|11
|
|t:|1646988834
|move|p2a: Salamence|Roost|p2a: Salamence
|-heal|p2a: Salamence|100/100 par
|-singleturn|p2a: Salamence|move: Roost
|move|p1a: Gadha|Sunsteel Strike|p2a: Salamence
|-damage|p2a: Salamence|63/100 par
|
|upkeep
|turn|12
|c|☆Master kushagra|i can pp stall here
|
|t:|1646988852
|switch|p1a: Noobda|Arceus-Electric|100/100
|move|p2a: Salamence|Dragon Dance|p2a: Salamence
|-boost|p2a: Salamence|atk|1
|-boost|p2a: Salamence|spe|1
|
|upkeep
|turn|13
|
|t:|1646988860
|-start|p1a: Noobda|Dynamax
|-heal|p1a: Noobda|100/100|[silent]
|move|p2a: Salamence|Frustration|p1a: Noobda
|-resisted|p1a: Noobda
|-damage|p1a: Noobda|65/100
|move|p1a: Noobda|Max Hailstorm|p2a: Salamence
|-supereffective|p2a: Salamence
|-damage|p2a: Salamence|0 fnt
|-weather|Hail
|faint|p2a: Salamence
|
|-weather|Hail|[upkeep]
|-damage|p1a: Noobda|62/100|[from] Hail
|upkeep
|c|☆Master kushagra|ooo
|
|t:|1646988881
|switch|p2a: zacian destroyer|Necrozma-Dusk-Mane|100/100
|-damage|p2a: zacian destroyer|94/100|[from] Stealth Rock
|turn|14
|
|t:|1646988884
|-start|p2a: zacian destroyer|Dynamax
|-heal|p2a: zacian destroyer|94/100|[silent]
|move|p1a: Noobda|Max Lightning|p2a: zacian destroyer
|-damage|p2a: zacian destroyer|64/100
|-fieldstart|move: Electric Terrain
|move|p2a: zacian destroyer|Max Quake|p1a: Noobda
|-supereffective|p1a: Noobda
|-crit|p1a: Noobda
|-damage|p1a: Noobda|13/100
|-boost|p2a: zacian destroyer|spd|1
|
|-weather|Hail|[upkeep]
|-damage|p1a: Noobda|10/100|[from] Hail
|-damage|p2a: zacian destroyer|61/100|[from] Hail
|upkeep
|turn|15
|
|t:|1646988890
|move|p1a: Noobda|Max Lightning|p2a: zacian destroyer
|-damage|p2a: zacian destroyer|36/100
|move|p2a: zacian destroyer|Max Quake|p1a: Noobda
|-supereffective|p1a: Noobda
|-damage|p1a: Noobda|0 fnt
|-boost|p2a: zacian destroyer|spd|1
|faint|p1a: Noobda
|
|-weather|Hail|[upkeep]
|-damage|p2a: zacian destroyer|33/100|[from] Hail
|upkeep
|
|t:|1646988897
|switch|p1a: Gadha|Necrozma-Dusk-Mane|100/100
|turn|16
|
|t:|1646988906
|move|p1a: Gadha|Thunder Wave|p2a: zacian destroyer
|-status|p2a: zacian destroyer|par
|move|p2a: zacian destroyer|Max Quake|p1a: Gadha
|-supereffective|p1a: Gadha
|-damage|p1a: Gadha|65/100
|-boost|p2a: zacian destroyer|spd|1
|
|-weather|Hail|[upkeep]
|-damage|p1a: Gadha|59/100|[from] Hail
|-damage|p2a: zacian destroyer|30/100 par|[from] Hail
|-end|p2a: zacian destroyer|Dynamax
|-heal|p2a: zacian destroyer|30/100 par|[silent]
|upkeep
|turn|17
|
|t:|1646988913
|move|p1a: Gadha|Earthquake|p2a: zacian destroyer
|-supereffective|p2a: zacian destroyer
|-damage|p2a: zacian destroyer|0 fnt
|faint|p2a: zacian destroyer
|
|-weather|none
|upkeep
|
|t:|1646988918
|switch|p2a: Calyrex|Calyrex-Shadow|100/100
|-ability|p2a: Calyrex|As One
|-ability|p2a: Calyrex|Unnerve
|-damage|p2a: Calyrex|88/100|[from] Stealth Rock
|turn|18
|
|t:|1646988929
|switch|p1a: Takat bolte|Marshadow|100/100
|move|p2a: Calyrex|Astral Barrage|p1a: Takat bolte
|-supereffective|p1a: Takat bolte
|-damage|p1a: Takat bolte|0 fnt
|faint|p1a: Takat bolte
|-ability|p2a: Calyrex|Grim Neigh|boost
|-boost|p2a: Calyrex|spa|1
|
|-fieldend|move: Electric Terrain
|upkeep
|
|t:|1646988932
|switch|p1a: Abe sale|Ditto|100/100
|-transform|p1a: Abe sale|p2a: Calyrex|[from] ability: Imposter
|turn|19
|
|t:|1646988942
|switch|p2a: Ditto|Ditto|100/100
|-damage|p2a: Ditto|88/100|[from] Stealth Rock
|move|p1a: Abe sale|Astral Barrage|p2a: Ditto
|-immune|p2a: Ditto
|
|upkeep
|turn|20
|
|t:|1646988946
|move|p1a: Abe sale|Astral Barrage|p2a: Ditto
|-immune|p2a: Ditto
|move|p2a: Ditto|Transform||[still]
|-fail|p2a: Ditto
|
|upkeep
|turn|21
|
|t:|1646988949
|switch|p1a: Gadha|Necrozma-Dusk-Mane|59/100
|move|p2a: Ditto|Transform|p1a: Gadha
|-transform|p2a: Ditto|p1a: Gadha
|
|upkeep
|turn|22
|c|☆Opnoob 598|Ggwp
|
|t:|1646988960
|move|p2a: Ditto|Earthquake|p1a: Gadha
|-supereffective|p1a: Gadha
|-damage|p1a: Gadha|32/100
|move|p1a: Gadha|Morning Sun|p1a: Gadha
|-heal|p1a: Gadha|82/100
|
|upkeep
|turn|23
|c|☆Master kushagra|ggw[
|c|☆Opnoob 598|I thought ur salamence.
|c|☆Opnoob 598|Had eq
|c|☆Master kushagra|what is eq
|c|☆Opnoob 598|So i was too scared to bring out eleceus
|c|☆Opnoob 598|Earthquake
|
|t:|1646988988
|switch|p2a: Calyrex|Calyrex-Shadow|88/100
|-ability|p2a: Calyrex|As One
|-ability|p2a: Calyrex|Unnerve
|-damage|p2a: Calyrex|76/100|[from] Stealth Rock
|move|p1a: Gadha|Thunder Wave|p2a: Calyrex
|-status|p2a: Calyrex|par
|
|upkeep
|turn|24
|c|☆Master kushagra|oh ok
|
|t:|1646988995
|cant|p2a: Calyrex|par
|move|p1a: Gadha|Sunsteel Strike|p2a: Calyrex
|-damage|p2a: Calyrex|11/100 par
|
|upkeep
|turn|25
|
|t:|1646989001
|move|p2a: Calyrex|Astral Barrage|p1a: Gadha
|-supereffective|p1a: Gadha
|-damage|p1a: Gadha|0 fnt
|faint|p1a: Gadha
|-ability|p2a: Calyrex|Grim Neigh|boost
|-boost|p2a: Calyrex|spa|1
|
|upkeep
|
|t:|1646989003
|switch|p1a: Abe sale|Ditto|100/100
|-transform|p1a: Abe sale|p2a: Calyrex|[from] ability: Imposter
|turn|26
|
|t:|1646989009
|switch|p2a: Ditto|Ditto|88/100
|-damage|p2a: Ditto|76/100|[from] Stealth Rock
|move|p1a: Abe sale|Psyshock|p2a: Ditto
|-damage|p2a: Ditto|0 fnt
|faint|p2a: Ditto
|-ability|p1a: Abe sale|Grim Neigh|boost
|-boost|p1a: Abe sale|spa|1
|
|upkeep
|
|t:|1646989015
|switch|p2a: Zacian|Zacian-Crowned, shiny|100/100
|-damage|p2a: Zacian|94/100|[from] Stealth Rock
|-ability|p2a: Zacian|Intrepid Sword|boost
|-boost|p2a: Zacian|atk|1
|turn|27
|
|t:|1646989021
|move|p1a: Abe sale|Psyshock|p2a: Zacian
|-resisted|p2a: Zacian
|-damage|p2a: Zacian|47/100
|move|p2a: Zacian|Behemoth Blade|p1a: Abe sale
|-damage|p1a: Abe sale|0 fnt
|faint|p1a: Abe sale
|
|win|Master kushagra
|c|☆Opnoob 598|Ggwp
|c|☆Master kushagra|gg
|c|☆Opnoob 598|Wanna re?
|c|☆Opnoob 598|I have another team
|c|☆Master kushagra|i am gonna loose
|c|☆Opnoob 598|A cringe one
|c|☆Opnoob 598|Nah
|c|☆Master kushagra|but yeah
|c|☆Opnoob 598|Ur pro
|c|☆Master kushagra|no ur legendry
|c|☆Opnoob 598|Lmao
|l|☆Opnoob 598
