|j|☆Testing teams 596
|j|☆aseeasase
|t:|1659516137
|gametype|singles
|player|p1|Testing teams 596|n-masters|1847
|player|p2|aseeasase|265|1826
|teamsize|p1|6
|teamsize|p2|6
|gen|8
|tier|[Gen 8] National Dex AG
|rated|
|rule|HP Percentage Mod: HP is shown in percentages
|rule|Endless Battle Clause: Forcing endless battles is banned
|clearpoke
|poke|p1|Smeargle, M|
|poke|p1|Yveltal|
|poke|p1|Calyrex-Shadow|
|poke|p1|Groudon|
|poke|p1|Arceus-*|
|poke|p1|Rayquaza|
|poke|p2|Arceus-*|
|poke|p2|Arceus-*|
|poke|p2|Latias, F|
|poke|p2|Chansey, F|
|poke|p2|Blissey, F|
|poke|p2|Jirachi|
|teampreview
|
|t:|1659516150
|start
|switch|p1a: OSmeargle|Smeargle, M|100/100
|switch|p2a: Arceus|Arceus-Electric|100/100
|turn|1
|c|☆Testing teams 596|Glhf
|
|t:|1659516163
|-start|p2a: Arceus|Dynamax|
|-heal|p2a: Arceus|100/100|[silent]
|move|p2a: Arceus|Max Lightning|p1a: OSmeargle
|-enditem|p1a: OSmeargle|Focus Sash
|-damage|p1a: OSmeargle|1/100
|-fieldstart|move: Electric Terrain
|move|p1a: OSmeargle|Sticky Web|p2a: Arceus
|-sidestart|p2: aseeasase|move: Sticky Web
|
|upkeep
|turn|2
|
|t:|1659516169
|move|p2a: Arceus|Max Hailstorm|p1a: OSmeargle
|-crit|p1a: OSmeargle
|-damage|p1a: OSmeargle|0 fnt
|-weather|Hail
|faint|p1a: OSmeargle
|
|-weather|Hail|[upkeep]
|-damage|p2a: Arceus|97/100|[from] Hail
|upkeep
|
|t:|1659516174
|switch|p1a: Groudon|Groudon|100/100
|detailschange|p1a: Groudon|Groudon-Primal
|-primal|p1a: Groudon
|-weather|DesolateLand|[from] ability: Desolate Land|[of] p1a: Groudon
|turn|3
|
|t:|1659516177
|move|p2a: Arceus|Max Hailstorm|p1a: Groudon
|-damage|p1a: Groudon|40/100
|move|p1a: Groudon|Stealth Rock|p2a: Arceus
|-sidestart|p2: aseeasase|move: Stealth Rock
|
|-weather|DesolateLand|[upkeep]
|upkeep
|-end|p2a: Arceus|Dynamax
|-heal|p2a: Arceus|98/100|[silent]
|turn|4
|
|t:|1659516184
|switch|p2a: Latias|Latias, F|100/100
|-damage|p2a: Latias|88/100|[from] Stealth Rock
|-weather|none
|switch|p1a: Calyrex|Calyrex-Shadow|100/100
|-ability|p1a: Calyrex|As One
|-ability|p1a: Calyrex|Unnerve
|
|upkeep
|turn|5
|c|☆Testing teams 596|:)
|
|t:|1659516207
|switch|p2a: Chansey|Chansey, F|100/100
|-activate|p2a: Chansey|move: Sticky Web
|-unboost|p2a: Chansey|spe|1
|-damage|p2a: Chansey|88/100|[from] Stealth Rock
|move|p1a: Calyrex|Nasty Plot|p1a: Calyrex
|-boost|p1a: Calyrex|spa|2
|
|-fieldend|move: Electric Terrain
|upkeep
|turn|6
|
|t:|1659516210
|move|p1a: Calyrex|Psyshock|p2a: Chansey
|-damage|p2a: Chansey|20/100
|move|p2a: Chansey|Thunder Wave|p1a: Calyrex
|-status|p1a: Calyrex|par
|
|upkeep
|turn|7
|
|t:|1659516221
|cant|p1a: Calyrex|par
|move|p2a: Chansey|Healing Wish|p2a: Chansey
|faint|p2a: Chansey
|
|upkeep
|
|t:|1659516273
|switch|p2a: Latias|Latias, F|88/100
|-heal|p2a: Latias|100/100|[from] move: Healing Wish
|-damage|p2a: Latias|88/100|[from] Stealth Rock
|turn|8
|
|t:|1659516299
|detailschange|p2a: Latias|Latias-Mega, F
|-mega|p2a: Latias|Latias|Latiasite
|move|p2a: Latias|Defog|p1a: Calyrex
|-unboost|p1a: Calyrex|evasion|1
|-sideend|p2: aseeasase|Stealth Rock|[from] move: Defog|[of] p2a: Latias
|-sideend|p2: aseeasase|Sticky Web|[from] move: Defog|[of] p2a: Latias
|move|p1a: Calyrex|Astral Barrage|p2a: Latias
|-supereffective|p2a: Latias
|-crit|p2a: Latias
|-damage|p2a: Latias|0 fnt
|faint|p2a: Latias
|-ability|p1a: Calyrex|Grim Neigh|boost
|-boost|p1a: Calyrex|spa|1
|
|upkeep
|
|t:|1659516308
|switch|p2a: Arceus|Arceus-Ground|100/100
|turn|9
|
|t:|1659516310
|move|p2a: Arceus|Earthquake|p1a: Calyrex
|-damage|p1a: Calyrex|22/100 par
|move|p1a: Calyrex|Astral Barrage|p2a: Arceus
|-damage|p2a: Arceus|0 fnt
|faint|p2a: Arceus
|-ability|p1a: Calyrex|Grim Neigh|boost
|-boost|p1a: Calyrex|spa|1
|
|upkeep
|
|t:|1659516315
|switch|p2a: Arceus|Arceus-Electric|98/100
|turn|10
|
|t:|1659516319
|move|p2a: Arceus|Judgment|p1a: Calyrex
|-damage|p1a: Calyrex|0 fnt
|faint|p1a: Calyrex
|
|upkeep
|
|t:|1659516321
|switch|p1a: Arceus|Arceus|100/100
|turn|11
|
|t:|1659516341
|move|p1a: Arceus|Swords Dance|p1a: Arceus
|-boost|p1a: Arceus|atk|2
|move|p2a: Arceus|Judgment|p1a: Arceus
|-damage|p1a: Arceus|49/100
|
|upkeep
|turn|12
|
|t:|1659516354
|switch|p2a: Jirachi|Jirachi|100/100
|-start|p1a: Arceus|Dynamax|
|-heal|p1a: Arceus|49/100|[silent]
|move|p1a: Arceus|Max Quake|p2a: Jirachi
|-supereffective|p2a: Jirachi
|-damage|p2a: Jirachi|0 fnt
|-boost|p1a: Arceus|spd|1
|faint|p2a: Jirachi
|-damage|p1a: Arceus|44/100|[from] item: Life Orb
|
|upkeep
|
|t:|1659516358
|switch|p2a: Blissey|Blissey, F|100/100
|turn|13
|c|☆Testing teams 596|Gg
|c|☆Testing teams 596|Wp
|
|t:|1659516362
|move|p1a: Arceus|Max Strike|p2a: Blissey
|-damage|p2a: Blissey|0 fnt
|faint|p2a: Blissey
|-damage|p1a: Arceus|40/100|[from] item: Life Orb
|
|upkeep
|
|t:|1659516366
|switch|p2a: Arceus|Arceus-Electric|98/100
|turn|14
|
|t:|1659516368
|move|p1a: Arceus|Max Quake|p2a: Arceus
|-supereffective|p2a: Arceus
|-damage|p2a: Arceus|0 fnt
|-boost|p1a: Arceus|spd|1
|faint|p2a: Arceus
|-damage|p1a: Arceus|35/100|[from] item: Life Orb
|
|win|Testing teams 596
|raw|Testing teams 596's rating: 1847 &rarr; <strong>1866</strong><br />(+19 for winning)
|raw|aseeasase's rating: 1826 &rarr; <strong>1807</strong><br />(-19 for losing)
