|j|☆TheKingOfElevators
|j|☆Master kushagra
|t:|1646887797
|gametype|singles
|player|p1|TheKingOfElevators|elesa-gen5bw2|1660
|player|p2|Master kushagra|leon-tower|1696
|teamsize|p1|6
|teamsize|p2|6
|gen|8
|tier|[Gen 8] National Dex AG
|rated|
|rule|HP Percentage Mod: HP is shown in percentages
|rule|Endless Battle Clause: Forcing endless battles is banned
|clearpoke
|poke|p1|Smeargle, M|
|poke|p1|Smeargle, F|
|poke|p1|Xerneas-*|
|poke|p1|Groudon|
|poke|p1|Calyrex-Shadow|
|poke|p1|Rayquaza|
|poke|p2|Necrozma-Dusk-Mane|
|poke|p2|Arceus-*|
|poke|p2|Ditto|
|poke|p2|Arceus-*|
|poke|p2|Marshadow|
|poke|p2|Yveltal|
|teampreview
|inactive|Battle timer is ON: inactive players will automatically lose when time's up. (requested by TheKingOfElevators)
|
|t:|1646887803
|start
|switch|p1a: Smeargle|Smeargle, M|100/100
|switch|p2a: Arceus|Arceus-Ground|100/100
|turn|1
|c|☆Master kushagra|gl'
|
|t:|1646887809
|move|p2a: Arceus|Magic Coat|p2a: Arceus
|-singleturn|p2a: Arceus|move: Magic Coat
|move|p1a: Smeargle|Spore|p2a: Arceus
|move|p2a: Arceus|Spore|p1a: Smeargle|[from]Magic Coat
|-status|p1a: Smeargle|slp|[from] move: Spore
|
|upkeep
|turn|2
|
|t:|1646887819
|switch|p1a: Groudon|Groudon|100/100
|detailschange|p1a: Groudon|Groudon-Primal
|-primal|p1a: Groudon
|-weather|DesolateLand|[from] ability: Desolate Land|[of] p1a: Groudon
|move|p2a: Arceus|Stealth Rock|p1a: Groudon
|-sidestart|p1: TheKingOfElevators|move: Stealth Rock
|
|-weather|DesolateLand|[upkeep]
|upkeep
|turn|3
|
|t:|1646887824
|-zpower|p2a: Arceus
|move|p2a: Arceus|Tectonic Rage|p1a: Groudon|[zeffect]
|-supereffective|p1a: Groudon
|-damage|p1a: Groudon|0 fnt
|faint|p1a: Groudon
|-weather|none
|
|upkeep
|
|t:|1646887841
|switch|p1a: Calyrex|Calyrex-Shadow|100/100
|-ability|p1a: Calyrex|As One
|-ability|p1a: Calyrex|Unnerve
|-damage|p1a: Calyrex|88/100|[from] Stealth Rock
|turn|4
|
|t:|1646887850
|switch|p2a: Yveltal|Yveltal|100/100
|-ability|p2a: Yveltal|Dark Aura
|move|p1a: Calyrex|Astral Barrage|p2a: Yveltal
|-resisted|p2a: Yveltal
|-damage|p2a: Yveltal|67/100
|
|upkeep
|turn|5
|
|t:|1646887855
|switch|p1a: Xerneas|Xerneas|100/100
|-damage|p1a: Xerneas|88/100|[from] Stealth Rock
|-ability|p1a: Xerneas|Fairy Aura
|move|p2a: Yveltal|Sucker Punch||[still]
|-fail|p2a: Yveltal
|
|upkeep
|turn|6
|
|t:|1646887866
|move|p1a: Xerneas|Substitute|p1a: Xerneas
|-start|p1a: Xerneas|Substitute
|-damage|p1a: Xerneas|63/100
|move|p2a: Yveltal|Oblivion Wing|p1a: Xerneas
|-end|p1a: Xerneas|Substitute
|-heal|p2a: Yveltal|86/100|[from] drain|[of] p1a: Xerneas
|-damage|p2a: Yveltal|76/100|[from] item: Life Orb
|
|upkeep
|turn|7
|
|t:|1646887871
|move|p1a: Xerneas|Moonblast|p2a: Yveltal
|-supereffective|p2a: Yveltal
|-damage|p2a: Yveltal|0 fnt
|faint|p2a: Yveltal
|
|upkeep
|
|t:|1646887877
|switch|p2a: zacian destroyer|Necrozma-Dusk-Mane|100/100
|turn|8
|
|t:|1646887886
|move|p1a: Xerneas|Thunder|p2a: zacian destroyer
|-damage|p2a: zacian destroyer|69/100
|move|p2a: zacian destroyer|Sunsteel Strike|p1a: Xerneas
|-supereffective|p1a: Xerneas
|-damage|p1a: Xerneas|0 fnt
|faint|p1a: Xerneas
|
|upkeep
|
|t:|1646887892
|switch|p1a: Smeargle|Smeargle, F|100/100
|-damage|p1a: Smeargle|88/100|[from] Stealth Rock
|turn|9
|
|t:|1646887909
|move|p1a: Smeargle|Spore|p2a: zacian destroyer
|-status|p2a: zacian destroyer|slp|[from] move: Spore
|cant|p2a: zacian destroyer|slp
|
|-heal|p1a: Smeargle|94/100|[from] item: Leftovers
|-ability|p1a: Smeargle|Moody|boost
|-boost|p1a: Smeargle|def|2
|-unboost|p1a: Smeargle|spd|1
|upkeep
|turn|10
|
|t:|1646887913
|switch|p2a: Arceus|Arceus-Ground|100/100
|move|p1a: Smeargle|Substitute|p1a: Smeargle
|-start|p1a: Smeargle|Substitute
|-damage|p1a: Smeargle|69/100
|
|-heal|p1a: Smeargle|75/100|[from] item: Leftovers
|-ability|p1a: Smeargle|Moody|boost
|-boost|p1a: Smeargle|def|2
|-unboost|p1a: Smeargle|spe|1
|upkeep
|turn|11
|
|t:|1646887923
|move|p2a: Arceus|Magic Coat|p2a: Arceus
|-singleturn|p2a: Arceus|move: Magic Coat
|move|p1a: Smeargle|Substitute|p1a: Smeargle
|-fail|p1a: Smeargle|move: Substitute
|
|-heal|p1a: Smeargle|81/100|[from] item: Leftovers
|-ability|p1a: Smeargle|Moody|boost
|-boost|p1a: Smeargle|def|2
|-unboost|p1a: Smeargle|spd|1
|upkeep
|turn|12
|
|t:|1646887929
|move|p2a: Arceus|Magic Coat|p2a: Arceus
|-singleturn|p2a: Arceus|move: Magic Coat
|move|p1a: Smeargle|Shell Smash|p1a: Smeargle
|-unboost|p1a: Smeargle|def|1
|-unboost|p1a: Smeargle|spd|1
|-boost|p1a: Smeargle|atk|2
|-boost|p1a: Smeargle|spa|2
|-boost|p1a: Smeargle|spe|2
|
|-heal|p1a: Smeargle|87/100|[from] item: Leftovers
|-ability|p1a: Smeargle|Moody|boost
|-boost|p1a: Smeargle|def|1
|-unboost|p1a: Smeargle|spd|1
|upkeep
|turn|13
|
|t:|1646887946
|move|p1a: Smeargle|Spore|p2a: Arceus
|-status|p2a: Arceus|slp|[from] move: Spore
|cant|p2a: Arceus|slp
|
|-heal|p1a: Smeargle|93/100|[from] item: Leftovers
|-ability|p1a: Smeargle|Moody|boost
|-boost|p1a: Smeargle|spd|2
|-unboost|p1a: Smeargle|def|1
|upkeep
|turn|14
|
|t:|1646887952
|move|p1a: Smeargle|Shell Smash|p1a: Smeargle
|-unboost|p1a: Smeargle|def|1
|-unboost|p1a: Smeargle|spd|1
|-boost|p1a: Smeargle|atk|2
|-boost|p1a: Smeargle|spa|2
|-boost|p1a: Smeargle|spe|2
|-curestatus|p2a: Arceus|slp|[msg]
|move|p2a: Arceus|Earthquake|p1a: Smeargle
|-end|p1a: Smeargle|Substitute
|
|-heal|p1a: Smeargle|99/100|[from] item: Leftovers
|-ability|p1a: Smeargle|Moody|boost
|-boost|p1a: Smeargle|atk|2
|-unboost|p1a: Smeargle|spa|1
|upkeep
|turn|15
|
|t:|1646887957
|move|p1a: Smeargle|Substitute|p1a: Smeargle
|-start|p1a: Smeargle|Substitute
|-damage|p1a: Smeargle|75/100
|move|p2a: Arceus|Earthquake|p1a: Smeargle
|-end|p1a: Smeargle|Substitute
|
|-heal|p1a: Smeargle|81/100|[from] item: Leftovers
|-ability|p1a: Smeargle|Moody|boost
|-boost|p1a: Smeargle|spd|2
|-unboost|p1a: Smeargle|atk|1
|upkeep
|turn|16
|
|t:|1646887969
|move|p2a: Arceus|Magic Coat|p2a: Arceus
|-singleturn|p2a: Arceus|move: Magic Coat
|move|p1a: Smeargle|Substitute|p1a: Smeargle
|-start|p1a: Smeargle|Substitute
|-damage|p1a: Smeargle|56/100
|
|-heal|p1a: Smeargle|62/100|[from] item: Leftovers
|-ability|p1a: Smeargle|Moody|boost
|-boost|p1a: Smeargle|spd|2
|-unboost|p1a: Smeargle|def|1
|upkeep
|turn|17
|
|t:|1646887974
|move|p1a: Smeargle|Spore|p2a: Arceus
|-status|p2a: Arceus|slp|[from] move: Spore
|cant|p2a: Arceus|slp
|
|-heal|p1a: Smeargle|68/100|[from] item: Leftovers
|-ability|p1a: Smeargle|Moody|boost
|-boost|p1a: Smeargle|spd|2
|-unboost|p1a: Smeargle|spe|1
|upkeep
|turn|18
|
|t:|1646887979
|move|p1a: Smeargle|Power Trip|p2a: Arceus
|-damage|p2a: Arceus|0 fnt
|faint|p2a: Arceus
|
|-heal|p1a: Smeargle|74/100|[from] item: Leftovers
|-ability|p1a: Smeargle|Moody|boost
|-boost|p1a: Smeargle|spd|2
|-unboost|p1a: Smeargle|atk|1
|upkeep
|
|t:|1646887985
|switch|p2a: Marshadow|Marshadow|100/100
|turn|19
|
|t:|1646887989
|move|p1a: Smeargle|Spore|p2a: Marshadow
|-status|p2a: Marshadow|slp|[from] move: Spore
|cant|p2a: Marshadow|slp
|
|-heal|p1a: Smeargle|80/100|[from] item: Leftovers
|-ability|p1a: Smeargle|Moody|boost
|-boost|p1a: Smeargle|spd|1
|-unboost|p1a: Smeargle|spa|1
|upkeep
|turn|20
|
|t:|1646888001
|move|p1a: Smeargle|Power Trip|p2a: Marshadow
|-enditem|p2a: Marshadow|Focus Sash
|-damage|p2a: Marshadow|1/100 slp
|-curestatus|p2a: Marshadow|slp|[msg]
|move|p2a: Marshadow|Spectral Thief|p1a: Smeargle
|-immune|p1a: Smeargle
|
|-heal|p1a: Smeargle|86/100|[from] item: Leftovers
|-ability|p1a: Smeargle|Moody|boost
|-boost|p1a: Smeargle|spe|2
|-unboost|p1a: Smeargle|spa|1
|upkeep
|turn|21
|
|t:|1646888013
|switch|p2a: zacian destroyer|Necrozma-Dusk-Mane|69/100 slp
|move|p1a: Smeargle|Power Trip|p2a: zacian destroyer
|-supereffective|p2a: zacian destroyer
|-damage|p2a: zacian destroyer|0 fnt
|-damage|p1a: Smeargle|69/100|[from] item: Rocky Helmet|[of] p2a: zacian destroyer
|faint|p2a: zacian destroyer
|
|-heal|p1a: Smeargle|75/100|[from] item: Leftovers
|-ability|p1a: Smeargle|Moody|boost
|-boost|p1a: Smeargle|def|2
|-unboost|p1a: Smeargle|spe|1
|upkeep
|
|t:|1646888018
|switch|p2a: Thor|Arceus-Electric|100/100
|turn|22
|
|t:|1646888024
|-start|p2a: Thor|Dynamax
|-heal|p2a: Thor|100/100|[silent]
|move|p1a: Smeargle|Spore|p2a: Thor
|-status|p2a: Thor|slp|[from] move: Spore
|cant|p2a: Thor|slp
|
|-heal|p1a: Smeargle|81/100|[from] item: Leftovers
|-ability|p1a: Smeargle|Moody|boost
|-boost|p1a: Smeargle|spa|2
|-unboost|p1a: Smeargle|spe|1
|upkeep
|turn|23
|inactive|Master kushagra has 120 seconds left.
|
|t:|1646888054
|move|p1a: Smeargle|Power Trip|p2a: Thor
|-damage|p2a: Thor|36/100 slp
|cant|p2a: Thor|slp
|
|-heal|p1a: Smeargle|87/100|[from] item: Leftovers
|-ability|p1a: Smeargle|Moody|boost
|-boost|p1a: Smeargle|def|1
|-unboost|p1a: Smeargle|atk|1
|upkeep
|turn|24
|
|t:|1646888061
|move|p1a: Smeargle|Power Trip|p2a: Thor
|-damage|p2a: Thor|0 fnt
|faint|p2a: Thor
|
|-heal|p1a: Smeargle|93/100|[from] item: Leftovers
|-ability|p1a: Smeargle|Moody|boost
|-boost|p1a: Smeargle|atk|2
|-unboost|p1a: Smeargle|spa|1
|upkeep
|inactive|Master kushagra has 120 seconds left.
|
|t:|1646888095
|switch|p2a: Marshadow|Marshadow|1/100
|turn|25
|
|t:|1646888100
|move|p1a: Smeargle|Power Trip|p2a: Marshadow
|-damage|p2a: Marshadow|0 fnt
|faint|p2a: Marshadow
|
|-heal|p1a: Smeargle|99/100|[from] item: Leftovers
|-ability|p1a: Smeargle|Moody|boost
|-boost|p1a: Smeargle|atk|1
|-unboost|p1a: Smeargle|spa|1
|upkeep
|
|t:|1646888110
|switch|p2a: Ditto is ditto|Ditto|100/100
|turn|26
|
|t:|1646888113
|move|p1a: Smeargle|Power Trip|p2a: Ditto is ditto
|-damage|p2a: Ditto is ditto|0 fnt
|faint|p2a: Ditto is ditto
|
|win|TheKingOfElevators
|raw|TheKingOfElevators's rating: 1660 &rarr; <strong>1683</strong><br />(+23 for winning)
|raw|Master kushagra's rating: 1719 &rarr; <strong>1696</strong><br />(-23 for losing)
|l|☆Master kushagra
