|j|☆txanpu
|j|☆amnael01
|t:|1655652401
|gametype|singles
|player|p1|txanpu|schoolkidf|1732
|player|p2|amnael01|dawn|1919
|teamsize|p1|6
|teamsize|p2|6
|gen|8
|tier|[Gen 8] National Dex AG
|rated|
|rule|HP Percentage Mod: HP is shown in percentages
|rule|Endless Battle Clause: Forcing endless battles is banned
|clearpoke
|poke|p1|Arceus-*|
|poke|p1|Kangaskhan, F|
|poke|p1|Smeargle, L1, F|
|poke|p1|Ditto|
|poke|p1|Chansey, F|
|poke|p1|Miltank, F|
|poke|p2|Smeargle, F|
|poke|p2|Groudon|
|poke|p2|Espeon, F|
|poke|p2|Rayquaza|
|poke|p2|Xerneas-*|
|poke|p2|Zacian-*|
|teampreview
|
|t:|1655652408
|start
|switch|p1a: Sp0R3jeRk|Smeargle, L1, F|100/100
|switch|p2a: Groudon|Groudon|100/100
|detailschange|p2a: Groudon|Groudon-Primal
|-primal|p2a: Groudon
|-weather|DesolateLand|[from] ability: Desolate Land|[of] p2a: Groudon
|turn|1
|
|t:|1655652421
|move|p2a: Groudon|Stealth Rock|p1a: Sp0R3jeRk
|-sidestart|p1: txanpu|move: Stealth Rock
|move|p1a: Sp0R3jeRk|Endeavor|p2a: Groudon
|-damage|p2a: Groudon|4/100
|
|-weather|DesolateLand|[upkeep]
|upkeep
|turn|2
|
|t:|1655652439
|move|p1a: Sp0R3jeRk|Baneful Bunker|p1a: Sp0R3jeRk
|-singleturn|p1a: Sp0R3jeRk|move: Protect
|move|p2a: Groudon|Earthquake|p1a: Sp0R3jeRk
|-activate|p1a: Sp0R3jeRk|move: Protect
|
|-weather|DesolateLand|[upkeep]
|upkeep
|turn|3
|
|t:|1655652445
|move|p2a: Groudon|Earthquake|p1a: Sp0R3jeRk
|-enditem|p1a: Sp0R3jeRk|Focus Sash
|-damage|p1a: Sp0R3jeRk|8/100
|move|p1a: Sp0R3jeRk|Stealth Rock|p2a: Groudon
|-sidestart|p2: amnael01|move: Stealth Rock
|
|-weather|DesolateLand|[upkeep]
|upkeep
|turn|4
|
|t:|1655652451
|move|p2a: Groudon|Earthquake|p1a: Sp0R3jeRk
|-crit|p1a: Sp0R3jeRk
|-damage|p1a: Sp0R3jeRk|0 fnt
|faint|p1a: Sp0R3jeRk
|
|-weather|DesolateLand|[upkeep]
|upkeep
|
|t:|1655652454
|switch|p1a: Oh mY gOOOOd|Arceus|100/100
|-damage|p1a: Oh mY gOOOOd|88/100|[from] Stealth Rock
|turn|5
|
|t:|1655652458
|move|p1a: Oh mY gOOOOd|Extreme Speed|p2a: Groudon
|-damage|p2a: Groudon|0 fnt
|faint|p2a: Groudon
|-weather|none
|
|upkeep
|
|t:|1655652465
|switch|p2a: Zacian|Zacian-Crowned|100/100
|-damage|p2a: Zacian|94/100|[from] Stealth Rock
|-ability|p2a: Zacian|Intrepid Sword|boost
|-boost|p2a: Zacian|atk|1
|turn|6
|
|t:|1655652479
|switch|p1a: dinOZaurrr|Kangaskhan, F|100/100
|-damage|p1a: dinOZaurrr|88/100|[from] Stealth Rock
|move|p2a: Zacian|Close Combat|p1a: dinOZaurrr
|-supereffective|p1a: dinOZaurrr
|-damage|p1a: dinOZaurrr|0 fnt
|-unboost|p2a: Zacian|def|1
|-unboost|p2a: Zacian|spd|1
|faint|p1a: dinOZaurrr
|
|upkeep
|
|t:|1655652483
|switch|p1a: ZacIAN 2.0|Ditto|100/100
|-damage|p1a: ZacIAN 2.0|88/100|[from] Stealth Rock
|-transform|p1a: ZacIAN 2.0|p2a: Zacian|[from] ability: Imposter
|-ability|p1a: ZacIAN 2.0|Intrepid Sword|boost
|-boost|p1a: ZacIAN 2.0|atk|1
|turn|7
|
|t:|1655652487
|switch|p2a: Espeon|Espeon, F|100/100
|-damage|p2a: Espeon|88/100|[from] Stealth Rock
|move|p1a: ZacIAN 2.0|Behemoth Blade|p2a: Espeon
|-damage|p2a: Espeon|0 fnt
|faint|p2a: Espeon
|
|upkeep
|
|t:|1655652491
|switch|p2a: Smeargle|Smeargle, F|100/100
|-damage|p2a: Smeargle|88/100|[from] Stealth Rock
|turn|8
|
|t:|1655652496
|move|p2a: Smeargle|Spiky Shield|p2a: Smeargle
|-singleturn|p2a: Smeargle|move: Protect
|move|p1a: ZacIAN 2.0|Behemoth Blade|p2a: Smeargle
|-activate|p2a: Smeargle|move: Protect
|-damage|p1a: ZacIAN 2.0|76/100|[from] Spiky Shield|[of] p2a: Smeargle
|
|-ability|p2a: Smeargle|Moody|boost
|-boost|p2a: Smeargle|def|2
|-unboost|p2a: Smeargle|spa|1
|upkeep
|turn|9
|
|t:|1655652499
|move|p2a: Smeargle|Spiky Shield|p2a: Smeargle
|-singleturn|p2a: Smeargle|move: Protect
|move|p1a: ZacIAN 2.0|Behemoth Blade|p2a: Smeargle
|-activate|p2a: Smeargle|move: Protect
|-damage|p1a: ZacIAN 2.0|63/100|[from] Spiky Shield|[of] p2a: Smeargle
|
|-ability|p2a: Smeargle|Moody|boost
|-boost|p2a: Smeargle|atk|2
|-unboost|p2a: Smeargle|spa|1
|upkeep
|turn|10
|
|t:|1655652503
|move|p2a: Smeargle|Spiky Shield||[still]
|-fail|p2a: Smeargle
|move|p1a: ZacIAN 2.0|Behemoth Blade|p2a: Smeargle
|-damage|p2a: Smeargle|0 fnt
|faint|p2a: Smeargle
|
|upkeep
|
|t:|1655652505
|switch|p2a: Rayquaza|Rayquaza|100/100
|-damage|p2a: Rayquaza|76/100|[from] Stealth Rock
|-ability|p2a: Rayquaza|Air Lock
|turn|11
|
|t:|1655652514
|detailschange|p2a: Rayquaza|Rayquaza-Mega
|-mega|p2a: Rayquaza|Rayquaza|
|-weather|DeltaStream|[from] ability: Delta Stream|[of] p2a: Rayquaza
|move|p1a: ZacIAN 2.0|Behemoth Blade|p2a: Rayquaza
|-damage|p2a: Rayquaza|0 fnt
|faint|p2a: Rayquaza
|-weather|none
|
|upkeep
|
|t:|1655652516
|switch|p2a: Xerneas|Xerneas|100/100
|-damage|p2a: Xerneas|88/100|[from] Stealth Rock
|-ability|p2a: Xerneas|Fairy Aura
|turn|12
|
|t:|1655652525
|switch|p1a: Oh mY gOOOOd|Arceus|88/100
|-damage|p1a: Oh mY gOOOOd|76/100|[from] Stealth Rock
|move|p2a: Xerneas|Geomancy||[still]
|-prepare|p2a: Xerneas|Geomancy
|-enditem|p2a: Xerneas|Power Herb
|-anim|p2a: Xerneas|Geomancy|p2a: Xerneas
|-boost|p2a: Xerneas|spa|2
|-boost|p2a: Xerneas|spd|2
|-boost|p2a: Xerneas|spe|2
|
|upkeep
|turn|13
|
|t:|1655652532
|move|p1a: Oh mY gOOOOd|Extreme Speed|p2a: Xerneas
|-damage|p2a: Xerneas|42/100
|move|p2a: Xerneas|Moonblast|p1a: Oh mY gOOOOd
|-damage|p1a: Oh mY gOOOOd|0 fnt
|faint|p1a: Oh mY gOOOOd
|
|upkeep
|
|t:|1655652539
|switch|p1a: ZacIAN 2.0|Ditto|63/100
|-damage|p1a: ZacIAN 2.0|51/100|[from] Stealth Rock
|-transform|p1a: ZacIAN 2.0|p2a: Xerneas|[from] ability: Imposter
|-ability|p1a: ZacIAN 2.0|Fairy Aura
|turn|14
|
|t:|1655652542
|-start|p2a: Xerneas|Dynamax|
|-heal|p2a: Xerneas|42/100|[silent]
|move|p1a: ZacIAN 2.0|Moonblast|p2a: Xerneas
|-damage|p2a: Xerneas|23/100
|move|p2a: Xerneas|Max Starfall|p1a: ZacIAN 2.0
|-damage|p1a: ZacIAN 2.0|0 fnt
|-fieldstart|move: Misty Terrain
|faint|p1a: ZacIAN 2.0
|
|upkeep
|c|☆txanpu|f dyna
|inactive|Battle timer is ON: inactive players will automatically lose when time's up. (requested by amnael01)
|
|t:|1655652560
|switch|p1a: PhATTT|Chansey, F|100/100
|-damage|p1a: PhATTT|88/100|[from] Stealth Rock
|turn|15
|
|t:|1655652565
|move|p2a: Xerneas|Max Starfall|p1a: PhATTT
|-damage|p1a: PhATTT|50/100
|move|p1a: PhATTT|Soft-Boiled|p1a: PhATTT
|-heal|p1a: PhATTT|99/100
|
|upkeep
|turn|16
|
|t:|1655652569
|move|p2a: Xerneas|Max Starfall|p1a: PhATTT
|-damage|p1a: PhATTT|60/100
|move|p1a: PhATTT|Seismic Toss|p2a: Xerneas
|-damage|p2a: Xerneas|12/100
|
|upkeep
|-end|p2a: Xerneas|Dynamax
|-heal|p2a: Xerneas|12/100|[silent]
|turn|17
|
|t:|1655652572
|move|p2a: Xerneas|Geomancy||[still]
|-prepare|p2a: Xerneas|Geomancy
|move|p1a: PhATTT|Soft-Boiled|p1a: PhATTT
|-heal|p1a: PhATTT|100/100
|
|upkeep
|turn|18
|
|t:|1655652574
|move|p2a: Xerneas|Geomancy|p2a: Xerneas|[from]lockedmove
|-boost|p2a: Xerneas|spa|2
|-boost|p2a: Xerneas|spd|2
|-boost|p2a: Xerneas|spe|2
|move|p1a: PhATTT|Seismic Toss|p2a: Xerneas
|-damage|p2a: Xerneas|0 fnt
|faint|p2a: Xerneas
|
|-fieldend|Misty Terrain
|upkeep
|
|t:|1655652576
|switch|p2a: Zacian|Zacian-Crowned|94/100
|-damage|p2a: Zacian|88/100|[from] Stealth Rock
|-ability|p2a: Zacian|Intrepid Sword|boost
|-boost|p2a: Zacian|atk|1
|turn|19
|
|t:|1655652587
|move|p2a: Zacian|Close Combat|p1a: PhATTT
|-supereffective|p1a: PhATTT
|-damage|p1a: PhATTT|0 fnt
|-unboost|p2a: Zacian|def|1
|-unboost|p2a: Zacian|spd|1
|faint|p1a: PhATTT
|
|upkeep
|
|t:|1655652593
|switch|p1a: EvILNesZ|Miltank, F|100/100
|-damage|p1a: EvILNesZ|88/100|[from] Stealth Rock
|turn|20
|
|t:|1655652596
|move|p2a: Zacian|Close Combat|p1a: EvILNesZ
|-supereffective|p1a: EvILNesZ
|-damage|p1a: EvILNesZ|0 fnt
|-unboost|p2a: Zacian|def|1
|-unboost|p2a: Zacian|spd|1
|-damage|p2a: Zacian|72/100|[from] item: Rocky Helmet|[of] p1a: EvILNesZ
|faint|p1a: EvILNesZ
|
|win|amnael01
|raw|txanpu's rating: 1732 &rarr; <strong>1722</strong><br />(-10 for losing)
|raw|amnael01's rating: 1919 &rarr; <strong>1929</strong><br />(+10 for winning)
|l|☆amnael01
||Ladder isn't responding, score probably updated but might not have (Request timeout).
