|j|‽cmon u lost
|j|☆rarh2
|t:|1643440442
|gametype|singles
|player|p1|cmon u lost|worker|1446
|player|p2|rarh2|colress|1599
|teamsize|p1|6
|teamsize|p2|6
|gen|8
|tier|[Gen 8] National Dex AG
|rated|
|rule|HP Percentage Mod: HP is shown in percentages
|rule|Endless Battle Clause: Forcing endless battles is banned
|clearpoke
|poke|p1|Mimikyu, M|
|poke|p1|Mimikyu, F|
|poke|p1|Mimikyu, M|
|poke|p1|Mimikyu, F|
|poke|p1|Mimikyu, F|
|poke|p1|Xatu, M|
|poke|p2|Calyrex-Shadow|
|poke|p2|Zacian-*|
|poke|p2|Ditto|
|poke|p2|Rayquaza|
|poke|p2|Xerneas-*|
|poke|p2|Smeargle, F|
|teampreview
|inactive|Battle timer is ON: inactive players will automatically lose when time's up. (requested by cmon u lost)
|
|t:|1643440455
|start
|switch|p1a: Mimikyu|Mimikyu, M|100/100
|switch|p2a: Smeargle|Smeargle, F|100/100
|turn|1
|
|t:|1643440458
|switch|p1a: Xatu|Xatu, M|100/100
|move|p2a: Smeargle|Nuzzle|p1a: Xatu
|-supereffective|p1a: Xatu
|-damage|p1a: Xatu|90/100
|-status|p1a: Xatu|par
|
|upkeep
|turn|2
|
|t:|1643440463
|switch|p2a: Zacian|Zacian-Crowned|100/100
|-ability|p2a: Zacian|Intrepid Sword|boost
|-boost|p2a: Zacian|atk|1
|move|p1a: Xatu|Cosmic Power|p1a: Xatu
|-boost|p1a: Xatu|def|1
|-boost|p1a: Xatu|spd|1
|
|upkeep
|turn|3
|
|t:|1643440467
|switch|p1a: Mimikyu|Mimikyu, F|100/100
|move|p2a: Zacian|Behemoth Blade|p1a: Mimikyu
|-activate|p1a: Mimikyu|ability: Disguise
|-damage|p1a: Mimikyu|100/100
|detailschange|p1a: Mimikyu|Mimikyu-Busted, F
|-damage|p1a: Mimikyu|88/100|[from] pokemon: Mimikyu-Busted
|
|-heal|p1a: Mimikyu|94/100|[from] item: Leftovers
|upkeep
|turn|4
|
|t:|1643440469
|move|p1a: Mimikyu|Protect|p1a: Mimikyu
|-singleturn|p1a: Mimikyu|Protect
|move|p2a: Zacian|Behemoth Blade|p1a: Mimikyu
|-activate|p1a: Mimikyu|move: Protect
|
|-heal|p1a: Mimikyu|99/100|[from] item: Leftovers
|upkeep
|turn|5
|
|t:|1643440473
|move|p2a: Zacian|Behemoth Blade|p1a: Mimikyu
|-supereffective|p1a: Mimikyu
|-damage|p1a: Mimikyu|0 fnt
|faint|p1a: Mimikyu
|
|upkeep
|
|t:|1643440475
|switch|p1a: Mimikyu|Mimikyu, M|100/100
|turn|6
|
|t:|1643440477
|move|p1a: Mimikyu|Protect|p1a: Mimikyu
|-singleturn|p1a: Mimikyu|Protect
|move|p2a: Zacian|Behemoth Blade|p1a: Mimikyu
|-activate|p1a: Mimikyu|move: Protect
|
|upkeep
|turn|7
|
|t:|1643440478
|move|p2a: Zacian|Behemoth Blade|p1a: Mimikyu
|-activate|p1a: Mimikyu|ability: Disguise
|-damage|p1a: Mimikyu|100/100
|detailschange|p1a: Mimikyu|Mimikyu-Busted, M
|-damage|p1a: Mimikyu|88/100|[from] pokemon: Mimikyu-Busted
|move|p1a: Mimikyu|Substitute|p1a: Mimikyu
|-start|p1a: Mimikyu|Substitute
|-damage|p1a: Mimikyu|63/100
|
|-heal|p1a: Mimikyu|69/100|[from] item: Leftovers
|upkeep
|turn|8
|
|t:|1643440480
|move|p1a: Mimikyu|Protect|p1a: Mimikyu
|-singleturn|p1a: Mimikyu|Protect
|move|p2a: Zacian|Behemoth Blade|p1a: Mimikyu
|-activate|p1a: Mimikyu|move: Protect
|
|-heal|p1a: Mimikyu|75/100|[from] item: Leftovers
|upkeep
|turn|9
|
|t:|1643440486
|move|p2a: Zacian|Behemoth Blade|p1a: Mimikyu
|-supereffective|p1a: Mimikyu
|-end|p1a: Mimikyu|Substitute
|move|p1a: Mimikyu|Substitute|p1a: Mimikyu
|-start|p1a: Mimikyu|Substitute
|-damage|p1a: Mimikyu|51/100
|
|-heal|p1a: Mimikyu|57/100|[from] item: Leftovers
|upkeep
|turn|10
|
|t:|1643440489
|move|p1a: Mimikyu|Protect|p1a: Mimikyu
|-singleturn|p1a: Mimikyu|Protect
|move|p2a: Zacian|Wild Charge|p1a: Mimikyu
|-activate|p1a: Mimikyu|move: Protect
|
|-heal|p1a: Mimikyu|63/100|[from] item: Leftovers
|upkeep
|turn|11
|
|t:|1643440503
|move|p2a: Zacian|Wild Charge|p1a: Mimikyu
|-end|p1a: Mimikyu|Substitute
|-damage|p2a: Zacian|96/100|[from] Recoil|[of] p1a: Mimikyu
|move|p1a: Mimikyu|Substitute|p1a: Mimikyu
|-start|p1a: Mimikyu|Substitute
|-damage|p1a: Mimikyu|38/100
|
|-heal|p1a: Mimikyu|44/100|[from] item: Leftovers
|upkeep
|turn|12
|
|t:|1643440505
|move|p1a: Mimikyu|Protect|p1a: Mimikyu
|-singleturn|p1a: Mimikyu|Protect
|move|p2a: Zacian|Wild Charge|p1a: Mimikyu
|-activate|p1a: Mimikyu|move: Protect
|
|-heal|p1a: Mimikyu|50/100|[from] item: Leftovers
|upkeep
|turn|13
|
|t:|1643440509
|move|p2a: Zacian|Wild Charge|p1a: Mimikyu
|-end|p1a: Mimikyu|Substitute
|-damage|p2a: Zacian|91/100|[from] Recoil|[of] p1a: Mimikyu
|move|p1a: Mimikyu|Substitute|p1a: Mimikyu
|-start|p1a: Mimikyu|Substitute
|-damage|p1a: Mimikyu|25/100
|
|-heal|p1a: Mimikyu|31/100|[from] item: Leftovers
|upkeep
|turn|14
|
|t:|1643440510
|move|p1a: Mimikyu|Protect|p1a: Mimikyu
|-singleturn|p1a: Mimikyu|Protect
|move|p2a: Zacian|Wild Charge|p1a: Mimikyu
|-activate|p1a: Mimikyu|move: Protect
|
|-heal|p1a: Mimikyu|37/100|[from] item: Leftovers
|upkeep
|turn|15
|
|t:|1643440514
|move|p2a: Zacian|Wild Charge|p1a: Mimikyu
|-end|p1a: Mimikyu|Substitute
|-damage|p2a: Zacian|86/100|[from] Recoil|[of] p1a: Mimikyu
|move|p1a: Mimikyu|Destiny Bond|p1a: Mimikyu
|-singlemove|p1a: Mimikyu|Destiny Bond
|
|-heal|p1a: Mimikyu|43/100|[from] item: Leftovers
|upkeep
|turn|16
|
|t:|1643440519
|move|p2a: Zacian|Swords Dance|p2a: Zacian
|-boost|p2a: Zacian|atk|2
|move|p1a: Mimikyu|Substitute|p1a: Mimikyu
|-start|p1a: Mimikyu|Substitute
|-damage|p1a: Mimikyu|18/100
|
|-heal|p1a: Mimikyu|24/100|[from] item: Leftovers
|upkeep
|turn|17
|
|t:|1643440521
|move|p1a: Mimikyu|Protect|p1a: Mimikyu
|-singleturn|p1a: Mimikyu|Protect
|move|p2a: Zacian|Wild Charge|p1a: Mimikyu
|-activate|p1a: Mimikyu|move: Protect
|
|-heal|p1a: Mimikyu|30/100|[from] item: Leftovers
|upkeep
|turn|18
|
|t:|1643440526
|move|p2a: Zacian|Wild Charge|p1a: Mimikyu
|-end|p1a: Mimikyu|Substitute
|-damage|p2a: Zacian|81/100|[from] Recoil|[of] p1a: Mimikyu
|move|p1a: Mimikyu|Destiny Bond|p1a: Mimikyu
|-singlemove|p1a: Mimikyu|Destiny Bond
|
|-heal|p1a: Mimikyu|36/100|[from] item: Leftovers
|upkeep
|turn|19
|
|t:|1643440528
|move|p2a: Zacian|Swords Dance|p2a: Zacian
|-boost|p2a: Zacian|atk|2
|move|p1a: Mimikyu|Substitute|p1a: Mimikyu
|-start|p1a: Mimikyu|Substitute
|-damage|p1a: Mimikyu|12/100
|
|-heal|p1a: Mimikyu|18/100|[from] item: Leftovers
|upkeep
|turn|20
|
|t:|1643440530
|move|p1a: Mimikyu|Protect|p1a: Mimikyu
|-singleturn|p1a: Mimikyu|Protect
|move|p2a: Zacian|Wild Charge|p1a: Mimikyu
|-activate|p1a: Mimikyu|move: Protect
|
|-heal|p1a: Mimikyu|24/100|[from] item: Leftovers
|upkeep
|turn|21
|
|t:|1643440535
|move|p2a: Zacian|Wild Charge|p1a: Mimikyu
|-end|p1a: Mimikyu|Substitute
|-damage|p2a: Zacian|76/100|[from] Recoil|[of] p1a: Mimikyu
|move|p1a: Mimikyu|Destiny Bond|p1a: Mimikyu
|-singlemove|p1a: Mimikyu|Destiny Bond
|
|-heal|p1a: Mimikyu|30/100|[from] item: Leftovers
|upkeep
|turn|22
|
|t:|1643440540
|move|p2a: Zacian|Swords Dance|p2a: Zacian
|-boost|p2a: Zacian|atk|1
|move|p1a: Mimikyu|Substitute|p1a: Mimikyu
|-start|p1a: Mimikyu|Substitute
|-damage|p1a: Mimikyu|5/100
|
|-heal|p1a: Mimikyu|11/100|[from] item: Leftovers
|upkeep
|turn|23
|
|t:|1643440542
|move|p1a: Mimikyu|Protect|p1a: Mimikyu
|-singleturn|p1a: Mimikyu|Protect
|move|p2a: Zacian|Wild Charge|p1a: Mimikyu
|-activate|p1a: Mimikyu|move: Protect
|
|-heal|p1a: Mimikyu|17/100|[from] item: Leftovers
|upkeep
|turn|24
|
|t:|1643440546
|move|p2a: Zacian|Wild Charge|p1a: Mimikyu
|-end|p1a: Mimikyu|Substitute
|-damage|p2a: Zacian|71/100|[from] Recoil|[of] p1a: Mimikyu
|move|p1a: Mimikyu|Destiny Bond|p1a: Mimikyu
|-singlemove|p1a: Mimikyu|Destiny Bond
|
|-heal|p1a: Mimikyu|23/100|[from] item: Leftovers
|upkeep
|turn|25
|
|t:|1643440554
|move|p1a: Mimikyu|Shadow Sneak|p2a: Zacian
|-crit|p2a: Zacian
|-damage|p2a: Zacian|49/100
|move|p2a: Zacian|Swords Dance|p2a: Zacian
|-boost|p2a: Zacian|atk|0
|
|-heal|p1a: Mimikyu|29/100|[from] item: Leftovers
|upkeep
|turn|26
|
|t:|1643440555
|move|p1a: Mimikyu|Protect|p1a: Mimikyu
|-singleturn|p1a: Mimikyu|Protect
|move|p2a: Zacian|Wild Charge|p1a: Mimikyu
|-activate|p1a: Mimikyu|move: Protect
|
|-heal|p1a: Mimikyu|35/100|[from] item: Leftovers
|upkeep
|turn|27
|
|t:|1643440561
|move|p1a: Mimikyu|Shadow Sneak|p2a: Zacian
|-damage|p2a: Zacian|33/100
|move|p2a: Zacian|Wild Charge|p1a: Mimikyu
|-damage|p1a: Mimikyu|0 fnt
|faint|p1a: Mimikyu
|-damage|p2a: Zacian|26/100|[from] Recoil
|
|upkeep
|
|t:|1643440564
|switch|p1a: Mimikyu|Mimikyu, F|100/100
|turn|28
|
|t:|1643440567
|move|p1a: Mimikyu|Protect|p1a: Mimikyu
|-singleturn|p1a: Mimikyu|Protect
|move|p2a: Zacian|Wild Charge|p1a: Mimikyu
|-activate|p1a: Mimikyu|move: Protect
|
|upkeep
|turn|29
|
|t:|1643440573
|move|p2a: Zacian|Wild Charge|p1a: Mimikyu
|-activate|p1a: Mimikyu|ability: Disguise
|-damage|p1a: Mimikyu|100/100
|detailschange|p1a: Mimikyu|Mimikyu-Busted, F
|-damage|p1a: Mimikyu|88/100|[from] pokemon: Mimikyu-Busted
|move|p1a: Mimikyu|Substitute|p1a: Mimikyu
|-start|p1a: Mimikyu|Substitute
|-damage|p1a: Mimikyu|63/100
|
|-heal|p1a: Mimikyu|69/100|[from] item: Leftovers
|upkeep
|turn|30
|
|t:|1643440576
|move|p1a: Mimikyu|Protect|p1a: Mimikyu
|-singleturn|p1a: Mimikyu|Protect
|move|p2a: Zacian|Wild Charge|p1a: Mimikyu
|-activate|p1a: Mimikyu|move: Protect
|
|-heal|p1a: Mimikyu|75/100|[from] item: Leftovers
|upkeep
|turn|31
|
|t:|1643440578
|move|p2a: Zacian|Wild Charge|p1a: Mimikyu
|-end|p1a: Mimikyu|Substitute
|-damage|p2a: Zacian|21/100|[from] Recoil|[of] p1a: Mimikyu
|move|p1a: Mimikyu|Destiny Bond|p1a: Mimikyu
|-singlemove|p1a: Mimikyu|Destiny Bond
|
|-heal|p1a: Mimikyu|81/100|[from] item: Leftovers
|upkeep
|turn|32
|
|t:|1643440583
|move|p2a: Zacian|Behemoth Blade|p1a: Mimikyu
|-supereffective|p1a: Mimikyu
|-damage|p1a: Mimikyu|0 fnt
|faint|p1a: Mimikyu
|-activate|p1a: Mimikyu|move: Destiny Bond
|faint|p2a: Zacian
|
|upkeep
|
|t:|1643440592
|switch|p2a: Rayquaza|Rayquaza|100/100
|switch|p1a: Mimikyu|Mimikyu, F|100/100
|-ability|p2a: Rayquaza|Air Lock
|turn|33
|
|t:|1643440597
|detailschange|p2a: Rayquaza|Rayquaza-Mega
|-mega|p2a: Rayquaza|Rayquaza|
|-weather|DeltaStream|[from] ability: Delta Stream|[of] p2a: Rayquaza
|move|p1a: Mimikyu|Protect|p1a: Mimikyu
|-singleturn|p1a: Mimikyu|Protect
|move|p2a: Rayquaza|Dragon Ascent|p1a: Mimikyu
|-activate|p1a: Mimikyu|move: Protect
|
|-weather|DeltaStream|[upkeep]
|upkeep
|turn|34
|
|t:|1643440599
|move|p2a: Rayquaza|Dragon Ascent|p1a: Mimikyu
|-activate|p1a: Mimikyu|ability: Disguise
|-damage|p1a: Mimikyu|100/100
|-unboost|p2a: Rayquaza|def|1
|-unboost|p2a: Rayquaza|spd|1
|detailschange|p1a: Mimikyu|Mimikyu-Busted, F
|-damage|p1a: Mimikyu|88/100|[from] pokemon: Mimikyu-Busted
|-damage|p2a: Rayquaza|91/100|[from] item: Life Orb
|move|p1a: Mimikyu|Substitute|p1a: Mimikyu
|-start|p1a: Mimikyu|Substitute
|-damage|p1a: Mimikyu|63/100
|
|-weather|DeltaStream|[upkeep]
|-heal|p1a: Mimikyu|69/100|[from] item: Leftovers
|upkeep
|turn|35
|
|t:|1643440602
|move|p1a: Mimikyu|Protect|p1a: Mimikyu
|-singleturn|p1a: Mimikyu|Protect
|move|p2a: Rayquaza|Dragon Ascent|p1a: Mimikyu
|-activate|p1a: Mimikyu|move: Protect
|
|-weather|DeltaStream|[upkeep]
|-heal|p1a: Mimikyu|75/100|[from] item: Leftovers
|upkeep
|turn|36
|
|t:|1643440609
|move|p2a: Rayquaza|Dragon Ascent|p1a: Mimikyu
|-end|p1a: Mimikyu|Substitute
|-unboost|p2a: Rayquaza|def|1
|-unboost|p2a: Rayquaza|spd|1
|-damage|p2a: Rayquaza|81/100|[from] item: Life Orb
|move|p1a: Mimikyu|Substitute|p1a: Mimikyu
|-start|p1a: Mimikyu|Substitute
|-damage|p1a: Mimikyu|51/100
|
|-weather|DeltaStream|[upkeep]
|-heal|p1a: Mimikyu|57/100|[from] item: Leftovers
|upkeep
|turn|37
|
|t:|1643440612
|move|p1a: Mimikyu|Protect|p1a: Mimikyu
|-singleturn|p1a: Mimikyu|Protect
|move|p2a: Rayquaza|Dragon Ascent|p1a: Mimikyu
|-activate|p1a: Mimikyu|move: Protect
|
|-weather|DeltaStream|[upkeep]
|-heal|p1a: Mimikyu|63/100|[from] item: Leftovers
|upkeep
|turn|38
|
|t:|1643440618
|move|p2a: Rayquaza|Dragon Ascent|p1a: Mimikyu
|-end|p1a: Mimikyu|Substitute
|-unboost|p2a: Rayquaza|def|1
|-unboost|p2a: Rayquaza|spd|1
|-damage|p2a: Rayquaza|71/100|[from] item: Life Orb
|move|p1a: Mimikyu|Substitute|p1a: Mimikyu
|-start|p1a: Mimikyu|Substitute
|-damage|p1a: Mimikyu|38/100
|
|-weather|DeltaStream|[upkeep]
|-heal|p1a: Mimikyu|44/100|[from] item: Leftovers
|upkeep
|turn|39
|
|t:|1643440621
|move|p1a: Mimikyu|Protect|p1a: Mimikyu
|-singleturn|p1a: Mimikyu|Protect
|move|p2a: Rayquaza|Dragon Ascent|p1a: Mimikyu
|-activate|p1a: Mimikyu|move: Protect
|
|-weather|DeltaStream|[upkeep]
|-heal|p1a: Mimikyu|50/100|[from] item: Leftovers
|upkeep
|turn|40
|
|t:|1643440625
|move|p2a: Rayquaza|Dragon Ascent|p1a: Mimikyu
|-crit|p1a: Mimikyu
|-end|p1a: Mimikyu|Substitute
|-unboost|p2a: Rayquaza|def|1
|-unboost|p2a: Rayquaza|spd|1
|-damage|p2a: Rayquaza|61/100|[from] item: Life Orb
|move|p1a: Mimikyu|Substitute|p1a: Mimikyu
|-start|p1a: Mimikyu|Substitute
|-damage|p1a: Mimikyu|25/100
|
|-weather|DeltaStream|[upkeep]
|-heal|p1a: Mimikyu|31/100|[from] item: Leftovers
|upkeep
|turn|41
|
|t:|1643440628
|move|p1a: Mimikyu|Protect|p1a: Mimikyu
|-singleturn|p1a: Mimikyu|Protect
|move|p2a: Rayquaza|V-create|p1a: Mimikyu
|-activate|p1a: Mimikyu|move: Protect
|
|-weather|DeltaStream|[upkeep]
|-heal|p1a: Mimikyu|37/100|[from] item: Leftovers
|upkeep
|turn|42
|
|t:|1643440633
|move|p1a: Mimikyu|Shadow Sneak|p2a: Rayquaza
|-damage|p2a: Rayquaza|14/100
|move|p2a: Rayquaza|V-create|p1a: Mimikyu
|-end|p1a: Mimikyu|Substitute
|-unboost|p2a: Rayquaza|spe|1
|-unboost|p2a: Rayquaza|def|1
|-unboost|p2a: Rayquaza|spd|1
|-damage|p2a: Rayquaza|4/100|[from] item: Life Orb
|
|-weather|DeltaStream|[upkeep]
|-heal|p1a: Mimikyu|43/100|[from] item: Leftovers
|upkeep
|turn|43
|
|t:|1643440636
|move|p1a: Mimikyu|Protect|p1a: Mimikyu
|-singleturn|p1a: Mimikyu|Protect
|move|p2a: Rayquaza|V-create|p1a: Mimikyu
|-activate|p1a: Mimikyu|move: Protect
|
|-weather|DeltaStream|[upkeep]
|-heal|p1a: Mimikyu|49/100|[from] item: Leftovers
|upkeep
|turn|44
|
|t:|1643440643
|move|p1a: Mimikyu|Shadow Sneak|p2a: Rayquaza
|-damage|p2a: Rayquaza|0 fnt
|faint|p2a: Rayquaza
|-weather|none
|
|-heal|p1a: Mimikyu|55/100|[from] item: Leftovers
|upkeep
|
|t:|1643440648
|switch|p2a: Xerneas|Xerneas|100/100
|-ability|p2a: Xerneas|Fairy Aura
|turn|45
|
|t:|1643440666
|move|p1a: Mimikyu|Substitute|p1a: Mimikyu
|-start|p1a: Mimikyu|Substitute
|-damage|p1a: Mimikyu|30/100
|move|p2a: Xerneas|Moonblast|p1a: Mimikyu
|-end|p1a: Mimikyu|Substitute
|
|-heal|p1a: Mimikyu|36/100|[from] item: Leftovers
|upkeep
|turn|46
|
|t:|1643440668
|move|p1a: Mimikyu|Destiny Bond|p1a: Mimikyu
|-singlemove|p1a: Mimikyu|Destiny Bond
|move|p2a: Xerneas|Moonblast|p1a: Mimikyu
|-damage|p1a: Mimikyu|0 fnt
|faint|p1a: Mimikyu
|-activate|p1a: Mimikyu|move: Destiny Bond
|faint|p2a: Xerneas
|
|upkeep
|
|t:|1643440673
|switch|p1a: Mimikyu|Mimikyu, M|100/100
|switch|p2a: Smeargle|Smeargle, F|100/100
|turn|47
|
|t:|1643440676
|move|p1a: Mimikyu|Protect|p1a: Mimikyu
|-singleturn|p1a: Mimikyu|Protect
|move|p2a: Smeargle|Nuzzle|p1a: Mimikyu
|-activate|p1a: Mimikyu|move: Protect
|
|upkeep
|turn|48
|
|t:|1643440680
|switch|p1a: Xatu|Xatu, M|90/100 par
|switch|p2a: Calyrex|Calyrex-Shadow|100/100
|-ability|p2a: Calyrex|As One
|-ability|p2a: Calyrex|Unnerve
|
|upkeep
|turn|49
|
|t:|1643440684
|move|p2a: Calyrex|Astral Barrage|p1a: Xatu
|-supereffective|p1a: Xatu
|-damage|p1a: Xatu|0 fnt
|faint|p1a: Xatu
|-ability|p2a: Calyrex|Grim Neigh|boost
|-boost|p2a: Calyrex|spa|1
|
|upkeep
|
|t:|1643440686
|switch|p1a: Mimikyu|Mimikyu, M|100/100
|turn|50
|
|t:|1643440689
|switch|p2a: Ditto|Ditto|100/100
|-transform|p2a: Ditto|p1a: Mimikyu|[from] ability: Imposter
|move|p1a: Mimikyu|Shadow Sneak|p2a: Ditto
|-supereffective|p2a: Ditto
|-damage|p2a: Ditto|58/100
|
|upkeep
|turn|51
|
|t:|1643440696
|switch|p2a: Smeargle|Smeargle, F|100/100
|move|p1a: Mimikyu|Protect||[still]
|-fail|p1a: Mimikyu
|
|upkeep
|turn|52
|
|t:|1643440698
|move|p1a: Mimikyu|Substitute|p1a: Mimikyu
|-start|p1a: Mimikyu|Substitute
|-damage|p1a: Mimikyu|76/100
|move|p2a: Smeargle|Nuzzle|p1a: Mimikyu
|-activate|p1a: Mimikyu|move: Substitute|[damage]
|
|-heal|p1a: Mimikyu|82/100|[from] item: Leftovers
|upkeep
|turn|53
|
|t:|1643440702
|switch|p2a: Ditto|Ditto|58/100
|move|p1a: Mimikyu|Shadow Sneak|p2a: Ditto
|-immune|p2a: Ditto
|
|-heal|p1a: Mimikyu|88/100|[from] item: Leftovers
|upkeep
|turn|54
|
|t:|1643440704
|switch|p2a: Smeargle|Smeargle, F|100/100
|move|p1a: Mimikyu|Shadow Sneak|p2a: Smeargle
|-immune|p2a: Smeargle
|
|-heal|p1a: Mimikyu|94/100|[from] item: Leftovers
|upkeep
|turn|55
|
|t:|1643440707
|switch|p2a: Ditto|Ditto|58/100
|move|p1a: Mimikyu|Protect||[still]
|-fail|p1a: Mimikyu
|
|-heal|p1a: Mimikyu|99/100|[from] item: Leftovers
|upkeep
|turn|56
|
|t:|1643440708
|switch|p2a: Smeargle|Smeargle, F|100/100
|move|p1a: Mimikyu|Substitute|p1a: Mimikyu
|-fail|p1a: Mimikyu|move: Substitute
|
|-heal|p1a: Mimikyu|100/100|[from] item: Leftovers
|upkeep
|turn|57
|
|t:|1643440711
|switch|p2a: Ditto|Ditto|58/100
|move|p1a: Mimikyu|Destiny Bond|p1a: Mimikyu
|-singlemove|p1a: Mimikyu|Destiny Bond
|
|upkeep
|turn|58
|
|t:|1643440713
|switch|p2a: Smeargle|Smeargle, F|100/100
|move|p1a: Mimikyu|Protect||[still]
|-fail|p1a: Mimikyu
|
|upkeep
|turn|59
|
|t:|1643440714
|switch|p2a: Ditto|Ditto|58/100
|move|p1a: Mimikyu|Substitute|p1a: Mimikyu
|-fail|p1a: Mimikyu|move: Substitute
|
|upkeep
|turn|60
|c|☆rarh2|ggs
|
|t:|1643440717
|switch|p2a: Smeargle|Smeargle, F|100/100
|move|p1a: Mimikyu|Protect||[still]
|-fail|p1a: Mimikyu
|
|upkeep
|turn|61
|
|t:|1643440719
|switch|p2a: Ditto|Ditto|58/100
|move|p1a: Mimikyu|Substitute|p1a: Mimikyu
|-fail|p1a: Mimikyu|move: Substitute
|
|upkeep
|turn|62
|
|t:|1643440721
|switch|p2a: Smeargle|Smeargle, F|100/100
|move|p1a: Mimikyu|Protect||[still]
|-fail|p1a: Mimikyu
|
|upkeep
|turn|63
|
|t:|1643440722
|switch|p2a: Ditto|Ditto|58/100
|move|p1a: Mimikyu|Shadow Sneak|p2a: Ditto
|-immune|p2a: Ditto
|
|upkeep
|turn|64
|
|t:|1643440724
|switch|p2a: Smeargle|Smeargle, F|100/100
|move|p1a: Mimikyu|Shadow Sneak|p2a: Smeargle
|-immune|p2a: Smeargle
|
|upkeep
|turn|65
|
|t:|1643440725
|switch|p2a: Ditto|Ditto|58/100
|move|p1a: Mimikyu|Shadow Sneak|p2a: Ditto
|-immune|p2a: Ditto
|
|upkeep
|turn|66
|
|t:|1643440727
|switch|p2a: Smeargle|Smeargle, F|100/100
|move|p1a: Mimikyu|Shadow Sneak|p2a: Smeargle
|-immune|p2a: Smeargle
|
|upkeep
|turn|67
|
|t:|1643440736
|switch|p2a: Ditto|Ditto|58/100
|move|p1a: Mimikyu|Shadow Sneak|p2a: Ditto
|-immune|p2a: Ditto
|
|upkeep
|turn|68
|
|t:|1643440739
|switch|p2a: Smeargle|Smeargle, F|100/100
|move|p1a: Mimikyu|Shadow Sneak|p2a: Smeargle
|-immune|p2a: Smeargle
|
|upkeep
|turn|69
|
|t:|1643440743
|switch|p2a: Ditto|Ditto|58/100
|move|p1a: Mimikyu|Shadow Sneak|p2a: Ditto
|-immune|p2a: Ditto
|
|upkeep
|turn|70
|
|t:|1643440745
|switch|p2a: Smeargle|Smeargle, F|100/100
|move|p1a: Mimikyu|Shadow Sneak|p2a: Smeargle
|-immune|p2a: Smeargle
|
|upkeep
|turn|71
|
|t:|1643440748
|switch|p2a: Ditto|Ditto|58/100
|move|p1a: Mimikyu|Shadow Sneak|p2a: Ditto
|-immune|p2a: Ditto
|
|upkeep
|turn|72
|
|t:|1643440749
|switch|p2a: Smeargle|Smeargle, F|100/100
|move|p1a: Mimikyu|Shadow Sneak|p2a: Smeargle
|-immune|p2a: Smeargle
|
|upkeep
|turn|73
|
|t:|1643440751
|switch|p2a: Ditto|Ditto|58/100
|move|p1a: Mimikyu|Shadow Sneak|p2a: Ditto
|-immune|p2a: Ditto
|
|upkeep
|turn|74
|
|t:|1643440752
|switch|p2a: Smeargle|Smeargle, F|100/100
|move|p1a: Mimikyu|Shadow Sneak|p2a: Smeargle
|-immune|p2a: Smeargle
|
|upkeep
|turn|75
|
|t:|1643440754
|switch|p2a: Ditto|Ditto|58/100
|move|p1a: Mimikyu|Substitute|p1a: Mimikyu
|-fail|p1a: Mimikyu|move: Substitute
|
|upkeep
|turn|76
|
|t:|1643440755
|switch|p2a: Smeargle|Smeargle, F|100/100
|move|p1a: Mimikyu|Protect||[still]
|-fail|p1a: Mimikyu
|
|upkeep
|turn|77
|
|t:|1643440757
|switch|p2a: Ditto|Ditto|58/100
|move|p1a: Mimikyu|Destiny Bond|p1a: Mimikyu
|-singlemove|p1a: Mimikyu|Destiny Bond
|
|upkeep
|turn|78
|
|t:|1643440759
|switch|p2a: Smeargle|Smeargle, F|100/100
|move|p1a: Mimikyu|Destiny Bond||[still]
|-fail|p1a: Mimikyu
|
|upkeep
|turn|79
|
|t:|1643440760
|switch|p2a: Ditto|Ditto|58/100
|move|p1a: Mimikyu|Destiny Bond|p1a: Mimikyu
|-singlemove|p1a: Mimikyu|Destiny Bond
|
|upkeep
|turn|80
|
|t:|1643440762
|switch|p2a: Smeargle|Smeargle, F|100/100
|move|p1a: Mimikyu|Destiny Bond||[still]
|-fail|p1a: Mimikyu
|
|upkeep
|turn|81
|
|t:|1643440764
|switch|p2a: Ditto|Ditto|58/100
|move|p1a: Mimikyu|Destiny Bond|p1a: Mimikyu
|-singlemove|p1a: Mimikyu|Destiny Bond
|
|upkeep
|turn|82
|
|t:|1643440766
|switch|p2a: Smeargle|Smeargle, F|100/100
|move|p1a: Mimikyu|Destiny Bond||[still]
|-fail|p1a: Mimikyu
|
|upkeep
|turn|83
|
|t:|1643440773
|switch|p2a: Ditto|Ditto|58/100
|move|p1a: Mimikyu|Destiny Bond|p1a: Mimikyu
|-singlemove|p1a: Mimikyu|Destiny Bond
|
|upkeep
|turn|84
|
|t:|1643440784
|switch|p2a: Smeargle|Smeargle, F|100/100
|move|p1a: Mimikyu|Shadow Sneak|p2a: Smeargle
|-immune|p2a: Smeargle
|
|upkeep
|turn|85
|
|t:|1643440786
|switch|p2a: Ditto|Ditto|58/100
|move|p1a: Mimikyu|Shadow Sneak|p2a: Ditto
|-immune|p2a: Ditto
|
|upkeep
|turn|86
|
|t:|1643440791
|switch|p2a: Smeargle|Smeargle, F|100/100
|move|p1a: Mimikyu|Protect||[still]
|-fail|p1a: Mimikyu
|
|upkeep
|turn|87
|
|t:|1643440802
|switch|p2a: Ditto|Ditto|58/100
|move|p1a: Mimikyu|Substitute|p1a: Mimikyu
|-fail|p1a: Mimikyu|move: Substitute
|
|upkeep
|turn|88
|
|t:|1643440810
|switch|p2a: Smeargle|Smeargle, F|100/100
|move|p1a: Mimikyu|Substitute|p1a: Mimikyu
|-fail|p1a: Mimikyu|move: Substitute
|
|upkeep
|turn|89
|
|t:|1643440819
|switch|p2a: Ditto|Ditto|58/100
|move|p1a: Mimikyu|Protect||[still]
|-fail|p1a: Mimikyu
|
|upkeep
|turn|90
|
|t:|1643440821
|switch|p2a: Smeargle|Smeargle, F|100/100
|move|p1a: Mimikyu|Protect||[still]
|-fail|p1a: Mimikyu
|
|upkeep
|turn|91
|
|t:|1643440824
|switch|p2a: Ditto|Ditto|58/100
|move|p1a: Mimikyu|Protect||[still]
|-fail|p1a: Mimikyu
|
|upkeep
|turn|92
|
|t:|1643440851
|switch|p2a: Smeargle|Smeargle, F|100/100
|move|p1a: Mimikyu|Substitute|p1a: Mimikyu
|-fail|p1a: Mimikyu|move: Substitute
|
|upkeep
|turn|93
|
|t:|1643440853
|switch|p2a: Ditto|Ditto|58/100
|move|p1a: Mimikyu|Shadow Sneak|p2a: Ditto
|-immune|p2a: Ditto
|
|upkeep
|turn|94
|
|t:|1643440856
|switch|p2a: Smeargle|Smeargle, F|100/100
|move|p1a: Mimikyu|Protect||[still]
|-fail|p1a: Mimikyu
|
|upkeep
|turn|95
|inactive|cmon u lost has 120 seconds left.
|
|t:|1643440886
|switch|p2a: Ditto|Ditto|58/100
|move|p1a: Mimikyu|Protect||[still]
|-fail|p1a: Mimikyu
|
|upkeep
|turn|96
|
|t:|1643440888
|switch|p2a: Smeargle|Smeargle, F|100/100
|move|p1a: Mimikyu|Shadow Sneak|p2a: Smeargle
|-immune|p2a: Smeargle
|
|upkeep
|turn|97
|inactive|cmon u lost has 120 seconds left.
|
|t:|1643440900
|switch|p2a: Ditto|Ditto|58/100
|move|p1a: Mimikyu|Protect||[still]
|-fail|p1a: Mimikyu
|
|upkeep
|turn|98
|
|t:|1643440903
|switch|p2a: Smeargle|Smeargle, F|100/100
|move|p1a: Mimikyu|Shadow Sneak|p2a: Smeargle
|-immune|p2a: Smeargle
|
|upkeep
|turn|99
|inactive|cmon u lost has 120 seconds left.
|c|☆rarh2|let me para you i want more turns
|
|t:|1643440916
|move|p1a: Mimikyu|Substitute|p1a: Mimikyu
|-fail|p1a: Mimikyu|move: Substitute
|move|p2a: Smeargle|Nuzzle|p1a: Mimikyu
|-activate|p1a: Mimikyu|move: Substitute|[damage]
|
|upkeep
|turn|100
|
|t:|1643440920
|move|p1a: Mimikyu|Protect|p1a: Mimikyu
|-singleturn|p1a: Mimikyu|Protect
|move|p2a: Smeargle|Nuzzle|p1a: Mimikyu
|-activate|p1a: Mimikyu|move: Protect
|
|upkeep
|turn|101
|
|t:|1643440922
|move|p1a: Mimikyu|Substitute|p1a: Mimikyu
|-fail|p1a: Mimikyu|move: Substitute
|move|p2a: Smeargle|Nuzzle|p1a: Mimikyu
|-activate|p1a: Mimikyu|move: Substitute|[damage]
|
|upkeep
|turn|102
|
|t:|1643440926
|move|p1a: Mimikyu|Shadow Sneak|p2a: Smeargle
|-immune|p2a: Smeargle
|move|p2a: Smeargle|Nuzzle|p1a: Mimikyu
|-end|p1a: Mimikyu|Substitute
|
|upkeep
|turn|103
|
|t:|1643440931
|move|p1a: Mimikyu|Protect|p1a: Mimikyu
|-singleturn|p1a: Mimikyu|Protect
|move|p2a: Smeargle|Nuzzle|p1a: Mimikyu
|-activate|p1a: Mimikyu|move: Protect
|
|upkeep
|turn|104
|
|t:|1643440934
|move|p1a: Mimikyu|Substitute|p1a: Mimikyu
|-start|p1a: Mimikyu|Substitute
|-damage|p1a: Mimikyu|76/100
|move|p2a: Smeargle|Nuzzle|p1a: Mimikyu
|-activate|p1a: Mimikyu|move: Substitute|[damage]
|
|-heal|p1a: Mimikyu|82/100|[from] item: Leftovers
|upkeep
|turn|105
|
|t:|1643440937
|switch|p2a: Ditto|Ditto|58/100
|move|p1a: Mimikyu|Substitute|p1a: Mimikyu
|-fail|p1a: Mimikyu|move: Substitute
|
|-heal|p1a: Mimikyu|88/100|[from] item: Leftovers
|upkeep
|turn|106
|c|☆rarh2|k
|
|t:|1643440939
|switch|p2a: Smeargle|Smeargle, F|100/100
|move|p1a: Mimikyu|Substitute|p1a: Mimikyu
|-fail|p1a: Mimikyu|move: Substitute
|
|-heal|p1a: Mimikyu|94/100|[from] item: Leftovers
|upkeep
|turn|107
|
|t:|1643440941
|switch|p2a: Ditto|Ditto|58/100
|move|p1a: Mimikyu|Shadow Sneak|p2a: Ditto
|-immune|p2a: Ditto
|
|-heal|p1a: Mimikyu|99/100|[from] item: Leftovers
|upkeep
|turn|108
|
|t:|1643440943
|switch|p2a: Smeargle|Smeargle, F|100/100
|move|p1a: Mimikyu|Shadow Sneak|p2a: Smeargle
|-immune|p2a: Smeargle
|
|-heal|p1a: Mimikyu|100/100|[from] item: Leftovers
|upkeep
|turn|109
|
|t:|1643440947
|switch|p2a: Ditto|Ditto|58/100
|move|p1a: Mimikyu|Shadow Sneak|p2a: Ditto
|-immune|p2a: Ditto
|
|upkeep
|turn|110
|
|t:|1643440948
|switch|p2a: Smeargle|Smeargle, F|100/100
|move|p1a: Mimikyu|Shadow Sneak|p2a: Smeargle
|-immune|p2a: Smeargle
|
|upkeep
|turn|111
|
|t:|1643440951
|switch|p2a: Ditto|Ditto|58/100
|move|p1a: Mimikyu|Substitute|p1a: Mimikyu
|-fail|p1a: Mimikyu|move: Substitute
|
|upkeep
|turn|112
|
|t:|1643440957
|switch|p2a: Smeargle|Smeargle, F|100/100
|move|p1a: Mimikyu|Substitute|p1a: Mimikyu
|-fail|p1a: Mimikyu|move: Substitute
|
|upkeep
|turn|113
|
|t:|1643440968
|switch|p2a: Ditto|Ditto|58/100
|move|p1a: Mimikyu|Substitute|p1a: Mimikyu
|-fail|p1a: Mimikyu|move: Substitute
|
|upkeep
|turn|114
|
|t:|1643440972
|switch|p2a: Smeargle|Smeargle, F|100/100
|move|p1a: Mimikyu|Shadow Sneak|p2a: Smeargle
|-immune|p2a: Smeargle
|
|upkeep
|turn|115
|
|t:|1643440974
|move|p1a: Mimikyu|Shadow Sneak|p2a: Smeargle
|-immune|p2a: Smeargle
|move|p2a: Smeargle|Nuzzle|p1a: Mimikyu
|-activate|p1a: Mimikyu|move: Substitute|[damage]
|
|upkeep
|turn|116
|
|t:|1643440976
|move|p1a: Mimikyu|Shadow Sneak|p2a: Smeargle
|-immune|p2a: Smeargle
|move|p2a: Smeargle|Nuzzle|p1a: Mimikyu
|-crit|p1a: Mimikyu
|-activate|p1a: Mimikyu|move: Substitute|[damage]
|
|upkeep
|turn|117
|
|t:|1643440978
|move|p1a: Mimikyu|Shadow Sneak|p2a: Smeargle
|-immune|p2a: Smeargle
|move|p2a: Smeargle|Nuzzle|p1a: Mimikyu
|-end|p1a: Mimikyu|Substitute
|
|upkeep
|turn|118
|
|t:|1643440980
|move|p1a: Mimikyu|Shadow Sneak|p2a: Smeargle
|-immune|p2a: Smeargle
|move|p2a: Smeargle|Nuzzle|p1a: Mimikyu
|-activate|p1a: Mimikyu|ability: Disguise
|-damage|p1a: Mimikyu|100/100
|-status|p1a: Mimikyu|par
|detailschange|p1a: Mimikyu|Mimikyu-Busted, M
|-damage|p1a: Mimikyu|88/100 par|[from] pokemon: Mimikyu-Busted
|
|-heal|p1a: Mimikyu|94/100 par|[from] item: Leftovers
|upkeep
|turn|119
|
|t:|1643440982
|switch|p2a: Ditto|Ditto|58/100
|-transform|p2a: Ditto|p1a: Mimikyu|[from] ability: Imposter
|move|p1a: Mimikyu|Shadow Sneak|p2a: Ditto
|-supereffective|p2a: Ditto
|-damage|p2a: Ditto|11/100
|
|-heal|p1a: Mimikyu|99/100 par|[from] item: Leftovers
|upkeep
|turn|120
|
|t:|1643440985
|switch|p2a: Smeargle|Smeargle, F|100/100
|move|p1a: Mimikyu|Shadow Sneak|p2a: Smeargle
|-immune|p2a: Smeargle
|
|-heal|p1a: Mimikyu|100/100 par|[from] item: Leftovers
|upkeep
|turn|121
|
|t:|1643440988
|move|p1a: Mimikyu|Shadow Sneak|p2a: Smeargle
|-immune|p2a: Smeargle
|move|p2a: Smeargle|Rapid Spin|p1a: Mimikyu
|-immune|p1a: Mimikyu
|
|upkeep
|turn|122
|
|t:|1643440989
|move|p1a: Mimikyu|Shadow Sneak|p2a: Smeargle
|-immune|p2a: Smeargle
|move|p2a: Smeargle|Rapid Spin|p1a: Mimikyu
|-immune|p1a: Mimikyu
|
|upkeep
|turn|123
|
|t:|1643440991
|move|p1a: Mimikyu|Shadow Sneak|p2a: Smeargle
|-immune|p2a: Smeargle
|move|p2a: Smeargle|Rapid Spin|p1a: Mimikyu
|-immune|p1a: Mimikyu
|
|upkeep
|turn|124
|
|t:|1643440993
|move|p1a: Mimikyu|Shadow Sneak|p2a: Smeargle
|-immune|p2a: Smeargle
|move|p2a: Smeargle|Rapid Spin|p1a: Mimikyu
|-immune|p1a: Mimikyu
|
|upkeep
|turn|125
|
|t:|1643440995
|move|p1a: Mimikyu|Shadow Sneak|p2a: Smeargle
|-immune|p2a: Smeargle
|move|p2a: Smeargle|Rapid Spin|p1a: Mimikyu
|-immune|p1a: Mimikyu
|
|upkeep
|turn|126
|
|t:|1643440998
|cant|p1a: Mimikyu|par
|move|p2a: Smeargle|Rapid Spin|p1a: Mimikyu
|-immune|p1a: Mimikyu
|
|upkeep
|turn|127
|
|t:|1643441000
|move|p1a: Mimikyu|Shadow Sneak|p2a: Smeargle
|-immune|p2a: Smeargle
|move|p2a: Smeargle|Rapid Spin|p1a: Mimikyu
|-immune|p1a: Mimikyu
|
|upkeep
|turn|128
|
|t:|1643441002
|move|p1a: Mimikyu|Shadow Sneak|p2a: Smeargle
|-immune|p2a: Smeargle
|move|p2a: Smeargle|Rapid Spin|p1a: Mimikyu
|-immune|p1a: Mimikyu
|
|upkeep
|turn|129
|
|t:|1643441003
|move|p1a: Mimikyu|Shadow Sneak|p2a: Smeargle
|-immune|p2a: Smeargle
|move|p2a: Smeargle|Rapid Spin|p1a: Mimikyu
|-immune|p1a: Mimikyu
|
|upkeep
|turn|130
|
|t:|1643441012
|move|p1a: Mimikyu|Shadow Sneak|p2a: Smeargle
|-immune|p2a: Smeargle
|move|p2a: Smeargle|Rapid Spin|p1a: Mimikyu
|-immune|p1a: Mimikyu
|
|upkeep
|turn|131
|
|t:|1643441014
|-start|p1a: Mimikyu|Dynamax
|-heal|p1a: Mimikyu|100/100 par|[silent]
|move|p2a: Smeargle|Rapid Spin|p1a: Mimikyu
|-immune|p1a: Mimikyu
|move|p1a: Mimikyu|Max Phantasm|p2a: Smeargle
|-immune|p2a: Smeargle
|
|upkeep
|turn|132
|
|t:|1643441016
|move|p2a: Smeargle|Rapid Spin|p1a: Mimikyu
|-immune|p1a: Mimikyu
|move|p1a: Mimikyu|Max Phantasm|p2a: Smeargle
|-immune|p2a: Smeargle
|
|upkeep
|turn|133
|
|t:|1643441018
|move|p2a: Smeargle|Rapid Spin|p1a: Mimikyu
|-immune|p1a: Mimikyu
|cant|p1a: Mimikyu|par
|
|-end|p1a: Mimikyu|Dynamax
|-heal|p1a: Mimikyu|100/100 par|[silent]
|upkeep
|turn|134
|
|t:|1643441020
|move|p1a: Mimikyu|Shadow Sneak|p2a: Smeargle
|-immune|p2a: Smeargle
|move|p2a: Smeargle|Rapid Spin|p1a: Mimikyu
|-immune|p1a: Mimikyu
|
|upkeep
|turn|135
|
|t:|1643441026
|-start|p2a: Smeargle|Dynamax
|-heal|p2a: Smeargle|100/100|[silent]
|move|p1a: Mimikyu|Shadow Sneak|p2a: Smeargle
|-immune|p2a: Smeargle
|move|p2a: Smeargle|Max Strike|p1a: Mimikyu
|-immune|p1a: Mimikyu
|
|upkeep
|turn|136
|
|t:|1643441029
|move|p1a: Mimikyu|Shadow Sneak|p2a: Smeargle
|-immune|p2a: Smeargle
|move|p2a: Smeargle|Max Strike|p1a: Mimikyu
|-immune|p1a: Mimikyu
|
|upkeep
|turn|137
|
|t:|1643441030
|move|p1a: Mimikyu|Shadow Sneak|p2a: Smeargle
|-immune|p2a: Smeargle
|move|p2a: Smeargle|Max Strike|p1a: Mimikyu
|-immune|p1a: Mimikyu
|
|-end|p2a: Smeargle|Dynamax
|-heal|p2a: Smeargle|100/100|[silent]
|upkeep
|turn|138
|
|t:|1643441033
|move|p1a: Mimikyu|Shadow Sneak|p2a: Smeargle
|-immune|p2a: Smeargle
|move|p2a: Smeargle|Rapid Spin|p1a: Mimikyu
|-immune|p1a: Mimikyu
|
|upkeep
|turn|139
|
|t:|1643441037
|move|p2a: Smeargle|Sticky Web|p1a: Mimikyu
|-sidestart|p1: cmon u lost|move: Sticky Web
|cant|p1a: Mimikyu|par
|
|upkeep
|turn|140
|
|t:|1643441040
|move|p2a: Smeargle|Stealth Rock|p1a: Mimikyu
|-sidestart|p1: cmon u lost|move: Stealth Rock
|-activate|p1a: Mimikyu|move: Struggle
|move|p1a: Mimikyu|Struggle|p2a: Smeargle
|-damage|p2a: Smeargle|63/100
|-damage|p1a: Mimikyu|75/100 par|[from] recoil
|
|-heal|p1a: Mimikyu|81/100 par|[from] item: Leftovers
|upkeep
|turn|141
|
|t:|1643441043
|move|p2a: Smeargle|Rapid Spin|p1a: Mimikyu
|-immune|p1a: Mimikyu
|-activate|p1a: Mimikyu|move: Struggle
|move|p1a: Mimikyu|Struggle|p2a: Smeargle
|-damage|p2a: Smeargle|19/100
|-damage|p1a: Mimikyu|56/100 par|[from] recoil
|
|-heal|p1a: Mimikyu|62/100 par|[from] item: Leftovers
|upkeep
|turn|142
|
|t:|1643441045
|move|p2a: Smeargle|Rapid Spin|p1a: Mimikyu
|-immune|p1a: Mimikyu
|-activate|p1a: Mimikyu|move: Struggle
|move|p1a: Mimikyu|Struggle|p2a: Smeargle
|-damage|p2a: Smeargle|0 fnt
|faint|p2a: Smeargle
|-damage|p1a: Mimikyu|37/100 par|[from] recoil
|
|-heal|p1a: Mimikyu|43/100 par|[from] item: Leftovers
|upkeep
|
|t:|1643441047
|switch|p2a: Ditto|Ditto|11/100
|-transform|p2a: Ditto|p1a: Mimikyu|[from] ability: Imposter
|turn|143
|
|t:|1643441050
|move|p2a: Ditto|Destiny Bond|p2a: Ditto
|-singlemove|p2a: Ditto|Destiny Bond
|-activate|p1a: Mimikyu|move: Struggle
|move|p1a: Mimikyu|Struggle|p2a: Ditto
|-damage|p2a: Ditto|0 fnt
|faint|p2a: Ditto
|-activate|p2a: Ditto|move: Destiny Bond
|faint|p1a: Mimikyu
|
|win|rarh2
|raw|cmon u lost's rating: 1437 &rarr; <strong>1426</strong><br />(-11 for losing)
|raw|rarh2's rating: 1599 &rarr; <strong>1610</strong><br />(+11 for winning)
