|j|☆apokosipa
|j|☆Diancie_hhh
|t:|1667316941
|gametype|singles
|player|p1|apokosipa|swimmer-gen4|1623
|player|p2|Diancie_hhh|marnie|1709
|teamsize|p1|6
|teamsize|p2|6
|gen|8
|tier|[Gen 8] National Dex AG
|rated|
|rule|HP Percentage Mod: HP is shown in percentages
|rule|Endless Battle Clause: Forcing endless battles is banned
|clearpoke
|poke|p1|Alomomola, M|
|poke|p1|Sableye, M|
|poke|p1|Ditto|
|poke|p1|Shedinja|
|poke|p1|Ho-Oh|
|poke|p1|Chimecho, F|
|poke|p2|Arceus-*|
|poke|p2|Groudon|
|poke|p2|Ho-Oh|
|poke|p2|Zygarde|
|poke|p2|Weavile, F|
|poke|p2|Calyrex-Shadow|
|teampreview
|
|t:|1667316959
|start
|switch|p1a: Cockblock|Sableye, M|100/100
|switch|p2a: Calyrex|Calyrex-Shadow|100/100
|-ability|p2a: Calyrex|As One
|-ability|p2a: Calyrex|Unnerve
|turn|1
|inactive|Battle timer is ON: inactive players will automatically lose when time's up. (requested by apokosipa)
|
|t:|1667316962
|detailschange|p1a: Cockblock|Sableye-Mega, M
|-mega|p1a: Cockblock|Sableye|Sablenite
|move|p2a: Calyrex|Substitute|p2a: Calyrex
|-start|p2a: Calyrex|Substitute
|-damage|p2a: Calyrex|76/100
|move|p1a: Cockblock|Snarl|p2a: Calyrex
|-supereffective|p2a: Calyrex
|-damage|p2a: Calyrex|13/100
|-unboost|p2a: Calyrex|spa|1
|
|-heal|p2a: Calyrex|19/100|[from] item: Leftovers
|upkeep
|turn|2
|
|t:|1667316975
|switch|p2a: Ho-Oh|Ho-Oh|100/100
|move|p1a: Cockblock|Snarl|p2a: Ho-Oh
|-damage|p2a: Ho-Oh|92/100
|-unboost|p2a: Ho-Oh|spa|1
|
|upkeep
|turn|3
|
|t:|1667316981
|switch|p1a: Ho-Oh mama|Ho-Oh|100/100
|move|p2a: Ho-Oh|Sacred Fire|p1a: Ho-Oh mama
|-resisted|p1a: Ho-Oh mama
|-damage|p1a: Ho-Oh mama|81/100
|
|upkeep
|turn|4
|
|t:|1667316999
|move|p2a: Ho-Oh|Sacred Fire|p1a: Ho-Oh mama
|-resisted|p1a: Ho-Oh mama
|-damage|p1a: Ho-Oh mama|60/100
|move|p1a: Ho-Oh mama|Toxic|p2a: Ho-Oh
|-status|p2a: Ho-Oh|tox
|
|-damage|p2a: Ho-Oh|86/100 tox|[from] psn
|upkeep
|turn|5
|j| ThisIsntHilarious
|
|t:|1667317008
|switch|p2a: 大地之神|Groudon, shiny|100/100
|detailschange|p2a: 大地之神|Groudon-Primal, shiny
|-primal|p2a: 大地之神
|-weather|DesolateLand|[from] ability: Desolate Land|[of] p2a: 大地之神
|move|p1a: Ho-Oh mama|Sacred Fire|p2a: 大地之神
|-resisted|p2a: 大地之神
|-damage|p2a: 大地之神|79/100
|
|-weather|DesolateLand|[upkeep]
|upkeep
|turn|6
|
|t:|1667317019
|switch|p1a: Cockblock|Sableye-Mega, M|100/100
|move|p2a: 大地之神|Fire Punch|p1a: Cockblock
|-damage|p1a: Cockblock|31/100
|-status|p1a: Cockblock|brn
|
|-weather|DesolateLand|[upkeep]
|-damage|p1a: Cockblock|25/100 brn|[from] brn
|upkeep
|turn|7
|
|t:|1667317028
|switch|p1a: Not so useless|Alomomola, M|100/100
|move|p2a: 大地之神|Fire Punch|p1a: Not so useless
|-resisted|p1a: Not so useless
|-damage|p1a: Not so useless|79/100
|-damage|p2a: 大地之神|62/100|[from] item: Rocky Helmet|[of] p1a: Not so useless
|
|-weather|DesolateLand|[upkeep]
|upkeep
|turn|8
|
|t:|1667317035
|-weather|none
|switch|p2a: Ho-Oh|Ho-Oh|100/100 tox
|move|p1a: Not so useless|Wish|p1a: Not so useless
|
|-damage|p2a: Ho-Oh|94/100 tox|[from] psn
|upkeep
|turn|9
|
|t:|1667317057
|switch|p1a: Ho-Oh mama|Ho-Oh|93/100
|move|p2a: Ho-Oh|Sacred Fire|p1a: Ho-Oh mama
|-resisted|p1a: Ho-Oh mama
|-damage|p1a: Ho-Oh mama|72/100
|
|-heal|p1a: Ho-Oh mama|100/100|[from] move: Wish|[wisher] Not so useless
|-damage|p2a: Ho-Oh|82/100 tox|[from] psn
|upkeep
|turn|10
|
|t:|1667317075
|switch|p2a: Zygarde|Zygarde, shiny|100/100
|move|p1a: Ho-Oh mama|Toxic|p2a: Zygarde
|-status|p2a: Zygarde|tox
|
|-damage|p2a: Zygarde|94/100 tox|[from] psn
|upkeep
|turn|11
|
|t:|1667317081
|switch|p1a: Chimecho|Chimecho, F|100/100
|move|p2a: Zygarde|Thousand Arrows|p1a: Chimecho
|-damage|p1a: Chimecho|58/100
|-start|p1a: Chimecho|Smack Down
|
|-damage|p2a: Zygarde|82/100 tox|[from] psn
|upkeep
|turn|12
|
|t:|1667317090
|switch|p2a: Ho-Oh|Ho-Oh|100/100 tox
|move|p1a: Chimecho|Trick|p2a: Ho-Oh
|-activate|p1a: Chimecho|move: Trick|[of] p2a: Ho-Oh
|-item|p2a: Ho-Oh|Choice Scarf|[from] move: Trick
|-item|p1a: Chimecho|Heavy-Duty Boots|[from] move: Trick
|
|-damage|p2a: Ho-Oh|94/100 tox|[from] psn
|upkeep
|turn|13
|
|t:|1667317100
|switch|p1a: Ho-Oh mama|Ho-Oh|100/100
|move|p2a: Ho-Oh|Toxic|p1a: Ho-Oh mama
|-status|p1a: Ho-Oh mama|tox
|
|-damage|p2a: Ho-Oh|82/100 tox|[from] psn
|-damage|p1a: Ho-Oh mama|94/100 tox|[from] psn
|upkeep
|turn|14
|
|t:|1667317107
|switch|p2a: Zygarde|Zygarde, shiny|82/100 tox
|move|p1a: Ho-Oh mama|Toxic|p2a: Zygarde
|-fail|p2a: Zygarde|tox
|
|-damage|p2a: Zygarde|76/100 tox|[from] psn
|-damage|p1a: Ho-Oh mama|82/100 tox|[from] psn
|upkeep
|turn|15
|
|t:|1667317114
|switch|p1a: Not so useless|Alomomola, M|100/100
|move|p2a: Zygarde|Thousand Arrows|p1a: Not so useless
|-damage|p1a: Not so useless|82/100
|
|-damage|p2a: Zygarde|64/100 tox|[from] psn
|upkeep
|turn|16
|
|t:|1667317122
|move|p2a: Zygarde|Coil|p2a: Zygarde
|-boost|p2a: Zygarde|atk|1
|-boost|p2a: Zygarde|def|1
|-boost|p2a: Zygarde|accuracy|1
|move|p1a: Not so useless|Wish|p1a: Not so useless
|
|-damage|p2a: Zygarde|45/100 tox|[from] psn
|-activate|p2a: Zygarde|ability: Power Construct
|detailschange|p2a: Zygarde|Zygarde-Complete, shiny
|-heal|p2a: Zygarde|64/100 tox|[silent]
|upkeep
|turn|17
|
|t:|1667317134
|move|p2a: Zygarde|Thousand Arrows|p1a: Not so useless
|-damage|p1a: Not so useless|52/100
|move|p1a: Not so useless|Scald|p2a: Zygarde
|-damage|p2a: Zygarde|57/100 tox
|
|-heal|p1a: Not so useless|100/100|[from] move: Wish|[wisher] Not so useless
|-damage|p2a: Zygarde|32/100 tox|[from] psn
|upkeep
|turn|18
|
|t:|1667317143
|move|p2a: Zygarde|Rest|p2a: Zygarde
|-status|p2a: Zygarde|slp|[from] move: Rest
|-heal|p2a: Zygarde|100/100 slp|[silent]
|-enditem|p2a: Zygarde|Chesto Berry|[eat]
|-curestatus|p2a: Zygarde|slp|[msg]
|move|p1a: Not so useless|Wish|p1a: Not so useless
|
|upkeep
|turn|19
|inactive|Diancie_hhh has 120 seconds left.
|
|t:|1667317200
|move|p2a: Zygarde|Glare|p1a: Not so useless
|-status|p1a: Not so useless|par
|cant|p1a: Not so useless|par
|
|upkeep
|turn|20
|j| HakaigamingHD
|
|t:|1667317225
|move|p2a: Zygarde|Thousand Arrows|p1a: Not so useless
|-damage|p1a: Not so useless|73/100 par
|move|p1a: Not so useless|Toxic|p2a: Zygarde
|-status|p2a: Zygarde|tox
|
|-damage|p2a: Zygarde|94/100 tox|[from] psn
|upkeep
|turn|21
|j| high dose
|inactive|Diancie_hhh has 90 seconds left.
|
|t:|1667317255
|switch|p2a: 相信三旋击!|Weavile, F, shiny|100/100
|-ability|p2a: 相信三旋击!|Pressure
|move|p1a: Not so useless|Wish|p1a: Not so useless
|
|upkeep
|turn|22
|inactive|Diancie_hhh has 90 seconds left.
|
|t:|1667317264
|move|p2a: 相信三旋击!|Knock Off|p1a: Not so useless
|-damage|p1a: Not so useless|46/100 par
|-damage|p2a: 相信三旋击!|84/100|[from] item: Rocky Helmet|[of] p1a: Not so useless
|-enditem|p1a: Not so useless|Rocky Helmet|[from] move: Knock Off|[of] p2a: 相信三旋击!
|cant|p1a: Not so useless|par
|
|-heal|p1a: Not so useless|96/100 par|[from] move: Wish|[wisher] Not so useless
|upkeep
|turn|23
|inactive|Diancie_hhh has 90 seconds left.
|
|t:|1667317284
|switch|p2a: Calyrex|Calyrex-Shadow|19/100
|-ability|p2a: Calyrex|As One
|-ability|p2a: Calyrex|Unnerve
|cant|p1a: Not so useless|par
|
|-heal|p2a: Calyrex|25/100|[from] item: Leftovers
|upkeep
|turn|24
|inactive|Diancie_hhh has 90 seconds left.
|
|t:|1667317295
|switch|p1a: Ho-Oh mama|Ho-Oh|100/100 tox
|move|p2a: Calyrex|Astral Barrage|p1a: Ho-Oh mama
|-damage|p1a: Ho-Oh mama|66/100 tox
|
|-heal|p2a: Calyrex|31/100|[from] item: Leftovers
|-damage|p1a: Ho-Oh mama|60/100 tox|[from] psn
|upkeep
|turn|25
|inactive|Diancie_hhh has 90 seconds left.
|
|t:|1667317302
|move|p2a: Calyrex|Substitute|p2a: Calyrex
|-start|p2a: Calyrex|Substitute
|-damage|p2a: Calyrex|6/100
|move|p1a: Ho-Oh mama|Sacred Fire|p2a: Calyrex
|-end|p2a: Calyrex|Substitute
|
|-heal|p2a: Calyrex|12/100|[from] item: Leftovers
|-damage|p1a: Ho-Oh mama|48/100 tox|[from] psn
|upkeep
|turn|26
|inactive|Diancie_hhh has 90 seconds left.
|
|t:|1667317323
|switch|p2a: Ho-Oh|Ho-Oh|100/100 tox
|-start|p1a: Ho-Oh mama|Dynamax|
|-heal|p1a: Ho-Oh mama|48/100 tox|[silent]
|move|p1a: Ho-Oh mama|Max Flare|p2a: Ho-Oh
|-resisted|p2a: Ho-Oh
|-damage|p2a: Ho-Oh|76/100 tox
|-weather|SunnyDay
|
|-weather|SunnyDay|[upkeep]
|-damage|p2a: Ho-Oh|70/100 tox|[from] psn
|-damage|p1a: Ho-Oh mama|39/100 tox|[from] psn
|upkeep
|turn|27
|
|t:|1667317350
|-end|p1a: Ho-Oh mama|Dynamax
|-heal|p1a: Ho-Oh mama|39/100 tox|[silent]
|switch|p1a: Not so useless|Alomomola, M|100/100 par
|move|p2a: Ho-Oh|Roost|p2a: Ho-Oh
|-heal|p2a: Ho-Oh|100/100 tox
|-singleturn|p2a: Ho-Oh|move: Roost
|
|-weather|SunnyDay|[upkeep]
|-damage|p2a: Ho-Oh|88/100 tox|[from] psn
|upkeep
|turn|28
|inactive|Diancie_hhh has 60 seconds left.
|
|t:|1667317367
|switch|p2a: Calyrex|Calyrex-Shadow|12/100
|-ability|p2a: Calyrex|As One
|-ability|p2a: Calyrex|Unnerve
|cant|p1a: Not so useless|par
|
|-weather|SunnyDay|[upkeep]
|-heal|p2a: Calyrex|18/100|[from] item: Leftovers
|upkeep
|turn|29
|inactive|Diancie_hhh has 60 seconds left.
|
|t:|1667317384
|switch|p1a: No no don't touch|Shedinja|100/100
|move|p2a: Calyrex|Leech Seed|p1a: No no don't touch
|-start|p1a: No no don't touch|move: Leech Seed
|
|-weather|SunnyDay|[upkeep]
|-heal|p2a: Calyrex|24/100|[from] item: Leftovers
|-damage|p1a: No no don't touch|0 fnt|[from] Leech Seed|[of] p2a: Calyrex
|-heal|p2a: Calyrex|24/100|[silent]
|faint|p1a: No no don't touch
|upkeep
|
|t:|1667317390
|switch|p1a: Kinda SUS|Ditto, shiny|100/100
|-transform|p1a: Kinda SUS|p2a: Calyrex|[from] ability: Imposter
|turn|30
|
|t:|1667317399
|switch|p2a: Arceus|Arceus, shiny|100/100
|move|p1a: Kinda SUS|Astral Barrage|p2a: Arceus
|-immune|p2a: Arceus
|
|-weather|none
|upkeep
|turn|31
|
|t:|1667317409
|switch|p1a: Not so useless|Alomomola, M|100/100 par
|move|p2a: Arceus|Swords Dance|p2a: Arceus
|-boost|p2a: Arceus|atk|2
|
|upkeep
|turn|32
|
|t:|1667317422
|move|p2a: Arceus|Extreme Speed|p1a: Not so useless
|-damage|p1a: Not so useless|44/100 par
|-damage|p2a: Arceus|91/100|[from] item: Life Orb
|cant|p1a: Not so useless|par
|
|upkeep
|turn|33
|
|t:|1667317432
|switch|p1a: Cockblock|Sableye-Mega, M|25/100 brn
|-start|p2a: Arceus|Dynamax|
|-heal|p2a: Arceus|91/100|[silent]
|move|p2a: Arceus|Max Airstream|p1a: Cockblock
|-damage|p1a: Cockblock|0 fnt
|-boost|p2a: Arceus|spe|1
|faint|p1a: Cockblock
|-damage|p2a: Arceus|86/100|[from] item: Life Orb
|
|upkeep
|
|t:|1667317436
|switch|p1a: Kinda SUS|Ditto, shiny|100/100
|-transform|p1a: Kinda SUS|p2a: Arceus|[from] ability: Imposter
|turn|34
|-message|apokosipa forfeited.
|
|win|Diancie_hhh
|raw|apokosipa's rating: 1623 &rarr; <strong>1608</strong><br />(-15 for losing)
|raw|Diancie_hhh's rating: 1709 &rarr; <strong>1724</strong><br />(+15 for winning)
|l|☆apokosipa
|l| ThisIsntHilarious
||Ladder isn't responding, score probably updated but might not have (Request timeout).
