|j|☆xLeonisx
|j|☆yoooyooyo
|t:|1662001752
|gametype|singles
|player|p1|xLeonisx|1|1725
|player|p2|yoooyooyo|170|1763
|teamsize|p1|6
|teamsize|p2|6
|gen|8
|tier|[Gen 8] National Dex AG
|rated|
|rule|HP Percentage Mod: HP is shown in percentages
|rule|Endless Battle Clause: Forcing endless battles is banned
|clearpoke
|poke|p1|Deoxys-Speed|
|poke|p1|Ditto|
|poke|p1|Kyogre|
|poke|p1|Calyrex-Shadow|
|poke|p1|Lugia|
|poke|p1|Zacian-*|
|poke|p2|Forretress, F|
|poke|p2|Calyrex-Shadow|
|poke|p2|Houndoom, F|
|poke|p2|Regieleki|
|poke|p2|Marshadow|
|poke|p2|Kyogre|
|teampreview
|inactive|Battle timer is ON: inactive players will automatically lose when time's up. (requested by xLeonisx)
|
|t:|1662001763
|start
|switch|p1a: Kyogre|Kyogre|100/100
|switch|p2a: Forretress|Forretress, F|100/100
|detailschange|p1a: Kyogre|Kyogre-Primal
|-primal|p1a: Kyogre
|-weather|PrimordialSea|[from] ability: Primordial Sea|[of] p1a: Kyogre
|turn|1
|
|t:|1662001768
|move|p1a: Kyogre|Water Spout|p2a: Forretress
|-ability|p2a: Forretress|Sturdy
|-damage|p2a: Forretress|1/100
|move|p2a: Forretress|Spikes|p1a: Kyogre
|-sidestart|p1: xLeonisx|Spikes
|
|-weather|PrimordialSea|[upkeep]
|upkeep
|turn|2
|
|t:|1662001772
|move|p1a: Kyogre|Water Spout|p2a: Forretress
|-damage|p2a: Forretress|0 fnt
|faint|p2a: Forretress
|
|-weather|PrimordialSea|[upkeep]
|upkeep
|
|t:|1662001779
|switch|p2a: Regieleki|Regieleki|100/100
|turn|3
|
|t:|1662001797
|-weather|none
|switch|p1a: Zacian|Zacian-Crowned|100/100
|-damage|p1a: Zacian|88/100|[from] Spikes
|-ability|p1a: Zacian|Intrepid Sword|boost
|-boost|p1a: Zacian|atk|1
|-start|p2a: Regieleki|Dynamax|
|-heal|p2a: Regieleki|100/100|[silent]
|move|p2a: Regieleki|Max Lightning|p1a: Zacian
|-damage|p1a: Zacian|0 fnt
|-fieldstart|move: Electric Terrain
|faint|p1a: Zacian
|-damage|p2a: Regieleki|96/100|[from] item: Life Orb
|
|upkeep
|
|t:|1662001800
|switch|p1a: Lugia|Lugia|100/100
|turn|4
|
|t:|1662001807
|move|p2a: Regieleki|Max Lightning|p1a: Lugia
|-supereffective|p1a: Lugia
|-damage|p1a: Lugia|13/100
|-damage|p2a: Regieleki|91/100|[from] item: Life Orb
|move|p1a: Lugia|Defog|p2a: Regieleki
|-unboost|p2a: Regieleki|evasion|1
|-sideend|p1: xLeonisx|Spikes|[from] move: Defog|[of] p1a: Lugia
|-fieldend|move: Electric Terrain
|
|upkeep
|turn|5
|
|t:|1662001819
|move|p2a: Regieleki|Max Lightning|p1a: Lugia
|-supereffective|p1a: Lugia
|-damage|p1a: Lugia|0 fnt
|-fieldstart|move: Electric Terrain
|faint|p1a: Lugia
|-damage|p2a: Regieleki|86/100|[from] item: Life Orb
|
|upkeep
|
|t:|1662001821
|switch|p1a: Deoxys|Deoxys-Speed|100/100
|-ability|p1a: Deoxys|Pressure
|-end|p2a: Regieleki|Dynamax
|-heal|p2a: Regieleki|86/100|[silent]
|turn|6
|
|t:|1662001829
|move|p1a: Deoxys|Stealth Rock|p2a: Regieleki
|-sidestart|p2: yoooyooyo|move: Stealth Rock
|move|p2a: Regieleki|Rapid Spin|p1a: Deoxys
|-damage|p1a: Deoxys|74/100
|-boost|p2a: Regieleki|spe|1
|-sideend|p2: yoooyooyo|Stealth Rock|[from] move: Rapid Spin|[of] p2a: Regieleki
|-damage|p2a: Regieleki|76/100|[from] item: Life Orb
|
|upkeep
|turn|7
|
|t:|1662001837
|move|p2a: Regieleki|Wild Charge|p1a: Deoxys
|-damage|p1a: Deoxys|0 fnt
|faint|p1a: Deoxys
|-damage|p2a: Regieleki|61/100|[from] Recoil
|-damage|p2a: Regieleki|51/100|[from] item: Life Orb
|
|upkeep
|
|t:|1662001841
|switch|p1a: Ditto|Ditto|100/100
|-transform|p1a: Ditto|p2a: Regieleki|[from] ability: Imposter
|turn|8
|inactive|yoooyooyo has 120 seconds left.
|
|t:|1662001894
|move|p1a: Ditto|Wild Charge|p2a: Regieleki
|-resisted|p2a: Regieleki
|-damage|p2a: Regieleki|0 fnt
|faint|p2a: Regieleki
|-damage|p1a: Ditto|88/100|[from] Recoil
|
|upkeep
|inactive|yoooyooyo has 90 seconds left.
|
|t:|1662001918
|switch|p2a: Marshadow|Marshadow|100/100
|turn|9
|inactive|yoooyooyo has 90 seconds left.
|
|t:|1662001930
|switch|p1a: Kyogre|Kyogre-Primal|100/100
|-weather|PrimordialSea|[from] ability: Primordial Sea|[of] p1a: Kyogre
|move|p2a: Marshadow|Shadow Sneak|p1a: Kyogre
|-damage|p1a: Kyogre|60/100
|-damage|p2a: Marshadow|91/100|[from] item: Life Orb
|
|-weather|PrimordialSea|[upkeep]
|-fieldend|move: Electric Terrain
|upkeep
|turn|10
|
|t:|1662001938
|move|p2a: Marshadow|Close Combat|p1a: Kyogre
|-damage|p1a: Kyogre|0 fnt
|-unboost|p2a: Marshadow|def|1
|-unboost|p2a: Marshadow|spd|1
|faint|p1a: Kyogre
|-weather|none
|-damage|p2a: Marshadow|81/100|[from] item: Life Orb
|
|upkeep
|
|t:|1662001942
|switch|p1a: Ditto|Ditto|88/100
|-transform|p1a: Ditto|p2a: Marshadow|[from] ability: Imposter
|turn|11
|inactive|yoooyooyo has 90 seconds left.
|
|t:|1662001972
|switch|p2a: Calyrex|Calyrex-Shadow|100/100
|-ability|p2a: Calyrex|As One
|-ability|p2a: Calyrex|Unnerve
|move|p1a: Ditto|Shadow Sneak|p2a: Calyrex
|-supereffective|p2a: Calyrex
|-damage|p2a: Calyrex|0 fnt
|faint|p2a: Calyrex
|
|upkeep
|
|t:|1662001977
|switch|p2a: Kyogre|Kyogre|100/100
|-weather|RainDance|[from] ability: Drizzle|[of] p2a: Kyogre
|turn|12
|
|t:|1662001989
|-start|p1a: Ditto|Dynamax|
|-heal|p1a: Ditto|88/100|[silent]
|move|p2a: Kyogre|Surf|p1a: Ditto
|-damage|p1a: Ditto|16/100
|move|p1a: Ditto|Max Knuckle|p2a: Kyogre
|-damage|p2a: Kyogre|50/100
|-boost|p1a: Ditto|atk|1
|
|-weather|RainDance|[upkeep]
|upkeep
|turn|13
|
|t:|1662002000
|-end|p1a: Ditto|Dynamax
|-heal|p1a: Ditto|16/100|[silent]
|switch|p1a: Calyrex|Calyrex-Shadow|100/100
|-ability|p1a: Calyrex|As One
|-ability|p1a: Calyrex|Unnerve
|move|p2a: Kyogre|Surf|p1a: Calyrex
|-damage|p1a: Calyrex|28/100
|
|-weather|RainDance|[upkeep]
|upkeep
|turn|14
|
|t:|1662002003
|move|p1a: Calyrex|Astral Barrage|p2a: Kyogre
|-damage|p2a: Kyogre|0 fnt
|faint|p2a: Kyogre
|-ability|p1a: Calyrex|Grim Neigh|boost
|-boost|p1a: Calyrex|spa|1
|
|-weather|RainDance|[upkeep]
|upkeep
|
|t:|1662002006
|switch|p2a: Marshadow|Marshadow|81/100
|turn|15
|inactive|yoooyooyo has 120 seconds left.
|
|t:|1662002019
|move|p2a: Marshadow|Shadow Sneak|p1a: Calyrex
|-supereffective|p1a: Calyrex
|-damage|p1a: Calyrex|0 fnt
|faint|p1a: Calyrex
|-damage|p2a: Marshadow|71/100|[from] item: Life Orb
|
|-weather|RainDance|[upkeep]
|upkeep
|
|t:|1662002020
|switch|p1a: Ditto|Ditto|16/100
|-transform|p1a: Ditto|p2a: Marshadow|[from] ability: Imposter
|turn|16
|inactive|yoooyooyo has 120 seconds left.
|
|t:|1662002035
|move|p1a: Ditto|Shadow Sneak|p2a: Marshadow
|-supereffective|p2a: Marshadow
|-damage|p2a: Marshadow|0 fnt
|faint|p2a: Marshadow
|
|-weather|none
|upkeep
|
|t:|1662002039
|switch|p2a: Houndoom|Houndoom, F|100/100
|turn|17
|
|t:|1662002053
|detailschange|p2a: Houndoom|Houndoom-Mega, F
|-mega|p2a: Houndoom|Houndoom|Houndoominite
|move|p1a: Ditto|Shadow Sneak|p2a: Houndoom
|-resisted|p2a: Houndoom
|-damage|p2a: Houndoom|80/100
|move|p2a: Houndoom|Dark Pulse|p1a: Ditto
|-damage|p1a: Ditto|0 fnt
|faint|p1a: Ditto
|
|win|yoooyooyo
|raw|xLeonisx's rating: 1725 &rarr; <strong>1707</strong><br />(-18 for losing)
|raw|yoooyooyo's rating: 1763 &rarr; <strong>1781</strong><br />(+18 for winning)
|l|☆xLeonisx
||Ladder isn't responding, score probably updated but might not have (Request timeout).
