|j|☆lemoncell0
|j|☆Masta SkillZ
|inactive|Battle timer is ON: inactive players will automatically lose when time's up.
|t:|1657991661
|gametype|singles
|player|p1|lemoncell0|allister|
|player|p2|Masta SkillZ|aromalady|
|teamsize|p1|6
|teamsize|p2|6
|gen|8
|tier|[Gen 8] National Dex AG
|rated|Tournament battle
|rule|HP Percentage Mod: HP is shown in percentages
|rule|Endless Battle Clause: Forcing endless battles is banned
|clearpoke
|poke|p1|Sableye, M|
|poke|p1|Quagsire, M|
|poke|p1|Latias, F|
|poke|p1|Blissey, F|
|poke|p1|Ferrothorn, F|
|poke|p1|Tyranitar, M|
|poke|p2|Necrozma-Dusk-Mane|
|poke|p2|Gengar, M|
|poke|p2|Groudon|
|poke|p2|Arceus-*|
|poke|p2|Zygarde|
|poke|p2|Yveltal|
|teampreview
|inactive|lemoncell0 has 120 seconds left.
|inactive|Masta SkillZ has 120 seconds left.
|j|+Lauriane
|
|t:|1657991704
|start
|switch|p1a: Tyranitar|Tyranitar, M|100/100
|switch|p2a: Groudon|Groudon|100/100
|-weather|Sandstorm|[from] ability: Sand Stream|[of] p1a: Tyranitar
|detailschange|p2a: Groudon|Groudon-Primal
|-primal|p2a: Groudon
|-weather|DesolateLand|[from] ability: Desolate Land|[of] p2a: Groudon
|turn|1
|
|t:|1657991721
|switch|p1a: Latias|Latias, F|100/100
|move|p2a: Groudon|Stealth Rock|p1a: Latias
|-sidestart|p1: lemoncell0|move: Stealth Rock
|
|-weather|DesolateLand|[upkeep]
|upkeep
|turn|2
|
|t:|1657991731
|move|p1a: Latias|Defog|p2a: Groudon
|-unboost|p2a: Groudon|evasion|1
|-sideend|p1: lemoncell0|Stealth Rock|[from] move: Defog|[of] p1a: Latias
|move|p2a: Groudon|Toxic|p1a: Latias
|-status|p1a: Latias|tox
|
|-weather|DesolateLand|[upkeep]
|-damage|p1a: Latias|94/100 tox|[from] psn
|upkeep
|turn|3
|
|t:|1657991733
|move|p1a: Latias|Toxic|p2a: Groudon
|-status|p2a: Groudon|tox
|move|p2a: Groudon|Stealth Rock|p1a: Latias
|-sidestart|p1: lemoncell0|move: Stealth Rock
|
|-weather|DesolateLand|[upkeep]
|-heal|p1a: Latias|100/100 tox|[from] item: Leftovers
|-damage|p1a: Latias|88/100 tox|[from] psn
|-damage|p2a: Groudon|94/100 tox|[from] psn
|upkeep
|turn|4
|
|t:|1657991736
|move|p1a: Latias|Draco Meteor|p2a: Groudon
|-damage|p2a: Groudon|46/100 tox
|-unboost|p1a: Latias|spa|2
|move|p2a: Groudon|Lava Plume|p1a: Latias
|-resisted|p1a: Latias
|-damage|p1a: Latias|66/100 tox
|
|-weather|DesolateLand|[upkeep]
|-heal|p1a: Latias|72/100 tox|[from] item: Leftovers
|-damage|p1a: Latias|54/100 tox|[from] psn
|-damage|p2a: Groudon|33/100 tox|[from] psn
|upkeep
|turn|5
|
|t:|1657991739
|move|p1a: Latias|Defog|p2a: Groudon
|-unboost|p2a: Groudon|evasion|1
|-sideend|p1: lemoncell0|Stealth Rock|[from] move: Defog|[of] p1a: Latias
|move|p2a: Groudon|Stealth Rock|p1a: Latias
|-sidestart|p1: lemoncell0|move: Stealth Rock
|
|-weather|DesolateLand|[upkeep]
|-heal|p1a: Latias|60/100 tox|[from] item: Leftovers
|-damage|p1a: Latias|36/100 tox|[from] psn
|-damage|p2a: Groudon|15/100 tox|[from] psn
|upkeep
|turn|6
|
|t:|1657991741
|move|p1a: Latias|Recover|p1a: Latias
|-heal|p1a: Latias|86/100 tox
|move|p2a: Groudon|Stealth Rock||[still]
|-fail|p2a: Groudon
|
|-weather|DesolateLand|[upkeep]
|-heal|p1a: Latias|92/100 tox|[from] item: Leftovers
|-damage|p1a: Latias|62/100 tox|[from] psn
|-damage|p2a: Groudon|0 fnt|[from] psn
|faint|p2a: Groudon
|-weather|none
|upkeep
|
|t:|1657991749
|switch|p2a: Gengar|Gengar, M|100/100
|turn|7
|
|t:|1657991752
|switch|p1a: Tyranitar|Tyranitar, M|100/100
|-damage|p1a: Tyranitar|88/100|[from] Stealth Rock
|-weather|Sandstorm|[from] ability: Sand Stream|[of] p1a: Tyranitar
|detailschange|p2a: Gengar|Gengar-Mega, M
|-mega|p2a: Gengar|Gengar|Gengarite
|move|p2a: Gengar|Substitute|p2a: Gengar
|-start|p2a: Gengar|Substitute
|-damage|p2a: Gengar|76/100
|
|-weather|Sandstorm|[upkeep]
|-damage|p2a: Gengar|69/100|[from] Sandstorm
|-heal|p1a: Tyranitar|94/100|[from] item: Leftovers
|upkeep
|turn|8
|j| Testing teams 596
|
|t:|1657991758
|switch|p2a: Zygarde|Zygarde|100/100
|move|p1a: Tyranitar|Rock Tomb|p2a: Zygarde
|-resisted|p2a: Zygarde
|-damage|p2a: Zygarde|93/100
|-unboost|p2a: Zygarde|spe|1
|
|-weather|Sandstorm|[upkeep]
|-heal|p2a: Zygarde|99/100|[from] item: Leftovers
|-heal|p1a: Tyranitar|100/100|[from] item: Leftovers
|upkeep
|turn|9
|
|t:|1657991762
|switch|p1a: Ferrothorn|Ferrothorn, F|100/100
|-damage|p1a: Ferrothorn|94/100|[from] Stealth Rock
|move|p2a: Zygarde|Substitute|p2a: Zygarde
|-start|p2a: Zygarde|Substitute
|-damage|p2a: Zygarde|74/100
|
|-weather|Sandstorm|[upkeep]
|-heal|p2a: Zygarde|80/100|[from] item: Leftovers
|-heal|p1a: Ferrothorn|100/100|[from] item: Leftovers
|upkeep
|turn|10
|
|t:|1657991764
|move|p2a: Zygarde|Glare|p1a: Ferrothorn
|-status|p1a: Ferrothorn|par
|move|p1a: Ferrothorn|Knock Off|p2a: Zygarde
|-activate|p2a: Zygarde|move: Substitute|[damage]
|
|-weather|Sandstorm|[upkeep]
|-heal|p2a: Zygarde|86/100|[from] item: Leftovers
|upkeep
|turn|11
|
|t:|1657991769
|move|p2a: Zygarde|Coil|p2a: Zygarde
|-boost|p2a: Zygarde|atk|1
|-boost|p2a: Zygarde|def|1
|-boost|p2a: Zygarde|accuracy|1
|move|p1a: Ferrothorn|Knock Off|p2a: Zygarde
|-activate|p2a: Zygarde|move: Substitute|[damage]
|
|-weather|none
|-heal|p2a: Zygarde|92/100|[from] item: Leftovers
|upkeep
|turn|12
|j| Playrisky4noreason
|
|t:|1657991772
|switch|p1a: Quagsire|Quagsire, M|100/100
|-damage|p1a: Quagsire|94/100|[from] Stealth Rock
|move|p2a: Zygarde|Thousand Arrows|p1a: Quagsire
|-damage|p1a: Quagsire|74/100
|
|-heal|p2a: Zygarde|98/100|[from] item: Leftovers
|upkeep
|turn|13
|
|t:|1657991775
|move|p2a: Zygarde|Thousand Arrows|p1a: Quagsire
|-damage|p1a: Quagsire|51/100
|move|p1a: Quagsire|Earthquake|p2a: Zygarde
|-end|p2a: Zygarde|Substitute
|
|-heal|p2a: Zygarde|100/100|[from] item: Leftovers
|upkeep
|turn|14
|
|t:|1657991778
|switch|p2a: Gengar|Gengar-Mega, M|69/100
|move|p1a: Quagsire|Recover|p1a: Quagsire
|-heal|p1a: Quagsire|100/100
|
|upkeep
|turn|15
|
|t:|1657991785
|-start|p1a: Quagsire|Dynamax|
|-heal|p1a: Quagsire|100/100|[silent]
|move|p2a: Gengar|Encore||[still]
|-fail|p2a: Gengar
|move|p1a: Quagsire|Max Quake|p2a: Gengar
|-supereffective|p2a: Gengar
|-damage|p2a: Gengar|0 fnt
|-boost|p1a: Quagsire|spd|1
|faint|p2a: Gengar
|
|upkeep
|
|t:|1657991788
|switch|p2a: Zygarde|Zygarde|100/100
|turn|16
|
|t:|1657991795
|move|p2a: Zygarde|Substitute|p2a: Zygarde
|-start|p2a: Zygarde|Substitute
|-damage|p2a: Zygarde|76/100
|move|p1a: Quagsire|Max Knuckle|p2a: Zygarde
|-activate|p2a: Zygarde|move: Substitute|[damage]
|-boost|p1a: Quagsire|atk|1
|
|-heal|p2a: Zygarde|82/100|[from] item: Leftovers
|upkeep
|turn|17
|
|t:|1657991797
|move|p2a: Zygarde|Glare|p1a: Quagsire
|-status|p1a: Quagsire|par
|move|p1a: Quagsire|Max Knuckle|p2a: Zygarde
|-activate|p2a: Zygarde|move: Substitute|[damage]
|-boost|p1a: Quagsire|atk|1
|
|-heal|p2a: Zygarde|88/100|[from] item: Leftovers
|upkeep
|-end|p1a: Quagsire|Dynamax
|-heal|p1a: Quagsire|100/100 par|[silent]
|turn|18
|
|t:|1657991800
|move|p2a: Zygarde|Coil|p2a: Zygarde
|-boost|p2a: Zygarde|atk|1
|-boost|p2a: Zygarde|def|1
|-boost|p2a: Zygarde|accuracy|1
|move|p1a: Quagsire|Earthquake|p2a: Zygarde
|-end|p2a: Zygarde|Substitute
|
|-heal|p2a: Zygarde|94/100|[from] item: Leftovers
|upkeep
|turn|19
|
|t:|1657991804
|move|p2a: Zygarde|Coil|p2a: Zygarde
|-boost|p2a: Zygarde|atk|1
|-boost|p2a: Zygarde|def|1
|-boost|p2a: Zygarde|accuracy|1
|move|p1a: Quagsire|Haze|p1a: Quagsire
|-clearallboost
|
|-heal|p2a: Zygarde|99/100|[from] item: Leftovers
|upkeep
|turn|20
|
|t:|1657991806
|move|p2a: Zygarde|Thousand Arrows|p1a: Quagsire
|-damage|p1a: Quagsire|79/100 par
|move|p1a: Quagsire|Earthquake|p2a: Zygarde
|-damage|p2a: Zygarde|81/100
|
|-heal|p2a: Zygarde|87/100|[from] item: Leftovers
|upkeep
|turn|21
|
|t:|1657991813
|switch|p2a: Arceus|Arceus-Dark|100/100
|move|p1a: Quagsire|Earthquake|p2a: Arceus
|-damage|p2a: Arceus|79/100
|
|upkeep
|turn|22
|
|t:|1657991816
|switch|p1a: Ferrothorn|Ferrothorn, F|100/100 par
|-damage|p1a: Ferrothorn|94/100 par|[from] Stealth Rock
|move|p2a: Arceus|Whirlpool|p1a: Ferrothorn
|-resisted|p1a: Ferrothorn
|-damage|p1a: Ferrothorn|91/100 par
|-activate|p1a: Ferrothorn|move: Whirlpool|[of] p2a: Arceus
|
|-heal|p1a: Ferrothorn|98/100 par|[from] item: Leftovers
|-damage|p1a: Ferrothorn|85/100 par|[from] move: Whirlpool|[partiallytrapped]
|upkeep
|turn|23
|
|t:|1657991819
|move|p2a: Arceus|Perish Song|p2a: Arceus
|-start|p1a: Ferrothorn|perish3|[silent]
|-start|p2a: Arceus|perish3|[silent]
|-fieldactivate|move: Perish Song
|move|p1a: Ferrothorn|Leech Seed|p2a: Arceus
|-start|p2a: Arceus|move: Leech Seed
|
|-heal|p1a: Ferrothorn|91/100 par|[from] item: Leftovers
|-damage|p2a: Arceus|67/100|[from] Leech Seed|[of] p1a: Ferrothorn
|-heal|p1a: Ferrothorn|100/100 par|[silent]
|-damage|p1a: Ferrothorn|88/100 par|[from] move: Whirlpool|[partiallytrapped]
|-start|p2a: Arceus|perish3
|-start|p1a: Ferrothorn|perish3
|upkeep
|turn|24
|
|t:|1657991822
|move|p2a: Arceus|Recover|p2a: Arceus
|-heal|p2a: Arceus|100/100
|move|p1a: Ferrothorn|Spikes|p2a: Arceus
|-sidestart|p2: Masta SkillZ|Spikes
|
|-heal|p1a: Ferrothorn|94/100 par|[from] item: Leftovers
|-damage|p2a: Arceus|88/100|[from] Leech Seed|[of] p1a: Ferrothorn
|-heal|p1a: Ferrothorn|100/100 par|[silent]
|-damage|p1a: Ferrothorn|88/100 par|[from] move: Whirlpool|[partiallytrapped]
|-start|p2a: Arceus|perish2
|-start|p1a: Ferrothorn|perish2
|upkeep
|turn|25
|
|t:|1657991824
|move|p2a: Arceus|Recover|p2a: Arceus
|-heal|p2a: Arceus|100/100
|cant|p1a: Ferrothorn|par
|
|-heal|p1a: Ferrothorn|94/100 par|[from] item: Leftovers
|-damage|p2a: Arceus|88/100|[from] Leech Seed|[of] p1a: Ferrothorn
|-heal|p1a: Ferrothorn|100/100 par|[silent]
|-damage|p1a: Ferrothorn|88/100 par|[from] move: Whirlpool|[partiallytrapped]
|-start|p2a: Arceus|perish1
|-start|p1a: Ferrothorn|perish1
|upkeep
|turn|26
|
|t:|1657991829
|switch|p2a: Yveltal|Yveltal|100/100
|-ability|p2a: Yveltal|Dark Aura
|move|p1a: Ferrothorn|Spikes|p2a: Yveltal
|-sidestart|p2: Masta SkillZ|Spikes
|
|-heal|p1a: Ferrothorn|94/100 par|[from] item: Leftovers
|-end|p1a: Ferrothorn|Whirlpool|[partiallytrapped]|[silent]
|-start|p1a: Ferrothorn|perish0
|upkeep
|faint|p1a: Ferrothorn
|
|t:|1657991832
|switch|p1a: Tyranitar|Tyranitar, M|100/100
|-damage|p1a: Tyranitar|88/100|[from] Stealth Rock
|-weather|Sandstorm|[from] ability: Sand Stream|[of] p1a: Tyranitar
|turn|27
|
|t:|1657991835
|move|p2a: Yveltal|Defog|p1a: Tyranitar
|-unboost|p1a: Tyranitar|evasion|1
|-sideend|p1: lemoncell0|Stealth Rock|[from] move: Defog|[of] p2a: Yveltal
|-sideend|p2: Masta SkillZ|Spikes|[from] move: Defog|[of] p2a: Yveltal
|move|p1a: Tyranitar|Rock Tomb|p2a: Yveltal
|-supereffective|p2a: Yveltal
|-damage|p2a: Yveltal|71/100
|-unboost|p2a: Yveltal|spe|1
|
|-weather|Sandstorm|[upkeep]
|-damage|p2a: Yveltal|65/100|[from] Sandstorm
|-heal|p1a: Tyranitar|94/100|[from] item: Leftovers
|upkeep
|turn|28
|
|t:|1657991838
|move|p1a: Tyranitar|Stealth Rock|p2a: Yveltal
|-sidestart|p2: Masta SkillZ|move: Stealth Rock
|move|p2a: Yveltal|Roost|p2a: Yveltal
|-heal|p2a: Yveltal|100/100
|-singleturn|p2a: Yveltal|move: Roost
|
|-weather|Sandstorm|[upkeep]
|-damage|p2a: Yveltal|94/100|[from] Sandstorm
|-heal|p1a: Tyranitar|100/100|[from] item: Leftovers
|upkeep
|turn|29
|
|t:|1657991840
|move|p1a: Tyranitar|Rock Tomb|p2a: Yveltal
|-supereffective|p2a: Yveltal
|-damage|p2a: Yveltal|64/100
|-unboost|p2a: Yveltal|spe|1
|move|p2a: Yveltal|Defog|p1a: Tyranitar
|-unboost|p1a: Tyranitar|evasion|1
|-sideend|p2: Masta SkillZ|Stealth Rock|[from] move: Defog|[of] p2a: Yveltal
|
|-weather|Sandstorm|[upkeep]
|-damage|p2a: Yveltal|57/100|[from] Sandstorm
|upkeep
|turn|30
|l| Playrisky4noreason
|
|t:|1657991842
|move|p1a: Tyranitar|Rock Tomb|p2a: Yveltal
|-supereffective|p2a: Yveltal
|-damage|p2a: Yveltal|26/100
|-unboost|p2a: Yveltal|spe|1
|move|p2a: Yveltal|Roost|p2a: Yveltal
|-heal|p2a: Yveltal|76/100
|-singleturn|p2a: Yveltal|move: Roost
|
|-weather|Sandstorm|[upkeep]
|-damage|p2a: Yveltal|70/100|[from] Sandstorm
|upkeep
|turn|31
|
|t:|1657991844
|move|p1a: Tyranitar|Rock Tomb|p2a: Yveltal
|-supereffective|p2a: Yveltal
|-damage|p2a: Yveltal|42/100
|-unboost|p2a: Yveltal|spe|1
|move|p2a: Yveltal|Toxic|p1a: Tyranitar
|-status|p1a: Tyranitar|tox
|
|-weather|none
|-damage|p1a: Tyranitar|94/100 tox|[from] psn
|upkeep
|turn|32
|
|t:|1657991847
|move|p1a: Tyranitar|Rock Tomb|p2a: Yveltal
|-supereffective|p2a: Yveltal
|-damage|p2a: Yveltal|10/100
|-unboost|p2a: Yveltal|spe|1
|move|p2a: Yveltal|Roost|p2a: Yveltal
|-heal|p2a: Yveltal|60/100
|-singleturn|p2a: Yveltal|move: Roost
|
|-heal|p1a: Tyranitar|100/100 tox|[from] item: Leftovers
|-damage|p1a: Tyranitar|88/100 tox|[from] psn
|upkeep
|turn|33
|
|t:|1657991848
|move|p1a: Tyranitar|Rock Tomb|p2a: Yveltal
|-supereffective|p2a: Yveltal
|-damage|p2a: Yveltal|29/100
|-unboost|p2a: Yveltal|spe|1
|move|p2a: Yveltal|Roost|p2a: Yveltal
|-heal|p2a: Yveltal|79/100
|-singleturn|p2a: Yveltal|move: Roost
|
|-heal|p1a: Tyranitar|94/100 tox|[from] item: Leftovers
|-damage|p1a: Tyranitar|76/100 tox|[from] psn
|upkeep
|turn|34
|
|t:|1657991850
|move|p1a: Tyranitar|Rock Tomb|p2a: Yveltal
|-supereffective|p2a: Yveltal
|-damage|p2a: Yveltal|47/100
|move|p2a: Yveltal|Roost|p2a: Yveltal
|-heal|p2a: Yveltal|97/100
|-singleturn|p2a: Yveltal|move: Roost
|
|-heal|p1a: Tyranitar|82/100 tox|[from] item: Leftovers
|-damage|p1a: Tyranitar|57/100 tox|[from] psn
|upkeep
|turn|35
|
|t:|1657991860
|switch|p1a: Sableye|Sableye, M|100/100
|switch|p2a: Necrozma|Necrozma-Dusk-Mane|100/100
|
|upkeep
|turn|36
|
|t:|1657991868
|switch|p2a: Arceus|Arceus-Dark|88/100
|switch|p1a: Quagsire|Quagsire, M|79/100 par
|
|upkeep
|turn|37
|
|t:|1657991876
|switch|p1a: Blissey|Blissey, F|100/100
|move|p2a: Arceus|Whirlpool|p1a: Blissey
|-damage|p1a: Blissey|97/100
|-activate|p1a: Blissey|move: Whirlpool|[of] p2a: Arceus
|
|-damage|p1a: Blissey|85/100|[from] move: Whirlpool|[partiallytrapped]
|upkeep
|turn|38
|
|t:|1657991882
|move|p2a: Arceus|Perish Song|p2a: Arceus
|-start|p1a: Blissey|perish3|[silent]
|-start|p2a: Arceus|perish3|[silent]
|-fieldactivate|move: Perish Song
|move|p1a: Blissey|Toxic|p2a: Arceus
|-status|p2a: Arceus|tox
|
|-damage|p2a: Arceus|82/100 tox|[from] psn
|-damage|p1a: Blissey|73/100|[from] move: Whirlpool|[partiallytrapped]
|-start|p2a: Arceus|perish3
|-start|p1a: Blissey|perish3
|upkeep
|turn|39
|
|t:|1657991885
|move|p2a: Arceus|Recover|p2a: Arceus
|-heal|p2a: Arceus|100/100 tox
|move|p1a: Blissey|Seismic Toss|p2a: Arceus
|-damage|p2a: Arceus|78/100 tox
|
|-damage|p2a: Arceus|66/100 tox|[from] psn
|-damage|p1a: Blissey|60/100|[from] move: Whirlpool|[partiallytrapped]
|-start|p2a: Arceus|perish2
|-start|p1a: Blissey|perish2
|upkeep
|turn|40
|
|t:|1657991887
|move|p2a: Arceus|Recover|p2a: Arceus
|-heal|p2a: Arceus|100/100 tox
|move|p1a: Blissey|Seismic Toss|p2a: Arceus
|-damage|p2a: Arceus|78/100 tox
|
|-damage|p2a: Arceus|59/100 tox|[from] psn
|-damage|p1a: Blissey|48/100|[from] move: Whirlpool|[partiallytrapped]
|-start|p2a: Arceus|perish1
|-start|p1a: Blissey|perish1
|upkeep
|turn|41
|
|t:|1657991891
|switch|p2a: Necrozma|Necrozma-Dusk-Mane|100/100
|move|p1a: Blissey|Seismic Toss|p2a: Necrozma
|-damage|p2a: Necrozma|75/100
|
|-heal|p2a: Necrozma|81/100|[from] item: Leftovers
|-end|p1a: Blissey|Whirlpool|[partiallytrapped]
|-start|p1a: Blissey|perish0
|upkeep
|faint|p1a: Blissey
|j| Jojos ❤
|
|t:|1657991906
|switch|p1a: Quagsire|Quagsire, M|79/100 par
|turn|42
|
|t:|1657991918
|move|p2a: Necrozma|Swords Dance|p2a: Necrozma
|-boost|p2a: Necrozma|atk|2
|move|p1a: Quagsire|Earthquake|p2a: Necrozma
|-supereffective|p2a: Necrozma
|-damage|p2a: Necrozma|59/100
|
|-heal|p2a: Necrozma|65/100|[from] item: Leftovers
|upkeep
|turn|43
|
|t:|1657991921
|move|p2a: Necrozma|Swords Dance|p2a: Necrozma
|-boost|p2a: Necrozma|atk|2
|move|p1a: Quagsire|Counter||[still]
|-fail|p1a: Quagsire
|
|-heal|p2a: Necrozma|71/100|[from] item: Leftovers
|upkeep
|turn|44
|
|t:|1657991924
|move|p2a: Necrozma|Sunsteel Strike|p1a: Quagsire
|-resisted|p1a: Quagsire
|-damage|p1a: Quagsire|27/100 par
|-damage|p2a: Necrozma|54/100|[from] item: Rocky Helmet|[of] p1a: Quagsire
|cant|p1a: Quagsire|par
|
|-heal|p2a: Necrozma|60/100|[from] item: Leftovers
|upkeep
|turn|45
|
|t:|1657991926
|move|p2a: Necrozma|Sunsteel Strike|p1a: Quagsire
|-resisted|p1a: Quagsire
|-damage|p1a: Quagsire|0 fnt
|-damage|p2a: Necrozma|43/100|[from] item: Rocky Helmet|[of] p1a: Quagsire
|faint|p1a: Quagsire
|
|-heal|p2a: Necrozma|49/100|[from] item: Leftovers
|upkeep
|c|☆lemoncell0|yeah gg
|-message|lemoncell0 forfeited.
|
|win|Masta SkillZ
|n|☆lemoncell0|lemoncell0
|n|☆Masta SkillZ|mastaskillz
|n| Lauriane|lauriane
|n| Testing teams 596|testingteams596
|n| Jojos ❤|jojos
