|j|☆Preuve_1
|j|☆Log4j
|t:|1617660282
|gametype|singles
|player|p1|Preuve_1|lady|1390
|player|p2|Log4j|1|1664
|teamsize|p1|6
|teamsize|p2|6
|gen|8
|tier|[Gen 8] National Dex AG
|rated|
|clearpoke
|poke|p1|Whimsicott, M|
|poke|p1|Smeargle, M|
|poke|p1|Smeargle, F|
|poke|p1|Smeargle, F|
|poke|p1|Smeargle, M|
|poke|p1|Smeargle, M|
|poke|p2|Xerneas|
|poke|p2|Zacian-Crowned|
|poke|p2|Yveltal|
|poke|p2|Calyrex-Shadow|
|poke|p2|Ho-Oh|
|poke|p2|Ditto|
|rule|HP Percentage Mod: HP is shown in percentages
|rule|Endless Battle Clause: Forcing endless battles is banned
|teampreview
|inactive|Battle timer is ON: inactive players will automatically lose when time's up. (requested by Preuve_1)
|
|t:|1617660312
|start
|switch|p1a: Whimsicott|Whimsicott, M|100/100
|switch|p2a: Calyrex|Calyrex-Shadow|100/100
|-ability|p2a: Calyrex|As One
|-ability|p2a: Calyrex|Unnerve
|turn|1
|
|t:|1617660321
|move|p1a: Whimsicott|Taunt|p2a: Calyrex
|-start|p2a: Calyrex|move: Taunt
|move|p2a: Calyrex|Astral Barrage|p1a: Whimsicott
|-enditem|p1a: Whimsicott|Focus Sash
|-damage|p1a: Whimsicott|1/100
|
|upkeep
|turn|2
|
|t:|1617660338
|switch|p2a: Ditto|Ditto|100/100
|-transform|p2a: Ditto|p1a: Whimsicott|[from] ability: Imposter
|move|p1a: Whimsicott|Tailwind|p1a: Whimsicott
|-sidestart|p1: Preuve_1|move: Tailwind
|
|upkeep
|turn|3
|
|t:|1617660358
|move|p2a: Ditto|Tailwind|p2a: Ditto
|-sidestart|p2: Log4j|move: Tailwind
|move|p1a: Whimsicott|Endeavor|p2a: Ditto
|-damage|p2a: Ditto|1/100
|
|upkeep
|turn|4
|
|t:|1617660366
|switch|p2a: Calyrex|Calyrex-Shadow|100/100
|-ability|p2a: Calyrex|As One
|-ability|p2a: Calyrex|Unnerve
|move|p1a: Whimsicott|Endeavor|p2a: Calyrex
|-immune|p2a: Calyrex
|
|upkeep
|turn|5
|inactive|Preuve_1 has 120 seconds left.
|
|t:|1617660408
|move|p1a: Whimsicott|Memento|p2a: Calyrex
|-unboost|p2a: Calyrex|atk|2
|-unboost|p2a: Calyrex|spa|2
|faint|p1a: Whimsicott
|move|p2a: Calyrex|Psyshock|p1: Whimsicott|[notarget]
|-fail|p2a: Calyrex
|
|-sideend|p1: Preuve_1|move: Tailwind
|upkeep
|inactive|Preuve_1 has 90 seconds left.
|
|t:|1617660427
|switch|p1a: Smeargle|Smeargle, M|100/100
|turn|6
|
|t:|1617660449
|-start|p2a: Calyrex|Dynamax
|-heal|p2a: Calyrex|100/100|[silent]
|move|p2a: Calyrex|Max Starfall|p1a: Smeargle
|-damage|p1a: Smeargle|57/100
|-fieldstart|move: Misty Terrain
|move|p1a: Smeargle|Spore|p2a: Calyrex
|-activate|p2a: Calyrex|move: Misty Terrain
|
|-sideend|p2: Log4j|move: Tailwind
|-ability|p1a: Smeargle|Moody|boost
|-boost|p1a: Smeargle|def|2
|-unboost|p1a: Smeargle|spd|1
|upkeep
|turn|7
|inactive|Preuve_1 has 90 seconds left.
|
|t:|1617660479
|move|p2a: Calyrex|Max Mindstorm|p1a: Smeargle
|-damage|p1a: Smeargle|0 fnt
|-fieldstart|move: Psychic Terrain
|faint|p1a: Smeargle
|-ability|p2a: Calyrex|Grim Neigh|boost
|-boost|p2a: Calyrex|spa|1
|
|upkeep
|inactive|Preuve_1 has 60 seconds left.
|
|t:|1617660525
|switch|p1a: Smeargle|Smeargle, M|100/100
|turn|8
|
|t:|1617660537
|-start|p1a: Smeargle|Dynamax
|-heal|p1a: Smeargle|100/100|[silent]
|move|p1a: Smeargle|Max Guard|p1a: Smeargle
|-singleturn|p1a: Smeargle|Max Guard
|move|p2a: Calyrex|Max Starfall|p1a: Smeargle
|-activate|p1a: Smeargle|move: Max Guard
|
|-ability|p1a: Smeargle|Moody|boost
|-boost|p1a: Smeargle|spd|2
|-unboost|p1a: Smeargle|def|1
|-end|p2a: Calyrex|Dynamax
|-heal|p2a: Calyrex|100/100|[silent]
|upkeep
|turn|9
|inactive|Preuve_1 has 30 seconds left.
|inactive|Preuve_1 has 20 seconds left.
|inactive|Preuve_1 has 15 seconds left.
|inactive|Preuve_1 has 10 seconds left.
|inactive|Preuve_1 has 5 seconds left.
|-message|Preuve_1 lost due to inactivity.
|
|win|Log4j
|raw|Preuve_1's rating: 1390 &rarr; <strong>1383</strong><br />(-7 for losing)
|raw|Log4j's rating: 1664 &rarr; <strong>1671</strong><br />(+7 for winning)
|l|☆Log4j
|l|☆Preuve_1
||Ladder isn't responding, score probably updated but might not have (Request timeout).
