|j|☆SpookyMareep
|j|☆SDK04
|t:|1660176864
|gametype|singles
|player|p1|SpookyMareep|rocketgruntf|1561
|player|p2|SDK04|nate|1550
|teamsize|p1|6
|teamsize|p2|6
|gen|8
|tier|[Gen 8] National Dex AG
|rated|
|rule|HP Percentage Mod: HP is shown in percentages
|rule|Endless Battle Clause: Forcing endless battles is banned
|clearpoke
|poke|p1|Ditto|
|poke|p1|Marshadow|
|poke|p1|Toxapex, M|
|poke|p1|Shedinja|
|poke|p1|Quagsire, M|
|poke|p1|Landorus-Therian, M|
|poke|p2|Groudon|
|poke|p2|Arceus-*|
|poke|p2|Marshadow|
|poke|p2|Ho-Oh|
|poke|p2|Yveltal|
|poke|p2|Blastoise, M|
|teampreview
|inactive|Battle timer is ON: inactive players will automatically lose when time's up. (requested by SDK04)
|
|t:|1660176880
|start
|switch|p1a: >1440 ELO TEAM|Landorus-Therian, M|100/100
|switch|p2a: Arceus–Steel|Arceus-Flying|100/100
|-ability|p1a: >1440 ELO TEAM|Intimidate|boost
|-unboost|p2a: Arceus–Steel|atk|1
|turn|1
|
|t:|1660176887
|switch|p1a: Yakuza|Toxapex, M|100/100
|move|p2a: Arceus–Steel|Toxic|p1a: Yakuza
|-immune|p1a: Yakuza
|
|upkeep
|turn|2
|
|t:|1660176893
|move|p2a: Arceus–Steel|Stealth Rock|p1a: Yakuza
|-sidestart|p1: SpookyMareep|move: Stealth Rock
|move|p1a: Yakuza|Toxic|p2a: Arceus–Steel
|-status|p2a: Arceus–Steel|tox
|
|-damage|p2a: Arceus–Steel|94/100 tox|[from] psn
|upkeep
|turn|3
|
|t:|1660176898
|switch|p2a: Groudon|Groudon|100/100
|detailschange|p2a: Groudon|Groudon-Primal
|-primal|p2a: Groudon
|-weather|DesolateLand|[from] ability: Desolate Land|[of] p2a: Groudon
|move|p1a: Yakuza|Toxic Spikes|p2a: Groudon
|-sidestart|p2: SDK04|move: Toxic Spikes
|
|-weather|DesolateLand|[upkeep]
|upkeep
|turn|4
|
|t:|1660176901
|switch|p1a: >1440 ELO TEAM|Landorus-Therian, M|100/100
|-ability|p1a: >1440 ELO TEAM|Intimidate|boost
|-unboost|p2a: Groudon|atk|1
|move|p2a: Groudon|Precipice Blades|p1a: >1440 ELO TEAM
|-immune|p1a: >1440 ELO TEAM
|
|-weather|DesolateLand|[upkeep]
|upkeep
|turn|5
|
|t:|1660176904
|-weather|none
|switch|p2a: Blastoise|Blastoise, M|100/100
|-status|p2a: Blastoise|psn
|move|p1a: >1440 ELO TEAM|Defog|p2a: Blastoise
|-unboost|p2a: Blastoise|evasion|1
|-sideend|p2: SDK04|Toxic Spikes|[from] move: Defog|[of] p1a: >1440 ELO TEAM
|-sideend|p1: SpookyMareep|Stealth Rock|[from] move: Defog|[of] p1a: >1440 ELO TEAM
|
|-damage|p2a: Blastoise|88/100 psn|[from] psn
|upkeep
|turn|6
|
|t:|1660176907
|switch|p1a: Yakuza|Toxapex, M|100/100
|detailschange|p2a: Blastoise|Blastoise-Mega, M
|-mega|p2a: Blastoise|Blastoise|Blastoisinite
|move|p2a: Blastoise|Shell Smash|p2a: Blastoise
|-unboost|p2a: Blastoise|def|1
|-unboost|p2a: Blastoise|spd|1
|-boost|p2a: Blastoise|atk|2
|-boost|p2a: Blastoise|spa|2
|-boost|p2a: Blastoise|spe|2
|
|-damage|p2a: Blastoise|76/100 psn|[from] psn
|upkeep
|turn|7
|
|t:|1660176911
|move|p2a: Blastoise|Dark Pulse|p1a: Yakuza
|-damage|p1a: Yakuza|29/100
|move|p1a: Yakuza|Toxic Spikes|p2a: Blastoise
|-sidestart|p2: SDK04|move: Toxic Spikes
|
|-damage|p2a: Blastoise|64/100 psn|[from] psn
|upkeep
|turn|8
|
|t:|1660176923
|switch|p1a: Yakuza.|Shedinja|100/100
|move|p2a: Blastoise|Dragon Pulse|p1a: Yakuza.
|-immune|p1a: Yakuza.|[from] ability: Wonder Guard
|
|-damage|p2a: Blastoise|51/100 psn|[from] psn
|upkeep
|turn|9
|
|t:|1660176931
|move|p1a: Yakuza.|Shadow Sneak|p2a: Blastoise
|-damage|p2a: Blastoise|28/100 psn
|move|p2a: Blastoise|Dark Pulse|p1a: Yakuza.
|-supereffective|p1a: Yakuza.
|-enditem|p1a: Yakuza.|Focus Sash
|-damage|p1a: Yakuza.|100/100
|
|-damage|p2a: Blastoise|16/100 psn|[from] psn
|upkeep
|turn|10
|
|t:|1660176937
|move|p1a: Yakuza.|Shadow Sneak|p2a: Blastoise
|-damage|p2a: Blastoise|0 fnt
|faint|p2a: Blastoise
|
|upkeep
|
|t:|1660176939
|switch|p2a: Groudon|Groudon-Primal|100/100
|-status|p2a: Groudon|psn
|-weather|DesolateLand|[from] ability: Desolate Land|[of] p2a: Groudon
|turn|11
|
|t:|1660176942
|switch|p1a: >1440 ELO TEAM|Landorus-Therian, M|100/100
|-ability|p1a: >1440 ELO TEAM|Intimidate|boost
|-unboost|p2a: Groudon|atk|1
|move|p2a: Groudon|Rock Polish|p2a: Groudon
|-boost|p2a: Groudon|spe|2
|
|-weather|DesolateLand|[upkeep]
|-damage|p2a: Groudon|88/100 psn|[from] psn
|upkeep
|turn|12
|
|t:|1660176945
|-start|p1a: >1440 ELO TEAM|Dynamax|
|-heal|p1a: >1440 ELO TEAM|100/100|[silent]
|move|p2a: Groudon|Swords Dance|p2a: Groudon
|-boost|p2a: Groudon|atk|2
|move|p1a: >1440 ELO TEAM|Max Quake|p2a: Groudon
|-supereffective|p2a: Groudon
|-damage|p2a: Groudon|0 fnt
|-boost|p1a: >1440 ELO TEAM|spd|1
|faint|p2a: Groudon
|-weather|none
|
|upkeep
|
|t:|1660176951
|switch|p2a: Marshadow|Marshadow|100/100
|-status|p2a: Marshadow|psn
|turn|13
|
|t:|1660176955
|-end|p1a: >1440 ELO TEAM|Dynamax
|-heal|p1a: >1440 ELO TEAM|100/100|[silent]
|switch|p1a: Yakuza|Toxapex, M|63/100
|move|p2a: Marshadow|Spectral Thief|p1a: Yakuza
|-damage|p1a: Yakuza|26/100
|-damage|p2a: Marshadow|84/100 psn|[from] item: Rocky Helmet|[of] p1a: Yakuza
|-damage|p2a: Marshadow|74/100 psn|[from] item: Life Orb
|
|-damage|p2a: Marshadow|62/100 psn|[from] psn
|upkeep
|turn|14
|
|t:|1660176960
|switch|p1a: :)|Quagsire, M|100/100
|move|p2a: Marshadow|Spectral Thief|p1a: :)
|-damage|p1a: :)|57/100
|-damage|p2a: Marshadow|45/100 psn|[from] item: Rocky Helmet|[of] p1a: :)
|-damage|p2a: Marshadow|35/100 psn|[from] item: Life Orb
|
|-damage|p2a: Marshadow|23/100 psn|[from] psn
|upkeep
|turn|15
|
|t:|1660176966
|move|p2a: Marshadow|Spectral Thief|p1a: :)
|-damage|p1a: :)|15/100
|-damage|p2a: Marshadow|6/100 psn|[from] item: Rocky Helmet|[of] p1a: :)
|-damage|p2a: Marshadow|0 fnt|[from] item: Life Orb
|faint|p2a: Marshadow
|move|p1a: :)|Recover|p1a: :)
|-heal|p1a: :)|65/100
|
|upkeep
|
|t:|1660176969
|switch|p2a: Ho-Oh|Ho-Oh|100/100
|turn|16
|
|t:|1660176974
|move|p2a: Ho-Oh|Toxic|p1a: :)
|-status|p1a: :)|tox
|move|p1a: :)|Toxic|p2a: Ho-Oh|[miss]
|-miss|p1a: :)|p2a: Ho-Oh
|
|-damage|p1a: :)|59/100 tox|[from] psn
|upkeep
|turn|17
|c|☆SpookyMareep|lol
|c|☆SpookyMareep|ok
|
|t:|1660176979
|switch|p2a: Arceus–Steel|Arceus-Flying|94/100 tox
|move|p1a: :)|Earthquake|p2a: Arceus–Steel
|-immune|p2a: Arceus–Steel
|
|-damage|p2a: Arceus–Steel|88/100 tox|[from] psn
|-damage|p1a: :)|47/100 tox|[from] psn
|upkeep
|turn|18
|c|☆SpookyMareep|?
|inactive|SpookyMareep has 120 seconds left.
|c|☆SpookyMareep|not TOS
|c|☆SpookyMareep|change it
|
|t:|1660177017
|move|p2a: Arceus–Steel|Recover|p2a: Arceus–Steel
|-heal|p2a: Arceus–Steel|100/100 tox
|move|p1a: :)|Recover|p1a: :)
|-heal|p1a: :)|97/100 tox
|
|-damage|p2a: Arceus–Steel|88/100 tox|[from] psn
|-damage|p1a: :)|78/100 tox|[from] psn
|upkeep
|turn|19
|c|☆SDK04|You didn’t notice that the moment the “Steel” type was poisoned?
|c|☆SDK04|Lmao
|
|t:|1660177046
|switch|p1a: Yakuza|Toxapex, M|60/100
|move|p2a: Arceus–Steel|Judgment|p1a: Yakuza
|-damage|p1a: Yakuza|23/100
|
|-damage|p2a: Arceus–Steel|70/100 tox|[from] psn
|upkeep
|turn|20
|inactive|SpookyMareep has 120 seconds left.
|j| Yveltalray
|j| sugar ovens
|
|t:|1660177077
|switch|p1a: >1440 ELO TEAM|Landorus-Therian, M|100/100
|-ability|p1a: >1440 ELO TEAM|Intimidate|boost
|-unboost|p2a: Arceus–Steel|atk|1
|move|p2a: Arceus–Steel|Judgment|p1a: >1440 ELO TEAM
|-damage|p1a: >1440 ELO TEAM|39/100
|
|-damage|p2a: Arceus–Steel|46/100 tox|[from] psn
|upkeep
|turn|21
|
|t:|1660177082
|switch|p1a: Yakuza|Toxapex, M|56/100
|move|p2a: Arceus–Steel|Judgment|p1a: Yakuza
|-damage|p1a: Yakuza|15/100
|
|-damage|p2a: Arceus–Steel|15/100 tox|[from] psn
|upkeep
|turn|22
|j| samirsin999
|
|t:|1660177092
|switch|p1a: Yakuza.|Shedinja|100/100
|move|p2a: Arceus–Steel|Judgment|p1a: Yakuza.
|-supereffective|p1a: Yakuza.
|-crit|p1a: Yakuza.
|-damage|p1a: Yakuza.|0 fnt
|faint|p1a: Yakuza.
|
|-damage|p2a: Arceus–Steel|0 fnt|[from] psn
|faint|p2a: Arceus–Steel
|upkeep
|inactive|SpookyMareep has 120 seconds left.
|
|t:|1660177098
|switch|p2a: Yveltal|Yveltal|100/100
|switch|p1a: SpookyMareep(YT)|Marshadow|100/100
|-ability|p2a: Yveltal|Dark Aura
|turn|23
|
|t:|1660177104
|-start|p2a: Yveltal|Dynamax|
|-heal|p2a: Yveltal|100/100|[silent]
|move|p1a: SpookyMareep(YT)|Ice Punch|p2a: Yveltal
|-supereffective|p2a: Yveltal
|-damage|p2a: Yveltal|71/100
|-damage|p1a: SpookyMareep(YT)|91/100|[from] item: Life Orb
|move|p2a: Yveltal|Max Darkness|p1a: SpookyMareep(YT)
|-damage|p1a: SpookyMareep(YT)|0 fnt
|faint|p1a: SpookyMareep(YT)
|
|upkeep
|c|☆SpookyMareep|pretty pathetic tactics
|l| sugar ovens
|inactive|SpookyMareep has 120 seconds left.
|c|☆SDK04|Skill Issue
|c|☆SpookyMareep|no kid
|c|☆SpookyMareep|its not
|inactive|SpookyMareep has 90 seconds left.
|
|t:|1660177150
|switch|p1a: :)|Quagsire, M|78/100 tox
|turn|24
|
|t:|1660177153
|move|p2a: Yveltal|Max Darkness|p1a: :)
|-damage|p1a: :)|9/100 tox
|-unboost|p1a: :)|spd|1
|move|p1a: :)|Recover|p1a: :)
|-heal|p1a: :)|59/100 tox
|
|-damage|p1a: :)|53/100 tox|[from] psn
|upkeep
|turn|25
|j| georgebowserjr1
|
|t:|1660177159
|move|p2a: Yveltal|Max Darkness|p1a: :)
|-damage|p1a: :)|0 fnt
|faint|p1a: :)
|
|upkeep
|
|t:|1660177161
|switch|p1a: Zacian! YOU FOOL!|Ditto|100/100
|-transform|p1a: Zacian! YOU FOOL!|p2a: Yveltal|[from] ability: Imposter
|-ability|p1a: Zacian! YOU FOOL!|Dark Aura
|-end|p2a: Yveltal|Dynamax
|-heal|p2a: Yveltal|72/100|[silent]
|turn|26
|l| georgebowserjr1
|
|t:|1660177168
|move|p1a: Zacian! YOU FOOL!|U-turn|p2a: Yveltal
|-damage|p2a: Yveltal|48/100
|l| samirsin999
|
|t:|1660177171
|switch|p1a: >1440 ELO TEAM|Landorus-Therian, M|39/100|[from]move: U-turn
|-ability|p1a: >1440 ELO TEAM|Intimidate|boost
|-unboost|p2a: Yveltal|atk|1
|move|p2a: Yveltal|Knock Off|p1a: >1440 ELO TEAM
|-damage|p1a: >1440 ELO TEAM|0 fnt
|-enditem|p1a: >1440 ELO TEAM|Heavy-Duty Boots|[from] move: Knock Off|[of] p2a: Yveltal
|faint|p1a: >1440 ELO TEAM
|
|upkeep
|
|t:|1660177172
|switch|p1a: Yakuza|Toxapex, M|49/100
|turn|27
|
|t:|1660177175
|move|p2a: Yveltal|Knock Off|p1a: Yakuza
|-damage|p1a: Yakuza|6/100
|-damage|p2a: Yveltal|32/100|[from] item: Rocky Helmet|[of] p1a: Yakuza
|-enditem|p1a: Yakuza|Rocky Helmet|[from] move: Knock Off|[of] p2a: Yveltal
|move|p1a: Yakuza|Recover|p1a: Yakuza
|-heal|p1a: Yakuza|56/100
|
|upkeep
|turn|28
|
|t:|1660177178
|switch|p2a: Ho-Oh|Ho-Oh|100/100
|move|p1a: Yakuza|Recover|p1a: Yakuza
|-heal|p1a: Yakuza|100/100
|
|upkeep
|turn|29
|
|t:|1660177183
|move|p1a: Yakuza|Toxic|p2a: Ho-Oh
|-status|p2a: Ho-Oh|tox
|move|p2a: Ho-Oh|Whirlwind|p1a: Yakuza
|drag|p1a: Zacian! YOU FOOL!|Ditto|100/100
|-transform|p1a: Zacian! YOU FOOL!|p2a: Ho-Oh|[from] ability: Imposter
|
|-damage|p2a: Ho-Oh|94/100 tox|[from] psn
|upkeep
|turn|30
|
|t:|1660177187
|switch|p1a: Yakuza|Toxapex, M|100/100
|move|p2a: Ho-Oh|Toxic|p1a: Yakuza|[miss]
|-miss|p2a: Ho-Oh|p1a: Yakuza
|
|-damage|p2a: Ho-Oh|82/100 tox|[from] psn
|upkeep
|turn|31
|
|t:|1660177193
|switch|p2a: Yveltal|Yveltal|32/100
|-ability|p2a: Yveltal|Dark Aura
|move|p1a: Yakuza|Toxic|p2a: Yveltal
|-status|p2a: Yveltal|tox
|
|-damage|p2a: Yveltal|26/100 tox|[from] psn
|upkeep
|turn|32
|j|+Dorron ☆
|
|t:|1660177198
|move|p2a: Yveltal|Knock Off|p1a: Yakuza
|-damage|p1a: Yakuza|53/100
|move|p1a: Yakuza|Scald|p2a: Yveltal
|-damage|p2a: Yveltal|11/100 tox
|
|-damage|p2a: Yveltal|0 fnt|[from] psn
|faint|p2a: Yveltal
|upkeep
|
|t:|1660177200
|switch|p2a: Ho-Oh|Ho-Oh|100/100 tox
|turn|33
|
|t:|1660177215
|move|p2a: Ho-Oh|Sacred Fire|p1a: Yakuza
|-resisted|p1a: Yakuza
|-damage|p1a: Yakuza|40/100
|-status|p1a: Yakuza|brn
|move|p1a: Yakuza|Recover|p1a: Yakuza
|-heal|p1a: Yakuza|90/100 brn
|
|-damage|p2a: Ho-Oh|94/100 tox|[from] psn
|-damage|p1a: Yakuza|84/100 brn|[from] brn
|upkeep
|turn|34
|l|+Dorron ☆
|
|t:|1660177221
|move|p2a: Ho-Oh|Defog|p1a: Yakuza
|-unboost|p1a: Yakuza|evasion|1
|-sideend|p2: SDK04|Toxic Spikes|[from] move: Defog|[of] p2a: Ho-Oh
|move|p1a: Yakuza|Scald|p2a: Ho-Oh
|-supereffective|p2a: Ho-Oh
|-damage|p2a: Ho-Oh|78/100 tox
|
|-damage|p2a: Ho-Oh|66/100 tox|[from] psn
|-damage|p1a: Yakuza|78/100 brn|[from] brn
|upkeep
|turn|35
|
|t:|1660177223
|move|p2a: Ho-Oh|Defog|p1a: Yakuza
|-unboost|p1a: Yakuza|evasion|1
|move|p1a: Yakuza|Recover|p1a: Yakuza
|-heal|p1a: Yakuza|100/100 brn
|
|-damage|p2a: Ho-Oh|48/100 tox|[from] psn
|-damage|p1a: Yakuza|95/100 brn|[from] brn
|upkeep
|turn|36
|c|☆SDK04|gg
|c|☆SDK04|wo
|c|☆SDK04|wp
|
|t:|1660177237
|move|p2a: Ho-Oh|Defog|p1a: Yakuza
|-unboost|p1a: Yakuza|evasion|1
|move|p1a: Yakuza|Toxic Spikes|p2a: Ho-Oh
|-sidestart|p2: SDK04|move: Toxic Spikes
|
|-damage|p2a: Ho-Oh|24/100 tox|[from] psn
|-damage|p1a: Yakuza|89/100 brn|[from] brn
|upkeep
|turn|37
|c|☆SpookyMareep|cheap name
|l| Yveltalray
|
|t:|1660177248
|move|p2a: Ho-Oh|Sacred Fire|p1a: Yakuza
|-resisted|p1a: Yakuza
|-damage|p1a: Yakuza|77/100 brn
|move|p1a: Yakuza|Scald|p2a: Ho-Oh
|-supereffective|p2a: Ho-Oh
|-damage|p2a: Ho-Oh|6/100 tox
|
|-damage|p2a: Ho-Oh|0 fnt|[from] psn
|faint|p2a: Ho-Oh
|
|win|SpookyMareep
|upkeep
|raw|SpookyMareep's rating: 1561 &rarr; <strong>1580</strong><br />(+19 for winning)
|raw|SDK04's rating: 1550 &rarr; <strong>1531</strong><br />(-19 for losing)
|l|☆SpookyMareep
|c|☆SDK04|This mf definitely moans when they wipe
|c|☆SDK04|Lmao
