|j|☆AnimeZZZZ5
|j|☆CLEAR GEM清瑜
|t:|1664687836
|gametype|singles
|player|p1|AnimeZZZZ5|102|1886
|player|p2|CLEAR GEM清瑜|skierf|1805
|teamsize|p1|6
|teamsize|p2|6
|gen|8
|tier|[Gen 8] National Dex AG
|rated|
|rule|HP Percentage Mod: HP is shown in percentages
|rule|Endless Battle Clause: Forcing endless battles is banned
|clearpoke
|poke|p1|Calyrex-Shadow|
|poke|p1|Arceus-*|
|poke|p1|Kyurem-White|
|poke|p1|Ho-Oh|
|poke|p1|Necrozma-Dusk-Mane|
|poke|p1|Zygarde|
|poke|p2|Rayquaza|
|poke|p2|Groudon|
|poke|p2|Necrozma-Dusk-Mane|
|poke|p2|Arceus-*|
|poke|p2|Zacian-*|
|poke|p2|Yveltal|
|teampreview
|inactive|Battle timer is ON: inactive players will automatically lose when time's up. (requested by CLEAR GEM清瑜)
|
|t:|1664687857
|start
|switch|p1a: Calyrex|Calyrex-Shadow|100/100
|switch|p2a: Y鸟|Yveltal|100/100
|-ability|p1a: Calyrex|As One
|-ability|p1a: Calyrex|Unnerve
|-ability|p2a: Y鸟|Dark Aura
|turn|1
|
|t:|1664687862
|switch|p1a: Arceus|Arceus-Dark|100/100
|move|p2a: Y鸟|Dark Pulse|p1a: Arceus
|-resisted|p1a: Arceus
|-damage|p1a: Arceus|79/100
|-damage|p2a: Y鸟|91/100|[from] item: Life Orb
|
|upkeep
|turn|2
|
|t:|1664687868
|switch|p2a: 不会(?)|Groudon|100/100
|detailschange|p2a: 不会(?)|Groudon-Primal
|-primal|p2a: 不会(?)
|-weather|DesolateLand|[from] ability: Desolate Land|[of] p2a: 不会(?)
|move|p1a: Arceus|Recover|p1a: Arceus
|-heal|p1a: Arceus|100/100
|
|-weather|DesolateLand|[upkeep]
|upkeep
|turn|3
|
|t:|1664687873
|switch|p1a: Calyrex|Calyrex-Shadow|100/100
|-ability|p1a: Calyrex|As One
|-ability|p1a: Calyrex|Unnerve
|move|p2a: 不会(?)|Stealth Rock|p1a: Calyrex
|-sidestart|p1: AnimeZZZZ5|move: Stealth Rock
|
|-weather|DesolateLand|[upkeep]
|upkeep
|turn|4
|
|t:|1664687875
|move|p1a: Calyrex|Nasty Plot|p1a: Calyrex
|-boost|p1a: Calyrex|spa|2
|move|p2a: 不会(?)|Heat Crash|p1a: Calyrex
|-enditem|p1a: Calyrex|Focus Sash
|-damage|p1a: Calyrex|1/100
|
|-weather|DesolateLand|[upkeep]
|upkeep
|turn|5
|
|t:|1664687888
|move|p1a: Calyrex|Astral Barrage|p2a: 不会(?)
|-damage|p2a: 不会(?)|0 fnt
|faint|p2a: 不会(?)
|-weather|none
|-ability|p1a: Calyrex|Grim Neigh|boost
|-boost|p1a: Calyrex|spa|1
|
|upkeep
|
|t:|1664687890
|switch|p2a: 老烈|Rayquaza, shiny|100/100
|-ability|p2a: 老烈|Air Lock
|turn|6
|
|t:|1664687895
|detailschange|p2a: 老烈|Rayquaza-Mega, shiny
|-mega|p2a: 老烈|Rayquaza|
|-weather|DeltaStream|[from] ability: Delta Stream|[of] p2a: 老烈
|move|p1a: Calyrex|Draining Kiss|p2a: 老烈
|-supereffective|p2a: 老烈
|-damage|p2a: 老烈|2/100
|-heal|p1a: Calyrex|82/100|[from] drain|[of] p2a: 老烈
|move|p2a: 老烈|Dragon Dance|p2a: 老烈
|-boost|p2a: 老烈|atk|1
|-boost|p2a: 老烈|spe|1
|
|-weather|DeltaStream|[upkeep]
|upkeep
|turn|7
|
|t:|1664687907
|switch|p1a: Necrozma|Necrozma-Dusk-Mane|100/100
|-damage|p1a: Necrozma|94/100|[from] Stealth Rock
|move|p2a: 老烈|Dragon Ascent|p1a: Necrozma
|-resisted|p1a: Necrozma
|-damage|p1a: Necrozma|58/100
|-unboost|p2a: 老烈|def|1
|-unboost|p2a: 老烈|spd|1
|-damage|p2a: 老烈|0 fnt|[from] item: Rocky Helmet|[of] p1a: Necrozma
|faint|p2a: 老烈
|-weather|none
|
|upkeep
|
|t:|1664687910
|switch|p2a: Y鸟|Yveltal|91/100
|-ability|p2a: Y鸟|Dark Aura
|turn|8
|
|t:|1664687917
|switch|p2a: 悬空羊驼|Arceus-Flying|100/100
|switch|p1a: Arceus|Arceus-Dark|100/100
|-damage|p1a: Arceus|88/100|[from] Stealth Rock
|
|upkeep
|turn|9
|
|t:|1664687921
|switch|p1a: Ho-Oh|Ho-Oh|100/100
|move|p2a: 悬空羊驼|Calm Mind|p2a: 悬空羊驼
|-boost|p2a: 悬空羊驼|spa|1
|-boost|p2a: 悬空羊驼|spd|1
|
|upkeep
|turn|10
|
|t:|1664687924
|-start|p2a: 悬空羊驼|Dynamax|
|-heal|p2a: 悬空羊驼|100/100|[silent]
|move|p2a: 悬空羊驼|Max Airstream|p1a: Ho-Oh
|-damage|p1a: Ho-Oh|32/100
|-boost|p2a: 悬空羊驼|spe|1
|move|p1a: Ho-Oh|Whirlwind|p2a: 悬空羊驼
|-block|p2a: 悬空羊驼|Dynamax
|
|upkeep
|turn|11
|
|t:|1664687928
|switch|p1a: Necrozma|Necrozma-Dusk-Mane|58/100
|-damage|p1a: Necrozma|52/100|[from] Stealth Rock
|move|p2a: 悬空羊驼|Max Airstream|p1a: Necrozma
|-resisted|p1a: Necrozma
|-damage|p1a: Necrozma|0 fnt
|-boost|p2a: 悬空羊驼|spe|1
|faint|p1a: Necrozma
|
|upkeep
|
|t:|1664687948
|switch|p1a: Ho-Oh|Ho-Oh|65/100
|turn|12
|
|t:|1664687954
|switch|p1a: Kyurem|Kyurem-White|100/100
|-ability|p1a: Kyurem|Turboblaze
|move|p2a: 悬空羊驼|Max Airstream|p1a: Kyurem
|-damage|p1a: Kyurem|32/100
|-boost|p2a: 悬空羊驼|spe|1
|
|upkeep
|-end|p2a: 悬空羊驼|Dynamax
|-heal|p2a: 悬空羊驼|100/100|[silent]
|turn|13
|
|t:|1664687958
|move|p2a: 悬空羊驼|Judgment|p1a: Kyurem
|-damage|p1a: Kyurem|0 fnt
|faint|p1a: Kyurem
|
|upkeep
|
|t:|1664687961
|switch|p1a: Ho-Oh|Ho-Oh|98/100
|turn|14
|
|t:|1664687965
|move|p2a: 悬空羊驼|Judgment|p1a: Ho-Oh
|-damage|p1a: Ho-Oh|48/100
|move|p1a: Ho-Oh|Defog|p2a: 悬空羊驼
|-unboost|p2a: 悬空羊驼|evasion|1
|-sideend|p1: AnimeZZZZ5|Stealth Rock|[from] move: Defog|[of] p1a: Ho-Oh
|
|upkeep
|turn|15
|j| agtvvgc
|c| agtvvgc|qwq
|
|t:|1664687989
|switch|p1a: Zygarde|Zygarde|100/100
|move|p2a: 悬空羊驼|Judgment|p1a: Zygarde
|-damage|p1a: Zygarde|12/100
|
|-activate|p1a: Zygarde|ability: Power Construct
|detailschange|p1a: Zygarde|Zygarde-Complete
|-heal|p1a: Zygarde|42/100|[silent]
|upkeep
|turn|16
|
|t:|1664687992
|move|p2a: 悬空羊驼|Judgment|p1a: Zygarde
|-damage|p1a: Zygarde|0 fnt
|faint|p1a: Zygarde
|
|upkeep
|
|t:|1664687995
|switch|p1a: Arceus|Arceus-Dark|88/100
|turn|17
|
|t:|1664687998
|move|p2a: 悬空羊驼|Judgment|p1a: Arceus
|-damage|p1a: Arceus|34/100
|move|p1a: Arceus|Calm Mind|p1a: Arceus
|-boost|p1a: Arceus|spa|1
|-boost|p1a: Arceus|spd|1
|
|upkeep
|turn|18
|
|t:|1664688000
|move|p2a: 悬空羊驼|Judgment|p1a: Arceus
|-damage|p1a: Arceus|0 fnt
|faint|p1a: Arceus
|
|upkeep
|
|t:|1664688006
|switch|p1a: Ho-Oh|Ho-Oh|81/100
|turn|19
|
|t:|1664688009
|move|p2a: 悬空羊驼|Judgment|p1a: Ho-Oh
|-damage|p1a: Ho-Oh|26/100
|move|p1a: Ho-Oh|Whirlwind|p2a: 悬空羊驼
|drag|p2a: Y鸟|Yveltal|91/100
|-ability|p2a: Y鸟|Dark Aura
|
|upkeep
|turn|20
|
|t:|1664688014
|move|p2a: Y鸟|Dark Pulse|p1a: Ho-Oh
|-damage|p1a: Ho-Oh|0 fnt
|faint|p1a: Ho-Oh
|-damage|p2a: Y鸟|81/100|[from] item: Life Orb
|
|upkeep
|
|t:|1664688016
|switch|p1a: Calyrex|Calyrex-Shadow|82/100
|-ability|p1a: Calyrex|As One
|-ability|p1a: Calyrex|Unnerve
|turn|21
|
|t:|1664688018
|-start|p1a: Calyrex|Dynamax|
|-heal|p1a: Calyrex|82/100|[silent]
|move|p1a: Calyrex|Max Starfall|p2a: Y鸟
|-supereffective|p2a: Y鸟
|-damage|p2a: Y鸟|11/100
|-fieldstart|move: Misty Terrain
|move|p2a: Y鸟|Dark Pulse|p1a: Calyrex
|-supereffective|p1a: Calyrex
|-damage|p1a: Calyrex|0 fnt
|faint|p1a: Calyrex
|-damage|p2a: Y鸟|1/100|[from] item: Life Orb
|
|win|CLEAR GEM清瑜
|raw|AnimeZZZZ5's rating: 1886 &rarr; <strong>1861</strong><br />(-25 for losing)
|raw|CLEAR GEM清瑜's rating: 1805 &rarr; <strong>1830</strong><br />(+25 for winning)
|l|☆AnimeZZZZ5
