|j|☆rowletroost
|j|☆Glaliegoesboom ❤
|t:|1641773296
|gametype|singles
|player|p1|rowletroost|aromalady|1558
|player|p2|Glaliegoesboom ❤|wulfric|1725
|teamsize|p1|6
|teamsize|p2|6
|gen|8
|tier|[Gen 8] National Dex AG
|rated|
|rule|HP Percentage Mod: HP is shown in percentages
|rule|Endless Battle Clause: Forcing endless battles is banned
|clearpoke
|poke|p1|Arceus-*|
|poke|p1|Xerneas-*|
|poke|p1|Kyogre|
|poke|p1|Marshadow|
|poke|p1|Ribombee, M|
|poke|p1|Vivillon-Savanna, M|
|poke|p2|Blissey, F|
|poke|p2|Sableye, M|
|poke|p2|Giratina|
|poke|p2|Lugia|
|poke|p2|Tyranitar, F|
|poke|p2|Quagsire, M|
|teampreview
|inactive|Battle timer is ON: inactive players will automatically lose when time's up. (requested by rowletroost)
|inactive|Glaliegoesboom ❤ also wants the timer to be on.
|c|☆rowletroost|fuck offffffffsldif
|inactive|rowletroost has 120 seconds left.
|
|t:|1641773352
|start
|switch|p1a: Vivillon|Vivillon-Savanna, M|100/100
|switch|p2a: Sableye|Sableye, M|100/100
|turn|1
|
|t:|1641773374
|switch|p1a: Xerneas|Xerneas, shiny|100/100
|-ability|p1a: Xerneas|Fairy Aura
|detailschange|p2a: Sableye|Sableye-Mega, M
|-mega|p2a: Sableye|Sableye|Sablenite
|move|p2a: Sableye|Foul Play|p1a: Xerneas
|-resisted|p1a: Xerneas
|-crit|p1a: Xerneas
|-damage|p1a: Xerneas|81/100
|
|upkeep
|turn|2
|
|t:|1641773379
|switch|p2a: Blissey|Blissey, F|100/100
|move|p1a: Xerneas|Geomancy||[still]
|-prepare|p1a: Xerneas|Geomancy
|-enditem|p1a: Xerneas|Power Herb
|-anim|p1a: Xerneas|Geomancy|p1a: Xerneas
|-boost|p1a: Xerneas|spa|2
|-boost|p1a: Xerneas|spd|2
|-boost|p1a: Xerneas|spe|2
|
|upkeep
|turn|3
|
|t:|1641773382
|-start|p1a: Xerneas|Dynamax
|-heal|p1a: Xerneas|81/100|[silent]
|move|p1a: Xerneas|Max Starfall|p2a: Blissey
|-damage|p2a: Blissey|47/100
|-fieldstart|move: Misty Terrain
|move|p2a: Blissey|Confide|p1a: Xerneas
|-unboost|p1a: Xerneas|spa|1
|
|upkeep
|turn|4
|
|t:|1641773385
|move|p1a: Xerneas|Max Starfall|p2a: Blissey
|-damage|p2a: Blissey|8/100
|move|p2a: Blissey|Soft-Boiled|p2a: Blissey
|-heal|p2a: Blissey|58/100
|
|upkeep
|turn|5
|
|t:|1641773387
|move|p1a: Xerneas|Max Starfall|p2a: Blissey
|-damage|p2a: Blissey|19/100
|move|p2a: Blissey|Soft-Boiled|p2a: Blissey
|-heal|p2a: Blissey|69/100
|
|-end|p1a: Xerneas|Dynamax
|-heal|p1a: Xerneas|81/100|[silent]
|upkeep
|turn|6
|
|t:|1641773397
|move|p1a: Xerneas|Moonblast|p2a: Blissey
|-damage|p2a: Blissey|37/100
|-unboost|p2a: Blissey|spa|1
|move|p2a: Blissey|Soft-Boiled|p2a: Blissey
|-heal|p2a: Blissey|87/100
|
|upkeep
|turn|7
|
|t:|1641773404
|move|p1a: Xerneas|Moonblast|p2a: Blissey
|-damage|p2a: Blissey|59/100
|move|p2a: Blissey|Confide|p1a: Xerneas
|-unboost|p1a: Xerneas|spa|1
|
|-fieldend|Misty Terrain
|upkeep
|turn|8
|
|t:|1641773408
|move|p1a: Xerneas|Moonblast|p2a: Blissey
|-damage|p2a: Blissey|37/100
|move|p2a: Blissey|Soft-Boiled|p2a: Blissey
|-heal|p2a: Blissey|87/100
|
|upkeep
|turn|9
|
|t:|1641773412
|move|p1a: Xerneas|Moonblast|p2a: Blissey
|-damage|p2a: Blissey|68/100
|-unboost|p2a: Blissey|spa|1
|move|p2a: Blissey|Confide|p1a: Xerneas
|-unboost|p1a: Xerneas|spa|1
|
|upkeep
|turn|10
|
|t:|1641773416
|move|p1a: Xerneas|Moonblast|p2a: Blissey
|-damage|p2a: Blissey|56/100
|-unboost|p2a: Blissey|spa|1
|move|p2a: Blissey|Soft-Boiled|p2a: Blissey
|-heal|p2a: Blissey|100/100
|
|upkeep
|turn|11
|
|t:|1641773430
|move|p1a: Xerneas|Moonblast|p2a: Blissey
|-damage|p2a: Blissey|86/100
|move|p2a: Blissey|Confide|p1a: Xerneas
|-unboost|p1a: Xerneas|spa|1
|
|upkeep
|turn|12
|
|t:|1641773439
|move|p1a: Xerneas|Geomancy||[still]
|-prepare|p1a: Xerneas|Geomancy
|move|p2a: Blissey|Confide|p1a: Xerneas
|-unboost|p1a: Xerneas|spa|1
|
|upkeep
|turn|13
|
|t:|1641773441
|move|p1a: Xerneas|Geomancy|p1a: Xerneas|[from]lockedmove
|-boost|p1a: Xerneas|spa|2
|-boost|p1a: Xerneas|spd|2
|-boost|p1a: Xerneas|spe|2
|move|p2a: Blissey|Confide|p1a: Xerneas
|-unboost|p1a: Xerneas|spa|1
|
|upkeep
|turn|14
|
|t:|1641773448
|switch|p1a: Marshadow|Marshadow|100/100
|move|p2a: Blissey|Confide|p1a: Marshadow
|-unboost|p1a: Marshadow|spa|1
|
|upkeep
|turn|15
|
|t:|1641773455
|switch|p1a: Vivillon|Vivillon-Savanna, M|100/100
|switch|p2a: Lugia|Lugia|100/100
|
|upkeep
|turn|16
|
|t:|1641773461
|switch|p2a: Sableye|Sableye-Mega, M|100/100
|move|p1a: Vivillon|Sleep Powder|p2a: Sableye
|move|p2a: Sableye|Sleep Powder|p1a: Vivillon|[from]ability: Magic Bounce
|-status|p1a: Vivillon|slp|[from] move: Sleep Powder
|
|upkeep
|turn|17
|
|t:|1641773465
|switch|p1a: Ribombee|Ribombee, M, shiny|100/100
|move|p2a: Sableye|Foul Play|p1a: Ribombee
|-resisted|p1a: Ribombee
|-damage|p1a: Ribombee|86/100
|
|upkeep
|turn|18
|
|t:|1641773468
|move|p2a: Sableye|Protect|p2a: Sableye
|-singleturn|p2a: Sableye|Protect
|move|p1a: Ribombee|Aromatherapy|p1a: Ribombee
|-activate|p1a: Ribombee|move: Aromatherapy
|-curestatus|p1: Vivillon|slp|[msg]
|
|upkeep
|turn|19
|
|t:|1641773471
|switch|p2a: Tyranitar|Tyranitar, F|100/100
|-weather|Sandstorm|[from] ability: Sand Stream|[of] p2a: Tyranitar
|move|p1a: Ribombee|Moonblast|p2a: Tyranitar
|-supereffective|p2a: Tyranitar
|-damage|p2a: Tyranitar|69/100
|
|-weather|Sandstorm|[upkeep]
|-damage|p1a: Ribombee|79/100|[from] Sandstorm
|-heal|p2a: Tyranitar|75/100|[from] item: Leftovers
|upkeep
|turn|20
|
|t:|1641773479
|move|p1a: Ribombee|Moonblast|p2a: Tyranitar
|-supereffective|p2a: Tyranitar
|-damage|p2a: Tyranitar|45/100
|move|p2a: Tyranitar|Rock Tomb|p1a: Ribombee
|-supereffective|p1a: Ribombee
|-damage|p1a: Ribombee|0 fnt
|faint|p1a: Ribombee
|
|-weather|Sandstorm|[upkeep]
|-heal|p2a: Tyranitar|51/100|[from] item: Leftovers
|upkeep
|
|t:|1641773481
|switch|p1a: Vivillon|Vivillon-Savanna, M|100/100
|turn|21
|
|t:|1641773497
|move|p1a: Vivillon|Substitute|p1a: Vivillon
|-start|p1a: Vivillon|Substitute
|-damage|p1a: Vivillon|76/100
|move|p2a: Tyranitar|Rock Tomb|p1a: Vivillon
|-supereffective|p1a: Vivillon
|-end|p1a: Vivillon|Substitute
|
|-weather|Sandstorm|[upkeep]
|-damage|p1a: Vivillon|70/100|[from] Sandstorm
|-heal|p1a: Vivillon|76/100|[from] item: Leftovers
|-heal|p2a: Tyranitar|58/100|[from] item: Leftovers
|upkeep
|turn|22
|
|t:|1641773500
|switch|p2a: Sableye|Sableye-Mega, M|100/100
|move|p1a: Vivillon|Substitute|p1a: Vivillon
|-start|p1a: Vivillon|Substitute
|-damage|p1a: Vivillon|51/100
|
|-weather|Sandstorm|[upkeep]
|-damage|p1a: Vivillon|45/100|[from] Sandstorm
|-damage|p2a: Sableye|95/100|[from] Sandstorm
|-heal|p1a: Vivillon|51/100|[from] item: Leftovers
|upkeep
|turn|23
|
|t:|1641773503
|move|p1a: Vivillon|Hurricane|p2a: Sableye
|-damage|p2a: Sableye|49/100
|-start|p2a: Sableye|confusion
|-activate|p2a: Sableye|confusion
|move|p2a: Sableye|Foul Play|p1a: Vivillon
|-end|p1a: Vivillon|Substitute
|
|-weather|none
|-heal|p1a: Vivillon|57/100|[from] item: Leftovers
|upkeep
|turn|24
|
|t:|1641773512
|switch|p2a: Lugia|Lugia|100/100
|move|p1a: Vivillon|Hurricane|p2a: Lugia
|-damage|p2a: Lugia|89/100
|
|-heal|p1a: Vivillon|63/100|[from] item: Leftovers
|-heal|p2a: Lugia|95/100|[from] item: Leftovers
|upkeep
|turn|25
|
|t:|1641773515
|move|p1a: Vivillon|Sleep Powder|p2a: Lugia
|-status|p2a: Lugia|slp|[from] move: Sleep Powder
|cant|p2a: Lugia|slp
|
|-heal|p1a: Vivillon|69/100|[from] item: Leftovers
|-heal|p2a: Lugia|100/100 slp|[from] item: Leftovers
|upkeep
|turn|26
|
|t:|1641773526
|move|p1a: Vivillon|Substitute|p1a: Vivillon
|-start|p1a: Vivillon|Substitute
|-damage|p1a: Vivillon|44/100
|cant|p2a: Lugia|slp
|
|-heal|p1a: Vivillon|50/100|[from] item: Leftovers
|upkeep
|turn|27
|
|t:|1641773533
|move|p1a: Vivillon|Hurricane|p2a: Lugia|[miss]
|-miss|p1a: Vivillon|p2a: Lugia
|cant|p2a: Lugia|slp
|
|-heal|p1a: Vivillon|56/100|[from] item: Leftovers
|upkeep
|turn|28
|
|t:|1641773548
|move|p1a: Vivillon|Hurricane|p2a: Lugia
|-damage|p2a: Lugia|88/100 slp
|-curestatus|p2a: Lugia|slp|[msg]
|move|p2a: Lugia|Substitute|p2a: Lugia
|-start|p2a: Lugia|Substitute
|-damage|p2a: Lugia|63/100
|
|-heal|p1a: Vivillon|62/100|[from] item: Leftovers
|-heal|p2a: Lugia|69/100|[from] item: Leftovers
|upkeep
|turn|29
|
|t:|1641773567
|move|p1a: Vivillon|Hurricane|p2a: Lugia
|-activate|p2a: Lugia|move: Substitute|[damage]
|move|p2a: Lugia|Roost|p2a: Lugia
|-heal|p2a: Lugia|100/100
|-singleturn|p2a: Lugia|move: Roost
|
|-heal|p1a: Vivillon|68/100|[from] item: Leftovers
|upkeep
|turn|30
|
|t:|1641773575
|move|p1a: Vivillon|Quiver Dance|p1a: Vivillon
|-boost|p1a: Vivillon|spa|1
|-boost|p1a: Vivillon|spd|1
|-boost|p1a: Vivillon|spe|1
|move|p2a: Lugia|Whirlwind|p1a: Vivillon
|drag|p1a: Kyogre|Kyogre, shiny|100/100
|detailschange|p1a: Kyogre|Kyogre-Primal, shiny
|-primal|p1a: Kyogre
|-weather|PrimordialSea|[from] ability: Primordial Sea|[of] p1a: Kyogre
|
|-weather|PrimordialSea|[upkeep]
|upkeep
|turn|31
|
|t:|1641773577
|move|p2a: Lugia|Toxic|p1a: Kyogre
|-status|p1a: Kyogre|tox
|move|p1a: Kyogre|Roar|p2a: Lugia
|drag|p2a: Tyranitar|Tyranitar, F|58/100
|-ability|p2a: Tyranitar|Sand Stream|[from] primordialsea|[fail]
|
|-weather|PrimordialSea|[upkeep]
|-heal|p2a: Tyranitar|64/100|[from] item: Leftovers
|-damage|p1a: Kyogre|94/100 tox|[from] psn
|upkeep
|turn|32
|
|t:|1641773580
|move|p2a: Tyranitar|Protect|p2a: Tyranitar
|-singleturn|p2a: Tyranitar|Protect
|move|p1a: Kyogre|Origin Pulse|p2a: Tyranitar
|-activate|p2a: Tyranitar|move: Protect
|
|-weather|PrimordialSea|[upkeep]
|-heal|p2a: Tyranitar|70/100|[from] item: Leftovers
|-damage|p1a: Kyogre|82/100 tox|[from] psn
|upkeep
|turn|33
|
|t:|1641773586
|switch|p2a: Blissey|Blissey, F|86/100
|move|p1a: Kyogre|Origin Pulse|p2a: Blissey
|-crit|p2a: Blissey
|-damage|p2a: Blissey|34/100
|
|-weather|PrimordialSea|[upkeep]
|-damage|p1a: Kyogre|63/100 tox|[from] psn
|upkeep
|turn|34
|
|t:|1641773602
|move|p1a: Kyogre|Origin Pulse|p2a: Blissey
|-damage|p2a: Blissey|0 fnt
|faint|p2a: Blissey
|
|-weather|PrimordialSea|[upkeep]
|-damage|p1a: Kyogre|39/100 tox|[from] psn
|upkeep
|
|t:|1641773603
|switch|p2a: Lugia|Lugia|100/100
|turn|35
|
|t:|1641773606
|move|p2a: Lugia|Roost||[still]
|-fail|p2a: Lugia|heal
|move|p1a: Kyogre|Thunder|p2a: Lugia
|-supereffective|p2a: Lugia
|-damage|p2a: Lugia|67/100
|-status|p2a: Lugia|par
|
|-weather|PrimordialSea|[upkeep]
|-heal|p2a: Lugia|74/100 par|[from] item: Leftovers
|-damage|p1a: Kyogre|8/100 tox|[from] psn
|upkeep
|turn|36
|
|t:|1641773610
|move|p1a: Kyogre|Thunder|p2a: Lugia
|-supereffective|p2a: Lugia
|-damage|p2a: Lugia|10/100 par
|move|p2a: Lugia|Roost|p2a: Lugia
|-heal|p2a: Lugia|60/100 par
|-singleturn|p2a: Lugia|move: Roost
|
|-weather|PrimordialSea|[upkeep]
|-heal|p2a: Lugia|67/100 par|[from] item: Leftovers
|-damage|p1a: Kyogre|0 fnt|[from] psn
|faint|p1a: Kyogre
|-weather|none
|upkeep
|
|t:|1641773616
|switch|p1a: Marshadow|Marshadow|100/100
|turn|37
|
|t:|1641773622
|move|p1a: Marshadow|Spectral Thief|p2a: Lugia
|-supereffective|p2a: Lugia
|-damage|p2a: Lugia|18/100 par
|move|p2a: Lugia|Roost|p2a: Lugia
|-heal|p2a: Lugia|68/100 par
|-singleturn|p2a: Lugia|move: Roost
|
|-heal|p2a: Lugia|74/100 par|[from] item: Leftovers
|upkeep
|turn|38
|
|t:|1641773626
|move|p1a: Marshadow|Spectral Thief|p2a: Lugia
|-supereffective|p2a: Lugia
|-damage|p2a: Lugia|30/100 par
|move|p2a: Lugia|Toxic|p1a: Marshadow
|-status|p1a: Marshadow|tox
|
|-heal|p2a: Lugia|36/100 par|[from] item: Leftovers
|-damage|p1a: Marshadow|94/100 tox|[from] psn
|upkeep
|turn|39
|
|t:|1641773633
|switch|p1a: Vivillon|Vivillon-Savanna, M|68/100
|move|p2a: Lugia|Roost|p2a: Lugia
|-heal|p2a: Lugia|86/100 par
|-singleturn|p2a: Lugia|move: Roost
|
|-heal|p1a: Vivillon|74/100|[from] item: Leftovers
|-heal|p2a: Lugia|92/100 par|[from] item: Leftovers
|upkeep
|turn|40
|
|t:|1641773641
|switch|p1a: Marshadow|Marshadow|94/100 tox
|move|p2a: Lugia|Substitute|p2a: Lugia
|-start|p2a: Lugia|Substitute
|-damage|p2a: Lugia|67/100 par
|
|-heal|p2a: Lugia|73/100 par|[from] item: Leftovers
|-damage|p1a: Marshadow|88/100 tox|[from] psn
|upkeep
|turn|41
|
|t:|1641773668
|move|p1a: Marshadow|Spectral Thief|p2a: Lugia
|-supereffective|p2a: Lugia
|-damage|p2a: Lugia|25/100 par
|cant|p2a: Lugia|par
|
|-heal|p2a: Lugia|31/100 par|[from] item: Leftovers
|-damage|p1a: Marshadow|76/100 tox|[from] psn
|upkeep
|turn|42
|
|t:|1641773677
|switch|p2a: Tyranitar|Tyranitar, F|70/100
|-weather|Sandstorm|[from] ability: Sand Stream|[of] p2a: Tyranitar
|move|p1a: Marshadow|Spectral Thief|p2a: Tyranitar
|-resisted|p2a: Tyranitar
|-damage|p2a: Tyranitar|52/100
|
|-weather|Sandstorm|[upkeep]
|-damage|p1a: Marshadow|69/100 tox|[from] Sandstorm
|-heal|p2a: Tyranitar|58/100|[from] item: Leftovers
|-damage|p1a: Marshadow|51/100 tox|[from] psn
|upkeep
|turn|43
|
|t:|1641773679
|move|p2a: Tyranitar|Protect|p2a: Tyranitar
|-singleturn|p2a: Tyranitar|Protect
|move|p1a: Marshadow|Close Combat|p2a: Tyranitar
|-activate|p2a: Tyranitar|move: Protect
|
|-weather|Sandstorm|[upkeep]
|-damage|p1a: Marshadow|44/100 tox|[from] Sandstorm
|-heal|p2a: Tyranitar|64/100|[from] item: Leftovers
|-damage|p1a: Marshadow|20/100 tox|[from] psn
|upkeep
|turn|44
|
|t:|1641773683
|move|p1a: Marshadow|Spectral Thief|p2a: Tyranitar
|-resisted|p2a: Tyranitar
|-damage|p2a: Tyranitar|45/100
|move|p2a: Tyranitar|Pursuit|p1a: Marshadow
|-damage|p1a: Marshadow|0 fnt
|faint|p1a: Marshadow
|
|-weather|Sandstorm|[upkeep]
|-heal|p2a: Tyranitar|51/100|[from] item: Leftovers
|upkeep
|
|t:|1641773693
|switch|p1a: Xerneas|Xerneas, shiny|81/100
|-ability|p1a: Xerneas|Fairy Aura
|turn|45
|
|t:|1641773705
|switch|p2a: Lugia|Lugia|31/100 par
|move|p1a: Xerneas|Geomancy||[still]
|-prepare|p1a: Xerneas|Geomancy
|
|-weather|Sandstorm|[upkeep]
|-damage|p1a: Xerneas|75/100|[from] Sandstorm
|-damage|p2a: Lugia|25/100 par|[from] Sandstorm
|-heal|p2a: Lugia|31/100 par|[from] item: Leftovers
|upkeep
|turn|46
|
|t:|1641773708
|move|p1a: Xerneas|Geomancy|p1a: Xerneas|[from]lockedmove
|-boost|p1a: Xerneas|spa|2
|-boost|p1a: Xerneas|spd|2
|-boost|p1a: Xerneas|spe|2
|cant|p2a: Lugia|par
|
|-weather|none
|-heal|p2a: Lugia|37/100 par|[from] item: Leftovers
|upkeep
|turn|47
|
|t:|1641773710
|move|p1a: Xerneas|Moonblast|p2a: Lugia
|-damage|p2a: Lugia|0 fnt
|faint|p2a: Lugia
|
|upkeep
|
|t:|1641773713
|switch|p2a: Quagsire|Quagsire, M|100/100
|turn|48
|
|t:|1641773715
|move|p1a: Xerneas|Moonblast|p2a: Quagsire
|-damage|p2a: Quagsire|10/100
|move|p2a: Quagsire|Haze|p2a: Quagsire
|-clearallboost
|
|upkeep
|turn|49
|
|t:|1641773719
|move|p1a: Xerneas|Moonblast|p2a: Quagsire
|-damage|p2a: Quagsire|0 fnt
|faint|p2a: Quagsire
|
|upkeep
|
|t:|1641773721
|switch|p2a: Tyranitar|Tyranitar, F|51/100
|-weather|Sandstorm|[from] ability: Sand Stream|[of] p2a: Tyranitar
|turn|50
|
|t:|1641773728
|-start|p2a: Tyranitar|Dynamax
|-heal|p2a: Tyranitar|51/100|[silent]
|move|p1a: Xerneas|Moonblast|p2a: Tyranitar
|-supereffective|p2a: Tyranitar
|-damage|p2a: Tyranitar|21/100
|-unboost|p2a: Tyranitar|spa|1
|move|p2a: Tyranitar|Max Rockfall|p1a: Xerneas
|-damage|p1a: Xerneas|37/100
|
|-weather|Sandstorm|[upkeep]
|-damage|p1a: Xerneas|31/100|[from] Sandstorm
|-heal|p2a: Tyranitar|24/100|[from] item: Leftovers
|upkeep
|turn|51
|
|t:|1641773730
|move|p1a: Xerneas|Moonblast|p2a: Tyranitar
|-supereffective|p2a: Tyranitar
|-damage|p2a: Tyranitar|0 fnt
|faint|p2a: Tyranitar
|
|-weather|Sandstorm|[upkeep]
|-damage|p1a: Xerneas|25/100|[from] Sandstorm
|upkeep
|-message|Glaliegoesboom ❤ forfeited.
|
|win|rowletroost
|raw|rowletroost's rating: 1558 &rarr; <strong>1587</strong><br />(+29 for winning)
|raw|Glaliegoesboom ❤'s rating: 1725 &rarr; <strong>1696</strong><br />(-29 for losing)
|l|☆Glaliegoesboom ❤
||Ladder isn't responding, score probably updated but might not have (Request timeout).
