|j|☆Blackstar152001
|j|☆utvsutvs
|t:|1665251204
|gametype|singles
|player|p1|Blackstar152001|blue-gen3two|1964
|player|p2|utvsutvs|169|1890
|teamsize|p1|6
|teamsize|p2|6
|gen|8
|tier|[Gen 8] National Dex AG
|rated|
|rule|HP Percentage Mod: HP is shown in percentages
|rule|Endless Battle Clause: Forcing endless battles is banned
|clearpoke
|poke|p1|Zygarde|
|poke|p1|Ditto|
|poke|p1|Zygarde|
|poke|p1|Arceus-*|
|poke|p1|Arceus-*|
|poke|p1|Groudon|
|poke|p2|Arceus-*|
|poke|p2|Necrozma-Dusk-Mane|
|poke|p2|Arceus-*|
|poke|p2|Lunala|
|poke|p2|Groudon|
|poke|p2|Tyranitar, M|
|teampreview
|inactive|Battle timer is ON: inactive players will automatically lose when time's up. (requested by Blackstar152001)
|
|t:|1665251227
|start
|switch|p1a: Groudon|Groudon|100/100
|switch|p2a: Necrozma|Necrozma-Dusk-Mane|100/100
|detailschange|p1a: Groudon|Groudon-Primal
|-primal|p1a: Groudon
|-weather|DesolateLand|[from] ability: Desolate Land|[of] p1a: Groudon
|turn|1
|
|t:|1665251248
|detailschange|p2a: Necrozma|Necrozma-Ultra
|-burst|p2a: Necrozma|Necrozma|Ultranecrozium Z
|move|p2a: Necrozma|Photon Geyser|p1a: Groudon
|-damage|p1a: Groudon|42/100
|move|p1a: Groudon|Precipice Blades|p2a: Necrozma
|-damage|p2a: Necrozma|30/100
|
|-weather|DesolateLand|[upkeep]
|upkeep
|turn|2
|inactive|Blackstar152001 has 120 seconds left.
|
|t:|1665251279
|-weather|none
|switch|p1a: Ditto|Ditto|100/100
|-transform|p1a: Ditto|p2a: Necrozma|[from] ability: Imposter
|move|p2a: Necrozma|Photon Geyser|p1a: Ditto
|-resisted|p1a: Ditto
|-damage|p1a: Ditto|67/100
|
|upkeep
|turn|3
|
|t:|1665251292
|switch|p1a: Groudon|Groudon-Primal|42/100
|-weather|DesolateLand|[from] ability: Desolate Land|[of] p1a: Groudon
|switch|p2a: Tyranitar|Tyranitar, M|100/100
|-ability|p2a: Tyranitar|Sand Stream|[from] desolateland|[fail]
|
|-weather|DesolateLand|[upkeep]
|upkeep
|turn|4
|inactive|utvsutvs has 120 seconds left.
|
|t:|1665251329
|switch|p2a: Arceus|Arceus-Grass|100/100
|move|p1a: Groudon|Stealth Rock|p2a: Arceus
|-sidestart|p2: utvsutvs|move: Stealth Rock
|
|-weather|DesolateLand|[upkeep]
|upkeep
|turn|5
|inactive|Blackstar152001 has 120 seconds left.
|inactive|utvsutvs has 120 seconds left.
|
|t:|1665251340
|move|p2a: Arceus|Earthquake|p1a: Groudon
|-supereffective|p1a: Groudon
|-damage|p1a: Groudon|10/100
|move|p1a: Groudon|Fire Punch|p2a: Arceus
|-supereffective|p2a: Arceus
|-damage|p2a: Arceus|2/100
|
|-weather|DesolateLand|[upkeep]
|upkeep
|turn|6
|inactive|Blackstar152001 has 120 seconds left.
|
|t:|1665251346
|move|p2a: Arceus|Bullet Seed|p1a: Groudon
|-damage|p1a: Groudon|3/100
|-damage|p1a: Groudon|0 fnt
|faint|p1a: Groudon
|-weather|none
|-hitcount|p1: Groudon|2
|
|upkeep
|inactive|Blackstar152001 has 120 seconds left.
|
|t:|1665251352
|switch|p1a: Arceus|Arceus|100/100
|turn|7
|
|t:|1665251365
|switch|p2a: Tyranitar|Tyranitar, M|100/100
|-damage|p2a: Tyranitar|88/100|[from] Stealth Rock
|-weather|Sandstorm|[from] ability: Sand Stream|[of] p2a: Tyranitar
|move|p1a: Arceus|Extreme Speed|p2a: Tyranitar
|-resisted|p2a: Tyranitar
|-damage|p2a: Tyranitar|71/100
|
|-weather|Sandstorm|[upkeep]
|-damage|p1a: Arceus|94/100|[from] Sandstorm
|upkeep
|turn|8
|
|t:|1665251379
|switch|p1a: Zygarde|Zygarde, shiny|100/100
|detailschange|p2a: Tyranitar|Tyranitar-Mega, M
|-mega|p2a: Tyranitar|Tyranitar|Tyranitarite
|move|p2a: Tyranitar|Stealth Rock|p1a: Zygarde
|-sidestart|p1: Blackstar152001|move: Stealth Rock
|
|-weather|Sandstorm|[upkeep]
|upkeep
|turn|9
|
|t:|1665251386
|switch|p2a: Arceus|Arceus-Grass|2/100
|-damage|p2a: Arceus|0 fnt|[from] Stealth Rock
|faint|p2a: Arceus
|move|p1a: Zygarde|Glare|p2: Arceus|[notarget]
|-fail|p1a: Zygarde
|
|-weather|Sandstorm|[upkeep]
|upkeep
|
|t:|1665251406
|switch|p2a: Necrozma|Necrozma-Ultra|30/100
|-damage|p2a: Necrozma|18/100|[from] Stealth Rock
|turn|10
|
|t:|1665251411
|switch|p1a: Arceus|Arceus-Fairy|100/100
|-damage|p1a: Arceus|88/100|[from] Stealth Rock
|-zpower|p2a: Necrozma
|move|p2a: Necrozma|Light That Burns the Sky|p1a: Arceus|[zeffect]
|-damage|p1a: Arceus|30/100
|
|-weather|Sandstorm|[upkeep]
|-damage|p2a: Necrozma|12/100|[from] Sandstorm
|-damage|p1a: Arceus|24/100|[from] Sandstorm
|upkeep
|turn|11
|
|t:|1665251423
|move|p2a: Necrozma|Photon Geyser|p1a: Arceus
|-damage|p1a: Arceus|0 fnt
|faint|p1a: Arceus
|
|-weather|none
|upkeep
|
|t:|1665251434
|switch|p1a: Ditto|Ditto|67/100
|-damage|p1a: Ditto|54/100|[from] Stealth Rock
|-transform|p1a: Ditto|p2a: Necrozma|[from] ability: Imposter
|turn|12
|
|t:|1665251455
|move|p1a: Ditto|Dragon Pulse|p2a: Necrozma
|-supereffective|p2a: Necrozma
|-damage|p2a: Necrozma|0 fnt
|faint|p2a: Necrozma
|
|upkeep
|
|t:|1665251459
|switch|p2a: Tyranitar|Tyranitar-Mega, M|71/100
|-damage|p2a: Tyranitar|59/100|[from] Stealth Rock
|-weather|Sandstorm|[from] ability: Sand Stream|[of] p2a: Tyranitar
|turn|13
|
|t:|1665251463
|move|p1a: Ditto|Dragon Pulse|p2a: Tyranitar
|-damage|p2a: Tyranitar|38/100
|move|p2a: Tyranitar|Pursuit|p1a: Ditto
|-supereffective|p1a: Ditto
|-damage|p1a: Ditto|4/100
|
|-weather|Sandstorm|[upkeep]
|-damage|p1a: Ditto|0 fnt|[from] Sandstorm
|faint|p1a: Ditto
|upkeep
|
|t:|1665251467
|switch|p1a: Zygarde|Zygarde, shiny|100/100
|-damage|p1a: Zygarde|94/100|[from] Stealth Rock
|turn|14
|
|t:|1665251475
|move|p1a: Zygarde|Glare|p2a: Tyranitar
|-status|p2a: Tyranitar|par
|cant|p2a: Tyranitar|par
|
|-weather|Sandstorm|[upkeep]
|-heal|p1a: Zygarde|100/100|[from] item: Leftovers
|upkeep
|turn|15
|
|t:|1665251489
|switch|p2a: Groudon|Groudon|100/100
|-damage|p2a: Groudon|94/100|[from] Stealth Rock
|detailschange|p2a: Groudon|Groudon-Primal
|-primal|p2a: Groudon
|-weather|DesolateLand|[from] ability: Desolate Land|[of] p2a: Groudon
|move|p1a: Zygarde|Thousand Arrows|p2a: Groudon
|-supereffective|p2a: Groudon
|-damage|p2a: Groudon|66/100
|
|-weather|DesolateLand|[upkeep]
|upkeep
|turn|16
|
|t:|1665251494
|move|p1a: Zygarde|Glare|p2a: Groudon
|-status|p2a: Groudon|par
|cant|p2a: Groudon|par
|
|-weather|DesolateLand|[upkeep]
|upkeep
|turn|17
|
|t:|1665251497
|move|p1a: Zygarde|Thousand Arrows|p2a: Groudon
|-supereffective|p2a: Groudon
|-damage|p2a: Groudon|39/100 par
|move|p2a: Groudon|Dragon Tail|p1a: Zygarde
|-supereffective|p1a: Zygarde
|-damage|p1a: Zygarde|78/100
|drag|p1a: Arceus|Arceus|94/100
|-damage|p1a: Arceus|82/100|[from] Stealth Rock
|
|-weather|DesolateLand|[upkeep]
|upkeep
|turn|18
|
|t:|1665251507
|move|p1a: Arceus|Swords Dance|p1a: Arceus
|-boost|p1a: Arceus|atk|2
|move|p2a: Groudon|Dragon Tail|p1a: Arceus
|-damage|p1a: Arceus|66/100
|drag|p1a: Zygarde|Zygarde, shiny|100/100
|-damage|p1a: Zygarde|94/100|[from] Stealth Rock
|
|-weather|DesolateLand|[upkeep]
|upkeep
|turn|19
|
|t:|1665251510
|move|p1a: Zygarde|Thousand Arrows|p2a: Groudon
|-supereffective|p2a: Groudon
|-damage|p2a: Groudon|4/100 par
|move|p2a: Groudon|Dragon Tail|p1a: Zygarde|[miss]
|-miss|p2a: Groudon|p1a: Zygarde
|
|-weather|DesolateLand|[upkeep]
|upkeep
|turn|20
|
|t:|1665251524
|move|p1a: Zygarde|Dragon Dance|p1a: Zygarde
|-boost|p1a: Zygarde|atk|1
|-boost|p1a: Zygarde|spe|1
|move|p2a: Groudon|Dragon Tail|p1a: Zygarde
|-supereffective|p1a: Zygarde
|-damage|p1a: Zygarde|57/100
|drag|p1a: Zygarde|Zygarde, shiny|78/100
|-damage|p1a: Zygarde|71/100|[from] Stealth Rock
|
|-weather|DesolateLand|[upkeep]
|-heal|p1a: Zygarde|78/100|[from] item: Leftovers
|upkeep
|turn|21
|
|t:|1665251534
|move|p1a: Zygarde|Thousand Arrows|p2a: Groudon
|-supereffective|p2a: Groudon
|-damage|p2a: Groudon|0 fnt
|faint|p2a: Groudon
|-weather|none
|
|-heal|p1a: Zygarde|84/100|[from] item: Leftovers
|upkeep
|
|t:|1665251546
|switch|p2a: Arceus|Arceus-Fire|100/100
|-damage|p2a: Arceus|76/100|[from] Stealth Rock
|turn|22
|
|t:|1665251564
|move|p2a: Arceus|Ice Beam|p1a: Zygarde
|-supereffective|p1a: Zygarde
|-damage|p1a: Zygarde|0 fnt
|faint|p1a: Zygarde
|
|upkeep
|
|t:|1665251575
|switch|p1a: Zygarde|Zygarde, shiny|57/100
|-damage|p1a: Zygarde|51/100|[from] Stealth Rock
|turn|23
|
|t:|1665251579
|-start|p2a: Arceus|Dynamax|
|-heal|p2a: Arceus|76/100|[silent]
|-start|p1a: Zygarde|Dynamax|
|-heal|p1a: Zygarde|51/100|[silent]
|move|p2a: Arceus|Max Hailstorm|p1a: Zygarde
|-supereffective|p1a: Zygarde
|-damage|p1a: Zygarde|0 fnt
|-weather|Hail
|faint|p1a: Zygarde
|
|-weather|Hail|[upkeep]
|-damage|p2a: Arceus|73/100|[from] Hail
|upkeep
|
|t:|1665251588
|switch|p1a: Arceus|Arceus|66/100
|-damage|p1a: Arceus|54/100|[from] Stealth Rock
|turn|24
|
|t:|1665251591
|move|p2a: Arceus|Max Flare|p1a: Arceus
|-damage|p1a: Arceus|0 fnt
|-weather|SunnyDay
|faint|p1a: Arceus
|
|win|utvsutvs
|raw|Blackstar152001's rating: 1964 &rarr; <strong>1940</strong><br />(-24 for losing)
|raw|utvsutvs's rating: 1890 &rarr; <strong>1914</strong><br />(+24 for winning)
|l|☆Blackstar152001
||Ladder isn't responding, score probably updated but might not have (Request timeout).
