|j|☆yokobaby520
|j|☆DarkboiJ
|t:|1668147945
|gametype|singles
|player|p1|yokobaby520|lady|1753
|player|p2|DarkboiJ|blue-gen3two|2026
|teamsize|p1|6
|teamsize|p2|6
|gen|8
|tier|[Gen 8] National Dex AG
|rated|
|rule|HP Percentage Mod: HP is shown in percentages
|rule|Endless Battle Clause: Forcing endless battles is banned
|clearpoke
|poke|p1|Ho-Oh|
|poke|p1|Groudon|
|poke|p1|Ferrothorn, F|
|poke|p1|Necrozma-Dusk-Mane|
|poke|p1|Zygarde|
|poke|p1|Arceus-*|
|poke|p2|Darkrai|
|poke|p2|Arceus-*|
|poke|p2|Kyogre|
|poke|p2|Ditto|
|poke|p2|Zapdos|
|poke|p2|Arceus-*|
|teampreview
|inactive|Battle timer is ON: inactive players will automatically lose when time's up. (requested by DarkboiJ)
|inactive|yokobaby520 also wants the timer to be on.
|
|t:|1668147960
|start
|switch|p1a: Necrozma|Necrozma-Dusk-Mane|100/100
|switch|p2a: Arceus|Arceus-Fairy|100/100
|turn|1
|
|t:|1668147965
|move|p2a: Arceus|Stealth Rock|p1a: Necrozma
|-sidestart|p1: yokobaby520|move: Stealth Rock
|move|p1a: Necrozma|Sunsteel Strike|p2a: Arceus
|-supereffective|p2a: Arceus
|-damage|p2a: Arceus|34/100
|
|upkeep
|turn|2
|
|t:|1668147977
|switch|p2a: Kyogre|Kyogre|100/100
|detailschange|p2a: Kyogre|Kyogre-Primal
|-primal|p2a: Kyogre
|-weather|PrimordialSea|[from] ability: Primordial Sea|[of] p2a: Kyogre
|move|p1a: Necrozma|Stealth Rock|p2a: Kyogre
|-sidestart|p2: DarkboiJ|move: Stealth Rock
|
|-weather|PrimordialSea|[upkeep]
|upkeep
|turn|3
|
|t:|1668147980
|switch|p1a: Ferrothorn|Ferrothorn, F|100/100
|-damage|p1a: Ferrothorn|94/100|[from] Stealth Rock
|move|p2a: Kyogre|Water Spout|p1a: Ferrothorn
|-resisted|p1a: Ferrothorn
|-damage|p1a: Ferrothorn|43/100
|
|-weather|PrimordialSea|[upkeep]
|-heal|p1a: Ferrothorn|49/100|[from] item: Leftovers
|upkeep
|turn|4
|
|t:|1668147990
|switch|p1a: Groudon|Groudon|100/100
|-damage|p1a: Groudon|94/100|[from] Stealth Rock
|detailschange|p1a: Groudon|Groudon-Primal
|-primal|p1a: Groudon
|-weather|DesolateLand|[from] ability: Desolate Land|[of] p1a: Groudon
|move|p2a: Kyogre|Water Spout||[still]
|-fail|p2a: Kyogre|Water Spout|[from] Desolate Land
|
|-weather|DesolateLand|[upkeep]
|upkeep
|turn|5
|
|t:|1668147998
|switch|p2a: Arceus|Arceus-Fairy|34/100
|-damage|p2a: Arceus|21/100|[from] Stealth Rock
|move|p1a: Groudon|Stone Edge|p2a: Arceus
|-damage|p2a: Arceus|0 fnt
|faint|p2a: Arceus
|
|-weather|DesolateLand|[upkeep]
|upkeep
|
|t:|1668148001
|switch|p2a: Kyogre|Kyogre-Primal|100/100
|-damage|p2a: Kyogre|88/100|[from] Stealth Rock
|-weather|PrimordialSea|[from] ability: Primordial Sea|[of] p2a: Kyogre
|turn|6
|
|t:|1668148018
|switch|p1a: Ferrothorn|Ferrothorn, F|49/100
|-damage|p1a: Ferrothorn|43/100|[from] Stealth Rock
|move|p2a: Kyogre|Water Spout|p1a: Ferrothorn
|-resisted|p1a: Ferrothorn
|-damage|p1a: Ferrothorn|1/100
|
|-weather|PrimordialSea|[upkeep]
|-heal|p1a: Ferrothorn|7/100|[from] item: Leftovers
|upkeep
|turn|7
|
|t:|1668148024
|move|p2a: Kyogre|Ice Beam|p1a: Ferrothorn
|-damage|p1a: Ferrothorn|0 fnt
|faint|p1a: Ferrothorn
|
|-weather|PrimordialSea|[upkeep]
|upkeep
|
|t:|1668148026
|switch|p1a: Groudon|Groudon-Primal|94/100
|-damage|p1a: Groudon|82/100|[from] Stealth Rock
|-weather|DesolateLand|[from] ability: Desolate Land|[of] p1a: Groudon
|turn|8
|
|t:|1668148030
|switch|p2a: Zapdos|Zapdos|100/100
|move|p1a: Groudon|Precipice Blades|p2a: Zapdos
|-immune|p2a: Zapdos
|
|-weather|DesolateLand|[upkeep]
|upkeep
|turn|9
|
|t:|1668148034
|move|p1a: Groudon|Swords Dance|p1a: Groudon
|-boost|p1a: Groudon|atk|2
|move|p2a: Zapdos|Toxic|p1a: Groudon
|-status|p1a: Groudon|tox
|
|-weather|DesolateLand|[upkeep]
|-damage|p1a: Groudon|76/100 tox|[from] psn
|upkeep
|turn|10
|
|t:|1668148037
|move|p1a: Groudon|Stone Edge|p2a: Zapdos
|-supereffective|p2a: Zapdos
|-damage|p2a: Zapdos|0 fnt
|faint|p2a: Zapdos
|
|-weather|DesolateLand|[upkeep]
|-damage|p1a: Groudon|64/100 tox|[from] psn
|upkeep
|
|t:|1668148043
|switch|p2a: Kyogre|Kyogre-Primal|88/100
|-damage|p2a: Kyogre|76/100|[from] Stealth Rock
|-weather|PrimordialSea|[from] ability: Primordial Sea|[of] p2a: Kyogre
|turn|11
|
|t:|1668148048
|move|p2a: Kyogre|Water Spout|p1a: Groudon
|-supereffective|p1a: Groudon
|-damage|p1a: Groudon|0 fnt
|faint|p1a: Groudon
|
|-weather|PrimordialSea|[upkeep]
|upkeep
|
|t:|1668148053
|switch|p1a: Arceus|Arceus-Dark|100/100
|-damage|p1a: Arceus|88/100|[from] Stealth Rock
|turn|12
|
|t:|1668148059
|move|p2a: Kyogre|Water Spout|p1a: Arceus
|-damage|p1a: Arceus|32/100
|move|p1a: Arceus|Judgment|p2a: Kyogre
|-damage|p2a: Kyogre|43/100
|
|-weather|PrimordialSea|[upkeep]
|upkeep
|turn|13
|
|t:|1668148066
|move|p2a: Kyogre|Liquidation|p1a: Arceus
|-damage|p1a: Arceus|0 fnt
|faint|p1a: Arceus
|
|-weather|PrimordialSea|[upkeep]
|upkeep
|
|t:|1668148074
|switch|p1a: Zygarde|Zygarde|100/100
|-damage|p1a: Zygarde|94/100|[from] Stealth Rock
|turn|14
|
|t:|1668148077
|switch|p1a: Necrozma|Necrozma-Dusk-Mane|100/100
|-damage|p1a: Necrozma|94/100|[from] Stealth Rock
|move|p2a: Kyogre|Ice Beam|p1a: Necrozma
|-resisted|p1a: Necrozma
|-damage|p1a: Necrozma|78/100
|
|-weather|PrimordialSea|[upkeep]
|upkeep
|turn|15
|
|t:|1668148084
|move|p2a: Kyogre|Water Spout|p1a: Necrozma
|-damage|p1a: Necrozma|29/100
|move|p1a: Necrozma|Thunder Wave|p2a: Kyogre|[miss]
|-miss|p1a: Necrozma|p2a: Kyogre
|
|-weather|PrimordialSea|[upkeep]
|upkeep
|turn|16
|
|t:|1668148090
|-start|p1a: Necrozma|Dynamax|
|-heal|p1a: Necrozma|29/100|[silent]
|move|p2a: Kyogre|Water Spout|p1a: Necrozma
|-damage|p1a: Necrozma|5/100
|move|p1a: Necrozma|Max Steelspike|p2a: Kyogre
|-resisted|p2a: Kyogre
|-damage|p2a: Kyogre|5/100
|-boost|p1a: Necrozma|def|1
|
|-weather|PrimordialSea|[upkeep]
|upkeep
|turn|17
|
|t:|1668148094
|move|p2a: Kyogre|Thunder|p1a: Necrozma
|-damage|p1a: Necrozma|0 fnt
|faint|p1a: Necrozma
|
|-weather|PrimordialSea|[upkeep]
|upkeep
|
|t:|1668148100
|switch|p1a: Ho-Oh|Ho-Oh|100/100
|turn|18
|
|t:|1668148109
|move|p2a: Kyogre|Liquidation|p1a: Ho-Oh
|-supereffective|p1a: Ho-Oh
|-damage|p1a: Ho-Oh|18/100
|move|p1a: Ho-Oh|Toxic|p2a: Kyogre
|-status|p2a: Kyogre|tox
|
|-weather|PrimordialSea|[upkeep]
|-damage|p2a: Kyogre|0 fnt|[from] psn
|faint|p2a: Kyogre
|-weather|none
|upkeep
|
|t:|1668148113
|switch|p2a: Darkrai|Darkrai|100/100
|-damage|p2a: Darkrai|88/100|[from] Stealth Rock
|turn|19
|
|t:|1668148118
|move|p2a: Darkrai|Dark Pulse|p1a: Ho-Oh
|-damage|p1a: Ho-Oh|0 fnt
|faint|p1a: Ho-Oh
|
|-heal|p2a: Darkrai|94/100|[from] item: Leftovers
|upkeep
|
|t:|1668148120
|switch|p1a: Zygarde|Zygarde|94/100
|-damage|p1a: Zygarde|88/100|[from] Stealth Rock
|turn|20
|
|t:|1668148125
|move|p2a: Darkrai|Substitute|p2a: Darkrai
|-start|p2a: Darkrai|Substitute
|-damage|p2a: Darkrai|69/100
|move|p1a: Zygarde|Glare||[still]
|-fail|p1a: Zygarde
|
|-heal|p2a: Darkrai|75/100|[from] item: Leftovers
|-heal|p1a: Zygarde|94/100|[from] item: Leftovers
|upkeep
|turn|21
|
|t:|1668148128
|move|p2a: Darkrai|Nasty Plot|p2a: Darkrai
|-boost|p2a: Darkrai|spa|2
|move|p1a: Zygarde|Thousand Arrows|p2a: Darkrai
|-end|p2a: Darkrai|Substitute
|
|-heal|p2a: Darkrai|81/100|[from] item: Leftovers
|-heal|p1a: Zygarde|100/100|[from] item: Leftovers
|upkeep
|turn|22
|
|t:|1668148131
|-start|p2a: Darkrai|Dynamax|
|-heal|p2a: Darkrai|81/100|[silent]
|move|p2a: Darkrai|Max Darkness|p1a: Zygarde
|-damage|p1a: Zygarde|0 fnt
|faint|p1a: Zygarde
|
|win|DarkboiJ
|raw|yokobaby520's rating: 1753 &rarr; <strong>1746</strong><br />(-7 for losing)
|raw|DarkboiJ's rating: 2026 &rarr; <strong>2033</strong><br />(+7 for winning)
|l|☆yokobaby520
