|j|☆SaintLaplace
|j|☆CLEAR GEM清瑜
|t:|1663234948
|gametype|singles
|player|p1|SaintLaplace|hilda-wonderlauncher|1705
|player|p2|CLEAR GEM清瑜|skierf|1754
|teamsize|p1|6
|teamsize|p2|6
|gen|8
|tier|[Gen 8] National Dex AG
|rated|
|rule|HP Percentage Mod: HP is shown in percentages
|rule|Endless Battle Clause: Forcing endless battles is banned
|clearpoke
|poke|p1|Necrozma-Dusk-Mane|
|poke|p1|Zygarde|
|poke|p1|Rayquaza|
|poke|p1|Necrozma-Dawn-Wings|
|poke|p1|Marshadow|
|poke|p1|Groudon|
|poke|p2|Rayquaza|
|poke|p2|Groudon|
|poke|p2|Necrozma-Dusk-Mane|
|poke|p2|Arceus-*|
|poke|p2|Zacian-*|
|poke|p2|Yveltal|
|teampreview
|inactive|Battle timer is ON: inactive players will automatically lose when time's up. (requested by SaintLaplace)
|
|t:|1663234961
|start
|switch|p1a: Groudon|Groudon|100/100
|switch|p2a: Y鸟|Yveltal|100/100
|-ability|p2a: Y鸟|Dark Aura
|-weather|SunnyDay|[from] ability: Drought|[of] p1a: Groudon
|turn|1
|
|t:|1663234975
|move|p2a: Y鸟|Dark Pulse|p1a: Groudon
|-crit|p1a: Groudon
|-damage|p1a: Groudon|0 fnt
|faint|p1a: Groudon
|-damage|p2a: Y鸟|91/100|[from] item: Life Orb
|
|-weather|SunnyDay|[upkeep]
|upkeep
|
|t:|1663234983
|switch|p1a: Rayquaza|Rayquaza|100/100
|-ability|p1a: Rayquaza|Air Lock
|turn|2
|c|☆CLEAR GEM清瑜|let s goooooooo
|
|t:|1663234988
|detailschange|p1a: Rayquaza|Rayquaza-Mega
|-mega|p1a: Rayquaza|Rayquaza|
|-weather|DeltaStream|[from] ability: Delta Stream|[of] p1a: Rayquaza
|move|p1a: Rayquaza|Dragon Ascent|p2a: Y鸟
|-damage|p2a: Y鸟|5/100
|-unboost|p1a: Rayquaza|def|1
|-unboost|p1a: Rayquaza|spd|1
|move|p2a: Y鸟|Dark Pulse|p1a: Rayquaza
|-crit|p1a: Rayquaza
|-enditem|p1a: Rayquaza|Focus Sash
|-damage|p1a: Rayquaza|1/100
|-damage|p2a: Y鸟|0 fnt|[from] item: Life Orb
|faint|p2a: Y鸟
|
|-weather|DeltaStream|[upkeep]
|upkeep
|
|t:|1663234993
|switch|p2a: 嘉然小姐的狗|Zacian-Crowned|100/100
|-ability|p2a: 嘉然小姐的狗|Intrepid Sword|boost
|-boost|p2a: 嘉然小姐的狗|atk|1
|turn|3
|
|t:|1663234997
|move|p2a: 嘉然小姐的狗|Behemoth Blade|p1a: Rayquaza
|-damage|p1a: Rayquaza|0 fnt
|faint|p1a: Rayquaza
|-weather|none
|
|upkeep
|
|t:|1663234999
|switch|p1a: Marshadow|Marshadow|100/100
|turn|4
|
|t:|1663235002
|switch|p2a: 不会(?)|Groudon|100/100
|detailschange|p2a: 不会(?)|Groudon-Primal
|-primal|p2a: 不会(?)
|-weather|DesolateLand|[from] ability: Desolate Land|[of] p2a: 不会(?)
|move|p1a: Marshadow|Rock Tomb|p2a: 不会(?)
|-damage|p2a: 不会(?)|83/100
|-unboost|p2a: 不会(?)|spe|1
|
|-weather|DesolateLand|[upkeep]
|upkeep
|turn|5
|
|t:|1663235006
|move|p1a: Marshadow|Close Combat|p2a: 不会(?)
|-damage|p2a: 不会(?)|46/100
|-unboost|p1a: Marshadow|def|1
|-unboost|p1a: Marshadow|spd|1
|move|p2a: 不会(?)|Stealth Rock|p1a: Marshadow
|-sidestart|p1: SaintLaplace|move: Stealth Rock
|
|-weather|DesolateLand|[upkeep]
|upkeep
|turn|6
|
|t:|1663235010
|move|p1a: Marshadow|Close Combat|p2a: 不会(?)
|-damage|p2a: 不会(?)|14/100
|-unboost|p1a: Marshadow|def|1
|-unboost|p1a: Marshadow|spd|1
|move|p2a: 不会(?)|Heat Crash|p1a: Marshadow
|-enditem|p1a: Marshadow|Focus Sash
|-damage|p1a: Marshadow|1/100
|
|-weather|DesolateLand|[upkeep]
|upkeep
|turn|7
|
|t:|1663235012
|move|p1a: Marshadow|Close Combat|p2a: 不会(?)
|-damage|p2a: 不会(?)|0 fnt
|-unboost|p1a: Marshadow|def|1
|-unboost|p1a: Marshadow|spd|1
|faint|p2a: 不会(?)
|-weather|none
|
|upkeep
|
|t:|1663235015
|switch|p2a: 老烈|Rayquaza, shiny|100/100
|-ability|p2a: 老烈|Air Lock
|turn|8
|
|t:|1663235018
|detailschange|p2a: 老烈|Rayquaza-Mega, shiny
|-mega|p2a: 老烈|Rayquaza|
|-weather|DeltaStream|[from] ability: Delta Stream|[of] p2a: 老烈
|move|p1a: Marshadow|Shadow Sneak|p2a: 老烈
|-damage|p2a: 老烈|75/100
|move|p2a: 老烈|Dragon Dance|p2a: 老烈
|-boost|p2a: 老烈|atk|1
|-boost|p2a: 老烈|spe|1
|
|-weather|DeltaStream|[upkeep]
|upkeep
|turn|9
|
|t:|1663235022
|move|p1a: Marshadow|Shadow Sneak|p2a: 老烈
|-damage|p2a: 老烈|46/100
|move|p2a: 老烈|Earthquake|p1a: Marshadow
|-damage|p1a: Marshadow|0 fnt
|faint|p1a: Marshadow
|
|-weather|DeltaStream|[upkeep]
|upkeep
|
|t:|1663235031
|switch|p1a: Zygarde|Zygarde, shiny|100/100
|-damage|p1a: Zygarde|94/100|[from] Stealth Rock
|turn|10
|
|t:|1663235034
|-start|p1a: Zygarde|Dynamax|
|-heal|p1a: Zygarde|94/100|[silent]
|move|p2a: 老烈|Dragon Ascent|p1a: Zygarde
|-damage|p1a: Zygarde|43/100
|-unboost|p2a: 老烈|def|1
|-unboost|p2a: 老烈|spd|1
|move|p1a: Zygarde|Max Rockfall|p2a: 老烈
|-activate||deltastream
|-damage|p2a: 老烈|0 fnt
|-weather|Sandstorm
|faint|p2a: 老烈
|
|-weather|Sandstorm|[upkeep]
|-activate|p1a: Zygarde|ability: Power Construct
|detailschange|p1a: Zygarde|Zygarde-Complete, shiny
|-heal|p1a: Zygarde|64/100|[silent]
|upkeep
|
|t:|1663235039
|switch|p2a: 嘉然小姐的狗|Zacian-Crowned|100/100
|-ability|p2a: 嘉然小姐的狗|Intrepid Sword|boost
|-boost|p2a: 嘉然小姐的狗|atk|1
|turn|11
|
|t:|1663235047
|move|p2a: 嘉然小姐的狗|Behemoth Blade|p1a: Zygarde
|-damage|p1a: Zygarde|18/100
|move|p1a: Zygarde|Max Quake|p2a: 嘉然小姐的狗
|-supereffective|p2a: 嘉然小姐的狗
|-damage|p2a: 嘉然小姐的狗|20/100
|-boost|p1a: Zygarde|spd|1
|
|-weather|Sandstorm|[upkeep]
|upkeep
|turn|12
|
|t:|1663235052
|move|p2a: 嘉然小姐的狗|Behemoth Blade|p1a: Zygarde
|-damage|p1a: Zygarde|0 fnt
|faint|p1a: Zygarde
|
|-weather|Sandstorm|[upkeep]
|upkeep
|
|t:|1663235054
|switch|p1a: Necrozma|Necrozma-Dusk-Mane, shiny|100/100
|-damage|p1a: Necrozma|95/100|[from] Stealth Rock
|turn|13
|
|t:|1663235057
|move|p2a: 嘉然小姐的狗|Close Combat|p1a: Necrozma
|-damage|p1a: Necrozma|33/100
|-unboost|p2a: 嘉然小姐的狗|def|1
|-unboost|p2a: 嘉然小姐的狗|spd|1
|move|p1a: Necrozma|Autotomize|p1a: Necrozma
|-boost|p1a: Necrozma|spe|2
|-start|p1a: Necrozma|Autotomize
|
|-weather|Sandstorm|[upkeep]
|upkeep
|turn|14
|
|t:|1663235061
|move|p1a: Necrozma|Earthquake|p2a: 嘉然小姐的狗
|-supereffective|p2a: 嘉然小姐的狗
|-damage|p2a: 嘉然小姐的狗|0 fnt
|faint|p2a: 嘉然小姐的狗
|
|-weather|none
|upkeep
|
|t:|1663235064
|switch|p2a: 悬空羊驼|Arceus-Flying|100/100
|turn|15
|
|t:|1663235067
|-start|p2a: 悬空羊驼|Dynamax|
|-heal|p2a: 悬空羊驼|100/100|[silent]
|move|p1a: Necrozma|Photon Geyser|p2a: 悬空羊驼
|-damage|p2a: 悬空羊驼|78/100
|move|p2a: 悬空羊驼|Max Airstream|p1a: Necrozma
|-resisted|p1a: Necrozma
|-damage|p1a: Necrozma|0 fnt
|-boost|p2a: 悬空羊驼|spe|1
|faint|p1a: Necrozma
|
|upkeep
|
|t:|1663235076
|switch|p1a: Necrozma|Necrozma-Dawn-Wings, shiny|100/100
|-damage|p1a: Necrozma|88/100|[from] Stealth Rock
|turn|16
|
|t:|1663235080
|detailschange|p1a: Necrozma|Necrozma-Ultra, shiny
|-burst|p1a: Necrozma|Necrozma|Ultranecrozium Z
|move|p2a: 悬空羊驼|Max Airstream|p1a: Necrozma
|-damage|p1a: Necrozma|18/100
|-boost|p2a: 悬空羊驼|spe|1
|move|p1a: Necrozma|Rock Blast|p2a: 悬空羊驼
|-supereffective|p2a: 悬空羊驼
|-damage|p2a: 悬空羊驼|68/100
|-supereffective|p2a: 悬空羊驼
|-damage|p2a: 悬空羊驼|58/100
|-supereffective|p2a: 悬空羊驼
|-damage|p2a: 悬空羊驼|48/100
|-hitcount|p2a: 悬空羊驼|3
|
|upkeep
|turn|17
|
|t:|1663235087
|move|p2a: 悬空羊驼|Max Airstream|p1a: Necrozma
|-damage|p1a: Necrozma|0 fnt
|-boost|p2a: 悬空羊驼|spe|1
|faint|p1a: Necrozma
|
|win|CLEAR GEM清瑜
|raw|SaintLaplace's rating: 1705 &rarr; <strong>1688</strong><br />(-17 for losing)
|raw|CLEAR GEM清瑜's rating: 1754 &rarr; <strong>1771</strong><br />(+17 for winning)
|l|☆SaintLaplace
||Ladder isn't responding, score probably updated but might not have (Request timeout).
