|j|☆Ghosterol
|j|☆umbaef
|t:|1668005217
|gametype|singles
|player|p1|Ghosterol|n-masters|
|player|p2|umbaef|266|
|teamsize|p1|6
|teamsize|p2|6
|gen|8
|tier|[Gen 8] National Dex AG
|rated|Tournament battle
|rule|HP Percentage Mod: HP is shown in percentages
|rule|Endless Battle Clause: Forcing endless battles is banned
|clearpoke
|poke|p1|Kyogre|
|poke|p1|Yveltal|
|poke|p1|Mewtwo-Mega-Y|
|poke|p1|Smeargle, M|
|poke|p1|Calyrex-Shadow|
|poke|p1|Tyranitar-Mega, F|
|poke|p2|Deoxys-Speed|
|poke|p2|Necrozma-Dusk-Mane|
|poke|p2|Yveltal|
|poke|p2|Arceus-*|
|poke|p2|Calyrex-Shadow|
|poke|p2|Kyogre|
|teampreview
|j|%Iolanthe
|inactive|Battle timer is ON: inactive players will automatically lose when time's up. (requested by Ghosterol)
|inactive|umbaef also wants the timer to be on.
|c|☆Ghosterol|glhf
|
|t:|1668005240
|start
|switch|p1a: Smeargle|Smeargle, M|100/100
|switch|p2a: Calyrex|Calyrex-Shadow|100/100
|-ability|p2a: Calyrex|As One
|-ability|p2a: Calyrex|Unnerve
|turn|1
|l|%Iolanthe
|
|t:|1668005251
|move|p1a: Smeargle|Magic Coat|p1a: Smeargle
|-singleturn|p1a: Smeargle|move: Magic Coat
|move|p2a: Calyrex|Nasty Plot|p2a: Calyrex
|-boost|p2a: Calyrex|spa|2
|
|upkeep
|turn|2
|
|t:|1668005269
|move|p2a: Calyrex|Draining Kiss|p1a: Smeargle
|-damage|p1a: Smeargle|22/100
|move|p1a: Smeargle|Spore|p2a: Calyrex
|-status|p2a: Calyrex|slp|[from] move: Spore
|
|upkeep
|turn|3
|
|t:|1668005277
|cant|p2a: Calyrex|slp
|move|p1a: Smeargle|Sticky Web|p2a: Calyrex
|-sidestart|p2: umbaef|move: Sticky Web
|
|upkeep
|turn|4
|
|t:|1668005288
|-curestatus|p2a: Calyrex|slp|[msg]
|move|p2a: Calyrex|Draining Kiss|p1a: Smeargle
|-damage|p1a: Smeargle|0 fnt
|faint|p1a: Smeargle
|-ability|p2a: Calyrex|Grim Neigh|boost
|-boost|p2a: Calyrex|spa|1
|
|upkeep
|
|t:|1668005297
|switch|p1a: Yveltal|Yveltal|100/100
|-ability|p1a: Yveltal|Dark Aura
|turn|5
|
|t:|1668005303
|move|p1a: Yveltal|Sucker Punch||[still]
|-fail|p1a: Yveltal
|move|p2a: Calyrex|Nasty Plot|p2a: Calyrex
|-boost|p2a: Calyrex|spa|2
|
|upkeep
|turn|6
|
|t:|1668005310
|move|p1a: Yveltal|Sucker Punch|p2a: Calyrex
|-supereffective|p2a: Calyrex
|-enditem|p2a: Calyrex|Focus Sash
|-damage|p2a: Calyrex|1/100
|-damage|p1a: Yveltal|91/100|[from] item: Life Orb
|move|p2a: Calyrex|Draining Kiss|p1a: Yveltal
|-supereffective|p1a: Yveltal
|-damage|p1a: Yveltal|0 fnt
|-heal|p2a: Calyrex|79/100|[from] drain|[of] p1a: Yveltal
|faint|p1a: Yveltal
|-ability|p2a: Calyrex|Grim Neigh|boost
|-boost|p2a: Calyrex|spa|1
|
|upkeep
|
|t:|1668005322
|switch|p1a: Calyrex|Calyrex-Shadow|100/100
|-ability|p1a: Calyrex|As One
|-ability|p1a: Calyrex|Unnerve
|turn|7
|c|☆Ghosterol|i got coky
|inactive|umbaef has 120 seconds left.
|
|t:|1668005368
|move|p1a: Calyrex|Astral Barrage|p2a: Calyrex
|-supereffective|p2a: Calyrex
|-damage|p2a: Calyrex|0 fnt
|faint|p2a: Calyrex
|-ability|p1a: Calyrex|Grim Neigh|boost
|-boost|p1a: Calyrex|spa|1
|
|upkeep
|
|t:|1668005374
|switch|p2a: Yveltal|Yveltal|100/100
|-ability|p2a: Yveltal|Dark Aura
|turn|8
|
|t:|1668005379
|move|p2a: Yveltal|Sucker Punch||[still]
|-fail|p2a: Yveltal
|move|p1a: Calyrex|Baton Pass|p1a: Calyrex
|
|t:|1668005384
|switch|p1a: Kyogre|Kyogre|100/100|[from]move: Baton Pass
|-weather|RainDance|[from] ability: Drizzle|[of] p1a: Kyogre
|
|-weather|RainDance|[upkeep]
|upkeep
|turn|9
|
|t:|1668005392
|switch|p2a: Deoxys|Deoxys-Speed|100/100
|-activate|p2a: Deoxys|move: Sticky Web
|-unboost|p2a: Deoxys|spe|1
|-ability|p2a: Deoxys|Pressure
|-start|p1a: Kyogre|Dynamax|
|-heal|p1a: Kyogre|100/100|[silent]
|move|p1a: Kyogre|Max Lightning|p2a: Deoxys
|-damage|p2a: Deoxys|5/100
|-fieldstart|move: Electric Terrain
|
|-weather|RainDance|[upkeep]
|upkeep
|turn|10
|inactive|umbaef has 120 seconds left.
|
|t:|1668005416
|move|p2a: Deoxys|Stealth Rock|p1a: Kyogre
|-sidestart|p1: Ghosterol|move: Stealth Rock
|move|p1a: Kyogre|Max Geyser|p2a: Deoxys
|-damage|p2a: Deoxys|0 fnt
|faint|p2a: Deoxys
|
|-weather|RainDance|[upkeep]
|upkeep
|inactive|umbaef has 120 seconds left.
|
|t:|1668005423
|switch|p2a: Arceus|Arceus-Ground|100/100
|-activate|p2a: Arceus|move: Sticky Web
|-unboost|p2a: Arceus|spe|1
|turn|11
|
|t:|1668005431
|switch|p2a: Kyogre|Kyogre|100/100
|-activate|p2a: Kyogre|move: Sticky Web
|-unboost|p2a: Kyogre|spe|1
|move|p1a: Kyogre|Max Geyser|p2a: Kyogre
|-resisted|p2a: Kyogre
|-damage|p2a: Kyogre|32/100
|
|-weather|RainDance|[upkeep]
|upkeep
|-end|p1a: Kyogre|Dynamax
|-heal|p1a: Kyogre|100/100|[silent]
|turn|12
|-message|umbaef forfeited.
|
|win|Ghosterol
|n|☆Ghosterol|ghosterol
|n|☆umbaef|umbaef
