|j|☆wolfie_olson
|j|‽PlatinumEA
|t:|1649164386
|gametype|singles
|player|p1|wolfie_olson|265|
|player|p2|PlatinumEA|101|
|teamsize|p1|6
|teamsize|p2|6
|gen|8
|tier|[Gen 8] National Dex AG
|rule|HP Percentage Mod: HP is shown in percentages
|rule|Endless Battle Clause: Forcing endless battles is banned
|clearpoke
|poke|p1|Buzzwole|
|poke|p1|Whimsicott, L1, F|
|poke|p1|Zacian-*|
|poke|p1|Uxie|
|poke|p1|Pyukumuku, F|
|poke|p1|Calyrex-Shadow|
|poke|p2|Calyrex-Ice|
|poke|p2|Melmetal|
|poke|p2|Necrozma-Dusk-Mane|
|poke|p2|Hatterene, F|
|poke|p2|Rayquaza|
|poke|p2|Tyranitar, F|
|teampreview
|inactive|Battle timer is ON: inactive players will automatically lose when time's up. (requested by wolfie_olson)
|
|t:|1649164397
|start
|switch|p1a: Whimsicott|Whimsicott, L1, F|100/100
|switch|p2a: Rayquaza|Rayquaza|100/100
|-ability|p2a: Rayquaza|Air Lock
|turn|1
|
|t:|1649164403
|switch|p2a: Tyranitar|Tyranitar, F|100/100
|-weather|Sandstorm|[from] ability: Sand Stream|[of] p2a: Tyranitar
|move|p1a: Whimsicott|Leech Seed|p2a: Tyranitar
|-hint|Since gen 7, Dark is immune to Prankster moves.
|-immune|p2a: Tyranitar
|
|-weather|Sandstorm|[upkeep]
|-damage|p1a: Whimsicott|93/100|[from] Sandstorm
|upkeep
|turn|2
|
|t:|1649164409
|switch|p1a: Uxie|Uxie|100/100
|move|p2a: Tyranitar|Stealth Rock|p1a: Uxie
|-sidestart|p1: wolfie_olson|move: Stealth Rock
|
|-weather|Sandstorm|[upkeep]
|-damage|p1a: Uxie|94/100|[from] Sandstorm
|upkeep
|turn|3
|
|t:|1649164415
|switch|p2a: Hatterene|Hatterene, F|100/100
|move|p1a: Uxie|Stealth Rock|p2a: Hatterene
|move|p2a: Hatterene|Stealth Rock||[from]ability: Magic Bounce|[still]
|-fail|p2a: Hatterene
|
|-weather|Sandstorm|[upkeep]
|-damage|p1a: Uxie|88/100|[from] Sandstorm
|-damage|p2a: Hatterene|95/100|[from] Sandstorm
|upkeep
|turn|4
|
|t:|1649164430
|move|p1a: Uxie|Light Screen|p1a: Uxie
|-sidestart|p1: wolfie_olson|move: Light Screen
|move|p2a: Hatterene|Trick Room|p2a: Hatterene
|-fieldstart|move: Trick Room|[of] p2a: Hatterene
|
|-weather|Sandstorm|[upkeep]
|-damage|p2a: Hatterene|89/100|[from] Sandstorm
|-damage|p1a: Uxie|82/100|[from] Sandstorm
|upkeep
|turn|5
|
|t:|1649164447
|switch|p2a: Melmetal|Melmetal|100/100
|move|p1a: Uxie|Reflect|p1a: Uxie
|-sidestart|p1: wolfie_olson|Reflect
|
|-weather|none
|upkeep
|turn|6
|
|t:|1649164453
|move|p2a: Melmetal|Double Iron Bash|p1a: Uxie
|-damage|p1a: Uxie|61/100
|-damage|p1a: Uxie|37/100
|-hitcount|p1a: Uxie|2
|-damage|p2a: Melmetal|91/100|[from] item: Life Orb
|move|p1a: Uxie|Stealth Rock|p2a: Melmetal
|-sidestart|p2: PlatinumEA|move: Stealth Rock
|
|upkeep
|turn|7
|
|t:|1649164457
|move|p2a: Melmetal|Double Iron Bash|p1a: Uxie
|-damage|p1a: Uxie|13/100
|-damage|p1a: Uxie|0 fnt
|faint|p1a: Uxie
|-hitcount|p1: Uxie|2
|-damage|p2a: Melmetal|81/100|[from] item: Life Orb
|
|upkeep
|
|t:|1649164463
|switch|p1a: Whimsicott|Whimsicott, L1, F|93/100
|-damage|p1a: Whimsicott|85/100|[from] Stealth Rock
|turn|8
|
|t:|1649164471
|move|p1a: Whimsicott|Endeavor|p2a: Melmetal
|-damage|p2a: Melmetal|3/100
|move|p2a: Melmetal|Double Iron Bash|p1a: Whimsicott
|-supereffective|p1a: Whimsicott
|-crit|p1a: Whimsicott
|-damage|p1a: Whimsicott|0 fnt
|faint|p1a: Whimsicott
|-hitcount|p1: Whimsicott|1
|-damage|p2a: Melmetal|0 fnt|[from] item: Life Orb
|faint|p2a: Melmetal
|
|-fieldend|move: Trick Room
|upkeep
|
|t:|1649164487
|switch|p2a: Necrozma|Necrozma-Dusk-Mane|100/100
|switch|p1a: Buzzwole|Buzzwole|100/100
|-damage|p1a: Buzzwole|88/100|[from] Stealth Rock
|-damage|p2a: Necrozma|94/100|[from] Stealth Rock
|turn|9
|
|t:|1649164504
|-start|p1a: Buzzwole|Dynamax|
|-heal|p1a: Buzzwole|88/100|[silent]
|move|p1a: Buzzwole|Max Airstream|p2a: Necrozma
|-resisted|p2a: Necrozma
|-damage|p2a: Necrozma|85/100
|-boost|p1a: Buzzwole|spe|1
|move|p2a: Necrozma|Trick Room|p2a: Necrozma
|-fieldstart|move: Trick Room|[of] p2a: Necrozma
|
|upkeep
|turn|10
|
|t:|1649164513
|move|p2a: Necrozma|Swords Dance|p2a: Necrozma
|-boost|p2a: Necrozma|atk|2
|move|p1a: Buzzwole|Max Airstream|p2a: Necrozma
|-resisted|p2a: Necrozma
|-damage|p2a: Necrozma|74/100
|-boost|p1a: Buzzwole|spe|1
|
|upkeep
|turn|11
|
|t:|1649164525
|move|p2a: Necrozma|Swords Dance|p2a: Necrozma
|-boost|p2a: Necrozma|atk|2
|move|p1a: Buzzwole|Max Knuckle|p2a: Necrozma
|-damage|p2a: Necrozma|51/100
|-boost|p1a: Buzzwole|atk|1
|
|-sideend|p1: wolfie_olson|move: Light Screen
|-end|p1a: Buzzwole|Dynamax
|-heal|p1a: Buzzwole|88/100|[silent]
|upkeep
|turn|12
|
|t:|1649164545
|-start|p2a: Necrozma|Dynamax|
|-heal|p2a: Necrozma|51/100|[silent]
|move|p2a: Necrozma|Max Guard|p2a: Necrozma
|-singleturn|p2a: Necrozma|Max Guard
|move|p1a: Buzzwole|Substitute|p1a: Buzzwole
|-start|p1a: Buzzwole|Substitute
|-damage|p1a: Buzzwole|63/100
|
|-sideend|p1: wolfie_olson|Reflect
|upkeep
|turn|13
|
|t:|1649164553
|move|p2a: Necrozma|Max Steelspike|p1a: Buzzwole
|-end|p1a: Buzzwole|Substitute
|-boost|p2a: Necrozma|def|1
|move|p1a: Buzzwole|Drain Punch|p2a: Necrozma
|-damage|p2a: Necrozma|42/100
|-heal|p1a: Buzzwole|72/100|[from] drain|[of] p2a: Necrozma
|-enditem|p2a: Necrozma|Sitrus Berry|[eat]
|-heal|p2a: Necrozma|55/100|[from] item: Sitrus Berry
|
|-fieldend|move: Trick Room
|upkeep
|turn|14
|
|t:|1649164567
|move|p2a: Necrozma|Max Guard|p2a: Necrozma
|-singleturn|p2a: Necrozma|Max Guard
|move|p1a: Buzzwole|Substitute|p1a: Buzzwole
|-start|p1a: Buzzwole|Substitute
|-damage|p1a: Buzzwole|47/100
|
|-end|p2a: Necrozma|Dynamax
|-heal|p2a: Necrozma|55/100|[silent]
|upkeep
|turn|15
|
|t:|1649164571
|move|p1a: Buzzwole|Dual Wingbeat|p2a: Necrozma
|-resisted|p2a: Necrozma
|-crit|p2a: Necrozma
|-damage|p2a: Necrozma|48/100
|-resisted|p2a: Necrozma
|-damage|p2a: Necrozma|45/100
|-hitcount|p2a: Necrozma|2
|move|p2a: Necrozma|Trick Room|p2a: Necrozma
|-fieldstart|move: Trick Room|[of] p2a: Necrozma
|
|upkeep
|turn|16
|
|t:|1649164577
|move|p2a: Necrozma|Sunsteel Strike|p1a: Buzzwole
|-end|p1a: Buzzwole|Substitute
|move|p1a: Buzzwole|Drain Punch|p2a: Necrozma
|-damage|p2a: Necrozma|26/100
|-heal|p1a: Buzzwole|56/100|[from] drain|[of] p2a: Necrozma
|
|upkeep
|turn|17
|
|t:|1649164588
|move|p2a: Necrozma|Sunsteel Strike|p1a: Buzzwole
|-crit|p1a: Buzzwole
|-damage|p1a: Buzzwole|0 fnt
|faint|p1a: Buzzwole
|
|upkeep
|
|t:|1649164591
|switch|p1a: Pyukumuku|Pyukumuku, F|100/100
|-damage|p1a: Pyukumuku|88/100|[from] Stealth Rock
|turn|18
|
|t:|1649164594
|switch|p2a: Hatterene|Hatterene, F|89/100
|-damage|p2a: Hatterene|76/100|[from] Stealth Rock
|move|p1a: Pyukumuku|Block|p2a: Hatterene
|move|p2a: Hatterene|Block|p1a: Pyukumuku|[from]ability: Magic Bounce
|-activate|p1a: Pyukumuku|trapped
|
|-heal|p1a: Pyukumuku|94/100|[from] item: Leftovers
|upkeep
|turn|19
|c|☆wolfie_olson|o no
|
|t:|1649164608
|move|p1a: Pyukumuku|Soak|p2a: Hatterene
|move|p2a: Hatterene|Soak|p1a: Pyukumuku|[from]ability: Magic Bounce
|-fail|p1a: Pyukumuku
|move|p2a: Hatterene|Wonder Room|p2a: Hatterene
|-fieldstart|move: Wonder Room|[of] p2a: Hatterene
|
|-heal|p1a: Pyukumuku|99/100|[from] item: Leftovers
|-fieldend|move: Trick Room
|upkeep
|turn|20
|
|t:|1649164618
|move|p1a: Pyukumuku|Soak|p2a: Hatterene
|move|p2a: Hatterene|Soak|p1a: Pyukumuku|[from]ability: Magic Bounce
|-fail|p1a: Pyukumuku
|move|p2a: Hatterene|Trick Room|p2a: Hatterene
|-fieldstart|move: Trick Room|[of] p2a: Hatterene
|
|-heal|p1a: Pyukumuku|100/100|[from] item: Leftovers
|upkeep
|turn|21
|
|t:|1649164628
|move|p1a: Pyukumuku|Soak|p2a: Hatterene
|move|p2a: Hatterene|Soak|p1a: Pyukumuku|[from]ability: Magic Bounce
|-fail|p1a: Pyukumuku
|move|p2a: Hatterene|Skill Swap|p1a: Pyukumuku
|-activate|p2a: Hatterene|move: Skill Swap|Unaware|Magic Bounce|[of] p1a: Pyukumuku
|
|upkeep
|turn|22
|
|t:|1649164641
|move|p1a: Pyukumuku|Soak|p2a: Hatterene
|-start|p2a: Hatterene|typechange|Water
|move|p2a: Hatterene|Healing Wish|p2a: Hatterene
|faint|p2a: Hatterene
|
|upkeep
|
|t:|1649164652
|switch|p2a: Calyrex|Calyrex-Ice|100/100
|-ability|p2a: Calyrex|As One
|-ability|p2a: Calyrex|Unnerve
|-damage|p2a: Calyrex|76/100|[from] Stealth Rock
|turn|23
|
|t:|1649164657
|move|p1a: Pyukumuku|Toxic|p2a: Calyrex
|-status|p2a: Calyrex|tox
|-enditem|p2a: Calyrex|Lum Berry|[eat]
|-curestatus|p2a: Calyrex|tox|[msg]
|move|p2a: Calyrex|Swords Dance|p2a: Calyrex
|-boost|p2a: Calyrex|atk|2
|
|-fieldend|move: Wonder Room
|upkeep
|turn|24
|
|t:|1649164665
|move|p1a: Pyukumuku|Toxic|p2a: Calyrex
|-status|p2a: Calyrex|tox
|move|p2a: Calyrex|Glacial Lance|p1a: Pyukumuku
|-resisted|p1a: Pyukumuku
|-damage|p1a: Pyukumuku|41/100
|
|-heal|p1a: Pyukumuku|47/100|[from] item: Leftovers
|-damage|p2a: Calyrex|69/100 tox|[from] psn
|-fieldend|move: Trick Room
|upkeep
|turn|25
|
|t:|1649164676
|switch|p1a: Zacian|Zacian-Crowned|100/100
|-damage|p1a: Zacian|94/100|[from] Stealth Rock
|-ability|p1a: Zacian|Intrepid Sword|boost
|-boost|p1a: Zacian|atk|1
|move|p2a: Calyrex|Trick Room|p2a: Calyrex
|-fieldstart|move: Trick Room|[of] p2a: Calyrex
|
|-damage|p2a: Calyrex|57/100 tox|[from] psn
|upkeep
|turn|26
|
|t:|1649164688
|move|p2a: Calyrex|Glacial Lance|p1a: Zacian
|-resisted|p1a: Zacian
|-damage|p1a: Zacian|8/100
|move|p1a: Zacian|Behemoth Blade|p2a: Calyrex
|-supereffective|p2a: Calyrex
|-damage|p2a: Calyrex|0 fnt
|faint|p2a: Calyrex
|
|upkeep
|
|t:|1649164693
|switch|p2a: Necrozma|Necrozma-Dusk-Mane|26/100
|-heal|p2a: Necrozma|100/100|[from] move: Healing Wish
|-damage|p2a: Necrozma|94/100|[from] Stealth Rock
|turn|27
|
|t:|1649164706
|move|p2a: Necrozma|Swords Dance|p2a: Necrozma
|-boost|p2a: Necrozma|atk|2
|move|p1a: Zacian|Crunch|p2a: Necrozma
|-supereffective|p2a: Necrozma
|-damage|p2a: Necrozma|52/100
|
|upkeep
|turn|28
|
|t:|1649164711
|move|p2a: Necrozma|Earthquake|p1a: Zacian
|-supereffective|p1a: Zacian
|-damage|p1a: Zacian|0 fnt
|faint|p1a: Zacian
|
|upkeep
|
|t:|1649164721
|switch|p1a: Calyrex|Calyrex-Shadow|100/100
|-ability|p1a: Calyrex|As One
|-ability|p1a: Calyrex|Unnerve
|-damage|p1a: Calyrex|88/100|[from] Stealth Rock
|turn|29
|
|t:|1649164730
|move|p2a: Necrozma|Sunsteel Strike|p1a: Calyrex
|-damage|p1a: Calyrex|0 fnt
|faint|p1a: Calyrex
|
|-fieldend|move: Trick Room
|upkeep
|
|t:|1649164734
|switch|p1a: Pyukumuku|Pyukumuku, F|47/100
|-damage|p1a: Pyukumuku|35/100|[from] Stealth Rock
|turn|30
|
|t:|1649164736
|move|p2a: Necrozma|Swords Dance|p2a: Necrozma
|-boost|p2a: Necrozma|atk|2
|move|p1a: Pyukumuku|Recover|p1a: Pyukumuku
|-heal|p1a: Pyukumuku|85/100
|
|-heal|p1a: Pyukumuku|91/100|[from] item: Leftovers
|upkeep
|turn|31
|
|t:|1649164740
|move|p2a: Necrozma|Swords Dance|p2a: Necrozma
|-boost|p2a: Necrozma|atk|2
|move|p1a: Pyukumuku|Block|p2a: Necrozma
|-activate|p2a: Necrozma|trapped
|
|-heal|p1a: Pyukumuku|97/100|[from] item: Leftovers
|upkeep
|turn|32
|
|t:|1649164743
|move|p2a: Necrozma|Sunsteel Strike|p1a: Pyukumuku
|-resisted|p1a: Pyukumuku
|-damage|p1a: Pyukumuku|25/100
|move|p1a: Pyukumuku|Soak|p2a: Necrozma
|-start|p2a: Necrozma|typechange|Water
|
|-heal|p1a: Pyukumuku|31/100|[from] item: Leftovers
|upkeep
|turn|33
|
|t:|1649164749
|move|p2a: Necrozma|Sunsteel Strike|p1a: Pyukumuku
|-resisted|p1a: Pyukumuku
|-damage|p1a: Pyukumuku|0 fnt
|faint|p1a: Pyukumuku
|
|win|PlatinumEA
|c|☆wolfie_olson|sunsteel is op
