|j|☆iroeweuio
|j|☆Alice_Finnemore
|t:|1662177652
|gametype|singles
|player|p1|iroeweuio|266|1697
|player|p2|Alice_Finnemore|cynthia-masters|1744
|teamsize|p1|6
|teamsize|p2|6
|gen|8
|tier|[Gen 8] National Dex AG
|rated|
|rule|HP Percentage Mod: HP is shown in percentages
|rule|Endless Battle Clause: Forcing endless battles is banned
|clearpoke
|poke|p1|Chatot, M|
|poke|p1|Weavile, M|
|poke|p1|Giratina-Origin|
|poke|p1|Ditto|
|poke|p1|Breloom, M|
|poke|p1|Wobbuffet, M|
|poke|p2|Diancie|
|poke|p2|Ho-Oh|
|poke|p2|Giratina-Origin|
|poke|p2|Yveltal|
|poke|p2|Groudon|
|poke|p2|Arceus-*|
|teampreview
|inactive|Battle timer is ON: inactive players will automatically lose when time's up. (requested by Alice_Finnemore)
|
|t:|1662177667
|start
|switch|p1a: Giratina|Giratina-Origin|100/100
|switch|p2a: Diancie|Diancie|100/100
|turn|1
|
|t:|1662177678
|detailschange|p2a: Diancie|Diancie-Mega
|-mega|p2a: Diancie|Diancie|Diancite
|-start|p1a: Giratina|Dynamax|
|-heal|p1a: Giratina|100/100|[silent]
|move|p2a: Diancie|Moonblast|p1a: Giratina
|-supereffective|p1a: Giratina
|-damage|p1a: Giratina|59/100
|move|p1a: Giratina|Max Airstream|p2a: Diancie
|-resisted|p2a: Diancie
|-damage|p2a: Diancie|74/100
|-boost|p1a: Giratina|spe|1
|
|upkeep
|turn|2
|
|t:|1662177686
|move|p1a: Giratina|Max Phantasm|p2a: Diancie
|-damage|p2a: Diancie|0 fnt
|faint|p2a: Diancie
|
|upkeep
|
|t:|1662177690
|switch|p2a: Yveltal|Yveltal|100/100
|-ability|p2a: Yveltal|Dark Aura
|turn|3
|j| v87
|
|t:|1662177694
|move|p1a: Giratina|Max Guard|p1a: Giratina
|-singleturn|p1a: Giratina|Max Guard
|move|p2a: Yveltal|Roost||[still]
|-fail|p2a: Yveltal|heal
|
|upkeep
|-end|p1a: Giratina|Dynamax
|-heal|p1a: Giratina|59/100|[silent]
|turn|4
|
|t:|1662177696
|move|p1a: Giratina|Destiny Bond|p1a: Giratina
|-singlemove|p1a: Giratina|Destiny Bond
|move|p2a: Yveltal|Foul Play|p1a: Giratina
|-supereffective|p1a: Giratina
|-damage|p1a: Giratina|0 fnt
|faint|p1a: Giratina
|-activate|p1a: Giratina|move: Destiny Bond
|faint|p2a: Yveltal
|
|upkeep
|l| v87
|
|t:|1662177700
|switch|p2a: Giratina|Giratina-Origin|100/100
|switch|p1a: Weavile|Weavile, M|100/100
|-ability|p1a: Weavile|Pressure
|turn|5
|
|t:|1662177702
|move|p1a: Weavile|Assist|p1a: Weavile
|move|p1a: Weavile|Spore|p2a: Giratina|[from]move: Assist
|-status|p2a: Giratina|slp|[from] move: Spore
|cant|p2a: Giratina|slp
|
|upkeep
|turn|6
|
|t:|1662177705
|move|p1a: Weavile|Substitute|p1a: Weavile
|-start|p1a: Weavile|Substitute
|-damage|p1a: Weavile|76/100
|cant|p2a: Giratina|slp
|
|-heal|p1a: Weavile|82/100|[from] item: Leftovers
|upkeep
|turn|7
|
|t:|1662177707
|switch|p2a: Ho-Oh|Ho-Oh|100/100
|move|p1a: Weavile|Swords Dance|p1a: Weavile
|-boost|p1a: Weavile|atk|2
|
|-heal|p1a: Weavile|88/100|[from] item: Leftovers
|upkeep
|turn|8
|
|t:|1662177710
|move|p1a: Weavile|Assist|p1a: Weavile
|move|p1a: Weavile|Spore|p2a: Ho-Oh|[from]move: Assist
|-status|p2a: Ho-Oh|slp|[from] move: Spore
|cant|p2a: Ho-Oh|slp
|
|-heal|p1a: Weavile|94/100|[from] item: Leftovers
|upkeep
|turn|9
|
|t:|1662177712
|move|p1a: Weavile|Triple Axel|p2a: Ho-Oh
|-damage|p2a: Ho-Oh|82/100 slp
|-damage|p2a: Ho-Oh|49/100 slp
|-damage|p2a: Ho-Oh|0 fnt
|faint|p2a: Ho-Oh
|-hitcount|p2: Ho-Oh|3
|
|-heal|p1a: Weavile|99/100|[from] item: Leftovers
|upkeep
|
|t:|1662177715
|switch|p2a: Groudon|Groudon|100/100
|detailschange|p2a: Groudon|Groudon-Primal
|-primal|p2a: Groudon
|-weather|DesolateLand|[from] ability: Desolate Land|[of] p2a: Groudon
|turn|10
|
|t:|1662177717
|move|p1a: Weavile|Assist|p1a: Weavile
|move|p1a: Weavile|Spore|p2a: Groudon|[from]move: Assist
|-status|p2a: Groudon|slp|[from] move: Spore
|cant|p2a: Groudon|slp
|
|-weather|DesolateLand|[upkeep]
|-heal|p1a: Weavile|100/100|[from] item: Leftovers
|upkeep
|turn|11
|
|t:|1662177720
|move|p1a: Weavile|Triple Axel|p2a: Groudon
|-damage|p2a: Groudon|90/100 slp
|-hitcount|p2a: Groudon|1
|-curestatus|p2a: Groudon|slp|[msg]
|move|p2a: Groudon|Rock Polish|p2a: Groudon
|-boost|p2a: Groudon|spe|2
|
|-weather|DesolateLand|[upkeep]
|upkeep
|turn|12
|
|t:|1662177723
|move|p2a: Groudon|Stone Edge|p1a: Weavile
|-supereffective|p1a: Weavile
|-end|p1a: Weavile|Substitute
|move|p1a: Weavile|Assist|p1a: Weavile
|move|p1a: Weavile|Spore|p2a: Groudon|[from]move: Assist
|-status|p2a: Groudon|slp|[from] move: Spore
|
|-weather|DesolateLand|[upkeep]
|upkeep
|turn|13
|
|t:|1662177727
|cant|p2a: Groudon|slp
|move|p1a: Weavile|Triple Axel|p2a: Groudon
|-crit|p2a: Groudon
|-damage|p2a: Groudon|74/100 slp
|-damage|p2a: Groudon|51/100 slp
|-damage|p2a: Groudon|19/100 slp
|-hitcount|p2a: Groudon|3
|
|-weather|DesolateLand|[upkeep]
|upkeep
|turn|14
|
|t:|1662177730
|switch|p1a: Wobbuffet|Wobbuffet, M|100/100
|cant|p2a: Groudon|slp
|
|-weather|DesolateLand|[upkeep]
|upkeep
|turn|15
|
|t:|1662177734
|cant|p2a: Groudon|slp
|move|p1a: Wobbuffet|Counter||[still]
|-fail|p1a: Wobbuffet
|
|-weather|DesolateLand|[upkeep]
|upkeep
|turn|16
|
|t:|1662177739
|-curestatus|p2a: Groudon|slp|[msg]
|move|p2a: Groudon|Toxic|p1a: Wobbuffet
|-status|p1a: Wobbuffet|tox
|move|p1a: Wobbuffet|Counter||[still]
|-fail|p1a: Wobbuffet
|
|-weather|DesolateLand|[upkeep]
|-damage|p1a: Wobbuffet|94/100 tox|[from] psn
|upkeep
|turn|17
|
|t:|1662177747
|move|p2a: Groudon|Rock Polish|p2a: Groudon
|-boost|p2a: Groudon|spe|2
|move|p1a: Wobbuffet|Counter||[still]
|-fail|p1a: Wobbuffet
|
|-weather|DesolateLand|[upkeep]
|-damage|p1a: Wobbuffet|82/100 tox|[from] psn
|upkeep
|turn|18
|
|t:|1662177751
|move|p2a: Groudon|Rock Polish|p2a: Groudon
|-boost|p2a: Groudon|spe|2
|move|p1a: Wobbuffet|Counter||[still]
|-fail|p1a: Wobbuffet
|
|-weather|DesolateLand|[upkeep]
|-damage|p1a: Wobbuffet|64/100 tox|[from] psn
|upkeep
|turn|19
|
|t:|1662177753
|move|p2a: Groudon|Toxic|p1a: Wobbuffet
|-fail|p1a: Wobbuffet|tox
|move|p1a: Wobbuffet|Destiny Bond|p1a: Wobbuffet
|-singlemove|p1a: Wobbuffet|Destiny Bond
|
|-weather|DesolateLand|[upkeep]
|-damage|p1a: Wobbuffet|39/100 tox|[from] psn
|upkeep
|turn|20
|
|t:|1662177760
|move|p2a: Groudon|Toxic|p1a: Wobbuffet
|-fail|p1a: Wobbuffet|tox
|move|p1a: Wobbuffet|Counter||[still]
|-fail|p1a: Wobbuffet
|
|-weather|DesolateLand|[upkeep]
|-damage|p1a: Wobbuffet|8/100 tox|[from] psn
|upkeep
|turn|21
|-enditem|p1a: Wobbuffet|Custap Berry|[eat]
|-activate|p1a: Wobbuffet|item: Custap Berry|[consumed]
|
|t:|1662177766
|move|p1a: Wobbuffet|Destiny Bond|p1a: Wobbuffet
|-singlemove|p1a: Wobbuffet|Destiny Bond
|move|p2a: Groudon|Toxic|p1a: Wobbuffet
|-fail|p1a: Wobbuffet|tox
|
|-weather|DesolateLand|[upkeep]
|-damage|p1a: Wobbuffet|0 fnt|[from] psn
|faint|p1a: Wobbuffet
|upkeep
|
|t:|1662177770
|switch|p1a: Ditto|Ditto|100/100
|-transform|p1a: Ditto|p2a: Groudon|[from] ability: Imposter
|turn|22
|
|t:|1662177773
|move|p1a: Ditto|Stone Edge|p2a: Groudon
|-damage|p2a: Groudon|0 fnt
|faint|p2a: Groudon
|
|-weather|DesolateLand|[upkeep]
|upkeep
|
|t:|1662177776
|switch|p2a: Giratina|Giratina-Origin|100/100 slp
|turn|23
|
|t:|1662177782
|-weather|none
|switch|p1a: Chatot|Chatot, M|100/100
|cant|p2a: Giratina|slp
|
|upkeep
|turn|24
|
|t:|1662177787
|move|p1a: Chatot|Chatter|p2a: Giratina
|-damage|p2a: Giratina|78/100 slp
|-start|p2a: Giratina|confusion
|-curestatus|p2a: Giratina|slp|[msg]
|-activate|p2a: Giratina|confusion
|move|p2a: Giratina|Toxic|p1a: Chatot
|-status|p1a: Chatot|tox
|
|-damage|p1a: Chatot|94/100 tox|[from] psn
|upkeep
|turn|25
|
|t:|1662177798
|move|p1a: Chatot|Chatter|p2a: Giratina
|-damage|p2a: Giratina|55/100
|-end|p2a: Giratina|confusion
|move|p2a: Giratina|Will-O-Wisp||[still]
|-fail|p2a: Giratina
|
|-damage|p1a: Chatot|82/100 tox|[from] psn
|upkeep
|turn|26
|
|t:|1662177803
|move|p1a: Chatot|Chatter|p2a: Giratina
|-damage|p2a: Giratina|34/100
|-start|p2a: Giratina|confusion
|-activate|p2a: Giratina|confusion
|move|p2a: Giratina|Will-O-Wisp||[still]
|-fail|p2a: Giratina
|
|-damage|p1a: Chatot|64/100 tox|[from] psn
|upkeep
|turn|27
|
|t:|1662177809
|move|p1a: Chatot|Chatter|p2a: Giratina
|-damage|p2a: Giratina|10/100
|-activate|p2a: Giratina|confusion
|move|p2a: Giratina|Will-O-Wisp||[still]
|-fail|p2a: Giratina
|
|-damage|p1a: Chatot|39/100 tox|[from] psn
|upkeep
|turn|28
|
|t:|1662177815
|move|p1a: Chatot|Chatter|p2a: Giratina
|-damage|p2a: Giratina|0 fnt
|faint|p2a: Giratina
|
|-damage|p1a: Chatot|8/100 tox|[from] psn
|upkeep
|
|t:|1662177818
|switch|p2a: Arceus|Arceus-Ice|100/100
|turn|29
|
|t:|1662177823
|move|p2a: Arceus|Calm Mind|p2a: Arceus
|-boost|p2a: Arceus|spa|1
|-boost|p2a: Arceus|spd|1
|move|p1a: Chatot|Chatter|p2a: Arceus
|-damage|p2a: Arceus|82/100
|-start|p2a: Arceus|confusion
|
|-damage|p1a: Chatot|0 fnt|[from] psn
|faint|p1a: Chatot
|upkeep
|
|t:|1662177828
|switch|p1a: Weavile|Weavile, M|100/100
|-ability|p1a: Weavile|Pressure
|turn|30
|
|t:|1662177830
|move|p1a: Weavile|Assist|p1a: Weavile
|move|p1a: Weavile|Spore|p2a: Arceus|[from]move: Assist
|-status|p2a: Arceus|slp|[from] move: Spore
|cant|p2a: Arceus|slp
|
|upkeep
|turn|31
|
|t:|1662177833
|move|p1a: Weavile|Substitute|p1a: Weavile
|-start|p1a: Weavile|Substitute
|-damage|p1a: Weavile|76/100
|-curestatus|p2a: Arceus|slp|[msg]
|-activate|p2a: Arceus|confusion
|move|p2a: Arceus|Calm Mind|p2a: Arceus
|-boost|p2a: Arceus|spa|1
|-boost|p2a: Arceus|spd|1
|
|-heal|p1a: Weavile|82/100|[from] item: Leftovers
|upkeep
|turn|32
|
|t:|1662177837
|move|p1a: Weavile|Assist|p1a: Weavile
|move|p1a: Weavile|Spore|p2a: Arceus|[from]move: Assist
|-status|p2a: Arceus|slp|[from] move: Spore
|cant|p2a: Arceus|slp
|
|-heal|p1a: Weavile|88/100|[from] item: Leftovers
|upkeep
|turn|33
|
|t:|1662177841
|move|p1a: Weavile|Swords Dance|p1a: Weavile
|-boost|p1a: Weavile|atk|2
|-curestatus|p2a: Arceus|slp|[msg]
|-activate|p2a: Arceus|confusion
|move|p2a: Arceus|Judgment|p1a: Weavile
|-resisted|p1a: Weavile
|-end|p1a: Weavile|Substitute
|
|-heal|p1a: Weavile|94/100|[from] item: Leftovers
|upkeep
|turn|34
|
|t:|1662177847
|move|p1a: Weavile|Assist|p1a: Weavile
|move|p1a: Weavile|Spore|p2a: Arceus|[from]move: Assist
|-status|p2a: Arceus|slp|[from] move: Spore
|cant|p2a: Arceus|slp
|
|-heal|p1a: Weavile|99/100|[from] item: Leftovers
|upkeep
|turn|35
|
|t:|1662177849
|move|p1a: Weavile|Substitute|p1a: Weavile
|-start|p1a: Weavile|Substitute
|-damage|p1a: Weavile|75/100
|-curestatus|p2a: Arceus|slp|[msg]
|-activate|p2a: Arceus|confusion
|-damage|p2a: Arceus|76/100|[from] confusion
|
|-heal|p1a: Weavile|81/100|[from] item: Leftovers
|upkeep
|turn|36
|
|t:|1662177853
|move|p1a: Weavile|Swords Dance|p1a: Weavile
|-boost|p1a: Weavile|atk|2
|-end|p2a: Arceus|confusion
|move|p2a: Arceus|Judgment|p1a: Weavile
|-resisted|p1a: Weavile
|-end|p1a: Weavile|Substitute
|
|-heal|p1a: Weavile|87/100|[from] item: Leftovers
|upkeep
|turn|37
|
|t:|1662177855
|move|p1a: Weavile|Assist|p1a: Weavile
|move|p1a: Weavile|Spore|p2a: Arceus|[from]move: Assist
|-status|p2a: Arceus|slp|[from] move: Spore
|cant|p2a: Arceus|slp
|
|-heal|p1a: Weavile|93/100|[from] item: Leftovers
|upkeep
|turn|38
|
|t:|1662177857
|move|p1a: Weavile|Substitute|p1a: Weavile
|-start|p1a: Weavile|Substitute
|-damage|p1a: Weavile|68/100
|cant|p2a: Arceus|slp
|
|-heal|p1a: Weavile|74/100|[from] item: Leftovers
|upkeep
|turn|39
|
|t:|1662177859
|move|p1a: Weavile|Swords Dance|p1a: Weavile
|-boost|p1a: Weavile|atk|2
|-curestatus|p2a: Arceus|slp|[msg]
|move|p2a: Arceus|Judgment|p1a: Weavile
|-resisted|p1a: Weavile
|-end|p1a: Weavile|Substitute
|
|-heal|p1a: Weavile|80/100|[from] item: Leftovers
|upkeep
|turn|40
|
|t:|1662177862
|-start|p2a: Arceus|Dynamax|
|-heal|p2a: Arceus|76/100|[silent]
|move|p1a: Weavile|Assist|p1a: Weavile
|move|p1a: Weavile|Spore|p2a: Arceus|[from]move: Assist
|-status|p2a: Arceus|slp|[from] move: Spore
|cant|p2a: Arceus|slp
|
|-heal|p1a: Weavile|86/100|[from] item: Leftovers
|upkeep
|turn|41
|
|t:|1662177864
|move|p1a: Weavile|Substitute|p1a: Weavile
|-start|p1a: Weavile|Substitute
|-damage|p1a: Weavile|61/100
|cant|p2a: Arceus|slp
|
|-heal|p1a: Weavile|67/100|[from] item: Leftovers
|upkeep
|turn|42
|
|t:|1662177866
|move|p1a: Weavile|Triple Axel|p2a: Arceus
|-resisted|p2a: Arceus
|-damage|p2a: Arceus|69/100 slp
|-resisted|p2a: Arceus
|-damage|p2a: Arceus|53/100 slp
|-resisted|p2a: Arceus
|-damage|p2a: Arceus|32/100 slp
|-hitcount|p2a: Arceus|3
|cant|p2a: Arceus|slp
|
|-heal|p1a: Weavile|73/100|[from] item: Leftovers
|upkeep
|-end|p2a: Arceus|Dynamax
|-heal|p2a: Arceus|32/100 slp|[silent]
|turn|43
|
|t:|1662177869
|move|p1a: Weavile|Triple Axel|p2a: Arceus
|-resisted|p2a: Arceus
|-damage|p2a: Arceus|16/100 slp
|-resisted|p2a: Arceus
|-damage|p2a: Arceus|0 fnt
|faint|p2a: Arceus
|-hitcount|p2: Arceus|2
|
|win|iroeweuio
|raw|iroeweuio's rating: 1697 &rarr; <strong>1720</strong><br />(+23 for winning)
|raw|Alice_Finnemore's rating: 1744 &rarr; <strong>1721</strong><br />(-23 for losing)
|l|☆Alice_Finnemore
||Ladder isn't responding, score probably updated but might not have (Request timeout).
