|j|☆keixchm
|j|☆DJ Phoenix da Poet
|t:|1656652955
|gametype|singles
|player|p1|keixchm|n|1626
|player|p2|DJ Phoenix da Poet|red|1655
|teamsize|p1|6
|teamsize|p2|6
|gen|8
|tier|[Gen 8] National Dex AG
|rated|
|rule|HP Percentage Mod: HP is shown in percentages
|rule|Endless Battle Clause: Forcing endless battles is banned
|clearpoke
|poke|p1|Calyrex-Ice|
|poke|p1|Magearna-Original|
|poke|p1|Groudon|
|poke|p1|Marshadow|
|poke|p1|Cresselia, F|
|poke|p1|Mimikyu, M|
|poke|p2|Necrozma-Dusk-Mane|
|poke|p2|Calyrex-Shadow|
|poke|p2|Zacian-*|
|poke|p2|Groudon|
|poke|p2|Ditto|
|poke|p2|Yveltal|
|teampreview
|
|t:|1656652992
|start
|switch|p1a: Marshadow|Marshadow|100/100
|switch|p2a: Yveltal|Yveltal|100/100
|-ability|p2a: Yveltal|Dark Aura
|turn|1
|inactive|Battle timer is ON: inactive players will automatically lose when time's up. (requested by keixchm)
|
|t:|1656653007
|-start|p2a: Yveltal|Dynamax|
|-heal|p2a: Yveltal|100/100|[silent]
|move|p1a: Marshadow|Close Combat|p2a: Yveltal
|-damage|p2a: Yveltal|73/100
|-unboost|p1a: Marshadow|def|1
|-unboost|p1a: Marshadow|spd|1
|move|p2a: Yveltal|Max Airstream|p1a: Marshadow
|-supereffective|p1a: Marshadow
|-enditem|p1a: Marshadow|Focus Sash
|-damage|p1a: Marshadow|1/100
|-boost|p2a: Yveltal|spe|1
|-damage|p2a: Yveltal|68/100|[from] item: Life Orb
|
|upkeep
|turn|2
|
|t:|1656653013
|move|p1a: Marshadow|Shadow Sneak|p2a: Yveltal
|-resisted|p2a: Yveltal
|-damage|p2a: Yveltal|61/100
|move|p2a: Yveltal|Max Airstream|p1a: Marshadow
|-supereffective|p1a: Marshadow
|-damage|p1a: Marshadow|0 fnt
|-boost|p2a: Yveltal|spe|1
|faint|p1a: Marshadow
|-damage|p2a: Yveltal|56/100|[from] item: Life Orb
|
|upkeep
|
|t:|1656653020
|switch|p1a: Magearna|Magearna-Original|100/100
|turn|3
|
|t:|1656653025
|move|p2a: Yveltal|Max Flare|p1a: Magearna
|-supereffective|p1a: Magearna
|-damage|p1a: Magearna|0 fnt
|-weather|SunnyDay
|faint|p1a: Magearna
|-damage|p2a: Yveltal|51/100|[from] item: Life Orb
|
|-weather|SunnyDay|[upkeep]
|upkeep
|
|t:|1656653032
|switch|p1a: Cresselia|Cresselia, F|100/100
|-end|p2a: Yveltal|Dynamax
|-heal|p2a: Yveltal|51/100|[silent]
|turn|4
|
|t:|1656653035
|move|p2a: Yveltal|Dark Pulse|p1a: Cresselia
|-supereffective|p1a: Cresselia
|-damage|p1a: Cresselia|26/100
|-damage|p2a: Yveltal|41/100|[from] item: Life Orb
|move|p1a: Cresselia|Trick Room|p1a: Cresselia
|-fieldstart|move: Trick Room|[of] p1a: Cresselia
|
|-weather|SunnyDay|[upkeep]
|upkeep
|turn|5
|
|t:|1656653041
|move|p1a: Cresselia|Lunar Dance|p1a: Cresselia
|faint|p1a: Cresselia
|move|p2a: Yveltal|Dark Pulse|p1: Cresselia|[notarget]
|-fail|p2a: Yveltal
|
|-weather|SunnyDay|[upkeep]
|upkeep
|
|t:|1656653062
|switch|p1a: Groudon|Groudon|100/100
|detailschange|p1a: Groudon|Groudon-Primal
|-primal|p1a: Groudon
|-weather|DesolateLand|[from] ability: Desolate Land|[of] p1a: Groudon
|turn|6
|
|t:|1656653068
|move|p1a: Groudon|Heat Crash|p2a: Yveltal
|-damage|p2a: Yveltal|0 fnt
|faint|p2a: Yveltal
|
|-weather|DesolateLand|[upkeep]
|upkeep
|
|t:|1656653073
|switch|p2a: Necrozma|Necrozma-Dusk-Mane|100/100
|turn|7
|
|t:|1656653078
|move|p2a: Necrozma|Earthquake|p1a: Groudon
|-supereffective|p1a: Groudon
|-damage|p1a: Groudon|51/100
|move|p1a: Groudon|Precipice Blades|p2a: Necrozma|[miss]
|-miss|p1a: Groudon|p2a: Necrozma
|
|-weather|DesolateLand|[upkeep]
|upkeep
|turn|8
|
|t:|1656653084
|move|p2a: Necrozma|Earthquake|p1a: Groudon
|-supereffective|p1a: Groudon
|-damage|p1a: Groudon|5/100
|move|p1a: Groudon|Precipice Blades|p2a: Necrozma
|-supereffective|p2a: Necrozma
|-damage|p2a: Necrozma|9/100
|-enditem|p2a: Necrozma|Weakness Policy
|-boost|p2a: Necrozma|atk|2|[from] item: Weakness Policy
|-boost|p2a: Necrozma|spa|2|[from] item: Weakness Policy
|
|-weather|DesolateLand|[upkeep]
|-fieldend|move: Trick Room
|upkeep
|turn|9
|
|t:|1656653090
|move|p1a: Groudon|Heat Crash|p2a: Necrozma
|-supereffective|p2a: Necrozma
|-damage|p2a: Necrozma|0 fnt
|faint|p2a: Necrozma
|
|-weather|DesolateLand|[upkeep]
|upkeep
|
|t:|1656653093
|switch|p2a: Calyrex|Calyrex-Shadow|100/100
|-ability|p2a: Calyrex|As One
|-ability|p2a: Calyrex|Unnerve
|turn|10
|inactive|keixchm has 120 seconds left.
|
|t:|1656653134
|move|p2a: Calyrex|Astral Barrage|p1a: Groudon
|-damage|p1a: Groudon|0 fnt
|faint|p1a: Groudon
|-weather|none
|-ability|p2a: Calyrex|Grim Neigh|boost
|-boost|p2a: Calyrex|spa|1
|
|upkeep
|
|t:|1656653137
|switch|p1a: Mimikyu|Mimikyu, M|100/100
|turn|11
|
|t:|1656653143
|move|p2a: Calyrex|Astral Barrage|p1a: Mimikyu
|-activate|p1a: Mimikyu|ability: Disguise
|-damage|p1a: Mimikyu|100/100
|detailschange|p1a: Mimikyu|Mimikyu-Busted, M
|-damage|p1a: Mimikyu|88/100|[from] pokemon: Mimikyu-Busted
|-enditem|p1a: Mimikyu|Red Card|[of] p2a: Calyrex
|drag|p2a: Groudon|Groudon|100/100
|detailschange|p2a: Groudon|Groudon-Primal
|-primal|p2a: Groudon
|-weather|DesolateLand|[from] ability: Desolate Land|[of] p2a: Groudon
|move|p1a: Mimikyu|Trick Room|p1a: Mimikyu
|-fieldstart|move: Trick Room|[of] p1a: Mimikyu
|
|-weather|DesolateLand|[upkeep]
|upkeep
|turn|12
|
|t:|1656653152
|move|p1a: Mimikyu|Shadow Claw|p2a: Groudon
|-crit|p2a: Groudon
|-damage|p2a: Groudon|68/100
|move|p2a: Groudon|Fire Punch|p1a: Mimikyu
|-damage|p1a: Mimikyu|0 fnt
|faint|p1a: Mimikyu
|
|-weather|DesolateLand|[upkeep]
|upkeep
|
|t:|1656653154
|switch|p1a: Calyrex|Calyrex-Ice|100/100
|-ability|p1a: Calyrex|As One
|-ability|p1a: Calyrex|Unnerve
|turn|13
|
|t:|1656653159
|-start|p1a: Calyrex|Dynamax|
|-heal|p1a: Calyrex|100/100|[silent]
|move|p1a: Calyrex|Max Hailstorm|p2a: Groudon
|-damage|p2a: Groudon|0 fnt
|-weather|Hail
|faint|p2a: Groudon
|-ability|p1a: Calyrex|Chilling Neigh|boost
|-boost|p1a: Calyrex|atk|1
|
|-weather|Hail|[upkeep]
|upkeep
|
|t:|1656653169
|switch|p2a: Calyrex|Calyrex-Shadow|100/100
|-ability|p2a: Calyrex|As One
|-ability|p2a: Calyrex|Unnerve
|turn|14
|
|t:|1656653183
|move|p1a: Calyrex|Max Hailstorm|p2a: Calyrex
|-enditem|p2a: Calyrex|Focus Sash
|-damage|p2a: Calyrex|1/100
|move|p2a: Calyrex|Astral Barrage|p1a: Calyrex
|-supereffective|p1a: Calyrex
|-damage|p1a: Calyrex|48/100
|
|-weather|Hail|[upkeep]
|-damage|p2a: Calyrex|0 fnt|[from] Hail
|faint|p2a: Calyrex
|upkeep
|
|t:|1656653188
|switch|p2a: Ditto|Ditto|100/100
|-transform|p2a: Ditto|p1a: Calyrex|[from] ability: Imposter
|turn|15
|
|t:|1656653199
|move|p2a: Ditto|Glacial Lance|p1a: Calyrex
|-resisted|p1a: Calyrex
|-damage|p1a: Calyrex|29/100
|move|p1a: Calyrex|Max Quake|p2a: Ditto
|-damage|p2a: Ditto|24/100
|-boost|p1a: Calyrex|spd|1
|
|-weather|Hail|[upkeep]
|-fieldend|move: Trick Room
|upkeep
|-end|p1a: Calyrex|Dynamax
|-heal|p1a: Calyrex|29/100|[silent]
|turn|16
|
|t:|1656653213
|move|p2a: Ditto|Seed Bomb|p1a: Calyrex
|-damage|p1a: Calyrex|0 fnt
|faint|p1a: Calyrex
|
|win|DJ Phoenix da Poet
|raw|keixchm's rating: 1626 &rarr; <strong>1608</strong><br />(-18 for losing)
|raw|DJ Phoenix da Poet's rating: 1655 &rarr; <strong>1673</strong><br />(+18 for winning)
