|j|☆stevecameback
|j|☆VsP 2969
|t:|1649653135
|gametype|singles
|player|p1|stevecameback|170|1106
|player|p2|VsP 2969|hilbert|1000
|teamsize|p1|6
|teamsize|p2|6
|gen|8
|tier|[Gen 8] National Dex AG
|rated|
|rule|HP Percentage Mod: HP is shown in percentages
|rule|Endless Battle Clause: Forcing endless battles is banned
|clearpoke
|poke|p1|Regieleki|
|poke|p1|Gengar, F|
|poke|p1|Garchomp, M|
|poke|p1|Shaymin-Sky|
|poke|p1|Cloyster, M|
|poke|p1|Smeargle, F|
|poke|p2|Deoxys-Speed|
|poke|p2|Deoxys-Speed|
|poke|p2|Eternatus|
|poke|p2|Xerneas-*|
|poke|p2|Necrozma-Dusk-Mane|
|poke|p2|Rayquaza|
|teampreview
|
|t:|1649653147
|start
|switch|p1a: Smeargle|Smeargle, F|100/100
|switch|p2a: Deoxys|Deoxys-Speed|100/100
|-ability|p2a: Deoxys|Pressure
|turn|1
|
|t:|1649653156
|move|p2a: Deoxys|Stealth Rock|p1a: Smeargle
|-sidestart|p1: stevecameback|move: Stealth Rock
|move|p1a: Smeargle|Substitute|p1a: Smeargle
|-start|p1a: Smeargle|Substitute
|-damage|p1a: Smeargle|75/100
|
|-heal|p1a: Smeargle|81/100|[from] item: Leftovers
|upkeep
|turn|2
|
|t:|1649653186
|move|p2a: Deoxys|Magic Coat|p2a: Deoxys
|-singleturn|p2a: Deoxys|move: Magic Coat
|move|p1a: Smeargle|Shell Smash|p1a: Smeargle
|-unboost|p1a: Smeargle|def|1
|-unboost|p1a: Smeargle|spd|1
|-boost|p1a: Smeargle|atk|2
|-boost|p1a: Smeargle|spa|2
|-boost|p1a: Smeargle|spe|2
|
|-heal|p1a: Smeargle|87/100|[from] item: Leftovers
|upkeep
|turn|3
|
|t:|1649653197
|switch|p2a: Deoxys|Deoxys-Speed|100/100
|-ability|p2a: Deoxys|Pressure
|move|p1a: Smeargle|Baton Pass|p1a: Smeargle
|
|t:|1649653205
|switch|p1a: Gengar|Gengar, F|100/100|[from]move: Baton Pass
|-damage|p1a: Gengar|88/100|[from] Stealth Rock
|
|upkeep
|turn|4
|
|t:|1649653213
|detailschange|p1a: Gengar|Gengar-Mega, F
|-mega|p1a: Gengar|Gengar|Gengarite
|move|p1a: Gengar|Dark Pulse|p2a: Deoxys
|-supereffective|p2a: Deoxys
|-damage|p2a: Deoxys|0 fnt
|faint|p2a: Deoxys
|
|upkeep
|inactive|Battle timer is ON: inactive players will automatically lose when time's up. (requested by stevecameback)
|
|t:|1649653253
|switch|p2a: Necrozma|Necrozma-Dusk-Mane|100/100
|turn|5
|
|t:|1649653262
|move|p1a: Gengar|Dark Pulse|p2a: Necrozma
|-supereffective|p2a: Necrozma
|-damage|p2a: Necrozma|11/100
|move|p2a: Necrozma|Rock Blast|p1a: Gengar
|-activate|p1a: Gengar|move: Substitute|[damage]
|-end|p1a: Gengar|Substitute
|-damage|p1a: Gengar|71/100
|-hitcount|p1a: Gengar|3
|
|upkeep
|turn|6
|
|t:|1649653278
|move|p1a: Gengar|Dark Pulse|p2a: Necrozma
|-supereffective|p2a: Necrozma
|-damage|p2a: Necrozma|0 fnt
|faint|p2a: Necrozma
|
|upkeep
|
|t:|1649653289
|switch|p2a: Xerneas|Xerneas|100/100
|-ability|p2a: Xerneas|Fairy Aura
|turn|7
|
|t:|1649653294
|move|p1a: Gengar|Dazzling Gleam|p2a: Xerneas
|-damage|p2a: Xerneas|36/100
|move|p2a: Xerneas|Moonblast|p1a: Gengar
|-resisted|p1a: Gengar
|-damage|p1a: Gengar|0 fnt
|faint|p1a: Gengar
|
|upkeep
|
|t:|1649653318
|switch|p1a: Regieleki|Regieleki|100/100
|-damage|p1a: Regieleki|88/100|[from] Stealth Rock
|turn|8
|
|t:|1649653341
|switch|p2a: Deoxys|Deoxys-Speed|100/100
|-ability|p2a: Deoxys|Pressure
|move|p1a: Regieleki|Thunder Cage|p2a: Deoxys
|-damage|p2a: Deoxys|24/100
|-activate|p2a: Deoxys|move: Thunder Cage|[of] p1a: Regieleki
|
|-damage|p2a: Deoxys|11/100|[from] move: Thunder Cage|[partiallytrapped]
|upkeep
|turn|9
|
|t:|1649653355
|move|p1a: Regieleki|Acrobatics|p2a: Deoxys
|-damage|p2a: Deoxys|0 fnt
|faint|p2a: Deoxys
|
|upkeep
|
|t:|1649653370
|switch|p2a: Rayquaza|Rayquaza|100/100
|-ability|p2a: Rayquaza|Air Lock
|turn|10
|
|t:|1649653377
|detailschange|p2a: Rayquaza|Rayquaza-Mega
|-mega|p2a: Rayquaza|Rayquaza|
|-weather|DeltaStream|[from] ability: Delta Stream|[of] p2a: Rayquaza
|move|p2a: Rayquaza|Extreme Speed|p1a: Regieleki
|-damage|p1a: Regieleki|8/100
|move|p1a: Regieleki|Thunder Cage|p2a: Rayquaza
|-activate||deltastream
|-resisted|p2a: Rayquaza
|-damage|p2a: Rayquaza|75/100
|-activate|p2a: Rayquaza|move: Thunder Cage|[of] p1a: Regieleki
|
|-weather|DeltaStream|[upkeep]
|-damage|p2a: Rayquaza|63/100|[from] move: Thunder Cage|[partiallytrapped]
|upkeep
|turn|11
|
|t:|1649653392
|switch|p1a: Garchomp|Garchomp, M|100/100
|move|p2a: Rayquaza|Extreme Speed|p1a: Garchomp
|-damage|p1a: Garchomp|65/100
|
|-weather|DeltaStream|[upkeep]
|-end|p2a: Rayquaza|Thunder Cage|[partiallytrapped]|[silent]
|upkeep
|turn|12
|
|t:|1649653409
|move|p1a: Garchomp|Breaking Swipe|p2a: Rayquaza
|-supereffective|p2a: Rayquaza
|-damage|p2a: Rayquaza|0 fnt
|faint|p2a: Rayquaza
|-weather|none
|
|upkeep
|
|t:|1649653416
|switch|p2a: Xerneas|Xerneas|36/100
|-ability|p2a: Xerneas|Fairy Aura
|turn|13
|
|t:|1649653431
|move|p1a: Garchomp|Earthquake|p2a: Xerneas
|-damage|p2a: Xerneas|0 fnt
|faint|p2a: Xerneas
|
|upkeep
|
|t:|1649653436
|switch|p2a: Eternatus|Eternatus|100/100
|-ability|p2a: Eternatus|Pressure
|turn|14
|
|t:|1649653447
|move|p1a: Garchomp|Breaking Swipe|p2a: Eternatus
|-supereffective|p2a: Eternatus
|-damage|p2a: Eternatus|58/100
|-unboost|p2a: Eternatus|atk|1
|-enditem|p2a: Eternatus|Weakness Policy
|-boost|p2a: Eternatus|atk|2|[from] item: Weakness Policy
|-boost|p2a: Eternatus|spa|2|[from] item: Weakness Policy
|move|p2a: Eternatus|Dynamax Cannon|p1a: Garchomp
|-supereffective|p1a: Garchomp
|-damage|p1a: Garchomp|0 fnt
|faint|p1a: Garchomp
|
|upkeep
|
|t:|1649653460
|switch|p1a: Shaymin|Shaymin-Sky|100/100
|-damage|p1a: Shaymin|76/100|[from] Stealth Rock
|turn|15
|-activate|p1a: Shaymin|item: Quick Claw
|
|t:|1649653468
|-start|p1a: Shaymin|Dynamax|
|-heal|p1a: Shaymin|76/100|[silent]
|move|p1a: Shaymin|Max Starfall|p2a: Eternatus
|-damage|p2a: Eternatus|24/100
|-fieldstart|move: Misty Terrain
|move|p2a: Eternatus|Flamethrower|p1a: Shaymin
|-supereffective|p1a: Shaymin
|-damage|p1a: Shaymin|0 fnt
|faint|p1a: Shaymin
|
|upkeep
|
|t:|1649653481
|switch|p1a: Cloyster|Cloyster, M|100/100
|-damage|p1a: Cloyster|76/100|[from] Stealth Rock
|turn|16
|
|t:|1649653489
|move|p2a: Eternatus|Dynamax Cannon|p1a: Cloyster
|-damage|p1a: Cloyster|0 fnt
|faint|p1a: Cloyster
|
|upkeep
|
|t:|1649653494
|switch|p1a: Smeargle|Smeargle, F|87/100
|-damage|p1a: Smeargle|75/100|[from] Stealth Rock
|turn|17
|
|t:|1649653501
|move|p2a: Eternatus|Dynamax Cannon|p1a: Smeargle
|-damage|p1a: Smeargle|0 fnt
|faint|p1a: Smeargle
|
|upkeep
|
|t:|1649653505
|switch|p1a: Regieleki|Regieleki|8/100
|-damage|p1a: Regieleki|0 fnt|[from] Stealth Rock
|faint|p1a: Regieleki
|
|win|VsP 2969
|raw|stevecameback's rating: 1106 &rarr; <strong>1074</strong><br />(-32 for losing)
|raw|VsP 2969's rating: 1000 &rarr; <strong>1052</strong><br />(+52 for winning)
|l|☆stevecameback
