|j|☆HisuianVoltorbCute
|j|☆Nobodi_Nowan
|t:|1661513651
|gametype|singles
|player|p1|HisuianVoltorbCute|caitlin|
|player|p2|Nobodi_Nowan|akari|
|teamsize|p1|6
|teamsize|p2|6
|gen|8
|tier|[Gen 8] National Dex AG
|rule|HP Percentage Mod: HP is shown in percentages
|rule|Endless Battle Clause: Forcing endless battles is banned
|clearpoke
|poke|p1|Gliscor, M|
|poke|p1|Ferrothorn, M|
|poke|p1|Togekiss, F|
|poke|p1|Barraskewda, F|
|poke|p1|Weavile, M|
|poke|p1|Dialga|
|poke|p2|Gliscor, F|
|poke|p2|Metagross|
|poke|p2|Kartana|
|poke|p2|Heatran, M|
|poke|p2|Chansey, F|
|poke|p2|Dragapult, F|
|teampreview
|inactive|Battle timer is ON: inactive players will automatically lose when time's up. (requested by HisuianVoltorbCute)
|c|☆Nobodi_Nowan|glhd
|c|☆Nobodi_Nowan|glhf*
|c|☆HisuianVoltorbCute|glhf
|c|☆HisuianVoltorbCute|ok
|inactive|Nobodi_Nowan has 270 seconds left.
|
|t:|1661513692
|start
|switch|p1a: Rawr|Dialga|100/100
|switch|p2a: Dragapult|Dragapult, F|100/100
|-ability|p1a: Rawr|Pressure
|turn|1
|
|t:|1661513702
|move|p2a: Dragapult|U-turn|p1a: Rawr
|-resisted|p1a: Rawr
|-damage|p1a: Rawr|94/100
|
|t:|1661513707
|switch|p2a: Chansey|Chansey, F|100/100|[from]move: U-turn
|move|p1a: Rawr|Ice Beam|p2a: Chansey
|-damage|p2a: Chansey|92/100
|
|upkeep
|turn|2
|
|t:|1661513718
|move|p1a: Rawr|Ice Beam|p2a: Chansey
|-damage|p2a: Chansey|83/100
|move|p2a: Chansey|Teleport|p2a: Chansey
|
|t:|1661513727
|switch|p2a: Metagross|Metagross|100/100|[from]move: Teleport
|
|upkeep
|turn|3
|
|t:|1661513735
|switch|p1a: Suicidal|Gliscor, M|100/100
|detailschange|p2a: Metagross|Metagross-Mega
|-mega|p2a: Metagross|Metagross|Metagrossite
|move|p2a: Metagross|Earthquake|p1a: Suicidal
|-immune|p1a: Suicidal
|
|upkeep
|turn|4
|
|t:|1661513748
|move|p2a: Metagross|Ice Punch|p1a: Suicidal
|-supereffective|p1a: Suicidal
|-enditem|p1a: Suicidal|Focus Sash
|-damage|p1a: Suicidal|1/100
|move|p1a: Suicidal|Earthquake|p2a: Metagross
|-supereffective|p2a: Metagross
|-crit|p2a: Metagross
|-damage|p2a: Metagross|23/100
|
|upkeep
|turn|5
|
|t:|1661513776
|switch|p1a: Just keep swimmin'|Barraskewda, F|100/100
|move|p2a: Metagross|Ice Punch|p1a: Just keep swimmin'
|-resisted|p1a: Just keep swimmin'
|-damage|p1a: Just keep swimmin'|62/100
|
|upkeep
|turn|6
|
|t:|1661513790
|move|p2a: Metagross|Bullet Punch|p1a: Just keep swimmin'
|-resisted|p1a: Just keep swimmin'
|-damage|p1a: Just keep swimmin'|32/100
|move|p1a: Just keep swimmin'|Flip Turn|p2a: Metagross
|-damage|p2a: Metagross|0 fnt
|faint|p2a: Metagross
|
|t:|1661513797
|switch|p1a: Suicidal|Gliscor, M|1/100|[from]move: Flip Turn
|
|upkeep
|
|t:|1661513811
|switch|p2a: Dragapult|Dragapult, F|100/100
|turn|7
|
|t:|1661513817
|move|p2a: Dragapult|U-turn|p1a: Suicidal
|-resisted|p1a: Suicidal
|-damage|p1a: Suicidal|0 fnt
|faint|p1a: Suicidal
|
|t:|1661513828
|switch|p2a: Heatran|Heatran, M|100/100|[from]move: U-turn
|-item|p2a: Heatran|Air Balloon
|
|upkeep
|
|t:|1661513841
|switch|p1a: Anti-Garchomp|Togekiss, F, shiny|100/100
|turn|8
|
|t:|1661513847
|move|p1a: Anti-Garchomp|Aura Sphere|p2a: Heatran
|-supereffective|p2a: Heatran
|-damage|p2a: Heatran|74/100
|-enditem|p2a: Heatran|Air Balloon
|move|p2a: Heatran|Taunt|p1a: Anti-Garchomp
|-start|p1a: Anti-Garchomp|move: Taunt
|
|upkeep
|turn|9
|
|t:|1661513868
|switch|p1a: Photosynthesis|Ferrothorn, M|100/100
|move|p2a: Heatran|Stealth Rock|p1a: Photosynthesis
|-sidestart|p1: HisuianVoltorbCute|move: Stealth Rock
|
|upkeep
|turn|10
|
|t:|1661513876
|move|p2a: Heatran|Taunt|p1a: Photosynthesis
|-start|p1a: Photosynthesis|move: Taunt
|cant|p1a: Photosynthesis|move: Taunt|Spikes
|
|upkeep
|turn|11
|
|t:|1661513880
|move|p2a: Heatran|Magma Storm|p1a: Photosynthesis|[miss]
|-miss|p2a: Heatran|p1a: Photosynthesis
|move|p1a: Photosynthesis|Body Press|p2a: Heatran
|-supereffective|p2a: Heatran
|-damage|p2a: Heatran|32/100
|
|upkeep
|turn|12
|
|t:|1661513890
|move|p2a: Heatran|Magma Storm|p1a: Photosynthesis
|-supereffective|p1a: Photosynthesis
|-enditem|p1a: Photosynthesis|Occa Berry|[eat]
|-enditem|p1a: Photosynthesis|Occa Berry|[weaken]
|-damage|p1a: Photosynthesis|14/100
|-activate|p1a: Photosynthesis|move: Magma Storm|[of] p2a: Heatran
|move|p1a: Photosynthesis|Body Press|p2a: Heatran
|-supereffective|p2a: Heatran
|-damage|p2a: Heatran|0 fnt
|faint|p2a: Heatran
|
|-end|p1a: Photosynthesis|Magma Storm|[partiallytrapped]|[silent]
|-end|p1a: Photosynthesis|move: Taunt
|upkeep
|
|t:|1661513905
|switch|p2a: Dragapult|Dragapult, F|100/100
|turn|13
|c|☆HisuianVoltorbCute|idk if im actually getting kinda good at the game
|
|t:|1661513928
|move|p2a: Dragapult|Shadow Ball|p1a: Photosynthesis
|-damage|p1a: Photosynthesis|0 fnt
|faint|p1a: Photosynthesis
|
|upkeep
|
|t:|1661513935
|switch|p1a: 😏|Weavile, M|100/100
|-damage|p1a: 😏|76/100|[from] Stealth Rock
|-ability|p1a: 😏|Pressure
|turn|14
|
|t:|1661513952
|-start|p2a: Dragapult|Dynamax|
|-heal|p2a: Dragapult|100/100|[silent]
|move|p2a: Dragapult|Max Wyrmwind|p1a: 😏
|-damage|p1a: 😏|0 fnt
|faint|p1a: 😏
|
|upkeep
|c|☆HisuianVoltorbCute|im prob gon lose cuz i say
|c|☆HisuianVoltorbCute|that
|c|☆HisuianVoltorbCute|but whatev
|
|t:|1661513964
|switch|p1a: Rawr|Dialga|94/100
|-damage|p1a: Rawr|88/100|[from] Stealth Rock
|-ability|p1a: Rawr|Pressure
|turn|15
|
|t:|1661513975
|-end|p2a: Dragapult|Dynamax
|-heal|p2a: Dragapult|100/100|[silent]
|switch|p2a: Chansey|Chansey, F|83/100
|-start|p1a: Rawr|Dynamax|
|-heal|p1a: Rawr|88/100|[silent]
|move|p1a: Rawr|Max Hailstorm|p2a: Chansey
|-damage|p2a: Chansey|70/100
|-weather|Hail
|
|-weather|Hail|[upkeep]
|-damage|p1a: Rawr|85/100|[from] Hail
|-damage|p2a: Chansey|63/100|[from] Hail
|upkeep
|turn|16
|
|t:|1661513988
|move|p1a: Rawr|Max Hailstorm|p2a: Chansey
|-damage|p2a: Chansey|51/100
|move|p2a: Chansey|Soft-Boiled|p2a: Chansey
|-heal|p2a: Chansey|100/100
|
|-weather|Hail|[upkeep]
|-damage|p1a: Rawr|82/100|[from] Hail
|-damage|p2a: Chansey|94/100|[from] Hail
|upkeep
|turn|17
|
|t:|1661514002
|move|p1a: Rawr|Max Flare|p2a: Chansey
|-damage|p2a: Chansey|82/100
|-weather|SunnyDay
|move|p2a: Chansey|Teleport|p2a: Chansey
|
|t:|1661514008
|switch|p2a: Kartana|Kartana|100/100|[from]move: Teleport
|
|-weather|SunnyDay|[upkeep]
|upkeep
|-end|p1a: Rawr|Dynamax
|-heal|p1a: Rawr|82/100|[silent]
|turn|18
|c|☆HisuianVoltorbCute|im swtting every weather
|
|t:|1661514022
|switch|p2a: Chansey|Chansey, F|82/100
|move|p1a: Rawr|Flamethrower|p2a: Chansey
|-damage|p2a: Chansey|69/100
|
|-weather|SunnyDay|[upkeep]
|upkeep
|turn|19
|
|t:|1661514030
|move|p1a: Rawr|Flamethrower|p2a: Chansey
|-damage|p2a: Chansey|55/100
|move|p2a: Chansey|Soft-Boiled|p2a: Chansey
|-heal|p2a: Chansey|100/100
|
|-weather|SunnyDay|[upkeep]
|upkeep
|turn|20
|
|t:|1661514041
|switch|p1a: Anti-Garchomp|Togekiss, F, shiny|100/100
|-damage|p1a: Anti-Garchomp|76/100|[from] Stealth Rock
|move|p2a: Chansey|Seismic Toss|p1a: Anti-Garchomp
|-damage|p1a: Anti-Garchomp|44/100
|
|-weather|SunnyDay|[upkeep]
|upkeep
|turn|21
|
|t:|1661514049
|switch|p2a: Dragapult|Dragapult, F|100/100
|move|p1a: Anti-Garchomp|Aura Sphere|p2a: Dragapult
|-immune|p2a: Dragapult
|
|-weather|none
|upkeep
|turn|22
|
|t:|1661514057
|move|p2a: Dragapult|Shadow Ball|p1a: Anti-Garchomp
|-damage|p1a: Anti-Garchomp|0 fnt
|faint|p1a: Anti-Garchomp
|
|upkeep
|
|t:|1661514062
|switch|p1a: Just keep swimmin'|Barraskewda, F|32/100
|-damage|p1a: Just keep swimmin'|20/100|[from] Stealth Rock
|-enditem|p1a: Just keep swimmin'|Aguav Berry|[eat]
|-heal|p1a: Just keep swimmin'|52/100|[from] item: Aguav Berry
|turn|23
|
|t:|1661514070
|move|p2a: Dragapult|Shadow Ball|p1a: Just keep swimmin'
|-crit|p1a: Just keep swimmin'
|-damage|p1a: Just keep swimmin'|0 fnt
|faint|p1a: Just keep swimmin'
|
|upkeep
|
|t:|1661514078
|switch|p1a: Rawr|Dialga|82/100
|-damage|p1a: Rawr|76/100|[from] Stealth Rock
|-ability|p1a: Rawr|Pressure
|turn|24
|c|☆HisuianVoltorbCute|ofc cuz i say that i lose lmao
|
|t:|1661514091
|move|p2a: Dragapult|Shadow Ball|p1a: Rawr
|-damage|p1a: Rawr|37/100
|move|p1a: Rawr|Ice Beam|p2a: Dragapult
|-supereffective|p2a: Dragapult
|-damage|p2a: Dragapult|0 fnt
|faint|p2a: Dragapult
|
|upkeep
|
|t:|1661514098
|switch|p2a: Chansey|Chansey, F|100/100
|turn|25
|
|t:|1661514101
|move|p1a: Rawr|Ice Beam|p2a: Chansey
|-damage|p2a: Chansey|91/100
|move|p2a: Chansey|Seismic Toss|p1a: Rawr
|-damage|p1a: Rawr|10/100
|
|upkeep
|turn|26
|
|t:|1661514107
|move|p1a: Rawr|Ice Beam|p2a: Chansey
|-damage|p2a: Chansey|83/100
|-status|p2a: Chansey|frz
|cant|p2a: Chansey|frz
|
|upkeep
|turn|27
|c|☆HisuianVoltorbCute|finally i got that stupid freeze
|
|t:|1661514120
|-curestatus|p2a: Chansey|frz|[from] ability: Natural Cure
|switch|p2a: Gliscor|Gliscor, F|100/100
|move|p1a: Rawr|Ice Beam|p2a: Gliscor
|-supereffective|p2a: Gliscor
|-damage|p2a: Gliscor|0 fnt
|faint|p2a: Gliscor
|
|upkeep
|
|t:|1661514127
|switch|p2a: Chansey|Chansey, F|83/100
|turn|28
|c|☆HisuianVoltorbCute|omg i forgot about that
|
|t:|1661514133
|move|p1a: Rawr|Ice Beam|p2a: Chansey
|-damage|p2a: Chansey|74/100
|move|p2a: Chansey|Seismic Toss|p1a: Rawr
|-damage|p1a: Rawr|0 fnt
|faint|p1a: Rawr
|
|win|Nobodi_Nowan
|c|☆Nobodi_Nowan|gg
|c|☆HisuianVoltorbCute|gg
|l|☆HisuianVoltorbCute
