|j|☆Nfbrbdj
|j|‽Pokeashbattle
|t:|1641711315
|gametype|singles
|player|p1|Nfbrbdj|li|1636
|player|p2|Pokeashbattle|ethan|1356
|teamsize|p1|6
|teamsize|p2|6
|gen|8
|tier|[Gen 8] National Dex AG
|rated|
|rule|HP Percentage Mod: HP is shown in percentages
|rule|Endless Battle Clause: Forcing endless battles is banned
|clearpoke
|poke|p1|Ho-Oh|
|poke|p1|Groudon|
|poke|p1|Arceus-*|
|poke|p1|Arceus-*|
|poke|p1|Xerneas-*|
|poke|p1|Rayquaza|
|poke|p2|Calyrex-Ice|
|poke|p2|Melmetal|
|poke|p2|Hatterene, F|
|poke|p2|Cranidos, M|
|poke|p2|Cresselia, F|
|poke|p2|Sudowoodo, F|
|teampreview
|inactive|Battle timer is ON: inactive players will automatically lose when time's up. (requested by Pokeashbattle)
|
|t:|1641711323
|start
|switch|p1a: Groudon|Groudon, shiny|100/100
|switch|p2a: Cranidos|Cranidos, M|100/100
|-ability|p2a: Cranidos|Mold Breaker
|detailschange|p1a: Groudon|Groudon-Primal, shiny
|-primal|p1a: Groudon
|-weather|DesolateLand|[from] ability: Desolate Land|[of] p1a: Groudon
|turn|1
|
|t:|1641711334
|move|p1a: Groudon|Stealth Rock|p2a: Cranidos
|-sidestart|p2: Pokeashbattle|move: Stealth Rock
|move|p2a: Cranidos|Stealth Rock|p1a: Groudon
|-sidestart|p1: Nfbrbdj|move: Stealth Rock
|
|-weather|DesolateLand|[upkeep]
|upkeep
|turn|2
|
|t:|1641711341
|move|p1a: Groudon|Precipice Blades|p2a: Cranidos
|-supereffective|p2a: Cranidos
|-enditem|p2a: Cranidos|Focus Sash
|-damage|p2a: Cranidos|1/100
|move|p2a: Cranidos|Toxic|p1a: Groudon
|-status|p1a: Groudon|tox
|
|-weather|DesolateLand|[upkeep]
|-damage|p1a: Groudon|94/100 tox|[from] psn
|upkeep
|turn|3
|
|t:|1641711351
|move|p1a: Groudon|Heat Crash|p2a: Cranidos
|-resisted|p2a: Cranidos
|-crit|p2a: Cranidos
|-damage|p2a: Cranidos|0 fnt
|faint|p2a: Cranidos
|
|-weather|DesolateLand|[upkeep]
|-damage|p1a: Groudon|82/100 tox|[from] psn
|upkeep
|
|t:|1641711358
|switch|p2a: Hatterene|Hatterene, F|100/100
|-damage|p2a: Hatterene|88/100|[from] Stealth Rock
|turn|4
|
|t:|1641711364
|move|p1a: Groudon|Heat Crash|p2a: Hatterene
|-damage|p2a: Hatterene|0 fnt
|faint|p2a: Hatterene
|
|-weather|DesolateLand|[upkeep]
|-damage|p1a: Groudon|63/100 tox|[from] psn
|upkeep
|
|t:|1641711372
|switch|p2a: Cresselia|Cresselia, F, shiny|100/100
|-damage|p2a: Cresselia|88/100|[from] Stealth Rock
|turn|5
|
|t:|1641711378
|move|p1a: Groudon|Heat Crash|p2a: Cresselia
|-damage|p2a: Cresselia|0 fnt
|faint|p2a: Cresselia
|
|-weather|DesolateLand|[upkeep]
|-damage|p1a: Groudon|39/100 tox|[from] psn
|upkeep
|
|t:|1641711382
|switch|p2a: Sudowoodo|Sudowoodo, F|100/100
|-damage|p2a: Sudowoodo|88/100|[from] Stealth Rock
|turn|6
|
|t:|1641711388
|move|p2a: Sudowoodo|Sucker Punch|p1a: Groudon
|-damage|p1a: Groudon|26/100 tox
|move|p1a: Groudon|Precipice Blades|p2a: Sudowoodo
|-supereffective|p2a: Sudowoodo
|-activate|p2a: Sudowoodo|item: Focus Band
|-damage|p2a: Sudowoodo|1/100
|
|-weather|DesolateLand|[upkeep]
|-damage|p1a: Groudon|0 fnt|[from] psn
|faint|p1a: Groudon
|-weather|none
|upkeep
|
|t:|1641711409
|switch|p1a: Ho-Oh|Ho-Oh, shiny|100/100
|-damage|p1a: Ho-Oh|51/100|[from] Stealth Rock
|turn|7
|
|t:|1641711415
|move|p1a: Ho-Oh|Flame Charge|p2a: Sudowoodo
|-resisted|p2a: Sudowoodo
|-damage|p2a: Sudowoodo|0 fnt
|-boost|p1a: Ho-Oh|spe|1
|faint|p2a: Sudowoodo
|
|upkeep
|
|t:|1641711421
|switch|p2a: Calyrex|Calyrex-Ice|100/100
|-ability|p2a: Calyrex|As One
|-ability|p2a: Calyrex|Unnerve
|-damage|p2a: Calyrex|76/100|[from] Stealth Rock
|turn|8
|
|t:|1641711430
|move|p1a: Ho-Oh|Sacred Fire|p2a: Calyrex
|-supereffective|p2a: Calyrex
|-damage|p2a: Calyrex|2/100
|-enditem|p2a: Calyrex|Aguav Berry|[eat]
|-heal|p2a: Calyrex|35/100|[from] item: Aguav Berry
|move|p2a: Calyrex|Trick Room|p2a: Calyrex
|-fieldstart|move: Trick Room|[of] p2a: Calyrex
|
|upkeep
|turn|9
|
|t:|1641711440
|-start|p2a: Calyrex|Dynamax
|-heal|p2a: Calyrex|35/100|[silent]
|move|p2a: Calyrex|Max Darkness|p1a: Ho-Oh
|-damage|p1a: Ho-Oh|0 fnt
|faint|p1a: Ho-Oh
|-ability|p2a: Calyrex|Chilling Neigh|boost
|-boost|p2a: Calyrex|atk|1
|
|upkeep
|
|t:|1641711463
|switch|p1a: Arceus|Arceus-Dark|100/100
|-damage|p1a: Arceus|88/100|[from] Stealth Rock
|turn|10
|
|t:|1641711468
|move|p2a: Calyrex|Max Flutterby|p1a: Arceus
|-supereffective|p1a: Arceus
|-damage|p1a: Arceus|0 fnt
|faint|p1a: Arceus
|-ability|p2a: Calyrex|Chilling Neigh|boost
|-boost|p2a: Calyrex|atk|1
|
|upkeep
|
|t:|1641711488
|switch|p1a: Xerneas|Xerneas, shiny|100/100
|-damage|p1a: Xerneas|88/100|[from] Stealth Rock
|-ability|p1a: Xerneas|Fairy Aura
|turn|11
|
|t:|1641711495
|move|p2a: Calyrex|Max Hailstorm|p1a: Xerneas
|-damage|p1a: Xerneas|0 fnt
|-weather|Hail
|faint|p1a: Xerneas
|-ability|p2a: Calyrex|Chilling Neigh|boost
|-boost|p2a: Calyrex|atk|1
|
|-weather|Hail|[upkeep]
|-end|p2a: Calyrex|Dynamax
|-heal|p2a: Calyrex|35/100|[silent]
|upkeep
|inactive|Nfbrbdj has 120 seconds left.
|
|t:|1641711517
|switch|p1a: Arceus|Arceus, shiny|100/100
|-damage|p1a: Arceus|88/100|[from] Stealth Rock
|turn|12
|inactive|Nfbrbdj has 120 seconds left.
|
|t:|1641711523
|move|p1a: Arceus|Extreme Speed|p2a: Calyrex
|-damage|p2a: Calyrex|16/100
|move|p2a: Calyrex|Glacial Lance|p1a: Arceus
|-damage|p1a: Arceus|0 fnt
|faint|p1a: Arceus
|-ability|p2a: Calyrex|Chilling Neigh|boost
|-boost|p2a: Calyrex|atk|1
|
|-weather|Hail|[upkeep]
|-fieldend|move: Trick Room
|upkeep
|inactive|Nfbrbdj has 120 seconds left.
|
|t:|1641711534
|switch|p1a: Rayquaza|Rayquaza, shiny|100/100
|-damage|p1a: Rayquaza|75/100|[from] Stealth Rock
|-ability|p1a: Rayquaza|Air Lock
|turn|13
|inactive|Nfbrbdj has 120 seconds left.
|
|t:|1641711544
|detailschange|p1a: Rayquaza|Rayquaza-Mega, shiny
|-mega|p1a: Rayquaza|Rayquaza|
|-weather|DeltaStream|[from] ability: Delta Stream|[of] p1a: Rayquaza
|move|p1a: Rayquaza|Scale Shot|p2a: Calyrex|[miss]
|-miss|p1a: Rayquaza|p2a: Calyrex
|move|p2a: Calyrex|Glacial Lance|p1a: Rayquaza
|-activate||deltastream
|-supereffective|p1a: Rayquaza
|-damage|p1a: Rayquaza|0 fnt
|faint|p1a: Rayquaza
|-weather|none
|
|win|Pokeashbattle
|raw|Nfbrbdj's rating: 1636 &rarr; <strong>1603</strong><br />(-33 for losing)
|raw|Pokeashbattle's rating: 1356 &rarr; <strong>1389</strong><br />(+33 for winning)
