|j|☆TwentyTwan
|j|☆spodod
|t:|1599586984
|player|p1|TwentyTwan|169|
|player|p2|spodod|veteran|
|teamsize|p1|6
|teamsize|p2|6
|gametype|singles
|gen|8
|tier|[Gen 8] National Dex AG
|clearpoke
|poke|p1|Shedinja|
|poke|p1|Corviknight, F|
|poke|p1|Diancie|
|poke|p1|Garchomp, F|
|poke|p1|Cinderace, F|
|poke|p1|Amoonguss, M|
|poke|p2|Aggron, M|
|poke|p2|Gengar, F|
|poke|p2|Terrakion|
|poke|p2|Klefki, F|
|poke|p2|Quagsire, F|
|poke|p2|Sneasel, F|
|rule|HP Percentage Mod: HP is shown in percentages
|rule|Endless Battle Clause: Forcing endless battles is banned
|teampreview
|j| NickePick
|c| NickePick|gl hf
|j| Aerialbanana
|c| NickePick|Heb link gestuurd voor jullie
|c|☆TwentyTwan|Yo thanks voor de link
|c| NickePick|<3
|c| Aerialbanana|gl hf jullie
|
|t:|1599587110
|start
|switch|p1a: Fantasy Rock|Diancie|100/100
|switch|p2a: KeyBoy|Klefki, F, shiny|100/100
|turn|1
|
|t:|1599587131
|detailschange|p1a: Fantasy Rock|Diancie-Mega
|-mega|p1a: Fantasy Rock|Diancie|Diancite
|move|p2a: KeyBoy|Magic Coat|p2a: KeyBoy
|-singleturn|p2a: KeyBoy|move: Magic Coat
|move|p1a: Fantasy Rock|Earth Power|p2a: KeyBoy
|-supereffective|p2a: KeyBoy
|-damage|p2a: KeyBoy|12/100
|
|upkeep
|turn|2
|
|t:|1599587142
|switch|p2a: StrangeBoy|Quagsire, F|100/100
|move|p1a: Fantasy Rock|Earth Power|p2a: StrangeBoy
|-damage|p2a: StrangeBoy|49/100
|
|-heal|p2a: StrangeBoy|56/100|[from] item: Leftovers
|upkeep
|turn|3
|
|t:|1599587158
|switch|p1a: Magic Paddo|Amoonguss, M, shiny|100/100
|move|p2a: StrangeBoy|Scald|p1a: Magic Paddo
|-resisted|p1a: Magic Paddo
|-damage|p1a: Magic Paddo|94/100
|-status|p1a: Magic Paddo|brn
|
|-heal|p2a: StrangeBoy|62/100|[from] item: Leftovers
|-heal|p1a: Magic Paddo|100/100 brn|[from] item: Black Sludge
|-damage|p1a: Magic Paddo|94/100 brn|[from] brn
|upkeep
|turn|4
|
|t:|1599587183
|switch|p2a: SmileyBoy|Gengar, F, shiny|100/100
|move|p1a: Magic Paddo|Spore|p2a: SmileyBoy
|-status|p2a: SmileyBoy|slp|[from] move: Spore
|
|-heal|p1a: Magic Paddo|100/100 brn|[from] item: Black Sludge
|-damage|p1a: Magic Paddo|94/100 brn|[from] brn
|upkeep
|turn|5
|
|t:|1599587198
|switch|p1a: Fantasy Rock|Diancie-Mega|100/100
|cant|p2a: SmileyBoy|slp
|
|upkeep
|turn|6
|
|t:|1599587211
|switch|p2a: BigBoy|Aggron, M, shiny|100/100
|move|p1a: Fantasy Rock|Earth Power|p2a: BigBoy
|-supereffective|p2a: BigBoy
|-ability|p2a: BigBoy|Sturdy
|-damage|p2a: BigBoy|1/100
|
|upkeep
|turn|7
|
|t:|1599587223
|detailschange|p2a: BigBoy|Aggron-Mega, M, shiny
|-mega|p2a: BigBoy|Aggron|Aggronite
|move|p1a: Fantasy Rock|Earth Power|p2a: BigBoy
|-supereffective|p2a: BigBoy
|-damage|p2a: BigBoy|0 fnt
|faint|p2a: BigBoy
|
|upkeep
|
|t:|1599587231
|switch|p2a: BulkyBoy|Terrakion, shiny|100/100
|turn|8
|
|t:|1599587239
|switch|p1a: Magic Paddo|Amoonguss, M, shiny|100/100 brn
|move|p2a: BulkyBoy|Sacred Sword|p1a: Magic Paddo
|-resisted|p1a: Magic Paddo
|-damage|p1a: Magic Paddo|78/100 brn
|
|-heal|p1a: Magic Paddo|84/100 brn|[from] item: Black Sludge
|-damage|p1a: Magic Paddo|78/100 brn|[from] brn
|upkeep
|turn|9
|
|t:|1599587252
|switch|p2a: SneakyBoy|Sneasel, F|100/100
|move|p1a: Magic Paddo|Toxic|p2a: SneakyBoy
|-status|p2a: SneakyBoy|tox
|
|-heal|p1a: Magic Paddo|84/100 brn|[from] item: Black Sludge
|-damage|p2a: SneakyBoy|95/100 tox|[from] psn
|-damage|p1a: Magic Paddo|78/100 brn|[from] brn
|upkeep
|turn|10
|
|t:|1599587268
|switch|p1a: Superior Scarm|Corviknight, F, shiny|100/100
|move|p2a: SneakyBoy|Psycho Cut|p1a: Superior Scarm
|-resisted|p1a: Superior Scarm
|-crit|p1a: Superior Scarm
|-damage|p1a: Superior Scarm|88/100
|
|-heal|p1a: Superior Scarm|94/100|[from] item: Leftovers
|-damage|p2a: SneakyBoy|83/100 tox|[from] psn
|upkeep
|turn|11
|
|t:|1599587277
|move|p1a: Superior Scarm|Bulk Up|p1a: Superior Scarm
|-boost|p1a: Superior Scarm|atk|1
|-boost|p1a: Superior Scarm|def|1
|move|p2a: SneakyBoy|Avalanche|p1a: Superior Scarm
|-damage|p1a: Superior Scarm|79/100
|
|-heal|p1a: Superior Scarm|85/100|[from] item: Leftovers
|-damage|p2a: SneakyBoy|65/100 tox|[from] psn
|upkeep
|turn|12
|
|t:|1599587292
|move|p2a: SneakyBoy|Brick Break|p1a: Superior Scarm
|-damage|p1a: Superior Scarm|74/100
|move|p1a: Superior Scarm|Bulk Up|p1a: Superior Scarm
|-boost|p1a: Superior Scarm|atk|1
|-boost|p1a: Superior Scarm|def|1
|
|-heal|p1a: Superior Scarm|80/100|[from] item: Leftovers
|-damage|p2a: SneakyBoy|41/100 tox|[from] psn
|upkeep
|turn|13
|
|t:|1599587307
|move|p2a: SneakyBoy|Foul Play|p1a: Superior Scarm
|-damage|p1a: Superior Scarm|54/100
|move|p1a: Superior Scarm|Bulk Up|p1a: Superior Scarm
|-boost|p1a: Superior Scarm|atk|1
|-boost|p1a: Superior Scarm|def|1
|
|-heal|p1a: Superior Scarm|60/100|[from] item: Leftovers
|-damage|p2a: SneakyBoy|11/100 tox|[from] psn
|upkeep
|turn|14
|
|t:|1599587325
|move|p2a: SneakyBoy|Brick Break|p1a: Superior Scarm
|-damage|p1a: Superior Scarm|53/100
|move|p1a: Superior Scarm|Roost|p1a: Superior Scarm
|-heal|p1a: Superior Scarm|100/100
|-singleturn|p1a: Superior Scarm|move: Roost
|
|-damage|p2a: SneakyBoy|0 fnt|[from] psn
|faint|p2a: SneakyBoy
|upkeep
|
|t:|1599587336
|switch|p2a: StrangeBoy|Quagsire, F|62/100
|turn|15
|
|t:|1599587344
|move|p1a: Superior Scarm|Body Press|p2a: StrangeBoy
|-damage|p2a: StrangeBoy|47/100
|move|p2a: StrangeBoy|Toxic|p1a: Superior Scarm
|-immune|p1a: Superior Scarm
|
|-heal|p2a: StrangeBoy|53/100|[from] item: Leftovers
|upkeep
|turn|16
|
|t:|1599587353
|move|p1a: Superior Scarm|Bulk Up|p1a: Superior Scarm
|-boost|p1a: Superior Scarm|atk|1
|-boost|p1a: Superior Scarm|def|1
|move|p2a: StrangeBoy|Stockpile|p2a: StrangeBoy
|-start|p2a: StrangeBoy|stockpile1
|-boost|p2a: StrangeBoy|def|1
|-boost|p2a: StrangeBoy|spd|1
|
|-heal|p2a: StrangeBoy|59/100|[from] item: Leftovers
|upkeep
|turn|17
|
|t:|1599587362
|move|p1a: Superior Scarm|Bulk Up|p1a: Superior Scarm
|-boost|p1a: Superior Scarm|atk|1
|-boost|p1a: Superior Scarm|def|1
|move|p2a: StrangeBoy|Stockpile|p2a: StrangeBoy
|-start|p2a: StrangeBoy|stockpile2
|-boost|p2a: StrangeBoy|def|1
|-boost|p2a: StrangeBoy|spd|1
|
|-heal|p2a: StrangeBoy|65/100|[from] item: Leftovers
|upkeep
|turn|18
|
|t:|1599587371
|move|p1a: Superior Scarm|Bulk Up|p1a: Superior Scarm
|-boost|p1a: Superior Scarm|atk|1
|-boost|p1a: Superior Scarm|def|1
|move|p2a: StrangeBoy|Stockpile|p2a: StrangeBoy
|-start|p2a: StrangeBoy|stockpile3
|-boost|p2a: StrangeBoy|def|1
|-boost|p2a: StrangeBoy|spd|1
|
|-heal|p2a: StrangeBoy|71/100|[from] item: Leftovers
|upkeep
|turn|19
|
|t:|1599587381
|move|p1a: Superior Scarm|Iron Head|p2a: StrangeBoy
|-resisted|p2a: StrangeBoy
|-damage|p2a: StrangeBoy|68/100
|move|p2a: StrangeBoy|Scald|p1a: Superior Scarm
|-damage|p1a: Superior Scarm|88/100
|
|-heal|p1a: Superior Scarm|94/100|[from] item: Leftovers
|-heal|p2a: StrangeBoy|74/100|[from] item: Leftovers
|upkeep
|turn|20
|
|t:|1599587416
|move|p1a: Superior Scarm|Body Press|p2a: StrangeBoy
|-damage|p2a: StrangeBoy|69/100
|move|p2a: StrangeBoy|Scald|p1a: Superior Scarm
|-damage|p1a: Superior Scarm|81/100
|
|-heal|p1a: Superior Scarm|87/100|[from] item: Leftovers
|-heal|p2a: StrangeBoy|75/100|[from] item: Leftovers
|upkeep
|turn|21
|
|t:|1599587432
|switch|p1a: Mememachine|Shedinja|100/100
|move|p2a: StrangeBoy|Scald|p1a: Mememachine
|-immune|p1a: Mememachine|[from] ability: Wonder Guard
|
|-heal|p2a: StrangeBoy|81/100|[from] item: Leftovers
|upkeep
|turn|22
|
|t:|1599587440
|move|p1a: Mememachine|Agility|p1a: Mememachine
|-boost|p1a: Mememachine|spe|2
|move|p2a: StrangeBoy|Toxic|p1a: Mememachine
|-status|p1a: Mememachine|tox
|
|-heal|p2a: StrangeBoy|87/100|[from] item: Leftovers
|-damage|p1a: Mememachine|0 fnt|[from] psn
|faint|p1a: Mememachine
|upkeep
|
|t:|1599587450
|switch|p1a: Magic Paddo|Amoonguss, M, shiny|100/100 brn
|turn|23
|
|t:|1599587477
|switch|p2a: KeyBoy|Klefki, F, shiny|12/100
|move|p1a: Magic Paddo|Energy Ball|p2a: KeyBoy
|-resisted|p2a: KeyBoy
|-damage|p2a: KeyBoy|0 fnt
|faint|p2a: KeyBoy
|
|-damage|p1a: Magic Paddo|94/100 brn|[from] brn
|upkeep
|
|t:|1599587486
|switch|p2a: SmileyBoy|Gengar, F, shiny|100/100 slp
|turn|24
|
|t:|1599587491
|switch|p1a: Fantasy Rock|Diancie-Mega|100/100
|-curestatus|p2a: SmileyBoy|slp|[msg]
|move|p2a: SmileyBoy|Hex|p1a: Fantasy Rock
|-crit|p1a: Fantasy Rock
|-damage|p1a: Fantasy Rock|42/100
|
|upkeep
|turn|25
|
|t:|1599587500
|move|p1a: Fantasy Rock|Protect|p1a: Fantasy Rock
|-singleturn|p1a: Fantasy Rock|Protect
|move|p2a: SmileyBoy|Hex|p1a: Fantasy Rock
|-activate|p1a: Fantasy Rock|move: Protect
|
|upkeep
|turn|26
|
|t:|1599587508
|move|p2a: SmileyBoy|Hex|p1a: Fantasy Rock
|-damage|p1a: Fantasy Rock|3/100
|move|p1a: Fantasy Rock|Earth Power|p2a: SmileyBoy
|-supereffective|p2a: SmileyBoy
|-damage|p2a: SmileyBoy|0 fnt
|faint|p2a: SmileyBoy
|
|upkeep
|j| Tientje007
|
|t:|1599587519
|switch|p2a: BulkyBoy|Terrakion, shiny|100/100
|turn|27
|
|t:|1599587527
|move|p2a: BulkyBoy|Close Combat|p1a: Fantasy Rock
|-damage|p1a: Fantasy Rock|0 fnt
|-unboost|p2a: BulkyBoy|def|1
|-unboost|p2a: BulkyBoy|spd|1
|faint|p1a: Fantasy Rock
|
|upkeep
|
|t:|1599587536
|switch|p1a: Magic Paddo|Amoonguss, M, shiny|100/100 brn
|turn|28
|
|t:|1599587542
|move|p2a: BulkyBoy|Close Combat|p1a: Magic Paddo
|-resisted|p1a: Magic Paddo
|-damage|p1a: Magic Paddo|68/100 brn
|-unboost|p2a: BulkyBoy|def|1
|-unboost|p2a: BulkyBoy|spd|1
|move|p1a: Magic Paddo|Spore|p2a: BulkyBoy
|-status|p2a: BulkyBoy|slp|[from] move: Spore
|
|-heal|p1a: Magic Paddo|74/100 brn|[from] item: Black Sludge
|-damage|p1a: Magic Paddo|68/100 brn|[from] brn
|upkeep
|turn|29
|
|t:|1599587554
|switch|p1a: DAAA CHOMP|Garchomp, F|100/100
|cant|p2a: BulkyBoy|slp
|
|upkeep
|turn|30
|
|t:|1599587559
|cant|p2a: BulkyBoy|slp
|move|p1a: DAAA CHOMP|Substitute|p1a: DAAA CHOMP
|-start|p1a: DAAA CHOMP|Substitute
|-damage|p1a: DAAA CHOMP|76/100
|
|-heal|p1a: DAAA CHOMP|82/100|[from] item: Leftovers
|upkeep
|turn|31
|
|t:|1599587565
|-curestatus|p2a: BulkyBoy|slp|[msg]
|move|p2a: BulkyBoy|Stone Edge|p1a: DAAA CHOMP
|-resisted|p1a: DAAA CHOMP
|-end|p1a: DAAA CHOMP|Substitute
|move|p1a: DAAA CHOMP|Earthquake|p2a: BulkyBoy
|-supereffective|p2a: BulkyBoy
|-damage|p2a: BulkyBoy|0 fnt
|faint|p2a: BulkyBoy
|
|-heal|p1a: DAAA CHOMP|88/100|[from] item: Leftovers
|upkeep
|
|t:|1599587576
|switch|p2a: StrangeBoy|Quagsire, F|87/100
|turn|32
|j| Reyggor
|
|t:|1599587583
|move|p1a: DAAA CHOMP|Substitute|p1a: DAAA CHOMP
|-start|p1a: DAAA CHOMP|Substitute
|-damage|p1a: DAAA CHOMP|63/100
|move|p2a: StrangeBoy|Stockpile|p2a: StrangeBoy
|-start|p2a: StrangeBoy|stockpile1
|-boost|p2a: StrangeBoy|def|1
|-boost|p2a: StrangeBoy|spd|1
|
|-heal|p1a: DAAA CHOMP|69/100|[from] item: Leftovers
|-heal|p2a: StrangeBoy|93/100|[from] item: Leftovers
|upkeep
|turn|33
|
|t:|1599587593
|move|p1a: DAAA CHOMP|Swords Dance|p1a: DAAA CHOMP
|-boost|p1a: DAAA CHOMP|atk|2
|move|p2a: StrangeBoy|Stockpile|p2a: StrangeBoy
|-start|p2a: StrangeBoy|stockpile2
|-boost|p2a: StrangeBoy|def|1
|-boost|p2a: StrangeBoy|spd|1
|
|-heal|p1a: DAAA CHOMP|75/100|[from] item: Leftovers
|-heal|p2a: StrangeBoy|99/100|[from] item: Leftovers
|upkeep
|turn|34
|
|t:|1599587602
|move|p1a: DAAA CHOMP|Swords Dance|p1a: DAAA CHOMP
|-boost|p1a: DAAA CHOMP|atk|2
|move|p2a: StrangeBoy|Stockpile|p2a: StrangeBoy
|-start|p2a: StrangeBoy|stockpile3
|-boost|p2a: StrangeBoy|def|1
|-boost|p2a: StrangeBoy|spd|1
|
|-heal|p1a: DAAA CHOMP|81/100|[from] item: Leftovers
|-heal|p2a: StrangeBoy|100/100|[from] item: Leftovers
|upkeep
|turn|35
|
|t:|1599587614
|move|p1a: DAAA CHOMP|Earthquake|p2a: StrangeBoy
|-damage|p2a: StrangeBoy|85/100
|move|p2a: StrangeBoy|Scald|p1a: DAAA CHOMP
|-activate|p1a: DAAA CHOMP|move: Substitute|[damage]
|
|-heal|p1a: DAAA CHOMP|88/100|[from] item: Leftovers
|-heal|p2a: StrangeBoy|91/100|[from] item: Leftovers
|upkeep
|turn|36
|
|t:|1599587624
|move|p1a: DAAA CHOMP|Earthquake|p2a: StrangeBoy
|-damage|p2a: StrangeBoy|75/100
|move|p2a: StrangeBoy|Scald|p1a: DAAA CHOMP
|-end|p1a: DAAA CHOMP|Substitute
|
|-heal|p1a: DAAA CHOMP|94/100|[from] item: Leftovers
|-heal|p2a: StrangeBoy|81/100|[from] item: Leftovers
|upkeep
|turn|37
|
|t:|1599587635
|move|p1a: DAAA CHOMP|Substitute|p1a: DAAA CHOMP
|-start|p1a: DAAA CHOMP|Substitute
|-damage|p1a: DAAA CHOMP|69/100
|move|p2a: StrangeBoy|Toxic||[still]
|-fail|p2a: StrangeBoy
|
|-heal|p1a: DAAA CHOMP|75/100|[from] item: Leftovers
|-heal|p2a: StrangeBoy|88/100|[from] item: Leftovers
|upkeep
|turn|38
|
|t:|1599587643
|move|p1a: DAAA CHOMP|Earthquake|p2a: StrangeBoy
|-damage|p2a: StrangeBoy|72/100
|move|p2a: StrangeBoy|Scald|p1a: DAAA CHOMP
|-crit|p1a: DAAA CHOMP
|-end|p1a: DAAA CHOMP|Substitute
|
|-heal|p1a: DAAA CHOMP|81/100|[from] item: Leftovers
|-heal|p2a: StrangeBoy|78/100|[from] item: Leftovers
|upkeep
|turn|39
|
|t:|1599587653
|switch|p1a: Magic Paddo|Amoonguss, M, shiny|100/100 brn
|move|p2a: StrangeBoy|Toxic||[still]
|-fail|p2a: StrangeBoy
|
|-heal|p2a: StrangeBoy|84/100|[from] item: Leftovers
|-damage|p1a: Magic Paddo|94/100 brn|[from] brn
|upkeep
|turn|40
|
|t:|1599587662
|move|p2a: StrangeBoy|Scald|p1a: Magic Paddo
|-resisted|p1a: Magic Paddo
|-damage|p1a: Magic Paddo|87/100 brn
|move|p1a: Magic Paddo|Toxic|p2a: StrangeBoy
|-status|p2a: StrangeBoy|tox
|
|-heal|p2a: StrangeBoy|90/100 tox|[from] item: Leftovers
|-heal|p1a: Magic Paddo|94/100 brn|[from] item: Black Sludge
|-damage|p2a: StrangeBoy|84/100 tox|[from] psn
|-damage|p1a: Magic Paddo|87/100 brn|[from] brn
|upkeep
|turn|41
|
|t:|1599587673
|move|p2a: StrangeBoy|Scald|p1a: Magic Paddo
|-resisted|p1a: Magic Paddo
|-damage|p1a: Magic Paddo|81/100 brn
|move|p1a: Magic Paddo|Energy Ball|p2a: StrangeBoy
|-supereffective|p2a: StrangeBoy
|-damage|p2a: StrangeBoy|29/100 tox
|
|-heal|p2a: StrangeBoy|36/100 tox|[from] item: Leftovers
|-heal|p1a: Magic Paddo|87/100 brn|[from] item: Black Sludge
|-damage|p2a: StrangeBoy|23/100 tox|[from] psn
|-damage|p1a: Magic Paddo|81/100 brn|[from] brn
|upkeep
|turn|42
|
|t:|1599587685
|move|p2a: StrangeBoy|Recover|p2a: StrangeBoy
|-heal|p2a: StrangeBoy|73/100 tox
|move|p1a: Magic Paddo|Energy Ball|p2a: StrangeBoy
|-supereffective|p2a: StrangeBoy
|-damage|p2a: StrangeBoy|24/100 tox
|
|-heal|p2a: StrangeBoy|30/100 tox|[from] item: Leftovers
|-heal|p1a: Magic Paddo|87/100 brn|[from] item: Black Sludge
|-damage|p2a: StrangeBoy|11/100 tox|[from] psn
|-damage|p1a: Magic Paddo|81/100 brn|[from] brn
|upkeep
|turn|43
|
|t:|1599587698
|switch|p1a: Hi-Usagi|Cinderace, F|100/100
|move|p2a: StrangeBoy|Recover|p2a: StrangeBoy
|-heal|p2a: StrangeBoy|61/100 tox
|
|-heal|p2a: StrangeBoy|68/100 tox|[from] item: Leftovers
|-damage|p2a: StrangeBoy|43/100 tox|[from] psn
|upkeep
|turn|44
|
|t:|1599587706
|switch|p1a: Superior Scarm|Corviknight, F, shiny|87/100
|move|p2a: StrangeBoy|Scald|p1a: Superior Scarm
|-damage|p1a: Superior Scarm|73/100
|-status|p1a: Superior Scarm|brn
|
|-heal|p1a: Superior Scarm|79/100 brn|[from] item: Leftovers
|-heal|p2a: StrangeBoy|49/100 tox|[from] item: Leftovers
|-damage|p1a: Superior Scarm|73/100 brn|[from] brn
|-damage|p2a: StrangeBoy|19/100 tox|[from] psn
|upkeep
|turn|45
|
|t:|1599587718
|switch|p1a: Magic Paddo|Amoonguss, M, shiny|100/100 brn
|move|p2a: StrangeBoy|Recover|p2a: StrangeBoy
|-heal|p2a: StrangeBoy|69/100 tox
|
|-heal|p2a: StrangeBoy|75/100 tox|[from] item: Leftovers
|-damage|p2a: StrangeBoy|38/100 tox|[from] psn
|-damage|p1a: Magic Paddo|94/100 brn|[from] brn
|upkeep
|turn|46
|
|t:|1599587726
|move|p2a: StrangeBoy|Recover|p2a: StrangeBoy
|-heal|p2a: StrangeBoy|88/100 tox
|move|p1a: Magic Paddo|Energy Ball|p2a: StrangeBoy
|-supereffective|p2a: StrangeBoy
|-damage|p2a: StrangeBoy|32/100 tox
|
|-heal|p2a: StrangeBoy|39/100 tox|[from] item: Leftovers
|-heal|p1a: Magic Paddo|100/100 brn|[from] item: Black Sludge
|-damage|p2a: StrangeBoy|0 fnt|[from] psn
|faint|p2a: StrangeBoy
|
|win|TwentyTwan
|upkeep
|c| Aerialbanana|gg
|c|☆TwentyTwan|GG
|c| NickePick|gg
|j| Shinzaru
|l| Tientje007
|l| NickePick
|c| Shinzaru|gg
|l| Shinzaru
|j| NickePick
