|j|☆iHaveAsthma
|j|☆Obito152001
|t:|1665515530
|gametype|singles
|player|p1|iHaveAsthma|doctor|1868
|player|p2|Obito152001|blue-gen3two|1981
|teamsize|p1|6
|teamsize|p2|6
|gen|8
|tier|[Gen 8] National Dex AG
|rated|
|rule|HP Percentage Mod: HP is shown in percentages
|rule|Endless Battle Clause: Forcing endless battles is banned
|clearpoke
|poke|p1|Rayquaza|
|poke|p1|Groudon|
|poke|p1|Arceus-*|
|poke|p1|Arceus-*|
|poke|p1|Tyranitar, F|
|poke|p1|Lugia|
|poke|p2|Groudon|
|poke|p2|Arceus-*|
|poke|p2|Zamazenta-*|
|poke|p2|Ditto|
|poke|p2|Rayquaza|
|poke|p2|Arceus-*|
|teampreview
|inactive|Battle timer is ON: inactive players will automatically lose when time's up. (requested by Obito152001)
|j| DoctahToboggan69
|
|t:|1665515551
|start
|switch|p1a: Groudon|Groudon|100/100
|switch|p2a: Arceus|Arceus-Fairy|100/100
|detailschange|p1a: Groudon|Groudon-Primal
|-primal|p1a: Groudon
|-weather|DesolateLand|[from] ability: Desolate Land|[of] p1a: Groudon
|turn|1
|
|t:|1665515558
|move|p1a: Groudon|Toxic|p2a: Arceus|[miss]
|-miss|p1a: Groudon|p2a: Arceus
|move|p2a: Arceus|Stealth Rock|p1a: Groudon
|-sidestart|p1: iHaveAsthma|move: Stealth Rock
|
|-weather|DesolateLand|[upkeep]
|upkeep
|turn|2
|
|t:|1665515577
|switch|p2a: Rayquaza|Rayquaza, shiny|100/100
|-ability|p2a: Rayquaza|Air Lock
|move|p1a: Groudon|Eruption|p2a: Rayquaza
|-resisted|p2a: Rayquaza
|-damage|p2a: Rayquaza|55/100
|
|-weather|DesolateLand|[upkeep]
|upkeep
|turn|3
|
|t:|1665515582
|-weather|none
|switch|p1a: Lugia|Lugia|100/100
|detailschange|p2a: Rayquaza|Rayquaza-Mega, shiny
|-mega|p2a: Rayquaza|Rayquaza|
|-weather|DeltaStream|[from] ability: Delta Stream|[of] p2a: Rayquaza
|move|p2a: Rayquaza|Draco Meteor|p1a: Lugia
|-damage|p1a: Lugia|74/100
|-unboost|p2a: Rayquaza|spa|2
|-damage|p2a: Rayquaza|45/100|[from] item: Life Orb
|
|-weather|DeltaStream|[upkeep]
|upkeep
|turn|4
|
|t:|1665515597
|-weather|none
|switch|p2a: Groudon|Groudon|100/100
|detailschange|p2a: Groudon|Groudon-Primal
|-primal|p2a: Groudon
|-weather|DesolateLand|[from] ability: Desolate Land|[of] p2a: Groudon
|move|p1a: Lugia|Defog|p2a: Groudon
|-unboost|p2a: Groudon|evasion|1
|-sideend|p1: iHaveAsthma|Stealth Rock|[from] move: Defog|[of] p1a: Lugia
|
|-weather|DesolateLand|[upkeep]
|upkeep
|turn|5
|
|t:|1665515604
|switch|p1a: Groudon|Groudon-Primal|100/100
|move|p2a: Groudon|Thunder Wave|p1a: Groudon
|-immune|p1a: Groudon
|
|-weather|DesolateLand|[upkeep]
|upkeep
|turn|6
|
|t:|1665515612
|move|p1a: Groudon|Eruption|p2a: Groudon
|-resisted|p2a: Groudon
|-damage|p2a: Groudon|37/100
|move|p2a: Groudon|Earthquake|p1a: Groudon
|-supereffective|p1a: Groudon
|-damage|p1a: Groudon|18/100
|
|-weather|DesolateLand|[upkeep]
|upkeep
|turn|7
|
|t:|1665515620
|move|p2a: Groudon|Earthquake|p1a: Groudon
|-supereffective|p1a: Groudon
|-damage|p1a: Groudon|0 fnt
|faint|p1a: Groudon
|
|-weather|DesolateLand|[upkeep]
|upkeep
|
|t:|1665515625
|switch|p1a: Rayquaza|Rayquaza|100/100
|-ability|p1a: Rayquaza|Air Lock
|turn|8
|
|t:|1665515632
|detailschange|p1a: Rayquaza|Rayquaza-Mega
|-mega|p1a: Rayquaza|Rayquaza|
|-weather|DeltaStream|[from] ability: Delta Stream|[of] p1a: Rayquaza
|move|p1a: Rayquaza|Earthquake|p2a: Groudon
|-supereffective|p2a: Groudon
|-damage|p2a: Groudon|0 fnt
|faint|p2a: Groudon
|
|-weather|DeltaStream|[upkeep]
|upkeep
|
|t:|1665515639
|switch|p2a: Arceus|Arceus-Fairy|100/100
|turn|9
|
|t:|1665515650
|move|p1a: Rayquaza|Dragon Ascent|p2a: Arceus
|-damage|p2a: Arceus|43/100
|-unboost|p1a: Rayquaza|def|1
|-unboost|p1a: Rayquaza|spd|1
|move|p2a: Arceus|Judgment|p1a: Rayquaza
|-supereffective|p1a: Rayquaza
|-crit|p1a: Rayquaza
|-enditem|p1a: Rayquaza|Focus Sash
|-damage|p1a: Rayquaza|1/100
|
|-weather|DeltaStream|[upkeep]
|upkeep
|turn|10
|
|t:|1665515655
|move|p1a: Rayquaza|Dragon Ascent|p2a: Arceus
|-damage|p2a: Arceus|0 fnt
|-unboost|p1a: Rayquaza|def|1
|-unboost|p1a: Rayquaza|spd|1
|faint|p2a: Arceus
|
|-weather|DeltaStream|[upkeep]
|upkeep
|
|t:|1665515663
|switch|p2a: Zamazenta|Zamazenta-Crowned|100/100
|-ability|p2a: Zamazenta|Dauntless Shield|boost
|-boost|p2a: Zamazenta|def|1
|turn|11
|inactive|iHaveAsthma has 120 seconds left.
|
|t:|1665515721
|move|p2a: Zamazenta|Wild Charge|p1a: Rayquaza
|-activate||deltastream
|-resisted|p1a: Rayquaza
|-damage|p1a: Rayquaza|0 fnt
|faint|p1a: Rayquaza
|-weather|none
|-damage|p2a: Zamazenta|99/100|[from] Recoil
|
|upkeep
|
|t:|1665515726
|switch|p1a: Arceus|Arceus-Ground|100/100
|turn|12
|
|t:|1665515730
|switch|p2a: Rayquaza|Rayquaza-Mega, shiny|45/100
|-weather|DeltaStream|[from] ability: Delta Stream|[of] p2a: Rayquaza
|move|p1a: Arceus|Calm Mind|p1a: Arceus
|-boost|p1a: Arceus|spa|1
|-boost|p1a: Arceus|spd|1
|
|-weather|DeltaStream|[upkeep]
|upkeep
|turn|13
|
|t:|1665515739
|move|p2a: Rayquaza|Dragon Ascent|p1a: Arceus
|-damage|p1a: Arceus|48/100
|-unboost|p2a: Rayquaza|def|1
|-unboost|p2a: Rayquaza|spd|1
|-damage|p2a: Rayquaza|35/100|[from] item: Life Orb
|move|p1a: Arceus|Ice Beam|p2a: Rayquaza
|-activate||deltastream
|-supereffective|p2a: Rayquaza
|-damage|p2a: Rayquaza|0 fnt
|faint|p2a: Rayquaza
|-weather|none
|
|upkeep
|
|t:|1665515748
|switch|p2a: Ditto|Ditto, shiny|100/100
|-transform|p2a: Ditto|p1a: Arceus|[from] ability: Imposter
|turn|14
|
|t:|1665515752
|move|p2a: Ditto|Ice Beam|p1a: Arceus
|-supereffective|p1a: Arceus
|-damage|p1a: Arceus|16/100
|move|p1a: Arceus|Recover|p1a: Arceus
|-heal|p1a: Arceus|66/100
|
|upkeep
|turn|15
|
|t:|1665515755
|move|p2a: Ditto|Ice Beam|p1a: Arceus
|-supereffective|p1a: Arceus
|-damage|p1a: Arceus|34/100
|move|p1a: Arceus|Recover|p1a: Arceus
|-heal|p1a: Arceus|84/100
|
|upkeep
|turn|16
|
|t:|1665515778
|switch|p2a: Arceus|Arceus|100/100
|move|p1a: Arceus|Calm Mind|p1a: Arceus
|-boost|p1a: Arceus|spa|1
|-boost|p1a: Arceus|spd|1
|
|upkeep
|turn|17
|
|t:|1665515784
|move|p2a: Arceus|Swords Dance|p2a: Arceus
|-boost|p2a: Arceus|atk|2
|move|p1a: Arceus|Judgment|p2a: Arceus
|-damage|p2a: Arceus|37/100
|
|upkeep
|turn|18
|
|t:|1665515790
|-start|p2a: Arceus|Dynamax|
|-heal|p2a: Arceus|37/100|[silent]
|move|p2a: Arceus|Max Strike|p1a: Arceus
|-damage|p1a: Arceus|20/100
|-unboost|p1a: Arceus|spe|1
|move|p1a: Arceus|Judgment|p2a: Arceus
|-damage|p2a: Arceus|3/100
|
|upkeep
|turn|19
|
|t:|1665515802
|move|p2a: Arceus|Max Strike|p1a: Arceus
|-damage|p1a: Arceus|0 fnt
|faint|p1a: Arceus
|
|upkeep
|
|t:|1665515805
|switch|p1a: Tyranitar|Tyranitar, F|100/100
|-weather|Sandstorm|[from] ability: Sand Stream|[of] p1a: Tyranitar
|turn|20
|
|t:|1665515811
|-end|p2a: Arceus|Dynamax
|-heal|p2a: Arceus|3/100|[silent]
|switch|p2a: Zamazenta|Zamazenta-Crowned|99/100
|-ability|p2a: Zamazenta|Dauntless Shield|boost
|-boost|p2a: Zamazenta|def|1
|switch|p1a: Lugia|Lugia|74/100
|
|-weather|Sandstorm|[upkeep]
|-damage|p1a: Lugia|67/100|[from] Sandstorm
|upkeep
|turn|21
|
|t:|1665515828
|switch|p2a: Ditto|Ditto, shiny|100/100
|-transform|p2a: Ditto|p1a: Lugia|[from] ability: Imposter
|move|p1a: Lugia|Thunder Wave|p2a: Ditto
|-status|p2a: Ditto|par
|
|-weather|Sandstorm|[upkeep]
|-damage|p1a: Lugia|61/100|[from] Sandstorm
|-damage|p2a: Ditto|94/100 par|[from] Sandstorm
|upkeep
|turn|22
|
|t:|1665515836
|move|p1a: Lugia|Recover|p1a: Lugia
|-heal|p1a: Lugia|100/100
|cant|p2a: Ditto|par
|
|-weather|Sandstorm|[upkeep]
|-damage|p1a: Lugia|94/100|[from] Sandstorm
|-damage|p2a: Ditto|88/100 par|[from] Sandstorm
|upkeep
|turn|23
|
|t:|1665515839
|switch|p1a: Tyranitar|Tyranitar, F|100/100
|cant|p2a: Ditto|par
|
|-weather|Sandstorm|[upkeep]
|-damage|p2a: Ditto|82/100 par|[from] Sandstorm
|upkeep
|turn|24
|
|t:|1665515864
|-activate|p2a: Ditto|move: Pursuit
|move|p1a: Tyranitar|Pursuit|p2a: Ditto|[from]Pursuit
|-supereffective|p2a: Ditto
|-damage|p2a: Ditto|30/100 par
|switch|p2a: Zamazenta|Zamazenta-Crowned|99/100
|-ability|p2a: Zamazenta|Dauntless Shield|boost
|-boost|p2a: Zamazenta|def|1
|
|-weather|none
|upkeep
|turn|25
|
|t:|1665515871
|switch|p1a: Lugia|Lugia|94/100
|move|p2a: Zamazenta|Behemoth Bash|p1a: Lugia
|-damage|p1a: Lugia|67/100
|
|upkeep
|turn|26
|
|t:|1665515882
|switch|p2a: Arceus|Arceus|3/100
|move|p1a: Lugia|Thunder Wave|p2a: Arceus
|-status|p2a: Arceus|par
|-enditem|p2a: Arceus|Lum Berry|[eat]
|-curestatus|p2a: Arceus|par|[msg]
|
|upkeep
|turn|27
|
|t:|1665515887
|move|p2a: Arceus|Recover|p2a: Arceus
|-heal|p2a: Arceus|53/100
|move|p1a: Lugia|Thunder Wave|p2a: Arceus
|-status|p2a: Arceus|par
|
|upkeep
|turn|28
|
|t:|1665515890
|move|p1a: Lugia|Recover|p1a: Lugia
|-heal|p1a: Lugia|100/100
|move|p2a: Arceus|Recover|p2a: Arceus
|-heal|p2a: Arceus|100/100 par
|
|upkeep
|turn|29
|
|t:|1665515893
|move|p2a: Arceus|Shadow Claw|p1a: Lugia
|-supereffective|p1a: Lugia
|-damage|p1a: Lugia|89/100
|move|p1a: Lugia|Roar|p2a: Arceus
|drag|p2a: Ditto|Ditto, shiny|30/100 par
|-transform|p2a: Ditto|p1a: Lugia|[from] ability: Imposter
|
|upkeep
|turn|30
|
|t:|1665515897
|switch|p1a: Tyranitar|Tyranitar, F|100/100
|-weather|Sandstorm|[from] ability: Sand Stream|[of] p1a: Tyranitar
|move|p2a: Ditto|Thunder Wave|p1a: Tyranitar
|-status|p1a: Tyranitar|par
|
|-weather|Sandstorm|[upkeep]
|-damage|p2a: Ditto|24/100 par|[from] Sandstorm
|upkeep
|turn|31
|
|t:|1665515910
|-activate|p2a: Ditto|move: Pursuit
|move|p1a: Tyranitar|Pursuit|p2a: Ditto|[from]Pursuit
|-supereffective|p2a: Ditto
|-damage|p2a: Ditto|0 fnt
|faint|p2a: Ditto
|-hint|A Pokemon can't switch between when it runs out of HP and when it faints
|
|-weather|Sandstorm|[upkeep]
|upkeep
|
|t:|1665515919
|switch|p2a: Zamazenta|Zamazenta-Crowned|99/100
|-ability|p2a: Zamazenta|Dauntless Shield|boost
|-boost|p2a: Zamazenta|def|1
|turn|32
|
|t:|1665515926
|move|p2a: Zamazenta|Wild Charge|p1a: Tyranitar
|-damage|p1a: Tyranitar|78/100 par
|-damage|p2a: Zamazenta|93/100|[from] Recoil
|move|p1a: Tyranitar|Earthquake|p2a: Zamazenta
|-supereffective|p2a: Zamazenta
|-damage|p2a: Zamazenta|62/100
|
|-weather|Sandstorm|[upkeep]
|-heal|p1a: Tyranitar|84/100 par|[from] item: Leftovers
|upkeep
|turn|33
|
|t:|1665515932
|switch|p1a: Lugia|Lugia|89/100
|move|p2a: Zamazenta|Close Combat|p1a: Lugia
|-resisted|p1a: Lugia
|-damage|p1a: Lugia|81/100
|-unboost|p2a: Zamazenta|def|1
|-unboost|p2a: Zamazenta|spd|1
|
|-weather|Sandstorm|[upkeep]
|-damage|p1a: Lugia|75/100|[from] Sandstorm
|upkeep
|turn|34
|
|t:|1665515939
|switch|p2a: Arceus|Arceus|100/100 par
|move|p1a: Lugia|Thunder Wave|p2a: Arceus
|-fail|p2a: Arceus|par
|
|-weather|none
|upkeep
|turn|35
|
|t:|1665515943
|cant|p2a: Arceus|par
|move|p1a: Lugia|Roar|p2a: Arceus
|drag|p2a: Zamazenta|Zamazenta-Crowned|62/100
|-ability|p2a: Zamazenta|Dauntless Shield|boost
|-boost|p2a: Zamazenta|def|1
|
|upkeep
|turn|36
|
|t:|1665515947
|switch|p2a: Arceus|Arceus|100/100 par
|move|p1a: Lugia|Thunder Wave|p2a: Arceus
|-fail|p2a: Arceus|par
|
|upkeep
|turn|37
|
|t:|1665515949
|move|p2a: Arceus|Swords Dance|p2a: Arceus
|-boost|p2a: Arceus|atk|2
|move|p1a: Lugia|Roar|p2a: Arceus
|drag|p2a: Zamazenta|Zamazenta-Crowned|62/100
|-ability|p2a: Zamazenta|Dauntless Shield|boost
|-boost|p2a: Zamazenta|def|1
|
|upkeep
|turn|38
|
|t:|1665515953
|switch|p2a: Arceus|Arceus|100/100 par
|switch|p1a: Tyranitar|Tyranitar, F|84/100 par
|-weather|Sandstorm|[from] ability: Sand Stream|[of] p1a: Tyranitar
|
|-weather|Sandstorm|[upkeep]
|-damage|p2a: Arceus|94/100 par|[from] Sandstorm
|-heal|p1a: Tyranitar|91/100 par|[from] item: Leftovers
|upkeep
|turn|39
|
|t:|1665515959
|switch|p2a: Zamazenta|Zamazenta-Crowned|62/100
|-ability|p2a: Zamazenta|Dauntless Shield|boost
|-boost|p2a: Zamazenta|def|1
|move|p1a: Tyranitar|Rock Tomb|p2a: Zamazenta|[miss]
|-miss|p1a: Tyranitar|p2a: Zamazenta
|
|-weather|Sandstorm|[upkeep]
|-heal|p1a: Tyranitar|97/100 par|[from] item: Leftovers
|upkeep
|turn|40
|
|t:|1665515965
|move|p2a: Zamazenta|Close Combat|p1a: Tyranitar
|-supereffective|p1a: Tyranitar
|-damage|p1a: Tyranitar|0 fnt
|-unboost|p2a: Zamazenta|def|1
|-unboost|p2a: Zamazenta|spd|1
|faint|p1a: Tyranitar
|
|-weather|Sandstorm|[upkeep]
|upkeep
|
|t:|1665515968
|switch|p1a: Arceus|Arceus-Flying|100/100
|turn|41
|
|t:|1665515982
|-start|p1a: Arceus|Dynamax|
|-heal|p1a: Arceus|100/100|[silent]
|move|p2a: Zamazenta|Wild Charge|p1a: Arceus
|-supereffective|p1a: Arceus
|-damage|p1a: Arceus|79/100
|-damage|p2a: Zamazenta|48/100|[from] Recoil
|move|p1a: Arceus|Max Airstream|p2a: Zamazenta
|-damage|p2a: Zamazenta|0 fnt
|-boost|p1a: Arceus|spe|1
|faint|p2a: Zamazenta
|
|-weather|Sandstorm|[upkeep]
|-damage|p1a: Arceus|76/100|[from] Sandstorm
|upkeep
|
|t:|1665515986
|switch|p2a: Arceus|Arceus|94/100 par
|turn|42
|
|t:|1665515999
|move|p1a: Arceus|Max Airstream|p2a: Arceus
|-damage|p2a: Arceus|41/100 par
|-boost|p1a: Arceus|spe|1
|move|p2a: Arceus|Recover|p2a: Arceus
|-heal|p2a: Arceus|91/100 par
|
|-weather|none
|upkeep
|turn|43
|
|t:|1665516004
|move|p1a: Arceus|Max Airstream|p2a: Arceus
|-damage|p2a: Arceus|34/100 par
|-boost|p1a: Arceus|spe|1
|move|p2a: Arceus|Recover|p2a: Arceus
|-heal|p2a: Arceus|84/100 par
|
|upkeep
|-end|p1a: Arceus|Dynamax
|-heal|p1a: Arceus|76/100|[silent]
|turn|44
|
|t:|1665516007
|move|p1a: Arceus|Swords Dance|p1a: Arceus
|-boost|p1a: Arceus|atk|2
|move|p2a: Arceus|Swords Dance|p2a: Arceus
|-boost|p2a: Arceus|atk|2
|
|upkeep
|turn|45
|
|t:|1665516015
|move|p2a: Arceus|Extreme Speed|p1a: Arceus
|-damage|p1a: Arceus|16/100
|move|p1a: Arceus|Fly||[still]
|-prepare|p1a: Arceus|Fly
|
|upkeep
|turn|46
|
|t:|1665516021
|move|p1a: Arceus|Fly|p2a: Arceus|[from]lockedmove
|-damage|p2a: Arceus|14/100 par
|move|p2a: Arceus|Recover|p2a: Arceus
|-heal|p2a: Arceus|64/100 par
|
|upkeep
|turn|47
|
|t:|1665516025
|move|p2a: Arceus|Extreme Speed|p1a: Arceus
|-damage|p1a: Arceus|0 fnt
|faint|p1a: Arceus
|
|upkeep
|
|t:|1665516029
|switch|p1a: Lugia|Lugia|75/100
|turn|48
|
|t:|1665516034
|move|p1a: Lugia|Recover|p1a: Lugia
|-heal|p1a: Lugia|100/100
|move|p2a: Arceus|Swords Dance|p2a: Arceus
|-boost|p2a: Arceus|atk|2
|
|upkeep
|turn|49
|
|t:|1665516036
|move|p1a: Lugia|Thunder Wave|p2a: Arceus
|-fail|p2a: Arceus|par
|move|p2a: Arceus|Swords Dance|p2a: Arceus
|-boost|p2a: Arceus|atk|2
|
|upkeep
|turn|50
|
|t:|1665516039
|move|p1a: Lugia|Thunder Wave|p2a: Arceus
|-fail|p2a: Arceus|par
|move|p2a: Arceus|Recover|p2a: Arceus
|-heal|p2a: Arceus|100/100 par
|
|upkeep
|turn|51
|
|t:|1665516042
|move|p1a: Lugia|Thunder Wave|p2a: Arceus
|-fail|p2a: Arceus|par
|move|p2a: Arceus|Shadow Claw|p1a: Lugia
|-supereffective|p1a: Lugia
|-damage|p1a: Lugia|55/100
|
|upkeep
|turn|52
|
|t:|1665516045
|move|p1a: Lugia|Recover|p1a: Lugia
|-heal|p1a: Lugia|100/100
|move|p2a: Arceus|Shadow Claw|p1a: Lugia
|-supereffective|p1a: Lugia
|-damage|p1a: Lugia|47/100
|
|upkeep
|turn|53
|
|t:|1665516047
|move|p2a: Arceus|Extreme Speed|p1a: Lugia
|-damage|p1a: Lugia|0 fnt
|faint|p1a: Lugia
|
|win|Obito152001
|raw|iHaveAsthma's rating: 1868 &rarr; <strong>1854</strong><br />(-14 for losing)
|raw|Obito152001's rating: 1981 &rarr; <strong>1995</strong><br />(+14 for winning)
|l|☆iHaveAsthma
