|j|☆mclovinstan ES
|j|‽Flynn Watson ^~^
|t:|1646153049
|gametype|singles
|player|p1|mclovinstan ES|ghetsis-gen5bw|1590
|player|p2|Flynn Watson ^~^|darach|1707
|teamsize|p1|6
|teamsize|p2|6
|gen|8
|tier|[Gen 8] National Dex AG
|rated|
|rule|HP Percentage Mod: HP is shown in percentages
|rule|Endless Battle Clause: Forcing endless battles is banned
|clearpoke
|poke|p1|Groudon|
|poke|p1|Yveltal|
|poke|p1|Rayquaza|
|poke|p1|Ditto|
|poke|p1|Kyogre|
|poke|p1|Zacian-*|
|poke|p2|Sableye, M|
|poke|p2|Chansey, F|
|poke|p2|Tyranitar, M|
|poke|p2|Lugia|
|poke|p2|Giratina|
|poke|p2|Quagsire, F|
|teampreview
|inactive|Battle timer is ON: inactive players will automatically lose when time's up. (requested by Flynn Watson ^~^)
|inactive|mclovinstan ES also wants the timer to be on.
|c|☆mclovinstan ES|glhf
|
|t:|1646153063
|start
|switch|p1a: big black man v2|Groudon, shiny|100/100
|switch|p2a: Sableye|Sableye, M|100/100
|detailschange|p1a: big black man v2|Groudon-Primal, shiny
|-primal|p1a: big black man v2
|-weather|DesolateLand|[from] ability: Desolate Land|[of] p1a: big black man v2
|turn|1
|
|t:|1646153067
|detailschange|p2a: Sableye|Sableye-Mega, M
|-mega|p2a: Sableye|Sableye|Sablenite
|move|p2a: Sableye|Protect|p2a: Sableye
|-singleturn|p2a: Sableye|Protect
|move|p1a: big black man v2|Heat Crash|p2a: Sableye
|-activate|p2a: Sableye|move: Protect
|
|-weather|DesolateLand|[upkeep]
|upkeep
|turn|2
|
|t:|1646153071
|switch|p2a: Giratina|Giratina|100/100
|-ability|p2a: Giratina|Pressure
|move|p1a: big black man v2|Heat Crash|p2a: Giratina
|-resisted|p2a: Giratina
|-damage|p2a: Giratina|92/100
|
|-weather|DesolateLand|[upkeep]
|-heal|p2a: Giratina|98/100|[from] item: Leftovers
|upkeep
|turn|3
|
|t:|1646153095
|-weather|none
|switch|p1a: Rayquaza|Rayquaza|100/100
|-ability|p1a: Rayquaza|Air Lock
|switch|p2a: Sableye|Sableye-Mega, M|100/100
|
|upkeep
|turn|4
|
|t:|1646153104
|detailschange|p1a: Rayquaza|Rayquaza-Mega
|-mega|p1a: Rayquaza|Rayquaza|
|-weather|DeltaStream|[from] ability: Delta Stream|[of] p1a: Rayquaza
|move|p1a: Rayquaza|Dragon Ascent|p2a: Sableye
|-damage|p2a: Sableye|23/100
|-unboost|p1a: Rayquaza|def|1
|-unboost|p1a: Rayquaza|spd|1
|-damage|p1a: Rayquaza|91/100|[from] item: Life Orb
|move|p2a: Sableye|Will-O-Wisp|p1a: Rayquaza|[miss]
|-miss|p2a: Sableye|p1a: Rayquaza
|
|-weather|DeltaStream|[upkeep]
|upkeep
|turn|5
|
|t:|1646153118
|switch|p2a: Lugia|Lugia|100/100
|move|p1a: Rayquaza|Ice Beam|p2a: Lugia
|-activate||deltastream
|-damage|p2a: Lugia|90/100
|-damage|p1a: Rayquaza|81/100|[from] item: Life Orb
|
|-weather|DeltaStream|[upkeep]
|-heal|p2a: Lugia|96/100|[from] item: Leftovers
|upkeep
|turn|6
|
|t:|1646153128
|move|p1a: Rayquaza|Dragon Ascent|p2a: Lugia
|-damage|p2a: Lugia|45/100
|-unboost|p1a: Rayquaza|def|1
|-unboost|p1a: Rayquaza|spd|1
|-damage|p1a: Rayquaza|71/100|[from] item: Life Orb
|move|p2a: Lugia|Roost|p2a: Lugia
|-heal|p2a: Lugia|95/100
|-singleturn|p2a: Lugia|move: Roost
|
|-weather|DeltaStream|[upkeep]
|-heal|p2a: Lugia|100/100|[from] item: Leftovers
|upkeep
|turn|7
|
|t:|1646153135
|move|p1a: Rayquaza|Dragon Ascent|p2a: Lugia
|-damage|p2a: Lugia|75/100
|-unboost|p1a: Rayquaza|def|1
|-unboost|p1a: Rayquaza|spd|1
|-damage|p1a: Rayquaza|61/100|[from] item: Life Orb
|move|p2a: Lugia|Toxic|p1a: Rayquaza
|-status|p1a: Rayquaza|tox
|
|-weather|DeltaStream|[upkeep]
|-heal|p2a: Lugia|82/100|[from] item: Leftovers
|-damage|p1a: Rayquaza|55/100 tox|[from] psn
|upkeep
|turn|8
|
|t:|1646153141
|move|p1a: Rayquaza|Dragon Ascent|p2a: Lugia
|-damage|p2a: Lugia|34/100
|-unboost|p1a: Rayquaza|def|1
|-unboost|p1a: Rayquaza|spd|1
|-damage|p1a: Rayquaza|45/100 tox|[from] item: Life Orb
|move|p2a: Lugia|Roost|p2a: Lugia
|-heal|p2a: Lugia|84/100
|-singleturn|p2a: Lugia|move: Roost
|
|-weather|DeltaStream|[upkeep]
|-heal|p2a: Lugia|90/100|[from] item: Leftovers
|-damage|p1a: Rayquaza|33/100 tox|[from] psn
|upkeep
|turn|9
|
|t:|1646153144
|move|p1a: Rayquaza|Dragon Ascent|p2a: Lugia
|-damage|p2a: Lugia|42/100
|-unboost|p1a: Rayquaza|def|1
|-unboost|p1a: Rayquaza|spd|1
|-damage|p1a: Rayquaza|23/100 tox|[from] item: Life Orb
|move|p2a: Lugia|Roost|p2a: Lugia
|-heal|p2a: Lugia|92/100
|-singleturn|p2a: Lugia|move: Roost
|
|-weather|DeltaStream|[upkeep]
|-heal|p2a: Lugia|99/100|[from] item: Leftovers
|-damage|p1a: Rayquaza|5/100 tox|[from] psn
|upkeep
|turn|10
|
|t:|1646153147
|move|p1a: Rayquaza|Dragon Ascent|p2a: Lugia
|-crit|p2a: Lugia
|-damage|p2a: Lugia|19/100
|-unboost|p1a: Rayquaza|def|1
|-unboost|p1a: Rayquaza|spd|1
|-damage|p1a: Rayquaza|0 fnt|[from] item: Life Orb
|faint|p1a: Rayquaza
|-weather|none
|move|p2a: Lugia|Roost|p2a: Lugia
|-heal|p2a: Lugia|69/100
|-singleturn|p2a: Lugia|move: Roost
|
|-heal|p2a: Lugia|76/100|[from] item: Leftovers
|upkeep
|
|t:|1646153160
|switch|p1a: Zacian|Zacian-Crowned, shiny|100/100
|-ability|p1a: Zacian|Intrepid Sword|boost
|-boost|p1a: Zacian|atk|1
|turn|11
|
|t:|1646153166
|switch|p2a: Quagsire|Quagsire, F|100/100
|move|p1a: Zacian|Wild Charge|p2a: Quagsire
|-immune|p2a: Quagsire
|
|upkeep
|turn|12
|
|t:|1646153181
|switch|p1a: Kyogre|Kyogre, shiny|100/100
|detailschange|p1a: Kyogre|Kyogre-Primal, shiny
|-primal|p1a: Kyogre
|-weather|PrimordialSea|[from] ability: Primordial Sea|[of] p1a: Kyogre
|move|p2a: Quagsire|Toxic|p1a: Kyogre
|-status|p1a: Kyogre|tox
|
|-weather|PrimordialSea|[upkeep]
|-damage|p1a: Kyogre|94/100 tox|[from] psn
|upkeep
|turn|13
|
|t:|1646153187
|switch|p2a: Chansey|Chansey, F|100/100
|move|p1a: Kyogre|Water Spout|p2a: Chansey
|-damage|p2a: Chansey|67/100
|
|-weather|PrimordialSea|[upkeep]
|-damage|p1a: Kyogre|82/100 tox|[from] psn
|upkeep
|turn|14
|
|t:|1646153194
|-weather|none
|switch|p1a: Zacian|Zacian-Crowned, shiny|100/100
|-ability|p1a: Zacian|Intrepid Sword|boost
|-boost|p1a: Zacian|atk|1
|move|p2a: Chansey|Soft-Boiled|p2a: Chansey
|-heal|p2a: Chansey|100/100
|
|upkeep
|turn|15
|
|t:|1646153201
|switch|p2a: Quagsire|Quagsire, F|100/100
|move|p1a: Zacian|Play Rough|p2a: Quagsire|[miss]
|-miss|p1a: Zacian|p2a: Quagsire
|
|upkeep
|turn|16
|
|t:|1646153209
|move|p1a: Zacian|Close Combat|p2a: Quagsire
|-damage|p2a: Quagsire|67/100
|-unboost|p1a: Zacian|def|1
|-unboost|p1a: Zacian|spd|1
|-damage|p1a: Zacian|84/100|[from] item: Rocky Helmet|[of] p2a: Quagsire
|move|p2a: Quagsire|Curse|p2a: Quagsire
|-unboost|p2a: Quagsire|spe|1
|-boost|p2a: Quagsire|atk|1
|-boost|p2a: Quagsire|def|1
|
|upkeep
|turn|17
|
|t:|1646153218
|switch|p1a: sus|Ditto, shiny|100/100
|-transform|p1a: sus|p2a: Quagsire|[from] ability: Imposter
|move|p2a: Quagsire|Toxic|p1a: sus
|-status|p1a: sus|tox
|
|-damage|p1a: sus|94/100 tox|[from] psn
|upkeep
|turn|18
|
|t:|1646153224
|switch|p2a: Sableye|Sableye-Mega, M|23/100
|move|p1a: sus|Toxic|p2a: Sableye
|move|p2a: Sableye|Toxic|p1a: sus|[from]ability: Magic Bounce|[miss]
|-miss|p2a: Sableye|p1a: sus
|
|-damage|p1a: sus|82/100 tox|[from] psn
|upkeep
|turn|19
|
|t:|1646153240
|switch|p1a: Zacian|Zacian-Crowned, shiny|84/100
|-ability|p1a: Zacian|Intrepid Sword|boost
|-boost|p1a: Zacian|atk|1
|move|p2a: Sableye|Recover|p2a: Sableye
|-heal|p2a: Sableye|73/100
|
|upkeep
|turn|20
|
|t:|1646153246
|move|p1a: Zacian|Play Rough|p2a: Sableye
|-supereffective|p2a: Sableye
|-damage|p2a: Sableye|0 fnt
|faint|p2a: Sableye
|
|upkeep
|
|t:|1646153249
|switch|p2a: Quagsire|Quagsire, F|67/100
|turn|21
|
|t:|1646153260
|move|p1a: Zacian|Close Combat|p2a: Quagsire
|-damage|p2a: Quagsire|33/100
|-unboost|p1a: Zacian|def|1
|-unboost|p1a: Zacian|spd|1
|-damage|p1a: Zacian|67/100|[from] item: Rocky Helmet|[of] p2a: Quagsire
|move|p2a: Quagsire|Recover|p2a: Quagsire
|-heal|p2a: Quagsire|83/100
|
|upkeep
|turn|22
|
|t:|1646153268
|switch|p1a: scary santa|Yveltal|100/100
|-ability|p1a: scary santa|Dark Aura
|move|p2a: Quagsire|Earthquake|p1a: scary santa
|-immune|p1a: scary santa
|
|upkeep
|turn|23
|
|t:|1646153274
|switch|p2a: Tyranitar|Tyranitar, M|100/100
|-weather|Sandstorm|[from] ability: Sand Stream|[of] p2a: Tyranitar
|move|p1a: scary santa|Oblivion Wing|p2a: Tyranitar
|-resisted|p2a: Tyranitar
|-crit|p2a: Tyranitar
|-damage|p2a: Tyranitar|83/100
|-damage|p1a: scary santa|91/100|[from] item: Life Orb
|
|-weather|Sandstorm|[upkeep]
|-damage|p1a: scary santa|84/100|[from] Sandstorm
|-heal|p2a: Tyranitar|89/100|[from] item: Leftovers
|upkeep
|turn|24
|
|t:|1646153281
|switch|p1a: big black man v2|Groudon-Primal, shiny|100/100
|-weather|DesolateLand|[from] ability: Desolate Land|[of] p1a: big black man v2
|move|p2a: Tyranitar|Stealth Rock|p1a: big black man v2
|-sidestart|p1: mclovinstan ES|move: Stealth Rock
|
|-weather|DesolateLand|[upkeep]
|-heal|p2a: Tyranitar|96/100|[from] item: Leftovers
|upkeep
|turn|25
|
|t:|1646153286
|switch|p2a: Giratina|Giratina|98/100
|-ability|p2a: Giratina|Pressure
|move|p1a: big black man v2|Heat Crash|p2a: Giratina
|-resisted|p2a: Giratina
|-damage|p2a: Giratina|89/100
|
|-weather|DesolateLand|[upkeep]
|-heal|p2a: Giratina|95/100|[from] item: Leftovers
|upkeep
|turn|26
|
|t:|1646153291
|move|p1a: big black man v2|Dragon Claw|p2a: Giratina
|-supereffective|p2a: Giratina
|-damage|p2a: Giratina|61/100
|move|p2a: Giratina|Toxic|p1a: big black man v2
|-status|p1a: big black man v2|tox
|
|-weather|DesolateLand|[upkeep]
|-heal|p2a: Giratina|67/100|[from] item: Leftovers
|-damage|p1a: big black man v2|94/100 tox|[from] psn
|upkeep
|turn|27
|
|t:|1646153296
|move|p1a: big black man v2|Dragon Claw|p2a: Giratina
|-supereffective|p2a: Giratina
|-damage|p2a: Giratina|31/100
|move|p2a: Giratina|Rest|p2a: Giratina
|-status|p2a: Giratina|slp|[from] move: Rest
|-heal|p2a: Giratina|100/100 slp|[silent]
|
|-weather|DesolateLand|[upkeep]
|-damage|p1a: big black man v2|82/100 tox|[from] psn
|upkeep
|turn|28
|
|t:|1646153302
|-weather|none
|switch|p1a: Zacian|Zacian-Crowned, shiny|67/100
|-damage|p1a: Zacian|61/100|[from] Stealth Rock
|-ability|p1a: Zacian|Intrepid Sword|boost
|-boost|p1a: Zacian|atk|1
|switch|p2a: Lugia|Lugia|76/100
|
|-heal|p2a: Lugia|82/100|[from] item: Leftovers
|upkeep
|turn|29
|
|t:|1646153313
|move|p1a: Zacian|Wild Charge|p2a: Lugia
|-supereffective|p2a: Lugia
|-damage|p2a: Lugia|22/100
|-damage|p1a: Zacian|42/100|[from] Recoil
|move|p2a: Lugia|Roost|p2a: Lugia
|-heal|p2a: Lugia|72/100
|-singleturn|p2a: Lugia|move: Roost
|
|-heal|p2a: Lugia|79/100|[from] item: Leftovers
|upkeep
|turn|30
|
|t:|1646153318
|move|p1a: Zacian|Wild Charge|p2a: Lugia
|-supereffective|p2a: Lugia
|-damage|p2a: Lugia|25/100
|-damage|p1a: Zacian|25/100|[from] Recoil
|move|p2a: Lugia|Roost|p2a: Lugia
|-heal|p2a: Lugia|75/100
|-singleturn|p2a: Lugia|move: Roost
|
|-heal|p2a: Lugia|82/100|[from] item: Leftovers
|upkeep
|turn|31
|
|t:|1646153323
|move|p1a: Zacian|Wild Charge|p2a: Lugia
|-supereffective|p2a: Lugia
|-damage|p2a: Lugia|29/100
|-damage|p1a: Zacian|8/100|[from] Recoil
|move|p2a: Lugia|Roost|p2a: Lugia
|-heal|p2a: Lugia|79/100
|-singleturn|p2a: Lugia|move: Roost
|
|-heal|p2a: Lugia|85/100|[from] item: Leftovers
|upkeep
|turn|32
|
|t:|1646153325
|move|p1a: Zacian|Wild Charge|p2a: Lugia
|-supereffective|p2a: Lugia
|-damage|p2a: Lugia|31/100
|-damage|p1a: Zacian|0 fnt|[from] Recoil
|faint|p1a: Zacian
|move|p2a: Lugia|Roost|p2a: Lugia
|-heal|p2a: Lugia|81/100
|-singleturn|p2a: Lugia|move: Roost
|
|-heal|p2a: Lugia|87/100|[from] item: Leftovers
|upkeep
|-message|mclovinstan ES forfeited.
|
|win|Flynn Watson ^~^
|raw|mclovinstan ES's rating: 1590 &rarr; <strong>1576</strong><br />(-14 for losing)
|raw|Flynn Watson ^~^'s rating: 1707 &rarr; <strong>1721</strong><br />(+14 for winning)
|l|☆mclovinstan ES
||Ladder isn't responding, score probably updated but might not have (Request timeout).
