|j|☆Raid-Z3r0
|j|‽Mawm
|t:|1665767935
|gametype|singles
|player|p1|Raid-Z3r0|red|1683
|player|p2|Mawm|beauty-gen6xy|1854
|teamsize|p1|6
|teamsize|p2|6
|gen|8
|tier|[Gen 8] National Dex AG
|rated|
|rule|HP Percentage Mod: HP is shown in percentages
|rule|Endless Battle Clause: Forcing endless battles is banned
|clearpoke
|poke|p1|Rayquaza|
|poke|p1|Yveltal|
|poke|p1|Necrozma-Dusk-Mane|
|poke|p1|Kyogre|
|poke|p1|Ferrothorn, M|
|poke|p1|Arceus-*|
|poke|p2|Arceus-*|
|poke|p2|Genesect|
|poke|p2|Yveltal|
|poke|p2|Necrozma-Dusk-Mane|
|poke|p2|Rayquaza|
|poke|p2|Groudon|
|teampreview
|inactive|Battle timer is ON: inactive players will automatically lose when time's up. (requested by Mawm)
|
|t:|1665767941
|start
|switch|p1a: Fairytale|Arceus-Fairy|100/100
|switch|p2a: Groudon|Groudon, shiny|100/100
|detailschange|p2a: Groudon|Groudon-Primal, shiny
|-primal|p2a: Groudon
|-weather|DesolateLand|[from] ability: Desolate Land|[of] p2a: Groudon
|turn|1
|
|t:|1665767945
|switch|p1a: Fury of the storm|Rayquaza|100/100
|-ability|p1a: Fury of the storm|Air Lock
|move|p2a: Groudon|Eruption|p1a: Fury of the storm
|-resisted|p1a: Fury of the storm
|-damage|p1a: Fury of the storm|54/100
|
|-weather|DesolateLand|[upkeep]
|upkeep
|turn|2
|
|t:|1665767949
|-weather|none
|switch|p2a: Necrozma|Necrozma-Dusk-Mane, shiny|100/100
|detailschange|p1a: Fury of the storm|Rayquaza-Mega
|-mega|p1a: Fury of the storm|Rayquaza|
|-weather|DeltaStream|[from] ability: Delta Stream|[of] p1a: Fury of the storm
|move|p1a: Fury of the storm|Draco Meteor|p2a: Necrozma
|-resisted|p2a: Necrozma
|-damage|p2a: Necrozma|70/100
|-unboost|p1a: Fury of the storm|spa|2
|
|-weather|DeltaStream|[upkeep]
|upkeep
|turn|3
|
|t:|1665767957
|-weather|none
|switch|p1a: Fairytale|Arceus-Fairy|100/100
|move|p2a: Necrozma|Iron Head|p1a: Fairytale
|-supereffective|p1a: Fairytale
|-damage|p1a: Fairytale|41/100
|
|upkeep
|turn|4
|
|t:|1665767961
|switch|p1a: Golden Moutain|Ferrothorn, M, shiny|100/100
|move|p2a: Necrozma|Iron Head|p1a: Golden Moutain
|-resisted|p1a: Golden Moutain
|-damage|p1a: Golden Moutain|86/100
|-damage|p2a: Necrozma|58/100|[from] ability: Iron Barbs|[of] p1a: Golden Moutain
|
|-heal|p1a: Golden Moutain|92/100|[from] item: Leftovers
|upkeep
|turn|5
|
|t:|1665767965
|switch|p2a: Groudon|Groudon-Primal, shiny|100/100
|-weather|DesolateLand|[from] ability: Desolate Land|[of] p2a: Groudon
|move|p1a: Golden Moutain|Leech Seed|p2a: Groudon|[miss]
|-miss|p1a: Golden Moutain|p2a: Groudon
|
|-weather|DesolateLand|[upkeep]
|-heal|p1a: Golden Moutain|99/100|[from] item: Leftovers
|upkeep
|turn|6
|
|t:|1665767968
|move|p1a: Golden Moutain|Protect|p1a: Golden Moutain
|-singleturn|p1a: Golden Moutain|Protect
|move|p2a: Groudon|Eruption|p1a: Golden Moutain
|-activate|p1a: Golden Moutain|move: Protect
|
|-weather|DesolateLand|[upkeep]
|-heal|p1a: Golden Moutain|100/100|[from] item: Leftovers
|upkeep
|turn|7
|
|t:|1665767973
|switch|p1a: Black Sabbath|Yveltal|100/100
|-ability|p1a: Black Sabbath|Dark Aura
|move|p2a: Groudon|Rock Tomb|p1a: Black Sabbath
|-supereffective|p1a: Black Sabbath
|-damage|p1a: Black Sabbath|62/100
|-unboost|p1a: Black Sabbath|spe|1
|
|-weather|DesolateLand|[upkeep]
|upkeep
|turn|8
|
|t:|1665767977
|move|p2a: Groudon|Eruption|p1a: Black Sabbath
|-crit|p1a: Black Sabbath
|-damage|p1a: Black Sabbath|0 fnt
|faint|p1a: Black Sabbath
|
|-weather|DesolateLand|[upkeep]
|upkeep
|
|t:|1665767980
|switch|p1a: Fury of the storm|Rayquaza-Mega|54/100
|-weather|DeltaStream|[from] ability: Delta Stream|[of] p1a: Fury of the storm
|turn|9
|
|t:|1665767983
|move|p1a: Fury of the storm|V-create|p2a: Groudon
|-resisted|p2a: Groudon
|-damage|p2a: Groudon|76/100
|-unboost|p1a: Fury of the storm|spe|1
|-unboost|p1a: Fury of the storm|def|1
|-unboost|p1a: Fury of the storm|spd|1
|move|p2a: Groudon|Rock Tomb|p1a: Fury of the storm
|-activate||deltastream
|-damage|p1a: Fury of the storm|18/100
|-unboost|p1a: Fury of the storm|spe|1
|
|-weather|DeltaStream|[upkeep]
|upkeep
|turn|10
|
|t:|1665767988
|-weather|none
|switch|p1a: Holy Diver|Kyogre|100/100
|-weather|RainDance|[from] ability: Drizzle|[of] p1a: Holy Diver
|move|p2a: Groudon|Rock Tomb|p1a: Holy Diver
|-damage|p1a: Holy Diver|77/100
|-unboost|p1a: Holy Diver|spe|1
|
|-weather|RainDance|[upkeep]
|upkeep
|turn|11
|
|t:|1665767994
|move|p2a: Groudon|Precipice Blades|p1a: Holy Diver
|-damage|p1a: Holy Diver|6/100
|move|p1a: Holy Diver|Origin Pulse|p2a: Groudon|[miss]
|-miss|p1a: Holy Diver|p2a: Groudon
|
|-weather|RainDance|[upkeep]
|upkeep
|turn|12
|-message|Raid-Z3r0 forfeited.
|
|win|Mawm
|raw|Raid-Z3r0's rating: 1683 &rarr; <strong>1672</strong><br />(-11 for losing)
|raw|Mawm's rating: 1854 &rarr; <strong>1865</strong><br />(+11 for winning)
|l|☆Raid-Z3r0
