|j|☆rajof
|j|☆Diancie_hhh
|t:|1667024530
|gametype|singles
|player|p1|rajof|youngster-gen4dp|2038
|player|p2|Diancie_hhh|marnie|1783
|teamsize|p1|6
|teamsize|p2|6
|gen|8
|tier|[Gen 8] National Dex AG
|rated|
|rule|HP Percentage Mod: HP is shown in percentages
|rule|Endless Battle Clause: Forcing endless battles is banned
|clearpoke
|poke|p1|Arceus-*|
|poke|p1|Ditto|
|poke|p1|Chansey, F|
|poke|p1|Lugia|
|poke|p1|Groudon|
|poke|p1|Arceus-*|
|poke|p2|Arceus-*|
|poke|p2|Zacian-*|
|poke|p2|Groudon|
|poke|p2|Ho-Oh|
|poke|p2|Zygarde|
|poke|p2|Weavile, F|
|teampreview
|
|t:|1667024550
|start
|switch|p1a: 그란돈|Groudon|100/100
|switch|p2a: Ho-Oh|Ho-Oh|100/100
|detailschange|p1a: 그란돈|Groudon-Primal
|-primal|p1a: 그란돈
|-weather|DesolateLand|[from] ability: Desolate Land|[of] p1a: 그란돈
|turn|1
|
|t:|1667024559
|switch|p2a: Zygarde|Zygarde, shiny|100/100
|move|p1a: 그란돈|Rock Tomb|p2a: Zygarde
|-resisted|p2a: Zygarde
|-damage|p2a: Zygarde|91/100
|-unboost|p2a: Zygarde|spe|1
|
|-weather|DesolateLand|[upkeep]
|upkeep
|turn|2
|
|t:|1667024570
|-weather|none
|switch|p1a: 악르세우스|Arceus-Dark|100/100
|move|p2a: Zygarde|Glare|p1a: 악르세우스
|-status|p1a: 악르세우스|par
|
|upkeep
|turn|3
|
|t:|1667024584
|switch|p2a: Arceus|Arceus, shiny|100/100
|move|p1a: 악르세우스|Refresh|p1a: 악르세우스
|-curestatus|p1a: 악르세우스|par|[msg]
|
|upkeep
|turn|4
|
|t:|1667024605
|switch|p1a: 루기아|Lugia|100/100
|switch|p2a: Ho-Oh|Ho-Oh|100/100
|
|upkeep
|turn|5
|
|t:|1667024609
|switch|p1a: 럭키|Chansey, F|100/100
|move|p2a: Ho-Oh|Toxic|p1a: 럭키|[miss]
|-miss|p2a: Ho-Oh|p1a: 럭키
|
|upkeep
|turn|6
|
|t:|1667024618
|switch|p2a: Zacian|Zacian-Crowned|100/100
|-ability|p2a: Zacian|Intrepid Sword|boost
|-boost|p2a: Zacian|atk|1
|move|p1a: 럭키|Toxic|p2a: Zacian
|-immune|p2a: Zacian
|
|upkeep
|turn|7
|
|t:|1667024638
|switch|p2a: Ho-Oh|Ho-Oh|100/100
|switch|p1a: 루기아|Lugia|100/100
|
|upkeep
|turn|8
|inactive|Battle timer is ON: inactive players will automatically lose when time's up. (requested by Diancie_hhh)
|
|t:|1667024642
|switch|p1a: 럭키|Chansey, F|100/100
|move|p2a: Ho-Oh|Toxic|p1a: 럭키|[miss]
|-miss|p2a: Ho-Oh|p1a: 럭키
|
|upkeep
|turn|9
|
|t:|1667024654
|switch|p2a: Zygarde|Zygarde, shiny|91/100
|move|p1a: 럭키|Wish|p1a: 럭키
|
|upkeep
|turn|10
|
|t:|1667024664
|move|p2a: Zygarde|Glare|p1a: 럭키
|-status|p1a: 럭키|par
|move|p1a: 럭키|Toxic|p2a: Zygarde|[miss]
|-miss|p1a: 럭키|p2a: Zygarde
|
|upkeep
|turn|11
|
|t:|1667024671
|switch|p2a: Zacian|Zacian-Crowned|100/100
|-ability|p2a: Zacian|Intrepid Sword|boost
|-boost|p2a: Zacian|atk|1
|-curestatus|p1a: 럭키|par|[from] ability: Natural Cure
|switch|p1a: 아르세우스|Arceus-Fairy|100/100
|
|upkeep
|turn|12
|
|t:|1667024682
|switch|p2a: Ho-Oh|Ho-Oh|100/100
|switch|p1a: 루기아|Lugia|100/100
|
|upkeep
|turn|13
|
|t:|1667024691
|switch|p1a: 럭키|Chansey, F|100/100
|move|p2a: Ho-Oh|Toxic|p1a: 럭키
|-status|p1a: 럭키|tox
|
|-damage|p1a: 럭키|94/100 tox|[from] psn
|upkeep
|turn|14
|
|t:|1667024699
|switch|p2a: Zacian|Zacian-Crowned|100/100
|-ability|p2a: Zacian|Intrepid Sword|boost
|-boost|p2a: Zacian|atk|1
|move|p1a: 럭키|Wish|p1a: 럭키
|
|-damage|p1a: 럭키|82/100 tox|[from] psn
|upkeep
|turn|15
|
|t:|1667024712
|switch|p2a: Ho-Oh|Ho-Oh|100/100
|-curestatus|p1a: 럭키|tox|[from] ability: Natural Cure
|switch|p1a: 그란돈|Groudon-Primal|100/100
|-weather|DesolateLand|[from] ability: Desolate Land|[of] p1a: 그란돈
|
|-weather|DesolateLand|[upkeep]
|upkeep
|turn|16
|
|t:|1667024737
|move|p2a: Ho-Oh|Toxic|p1a: 그란돈|[miss]
|-miss|p2a: Ho-Oh|p1a: 그란돈
|move|p1a: 그란돈|Rock Tomb|p2a: Ho-Oh
|-supereffective|p2a: Ho-Oh
|-crit|p2a: Ho-Oh
|-damage|p2a: Ho-Oh|0 fnt
|faint|p2a: Ho-Oh
|
|-weather|DesolateLand|[upkeep]
|upkeep
|
|t:|1667024754
|switch|p2a: Zygarde|Zygarde, shiny|91/100
|turn|17
|
|t:|1667024769
|-weather|none
|switch|p1a: 악르세우스|Arceus-Dark|100/100
|move|p2a: Zygarde|Coil|p2a: Zygarde
|-boost|p2a: Zygarde|atk|1
|-boost|p2a: Zygarde|def|1
|-boost|p2a: Zygarde|accuracy|1
|
|upkeep
|turn|18
|
|t:|1667024774
|move|p1a: 악르세우스|Calm Mind|p1a: 악르세우스
|-boost|p1a: 악르세우스|spa|1
|-boost|p1a: 악르세우스|spd|1
|move|p2a: Zygarde|Glare|p1a: 악르세우스
|-status|p1a: 악르세우스|par
|
|upkeep
|turn|19
|
|t:|1667024777
|move|p2a: Zygarde|Coil|p2a: Zygarde
|-boost|p2a: Zygarde|atk|1
|-boost|p2a: Zygarde|def|1
|-boost|p2a: Zygarde|accuracy|1
|move|p1a: 악르세우스|Refresh|p1a: 악르세우스
|-curestatus|p1a: 악르세우스|par|[msg]
|
|upkeep
|turn|20
|
|t:|1667024782
|move|p1a: 악르세우스|Judgment|p2a: Zygarde
|-damage|p2a: Zygarde|37/100
|move|p2a: Zygarde|Glare|p1a: 악르세우스
|-status|p1a: 악르세우스|par
|
|-activate|p2a: Zygarde|ability: Power Construct
|detailschange|p2a: Zygarde|Zygarde-Complete, shiny
|-heal|p2a: Zygarde|59/100|[silent]
|upkeep
|turn|21
|
|t:|1667024787
|move|p2a: Zygarde|Coil|p2a: Zygarde
|-boost|p2a: Zygarde|atk|1
|-boost|p2a: Zygarde|def|1
|-boost|p2a: Zygarde|accuracy|1
|move|p1a: 악르세우스|Refresh|p1a: 악르세우스
|-curestatus|p1a: 악르세우스|par|[msg]
|
|upkeep
|turn|22
|
|t:|1667024792
|move|p1a: 악르세우스|Judgment|p2a: Zygarde
|-damage|p2a: Zygarde|21/100
|move|p2a: Zygarde|Glare|p1a: 악르세우스
|-status|p1a: 악르세우스|par
|
|upkeep
|turn|23
|
|t:|1667024821
|move|p2a: Zygarde|Rest|p2a: Zygarde
|-status|p2a: Zygarde|slp|[from] move: Rest
|-heal|p2a: Zygarde|100/100 slp|[silent]
|-enditem|p2a: Zygarde|Chesto Berry|[eat]
|-curestatus|p2a: Zygarde|slp|[msg]
|move|p1a: 악르세우스|Refresh|p1a: 악르세우스
|-curestatus|p1a: 악르세우스|par|[msg]
|
|upkeep
|turn|24
|
|t:|1667024829
|move|p1a: 악르세우스|Judgment|p2a: Zygarde
|-damage|p2a: Zygarde|63/100
|move|p2a: Zygarde|Thousand Arrows|p1a: 악르세우스
|-damage|p1a: 악르세우스|49/100
|
|upkeep
|turn|25
|
|t:|1667024844
|move|p1a: 악르세우스|Recover|p1a: 악르세우스
|-heal|p1a: 악르세우스|99/100
|move|p2a: Zygarde|Thousand Arrows|p1a: 악르세우스
|-damage|p1a: 악르세우스|44/100
|
|upkeep
|turn|26
|
|t:|1667024850
|move|p1a: 악르세우스|Recover|p1a: 악르세우스
|-heal|p1a: 악르세우스|94/100
|move|p2a: Zygarde|Thousand Arrows|p1a: 악르세우스
|-damage|p1a: 악르세우스|40/100
|
|upkeep
|turn|27
|
|t:|1667024854
|move|p1a: 악르세우스|Recover|p1a: 악르세우스
|-heal|p1a: 악르세우스|90/100
|move|p2a: Zygarde|Glare|p1a: 악르세우스
|-status|p1a: 악르세우스|par
|
|upkeep
|turn|28
|
|t:|1667024859
|move|p2a: Zygarde|Thousand Arrows|p1a: 악르세우스
|-damage|p1a: 악르세우스|31/100 par
|move|p1a: 악르세우스|Refresh|p1a: 악르세우스
|-curestatus|p1a: 악르세우스|par|[msg]
|
|upkeep
|turn|29
|
|t:|1667024869
|move|p1a: 악르세우스|Recover|p1a: 악르세우스
|-heal|p1a: 악르세우스|81/100
|move|p2a: Zygarde|Glare|p1a: 악르세우스
|-status|p1a: 악르세우스|par
|
|upkeep
|turn|30
|
|t:|1667024886
|move|p2a: Zygarde|Thousand Arrows|p1a: 악르세우스
|-damage|p1a: 악르세우스|31/100 par
|move|p1a: 악르세우스|Refresh|p1a: 악르세우스
|-curestatus|p1a: 악르세우스|par|[msg]
|
|upkeep
|turn|31
|
|t:|1667024891
|move|p1a: 악르세우스|Recover|p1a: 악르세우스
|-heal|p1a: 악르세우스|81/100
|move|p2a: Zygarde|Glare|p1a: 악르세우스
|-status|p1a: 악르세우스|par
|
|upkeep
|turn|32
|
|t:|1667024903
|move|p2a: Zygarde|Thousand Arrows|p1a: 악르세우스
|-damage|p1a: 악르세우스|26/100 par
|move|p1a: 악르세우스|Refresh|p1a: 악르세우스
|-curestatus|p1a: 악르세우스|par|[msg]
|
|upkeep
|turn|33
|inactive|Diancie_hhh has 120 seconds left.
|
|t:|1667024949
|move|p1a: 악르세우스|Recover|p1a: 악르세우스
|-heal|p1a: 악르세우스|76/100
|move|p2a: Zygarde|Coil|p2a: Zygarde
|-boost|p2a: Zygarde|atk|1
|-boost|p2a: Zygarde|def|1
|-boost|p2a: Zygarde|accuracy|1
|
|upkeep
|turn|34
|
|t:|1667024953
|move|p1a: 악르세우스|Judgment|p2a: Zygarde
|-damage|p2a: Zygarde|23/100
|move|p2a: Zygarde|Glare|p1a: 악르세우스
|-status|p1a: 악르세우스|par
|
|upkeep
|turn|35
|
|t:|1667024961
|move|p2a: Zygarde|Rest|p2a: Zygarde
|-status|p2a: Zygarde|slp|[from] move: Rest
|-heal|p2a: Zygarde|100/100 slp|[silent]
|move|p1a: 악르세우스|Refresh|p1a: 악르세우스
|-curestatus|p1a: 악르세우스|par|[msg]
|
|upkeep
|turn|36
|j| Gladiator J
|inactive|Diancie_hhh has 120 seconds left.
|
|t:|1667024980
|move|p1a: 악르세우스|Calm Mind|p1a: 악르세우스
|-boost|p1a: 악르세우스|spa|1
|-boost|p1a: 악르세우스|spd|1
|cant|p2a: Zygarde|slp
|
|upkeep
|turn|37
|
|t:|1667024983
|move|p1a: 악르세우스|Judgment|p2a: Zygarde
|-damage|p2a: Zygarde|52/100 slp
|cant|p2a: Zygarde|slp
|
|upkeep
|turn|38
|
|t:|1667024991
|-start|p1a: 악르세우스|Dynamax|
|-heal|p1a: 악르세우스|76/100|[silent]
|-start|p2a: Zygarde|Dynamax|
|-heal|p2a: Zygarde|52/100 slp|[silent]
|move|p1a: 악르세우스|Max Darkness|p2a: Zygarde
|-damage|p2a: Zygarde|22/100 slp
|-unboost|p2a: Zygarde|spd|1
|-curestatus|p2a: Zygarde|slp|[msg]
|move|p2a: Zygarde|Max Quake|p1a: 악르세우스
|-damage|p1a: 악르세우스|29/100
|-boost|p2a: Zygarde|spd|1
|
|upkeep
|turn|39
|
|t:|1667025006
|move|p1a: 악르세우스|Max Darkness|p2a: Zygarde
|-damage|p2a: Zygarde|0 fnt
|faint|p2a: Zygarde
|
|upkeep
|
|t:|1667025016
|switch|p2a: Zacian|Zacian-Crowned|100/100
|-ability|p2a: Zacian|Intrepid Sword|boost
|-boost|p2a: Zacian|atk|1
|turn|40
|
|t:|1667025025
|-end|p1a: 악르세우스|Dynamax
|-heal|p1a: 악르세우스|29/100|[silent]
|switch|p1a: 루기아|Lugia|100/100
|move|p2a: Zacian|Close Combat|p1a: 루기아
|-resisted|p1a: 루기아
|-damage|p1a: 루기아|96/100
|-unboost|p2a: Zacian|def|1
|-unboost|p2a: Zacian|spd|1
|-damage|p2a: Zacian|84/100|[from] item: Rocky Helmet|[of] p1a: 루기아
|
|upkeep
|turn|41
|inactive|Diancie_hhh has 120 seconds left.
|
|t:|1667025059
|switch|p2a: Weavile|Weavile, F, shiny|100/100
|-ability|p2a: Weavile|Pressure
|move|p1a: 루기아|Roost|p1a: 루기아
|-heal|p1a: 루기아|100/100
|-singleturn|p1a: 루기아|move: Roost
|
|upkeep
|turn|42
|inactive|Diancie_hhh has 120 seconds left.
|
|t:|1667025068
|switch|p1a: 아르세우스|Arceus-Fairy|100/100
|move|p2a: Weavile|Knock Off|p1a: 아르세우스
|-resisted|p1a: 아르세우스
|-damage|p1a: 아르세우스|92/100
|
|upkeep
|turn|43
|
|t:|1667025073
|switch|p2a: Arceus|Arceus, shiny|100/100
|move|p1a: 아르세우스|Earth Power|p2a: Arceus
|-damage|p2a: Arceus|82/100
|-unboost|p2a: Arceus|spd|1
|
|upkeep
|turn|44
|
|t:|1667025081
|switch|p1a: 루기아|Lugia|100/100
|move|p2a: Arceus|Swords Dance|p2a: Arceus
|-boost|p2a: Arceus|atk|2
|
|upkeep
|turn|45
|
|t:|1667025084
|move|p2a: Arceus|Extreme Speed|p1a: 루기아
|-damage|p1a: 루기아|71/100
|-damage|p2a: Arceus|65/100|[from] item: Rocky Helmet|[of] p1a: 루기아
|-damage|p2a: Arceus|55/100|[from] item: Life Orb
|move|p1a: 루기아|Toxic|p2a: Arceus
|-status|p2a: Arceus|tox
|
|-damage|p2a: Arceus|49/100 tox|[from] psn
|upkeep
|turn|46
|
|t:|1667025093
|move|p2a: Arceus|Extreme Speed|p1a: 루기아
|-damage|p1a: 루기아|20/100
|-damage|p2a: Arceus|33/100 tox|[from] item: Rocky Helmet|[of] p1a: 루기아
|-damage|p2a: Arceus|23/100 tox|[from] item: Life Orb
|move|p1a: 루기아|Roost|p1a: 루기아
|-heal|p1a: 루기아|70/100
|-singleturn|p1a: 루기아|move: Roost
|
|-damage|p2a: Arceus|10/100 tox|[from] psn
|upkeep
|turn|47
|
|t:|1667025102
|move|p2a: Arceus|Extreme Speed|p1a: 루기아
|-damage|p1a: 루기아|11/100
|-damage|p2a: Arceus|0 fnt|[from] item: Rocky Helmet|[of] p1a: 루기아
|faint|p2a: Arceus
|move|p1a: 루기아|Roost|p1a: 루기아
|-heal|p1a: 루기아|61/100
|-singleturn|p1a: 루기아|move: Roost
|
|upkeep
|
|t:|1667025109
|switch|p2a: Weavile|Weavile, F, shiny|100/100
|-ability|p2a: Weavile|Pressure
|turn|48
|
|t:|1667025114
|switch|p1a: 아르세우스|Arceus-Fairy|92/100
|move|p2a: Weavile|Triple Axel|p1a: 아르세우스
|-damage|p1a: 아르세우스|85/100
|-damage|p1a: 아르세우스|74/100
|-damage|p1a: 아르세우스|57/100
|-hitcount|p1a: 아르세우스|3
|
|upkeep
|turn|49
|
|t:|1667025118
|move|p2a: Weavile|Triple Axel|p1a: 아르세우스
|-damage|p1a: 아르세우스|51/100
|-damage|p1a: 아르세우스|41/100
|-damage|p1a: 아르세우스|25/100
|-hitcount|p1a: 아르세우스|3
|move|p1a: 아르세우스|Recover|p1a: 아르세우스
|-heal|p1a: 아르세우스|75/100
|
|upkeep
|turn|50
|-message|Diancie_hhh forfeited.
|
|win|rajof
|raw|rajof's rating: 2038 &rarr; <strong>2045</strong><br />(+7 for winning)
|raw|Diancie_hhh's rating: 1783 &rarr; <strong>1776</strong><br />(-7 for losing)
|l| Gladiator J
|l|☆rajof
