|j|☆yarik667
|j|☆Snake of the Moon
|t:|1661927888
|gametype|singles
|player|p1|yarik667|marnie-masters|1805
|player|p2|Snake of the Moon|101|1968
|teamsize|p1|6
|teamsize|p2|6
|gen|8
|tier|[Gen 8] National Dex AG
|rated|
|rule|HP Percentage Mod: HP is shown in percentages
|rule|Endless Battle Clause: Forcing endless battles is banned
|clearpoke
|poke|p1|Sableye, M|
|poke|p1|Arceus-*|
|poke|p1|Chansey, F|
|poke|p1|Giratina|
|poke|p1|Lugia|
|poke|p1|Necrozma-Dusk-Mane|
|poke|p2|Ho-Oh|
|poke|p2|Necrozma-Dusk-Mane|
|poke|p2|Chansey, F|
|poke|p2|Zygarde|
|poke|p2|Lugia|
|poke|p2|Arceus-*|
|teampreview
|inactive|Battle timer is ON: inactive players will automatically lose when time's up. (requested by Snake of the Moon)
|c|☆yarik667|horror
|
|t:|1661927917
|start
|switch|p1a: Sableye|Sableye, M|100/100
|switch|p2a: Arceus|Arceus-Dark|100/100
|turn|1
|
|t:|1661927927
|detailschange|p1a: Sableye|Sableye-Mega, M
|-mega|p1a: Sableye|Sableye|Sablenite
|move|p1a: Sableye|Protect|p1a: Sableye
|-singleturn|p1a: Sableye|Protect
|move|p2a: Arceus|Recover||[still]
|-fail|p2a: Arceus|heal
|
|upkeep
|turn|2
|
|t:|1661927934
|move|p2a: Arceus|Whirlpool|p1a: Sableye
|-damage|p1a: Sableye|91/100
|-activate|p1a: Sableye|move: Whirlpool|[of] p2a: Arceus
|move|p1a: Sableye|Will-O-Wisp|p2a: Arceus
|-status|p2a: Arceus|brn
|
|-damage|p2a: Arceus|94/100 brn|[from] brn
|-damage|p1a: Sableye|79/100|[from] move: Whirlpool|[partiallytrapped]
|upkeep
|turn|3
|
|t:|1661927943
|switch|p1a: Arceus|Arceus-Fairy|100/100
|move|p2a: Arceus|Snarl|p1a: Arceus
|-resisted|p1a: Arceus
|-damage|p1a: Arceus|94/100
|-unboost|p1a: Arceus|spa|1
|
|-damage|p2a: Arceus|88/100 brn|[from] brn
|upkeep
|turn|4
|
|t:|1661927948
|switch|p2a: Ho-Oh|Ho-Oh|100/100
|move|p1a: Arceus|Judgment|p2a: Ho-Oh
|-resisted|p2a: Ho-Oh
|-damage|p2a: Ho-Oh|92/100
|
|upkeep
|turn|5
|
|t:|1661927958
|switch|p1a: Giratina|Giratina, shiny|100/100
|-ability|p1a: Giratina|Pressure
|switch|p2a: Necrozma|Necrozma-Dusk-Mane|100/100
|
|upkeep
|turn|6
|
|t:|1661927963
|move|p2a: Necrozma|Knock Off|p1a: Giratina
|-supereffective|p1a: Giratina
|-damage|p1a: Giratina|69/100
|-enditem|p1a: Giratina|Leftovers|[from] move: Knock Off|[of] p2a: Necrozma
|move|p1a: Giratina|Will-O-Wisp|p2a: Necrozma|[miss]
|-miss|p1a: Giratina|p2a: Necrozma
|
|upkeep
|turn|7
|
|t:|1661927967
|switch|p2a: Chansey|Chansey, F|100/100
|move|p1a: Giratina|Toxic|p2a: Chansey
|-status|p2a: Chansey|tox
|
|-damage|p2a: Chansey|94/100 tox|[from] psn
|upkeep
|turn|8
|
|t:|1661927973
|-curestatus|p2a: Chansey|tox|[from] ability: Natural Cure
|switch|p2a: Ho-Oh|Ho-Oh|100/100
|move|p1a: Giratina|Rest|p1a: Giratina
|-status|p1a: Giratina|slp|[from] move: Rest
|-heal|p1a: Giratina|100/100 slp|[silent]
|
|upkeep
|turn|9
|
|t:|1661927980
|switch|p2a: Necrozma|Necrozma-Dusk-Mane|100/100
|cant|p1a: Giratina|slp
|
|upkeep
|turn|10
|
|t:|1661927991
|switch|p2a: Arceus|Arceus-Dark|88/100 brn
|cant|p1a: Giratina|slp
|
|-damage|p2a: Arceus|82/100 brn|[from] brn
|upkeep
|turn|11
|
|t:|1661928011
|switch|p2a: Chansey|Chansey, F|94/100
|switch|p1a: Arceus|Arceus-Fairy|94/100
|
|upkeep
|turn|12
|
|t:|1661928017
|switch|p1a: Giratina|Giratina, shiny|100/100 slp
|-ability|p1a: Giratina|Pressure
|switch|p2a: Ho-Oh|Ho-Oh|100/100
|
|upkeep
|turn|13
|
|t:|1661928020
|switch|p2a: Chansey|Chansey, F|94/100
|-curestatus|p1a: Giratina|slp|[msg]
|move|p1a: Giratina|Toxic|p2a: Chansey
|-status|p2a: Chansey|tox
|
|-damage|p2a: Chansey|88/100 tox|[from] psn
|upkeep
|turn|14
|
|t:|1661928026
|switch|p1a: Necrozma|Necrozma-Dusk-Mane|100/100
|-curestatus|p2a: Chansey|tox|[from] ability: Natural Cure
|switch|p2a: Arceus|Arceus-Dark|82/100 brn
|
|-damage|p2a: Arceus|76/100 brn|[from] brn
|upkeep
|turn|15
|
|t:|1661928030
|switch|p2a: Necrozma|Necrozma-Dusk-Mane|100/100
|switch|p1a: Arceus|Arceus-Fairy|94/100
|
|upkeep
|turn|16
|
|t:|1661928032
|switch|p2a: Chansey|Chansey, F|88/100
|move|p1a: Arceus|Will-O-Wisp|p2a: Chansey|[miss]
|-miss|p1a: Arceus|p2a: Chansey
|
|upkeep
|turn|17
|
|t:|1661928039
|switch|p1a: Necrozma|Necrozma-Dusk-Mane|100/100
|switch|p2a: Ho-Oh|Ho-Oh|100/100
|
|upkeep
|turn|18
|
|t:|1661928043
|switch|p2a: Necrozma|Necrozma-Dusk-Mane|100/100
|switch|p1a: Giratina|Giratina, shiny|100/100
|-ability|p1a: Giratina|Pressure
|
|upkeep
|turn|19
|
|t:|1661928047
|switch|p2a: Chansey|Chansey, F|88/100
|switch|p1a: Lugia|Lugia, shiny|100/100
|
|upkeep
|turn|20
|
|t:|1661928051
|move|p1a: Lugia|Substitute|p1a: Lugia
|-start|p1a: Lugia|Substitute
|-damage|p1a: Lugia|75/100
|move|p2a: Chansey|Seismic Toss|p1a: Lugia
|-activate|p1a: Lugia|move: Substitute|[damage]
|
|upkeep
|turn|21
|
|t:|1661928054
|move|p1a: Lugia|Roost|p1a: Lugia
|-heal|p1a: Lugia|100/100
|-singleturn|p1a: Lugia|move: Roost
|move|p2a: Chansey|Aromatherapy|p2a: Chansey
|-activate|p2a: Chansey|move: Aromatherapy
|-curestatus|p2: Arceus|brn|[msg]
|
|upkeep
|turn|22
|
|t:|1661928058
|move|p1a: Lugia|Toxic|p2a: Chansey
|-status|p2a: Chansey|tox
|move|p2a: Chansey|Confide|p1a: Lugia
|-unboost|p1a: Lugia|spa|1
|
|-damage|p2a: Chansey|82/100 tox|[from] psn
|upkeep
|turn|23
|
|t:|1661928063
|-curestatus|p2a: Chansey|tox|[from] ability: Natural Cure
|switch|p2a: Lugia|Lugia|100/100
|move|p1a: Lugia|Whirlwind|p2a: Lugia
|drag|p2a: Necrozma|Necrozma-Dusk-Mane|100/100
|
|upkeep
|turn|24
|
|t:|1661928066
|move|p2a: Necrozma|Stealth Rock|p1a: Lugia
|-sidestart|p1: yarik667|move: Stealth Rock
|move|p1a: Lugia|Whirlwind|p2a: Necrozma
|drag|p2a: Chansey|Chansey, F|82/100
|
|upkeep
|turn|25
|
|t:|1661928071
|switch|p1a: Giratina|Giratina, shiny|100/100
|-damage|p1a: Giratina|88/100|[from] Stealth Rock
|-ability|p1a: Giratina|Pressure
|switch|p2a: Necrozma|Necrozma-Dusk-Mane|100/100
|
|upkeep
|turn|26
|
|t:|1661928080
|move|p2a: Necrozma|Knock Off|p1a: Giratina
|-supereffective|p1a: Giratina
|-damage|p1a: Giratina|67/100
|move|p1a: Giratina|Defog|p2a: Necrozma
|-unboost|p2a: Necrozma|evasion|1
|-sideend|p1: yarik667|Stealth Rock|[from] move: Defog|[of] p1a: Giratina
|
|upkeep
|turn|27
|
|t:|1661928084
|switch|p2a: Arceus|Arceus-Dark|76/100
|switch|p1a: Sableye|Sableye-Mega, M|79/100
|
|upkeep
|turn|28
|
|t:|1661928091
|switch|p2a: Ho-Oh|Ho-Oh|100/100
|move|p1a: Sableye|Protect||[still]
|-fail|p1a: Sableye
|
|upkeep
|turn|29
|
|t:|1661928095
|switch|p2a: Arceus|Arceus-Dark|76/100
|switch|p1a: Giratina|Giratina, shiny|67/100
|-ability|p1a: Giratina|Pressure
|
|upkeep
|turn|30
|
|t:|1661928101
|switch|p1a: Arceus|Arceus-Fairy|94/100
|move|p2a: Arceus|Recover|p2a: Arceus
|-heal|p2a: Arceus|100/100
|
|upkeep
|turn|31
|
|t:|1661928107
|switch|p1a: Necrozma|Necrozma-Dusk-Mane|100/100
|move|p2a: Arceus|Recover||[still]
|-fail|p2a: Arceus|heal
|
|upkeep
|turn|32
|
|t:|1661928111
|switch|p1a: Arceus|Arceus-Fairy|94/100
|move|p2a: Arceus|Whirlpool|p1a: Arceus|[miss]
|-miss|p2a: Arceus|p1a: Arceus
|
|upkeep
|turn|33
|j| alt1445645
|
|t:|1661928119
|switch|p2a: Ho-Oh|Ho-Oh|100/100
|move|p1a: Arceus|Judgment|p2a: Ho-Oh
|-resisted|p2a: Ho-Oh
|-damage|p2a: Ho-Oh|88/100
|
|upkeep
|turn|34
|
|t:|1661928138
|switch|p1a: Giratina|Giratina, shiny|67/100
|-ability|p1a: Giratina|Pressure
|switch|p2a: Necrozma|Necrozma-Dusk-Mane|100/100
|
|upkeep
|turn|35
|
|t:|1661928144
|switch|p1a: Necrozma|Necrozma-Dusk-Mane|100/100
|move|p2a: Necrozma|Stealth Rock|p1a: Necrozma
|-sidestart|p1: yarik667|move: Stealth Rock
|
|upkeep
|turn|36
|
|t:|1661928148
|switch|p1a: Giratina|Giratina, shiny|67/100
|-damage|p1a: Giratina|54/100|[from] Stealth Rock
|-ability|p1a: Giratina|Pressure
|move|p2a: Necrozma|Knock Off|p1a: Giratina
|-supereffective|p1a: Giratina
|-damage|p1a: Giratina|33/100
|
|upkeep
|turn|37
|
|t:|1661928153
|switch|p2a: Arceus|Arceus-Dark|100/100
|move|p1a: Giratina|Rest|p1a: Giratina
|-status|p1a: Giratina|slp|[from] move: Rest
|-heal|p1a: Giratina|100/100 slp|[silent]
|
|upkeep
|turn|38
|
|t:|1661928158
|switch|p1a: Arceus|Arceus-Fairy|94/100
|-damage|p1a: Arceus|81/100|[from] Stealth Rock
|move|p2a: Arceus|Snarl|p1a: Arceus
|-resisted|p1a: Arceus
|-damage|p1a: Arceus|75/100
|-unboost|p1a: Arceus|spa|1
|
|upkeep
|turn|39
|
|t:|1661928162
|move|p2a: Arceus|Whirlpool|p1a: Arceus|[miss]
|-miss|p2a: Arceus|p1a: Arceus
|move|p1a: Arceus|Judgment|p2a: Arceus
|-supereffective|p2a: Arceus
|-damage|p2a: Arceus|71/100
|
|upkeep
|turn|40
|
|t:|1661928167
|move|p1a: Arceus|Recover|p1a: Arceus
|-heal|p1a: Arceus|100/100
|move|p2a: Arceus|Whirlpool|p1a: Arceus
|-damage|p1a: Arceus|96/100
|-activate|p1a: Arceus|move: Whirlpool|[of] p2a: Arceus
|
|-damage|p1a: Arceus|83/100|[from] move: Whirlpool|[partiallytrapped]
|upkeep
|turn|41
|
|t:|1661928170
|move|p2a: Arceus|Perish Song|p2a: Arceus
|-start|p1a: Arceus|perish3|[silent]
|-start|p2a: Arceus|perish3|[silent]
|-fieldactivate|move: Perish Song
|move|p1a: Arceus|Judgment|p2a: Arceus
|-supereffective|p2a: Arceus
|-damage|p2a: Arceus|42/100
|
|-damage|p1a: Arceus|71/100|[from] move: Whirlpool|[partiallytrapped]
|-start|p2a: Arceus|perish3
|-start|p1a: Arceus|perish3
|upkeep
|turn|42
|
|t:|1661928173
|move|p1a: Arceus|Judgment|p2a: Arceus
|-supereffective|p2a: Arceus
|-damage|p2a: Arceus|9/100
|move|p2a: Arceus|Recover|p2a: Arceus
|-heal|p2a: Arceus|59/100
|
|-damage|p1a: Arceus|58/100|[from] move: Whirlpool|[partiallytrapped]
|-start|p1a: Arceus|perish2
|-start|p2a: Arceus|perish2
|upkeep
|turn|43
|
|t:|1661928180
|-start|p1a: Arceus|Dynamax|
|-heal|p1a: Arceus|58/100|[silent]
|move|p2a: Arceus|Recover|p2a: Arceus
|-heal|p2a: Arceus|100/100
|move|p1a: Arceus|Max Starfall|p2a: Arceus
|-supereffective|p2a: Arceus
|-damage|p2a: Arceus|59/100
|-fieldstart|move: Misty Terrain
|
|-damage|p1a: Arceus|52/100|[from] move: Whirlpool|[partiallytrapped]
|-start|p2a: Arceus|perish1
|-start|p1a: Arceus|perish1
|upkeep
|turn|44
|
|t:|1661928186
|switch|p2a: Ho-Oh|Ho-Oh|100/100
|move|p1a: Arceus|Max Starfall|p2a: Ho-Oh
|-resisted|p2a: Ho-Oh
|-crit|p2a: Ho-Oh
|-damage|p2a: Ho-Oh|73/100
|
|-end|p1a: Arceus|Whirlpool|[partiallytrapped]|[silent]
|-start|p1a: Arceus|perish0
|faint|p1a: Arceus
|upkeep
|c|☆Snake of the Moon|Alr one down
|
|t:|1661928203
|switch|p1a: Chansey|Chansey, F|100/100
|-damage|p1a: Chansey|88/100|[from] Stealth Rock
|turn|45
|inactive|Snake of the Moon has 120 seconds left.
|
|t:|1661928239
|switch|p2a: Necrozma|Necrozma-Dusk-Mane|100/100
|switch|p1a: Giratina|Giratina, shiny|100/100 slp
|-damage|p1a: Giratina|88/100 slp|[from] Stealth Rock
|-ability|p1a: Giratina|Pressure
|
|upkeep
|turn|46
|
|t:|1661928263
|switch|p2a: Arceus|Arceus-Dark|59/100
|cant|p1a: Giratina|slp
|
|upkeep
|turn|47
|
|t:|1661928268
|switch|p1a: Sableye|Sableye-Mega, M|79/100
|-damage|p1a: Sableye|66/100|[from] Stealth Rock
|move|p2a: Arceus|Recover|p2a: Arceus
|-heal|p2a: Arceus|100/100
|
|-fieldend|Misty Terrain
|upkeep
|turn|48
|
|t:|1661928276
|switch|p2a: Ho-Oh|Ho-Oh|100/100
|move|p1a: Sableye|Recover|p1a: Sableye
|-heal|p1a: Sableye|100/100
|
|upkeep
|turn|49
|
|t:|1661928279
|move|p1a: Sableye|Protect|p1a: Sableye
|-singleturn|p1a: Sableye|Protect
|move|p2a: Ho-Oh|Whirlwind|p1a: Sableye
|move|p1a: Sableye|Whirlwind|p2a: Ho-Oh|[from]ability: Magic Bounce
|drag|p2a: Necrozma|Necrozma-Dusk-Mane|100/100
|
|upkeep
|turn|50
|
|t:|1661928283
|switch|p2a: Ho-Oh|Ho-Oh|100/100
|move|p1a: Sableye|Will-O-Wisp|p2a: Ho-Oh
|-immune|p2a: Ho-Oh
|
|upkeep
|turn|51
|
|t:|1661928286
|switch|p1a: Giratina|Giratina, shiny|88/100 slp
|-damage|p1a: Giratina|75/100 slp|[from] Stealth Rock
|-ability|p1a: Giratina|Pressure
|move|p2a: Ho-Oh|Whirlwind|p1a: Giratina
|drag|p1a: Lugia|Lugia, shiny|100/100
|
|upkeep
|turn|52
|
|t:|1661928291
|move|p1a: Lugia|Toxic|p2a: Ho-Oh|[miss]
|-miss|p1a: Lugia|p2a: Ho-Oh
|move|p2a: Ho-Oh|Whirlwind|p1a: Lugia
|drag|p1a: Necrozma|Necrozma-Dusk-Mane|100/100
|-damage|p1a: Necrozma|94/100|[from] Stealth Rock
|
|upkeep
|turn|53
|
|t:|1661928297
|switch|p1a: Sableye|Sableye-Mega, M|100/100
|-damage|p1a: Sableye|88/100|[from] Stealth Rock
|move|p2a: Ho-Oh|Whirlwind|p1a: Sableye
|move|p1a: Sableye|Whirlwind|p2a: Ho-Oh|[from]ability: Magic Bounce
|drag|p2a: Zygarde|Zygarde|100/100
|
|upkeep
|turn|54
|
|t:|1661928302
|switch|p1a: Giratina|Giratina, shiny|75/100 slp
|-damage|p1a: Giratina|63/100 slp|[from] Stealth Rock
|-ability|p1a: Giratina|Pressure
|move|p2a: Zygarde|Thousand Arrows|p1a: Giratina
|-damage|p1a: Giratina|50/100 slp
|
|upkeep
|turn|55
|
|t:|1661928305
|switch|p2a: Arceus|Arceus-Dark|100/100
|cant|p1a: Giratina|slp
|
|upkeep
|turn|56
|
|t:|1661928311
|switch|p1a: Sableye|Sableye-Mega, M|88/100
|-damage|p1a: Sableye|75/100|[from] Stealth Rock
|move|p2a: Arceus|Snarl|p1a: Sableye
|-damage|p1a: Sableye|50/100
|-unboost|p1a: Sableye|spa|1
|
|upkeep
|turn|57
|
|t:|1661928317
|-start|p2a: Arceus|Dynamax|
|-heal|p2a: Arceus|100/100|[silent]
|move|p2a: Arceus|Max Darkness|p1a: Sableye
|-damage|p1a: Sableye|0 fnt
|faint|p1a: Sableye
|
|upkeep
|
|t:|1661928322
|switch|p1a: Chansey|Chansey, F|88/100
|-damage|p1a: Chansey|76/100|[from] Stealth Rock
|turn|58
|
|t:|1661928325
|move|p2a: Arceus|Max Guard|p2a: Arceus
|-singleturn|p2a: Arceus|Max Guard
|move|p1a: Chansey|Toxic|p2a: Arceus
|-activate|p2a: Arceus|move: Max Guard
|
|upkeep
|turn|59
|
|t:|1661928330
|-end|p2a: Arceus|Dynamax
|-heal|p2a: Arceus|100/100|[silent]
|switch|p2a: Chansey|Chansey, F|82/100
|move|p1a: Chansey|Toxic|p2a: Chansey
|-status|p2a: Chansey|tox
|
|-damage|p2a: Chansey|76/100 tox|[from] psn
|upkeep
|turn|60
|
|t:|1661928332
|-curestatus|p2a: Chansey|tox|[from] ability: Natural Cure
|switch|p2a: Arceus|Arceus-Dark|100/100
|switch|p1a: Giratina|Giratina, shiny|50/100 slp
|-damage|p1a: Giratina|37/100 slp|[from] Stealth Rock
|-ability|p1a: Giratina|Pressure
|
|upkeep
|turn|61
|
|t:|1661928339
|move|p2a: Arceus|Snarl|p1a: Giratina
|-supereffective|p1a: Giratina
|-damage|p1a: Giratina|11/100 slp
|-unboost|p1a: Giratina|spa|1
|-curestatus|p1a: Giratina|slp|[msg]
|move|p1a: Giratina|Toxic|p2a: Arceus|[miss]
|-miss|p1a: Giratina|p2a: Arceus
|
|upkeep
|turn|62
|
|t:|1661928345
|move|p2a: Arceus|Snarl|p1a: Giratina
|-supereffective|p1a: Giratina
|-damage|p1a: Giratina|0 fnt
|faint|p1a: Giratina
|
|upkeep
|
|t:|1661928347
|switch|p1a: Chansey|Chansey, F|76/100
|-damage|p1a: Chansey|63/100|[from] Stealth Rock
|turn|63
|
|t:|1661928351
|move|p2a: Arceus|Whirlpool|p1a: Chansey
|-damage|p1a: Chansey|61/100
|-activate|p1a: Chansey|move: Whirlpool|[of] p2a: Arceus
|move|p1a: Chansey|Toxic|p2a: Arceus
|-status|p2a: Arceus|tox
|
|-damage|p2a: Arceus|94/100 tox|[from] psn
|-damage|p1a: Chansey|48/100|[from] move: Whirlpool|[partiallytrapped]
|upkeep
|turn|64
|
|t:|1661928353
|move|p2a: Arceus|Perish Song|p2a: Arceus
|-start|p1a: Chansey|perish3|[silent]
|-start|p2a: Arceus|perish3|[silent]
|-fieldactivate|move: Perish Song
|move|p1a: Chansey|Soft-Boiled|p1a: Chansey
|-heal|p1a: Chansey|98/100
|
|-damage|p2a: Arceus|82/100 tox|[from] psn
|-damage|p1a: Chansey|86/100|[from] move: Whirlpool|[partiallytrapped]
|-start|p2a: Arceus|perish3
|-start|p1a: Chansey|perish3
|upkeep
|turn|65
|
|t:|1661928356
|move|p2a: Arceus|Recover|p2a: Arceus
|-heal|p2a: Arceus|100/100 tox
|move|p1a: Chansey|Confide|p2a: Arceus
|-unboost|p2a: Arceus|spa|1
|
|-damage|p2a: Arceus|82/100 tox|[from] psn
|-damage|p1a: Chansey|74/100|[from] move: Whirlpool|[partiallytrapped]
|-start|p2a: Arceus|perish2
|-start|p1a: Chansey|perish2
|upkeep
|turn|66
|
|t:|1661928360
|move|p2a: Arceus|Recover|p2a: Arceus
|-heal|p2a: Arceus|100/100 tox
|move|p1a: Chansey|Confide|p2a: Arceus
|-unboost|p2a: Arceus|spa|1
|
|-damage|p2a: Arceus|76/100 tox|[from] psn
|-damage|p1a: Chansey|61/100|[from] move: Whirlpool|[partiallytrapped]
|-start|p2a: Arceus|perish1
|-start|p1a: Chansey|perish1
|upkeep
|turn|67
|
|t:|1661928365
|switch|p2a: Necrozma|Necrozma-Dusk-Mane|100/100
|move|p1a: Chansey|Toxic|p2a: Necrozma
|-immune|p2a: Necrozma
|
|-end|p1a: Chansey|Whirlpool|[partiallytrapped]|[silent]
|-start|p1a: Chansey|perish0
|upkeep
|faint|p1a: Chansey
|
|t:|1661928368
|switch|p1a: Necrozma|Necrozma-Dusk-Mane|94/100
|-damage|p1a: Necrozma|88/100|[from] Stealth Rock
|turn|68
|
|t:|1661928371
|move|p2a: Necrozma|Knock Off|p1a: Necrozma
|-supereffective|p1a: Necrozma
|-damage|p1a: Necrozma|63/100
|-damage|p2a: Necrozma|84/100|[from] item: Rocky Helmet|[of] p1a: Necrozma
|-enditem|p1a: Necrozma|Rocky Helmet|[from] move: Knock Off|[of] p2a: Necrozma
|move|p1a: Necrozma|Stealth Rock|p2a: Necrozma
|-sidestart|p2: Snake of the Moon|move: Stealth Rock
|
|upkeep
|turn|69
|j| motismhaxx
|
|t:|1661928377
|switch|p2a: Zygarde|Zygarde|100/100
|-damage|p2a: Zygarde|94/100|[from] Stealth Rock
|move|p1a: Necrozma|Morning Sun|p1a: Necrozma
|-heal|p1a: Necrozma|100/100
|
|-heal|p2a: Zygarde|100/100|[from] item: Leftovers
|upkeep
|turn|70
|
|t:|1661928382
|move|p2a: Zygarde|Thousand Arrows|p1a: Necrozma
|-supereffective|p1a: Necrozma
|-damage|p1a: Necrozma|77/100
|move|p1a: Necrozma|Toxic|p2a: Zygarde
|-status|p2a: Zygarde|tox
|
|-damage|p2a: Zygarde|94/100 tox|[from] psn
|upkeep
|turn|71
|
|t:|1661928385
|switch|p1a: Lugia|Lugia, shiny|100/100
|move|p2a: Zygarde|Thousand Arrows|p1a: Lugia
|-damage|p1a: Lugia|93/100
|-start|p1a: Lugia|Smack Down
|
|-heal|p2a: Zygarde|100/100 tox|[from] item: Leftovers
|-damage|p2a: Zygarde|88/100 tox|[from] psn
|upkeep
|turn|72
|
|t:|1661928389
|move|p1a: Lugia|Substitute|p1a: Lugia
|-start|p1a: Lugia|Substitute
|-damage|p1a: Lugia|68/100
|move|p2a: Zygarde|Toxic||[still]
|-fail|p2a: Zygarde
|
|-heal|p2a: Zygarde|94/100 tox|[from] item: Leftovers
|-damage|p2a: Zygarde|76/100 tox|[from] psn
|upkeep
|turn|73
|
|t:|1661928391
|move|p1a: Lugia|Roost|p1a: Lugia
|-heal|p1a: Lugia|100/100
|-singleturn|p1a: Lugia|move: Roost
|move|p2a: Zygarde|Thousand Arrows|p1a: Lugia
|-crit|p1a: Lugia
|-activate|p1a: Lugia|move: Substitute|[damage]
|
|-heal|p2a: Zygarde|82/100 tox|[from] item: Leftovers
|-damage|p2a: Zygarde|57/100 tox|[from] psn
|upkeep
|turn|74
|
|t:|1661928396
|move|p1a: Lugia|Substitute|p1a: Lugia
|-fail|p1a: Lugia|move: Substitute
|move|p2a: Zygarde|Haze|p2a: Zygarde
|-clearallboost
|
|-heal|p2a: Zygarde|63/100 tox|[from] item: Leftovers
|-damage|p2a: Zygarde|32/100 tox|[from] psn
|-activate|p2a: Zygarde|ability: Power Construct
|detailschange|p2a: Zygarde|Zygarde-Complete
|-heal|p2a: Zygarde|56/100 tox|[silent]
|upkeep
|turn|75
|
|t:|1661928401
|move|p1a: Lugia|Substitute|p1a: Lugia
|-fail|p1a: Lugia|move: Substitute
|move|p2a: Zygarde|Rest|p2a: Zygarde
|-status|p2a: Zygarde|slp|[from] move: Rest
|-heal|p2a: Zygarde|100/100 slp|[silent]
|
|upkeep
|turn|76
|
|t:|1661928404
|cant|p2a: Zygarde|slp
|move|p1a: Lugia|Whirlwind|p2a: Zygarde
|drag|p2a: Chansey|Chansey, F|76/100
|-damage|p2a: Chansey|63/100|[from] Stealth Rock
|
|upkeep
|turn|77
|
|t:|1661928408
|move|p1a: Lugia|Toxic|p2a: Chansey
|-status|p2a: Chansey|tox
|move|p2a: Chansey|Aromatherapy|p2a: Chansey
|-activate|p2a: Chansey|move: Aromatherapy
|-curestatus|p2a: Chansey|tox|[msg]
|-curestatus|p2: Zygarde|slp|[msg]
|-curestatus|p2: Arceus|tox|[msg]
|
|upkeep
|turn|78
|
|t:|1661928411
|move|p2a: Chansey|Soft-Boiled|p2a: Chansey
|-heal|p2a: Chansey|100/100
|move|p1a: Lugia|Whirlwind|p2a: Chansey
|drag|p2a: Necrozma|Necrozma-Dusk-Mane|84/100
|-damage|p2a: Necrozma|78/100|[from] Stealth Rock
|
|upkeep
|turn|79
|j| Testing teams 596
|
|t:|1661928416
|move|p2a: Necrozma|Sunsteel Strike|p1a: Lugia
|-end|p1a: Lugia|Substitute
|move|p1a: Lugia|Whirlwind|p2a: Necrozma
|drag|p2a: Chansey|Chansey, F|100/100
|-damage|p2a: Chansey|88/100|[from] Stealth Rock
|
|upkeep
|turn|80
|
|t:|1661928424
|switch|p2a: Necrozma|Necrozma-Dusk-Mane|78/100
|-damage|p2a: Necrozma|72/100|[from] Stealth Rock
|move|p1a: Lugia|Substitute|p1a: Lugia
|-start|p1a: Lugia|Substitute
|-damage|p1a: Lugia|75/100
|
|upkeep
|turn|81
|
|t:|1661928435
|move|p1a: Lugia|Roost|p1a: Lugia
|-heal|p1a: Lugia|100/100
|-singleturn|p1a: Lugia|move: Roost
|move|p2a: Necrozma|Knock Off|p1a: Lugia
|-supereffective|p1a: Lugia
|-crit|p1a: Lugia
|-end|p1a: Lugia|Substitute
|
|upkeep
|turn|82
|
|t:|1661928442
|move|p1a: Lugia|Substitute|p1a: Lugia
|-start|p1a: Lugia|Substitute
|-damage|p1a: Lugia|75/100
|move|p2a: Necrozma|Sunsteel Strike|p1a: Lugia
|-crit|p1a: Lugia
|-end|p1a: Lugia|Substitute
|
|upkeep
|turn|83
|
|t:|1661928446
|move|p1a: Lugia|Substitute|p1a: Lugia
|-start|p1a: Lugia|Substitute
|-damage|p1a: Lugia|50/100
|move|p2a: Necrozma|Knock Off|p1a: Lugia
|-supereffective|p1a: Lugia
|-end|p1a: Lugia|Substitute
|
|upkeep
|turn|84
|
|t:|1661928450
|move|p1a: Lugia|Substitute|p1a: Lugia
|-start|p1a: Lugia|Substitute
|-damage|p1a: Lugia|25/100
|move|p2a: Necrozma|Knock Off|p1a: Lugia
|-supereffective|p1a: Lugia
|-end|p1a: Lugia|Substitute
|
|upkeep
|turn|85
|l| Testing teams 596
|
|t:|1661928454
|move|p1a: Lugia|Roost|p1a: Lugia
|-heal|p1a: Lugia|75/100
|-singleturn|p1a: Lugia|move: Roost
|move|p2a: Necrozma|Knock Off|p1a: Lugia
|-supereffective|p1a: Lugia
|-damage|p1a: Lugia|44/100
|-enditem|p1a: Lugia|Heavy-Duty Boots|[from] move: Knock Off|[of] p2a: Necrozma
|
|upkeep
|turn|86
|l| alt1445645
|
|t:|1661928458
|move|p1a: Lugia|Roost|p1a: Lugia
|-heal|p1a: Lugia|94/100
|-singleturn|p1a: Lugia|move: Roost
|move|p2a: Necrozma|Sunsteel Strike|p1a: Lugia
|-damage|p1a: Lugia|68/100
|
|upkeep
|turn|87
|
|t:|1661928466
|switch|p2a: Lugia|Lugia|100/100
|move|p1a: Lugia|Substitute|p1a: Lugia
|-start|p1a: Lugia|Substitute
|-damage|p1a: Lugia|43/100
|
|upkeep
|turn|88
|
|t:|1661928469
|move|p2a: Lugia|Substitute|p2a: Lugia
|-start|p2a: Lugia|Substitute
|-damage|p2a: Lugia|75/100
|move|p1a: Lugia|Roost|p1a: Lugia
|-heal|p1a: Lugia|93/100
|-singleturn|p1a: Lugia|move: Roost
|
|upkeep
|turn|89
|j| alt1445645
|
|t:|1661928472
|move|p2a: Lugia|Whirlwind|p1a: Lugia
|drag|p1a: Necrozma|Necrozma-Dusk-Mane|77/100
|-damage|p1a: Necrozma|71/100|[from] Stealth Rock
|
|upkeep
|turn|90
|
|t:|1661928475
|move|p2a: Lugia|Recover|p2a: Lugia
|-heal|p2a: Lugia|100/100
|move|p1a: Necrozma|Sunsteel Strike|p2a: Lugia
|-activate|p2a: Lugia|move: Substitute|[damage]
|
|upkeep
|turn|91
|
|t:|1661928478
|switch|p1a: Lugia|Lugia, shiny|93/100
|-damage|p1a: Lugia|68/100|[from] Stealth Rock
|move|p2a: Lugia|Whirlwind|p1a: Lugia
|drag|p1a: Necrozma|Necrozma-Dusk-Mane|71/100
|-damage|p1a: Necrozma|65/100|[from] Stealth Rock
|
|upkeep
|turn|92
|
|t:|1661928483
|switch|p1a: Lugia|Lugia, shiny|68/100
|-damage|p1a: Lugia|43/100|[from] Stealth Rock
|move|p2a: Lugia|Whirlwind|p1a: Lugia
|drag|p1a: Necrozma|Necrozma-Dusk-Mane|65/100
|-damage|p1a: Necrozma|59/100|[from] Stealth Rock
|
|upkeep
|turn|93
|
|t:|1661928488
|move|p2a: Lugia|Toxic|p1a: Necrozma
|-immune|p1a: Necrozma
|move|p1a: Necrozma|Morning Sun|p1a: Necrozma
|-heal|p1a: Necrozma|100/100
|
|upkeep
|turn|94
|
|t:|1661928493
|move|p1a: Necrozma|Sunsteel Strike|p2a: Lugia
|-end|p2a: Lugia|Substitute
|move|p2a: Lugia|Whirlwind|p1a: Necrozma
|drag|p1a: Lugia|Lugia, shiny|43/100
|-damage|p1a: Lugia|18/100|[from] Stealth Rock
|
|upkeep
|turn|95
|
|t:|1661928497
|move|p2a: Lugia|Toxic|p1a: Lugia
|-status|p1a: Lugia|tox
|move|p1a: Lugia|Roost|p1a: Lugia
|-heal|p1a: Lugia|68/100 tox
|-singleturn|p1a: Lugia|move: Roost
|
|-damage|p1a: Lugia|62/100 tox|[from] psn
|upkeep
|turn|96
|c|☆Snake of the Moon|Ggwp
|
|t:|1661928504
|move|p2a: Lugia|Substitute|p2a: Lugia
|-start|p2a: Lugia|Substitute
|-damage|p2a: Lugia|75/100
|move|p1a: Lugia|Roost|p1a: Lugia
|-heal|p1a: Lugia|100/100 tox
|-singleturn|p1a: Lugia|move: Roost
|
|-damage|p1a: Lugia|88/100 tox|[from] psn
|upkeep
|turn|97
|c|☆yarik667|gg
|
|t:|1661928508
|move|p1a: Lugia|Substitute|p1a: Lugia
|-start|p1a: Lugia|Substitute
|-damage|p1a: Lugia|63/100 tox
|move|p2a: Lugia|Whirlwind|p1a: Lugia
|drag|p1a: Necrozma|Necrozma-Dusk-Mane|100/100
|-damage|p1a: Necrozma|94/100|[from] Stealth Rock
|
|upkeep
|turn|98
|-message|yarik667 forfeited.
|
|win|Snake of the Moon
|raw|yarik667's rating: 1805 &rarr; <strong>1794</strong><br />(-11 for losing)
|raw|Snake of the Moon's rating: 1968 &rarr; <strong>1979</strong><br />(+11 for winning)
