|j|☆rajof
|j|☆ExtremeFlatulence
|t:|1622879138
|gametype|singles
|player|p1|rajof|youngster-gen4|1609
|player|p2|ExtremeFlatulence|drayden|1737
|teamsize|p1|6
|teamsize|p2|6
|gen|8
|tier|[Gen 8] National Dex AG
|rated|
|rule|HP Percentage Mod: HP is shown in percentages
|rule|Endless Battle Clause: Forcing endless battles is banned
|clearpoke
|poke|p1|Arceus-*|
|poke|p1|Ditto|
|poke|p1|Chansey, F|
|poke|p1|Lugia|
|poke|p1|Groudon|
|poke|p1|Arceus-*|
|poke|p2|Arceus-*|
|poke|p2|Arceus-*|
|poke|p2|Xerneas-*|
|poke|p2|Ho-Oh|
|poke|p2|Shedinja|
|poke|p2|Ditto|
|teampreview
|inactive|Battle timer is ON: inactive players will automatically lose when time's up. (requested by ExtremeFlatulence)
|c|☆ExtremeFlatulence|Glhf
|
|t:|1622879157
|start
|switch|p1a: 그란돈|Groudon|100/100
|switch|p2a: Ditto|Ditto|100/100
|-transform|p2a: Ditto|p1a: 그란돈|[from] ability: Imposter
|-weather|SunnyDay|[from] ability: Drought|[of] p2a: Ditto
|detailschange|p1a: 그란돈|Groudon-Primal
|-primal|p1a: 그란돈
|-weather|DesolateLand|[from] ability: Desolate Land|[of] p1a: 그란돈
|turn|1
|
|t:|1622879165
|-weather|none
|switch|p1a: 루기아|Lugia|100/100
|move|p2a: Ditto|Precipice Blades|p1a: 루기아
|-immune|p1a: 루기아
|
|upkeep
|turn|2
|
|t:|1622879176
|switch|p2a: Arceus|Arceus-Dark|100/100
|move|p1a: 루기아|Toxic|p2a: Arceus
|-status|p2a: Arceus|tox
|
|-damage|p2a: Arceus|94/100 tox|[from] psn
|upkeep
|turn|3
|
|t:|1622879186
|switch|p1a: 아르세우스|Arceus-Fairy|100/100
|move|p2a: Arceus|Judgment|p1a: 아르세우스
|-resisted|p1a: 아르세우스
|-damage|p1a: 아르세우스|86/100
|
|-damage|p2a: Arceus|82/100 tox|[from] psn
|upkeep
|turn|4
|
|t:|1622879191
|switch|p2a: Ho-Oh|Ho-Oh, shiny|100/100
|move|p1a: 아르세우스|Calm Mind|p1a: 아르세우스
|-boost|p1a: 아르세우스|spa|1
|-boost|p1a: 아르세우스|spd|1
|
|upkeep
|turn|5
|
|t:|1622879198
|switch|p1a: 악르세우스|Arceus-Dark|100/100
|move|p2a: Ho-Oh|Toxic|p1a: 악르세우스
|-status|p1a: 악르세우스|tox
|
|-damage|p1a: 악르세우스|94/100 tox|[from] psn
|upkeep
|turn|6
|
|t:|1622879206
|switch|p2a: Arceus|Arceus-Dark|82/100 tox
|move|p1a: 악르세우스|Refresh|p1a: 악르세우스
|-curestatus|p1a: 악르세우스|tox|[msg]
|
|-damage|p2a: Arceus|76/100 tox|[from] psn
|upkeep
|turn|7
|
|t:|1622879219
|switch|p1a: 아르세우스|Arceus-Fairy|86/100
|move|p2a: Arceus|Recover|p2a: Arceus
|-heal|p2a: Arceus|100/100 tox
|
|-damage|p2a: Arceus|88/100 tox|[from] psn
|upkeep
|turn|8
|
|t:|1622879225
|switch|p1a: 그란돈|Groudon-Primal|100/100
|-weather|DesolateLand|[from] ability: Desolate Land|[of] p1a: 그란돈
|switch|p2a: Ho-Oh|Ho-Oh, shiny|100/100
|
|-weather|DesolateLand|[upkeep]
|upkeep
|turn|9
|
|t:|1622879228
|switch|p2a: Arceus|Arceus-Ground|100/100
|move|p1a: 그란돈|Rock Tomb|p2a: Arceus
|-resisted|p2a: Arceus
|-damage|p2a: Arceus|93/100
|-unboost|p2a: Arceus|spe|1
|
|-weather|DesolateLand|[upkeep]
|upkeep
|turn|10
|
|t:|1622879236
|-weather|none
|switch|p1a: 루기아|Lugia|100/100
|move|p2a: Arceus|Stealth Rock|p1a: 루기아
|-sidestart|p1: rajof|move: Stealth Rock
|
|upkeep
|turn|11
|
|t:|1622879249
|switch|p2a: Arceus|Arceus-Dark|88/100 tox
|move|p1a: 루기아|Defog|p2a: Arceus
|-unboost|p2a: Arceus|evasion|1
|-sideend|p1: rajof|Stealth Rock|[from] move: Defog|[of] p1a: 루기아
|
|-damage|p2a: Arceus|82/100 tox|[from] psn
|upkeep
|turn|12
|
|t:|1622879260
|switch|p2a: Ho-Oh|Ho-Oh, shiny|100/100
|switch|p1a: 악르세우스|Arceus-Dark|94/100
|
|upkeep
|turn|13
|
|t:|1622879272
|switch|p2a: Arceus|Arceus-Dark|82/100 tox
|move|p1a: 악르세우스|Calm Mind|p1a: 악르세우스
|-boost|p1a: 악르세우스|spa|1
|-boost|p1a: 악르세우스|spd|1
|
|-damage|p2a: Arceus|76/100 tox|[from] psn
|upkeep
|turn|14
|
|t:|1622879278
|move|p1a: 악르세우스|Calm Mind|p1a: 악르세우스
|-boost|p1a: 악르세우스|spa|1
|-boost|p1a: 악르세우스|spd|1
|move|p2a: Arceus|Whirlpool|p1a: 악르세우스
|-damage|p1a: 악르세우스|91/100
|-activate|p1a: 악르세우스|move: Whirlpool|[of] p2a: Arceus
|
|-damage|p2a: Arceus|64/100 tox|[from] psn
|-damage|p1a: 악르세우스|79/100|[from] move: Whirlpool|[partiallytrapped]
|upkeep
|turn|15
|
|t:|1622879282
|move|p1a: 악르세우스|Judgment|p2a: Arceus
|-resisted|p2a: Arceus
|-damage|p2a: Arceus|39/100 tox
|move|p2a: Arceus|Perish Song|p2a: Arceus
|-start|p1a: 악르세우스|perish3|[silent]
|-start|p2a: Arceus|perish3|[silent]
|-fieldactivate|move: Perish Song
|
|-damage|p2a: Arceus|21/100 tox|[from] psn
|-damage|p1a: 악르세우스|66/100|[from] move: Whirlpool|[partiallytrapped]
|-start|p1a: 악르세우스|perish3
|-start|p2a: Arceus|perish3
|upkeep
|turn|16
|inactive|ExtremeFlatulence has 120 seconds left.
|
|t:|1622879331
|switch|p2a: Ditto|Ditto|100/100
|-transform|p2a: Ditto|p1a: 악르세우스|[from] ability: Imposter
|move|p1a: 악르세우스|Judgment|p2a: Ditto
|-resisted|p2a: Ditto
|-damage|p2a: Ditto|75/100
|
|-end|p1a: 악르세우스|Whirlpool|[partiallytrapped]|[silent]
|-start|p1a: 악르세우스|perish2
|upkeep
|turn|17
|j| Saenai Heroine♡
|
|t:|1622879355
|switch|p1a: 럭키|Chansey, F|100/100
|move|p2a: Ditto|Recover|p2a: Ditto
|-heal|p2a: Ditto|100/100
|
|upkeep
|turn|18
|
|t:|1622879375
|switch|p2a: Arceus|Arceus-Ground|93/100
|move|p1a: 럭키|Toxic|p2a: Arceus
|-status|p2a: Arceus|tox
|
|-damage|p2a: Arceus|87/100 tox|[from] psn
|upkeep
|turn|19
|
|t:|1622879384
|switch|p1a: 루기아|Lugia|100/100
|move|p2a: Arceus|Stealth Rock|p1a: 루기아
|-sidestart|p1: rajof|move: Stealth Rock
|
|-damage|p2a: Arceus|75/100 tox|[from] psn
|upkeep
|turn|20
|
|t:|1622879389
|switch|p2a: Ho-Oh|Ho-Oh, shiny|100/100
|move|p1a: 루기아|Defog|p2a: Ho-Oh
|-unboost|p2a: Ho-Oh|evasion|1
|-sideend|p1: rajof|Stealth Rock|[from] move: Defog|[of] p1a: 루기아
|
|upkeep
|turn|21
|
|t:|1622879410
|move|p1a: 루기아|Toxic|p2a: Ho-Oh
|-status|p2a: Ho-Oh|tox
|move|p2a: Ho-Oh|Toxic|p1a: 루기아
|-status|p1a: 루기아|tox
|
|-damage|p1a: 루기아|94/100 tox|[from] psn
|-damage|p2a: Ho-Oh|94/100 tox|[from] psn
|upkeep
|turn|22
|
|t:|1622879419
|switch|p1a: 그란돈|Groudon-Primal|100/100
|-weather|DesolateLand|[from] ability: Desolate Land|[of] p1a: 그란돈
|switch|p2a: Arceus|Arceus-Ground|75/100 tox
|
|-weather|DesolateLand|[upkeep]
|-damage|p2a: Arceus|69/100 tox|[from] psn
|upkeep
|turn|23
|
|t:|1622879427
|-weather|none
|switch|p1a: 루기아|Lugia|94/100 tox
|move|p2a: Arceus|Judgment|p1a: 루기아
|-immune|p1a: 루기아
|
|-damage|p2a: Arceus|57/100 tox|[from] psn
|-damage|p1a: 루기아|88/100 tox|[from] psn
|upkeep
|turn|24
|
|t:|1622879435
|move|p2a: Arceus|Recover|p2a: Arceus
|-heal|p2a: Arceus|100/100 tox
|move|p1a: 루기아|Aeroblast|p2a: Arceus
|-damage|p2a: Arceus|78/100 tox
|
|-damage|p2a: Arceus|60/100 tox|[from] psn
|-damage|p1a: 루기아|75/100 tox|[from] psn
|upkeep
|turn|25
|
|t:|1622879441
|switch|p2a: Ho-Oh|Ho-Oh, shiny|100/100 tox
|switch|p1a: 럭키|Chansey, F|100/100
|
|-damage|p2a: Ho-Oh|94/100 tox|[from] psn
|upkeep
|turn|26
|
|t:|1622879449
|switch|p2a: Arceus|Arceus-Dark|21/100 tox
|move|p1a: 럭키|Wish|p1a: 럭키
|
|-damage|p2a: Arceus|15/100 tox|[from] psn
|upkeep
|turn|27
|
|t:|1622879454
|move|p2a: Arceus|Recover|p2a: Arceus
|-heal|p2a: Arceus|65/100 tox
|move|p1a: 럭키|Seismic Toss|p2a: Arceus
|-damage|p2a: Arceus|42/100 tox
|
|-damage|p2a: Arceus|30/100 tox|[from] psn
|upkeep
|turn|28
|
|t:|1622879460
|move|p2a: Arceus|Recover|p2a: Arceus
|-heal|p2a: Arceus|80/100 tox
|move|p1a: 럭키|Seismic Toss|p2a: Arceus
|-damage|p2a: Arceus|57/100 tox
|
|-damage|p2a: Arceus|39/100 tox|[from] psn
|upkeep
|turn|29
|
|t:|1622879468
|switch|p2a: Ditto|Ditto|100/100
|-transform|p2a: Ditto|p1a: 럭키|[from] ability: Imposter
|move|p1a: 럭키|Seismic Toss|p2a: Ditto
|-damage|p2a: Ditto|67/100
|
|upkeep
|turn|30
|
|t:|1622879486
|switch|p2a: Ho-Oh|Ho-Oh, shiny|100/100 tox
|switch|p1a: 악르세우스|Arceus-Dark|66/100
|
|-damage|p2a: Ho-Oh|94/100 tox|[from] psn
|upkeep
|turn|31
|
|t:|1622879494
|move|p1a: 악르세우스|Recover|p1a: 악르세우스
|-heal|p1a: 악르세우스|100/100
|move|p2a: Ho-Oh|Toxic|p1a: 악르세우스|[miss]
|-miss|p2a: Ho-Oh|p1a: 악르세우스
|
|-damage|p2a: Ho-Oh|82/100 tox|[from] psn
|upkeep
|turn|32
|
|t:|1622879503
|move|p1a: 악르세우스|Calm Mind|p1a: 악르세우스
|-boost|p1a: 악르세우스|spa|1
|-boost|p1a: 악르세우스|spd|1
|move|p2a: Ho-Oh|Whirlwind|p1a: 악르세우스
|drag|p1a: 아르세우스|Arceus-Fairy|86/100
|
|-damage|p2a: Ho-Oh|63/100 tox|[from] psn
|upkeep
|turn|33
|
|t:|1622879526
|switch|p1a: 럭키|Chansey, F|100/100
|switch|p2a: Ditto|Ditto|67/100
|-transform|p2a: Ditto|p1a: 럭키|[from] ability: Imposter
|
|upkeep
|turn|34
|
|t:|1622879540
|move|p2a: Ditto|Wish|p2a: Ditto
|move|p1a: 럭키|Wish|p1a: 럭키
|
|upkeep
|turn|35
|
|t:|1622879548
|switch|p2a: Arceus|Arceus-Dark|39/100 tox
|move|p1a: 럭키|Seismic Toss|p2a: Arceus
|-damage|p2a: Arceus|17/100 tox
|
|-heal|p2a: Arceus|50/100 tox|[from] move: Wish|[wisher] Ditto
|-damage|p2a: Arceus|44/100 tox|[from] psn
|upkeep
|turn|36
|
|t:|1622879557
|move|p2a: Arceus|Recover|p2a: Arceus
|-heal|p2a: Arceus|94/100 tox
|move|p1a: 럭키|Seismic Toss|p2a: Arceus
|-damage|p2a: Arceus|72/100 tox
|
|-damage|p2a: Arceus|60/100 tox|[from] psn
|upkeep
|turn|37
|
|t:|1622879572
|switch|p2a: Ho-Oh|Ho-Oh, shiny|97/100 tox
|move|p1a: 럭키|Seismic Toss|p2a: Ho-Oh
|-damage|p2a: Ho-Oh|72/100 tox
|
|-damage|p2a: Ho-Oh|66/100 tox|[from] psn
|upkeep
|turn|38
|
|t:|1622879587
|move|p2a: Ho-Oh|Toxic|p1a: 럭키
|-status|p1a: 럭키|tox
|move|p1a: 럭키|Wish|p1a: 럭키
|
|-damage|p2a: Ho-Oh|53/100 tox|[from] psn
|-damage|p1a: 럭키|94/100 tox|[from] psn
|upkeep
|turn|39
|
|t:|1622879599
|switch|p2a: Arceus|Arceus-Dark|60/100 tox
|switch|p1a: 루기아|Lugia|75/100 tox
|
|-heal|p1a: 루기아|100/100 tox|[from] move: Wish|[wisher] 럭키
|-damage|p2a: Arceus|53/100 tox|[from] psn
|-damage|p1a: 루기아|94/100 tox|[from] psn
|upkeep
|turn|40
|
|t:|1622879611
|switch|p1a: 아르세우스|Arceus-Fairy|86/100
|move|p2a: Arceus|Recover|p2a: Arceus
|-heal|p2a: Arceus|100/100 tox
|
|-damage|p2a: Arceus|88/100 tox|[from] psn
|upkeep
|turn|41
|
|t:|1622879619
|switch|p1a: 그란돈|Groudon-Primal|100/100
|-weather|DesolateLand|[from] ability: Desolate Land|[of] p1a: 그란돈
|switch|p2a: Ditto|Ditto|67/100
|-transform|p2a: Ditto|p1a: 그란돈|[from] ability: Imposter
|
|-weather|DesolateLand|[upkeep]
|upkeep
|turn|42
|
|t:|1622879629
|switch|p1a: 루기아|Lugia|94/100 tox
|move|p2a: Ditto|Precipice Blades|p1a: 루기아
|-immune|p1a: 루기아
|
|-weather|DesolateLand|[upkeep]
|-damage|p1a: 루기아|88/100 tox|[from] psn
|upkeep
|turn|43
|
|t:|1622879643
|-weather|none
|switch|p2a: Arceus|Arceus-Dark|88/100 tox
|switch|p1a: 그란돈|Groudon-Primal|100/100
|-weather|DesolateLand|[from] ability: Desolate Land|[of] p1a: 그란돈
|
|-weather|DesolateLand|[upkeep]
|-damage|p2a: Arceus|82/100 tox|[from] psn
|upkeep
|turn|44
|
|t:|1622879657
|switch|p2a: Arceus|Arceus-Ground|60/100 tox
|move|p1a: 그란돈|Swords Dance|p1a: 그란돈
|-boost|p1a: 그란돈|atk|2
|
|-weather|DesolateLand|[upkeep]
|-damage|p2a: Arceus|54/100 tox|[from] psn
|upkeep
|turn|45
|
|t:|1622879668
|move|p2a: Arceus|Judgment|p1a: 그란돈
|-supereffective|p1a: 그란돈
|-damage|p1a: 그란돈|17/100
|move|p1a: 그란돈|Fire Punch|p2a: Arceus
|-damage|p2a: Arceus|0 fnt
|faint|p2a: Arceus
|
|-weather|DesolateLand|[upkeep]
|upkeep
|
|t:|1622879672
|switch|p2a: Ditto|Ditto|67/100
|-transform|p2a: Ditto|p1a: 그란돈|[from] ability: Imposter
|turn|46
|
|t:|1622879689
|move|p2a: Ditto|Fire Punch|p1a: 그란돈
|-resisted|p1a: 그란돈
|-damage|p1a: 그란돈|0 fnt
|faint|p1a: 그란돈
|
|-weather|DesolateLand|[upkeep]
|upkeep
|
|t:|1622879692
|switch|p1a: 루기아|Lugia|88/100 tox
|turn|47
|
|t:|1622879702
|move|p2a: Ditto|Fire Punch|p1a: 루기아
|-damage|p1a: 루기아|2/100 tox
|-damage|p2a: Ditto|51/100|[from] item: Rocky Helmet|[of] p1a: 루기아
|move|p1a: 루기아|Roost|p1a: 루기아
|-heal|p1a: 루기아|52/100 tox
|-singleturn|p1a: 루기아|move: Roost
|
|-weather|DesolateLand|[upkeep]
|-damage|p1a: 루기아|46/100 tox|[from] psn
|upkeep
|turn|48
|
|t:|1622879709
|move|p2a: Ditto|Fire Punch|p1a: 루기아
|-damage|p1a: 루기아|0 fnt
|-damage|p2a: Ditto|34/100|[from] item: Rocky Helmet|[of] p1a: 루기아
|faint|p1a: 루기아
|
|-weather|DesolateLand|[upkeep]
|upkeep
|
|t:|1622879716
|switch|p1a: 악르세우스|Arceus-Dark|100/100
|turn|49
|
|t:|1622879729
|move|p1a: 악르세우스|Judgment|p2a: Ditto
|-damage|p2a: Ditto|0 fnt
|faint|p2a: Ditto
|-weather|none
|
|upkeep
|
|t:|1622879752
|switch|p2a: Xerneas|Xerneas|100/100
|-ability|p2a: Xerneas|Fairy Aura
|turn|50
|
|t:|1622879760
|switch|p1a: 럭키|Chansey, F|94/100
|move|p2a: Xerneas|Geomancy||[still]
|-prepare|p2a: Xerneas|Geomancy
|-enditem|p2a: Xerneas|Power Herb
|-anim|p2a: Xerneas|Geomancy|p2a: Xerneas
|-boost|p2a: Xerneas|spa|2
|-boost|p2a: Xerneas|spd|2
|-boost|p2a: Xerneas|spe|2
|
|upkeep
|turn|51
|
|t:|1622879768
|-start|p2a: Xerneas|Dynamax
|-heal|p2a: Xerneas|100/100|[silent]
|move|p1a: 럭키|Protect|p1a: 럭키
|-singleturn|p1a: 럭키|Protect
|move|p2a: Xerneas|Max Starfall|p1a: 럭키
|-zbroken|p1a: 럭키
|-damage|p1a: 럭키|79/100
|-fieldstart|move: Misty Terrain
|
|upkeep
|turn|52
|
|t:|1622879776
|move|p2a: Xerneas|Max Starfall|p1a: 럭키
|-damage|p1a: 럭키|16/100
|move|p1a: 럭키|Wish|p1a: 럭키
|
|upkeep
|turn|53
|
|t:|1622879782
|move|p1a: 럭키|Protect|p1a: 럭키
|-singleturn|p1a: 럭키|Protect
|move|p2a: Xerneas|Max Starfall|p1a: 럭키
|-zbroken|p1a: 럭키
|-damage|p1a: 럭키|1/100
|
|-heal|p1a: 럭키|51/100|[from] move: Wish|[wisher] 럭키
|-end|p2a: Xerneas|Dynamax
|-heal|p2a: Xerneas|100/100|[silent]
|upkeep
|turn|54
|
|t:|1622879789
|move|p2a: Xerneas|Moonblast|p1a: 럭키
|-damage|p1a: 럭키|5/100
|-unboost|p1a: 럭키|spa|1
|move|p1a: 럭키|Wish|p1a: 럭키
|
|upkeep
|turn|55
|
|t:|1622879800
|move|p2a: Xerneas|Moonblast|p1a: 럭키
|-damage|p1a: 럭키|0 fnt
|faint|p1a: 럭키
|
|-fieldend|Misty Terrain
|upkeep
|
|t:|1622879803
|switch|p1a: 메타몽|Ditto|100/100
|-transform|p1a: 메타몽|p2a: Xerneas|[from] ability: Imposter
|-ability|p1a: 메타몽|Fairy Aura
|turn|56
|
|t:|1622879815
|switch|p2a: Shedinja|Shedinja, shiny|100/100
|move|p1a: 메타몽|Moonblast|p2a: Shedinja
|-immune|p2a: Shedinja|[from] ability: Wonder Guard
|
|upkeep
|turn|57
|
|t:|1622879830
|switch|p1a: 악르세우스|Arceus-Dark|100/100
|move|p2a: Shedinja|Baton Pass|p2a: Shedinja
|
|t:|1622879838
|switch|p2a: Xerneas|Xerneas|100/100|[from]move: Baton Pass
|-ability|p2a: Xerneas|Fairy Aura
|
|upkeep
|turn|58
|
|t:|1622879850
|switch|p1a: 아르세우스|Arceus-Fairy|86/100
|move|p2a: Xerneas|Moonblast|p1a: 아르세우스
|-damage|p1a: 아르세우스|37/100
|
|upkeep
|turn|59
|
|t:|1622879856
|switch|p2a: Ho-Oh|Ho-Oh, shiny|86/100 tox
|move|p1a: 아르세우스|Recover|p1a: 아르세우스
|-heal|p1a: 아르세우스|87/100
|
|-damage|p2a: Ho-Oh|80/100 tox|[from] psn
|upkeep
|turn|60
|
|t:|1622879873
|switch|p1a: 악르세우스|Arceus-Dark|100/100
|move|p2a: Ho-Oh|Toxic|p1a: 악르세우스
|-status|p1a: 악르세우스|tox
|
|-damage|p1a: 악르세우스|94/100 tox|[from] psn
|-damage|p2a: Ho-Oh|68/100 tox|[from] psn
|upkeep
|turn|61
|
|t:|1622879884
|switch|p2a: Xerneas|Xerneas|100/100
|-ability|p2a: Xerneas|Fairy Aura
|move|p1a: 악르세우스|Refresh|p1a: 악르세우스
|-curestatus|p1a: 악르세우스|tox|[msg]
|
|upkeep
|turn|62
|
|t:|1622879903
|switch|p1a: 아르세우스|Arceus-Fairy|87/100
|move|p2a: Xerneas|Moonblast|p1a: 아르세우스
|-damage|p1a: 아르세우스|36/100
|
|upkeep
|turn|63
|
|t:|1622879911
|move|p2a: Xerneas|Moonblast|p1a: 아르세우스
|-damage|p1a: 아르세우스|0 fnt
|faint|p1a: 아르세우스
|
|upkeep
|
|t:|1622879919
|switch|p1a: 악르세우스|Arceus-Dark|94/100
|turn|64
|c|☆ExtremeFlatulence|gg
|
|t:|1622879922
|move|p1a: 악르세우스|Calm Mind|p1a: 악르세우스
|-boost|p1a: 악르세우스|spa|1
|-boost|p1a: 악르세우스|spd|1
|move|p2a: Xerneas|Moonblast|p1a: 악르세우스
|-supereffective|p1a: 악르세우스
|-damage|p1a: 악르세우스|25/100
|-unboost|p1a: 악르세우스|spa|1
|
|upkeep
|turn|65
|
|t:|1622879931
|move|p1a: 악르세우스|Recover|p1a: 악르세우스
|-heal|p1a: 악르세우스|75/100
|move|p2a: Xerneas|Moonblast|p1a: 악르세우스
|-supereffective|p1a: 악르세우스
|-damage|p1a: 악르세우스|16/100
|
|upkeep
|turn|66
|
|t:|1622879940
|move|p1a: 악르세우스|Recover|p1a: 악르세우스
|-heal|p1a: 악르세우스|66/100
|move|p2a: Xerneas|Moonblast|p1a: 악르세우스
|-supereffective|p1a: 악르세우스
|-damage|p1a: 악르세우스|2/100
|-unboost|p1a: 악르세우스|spa|1
|
|upkeep
|turn|67
|
|t:|1622879947
|move|p1a: 악르세우스|Recover|p1a: 악르세우스
|-heal|p1a: 악르세우스|52/100
|move|p2a: Xerneas|Moonblast|p1a: 악르세우스
|-supereffective|p1a: 악르세우스
|-damage|p1a: 악르세우스|0 fnt
|faint|p1a: 악르세우스
|
|upkeep
|
|t:|1622879951
|switch|p1a: 메타몽|Ditto|100/100
|-transform|p1a: 메타몽|p2a: Xerneas|[from] ability: Imposter
|-ability|p1a: 메타몽|Fairy Aura
|turn|68
|-message|rajof forfeited.
|
|win|ExtremeFlatulence
|raw|rajof's rating: 1609 &rarr; <strong>1596</strong><br />(-13 for losing)
|raw|ExtremeFlatulence's rating: 1737 &rarr; <strong>1750</strong><br />(+13 for winning)
|l|☆rajof
|c| Saenai Heroine♡|shed :D
