|j|☆Celestia74
|j|☆Cocky but goated
|t:|1660756028
|gametype|singles
|player|p1|Celestia74|skyla|1760
|player|p2|Cocky but goated|ethan-masters|1871
|teamsize|p1|6
|teamsize|p2|6
|gen|8
|tier|[Gen 8] National Dex AG
|rated|
|rule|HP Percentage Mod: HP is shown in percentages
|rule|Endless Battle Clause: Forcing endless battles is banned
|clearpoke
|poke|p1|Swampert, M|
|poke|p1|Groudon|
|poke|p1|Zacian-*|
|poke|p1|Calyrex-Shadow|
|poke|p1|Yveltal|
|poke|p1|Arceus-*|
|poke|p2|Deoxys-Speed|
|poke|p2|Zygarde|
|poke|p2|Calyrex-Shadow|
|poke|p2|Arceus-*|
|poke|p2|Ditto|
|poke|p2|Necrozma-Dusk-Mane|
|teampreview
|inactive|Battle timer is ON: inactive players will automatically lose when time's up. (requested by Celestia74)
|inactive|Cocky but goated also wants the timer to be on.
|inactive|Celestia74 has 120 seconds left.
|
|t:|1660756060
|start
|switch|p1a: Arceus|Arceus-Water|100/100
|switch|p2a: Deoxys|Deoxys-Speed|100/100
|-ability|p2a: Deoxys|Pressure
|turn|1
|
|t:|1660756065
|move|p2a: Deoxys|Stealth Rock|p1a: Arceus
|-sidestart|p1: Celestia74|move: Stealth Rock
|move|p1a: Arceus|Liquidation|p2a: Deoxys
|-damage|p2a: Deoxys|49/100
|
|upkeep
|turn|2
|
|t:|1660756071
|move|p2a: Deoxys|Knock Off|p1a: Arceus
|-damage|p1a: Arceus|91/100
|move|p1a: Arceus|Liquidation|p2a: Deoxys
|-damage|p2a: Deoxys|3/100
|
|upkeep
|turn|3
|
|t:|1660756074
|move|p2a: Deoxys|Taunt|p1a: Arceus
|-start|p1a: Arceus|move: Taunt
|move|p1a: Arceus|Liquidation|p2a: Deoxys
|-damage|p2a: Deoxys|0 fnt
|faint|p2a: Deoxys
|
|upkeep
|
|t:|1660756082
|switch|p2a: Zygarde|Zygarde|100/100
|turn|4
|
|t:|1660756088
|switch|p1a: Zanza the Divine|Zacian-Crowned, shiny|100/100
|-damage|p1a: Zanza the Divine|94/100|[from] Stealth Rock
|-ability|p1a: Zanza the Divine|Intrepid Sword|boost
|-boost|p1a: Zanza the Divine|atk|1
|move|p2a: Zygarde|Dragon Dance|p2a: Zygarde
|-boost|p2a: Zygarde|atk|1
|-boost|p2a: Zygarde|spe|1
|
|upkeep
|turn|5
|
|t:|1660756098
|move|p2a: Zygarde|Earthquake|p1a: Zanza the Divine
|-supereffective|p1a: Zanza the Divine
|-damage|p1a: Zanza the Divine|0 fnt
|faint|p1a: Zanza the Divine
|-damage|p2a: Zygarde|91/100|[from] item: Life Orb
|
|upkeep
|j| parlorsky
|
|t:|1660756103
|switch|p1a: Arceus|Arceus-Water|91/100
|-damage|p1a: Arceus|78/100|[from] Stealth Rock
|turn|6
|
|t:|1660756128
|-start|p2a: Zygarde|Dynamax|
|-heal|p2a: Zygarde|91/100|[silent]
|move|p2a: Zygarde|Max Wyrmwind|p1a: Arceus
|-damage|p1a: Arceus|0 fnt
|faint|p1a: Arceus
|-damage|p2a: Zygarde|86/100|[from] item: Life Orb
|
|upkeep
|-message|Celestia74 forfeited.
|
|win|Cocky but goated
|raw|Celestia74's rating: 1760 &rarr; <strong>1746</strong><br />(-14 for losing)
|raw|Cocky but goated's rating: 1871 &rarr; <strong>1885</strong><br />(+14 for winning)
|l|☆Celestia74
|l| parlorsky
