|j|☆Capri~#song
|j|☆Goku Uchiha 2001
|t:|1664309872
|gametype|singles
|player|p1|Capri~#song|melli|1712
|player|p2|Goku Uchiha 2001|blue-gen3two|1835
|teamsize|p1|6
|teamsize|p2|6
|gen|8
|tier|[Gen 8] National Dex AG
|rated|
|rule|HP Percentage Mod: HP is shown in percentages
|rule|Endless Battle Clause: Forcing endless battles is banned
|clearpoke
|poke|p1|Yveltal|
|poke|p1|Necrozma-Dusk-Mane|
|poke|p1|Ditto|
|poke|p1|Ho-Oh|
|poke|p1|Marshadow|
|poke|p1|Rayquaza|
|poke|p2|Landorus-Therian, M|
|poke|p2|Ditto|
|poke|p2|Arceus-*|
|poke|p2|Necrozma-Dusk-Mane|
|poke|p2|Deoxys-Speed|
|poke|p2|Giratina-Origin|
|teampreview
|inactive|Battle timer is ON: inactive players will automatically lose when time's up. (requested by Capri~#song)
|inactive|Goku Uchiha 2001 also wants the timer to be on.
|
|t:|1664309887
|start
|switch|p1a: BIG STRIPEY LIE|Rayquaza|100/100
|switch|p2a: Deoxys|Deoxys-Speed|100/100
|-ability|p2a: Deoxys|Pressure
|-ability|p1a: BIG STRIPEY LIE|Air Lock
|turn|1
|
|t:|1664309893
|detailschange|p1a: BIG STRIPEY LIE|Rayquaza-Mega
|-mega|p1a: BIG STRIPEY LIE|Rayquaza|
|-weather|DeltaStream|[from] ability: Delta Stream|[of] p1a: BIG STRIPEY LIE
|move|p1a: BIG STRIPEY LIE|Extreme Speed|p2a: Deoxys
|-damage|p2a: Deoxys|39/100
|-damage|p1a: BIG STRIPEY LIE|91/100|[from] item: Life Orb
|move|p2a: Deoxys|Stealth Rock|p1a: BIG STRIPEY LIE
|-sidestart|p1: Capri~#song|move: Stealth Rock
|
|-weather|DeltaStream|[upkeep]
|upkeep
|turn|2
|
|t:|1664309902
|switch|p2a: Giratina|Giratina-Origin|100/100
|move|p1a: BIG STRIPEY LIE|Extreme Speed|p2a: Giratina
|-immune|p2a: Giratina
|
|-weather|DeltaStream|[upkeep]
|upkeep
|turn|3
|
|t:|1664309908
|-weather|none
|switch|p1a: THE RED SHOES|Yveltal|100/100
|-ability|p1a: THE RED SHOES|Dark Aura
|switch|p2a: Deoxys|Deoxys-Speed|39/100
|-ability|p2a: Deoxys|Pressure
|
|upkeep
|turn|4
|
|t:|1664309916
|move|p2a: Deoxys|Taunt|p1a: THE RED SHOES
|-start|p1a: THE RED SHOES|move: Taunt
|move|p1a: THE RED SHOES|Foul Play|p2a: Deoxys
|-supereffective|p2a: Deoxys
|-damage|p2a: Deoxys|0 fnt
|faint|p2a: Deoxys
|
|upkeep
|
|t:|1664309930
|switch|p2a: Landorus|Landorus-Therian, M|100/100
|-ability|p2a: Landorus|Intimidate|boost
|-unboost|p1a: THE RED SHOES|atk|1
|turn|5
|
|t:|1664309943
|-start|p2a: Landorus|Dynamax|
|-heal|p2a: Landorus|100/100|[silent]
|move|p2a: Landorus|Max Airstream|p1a: THE RED SHOES
|-damage|p1a: THE RED SHOES|20/100
|-boost|p2a: Landorus|spe|1
|-damage|p2a: Landorus|96/100|[from] item: Life Orb
|move|p1a: THE RED SHOES|Foul Play|p2a: Landorus
|-damage|p2a: Landorus|53/100
|
|upkeep
|turn|6
|j| TheGodGuardian
|
|t:|1664309967
|switch|p1a: EAT THE MUSIC|Ho-Oh, shiny|100/100
|move|p2a: Landorus|Max Knuckle|p1a: EAT THE MUSIC
|-resisted|p1a: EAT THE MUSIC
|-damage|p1a: EAT THE MUSIC|84/100
|-boost|p2a: Landorus|atk|1
|-damage|p2a: Landorus|48/100|[from] item: Life Orb
|
|upkeep
|turn|7
|
|t:|1664309973
|move|p2a: Landorus|Max Rockfall|p1a: EAT THE MUSIC
|-supereffective|p1a: EAT THE MUSIC
|-damage|p1a: EAT THE MUSIC|0 fnt
|-weather|Sandstorm
|faint|p1a: EAT THE MUSIC
|-damage|p2a: Landorus|44/100|[from] item: Life Orb
|
|-weather|Sandstorm|[upkeep]
|upkeep
|
|t:|1664309982
|switch|p1a: BIG STRIPEY LIE|Rayquaza-Mega|91/100
|-damage|p1a: BIG STRIPEY LIE|66/100|[from] Stealth Rock
|-weather|DeltaStream|[from] ability: Delta Stream|[of] p1a: BIG STRIPEY LIE
|-end|p2a: Landorus|Dynamax
|-heal|p2a: Landorus|44/100|[silent]
|turn|8
|
|t:|1664309989
|move|p1a: BIG STRIPEY LIE|Extreme Speed|p2a: Landorus
|-damage|p2a: Landorus|0 fnt
|faint|p2a: Landorus
|-damage|p1a: BIG STRIPEY LIE|56/100|[from] item: Life Orb
|
|-weather|DeltaStream|[upkeep]
|upkeep
|j| greatestgus
|
|t:|1664309998
|switch|p2a: Ditto|Ditto, shiny|100/100
|-transform|p2a: Ditto|p1a: BIG STRIPEY LIE|[from] ability: Imposter
|turn|9
|
|t:|1664310011
|switch|p1a: AND SO IS LOVE|Necrozma-Dusk-Mane, shiny|100/100
|-damage|p1a: AND SO IS LOVE|94/100|[from] Stealth Rock
|move|p2a: Ditto|Dragon Ascent|p1a: AND SO IS LOVE
|-resisted|p1a: AND SO IS LOVE
|-damage|p1a: AND SO IS LOVE|75/100
|-unboost|p2a: Ditto|def|1
|-unboost|p2a: Ditto|spd|1
|
|-weather|DeltaStream|[upkeep]
|-heal|p1a: AND SO IS LOVE|81/100|[from] item: Leftovers
|upkeep
|turn|10
|
|t:|1664310017
|-weather|none
|switch|p2a: Giratina|Giratina-Origin|100/100
|move|p1a: AND SO IS LOVE|Knock Off|p2a: Giratina
|-supereffective|p2a: Giratina
|-damage|p2a: Giratina|69/100
|
|-heal|p1a: AND SO IS LOVE|87/100|[from] item: Leftovers
|upkeep
|turn|11
|
|t:|1664310026
|switch|p1a: THE RED SHOES|Yveltal|20/100
|-ability|p1a: THE RED SHOES|Dark Aura
|move|p2a: Giratina|Hone Claws|p2a: Giratina
|-boost|p2a: Giratina|atk|1
|-boost|p2a: Giratina|accuracy|1
|
|upkeep
|turn|12
|
|t:|1664310030
|move|p2a: Giratina|Shadow Sneak|p1a: THE RED SHOES
|-resisted|p1a: THE RED SHOES
|-damage|p1a: THE RED SHOES|5/100
|move|p1a: THE RED SHOES|Foul Play|p2a: Giratina
|-supereffective|p2a: Giratina
|-damage|p2a: Giratina|0 fnt
|faint|p2a: Giratina
|
|upkeep
|
|t:|1664310039
|switch|p2a: Ditto|Ditto, shiny|100/100
|-transform|p2a: Ditto|p1a: THE RED SHOES|[from] ability: Imposter
|-ability|p2a: Ditto|Dark Aura
|turn|13
|
|t:|1664310046
|switch|p1a: AND SO IS LOVE|Necrozma-Dusk-Mane, shiny|87/100
|-damage|p1a: AND SO IS LOVE|81/100|[from] Stealth Rock
|move|p2a: Ditto|Foul Play|p1a: AND SO IS LOVE
|-supereffective|p1a: AND SO IS LOVE
|-damage|p1a: AND SO IS LOVE|27/100
|
|-heal|p1a: AND SO IS LOVE|33/100|[from] item: Leftovers
|upkeep
|turn|14
|
|t:|1664310056
|move|p2a: Ditto|Foul Play|p1a: AND SO IS LOVE
|-supereffective|p1a: AND SO IS LOVE
|-damage|p1a: AND SO IS LOVE|0 fnt
|faint|p1a: AND SO IS LOVE
|
|upkeep
|
|t:|1664310059
|switch|p1a: TOP OF THE CITY|Marshadow|100/100
|-damage|p1a: TOP OF THE CITY|94/100|[from] Stealth Rock
|turn|15
|
|t:|1664310066
|move|p1a: TOP OF THE CITY|Close Combat|p2a: Ditto
|-damage|p2a: Ditto|34/100
|-unboost|p1a: TOP OF THE CITY|def|1
|-unboost|p1a: TOP OF THE CITY|spd|1
|move|p2a: Ditto|Foul Play|p1a: TOP OF THE CITY
|-damage|p1a: TOP OF THE CITY|0 fnt
|faint|p1a: TOP OF THE CITY
|
|upkeep
|
|t:|1664310072
|switch|p1a: BIG STRIPEY LIE|Rayquaza-Mega|56/100
|-damage|p1a: BIG STRIPEY LIE|31/100|[from] Stealth Rock
|-weather|DeltaStream|[from] ability: Delta Stream|[of] p1a: BIG STRIPEY LIE
|turn|16
|
|t:|1664310076
|switch|p2a: Necrozma|Necrozma-Dusk-Mane, shiny|100/100
|move|p1a: BIG STRIPEY LIE|Extreme Speed|p2a: Necrozma
|-resisted|p2a: Necrozma
|-damage|p2a: Necrozma|82/100
|-damage|p1a: BIG STRIPEY LIE|21/100|[from] item: Life Orb
|
|-weather|DeltaStream|[upkeep]
|upkeep
|turn|17
|
|t:|1664310086
|detailschange|p2a: Necrozma|Necrozma-Ultra, shiny
|-burst|p2a: Necrozma|Necrozma|Ultranecrozium Z
|move|p1a: BIG STRIPEY LIE|V-create|p2a: Necrozma
|-resisted|p2a: Necrozma
|-damage|p2a: Necrozma|25/100
|-unboost|p1a: BIG STRIPEY LIE|spe|1
|-unboost|p1a: BIG STRIPEY LIE|def|1
|-unboost|p1a: BIG STRIPEY LIE|spd|1
|-damage|p1a: BIG STRIPEY LIE|11/100|[from] item: Life Orb
|move|p2a: Necrozma|Photon Geyser|p1a: BIG STRIPEY LIE
|-damage|p1a: BIG STRIPEY LIE|0 fnt
|faint|p1a: BIG STRIPEY LIE
|-weather|none
|
|upkeep
|
|t:|1664310090
|switch|p1a: RUBBERBAND GIRL|Ditto|100/100
|-damage|p1a: RUBBERBAND GIRL|88/100|[from] Stealth Rock
|-transform|p1a: RUBBERBAND GIRL|p2a: Necrozma|[from] ability: Imposter
|turn|18
|
|t:|1664310099
|move|p1a: RUBBERBAND GIRL|Photon Geyser|p2a: Necrozma
|-resisted|p2a: Necrozma
|-damage|p2a: Necrozma|0 fnt
|faint|p2a: Necrozma
|
|upkeep
|
|t:|1664310102
|switch|p2a: Arceus|Arceus|100/100
|turn|19
|
|t:|1664310107
|move|p1a: RUBBERBAND GIRL|Photon Geyser|p2a: Arceus
|-damage|p2a: Arceus|58/100
|move|p2a: Arceus|Recover|p2a: Arceus
|-heal|p2a: Arceus|100/100
|
|upkeep
|turn|20
|
|t:|1664310114
|move|p1a: RUBBERBAND GIRL|Photon Geyser|p2a: Arceus
|-damage|p2a: Arceus|55/100
|move|p2a: Arceus|Shadow Claw|p1a: RUBBERBAND GIRL
|-supereffective|p1a: RUBBERBAND GIRL
|-damage|p1a: RUBBERBAND GIRL|30/100
|
|upkeep
|turn|21
|
|t:|1664310118
|switch|p1a: THE RED SHOES|Yveltal|5/100
|-ability|p1a: THE RED SHOES|Dark Aura
|move|p2a: Arceus|Extreme Speed|p1a: THE RED SHOES
|-damage|p1a: THE RED SHOES|0 fnt
|faint|p1a: THE RED SHOES
|
|upkeep
|
|t:|1664310120
|switch|p1a: RUBBERBAND GIRL|Ditto|30/100
|-damage|p1a: RUBBERBAND GIRL|18/100|[from] Stealth Rock
|-transform|p1a: RUBBERBAND GIRL|p2a: Arceus|[from] ability: Imposter
|turn|22
|
|t:|1664310123
|-start|p1a: RUBBERBAND GIRL|Dynamax|
|-heal|p1a: RUBBERBAND GIRL|18/100|[silent]
|move|p2a: Arceus|Extreme Speed|p1a: RUBBERBAND GIRL
|-damage|p1a: RUBBERBAND GIRL|0 fnt
|faint|p1a: RUBBERBAND GIRL
|
|win|Goku Uchiha 2001
|raw|Capri~#song's rating: 1712 &rarr; <strong>1699</strong><br />(-13 for losing)
|raw|Goku Uchiha 2001's rating: 1835 &rarr; <strong>1848</strong><br />(+13 for winning)
|l|☆Capri~#song
