|j|☆JedTheHumanoid
|j|☆Wennox
|t:|1651308844
|gametype|singles
|player|p1|JedTheHumanoid|tuber-gen3|1846
|player|p2|Wennox|veteran|1920
|teamsize|p1|6
|teamsize|p2|6
|gen|8
|tier|[Gen 8] National Dex AG
|rated|
|rule|HP Percentage Mod: HP is shown in percentages
|rule|Endless Battle Clause: Forcing endless battles is banned
|clearpoke
|poke|p1|Palkia|
|poke|p1|Marshadow|
|poke|p1|Arceus-*|
|poke|p1|Calyrex-Shadow|
|poke|p1|Xerneas-*|
|poke|p1|Excadrill, M|
|poke|p2|Arceus-*|
|poke|p2|Marshadow|
|poke|p2|Necrozma-Dusk-Mane|
|poke|p2|Rayquaza|
|poke|p2|Excadrill, F|
|poke|p2|Zygarde|
|teampreview
|
|t:|1651308855
|start
|switch|p1a: Excadrill|Excadrill, M|100/100
|switch|p2a: Excadrill|Excadrill, F|100/100
|-ability|p1a: Excadrill|Mold Breaker
|turn|1
|
|t:|1651308868
|move|p2a: Excadrill|Rapid Spin|p1a: Excadrill
|-resisted|p1a: Excadrill
|-damage|p1a: Excadrill|89/100
|-boost|p2a: Excadrill|spe|1
|move|p1a: Excadrill|Rapid Spin|p2a: Excadrill
|-resisted|p2a: Excadrill
|-damage|p2a: Excadrill|89/100
|-boost|p1a: Excadrill|spe|1
|
|upkeep
|turn|2
|
|t:|1651308876
|move|p1a: Excadrill|Stealth Rock|p2a: Excadrill
|-sidestart|p2: Wennox|move: Stealth Rock
|move|p2a: Excadrill|Earthquake|p1a: Excadrill
|-supereffective|p1a: Excadrill
|-damage|p1a: Excadrill|0 fnt
|faint|p1a: Excadrill
|
|upkeep
|
|t:|1651308893
|switch|p1a: Marshadow|Marshadow|100/100
|turn|3
|
|t:|1651308904
|move|p2a: Excadrill|Stealth Rock|p1a: Marshadow
|-sidestart|p1: JedTheHumanoid|move: Stealth Rock
|move|p1a: Marshadow|Close Combat|p2a: Excadrill
|-supereffective|p2a: Excadrill
|-damage|p2a: Excadrill|0 fnt
|-unboost|p1a: Marshadow|def|1
|-unboost|p1a: Marshadow|spd|1
|faint|p2a: Excadrill
|
|upkeep
|
|t:|1651308909
|switch|p2a: Arceus|Arceus-Water|100/100
|-damage|p2a: Arceus|88/100|[from] Stealth Rock
|turn|4
|
|t:|1651308912
|move|p1a: Marshadow|Close Combat|p2a: Arceus
|-damage|p2a: Arceus|48/100
|-unboost|p1a: Marshadow|def|1
|-unboost|p1a: Marshadow|spd|1
|move|p2a: Arceus|Judgment|p1a: Marshadow
|-crit|p1a: Marshadow
|-enditem|p1a: Marshadow|Focus Sash
|-damage|p1a: Marshadow|1/100
|
|upkeep
|turn|5
|
|t:|1651308922
|move|p1a: Marshadow|Close Combat|p2a: Arceus
|-damage|p2a: Arceus|7/100
|-unboost|p1a: Marshadow|def|1
|-unboost|p1a: Marshadow|spd|1
|move|p2a: Arceus|Recover|p2a: Arceus
|-heal|p2a: Arceus|57/100
|
|upkeep
|turn|6
|
|t:|1651308932
|move|p1a: Marshadow|Close Combat|p2a: Arceus
|-damage|p2a: Arceus|16/100
|-unboost|p1a: Marshadow|def|1
|-unboost|p1a: Marshadow|spd|1
|move|p2a: Arceus|Recover|p2a: Arceus
|-heal|p2a: Arceus|66/100
|
|upkeep
|turn|7
|
|t:|1651308938
|switch|p2a: Marshadow|Marshadow|100/100
|-damage|p2a: Marshadow|94/100|[from] Stealth Rock
|move|p1a: Marshadow|Close Combat|p2a: Marshadow
|-immune|p2a: Marshadow
|
|upkeep
|turn|8
|
|t:|1651308944
|move|p2a: Marshadow|Shadow Sneak|p1a: Marshadow
|-supereffective|p1a: Marshadow
|-damage|p1a: Marshadow|0 fnt
|faint|p1a: Marshadow
|
|upkeep
|
|t:|1651308963
|switch|p1a: Palkia|Palkia|100/100
|-damage|p1a: Palkia|88/100|[from] Stealth Rock
|-ability|p1a: Palkia|Pressure
|turn|9
|
|t:|1651308972
|switch|p2a: Arceus|Arceus-Water|66/100
|-damage|p2a: Arceus|54/100|[from] Stealth Rock
|move|p1a: Palkia|Spacial Rend|p2a: Arceus
|-damage|p2a: Arceus|4/100
|
|upkeep
|turn|10
|
|t:|1651308982
|move|p2a: Arceus|Thunder Wave|p1a: Palkia
|-status|p1a: Palkia|par
|move|p1a: Palkia|Spacial Rend|p2a: Arceus
|-damage|p2a: Arceus|0 fnt
|faint|p2a: Arceus
|
|upkeep
|
|t:|1651308993
|switch|p2a: Necrozma|Necrozma-Dusk-Mane|100/100
|-damage|p2a: Necrozma|94/100|[from] Stealth Rock
|turn|11
|
|t:|1651308998
|move|p2a: Necrozma|Psychic Fangs|p1a: Palkia
|-damage|p1a: Palkia|25/100 par
|move|p1a: Palkia|Hydro Pump|p2a: Necrozma
|-damage|p2a: Necrozma|17/100
|
|upkeep
|turn|12
|
|t:|1651309004
|move|p2a: Necrozma|Psychic Fangs|p1a: Palkia
|-damage|p1a: Palkia|0 fnt
|faint|p1a: Palkia
|
|upkeep
|
|t:|1651309020
|switch|p1a: Calyrex|Calyrex-Shadow|100/100
|-ability|p1a: Calyrex|As One
|-ability|p1a: Calyrex|Unnerve
|-damage|p1a: Calyrex|88/100|[from] Stealth Rock
|turn|13
|
|t:|1651309030
|move|p1a: Calyrex|Astral Barrage|p2a: Necrozma
|-supereffective|p2a: Necrozma
|-crit|p2a: Necrozma
|-damage|p2a: Necrozma|0 fnt
|faint|p2a: Necrozma
|-ability|p1a: Calyrex|Grim Neigh|boost
|-boost|p1a: Calyrex|spa|1
|
|upkeep
|
|t:|1651309032
|switch|p2a: Marshadow|Marshadow|94/100
|-damage|p2a: Marshadow|88/100|[from] Stealth Rock
|turn|14
|
|t:|1651309035
|switch|p1a: Arceus|Arceus|100/100
|-damage|p1a: Arceus|88/100|[from] Stealth Rock
|move|p2a: Marshadow|Shadow Sneak|p1a: Arceus
|-immune|p1a: Arceus
|
|upkeep
|turn|15
|
|t:|1651309043
|move|p2a: Marshadow|Close Combat|p1a: Arceus
|-supereffective|p1a: Arceus
|-enditem|p1a: Arceus|Chople Berry|[eat]
|-enditem|p1a: Arceus|Chople Berry|[weaken]
|-damage|p1a: Arceus|48/100
|-unboost|p2a: Marshadow|def|1
|-unboost|p2a: Marshadow|spd|1
|move|p1a: Arceus|Shadow Force||[still]
|-prepare|p1a: Arceus|Shadow Force
|
|upkeep
|turn|16
|
|t:|1651309050
|switch|p2a: Rayquaza|Rayquaza|100/100
|-damage|p2a: Rayquaza|76/100|[from] Stealth Rock
|-ability|p2a: Rayquaza|Air Lock
|move|p1a: Arceus|Shadow Force|p2a: Rayquaza|[from]lockedmove
|-damage|p2a: Rayquaza|30/100
|
|upkeep
|turn|17
|
|t:|1651309060
|detailschange|p2a: Rayquaza|Rayquaza-Mega
|-mega|p2a: Rayquaza|Rayquaza|
|-weather|DeltaStream|[from] ability: Delta Stream|[of] p2a: Rayquaza
|move|p2a: Rayquaza|Extreme Speed|p1a: Arceus
|-damage|p1a: Arceus|18/100
|move|p1a: Arceus|Extreme Speed|p2a: Rayquaza
|-damage|p2a: Rayquaza|0 fnt
|faint|p2a: Rayquaza
|-weather|none
|
|upkeep
|
|t:|1651309062
|switch|p2a: Marshadow|Marshadow|88/100
|-damage|p2a: Marshadow|82/100|[from] Stealth Rock
|turn|18
|
|t:|1651309071
|move|p2a: Marshadow|Close Combat|p1a: Arceus
|-supereffective|p1a: Arceus
|-damage|p1a: Arceus|0 fnt
|-unboost|p2a: Marshadow|def|1
|-unboost|p2a: Marshadow|spd|1
|faint|p1a: Arceus
|
|upkeep
|
|t:|1651309074
|switch|p1a: Xerneas|Xerneas|100/100
|-damage|p1a: Xerneas|88/100|[from] Stealth Rock
|-ability|p1a: Xerneas|Fairy Aura
|turn|19
|
|t:|1651309093
|-start|p1a: Xerneas|Dynamax|
|-heal|p1a: Xerneas|88/100|[silent]
|move|p2a: Marshadow|Rock Tomb|p1a: Xerneas
|-damage|p1a: Xerneas|76/100
|-unboost|p1a: Xerneas|spe|1
|move|p1a: Xerneas|Max Starfall|p2a: Marshadow
|-supereffective|p2a: Marshadow
|-damage|p2a: Marshadow|0 fnt
|-fieldstart|move: Misty Terrain
|faint|p2a: Marshadow
|
|upkeep
|
|t:|1651309095
|switch|p2a: Zygarde|Zygarde|100/100
|-damage|p2a: Zygarde|94/100|[from] Stealth Rock
|turn|20
|
|t:|1651309101
|-start|p2a: Zygarde|Dynamax|
|-heal|p2a: Zygarde|94/100|[silent]
|move|p2a: Zygarde|Max Guard|p2a: Zygarde
|-singleturn|p2a: Zygarde|Max Guard
|move|p1a: Xerneas|Max Starfall|p2a: Zygarde
|-activate|p2a: Zygarde|move: Max Guard
|
|-heal|p2a: Zygarde|97/100|[from] item: Leftovers
|upkeep
|turn|21
|
|t:|1651309106
|move|p2a: Zygarde|Max Quake|p1a: Xerneas
|-damage|p1a: Xerneas|56/100
|-boost|p2a: Zygarde|spd|1
|move|p1a: Xerneas|Max Starfall|p2a: Zygarde
|-supereffective|p2a: Zygarde
|-damage|p2a: Zygarde|59/100
|
|-heal|p2a: Zygarde|62/100|[from] item: Leftovers
|upkeep
|-end|p1a: Xerneas|Dynamax
|-heal|p1a: Xerneas|56/100|[silent]
|turn|22
|
|t:|1651309113
|move|p2a: Zygarde|Max Quake|p1a: Xerneas
|-damage|p1a: Xerneas|19/100
|-boost|p2a: Zygarde|spd|1
|move|p1a: Xerneas|Geomancy||[still]
|-prepare|p1a: Xerneas|Geomancy
|-enditem|p1a: Xerneas|Power Herb
|-anim|p1a: Xerneas|Geomancy|p1a: Xerneas
|-boost|p1a: Xerneas|spa|2
|-boost|p1a: Xerneas|spd|2
|-boost|p1a: Xerneas|spe|2
|
|-heal|p2a: Zygarde|65/100|[from] item: Leftovers
|upkeep
|-end|p2a: Zygarde|Dynamax
|-heal|p2a: Zygarde|65/100|[silent]
|turn|23
|
|t:|1651309117
|move|p1a: Xerneas|Moonblast|p2a: Zygarde
|-supereffective|p2a: Zygarde
|-damage|p2a: Zygarde|0 fnt
|faint|p2a: Zygarde
|
|win|JedTheHumanoid
|raw|JedTheHumanoid's rating: 1846 &rarr; <strong>1870</strong><br />(+24 for winning)
|raw|Wennox's rating: 1920 &rarr; <strong>1896</strong><br />(-24 for losing)
|c|☆JedTheHumanoid|gg
|l|☆Wennox
