|j|☆Delta780
|j|☆DarkboiJ
|t:|1668343739
|gametype|singles
|player|p1|Delta780|rosa|1784
|player|p2|DarkboiJ|blue-gen3two|1916
|teamsize|p1|6
|teamsize|p2|6
|gen|8
|tier|[Gen 8] National Dex AG
|rated|
|rule|HP Percentage Mod: HP is shown in percentages
|rule|Endless Battle Clause: Forcing endless battles is banned
|clearpoke
|poke|p1|Rayquaza|
|poke|p1|Calyrex-Shadow|
|poke|p1|Yveltal|
|poke|p1|Arceus-*|
|poke|p1|Arceus-*|
|poke|p1|Ditto|
|poke|p2|Darkrai|
|poke|p2|Arceus-*|
|poke|p2|Kyogre|
|poke|p2|Ditto|
|poke|p2|Zapdos|
|poke|p2|Arceus-*|
|teampreview
|inactive|Battle timer is ON: inactive players will automatically lose when time's up. (requested by DarkboiJ)
|
|t:|1668343765
|start
|switch|p1a: Arceus|Arceus-Ground|100/100
|switch|p2a: Arceus|Arceus-Fairy|100/100
|turn|1
|
|t:|1668343771
|move|p1a: Arceus|Magic Coat|p1a: Arceus
|-singleturn|p1a: Arceus|move: Magic Coat
|move|p2a: Arceus|Stealth Rock|p1a: Arceus
|move|p1a: Arceus|Stealth Rock|p2a: Arceus|[from]Magic Coat
|-sidestart|p2: DarkboiJ|move: Stealth Rock
|
|upkeep
|turn|2
|
|t:|1668343777
|move|p1a: Arceus|Magic Coat|p1a: Arceus
|-singleturn|p1a: Arceus|move: Magic Coat
|move|p2a: Arceus|Stealth Rock|p1a: Arceus
|move|p1a: Arceus|Stealth Rock||[from]Magic Coat|[still]
|-fail|p1a: Arceus
|
|upkeep
|turn|3
|
|t:|1668343786
|move|p1a: Arceus|Swords Dance|p1a: Arceus
|-boost|p1a: Arceus|atk|2
|move|p2a: Arceus|Stealth Rock|p1a: Arceus
|-sidestart|p1: Delta780|move: Stealth Rock
|
|upkeep
|turn|4
|
|t:|1668343791
|move|p1a: Arceus|Earthquake|p2a: Arceus
|-damage|p2a: Arceus|40/100
|move|p2a: Arceus|Toxic|p1a: Arceus
|-status|p1a: Arceus|tox
|
|-damage|p1a: Arceus|94/100 tox|[from] psn
|upkeep
|turn|5
|
|t:|1668343796
|switch|p2a: Zapdos|Zapdos|100/100
|move|p1a: Arceus|Earthquake|p2a: Zapdos
|-immune|p2a: Zapdos
|
|-damage|p1a: Arceus|82/100 tox|[from] psn
|upkeep
|turn|6
|
|t:|1668343799
|switch|p2a: Arceus|Arceus-Fairy|40/100
|-damage|p2a: Arceus|28/100|[from] Stealth Rock
|move|p1a: Arceus|Stone Edge|p2a: Arceus
|-damage|p2a: Arceus|0 fnt
|faint|p2a: Arceus
|
|-damage|p1a: Arceus|64/100 tox|[from] psn
|upkeep
|
|t:|1668343802
|switch|p2a: Ditto|Ditto, shiny|100/100
|-damage|p2a: Ditto|88/100|[from] Stealth Rock
|-transform|p2a: Ditto|p1a: Arceus|[from] ability: Imposter
|turn|7
|
|t:|1668343806
|move|p2a: Ditto|Earthquake|p1a: Arceus
|-crit|p1a: Arceus
|-damage|p1a: Arceus|0 fnt
|faint|p1a: Arceus
|
|upkeep
|
|t:|1668343813
|switch|p1a: Rayquaza|Rayquaza|100/100
|-damage|p1a: Rayquaza|76/100|[from] Stealth Rock
|-ability|p1a: Rayquaza|Air Lock
|turn|8
|
|t:|1668343832
|detailschange|p1a: Rayquaza|Rayquaza-Mega
|-mega|p1a: Rayquaza|Rayquaza|
|-weather|DeltaStream|[from] ability: Delta Stream|[of] p1a: Rayquaza
|-start|p2a: Ditto|Dynamax|
|-heal|p2a: Ditto|88/100|[silent]
|move|p2a: Ditto|Max Rockfall|p1a: Rayquaza
|-activate||deltastream
|-damage|p1a: Rayquaza|0 fnt
|-weather|Sandstorm
|faint|p1a: Rayquaza
|
|-weather|Sandstorm|[upkeep]
|upkeep
|inactive|Delta780 has 120 seconds left.
|
|t:|1668343859
|switch|p1a: Arceus|Arceus-Electric|100/100
|-damage|p1a: Arceus|88/100|[from] Stealth Rock
|turn|9
|inactive|Delta780 has 120 seconds left.
|
|t:|1668343866
|switch|p1a: Yveltal|Yveltal|100/100
|-damage|p1a: Yveltal|76/100|[from] Stealth Rock
|-ability|p1a: Yveltal|Dark Aura
|move|p2a: Ditto|Max Rockfall|p1a: Yveltal
|-supereffective|p1a: Yveltal
|-damage|p1a: Yveltal|0 fnt
|faint|p1a: Yveltal
|
|-weather|Sandstorm|[upkeep]
|upkeep
|inactive|Delta780 has 120 seconds left.
|
|t:|1668343888
|switch|p1a: Arceus|Arceus-Electric|88/100
|-damage|p1a: Arceus|76/100|[from] Stealth Rock
|turn|10
|
|t:|1668343899
|move|p2a: Ditto|Max Quake|p1a: Arceus
|-supereffective|p1a: Arceus
|-damage|p1a: Arceus|0 fnt
|-boost|p2a: Ditto|spd|1
|faint|p1a: Arceus
|
|-weather|Sandstorm|[upkeep]
|upkeep
|
|t:|1668343902
|switch|p1a: Calyrex|Calyrex-Shadow|100/100
|-ability|p1a: Calyrex|As One
|-ability|p1a: Calyrex|Unnerve
|-damage|p1a: Calyrex|88/100|[from] Stealth Rock
|-end|p2a: Ditto|Dynamax
|-heal|p2a: Ditto|88/100|[silent]
|turn|11
|
|t:|1668343908
|move|p2a: Ditto|Earthquake|p1a: Calyrex
|-damage|p1a: Calyrex|0 fnt
|faint|p1a: Calyrex
|
|-weather|Sandstorm|[upkeep]
|upkeep
|-message|Delta780 forfeited.
|
|win|DarkboiJ
|raw|Delta780's rating: 1784 &rarr; <strong>1771</strong><br />(-13 for losing)
|raw|DarkboiJ's rating: 1916 &rarr; <strong>1929</strong><br />(+13 for winning)
|l|☆Delta780
