|j|☆Mimikium ZZ
|j|☆CLEAR GEM清瑜
|t:|1664002520
|gametype|singles
|player|p1|Mimikium ZZ|schoolboy|1775
|player|p2|CLEAR GEM清瑜|skierf|1874
|teamsize|p1|6
|teamsize|p2|6
|gen|8
|tier|[Gen 8] National Dex AG
|rated|
|rule|HP Percentage Mod: HP is shown in percentages
|rule|Endless Battle Clause: Forcing endless battles is banned
|clearpoke
|poke|p1|Necrozma-Dusk-Mane|
|poke|p1|Zygarde|
|poke|p1|Xerneas-*|
|poke|p1|Skarmory, F|
|poke|p1|Smeargle, F|
|poke|p1|Mimikyu, M|
|poke|p2|Rayquaza|
|poke|p2|Groudon|
|poke|p2|Necrozma-Dusk-Mane|
|poke|p2|Zacian-*|
|poke|p2|Yveltal|
|poke|p2|Xerneas-*|
|teampreview
|inactive|Battle timer is ON: inactive players will automatically lose when time's up. (requested by CLEAR GEM清瑜)
|
|t:|1664002528
|start
|switch|p1a: Skarmory|Skarmory, F, shiny|100/100
|switch|p2a: Y鸟|Yveltal|100/100
|-ability|p2a: Y鸟|Dark Aura
|turn|1
|
|t:|1664002535
|move|p2a: Y鸟|Taunt|p1a: Skarmory
|-start|p1a: Skarmory|move: Taunt
|move|p1a: Skarmory|Rock Tomb|p2a: Y鸟
|-supereffective|p2a: Y鸟
|-damage|p2a: Y鸟|79/100
|-unboost|p2a: Y鸟|spe|1
|
|upkeep
|turn|2
|
|t:|1664002540
|switch|p1a: Xerneas|Xerneas|100/100
|-ability|p1a: Xerneas|Fairy Aura
|switch|p2a: 不会(?)|Groudon|100/100
|detailschange|p2a: 不会(?)|Groudon-Primal
|-primal|p2a: 不会(?)
|-weather|DesolateLand|[from] ability: Desolate Land|[of] p2a: 不会(?)
|
|-weather|DesolateLand|[upkeep]
|upkeep
|turn|3
|
|t:|1664002544
|switch|p1a: Skarmory|Skarmory, F, shiny|100/100
|move|p2a: 不会(?)|Stealth Rock|p1a: Skarmory
|-sidestart|p1: Mimikium ZZ|move: Stealth Rock
|
|-weather|DesolateLand|[upkeep]
|upkeep
|turn|4
|
|t:|1664002547
|move|p1a: Skarmory|Taunt|p2a: 不会(?)
|-start|p2a: 不会(?)|move: Taunt
|move|p2a: 不会(?)|Heat Crash|p1a: Skarmory
|-supereffective|p1a: Skarmory
|-ability|p1a: Skarmory|Sturdy
|-damage|p1a: Skarmory|1/100
|-damage|p2a: 不会(?)|84/100|[from] item: Rocky Helmet|[of] p1a: Skarmory
|
|-weather|DesolateLand|[upkeep]
|upkeep
|turn|5
|
|t:|1664002550
|move|p1a: Skarmory|Stealth Rock|p2a: 不会(?)
|-sidestart|p2: CLEAR GEM清瑜|move: Stealth Rock
|move|p2a: 不会(?)|Heat Crash|p1a: Skarmory
|-supereffective|p1a: Skarmory
|-damage|p1a: Skarmory|0 fnt
|-damage|p2a: 不会(?)|67/100|[from] item: Rocky Helmet|[of] p1a: Skarmory
|faint|p1a: Skarmory
|
|-weather|DesolateLand|[upkeep]
|upkeep
|
|t:|1664002561
|switch|p1a: Zygarde|Zygarde|100/100
|-damage|p1a: Zygarde|94/100|[from] Stealth Rock
|turn|6
|
|t:|1664002566
|move|p1a: Zygarde|Dragon Dance|p1a: Zygarde
|-boost|p1a: Zygarde|atk|1
|-boost|p1a: Zygarde|spe|1
|move|p2a: 不会(?)|Precipice Blades|p1a: Zygarde
|-damage|p1a: Zygarde|25/100
|
|-weather|DesolateLand|[upkeep]
|-end|p2a: 不会(?)|move: Taunt
|-activate|p1a: Zygarde|ability: Power Construct
|detailschange|p1a: Zygarde|Zygarde-Complete
|-heal|p1a: Zygarde|53/100|[silent]
|upkeep
|turn|7
|
|t:|1664002576
|move|p1a: Zygarde|Thousand Arrows|p2a: 不会(?)
|-supereffective|p2a: 不会(?)
|-damage|p2a: 不会(?)|0 fnt
|faint|p2a: 不会(?)
|-weather|none
|-damage|p1a: Zygarde|43/100|[from] item: Life Orb
|
|upkeep
|
|t:|1664002604
|switch|p2a: 老烈|Rayquaza, shiny|100/100
|-damage|p2a: 老烈|76/100|[from] Stealth Rock
|-ability|p2a: 老烈|Air Lock
|turn|8
|
|t:|1664002622
|detailschange|p2a: 老烈|Rayquaza-Mega, shiny
|-mega|p2a: 老烈|Rayquaza|
|-weather|DeltaStream|[from] ability: Delta Stream|[of] p2a: 老烈
|move|p1a: Zygarde|Thousand Arrows|p2a: 老烈
|-damage|p2a: 老烈|0 fnt
|faint|p2a: 老烈
|-weather|none
|-damage|p1a: Zygarde|33/100|[from] item: Life Orb
|
|upkeep
|
|t:|1664002628
|switch|p2a: 嘉然小姐的狗|Zacian-Crowned|100/100
|-damage|p2a: 嘉然小姐的狗|94/100|[from] Stealth Rock
|-ability|p2a: 嘉然小姐的狗|Intrepid Sword|boost
|-boost|p2a: 嘉然小姐的狗|atk|1
|turn|9
|
|t:|1664002643
|move|p1a: Zygarde|Thousand Arrows|p2a: 嘉然小姐的狗
|-supereffective|p2a: 嘉然小姐的狗
|-damage|p2a: 嘉然小姐的狗|0 fnt
|faint|p2a: 嘉然小姐的狗
|-damage|p1a: Zygarde|23/100|[from] item: Life Orb
|
|upkeep
|
|t:|1664002651
|switch|p2a: Y鸟|Yveltal|79/100
|-damage|p2a: Y鸟|54/100|[from] Stealth Rock
|-ability|p2a: Y鸟|Dark Aura
|turn|10
|
|t:|1664002675
|-start|p2a: Y鸟|Dynamax|
|-heal|p2a: Y鸟|54/100|[silent]
|move|p1a: Zygarde|Thousand Arrows|p2a: Y鸟
|-damage|p2a: Y鸟|18/100
|-start|p2a: Y鸟|Smack Down
|-damage|p1a: Zygarde|14/100|[from] item: Life Orb
|move|p2a: Y鸟|Max Airstream|p1a: Zygarde
|-damage|p1a: Zygarde|0 fnt
|-boost|p2a: Y鸟|spe|1
|faint|p1a: Zygarde
|-damage|p2a: Y鸟|13/100|[from] item: Life Orb
|
|upkeep
|inactive|Mimikium ZZ has 120 seconds left.
|
|t:|1664002693
|switch|p1a: Smeargle|Smeargle, F, shiny|100/100
|-damage|p1a: Smeargle|88/100|[from] Stealth Rock
|turn|11
|
|t:|1664002696
|move|p2a: Y鸟|Max Airstream|p1a: Smeargle
|-damage|p1a: Smeargle|0 fnt
|-boost|p2a: Y鸟|spe|1
|faint|p1a: Smeargle
|-damage|p2a: Y鸟|9/100|[from] item: Life Orb
|
|upkeep
|
|t:|1664002708
|switch|p1a: Mimikyu|Mimikyu, M, shiny|100/100
|-damage|p1a: Mimikyu|88/100|[from] Stealth Rock
|turn|12
|
|t:|1664002715
|move|p1a: Mimikyu|Shadow Sneak|p2a: Y鸟
|-resisted|p2a: Y鸟
|-damage|p2a: Y鸟|3/100
|-damage|p1a: Mimikyu|78/100|[from] item: Life Orb
|move|p2a: Y鸟|Max Airstream|p1a: Mimikyu
|-activate|p1a: Mimikyu|ability: Disguise
|-damage|p1a: Mimikyu|78/100
|-boost|p2a: Y鸟|spe|1
|detailschange|p1a: Mimikyu|Mimikyu-Busted, M, shiny
|-damage|p1a: Mimikyu|66/100|[from] pokemon: Mimikyu-Busted
|-damage|p2a: Y鸟|0 fnt|[from] item: Life Orb
|faint|p2a: Y鸟
|
|upkeep
|
|t:|1664002725
|switch|p2a: 打下手的(迫真)|Xerneas, shiny|100/100
|-damage|p2a: 打下手的(迫真)|88/100|[from] Stealth Rock
|-ability|p2a: 打下手的(迫真)|Fairy Aura
|turn|13
|
|t:|1664002750
|move|p1a: Mimikyu|Play Rough|p2a: 打下手的(迫真)
|-damage|p2a: 打下手的(迫真)|29/100
|-damage|p1a: Mimikyu|56/100|[from] item: Life Orb
|move|p2a: 打下手的(迫真)|Geomancy||[still]
|-prepare|p2a: 打下手的(迫真)|Geomancy
|-enditem|p2a: 打下手的(迫真)|Power Herb
|-anim|p2a: 打下手的(迫真)|Geomancy|p2a: 打下手的(迫真)
|-boost|p2a: 打下手的(迫真)|spa|2
|-boost|p2a: 打下手的(迫真)|spd|2
|-boost|p2a: 打下手的(迫真)|spe|2
|
|upkeep
|turn|14
|
|t:|1664002753
|move|p1a: Mimikyu|Shadow Sneak|p2a: 打下手的(迫真)
|-damage|p2a: 打下手的(迫真)|10/100
|-damage|p1a: Mimikyu|46/100|[from] item: Life Orb
|move|p2a: 打下手的(迫真)|Moonblast|p1a: Mimikyu
|-damage|p1a: Mimikyu|0 fnt
|faint|p1a: Mimikyu
|
|upkeep
|
|t:|1664002757
|switch|p1a: Necrozma|Necrozma-Dusk-Mane, shiny|100/100
|-damage|p1a: Necrozma|94/100|[from] Stealth Rock
|turn|15
|
|t:|1664002762
|move|p2a: 打下手的(迫真)|Hidden Power|p1a: Necrozma
|-supereffective|p1a: Necrozma
|-damage|p1a: Necrozma|31/100
|move|p1a: Necrozma|Earthquake|p2a: 打下手的(迫真)
|-damage|p2a: 打下手的(迫真)|0 fnt
|faint|p2a: 打下手的(迫真)
|
|upkeep
|
|t:|1664002765
|switch|p2a: 钢铁之躯|Necrozma-Dusk-Mane|100/100
|-damage|p2a: 钢铁之躯|94/100|[from] Stealth Rock
|turn|16
|l|☆CLEAR GEM清瑜
|inactive|CLEAR GEM清瑜 disconnected and has a minute to reconnect!
|player|p2|
|inactive|Mimikium ZZ has 120 seconds left.
|
|t:|1664002799
|detailschange|p1a: Necrozma|Necrozma-Ultra, shiny
|-burst|p1a: Necrozma|Necrozma|Ultranecrozium Z
|move|p1a: Necrozma|Earthquake|p2a: 钢铁之躯
|-supereffective|p2a: 钢铁之躯
|-damage|p2a: 钢铁之躯|34/100
|move|p2a: 钢铁之躯|Dragon Dance|p2a: 钢铁之躯
|-boost|p2a: 钢铁之躯|atk|1
|-boost|p2a: 钢铁之躯|spe|1
|
|upkeep
|turn|17
|j|☆CLEAR GEM清瑜
|inactive|CLEAR GEM清瑜 reconnected and has 150 seconds left.
|player|p2|CLEAR GEM清瑜|skierf
|
|t:|1664002805
|move|p1a: Necrozma|Earthquake|p2a: 钢铁之躯
|-supereffective|p2a: 钢铁之躯
|-damage|p2a: 钢铁之躯|0 fnt
|faint|p2a: 钢铁之躯
|
|win|Mimikium ZZ
|raw|Mimikium ZZ's rating: 1775 &rarr; <strong>1801</strong><br />(+26 for winning)
|raw|CLEAR GEM清瑜's rating: 1874 &rarr; <strong>1848</strong><br />(-26 for losing)
|l|☆CLEAR GEM清瑜
