|j|☆kakadotcom
|j|‽pokemh
|t:|1617858066
|gametype|singles
|player|p1|kakadotcom|1|1630
|player|p2|pokemh|valerie|1718
|teamsize|p1|6
|teamsize|p2|6
|gen|8
|tier|[Gen 8] National Dex AG
|rated|
|clearpoke
|poke|p1|Zacian-Crowned|
|poke|p1|Necrozma-Dusk-Mane|
|poke|p1|Zygarde|
|poke|p1|Groudon|
|poke|p1|Yveltal|
|poke|p1|Ho-Oh|
|poke|p2|Clefable, F|
|poke|p2|Sableye, F|
|poke|p2|Arceus-*|
|poke|p2|Giratina|
|poke|p2|Quagsire, F|
|poke|p2|Chansey, F|
|rule|HP Percentage Mod: HP is shown in percentages
|rule|Endless Battle Clause: Forcing endless battles is banned
|teampreview
|
|t:|1617858076
|start
|switch|p1a: Ho-Oh|Ho-Oh|100/100
|switch|p2a: Sableye|Sableye, F, shiny|100/100
|turn|1
|
|t:|1617858082
|detailschange|p2a: Sableye|Sableye-Mega, F, shiny
|-mega|p2a: Sableye|Sableye|Sablenite
|move|p2a: Sableye|Protect|p2a: Sableye
|-singleturn|p2a: Sableye|Protect
|move|p1a: Ho-Oh|Sacred Fire|p2a: Sableye
|-activate|p2a: Sableye|move: Protect
|
|upkeep
|turn|2
|j| Jefff 369421
|j| Frostigar479
|
|t:|1617858105
|switch|p1a: Zygarde|Zygarde|100/100
|switch|p2a: Giratina|Giratina, shiny|100/100
|-ability|p2a: Giratina|Pressure
|
|upkeep
|turn|3
|
|t:|1617858111
|switch|p1a: Ho-Oh|Ho-Oh|100/100
|switch|p2a: Quagsire|Quagsire, F, shiny|100/100
|
|upkeep
|turn|4
|
|t:|1617858125
|switch|p1a: Yveltal|Yveltal|100/100
|-ability|p1a: Yveltal|Dark Aura
|switch|p2a: Sableye|Sableye-Mega, F, shiny|100/100
|
|upkeep
|turn|5
|
|t:|1617858138
|switch|p1a: Zygarde|Zygarde|100/100
|switch|p2a: Clefable|Clefable, F, shiny|100/100
|
|upkeep
|turn|6
|
|t:|1617858147
|switch|p1a: Necrozma|Necrozma-Dusk-Mane|100/100
|move|p2a: Clefable|Stealth Rock|p1a: Necrozma
|-sidestart|p1: kakadotcom|move: Stealth Rock
|
|upkeep
|turn|7
|
|t:|1617858153
|switch|p2a: Giratina|Giratina, shiny|100/100
|-ability|p2a: Giratina|Pressure
|move|p1a: Necrozma|Sunsteel Strike|p2a: Giratina
|-damage|p2a: Giratina|74/100
|
|-heal|p2a: Giratina|80/100|[from] item: Leftovers
|upkeep
|turn|8
|
|t:|1617858157
|switch|p1a: Ho-Oh|Ho-Oh|100/100
|move|p2a: Giratina|Toxic|p1a: Ho-Oh
|-status|p1a: Ho-Oh|tox
|
|-heal|p2a: Giratina|86/100|[from] item: Leftovers
|-damage|p1a: Ho-Oh|94/100 tox|[from] psn
|upkeep
|turn|9
|
|t:|1617858166
|switch|p2a: Arceus|Arceus-Dark, shiny|100/100
|move|p1a: Ho-Oh|Defog|p2a: Arceus
|-unboost|p2a: Arceus|evasion|1
|-sideend|p1: kakadotcom|Stealth Rock|[from] move: Defog|[of] p1a: Ho-Oh
|
|-damage|p1a: Ho-Oh|82/100 tox|[from] psn
|upkeep
|turn|10
|
|t:|1617858173
|switch|p2a: Giratina|Giratina, shiny|86/100
|-ability|p2a: Giratina|Pressure
|move|p1a: Ho-Oh|Thunder Wave|p2a: Giratina
|-status|p2a: Giratina|par
|
|-heal|p2a: Giratina|93/100 par|[from] item: Leftovers
|-damage|p1a: Ho-Oh|63/100 tox|[from] psn
|upkeep
|turn|11
|
|t:|1617858183
|switch|p1a: Zygarde|Zygarde|100/100
|move|p2a: Giratina|Defog|p1a: Zygarde
|-unboost|p1a: Zygarde|evasion|1
|
|-heal|p2a: Giratina|99/100 par|[from] item: Leftovers
|upkeep
|turn|12
|
|t:|1617858192
|switch|p1a: Ho-Oh|Ho-Oh|96/100 tox
|switch|p2a: Quagsire|Quagsire, F, shiny|100/100
|
|-damage|p1a: Ho-Oh|90/100 tox|[from] psn
|upkeep
|turn|13
|
|t:|1617858206
|switch|p1a: Groudon|Groudon|100/100
|detailschange|p1a: Groudon|Groudon-Primal
|-primal|p1a: Groudon
|-weather|DesolateLand|[from] ability: Desolate Land|[of] p1a: Groudon
|switch|p2a: Giratina|Giratina, shiny|99/100 par
|-ability|p2a: Giratina|Pressure
|
|-weather|DesolateLand|[upkeep]
|-heal|p2a: Giratina|100/100 par|[from] item: Leftovers
|upkeep
|turn|14
|
|t:|1617858233
|-weather|none
|switch|p1a: Zygarde|Zygarde|100/100
|cant|p2a: Giratina|par
|
|upkeep
|turn|15
|
|t:|1617858244
|switch|p2a: Quagsire|Quagsire, F, shiny|100/100
|move|p1a: Zygarde|Glare|p2a: Quagsire
|-status|p2a: Quagsire|par
|
|upkeep
|turn|16
|
|t:|1617858256
|move|p1a: Zygarde|Thousand Arrows|p2a: Quagsire
|-damage|p2a: Quagsire|75/100 par
|cant|p2a: Quagsire|par
|
|upkeep
|turn|17
|
|t:|1617858262
|move|p1a: Zygarde|Thousand Arrows|p2a: Quagsire
|-damage|p2a: Quagsire|51/100 par
|move|p2a: Quagsire|Recover|p2a: Quagsire
|-heal|p2a: Quagsire|100/100 par
|
|upkeep
|turn|18
|
|t:|1617858268
|switch|p2a: Giratina|Giratina, shiny|100/100 par
|-ability|p2a: Giratina|Pressure
|move|p1a: Zygarde|Thousand Arrows|p2a: Giratina
|-damage|p2a: Giratina|86/100 par
|
|-heal|p2a: Giratina|92/100 par|[from] item: Leftovers
|upkeep
|turn|19
|
|t:|1617858272
|switch|p1a: Yveltal|Yveltal|100/100
|-ability|p1a: Yveltal|Dark Aura
|move|p2a: Giratina|Will-O-Wisp|p1a: Yveltal|[miss]
|-miss|p2a: Giratina|p1a: Yveltal
|
|-heal|p2a: Giratina|99/100 par|[from] item: Leftovers
|upkeep
|turn|20
|
|t:|1617858279
|switch|p1a: Ho-Oh|Ho-Oh|100/100 tox
|switch|p2a: Arceus|Arceus-Dark, shiny|100/100
|
|-damage|p1a: Ho-Oh|94/100 tox|[from] psn
|upkeep
|turn|21
|
|t:|1617858287
|switch|p2a: Giratina|Giratina, shiny|99/100 par
|-ability|p2a: Giratina|Pressure
|switch|p1a: Yveltal|Yveltal|100/100
|-ability|p1a: Yveltal|Dark Aura
|
|-heal|p2a: Giratina|100/100 par|[from] item: Leftovers
|upkeep
|turn|22
|
|t:|1617858294
|switch|p1a: Ho-Oh|Ho-Oh|100/100 tox
|switch|p2a: Arceus|Arceus-Dark, shiny|100/100
|
|-damage|p1a: Ho-Oh|94/100 tox|[from] psn
|upkeep
|turn|23
|
|t:|1617858306
|switch|p2a: Giratina|Giratina, shiny|100/100 par
|-ability|p2a: Giratina|Pressure
|switch|p1a: Zacian|Zacian-Crowned|100/100
|-ability|p1a: Zacian|Intrepid Sword|boost
|-boost|p1a: Zacian|atk|1
|
|upkeep
|turn|24
|
|t:|1617858313
|switch|p1a: Ho-Oh|Ho-Oh|100/100 tox
|switch|p2a: Quagsire|Quagsire, F, shiny|100/100 par
|
|-damage|p1a: Ho-Oh|94/100 tox|[from] psn
|upkeep
|turn|25
|
|t:|1617858322
|move|p2a: Quagsire|Scald|p1a: Ho-Oh
|-supereffective|p1a: Ho-Oh
|-damage|p1a: Ho-Oh|69/100 tox
|move|p1a: Ho-Oh|Whirlwind|p2a: Quagsire
|drag|p2a: Chansey|Chansey, F, shiny|100/100
|
|-damage|p1a: Ho-Oh|57/100 tox|[from] psn
|upkeep
|turn|26
|
|t:|1617858326
|switch|p1a: Zacian|Zacian-Crowned|100/100
|-ability|p1a: Zacian|Intrepid Sword|boost
|-boost|p1a: Zacian|atk|1
|switch|p2a: Sableye|Sableye-Mega, F, shiny|100/100
|
|upkeep
|turn|27
|
|t:|1617858337
|switch|p2a: Quagsire|Quagsire, F, shiny|100/100 par
|move|p1a: Zacian|Behemoth Blade|p2a: Quagsire
|-resisted|p2a: Quagsire
|-damage|p2a: Quagsire|72/100 par
|-damage|p1a: Zacian|84/100|[from] item: Rocky Helmet|[of] p2a: Quagsire
|
|upkeep
|turn|28
|
|t:|1617858342
|move|p1a: Zacian|Close Combat|p2a: Quagsire
|-damage|p2a: Quagsire|26/100 par
|-unboost|p1a: Zacian|def|1
|-unboost|p1a: Zacian|spd|1
|-damage|p1a: Zacian|67/100|[from] item: Rocky Helmet|[of] p2a: Quagsire
|move|p2a: Quagsire|Recover|p2a: Quagsire
|-heal|p2a: Quagsire|76/100 par
|
|upkeep
|turn|29
|j| eternal glow
|
|t:|1617858356
|switch|p2a: Giratina|Giratina, shiny|100/100 par
|-ability|p2a: Giratina|Pressure
|move|p1a: Zacian|Close Combat|p2a: Giratina
|-immune|p2a: Giratina
|
|upkeep
|turn|30
|
|t:|1617858365
|switch|p1a: Ho-Oh|Ho-Oh|90/100 tox
|switch|p2a: Quagsire|Quagsire, F, shiny|76/100 par
|
|-damage|p1a: Ho-Oh|84/100 tox|[from] psn
|upkeep
|turn|31
|
|t:|1617858376
|switch|p1a: Yveltal|Yveltal|100/100
|-ability|p1a: Yveltal|Dark Aura
|cant|p2a: Quagsire|par
|
|upkeep
|turn|32
|
|t:|1617858382
|switch|p2a: Arceus|Arceus-Dark, shiny|100/100
|-start|p1a: Yveltal|Dynamax
|-heal|p1a: Yveltal|100/100|[silent]
|move|p1a: Yveltal|Max Airstream|p2a: Arceus
|-damage|p2a: Arceus|46/100
|-boost|p1a: Yveltal|spe|1
|-damage|p1a: Yveltal|96/100|[from] item: Life Orb
|
|upkeep
|turn|33
|
|t:|1617858387
|switch|p2a: Chansey|Chansey, F, shiny|100/100
|move|p1a: Yveltal|Max Airstream|p2a: Chansey
|-damage|p2a: Chansey|0 fnt
|-boost|p1a: Yveltal|spe|1
|-damage|p1a: Yveltal|91/100|[from] item: Life Orb
|faint|p2a: Chansey
|
|upkeep
|
|t:|1617858393
|switch|p2a: Sableye|Sableye-Mega, F, shiny|100/100
|turn|34
|
|t:|1617858398
|-end|p1a: Yveltal|Dynamax
|-heal|p1a: Yveltal|91/100|[silent]
|switch|p1a: Ho-Oh|Ho-Oh|100/100 tox
|move|p2a: Sableye|Protect||[still]
|-fail|p2a: Sableye
|
|-damage|p1a: Ho-Oh|94/100 tox|[from] psn
|upkeep
|turn|35
|
|t:|1617858411
|switch|p2a: Giratina|Giratina, shiny|100/100 par
|-ability|p2a: Giratina|Pressure
|move|p1a: Ho-Oh|Sacred Fire|p2a: Giratina
|-resisted|p2a: Giratina
|-damage|p2a: Giratina|92/100 par
|
|-heal|p2a: Giratina|98/100 par|[from] item: Leftovers
|-damage|p1a: Ho-Oh|82/100 tox|[from] psn
|upkeep
|turn|36
|
|t:|1617858416
|switch|p1a: Zygarde|Zygarde|100/100
|cant|p2a: Giratina|par
|
|-heal|p2a: Giratina|100/100 par|[from] item: Leftovers
|upkeep
|turn|37
|
|t:|1617858426
|move|p1a: Zygarde|Haze|p1a: Zygarde
|-clearallboost
|move|p2a: Giratina|Will-O-Wisp|p1a: Zygarde
|-status|p1a: Zygarde|brn
|
|-damage|p1a: Zygarde|94/100 brn|[from] brn
|upkeep
|turn|38
|
|t:|1617858435
|switch|p2a: Quagsire|Quagsire, F, shiny|76/100 par
|move|p1a: Zygarde|Glare|p2a: Quagsire
|-fail|p2a: Quagsire|par
|
|-damage|p1a: Zygarde|88/100 brn|[from] brn
|upkeep
|turn|39
|
|t:|1617858440
|switch|p1a: Zacian|Zacian-Crowned|67/100
|-ability|p1a: Zacian|Intrepid Sword|boost
|-boost|p1a: Zacian|atk|1
|move|p2a: Quagsire|Recover|p2a: Quagsire
|-heal|p2a: Quagsire|100/100 par
|
|upkeep
|turn|40
|j| Discoii
|
|t:|1617858449
|switch|p1a: Yveltal|Yveltal|91/100
|-ability|p1a: Yveltal|Dark Aura
|move|p2a: Quagsire|Recover||[still]
|-fail|p2a: Quagsire|heal
|
|upkeep
|turn|41
|
|t:|1617858457
|switch|p2a: Sableye|Sableye-Mega, F, shiny|100/100
|move|p1a: Yveltal|Knock Off|p2a: Sableye
|-damage|p2a: Sableye|58/100
|-damage|p1a: Yveltal|81/100|[from] item: Life Orb
|
|upkeep
|turn|42
|l| Frostigar479
|j| Frostigar479
|
|t:|1617858466
|move|p2a: Sableye|Protect|p2a: Sableye
|-singleturn|p2a: Sableye|Protect
|move|p1a: Yveltal|Dual Wingbeat|p2a: Sableye
|-activate|p2a: Sableye|move: Protect
|
|upkeep
|turn|43
|
|t:|1617858477
|switch|p1a: Zygarde|Zygarde|88/100 brn
|move|p2a: Sableye|Recover|p2a: Sableye
|-heal|p2a: Sableye|100/100
|
|-damage|p1a: Zygarde|82/100 brn|[from] brn
|upkeep
|turn|44
|
|t:|1617858486
|switch|p2a: Giratina|Giratina, shiny|100/100 par
|-ability|p2a: Giratina|Pressure
|move|p1a: Zygarde|Haze|p1a: Zygarde
|-clearallboost
|
|-damage|p1a: Zygarde|76/100 brn|[from] brn
|upkeep
|turn|45
|
|t:|1617858492
|switch|p2a: Clefable|Clefable, F, shiny|100/100
|move|p1a: Zygarde|Haze|p1a: Zygarde
|-clearallboost
|
|-damage|p1a: Zygarde|69/100 brn|[from] brn
|upkeep
|turn|46
|
|t:|1617858499
|switch|p2a: Quagsire|Quagsire, F, shiny|100/100 par
|move|p1a: Zygarde|Glare|p2a: Quagsire
|-fail|p2a: Quagsire|par
|
|-damage|p1a: Zygarde|63/100 brn|[from] brn
|upkeep
|turn|47
|
|t:|1617858503
|switch|p2a: Giratina|Giratina, shiny|100/100 par
|-ability|p2a: Giratina|Pressure
|move|p1a: Zygarde|Glare|p2a: Giratina
|-fail|p2a: Giratina|par
|
|-damage|p1a: Zygarde|57/100 brn|[from] brn
|upkeep
|turn|48
|
|t:|1617858511
|switch|p2a: Sableye|Sableye-Mega, F, shiny|100/100
|move|p1a: Zygarde|Haze|p1a: Zygarde
|-clearallboost
|
|-damage|p1a: Zygarde|51/100 brn|[from] brn
|upkeep
|turn|49
|
|t:|1617858516
|move|p2a: Sableye|Protect|p2a: Sableye
|-singleturn|p2a: Sableye|Protect
|move|p1a: Zygarde|Glare|p2a: Sableye
|-activate|p2a: Sableye|move: Protect
|
|-damage|p1a: Zygarde|45/100 brn|[from] brn
|-activate|p1a: Zygarde|ability: Power Construct
|detailschange|p1a: Zygarde|Zygarde-Complete
|-heal|p1a: Zygarde|64/100 brn|[silent]
|upkeep
|turn|50
|
|t:|1617858519
|switch|p2a: Giratina|Giratina, shiny|100/100 par
|-ability|p2a: Giratina|Pressure
|move|p1a: Zygarde|Rest|p1a: Zygarde
|-status|p1a: Zygarde|slp|[from] move: Rest
|-heal|p1a: Zygarde|100/100 slp|[silent]
|
|upkeep
|turn|51
|
|t:|1617858527
|switch|p2a: Clefable|Clefable, F, shiny|100/100
|cant|p1a: Zygarde|slp
|
|upkeep
|turn|52
|
|t:|1617858531
|switch|p1a: Ho-Oh|Ho-Oh|100/100 tox
|switch|p2a: Arceus|Arceus-Dark, shiny|46/100
|
|-damage|p1a: Ho-Oh|94/100 tox|[from] psn
|upkeep
|turn|53
|
|t:|1617858536
|switch|p1a: Zacian|Zacian-Crowned|67/100
|-ability|p1a: Zacian|Intrepid Sword|boost
|-boost|p1a: Zacian|atk|1
|move|p2a: Arceus|Recover|p2a: Arceus
|-heal|p2a: Arceus|96/100
|
|upkeep
|turn|54
|
|t:|1617858542
|switch|p2a: Quagsire|Quagsire, F, shiny|100/100 par
|move|p1a: Zacian|Close Combat|p2a: Quagsire
|-damage|p2a: Quagsire|60/100 par
|-unboost|p1a: Zacian|def|1
|-unboost|p1a: Zacian|spd|1
|-damage|p1a: Zacian|51/100|[from] item: Rocky Helmet|[of] p2a: Quagsire
|
|upkeep
|turn|55
|
|t:|1617858547
|-start|p2a: Quagsire|Dynamax
|-heal|p2a: Quagsire|60/100 par|[silent]
|move|p1a: Zacian|Close Combat|p2a: Quagsire
|-damage|p2a: Quagsire|39/100 par
|-unboost|p1a: Zacian|def|1
|-unboost|p1a: Zacian|spd|1
|-damage|p1a: Zacian|34/100|[from] item: Rocky Helmet|[of] p2a: Quagsire
|move|p2a: Quagsire|Max Geyser|p1a: Zacian
|-damage|p1a: Zacian|4/100
|-weather|RainDance
|
|-weather|RainDance|[upkeep]
|upkeep
|turn|56
|
|t:|1617858553
|switch|p1a: Groudon|Groudon-Primal|100/100
|-weather|DesolateLand|[from] ability: Desolate Land|[of] p1a: Groudon
|move|p2a: Quagsire|Max Guard||[still]
|-fail|p2a: Quagsire
|
|-weather|DesolateLand|[upkeep]
|upkeep
|turn|57
|
|t:|1617858564
|-end|p2a: Quagsire|Dynamax
|-heal|p2a: Quagsire|40/100 par|[silent]
|switch|p2a: Giratina|Giratina, shiny|100/100 par
|-ability|p2a: Giratina|Pressure
|move|p1a: Groudon|Earthquake|p2a: Giratina
|-damage|p2a: Giratina|77/100 par
|
|-weather|DesolateLand|[upkeep]
|-heal|p2a: Giratina|83/100 par|[from] item: Leftovers
|upkeep
|turn|58
|
|t:|1617858567
|move|p2a: Giratina|Will-O-Wisp|p1a: Groudon|[miss]
|-miss|p2a: Giratina|p1a: Groudon
|move|p1a: Groudon|Dragon Tail|p2a: Giratina
|-supereffective|p2a: Giratina
|-damage|p2a: Giratina|62/100 par
|drag|p2a: Clefable|Clefable, F, shiny|100/100
|
|-weather|DesolateLand|[upkeep]
|upkeep
|turn|59
|
|t:|1617858582
|-weather|none
|switch|p1a: Zacian|Zacian-Crowned|4/100
|-ability|p1a: Zacian|Intrepid Sword|boost
|-boost|p1a: Zacian|atk|1
|switch|p2a: Sableye|Sableye-Mega, F, shiny|100/100
|
|upkeep
|turn|60
|
|t:|1617858610
|switch|p2a: Quagsire|Quagsire, F, shiny|40/100 par
|move|p1a: Zacian|Behemoth Blade|p2a: Quagsire
|-resisted|p2a: Quagsire
|-damage|p2a: Quagsire|15/100 par
|-damage|p1a: Zacian|0 fnt|[from] item: Rocky Helmet|[of] p2a: Quagsire
|faint|p1a: Zacian
|
|upkeep
|j| skylink42
|
|t:|1617858622
|switch|p1a: Necrozma|Necrozma-Dusk-Mane|100/100
|turn|61
|
|t:|1617858626
|switch|p2a: Sableye|Sableye-Mega, F, shiny|100/100
|move|p1a: Necrozma|Earthquake|p2a: Sableye
|-damage|p2a: Sableye|71/100
|
|upkeep
|turn|62
|
|t:|1617858630
|move|p1a: Necrozma|Sunsteel Strike|p2a: Sableye
|-damage|p2a: Sableye|26/100
|move|p2a: Sableye|Will-O-Wisp|p1a: Necrozma
|-status|p1a: Necrozma|brn
|
|-damage|p1a: Necrozma|94/100 brn|[from] brn
|upkeep
|turn|63
|
|t:|1617858634
|move|p1a: Necrozma|Sunsteel Strike|p2a: Sableye
|-damage|p2a: Sableye|2/100
|move|p2a: Sableye|Recover|p2a: Sableye
|-heal|p2a: Sableye|52/100
|
|-damage|p1a: Necrozma|88/100 brn|[from] brn
|upkeep
|turn|64
|-message|kakadotcom forfeited.
|
|win|pokemh
|raw|kakadotcom's rating: 1630 &rarr; <strong>1615</strong><br />(-15 for losing)
|raw|pokemh's rating: 1718 &rarr; <strong>1733</strong><br />(+15 for winning)
|l|☆kakadotcom
