|j|☆Vegaluna123
|j|☆Matsui_Miyako
|t:|1660844969
|gametype|singles
|player|p1|Vegaluna123|169|1371
|player|p2|Matsui_Miyako|silver|1469
|teamsize|p1|6
|teamsize|p2|6
|gen|8
|tier|[Gen 8] National Dex AG
|rated|
|rule|HP Percentage Mod: HP is shown in percentages
|rule|Endless Battle Clause: Forcing endless battles is banned
|clearpoke
|poke|p1|Alakazam, M|
|poke|p1|Greninja, M|
|poke|p1|Tapu Koko|
|poke|p1|Hawlucha, M|
|poke|p1|Incineroar, M|
|poke|p1|Aggron, M|
|poke|p2|Sandaconda, F|
|poke|p2|Grimmsnarl, M|
|poke|p2|Excadrill, M|
|poke|p2|Dragapult, F|
|poke|p2|Cloyster, F|
|poke|p2|Garchomp, M|
|teampreview
|inactive|Battle timer is ON: inactive players will automatically lose when time's up. (requested by Vegaluna123)
|
|t:|1660844975
|start
|switch|p1a: Tapu Koko|Tapu Koko, shiny|100/100
|switch|p2a: Sandaconda|Sandaconda, F|100/100
|-fieldstart|move: Electric Terrain|[from] ability: Electric Surge|[of] p1a: Tapu Koko
|turn|1
|
|t:|1660844985
|move|p1a: Tapu Koko|U-turn|p2a: Sandaconda
|-damage|p2a: Sandaconda|73/100
|-weather|Sandstorm|[from] ability: Sand Spit|[of] p2a: Sandaconda
|-damage|p1a: Tapu Koko|91/100|[from] item: Life Orb
|
|t:|1660844991
|switch|p1a: Hawlucha|Hawlucha, M|100/100|[from]move: U-turn
|-enditem|p1a: Hawlucha|Electric Seed
|-boost|p1a: Hawlucha|def|1|[from] item: Electric Seed
|move|p2a: Sandaconda|Stealth Rock|p1a: Hawlucha
|-sidestart|p1: Vegaluna123|move: Stealth Rock
|
|-weather|Sandstorm|[upkeep]
|-damage|p1a: Hawlucha|94/100|[from] Sandstorm
|upkeep
|turn|2
|
|t:|1660845006
|move|p1a: Hawlucha|Swords Dance|p1a: Hawlucha
|-boost|p1a: Hawlucha|atk|2
|move|p2a: Sandaconda|Wrap|p1a: Hawlucha
|-damage|p1a: Hawlucha|90/100
|-activate|p1a: Hawlucha|move: Wrap|[of] p2a: Sandaconda
|
|-weather|Sandstorm|[upkeep]
|-damage|p1a: Hawlucha|84/100|[from] Sandstorm
|-damage|p1a: Hawlucha|72/100|[from] move: Wrap|[partiallytrapped]
|upkeep
|turn|3
|
|t:|1660845020
|move|p1a: Hawlucha|Acrobatics|p2a: Sandaconda
|-damage|p2a: Sandaconda|0 fnt
|faint|p2a: Sandaconda
|
|-weather|Sandstorm|[upkeep]
|-damage|p1a: Hawlucha|66/100|[from] Sandstorm
|-end|p1a: Hawlucha|Wrap|[partiallytrapped]|[silent]
|upkeep
|
|t:|1660845027
|switch|p2a: Grimmsnarl|Grimmsnarl, M|100/100
|turn|4
|
|t:|1660845035
|move|p2a: Grimmsnarl|Reflect|p2a: Grimmsnarl
|-sidestart|p2: Matsui_Miyako|Reflect
|move|p1a: Hawlucha|Acrobatics|p2a: Grimmsnarl
|-damage|p2a: Grimmsnarl|45/100
|
|-weather|Sandstorm|[upkeep]
|-damage|p1a: Hawlucha|60/100|[from] Sandstorm
|-damage|p2a: Grimmsnarl|39/100|[from] Sandstorm
|upkeep
|turn|5
|
|t:|1660845042
|move|p2a: Grimmsnarl|Light Screen|p2a: Grimmsnarl
|-sidestart|p2: Matsui_Miyako|move: Light Screen
|move|p1a: Hawlucha|Acrobatics|p2a: Grimmsnarl
|-damage|p2a: Grimmsnarl|0 fnt
|faint|p2a: Grimmsnarl
|
|-weather|none
|-fieldend|move: Electric Terrain
|upkeep
|
|t:|1660845048
|switch|p2a: Excadrill|Excadrill, M|100/100
|turn|6
|
|t:|1660845055
|move|p1a: Hawlucha|Close Combat|p2a: Excadrill
|-supereffective|p2a: Excadrill
|-damage|p2a: Excadrill|0 fnt
|-unboost|p1a: Hawlucha|def|1
|-unboost|p1a: Hawlucha|spd|1
|faint|p2a: Excadrill
|
|upkeep
|
|t:|1660845062
|switch|p2a: Dragapult|Dragapult, F|100/100
|turn|7
|
|t:|1660845069
|move|p1a: Hawlucha|Throat Chop|p2a: Dragapult
|-supereffective|p2a: Dragapult
|-damage|p2a: Dragapult|48/100
|-start|p2a: Dragapult|Throat Chop|[silent]
|-start|p1a: Hawlucha|Disable|Throat Chop|[from] ability: Cursed Body|[of] p2a: Dragapult
|move|p2a: Dragapult|Dragon Darts|p1a: Hawlucha
|-damage|p1a: Hawlucha|20/100
|-anim|p2a: Dragapult|Dragon Darts|p1a: Hawlucha
|-damage|p1a: Hawlucha|0 fnt
|faint|p1a: Hawlucha
|
|upkeep
|
|t:|1660845082
|switch|p1a: Tapu Koko|Tapu Koko, shiny|91/100
|-damage|p1a: Tapu Koko|78/100|[from] Stealth Rock
|-fieldstart|move: Electric Terrain|[from] ability: Electric Surge|[of] p1a: Tapu Koko
|turn|8
|
|t:|1660845101
|move|p1a: Tapu Koko|Brave Bird|p2a: Dragapult
|-damage|p2a: Dragapult|18/100
|-start|p1a: Tapu Koko|Disable|Brave Bird|[from] ability: Cursed Body|[of] p2a: Dragapult
|-damage|p1a: Tapu Koko|65/100|[from] Recoil
|-damage|p1a: Tapu Koko|55/100|[from] item: Life Orb
|move|p2a: Dragapult|Substitute|p2a: Dragapult
|-fail|p2a: Dragapult|move: Substitute|[weak]
|
|-end|p2a: Dragapult|Throat Chop|[silent]
|upkeep
|turn|9
|
|t:|1660845120
|move|p1a: Tapu Koko|Wild Charge|p2a: Dragapult
|-resisted|p2a: Dragapult
|-damage|p2a: Dragapult|0 fnt
|faint|p2a: Dragapult
|-damage|p1a: Tapu Koko|49/100|[from] Recoil
|-damage|p1a: Tapu Koko|39/100|[from] item: Life Orb
|
|upkeep
|
|t:|1660845123
|switch|p2a: Cloyster|Cloyster, F|100/100
|turn|10
|
|t:|1660845131
|move|p1a: Tapu Koko|Wild Charge|p2a: Cloyster
|-supereffective|p2a: Cloyster
|-damage|p2a: Cloyster|30/100
|-damage|p1a: Tapu Koko|24/100|[from] Recoil
|-damage|p1a: Tapu Koko|14/100|[from] item: Life Orb
|move|p2a: Cloyster|Shell Smash|p2a: Cloyster
|-unboost|p2a: Cloyster|def|1
|-unboost|p2a: Cloyster|spd|1
|-boost|p2a: Cloyster|atk|2
|-boost|p2a: Cloyster|spa|2
|-boost|p2a: Cloyster|spe|2
|
|upkeep
|turn|11
|
|t:|1660845142
|move|p2a: Cloyster|Icicle Spear|p1a: Tapu Koko
|-damage|p1a: Tapu Koko|0 fnt
|faint|p1a: Tapu Koko
|-hitcount|p1: Tapu Koko|1
|
|-sideend|p2: Matsui_Miyako|Reflect
|upkeep
|
|t:|1660845163
|switch|p1a: Incineroar|Incineroar, M, shiny|100/100
|-damage|p1a: Incineroar|76/100|[from] Stealth Rock
|-ability|p1a: Incineroar|Intimidate|boost
|-unboost|p2a: Cloyster|atk|1
|turn|12
|
|t:|1660845173
|move|p2a: Cloyster|Rock Blast|p1a: Incineroar
|-supereffective|p1a: Incineroar
|-damage|p1a: Incineroar|57/100
|-supereffective|p1a: Incineroar
|-damage|p1a: Incineroar|38/100
|-enditem|p1a: Incineroar|Sitrus Berry|[eat]
|-heal|p1a: Incineroar|63/100|[from] item: Sitrus Berry
|-supereffective|p1a: Incineroar
|-damage|p1a: Incineroar|42/100
|-supereffective|p1a: Incineroar
|-damage|p1a: Incineroar|24/100
|-supereffective|p1a: Incineroar
|-damage|p1a: Incineroar|7/100
|-hitcount|p1a: Incineroar|5
|cant|p1a: Incineroar|flinch
|
|-sideend|p2: Matsui_Miyako|move: Light Screen
|-fieldend|move: Electric Terrain
|upkeep
|turn|13
|inactive|Vegaluna123 has 120 seconds left.
|c|☆Matsui_Miyako|lol
|c|☆Vegaluna123|kings rock?
|c|☆Matsui_Miyako|yep
|
|t:|1660845199
|move|p2a: Cloyster|Ice Shard|p1a: Incineroar
|-resisted|p1a: Incineroar
|-damage|p1a: Incineroar|0 fnt
|faint|p1a: Incineroar
|
|upkeep
|c|☆Vegaluna123|shit
|c|☆Matsui_Miyako|u heard of this srat?
|
|t:|1660845209
|switch|p1a: Aggron|Aggron, M|100/100
|-damage|p1a: Aggron|94/100|[from] Stealth Rock
|turn|14
|c|☆Vegaluna123|yep
|inactive|Vegaluna123 has 120 seconds left.
|
|t:|1660845218
|move|p2a: Cloyster|Icicle Spear|p1a: Aggron
|-resisted|p1a: Aggron
|-damage|p1a: Aggron|90/100
|-resisted|p1a: Aggron
|-damage|p1a: Aggron|85/100
|-resisted|p1a: Aggron
|-damage|p1a: Aggron|79/100
|-resisted|p1a: Aggron
|-damage|p1a: Aggron|74/100
|-resisted|p1a: Aggron
|-damage|p1a: Aggron|69/100
|-hitcount|p1a: Aggron|5
|move|p1a: Aggron|Body Press|p2a: Cloyster
|-supereffective|p2a: Cloyster
|-damage|p2a: Cloyster|0 fnt
|faint|p2a: Cloyster
|
|upkeep
|c|☆Matsui_Miyako|awwww
|
|t:|1660845232
|switch|p2a: Garchomp|Garchomp, M|100/100
|turn|15
|
|t:|1660845242
|move|p2a: Garchomp|Swords Dance|p2a: Garchomp
|-boost|p2a: Garchomp|atk|2
|move|p1a: Aggron|Dragon Tail|p2a: Garchomp
|-supereffective|p2a: Garchomp
|-damage|p2a: Garchomp|62/100
|
|upkeep
|turn|16
|
|t:|1660845253
|move|p2a: Garchomp|Scale Shot|p1a: Aggron|[miss]
|-miss|p2a: Garchomp|p1a: Aggron
|move|p1a: Aggron|Dragon Tail|p2a: Garchomp
|-supereffective|p2a: Garchomp
|-damage|p2a: Garchomp|26/100
|
|upkeep
|turn|17
|
|t:|1660845260
|move|p2a: Garchomp|Scale Shot|p1a: Aggron
|-resisted|p1a: Aggron
|-damage|p1a: Aggron|61/100
|-resisted|p1a: Aggron
|-damage|p1a: Aggron|54/100
|-resisted|p1a: Aggron
|-damage|p1a: Aggron|47/100
|-hitcount|p1a: Aggron|3
|-unboost|p2a: Garchomp|def|1
|-boost|p2a: Garchomp|spe|1
|cant|p1a: Aggron|flinch
|
|upkeep
|turn|18
|
|t:|1660845275
|move|p2a: Garchomp|Earthquake|p1a: Aggron
|-supereffective|p1a: Aggron
|-damage|p1a: Aggron|0 fnt
|faint|p1a: Aggron
|
|upkeep
|
|t:|1660845286
|switch|p1a: Greninja|Greninja, M|100/100
|-damage|p1a: Greninja|88/100|[from] Stealth Rock
|turn|19
|
|t:|1660845292
|-start|p1a: Greninja|Dynamax|
|-heal|p1a: Greninja|88/100|[silent]
|move|p2a: Garchomp|Earthquake|p1a: Greninja
|-damage|p1a: Greninja|0 fnt
|faint|p1a: Greninja
|
|upkeep
|
|t:|1660845300
|switch|p1a: Alakazam|Alakazam, M, shiny|100/100
|turn|20
|
|t:|1660845310
|detailschange|p1a: Alakazam|Alakazam-Mega, M, shiny
|-mega|p1a: Alakazam|Alakazam|Alakazite
|-ability|p1a: Alakazam|Sand Veil|[from] ability: Trace|[of] p2a: Garchomp
|move|p2a: Garchomp|Earthquake|p1a: Alakazam
|-damage|p1a: Alakazam|0 fnt
|faint|p1a: Alakazam
|
|win|Matsui_Miyako
|raw|Vegaluna123's rating: 1371 &rarr; <strong>1356</strong><br />(-15 for losing)
|raw|Matsui_Miyako's rating: 1469 &rarr; <strong>1484</strong><br />(+15 for winning)
|c|☆Vegaluna123|gg
|c|☆Matsui_Miyako|ggs
|l|☆Vegaluna123
||Ladder isn't responding, score probably updated but might not have (Request timeout).
