|j|☆Pokeshard6
|j|☆Hhhhhhhhhhhhx
|t:|1662036355
|gametype|singles
|player|p1|Pokeshard6|ethan|1485
|player|p2|Hhhhhhhhhhhhx|nate|1506
|teamsize|p1|6
|teamsize|p2|6
|gen|8
|tier|[Gen 8] National Dex AG
|rated|
|rule|HP Percentage Mod: HP is shown in percentages
|rule|Endless Battle Clause: Forcing endless battles is banned
|clearpoke
|poke|p1|Groudon|
|poke|p1|Genesect|
|poke|p1|Greninja, M|
|poke|p1|Rayquaza|
|poke|p1|Ferrothorn, F|
|poke|p1|Excadrill, M|
|poke|p2|Kyogre|
|poke|p2|Greninja, M|
|poke|p2|Zacian-*|
|poke|p2|Ditto|
|poke|p2|Urshifu-*, M|
|poke|p2|Necrozma-Dusk-Mane|
|teampreview
|
|t:|1662036363
|start
|switch|p1a: Genesect|Genesect, shiny|100/100
|switch|p2a: Necrozma|Necrozma-Dusk-Mane|100/100
|-ability|p1a: Genesect|Download|boost
|-boost|p1a: Genesect|spa|1
|turn|1
|
|t:|1662036374
|-start|p2a: Necrozma|Dynamax|
|-heal|p2a: Necrozma|100/100|[silent]
|move|p1a: Genesect|Hidden Power|p2a: Necrozma
|-supereffective|p2a: Necrozma
|-damage|p2a: Necrozma|84/100
|move|p2a: Necrozma|Max Rockfall|p1a: Genesect
|-damage|p1a: Genesect|5/100
|-weather|Sandstorm
|-damage|p2a: Necrozma|79/100|[from] item: Life Orb
|
|-weather|Sandstorm|[upkeep]
|upkeep
|turn|2
|
|t:|1662036386
|move|p1a: Genesect|Hidden Power|p2a: Necrozma
|-supereffective|p2a: Necrozma
|-crit|p2a: Necrozma
|-damage|p2a: Necrozma|51/100
|move|p2a: Necrozma|Max Steelspike|p1a: Genesect
|-resisted|p1a: Genesect
|-crit|p1a: Genesect
|-damage|p1a: Genesect|0 fnt
|-boost|p2a: Necrozma|def|1
|faint|p1a: Genesect
|-damage|p2a: Necrozma|46/100|[from] item: Life Orb
|
|-weather|Sandstorm|[upkeep]
|upkeep
|
|t:|1662036399
|switch|p1a: Ferrothorn|Ferrothorn, F|100/100
|turn|3
|
|t:|1662036407
|move|p2a: Necrozma|Max Steelspike|p1a: Ferrothorn
|-resisted|p1a: Ferrothorn
|-crit|p1a: Ferrothorn
|-damage|p1a: Ferrothorn|51/100
|-boost|p2a: Necrozma|def|1
|-damage|p2a: Necrozma|41/100|[from] item: Life Orb
|move|p1a: Ferrothorn|Thunder Wave|p2a: Necrozma
|-status|p2a: Necrozma|par
|
|-weather|Sandstorm|[upkeep]
|upkeep
|-end|p2a: Necrozma|Dynamax
|-heal|p2a: Necrozma|41/100 par|[silent]
|turn|4
|
|t:|1662036419
|move|p2a: Necrozma|Sunsteel Strike|p1a: Ferrothorn
|-resisted|p1a: Ferrothorn
|-damage|p1a: Ferrothorn|26/100
|-damage|p2a: Necrozma|29/100 par|[from] ability: Iron Barbs|[of] p1a: Ferrothorn
|-damage|p2a: Necrozma|12/100 par|[from] item: Rocky Helmet|[of] p1a: Ferrothorn
|-damage|p2a: Necrozma|3/100 par|[from] item: Life Orb
|move|p1a: Ferrothorn|Leech Seed|p2a: Necrozma|[miss]
|-miss|p1a: Ferrothorn|p2a: Necrozma
|
|-weather|Sandstorm|[upkeep]
|upkeep
|turn|5
|
|t:|1662036430
|cant|p2a: Necrozma|par
|move|p1a: Ferrothorn|Leech Seed|p2a: Necrozma
|-start|p2a: Necrozma|move: Leech Seed
|
|-weather|none
|-damage|p2a: Necrozma|0 fnt|[from] Leech Seed|[of] p1a: Ferrothorn
|-heal|p1a: Ferrothorn|29/100|[silent]
|faint|p2a: Necrozma
|upkeep
|
|t:|1662036439
|switch|p2a: Greninja|Greninja, M|100/100
|turn|6
|
|t:|1662036442
|move|p2a: Greninja|Dark Pulse|p1a: Ferrothorn
|-damage|p1a: Ferrothorn|0 fnt
|faint|p1a: Ferrothorn
|-activate|p2a: Greninja|ability: Battle Bond
|detailschange|p2a: Greninja|Greninja-Ash, M
|
|upkeep
|
|t:|1662036455
|switch|p1a: Greninja|Greninja, M|100/100
|turn|7
|
|t:|1662036465
|switch|p2a: Zacian|Zacian-Crowned|100/100
|-ability|p2a: Zacian|Intrepid Sword|boost
|-boost|p2a: Zacian|atk|1
|-start|p1a: Greninja|Dynamax|
|-heal|p1a: Greninja|100/100|[silent]
|move|p1a: Greninja|Max Overgrowth|p2a: Zacian
|-resisted|p2a: Zacian
|-damage|p2a: Zacian|78/100
|-fieldstart|move: Grassy Terrain
|-damage|p1a: Greninja|96/100|[from] item: Life Orb
|
|-heal|p2a: Zacian|84/100|[from] Grassy Terrain
|-heal|p1a: Greninja|99/100|[from] Grassy Terrain
|upkeep
|turn|8
|
|t:|1662036479
|move|p2a: Zacian|Behemoth Blade|p1a: Greninja
|-resisted|p1a: Greninja
|-damage|p1a: Greninja|23/100
|move|p1a: Greninja|Max Geyser|p2a: Zacian
|-damage|p2a: Zacian|15/100
|-weather|RainDance
|-damage|p1a: Greninja|18/100|[from] item: Life Orb
|
|-weather|RainDance|[upkeep]
|-heal|p2a: Zacian|21/100|[from] Grassy Terrain
|-heal|p1a: Greninja|21/100|[from] Grassy Terrain
|upkeep
|turn|9
|
|t:|1662036492
|move|p2a: Zacian|Behemoth Blade|p1a: Greninja
|-resisted|p1a: Greninja
|-damage|p1a: Greninja|0 fnt
|faint|p1a: Greninja
|
|-weather|RainDance|[upkeep]
|-heal|p2a: Zacian|28/100|[from] Grassy Terrain
|upkeep
|
|t:|1662036499
|switch|p1a: Groudon|Groudon, shiny|100/100
|detailschange|p1a: Groudon|Groudon-Primal, shiny
|-primal|p1a: Groudon
|-weather|DesolateLand|[from] ability: Desolate Land|[of] p1a: Groudon
|turn|10
|
|t:|1662036520
|move|p2a: Zacian|Sacred Sword|p1a: Groudon
|-damage|p1a: Groudon|65/100
|move|p1a: Groudon|Stealth Rock|p2a: Zacian
|-sidestart|p2: Hhhhhhhhhhhhx|move: Stealth Rock
|
|-weather|DesolateLand|[upkeep]
|-heal|p2a: Zacian|34/100|[from] Grassy Terrain
|-heal|p1a: Groudon|71/100|[from] Grassy Terrain
|upkeep
|turn|11
|
|t:|1662036527
|move|p2a: Zacian|Sacred Sword|p1a: Groudon
|-damage|p1a: Groudon|31/100
|move|p1a: Groudon|Heat Crash|p2a: Zacian
|-supereffective|p2a: Zacian
|-damage|p2a: Zacian|0 fnt
|faint|p2a: Zacian
|
|-weather|DesolateLand|[upkeep]
|-heal|p1a: Groudon|37/100|[from] Grassy Terrain
|-fieldend|move: Grassy Terrain
|upkeep
|
|t:|1662036535
|switch|p2a: Greninja|Greninja-Ash, M|100/100
|-damage|p2a: Greninja|88/100|[from] Stealth Rock
|turn|12
|
|t:|1662036548
|move|p2a: Greninja|Dark Pulse|p1a: Groudon
|-damage|p1a: Groudon|0 fnt
|faint|p1a: Groudon
|-weather|none
|
|upkeep
|
|t:|1662036552
|switch|p1a: Rayquaza|Rayquaza, shiny|100/100
|-ability|p1a: Rayquaza|Air Lock
|turn|13
|
|t:|1662036568
|move|p2a: Greninja|Dark Pulse|p1a: Rayquaza
|-damage|p1a: Rayquaza|20/100
|move|p1a: Rayquaza|Outrage|p2a: Greninja
|-damage|p2a: Greninja|0 fnt
|faint|p2a: Greninja
|
|upkeep
|
|t:|1662036574
|switch|p2a: Urshifu|Urshifu-Rapid-Strike, M|100/100
|-damage|p2a: Urshifu|94/100|[from] Stealth Rock
|turn|14
|
|t:|1662036578
|move|p2a: Urshifu|Surging Strikes|p1a: Rayquaza
|-resisted|p1a: Rayquaza
|-crit|p1a: Rayquaza
|-damage|p1a: Rayquaza|8/100
|-resisted|p1a: Rayquaza
|-crit|p1a: Rayquaza
|-damage|p1a: Rayquaza|0 fnt
|faint|p1a: Rayquaza
|-hitcount|p1: Rayquaza|2
|
|upkeep
|-message|Pokeshard6 forfeited.
|
|win|Hhhhhhhhhhhhx
|raw|Pokeshard6's rating: 1485 &rarr; <strong>1466</strong><br />(-19 for losing)
|raw|Hhhhhhhhhhhhx's rating: 1506 &rarr; <strong>1525</strong><br />(+19 for winning)
|l|☆Pokeshard6
||Ladder isn't responding, score probably updated but might not have (Request timeout).
