|j|☆Senpai_1987
|j|☆SaintLaplace
|t:|1661755534
|gametype|singles
|player|p1|Senpai_1987|preschoolerf|1528
|player|p2|SaintLaplace|cynthia|1494
|teamsize|p1|6
|teamsize|p2|6
|gen|8
|tier|[Gen 8] National Dex AG
|rated|
|rule|HP Percentage Mod: HP is shown in percentages
|rule|Endless Battle Clause: Forcing endless battles is banned
|clearpoke
|poke|p1|Magearna|
|poke|p1|Necrozma-Dusk-Mane|
|poke|p1|Scizor, M|
|poke|p1|Slowbro, F|
|poke|p1|Kyogre|
|poke|p1|Yveltal|
|poke|p2|Smeargle, F|
|poke|p2|Rayquaza|
|poke|p2|Necrozma-Dusk-Mane|
|poke|p2|Marshadow|
|poke|p2|Necrozma-Dawn-Wings|
|poke|p2|Xerneas-*|
|teampreview
|
|t:|1661755541
|start
|switch|p1a: Yveltal|Yveltal|100/100
|switch|p2a: Smeargle|Smeargle, F, shiny|100/100
|-ability|p1a: Yveltal|Dark Aura
|turn|1
|inactive|Battle timer is ON: inactive players will automatically lose when time's up. (requested by SaintLaplace)
|
|t:|1661755545
|move|p2a: Smeargle|Magic Coat|p2a: Smeargle
|-singleturn|p2a: Smeargle|move: Magic Coat
|move|p1a: Yveltal|Taunt|p2a: Smeargle
|move|p2a: Smeargle|Taunt|p1a: Yveltal|[from]Magic Coat
|-start|p1a: Yveltal|move: Taunt
|
|-ability|p2a: Smeargle|Moody|boost
|-boost|p2a: Smeargle|spe|2
|-unboost|p2a: Smeargle|spa|1
|upkeep
|turn|2
|
|t:|1661755551
|move|p2a: Smeargle|Spore|p1a: Yveltal
|-status|p1a: Yveltal|slp|[from] move: Spore
|cant|p1a: Yveltal|slp
|
|-ability|p2a: Smeargle|Moody|boost
|-boost|p2a: Smeargle|spa|2
|-unboost|p2a: Smeargle|spd|1
|upkeep
|turn|3
|
|t:|1661755555
|move|p2a: Smeargle|Shell Smash|p2a: Smeargle
|-unboost|p2a: Smeargle|def|1
|-unboost|p2a: Smeargle|spd|1
|-boost|p2a: Smeargle|atk|2
|-boost|p2a: Smeargle|spa|2
|-boost|p2a: Smeargle|spe|2
|cant|p1a: Yveltal|slp
|
|-ability|p2a: Smeargle|Moody|boost
|-boost|p2a: Smeargle|spa|2
|-unboost|p2a: Smeargle|spd|1
|upkeep
|turn|4
|
|t:|1661755558
|move|p2a: Smeargle|Baton Pass|p2a: Smeargle
|
|t:|1661755564
|switch|p2a: Necrozma|Necrozma-Dawn-Wings|100/100|[from]move: Baton Pass
|-curestatus|p1a: Yveltal|slp|[msg]
|move|p1a: Yveltal|Knock Off|p2a: Necrozma
|-supereffective|p2a: Necrozma
|-damage|p2a: Necrozma|0 fnt
|faint|p2a: Necrozma
|
|-end|p1a: Yveltal|move: Taunt
|upkeep
|
|t:|1661755566
|switch|p2a: Smeargle|Smeargle, F, shiny|100/100
|turn|5
|
|t:|1661755576
|move|p2a: Smeargle|Spore|p1a: Yveltal
|-status|p1a: Yveltal|slp|[from] move: Spore
|cant|p1a: Yveltal|slp
|
|-ability|p2a: Smeargle|Moody|boost
|-boost|p2a: Smeargle|def|2
|-unboost|p2a: Smeargle|spd|1
|upkeep
|turn|6
|
|t:|1661755578
|move|p2a: Smeargle|Shell Smash|p2a: Smeargle
|-unboost|p2a: Smeargle|def|1
|-unboost|p2a: Smeargle|spd|1
|-boost|p2a: Smeargle|atk|2
|-boost|p2a: Smeargle|spa|2
|-boost|p2a: Smeargle|spe|2
|cant|p1a: Yveltal|slp
|
|-ability|p2a: Smeargle|Moody|boost
|-boost|p2a: Smeargle|def|2
|-unboost|p2a: Smeargle|spe|1
|upkeep
|turn|7
|
|t:|1661755580
|move|p2a: Smeargle|Baton Pass|p2a: Smeargle
|
|t:|1661755588
|switch|p2a: Rayquaza|Rayquaza|100/100|[from]move: Baton Pass
|-ability|p2a: Rayquaza|Air Lock
|-curestatus|p1a: Yveltal|slp|[msg]
|move|p1a: Yveltal|Knock Off|p2a: Rayquaza
|-damage|p2a: Rayquaza|65/100
|-enditem|p2a: Rayquaza|Focus Sash|[from] move: Knock Off|[of] p1a: Yveltal
|
|upkeep
|turn|8
|
|t:|1661755605
|detailschange|p2a: Rayquaza|Rayquaza-Mega
|-mega|p2a: Rayquaza|Rayquaza|
|-weather|DeltaStream|[from] ability: Delta Stream|[of] p2a: Rayquaza
|move|p1a: Yveltal|Sucker Punch|p2a: Rayquaza
|-damage|p2a: Rayquaza|43/100
|move|p2a: Rayquaza|Dragon Ascent|p1a: Yveltal
|-damage|p1a: Yveltal|0 fnt
|-unboost|p2a: Rayquaza|def|1
|-unboost|p2a: Rayquaza|spd|1
|faint|p1a: Yveltal
|
|-weather|DeltaStream|[upkeep]
|upkeep
|inactive|Senpai_1987 has 120 seconds left.
|
|t:|1661755630
|switch|p1a: Lavi|Magearna|100/100
|turn|9
|
|t:|1661755639
|move|p2a: Rayquaza|V-create|p1a: Lavi
|-supereffective|p1a: Lavi
|-damage|p1a: Lavi|0 fnt
|-unboost|p2a: Rayquaza|spe|1
|-unboost|p2a: Rayquaza|def|1
|-unboost|p2a: Rayquaza|spd|1
|faint|p1a: Lavi
|
|-weather|DeltaStream|[upkeep]
|upkeep
|
|t:|1661755648
|switch|p1a: LET THERE BE RAIN|Kyogre|100/100
|-ability|p1a: LET THERE BE RAIN|Drizzle|[from] deltastream|[fail]
|turn|10
|
|t:|1661755653
|move|p1a: LET THERE BE RAIN|Ice Beam|p2a: Rayquaza
|-activate||deltastream
|-supereffective|p2a: Rayquaza
|-damage|p2a: Rayquaza|0 fnt
|faint|p2a: Rayquaza
|-weather|none
|
|upkeep
|
|t:|1661755660
|switch|p2a: Smeargle|Smeargle, F, shiny|100/100
|turn|11
|
|t:|1661755665
|move|p1a: LET THERE BE RAIN|Ice Beam|p2a: Smeargle
|-damage|p2a: Smeargle|25/100
|move|p2a: Smeargle|Spore|p1a: LET THERE BE RAIN
|-status|p1a: LET THERE BE RAIN|slp|[from] move: Spore
|
|-ability|p2a: Smeargle|Moody|boost
|-boost|p2a: Smeargle|spd|2
|-unboost|p2a: Smeargle|atk|1
|upkeep
|turn|12
|
|t:|1661755669
|cant|p1a: LET THERE BE RAIN|slp
|move|p2a: Smeargle|Shell Smash|p2a: Smeargle
|-unboost|p2a: Smeargle|def|1
|-unboost|p2a: Smeargle|spd|1
|-boost|p2a: Smeargle|atk|2
|-boost|p2a: Smeargle|spa|2
|-boost|p2a: Smeargle|spe|2
|
|-ability|p2a: Smeargle|Moody|boost
|-boost|p2a: Smeargle|spd|2
|-unboost|p2a: Smeargle|spa|1
|upkeep
|turn|13
|
|t:|1661755673
|move|p2a: Smeargle|Baton Pass|p2a: Smeargle
|
|t:|1661755684
|switch|p2a: Necrozma|Necrozma-Dusk-Mane|100/100|[from]move: Baton Pass
|cant|p1a: LET THERE BE RAIN|slp
|
|upkeep
|turn|14
|
|t:|1661755690
|switch|p1a: Slowsibling|Slowbro, F|100/100
|-start|p2a: Necrozma|Dynamax|
|-heal|p2a: Necrozma|100/100|[silent]
|move|p2a: Necrozma|Max Quake|p1a: Slowsibling
|-damage|p1a: Slowsibling|51/100
|-boost|p2a: Necrozma|spd|1
|
|-heal|p1a: Slowsibling|57/100|[from] item: Leftovers
|upkeep
|turn|15
|
|t:|1661755704
|move|p2a: Necrozma|Max Steelspike|p1a: Slowsibling
|-resisted|p1a: Slowsibling
|-damage|p1a: Slowsibling|22/100
|-boost|p2a: Necrozma|def|1
|move|p1a: Slowsibling|Slack Off|p1a: Slowsibling
|-heal|p1a: Slowsibling|72/100
|
|-heal|p1a: Slowsibling|78/100|[from] item: Leftovers
|upkeep
|turn|16
|
|t:|1661755713
|move|p2a: Necrozma|Max Mindstorm|p1a: Slowsibling
|-resisted|p1a: Slowsibling
|-damage|p1a: Slowsibling|46/100
|-fieldstart|move: Psychic Terrain
|move|p1a: Slowsibling|Slack Off|p1a: Slowsibling
|-heal|p1a: Slowsibling|96/100
|
|-heal|p1a: Slowsibling|100/100|[from] item: Leftovers
|upkeep
|-end|p2a: Necrozma|Dynamax
|-heal|p2a: Necrozma|100/100|[silent]
|turn|17
|
|t:|1661755720
|move|p2a: Necrozma|Photon Geyser|p1a: Slowsibling
|-resisted|p1a: Slowsibling
|-damage|p1a: Slowsibling|60/100
|move|p1a: Slowsibling|Thunder Wave|p2a: Necrozma
|-status|p2a: Necrozma|par
|
|-heal|p1a: Slowsibling|66/100|[from] item: Leftovers
|upkeep
|turn|18
|
|t:|1661755727
|move|p2a: Necrozma|Autotomize|p2a: Necrozma
|-boost|p2a: Necrozma|spe|2
|-start|p2a: Necrozma|Autotomize
|move|p1a: Slowsibling|Slack Off|p1a: Slowsibling
|-heal|p1a: Slowsibling|100/100
|
|upkeep
|turn|19
|
|t:|1661755736
|move|p2a: Necrozma|Sunsteel Strike|p1a: Slowsibling
|-resisted|p1a: Slowsibling
|-damage|p1a: Slowsibling|73/100
|move|p1a: Slowsibling|Future Sight|p2a: Necrozma
|-start|p1a: Slowsibling|move: Future Sight
|
|-heal|p1a: Slowsibling|79/100|[from] item: Leftovers
|upkeep
|turn|20
|
|t:|1661755745
|switch|p2a: Smeargle|Smeargle, F, shiny|25/100
|move|p1a: Slowsibling|Scald|p2a: Smeargle
|-damage|p2a: Smeargle|0 fnt
|faint|p2a: Smeargle
|
|-heal|p1a: Slowsibling|85/100|[from] item: Leftovers
|-fieldend|move: Psychic Terrain
|upkeep
|
|t:|1661755749
|switch|p2a: Marshadow|Marshadow|100/100
|turn|21
|
|t:|1661755753
|move|p2a: Marshadow|Spectral Thief|p1a: Slowsibling
|-supereffective|p1a: Slowsibling
|-damage|p1a: Slowsibling|33/100
|move|p1a: Slowsibling|Thunder Wave|p2a: Marshadow|[miss]
|-miss|p1a: Slowsibling|p2a: Marshadow
|
|-end|p2a: Marshadow|move: Future Sight
|-supereffective|p2a: Marshadow
|-damage|p2a: Marshadow|6/100
|-heal|p1a: Slowsibling|40/100|[from] item: Leftovers
|upkeep
|turn|22
|
|t:|1661755762
|switch|p1a: Inquisition Lite|Scizor, M|100/100
|move|p2a: Marshadow|Spectral Thief|p1a: Inquisition Lite
|-damage|p1a: Inquisition Lite|54/100
|
|upkeep
|turn|23
|
|t:|1661755771
|switch|p2a: Necrozma|Necrozma-Dusk-Mane|100/100 par
|detailschange|p1a: Inquisition Lite|Scizor-Mega, M
|-mega|p1a: Inquisition Lite|Scizor|Scizorite
|move|p1a: Inquisition Lite|Bullet Punch|p2a: Necrozma
|-resisted|p2a: Necrozma
|-damage|p2a: Necrozma|87/100 par
|
|upkeep
|turn|24
|
|t:|1661755777
|move|p1a: Inquisition Lite|Roost|p1a: Inquisition Lite
|-heal|p1a: Inquisition Lite|100/100
|-singleturn|p1a: Inquisition Lite|move: Roost
|cant|p2a: Necrozma|par
|
|upkeep
|turn|25
|
|t:|1661755781
|switch|p1a: Slowsibling|Slowbro, F|73/100
|move|p2a: Necrozma|Earthquake|p1a: Slowsibling
|-damage|p1a: Slowsibling|49/100
|
|-heal|p1a: Slowsibling|55/100|[from] item: Leftovers
|upkeep
|turn|26
|
|t:|1661755787
|switch|p2a: Xerneas|Xerneas|100/100
|-ability|p2a: Xerneas|Fairy Aura
|move|p1a: Slowsibling|Slack Off|p1a: Slowsibling
|-heal|p1a: Slowsibling|100/100
|
|upkeep
|turn|27
|
|t:|1661755791
|move|p2a: Xerneas|Geomancy||[still]
|-prepare|p2a: Xerneas|Geomancy
|-enditem|p2a: Xerneas|Power Herb
|-anim|p2a: Xerneas|Geomancy|p2a: Xerneas
|-boost|p2a: Xerneas|spa|2
|-boost|p2a: Xerneas|spd|2
|-boost|p2a: Xerneas|spe|2
|move|p1a: Slowsibling|Thunder Wave|p2a: Xerneas
|-status|p2a: Xerneas|par
|
|upkeep
|turn|28
|
|t:|1661755798
|move|p2a: Xerneas|Moonblast|p1a: Slowsibling
|-damage|p1a: Slowsibling|0 fnt
|faint|p1a: Slowsibling
|
|upkeep
|
|t:|1661755801
|switch|p1a: Inquisition Lite|Scizor-Mega, M|100/100
|turn|29
|
|t:|1661755809
|move|p1a: Inquisition Lite|Bullet Punch|p2a: Xerneas
|-supereffective|p2a: Xerneas
|-damage|p2a: Xerneas|42/100 par
|move|p2a: Xerneas|Focus Blast|p1a: Inquisition Lite|[miss]
|-miss|p2a: Xerneas|p1a: Inquisition Lite
|
|upkeep
|turn|30
|
|t:|1661755814
|move|p1a: Inquisition Lite|Bullet Punch|p2a: Xerneas
|-supereffective|p2a: Xerneas
|-damage|p2a: Xerneas|0 fnt
|faint|p2a: Xerneas
|
|upkeep
|
|t:|1661755816
|switch|p2a: Necrozma|Necrozma-Dusk-Mane|87/100 par
|turn|31
|
|t:|1661755823
|move|p1a: Inquisition Lite|Bullet Punch|p2a: Necrozma
|-resisted|p2a: Necrozma
|-damage|p2a: Necrozma|73/100 par
|cant|p2a: Necrozma|par
|
|upkeep
|turn|32
|
|t:|1661755828
|move|p1a: Inquisition Lite|U-turn|p2a: Necrozma
|-damage|p2a: Necrozma|41/100 par
|
|t:|1661755832
|switch|p1a: LET THERE BE RAIN|Kyogre|100/100 slp|[from]move: U-turn
|-weather|RainDance|[from] ability: Drizzle|[of] p1a: LET THERE BE RAIN
|move|p2a: Necrozma|Earthquake|p1a: LET THERE BE RAIN
|-damage|p1a: LET THERE BE RAIN|52/100 slp
|
|-weather|RainDance|[upkeep]
|upkeep
|turn|33
|
|t:|1661755838
|cant|p1a: LET THERE BE RAIN|slp
|move|p2a: Necrozma|Photon Geyser|p1a: LET THERE BE RAIN
|-damage|p1a: LET THERE BE RAIN|0 fnt
|faint|p1a: LET THERE BE RAIN
|
|-weather|RainDance|[upkeep]
|upkeep
|
|t:|1661755840
|switch|p1a: Dusk|Necrozma-Dusk-Mane, shiny|100/100
|turn|34
|
|t:|1661755846
|move|p1a: Dusk|Earthquake|p2a: Necrozma
|-supereffective|p2a: Necrozma
|-damage|p2a: Necrozma|0 fnt
|faint|p2a: Necrozma
|
|-weather|RainDance|[upkeep]
|upkeep
|
|t:|1661755849
|switch|p2a: Marshadow|Marshadow|6/100
|turn|35
|
|t:|1661755852
|-start|p1a: Dusk|Dynamax|
|-heal|p1a: Dusk|100/100|[silent]
|move|p2a: Marshadow|Spectral Thief|p1a: Dusk
|-supereffective|p1a: Dusk
|-crit|p1a: Dusk
|-damage|p1a: Dusk|60/100
|-enditem|p1a: Dusk|Weakness Policy
|-boost|p1a: Dusk|atk|2|[from] item: Weakness Policy
|-boost|p1a: Dusk|spa|2|[from] item: Weakness Policy
|move|p1a: Dusk|Max Steelspike|p2a: Marshadow
|-damage|p2a: Marshadow|0 fnt
|-boost|p1a: Dusk|def|1
|faint|p2a: Marshadow
|
|win|Senpai_1987
|raw|Senpai_1987's rating: 1528 &rarr; <strong>1546</strong><br />(+18 for winning)
|raw|SaintLaplace's rating: 1494 &rarr; <strong>1476</strong><br />(-18 for losing)
|l|☆SaintLaplace
