|j|☆DECLANO196
|j|☆moyv123
|t:|1665462635
|gametype|singles
|player|p1|DECLANO196|266|1761
|player|p2|moyv123|2|1806
|teamsize|p1|6
|teamsize|p2|6
|gen|8
|tier|[Gen 8] National Dex AG
|rated|
|rule|HP Percentage Mod: HP is shown in percentages
|rule|Endless Battle Clause: Forcing endless battles is banned
|clearpoke
|poke|p1|Marshadow|
|poke|p1|Ho-Oh|
|poke|p1|Lugia|
|poke|p1|Yveltal|
|poke|p1|Chansey, F|
|poke|p1|Ditto|
|poke|p2|Arceus-*|
|poke|p2|Arceus-*|
|poke|p2|Rayquaza|
|poke|p2|Lugia|
|poke|p2|Zacian-*|
|poke|p2|Necrozma-Dusk-Mane|
|teampreview
|
|t:|1665462657
|start
|switch|p1a: Lugia|Lugia|100/100
|switch|p2a: Arceus|Arceus|100/100
|turn|1
|
|t:|1665462666
|move|p2a: Arceus|Swords Dance|p2a: Arceus
|-boost|p2a: Arceus|atk|2
|move|p1a: Lugia|Reflect|p1a: Lugia
|-sidestart|p1: DECLANO196|Reflect
|
|upkeep
|turn|2
|
|t:|1665462672
|move|p2a: Arceus|Shadow Claw|p1a: Lugia
|-supereffective|p1a: Lugia
|-damage|p1a: Lugia|87/100
|move|p1a: Lugia|Toxic|p2a: Arceus
|-status|p2a: Arceus|tox
|-enditem|p2a: Arceus|Lum Berry|[eat]
|-curestatus|p2a: Arceus|tox|[msg]
|
|upkeep
|turn|3
|
|t:|1665462694
|move|p2a: Arceus|Defog|p1a: Lugia
|-unboost|p1a: Lugia|evasion|1
|-sideend|p1: DECLANO196|Reflect
|move|p1a: Lugia|Toxic|p2a: Arceus
|-status|p2a: Arceus|tox
|
|-damage|p2a: Arceus|94/100 tox|[from] psn
|upkeep
|turn|4
|
|t:|1665462706
|-start|p2a: Arceus|Dynamax|
|-heal|p2a: Arceus|94/100 tox|[silent]
|move|p2a: Arceus|Max Phantasm|p1a: Lugia
|-supereffective|p1a: Lugia
|-damage|p1a: Lugia|0 fnt
|faint|p1a: Lugia
|
|-damage|p2a: Arceus|88/100 tox|[from] psn
|upkeep
|
|t:|1665462738
|switch|p1a: Marshadow|Marshadow|100/100
|turn|5
|
|t:|1665462743
|move|p1a: Marshadow|Close Combat|p2a: Arceus
|-supereffective|p2a: Arceus
|-damage|p2a: Arceus|52/100 tox
|-unboost|p1a: Marshadow|def|1
|-unboost|p1a: Marshadow|spd|1
|move|p2a: Arceus|Max Phantasm|p1a: Marshadow
|-supereffective|p1a: Marshadow
|-enditem|p1a: Marshadow|Focus Sash
|-damage|p1a: Marshadow|1/100
|-unboost|p1a: Marshadow|def|1
|
|-damage|p2a: Arceus|43/100 tox|[from] psn
|upkeep
|turn|6
|
|t:|1665462763
|switch|p1a: Chansey|Chansey, F|100/100
|move|p2a: Arceus|Max Phantasm|p1a: Chansey
|-immune|p1a: Chansey
|
|-damage|p2a: Arceus|30/100 tox|[from] psn
|upkeep
|-end|p2a: Arceus|Dynamax
|-heal|p2a: Arceus|30/100 tox|[silent]
|turn|7
|
|t:|1665462775
|switch|p1a: Marshadow|Marshadow|1/100
|move|p2a: Arceus|Extreme Speed|p1a: Marshadow
|-immune|p1a: Marshadow
|
|-damage|p2a: Arceus|0 fnt|[from] psn
|faint|p2a: Arceus
|upkeep
|
|t:|1665462785
|switch|p2a: Zacian|Zacian-Crowned, shiny|100/100
|-ability|p2a: Zacian|Intrepid Sword|boost
|-boost|p2a: Zacian|atk|1
|turn|8
|
|t:|1665462798
|move|p2a: Zacian|Behemoth Blade|p1a: Marshadow
|-damage|p1a: Marshadow|0 fnt
|faint|p1a: Marshadow
|
|upkeep
|
|t:|1665462803
|switch|p1a: Ditto|Ditto|100/100
|-transform|p1a: Ditto|p2a: Zacian|[from] ability: Imposter
|-ability|p1a: Ditto|Intrepid Sword|boost
|-boost|p1a: Ditto|atk|1
|turn|9
|
|t:|1665462826
|move|p1a: Ditto|Close Combat|p2a: Zacian
|-damage|p2a: Zacian|0 fnt
|-unboost|p1a: Ditto|def|1
|-unboost|p1a: Ditto|spd|1
|faint|p2a: Zacian
|
|upkeep
|
|t:|1665462833
|switch|p2a: Lugia|Lugia|100/100
|turn|10
|
|t:|1665462838
|switch|p1a: Chansey|Chansey, F|100/100
|move|p2a: Lugia|Thunder Wave|p1a: Chansey
|-status|p1a: Chansey|par
|
|upkeep
|turn|11
|
|t:|1665462851
|switch|p2a: Necrozma|Necrozma-Dusk-Mane|100/100
|move|p1a: Chansey|Stealth Rock|p2a: Necrozma
|-sidestart|p2: moyv123|move: Stealth Rock
|
|upkeep
|turn|12
|
|t:|1665462860
|-curestatus|p1a: Chansey|par|[from] ability: Natural Cure
|switch|p1a: Ho-Oh|Ho-Oh|100/100
|move|p2a: Necrozma|Dragon Dance|p2a: Necrozma
|-boost|p2a: Necrozma|atk|1
|-boost|p2a: Necrozma|spe|1
|
|upkeep
|turn|13
|
|t:|1665462872
|move|p2a: Necrozma|Stone Edge|p1a: Ho-Oh
|-supereffective|p1a: Ho-Oh
|-damage|p1a: Ho-Oh|0 fnt
|faint|p1a: Ho-Oh
|
|upkeep
|
|t:|1665462890
|switch|p1a: Yveltal|Yveltal|100/100
|-ability|p1a: Yveltal|Dark Aura
|turn|14
|
|t:|1665462905
|switch|p2a: Arceus|Arceus-Dark|100/100
|-damage|p2a: Arceus|88/100|[from] Stealth Rock
|-start|p1a: Yveltal|Dynamax|
|-heal|p1a: Yveltal|100/100|[silent]
|move|p1a: Yveltal|Max Airstream|p2a: Arceus
|-damage|p2a: Arceus|53/100
|-boost|p1a: Yveltal|spe|1
|
|upkeep
|turn|15
|
|t:|1665462919
|move|p1a: Yveltal|Max Ooze|p2a: Arceus
|-damage|p2a: Arceus|33/100
|-boost|p1a: Yveltal|spa|1
|move|p2a: Arceus|Recover|p2a: Arceus
|-heal|p2a: Arceus|83/100
|
|upkeep
|turn|16
|
|t:|1665462940
|move|p1a: Yveltal|Max Darkness|p2a: Arceus
|-resisted|p2a: Arceus
|-damage|p2a: Arceus|48/100
|-unboost|p2a: Arceus|spd|1
|move|p2a: Arceus|Thunder Wave|p1a: Yveltal
|-status|p1a: Yveltal|par
|
|upkeep
|-end|p1a: Yveltal|Dynamax
|-heal|p1a: Yveltal|100/100 par|[silent]
|turn|17
|
|t:|1665462952
|move|p2a: Arceus|Recover|p2a: Arceus
|-heal|p2a: Arceus|98/100
|cant|p1a: Yveltal|par
|
|upkeep
|turn|18
|
|t:|1665462960
|move|p2a: Arceus|Stealth Rock|p1a: Yveltal
|-sidestart|p1: DECLANO196|move: Stealth Rock
|move|p1a: Yveltal|Oblivion Wing|p2a: Arceus
|-damage|p2a: Arceus|44/100
|
|upkeep
|turn|19
|
|t:|1665462973
|move|p2a: Arceus|Judgment|p1a: Yveltal
|-resisted|p1a: Yveltal
|-damage|p1a: Yveltal|82/100 par
|cant|p1a: Yveltal|par
|
|upkeep
|turn|20
|
|t:|1665462980
|move|p2a: Arceus|Recover|p2a: Arceus
|-heal|p2a: Arceus|94/100
|move|p1a: Yveltal|Oblivion Wing|p2a: Arceus
|-damage|p2a: Arceus|41/100
|-heal|p1a: Yveltal|100/100 par|[from] drain|[of] p2a: Arceus
|
|upkeep
|turn|21
|
|t:|1665462995
|move|p2a: Arceus|Recover|p2a: Arceus
|-heal|p2a: Arceus|91/100
|move|p1a: Yveltal|Oblivion Wing|p2a: Arceus
|-crit|p2a: Arceus
|-damage|p2a: Arceus|13/100
|
|upkeep
|turn|22
|
|t:|1665463003
|move|p2a: Arceus|Recover|p2a: Arceus
|-heal|p2a: Arceus|63/100
|move|p1a: Yveltal|Oblivion Wing|p2a: Arceus
|-damage|p2a: Arceus|11/100
|
|upkeep
|turn|23
|
|t:|1665463011
|move|p2a: Arceus|Judgment|p1a: Yveltal
|-resisted|p1a: Yveltal
|-damage|p1a: Yveltal|83/100 par
|move|p1a: Yveltal|Oblivion Wing|p2a: Arceus
|-damage|p2a: Arceus|0 fnt
|-heal|p1a: Yveltal|91/100 par|[from] drain|[of] p2a: Arceus
|faint|p2a: Arceus
|
|upkeep
|
|t:|1665463021
|switch|p2a: Lugia|Lugia|100/100
|turn|24
|
|t:|1665463025
|move|p1a: Yveltal|Dark Pulse|p2a: Lugia
|-supereffective|p2a: Lugia
|-damage|p2a: Lugia|53/100
|move|p2a: Lugia|Whirlwind|p1a: Yveltal
|drag|p1a: Chansey|Chansey, F|100/100
|-damage|p1a: Chansey|88/100|[from] Stealth Rock
|
|upkeep
|turn|25
|
|t:|1665463047
|switch|p2a: Necrozma|Necrozma-Dusk-Mane|100/100
|-damage|p2a: Necrozma|94/100|[from] Stealth Rock
|move|p1a: Chansey|Toxic|p2a: Necrozma
|-immune|p2a: Necrozma
|
|upkeep
|turn|26
|
|t:|1665463056
|switch|p1a: Yveltal|Yveltal|91/100 par
|-damage|p1a: Yveltal|66/100 par|[from] Stealth Rock
|-ability|p1a: Yveltal|Dark Aura
|move|p2a: Necrozma|Dragon Dance|p2a: Necrozma
|-boost|p2a: Necrozma|atk|1
|-boost|p2a: Necrozma|spe|1
|
|upkeep
|turn|27
|
|t:|1665463065
|move|p2a: Necrozma|Stone Edge|p1a: Yveltal
|-supereffective|p1a: Yveltal
|-damage|p1a: Yveltal|0 fnt
|faint|p1a: Yveltal
|
|upkeep
|
|t:|1665463070
|switch|p1a: Ditto|Ditto|100/100
|-damage|p1a: Ditto|88/100|[from] Stealth Rock
|-transform|p1a: Ditto|p2a: Necrozma|[from] ability: Imposter
|turn|28
|
|t:|1665463085
|detailschange|p2a: Necrozma|Necrozma-Ultra
|-burst|p2a: Necrozma|Necrozma|Ultranecrozium Z
|move|p2a: Necrozma|Earthquake|p1a: Ditto
|-supereffective|p1a: Ditto
|-damage|p1a: Ditto|0 fnt
|faint|p1a: Ditto
|
|upkeep
|-message|DECLANO196 forfeited.
|
|win|moyv123
|raw|DECLANO196's rating: 1761 &rarr; <strong>1744</strong><br />(-17 for losing)
|raw|moyv123's rating: 1806 &rarr; <strong>1823</strong><br />(+17 for winning)
|l|☆DECLANO196
