|j|☆Lazy#4341 on cord
|j|☆DarkboiJ
|t:|1667893198
|gametype|singles
|player|p1|Lazy#4341 on cord|interviewers|1759
|player|p2|DarkboiJ|blue-gen3two|2039
|teamsize|p1|6
|teamsize|p2|6
|gen|8
|tier|[Gen 8] National Dex AG
|rated|
|rule|HP Percentage Mod: HP is shown in percentages
|rule|Endless Battle Clause: Forcing endless battles is banned
|clearpoke
|poke|p1|Necrozma-Dusk-Mane|
|poke|p1|Zygarde|
|poke|p1|Yveltal|
|poke|p1|Arceus-*|
|poke|p1|Calyrex-Shadow|
|poke|p1|Arceus-*|
|poke|p2|Darkrai|
|poke|p2|Arceus-*|
|poke|p2|Kyogre|
|poke|p2|Ditto|
|poke|p2|Zapdos|
|poke|p2|Arceus-*|
|teampreview
|inactive|Battle timer is ON: inactive players will automatically lose when time's up. (requested by DarkboiJ)
|
|t:|1667893214
|start
|switch|p1a: Wendy|Arceus-Fairy|100/100
|switch|p2a: Kyogre|Kyogre|100/100
|detailschange|p2a: Kyogre|Kyogre-Primal
|-primal|p2a: Kyogre
|-weather|PrimordialSea|[from] ability: Primordial Sea|[of] p2a: Kyogre
|turn|1
|
|t:|1667893219
|move|p1a: Wendy|Thunder Wave|p2a: Kyogre
|-status|p2a: Kyogre|par
|move|p2a: Kyogre|Water Spout|p1a: Wendy
|-damage|p1a: Wendy|16/100
|
|-weather|PrimordialSea|[upkeep]
|upkeep
|turn|2
|
|t:|1667893227
|move|p1a: Wendy|Judgment|p2a: Kyogre
|-damage|p2a: Kyogre|69/100 par
|move|p2a: Kyogre|Water Spout|p1a: Wendy
|-damage|p1a: Wendy|0 fnt
|faint|p1a: Wendy
|
|-weather|PrimordialSea|[upkeep]
|upkeep
|
|t:|1667893236
|switch|p1a: Christ|Arceus|100/100
|turn|3
|
|t:|1667893244
|move|p1a: Christ|Swords Dance|p1a: Christ
|-boost|p1a: Christ|atk|2
|cant|p2a: Kyogre|par
|
|-weather|PrimordialSea|[upkeep]
|upkeep
|turn|4
|
|t:|1667893247
|move|p1a: Christ|Extreme Speed|p2a: Kyogre
|-damage|p2a: Kyogre|0 fnt
|faint|p2a: Kyogre
|-weather|none
|
|upkeep
|
|t:|1667893254
|switch|p2a: Zapdos|Zapdos|100/100
|turn|5
|
|t:|1667893256
|move|p1a: Christ|Extreme Speed|p2a: Zapdos
|-damage|p2a: Zapdos|43/100
|move|p2a: Zapdos|Volt Switch|p1a: Christ
|-damage|p1a: Christ|80/100
|
|t:|1667893260
|switch|p2a: Ditto|Ditto, shiny|100/100|[from]move: Volt Switch
|-transform|p2a: Ditto|p1a: Christ|[from] ability: Imposter
|
|upkeep
|turn|6
|
|t:|1667893267
|switch|p2a: Zapdos|Zapdos|43/100
|-start|p1a: Christ|Dynamax|
|-heal|p1a: Christ|80/100|[silent]
|move|p1a: Christ|Max Strike|p2a: Zapdos
|-damage|p2a: Zapdos|0 fnt
|faint|p2a: Zapdos
|
|upkeep
|
|t:|1667893277
|switch|p2a: Ditto|Ditto, shiny|100/100
|-transform|p2a: Ditto|p1a: Christ|[from] ability: Imposter
|turn|7
|
|t:|1667893284
|-start|p2a: Ditto|Dynamax|
|-heal|p2a: Ditto|100/100|[silent]
|move|p2a: Ditto|Max Strike|p1a: Christ
|-damage|p1a: Christ|34/100
|-unboost|p1a: Christ|spe|1
|move|p1a: Christ|Max Strike|p2a: Ditto
|-damage|p2a: Ditto|36/100
|-unboost|p2a: Ditto|spe|1
|
|upkeep
|turn|8
|
|t:|1667893291
|move|p1a: Christ|Max Guard|p1a: Christ
|-singleturn|p1a: Christ|Max Guard
|move|p2a: Ditto|Max Guard||[still]
|-fail|p2a: Ditto
|
|upkeep
|-end|p1a: Christ|Dynamax
|-heal|p1a: Christ|34/100|[silent]
|turn|9
|
|t:|1667893298
|move|p2a: Ditto|Max Guard|p2a: Ditto
|-singleturn|p2a: Ditto|Max Guard
|move|p1a: Christ|Extreme Speed|p2a: Ditto
|-activate|p2a: Ditto|move: Max Guard
|
|upkeep
|-end|p2a: Ditto|Dynamax
|-heal|p2a: Ditto|36/100|[silent]
|turn|10
|
|t:|1667893306
|switch|p1a: Anya|Necrozma-Dusk-Mane, shiny|100/100
|move|p2a: Ditto|Extreme Speed|p1a: Anya
|-resisted|p1a: Anya
|-damage|p1a: Anya|79/100
|-damage|p2a: Ditto|20/100|[from] item: Rocky Helmet|[of] p1a: Anya
|
|upkeep
|turn|11
|
|t:|1667893314
|switch|p2a: Arceus|Arceus-Fairy|100/100
|move|p1a: Anya|Stealth Rock|p2a: Arceus
|-sidestart|p2: DarkboiJ|move: Stealth Rock
|
|upkeep
|turn|12
|
|t:|1667893316
|move|p2a: Arceus|Stealth Rock|p1a: Anya
|-sidestart|p1: Lazy#4341 on cord|move: Stealth Rock
|move|p1a: Anya|Sunsteel Strike|p2a: Arceus
|-supereffective|p2a: Arceus
|-damage|p2a: Arceus|28/100
|
|upkeep
|turn|13
|
|t:|1667893323
|switch|p1a: Christ|Arceus|34/100
|-damage|p1a: Christ|22/100|[from] Stealth Rock
|move|p2a: Arceus|Judgment|p1a: Christ
|-damage|p1a: Christ|0 fnt
|faint|p1a: Christ
|
|upkeep
|
|t:|1667893330
|switch|p1a: Anya|Necrozma-Dusk-Mane, shiny|79/100
|-damage|p1a: Anya|73/100|[from] Stealth Rock
|turn|14
|
|t:|1667893337
|move|p2a: Arceus|Recover|p2a: Arceus
|-heal|p2a: Arceus|78/100
|move|p1a: Anya|Sunsteel Strike|p2a: Arceus
|-supereffective|p2a: Arceus
|-damage|p2a: Arceus|15/100
|
|upkeep
|turn|15
|
|t:|1667893344
|move|p2a: Arceus|Judgment|p1a: Anya
|-resisted|p1a: Anya
|-damage|p1a: Anya|54/100
|move|p1a: Anya|Sunsteel Strike|p2a: Arceus
|-supereffective|p2a: Arceus
|-damage|p2a: Arceus|0 fnt
|faint|p2a: Arceus
|
|upkeep
|
|t:|1667893347
|switch|p2a: Darkrai|Darkrai|100/100
|-damage|p2a: Darkrai|88/100|[from] Stealth Rock
|turn|16
|
|t:|1667893351
|move|p2a: Darkrai|Substitute|p2a: Darkrai
|-start|p2a: Darkrai|Substitute
|-damage|p2a: Darkrai|63/100
|move|p1a: Anya|Sunsteel Strike|p2a: Darkrai
|-end|p2a: Darkrai|Substitute
|
|-heal|p2a: Darkrai|69/100|[from] item: Leftovers
|upkeep
|turn|17
|
|t:|1667893356
|move|p2a: Darkrai|Hypnosis|p1a: Anya|[miss]
|-miss|p2a: Darkrai|p1a: Anya
|move|p1a: Anya|Sunsteel Strike|p2a: Darkrai
|-damage|p2a: Darkrai|0 fnt
|faint|p2a: Darkrai
|
|upkeep
|
|t:|1667893358
|switch|p2a: Arceus|Arceus|100/100
|-damage|p2a: Arceus|88/100|[from] Stealth Rock
|turn|18
|
|t:|1667893361
|move|p2a: Arceus|Swords Dance|p2a: Arceus
|-boost|p2a: Arceus|atk|2
|move|p1a: Anya|Knock Off|p2a: Arceus
|-damage|p2a: Arceus|68/100
|-enditem|p2a: Arceus|Lum Berry|[from] move: Knock Off|[of] p1a: Anya
|
|upkeep
|turn|19
|
|t:|1667893366
|move|p2a: Arceus|Swords Dance|p2a: Arceus
|-boost|p2a: Arceus|atk|2
|move|p1a: Anya|Morning Sun|p1a: Anya
|-heal|p1a: Anya|100/100
|
|upkeep
|turn|20
|
|t:|1667893370
|move|p2a: Arceus|Swords Dance|p2a: Arceus
|-boost|p2a: Arceus|atk|2
|move|p1a: Anya|Sunsteel Strike|p2a: Arceus
|-damage|p2a: Arceus|32/100
|
|upkeep
|turn|21
|
|t:|1667893372
|move|p2a: Arceus|Recover|p2a: Arceus
|-heal|p2a: Arceus|82/100
|move|p1a: Anya|Sunsteel Strike|p2a: Arceus
|-damage|p2a: Arceus|49/100
|
|upkeep
|turn|22
|
|t:|1667893378
|switch|p1a: Johnny Blaze|Calyrex-Shadow|100/100
|-ability|p1a: Johnny Blaze|As One
|-ability|p1a: Johnny Blaze|Unnerve
|-damage|p1a: Johnny Blaze|88/100|[from] Stealth Rock
|move|p2a: Arceus|Recover|p2a: Arceus
|-heal|p2a: Arceus|99/100
|
|upkeep
|turn|23
|
|t:|1667893380
|move|p1a: Johnny Blaze|Pollen Puff|p2a: Arceus
|-damage|p2a: Arceus|67/100
|-damage|p1a: Johnny Blaze|78/100|[from] item: Life Orb
|move|p2a: Arceus|Shadow Claw|p1a: Johnny Blaze
|-supereffective|p1a: Johnny Blaze
|-damage|p1a: Johnny Blaze|0 fnt
|faint|p1a: Johnny Blaze
|
|upkeep
|
|t:|1667893386
|switch|p1a: Voltron|Zygarde|100/100
|-damage|p1a: Voltron|94/100|[from] Stealth Rock
|turn|24
|
|t:|1667893388
|move|p2a: Arceus|Extreme Speed|p1a: Voltron
|-damage|p1a: Voltron|8/100
|move|p1a: Voltron|Glare|p2a: Arceus
|-status|p2a: Arceus|par
|
|-heal|p1a: Voltron|14/100|[from] item: Leftovers
|-activate|p1a: Voltron|ability: Power Construct
|detailschange|p1a: Voltron|Zygarde-Complete
|-heal|p1a: Voltron|44/100|[silent]
|upkeep
|turn|25
|
|t:|1667893394
|switch|p1a: Anya|Necrozma-Dusk-Mane, shiny|100/100
|-damage|p1a: Anya|94/100|[from] Stealth Rock
|move|p2a: Arceus|Extreme Speed|p1a: Anya
|-resisted|p1a: Anya
|-damage|p1a: Anya|46/100
|-damage|p2a: Arceus|50/100 par|[from] item: Rocky Helmet|[of] p1a: Anya
|
|upkeep
|turn|26
|
|t:|1667893409
|move|p1a: Anya|Sunsteel Strike|p2a: Arceus
|-damage|p2a: Arceus|16/100 par
|move|p2a: Arceus|Recover|p2a: Arceus
|-heal|p2a: Arceus|66/100 par
|
|upkeep
|turn|27
|
|t:|1667893413
|move|p1a: Anya|Morning Sun|p1a: Anya
|-heal|p1a: Anya|96/100
|move|p2a: Arceus|Recover|p2a: Arceus
|-heal|p2a: Arceus|100/100 par
|
|upkeep
|turn|28
|
|t:|1667893419
|move|p1a: Anya|Knock Off|p2a: Arceus
|-damage|p2a: Arceus|85/100 par
|move|p2a: Arceus|Shadow Claw|p1a: Anya
|-supereffective|p1a: Anya
|-crit|p1a: Anya
|-damage|p1a: Anya|0 fnt
|-damage|p2a: Arceus|69/100 par|[from] item: Rocky Helmet|[of] p1a: Anya
|faint|p1a: Anya
|
|upkeep
|
|t:|1667893423
|switch|p1a: Voltron|Zygarde-Complete|44/100
|-damage|p1a: Voltron|38/100|[from] Stealth Rock
|turn|29
|
|t:|1667893427
|move|p2a: Arceus|Extreme Speed|p1a: Voltron
|-damage|p1a: Voltron|0 fnt
|faint|p1a: Voltron
|
|upkeep
|
|t:|1667893428
|switch|p1a: Acnologia|Yveltal, shiny|100/100
|-damage|p1a: Acnologia|76/100|[from] Stealth Rock
|-ability|p1a: Acnologia|Dark Aura
|turn|30
|
|t:|1667893431
|move|p2a: Arceus|Extreme Speed|p1a: Acnologia
|-damage|p1a: Acnologia|0 fnt
|faint|p1a: Acnologia
|
|win|DarkboiJ
|raw|Lazy#4341 on cord's rating: 1759 &rarr; <strong>1752</strong><br />(-7 for losing)
|raw|DarkboiJ's rating: 2039 &rarr; <strong>2046</strong><br />(+7 for winning)
