|j|☆Petros_Lessa
|j|☆SpookyMareep
|t:|1656813745
|gametype|singles
|player|p1|Petros_Lessa|steven|1426
|player|p2|SpookyMareep|rocketgruntf|1571
|teamsize|p1|6
|teamsize|p2|6
|gen|8
|tier|[Gen 8] National Dex AG
|rated|
|rule|HP Percentage Mod: HP is shown in percentages
|rule|Endless Battle Clause: Forcing endless battles is banned
|clearpoke
|poke|p1|Dragapult, M|
|poke|p1|Necrozma-Dusk-Mane|
|poke|p1|Tyranitar, F|
|poke|p1|Cinderace, M|
|poke|p1|Arceus-*|
|poke|p1|Groudon|
|poke|p2|Ditto|
|poke|p2|Marshadow|
|poke|p2|Toxapex, F|
|poke|p2|Shedinja|
|poke|p2|Quagsire, M|
|poke|p2|Landorus-Therian, M|
|teampreview
|inactive|Battle timer is ON: inactive players will automatically lose when time's up. (requested by Petros_Lessa)
|
|t:|1656813754
|start
|switch|p1a: Gaia Force|Groudon, shiny|100/100
|switch|p2a: xXWingsRippedXx|Marshadow|100/100
|detailschange|p1a: Gaia Force|Groudon-Primal, shiny
|-primal|p1a: Gaia Force
|-weather|DesolateLand|[from] ability: Desolate Land|[of] p1a: Gaia Force
|turn|1
|
|t:|1656813760
|switch|p2a: >1440 ELO TEAM|Landorus-Therian, M|100/100
|-ability|p2a: >1440 ELO TEAM|Intimidate|boost
|-unboost|p1a: Gaia Force|atk|1
|move|p1a: Gaia Force|Thunder Wave|p2a: >1440 ELO TEAM
|-immune|p2a: >1440 ELO TEAM
|
|-weather|DesolateLand|[upkeep]
|upkeep
|turn|2
|
|t:|1656813769
|move|p2a: >1440 ELO TEAM|Earthquake|p1a: Gaia Force
|-supereffective|p1a: Gaia Force
|-damage|p1a: Gaia Force|38/100
|move|p1a: Gaia Force|Heat Crash|p2a: >1440 ELO TEAM
|-crit|p2a: >1440 ELO TEAM
|-damage|p2a: >1440 ELO TEAM|0 fnt
|faint|p2a: >1440 ELO TEAM
|
|-weather|DesolateLand|[upkeep]
|upkeep
|
|t:|1656813783
|switch|p2a: Zacian is bad|Ditto|100/100
|-transform|p2a: Zacian is bad|p1a: Gaia Force|[from] ability: Imposter
|turn|3
|
|t:|1656813787
|move|p2a: Zacian is bad|Precipice Blades|p1a: Gaia Force
|-supereffective|p1a: Gaia Force
|-damage|p1a: Gaia Force|0 fnt
|faint|p1a: Gaia Force
|
|-weather|DesolateLand|[upkeep]
|upkeep
|
|t:|1656813801
|switch|p1a: RKS|Arceus, shiny|100/100
|turn|4
|
|t:|1656813817
|move|p1a: RKS|Toxic|p2a: Zacian is bad
|-status|p2a: Zacian is bad|tox
|move|p2a: Zacian is bad|Precipice Blades|p1a: RKS
|-damage|p1a: RKS|62/100
|
|-weather|DesolateLand|[upkeep]
|-heal|p1a: RKS|68/100|[from] item: Leftovers
|-damage|p2a: Zacian is bad|95/100 tox|[from] psn
|upkeep
|turn|5
|
|t:|1656813834
|-weather|none
|switch|p2a: Yakuza|Toxapex, F|100/100
|move|p1a: RKS|Extreme Speed|p2a: Yakuza
|-damage|p2a: Yakuza|82/100
|-damage|p1a: RKS|51/100|[from] item: Rocky Helmet|[of] p2a: Yakuza
|
|-heal|p1a: RKS|57/100|[from] item: Leftovers
|upkeep
|turn|6
|
|t:|1656813843
|switch|p1a: Relusente|Necrozma-Dusk-Mane, shiny|100/100
|move|p2a: Yakuza|Toxic|p1a: Relusente
|-immune|p1a: Relusente
|
|upkeep
|turn|7
|
|t:|1656813855
|switch|p1a: Goenji|Cinderace, M|100/100
|move|p2a: Yakuza|Scald|p1a: Goenji
|-supereffective|p1a: Goenji
|-damage|p1a: Goenji|52/100
|
|upkeep
|turn|8
|
|t:|1656813870
|-start|p1a: Goenji|Dynamax|Gmax
|-heal|p1a: Goenji|52/100|[silent]
|move|p1a: Goenji|Max Airstream|p2a: Yakuza
|-start|p1a: Goenji|typechange|Flying|[from] ability: Libero
|-damage|p2a: Yakuza|44/100
|-boost|p1a: Goenji|spe|1
|move|p2a: Yakuza|Scald|p1a: Goenji
|-damage|p1a: Goenji|41/100
|
|upkeep
|turn|9
|
|t:|1656813883
|move|p1a: Goenji|Max Steelspike|p2a: Yakuza
|-start|p1a: Goenji|typechange|Steel|[from] ability: Libero
|-resisted|p2a: Yakuza
|-damage|p2a: Yakuza|24/100
|-boost|p1a: Goenji|def|1
|move|p2a: Yakuza|Recover|p2a: Yakuza
|-heal|p2a: Yakuza|74/100
|
|upkeep
|turn|10
|
|t:|1656813894
|move|p1a: Goenji|Max Airstream|p2a: Yakuza
|-start|p1a: Goenji|typechange|Flying|[from] ability: Libero
|-damage|p2a: Yakuza|39/100
|-boost|p1a: Goenji|spe|1
|move|p2a: Yakuza|Recover|p2a: Yakuza
|-heal|p2a: Yakuza|89/100
|
|upkeep
|-end|p1a: Goenji|Dynamax
|-heal|p1a: Goenji|41/100|[silent]
|turn|11
|
|t:|1656813900
|move|p1a: Goenji|Bounce||[still]
|-prepare|p1a: Goenji|Bounce
|move|p2a: Yakuza|Scald|p1a: Goenji|[miss]
|-miss|p2a: Yakuza|p1a: Goenji
|
|upkeep
|turn|12
|
|t:|1656813908
|move|p1a: Goenji|Bounce|p2a: Yakuza|[from]lockedmove
|-damage|p2a: Yakuza|53/100
|-damage|p1a: Goenji|24/100|[from] item: Rocky Helmet|[of] p2a: Yakuza
|move|p2a: Yakuza|Scald|p1a: Goenji
|-damage|p1a: Goenji|0 fnt
|faint|p1a: Goenji
|
|upkeep
|
|t:|1656813914
|switch|p1a: Godzilla|Tyranitar, F|100/100
|-weather|Sandstorm|[from] ability: Sand Stream|[of] p1a: Godzilla
|turn|13
|
|t:|1656813931
|detailschange|p1a: Godzilla|Tyranitar-Mega, F
|-mega|p1a: Godzilla|Tyranitar|Tyranitarite
|move|p1a: Godzilla|Stealth Rock|p2a: Yakuza
|-sidestart|p2: SpookyMareep|move: Stealth Rock
|move|p2a: Yakuza|Toxic|p1a: Godzilla
|-status|p1a: Godzilla|tox
|
|-weather|Sandstorm|[upkeep]
|-damage|p2a: Yakuza|47/100|[from] Sandstorm
|-damage|p1a: Godzilla|94/100 tox|[from] psn
|upkeep
|turn|14
|
|t:|1656813937
|move|p1a: Godzilla|Thunder Wave|p2a: Yakuza|[miss]
|-miss|p1a: Godzilla|p2a: Yakuza
|move|p2a: Yakuza|Recover|p2a: Yakuza
|-heal|p2a: Yakuza|98/100
|
|-weather|Sandstorm|[upkeep]
|-damage|p2a: Yakuza|92/100|[from] Sandstorm
|-damage|p1a: Godzilla|82/100 tox|[from] psn
|upkeep
|turn|15
|
|t:|1656813942
|switch|p2a: Zacian is bad|Ditto|95/100 tox
|-damage|p2a: Zacian is bad|82/100 tox|[from] Stealth Rock
|-transform|p2a: Zacian is bad|p1a: Godzilla|[from] ability: Imposter
|move|p1a: Godzilla|Dragon Dance|p1a: Godzilla
|-boost|p1a: Godzilla|atk|1
|-boost|p1a: Godzilla|spe|1
|
|-weather|Sandstorm|[upkeep]
|-damage|p1a: Godzilla|64/100 tox|[from] psn
|-damage|p2a: Zacian is bad|76/100 tox|[from] psn
|upkeep
|turn|16
|
|t:|1656813949
|switch|p2a: Yakuza|Toxapex, F|100/100
|-damage|p2a: Yakuza|88/100|[from] Stealth Rock
|move|p1a: Godzilla|Crunch|p2a: Yakuza
|-damage|p2a: Yakuza|48/100
|-damage|p1a: Godzilla|47/100 tox|[from] item: Rocky Helmet|[of] p2a: Yakuza
|
|-weather|Sandstorm|[upkeep]
|-damage|p2a: Yakuza|42/100|[from] Sandstorm
|-damage|p1a: Godzilla|22/100 tox|[from] psn
|upkeep
|turn|17
|
|t:|1656813954
|switch|p2a: Zacian is bad|Ditto|76/100 tox
|-damage|p2a: Zacian is bad|64/100 tox|[from] Stealth Rock
|-transform|p2a: Zacian is bad|p1a: Godzilla|[from] ability: Imposter
|move|p1a: Godzilla|Crunch|p2a: Zacian is bad
|-resisted|p2a: Zacian is bad
|-damage|p2a: Zacian is bad|32/100 tox
|
|-weather|none
|-damage|p2a: Zacian is bad|26/100 tox|[from] psn
|-damage|p1a: Godzilla|0 fnt|[from] psn
|faint|p1a: Godzilla
|upkeep
|
|t:|1656813969
|switch|p1a: Drake o dragão|Dragapult, M|100/100
|turn|18
|
|t:|1656813974
|switch|p2a: Yakuza|Toxapex, F|75/100
|-damage|p2a: Yakuza|63/100|[from] Stealth Rock
|move|p1a: Drake o dragão|Dragon Darts|p2a: Yakuza
|-damage|p2a: Yakuza|48/100
|-anim|p1a: Drake o dragão|Dragon Darts|p2a: Yakuza
|-damage|p2a: Yakuza|30/100
|
|upkeep
|turn|19
|
|t:|1656813979
|switch|p2a: Yakuza.|Shedinja|100/100
|-damage|p2a: Yakuza.|0 fnt|[from] Stealth Rock
|faint|p2a: Yakuza.
|move|p1a: Drake o dragão|Dragon Darts|p2: Yakuza.|[notarget]
|-fail|p1a: Drake o dragão
|
|upkeep
|
|t:|1656813985
|switch|p2a: xXWingsRippedXx|Marshadow|100/100
|-damage|p2a: xXWingsRippedXx|94/100|[from] Stealth Rock
|turn|20
|
|t:|1656813991
|move|p2a: xXWingsRippedXx|Shadow Sneak|p1a: Drake o dragão
|-supereffective|p1a: Drake o dragão
|-damage|p1a: Drake o dragão|13/100
|move|p1a: Drake o dragão|Phantom Force||[still]
|-prepare|p1a: Drake o dragão|Phantom Force
|
|upkeep
|turn|21
|
|t:|1656814007
|move|p2a: xXWingsRippedXx|Shadow Sneak|p1a: Drake o dragão|[miss]
|-miss|p2a: xXWingsRippedXx|p1a: Drake o dragão
|move|p1a: Drake o dragão|Phantom Force|p2a: xXWingsRippedXx|[from]lockedmove
|-supereffective|p2a: xXWingsRippedXx
|-damage|p2a: xXWingsRippedXx|0 fnt
|faint|p2a: xXWingsRippedXx
|
|upkeep
|
|t:|1656814011
|switch|p2a: Yakuza|Toxapex, F|63/100
|-damage|p2a: Yakuza|51/100|[from] Stealth Rock
|turn|22
|
|t:|1656814016
|move|p1a: Drake o dragão|Dragon Darts|p2a: Yakuza
|-damage|p2a: Yakuza|35/100
|-anim|p1a: Drake o dragão|Dragon Darts|p2a: Yakuza
|-damage|p2a: Yakuza|18/100
|move|p2a: Yakuza|Scald|p1a: Drake o dragão
|-resisted|p1a: Drake o dragão
|-damage|p1a: Drake o dragão|2/100
|-status|p1a: Drake o dragão|brn
|
|-damage|p1a: Drake o dragão|0 fnt|[from] brn
|faint|p1a: Drake o dragão
|upkeep
|
|t:|1656814027
|switch|p1a: Relusente|Necrozma-Dusk-Mane, shiny|100/100
|turn|23
|
|t:|1656814034
|switch|p2a: :)|Quagsire, M|100/100
|-damage|p2a: :)|94/100|[from] Stealth Rock
|move|p1a: Relusente|Earthquake|p2a: :)
|-damage|p2a: :)|66/100
|
|upkeep
|turn|24
|
|t:|1656814040
|switch|p1a: RKS|Arceus, shiny|57/100
|move|p2a: :)|Scald|p1a: RKS
|-damage|p1a: RKS|44/100
|
|-heal|p1a: RKS|50/100|[from] item: Leftovers
|upkeep
|turn|25
|
|t:|1656814069
|move|p1a: RKS|Extreme Speed|p2a: :)
|-damage|p2a: :)|44/100
|-damage|p1a: RKS|33/100|[from] item: Rocky Helmet|[of] p2a: :)
|move|p2a: :)|Toxic|p1a: RKS
|-status|p1a: RKS|tox
|
|-heal|p1a: RKS|39/100 tox|[from] item: Leftovers
|-damage|p1a: RKS|33/100 tox|[from] psn
|upkeep
|turn|26
|
|t:|1656814075
|move|p1a: RKS|Recover|p1a: RKS
|-heal|p1a: RKS|83/100 tox
|move|p2a: :)|Recover|p2a: :)
|-heal|p2a: :)|94/100
|
|-heal|p1a: RKS|89/100 tox|[from] item: Leftovers
|-damage|p1a: RKS|77/100 tox|[from] psn
|upkeep
|turn|27
|
|t:|1656814095
|switch|p2a: Yakuza|Toxapex, F|51/100
|-damage|p2a: Yakuza|39/100|[from] Stealth Rock
|move|p1a: RKS|Toxic|p2a: Yakuza
|-immune|p2a: Yakuza
|
|-heal|p1a: RKS|83/100 tox|[from] item: Leftovers
|-damage|p1a: RKS|65/100 tox|[from] psn
|upkeep
|turn|28
|
|t:|1656814101
|switch|p1a: Relusente|Necrozma-Dusk-Mane, shiny|100/100
|move|p2a: Yakuza|Scald|p1a: Relusente
|-damage|p1a: Relusente|83/100
|
|upkeep
|turn|29
|
|t:|1656814108
|switch|p2a: :)|Quagsire, M|94/100
|-damage|p2a: :)|88/100|[from] Stealth Rock
|move|p1a: Relusente|Earthquake|p2a: :)
|-damage|p2a: :)|60/100
|
|upkeep
|turn|30
|inactive|SpookyMareep has 120 seconds left.
|
|t:|1656814156
|move|p1a: Relusente|Photon Geyser|p2a: :)
|-damage|p2a: :)|15/100
|move|p2a: :)|Scald|p1a: Relusente
|-damage|p1a: Relusente|63/100
|
|upkeep
|turn|31
|
|t:|1656814167
|switch|p2a: Yakuza|Toxapex, F|72/100
|-damage|p2a: Yakuza|60/100|[from] Stealth Rock
|move|p1a: Relusente|Earthquake|p2a: Yakuza
|-supereffective|p2a: Yakuza
|-damage|p2a: Yakuza|6/100
|
|upkeep
|turn|32
|inactive|SpookyMareep has 120 seconds left.
|
|t:|1656814186
|switch|p2a: :)|Quagsire, M|15/100
|-damage|p2a: :)|9/100|[from] Stealth Rock
|move|p1a: Relusente|Earthquake|p2a: :)
|-damage|p2a: :)|0 fnt
|faint|p2a: :)
|
|upkeep
|
|t:|1656814189
|switch|p2a: Zacian is bad|Ditto|26/100 tox
|-damage|p2a: Zacian is bad|14/100 tox|[from] Stealth Rock
|-transform|p2a: Zacian is bad|p1a: Relusente|[from] ability: Imposter
|turn|33
|
|t:|1656814197
|switch|p1a: RKS|Arceus, shiny|65/100 tox
|-start|p2a: Zacian is bad|Dynamax|
|-heal|p2a: Zacian is bad|14/100 tox|[silent]
|move|p2a: Zacian is bad|Max Quake|p1a: RKS
|-damage|p1a: RKS|24/100 tox
|-boost|p2a: Zacian is bad|spd|1
|
|-heal|p1a: RKS|30/100 tox|[from] item: Leftovers
|-damage|p1a: RKS|24/100 tox|[from] psn
|-damage|p2a: Zacian is bad|11/100 tox|[from] psn
|upkeep
|turn|34
|
|t:|1656814207
|move|p1a: RKS|Extreme Speed|p2a: Zacian is bad
|-resisted|p2a: Zacian is bad
|-damage|p2a: Zacian is bad|2/100 tox
|move|p2a: Zacian is bad|Max Quake|p1a: RKS
|-damage|p1a: RKS|0 fnt
|-boost|p2a: Zacian is bad|spd|1
|faint|p1a: RKS
|
|-damage|p2a: Zacian is bad|0 fnt|[from] psn
|faint|p2a: Zacian is bad
|upkeep
|
|t:|1656814214
|switch|p1a: Relusente|Necrozma-Dusk-Mane, shiny|63/100
|switch|p2a: Yakuza|Toxapex, F|39/100
|-damage|p2a: Yakuza|27/100|[from] Stealth Rock
|turn|35
|c|☆SpookyMareep|vwp
|c|☆Petros_Lessa|Gg
|
|t:|1656814221
|detailschange|p1a: Relusente|Necrozma-Ultra, shiny
|-burst|p1a: Relusente|Necrozma|Ultranecrozium Z
|move|p1a: Relusente|Photon Geyser|p2a: Yakuza
|-supereffective|p2a: Yakuza
|-damage|p2a: Yakuza|0 fnt
|faint|p2a: Yakuza
|
|win|Petros_Lessa
|raw|Petros_Lessa's rating: 1426 &rarr; <strong>1455</strong><br />(+29 for winning)
|raw|SpookyMareep's rating: 1596 &rarr; <strong>1567</strong><br />(-29 for losing)
|l|☆SpookyMareep
||Ladder isn't responding, score probably updated but might not have (Request timeout).
