|j|☆agcl6 swas
|j|☆soviet glonk
|inactive|Battle timer is ON: inactive players will automatically lose when time's up.
|t:|1629889190
|gametype|singles
|player|p1|agcl6 swas|cress|
|player|p2|soviet glonk|ghetsis|
|teamsize|p1|6
|teamsize|p2|6
|gen|8
|tier|[Gen 8] National Dex AG
|rated|Tournament battle
|rule|HP Percentage Mod: HP is shown in percentages
|rule|Endless Battle Clause: Forcing endless battles is banned
|clearpoke
|poke|p1|Necrozma-Dusk-Mane|
|poke|p1|Rayquaza|
|poke|p1|Yveltal|
|poke|p1|Eternatus|
|poke|p1|Arceus-*|
|poke|p1|Groudon|
|poke|p2|Arceus-*|
|poke|p2|Zygarde|
|poke|p2|Ho-Oh|
|poke|p2|Zacian-*|
|poke|p2|Yveltal|
|poke|p2|Ferrothorn, F|
|teampreview
|inactive|soviet glonk also wants the timer to be on.
|c|☆soviet glonk|glhf
|c|☆agcl6 swas|u2
|inactive|soviet glonk has 120 seconds left.
|
|t:|1629889222
|start
|switch|p1a: Rayquaza|Rayquaza|100/100
|switch|p2a: Ho-Oh|Ho-Oh|100/100
|-ability|p1a: Rayquaza|Air Lock
|turn|1
|j| Elo Ranch
|j| adhiraj.saini
|inactive|agcl6 swas has 120 seconds left.
|
|t:|1629889261
|detailschange|p1a: Rayquaza|Rayquaza-Mega
|-mega|p1a: Rayquaza|Rayquaza|
|-weather|DeltaStream|[from] ability: Delta Stream|[of] p1a: Rayquaza
|move|p1a: Rayquaza|Dragon Ascent|p2a: Ho-Oh
|-damage|p2a: Ho-Oh|13/100
|-unboost|p1a: Rayquaza|def|1
|-unboost|p1a: Rayquaza|spd|1
|move|p2a: Ho-Oh|Thunder Wave|p1a: Rayquaza
|-status|p1a: Rayquaza|par
|
|-weather|DeltaStream|[upkeep]
|upkeep
|turn|2
|inactive|agcl6 swas has 120 seconds left.
|j| Holy unknown
|inactive|soviet glonk has 120 seconds left.
|inactive|agcl6 swas has 90 seconds left.
|
|t:|1629889314
|switch|p2a: Zygarde|Zygarde|100/100
|move|p1a: Rayquaza|Extreme Speed|p2a: Zygarde
|-damage|p2a: Zygarde|80/100
|
|-weather|DeltaStream|[upkeep]
|-heal|p2a: Zygarde|86/100|[from] item: Leftovers
|upkeep
|turn|3
|inactive|soviet glonk has 90 seconds left.
|inactive|agcl6 swas has 60 seconds left.
|
|t:|1629889364
|-weather|none
|switch|p1a: Arceus|Arceus-Water|100/100
|move|p2a: Zygarde|Thousand Arrows|p1a: Arceus
|-damage|p1a: Arceus|84/100
|
|-heal|p2a: Zygarde|92/100|[from] item: Leftovers
|upkeep
|turn|4
|l| adhiraj.saini
|inactive|soviet glonk has 60 seconds left.
|
|t:|1629889415
|switch|p1a: Eternatus|Eternatus|100/100
|-ability|p1a: Eternatus|Pressure
|switch|p2a: Ferrothorn|Ferrothorn, F|100/100
|
|upkeep
|turn|5
|
|t:|1629889422
|switch|p2a: Ho-Oh|Ho-Oh|46/100
|move|p1a: Eternatus|Toxic Spikes|p2a: Ho-Oh
|-sidestart|p2: soviet glonk|move: Toxic Spikes
|
|upkeep
|turn|6
|
|t:|1629889434
|switch|p1a: Groudon|Groudon|100/100
|detailschange|p1a: Groudon|Groudon-Primal
|-primal|p1a: Groudon
|-weather|DesolateLand|[from] ability: Desolate Land|[of] p1a: Groudon
|move|p2a: Ho-Oh|Thunder Wave|p1a: Groudon
|-immune|p1a: Groudon
|
|-weather|DesolateLand|[upkeep]
|upkeep
|turn|7
|inactive|soviet glonk has 30 seconds left.
|inactive|soviet glonk has 20 seconds left.
|
|t:|1629889477
|switch|p2a: Yveltal|Yveltal|100/100
|-ability|p2a: Yveltal|Dark Aura
|move|p1a: Groudon|Eruption|p2a: Yveltal
|-damage|p2a: Yveltal|0 fnt
|faint|p2a: Yveltal
|
|-weather|DesolateLand|[upkeep]
|upkeep
|inactive|soviet glonk has 25 seconds left this turn.
|inactive|soviet glonk has 20 seconds left.
|c|☆soviet glonk|misclick
|c|☆soviet glonk|eee
|inactive|soviet glonk has 15 seconds left.
|
|t:|1629889488
|switch|p2a: Ho-Oh|Ho-Oh|80/100
|turn|8
|inactive|soviet glonk has 25 seconds left this turn.
|
|t:|1629889491
|move|p1a: Groudon|Stone Edge|p2a: Ho-Oh|[miss]
|-miss|p1a: Groudon|p2a: Ho-Oh
|move|p2a: Ho-Oh|Defog|p1a: Groudon
|-unboost|p1a: Groudon|evasion|1
|-sideend|p2: soviet glonk|Toxic Spikes|[from] move: Defog|[of] p2a: Ho-Oh
|
|-weather|DesolateLand|[upkeep]
|upkeep
|turn|9
|inactive|soviet glonk has 30 seconds left.
|
|t:|1629889498
|switch|p2a: Zygarde|Zygarde|92/100
|move|p1a: Groudon|Eruption|p2a: Zygarde
|-resisted|p2a: Zygarde
|-damage|p2a: Zygarde|34/100
|
|-weather|DesolateLand|[upkeep]
|-heal|p2a: Zygarde|40/100|[from] item: Leftovers
|-activate|p2a: Zygarde|ability: Power Construct
|detailschange|p2a: Zygarde|Zygarde-Complete
|-heal|p2a: Zygarde|60/100|[silent]
|upkeep
|turn|10
|
|t:|1629889507
|-weather|none
|switch|p1a: Arceus|Arceus-Water|84/100
|move|p2a: Zygarde|Rest|p2a: Zygarde
|-status|p2a: Zygarde|slp|[from] move: Rest
|-heal|p2a: Zygarde|100/100 slp|[silent]
|
|upkeep
|turn|11
|
|t:|1629889521
|switch|p1a: Eternatus|Eternatus|100/100
|-ability|p1a: Eternatus|Pressure
|switch|p2a: Ferrothorn|Ferrothorn, F|100/100
|
|upkeep
|turn|12
|
|t:|1629889533
|move|p1a: Eternatus|Flamethrower|p2a: Ferrothorn
|-supereffective|p2a: Ferrothorn
|-damage|p2a: Ferrothorn|29/100
|move|p2a: Ferrothorn|Stealth Rock|p1a: Eternatus
|-sidestart|p1: agcl6 swas|move: Stealth Rock
|
|-heal|p2a: Ferrothorn|35/100|[from] item: Leftovers
|upkeep
|turn|13
|
|t:|1629889544
|move|p1a: Eternatus|Sludge Bomb|p2a: Ferrothorn
|-immune|p2a: Ferrothorn
|move|p2a: Ferrothorn|Knock Off|p1a: Eternatus
|-damage|p1a: Eternatus|90/100
|
|-heal|p2a: Ferrothorn|41/100|[from] item: Leftovers
|upkeep
|turn|14
|inactive|soviet glonk has 30 seconds left.
|
|t:|1629889562
|switch|p2a: Zygarde|Zygarde-Complete|100/100 slp
|move|p1a: Eternatus|Flamethrower|p2a: Zygarde
|-resisted|p2a: Zygarde
|-damage|p2a: Zygarde|92/100 slp
|
|-heal|p2a: Zygarde|98/100 slp|[from] item: Leftovers
|upkeep
|turn|15
|
|t:|1629889570
|move|p1a: Eternatus|Toxic Spikes|p2a: Zygarde
|-sidestart|p2: soviet glonk|move: Toxic Spikes
|cant|p2a: Zygarde|slp
|
|-heal|p2a: Zygarde|100/100 slp|[from] item: Leftovers
|upkeep
|turn|16
|
|t:|1629889574
|move|p1a: Eternatus|Toxic Spikes|p2a: Zygarde
|-sidestart|p2: soviet glonk|move: Toxic Spikes
|cant|p2a: Zygarde|slp
|
|upkeep
|turn|17
|
|t:|1629889579
|switch|p1a: Arceus|Arceus-Water|84/100
|-damage|p1a: Arceus|72/100|[from] Stealth Rock
|-curestatus|p2a: Zygarde|slp|[msg]
|move|p2a: Zygarde|Thousand Arrows|p1a: Arceus
|-damage|p1a: Arceus|55/100
|
|upkeep
|turn|18
|l| Elo Ranch
|inactive|soviet glonk has 60 seconds left.
|
|t:|1629889590
|-start|p2a: Zygarde|Dynamax
|-heal|p2a: Zygarde|100/100|[silent]
|move|p1a: Arceus|Safeguard|p1a: Arceus
|-sidestart|p1: agcl6 swas|Safeguard
|move|p2a: Zygarde|Max Quake|p1a: Arceus
|-crit|p1a: Arceus
|-damage|p1a: Arceus|24/100
|-boost|p2a: Zygarde|spd|1
|
|upkeep
|turn|19
|inactive|soviet glonk has 60 seconds left.
|
|t:|1629889600
|switch|p1a: Yveltal|Yveltal|100/100
|-ability|p1a: Yveltal|Dark Aura
|move|p2a: Zygarde|Max Quake|p1a: Yveltal
|-immune|p1a: Yveltal
|
|upkeep
|turn|20
|
|t:|1629889605
|move|p2a: Zygarde|Max Guard|p2a: Zygarde
|-singleturn|p2a: Zygarde|Max Guard
|move|p1a: Yveltal|Foul Play|p2a: Zygarde
|-activate|p2a: Zygarde|move: Max Guard
|
|-end|p2a: Zygarde|Dynamax
|-heal|p2a: Zygarde|100/100|[silent]
|upkeep
|turn|21
|
|t:|1629889614
|move|p1a: Yveltal|Foul Play|p2a: Zygarde
|-damage|p2a: Zygarde|85/100
|move|p2a: Zygarde|Thousand Arrows|p1a: Yveltal
|-damage|p1a: Yveltal|74/100
|-start|p1a: Yveltal|Smack Down
|
|-heal|p2a: Zygarde|91/100|[from] item: Leftovers
|upkeep
|turn|22
|
|t:|1629889626
|move|p1a: Yveltal|Foul Play|p2a: Zygarde
|-damage|p2a: Zygarde|76/100
|move|p2a: Zygarde|Thousand Arrows|p1a: Yveltal
|-damage|p1a: Yveltal|50/100
|
|-heal|p2a: Zygarde|82/100|[from] item: Leftovers
|-sideend|p1: agcl6 swas|Safeguard
|upkeep
|turn|23
|
|t:|1629889633
|move|p1a: Yveltal|Roost|p1a: Yveltal
|-heal|p1a: Yveltal|100/100
|-singleturn|p1a: Yveltal|move: Roost
|move|p2a: Zygarde|Glare|p1a: Yveltal
|-status|p1a: Yveltal|par
|
|-heal|p2a: Zygarde|88/100|[from] item: Leftovers
|upkeep
|turn|24
|
|t:|1629889647
|move|p2a: Zygarde|Thousand Arrows|p1a: Yveltal
|-damage|p1a: Yveltal|75/100 par
|cant|p1a: Yveltal|par
|
|-heal|p2a: Zygarde|94/100|[from] item: Leftovers
|upkeep
|turn|25
|
|t:|1629889658
|move|p2a: Zygarde|Thousand Arrows|p1a: Yveltal
|-damage|p1a: Yveltal|53/100 par
|move|p1a: Yveltal|Roost|p1a: Yveltal
|-heal|p1a: Yveltal|100/100 par
|-singleturn|p1a: Yveltal|move: Roost
|
|-heal|p2a: Zygarde|99/100|[from] item: Leftovers
|upkeep
|turn|26
|inactive|soviet glonk has 90 seconds left.
|
|t:|1629889668
|switch|p2a: Ho-Oh|Ho-Oh|100/100
|move|p1a: Yveltal|Snarl|p2a: Ho-Oh
|-damage|p2a: Ho-Oh|85/100
|-unboost|p2a: Ho-Oh|spa|1
|
|upkeep
|turn|27
|
|t:|1629889675
|move|p2a: Ho-Oh|Defog|p1a: Yveltal
|-unboost|p1a: Yveltal|evasion|1
|-sideend|p1: agcl6 swas|Stealth Rock|[from] move: Defog|[of] p2a: Ho-Oh
|-sideend|p2: soviet glonk|Toxic Spikes|[from] move: Defog|[of] p2a: Ho-Oh
|move|p1a: Yveltal|Foul Play|p2a: Ho-Oh
|-damage|p2a: Ho-Oh|40/100
|
|upkeep
|turn|28
|
|t:|1629889689
|switch|p2a: Zacian|Zacian-Crowned|100/100
|-ability|p2a: Zacian|Intrepid Sword|boost
|-boost|p2a: Zacian|atk|1
|switch|p1a: Rayquaza|Rayquaza-Mega|100/100 par
|-weather|DeltaStream|[from] ability: Delta Stream|[of] p1a: Rayquaza
|
|-weather|DeltaStream|[upkeep]
|upkeep
|turn|29
|l| Holy unknown
|
|t:|1629889700
|-weather|none
|switch|p1a: Necrozma|Necrozma-Dusk-Mane|100/100
|move|p2a: Zacian|Behemoth Blade|p1a: Necrozma
|-resisted|p1a: Necrozma
|-damage|p1a: Necrozma|71/100
|
|upkeep
|turn|30
|
|t:|1629889713
|move|p2a: Zacian|Swords Dance|p2a: Zacian
|-boost|p2a: Zacian|atk|2
|move|p1a: Necrozma|Morning Sun|p1a: Necrozma
|-heal|p1a: Necrozma|100/100
|
|upkeep
|turn|31
|
|t:|1629889724
|-start|p1a: Necrozma|Dynamax
|-heal|p1a: Necrozma|100/100|[silent]
|move|p2a: Zacian|Swords Dance|p2a: Zacian
|-boost|p2a: Zacian|atk|2
|move|p1a: Necrozma|Max Steelspike|p2a: Zacian
|-crit|p2a: Zacian
|-damage|p2a: Zacian|10/100
|-boost|p1a: Necrozma|def|1
|
|upkeep
|turn|32
|
|t:|1629889732
|move|p2a: Zacian|Close Combat|p1a: Necrozma
|-damage|p1a: Necrozma|64/100
|-unboost|p2a: Zacian|def|1
|-unboost|p2a: Zacian|spd|1
|move|p1a: Necrozma|Max Quake|p2a: Zacian
|-supereffective|p2a: Zacian
|-damage|p2a: Zacian|0 fnt
|-boost|p1a: Necrozma|spd|1
|faint|p2a: Zacian
|
|upkeep
|
|t:|1629889742
|switch|p2a: Zygarde|Zygarde-Complete|99/100
|turn|33
|
|t:|1629889748
|-end|p1a: Necrozma|Dynamax
|-heal|p1a: Necrozma|64/100|[silent]
|switch|p1a: Yveltal|Yveltal|100/100 par
|-ability|p1a: Yveltal|Dark Aura
|move|p2a: Zygarde|Thousand Arrows|p1a: Yveltal
|-damage|p1a: Yveltal|75/100 par
|-start|p1a: Yveltal|Smack Down
|
|-heal|p2a: Zygarde|100/100|[from] item: Leftovers
|upkeep
|turn|34
|
|t:|1629889756
|move|p2a: Zygarde|Rest|p2a: Zygarde
|-fail|p2a: Zygarde|heal
|move|p1a: Yveltal|Foul Play|p2a: Zygarde
|-damage|p2a: Zygarde|84/100
|
|-heal|p2a: Zygarde|90/100|[from] item: Leftovers
|upkeep
|turn|35
|
|t:|1629889763
|switch|p2a: Ferrothorn|Ferrothorn, F|41/100
|move|p1a: Yveltal|Snarl|p2a: Ferrothorn
|-damage|p2a: Ferrothorn|21/100
|-unboost|p2a: Ferrothorn|spa|1
|
|-heal|p2a: Ferrothorn|27/100|[from] item: Leftovers
|upkeep
|turn|36
|inactive|soviet glonk has 120 seconds left.
|
|t:|1629889774
|switch|p1a: Eternatus|Eternatus|90/100
|-ability|p1a: Eternatus|Pressure
|move|p2a: Ferrothorn|Stealth Rock|p1a: Eternatus
|-sidestart|p1: agcl6 swas|move: Stealth Rock
|
|-heal|p2a: Ferrothorn|33/100|[from] item: Leftovers
|upkeep
|turn|37
|
|t:|1629889780
|move|p1a: Eternatus|Flamethrower|p2a: Ferrothorn
|-supereffective|p2a: Ferrothorn
|-damage|p2a: Ferrothorn|0 fnt
|faint|p2a: Ferrothorn
|
|upkeep
|
|t:|1629889785
|switch|p2a: Arceus|Arceus|100/100
|turn|38
|
|t:|1629889796
|switch|p1a: Yveltal|Yveltal|75/100 par
|-ability|p1a: Yveltal|Dark Aura
|move|p2a: Arceus|Swords Dance|p2a: Arceus
|-boost|p2a: Arceus|atk|2
|
|upkeep
|turn|39
|
|t:|1629889802
|move|p2a: Arceus|Extreme Speed|p1a: Yveltal
|-damage|p1a: Yveltal|6/100 par
|move|p1a: Yveltal|Foul Play|p2a: Arceus
|-damage|p2a: Arceus|0 fnt
|faint|p2a: Arceus
|
|upkeep
|
|t:|1629889806
|switch|p2a: Zygarde|Zygarde-Complete|90/100
|turn|40
|
|t:|1629889813
|switch|p1a: Arceus|Arceus-Water|24/100
|-damage|p1a: Arceus|11/100|[from] Stealth Rock
|move|p2a: Zygarde|Thousand Arrows|p1a: Arceus
|-damage|p1a: Arceus|0 fnt
|faint|p1a: Arceus
|
|-heal|p2a: Zygarde|97/100|[from] item: Leftovers
|upkeep
|c|☆soviet glonk|ggs
|
|t:|1629889822
|switch|p1a: Necrozma|Necrozma-Dusk-Mane|64/100
|-damage|p1a: Necrozma|58/100|[from] Stealth Rock
|turn|41
|
|t:|1629889824
|move|p2a: Zygarde|Thousand Arrows|p1a: Necrozma
|-supereffective|p1a: Necrozma
|-damage|p1a: Necrozma|35/100
|-enditem|p1a: Necrozma|Weakness Policy
|-boost|p1a: Necrozma|atk|2|[from] item: Weakness Policy
|-boost|p1a: Necrozma|spa|2|[from] item: Weakness Policy
|move|p1a: Necrozma|Morning Sun|p1a: Necrozma
|-heal|p1a: Necrozma|85/100
|
|-heal|p2a: Zygarde|100/100|[from] item: Leftovers
|upkeep
|turn|42
|
|t:|1629889831
|move|p2a: Zygarde|Rest|p2a: Zygarde
|-fail|p2a: Zygarde|heal
|move|p1a: Necrozma|Dragon Dance|p1a: Necrozma
|-boost|p1a: Necrozma|atk|1
|-boost|p1a: Necrozma|spe|1
|
|upkeep
|turn|43
|
|t:|1629889834
|move|p1a: Necrozma|Sunsteel Strike|p2a: Zygarde
|-damage|p2a: Zygarde|55/100
|move|p2a: Zygarde|Haze|p2a: Zygarde
|-clearallboost
|
|-heal|p2a: Zygarde|61/100|[from] item: Leftovers
|upkeep
|turn|44
|
|t:|1629889840
|move|p2a: Zygarde|Rest|p2a: Zygarde
|-status|p2a: Zygarde|slp|[from] move: Rest
|-heal|p2a: Zygarde|100/100 slp|[silent]
|move|p1a: Necrozma|Dragon Dance|p1a: Necrozma
|-boost|p1a: Necrozma|atk|1
|-boost|p1a: Necrozma|spe|1
|
|upkeep
|turn|45
|j| Lucas86488
|
|t:|1629889846
|move|p1a: Necrozma|Dragon Dance|p1a: Necrozma
|-boost|p1a: Necrozma|atk|1
|-boost|p1a: Necrozma|spe|1
|cant|p2a: Zygarde|slp
|
|upkeep
|turn|46
|
|t:|1629889850
|move|p1a: Necrozma|Dragon Dance|p1a: Necrozma
|-boost|p1a: Necrozma|atk|1
|-boost|p1a: Necrozma|spe|1
|cant|p2a: Zygarde|slp
|
|upkeep
|turn|47
|
|t:|1629889855
|move|p1a: Necrozma|Sunsteel Strike|p2a: Zygarde
|-damage|p2a: Zygarde|55/100 slp
|-curestatus|p2a: Zygarde|slp|[msg]
|move|p2a: Zygarde|Haze|p2a: Zygarde
|-clearallboost
|
|-heal|p2a: Zygarde|61/100|[from] item: Leftovers
|upkeep
|turn|48
|
|t:|1629889861
|move|p2a: Zygarde|Glare|p1a: Necrozma
|-status|p1a: Necrozma|par
|move|p1a: Necrozma|Sunsteel Strike|p2a: Zygarde
|-crit|p2a: Zygarde
|-damage|p2a: Zygarde|35/100
|
|-heal|p2a: Zygarde|41/100|[from] item: Leftovers
|upkeep
|turn|49
|
|t:|1629889867
|switch|p1a: Groudon|Groudon-Primal|100/100
|-damage|p1a: Groudon|88/100|[from] Stealth Rock
|-weather|DesolateLand|[from] ability: Desolate Land|[of] p1a: Groudon
|move|p2a: Zygarde|Rest|p2a: Zygarde
|-status|p2a: Zygarde|slp|[from] move: Rest
|-heal|p2a: Zygarde|100/100 slp|[silent]
|
|-weather|DesolateLand|[upkeep]
|upkeep
|turn|50
|l| Lucas86488
|inactive|soviet glonk has 120 seconds left.
|
|t:|1629889900
|move|p1a: Groudon|Solar Beam||[still]
|-prepare|p1a: Groudon|Solar Beam
|-anim|p1a: Groudon|Solar Beam|p2a: Zygarde
|-damage|p2a: Zygarde|77/100 slp
|cant|p2a: Zygarde|slp
|
|-weather|DesolateLand|[upkeep]
|-heal|p2a: Zygarde|83/100 slp|[from] item: Leftovers
|upkeep
|turn|51
|
|t:|1629889906
|move|p1a: Groudon|Eruption|p2a: Zygarde
|-resisted|p2a: Zygarde
|-damage|p2a: Zygarde|53/100 slp
|cant|p2a: Zygarde|slp
|
|-weather|DesolateLand|[upkeep]
|-heal|p2a: Zygarde|59/100 slp|[from] item: Leftovers
|upkeep
|turn|52
|
|t:|1629889916
|-weather|none
|switch|p1a: Necrozma|Necrozma-Dusk-Mane|85/100 par
|-damage|p1a: Necrozma|79/100 par|[from] Stealth Rock
|-curestatus|p2a: Zygarde|slp|[msg]
|move|p2a: Zygarde|Thousand Arrows|p1a: Necrozma
|-supereffective|p1a: Necrozma
|-damage|p1a: Necrozma|53/100 par
|
|-heal|p2a: Zygarde|65/100|[from] item: Leftovers
|upkeep
|turn|53
|
|t:|1629889931
|move|p2a: Zygarde|Haze|p2a: Zygarde
|-clearallboost
|move|p1a: Necrozma|Morning Sun|p1a: Necrozma
|-heal|p1a: Necrozma|100/100 par
|
|-heal|p2a: Zygarde|71/100|[from] item: Leftovers
|upkeep
|turn|54
|
|t:|1629889937
|move|p2a: Zygarde|Haze|p2a: Zygarde
|-clearallboost
|move|p1a: Necrozma|Sunsteel Strike|p2a: Zygarde
|-damage|p2a: Zygarde|55/100
|
|-heal|p2a: Zygarde|61/100|[from] item: Leftovers
|upkeep
|turn|55
|
|t:|1629889940
|move|p2a: Zygarde|Rest|p2a: Zygarde
|-status|p2a: Zygarde|slp|[from] move: Rest
|-heal|p2a: Zygarde|100/100 slp|[silent]
|cant|p1a: Necrozma|par
|
|upkeep
|turn|56
|
|t:|1629889947
|switch|p1a: Yveltal|Yveltal|6/100 par
|-ability|p1a: Yveltal|Dark Aura
|cant|p2a: Zygarde|slp
|
|upkeep
|turn|57
|j| Frontier_Champion
|c| Frontier_Champion|how long has this been going on
|c|☆agcl6 swas|57 turns
|inactive|soviet glonk has 120 seconds left.
|c| Frontier_Champion|oh god
|
|t:|1629889999
|cant|p2a: Zygarde|slp
|cant|p1a: Yveltal|par
|
|upkeep
|turn|58
|
|t:|1629890007
|switch|p1a: Necrozma|Necrozma-Dusk-Mane|100/100 par
|-damage|p1a: Necrozma|94/100 par|[from] Stealth Rock
|-curestatus|p2a: Zygarde|slp|[msg]
|move|p2a: Zygarde|Thousand Arrows|p1a: Necrozma
|-supereffective|p1a: Necrozma
|-damage|p1a: Necrozma|69/100 par
|
|upkeep
|turn|59
|
|t:|1629890018
|move|p2a: Zygarde|Rest|p2a: Zygarde
|-fail|p2a: Zygarde|heal
|move|p1a: Necrozma|Morning Sun|p1a: Necrozma
|-heal|p1a: Necrozma|100/100 par
|
|upkeep
|turn|60
|c|☆soviet glonk|gonna run out of pp
|j|@icemaster
|l|@icemaster
|inactive|agcl6 swas has 120 seconds left.
|
|t:|1629890054
|move|p2a: Zygarde|Haze|p2a: Zygarde
|-clearallboost
|move|p1a: Necrozma|Sunsteel Strike|p2a: Zygarde
|-damage|p2a: Zygarde|81/100
|
|-heal|p2a: Zygarde|88/100|[from] item: Leftovers
|upkeep
|turn|61
|inactive|soviet glonk has 120 seconds left.
|
|t:|1629890074
|move|p2a: Zygarde|Thousand Arrows|p1a: Necrozma
|-supereffective|p1a: Necrozma
|-damage|p1a: Necrozma|75/100 par
|move|p1a: Necrozma|Earthquake|p2a: Zygarde
|-damage|p2a: Zygarde|77/100
|
|-heal|p2a: Zygarde|83/100|[from] item: Leftovers
|upkeep
|turn|62
|
|t:|1629890090
|switch|p2a: Ho-Oh|Ho-Oh|74/100
|cant|p1a: Necrozma|par
|
|upkeep
|turn|63
|
|t:|1629890095
|switch|p1a: Groudon|Groudon-Primal|88/100
|-damage|p1a: Groudon|76/100|[from] Stealth Rock
|-weather|DesolateLand|[from] ability: Desolate Land|[of] p1a: Groudon
|move|p2a: Ho-Oh|Sacred Fire|p1a: Groudon
|-resisted|p1a: Groudon
|-damage|p1a: Groudon|54/100
|
|-weather|DesolateLand|[upkeep]
|upkeep
|turn|64
|
|t:|1629890109
|switch|p2a: Zygarde|Zygarde-Complete|83/100
|move|p1a: Groudon|Eruption|p2a: Zygarde
|-resisted|p2a: Zygarde
|-damage|p2a: Zygarde|63/100
|
|-weather|DesolateLand|[upkeep]
|-heal|p2a: Zygarde|69/100|[from] item: Leftovers
|upkeep
|turn|65
|
|t:|1629890117
|-weather|none
|switch|p1a: Necrozma|Necrozma-Dusk-Mane|75/100 par
|-damage|p1a: Necrozma|69/100 par|[from] Stealth Rock
|move|p2a: Zygarde|Thousand Arrows|p1a: Necrozma
|-supereffective|p1a: Necrozma
|-damage|p1a: Necrozma|45/100 par
|
|-heal|p2a: Zygarde|75/100|[from] item: Leftovers
|upkeep
|turn|66
|inactive|soviet glonk has 120 seconds left.
|c|☆soviet glonk|last pp of thousand arrows left
|
|t:|1629890139
|move|p2a: Zygarde|Rest|p2a: Zygarde
|-status|p2a: Zygarde|slp|[from] move: Rest
|-heal|p2a: Zygarde|100/100 slp|[silent]
|move|p1a: Necrozma|Morning Sun|p1a: Necrozma
|-heal|p1a: Necrozma|95/100 par
|
|upkeep
|turn|67
|c| Frontier_Champion|lies
|c|☆soviet glonk|tru
|c| Frontier_Champion|you have 3 left
|c|☆agcl6 swas|3 left
|c|☆soviet glonk|nah
|c|☆soviet glonk|1
|c| Frontier_Champion|3
|c|☆soviet glonk|1
|c|☆agcl6 swas|actually yes
|c|☆soviet glonk|bruh
|c|☆agcl6 swas|two max quakes
|inactive|soviet glonk has 90 seconds left.
|c|☆agcl6 swas|not correctly shown in screen tho
|c|☆soviet glonk|so much mistrust :9
|
|t:|1629890182
|switch|p1a: Yveltal|Yveltal|6/100 par
|-ability|p1a: Yveltal|Dark Aura
|cant|p2a: Zygarde|slp
|
|upkeep
|turn|68
|
|t:|1629890187
|cant|p2a: Zygarde|slp
|move|p1a: Yveltal|Roost|p1a: Yveltal
|-heal|p1a: Yveltal|56/100 par
|-singleturn|p1a: Yveltal|move: Roost
|
|upkeep
|turn|69
|c| Frontier_Champion|:P
|
|t:|1629890191
|-curestatus|p2a: Zygarde|slp|[msg]
|move|p2a: Zygarde|Thousand Arrows|p1a: Yveltal
|-damage|p1a: Yveltal|33/100 par
|-start|p1a: Yveltal|Smack Down
|move|p1a: Yveltal|Roost|p1a: Yveltal
|-heal|p1a: Yveltal|83/100 par
|-singleturn|p1a: Yveltal|move: Roost
|
|upkeep
|turn|70
|j| Jordigiri
|inactive|soviet glonk has 90 seconds left.
|c|☆soviet glonk|gone
|
|t:|1629890222
|move|p2a: Zygarde|Haze|p2a: Zygarde
|-clearallboost
|move|p1a: Yveltal|Defog|p2a: Zygarde
|-unboost|p2a: Zygarde|evasion|1
|-sideend|p1: agcl6 swas|Stealth Rock|[from] move: Defog|[of] p1a: Yveltal
|
|upkeep
|turn|71
|
|t:|1629890233
|switch|p1a: Rayquaza|Rayquaza-Mega|100/100 par
|-weather|DeltaStream|[from] ability: Delta Stream|[of] p1a: Rayquaza
|move|p2a: Zygarde|Haze|p2a: Zygarde
|-clearallboost
|
|-weather|DeltaStream|[upkeep]
|upkeep
|turn|72
|c|☆agcl6 swas|time for dragon ascenting till this thing dies
|inactive|soviet glonk has 60 seconds left.
|
|t:|1629890265
|move|p2a: Zygarde|Rest|p2a: Zygarde
|-fail|p2a: Zygarde|heal
|move|p1a: Rayquaza|Dragon Dance|p1a: Rayquaza
|-boost|p1a: Rayquaza|atk|1
|-boost|p1a: Rayquaza|spe|1
|
|-weather|DeltaStream|[upkeep]
|upkeep
|turn|73
|inactive|soviet glonk has 60 seconds left.
|
|t:|1629890284
|move|p1a: Rayquaza|Dragon Ascent|p2a: Zygarde
|-damage|p2a: Zygarde|46/100
|-unboost|p1a: Rayquaza|def|1
|-unboost|p1a: Rayquaza|spd|1
|move|p2a: Zygarde|Haze|p2a: Zygarde
|-clearallboost
|
|-weather|DeltaStream|[upkeep]
|-heal|p2a: Zygarde|52/100|[from] item: Leftovers
|upkeep
|turn|74
|
|t:|1629890292
|move|p2a: Zygarde|Rest|p2a: Zygarde
|-status|p2a: Zygarde|slp|[from] move: Rest
|-heal|p2a: Zygarde|100/100 slp|[silent]
|cant|p1a: Rayquaza|par
|
|-weather|DeltaStream|[upkeep]
|upkeep
|turn|75
|inactive|soviet glonk has 60 seconds left.
|inactive|soviet glonk has 30 seconds left.
|inactive|soviet glonk has 20 seconds left.
|inactive|soviet glonk has 15 seconds left.
|inactive|soviet glonk has 10 seconds left.
|inactive|soviet glonk has 5 seconds left.
|-message|soviet glonk lost due to inactivity.
|
|win|agcl6 swas
|n|☆agcl6 swas|agcl6swas
|n|☆soviet glonk|sovietglonk
|n| Frontier_Champion|frontierchampion
|n| Jordigiri|jordigiri
|c|☆agcl6 swas|gg
|l|☆agcl6 swas
|l| Jordigiri
|c| Frontier_Champion|gg
|l| Frontier_Champion
|c|☆soviet glonk|my mama called for me
