|j|☆meepacman
|j|☆abhi1234567
|t:|1625900525
|gametype|singles
|player|p1|meepacman|170|1350
|player|p2|abhi1234567|ghetsis-gen5bw|1639
|teamsize|p1|6
|teamsize|p2|6
|gen|8
|tier|[Gen 8] National Dex AG
|rated|
|rule|HP Percentage Mod: HP is shown in percentages
|rule|Endless Battle Clause: Forcing endless battles is banned
|clearpoke
|poke|p1|Kecleon, F|
|poke|p1|Salamence, M|
|poke|p1|Thundurus, M|
|poke|p1|Aerodactyl, M|
|poke|p1|Corsola-Galar, F|
|poke|p1|Barraskewda, M|
|poke|p2|Zacian-*|
|poke|p2|Groudon|
|poke|p2|Calyrex-Shadow|
|poke|p2|Slurpuff, F|
|poke|p2|Ditto|
|poke|p2|Rayquaza|
|teampreview
|
|t:|1625900545
|start
|switch|p1a: Barraskewda|Barraskewda, M|100/100
|switch|p2a: Slurpuff|Slurpuff, F|100/100
|turn|1
|
|t:|1625900552
|move|p1a: Barraskewda|Liquidation|p2a: Slurpuff
|-enditem|p2a: Slurpuff|Focus Sash
|-damage|p2a: Slurpuff|1/100
|-unboost|p2a: Slurpuff|def|1
|move|p2a: Slurpuff|Sticky Web|p1a: Barraskewda
|-sidestart|p1: meepacman|move: Sticky Web
|
|upkeep
|turn|2
|
|t:|1625900561
|move|p2a: Slurpuff|Endeavor|p1a: Barraskewda
|-damage|p1a: Barraskewda|1/100
|move|p1a: Barraskewda|Liquidation|p2a: Slurpuff
|-damage|p2a: Slurpuff|0 fnt
|faint|p2a: Slurpuff
|
|upkeep
|
|t:|1625900567
|switch|p2a: Calyrex|Calyrex-Shadow|100/100
|-ability|p2a: Calyrex|As One
|-ability|p2a: Calyrex|Unnerve
|turn|3
|
|t:|1625900578
|switch|p1a: Kecleon|Kecleon, F|100/100
|-activate|p1a: Kecleon|move: Sticky Web
|-unboost|p1a: Kecleon|spe|1
|move|p2a: Calyrex|Astral Barrage|p1a: Kecleon
|-immune|p1a: Kecleon
|
|upkeep
|turn|4
|
|t:|1625900587
|-start|p2a: Calyrex|Dynamax
|-heal|p2a: Calyrex|100/100|[silent]
|move|p1a: Kecleon|Sucker Punch|p2a: Calyrex
|-start|p1a: Kecleon|typechange|Dark|[from] ability: Protean
|-supereffective|p2a: Calyrex
|-damage|p2a: Calyrex|8/100
|-damage|p1a: Kecleon|91/100|[from] item: Life Orb
|move|p2a: Calyrex|Max Mindstorm|p1a: Kecleon
|-immune|p1a: Kecleon
|
|upkeep
|turn|5
|
|t:|1625900598
|-end|p2a: Calyrex|Dynamax
|-heal|p2a: Calyrex|8/100|[silent]
|switch|p2a: Zacian|Zacian-Crowned|100/100
|-ability|p2a: Zacian|Intrepid Sword|boost
|-boost|p2a: Zacian|atk|1
|move|p1a: Kecleon|Shadow Sneak|p2a: Zacian
|-start|p1a: Kecleon|typechange|Ghost|[from] ability: Protean
|-damage|p2a: Zacian|77/100
|-damage|p1a: Kecleon|81/100|[from] item: Life Orb
|
|upkeep
|turn|6
|
|t:|1625900611
|switch|p1a: Thundurus|Thundurus, M|100/100
|move|p2a: Zacian|Behemoth Blade|p1a: Thundurus
|-resisted|p1a: Thundurus
|-damage|p1a: Thundurus|45/100
|
|-heal|p1a: Thundurus|51/100|[from] item: Leftovers
|upkeep
|turn|7
|
|t:|1625900627
|switch|p2a: Groudon|Groudon|100/100
|detailschange|p2a: Groudon|Groudon-Primal
|-primal|p2a: Groudon
|-weather|DesolateLand|[from] ability: Desolate Land|[of] p2a: Groudon
|move|p1a: Thundurus|Thunder Wave|p2a: Groudon
|-immune|p2a: Groudon
|
|-weather|DesolateLand|[upkeep]
|-heal|p1a: Thundurus|57/100|[from] item: Leftovers
|upkeep
|turn|8
|
|t:|1625900639
|move|p1a: Thundurus|Defog|p2a: Groudon
|-unboost|p2a: Groudon|evasion|1
|-sideend|p1: meepacman|Sticky Web|[from] move: Defog|[of] p1a: Thundurus
|move|p2a: Groudon|Swords Dance|p2a: Groudon
|-boost|p2a: Groudon|atk|2
|
|-weather|DesolateLand|[upkeep]
|-heal|p1a: Thundurus|63/100|[from] item: Leftovers
|upkeep
|turn|9
|
|t:|1625900659
|move|p2a: Groudon|Fire Punch|p1a: Thundurus
|-damage|p1a: Thundurus|0 fnt
|faint|p1a: Thundurus
|
|-weather|DesolateLand|[upkeep]
|upkeep
|
|t:|1625900669
|switch|p1a: Aerodactyl|Aerodactyl, M|100/100
|turn|10
|
|t:|1625900674
|detailschange|p1a: Aerodactyl|Aerodactyl-Mega, M
|-mega|p1a: Aerodactyl|Aerodactyl|Aerodactylite
|move|p1a: Aerodactyl|Earthquake|p2a: Groudon
|-supereffective|p2a: Groudon
|-damage|p2a: Groudon|53/100
|move|p2a: Groudon|Hammer Arm|p1a: Aerodactyl
|-damage|p1a: Aerodactyl|0 fnt
|-unboost|p2a: Groudon|spe|1
|faint|p1a: Aerodactyl
|
|-weather|DesolateLand|[upkeep]
|upkeep
|
|t:|1625900686
|switch|p1a: Barraskewda|Barraskewda, M|1/100
|turn|11
|
|t:|1625900693
|move|p1a: Barraskewda|Drill Run|p2a: Groudon
|-supereffective|p2a: Groudon
|-damage|p2a: Groudon|0 fnt
|faint|p2a: Groudon
|-weather|none
|
|upkeep
|
|t:|1625900700
|switch|p2a: Rayquaza|Rayquaza|100/100
|-ability|p2a: Rayquaza|Air Lock
|turn|12
|
|t:|1625900706
|switch|p1a: Corsola|Corsola-Galar, F|100/100
|detailschange|p2a: Rayquaza|Rayquaza-Mega
|-mega|p2a: Rayquaza|Rayquaza|
|-weather|DeltaStream|[from] ability: Delta Stream|[of] p2a: Rayquaza
|move|p2a: Rayquaza|Extreme Speed|p1a: Corsola
|-immune|p1a: Corsola
|
|-weather|DeltaStream|[upkeep]
|upkeep
|turn|13
|
|t:|1625900750
|move|p2a: Rayquaza|Dragon Ascent|p1a: Corsola
|-damage|p1a: Corsola|41/100
|-unboost|p2a: Rayquaza|def|1
|-unboost|p2a: Rayquaza|spd|1
|-start|p2a: Rayquaza|Disable|Dragon Ascent|[from] ability: Cursed Body|[of] p1a: Corsola
|move|p1a: Corsola|Will-O-Wisp|p2a: Rayquaza
|-status|p2a: Rayquaza|brn
|
|-weather|DeltaStream|[upkeep]
|-damage|p2a: Rayquaza|95/100 brn|[from] brn
|upkeep
|turn|14
|
|t:|1625900760
|-weather|none
|switch|p2a: Zacian|Zacian-Crowned|77/100
|-ability|p2a: Zacian|Intrepid Sword|boost
|-boost|p2a: Zacian|atk|1
|move|p1a: Corsola|Strength Sap|p2a: Zacian
|-unboost|p2a: Zacian|atk|1
|-heal|p1a: Corsola|100/100
|
|upkeep
|turn|15
|
|t:|1625900764
|move|p2a: Zacian|Swords Dance|p2a: Zacian
|-boost|p2a: Zacian|atk|2
|move|p1a: Corsola|Will-O-Wisp|p2a: Zacian|[miss]
|-miss|p1a: Corsola|p2a: Zacian
|
|upkeep
|turn|16
|
|t:|1625900769
|move|p2a: Zacian|Behemoth Blade|p1a: Corsola
|-damage|p1a: Corsola|16/100
|move|p1a: Corsola|Will-O-Wisp|p2a: Zacian
|-status|p2a: Zacian|brn
|
|-damage|p2a: Zacian|71/100 brn|[from] brn
|upkeep
|turn|17
|
|t:|1625900775
|move|p2a: Zacian|Behemoth Blade|p1a: Corsola
|-damage|p1a: Corsola|0 fnt
|faint|p1a: Corsola
|
|-damage|p2a: Zacian|65/100 brn|[from] brn
|upkeep
|
|t:|1625900798
|switch|p1a: Salamence|Salamence, M|100/100
|turn|18
|
|t:|1625900856
|-start|p1a: Salamence|Dynamax
|-heal|p1a: Salamence|100/100|[silent]
|move|p2a: Zacian|Play Rough|p1a: Salamence
|-supereffective|p1a: Salamence
|-damage|p1a: Salamence|27/100
|move|p1a: Salamence|Max Quake|p2a: Zacian
|-supereffective|p2a: Zacian
|-damage|p2a: Zacian|0 fnt
|-boost|p1a: Salamence|spd|1
|faint|p2a: Zacian
|-ability|p1a: Salamence|Moxie|boost
|-boost|p1a: Salamence|atk|1
|-damage|p1a: Salamence|22/100|[from] item: Life Orb
|
|upkeep
|
|t:|1625900873
|switch|p2a: Ditto|Ditto|100/100
|-transform|p2a: Ditto|p1a: Salamence|[from] ability: Imposter
|turn|19
|
|t:|1625900881
|move|p2a: Ditto|Dragon Claw|p1a: Salamence
|-supereffective|p1a: Salamence
|-damage|p1a: Salamence|0 fnt
|faint|p1a: Salamence
|-ability|p2a: Ditto|Moxie|boost
|-boost|p2a: Ditto|atk|1
|
|upkeep
|
|t:|1625900885
|switch|p1a: Kecleon|Kecleon, F|81/100
|turn|20
|
|t:|1625900894
|move|p2a: Ditto|Dragon Claw|p1a: Kecleon
|-damage|p1a: Kecleon|0 fnt
|faint|p1a: Kecleon
|-ability|p2a: Ditto|Moxie|boost
|-boost|p2a: Ditto|atk|1
|
|upkeep
|-message|meepacman forfeited.
|
|win|abhi1234567
|raw|meepacman's rating: 1350 &rarr; <strong>1344</strong><br />(-6 for losing)
|raw|abhi1234567's rating: 1639 &rarr; <strong>1645</strong><br />(+6 for winning)
|l|☆meepacman
