|j|☆H Gamer Moment
|j|☆OhLooord
|t:|1665367912
|gametype|singles
|player|p1|H Gamer Moment|rocketgrunt|1594
|player|p2|OhLooord|lucas|1900
|teamsize|p1|6
|teamsize|p2|6
|gen|8
|tier|[Gen 8] National Dex AG
|rated|
|rule|HP Percentage Mod: HP is shown in percentages
|rule|Endless Battle Clause: Forcing endless battles is banned
|clearpoke
|poke|p1|Calyrex-Shadow|
|poke|p1|Zacian-*|
|poke|p1|Xerneas-*|
|poke|p1|Deoxys-Speed|
|poke|p1|Banette, M|
|poke|p1|Zekrom|
|poke|p2|Groudon|
|poke|p2|Rayquaza|
|poke|p2|Zygarde|
|poke|p2|Calyrex-Shadow|
|poke|p2|Arceus-*|
|poke|p2|Arceus-*|
|teampreview
|
|t:|1665367938
|start
|switch|p1a: Deoxys|Deoxys-Speed|100/100
|switch|p2a: the gwoat|Rayquaza|100/100
|-ability|p1a: Deoxys|Pressure
|-ability|p2a: the gwoat|Air Lock
|turn|1
|
|t:|1665367960
|detailschange|p2a: the gwoat|Rayquaza-Mega
|-mega|p2a: the gwoat|Rayquaza|
|-weather|DeltaStream|[from] ability: Delta Stream|[of] p2a: the gwoat
|move|p1a: Deoxys|Stealth Rock|p2a: the gwoat
|-sidestart|p2: OhLooord|move: Stealth Rock
|move|p2a: the gwoat|Scale Shot|p1a: Deoxys
|-damage|p1a: Deoxys|72/100
|-damage|p1a: Deoxys|43/100
|-hitcount|p1a: Deoxys|2
|-unboost|p2a: the gwoat|def|1
|-boost|p2a: the gwoat|spe|1
|-damage|p2a: the gwoat|91/100|[from] item: Life Orb
|
|-weather|DeltaStream|[upkeep]
|upkeep
|turn|2
|
|t:|1665367979
|move|p2a: the gwoat|Extreme Speed|p1a: Deoxys
|-damage|p1a: Deoxys|0 fnt
|faint|p1a: Deoxys
|-damage|p2a: the gwoat|81/100|[from] item: Life Orb
|
|-weather|DeltaStream|[upkeep]
|upkeep
|
|t:|1665367982
|switch|p1a: Banette|Banette, M|100/100
|turn|3
|
|t:|1665367995
|detailschange|p1a: Banette|Banette-Mega, M
|-mega|p1a: Banette|Banette|Banettite
|move|p1a: Banette|Shadow Sneak|p2a: the gwoat
|-damage|p2a: the gwoat|43/100
|move|p2a: the gwoat|Dragon Ascent|p1a: Banette
|-damage|p1a: Banette|0 fnt
|-unboost|p2a: the gwoat|def|1
|-unboost|p2a: the gwoat|spd|1
|faint|p1a: Banette
|-damage|p2a: the gwoat|33/100|[from] item: Life Orb
|
|-weather|DeltaStream|[upkeep]
|upkeep
|
|t:|1665368005
|switch|p1a: Zacian|Zacian-Crowned|100/100
|-ability|p1a: Zacian|Intrepid Sword|boost
|-boost|p1a: Zacian|atk|1
|turn|4
|
|t:|1665368011
|move|p2a: the gwoat|Earthquake|p1a: Zacian
|-supereffective|p1a: Zacian
|-damage|p1a: Zacian|0 fnt
|faint|p1a: Zacian
|-damage|p2a: the gwoat|23/100|[from] item: Life Orb
|
|-weather|DeltaStream|[upkeep]
|upkeep
|
|t:|1665368016
|switch|p1a: Xerneas|Xerneas|100/100
|-ability|p1a: Xerneas|Fairy Aura
|turn|5
|
|t:|1665368019
|move|p2a: the gwoat|Dragon Ascent|p1a: Xerneas
|-damage|p1a: Xerneas|0 fnt
|-unboost|p2a: the gwoat|def|1
|-unboost|p2a: the gwoat|spd|1
|faint|p1a: Xerneas
|-damage|p2a: the gwoat|13/100|[from] item: Life Orb
|
|-weather|DeltaStream|[upkeep]
|upkeep
|
|t:|1665368025
|switch|p1a: Zekrom|Zekrom|100/100
|-ability|p1a: Zekrom|Teravolt
|turn|6
|
|t:|1665368028
|move|p2a: the gwoat|Earthquake|p1a: Zekrom
|-supereffective|p1a: Zekrom
|-damage|p1a: Zekrom|0 fnt
|faint|p1a: Zekrom
|-damage|p2a: the gwoat|3/100|[from] item: Life Orb
|
|-weather|DeltaStream|[upkeep]
|upkeep
|
|t:|1665368031
|switch|p1a: Calyrex|Calyrex-Shadow|100/100
|-ability|p1a: Calyrex|As One
|-ability|p1a: Calyrex|Unnerve
|turn|7
|
|t:|1665368034
|move|p2a: the gwoat|Dragon Ascent|p1a: Calyrex
|-damage|p1a: Calyrex|0 fnt
|-unboost|p2a: the gwoat|def|1
|-unboost|p2a: the gwoat|spd|1
|faint|p1a: Calyrex
|-damage|p2a: the gwoat|0 fnt|[from] item: Life Orb
|faint|p2a: the gwoat
|-weather|none
|
|win|OhLooord
|raw|H Gamer Moment's rating: 1594 &rarr; <strong>1588</strong><br />(-6 for losing)
|raw|OhLooord's rating: 1900 &rarr; <strong>1906</strong><br />(+6 for winning)
|l|☆H Gamer Moment
||Ladder isn't responding, score probably updated but might not have (Request timeout).
