|j|☆secretleviathan
|j|☆Supplement
|t:|1667187730
|gametype|singles
|player|p1|secretleviathan|266|1519
|player|p2|Supplement|red|1508
|teamsize|p1|6
|teamsize|p2|6
|gen|8
|tier|[Gen 8] National Dex AG
|rated|
|rule|HP Percentage Mod: HP is shown in percentages
|rule|Endless Battle Clause: Forcing endless battles is banned
|clearpoke
|poke|p1|Gastrodon, F|
|poke|p1|Scolipede, F|
|poke|p1|Smeargle, M|
|poke|p1|Liepard, F|
|poke|p1|Drifblim, F|
|poke|p1|Espeon, F|
|poke|p2|Greninja, M|
|poke|p2|Yveltal|
|poke|p2|Tyranitar, M|
|poke|p2|Zygarde|
|poke|p2|Calyrex-Shadow|
|poke|p2|Rayquaza|
|teampreview
|inactive|Battle timer is ON: inactive players will automatically lose when time's up. (requested by Supplement)
|inactive|secretleviathan also wants the timer to be on.
|
|t:|1667187744
|start
|switch|p1a: Scolipede|Scolipede, F|100/100
|switch|p2a: Zygarde|Zygarde, shiny|100/100
|turn|1
|
|t:|1667187748
|move|p1a: Scolipede|Iron Defense|p1a: Scolipede
|-boost|p1a: Scolipede|def|2
|move|p2a: Zygarde|Glare|p1a: Scolipede
|-status|p1a: Scolipede|par
|
|-ability|p1a: Scolipede|Speed Boost|boost
|-boost|p1a: Scolipede|spe|1
|upkeep
|turn|2
|
|t:|1667187756
|move|p1a: Scolipede|Substitute|p1a: Scolipede
|-start|p1a: Scolipede|Substitute
|-damage|p1a: Scolipede|76/100 par
|move|p2a: Zygarde|Thousand Arrows|p1a: Scolipede
|-activate|p1a: Scolipede|move: Substitute|[damage]
|
|-ability|p1a: Scolipede|Speed Boost|boost
|-boost|p1a: Scolipede|spe|1
|upkeep
|turn|3
|
|t:|1667187766
|cant|p1a: Scolipede|par
|move|p2a: Zygarde|Haze|p2a: Zygarde
|-clearallboost
|
|-ability|p1a: Scolipede|Speed Boost|boost
|-boost|p1a: Scolipede|spe|1
|upkeep
|turn|4
|
|t:|1667187775
|cant|p1a: Scolipede|par
|move|p2a: Zygarde|Thousand Arrows|p1a: Scolipede
|-end|p1a: Scolipede|Substitute
|
|-ability|p1a: Scolipede|Speed Boost|boost
|-boost|p1a: Scolipede|spe|1
|upkeep
|turn|5
|
|t:|1667187782
|move|p1a: Scolipede|Baton Pass|p1a: Scolipede
|
|t:|1667187789
|switch|p1a: Smeargle|Smeargle, M|100/100|[from]move: Baton Pass
|move|p2a: Zygarde|Haze|p2a: Zygarde
|-clearallboost
|
|-ability|p1a: Smeargle|Moody|boost
|-boost|p1a: Smeargle|spe|2
|-unboost|p1a: Smeargle|atk|1
|upkeep
|turn|6
|
|t:|1667187795
|move|p1a: Smeargle|Spore|p2a: Zygarde
|-activate|p2a: Zygarde|item: Safety Goggles|Spore
|move|p2a: Zygarde|Glare|p1a: Smeargle
|-status|p1a: Smeargle|par
|
|-ability|p1a: Smeargle|Moody|boost
|-boost|p1a: Smeargle|def|2
|-unboost|p1a: Smeargle|atk|1
|upkeep
|turn|7
|
|t:|1667187807
|move|p1a: Smeargle|Baton Pass|p1a: Smeargle
|
|t:|1667187810
|switch|p1a: Liepard|Liepard, F|100/100|[from]move: Baton Pass
|move|p2a: Zygarde|Haze|p2a: Zygarde
|-clearallboost
|
|upkeep
|turn|8
|
|t:|1667187821
|move|p1a: Liepard|Encore|p2a: Zygarde
|-start|p2a: Zygarde|Encore
|move|p2a: Zygarde|Haze|p2a: Zygarde
|-clearallboost
|
|upkeep
|turn|9
|
|t:|1667187829
|move|p1a: Liepard|Substitute|p1a: Liepard
|-start|p1a: Liepard|Substitute
|-damage|p1a: Liepard|76/100
|move|p2a: Zygarde|Haze|p2a: Zygarde
|-clearallboost
|
|-heal|p1a: Liepard|82/100|[from] item: Leftovers
|upkeep
|turn|10
|inactive|Supplement has 120 seconds left.
|
|t:|1667187864
|switch|p2a: Calyrex|Calyrex-Shadow|100/100
|-ability|p2a: Calyrex|As One
|-ability|p2a: Calyrex|Unnerve
|move|p1a: Liepard|Substitute|p1a: Liepard
|-fail|p1a: Liepard|move: Substitute
|
|-heal|p1a: Liepard|88/100|[from] item: Leftovers
|upkeep
|turn|11
|
|t:|1667187876
|switch|p2a: Zygarde|Zygarde, shiny|100/100
|move|p1a: Liepard|Substitute|p1a: Liepard
|-fail|p1a: Liepard|move: Substitute
|
|-heal|p1a: Liepard|94/100|[from] item: Leftovers
|upkeep
|turn|12
|
|t:|1667187888
|move|p1a: Liepard|Taunt|p2a: Zygarde
|-start|p2a: Zygarde|move: Taunt
|move|p2a: Zygarde|Thousand Arrows|p1a: Liepard
|-end|p1a: Liepard|Substitute
|
|-heal|p1a: Liepard|99/100|[from] item: Leftovers
|upkeep
|turn|13
|inactive|secretleviathan has 120 seconds left.
|
|t:|1667187921
|switch|p2a: Yveltal|Yveltal, shiny|100/100
|-ability|p2a: Yveltal|Dark Aura
|move|p1a: Liepard|Baton Pass|p1a: Liepard
|inactive|secretleviathan has 120 seconds left.
|
|t:|1667187933
|switch|p1a: Gastrodon|Gastrodon, F|100/100|[from]move: Baton Pass
|
|upkeep
|turn|14
|
|t:|1667187941
|move|p2a: Yveltal|Dark Pulse|p1a: Gastrodon
|-damage|p1a: Gastrodon|52/100
|move|p1a: Gastrodon|Stockpile|p1a: Gastrodon
|-start|p1a: Gastrodon|stockpile1
|-boost|p1a: Gastrodon|def|1
|-boost|p1a: Gastrodon|spd|1
|
|-heal|p1a: Gastrodon|58/100|[from] item: Leftovers
|upkeep
|turn|15
|
|t:|1667187950
|-start|p2a: Yveltal|Dynamax|
|-heal|p2a: Yveltal|100/100|[silent]
|move|p2a: Yveltal|Max Darkness|p1a: Gastrodon
|-damage|p1a: Gastrodon|2/100
|-unboost|p1a: Gastrodon|spd|1
|move|p1a: Gastrodon|Recover|p1a: Gastrodon
|-heal|p1a: Gastrodon|52/100
|
|-heal|p1a: Gastrodon|58/100|[from] item: Leftovers
|upkeep
|turn|16
|
|t:|1667187964
|switch|p1a: Liepard|Liepard, F|99/100
|move|p2a: Yveltal|Max Darkness|p1a: Liepard
|-resisted|p1a: Liepard
|-damage|p1a: Liepard|34/100
|-unboost|p1a: Liepard|spd|1
|
|-heal|p1a: Liepard|40/100|[from] item: Leftovers
|upkeep
|turn|17
|
|t:|1667187975
|move|p1a: Liepard|Substitute|p1a: Liepard
|-start|p1a: Liepard|Substitute
|-damage|p1a: Liepard|15/100
|move|p2a: Yveltal|Max Airstream|p1a: Liepard
|-end|p1a: Liepard|Substitute
|-boost|p2a: Yveltal|spe|1
|
|-heal|p1a: Liepard|21/100|[from] item: Leftovers
|upkeep
|-end|p2a: Yveltal|Dynamax
|-heal|p2a: Yveltal|100/100|[silent]
|turn|18
|
|t:|1667187990
|move|p1a: Liepard|Encore|p2a: Yveltal
|-hint|Since gen 7, Dark is immune to Prankster moves.
|-immune|p2a: Yveltal
|move|p2a: Yveltal|Oblivion Wing|p1a: Liepard
|-damage|p1a: Liepard|0 fnt
|faint|p1a: Liepard
|
|upkeep
|
|t:|1667187995
|switch|p1a: Gastrodon|Gastrodon, F|58/100
|turn|19
|
|t:|1667188000
|move|p2a: Yveltal|Dark Pulse|p1a: Gastrodon
|-damage|p1a: Gastrodon|7/100
|move|p1a: Gastrodon|Recover|p1a: Gastrodon
|-heal|p1a: Gastrodon|57/100
|
|-heal|p1a: Gastrodon|63/100|[from] item: Leftovers
|upkeep
|turn|20
|
|t:|1667188009
|move|p2a: Yveltal|Dark Pulse|p1a: Gastrodon
|-damage|p1a: Gastrodon|16/100
|move|p1a: Gastrodon|Recover|p1a: Gastrodon
|-heal|p1a: Gastrodon|66/100
|
|-heal|p1a: Gastrodon|72/100|[from] item: Leftovers
|upkeep
|turn|21
|inactive|Supplement has 120 seconds left.
|
|t:|1667188041
|switch|p2a: Calyrex|Calyrex-Shadow|100/100
|-ability|p2a: Calyrex|As One
|-ability|p2a: Calyrex|Unnerve
|move|p1a: Gastrodon|Recover|p1a: Gastrodon
|-heal|p1a: Gastrodon|100/100
|
|upkeep
|turn|22
|
|t:|1667188054
|move|p2a: Calyrex|Substitute|p2a: Calyrex
|-start|p2a: Calyrex|Substitute
|-damage|p2a: Calyrex|76/100
|move|p1a: Gastrodon|Stockpile|p1a: Gastrodon
|-start|p1a: Gastrodon|stockpile1
|-boost|p1a: Gastrodon|def|1
|-boost|p1a: Gastrodon|spd|1
|
|upkeep
|turn|23
|
|t:|1667188062
|move|p2a: Calyrex|Nasty Plot|p2a: Calyrex
|-boost|p2a: Calyrex|spa|2
|move|p1a: Gastrodon|Stockpile|p1a: Gastrodon
|-start|p1a: Gastrodon|stockpile2
|-boost|p1a: Gastrodon|def|1
|-boost|p1a: Gastrodon|spd|1
|
|upkeep
|turn|24
|
|t:|1667188075
|-start|p1a: Gastrodon|Dynamax|
|-heal|p1a: Gastrodon|100/100|[silent]
|move|p2a: Calyrex|Nasty Plot|p2a: Calyrex
|-boost|p2a: Calyrex|spa|2
|move|p1a: Gastrodon|Max Quake|p2a: Calyrex
|-end|p2a: Calyrex|Substitute
|-boost|p1a: Gastrodon|spd|1
|
|upkeep
|turn|25
|
|t:|1667188089
|move|p2a: Calyrex|Substitute|p2a: Calyrex
|-start|p2a: Calyrex|Substitute
|-damage|p2a: Calyrex|51/100
|move|p1a: Gastrodon|Max Quake|p2a: Calyrex
|-end|p2a: Calyrex|Substitute
|-boost|p1a: Gastrodon|spd|1
|
|upkeep
|turn|26
|
|t:|1667188095
|move|p2a: Calyrex|Substitute|p2a: Calyrex
|-start|p2a: Calyrex|Substitute
|-damage|p2a: Calyrex|26/100
|move|p1a: Gastrodon|Max Quake|p2a: Calyrex
|-end|p2a: Calyrex|Substitute
|-boost|p1a: Gastrodon|spd|1
|
|upkeep
|-end|p1a: Gastrodon|Dynamax
|-heal|p1a: Gastrodon|100/100|[silent]
|turn|27
|
|t:|1667188105
|move|p2a: Calyrex|Substitute|p2a: Calyrex
|-start|p2a: Calyrex|Substitute
|-damage|p2a: Calyrex|1/100
|move|p1a: Gastrodon|Earth Power|p2a: Calyrex
|-end|p2a: Calyrex|Substitute
|
|upkeep
|turn|28
|
|t:|1667188111
|move|p2a: Calyrex|Baton Pass|p2a: Calyrex
|
|t:|1667188113
|switch|p2a: Yveltal|Yveltal, shiny|100/100|[from]move: Baton Pass
|-ability|p2a: Yveltal|Dark Aura
|move|p1a: Gastrodon|Scald|p2a: Yveltal
|-damage|p2a: Yveltal|77/100
|
|upkeep
|turn|29
|
|t:|1667188125
|move|p2a: Yveltal|Dark Pulse|p1a: Gastrodon
|-damage|p1a: Gastrodon|57/100
|move|p1a: Gastrodon|Stockpile|p1a: Gastrodon
|-start|p1a: Gastrodon|stockpile3
|-boost|p1a: Gastrodon|def|1
|-boost|p1a: Gastrodon|spd|1
|
|-heal|p1a: Gastrodon|63/100|[from] item: Leftovers
|upkeep
|turn|30
|
|t:|1667188132
|switch|p2a: Zygarde|Zygarde, shiny|100/100
|move|p1a: Gastrodon|Recover|p1a: Gastrodon
|-heal|p1a: Gastrodon|100/100
|
|upkeep
|turn|31
|
|t:|1667188144
|switch|p1a: Smeargle|Smeargle, M|100/100 par
|move|p2a: Zygarde|Haze|p2a: Zygarde
|-clearallboost
|
|-ability|p1a: Smeargle|Moody|boost
|-boost|p1a: Smeargle|atk|2
|-unboost|p1a: Smeargle|spe|1
|upkeep
|turn|32
|
|t:|1667188151
|move|p2a: Zygarde|Thousand Arrows|p1a: Smeargle
|-damage|p1a: Smeargle|29/100 par
|move|p1a: Smeargle|Spore|p2a: Zygarde
|-activate|p2a: Zygarde|item: Safety Goggles|Spore
|
|-heal|p1a: Smeargle|35/100 par|[from] item: Leftovers
|-ability|p1a: Smeargle|Moody|boost
|-boost|p1a: Smeargle|def|2
|-unboost|p1a: Smeargle|spd|1
|upkeep
|turn|33
|
|t:|1667188161
|move|p2a: Zygarde|Thousand Arrows|p1a: Smeargle
|-damage|p1a: Smeargle|0 fnt
|faint|p1a: Smeargle
|
|upkeep
|
|t:|1667188169
|switch|p1a: Drifblim|Drifblim, F|100/100
|turn|34
|
|t:|1667188175
|move|p1a: Drifblim|Substitute|p1a: Drifblim
|-start|p1a: Drifblim|Substitute
|-damage|p1a: Drifblim|75/100
|move|p2a: Zygarde|Glare||[still]
|-fail|p2a: Zygarde
|
|upkeep
|turn|35
|
|t:|1667188182
|move|p1a: Drifblim|Minimize|p1a: Drifblim
|-boost|p1a: Drifblim|evasion|2
|move|p2a: Zygarde|Thousand Arrows|p1a: Drifblim|[miss]
|-miss|p2a: Zygarde|p1a: Drifblim
|
|upkeep
|turn|36
|inactive|secretleviathan has 120 seconds left.
|
|t:|1667188241
|move|p1a: Drifblim|Minimize|p1a: Drifblim
|-boost|p1a: Drifblim|evasion|2
|move|p2a: Zygarde|Haze|p2a: Zygarde
|-clearallboost
|
|upkeep
|turn|37
|
|t:|1667188248
|move|p1a: Drifblim|Minimize|p1a: Drifblim
|-boost|p1a: Drifblim|evasion|2
|move|p2a: Zygarde|Thousand Arrows|p1a: Drifblim
|-end|p1a: Drifblim|Substitute
|
|upkeep
|turn|38
|
|t:|1667188258
|move|p1a: Drifblim|Substitute|p1a: Drifblim
|-start|p1a: Drifblim|Substitute
|-damage|p1a: Drifblim|50/100
|move|p2a: Zygarde|Haze|p2a: Zygarde
|-clearallboost
|
|upkeep
|turn|39
|
|t:|1667188266
|move|p1a: Drifblim|Strength Sap|p2a: Zygarde
|-unboost|p2a: Zygarde|atk|1
|-heal|p1a: Drifblim|97/100
|move|p2a: Zygarde|Thousand Arrows|p1a: Drifblim
|-end|p1a: Drifblim|Substitute
|
|upkeep
|turn|40
|
|t:|1667188278
|move|p1a: Drifblim|Substitute|p1a: Drifblim
|-start|p1a: Drifblim|Substitute
|-damage|p1a: Drifblim|72/100
|move|p2a: Zygarde|Thousand Arrows|p1a: Drifblim
|-end|p1a: Drifblim|Substitute
|
|upkeep
|turn|41
|inactive|secretleviathan has 120 seconds left.
|
|t:|1667188287
|move|p1a: Drifblim|Substitute|p1a: Drifblim
|-start|p1a: Drifblim|Substitute
|-damage|p1a: Drifblim|47/100
|move|p2a: Zygarde|Thousand Arrows|p1a: Drifblim
|-activate|p1a: Drifblim|move: Substitute|[damage]
|
|upkeep
|turn|42
|
|t:|1667188297
|move|p1a: Drifblim|Strength Sap|p2a: Zygarde
|-unboost|p2a: Zygarde|atk|1
|-heal|p1a: Drifblim|78/100
|move|p2a: Zygarde|Coil|p2a: Zygarde
|-boost|p2a: Zygarde|atk|1
|-boost|p2a: Zygarde|def|1
|-boost|p2a: Zygarde|accuracy|1
|
|upkeep
|turn|43
|
|t:|1667188307
|move|p1a: Drifblim|Minimize|p1a: Drifblim
|-boost|p1a: Drifblim|evasion|2
|move|p2a: Zygarde|Coil|p2a: Zygarde
|-boost|p2a: Zygarde|atk|1
|-boost|p2a: Zygarde|def|1
|-boost|p2a: Zygarde|accuracy|1
|
|upkeep
|turn|44
|
|t:|1667188316
|move|p1a: Drifblim|Minimize|p1a: Drifblim
|-boost|p1a: Drifblim|evasion|2
|move|p2a: Zygarde|Thousand Arrows|p1a: Drifblim
|-end|p1a: Drifblim|Substitute
|
|upkeep
|turn|45
|
|t:|1667188330
|move|p1a: Drifblim|Substitute|p1a: Drifblim
|-start|p1a: Drifblim|Substitute
|-damage|p1a: Drifblim|53/100
|move|p2a: Zygarde|Haze|p2a: Zygarde
|-clearallboost
|
|upkeep
|turn|46
|
|t:|1667188344
|move|p1a: Drifblim|Strength Sap|p2a: Zygarde
|-unboost|p2a: Zygarde|atk|1
|-heal|p1a: Drifblim|99/100
|move|p2a: Zygarde|Thousand Arrows|p1a: Drifblim
|-activate|p1a: Drifblim|move: Substitute|[damage]
|
|upkeep
|turn|47
|
|t:|1667188361
|move|p1a: Drifblim|Minimize|p1a: Drifblim
|-boost|p1a: Drifblim|evasion|2
|move|p2a: Zygarde|Haze|p2a: Zygarde
|-clearallboost
|
|upkeep
|turn|48
|
|t:|1667188380
|move|p1a: Drifblim|Substitute|p1a: Drifblim
|-fail|p1a: Drifblim|move: Substitute
|move|p2a: Zygarde|Thousand Arrows|p1a: Drifblim
|-end|p1a: Drifblim|Substitute
|
|upkeep
|turn|49
|inactive|Supplement has 120 seconds left.
|
|t:|1667188415
|move|p1a: Drifblim|Substitute|p1a: Drifblim
|-start|p1a: Drifblim|Substitute
|-damage|p1a: Drifblim|75/100
|move|p2a: Zygarde|Haze|p2a: Zygarde
|-clearallboost
|
|upkeep
|turn|50
|inactive|Supplement has 120 seconds left.
|
|t:|1667188426
|move|p1a: Drifblim|Strength Sap|p2a: Zygarde
|-unboost|p2a: Zygarde|atk|1
|-heal|p1a: Drifblim|100/100
|move|p2a: Zygarde|Haze|p2a: Zygarde
|-clearallboost
|
|upkeep
|turn|51
|inactive|Supplement has 120 seconds left.
|
|t:|1667188440
|move|p1a: Drifblim|Baton Pass|p1a: Drifblim
|
|t:|1667188442
|switch|p1a: Scolipede|Scolipede, F|76/100 par|[from]move: Baton Pass
|move|p2a: Zygarde|Coil|p2a: Zygarde
|-boost|p2a: Zygarde|atk|1
|-boost|p2a: Zygarde|def|1
|-boost|p2a: Zygarde|accuracy|1
|
|upkeep
|turn|52
|inactive|Supplement has 120 seconds left.
|
|t:|1667188457
|cant|p1a: Scolipede|par
|move|p2a: Zygarde|Thousand Arrows|p1a: Scolipede
|-end|p1a: Scolipede|Substitute
|
|-ability|p1a: Scolipede|Speed Boost|boost
|-boost|p1a: Scolipede|spe|1
|upkeep
|turn|53
|inactive|Supplement has 120 seconds left.
|
|t:|1667188470
|move|p1a: Scolipede|Protect|p1a: Scolipede
|-singleturn|p1a: Scolipede|Protect
|move|p2a: Zygarde|Thousand Arrows|p1a: Scolipede
|-activate|p1a: Scolipede|move: Protect
|
|-ability|p1a: Scolipede|Speed Boost|boost
|-boost|p1a: Scolipede|spe|1
|upkeep
|turn|54
|inactive|Supplement has 120 seconds left.
|
|t:|1667188483
|cant|p1a: Scolipede|par
|move|p2a: Zygarde|Haze|p2a: Zygarde
|-clearallboost
|
|-ability|p1a: Scolipede|Speed Boost|boost
|-boost|p1a: Scolipede|spe|1
|upkeep
|turn|55
|inactive|Supplement has 120 seconds left.
|
|t:|1667188505
|move|p1a: Scolipede|Baton Pass|p1a: Scolipede
|
|t:|1667188507
|switch|p1a: Drifblim|Drifblim, F|100/100|[from]move: Baton Pass
|move|p2a: Zygarde|Haze|p2a: Zygarde
|-clearallboost
|
|upkeep
|turn|56
|inactive|Supplement has 120 seconds left.
|
|t:|1667188525
|move|p1a: Drifblim|Substitute|p1a: Drifblim
|-start|p1a: Drifblim|Substitute
|-damage|p1a: Drifblim|75/100
|move|p2a: Zygarde|Glare||[still]
|-fail|p2a: Zygarde
|
|upkeep
|turn|57
|inactive|Supplement has 120 seconds left.
|
|t:|1667188539
|move|p1a: Drifblim|Baton Pass|p1a: Drifblim
|
|t:|1667188542
|switch|p1a: Scolipede|Scolipede, F|76/100 par|[from]move: Baton Pass
|move|p2a: Zygarde|Haze|p2a: Zygarde
|-clearallboost
|
|upkeep
|turn|58
|inactive|Supplement has 120 seconds left.
|
|t:|1667188555
|move|p1a: Scolipede|Protect|p1a: Scolipede
|-singleturn|p1a: Scolipede|Protect
|move|p2a: Zygarde|Coil|p2a: Zygarde
|-boost|p2a: Zygarde|atk|1
|-boost|p2a: Zygarde|def|1
|-boost|p2a: Zygarde|accuracy|1
|
|-ability|p1a: Scolipede|Speed Boost|boost
|-boost|p1a: Scolipede|spe|1
|upkeep
|turn|59
|inactive|Supplement has 120 seconds left.
|
|t:|1667188574
|cant|p1a: Scolipede|par
|move|p2a: Zygarde|Coil|p2a: Zygarde
|-boost|p2a: Zygarde|atk|1
|-boost|p2a: Zygarde|def|1
|-boost|p2a: Zygarde|accuracy|1
|
|-ability|p1a: Scolipede|Speed Boost|boost
|-boost|p1a: Scolipede|spe|1
|upkeep
|turn|60
|inactive|Supplement has 120 seconds left.
|
|t:|1667188594
|move|p1a: Scolipede|Iron Defense|p1a: Scolipede
|-boost|p1a: Scolipede|def|2
|move|p2a: Zygarde|Coil|p2a: Zygarde
|-boost|p2a: Zygarde|atk|1
|-boost|p2a: Zygarde|def|1
|-boost|p2a: Zygarde|accuracy|1
|
|-ability|p1a: Scolipede|Speed Boost|boost
|-boost|p1a: Scolipede|spe|1
|upkeep
|turn|61
|
|t:|1667188610
|cant|p1a: Scolipede|par
|move|p2a: Zygarde|Coil|p2a: Zygarde
|-boost|p2a: Zygarde|atk|1
|-boost|p2a: Zygarde|def|1
|-boost|p2a: Zygarde|accuracy|1
|
|-ability|p1a: Scolipede|Speed Boost|boost
|-boost|p1a: Scolipede|spe|1
|upkeep
|turn|62
|
|t:|1667188623
|cant|p1a: Scolipede|par
|move|p2a: Zygarde|Coil|p2a: Zygarde
|-boost|p2a: Zygarde|atk|1
|-boost|p2a: Zygarde|def|1
|-boost|p2a: Zygarde|accuracy|1
|
|-ability|p1a: Scolipede|Speed Boost|boost
|-boost|p1a: Scolipede|spe|1
|upkeep
|turn|63
|
|t:|1667188640
|move|p1a: Scolipede|Baton Pass|p1a: Scolipede
|
|t:|1667188645
|switch|p1a: Espeon|Espeon, F|100/100|[from]move: Baton Pass
|move|p2a: Zygarde|Coil|p2a: Zygarde
|-boost|p2a: Zygarde|atk|1
|-boost|p2a: Zygarde|def|1
|-boost|p2a: Zygarde|accuracy|1
|
|upkeep
|turn|64
|
|t:|1667188658
|move|p1a: Espeon|Stored Power|p2a: Zygarde
|-damage|p2a: Zygarde|31/100
|move|p2a: Zygarde|Haze|p2a: Zygarde
|-clearallboost
|
|-activate|p2a: Zygarde|ability: Power Construct
|detailschange|p2a: Zygarde|Zygarde-Complete, shiny
|-heal|p2a: Zygarde|55/100|[silent]
|upkeep
|turn|65
|
|t:|1667188676
|move|p1a: Espeon|Baton Pass|p1a: Espeon
|
|t:|1667188684
|switch|p1a: Drifblim|Drifblim, F|75/100|[from]move: Baton Pass
|move|p2a: Zygarde|Thousand Arrows|p1a: Drifblim
|-end|p1a: Drifblim|Substitute
|
|upkeep
|turn|66
|inactive|Supplement has 90 seconds left.
|
|t:|1667188711
|switch|p2a: Yveltal|Yveltal, shiny|77/100
|-ability|p2a: Yveltal|Dark Aura
|move|p1a: Drifblim|Substitute|p1a: Drifblim
|-start|p1a: Drifblim|Substitute
|-damage|p1a: Drifblim|50/100
|
|upkeep
|turn|67
|
|t:|1667188725
|move|p2a: Yveltal|Dark Pulse|p1a: Drifblim
|-supereffective|p1a: Drifblim
|-end|p1a: Drifblim|Substitute
|move|p1a: Drifblim|Substitute|p1a: Drifblim
|-start|p1a: Drifblim|Substitute
|-damage|p1a: Drifblim|25/100
|-enditem|p1a: Drifblim|Aguav Berry|[eat]
|-heal|p1a: Drifblim|59/100|[from] item: Aguav Berry
|
|upkeep
|turn|68
|
|t:|1667188734
|move|p1a: Drifblim|Minimize|p1a: Drifblim
|-boost|p1a: Drifblim|evasion|2
|move|p2a: Yveltal|Dark Pulse|p1a: Drifblim
|-supereffective|p1a: Drifblim
|-end|p1a: Drifblim|Substitute
|
|upkeep
|turn|69
|
|t:|1667188747
|move|p1a: Drifblim|Substitute|p1a: Drifblim
|-start|p1a: Drifblim|Substitute
|-damage|p1a: Drifblim|34/100
|move|p2a: Yveltal|Dark Pulse|p1a: Drifblim
|-supereffective|p1a: Drifblim
|-end|p1a: Drifblim|Substitute
|
|upkeep
|turn|70
|
|t:|1667188757
|move|p1a: Drifblim|Substitute|p1a: Drifblim
|-start|p1a: Drifblim|Substitute
|-damage|p1a: Drifblim|9/100
|move|p2a: Yveltal|Oblivion Wing|p1a: Drifblim|[miss]
|-miss|p2a: Yveltal|p1a: Drifblim
|
|upkeep
|turn|71
|
|t:|1667188764
|move|p1a: Drifblim|Strength Sap|p2a: Yveltal
|-unboost|p2a: Yveltal|atk|1
|-heal|p1a: Drifblim|62/100
|move|p2a: Yveltal|Oblivion Wing|p1a: Drifblim
|-end|p1a: Drifblim|Substitute
|-heal|p2a: Yveltal|100/100|[from] drain|[of] p1a: Drifblim
|
|upkeep
|turn|72
|inactive|Supplement has 120 seconds left.
|
|t:|1667188788
|move|p1a: Drifblim|Substitute|p1a: Drifblim
|-start|p1a: Drifblim|Substitute
|-damage|p1a: Drifblim|37/100
|move|p2a: Yveltal|Dark Pulse|p1a: Drifblim
|-supereffective|p1a: Drifblim
|-end|p1a: Drifblim|Substitute
|
|upkeep
|turn|73
|c|☆Supplement|this is pointless
|
|t:|1667188798
|move|p1a: Drifblim|Substitute|p1a: Drifblim
|-start|p1a: Drifblim|Substitute
|-damage|p1a: Drifblim|12/100
|move|p2a: Yveltal|Dark Pulse|p1a: Drifblim
|-supereffective|p1a: Drifblim
|-end|p1a: Drifblim|Substitute
|
|upkeep
|turn|74
|
|t:|1667188807
|move|p1a: Drifblim|Minimize|p1a: Drifblim
|-boost|p1a: Drifblim|evasion|2
|move|p2a: Yveltal|Dark Pulse|p1a: Drifblim
|-supereffective|p1a: Drifblim
|-crit|p1a: Drifblim
|-damage|p1a: Drifblim|0 fnt
|faint|p1a: Drifblim
|
|upkeep
|c|☆Supplement|plz
|c|☆Supplement|do us both a favor
|
|t:|1667188828
|switch|p1a: Scolipede|Scolipede, F|76/100 par
|turn|75
|
|t:|1667188834
|move|p1a: Scolipede|Protect|p1a: Scolipede
|-singleturn|p1a: Scolipede|Protect
|move|p2a: Yveltal|Dark Pulse|p1a: Scolipede
|-activate|p1a: Scolipede|move: Protect
|
|-ability|p1a: Scolipede|Speed Boost|boost
|-boost|p1a: Scolipede|spe|1
|upkeep
|turn|76
|c|☆Supplement|or not
|
|t:|1667188847
|move|p1a: Scolipede|Protect||[still]
|-fail|p1a: Scolipede
|move|p2a: Yveltal|Dark Pulse|p1a: Scolipede
|-damage|p1a: Scolipede|0 fnt
|faint|p1a: Scolipede
|
|upkeep
|c|☆Supplement|lol
|
|t:|1667188856
|switch|p1a: Gastrodon|Gastrodon, F|100/100
|turn|77
|
|t:|1667188861
|move|p2a: Yveltal|Dark Pulse|p1a: Gastrodon
|-damage|p1a: Gastrodon|53/100
|cant|p1a: Gastrodon|flinch
|
|-heal|p1a: Gastrodon|59/100|[from] item: Leftovers
|upkeep
|turn|78
|
|t:|1667188867
|move|p2a: Yveltal|Dark Pulse|p1a: Gastrodon
|-damage|p1a: Gastrodon|6/100
|move|p1a: Gastrodon|Recover|p1a: Gastrodon
|-heal|p1a: Gastrodon|56/100
|
|-heal|p1a: Gastrodon|62/100|[from] item: Leftovers
|upkeep
|turn|79
|
|t:|1667188873
|move|p2a: Yveltal|Dark Pulse|p1a: Gastrodon
|-damage|p1a: Gastrodon|7/100
|move|p1a: Gastrodon|Recover|p1a: Gastrodon
|-heal|p1a: Gastrodon|57/100
|
|-heal|p1a: Gastrodon|63/100|[from] item: Leftovers
|upkeep
|turn|80
|
|t:|1667188878
|move|p2a: Yveltal|Dark Pulse|p1a: Gastrodon
|-crit|p1a: Gastrodon
|-damage|p1a: Gastrodon|0 fnt
|faint|p1a: Gastrodon
|
|upkeep
|-message|secretleviathan forfeited.
|
|win|Supplement
|raw|secretleviathan's rating: 1519 &rarr; <strong>1498</strong><br />(-21 for losing)
|raw|Supplement's rating: 1508 &rarr; <strong>1529</strong><br />(+21 for winning)
|l|☆secretleviathan
||Ladder isn't responding, score probably updated but might not have (Request timeout).
