|j|☆Freeity
|j|☆Arabesca
|t:|1655838372
|gametype|singles
|player|p1|Freeity|hugh|
|player|p2|Arabesca|cynthia-gen4|
|teamsize|p1|6
|teamsize|p2|6
|gen|8
|tier|[Gen 8] National Dex AG
|rule|HP Percentage Mod: HP is shown in percentages
|rule|Endless Battle Clause: Forcing endless battles is banned
|clearpoke
|poke|p1|Shuckle, F|
|poke|p1|Zacian-*|
|poke|p1|Yveltal|
|poke|p1|Rayquaza|
|poke|p1|Calyrex-Shadow|
|poke|p1|Xerneas-*|
|poke|p2|Arceus-*|
|poke|p2|Marshadow|
|poke|p2|Naganadel|
|poke|p2|Dialga|
|poke|p2|Lugia|
|poke|p2|Kyogre|
|teampreview
|
|t:|1655838376
|start
|switch|p1a: Shuckle|Shuckle, F|100/100
|switch|p2a: Arceus|Arceus-Ground|100/100
|turn|1
|
|t:|1655838387
|move|p2a: Arceus|Stealth Rock|p1a: Shuckle
|-sidestart|p1: Freeity|move: Stealth Rock
|move|p1a: Shuckle|Encore|p2a: Arceus
|-start|p2a: Arceus|Encore
|
|upkeep
|turn|2
|
|t:|1655838405
|switch|p2a: Dialga|Dialga|100/100
|-ability|p2a: Dialga|Pressure
|move|p1a: Shuckle|Sticky Web|p2a: Dialga
|-sidestart|p2: Arabesca|move: Sticky Web
|
|upkeep
|turn|3
|
|t:|1655838409
|move|p2a: Dialga|Flash Cannon|p1a: Shuckle
|-supereffective|p1a: Shuckle
|-damage|p1a: Shuckle|26/100
|move|p1a: Shuckle|Stealth Rock|p2a: Dialga
|-sidestart|p2: Arabesca|move: Stealth Rock
|
|upkeep
|turn|4
|
|t:|1655838424
|move|p2a: Dialga|Flash Cannon|p1a: Shuckle
|-supereffective|p1a: Shuckle
|-damage|p1a: Shuckle|0 fnt
|faint|p1a: Shuckle
|
|upkeep
|
|t:|1655838426
|switch|p1a: Zacian|Zacian-Crowned|100/100
|-damage|p1a: Zacian|94/100|[from] Stealth Rock
|-ability|p1a: Zacian|Intrepid Sword|boost
|-boost|p1a: Zacian|atk|1
|turn|5
|
|t:|1655838431
|move|p1a: Zacian|Close Combat|p2a: Dialga
|-supereffective|p2a: Dialga
|-damage|p2a: Dialga|0 fnt
|-unboost|p1a: Zacian|def|1
|-unboost|p1a: Zacian|spd|1
|faint|p2a: Dialga
|
|upkeep
|
|t:|1655838433
|switch|p2a: Lugia|Lugia|100/100
|turn|6
|
|t:|1655838437
|move|p1a: Zacian|Behemoth Blade|p2a: Lugia
|-damage|p2a: Lugia|74/100
|move|p2a: Lugia|Defog|p1a: Zacian
|-unboost|p1a: Zacian|evasion|1
|-sideend|p1: Freeity|Stealth Rock|[from] move: Defog|[of] p2a: Lugia
|-sideend|p2: Arabesca|Stealth Rock|[from] move: Defog|[of] p2a: Lugia
|-sideend|p2: Arabesca|Sticky Web|[from] move: Defog|[of] p2a: Lugia
|
|upkeep
|turn|7
|
|t:|1655838442
|move|p1a: Zacian|Behemoth Blade|p2a: Lugia
|-damage|p2a: Lugia|19/100
|move|p2a: Lugia|Roost|p2a: Lugia
|-heal|p2a: Lugia|69/100
|-singleturn|p2a: Lugia|move: Roost
|
|upkeep
|turn|8
|
|t:|1655838463
|move|p1a: Zacian|Swords Dance|p1a: Zacian
|-boost|p1a: Zacian|atk|2
|move|p2a: Lugia|Roost|p2a: Lugia
|-heal|p2a: Lugia|100/100
|-singleturn|p2a: Lugia|move: Roost
|
|upkeep
|turn|9
|
|t:|1655838467
|switch|p2a: Kyogre|Kyogre|100/100
|-weather|RainDance|[from] ability: Drizzle|[of] p2a: Kyogre
|move|p1a: Zacian|Behemoth Blade|p2a: Kyogre
|-resisted|p2a: Kyogre
|-damage|p2a: Kyogre|0 fnt
|faint|p2a: Kyogre
|
|-weather|RainDance|[upkeep]
|upkeep
|c|☆Freeity|lmfao
|
|t:|1655838473
|switch|p2a: Arceus|Arceus-Ground|100/100
|turn|10
|
|t:|1655838484
|move|p2a: Arceus|Judgment|p1a: Zacian
|-supereffective|p1a: Zacian
|-damage|p1a: Zacian|0 fnt
|faint|p1a: Zacian
|
|-weather|RainDance|[upkeep]
|upkeep
|
|t:|1655838492
|switch|p1a: Calyrex|Calyrex-Shadow|100/100
|-ability|p1a: Calyrex|As One
|-ability|p1a: Calyrex|Unnerve
|turn|11
|c|☆Arabesca|ugly dog
|
|t:|1655838500
|move|p1a: Calyrex|Nasty Plot|p1a: Calyrex
|-boost|p1a: Calyrex|spa|2
|move|p2a: Arceus|Judgment|p1a: Calyrex
|-damage|p1a: Calyrex|46/100
|
|-weather|RainDance|[upkeep]
|upkeep
|turn|12
|
|t:|1655838505
|-start|p2a: Arceus|Dynamax|
|-heal|p2a: Arceus|100/100|[silent]
|move|p1a: Calyrex|Astral Barrage|p2a: Arceus
|-damage|p2a: Arceus|43/100
|move|p2a: Arceus|Max Quake|p1a: Calyrex
|-damage|p1a: Calyrex|0 fnt
|-boost|p2a: Arceus|spd|1
|faint|p1a: Calyrex
|
|-weather|RainDance|[upkeep]
|upkeep
|
|t:|1655838518
|switch|p1a: Rayquaza|Rayquaza|100/100
|-ability|p1a: Rayquaza|Air Lock
|turn|13
|
|t:|1655838534
|detailschange|p1a: Rayquaza|Rayquaza-Mega
|-mega|p1a: Rayquaza|Rayquaza|
|-weather|DeltaStream|[from] ability: Delta Stream|[of] p1a: Rayquaza
|move|p2a: Arceus|Max Hailstorm|p1a: Rayquaza
|-activate||deltastream
|-supereffective|p1a: Rayquaza
|-damage|p1a: Rayquaza|13/100
|move|p1a: Rayquaza|Dragon Ascent|p2a: Arceus
|-damage|p2a: Arceus|0 fnt
|-unboost|p1a: Rayquaza|def|1
|-unboost|p1a: Rayquaza|spd|1
|faint|p2a: Arceus
|-damage|p1a: Rayquaza|3/100|[from] item: Life Orb
|
|-weather|DeltaStream|[upkeep]
|upkeep
|
|t:|1655838543
|switch|p2a: Marshadow|Marshadow|100/100
|turn|14
|
|t:|1655838549
|move|p2a: Marshadow|Shadow Sneak|p1a: Rayquaza
|-damage|p1a: Rayquaza|0 fnt
|faint|p1a: Rayquaza
|-weather|none
|-damage|p2a: Marshadow|91/100|[from] item: Life Orb
|
|upkeep
|
|t:|1655838553
|switch|p1a: Yveltal|Yveltal|100/100
|-ability|p1a: Yveltal|Dark Aura
|turn|15
|
|t:|1655838562
|-start|p1a: Yveltal|Dynamax|
|-heal|p1a: Yveltal|100/100|[silent]
|move|p2a: Marshadow|Ice Punch|p1a: Yveltal
|-supereffective|p1a: Yveltal
|-crit|p1a: Yveltal
|-damage|p1a: Yveltal|54/100
|-damage|p2a: Marshadow|81/100|[from] item: Life Orb
|move|p1a: Yveltal|Max Airstream|p2a: Marshadow
|-supereffective|p2a: Marshadow
|-damage|p2a: Marshadow|0 fnt
|-boost|p1a: Yveltal|spe|1
|faint|p2a: Marshadow
|-damage|p1a: Yveltal|49/100|[from] item: Life Orb
|
|upkeep
|c|☆Freeity|bruh
|
|t:|1655838571
|switch|p2a: Lugia|Lugia|100/100
|turn|16
|
|t:|1655838575
|move|p1a: Yveltal|Max Darkness|p2a: Lugia
|-supereffective|p2a: Lugia
|-damage|p2a: Lugia|25/100
|-unboost|p2a: Lugia|spd|1
|-damage|p1a: Yveltal|44/100|[from] item: Life Orb
|move|p2a: Lugia|Toxic|p1a: Yveltal
|-status|p1a: Yveltal|tox
|
|-damage|p1a: Yveltal|41/100 tox|[from] psn
|upkeep
|turn|17
|
|t:|1655838584
|move|p1a: Yveltal|Max Airstream|p2a: Lugia
|-damage|p2a: Lugia|0 fnt
|-boost|p1a: Yveltal|spe|1
|faint|p2a: Lugia
|-damage|p1a: Yveltal|36/100 tox|[from] item: Life Orb
|
|-damage|p1a: Yveltal|30/100 tox|[from] psn
|upkeep
|
|t:|1655838588
|switch|p2a: Naganadel|Naganadel|100/100
|-end|p1a: Yveltal|Dynamax
|-heal|p1a: Yveltal|30/100 tox|[silent]
|turn|18
|
|t:|1655838604
|move|p1a: Yveltal|Oblivion Wing|p2a: Naganadel
|-damage|p2a: Naganadel|7/100
|-heal|p1a: Yveltal|82/100 tox|[from] drain|[of] p2a: Naganadel
|-damage|p1a: Yveltal|72/100 tox|[from] item: Life Orb
|move|p2a: Naganadel|Sludge Wave|p1a: Yveltal
|-damage|p1a: Yveltal|26/100 tox
|
|-damage|p1a: Yveltal|7/100 tox|[from] psn
|upkeep
|turn|19
|
|t:|1655838614
|move|p1a: Yveltal|Oblivion Wing|p2a: Naganadel
|-damage|p2a: Naganadel|0 fnt
|-heal|p1a: Yveltal|11/100 tox|[from] drain|[of] p2a: Naganadel
|faint|p2a: Naganadel
|-damage|p1a: Yveltal|1/100 tox|[from] item: Life Orb
|
|win|Freeity
|c|☆Freeity|gg ez
|c|☆Arabesca|noo
|l|☆Arabesca
