|j|☆iaminyourwallsnow
|j|☆cllout
|t:|1668039858
|gametype|singles
|player|p1|iaminyourwallsnow|erika|1477
|player|p2|cllout|misty-lgpe|1672
|teamsize|p1|6
|teamsize|p2|6
|gen|8
|tier|[Gen 8] National Dex AG
|rated|
|rule|HP Percentage Mod: HP is shown in percentages
|rule|Endless Battle Clause: Forcing endless battles is banned
|clearpoke
|poke|p1|Ditto|
|poke|p1|Bisharp, F|
|poke|p1|Mimikyu, M|
|poke|p1|Gyarados, F|
|poke|p1|Lopunny, F|
|poke|p1|Dugtrio, M|
|poke|p2|Rayquaza|
|poke|p2|Groudon|
|poke|p2|Necrozma-Dusk-Mane|
|poke|p2|Yveltal|
|poke|p2|Calyrex-Shadow|
|poke|p2|Shaymin-Sky|
|teampreview
|inactive|Battle timer is ON: inactive players will automatically lose when time's up. (requested by cllout)
|inactive|iaminyourwallsnow also wants the timer to be on.
|inactive|cllout has 120 seconds left.
|inactive|cllout has 90 seconds left.
|
|t:|1668039934
|start
|switch|p1a: Dugtrio|Dugtrio, M|100/100
|switch|p2a: Calyrex|Calyrex-Shadow|100/100
|-ability|p2a: Calyrex|As One
|-ability|p2a: Calyrex|Unnerve
|turn|1
|
|t:|1668039949
|move|p1a: Dugtrio|Stealth Rock|p2a: Calyrex
|-sidestart|p2: cllout|move: Stealth Rock
|move|p2a: Calyrex|Taunt|p1a: Dugtrio
|-start|p1a: Dugtrio|move: Taunt
|
|upkeep
|turn|2
|
|t:|1668039957
|switch|p1a: Bisharp|Bisharp, F|100/100
|move|p2a: Calyrex|Astral Barrage|p1a: Bisharp
|-resisted|p1a: Bisharp
|-damage|p1a: Bisharp|38/100
|
|upkeep
|turn|3
|inactive|cllout has 120 seconds left.
|
|t:|1668039988
|switch|p2a: Yveltal|Yveltal, shiny|100/100
|-ability|p2a: Yveltal|Dark Aura
|move|p1a: Bisharp|Knock Off|p2a: Yveltal
|-resisted|p2a: Yveltal
|-damage|p2a: Yveltal|56/100
|-enditem|p2a: Yveltal|Heavy-Duty Boots|[from] move: Knock Off|[of] p1a: Bisharp
|-damage|p1a: Bisharp|28/100|[from] item: Life Orb
|
|upkeep
|turn|4
|inactive|cllout has 120 seconds left.
|inactive|iaminyourwallsnow has 120 seconds left.
|
|t:|1668040044
|move|p2a: Yveltal|Dark Pulse|p1a: Bisharp
|-resisted|p1a: Bisharp
|-damage|p1a: Bisharp|0 fnt
|faint|p1a: Bisharp
|
|upkeep
|
|t:|1668040053
|switch|p1a: Lopunny|Lopunny, F|100/100
|turn|5
|inactive|cllout has 120 seconds left.
|
|t:|1668040089
|switch|p2a: Groudon|Groudon|100/100
|-damage|p2a: Groudon|94/100|[from] Stealth Rock
|detailschange|p2a: Groudon|Groudon-Primal
|-primal|p2a: Groudon
|-weather|DesolateLand|[from] ability: Desolate Land|[of] p2a: Groudon
|detailschange|p1a: Lopunny|Lopunny-Mega, F
|-mega|p1a: Lopunny|Lopunny|Lopunnite
|move|p1a: Lopunny|Fake Out|p2a: Groudon
|-damage|p2a: Groudon|83/100
|
|-weather|DesolateLand|[upkeep]
|upkeep
|turn|6
|inactive|iaminyourwallsnow has 90 seconds left.
|
|t:|1668040139
|move|p1a: Lopunny|Close Combat|p2a: Groudon
|-damage|p2a: Groudon|48/100
|-unboost|p1a: Lopunny|def|1
|-unboost|p1a: Lopunny|spd|1
|move|p2a: Groudon|Stealth Rock|p1a: Lopunny
|-sidestart|p1: iaminyourwallsnow|move: Stealth Rock
|
|-weather|DesolateLand|[upkeep]
|upkeep
|turn|7
|inactive|cllout has 90 seconds left.
|
|t:|1668040167
|switch|p1a: Dugtrio|Dugtrio, M|100/100
|-damage|p1a: Dugtrio|94/100|[from] Stealth Rock
|move|p2a: Groudon|Precipice Blades|p1a: Dugtrio
|-damage|p1a: Dugtrio|0 fnt
|faint|p1a: Dugtrio
|
|-weather|DesolateLand|[upkeep]
|upkeep
|
|t:|1668040170
|switch|p1a: Ditto|Ditto|100/100
|-damage|p1a: Ditto|88/100|[from] Stealth Rock
|-transform|p1a: Ditto|p2a: Groudon|[from] ability: Imposter
|turn|8
|inactive|cllout has 90 seconds left.
|
|t:|1668040189
|switch|p2a: Rayquaza|Rayquaza|100/100
|-damage|p2a: Rayquaza|76/100|[from] Stealth Rock
|-ability|p2a: Rayquaza|Air Lock
|move|p1a: Ditto|Stone Edge|p2a: Rayquaza
|-supereffective|p2a: Rayquaza
|-crit|p2a: Rayquaza
|-damage|p2a: Rayquaza|0 fnt
|faint|p2a: Rayquaza
|
|-weather|DesolateLand|[upkeep]
|upkeep
|inactive|cllout has 90 seconds left.
|c|☆cllout|nice
|c|☆iaminyourwallsnow|thx bro
|
|t:|1668040218
|switch|p2a: Groudon|Groudon-Primal|48/100
|-damage|p2a: Groudon|35/100|[from] Stealth Rock
|turn|9
|
|t:|1668040231
|move|p1a: Ditto|Stone Edge|p2a: Groudon
|-crit|p2a: Groudon
|-damage|p2a: Groudon|5/100
|move|p2a: Groudon|Precipice Blades|p1a: Ditto
|-supereffective|p1a: Ditto
|-damage|p1a: Ditto|0 fnt
|faint|p1a: Ditto
|
|-weather|DesolateLand|[upkeep]
|upkeep
|inactive|iaminyourwallsnow has 90 seconds left.
|
|t:|1668040240
|switch|p1a: Gyarados|Gyarados, F, shiny|100/100
|-damage|p1a: Gyarados|75/100|[from] Stealth Rock
|turn|10
|
|t:|1668040253
|-start|p1a: Gyarados|Dynamax|
|-heal|p1a: Gyarados|75/100|[silent]
|move|p1a: Gyarados|Max Airstream|p2a: Groudon
|-damage|p2a: Groudon|0 fnt
|-boost|p1a: Gyarados|spe|1
|faint|p2a: Groudon
|-weather|none
|-ability|p1a: Gyarados|Moxie|boost
|-boost|p1a: Gyarados|atk|1
|-damage|p1a: Gyarados|71/100|[from] item: Life Orb
|
|upkeep
|inactive|cllout has 60 seconds left.
|
|t:|1668040284
|switch|p2a: Necrozma|Necrozma-Dusk-Mane|100/100
|-damage|p2a: Necrozma|94/100|[from] Stealth Rock
|turn|11
|
|t:|1668040288
|move|p1a: Gyarados|Max Quake|p2a: Necrozma
|-supereffective|p2a: Necrozma
|-damage|p2a: Necrozma|24/100
|-boost|p1a: Gyarados|spd|1
|-damage|p1a: Gyarados|66/100|[from] item: Life Orb
|move|p2a: Necrozma|Thunder Wave|p1a: Gyarados
|-status|p1a: Gyarados|par
|
|upkeep
|turn|12
|inactive|cllout has 60 seconds left.
|
|t:|1668040301
|move|p1a: Gyarados|Max Airstream|p2a: Necrozma
|-resisted|p2a: Necrozma
|-damage|p2a: Necrozma|0 fnt
|-boost|p1a: Gyarados|spe|1
|faint|p2a: Necrozma
|-ability|p1a: Gyarados|Moxie|boost
|-boost|p1a: Gyarados|atk|1
|-damage|p1a: Gyarados|61/100 par|[from] item: Life Orb
|
|upkeep
|inactive|cllout has 60 seconds left.
|inactive|cllout has 30 seconds left.
|inactive|cllout has 20 seconds left.
|inactive|cllout has 15 seconds left.
|
|t:|1668040353
|switch|p2a: Calyrex|Calyrex-Shadow|100/100
|-ability|p2a: Calyrex|As One
|-ability|p2a: Calyrex|Unnerve
|-damage|p2a: Calyrex|88/100|[from] Stealth Rock
|-end|p1a: Gyarados|Dynamax
|-heal|p1a: Gyarados|61/100 par|[silent]
|turn|13
|inactive|cllout has 25 seconds left this turn.
|inactive|cllout has 20 seconds left.
|
|t:|1668040361
|-start|p2a: Calyrex|Dynamax|
|-heal|p2a: Calyrex|88/100|[silent]
|move|p2a: Calyrex|Max Phantasm|p1a: Gyarados
|-crit|p1a: Gyarados
|-damage|p1a: Gyarados|0 fnt
|faint|p1a: Gyarados
|-ability|p2a: Calyrex|Grim Neigh|boost
|-boost|p2a: Calyrex|spa|1
|
|upkeep
|inactive|cllout has 25 seconds left this turn.
|
|t:|1668040366
|switch|p1a: Mimikyu|Mimikyu, M|100/100
|-damage|p1a: Mimikyu|88/100|[from] Stealth Rock
|turn|14
|inactive|cllout has 30 seconds left.
|
|t:|1668040378
|move|p2a: Calyrex|Max Phantasm|p1a: Mimikyu
|-activate|p1a: Mimikyu|ability: Disguise
|-damage|p1a: Mimikyu|88/100
|-unboost|p1a: Mimikyu|def|1
|detailschange|p1a: Mimikyu|Mimikyu-Busted, M
|-damage|p1a: Mimikyu|76/100|[from] pokemon: Mimikyu-Busted
|-enditem|p1a: Mimikyu|Red Card|[of] p2a: Calyrex
|-block|p2a: Calyrex|Dynamax
|move|p1a: Mimikyu|Shadow Claw|p2a: Calyrex
|-supereffective|p2a: Calyrex
|-damage|p2a: Calyrex|14/100
|
|upkeep
|turn|15
|inactive|cllout has 30 seconds left.
|
|t:|1668040386
|move|p1a: Mimikyu|Shadow Sneak|p2a: Calyrex
|-supereffective|p2a: Calyrex
|-damage|p2a: Calyrex|0 fnt
|faint|p2a: Calyrex
|
|upkeep
|inactive|cllout has 30 seconds left.
|inactive|cllout has 20 seconds left.
|inactive|cllout has 15 seconds left.
|inactive|cllout has 10 seconds left.
|
|t:|1668040412
|switch|p2a: Yveltal|Yveltal, shiny|56/100
|-damage|p2a: Yveltal|31/100|[from] Stealth Rock
|-ability|p2a: Yveltal|Dark Aura
|turn|16
|inactive|cllout has 20 seconds left this turn.
|inactive|cllout has 15 seconds left.
|
|t:|1668040420
|move|p1a: Mimikyu|Shadow Sneak|p2a: Yveltal
|-resisted|p2a: Yveltal
|-damage|p2a: Yveltal|24/100
|move|p2a: Yveltal|Oblivion Wing|p1a: Mimikyu
|-damage|p1a: Mimikyu|31/100
|-heal|p2a: Yveltal|45/100|[from] drain|[of] p1a: Mimikyu
|
|upkeep
|turn|17
|inactive|cllout has 25 seconds left this turn.
|inactive|cllout has 20 seconds left.
|
|t:|1668040429
|move|p1a: Mimikyu|Play Rough|p2a: Yveltal
|-supereffective|p2a: Yveltal
|-damage|p2a: Yveltal|0 fnt
|faint|p2a: Yveltal
|
|upkeep
|inactive|cllout has 25 seconds left this turn.
|inactive|cllout has 20 seconds left.
|
|t:|1668040434
|switch|p2a: Shaymin|Shaymin-Sky|100/100
|-damage|p2a: Shaymin|76/100|[from] Stealth Rock
|turn|18
|inactive|cllout has 30 seconds left this turn.
|c|☆iaminyourwallsnow|noticed i was faster
|c|☆iaminyourwallsnow|lol
|inactive|cllout has 20 seconds left.
|c|☆cllout|ye
|inactive|cllout has 15 seconds left.
|inactive|cllout has 10 seconds left.
|
|t:|1668040454
|move|p1a: Mimikyu|Shadow Sneak|p2a: Shaymin
|-damage|p2a: Shaymin|54/100
|move|p2a: Shaymin|Air Slash|p1a: Mimikyu
|-damage|p1a: Mimikyu|0 fnt
|faint|p1a: Mimikyu
|
|upkeep
|inactive|cllout has 15 seconds left this turn.
|
|t:|1668040458
|switch|p1a: Lopunny|Lopunny-Mega, F|100/100
|-damage|p1a: Lopunny|94/100|[from] Stealth Rock
|turn|19
|inactive|cllout has 25 seconds left this turn.
|inactive|cllout has 20 seconds left.
|
|t:|1668040464
|move|p1a: Lopunny|Fake Out|p2a: Shaymin
|-damage|p2a: Shaymin|29/100
|cant|p2a: Shaymin|flinch
|
|upkeep
|turn|20
|inactive|cllout has 30 seconds left this turn.
|
|t:|1668040469
|move|p1a: Lopunny|Return|p2a: Shaymin
|-damage|p2a: Shaymin|0 fnt
|faint|p2a: Shaymin
|
|win|iaminyourwallsnow
|raw|iaminyourwallsnow's rating: 1494 &rarr; <strong>1523</strong><br />(+29 for winning)
|raw|cllout's rating: 1672 &rarr; <strong>1643</strong><br />(-29 for losing)
|c|☆iaminyourwallsnow|gg wp
|c|☆cllout|gg
|l|☆cllout
||Ladder isn't responding, score probably updated but might not have (Request timeout).
