|j|☆ImAbroom
|j|☆TaxFraud094
|inactive|Battle timer is ON: inactive players will automatically lose when time's up.
|t:|1666204710
|gametype|singles
|player|p1|ImAbroom|red|
|player|p2|TaxFraud094|elesa-masters|
|teamsize|p1|6
|teamsize|p2|6
|gen|8
|tier|[Gen 8] National Dex AG
|rated|Tournament battle
|rule|HP Percentage Mod: HP is shown in percentages
|rule|Endless Battle Clause: Forcing endless battles is banned
|clearpoke
|poke|p1|Rayquaza|
|poke|p1|Xerneas-*|
|poke|p1|Zacian-*|
|poke|p1|Zygarde|
|poke|p1|Groudon|
|poke|p1|Ho-Oh|
|poke|p2|Yveltal|
|poke|p2|Necrozma-Dusk-Mane|
|poke|p2|Groudon|
|poke|p2|Arceus-*|
|poke|p2|Arceus-*|
|poke|p2|Arceus-*|
|teampreview
|inactive|TaxFraud094 also wants the timer to be on.
|j| Wrathoftheleopard
|c|☆TaxFraud094|glhf
|j| 09-10a
|j| albeedu
|inactive|TaxFraud094 has 120 seconds left.
|
|t:|1666204764
|start
|switch|p1a: Upper Moon 5|Groudon|100/100
|switch|p2a: Arceus|Arceus-Water|100/100
|detailschange|p1a: Upper Moon 5|Groudon-Primal
|-primal|p1a: Upper Moon 5
|-weather|DesolateLand|[from] ability: Desolate Land|[of] p1a: Upper Moon 5
|turn|1
|
|t:|1666204787
|-weather|none
|switch|p1a: Upper Moon 6|Ho-Oh|100/100
|move|p2a: Arceus|Toxic|p1a: Upper Moon 6
|-status|p1a: Upper Moon 6|tox
|
|-damage|p1a: Upper Moon 6|94/100 tox|[from] psn
|upkeep
|turn|2
|j| Shattering Earth
|c| Shattering Earth|Broom if you lose this
|
|t:|1666204812
|switch|p2a: Arceus|Arceus-Dark|100/100
|move|p1a: Upper Moon 6|Toxic|p2a: Arceus|[miss]
|-miss|p1a: Upper Moon 6|p2a: Arceus
|
|-damage|p1a: Upper Moon 6|82/100 tox|[from] psn
|upkeep
|turn|3
|
|t:|1666204820
|move|p2a: Arceus|Whirlpool|p1a: Upper Moon 6
|-supereffective|p1a: Upper Moon 6
|-damage|p1a: Upper Moon 6|73/100 tox
|-activate|p1a: Upper Moon 6|move: Whirlpool|[of] p2a: Arceus
|move|p1a: Upper Moon 6|Toxic|p2a: Arceus
|-status|p2a: Arceus|tox
|
|-damage|p2a: Arceus|94/100 tox|[from] psn
|-damage|p1a: Upper Moon 6|55/100 tox|[from] psn
|-damage|p1a: Upper Moon 6|42/100 tox|[from] move: Whirlpool|[partiallytrapped]
|upkeep
|turn|4
|
|t:|1666204835
|move|p2a: Arceus|Judgment|p1a: Upper Moon 6
|-damage|p1a: Upper Moon 6|19/100 tox
|move|p1a: Upper Moon 6|Whirlwind|p2a: Arceus
|drag|p2a: Yveltal|Yveltal|100/100
|-ability|p2a: Yveltal|Dark Aura
|
|-damage|p1a: Upper Moon 6|0 fnt|[from] psn
|faint|p1a: Upper Moon 6
|upkeep
|j| UnovaWorkersParty
|
|t:|1666204844
|switch|p1a: Upper Moon 3|Zacian-Crowned|100/100
|-ability|p1a: Upper Moon 3|Intrepid Sword|boost
|-boost|p1a: Upper Moon 3|atk|1
|turn|5
|
|t:|1666204864
|switch|p2a: Arceus|Arceus-Dark|94/100 tox
|move|p1a: Upper Moon 3|Play Rough|p2a: Arceus
|-supereffective|p2a: Arceus
|-damage|p2a: Arceus|0 fnt
|faint|p2a: Arceus
|
|upkeep
|c| Shattering Earth|Wtf
|
|t:|1666204878
|switch|p2a: Groudon|Groudon|100/100
|detailschange|p2a: Groudon|Groudon-Primal
|-primal|p2a: Groudon
|-weather|DesolateLand|[from] ability: Desolate Land|[of] p2a: Groudon
|turn|6
|c|☆ImAbroom|Wut was that
|
|t:|1666204886
|switch|p1a: Upper Moon 4|Zygarde|100/100
|move|p2a: Groudon|Stealth Rock|p1a: Upper Moon 4
|-sidestart|p1: ImAbroom|move: Stealth Rock
|
|-weather|DesolateLand|[upkeep]
|upkeep
|turn|7
|c| Shattering Earth|I dunno
|
|t:|1666204890
|-weather|none
|switch|p2a: Arceus|Arceus-Water|100/100
|move|p1a: Upper Moon 4|Thousand Arrows|p2a: Arceus
|-damage|p2a: Arceus|83/100
|
|upkeep
|turn|8
|l| UnovaWorkersParty
|
|t:|1666204911
|switch|p1a: Upper Moon 3|Zacian-Crowned|100/100
|-damage|p1a: Upper Moon 3|94/100|[from] Stealth Rock
|-ability|p1a: Upper Moon 3|Intrepid Sword|boost
|-boost|p1a: Upper Moon 3|atk|1
|move|p2a: Arceus|Ice Beam|p1a: Upper Moon 3
|-resisted|p1a: Upper Moon 3
|-damage|p1a: Upper Moon 3|82/100
|
|upkeep
|turn|9
|c| Shattering Earth|Well this is the finals?
|
|t:|1666204917
|switch|p2a: Groudon|Groudon-Primal|100/100
|-weather|DesolateLand|[from] ability: Desolate Land|[of] p2a: Groudon
|move|p1a: Upper Moon 3|Substitute|p1a: Upper Moon 3
|-start|p1a: Upper Moon 3|Substitute
|-damage|p1a: Upper Moon 3|57/100
|
|-weather|DesolateLand|[upkeep]
|upkeep
|turn|10
|c| Shattering Earth|itms a bit dissapointing
|
|t:|1666204923
|move|p1a: Upper Moon 3|Crunch|p2a: Groudon
|-damage|p2a: Groudon|73/100
|move|p2a: Groudon|Roar|p1a: Upper Moon 3
|drag|p1a: Upper Moon 2|Xerneas|100/100
|-damage|p1a: Upper Moon 2|88/100|[from] Stealth Rock
|-ability|p1a: Upper Moon 2|Fairy Aura
|
|-weather|DesolateLand|[upkeep]
|upkeep
|turn|11
|
|t:|1666204936
|move|p1a: Upper Moon 2|Moonblast|p2a: Groudon
|-resisted|p2a: Groudon
|-damage|p2a: Groudon|47/100
|move|p2a: Groudon|Precipice Blades|p1a: Upper Moon 2
|-crit|p1a: Upper Moon 2
|-damage|p1a: Upper Moon 2|0 fnt
|faint|p1a: Upper Moon 2
|
|-weather|DesolateLand|[upkeep]
|upkeep
|c|☆ImAbroom|👁👁
|c| Shattering Earth|…
|c|☆TaxFraud094|mb
|inactive|ImAbroom has 120 seconds left.
|
|t:|1666204965
|switch|p1a: Upper Moon 5|Groudon-Primal|100/100
|-damage|p1a: Upper Moon 5|88/100|[from] Stealth Rock
|turn|12
|
|t:|1666204973
|move|p1a: Upper Moon 5|Precipice Blades|p2a: Groudon
|-supereffective|p2a: Groudon
|-damage|p2a: Groudon|0 fnt
|faint|p2a: Groudon
|
|-weather|DesolateLand|[upkeep]
|upkeep
|
|t:|1666204976
|switch|p2a: Arceus|Arceus-Ground|100/100
|turn|13
|
|t:|1666204991
|-weather|none
|switch|p1a: Upper Moon 4|Zygarde|100/100
|-damage|p1a: Upper Moon 4|94/100|[from] Stealth Rock
|move|p2a: Arceus|Judgment|p1a: Upper Moon 4
|-damage|p1a: Upper Moon 4|40/100
|
|-heal|p1a: Upper Moon 4|47/100|[from] item: Leftovers
|-activate|p1a: Upper Moon 4|ability: Power Construct
|detailschange|p1a: Upper Moon 4|Zygarde-Complete
|-heal|p1a: Upper Moon 4|65/100|[silent]
|upkeep
|turn|14
|
|t:|1666204995
|move|p2a: Arceus|Ice Beam|p1a: Upper Moon 4
|-supereffective|p1a: Upper Moon 4
|-damage|p1a: Upper Moon 4|0 fnt
|faint|p1a: Upper Moon 4
|
|upkeep
|
|t:|1666205000
|switch|p1a: Upper Moon 3|Zacian-Crowned|57/100
|-damage|p1a: Upper Moon 3|51/100|[from] Stealth Rock
|-ability|p1a: Upper Moon 3|Intrepid Sword|boost
|-boost|p1a: Upper Moon 3|atk|1
|turn|15
|
|t:|1666205010
|move|p1a: Upper Moon 3|Behemoth Blade|p2a: Arceus
|-damage|p2a: Arceus|29/100
|move|p2a: Arceus|Judgment|p1a: Upper Moon 3
|-supereffective|p1a: Upper Moon 3
|-damage|p1a: Upper Moon 3|0 fnt
|faint|p1a: Upper Moon 3
|
|upkeep
|
|t:|1666205014
|switch|p1a: Upper Moon 1|Rayquaza|100/100
|-damage|p1a: Upper Moon 1|76/100|[from] Stealth Rock
|-ability|p1a: Upper Moon 1|Air Lock
|turn|16
|
|t:|1666205018
|detailschange|p1a: Upper Moon 1|Rayquaza-Mega
|-mega|p1a: Upper Moon 1|Rayquaza|
|-weather|DeltaStream|[from] ability: Delta Stream|[of] p1a: Upper Moon 1
|move|p2a: Arceus|Ice Beam|p1a: Upper Moon 1
|-activate||deltastream
|-supereffective|p1a: Upper Moon 1
|-damage|p1a: Upper Moon 1|13/100
|move|p1a: Upper Moon 1|Dragon Ascent|p2a: Arceus
|-damage|p2a: Arceus|0 fnt
|-unboost|p1a: Upper Moon 1|def|1
|-unboost|p1a: Upper Moon 1|spd|1
|faint|p2a: Arceus
|
|-weather|DeltaStream|[upkeep]
|upkeep
|
|t:|1666205040
|switch|p2a: Necrozma|Necrozma-Dusk-Mane|100/100
|turn|17
|j|+Frozoid
|
|t:|1666205046
|move|p1a: Upper Moon 1|Earthquake|p2a: Necrozma
|-supereffective|p2a: Necrozma
|-damage|p2a: Necrozma|64/100
|move|p2a: Necrozma|Dragon Dance|p2a: Necrozma
|-boost|p2a: Necrozma|atk|1
|-boost|p2a: Necrozma|spe|1
|
|-weather|DeltaStream|[upkeep]
|upkeep
|turn|18
|
|t:|1666205051
|move|p1a: Upper Moon 1|Dragon Dance|p1a: Upper Moon 1
|-boost|p1a: Upper Moon 1|atk|1
|-boost|p1a: Upper Moon 1|spe|1
|move|p2a: Necrozma|Moonlight|p2a: Necrozma
|-heal|p2a: Necrozma|100/100
|
|-weather|DeltaStream|[upkeep]
|upkeep
|turn|19
|
|t:|1666205064
|-start|p2a: Necrozma|Dynamax|
|-heal|p2a: Necrozma|100/100|[silent]
|move|p1a: Upper Moon 1|Earthquake|p2a: Necrozma
|-supereffective|p2a: Necrozma
|-damage|p2a: Necrozma|76/100
|move|p2a: Necrozma|Max Steelspike|p1a: Upper Moon 1
|-damage|p1a: Upper Moon 1|0 fnt
|-boost|p2a: Necrozma|def|1
|faint|p1a: Upper Moon 1
|-weather|none
|
|upkeep
|
|t:|1666205067
|switch|p1a: Upper Moon 5|Groudon-Primal|88/100
|-damage|p1a: Upper Moon 5|76/100|[from] Stealth Rock
|-weather|DesolateLand|[from] ability: Desolate Land|[of] p1a: Upper Moon 5
|turn|20
|j| Obito 2001
|
|t:|1666205069
|move|p1a: Upper Moon 5|Fire Punch|p2a: Necrozma
|-supereffective|p2a: Necrozma
|-damage|p2a: Necrozma|56/100
|-status|p2a: Necrozma|brn
|-damage|p1a: Upper Moon 5|59/100|[from] item: Rocky Helmet|[of] p2a: Necrozma
|move|p2a: Necrozma|Max Quake|p1a: Upper Moon 5
|-supereffective|p1a: Upper Moon 5
|-damage|p1a: Upper Moon 5|18/100
|-boost|p2a: Necrozma|spd|1
|
|-weather|DesolateLand|[upkeep]
|-damage|p2a: Necrozma|53/100 brn|[from] brn
|upkeep
|turn|21
|
|t:|1666205075
|move|p1a: Upper Moon 5|Precipice Blades|p2a: Necrozma
|-supereffective|p2a: Necrozma
|-damage|p2a: Necrozma|32/100 brn
|move|p2a: Necrozma|Max Quake|p1a: Upper Moon 5
|-supereffective|p1a: Upper Moon 5
|-damage|p1a: Upper Moon 5|0 fnt
|-boost|p2a: Necrozma|spd|1
|faint|p1a: Upper Moon 5
|-weather|none
|
|win|TaxFraud094
|n|☆ImAbroom|imabroom
|n|☆TaxFraud094|taxfraud094
|n| Wrathoftheleopard|wrathoftheleopard
|n| 09-10a|0910a
|n| albeedu|albeedu
|n| Shattering Earth|shatteringearth
|n| Frozoid|frozoid
|n| Obito 2001|obito2001
|c|☆TaxFraud094|gg
|c| Shattering Earth|Wow this is just…
|c|☆ImAbroom|Gg
|l|☆ImAbroom
|l| Frozoid
|c| Shattering Earth|Taxfraud check the games I did lmao
|l|☆TaxFraud094
|l| Obito 2001
|l| Wrathoftheleopard
|l| Shattering Earth
|j| billette
|l| billette
|l| 09-10a
|j|☆TaxFraud094
|player|p2|TaxFraud094|elesa-masters
