|j|☆freezybreezy
|j|☆Adil
|t:|1653243457
|gametype|singles
|player|p1|freezybreezy|169|1588
|player|p2|Adil|170|1727
|teamsize|p1|6
|teamsize|p2|6
|gen|8
|tier|[Gen 8] National Dex AG
|rated|
|rule|HP Percentage Mod: HP is shown in percentages
|rule|Endless Battle Clause: Forcing endless battles is banned
|clearpoke
|poke|p1|Yveltal|
|poke|p1|Darkrai|
|poke|p1|Urshifu-*, M|
|poke|p1|Greninja, F|
|poke|p1|Sableye, F|
|poke|p1|Weavile, M|
|poke|p2|Rayquaza|
|poke|p2|Zacian-*|
|poke|p2|Zygarde|
|poke|p2|Arceus-*|
|poke|p2|Calyrex-Shadow|
|poke|p2|Tyranitar, M|
|teampreview
|j| slime patrol
|inactive|Battle timer is ON: inactive players will automatically lose when time's up. (requested by freezybreezy)
|
|t:|1653243487
|start
|switch|p1a: Sableye|Sableye, F|100/100
|switch|p2a: Zacian|Zacian-Crowned|100/100
|-ability|p2a: Zacian|Intrepid Sword|boost
|-boost|p2a: Zacian|atk|1
|turn|1
|
|t:|1653243491
|move|p1a: Sableye|Will-O-Wisp|p2a: Zacian
|-status|p2a: Zacian|brn
|move|p2a: Zacian|Play Rough|p1a: Sableye
|-supereffective|p1a: Sableye
|-damage|p1a: Sableye|0 fnt
|faint|p1a: Sableye
|
|-damage|p2a: Zacian|94/100 brn|[from] brn
|upkeep
|
|t:|1653243501
|switch|p1a: Urshifu|Urshifu, M|100/100
|turn|2
|inactive|Adil has 120 seconds left.
|
|t:|1653243533
|move|p1a: Urshifu|Fire Punch|p2a: Zacian
|-supereffective|p2a: Zacian
|-damage|p2a: Zacian|49/100 brn
|move|p2a: Zacian|Play Rough|p1a: Urshifu|[miss]
|-miss|p2a: Zacian|p1a: Urshifu
|
|-damage|p2a: Zacian|43/100 brn|[from] brn
|upkeep
|turn|3
|
|t:|1653243541
|switch|p2a: Arceus|Arceus-Water|100/100
|move|p1a: Urshifu|Fire Punch|p2a: Arceus
|-resisted|p2a: Arceus
|-damage|p2a: Arceus|94/100
|
|upkeep
|turn|4
|
|t:|1653243546
|switch|p1a: Greninja|Greninja, F|100/100
|move|p2a: Arceus|Judgment|p1a: Greninja
|-resisted|p1a: Greninja
|-damage|p1a: Greninja|62/100
|
|upkeep
|turn|5
|
|t:|1653243553
|move|p1a: Greninja|Gunk Shot|p2a: Arceus|[miss]
|-start|p1a: Greninja|typechange|Poison|[from] ability: Protean
|-miss|p1a: Greninja|p2a: Arceus
|move|p2a: Arceus|Recover|p2a: Arceus
|-heal|p2a: Arceus|100/100
|
|upkeep
|turn|6
|
|t:|1653243564
|switch|p1a: Urshifu|Urshifu, M|100/100
|move|p2a: Arceus|Judgment|p1a: Urshifu
|-damage|p1a: Urshifu|24/100
|
|upkeep
|turn|7
|
|t:|1653243568
|move|p1a: Urshifu|Wicked Blow|p2a: Arceus
|-crit|p2a: Arceus
|-damage|p2a: Arceus|69/100
|move|p2a: Arceus|Judgment|p1a: Urshifu
|-damage|p1a: Urshifu|0 fnt
|faint|p1a: Urshifu
|
|upkeep
|
|t:|1653243574
|switch|p1a: Darkrai|Darkrai|100/100
|turn|8
|
|t:|1653243581
|move|p1a: Darkrai|Hypnosis|p2a: Arceus
|-status|p2a: Arceus|slp|[from] move: Hypnosis
|cant|p2a: Arceus|slp
|
|-damage|p2a: Arceus|56/100 slp|[from] ability: Bad Dreams|[of] p1a: Darkrai
|upkeep
|turn|9
|
|t:|1653243593
|move|p1a: Darkrai|Dark Pulse|p2a: Arceus
|-damage|p2a: Arceus|30/100 slp
|cant|p2a: Arceus|slp
|
|-damage|p2a: Arceus|18/100 slp|[from] ability: Bad Dreams|[of] p1a: Darkrai
|upkeep
|turn|10
|
|t:|1653243599
|move|p1a: Darkrai|Dark Pulse|p2a: Arceus
|-damage|p2a: Arceus|0 fnt
|faint|p2a: Arceus
|
|upkeep
|
|t:|1653243602
|switch|p2a: Tyranitar|Tyranitar, M|100/100
|-weather|Sandstorm|[from] ability: Sand Stream|[of] p2a: Tyranitar
|turn|11
|
|t:|1653243604
|move|p1a: Darkrai|Hypnosis|p2a: Tyranitar
|-status|p2a: Tyranitar|slp|[from] move: Hypnosis
|cant|p2a: Tyranitar|slp
|
|-weather|Sandstorm|[upkeep]
|-damage|p1a: Darkrai|94/100|[from] Sandstorm
|-damage|p2a: Tyranitar|88/100 slp|[from] ability: Bad Dreams|[of] p1a: Darkrai
|upkeep
|turn|12
|
|t:|1653243607
|move|p1a: Darkrai|Nasty Plot|p1a: Darkrai
|-boost|p1a: Darkrai|spa|2
|cant|p2a: Tyranitar|slp
|
|-weather|Sandstorm|[upkeep]
|-damage|p1a: Darkrai|88/100|[from] Sandstorm
|-heal|p2a: Tyranitar|94/100 slp|[from] item: Leftovers
|-damage|p2a: Tyranitar|82/100 slp|[from] ability: Bad Dreams|[of] p1a: Darkrai
|upkeep
|turn|13
|
|t:|1653243609
|move|p1a: Darkrai|Dark Pulse|p2a: Tyranitar
|-resisted|p2a: Tyranitar
|-crit|p2a: Tyranitar
|-damage|p2a: Tyranitar|55/100 slp
|-curestatus|p2a: Tyranitar|slp|[msg]
|move|p2a: Tyranitar|Stealth Rock|p1a: Darkrai
|-sidestart|p1: freezybreezy|move: Stealth Rock
|
|-weather|Sandstorm|[upkeep]
|-damage|p1a: Darkrai|82/100|[from] Sandstorm
|-heal|p2a: Tyranitar|61/100|[from] item: Leftovers
|upkeep
|turn|14
|
|t:|1653243615
|move|p1a: Darkrai|Hypnosis|p2a: Tyranitar
|-status|p2a: Tyranitar|slp|[from] move: Hypnosis
|cant|p2a: Tyranitar|slp
|
|-weather|Sandstorm|[upkeep]
|-damage|p1a: Darkrai|76/100|[from] Sandstorm
|-heal|p2a: Tyranitar|67/100 slp|[from] item: Leftovers
|-damage|p2a: Tyranitar|55/100 slp|[from] ability: Bad Dreams|[of] p1a: Darkrai
|upkeep
|turn|15
|
|t:|1653243622
|move|p1a: Darkrai|Dark Pulse|p2a: Tyranitar
|-resisted|p2a: Tyranitar
|-damage|p2a: Tyranitar|38/100 slp
|-curestatus|p2a: Tyranitar|slp|[msg]
|cant|p2a: Tyranitar|flinch
|
|-weather|none
|-heal|p2a: Tyranitar|45/100|[from] item: Leftovers
|upkeep
|turn|16
|
|t:|1653243627
|move|p1a: Darkrai|Hypnosis|p2a: Tyranitar
|-status|p2a: Tyranitar|slp|[from] move: Hypnosis
|cant|p2a: Tyranitar|slp
|
|-heal|p2a: Tyranitar|51/100 slp|[from] item: Leftovers
|-damage|p2a: Tyranitar|38/100 slp|[from] ability: Bad Dreams|[of] p1a: Darkrai
|upkeep
|turn|17
|
|t:|1653243630
|move|p1a: Darkrai|Dark Pulse|p2a: Tyranitar
|-resisted|p2a: Tyranitar
|-damage|p2a: Tyranitar|14/100 slp
|-curestatus|p2a: Tyranitar|slp|[msg]
|move|p2a: Tyranitar|Rock Blast|p1a: Darkrai|[miss]
|-miss|p2a: Tyranitar|p1a: Darkrai
|
|-heal|p2a: Tyranitar|21/100|[from] item: Leftovers
|upkeep
|turn|18
|
|t:|1653243637
|move|p1a: Darkrai|Dark Pulse|p2a: Tyranitar
|-resisted|p2a: Tyranitar
|-damage|p2a: Tyranitar|0 fnt
|faint|p2a: Tyranitar
|
|upkeep
|
|t:|1653243640
|switch|p2a: Zacian|Zacian-Crowned|43/100 brn
|-ability|p2a: Zacian|Intrepid Sword|boost
|-boost|p2a: Zacian|atk|1
|turn|19
|
|t:|1653243645
|move|p2a: Zacian|Behemoth Blade|p1a: Darkrai
|-damage|p1a: Darkrai|5/100
|move|p1a: Darkrai|Dark Pulse|p2a: Zacian
|-resisted|p2a: Zacian
|-damage|p2a: Zacian|0 fnt
|faint|p2a: Zacian
|
|upkeep
|
|t:|1653243647
|switch|p2a: Rayquaza|Rayquaza|100/100
|-ability|p2a: Rayquaza|Air Lock
|turn|20
|
|t:|1653243650
|detailschange|p2a: Rayquaza|Rayquaza-Mega
|-mega|p2a: Rayquaza|Rayquaza|
|-weather|DeltaStream|[from] ability: Delta Stream|[of] p2a: Rayquaza
|move|p2a: Rayquaza|Extreme Speed|p1a: Darkrai
|-damage|p1a: Darkrai|0 fnt
|faint|p1a: Darkrai
|
|-weather|DeltaStream|[upkeep]
|upkeep
|
|t:|1653243670
|switch|p1a: Greninja|Greninja, F|62/100
|-damage|p1a: Greninja|49/100|[from] Stealth Rock
|turn|21
|
|t:|1653243679
|move|p2a: Rayquaza|Extreme Speed|p1a: Greninja
|-damage|p1a: Greninja|0 fnt
|faint|p1a: Greninja
|
|-weather|DeltaStream|[upkeep]
|upkeep
|inactive|freezybreezy has 120 seconds left.
|inactive|freezybreezy has 90 seconds left.
|
|t:|1653243739
|switch|p1a: Weavile|Weavile, M|100/100
|-damage|p1a: Weavile|76/100|[from] Stealth Rock
|-ability|p1a: Weavile|Pressure
|turn|22
|inactive|Adil has 120 seconds left.
|
|t:|1653243783
|move|p2a: Rayquaza|Extreme Speed|p1a: Weavile
|-damage|p1a: Weavile|6/100
|move|p1a: Weavile|Triple Axel|p2a: Rayquaza
|-activate||deltastream
|-supereffective|p2a: Rayquaza
|-damage|p2a: Rayquaza|82/100
|-activate||deltastream
|-supereffective|p2a: Rayquaza
|-damage|p2a: Rayquaza|42/100
|-activate||deltastream
|-supereffective|p2a: Rayquaza
|-damage|p2a: Rayquaza|0 fnt
|faint|p2a: Rayquaza
|-weather|none
|-hitcount|p2: Rayquaza|3
|
|upkeep
|
|t:|1653243788
|switch|p2a: Calyrex|Calyrex-Shadow|100/100
|-ability|p2a: Calyrex|As One
|-ability|p2a: Calyrex|Unnerve
|turn|23
|
|t:|1653243796
|move|p1a: Weavile|Ice Shard|p2a: Calyrex
|-damage|p2a: Calyrex|78/100
|move|p2a: Calyrex|Draining Kiss|p1a: Weavile
|-supereffective|p1a: Weavile
|-damage|p1a: Weavile|0 fnt
|-heal|p2a: Calyrex|82/100|[from] drain|[of] p1a: Weavile
|faint|p1a: Weavile
|-ability|p2a: Calyrex|Grim Neigh|boost
|-boost|p2a: Calyrex|spa|1
|
|upkeep
|
|t:|1653243798
|switch|p1a: Yveltal|Yveltal|100/100
|-damage|p1a: Yveltal|76/100|[from] Stealth Rock
|-ability|p1a: Yveltal|Dark Aura
|turn|24
|
|t:|1653243803
|-start|p2a: Calyrex|Dynamax|
|-heal|p2a: Calyrex|82/100|[silent]
|-start|p1a: Yveltal|Dynamax|
|-heal|p1a: Yveltal|76/100|[silent]
|move|p2a: Calyrex|Max Guard|p2a: Calyrex
|-singleturn|p2a: Calyrex|Max Guard
|move|p1a: Yveltal|Max Airstream|p2a: Calyrex
|-activate|p2a: Calyrex|move: Max Guard
|
|upkeep
|turn|25
|
|t:|1653243819
|move|p2a: Calyrex|Max Starfall|p1a: Yveltal
|-supereffective|p1a: Yveltal
|-damage|p1a: Yveltal|17/100
|-fieldstart|move: Misty Terrain
|move|p1a: Yveltal|Max Darkness|p2a: Calyrex
|-supereffective|p2a: Calyrex
|-damage|p2a: Calyrex|0 fnt
|faint|p2a: Calyrex
|-damage|p1a: Yveltal|12/100|[from] item: Life Orb
|
|upkeep
|
|t:|1653243825
|switch|p2a: Zygarde|Zygarde|100/100
|turn|26
|
|t:|1653243834
|move|p1a: Yveltal|Max Darkness|p2a: Zygarde
|-damage|p2a: Zygarde|0 fnt
|faint|p2a: Zygarde
|-damage|p1a: Yveltal|7/100|[from] item: Life Orb
|
|win|freezybreezy
|raw|freezybreezy's rating: 1588 &rarr; <strong>1616</strong><br />(+28 for winning)
|raw|Adil's rating: 1743 &rarr; <strong>1715</strong><br />(-28 for losing)
|l|☆Adil
