|j|☆The AG Experience
|j|☆Leafstorm121❤
|t:|1612376000
|player|p1|The AG Experience|gamer-gen3|
|player|p2|Leafstorm121❤|sina|
|teamsize|p1|6
|teamsize|p2|6
|gametype|singles
|gen|8
|tier|[Gen 8] National Dex AG
|rated|Tournament battle
|clearpoke
|poke|p1|Shedinja|
|poke|p1|Ho-Oh|
|poke|p1|Chansey, F|
|poke|p1|Arceus-*|
|poke|p1|Kyogre|
|poke|p1|Ditto|
|poke|p2|Smeargle, F|
|poke|p2|Rayquaza|
|poke|p2|Groudon|
|poke|p2|Yveltal|
|poke|p2|Arceus-*|
|poke|p2|Calyrex-Shadow|
|rule|HP Percentage Mod: HP is shown in percentages
|rule|Endless Battle Clause: Forcing endless battles is banned
|teampreview
|
|t:|1612376016
|start
|switch|p1a: Arceus–Fighting|Arceus-Ground|100/100
|switch|p2a: Rayquaza|Rayquaza|100/100
|-ability|p2a: Rayquaza|Air Lock
|turn|1
|
|t:|1612376024
|detailschange|p2a: Rayquaza|Rayquaza-Mega
|-mega|p2a: Rayquaza|Rayquaza|
|-weather|DeltaStream|[from] ability: Delta Stream|[of] p2a: Rayquaza
|move|p2a: Rayquaza|Swords Dance|p2a: Rayquaza
|-boost|p2a: Rayquaza|atk|2
|move|p1a: Arceus–Fighting|Ice Beam|p2a: Rayquaza
|-activate||deltastream
|-supereffective|p2a: Rayquaza
|-damage|p2a: Rayquaza|50/100
|
|-weather|DeltaStream|[upkeep]
|upkeep
|turn|2
|
|t:|1612376035
|-start|p1a: Arceus–Fighting|Dynamax
|-heal|p1a: Arceus–Fighting|100/100|[silent]
|move|p2a: Rayquaza|Dragon Ascent|p1a: Arceus–Fighting
|-damage|p1a: Arceus–Fighting|52/100
|-unboost|p2a: Rayquaza|def|1
|-unboost|p2a: Rayquaza|spd|1
|-damage|p2a: Rayquaza|40/100|[from] item: Life Orb
|move|p1a: Arceus–Fighting|Max Hailstorm|p2a: Rayquaza
|-activate||deltastream
|-supereffective|p2a: Rayquaza
|-damage|p2a: Rayquaza|0 fnt
|faint|p2a: Rayquaza
|-weather|none
|
|upkeep
|
|t:|1612376072
|switch|p2a: Yveltal|Yveltal|100/100
|-ability|p2a: Yveltal|Dark Aura
|turn|3
|
|t:|1612376075
|-start|p2a: Yveltal|Dynamax
|-heal|p2a: Yveltal|100/100|[silent]
|move|p2a: Yveltal|Max Airstream|p1a: Arceus–Fighting
|-damage|p1a: Arceus–Fighting|29/100
|-boost|p2a: Yveltal|spe|1
|-damage|p2a: Yveltal|96/100|[from] item: Life Orb
|move|p1a: Arceus–Fighting|Max Hailstorm|p2a: Yveltal
|-supereffective|p2a: Yveltal
|-damage|p2a: Yveltal|63/100
|-weather|Hail
|
|-weather|Hail|[upkeep]
|-damage|p2a: Yveltal|60/100|[from] Hail
|-damage|p1a: Arceus–Fighting|26/100|[from] Hail
|upkeep
|turn|4
|
|t:|1612376100
|move|p2a: Yveltal|Max Darkness|p1a: Arceus–Fighting
|-damage|p1a: Arceus–Fighting|0 fnt
|-damage|p2a: Yveltal|55/100|[from] item: Life Orb
|faint|p1a: Arceus–Fighting
|
|-weather|Hail|[upkeep]
|-damage|p2a: Yveltal|52/100|[from] Hail
|upkeep
|
|t:|1612376117
|switch|p1a: egg|Chansey, F|100/100
|turn|5
|
|t:|1612376122
|move|p2a: Yveltal|Max Darkness|p1a: egg
|-damage|p1a: egg|15/100
|-unboost|p1a: egg|spd|1
|-damage|p2a: Yveltal|47/100|[from] item: Life Orb
|move|p1a: egg|Toxic|p2a: Yveltal|[miss]
|-miss|p1a: egg|p2a: Yveltal
|
|-weather|Hail|[upkeep]
|-damage|p2a: Yveltal|44/100|[from] Hail
|-damage|p1a: egg|9/100|[from] Hail
|-end|p2a: Yveltal|Dynamax
|-heal|p2a: Yveltal|44/100|[silent]
|upkeep
|turn|6
|
|t:|1612376134
|move|p2a: Yveltal|Knock Off|p1a: egg
|-damage|p1a: egg|0 fnt
|-enditem|p1a: egg|Eviolite|[from] move: Knock Off|[of] p2a: Yveltal
|-damage|p2a: Yveltal|34/100|[from] item: Life Orb
|faint|p1a: egg
|
|-weather|Hail|[upkeep]
|-damage|p2a: Yveltal|28/100|[from] Hail
|upkeep
|
|t:|1612376148
|switch|p1a: you|Ditto, shiny|100/100
|-transform|p1a: you|p2a: Yveltal|[from] ability: Imposter
|-ability|p1a: you|Dark Aura
|turn|7
|
|t:|1612376156
|move|p1a: you|Knock Off|p2a: Yveltal
|-resisted|p2a: Yveltal
|-damage|p2a: Yveltal|0 fnt
|-enditem|p2a: Yveltal|Life Orb|[from] move: Knock Off|[of] p1a: you
|faint|p2a: Yveltal
|
|-weather|none
|upkeep
|
|t:|1612376162
|switch|p2a: Groudon|Groudon|100/100
|detailschange|p2a: Groudon|Groudon-Primal
|-primal|p2a: Groudon
|-weather|DesolateLand|[from] ability: Desolate Land|[of] p2a: Groudon
|turn|8
|
|t:|1612376170
|switch|p1a: fish|Kyogre|100/100
|detailschange|p1a: fish|Kyogre-Primal
|-primal|p1a: fish
|-weather|PrimordialSea|[from] ability: Primordial Sea|[of] p1a: fish
|move|p2a: Groudon|Stealth Rock|p1a: fish
|-sidestart|p1: The AG Experience|move: Stealth Rock
|
|-weather|PrimordialSea|[upkeep]
|upkeep
|turn|9
|
|t:|1612376179
|switch|p2a: Smeargle|Smeargle, F|100/100
|move|p1a: fish|Toxic|p2a: Smeargle
|-status|p2a: Smeargle|tox
|
|-weather|PrimordialSea|[upkeep]
|-damage|p2a: Smeargle|94/100 tox|[from] psn
|upkeep
|turn|10
|
|t:|1612376185
|move|p2a: Smeargle|Nuzzle|p1a: fish
|-supereffective|p1a: fish
|-damage|p1a: fish|98/100
|-status|p1a: fish|par
|move|p1a: fish|Sleep Talk||[still]
|-fail|p1a: fish
|
|-weather|PrimordialSea|[upkeep]
|-damage|p2a: Smeargle|82/100 tox|[from] psn
|upkeep
|turn|11
|c|☆The AG Experience|oh
|
|t:|1612376203
|switch|p2a: Groudon|Groudon-Primal|100/100
|-weather|DesolateLand|[from] ability: Desolate Land|[of] p2a: Groudon
|move|p1a: fish|Scald||[still]
|-fail|p1a: fish|Scald|[from] Desolate Land
|
|-weather|DesolateLand|[upkeep]
|upkeep
|turn|12
|
|t:|1612376216
|-weather|none
|switch|p2a: Calyrex|Calyrex-Shadow|100/100
|-ability|p2a: Calyrex|As One
|-ability|p2a: Calyrex|Unnerve|p1: The AG Experience
|switch|p1a: dude ash's coma XD|Ho-Oh, shiny|100/100
|
|upkeep
|turn|13
|
|t:|1612376230
|move|p2a: Calyrex|Nasty Plot|p2a: Calyrex
|-boost|p2a: Calyrex|spa|2
|move|p1a: dude ash's coma XD|Sacred Fire|p2a: Calyrex
|-damage|p2a: Calyrex|47/100
|-status|p2a: Calyrex|brn
|
|-damage|p2a: Calyrex|41/100 brn|[from] brn
|upkeep
|turn|14
|
|t:|1612376245
|move|p2a: Calyrex|Astral Barrage|p1a: dude ash's coma XD
|-damage|p1a: dude ash's coma XD|2/100
|-damage|p2a: Calyrex|31/100 brn|[from] item: Life Orb
|move|p1a: dude ash's coma XD|Sacred Fire|p2a: Calyrex
|-damage|p2a: Calyrex|0 fnt
|faint|p2a: Calyrex
|
|upkeep
|
|t:|1612376255
|switch|p2a: Groudon|Groudon-Primal|100/100
|-weather|DesolateLand|[from] ability: Desolate Land|[of] p2a: Groudon
|turn|15
|
|t:|1612376267
|switch|p1a: fish|Kyogre-Primal|98/100 par
|-damage|p1a: fish|86/100 par|[from] Stealth Rock
|-weather|PrimordialSea|[from] ability: Primordial Sea|[of] p1a: fish
|move|p2a: Groudon|Stone Edge|p1a: fish
|-damage|p1a: fish|60/100 par
|
|-weather|PrimordialSea|[upkeep]
|upkeep
|turn|16
|
|t:|1612376278
|switch|p2a: Smeargle|Smeargle, F|82/100 tox
|move|p1a: fish|Rest|p1a: fish
|-status|p1a: fish|slp|[from] move: Rest
|-heal|p1a: fish|100/100 slp|[silent]
|
|-weather|PrimordialSea|[upkeep]
|-damage|p2a: Smeargle|76/100 tox|[from] psn
|upkeep
|turn|17
|
|t:|1612376292
|-weather|none
|switch|p1a: oh god my soul|Shedinja|100/100
|move|p2a: Smeargle|Whirlwind|p1a: oh god my soul
|drag|p1a: you|Ditto, shiny|100/100
|-damage|p1a: you|88/100|[from] Stealth Rock
|-transform|p1a: you|p2a: Smeargle|[from] ability: Imposter
|
|-damage|p2a: Smeargle|64/100 tox|[from] psn
|upkeep
|turn|18
|
|t:|1612376309
|move|p1a: you|Sticky Web|p2a: Smeargle
|-sidestart|p2: Leafstorm121❤|move: Sticky Web
|move|p2a: Smeargle|Nuzzle|p1a: you
|-damage|p1a: you|84/100
|-status|p1a: you|par
|
|-damage|p2a: Smeargle|46/100 tox|[from] psn
|upkeep
|turn|19
|
|t:|1612376319
|switch|p1a: oh god my soul|Shedinja|100/100
|move|p2a: Smeargle|Sticky Web|p1a: oh god my soul
|-sidestart|p1: The AG Experience|move: Sticky Web
|
|-damage|p2a: Smeargle|22/100 tox|[from] psn
|upkeep
|turn|20
|
|t:|1612376330
|move|p1a: oh god my soul|Toxic|p2a: Smeargle
|-fail|p2a: Smeargle|tox
|move|p2a: Smeargle|Whirlwind|p1a: oh god my soul
|drag|p1a: dude ash's coma XD|Ho-Oh, shiny|36/100
|
|-damage|p2a: Smeargle|0 fnt|[from] psn
|faint|p2a: Smeargle
|upkeep
|
|t:|1612376335
|switch|p2a: Groudon|Groudon-Primal|100/100
|-activate|p2a: Groudon|move: Sticky Web
|-unboost|p2a: Groudon|spe|1
|-weather|DesolateLand|[from] ability: Desolate Land|[of] p2a: Groudon
|turn|21
|
|t:|1612376352
|switch|p1a: fish|Kyogre-Primal|100/100 slp
|-activate|p1a: fish|move: Sticky Web
|-unboost|p1a: fish|spe|1
|-damage|p1a: fish|88/100 slp|[from] Stealth Rock
|-weather|PrimordialSea|[from] ability: Primordial Sea|[of] p1a: fish
|move|p2a: Groudon|Stone Edge|p1a: fish|[miss]
|-miss|p2a: Groudon|p1a: fish
|
|-weather|PrimordialSea|[upkeep]
|upkeep
|turn|22
|
|t:|1612376361
|switch|p2a: Arceus|Arceus|100/100
|-activate|p2a: Arceus|move: Sticky Web
|-unboost|p2a: Arceus|spe|1
|cant|p1a: fish|slp
|move|p1a: fish|Sleep Talk|p1a: fish
|move|p1a: fish|Rest||[from]move: Sleep Talk|[still]
|-fail|p1a: fish
|
|-weather|PrimordialSea|[upkeep]
|upkeep
|turn|23
|
|t:|1612376370
|move|p2a: Arceus|Substitute|p2a: Arceus
|-start|p2a: Arceus|Substitute
|-damage|p2a: Arceus|76/100
|cant|p1a: fish|slp
|move|p1a: fish|Sleep Talk|p1a: fish
|move|p1a: fish|Rest||[from]move: Sleep Talk|[still]
|-fail|p1a: fish
|
|-weather|PrimordialSea|[upkeep]
|upkeep
|turn|24
|c|☆The AG Experience|aaaaaaaaaaaaaa
|
|t:|1612376378
|move|p2a: Arceus|Swords Dance|p2a: Arceus
|-boost|p2a: Arceus|atk|2
|-curestatus|p1a: fish|slp|[msg]
|move|p1a: fish|Scald|p2a: Arceus
|-end|p2a: Arceus|Substitute
|
|-weather|PrimordialSea|[upkeep]
|upkeep
|turn|25
|
|t:|1612376387
|move|p2a: Arceus|Extreme Speed|p1a: fish
|-damage|p1a: fish|22/100
|-damage|p2a: Arceus|66/100|[from] item: Life Orb
|move|p1a: fish|Scald|p2a: Arceus
|-damage|p2a: Arceus|16/100
|
|-weather|PrimordialSea|[upkeep]
|upkeep
|turn|26
|
|t:|1612376398
|-weather|none
|switch|p1a: oh god my soul|Shedinja|100/100
|move|p2a: Arceus|Extreme Speed|p1a: oh god my soul
|-immune|p1a: oh god my soul|[from] ability: Wonder Guard
|
|upkeep
|turn|27
|
|t:|1612376405
|move|p2a: Arceus|Shadow Force||[still]
|-prepare|p2a: Arceus|Shadow Force
|move|p1a: oh god my soul|Toxic|p2a: Arceus|[miss]
|-miss|p1a: oh god my soul|p2a: Arceus
|
|upkeep
|turn|28
|
|t:|1612376409
|switch|p1a: you|Ditto, shiny|84/100 par
|-activate|p1a: you|move: Sticky Web
|-unboost|p1a: you|spe|1
|-damage|p1a: you|72/100 par|[from] Stealth Rock
|-transform|p1a: you|p2a: Arceus|[from] ability: Imposter
|move|p2a: Arceus|Shadow Force|p1a: you|[from]lockedmove
|-immune|p1a: you
|
|upkeep
|turn|29
|
|t:|1612376422
|switch|p1a: oh god my soul|Shedinja|100/100
|move|p2a: Arceus|Extreme Speed|p1a: oh god my soul
|-immune|p1a: oh god my soul|[from] ability: Wonder Guard
|
|upkeep
|turn|30
|
|t:|1612376429
|move|p2a: Arceus|Shadow Force||[still]
|-prepare|p2a: Arceus|Shadow Force
|move|p1a: oh god my soul|Toxic|p2a: Arceus|[miss]
|-miss|p1a: oh god my soul|p2a: Arceus
|
|upkeep
|turn|31
|
|t:|1612376434
|switch|p1a: you|Ditto, shiny|72/100 par
|-damage|p1a: you|59/100 par|[from] Stealth Rock
|-activate|p1a: you|move: Sticky Web
|-unboost|p1a: you|spe|1
|-transform|p1a: you|p2a: Arceus|[from] ability: Imposter
|move|p2a: Arceus|Shadow Force|p1a: you|[from]lockedmove
|-immune|p1a: you
|
|upkeep
|turn|32
|
|t:|1612376449
|switch|p1a: oh god my soul|Shedinja|100/100
|move|p2a: Arceus|Extreme Speed|p1a: oh god my soul
|-immune|p1a: oh god my soul|[from] ability: Wonder Guard
|
|upkeep
|turn|33
|
|t:|1612376456
|move|p2a: Arceus|Shadow Force||[still]
|-prepare|p2a: Arceus|Shadow Force
|move|p1a: oh god my soul|Toxic|p2a: Arceus|[miss]
|-miss|p1a: oh god my soul|p2a: Arceus
|
|upkeep
|turn|34
|
|t:|1612376460
|switch|p1a: you|Ditto, shiny|59/100 par
|-activate|p1a: you|move: Sticky Web
|-unboost|p1a: you|spe|1
|-damage|p1a: you|47/100 par|[from] Stealth Rock
|-transform|p1a: you|p2a: Arceus|[from] ability: Imposter
|move|p2a: Arceus|Shadow Force|p1a: you|[from]lockedmove
|-immune|p1a: you
|
|upkeep
|turn|35
|
|t:|1612376470
|switch|p1a: oh god my soul|Shedinja|100/100
|move|p2a: Arceus|Extreme Speed|p1a: oh god my soul
|-immune|p1a: oh god my soul|[from] ability: Wonder Guard
|
|upkeep
|turn|36
|
|t:|1612376476
|switch|p1a: you|Ditto, shiny|47/100 par
|-damage|p1a: you|35/100 par|[from] Stealth Rock
|-activate|p1a: you|move: Sticky Web
|-unboost|p1a: you|spe|1
|-transform|p1a: you|p2a: Arceus|[from] ability: Imposter
|move|p2a: Arceus|Shadow Force||[still]
|-prepare|p2a: Arceus|Shadow Force
|
|upkeep
|turn|37
|
|t:|1612376488
|move|p1a: you|Extreme Speed|p2a: Arceus|[miss]
|-miss|p1a: you|p2a: Arceus
|move|p2a: Arceus|Shadow Force|p1a: you|[from]lockedmove
|-immune|p1a: you
|
|upkeep
|turn|38
|
|t:|1612376493
|move|p2a: Arceus|Extreme Speed|p1a: you
|-damage|p1a: you|0 fnt
|-damage|p2a: Arceus|6/100|[from] item: Life Orb
|faint|p1a: you
|
|upkeep
|
|t:|1612376505
|switch|p1a: dude ash's coma XD|Ho-Oh, shiny|69/100
|turn|39
|
|t:|1612376514
|switch|p1a: fish|Kyogre-Primal|22/100
|-damage|p1a: fish|9/100|[from] Stealth Rock
|-activate|p1a: fish|move: Sticky Web
|-unboost|p1a: fish|spe|1
|-weather|PrimordialSea|[from] ability: Primordial Sea|[of] p1a: fish
|move|p2a: Arceus|Extreme Speed|p1a: fish
|-damage|p1a: fish|0 fnt
|-damage|p2a: Arceus|0 fnt|[from] item: Life Orb
|faint|p1a: fish
|-weather|none
|faint|p2a: Arceus
|
|upkeep
|
|t:|1612376528
|switch|p2a: Groudon|Groudon-Primal|100/100
|switch|p1a: oh god my soul|Shedinja|100/100
|-activate|p2a: Groudon|move: Sticky Web
|-unboost|p2a: Groudon|spe|1
|-weather|DesolateLand|[from] ability: Desolate Land|[of] p2a: Groudon
|turn|40
|
|t:|1612376536
|move|p2a: Groudon|Eruption|p1a: oh god my soul
|-supereffective|p1a: oh god my soul
|-damage|p1a: oh god my soul|0 fnt
|faint|p1a: oh god my soul
|
|-weather|DesolateLand|[upkeep]
|upkeep
|
|t:|1612376540
|switch|p1a: dude ash's coma XD|Ho-Oh, shiny|100/100
|turn|41
|j| Beatboxing_Phantom
|
|t:|1612376544
|move|p1a: dude ash's coma XD|Toxic|p2a: Groudon
|-status|p2a: Groudon|tox
|move|p2a: Groudon|Stone Edge|p1a: dude ash's coma XD
|-supereffective|p1a: dude ash's coma XD
|-damage|p1a: dude ash's coma XD|7/100
|
|-weather|DesolateLand|[upkeep]
|-damage|p2a: Groudon|94/100 tox|[from] psn
|upkeep
|turn|42
|c| Beatboxing_Phantom|yo
|c|☆The AG Experience|miss, miss, miss, miss
|
|t:|1612376553
|move|p1a: dude ash's coma XD|Sacred Fire|p2a: Groudon
|-resisted|p2a: Groudon
|-damage|p2a: Groudon|74/100 tox
|move|p2a: Groudon|Stone Edge|p1a: dude ash's coma XD|[miss]
|-miss|p2a: Groudon|p1a: dude ash's coma XD
|
|-weather|DesolateLand|[upkeep]
|-damage|p2a: Groudon|62/100 tox|[from] psn
|upkeep
|turn|43
|c|☆The AG Experience|miss, miss, miss, miss
|
|t:|1612376560
|move|p1a: dude ash's coma XD|Sacred Fire|p2a: Groudon
|-resisted|p2a: Groudon
|-damage|p2a: Groudon|39/100 tox
|move|p2a: Groudon|Stone Edge|p1a: dude ash's coma XD
|-supereffective|p1a: dude ash's coma XD
|-damage|p1a: dude ash's coma XD|0 fnt
|faint|p1a: dude ash's coma XD
|
|win|Leafstorm121❤
|n|☆The AG Experience|theagexperience
|n|☆Leafstorm121❤|leafstorm121
|n| Beatboxing_Phantom|beatboxingphantom
|c|☆Leafstorm121❤|gg
|c|☆The AG Experience|fuk
|c|☆The AG Experience|gg
|l|☆The AG Experience
