|j|☆shisky
|j|☆The Nyz
|t:|1661598493
|gametype|singles
|player|p1|shisky|1|1489
|player|p2|The Nyz|n-masters|1438
|teamsize|p1|6
|teamsize|p2|6
|gen|8
|tier|[Gen 8] National Dex AG
|rated|
|rule|HP Percentage Mod: HP is shown in percentages
|rule|Endless Battle Clause: Forcing endless battles is banned
|clearpoke
|poke|p1|Arceus-*|
|poke|p1|Arceus-*|
|poke|p1|Arceus-*|
|poke|p1|Arceus-*|
|poke|p1|Arceus-*|
|poke|p1|Arceus-*|
|poke|p2|Lugia|
|poke|p2|Urshifu-*, M|
|poke|p2|Gengar, F|
|poke|p2|Kyurem-White|
|poke|p2|Quagsire, M|
|poke|p2|Scizor, F|
|teampreview
|c|☆The Nyz|Man
|inactive|Battle timer is ON: inactive players will automatically lose when time's up. (requested by shisky)
|
|t:|1661598503
|start
|switch|p1a: Arceus|Arceus-Electric|100/100
|switch|p2a: Gengar|Gengar, F|100/100
|turn|1
|
|t:|1661598511
|detailschange|p2a: Gengar|Gengar-Mega, F
|-mega|p2a: Gengar|Gengar|Gengarite
|-start|p1a: Arceus|Dynamax|
|-heal|p1a: Arceus|100/100|[silent]
|move|p2a: Gengar|Substitute|p2a: Gengar
|-start|p2a: Gengar|Substitute
|-damage|p2a: Gengar|76/100
|move|p1a: Arceus|Max Quake|p2a: Gengar
|-supereffective|p2a: Gengar
|-end|p2a: Gengar|Substitute
|-boost|p1a: Arceus|spd|1
|
|upkeep
|turn|2
|
|t:|1661598522
|switch|p2a: Quagsire|Quagsire, M|100/100
|move|p1a: Arceus|Max Lightning|p2a: Quagsire
|-immune|p2a: Quagsire
|
|upkeep
|turn|3
|
|t:|1661598529
|move|p1a: Arceus|Max Quake|p2a: Quagsire
|-damage|p2a: Quagsire|50/100
|-boost|p1a: Arceus|spd|1
|move|p2a: Quagsire|Toxic|p1a: Arceus
|-status|p1a: Arceus|tox
|
|-heal|p2a: Quagsire|56/100|[from] item: Leftovers
|-damage|p1a: Arceus|97/100 tox|[from] psn
|upkeep
|-end|p1a: Arceus|Dynamax
|-heal|p1a: Arceus|98/100 tox|[silent]
|turn|4
|
|t:|1661598542
|move|p1a: Arceus|Ice Beam|p2a: Quagsire
|-damage|p2a: Quagsire|17/100
|move|p2a: Quagsire|Recover|p2a: Quagsire
|-heal|p2a: Quagsire|67/100
|
|-heal|p2a: Quagsire|73/100|[from] item: Leftovers
|-damage|p1a: Arceus|86/100 tox|[from] psn
|upkeep
|turn|5
|
|t:|1661598552
|switch|p1a: Arceus|Arceus-Flying|100/100
|move|p2a: Quagsire|Recover|p2a: Quagsire
|-heal|p2a: Quagsire|100/100
|
|upkeep
|turn|6
|
|t:|1661598559
|switch|p2a: Scizor|Scizor, F|100/100
|move|p1a: Arceus|Calm Mind|p1a: Arceus
|-boost|p1a: Arceus|spa|1
|-boost|p1a: Arceus|spd|1
|
|upkeep
|turn|7
|
|t:|1661598566
|move|p1a: Arceus|Calm Mind|p1a: Arceus
|-boost|p1a: Arceus|spa|1
|-boost|p1a: Arceus|spd|1
|move|p2a: Scizor|Swords Dance|p2a: Scizor
|-boost|p2a: Scizor|atk|2
|
|upkeep
|turn|8
|
|t:|1661598573
|move|p2a: Scizor|Bullet Punch|p1a: Arceus
|-damage|p1a: Arceus|52/100
|move|p1a: Arceus|Judgment|p2a: Scizor
|-damage|p2a: Scizor|0 fnt
|faint|p2a: Scizor
|
|upkeep
|
|t:|1661598580
|switch|p2a: Kyurem|Kyurem-White|100/100
|-ability|p2a: Kyurem|Turboblaze
|turn|9
|
|t:|1661598586
|switch|p1a: Arceus|Arceus-Fairy|100/100
|move|p2a: Kyurem|Ice Beam|p1a: Arceus
|-damage|p1a: Arceus|47/100
|-damage|p2a: Kyurem|91/100|[from] item: Life Orb
|
|upkeep
|turn|10
|
|t:|1661598596
|move|p1a: Arceus|Earth Power|p2a: Kyurem
|-damage|p2a: Kyurem|66/100
|move|p2a: Kyurem|Ice Beam|p1a: Arceus
|-damage|p1a: Arceus|0 fnt
|faint|p1a: Arceus
|-damage|p2a: Kyurem|56/100|[from] item: Life Orb
|
|upkeep
|
|t:|1661598608
|switch|p1a: Arceus|Arceus-Ground|100/100
|turn|11
|
|t:|1661598611
|-zpower|p1a: Arceus
|move|p1a: Arceus|Tectonic Rage|p2a: Kyurem|[zeffect]
|-damage|p2a: Kyurem|0 fnt
|faint|p2a: Kyurem
|
|upkeep
|
|t:|1661598623
|switch|p2a: Quagsire|Quagsire, M|100/100
|turn|12
|
|t:|1661598626
|move|p1a: Arceus|Bullet Seed|p2a: Quagsire
|-supereffective|p2a: Quagsire
|-damage|p2a: Quagsire|77/100
|-supereffective|p2a: Quagsire
|-damage|p2a: Quagsire|54/100
|-supereffective|p2a: Quagsire
|-damage|p2a: Quagsire|28/100
|-hitcount|p2a: Quagsire|3
|move|p2a: Quagsire|Scald|p1a: Arceus
|-supereffective|p1a: Arceus
|-damage|p1a: Arceus|72/100
|
|-heal|p2a: Quagsire|35/100|[from] item: Leftovers
|upkeep
|turn|13
|
|t:|1661598641
|switch|p2a: Gengar|Gengar-Mega, F|76/100
|move|p1a: Arceus|Swords Dance|p1a: Arceus
|-boost|p1a: Arceus|atk|2
|
|upkeep
|turn|14
|
|t:|1661598648
|move|p2a: Gengar|Encore|p1a: Arceus
|-start|p1a: Arceus|Encore
|move|p1a: Arceus|Swords Dance|p1a: Arceus
|-boost|p1a: Arceus|atk|2
|
|upkeep
|turn|15
|
|t:|1661598654
|move|p2a: Gengar|Substitute|p2a: Gengar
|-start|p2a: Gengar|Substitute
|-damage|p2a: Gengar|51/100
|move|p1a: Arceus|Swords Dance|p1a: Arceus
|-boost|p1a: Arceus|atk|2
|
|upkeep
|turn|16
|
|t:|1661598661
|move|p2a: Gengar|Nasty Plot|p2a: Gengar
|-boost|p2a: Gengar|spa|2
|move|p1a: Arceus|Swords Dance|p1a: Arceus
|-boost|p1a: Arceus|atk|0
|
|-end|p1a: Arceus|Encore
|upkeep
|turn|17
|
|t:|1661598672
|move|p2a: Gengar|Encore|p1a: Arceus
|-start|p1a: Arceus|Encore
|move|p1a: Arceus|Swords Dance|p1a: Arceus
|-boost|p1a: Arceus|atk|0
|
|upkeep
|turn|18
|
|t:|1661598678
|move|p2a: Gengar|Nasty Plot|p2a: Gengar
|-boost|p2a: Gengar|spa|2
|move|p1a: Arceus|Swords Dance|p1a: Arceus
|-boost|p1a: Arceus|atk|0
|
|upkeep
|turn|19
|
|t:|1661598685
|move|p2a: Gengar|Nasty Plot|p2a: Gengar
|-boost|p2a: Gengar|spa|2
|move|p1a: Arceus|Swords Dance|p1a: Arceus
|-boost|p1a: Arceus|atk|0
|
|-end|p1a: Arceus|Encore
|upkeep
|turn|20
|
|t:|1661598694
|move|p2a: Gengar|Encore|p1a: Arceus
|-start|p1a: Arceus|Encore
|move|p1a: Arceus|Swords Dance|p1a: Arceus
|-boost|p1a: Arceus|atk|0
|
|upkeep
|turn|21
|
|t:|1661598701
|move|p2a: Gengar|Sludge Wave|p1a: Arceus
|-resisted|p1a: Arceus
|-damage|p1a: Arceus|0 fnt
|faint|p1a: Arceus
|
|upkeep
|
|t:|1661598706
|switch|p1a: Arceus|Arceus-Electric|86/100 tox
|turn|22
|
|t:|1661598710
|move|p2a: Gengar|Sludge Wave|p1a: Arceus
|-damage|p1a: Arceus|0 fnt
|faint|p1a: Arceus
|
|upkeep
|
|t:|1661598719
|switch|p1a: Arceus|Arceus|100/100
|turn|23
|
|t:|1661598722
|move|p2a: Gengar|Sludge Wave|p1a: Arceus
|-damage|p1a: Arceus|0 fnt
|faint|p1a: Arceus
|
|upkeep
|-message|shisky forfeited.
|
|win|The Nyz
|raw|shisky's rating: 1489 &rarr; <strong>1466</strong><br />(-23 for losing)
|raw|The Nyz's rating: 1438 &rarr; <strong>1461</strong><br />(+23 for winning)
|l|☆shisky
