|j|☆moyv123
|j|☆MiguelRRM
|t:|1668445898
|gametype|singles
|player|p1|moyv123|169|1804
|player|p2|MiguelRRM|lucas|1842
|teamsize|p1|6
|teamsize|p2|6
|gen|8
|tier|[Gen 8] National Dex AG
|rated|
|rule|HP Percentage Mod: HP is shown in percentages
|rule|Endless Battle Clause: Forcing endless battles is banned
|clearpoke
|poke|p1|Zacian-*|
|poke|p1|Kyogre|
|poke|p1|Rayquaza|
|poke|p1|Marshadow|
|poke|p1|Ditto|
|poke|p1|Arceus-*|
|poke|p2|Yveltal|
|poke|p2|Ho-Oh|
|poke|p2|Rayquaza|
|poke|p2|Necrozma-Dusk-Mane|
|poke|p2|Calyrex-Shadow|
|poke|p2|Smeargle, F|
|teampreview
|
|t:|1668445908
|start
|switch|p1a: Arceus|Arceus-Electric|100/100
|switch|p2a: Ho-Oh|Ho-Oh|100/100
|turn|1
|
|t:|1668445914
|move|p1a: Arceus|Stealth Rock|p2a: Ho-Oh
|-sidestart|p2: MiguelRRM|move: Stealth Rock
|move|p2a: Ho-Oh|Toxic|p1a: Arceus
|-status|p1a: Arceus|tox
|
|-damage|p1a: Arceus|94/100 tox|[from] psn
|upkeep
|turn|2
|
|t:|1668445922
|-start|p1a: Arceus|Dynamax|
|-heal|p1a: Arceus|94/100 tox|[silent]
|move|p1a: Arceus|Max Lightning|p2a: Ho-Oh
|-supereffective|p2a: Ho-Oh
|-damage|p2a: Ho-Oh|13/100
|-fieldstart|move: Electric Terrain
|move|p2a: Ho-Oh|Defog|p1a: Arceus
|-unboost|p1a: Arceus|evasion|1
|-sideend|p2: MiguelRRM|Stealth Rock|[from] move: Defog|[of] p2a: Ho-Oh
|-fieldend|move: Electric Terrain
|
|-damage|p1a: Arceus|88/100 tox|[from] psn
|upkeep
|turn|3
|j| reed beano
|
|t:|1668445936
|move|p1a: Arceus|Max Hailstorm|p2a: Ho-Oh
|-damage|p2a: Ho-Oh|0 fnt
|-weather|Hail
|faint|p2a: Ho-Oh
|
|-weather|Hail|[upkeep]
|-damage|p1a: Arceus|85/100 tox|[from] Hail
|-damage|p1a: Arceus|76/100 tox|[from] psn
|upkeep
|
|t:|1668445946
|switch|p2a: Smeargle|Smeargle, F|100/100
|turn|4
|
|t:|1668445950
|move|p1a: Arceus|Max Lightning|p2a: Smeargle
|-enditem|p2a: Smeargle|Focus Sash
|-damage|p2a: Smeargle|1/100
|-fieldstart|move: Electric Terrain
|move|p2a: Smeargle|Sticky Web|p1a: Arceus
|-sidestart|p1: moyv123|move: Sticky Web
|
|-weather|Hail|[upkeep]
|-damage|p1a: Arceus|73/100 tox|[from] Hail
|-damage|p2a: Smeargle|0 fnt|[from] Hail
|faint|p2a: Smeargle
|-damage|p1a: Arceus|61/100 tox|[from] psn
|upkeep
|
|t:|1668445951
|switch|p2a: Calyrex|Calyrex-Shadow|100/100
|-ability|p2a: Calyrex|As One
|-ability|p2a: Calyrex|Unnerve
|-end|p1a: Arceus|Dynamax
|-heal|p1a: Arceus|61/100 tox|[silent]
|turn|5
|c| reed beano|finally a battle that's not over already
|
|t:|1668445971
|move|p2a: Calyrex|Taunt|p1a: Arceus
|-start|p1a: Arceus|move: Taunt
|cant|p1a: Arceus|move: Taunt|Stealth Rock
|
|-weather|Hail|[upkeep]
|-damage|p2a: Calyrex|94/100|[from] Hail
|-damage|p1a: Arceus|55/100 tox|[from] Hail
|-damage|p1a: Arceus|25/100 tox|[from] psn
|upkeep
|turn|6
|j| Buck is Stallish
|
|t:|1668445980
|move|p2a: Calyrex|Astral Barrage|p1a: Arceus
|-damage|p1a: Arceus|0 fnt
|faint|p1a: Arceus
|-ability|p2a: Calyrex|Grim Neigh|boost
|-boost|p2a: Calyrex|spa|1
|
|-weather|Hail|[upkeep]
|-damage|p2a: Calyrex|88/100|[from] Hail
|upkeep
|
|t:|1668445991
|switch|p1a: Marshadow|Marshadow|100/100
|-activate|p1a: Marshadow|move: Sticky Web
|-unboost|p1a: Marshadow|spe|1
|turn|7
|
|t:|1668445996
|-activate|p2a: Calyrex|move: Pursuit
|move|p1a: Marshadow|Pursuit|p2a: Calyrex|[from]Pursuit
|-supereffective|p2a: Calyrex
|-crit|p2a: Calyrex
|-damage|p2a: Calyrex|0 fnt
|faint|p2a: Calyrex
|-damage|p1a: Marshadow|91/100|[from] item: Life Orb
|-hint|A Pokemon can't switch between when it runs out of HP and when it faints
|
|-weather|none
|upkeep
|
|t:|1668445999
|switch|p2a: Necrozma|Necrozma-Dusk-Mane, shiny|100/100
|turn|8
|
|t:|1668446010
|move|p1a: Marshadow|Poltergeist|p2a: Necrozma
|-activate|p2a: Necrozma|move: Poltergeist|Rocky Helmet
|-supereffective|p2a: Necrozma
|-damage|p2a: Necrozma|47/100
|-damage|p1a: Marshadow|81/100|[from] item: Life Orb
|move|p2a: Necrozma|Thunder Wave|p1a: Marshadow
|-status|p1a: Marshadow|par
|
|-fieldend|move: Electric Terrain
|upkeep
|turn|9
|
|t:|1668446027
|switch|p1a: Kyogre|Kyogre|100/100
|-activate|p1a: Kyogre|move: Sticky Web
|-unboost|p1a: Kyogre|spe|1
|detailschange|p1a: Kyogre|Kyogre-Primal
|-primal|p1a: Kyogre
|-weather|PrimordialSea|[from] ability: Primordial Sea|[of] p1a: Kyogre
|move|p2a: Necrozma|Morning Sun|p2a: Necrozma
|-heal|p2a: Necrozma|72/100
|
|-weather|PrimordialSea|[upkeep]
|upkeep
|turn|10
|
|t:|1668446038
|move|p1a: Kyogre|Water Spout|p2a: Necrozma
|-damage|p2a: Necrozma|0 fnt
|faint|p2a: Necrozma
|
|-weather|PrimordialSea|[upkeep]
|upkeep
|
|t:|1668446039
|switch|p2a: Rayquaza|Rayquaza|100/100
|-ability|p2a: Rayquaza|Air Lock
|turn|11
|
|t:|1668446047
|detailschange|p2a: Rayquaza|Rayquaza-Mega
|-mega|p2a: Rayquaza|Rayquaza|
|-weather|DeltaStream|[from] ability: Delta Stream|[of] p2a: Rayquaza
|move|p2a: Rayquaza|Dragon Ascent|p1a: Kyogre
|-damage|p1a: Kyogre|0 fnt
|-unboost|p2a: Rayquaza|def|1
|-unboost|p2a: Rayquaza|spd|1
|faint|p1a: Kyogre
|-damage|p2a: Rayquaza|91/100|[from] item: Life Orb
|
|-weather|DeltaStream|[upkeep]
|upkeep
|
|t:|1668446065
|switch|p1a: Marshadow|Marshadow|81/100 par
|-activate|p1a: Marshadow|move: Sticky Web
|-unboost|p1a: Marshadow|spe|1
|turn|12
|
|t:|1668446071
|-weather|none
|switch|p2a: Yveltal|Yveltal, shiny|100/100
|-ability|p2a: Yveltal|Dark Aura
|move|p1a: Marshadow|Poltergeist|p2a: Yveltal
|-activate|p2a: Yveltal|move: Poltergeist|Life Orb
|-resisted|p2a: Yveltal
|-damage|p2a: Yveltal|68/100
|-damage|p1a: Marshadow|71/100 par|[from] item: Life Orb
|
|upkeep
|turn|13
|
|t:|1668446083
|move|p2a: Yveltal|Sucker Punch|p1a: Marshadow
|-damage|p1a: Marshadow|0 fnt
|faint|p1a: Marshadow
|-damage|p2a: Yveltal|58/100|[from] item: Life Orb
|
|upkeep
|
|t:|1668446091
|switch|p1a: Rayquaza|Rayquaza|100/100
|-ability|p1a: Rayquaza|Air Lock
|turn|14
|c| reed beano|i don't know why i didn't expect this in high Elo
|
|t:|1668446098
|detailschange|p1a: Rayquaza|Rayquaza-Mega
|-mega|p1a: Rayquaza|Rayquaza|
|-weather|DeltaStream|[from] ability: Delta Stream|[of] p1a: Rayquaza
|-start|p2a: Yveltal|Dynamax|
|-heal|p2a: Yveltal|58/100|[silent]
|move|p2a: Yveltal|Max Darkness|p1a: Rayquaza
|-damage|p1a: Rayquaza|4/100
|-unboost|p1a: Rayquaza|spd|1
|-damage|p2a: Yveltal|53/100|[from] item: Life Orb
|move|p1a: Rayquaza|Dragon Ascent|p2a: Yveltal
|-damage|p2a: Yveltal|0 fnt
|-unboost|p1a: Rayquaza|def|1
|-unboost|p1a: Rayquaza|spd|1
|faint|p2a: Yveltal
|-damage|p1a: Rayquaza|0 fnt|[from] item: Life Orb
|faint|p1a: Rayquaza
|-weather|none
|
|upkeep
|
|t:|1668446121
|switch|p2a: Rayquaza|Rayquaza-Mega|91/100
|switch|p1a: Ditto|Ditto|100/100
|-weather|DeltaStream|[from] ability: Delta Stream|[of] p2a: Rayquaza
|-activate|p1a: Ditto|move: Sticky Web
|-unboost|p1a: Ditto|spe|1
|-transform|p1a: Ditto|p2a: Rayquaza|[from] ability: Imposter
|turn|15
|
|t:|1668446132
|move|p1a: Ditto|Dragon Ascent|p2a: Rayquaza
|-damage|p2a: Rayquaza|0 fnt
|-unboost|p1a: Ditto|def|1
|-unboost|p1a: Ditto|spd|1
|faint|p2a: Rayquaza
|
|win|moyv123
|raw|moyv123's rating: 1804 &rarr; <strong>1826</strong><br />(+22 for winning)
|raw|MiguelRRM's rating: 1842 &rarr; <strong>1820</strong><br />(-22 for losing)
|l| Buck is Stallish
|l| reed beano
||Ladder isn't responding, score probably updated but might not have (Request timeout).
