|j|☆Lord Tonii Chan
|j|☆BrixTrynaLuv
|t:|1663682626
|gametype|singles
|player|p1|Lord Tonii Chan|falkner|1735
|player|p2|BrixTrynaLuv|linebacker|1704
|teamsize|p1|6
|teamsize|p2|6
|gen|8
|tier|[Gen 8] National Dex AG
|rated|
|rule|HP Percentage Mod: HP is shown in percentages
|rule|Endless Battle Clause: Forcing endless battles is banned
|clearpoke
|poke|p1|Tyranitar, F|
|poke|p1|Quagsire, F|
|poke|p1|Yveltal|
|poke|p1|Ferrothorn, F|
|poke|p1|Ho-Oh|
|poke|p1|Rayquaza|
|poke|p2|Tyranitar, F|
|poke|p2|Yveltal|
|poke|p2|Zacian-*|
|poke|p2|Calyrex-Shadow|
|poke|p2|Pheromosa|
|poke|p2|Necrozma-Dusk-Mane|
|teampreview
|inactive|Battle timer is ON: inactive players will automatically lose when time's up. (requested by BrixTrynaLuv)
|
|t:|1663682638
|start
|switch|p1a: Bloop|Ferrothorn, F|100/100
|switch|p2a: Necrozma|Necrozma-Dusk-Mane|100/100
|turn|1
|
|t:|1663682646
|move|p2a: Necrozma|Thunder Wave|p1a: Bloop|[miss]
|-miss|p2a: Necrozma|p1a: Bloop
|move|p1a: Bloop|Substitute|p1a: Bloop
|-start|p1a: Bloop|Substitute
|-damage|p1a: Bloop|76/100
|
|-heal|p1a: Bloop|82/100|[from] item: Leftovers
|upkeep
|turn|2
|c|☆BrixTrynaLuv|sigh
|j| Toosii 2x
|c|☆BrixTrynaLuv|never have I ever seen sub ferro
|c|☆BrixTrynaLuv|Im curious now
|inactive|BrixTrynaLuv has 120 seconds left.
|
|t:|1663682677
|move|p2a: Necrozma|Stealth Rock|p1a: Bloop
|-sidestart|p1: Lord Tonii Chan|move: Stealth Rock
|move|p1a: Bloop|Knock Off|p2a: Necrozma
|-supereffective|p2a: Necrozma
|-damage|p2a: Necrozma|84/100
|-damage|p1a: Bloop|65/100|[from] item: Rocky Helmet|[of] p2a: Necrozma
|-enditem|p2a: Necrozma|Rocky Helmet|[from] move: Knock Off|[of] p1a: Bloop
|
|-heal|p1a: Bloop|71/100|[from] item: Leftovers
|upkeep
|turn|3
|inactive|BrixTrynaLuv has 120 seconds left.
|
|t:|1663682687
|switch|p2a: Ciano|Zacian-Crowned, shiny|100/100
|-ability|p2a: Ciano|Intrepid Sword|boost
|-boost|p2a: Ciano|atk|1
|move|p1a: Bloop|Leech Seed|p2a: Ciano
|-start|p2a: Ciano|move: Leech Seed
|
|-heal|p1a: Bloop|77/100|[from] item: Leftovers
|-damage|p2a: Ciano|88/100|[from] Leech Seed|[of] p1a: Bloop
|-heal|p1a: Bloop|89/100|[silent]
|upkeep
|turn|4
|
|t:|1663682693
|switch|p2a: Pheromosa|Pheromosa, shiny|100/100
|move|p1a: Bloop|Substitute|p1a: Bloop
|-fail|p1a: Bloop|move: Substitute
|
|-heal|p1a: Bloop|95/100|[from] item: Leftovers
|upkeep
|turn|5
|
|t:|1663682697
|move|p2a: Pheromosa|Close Combat|p1a: Bloop
|-supereffective|p1a: Bloop
|-end|p1a: Bloop|Substitute
|-unboost|p2a: Pheromosa|def|1
|-unboost|p2a: Pheromosa|spd|1
|move|p1a: Bloop|Toxic|p2a: Pheromosa
|-status|p2a: Pheromosa|tox
|
|-heal|p1a: Bloop|100/100|[from] item: Leftovers
|-damage|p2a: Pheromosa|94/100 tox|[from] psn
|upkeep
|turn|6
|
|t:|1663682701
|switch|p1a: Oh-No|Ho-Oh|100/100
|move|p2a: Pheromosa|Close Combat|p1a: Oh-No
|-resisted|p1a: Oh-No
|-damage|p1a: Oh-No|72/100
|-unboost|p2a: Pheromosa|def|1
|-unboost|p2a: Pheromosa|spd|1
|
|-damage|p2a: Pheromosa|82/100 tox|[from] psn
|upkeep
|turn|7
|
|t:|1663682710
|switch|p2a: Yvelat|Yveltal, shiny|100/100
|-ability|p2a: Yvelat|Dark Aura
|move|p1a: Oh-No|Defog|p2a: Yvelat
|-unboost|p2a: Yvelat|evasion|1
|-sideend|p1: Lord Tonii Chan|Stealth Rock|[from] move: Defog|[of] p1a: Oh-No
|
|upkeep
|turn|8
|
|t:|1663682712
|switch|p1a: Terry|Tyranitar, F|100/100
|-weather|Sandstorm|[from] ability: Sand Stream|[of] p1a: Terry
|move|p2a: Yvelat|U-turn|p1a: Terry
|-supereffective|p1a: Terry
|-damage|p1a: Terry|74/100
|
|t:|1663682716
|switch|p2a: Necrozma|Necrozma-Dusk-Mane|84/100|[from]move: U-turn
|
|-weather|Sandstorm|[upkeep]
|-heal|p1a: Terry|80/100|[from] item: Leftovers
|upkeep
|turn|9
|
|t:|1663682721
|switch|p1a: Quagy|Quagsire, F|100/100
|move|p2a: Necrozma|Thunder Wave|p1a: Quagy
|-immune|p1a: Quagy
|
|-weather|Sandstorm|[upkeep]
|upkeep
|turn|10
|
|t:|1663682730
|switch|p2a: Yvelat|Yveltal, shiny|100/100
|-ability|p2a: Yvelat|Dark Aura
|move|p1a: Quagy|Earthquake|p2a: Yvelat
|-immune|p2a: Yvelat
|
|-weather|Sandstorm|[upkeep]
|-damage|p2a: Yvelat|94/100|[from] Sandstorm
|upkeep
|turn|11
|
|t:|1663682733
|switch|p1a: Bloop|Ferrothorn, F|100/100
|move|p2a: Yvelat|U-turn|p1a: Bloop
|-damage|p1a: Bloop|86/100
|-damage|p2a: Yvelat|82/100|[from] ability: Iron Barbs|[of] p1a: Bloop
|
|t:|1663682737
|switch|p2a: Ciano|Zacian-Crowned, shiny|88/100|[from]move: U-turn
|-ability|p2a: Ciano|Intrepid Sword|boost
|-boost|p2a: Ciano|atk|1
|
|-weather|Sandstorm|[upkeep]
|-heal|p1a: Bloop|92/100|[from] item: Leftovers
|upkeep
|turn|12
|
|t:|1663682741
|switch|p1a: Quagy|Quagsire, F|100/100
|move|p2a: Ciano|Substitute|p2a: Ciano
|-start|p2a: Ciano|Substitute
|-damage|p2a: Ciano|63/100
|
|-weather|none
|upkeep
|turn|13
|
|t:|1663682744
|move|p2a: Ciano|Close Combat|p1a: Quagy
|-damage|p1a: Quagy|63/100
|-unboost|p2a: Ciano|def|1
|-unboost|p2a: Ciano|spd|1
|move|p1a: Quagy|Earthquake|p2a: Ciano
|-supereffective|p2a: Ciano
|-end|p2a: Ciano|Substitute
|
|-heal|p1a: Quagy|69/100|[from] item: Leftovers
|upkeep
|turn|14
|
|t:|1663682752
|switch|p2a: Yvelat|Yveltal, shiny|82/100
|-ability|p2a: Yvelat|Dark Aura
|move|p1a: Quagy|Recover|p1a: Quagy
|-heal|p1a: Quagy|100/100
|
|upkeep
|turn|15
|
|t:|1663682755
|move|p2a: Yvelat|Dark Pulse|p1a: Quagy
|-damage|p1a: Quagy|39/100
|cant|p1a: Quagy|flinch
|
|-heal|p1a: Quagy|45/100|[from] item: Leftovers
|upkeep
|turn|16
|c|☆Lord Tonii Chan|Sigh
|c|☆BrixTrynaLuv|I agree
|c|☆BrixTrynaLuv|sigh
|
|t:|1663682772
|switch|p1a: Oh-No|Ho-Oh|100/100
|move|p2a: Yvelat|Dark Pulse|p1a: Oh-No
|-damage|p1a: Oh-No|76/100
|
|upkeep
|turn|17
|
|t:|1663682778
|move|p2a: Yvelat|Oblivion Wing|p1a: Oh-No
|-damage|p1a: Oh-No|58/100
|-heal|p2a: Yvelat|96/100|[from] drain|[of] p1a: Oh-No
|move|p1a: Oh-No|Sacred Fire|p2a: Yvelat
|-damage|p2a: Yvelat|56/100
|-status|p2a: Yvelat|brn
|
|-damage|p2a: Yvelat|50/100 brn|[from] brn
|upkeep
|turn|18
|c| Toosii 2x|yal are funny
|c|☆BrixTrynaLuv|sigh
|c|☆BrixTrynaLuv|eh you dont have calyrex so ig thats okay
|
|t:|1663682798
|move|p2a: Yvelat|Oblivion Wing|p1a: Oh-No
|-damage|p1a: Oh-No|41/100
|-heal|p2a: Yvelat|63/100 brn|[from] drain|[of] p1a: Oh-No
|move|p1a: Oh-No|Toxic|p2a: Yvelat|[miss]
|-miss|p1a: Oh-No|p2a: Yvelat
|
|-damage|p2a: Yvelat|57/100 brn|[from] brn
|upkeep
|turn|19
|
|t:|1663682803
|switch|p1a: Terry|Tyranitar, F|80/100
|-weather|Sandstorm|[from] ability: Sand Stream|[of] p1a: Terry
|move|p2a: Yvelat|U-turn|p1a: Terry
|-supereffective|p1a: Terry
|-damage|p1a: Terry|65/100
|c|☆Lord Tonii Chan|Lol
|
|t:|1663682817
|switch|p2a: Ciano|Zacian-Crowned, shiny|63/100|[from]move: U-turn
|-ability|p2a: Ciano|Intrepid Sword|boost
|-boost|p2a: Ciano|atk|1
|
|-weather|Sandstorm|[upkeep]
|-heal|p1a: Terry|71/100|[from] item: Leftovers
|upkeep
|turn|20
|
|t:|1663682823
|switch|p1a: Quagy|Quagsire, F|45/100
|move|p2a: Ciano|Close Combat|p1a: Quagy
|-damage|p1a: Quagy|10/100
|-unboost|p2a: Ciano|def|1
|-unboost|p2a: Ciano|spd|1
|
|-weather|Sandstorm|[upkeep]
|-heal|p1a: Quagy|16/100|[from] item: Leftovers
|upkeep
|turn|21
|
|t:|1663682827
|move|p2a: Ciano|Behemoth Blade|p1a: Quagy
|-resisted|p1a: Quagy
|-damage|p1a: Quagy|0 fnt
|faint|p1a: Quagy
|
|-weather|Sandstorm|[upkeep]
|upkeep
|
|t:|1663682829
|switch|p1a: Desu Desu|Rayquaza|100/100
|-ability|p1a: Desu Desu|Air Lock
|turn|22
|
|t:|1663682833
|detailschange|p1a: Desu Desu|Rayquaza-Mega
|-mega|p1a: Desu Desu|Rayquaza|
|-weather|DeltaStream|[from] ability: Delta Stream|[of] p1a: Desu Desu
|move|p1a: Desu Desu|V-create|p2a: Ciano
|-supereffective|p2a: Ciano
|-damage|p2a: Ciano|0 fnt
|-unboost|p1a: Desu Desu|spe|1
|-unboost|p1a: Desu Desu|def|1
|-unboost|p1a: Desu Desu|spd|1
|faint|p2a: Ciano
|
|-weather|DeltaStream|[upkeep]
|upkeep
|c|☆BrixTrynaLuv|scarf
|c|☆BrixTrynaLuv|interesting
|
|t:|1663682844
|switch|p2a: Ty-One|Tyranitar, F, shiny|100/100
|-ability|p2a: Ty-One|Sand Stream|[from] deltastream|[fail]
|turn|23
|
|t:|1663682851
|-activate|p1a: Desu Desu|move: Pursuit
|move|p2a: Ty-One|Pursuit|p1a: Desu Desu|[from]Pursuit
|-damage|p1a: Desu Desu|29/100
|-weather|none
|switch|p1a: Bloop|Ferrothorn, F|92/100
|
|-heal|p1a: Bloop|98/100|[from] item: Leftovers
|upkeep
|turn|24
|
|t:|1663682876
|switch|p2a: Pheromosa|Pheromosa, shiny|82/100 tox
|move|p1a: Bloop|Substitute|p1a: Bloop
|-start|p1a: Bloop|Substitute
|-damage|p1a: Bloop|73/100
|
|-heal|p1a: Bloop|79/100|[from] item: Leftovers
|-damage|p2a: Pheromosa|76/100 tox|[from] psn
|upkeep
|turn|25
|
|t:|1663682883
|move|p2a: Pheromosa|Close Combat|p1a: Bloop
|-supereffective|p1a: Bloop
|-end|p1a: Bloop|Substitute
|-unboost|p2a: Pheromosa|def|1
|-unboost|p2a: Pheromosa|spd|1
|move|p1a: Bloop|Substitute|p1a: Bloop
|-start|p1a: Bloop|Substitute
|-damage|p1a: Bloop|54/100
|
|-heal|p1a: Bloop|60/100|[from] item: Leftovers
|-damage|p2a: Pheromosa|64/100 tox|[from] psn
|upkeep
|turn|26
|
|t:|1663682887
|move|p2a: Pheromosa|Close Combat|p1a: Bloop
|-supereffective|p1a: Bloop
|-end|p1a: Bloop|Substitute
|-unboost|p2a: Pheromosa|def|1
|-unboost|p2a: Pheromosa|spd|1
|move|p1a: Bloop|Substitute|p1a: Bloop
|-start|p1a: Bloop|Substitute
|-damage|p1a: Bloop|36/100
|
|-heal|p1a: Bloop|42/100|[from] item: Leftovers
|-damage|p2a: Pheromosa|46/100 tox|[from] psn
|upkeep
|turn|27
|
|t:|1663682897
|switch|p2a: Necrozma|Necrozma-Dusk-Mane|84/100
|move|p1a: Bloop|Leech Seed|p2a: Necrozma
|-start|p2a: Necrozma|move: Leech Seed
|
|-heal|p1a: Bloop|48/100|[from] item: Leftovers
|-damage|p2a: Necrozma|72/100|[from] Leech Seed|[of] p1a: Bloop
|-heal|p1a: Bloop|61/100|[silent]
|upkeep
|turn|28
|
|t:|1663682904
|move|p2a: Necrozma|Stealth Rock|p1a: Bloop
|-sidestart|p1: Lord Tonii Chan|move: Stealth Rock
|move|p1a: Bloop|Knock Off|p2a: Necrozma
|-supereffective|p2a: Necrozma
|-damage|p2a: Necrozma|60/100
|
|-heal|p1a: Bloop|67/100|[from] item: Leftovers
|-damage|p2a: Necrozma|47/100|[from] Leech Seed|[of] p1a: Bloop
|-heal|p1a: Bloop|81/100|[silent]
|upkeep
|turn|29
|
|t:|1663682907
|move|p2a: Necrozma|Moonlight|p2a: Necrozma
|-heal|p2a: Necrozma|97/100
|move|p1a: Bloop|Knock Off|p2a: Necrozma
|-supereffective|p2a: Necrozma
|-damage|p2a: Necrozma|86/100
|
|-heal|p1a: Bloop|87/100|[from] item: Leftovers
|-damage|p2a: Necrozma|73/100|[from] Leech Seed|[of] p1a: Bloop
|-heal|p1a: Bloop|100/100|[silent]
|upkeep
|turn|30
|
|t:|1663682910
|move|p2a: Necrozma|Sunsteel Strike|p1a: Bloop
|-resisted|p1a: Bloop
|-activate|p1a: Bloop|move: Substitute|[damage]
|move|p1a: Bloop|Toxic|p2a: Necrozma
|-immune|p2a: Necrozma
|
|-damage|p2a: Necrozma|61/100|[from] Leech Seed|[of] p1a: Bloop
|upkeep
|turn|31
|inactive|BrixTrynaLuv has 120 seconds left.
|c| Toosii 2x|taunt would be krazy rite now
|c|☆BrixTrynaLuv|i agree
|
|t:|1663682952
|switch|p2a: Pheromosa|Pheromosa, shiny|46/100 tox
|move|p1a: Bloop|Substitute|p1a: Bloop
|-fail|p1a: Bloop|move: Substitute
|
|-damage|p2a: Pheromosa|40/100 tox|[from] psn
|upkeep
|turn|32
|
|t:|1663682961
|move|p2a: Pheromosa|Close Combat|p1a: Bloop
|-supereffective|p1a: Bloop
|-end|p1a: Bloop|Substitute
|-unboost|p2a: Pheromosa|def|1
|-unboost|p2a: Pheromosa|spd|1
|move|p1a: Bloop|Substitute|p1a: Bloop
|-start|p1a: Bloop|Substitute
|-damage|p1a: Bloop|76/100
|
|-heal|p1a: Bloop|82/100|[from] item: Leftovers
|-damage|p2a: Pheromosa|28/100 tox|[from] psn
|upkeep
|turn|33
|
|t:|1663682967
|move|p2a: Pheromosa|Close Combat|p1a: Bloop
|-supereffective|p1a: Bloop
|-end|p1a: Bloop|Substitute
|-unboost|p2a: Pheromosa|def|1
|-unboost|p2a: Pheromosa|spd|1
|move|p1a: Bloop|Substitute|p1a: Bloop
|-start|p1a: Bloop|Substitute
|-damage|p1a: Bloop|57/100
|
|-heal|p1a: Bloop|63/100|[from] item: Leftovers
|-damage|p2a: Pheromosa|10/100 tox|[from] psn
|upkeep
|turn|34
|
|t:|1663682975
|move|p2a: Pheromosa|Close Combat|p1a: Bloop
|-supereffective|p1a: Bloop
|-end|p1a: Bloop|Substitute
|-unboost|p2a: Pheromosa|def|1
|-unboost|p2a: Pheromosa|spd|1
|move|p1a: Bloop|Substitute|p1a: Bloop
|-start|p1a: Bloop|Substitute
|-damage|p1a: Bloop|38/100
|
|-heal|p1a: Bloop|44/100|[from] item: Leftovers
|-damage|p2a: Pheromosa|0 fnt|[from] psn
|faint|p2a: Pheromosa
|upkeep
|
|t:|1663682988
|switch|p2a: Yvelat|Yveltal, shiny|57/100 brn
|-ability|p2a: Yvelat|Dark Aura
|turn|35
|
|t:|1663682993
|move|p2a: Yvelat|Dark Pulse|p1a: Bloop
|-end|p1a: Bloop|Substitute
|move|p1a: Bloop|Leech Seed|p2a: Yvelat
|-start|p2a: Yvelat|move: Leech Seed
|
|-heal|p1a: Bloop|50/100|[from] item: Leftovers
|-damage|p2a: Yvelat|44/100 brn|[from] Leech Seed|[of] p1a: Bloop
|-heal|p1a: Bloop|65/100|[silent]
|-damage|p2a: Yvelat|38/100 brn|[from] brn
|upkeep
|turn|36
|
|t:|1663682998
|move|p2a: Yvelat|Dark Pulse|p1a: Bloop
|-damage|p1a: Bloop|30/100
|move|p1a: Bloop|Substitute|p1a: Bloop
|-start|p1a: Bloop|Substitute
|-damage|p1a: Bloop|6/100
|
|-heal|p1a: Bloop|12/100|[from] item: Leftovers
|-damage|p2a: Yvelat|26/100 brn|[from] Leech Seed|[of] p1a: Bloop
|-heal|p1a: Bloop|26/100|[silent]
|-damage|p2a: Yvelat|20/100 brn|[from] brn
|upkeep
|turn|37
|
|t:|1663683003
|move|p2a: Yvelat|U-turn|p1a: Bloop
|-activate|p1a: Bloop|move: Substitute|[damage]
|
|t:|1663683011
|switch|p2a: Cavelerio Fantasma|Calyrex-Shadow|100/100|[from]move: U-turn
|-ability|p2a: Cavelerio Fantasma|As One
|-ability|p2a: Cavelerio Fantasma|Unnerve
|move|p1a: Bloop|Substitute|p1a: Bloop
|-fail|p1a: Bloop|move: Substitute
|
|-heal|p1a: Bloop|32/100|[from] item: Leftovers
|upkeep
|turn|38
|c|☆BrixTrynaLuv|Shame
|c|☆BrixTrynaLuv|I have to use this so early
|c|☆BrixTrynaLuv|sigh
|
|t:|1663683030
|-start|p2a: Cavelerio Fantasma|Dynamax|
|-heal|p2a: Cavelerio Fantasma|100/100|[silent]
|move|p2a: Cavelerio Fantasma|Max Phantasm|p1a: Bloop
|-end|p1a: Bloop|Substitute
|-unboost|p1a: Bloop|def|1
|move|p1a: Bloop|Knock Off|p2a: Cavelerio Fantasma
|-supereffective|p2a: Cavelerio Fantasma
|-damage|p2a: Cavelerio Fantasma|48/100
|-enditem|p2a: Cavelerio Fantasma|Choice Scarf|[from] move: Knock Off|[of] p1a: Bloop
|
|-heal|p1a: Bloop|38/100|[from] item: Leftovers
|upkeep
|turn|39
|
|t:|1663683039
|switch|p1a: Terry|Tyranitar, F|71/100
|-damage|p1a: Terry|58/100|[from] Stealth Rock
|-weather|Sandstorm|[from] ability: Sand Stream|[of] p1a: Terry
|move|p2a: Cavelerio Fantasma|Max Phantasm|p1a: Terry
|-resisted|p1a: Terry
|-damage|p1a: Terry|40/100
|-unboost|p1a: Terry|def|1
|
|-weather|Sandstorm|[upkeep]
|-damage|p2a: Cavelerio Fantasma|45/100|[from] Sandstorm
|-heal|p1a: Terry|46/100|[from] item: Leftovers
|upkeep
|turn|40
|
|t:|1663683046
|move|p2a: Cavelerio Fantasma|Max Starfall|p1a: Terry
|-supereffective|p1a: Terry
|-damage|p1a: Terry|9/100
|-fieldstart|move: Misty Terrain
|move|p1a: Terry|Thunder Wave|p2a: Cavelerio Fantasma
|-activate|p2a: Cavelerio Fantasma|move: Misty Terrain
|
|-weather|Sandstorm|[upkeep]
|-damage|p2a: Cavelerio Fantasma|42/100|[from] Sandstorm
|-heal|p1a: Terry|15/100|[from] item: Leftovers
|upkeep
|-end|p2a: Cavelerio Fantasma|Dynamax
|-heal|p2a: Cavelerio Fantasma|42/100|[silent]
|turn|41
|
|t:|1663683053
|move|p2a: Cavelerio Fantasma|Astral Barrage|p1a: Terry
|-resisted|p1a: Terry
|-damage|p1a: Terry|1/100
|move|p1a: Terry|Pursuit|p2a: Cavelerio Fantasma
|-supereffective|p2a: Cavelerio Fantasma
|-damage|p2a: Cavelerio Fantasma|0 fnt
|faint|p2a: Cavelerio Fantasma
|
|-weather|Sandstorm|[upkeep]
|-heal|p1a: Terry|7/100|[from] item: Leftovers
|upkeep
|
|t:|1663683061
|switch|p2a: Yvelat|Yveltal, shiny|20/100 brn
|-ability|p2a: Yvelat|Dark Aura
|turn|42
|
|t:|1663683066
|move|p2a: Yvelat|Dark Pulse|p1a: Terry
|-resisted|p1a: Terry
|-damage|p1a: Terry|0 fnt
|faint|p1a: Terry
|
|-weather|Sandstorm|[upkeep]
|-damage|p2a: Yvelat|13/100 brn|[from] Sandstorm
|-damage|p2a: Yvelat|7/100 brn|[from] brn
|upkeep
|
|t:|1663683069
|switch|p1a: Oh-No|Ho-Oh|74/100
|turn|43
|
|t:|1663683088
|move|p2a: Yvelat|Dark Pulse|p1a: Oh-No
|-damage|p1a: Oh-No|49/100
|move|p1a: Oh-No|Defog|p2a: Yvelat
|-unboost|p2a: Yvelat|evasion|1
|-sideend|p1: Lord Tonii Chan|Stealth Rock|[from] move: Defog|[of] p1a: Oh-No
|-fieldend|Misty Terrain
|
|-weather|none
|-damage|p2a: Yvelat|1/100 brn|[from] brn
|upkeep
|turn|44
|
|t:|1663683102
|move|p2a: Yvelat|Oblivion Wing|p1a: Oh-No
|-damage|p1a: Oh-No|32/100
|-heal|p2a: Yvelat|14/100 brn|[from] drain|[of] p1a: Oh-No
|move|p1a: Oh-No|Sacred Fire|p2a: Yvelat
|-damage|p2a: Yvelat|0 fnt
|faint|p2a: Yvelat
|
|upkeep
|
|t:|1663683108
|switch|p2a: Ty-One|Tyranitar, F, shiny|100/100
|-weather|Sandstorm|[from] ability: Sand Stream|[of] p2a: Ty-One
|turn|45
|
|t:|1663683114
|move|p1a: Oh-No|Toxic|p2a: Ty-One
|-status|p2a: Ty-One|tox
|move|p2a: Ty-One|Stone Edge|p1a: Oh-No
|-supereffective|p1a: Oh-No
|-crit|p1a: Oh-No
|-damage|p1a: Oh-No|0 fnt
|faint|p1a: Oh-No
|
|-weather|Sandstorm|[upkeep]
|-damage|p2a: Ty-One|94/100 tox|[from] psn
|upkeep
|
|t:|1663683117
|switch|p1a: Mandy|Yveltal|100/100
|-ability|p1a: Mandy|Dark Aura
|turn|46
|
|t:|1663683121
|move|p1a: Mandy|U-turn|p2a: Ty-One
|-supereffective|p2a: Ty-One
|-damage|p2a: Ty-One|56/100 tox
|-damage|p1a: Mandy|91/100|[from] item: Life Orb
|
|t:|1663683123
|switch|p1a: Bloop|Ferrothorn, F|38/100|[from]move: U-turn
|move|p2a: Ty-One|Stone Edge|p1a: Bloop
|-resisted|p1a: Bloop
|-damage|p1a: Bloop|16/100
|
|-weather|Sandstorm|[upkeep]
|-heal|p1a: Bloop|22/100|[from] item: Leftovers
|-damage|p2a: Ty-One|44/100 tox|[from] psn
|upkeep
|turn|47
|
|t:|1663683128
|move|p2a: Ty-One|Crunch|p1a: Bloop
|-damage|p1a: Bloop|0 fnt
|-damage|p2a: Ty-One|32/100 tox|[from] ability: Iron Barbs|[of] p1a: Bloop
|faint|p1a: Bloop
|
|-weather|Sandstorm|[upkeep]
|-damage|p2a: Ty-One|13/100 tox|[from] psn
|upkeep
|
|t:|1663683131
|switch|p1a: Mandy|Yveltal|91/100
|-ability|p1a: Mandy|Dark Aura
|turn|48
|
|t:|1663683136
|-start|p1a: Mandy|Dynamax|
|-heal|p1a: Mandy|91/100|[silent]
|move|p1a: Mandy|Max Airstream|p2a: Ty-One
|-resisted|p2a: Ty-One
|-damage|p2a: Ty-One|0 fnt
|-boost|p1a: Mandy|spe|1
|faint|p2a: Ty-One
|-damage|p1a: Mandy|86/100|[from] item: Life Orb
|
|-weather|Sandstorm|[upkeep]
|-damage|p1a: Mandy|83/100|[from] Sandstorm
|upkeep
|c|☆Lord Tonii Chan|Gg
|c|☆BrixTrynaLuv|gg!
|
|t:|1663683141
|switch|p2a: Necrozma|Necrozma-Dusk-Mane|61/100
|turn|49
|
|t:|1663683145
|move|p1a: Mandy|Max Darkness|p2a: Necrozma
|-supereffective|p2a: Necrozma
|-damage|p2a: Necrozma|0 fnt
|faint|p2a: Necrozma
|-damage|p1a: Mandy|78/100|[from] item: Life Orb
|
|win|Lord Tonii Chan
|raw|Lord Tonii Chan's rating: 1735 &rarr; <strong>1753</strong><br />(+18 for winning)
|raw|BrixTrynaLuv's rating: 1704 &rarr; <strong>1686</strong><br />(-18 for losing)
|l|☆BrixTrynaLuv
|c| Toosii 2x|man..
|c| Toosii 2x|sub ferro.. omw to ou rn
|l| Toosii 2x
||Ladder isn't responding, score probably updated but might not have (Request timeout).
