|j|☆Kaelen87
|j|☆GonnaTakeBea'sJob
|t:|1652318089
|gametype|singles
|player|p1|Kaelen87|102|1137
|player|p2|GonnaTakeBea'sJob|266|1143
|teamsize|p1|6
|teamsize|p2|6
|gen|8
|tier|[Gen 8] National Dex AG
|rated|
|rule|HP Percentage Mod: HP is shown in percentages
|rule|Endless Battle Clause: Forcing endless battles is banned
|clearpoke
|poke|p1|Araquanid, M|
|poke|p1|Vikavolt, M|
|poke|p1|Shedinja|
|poke|p1|Scizor, F|
|poke|p1|Accelgor, M|
|poke|p1|Heracross, F|
|poke|p2|Cinderace, M|
|poke|p2|Necrozma-Dusk-Mane|
|poke|p2|Lopunny, M|
|poke|p2|Melmetal|
|poke|p2|Thundurus-Therian, M|
|poke|p2|Flygon, M|
|teampreview
|
|t:|1652318108
|start
|switch|p1a: Shedinja|Shedinja|100/100
|switch|p2a: Flygon|Flygon, M|100/100
|turn|1
|
|t:|1652318124
|move|p2a: Flygon|U-turn|p1a: Shedinja
|-immune|p1a: Shedinja|[from] ability: Wonder Guard
|move|p1a: Shedinja|Poltergeist|p2a: Flygon
|-activate|p2a: Flygon|move: Poltergeist|Life Orb
|-crit|p2a: Flygon
|-damage|p2a: Flygon|7/100
|
|upkeep
|turn|2
|
|t:|1652318137
|move|p2a: Flygon|Roost|p2a: Flygon
|-heal|p2a: Flygon|57/100
|-singleturn|p2a: Flygon|move: Roost
|move|p1a: Shedinja|Night Slash|p2a: Flygon
|-damage|p2a: Flygon|33/100
|
|upkeep
|turn|3
|
|t:|1652318144
|move|p2a: Flygon|Roost|p2a: Flygon
|-heal|p2a: Flygon|83/100
|-singleturn|p2a: Flygon|move: Roost
|move|p1a: Shedinja|Poltergeist|p2a: Flygon
|-activate|p2a: Flygon|move: Poltergeist|Life Orb
|-damage|p2a: Flygon|27/100
|
|upkeep
|turn|4
|
|t:|1652318153
|move|p2a: Flygon|Roost|p2a: Flygon
|-heal|p2a: Flygon|77/100
|-singleturn|p2a: Flygon|move: Roost
|move|p1a: Shedinja|Hone Claws|p1a: Shedinja
|-boost|p1a: Shedinja|atk|1
|-boost|p1a: Shedinja|accuracy|1
|
|upkeep
|turn|5
|
|t:|1652318164
|move|p2a: Flygon|Roost|p2a: Flygon
|-heal|p2a: Flygon|100/100
|-singleturn|p2a: Flygon|move: Roost
|move|p1a: Shedinja|Hone Claws|p1a: Shedinja
|-boost|p1a: Shedinja|atk|1
|-boost|p1a: Shedinja|accuracy|1
|
|upkeep
|turn|6
|
|t:|1652318175
|move|p2a: Flygon|Roost||[still]
|-fail|p2a: Flygon|heal
|move|p1a: Shedinja|Poltergeist|p2a: Flygon
|-activate|p2a: Flygon|move: Poltergeist|Life Orb
|-damage|p2a: Flygon|0 fnt
|faint|p2a: Flygon
|
|upkeep
|
|t:|1652318181
|switch|p2a: Cinderace|Cinderace, M|100/100
|turn|7
|
|t:|1652318187
|move|p1a: Shedinja|Protect|p1a: Shedinja
|-singleturn|p1a: Shedinja|Protect
|move|p2a: Cinderace|Pyro Ball|p1a: Shedinja
|-activate|p1a: Shedinja|move: Protect
|
|upkeep
|turn|8
|
|t:|1652318196
|move|p2a: Cinderace|Pyro Ball|p1a: Shedinja|[miss]
|-miss|p2a: Cinderace|p1a: Shedinja
|move|p1a: Shedinja|Poltergeist|p2a: Cinderace
|-activate|p2a: Cinderace|move: Poltergeist|Heavy-Duty Boots
|-damage|p2a: Cinderace|0 fnt
|faint|p2a: Cinderace
|
|upkeep
|
|t:|1652318200
|switch|p2a: Lopunny|Lopunny, M|100/100
|turn|9
|
|t:|1652318207
|detailschange|p2a: Lopunny|Lopunny-Mega, M
|-mega|p2a: Lopunny|Lopunny|Lopunnite
|move|p1a: Shedinja|Protect|p1a: Shedinja
|-singleturn|p1a: Shedinja|Protect
|move|p2a: Lopunny|Fake Out|p1a: Shedinja
|-activate|p1a: Shedinja|move: Protect
|
|upkeep
|turn|10
|
|t:|1652318215
|move|p2a: Lopunny|Return|p1a: Shedinja
|-immune|p1a: Shedinja|[from] ability: Wonder Guard
|move|p1a: Shedinja|Hone Claws|p1a: Shedinja
|-boost|p1a: Shedinja|atk|1
|-boost|p1a: Shedinja|accuracy|1
|
|upkeep
|turn|11
|
|t:|1652318233
|switch|p2a: Melmetal|Melmetal|100/100
|move|p1a: Shedinja|Night Slash|p2a: Melmetal
|-damage|p2a: Melmetal|75/100
|
|-heal|p2a: Melmetal|81/100|[from] item: Leftovers
|upkeep
|turn|12
|
|t:|1652318242
|move|p1a: Shedinja|Protect|p1a: Shedinja
|-singleturn|p1a: Shedinja|Protect
|move|p2a: Melmetal|Darkest Lariat|p1a: Shedinja
|-activate|p1a: Shedinja|move: Protect
|
|-heal|p2a: Melmetal|87/100|[from] item: Leftovers
|upkeep
|turn|13
|
|t:|1652318251
|move|p1a: Shedinja|Poltergeist|p2a: Melmetal
|-activate|p2a: Melmetal|move: Poltergeist|Leftovers
|-damage|p2a: Melmetal|28/100
|move|p2a: Melmetal|Darkest Lariat|p1a: Shedinja
|-supereffective|p1a: Shedinja
|-enditem|p1a: Shedinja|Focus Sash
|-damage|p1a: Shedinja|100/100
|
|-heal|p2a: Melmetal|34/100|[from] item: Leftovers
|upkeep
|turn|14
|
|t:|1652318263
|-start|p2a: Melmetal|Dynamax|
|-heal|p2a: Melmetal|34/100|[silent]
|move|p1a: Shedinja|Poltergeist|p2a: Melmetal
|-activate|p2a: Melmetal|move: Poltergeist|Leftovers
|-damage|p2a: Melmetal|5/100
|move|p2a: Melmetal|Max Darkness|p1a: Shedinja
|-supereffective|p1a: Shedinja
|-damage|p1a: Shedinja|0 fnt
|faint|p1a: Shedinja
|
|-heal|p2a: Melmetal|8/100|[from] item: Leftovers
|upkeep
|
|t:|1652318280
|switch|p1a: Araquanid|Araquanid, M|100/100
|turn|15
|
|t:|1652318287
|move|p1a: Araquanid|Aqua Ring|p1a: Araquanid
|-start|p1a: Araquanid|Aqua Ring
|move|p2a: Melmetal|Max Steelspike|p1a: Araquanid
|-resisted|p1a: Araquanid
|-damage|p1a: Araquanid|55/100
|-boost|p2a: Melmetal|def|1
|
|-heal|p2a: Melmetal|11/100|[from] item: Leftovers
|-heal|p1a: Araquanid|62/100|[from] Aqua Ring
|upkeep
|turn|16
|
|t:|1652318298
|move|p1a: Araquanid|Liquidation|p2a: Melmetal
|-damage|p2a: Melmetal|0 fnt
|faint|p2a: Melmetal
|
|-heal|p1a: Araquanid|68/100|[from] Aqua Ring
|upkeep
|
|t:|1652318304
|switch|p2a: Thundurus|Thundurus-Therian, M|100/100
|turn|17
|
|t:|1652318311
|move|p2a: Thundurus|Volt Switch|p1a: Araquanid
|-supereffective|p1a: Araquanid
|-damage|p1a: Araquanid|0 fnt
|faint|p1a: Araquanid
|
|t:|1652318323
|switch|p2a: Necrozma|Necrozma-Dusk-Mane|100/100|[from]move: Volt Switch
|
|upkeep
|
|t:|1652318329
|switch|p1a: Scizor|Scizor, F|100/100
|turn|18
|
|t:|1652318339
|detailschange|p1a: Scizor|Scizor-Mega, F
|-mega|p1a: Scizor|Scizor|Scizorite
|-zpower|p2a: Necrozma
|move|p2a: Necrozma|Searing Sunraze Smash|p1a: Scizor|[zeffect]
|-resisted|p1a: Scizor
|-damage|p1a: Scizor|60/100
|move|p1a: Scizor|Psycho Cut|p2a: Necrozma
|-resisted|p2a: Necrozma
|-damage|p2a: Necrozma|96/100
|
|upkeep
|turn|19
|
|t:|1652318354
|move|p2a: Necrozma|Dragon Dance|p2a: Necrozma
|-boost|p2a: Necrozma|atk|1
|-boost|p2a: Necrozma|spe|1
|move|p1a: Scizor|Defog|p2a: Necrozma
|-unboost|p2a: Necrozma|evasion|1
|
|upkeep
|turn|20
|
|t:|1652318367
|move|p2a: Necrozma|Earthquake|p1a: Scizor
|-damage|p1a: Scizor|11/100
|move|p1a: Scizor|Swords Dance|p1a: Scizor
|-boost|p1a: Scizor|atk|2
|
|upkeep
|turn|21
|
|t:|1652318374
|move|p2a: Necrozma|Earthquake|p1a: Scizor
|-damage|p1a: Scizor|0 fnt
|faint|p1a: Scizor
|
|upkeep
|
|t:|1652318380
|switch|p1a: Vikavolt|Vikavolt, M|100/100
|turn|22
|
|t:|1652318386
|move|p2a: Necrozma|Photon Geyser|p1a: Vikavolt
|-damage|p1a: Vikavolt|0 fnt
|faint|p1a: Vikavolt
|
|upkeep
|
|t:|1652318393
|switch|p1a: Heracross|Heracross, F|100/100
|turn|23
|
|t:|1652318401
|move|p1a: Heracross|Earthquake|p2a: Necrozma
|-supereffective|p2a: Necrozma
|-damage|p2a: Necrozma|64/100
|move|p2a: Necrozma|Photon Geyser|p1a: Heracross
|-supereffective|p1a: Heracross
|-damage|p1a: Heracross|0 fnt
|faint|p1a: Heracross
|
|upkeep
|
|t:|1652318411
|switch|p1a: Accelgor|Accelgor, M|100/100
|turn|24
|
|t:|1652318417
|move|p1a: Accelgor|Bug Buzz|p2a: Necrozma
|-damage|p2a: Necrozma|40/100
|move|p2a: Necrozma|Sunsteel Strike|p1a: Accelgor
|-damage|p1a: Accelgor|0 fnt
|faint|p1a: Accelgor
|
|win|GonnaTakeBea'sJob
|raw|Kaelen87's rating: 1137 &rarr; <strong>1112</strong><br />(-25 for losing)
|raw|GonnaTakeBea&apos;sJob's rating: 1143 &rarr; <strong>1168</strong><br />(+25 for winning)
|l|☆GonnaTakeBea'sJob
