|j|☆CLEAR GEM清瑜
|j|☆v87
|t:|1662177741
|gametype|singles
|player|p1|CLEAR GEM清瑜|skierf|1680
|player|p2|v87|170|1850
|teamsize|p1|6
|teamsize|p2|6
|gen|8
|tier|[Gen 8] National Dex AG
|rated|
|rule|HP Percentage Mod: HP is shown in percentages
|rule|Endless Battle Clause: Forcing endless battles is banned
|clearpoke
|poke|p1|Rayquaza|
|poke|p1|Groudon|
|poke|p1|Arceus-*|
|poke|p1|Yveltal|
|poke|p1|Zacian-*|
|poke|p1|Necrozma-Dusk-Mane|
|poke|p2|Zacian-*|
|poke|p2|Groudon|
|poke|p2|Yveltal|
|poke|p2|Rayquaza|
|poke|p2|Kyogre|
|poke|p2|Tornadus, M|
|teampreview
|inactive|Battle timer is ON: inactive players will automatically lose when time's up. (requested by CLEAR GEM清瑜)
|
|t:|1662177751
|start
|switch|p1a: 不会(?)|Groudon|100/100
|switch|p2a: Groudon|Groudon|100/100
|detailschange|p2a: Groudon|Groudon-Primal
|-primal|p2a: Groudon
|-weather|DesolateLand|[from] ability: Desolate Land|[of] p2a: Groudon
|detailschange|p1a: 不会(?)|Groudon-Primal
|-primal|p1a: 不会(?)
|turn|1
|c|☆CLEAR GEM清瑜|v友是吧
|
|t:|1662177768
|move|p2a: Groudon|Stealth Rock|p1a: 不会(?)
|-sidestart|p1: CLEAR GEM清瑜|move: Stealth Rock
|move|p1a: 不会(?)|Stealth Rock|p2a: Groudon
|-sidestart|p2: v87|move: Stealth Rock
|
|-weather|DesolateLand|[upkeep]
|upkeep
|turn|2
|
|t:|1662177773
|move|p2a: Groudon|Earthquake|p1a: 不会(?)
|-supereffective|p1a: 不会(?)
|-damage|p1a: 不会(?)|41/100
|move|p1a: 不会(?)|Precipice Blades|p2a: Groudon
|-supereffective|p2a: Groudon
|-damage|p2a: Groudon|15/100
|
|-weather|DesolateLand|[upkeep]
|upkeep
|turn|3
|
|t:|1662177781
|move|p2a: Groudon|Earthquake|p1a: 不会(?)
|-supereffective|p1a: 不会(?)
|-damage|p1a: 不会(?)|0 fnt
|faint|p1a: 不会(?)
|
|-weather|DesolateLand|[upkeep]
|upkeep
|
|t:|1662177788
|switch|p1a: Y鸟|Yveltal|100/100
|-damage|p1a: Y鸟|76/100|[from] Stealth Rock
|-ability|p1a: Y鸟|Dark Aura
|turn|4
|
|t:|1662177793
|move|p1a: Y鸟|Oblivion Wing|p2a: Groudon
|-damage|p2a: Groudon|0 fnt
|-heal|p1a: Y鸟|87/100|[from] drain|[of] p2a: Groudon
|faint|p2a: Groudon
|-weather|none
|
|upkeep
|
|t:|1662177807
|switch|p2a: Zacian|Zacian-Crowned|100/100
|-damage|p2a: Zacian|94/100|[from] Stealth Rock
|-ability|p2a: Zacian|Intrepid Sword|boost
|-boost|p2a: Zacian|atk|1
|turn|5
|
|t:|1662177813
|switch|p1a: 钢铁之躯|Necrozma-Dusk-Mane|100/100
|-damage|p1a: 钢铁之躯|94/100|[from] Stealth Rock
|move|p2a: Zacian|Behemoth Blade|p1a: 钢铁之躯
|-resisted|p1a: 钢铁之躯
|-damage|p1a: 钢铁之躯|61/100
|
|upkeep
|turn|6
|
|t:|1662177823
|move|p2a: Zacian|Behemoth Blade|p1a: 钢铁之躯
|-resisted|p1a: 钢铁之躯
|-damage|p1a: 钢铁之躯|29/100
|move|p1a: 钢铁之躯|Dragon Dance|p1a: 钢铁之躯
|-boost|p1a: 钢铁之躯|atk|1
|-boost|p1a: 钢铁之躯|spe|1
|
|upkeep
|turn|7
|
|t:|1662177832
|detailschange|p1a: 钢铁之躯|Necrozma-Ultra
|-burst|p1a: 钢铁之躯|Necrozma|Ultranecrozium Z
|move|p2a: Zacian|Quick Attack|p1a: 钢铁之躯
|-damage|p1a: 钢铁之躯|6/100
|move|p1a: 钢铁之躯|Earthquake|p2a: Zacian
|-supereffective|p2a: Zacian
|-damage|p2a: Zacian|0 fnt
|faint|p2a: Zacian
|
|upkeep
|
|t:|1662177845
|switch|p2a: Rayquaza|Rayquaza|100/100
|-damage|p2a: Rayquaza|76/100|[from] Stealth Rock
|-ability|p2a: Rayquaza|Air Lock
|turn|8
|
|t:|1662177853
|detailschange|p2a: Rayquaza|Rayquaza-Mega
|-mega|p2a: Rayquaza|Rayquaza|
|-weather|DeltaStream|[from] ability: Delta Stream|[of] p2a: Rayquaza
|move|p2a: Rayquaza|Extreme Speed|p1a: 钢铁之躯
|-damage|p1a: 钢铁之躯|0 fnt
|faint|p1a: 钢铁之躯
|
|-weather|DeltaStream|[upkeep]
|upkeep
|
|t:|1662177859
|switch|p1a: 悬空羊驼|Arceus-Flying|100/100
|-damage|p1a: 悬空羊驼|76/100|[from] Stealth Rock
|turn|9
|
|t:|1662177871
|-start|p1a: 悬空羊驼|Dynamax|
|-heal|p1a: 悬空羊驼|76/100|[silent]
|move|p2a: Rayquaza|Dragon Ascent|p1a: 悬空羊驼
|-damage|p1a: 悬空羊驼|42/100
|-unboost|p2a: Rayquaza|def|1
|-unboost|p2a: Rayquaza|spd|1
|move|p1a: 悬空羊驼|Max Airstream|p2a: Rayquaza
|-damage|p2a: Rayquaza|0 fnt
|-boost|p1a: 悬空羊驼|spe|1
|faint|p2a: Rayquaza
|-weather|none
|
|upkeep
|
|t:|1662177894
|switch|p2a: Tornadus|Tornadus, M|100/100
|-damage|p2a: Tornadus|76/100|[from] Stealth Rock
|turn|10
|inactive|v87 has 120 seconds left.
|
|t:|1662177913
|move|p2a: Tornadus|Substitute|p2a: Tornadus
|-start|p2a: Tornadus|Substitute
|-damage|p2a: Tornadus|51/100
|move|p1a: 悬空羊驼|Max Airstream|p2a: Tornadus
|-end|p2a: Tornadus|Substitute
|-boost|p1a: 悬空羊驼|spe|1
|
|upkeep
|turn|11
|inactive|v87 has 120 seconds left.
|
|t:|1662177929
|move|p2a: Tornadus|Tailwind|p2a: Tornadus
|-sidestart|p2: v87|move: Tailwind
|move|p1a: 悬空羊驼|Max Airstream|p2a: Tornadus
|-damage|p2a: Tornadus|0 fnt
|-boost|p1a: 悬空羊驼|spe|1
|faint|p2a: Tornadus
|
|upkeep
|
|t:|1662177938
|switch|p2a: Yveltal|Yveltal|100/100
|-damage|p2a: Yveltal|76/100|[from] Stealth Rock
|-ability|p2a: Yveltal|Dark Aura
|-end|p1a: 悬空羊驼|Dynamax
|-heal|p1a: 悬空羊驼|42/100|[silent]
|turn|12
|inactive|v87 has 120 seconds left.
|
|t:|1662177948
|-start|p2a: Yveltal|Dynamax|
|-heal|p2a: Yveltal|76/100|[silent]
|move|p1a: 悬空羊驼|Judgment|p2a: Yveltal
|-damage|p2a: Yveltal|48/100
|move|p2a: Yveltal|Max Darkness|p1a: 悬空羊驼
|-damage|p1a: 悬空羊驼|0 fnt
|faint|p1a: 悬空羊驼
|-damage|p2a: Yveltal|43/100|[from] item: Life Orb
|
|upkeep
|
|t:|1662177953
|switch|p1a: 剑狗|Zacian-Crowned|100/100
|-damage|p1a: 剑狗|94/100|[from] Stealth Rock
|-ability|p1a: 剑狗|Intrepid Sword|boost
|-boost|p1a: 剑狗|atk|1
|turn|13
|inactive|v87 has 120 seconds left.
|
|t:|1662177966
|move|p2a: Yveltal|Max Darkness|p1a: 剑狗
|-resisted|p1a: 剑狗
|-damage|p1a: 剑狗|49/100
|-unboost|p1a: 剑狗|spd|1
|-damage|p2a: Yveltal|38/100|[from] item: Life Orb
|move|p1a: 剑狗|Behemoth Blade|p2a: Yveltal
|-damage|p2a: Yveltal|0 fnt
|faint|p2a: Yveltal
|
|upkeep
|inactive|v87 has 120 seconds left.
|-message|v87 forfeited.
|
|win|CLEAR GEM清瑜
|raw|CLEAR GEM清瑜's rating: 1680 &rarr; <strong>1709</strong><br />(+29 for winning)
|raw|v87's rating: 1850 &rarr; <strong>1821</strong><br />(-29 for losing)
|l|☆v87
||Ladder isn't responding, score probably updated but might not have (Request timeout).
