|j|☆cheziqua
|j|☆rquiz
|t:|1595818396
|player|p1|cheziqua|hilbert-dueldisk|1378
|player|p2|rquiz|n|1289
|teamsize|p1|6
|teamsize|p2|6
|gametype|singles
|gen|8
|tier|[Gen 8] National Dex AG
|rated|
|clearpoke
|poke|p1|Xerneas|
|poke|p1|Groudon|
|poke|p1|Zekrom|
|poke|p1|Snorlax, M|
|poke|p1|Ditto|
|poke|p1|Pinsir, F|
|poke|p2|Ninjask, M|
|poke|p2|Frosmoth, F|
|poke|p2|Pinsir, M|
|poke|p2|Pheromosa|
|poke|p2|Volcarona, F|
|poke|p2|Scizor, M|
|rule|HP Percentage Mod: HP is shown in percentages
|rule|Endless Battle Clause: Forcing endless battles is banned
|teampreview
|
|t:|1595818404
|start
|switch|p1a: Snorlax|Snorlax, M|100/100
|switch|p2a: SpeedWagon|Ninjask, M|100/100
|turn|1
|
|t:|1595818409
|move|p2a: SpeedWagon|Substitute|p2a: SpeedWagon
|-start|p2a: SpeedWagon|Substitute
|-damage|p2a: SpeedWagon|75/100
|move|p1a: Snorlax|Belly Drum|p1a: Snorlax
|-damage|p1a: Snorlax|50/100
|-setboost|p1a: Snorlax|atk|6|[from] move: Belly Drum
|-enditem|p1a: Snorlax|Figy Berry|[eat]
|-heal|p1a: Snorlax|83/100|[from] item: Figy Berry
|
|-ability|p2a: SpeedWagon|Speed Boost|boost
|-boost|p2a: SpeedWagon|spe|1
|upkeep
|turn|2
|
|t:|1595818422
|move|p2a: SpeedWagon|Leech Life|p1a: Snorlax
|-damage|p1a: Snorlax|57/100
|-heal|p2a: SpeedWagon|100/100|[from] drain|[of] p1a: Snorlax
|move|p1a: Snorlax|Darkest Lariat|p2a: SpeedWagon
|-end|p2a: SpeedWagon|Substitute
|
|-ability|p2a: SpeedWagon|Speed Boost|boost
|-boost|p2a: SpeedWagon|spe|1
|upkeep
|turn|3
|
|t:|1595818431
|-start|p1a: Snorlax|Dynamax
|-formechange|p1a: Snorlax|Snorlax-Gmax
|-heal|p1a: Snorlax|57/100|[silent]
|move|p2a: SpeedWagon|Substitute|p2a: SpeedWagon
|-start|p2a: SpeedWagon|Substitute
|-damage|p2a: SpeedWagon|75/100
|move|p1a: Snorlax|G-Max Replenish|p2a: SpeedWagon
|-end|p2a: SpeedWagon|Substitute
|
|-ability|p2a: SpeedWagon|Speed Boost|boost
|-boost|p2a: SpeedWagon|spe|1
|upkeep
|turn|4
|
|t:|1595818447
|move|p2a: SpeedWagon|Substitute|p2a: SpeedWagon
|-start|p2a: SpeedWagon|Substitute
|-damage|p2a: SpeedWagon|50/100
|move|p1a: Snorlax|G-Max Replenish|p2a: SpeedWagon
|-end|p2a: SpeedWagon|Substitute
|
|-ability|p2a: SpeedWagon|Speed Boost|boost
|-boost|p2a: SpeedWagon|spe|1
|upkeep
|turn|5
|
|t:|1595818460
|move|p2a: SpeedWagon|Substitute|p2a: SpeedWagon
|-start|p2a: SpeedWagon|Substitute
|-damage|p2a: SpeedWagon|25/100
|-enditem|p2a: SpeedWagon|Liechi Berry|[eat]
|-boost|p2a: SpeedWagon|atk|1|[from] item: Liechi Berry
|move|p1a: Snorlax|G-Max Replenish|p2a: SpeedWagon
|-end|p2a: SpeedWagon|Substitute
|-item|p1a: Snorlax|Figy Berry|[from] move: G-Max Replenish
|
|-ability|p2a: SpeedWagon|Speed Boost|boost
|-boost|p2a: SpeedWagon|spe|1
|-end|p1a: Snorlax|Dynamax
|-formechange|p1a: Snorlax|Snorlax
|-heal|p1a: Snorlax|57/100|[silent]
|upkeep
|turn|6
|
|t:|1595818473
|move|p2a: SpeedWagon|Leech Life|p1a: Snorlax
|-damage|p1a: Snorlax|14/100
|-heal|p2a: SpeedWagon|68/100|[from] drain|[of] p1a: Snorlax
|-enditem|p1a: Snorlax|Figy Berry|[eat]
|-heal|p1a: Snorlax|47/100|[from] item: Figy Berry
|move|p1a: Snorlax|Darkest Lariat|p2a: SpeedWagon
|-damage|p2a: SpeedWagon|0 fnt
|faint|p2a: SpeedWagon
|
|upkeep
|
|t:|1595818489
|switch|p2a: Tusk|Scizor, M|100/100
|turn|7
|
|t:|1595818496
|move|p2a: Tusk|Superpower|p1a: Snorlax
|-supereffective|p1a: Snorlax
|-damage|p1a: Snorlax|0 fnt
|-unboost|p2a: Tusk|atk|1
|-unboost|p2a: Tusk|def|1
|faint|p1a: Snorlax
|
|upkeep
|
|t:|1595818505
|switch|p1a: Pinsir|Pinsir, F, shiny|100/100
|-ability|p1a: Pinsir|Mold Breaker
|turn|8
|
|t:|1595818521
|switch|p2a: Abba|Frosmoth, F, shiny|100/100
|detailschange|p1a: Pinsir|Pinsir-Mega, F, shiny
|-mega|p1a: Pinsir|Pinsir|Pinsirite
|move|p1a: Pinsir|Swords Dance|p1a: Pinsir
|-boost|p1a: Pinsir|atk|2
|
|upkeep
|turn|9
|
|t:|1595818531
|move|p1a: Pinsir|Frustration|p2a: Abba
|-supereffective|p2a: Abba
|-enditem|p2a: Abba|Focus Sash
|-damage|p2a: Abba|1/100
|move|p2a: Abba|Blizzard|p1a: Pinsir
|-supereffective|p1a: Pinsir
|-damage|p1a: Pinsir|0 fnt
|faint|p1a: Pinsir
|
|upkeep
|
|t:|1595818541
|switch|p1a: Zekrom|Zekrom|100/100
|-ability|p1a: Zekrom|Teravolt
|turn|10
|
|t:|1595818546
|move|p1a: Zekrom|Dragon Dance|p1a: Zekrom
|-boost|p1a: Zekrom|atk|1
|-boost|p1a: Zekrom|spe|1
|move|p2a: Abba|Blizzard|p1a: Zekrom
|-supereffective|p1a: Zekrom
|-damage|p1a: Zekrom|0 fnt
|faint|p1a: Zekrom
|
|upkeep
|
|t:|1595818554
|switch|p1a: Xerneas|Xerneas|100/100
|-ability|p1a: Xerneas|Fairy Aura
|turn|11
|
|t:|1595818564
|move|p1a: Xerneas|Geomancy||[still]
|-prepare|p1a: Xerneas|Geomancy|p1a: Xerneas
|-enditem|p1a: Xerneas|Power Herb
|-anim|p1a: Xerneas|Geomancy|p1a: Xerneas
|-boost|p1a: Xerneas|spa|2
|-boost|p1a: Xerneas|spd|2
|-boost|p1a: Xerneas|spe|2
|move|p2a: Abba|Blizzard|p1a: Xerneas|[miss]
|-miss|p2a: Abba|p1a: Xerneas
|
|upkeep
|turn|12
|
|t:|1595818576
|move|p1a: Xerneas|Moonblast|p2a: Abba
|-damage|p2a: Abba|0 fnt
|faint|p2a: Abba
|
|upkeep
|
|t:|1595818581
|switch|p2a: Dio|Pinsir, M|100/100
|turn|13
|
|t:|1595818588
|detailschange|p2a: Dio|Pinsir-Mega, M
|-mega|p2a: Dio|Pinsir|Pinsirite
|move|p2a: Dio|Quick Attack|p1a: Xerneas
|-damage|p1a: Xerneas|75/100
|move|p1a: Xerneas|Moonblast|p2a: Dio
|-damage|p2a: Dio|0 fnt
|faint|p2a: Dio
|
|upkeep
|
|t:|1595818598
|switch|p2a: Tusk|Scizor, M|100/100
|turn|14
|
|t:|1595818604
|-start|p2a: Tusk|Dynamax
|-heal|p2a: Tusk|100/100|[silent]
|move|p1a: Xerneas|Psychic|p2a: Tusk
|-resisted|p2a: Tusk
|-damage|p2a: Tusk|80/100
|move|p2a: Tusk|Max Steelspike|p1a: Xerneas
|-supereffective|p1a: Xerneas
|-damage|p1a: Xerneas|0 fnt
|-boost|p2a: Tusk|def|1
|faint|p1a: Xerneas
|
|upkeep
|
|t:|1595818612
|switch|p1a: Groudon|Groudon, shiny|100/100
|detailschange|p1a: Groudon|Groudon-Primal, shiny
|-primal|p1a: Groudon
|-weather|DesolateLand|[from] ability: Desolate Land|[of] p1a: Groudon
|turn|15
|
|t:|1595818627
|move|p1a: Groudon|Fire Punch|p2a: Tusk
|-supereffective|p2a: Tusk
|-enditem|p2a: Tusk|Occa Berry|[eat]
|-enditem|p2a: Tusk|Occa Berry|[weaken]
|-damage|p2a: Tusk|27/100
|move|p2a: Tusk|Max Airstream|p1a: Groudon
|-damage|p1a: Groudon|67/100
|-boost|p2a: Tusk|spe|1
|
|-weather|DesolateLand|[upkeep]
|upkeep
|turn|16
|
|t:|1595818638
|move|p1a: Groudon|Fire Punch|p2a: Tusk
|-supereffective|p2a: Tusk
|-crit|p2a: Tusk
|-damage|p2a: Tusk|0 fnt
|faint|p2a: Tusk
|
|-weather|DesolateLand|[upkeep]
|upkeep
|
|t:|1595818644
|switch|p2a: KillerQueen|Pheromosa|100/100
|turn|17
|
|t:|1595818647
|-zpower|p2a: KillerQueen
|move|p2a: KillerQueen|All-Out Pummeling|p1a: Groudon|[zeffect]
|-damage|p1a: Groudon|0 fnt
|faint|p1a: Groudon
|-weather|none
|-ability|p2a: KillerQueen|Beast Boost|boost
|-boost|p2a: KillerQueen|spe|1
|
|upkeep
|
|t:|1595818652
|switch|p1a: Ditto|Ditto|100/100
|-transform|p1a: Ditto|p2a: KillerQueen|[from] ability: Imposter
|turn|18
|
|t:|1595818661
|move|p2a: KillerQueen|Ice Beam|p1a: Ditto
|-damage|p1a: Ditto|38/100
|-status|p1a: Ditto|frz
|cant|p1a: Ditto|frz
|
|upkeep
|turn|19
|
|t:|1595818669
|cant|p1a: Ditto|frz
|move|p2a: KillerQueen|Ice Beam|p1a: Ditto
|-damage|p1a: Ditto|0 fnt
|faint|p1a: Ditto
|
|win|rquiz
|l|☆cheziqua
||Ladder (probably) updated, but score could not be retrieved (Request timeout).
