|j|☆Juampialeti111
|j|☆Hikhanh123
|t:|1602344790
|player|p1|Juampialeti111|hilbert-dueldisk|1289
|player|p2|Hikhanh123|red|1277
|teamsize|p1|6
|teamsize|p2|6
|gametype|singles
|gen|8
|tier|[Gen 8] National Dex AG
|rated|
|clearpoke
|poke|p1|Xerneas|
|poke|p1|Necrozma-Dusk-Mane|
|poke|p1|Chansey, F|
|poke|p1|Incineroar, M|
|poke|p1|Arceus-*|
|poke|p1|Magearna|
|poke|p2|Groudon|
|poke|p2|Zacian-Crowned|
|poke|p2|Necrozma-Dusk-Mane|
|poke|p2|Shaymin-Sky|
|poke|p2|Mewtwo|
|poke|p2|Xerneas|
|rule|HP Percentage Mod: HP is shown in percentages
|rule|Endless Battle Clause: Forcing endless battles is banned
|teampreview
|inactive|Battle timer is ON: inactive players will automatically lose when time's up. (requested by Hikhanh123)
|
|t:|1602344802
|start
|switch|p1a: Magearna|Magearna|100/100
|switch|p2a: Zacian|Zacian-Crowned|100/100
|-ability|p2a: Zacian|Intrepid Sword|boost
|-boost|p2a: Zacian|atk|1
|turn|1
|
|t:|1602344813
|switch|p2a: Groudon|Groudon, shiny|100/100
|detailschange|p2a: Groudon|Groudon-Primal, shiny
|-primal|p2a: Groudon
|-weather|DesolateLand|[from] ability: Desolate Land|[of] p2a: Groudon
|move|p1a: Magearna|Shift Gear|p1a: Magearna
|-boost|p1a: Magearna|spe|2
|-boost|p1a: Magearna|atk|1
|
|-weather|DesolateLand|[upkeep]
|upkeep
|turn|2
|
|t:|1602344827
|move|p1a: Magearna|Baton Pass|p1a: Magearna
|
|t:|1602344829
|switch|p1a: Necrozma|Necrozma-Dusk-Mane|100/100|[from]move: Baton Pass
|move|p2a: Groudon|Precipice Blades|p1a: Necrozma
|-supereffective|p1a: Necrozma
|-damage|p1a: Necrozma|0 fnt
|faint|p1a: Necrozma
|
|-weather|DesolateLand|[upkeep]
|upkeep
|
|t:|1602344840
|switch|p1a: Incineroar|Incineroar, M|100/100
|-ability|p1a: Incineroar|Intimidate|boost
|-unboost|p2a: Groudon|atk|1
|turn|3
|
|t:|1602344844
|move|p1a: Incineroar|Fake Out|p2a: Groudon
|-damage|p2a: Groudon|91/100
|cant|p2a: Groudon|flinch
|
|-weather|DesolateLand|[upkeep]
|upkeep
|turn|4
|
|t:|1602344847
|move|p2a: Groudon|Precipice Blades|p1a: Incineroar
|-supereffective|p1a: Incineroar
|-damage|p1a: Incineroar|3/100
|-enditem|p1a: Incineroar|Figy Berry|[eat]
|-heal|p1a: Incineroar|36/100|[from] item: Figy Berry
|move|p1a: Incineroar|Parting Shot|p2a: Groudon
|-unboost|p2a: Groudon|atk|1
|-unboost|p2a: Groudon|spa|1
|
|t:|1602344863
|switch|p1a: Magearna|Magearna|100/100|[from]move: Parting Shot
|
|-weather|DesolateLand|[upkeep]
|upkeep
|turn|5
|
|t:|1602344869
|move|p2a: Groudon|Precipice Blades|p1a: Magearna
|-supereffective|p1a: Magearna
|-damage|p1a: Magearna|36/100
|move|p1a: Magearna|Shift Gear|p1a: Magearna
|-boost|p1a: Magearna|spe|2
|-boost|p1a: Magearna|atk|1
|
|-weather|DesolateLand|[upkeep]
|upkeep
|turn|6
|
|t:|1602344878
|move|p1a: Magearna|Brick Break|p2a: Groudon
|-crit|p2a: Groudon
|-damage|p2a: Groudon|57/100
|move|p2a: Groudon|Precipice Blades|p1a: Magearna|[miss]
|-miss|p2a: Groudon|p1a: Magearna
|
|-weather|DesolateLand|[upkeep]
|upkeep
|turn|7
|
|t:|1602344885
|-weather|none
|switch|p2a: Mewtwo|Mewtwo|100/100
|-ability|p2a: Mewtwo|Pressure
|move|p1a: Magearna|Brick Break|p2a: Mewtwo
|-resisted|p2a: Mewtwo
|-damage|p2a: Mewtwo|82/100
|
|upkeep
|turn|8
|
|t:|1602344893
|detailschange|p2a: Mewtwo|Mewtwo-Mega-Y
|-mega|p2a: Mewtwo|Mewtwo|Mewtwonite Y
|move|p2a: Mewtwo|Aura Sphere|p1a: Magearna
|-damage|p1a: Magearna|5/100
|move|p1a: Magearna|Iron Head|p2a: Mewtwo
|-damage|p2a: Mewtwo|7/100
|
|upkeep
|turn|9
|
|t:|1602344900
|move|p2a: Mewtwo|Aura Sphere|p1a: Magearna
|-damage|p1a: Magearna|0 fnt
|faint|p1a: Magearna
|
|upkeep
|
|t:|1602344903
|switch|p1a: Incineroar|Incineroar, M|36/100
|-ability|p1a: Incineroar|Intimidate|boost
|-unboost|p2a: Mewtwo|atk|1
|turn|10
|
|t:|1602344910
|switch|p2a: Groudon|Groudon-Primal, shiny|57/100
|-weather|DesolateLand|[from] ability: Desolate Land|[of] p2a: Groudon
|move|p1a: Incineroar|Fake Out|p2a: Groudon
|-damage|p2a: Groudon|47/100
|
|-weather|DesolateLand|[upkeep]
|upkeep
|turn|11
|
|t:|1602344930
|move|p2a: Groudon|Precipice Blades|p1a: Incineroar
|-supereffective|p1a: Incineroar
|-damage|p1a: Incineroar|0 fnt
|faint|p1a: Incineroar
|
|-weather|DesolateLand|[upkeep]
|upkeep
|
|t:|1602344936
|switch|p1a: Xerneas|Xerneas|100/100
|-ability|p1a: Xerneas|Fairy Aura
|turn|12
|
|t:|1602344942
|move|p2a: Groudon|Precipice Blades|p1a: Xerneas|[miss]
|-miss|p2a: Groudon|p1a: Xerneas
|move|p1a: Xerneas|Geomancy||[still]
|-prepare|p1a: Xerneas|Geomancy
|-enditem|p1a: Xerneas|Power Herb
|-anim|p1a: Xerneas|Geomancy|p1a: Xerneas
|-boost|p1a: Xerneas|spa|2
|-boost|p1a: Xerneas|spd|2
|-boost|p1a: Xerneas|spe|2
|
|-weather|DesolateLand|[upkeep]
|upkeep
|turn|13
|l|☆Juampialeti111
|inactive|Juampialeti111 disconnected and has a minute to reconnect!
|player|p1|
|j|☆Juampialeti111
|inactive|Juampialeti111 reconnected and has 135 seconds left.
|player|p1|Juampialeti111|hilbert-dueldisk
|
|t:|1602344966
|-start|p1a: Xerneas|Dynamax
|-heal|p1a: Xerneas|100/100|[silent]
|move|p1a: Xerneas|Max Starfall|p2a: Groudon
|-resisted|p2a: Groudon
|-damage|p2a: Groudon|0 fnt
|-fieldstart|move: Misty Terrain
|faint|p2a: Groudon
|-weather|none
|
|upkeep
|
|t:|1602344970
|switch|p2a: Zacian|Zacian-Crowned|100/100
|-ability|p2a: Zacian|Intrepid Sword|boost
|-boost|p2a: Zacian|atk|1
|turn|14
|
|t:|1602344981
|move|p1a: Xerneas|Max Steelspike|p2a: Zacian
|-damage|p2a: Zacian|7/100
|-boost|p1a: Xerneas|def|1
|move|p2a: Zacian|Behemoth Blade|p1a: Xerneas
|-supereffective|p1a: Xerneas
|-damage|p1a: Xerneas|0 fnt
|faint|p1a: Xerneas
|
|upkeep
|
|t:|1602344998
|switch|p1a: Arceus|Arceus-Steel|100/100
|turn|15
|
|t:|1602345003
|switch|p2a: Necrozma|Necrozma-Dusk-Mane|100/100
|move|p1a: Arceus|Earthquake|p2a: Necrozma
|-supereffective|p2a: Necrozma
|-damage|p2a: Necrozma|63/100
|
|-heal|p2a: Necrozma|69/100|[from] item: Leftovers
|upkeep
|turn|16
|inactive|Juampialeti111 has 120 seconds left.
|
|t:|1602345029
|move|p1a: Arceus|Cosmic Power|p1a: Arceus
|-boost|p1a: Arceus|def|1
|-boost|p1a: Arceus|spd|1
|move|p2a: Necrozma|Autotomize|p2a: Necrozma
|-boost|p2a: Necrozma|spe|2
|-start|p2a: Necrozma|Autotomize
|
|-heal|p2a: Necrozma|75/100|[from] item: Leftovers
|upkeep
|turn|17
|
|t:|1602345036
|move|p2a: Necrozma|Earthquake|p1a: Arceus
|-supereffective|p1a: Arceus
|-damage|p1a: Arceus|65/100
|move|p1a: Arceus|Cosmic Power|p1a: Arceus
|-boost|p1a: Arceus|def|1
|-boost|p1a: Arceus|spd|1
|
|-heal|p2a: Necrozma|81/100|[from] item: Leftovers
|-fieldend|Misty Terrain
|upkeep
|turn|18
|
|t:|1602345042
|move|p2a: Necrozma|Earthquake|p1a: Arceus
|-supereffective|p1a: Arceus
|-damage|p1a: Arceus|41/100
|move|p1a: Arceus|Recover|p1a: Arceus
|-heal|p1a: Arceus|91/100
|
|-heal|p2a: Necrozma|87/100|[from] item: Leftovers
|upkeep
|turn|19
|
|t:|1602345064
|move|p2a: Necrozma|Earthquake|p1a: Arceus
|-supereffective|p1a: Arceus
|-damage|p1a: Arceus|64/100
|move|p1a: Arceus|Cosmic Power|p1a: Arceus
|-boost|p1a: Arceus|def|1
|-boost|p1a: Arceus|spd|1
|
|-heal|p2a: Necrozma|93/100|[from] item: Leftovers
|upkeep
|turn|20
|
|t:|1602345074
|switch|p2a: Mewtwo|Mewtwo-Mega-Y|7/100
|move|p1a: Arceus|Recover|p1a: Arceus
|-heal|p1a: Arceus|100/100
|
|upkeep
|turn|21
|
|t:|1602345083
|move|p2a: Mewtwo|Aura Sphere|p1a: Arceus
|-supereffective|p1a: Arceus
|-damage|p1a: Arceus|84/100
|move|p1a: Arceus|Earthquake|p2a: Mewtwo
|-damage|p2a: Mewtwo|0 fnt
|faint|p2a: Mewtwo
|
|upkeep
|l|☆Juampialeti111
|inactive|Juampialeti111 disconnected and has a minute to reconnect!
|player|p1|
|
|t:|1602345094
|switch|p2a: Zacian|Zacian-Crowned|7/100
|-ability|p2a: Zacian|Intrepid Sword|boost
|-boost|p2a: Zacian|atk|1
|turn|22
|j|☆Juampialeti111
|inactive|Juampialeti111 reconnected and has 150 seconds left.
|player|p1|Juampialeti111|hilbert-dueldisk
|
|t:|1602345100
|move|p2a: Zacian|Close Combat|p1a: Arceus
|-supereffective|p1a: Arceus
|-damage|p1a: Arceus|47/100
|-unboost|p2a: Zacian|def|1
|-unboost|p2a: Zacian|spd|1
|move|p1a: Arceus|Earthquake|p2a: Zacian
|-supereffective|p2a: Zacian
|-damage|p2a: Zacian|0 fnt
|faint|p2a: Zacian
|
|upkeep
|
|t:|1602345114
|switch|p2a: Necrozma|Necrozma-Dusk-Mane|93/100
|turn|23
|
|t:|1602345118
|-start|p2a: Necrozma|Dynamax
|-heal|p2a: Necrozma|93/100|[silent]
|move|p1a: Arceus|Recover|p1a: Arceus
|-heal|p1a: Arceus|97/100
|move|p2a: Necrozma|Max Quake|p1a: Arceus
|-supereffective|p1a: Arceus
|-damage|p1a: Arceus|71/100
|-boost|p2a: Necrozma|spd|1
|
|-heal|p2a: Necrozma|96/100|[from] item: Leftovers
|upkeep
|turn|24
|
|t:|1602345142
|move|p1a: Arceus|Recover|p1a: Arceus
|-heal|p1a: Arceus|100/100
|move|p2a: Necrozma|Max Steelspike|p1a: Arceus
|-resisted|p1a: Arceus
|-damage|p1a: Arceus|91/100
|-boost|p2a: Necrozma|def|1
|
|-heal|p2a: Necrozma|99/100|[from] item: Leftovers
|upkeep
|turn|25
|inactive|Juampialeti111 has 120 seconds left.
|
|t:|1602345185
|move|p1a: Arceus|Cosmic Power|p1a: Arceus
|-boost|p1a: Arceus|def|1
|-boost|p1a: Arceus|spd|1
|move|p2a: Necrozma|Max Steelspike|p1a: Arceus
|-resisted|p1a: Arceus
|-damage|p1a: Arceus|83/100
|-boost|p2a: Necrozma|def|1
|
|-heal|p2a: Necrozma|100/100|[from] item: Leftovers
|-end|p2a: Necrozma|Dynamax
|-heal|p2a: Necrozma|100/100|[silent]
|upkeep
|turn|26
|
|t:|1602345188
|move|p1a: Arceus|Cosmic Power|p1a: Arceus
|-boost|p1a: Arceus|def|1
|-boost|p1a: Arceus|spd|1
|move|p2a: Necrozma|Autotomize|p2a: Necrozma
|-boost|p2a: Necrozma|spe|2
|-start|p2a: Necrozma|Autotomize
|
|upkeep
|turn|27
|
|t:|1602345196
|move|p2a: Necrozma|Earthquake|p1a: Arceus
|-supereffective|p1a: Arceus
|-damage|p1a: Arceus|67/100
|move|p1a: Arceus|Cosmic Power|p1a: Arceus
|-boost|p1a: Arceus|def|1
|-boost|p1a: Arceus|spd|1
|
|upkeep
|turn|28
|
|t:|1602345204
|move|p2a: Necrozma|Sunsteel Strike|p1a: Arceus
|-resisted|p1a: Arceus
|-damage|p1a: Arceus|63/100
|move|p1a: Arceus|Recover|p1a: Arceus
|-heal|p1a: Arceus|100/100
|
|upkeep
|turn|29
|
|t:|1602345212
|move|p2a: Necrozma|Autotomize|p2a: Necrozma
|-boost|p2a: Necrozma|spe|2
|-start|p2a: Necrozma|Autotomize
|move|p1a: Arceus|Earthquake|p2a: Necrozma
|-supereffective|p2a: Necrozma
|-damage|p2a: Necrozma|82/100
|
|-heal|p2a: Necrozma|88/100|[from] item: Leftovers
|upkeep
|turn|30
|
|t:|1602345229
|move|p2a: Necrozma|Earthquake|p1a: Arceus
|-supereffective|p1a: Arceus
|-damage|p1a: Arceus|88/100
|move|p1a: Arceus|Earthquake|p2a: Necrozma
|-supereffective|p2a: Necrozma
|-damage|p2a: Necrozma|71/100
|
|-heal|p2a: Necrozma|77/100|[from] item: Leftovers
|upkeep
|turn|31
|l|☆Juampialeti111
|inactive|Juampialeti111 disconnected and has a minute to reconnect!
|player|p1|
|j|☆Juampialeti111
|inactive|Juampialeti111 reconnected and has 135 seconds left.
|player|p1|Juampialeti111|hilbert-dueldisk
|
|t:|1602345246
|move|p2a: Necrozma|Morning Sun|p2a: Necrozma
|-heal|p2a: Necrozma|100/100
|move|p1a: Arceus|Earthquake|p2a: Necrozma
|-supereffective|p2a: Necrozma
|-damage|p2a: Necrozma|83/100
|
|-heal|p2a: Necrozma|89/100|[from] item: Leftovers
|upkeep
|turn|32
|
|t:|1602345256
|move|p2a: Necrozma|Earthquake|p1a: Arceus
|-supereffective|p1a: Arceus
|-damage|p1a: Arceus|75/100
|move|p1a: Arceus|Earthquake|p2a: Necrozma
|-supereffective|p2a: Necrozma
|-damage|p2a: Necrozma|70/100
|
|-heal|p2a: Necrozma|76/100|[from] item: Leftovers
|upkeep
|turn|33
|
|t:|1602345266
|move|p2a: Necrozma|Earthquake|p1a: Arceus
|-supereffective|p1a: Arceus
|-damage|p1a: Arceus|63/100
|move|p1a: Arceus|Earthquake|p2a: Necrozma
|-supereffective|p2a: Necrozma
|-damage|p2a: Necrozma|59/100
|
|-heal|p2a: Necrozma|65/100|[from] item: Leftovers
|upkeep
|turn|34
|
|t:|1602345283
|move|p2a: Necrozma|Sunsteel Strike|p1a: Arceus
|-resisted|p1a: Arceus
|-damage|p1a: Arceus|58/100
|move|p1a: Arceus|Earthquake|p2a: Necrozma
|-supereffective|p2a: Necrozma
|-damage|p2a: Necrozma|46/100
|
|-heal|p2a: Necrozma|52/100|[from] item: Leftovers
|upkeep
|turn|35
|
|t:|1602345292
|move|p2a: Necrozma|Morning Sun|p2a: Necrozma
|-heal|p2a: Necrozma|100/100
|move|p1a: Arceus|Recover|p1a: Arceus
|-heal|p1a: Arceus|100/100
|
|upkeep
|turn|36
|
|t:|1602345300
|move|p2a: Necrozma|Earthquake|p1a: Arceus
|-supereffective|p1a: Arceus
|-damage|p1a: Arceus|87/100
|move|p1a: Arceus|Earthquake|p2a: Necrozma
|-supereffective|p2a: Necrozma
|-damage|p2a: Necrozma|83/100
|
|-heal|p2a: Necrozma|89/100|[from] item: Leftovers
|upkeep
|turn|37
|
|t:|1602345306
|move|p2a: Necrozma|Sunsteel Strike|p1a: Arceus
|-resisted|p1a: Arceus
|-damage|p1a: Arceus|83/100
|move|p1a: Arceus|Earthquake|p2a: Necrozma
|-supereffective|p2a: Necrozma
|-damage|p2a: Necrozma|71/100
|
|-heal|p2a: Necrozma|77/100|[from] item: Leftovers
|upkeep
|turn|38
|
|t:|1602345314
|move|p2a: Necrozma|Autotomize|p2a: Necrozma
|-boost|p2a: Necrozma|spe|2
|-start|p2a: Necrozma|Autotomize
|move|p1a: Arceus|Earthquake|p2a: Necrozma
|-supereffective|p2a: Necrozma
|-damage|p2a: Necrozma|58/100
|
|-heal|p2a: Necrozma|64/100|[from] item: Leftovers
|upkeep
|turn|39
|
|t:|1602345325
|move|p2a: Necrozma|Sunsteel Strike|p1a: Arceus
|-resisted|p1a: Arceus
|-crit|p1a: Arceus
|-damage|p1a: Arceus|56/100
|move|p1a: Arceus|Earthquake|p2a: Necrozma
|-supereffective|p2a: Necrozma
|-damage|p2a: Necrozma|47/100
|
|-heal|p2a: Necrozma|53/100|[from] item: Leftovers
|upkeep
|turn|40
|
|t:|1602345331
|move|p2a: Necrozma|Morning Sun|p2a: Necrozma
|-heal|p2a: Necrozma|100/100
|move|p1a: Arceus|Recover|p1a: Arceus
|-heal|p1a: Arceus|100/100
|
|upkeep
|turn|41
|
|t:|1602345340
|move|p2a: Necrozma|Earthquake|p1a: Arceus
|-supereffective|p1a: Arceus
|-damage|p1a: Arceus|88/100
|move|p1a: Arceus|Earthquake|p2a: Necrozma
|-supereffective|p2a: Necrozma
|-damage|p2a: Necrozma|81/100
|
|-heal|p2a: Necrozma|87/100|[from] item: Leftovers
|upkeep
|turn|42
|j| Gryphon_Master
|l|☆Juampialeti111
|inactive|Juampialeti111 disconnected and has a minute to reconnect!
|player|p1|
|j|☆Juampialeti111
|inactive|Juampialeti111 reconnected and has 130 seconds left.
|player|p1|Juampialeti111|hilbert-dueldisk
|inactive|Juampialeti111 has 120 seconds left.
|l|☆Juampialeti111
|inactive|Juampialeti111 disconnected and has a minute to reconnect!
|player|p1|
|j|☆Juampialeti111
|inactive|Juampialeti111 reconnected and has 110 seconds left.
|player|p1|Juampialeti111|hilbert-dueldisk
|l|☆Juampialeti111
|inactive|Juampialeti111 disconnected and has a minute to reconnect!
|player|p1|
|j|☆Juampialeti111
|inactive|Juampialeti111 reconnected and has 85 seconds left.
|player|p1|Juampialeti111|hilbert-dueldisk
|
|t:|1602345428
|move|p2a: Necrozma|Sunsteel Strike|p1a: Arceus
|-resisted|p1a: Arceus
|-damage|p1a: Arceus|84/100
|move|p1a: Arceus|Earthquake|p2a: Necrozma
|-supereffective|p2a: Necrozma
|-damage|p2a: Necrozma|69/100
|
|-heal|p2a: Necrozma|75/100|[from] item: Leftovers
|upkeep
|turn|43
|
|t:|1602345439
|move|p2a: Necrozma|Autotomize||[still]
|-fail|p2a: Necrozma
|move|p1a: Arceus|Earthquake|p2a: Necrozma
|-supereffective|p2a: Necrozma
|-damage|p2a: Necrozma|55/100
|
|-heal|p2a: Necrozma|61/100|[from] item: Leftovers
|upkeep
|turn|44
|inactive|Juampialeti111 has 60 seconds left.
|
|t:|1602345475
|move|p2a: Necrozma|Morning Sun|p2a: Necrozma
|-heal|p2a: Necrozma|100/100
|move|p1a: Arceus|Cosmic Power|p1a: Arceus
|-boost|p1a: Arceus|def|0
|-boost|p1a: Arceus|spd|0
|
|upkeep
|turn|45
|inactive|Juampialeti111 has 30 seconds left.
|l|☆Juampialeti111
|inactive|Juampialeti111 disconnected and has a minute to reconnect!
|player|p1|
|j|☆Juampialeti111
|inactive|Juampialeti111 reconnected and has 25 seconds left.
|player|p1|Juampialeti111|hilbert-dueldisk
|inactive|Juampialeti111 has 20 seconds left.
|
|t:|1602345509
|move|p2a: Necrozma|Earthquake|p1a: Arceus
|-supereffective|p1a: Arceus
|-damage|p1a: Arceus|70/100
|move|p1a: Arceus|Cosmic Power|p1a: Arceus
|-boost|p1a: Arceus|def|0
|-boost|p1a: Arceus|spd|0
|
|upkeep
|turn|46
|inactive|Juampialeti111 has 30 seconds left this turn.
|
|t:|1602345520
|move|p2a: Necrozma|Autotomize||[still]
|-fail|p2a: Necrozma
|move|p1a: Arceus|Cosmic Power|p1a: Arceus
|-boost|p1a: Arceus|def|0
|-boost|p1a: Arceus|spd|0
|
|upkeep
|turn|47
|inactive|Juampialeti111 has 30 seconds left.
|
|t:|1602345528
|move|p2a: Necrozma|Sunsteel Strike|p1a: Arceus
|-resisted|p1a: Arceus
|-damage|p1a: Arceus|65/100
|move|p1a: Arceus|Cosmic Power|p1a: Arceus
|-boost|p1a: Arceus|def|0
|-boost|p1a: Arceus|spd|0
|
|upkeep
|turn|48
|
|t:|1602345534
|move|p2a: Necrozma|Autotomize||[still]
|-fail|p2a: Necrozma
|move|p1a: Arceus|Cosmic Power|p1a: Arceus
|-boost|p1a: Arceus|def|0
|-boost|p1a: Arceus|spd|0
|
|upkeep
|turn|49
|
|t:|1602345544
|move|p2a: Necrozma|Earthquake|p1a: Arceus
|-supereffective|p1a: Arceus
|-damage|p1a: Arceus|53/100
|move|p1a: Arceus|Cosmic Power|p1a: Arceus
|-boost|p1a: Arceus|def|0
|-boost|p1a: Arceus|spd|0
|
|upkeep
|turn|50
|
|t:|1602345550
|move|p2a: Necrozma|Autotomize||[still]
|-fail|p2a: Necrozma
|move|p1a: Arceus|Recover|p1a: Arceus
|-heal|p1a: Arceus|100/100
|
|upkeep
|turn|51
|
|t:|1602345557
|move|p2a: Necrozma|Autotomize||[still]
|-fail|p2a: Necrozma
|move|p1a: Arceus|Cosmic Power|p1a: Arceus
|-boost|p1a: Arceus|def|0
|-boost|p1a: Arceus|spd|0
|
|upkeep
|turn|52
|inactive|Juampialeti111 has 60 seconds left.
|
|t:|1602345568
|move|p2a: Necrozma|Autotomize||[still]
|-fail|p2a: Necrozma
|move|p1a: Arceus|Cosmic Power|p1a: Arceus
|-boost|p1a: Arceus|def|0
|-boost|p1a: Arceus|spd|0
|
|upkeep
|turn|53
|
|t:|1602345574
|move|p2a: Necrozma|Earthquake|p1a: Arceus
|-supereffective|p1a: Arceus
|-damage|p1a: Arceus|88/100
|move|p1a: Arceus|Cosmic Power|p1a: Arceus
|-boost|p1a: Arceus|def|0
|-boost|p1a: Arceus|spd|0
|
|upkeep
|turn|54
|
|t:|1602345580
|move|p2a: Necrozma|Autotomize||[still]
|-fail|p2a: Necrozma
|move|p1a: Arceus|Cosmic Power|p1a: Arceus
|-boost|p1a: Arceus|def|0
|-boost|p1a: Arceus|spd|0
|
|upkeep
|turn|55
|
|t:|1602345587
|move|p2a: Necrozma|Autotomize||[still]
|-fail|p2a: Necrozma
|move|p1a: Arceus|Cosmic Power|p1a: Arceus
|-boost|p1a: Arceus|def|0
|-boost|p1a: Arceus|spd|0
|
|upkeep
|turn|56
|inactive|Juampialeti111 has 90 seconds left.
|
|t:|1602345595
|move|p2a: Necrozma|Earthquake|p1a: Arceus
|-supereffective|p1a: Arceus
|-damage|p1a: Arceus|74/100
|move|p1a: Arceus|Cosmic Power|p1a: Arceus
|-boost|p1a: Arceus|def|0
|-boost|p1a: Arceus|spd|0
|
|upkeep
|turn|57
|inactive|Juampialeti111 has 90 seconds left.
|
|t:|1602345606
|move|p2a: Necrozma|Autotomize||[still]
|-fail|p2a: Necrozma
|move|p1a: Arceus|Cosmic Power|p1a: Arceus
|-boost|p1a: Arceus|def|0
|-boost|p1a: Arceus|spd|0
|
|upkeep
|turn|58
|
|t:|1602345612
|move|p2a: Necrozma|Autotomize||[still]
|-fail|p2a: Necrozma
|move|p1a: Arceus|Cosmic Power|p1a: Arceus
|-boost|p1a: Arceus|def|0
|-boost|p1a: Arceus|spd|0
|
|upkeep
|turn|59
|
|t:|1602345621
|move|p2a: Necrozma|Autotomize||[still]
|-fail|p2a: Necrozma
|move|p1a: Arceus|Cosmic Power|p1a: Arceus
|-boost|p1a: Arceus|def|0
|-boost|p1a: Arceus|spd|0
|
|upkeep
|turn|60
|
|t:|1602345628
|move|p2a: Necrozma|Autotomize||[still]
|-fail|p2a: Necrozma
|move|p1a: Arceus|Cosmic Power|p1a: Arceus
|-boost|p1a: Arceus|def|0
|-boost|p1a: Arceus|spd|0
|
|upkeep
|turn|61
|
|t:|1602345635
|move|p2a: Necrozma|Autotomize||[still]
|-fail|p2a: Necrozma
|move|p1a: Arceus|Cosmic Power|p1a: Arceus
|-boost|p1a: Arceus|def|0
|-boost|p1a: Arceus|spd|0
|
|upkeep
|turn|62
|
|t:|1602345640
|move|p2a: Necrozma|Autotomize||[still]
|-fail|p2a: Necrozma
|move|p1a: Arceus|Cosmic Power|p1a: Arceus
|-boost|p1a: Arceus|def|0
|-boost|p1a: Arceus|spd|0
|
|upkeep
|turn|63
|
|t:|1602345645
|move|p2a: Necrozma|Autotomize||[still]
|-fail|p2a: Necrozma
|move|p1a: Arceus|Cosmic Power|p1a: Arceus
|-boost|p1a: Arceus|def|0
|-boost|p1a: Arceus|spd|0
|
|upkeep
|turn|64
|
|t:|1602345649
|move|p2a: Necrozma|Earthquake|p1a: Arceus
|-supereffective|p1a: Arceus
|-damage|p1a: Arceus|60/100
|move|p1a: Arceus|Cosmic Power|p1a: Arceus
|-boost|p1a: Arceus|def|0
|-boost|p1a: Arceus|spd|0
|
|upkeep
|turn|65
|
|t:|1602345655
|move|p2a: Necrozma|Autotomize||[still]
|-fail|p2a: Necrozma
|move|p1a: Arceus|Cosmic Power|p1a: Arceus
|-boost|p1a: Arceus|def|0
|-boost|p1a: Arceus|spd|0
|
|upkeep
|turn|66
|
|t:|1602345662
|move|p2a: Necrozma|Autotomize||[still]
|-fail|p2a: Necrozma
|move|p1a: Arceus|Cosmic Power|p1a: Arceus
|-boost|p1a: Arceus|def|0
|-boost|p1a: Arceus|spd|0
|
|upkeep
|turn|67
|
|t:|1602345666
|move|p2a: Necrozma|Autotomize||[still]
|-fail|p2a: Necrozma
|move|p1a: Arceus|Cosmic Power|p1a: Arceus
|-boost|p1a: Arceus|def|0
|-boost|p1a: Arceus|spd|0
|
|upkeep
|turn|68
|
|t:|1602345669
|move|p2a: Necrozma|Autotomize||[still]
|-fail|p2a: Necrozma
|move|p1a: Arceus|Cosmic Power|p1a: Arceus
|-boost|p1a: Arceus|def|0
|-boost|p1a: Arceus|spd|0
|
|upkeep
|turn|69
|
|t:|1602345671
|move|p2a: Necrozma|Autotomize||[still]
|-fail|p2a: Necrozma
|move|p1a: Arceus|Cosmic Power|p1a: Arceus
|-boost|p1a: Arceus|def|0
|-boost|p1a: Arceus|spd|0
|
|upkeep
|turn|70
|
|t:|1602345675
|move|p2a: Necrozma|Earthquake|p1a: Arceus
|-supereffective|p1a: Arceus
|-damage|p1a: Arceus|48/100
|move|p1a: Arceus|Cosmic Power|p1a: Arceus
|-boost|p1a: Arceus|def|0
|-boost|p1a: Arceus|spd|0
|
|upkeep
|turn|71
|
|t:|1602345680
|move|p2a: Necrozma|Morning Sun||[still]
|-fail|p2a: Necrozma
|move|p1a: Arceus|Recover|p1a: Arceus
|-heal|p1a: Arceus|98/100
|
|upkeep
|turn|72
|
|t:|1602345686
|move|p2a: Necrozma|Morning Sun||[still]
|-fail|p2a: Necrozma
|move|p1a: Arceus|Toxic|p2a: Necrozma
|-immune|p2a: Necrozma
|
|upkeep
|turn|73
|
|t:|1602345693
|move|p2a: Necrozma|Morning Sun||[still]
|-fail|p2a: Necrozma
|move|p1a: Arceus|Toxic|p2a: Necrozma|[miss]
|-miss|p1a: Arceus|p2a: Necrozma
|
|upkeep
|turn|74
|
|t:|1602345700
|move|p2a: Necrozma|Morning Sun||[still]
|-fail|p2a: Necrozma
|move|p1a: Arceus|Toxic|p2a: Necrozma
|-immune|p2a: Necrozma
|
|upkeep
|turn|75
|
|t:|1602345707
|-activate|p2a: Necrozma|move: Struggle
|move|p2a: Necrozma|Struggle|p1a: Arceus
|-damage|p1a: Arceus|94/100
|-damage|p2a: Necrozma|75/100|[from] recoil
|move|p1a: Arceus|Toxic|p2a: Necrozma
|-immune|p2a: Necrozma
|
|-heal|p2a: Necrozma|81/100|[from] item: Leftovers
|upkeep
|turn|76
|
|t:|1602345715
|-activate|p2a: Necrozma|move: Struggle
|move|p2a: Necrozma|Struggle|p1a: Arceus
|-damage|p1a: Arceus|91/100
|-damage|p2a: Necrozma|56/100|[from] recoil
|move|p1a: Arceus|Toxic|p2a: Necrozma
|-immune|p2a: Necrozma
|
|-heal|p2a: Necrozma|62/100|[from] item: Leftovers
|upkeep
|turn|77
|
|t:|1602345721
|-activate|p2a: Necrozma|move: Struggle
|move|p2a: Necrozma|Struggle|p1a: Arceus
|-damage|p1a: Arceus|88/100
|-damage|p2a: Necrozma|37/100|[from] recoil
|move|p1a: Arceus|Toxic|p2a: Necrozma
|-immune|p2a: Necrozma
|
|-heal|p2a: Necrozma|43/100|[from] item: Leftovers
|upkeep
|turn|78
|
|t:|1602345733
|-activate|p2a: Necrozma|move: Struggle
|move|p2a: Necrozma|Struggle|p1a: Arceus
|-damage|p1a: Arceus|84/100
|-damage|p2a: Necrozma|18/100|[from] recoil
|move|p1a: Arceus|Toxic|p2a: Necrozma
|-immune|p2a: Necrozma
|
|-heal|p2a: Necrozma|24/100|[from] item: Leftovers
|upkeep
|turn|79
|
|t:|1602345741
|-activate|p2a: Necrozma|move: Struggle
|move|p2a: Necrozma|Struggle|p1a: Arceus
|-damage|p1a: Arceus|81/100
|-damage|p2a: Necrozma|0 fnt|[from] recoil
|faint|p2a: Necrozma
|move|p1a: Arceus|Recover|p1a: Arceus
|-heal|p1a: Arceus|100/100
|
|upkeep
|
|t:|1602345745
|switch|p2a: Shaymin|Shaymin-Sky|100/100
|turn|80
|
|t:|1602345749
|move|p2a: Shaymin|Aromatherapy||[still]
|-activate|p2a: Shaymin|move: Aromatherapy
|-fail|p2a: Shaymin
|move|p1a: Arceus|Toxic|p2a: Shaymin|[miss]
|-miss|p1a: Arceus|p2a: Shaymin
|
|upkeep
|turn|81
|
|t:|1602345755
|move|p2a: Shaymin|Air Slash|p1a: Arceus
|-resisted|p1a: Arceus
|-damage|p1a: Arceus|98/100
|cant|p1a: Arceus|flinch
|
|upkeep
|turn|82
|
|t:|1602345762
|move|p2a: Shaymin|Air Slash|p1a: Arceus
|-resisted|p1a: Arceus
|-damage|p1a: Arceus|95/100
|move|p1a: Arceus|Toxic|p2a: Shaymin
|-status|p2a: Shaymin|tox
|
|-damage|p2a: Shaymin|94/100 tox|[from] psn
|upkeep
|turn|83
|
|t:|1602345770
|move|p2a: Shaymin|Aromatherapy|p2a: Shaymin
|-activate|p2a: Shaymin|move: Aromatherapy
|-curestatus|p2a: Shaymin|tox|[msg]
|move|p1a: Arceus|Toxic|p2a: Shaymin
|-status|p2a: Shaymin|tox
|
|-damage|p2a: Shaymin|88/100 tox|[from] psn
|upkeep
|turn|84
|
|t:|1602345784
|move|p2a: Shaymin|Air Slash|p1a: Arceus
|-resisted|p1a: Arceus
|-damage|p1a: Arceus|92/100
|cant|p1a: Arceus|flinch
|
|-damage|p2a: Shaymin|76/100 tox|[from] psn
|upkeep
|turn|85
|
|t:|1602345793
|move|p2a: Shaymin|Air Slash|p1a: Arceus
|-resisted|p1a: Arceus
|-damage|p1a: Arceus|89/100
|move|p1a: Arceus|Toxic|p2a: Shaymin
|-fail|p2a: Shaymin|tox
|
|-damage|p2a: Shaymin|57/100 tox|[from] psn
|upkeep
|turn|86
|
|t:|1602345801
|move|p2a: Shaymin|Aromatherapy|p2a: Shaymin
|-activate|p2a: Shaymin|move: Aromatherapy
|-curestatus|p2a: Shaymin|tox|[msg]
|move|p1a: Arceus|Toxic|p2a: Shaymin
|-status|p2a: Shaymin|tox
|
|-damage|p2a: Shaymin|51/100 tox|[from] psn
|upkeep
|turn|87
|
|t:|1602345808
|move|p2a: Shaymin|Synthesis|p2a: Shaymin
|-heal|p2a: Shaymin|100/100 tox
|move|p1a: Arceus|Toxic|p2a: Shaymin
|-fail|p2a: Shaymin|tox
|
|-damage|p2a: Shaymin|88/100 tox|[from] psn
|upkeep
|turn|88
|
|t:|1602345814
|move|p2a: Shaymin|Air Slash|p1a: Arceus
|-resisted|p1a: Arceus
|-crit|p1a: Arceus
|-damage|p1a: Arceus|73/100
|cant|p1a: Arceus|flinch
|
|-damage|p2a: Shaymin|70/100 tox|[from] psn
|upkeep
|turn|89
|
|t:|1602345820
|move|p2a: Shaymin|Air Slash|p1a: Arceus
|-resisted|p1a: Arceus
|-damage|p1a: Arceus|71/100
|move|p1a: Arceus|Recover|p1a: Arceus
|-heal|p1a: Arceus|100/100
|
|-damage|p2a: Shaymin|45/100 tox|[from] psn
|upkeep
|turn|90
|
|t:|1602345830
|move|p2a: Shaymin|Aromatherapy|p2a: Shaymin
|-activate|p2a: Shaymin|move: Aromatherapy
|-curestatus|p2a: Shaymin|tox|[msg]
|move|p1a: Arceus|Toxic|p2a: Shaymin
|-status|p2a: Shaymin|tox
|
|-damage|p2a: Shaymin|39/100 tox|[from] psn
|upkeep
|turn|91
|
|t:|1602345839
|move|p2a: Shaymin|Synthesis|p2a: Shaymin
|-heal|p2a: Shaymin|89/100 tox
|move|p1a: Arceus|Recover||[still]
|-fail|p1a: Arceus|heal
|
|-damage|p2a: Shaymin|76/100 tox|[from] psn
|upkeep
|turn|92
|
|t:|1602345850
|move|p2a: Shaymin|Air Slash|p1a: Arceus
|-resisted|p1a: Arceus
|-damage|p1a: Arceus|98/100
|cant|p1a: Arceus|flinch
|
|-damage|p2a: Shaymin|58/100 tox|[from] psn
|upkeep
|turn|93
|
|t:|1602345857
|move|p2a: Shaymin|Aromatherapy|p2a: Shaymin
|-activate|p2a: Shaymin|move: Aromatherapy
|-curestatus|p2a: Shaymin|tox|[msg]
|move|p1a: Arceus|Toxic|p2a: Shaymin
|-status|p2a: Shaymin|tox
|
|-damage|p2a: Shaymin|52/100 tox|[from] psn
|upkeep
|turn|94
|
|t:|1602345863
|move|p2a: Shaymin|Synthesis|p2a: Shaymin
|-heal|p2a: Shaymin|100/100 tox
|move|p1a: Arceus|Recover|p1a: Arceus
|-heal|p1a: Arceus|100/100
|
|-damage|p2a: Shaymin|88/100 tox|[from] psn
|upkeep
|turn|95
|
|t:|1602345870
|move|p2a: Shaymin|Air Slash|p1a: Arceus
|-resisted|p1a: Arceus
|-damage|p1a: Arceus|98/100
|cant|p1a: Arceus|flinch
|
|-damage|p2a: Shaymin|70/100 tox|[from] psn
|upkeep
|turn|96
|
|t:|1602345876
|move|p2a: Shaymin|Aromatherapy|p2a: Shaymin
|-activate|p2a: Shaymin|move: Aromatherapy
|-curestatus|p2a: Shaymin|tox|[msg]
|move|p1a: Arceus|Recover|p1a: Arceus
|-heal|p1a: Arceus|100/100
|
|upkeep
|turn|97
|
|t:|1602345885
|move|p2a: Shaymin|Dazzling Gleam|p1a: Arceus
|-resisted|p1a: Arceus
|-damage|p1a: Arceus|98/100
|move|p1a: Arceus|Toxic|p2a: Shaymin
|-status|p2a: Shaymin|tox
|
|-damage|p2a: Shaymin|64/100 tox|[from] psn
|upkeep
|turn|98
|
|t:|1602345892
|switch|p1a: Chansey|Chansey, F|100/100
|move|p2a: Shaymin|Aromatherapy|p2a: Shaymin
|-activate|p2a: Shaymin|move: Aromatherapy
|-curestatus|p2a: Shaymin|tox|[msg]
|
|upkeep
|turn|99
|
|t:|1602345898
|move|p2a: Shaymin|Air Slash|p1a: Chansey
|-damage|p1a: Chansey|89/100
|move|p1a: Chansey|Toxic|p2a: Shaymin
|-status|p2a: Shaymin|tox
|
|-damage|p2a: Shaymin|57/100 tox|[from] psn
|upkeep
|turn|100
|
|t:|1602345906
|switch|p2a: Xerneas|Xerneas|100/100
|-ability|p2a: Xerneas|Fairy Aura
|move|p1a: Chansey|Wish|p1a: Chansey
|
|upkeep
|turn|101
|
|t:|1602345919
|move|p2a: Xerneas|Moonblast|p1a: Chansey
|-damage|p1a: Chansey|68/100
|-unboost|p1a: Chansey|spa|1
|move|p1a: Chansey|Toxic|p2a: Xerneas
|-status|p2a: Xerneas|tox
|
|-heal|p1a: Chansey|100/100|[from] move: Wish|[wisher] Chansey
|-damage|p2a: Xerneas|94/100 tox|[from] psn
|upkeep
|turn|102
|
|t:|1602345927
|switch|p2a: Shaymin|Shaymin-Sky|57/100 tox
|move|p1a: Chansey|Seismic Toss|p2a: Shaymin
|-damage|p2a: Shaymin|28/100 tox
|
|-damage|p2a: Shaymin|22/100 tox|[from] psn
|upkeep
|turn|103
|
|t:|1602345937
|move|p2a: Shaymin|Synthesis|p2a: Shaymin
|-heal|p2a: Shaymin|72/100 tox
|move|p1a: Chansey|Seismic Toss|p2a: Shaymin
|-damage|p2a: Shaymin|42/100 tox
|
|-damage|p2a: Shaymin|30/100 tox|[from] psn
|upkeep
|turn|104
|
|t:|1602345947
|move|p2a: Shaymin|Synthesis|p2a: Shaymin
|-heal|p2a: Shaymin|80/100 tox
|move|p1a: Chansey|Seismic Toss|p2a: Shaymin
|-damage|p2a: Shaymin|51/100 tox
|
|-damage|p2a: Shaymin|32/100 tox|[from] psn
|upkeep
|turn|105
|
|t:|1602345957
|move|p2a: Shaymin|Aromatherapy|p2a: Shaymin
|-activate|p2a: Shaymin|move: Aromatherapy
|-curestatus|p2a: Shaymin|tox|[msg]
|-curestatus|p2: Xerneas|tox|[msg]
|move|p1a: Chansey|Seismic Toss|p2a: Shaymin
|-damage|p2a: Shaymin|3/100
|
|upkeep
|turn|106
|
|t:|1602345968
|move|p2a: Shaymin|Synthesis|p2a: Shaymin
|-heal|p2a: Shaymin|53/100
|move|p1a: Chansey|Toxic|p2a: Shaymin|[miss]
|-miss|p1a: Chansey|p2a: Shaymin
|
|upkeep
|turn|107
|
|t:|1602345976
|move|p2a: Shaymin|Synthesis|p2a: Shaymin
|-heal|p2a: Shaymin|100/100
|move|p1a: Chansey|Toxic|p2a: Shaymin
|-status|p2a: Shaymin|tox
|
|-damage|p2a: Shaymin|94/100 tox|[from] psn
|upkeep
|turn|108
|
|t:|1602345983
|switch|p2a: Xerneas|Xerneas|94/100
|-ability|p2a: Xerneas|Fairy Aura
|move|p1a: Chansey|Protect||[still]
|-fail|p1a: Chansey
|
|upkeep
|turn|109
|
|t:|1602345993
|move|p2a: Xerneas|Moonblast|p1a: Chansey
|-damage|p1a: Chansey|80/100
|-unboost|p1a: Chansey|spa|1
|move|p1a: Chansey|Toxic|p2a: Xerneas
|-status|p2a: Xerneas|tox
|
|-damage|p2a: Xerneas|88/100 tox|[from] psn
|upkeep
|turn|110
|
|t:|1602346001
|move|p2a: Xerneas|Aromatherapy|p2a: Xerneas
|-activate|p2a: Xerneas|move: Aromatherapy
|-curestatus|p2a: Xerneas|tox|[msg]
|-curestatus|p2: Shaymin|tox|[msg]
|move|p1a: Chansey|Seismic Toss|p2a: Xerneas
|-damage|p2a: Xerneas|63/100
|
|upkeep
|turn|111
|
|t:|1602346005
|switch|p2a: Shaymin|Shaymin-Sky|94/100
|move|p1a: Chansey|Wish|p1a: Chansey
|
|upkeep
|turn|112
|
|t:|1602346015
|move|p2a: Shaymin|Air Slash|p1a: Chansey
|-damage|p1a: Chansey|68/100
|cant|p1a: Chansey|flinch
|
|-heal|p1a: Chansey|100/100|[from] move: Wish|[wisher] Chansey
|upkeep
|turn|113
|
|t:|1602346021
|move|p2a: Shaymin|Air Slash|p1a: Chansey
|-damage|p1a: Chansey|89/100
|cant|p1a: Chansey|flinch
|
|upkeep
|turn|114
|l| Gryphon_Master
|
|t:|1602346029
|move|p2a: Shaymin|Air Slash|p1a: Chansey
|-damage|p1a: Chansey|77/100
|cant|p1a: Chansey|flinch
|
|upkeep
|turn|115
|
|t:|1602346033
|move|p2a: Shaymin|Air Slash|p1a: Chansey
|-damage|p1a: Chansey|66/100
|cant|p1a: Chansey|flinch
|
|upkeep
|turn|116
|
|t:|1602346038
|move|p2a: Shaymin|Air Slash|p1a: Chansey
|-damage|p1a: Chansey|55/100
|cant|p1a: Chansey|flinch
|
|upkeep
|turn|117
|
|t:|1602346044
|move|p2a: Shaymin|Air Slash|p1a: Chansey
|-damage|p1a: Chansey|44/100
|cant|p1a: Chansey|flinch
|
|upkeep
|turn|118
|
|t:|1602346049
|move|p2a: Shaymin|Air Slash|p1a: Chansey
|-damage|p1a: Chansey|33/100
|cant|p1a: Chansey|flinch
|
|upkeep
|turn|119
|
|t:|1602346054
|move|p2a: Shaymin|Air Slash|p1a: Chansey
|-damage|p1a: Chansey|22/100
|move|p1a: Chansey|Wish|p1a: Chansey
|
|upkeep
|turn|120
|
|t:|1602346060
|move|p2a: Shaymin|Air Slash|p1a: Chansey
|-damage|p1a: Chansey|10/100
|move|p1a: Chansey|Toxic|p2a: Shaymin|[miss]
|-miss|p1a: Chansey|p2a: Shaymin
|
|-heal|p1a: Chansey|60/100|[from] move: Wish|[wisher] Chansey
|upkeep
|turn|121
|
|t:|1602346066
|move|p2a: Shaymin|Air Slash|p1a: Chansey
|-damage|p1a: Chansey|48/100
|cant|p1a: Chansey|flinch
|
|upkeep
|turn|122
|
|t:|1602346073
|move|p2a: Shaymin|Air Slash|p1a: Chansey
|-damage|p1a: Chansey|36/100
|cant|p1a: Chansey|flinch
|
|upkeep
|turn|123
|
|t:|1602346077
|move|p2a: Shaymin|Air Slash|p1a: Chansey
|-damage|p1a: Chansey|25/100
|cant|p1a: Chansey|flinch
|
|upkeep
|turn|124
|
|t:|1602346084
|move|p2a: Shaymin|Air Slash|p1a: Chansey
|-crit|p1a: Chansey
|-damage|p1a: Chansey|7/100
|cant|p1a: Chansey|flinch
|
|upkeep
|turn|125
|
|t:|1602346089
|move|p2a: Shaymin|Air Slash|p1a: Chansey|[miss]
|-miss|p2a: Shaymin|p1a: Chansey
|move|p1a: Chansey|Wish|p1a: Chansey
|
|upkeep
|turn|126
|
|t:|1602346095
|move|p1a: Chansey|Protect|p1a: Chansey
|-singleturn|p1a: Chansey|Protect
|move|p2a: Shaymin|Dazzling Gleam|p1a: Chansey
|-activate|p1a: Chansey|move: Protect
|
|-heal|p1a: Chansey|57/100|[from] move: Wish|[wisher] Chansey
|upkeep
|turn|127
|c|☆Hikhanh123|BRUH
|c|☆Hikhanh123|WHY
|
|t:|1602346104
|move|p2a: Shaymin|Dazzling Gleam|p1a: Chansey
|-crit|p1a: Chansey
|-damage|p1a: Chansey|44/100
|move|p1a: Chansey|Wish|p1a: Chansey
|
|upkeep
|turn|128
|c|☆Juampialeti111|Que suerte jajajaj
|
|t:|1602346116
|move|p2a: Shaymin|Dazzling Gleam|p1a: Chansey
|-damage|p1a: Chansey|36/100
|move|p1a: Chansey|Wish||[still]
|-fail|p1a: Chansey
|
|-heal|p1a: Chansey|86/100|[from] move: Wish|[wisher] Chansey
|upkeep
|turn|129
|
|t:|1602346124
|move|p2a: Shaymin|Dazzling Gleam|p1a: Chansey
|-damage|p1a: Chansey|78/100
|move|p1a: Chansey|Toxic|p2a: Shaymin
|-status|p2a: Shaymin|tox
|
|-damage|p2a: Shaymin|88/100 tox|[from] psn
|upkeep
|turn|130
|
|t:|1602346128
|move|p2a: Shaymin|Dazzling Gleam|p1a: Chansey
|-damage|p1a: Chansey|70/100
|move|p1a: Chansey|Wish|p1a: Chansey
|
|-damage|p2a: Shaymin|76/100 tox|[from] psn
|upkeep
|turn|131
|
|t:|1602346132
|switch|p2a: Xerneas|Xerneas|63/100
|-ability|p2a: Xerneas|Fairy Aura
|move|p1a: Chansey|Seismic Toss|p2a: Xerneas
|-damage|p2a: Xerneas|37/100
|
|-heal|p1a: Chansey|100/100|[from] move: Wish|[wisher] Chansey
|upkeep
|turn|132
|
|t:|1602346141
|move|p2a: Xerneas|Aromatherapy|p2a: Xerneas
|-activate|p2a: Xerneas|move: Aromatherapy
|-curestatus|p2: Shaymin|tox|[msg]
|move|p1a: Chansey|Seismic Toss|p2a: Xerneas
|-damage|p2a: Xerneas|12/100
|
|upkeep
|turn|133
|
|t:|1602346149
|move|p2a: Xerneas|Moonblast|p1a: Chansey
|-damage|p1a: Chansey|80/100
|move|p1a: Chansey|Seismic Toss|p2a: Xerneas
|-damage|p2a: Xerneas|0 fnt
|faint|p2a: Xerneas
|
|upkeep
|
|t:|1602346152
|switch|p2a: Shaymin|Shaymin-Sky|76/100
|turn|134
|c|☆Hikhanh123|thats a gg i guess
|
|t:|1602346160
|move|p2a: Shaymin|Air Slash|p1a: Chansey
|-damage|p1a: Chansey|69/100
|cant|p1a: Chansey|flinch
|
|upkeep
|turn|135
|
|t:|1602346169
|move|p2a: Shaymin|Dazzling Gleam|p1a: Chansey
|-damage|p1a: Chansey|62/100
|move|p1a: Chansey|Toxic|p2a: Shaymin
|-status|p2a: Shaymin|tox
|
|-damage|p2a: Shaymin|70/100 tox|[from] psn
|upkeep
|turn|136
|
|t:|1602346180
|move|p2a: Shaymin|Dazzling Gleam|p1a: Chansey
|-damage|p1a: Chansey|54/100
|move|p1a: Chansey|Seismic Toss|p2a: Shaymin
|-damage|p2a: Shaymin|40/100 tox
|
|-damage|p2a: Shaymin|28/100 tox|[from] psn
|upkeep
|turn|137
|
|t:|1602346184
|move|p2a: Shaymin|Synthesis|p2a: Shaymin
|-heal|p2a: Shaymin|78/100 tox
|move|p1a: Chansey|Seismic Toss|p2a: Shaymin
|-damage|p2a: Shaymin|49/100 tox
|
|-damage|p2a: Shaymin|30/100 tox|[from] psn
|upkeep
|turn|138
|
|t:|1602346188
|move|p2a: Shaymin|Dazzling Gleam|p1a: Chansey
|-damage|p1a: Chansey|45/100
|move|p1a: Chansey|Seismic Toss|p2a: Shaymin
|-damage|p2a: Shaymin|1/100 tox
|
|-damage|p2a: Shaymin|0 fnt|[from] psn
|faint|p2a: Shaymin
|
|win|Juampialeti111
|upkeep
|raw|Juampialeti111's rating: 1289 &rarr; <strong>1313</strong><br />(+24 for winning)
|raw|Hikhanh123's rating: 1277 &rarr; <strong>1253</strong><br />(-24 for losing)
