|j|☆Buck is stallish
|j|☆Obito152001
|t:|1664868651
|gametype|singles
|player|p1|Buck is stallish|ethan|1940
|player|p2|Obito152001|blue-gen3two|1925
|teamsize|p1|6
|teamsize|p2|6
|gen|8
|tier|[Gen 8] National Dex AG
|rated|
|rule|HP Percentage Mod: HP is shown in percentages
|rule|Endless Battle Clause: Forcing endless battles is banned
|clearpoke
|poke|p1|Ho-Oh|
|poke|p1|Zygarde|
|poke|p1|Necrozma-Dusk-Mane|
|poke|p1|Yveltal|
|poke|p1|Chansey, F|
|poke|p1|Arceus-*|
|poke|p2|Arceus-*|
|poke|p2|Giratina-Origin|
|poke|p2|Ho-Oh|
|poke|p2|Arceus-*|
|poke|p2|Groudon|
|poke|p2|Kyogre|
|teampreview
|inactive|Battle timer is ON: inactive players will automatically lose when time's up. (requested by Buck is stallish)
|inactive|Obito152001 also wants the timer to be on.
|inactive|Obito152001 has 120 seconds left.
|
|t:|1664868702
|start
|switch|p1a: Bipolar degenerate|Chansey, F|100/100
|switch|p2a: Arceus|Arceus|100/100
|turn|1
|
|t:|1664868712
|switch|p1a: dragon guardian|Zygarde|100/100
|move|p2a: Arceus|Trick|p1a: dragon guardian
|-activate|p2a: Arceus|move: Trick|[of] p1a: dragon guardian
|-item|p1a: dragon guardian|Choice Band|[from] move: Trick
|-item|p2a: Arceus|Safety Goggles|[from] move: Trick
|
|upkeep
|turn|2
|
|t:|1664868725
|switch|p2a: Giratina|Giratina-Origin|100/100
|switch|p1a: Brighteous Hope|Arceus-Fairy|100/100
|
|upkeep
|turn|3
|
|t:|1664868733
|switch|p2a: Groudon|Groudon|100/100
|detailschange|p2a: Groudon|Groudon-Primal
|-primal|p2a: Groudon
|-weather|DesolateLand|[from] ability: Desolate Land|[of] p2a: Groudon
|move|p1a: Brighteous Hope|Judgment|p2a: Groudon
|-resisted|p2a: Groudon
|-damage|p2a: Groudon|74/100
|
|-weather|DesolateLand|[upkeep]
|upkeep
|turn|4
|
|t:|1664868737
|switch|p1a: dragon guardian|Zygarde|100/100
|move|p2a: Groudon|Eruption|p1a: dragon guardian
|-resisted|p1a: dragon guardian
|-damage|p1a: dragon guardian|61/100
|
|-weather|DesolateLand|[upkeep]
|upkeep
|turn|5
|
|t:|1664868740
|move|p2a: Groudon|Dragon Pulse|p1a: dragon guardian
|-supereffective|p1a: dragon guardian
|-damage|p1a: dragon guardian|1/100
|move|p1a: dragon guardian|Glare|p2a: Groudon
|-status|p2a: Groudon|par
|
|-weather|DesolateLand|[upkeep]
|-activate|p1a: dragon guardian|ability: Power Construct
|detailschange|p1a: dragon guardian|Zygarde-Complete
|-heal|p1a: dragon guardian|35/100|[silent]
|upkeep
|turn|6
|
|t:|1664868746
|switch|p1a: Bipolar degenerate|Chansey, F|100/100
|move|p2a: Groudon|Dragon Pulse|p1a: Bipolar degenerate
|-damage|p1a: Bipolar degenerate|92/100
|
|-weather|DesolateLand|[upkeep]
|upkeep
|turn|7
|
|t:|1664868753
|-weather|none
|switch|p2a: Giratina|Giratina-Origin|100/100
|move|p1a: Bipolar degenerate|Seismic Toss|p2a: Giratina
|-immune|p2a: Giratina
|
|upkeep
|turn|8
|
|t:|1664868759
|switch|p1a: Brighteous Hope|Arceus-Fairy|100/100
|move|p2a: Giratina|Hone Claws|p2a: Giratina
|-boost|p2a: Giratina|atk|1
|-boost|p2a: Giratina|accuracy|1
|
|upkeep
|turn|9
|
|t:|1664868764
|move|p2a: Giratina|Poltergeist|p1a: Brighteous Hope
|-activate|p1a: Brighteous Hope|move: Poltergeist|Pixie Plate
|-damage|p1a: Brighteous Hope|56/100
|move|p1a: Brighteous Hope|Will-O-Wisp|p2a: Giratina
|-status|p2a: Giratina|brn
|
|-damage|p2a: Giratina|94/100 brn|[from] brn
|upkeep
|turn|10
|
|t:|1664868770
|switch|p2a: Ho-Oh|Ho-Oh|100/100
|move|p1a: Brighteous Hope|Recover|p1a: Brighteous Hope
|-heal|p1a: Brighteous Hope|100/100
|
|upkeep
|turn|11
|
|t:|1664868775
|switch|p1a: dragon guardian|Zygarde-Complete|35/100
|move|p2a: Ho-Oh|Brave Bird|p1a: dragon guardian
|-damage|p1a: dragon guardian|1/100
|-damage|p2a: Ho-Oh|80/100|[from] Recoil
|
|upkeep
|turn|12
|
|t:|1664868779
|switch|p1a: Solar mountain|Necrozma-Dusk-Mane|100/100
|move|p2a: Ho-Oh|Brave Bird|p1a: Solar mountain
|-resisted|p1a: Solar mountain
|-damage|p1a: Solar mountain|77/100
|-damage|p2a: Ho-Oh|64/100|[from] item: Rocky Helmet|[of] p1a: Solar mountain
|-damage|p2a: Ho-Oh|55/100|[from] Recoil
|
|upkeep
|turn|13
|
|t:|1664868783
|switch|p2a: Groudon|Groudon-Primal|74/100 par
|-weather|DesolateLand|[from] ability: Desolate Land|[of] p2a: Groudon
|move|p1a: Solar mountain|Morning Sun|p1a: Solar mountain
|-heal|p1a: Solar mountain|100/100
|
|-weather|DesolateLand|[upkeep]
|upkeep
|turn|14
|
|t:|1664868788
|switch|p1a: Bipolar degenerate|Chansey, F|92/100
|move|p2a: Groudon|Eruption|p1a: Bipolar degenerate
|-damage|p1a: Bipolar degenerate|67/100
|
|-weather|DesolateLand|[upkeep]
|upkeep
|turn|15
|
|t:|1664868791
|-weather|none
|switch|p2a: Giratina|Giratina-Origin|94/100 brn
|move|p1a: Bipolar degenerate|Soft-Boiled|p1a: Bipolar degenerate
|-heal|p1a: Bipolar degenerate|100/100
|
|-damage|p2a: Giratina|88/100 brn|[from] brn
|upkeep
|turn|16
|
|t:|1664868797
|switch|p2a: Ho-Oh|Ho-Oh|88/100
|switch|p1a: Solar mountain|Necrozma-Dusk-Mane|100/100
|
|upkeep
|turn|17
|
|t:|1664868800
|move|p2a: Ho-Oh|Sacred Fire|p1a: Solar mountain
|-supereffective|p1a: Solar mountain
|-damage|p1a: Solar mountain|38/100
|-status|p1a: Solar mountain|brn
|move|p1a: Solar mountain|Knock Off|p2a: Ho-Oh
|-damage|p2a: Ho-Oh|72/100
|-enditem|p2a: Ho-Oh|Choice Band|[from] move: Knock Off|[of] p1a: Solar mountain
|
|-damage|p1a: Solar mountain|32/100 brn|[from] brn
|upkeep
|turn|18
|
|t:|1664868810
|switch|p1a: Phoenix King|Ho-Oh|100/100
|move|p2a: Ho-Oh|Earthquake|p1a: Phoenix King
|-immune|p1a: Phoenix King
|
|upkeep
|turn|19
|
|t:|1664868814
|switch|p2a: Giratina|Giratina-Origin|88/100 brn
|move|p1a: Phoenix King|Thunder Wave||[still]
|-fail|p1a: Phoenix King
|
|-damage|p2a: Giratina|82/100 brn|[from] brn
|upkeep
|turn|20
|
|t:|1664868825
|switch|p2a: Arceus|Arceus-Fairy|100/100
|switch|p1a: Bipolar degenerate|Chansey, F|100/100
|
|upkeep
|turn|21
|
|t:|1664868829
|move|p2a: Arceus|Stealth Rock|p1a: Bipolar degenerate
|-sidestart|p1: Buck is stallish|move: Stealth Rock
|move|p1a: Bipolar degenerate|Heal Bell|p1a: Bipolar degenerate
|-activate|p1a: Bipolar degenerate|move: Heal Bell
|-curestatus|p1: Solar mountain|brn|[msg]
|
|upkeep
|turn|22
|
|t:|1664868839
|switch|p2a: Kyogre|Kyogre|100/100
|detailschange|p2a: Kyogre|Kyogre-Primal
|-primal|p2a: Kyogre
|-weather|PrimordialSea|[from] ability: Primordial Sea|[of] p2a: Kyogre
|move|p1a: Bipolar degenerate|Seismic Toss|p2a: Kyogre
|-damage|p2a: Kyogre|71/100
|
|-weather|PrimordialSea|[upkeep]
|upkeep
|turn|23
|
|t:|1664868853
|-weather|none
|switch|p2a: Giratina|Giratina-Origin|82/100 brn
|move|p1a: Bipolar degenerate|Seismic Toss|p2a: Giratina
|-immune|p2a: Giratina
|
|-damage|p2a: Giratina|76/100 brn|[from] brn
|upkeep
|turn|24
|
|t:|1664868858
|switch|p1a: Brighteous Hope|Arceus-Fairy|100/100
|-damage|p1a: Brighteous Hope|88/100|[from] Stealth Rock
|move|p2a: Giratina|Hone Claws|p2a: Giratina
|-boost|p2a: Giratina|atk|1
|-boost|p2a: Giratina|accuracy|1
|
|-damage|p2a: Giratina|70/100 brn|[from] brn
|upkeep
|turn|25
|
|t:|1664868861
|switch|p2a: Kyogre|Kyogre-Primal|71/100
|-weather|PrimordialSea|[from] ability: Primordial Sea|[of] p2a: Kyogre
|move|p1a: Brighteous Hope|Defog|p2a: Kyogre
|-unboost|p2a: Kyogre|evasion|1
|-sideend|p1: Buck is stallish|Stealth Rock|[from] move: Defog|[of] p1a: Brighteous Hope
|
|-weather|PrimordialSea|[upkeep]
|upkeep
|turn|26
|
|t:|1664868867
|-weather|none
|switch|p2a: Arceus|Arceus-Fairy|100/100
|switch|p1a: Bipolar degenerate|Chansey, F|100/100
|
|upkeep
|turn|27
|
|t:|1664868871
|switch|p1a: Phoenix King|Ho-Oh|100/100
|move|p2a: Arceus|Stealth Rock|p1a: Phoenix King
|-sidestart|p1: Buck is stallish|move: Stealth Rock
|
|upkeep
|turn|28
|
|t:|1664868874
|move|p2a: Arceus|Toxic|p1a: Phoenix King
|-status|p1a: Phoenix King|tox
|move|p1a: Phoenix King|Defog|p2a: Arceus
|-unboost|p2a: Arceus|evasion|1
|-sideend|p1: Buck is stallish|Stealth Rock|[from] move: Defog|[of] p1a: Phoenix King
|
|-damage|p1a: Phoenix King|94/100 tox|[from] psn
|upkeep
|turn|29
|
|t:|1664868880
|switch|p1a: Solar mountain|Necrozma-Dusk-Mane|32/100
|move|p2a: Arceus|Stealth Rock|p1a: Solar mountain
|-sidestart|p1: Buck is stallish|move: Stealth Rock
|
|upkeep
|turn|30
|
|t:|1664868885
|switch|p2a: Ho-Oh|Ho-Oh|100/100
|move|p1a: Solar mountain|Morning Sun|p1a: Solar mountain
|-heal|p1a: Solar mountain|82/100
|
|upkeep
|turn|31
|
|t:|1664868893
|move|p2a: Ho-Oh|Sacred Fire|p1a: Solar mountain|[miss]
|-miss|p2a: Ho-Oh|p1a: Solar mountain
|move|p1a: Solar mountain|Morning Sun|p1a: Solar mountain
|-heal|p1a: Solar mountain|100/100
|
|upkeep
|turn|32
|
|t:|1664868896
|move|p2a: Ho-Oh|Sacred Fire|p1a: Solar mountain
|-supereffective|p1a: Solar mountain
|-damage|p1a: Solar mountain|58/100
|move|p1a: Solar mountain|Stealth Rock|p2a: Ho-Oh
|-sidestart|p2: Obito152001|move: Stealth Rock
|
|upkeep
|turn|33
|
|t:|1664868901
|move|p2a: Ho-Oh|Sacred Fire|p1a: Solar mountain
|-supereffective|p1a: Solar mountain
|-damage|p1a: Solar mountain|14/100
|move|p1a: Solar mountain|Morning Sun|p1a: Solar mountain
|-heal|p1a: Solar mountain|64/100
|
|upkeep
|turn|34
|
|t:|1664868907
|switch|p1a: Brighteous Hope|Arceus-Fairy|88/100
|-damage|p1a: Brighteous Hope|76/100|[from] Stealth Rock
|move|p2a: Ho-Oh|Sacred Fire|p1a: Brighteous Hope|[miss]
|-miss|p2a: Ho-Oh|p1a: Brighteous Hope
|
|upkeep
|turn|35
|
|t:|1664868915
|move|p2a: Ho-Oh|Brave Bird|p1a: Brighteous Hope
|-damage|p1a: Brighteous Hope|45/100
|-damage|p2a: Ho-Oh|88/100|[from] Recoil
|move|p1a: Brighteous Hope|Recover|p1a: Brighteous Hope
|-heal|p1a: Brighteous Hope|95/100
|
|upkeep
|turn|36
|
|t:|1664868920
|move|p2a: Ho-Oh|Sacred Fire|p1a: Brighteous Hope
|-damage|p1a: Brighteous Hope|72/100
|move|p1a: Brighteous Hope|Judgment|p2a: Ho-Oh
|-resisted|p2a: Ho-Oh
|-damage|p2a: Ho-Oh|72/100
|
|upkeep
|turn|37
|
|t:|1664868924
|move|p2a: Ho-Oh|Brave Bird|p1a: Brighteous Hope
|-damage|p1a: Brighteous Hope|42/100
|-damage|p2a: Ho-Oh|60/100|[from] Recoil
|move|p1a: Brighteous Hope|Recover|p1a: Brighteous Hope
|-heal|p1a: Brighteous Hope|92/100
|
|upkeep
|turn|38
|
|t:|1664868930
|switch|p2a: Arceus|Arceus-Fairy|100/100
|-damage|p2a: Arceus|88/100|[from] Stealth Rock
|switch|p1a: Phoenix King|Ho-Oh|100/100 tox
|
|-damage|p1a: Phoenix King|94/100 tox|[from] psn
|upkeep
|turn|39
|
|t:|1664868937
|switch|p2a: Giratina|Giratina-Origin|70/100 brn
|-damage|p2a: Giratina|58/100 brn|[from] Stealth Rock
|move|p1a: Phoenix King|Brave Bird|p2a: Giratina
|-damage|p2a: Giratina|1/100 brn
|-damage|p1a: Phoenix King|74/100 tox|[from] Recoil
|
|-damage|p1a: Phoenix King|62/100 tox|[from] psn
|-damage|p2a: Giratina|0 fnt|[from] brn
|faint|p2a: Giratina
|upkeep
|
|t:|1664868946
|switch|p2a: Arceus|Arceus|100/100
|-damage|p2a: Arceus|88/100|[from] Stealth Rock
|turn|40
|
|t:|1664868953
|move|p2a: Arceus|Trick|p1a: Phoenix King
|-activate|p2a: Arceus|move: Trick|[of] p1a: Phoenix King
|-item|p1a: Phoenix King|Safety Goggles|[from] move: Trick
|-item|p2a: Arceus|Heavy-Duty Boots|[from] move: Trick
|move|p1a: Phoenix King|Sacred Fire|p2a: Arceus
|-damage|p2a: Arceus|45/100
|
|-damage|p1a: Phoenix King|44/100 tox|[from] psn
|upkeep
|turn|41
|
|t:|1664868958
|switch|p1a: Brighteous Hope|Arceus-Fairy|92/100
|-damage|p1a: Brighteous Hope|80/100|[from] Stealth Rock
|move|p2a: Arceus|Extreme Speed|p1a: Brighteous Hope
|-damage|p1a: Brighteous Hope|60/100
|
|upkeep
|turn|42
|
|t:|1664868967
|switch|p2a: Ho-Oh|Ho-Oh|93/100
|-damage|p2a: Ho-Oh|43/100|[from] Stealth Rock
|move|p1a: Brighteous Hope|Defog|p2a: Ho-Oh
|-unboost|p2a: Ho-Oh|evasion|1
|-sideend|p2: Obito152001|Stealth Rock|[from] move: Defog|[of] p1a: Brighteous Hope
|-sideend|p1: Buck is stallish|Stealth Rock|[from] move: Defog|[of] p1a: Brighteous Hope
|
|upkeep
|turn|43
|
|t:|1664868973
|switch|p2a: Arceus|Arceus-Fairy|88/100
|move|p1a: Brighteous Hope|Recover|p1a: Brighteous Hope
|-heal|p1a: Brighteous Hope|100/100
|
|upkeep
|turn|44
|
|t:|1664868976
|switch|p1a: Solar mountain|Necrozma-Dusk-Mane|64/100
|move|p2a: Arceus|Stealth Rock|p1a: Solar mountain
|-sidestart|p1: Buck is stallish|move: Stealth Rock
|
|upkeep
|turn|45
|
|t:|1664868979
|switch|p2a: Groudon|Groudon-Primal|74/100 par
|-weather|DesolateLand|[from] ability: Desolate Land|[of] p2a: Groudon
|move|p1a: Solar mountain|Stealth Rock|p2a: Groudon
|-sidestart|p2: Obito152001|move: Stealth Rock
|
|-weather|DesolateLand|[upkeep]
|upkeep
|turn|46
|
|t:|1664868983
|switch|p1a: Bipolar degenerate|Chansey, F|100/100
|-damage|p1a: Bipolar degenerate|88/100|[from] Stealth Rock
|cant|p2a: Groudon|par
|
|-weather|DesolateLand|[upkeep]
|upkeep
|turn|47
|
|t:|1664868993
|-weather|none
|switch|p2a: Ho-Oh|Ho-Oh|76/100
|-damage|p2a: Ho-Oh|27/100|[from] Stealth Rock
|move|p1a: Bipolar degenerate|Soft-Boiled|p1a: Bipolar degenerate
|-heal|p1a: Bipolar degenerate|100/100
|
|upkeep
|turn|48
|
|t:|1664868999
|switch|p1a: Brighteous Hope|Arceus-Fairy|100/100
|-damage|p1a: Brighteous Hope|88/100|[from] Stealth Rock
|move|p2a: Ho-Oh|Sacred Fire|p1a: Brighteous Hope
|-damage|p1a: Brighteous Hope|64/100
|
|upkeep
|turn|49
|
|t:|1664869010
|switch|p2a: Kyogre|Kyogre-Primal|71/100
|-damage|p2a: Kyogre|59/100|[from] Stealth Rock
|-weather|PrimordialSea|[from] ability: Primordial Sea|[of] p2a: Kyogre
|move|p1a: Brighteous Hope|Recover|p1a: Brighteous Hope
|-heal|p1a: Brighteous Hope|100/100
|
|-weather|PrimordialSea|[upkeep]
|upkeep
|turn|50
|
|t:|1664869015
|-weather|none
|switch|p2a: Ho-Oh|Ho-Oh|60/100
|-damage|p2a: Ho-Oh|10/100|[from] Stealth Rock
|switch|p1a: Bipolar degenerate|Chansey, F|100/100
|-damage|p1a: Bipolar degenerate|88/100|[from] Stealth Rock
|
|upkeep
|turn|51
|
|t:|1664869025
|switch|p2a: Arceus|Arceus-Fairy|88/100
|-damage|p2a: Arceus|76/100|[from] Stealth Rock
|switch|p1a: Brighteous Hope|Arceus-Fairy|100/100
|-damage|p1a: Brighteous Hope|88/100|[from] Stealth Rock
|
|upkeep
|turn|52
|
|t:|1664869030
|switch|p1a: Phoenix King|Ho-Oh|78/100 tox
|-damage|p1a: Phoenix King|28/100 tox|[from] Stealth Rock
|move|p2a: Arceus|Toxic|p1a: Phoenix King|[miss]
|-miss|p2a: Arceus|p1a: Phoenix King
|
|-damage|p1a: Phoenix King|22/100 tox|[from] psn
|upkeep
|turn|53
|
|t:|1664869033
|move|p2a: Arceus|Judgment|p1a: Phoenix King
|-resisted|p1a: Phoenix King
|-damage|p1a: Phoenix King|9/100 tox
|move|p1a: Phoenix King|Defog|p2a: Arceus
|-unboost|p2a: Arceus|evasion|1
|-sideend|p2: Obito152001|Stealth Rock|[from] move: Defog|[of] p1a: Phoenix King
|-sideend|p1: Buck is stallish|Stealth Rock|[from] move: Defog|[of] p1a: Phoenix King
|
|-damage|p1a: Phoenix King|0 fnt|[from] psn
|faint|p1a: Phoenix King
|upkeep
|
|t:|1664869038
|switch|p1a: Solar mountain|Necrozma-Dusk-Mane|64/100
|turn|54
|
|t:|1664869043
|switch|p2a: Ho-Oh|Ho-Oh|43/100
|move|p1a: Solar mountain|Stealth Rock|p2a: Ho-Oh
|-sidestart|p2: Obito152001|move: Stealth Rock
|
|upkeep
|turn|55
|
|t:|1664869047
|move|p2a: Ho-Oh|Earthquake|p1a: Solar mountain
|-supereffective|p1a: Solar mountain
|-damage|p1a: Solar mountain|35/100
|move|p1a: Solar mountain|Morning Sun|p1a: Solar mountain
|-heal|p1a: Solar mountain|85/100
|
|upkeep
|turn|56
|
|t:|1664869051
|move|p2a: Ho-Oh|Sacred Fire|p1a: Solar mountain
|-supereffective|p1a: Solar mountain
|-damage|p1a: Solar mountain|47/100
|-status|p1a: Solar mountain|brn
|move|p1a: Solar mountain|Knock Off|p2a: Ho-Oh
|-damage|p2a: Ho-Oh|32/100
|
|-damage|p1a: Solar mountain|41/100 brn|[from] brn
|upkeep
|turn|57
|
|t:|1664869054
|move|p2a: Ho-Oh|Earthquake|p1a: Solar mountain
|-supereffective|p1a: Solar mountain
|-damage|p1a: Solar mountain|13/100 brn
|move|p1a: Solar mountain|Morning Sun|p1a: Solar mountain
|-heal|p1a: Solar mountain|63/100 brn
|
|-damage|p1a: Solar mountain|57/100 brn|[from] brn
|upkeep
|turn|58
|
|t:|1664869062
|switch|p1a: Raven of death|Yveltal|100/100
|-ability|p1a: Raven of death|Dark Aura
|move|p2a: Ho-Oh|Earthquake|p1a: Raven of death
|-immune|p1a: Raven of death
|
|upkeep
|turn|59
|j| An_Old_Friendo
|
|t:|1664869068
|switch|p2a: Arceus|Arceus-Fairy|76/100
|-damage|p2a: Arceus|63/100|[from] Stealth Rock
|move|p1a: Raven of death|Sucker Punch||[still]
|-fail|p1a: Raven of death
|
|upkeep
|turn|60
|l| An_Old_Friendo
|
|t:|1664869071
|move|p2a: Arceus|Judgment|p1a: Raven of death
|-supereffective|p1a: Raven of death
|-damage|p1a: Raven of death|45/100
|move|p1a: Raven of death|Toxic|p2a: Arceus
|-status|p2a: Arceus|tox
|
|-damage|p2a: Arceus|57/100 tox|[from] psn
|upkeep
|turn|61
|
|t:|1664869080
|switch|p2a: Kyogre|Kyogre-Primal|59/100
|-damage|p2a: Kyogre|47/100|[from] Stealth Rock
|-weather|PrimordialSea|[from] ability: Primordial Sea|[of] p2a: Kyogre
|switch|p1a: Bipolar degenerate|Chansey, F|88/100
|
|-weather|PrimordialSea|[upkeep]
|upkeep
|turn|62
|
|t:|1664869085
|move|p2a: Kyogre|Surf|p1a: Bipolar degenerate
|-damage|p1a: Bipolar degenerate|64/100
|move|p1a: Bipolar degenerate|Seismic Toss|p2a: Kyogre
|-damage|p2a: Kyogre|17/100
|
|-weather|PrimordialSea|[upkeep]
|upkeep
|turn|63
|
|t:|1664869089
|move|p2a: Kyogre|Surf|p1a: Bipolar degenerate
|-damage|p1a: Bipolar degenerate|42/100
|move|p1a: Bipolar degenerate|Soft-Boiled|p1a: Bipolar degenerate
|-heal|p1a: Bipolar degenerate|92/100
|
|-weather|PrimordialSea|[upkeep]
|upkeep
|turn|64
|
|t:|1664869092
|move|p2a: Kyogre|Surf|p1a: Bipolar degenerate
|-damage|p1a: Bipolar degenerate|69/100
|move|p1a: Bipolar degenerate|Seismic Toss|p2a: Kyogre
|-damage|p2a: Kyogre|0 fnt
|faint|p2a: Kyogre
|-weather|none
|
|upkeep
|
|t:|1664869095
|switch|p2a: Arceus|Arceus|45/100
|turn|65
|
|t:|1664869100
|switch|p1a: Brighteous Hope|Arceus-Fairy|88/100
|move|p2a: Arceus|Trick||[still]
|-fail|p2a: Arceus
|
|upkeep
|turn|66
|
|t:|1664869106
|switch|p2a: Ho-Oh|Ho-Oh|65/100
|-damage|p2a: Ho-Oh|16/100|[from] Stealth Rock
|move|p1a: Brighteous Hope|Judgment|p2a: Ho-Oh
|-resisted|p2a: Ho-Oh
|-damage|p2a: Ho-Oh|0 fnt
|faint|p2a: Ho-Oh
|
|upkeep
|-message|Obito152001 forfeited.
|
|win|Buck is stallish
|raw|Buck is stallish's rating: 1940 &rarr; <strong>1959</strong><br />(+19 for winning)
|raw|Obito152001's rating: 1925 &rarr; <strong>1906</strong><br />(-19 for losing)
|l|☆Obito152001
