|j|☆Flynn Watson ^~^
|j|☆chopforce8
|t:|1642070496
|gametype|singles
|player|p1|Flynn Watson ^~^|parasollady-gen4|1881
|player|p2|chopforce8|red|1776
|teamsize|p1|6
|teamsize|p2|6
|gen|8
|tier|[Gen 8] National Dex AG
|rated|
|rule|HP Percentage Mod: HP is shown in percentages
|rule|Endless Battle Clause: Forcing endless battles is banned
|clearpoke
|poke|p1|Excadrill, M|
|poke|p1|Rayquaza|
|poke|p1|Xerneas-*|
|poke|p1|Calyrex-Shadow|
|poke|p1|Yveltal|
|poke|p1|Marshadow|
|poke|p2|Yveltal|
|poke|p2|Diancie|
|poke|p2|Calyrex-Shadow|
|poke|p2|Zacian-*|
|poke|p2|Ditto|
|poke|p2|Arceus-*|
|teampreview
|inactive|Battle timer is ON: inactive players will automatically lose when time's up. (requested by Flynn Watson ^~^)
|
|t:|1642070515
|start
|switch|p1a: Excadrill|Excadrill, M|100/100
|switch|p2a: Voldemort|Yveltal|100/100
|-ability|p2a: Voldemort|Dark Aura
|-ability|p1a: Excadrill|Mold Breaker
|turn|1
|
|t:|1642070522
|move|p2a: Voldemort|Dark Pulse|p1a: Excadrill
|-damage|p1a: Excadrill|5/100
|-damage|p2a: Voldemort|91/100|[from] item: Life Orb
|move|p1a: Excadrill|Stealth Rock|p2a: Voldemort
|-sidestart|p2: chopforce8|move: Stealth Rock
|
|upkeep
|turn|2
|
|t:|1642070528
|move|p2a: Voldemort|Oblivion Wing|p1a: Excadrill
|-resisted|p1a: Excadrill
|-damage|p1a: Excadrill|0 fnt
|-heal|p2a: Voldemort|94/100|[from] drain|[of] p1a: Excadrill
|faint|p1a: Excadrill
|-damage|p2a: Voldemort|84/100|[from] item: Life Orb
|
|upkeep
|
|t:|1642070531
|switch|p1a: Xerneas|Xerneas|100/100
|-ability|p1a: Xerneas|Fairy Aura
|turn|3
|j| SkylarkChip
|
|t:|1642070553
|move|p2a: Voldemort|Oblivion Wing|p1a: Xerneas
|-damage|p1a: Xerneas|56/100
|-heal|p2a: Voldemort|100/100|[from] drain|[of] p1a: Xerneas
|-damage|p2a: Voldemort|91/100|[from] item: Life Orb
|move|p1a: Xerneas|Moonblast|p2a: Voldemort
|-supereffective|p2a: Voldemort
|-damage|p2a: Voldemort|0 fnt
|faint|p2a: Voldemort
|
|upkeep
|
|t:|1642070562
|switch|p2a: Harry Potter|Diancie|100/100
|-damage|p2a: Harry Potter|88/100|[from] Stealth Rock
|turn|4
|
|t:|1642070566
|detailschange|p2a: Harry Potter|Diancie-Mega
|-mega|p2a: Harry Potter|Diancie|Diancite
|move|p2a: Harry Potter|Stealth Rock|p1a: Xerneas
|-sidestart|p1: Flynn Watson ^~^|move: Stealth Rock
|move|p1a: Xerneas|Moonblast|p2a: Harry Potter
|-damage|p2a: Harry Potter|0 fnt
|faint|p2a: Harry Potter
|
|upkeep
|j| Azq2020❤ ^~^
|
|t:|1642070586
|switch|p2a: Fluffy|Zacian-Crowned|100/100
|-damage|p2a: Fluffy|94/100|[from] Stealth Rock
|-ability|p2a: Fluffy|Intrepid Sword|boost
|-boost|p2a: Fluffy|atk|1
|turn|5
|
|t:|1642070591
|move|p2a: Fluffy|Behemoth Blade|p1a: Xerneas
|-supereffective|p1a: Xerneas
|-damage|p1a: Xerneas|0 fnt
|faint|p1a: Xerneas
|
|upkeep
|
|t:|1642070594
|switch|p1a: Marshadow|Marshadow|100/100
|-damage|p1a: Marshadow|94/100|[from] Stealth Rock
|turn|6
|
|t:|1642070599
|move|p1a: Marshadow|Shadow Sneak|p2a: Fluffy
|-damage|p2a: Fluffy|54/100
|-damage|p1a: Marshadow|84/100|[from] item: Life Orb
|move|p2a: Fluffy|Behemoth Blade|p1a: Marshadow
|-damage|p1a: Marshadow|0 fnt
|faint|p1a: Marshadow
|
|upkeep
|
|t:|1642070601
|switch|p1a: Calyrex|Calyrex-Shadow|100/100
|-ability|p1a: Calyrex|As One
|-ability|p1a: Calyrex|Unnerve
|-damage|p1a: Calyrex|88/100|[from] Stealth Rock
|turn|7
|inactive|chopforce8 has 120 seconds left.
|
|t:|1642070635
|switch|p2a: Professorquirrel|Calyrex-Shadow|100/100
|-ability|p2a: Professorquirrel|As One
|-ability|p2a: Professorquirrel|Unnerve
|-damage|p2a: Professorquirrel|88/100|[from] Stealth Rock
|move|p1a: Calyrex|Astral Barrage|p2a: Professorquirrel
|-supereffective|p2a: Professorquirrel
|-damage|p2a: Professorquirrel|0 fnt
|faint|p2a: Professorquirrel
|-ability|p1a: Calyrex|Grim Neigh|boost
|-boost|p1a: Calyrex|spa|1
|
|upkeep
|inactive|chopforce8 has 120 seconds left.
|
|t:|1642070650
|switch|p2a: MirrorofErised|Ditto|100/100
|-damage|p2a: MirrorofErised|88/100|[from] Stealth Rock
|-transform|p2a: MirrorofErised|p1a: Calyrex|[from] ability: Imposter
|turn|8
|c|☆Flynn Watson ^~^|Thanks for wasting that
|inactive|chopforce8 has 120 seconds left.
|
|t:|1642070655
|switch|p2a: Fluffy|Zacian-Crowned|54/100
|-damage|p2a: Fluffy|48/100|[from] Stealth Rock
|-ability|p2a: Fluffy|Intrepid Sword|boost
|-boost|p2a: Fluffy|atk|1
|move|p1a: Calyrex|Astral Barrage|p2a: Fluffy
|-damage|p2a: Fluffy|0 fnt
|faint|p2a: Fluffy
|-ability|p1a: Calyrex|Grim Neigh|boost
|-boost|p1a: Calyrex|spa|1
|
|upkeep
|inactive|chopforce8 has 120 seconds left.
|
|t:|1642070666
|switch|p2a: MirrorofErised|Ditto|88/100
|-damage|p2a: MirrorofErised|76/100|[from] Stealth Rock
|-transform|p2a: MirrorofErised|p1a: Calyrex|[from] ability: Imposter
|turn|9
|inactive|chopforce8 has 120 seconds left.
|
|t:|1642070672
|move|p2a: MirrorofErised|Astral Barrage|p1a: Calyrex
|-supereffective|p1a: Calyrex
|-damage|p1a: Calyrex|0 fnt
|faint|p1a: Calyrex
|-ability|p2a: MirrorofErised|Grim Neigh|boost
|-boost|p2a: MirrorofErised|spa|1
|
|upkeep
|
|t:|1642070675
|switch|p1a: Yveltal|Yveltal|100/100
|-damage|p1a: Yveltal|76/100|[from] Stealth Rock
|-ability|p1a: Yveltal|Dark Aura
|turn|10
|
|t:|1642070684
|-start|p1a: Yveltal|Dynamax
|-heal|p1a: Yveltal|76/100|[silent]
|move|p2a: MirrorofErised|Astral Barrage|p1a: Yveltal
|-resisted|p1a: Yveltal
|-damage|p1a: Yveltal|32/100
|move|p1a: Yveltal|Max Darkness|p2a: MirrorofErised
|-supereffective|p2a: MirrorofErised
|-damage|p2a: MirrorofErised|0 fnt
|faint|p2a: MirrorofErised
|-damage|p1a: Yveltal|27/100|[from] item: Life Orb
|
|upkeep
|
|t:|1642070696
|switch|p2a: Chess Wizard|Arceus-Flying|100/100
|-damage|p2a: Chess Wizard|76/100|[from] Stealth Rock
|turn|11
|
|t:|1642070706
|-start|p2a: Chess Wizard|Dynamax
|-heal|p2a: Chess Wizard|76/100|[silent]
|move|p2a: Chess Wizard|Max Guard|p2a: Chess Wizard
|-singleturn|p2a: Chess Wizard|Max Guard
|move|p1a: Yveltal|Max Darkness|p2a: Chess Wizard
|-activate|p2a: Chess Wizard|move: Max Guard
|
|upkeep
|turn|12
|
|t:|1642070714
|move|p2a: Chess Wizard|Max Airstream|p1a: Yveltal
|-damage|p1a: Yveltal|0 fnt
|-boost|p2a: Chess Wizard|spe|1
|faint|p1a: Yveltal
|
|upkeep
|
|t:|1642070717
|switch|p1a: Rayquaza|Rayquaza|100/100
|-damage|p1a: Rayquaza|75/100|[from] Stealth Rock
|-ability|p1a: Rayquaza|Air Lock
|turn|13
|
|t:|1642070723
|detailschange|p1a: Rayquaza|Rayquaza-Mega
|-mega|p1a: Rayquaza|Rayquaza|
|-weather|DeltaStream|[from] ability: Delta Stream|[of] p1a: Rayquaza
|move|p2a: Chess Wizard|Max Airstream|p1a: Rayquaza
|-damage|p1a: Rayquaza|12/100
|-boost|p2a: Chess Wizard|spe|1
|move|p1a: Rayquaza|Dragon Ascent|p2a: Chess Wizard
|-damage|p2a: Chess Wizard|37/100
|-unboost|p1a: Rayquaza|def|1
|-unboost|p1a: Rayquaza|spd|1
|-damage|p1a: Rayquaza|2/100|[from] item: Life Orb
|
|-weather|DeltaStream|[upkeep]
|-end|p2a: Chess Wizard|Dynamax
|-heal|p2a: Chess Wizard|37/100|[silent]
|upkeep
|turn|14
|c|☆Flynn Watson ^~^|Ggwp
|
|t:|1642070738
|move|p1a: Rayquaza|Extreme Speed|p2a: Chess Wizard
|-damage|p2a: Chess Wizard|5/100
|-damage|p1a: Rayquaza|0 fnt|[from] item: Life Orb
|faint|p1a: Rayquaza
|-weather|none
|
|win|chopforce8
|raw|Flynn Watson ^~^'s rating: 1881 &rarr; <strong>1856</strong><br />(-25 for losing)
|raw|chopforce8's rating: 1783 &rarr; <strong>1808</strong><br />(+25 for winning)
|c|☆chopforce8|gg
|l|☆chopforce8
|l|☆Flynn Watson ^~^
|l| Azq2020❤ ^~^
