|j|☆AnRandomGuy
|j|☆yokobaby520
|t:|1667827681
|gametype|singles
|player|p1|AnRandomGuy|steven-masters2|1663
|player|p2|yokobaby520|lady|1726
|teamsize|p1|6
|teamsize|p2|6
|gen|8
|tier|[Gen 8] National Dex AG
|rated|
|rule|HP Percentage Mod: HP is shown in percentages
|rule|Endless Battle Clause: Forcing endless battles is banned
|clearpoke
|poke|p1|Zacian-*|
|poke|p1|Salamence, M|
|poke|p1|Whimsicott, F|
|poke|p1|Zekrom|
|poke|p1|Ditto|
|poke|p1|Xerneas-*|
|poke|p2|Rayquaza|
|poke|p2|Necrozma-Dusk-Mane|
|poke|p2|Tyranitar, M|
|poke|p2|Calyrex-Shadow|
|poke|p2|Zygarde|
|poke|p2|Chansey, F|
|teampreview
|inactive|Battle timer is ON: inactive players will automatically lose when time's up. (requested by yokobaby520)
|
|t:|1667827696
|start
|switch|p1a: Lord Z|Zekrom|100/100
|switch|p2a: Necrozma|Necrozma-Dusk-Mane|100/100
|-ability|p1a: Lord Z|Teravolt
|turn|1
|
|t:|1667827705
|move|p1a: Lord Z|Dragon Dance|p1a: Lord Z
|-boost|p1a: Lord Z|atk|1
|-boost|p1a: Lord Z|spe|1
|move|p2a: Necrozma|Stealth Rock|p1a: Lord Z
|-sidestart|p1: AnRandomGuy|move: Stealth Rock
|
|upkeep
|turn|2
|
|t:|1667827714
|-start|p2a: Necrozma|Dynamax|
|-heal|p2a: Necrozma|100/100|[silent]
|move|p1a: Lord Z|Dragon Dance|p1a: Lord Z
|-boost|p1a: Lord Z|atk|1
|-boost|p1a: Lord Z|spe|1
|move|p2a: Necrozma|Max Steelspike|p1a: Lord Z
|-resisted|p1a: Lord Z
|-damage|p1a: Lord Z|71/100
|-boost|p2a: Necrozma|def|1
|
|upkeep
|turn|3
|
|t:|1667827729
|-start|p1a: Lord Z|Dynamax|
|-heal|p1a: Lord Z|71/100|[silent]
|move|p1a: Lord Z|Max Lightning|p2a: Necrozma
|-damage|p2a: Necrozma|60/100
|-fieldstart|move: Electric Terrain
|-damage|p1a: Lord Z|66/100|[from] item: Life Orb
|move|p2a: Necrozma|Max Steelspike|p1a: Lord Z
|-resisted|p1a: Lord Z
|-damage|p1a: Lord Z|51/100
|-boost|p2a: Necrozma|def|1
|
|upkeep
|turn|4
|
|t:|1667827744
|move|p1a: Lord Z|Max Lightning|p2a: Necrozma
|-damage|p2a: Necrozma|23/100
|-damage|p1a: Lord Z|46/100|[from] item: Life Orb
|move|p2a: Necrozma|Max Steelspike|p1a: Lord Z
|-resisted|p1a: Lord Z
|-damage|p1a: Lord Z|32/100
|-boost|p2a: Necrozma|def|1
|
|upkeep
|-end|p2a: Necrozma|Dynamax
|-heal|p2a: Necrozma|23/100|[silent]
|turn|5
|
|t:|1667827760
|move|p1a: Lord Z|Max Wyrmwind|p2a: Necrozma
|-resisted|p2a: Necrozma
|-damage|p2a: Necrozma|0 fnt
|faint|p2a: Necrozma
|-damage|p1a: Lord Z|27/100|[from] item: Life Orb
|
|upkeep
|
|t:|1667827771
|switch|p2a: Zygarde|Zygarde|100/100
|-end|p1a: Lord Z|Dynamax
|-heal|p1a: Lord Z|27/100|[silent]
|turn|6
|
|t:|1667827779
|switch|p2a: Tyranitar|Tyranitar, M|100/100
|-weather|Sandstorm|[from] ability: Sand Stream|[of] p2a: Tyranitar
|move|p1a: Lord Z|Outrage|p2a: Tyranitar
|-damage|p2a: Tyranitar|0 fnt
|faint|p2a: Tyranitar
|-damage|p1a: Lord Z|17/100|[from] item: Life Orb
|
|-weather|Sandstorm|[upkeep]
|-damage|p1a: Lord Z|11/100|[from] Sandstorm
|upkeep
|
|t:|1667827791
|switch|p2a: Rayquaza|Rayquaza|100/100
|-ability|p2a: Rayquaza|Air Lock
|turn|7
|
|t:|1667827798
|detailschange|p2a: Rayquaza|Rayquaza-Mega
|-mega|p2a: Rayquaza|Rayquaza|
|-weather|DeltaStream|[from] ability: Delta Stream|[of] p2a: Rayquaza
|move|p2a: Rayquaza|Extreme Speed|p1a: Lord Z
|-damage|p1a: Lord Z|0 fnt
|faint|p1a: Lord Z
|
|-weather|DeltaStream|[upkeep]
|-fieldend|move: Electric Terrain
|upkeep
|
|t:|1667827815
|switch|p1a: Comedian|Salamence, M|100/100
|-damage|p1a: Comedian|76/100|[from] Stealth Rock
|-ability|p1a: Comedian|Intimidate|boost
|-unboost|p2a: Rayquaza|atk|1
|turn|8
|
|t:|1667827828
|-weather|none
|switch|p2a: Calyrex|Calyrex-Shadow|100/100
|-ability|p2a: Calyrex|As One
|-ability|p2a: Calyrex|Unnerve
|detailschange|p1a: Comedian|Salamence-Mega, M
|-mega|p1a: Comedian|Salamence|Salamencite
|move|p1a: Comedian|Dragon Dance|p1a: Comedian
|-boost|p1a: Comedian|atk|1
|-boost|p1a: Comedian|spe|1
|
|upkeep
|turn|9
|
|t:|1667827842
|move|p1a: Comedian|Return|p2a: Calyrex
|-damage|p2a: Calyrex|0 fnt
|faint|p2a: Calyrex
|
|upkeep
|
|t:|1667827855
|switch|p2a: Zygarde|Zygarde|100/100
|turn|10
|
|t:|1667827870
|move|p1a: Comedian|Dragon Claw|p2a: Zygarde
|-supereffective|p2a: Zygarde
|-damage|p2a: Zygarde|21/100
|move|p2a: Zygarde|Glare|p1a: Comedian
|-status|p1a: Comedian|par
|
|-activate|p2a: Zygarde|ability: Power Construct
|detailschange|p2a: Zygarde|Zygarde-Complete
|-heal|p2a: Zygarde|48/100|[silent]
|upkeep
|turn|11
|
|t:|1667827883
|move|p1a: Comedian|Dragon Claw|p2a: Zygarde
|-supereffective|p2a: Zygarde
|-damage|p2a: Zygarde|0 fnt
|faint|p2a: Zygarde
|
|upkeep
|
|t:|1667827885
|switch|p2a: Rayquaza|Rayquaza-Mega|100/100
|-weather|DeltaStream|[from] ability: Delta Stream|[of] p2a: Rayquaza
|turn|12
|-message|yokobaby520 forfeited.
|
|win|AnRandomGuy
|raw|AnRandomGuy's rating: 1663 &rarr; <strong>1687</strong><br />(+24 for winning)
|raw|yokobaby520's rating: 1726 &rarr; <strong>1702</strong><br />(-24 for losing)
|l|☆yokobaby520
