|j|☆Mak the ZekLord
|j|☆Log4j
|t:|1627274364
|gametype|singles
|player|p1|Mak the ZekLord|ash-kalos|1868
|player|p2|Log4j|265|1974
|teamsize|p1|6
|teamsize|p2|6
|gen|8
|tier|[Gen 8] National Dex AG
|rated|
|rule|HP Percentage Mod: HP is shown in percentages
|rule|Endless Battle Clause: Forcing endless battles is banned
|clearpoke
|poke|p1|Zekrom|
|poke|p1|Zacian-*|
|poke|p1|Grimmsnarl, M|
|poke|p1|Rayquaza|
|poke|p1|Calyrex-Ice|
|poke|p1|Groudon|
|poke|p2|Rayquaza|
|poke|p2|Zacian-*|
|poke|p2|Yveltal|
|poke|p2|Groudon|
|poke|p2|Ho-Oh|
|poke|p2|Ditto|
|teampreview
|inactive|Battle timer is ON: inactive players will automatically lose when time's up. (requested by Mak the ZekLord)
|j| sabakan natumikan
|j| rayquaza winner
|
|t:|1627274386
|start
|switch|p1a: RayGodza. Shen|Rayquaza|100/100
|switch|p2a: Yveltal|Yveltal|100/100
|-ability|p1a: RayGodza. Shen|Air Lock
|-ability|p2a: Yveltal|Dark Aura
|turn|1
|
|t:|1627274400
|detailschange|p1a: RayGodza. Shen|Rayquaza-Mega
|-mega|p1a: RayGodza. Shen|Rayquaza|
|-weather|DeltaStream|[from] ability: Delta Stream|[of] p1a: RayGodza. Shen
|-start|p2a: Yveltal|Dynamax
|-heal|p2a: Yveltal|100/100|[silent]
|move|p1a: RayGodza. Shen|Scale Shot|p2a: Yveltal
|-damage|p2a: Yveltal|92/100
|-damage|p2a: Yveltal|83/100
|-damage|p2a: Yveltal|74/100
|-damage|p2a: Yveltal|66/100
|-damage|p2a: Yveltal|57/100
|-hitcount|p2a: Yveltal|5
|-unboost|p1a: RayGodza. Shen|def|1
|-boost|p1a: RayGodza. Shen|spe|1
|move|p2a: Yveltal|Max Airstream|p1a: RayGodza. Shen
|-damage|p1a: RayGodza. Shen|7/100
|-boost|p2a: Yveltal|spe|1
|-damage|p2a: Yveltal|52/100|[from] item: Life Orb
|
|-weather|DeltaStream|[upkeep]
|upkeep
|turn|2
|
|t:|1627274420
|move|p1a: RayGodza. Shen|Dragon Ascent|p2a: Yveltal
|-damage|p2a: Yveltal|8/100
|-unboost|p1a: RayGodza. Shen|def|1
|-unboost|p1a: RayGodza. Shen|spd|1
|move|p2a: Yveltal|Max Airstream|p1a: RayGodza. Shen
|-damage|p1a: RayGodza. Shen|0 fnt
|-boost|p2a: Yveltal|spe|1
|faint|p1a: RayGodza. Shen
|-weather|none
|-damage|p2a: Yveltal|3/100|[from] item: Life Orb
|
|upkeep
|
|t:|1627274426
|switch|p1a: Grimmsnarl|Grimmsnarl, M|100/100
|turn|3
|c| rayquaza winner|good luck i guess
|
|t:|1627274437
|-end|p2a: Yveltal|Dynamax
|-heal|p2a: Yveltal|3/100|[silent]
|switch|p2a: Zacian|Zacian-Crowned|100/100
|-ability|p2a: Zacian|Intrepid Sword|boost
|-boost|p2a: Zacian|atk|1
|move|p1a: Grimmsnarl|Light Screen|p1a: Grimmsnarl
|-sidestart|p1: Mak the ZekLord|move: Light Screen
|
|upkeep
|turn|4
|
|t:|1627274447
|switch|p1a: :D longer now|Groudon|100/100
|detailschange|p1a: :D longer now|Groudon-Primal
|-primal|p1a: :D longer now
|-weather|DesolateLand|[from] ability: Desolate Land|[of] p1a: :D longer now
|move|p2a: Zacian|Behemoth Blade|p1a: :D longer now
|-resisted|p1a: :D longer now
|-damage|p1a: :D longer now|74/100
|
|-weather|DesolateLand|[upkeep]
|upkeep
|turn|5
|
|t:|1627274459
|move|p2a: Zacian|Close Combat|p1a: :D longer now
|-damage|p1a: :D longer now|31/100
|-unboost|p2a: Zacian|def|1
|-unboost|p2a: Zacian|spd|1
|move|p1a: :D longer now|Thunder Wave|p2a: Zacian
|-status|p2a: Zacian|par
|
|-weather|DesolateLand|[upkeep]
|upkeep
|turn|6
|
|t:|1627274466
|move|p1a: :D longer now|Stealth Rock|p2a: Zacian
|-sidestart|p2: Log4j|move: Stealth Rock
|cant|p2a: Zacian|par
|
|-weather|DesolateLand|[upkeep]
|upkeep
|turn|7
|
|t:|1627274472
|move|p1a: :D longer now|Precipice Blades|p2a: Zacian
|-supereffective|p2a: Zacian
|-damage|p2a: Zacian|0 fnt
|faint|p2a: Zacian
|
|-weather|DesolateLand|[upkeep]
|upkeep
|
|t:|1627274482
|switch|p2a: Ditto|Ditto|100/100
|-damage|p2a: Ditto|88/100|[from] Stealth Rock
|-transform|p2a: Ditto|p1a: :D longer now|[from] ability: Imposter
|turn|8
|
|t:|1627274485
|move|p2a: Ditto|Precipice Blades|p1a: :D longer now
|-supereffective|p1a: :D longer now
|-damage|p1a: :D longer now|0 fnt
|faint|p1a: :D longer now
|
|-weather|DesolateLand|[upkeep]
|upkeep
|
|t:|1627274487
|switch|p1a: Grimmsnarl|Grimmsnarl, M|100/100
|turn|9
|
|t:|1627274494
|move|p1a: Grimmsnarl|Reflect|p1a: Grimmsnarl
|-sidestart|p1: Mak the ZekLord|Reflect
|move|p2a: Ditto|Precipice Blades|p1a: Grimmsnarl
|-damage|p1a: Grimmsnarl|48/100
|
|-weather|DesolateLand|[upkeep]
|upkeep
|turn|10
|
|t:|1627274503
|move|p2a: Ditto|Precipice Blades|p1a: Grimmsnarl
|-damage|p1a: Grimmsnarl|0 fnt
|faint|p1a: Grimmsnarl
|
|-weather|DesolateLand|[upkeep]
|-sideend|p1: Mak the ZekLord|move: Light Screen
|upkeep
|
|t:|1627274508
|switch|p1a: Calyrex|Calyrex-Ice|100/100
|-ability|p1a: Calyrex|As One
|-ability|p1a: Calyrex|Unnerve
|turn|11
|
|t:|1627274514
|-weather|none
|switch|p2a: Ho-Oh|Ho-Oh|100/100
|move|p1a: Calyrex|Trick Room|p1a: Calyrex
|-fieldstart|move: Trick Room|[of] p1a: Calyrex
|
|upkeep
|turn|12
|
|t:|1627274518
|move|p1a: Calyrex|Swords Dance|p1a: Calyrex
|-boost|p1a: Calyrex|atk|2
|move|p2a: Ho-Oh|Defog|p1a: Calyrex
|-unboost|p1a: Calyrex|evasion|1
|-sideend|p1: Mak the ZekLord|Reflect
|-sideend|p2: Log4j|Stealth Rock|[from] move: Defog|[of] p2a: Ho-Oh
|
|upkeep
|turn|13
|
|t:|1627274528
|switch|p2a: Ditto|Ditto|88/100
|-transform|p2a: Ditto|p1a: Calyrex|[from] ability: Imposter
|move|p1a: Calyrex|Glacial Lance|p2a: Ditto
|-resisted|p2a: Ditto
|-damage|p2a: Ditto|13/100
|
|upkeep
|turn|14
|
|t:|1627274537
|switch|p2a: Groudon|Groudon|100/100
|detailschange|p2a: Groudon|Groudon-Primal
|-primal|p2a: Groudon
|-weather|DesolateLand|[from] ability: Desolate Land|[of] p2a: Groudon
|move|p1a: Calyrex|Glacial Lance|p2a: Groudon
|-damage|p2a: Groudon|25/100
|
|-weather|DesolateLand|[upkeep]
|upkeep
|turn|15
|
|t:|1627274543
|-weather|none
|switch|p2a: Yveltal|Yveltal|3/100
|-ability|p2a: Yveltal|Dark Aura
|move|p1a: Calyrex|Glacial Lance|p2a: Yveltal
|-supereffective|p2a: Yveltal
|-damage|p2a: Yveltal|0 fnt
|faint|p2a: Yveltal
|-ability|p1a: Calyrex|Chilling Neigh|boost
|-boost|p1a: Calyrex|atk|1
|
|-fieldend|move: Trick Room
|upkeep
|
|t:|1627274548
|switch|p2a: Groudon|Groudon-Primal|25/100
|-weather|DesolateLand|[from] ability: Desolate Land|[of] p2a: Groudon
|turn|16
|
|t:|1627274553
|move|p2a: Groudon|Overheat|p1a: Calyrex
|-supereffective|p1a: Calyrex
|-damage|p1a: Calyrex|0 fnt
|-unboost|p2a: Groudon|spa|2
|faint|p1a: Calyrex
|
|-weather|DesolateLand|[upkeep]
|upkeep
|
|t:|1627274559
|switch|p1a: Dark Shenron|Zekrom|100/100
|-ability|p1a: Dark Shenron|Teravolt
|turn|17
|
|t:|1627274563
|-start|p1a: Dark Shenron|Dynamax
|-heal|p1a: Dark Shenron|100/100|[silent]
|move|p1a: Dark Shenron|Max Wyrmwind|p2a: Groudon
|-damage|p2a: Groudon|0 fnt
|faint|p2a: Groudon
|-weather|none
|
|upkeep
|
|t:|1627274571
|switch|p2a: Rayquaza|Rayquaza|100/100
|-ability|p2a: Rayquaza|Air Lock
|turn|18
|
|t:|1627274580
|detailschange|p2a: Rayquaza|Rayquaza-Mega
|-mega|p2a: Rayquaza|Rayquaza|
|-weather|DeltaStream|[from] ability: Delta Stream|[of] p2a: Rayquaza
|move|p2a: Rayquaza|Dragon Ascent|p1a: Dark Shenron
|-resisted|p1a: Dark Shenron
|-damage|p1a: Dark Shenron|83/100
|-unboost|p2a: Rayquaza|def|1
|-unboost|p2a: Rayquaza|spd|1
|move|p1a: Dark Shenron|Max Wyrmwind|p2a: Rayquaza
|-supereffective|p2a: Rayquaza
|-enditem|p2a: Rayquaza|Focus Sash
|-damage|p2a: Rayquaza|1/100
|-unboost|p2a: Rayquaza|atk|1
|
|-weather|DeltaStream|[upkeep]
|-heal|p1a: Dark Shenron|86/100|[from] item: Leftovers
|upkeep
|turn|19
|
|t:|1627274587
|move|p2a: Rayquaza|Dragon Ascent|p1a: Dark Shenron
|-resisted|p1a: Dark Shenron
|-damage|p1a: Dark Shenron|73/100
|-unboost|p2a: Rayquaza|def|1
|-unboost|p2a: Rayquaza|spd|1
|move|p1a: Dark Shenron|Max Wyrmwind|p2a: Rayquaza
|-supereffective|p2a: Rayquaza
|-damage|p2a: Rayquaza|0 fnt
|faint|p2a: Rayquaza
|-weather|none
|
|-heal|p1a: Dark Shenron|76/100|[from] item: Leftovers
|-end|p1a: Dark Shenron|Dynamax
|-heal|p1a: Dark Shenron|77/100|[silent]
|upkeep
|
|t:|1627274592
|switch|p2a: Ditto|Ditto|13/100
|-transform|p2a: Ditto|p1a: Dark Shenron|[from] ability: Imposter
|-ability|p2a: Ditto|Teravolt
|turn|20
|
|t:|1627274596
|move|p2a: Ditto|Dragon Claw|p1a: Dark Shenron
|-supereffective|p1a: Dark Shenron
|-damage|p1a: Dark Shenron|3/100
|move|p1a: Dark Shenron|Dragon Claw|p2a: Ditto
|-supereffective|p2a: Ditto
|-damage|p2a: Ditto|0 fnt
|faint|p2a: Ditto
|
|-heal|p1a: Dark Shenron|9/100|[from] item: Leftovers
|upkeep
|
|t:|1627274601
|switch|p2a: Ho-Oh|Ho-Oh|100/100
|turn|21
|
|t:|1627274604
|move|p1a: Dark Shenron|Bolt Strike|p2a: Ho-Oh
|-supereffective|p2a: Ho-Oh
|-damage|p2a: Ho-Oh|0 fnt
|faint|p2a: Ho-Oh
|
|win|Mak the ZekLord
|raw|Mak the ZekLord's rating: 1868 &rarr; <strong>1894</strong><br />(+26 for winning)
|raw|Log4j's rating: 1974 &rarr; <strong>1948</strong><br />(-26 for losing)
|l|☆Mak the ZekLord
|l|☆Log4j
|l| rayquaza winner
|l| sabakan natumikan
