|j|☆Opnoob 598
|j|☆C0ld as Ice
|t:|1649853352
|gametype|singles
|player|p1|Opnoob 598|camper|
|player|p2|C0ld as Ice|schoolkid-gen4dp|
|teamsize|p1|6
|teamsize|p2|6
|gen|8
|tier|[Gen 8] National Dex AG
|rule|HP Percentage Mod: HP is shown in percentages
|rule|Endless Battle Clause: Forcing endless battles is banned
|clearpoke
|poke|p1|Arceus-*|
|poke|p1|Yveltal|
|poke|p1|Arceus-*|
|poke|p1|Marshadow|
|poke|p1|Ditto|
|poke|p1|Necrozma-Dusk-Mane|
|poke|p2|Necrozma-Dusk-Mane|
|poke|p2|Zygarde|
|poke|p2|Calyrex-Shadow|
|poke|p2|Marshadow|
|poke|p2|Xerneas-*|
|poke|p2|Skarmory, M|
|teampreview
|inactive|Battle timer is ON: inactive players will automatically lose when time's up. (requested by C0ld as Ice)
|j| Rhik
|
|t:|1649853377
|start
|switch|p1a: Yveltal|Yveltal|100/100
|switch|p2a: Skarmory|Skarmory, M|100/100
|-ability|p1a: Yveltal|Dark Aura
|turn|1
|
|t:|1649853394
|move|p1a: Yveltal|Dark Pulse|p2a: Skarmory
|-ability|p2a: Skarmory|Sturdy
|-damage|p2a: Skarmory|1/100
|-damage|p1a: Yveltal|91/100|[from] item: Life Orb
|move|p2a: Skarmory|Rock Tomb|p1a: Yveltal
|-supereffective|p1a: Yveltal
|-damage|p1a: Yveltal|58/100
|-unboost|p1a: Yveltal|spe|1
|
|upkeep
|turn|2
|l| Rhik
|
|t:|1649853422
|switch|p1a: Arceus|Arceus-Ground|100/100
|move|p2a: Skarmory|Spikes|p1a: Arceus
|-sidestart|p1: Opnoob 598|Spikes
|
|upkeep
|turn|3
|inactive|C0ld as Ice has 270 seconds left.
|
|t:|1649853457
|move|p1a: Arceus|Stealth Rock|p2a: Skarmory
|-sidestart|p2: C0ld as Ice|move: Stealth Rock
|move|p2a: Skarmory|Taunt|p1a: Arceus
|-start|p1a: Arceus|move: Taunt
|
|upkeep
|turn|4
|
|t:|1649853460
|move|p1a: Arceus|Stone Edge|p2a: Skarmory|[miss]
|-miss|p1a: Arceus|p2a: Skarmory
|move|p2a: Skarmory|Spikes|p1a: Arceus
|-sidestart|p1: Opnoob 598|Spikes
|
|upkeep
|turn|5
|
|t:|1649853462
|move|p1a: Arceus|Stone Edge|p2a: Skarmory
|-damage|p2a: Skarmory|0 fnt
|faint|p2a: Skarmory
|
|upkeep
|c|☆Opnoob 598|Ty
|c|☆Opnoob 598|I thought stone edge would miss 4 times
|c|☆Opnoob 598|First
|c|☆Opnoob 598|Then hit
|c|☆Opnoob 598|LOL
|inactive|C0ld as Ice has 270 seconds left.
|c|☆C0ld as Ice|x]
|inactive|C0ld as Ice has 240 seconds left.
|
|t:|1649853519
|switch|p2a: Xerneas|Xerneas|100/100
|-damage|p2a: Xerneas|88/100|[from] Stealth Rock
|-ability|p2a: Xerneas|Fairy Aura
|turn|6
|inactive|Opnoob 598 has 270 seconds left.
|
|t:|1649853554
|-zpower|p1a: Arceus
|move|p1a: Arceus|Tectonic Rage|p2a: Xerneas|[zeffect]
|-damage|p2a: Xerneas|12/100
|move|p2a: Xerneas|Moonblast|p1a: Arceus
|-damage|p1a: Arceus|44/100
|
|-end|p1a: Arceus|move: Taunt
|upkeep
|turn|7
|
|t:|1649853565
|move|p1a: Arceus|Earthquake|p2a: Xerneas
|-damage|p2a: Xerneas|0 fnt
|faint|p2a: Xerneas
|
|upkeep
|
|t:|1649853567
|switch|p2a: Calyrex|Calyrex-Shadow|100/100
|-ability|p2a: Calyrex|As One
|-ability|p2a: Calyrex|Unnerve
|-damage|p2a: Calyrex|88/100|[from] Stealth Rock
|turn|8
|
|t:|1649853574
|move|p2a: Calyrex|Astral Barrage|p1a: Arceus
|-damage|p1a: Arceus|0 fnt
|faint|p1a: Arceus
|-ability|p2a: Calyrex|Grim Neigh|boost
|-boost|p2a: Calyrex|spa|1
|
|upkeep
|
|t:|1649853577
|switch|p1a: Ditto|Ditto|100/100
|-damage|p1a: Ditto|84/100|[from] Spikes
|-transform|p1a: Ditto|p2a: Calyrex|[from] ability: Imposter
|turn|9
|inactive|C0ld as Ice has 270 seconds left.
|c|☆Opnoob 598|Lala
|c|☆Opnoob 598|Lalla
|c|☆Opnoob 598|Lalallala
|c|☆Opnoob 598|Lala
|c|☆Opnoob 598|Lala
|c|☆Opnoob 598|Lala
|c|☆Opnoob 598|La
|c|☆Opnoob 598|Jingle bells^^
|c|☆Opnoob 598|In the form of lalala
|c|☆Opnoob 598|:)
|c|☆Opnoob 598|:^)
|inactive|C0ld as Ice has 240 seconds left.
|
|t:|1649853625
|move|p1a: Ditto|Astral Barrage|p2a: Calyrex
|-supereffective|p2a: Calyrex
|-damage|p2a: Calyrex|0 fnt
|faint|p2a: Calyrex
|-ability|p1a: Ditto|Grim Neigh|boost
|-boost|p1a: Ditto|spa|1
|
|upkeep
|
|t:|1649853627
|switch|p2a: Marshadow|Marshadow|100/100
|-damage|p2a: Marshadow|94/100|[from] Stealth Rock
|turn|10
|c|☆C0ld as Ice|o-o
|inactive|C0ld as Ice has 240 seconds left.
|
|t:|1649853634
|move|p2a: Marshadow|Shadow Sneak|p1a: Ditto
|-supereffective|p1a: Ditto
|-damage|p1a: Ditto|0 fnt
|faint|p1a: Ditto
|
|upkeep
|
|t:|1649853638
|switch|p1a: Yveltal|Yveltal|58/100
|-ability|p1a: Yveltal|Dark Aura
|turn|11
|c|☆Opnoob 598|Since when
|c|☆Opnoob 598|Did u start
|c|☆Opnoob 598|Running shadow sneak
|c|☆Opnoob 598|On that
|inactive|C0ld as Ice has 240 seconds left.
|c|☆C0ld as Ice|Its-
|c|☆Opnoob 598|I thought it was endeavour
|c|☆Opnoob 598|..
|c|☆Opnoob 598|Custap spectral endure reversal endeavour
|c|☆Opnoob 598|Godamn it
|c|☆Opnoob 598|Nooo
|inactive|C0ld as Ice has 210 seconds left.
|c|☆Opnoob 598|My poor Ditto
|inactive|C0ld as Ice has 180 seconds left.
|c|☆Opnoob 598|Umm
|c|☆Opnoob 598|U there?
|inactive|C0ld as Ice has 150 seconds left.
|c|☆C0ld as Ice|yeah
|c|☆C0ld as Ice|mb x]
|
|t:|1649853752
|move|p2a: Marshadow|Endure|p2a: Marshadow
|-singleturn|p2a: Marshadow|move: Endure
|move|p1a: Yveltal|Oblivion Wing|p2a: Marshadow
|-supereffective|p2a: Marshadow
|-activate|p2a: Marshadow|move: Endure
|-damage|p2a: Marshadow|1/100
|-heal|p1a: Yveltal|100/100|[from] drain|[of] p2a: Marshadow
|-damage|p1a: Yveltal|91/100|[from] item: Life Orb
|
|upkeep
|turn|12
|-enditem|p2a: Marshadow|Custap Berry|[eat]
|-activate|p2a: Marshadow|item: Custap Berry|[consumed]
|
|t:|1649853757
|move|p2a: Marshadow|Shadow Sneak|p1a: Yveltal
|-resisted|p1a: Yveltal
|-damage|p1a: Yveltal|74/100
|move|p1a: Yveltal|Sucker Punch||[still]
|-fail|p1a: Yveltal
|
|upkeep
|turn|13
|
|t:|1649853762
|move|p2a: Marshadow|Shadow Sneak|p1a: Yveltal
|-resisted|p1a: Yveltal
|-damage|p1a: Yveltal|58/100
|move|p1a: Yveltal|Sucker Punch||[still]
|-fail|p1a: Yveltal
|
|upkeep
|turn|14
|
|t:|1649853767
|move|p2a: Marshadow|Shadow Sneak|p1a: Yveltal
|-resisted|p1a: Yveltal
|-damage|p1a: Yveltal|44/100
|move|p1a: Yveltal|Sucker Punch||[still]
|-fail|p1a: Yveltal
|
|upkeep
|turn|15
|
|t:|1649853773
|move|p2a: Marshadow|Reversal|p1a: Yveltal
|-damage|p1a: Yveltal|0 fnt
|faint|p1a: Yveltal
|
|upkeep
|
|t:|1649853778
|switch|p1a: Necrozma|Necrozma-Dusk-Mane|100/100
|-damage|p1a: Necrozma|84/100|[from] Spikes
|turn|16
|
|t:|1649853782
|move|p2a: Marshadow|Reversal|p1a: Necrozma
|-damage|p1a: Necrozma|27/100
|-damage|p2a: Marshadow|0 fnt|[from] item: Rocky Helmet|[of] p1a: Necrozma
|faint|p2a: Marshadow
|move|p1a: Necrozma|Sunsteel Strike|p2: Marshadow|[notarget]
|-fail|p1a: Necrozma
|
|upkeep
|
|t:|1649853784
|switch|p2a: Zygarde|Zygarde|100/100
|-damage|p2a: Zygarde|94/100|[from] Stealth Rock
|turn|17
|c|☆Opnoob 598|Completely
|c|☆Opnoob 598|Outpredicted
|
|t:|1649853797
|move|p2a: Zygarde|Dragon Dance|p2a: Zygarde
|-boost|p2a: Zygarde|atk|1
|-boost|p2a: Zygarde|spe|1
|move|p1a: Necrozma|Sunsteel Strike|p2a: Zygarde
|-damage|p2a: Zygarde|54/100
|
|upkeep
|turn|18
|inactive|C0ld as Ice has 180 seconds left.
|
|t:|1649853839
|move|p2a: Zygarde|Dragon Dance|p2a: Zygarde
|-boost|p2a: Zygarde|atk|1
|-boost|p2a: Zygarde|spe|1
|move|p1a: Necrozma|Morning Sun|p1a: Necrozma
|-heal|p1a: Necrozma|77/100
|
|upkeep
|turn|19
|
|t:|1649853845
|-start|p2a: Zygarde|Dynamax|
|-heal|p2a: Zygarde|54/100|[silent]
|-start|p1a: Necrozma|Dynamax|
|-heal|p1a: Necrozma|77/100|[silent]
|move|p2a: Zygarde|Max Quake|p1a: Necrozma
|-supereffective|p1a: Necrozma
|-damage|p1a: Necrozma|12/100
|-boost|p2a: Zygarde|spd|1
|-damage|p2a: Zygarde|50/100|[from] item: Life Orb
|move|p1a: Necrozma|Max Steelspike|p2a: Zygarde
|-damage|p2a: Zygarde|24/100
|-boost|p1a: Necrozma|def|1
|
|-activate|p2a: Zygarde|ability: Power Construct
|detailschange|p2a: Zygarde|Zygarde-Complete
|-heal|p2a: Zygarde|53/100|[silent]
|upkeep
|turn|20
|c|☆Opnoob 598|U would
|c|☆Opnoob 598|Noooo
|c|☆Opnoob 598|I should have done that earlier
|c|☆Opnoob 598|U outplay me every single time legit
|c|☆Opnoob 598|LOL
|c|☆Opnoob 598|Ggswp
|-message|Opnoob 598 forfeited.
|
|win|C0ld as Ice
|l|☆Opnoob 598
|c|☆C0ld as Ice|gg wp
