|j|☆Nihan69
|j|☆the thin mints lad
|inactive|Battle timer is ON: inactive players will automatically lose when time's up.
|t:|1664812582
|gametype|singles
|player|p1|Nihan69|ethan-pokeathlon|
|player|p2|the thin mints lad|cress|
|teamsize|p1|6
|teamsize|p2|6
|gen|8
|tier|[Gen 8] National Dex AG
|rated|Tournament battle
|rule|HP Percentage Mod: HP is shown in percentages
|rule|Endless Battle Clause: Forcing endless battles is banned
|clearpoke
|poke|p1|Weavile, M|
|poke|p1|Greninja, M|
|poke|p1|Eternatus|
|poke|p1|Rayquaza|
|poke|p1|Mewtwo|
|poke|p1|Ditto|
|poke|p2|Marshadow|
|poke|p2|Ditto|
|poke|p2|Zygarde|
|poke|p2|Murkrow, F|
|poke|p2|Eternatus|
|poke|p2|Arceus-*|
|teampreview
|inactive|Nihan69 also wants the timer to be on.
|
|t:|1664812595
|start
|switch|p1a: Greninja|Greninja, M|100/100
|switch|p2a: Arceus|Arceus-Fairy|100/100
|turn|1
|
|t:|1664812602
|move|p1a: Greninja|Water Shuriken|p2a: Arceus
|-damage|p2a: Arceus|95/100
|-damage|p2a: Arceus|89/100
|-hitcount|p2a: Arceus|2
|-damage|p1a: Greninja|91/100|[from] item: Life Orb
|move|p2a: Arceus|Stealth Rock|p1a: Greninja
|-sidestart|p1: Nihan69|move: Stealth Rock
|
|upkeep
|turn|2
|
|t:|1664812610
|move|p1a: Greninja|Surf|p2a: Arceus
|-damage|p2a: Arceus|56/100
|-damage|p1a: Greninja|81/100|[from] item: Life Orb
|move|p2a: Arceus|Judgment|p1a: Greninja
|-supereffective|p1a: Greninja
|-damage|p1a: Greninja|0 fnt
|faint|p1a: Greninja
|
|upkeep
|j| SirWaffles77
|
|t:|1664812622
|switch|p1a: Eternatus|Eternatus|100/100
|-damage|p1a: Eternatus|88/100|[from] Stealth Rock
|-ability|p1a: Eternatus|Pressure
|turn|3
|c| SirWaffles77|murkrow
|c| SirWaffles77|based
|c|☆the thin mints lad|thanks
|
|t:|1664812643
|move|p2a: Arceus|Recover|p2a: Arceus
|-heal|p2a: Arceus|100/100
|move|p1a: Eternatus|Sludge Bomb|p2a: Arceus
|-supereffective|p2a: Arceus
|-damage|p2a: Arceus|48/100
|
|-heal|p1a: Eternatus|94/100|[from] item: Black Sludge
|upkeep
|turn|4
|
|t:|1664812656
|move|p2a: Arceus|Judgment|p1a: Eternatus
|-damage|p1a: Eternatus|68/100
|move|p1a: Eternatus|Sludge Bomb|p2a: Arceus
|-supereffective|p2a: Arceus
|-damage|p2a: Arceus|0 fnt
|faint|p2a: Arceus
|
|-heal|p1a: Eternatus|74/100|[from] item: Black Sludge
|upkeep
|
|t:|1664812666
|switch|p2a: Eternatus|Eternatus|100/100
|-ability|p2a: Eternatus|Pressure
|turn|5
|
|t:|1664812676
|move|p2a: Eternatus|Dynamax Cannon|p1a: Eternatus
|-supereffective|p1a: Eternatus
|-damage|p1a: Eternatus|0 fnt
|faint|p1a: Eternatus
|-damage|p2a: Eternatus|91/100|[from] item: Life Orb
|
|upkeep
|
|t:|1664812682
|switch|p1a: Mewtwo|Mewtwo|100/100
|-damage|p1a: Mewtwo|88/100|[from] Stealth Rock
|-ability|p1a: Mewtwo|Pressure
|turn|6
|
|t:|1664812690
|switch|p2a: smeargle hater|Murkrow, F|100/100
|detailschange|p1a: Mewtwo|Mewtwo-Mega-Y
|-mega|p1a: Mewtwo|Mewtwo|Mewtwonite Y
|move|p1a: Mewtwo|Psystrike|p2a: smeargle hater
|-immune|p2a: smeargle hater
|
|upkeep
|turn|7
|
|t:|1664812697
|move|p1a: Mewtwo|Ice Beam|p2a: smeargle hater
|-supereffective|p2a: smeargle hater
|-damage|p2a: smeargle hater|32/100
|move|p2a: smeargle hater|Foul Play|p1a: Mewtwo
|-supereffective|p1a: Mewtwo
|-damage|p1a: Mewtwo|0 fnt
|faint|p1a: Mewtwo
|
|upkeep
|c| SirWaffles77|LOL
|
|t:|1664812705
|switch|p1a: Rayquaza|Rayquaza|100/100
|-damage|p1a: Rayquaza|76/100|[from] Stealth Rock
|-ability|p1a: Rayquaza|Air Lock
|turn|8
|c|☆the thin mints lad|murkrow op asf
|c| SirWaffles77|murkrow new meta
|
|t:|1664812718
|switch|p2a: 10 literal dogs|Zygarde|100/100
|move|p1a: Rayquaza|Dragon Claw|p2a: 10 literal dogs
|-supereffective|p2a: 10 literal dogs
|-damage|p2a: 10 literal dogs|49/100
|-damage|p1a: Rayquaza|59/100|[from] item: Rocky Helmet|[of] p2a: 10 literal dogs
|
|-activate|p2a: 10 literal dogs|ability: Power Construct
|detailschange|p2a: 10 literal dogs|Zygarde-Complete
|-heal|p2a: 10 literal dogs|66/100|[silent]
|upkeep
|turn|9
|c|☆the thin mints lad|oh
|
|t:|1664812731
|-start|p1a: Rayquaza|Dynamax|
|-heal|p1a: Rayquaza|59/100|[silent]
|move|p1a: Rayquaza|Max Wyrmwind|p2a: 10 literal dogs
|-supereffective|p2a: 10 literal dogs
|-damage|p2a: 10 literal dogs|7/100
|-unboost|p2a: 10 literal dogs|atk|1
|move|p2a: 10 literal dogs|Glare|p1a: Rayquaza
|-status|p1a: Rayquaza|par
|
|upkeep
|turn|10
|
|t:|1664812745
|move|p2a: 10 literal dogs|Rest|p2a: 10 literal dogs
|-status|p2a: 10 literal dogs|slp|[from] move: Rest
|-heal|p2a: 10 literal dogs|100/100 slp|[silent]
|cant|p1a: Rayquaza|par
|
|upkeep
|turn|11
|
|t:|1664812753
|cant|p2a: 10 literal dogs|slp
|move|p1a: Rayquaza|Max Wyrmwind|p2a: 10 literal dogs
|-supereffective|p2a: 10 literal dogs
|-damage|p2a: 10 literal dogs|42/100 slp
|-unboost|p2a: 10 literal dogs|atk|1
|
|upkeep
|-end|p1a: Rayquaza|Dynamax
|-heal|p1a: Rayquaza|59/100 par|[silent]
|turn|12
|
|t:|1664812769
|cant|p2a: 10 literal dogs|slp
|move|p1a: Rayquaza|Dragon Dance|p1a: Rayquaza
|-boost|p1a: Rayquaza|atk|1
|-boost|p1a: Rayquaza|spe|1
|
|upkeep
|turn|13
|
|t:|1664812776
|cant|p1a: Rayquaza|par
|-curestatus|p2a: 10 literal dogs|slp|[msg]
|move|p2a: 10 literal dogs|Thousand Arrows|p1a: Rayquaza
|-damage|p1a: Rayquaza|41/100 par
|-start|p1a: Rayquaza|Smack Down
|
|upkeep
|turn|14
|c|☆Nihan69|Bruh
|c|☆the thin mints lad|come on
|
|t:|1664812792
|move|p1a: Rayquaza|Dragon Ascent|p2a: 10 literal dogs
|-damage|p2a: 10 literal dogs|5/100
|-unboost|p1a: Rayquaza|def|1
|-unboost|p1a: Rayquaza|spd|1
|-damage|p1a: Rayquaza|24/100 par|[from] item: Rocky Helmet|[of] p2a: 10 literal dogs
|move|p2a: 10 literal dogs|Thousand Arrows|p1a: Rayquaza
|-damage|p1a: Rayquaza|1/100 par
|
|upkeep
|turn|15
|c|☆the thin mints lad|i just want a safe switch
|
|t:|1664812807
|move|p1a: Rayquaza|Earthquake|p2a: 10 literal dogs
|-damage|p2a: 10 literal dogs|0 fnt
|faint|p2a: 10 literal dogs
|
|upkeep
|
|t:|1664812812
|switch|p2a: smeargle hater|Murkrow, F|32/100
|turn|16
|
|t:|1664812823
|move|p2a: smeargle hater|Tailwind|p2a: smeargle hater
|-sidestart|p2: the thin mints lad|move: Tailwind
|move|p1a: Rayquaza|Dragon Ascent|p2a: smeargle hater
|-damage|p2a: smeargle hater|0 fnt
|-unboost|p1a: Rayquaza|def|1
|-unboost|p1a: Rayquaza|spd|1
|faint|p2a: smeargle hater
|
|upkeep
|
|t:|1664812826
|switch|p2a: Yoinker|Marshadow|100/100
|turn|17
|
|t:|1664812839
|switch|p1a: Weavile|Weavile, M|100/100
|-damage|p1a: Weavile|76/100|[from] Stealth Rock
|-ability|p1a: Weavile|Pressure
|move|p2a: Yoinker|Shadow Sneak|p1a: Weavile
|-resisted|p1a: Weavile
|-damage|p1a: Weavile|35/100
|
|upkeep
|turn|18
|c|☆the thin mints lad|no escaping it
|
|t:|1664812856
|move|p2a: Yoinker|Shadow Sneak|p1a: Weavile
|-resisted|p1a: Weavile
|-damage|p1a: Weavile|0 fnt
|faint|p1a: Weavile
|
|upkeep
|
|t:|1664812860
|switch|p1a: Ditto|Ditto|100/100
|-damage|p1a: Ditto|88/100|[from] Stealth Rock
|-transform|p1a: Ditto|p2a: Yoinker|[from] ability: Imposter
|turn|19
|
|t:|1664812867
|move|p2a: Yoinker|Shadow Sneak|p1a: Ditto
|-supereffective|p1a: Ditto
|-damage|p1a: Ditto|0 fnt
|faint|p1a: Ditto
|
|-sideend|p2: the thin mints lad|move: Tailwind
|upkeep
|
|t:|1664812872
|switch|p1a: Rayquaza|Rayquaza|1/100 par
|-damage|p1a: Rayquaza|0 fnt|[from] Stealth Rock
|faint|p1a: Rayquaza
|
|win|the thin mints lad
|n|☆Nihan69|nihan69
|n|☆the thin mints lad|thethinmintslad
|n| SirWaffles77|sirwaffles77
|c|☆the thin mints lad|ggs
|c|☆Nihan69|Gg
|l|☆the thin mints lad
|c| SirWaffles77|murkrow carry
|l|☆Nihan69
|l| SirWaffles77
|j|☆the thin mints lad
|player|p2|the thin mints lad|cress
|l|☆the thin mints lad
|player|p2|
|j|☆the thin mints lad
|player|p2|the thin mints lad|cress
