|j|☆pologizephichi
|j|☆SpookyMareep
|t:|1665553222
|gametype|singles
|player|p1|pologizephichi|volkner|1554
|player|p2|SpookyMareep|scientistf|1572
|teamsize|p1|6
|teamsize|p2|6
|gen|8
|tier|[Gen 8] National Dex AG
|rated|
|rule|HP Percentage Mod: HP is shown in percentages
|rule|Endless Battle Clause: Forcing endless battles is banned
|clearpoke
|poke|p1|Zacian-*|
|poke|p1|Rayquaza|
|poke|p1|Ditto|
|poke|p1|Groudon|
|poke|p1|Xerneas-*|
|poke|p1|Lugia|
|poke|p2|Ditto|
|poke|p2|Marshadow|
|poke|p2|Toxapex, F|
|poke|p2|Shedinja|
|poke|p2|Quagsire, F|
|poke|p2|Landorus-Therian, M|
|teampreview
|
|t:|1665553225
|start
|switch|p1a: Groudon|Groudon, shiny|100/100
|switch|p2a: >1440 ELO TEAM|Landorus-Therian, M|100/100
|-ability|p2a: >1440 ELO TEAM|Intimidate|boost
|-unboost|p1a: Groudon|atk|1
|detailschange|p1a: Groudon|Groudon-Primal, shiny
|-primal|p1a: Groudon
|-weather|DesolateLand|[from] ability: Desolate Land|[of] p1a: Groudon
|turn|1
|inactive|Battle timer is ON: inactive players will automatically lose when time's up. (requested by pologizephichi)
|c|☆pologizephichi|glhf
|
|t:|1665553234
|move|p2a: >1440 ELO TEAM|Earthquake|p1a: Groudon
|-supereffective|p1a: Groudon
|-damage|p1a: Groudon|33/100
|move|p1a: Groudon|Roar|p2a: >1440 ELO TEAM
|drag|p2a: Yakuza.|Shedinja|100/100
|
|-weather|DesolateLand|[upkeep]
|upkeep
|turn|2
|
|t:|1665553243
|switch|p2a: >1440 ELO TEAM|Landorus-Therian, M|100/100
|-ability|p2a: >1440 ELO TEAM|Intimidate|boost
|-unboost|p1a: Groudon|atk|1
|move|p1a: Groudon|Stone Edge|p2a: >1440 ELO TEAM
|-damage|p2a: >1440 ELO TEAM|70/100
|
|-weather|DesolateLand|[upkeep]
|upkeep
|turn|3
|
|t:|1665553249
|move|p2a: >1440 ELO TEAM|Stealth Rock|p1a: Groudon
|-sidestart|p1: pologizephichi|move: Stealth Rock
|move|p1a: Groudon|Stealth Rock|p2a: >1440 ELO TEAM
|-sidestart|p2: SpookyMareep|move: Stealth Rock
|
|-weather|DesolateLand|[upkeep]
|upkeep
|turn|4
|
|t:|1665553253
|move|p2a: >1440 ELO TEAM|Defog|p1a: Groudon
|-unboost|p1a: Groudon|evasion|1
|-sideend|p1: pologizephichi|Stealth Rock|[from] move: Defog|[of] p2a: >1440 ELO TEAM
|-sideend|p2: SpookyMareep|Stealth Rock|[from] move: Defog|[of] p2a: >1440 ELO TEAM
|move|p1a: Groudon|Stone Edge|p2a: >1440 ELO TEAM
|-damage|p2a: >1440 ELO TEAM|43/100
|
|-weather|DesolateLand|[upkeep]
|upkeep
|turn|5
|
|t:|1665553259
|move|p2a: >1440 ELO TEAM|Earthquake|p1a: Groudon
|-supereffective|p1a: Groudon
|-damage|p1a: Groudon|0 fnt
|faint|p1a: Groudon
|-weather|none
|
|upkeep
|
|t:|1665553265
|switch|p1a: Lugia|Lugia, shiny|100/100
|turn|6
|
|t:|1665553270
|switch|p2a: Yakuza|Toxapex, F|100/100
|move|p1a: Lugia|Toxic|p2a: Yakuza
|-immune|p2a: Yakuza
|
|upkeep
|turn|7
|
|t:|1665553277
|switch|p1a: Xerneas|Xerneas, shiny|100/100
|-ability|p1a: Xerneas|Fairy Aura
|move|p2a: Yakuza|Toxic|p1a: Xerneas
|-status|p1a: Xerneas|tox
|
|-damage|p1a: Xerneas|94/100 tox|[from] psn
|upkeep
|turn|8
|
|t:|1665553289
|move|p1a: Xerneas|Geomancy||[still]
|-prepare|p1a: Xerneas|Geomancy
|-enditem|p1a: Xerneas|Power Herb
|-anim|p1a: Xerneas|Geomancy|p1a: Xerneas
|-boost|p1a: Xerneas|spa|2
|-boost|p1a: Xerneas|spd|2
|-boost|p1a: Xerneas|spe|2
|move|p2a: Yakuza|Toxic Spikes|p1a: Xerneas
|-sidestart|p1: pologizephichi|move: Toxic Spikes
|
|-damage|p1a: Xerneas|82/100 tox|[from] psn
|upkeep
|turn|9
|
|t:|1665553297
|switch|p2a: Yakuza.|Shedinja|100/100
|move|p1a: Xerneas|Thunder|p2a: Yakuza.
|-immune|p2a: Yakuza.|[from] ability: Wonder Guard
|
|-damage|p1a: Xerneas|64/100 tox|[from] psn
|upkeep
|turn|10
|
|t:|1665553304
|switch|p2a: Yakuza|Toxapex, F|100/100
|move|p1a: Xerneas|Thunder|p2a: Yakuza
|-supereffective|p2a: Yakuza
|-damage|p2a: Yakuza|0 fnt
|faint|p2a: Yakuza
|
|-damage|p1a: Xerneas|39/100 tox|[from] psn
|upkeep
|
|t:|1665553310
|switch|p2a: Yakuza.|Shedinja|100/100
|turn|11
|
|t:|1665553320
|-start|p1a: Xerneas|Dynamax|
|-heal|p1a: Xerneas|39/100 tox|[silent]
|move|p2a: Yakuza.|Shadow Sneak|p1a: Xerneas
|-crit|p1a: Xerneas
|-damage|p1a: Xerneas|28/100 tox
|move|p1a: Xerneas|Max Flare|p2a: Yakuza.
|-supereffective|p2a: Yakuza.
|-enditem|p2a: Yakuza.|Focus Sash
|-damage|p2a: Yakuza.|100/100
|-weather|SunnyDay
|
|-weather|SunnyDay|[upkeep]
|-damage|p1a: Xerneas|12/100 tox|[from] psn
|upkeep
|turn|12
|
|t:|1665553332
|move|p2a: Yakuza.|Shadow Sneak|p1a: Xerneas
|-damage|p1a: Xerneas|5/100 tox
|move|p1a: Xerneas|Max Flare|p2a: Yakuza.
|-supereffective|p2a: Yakuza.
|-damage|p2a: Yakuza.|0 fnt
|faint|p2a: Yakuza.
|
|-weather|SunnyDay|[upkeep]
|-damage|p1a: Xerneas|0 fnt|[from] psn
|faint|p1a: Xerneas
|upkeep
|
|t:|1665553341
|switch|p1a: Lugia|Lugia, shiny|100/100
|switch|p2a: SpookyMareep(YT)|Marshadow|100/100
|turn|13
|
|t:|1665553346
|move|p2a: SpookyMareep(YT)|Spectral Thief|p1a: Lugia
|-supereffective|p1a: Lugia
|-damage|p1a: Lugia|70/100
|-damage|p2a: SpookyMareep(YT)|91/100|[from] item: Life Orb
|move|p1a: Lugia|Toxic|p2a: SpookyMareep(YT)
|-status|p2a: SpookyMareep(YT)|tox
|
|-weather|SunnyDay|[upkeep]
|-damage|p2a: SpookyMareep(YT)|84/100 tox|[from] psn
|upkeep
|turn|14
|
|t:|1665553358
|-start|p2a: SpookyMareep(YT)|Dynamax|
|-heal|p2a: SpookyMareep(YT)|84/100 tox|[silent]
|move|p2a: SpookyMareep(YT)|Max Phantasm|p1a: Lugia
|-supereffective|p1a: Lugia
|-damage|p1a: Lugia|0 fnt
|faint|p1a: Lugia
|-damage|p2a: SpookyMareep(YT)|79/100 tox|[from] item: Life Orb
|
|-weather|SunnyDay|[upkeep]
|-damage|p2a: SpookyMareep(YT)|73/100 tox|[from] psn
|upkeep
|inactive|pologizephichi has 120 seconds left.
|
|t:|1665553385
|switch|p1a: Ditto|Ditto, shiny|100/100
|-status|p1a: Ditto|psn
|-transform|p1a: Ditto|p2a: SpookyMareep(YT)|[from] ability: Imposter
|turn|15
|inactive|pologizephichi has 120 seconds left.
|
|t:|1665553397
|-end|p2a: SpookyMareep(YT)|Dynamax
|-heal|p2a: SpookyMareep(YT)|73/100 tox|[silent]
|switch|p2a: Zacian! Wait STOP!|Ditto|100/100
|move|p1a: Ditto|Spectral Thief|p2a: Zacian! Wait STOP!
|-immune|p2a: Zacian! Wait STOP!
|
|-weather|none
|-damage|p1a: Ditto|88/100 psn|[from] psn
|upkeep
|turn|16
|inactive|pologizephichi has 120 seconds left.
|
|t:|1665553408
|switch|p1a: Zacian|Zacian-Crowned, shiny|100/100
|-ability|p1a: Zacian|Intrepid Sword|boost
|-boost|p1a: Zacian|atk|1
|move|p2a: Zacian! Wait STOP!|Transform|p1a: Zacian
|-transform|p2a: Zacian! Wait STOP!|p1a: Zacian
|-ability|p2a: Zacian! Wait STOP!|Intrepid Sword|boost
|-boost|p2a: Zacian! Wait STOP!|atk|1
|
|upkeep
|turn|17
|inactive|pologizephichi has 120 seconds left.
|
|t:|1665553420
|switch|p1a: Ditto|Ditto, shiny|88/100 psn
|move|p2a: Zacian! Wait STOP!|Behemoth Blade|p1a: Ditto
|-crit|p1a: Ditto
|-damage|p1a: Ditto|0 fnt
|faint|p1a: Ditto
|
|upkeep
|inactive|pologizephichi has 120 seconds left.
|
|t:|1665553427
|switch|p1a: Zacian|Zacian-Crowned, shiny|100/100
|-ability|p1a: Zacian|Intrepid Sword|boost
|-boost|p1a: Zacian|atk|1
|turn|18
|
|t:|1665553433
|move|p2a: Zacian! Wait STOP!|Behemoth Blade|p1a: Zacian
|-damage|p1a: Zacian|6/100
|move|p1a: Zacian|Behemoth Blade|p2a: Zacian! Wait STOP!
|-damage|p2a: Zacian! Wait STOP!|0 fnt
|faint|p2a: Zacian! Wait STOP!
|
|upkeep
|
|t:|1665553436
|switch|p2a: SpookyMareep(YT)|Marshadow|73/100 tox
|turn|19
|
|t:|1665553442
|move|p2a: SpookyMareep(YT)|Shadow Sneak|p1a: Zacian
|-damage|p1a: Zacian|0 fnt
|faint|p1a: Zacian
|-damage|p2a: SpookyMareep(YT)|63/100 tox|[from] item: Life Orb
|
|-damage|p2a: SpookyMareep(YT)|57/100 tox|[from] psn
|upkeep
|
|t:|1665553448
|switch|p1a: Rayquaza|Rayquaza|100/100
|-ability|p1a: Rayquaza|Air Lock
|turn|20
|j| D→luxe
|
|t:|1665553462
|detailschange|p1a: Rayquaza|Rayquaza-Mega
|-mega|p1a: Rayquaza|Rayquaza|
|-weather|DeltaStream|[from] ability: Delta Stream|[of] p1a: Rayquaza
|move|p2a: SpookyMareep(YT)|Ice Punch|p1a: Rayquaza
|-activate||deltastream
|-supereffective|p1a: Rayquaza
|-damage|p1a: Rayquaza|38/100
|-damage|p2a: SpookyMareep(YT)|47/100 tox|[from] item: Life Orb
|move|p1a: Rayquaza|Dragon Ascent|p2a: SpookyMareep(YT)
|-supereffective|p2a: SpookyMareep(YT)
|-damage|p2a: SpookyMareep(YT)|0 fnt
|-unboost|p1a: Rayquaza|def|1
|-unboost|p1a: Rayquaza|spd|1
|faint|p2a: SpookyMareep(YT)
|-damage|p1a: Rayquaza|28/100|[from] item: Life Orb
|
|-weather|DeltaStream|[upkeep]
|upkeep
|
|t:|1665553470
|switch|p2a: >1440 ELO TEAM|Landorus-Therian, M|43/100
|-ability|p2a: >1440 ELO TEAM|Intimidate|boost
|-unboost|p1a: Rayquaza|atk|1
|turn|21
|
|t:|1665553493
|switch|p2a: :)|Quagsire, F|100/100
|move|p1a: Rayquaza|Dragon Ascent|p2a: :)
|-damage|p2a: :)|28/100
|-unboost|p1a: Rayquaza|def|1
|-unboost|p1a: Rayquaza|spd|1
|-damage|p1a: Rayquaza|12/100|[from] item: Rocky Helmet|[of] p2a: :)
|-damage|p1a: Rayquaza|2/100|[from] item: Life Orb
|
|-weather|DeltaStream|[upkeep]
|upkeep
|turn|22
|
|t:|1665553504
|move|p1a: Rayquaza|Dragon Ascent|p2a: :)
|-damage|p2a: :)|0 fnt
|-unboost|p1a: Rayquaza|def|1
|-unboost|p1a: Rayquaza|spd|1
|-damage|p1a: Rayquaza|0 fnt|[from] item: Rocky Helmet|[of] p2a: :)
|faint|p2a: :)
|faint|p1a: Rayquaza
|-weather|none
|
|win|SpookyMareep
|raw|pologizephichi's rating: 1554 &rarr; <strong>1534</strong><br />(-20 for losing)
|raw|SpookyMareep's rating: 1556 &rarr; <strong>1576</strong><br />(+20 for winning)
|c|☆pologizephichi|ggwp
|l|☆pologizephichi
|c|☆SpookyMareep|wp
