|j|☆thicsucttv
|j|☆DJ Phoenix da Poet
|t:|1665476017
|gametype|singles
|player|p1|thicsucttv|170|1840
|player|p2|DJ Phoenix da Poet|102|1771
|teamsize|p1|6
|teamsize|p2|6
|gen|8
|tier|[Gen 8] National Dex AG
|rated|
|rule|HP Percentage Mod: HP is shown in percentages
|rule|Endless Battle Clause: Forcing endless battles is banned
|clearpoke
|poke|p1|Tyranitar, M|
|poke|p1|Marshadow|
|poke|p1|Yveltal|
|poke|p1|Necrozma-Dusk-Mane|
|poke|p1|Ditto|
|poke|p1|Lucario, F|
|poke|p2|Groudon|
|poke|p2|Zacian-*|
|poke|p2|Ditto|
|poke|p2|Calyrex-Shadow|
|poke|p2|Necrozma-Dusk-Mane|
|poke|p2|Yveltal|
|teampreview
|inactive|Battle timer is ON: inactive players will automatically lose when time's up. (requested by thicsucttv)
|
|t:|1665476043
|start
|switch|p1a: Lucario|Lucario, F|100/100
|switch|p2a: Zacian|Zacian-Crowned|100/100
|-ability|p2a: Zacian|Intrepid Sword|boost
|-boost|p2a: Zacian|atk|1
|turn|1
|
|t:|1665476053
|detailschange|p1a: Lucario|Lucario-Mega, F
|-mega|p1a: Lucario|Lucario|Lucarionite
|move|p2a: Zacian|Sacred Sword|p1a: Lucario
|-supereffective|p1a: Lucario
|-damage|p1a: Lucario|0 fnt
|faint|p1a: Lucario
|
|upkeep
|
|t:|1665476062
|switch|p1a: Ditto|Ditto|100/100
|-transform|p1a: Ditto|p2a: Zacian|[from] ability: Imposter
|-ability|p1a: Ditto|Intrepid Sword|boost
|-boost|p1a: Ditto|atk|1
|turn|2
|
|t:|1665476074
|switch|p2a: Necrozma|Necrozma-Dusk-Mane|100/100
|move|p1a: Ditto|Behemoth Blade|p2a: Necrozma
|-resisted|p2a: Necrozma
|-damage|p2a: Necrozma|66/100
|-damage|p1a: Ditto|84/100|[from] item: Rocky Helmet|[of] p2a: Necrozma
|
|upkeep
|turn|3
|
|t:|1665476088
|switch|p1a: Yveltal|Yveltal|100/100
|-ability|p1a: Yveltal|Dark Aura
|move|p2a: Necrozma|Knock Off|p1a: Yveltal
|-resisted|p1a: Yveltal
|-damage|p1a: Yveltal|79/100
|-enditem|p1a: Yveltal|Life Orb|[from] move: Knock Off|[of] p2a: Necrozma
|
|upkeep
|turn|4
|
|t:|1665476098
|move|p1a: Yveltal|Knock Off|p2a: Necrozma
|-supereffective|p2a: Necrozma
|-damage|p2a: Necrozma|6/100
|-damage|p1a: Yveltal|62/100|[from] item: Rocky Helmet|[of] p2a: Necrozma
|-enditem|p2a: Necrozma|Rocky Helmet|[from] move: Knock Off|[of] p1a: Yveltal
|move|p2a: Necrozma|Morning Sun|p2a: Necrozma
|-heal|p2a: Necrozma|56/100
|
|upkeep
|turn|5
|
|t:|1665476116
|switch|p2a: Zacian|Zacian-Crowned|100/100
|-ability|p2a: Zacian|Intrepid Sword|boost
|-boost|p2a: Zacian|atk|1
|move|p1a: Yveltal|Knock Off|p2a: Zacian
|-resisted|p2a: Zacian
|-damage|p2a: Zacian|77/100
|
|upkeep
|turn|6
|
|t:|1665476125
|switch|p1a: Necrozma|Necrozma-Dusk-Mane|100/100
|move|p2a: Zacian|Behemoth Blade|p1a: Necrozma
|-resisted|p1a: Necrozma
|-damage|p1a: Necrozma|60/100
|
|upkeep
|turn|7
|
|t:|1665476135
|switch|p2a: Groudon|Groudon|100/100
|detailschange|p2a: Groudon|Groudon-Primal
|-primal|p2a: Groudon
|-weather|DesolateLand|[from] ability: Desolate Land|[of] p2a: Groudon
|detailschange|p1a: Necrozma|Necrozma-Ultra
|-burst|p1a: Necrozma|Necrozma|Ultranecrozium Z
|move|p1a: Necrozma|Earthquake|p2a: Groudon
|-supereffective|p2a: Groudon
|-damage|p2a: Groudon|37/100
|
|-weather|DesolateLand|[upkeep]
|upkeep
|turn|8
|
|t:|1665476158
|move|p1a: Necrozma|Substitute|p1a: Necrozma
|-start|p1a: Necrozma|Substitute
|-damage|p1a: Necrozma|35/100
|move|p2a: Groudon|Rock Polish|p2a: Groudon
|-boost|p2a: Groudon|spe|2
|
|-weather|DesolateLand|[upkeep]
|upkeep
|turn|9
|
|t:|1665476165
|move|p2a: Groudon|Earthquake|p1a: Necrozma
|-end|p1a: Necrozma|Substitute
|move|p1a: Necrozma|Earthquake|p2a: Groudon
|-supereffective|p2a: Groudon
|-damage|p2a: Groudon|0 fnt
|faint|p2a: Groudon
|-weather|none
|
|upkeep
|
|t:|1665476174
|switch|p2a: Yveltal|Yveltal|100/100
|-ability|p2a: Yveltal|Dark Aura
|turn|10
|
|t:|1665476179
|move|p1a: Necrozma|Substitute|p1a: Necrozma
|-start|p1a: Necrozma|Substitute
|-damage|p1a: Necrozma|10/100
|move|p2a: Yveltal|Dark Pulse|p1a: Necrozma
|-supereffective|p1a: Necrozma
|-end|p1a: Necrozma|Substitute
|-damage|p2a: Yveltal|91/100|[from] item: Life Orb
|
|upkeep
|turn|11
|
|t:|1665476192
|move|p1a: Necrozma|Stone Edge|p2a: Yveltal
|-supereffective|p2a: Yveltal
|-damage|p2a: Yveltal|5/100
|move|p2a: Yveltal|Dark Pulse|p1a: Necrozma
|-supereffective|p1a: Necrozma
|-damage|p1a: Necrozma|0 fnt
|faint|p1a: Necrozma
|-damage|p2a: Yveltal|0 fnt|[from] item: Life Orb
|faint|p2a: Yveltal
|
|upkeep
|
|t:|1665476216
|switch|p1a: Ditto|Ditto|84/100
|switch|p2a: Necrozma|Necrozma-Dusk-Mane|56/100
|-transform|p1a: Ditto|p2a: Necrozma|[from] ability: Imposter
|turn|12
|
|t:|1665476229
|switch|p1a: Tyranitar|Tyranitar, M|100/100
|-weather|Sandstorm|[from] ability: Sand Stream|[of] p1a: Tyranitar
|move|p2a: Necrozma|Morning Sun|p2a: Necrozma
|-heal|p2a: Necrozma|81/100
|
|-weather|Sandstorm|[upkeep]
|upkeep
|turn|13
|inactive|thicsucttv has 120 seconds left.
|
|t:|1665476251
|move|p2a: Necrozma|Sunsteel Strike|p1a: Tyranitar
|-supereffective|p1a: Tyranitar
|-damage|p1a: Tyranitar|17/100
|move|p1a: Tyranitar|Stealth Rock|p2a: Necrozma
|-sidestart|p2: DJ Phoenix da Poet|move: Stealth Rock
|
|-weather|Sandstorm|[upkeep]
|-heal|p1a: Tyranitar|23/100|[from] item: Leftovers
|upkeep
|turn|14
|inactive|thicsucttv has 120 seconds left.
|
|t:|1665476262
|move|p2a: Necrozma|Sunsteel Strike|p1a: Tyranitar
|-supereffective|p1a: Tyranitar
|-damage|p1a: Tyranitar|0 fnt
|faint|p1a: Tyranitar
|
|-weather|Sandstorm|[upkeep]
|upkeep
|inactive|thicsucttv has 120 seconds left.
|
|t:|1665476270
|switch|p1a: Yveltal|Yveltal|62/100
|-ability|p1a: Yveltal|Dark Aura
|turn|15
|
|t:|1665476275
|switch|p2a: Zacian|Zacian-Crowned|77/100
|-damage|p2a: Zacian|71/100|[from] Stealth Rock
|-ability|p2a: Zacian|Intrepid Sword|boost
|-boost|p2a: Zacian|atk|1
|move|p1a: Yveltal|Knock Off|p2a: Zacian
|-resisted|p2a: Zacian
|-damage|p2a: Zacian|47/100
|
|-weather|Sandstorm|[upkeep]
|-damage|p1a: Yveltal|56/100|[from] Sandstorm
|upkeep
|turn|16
|
|t:|1665476287
|move|p1a: Yveltal|Sucker Punch|p2a: Zacian
|-resisted|p2a: Zacian
|-damage|p2a: Zacian|23/100
|move|p2a: Zacian|Behemoth Blade|p1a: Yveltal
|-damage|p1a: Yveltal|0 fnt
|faint|p1a: Yveltal
|
|-weather|none
|upkeep
|
|t:|1665476298
|switch|p1a: Ditto|Ditto|84/100
|-transform|p1a: Ditto|p2a: Zacian|[from] ability: Imposter
|-ability|p1a: Ditto|Intrepid Sword|boost
|-boost|p1a: Ditto|atk|1
|turn|17
|
|t:|1665476312
|move|p1a: Ditto|Behemoth Blade|p2a: Zacian
|-damage|p2a: Zacian|0 fnt
|faint|p2a: Zacian
|
|upkeep
|
|t:|1665476315
|switch|p2a: Necrozma|Necrozma-Dusk-Mane|81/100
|-damage|p2a: Necrozma|75/100|[from] Stealth Rock
|turn|18
|
|t:|1665476321
|move|p1a: Ditto|Behemoth Blade|p2a: Necrozma
|-resisted|p2a: Necrozma
|-damage|p2a: Necrozma|41/100
|move|p2a: Necrozma|Thunder Wave|p1a: Ditto
|-status|p1a: Ditto|par
|
|upkeep
|turn|19
|
|t:|1665476331
|cant|p1a: Ditto|par
|move|p2a: Necrozma|Morning Sun|p2a: Necrozma
|-heal|p2a: Necrozma|91/100
|
|upkeep
|turn|20
|c|☆thicsucttv|My guy
|
|t:|1665476344
|move|p1a: Ditto|Behemoth Blade|p2a: Necrozma
|-resisted|p2a: Necrozma
|-damage|p2a: Necrozma|55/100
|move|p2a: Necrozma|Knock Off|p1a: Ditto
|-resisted|p1a: Ditto
|-damage|p1a: Ditto|61/100 par
|-enditem|p1a: Ditto|Choice Scarf|[from] move: Knock Off|[of] p2a: Necrozma
|
|upkeep
|turn|21
|
|t:|1665476353
|move|p1a: Ditto|Sacred Sword|p2a: Necrozma
|-damage|p2a: Necrozma|14/100
|move|p2a: Necrozma|Morning Sun|p2a: Necrozma
|-heal|p2a: Necrozma|64/100
|
|upkeep
|turn|22
|
|t:|1665476362
|switch|p2a: Calyrex|Calyrex-Shadow|100/100
|-ability|p2a: Calyrex|As One
|-ability|p2a: Calyrex|Unnerve
|-damage|p2a: Calyrex|88/100|[from] Stealth Rock
|move|p1a: Ditto|Play Rough|p2a: Calyrex
|-damage|p2a: Calyrex|0 fnt
|faint|p2a: Calyrex
|
|upkeep
|
|t:|1665476368
|switch|p2a: Necrozma|Necrozma-Dusk-Mane|64/100
|-damage|p2a: Necrozma|58/100|[from] Stealth Rock
|turn|23
|
|t:|1665476379
|move|p1a: Ditto|Play Rough|p2a: Necrozma
|-resisted|p2a: Necrozma
|-damage|p2a: Necrozma|25/100
|move|p2a: Necrozma|Morning Sun|p2a: Necrozma
|-heal|p2a: Necrozma|75/100
|
|upkeep
|turn|24
|
|t:|1665476387
|move|p1a: Ditto|Play Rough|p2a: Necrozma
|-resisted|p2a: Necrozma
|-damage|p2a: Necrozma|40/100
|move|p2a: Necrozma|Morning Sun|p2a: Necrozma
|-heal|p2a: Necrozma|90/100
|
|upkeep
|turn|25
|
|t:|1665476394
|cant|p1a: Ditto|par
|move|p2a: Necrozma|Sunsteel Strike|p1a: Ditto
|-damage|p1a: Ditto|0 fnt
|faint|p1a: Ditto
|
|upkeep
|
|t:|1665476404
|switch|p1a: Marshadow|Marshadow|100/100
|turn|26
|
|t:|1665476420
|-start|p1a: Marshadow|Dynamax|
|-heal|p1a: Marshadow|100/100|[silent]
|-start|p2a: Necrozma|Dynamax|
|-heal|p2a: Necrozma|90/100|[silent]
|move|p1a: Marshadow|Max Phantasm|p2a: Necrozma
|-supereffective|p2a: Necrozma
|-damage|p2a: Necrozma|54/100
|-unboost|p2a: Necrozma|def|1
|-damage|p1a: Marshadow|96/100|[from] item: Life Orb
|move|p2a: Necrozma|Max Steelspike|p1a: Marshadow
|-damage|p1a: Marshadow|50/100
|-boost|p2a: Necrozma|def|1
|
|upkeep
|turn|27
|c|☆thicsucttv|Amazing luck
|
|t:|1665476436
|move|p1a: Marshadow|Max Phantasm|p2a: Necrozma
|-supereffective|p2a: Necrozma
|-damage|p2a: Necrozma|15/100
|-unboost|p2a: Necrozma|def|1
|-damage|p1a: Marshadow|46/100|[from] item: Life Orb
|move|p2a: Necrozma|Max Darkness|p1a: Marshadow
|-damage|p1a: Marshadow|18/100
|-unboost|p1a: Marshadow|spd|1
|
|upkeep
|turn|28
|c|☆DJ Phoenix da Poet|:/
|
|t:|1665476449
|move|p1a: Marshadow|Max Phantasm|p2a: Necrozma
|-supereffective|p2a: Necrozma
|-crit|p2a: Necrozma
|-damage|p2a: Necrozma|0 fnt
|faint|p2a: Necrozma
|-damage|p1a: Marshadow|13/100|[from] item: Life Orb
|
|upkeep
|
|t:|1665476451
|switch|p2a: Ditto|Ditto|100/100
|-damage|p2a: Ditto|88/100|[from] Stealth Rock
|-transform|p2a: Ditto|p1a: Marshadow|[from] ability: Imposter
|-end|p1a: Marshadow|Dynamax
|-heal|p1a: Marshadow|14/100|[silent]
|turn|29
|c|☆DJ Phoenix da Poet|i will use spectral thief
|
|t:|1665476463
|move|p2a: Ditto|Shadow Sneak|p1a: Marshadow
|-supereffective|p1a: Marshadow
|-damage|p1a: Marshadow|0 fnt
|faint|p1a: Marshadow
|
|win|DJ Phoenix da Poet
|raw|thicsucttv's rating: 1840 &rarr; <strong>1816</strong><br />(-24 for losing)
|raw|DJ Phoenix da Poet's rating: 1771 &rarr; <strong>1795</strong><br />(+24 for winning)
