|j|☆AnimeZZZZ5
|j|☆Kyodon132
|t:|1629043334
|gametype|singles
|player|p1|AnimeZZZZ5|266|1823
|player|p2|Kyodon132|fisherman|1654
|teamsize|p1|6
|teamsize|p2|6
|gen|8
|tier|[Gen 8] National Dex AG
|rated|
|rule|HP Percentage Mod: HP is shown in percentages
|rule|Endless Battle Clause: Forcing endless battles is banned
|clearpoke
|poke|p1|Rayquaza|
|poke|p1|Yveltal|
|poke|p1|Groudon|
|poke|p1|Arceus-*|
|poke|p1|Ditto|
|poke|p1|Yveltal|
|poke|p2|Salamence, M|
|poke|p2|Blissey, F|
|poke|p2|Calyrex-Shadow|
|poke|p2|Groudon|
|poke|p2|Regieleki|
|poke|p2|Arceus-*|
|teampreview
|c|☆Kyodon132|what the hell is with this pairing
|c|☆Kyodon132|you're 1800 on elo
|
|t:|1629043358
|start
|switch|p1a: Yveltal|Yveltal|100/100
|switch|p2a: Salamence|Salamence, M|100/100
|-ability|p2a: Salamence|Intimidate|boost
|-unboost|p1a: Yveltal|atk|1
|-ability|p1a: Yveltal|Dark Aura
|turn|1
|
|t:|1629043400
|move|p2a: Salamence|Dual Wingbeat|p1a: Yveltal
|-damage|p1a: Yveltal|89/100
|-damage|p1a: Yveltal|77/100
|-hitcount|p1a: Yveltal|2
|move|p1a: Yveltal|Foul Play|p2a: Salamence
|-damage|p2a: Salamence|16/100
|
|upkeep
|turn|2
|
|t:|1629043410
|switch|p2a: Blissey|Blissey, F|100/100
|move|p1a: Yveltal|Foul Play|p2a: Blissey
|-damage|p2a: Blissey|96/100
|
|-heal|p2a: Blissey|100/100|[from] item: Leftovers
|upkeep
|turn|3
|
|t:|1629043417
|move|p1a: Yveltal|Knock Off|p2a: Blissey
|-damage|p2a: Blissey|68/100
|-enditem|p2a: Blissey|Leftovers|[from] move: Knock Off|[of] p1a: Yveltal
|move|p2a: Blissey|Stealth Rock|p1a: Yveltal
|-sidestart|p1: AnimeZZZZ5|move: Stealth Rock
|
|upkeep
|turn|4
|
|t:|1629043424
|move|p1a: Yveltal|Defog|p2a: Blissey
|-unboost|p2a: Blissey|evasion|1
|-sideend|p1: AnimeZZZZ5|Stealth Rock|[from] move: Defog|[of] p1a: Yveltal
|move|p2a: Blissey|Thunder Wave|p1a: Yveltal
|-status|p1a: Yveltal|par
|
|upkeep
|turn|5
|
|t:|1629043431
|switch|p1a: Rayquaza|Rayquaza|100/100
|-ability|p1a: Rayquaza|Air Lock
|move|p2a: Blissey|Stealth Rock|p1a: Rayquaza
|-sidestart|p1: AnimeZZZZ5|move: Stealth Rock
|
|upkeep
|turn|6
|
|t:|1629043463
|switch|p2a: Arceus|Arceus|100/100
|detailschange|p1a: Rayquaza|Rayquaza-Mega
|-mega|p1a: Rayquaza|Rayquaza|
|-weather|DeltaStream|[from] ability: Delta Stream|[of] p1a: Rayquaza
|move|p1a: Rayquaza|Dragon Ascent|p2a: Arceus
|-damage|p2a: Arceus|17/100
|-unboost|p1a: Rayquaza|def|1
|-unboost|p1a: Rayquaza|spd|1
|
|-weather|DeltaStream|[upkeep]
|-heal|p2a: Arceus|23/100|[from] item: Leftovers
|upkeep
|turn|7
|
|t:|1629043491
|-weather|none
|switch|p1a: Yveltal|Yveltal|77/100 par
|-ability|p1a: Yveltal|Dark Aura
|move|p2a: Arceus|Extreme Speed|p1a: Yveltal
|-damage|p1a: Yveltal|54/100 par
|
|-heal|p2a: Arceus|29/100|[from] item: Leftovers
|upkeep
|turn|8
|
|t:|1629043504
|move|p2a: Arceus|Recover|p2a: Arceus
|-heal|p2a: Arceus|79/100
|move|p1a: Yveltal|Defog|p2a: Arceus
|-unboost|p2a: Arceus|evasion|1
|-sideend|p1: AnimeZZZZ5|Stealth Rock|[from] move: Defog|[of] p1a: Yveltal
|
|-heal|p2a: Arceus|85/100|[from] item: Leftovers
|upkeep
|turn|9
|
|t:|1629043576
|move|p2a: Arceus|Extreme Speed|p1a: Yveltal
|-damage|p1a: Yveltal|31/100 par
|move|p1a: Yveltal|Roost|p1a: Yveltal
|-heal|p1a: Yveltal|81/100 par
|-singleturn|p1a: Yveltal|move: Roost
|
|-heal|p2a: Arceus|91/100|[from] item: Leftovers
|upkeep
|turn|10
|
|t:|1629043584
|switch|p2a: Regieleki|Regieleki|100/100
|move|p1a: Yveltal|Foul Play|p2a: Regieleki
|-damage|p2a: Regieleki|0 fnt
|faint|p2a: Regieleki
|
|upkeep
|
|t:|1629043602
|switch|p2a: Salamence|Salamence, M|16/100
|-ability|p2a: Salamence|Intimidate|boost
|-unboost|p1a: Yveltal|atk|1
|turn|11
|
|t:|1629043666
|detailschange|p2a: Salamence|Salamence-Mega, M
|-mega|p2a: Salamence|Salamence|Salamencite
|move|p2a: Salamence|Double-Edge|p1a: Yveltal
|-damage|p1a: Yveltal|35/100 par
|-damage|p2a: Salamence|0 fnt|[from] Recoil
|faint|p2a: Salamence
|move|p1a: Yveltal|Foul Play|p2: Salamence|[notarget]
|-fail|p1a: Yveltal
|
|upkeep
|
|t:|1629043680
|switch|p2a: Groudon|Groudon|100/100
|detailschange|p2a: Groudon|Groudon-Primal
|-primal|p2a: Groudon
|-weather|DesolateLand|[from] ability: Desolate Land|[of] p2a: Groudon
|turn|12
|
|t:|1629043719
|move|p2a: Groudon|Fire Punch|p1a: Yveltal
|-damage|p1a: Yveltal|0 fnt
|faint|p1a: Yveltal
|
|-weather|DesolateLand|[upkeep]
|upkeep
|
|t:|1629043723
|switch|p1a: Yveltal|Yveltal|100/100
|-ability|p1a: Yveltal|Dark Aura
|turn|13
|
|t:|1629043736
|-weather|none
|switch|p2a: Blissey|Blissey, F|68/100
|-start|p1a: Yveltal|Dynamax
|-heal|p1a: Yveltal|100/100|[silent]
|move|p1a: Yveltal|Max Airstream|p2a: Blissey
|-damage|p2a: Blissey|36/100
|-boost|p1a: Yveltal|spe|1
|-damage|p1a: Yveltal|96/100|[from] item: Life Orb
|
|upkeep
|turn|14
|
|t:|1629043761
|move|p1a: Yveltal|Max Darkness|p2a: Blissey
|-damage|p2a: Blissey|0 fnt
|faint|p2a: Blissey
|-damage|p1a: Yveltal|91/100|[from] item: Life Orb
|
|upkeep
|
|t:|1629043773
|switch|p2a: Arceus|Arceus|91/100
|turn|15
|
|t:|1629043791
|-start|p2a: Arceus|Dynamax
|-heal|p2a: Arceus|91/100|[silent]
|move|p1a: Yveltal|Max Darkness|p2a: Arceus
|-damage|p2a: Arceus|52/100
|-unboost|p2a: Arceus|spd|1
|-damage|p1a: Yveltal|86/100|[from] item: Life Orb
|move|p2a: Arceus|Max Strike|p1a: Yveltal
|-damage|p1a: Yveltal|55/100
|-unboost|p1a: Yveltal|spe|1
|
|-heal|p2a: Arceus|55/100|[from] item: Leftovers
|-end|p1a: Yveltal|Dynamax
|-heal|p1a: Yveltal|55/100|[silent]
|upkeep
|turn|16
|
|t:|1629043808
|switch|p1a: Arceus|Arceus-Ground|100/100
|move|p2a: Arceus|Max Strike|p1a: Arceus
|-damage|p1a: Arceus|68/100
|-unboost|p1a: Arceus|spe|1
|
|-heal|p2a: Arceus|58/100|[from] item: Leftovers
|upkeep
|turn|17
|
|t:|1629043818
|move|p2a: Arceus|Max Strike|p1a: Arceus
|-damage|p1a: Arceus|38/100
|-unboost|p1a: Arceus|spe|1
|move|p1a: Arceus|Recover|p1a: Arceus
|-heal|p1a: Arceus|88/100
|
|-heal|p2a: Arceus|62/100|[from] item: Leftovers
|-end|p2a: Arceus|Dynamax
|-heal|p2a: Arceus|62/100|[silent]
|upkeep
|turn|18
|
|t:|1629043883
|move|p2a: Arceus|Recover|p2a: Arceus
|-heal|p2a: Arceus|100/100
|move|p1a: Arceus|Swords Dance|p1a: Arceus
|-boost|p1a: Arceus|atk|2
|
|upkeep
|turn|19
|
|t:|1629043896
|move|p2a: Arceus|Swords Dance|p2a: Arceus
|-boost|p2a: Arceus|atk|2
|move|p1a: Arceus|Swords Dance|p1a: Arceus
|-boost|p1a: Arceus|atk|2
|
|upkeep
|turn|20
|
|t:|1629043932
|move|p2a: Arceus|Extreme Speed|p1a: Arceus
|-damage|p1a: Arceus|47/100
|-zpower|p1a: Arceus
|move|p1a: Arceus|Tectonic Rage|p2a: Arceus|[zeffect]
|-damage|p2a: Arceus|0 fnt
|faint|p2a: Arceus
|
|upkeep
|
|t:|1629043958
|switch|p2a: Groudon|Groudon-Primal|100/100
|-weather|DesolateLand|[from] ability: Desolate Land|[of] p2a: Groudon
|turn|21
|
|t:|1629044026
|move|p2a: Groudon|Fire Punch|p1a: Arceus
|-damage|p1a: Arceus|6/100
|move|p1a: Arceus|Earthquake|p2a: Groudon
|-supereffective|p2a: Groudon
|-damage|p2a: Groudon|0 fnt
|faint|p2a: Groudon
|-weather|none
|
|upkeep
|
|t:|1629044037
|switch|p2a: Calyrex|Calyrex-Shadow|100/100
|-ability|p2a: Calyrex|As One
|-ability|p2a: Calyrex|Unnerve
|turn|22
|
|t:|1629044048
|move|p2a: Calyrex|Astral Barrage|p1a: Arceus
|-damage|p1a: Arceus|0 fnt
|faint|p1a: Arceus
|-ability|p2a: Calyrex|Grim Neigh|boost
|-boost|p2a: Calyrex|spa|1
|
|upkeep
|
|t:|1629044051
|switch|p1a: Ditto|Ditto|100/100
|-transform|p1a: Ditto|p2a: Calyrex|[from] ability: Imposter
|turn|23
|
|t:|1629044061
|move|p1a: Ditto|Astral Barrage|p2a: Calyrex
|-supereffective|p2a: Calyrex
|-enditem|p2a: Calyrex|Focus Sash
|-damage|p2a: Calyrex|1/100
|move|p2a: Calyrex|Astral Barrage|p1a: Ditto
|-supereffective|p1a: Ditto
|-damage|p1a: Ditto|0 fnt
|faint|p1a: Ditto
|-ability|p2a: Calyrex|Grim Neigh|boost
|-boost|p2a: Calyrex|spa|1
|
|upkeep
|
|t:|1629044065
|switch|p1a: Yveltal|Yveltal|55/100
|-ability|p1a: Yveltal|Dark Aura
|turn|24
|
|t:|1629044076
|move|p2a: Calyrex|Protect|p2a: Calyrex
|-singleturn|p2a: Calyrex|Protect
|move|p1a: Yveltal|Sucker Punch||[still]
|-fail|p1a: Yveltal
|
|upkeep
|turn|25
|
|t:|1629044081
|move|p1a: Yveltal|Sucker Punch||[still]
|-fail|p1a: Yveltal
|move|p2a: Calyrex|Agility|p2a: Calyrex
|-boost|p2a: Calyrex|spe|2
|
|upkeep
|turn|26
|
|t:|1629044088
|move|p2a: Calyrex|Astral Barrage|p1a: Yveltal
|-resisted|p1a: Yveltal
|-damage|p1a: Yveltal|0 fnt
|faint|p1a: Yveltal
|-ability|p2a: Calyrex|Grim Neigh|boost
|-boost|p2a: Calyrex|spa|1
|
|upkeep
|
|t:|1629044090
|switch|p1a: Groudon|Groudon|100/100
|detailschange|p1a: Groudon|Groudon-Primal
|-primal|p1a: Groudon
|-weather|DesolateLand|[from] ability: Desolate Land|[of] p1a: Groudon
|turn|27
|
|t:|1629044100
|move|p2a: Calyrex|Astral Barrage|p1a: Groudon
|-damage|p1a: Groudon|0 fnt
|faint|p1a: Groudon
|-weather|none
|-ability|p2a: Calyrex|Grim Neigh|boost
|-boost|p2a: Calyrex|spa|1
|
|upkeep
|c|☆AnimeZZZZ5|Gg
|-message|AnimeZZZZ5 forfeited.
|
|win|Kyodon132
|l|☆AnimeZZZZ5
|raw|AnimeZZZZ5's rating: 1823 &rarr; <strong>1794</strong><br />(-29 for losing)
|raw|Kyodon132's rating: 1654 &rarr; <strong>1683</strong><br />(+29 for winning)
|j| Team ashrgg
|l| Team ashrgg
||Ladder isn't responding, score probably updated but might not have (Request timeout).
