|j|☆Ofjfdokjdf
|j|☆Buck X
|t:|1661422585
|gametype|singles
|player|p1|Ofjfdokjdf|clown|
|player|p2|Buck X|lance-masters|
|teamsize|p1|6
|teamsize|p2|6
|gen|8
|tier|[Gen 8] National Dex AG
|rule|HP Percentage Mod: HP is shown in percentages
|rule|Endless Battle Clause: Forcing endless battles is banned
|clearpoke
|poke|p1|Zacian-*|
|poke|p1|Necrozma-Dusk-Mane|
|poke|p1|Rayquaza|
|poke|p1|Arceus-*|
|poke|p1|Arceus-*|
|poke|p1|Xerneas-*|
|poke|p2|Rayquaza|
|poke|p2|Groudon|
|poke|p2|Yveltal|
|poke|p2|Marshadow|
|poke|p2|Necrozma-Dusk-Mane|
|poke|p2|Ho-Oh|
|teampreview
|inactive|Battle timer is ON: inactive players will automatically lose when time's up. (requested by Ofjfdokjdf)
|inactive|Buck X also wants the timer to be on.
|c|☆Ofjfdokjdf|Glhf
|
|t:|1661422591
|start
|switch|p1a: Zacian|Zacian-Crowned|100/100
|switch|p2a: Behemoth|Groudon|100/100
|-ability|p1a: Zacian|Intrepid Sword|boost
|-boost|p1a: Zacian|atk|1
|detailschange|p2a: Behemoth|Groudon-Primal
|-primal|p2a: Behemoth
|-weather|DesolateLand|[from] ability: Desolate Land|[of] p2a: Behemoth
|turn|1
|c|☆Buck X|U2
|
|t:|1661422599
|switch|p1a: Rayquaza|Rayquaza|100/100
|-ability|p1a: Rayquaza|Air Lock
|move|p2a: Behemoth|Thunder Wave|p1a: Rayquaza
|-status|p1a: Rayquaza|par
|
|-weather|DesolateLand|[upkeep]
|upkeep
|turn|2
|
|t:|1661422603
|detailschange|p1a: Rayquaza|Rayquaza-Mega
|-mega|p1a: Rayquaza|Rayquaza|
|-weather|DeltaStream|[from] ability: Delta Stream|[of] p1a: Rayquaza
|move|p2a: Behemoth|Stealth Rock|p1a: Rayquaza
|-sidestart|p1: Ofjfdokjdf|move: Stealth Rock
|cant|p1a: Rayquaza|par
|
|-weather|DeltaStream|[upkeep]
|upkeep
|turn|3
|c|☆Ofjfdokjdf|Fuck
|
|t:|1661422608
|switch|p2a: Lion of chaos|Necrozma-Dusk-Mane|100/100
|move|p1a: Rayquaza|Dragon Ascent|p2a: Lion of chaos
|-resisted|p2a: Lion of chaos
|-damage|p2a: Lion of chaos|68/100
|-unboost|p1a: Rayquaza|def|1
|-unboost|p1a: Rayquaza|spd|1
|-damage|p1a: Rayquaza|91/100 par|[from] item: Life Orb
|
|-weather|DeltaStream|[upkeep]
|-heal|p2a: Lion of chaos|74/100|[from] item: Leftovers
|upkeep
|turn|4
|c|☆Ofjfdokjdf|ı hate para
|c|☆Ofjfdokjdf|so annoyin
|
|t:|1661422613
|move|p2a: Lion of chaos|Sunsteel Strike|p1a: Rayquaza
|-damage|p1a: Rayquaza|11/100 par
|cant|p1a: Rayquaza|par
|
|-weather|DeltaStream|[upkeep]
|-heal|p2a: Lion of chaos|80/100|[from] item: Leftovers
|upkeep
|turn|5
|
|t:|1661422618
|move|p2a: Lion of chaos|Sunsteel Strike|p1a: Rayquaza
|-damage|p1a: Rayquaza|0 fnt
|faint|p1a: Rayquaza
|-weather|none
|
|-heal|p2a: Lion of chaos|86/100|[from] item: Leftovers
|upkeep
|
|t:|1661422625
|switch|p1a: Arceus|Arceus|100/100
|-damage|p1a: Arceus|88/100|[from] Stealth Rock
|turn|6
|
|t:|1661422631
|switch|p2a: Buck’s alter ego|Marshadow|100/100
|move|p1a: Arceus|Swords Dance|p1a: Arceus
|-boost|p1a: Arceus|atk|2
|
|upkeep
|turn|7
|
|t:|1661422637
|-start|p1a: Arceus|Dynamax|
|-heal|p1a: Arceus|88/100|[silent]
|move|p2a: Buck’s alter ego|Close Combat|p1a: Arceus
|-supereffective|p1a: Arceus
|-damage|p1a: Arceus|16/100
|-unboost|p2a: Buck’s alter ego|def|1
|-unboost|p2a: Buck’s alter ego|spd|1
|move|p1a: Arceus|Max Phantasm|p2a: Buck’s alter ego
|-supereffective|p2a: Buck’s alter ego
|-damage|p2a: Buck’s alter ego|0 fnt
|faint|p2a: Buck’s alter ego
|-damage|p1a: Arceus|11/100|[from] item: Life Orb
|
|upkeep
|
|t:|1661422640
|switch|p2a: Ziz|Rayquaza|100/100
|-ability|p2a: Ziz|Air Lock
|turn|8
|
|t:|1661422643
|detailschange|p2a: Ziz|Rayquaza-Mega
|-mega|p2a: Ziz|Rayquaza|
|-weather|DeltaStream|[from] ability: Delta Stream|[of] p2a: Ziz
|move|p2a: Ziz|Extreme Speed|p1a: Arceus
|-damage|p1a: Arceus|0 fnt
|faint|p1a: Arceus
|-damage|p2a: Ziz|91/100|[from] item: Life Orb
|
|-weather|DeltaStream|[upkeep]
|upkeep
|
|t:|1661422645
|switch|p1a: Xerneas|Xerneas|100/100
|-damage|p1a: Xerneas|88/100|[from] Stealth Rock
|-ability|p1a: Xerneas|Fairy Aura
|turn|9
|c|☆Ofjfdokjdf|O
|inactive|Buck X has 270 seconds left.
|c|☆Buck X|Dyna wasted
|
|t:|1661422700
|move|p2a: Ziz|Dragon Ascent|p1a: Xerneas
|-damage|p1a: Xerneas|8/100
|-unboost|p2a: Ziz|def|1
|-unboost|p2a: Ziz|spd|1
|-damage|p2a: Ziz|81/100|[from] item: Life Orb
|move|p1a: Xerneas|Moonblast|p2a: Ziz
|-supereffective|p2a: Ziz
|-damage|p2a: Ziz|0 fnt
|faint|p2a: Ziz
|-weather|none
|
|upkeep
|c|☆Ofjfdokjdf|lol
|
|t:|1661422713
|switch|p2a: Raven of death|Yveltal|100/100
|-ability|p2a: Raven of death|Dark Aura
|turn|10
|
|t:|1661422717
|move|p2a: Raven of death|Oblivion Wing|p1a: Xerneas
|-damage|p1a: Xerneas|0 fnt
|faint|p1a: Xerneas
|-damage|p2a: Raven of death|91/100|[from] item: Life Orb
|
|upkeep
|
|t:|1661422719
|switch|p1a: Zacian|Zacian-Crowned|100/100
|-damage|p1a: Zacian|94/100|[from] Stealth Rock
|-ability|p1a: Zacian|Intrepid Sword|boost
|-boost|p1a: Zacian|atk|1
|turn|11
|
|t:|1661422723
|switch|p2a: Behemoth|Groudon-Primal|100/100
|-weather|DesolateLand|[from] ability: Desolate Land|[of] p2a: Behemoth
|move|p1a: Zacian|Close Combat|p2a: Behemoth
|-damage|p2a: Behemoth|57/100
|-unboost|p1a: Zacian|def|1
|-unboost|p1a: Zacian|spd|1
|
|-weather|DesolateLand|[upkeep]
|upkeep
|turn|12
|
|t:|1661422726
|switch|p1a: Arceus|Arceus-Fairy|100/100
|-damage|p1a: Arceus|88/100|[from] Stealth Rock
|move|p2a: Behemoth|Earthquake|p1a: Arceus
|-damage|p1a: Arceus|48/100
|
|-weather|DesolateLand|[upkeep]
|upkeep
|turn|13
|
|t:|1661422732
|move|p1a: Arceus|Recover|p1a: Arceus
|-heal|p1a: Arceus|98/100
|move|p2a: Behemoth|Thunder Wave|p1a: Arceus
|-status|p1a: Arceus|par
|
|-weather|DesolateLand|[upkeep]
|upkeep
|turn|14
|
|t:|1661422734
|move|p2a: Behemoth|Earthquake|p1a: Arceus
|-damage|p1a: Arceus|60/100 par
|move|p1a: Arceus|Refresh|p1a: Arceus
|-curestatus|p1a: Arceus|par|[msg]
|
|-weather|DesolateLand|[upkeep]
|upkeep
|turn|15
|
|t:|1661422738
|move|p1a: Arceus|Toxic|p2a: Behemoth
|-status|p2a: Behemoth|tox
|move|p2a: Behemoth|Thunder Wave|p1a: Arceus
|-status|p1a: Arceus|par
|
|-weather|DesolateLand|[upkeep]
|-damage|p2a: Behemoth|51/100 tox|[from] psn
|upkeep
|turn|16
|
|t:|1661422746
|-weather|none
|switch|p2a: Lion of chaos|Necrozma-Dusk-Mane|86/100
|move|p1a: Arceus|Refresh|p1a: Arceus
|-curestatus|p1a: Arceus|par|[msg]
|
|-heal|p2a: Lion of chaos|92/100|[from] item: Leftovers
|upkeep
|turn|17
|
|t:|1661422750
|switch|p1a: Necrozma|Necrozma-Dusk-Mane|100/100
|-damage|p1a: Necrozma|94/100|[from] Stealth Rock
|move|p2a: Lion of chaos|Dragon Dance|p2a: Lion of chaos
|-boost|p2a: Lion of chaos|atk|1
|-boost|p2a: Lion of chaos|spe|1
|
|-heal|p2a: Lion of chaos|98/100|[from] item: Leftovers
|upkeep
|turn|18
|
|t:|1661422754
|move|p2a: Lion of chaos|Dragon Dance|p2a: Lion of chaos
|-boost|p2a: Lion of chaos|atk|1
|-boost|p2a: Lion of chaos|spe|1
|move|p1a: Necrozma|Earthquake|p2a: Lion of chaos
|-supereffective|p2a: Lion of chaos
|-damage|p2a: Lion of chaos|68/100
|
|-heal|p2a: Lion of chaos|74/100|[from] item: Leftovers
|upkeep
|turn|19
|c|☆Ofjfdokjdf|Sweep incoming
|c|☆Buck X|Ggwp
|
|t:|1661422761
|move|p2a: Lion of chaos|Dragon Dance|p2a: Lion of chaos
|-boost|p2a: Lion of chaos|atk|1
|-boost|p2a: Lion of chaos|spe|1
|move|p1a: Necrozma|Earthquake|p2a: Lion of chaos
|-supereffective|p2a: Lion of chaos
|-damage|p2a: Lion of chaos|43/100
|
|-heal|p2a: Lion of chaos|49/100|[from] item: Leftovers
|upkeep
|turn|20
|c|☆Buck X|fr
|
|t:|1661422767
|-start|p2a: Lion of chaos|Dynamax|
|-heal|p2a: Lion of chaos|49/100|[silent]
|move|p2a: Lion of chaos|Max Quake|p1a: Necrozma
|-supereffective|p1a: Necrozma
|-damage|p1a: Necrozma|0 fnt
|-boost|p2a: Lion of chaos|spd|1
|faint|p1a: Necrozma
|
|-heal|p2a: Lion of chaos|52/100|[from] item: Leftovers
|upkeep
|c|☆Ofjfdokjdf|Imma use my true powe
|c|☆Ofjfdokjdf|wait me build a team
|c|☆Buck X|Alright
|-message|Ofjfdokjdf forfeited.
|
|win|Buck X
|l|☆Ofjfdokjdf
