|j|☆Hhhhhhhhhhhhx
|j|☆cheese=chez
|t:|1660095676
|gametype|singles
|player|p1|Hhhhhhhhhhhhx|hilbert-wonderlauncher|1356
|player|p2|cheese=chez|169|1338
|teamsize|p1|6
|teamsize|p2|6
|gen|8
|tier|[Gen 8] National Dex AG
|rated|
|rule|HP Percentage Mod: HP is shown in percentages
|rule|Endless Battle Clause: Forcing endless battles is banned
|clearpoke
|poke|p1|Kyogre|
|poke|p1|Greninja, M|
|poke|p1|Zacian-*|
|poke|p1|Barraskewda, M|
|poke|p1|Ditto|
|poke|p1|Wobbuffet, M|
|poke|p2|Buzzwole|
|poke|p2|Togedemaru, L1, F|
|poke|p2|Salamence, F|
|poke|p2|Kyogre|
|poke|p2|Urshifu-*, F|
|poke|p2|Darmanitan-Galar, M|
|teampreview
|
|t:|1660095681
|start
|switch|p1a: Zacian|Zacian-Crowned|100/100
|switch|p2a: Togedemaru|Togedemaru, L1, F|100/100
|-ability|p1a: Zacian|Intrepid Sword|boost
|-boost|p1a: Zacian|atk|1
|turn|1
|
|t:|1660095692
|move|p1a: Zacian|Swords Dance|p1a: Zacian
|-boost|p1a: Zacian|atk|2
|move|p2a: Togedemaru|Endeavor|p1a: Zacian
|-damage|p1a: Zacian|4/100
|
|upkeep
|turn|2
|
|t:|1660095702
|move|p2a: Togedemaru|Spiky Shield|p2a: Togedemaru
|-singleturn|p2a: Togedemaru|move: Protect
|move|p1a: Zacian|Behemoth Blade|p2a: Togedemaru
|-activate|p2a: Togedemaru|move: Protect
|-damage|p1a: Zacian|0 fnt|[from] Spiky Shield|[of] p2a: Togedemaru
|faint|p1a: Zacian
|
|upkeep
|
|t:|1660095716
|switch|p1a: Barraskewda|Barraskewda, M, shiny|100/100
|turn|3
|
|t:|1660095722
|move|p1a: Barraskewda|Close Combat|p2a: Togedemaru
|-supereffective|p2a: Togedemaru
|-ability|p2a: Togedemaru|Sturdy
|-damage|p2a: Togedemaru|8/100
|-unboost|p1a: Barraskewda|def|1
|-unboost|p1a: Barraskewda|spd|1
|-damage|p1a: Barraskewda|91/100|[from] item: Life Orb
|move|p2a: Togedemaru|Endeavor|p1a: Barraskewda
|-damage|p1a: Barraskewda|1/100
|-heal|p2a: Togedemaru|100/100|[from] item: Shell Bell|[of] p1a: Barraskewda
|
|upkeep
|turn|4
|
|t:|1660095740
|move|p2a: Togedemaru|Spiky Shield|p2a: Togedemaru
|-singleturn|p2a: Togedemaru|move: Protect
|move|p1a: Barraskewda|Flip Turn|p2a: Togedemaru
|-activate|p2a: Togedemaru|move: Protect
|-damage|p1a: Barraskewda|0 fnt|[from] Spiky Shield|[of] p2a: Togedemaru
|faint|p1a: Barraskewda
|
|upkeep
|
|t:|1660095767
|switch|p1a: Ditto|Ditto|100/100
|-transform|p1a: Ditto|p2a: Togedemaru|[from] ability: Imposter
|turn|5
|
|t:|1660095793
|move|p1a: Ditto|Endeavor|p2a: Togedemaru
|-immune|p2a: Togedemaru
|move|p2a: Togedemaru|Endeavor|p1a: Ditto
|-damage|p1a: Ditto|5/100
|
|upkeep
|turn|6
|
|t:|1660095802
|move|p2a: Togedemaru|Spiky Shield|p2a: Togedemaru
|-singleturn|p2a: Togedemaru|move: Protect
|move|p1a: Ditto|Endeavor|p2a: Togedemaru
|-activate|p2a: Togedemaru|move: Protect
|-damage|p1a: Ditto|0 fnt|[from] Spiky Shield|[of] p2a: Togedemaru
|faint|p1a: Ditto
|
|upkeep
|
|t:|1660095812
|switch|p1a: Greninja|Greninja, M|100/100
|turn|7
|
|t:|1660095819
|-start|p1a: Greninja|Dynamax|
|-heal|p1a: Greninja|100/100|[silent]
|move|p1a: Greninja|Max Darkness|p2a: Togedemaru
|-ability|p2a: Togedemaru|Sturdy
|-damage|p2a: Togedemaru|8/100
|-unboost|p2a: Togedemaru|spd|1
|-damage|p1a: Greninja|96/100|[from] item: Life Orb
|move|p2a: Togedemaru|Endeavor|p1a: Greninja
|-damage|p1a: Greninja|48/100
|-heal|p2a: Togedemaru|100/100|[from] item: Shell Bell|[of] p1a: Greninja
|
|upkeep
|turn|8
|
|t:|1660095836
|move|p1a: Greninja|Max Geyser|p2a: Togedemaru
|-ability|p2a: Togedemaru|Sturdy
|-damage|p2a: Togedemaru|8/100
|-weather|RainDance
|-damage|p1a: Greninja|43/100|[from] item: Life Orb
|move|p2a: Togedemaru|Endeavor|p1a: Greninja
|-damage|p1a: Greninja|22/100
|-heal|p2a: Togedemaru|100/100|[from] item: Shell Bell|[of] p1a: Greninja
|
|-weather|RainDance|[upkeep]
|upkeep
|turn|9
|
|t:|1660095853
|move|p1a: Greninja|Max Geyser|p2a: Togedemaru
|-ability|p2a: Togedemaru|Sturdy
|-damage|p2a: Togedemaru|8/100
|-damage|p1a: Greninja|17/100|[from] item: Life Orb
|move|p2a: Togedemaru|Toxic|p1a: Greninja
|-status|p1a: Greninja|tox
|
|-weather|RainDance|[upkeep]
|-damage|p1a: Greninja|14/100 tox|[from] psn
|upkeep
|-end|p1a: Greninja|Dynamax
|-heal|p1a: Greninja|14/100 tox|[silent]
|turn|10
|
|t:|1660095867
|move|p1a: Greninja|Water Shuriken|p2a: Togedemaru
|-crit|p2a: Togedemaru
|-damage|p2a: Togedemaru|0 fnt
|faint|p2a: Togedemaru
|-activate|p1a: Greninja|ability: Battle Bond
|detailschange|p1a: Greninja|Greninja-Ash, M
|-hitcount|p2: Togedemaru|1
|-damage|p1a: Greninja|4/100 tox|[from] item: Life Orb
|
|-weather|RainDance|[upkeep]
|-damage|p1a: Greninja|0 fnt|[from] psn
|faint|p1a: Greninja
|upkeep
|
|t:|1660095880
|switch|p1a: Kyogre|Kyogre|100/100
|switch|p2a: Kyogre|Kyogre|100/100
|detailschange|p2a: Kyogre|Kyogre-Primal
|-primal|p2a: Kyogre
|-weather|PrimordialSea|[from] ability: Primordial Sea|[of] p2a: Kyogre
|turn|11
|
|t:|1660095889
|move|p2a: Kyogre|Thunder|p1a: Kyogre
|-supereffective|p1a: Kyogre
|-damage|p1a: Kyogre|35/100
|move|p1a: Kyogre|Thunder|p2a: Kyogre
|-supereffective|p2a: Kyogre
|-damage|p2a: Kyogre|59/100
|
|-weather|PrimordialSea|[upkeep]
|upkeep
|turn|12
|
|t:|1660095906
|switch|p1a: Wobbuffet|Wobbuffet, M|100/100
|move|p2a: Kyogre|Calm Mind|p2a: Kyogre
|-boost|p2a: Kyogre|spa|1
|-boost|p2a: Kyogre|spd|1
|
|-weather|PrimordialSea|[upkeep]
|upkeep
|turn|13
|
|t:|1660095913
|move|p2a: Kyogre|Water Spout|p1a: Wobbuffet
|-crit|p1a: Wobbuffet
|-enditem|p1a: Wobbuffet|Focus Sash
|-damage|p1a: Wobbuffet|1/100
|move|p1a: Wobbuffet|Mirror Coat|p2a: Kyogre
|-damage|p2a: Kyogre|0 fnt
|faint|p2a: Kyogre
|-weather|none
|
|upkeep
|
|t:|1660095920
|switch|p2a: Urshifu|Urshifu, F|100/100
|turn|14
|
|t:|1660095926
|move|p2a: Urshifu|Wicked Blow|p1a: Wobbuffet
|-supereffective|p1a: Wobbuffet
|-crit|p1a: Wobbuffet
|-damage|p1a: Wobbuffet|0 fnt
|faint|p1a: Wobbuffet
|
|upkeep
|
|t:|1660095932
|switch|p1a: Kyogre|Kyogre|35/100
|-weather|RainDance|[from] ability: Drizzle|[of] p1a: Kyogre
|turn|15
|
|t:|1660095938
|move|p2a: Urshifu|Wicked Blow|p1a: Kyogre
|-crit|p1a: Kyogre
|-damage|p1a: Kyogre|0 fnt
|faint|p1a: Kyogre
|
|win|cheese=chez
|raw|Hhhhhhhhhhhhx's rating: 1356 &rarr; <strong>1335</strong><br />(-21 for losing)
|raw|cheese=chez's rating: 1338 &rarr; <strong>1359</strong><br />(+21 for winning)
|c|☆cheese=chez|Gg
|l|☆Hhhhhhhhhhhhx
