|j|☆iHaveAsthma
|j|☆Dragomer Ayaren
|t:|1639063199
|gametype|singles
|player|p1|iHaveAsthma|doctor|1859
|player|p2|Dragomer Ayaren|pokemaniac-gen3|1744
|teamsize|p1|6
|teamsize|p2|6
|gen|8
|tier|[Gen 8] National Dex AG
|rated|
|rule|HP Percentage Mod: HP is shown in percentages
|rule|Endless Battle Clause: Forcing endless battles is banned
|clearpoke
|poke|p1|Rayquaza|
|poke|p1|Lugia|
|poke|p1|Arceus-*|
|poke|p1|Arceus-*|
|poke|p1|Darmanitan-Galar, M|
|poke|p1|Smeargle, M|
|poke|p2|Necrozma-Dusk-Mane|
|poke|p2|Kartana|
|poke|p2|Calyrex-Ice|
|poke|p2|Kyurem-White|
|poke|p2|Deoxys-Speed|
|poke|p2|Arceus-*|
|teampreview
|inactive|Battle timer is ON: inactive players will automatically lose when time's up. (requested by Dragomer Ayaren)
|
|t:|1639063202
|start
|switch|p1a: Rayquaza|Rayquaza|100/100
|switch|p2a: Rápido|Deoxys-Speed|100/100
|-ability|p2a: Rápido|Pressure
|-ability|p1a: Rayquaza|Air Lock
|turn|1
|
|t:|1639063210
|detailschange|p1a: Rayquaza|Rayquaza-Mega
|-mega|p1a: Rayquaza|Rayquaza|
|-weather|DeltaStream|[from] ability: Delta Stream|[of] p1a: Rayquaza
|move|p2a: Rápido|Stealth Rock|p1a: Rayquaza
|-sidestart|p1: iHaveAsthma|move: Stealth Rock
|move|p1a: Rayquaza|Scale Shot|p2a: Rápido
|-damage|p2a: Rápido|70/100
|-damage|p2a: Rápido|41/100
|-damage|p2a: Rápido|12/100
|-hitcount|p2a: Rápido|3
|-unboost|p1a: Rayquaza|def|1
|-boost|p1a: Rayquaza|spe|1
|
|-weather|DeltaStream|[upkeep]
|upkeep
|turn|2
|
|t:|1639063223
|move|p1a: Rayquaza|Extreme Speed|p2a: Rápido
|-damage|p2a: Rápido|0 fnt
|faint|p2a: Rápido
|
|-weather|DeltaStream|[upkeep]
|upkeep
|
|t:|1639063239
|switch|p2a: Cavaleiro Gelado|Calyrex-Ice|100/100
|-ability|p2a: Cavaleiro Gelado|As One
|-ability|p2a: Cavaleiro Gelado|Unnerve
|turn|3
|
|t:|1639063244
|move|p1a: Rayquaza|Dragon Ascent|p2a: Cavaleiro Gelado
|-damage|p2a: Cavaleiro Gelado|53/100
|-unboost|p1a: Rayquaza|def|1
|-unboost|p1a: Rayquaza|spd|1
|move|p2a: Cavaleiro Gelado|Trick Room|p2a: Cavaleiro Gelado
|-fieldstart|move: Trick Room|[of] p2a: Cavaleiro Gelado
|
|-weather|DeltaStream|[upkeep]
|upkeep
|turn|4
|
|t:|1639063258
|move|p2a: Cavaleiro Gelado|Glacial Lance|p1a: Rayquaza
|-activate||deltastream
|-supereffective|p1a: Rayquaza
|-enditem|p1a: Rayquaza|Focus Sash
|-damage|p1a: Rayquaza|1/100
|move|p1a: Rayquaza|Dragon Ascent|p2a: Cavaleiro Gelado
|-damage|p2a: Cavaleiro Gelado|0 fnt
|-unboost|p1a: Rayquaza|def|1
|-unboost|p1a: Rayquaza|spd|1
|faint|p2a: Cavaleiro Gelado
|
|-weather|DeltaStream|[upkeep]
|upkeep
|
|t:|1639063271
|switch|p2a: Leão das Trevas|Necrozma-Dusk-Mane|100/100
|turn|5
|
|t:|1639063279
|-start|p2a: Leão das Trevas|Dynamax
|-heal|p2a: Leão das Trevas|100/100|[silent]
|move|p1a: Rayquaza|Extreme Speed|p2a: Leão das Trevas
|-resisted|p2a: Leão das Trevas
|-damage|p2a: Leão das Trevas|93/100
|move|p2a: Leão das Trevas|Max Steelspike|p1a: Rayquaza
|-damage|p1a: Rayquaza|0 fnt
|-boost|p2a: Leão das Trevas|def|1
|faint|p1a: Rayquaza
|-weather|none
|
|upkeep
|j| pokemasterbrendan
|
|t:|1639063281
|switch|p1a: Lugia|Lugia|100/100
|turn|6
|
|t:|1639063293
|move|p2a: Leão das Trevas|Max Quake|p1a: Lugia
|-immune|p1a: Lugia
|move|p1a: Lugia|Thunder Wave|p2a: Leão das Trevas|[miss]
|-miss|p1a: Lugia|p2a: Leão das Trevas
|
|upkeep
|turn|7
|c| pokemasterbrendan|1859 damn
|
|t:|1639063299
|move|p2a: Leão das Trevas|Max Rockfall|p1a: Lugia
|-supereffective|p1a: Lugia
|-damage|p1a: Lugia|74/100
|-weather|Sandstorm
|move|p1a: Lugia|Thunder Wave|p2a: Leão das Trevas
|-status|p2a: Leão das Trevas|par
|
|-weather|Sandstorm|[upkeep]
|-damage|p1a: Lugia|67/100|[from] Sandstorm
|-fieldend|move: Trick Room
|-end|p2a: Leão das Trevas|Dynamax
|-heal|p2a: Leão das Trevas|93/100 par|[silent]
|upkeep
|turn|8
|
|t:|1639063311
|move|p1a: Lugia|Roost|p1a: Lugia
|-heal|p1a: Lugia|100/100
|-singleturn|p1a: Lugia|move: Roost
|cant|p2a: Leão das Trevas|par
|
|-weather|Sandstorm|[upkeep]
|-damage|p1a: Lugia|94/100|[from] Sandstorm
|upkeep
|turn|9
|c| pokemasterbrendan|i wish i had that much elo
|
|t:|1639063318
|move|p1a: Lugia|Defog|p2a: Leão das Trevas
|-unboost|p2a: Leão das Trevas|evasion|1
|-sideend|p1: iHaveAsthma|Stealth Rock|[from] move: Defog|[of] p1a: Lugia
|move|p2a: Leão das Trevas|Trick Room|p2a: Leão das Trevas
|-fieldstart|move: Trick Room|[of] p2a: Leão das Trevas
|
|-weather|Sandstorm|[upkeep]
|-damage|p1a: Lugia|88/100|[from] Sandstorm
|upkeep
|turn|10
|c|☆iHaveAsthma|the guy im playing rn and myself, both reached 1900 + as well
|c|☆iHaveAsthma|it's not that hard
|
|t:|1639063342
|cant|p2a: Leão das Trevas|par
|move|p1a: Lugia|Roost|p1a: Lugia
|-heal|p1a: Lugia|100/100
|-singleturn|p1a: Lugia|move: Roost
|
|-weather|Sandstorm|[upkeep]
|-damage|p1a: Lugia|94/100|[from] Sandstorm
|upkeep
|turn|11
|
|t:|1639063351
|move|p2a: Leão das Trevas|Stone Edge|p1a: Lugia
|-supereffective|p1a: Lugia
|-damage|p1a: Lugia|52/100
|move|p1a: Lugia|Roost|p1a: Lugia
|-heal|p1a: Lugia|100/100
|-singleturn|p1a: Lugia|move: Roost
|
|-weather|none
|upkeep
|turn|12
|
|t:|1639063379
|move|p2a: Leão das Trevas|Stone Edge|p1a: Lugia
|-supereffective|p1a: Lugia
|-damage|p1a: Lugia|80/100
|move|p1a: Lugia|Thunder Wave|p2a: Leão das Trevas
|-fail|p2a: Leão das Trevas|par
|
|upkeep
|turn|13
|inactive|Dragomer Ayaren has 120 seconds left.
|c|☆Dragomer Ayaren|looks like the best team I ever made was, deoxys, yveltal, ditto, Arceus groud, arceus normal and Calyrex
|
|t:|1639063397
|move|p2a: Leão das Trevas|Stone Edge|p1a: Lugia|[miss]
|-miss|p2a: Leão das Trevas|p1a: Lugia
|move|p1a: Lugia|Roost|p1a: Lugia
|-heal|p1a: Lugia|100/100
|-singleturn|p1a: Lugia|move: Roost
|
|-fieldend|move: Trick Room
|upkeep
|turn|14
|inactive|Dragomer Ayaren has 120 seconds left.
|
|t:|1639063414
|switch|p1a: Smeargle|Smeargle, M|100/100
|move|p2a: Leão das Trevas|Stone Edge|p1a: Smeargle|[miss]
|-miss|p2a: Leão das Trevas|p1a: Smeargle
|
|-ability|p1a: Smeargle|Moody|boost
|-boost|p1a: Smeargle|spe|2
|-unboost|p1a: Smeargle|spd|1
|upkeep
|turn|15
|inactive|Dragomer Ayaren has 120 seconds left.
|c|☆Dragomer Ayaren|can't create  something better...
|
|t:|1639063425
|move|p1a: Smeargle|Sticky Web|p2a: Leão das Trevas
|-sidestart|p2: Dragomer Ayaren|move: Sticky Web
|move|p2a: Leão das Trevas|Trick Room|p2a: Leão das Trevas
|-fieldstart|move: Trick Room|[of] p2a: Leão das Trevas
|
|-ability|p1a: Smeargle|Moody|boost
|-boost|p1a: Smeargle|spd|2
|-unboost|p1a: Smeargle|spe|1
|upkeep
|turn|16
|inactive|Dragomer Ayaren has 120 seconds left.
|c|☆iHaveAsthma|I remember coming up against that team
|c|☆iHaveAsthma|was nasty good
|
|t:|1639063435
|cant|p2a: Leão das Trevas|par
|move|p1a: Smeargle|Stealth Rock|p2a: Leão das Trevas
|-sidestart|p2: Dragomer Ayaren|move: Stealth Rock
|
|-ability|p1a: Smeargle|Moody|boost
|-boost|p1a: Smeargle|spd|2
|-unboost|p1a: Smeargle|spa|1
|upkeep
|turn|17
|
|t:|1639063442
|move|p2a: Leão das Trevas|Sunsteel Strike|p1a: Smeargle
|-enditem|p1a: Smeargle|Focus Sash
|-damage|p1a: Smeargle|1/100
|move|p1a: Smeargle|Baton Pass|p1a: Smeargle
|
|t:|1639063445
|switch|p1a: Arceus|Arceus-Ground|100/100|[from]move: Baton Pass
|
|upkeep
|turn|18
|
|t:|1639063451
|move|p2a: Leão das Trevas|Sunsteel Strike|p1a: Arceus
|-damage|p1a: Arceus|75/100
|move|p1a: Arceus|Calm Mind|p1a: Arceus
|-boost|p1a: Arceus|spa|1
|-boost|p1a: Arceus|spd|1
|
|upkeep
|turn|19
|
|t:|1639063459
|switch|p2a: Titã|Arceus-Ground|100/100
|-activate|p2a: Titã|move: Sticky Web
|-unboost|p2a: Titã|spe|1
|-damage|p2a: Titã|94/100|[from] Stealth Rock
|move|p1a: Arceus|Recover|p1a: Arceus
|-heal|p1a: Arceus|100/100
|
|-fieldend|move: Trick Room
|upkeep
|turn|20
|
|t:|1639063467
|move|p1a: Arceus|Ice Beam|p2a: Titã
|-supereffective|p2a: Titã
|-damage|p2a: Titã|55/100
|move|p2a: Titã|Roar|p1a: Arceus
|drag|p1a: Arceus|Arceus-Flying|100/100
|
|upkeep
|turn|21
|
|t:|1639063475
|switch|p1a: Smeargle|Smeargle, M|1/100
|move|p2a: Titã|Ice Beam|p1a: Smeargle
|-damage|p1a: Smeargle|0 fnt
|faint|p1a: Smeargle
|
|upkeep
|
|t:|1639063478
|switch|p1a: Darmanitan|Darmanitan-Galar, M|100/100
|turn|22
|
|t:|1639063483
|switch|p2a: Dragão Turbo|Kyurem-White|100/100
|-activate|p2a: Dragão Turbo|move: Sticky Web
|-unboost|p2a: Dragão Turbo|spe|1
|-damage|p2a: Dragão Turbo|76/100|[from] Stealth Rock
|-ability|p2a: Dragão Turbo|Turboblaze
|move|p1a: Darmanitan|U-turn|p2a: Dragão Turbo
|-damage|p2a: Dragão Turbo|48/100
|
|t:|1639063491
|switch|p1a: Arceus|Arceus-Ground|100/100|[from]move: U-turn
|
|upkeep
|turn|23
|
|t:|1639063495
|move|p1a: Arceus|Judgment|p2a: Dragão Turbo
|-damage|p2a: Dragão Turbo|21/100
|move|p2a: Dragão Turbo|Ice Beam|p1a: Arceus
|-supereffective|p1a: Arceus
|-damage|p1a: Arceus|13/100
|
|upkeep
|turn|24
|
|t:|1639063503
|move|p1a: Arceus|Judgment|p2a: Dragão Turbo
|-damage|p2a: Dragão Turbo|0 fnt
|faint|p2a: Dragão Turbo
|
|upkeep
|
|t:|1639063510
|switch|p2a: Titã|Arceus-Ground|55/100
|-activate|p2a: Titã|move: Sticky Web
|-unboost|p2a: Titã|spe|1
|-damage|p2a: Titã|49/100|[from] Stealth Rock
|turn|25
|
|t:|1639063515
|move|p1a: Arceus|Recover|p1a: Arceus
|-heal|p1a: Arceus|63/100
|move|p2a: Titã|Ice Beam|p1a: Arceus
|-supereffective|p1a: Arceus
|-damage|p1a: Arceus|16/100
|
|upkeep
|turn|26
|
|t:|1639063520
|move|p1a: Arceus|Recover|p1a: Arceus
|-heal|p1a: Arceus|66/100
|move|p2a: Titã|Ice Beam|p1a: Arceus
|-supereffective|p1a: Arceus
|-damage|p1a: Arceus|23/100
|
|upkeep
|turn|27
|c|☆Dragomer Ayaren|freeze
|
|t:|1639063529
|move|p1a: Arceus|Recover|p1a: Arceus
|-heal|p1a: Arceus|73/100
|move|p2a: Titã|Ice Beam|p1a: Arceus
|-supereffective|p1a: Arceus
|-damage|p1a: Arceus|28/100
|
|upkeep
|turn|28
|
|t:|1639063534
|move|p1a: Arceus|Ice Beam|p2a: Titã
|-supereffective|p2a: Titã
|-damage|p2a: Titã|14/100
|move|p2a: Titã|Ice Beam|p1a: Arceus
|-supereffective|p1a: Arceus
|-damage|p1a: Arceus|0 fnt
|faint|p1a: Arceus
|
|upkeep
|
|t:|1639063540
|switch|p1a: Darmanitan|Darmanitan-Galar, M|100/100
|turn|29
|
|t:|1639063548
|-start|p1a: Darmanitan|Dynamax
|-heal|p1a: Darmanitan|100/100|[silent]
|move|p1a: Darmanitan|Max Knuckle|p2a: Titã
|-damage|p2a: Titã|0 fnt
|-boost|p1a: Darmanitan|atk|1
|faint|p2a: Titã
|
|upkeep
|c|☆iHaveAsthma|gg i hope
|
|t:|1639063558
|switch|p2a: Samurai de Papel|Kartana|100/100
|-activate|p2a: Samurai de Papel|move: Sticky Web
|-unboost|p2a: Samurai de Papel|spe|1
|-damage|p2a: Samurai de Papel|94/100|[from] Stealth Rock
|turn|30
|c|☆Dragomer Ayaren|gg
|
|t:|1639063566
|move|p1a: Darmanitan|Max Flare|p2a: Samurai de Papel
|-supereffective|p2a: Samurai de Papel
|-damage|p2a: Samurai de Papel|0 fnt
|-weather|SunnyDay
|faint|p2a: Samurai de Papel
|
|-weather|SunnyDay|[upkeep]
|upkeep
|c| pokemasterbrendan|gg
|c|☆Dragomer Ayaren|good to see ya
|
|t:|1639063576
|switch|p2a: Leão das Trevas|Necrozma-Dusk-Mane|93/100 par
|-damage|p2a: Leão das Trevas|87/100 par|[from] Stealth Rock
|-activate|p2a: Leão das Trevas|move: Sticky Web
|-unboost|p2a: Leão das Trevas|spe|1
|turn|31
|c|☆iHaveAsthma|gg wp
|c|☆iHaveAsthma|you too boss
|c|☆iHaveAsthma|but fr
|c|☆iHaveAsthma|that other team u play
|c|☆iHaveAsthma|insane
|c|☆iHaveAsthma|if i may say so
|
|t:|1639063593
|move|p1a: Darmanitan|Max Flare|p2a: Leão das Trevas
|-supereffective|p2a: Leão das Trevas
|-damage|p2a: Leão das Trevas|0 fnt
|faint|p2a: Leão das Trevas
|
|win|iHaveAsthma
|raw|iHaveAsthma's rating: 1859 &rarr; <strong>1873</strong><br />(+14 for winning)
|raw|Dragomer Ayaren's rating: 1744 &rarr; <strong>1730</strong><br />(-14 for losing)
|c|☆Dragomer Ayaren|yeah,,, I will back to it XD
|l|☆iHaveAsthma
|l|☆Dragomer Ayaren
|c| pokemasterbrendan|hmm high ladder players know each others well
||Ladder isn't responding, score probably updated but might not have (Request timeout).
