|j|☆Naofumi_Bakugo_Jax
|j|☆High ladder bros
|t:|1662521929
|gametype|singles
|player|p1|Naofumi_Bakugo_Jax|blue|1701
|player|p2|High ladder bros|adaman|1859
|teamsize|p1|6
|teamsize|p2|6
|gen|8
|tier|[Gen 8] National Dex AG
|rated|
|rule|HP Percentage Mod: HP is shown in percentages
|rule|Endless Battle Clause: Forcing endless battles is banned
|clearpoke
|poke|p1|Zacian-*|
|poke|p1|Calyrex-Shadow|
|poke|p1|Yveltal|
|poke|p1|Arceus-*|
|poke|p1|Swampert, M|
|poke|p1|Kyogre|
|poke|p2|Arceus-*|
|poke|p2|Groudon|
|poke|p2|Necrozma-Dusk-Mane|
|poke|p2|Rayquaza|
|poke|p2|Arceus-*|
|poke|p2|Arceus-*|
|teampreview
|inactive|Battle timer is ON: inactive players will automatically lose when time's up. (requested by High ladder bros)
|
|t:|1662521937
|start
|switch|p1a: Calyrex|Calyrex-Shadow|100/100
|switch|p2a: Groudon|Groudon, shiny|100/100
|-ability|p1a: Calyrex|As One
|-ability|p1a: Calyrex|Unnerve
|detailschange|p2a: Groudon|Groudon-Primal, shiny
|-primal|p2a: Groudon
|-weather|DesolateLand|[from] ability: Desolate Land|[of] p2a: Groudon
|turn|1
|
|t:|1662521945
|-weather|none
|switch|p2a: Arceus|Arceus-Dark, shiny|100/100
|move|p1a: Calyrex|Nasty Plot|p1a: Calyrex
|-boost|p1a: Calyrex|spa|2
|
|upkeep
|turn|2
|
|t:|1662521963
|move|p1a: Calyrex|Baton Pass|p1a: Calyrex
|
|t:|1662521965
|switch|p1a: Yveltal|Yveltal, shiny|100/100|[from]move: Baton Pass
|-ability|p1a: Yveltal|Dark Aura
|move|p2a: Arceus|Judgment|p1a: Yveltal
|-resisted|p1a: Yveltal
|-damage|p1a: Yveltal|75/100
|
|upkeep
|turn|3
|j| lemoncell0
|
|t:|1662521984
|-start|p1a: Yveltal|Dynamax|
|-heal|p1a: Yveltal|75/100|[silent]
|-start|p2a: Arceus|Dynamax|
|-heal|p2a: Arceus|100/100|[silent]
|move|p2a: Arceus|Max Guard|p2a: Arceus
|-singleturn|p2a: Arceus|Max Guard
|move|p1a: Yveltal|Max Airstream|p2a: Arceus
|-activate|p2a: Arceus|move: Max Guard
|
|upkeep
|turn|4
|inactive|Naofumi_Bakugo_Jax has 120 seconds left.
|
|t:|1662522014
|move|p1a: Yveltal|Max Darkness|p2a: Arceus
|-resisted|p2a: Arceus
|-damage|p2a: Arceus|77/100
|-unboost|p2a: Arceus|spd|1
|move|p2a: Arceus|Max Darkness|p1a: Yveltal
|-resisted|p1a: Yveltal
|-damage|p1a: Yveltal|56/100
|-unboost|p1a: Yveltal|spd|1
|
|upkeep
|turn|5
|c|☆High ladder bros|Damn caly pass
|
|t:|1662522022
|move|p2a: Arceus|Max Guard|p2a: Arceus
|-singleturn|p2a: Arceus|Max Guard
|move|p1a: Yveltal|Max Airstream|p2a: Arceus
|-activate|p2a: Arceus|move: Max Guard
|
|upkeep
|-end|p1a: Yveltal|Dynamax
|-heal|p1a: Yveltal|56/100|[silent]
|-end|p2a: Arceus|Dynamax
|-heal|p2a: Arceus|77/100|[silent]
|turn|6
|inactive|Naofumi_Bakugo_Jax has 120 seconds left.
|
|t:|1662522042
|switch|p2a: Groudon|Groudon-Primal, shiny|100/100
|-weather|DesolateLand|[from] ability: Desolate Land|[of] p2a: Groudon
|move|p1a: Yveltal|Oblivion Wing|p2a: Groudon
|-damage|p2a: Groudon|16/100
|-heal|p1a: Yveltal|100/100|[from] drain|[of] p2a: Groudon
|
|-weather|DesolateLand|[upkeep]
|upkeep
|turn|7
|
|t:|1662522045
|move|p1a: Yveltal|Oblivion Wing|p2a: Groudon
|-damage|p2a: Groudon|0 fnt
|faint|p2a: Groudon
|-weather|none
|
|upkeep
|
|t:|1662522047
|switch|p2a: Rayquaza|Rayquaza|100/100
|-ability|p2a: Rayquaza|Air Lock
|turn|8
|
|t:|1662522054
|detailschange|p2a: Rayquaza|Rayquaza-Mega
|-mega|p2a: Rayquaza|Rayquaza|
|-weather|DeltaStream|[from] ability: Delta Stream|[of] p2a: Rayquaza
|move|p1a: Yveltal|Oblivion Wing|p2a: Rayquaza
|-damage|p2a: Rayquaza|10/100
|move|p2a: Rayquaza|Dragon Ascent|p1a: Yveltal
|-damage|p1a: Yveltal|0 fnt
|-unboost|p2a: Rayquaza|def|1
|-unboost|p2a: Rayquaza|spd|1
|faint|p1a: Yveltal
|
|-weather|DeltaStream|[upkeep]
|upkeep
|
|t:|1662522078
|switch|p1a: Arceus|Arceus|100/100
|turn|9
|
|t:|1662522082
|move|p1a: Arceus|Extreme Speed|p2a: Rayquaza
|-damage|p2a: Rayquaza|0 fnt
|faint|p2a: Rayquaza
|-weather|none
|
|upkeep
|
|t:|1662522085
|switch|p2a: Woe|Arceus-Water, shiny|100/100
|turn|10
|
|t:|1662522096
|move|p2a: Woe|Will-O-Wisp|p1a: Arceus
|-status|p1a: Arceus|brn
|-enditem|p1a: Arceus|Lum Berry|[eat]
|-curestatus|p1a: Arceus|brn|[msg]
|move|p1a: Arceus|Thunder Wave|p2a: Woe
|-status|p2a: Woe|par
|
|upkeep
|turn|11
|
|t:|1662522110
|switch|p1a: Kyogre|Kyogre|100/100
|-weather|RainDance|[from] ability: Drizzle|[of] p1a: Kyogre
|cant|p2a: Woe|par
|
|-weather|RainDance|[upkeep]
|upkeep
|turn|12
|inactive|High ladder bros has 120 seconds left.
|inactive|High ladder bros has 90 seconds left.
|
|t:|1662522191
|switch|p2a: Ole reliable|Arceus-Ground, shiny|100/100
|move|p1a: Kyogre|Brine|p2a: Ole reliable
|-supereffective|p2a: Ole reliable
|-damage|p2a: Ole reliable|20/100
|
|-weather|RainDance|[upkeep]
|upkeep
|turn|13
|
|t:|1662522196
|move|p1a: Kyogre|Brine|p2a: Ole reliable
|-supereffective|p2a: Ole reliable
|-damage|p2a: Ole reliable|0 fnt
|faint|p2a: Ole reliable
|
|-weather|RainDance|[upkeep]
|upkeep
|
|t:|1662522198
|switch|p2a: Arceus|Arceus-Dark, shiny|77/100
|turn|14
|
|t:|1662522202
|move|p1a: Kyogre|Brine|p2a: Arceus
|-damage|p2a: Arceus|49/100
|move|p2a: Arceus|Judgment|p1a: Kyogre
|-damage|p1a: Kyogre|62/100
|
|-weather|RainDance|[upkeep]
|upkeep
|turn|15
|
|t:|1662522208
|move|p1a: Kyogre|Brine|p2a: Arceus
|-damage|p2a: Arceus|0 fnt
|faint|p2a: Arceus
|
|-weather|none
|upkeep
|
|t:|1662522217
|switch|p2a: Necrozma|Necrozma-Dusk-Mane, shiny|100/100
|turn|16
|
|t:|1662522229
|switch|p1a: Arceus|Arceus|100/100
|move|p2a: Necrozma|Dragon Dance|p2a: Necrozma
|-boost|p2a: Necrozma|atk|1
|-boost|p2a: Necrozma|spe|1
|
|upkeep
|turn|17
|
|t:|1662522233
|move|p2a: Necrozma|Dragon Dance|p2a: Necrozma
|-boost|p2a: Necrozma|atk|1
|-boost|p2a: Necrozma|spe|1
|move|p1a: Arceus|Tailwind|p1a: Arceus
|-sidestart|p1: Naofumi_Bakugo_Jax|move: Tailwind
|
|upkeep
|turn|18
|
|t:|1662522241
|move|p1a: Arceus|Thunder Wave|p2a: Necrozma
|-status|p2a: Necrozma|par
|move|p2a: Necrozma|Dragon Dance|p2a: Necrozma
|-boost|p2a: Necrozma|atk|1
|-boost|p2a: Necrozma|spe|1
|
|upkeep
|turn|19
|inactive|Naofumi_Bakugo_Jax has 120 seconds left.
|
|t:|1662522277
|switch|p1a: Zacian|Zacian-Crowned|100/100
|-ability|p1a: Zacian|Intrepid Sword|boost
|-boost|p1a: Zacian|atk|1
|cant|p2a: Necrozma|par
|
|upkeep
|turn|20
|
|t:|1662522288
|move|p1a: Zacian|Close Combat|p2a: Necrozma
|-damage|p2a: Necrozma|57/100 par
|-unboost|p1a: Zacian|def|1
|-unboost|p1a: Zacian|spd|1
|-damage|p1a: Zacian|84/100|[from] item: Rocky Helmet|[of] p2a: Necrozma
|move|p2a: Necrozma|Iron Head|p1a: Zacian
|-damage|p1a: Zacian|0 fnt
|faint|p1a: Zacian
|
|-sideend|p1: Naofumi_Bakugo_Jax|move: Tailwind
|upkeep
|-message|High ladder bros forfeited.
|
|win|Naofumi_Bakugo_Jax
|raw|Naofumi_Bakugo_Jax's rating: 1701 &rarr; <strong>1730</strong><br />(+29 for winning)
|raw|High ladder bros's rating: 1859 &rarr; <strong>1830</strong><br />(-29 for losing)
|l|☆High ladder bros
||Ladder isn't responding, score probably updated but might not have (Request timeout).
