|j|☆HiramP20
|j|☆PlatinumEA
|t:|1648791765
|gametype|singles
|player|p1|HiramP20|jasmine|1510
|player|p2|PlatinumEA|169|1685
|teamsize|p1|6
|teamsize|p2|6
|gen|8
|tier|[Gen 8] National Dex AG
|rated|
|rule|HP Percentage Mod: HP is shown in percentages
|rule|Endless Battle Clause: Forcing endless battles is banned
|clearpoke
|poke|p1|Arceus-*|
|poke|p1|Zamazenta-*|
|poke|p1|Deoxys-Defense|
|poke|p1|Eternatus|
|poke|p1|Genesect|
|poke|p1|Lugia|
|poke|p2|Arceus-*|
|poke|p2|Yveltal|
|poke|p2|Rayquaza|
|poke|p2|Zygarde|
|poke|p2|Ditto|
|poke|p2|Necrozma-Dusk-Mane|
|teampreview
|inactive|Battle timer is ON: inactive players will automatically lose when time's up. (requested by HiramP20)
|
|t:|1648791795
|start
|switch|p1a: Zamazenta|Zamazenta|100/100
|switch|p2a: Cabal On the Field|Arceus-Ground|100/100
|-ability|p1a: Zamazenta|Dauntless Shield|boost
|-boost|p1a: Zamazenta|def|1
|turn|1
|
|t:|1648791803
|move|p1a: Zamazenta|Focus Energy|p1a: Zamazenta
|-start|p1a: Zamazenta|move: Focus Energy
|move|p2a: Cabal On the Field|Swords Dance|p2a: Cabal On the Field
|-boost|p2a: Cabal On the Field|atk|2
|
|upkeep
|turn|2
|
|t:|1648791817
|-start|p2a: Cabal On the Field|Dynamax|
|-heal|p2a: Cabal On the Field|100/100|[silent]
|move|p2a: Cabal On the Field|Max Guard|p2a: Cabal On the Field
|-singleturn|p2a: Cabal On the Field|Max Guard
|move|p1a: Zamazenta|Close Combat|p2a: Cabal On the Field
|-activate|p2a: Cabal On the Field|move: Max Guard
|
|upkeep
|turn|3
|
|t:|1648791827
|move|p1a: Zamazenta|Iron Head|p2a: Cabal On the Field
|-crit|p2a: Cabal On the Field
|-damage|p2a: Cabal On the Field|82/100
|move|p2a: Cabal On the Field|Max Quake|p1a: Zamazenta
|-damage|p1a: Zamazenta|4/100
|-boost|p2a: Cabal On the Field|spd|1
|
|upkeep
|turn|4
|
|t:|1648791835
|move|p1a: Zamazenta|Close Combat|p2a: Cabal On the Field
|-crit|p2a: Cabal On the Field
|-damage|p2a: Cabal On the Field|41/100
|-unboost|p1a: Zamazenta|def|1
|-unboost|p1a: Zamazenta|spd|1
|move|p2a: Cabal On the Field|Max Quake|p1a: Zamazenta
|-damage|p1a: Zamazenta|0 fnt
|-boost|p2a: Cabal On the Field|spd|1
|faint|p1a: Zamazenta
|
|-end|p2a: Cabal On the Field|Dynamax
|-heal|p2a: Cabal On the Field|41/100|[silent]
|upkeep
|
|t:|1648791857
|switch|p1a: Lugia|Lugia|100/100
|turn|5
|
|t:|1648791865
|move|p2a: Cabal On the Field|Recover|p2a: Cabal On the Field
|-heal|p2a: Cabal On the Field|92/100
|move|p1a: Lugia|Aeroblast|p2a: Cabal On the Field
|-damage|p2a: Cabal On the Field|74/100
|
|upkeep
|turn|6
|inactive|HiramP20 has 120 seconds left.
|
|t:|1648791891
|switch|p1a: Deoxys|Deoxys-Defense|100/100
|-ability|p1a: Deoxys|Pressure
|move|p2a: Cabal On the Field|Stone Edge|p1a: Deoxys|[miss]
|-miss|p2a: Cabal On the Field|p1a: Deoxys
|
|upkeep
|turn|7
|
|t:|1648791898
|move|p2a: Cabal On the Field|Earthquake|p1a: Deoxys
|-damage|p1a: Deoxys|29/100
|move|p1a: Deoxys|Toxic|p2a: Cabal On the Field
|-status|p2a: Cabal On the Field|tox
|
|-heal|p1a: Deoxys|36/100|[from] item: Leftovers
|-damage|p2a: Cabal On the Field|68/100 tox|[from] psn
|upkeep
|turn|8
|
|t:|1648791906
|move|p1a: Deoxys|Protect|p1a: Deoxys
|-singleturn|p1a: Deoxys|Protect
|move|p2a: Cabal On the Field|Stone Edge|p1a: Deoxys
|-activate|p1a: Deoxys|move: Protect
|
|-heal|p1a: Deoxys|42/100|[from] item: Leftovers
|-damage|p2a: Cabal On the Field|56/100 tox|[from] psn
|upkeep
|turn|9
|
|t:|1648791915
|move|p2a: Cabal On the Field|Stone Edge|p1a: Deoxys
|-damage|p1a: Deoxys|0 fnt
|faint|p1a: Deoxys
|
|-damage|p2a: Cabal On the Field|38/100 tox|[from] psn
|upkeep
|
|t:|1648791931
|switch|p1a: Genesect|Genesect, shiny|100/100
|-ability|p1a: Genesect|Download|boost
|-boost|p1a: Genesect|atk|1
|turn|10
|
|t:|1648791939
|move|p1a: Genesect|Extreme Speed|p2a: Cabal On the Field
|-damage|p2a: Cabal On the Field|2/100 tox
|move|p2a: Cabal On the Field|Earthquake|p1a: Genesect
|-damage|p1a: Genesect|0 fnt
|faint|p1a: Genesect
|
|-damage|p2a: Cabal On the Field|0 fnt|[from] psn
|faint|p2a: Cabal On the Field
|upkeep
|
|t:|1648791955
|switch|p2a: You're Invading|Ditto|100/100
|switch|p1a: Eternatus|Eternatus|100/100
|-ability|p1a: Eternatus|Pressure
|-transform|p2a: You're Invading|p1a: Eternatus|[from] ability: Imposter
|-ability|p2a: You're Invading|Pressure
|turn|11
|
|t:|1648791967
|switch|p2a: Watch Your Back|Yveltal|100/100
|-ability|p2a: Watch Your Back|Dark Aura
|move|p1a: Eternatus|Dynamax Cannon|p2a: Watch Your Back
|-damage|p2a: Watch Your Back|77/100
|
|upkeep
|turn|12
|
|t:|1648791978
|move|p1a: Eternatus|Cosmic Power|p1a: Eternatus
|-boost|p1a: Eternatus|def|1
|-boost|p1a: Eternatus|spd|1
|move|p2a: Watch Your Back|Snarl|p1a: Eternatus
|-damage|p1a: Eternatus|83/100
|-unboost|p1a: Eternatus|spa|1
|
|upkeep
|turn|13
|
|t:|1648791998
|switch|p1a: Lugia|Lugia|100/100
|move|p2a: Watch Your Back|U-turn|p1a: Lugia
|-damage|p1a: Lugia|95/100
|
|t:|1648792008
|switch|p2a: You're Invading|Ditto|100/100|[from]move: U-turn
|-transform|p2a: You're Invading|p1a: Lugia|[from] ability: Imposter
|
|upkeep
|turn|14
|
|t:|1648792016
|switch|p2a: Medium Blocker|Zygarde|100/100
|move|p1a: Lugia|Thunder Wave|p2a: Medium Blocker
|-immune|p2a: Medium Blocker
|
|upkeep
|turn|15
|
|t:|1648792024
|move|p2a: Medium Blocker|Substitute|p2a: Medium Blocker
|-start|p2a: Medium Blocker|Substitute
|-damage|p2a: Medium Blocker|75/100
|move|p1a: Lugia|Psycho Boost|p2a: Medium Blocker
|-end|p2a: Medium Blocker|Substitute
|-unboost|p1a: Lugia|spa|2
|-enditem|p1a: Lugia|White Herb
|-clearnegativeboost|p1a: Lugia|[silent]
|
|-heal|p2a: Medium Blocker|82/100|[from] item: Leftovers
|upkeep
|turn|16
|
|t:|1648792042
|switch|p1a: Arceus|Arceus-Steel, shiny|100/100
|move|p2a: Medium Blocker|Substitute|p2a: Medium Blocker
|-start|p2a: Medium Blocker|Substitute
|-damage|p2a: Medium Blocker|57/100
|
|-heal|p2a: Medium Blocker|63/100|[from] item: Leftovers
|upkeep
|turn|17
|
|t:|1648792049
|move|p1a: Arceus|Calm Mind|p1a: Arceus
|-boost|p1a: Arceus|spa|1
|-boost|p1a: Arceus|spd|1
|move|p2a: Medium Blocker|Glare|p1a: Arceus
|-status|p1a: Arceus|par
|
|-heal|p2a: Medium Blocker|69/100|[from] item: Leftovers
|upkeep
|turn|18
|
|t:|1648792056
|move|p2a: Medium Blocker|Coil|p2a: Medium Blocker
|-boost|p2a: Medium Blocker|atk|1
|-boost|p2a: Medium Blocker|def|1
|-boost|p2a: Medium Blocker|accuracy|1
|move|p1a: Arceus|Calm Mind|p1a: Arceus
|-boost|p1a: Arceus|spa|1
|-boost|p1a: Arceus|spd|1
|
|-heal|p2a: Medium Blocker|75/100|[from] item: Leftovers
|upkeep
|turn|19
|
|t:|1648792068
|-start|p1a: Arceus|Dynamax|
|-heal|p1a: Arceus|100/100 par|[silent]
|move|p2a: Medium Blocker|Thousand Arrows|p1a: Arceus
|-supereffective|p1a: Arceus
|-damage|p1a: Arceus|63/100 par
|move|p1a: Arceus|Max Steelspike|p2a: Medium Blocker
|-end|p2a: Medium Blocker|Substitute
|-boost|p1a: Arceus|def|1
|
|-heal|p2a: Medium Blocker|81/100|[from] item: Leftovers
|upkeep
|turn|20
|
|t:|1648792085
|move|p2a: Medium Blocker|Substitute|p2a: Medium Blocker
|-start|p2a: Medium Blocker|Substitute
|-damage|p2a: Medium Blocker|56/100
|move|p1a: Arceus|Max Steelspike|p2a: Medium Blocker
|-end|p2a: Medium Blocker|Substitute
|-boost|p1a: Arceus|def|1
|
|-heal|p2a: Medium Blocker|63/100|[from] item: Leftovers
|upkeep
|turn|21
|
|t:|1648792093
|move|p2a: Medium Blocker|Substitute|p2a: Medium Blocker
|-start|p2a: Medium Blocker|Substitute
|-damage|p2a: Medium Blocker|38/100
|move|p1a: Arceus|Max Steelspike|p2a: Medium Blocker
|-end|p2a: Medium Blocker|Substitute
|-boost|p1a: Arceus|def|1
|
|-heal|p2a: Medium Blocker|44/100|[from] item: Leftovers
|-activate|p2a: Medium Blocker|ability: Power Construct
|detailschange|p2a: Medium Blocker|Zygarde-Complete
|-heal|p2a: Medium Blocker|63/100|[silent]
|-end|p1a: Arceus|Dynamax
|-heal|p1a: Arceus|63/100 par|[silent]
|upkeep
|turn|22
|
|t:|1648792106
|move|p2a: Medium Blocker|Thousand Arrows|p1a: Arceus
|-supereffective|p1a: Arceus
|-damage|p1a: Arceus|35/100 par
|move|p1a: Arceus|Judgment|p2a: Medium Blocker
|-damage|p2a: Medium Blocker|6/100
|
|-heal|p2a: Medium Blocker|12/100|[from] item: Leftovers
|upkeep
|turn|23
|c|☆PlatinumEA|That set is so dumb
|
|t:|1648792113
|move|p2a: Medium Blocker|Coil|p2a: Medium Blocker
|-boost|p2a: Medium Blocker|atk|1
|-boost|p2a: Medium Blocker|def|1
|-boost|p2a: Medium Blocker|accuracy|1
|cant|p1a: Arceus|par
|
|-heal|p2a: Medium Blocker|18/100|[from] item: Leftovers
|upkeep
|turn|24
|
|t:|1648792120
|move|p2a: Medium Blocker|Thousand Arrows|p1a: Arceus
|-supereffective|p1a: Arceus
|-crit|p1a: Arceus
|-damage|p1a: Arceus|0 fnt
|faint|p1a: Arceus
|
|-heal|p2a: Medium Blocker|24/100|[from] item: Leftovers
|upkeep
|c|☆PlatinumEA|So easy
|
|t:|1648792127
|switch|p1a: Eternatus|Eternatus|83/100
|-ability|p1a: Eternatus|Pressure
|turn|25
|
|t:|1648792132
|switch|p2a: Watch Your Back|Yveltal|77/100
|-ability|p2a: Watch Your Back|Dark Aura
|move|p1a: Eternatus|Dynamax Cannon|p2a: Watch Your Back
|-damage|p2a: Watch Your Back|51/100
|
|upkeep
|turn|26
|c|☆PlatinumEA|Nice try
|
|t:|1648792140
|move|p1a: Eternatus|Dynamax Cannon|p2a: Watch Your Back
|-damage|p2a: Watch Your Back|25/100
|move|p2a: Watch Your Back|Roost|p2a: Watch Your Back
|-heal|p2a: Watch Your Back|75/100
|-singleturn|p2a: Watch Your Back|move: Roost
|
|upkeep
|turn|27
|
|t:|1648792150
|move|p1a: Eternatus|Dynamax Cannon|p2a: Watch Your Back
|-damage|p2a: Watch Your Back|49/100
|move|p2a: Watch Your Back|Roost|p2a: Watch Your Back
|-heal|p2a: Watch Your Back|99/100
|-singleturn|p2a: Watch Your Back|move: Roost
|
|upkeep
|turn|28
|
|t:|1648792156
|move|p1a: Eternatus|Dynamax Cannon|p2a: Watch Your Back
|-damage|p2a: Watch Your Back|72/100
|move|p2a: Watch Your Back|Snarl|p1a: Eternatus
|-damage|p1a: Eternatus|55/100
|-unboost|p1a: Eternatus|spa|1
|
|upkeep
|turn|29
|
|t:|1648792162
|move|p1a: Eternatus|Dynamax Cannon|p2a: Watch Your Back
|-damage|p2a: Watch Your Back|54/100
|move|p2a: Watch Your Back|U-turn|p1a: Eternatus
|-resisted|p1a: Eternatus
|-damage|p1a: Eternatus|48/100
|-damage|p2a: Watch Your Back|37/100|[from] item: Rocky Helmet|[of] p1a: Eternatus
|
|t:|1648792171
|switch|p2a: Giant Blocker|Necrozma-Dusk-Mane|100/100|[from]move: U-turn
|
|upkeep
|turn|30
|
|t:|1648792175
|move|p1a: Eternatus|Recover|p1a: Eternatus
|-heal|p1a: Eternatus|99/100
|move|p2a: Giant Blocker|Stealth Rock|p1a: Eternatus
|-sidestart|p1: HiramP20|move: Stealth Rock
|
|upkeep
|turn|31
|
|t:|1648792180
|move|p1a: Eternatus|Cosmic Power|p1a: Eternatus
|-boost|p1a: Eternatus|def|1
|-boost|p1a: Eternatus|spd|1
|move|p2a: Giant Blocker|Thunder Wave|p1a: Eternatus
|-status|p1a: Eternatus|par
|
|upkeep
|turn|32
|
|t:|1648792187
|switch|p2a: Watch Your Back|Yveltal|37/100
|-ability|p2a: Watch Your Back|Dark Aura
|move|p1a: Eternatus|Cosmic Power|p1a: Eternatus
|-boost|p1a: Eternatus|def|1
|-boost|p1a: Eternatus|spd|1
|
|upkeep
|turn|33
|
|t:|1648792194
|move|p2a: Watch Your Back|Roost|p2a: Watch Your Back
|-heal|p2a: Watch Your Back|87/100
|-singleturn|p2a: Watch Your Back|move: Roost
|cant|p1a: Eternatus|par
|
|upkeep
|turn|34
|
|t:|1648792200
|move|p2a: Watch Your Back|Snarl|p1a: Eternatus
|-damage|p1a: Eternatus|86/100 par
|-unboost|p1a: Eternatus|spa|1
|move|p1a: Eternatus|Flamethrower|p2a: Watch Your Back
|-crit|p2a: Watch Your Back
|-damage|p2a: Watch Your Back|65/100
|
|upkeep
|turn|35
|
|t:|1648792207
|move|p2a: Watch Your Back|U-turn|p1a: Eternatus
|-resisted|p1a: Eternatus
|-damage|p1a: Eternatus|83/100 par
|-damage|p2a: Watch Your Back|49/100|[from] item: Rocky Helmet|[of] p1a: Eternatus
|
|t:|1648792217
|switch|p2a: You're Invading|Ditto|100/100|[from]move: U-turn
|-transform|p2a: You're Invading|p1a: Eternatus|[from] ability: Imposter
|-ability|p2a: You're Invading|Pressure
|move|p1a: Eternatus|Flamethrower|p2a: You're Invading
|-resisted|p2a: You're Invading
|-damage|p2a: You're Invading|96/100
|
|upkeep
|turn|36
|
|t:|1648792226
|move|p2a: You're Invading|Dynamax Cannon|p1a: Eternatus
|-supereffective|p1a: Eternatus
|-damage|p1a: Eternatus|61/100 par
|move|p1a: Eternatus|Dynamax Cannon|p2a: You're Invading
|-supereffective|p2a: You're Invading
|-damage|p2a: You're Invading|69/100
|
|upkeep
|turn|37
|
|t:|1648792234
|switch|p2a: Watch Your Back|Yveltal|49/100
|-ability|p2a: Watch Your Back|Dark Aura
|move|p1a: Eternatus|Recover|p1a: Eternatus
|-heal|p1a: Eternatus|100/100 par
|
|upkeep
|turn|38
|
|t:|1648792243
|move|p2a: Watch Your Back|Roost|p2a: Watch Your Back
|-heal|p2a: Watch Your Back|99/100
|-singleturn|p2a: Watch Your Back|move: Roost
|move|p1a: Eternatus|Flamethrower|p2a: Watch Your Back
|-damage|p2a: Watch Your Back|91/100
|
|upkeep
|turn|39
|
|t:|1648792249
|switch|p2a: You're Invading|Ditto|69/100
|-transform|p2a: You're Invading|p1a: Eternatus|[from] ability: Imposter
|-ability|p2a: You're Invading|Pressure
|move|p1a: Eternatus|Flamethrower|p2a: You're Invading
|-resisted|p2a: You're Invading
|-damage|p2a: You're Invading|65/100
|
|upkeep
|turn|40
|
|t:|1648792259
|move|p2a: You're Invading|Recover|p2a: You're Invading
|-heal|p2a: You're Invading|100/100
|move|p1a: Eternatus|Cosmic Power|p1a: Eternatus
|-boost|p1a: Eternatus|def|1
|-boost|p1a: Eternatus|spd|1
|
|upkeep
|turn|41
|
|t:|1648792275
|switch|p2a: Medium Blocker|Zygarde-Complete|24/100
|move|p1a: Eternatus|Cosmic Power|p1a: Eternatus
|-boost|p1a: Eternatus|def|1
|-boost|p1a: Eternatus|spd|1
|
|-heal|p2a: Medium Blocker|30/100|[from] item: Leftovers
|upkeep
|turn|42
|
|t:|1648792283
|move|p2a: Medium Blocker|Coil|p2a: Medium Blocker
|-boost|p2a: Medium Blocker|atk|1
|-boost|p2a: Medium Blocker|def|1
|-boost|p2a: Medium Blocker|accuracy|1
|move|p1a: Eternatus|Flamethrower|p2a: Medium Blocker
|-resisted|p2a: Medium Blocker
|-damage|p2a: Medium Blocker|26/100
|
|-heal|p2a: Medium Blocker|33/100|[from] item: Leftovers
|upkeep
|turn|43
|
|t:|1648792291
|move|p2a: Medium Blocker|Substitute|p2a: Medium Blocker
|-start|p2a: Medium Blocker|Substitute
|-damage|p2a: Medium Blocker|8/100
|move|p1a: Eternatus|Flamethrower|p2a: Medium Blocker
|-resisted|p2a: Medium Blocker
|-activate|p2a: Medium Blocker|move: Substitute|[damage]
|
|-heal|p2a: Medium Blocker|14/100|[from] item: Leftovers
|upkeep
|turn|44
|
|t:|1648792301
|move|p2a: Medium Blocker|Coil|p2a: Medium Blocker
|-boost|p2a: Medium Blocker|atk|1
|-boost|p2a: Medium Blocker|def|1
|-boost|p2a: Medium Blocker|accuracy|1
|move|p1a: Eternatus|Cosmic Power|p1a: Eternatus
|-boost|p1a: Eternatus|def|1
|-boost|p1a: Eternatus|spd|1
|
|-heal|p2a: Medium Blocker|20/100|[from] item: Leftovers
|upkeep
|turn|45
|
|t:|1648792309
|move|p2a: Medium Blocker|Coil|p2a: Medium Blocker
|-boost|p2a: Medium Blocker|atk|1
|-boost|p2a: Medium Blocker|def|1
|-boost|p2a: Medium Blocker|accuracy|1
|move|p1a: Eternatus|Cosmic Power|p1a: Eternatus
|-boost|p1a: Eternatus|def|1
|-boost|p1a: Eternatus|spd|1
|
|-heal|p2a: Medium Blocker|26/100|[from] item: Leftovers
|upkeep
|turn|46
|
|t:|1648792318
|move|p2a: Medium Blocker|Coil|p2a: Medium Blocker
|-boost|p2a: Medium Blocker|atk|1
|-boost|p2a: Medium Blocker|def|1
|-boost|p2a: Medium Blocker|accuracy|1
|move|p1a: Eternatus|Flamethrower|p2a: Medium Blocker
|-resisted|p2a: Medium Blocker
|-activate|p2a: Medium Blocker|move: Substitute|[damage]
|
|-heal|p2a: Medium Blocker|32/100|[from] item: Leftovers
|upkeep
|turn|47
|
|t:|1648792326
|move|p2a: Medium Blocker|Coil|p2a: Medium Blocker
|-boost|p2a: Medium Blocker|atk|1
|-boost|p2a: Medium Blocker|def|1
|-boost|p2a: Medium Blocker|accuracy|1
|move|p1a: Eternatus|Flamethrower|p2a: Medium Blocker
|-resisted|p2a: Medium Blocker
|-activate|p2a: Medium Blocker|move: Substitute|[damage]
|
|-heal|p2a: Medium Blocker|38/100|[from] item: Leftovers
|upkeep
|turn|48
|
|t:|1648792343
|move|p2a: Medium Blocker|Coil|p2a: Medium Blocker
|-boost|p2a: Medium Blocker|atk|1
|-boost|p2a: Medium Blocker|def|1
|-boost|p2a: Medium Blocker|accuracy|1
|cant|p1a: Eternatus|par
|
|-heal|p2a: Medium Blocker|44/100|[from] item: Leftovers
|upkeep
|turn|49
|
|t:|1648792351
|move|p2a: Medium Blocker|Thousand Arrows|p1a: Eternatus
|-supereffective|p1a: Eternatus
|-damage|p1a: Eternatus|63/100 par
|move|p1a: Eternatus|Flamethrower|p2a: Medium Blocker
|-resisted|p2a: Medium Blocker
|-activate|p2a: Medium Blocker|move: Substitute|[damage]
|
|-heal|p2a: Medium Blocker|50/100|[from] item: Leftovers
|upkeep
|turn|50
|
|t:|1648792359
|move|p2a: Medium Blocker|Thousand Arrows|p1a: Eternatus
|-supereffective|p1a: Eternatus
|-damage|p1a: Eternatus|24/100 par
|cant|p1a: Eternatus|par
|
|-heal|p2a: Medium Blocker|57/100|[from] item: Leftovers
|upkeep
|turn|51
|
|t:|1648792369
|move|p2a: Medium Blocker|Thousand Arrows|p1a: Eternatus
|-supereffective|p1a: Eternatus
|-damage|p1a: Eternatus|0 fnt
|faint|p1a: Eternatus
|
|-heal|p2a: Medium Blocker|63/100|[from] item: Leftovers
|upkeep
|
|t:|1648792376
|switch|p1a: Lugia|Lugia|95/100
|-damage|p1a: Lugia|70/100|[from] Stealth Rock
|turn|52
|
|t:|1648792381
|move|p1a: Lugia|Aeroblast|p2a: Medium Blocker
|-end|p2a: Medium Blocker|Substitute
|move|p2a: Medium Blocker|Glare|p1a: Lugia
|-status|p1a: Lugia|par
|
|-heal|p2a: Medium Blocker|69/100|[from] item: Leftovers
|upkeep
|turn|53
|
|t:|1648792388
|move|p2a: Medium Blocker|Substitute|p2a: Medium Blocker
|-start|p2a: Medium Blocker|Substitute
|-damage|p2a: Medium Blocker|44/100
|move|p1a: Lugia|Psycho Boost|p2a: Medium Blocker
|-end|p2a: Medium Blocker|Substitute
|-unboost|p1a: Lugia|spa|2
|
|-heal|p2a: Medium Blocker|50/100|[from] item: Leftovers
|upkeep
|turn|54
|
|t:|1648792395
|move|p2a: Medium Blocker|Substitute|p2a: Medium Blocker
|-start|p2a: Medium Blocker|Substitute
|-damage|p2a: Medium Blocker|25/100
|move|p1a: Lugia|Psycho Boost|p2a: Medium Blocker
|-activate|p2a: Medium Blocker|move: Substitute|[damage]
|-unboost|p1a: Lugia|spa|2
|
|-heal|p2a: Medium Blocker|31/100|[from] item: Leftovers
|upkeep
|turn|55
|
|t:|1648792404
|move|p2a: Medium Blocker|Thousand Arrows|p1a: Lugia
|-damage|p1a: Lugia|0 fnt
|faint|p1a: Lugia
|
|win|PlatinumEA
|raw|HiramP20's rating: 1510 &rarr; <strong>1499</strong><br />(-11 for losing)
|raw|PlatinumEA's rating: 1685 &rarr; <strong>1696</strong><br />(+11 for winning)
|l|☆HiramP20
