|j|☆Clownnin
|j|☆xqiht
|t:|1665015989
|gametype|singles
|player|p1|Clownnin|clown|1775
|player|p2|xqiht|elesa-masters|1656
|teamsize|p1|6
|teamsize|p2|6
|gen|8
|tier|[Gen 8] National Dex AG
|rated|
|rule|HP Percentage Mod: HP is shown in percentages
|rule|Endless Battle Clause: Forcing endless battles is banned
|clearpoke
|poke|p1|Arceus-*|
|poke|p1|Arceus-*|
|poke|p1|Arceus-*|
|poke|p1|Arceus-*|
|poke|p1|Arceus-*|
|poke|p1|Arceus-*|
|poke|p2|Rayquaza|
|poke|p2|Kyogre|
|poke|p2|Necrozma-Dusk-Mane|
|poke|p2|Zacian-*|
|poke|p2|Zygarde|
|poke|p2|Yveltal|
|teampreview
|inactive|Battle timer is ON: inactive players will automatically lose when time's up. (requested by Clownnin)
|c|☆xqiht|cool team
|
|t:|1665016004
|start
|switch|p1a: Arceus|Arceus-Ground|100/100
|switch|p2a: Necrozma|Necrozma-Dusk-Mane|100/100
|turn|1
|
|t:|1665016008
|switch|p2a: Yveltal|Yveltal|100/100
|-ability|p2a: Yveltal|Dark Aura
|move|p1a: Arceus|Stealth Rock|p2a: Yveltal
|-sidestart|p2: xqiht|move: Stealth Rock
|
|upkeep
|turn|2
|
|t:|1665016012
|move|p1a: Arceus|Ice Beam|p2a: Yveltal
|-supereffective|p2a: Yveltal
|-damage|p2a: Yveltal|64/100
|move|p2a: Yveltal|Defog|p1a: Arceus
|-unboost|p1a: Arceus|evasion|1
|-sideend|p2: xqiht|Stealth Rock|[from] move: Defog|[of] p2a: Yveltal
|
|upkeep
|turn|3
|
|t:|1665016023
|move|p1a: Arceus|Stealth Rock|p2a: Yveltal
|-sidestart|p2: xqiht|move: Stealth Rock
|move|p2a: Yveltal|Roost|p2a: Yveltal
|-heal|p2a: Yveltal|100/100
|-singleturn|p2a: Yveltal|move: Roost
|
|upkeep
|turn|4
|
|t:|1665016038
|switch|p2a: Necrozma|Necrozma-Dusk-Mane|100/100
|-damage|p2a: Necrozma|94/100|[from] Stealth Rock
|move|p1a: Arceus|Ice Beam|p2a: Necrozma
|-resisted|p2a: Necrozma
|-damage|p2a: Necrozma|80/100
|
|upkeep
|turn|5
|
|t:|1665016043
|move|p1a: Arceus|Judgment|p2a: Necrozma
|-supereffective|p2a: Necrozma
|-damage|p2a: Necrozma|1/100
|move|p2a: Necrozma|Morning Sun|p2a: Necrozma
|-heal|p2a: Necrozma|51/100
|
|upkeep
|turn|6
|
|t:|1665016049
|switch|p2a: Yveltal|Yveltal|100/100
|-ability|p2a: Yveltal|Dark Aura
|move|p1a: Arceus|Ice Beam|p2a: Yveltal
|-supereffective|p2a: Yveltal
|-damage|p2a: Yveltal|66/100
|
|upkeep
|turn|7
|
|t:|1665016054
|move|p1a: Arceus|Ice Beam|p2a: Yveltal
|-supereffective|p2a: Yveltal
|-damage|p2a: Yveltal|33/100
|move|p2a: Yveltal|Snarl|p1a: Arceus
|-damage|p1a: Arceus|79/100
|-unboost|p1a: Arceus|spa|1
|
|upkeep
|turn|8
|
|t:|1665016063
|switch|p1a: Arceus|Arceus-Fairy|100/100
|move|p2a: Yveltal|Roost|p2a: Yveltal
|-heal|p2a: Yveltal|83/100
|-singleturn|p2a: Yveltal|move: Roost
|
|upkeep
|turn|9
|
|t:|1665016067
|switch|p2a: Necrozma|Necrozma-Dusk-Mane|51/100
|-damage|p2a: Necrozma|45/100|[from] Stealth Rock
|move|p1a: Arceus|Judgment|p2a: Necrozma
|-resisted|p2a: Necrozma
|-damage|p2a: Necrozma|26/100
|
|upkeep
|turn|10
|
|t:|1665016072
|switch|p1a: Arceus|Arceus-Ground|79/100
|move|p2a: Necrozma|Morning Sun|p2a: Necrozma
|-heal|p2a: Necrozma|76/100
|
|upkeep
|turn|11
|
|t:|1665016076
|switch|p2a: Yveltal|Yveltal|83/100
|-ability|p2a: Yveltal|Dark Aura
|move|p1a: Arceus|Judgment|p2a: Yveltal
|-immune|p2a: Yveltal
|
|upkeep
|turn|12
|
|t:|1665016078
|move|p1a: Arceus|Ice Beam|p2a: Yveltal
|-supereffective|p2a: Yveltal
|-damage|p2a: Yveltal|46/100
|move|p2a: Yveltal|Snarl|p1a: Arceus|[miss]
|-miss|p2a: Yveltal|p1a: Arceus
|
|upkeep
|turn|13
|
|t:|1665016083
|move|p1a: Arceus|Ice Beam|p2a: Yveltal
|-supereffective|p2a: Yveltal
|-damage|p2a: Yveltal|13/100
|move|p2a: Yveltal|Roost|p2a: Yveltal
|-heal|p2a: Yveltal|64/100
|-singleturn|p2a: Yveltal|move: Roost
|
|upkeep
|turn|14
|
|t:|1665016090
|move|p1a: Arceus|Ice Beam|p2a: Yveltal
|-supereffective|p2a: Yveltal
|-damage|p2a: Yveltal|25/100
|move|p2a: Yveltal|Roost|p2a: Yveltal
|-heal|p2a: Yveltal|75/100
|-singleturn|p2a: Yveltal|move: Roost
|
|upkeep
|turn|15
|
|t:|1665016093
|move|p1a: Arceus|Ice Beam|p2a: Yveltal
|-supereffective|p2a: Yveltal
|-damage|p2a: Yveltal|41/100
|move|p2a: Yveltal|Snarl|p1a: Arceus
|-damage|p1a: Arceus|56/100
|-unboost|p1a: Arceus|spa|1
|
|upkeep
|turn|16
|
|t:|1665016098
|move|p1a: Arceus|Ice Beam|p2a: Yveltal
|-supereffective|p2a: Yveltal
|-damage|p2a: Yveltal|19/100
|move|p2a: Yveltal|Roost|p2a: Yveltal
|-heal|p2a: Yveltal|69/100
|-singleturn|p2a: Yveltal|move: Roost
|
|upkeep
|turn|17
|
|t:|1665016103
|switch|p1a: Arceus|Arceus-Fairy|100/100
|move|p2a: Yveltal|Snarl|p1a: Arceus
|-resisted|p1a: Arceus
|-damage|p1a: Arceus|89/100
|-unboost|p1a: Arceus|spa|1
|
|upkeep
|turn|18
|
|t:|1665016109
|switch|p1a: Arceus|Arceus-Ground|56/100
|switch|p2a: Zacian|Zacian-Crowned|100/100
|-damage|p2a: Zacian|94/100|[from] Stealth Rock
|-ability|p2a: Zacian|Intrepid Sword|boost
|-boost|p2a: Zacian|atk|1
|
|upkeep
|turn|19
|
|t:|1665016114
|-start|p1a: Arceus|Dynamax|
|-heal|p1a: Arceus|56/100|[silent]
|move|p2a: Zacian|Behemoth Blade|p1a: Arceus
|-damage|p1a: Arceus|0 fnt
|faint|p1a: Arceus
|
|upkeep
|
|t:|1665016119
|switch|p1a: Arceus|Arceus-Water|100/100
|turn|20
|
|t:|1665016121
|move|p2a: Zacian|Wild Charge|p1a: Arceus
|-supereffective|p1a: Arceus
|-damage|p1a: Arceus|42/100
|-damage|p2a: Zacian|74/100|[from] Recoil
|move|p1a: Arceus|Judgment|p2a: Zacian
|-damage|p2a: Zacian|26/100
|
|upkeep
|turn|21
|
|t:|1665016124
|move|p2a: Zacian|Wild Charge|p1a: Arceus
|-supereffective|p1a: Arceus
|-damage|p1a: Arceus|0 fnt
|faint|p1a: Arceus
|-damage|p2a: Zacian|12/100|[from] Recoil
|
|upkeep
|
|t:|1665016128
|switch|p1a: Arceus|Arceus-Ghost|100/100
|turn|22
|
|t:|1665016133
|move|p1a: Arceus|Extreme Speed|p2a: Zacian
|-resisted|p2a: Zacian
|-damage|p2a: Zacian|0 fnt
|faint|p2a: Zacian
|
|upkeep
|
|t:|1665016144
|switch|p2a: Zygarde|Zygarde|100/100
|-damage|p2a: Zygarde|94/100|[from] Stealth Rock
|turn|23
|
|t:|1665016147
|move|p1a: Arceus|Swords Dance|p1a: Arceus
|-boost|p1a: Arceus|atk|2
|move|p2a: Zygarde|Glare|p1a: Arceus
|-status|p1a: Arceus|par
|
|-heal|p2a: Zygarde|100/100|[from] item: Leftovers
|upkeep
|turn|24
|
|t:|1665016149
|move|p2a: Zygarde|Haze|p2a: Zygarde
|-clearallboost
|-zpower|p1a: Arceus
|move|p1a: Arceus|Never-Ending Nightmare|p2a: Zygarde|[zeffect]
|-damage|p2a: Zygarde|51/100
|
|-heal|p2a: Zygarde|58/100|[from] item: Leftovers
|upkeep
|turn|25
|
|t:|1665016157
|switch|p1a: Arceus|Arceus-Fairy|89/100
|move|p2a: Zygarde|Thousand Arrows|p1a: Arceus
|-damage|p1a: Arceus|70/100
|
|-heal|p2a: Zygarde|64/100|[from] item: Leftovers
|upkeep
|turn|26
|
|t:|1665016163
|switch|p1a: Arceus|Arceus-Dark|100/100
|switch|p2a: Necrozma|Necrozma-Dusk-Mane|76/100
|-damage|p2a: Necrozma|70/100|[from] Stealth Rock
|
|upkeep
|turn|27
|
|t:|1665016167
|switch|p2a: Yveltal|Yveltal|69/100
|-ability|p2a: Yveltal|Dark Aura
|move|p1a: Arceus|Calm Mind|p1a: Arceus
|-boost|p1a: Arceus|spa|1
|-boost|p1a: Arceus|spd|1
|
|upkeep
|turn|28
|
|t:|1665016178
|move|p1a: Arceus|Calm Mind|p1a: Arceus
|-boost|p1a: Arceus|spa|1
|-boost|p1a: Arceus|spd|1
|move|p2a: Yveltal|Snarl|p1a: Arceus|[miss]
|-miss|p2a: Yveltal|p1a: Arceus
|
|upkeep
|turn|29
|
|t:|1665016181
|move|p1a: Arceus|Calm Mind|p1a: Arceus
|-boost|p1a: Arceus|spa|1
|-boost|p1a: Arceus|spd|1
|move|p2a: Yveltal|Snarl|p1a: Arceus
|-resisted|p1a: Arceus
|-damage|p1a: Arceus|96/100
|-unboost|p1a: Arceus|spa|1
|
|upkeep
|turn|30
|
|t:|1665016183
|move|p1a: Arceus|Calm Mind|p1a: Arceus
|-boost|p1a: Arceus|spa|1
|-boost|p1a: Arceus|spd|1
|move|p2a: Yveltal|Snarl|p1a: Arceus
|-resisted|p1a: Arceus
|-damage|p1a: Arceus|93/100
|-unboost|p1a: Arceus|spa|1
|
|upkeep
|turn|31
|
|t:|1665016185
|move|p1a: Arceus|Calm Mind|p1a: Arceus
|-boost|p1a: Arceus|spa|1
|-boost|p1a: Arceus|spd|1
|move|p2a: Yveltal|Snarl|p1a: Arceus
|-resisted|p1a: Arceus
|-damage|p1a: Arceus|90/100
|-unboost|p1a: Arceus|spa|1
|
|upkeep
|turn|32
|
|t:|1665016188
|move|p1a: Arceus|Calm Mind|p1a: Arceus
|-boost|p1a: Arceus|spa|1
|-boost|p1a: Arceus|spd|1
|move|p2a: Yveltal|Snarl|p1a: Arceus
|-resisted|p1a: Arceus
|-damage|p1a: Arceus|88/100
|-unboost|p1a: Arceus|spa|1
|
|upkeep
|turn|33
|
|t:|1665016190
|move|p1a: Arceus|Calm Mind|p1a: Arceus
|-boost|p1a: Arceus|spa|1
|-boost|p1a: Arceus|spd|0
|move|p2a: Yveltal|Snarl|p1a: Arceus
|-resisted|p1a: Arceus
|-damage|p1a: Arceus|85/100
|-unboost|p1a: Arceus|spa|1
|
|upkeep
|turn|34
|
|t:|1665016192
|move|p1a: Arceus|Calm Mind|p1a: Arceus
|-boost|p1a: Arceus|spa|1
|-boost|p1a: Arceus|spd|0
|move|p2a: Yveltal|Snarl|p1a: Arceus
|-resisted|p1a: Arceus
|-damage|p1a: Arceus|82/100
|-unboost|p1a: Arceus|spa|1
|
|upkeep
|turn|35
|
|t:|1665016194
|move|p1a: Arceus|Calm Mind|p1a: Arceus
|-boost|p1a: Arceus|spa|1
|-boost|p1a: Arceus|spd|0
|move|p2a: Yveltal|Snarl|p1a: Arceus
|-resisted|p1a: Arceus
|-damage|p1a: Arceus|80/100
|-unboost|p1a: Arceus|spa|1
|
|upkeep
|turn|36
|
|t:|1665016195
|move|p1a: Arceus|Calm Mind|p1a: Arceus
|-boost|p1a: Arceus|spa|1
|-boost|p1a: Arceus|spd|0
|move|p2a: Yveltal|Snarl|p1a: Arceus
|-resisted|p1a: Arceus
|-damage|p1a: Arceus|77/100
|-unboost|p1a: Arceus|spa|1
|
|upkeep
|turn|37
|
|t:|1665016197
|move|p1a: Arceus|Calm Mind|p1a: Arceus
|-boost|p1a: Arceus|spa|1
|-boost|p1a: Arceus|spd|0
|move|p2a: Yveltal|Snarl|p1a: Arceus
|-resisted|p1a: Arceus
|-damage|p1a: Arceus|75/100
|-unboost|p1a: Arceus|spa|1
|
|upkeep
|turn|38
|
|t:|1665016199
|move|p1a: Arceus|Calm Mind|p1a: Arceus
|-boost|p1a: Arceus|spa|1
|-boost|p1a: Arceus|spd|0
|move|p2a: Yveltal|Snarl|p1a: Arceus
|-resisted|p1a: Arceus
|-damage|p1a: Arceus|72/100
|-unboost|p1a: Arceus|spa|1
|
|upkeep
|turn|39
|
|t:|1665016200
|move|p1a: Arceus|Calm Mind|p1a: Arceus
|-boost|p1a: Arceus|spa|1
|-boost|p1a: Arceus|spd|0
|move|p2a: Yveltal|Snarl|p1a: Arceus
|-resisted|p1a: Arceus
|-damage|p1a: Arceus|69/100
|-unboost|p1a: Arceus|spa|1
|
|upkeep
|turn|40
|
|t:|1665016203
|move|p1a: Arceus|Calm Mind|p1a: Arceus
|-boost|p1a: Arceus|spa|1
|-boost|p1a: Arceus|spd|0
|move|p2a: Yveltal|Snarl|p1a: Arceus
|-resisted|p1a: Arceus
|-damage|p1a: Arceus|66/100
|-unboost|p1a: Arceus|spa|1
|
|upkeep
|turn|41
|
|t:|1665016204
|move|p1a: Arceus|Calm Mind|p1a: Arceus
|-boost|p1a: Arceus|spa|1
|-boost|p1a: Arceus|spd|0
|move|p2a: Yveltal|Snarl|p1a: Arceus
|-resisted|p1a: Arceus
|-damage|p1a: Arceus|64/100
|-unboost|p1a: Arceus|spa|1
|
|upkeep
|turn|42
|
|t:|1665016206
|move|p1a: Arceus|Calm Mind|p1a: Arceus
|-boost|p1a: Arceus|spa|1
|-boost|p1a: Arceus|spd|0
|move|p2a: Yveltal|Snarl|p1a: Arceus
|-resisted|p1a: Arceus
|-damage|p1a: Arceus|61/100
|-unboost|p1a: Arceus|spa|1
|
|upkeep
|turn|43
|
|t:|1665016208
|move|p1a: Arceus|Calm Mind|p1a: Arceus
|-boost|p1a: Arceus|spa|1
|-boost|p1a: Arceus|spd|0
|move|p2a: Yveltal|Snarl|p1a: Arceus
|-resisted|p1a: Arceus
|-damage|p1a: Arceus|58/100
|-unboost|p1a: Arceus|spa|1
|
|upkeep
|turn|44
|
|t:|1665016213
|move|p1a: Arceus|Recover|p1a: Arceus
|-heal|p1a: Arceus|100/100
|move|p2a: Yveltal|Snarl|p1a: Arceus
|-resisted|p1a: Arceus
|-damage|p1a: Arceus|98/100
|-unboost|p1a: Arceus|spa|1
|
|upkeep
|turn|45
|
|t:|1665016215
|move|p1a: Arceus|Calm Mind|p1a: Arceus
|-boost|p1a: Arceus|spa|1
|-boost|p1a: Arceus|spd|0
|move|p2a: Yveltal|Snarl|p1a: Arceus
|-resisted|p1a: Arceus
|-damage|p1a: Arceus|95/100
|-unboost|p1a: Arceus|spa|1
|
|upkeep
|turn|46
|
|t:|1665016217
|move|p1a: Arceus|Calm Mind|p1a: Arceus
|-boost|p1a: Arceus|spa|1
|-boost|p1a: Arceus|spd|0
|move|p2a: Yveltal|Snarl|p1a: Arceus
|-resisted|p1a: Arceus
|-damage|p1a: Arceus|92/100
|-unboost|p1a: Arceus|spa|1
|
|upkeep
|turn|47
|
|t:|1665016220
|move|p1a: Arceus|Calm Mind|p1a: Arceus
|-boost|p1a: Arceus|spa|1
|-boost|p1a: Arceus|spd|0
|move|p2a: Yveltal|Snarl|p1a: Arceus
|-resisted|p1a: Arceus
|-damage|p1a: Arceus|90/100
|-unboost|p1a: Arceus|spa|1
|
|upkeep
|turn|48
|
|t:|1665016223
|-start|p2a: Yveltal|Dynamax|
|-heal|p2a: Yveltal|69/100|[silent]
|move|p1a: Arceus|Calm Mind|p1a: Arceus
|-boost|p1a: Arceus|spa|1
|-boost|p1a: Arceus|spd|0
|move|p2a: Yveltal|Max Flutterby|p1a: Arceus
|-supereffective|p1a: Arceus
|-damage|p1a: Arceus|46/100
|-unboost|p1a: Arceus|spa|1
|
|upkeep
|turn|49
|
|t:|1665016229
|move|p1a: Arceus|Recover|p1a: Arceus
|-heal|p1a: Arceus|96/100
|move|p2a: Yveltal|Max Flutterby|p1a: Arceus
|-supereffective|p1a: Arceus
|-damage|p1a: Arceus|53/100
|-unboost|p1a: Arceus|spa|1
|
|upkeep
|turn|50
|
|t:|1665016232
|move|p1a: Arceus|Recover|p1a: Arceus
|-heal|p1a: Arceus|100/100
|move|p2a: Yveltal|Max Flutterby|p1a: Arceus
|-supereffective|p1a: Arceus
|-damage|p1a: Arceus|58/100
|-unboost|p1a: Arceus|spa|1
|
|upkeep
|-end|p2a: Yveltal|Dynamax
|-heal|p2a: Yveltal|69/100|[silent]
|turn|51
|
|t:|1665016235
|move|p1a: Arceus|Recover|p1a: Arceus
|-heal|p1a: Arceus|100/100
|move|p2a: Yveltal|U-turn|p1a: Arceus
|-supereffective|p1a: Arceus
|-damage|p1a: Arceus|78/100
|
|t:|1665016239
|switch|p2a: Rayquaza|Rayquaza|100/100|[from]move: U-turn
|-damage|p2a: Rayquaza|76/100|[from] Stealth Rock
|-ability|p2a: Rayquaza|Air Lock
|
|upkeep
|turn|52
|
|t:|1665016247
|detailschange|p2a: Rayquaza|Rayquaza-Mega
|-mega|p2a: Rayquaza|Rayquaza|
|-weather|DeltaStream|[from] ability: Delta Stream|[of] p2a: Rayquaza
|move|p1a: Arceus|Judgment|p2a: Rayquaza
|-damage|p2a: Rayquaza|42/100
|move|p2a: Rayquaza|Dragon Ascent|p1a: Arceus
|-damage|p1a: Arceus|0 fnt
|-unboost|p2a: Rayquaza|def|1
|-unboost|p2a: Rayquaza|spd|1
|faint|p1a: Arceus
|
|-weather|DeltaStream|[upkeep]
|upkeep
|
|t:|1665016249
|switch|p1a: Arceus|Arceus-Fairy|70/100
|turn|53
|
|t:|1665016263
|-weather|none
|switch|p2a: Necrozma|Necrozma-Dusk-Mane|70/100
|-damage|p2a: Necrozma|64/100|[from] Stealth Rock
|move|p1a: Arceus|Judgment|p2a: Necrozma
|-resisted|p2a: Necrozma
|-damage|p2a: Necrozma|44/100
|
|upkeep
|turn|54
|
|t:|1665016269
|move|p1a: Arceus|Calm Mind|p1a: Arceus
|-boost|p1a: Arceus|spa|1
|-boost|p1a: Arceus|spd|1
|move|p2a: Necrozma|Morning Sun|p2a: Necrozma
|-heal|p2a: Necrozma|94/100
|
|upkeep
|turn|55
|
|t:|1665016272
|move|p1a: Arceus|Calm Mind|p1a: Arceus
|-boost|p1a: Arceus|spa|1
|-boost|p1a: Arceus|spd|1
|move|p2a: Necrozma|Thunder Wave|p1a: Arceus
|-status|p1a: Arceus|par
|
|upkeep
|turn|56
|
|t:|1665016274
|move|p2a: Necrozma|Sunsteel Strike|p1a: Arceus
|-supereffective|p1a: Arceus
|-damage|p1a: Arceus|7/100 par
|move|p1a: Arceus|Refresh|p1a: Arceus
|-curestatus|p1a: Arceus|par|[msg]
|
|upkeep
|turn|57
|
|t:|1665016280
|move|p1a: Arceus|Judgment|p2a: Necrozma
|-resisted|p2a: Necrozma
|-damage|p2a: Necrozma|56/100
|move|p2a: Necrozma|Sunsteel Strike|p1a: Arceus
|-supereffective|p1a: Arceus
|-crit|p1a: Arceus
|-damage|p1a: Arceus|0 fnt
|faint|p1a: Arceus
|
|upkeep
|
|t:|1665016283
|switch|p1a: Arceus|Arceus-Flying|100/100
|turn|58
|
|t:|1665016287
|move|p1a: Arceus|Fire Blast|p2a: Necrozma
|-supereffective|p2a: Necrozma
|-damage|p2a: Necrozma|21/100
|move|p2a: Necrozma|Thunder Wave|p1a: Arceus
|-status|p1a: Arceus|par
|
|upkeep
|turn|59
|
|t:|1665016291
|move|p2a: Necrozma|Morning Sun|p2a: Necrozma
|-heal|p2a: Necrozma|71/100
|move|p1a: Arceus|Fire Blast|p2a: Necrozma
|-supereffective|p2a: Necrozma
|-damage|p2a: Necrozma|38/100
|
|upkeep
|turn|60
|
|t:|1665016294
|switch|p1a: Arceus|Arceus-Ghost|100/100 par
|move|p2a: Necrozma|Morning Sun|p2a: Necrozma
|-heal|p2a: Necrozma|88/100
|
|upkeep
|turn|61
|-message|Clownnin forfeited.
|
|win|xqiht
|raw|Clownnin's rating: 1775 &rarr; <strong>1748</strong><br />(-27 for losing)
|raw|xqiht's rating: 1656 &rarr; <strong>1683</strong><br />(+27 for winning)
|l|☆Clownnin
