|j|☆Iruma-chi
|j|☆OnMaWa
|player|p1|Iruma-chi|liza|1664
|player|p2|OnMaWa|psychic-gen4|1835
|teamsize|p1|6
|teamsize|p2|6
|gametype|singles
|gen|8
|tier|[Gen 8] National Dex AG
|rated|
|clearpoke
|poke|p1|Gothitelle, F|
|poke|p1|Gothitelle, M|
|poke|p1|Gengar, F|
|poke|p1|Yveltal|
|poke|p1|Tyranitar, F|
|poke|p1|Necrozma-Dusk-Mane|
|poke|p2|Arceus-*|
|poke|p2|Xerneas|
|poke|p2|Lugia|
|poke|p2|Zacian-Crowned|
|poke|p2|Necrozma-Dusk-Mane|
|poke|p2|Yveltal|
|rule|HP Percentage Mod: HP is shown in percentages
|rule|Endless Battle Clause: Forcing endless battles is banned
|teampreview
|c|☆Iruma-chi|Duh
|
|start
|switch|p1a: Yveltal|Yveltal|100/100
|switch|p2a: Zacian|Zacian-Crowned|100/100
|-ability|p2a: Zacian|Intrepid Sword|boost
|-boost|p2a: Zacian|atk|1
|-ability|p1a: Yveltal|Dark Aura
|turn|1
|
|-start|p1a: Yveltal|Dynamax
|-heal|p1a: Yveltal|100/100|[silent]
|move|p2a: Zacian|Behemoth Blade|p1a: Yveltal
|-damage|p1a: Yveltal|7/100
|move|p1a: Yveltal|Max Flare|p2a: Zacian
|-supereffective|p2a: Zacian
|-damage|p2a: Zacian|0 fnt
|-weather|SunnyDay
|-damage|p1a: Yveltal|2/100|[from] item: Life Orb
|faint|p2a: Zacian
|
|-weather|SunnyDay|[upkeep]
|upkeep
|
|switch|p2a: Arceus|Arceus|100/100
|turn|2
|
|move|p2a: Arceus|Extreme Speed|p1a: Yveltal
|-damage|p1a: Yveltal|0 fnt
|faint|p1a: Yveltal
|
|-weather|SunnyDay|[upkeep]
|upkeep
|
|switch|p1a: Gengar|Gengar, F|100/100
|turn|3
|
|switch|p2a: Yveltal|Yveltal, shiny|100/100
|-ability|p2a: Yveltal|Dark Aura
|detailschange|p1a: Gengar|Gengar-Mega, F
|-mega|p1a: Gengar|Gengar|Gengarite
|move|p1a: Gengar|Hypnosis|p2a: Yveltal
|-status|p2a: Yveltal|slp|[from] move: Hypnosis
|
|-weather|SunnyDay|[upkeep]
|upkeep
|turn|4
|
|move|p1a: Gengar|Sludge Wave|p2a: Yveltal
|-damage|p2a: Yveltal|51/100 slp
|cant|p2a: Yveltal|slp
|
|-weather|SunnyDay|[upkeep]
|upkeep
|turn|5
|
|move|p1a: Gengar|Sludge Wave|p2a: Yveltal
|-damage|p2a: Yveltal|0 fnt
|faint|p2a: Yveltal
|
|-weather|none
|upkeep
|
|switch|p2a: Lugia|Lugia|100/100
|turn|6
|
|move|p1a: Gengar|Substitute|p1a: Gengar
|-start|p1a: Gengar|Substitute
|-damage|p1a: Gengar|76/100
|move|p2a: Lugia|Thunder Wave||[still]
|-fail|p2a: Lugia
|
|upkeep
|turn|7
|
|move|p1a: Gengar|Hypnosis|p2a: Lugia
|-status|p2a: Lugia|slp|[from] move: Hypnosis
|cant|p2a: Lugia|slp
|
|upkeep
|turn|8
|j| Rupquaza
|
|move|p1a: Gengar|Sludge Wave|p2a: Lugia
|-damage|p2a: Lugia|84/100 slp
|cant|p2a: Lugia|slp
|
|upkeep
|turn|9
|
|move|p1a: Gengar|Sludge Wave|p2a: Lugia
|-damage|p2a: Lugia|50/100 slp
|cant|p2a: Lugia|slp
|
|upkeep
|turn|10
|c| Rupquaza|Hi onmawa
|
|move|p1a: Gengar|Sludge Wave|p2a: Lugia
|-damage|p2a: Lugia|13/100 slp
|-curestatus|p2a: Lugia|slp|[msg]
|move|p2a: Lugia|Whirlwind|p1a: Gengar
|drag|p1a: Gothitelle|Gothitelle, F|100/100
|
|upkeep
|turn|11
|c| Rupquaza|Onfurious go go go
|
|move|p2a: Lugia|Thunder Wave|p1a: Gothitelle
|-status|p1a: Gothitelle|par
|move|p1a: Gothitelle|Taunt|p2a: Lugia
|-start|p2a: Lugia|move: Taunt
|
|upkeep
|turn|12
|
|switch|p1a: Gengar|Gengar-Mega, F|76/100
|-activate|p2a: Lugia|move: Struggle
|move|p2a: Lugia|Struggle|p1a: Gengar
|-damage|p1a: Gengar|62/100
|-damage|p2a: Lugia|0 fnt|[from] recoil
|faint|p2a: Lugia
|
|upkeep
|
|switch|p2a: Necrozma|Necrozma-Dusk-Mane|100/100
|turn|13
|
|move|p1a: Gengar|Hypnosis|p2a: Necrozma
|-status|p2a: Necrozma|slp|[from] move: Hypnosis
|cant|p2a: Necrozma|slp
|
|upkeep
|turn|14
|c| Rupquaza|Lucky
|
|switch|p1a: Necrozma|Necrozma-Dusk-Mane|100/100
|cant|p2a: Necrozma|slp
|
|upkeep
|turn|15
|
|cant|p2a: Necrozma|slp
|move|p1a: Necrozma|Dragon Dance|p1a: Necrozma
|-boost|p1a: Necrozma|atk|1
|-boost|p1a: Necrozma|spe|1
|
|upkeep
|turn|16
|
|move|p1a: Necrozma|Dragon Dance|p1a: Necrozma
|-boost|p1a: Necrozma|atk|1
|-boost|p1a: Necrozma|spe|1
|-curestatus|p2a: Necrozma|slp|[msg]
|move|p2a: Necrozma|Dragon Dance|p2a: Necrozma
|-boost|p2a: Necrozma|atk|1
|-boost|p2a: Necrozma|spe|1
|
|upkeep
|turn|17
|
|detailschange|p2a: Necrozma|Necrozma-Ultra
|-burst|p2a: Necrozma|Necrozma|Ultranecrozium Z
|move|p2a: Necrozma|Earthquake|p1a: Necrozma
|-supereffective|p1a: Necrozma
|-damage|p1a: Necrozma|13/100
|move|p1a: Necrozma|Sunsteel Strike|p2a: Necrozma
|-damage|p2a: Necrozma|3/100
|
|-heal|p1a: Necrozma|19/100|[from] item: Leftovers
|upkeep
|turn|18
|c| Rupquaza|Alright ultra
|c|☆Iruma-chi|what the
|c| Rupquaza|Should have dyna
|c|☆Iruma-chi|No dynamaxed
|
|move|p2a: Necrozma|Earthquake|p1a: Necrozma
|-supereffective|p1a: Necrozma
|-damage|p1a: Necrozma|0 fnt
|faint|p1a: Necrozma
|
|upkeep
|c| Rupquaza|Rip
|
|switch|p1a: Gothitelle|Gothitelle, M|100/100
|turn|19
|c| Rupquaza|No fool
|c| Rupquaza|Sand
|
|switch|p1a: Tyranitar|Tyranitar, F|100/100
|-weather|Sandstorm|[from] ability: Sand Stream|[of] p1a: Tyranitar
|-zpower|p2a: Necrozma
|move|p2a: Necrozma|Light That Burns the Sky|p1a: Tyranitar|[zeffect]
|-immune|p1a: Tyranitar
|
|-weather|Sandstorm|[upkeep]
|-damage|p2a: Necrozma|0 fnt|[from] Sandstorm
|faint|p2a: Necrozma
|upkeep
|c|☆Iruma-chi|the thing is
|c|☆Iruma-chi|xerneas sweep
|
|switch|p2a: Xerneas|Xerneas, shiny|100/100
|-ability|p2a: Xerneas|Fairy Aura
|turn|20
|c|☆Iruma-chi|lol
|
|move|p2a: Xerneas|Geomancy||[still]
|-prepare|p2a: Xerneas|Geomancy|p2a: Xerneas
|-enditem|p2a: Xerneas|Power Herb
|-anim|p2a: Xerneas|Geomancy|p2a: Xerneas
|-boost|p2a: Xerneas|spa|2
|-boost|p2a: Xerneas|spd|2
|-boost|p2a: Xerneas|spe|2
|move|p1a: Tyranitar|Earthquake|p2a: Xerneas
|-damage|p2a: Xerneas|75/100
|
|-weather|Sandstorm|[upkeep]
|-damage|p2a: Xerneas|69/100|[from] Sandstorm
|upkeep
|turn|21
|c| Rupquaza|Close combat
|
|-start|p2a: Xerneas|Dynamax
|-heal|p2a: Xerneas|69/100|[silent]
|move|p2a: Xerneas|Max Starfall|p1a: Tyranitar
|-supereffective|p1a: Tyranitar
|-damage|p1a: Tyranitar|0 fnt
|-fieldstart|move: Misty Terrain
|faint|p1a: Tyranitar
|
|-weather|Sandstorm|[upkeep]
|-damage|p2a: Xerneas|66/100|[from] Sandstorm
|upkeep
|
|switch|p1a: Gothitelle|Gothitelle, F|100/100 par
|turn|22
|-message|Iruma-chi forfeited.
|
|win|OnMaWa
||Ladder (probably) updated, but score could not be retrieved (Response not received).
|l|☆Iruma-chi
