|j|☆Pawnnel
|j|☆Boltaction119
|t:|1657548910
|gametype|singles
|player|p1|Pawnnel|psychic-gen4|1461
|player|p2|Boltaction119|marshal|1435
|teamsize|p1|6
|teamsize|p2|6
|gen|8
|tier|[Gen 8] National Dex AG
|rated|
|rule|HP Percentage Mod: HP is shown in percentages
|rule|Endless Battle Clause: Forcing endless battles is banned
|clearpoke
|poke|p1|Venusaur, M|
|poke|p1|Torkoal, M|
|poke|p1|Quagsire, M|
|poke|p1|Garchomp, M|
|poke|p1|Alakazam, M|
|poke|p1|Scizor, M|
|poke|p2|Manaphy|
|poke|p2|Amoonguss, F|
|poke|p2|Stakataka|
|poke|p2|Ho-Oh|
|poke|p2|Necrozma-Dusk-Mane|
|poke|p2|Marshadow|
|teampreview
|inactive|Battle timer is ON: inactive players will automatically lose when time's up. (requested by Pawnnel)
|
|t:|1657548929
|start
|switch|p1a: Yusuke|Scizor, M|100/100
|switch|p2a: Stakataka|Stakataka, shiny|100/100
|turn|1
|
|t:|1657548939
|detailschange|p1a: Yusuke|Scizor-Mega, M
|-mega|p1a: Yusuke|Scizor|Scizorite
|move|p1a: Yusuke|Swords Dance|p1a: Yusuke
|-boost|p1a: Yusuke|atk|2
|move|p2a: Stakataka|Trick Room|p2a: Stakataka
|-fieldstart|move: Trick Room|[of] p2a: Stakataka
|
|upkeep
|turn|2
|
|t:|1657548948
|move|p1a: Yusuke|Bullet Punch|p2a: Stakataka
|-damage|p2a: Stakataka|60/100
|move|p2a: Stakataka|Stealth Rock|p1a: Yusuke
|-sidestart|p1: Pawnnel|move: Stealth Rock
|
|-heal|p2a: Stakataka|66/100|[from] item: Leftovers
|upkeep
|turn|3
|
|t:|1657548956
|move|p1a: Yusuke|Bullet Punch|p2a: Stakataka
|-damage|p2a: Stakataka|24/100
|move|p2a: Stakataka|Rock Slide|p1a: Yusuke
|-damage|p1a: Yusuke|73/100
|
|-heal|p2a: Stakataka|30/100|[from] item: Leftovers
|upkeep
|turn|4
|
|t:|1657548985
|switch|p2a: Necrozma|Necrozma-Dusk-Mane|100/100
|move|p1a: Yusuke|Bullet Punch|p2a: Necrozma
|-resisted|p2a: Necrozma
|-damage|p2a: Necrozma|75/100
|
|upkeep
|turn|5
|
|t:|1657548994
|move|p2a: Necrozma|Brick Break|p1a: Yusuke
|-damage|p1a: Yusuke|50/100
|move|p1a: Yusuke|U-turn|p2a: Necrozma
|-damage|p2a: Necrozma|10/100
|
|t:|1657549000
|switch|p1a: Flop|Quagsire, M|100/100|[from]move: U-turn
|-damage|p1a: Flop|94/100|[from] Stealth Rock
|
|-heal|p1a: Flop|100/100|[from] item: Leftovers
|-fieldend|move: Trick Room
|upkeep
|turn|6
|
|t:|1657549009
|switch|p2a: Amoonguss|Amoonguss, F|100/100
|move|p1a: Flop|Curse|p1a: Flop
|-unboost|p1a: Flop|spe|1
|-boost|p1a: Flop|atk|1
|-boost|p1a: Flop|def|1
|
|upkeep
|turn|7
|
|t:|1657549021
|switch|p1a: Bobsor|Venusaur, M|100/100
|-damage|p1a: Bobsor|88/100|[from] Stealth Rock
|move|p2a: Amoonguss|Giga Drain|p1a: Bobsor
|-resisted|p1a: Bobsor
|-damage|p1a: Bobsor|81/100
|
|upkeep
|turn|8
|
|t:|1657549035
|switch|p1a: Turt|Torkoal, M|100/100
|-damage|p1a: Turt|76/100|[from] Stealth Rock
|-weather|SunnyDay|[from] ability: Drought|[of] p1a: Turt
|switch|p2a: Ho-Oh|Ho-Oh|100/100
|-ability|p2a: Ho-Oh|Pressure
|
|-weather|SunnyDay|[upkeep]
|upkeep
|turn|9
|
|t:|1657549048
|move|p2a: Ho-Oh|Scorching Sands|p1a: Turt
|-supereffective|p1a: Turt
|-damage|p1a: Turt|33/100
|move|p1a: Turt|Rapid Spin|p2a: Ho-Oh
|-damage|p2a: Ho-Oh|89/100
|-boost|p1a: Turt|spe|1
|-sideend|p1: Pawnnel|Stealth Rock|[from] move: Rapid Spin|[of] p1a: Turt
|
|-weather|SunnyDay|[upkeep]
|upkeep
|turn|10
|
|t:|1657549063
|switch|p1a: Faust|Alakazam, M|100/100
|move|p2a: Ho-Oh|Scorching Sands|p1a: Faust
|-damage|p1a: Faust|77/100
|-status|p1a: Faust|brn
|
|-weather|SunnyDay|[upkeep]
|upkeep
|turn|11
|
|t:|1657549076
|switch|p2a: Necrozma|Necrozma-Dusk-Mane|10/100
|move|p1a: Faust|Psychic|p2a: Necrozma
|-resisted|p2a: Necrozma
|-damage|p2a: Necrozma|1/100
|
|-weather|SunnyDay|[upkeep]
|upkeep
|turn|12
|
|t:|1657549086
|move|p1a: Faust|Psychic|p2a: Necrozma
|-resisted|p2a: Necrozma
|-damage|p2a: Necrozma|0 fnt
|faint|p2a: Necrozma
|
|-weather|SunnyDay|[upkeep]
|upkeep
|
|t:|1657549099
|switch|p2a: Marshadow|Marshadow|100/100
|turn|13
|
|t:|1657549105
|move|p2a: Marshadow|Spectral Thief|p1a: Faust
|-supereffective|p1a: Faust
|-damage|p1a: Faust|0 fnt
|faint|p1a: Faust
|
|-weather|SunnyDay|[upkeep]
|upkeep
|
|t:|1657549113
|switch|p1a: Yusuke|Scizor-Mega, M|50/100
|turn|14
|
|t:|1657549140
|move|p2a: Marshadow|Force Palm|p1a: Yusuke
|-damage|p1a: Yusuke|16/100
|-status|p1a: Yusuke|par
|move|p1a: Yusuke|Roost|p1a: Yusuke
|-heal|p1a: Yusuke|66/100 par
|-singleturn|p1a: Yusuke|move: Roost
|
|-weather|SunnyDay|[upkeep]
|upkeep
|turn|15
|inactive|Boltaction119 has 120 seconds left.
|
|t:|1657549162
|switch|p2a: Stakataka|Stakataka, shiny|30/100
|move|p1a: Yusuke|U-turn|p2a: Stakataka
|-resisted|p2a: Stakataka
|-damage|p2a: Stakataka|17/100
|
|t:|1657549168
|switch|p1a: Rex|Garchomp, M|100/100|[from]move: U-turn
|
|-weather|none
|-heal|p2a: Stakataka|24/100|[from] item: Leftovers
|upkeep
|turn|16
|inactive|Boltaction119 has 120 seconds left.
|
|t:|1657549184
|move|p1a: Rex|Earthquake|p2a: Stakataka
|-supereffective|p2a: Stakataka
|-damage|p2a: Stakataka|0 fnt
|faint|p2a: Stakataka
|
|upkeep
|
|t:|1657549200
|switch|p2a: Amoonguss|Amoonguss, F|100/100
|turn|17
|
|t:|1657549211
|switch|p1a: Turt|Torkoal, M|33/100
|-weather|SunnyDay|[from] ability: Drought|[of] p1a: Turt
|move|p2a: Amoonguss|Giga Drain|p1a: Turt
|-resisted|p1a: Turt
|-damage|p1a: Turt|19/100
|
|-weather|SunnyDay|[upkeep]
|upkeep
|turn|18
|inactive|Boltaction119 has 120 seconds left.
|
|t:|1657549220
|switch|p2a: Ho-Oh|Ho-Oh|89/100
|-ability|p2a: Ho-Oh|Pressure
|switch|p1a: Bobsor|Venusaur, M|81/100
|
|-weather|SunnyDay|[upkeep]
|upkeep
|turn|19
|inactive|Boltaction119 has 120 seconds left.
|
|t:|1657549241
|switch|p1a: Flop|Quagsire, M|100/100
|move|p2a: Ho-Oh|Dual Wingbeat|p1a: Flop
|-damage|p1a: Flop|83/100
|-damage|p1a: Flop|67/100
|-hitcount|p1a: Flop|2
|
|-weather|SunnyDay|[upkeep]
|-heal|p1a: Flop|73/100|[from] item: Leftovers
|upkeep
|turn|20
|
|t:|1657549252
|switch|p2a: Amoonguss|Amoonguss, F|100/100
|move|p1a: Flop|Curse|p1a: Flop
|-unboost|p1a: Flop|spe|1
|-boost|p1a: Flop|atk|1
|-boost|p1a: Flop|def|1
|
|-weather|SunnyDay|[upkeep]
|-heal|p1a: Flop|79/100|[from] item: Leftovers
|upkeep
|turn|21
|
|t:|1657549263
|switch|p1a: Yusuke|Scizor-Mega, M|66/100 par
|move|p2a: Amoonguss|Giga Drain|p1a: Yusuke
|-resisted|p1a: Yusuke
|-damage|p1a: Yusuke|61/100 par
|
|-weather|SunnyDay|[upkeep]
|upkeep
|turn|22
|
|t:|1657549271
|switch|p2a: Ho-Oh|Ho-Oh|89/100
|-ability|p2a: Ho-Oh|Pressure
|move|p1a: Yusuke|U-turn|p2a: Ho-Oh
|-resisted|p2a: Ho-Oh
|-damage|p2a: Ho-Oh|76/100
|
|t:|1657549278
|switch|p1a: Rex|Garchomp, M|100/100|[from]move: U-turn
|
|-weather|SunnyDay|[upkeep]
|upkeep
|turn|23
|
|t:|1657549286
|switch|p2a: Amoonguss|Amoonguss, F|100/100
|move|p1a: Rex|Stone Edge|p2a: Amoonguss
|-damage|p2a: Amoonguss|68/100
|
|-weather|SunnyDay|[upkeep]
|-heal|p2a: Amoonguss|75/100|[from] item: Black Sludge
|upkeep
|turn|24
|
|t:|1657549296
|switch|p1a: Yusuke|Scizor-Mega, M|61/100 par
|move|p2a: Amoonguss|Grass Knot|p1a: Yusuke
|-resisted|p1a: Yusuke
|-damage|p1a: Yusuke|53/100 par
|
|-weather|none
|-heal|p2a: Amoonguss|81/100|[from] item: Black Sludge
|upkeep
|turn|25
|
|t:|1657549307
|switch|p2a: Ho-Oh|Ho-Oh|76/100
|-ability|p2a: Ho-Oh|Pressure
|move|p1a: Yusuke|U-turn|p2a: Ho-Oh
|-resisted|p2a: Ho-Oh
|-damage|p2a: Ho-Oh|62/100
|
|t:|1657549319
|switch|p1a: Flop|Quagsire, M|79/100|[from]move: U-turn
|
|-heal|p1a: Flop|86/100|[from] item: Leftovers
|upkeep
|turn|26
|
|t:|1657549333
|switch|p2a: Amoonguss|Amoonguss, F|81/100
|move|p1a: Flop|Earthquake|p2a: Amoonguss
|-damage|p2a: Amoonguss|55/100
|
|-heal|p1a: Flop|92/100|[from] item: Leftovers
|-heal|p2a: Amoonguss|61/100|[from] item: Black Sludge
|upkeep
|turn|27
|
|t:|1657549343
|switch|p1a: Yusuke|Scizor-Mega, M|53/100 par
|move|p2a: Amoonguss|Giga Drain|p1a: Yusuke
|-resisted|p1a: Yusuke
|-damage|p1a: Yusuke|48/100 par
|-heal|p2a: Amoonguss|63/100|[from] drain|[of] p1a: Yusuke
|
|-heal|p2a: Amoonguss|70/100|[from] item: Black Sludge
|upkeep
|turn|28
|
|t:|1657549355
|switch|p2a: Ho-Oh|Ho-Oh|62/100
|-ability|p2a: Ho-Oh|Pressure
|cant|p1a: Yusuke|par
|
|upkeep
|turn|29
|
|t:|1657549373
|switch|p1a: Rex|Garchomp, M|100/100
|move|p2a: Ho-Oh|Scorching Sands|p1a: Rex
|-damage|p1a: Rex|78/100
|-status|p1a: Rex|brn
|
|-damage|p1a: Rex|72/100 brn|[from] brn
|upkeep
|turn|30
|
|t:|1657549386
|switch|p2a: Amoonguss|Amoonguss, F|70/100
|move|p1a: Rex|Swords Dance|p1a: Rex
|-boost|p1a: Rex|atk|2
|
|-heal|p2a: Amoonguss|76/100|[from] item: Black Sludge
|-damage|p1a: Rex|65/100 brn|[from] brn
|upkeep
|turn|31
|
|t:|1657549395
|move|p1a: Rex|Scale Shot|p2a: Amoonguss
|-damage|p2a: Amoonguss|64/100
|-damage|p2a: Amoonguss|52/100
|-damage|p2a: Amoonguss|39/100
|-damage|p2a: Amoonguss|28/100
|-hitcount|p2a: Amoonguss|4
|-unboost|p1a: Rex|def|1
|-boost|p1a: Rex|spe|1
|move|p2a: Amoonguss|Grass Knot|p1a: Rex
|-damage|p1a: Rex|35/100 brn
|-damage|p2a: Amoonguss|16/100|[from] ability: Rough Skin|[of] p1a: Rex
|-damage|p2a: Amoonguss|0 fnt|[from] item: Rocky Helmet|[of] p1a: Rex
|faint|p2a: Amoonguss
|
|-damage|p1a: Rex|29/100 brn|[from] brn
|upkeep
|
|t:|1657549419
|switch|p2a: Marshadow|Marshadow|100/100
|turn|32
|
|t:|1657549425
|move|p1a: Rex|Earthquake|p2a: Marshadow
|-damage|p2a: Marshadow|39/100
|move|p2a: Marshadow|Spectral Thief||[still]
|-clearpositiveboost|p1a: Rex|p2a: Marshadow|move: Spectral Thief
|-boost|p2a: Marshadow|atk|2
|-boost|p2a: Marshadow|spe|1
|-anim|p2a: Marshadow|Spectral Thief|p1a: Rex
|-damage|p1a: Rex|0 fnt
|-damage|p2a: Marshadow|27/100|[from] ability: Rough Skin|[of] p1a: Rex
|-damage|p2a: Marshadow|10/100|[from] item: Rocky Helmet|[of] p1a: Rex
|faint|p1a: Rex
|
|upkeep
|
|t:|1657549440
|switch|p1a: Yusuke|Scizor-Mega, M|48/100 par
|turn|33
|
|t:|1657549444
|move|p2a: Marshadow|Shadow Sneak|p1a: Yusuke
|-damage|p1a: Yusuke|0 fnt
|faint|p1a: Yusuke
|
|upkeep
|
|t:|1657549449
|switch|p1a: Flop|Quagsire, M|92/100
|turn|34
|
|t:|1657549464
|move|p2a: Marshadow|Spectral Thief|p1a: Flop
|-damage|p1a: Flop|56/100
|move|p1a: Flop|Liquidation|p2a: Marshadow
|-damage|p2a: Marshadow|0 fnt
|faint|p2a: Marshadow
|
|-heal|p1a: Flop|62/100|[from] item: Leftovers
|upkeep
|
|t:|1657549479
|switch|p2a: Manaphy|Manaphy|100/100
|turn|35
|
|t:|1657549493
|move|p2a: Manaphy|Signal Beam|p1a: Flop
|-damage|p1a: Flop|38/100
|move|p1a: Flop|Earthquake|p2a: Manaphy
|-damage|p2a: Manaphy|71/100
|
|-heal|p2a: Manaphy|77/100|[from] item: Leftovers
|-heal|p1a: Flop|44/100|[from] item: Leftovers
|upkeep
|turn|36
|
|t:|1657549503
|move|p2a: Manaphy|Signal Beam|p1a: Flop
|-damage|p1a: Flop|24/100
|move|p1a: Flop|Earthquake|p2a: Manaphy
|-damage|p2a: Manaphy|48/100
|
|-heal|p2a: Manaphy|54/100|[from] item: Leftovers
|-heal|p1a: Flop|30/100|[from] item: Leftovers
|upkeep
|turn|37
|
|t:|1657549515
|move|p2a: Manaphy|Signal Beam|p1a: Flop
|-damage|p1a: Flop|9/100
|move|p1a: Flop|Earthquake|p2a: Manaphy
|-damage|p2a: Manaphy|25/100
|
|-heal|p2a: Manaphy|31/100|[from] item: Leftovers
|-heal|p1a: Flop|15/100|[from] item: Leftovers
|upkeep
|turn|38
|
|t:|1657549525
|move|p2a: Manaphy|Signal Beam|p1a: Flop
|-damage|p1a: Flop|0 fnt
|faint|p1a: Flop
|
|-heal|p2a: Manaphy|37/100|[from] item: Leftovers
|upkeep
|
|t:|1657549532
|switch|p1a: Turt|Torkoal, M|19/100
|-weather|SunnyDay|[from] ability: Drought|[of] p1a: Turt
|turn|39
|
|t:|1657549536
|move|p2a: Manaphy|Scald|p1a: Turt
|-supereffective|p1a: Turt
|-damage|p1a: Turt|0 fnt
|faint|p1a: Turt
|
|-weather|SunnyDay|[upkeep]
|-heal|p2a: Manaphy|43/100|[from] item: Leftovers
|upkeep
|
|t:|1657549545
|switch|p1a: Bobsor|Venusaur, M|81/100
|turn|40
|
|t:|1657549549
|-start|p1a: Bobsor|Dynamax|Gmax
|-heal|p1a: Bobsor|81/100|[silent]
|move|p1a: Bobsor|Max Ooze|p2a: Manaphy
|-crit|p2a: Manaphy
|-damage|p2a: Manaphy|0 fnt
|-boost|p1a: Bobsor|spa|1
|faint|p2a: Manaphy
|-damage|p1a: Bobsor|76/100|[from] item: Life Orb
|
|-weather|SunnyDay|[upkeep]
|upkeep
|
|t:|1657549561
|switch|p2a: Ho-Oh|Ho-Oh|62/100
|-ability|p2a: Ho-Oh|Pressure
|turn|41
|
|t:|1657549567
|-start|p2a: Ho-Oh|Dynamax|
|-heal|p2a: Ho-Oh|62/100|[silent]
|move|p1a: Bobsor|Max Ooze|p2a: Ho-Oh
|-damage|p2a: Ho-Oh|36/100
|-boost|p1a: Bobsor|spa|1
|-damage|p1a: Bobsor|71/100|[from] item: Life Orb
|move|p2a: Ho-Oh|Max Airstream|p1a: Bobsor
|-supereffective|p1a: Bobsor
|-damage|p1a: Bobsor|0 fnt
|-boost|p2a: Ho-Oh|spe|1
|faint|p1a: Bobsor
|
|win|Boltaction119
|raw|Pawnnel's rating: 1461 &rarr; <strong>1440</strong><br />(-21 for losing)
|raw|Boltaction119's rating: 1435 &rarr; <strong>1456</strong><br />(+21 for winning)
|c|☆Boltaction119|Gg
|c|☆Boltaction119|Good fight
|c|☆Pawnnel|Ggs
