|j|☆Diancie_hhh
|j|☆CLEAR GEM清瑜
|t:|1665069076
|gametype|singles
|player|p1|Diancie_hhh|marnie|1856
|player|p2|CLEAR GEM清瑜|skierf|1916
|teamsize|p1|6
|teamsize|p2|6
|gen|8
|tier|[Gen 8] National Dex AG
|rated|
|rule|HP Percentage Mod: HP is shown in percentages
|rule|Endless Battle Clause: Forcing endless battles is banned
|clearpoke
|poke|p1|Arceus-*|
|poke|p1|Zacian-*|
|poke|p1|Groudon|
|poke|p1|Ho-Oh|
|poke|p1|Zygarde|
|poke|p1|Weavile, F|
|poke|p2|Rayquaza|
|poke|p2|Groudon|
|poke|p2|Necrozma-Dusk-Mane|
|poke|p2|Arceus-*|
|poke|p2|Zacian-*|
|poke|p2|Yveltal|
|teampreview
|inactive|Battle timer is ON: inactive players will automatically lose when time's up. (requested by CLEAR GEM清瑜)
|c|☆Diancie_hhh|巧
|
|t:|1665069097
|start
|switch|p1a: Zygarde|Zygarde, shiny|100/100
|switch|p2a: 老烈|Rayquaza, shiny|100/100
|-ability|p2a: 老烈|Air Lock
|turn|1
|
|t:|1665069105
|detailschange|p2a: 老烈|Rayquaza-Mega, shiny
|-mega|p2a: 老烈|Rayquaza|
|-weather|DeltaStream|[from] ability: Delta Stream|[of] p2a: 老烈
|move|p2a: 老烈|Scale Shot|p1a: Zygarde
|-supereffective|p1a: Zygarde
|-damage|p1a: Zygarde|71/100
|-supereffective|p1a: Zygarde
|-damage|p1a: Zygarde|40/100
|-supereffective|p1a: Zygarde
|-damage|p1a: Zygarde|9/100
|-hitcount|p1a: Zygarde|3
|-unboost|p2a: 老烈|def|1
|-boost|p2a: 老烈|spe|1
|-damage|p2a: 老烈|91/100|[from] item: Life Orb
|move|p1a: Zygarde|Glare|p2a: 老烈
|-status|p2a: 老烈|par
|
|-weather|DeltaStream|[upkeep]
|-activate|p1a: Zygarde|ability: Power Construct
|detailschange|p1a: Zygarde|Zygarde-Complete, shiny
|-heal|p1a: Zygarde|41/100|[silent]
|upkeep
|turn|2
|
|t:|1665069123
|cant|p2a: 老烈|par
|move|p1a: Zygarde|Thousand Arrows|p2a: 老烈
|-damage|p2a: 老烈|42/100 par
|-start|p2a: 老烈|Smack Down
|
|-weather|DeltaStream|[upkeep]
|upkeep
|turn|3
|
|t:|1665069133
|move|p2a: 老烈|Scale Shot|p1a: Zygarde
|-supereffective|p1a: Zygarde
|-damage|p1a: Zygarde|22/100
|-supereffective|p1a: Zygarde
|-damage|p1a: Zygarde|5/100
|-supereffective|p1a: Zygarde
|-damage|p1a: Zygarde|0 fnt
|faint|p1a: Zygarde
|-hitcount|p1: Zygarde|3
|-unboost|p2a: 老烈|def|1
|-boost|p2a: 老烈|spe|1
|-damage|p2a: 老烈|32/100 par|[from] item: Life Orb
|
|-weather|DeltaStream|[upkeep]
|upkeep
|
|t:|1665069148
|switch|p1a: Arceus|Arceus, shiny|100/100
|turn|4
|j| Enjoy enjoy
|
|t:|1665069153
|move|p1a: Arceus|Extreme Speed|p2a: 老烈
|-damage|p2a: 老烈|0 fnt
|faint|p2a: 老烈
|-weather|none
|-damage|p1a: Arceus|91/100|[from] item: Life Orb
|
|upkeep
|
|t:|1665069155
|switch|p2a: 不会(?)|Groudon|100/100
|detailschange|p2a: 不会(?)|Groudon-Primal
|-primal|p2a: 不会(?)
|-weather|DesolateLand|[from] ability: Desolate Land|[of] p2a: 不会(?)
|turn|5
|
|t:|1665069166
|-start|p1a: Arceus|Dynamax|
|-heal|p1a: Arceus|91/100|[silent]
|move|p1a: Arceus|Max Strike|p2a: 不会(?)
|-damage|p2a: 不会(?)|57/100
|-unboost|p2a: 不会(?)|spe|1
|-damage|p1a: Arceus|86/100|[from] item: Life Orb
|move|p2a: 不会(?)|Thunder Wave|p1a: Arceus
|-status|p1a: Arceus|par
|
|-weather|DesolateLand|[upkeep]
|upkeep
|turn|6
|
|t:|1665069178
|move|p1a: Arceus|Max Strike|p2a: 不会(?)
|-damage|p2a: 不会(?)|19/100
|-unboost|p2a: 不会(?)|spe|1
|-damage|p1a: Arceus|81/100 par|[from] item: Life Orb
|move|p2a: 不会(?)|Stealth Rock|p1a: Arceus
|-sidestart|p1: Diancie_hhh|move: Stealth Rock
|
|-weather|DesolateLand|[upkeep]
|upkeep
|turn|7
|
|t:|1665069185
|move|p1a: Arceus|Max Airstream|p2a: 不会(?)
|-damage|p2a: 不会(?)|0 fnt
|-boost|p1a: Arceus|spe|1
|faint|p2a: 不会(?)
|-weather|none
|-damage|p1a: Arceus|76/100 par|[from] item: Life Orb
|
|upkeep
|
|t:|1665069193
|switch|p2a: 钢铁之躯|Necrozma-Dusk-Mane|100/100
|-end|p1a: Arceus|Dynamax
|-heal|p1a: Arceus|76/100 par|[silent]
|turn|8
|
|t:|1665069198
|switch|p1a: Ho-Oh|Ho-Oh|100/100
|move|p2a: 钢铁之躯|Dragon Dance|p2a: 钢铁之躯
|-boost|p2a: 钢铁之躯|atk|1
|-boost|p2a: 钢铁之躯|spe|1
|
|upkeep
|turn|9
|
|t:|1665069209
|detailschange|p2a: 钢铁之躯|Necrozma-Ultra
|-burst|p2a: 钢铁之躯|Necrozma|Ultranecrozium Z
|move|p2a: 钢铁之躯|Stone Edge|p1a: Ho-Oh
|-supereffective|p1a: Ho-Oh
|-damage|p1a: Ho-Oh|0 fnt
|faint|p1a: Ho-Oh
|
|upkeep
|
|t:|1665069220
|switch|p1a: Weavile|Weavile, F, shiny|100/100
|-damage|p1a: Weavile|76/100|[from] Stealth Rock
|-ability|p1a: Weavile|Pressure
|turn|10
|
|t:|1665069226
|move|p1a: Weavile|Triple Axel|p2a: 钢铁之躯
|-supereffective|p2a: 钢铁之躯
|-damage|p2a: 钢铁之躯|81/100
|-hitcount|p2a: 钢铁之躯|1
|move|p2a: 钢铁之躯|Stone Edge|p1a: Weavile|[miss]
|-miss|p2a: 钢铁之躯|p1a: Weavile
|
|upkeep
|turn|11
|
|t:|1665069232
|move|p1a: Weavile|Triple Axel|p2a: 钢铁之躯
|-supereffective|p2a: 钢铁之躯
|-damage|p2a: 钢铁之躯|61/100
|-supereffective|p2a: 钢铁之躯
|-damage|p2a: 钢铁之躯|22/100
|-supereffective|p2a: 钢铁之躯
|-damage|p2a: 钢铁之躯|0 fnt
|faint|p2a: 钢铁之躯
|-hitcount|p2: 钢铁之躯|3
|
|upkeep
|c|☆CLEAR GEM清瑜|草草草是你
|
|t:|1665069244
|switch|p2a: 嘉然小姐的狗|Zacian-Crowned|100/100
|-ability|p2a: 嘉然小姐的狗|Intrepid Sword|boost
|-boost|p2a: 嘉然小姐的狗|atk|1
|turn|12
|
|t:|1665069257
|switch|p1a: 大地之神|Groudon, shiny|100/100
|-damage|p1a: 大地之神|94/100|[from] Stealth Rock
|detailschange|p1a: 大地之神|Groudon-Primal, shiny
|-primal|p1a: 大地之神
|-weather|DesolateLand|[from] ability: Desolate Land|[of] p1a: 大地之神
|move|p2a: 嘉然小姐的狗|Behemoth Blade|p1a: 大地之神
|-resisted|p1a: 大地之神
|-damage|p1a: 大地之神|63/100
|
|-weather|DesolateLand|[upkeep]
|upkeep
|turn|13
|c|☆CLEAR GEM清瑜|这光龙真的内鬼
|c|☆Diancie_hhh|我要寄了
|
|t:|1665069276
|move|p2a: 嘉然小姐的狗|Close Combat|p1a: 大地之神
|-damage|p1a: 大地之神|12/100
|-unboost|p2a: 嘉然小姐的狗|def|1
|-unboost|p2a: 嘉然小姐的狗|spd|1
|move|p1a: 大地之神|Fire Punch|p2a: 嘉然小姐的狗
|-supereffective|p2a: 嘉然小姐的狗
|-damage|p2a: 嘉然小姐的狗|0 fnt
|faint|p2a: 嘉然小姐的狗
|
|-weather|DesolateLand|[upkeep]
|upkeep
|c|☆CLEAR GEM清瑜|?
|
|t:|1665069282
|switch|p2a: Y鸟|Yveltal|100/100
|-ability|p2a: Y鸟|Dark Aura
|turn|14
|
|t:|1665069290
|-start|p2a: Y鸟|Dynamax|
|-heal|p2a: Y鸟|100/100|[silent]
|move|p2a: Y鸟|Max Airstream|p1a: 大地之神
|-damage|p1a: 大地之神|0 fnt
|-boost|p2a: Y鸟|spe|1
|faint|p1a: 大地之神
|-weather|none
|-damage|p2a: Y鸟|96/100|[from] item: Life Orb
|
|upkeep
|c|☆CLEAR GEM清瑜|我感觉我要寄
|
|t:|1665069299
|switch|p1a: Arceus|Arceus, shiny|76/100 par
|-damage|p1a: Arceus|63/100 par|[from] Stealth Rock
|turn|15
|
|t:|1665069305
|cant|p1a: Arceus|par
|move|p2a: Y鸟|Max Flare|p1a: Arceus
|-damage|p1a: Arceus|17/100 par
|-weather|SunnyDay
|-damage|p2a: Y鸟|91/100|[from] item: Life Orb
|
|-weather|SunnyDay|[upkeep]
|upkeep
|turn|16
|
|t:|1665069311
|move|p1a: Arceus|Extreme Speed|p2a: Y鸟
|-damage|p2a: Y鸟|65/100
|-damage|p1a: Arceus|7/100 par|[from] item: Life Orb
|move|p2a: Y鸟|Max Darkness|p1a: Arceus
|-damage|p1a: Arceus|0 fnt
|faint|p1a: Arceus
|-damage|p2a: Y鸟|60/100|[from] item: Life Orb
|
|-weather|SunnyDay|[upkeep]
|upkeep
|c|☆Diancie_hhh|难
|
|t:|1665069327
|switch|p1a: Weavile|Weavile, F, shiny|76/100
|-damage|p1a: Weavile|51/100|[from] Stealth Rock
|-ability|p1a: Weavile|Pressure
|-end|p2a: Y鸟|Dynamax
|-heal|p2a: Y鸟|60/100|[silent]
|turn|17
|
|t:|1665069333
|move|p1a: Weavile|Triple Axel|p2a: Y鸟
|-supereffective|p2a: Y鸟
|-damage|p2a: Y鸟|39/100
|-supereffective|p2a: Y鸟
|-damage|p2a: Y鸟|0 fnt
|faint|p2a: Y鸟
|-hitcount|p2: Y鸟|2
|
|-weather|SunnyDay|[upkeep]
|upkeep
|
|t:|1665069336
|switch|p2a: 悬空羊驼|Arceus-Flying|100/100
|turn|18
|c|☆CLEAR GEM清瑜|寄了寄了
|
|t:|1665069347
|move|p1a: Weavile|Triple Axel|p2a: 悬空羊驼
|-supereffective|p2a: 悬空羊驼
|-damage|p2a: 悬空羊驼|83/100
|-supereffective|p2a: 悬空羊驼
|-damage|p2a: 悬空羊驼|50/100
|-supereffective|p2a: 悬空羊驼
|-damage|p2a: 悬空羊驼|0 fnt
|faint|p2a: 悬空羊驼
|-hitcount|p2: 悬空羊驼|3
|
|win|Diancie_hhh
|raw|Diancie_hhh's rating: 1856 &rarr; <strong>1879</strong><br />(+23 for winning)
|raw|CLEAR GEM清瑜's rating: 1916 &rarr; <strong>1893</strong><br />(-23 for losing)
|l|☆CLEAR GEM清瑜
|c|☆Diancie_hhh|玛狃拉牛逼!
||Ladder isn't responding, score probably updated but might not have (Request timeout).
