|j|☆MuggieXD
|j|☆CLEAR GEM清瑜
|t:|1667054267
|gametype|singles
|player|p1|MuggieXD|pokekid|1629
|player|p2|CLEAR GEM清瑜|skierf|1791
|teamsize|p1|6
|teamsize|p2|6
|gen|8
|tier|[Gen 8] National Dex AG
|rated|
|rule|HP Percentage Mod: HP is shown in percentages
|rule|Endless Battle Clause: Forcing endless battles is banned
|clearpoke
|poke|p1|Kyogre|
|poke|p1|Arceus-*|
|poke|p1|Yveltal|
|poke|p1|Ho-Oh|
|poke|p1|Salamence, M|
|poke|p1|Deoxys-Speed|
|poke|p2|Rayquaza|
|poke|p2|Groudon|
|poke|p2|Necrozma-Dusk-Mane|
|poke|p2|Arceus-*|
|poke|p2|Zacian-*|
|poke|p2|Yveltal|
|teampreview
|inactive|Battle timer is ON: inactive players will automatically lose when time's up. (requested by CLEAR GEM清瑜)
|
|t:|1667054277
|start
|switch|p1a: Deoxys|Deoxys-Speed|100/100
|switch|p2a: 老烈|Rayquaza, shiny|100/100
|-ability|p1a: Deoxys|Pressure
|-ability|p2a: 老烈|Air Lock
|turn|1
|
|t:|1667054281
|detailschange|p2a: 老烈|Rayquaza-Mega, shiny
|-mega|p2a: 老烈|Rayquaza|
|-weather|DeltaStream|[from] ability: Delta Stream|[of] p2a: 老烈
|move|p1a: Deoxys|Stealth Rock|p2a: 老烈
|-sidestart|p2: CLEAR GEM清瑜|move: Stealth Rock
|move|p2a: 老烈|Scale Shot|p1a: Deoxys
|-damage|p1a: Deoxys|73/100
|-damage|p1a: Deoxys|44/100
|-damage|p1a: Deoxys|14/100
|-hitcount|p1a: Deoxys|3
|-unboost|p2a: 老烈|def|1
|-boost|p2a: 老烈|spe|1
|-damage|p2a: 老烈|91/100|[from] item: Life Orb
|
|-weather|DeltaStream|[upkeep]
|upkeep
|turn|2
|
|t:|1667054285
|move|p2a: 老烈|Extreme Speed|p1a: Deoxys
|-damage|p1a: Deoxys|0 fnt
|faint|p1a: Deoxys
|-damage|p2a: 老烈|81/100|[from] item: Life Orb
|
|-weather|DeltaStream|[upkeep]
|upkeep
|
|t:|1667054299
|switch|p1a: Yveltal|Yveltal|100/100
|-ability|p1a: Yveltal|Dark Aura
|turn|3
|
|t:|1667054303
|-start|p1a: Yveltal|Dynamax|
|-heal|p1a: Yveltal|100/100|[silent]
|move|p2a: 老烈|Dragon Ascent|p1a: Yveltal
|-crit|p1a: Yveltal
|-damage|p1a: Yveltal|17/100
|-unboost|p2a: 老烈|def|1
|-unboost|p2a: 老烈|spd|1
|-damage|p2a: 老烈|71/100|[from] item: Life Orb
|move|p1a: Yveltal|Max Airstream|p2a: 老烈
|-damage|p2a: 老烈|0 fnt
|-boost|p1a: Yveltal|spe|1
|faint|p2a: 老烈
|-weather|none
|-damage|p1a: Yveltal|12/100|[from] item: Life Orb
|
|upkeep
|
|t:|1667054306
|switch|p2a: 嘉然小姐的狗|Zacian-Crowned|100/100
|-damage|p2a: 嘉然小姐的狗|94/100|[from] Stealth Rock
|-ability|p2a: 嘉然小姐的狗|Intrepid Sword|boost
|-boost|p2a: 嘉然小姐的狗|atk|1
|turn|4
|
|t:|1667054310
|move|p2a: 嘉然小姐的狗|Quick Attack|p1a: Yveltal
|-damage|p1a: Yveltal|0 fnt
|faint|p1a: Yveltal
|
|upkeep
|
|t:|1667054318
|switch|p1a: Ho-Oh|Ho-Oh|100/100
|turn|5
|
|t:|1667054325
|move|p2a: 嘉然小姐的狗|Wild Charge|p1a: Ho-Oh
|-supereffective|p1a: Ho-Oh
|-damage|p1a: Ho-Oh|3/100
|-damage|p2a: 嘉然小姐的狗|68/100|[from] Recoil
|move|p1a: Ho-Oh|Sacred Fire|p2a: 嘉然小姐的狗
|-supereffective|p2a: 嘉然小姐的狗
|-damage|p2a: 嘉然小姐的狗|5/100
|-status|p2a: 嘉然小姐的狗|brn
|
|-damage|p2a: 嘉然小姐的狗|0 fnt|[from] brn
|faint|p2a: 嘉然小姐的狗
|upkeep
|
|t:|1667054329
|switch|p2a: 不会(?)|Groudon|100/100
|-damage|p2a: 不会(?)|94/100|[from] Stealth Rock
|detailschange|p2a: 不会(?)|Groudon-Primal
|-primal|p2a: 不会(?)
|-weather|DesolateLand|[from] ability: Desolate Land|[of] p2a: 不会(?)
|turn|6
|
|t:|1667054333
|move|p2a: 不会(?)|Thunder Wave|p1a: Ho-Oh
|-status|p1a: Ho-Oh|par
|move|p1a: Ho-Oh|Brave Bird|p2a: 不会(?)
|-damage|p2a: 不会(?)|71/100
|-damage|p1a: Ho-Oh|0 fnt|[from] Recoil
|faint|p1a: Ho-Oh
|
|-weather|DesolateLand|[upkeep]
|upkeep
|
|t:|1667054338
|switch|p1a: Insanity|Salamence, M|100/100
|-ability|p1a: Insanity|Intimidate|boost
|-unboost|p2a: 不会(?)|atk|1
|turn|7
|
|t:|1667054341
|detailschange|p1a: Insanity|Salamence-Mega, M
|-mega|p1a: Insanity|Salamence|Salamencite
|move|p1a: Insanity|Substitute|p1a: Insanity
|-start|p1a: Insanity|Substitute
|-damage|p1a: Insanity|75/100
|move|p2a: 不会(?)|Stealth Rock|p1a: Insanity
|-sidestart|p1: MuggieXD|move: Stealth Rock
|
|-weather|DesolateLand|[upkeep]
|upkeep
|turn|8
|
|t:|1667054343
|move|p1a: Insanity|Dragon Dance|p1a: Insanity
|-boost|p1a: Insanity|atk|1
|-boost|p1a: Insanity|spe|1
|move|p2a: 不会(?)|Roar|p1a: Insanity
|drag|p1a: Kyogre|Kyogre|100/100
|-damage|p1a: Kyogre|88/100|[from] Stealth Rock
|detailschange|p1a: Kyogre|Kyogre-Primal
|-primal|p1a: Kyogre
|-weather|PrimordialSea|[from] ability: Primordial Sea|[of] p1a: Kyogre
|
|-weather|PrimordialSea|[upkeep]
|upkeep
|turn|9
|
|t:|1667054354
|move|p2a: 不会(?)|Thunder Wave|p1a: Kyogre
|-status|p1a: Kyogre|par
|cant|p1a: Kyogre|par
|
|-weather|PrimordialSea|[upkeep]
|upkeep
|turn|10
|
|t:|1667054360
|move|p1a: Kyogre|Scald|p2a: 不会(?)
|-supereffective|p2a: 不会(?)
|-damage|p2a: 不会(?)|0 fnt
|faint|p2a: 不会(?)
|
|-weather|PrimordialSea|[upkeep]
|upkeep
|
|t:|1667054363
|switch|p2a: 钢铁之躯|Necrozma-Dusk-Mane|100/100
|-damage|p2a: 钢铁之躯|94/100|[from] Stealth Rock
|turn|11
|
|t:|1667054367
|detailschange|p2a: 钢铁之躯|Necrozma-Ultra
|-burst|p2a: 钢铁之躯|Necrozma|Ultranecrozium Z
|move|p2a: 钢铁之躯|Dragon Dance|p2a: 钢铁之躯
|-boost|p2a: 钢铁之躯|atk|1
|-boost|p2a: 钢铁之躯|spe|1
|cant|p1a: Kyogre|par
|
|-weather|PrimordialSea|[upkeep]
|upkeep
|turn|12
|
|t:|1667054375
|move|p2a: 钢铁之躯|Photon Geyser|p1a: Kyogre
|-damage|p1a: Kyogre|21/100 par
|move|p1a: Kyogre|Scald|p2a: 钢铁之躯
|-resisted|p2a: 钢铁之躯
|-damage|p2a: 钢铁之躯|61/100
|
|-weather|PrimordialSea|[upkeep]
|upkeep
|turn|13
|
|t:|1667054377
|move|p2a: 钢铁之躯|Earthquake|p1a: Kyogre
|-damage|p1a: Kyogre|0 fnt
|faint|p1a: Kyogre
|-weather|none
|
|upkeep
|
|t:|1667054381
|switch|p1a: Arceus|Arceus|100/100
|-damage|p1a: Arceus|88/100|[from] Stealth Rock
|turn|14
|
|t:|1667054387
|-zpower|p2a: 钢铁之躯
|move|p2a: 钢铁之躯|Light That Burns the Sky|p1a: Arceus|[zeffect]
|-damage|p1a: Arceus|0 fnt
|faint|p1a: Arceus
|
|upkeep
|-message|MuggieXD forfeited.
|
|win|CLEAR GEM清瑜
|raw|MuggieXD's rating: 1629 &rarr; <strong>1618</strong><br />(-11 for losing)
|raw|CLEAR GEM清瑜's rating: 1791 &rarr; <strong>1802</strong><br />(+11 for winning)
|l|☆MuggieXD
||Ladder isn't responding, score probably updated but might not have (Request timeout).
