|j|☆Ford Prefect
|j|☆SaintLaplace
|t:|1661807387
|gametype|singles
|player|p1|Ford Prefect|169|1651
|player|p2|SaintLaplace|hilda-wonderlauncher|1588
|teamsize|p1|6
|teamsize|p2|6
|gen|8
|tier|[Gen 8] National Dex AG
|rated|
|rule|HP Percentage Mod: HP is shown in percentages
|rule|Endless Battle Clause: Forcing endless battles is banned
|clearpoke
|poke|p1|Rayquaza|
|poke|p1|Groudon|
|poke|p1|Kyogre|
|poke|p1|Necrozma-Dawn-Wings|
|poke|p1|Arceus-*|
|poke|p1|Zacian-*|
|poke|p2|Smeargle, M|
|poke|p2|Rayquaza|
|poke|p2|Necrozma-Dusk-Mane|
|poke|p2|Marshadow|
|poke|p2|Xerneas-*|
|poke|p2|Necrozma-Dawn-Wings|
|teampreview
|
|t:|1661807390
|start
|switch|p1a: Necrozma|Necrozma-Dawn-Wings|100/100
|switch|p2a: Smeargle|Smeargle, M, shiny|100/100
|turn|1
|inactive|Battle timer is ON: inactive players will automatically lose when time's up. (requested by SaintLaplace)
|
|t:|1661807397
|detailschange|p1a: Necrozma|Necrozma-Ultra
|-burst|p1a: Necrozma|Necrozma|Ultranecrozium Z
|move|p1a: Necrozma|Substitute|p1a: Necrozma
|-start|p1a: Necrozma|Substitute
|-damage|p1a: Necrozma|75/100
|move|p2a: Smeargle|Spore||[still]
|-fail|p2a: Smeargle
|
|-ability|p2a: Smeargle|Moody|boost
|-boost|p2a: Smeargle|def|2
|-unboost|p2a: Smeargle|spa|1
|upkeep
|turn|2
|j| PunchingTr33
|
|t:|1661807408
|move|p1a: Necrozma|Photon Geyser|p2a: Smeargle
|-enditem|p2a: Smeargle|Focus Sash
|-damage|p2a: Smeargle|1/100
|move|p2a: Smeargle|Shell Smash|p2a: Smeargle
|-unboost|p2a: Smeargle|def|1
|-unboost|p2a: Smeargle|spd|1
|-boost|p2a: Smeargle|atk|2
|-boost|p2a: Smeargle|spa|2
|-boost|p2a: Smeargle|spe|2
|
|-ability|p2a: Smeargle|Moody|boost
|-boost|p2a: Smeargle|def|2
|-unboost|p2a: Smeargle|spd|1
|upkeep
|turn|3
|
|t:|1661807422
|move|p2a: Smeargle|Baton Pass|p2a: Smeargle
|
|t:|1661807423
|switch|p2a: Rayquaza|Rayquaza|100/100|[from]move: Baton Pass
|-ability|p2a: Rayquaza|Air Lock
|move|p1a: Necrozma|Moongeist Beam|p2a: Rayquaza
|-damage|p2a: Rayquaza|15/100
|
|upkeep
|turn|4
|
|t:|1661807433
|detailschange|p2a: Rayquaza|Rayquaza-Mega
|-mega|p2a: Rayquaza|Rayquaza|
|-weather|DeltaStream|[from] ability: Delta Stream|[of] p2a: Rayquaza
|move|p2a: Rayquaza|Scale Shot|p1a: Necrozma
|-supereffective|p1a: Necrozma
|-end|p1a: Necrozma|Substitute
|-supereffective|p1a: Necrozma
|-damage|p1a: Necrozma|5/100
|-hitcount|p1a: Necrozma|2
|-unboost|p2a: Rayquaza|def|1
|-boost|p2a: Rayquaza|spe|1
|move|p1a: Necrozma|Dragon Pulse|p2a: Rayquaza
|-supereffective|p2a: Rayquaza
|-crit|p2a: Rayquaza
|-damage|p2a: Rayquaza|0 fnt
|faint|p2a: Rayquaza
|-weather|none
|
|upkeep
|
|t:|1661807450
|switch|p2a: Necrozma|Necrozma-Dusk-Mane, shiny|100/100
|turn|5
|
|t:|1661807454
|move|p1a: Necrozma|Moongeist Beam|p2a: Necrozma
|-supereffective|p2a: Necrozma
|-damage|p2a: Necrozma|31/100
|-enditem|p2a: Necrozma|Weakness Policy
|-boost|p2a: Necrozma|atk|2|[from] item: Weakness Policy
|-boost|p2a: Necrozma|spa|2|[from] item: Weakness Policy
|move|p2a: Necrozma|Autotomize|p2a: Necrozma
|-boost|p2a: Necrozma|spe|2
|-start|p2a: Necrozma|Autotomize
|
|upkeep
|turn|6
|
|t:|1661807465
|move|p2a: Necrozma|Photon Geyser|p1a: Necrozma
|-resisted|p1a: Necrozma
|-damage|p1a: Necrozma|0 fnt
|faint|p1a: Necrozma
|
|upkeep
|
|t:|1661807474
|switch|p1a: Groudon|Groudon|100/100
|detailschange|p1a: Groudon|Groudon-Primal
|-primal|p1a: Groudon
|-weather|DesolateLand|[from] ability: Desolate Land|[of] p1a: Groudon
|turn|7
|
|t:|1661807480
|-start|p2a: Necrozma|Dynamax|
|-heal|p2a: Necrozma|31/100|[silent]
|move|p2a: Necrozma|Max Mindstorm|p1a: Groudon
|-damage|p1a: Groudon|16/100
|-fieldstart|move: Psychic Terrain
|move|p1a: Groudon|Heat Crash||[still]
|-fail|p1a: Groudon|Dynamax
|
|-weather|DesolateLand|[upkeep]
|upkeep
|turn|8
|
|t:|1661807488
|move|p2a: Necrozma|Max Mindstorm|p1a: Groudon
|-damage|p1a: Groudon|0 fnt
|faint|p1a: Groudon
|-weather|none
|
|upkeep
|
|t:|1661807497
|switch|p1a: Kyogre|Kyogre|100/100
|detailschange|p1a: Kyogre|Kyogre-Primal
|-primal|p1a: Kyogre
|-weather|PrimordialSea|[from] ability: Primordial Sea|[of] p1a: Kyogre
|turn|9
|
|t:|1661807504
|move|p2a: Necrozma|Max Steelspike|p1a: Kyogre
|-resisted|p1a: Kyogre
|-damage|p1a: Kyogre|1/100
|-boost|p2a: Necrozma|def|1
|move|p1a: Kyogre|Surf|p2a: Necrozma
|-damage|p2a: Necrozma|0 fnt
|faint|p2a: Necrozma
|
|-weather|PrimordialSea|[upkeep]
|upkeep
|
|t:|1661807512
|switch|p2a: Necrozma|Necrozma-Dawn-Wings, shiny|100/100
|turn|10
|
|t:|1661807515
|move|p1a: Kyogre|Surf|p2a: Necrozma
|-damage|p2a: Necrozma|24/100
|move|p2a: Necrozma|Stealth Rock|p1a: Kyogre
|-sidestart|p1: Ford Prefect|move: Stealth Rock
|
|-weather|PrimordialSea|[upkeep]
|upkeep
|turn|11
|
|t:|1661807520
|detailschange|p2a: Necrozma|Necrozma-Ultra, shiny
|-burst|p2a: Necrozma|Necrozma|Ultranecrozium Z
|move|p2a: Necrozma|Photon Geyser|p1a: Kyogre
|-damage|p1a: Kyogre|0 fnt
|faint|p1a: Kyogre
|-weather|none
|
|-fieldend|move: Psychic Terrain
|upkeep
|
|t:|1661807528
|switch|p1a: Arceus|Arceus|100/100
|-damage|p1a: Arceus|88/100|[from] Stealth Rock
|turn|12
|
|t:|1661807534
|move|p1a: Arceus|Extreme Speed|p2a: Necrozma
|-damage|p2a: Necrozma|0 fnt
|faint|p2a: Necrozma
|
|upkeep
|
|t:|1661807541
|switch|p2a: Xerneas|Xerneas, shiny|100/100
|-ability|p2a: Xerneas|Fairy Aura
|turn|13
|
|t:|1661807547
|move|p1a: Arceus|Extreme Speed|p2a: Xerneas
|-damage|p2a: Xerneas|61/100
|move|p2a: Xerneas|Geomancy||[still]
|-prepare|p2a: Xerneas|Geomancy
|-enditem|p2a: Xerneas|Power Herb
|-anim|p2a: Xerneas|Geomancy|p2a: Xerneas
|-boost|p2a: Xerneas|spa|2
|-boost|p2a: Xerneas|spd|2
|-boost|p2a: Xerneas|spe|2
|
|upkeep
|turn|14
|
|t:|1661807556
|-start|p1a: Arceus|Dynamax|
|-heal|p1a: Arceus|88/100|[silent]
|move|p2a: Xerneas|Moonblast|p1a: Arceus
|-damage|p1a: Arceus|43/100
|-unboost|p1a: Arceus|spa|1
|move|p1a: Arceus|Max Strike|p2a: Xerneas
|-damage|p2a: Xerneas|0 fnt
|faint|p2a: Xerneas
|
|upkeep
|
|t:|1661807566
|switch|p2a: Marshadow|Marshadow|100/100
|turn|15
|
|t:|1661807569
|move|p2a: Marshadow|Close Combat|p1a: Arceus
|-supereffective|p1a: Arceus
|-damage|p1a: Arceus|1/100
|-unboost|p2a: Marshadow|def|1
|-unboost|p2a: Marshadow|spd|1
|move|p1a: Arceus|Max Phantasm|p2a: Marshadow
|-supereffective|p2a: Marshadow
|-enditem|p2a: Marshadow|Focus Sash
|-damage|p2a: Marshadow|1/100
|-unboost|p2a: Marshadow|def|1
|
|upkeep
|turn|16
|
|t:|1661807580
|move|p2a: Marshadow|Close Combat|p1a: Arceus
|-supereffective|p1a: Arceus
|-damage|p1a: Arceus|0 fnt
|-unboost|p2a: Marshadow|def|1
|-unboost|p2a: Marshadow|spd|1
|faint|p1a: Arceus
|
|upkeep
|
|t:|1661807586
|switch|p1a: Zacian|Zacian-Crowned|100/100
|-damage|p1a: Zacian|94/100|[from] Stealth Rock
|-ability|p1a: Zacian|Intrepid Sword|boost
|-boost|p1a: Zacian|atk|1
|turn|17
|
|t:|1661807592
|move|p2a: Marshadow|Shadow Sneak|p1a: Zacian
|-damage|p1a: Zacian|67/100
|move|p1a: Zacian|Psychic Fangs|p2a: Marshadow
|-supereffective|p2a: Marshadow
|-damage|p2a: Marshadow|0 fnt
|faint|p2a: Marshadow
|
|upkeep
|
|t:|1661807597
|switch|p2a: Smeargle|Smeargle, M, shiny|1/100
|turn|18
|
|t:|1661807599
|move|p1a: Zacian|Psychic Fangs|p2a: Smeargle
|-damage|p2a: Smeargle|0 fnt
|faint|p2a: Smeargle
|
|win|Ford Prefect
|raw|Ford Prefect's rating: 1651 &rarr; <strong>1667</strong><br />(+16 for winning)
|raw|SaintLaplace's rating: 1588 &rarr; <strong>1572</strong><br />(-16 for losing)
|c|☆Ford Prefect|gg
