|j|☆YLong
|j|☆fenglinger
|t:|1668666957
|gametype|singles
|player|p1|YLong|darach-caitlin|
|player|p2|fenglinger|hilda-wonderlauncher|
|teamsize|p1|6
|teamsize|p2|6
|gen|8
|tier|[Gen 8] National Dex AG
|rule|HP Percentage Mod: HP is shown in percentages
|rule|Endless Battle Clause: Forcing endless battles is banned
|clearpoke
|poke|p1|Naganadel|
|poke|p1|Altaria, F|
|poke|p1|Minior-Indigo|
|poke|p1|Latios, M|
|poke|p1|Latias, F|
|poke|p1|Charizard, M|
|poke|p2|Alakazam, F|
|poke|p2|Tapu Lele|
|poke|p2|Metagross|
|poke|p2|Slowking-Galar, M|
|poke|p2|Landorus-Therian, M|
|poke|p2|Rotom-Wash|
|teampreview
|
|t:|1668667018
|start
|switch|p1a: Charizard|Charizard, M|100/100
|switch|p2a: Metagross|Metagross, shiny|100/100
|turn|1
|
|t:|1668667031
|-start|p2a: Metagross|Dynamax|
|-heal|p2a: Metagross|100/100|[silent]
|move|p1a: Charizard|Overheat|p2a: Metagross
|-supereffective|p2a: Metagross
|-damage|p2a: Metagross|58/100
|-unboost|p1a: Charizard|spa|2
|-enditem|p2a: Metagross|Weakness Policy
|-boost|p2a: Metagross|atk|2|[from] item: Weakness Policy
|-boost|p2a: Metagross|spa|2|[from] item: Weakness Policy
|move|p2a: Metagross|Max Lightning|p1a: Charizard
|-supereffective|p1a: Charizard
|-damage|p1a: Charizard|0 fnt
|-fieldstart|move: Electric Terrain
|faint|p1a: Charizard
|
|upkeep
|
|t:|1668667050
|switch|p1a: Latios|Latios, M|100/100
|turn|2
|
|t:|1668667058
|move|p1a: Latios|Mystical Fire|p2a: Metagross
|-supereffective|p2a: Metagross
|-damage|p2a: Metagross|29/100
|move|p2a: Metagross|Max Hailstorm|p1a: Latios
|-supereffective|p1a: Latios
|-damage|p1a: Latios|0 fnt
|-weather|Hail
|faint|p1a: Latios
|
|-weather|Hail|[upkeep]
|-damage|p2a: Metagross|26/100|[from] Hail
|upkeep
|
|t:|1668667078
|switch|p1a: Latias|Latias, F|100/100
|turn|3
|
|t:|1668667089
|move|p1a: Latias|Mystical Fire|p2a: Metagross
|-supereffective|p2a: Metagross
|-damage|p2a: Metagross|0 fnt
|faint|p2a: Metagross
|
|-weather|Hail|[upkeep]
|-damage|p1a: Latias|95/100|[from] Hail
|-heal|p1a: Latias|100/100|[from] item: Leftovers
|upkeep
|
|t:|1668667106
|switch|p2a: Slowking|Slowking-Galar, M|100/100
|turn|4
|
|t:|1668667116
|move|p1a: Latias|Calm Mind|p1a: Latias
|-boost|p1a: Latias|spa|1
|-boost|p1a: Latias|spd|1
|move|p2a: Slowking|Ice Beam|p1a: Latias
|-supereffective|p1a: Latias
|-damage|p1a: Latias|70/100
|
|-weather|Hail|[upkeep]
|-damage|p1a: Latias|64/100|[from] Hail
|-damage|p2a: Slowking|94/100|[from] Hail
|-heal|p1a: Latias|70/100|[from] item: Leftovers
|upkeep
|turn|5
|
|t:|1668667149
|move|p1a: Latias|Calm Mind|p1a: Latias
|-boost|p1a: Latias|spa|1
|-boost|p1a: Latias|spd|1
|move|p2a: Slowking|Ice Beam|p1a: Latias
|-supereffective|p1a: Latias
|-damage|p1a: Latias|47/100
|-status|p1a: Latias|frz
|
|-weather|Hail|[upkeep]
|-damage|p1a: Latias|41/100 frz|[from] Hail
|-damage|p2a: Slowking|88/100|[from] Hail
|-heal|p1a: Latias|47/100 frz|[from] item: Leftovers
|-fieldend|move: Electric Terrain
|upkeep
|turn|6
|
|t:|1668667158
|-curestatus|p1a: Latias|frz|[msg]
|move|p1a: Latias|Mystical Fire|p2a: Slowking
|-damage|p2a: Slowking|64/100
|-unboost|p2a: Slowking|spa|1
|move|p2a: Slowking|Ice Beam|p1a: Latias
|-supereffective|p1a: Latias
|-damage|p1a: Latias|30/100
|
|-weather|none
|-heal|p1a: Latias|36/100|[from] item: Leftovers
|upkeep
|turn|7
|
|t:|1668667177
|switch|p2a: Tapu Lele|Tapu Lele|100/100
|-fieldstart|move: Psychic Terrain|[from] ability: Psychic Surge|[of] p2a: Tapu Lele
|move|p1a: Latias|Calm Mind|p1a: Latias
|-boost|p1a: Latias|spa|1
|-boost|p1a: Latias|spd|1
|
|-heal|p1a: Latias|42/100|[from] item: Leftovers
|upkeep
|turn|8
|
|t:|1668667188
|move|p2a: Tapu Lele|Moonblast|p1a: Latias
|-supereffective|p1a: Latias
|-damage|p1a: Latias|6/100
|move|p1a: Latias|Mystical Fire|p2a: Tapu Lele
|-damage|p2a: Tapu Lele|36/100
|-unboost|p2a: Tapu Lele|spa|1
|
|-heal|p1a: Latias|12/100|[from] item: Leftovers
|upkeep
|turn|9
|
|t:|1668667200
|move|p2a: Tapu Lele|Moonblast|p1a: Latias
|-supereffective|p1a: Latias
|-damage|p1a: Latias|0 fnt
|faint|p1a: Latias
|
|upkeep
|
|t:|1668667207
|switch|p1a: Naganadel|Naganadel, shiny|100/100
|turn|10
|
|t:|1668667230
|switch|p2a: Rotom|Rotom-Wash|100/100
|-start|p1a: Naganadel|Dynamax|
|-heal|p1a: Naganadel|100/100|[silent]
|move|p1a: Naganadel|Max Airstream|p2a: Rotom
|-resisted|p2a: Rotom
|-damage|p2a: Rotom|81/100
|-boost|p1a: Naganadel|spe|1
|
|upkeep
|turn|11
|
|t:|1668667251
|move|p1a: Naganadel|Max Ooze|p2a: Rotom
|-damage|p2a: Rotom|42/100
|-boost|p1a: Naganadel|spa|1
|move|p2a: Rotom|Hydro Pump|p1a: Naganadel|[miss]
|-miss|p2a: Rotom|p1a: Naganadel
|
|-fieldend|move: Psychic Terrain
|upkeep
|turn|12
|
|t:|1668667263
|move|p1a: Naganadel|Max Airstream|p2a: Rotom
|-resisted|p2a: Rotom
|-damage|p2a: Rotom|16/100
|-boost|p1a: Naganadel|spe|1
|-enditem|p2a: Rotom|Wiki Berry|[eat]
|-heal|p2a: Rotom|50/100|[from] item: Wiki Berry
|move|p2a: Rotom|Volt Switch|p1a: Naganadel
|-resisted|p1a: Naganadel
|-damage|p1a: Naganadel|91/100
|
|t:|1668667279
|switch|p2a: Slowking|Slowking-Galar, M|97/100|[from]move: Volt Switch
|
|upkeep
|-end|p1a: Naganadel|Dynamax
|-heal|p1a: Naganadel|91/100|[silent]
|turn|13
|
|t:|1668667296
|move|p1a: Naganadel|Flamethrower|p2a: Slowking
|-damage|p2a: Slowking|61/100
|-status|p2a: Slowking|brn
|move|p2a: Slowking|Ice Beam|p1a: Naganadel
|-supereffective|p1a: Naganadel
|-damage|p1a: Naganadel|9/100
|
|-damage|p2a: Slowking|55/100 brn|[from] brn
|upkeep
|turn|14
|
|t:|1668667307
|move|p1a: Naganadel|Flamethrower|p2a: Slowking
|-damage|p2a: Slowking|19/100 brn
|move|p2a: Slowking|Ice Beam|p1a: Naganadel
|-supereffective|p1a: Naganadel
|-damage|p1a: Naganadel|0 fnt
|faint|p1a: Naganadel
|
|-damage|p2a: Slowking|13/100 brn|[from] brn
|upkeep
|
|t:|1668667313
|switch|p1a: Altaria|Altaria, F|100/100
|-ability|p1a: Altaria|Cloud Nine
|turn|15
|
|t:|1668667320
|switch|p2a: Landorus|Landorus-Therian, M|100/100
|-ability|p2a: Landorus|Intimidate|boost
|-unboost|p1a: Altaria|atk|1
|detailschange|p1a: Altaria|Altaria-Mega, F
|-mega|p1a: Altaria|Altaria|Altarianite
|move|p1a: Altaria|Agility|p1a: Altaria
|-boost|p1a: Altaria|spe|2
|
|upkeep
|turn|16
|
|t:|1668667336
|move|p1a: Altaria|Ice Beam|p2a: Landorus
|-supereffective|p2a: Landorus
|-damage|p2a: Landorus|0 fnt
|faint|p2a: Landorus
|
|upkeep
|
|t:|1668667342
|switch|p2a: Slowking|Slowking-Galar, M|46/100 brn
|turn|17
|
|t:|1668667353
|switch|p2a: Rotom|Rotom-Wash|50/100
|move|p1a: Altaria|Fire Blast|p2a: Rotom
|-resisted|p2a: Rotom
|-damage|p2a: Rotom|36/100
|
|upkeep
|turn|18
|
|t:|1668667365
|move|p1a: Altaria|Ice Beam|p2a: Rotom
|-resisted|p2a: Rotom
|-damage|p2a: Rotom|26/100
|move|p2a: Rotom|Hydro Pump|p1a: Altaria
|-resisted|p1a: Altaria
|-damage|p1a: Altaria|79/100
|
|upkeep
|turn|19
|
|t:|1668667372
|switch|p2a: Slowking|Slowking-Galar, M|79/100 brn
|move|p1a: Altaria|Moonblast|p2a: Slowking
|-resisted|p2a: Slowking
|-damage|p2a: Slowking|70/100 brn
|
|-damage|p2a: Slowking|63/100 brn|[from] brn
|upkeep
|turn|20
|
|t:|1668667382
|move|p1a: Altaria|Fire Blast|p2a: Slowking|[miss]
|-miss|p1a: Altaria|p2a: Slowking
|move|p2a: Slowking|Ice Beam|p1a: Altaria
|-supereffective|p1a: Altaria
|-damage|p1a: Altaria|24/100
|
|-damage|p2a: Slowking|57/100 brn|[from] brn
|upkeep
|turn|21
|
|t:|1668667385
|move|p1a: Altaria|Fire Blast|p2a: Slowking
|-damage|p2a: Slowking|42/100 brn
|move|p2a: Slowking|Ice Beam|p1a: Altaria
|-supereffective|p1a: Altaria
|-damage|p1a: Altaria|0 fnt
|faint|p1a: Altaria
|
|-damage|p2a: Slowking|36/100 brn|[from] brn
|upkeep
|
|t:|1668667392
|switch|p1a: Minior|Minior-Indigo|100/100
|-formechange|p1a: Minior|Minior-Meteor||[from] ability: Shields Down
|turn|22
|
|t:|1668667402
|move|p1a: Minior|Shell Smash|p1a: Minior
|-unboost|p1a: Minior|def|1
|-unboost|p1a: Minior|spd|1
|-boost|p1a: Minior|atk|2
|-boost|p1a: Minior|spa|2
|-boost|p1a: Minior|spe|2
|move|p2a: Slowking|Scald|p1a: Minior
|-supereffective|p1a: Minior
|-damage|p1a: Minior|17/100
|
|-damage|p2a: Slowking|30/100 brn|[from] brn
|-formechange|p1a: Minior|Minior-Indigo||[from] ability: Shields Down
|upkeep
|turn|23
|
|t:|1668667410
|move|p1a: Minior|Acrobatics|p2a: Slowking
|-damage|p2a: Slowking|0 fnt
|faint|p2a: Slowking
|
|upkeep
|
|t:|1668667414
|switch|p2a: Rotom|Rotom-Wash|26/100
|turn|24
|
|t:|1668667418
|move|p1a: Minior|Acrobatics|p2a: Rotom
|-resisted|p2a: Rotom
|-damage|p2a: Rotom|0 fnt
|faint|p2a: Rotom
|
|upkeep
|
|t:|1668667421
|switch|p2a: Tapu Lele|Tapu Lele|36/100
|-fieldstart|move: Psychic Terrain|[from] ability: Psychic Surge|[of] p2a: Tapu Lele
|turn|25
|
|t:|1668667427
|move|p1a: Minior|Iron Head|p2a: Tapu Lele
|-supereffective|p2a: Tapu Lele
|-damage|p2a: Tapu Lele|0 fnt
|faint|p2a: Tapu Lele
|
|upkeep
|
|t:|1668667431
|switch|p2a: Alakazam|Alakazam, F|100/100
|turn|26
|
|t:|1668667435
|detailschange|p2a: Alakazam|Alakazam-Mega, F
|-mega|p2a: Alakazam|Alakazam|Alakazite
|move|p1a: Minior|Acrobatics|p2a: Alakazam
|-damage|p2a: Alakazam|4/100
|move|p2a: Alakazam|Psychic|p1a: Minior
|-damage|p1a: Minior|0 fnt
|faint|p1a: Minior
|
|win|fenglinger
