|j|‽rowletroost
|j|☆alwaysrinse
|t:|1621295420
|gametype|singles
|player|p1|rowletroost|caitlin|1739
|player|p2|alwaysrinse|102|1838
|teamsize|p1|6
|teamsize|p2|6
|gen|8
|tier|[Gen 8] National Dex AG
|rated|
|rule|HP Percentage Mod: HP is shown in percentages
|rule|Endless Battle Clause: Forcing endless battles is banned
|clearpoke
|poke|p1|Arceus-*|
|poke|p1|Xerneas-*|
|poke|p1|Regieleki|
|poke|p1|Marshadow|
|poke|p1|Ribombee, M|
|poke|p1|Vivillon-River, F|
|poke|p2|Quagsire, F|
|poke|p2|Chansey, F|
|poke|p2|Tyranitar, M|
|poke|p2|Lugia|
|poke|p2|Sableye, M|
|poke|p2|Giratina|
|teampreview
|j| Mak the ZekLord
|inactive|Battle timer is ON: inactive players will automatically lose when time's up. (requested by rowletroost)
|
|t:|1621295455
|start
|switch|p1a: Arceus|Arceus-Ground|100/100
|switch|p2a: Sableye|Sableye, M|100/100
|turn|1
|
|t:|1621295478
|detailschange|p2a: Sableye|Sableye-Mega, M
|-mega|p2a: Sableye|Sableye|Sablenite
|move|p2a: Sableye|Fake Out|p1a: Arceus
|-damage|p1a: Arceus|97/100
|cant|p1a: Arceus|flinch
|
|upkeep
|turn|2
|
|t:|1621295484
|switch|p2a: Lugia|Lugia|100/100
|move|p1a: Arceus|Ice Beam|p2a: Lugia
|-supereffective|p2a: Lugia
|-damage|p2a: Lugia|86/100
|
|upkeep
|turn|3
|
|t:|1621295487
|move|p1a: Arceus|Ice Beam|p2a: Lugia
|-supereffective|p2a: Lugia
|-damage|p2a: Lugia|61/100
|move|p2a: Lugia|Toxic|p1a: Arceus
|-status|p1a: Arceus|tox
|
|-damage|p1a: Arceus|91/100 tox|[from] psn
|upkeep
|turn|4
|inactive|alwaysrinse has 120 seconds left.
|
|t:|1621295518
|switch|p1a: Ribombee|Ribombee, M, shiny|100/100
|move|p2a: Lugia|Roost|p2a: Lugia
|-heal|p2a: Lugia|100/100
|-singleturn|p2a: Lugia|move: Roost
|
|upkeep
|turn|5
|
|t:|1621295537
|switch|p2a: Sableye|Sableye-Mega, M|100/100
|move|p1a: Ribombee|Sticky Web|p2a: Sableye
|move|p2a: Sableye|Sticky Web|p1a: Ribombee|[from]ability: Magic Bounce
|-sidestart|p1: rowletroost|move: Sticky Web
|
|upkeep
|turn|6
|inactive|alwaysrinse has 120 seconds left.
|
|t:|1621295581
|move|p1a: Ribombee|Defog|p2a: Sableye
|move|p2a: Sableye|Defog|p1a: Ribombee|[from]ability: Magic Bounce
|-unboost|p1a: Ribombee|evasion|1
|-sideend|p1: rowletroost|Sticky Web|[from] move: Defog|[of] p2a: Sableye
|move|p2a: Sableye|Will-O-Wisp|p1a: Ribombee
|-status|p1a: Ribombee|brn
|
|-damage|p1a: Ribombee|94/100 brn|[from] brn
|upkeep
|turn|7
|
|t:|1621295585
|move|p1a: Ribombee|Aromatherapy|p1a: Ribombee
|-activate|p1a: Ribombee|move: Aromatherapy
|-curestatus|p1a: Ribombee|brn|[msg]
|-curestatus|p1: Arceus|tox|[msg]
|move|p2a: Sableye|Foul Play|p1a: Ribombee
|-resisted|p1a: Ribombee
|-damage|p1a: Ribombee|80/100
|
|upkeep
|turn|8
|
|t:|1621295593
|move|p1a: Ribombee|Moonblast|p2a: Sableye
|-supereffective|p2a: Sableye
|-damage|p2a: Sableye|27/100
|-unboost|p2a: Sableye|spa|1
|move|p2a: Sableye|Will-O-Wisp|p1a: Ribombee
|-status|p1a: Ribombee|brn
|
|-damage|p1a: Ribombee|74/100 brn|[from] brn
|upkeep
|turn|9
|l| Mak the ZekLord
|inactive|alwaysrinse has 120 seconds left.
|j| Mak the ZekLord
|inactive|alwaysrinse has 90 seconds left.
|
|t:|1621295658
|switch|p2a: Chansey|Chansey, F|100/100
|move|p1a: Ribombee|Moonblast|p2a: Chansey
|-damage|p2a: Chansey|90/100
|
|-damage|p1a: Ribombee|68/100 brn|[from] brn
|upkeep
|turn|10
|
|t:|1621295665
|move|p1a: Ribombee|Aromatherapy|p1a: Ribombee
|-activate|p1a: Ribombee|move: Aromatherapy
|-curestatus|p1a: Ribombee|brn|[msg]
|move|p2a: Chansey|Soft-Boiled|p2a: Chansey
|-heal|p2a: Chansey|100/100
|
|upkeep
|turn|11
|
|t:|1621295688
|move|p1a: Ribombee|Moonblast|p2a: Chansey
|-damage|p2a: Chansey|90/100
|move|p2a: Chansey|Toxic|p1a: Ribombee
|-status|p1a: Ribombee|tox
|
|-damage|p1a: Ribombee|62/100 tox|[from] psn
|upkeep
|turn|12
|
|t:|1621295693
|move|p1a: Ribombee|Sticky Web|p2a: Chansey
|-sidestart|p2: alwaysrinse|move: Sticky Web
|move|p2a: Chansey|Soft-Boiled|p2a: Chansey
|-heal|p2a: Chansey|100/100
|
|-damage|p1a: Ribombee|49/100 tox|[from] psn
|upkeep
|turn|13
|
|t:|1621295696
|move|p1a: Ribombee|Aromatherapy|p1a: Ribombee
|-activate|p1a: Ribombee|move: Aromatherapy
|-curestatus|p1a: Ribombee|tox|[msg]
|move|p2a: Chansey|Confide|p1a: Ribombee
|-unboost|p1a: Ribombee|spa|1
|
|upkeep
|turn|14
|
|t:|1621295706
|switch|p1a: Vivillon|Vivillon-River, F|100/100
|move|p2a: Chansey|Toxic|p1a: Vivillon
|-status|p1a: Vivillon|tox
|
|-damage|p1a: Vivillon|95/100 tox|[from] psn
|upkeep
|turn|15
|
|t:|1621295717
|switch|p1a: Ribombee|Ribombee, M, shiny|49/100
|switch|p2a: Sableye|Sableye-Mega, M|27/100
|-activate|p2a: Sableye|move: Sticky Web
|-unboost|p2a: Sableye|spe|1
|
|upkeep
|turn|16
|
|t:|1621295720
|switch|p2a: Chansey|Chansey, F|100/100
|-activate|p2a: Chansey|move: Sticky Web
|-unboost|p2a: Chansey|spe|1
|move|p1a: Ribombee|Aromatherapy|p1a: Ribombee
|-activate|p1a: Ribombee|move: Aromatherapy
|-curestatus|p1: Vivillon|tox|[msg]
|
|upkeep
|turn|17
|
|t:|1621295740
|move|p1a: Ribombee|Moonblast|p2a: Chansey
|-damage|p2a: Chansey|90/100
|move|p2a: Chansey|Toxic|p1a: Ribombee
|-status|p1a: Ribombee|tox
|
|-damage|p1a: Ribombee|43/100 tox|[from] psn
|upkeep
|turn|18
|inactive|alwaysrinse has 120 seconds left.
|inactive|alwaysrinse has 90 seconds left.
|
|t:|1621295796
|move|p1a: Ribombee|Aromatherapy|p1a: Ribombee
|-activate|p1a: Ribombee|move: Aromatherapy
|-curestatus|p1a: Ribombee|tox|[msg]
|move|p2a: Chansey|Toxic|p1a: Ribombee
|-status|p1a: Ribombee|tox
|
|-damage|p1a: Ribombee|37/100 tox|[from] psn
|upkeep
|turn|19
|inactive|alwaysrinse has 60 seconds left.
|inactive|alwaysrinse has 30 seconds left.
|
|t:|1621295853
|move|p1a: Ribombee|Moonblast|p2a: Chansey
|-damage|p2a: Chansey|80/100
|move|p2a: Chansey|Soft-Boiled|p2a: Chansey
|-heal|p2a: Chansey|100/100
|
|-damage|p1a: Ribombee|25/100 tox|[from] psn
|upkeep
|turn|20
|
|t:|1621295860
|move|p1a: Ribombee|Aromatherapy|p1a: Ribombee
|-activate|p1a: Ribombee|move: Aromatherapy
|-curestatus|p1a: Ribombee|tox|[msg]
|move|p2a: Chansey|Soft-Boiled||[still]
|-fail|p2a: Chansey|heal
|
|upkeep
|turn|21
|
|t:|1621295883
|switch|p1a: Regieleki|Regieleki|100/100
|move|p2a: Chansey|Toxic|p1a: Regieleki
|-status|p1a: Regieleki|tox
|
|-damage|p1a: Regieleki|95/100 tox|[from] psn
|upkeep
|turn|22
|inactive|alwaysrinse has 30 seconds left.
|inactive|alwaysrinse has 20 seconds left.
|inactive|alwaysrinse has 15 seconds left.
|
|t:|1621295921
|move|p1a: Regieleki|Explosion|p2a: Chansey
|-damage|p2a: Chansey|15/100
|faint|p1a: Regieleki
|move|p2a: Chansey|Confide|p1: Regieleki|[notarget]
|-fail|p2a: Chansey
|
|upkeep
|inactive|alwaysrinse has 20 seconds left this turn.
|
|t:|1621295945
|switch|p1a: Xerneas|Xerneas, shiny|100/100
|-ability|p1a: Xerneas|Fairy Aura
|turn|23
|inactive|alwaysrinse has 30 seconds left this turn.
|
|t:|1621295950
|move|p1a: Xerneas|Moonblast|p2a: Chansey
|-damage|p2a: Chansey|0 fnt
|faint|p2a: Chansey
|
|upkeep
|inactive|alwaysrinse has 30 seconds left this turn.
|
|t:|1621295956
|switch|p2a: Lugia|Lugia|100/100
|turn|24
|
|t:|1621295960
|switch|p1a: Ribombee|Ribombee, M, shiny|25/100
|move|p2a: Lugia|Toxic|p1a: Ribombee
|-status|p1a: Ribombee|tox
|
|-damage|p1a: Ribombee|19/100 tox|[from] psn
|upkeep
|turn|25
|
|t:|1621295972
|switch|p2a: Tyranitar|Tyranitar, M|100/100
|-activate|p2a: Tyranitar|move: Sticky Web
|-unboost|p2a: Tyranitar|spe|1
|-weather|Sandstorm|[from] ability: Sand Stream|[of] p2a: Tyranitar
|move|p1a: Ribombee|Aromatherapy|p1a: Ribombee
|-activate|p1a: Ribombee|move: Aromatherapy
|-curestatus|p1a: Ribombee|tox|[msg]
|
|-weather|Sandstorm|[upkeep]
|-damage|p1a: Ribombee|13/100|[from] Sandstorm
|upkeep
|turn|26
|l| Mak the ZekLord
|
|t:|1621295983
|move|p1a: Ribombee|Moonblast|p2a: Tyranitar
|-supereffective|p2a: Tyranitar
|-damage|p2a: Tyranitar|69/100
|move|p2a: Tyranitar|Pursuit|p1a: Ribombee
|-resisted|p1a: Ribombee
|-damage|p1a: Ribombee|0 fnt
|faint|p1a: Ribombee
|
|-weather|Sandstorm|[upkeep]
|-heal|p2a: Tyranitar|75/100|[from] item: Leftovers
|upkeep
|j| Mak the ZekLord
|
|t:|1621295997
|switch|p1a: Xerneas|Xerneas, shiny|100/100
|-ability|p1a: Xerneas|Fairy Aura
|turn|27
|
|t:|1621296009
|move|p1a: Xerneas|Geomancy||[still]
|-prepare|p1a: Xerneas|Geomancy
|-enditem|p1a: Xerneas|Power Herb
|-anim|p1a: Xerneas|Geomancy|p1a: Xerneas
|-boost|p1a: Xerneas|spa|2
|-boost|p1a: Xerneas|spd|2
|-boost|p1a: Xerneas|spe|2
|move|p2a: Tyranitar|Stealth Rock|p1a: Xerneas
|-sidestart|p1: rowletroost|move: Stealth Rock
|
|-weather|Sandstorm|[upkeep]
|-damage|p1a: Xerneas|94/100|[from] Sandstorm
|-heal|p2a: Tyranitar|81/100|[from] item: Leftovers
|upkeep
|turn|28
|inactive|alwaysrinse has 30 seconds left.
|inactive|alwaysrinse has 20 seconds left.
|inactive|alwaysrinse has 15 seconds left.
|inactive|alwaysrinse has 10 seconds left.
|inactive|alwaysrinse has 5 seconds left.
|-message|alwaysrinse lost due to inactivity.
|
|win|rowletroost
|raw|rowletroost's rating: 1739 &rarr; <strong>1765</strong><br />(+26 for winning)
|raw|alwaysrinse's rating: 1838 &rarr; <strong>1812</strong><br />(-26 for losing)
|l| Mak the ZekLord
|l|☆alwaysrinse
