|j|☆ChunkyRat
|j|‽rowletroost
|t:|1623982934
|gametype|singles
|player|p1|ChunkyRat|burgh|1675
|player|p2|rowletroost|misty-gen1rb|1663
|teamsize|p1|6
|teamsize|p2|6
|gen|8
|tier|[Gen 8] National Dex AG
|rated|
|rule|HP Percentage Mod: HP is shown in percentages
|rule|Endless Battle Clause: Forcing endless battles is banned
|clearpoke
|poke|p1|Rayquaza|
|poke|p1|Arceus-*|
|poke|p1|Arceus-*|
|poke|p1|Lugia|
|poke|p1|Groudon|
|poke|p1|Calyrex-Shadow|
|poke|p2|Arceus-*|
|poke|p2|Xerneas-*|
|poke|p2|Kyogre|
|poke|p2|Marshadow|
|poke|p2|Ribombee, M|
|poke|p2|Vivillon-Savanna, F|
|teampreview
|inactive|Battle timer is ON: inactive players will automatically lose when time's up. (requested by rowletroost)
|
|t:|1623982964
|start
|switch|p1a: Groudon|Groudon|100/100
|switch|p2a: Ribombee|Ribombee, M, shiny|100/100
|detailschange|p1a: Groudon|Groudon-Primal
|-primal|p1a: Groudon
|-weather|DesolateLand|[from] ability: Desolate Land|[of] p1a: Groudon
|turn|1
|
|t:|1623982968
|switch|p2a: Arceus|Arceus-Ground|100/100
|move|p1a: Groudon|Lava Plume|p2a: Arceus
|-damage|p2a: Arceus|54/100
|
|-weather|DesolateLand|[upkeep]
|upkeep
|turn|2
|
|t:|1623982972
|-weather|none
|switch|p1a: Arceus|Arceus|100/100
|move|p2a: Arceus|Recover|p2a: Arceus
|-heal|p2a: Arceus|100/100
|
|upkeep
|turn|3
|
|t:|1623982974
|switch|p2a: Marshadow|Marshadow|100/100
|move|p1a: Arceus|Toxic|p2a: Marshadow
|-status|p2a: Marshadow|tox
|
|-damage|p2a: Marshadow|94/100 tox|[from] psn
|upkeep
|turn|4
|
|t:|1623982979
|switch|p2a: Ribombee|Ribombee, M, shiny|100/100
|switch|p1a: Lugia|Lugia|100/100
|
|upkeep
|turn|5
|
|t:|1623982984
|switch|p1a: Groudon|Groudon-Primal|100/100
|-weather|DesolateLand|[from] ability: Desolate Land|[of] p1a: Groudon
|move|p2a: Ribombee|Aromatherapy|p2a: Ribombee
|-activate|p2a: Ribombee|move: Aromatherapy
|-curestatus|p2: Marshadow|tox|[msg]
|
|-weather|DesolateLand|[upkeep]
|upkeep
|turn|6
|
|t:|1623982988
|switch|p2a: Arceus|Arceus-Ground|100/100
|move|p1a: Groudon|Lava Plume|p2a: Arceus
|-damage|p2a: Arceus|55/100
|
|-weather|DesolateLand|[upkeep]
|upkeep
|turn|7
|
|t:|1623982992
|move|p1a: Groudon|Toxic|p2a: Arceus
|-status|p2a: Arceus|tox
|move|p2a: Arceus|Recover|p2a: Arceus
|-heal|p2a: Arceus|100/100 tox
|
|-weather|DesolateLand|[upkeep]
|-damage|p2a: Arceus|94/100 tox|[from] psn
|upkeep
|turn|8
|
|t:|1623982997
|-weather|none
|switch|p1a: Rayquaza|Rayquaza|100/100
|-ability|p1a: Rayquaza|Air Lock
|switch|p2a: Ribombee|Ribombee, M, shiny|100/100
|
|upkeep
|turn|9
|
|t:|1623983001
|detailschange|p1a: Rayquaza|Rayquaza-Mega
|-mega|p1a: Rayquaza|Rayquaza|
|-weather|DeltaStream|[from] ability: Delta Stream|[of] p1a: Rayquaza
|move|p1a: Rayquaza|Extreme Speed|p2a: Ribombee
|-damage|p2a: Ribombee|12/100
|-damage|p1a: Rayquaza|91/100|[from] item: Life Orb
|move|p2a: Ribombee|Moonblast|p1a: Rayquaza
|-supereffective|p1a: Rayquaza
|-damage|p1a: Rayquaza|17/100
|
|-weather|DeltaStream|[upkeep]
|upkeep
|turn|10
|
|t:|1623983005
|switch|p2a: Marshadow|Marshadow|94/100
|move|p1a: Rayquaza|Extreme Speed|p2a: Marshadow
|-immune|p2a: Marshadow
|
|-weather|DeltaStream|[upkeep]
|upkeep
|turn|11
|
|t:|1623983011
|-weather|none
|switch|p1a: Arceus|Arceus|100/100
|move|p2a: Marshadow|Close Combat|p1a: Arceus
|-supereffective|p1a: Arceus
|-damage|p1a: Arceus|27/100
|-unboost|p2a: Marshadow|def|1
|-unboost|p2a: Marshadow|spd|1
|
|-heal|p1a: Arceus|33/100|[from] item: Leftovers
|upkeep
|turn|12
|
|t:|1623983017
|switch|p1a: Lugia|Lugia|100/100
|move|p2a: Marshadow|Close Combat|p1a: Lugia
|-resisted|p1a: Lugia
|-damage|p1a: Lugia|96/100
|-unboost|p2a: Marshadow|def|1
|-unboost|p2a: Marshadow|spd|1
|
|upkeep
|turn|13
|
|t:|1623983021
|switch|p2a: Ribombee|Ribombee, M, shiny|12/100
|move|p1a: Lugia|Thunder Wave|p2a: Ribombee
|-status|p2a: Ribombee|par
|
|upkeep
|turn|14
|
|t:|1623983025
|switch|p1a: Arceus|Arceus|33/100
|move|p2a: Ribombee|Aromatherapy|p2a: Ribombee
|-activate|p2a: Ribombee|move: Aromatherapy
|-curestatus|p2a: Ribombee|par|[msg]
|-curestatus|p2: Arceus|tox|[msg]
|
|-heal|p1a: Arceus|39/100|[from] item: Leftovers
|upkeep
|turn|15
|
|t:|1623983030
|move|p2a: Ribombee|Sticky Web|p1a: Arceus
|-sidestart|p1: ChunkyRat|move: Sticky Web
|move|p1a: Arceus|Recover|p1a: Arceus
|-heal|p1a: Arceus|89/100
|
|-heal|p1a: Arceus|95/100|[from] item: Leftovers
|upkeep
|turn|16
|
|t:|1623983032
|move|p2a: Ribombee|Moonblast|p1a: Arceus
|-damage|p1a: Arceus|71/100
|-unboost|p1a: Arceus|spa|1
|move|p1a: Arceus|Toxic|p2a: Ribombee
|-status|p2a: Ribombee|tox
|
|-heal|p1a: Arceus|77/100|[from] item: Leftovers
|-damage|p2a: Ribombee|5/100 tox|[from] psn
|upkeep
|turn|17
|
|t:|1623983037
|move|p2a: Ribombee|Moonblast|p1a: Arceus
|-damage|p1a: Arceus|49/100
|move|p1a: Arceus|Recover|p1a: Arceus
|-heal|p1a: Arceus|99/100
|
|-heal|p1a: Arceus|100/100|[from] item: Leftovers
|-damage|p2a: Ribombee|0 fnt|[from] psn
|faint|p2a: Ribombee
|upkeep
|
|t:|1623983047
|switch|p2a: Vivillon|Vivillon-Savanna, F|100/100
|turn|18
|
|t:|1623983063
|move|p1a: Arceus|Extreme Speed|p2a: Vivillon
|-damage|p2a: Vivillon|10/100
|move|p2a: Vivillon|Sleep Powder|p1a: Arceus
|-status|p1a: Arceus|slp|[from] move: Sleep Powder
|
|-heal|p2a: Vivillon|16/100|[from] item: Leftovers
|upkeep
|turn|19
|
|t:|1623983076
|switch|p2a: Xerneas|Xerneas, shiny|100/100
|-ability|p2a: Xerneas|Fairy Aura
|cant|p1a: Arceus|slp
|
|upkeep
|turn|20
|
|t:|1623983085
|switch|p1a: Lugia|Lugia|96/100
|move|p2a: Xerneas|Geomancy||[still]
|-prepare|p2a: Xerneas|Geomancy
|-enditem|p2a: Xerneas|Power Herb
|-anim|p2a: Xerneas|Geomancy|p2a: Xerneas
|-boost|p2a: Xerneas|spa|2
|-boost|p2a: Xerneas|spd|2
|-boost|p2a: Xerneas|spe|2
|
|upkeep
|turn|21
|
|t:|1623983089
|-start|p2a: Xerneas|Dynamax
|-heal|p2a: Xerneas|100/100|[silent]
|move|p2a: Xerneas|Max Starfall|p1a: Lugia
|-damage|p1a: Lugia|0 fnt
|-fieldstart|move: Misty Terrain
|faint|p1a: Lugia
|
|upkeep
|
|t:|1623983097
|switch|p1a: Arceus|Arceus|100/100 slp
|-activate|p1a: Arceus|move: Sticky Web
|-unboost|p1a: Arceus|spe|1
|turn|22
|
|t:|1623983101
|-curestatus|p1a: Arceus|slp|[msg]
|move|p1a: Arceus|Extreme Speed|p2a: Xerneas
|-damage|p2a: Xerneas|81/100
|move|p2a: Xerneas|Max Mindstorm|p1a: Arceus
|-damage|p1a: Arceus|35/100
|-fieldstart|move: Psychic Terrain
|
|-heal|p1a: Arceus|41/100|[from] item: Leftovers
|upkeep
|turn|23
|
|t:|1623983107
|move|p2a: Xerneas|Max Mindstorm|p1a: Arceus
|-damage|p1a: Arceus|0 fnt
|faint|p1a: Arceus
|
|-end|p2a: Xerneas|Dynamax
|-heal|p2a: Xerneas|81/100|[silent]
|upkeep
|
|t:|1623983110
|switch|p1a: Calyrex|Calyrex-Shadow|100/100
|-ability|p1a: Calyrex|As One
|-ability|p1a: Calyrex|Unnerve
|-activate|p1a: Calyrex|move: Sticky Web
|-unboost|p1a: Calyrex|spe|1
|turn|24
|
|t:|1623983113
|move|p2a: Xerneas|Moonblast|p1a: Calyrex
|-enditem|p1a: Calyrex|Focus Sash
|-damage|p1a: Calyrex|1/100
|move|p1a: Calyrex|Astral Barrage|p2a: Xerneas
|-damage|p2a: Xerneas|46/100
|
|upkeep
|turn|25
|
|t:|1623983118
|move|p2a: Xerneas|Moonblast|p1a: Calyrex
|-damage|p1a: Calyrex|0 fnt
|faint|p1a: Calyrex
|
|upkeep
|
|t:|1623983120
|switch|p1a: Door|Arceus-Flying|100/100
|turn|26
|
|t:|1623983123
|-start|p1a: Door|Dynamax
|-heal|p1a: Door|100/100|[silent]
|move|p2a: Xerneas|Moonblast|p1a: Door
|-damage|p1a: Door|46/100
|-unboost|p1a: Door|spa|1
|move|p1a: Door|Max Airstream|p2a: Xerneas
|-crit|p2a: Xerneas
|-damage|p2a: Xerneas|0 fnt
|-boost|p1a: Door|spe|1
|faint|p2a: Xerneas
|
|-fieldend|move: Psychic Terrain
|upkeep
|
|t:|1623983130
|switch|p2a: Kyogre|Kyogre, shiny|100/100
|detailschange|p2a: Kyogre|Kyogre-Primal, shiny
|-primal|p2a: Kyogre
|-weather|PrimordialSea|[from] ability: Primordial Sea|[of] p2a: Kyogre
|turn|27
|
|t:|1623983134
|move|p1a: Door|Max Airstream|p2a: Kyogre
|-damage|p2a: Kyogre|29/100
|-boost|p1a: Door|spe|1
|move|p2a: Kyogre|Thunder|p1a: Door
|-supereffective|p1a: Door
|-damage|p1a: Door|9/100
|-status|p1a: Door|par
|
|-weather|PrimordialSea|[upkeep]
|upkeep
|turn|28
|
|t:|1623983138
|move|p1a: Door|Max Airstream|p2a: Kyogre
|-damage|p2a: Kyogre|0 fnt
|-boost|p1a: Door|spe|1
|faint|p2a: Kyogre
|-weather|none
|
|-end|p1a: Door|Dynamax
|-heal|p1a: Door|9/100 par|[silent]
|upkeep
|
|t:|1623983150
|switch|p2a: Arceus|Arceus-Ground|94/100
|turn|29
|
|t:|1623983153
|cant|p1a: Door|par
|move|p2a: Arceus|Ice Beam|p1a: Door
|-supereffective|p1a: Door
|-damage|p1a: Door|0 fnt
|faint|p1a: Door
|
|upkeep
|
|t:|1623983156
|switch|p1a: Rayquaza|Rayquaza-Mega|17/100
|-weather|DeltaStream|[from] ability: Delta Stream|[of] p1a: Rayquaza
|turn|30
|-message|ChunkyRat forfeited.
|
|win|rowletroost
|raw|ChunkyRat's rating: 1675 &rarr; <strong>1654</strong><br />(-21 for losing)
|raw|rowletroost's rating: 1663 &rarr; <strong>1684</strong><br />(+21 for winning)
|l|☆ChunkyRat
