|j|☆JAY100064
|j|☆Addelrm
|t:|1622403155
|gametype|singles
|player|p1|JAY100064|preschooler|1136
|player|p2|Addelrm|red|1227
|teamsize|p1|6
|teamsize|p2|6
|gen|8
|tier|[Gen 8] National Dex AG
|rated|
|rule|HP Percentage Mod: HP is shown in percentages
|rule|Endless Battle Clause: Forcing endless battles is banned
|clearpoke
|poke|p1|Smeargle, M|
|poke|p1|Durant, M|
|poke|p1|Dragonite, M|
|poke|p1|Eevee, F|
|poke|p1|Snorlax, M|
|poke|p1|Marshadow|
|poke|p2|Dragapult, M|
|poke|p2|Charizard, F|
|poke|p2|Sirfetch’d, M|
|poke|p2|Scizor, F|
|poke|p2|Gliscor, M|
|poke|p2|Jolteon, M|
|teampreview
|inactive|Battle timer is ON: inactive players will automatically lose when time's up. (requested by JAY100064)
|
|t:|1622403168
|start
|switch|p1a: Durant|Durant, M, shiny|100/100
|switch|p2a: Jolteon|Jolteon, M|100/100
|turn|1
|c|☆JAY100064|Hi QT
|
|t:|1622403176
|move|p1a: Durant|Entrainment|p2a: Jolteon
|-endability|p2a: Jolteon|Quick Feet|[from] move: Entrainment
|-ability|p2a: Jolteon|Truant|[from] move: Entrainment
|move|p2a: Jolteon|Thunder Wave|p1a: Durant
|-status|p1a: Durant|par
|
|upkeep
|turn|2
|
|t:|1622403187
|switch|p2a: Dragapult|Dragapult, M|100/100
|switch|p1a: Smeargle|Smeargle, M, shiny|100/100
|
|-ability|p1a: Smeargle|Moody|boost
|-boost|p1a: Smeargle|spa|2
|-unboost|p1a: Smeargle|def|1
|upkeep
|turn|3
|
|t:|1622403205
|switch|p1a: Durant|Durant, M, shiny|100/100 par
|move|p2a: Dragapult|Dragon Darts|p1a: Durant
|-resisted|p1a: Durant
|-damage|p1a: Durant|84/100 par
|-anim|p2a: Dragapult|Dragon Darts|p1a: Durant
|-resisted|p1a: Durant
|-damage|p1a: Durant|66/100 par
|
|upkeep
|turn|4
|
|t:|1622403224
|move|p2a: Dragapult|Dragon Darts|p1a: Durant
|-resisted|p1a: Durant
|-damage|p1a: Durant|48/100 par
|-anim|p2a: Dragapult|Dragon Darts|p1a: Durant
|-resisted|p1a: Durant
|-damage|p1a: Durant|28/100 par
|move|p1a: Durant|Entrainment|p2a: Dragapult
|-endability|p2a: Dragapult|Clear Body|[from] move: Entrainment
|-ability|p2a: Dragapult|Truant|[from] move: Entrainment
|
|upkeep
|turn|5
|
|t:|1622403235
|switch|p2a: Scizor|Scizor, F|100/100
|cant|p1a: Durant|ability: Truant
|
|upkeep
|turn|6
|
|t:|1622403251
|switch|p2a: Dragapult|Dragapult, M|100/100
|cant|p1a: Durant|par
|
|upkeep
|turn|7
|
|t:|1622403263
|move|p2a: Dragapult|Dragon Darts|p1a: Durant
|-resisted|p1a: Durant
|-damage|p1a: Durant|10/100 par
|-anim|p2a: Dragapult|Dragon Darts|p1a: Durant
|-resisted|p1a: Durant
|-damage|p1a: Durant|0 fnt
|faint|p1a: Durant
|
|upkeep
|
|t:|1622403270
|switch|p1a: Eevee|Eevee, F, shiny|100/100
|turn|8
|
|t:|1622403275
|move|p2a: Dragapult|Dragon Darts|p1a: Eevee
|-damage|p1a: Eevee|11/100
|-anim|p2a: Dragapult|Dragon Darts|p1a: Eevee
|-damage|p1a: Eevee|0 fnt
|faint|p1a: Eevee
|
|upkeep
|
|t:|1622403282
|switch|p1a: Snorlax|Snorlax, M, shiny|100/100
|turn|9
|
|t:|1622403291
|move|p2a: Dragapult|Dragon Darts|p1a: Snorlax
|-damage|p1a: Snorlax|77/100
|-anim|p2a: Dragapult|Dragon Darts|p1a: Snorlax
|-damage|p1a: Snorlax|55/100
|move|p1a: Snorlax|Curse|p1a: Snorlax
|-unboost|p1a: Snorlax|spe|1
|-boost|p1a: Snorlax|atk|1
|-boost|p1a: Snorlax|def|1
|
|upkeep
|turn|10
|
|t:|1622403306
|switch|p2a: Jolteon|Jolteon, M|100/100
|move|p1a: Snorlax|Curse|p1a: Snorlax
|-unboost|p1a: Snorlax|spe|1
|-boost|p1a: Snorlax|atk|1
|-boost|p1a: Snorlax|def|1
|
|upkeep
|turn|11
|
|t:|1622403337
|-start|p1a: Snorlax|Dynamax
|-formechange|p1a: Snorlax|Snorlax-Gmax
|-heal|p1a: Snorlax|55/100|[silent]
|move|p2a: Jolteon|Thunder Wave|p1a: Snorlax
|-status|p1a: Snorlax|par
|move|p1a: Snorlax|G-Max Replenish|p2a: Jolteon
|-enditem|p2a: Jolteon|Focus Sash
|-damage|p2a: Jolteon|1/100
|
|upkeep
|turn|12
|
|t:|1622403352
|move|p2a: Jolteon|Volt Switch|p1a: Snorlax
|-damage|p1a: Snorlax|47/100 par
|
|t:|1622403360
|switch|p2a: Charizard|Charizard, F|100/100|[from]move: Volt Switch
|cant|p1a: Snorlax|par
|
|upkeep
|turn|13
|
|t:|1622403369
|detailschange|p2a: Charizard|Charizard-Mega-Y, F
|-mega|p2a: Charizard|Charizard|Charizardite Y
|-weather|SunnyDay|[from] ability: Drought|[of] p2a: Charizard
|move|p2a: Charizard|Air Slash|p1a: Snorlax
|-damage|p1a: Snorlax|33/100 par
|move|p1a: Snorlax|G-Max Replenish|p2a: Charizard
|-damage|p2a: Charizard|0 fnt
|faint|p2a: Charizard
|
|-weather|SunnyDay|[upkeep]
|-end|p1a: Snorlax|Dynamax
|-formechange|p1a: Snorlax|Snorlax
|-heal|p1a: Snorlax|33/100 par|[silent]
|upkeep
|
|t:|1622403386
|switch|p2a: Jolteon|Jolteon, M|1/100
|turn|14
|
|t:|1622403391
|move|p2a: Jolteon|Volt Switch|p1a: Snorlax
|-damage|p1a: Snorlax|16/100 par
|-enditem|p1a: Snorlax|Figy Berry|[eat]
|-heal|p1a: Snorlax|49/100 par|[from] item: Figy Berry
|
|t:|1622403406
|switch|p2a: Dragapult|Dragapult, M|100/100|[from]move: Volt Switch
|move|p1a: Snorlax|Recycle|p1a: Snorlax
|-item|p1a: Snorlax|Figy Berry|[from] move: Recycle
|
|-weather|SunnyDay|[upkeep]
|upkeep
|turn|15
|
|t:|1622403416
|move|p2a: Dragapult|U-turn|p1a: Snorlax
|-damage|p1a: Snorlax|38/100 par
|
|t:|1622403423
|switch|p2a: Jolteon|Jolteon, M|1/100|[from]move: U-turn
|move|p1a: Snorlax|Fire Punch|p2a: Jolteon
|-damage|p2a: Jolteon|0 fnt
|faint|p2a: Jolteon
|
|-weather|SunnyDay|[upkeep]
|upkeep
|
|t:|1622403434
|switch|p2a: Sirfetch’d|Sirfetch’d, M|100/100
|turn|16
|
|t:|1622403443
|move|p2a: Sirfetch’d|Swords Dance|p2a: Sirfetch’d
|-boost|p2a: Sirfetch’d|atk|2
|move|p1a: Snorlax|Fire Punch|p2a: Sirfetch’d
|-damage|p2a: Sirfetch’d|45/100
|
|-weather|SunnyDay|[upkeep]
|upkeep
|turn|17
|
|t:|1622403455
|move|p2a: Sirfetch’d|Brick Break|p1a: Snorlax
|-supereffective|p1a: Snorlax
|-damage|p1a: Snorlax|0 fnt
|faint|p1a: Snorlax
|
|-weather|none
|upkeep
|
|t:|1622403462
|switch|p1a: Marshadow|Marshadow|100/100
|turn|18
|
|t:|1622403467
|switch|p2a: Gliscor|Gliscor, M|100/100
|move|p1a: Marshadow|Spectral Thief|p2a: Gliscor
|-damage|p2a: Gliscor|65/100
|
|-status|p2a: Gliscor|tox|[from] item: Toxic Orb
|upkeep
|turn|19
|inactive|JAY100064 has 120 seconds left.
|
|t:|1622403498
|switch|p1a: Smeargle|Smeargle, M, shiny|100/100
|move|p2a: Gliscor|Earthquake|p1a: Smeargle
|-damage|p1a: Smeargle|25/100
|
|-heal|p2a: Gliscor|77/100 tox|[from] ability: Poison Heal
|-ability|p1a: Smeargle|Moody|boost
|-boost|p1a: Smeargle|spa|2
|-unboost|p1a: Smeargle|def|1
|upkeep
|turn|20
|inactive|JAY100064 has 120 seconds left.
|
|t:|1622403519
|move|p1a: Smeargle|Protect|p1a: Smeargle
|-singleturn|p1a: Smeargle|Protect
|move|p2a: Gliscor|Earthquake|p1a: Smeargle
|-activate|p1a: Smeargle|move: Protect
|
|-heal|p2a: Gliscor|90/100 tox|[from] ability: Poison Heal
|-ability|p1a: Smeargle|Moody|boost
|-boost|p1a: Smeargle|atk|2
|-unboost|p1a: Smeargle|spa|1
|upkeep
|turn|21
|
|t:|1622403532
|move|p2a: Gliscor|Earthquake|p1a: Smeargle
|-damage|p1a: Smeargle|0 fnt
|faint|p1a: Smeargle
|
|-heal|p2a: Gliscor|100/100 tox|[from] ability: Poison Heal
|upkeep
|
|t:|1622403542
|switch|p1a: Dragonite|Dragonite, M, shiny|100/100
|turn|22
|
|t:|1622403559
|move|p2a: Gliscor|Swords Dance|p2a: Gliscor
|-boost|p2a: Gliscor|atk|2
|move|p1a: Dragonite|Outrage|p2a: Gliscor
|-damage|p2a: Gliscor|52/100 tox
|
|-heal|p2a: Gliscor|64/100 tox|[from] ability: Poison Heal
|upkeep
|turn|23
|
|t:|1622403569
|move|p2a: Gliscor|Agility|p2a: Gliscor
|-boost|p2a: Gliscor|spe|2
|move|p1a: Dragonite|Outrage|p2a: Gliscor|[from]lockedmove
|-damage|p2a: Gliscor|16/100 tox
|-start|p1a: Dragonite|confusion|[fatigue]
|
|-heal|p2a: Gliscor|28/100 tox|[from] ability: Poison Heal
|upkeep
|turn|24
|-message|JAY100064 forfeited.
|
|win|Addelrm
|l|☆JAY100064
|raw|JAY100064's rating: 1136 &rarr; <strong>1117</strong><br />(-19 for losing)
|raw|Addelrm's rating: 1227 &rarr; <strong>1246</strong><br />(+19 for winning)
