|j|☆FenixFyre04
|j|☆rowletroost
|t:|1636254634
|gametype|singles
|player|p1|FenixFyre04|benga|1816
|player|p2|rowletroost|wallace|1717
|teamsize|p1|6
|teamsize|p2|6
|gen|8
|tier|[Gen 8] National Dex AG
|rated|
|rule|HP Percentage Mod: HP is shown in percentages
|rule|Endless Battle Clause: Forcing endless battles is banned
|clearpoke
|poke|p1|Calyrex-Shadow|
|poke|p1|Yveltal|
|poke|p1|Gengar, M|
|poke|p1|Zacian-*|
|poke|p1|Groudon|
|poke|p1|Arceus-*|
|poke|p2|Arceus-*|
|poke|p2|Xerneas-*|
|poke|p2|Kyogre|
|poke|p2|Marshadow|
|poke|p2|Ribombee, M|
|poke|p2|Vivillon-Savanna, F|
|teampreview
|inactive|Battle timer is ON: inactive players will automatically lose when time's up. (requested by rowletroost)
|
|t:|1636254655
|start
|switch|p1a: Calyrex|Calyrex-Shadow|100/100
|switch|p2a: Arceus|Arceus-Ground|100/100
|-ability|p1a: Calyrex|As One
|-ability|p1a: Calyrex|Unnerve
|turn|1
|
|t:|1636254658
|switch|p2a: Kyogre|Kyogre, shiny|100/100
|detailschange|p2a: Kyogre|Kyogre-Primal, shiny
|-primal|p2a: Kyogre
|-weather|PrimordialSea|[from] ability: Primordial Sea|[of] p2a: Kyogre
|move|p1a: Calyrex|Astral Barrage|p2a: Kyogre
|-damage|p2a: Kyogre|62/100
|
|-weather|PrimordialSea|[upkeep]
|upkeep
|turn|2
|
|t:|1636254663
|move|p1a: Calyrex|Astral Barrage|p2a: Kyogre
|-damage|p2a: Kyogre|23/100
|move|p2a: Kyogre|Ice Beam|p1a: Calyrex
|-damage|p1a: Calyrex|57/100
|-status|p1a: Calyrex|frz
|
|-weather|PrimordialSea|[upkeep]
|upkeep
|turn|3
|
|t:|1636254680
|cant|p1a: Calyrex|frz
|move|p2a: Kyogre|Ice Beam|p1a: Calyrex
|-damage|p1a: Calyrex|10/100 frz
|
|-weather|PrimordialSea|[upkeep]
|upkeep
|turn|4
|
|t:|1636254683
|cant|p1a: Calyrex|frz
|move|p2a: Kyogre|Ice Beam|p1a: Calyrex
|-damage|p1a: Calyrex|0 fnt
|faint|p1a: Calyrex
|
|-weather|PrimordialSea|[upkeep]
|upkeep
|
|t:|1636254690
|switch|p1a: Arceus|Arceus-Ground|100/100
|turn|5
|
|t:|1636254698
|move|p1a: Arceus|Judgment|p2a: Kyogre
|-damage|p2a: Kyogre|0 fnt
|faint|p2a: Kyogre
|-weather|none
|
|upkeep
|
|t:|1636254703
|switch|p2a: Xerneas|Xerneas, shiny|100/100
|-ability|p2a: Xerneas|Fairy Aura
|turn|6
|
|t:|1636254709
|move|p2a: Xerneas|Geomancy||[still]
|-prepare|p2a: Xerneas|Geomancy
|-enditem|p2a: Xerneas|Power Herb
|-anim|p2a: Xerneas|Geomancy|p2a: Xerneas
|-boost|p2a: Xerneas|spa|2
|-boost|p2a: Xerneas|spd|2
|-boost|p2a: Xerneas|spe|2
|move|p1a: Arceus|Roar|p2a: Xerneas
|drag|p2a: Vivillon|Vivillon-Savanna, F|100/100
|
|upkeep
|turn|7
|
|t:|1636254726
|switch|p2a: Arceus|Arceus-Ground|100/100
|move|p1a: Arceus|Rock Tomb|p2a: Arceus
|-resisted|p2a: Arceus
|-damage|p2a: Arceus|96/100
|-unboost|p2a: Arceus|spe|1
|
|upkeep
|turn|8
|
|t:|1636254731
|move|p1a: Arceus|Stealth Rock|p2a: Arceus
|-sidestart|p2: rowletroost|move: Stealth Rock
|move|p2a: Arceus|Ice Beam|p1a: Arceus
|-supereffective|p1a: Arceus
|-damage|p1a: Arceus|71/100
|
|upkeep
|turn|9
|
|t:|1636254734
|move|p2a: Arceus|Defog|p1a: Arceus
|-unboost|p1a: Arceus|evasion|1
|-sideend|p2: rowletroost|Stealth Rock|[from] move: Defog|[of] p2a: Arceus
|move|p1a: Arceus|Roar|p2a: Arceus
|drag|p2a: Marshadow|Marshadow|100/100
|
|upkeep
|turn|10
|c|☆rowletroost|most aids ground arceus set ive ever seen
|inactive|rowletroost has 120 seconds left.
|
|t:|1636254775
|switch|p2a: Arceus|Arceus-Ground|96/100
|move|p1a: Arceus|Judgment|p2a: Arceus
|-damage|p2a: Arceus|62/100
|
|upkeep
|turn|11
|
|t:|1636254781
|move|p1a: Arceus|Judgment|p2a: Arceus
|-damage|p2a: Arceus|33/100
|move|p2a: Arceus|Ice Beam|p1a: Arceus
|-supereffective|p1a: Arceus
|-damage|p1a: Arceus|40/100
|-status|p1a: Arceus|frz
|
|upkeep
|turn|12
|
|t:|1636254786
|cant|p1a: Arceus|frz
|move|p2a: Arceus|Recover|p2a: Arceus
|-heal|p2a: Arceus|83/100
|
|upkeep
|turn|13
|
|t:|1636254788
|cant|p1a: Arceus|frz
|move|p2a: Arceus|Ice Beam|p1a: Arceus
|-supereffective|p1a: Arceus
|-damage|p1a: Arceus|7/100 frz
|
|upkeep
|turn|14
|
|t:|1636254792
|cant|p1a: Arceus|frz
|move|p2a: Arceus|Ice Beam|p1a: Arceus
|-supereffective|p1a: Arceus
|-damage|p1a: Arceus|0 fnt
|faint|p1a: Arceus
|
|upkeep
|
|t:|1636254815
|switch|p1a: Zacian|Zacian-Crowned, shiny|100/100
|-ability|p1a: Zacian|Intrepid Sword|boost
|-boost|p1a: Zacian|atk|1
|turn|15
|
|t:|1636254821
|-start|p2a: Arceus|Dynamax
|-heal|p2a: Arceus|83/100|[silent]
|move|p1a: Zacian|Behemoth Blade|p2a: Arceus
|-damage|p2a: Arceus|31/100
|move|p2a: Arceus|Max Quake|p1a: Zacian
|-supereffective|p1a: Zacian
|-damage|p1a: Zacian|0 fnt
|-boost|p2a: Arceus|spd|1
|faint|p1a: Zacian
|
|upkeep
|
|t:|1636254827
|switch|p1a: Yveltal|Yveltal, shiny|100/100
|-ability|p1a: Yveltal|Dark Aura
|turn|16
|
|t:|1636254844
|-start|p1a: Yveltal|Dynamax
|-heal|p1a: Yveltal|100/100|[silent]
|move|p2a: Arceus|Max Guard|p2a: Arceus
|-singleturn|p2a: Arceus|Max Guard
|move|p1a: Yveltal|Max Darkness|p2a: Arceus
|-activate|p2a: Arceus|move: Max Guard
|
|upkeep
|turn|17
|
|t:|1636254855
|-end|p1a: Yveltal|Dynamax
|-heal|p1a: Yveltal|100/100|[silent]
|switch|p1a: Groudon|Groudon, shiny|100/100
|detailschange|p1a: Groudon|Groudon-Primal, shiny
|-primal|p1a: Groudon
|-weather|DesolateLand|[from] ability: Desolate Land|[of] p1a: Groudon
|move|p2a: Arceus|Max Hailstorm|p1a: Groudon
|-damage|p1a: Groudon|67/100
|
|-weather|DesolateLand|[upkeep]
|-end|p2a: Arceus|Dynamax
|-heal|p2a: Arceus|31/100|[silent]
|upkeep
|turn|18
|
|t:|1636254870
|-weather|none
|switch|p1a: Yveltal|Yveltal, shiny|100/100
|-ability|p1a: Yveltal|Dark Aura
|move|p2a: Arceus|Recover|p2a: Arceus
|-heal|p2a: Arceus|81/100
|
|upkeep
|turn|19
|
|t:|1636254874
|move|p2a: Arceus|Ice Beam|p1a: Yveltal
|-supereffective|p1a: Yveltal
|-damage|p1a: Yveltal|74/100
|move|p1a: Yveltal|Knock Off|p2a: Arceus
|-damage|p2a: Arceus|64/100
|
|upkeep
|turn|20
|
|t:|1636254881
|move|p2a: Arceus|Ice Beam|p1a: Yveltal
|-supereffective|p1a: Yveltal
|-damage|p1a: Yveltal|48/100
|-status|p1a: Yveltal|frz
|cant|p1a: Yveltal|frz
|
|upkeep
|turn|21
|
|t:|1636254887
|move|p2a: Arceus|Ice Beam|p1a: Yveltal
|-supereffective|p1a: Yveltal
|-damage|p1a: Yveltal|19/100 frz
|cant|p1a: Yveltal|frz
|
|upkeep
|turn|22
|c|☆rowletroost|its what u deserve
|
|t:|1636254893
|move|p2a: Arceus|Ice Beam|p1a: Yveltal
|-supereffective|p1a: Yveltal
|-damage|p1a: Yveltal|0 fnt
|faint|p1a: Yveltal
|
|upkeep
|
|t:|1636254900
|switch|p1a: Gengar|Gengar, M|100/100
|turn|23
|
|t:|1636254912
|detailschange|p1a: Gengar|Gengar-Mega, M
|-mega|p1a: Gengar|Gengar|Gengarite
|move|p1a: Gengar|Substitute|p1a: Gengar
|-start|p1a: Gengar|Substitute
|-damage|p1a: Gengar|76/100
|move|p2a: Arceus|Judgment|p1a: Gengar
|-supereffective|p1a: Gengar
|-end|p1a: Gengar|Substitute
|
|upkeep
|turn|24
|
|t:|1636254917
|move|p1a: Gengar|Perish Song|p1a: Gengar
|-start|p1a: Gengar|perish3|[silent]
|-start|p2a: Arceus|perish3|[silent]
|-fieldactivate|move: Perish Song
|move|p2a: Arceus|Judgment|p1a: Gengar
|-supereffective|p1a: Gengar
|-damage|p1a: Gengar|0 fnt
|faint|p1a: Gengar
|
|-start|p2a: Arceus|perish3
|upkeep
|
|t:|1636254918
|switch|p1a: Groudon|Groudon-Primal, shiny|67/100
|-weather|DesolateLand|[from] ability: Desolate Land|[of] p1a: Groudon
|turn|25
|
|t:|1636254924
|move|p2a: Arceus|Judgment|p1a: Groudon
|-supereffective|p1a: Groudon
|-damage|p1a: Groudon|0 fnt
|faint|p1a: Groudon
|-weather|none
|
|win|rowletroost
|raw|FenixFyre04's rating: 1816 &rarr; <strong>1790</strong><br />(-26 for losing)
|raw|rowletroost's rating: 1717 &rarr; <strong>1743</strong><br />(+26 for winning)
