|j|☆iHaveAsthma
|j|☆DiegoDM©
|t:|1654498751
|gametype|singles
|player|p1|iHaveAsthma|doctor|1721
|player|p2|DiegoDM©|wikstrom|1825
|teamsize|p1|6
|teamsize|p2|6
|gen|8
|tier|[Gen 8] National Dex AG
|rated|
|rule|HP Percentage Mod: HP is shown in percentages
|rule|Endless Battle Clause: Forcing endless battles is banned
|clearpoke
|poke|p1|Rayquaza|
|poke|p1|Groudon|
|poke|p1|Arceus-*|
|poke|p1|Lugia|
|poke|p1|Marshadow|
|poke|p1|Arceus-*|
|poke|p2|Deoxys-Attack|
|poke|p2|Calyrex-Shadow|
|poke|p2|Lugia|
|poke|p2|Xerneas-*|
|poke|p2|Rayquaza|
|poke|p2|Yveltal|
|teampreview
|inactive|Battle timer is ON: inactive players will automatically lose when time's up. (requested by DiegoDM©)
|
|t:|1654498765
|start
|switch|p1a: Rayquaza|Rayquaza|100/100
|switch|p2a: Deoxys|Deoxys-Attack|100/100
|-ability|p2a: Deoxys|Pressure
|-ability|p1a: Rayquaza|Air Lock
|turn|1
|j| ywl19260817
|inactive|iHaveAsthma has 120 seconds left.
|
|t:|1654498806
|detailschange|p1a: Rayquaza|Rayquaza-Mega
|-mega|p1a: Rayquaza|Rayquaza|
|-weather|DeltaStream|[from] ability: Delta Stream|[of] p1a: Rayquaza
|move|p2a: Deoxys|Stealth Rock|p1a: Rayquaza
|-sidestart|p1: iHaveAsthma|move: Stealth Rock
|move|p1a: Rayquaza|Scale Shot|p2a: Deoxys
|-damage|p2a: Deoxys|23/100
|-damage|p2a: Deoxys|0 fnt
|faint|p2a: Deoxys
|-hitcount|p2: Deoxys|2
|-unboost|p1a: Rayquaza|def|1
|-boost|p1a: Rayquaza|spe|1
|
|-weather|DeltaStream|[upkeep]
|upkeep
|
|t:|1654498833
|switch|p2a: Lugia|Lugia|100/100
|turn|2
|inactive|iHaveAsthma has 120 seconds left.
|
|t:|1654498863
|-weather|none
|switch|p1a: Lugia|Lugia|100/100
|move|p2a: Lugia|Thunder Wave|p1a: Lugia
|-status|p1a: Lugia|par
|
|upkeep
|turn|3
|
|t:|1654498881
|move|p2a: Lugia|Ice Beam|p1a: Lugia
|-supereffective|p1a: Lugia
|-damage|p1a: Lugia|90/100 par
|move|p1a: Lugia|Defog|p2a: Lugia
|-unboost|p2a: Lugia|evasion|1
|-sideend|p1: iHaveAsthma|Stealth Rock|[from] move: Defog|[of] p1a: Lugia
|
|upkeep
|turn|4
|inactive|iHaveAsthma has 90 seconds left.
|
|t:|1654498927
|switch|p1a: Groudon|Groudon|100/100
|detailschange|p1a: Groudon|Groudon-Primal
|-primal|p1a: Groudon
|-weather|DesolateLand|[from] ability: Desolate Land|[of] p1a: Groudon
|move|p2a: Lugia|Ice Beam|p1a: Groudon
|-damage|p1a: Groudon|79/100
|
|-weather|DesolateLand|[upkeep]
|upkeep
|turn|5
|inactive|DiegoDM© has 120 seconds left.
|
|t:|1654498958
|move|p1a: Groudon|Stealth Rock|p2a: Lugia
|-sidestart|p2: DiegoDM©|move: Stealth Rock
|move|p2a: Lugia|Ice Beam|p1a: Groudon
|-damage|p1a: Groudon|60/100
|
|-weather|DesolateLand|[upkeep]
|upkeep
|turn|6
|
|t:|1654498964
|move|p1a: Groudon|Toxic|p2a: Lugia
|-status|p2a: Lugia|tox
|move|p2a: Lugia|Defog|p1a: Groudon
|-unboost|p1a: Groudon|evasion|1
|-sideend|p2: DiegoDM©|Stealth Rock|[from] move: Defog|[of] p2a: Lugia
|
|-weather|DesolateLand|[upkeep]
|-damage|p2a: Lugia|94/100 tox|[from] psn
|upkeep
|turn|7
|
|t:|1654498968
|switch|p2a: Calyrex|Calyrex-Shadow|100/100
|-ability|p2a: Calyrex|As One
|-ability|p2a: Calyrex|Unnerve
|move|p1a: Groudon|Stealth Rock|p2a: Calyrex
|-sidestart|p2: DiegoDM©|move: Stealth Rock
|
|-weather|DesolateLand|[upkeep]
|upkeep
|turn|8
|
|t:|1654498970
|move|p2a: Calyrex|Astral Barrage|p1a: Groudon
|-damage|p1a: Groudon|0 fnt
|faint|p1a: Groudon
|-weather|none
|-ability|p2a: Calyrex|Grim Neigh|boost
|-boost|p2a: Calyrex|spa|1
|
|upkeep
|
|t:|1654498972
|switch|p1a: Marshadow|Marshadow|100/100
|turn|9
|
|t:|1654498976
|switch|p2a: Yveltal|Yveltal|100/100
|-damage|p2a: Yveltal|76/100|[from] Stealth Rock
|-ability|p2a: Yveltal|Dark Aura
|move|p1a: Marshadow|Rock Tomb|p2a: Yveltal
|-supereffective|p2a: Yveltal
|-damage|p2a: Yveltal|21/100
|-unboost|p2a: Yveltal|spe|1
|
|upkeep
|turn|10
|
|t:|1654498981
|move|p1a: Marshadow|Shadow Sneak|p2a: Yveltal
|-resisted|p2a: Yveltal
|-damage|p2a: Yveltal|8/100
|move|p2a: Yveltal|Oblivion Wing|p1a: Marshadow
|-supereffective|p1a: Marshadow
|-enditem|p1a: Marshadow|Focus Sash
|-damage|p1a: Marshadow|1/100
|-heal|p2a: Yveltal|70/100|[from] drain|[of] p1a: Marshadow
|-damage|p2a: Yveltal|60/100|[from] item: Life Orb
|
|upkeep
|turn|11
|
|t:|1654498985
|-start|p2a: Yveltal|Dynamax|
|-heal|p2a: Yveltal|60/100|[silent]
|move|p1a: Marshadow|Rock Tomb|p2a: Yveltal
|-supereffective|p2a: Yveltal
|-damage|p2a: Yveltal|32/100
|-unboost|p2a: Yveltal|spe|1
|move|p2a: Yveltal|Max Airstream|p1a: Marshadow
|-supereffective|p1a: Marshadow
|-damage|p1a: Marshadow|0 fnt
|-boost|p2a: Yveltal|spe|1
|faint|p1a: Marshadow
|-damage|p2a: Yveltal|28/100|[from] item: Life Orb
|
|upkeep
|
|t:|1654498990
|switch|p1a: Rayquaza|Rayquaza-Mega|100/100
|-weather|DeltaStream|[from] ability: Delta Stream|[of] p1a: Rayquaza
|turn|12
|
|t:|1654498993
|move|p1a: Rayquaza|Dragon Ascent|p2a: Yveltal
|-damage|p2a: Yveltal|0 fnt
|-unboost|p1a: Rayquaza|def|1
|-unboost|p1a: Rayquaza|spd|1
|faint|p2a: Yveltal
|
|-weather|DeltaStream|[upkeep]
|upkeep
|
|t:|1654498995
|switch|p2a: Lugia|Lugia|94/100 tox
|turn|13
|
|t:|1654498997
|-weather|none
|switch|p1a: Lugia|Lugia|90/100 par
|move|p2a: Lugia|Defog|p1a: Lugia
|-unboost|p1a: Lugia|evasion|1
|-sideend|p2: DiegoDM©|Stealth Rock|[from] move: Defog|[of] p2a: Lugia
|
|-damage|p2a: Lugia|88/100 tox|[from] psn
|upkeep
|turn|14
|
|t:|1654499001
|move|p2a: Lugia|Ice Beam|p1a: Lugia
|-supereffective|p1a: Lugia
|-damage|p1a: Lugia|69/100 par
|move|p1a: Lugia|Thunder Wave||[still]
|-fail|p1a: Lugia
|
|-damage|p2a: Lugia|75/100 tox|[from] psn
|upkeep
|turn|15
|
|t:|1654499004
|move|p2a: Lugia|Ice Beam|p1a: Lugia
|-supereffective|p1a: Lugia
|-damage|p1a: Lugia|49/100 par
|move|p1a: Lugia|Thunder Wave||[still]
|-fail|p1a: Lugia
|
|-damage|p2a: Lugia|57/100 tox|[from] psn
|upkeep
|turn|16
|
|t:|1654499006
|move|p2a: Lugia|Ice Beam|p1a: Lugia
|-supereffective|p1a: Lugia
|-damage|p1a: Lugia|29/100 par
|cant|p1a: Lugia|par
|
|-damage|p2a: Lugia|32/100 tox|[from] psn
|upkeep
|turn|17
|
|t:|1654499010
|move|p2a: Lugia|Ice Beam|p1a: Lugia
|-supereffective|p1a: Lugia
|-damage|p1a: Lugia|8/100 par
|move|p1a: Lugia|Roost|p1a: Lugia
|-heal|p1a: Lugia|58/100 par
|-singleturn|p1a: Lugia|move: Roost
|
|-damage|p2a: Lugia|0 fnt|[from] psn
|faint|p2a: Lugia
|upkeep
|
|t:|1654499015
|switch|p2a: Xerneas|Xerneas|100/100
|-ability|p2a: Xerneas|Fairy Aura
|turn|18
|
|t:|1654499016
|move|p2a: Xerneas|Geomancy||[still]
|-prepare|p2a: Xerneas|Geomancy
|-enditem|p2a: Xerneas|Power Herb
|-anim|p2a: Xerneas|Geomancy|p2a: Xerneas
|-boost|p2a: Xerneas|spa|2
|-boost|p2a: Xerneas|spd|2
|-boost|p2a: Xerneas|spe|2
|cant|p1a: Lugia|par
|
|upkeep
|turn|19
|
|t:|1654499019
|move|p2a: Xerneas|Moonblast|p1a: Lugia
|-damage|p1a: Lugia|0 fnt
|faint|p1a: Lugia
|
|upkeep
|
|t:|1654499022
|switch|p1a: Arceus|Arceus-Flying|100/100
|turn|20
|
|t:|1654499024
|-start|p1a: Arceus|Dynamax|
|-heal|p1a: Arceus|100/100|[silent]
|move|p2a: Xerneas|Thunderbolt|p1a: Arceus
|-supereffective|p1a: Arceus
|-damage|p1a: Arceus|50/100
|move|p1a: Arceus|Max Airstream|p2a: Xerneas
|-damage|p2a: Xerneas|38/100
|-boost|p1a: Arceus|spe|1
|
|upkeep
|turn|21
|
|t:|1654499030
|move|p2a: Xerneas|Thunderbolt|p1a: Arceus
|-supereffective|p1a: Arceus
|-damage|p1a: Arceus|0 fnt
|faint|p1a: Arceus
|
|upkeep
|
|t:|1654499032
|switch|p1a: Rayquaza|Rayquaza-Mega|100/100
|-weather|DeltaStream|[from] ability: Delta Stream|[of] p1a: Rayquaza
|turn|22
|
|t:|1654499035
|move|p2a: Xerneas|Moonblast|p1a: Rayquaza
|-supereffective|p1a: Rayquaza
|-enditem|p1a: Rayquaza|Focus Sash
|-damage|p1a: Rayquaza|1/100
|move|p1a: Rayquaza|Dragon Ascent|p2a: Xerneas
|-damage|p2a: Xerneas|0 fnt
|-unboost|p1a: Rayquaza|def|1
|-unboost|p1a: Rayquaza|spd|1
|faint|p2a: Xerneas
|
|-weather|DeltaStream|[upkeep]
|upkeep
|
|t:|1654499040
|switch|p2a: Calyrex|Calyrex-Shadow|100/100
|-ability|p2a: Calyrex|As One
|-ability|p2a: Calyrex|Unnerve
|turn|23
|
|t:|1654499042
|move|p2a: Calyrex|Astral Barrage|p1a: Rayquaza
|-damage|p1a: Rayquaza|0 fnt
|faint|p1a: Rayquaza
|-weather|none
|-ability|p2a: Calyrex|Grim Neigh|boost
|-boost|p2a: Calyrex|spa|1
|
|upkeep
|
|t:|1654499043
|switch|p1a: Arceus|Arceus-Ground|100/100
|turn|24
|c|☆DiegoDM©|gg
|
|t:|1654499052
|move|p2a: Calyrex|Astral Barrage|p1a: Arceus
|-damage|p1a: Arceus|27/100
|move|p1a: Arceus|Calm Mind|p1a: Arceus
|-boost|p1a: Arceus|spa|1
|-boost|p1a: Arceus|spd|1
|
|upkeep
|turn|25
|
|t:|1654499059
|move|p2a: Calyrex|Astral Barrage|p1a: Arceus
|-damage|p1a: Arceus|0 fnt
|faint|p1a: Arceus
|
|win|DiegoDM©
|raw|iHaveAsthma's rating: 1721 &rarr; <strong>1706</strong><br />(-15 for losing)
|raw|DiegoDM©'s rating: 1811 &rarr; <strong>1826</strong><br />(+15 for winning)
|l|☆iHaveAsthma
