|j|☆Hogwashimperial
|j|☆Gen8WasAMistake
|player|p1|Hogwashimperial|swimmer-gen4|1623
|player|p2|Gen8WasAMistake|boarder|1723
|teamsize|p1|6
|teamsize|p2|6
|gametype|singles
|gen|8
|tier|[Gen 8] National Dex AG
|rated|
|clearpoke
|poke|p1|Rayquaza|
|poke|p1|Zacian-Crowned|
|poke|p1|Groudon|
|poke|p1|Smeargle, F|
|poke|p1|Necrozma-Dusk-Mane|
|poke|p1|Zygarde|
|poke|p2|Deoxys-Speed|
|poke|p2|Yveltal|
|poke|p2|Eternatus|
|poke|p2|Ditto|
|poke|p2|Zacian-Crowned|
|poke|p2|Rayquaza|
|rule|HP Percentage Mod: HP is shown in percentages
|rule|Endless Battle Clause: Forcing endless battles is banned
|teampreview
|inactive|Battle timer is ON: inactive players will automatically lose when time's up. (requested by Gen8WasAMistake)
|inactive|Hogwashimperial has 120 seconds left.
|
|start
|switch|p1a: Smeargle|Smeargle, F|100/100
|switch|p2a: Deoxys|Deoxys-Speed|100/100
|-ability|p2a: Deoxys|Pressure
|turn|1
|c|☆Hogwashimperial|shoot
|c|☆Hogwashimperial|dang it
|c|☆Hogwashimperial|fff didnt eralize you had a deoxys
|
|move|p1a: Smeargle|Magic Coat|p1a: Smeargle
|-singleturn|p1a: Smeargle|move: Magic Coat
|move|p2a: Deoxys|Taunt|p1a: Smeargle
|move|p1a: Smeargle|Taunt|p2a: Deoxys|[from]Magic Coat
|-start|p2a: Deoxys|move: Taunt
|
|-ability|p1a: Smeargle|Moody|boost
|-boost|p1a: Smeargle|def|2
|-unboost|p1a: Smeargle|spa|1
|upkeep
|turn|2
|
|-activate|p2a: Deoxys|move: Struggle
|move|p2a: Deoxys|Struggle|p1a: Smeargle
|-damage|p1a: Smeargle|89/100
|-damage|p2a: Deoxys|75/100|[from] recoil
|move|p1a: Smeargle|Spore|p2a: Deoxys
|-status|p2a: Deoxys|slp|[from] move: Spore
|
|-ability|p1a: Smeargle|Moody|boost
|-boost|p1a: Smeargle|spa|2
|-unboost|p1a: Smeargle|atk|1
|upkeep
|turn|3
|
|cant|p2a: Deoxys|slp
|move|p1a: Smeargle|Shell Smash|p1a: Smeargle
|-unboost|p1a: Smeargle|def|1
|-unboost|p1a: Smeargle|spd|1
|-boost|p1a: Smeargle|atk|2
|-boost|p1a: Smeargle|spa|2
|-boost|p1a: Smeargle|spe|2
|
|-ability|p1a: Smeargle|Moody|boost
|-boost|p1a: Smeargle|def|2
|-unboost|p1a: Smeargle|atk|1
|upkeep
|turn|4
|
|move|p1a: Smeargle|Magic Coat|p1a: Smeargle
|-singleturn|p1a: Smeargle|move: Magic Coat
|-curestatus|p2a: Deoxys|slp|[msg]
|-activate|p2a: Deoxys|move: Struggle
|move|p2a: Deoxys|Struggle|p1a: Smeargle
|-damage|p1a: Smeargle|81/100
|-damage|p2a: Deoxys|50/100|[from] recoil
|
|-end|p2a: Deoxys|move: Taunt
|-ability|p1a: Smeargle|Moody|boost
|-boost|p1a: Smeargle|spe|2
|-unboost|p1a: Smeargle|spd|1
|upkeep
|turn|5
|
|move|p1a: Smeargle|Magic Coat|p1a: Smeargle
|-singleturn|p1a: Smeargle|move: Magic Coat
|move|p2a: Deoxys|Magic Coat|p2a: Deoxys
|-singleturn|p2a: Deoxys|move: Magic Coat
|
|-ability|p1a: Smeargle|Moody|boost
|-boost|p1a: Smeargle|spa|2
|-unboost|p1a: Smeargle|spe|1
|upkeep
|turn|6
|
|move|p2a: Deoxys|Magic Coat|p2a: Deoxys
|-singleturn|p2a: Deoxys|move: Magic Coat
|move|p1a: Smeargle|Baton Pass|p1a: Smeargle
|
|switch|p1a: Groudon|Groudon|100/100|[from]move: Baton Pass
|detailschange|p1a: Groudon|Groudon-Primal
|-primal|p1a: Groudon
|-weather|DesolateLand|[from] ability: Desolate Land|[of] p1a: Groudon
|
|-weather|DesolateLand|[upkeep]
|upkeep
|turn|7
|
|move|p1a: Groudon|Earth Power|p2a: Deoxys
|-damage|p2a: Deoxys|0 fnt
|faint|p2a: Deoxys
|
|-weather|DesolateLand|[upkeep]
|upkeep
|
|switch|p2a: Ditto|Ditto|100/100
|-transform|p2a: Ditto|p1a: Groudon|[from] ability: Imposter
|turn|8
|c|☆Hogwashimperial|gg?
|c|☆Hogwashimperial|or not
|c|☆Hogwashimperial|haha
|c|☆Hogwashimperial|im so dumbn
|j| NixonDerp
|
|move|p2a: Ditto|Eruption|p1a: Groudon
|-resisted|p1a: Groudon
|-damage|p1a: Groudon|0 fnt
|faint|p1a: Groudon
|
|-weather|DesolateLand|[upkeep]
|upkeep
|c|☆Hogwashimperial|oh jesus
|c|☆Hogwashimperial|nice play
|
|switch|p1a: Rayquaza|Rayquaza|100/100
|-ability|p1a: Rayquaza|Air Lock
|turn|9
|c| NixonDerp|dumbass
|c| NixonDerp|lmao
|
|detailschange|p1a: Rayquaza|Rayquaza-Mega
|-mega|p1a: Rayquaza|Rayquaza|
|-weather|DeltaStream|[from] ability: Delta Stream|[of] p1a: Rayquaza
|move|p2a: Ditto|Eruption|p1a: Rayquaza
|-resisted|p1a: Rayquaza
|-enditem|p1a: Rayquaza|Focus Sash
|-damage|p1a: Rayquaza|1/100
|move|p1a: Rayquaza|Dragon Ascent|p2a: Ditto
|-damage|p2a: Ditto|76/100
|-unboost|p1a: Rayquaza|def|1
|-unboost|p1a: Rayquaza|spd|1
|
|-weather|DeltaStream|[upkeep]
|upkeep
|turn|10
|c|☆Hogwashimperial|please show all player respect
|-message|Hogwashimperial forfeited.
|
|win|Gen8WasAMistake
|l|☆Hogwashimperial
|l|☆Gen8WasAMistake
|j|☆Gen8WasAMistake
|player|p2|Gen8WasAMistake|boarder
|l| NixonDerp
|raw|Hogwashimperial's rating: 1624 &rarr; <strong>1609</strong><br />(-15 for losing)
|raw|Gen8WasAMistake's rating: 1723 &rarr; <strong>1737</strong><br />(+14 for winning)
