|j|☆DarkboiJ
|j|‽Apprenti Buck
|t:|1664567677
|gametype|singles
|player|p1|DarkboiJ|blue-gen3two|1835
|player|p2|Apprenti Buck|lance-masters|1925
|teamsize|p1|6
|teamsize|p2|6
|gen|8
|tier|[Gen 8] National Dex AG
|rated|
|rule|HP Percentage Mod: HP is shown in percentages
|rule|Endless Battle Clause: Forcing endless battles is banned
|clearpoke
|poke|p1|Solgaleo|
|poke|p1|Tyranitar, M|
|poke|p1|Arceus-*|
|poke|p1|Ditto|
|poke|p1|Arceus-*|
|poke|p1|Dragapult, M|
|poke|p2|Groudon|
|poke|p2|Rayquaza|
|poke|p2|Calyrex-Shadow|
|poke|p2|Arceus-*|
|poke|p2|Yveltal|
|poke|p2|Marshadow|
|teampreview
|inactive|Battle timer is ON: inactive players will automatically lose when time's up. (requested by Apprenti Buck)
|inactive|DarkboiJ also wants the timer to be on.
|
|t:|1664567695
|start
|switch|p1a: DraGhost🐉|Dragapult, M|100/100
|switch|p2a: Groudon|Groudon, shiny|100/100
|detailschange|p2a: Groudon|Groudon-Primal, shiny
|-primal|p2a: Groudon
|-weather|DesolateLand|[from] ability: Desolate Land|[of] p2a: Groudon
|turn|1
|
|t:|1664567703
|switch|p1a: Arceus|Arceus-Ground|100/100
|move|p2a: Groudon|Stealth Rock|p1a: Arceus
|-sidestart|p1: DarkboiJ|move: Stealth Rock
|
|-weather|DesolateLand|[upkeep]
|upkeep
|turn|2
|
|t:|1664567708
|move|p1a: Arceus|Stealth Rock|p2a: Groudon
|-sidestart|p2: Apprenti Buck|move: Stealth Rock
|move|p2a: Groudon|Precipice Blades|p1a: Arceus|[miss]
|-miss|p2a: Groudon|p1a: Arceus
|
|-weather|DesolateLand|[upkeep]
|upkeep
|turn|3
|
|t:|1664567712
|move|p1a: Arceus|Judgment|p2a: Groudon
|-supereffective|p2a: Groudon
|-damage|p2a: Groudon|0 fnt
|faint|p2a: Groudon
|-weather|none
|
|upkeep
|
|t:|1664567717
|switch|p2a: Rayquaza|Rayquaza, shiny|100/100
|-damage|p2a: Rayquaza|76/100|[from] Stealth Rock
|-ability|p2a: Rayquaza|Air Lock
|turn|4
|
|t:|1664567721
|detailschange|p2a: Rayquaza|Rayquaza-Mega, shiny
|-mega|p2a: Rayquaza|Rayquaza|
|-weather|DeltaStream|[from] ability: Delta Stream|[of] p2a: Rayquaza
|move|p1a: Arceus|Will-O-Wisp|p2a: Rayquaza
|-status|p2a: Rayquaza|brn
|move|p2a: Rayquaza|Dragon Ascent|p1a: Arceus
|-crit|p1a: Arceus
|-damage|p1a: Arceus|39/100
|-unboost|p2a: Rayquaza|def|1
|-unboost|p2a: Rayquaza|spd|1
|-damage|p2a: Rayquaza|66/100 brn|[from] item: Life Orb
|
|-weather|DeltaStream|[upkeep]
|-damage|p2a: Rayquaza|60/100 brn|[from] brn
|upkeep
|turn|5
|
|t:|1664567725
|move|p1a: Arceus|Ice Beam|p2a: Rayquaza
|-activate||deltastream
|-supereffective|p2a: Rayquaza
|-damage|p2a: Rayquaza|0 fnt
|faint|p2a: Rayquaza
|-weather|none
|
|upkeep
|
|t:|1664567732
|switch|p2a: Marshadow|Marshadow|100/100
|-damage|p2a: Marshadow|94/100|[from] Stealth Rock
|turn|6
|
|t:|1664567742
|move|p2a: Marshadow|Close Combat|p1a: Arceus
|-crit|p1a: Arceus
|-damage|p1a: Arceus|0 fnt
|-unboost|p2a: Marshadow|def|1
|-unboost|p2a: Marshadow|spd|1
|faint|p1a: Arceus
|-damage|p2a: Marshadow|84/100|[from] item: Life Orb
|
|upkeep
|j| rowletroost
|
|t:|1664567753
|switch|p1a: Ditto|Ditto, shiny|100/100
|-damage|p1a: Ditto|88/100|[from] Stealth Rock
|-transform|p1a: Ditto|p2a: Marshadow|[from] ability: Imposter
|turn|7
|
|t:|1664567765
|move|p1a: Ditto|Shadow Sneak|p2a: Marshadow
|-supereffective|p2a: Marshadow
|-damage|p2a: Marshadow|0 fnt
|faint|p2a: Marshadow
|
|upkeep
|
|t:|1664567768
|switch|p2a: Arceus|Arceus|100/100
|-damage|p2a: Arceus|88/100|[from] Stealth Rock
|turn|8
|
|t:|1664567782
|switch|p1a: Solgaleo|Solgaleo|100/100
|-damage|p1a: Solgaleo|94/100|[from] Stealth Rock
|move|p2a: Arceus|Swords Dance|p2a: Arceus
|-boost|p2a: Arceus|atk|2
|
|upkeep
|turn|9
|
|t:|1664567785
|move|p2a: Arceus|Earthquake|p1a: Solgaleo
|-supereffective|p1a: Solgaleo
|-damage|p1a: Solgaleo|0 fnt
|faint|p1a: Solgaleo
|-damage|p2a: Arceus|78/100|[from] item: Life Orb
|
|upkeep
|
|t:|1664567790
|switch|p1a: Ditto|Ditto, shiny|88/100
|-damage|p1a: Ditto|76/100|[from] Stealth Rock
|-transform|p1a: Ditto|p2a: Arceus|[from] ability: Imposter
|turn|10
|
|t:|1664567798
|-start|p1a: Ditto|Dynamax|
|-heal|p1a: Ditto|76/100|[silent]
|-start|p2a: Arceus|Dynamax|
|-heal|p2a: Arceus|78/100|[silent]
|move|p1a: Ditto|Max Strike|p2a: Arceus
|-damage|p2a: Arceus|33/100
|-unboost|p2a: Arceus|spe|1
|move|p2a: Arceus|Max Strike|p1a: Ditto
|-damage|p1a: Ditto|0 fnt
|faint|p1a: Ditto
|-damage|p2a: Arceus|28/100|[from] item: Life Orb
|
|upkeep
|
|t:|1664567817
|switch|p1a: Arceus|Arceus|100/100
|-damage|p1a: Arceus|88/100|[from] Stealth Rock
|turn|11
|
|t:|1664567826
|move|p1a: Arceus|Extreme Speed|p2a: Arceus
|-damage|p2a: Arceus|9/100
|move|p2a: Arceus|Max Strike|p1a: Arceus
|-damage|p1a: Arceus|0 fnt
|faint|p1a: Arceus
|-damage|p2a: Arceus|4/100|[from] item: Life Orb
|
|upkeep
|
|t:|1664567832
|switch|p1a: DraGhost🐉|Dragapult, M|100/100
|-damage|p1a: DraGhost🐉|88/100|[from] Stealth Rock
|turn|12
|
|t:|1664567838
|move|p1a: DraGhost🐉|Dragon Darts|p2a: Arceus
|-damage|p2a: Arceus|0 fnt
|faint|p2a: Arceus
|-damage|p1a: DraGhost🐉|78/100|[from] item: Life Orb
|
|upkeep
|
|t:|1664567844
|switch|p2a: Calyrex|Calyrex-Shadow|100/100
|-ability|p2a: Calyrex|As One
|-ability|p2a: Calyrex|Unnerve
|-damage|p2a: Calyrex|88/100|[from] Stealth Rock
|turn|13
|
|t:|1664567849
|move|p1a: DraGhost🐉|Sucker Punch|p2a: Calyrex
|-supereffective|p2a: Calyrex
|-damage|p2a: Calyrex|0 fnt
|faint|p2a: Calyrex
|-damage|p1a: DraGhost🐉|69/100|[from] item: Life Orb
|
|upkeep
|
|t:|1664567852
|switch|p2a: Yveltal|Yveltal|100/100
|-damage|p2a: Yveltal|76/100|[from] Stealth Rock
|-ability|p2a: Yveltal|Dark Aura
|turn|14
|
|t:|1664567859
|move|p1a: DraGhost🐉|Dragon Darts|p2a: Yveltal
|-damage|p2a: Yveltal|49/100
|-anim|p1a: DraGhost🐉|Dragon Darts|p2a: Yveltal
|-damage|p2a: Yveltal|22/100
|-damage|p1a: DraGhost🐉|59/100|[from] item: Life Orb
|move|p2a: Yveltal|Oblivion Wing|p1a: DraGhost🐉
|-damage|p1a: DraGhost🐉|0 fnt
|-heal|p2a: Yveltal|57/100|[from] drain|[of] p1a: DraGhost🐉
|faint|p1a: DraGhost🐉
|-damage|p2a: Yveltal|47/100|[from] item: Life Orb
|
|upkeep
|
|t:|1664567863
|switch|p1a: Tyranitar|Tyranitar, M, shiny|100/100
|-damage|p1a: Tyranitar|88/100|[from] Stealth Rock
|-weather|Sandstorm|[from] ability: Sand Stream|[of] p1a: Tyranitar
|turn|15
|
|t:|1664567867
|detailschange|p1a: Tyranitar|Tyranitar-Mega, M, shiny
|-mega|p1a: Tyranitar|Tyranitar|Tyranitarite
|move|p2a: Yveltal|Dark Pulse|p1a: Tyranitar
|-resisted|p1a: Tyranitar
|-damage|p1a: Tyranitar|66/100
|-damage|p2a: Yveltal|37/100|[from] item: Life Orb
|cant|p1a: Tyranitar|flinch
|
|-weather|Sandstorm|[upkeep]
|-damage|p2a: Yveltal|31/100|[from] Sandstorm
|upkeep
|turn|16
|
|t:|1664567872
|move|p2a: Yveltal|Dark Pulse|p1a: Tyranitar
|-resisted|p1a: Tyranitar
|-damage|p1a: Tyranitar|42/100
|-damage|p2a: Yveltal|21/100|[from] item: Life Orb
|cant|p1a: Tyranitar|flinch
|
|-weather|Sandstorm|[upkeep]
|-damage|p2a: Yveltal|15/100|[from] Sandstorm
|upkeep
|turn|17
|
|t:|1664567878
|move|p2a: Yveltal|Dark Pulse|p1a: Tyranitar
|-resisted|p1a: Tyranitar
|-crit|p1a: Tyranitar
|-damage|p1a: Tyranitar|8/100
|-damage|p2a: Yveltal|5/100|[from] item: Life Orb
|move|p1a: Tyranitar|Stone Edge|p2a: Yveltal|[miss]
|-miss|p1a: Tyranitar|p2a: Yveltal
|
|-weather|Sandstorm|[upkeep]
|-damage|p2a: Yveltal|0 fnt|[from] Sandstorm
|faint|p2a: Yveltal
|
|win|DarkboiJ
|upkeep
|raw|DarkboiJ's rating: 1835 &rarr; <strong>1860</strong><br />(+25 for winning)
|raw|Apprenti Buck's rating: 1925 &rarr; <strong>1900</strong><br />(-25 for losing)
|l|☆DarkboiJ
