|j|☆chippytreatz
|j|☆Blake-Mamba
|t:|1652235304
|gametype|singles
|player|p1|chippytreatz|veteran|1844
|player|p2|Blake-Mamba|dragontamer|1561
|teamsize|p1|6
|teamsize|p2|6
|gen|8
|tier|[Gen 8] National Dex AG
|rated|
|rule|HP Percentage Mod: HP is shown in percentages
|rule|Endless Battle Clause: Forcing endless battles is banned
|clearpoke
|poke|p1|Zacian-*|
|poke|p1|Arceus-*|
|poke|p1|Arceus-*|
|poke|p1|Yveltal|
|poke|p1|Ditto|
|poke|p1|Necrozma-Dusk-Mane|
|poke|p2|Cloyster, M|
|poke|p2|Gyarados, M|
|poke|p2|Quagsire, F|
|poke|p2|Sharpedo, F|
|poke|p2|Greninja, M|
|poke|p2|Azumarill, F|
|teampreview
|
|t:|1652235321
|start
|switch|p1a: Arceus|Arceus-Ground|100/100
|switch|p2a: Cloyster|Cloyster, M|100/100
|turn|1
|
|t:|1652235339
|move|p1a: Arceus|Earth Power|p2a: Cloyster
|-enditem|p2a: Cloyster|Focus Sash
|-damage|p2a: Cloyster|1/100
|move|p2a: Cloyster|Shell Smash|p2a: Cloyster
|-unboost|p2a: Cloyster|def|1
|-unboost|p2a: Cloyster|spd|1
|-boost|p2a: Cloyster|atk|2
|-boost|p2a: Cloyster|spa|2
|-boost|p2a: Cloyster|spe|2
|
|upkeep
|turn|2
|
|t:|1652235349
|move|p2a: Cloyster|Icicle Spear|p1a: Arceus
|-supereffective|p1a: Arceus
|-damage|p1a: Arceus|65/100
|-supereffective|p1a: Arceus
|-damage|p1a: Arceus|30/100
|-supereffective|p1a: Arceus
|-damage|p1a: Arceus|0 fnt
|faint|p1a: Arceus
|-hitcount|p1: Arceus|3
|
|upkeep
|
|t:|1652235354
|switch|p1a: Arceus|Arceus|100/100
|turn|3
|
|t:|1652235364
|switch|p2a: Quagsire|Quagsire, F|100/100
|move|p1a: Arceus|Extreme Speed|p2a: Quagsire
|-damage|p2a: Quagsire|72/100
|
|-heal|p2a: Quagsire|78/100|[from] item: Leftovers
|upkeep
|turn|4
|
|t:|1652235378
|move|p1a: Arceus|Substitute|p1a: Arceus
|-start|p1a: Arceus|Substitute
|-damage|p1a: Arceus|76/100
|move|p2a: Quagsire|Curse|p2a: Quagsire
|-unboost|p2a: Quagsire|spe|1
|-boost|p2a: Quagsire|atk|1
|-boost|p2a: Quagsire|def|1
|
|-heal|p2a: Quagsire|84/100|[from] item: Leftovers
|upkeep
|turn|5
|
|t:|1652235387
|switch|p1a: Yveltal|Yveltal|100/100
|-ability|p1a: Yveltal|Dark Aura
|move|p2a: Quagsire|Curse|p2a: Quagsire
|-unboost|p2a: Quagsire|spe|1
|-boost|p2a: Quagsire|atk|1
|-boost|p2a: Quagsire|def|1
|
|-heal|p2a: Quagsire|90/100|[from] item: Leftovers
|upkeep
|turn|6
|
|t:|1652235399
|switch|p2a: Cloyster|Cloyster, M|1/100
|move|p1a: Yveltal|Dark Pulse|p2a: Cloyster
|-damage|p2a: Cloyster|0 fnt
|faint|p2a: Cloyster
|
|upkeep
|
|t:|1652235408
|switch|p2a: Azumarill|Azumarill, F|100/100
|turn|7
|
|t:|1652235414
|switch|p1a: Arceus|Arceus|76/100
|move|p2a: Azumarill|Play Rough|p1a: Arceus
|-damage|p1a: Arceus|34/100
|
|upkeep
|turn|8
|
|t:|1652235422
|switch|p2a: Quagsire|Quagsire, F|90/100
|move|p1a: Arceus|Extreme Speed|p2a: Quagsire
|-damage|p2a: Quagsire|61/100
|
|-heal|p2a: Quagsire|68/100|[from] item: Leftovers
|upkeep
|turn|9
|inactive|Battle timer is ON: inactive players will automatically lose when time's up. (requested by Blake-Mamba)
|
|t:|1652235447
|switch|p1a: Yveltal|Yveltal|100/100
|-ability|p1a: Yveltal|Dark Aura
|move|p2a: Quagsire|Curse|p2a: Quagsire
|-unboost|p2a: Quagsire|spe|1
|-boost|p2a: Quagsire|atk|1
|-boost|p2a: Quagsire|def|1
|
|-heal|p2a: Quagsire|74/100|[from] item: Leftovers
|upkeep
|turn|10
|
|t:|1652235458
|switch|p2a: Azumarill|Azumarill, F|100/100
|move|p1a: Yveltal|Dark Pulse|p2a: Azumarill
|-resisted|p2a: Azumarill
|-damage|p2a: Azumarill|72/100
|
|upkeep
|turn|11
|
|t:|1652235465
|switch|p1a: Arceus|Arceus|34/100
|move|p2a: Azumarill|Belly Drum|p2a: Azumarill
|-damage|p2a: Azumarill|22/100
|-setboost|p2a: Azumarill|atk|6|[from] move: Belly Drum
|-enditem|p2a: Azumarill|Sitrus Berry|[eat]
|-heal|p2a: Azumarill|47/100|[from] item: Sitrus Berry
|
|upkeep
|turn|12
|
|t:|1652235474
|move|p1a: Arceus|Extreme Speed|p2a: Azumarill
|-damage|p2a: Azumarill|0 fnt
|faint|p2a: Azumarill
|
|upkeep
|
|t:|1652235480
|switch|p2a: Sharpedo|Sharpedo, F, shiny|100/100
|turn|13
|
|t:|1652235484
|move|p1a: Arceus|Extreme Speed|p2a: Sharpedo
|-damage|p2a: Sharpedo|0 fnt
|faint|p2a: Sharpedo
|
|upkeep
|
|t:|1652235489
|switch|p2a: Greninja|Greninja, M|100/100
|turn|14
|
|t:|1652235496
|move|p1a: Arceus|Extreme Speed|p2a: Greninja
|-damage|p2a: Greninja|23/100
|move|p2a: Greninja|Dark Pulse|p1a: Arceus
|-damage|p1a: Arceus|4/100
|
|upkeep
|turn|15
|
|t:|1652235504
|switch|p2a: Quagsire|Quagsire, F|74/100
|move|p1a: Arceus|Extreme Speed|p2a: Quagsire
|-damage|p2a: Quagsire|46/100
|
|-heal|p2a: Quagsire|52/100|[from] item: Leftovers
|upkeep
|turn|16
|
|t:|1652235512
|switch|p1a: Yveltal|Yveltal|100/100
|-ability|p1a: Yveltal|Dark Aura
|move|p2a: Quagsire|Liquidation|p1a: Yveltal
|-damage|p1a: Yveltal|75/100
|-unboost|p1a: Yveltal|def|1
|
|-heal|p2a: Quagsire|58/100|[from] item: Leftovers
|upkeep
|turn|17
|
|t:|1652235523
|move|p1a: Yveltal|Dark Pulse|p2a: Quagsire
|-damage|p2a: Quagsire|0 fnt
|faint|p2a: Quagsire
|
|upkeep
|
|t:|1652235528
|switch|p2a: Gyarados|Gyarados, M|100/100
|turn|18
|
|t:|1652235537
|-start|p2a: Gyarados|Dynamax|
|-heal|p2a: Gyarados|100/100|[silent]
|move|p1a: Yveltal|Dark Pulse|p2a: Gyarados
|-damage|p2a: Gyarados|70/100
|move|p2a: Gyarados|Max Airstream|p1a: Yveltal
|-damage|p1a: Yveltal|0 fnt
|-boost|p2a: Gyarados|spe|1
|faint|p1a: Yveltal
|-ability|p2a: Gyarados|Moxie|boost
|-boost|p2a: Gyarados|atk|1
|-damage|p2a: Gyarados|65/100|[from] item: Life Orb
|
|upkeep
|
|t:|1652235542
|switch|p1a: Arceus|Arceus|4/100
|turn|19
|
|t:|1652235555
|move|p1a: Arceus|Extreme Speed|p2a: Gyarados
|-damage|p2a: Gyarados|38/100
|move|p2a: Gyarados|Max Airstream|p1a: Arceus
|-damage|p1a: Arceus|0 fnt
|-boost|p2a: Gyarados|spe|1
|faint|p1a: Arceus
|-ability|p2a: Gyarados|Moxie|boost
|-boost|p2a: Gyarados|atk|1
|-damage|p2a: Gyarados|33/100|[from] item: Life Orb
|
|upkeep
|
|t:|1652235567
|switch|p1a: Ditto|Ditto|100/100
|-transform|p1a: Ditto|p2a: Gyarados|[from] ability: Imposter
|turn|20
|
|t:|1652235573
|-start|p1a: Ditto|Dynamax|
|-heal|p1a: Ditto|100/100|[silent]
|move|p2a: Gyarados|Max Airstream|p1a: Ditto
|-damage|p1a: Ditto|0 fnt
|-boost|p2a: Gyarados|spe|1
|faint|p1a: Ditto
|-ability|p2a: Gyarados|Moxie|boost
|-boost|p2a: Gyarados|atk|1
|-damage|p2a: Gyarados|28/100|[from] item: Life Orb
|
|upkeep
|
|t:|1652235581
|switch|p1a: Necrozma|Necrozma-Dusk-Mane|100/100
|-end|p2a: Gyarados|Dynamax
|-heal|p2a: Gyarados|28/100|[silent]
|turn|21
|
|t:|1652235589
|detailschange|p1a: Necrozma|Necrozma-Ultra
|-burst|p1a: Necrozma|Necrozma|Ultranecrozium Z
|move|p2a: Gyarados|Earthquake|p1a: Necrozma
|-damage|p1a: Necrozma|0 fnt
|faint|p1a: Necrozma
|-ability|p2a: Gyarados|Moxie|boost
|-boost|p2a: Gyarados|atk|1
|-damage|p2a: Gyarados|19/100|[from] item: Life Orb
|
|upkeep
|
|t:|1652235592
|switch|p1a: Zacian|Zacian-Crowned|100/100
|-ability|p1a: Zacian|Intrepid Sword|boost
|-boost|p1a: Zacian|atk|1
|turn|22
|
|t:|1652235601
|move|p2a: Gyarados|Earthquake|p1a: Zacian
|-supereffective|p1a: Zacian
|-damage|p1a: Zacian|0 fnt
|faint|p1a: Zacian
|-damage|p2a: Gyarados|9/100|[from] item: Life Orb
|
|win|Blake-Mamba
|raw|chippytreatz's rating: 1844 &rarr; <strong>1811</strong><br />(-33 for losing)
|raw|Blake-Mamba's rating: 1561 &rarr; <strong>1594</strong><br />(+33 for winning)
|c|☆Blake-Mamba|Gg
|l|☆chippytreatz
|l|☆Blake-Mamba
|j|☆Blake-Mamba
|player|p2|Blake-Mamba|dragontamer
||Ladder isn't responding, score probably updated but might not have (Request timeout).
