|j|☆eatyourweetabix
|j|☆Xx_MLGprosniper_xX
|t:|1652478986
|gametype|singles
|player|p1|eatyourweetabix|worker|1433
|player|p2|Xx_MLGprosniper_xX|acetrainerf|1429
|teamsize|p1|6
|teamsize|p2|6
|gen|8
|tier|[Gen 8] National Dex AG
|rated|
|rule|HP Percentage Mod: HP is shown in percentages
|rule|Endless Battle Clause: Forcing endless battles is banned
|clearpoke
|poke|p1|Absol, F|
|poke|p1|Feraligatr, M|
|poke|p1|Buzzwole|
|poke|p1|Heatran, M|
|poke|p1|Victini|
|poke|p1|Pheromosa|
|poke|p2|Skarmory, M|
|poke|p2|Toxicroak, M|
|poke|p2|Umbreon, F|
|poke|p2|Sableye, F|
|poke|p2|Zoroark, M|
|poke|p2|Genesect|
|teampreview
|inactive|Battle timer is ON: inactive players will automatically lose when time's up. (requested by Xx_MLGprosniper_xX)
|
|t:|1652478995
|start
|switch|p1a: Deviantart|Absol, F|100/100
|switch|p2a: Sableye|Sableye, F|100/100
|turn|1
|
|t:|1652479015
|switch|p2a: Skarmory|Skarmory, M|100/100
|detailschange|p1a: Deviantart|Absol-Mega, F
|-mega|p1a: Deviantart|Absol|Absolite
|move|p1a: Deviantart|Swords Dance|p1a: Deviantart
|-boost|p1a: Deviantart|atk|2
|
|upkeep
|turn|2
|
|t:|1652479021
|move|p1a: Deviantart|Knock Off|p2a: Skarmory
|-damage|p2a: Skarmory|29/100
|-damage|p1a: Deviantart|84/100|[from] item: Rocky Helmet|[of] p2a: Skarmory
|-enditem|p2a: Skarmory|Rocky Helmet|[from] move: Knock Off|[of] p1a: Deviantart
|move|p2a: Skarmory|Counter|p1a: Deviantart
|-damage|p1a: Deviantart|0 fnt
|faint|p1a: Deviantart
|
|upkeep
|
|t:|1652479031
|switch|p1a: I hate the ground|Heatran, M|100/100
|turn|3
|
|t:|1652479040
|switch|p2a: Umbreon|Umbreon, F|100/100
|move|p1a: I hate the ground|Eruption|p2a: Umbreon
|-damage|p2a: Umbreon|57/100
|
|-heal|p2a: Umbreon|63/100|[from] item: Leftovers
|upkeep
|turn|4
|
|t:|1652479048
|switch|p1a: Direction & Mag|Victini|100/100
|move|p2a: Umbreon|Wish|p2a: Umbreon
|
|-heal|p2a: Umbreon|69/100|[from] item: Leftovers
|upkeep
|turn|5
|
|t:|1652479054
|move|p2a: Umbreon|Protect|p2a: Umbreon
|-singleturn|p2a: Umbreon|Protect
|move|p1a: Direction & Mag|Trick|p2a: Umbreon
|-activate|p2a: Umbreon|move: Protect
|
|-heal|p2a: Umbreon|100/100|[from] move: Wish|[wisher] Umbreon
|upkeep
|turn|6
|
|t:|1652479063
|switch|p1a: Lady Legs|Pheromosa|100/100
|switch|p2a: Sableye|Sableye, F|100/100
|
|upkeep
|turn|7
|
|t:|1652479071
|switch|p1a: I hate the ground|Heatran, M|100/100
|move|p2a: Sableye|Will-O-Wisp|p1a: I hate the ground
|-start|p1a: I hate the ground|ability: Flash Fire
|
|upkeep
|turn|8
|
|t:|1652479077
|switch|p2a: Umbreon|Umbreon, F|100/100
|move|p1a: I hate the ground|Eruption|p2a: Umbreon
|-damage|p2a: Umbreon|44/100
|
|-heal|p2a: Umbreon|50/100|[from] item: Leftovers
|upkeep
|turn|9
|
|t:|1652479084
|move|p2a: Umbreon|Protect|p2a: Umbreon
|-singleturn|p2a: Umbreon|Protect
|move|p1a: I hate the ground|Eruption|p2a: Umbreon
|-activate|p2a: Umbreon|move: Protect
|
|-heal|p2a: Umbreon|56/100|[from] item: Leftovers
|upkeep
|turn|10
|
|t:|1652479090
|move|p1a: I hate the ground|Eruption|p2a: Umbreon
|-damage|p2a: Umbreon|0 fnt
|faint|p2a: Umbreon
|
|upkeep
|
|t:|1652479112
|switch|p2a: Toxicroak|Toxicroak, M|100/100
|turn|11
|
|t:|1652479115
|move|p1a: I hate the ground|Eruption|p2a: Toxicroak
|-enditem|p2a: Toxicroak|Focus Sash
|-damage|p2a: Toxicroak|1/100
|move|p2a: Toxicroak|Drain Punch|p1a: I hate the ground
|-supereffective|p1a: I hate the ground
|-damage|p1a: I hate the ground|30/100
|-heal|p2a: Toxicroak|38/100|[from] drain|[of] p1a: I hate the ground
|
|upkeep
|turn|12
|
|t:|1652479125
|move|p1a: I hate the ground|Eruption|p2a: Toxicroak
|-damage|p2a: Toxicroak|0 fnt
|faint|p2a: Toxicroak
|
|upkeep
|
|t:|1652479133
|switch|p2a: Sableye|Sableye, F|100/100
|turn|13
|
|t:|1652479136
|move|p1a: I hate the ground|Eruption|p2a: Sableye
|-damage|p2a: Sableye|30/100
|replace|p2a: Zoroark|Zoroark, M
|-end|p2a: Zoroark|Illusion
|move|p2a: Zoroark|Night Daze|p1a: I hate the ground
|-damage|p1a: I hate the ground|0 fnt
|faint|p1a: I hate the ground
|
|upkeep
|
|t:|1652479148
|switch|p1a: Lady Legs|Pheromosa|100/100
|turn|14
|
|t:|1652479152
|switch|p2a: Sableye|Sableye, F|100/100
|move|p1a: Lady Legs|Quiver Dance|p1a: Lady Legs
|-boost|p1a: Lady Legs|spa|1
|-boost|p1a: Lady Legs|spd|1
|-boost|p1a: Lady Legs|spe|1
|
|upkeep
|turn|15
|
|t:|1652479160
|move|p2a: Sableye|Will-O-Wisp|p1a: Lady Legs|[miss]
|-miss|p2a: Sableye|p1a: Lady Legs
|move|p1a: Lady Legs|Bug Buzz|p2a: Sableye
|-damage|p2a: Sableye|9/100
|
|upkeep
|turn|16
|
|t:|1652479183
|move|p2a: Sableye|Encore|p1a: Lady Legs
|-start|p1a: Lady Legs|Encore
|move|p1a: Lady Legs|Bug Buzz|p2a: Sableye
|-damage|p2a: Sableye|0 fnt
|faint|p2a: Sableye
|-ability|p1a: Lady Legs|Beast Boost|boost
|-boost|p1a: Lady Legs|spa|1
|
|upkeep
|
|t:|1652479187
|switch|p2a: Genesect|Genesect, shiny|100/100
|-ability|p2a: Genesect|Download|boost
|-boost|p2a: Genesect|atk|1
|turn|17
|
|t:|1652479197
|move|p1a: Lady Legs|Bug Buzz|p2a: Genesect
|-resisted|p2a: Genesect
|-damage|p2a: Genesect|32/100
|move|p2a: Genesect|Shift Gear|p2a: Genesect
|-boost|p2a: Genesect|spe|2
|-boost|p2a: Genesect|atk|1
|
|upkeep
|turn|18
|
|t:|1652479215
|-start|p2a: Genesect|Dynamax|
|-heal|p2a: Genesect|32/100|[silent]
|move|p1a: Lady Legs|Bug Buzz|p2a: Genesect
|-resisted|p2a: Genesect
|-damage|p2a: Genesect|0 fnt
|faint|p2a: Genesect
|-ability|p1a: Lady Legs|Beast Boost|boost
|-boost|p1a: Lady Legs|spa|1
|
|-end|p1a: Lady Legs|Encore
|upkeep
|-message|Xx_MLGprosniper_xX forfeited.
|
|win|eatyourweetabix
|raw|eatyourweetabix's rating: 1433 &rarr; <strong>1453</strong><br />(+20 for winning)
|raw|Xx_MLGprosniper_xX's rating: 1429 &rarr; <strong>1409</strong><br />(-20 for losing)
|l|☆Xx_MLGprosniper_xX
||Ladder isn't responding, score probably updated but might not have (Request timeout).
