|j|☆lolzdudelit
|j|☆Leafstorm121❤
|t:|1611694514
|player|p1|lolzdudelit|265|
|player|p2|Leafstorm121❤|sina|
|teamsize|p1|6
|teamsize|p2|6
|gametype|singles
|gen|8
|tier|[Gen 8] National Dex AG
|rated|Tournament battle
|clearpoke
|poke|p1|Groudon|
|poke|p1|Groudon|
|poke|p1|Groudon|
|poke|p1|Groudon|
|poke|p1|Groudon|
|poke|p1|Groudon|
|poke|p2|Groudon|
|poke|p2|Groudon|
|poke|p2|Groudon|
|poke|p2|Groudon|
|poke|p2|Groudon|
|poke|p2|Groudon|
|rule|HP Percentage Mod: HP is shown in percentages
|rule|Endless Battle Clause: Forcing endless battles is banned
|teampreview
|j|+Mbouchon
|j| NB402141
|
|t:|1611694523
|start
|switch|p1a: Groudon|Groudon|100/100
|switch|p2a: Groudon|Groudon|100/100
|detailschange|p1a: Groudon|Groudon-Primal
|-primal|p1a: Groudon
|-weather|DesolateLand|[from] ability: Desolate Land|[of] p1a: Groudon
|detailschange|p2a: Groudon|Groudon-Primal
|-primal|p2a: Groudon
|turn|1
|j| g g l r g
|c|☆lolzdudelit|may rngesus be with you
|
|t:|1611694533
|move|p2a: Groudon|Fissure|p1a: Groudon
|-damage|p1a: Groudon|0 fnt
|-ohko
|faint|p1a: Groudon
|
|-weather|DesolateLand|[upkeep]
|upkeep
|c|☆Leafstorm121❤|u2
|
|t:|1611694538
|switch|p1a: Groudon|Groudon|100/100
|detailschange|p1a: Groudon|Groudon-Primal
|-primal|p1a: Groudon
|turn|2
|c| g g l r g|lol
|
|t:|1611694541
|move|p1a: Groudon|Fissure|p2a: Groudon
|-damage|p2a: Groudon|0 fnt
|-ohko
|faint|p2a: Groudon
|
|-weather|DesolateLand|[upkeep]
|upkeep
|
|t:|1611694545
|switch|p2a: Groudon|Groudon|100/100
|detailschange|p2a: Groudon|Groudon-Primal
|-primal|p2a: Groudon
|turn|3
|
|t:|1611694549
|move|p2a: Groudon|Fissure|p1a: Groudon|[miss]
|-miss|p2a: Groudon|p1a: Groudon
|move|p1a: Groudon|Fissure|p2a: Groudon|[miss]
|-miss|p1a: Groudon|p2a: Groudon
|
|-weather|DesolateLand|[upkeep]
|upkeep
|turn|4
|
|t:|1611694555
|move|p2a: Groudon|Fissure|p1a: Groudon
|-damage|p1a: Groudon|0 fnt
|-ohko
|faint|p1a: Groudon
|
|-weather|DesolateLand|[upkeep]
|upkeep
|c|☆lolzdudelit|thats not good
|
|t:|1611694561
|switch|p1a: Groudon|Groudon|100/100
|detailschange|p1a: Groudon|Groudon-Primal
|-primal|p1a: Groudon
|turn|5
|
|t:|1611694565
|move|p1a: Groudon|Fissure|p2a: Groudon|[miss]
|-miss|p1a: Groudon|p2a: Groudon
|move|p2a: Groudon|Fissure|p1a: Groudon
|-damage|p1a: Groudon|0 fnt
|-ohko
|faint|p1a: Groudon
|
|-weather|DesolateLand|[upkeep]
|upkeep
|c|+Mbouchon|oh my
|
|t:|1611694572
|switch|p1a: Groudon|Groudon|100/100
|detailschange|p1a: Groudon|Groudon-Primal
|-primal|p1a: Groudon
|turn|6
|
|t:|1611694576
|move|p2a: Groudon|Fissure|p1a: Groudon
|-damage|p1a: Groudon|0 fnt
|-ohko
|faint|p1a: Groudon
|
|-weather|DesolateLand|[upkeep]
|upkeep
|c|+Mbouchon|that's some good aim
|
|t:|1611694581
|switch|p1a: Groudon|Groudon|100/100
|detailschange|p1a: Groudon|Groudon-Primal
|-primal|p1a: Groudon
|turn|7
|c|☆lolzdudelit|lmao
|
|t:|1611694586
|switch|p1a: Groudon|Groudon|100/100
|detailschange|p1a: Groudon|Groudon-Primal
|-primal|p1a: Groudon
|move|p2a: Groudon|Fissure|p1a: Groudon|[miss]
|-miss|p2a: Groudon|p1a: Groudon
|
|-weather|DesolateLand|[upkeep]
|upkeep
|turn|8
|
|t:|1611694592
|move|p2a: Groudon|Fissure|p1a: Groudon|[miss]
|-miss|p2a: Groudon|p1a: Groudon
|move|p1a: Groudon|Fissure|p2a: Groudon|[miss]
|-miss|p1a: Groudon|p2a: Groudon
|
|-weather|DesolateLand|[upkeep]
|upkeep
|turn|9
|c|☆lolzdudelit|this gdon will clutch
|
|t:|1611694603
|move|p2a: Groudon|Fissure|p1a: Groudon|[miss]
|-miss|p2a: Groudon|p1a: Groudon
|move|p1a: Groudon|Fissure|p2a: Groudon
|-damage|p2a: Groudon|0 fnt
|-ohko
|faint|p2a: Groudon
|
|-weather|DesolateLand|[upkeep]
|upkeep
|
|t:|1611694606
|switch|p2a: Groudon|Groudon|100/100
|detailschange|p2a: Groudon|Groudon-Primal
|-primal|p2a: Groudon
|turn|10
|c|☆lolzdudelit|watch it
|c| NB402141|okkk
|
|t:|1611694613
|move|p1a: Groudon|Fissure|p2a: Groudon
|-damage|p2a: Groudon|0 fnt
|-ohko
|faint|p2a: Groudon
|
|-weather|DesolateLand|[upkeep]
|upkeep
|c| NB402141|ok
|c|+Mbouchon|o
|
|t:|1611694617
|switch|p2a: Groudon|Groudon|100/100
|detailschange|p2a: Groudon|Groudon-Primal
|-primal|p2a: Groudon
|turn|11
|c|+Mbouchon|maybe?
|
|t:|1611694620
|move|p2a: Groudon|Fissure|p1a: Groudon|[miss]
|-miss|p2a: Groudon|p1a: Groudon
|move|p1a: Groudon|Fissure|p2a: Groudon
|-damage|p2a: Groudon|0 fnt
|-ohko
|faint|p2a: Groudon
|
|-weather|DesolateLand|[upkeep]
|upkeep
|c| NB402141|o
|
|t:|1611694623
|switch|p2a: Groudon|Groudon|100/100
|detailschange|p2a: Groudon|Groudon-Primal
|-primal|p2a: Groudon
|turn|12
|c|+Mbouchon|woah
|
|t:|1611694630
|move|p2a: Groudon|Fissure|p1a: Groudon|[miss]
|-miss|p2a: Groudon|p1a: Groudon
|move|p1a: Groudon|Fissure|p2a: Groudon|[miss]
|-miss|p1a: Groudon|p2a: Groudon
|
|-weather|DesolateLand|[upkeep]
|upkeep
|turn|13
|c| NB402141|pdon clutch
|
|t:|1611694636
|move|p2a: Groudon|Fissure|p1a: Groudon|[miss]
|-miss|p2a: Groudon|p1a: Groudon
|move|p1a: Groudon|Fissure|p2a: Groudon|[miss]
|-miss|p1a: Groudon|p2a: Groudon
|
|-weather|DesolateLand|[upkeep]
|upkeep
|turn|14
|j| skylink42❤
|
|t:|1611694641
|move|p1a: Groudon|Fissure|p2a: Groudon|[miss]
|-miss|p1a: Groudon|p2a: Groudon
|move|p2a: Groudon|Fissure|p1a: Groudon|[miss]
|-miss|p2a: Groudon|p1a: Groudon
|
|-weather|DesolateLand|[upkeep]
|upkeep
|turn|15
|
|t:|1611694647
|move|p1a: Groudon|Fissure|p2a: Groudon|[miss]
|-miss|p1a: Groudon|p2a: Groudon
|move|p2a: Groudon|Fissure|p1a: Groudon
|-damage|p1a: Groudon|0 fnt
|-ohko
|faint|p1a: Groudon
|
|-weather|DesolateLand|[upkeep]
|upkeep
|c| NB402141|oof
|
|t:|1611694653
|switch|p1a: Groudon|Groudon-Primal|100/100
|turn|16
|c| NB402141|u still got one
|
|t:|1611694658
|move|p1a: Groudon|Fissure|p2a: Groudon|[miss]
|-miss|p1a: Groudon|p2a: Groudon
|move|p2a: Groudon|Fissure|p1a: Groudon|[miss]
|-miss|p2a: Groudon|p1a: Groudon
|
|-weather|DesolateLand|[upkeep]
|upkeep
|turn|17
|
|t:|1611694663
|move|p2a: Groudon|Fissure|p1a: Groudon
|-damage|p1a: Groudon|0 fnt
|-ohko
|faint|p1a: Groudon
|
|win|Leafstorm121❤
|n|☆lolzdudelit|lolzdudelit
|n|☆Leafstorm121❤|leafstorm121
|n| Mbouchon|mbouchon
|n| NB402141|nb402141
|n| g g l r g|gglrg
|n| skylink42❤|skylink42
