|j|☆Blackstar152001
|j|☆lmisdreavus
|t:|1665634528
|gametype|singles
|player|p1|Blackstar152001|blue-gen3two|1952
|player|p2|lmisdreavus|101|1853
|teamsize|p1|6
|teamsize|p2|6
|gen|8
|tier|[Gen 8] National Dex AG
|rated|
|rule|HP Percentage Mod: HP is shown in percentages
|rule|Endless Battle Clause: Forcing endless battles is banned
|clearpoke
|poke|p1|Ditto|
|poke|p1|Arceus-*|
|poke|p1|Donphan, M|
|poke|p1|Giratina|
|poke|p1|Arceus-*|
|poke|p1|Groudon|
|poke|p2|Landorus-Therian, M|
|poke|p2|Ho-Oh|
|poke|p2|Arceus-*|
|poke|p2|Gengar, F|
|poke|p2|Zacian-*|
|poke|p2|Groudon|
|teampreview
|inactive|Battle timer is ON: inactive players will automatically lose when time's up. (requested by Blackstar152001)
|
|t:|1665634552
|start
|switch|p1a: Groudon|Groudon|100/100
|switch|p2a: Gengar|Gengar, F, shiny|100/100
|detailschange|p1a: Groudon|Groudon-Primal
|-primal|p1a: Groudon
|-weather|DesolateLand|[from] ability: Desolate Land|[of] p1a: Groudon
|turn|1
|
|t:|1665634558
|detailschange|p2a: Gengar|Gengar-Mega, F, shiny
|-mega|p2a: Gengar|Gengar|Gengarite
|move|p2a: Gengar|Substitute|p2a: Gengar
|-start|p2a: Gengar|Substitute
|-damage|p2a: Gengar|76/100
|move|p1a: Groudon|Rock Slide|p2a: Gengar
|-end|p2a: Gengar|Substitute
|
|-weather|DesolateLand|[upkeep]
|upkeep
|turn|2
|
|t:|1665634568
|move|p2a: Gengar|Substitute|p2a: Gengar
|-start|p2a: Gengar|Substitute
|-damage|p2a: Gengar|51/100
|move|p1a: Groudon|Earth Power|p2a: Gengar
|-supereffective|p2a: Gengar
|-end|p2a: Gengar|Substitute
|
|-weather|DesolateLand|[upkeep]
|upkeep
|turn|3
|
|t:|1665634575
|switch|p2a: Arceus|Arceus-Dark, shiny|100/100
|move|p1a: Groudon|Eruption|p2a: Arceus
|-damage|p2a: Arceus|31/100
|
|-weather|DesolateLand|[upkeep]
|upkeep
|turn|4
|
|t:|1665634584
|move|p1a: Groudon|Eruption|p2a: Arceus
|-damage|p2a: Arceus|0 fnt
|faint|p2a: Arceus
|
|-weather|DesolateLand|[upkeep]
|upkeep
|
|t:|1665634603
|switch|p2a: Groudon|Groudon, shiny|100/100
|detailschange|p2a: Groudon|Groudon-Primal, shiny
|-primal|p2a: Groudon
|turn|5
|
|t:|1665634607
|move|p1a: Groudon|Earth Power|p2a: Groudon
|-supereffective|p2a: Groudon
|-damage|p2a: Groudon|7/100
|move|p2a: Groudon|Precipice Blades|p1a: Groudon
|-supereffective|p1a: Groudon
|-damage|p1a: Groudon|13/100
|
|-weather|DesolateLand|[upkeep]
|upkeep
|turn|6
|
|t:|1665634618
|switch|p2a: Landorus|Landorus-Therian, M, shiny|100/100
|-ability|p2a: Landorus|Intimidate|boost
|-unboost|p1a: Groudon|atk|1
|move|p1a: Groudon|Rock Slide|p2a: Landorus
|-damage|p2a: Landorus|88/100
|
|-weather|DesolateLand|[upkeep]
|upkeep
|turn|7
|
|t:|1665634624
|move|p1a: Groudon|Hidden Power|p2a: Landorus
|-supereffective|p2a: Landorus
|-damage|p2a: Landorus|0 fnt
|faint|p2a: Landorus
|
|-weather|DesolateLand|[upkeep]
|upkeep
|c|☆lmisdreavus|wow
|c|☆lmisdreavus|perfact groudon
|c|☆Blackstar152001|Counter for Zygarde
|
|t:|1665634647
|switch|p2a: Gengar|Gengar-Mega, F, shiny|51/100
|turn|8
|
|t:|1665634651
|move|p2a: Gengar|Shadow Ball|p1a: Groudon
|-damage|p1a: Groudon|0 fnt
|faint|p1a: Groudon
|-weather|none
|
|upkeep
|c|☆lmisdreavus|good idea
|
|t:|1665634660
|switch|p1a: Ditto|Ditto, shiny|100/100
|-transform|p1a: Ditto|p2a: Gengar|[from] ability: Imposter
|turn|9
|
|t:|1665634665
|switch|p2a: Ho-Oh|Ho-Oh, shiny|100/100
|move|p1a: Ditto|Shadow Ball|p2a: Ho-Oh
|-damage|p2a: Ho-Oh|77/100
|
|upkeep
|turn|10
|
|t:|1665634671
|switch|p1a: Giratina|Giratina|100/100
|-ability|p1a: Giratina|Pressure
|move|p2a: Ho-Oh|Toxic|p1a: Giratina
|-status|p1a: Giratina|tox
|
|-damage|p1a: Giratina|94/100 tox|[from] psn
|upkeep
|turn|11
|
|t:|1665634676
|switch|p2a: Gengar|Gengar-Mega, F, shiny|51/100
|move|p1a: Giratina|Toxic|p2a: Gengar
|-immune|p2a: Gengar
|
|-heal|p1a: Giratina|100/100 tox|[from] item: Leftovers
|-damage|p1a: Giratina|88/100 tox|[from] psn
|upkeep
|turn|12
|
|t:|1665634684
|switch|p1a: Arceus|Arceus|100/100
|move|p2a: Gengar|Substitute|p2a: Gengar
|-start|p2a: Gengar|Substitute
|-damage|p2a: Gengar|26/100
|
|upkeep
|turn|13
|
|t:|1665634687
|move|p2a: Gengar|Sludge Bomb|p1a: Arceus
|-damage|p1a: Arceus|71/100
|-status|p1a: Arceus|psn
|-enditem|p1a: Arceus|Lum Berry|[eat]
|-curestatus|p1a: Arceus|psn|[msg]
|move|p1a: Arceus|Shadow Claw|p2a: Gengar
|-supereffective|p2a: Gengar
|-end|p2a: Gengar|Substitute
|
|upkeep
|turn|14
|c|☆lmisdreavus|spa252 spe252?
|
|t:|1665634704
|switch|p2a: Zacian|Zacian-Crowned, shiny|100/100
|-ability|p2a: Zacian|Intrepid Sword|boost
|-boost|p2a: Zacian|atk|1
|move|p1a: Arceus|Shadow Claw|p2a: Zacian
|-damage|p2a: Zacian|75/100
|
|upkeep
|turn|15
|c|☆Blackstar152001|Yes
|
|t:|1665634717
|switch|p1a: Arceus|Arceus-Fairy|100/100
|move|p2a: Zacian|Close Combat|p1a: Arceus
|-resisted|p1a: Arceus
|-damage|p1a: Arceus|76/100
|-unboost|p2a: Zacian|def|1
|-unboost|p2a: Zacian|spd|1
|
|upkeep
|turn|16
|
|t:|1665634723
|move|p2a: Zacian|Behemoth Blade|p1a: Arceus
|-supereffective|p1a: Arceus
|-damage|p1a: Arceus|0 fnt
|faint|p1a: Arceus
|
|upkeep
|
|t:|1665634725
|switch|p1a: Ditto|Ditto, shiny|100/100
|-transform|p1a: Ditto|p2a: Zacian|[from] ability: Imposter
|-ability|p1a: Ditto|Intrepid Sword|boost
|-boost|p1a: Ditto|atk|1
|turn|17
|
|t:|1665634729
|switch|p2a: Ho-Oh|Ho-Oh, shiny|100/100
|move|p1a: Ditto|Behemoth Blade|p2a: Ho-Oh
|-resisted|p2a: Ho-Oh
|-damage|p2a: Ho-Oh|61/100
|
|upkeep
|turn|18
|
|t:|1665634733
|switch|p1a: Giratina|Giratina|88/100 tox
|-ability|p1a: Giratina|Pressure
|switch|p2a: Zacian|Zacian-Crowned, shiny|75/100
|-ability|p2a: Zacian|Intrepid Sword|boost
|-boost|p2a: Zacian|atk|1
|
|-heal|p1a: Giratina|94/100 tox|[from] item: Leftovers
|-damage|p1a: Giratina|88/100 tox|[from] psn
|upkeep
|turn|19
|
|t:|1665634738
|move|p2a: Zacian|Play Rough|p1a: Giratina
|-supereffective|p1a: Giratina
|-damage|p1a: Giratina|4/100 tox
|move|p1a: Giratina|Will-O-Wisp|p2a: Zacian
|-status|p2a: Zacian|brn
|
|-heal|p1a: Giratina|11/100 tox|[from] item: Leftovers
|-damage|p1a: Giratina|0 fnt|[from] psn
|faint|p1a: Giratina
|-damage|p2a: Zacian|68/100 brn|[from] brn
|upkeep
|
|t:|1665634748
|switch|p1a: Ditto|Ditto, shiny|100/100
|-transform|p1a: Ditto|p2a: Zacian|[from] ability: Imposter
|-ability|p1a: Ditto|Intrepid Sword|boost
|-boost|p1a: Ditto|atk|1
|turn|20
|
|t:|1665634751
|switch|p2a: Ho-Oh|Ho-Oh, shiny|95/100
|move|p1a: Ditto|Behemoth Blade|p2a: Ho-Oh
|-resisted|p2a: Ho-Oh
|-damage|p2a: Ho-Oh|55/100
|
|upkeep
|turn|21
|
|t:|1665634758
|switch|p1a: Donphan|Donphan, M|100/100
|-start|p2a: Ho-Oh|Dynamax|
|-heal|p2a: Ho-Oh|55/100|[silent]
|move|p2a: Ho-Oh|Max Flare|p1a: Donphan
|-damage|p1a: Donphan|67/100
|-weather|SunnyDay
|
|-weather|SunnyDay|[upkeep]
|upkeep
|turn|22
|
|t:|1665634767
|move|p2a: Ho-Oh|Max Flare|p1a: Donphan
|-damage|p1a: Donphan|22/100
|move|p1a: Donphan|Endeavor|p2a: Ho-Oh
|-damage|p2a: Ho-Oh|38/100
|
|-weather|SunnyDay|[upkeep]
|upkeep
|turn|23
|
|t:|1665634774
|move|p2a: Ho-Oh|Max Flare|p1a: Donphan
|-damage|p1a: Donphan|0 fnt
|faint|p1a: Donphan
|
|-weather|SunnyDay|[upkeep]
|upkeep
|
|t:|1665634778
|switch|p1a: Arceus|Arceus|71/100
|-end|p2a: Ho-Oh|Dynamax
|-heal|p2a: Ho-Oh|38/100|[silent]
|turn|24
|
|t:|1665634789
|-start|p1a: Arceus|Dynamax|
|-heal|p1a: Arceus|71/100|[silent]
|move|p1a: Arceus|Max Strike|p2a: Ho-Oh
|-damage|p2a: Ho-Oh|0 fnt
|faint|p2a: Ho-Oh
|
|-weather|SunnyDay|[upkeep]
|upkeep
|
|t:|1665634807
|switch|p2a: Gengar|Gengar-Mega, F, shiny|26/100
|turn|25
|
|t:|1665634811
|move|p2a: Gengar|Substitute|p2a: Gengar
|-start|p2a: Gengar|Substitute
|-damage|p2a: Gengar|1/100
|move|p1a: Arceus|Max Phantasm|p2a: Gengar
|-supereffective|p2a: Gengar
|-end|p2a: Gengar|Substitute
|-unboost|p2a: Gengar|def|1
|
|-weather|none
|upkeep
|turn|26
|
|t:|1665634816
|switch|p2a: Groudon|Groudon-Primal, shiny|7/100
|-weather|DesolateLand|[from] ability: Desolate Land|[of] p2a: Groudon
|move|p1a: Arceus|Max Phantasm|p2a: Groudon
|-damage|p2a: Groudon|0 fnt
|faint|p2a: Groudon
|-weather|none
|
|upkeep
|
|t:|1665634821
|switch|p2a: Zacian|Zacian-Crowned, shiny|68/100 brn
|-ability|p2a: Zacian|Intrepid Sword|boost
|-boost|p2a: Zacian|atk|1
|-end|p1a: Arceus|Dynamax
|-heal|p1a: Arceus|71/100|[silent]
|turn|27
|
|t:|1665634826
|move|p2a: Zacian|Close Combat|p1a: Arceus
|-supereffective|p1a: Arceus
|-damage|p1a: Arceus|17/100
|-unboost|p2a: Zacian|def|1
|-unboost|p2a: Zacian|spd|1
|move|p1a: Arceus|Shadow Claw|p2a: Zacian
|-damage|p2a: Zacian|34/100 brn
|
|-damage|p2a: Zacian|28/100 brn|[from] brn
|upkeep
|turn|28
|
|t:|1665634840
|move|p1a: Arceus|Extreme Speed|p2a: Zacian
|-resisted|p2a: Zacian
|-damage|p2a: Zacian|0 fnt
|faint|p2a: Zacian
|
|upkeep
|
|t:|1665634843
|switch|p2a: Gengar|Gengar-Mega, F, shiny|1/100
|turn|29
|
|t:|1665634849
|move|p2a: Gengar|Shadow Ball|p1a: Arceus
|-immune|p1a: Arceus
|move|p1a: Arceus|Shadow Claw|p2a: Gengar
|-supereffective|p2a: Gengar
|-damage|p2a: Gengar|0 fnt
|faint|p2a: Gengar
|
|win|Blackstar152001
|raw|Blackstar152001's rating: 1952 &rarr; <strong>1966</strong><br />(+14 for winning)
|raw|lmisdreavus's rating: 1853 &rarr; <strong>1839</strong><br />(-14 for losing)
|l|☆lmisdreavus
