|j|☆Da noob 6000
|j|‽MaleficDon
|t:|1665615759
|gametype|singles
|player|p1|Da noob 6000|riley|1466
|player|p2|MaleficDon|benga|1652
|teamsize|p1|6
|teamsize|p2|6
|gen|8
|tier|[Gen 8] National Dex AG
|rated|
|rule|HP Percentage Mod: HP is shown in percentages
|rule|Endless Battle Clause: Forcing endless battles is banned
|clearpoke
|poke|p1|Rayquaza|
|poke|p1|Calyrex-Shadow|
|poke|p1|Yveltal|
|poke|p1|Chansey, F|
|poke|p1|Zacian-*|
|poke|p1|Pyukumuku, M|
|poke|p2|Necrozma-Dusk-Mane|
|poke|p2|Zacian-*|
|poke|p2|Ho-Oh|
|poke|p2|Rayquaza|
|poke|p2|Blissey, F|
|poke|p2|Ditto|
|teampreview
|inactive|Battle timer is ON: inactive players will automatically lose when time's up. (requested by Da noob 6000)
|
|t:|1665615786
|start
|switch|p1a: Chansey|Chansey, F|100/100
|switch|p2a: Rayquaza|Rayquaza|100/100
|-ability|p2a: Rayquaza|Air Lock
|turn|1
|
|t:|1665615793
|detailschange|p2a: Rayquaza|Rayquaza-Mega
|-mega|p2a: Rayquaza|Rayquaza|
|-weather|DeltaStream|[from] ability: Delta Stream|[of] p2a: Rayquaza
|move|p2a: Rayquaza|Dragon Ascent|p1a: Chansey
|-damage|p1a: Chansey|25/100
|-unboost|p2a: Rayquaza|def|1
|-unboost|p2a: Rayquaza|spd|1
|-damage|p2a: Rayquaza|91/100|[from] item: Life Orb
|move|p1a: Chansey|Toxic|p2a: Rayquaza
|-status|p2a: Rayquaza|tox
|
|-weather|DeltaStream|[upkeep]
|-damage|p2a: Rayquaza|85/100 tox|[from] psn
|upkeep
|turn|2
|c|☆Da noob 6000|breh don't lead with a powerhouse
|
|t:|1665615818
|move|p2a: Rayquaza|Dragon Ascent|p1a: Chansey
|-damage|p1a: Chansey|0 fnt
|-unboost|p2a: Rayquaza|def|1
|-unboost|p2a: Rayquaza|spd|1
|faint|p1a: Chansey
|-damage|p2a: Rayquaza|75/100 tox|[from] item: Life Orb
|
|-weather|DeltaStream|[upkeep]
|-damage|p2a: Rayquaza|63/100 tox|[from] psn
|upkeep
|
|t:|1665615826
|switch|p1a: Calyrex|Calyrex-Shadow|100/100
|-ability|p1a: Calyrex|As One
|-ability|p1a: Calyrex|Unnerve
|turn|3
|
|t:|1665615832
|-weather|none
|switch|p2a: Blissey|Blissey, F|100/100
|move|p1a: Calyrex|Astral Barrage|p2a: Blissey
|-immune|p2a: Blissey
|
|upkeep
|turn|4
|
|t:|1665615840
|switch|p1a: Zacian|Zacian-Crowned|100/100
|-ability|p1a: Zacian|Intrepid Sword|boost
|-boost|p1a: Zacian|atk|1
|move|p2a: Blissey|Thunder Wave|p1a: Zacian|[miss]
|-miss|p2a: Blissey|p1a: Zacian
|
|upkeep
|turn|5
|
|t:|1665615850
|switch|p2a: Necrozma|Necrozma-Dusk-Mane|100/100
|move|p1a: Zacian|Close Combat|p2a: Necrozma
|-damage|p2a: Necrozma|41/100
|-unboost|p1a: Zacian|def|1
|-unboost|p1a: Zacian|spd|1
|
|-heal|p2a: Necrozma|47/100|[from] item: Leftovers
|upkeep
|turn|6
|
|t:|1665615862
|move|p1a: Zacian|Close Combat|p2a: Necrozma
|-damage|p2a: Necrozma|0 fnt
|-unboost|p1a: Zacian|def|1
|-unboost|p1a: Zacian|spd|1
|faint|p2a: Necrozma
|
|upkeep
|
|t:|1665615867
|switch|p2a: Ditto|Ditto|100/100
|-transform|p2a: Ditto|p1a: Zacian|[from] ability: Imposter
|-ability|p2a: Ditto|Intrepid Sword|boost
|-boost|p2a: Ditto|atk|1
|turn|7
|
|t:|1665615875
|switch|p1a: Pyukumuku|Pyukumuku, M|100/100
|move|p2a: Ditto|Wild Charge|p1a: Pyukumuku
|-supereffective|p1a: Pyukumuku
|-damage|p1a: Pyukumuku|35/100
|-damage|p2a: Ditto|84/100|[from] item: Rocky Helmet|[of] p1a: Pyukumuku
|-damage|p2a: Ditto|68/100|[from] Recoil
|
|upkeep
|turn|8
|
|t:|1665615884
|move|p2a: Ditto|Wild Charge|p1a: Pyukumuku
|-supereffective|p1a: Pyukumuku
|-damage|p1a: Pyukumuku|0 fnt
|-damage|p2a: Ditto|52/100|[from] item: Rocky Helmet|[of] p1a: Pyukumuku
|faint|p1a: Pyukumuku
|-damage|p2a: Ditto|44/100|[from] Recoil
|
|upkeep
|
|t:|1665615891
|switch|p1a: Calyrex|Calyrex-Shadow|100/100
|-ability|p1a: Calyrex|As One
|-ability|p1a: Calyrex|Unnerve
|turn|9
|
|t:|1665615897
|-start|p1a: Calyrex|Dynamax|
|-heal|p1a: Calyrex|100/100|[silent]
|move|p2a: Ditto|Wild Charge|p1a: Calyrex
|-damage|p1a: Calyrex|51/100
|-damage|p2a: Ditto|15/100|[from] Recoil
|move|p1a: Calyrex|Max Phantasm|p2a: Ditto
|-damage|p2a: Ditto|0 fnt
|faint|p2a: Ditto
|-ability|p1a: Calyrex|Grim Neigh|boost
|-boost|p1a: Calyrex|spa|1
|
|-heal|p1a: Calyrex|54/100|[from] item: Leftovers
|upkeep
|
|t:|1665615905
|switch|p2a: Blissey|Blissey, F|100/100
|turn|10
|
|t:|1665615913
|move|p1a: Calyrex|Max Darkness|p2a: Blissey
|-damage|p2a: Blissey|75/100
|-unboost|p2a: Blissey|spd|1
|move|p2a: Blissey|Thunder Wave|p1a: Calyrex
|-status|p1a: Calyrex|par
|
|-heal|p1a: Calyrex|57/100 par|[from] item: Leftovers
|upkeep
|turn|11
|
|t:|1665615922
|move|p1a: Calyrex|Max Darkness|p2a: Blissey
|-damage|p2a: Blissey|37/100
|-unboost|p2a: Blissey|spd|1
|move|p2a: Blissey|Aromatherapy|p2a: Blissey
|-activate|p2a: Blissey|move: Aromatherapy
|-curestatus|p2: Rayquaza|tox|[msg]
|
|-heal|p1a: Calyrex|60/100 par|[from] item: Leftovers
|upkeep
|-end|p1a: Calyrex|Dynamax
|-heal|p1a: Calyrex|60/100 par|[silent]
|turn|12
|
|t:|1665615937
|move|p1a: Calyrex|Giga Drain|p2a: Blissey
|-damage|p2a: Blissey|10/100
|-heal|p1a: Calyrex|86/100 par|[from] drain|[of] p2a: Blissey
|move|p2a: Blissey|Soft-Boiled|p2a: Blissey
|-heal|p2a: Blissey|60/100
|
|-heal|p1a: Calyrex|93/100 par|[from] item: Leftovers
|upkeep
|turn|13
|
|t:|1665615950
|move|p1a: Calyrex|Nasty Plot|p1a: Calyrex
|-boost|p1a: Calyrex|spa|2
|move|p2a: Blissey|Soft-Boiled|p2a: Blissey
|-heal|p2a: Blissey|100/100
|
|-heal|p1a: Calyrex|99/100 par|[from] item: Leftovers
|upkeep
|turn|14
|
|t:|1665615957
|switch|p2a: Ho-Oh|Ho-Oh|100/100
|cant|p1a: Calyrex|par
|
|-heal|p1a: Calyrex|100/100 par|[from] item: Leftovers
|upkeep
|turn|15
|
|t:|1665615964
|-start|p2a: Ho-Oh|Dynamax|
|-heal|p2a: Ho-Oh|100/100|[silent]
|move|p1a: Calyrex|Astral Barrage|p2a: Ho-Oh
|-crit|p2a: Ho-Oh
|-damage|p2a: Ho-Oh|22/100
|move|p2a: Ho-Oh|Max Flare|p1a: Calyrex
|-damage|p1a: Calyrex|34/100 par
|-weather|SunnyDay
|
|-weather|SunnyDay|[upkeep]
|-heal|p1a: Calyrex|41/100 par|[from] item: Leftovers
|upkeep
|turn|16
|
|t:|1665615976
|move|p1a: Calyrex|Astral Barrage|p2a: Ho-Oh
|-damage|p2a: Ho-Oh|0 fnt
|faint|p2a: Ho-Oh
|-ability|p1a: Calyrex|Grim Neigh|boost
|-boost|p1a: Calyrex|spa|1
|
|-weather|SunnyDay|[upkeep]
|-heal|p1a: Calyrex|47/100 par|[from] item: Leftovers
|upkeep
|
|t:|1665615978
|switch|p2a: Zacian|Zacian-Crowned|100/100
|-ability|p2a: Zacian|Intrepid Sword|boost
|-boost|p2a: Zacian|atk|1
|turn|17
|
|t:|1665615987
|move|p2a: Zacian|Behemoth Blade|p1a: Calyrex
|-damage|p1a: Calyrex|0 fnt
|faint|p1a: Calyrex
|
|-weather|SunnyDay|[upkeep]
|upkeep
|
|t:|1665615994
|switch|p1a: Zacian|Zacian-Crowned|100/100
|-ability|p1a: Zacian|Intrepid Sword|boost
|-boost|p1a: Zacian|atk|1
|turn|18
|
|t:|1665615999
|move|p2a: Zacian|Behemoth Blade|p1a: Zacian
|-damage|p1a: Zacian|14/100
|move|p1a: Zacian|Behemoth Blade|p2a: Zacian
|-damage|p2a: Zacian|17/100
|
|-weather|SunnyDay|[upkeep]
|upkeep
|turn|19
|
|t:|1665616008
|move|p2a: Zacian|Behemoth Blade|p1a: Zacian
|-damage|p1a: Zacian|0 fnt
|faint|p1a: Zacian
|
|-weather|none
|upkeep
|
|t:|1665616013
|switch|p1a: Yveltal|Yveltal|100/100
|-ability|p1a: Yveltal|Dark Aura
|turn|20
|
|t:|1665616017
|move|p2a: Zacian|Wild Charge|p1a: Yveltal
|-supereffective|p1a: Yveltal
|-damage|p1a: Yveltal|7/100
|-damage|p2a: Zacian|0 fnt|[from] Recoil
|faint|p2a: Zacian
|move|p1a: Yveltal|Knock Off|p2: Zacian|[notarget]
|-fail|p1a: Yveltal
|
|upkeep
|
|t:|1665616021
|switch|p2a: Rayquaza|Rayquaza-Mega|63/100
|-weather|DeltaStream|[from] ability: Delta Stream|[of] p2a: Rayquaza
|turn|21
|
|t:|1665616028
|move|p2a: Rayquaza|Dragon Dance|p2a: Rayquaza
|-boost|p2a: Rayquaza|atk|1
|-boost|p2a: Rayquaza|spe|1
|move|p1a: Yveltal|Toxic|p2a: Rayquaza
|-status|p2a: Rayquaza|tox
|
|-weather|DeltaStream|[upkeep]
|-damage|p2a: Rayquaza|57/100 tox|[from] psn
|upkeep
|turn|22
|
|t:|1665616036
|move|p2a: Rayquaza|Extreme Speed|p1a: Yveltal
|-damage|p1a: Yveltal|0 fnt
|faint|p1a: Yveltal
|-damage|p2a: Rayquaza|47/100 tox|[from] item: Life Orb
|
|-weather|DeltaStream|[upkeep]
|-damage|p2a: Rayquaza|35/100 tox|[from] psn
|upkeep
|c|☆Da noob 6000|GG
|
|t:|1665616046
|switch|p1a: Rayquaza|Rayquaza|100/100
|-ability|p1a: Rayquaza|Air Lock
|turn|23
|
|t:|1665616052
|detailschange|p1a: Rayquaza|Rayquaza-Mega
|-mega|p1a: Rayquaza|Rayquaza|
|move|p2a: Rayquaza|Extreme Speed|p1a: Rayquaza
|-damage|p1a: Rayquaza|26/100
|-damage|p2a: Rayquaza|25/100 tox|[from] item: Life Orb
|move|p1a: Rayquaza|Dragon Claw|p2a: Rayquaza
|-supereffective|p2a: Rayquaza
|-damage|p2a: Rayquaza|0 fnt
|faint|p2a: Rayquaza
|-damage|p1a: Rayquaza|16/100|[from] item: Life Orb
|
|-weather|DeltaStream|[upkeep]
|upkeep
|
|t:|1665616058
|switch|p2a: Blissey|Blissey, F|100/100
|turn|24
|-message|MaleficDon forfeited.
|
|win|Da noob 6000
|raw|Da noob 6000's rating: 1466 &rarr; <strong>1496</strong><br />(+30 for winning)
|raw|MaleficDon's rating: 1652 &rarr; <strong>1622</strong><br />(-30 for losing)
|l|‽MaleficDon
||Ladder isn't responding, score probably updated but might not have (Request timeout).
