|j|☆Glass101
|j|☆Adnan13
|t:|1639449993
|gametype|singles
|player|p1|Glass101|rocketgrunt|1680
|player|p2|Adnan13|265|1977
|teamsize|p1|6
|teamsize|p2|6
|gen|8
|tier|[Gen 8] National Dex AG
|rated|
|rule|HP Percentage Mod: HP is shown in percentages
|rule|Endless Battle Clause: Forcing endless battles is banned
|clearpoke
|poke|p1|Ditto|
|poke|p1|Zacian-*|
|poke|p1|Yveltal|
|poke|p1|Rayquaza|
|poke|p1|Groudon|
|poke|p1|Arceus-*|
|poke|p2|Calyrex-Shadow|
|poke|p2|Groudon|
|poke|p2|Yveltal|
|poke|p2|Ho-Oh|
|poke|p2|Rayquaza|
|poke|p2|Arceus-*|
|teampreview
|inactive|Battle timer is ON: inactive players will automatically lose when time's up. (requested by Glass101)
|
|t:|1639450003
|start
|switch|p1a: :I|Groudon, shiny|100/100
|switch|p2a: Calyrex|Calyrex-Shadow|100/100
|-ability|p2a: Calyrex|As One
|-ability|p2a: Calyrex|Unnerve
|detailschange|p1a: :I|Groudon-Primal, shiny
|-primal|p1a: :I
|-weather|DesolateLand|[from] ability: Desolate Land|[of] p1a: :I
|turn|1
|
|t:|1639450013
|-weather|none
|switch|p1a: Owch|Yveltal, shiny|100/100
|-ability|p1a: Owch|Dark Aura
|move|p2a: Calyrex|Nasty Plot|p2a: Calyrex
|-boost|p2a: Calyrex|spa|2
|
|upkeep
|turn|2
|
|t:|1639450021
|-start|p1a: Owch|Dynamax
|-heal|p1a: Owch|100/100|[silent]
|move|p2a: Calyrex|Baton Pass|p2a: Calyrex
|
|t:|1639450025
|switch|p2a: Arceus|Arceus-Fairy|100/100|[from]move: Baton Pass
|move|p1a: Owch|Max Airstream|p2a: Arceus
|-damage|p2a: Arceus|57/100
|-boost|p1a: Owch|spe|1
|-damage|p1a: Owch|96/100|[from] item: Life Orb
|
|upkeep
|turn|3
|
|t:|1639450034
|move|p1a: Owch|Max Darkness|p2a: Arceus
|-resisted|p2a: Arceus
|-damage|p2a: Arceus|26/100
|-unboost|p2a: Arceus|spd|1
|-damage|p1a: Owch|91/100|[from] item: Life Orb
|move|p2a: Arceus|Recover|p2a: Arceus
|-heal|p2a: Arceus|76/100
|
|upkeep
|turn|4
|
|t:|1639450052
|move|p1a: Owch|Max Airstream|p2a: Arceus
|-damage|p2a: Arceus|11/100
|-boost|p1a: Owch|spe|1
|-damage|p1a: Owch|86/100|[from] item: Life Orb
|move|p2a: Arceus|Recover|p2a: Arceus
|-heal|p2a: Arceus|61/100
|
|-end|p1a: Owch|Dynamax
|-heal|p1a: Owch|86/100|[silent]
|upkeep
|turn|5
|
|t:|1639450063
|move|p1a: Owch|Oblivion Wing|p2a: Arceus
|-damage|p2a: Arceus|23/100
|-heal|p1a: Owch|100/100|[from] drain|[of] p2a: Arceus
|-damage|p1a: Owch|91/100|[from] item: Life Orb
|move|p2a: Arceus|Recover|p2a: Arceus
|-heal|p2a: Arceus|73/100
|
|upkeep
|turn|6
|
|t:|1639450071
|switch|p1a: Boop-|Zacian-Crowned, shiny|100/100
|-ability|p1a: Boop-|Intrepid Sword|boost
|-boost|p1a: Boop-|atk|1
|move|p2a: Arceus|Recover|p2a: Arceus
|-heal|p2a: Arceus|100/100
|
|upkeep
|turn|7
|
|t:|1639450078
|switch|p2a: Ho-Oh|Ho-Oh|100/100
|move|p1a: Boop-|Behemoth Blade|p2a: Ho-Oh
|-resisted|p2a: Ho-Oh
|-damage|p2a: Ho-Oh|68/100
|
|upkeep
|turn|8
|
|t:|1639450083
|switch|p2a: Groudon|Groudon|100/100
|detailschange|p2a: Groudon|Groudon-Primal
|-primal|p2a: Groudon
|-weather|DesolateLand|[from] ability: Desolate Land|[of] p2a: Groudon
|move|p1a: Boop-|Wild Charge|p2a: Groudon
|-immune|p2a: Groudon
|
|-weather|DesolateLand|[upkeep]
|upkeep
|turn|9
|
|t:|1639450093
|switch|p1a: Gas Powered Stick|Rayquaza|100/100
|-ability|p1a: Gas Powered Stick|Air Lock
|move|p2a: Groudon|Overheat|p1a: Gas Powered Stick
|-resisted|p1a: Gas Powered Stick
|-damage|p1a: Gas Powered Stick|69/100
|-unboost|p2a: Groudon|spa|2
|
|-weather|DesolateLand|[upkeep]
|upkeep
|turn|10
|
|t:|1639450102
|detailschange|p1a: Gas Powered Stick|Rayquaza-Mega
|-mega|p1a: Gas Powered Stick|Rayquaza|
|-weather|DeltaStream|[from] ability: Delta Stream|[of] p1a: Gas Powered Stick
|move|p1a: Gas Powered Stick|Surf|p2a: Groudon
|-supereffective|p2a: Groudon
|-damage|p2a: Groudon|0 fnt
|faint|p2a: Groudon
|
|-weather|DeltaStream|[upkeep]
|upkeep
|
|t:|1639450110
|switch|p2a: Calyrex|Calyrex-Shadow|100/100
|-ability|p2a: Calyrex|As One
|-ability|p2a: Calyrex|Unnerve
|turn|11
|
|t:|1639450115
|-weather|none
|switch|p1a: Owch|Yveltal, shiny|91/100
|-ability|p1a: Owch|Dark Aura
|move|p2a: Calyrex|Astral Barrage|p1a: Owch
|-resisted|p1a: Owch
|-damage|p1a: Owch|59/100
|
|upkeep
|turn|12
|
|t:|1639450126
|switch|p2a: Arceus|Arceus-Fairy|100/100
|move|p1a: Owch|Roost|p1a: Owch
|-heal|p1a: Owch|100/100
|-singleturn|p1a: Owch|move: Roost
|
|upkeep
|turn|13
|
|t:|1639450133
|switch|p1a: Boop-|Zacian-Crowned, shiny|100/100
|-ability|p1a: Boop-|Intrepid Sword|boost
|-boost|p1a: Boop-|atk|1
|switch|p2a: Ho-Oh|Ho-Oh|100/100
|
|upkeep
|turn|14
|
|t:|1639450140
|switch|p1a: :I|Groudon-Primal, shiny|100/100
|-weather|DesolateLand|[from] ability: Desolate Land|[of] p1a: :I
|move|p2a: Ho-Oh|Sacred Fire|p1a: :I
|-resisted|p1a: :I
|-damage|p1a: :I|80/100
|
|-weather|DesolateLand|[upkeep]
|upkeep
|turn|15
|
|t:|1639450147
|move|p1a: :I|Stone Edge|p2a: Ho-Oh|[miss]
|-miss|p1a: :I|p2a: Ho-Oh
|move|p2a: Ho-Oh|Toxic|p1a: :I
|-status|p1a: :I|tox
|
|-weather|DesolateLand|[upkeep]
|-damage|p1a: :I|74/100 tox|[from] psn
|upkeep
|turn|16
|
|t:|1639450159
|move|p1a: :I|Stone Edge|p2a: Ho-Oh
|-supereffective|p2a: Ho-Oh
|-damage|p2a: Ho-Oh|0 fnt
|faint|p2a: Ho-Oh
|
|-weather|DesolateLand|[upkeep]
|-damage|p1a: :I|61/100 tox|[from] psn
|upkeep
|c|☆Glass101|Classic miss moment :/
|
|t:|1639450169
|switch|p2a: Calyrex|Calyrex-Shadow|100/100
|-ability|p2a: Calyrex|As One
|-ability|p2a: Calyrex|Unnerve
|turn|17
|
|t:|1639450178
|-weather|none
|switch|p1a: Owch|Yveltal, shiny|100/100
|-ability|p1a: Owch|Dark Aura
|move|p2a: Calyrex|Nasty Plot|p2a: Calyrex
|-boost|p2a: Calyrex|spa|2
|
|upkeep
|turn|18
|
|t:|1639450185
|move|p2a: Calyrex|Baton Pass|p2a: Calyrex
|
|t:|1639450187
|switch|p2a: Yveltal|Yveltal|100/100|[from]move: Baton Pass
|-ability|p2a: Yveltal|Dark Aura
|move|p1a: Owch|Dark Pulse|p2a: Yveltal
|-resisted|p2a: Yveltal
|-damage|p2a: Yveltal|70/100
|-damage|p1a: Owch|91/100|[from] item: Life Orb
|
|upkeep
|turn|19
|
|t:|1639450196
|-start|p2a: Yveltal|Dynamax
|-heal|p2a: Yveltal|70/100|[silent]
|move|p1a: Owch|Roost|p1a: Owch
|-heal|p1a: Owch|100/100
|-singleturn|p1a: Owch|move: Roost
|move|p2a: Yveltal|Max Airstream|p1a: Owch
|-damage|p1a: Owch|0 fnt
|-boost|p2a: Yveltal|spe|1
|faint|p1a: Owch
|-damage|p2a: Yveltal|65/100|[from] item: Life Orb
|
|upkeep
|
|t:|1639450209
|switch|p1a: Boop-|Zacian-Crowned, shiny|100/100
|-ability|p1a: Boop-|Intrepid Sword|boost
|-boost|p1a: Boop-|atk|1
|turn|20
|
|t:|1639450213
|switch|p1a: :I|Groudon-Primal, shiny|61/100 tox
|-weather|DesolateLand|[from] ability: Desolate Land|[of] p1a: :I
|move|p2a: Yveltal|Max Darkness|p1a: :I
|-damage|p1a: :I|0 fnt
|faint|p1a: :I
|-weather|none
|-damage|p2a: Yveltal|60/100|[from] item: Life Orb
|
|upkeep
|
|t:|1639450230
|switch|p1a: Gas Powered Stick|Rayquaza-Mega|69/100
|-weather|DeltaStream|[from] ability: Delta Stream|[of] p1a: Gas Powered Stick
|turn|21
|
|t:|1639450234
|move|p1a: Gas Powered Stick|Endure|p1a: Gas Powered Stick
|-singleturn|p1a: Gas Powered Stick|move: Endure
|move|p2a: Yveltal|Max Darkness|p1a: Gas Powered Stick
|-activate|p1a: Gas Powered Stick|move: Endure
|-damage|p1a: Gas Powered Stick|1/100
|-unboost|p1a: Gas Powered Stick|spd|1
|-damage|p2a: Yveltal|55/100|[from] item: Life Orb
|
|-weather|DeltaStream|[upkeep]
|-end|p2a: Yveltal|Dynamax
|-heal|p2a: Yveltal|55/100|[silent]
|upkeep
|turn|22
|-enditem|p1a: Gas Powered Stick|Custap Berry|[eat]
|-activate|p1a: Gas Powered Stick|item: Custap Berry|[consumed]
|
|t:|1639450245
|move|p1a: Gas Powered Stick|Dragon Ascent|p2a: Yveltal
|-damage|p2a: Yveltal|0 fnt
|-unboost|p1a: Gas Powered Stick|def|1
|-unboost|p1a: Gas Powered Stick|spd|1
|faint|p2a: Yveltal
|
|-weather|DeltaStream|[upkeep]
|upkeep
|
|t:|1639450251
|switch|p2a: Calyrex|Calyrex-Shadow|100/100
|-ability|p2a: Calyrex|As One
|-ability|p2a: Calyrex|Unnerve
|turn|23
|c|☆Glass101|Whups, tbh I was hoping not to kill it lol
|
|t:|1639450257
|-weather|none
|switch|p1a: Just God :/|Arceus|100/100
|move|p2a: Calyrex|Astral Barrage|p1a: Just God :/
|-immune|p1a: Just God :/
|
|upkeep
|turn|24
|
|t:|1639450264
|switch|p2a: Arceus|Arceus-Fairy|100/100
|move|p1a: Just God :/|Shadow Claw|p2a: Arceus
|-damage|p2a: Arceus|84/100
|
|upkeep
|turn|25
|
|t:|1639450270
|move|p2a: Arceus|Toxic|p1a: Just God :/
|-status|p1a: Just God :/|tox
|move|p1a: Just God :/|Swords Dance|p1a: Just God :/
|-boost|p1a: Just God :/|atk|2
|
|-damage|p1a: Just God :/|94/100 tox|[from] psn
|upkeep
|turn|26
|
|t:|1639450279
|move|p1a: Just God :/|Extreme Speed|p2a: Arceus
|-damage|p2a: Arceus|30/100
|move|p2a: Arceus|Judgment|p1a: Just God :/
|-damage|p1a: Just God :/|61/100 tox
|
|-heal|p1a: Just God :/|67/100 tox|[from] item: Leftovers
|-damage|p1a: Just God :/|55/100 tox|[from] psn
|upkeep
|turn|27
|
|t:|1639450287
|move|p1a: Just God :/|Shadow Claw|p2a: Arceus
|-damage|p2a: Arceus|0 fnt
|faint|p2a: Arceus
|
|-heal|p1a: Just God :/|61/100 tox|[from] item: Leftovers
|-damage|p1a: Just God :/|43/100 tox|[from] psn
|upkeep
|
|t:|1639450292
|switch|p2a: Rayquaza|Rayquaza|100/100
|-ability|p2a: Rayquaza|Air Lock
|turn|28
|
|t:|1639450302
|detailschange|p2a: Rayquaza|Rayquaza-Mega
|-mega|p2a: Rayquaza|Rayquaza|
|-weather|DeltaStream|[from] ability: Delta Stream|[of] p2a: Rayquaza
|move|p1a: Just God :/|Extreme Speed|p2a: Rayquaza
|-damage|p2a: Rayquaza|18/100
|move|p2a: Rayquaza|V-create|p1a: Just God :/
|-damage|p1a: Just God :/|0 fnt
|-unboost|p2a: Rayquaza|spe|1
|-unboost|p2a: Rayquaza|def|1
|-unboost|p2a: Rayquaza|spd|1
|faint|p1a: Just God :/
|
|-weather|DeltaStream|[upkeep]
|upkeep
|
|t:|1639450322
|switch|p1a: Boop-|Zacian-Crowned, shiny|100/100
|-ability|p1a: Boop-|Intrepid Sword|boost
|-boost|p1a: Boop-|atk|1
|turn|29
|
|t:|1639450325
|move|p2a: Rayquaza|Extreme Speed|p1a: Boop-
|-resisted|p1a: Boop-
|-damage|p1a: Boop-|84/100
|move|p1a: Boop-|Behemoth Blade|p2a: Rayquaza
|-damage|p2a: Rayquaza|0 fnt
|faint|p2a: Rayquaza
|-weather|none
|
|upkeep
|
|t:|1639450330
|switch|p2a: Calyrex|Calyrex-Shadow|100/100
|-ability|p2a: Calyrex|As One
|-ability|p2a: Calyrex|Unnerve
|turn|30
|
|t:|1639450342
|move|p2a: Calyrex|Astral Barrage|p1a: Boop-
|-damage|p1a: Boop-|11/100
|move|p1a: Boop-|Behemoth Blade|p2a: Calyrex
|-enditem|p2a: Calyrex|Focus Sash
|-damage|p2a: Calyrex|1/100
|
|upkeep
|turn|31
|c|☆Glass101|Huh, never thought it lived a hit
|
|t:|1639450355
|move|p2a: Calyrex|Astral Barrage|p1a: Boop-
|-damage|p1a: Boop-|0 fnt
|faint|p1a: Boop-
|-ability|p2a: Calyrex|Grim Neigh|boost
|-boost|p2a: Calyrex|spa|1
|
|upkeep
|
|t:|1639450363
|switch|p1a: You're Me ^^|Ditto|100/100
|-transform|p1a: You're Me ^^|p2a: Calyrex|[from] ability: Imposter
|turn|32
|c|☆Glass101|Welp thats gg then ^^
|
|t:|1639450368
|move|p1a: You're Me ^^|Astral Barrage|p2a: Calyrex
|-supereffective|p2a: Calyrex
|-damage|p2a: Calyrex|0 fnt
|faint|p2a: Calyrex
|
|win|Glass101
|raw|Glass101's rating: 1680 &rarr; <strong>1714</strong><br />(+34 for winning)
|raw|Adnan13's rating: 1977 &rarr; <strong>1943</strong><br />(-34 for losing)
|c|☆Glass101|Have a nice day!
|l|☆Adnan13
|c|☆Glass101|And holy frick that rating tho-
