|j|☆KeldeoCrowned
|j|☆Pikaslayer2001
|t:|1667154436
|gametype|singles
|player|p1|KeldeoCrowned|#ptpl3medicham|
|player|p2|Pikaslayer2001|brendan-contest|
|teamsize|p1|6
|teamsize|p2|6
|gen|8
|tier|[Gen 8] National Dex AG
|rule|HP Percentage Mod: HP is shown in percentages
|rule|Endless Battle Clause: Forcing endless battles is banned
|clearpoke
|poke|p1|Toxapex, F|
|poke|p1|Clefable, M|
|poke|p1|Quagsire, M|
|poke|p1|Corviknight, F|
|poke|p1|Wailord, M|
|poke|p1|Chansey, F|
|poke|p2|Shuckle, M|
|poke|p2|Lucario, M|
|poke|p2|Gyarados, F|
|poke|p2|Dragapult, M|
|poke|p2|Dracovish|
|poke|p2|Greninja, M|
|teampreview
|c|☆Pikaslayer2001|Gl
|c|☆KeldeoCrowned|u2
|
|t:|1667154455
|start
|switch|p1a: Corviknight|Corviknight, F|100/100
|switch|p2a: The shuckster|Shuckle, M, shiny|100/100
|-ability|p1a: Corviknight|Pressure
|turn|1
|
|t:|1667154459
|move|p1a: Corviknight|Taunt|p2a: The shuckster
|-start|p2a: The shuckster|move: Taunt
|-enditem|p2a: The shuckster|Mental Herb
|-end|p2a: The shuckster|move: Taunt
|move|p2a: The shuckster|Stealth Rock|p1a: Corviknight
|-sidestart|p1: KeldeoCrowned|move: Stealth Rock
|
|upkeep
|turn|2
|
|t:|1667154462
|move|p1a: Corviknight|Taunt|p2a: The shuckster
|-start|p2a: The shuckster|move: Taunt
|move|p2a: The shuckster|Final Gambit|p1a: Corviknight
|-damage|p1a: Corviknight|40/100
|faint|p2a: The shuckster
|
|-heal|p1a: Corviknight|46/100|[from] item: Leftovers
|upkeep
|
|t:|1667154466
|switch|p2a: Fishous Friend|Dracovish|100/100
|turn|3
|
|t:|1667154470
|switch|p1a: Toxapex|Toxapex, F|100/100
|-damage|p1a: Toxapex|88/100|[from] Stealth Rock
|move|p2a: Fishous Friend|Fishious Rend|p1a: Toxapex
|-resisted|p1a: Toxapex
|-damage|p1a: Toxapex|42/100
|-damage|p2a: Fishous Friend|84/100|[from] item: Rocky Helmet|[of] p1a: Toxapex
|
|upkeep
|turn|4
|
|t:|1667154490
|switch|p1a: Wailord|Wailord, M|100/100
|-damage|p1a: Wailord|88/100|[from] Stealth Rock
|move|p2a: Fishous Friend|Fishious Rend|p1a: Wailord
|-resisted|p1a: Wailord
|-damage|p1a: Wailord|4/100
|
|-heal|p1a: Wailord|10/100|[from] item: Leftovers
|upkeep
|turn|5
|
|t:|1667154498
|move|p2a: Fishous Friend|Fishious Rend|p1a: Wailord
|-resisted|p1a: Wailord
|-damage|p1a: Wailord|0 fnt
|faint|p1a: Wailord
|
|upkeep
|
|t:|1667154503
|switch|p1a: Toxapex|Toxapex, F|75/100
|-damage|p1a: Toxapex|62/100|[from] Stealth Rock
|turn|6
|
|t:|1667154512
|switch|p2a: Shinobi|Greninja, M|100/100
|move|p1a: Toxapex|Recover|p1a: Toxapex
|-heal|p1a: Toxapex|100/100
|
|upkeep
|turn|7
|
|t:|1667154517
|switch|p2a: Ocean’s Rage|Gyarados, F, shiny|100/100
|move|p1a: Toxapex|Toxic Spikes|p2a: Ocean’s Rage
|-sidestart|p2: Pikaslayer2001|move: Toxic Spikes
|
|upkeep
|turn|8
|
|t:|1667154528
|move|p2a: Ocean’s Rage|Earthquake|p1a: Toxapex
|-supereffective|p1a: Toxapex
|-damage|p1a: Toxapex|45/100
|-damage|p2a: Ocean’s Rage|91/100|[from] item: Life Orb
|move|p1a: Toxapex|Toxic Spikes|p2a: Ocean’s Rage
|-sidestart|p2: Pikaslayer2001|move: Toxic Spikes
|
|upkeep
|turn|9
|
|t:|1667154545
|switch|p1a: Quagsire|Quagsire, M|100/100
|-damage|p1a: Quagsire|94/100|[from] Stealth Rock
|move|p2a: Ocean’s Rage|Earthquake|p1a: Quagsire
|-damage|p1a: Quagsire|62/100
|-damage|p2a: Ocean’s Rage|81/100|[from] item: Life Orb
|
|-heal|p1a: Quagsire|69/100|[from] item: Leftovers
|upkeep
|turn|10
|
|t:|1667154550
|move|p2a: Ocean’s Rage|Power Whip|p1a: Quagsire
|-supereffective|p1a: Quagsire
|-damage|p1a: Quagsire|0 fnt
|faint|p1a: Quagsire
|-ability|p2a: Ocean’s Rage|Moxie|boost
|-boost|p2a: Ocean’s Rage|atk|1
|-damage|p2a: Ocean’s Rage|71/100|[from] item: Life Orb
|
|upkeep
|
|t:|1667154554
|switch|p1a: Clefable|Clefable, M|100/100
|-damage|p1a: Clefable|88/100|[from] Stealth Rock
|turn|11
|
|t:|1667154556
|-start|p2a: Ocean’s Rage|Dynamax|
|-heal|p2a: Ocean’s Rage|71/100|[silent]
|move|p1a: Clefable|Protect|p1a: Clefable
|-singleturn|p1a: Clefable|Protect
|move|p2a: Ocean’s Rage|Max Geyser|p1a: Clefable
|-zbroken|p1a: Clefable
|-damage|p1a: Clefable|70/100
|-weather|RainDance
|-damage|p2a: Ocean’s Rage|66/100|[from] item: Life Orb
|
|-weather|RainDance|[upkeep]
|-heal|p1a: Clefable|76/100|[from] item: Leftovers
|upkeep
|turn|12
|
|t:|1667154565
|-start|p1a: Clefable|Dynamax|
|-heal|p1a: Clefable|76/100|[silent]
|move|p1a: Clefable|Max Guard||[still]
|-fail|p1a: Clefable
|move|p2a: Ocean’s Rage|Max Geyser|p1a: Clefable
|-damage|p1a: Clefable|27/100
|-damage|p2a: Ocean’s Rage|61/100|[from] item: Life Orb
|
|-weather|RainDance|[upkeep]
|-heal|p1a: Clefable|30/100|[from] item: Leftovers
|upkeep
|turn|13
|
|t:|1667154574
|move|p1a: Clefable|Max Guard|p1a: Clefable
|-singleturn|p1a: Clefable|Max Guard
|move|p2a: Ocean’s Rage|Max Geyser|p1a: Clefable
|-activate|p1a: Clefable|move: Max Guard
|
|-weather|RainDance|[upkeep]
|-heal|p1a: Clefable|33/100|[from] item: Leftovers
|upkeep
|-end|p2a: Ocean’s Rage|Dynamax
|-heal|p2a: Ocean’s Rage|61/100|[silent]
|turn|14
|
|t:|1667154582
|move|p2a: Ocean’s Rage|Bounce||[still]
|-prepare|p2a: Ocean’s Rage|Bounce
|move|p1a: Clefable|Max Starfall|p2a: Ocean’s Rage|[miss]
|-miss|p1a: Clefable|p2a: Ocean’s Rage
|
|-weather|RainDance|[upkeep]
|-heal|p1a: Clefable|36/100|[from] item: Leftovers
|upkeep
|-end|p1a: Clefable|Dynamax
|-heal|p1a: Clefable|36/100|[silent]
|turn|15
|
|t:|1667154586
|move|p1a: Clefable|Protect|p1a: Clefable
|-singleturn|p1a: Clefable|Protect
|move|p2a: Ocean’s Rage|Bounce|p1a: Clefable|[from]lockedmove
|-activate|p1a: Clefable|move: Protect
|
|-weather|none
|-heal|p1a: Clefable|42/100|[from] item: Leftovers
|upkeep
|turn|16
|
|t:|1667154592
|move|p2a: Ocean’s Rage|Waterfall|p1a: Clefable
|-damage|p1a: Clefable|3/100
|-damage|p2a: Ocean’s Rage|51/100|[from] item: Life Orb
|cant|p1a: Clefable|flinch
|
|-heal|p1a: Clefable|9/100|[from] item: Leftovers
|upkeep
|turn|17
|
|t:|1667154601
|move|p1a: Clefable|Protect|p1a: Clefable
|-singleturn|p1a: Clefable|Protect
|move|p2a: Ocean’s Rage|Earthquake|p1a: Clefable
|-activate|p1a: Clefable|move: Protect
|
|-heal|p1a: Clefable|16/100|[from] item: Leftovers
|upkeep
|turn|18
|
|t:|1667154616
|switch|p1a: Chansey|Chansey, F|100/100
|-damage|p1a: Chansey|88/100|[from] Stealth Rock
|move|p2a: Ocean’s Rage|Waterfall|p1a: Chansey
|-damage|p1a: Chansey|38/100
|-damage|p2a: Ocean’s Rage|41/100|[from] item: Life Orb
|
|upkeep
|turn|19
|
|t:|1667154621
|switch|p1a: Toxapex|Toxapex, F|78/100
|-damage|p1a: Toxapex|66/100|[from] Stealth Rock
|move|p2a: Ocean’s Rage|Waterfall|p1a: Toxapex
|-resisted|p1a: Toxapex
|-damage|p1a: Toxapex|43/100
|-damage|p2a: Ocean’s Rage|24/100|[from] item: Rocky Helmet|[of] p1a: Toxapex
|-damage|p2a: Ocean’s Rage|14/100|[from] item: Life Orb
|
|upkeep
|turn|20
|
|t:|1667154624
|switch|p1a: Chansey|Chansey, F|38/100
|-damage|p1a: Chansey|25/100|[from] Stealth Rock
|move|p2a: Ocean’s Rage|Earthquake|p1a: Chansey
|-damage|p1a: Chansey|0 fnt
|faint|p1a: Chansey
|-ability|p2a: Ocean’s Rage|Moxie|boost
|-boost|p2a: Ocean’s Rage|atk|1
|-damage|p2a: Ocean’s Rage|4/100|[from] item: Life Orb
|
|upkeep
|
|t:|1667154630
|switch|p1a: Corviknight|Corviknight, F|46/100
|-damage|p1a: Corviknight|33/100|[from] Stealth Rock
|-ability|p1a: Corviknight|Pressure
|turn|21
|
|t:|1667154634
|switch|p1a: Toxapex|Toxapex, F|76/100
|-damage|p1a: Toxapex|63/100|[from] Stealth Rock
|move|p2a: Ocean’s Rage|Waterfall|p1a: Toxapex
|-resisted|p1a: Toxapex
|-damage|p1a: Toxapex|33/100
|-damage|p2a: Ocean’s Rage|0 fnt|[from] item: Rocky Helmet|[of] p1a: Toxapex
|faint|p2a: Ocean’s Rage
|
|upkeep
|
|t:|1667154637
|switch|p2a: Shinobi|Greninja, M|100/100
|-status|p2a: Shinobi|tox
|turn|22
|
|t:|1667154642
|switch|p1a: Corviknight|Corviknight, F|33/100
|-damage|p1a: Corviknight|21/100|[from] Stealth Rock
|-ability|p1a: Corviknight|Pressure
|move|p2a: Shinobi|Dark Pulse|p1a: Corviknight
|-damage|p1a: Corviknight|0 fnt
|faint|p1a: Corviknight
|-activate|p2a: Shinobi|ability: Battle Bond
|detailschange|p2a: Shinobi|Greninja-Ash, M
|-damage|p2a: Shinobi|91/100 tox|[from] item: Life Orb
|
|-damage|p2a: Shinobi|85/100 tox|[from] psn
|upkeep
|
|t:|1667154645
|switch|p1a: Toxapex|Toxapex, F|66/100
|-damage|p1a: Toxapex|54/100|[from] Stealth Rock
|turn|23
|
|t:|1667154648
|move|p2a: Shinobi|Dark Pulse|p1a: Toxapex
|-damage|p1a: Toxapex|7/100
|-damage|p2a: Shinobi|75/100 tox|[from] item: Life Orb
|move|p1a: Toxapex|Recover|p1a: Toxapex
|-heal|p1a: Toxapex|57/100
|
|-damage|p2a: Shinobi|63/100 tox|[from] psn
|upkeep
|turn|24
|
|t:|1667154655
|switch|p2a: Dragapult|Dragapult, M|100/100
|-status|p2a: Dragapult|tox
|move|p1a: Toxapex|Recover|p1a: Toxapex
|-heal|p1a: Toxapex|100/100
|
|-damage|p2a: Dragapult|95/100 tox|[from] psn
|upkeep
|turn|25
|
|t:|1667154659
|move|p2a: Dragapult|Substitute|p2a: Dragapult
|-start|p2a: Dragapult|Substitute
|-damage|p2a: Dragapult|70/100 tox
|move|p1a: Toxapex|Recover||[still]
|-fail|p1a: Toxapex|heal
|
|-damage|p2a: Dragapult|58/100 tox|[from] psn
|upkeep
|turn|26
|
|t:|1667154662
|move|p2a: Dragapult|Dragon Dance|p2a: Dragapult
|-boost|p2a: Dragapult|atk|1
|-boost|p2a: Dragapult|spe|1
|move|p1a: Toxapex|Haze|p1a: Toxapex
|-clearallboost
|
|-damage|p2a: Dragapult|40/100 tox|[from] psn
|upkeep
|turn|27
|
|t:|1667154666
|-zpower|p2a: Dragapult
|move|p2a: Dragapult|Never-Ending Nightmare|p1a: Toxapex|[zeffect]
|-damage|p1a: Toxapex|48/100
|move|p1a: Toxapex|Recover|p1a: Toxapex
|-heal|p1a: Toxapex|98/100
|
|-damage|p2a: Dragapult|16/100 tox|[from] psn
|upkeep
|turn|28
|
|t:|1667154674
|move|p2a: Dragapult|Dragon Darts|p1a: Toxapex
|-damage|p1a: Toxapex|82/100
|-anim|p2a: Dragapult|Dragon Darts|p1a: Toxapex
|-damage|p1a: Toxapex|68/100
|move|p1a: Toxapex|Recover|p1a: Toxapex
|-heal|p1a: Toxapex|100/100
|
|-damage|p2a: Dragapult|0 fnt|[from] psn
|faint|p2a: Dragapult
|upkeep
|
|t:|1667154676
|switch|p2a: Anubis|Lucario, M, shiny|100/100
|turn|29
|
|t:|1667154680
|detailschange|p2a: Anubis|Lucario-Mega, M, shiny
|-mega|p2a: Anubis|Lucario|Lucarionite
|move|p2a: Anubis|Swords Dance|p2a: Anubis
|-boost|p2a: Anubis|atk|2
|move|p1a: Toxapex|Haze|p1a: Toxapex
|-clearallboost
|
|upkeep
|turn|30
|
|t:|1667154683
|move|p2a: Anubis|Swords Dance|p2a: Anubis
|-boost|p2a: Anubis|atk|2
|move|p1a: Toxapex|Haze|p1a: Toxapex
|-clearallboost
|
|upkeep
|turn|31
|
|t:|1667154687
|move|p2a: Anubis|Meteor Mash|p1a: Toxapex|[miss]
|-miss|p2a: Anubis|p1a: Toxapex
|move|p1a: Toxapex|Haze|p1a: Toxapex
|-clearallboost
|
|upkeep
|turn|32
|
|t:|1667154690
|move|p2a: Anubis|Swords Dance|p2a: Anubis
|-boost|p2a: Anubis|atk|2
|move|p1a: Toxapex|Haze|p1a: Toxapex
|-clearallboost
|
|upkeep
|turn|33
|
|t:|1667154693
|move|p2a: Anubis|Meteor Mash|p1a: Toxapex
|-resisted|p1a: Toxapex
|-damage|p1a: Toxapex|81/100
|-boost|p2a: Anubis|atk|1
|-damage|p2a: Anubis|84/100|[from] item: Rocky Helmet|[of] p1a: Toxapex
|move|p1a: Toxapex|Haze|p1a: Toxapex
|-clearallboost
|
|upkeep
|turn|34
|
|t:|1667154701
|move|p2a: Anubis|Swords Dance|p2a: Anubis
|-boost|p2a: Anubis|atk|2
|move|p1a: Toxapex|Haze|p1a: Toxapex
|-clearallboost
|
|upkeep
|turn|35
|
|t:|1667154703
|move|p2a: Anubis|Swords Dance|p2a: Anubis
|-boost|p2a: Anubis|atk|2
|move|p1a: Toxapex|Haze|p1a: Toxapex
|-clearallboost
|
|upkeep
|turn|36
|
|t:|1667154705
|switch|p2a: Shinobi|Greninja-Ash, M|63/100 tox
|move|p1a: Toxapex|Haze|p1a: Toxapex
|-clearallboost
|
|-damage|p2a: Shinobi|57/100 tox|[from] psn
|upkeep
|turn|37
|
|t:|1667154708
|move|p2a: Shinobi|Dark Pulse|p1a: Toxapex
|-damage|p1a: Toxapex|26/100
|-damage|p2a: Shinobi|47/100 tox|[from] item: Life Orb
|move|p1a: Toxapex|Recover|p1a: Toxapex
|-heal|p1a: Toxapex|76/100
|
|-damage|p2a: Shinobi|35/100 tox|[from] psn
|upkeep
|turn|38
|
|t:|1667154715
|move|p2a: Shinobi|Dark Pulse|p1a: Toxapex
|-damage|p1a: Toxapex|23/100
|-damage|p2a: Shinobi|25/100 tox|[from] item: Life Orb
|cant|p1a: Toxapex|flinch
|
|-damage|p2a: Shinobi|8/100 tox|[from] psn
|upkeep
|turn|39
|
|t:|1667154723
|switch|p2a: Anubis|Lucario-Mega, M, shiny|84/100
|switch|p1a: Clefable|Clefable, M|16/100
|-damage|p1a: Clefable|3/100|[from] Stealth Rock
|
|-heal|p1a: Clefable|9/100|[from] item: Leftovers
|upkeep
|turn|40
|
|t:|1667154732
|move|p2a: Anubis|Swords Dance|p2a: Anubis
|-boost|p2a: Anubis|atk|2
|move|p1a: Clefable|Moonblast|p2a: Anubis
|-damage|p2a: Anubis|34/100
|
|-heal|p1a: Clefable|15/100|[from] item: Leftovers
|upkeep
|turn|41
|
|t:|1667154738
|switch|p1a: Toxapex|Toxapex, F|56/100
|-damage|p1a: Toxapex|44/100|[from] Stealth Rock
|move|p2a: Anubis|Meteor Mash|p1a: Toxapex
|-resisted|p1a: Toxapex
|-damage|p1a: Toxapex|6/100
|-damage|p2a: Anubis|18/100|[from] item: Rocky Helmet|[of] p1a: Toxapex
|
|upkeep
|turn|42
|
|t:|1667154748
|move|p2a: Anubis|Close Combat|p1a: Toxapex
|-resisted|p1a: Toxapex
|-damage|p1a: Toxapex|0 fnt
|-unboost|p2a: Anubis|def|1
|-unboost|p2a: Anubis|spd|1
|-damage|p2a: Anubis|1/100|[from] item: Rocky Helmet|[of] p1a: Toxapex
|faint|p1a: Toxapex
|
|upkeep
|
|t:|1667154751
|switch|p1a: Clefable|Clefable, M|15/100
|-damage|p1a: Clefable|3/100|[from] Stealth Rock
|turn|43
|c|☆Pikaslayer2001|Ggs
|c|☆KeldeoCrowned|is this bo1 or bo3?
|
|t:|1667154768
|move|p2a: Anubis|Bullet Punch|p1a: Clefable
|-supereffective|p1a: Clefable
|-damage|p1a: Clefable|0 fnt
|faint|p1a: Clefable
|
|win|Pikaslayer2001
|c|☆Pikaslayer2001|I honestly don’t know
|c|☆Pikaslayer2001|let me check really auick
