|j|☆yoooyooyo
|j|☆Alice_Finnemore
|t:|1662002750
|gametype|singles
|player|p1|yoooyooyo|170|1781
|player|p2|Alice_Finnemore|cynthia-masters|1862
|teamsize|p1|6
|teamsize|p2|6
|gen|8
|tier|[Gen 8] National Dex AG
|rated|
|rule|HP Percentage Mod: HP is shown in percentages
|rule|Endless Battle Clause: Forcing endless battles is banned
|clearpoke
|poke|p1|Forretress, F|
|poke|p1|Calyrex-Shadow|
|poke|p1|Houndoom, M|
|poke|p1|Regieleki|
|poke|p1|Marshadow|
|poke|p1|Kyogre|
|poke|p2|Diancie|
|poke|p2|Ho-Oh|
|poke|p2|Giratina-Origin|
|poke|p2|Yveltal|
|poke|p2|Groudon|
|poke|p2|Arceus-*|
|teampreview
|inactive|Battle timer is ON: inactive players will automatically lose when time's up. (requested by Alice_Finnemore)
|
|t:|1662002772
|start
|switch|p1a: Calyrex|Calyrex-Shadow|100/100
|switch|p2a: Diancie|Diancie|100/100
|-ability|p1a: Calyrex|As One
|-ability|p1a: Calyrex|Unnerve
|turn|1
|
|t:|1662002780
|detailschange|p2a: Diancie|Diancie-Mega
|-mega|p2a: Diancie|Diancie|Diancite
|move|p2a: Diancie|Protect|p2a: Diancie
|-singleturn|p2a: Diancie|Protect
|move|p1a: Calyrex|Substitute|p1a: Calyrex
|-start|p1a: Calyrex|Substitute
|-damage|p1a: Calyrex|76/100
|
|-heal|p1a: Calyrex|82/100|[from] item: Leftovers
|upkeep
|turn|2
|
|t:|1662002785
|switch|p2a: Yveltal|Yveltal|100/100
|-ability|p2a: Yveltal|Dark Aura
|move|p1a: Calyrex|Astral Barrage|p2a: Yveltal
|-resisted|p2a: Yveltal
|-damage|p2a: Yveltal|70/100
|
|-heal|p1a: Calyrex|88/100|[from] item: Leftovers
|-heal|p2a: Yveltal|76/100|[from] item: Leftovers
|upkeep
|turn|3
|
|t:|1662002787
|move|p1a: Calyrex|Leech Seed|p2a: Yveltal
|-start|p2a: Yveltal|move: Leech Seed
|move|p2a: Yveltal|Knock Off|p1a: Calyrex
|-supereffective|p1a: Calyrex
|-end|p1a: Calyrex|Substitute
|
|-heal|p1a: Calyrex|94/100|[from] item: Leftovers
|-heal|p2a: Yveltal|82/100|[from] item: Leftovers
|-damage|p2a: Yveltal|70/100|[from] Leech Seed|[of] p1a: Calyrex
|-heal|p1a: Calyrex|100/100|[silent]
|upkeep
|turn|4
|
|t:|1662002790
|switch|p2a: Ho-Oh|Ho-Oh|100/100
|move|p1a: Calyrex|Substitute|p1a: Calyrex
|-start|p1a: Calyrex|Substitute
|-damage|p1a: Calyrex|76/100
|
|-heal|p1a: Calyrex|82/100|[from] item: Leftovers
|upkeep
|turn|5
|
|t:|1662002793
|switch|p2a: Yveltal|Yveltal|70/100
|-ability|p2a: Yveltal|Dark Aura
|move|p1a: Calyrex|Leech Seed|p2a: Yveltal
|-start|p2a: Yveltal|move: Leech Seed
|
|-heal|p1a: Calyrex|88/100|[from] item: Leftovers
|-heal|p2a: Yveltal|76/100|[from] item: Leftovers
|-damage|p2a: Yveltal|63/100|[from] Leech Seed|[of] p1a: Calyrex
|-heal|p1a: Calyrex|100/100|[silent]
|upkeep
|turn|6
|
|t:|1662002797
|move|p1a: Calyrex|Astral Barrage|p2a: Yveltal
|-resisted|p2a: Yveltal
|-damage|p2a: Yveltal|33/100
|move|p2a: Yveltal|Knock Off|p1a: Calyrex
|-supereffective|p1a: Calyrex
|-end|p1a: Calyrex|Substitute
|
|-heal|p2a: Yveltal|39/100|[from] item: Leftovers
|-damage|p2a: Yveltal|27/100|[from] Leech Seed|[of] p1a: Calyrex
|upkeep
|turn|7
|
|t:|1662002801
|move|p1a: Calyrex|Substitute|p1a: Calyrex
|-start|p1a: Calyrex|Substitute
|-damage|p1a: Calyrex|76/100
|move|p2a: Yveltal|Roost|p2a: Yveltal
|-heal|p2a: Yveltal|77/100
|-singleturn|p2a: Yveltal|move: Roost
|
|-heal|p1a: Calyrex|82/100|[from] item: Leftovers
|-heal|p2a: Yveltal|83/100|[from] item: Leftovers
|-damage|p2a: Yveltal|70/100|[from] Leech Seed|[of] p1a: Calyrex
|-heal|p1a: Calyrex|96/100|[silent]
|upkeep
|turn|8
|
|t:|1662002804
|move|p1a: Calyrex|Astral Barrage|p2a: Yveltal
|-resisted|p2a: Yveltal
|-damage|p2a: Yveltal|37/100
|move|p2a: Yveltal|Knock Off|p1a: Calyrex
|-supereffective|p1a: Calyrex
|-end|p1a: Calyrex|Substitute
|
|-heal|p1a: Calyrex|100/100|[from] item: Leftovers
|-heal|p2a: Yveltal|43/100|[from] item: Leftovers
|-damage|p2a: Yveltal|30/100|[from] Leech Seed|[of] p1a: Calyrex
|upkeep
|turn|9
|
|t:|1662002810
|move|p2a: Yveltal|Sucker Punch||[still]
|-fail|p2a: Yveltal
|move|p1a: Calyrex|Substitute|p1a: Calyrex
|-start|p1a: Calyrex|Substitute
|-damage|p1a: Calyrex|76/100
|
|-heal|p1a: Calyrex|82/100|[from] item: Leftovers
|-heal|p2a: Yveltal|36/100|[from] item: Leftovers
|-damage|p2a: Yveltal|24/100|[from] Leech Seed|[of] p1a: Calyrex
|-heal|p1a: Calyrex|96/100|[silent]
|upkeep
|turn|10
|
|t:|1662002813
|move|p2a: Yveltal|Sucker Punch|p1a: Calyrex
|-supereffective|p1a: Calyrex
|-end|p1a: Calyrex|Substitute
|move|p1a: Calyrex|Astral Barrage|p2a: Yveltal
|-resisted|p2a: Yveltal
|-damage|p2a: Yveltal|0 fnt
|faint|p2a: Yveltal
|-ability|p1a: Calyrex|Grim Neigh|boost
|-boost|p1a: Calyrex|spa|1
|
|-heal|p1a: Calyrex|100/100|[from] item: Leftovers
|upkeep
|
|t:|1662002817
|switch|p2a: Ho-Oh|Ho-Oh|100/100
|turn|11
|
|t:|1662002826
|-start|p2a: Ho-Oh|Dynamax|
|-heal|p2a: Ho-Oh|100/100|[silent]
|move|p1a: Calyrex|Astral Barrage|p2a: Ho-Oh
|-damage|p2a: Ho-Oh|67/100
|move|p2a: Ho-Oh|Max Airstream|p1a: Calyrex
|-damage|p1a: Calyrex|0 fnt
|-boost|p2a: Ho-Oh|spe|1
|faint|p1a: Calyrex
|
|upkeep
|inactive|yoooyooyo has 120 seconds left.
|
|t:|1662002856
|switch|p1a: Regieleki|Regieleki|100/100
|turn|12
|inactive|yoooyooyo has 120 seconds left.
|
|t:|1662002884
|-start|p1a: Regieleki|Dynamax|
|-heal|p1a: Regieleki|100/100|[silent]
|move|p1a: Regieleki|Max Strike|p2a: Ho-Oh
|-damage|p2a: Ho-Oh|47/100
|-unboost|p2a: Ho-Oh|spe|1
|-damage|p1a: Regieleki|96/100|[from] item: Life Orb
|move|p2a: Ho-Oh|Max Airstream|p1a: Regieleki
|-resisted|p1a: Regieleki
|-damage|p1a: Regieleki|56/100
|-boost|p2a: Ho-Oh|spe|1
|
|upkeep
|turn|13
|
|t:|1662002894
|-end|p2a: Ho-Oh|Dynamax
|-heal|p2a: Ho-Oh|47/100|[silent]
|switch|p2a: Groudon|Groudon|100/100
|detailschange|p2a: Groudon|Groudon-Primal
|-primal|p2a: Groudon
|-weather|DesolateLand|[from] ability: Desolate Land|[of] p2a: Groudon
|move|p1a: Regieleki|Max Lightning|p2a: Groudon
|-immune|p2a: Groudon
|
|-weather|DesolateLand|[upkeep]
|upkeep
|turn|14
|
|t:|1662002900
|-end|p1a: Regieleki|Dynamax
|-heal|p1a: Regieleki|57/100|[silent]
|switch|p1a: Forretress|Forretress, F|100/100
|-weather|none
|switch|p2a: Giratina|Giratina-Origin|100/100
|
|upkeep
|turn|15
|inactive|yoooyooyo has 120 seconds left.
|
|t:|1662002906
|switch|p2a: Diancie|Diancie-Mega|100/100
|move|p1a: Forretress|Toxic Spikes|p2a: Diancie
|move|p2a: Diancie|Toxic Spikes|p1a: Forretress|[from]ability: Magic Bounce
|-sidestart|p1: yoooyooyo|move: Toxic Spikes
|
|upkeep
|turn|16
|
|t:|1662002911
|move|p2a: Diancie|Earth Power|p1a: Forretress
|-damage|p1a: Forretress|44/100
|move|p1a: Forretress|Rapid Spin|p2a: Diancie
|-resisted|p2a: Diancie
|-damage|p2a: Diancie|94/100
|-boost|p1a: Forretress|spe|1
|-sideend|p1: yoooyooyo|Toxic Spikes|[from] move: Rapid Spin|[of] p1a: Forretress
|
|upkeep
|turn|17
|
|t:|1662002928
|move|p2a: Diancie|Diamond Storm|p1a: Forretress
|-crit|p1a: Forretress
|-damage|p1a: Forretress|0 fnt
|-boost|p2a: Diancie|def|2
|faint|p1a: Forretress
|
|upkeep
|
|t:|1662002930
|switch|p1a: Kyogre|Kyogre|100/100
|-weather|RainDance|[from] ability: Drizzle|[of] p1a: Kyogre
|turn|18
|inactive|yoooyooyo has 120 seconds left.
|
|t:|1662002956
|move|p2a: Diancie|Protect|p2a: Diancie
|-singleturn|p2a: Diancie|Protect
|move|p1a: Kyogre|Ice Beam|p2a: Diancie
|-activate|p2a: Diancie|move: Protect
|
|-weather|RainDance|[upkeep]
|upkeep
|turn|19
|inactive|yoooyooyo has 120 seconds left.
|j| OtherW0rld
|
|t:|1662002979
|move|p1a: Kyogre|Ice Beam|p2a: Diancie
|-damage|p2a: Diancie|47/100
|move|p2a: Diancie|Moonblast|p1a: Kyogre
|-damage|p1a: Kyogre|54/100
|
|-weather|RainDance|[upkeep]
|upkeep
|turn|20
|
|t:|1662002985
|switch|p2a: Ho-Oh|Ho-Oh|80/100
|move|p1a: Kyogre|Ice Beam|p2a: Ho-Oh
|-damage|p2a: Ho-Oh|60/100
|
|-weather|RainDance|[upkeep]
|upkeep
|turn|21
|inactive|yoooyooyo has 120 seconds left.
|
|t:|1662002991
|switch|p1a: Regieleki|Regieleki|57/100
|move|p2a: Ho-Oh|Brave Bird|p1a: Regieleki
|-resisted|p1a: Regieleki
|-damage|p1a: Regieleki|0 fnt
|faint|p1a: Regieleki
|-damage|p2a: Ho-Oh|47/100|[from] Recoil
|
|-weather|RainDance|[upkeep]
|upkeep
|inactive|yoooyooyo has 120 seconds left.
|
|t:|1662003004
|switch|p1a: Marshadow|Marshadow|100/100
|turn|22
|
|t:|1662003011
|switch|p2a: Arceus|Arceus-Ice|100/100
|move|p1a: Marshadow|Poltergeist|p2a: Arceus
|-activate|p2a: Arceus|move: Poltergeist|Icicle Plate
|-damage|p2a: Arceus|43/100
|-damage|p1a: Marshadow|91/100|[from] item: Life Orb
|
|-weather|none
|upkeep
|turn|23
|
|t:|1662003019
|move|p1a: Marshadow|Substitute|p1a: Marshadow
|-start|p1a: Marshadow|Substitute
|-damage|p1a: Marshadow|66/100
|move|p2a: Arceus|Judgment|p1a: Marshadow
|-end|p1a: Marshadow|Substitute
|
|upkeep
|turn|24
|
|t:|1662003022
|move|p1a: Marshadow|Close Combat|p2a: Arceus
|-supereffective|p2a: Arceus
|-damage|p2a: Arceus|0 fnt
|-unboost|p1a: Marshadow|def|1
|-unboost|p1a: Marshadow|spd|1
|faint|p2a: Arceus
|-damage|p1a: Marshadow|56/100|[from] item: Life Orb
|
|upkeep
|
|t:|1662003032
|switch|p2a: Giratina|Giratina-Origin|100/100
|turn|25
|
|t:|1662003037
|switch|p1a: Houndoom|Houndoom, M|100/100
|move|p2a: Giratina|Shadow Sneak|p1a: Houndoom
|-resisted|p1a: Houndoom
|-damage|p1a: Houndoom|80/100
|
|upkeep
|turn|26
|
|t:|1662003048
|switch|p2a: Diancie|Diancie-Mega|47/100
|detailschange|p1a: Houndoom|Houndoom-Mega, M
|-mega|p1a: Houndoom|Houndoom|Houndoominite
|move|p1a: Houndoom|Nasty Plot|p1a: Houndoom
|-boost|p1a: Houndoom|spa|2
|
|upkeep
|turn|27
|
|t:|1662003057
|move|p1a: Houndoom|Dark Pulse|p2a: Diancie
|-resisted|p2a: Diancie
|-damage|p2a: Diancie|0 fnt
|faint|p2a: Diancie
|
|upkeep
|
|t:|1662003059
|switch|p2a: Groudon|Groudon-Primal|100/100
|-weather|DesolateLand|[from] ability: Desolate Land|[of] p2a: Groudon
|turn|28
|
|t:|1662003062
|move|p1a: Houndoom|Dark Pulse|p2a: Groudon
|-damage|p2a: Groudon|0 fnt
|faint|p2a: Groudon
|-weather|none
|
|upkeep
|
|t:|1662003065
|switch|p2a: Ho-Oh|Ho-Oh|80/100
|turn|29
|inactive|yoooyooyo has 120 seconds left.
|
|t:|1662003102
|move|p1a: Houndoom|Dark Pulse|p2a: Ho-Oh
|-damage|p2a: Ho-Oh|32/100
|move|p2a: Ho-Oh|Brave Bird|p1a: Houndoom
|-damage|p1a: Houndoom|0 fnt
|faint|p1a: Houndoom
|-damage|p2a: Ho-Oh|14/100|[from] Recoil
|
|upkeep
|
|t:|1662003109
|switch|p1a: Marshadow|Marshadow|56/100
|turn|30
|
|t:|1662003113
|switch|p2a: Giratina|Giratina-Origin|100/100
|move|p1a: Marshadow|Poltergeist|p2a: Giratina
|-activate|p2a: Giratina|move: Poltergeist|Griseous Orb
|-supereffective|p2a: Giratina
|-damage|p2a: Giratina|0 fnt
|faint|p2a: Giratina
|-damage|p1a: Marshadow|46/100|[from] item: Life Orb
|
|upkeep
|
|t:|1662003116
|switch|p2a: Ho-Oh|Ho-Oh|47/100
|turn|31
|
|t:|1662003121
|move|p1a: Marshadow|Poltergeist|p2a: Ho-Oh
|-activate|p2a: Ho-Oh|move: Poltergeist|Heavy-Duty Boots
|-damage|p2a: Ho-Oh|0 fnt
|faint|p2a: Ho-Oh
|-damage|p1a: Marshadow|36/100|[from] item: Life Orb
|
|win|yoooyooyo
|raw|yoooyooyo's rating: 1781 &rarr; <strong>1806</strong><br />(+25 for winning)
|raw|Alice_Finnemore's rating: 1862 &rarr; <strong>1837</strong><br />(-25 for losing)
|l|☆Alice_Finnemore
||Ladder isn't responding, score probably updated but might not have (Request timeout).
