|j|☆Anayaa ◕‿◕
|j|☆UncleShannon
|t:|1667553484
|gametype|singles
|player|p1|Anayaa ◕‿◕|lass-gen6oras|1509
|player|p2|UncleShannon|101|1808
|teamsize|p1|6
|teamsize|p2|6
|gen|8
|tier|[Gen 8] National Dex AG
|rated|
|rule|HP Percentage Mod: HP is shown in percentages
|rule|Endless Battle Clause: Forcing endless battles is banned
|clearpoke
|poke|p1|Calyrex-Shadow|
|poke|p1|Zacian-*|
|poke|p1|Rayquaza|
|poke|p1|Yveltal|
|poke|p1|Arceus-*|
|poke|p1|Ditto|
|poke|p2|Kyurem-White|
|poke|p2|Tapu Fini|
|poke|p2|Tyranitar, F|
|poke|p2|Arceus-*|
|poke|p2|Salamence, M|
|poke|p2|Necrozma-Dusk-Mane|
|teampreview
|c|☆Anayaa ◕‿◕|hellollllllll=
|inactive|Battle timer is ON: inactive players will automatically lose when time's up. (requested by UncleShannon)
|c|☆UncleShannon|my b
|c|☆UncleShannon|Hello
|j| swimboy npc
|c|☆UncleShannon|Didn't even know I was looking for a battle lol
|
|t:|1667553539
|start
|switch|p1a: Rᴀʏǫᴜᴀᴢᴀ|Rayquaza|100/100
|switch|p2a: Arceus|Arceus-Ground|100/100
|-ability|p1a: Rᴀʏǫᴜᴀᴢᴀ|Air Lock
|turn|1
|j| JiayouOligay666
|inactive|Anayaa ◕‿◕ has 120 seconds left.
|
|t:|1667553584
|detailschange|p1a: Rᴀʏǫᴜᴀᴢᴀ|Rayquaza-Mega
|-mega|p1a: Rᴀʏǫᴜᴀᴢᴀ|Rayquaza|
|-weather|DeltaStream|[from] ability: Delta Stream|[of] p1a: Rᴀʏǫᴜᴀᴢᴀ
|move|p1a: Rᴀʏǫᴜᴀᴢᴀ|Scale Shot|p2a: Arceus
|-damage|p2a: Arceus|91/100
|-damage|p2a: Arceus|81/100
|-crit|p2a: Arceus
|-damage|p2a: Arceus|65/100
|-hitcount|p2a: Arceus|3
|-unboost|p1a: Rᴀʏǫᴜᴀᴢᴀ|def|1
|-boost|p1a: Rᴀʏǫᴜᴀᴢᴀ|spe|1
|move|p2a: Arceus|Ice Beam|p1a: Rᴀʏǫᴜᴀᴢᴀ
|-activate||deltastream
|-supereffective|p1a: Rᴀʏǫᴜᴀᴢᴀ
|-damage|p1a: Rᴀʏǫᴜᴀᴢᴀ|50/100
|
|-weather|DeltaStream|[upkeep]
|upkeep
|turn|2
|c|☆Anayaa ◕‿◕|lol
|
|t:|1667553599
|move|p1a: Rᴀʏǫᴜᴀᴢᴀ|Dragon Ascent|p2a: Arceus
|-damage|p2a: Arceus|20/100
|-unboost|p1a: Rᴀʏǫᴜᴀᴢᴀ|def|1
|-unboost|p1a: Rᴀʏǫᴜᴀᴢᴀ|spd|1
|move|p2a: Arceus|Ice Beam|p1a: Rᴀʏǫᴜᴀᴢᴀ
|-activate||deltastream
|-supereffective|p1a: Rᴀʏǫᴜᴀᴢᴀ
|-damage|p1a: Rᴀʏǫᴜᴀᴢᴀ|0 fnt
|faint|p1a: Rᴀʏǫᴜᴀᴢᴀ
|-weather|none
|
|upkeep
|
|t:|1667553609
|switch|p1a: Cᴀʟʏʀᴇx|Calyrex-Shadow|100/100
|-ability|p1a: Cᴀʟʏʀᴇx|As One
|-ability|p1a: Cᴀʟʏʀᴇx|Unnerve
|turn|3
|
|t:|1667553612
|move|p1a: Cᴀʟʏʀᴇx|Baton Pass|p1a: Cᴀʟʏʀᴇx
|
|t:|1667553615
|switch|p1a: Zᴀɪᴄᴀɴ|Zacian-Crowned|100/100|[from]move: Baton Pass
|-ability|p1a: Zᴀɪᴄᴀɴ|Intrepid Sword|boost
|-boost|p1a: Zᴀɪᴄᴀɴ|atk|1
|move|p2a: Arceus|Judgment|p1a: Zᴀɪᴄᴀɴ
|-supereffective|p1a: Zᴀɪᴄᴀɴ
|-damage|p1a: Zᴀɪᴄᴀɴ|8/100
|
|upkeep
|turn|4
|c|☆UncleShannon|Why go into Zacian?
|
|t:|1667553628
|move|p1a: Zᴀɪᴄᴀɴ|Close Combat|p2a: Arceus
|-damage|p2a: Arceus|0 fnt
|-unboost|p1a: Zᴀɪᴄᴀɴ|def|1
|-unboost|p1a: Zᴀɪᴄᴀɴ|spd|1
|faint|p2a: Arceus
|
|upkeep
|
|t:|1667553632
|switch|p2a: Necrozma|Necrozma-Dusk-Mane|100/100
|turn|5
|
|t:|1667553637
|move|p1a: Zᴀɪᴄᴀɴ|Close Combat|p2a: Necrozma
|-damage|p2a: Necrozma|59/100
|-unboost|p1a: Zᴀɪᴄᴀɴ|def|1
|-unboost|p1a: Zᴀɪᴄᴀɴ|spd|1
|move|p2a: Necrozma|Iron Head|p1a: Zᴀɪᴄᴀɴ
|-damage|p1a: Zᴀɪᴄᴀɴ|0 fnt
|faint|p1a: Zᴀɪᴄᴀɴ
|
|-heal|p2a: Necrozma|65/100|[from] item: Leftovers
|upkeep
|l| JiayouOligay666
|c|☆Anayaa ◕‿◕|misslicck
|
|t:|1667553647
|switch|p1a: Cᴀʟʏʀᴇx|Calyrex-Shadow|100/100
|-ability|p1a: Cᴀʟʏʀᴇx|As One
|-ability|p1a: Cᴀʟʏʀᴇx|Unnerve
|turn|6
|c|☆UncleShannon|Ah
|j| D→luxe
|
|t:|1667553652
|switch|p2a: Tyranitar|Tyranitar, F|100/100
|-weather|Sandstorm|[from] ability: Sand Stream|[of] p2a: Tyranitar
|move|p1a: Cᴀʟʏʀᴇx|Astral Barrage|p2a: Tyranitar
|-resisted|p2a: Tyranitar
|-damage|p2a: Tyranitar|83/100
|
|-weather|Sandstorm|[upkeep]
|-damage|p1a: Cᴀʟʏʀᴇx|94/100|[from] Sandstorm
|-heal|p2a: Tyranitar|90/100|[from] item: Leftovers
|upkeep
|turn|7
|
|t:|1667553666
|move|p1a: Cᴀʟʏʀᴇx|Baton Pass|p1a: Cᴀʟʏʀᴇx
|
|t:|1667553670
|switch|p1a: Aʀᴄᴇᴜs|Arceus-Ground|100/100|[from]move: Baton Pass
|move|p2a: Tyranitar|Roar|p1a: Aʀᴄᴇᴜs
|drag|p1a: Yᴠᴇʟᴛᴀʟ|Yveltal|100/100
|-ability|p1a: Yᴠᴇʟᴛᴀʟ|Dark Aura
|
|-weather|Sandstorm|[upkeep]
|-damage|p1a: Yᴠᴇʟᴛᴀʟ|94/100|[from] Sandstorm
|-heal|p2a: Tyranitar|96/100|[from] item: Leftovers
|upkeep
|turn|8
|
|t:|1667553676
|switch|p1a: Aʀᴄᴇᴜs|Arceus-Ground|100/100
|move|p2a: Tyranitar|Rock Tomb|p1a: Aʀᴄᴇᴜs
|-resisted|p1a: Aʀᴄᴇᴜs
|-damage|p1a: Aʀᴄᴇᴜs|92/100
|-unboost|p1a: Aʀᴄᴇᴜs|spe|1
|
|-weather|Sandstorm|[upkeep]
|-heal|p2a: Tyranitar|100/100|[from] item: Leftovers
|upkeep
|turn|9
|
|t:|1667553680
|switch|p2a: Tapu Fini|Tapu Fini|100/100
|-fieldstart|move: Misty Terrain|[from] ability: Misty Surge|[of] p2a: Tapu Fini
|move|p1a: Aʀᴄᴇᴜs|Ice Beam|p2a: Tapu Fini
|-resisted|p2a: Tapu Fini
|-damage|p2a: Tapu Fini|92/100
|
|-weather|Sandstorm|[upkeep]
|-damage|p2a: Tapu Fini|86/100|[from] Sandstorm
|-heal|p2a: Tapu Fini|92/100|[from] item: Leftovers
|upkeep
|turn|10
|
|t:|1667553684
|move|p2a: Tapu Fini|Whirlpool|p1a: Aʀᴄᴇᴜs
|-supereffective|p1a: Aʀᴄᴇᴜs
|-damage|p1a: Aʀᴄᴇᴜs|78/100
|-activate|p1a: Aʀᴄᴇᴜs|move: Whirlpool|[of] p2a: Tapu Fini
|move|p1a: Aʀᴄᴇᴜs|Judgment|p2a: Tapu Fini
|-damage|p2a: Tapu Fini|57/100
|
|-weather|none
|-heal|p2a: Tapu Fini|63/100|[from] item: Leftovers
|-damage|p1a: Aʀᴄᴇᴜs|66/100|[from] move: Whirlpool|[partiallytrapped]
|upkeep
|turn|11
|
|t:|1667553690
|move|p2a: Tapu Fini|Taunt|p1a: Aʀᴄᴇᴜs
|-start|p1a: Aʀᴄᴇᴜs|move: Taunt
|move|p1a: Aʀᴄᴇᴜs|Judgment|p2a: Tapu Fini
|-damage|p2a: Tapu Fini|25/100
|
|-heal|p2a: Tapu Fini|31/100|[from] item: Leftovers
|-damage|p1a: Aʀᴄᴇᴜs|53/100|[from] move: Whirlpool|[partiallytrapped]
|upkeep
|turn|12
|
|t:|1667553694
|move|p2a: Tapu Fini|Nature's Madness|p1a: Aʀᴄᴇᴜs
|-damage|p1a: Aʀᴄᴇᴜs|27/100
|move|p1a: Aʀᴄᴇᴜs|Judgment|p2a: Tapu Fini
|-damage|p2a: Tapu Fini|0 fnt
|faint|p2a: Tapu Fini
|
|-end|p1a: Aʀᴄᴇᴜs|Whirlpool|[partiallytrapped]|[silent]
|upkeep
|
|t:|1667553698
|switch|p2a: Kyurem|Kyurem-White|100/100
|-ability|p2a: Kyurem|Turboblaze
|turn|13
|
|t:|1667553704
|switch|p1a: Cᴀʟʏʀᴇx|Calyrex-Shadow|94/100
|-ability|p1a: Cᴀʟʏʀᴇx|As One
|-ability|p1a: Cᴀʟʏʀᴇx|Unnerve
|move|p2a: Kyurem|Ice Beam|p1a: Cᴀʟʏʀᴇx
|-damage|p1a: Cᴀʟʏʀᴇx|4/100
|
|-fieldend|Misty Terrain
|upkeep
|turn|14
|
|t:|1667553716
|move|p1a: Cᴀʟʏʀᴇx|Astral Barrage|p2a: Kyurem
|-damage|p2a: Kyurem|30/100
|move|p2a: Kyurem|Ice Beam|p1a: Cᴀʟʏʀᴇx
|-damage|p1a: Cᴀʟʏʀᴇx|0 fnt
|faint|p1a: Cᴀʟʏʀᴇx
|
|upkeep
|
|t:|1667553740
|switch|p1a: Dɪᴛᴛᴏ|Ditto|100/100
|-transform|p1a: Dɪᴛᴛᴏ|p2a: Kyurem|[from] ability: Imposter
|-ability|p1a: Dɪᴛᴛᴏ|Turboblaze
|turn|15
|
|t:|1667553755
|switch|p2a: Tyranitar|Tyranitar, F|100/100
|-weather|Sandstorm|[from] ability: Sand Stream|[of] p2a: Tyranitar
|move|p1a: Dɪᴛᴛᴏ|Fusion Flare|p2a: Tyranitar
|-resisted|p2a: Tyranitar
|-damage|p2a: Tyranitar|91/100
|
|-weather|Sandstorm|[upkeep]
|-damage|p1a: Dɪᴛᴛᴏ|94/100|[from] Sandstorm
|-heal|p2a: Tyranitar|97/100|[from] item: Leftovers
|upkeep
|turn|16
|
|t:|1667553760
|switch|p1a: Aʀᴄᴇᴜs|Arceus-Ground|27/100
|move|p2a: Tyranitar|Rock Tomb|p1a: Aʀᴄᴇᴜs
|-resisted|p1a: Aʀᴄᴇᴜs
|-crit|p1a: Aʀᴄᴇᴜs
|-damage|p1a: Aʀᴄᴇᴜs|15/100
|-unboost|p1a: Aʀᴄᴇᴜs|spe|1
|
|-weather|Sandstorm|[upkeep]
|-heal|p2a: Tyranitar|100/100|[from] item: Leftovers
|upkeep
|turn|17
|
|t:|1667553767
|switch|p2a: Salamence|Salamence, M|100/100
|-ability|p2a: Salamence|Intimidate|boost
|-unboost|p1a: Aʀᴄᴇᴜs|atk|1
|move|p1a: Aʀᴄᴇᴜs|Recover|p1a: Aʀᴄᴇᴜs
|-heal|p1a: Aʀᴄᴇᴜs|65/100
|
|-weather|Sandstorm|[upkeep]
|-damage|p2a: Salamence|94/100|[from] Sandstorm
|upkeep
|turn|18
|
|t:|1667553773
|detailschange|p2a: Salamence|Salamence-Mega, M
|-mega|p2a: Salamence|Salamence|Salamencite
|move|p2a: Salamence|Dragon Dance|p2a: Salamence
|-boost|p2a: Salamence|atk|1
|-boost|p2a: Salamence|spe|1
|move|p1a: Aʀᴄᴇᴜs|Ice Beam|p2a: Salamence
|-supereffective|p2a: Salamence
|-damage|p2a: Salamence|0 fnt
|faint|p2a: Salamence
|
|-weather|Sandstorm|[upkeep]
|upkeep
|
|t:|1667553775
|switch|p2a: Kyurem|Kyurem-White|30/100
|-ability|p2a: Kyurem|Turboblaze
|turn|19
|
|t:|1667553781
|switch|p1a: Dɪᴛᴛᴏ|Ditto|94/100
|-transform|p1a: Dɪᴛᴛᴏ|p2a: Kyurem|[from] ability: Imposter
|-ability|p1a: Dɪᴛᴛᴏ|Turboblaze
|move|p2a: Kyurem|Ice Beam|p1a: Dɪᴛᴛᴏ
|-damage|p1a: Dɪᴛᴛᴏ|3/100
|
|-weather|none
|upkeep
|turn|20
|
|t:|1667553786
|switch|p2a: Tyranitar|Tyranitar, F|100/100
|-weather|Sandstorm|[from] ability: Sand Stream|[of] p2a: Tyranitar
|move|p1a: Dɪᴛᴛᴏ|Draco Meteor|p2a: Tyranitar
|-damage|p2a: Tyranitar|66/100
|-unboost|p1a: Dɪᴛᴛᴏ|spa|2
|
|-weather|Sandstorm|[upkeep]
|-damage|p1a: Dɪᴛᴛᴏ|0 fnt|[from] Sandstorm
|faint|p1a: Dɪᴛᴛᴏ
|-heal|p2a: Tyranitar|73/100|[from] item: Leftovers
|upkeep
|
|t:|1667553791
|switch|p1a: Aʀᴄᴇᴜs|Arceus-Ground|65/100
|turn|21
|
|t:|1667553797
|move|p1a: Aʀᴄᴇᴜs|Judgment|p2a: Tyranitar
|-supereffective|p2a: Tyranitar
|-damage|p2a: Tyranitar|28/100
|move|p2a: Tyranitar|Rock Tomb|p1a: Aʀᴄᴇᴜs
|-resisted|p1a: Aʀᴄᴇᴜs
|-damage|p1a: Aʀᴄᴇᴜs|56/100
|-unboost|p1a: Aʀᴄᴇᴜs|spe|1
|
|-weather|Sandstorm|[upkeep]
|-heal|p2a: Tyranitar|34/100|[from] item: Leftovers
|upkeep
|turn|22
|
|t:|1667553801
|switch|p2a: Necrozma|Necrozma-Dusk-Mane|65/100
|move|p1a: Aʀᴄᴇᴜs|Recover|p1a: Aʀᴄᴇᴜs
|-heal|p1a: Aʀᴄᴇᴜs|100/100
|
|-weather|Sandstorm|[upkeep]
|-heal|p2a: Necrozma|71/100|[from] item: Leftovers
|upkeep
|turn|23
|
|t:|1667553804
|move|p2a: Necrozma|Iron Head|p1a: Aʀᴄᴇᴜs
|-damage|p1a: Aʀᴄᴇᴜs|77/100
|move|p1a: Aʀᴄᴇᴜs|Judgment|p2a: Necrozma
|-supereffective|p2a: Necrozma
|-damage|p2a: Necrozma|5/100
|
|-weather|Sandstorm|[upkeep]
|-heal|p2a: Necrozma|11/100|[from] item: Leftovers
|upkeep
|turn|24
|
|t:|1667553808
|move|p2a: Necrozma|Iron Head|p1a: Aʀᴄᴇᴜs
|-damage|p1a: Aʀᴄᴇᴜs|52/100
|move|p1a: Aʀᴄᴇᴜs|Recover|p1a: Aʀᴄᴇᴜs
|-heal|p1a: Aʀᴄᴇᴜs|100/100
|
|-weather|none
|-heal|p2a: Necrozma|17/100|[from] item: Leftovers
|upkeep
|turn|25
|
|t:|1667553814
|move|p2a: Necrozma|Iron Head|p1a: Aʀᴄᴇᴜs
|-damage|p1a: Aʀᴄᴇᴜs|75/100
|cant|p1a: Aʀᴄᴇᴜs|flinch
|
|-heal|p2a: Necrozma|23/100|[from] item: Leftovers
|upkeep
|turn|26
|
|t:|1667553819
|move|p2a: Necrozma|Iron Head|p1a: Aʀᴄᴇᴜs
|-damage|p1a: Aʀᴄᴇᴜs|53/100
|move|p1a: Aʀᴄᴇᴜs|Recover|p1a: Aʀᴄᴇᴜs
|-heal|p1a: Aʀᴄᴇᴜs|100/100
|
|-heal|p2a: Necrozma|29/100|[from] item: Leftovers
|upkeep
|turn|27
|
|t:|1667553822
|move|p2a: Necrozma|Iron Head|p1a: Aʀᴄᴇᴜs
|-damage|p1a: Aʀᴄᴇᴜs|77/100
|move|p1a: Aʀᴄᴇᴜs|Judgment|p2a: Necrozma
|-supereffective|p2a: Necrozma
|-damage|p2a: Necrozma|0 fnt
|faint|p2a: Necrozma
|
|upkeep
|
|t:|1667553825
|switch|p2a: Kyurem|Kyurem-White|30/100
|-ability|p2a: Kyurem|Turboblaze
|turn|28
|
|t:|1667553829
|move|p2a: Kyurem|Ice Beam|p1a: Aʀᴄᴇᴜs
|-supereffective|p1a: Aʀᴄᴇᴜs
|-damage|p1a: Aʀᴄᴇᴜs|0 fnt
|faint|p1a: Aʀᴄᴇᴜs
|
|upkeep
|
|t:|1667553831
|switch|p1a: Yᴠᴇʟᴛᴀʟ|Yveltal|94/100
|-ability|p1a: Yᴠᴇʟᴛᴀʟ|Dark Aura
|turn|29
|
|t:|1667553834
|-start|p2a: Kyurem|Dynamax|
|-heal|p2a: Kyurem|30/100|[silent]
|move|p1a: Yᴠᴇʟᴛᴀʟ|Sucker Punch|p2a: Kyurem
|-damage|p2a: Kyurem|7/100
|-damage|p1a: Yᴠᴇʟᴛᴀʟ|85/100|[from] item: Life Orb
|move|p2a: Kyurem|Max Hailstorm|p1a: Yᴠᴇʟᴛᴀʟ
|-supereffective|p1a: Yᴠᴇʟᴛᴀʟ
|-damage|p1a: Yᴠᴇʟᴛᴀʟ|0 fnt
|-weather|Hail
|faint|p1a: Yᴠᴇʟᴛᴀʟ
|
|win|UncleShannon
|raw|Anayaa ◕‿◕'s rating: 1509 &rarr; <strong>1503</strong><br />(-6 for losing)
|raw|UncleShannon's rating: 1808 &rarr; <strong>1814</strong><br />(+6 for winning)
|c|☆UncleShannon|g
|c|☆UncleShannon|g
|c|☆Anayaa ◕‿◕|aaah
|c|☆Anayaa ◕‿◕|gg
|l|☆Anayaa ◕‿◕
|c|☆UncleShannon|Have a good night
|l|☆UncleShannon
