|j|☆Crystraco
|j|☆thunderdog_32
|t:|1660691278
|gametype|singles
|player|p1|Crystraco|170|1604
|player|p2|thunderdog_32|red|1514
|teamsize|p1|6
|teamsize|p2|6
|gen|8
|tier|[Gen 8] National Dex AG
|rated|
|rule|HP Percentage Mod: HP is shown in percentages
|rule|Endless Battle Clause: Forcing endless battles is banned
|clearpoke
|poke|p1|Kyogre|
|poke|p1|Excadrill, M|
|poke|p1|Arceus-*|
|poke|p1|Ditto|
|poke|p1|Salamence, M|
|poke|p1|Xerneas-*|
|poke|p2|Charizard, F|
|poke|p2|Urshifu-*, M|
|poke|p2|Landorus-Therian, M|
|poke|p2|Lugia|
|poke|p2|Zacian-*|
|poke|p2|Arceus-*|
|teampreview
|inactive|Battle timer is ON: inactive players will automatically lose when time's up. (requested by thunderdog_32)
|inactive|thunderdog_32 has 120 seconds left.
|
|t:|1660691317
|start
|switch|p1a: Excadrill|Excadrill, M|100/100
|switch|p2a: Landorus|Landorus-Therian, M|100/100
|-ability|p1a: Excadrill|Mold Breaker
|-ability|p2a: Landorus|Intimidate|boost
|-unboost|p1a: Excadrill|atk|1
|turn|1
|inactive|Crystraco has 120 seconds left.
|
|t:|1660691371
|move|p1a: Excadrill|Stealth Rock|p2a: Landorus
|-sidestart|p2: thunderdog_32|move: Stealth Rock
|move|p2a: Landorus|Knock Off|p1a: Excadrill
|-crit|p1a: Excadrill
|-damage|p1a: Excadrill|36/100
|-enditem|p1a: Excadrill|Focus Sash|[from] move: Knock Off|[of] p2a: Landorus
|
|upkeep
|turn|2
|
|t:|1660691377
|move|p1a: Excadrill|Rapid Spin|p2a: Landorus
|-damage|p2a: Landorus|92/100
|-boost|p1a: Excadrill|spe|1
|move|p2a: Landorus|Stealth Rock|p1a: Excadrill
|-sidestart|p1: Crystraco|move: Stealth Rock
|
|-heal|p2a: Landorus|98/100|[from] item: Leftovers
|upkeep
|turn|3
|
|t:|1660691386
|move|p1a: Excadrill|Rapid Spin|p2a: Landorus
|-damage|p2a: Landorus|90/100
|-boost|p1a: Excadrill|spe|1
|-sideend|p1: Crystraco|Stealth Rock|[from] move: Rapid Spin|[of] p1a: Excadrill
|move|p2a: Landorus|Stealth Rock|p1a: Excadrill
|-sidestart|p1: Crystraco|move: Stealth Rock
|
|-heal|p2a: Landorus|96/100|[from] item: Leftovers
|upkeep
|turn|4
|inactive|Crystraco has 120 seconds left.
|
|t:|1660691399
|move|p1a: Excadrill|Rapid Spin|p2a: Landorus
|-damage|p2a: Landorus|88/100
|-boost|p1a: Excadrill|spe|1
|-sideend|p1: Crystraco|Stealth Rock|[from] move: Rapid Spin|[of] p1a: Excadrill
|move|p2a: Landorus|Earthquake|p1a: Excadrill
|-supereffective|p1a: Excadrill
|-damage|p1a: Excadrill|0 fnt
|faint|p1a: Excadrill
|
|-heal|p2a: Landorus|94/100|[from] item: Leftovers
|upkeep
|
|t:|1660691416
|switch|p1a: Salamence|Salamence, M|100/100
|-ability|p1a: Salamence|Intimidate|boost
|-unboost|p2a: Landorus|atk|1
|turn|5
|
|t:|1660691427
|detailschange|p1a: Salamence|Salamence-Mega, M
|-mega|p1a: Salamence|Salamence|Salamencite
|move|p1a: Salamence|Dragon Dance|p1a: Salamence
|-boost|p1a: Salamence|atk|1
|-boost|p1a: Salamence|spe|1
|move|p2a: Landorus|Stealth Rock|p1a: Salamence
|-sidestart|p1: Crystraco|move: Stealth Rock
|
|-heal|p2a: Landorus|99/100|[from] item: Leftovers
|upkeep
|turn|6
|inactive|Crystraco has 120 seconds left.
|
|t:|1660691441
|move|p1a: Salamence|Frustration|p2a: Landorus
|-damage|p2a: Landorus|27/100
|move|p2a: Landorus|U-turn|p1a: Salamence
|-resisted|p1a: Salamence
|-damage|p1a: Salamence|94/100
|
|t:|1660691449
|switch|p2a: Lugia|Lugia|100/100|[from]move: U-turn
|
|upkeep
|turn|7
|inactive|Crystraco has 120 seconds left.
|
|t:|1660691460
|switch|p1a: Kyogre|Kyogre|100/100
|-damage|p1a: Kyogre|88/100|[from] Stealth Rock
|detailschange|p1a: Kyogre|Kyogre-Primal
|-primal|p1a: Kyogre
|-weather|PrimordialSea|[from] ability: Primordial Sea|[of] p1a: Kyogre
|move|p2a: Lugia|Whirlwind|p1a: Kyogre
|-weather|none
|drag|p1a: Salamence|Salamence-Mega, M|94/100
|-damage|p1a: Salamence|69/100|[from] Stealth Rock
|
|upkeep
|turn|8
|
|t:|1660691464
|move|p1a: Salamence|Frustration|p2a: Lugia
|-damage|p2a: Lugia|82/100
|move|p2a: Lugia|Thunder Wave|p1a: Salamence
|-status|p1a: Salamence|par
|
|upkeep
|turn|9
|
|t:|1660691469
|switch|p1a: Kyogre|Kyogre-Primal|88/100
|-damage|p1a: Kyogre|76/100|[from] Stealth Rock
|-weather|PrimordialSea|[from] ability: Primordial Sea|[of] p1a: Kyogre
|move|p2a: Lugia|Roost|p2a: Lugia
|-heal|p2a: Lugia|100/100
|-singleturn|p2a: Lugia|move: Roost
|
|-weather|PrimordialSea|[upkeep]
|upkeep
|turn|10
|
|t:|1660691474
|switch|p2a: Landorus|Landorus-Therian, M|27/100
|-damage|p2a: Landorus|15/100|[from] Stealth Rock
|-ability|p2a: Landorus|Intimidate|boost
|-unboost|p1a: Kyogre|atk|1
|move|p1a: Kyogre|Origin Pulse|p2a: Landorus
|-supereffective|p2a: Landorus
|-damage|p2a: Landorus|0 fnt
|faint|p2a: Landorus
|
|-weather|PrimordialSea|[upkeep]
|upkeep
|
|t:|1660691478
|switch|p2a: Zacian|Zacian-Crowned|100/100
|-damage|p2a: Zacian|94/100|[from] Stealth Rock
|-ability|p2a: Zacian|Intrepid Sword|boost
|-boost|p2a: Zacian|atk|1
|turn|11
|
|t:|1660691484
|-weather|none
|switch|p1a: Salamence|Salamence-Mega, M|69/100 par
|-damage|p1a: Salamence|45/100 par|[from] Stealth Rock
|move|p2a: Zacian|Wild Charge|p1a: Salamence
|-damage|p1a: Salamence|0 fnt
|faint|p1a: Salamence
|-damage|p2a: Zacian|83/100|[from] Recoil
|
|upkeep
|
|t:|1660691487
|switch|p1a: Ditto|Ditto|100/100
|-damage|p1a: Ditto|88/100|[from] Stealth Rock
|-transform|p1a: Ditto|p2a: Zacian|[from] ability: Imposter
|-ability|p1a: Ditto|Intrepid Sword|boost
|-boost|p1a: Ditto|atk|1
|turn|12
|
|t:|1660691494
|switch|p2a: Lugia|Lugia|100/100
|move|p1a: Ditto|Behemoth Blade|p2a: Lugia
|-damage|p2a: Lugia|71/100
|
|upkeep
|turn|13
|
|t:|1660691505
|move|p1a: Ditto|Behemoth Blade|p2a: Lugia
|-damage|p2a: Lugia|3/100
|move|p2a: Lugia|Thunder Wave|p1a: Ditto
|-status|p1a: Ditto|par
|
|upkeep
|turn|14
|
|t:|1660691511
|move|p1a: Ditto|Behemoth Blade|p2a: Lugia
|-damage|p2a: Lugia|0 fnt
|faint|p2a: Lugia
|
|upkeep
|
|t:|1660691519
|switch|p2a: Zacian|Zacian-Crowned|83/100
|-damage|p2a: Zacian|77/100|[from] Stealth Rock
|-ability|p2a: Zacian|Intrepid Sword|boost
|-boost|p2a: Zacian|atk|1
|turn|15
|
|t:|1660691541
|move|p2a: Zacian|Behemoth Blade|p1a: Ditto
|-damage|p1a: Ditto|0 fnt
|faint|p1a: Ditto
|
|upkeep
|
|t:|1660691549
|switch|p1a: Arceus|Arceus|100/100
|-damage|p1a: Arceus|88/100|[from] Stealth Rock
|turn|16
|
|t:|1660691554
|move|p1a: Arceus|Extreme Speed|p2a: Zacian
|-resisted|p2a: Zacian
|-damage|p2a: Zacian|51/100
|move|p2a: Zacian|Close Combat|p1a: Arceus
|-supereffective|p1a: Arceus
|-damage|p1a: Arceus|0 fnt
|-unboost|p2a: Zacian|def|1
|-unboost|p2a: Zacian|spd|1
|faint|p1a: Arceus
|
|upkeep
|
|t:|1660691559
|switch|p1a: Xerneas|Xerneas|100/100
|-damage|p1a: Xerneas|88/100|[from] Stealth Rock
|-ability|p1a: Xerneas|Fairy Aura
|turn|17
|
|t:|1660691572
|move|p1a: Xerneas|Thunderbolt|p2a: Zacian
|-damage|p2a: Zacian|8/100
|-status|p2a: Zacian|par
|move|p2a: Zacian|Behemoth Blade|p1a: Xerneas
|-supereffective|p1a: Xerneas
|-damage|p1a: Xerneas|0 fnt
|faint|p1a: Xerneas
|
|upkeep
|
|t:|1660691577
|switch|p1a: Kyogre|Kyogre-Primal|76/100
|-damage|p1a: Kyogre|64/100|[from] Stealth Rock
|-weather|PrimordialSea|[from] ability: Primordial Sea|[of] p1a: Kyogre
|turn|18
|
|t:|1660691580
|move|p1a: Kyogre|Origin Pulse|p2a: Zacian|[miss]
|-miss|p1a: Kyogre|p2a: Zacian
|cant|p2a: Zacian|par
|
|-weather|PrimordialSea|[upkeep]
|upkeep
|turn|19
|
|t:|1660691590
|move|p1a: Kyogre|Origin Pulse|p2a: Zacian
|-damage|p2a: Zacian|0 fnt
|faint|p2a: Zacian
|
|-weather|PrimordialSea|[upkeep]
|upkeep
|c|☆thunderdog_32|gg
|
|t:|1660691597
|switch|p2a: Urshifu|Urshifu, M|100/100
|-damage|p2a: Urshifu|94/100|[from] Stealth Rock
|turn|20
|
|t:|1660691608
|move|p2a: Urshifu|Wicked Blow|p1a: Kyogre
|-crit|p1a: Kyogre
|-damage|p1a: Kyogre|0 fnt
|faint|p1a: Kyogre
|-weather|none
|
|win|thunderdog_32
|raw|Crystraco's rating: 1612 &rarr; <strong>1587</strong><br />(-25 for losing)
|raw|thunderdog_32's rating: 1514 &rarr; <strong>1539</strong><br />(+25 for winning)
|l|☆Crystraco
||Ladder isn't responding, score probably updated but might not have (Request timeout).
