|j|☆hulkogan
|j|☆CLEAR GEM清瑜
|t:|1645600970
|gametype|singles
|player|p1|hulkogan|266|1628
|player|p2|CLEAR GEM清瑜|skierf|1800
|teamsize|p1|6
|teamsize|p2|6
|gen|8
|tier|[Gen 8] National Dex AG
|rated|
|rule|HP Percentage Mod: HP is shown in percentages
|rule|Endless Battle Clause: Forcing endless battles is banned
|clearpoke
|poke|p1|Zacian-*|
|poke|p1|Necrozma-Dusk-Mane|
|poke|p1|Ho-Oh|
|poke|p1|Groudon|
|poke|p1|Yveltal|
|poke|p1|Rayquaza|
|poke|p2|Rayquaza|
|poke|p2|Groudon|
|poke|p2|Necrozma-Dusk-Mane|
|poke|p2|Arceus-*|
|poke|p2|Arceus-*|
|poke|p2|Arceus-*|
|teampreview
|inactive|Battle timer is ON: inactive players will automatically lose when time's up. (requested by CLEAR GEM清瑜)
|
|t:|1645600982
|start
|switch|p1a: Rayquaza|Rayquaza|100/100
|switch|p2a: 乱杀P古|Arceus-Ground|100/100
|-ability|p1a: Rayquaza|Air Lock
|turn|1
|
|t:|1645600987
|switch|p1a: Ho-Oh|Ho-Oh|100/100
|move|p2a: 乱杀P古|Stealth Rock|p1a: Ho-Oh
|-sidestart|p1: hulkogan|move: Stealth Rock
|
|upkeep
|turn|2
|
|t:|1645600992
|move|p2a: 乱杀P古|Ice Beam|p1a: Ho-Oh
|-damage|p1a: Ho-Oh|84/100
|move|p1a: Ho-Oh|Defog|p2a: 乱杀P古
|-unboost|p2a: 乱杀P古|evasion|1
|-sideend|p1: hulkogan|Stealth Rock|[from] move: Defog|[of] p1a: Ho-Oh
|
|upkeep
|turn|3
|
|t:|1645600995
|switch|p2a: 究极辅助|Arceus-Dark|100/100
|move|p1a: Ho-Oh|Toxic|p2a: 究极辅助
|-status|p2a: 究极辅助|tox
|
|-damage|p2a: 究极辅助|94/100 tox|[from] psn
|upkeep
|turn|4
|
|t:|1645600998
|move|p1a: Ho-Oh|Sacred Fire|p2a: 究极辅助
|-damage|p2a: 究极辅助|68/100 tox
|move|p2a: 究极辅助|Roar|p1a: Ho-Oh
|drag|p1a: Yveltal|Yveltal|100/100
|-ability|p1a: Yveltal|Dark Aura
|
|-damage|p2a: 究极辅助|56/100 tox|[from] psn
|upkeep
|turn|5
|
|t:|1645601008
|switch|p1a: Groudon|Groudon|100/100
|detailschange|p1a: Groudon|Groudon-Primal
|-primal|p1a: Groudon
|-weather|DesolateLand|[from] ability: Desolate Land|[of] p1a: Groudon
|move|p2a: 究极辅助|Judgment|p1a: Groudon
|-damage|p1a: Groudon|66/100
|
|-weather|DesolateLand|[upkeep]
|-damage|p2a: 究极辅助|37/100 tox|[from] psn
|upkeep
|turn|6
|
|t:|1645601011
|move|p2a: 究极辅助|Judgment|p1a: Groudon
|-crit|p1a: Groudon
|-damage|p1a: Groudon|9/100
|move|p1a: Groudon|Stealth Rock|p2a: 究极辅助
|-sidestart|p2: CLEAR GEM清瑜|move: Stealth Rock
|
|-weather|DesolateLand|[upkeep]
|-damage|p2a: 究极辅助|12/100 tox|[from] psn
|upkeep
|turn|7
|
|t:|1645601016
|move|p2a: 究极辅助|Judgment|p1a: Groudon
|-damage|p1a: Groudon|0 fnt
|faint|p1a: Groudon
|-weather|none
|
|-damage|p2a: 究极辅助|0 fnt|[from] psn
|faint|p2a: 究极辅助
|upkeep
|
|t:|1645601023
|switch|p2a: 不会(?)|Groudon|100/100
|switch|p1a: Rayquaza|Rayquaza|100/100
|-ability|p1a: Rayquaza|Air Lock
|-damage|p2a: 不会(?)|94/100|[from] Stealth Rock
|detailschange|p2a: 不会(?)|Groudon-Primal
|-primal|p2a: 不会(?)
|-weather|DesolateLand|[from] ability: Desolate Land|[of] p2a: 不会(?)
|turn|8
|
|t:|1645601026
|detailschange|p1a: Rayquaza|Rayquaza-Mega
|-mega|p1a: Rayquaza|Rayquaza|
|-weather|DeltaStream|[from] ability: Delta Stream|[of] p1a: Rayquaza
|move|p1a: Rayquaza|Surf|p2a: 不会(?)
|-supereffective|p2a: 不会(?)
|-damage|p2a: 不会(?)|0 fnt
|faint|p2a: 不会(?)
|
|-weather|DeltaStream|[upkeep]
|upkeep
|
|t:|1645601037
|switch|p2a: 悬空羊驼|Arceus-Flying|100/100
|-damage|p2a: 悬空羊驼|76/100|[from] Stealth Rock
|turn|9
|
|t:|1645601041
|-start|p2a: 悬空羊驼|Dynamax
|-heal|p2a: 悬空羊驼|76/100|[silent]
|move|p1a: Rayquaza|Dragon Ascent|p2a: 悬空羊驼
|-damage|p2a: 悬空羊驼|43/100
|-unboost|p1a: Rayquaza|def|1
|-unboost|p1a: Rayquaza|spd|1
|move|p2a: 悬空羊驼|Max Airstream|p1a: Rayquaza
|-damage|p1a: Rayquaza|0 fnt
|-boost|p2a: 悬空羊驼|spe|1
|faint|p1a: Rayquaza
|-weather|none
|
|upkeep
|
|t:|1645601045
|switch|p1a: Ho-Oh|Ho-Oh|100/100
|turn|10
|
|t:|1645601051
|move|p2a: 悬空羊驼|Max Airstream|p1a: Ho-Oh
|-damage|p1a: Ho-Oh|53/100
|-boost|p2a: 悬空羊驼|spe|1
|move|p1a: Ho-Oh|Toxic|p2a: 悬空羊驼|[miss]
|-miss|p1a: Ho-Oh|p2a: 悬空羊驼
|
|upkeep
|turn|11
|
|t:|1645601057
|move|p2a: 悬空羊驼|Max Airstream|p1a: Ho-Oh
|-damage|p1a: Ho-Oh|4/100
|-boost|p2a: 悬空羊驼|spe|1
|move|p1a: Ho-Oh|Toxic|p2a: 悬空羊驼
|-status|p2a: 悬空羊驼|tox
|
|-damage|p2a: 悬空羊驼|40/100 tox|[from] psn
|-end|p2a: 悬空羊驼|Dynamax
|-heal|p2a: 悬空羊驼|40/100 tox|[silent]
|upkeep
|turn|12
|
|t:|1645601065
|switch|p1a: Zacian|Zacian-Crowned|100/100
|-ability|p1a: Zacian|Intrepid Sword|boost
|-boost|p1a: Zacian|atk|1
|move|p2a: 悬空羊驼|Judgment|p1a: Zacian
|-resisted|p1a: Zacian
|-damage|p1a: Zacian|68/100
|
|-damage|p2a: 悬空羊驼|28/100 tox|[from] psn
|upkeep
|turn|13
|
|t:|1645601068
|switch|p1a: Ho-Oh|Ho-Oh|37/100
|move|p2a: 悬空羊驼|Earth Power|p1a: Ho-Oh
|-immune|p1a: Ho-Oh
|
|-damage|p2a: 悬空羊驼|10/100 tox|[from] psn
|upkeep
|turn|14
|
|t:|1645601077
|move|p2a: 悬空羊驼|Judgment|p1a: Ho-Oh
|-damage|p1a: Ho-Oh|3/100
|move|p1a: Ho-Oh|Sacred Fire|p2a: 悬空羊驼
|-crit|p2a: 悬空羊驼
|-damage|p2a: 悬空羊驼|0 fnt
|faint|p2a: 悬空羊驼
|
|upkeep
|
|t:|1645601081
|switch|p2a: 烈龙无敌|Rayquaza, shiny|100/100
|-damage|p2a: 烈龙无敌|76/100|[from] Stealth Rock
|-ability|p2a: 烈龙无敌|Air Lock
|turn|15
|
|t:|1645601085
|switch|p1a: Zacian|Zacian-Crowned|68/100
|-ability|p1a: Zacian|Intrepid Sword|boost
|-boost|p1a: Zacian|atk|1
|detailschange|p2a: 烈龙无敌|Rayquaza-Mega, shiny
|-mega|p2a: 烈龙无敌|Rayquaza|
|-weather|DeltaStream|[from] ability: Delta Stream|[of] p2a: 烈龙无敌
|move|p2a: 烈龙无敌|Dragon Dance|p2a: 烈龙无敌
|-boost|p2a: 烈龙无敌|atk|1
|-boost|p2a: 烈龙无敌|spe|1
|
|-weather|DeltaStream|[upkeep]
|upkeep
|turn|16
|
|t:|1645601098
|move|p2a: 烈龙无敌|Earthquake|p1a: Zacian
|-supereffective|p1a: Zacian
|-damage|p1a: Zacian|0 fnt
|faint|p1a: Zacian
|
|-weather|DeltaStream|[upkeep]
|upkeep
|
|t:|1645601101
|switch|p1a: Yveltal|Yveltal|100/100
|-ability|p1a: Yveltal|Dark Aura
|turn|17
|
|t:|1645601107
|-start|p1a: Yveltal|Dynamax
|-heal|p1a: Yveltal|100/100|[silent]
|move|p2a: 烈龙无敌|Dragon Ascent|p1a: Yveltal
|-damage|p1a: Yveltal|29/100
|-unboost|p2a: 烈龙无敌|def|1
|-unboost|p2a: 烈龙无敌|spd|1
|move|p1a: Yveltal|Max Darkness|p2a: 烈龙无敌
|-damage|p2a: 烈龙无敌|0 fnt
|faint|p2a: 烈龙无敌
|-weather|none
|-damage|p1a: Yveltal|24/100|[from] item: Life Orb
|
|upkeep
|
|t:|1645601109
|switch|p2a: 乱杀P古|Arceus-Ground|100/100
|-damage|p2a: 乱杀P古|94/100|[from] Stealth Rock
|turn|18
|
|t:|1645601114
|move|p1a: Yveltal|Max Darkness|p2a: 乱杀P古
|-damage|p2a: 乱杀P古|11/100
|-unboost|p2a: 乱杀P古|spd|1
|-damage|p1a: Yveltal|19/100|[from] item: Life Orb
|move|p2a: 乱杀P古|Ice Beam|p1a: Yveltal
|-supereffective|p1a: Yveltal
|-damage|p1a: Yveltal|0 fnt
|faint|p1a: Yveltal
|
|upkeep
|
|t:|1645601117
|switch|p1a: Ho-Oh|Ho-Oh|36/100
|turn|19
|
|t:|1645601120
|move|p2a: 乱杀P古|Ice Beam|p1a: Ho-Oh
|-damage|p1a: Ho-Oh|17/100
|move|p1a: Ho-Oh|Toxic|p2a: 乱杀P古
|-status|p2a: 乱杀P古|tox
|
|-damage|p2a: 乱杀P古|5/100 tox|[from] psn
|upkeep
|turn|20
|
|t:|1645601124
|switch|p1a: Necrozma|Necrozma-Dusk-Mane|100/100
|move|p2a: 乱杀P古|Ice Beam|p1a: Necrozma
|-resisted|p1a: Necrozma
|-damage|p1a: Necrozma|88/100
|
|-damage|p2a: 乱杀P古|0 fnt|[from] psn
|faint|p2a: 乱杀P古
|upkeep
|
|t:|1645601126
|switch|p2a: 钢铁之躯|Necrozma-Dusk-Mane|100/100
|-damage|p2a: 钢铁之躯|94/100|[from] Stealth Rock
|turn|21
|
|t:|1645601132
|move|p2a: 钢铁之躯|Dragon Dance|p2a: 钢铁之躯
|-boost|p2a: 钢铁之躯|atk|1
|-boost|p2a: 钢铁之躯|spe|1
|move|p1a: Necrozma|Trick Room|p1a: Necrozma
|-fieldstart|move: Trick Room|[of] p1a: Necrozma
|
|upkeep
|turn|22
|
|t:|1645601140
|switch|p1a: Ho-Oh|Ho-Oh|50/100
|move|p2a: 钢铁之躯|Dragon Dance|p2a: 钢铁之躯
|-boost|p2a: 钢铁之躯|atk|1
|-boost|p2a: 钢铁之躯|spe|1
|
|upkeep
|turn|23
|
|t:|1645601148
|move|p1a: Ho-Oh|Sacred Fire|p2a: 钢铁之躯
|-supereffective|p2a: 钢铁之躯
|-damage|p2a: 钢铁之躯|50/100
|move|p2a: 钢铁之躯|Photon Geyser|p1a: Ho-Oh
|-damage|p1a: Ho-Oh|0 fnt
|faint|p1a: Ho-Oh
|
|upkeep
|
|t:|1645601153
|switch|p1a: Necrozma|Necrozma-Dusk-Mane|88/100
|turn|24
|
|t:|1645601157
|detailschange|p2a: 钢铁之躯|Necrozma-Ultra
|-burst|p2a: 钢铁之躯|Necrozma|Ultranecrozium Z
|move|p1a: Necrozma|Earthquake|p2a: 钢铁之躯
|-damage|p2a: 钢铁之躯|12/100
|move|p2a: 钢铁之躯|Earthquake|p1a: Necrozma
|-supereffective|p1a: Necrozma
|-damage|p1a: Necrozma|0 fnt
|faint|p1a: Necrozma
|
|win|CLEAR GEM清瑜
|raw|hulkogan's rating: 1628 &rarr; <strong>1617</strong><br />(-11 for losing)
|raw|CLEAR GEM清瑜's rating: 1800 &rarr; <strong>1811</strong><br />(+11 for winning)
|l|☆hulkogan
