|j|☆EinsteinAlpha25
|j|☆AGCSR4 default0
|inactive|Battle timer is ON: inactive players will automatically lose when time's up.
|t:|1654632939
|gametype|singles
|player|p1|EinsteinAlpha25|lucian|
|player|p2|AGCSR4 default0|skierf-gen4dp|
|teamsize|p1|6
|teamsize|p2|6
|gen|8
|tier|[Gen 8] National Dex AG
|rated|Tournament battle
|rule|HP Percentage Mod: HP is shown in percentages
|rule|Endless Battle Clause: Forcing endless battles is banned
|clearpoke
|poke|p1|Calyrex-Shadow|
|poke|p1|Groudon|
|poke|p1|Rayquaza|
|poke|p1|Greninja, M|
|poke|p1|Zacian-*|
|poke|p1|Necrozma-Dusk-Mane|
|poke|p2|Arceus-*|
|poke|p2|Necrozma-Dusk-Mane|
|poke|p2|Chansey, F|
|poke|p2|Ho-Oh|
|poke|p2|Arceus-*|
|poke|p2|Tornadus-Therian, M|
|teampreview
|inactive|EinsteinAlpha25 also wants the timer to be on.
|j| ogrespout
|j| PlatinumPro22
|j| les tests de jojos
|
|t:|1654632954
|start
|switch|p1a: Groudon|Groudon|100/100
|switch|p2a: Arceus|Arceus-Ground|100/100
|detailschange|p1a: Groudon|Groudon-Primal
|-primal|p1a: Groudon
|-weather|DesolateLand|[from] ability: Desolate Land|[of] p1a: Groudon
|turn|1
|
|t:|1654632957
|-weather|none
|switch|p1a: Rayquaza|Rayquaza|100/100
|-ability|p1a: Rayquaza|Air Lock
|move|p2a: Arceus|Earthquake|p1a: Rayquaza
|-immune|p1a: Rayquaza
|
|upkeep
|turn|2
|
|t:|1654632961
|detailschange|p1a: Rayquaza|Rayquaza-Mega
|-mega|p1a: Rayquaza|Rayquaza|
|-weather|DeltaStream|[from] ability: Delta Stream|[of] p1a: Rayquaza
|move|p2a: Arceus|Will-O-Wisp|p1a: Rayquaza
|-status|p1a: Rayquaza|brn
|move|p1a: Rayquaza|Dragon Dance|p1a: Rayquaza
|-boost|p1a: Rayquaza|atk|1
|-boost|p1a: Rayquaza|spe|1
|
|-weather|DeltaStream|[upkeep]
|-damage|p1a: Rayquaza|95/100 brn|[from] brn
|upkeep
|turn|3
|c| PlatinumPro22|everyone is watching
|
|t:|1654632972
|switch|p2a: Ho-Oh|Ho-Oh|100/100
|move|p1a: Rayquaza|Dragon Dance|p1a: Rayquaza
|-boost|p1a: Rayquaza|atk|1
|-boost|p1a: Rayquaza|spe|1
|
|-weather|DeltaStream|[upkeep]
|-damage|p1a: Rayquaza|89/100 brn|[from] brn
|upkeep
|turn|4
|
|t:|1654632976
|move|p1a: Rayquaza|Dragon Dance|p1a: Rayquaza
|-boost|p1a: Rayquaza|atk|1
|-boost|p1a: Rayquaza|spe|1
|move|p2a: Ho-Oh|Whirlwind|p1a: Rayquaza
|-weather|none
|drag|p1a: Greninja|Greninja, M|100/100
|
|upkeep
|turn|5
|
|t:|1654632982
|-zpower|p1a: Greninja
|move|p1a: Greninja|Hydro Vortex|p2a: Ho-Oh|[zeffect]
|-supereffective|p2a: Ho-Oh
|-damage|p2a: Ho-Oh|34/100
|move|p2a: Ho-Oh|Toxic|p1a: Greninja
|-status|p1a: Greninja|tox
|
|-damage|p1a: Greninja|95/100 tox|[from] psn
|upkeep
|turn|6
|
|t:|1654632986
|switch|p2a: Chansey|Chansey, F|100/100
|move|p1a: Greninja|Scald|p2a: Chansey
|-damage|p2a: Chansey|92/100
|-status|p2a: Chansey|brn
|
|-damage|p1a: Greninja|83/100 tox|[from] psn
|-damage|p2a: Chansey|86/100 brn|[from] brn
|upkeep
|turn|7
|c| PlatinumPro22|ayo
|
|t:|1654632998
|switch|p1a: Zacian|Zacian-Crowned|100/100
|-ability|p1a: Zacian|Intrepid Sword|boost
|-boost|p1a: Zacian|atk|1
|move|p2a: Chansey|Stealth Rock|p1a: Zacian
|-sidestart|p1: EinsteinAlpha25|move: Stealth Rock
|
|-damage|p2a: Chansey|80/100 brn|[from] brn
|upkeep
|turn|8
|
|t:|1654633004
|-curestatus|p2a: Chansey|brn|[from] ability: Natural Cure
|switch|p2a: Necrozma|Necrozma-Dusk-Mane|100/100
|move|p1a: Zacian|Sacred Sword|p2a: Necrozma
|-damage|p2a: Necrozma|69/100
|-damage|p1a: Zacian|84/100|[from] item: Rocky Helmet|[of] p2a: Necrozma
|
|upkeep
|turn|9
|
|t:|1654633020
|switch|p1a: Rayquaza|Rayquaza-Mega|89/100 brn
|-damage|p1a: Rayquaza|64/100 brn|[from] Stealth Rock
|-weather|DeltaStream|[from] ability: Delta Stream|[of] p1a: Rayquaza
|move|p2a: Necrozma|Moonlight|p2a: Necrozma
|-heal|p2a: Necrozma|100/100
|
|-weather|DeltaStream|[upkeep]
|-damage|p1a: Rayquaza|58/100 brn|[from] brn
|upkeep
|turn|10
|
|t:|1654633033
|move|p1a: Rayquaza|Dragon Dance|p1a: Rayquaza
|-boost|p1a: Rayquaza|atk|1
|-boost|p1a: Rayquaza|spe|1
|move|p2a: Necrozma|Sunsteel Strike|p1a: Rayquaza
|-damage|p1a: Rayquaza|10/100 brn
|
|-weather|DeltaStream|[upkeep]
|-damage|p1a: Rayquaza|4/100 brn|[from] brn
|upkeep
|turn|11
|
|t:|1654633040
|move|p1a: Rayquaza|Earthquake|p2a: Necrozma
|-supereffective|p2a: Necrozma
|-damage|p2a: Necrozma|61/100
|-damage|p1a: Rayquaza|0 fnt|[from] item: Life Orb
|faint|p1a: Rayquaza
|-weather|none
|move|p2a: Necrozma|Moonlight|p2a: Necrozma
|-heal|p2a: Necrozma|100/100
|
|upkeep
|j| Astral Orb
|
|t:|1654633048
|switch|p1a: Groudon|Groudon-Primal|100/100
|-damage|p1a: Groudon|88/100|[from] Stealth Rock
|-weather|DesolateLand|[from] ability: Desolate Land|[of] p1a: Groudon
|turn|12
|l| Astral Orb
|
|t:|1654633055
|switch|p2a: Arceus|Arceus-Ground|100/100
|move|p1a: Groudon|Heat Crash|p2a: Arceus
|-damage|p2a: Arceus|41/100
|
|-weather|DesolateLand|[upkeep]
|upkeep
|turn|13
|j| Seakr
|j| Beka
|
|t:|1654633061
|move|p2a: Arceus|Earthquake|p1a: Groudon
|-supereffective|p1a: Groudon
|-damage|p1a: Groudon|15/100
|move|p1a: Groudon|Heat Crash|p2a: Arceus
|-damage|p2a: Arceus|0 fnt
|faint|p2a: Arceus
|
|-weather|DesolateLand|[upkeep]
|upkeep
|l| Beka
|
|t:|1654633070
|switch|p2a: Tornadus|Tornadus-Therian, M|100/100
|turn|14
|
|t:|1654633093
|move|p2a: Tornadus|Heat Wave|p1a: Groudon
|-resisted|p1a: Groudon
|-damage|p1a: Groudon|0 fnt
|faint|p1a: Groudon
|-weather|none
|-damage|p2a: Tornadus|91/100|[from] item: Life Orb
|
|upkeep
|l| PlatinumPro22
|
|t:|1654633102
|switch|p1a: Necrozma|Necrozma-Dusk-Mane|100/100
|-damage|p1a: Necrozma|95/100|[from] Stealth Rock
|turn|15
|l| ogrespout
|j| ogrespout
|
|t:|1654633125
|switch|p2a: Ho-Oh|Ho-Oh|67/100
|move|p1a: Necrozma|Dragon Dance|p1a: Necrozma
|-boost|p1a: Necrozma|atk|1
|-boost|p1a: Necrozma|spe|1
|
|upkeep
|turn|16
|j| AveragePkmnPlayR
|inactive|EinsteinAlpha25 has 120 seconds left.
|
|t:|1654633163
|move|p1a: Necrozma|Sunsteel Strike|p2a: Ho-Oh
|-resisted|p2a: Ho-Oh
|-damage|p2a: Ho-Oh|34/100
|move|p2a: Ho-Oh|Whirlwind|p1a: Necrozma
|drag|p1a: Calyrex|Calyrex-Shadow|100/100
|-ability|p1a: Calyrex|As One
|-ability|p1a: Calyrex|Unnerve
|-damage|p1a: Calyrex|88/100|[from] Stealth Rock
|
|upkeep
|turn|17
|l| Seakr
|
|t:|1654633181
|switch|p2a: Arceus|Arceus-Dark|100/100
|move|p1a: Calyrex|Astral Barrage|p2a: Arceus
|-resisted|p2a: Arceus
|-damage|p2a: Arceus|83/100
|
|upkeep
|turn|18
|
|t:|1654633188
|switch|p1a: Zacian|Zacian-Crowned|84/100
|-damage|p1a: Zacian|78/100|[from] Stealth Rock
|-ability|p1a: Zacian|Intrepid Sword|boost
|-boost|p1a: Zacian|atk|1
|move|p2a: Arceus|Judgment|p1a: Zacian
|-resisted|p1a: Zacian
|-damage|p1a: Zacian|55/100
|
|upkeep
|turn|19
|
|t:|1654633193
|switch|p2a: Necrozma|Necrozma-Dusk-Mane|100/100
|move|p1a: Zacian|Play Rough|p2a: Necrozma
|-resisted|p2a: Necrozma
|-damage|p2a: Necrozma|79/100
|-unboost|p2a: Necrozma|atk|1
|-damage|p1a: Zacian|38/100|[from] item: Rocky Helmet|[of] p2a: Necrozma
|
|upkeep
|turn|20
|
|t:|1654633202
|move|p1a: Zacian|Crunch|p2a: Necrozma
|-supereffective|p2a: Necrozma
|-crit|p2a: Necrozma
|-damage|p2a: Necrozma|20/100
|-unboost|p2a: Necrozma|def|1
|-damage|p1a: Zacian|22/100|[from] item: Rocky Helmet|[of] p2a: Necrozma
|move|p2a: Necrozma|Earthquake|p1a: Zacian
|-supereffective|p1a: Zacian
|-damage|p1a: Zacian|0 fnt
|faint|p1a: Zacian
|
|upkeep
|j| Apprenti Buck
|inactive|EinsteinAlpha25 has 120 seconds left.
|
|t:|1654633212
|switch|p1a: Necrozma|Necrozma-Dusk-Mane|95/100
|-damage|p1a: Necrozma|89/100|[from] Stealth Rock
|turn|21
|
|t:|1654633217
|switch|p2a: Ho-Oh|Ho-Oh|67/100
|move|p1a: Necrozma|Dragon Dance|p1a: Necrozma
|-boost|p1a: Necrozma|atk|1
|-boost|p1a: Necrozma|spe|1
|
|upkeep
|turn|22
|
|t:|1654633222
|-start|p1a: Necrozma|Dynamax|
|-heal|p1a: Necrozma|89/100|[silent]
|move|p1a: Necrozma|Max Steelspike|p2a: Ho-Oh
|-resisted|p2a: Ho-Oh
|-damage|p2a: Ho-Oh|23/100
|-boost|p1a: Necrozma|def|1
|move|p2a: Ho-Oh|Whirlwind|p1a: Necrozma
|-block|p1a: Necrozma|Dynamax
|
|upkeep
|turn|23
|
|t:|1654633230
|switch|p2a: Necrozma|Necrozma-Dusk-Mane|20/100
|move|p1a: Necrozma|Max Steelspike|p2a: Necrozma
|-resisted|p2a: Necrozma
|-damage|p2a: Necrozma|0 fnt
|-boost|p1a: Necrozma|def|1
|faint|p2a: Necrozma
|
|upkeep
|
|t:|1654633238
|switch|p2a: Arceus|Arceus-Dark|83/100
|turn|24
|
|t:|1654633256
|switch|p2a: Tornadus|Tornadus-Therian, M|100/100
|move|p1a: Necrozma|Max Steelspike|p2a: Tornadus
|-damage|p2a: Tornadus|0 fnt
|-boost|p1a: Necrozma|def|1
|faint|p2a: Tornadus
|
|upkeep
|
|t:|1654633262
|switch|p2a: Ho-Oh|Ho-Oh|56/100
|-end|p1a: Necrozma|Dynamax
|-heal|p1a: Necrozma|89/100|[silent]
|turn|25
|
|t:|1654633267
|move|p1a: Necrozma|Sunsteel Strike|p2a: Ho-Oh
|-resisted|p2a: Ho-Oh
|-damage|p2a: Ho-Oh|22/100
|move|p2a: Ho-Oh|Whirlwind|p1a: Necrozma
|drag|p1a: Greninja|Greninja, M|83/100 tox
|-damage|p1a: Greninja|70/100 tox|[from] Stealth Rock
|
|-damage|p1a: Greninja|64/100 tox|[from] psn
|upkeep
|turn|26
|
|t:|1654633275
|switch|p2a: Chansey|Chansey, F|80/100
|move|p1a: Greninja|Scald|p2a: Chansey
|-damage|p2a: Chansey|70/100
|-status|p2a: Chansey|brn
|
|-damage|p1a: Greninja|52/100 tox|[from] psn
|-damage|p2a: Chansey|64/100 brn|[from] brn
|upkeep
|turn|27
|
|t:|1654633282
|switch|p1a: Necrozma|Necrozma-Dusk-Mane|89/100
|-damage|p1a: Necrozma|83/100|[from] Stealth Rock
|move|p2a: Chansey|Soft-Boiled|p2a: Chansey
|-heal|p2a: Chansey|100/100 brn
|
|-damage|p2a: Chansey|94/100 brn|[from] brn
|upkeep
|turn|28
|
|t:|1654633287
|-curestatus|p2a: Chansey|brn|[from] ability: Natural Cure
|switch|p2a: Ho-Oh|Ho-Oh|55/100
|move|p1a: Necrozma|Dragon Dance|p1a: Necrozma
|-boost|p1a: Necrozma|atk|1
|-boost|p1a: Necrozma|spe|1
|
|upkeep
|turn|29
|
|t:|1654633302
|move|p1a: Necrozma|Sunsteel Strike|p2a: Ho-Oh
|-resisted|p2a: Ho-Oh
|-damage|p2a: Ho-Oh|25/100
|move|p2a: Ho-Oh|Whirlwind|p1a: Necrozma
|drag|p1a: Greninja|Greninja, M|52/100 tox
|-damage|p1a: Greninja|40/100 tox|[from] Stealth Rock
|
|-damage|p1a: Greninja|34/100 tox|[from] psn
|upkeep
|turn|30
|
|t:|1654633311
|switch|p2a: Chansey|Chansey, F|94/100
|move|p1a: Greninja|Ice Beam|p2a: Chansey
|-damage|p2a: Chansey|88/100
|-status|p2a: Chansey|frz
|
|-damage|p1a: Greninja|22/100 tox|[from] psn
|upkeep
|turn|31
|
|t:|1654633316
|move|p1a: Greninja|Scald|p2a: Chansey
|-crit|p2a: Chansey
|-damage|p2a: Chansey|74/100 frz
|-curestatus|p2a: Chansey|frz|[msg]
|move|p2a: Chansey|Thunder Wave||[still]
|-fail|p2a: Chansey
|
|-damage|p1a: Greninja|4/100 tox|[from] psn
|upkeep
|turn|32
|c|☆EinsteinAlpha25|well I'm stupid
|
|t:|1654633339
|move|p1a: Greninja|Ice Beam|p2a: Chansey
|-damage|p2a: Chansey|68/100
|move|p2a: Chansey|Soft-Boiled|p2a: Chansey
|-heal|p2a: Chansey|100/100
|
|-damage|p1a: Greninja|0 fnt|[from] psn
|faint|p1a: Greninja
|upkeep
|
|t:|1654633347
|switch|p1a: Necrozma|Necrozma-Dusk-Mane|83/100
|-damage|p1a: Necrozma|77/100|[from] Stealth Rock
|turn|33
|
|t:|1654633352
|switch|p2a: Ho-Oh|Ho-Oh|58/100
|move|p1a: Necrozma|Dragon Dance|p1a: Necrozma
|-boost|p1a: Necrozma|atk|1
|-boost|p1a: Necrozma|spe|1
|
|upkeep
|turn|34
|
|t:|1654633356
|move|p1a: Necrozma|Sunsteel Strike|p2a: Ho-Oh
|-resisted|p2a: Ho-Oh
|-damage|p2a: Ho-Oh|24/100
|move|p2a: Ho-Oh|Whirlwind|p1a: Necrozma
|drag|p1a: Calyrex|Calyrex-Shadow|88/100
|-ability|p1a: Calyrex|As One
|-ability|p1a: Calyrex|Unnerve
|-damage|p1a: Calyrex|76/100|[from] Stealth Rock
|
|upkeep
|turn|35
|
|t:|1654633368
|switch|p2a: Arceus|Arceus-Dark|83/100
|move|p1a: Calyrex|Astral Barrage|p2a: Arceus
|-resisted|p2a: Arceus
|-damage|p2a: Arceus|64/100
|
|upkeep
|turn|36
|
|t:|1654633372
|switch|p1a: Necrozma|Necrozma-Dusk-Mane|77/100
|-damage|p1a: Necrozma|71/100|[from] Stealth Rock
|move|p2a: Arceus|Recover|p2a: Arceus
|-heal|p2a: Arceus|100/100
|
|upkeep
|turn|37
|
|t:|1654633382
|move|p2a: Arceus|Calm Mind|p2a: Arceus
|-boost|p2a: Arceus|spa|1
|-boost|p2a: Arceus|spd|1
|move|p1a: Necrozma|Sunsteel Strike|p2a: Arceus
|-damage|p2a: Arceus|58/100
|
|upkeep
|turn|38
|
|t:|1654633393
|-start|p2a: Arceus|Dynamax|
|-heal|p2a: Arceus|58/100|[silent]
|move|p2a: Arceus|Max Darkness|p1a: Necrozma
|-supereffective|p1a: Necrozma
|-damage|p1a: Necrozma|0 fnt
|faint|p1a: Necrozma
|
|upkeep
|
|t:|1654633397
|switch|p1a: Calyrex|Calyrex-Shadow|76/100
|-ability|p1a: Calyrex|As One
|-ability|p1a: Calyrex|Unnerve
|-damage|p1a: Calyrex|64/100|[from] Stealth Rock
|turn|39
|
|t:|1654633399
|move|p1a: Calyrex|Draining Kiss|p2a: Arceus
|-supereffective|p2a: Arceus
|-damage|p2a: Arceus|52/100
|-heal|p1a: Calyrex|77/100|[from] drain|[of] p2a: Arceus
|move|p2a: Arceus|Max Darkness|p1a: Calyrex
|-supereffective|p1a: Calyrex
|-damage|p1a: Calyrex|0 fnt
|faint|p1a: Calyrex
|
|win|AGCSR4 default0
|n|☆EinsteinAlpha25|einsteinalpha25
|n|☆AGCSR4 default0|agcsr4default0
|n| les tests de jojos|lestestsdejojos
|n| ogrespout|ogrespout
|n| AveragePkmnPlayR|averagepkmnplayr
|n| Apprenti Buck|apprentibuck
