|j|☆murangman
|j|☆Sparkoend
|t:|1666187712
|gametype|singles
|player|p1|murangman|rosa|1470
|player|p2|Sparkoend|101|1446
|teamsize|p1|6
|teamsize|p2|6
|gen|8
|tier|[Gen 8] National Dex AG
|rated|
|rule|HP Percentage Mod: HP is shown in percentages
|rule|Endless Battle Clause: Forcing endless battles is banned
|clearpoke
|poke|p1|Diancie|
|poke|p1|Yveltal|
|poke|p1|Zacian-*|
|poke|p1|Quagsire, F|
|poke|p1|Marshadow|
|poke|p1|Butterfree, M|
|poke|p2|Arceus-*|
|poke|p2|Yveltal|
|poke|p2|Ditto|
|poke|p2|Arceus-*|
|poke|p2|Zacian-*|
|poke|p2|Rayquaza|
|teampreview
|inactive|Battle timer is ON: inactive players will automatically lose when time's up. (requested by Sparkoend)
|inactive|murangman also wants the timer to be on.
|
|t:|1666187718
|start
|switch|p1a: Butterfree|Butterfree, M|100/100
|switch|p2a: Zacian|Zacian-Crowned|100/100
|-ability|p2a: Zacian|Intrepid Sword|boost
|-boost|p2a: Zacian|atk|1
|turn|1
|
|t:|1666187725
|move|p2a: Zacian|Wild Charge|p1a: Butterfree
|-supereffective|p1a: Butterfree
|-enditem|p1a: Butterfree|Focus Sash
|-damage|p1a: Butterfree|1/100
|-damage|p2a: Zacian|76/100|[from] Recoil
|move|p1a: Butterfree|Sleep Powder|p2a: Zacian
|-status|p2a: Zacian|slp|[from] move: Sleep Powder
|
|upkeep
|turn|2
|
|t:|1666187734
|switch|p2a: Ditto|Ditto|100/100
|-transform|p2a: Ditto|p1a: Butterfree|[from] ability: Imposter
|move|p1a: Butterfree|Quiver Dance|p1a: Butterfree
|-boost|p1a: Butterfree|spa|1
|-boost|p1a: Butterfree|spd|1
|-boost|p1a: Butterfree|spe|1
|
|upkeep
|turn|3
|
|t:|1666187751
|switch|p2a: Zacian|Zacian-Crowned|76/100 slp
|-ability|p2a: Zacian|Intrepid Sword|boost
|-boost|p2a: Zacian|atk|1
|move|p1a: Butterfree|Sleep Powder|p2a: Zacian
|-fail|p2a: Zacian|slp
|
|upkeep
|turn|4
|
|t:|1666187758
|cant|p2a: Zacian|slp
|move|p1a: Butterfree|Baton Pass|p1a: Butterfree
|
|t:|1666187761
|switch|p1a: Diancie|Diancie, shiny|100/100|[from]move: Baton Pass
|
|upkeep
|turn|5
|inactive|Sparkoend has 120 seconds left.
|
|t:|1666187794
|detailschange|p1a: Diancie|Diancie-Mega, shiny
|-mega|p1a: Diancie|Diancie|Diancite
|move|p1a: Diancie|Moonblast|p2a: Zacian
|-resisted|p2a: Zacian
|-damage|p2a: Zacian|33/100 slp
|cant|p2a: Zacian|slp
|
|upkeep
|turn|6
|
|t:|1666187801
|move|p1a: Diancie|Moonblast|p2a: Zacian
|-resisted|p2a: Zacian
|-damage|p2a: Zacian|0 fnt
|faint|p2a: Zacian
|
|upkeep
|
|t:|1666187809
|switch|p2a: Arceus|Arceus-Ground|100/100
|turn|7
|
|t:|1666187813
|move|p1a: Diancie|Moonblast|p2a: Arceus
|-damage|p2a: Arceus|38/100
|-unboost|p2a: Arceus|spa|1
|move|p2a: Arceus|Earthquake|p1a: Diancie
|-supereffective|p1a: Diancie
|-damage|p1a: Diancie|0 fnt
|faint|p1a: Diancie
|
|upkeep
|
|t:|1666187820
|switch|p1a: Yveltal|Yveltal|100/100
|-ability|p1a: Yveltal|Dark Aura
|turn|8
|
|t:|1666187827
|move|p2a: Arceus|Recover|p2a: Arceus
|-heal|p2a: Arceus|88/100
|move|p1a: Yveltal|Dark Pulse|p2a: Arceus
|-damage|p2a: Arceus|38/100
|
|upkeep
|turn|9
|
|t:|1666187836
|switch|p2a: Arceus|Arceus-Water|100/100
|-start|p1a: Yveltal|Dynamax|
|-heal|p1a: Yveltal|100/100|[silent]
|move|p1a: Yveltal|Max Darkness|p2a: Arceus
|-damage|p2a: Arceus|31/100
|-unboost|p2a: Arceus|spd|1
|
|upkeep
|turn|10
|
|t:|1666187846
|move|p2a: Arceus|Toxic|p1a: Yveltal
|-status|p1a: Yveltal|tox
|move|p1a: Yveltal|Max Airstream|p2a: Arceus
|-damage|p2a: Arceus|0 fnt
|-boost|p1a: Yveltal|spe|1
|faint|p2a: Arceus
|
|-damage|p1a: Yveltal|97/100 tox|[from] psn
|upkeep
|
|t:|1666187850
|switch|p2a: Yveltal|Yveltal|100/100
|-ability|p2a: Yveltal|Dark Aura
|turn|11
|
|t:|1666187859
|move|p1a: Yveltal|Max Airstream|p2a: Yveltal
|-damage|p2a: Yveltal|63/100
|-boost|p1a: Yveltal|spe|1
|move|p2a: Yveltal|Roost|p2a: Yveltal
|-heal|p2a: Yveltal|100/100
|-singleturn|p2a: Yveltal|move: Roost
|
|-damage|p1a: Yveltal|91/100 tox|[from] psn
|upkeep
|-end|p1a: Yveltal|Dynamax
|-heal|p1a: Yveltal|91/100 tox|[silent]
|turn|12
|
|t:|1666187871
|move|p1a: Yveltal|Heat Wave|p2a: Yveltal
|-damage|p2a: Yveltal|81/100
|move|p2a: Yveltal|Foul Play|p1a: Yveltal
|-resisted|p1a: Yveltal
|-damage|p1a: Yveltal|73/100 tox
|
|-damage|p1a: Yveltal|54/100 tox|[from] psn
|upkeep
|turn|13
|inactive|Sparkoend has 120 seconds left.
|
|t:|1666187921
|switch|p1a: Zacian|Zacian-Crowned|100/100
|-ability|p1a: Zacian|Intrepid Sword|boost
|-boost|p1a: Zacian|atk|1
|move|p2a: Yveltal|U-turn|p1a: Zacian
|-resisted|p1a: Zacian
|-damage|p1a: Zacian|96/100
|
|t:|1666187923
|switch|p2a: Ditto|Ditto|100/100|[from]move: U-turn
|-transform|p2a: Ditto|p1a: Zacian|[from] ability: Imposter
|-ability|p2a: Ditto|Intrepid Sword|boost
|-boost|p2a: Ditto|atk|1
|
|upkeep
|turn|14
|
|t:|1666187933
|switch|p1a: Quagsire|Quagsire, F|100/100
|move|p2a: Ditto|Behemoth Blade|p1a: Quagsire
|-resisted|p1a: Quagsire
|-damage|p1a: Quagsire|77/100
|
|-heal|p1a: Quagsire|83/100|[from] item: Leftovers
|upkeep
|turn|15
|
|t:|1666187941
|switch|p2a: Yveltal|Yveltal|81/100
|-ability|p2a: Yveltal|Dark Aura
|move|p1a: Quagsire|Yawn|p2a: Yveltal
|-start|p2a: Yveltal|move: Yawn|[of] p1a: Quagsire
|
|-heal|p1a: Quagsire|89/100|[from] item: Leftovers
|upkeep
|turn|16
|inactive|Sparkoend has 120 seconds left.
|
|t:|1666187964
|switch|p1a: Zacian|Zacian-Crowned|96/100
|-ability|p1a: Zacian|Intrepid Sword|boost
|-boost|p1a: Zacian|atk|1
|move|p2a: Yveltal|U-turn|p1a: Zacian
|-resisted|p1a: Zacian
|-damage|p1a: Zacian|92/100
|
|t:|1666187966
|switch|p2a: Ditto|Ditto|100/100|[from]move: U-turn
|-transform|p2a: Ditto|p1a: Zacian|[from] ability: Imposter
|-ability|p2a: Ditto|Intrepid Sword|boost
|-boost|p2a: Ditto|atk|1
|
|upkeep
|turn|17
|
|t:|1666187979
|switch|p1a: Quagsire|Quagsire, F|89/100
|move|p2a: Ditto|Play Rough|p1a: Quagsire
|-damage|p1a: Quagsire|46/100
|
|-heal|p1a: Quagsire|52/100|[from] item: Leftovers
|upkeep
|turn|18
|
|t:|1666187988
|move|p2a: Ditto|Play Rough|p1a: Quagsire
|-damage|p1a: Quagsire|10/100
|move|p1a: Quagsire|Recover|p1a: Quagsire
|-heal|p1a: Quagsire|60/100
|
|-heal|p1a: Quagsire|66/100|[from] item: Leftovers
|upkeep
|turn|19
|
|t:|1666188013
|switch|p2a: Yveltal|Yveltal|81/100
|-ability|p2a: Yveltal|Dark Aura
|move|p1a: Quagsire|Counter||[still]
|-fail|p1a: Quagsire
|
|-heal|p1a: Quagsire|72/100|[from] item: Leftovers
|upkeep
|turn|20
|
|t:|1666188034
|switch|p1a: Zacian|Zacian-Crowned|92/100
|-ability|p1a: Zacian|Intrepid Sword|boost
|-boost|p1a: Zacian|atk|1
|move|p2a: Yveltal|Foul Play|p1a: Zacian
|-resisted|p1a: Zacian
|-damage|p1a: Zacian|35/100
|
|upkeep
|turn|21
|
|t:|1666188052
|move|p1a: Zacian|Play Rough|p2a: Yveltal
|-supereffective|p2a: Yveltal
|-damage|p2a: Yveltal|0 fnt
|faint|p2a: Yveltal
|
|upkeep
|
|t:|1666188054
|switch|p2a: Ditto|Ditto|100/100
|-transform|p2a: Ditto|p1a: Zacian|[from] ability: Imposter
|-ability|p2a: Ditto|Intrepid Sword|boost
|-boost|p2a: Ditto|atk|1
|turn|22
|
|t:|1666188075
|switch|p1a: Butterfree|Butterfree, M|1/100
|move|p2a: Ditto|Play Rough|p1a: Butterfree
|-damage|p1a: Butterfree|0 fnt
|faint|p1a: Butterfree
|
|upkeep
|
|t:|1666188082
|switch|p1a: Quagsire|Quagsire, F|72/100
|turn|23
|
|t:|1666188093
|move|p2a: Ditto|Play Rough|p1a: Quagsire
|-damage|p1a: Quagsire|35/100
|move|p1a: Quagsire|Counter|p2a: Ditto
|-damage|p2a: Ditto|2/100
|
|-heal|p1a: Quagsire|41/100|[from] item: Leftovers
|upkeep
|turn|24
|
|t:|1666188105
|move|p2a: Ditto|Play Rough|p1a: Quagsire
|-damage|p1a: Quagsire|0 fnt
|faint|p1a: Quagsire
|
|upkeep
|
|t:|1666188110
|switch|p1a: Marshadow|Marshadow|100/100
|turn|25
|
|t:|1666188118
|switch|p2a: Arceus|Arceus-Ground|38/100
|move|p1a: Marshadow|Spectral Thief|p2a: Arceus
|-damage|p2a: Arceus|5/100
|
|upkeep
|turn|26
|
|t:|1666188126
|move|p1a: Marshadow|Shadow Sneak|p2a: Arceus
|-damage|p2a: Arceus|0 fnt
|faint|p2a: Arceus
|
|upkeep
|
|t:|1666188148
|switch|p2a: Ditto|Ditto|2/100
|-transform|p2a: Ditto|p1a: Marshadow|[from] ability: Imposter
|turn|27
|
|t:|1666188159
|move|p2a: Ditto|Shadow Sneak|p1a: Marshadow
|-supereffective|p1a: Marshadow
|-damage|p1a: Marshadow|24/100
|move|p1a: Marshadow|Shadow Sneak|p2a: Ditto
|-supereffective|p2a: Ditto
|-damage|p2a: Ditto|0 fnt
|faint|p2a: Ditto
|
|upkeep
|
|t:|1666188167
|switch|p2a: Rayquaza|Rayquaza|100/100
|-ability|p2a: Rayquaza|Air Lock
|turn|28
|
|t:|1666188172
|detailschange|p2a: Rayquaza|Rayquaza-Mega
|-mega|p2a: Rayquaza|Rayquaza|
|-weather|DeltaStream|[from] ability: Delta Stream|[of] p2a: Rayquaza
|move|p1a: Marshadow|Rock Tomb|p2a: Rayquaza
|-activate||deltastream
|-damage|p2a: Rayquaza|73/100
|-unboost|p2a: Rayquaza|spe|1
|move|p2a: Rayquaza|Scale Shot|p1a: Marshadow
|-damage|p1a: Marshadow|0 fnt
|faint|p1a: Marshadow
|-hitcount|p1: Marshadow|1
|-unboost|p2a: Rayquaza|def|1
|-boost|p2a: Rayquaza|spe|1
|-damage|p2a: Rayquaza|63/100|[from] item: Life Orb
|
|-weather|DeltaStream|[upkeep]
|upkeep
|
|t:|1666188187
|switch|p1a: Zacian|Zacian-Crowned|35/100
|-ability|p1a: Zacian|Intrepid Sword|boost
|-boost|p1a: Zacian|atk|1
|turn|29
|
|t:|1666188214
|move|p2a: Rayquaza|Extreme Speed|p1a: Zacian
|-resisted|p1a: Zacian
|-damage|p1a: Zacian|12/100
|-damage|p2a: Rayquaza|53/100|[from] item: Life Orb
|move|p1a: Zacian|Behemoth Blade|p2a: Rayquaza
|-damage|p2a: Rayquaza|0 fnt
|faint|p2a: Rayquaza
|-weather|none
|
|win|murangman
|raw|murangman's rating: 1470 &rarr; <strong>1489</strong><br />(+19 for winning)
|raw|Sparkoend's rating: 1446 &rarr; <strong>1427</strong><br />(-19 for losing)
|l|☆Sparkoend
