|j|☆ImAbroom
|j|☆Makihiro(メ)
|inactive|Battle timer is ON: inactive players will automatically lose when time's up.
|t:|1652475666
|gametype|singles
|player|p1|ImAbroom|red|
|player|p2|Makihiro(メ)|ash-kalos|
|teamsize|p1|6
|teamsize|p2|6
|gen|8
|tier|[Gen 8] National Dex AG
|rated|Tournament battle
|rule|HP Percentage Mod: HP is shown in percentages
|rule|Endless Battle Clause: Forcing endless battles is banned
|clearpoke
|poke|p1|Rayquaza|
|poke|p1|Xerneas-*|
|poke|p1|Zacian-*|
|poke|p1|Zygarde|
|poke|p1|Groudon|
|poke|p1|Ho-Oh|
|poke|p2|Aerodactyl, F|
|poke|p2|Rayquaza|
|poke|p2|Groudon|
|poke|p2|Smeargle, F|
|poke|p2|Yveltal|
|poke|p2|Arceus-*|
|teampreview
|inactive|Makihiro(メ) also wants the timer to be on.
|
|t:|1652475671
|start
|switch|p1a: Upper Moon 3|Zacian-Crowned|100/100
|switch|p2a: Aerodactyl|Aerodactyl, F|100/100
|-ability|p1a: Upper Moon 3|Intrepid Sword|boost
|-boost|p1a: Upper Moon 3|atk|1
|-ability|p2a: Aerodactyl|Pressure
|turn|1
|
|t:|1652475676
|switch|p2a: Groudon|Groudon|100/100
|detailschange|p2a: Groudon|Groudon-Primal
|-primal|p2a: Groudon
|-weather|DesolateLand|[from] ability: Desolate Land|[of] p2a: Groudon
|move|p1a: Upper Moon 3|Substitute|p1a: Upper Moon 3
|-start|p1a: Upper Moon 3|Substitute
|-damage|p1a: Upper Moon 3|76/100
|
|-weather|DesolateLand|[upkeep]
|upkeep
|turn|2
|
|t:|1652475679
|move|p1a: Upper Moon 3|Crunch|p2a: Groudon
|-damage|p2a: Groudon|71/100
|-unboost|p2a: Groudon|def|1
|move|p2a: Groudon|Rock Polish|p2a: Groudon
|-boost|p2a: Groudon|spe|2
|
|-weather|DesolateLand|[upkeep]
|upkeep
|turn|3
|
|t:|1652475684
|move|p2a: Groudon|Fire Blast|p1a: Upper Moon 3
|-supereffective|p1a: Upper Moon 3
|-end|p1a: Upper Moon 3|Substitute
|move|p1a: Upper Moon 3|Crunch|p2a: Groudon
|-damage|p2a: Groudon|23/100
|
|-weather|DesolateLand|[upkeep]
|upkeep
|turn|4
|
|t:|1652475689
|switch|p1a: Upper Moon 1|Rayquaza|100/100
|-ability|p1a: Upper Moon 1|Air Lock
|move|p2a: Groudon|Precipice Blades|p1a: Upper Moon 1
|-immune|p1a: Upper Moon 1
|
|-weather|DesolateLand|[upkeep]
|upkeep
|turn|5
|
|t:|1652475695
|detailschange|p1a: Upper Moon 1|Rayquaza-Mega
|-mega|p1a: Upper Moon 1|Rayquaza|
|-weather|DeltaStream|[from] ability: Delta Stream|[of] p1a: Upper Moon 1
|move|p1a: Upper Moon 1|Extreme Speed|p2a: Groudon
|-damage|p2a: Groudon|0 fnt
|faint|p2a: Groudon
|
|-weather|DeltaStream|[upkeep]
|upkeep
|
|t:|1652475698
|switch|p2a: Aerodactyl|Aerodactyl, F|100/100
|-ability|p2a: Aerodactyl|Pressure
|turn|6
|
|t:|1652475708
|move|p2a: Aerodactyl|Rock Tomb|p1a: Upper Moon 1
|-activate||deltastream
|-damage|p1a: Upper Moon 1|78/100
|-unboost|p1a: Upper Moon 1|spe|1
|move|p1a: Upper Moon 1|Dragon Dance|p1a: Upper Moon 1
|-boost|p1a: Upper Moon 1|atk|1
|-boost|p1a: Upper Moon 1|spe|1
|
|-weather|DeltaStream|[upkeep]
|upkeep
|turn|7
|
|t:|1652475712
|move|p2a: Aerodactyl|Stealth Rock|p1a: Upper Moon 1
|-sidestart|p1: ImAbroom|move: Stealth Rock
|move|p1a: Upper Moon 1|Dragon Ascent|p2a: Aerodactyl
|-resisted|p2a: Aerodactyl
|-damage|p2a: Aerodactyl|14/100
|-unboost|p1a: Upper Moon 1|def|1
|-unboost|p1a: Upper Moon 1|spd|1
|
|-weather|DeltaStream|[upkeep]
|upkeep
|turn|8
|
|t:|1652475715
|move|p1a: Upper Moon 1|Extreme Speed|p2a: Aerodactyl
|-resisted|p2a: Aerodactyl
|-damage|p2a: Aerodactyl|0 fnt
|faint|p2a: Aerodactyl
|
|-weather|DeltaStream|[upkeep]
|upkeep
|
|t:|1652475719
|switch|p2a: Smeargle|Smeargle, F|100/100
|turn|9
|
|t:|1652475724
|move|p1a: Upper Moon 1|Earthquake|p2a: Smeargle
|-enditem|p2a: Smeargle|Focus Sash
|-damage|p2a: Smeargle|1/100
|move|p2a: Smeargle|Spore|p1a: Upper Moon 1
|-status|p1a: Upper Moon 1|slp|[from] move: Spore
|
|-weather|DeltaStream|[upkeep]
|-ability|p2a: Smeargle|Moody|boost
|-boost|p2a: Smeargle|atk|2
|-unboost|p2a: Smeargle|spa|1
|upkeep
|turn|10
|
|t:|1652475728
|cant|p1a: Upper Moon 1|slp
|move|p2a: Smeargle|Shell Smash|p2a: Smeargle
|-unboost|p2a: Smeargle|def|1
|-unboost|p2a: Smeargle|spd|1
|-boost|p2a: Smeargle|atk|2
|-boost|p2a: Smeargle|spa|2
|-boost|p2a: Smeargle|spe|2
|
|-weather|DeltaStream|[upkeep]
|-ability|p2a: Smeargle|Moody|boost
|-boost|p2a: Smeargle|atk|2
|-unboost|p2a: Smeargle|def|1
|upkeep
|turn|11
|
|t:|1652475736
|move|p2a: Smeargle|Baton Pass|p2a: Smeargle
|
|t:|1652475739
|switch|p2a: Rayquaza|Rayquaza|100/100|[from]move: Baton Pass
|-ability|p2a: Rayquaza|Air Lock
|cant|p1a: Upper Moon 1|slp
|
|-weather|DeltaStream|[upkeep]
|upkeep
|turn|12
|
|t:|1652475742
|detailschange|p2a: Rayquaza|Rayquaza-Mega
|-mega|p2a: Rayquaza|Rayquaza|
|move|p2a: Rayquaza|Extreme Speed|p1a: Upper Moon 1
|-damage|p1a: Upper Moon 1|0 fnt
|faint|p1a: Upper Moon 1
|
|-weather|DeltaStream|[upkeep]
|upkeep
|
|t:|1652475756
|switch|p1a: Upper Moon 6|Ho-Oh|100/100
|turn|13
|
|t:|1652475762
|-start|p1a: Upper Moon 6|Dynamax|
|-heal|p1a: Upper Moon 6|100/100|[silent]
|move|p2a: Rayquaza|Dragon Ascent|p1a: Upper Moon 6
|-damage|p1a: Upper Moon 6|0 fnt
|-unboost|p2a: Rayquaza|def|1
|-unboost|p2a: Rayquaza|spd|1
|faint|p1a: Upper Moon 6
|
|-weather|DeltaStream|[upkeep]
|upkeep
|
|t:|1652475769
|switch|p1a: Upper Moon 4|Zygarde|100/100
|-damage|p1a: Upper Moon 4|94/100|[from] Stealth Rock
|turn|14
|
|t:|1652475771
|move|p2a: Rayquaza|Dragon Ascent|p1a: Upper Moon 4
|-damage|p1a: Upper Moon 4|0 fnt
|-unboost|p2a: Rayquaza|def|1
|-unboost|p2a: Rayquaza|spd|1
|faint|p1a: Upper Moon 4
|
|-weather|DeltaStream|[upkeep]
|upkeep
|-message|ImAbroom forfeited.
|
|win|Makihiro(メ)
|n|☆ImAbroom|imabroom
|n|☆Makihiro(メ)|makihiro
|l|☆ImAbroom
