|j|☆Pawnnel
|j|☆SLILY FOX
|t:|1662133990
|gametype|singles
|player|p1|Pawnnel|psychic-gen4|1676
|player|p2|SLILY FOX|skierf|1630
|teamsize|p1|6
|teamsize|p2|6
|gen|8
|tier|[Gen 8] National Dex AG
|rated|
|rule|HP Percentage Mod: HP is shown in percentages
|rule|Endless Battle Clause: Forcing endless battles is banned
|clearpoke
|poke|p1|Venusaur, M|
|poke|p1|Torkoal, M|
|poke|p1|Quagsire, M|
|poke|p1|Garchomp, M|
|poke|p1|Tyranitar, M|
|poke|p1|Alakazam, M|
|poke|p2|Lugia|
|poke|p2|Rayquaza|
|poke|p2|Arceus-*|
|poke|p2|Dialga|
|poke|p2|Necrozma-Dusk-Mane|
|poke|p2|Zacian-*|
|teampreview
|inactive|Battle timer is ON: inactive players will automatically lose when time's up. (requested by Pawnnel)
|
|t:|1662134002
|start
|switch|p1a: Turt|Torkoal, M|100/100
|switch|p2a: KOF|Arceus-Fairy, shiny|100/100
|-weather|SunnyDay|[from] ability: Drought|[of] p1a: Turt
|turn|1
|
|t:|1662134010
|move|p2a: KOF|Stealth Rock|p1a: Turt
|-sidestart|p1: Pawnnel|move: Stealth Rock
|move|p1a: Turt|Stealth Rock|p2a: KOF
|-sidestart|p2: SLILY FOX|move: Stealth Rock
|
|-weather|SunnyDay|[upkeep]
|upkeep
|turn|2
|
|t:|1662134024
|move|p2a: KOF|Earth Power|p1a: Turt
|-supereffective|p1a: Turt
|-damage|p1a: Turt|20/100
|move|p1a: Turt|Rapid Spin|p2a: KOF
|-damage|p2a: KOF|94/100
|-boost|p1a: Turt|spe|1
|-sideend|p1: Pawnnel|Stealth Rock|[from] move: Rapid Spin|[of] p1a: Turt
|
|-weather|SunnyDay|[upkeep]
|upkeep
|turn|3
|
|t:|1662134034
|switch|p1a: Bobsor|Venusaur, M|100/100
|move|p2a: KOF|Earth Power|p1a: Bobsor
|-damage|p1a: Bobsor|62/100
|
|-weather|SunnyDay|[upkeep]
|upkeep
|turn|4
|
|t:|1662134042
|move|p1a: Bobsor|Sludge Bomb|p2a: KOF
|-supereffective|p2a: KOF
|-damage|p2a: KOF|16/100
|-damage|p1a: Bobsor|52/100|[from] item: Life Orb
|move|p2a: KOF|Stealth Rock|p1a: Bobsor
|-sidestart|p1: Pawnnel|move: Stealth Rock
|
|-weather|SunnyDay|[upkeep]
|upkeep
|turn|5
|
|t:|1662134052
|move|p1a: Bobsor|Weather Ball|p2a: KOF
|-damage|p2a: KOF|0 fnt
|faint|p2a: KOF
|-damage|p1a: Bobsor|42/100|[from] item: Life Orb
|
|-weather|SunnyDay|[upkeep]
|upkeep
|
|t:|1662134060
|switch|p2a: LLTR|Rayquaza|100/100
|-damage|p2a: LLTR|76/100|[from] Stealth Rock
|-ability|p2a: LLTR|Air Lock
|turn|6
|j| Lance's Time
|l| Lance's Time
|
|t:|1662134069
|detailschange|p2a: LLTR|Rayquaza-Mega
|-mega|p2a: LLTR|Rayquaza|
|-weather|DeltaStream|[from] ability: Delta Stream|[of] p2a: LLTR
|move|p2a: LLTR|Dragon Dance|p2a: LLTR
|-boost|p2a: LLTR|atk|1
|-boost|p2a: LLTR|spe|1
|move|p1a: Bobsor|Sludge Bomb|p2a: LLTR
|-damage|p2a: LLTR|26/100
|-damage|p1a: Bobsor|32/100|[from] item: Life Orb
|
|-weather|DeltaStream|[upkeep]
|upkeep
|turn|7
|
|t:|1662134081
|move|p2a: LLTR|Earthquake|p1a: Bobsor
|-crit|p1a: Bobsor
|-damage|p1a: Bobsor|0 fnt
|faint|p1a: Bobsor
|-damage|p2a: LLTR|16/100|[from] item: Life Orb
|
|-weather|DeltaStream|[upkeep]
|upkeep
|
|t:|1662134088
|switch|p1a: Turt|Torkoal, M|20/100
|-damage|p1a: Turt|0 fnt|[from] Stealth Rock
|faint|p1a: Turt
|
|t:|1662134095
|switch|p1a: Flop|Quagsire, M|100/100
|-damage|p1a: Flop|94/100|[from] Stealth Rock
|turn|8
|
|t:|1662134101
|move|p2a: LLTR|Dragon Ascent|p1a: Flop
|-damage|p1a: Flop|12/100
|-unboost|p2a: LLTR|def|1
|-unboost|p2a: LLTR|spd|1
|-damage|p2a: LLTR|6/100|[from] item: Life Orb
|move|p1a: Flop|Recover|p1a: Flop
|-heal|p1a: Flop|62/100
|
|-weather|DeltaStream|[upkeep]
|-heal|p1a: Flop|68/100|[from] item: Leftovers
|upkeep
|turn|9
|
|t:|1662134116
|switch|p1a: Toguro|Tyranitar, M|100/100
|-damage|p1a: Toguro|88/100|[from] Stealth Rock
|-ability|p1a: Toguro|Sand Stream|[from] deltastream|[fail]
|move|p2a: LLTR|Dragon Ascent|p1a: Toguro
|-resisted|p1a: Toguro
|-damage|p1a: Toguro|12/100
|-unboost|p2a: LLTR|def|1
|-unboost|p2a: LLTR|spd|1
|-damage|p2a: LLTR|0 fnt|[from] item: Life Orb
|faint|p2a: LLTR
|-weather|none
|
|upkeep
|
|t:|1662134127
|switch|p2a: HOLY|Lugia|100/100
|turn|10
|
|t:|1662134134
|detailschange|p1a: Toguro|Tyranitar-Mega, M
|-mega|p1a: Toguro|Tyranitar|Tyranitarite
|-weather|Sandstorm|[from] ability: Sand Stream|[of] p1a: Toguro
|-start|p2a: HOLY|Dynamax|
|-heal|p2a: HOLY|100/100|[silent]
|move|p2a: HOLY|Max Airstream|p1a: Toguro
|-resisted|p1a: Toguro
|-crit|p1a: Toguro
|-damage|p1a: Toguro|0 fnt
|-boost|p2a: HOLY|spe|1
|faint|p1a: Toguro
|
|-weather|Sandstorm|[upkeep]
|-damage|p2a: HOLY|97/100|[from] Sandstorm
|upkeep
|
|t:|1662134155
|switch|p1a: Rex|Garchomp, M|100/100
|-damage|p1a: Rex|94/100|[from] Stealth Rock
|turn|11
|
|t:|1662134162
|move|p2a: HOLY|Max Airstream|p1a: Rex
|-damage|p1a: Rex|34/100
|-boost|p2a: HOLY|spe|1
|move|p1a: Rex|Stone Edge|p2a: HOLY
|-supereffective|p2a: HOLY
|-damage|p2a: HOLY|71/100
|
|-weather|Sandstorm|[upkeep]
|-damage|p2a: HOLY|68/100|[from] Sandstorm
|upkeep
|turn|12
|
|t:|1662134174
|move|p2a: HOLY|Max Airstream|p1a: Rex
|-damage|p1a: Rex|0 fnt
|-boost|p2a: HOLY|spe|1
|faint|p1a: Rex
|
|-weather|Sandstorm|[upkeep]
|-damage|p2a: HOLY|65/100|[from] Sandstorm
|upkeep
|
|t:|1662134183
|switch|p1a: Flop|Quagsire, M|68/100
|-damage|p1a: Flop|62/100|[from] Stealth Rock
|-end|p2a: HOLY|Dynamax
|-heal|p2a: HOLY|65/100|[silent]
|turn|13
|
|t:|1662134189
|move|p2a: HOLY|Aeroblast|p1a: Flop
|-damage|p1a: Flop|8/100
|move|p1a: Flop|Recover|p1a: Flop
|-heal|p1a: Flop|58/100
|
|-weather|Sandstorm|[upkeep]
|-damage|p2a: HOLY|59/100|[from] Sandstorm
|-heal|p1a: Flop|64/100|[from] item: Leftovers
|upkeep
|turn|14
|
|t:|1662134200
|move|p2a: HOLY|Aeroblast|p1a: Flop
|-damage|p1a: Flop|7/100
|move|p1a: Flop|Recover|p1a: Flop
|-heal|p1a: Flop|57/100
|
|-weather|none
|-heal|p1a: Flop|63/100|[from] item: Leftovers
|upkeep
|turn|15
|
|t:|1662134208
|switch|p2a: MOS|Necrozma-Dusk-Mane|100/100
|-damage|p2a: MOS|94/100|[from] Stealth Rock
|move|p1a: Flop|Recover|p1a: Flop
|-heal|p1a: Flop|100/100
|
|upkeep
|turn|16
|
|t:|1662134216
|move|p2a: MOS|Dragon Dance|p2a: MOS
|-boost|p2a: MOS|atk|1
|-boost|p2a: MOS|spe|1
|move|p1a: Flop|Curse|p1a: Flop
|-unboost|p1a: Flop|spe|1
|-boost|p1a: Flop|atk|1
|-boost|p1a: Flop|def|1
|
|upkeep
|turn|17
|
|t:|1662134227
|detailschange|p2a: MOS|Necrozma-Ultra
|-burst|p2a: MOS|Necrozma|Ultranecrozium Z
|-start|p1a: Flop|Dynamax|
|-heal|p1a: Flop|100/100|[silent]
|move|p2a: MOS|Photon Geyser|p1a: Flop
|-damage|p1a: Flop|78/100
|move|p1a: Flop|Max Quake|p2a: MOS
|-damage|p2a: MOS|45/100
|-boost|p1a: Flop|spd|1
|
|-heal|p1a: Flop|81/100|[from] item: Leftovers
|upkeep
|turn|18
|
|t:|1662134243
|-zpower|p2a: MOS
|move|p2a: MOS|Light That Burns the Sky|p1a: Flop|[zeffect]
|-damage|p1a: Flop|34/100
|move|p1a: Flop|Max Quake|p2a: MOS
|-crit|p2a: MOS
|-damage|p2a: MOS|0 fnt
|-boost|p1a: Flop|spd|1
|faint|p2a: MOS
|
|-heal|p1a: Flop|37/100|[from] item: Leftovers
|upkeep
|
|t:|1662134250
|switch|p2a: DIA|Dialga|100/100
|-damage|p2a: DIA|94/100|[from] Stealth Rock
|-ability|p2a: DIA|Pressure
|turn|19
|
|t:|1662134262
|move|p1a: Flop|Max Guard|p1a: Flop
|-singleturn|p1a: Flop|Max Guard
|move|p2a: DIA|Draco Meteor|p1a: Flop
|-activate|p1a: Flop|move: Max Guard
|
|-heal|p1a: Flop|40/100|[from] item: Leftovers
|upkeep
|-end|p1a: Flop|Dynamax
|-heal|p1a: Flop|40/100|[silent]
|turn|20
|
|t:|1662134272
|move|p2a: DIA|Draco Meteor|p1a: Flop
|-damage|p1a: Flop|0 fnt
|-unboost|p2a: DIA|spa|2
|faint|p1a: Flop
|
|upkeep
|
|t:|1662134279
|switch|p1a: Alakazam|Alakazam, M|100/100
|turn|21
|
|t:|1662134283
|move|p1a: Alakazam|Nasty Plot|p1a: Alakazam
|-boost|p1a: Alakazam|spa|2
|move|p2a: DIA|Flash Cannon|p1a: Alakazam
|-damage|p1a: Alakazam|67/100
|
|upkeep
|turn|22
|
|t:|1662134291
|move|p1a: Alakazam|Shadow Ball|p2a: DIA
|-damage|p2a: DIA|43/100
|-unboost|p2a: DIA|spd|1
|move|p2a: DIA|Draco Meteor|p1a: Alakazam
|-damage|p1a: Alakazam|12/100
|-unboost|p2a: DIA|spa|2
|
|upkeep
|turn|23
|
|t:|1662134300
|move|p1a: Alakazam|Shadow Ball|p2a: DIA
|-damage|p2a: DIA|0 fnt
|faint|p2a: DIA
|
|upkeep
|
|t:|1662134305
|switch|p2a: S|Zacian-Crowned|100/100
|-damage|p2a: S|94/100|[from] Stealth Rock
|-ability|p2a: S|Intrepid Sword|boost
|-boost|p2a: S|atk|1
|turn|24
|
|t:|1662134310
|move|p2a: S|Quick Attack|p1a: Alakazam
|-damage|p1a: Alakazam|0 fnt
|faint|p1a: Alakazam
|
|win|SLILY FOX
|raw|Pawnnel's rating: 1676 &rarr; <strong>1653</strong><br />(-23 for losing)
|raw|SLILY FOX's rating: 1630 &rarr; <strong>1653</strong><br />(+23 for winning)
|l|☆Pawnnel
||Ladder isn't responding, score probably updated but might not have (Request timeout).
