|j|☆MRH1106
|j|☆xLeonisx
|t:|1656524047
|gametype|singles
|player|p1|MRH1106|red|1770
|player|p2|xLeonisx|170|1706
|teamsize|p1|6
|teamsize|p2|6
|gen|8
|tier|[Gen 8] National Dex AG
|rated|
|rule|HP Percentage Mod: HP is shown in percentages
|rule|Endless Battle Clause: Forcing endless battles is banned
|clearpoke
|poke|p1|Zacian-*|
|poke|p1|Calyrex-Shadow|
|poke|p1|Rayquaza|
|poke|p1|Ditto|
|poke|p1|Yveltal|
|poke|p1|Arceus-*|
|poke|p2|Deoxys-Speed|
|poke|p2|Ditto|
|poke|p2|Kyogre|
|poke|p2|Calyrex-Shadow|
|poke|p2|Lugia|
|poke|p2|Zacian-*|
|teampreview
|inactive|Battle timer is ON: inactive players will automatically lose when time's up. (requested by MRH1106)
|
|t:|1656524063
|start
|switch|p1a: Hells dragon|Yveltal, shiny|100/100
|switch|p2a: Lugia|Lugia|100/100
|-ability|p1a: Hells dragon|Dark Aura
|turn|1
|
|t:|1656524067
|move|p2a: Lugia|Toxic|p1a: Hells dragon|[miss]
|-miss|p2a: Lugia|p1a: Hells dragon
|move|p1a: Hells dragon|Taunt|p2a: Lugia
|-start|p2a: Lugia|move: Taunt
|
|upkeep
|turn|2
|
|t:|1656524075
|switch|p2a: Zacian|Zacian-Crowned|100/100
|-ability|p2a: Zacian|Intrepid Sword|boost
|-boost|p2a: Zacian|atk|1
|move|p1a: Hells dragon|Sucker Punch||[still]
|-fail|p1a: Hells dragon
|
|upkeep
|turn|3
|
|t:|1656524080
|switch|p1a: Knifepuppy|Zacian-Crowned|100/100
|-ability|p1a: Knifepuppy|Intrepid Sword|boost
|-boost|p1a: Knifepuppy|atk|1
|move|p2a: Zacian|Swords Dance|p2a: Zacian
|-boost|p2a: Zacian|atk|2
|
|upkeep
|turn|4
|
|t:|1656524083
|move|p1a: Knifepuppy|Behemoth Blade|p2a: Zacian
|-damage|p2a: Zacian|17/100
|move|p2a: Zacian|Behemoth Blade|p1a: Knifepuppy
|-damage|p1a: Knifepuppy|0 fnt
|faint|p1a: Knifepuppy
|
|upkeep
|
|t:|1656524085
|switch|p1a: Fuck you <3|Ditto, shiny|100/100
|-transform|p1a: Fuck you <3|p2a: Zacian|[from] ability: Imposter
|-ability|p1a: Fuck you <3|Intrepid Sword|boost
|-boost|p1a: Fuck you <3|atk|1
|turn|5
|
|t:|1656524088
|move|p1a: Fuck you <3|Behemoth Blade|p2a: Zacian
|-damage|p2a: Zacian|0 fnt
|faint|p2a: Zacian
|
|upkeep
|
|t:|1656524090
|switch|p2a: Deoxys|Deoxys-Speed|100/100
|-ability|p2a: Deoxys|Pressure
|turn|6
|
|t:|1656524092
|move|p1a: Fuck you <3|Behemoth Blade|p2a: Deoxys
|-enditem|p2a: Deoxys|Focus Sash
|-damage|p2a: Deoxys|1/100
|move|p2a: Deoxys|Thunder Wave|p1a: Fuck you <3|[miss]
|-miss|p2a: Deoxys|p1a: Fuck you <3
|
|upkeep
|turn|7
|c|☆xLeonisx|LOL
|c|☆xLeonisx|thhis game is a god dam joke
|c|☆MRH1106|MY PLOT ARMOR CAME IN CLUTCH
|c|☆MRH1106|LMAO
|c|☆xLeonisx|toxiic miis
|c|☆xLeonisx|para miss
|c|☆xLeonisx|go fuck myself this game took u 0 skill to win
|c|☆MRH1106|:)
|c|☆MRH1106|sure didn't
|inactive|xLeonisx has 120 seconds left.
|-message|xLeonisx forfeited.
|
|win|MRH1106
|raw|MRH1106's rating: 1784 &rarr; <strong>1800</strong><br />(+16 for winning)
|raw|xLeonisx's rating: 1706 &rarr; <strong>1690</strong><br />(-16 for losing)
|l|☆xLeonisx
||Ladder isn't responding, score probably updated but might not have (Request timeout).
