|j|☆Gieros
|j|☆hanwujiwandou
|t:|1664854674
|gametype|singles
|player|p1|Gieros|102|1767
|player|p2|hanwujiwandou|lillie-z|1690
|teamsize|p1|6
|teamsize|p2|6
|gen|8
|tier|[Gen 8] National Dex AG
|rated|
|rule|HP Percentage Mod: HP is shown in percentages
|rule|Endless Battle Clause: Forcing endless battles is banned
|clearpoke
|poke|p1|Deoxys-Attack|
|poke|p1|Tapu Lele|
|poke|p1|Calyrex-Shadow|
|poke|p1|Necrozma-Dusk-Mane|
|poke|p1|Xerneas-*|
|poke|p1|Ditto|
|poke|p2|Zacian-*|
|poke|p2|Ho-Oh|
|poke|p2|Groudon|
|poke|p2|Calyrex-Shadow|
|poke|p2|Yveltal|
|poke|p2|Rayquaza|
|teampreview
|inactive|Battle timer is ON: inactive players will automatically lose when time's up. (requested by hanwujiwandou)
|
|t:|1664854688
|start
|switch|p1a: Deoxys|Deoxys-Attack|100/100
|switch|p2a: Yveltal|Yveltal|100/100
|-ability|p1a: Deoxys|Pressure
|-ability|p2a: Yveltal|Dark Aura
|turn|1
|c|☆hanwujiwandou|hi
|c|☆Gieros|yo
|
|t:|1664854698
|move|p1a: Deoxys|Stealth Rock|p2a: Yveltal
|-sidestart|p2: hanwujiwandou|move: Stealth Rock
|move|p2a: Yveltal|Dark Pulse|p1a: Deoxys
|-supereffective|p1a: Deoxys
|-enditem|p1a: Deoxys|Focus Sash
|-damage|p1a: Deoxys|1/100
|
|upkeep
|turn|2
|
|t:|1664854706
|move|p2a: Yveltal|Sucker Punch||[still]
|-fail|p2a: Yveltal
|move|p1a: Deoxys|Taunt|p2a: Yveltal
|-start|p2a: Yveltal|move: Taunt
|
|upkeep
|turn|3
|
|t:|1664854713
|move|p1a: Deoxys|Skill Swap|p2a: Yveltal
|-activate|p1a: Deoxys|move: Skill Swap|Dark Aura|Pressure|[of] p2a: Yveltal
|-ability|p1a: Deoxys|Dark Aura
|-ability|p2a: Yveltal|Pressure
|move|p2a: Yveltal|Dark Pulse|p1a: Deoxys
|-supereffective|p1a: Deoxys
|-damage|p1a: Deoxys|0 fnt
|faint|p1a: Deoxys
|
|upkeep
|
|t:|1664854715
|switch|p1a: Tapu Lele|Tapu Lele|100/100
|-fieldstart|move: Psychic Terrain|[from] ability: Psychic Surge|[of] p1a: Tapu Lele
|turn|4
|
|t:|1664854729
|move|p1a: Tapu Lele|Moonblast|p2a: Yveltal
|-supereffective|p2a: Yveltal
|-damage|p2a: Yveltal|41/100
|move|p2a: Yveltal|Dark Pulse|p1a: Tapu Lele
|-damage|p1a: Tapu Lele|51/100
|
|upkeep
|turn|5
|
|t:|1664854736
|switch|p2a: Ho-Oh|Ho-Oh|100/100
|move|p1a: Tapu Lele|Moonblast|p2a: Ho-Oh
|-resisted|p2a: Ho-Oh
|-damage|p2a: Ho-Oh|88/100
|
|upkeep
|turn|6
|
|t:|1664854744
|move|p1a: Tapu Lele|Taunt|p2a: Ho-Oh
|-start|p2a: Ho-Oh|move: Taunt
|move|p2a: Ho-Oh|Sacred Fire|p1a: Tapu Lele
|-damage|p1a: Tapu Lele|0 fnt
|faint|p1a: Tapu Lele
|
|upkeep
|
|t:|1664854747
|switch|p1a: Xerneas|Xerneas|100/100
|-ability|p1a: Xerneas|Fairy Aura
|turn|7
|
|t:|1664854762
|switch|p2a: Yveltal|Yveltal|41/100
|-damage|p2a: Yveltal|16/100|[from] Stealth Rock
|-ability|p2a: Yveltal|Dark Aura
|move|p1a: Xerneas|Geomancy||[still]
|-prepare|p1a: Xerneas|Geomancy
|-enditem|p1a: Xerneas|Power Herb
|-anim|p1a: Xerneas|Geomancy|p1a: Xerneas
|-boost|p1a: Xerneas|spa|2
|-boost|p1a: Xerneas|spd|2
|-boost|p1a: Xerneas|spe|2
|
|upkeep
|turn|8
|
|t:|1664854776
|switch|p2a: Ho-Oh|Ho-Oh|100/100
|move|p1a: Xerneas|Moonblast|p2a: Ho-Oh
|-resisted|p2a: Ho-Oh
|-damage|p2a: Ho-Oh|61/100
|
|upkeep
|turn|9
|inactive|Gieros has 120 seconds left.
|
|t:|1664854808
|-start|p1a: Xerneas|Dynamax|
|-heal|p1a: Xerneas|100/100|[silent]
|move|p1a: Xerneas|Max Mindstorm|p2a: Ho-Oh
|-damage|p2a: Ho-Oh|0 fnt
|faint|p2a: Ho-Oh
|
|upkeep
|
|t:|1664854823
|switch|p2a: Zacian|Zacian-Crowned|100/100
|-damage|p2a: Zacian|94/100|[from] Stealth Rock
|-ability|p2a: Zacian|Intrepid Sword|boost
|-boost|p2a: Zacian|atk|1
|turn|10
|j| rakesh_88
|inactive|Gieros has 120 seconds left.
|l| rakesh_88
|
|t:|1664854843
|switch|p2a: Yveltal|Yveltal|16/100
|-damage|p2a: Yveltal|0 fnt|[from] Stealth Rock
|faint|p2a: Yveltal
|move|p1a: Xerneas|Max Lightning|p2: Yveltal|[notarget]
|-fail|p1a: Xerneas
|
|upkeep
|
|t:|1664854851
|switch|p2a: Zacian|Zacian-Crowned|94/100
|-damage|p2a: Zacian|88/100|[from] Stealth Rock
|-ability|p2a: Zacian|Intrepid Sword|boost
|-boost|p2a: Zacian|atk|1
|turn|11
|
|t:|1664854858
|move|p1a: Xerneas|Max Mindstorm|p2a: Zacian
|-resisted|p2a: Zacian
|-damage|p2a: Zacian|27/100
|move|p2a: Zacian|Behemoth Blade|p1a: Xerneas
|-supereffective|p1a: Xerneas
|-damage|p1a: Xerneas|0 fnt
|faint|p1a: Xerneas
|
|-fieldend|move: Psychic Terrain
|upkeep
|inactive|Gieros has 120 seconds left.
|
|t:|1664854869
|switch|p1a: Calyrex|Calyrex-Shadow|100/100
|-ability|p1a: Calyrex|As One
|-ability|p1a: Calyrex|Unnerve
|turn|12
|
|t:|1664854876
|move|p1a: Calyrex|Astral Barrage|p2a: Zacian
|-damage|p2a: Zacian|0 fnt
|faint|p2a: Zacian
|-ability|p1a: Calyrex|Grim Neigh|boost
|-boost|p1a: Calyrex|spa|1
|
|upkeep
|
|t:|1664854883
|switch|p2a: Rayquaza|Rayquaza|100/100
|-damage|p2a: Rayquaza|76/100|[from] Stealth Rock
|-ability|p2a: Rayquaza|Air Lock
|turn|13
|
|t:|1664854889
|switch|p1a: Necrozma|Necrozma-Dusk-Mane|100/100
|switch|p2a: Groudon|Groudon|100/100
|-damage|p2a: Groudon|94/100|[from] Stealth Rock
|detailschange|p2a: Groudon|Groudon-Primal
|-primal|p2a: Groudon
|-weather|DesolateLand|[from] ability: Desolate Land|[of] p2a: Groudon
|
|-weather|DesolateLand|[upkeep]
|upkeep
|turn|14
|
|t:|1664854900
|move|p2a: Groudon|Stealth Rock|p1a: Necrozma
|-sidestart|p1: Gieros|move: Stealth Rock
|move|p1a: Necrozma|Dragon Dance|p1a: Necrozma
|-boost|p1a: Necrozma|atk|1
|-boost|p1a: Necrozma|spe|1
|
|-weather|DesolateLand|[upkeep]
|upkeep
|turn|15
|
|t:|1664854907
|detailschange|p1a: Necrozma|Necrozma-Ultra
|-burst|p1a: Necrozma|Necrozma|Ultranecrozium Z
|move|p1a: Necrozma|Dragon Dance|p1a: Necrozma
|-boost|p1a: Necrozma|atk|1
|-boost|p1a: Necrozma|spe|1
|move|p2a: Groudon|Precipice Blades|p1a: Necrozma
|-damage|p1a: Necrozma|11/100
|
|-weather|DesolateLand|[upkeep]
|upkeep
|turn|16
|
|t:|1664854917
|move|p1a: Necrozma|Earthquake|p2a: Groudon
|-supereffective|p2a: Groudon
|-damage|p2a: Groudon|0 fnt
|faint|p2a: Groudon
|-weather|none
|
|upkeep
|
|t:|1664854943
|switch|p2a: Calyrex|Calyrex-Shadow|100/100
|-ability|p2a: Calyrex|As One
|-ability|p2a: Calyrex|Unnerve
|-damage|p2a: Calyrex|88/100|[from] Stealth Rock
|turn|17
|
|t:|1664854952
|-start|p2a: Calyrex|Dynamax|
|-heal|p2a: Calyrex|88/100|[silent]
|move|p1a: Necrozma|Earthquake|p2a: Calyrex
|-damage|p2a: Calyrex|31/100
|move|p2a: Calyrex|Max Phantasm|p1a: Necrozma
|-supereffective|p1a: Necrozma
|-damage|p1a: Necrozma|0 fnt
|faint|p1a: Necrozma
|-ability|p2a: Calyrex|Grim Neigh|boost
|-boost|p2a: Calyrex|spa|1
|
|upkeep
|
|t:|1664854956
|switch|p1a: Ditto|Ditto|100/100
|-damage|p1a: Ditto|88/100|[from] Stealth Rock
|-transform|p1a: Ditto|p2a: Calyrex|[from] ability: Imposter
|turn|18
|
|t:|1664854971
|-end|p2a: Calyrex|Dynamax
|-heal|p2a: Calyrex|31/100|[silent]
|switch|p2a: Rayquaza|Rayquaza|76/100
|-damage|p2a: Rayquaza|51/100|[from] Stealth Rock
|-ability|p2a: Rayquaza|Air Lock
|move|p1a: Ditto|Astral Barrage|p2a: Rayquaza
|-damage|p2a: Rayquaza|0 fnt
|faint|p2a: Rayquaza
|-ability|p1a: Ditto|Grim Neigh|boost
|-boost|p1a: Ditto|spa|1
|
|upkeep
|c|☆Gieros|speed tie
|
|t:|1664854985
|switch|p2a: Calyrex|Calyrex-Shadow|31/100
|-ability|p2a: Calyrex|As One
|-ability|p2a: Calyrex|Unnerve
|-damage|p2a: Calyrex|19/100|[from] Stealth Rock
|turn|19
|c|☆Gieros|smart
|
|t:|1664854997
|move|p1a: Ditto|Astral Barrage|p2a: Calyrex
|-supereffective|p2a: Calyrex
|-damage|p2a: Calyrex|0 fnt
|faint|p2a: Calyrex
|
|win|Gieros
|raw|Gieros's rating: 1767 &rarr; <strong>1783</strong><br />(+16 for winning)
|raw|hanwujiwandou's rating: 1690 &rarr; <strong>1674</strong><br />(-16 for losing)
|c|☆Gieros|damn
|c|☆Gieros|ggs
|l|☆hanwujiwandou
||Ladder isn't responding, score probably updated but might not have (Request timeout).
