|j|☆KANN ar KANN
|j|☆85792195wwww
|t:|1653317573
|gametype|singles
|player|p1|KANN ar KANN|102|1666
|player|p2|85792195wwww|lady|1764
|teamsize|p1|6
|teamsize|p2|6
|gen|8
|tier|[Gen 8] National Dex AG
|rated|
|rule|HP Percentage Mod: HP is shown in percentages
|rule|Endless Battle Clause: Forcing endless battles is banned
|clearpoke
|poke|p1|Zacian-*|
|poke|p1|Kyogre|
|poke|p1|Xerneas-*|
|poke|p1|Marshadow|
|poke|p1|Ditto|
|poke|p1|Rayquaza|
|poke|p2|Rayquaza|
|poke|p2|Zacian-*|
|poke|p2|Kyogre|
|poke|p2|Arceus-*|
|poke|p2|Marshadow|
|poke|p2|Ditto|
|teampreview
|
|t:|1653317583
|start
|switch|p1a: RAYBOSSSS|Rayquaza|100/100
|switch|p2a: Arceus|Arceus-Electric|100/100
|-ability|p1a: RAYBOSSSS|Air Lock
|turn|1
|
|t:|1653317597
|detailschange|p1a: RAYBOSSSS|Rayquaza-Mega
|-mega|p1a: RAYBOSSSS|Rayquaza|
|-weather|DeltaStream|[from] ability: Delta Stream|[of] p1a: RAYBOSSSS
|move|p2a: Arceus|Stealth Rock|p1a: RAYBOSSSS
|-sidestart|p1: KANN ar KANN|move: Stealth Rock
|move|p1a: RAYBOSSSS|Dragon Ascent|p2a: Arceus
|-resisted|p2a: Arceus
|-damage|p2a: Arceus|59/100
|-unboost|p1a: RAYBOSSSS|def|1
|-unboost|p1a: RAYBOSSSS|spd|1
|-damage|p1a: RAYBOSSSS|91/100|[from] item: Life Orb
|
|-weather|DeltaStream|[upkeep]
|upkeep
|turn|2
|j| Giga㋛Chandelure-☂
|
|t:|1653317610
|move|p2a: Arceus|Ice Beam|p1a: RAYBOSSSS
|-activate||deltastream
|-supereffective|p1a: RAYBOSSSS
|-damage|p1a: RAYBOSSSS|6/100
|move|p1a: RAYBOSSSS|Dragon Ascent|p2a: Arceus
|-resisted|p2a: Arceus
|-damage|p2a: Arceus|17/100
|-unboost|p1a: RAYBOSSSS|def|1
|-unboost|p1a: RAYBOSSSS|spd|1
|-damage|p1a: RAYBOSSSS|0 fnt|[from] item: Life Orb
|faint|p1a: RAYBOSSSS
|-weather|none
|
|upkeep
|
|t:|1653317618
|switch|p1a: XEU|Xerneas|100/100
|-damage|p1a: XEU|88/100|[from] Stealth Rock
|-ability|p1a: XEU|Fairy Aura
|turn|3
|
|t:|1653317627
|move|p2a: Arceus|Judgment|p1a: XEU
|-damage|p1a: XEU|47/100
|move|p1a: XEU|Defog|p2a: Arceus
|-unboost|p2a: Arceus|evasion|1
|-sideend|p1: KANN ar KANN|Stealth Rock|[from] move: Defog|[of] p1a: XEU
|
|upkeep
|turn|4
|
|t:|1653317635
|move|p2a: Arceus|Stealth Rock|p1a: XEU
|-sidestart|p1: KANN ar KANN|move: Stealth Rock
|move|p1a: XEU|Moonblast|p2a: Arceus
|-crit|p2a: Arceus
|-damage|p2a: Arceus|0 fnt
|faint|p2a: Arceus
|
|upkeep
|
|t:|1653317646
|switch|p2a: Rayquaza|Rayquaza|100/100
|-ability|p2a: Rayquaza|Air Lock
|turn|5
|
|t:|1653317653
|detailschange|p2a: Rayquaza|Rayquaza-Mega
|-mega|p2a: Rayquaza|Rayquaza|
|-weather|DeltaStream|[from] ability: Delta Stream|[of] p2a: Rayquaza
|move|p2a: Rayquaza|Dragon Ascent|p1a: XEU
|-damage|p1a: XEU|0 fnt
|-unboost|p2a: Rayquaza|def|1
|-unboost|p2a: Rayquaza|spd|1
|faint|p1a: XEU
|
|-weather|DeltaStream|[upkeep]
|upkeep
|
|t:|1653317665
|switch|p1a: KIKI|Kyogre|100/100
|-damage|p1a: KIKI|88/100|[from] Stealth Rock
|-ability|p1a: KIKI|Drizzle|[from] deltastream|[fail]
|turn|6
|
|t:|1653317673
|-weather|none
|switch|p2a: Zacian|Zacian-Crowned|100/100
|-ability|p2a: Zacian|Intrepid Sword|boost
|-boost|p2a: Zacian|atk|1
|move|p1a: KIKI|Ice Beam|p2a: Zacian
|-resisted|p2a: Zacian
|-damage|p2a: Zacian|85/100
|-status|p2a: Zacian|frz
|
|upkeep
|turn|7
|
|t:|1653317698
|switch|p1a: Barbatruc|Ditto, shiny|100/100
|-damage|p1a: Barbatruc|88/100|[from] Stealth Rock
|-transform|p1a: Barbatruc|p2a: Zacian|[from] ability: Imposter
|-ability|p1a: Barbatruc|Intrepid Sword|boost
|-boost|p1a: Barbatruc|atk|1
|switch|p2a: Rayquaza|Rayquaza-Mega|100/100
|-weather|DeltaStream|[from] ability: Delta Stream|[of] p2a: Rayquaza
|
|-weather|DeltaStream|[upkeep]
|upkeep
|turn|8
|inactive|Battle timer is ON: inactive players will automatically lose when time's up. (requested by KANN ar KANN)
|
|t:|1653317712
|-weather|none
|switch|p2a: Zacian|Zacian-Crowned|85/100 frz
|-ability|p2a: Zacian|Intrepid Sword|boost
|-boost|p2a: Zacian|atk|1
|move|p1a: Barbatruc|Behemoth Blade|p2a: Zacian
|-damage|p2a: Zacian|0 fnt
|faint|p2a: Zacian
|
|upkeep
|c| Giga㋛Chandelure-☂|"Barbatruc"
|c| Giga㋛Chandelure-☂|ulahup
|
|t:|1653317723
|switch|p2a: Kyogre|Kyogre|100/100
|detailschange|p2a: Kyogre|Kyogre-Primal
|-primal|p2a: Kyogre
|-weather|PrimordialSea|[from] ability: Primordial Sea|[of] p2a: Kyogre
|turn|9
|
|t:|1653317730
|move|p1a: Barbatruc|Behemoth Blade|p2a: Kyogre
|-resisted|p2a: Kyogre
|-damage|p2a: Kyogre|37/100
|move|p2a: Kyogre|Scald|p1a: Barbatruc
|-damage|p1a: Barbatruc|0 fnt
|faint|p1a: Barbatruc
|
|-weather|PrimordialSea|[upkeep]
|upkeep
|c|☆KANN ar KANN|woop woop
|
|t:|1653317736
|switch|p1a: KIKI|Kyogre|88/100
|-damage|p1a: KIKI|76/100|[from] Stealth Rock
|-ability|p1a: KIKI|Drizzle|[from] primordialsea|[fail]
|turn|10
|
|t:|1653317746
|-weather|none
|switch|p2a: Rayquaza|Rayquaza-Mega|100/100
|-weather|DeltaStream|[from] ability: Delta Stream|[of] p2a: Rayquaza
|move|p1a: KIKI|Thunder|p2a: Rayquaza
|-activate||deltastream
|-resisted|p2a: Rayquaza
|-damage|p2a: Rayquaza|81/100
|
|-weather|DeltaStream|[upkeep]
|upkeep
|turn|11
|
|t:|1653317759
|-start|p1a: KIKI|Dynamax|
|-heal|p1a: KIKI|76/100|[silent]
|move|p2a: Rayquaza|Dragon Ascent|p1a: KIKI
|-damage|p1a: KIKI|2/100
|-unboost|p2a: Rayquaza|def|1
|-unboost|p2a: Rayquaza|spd|1
|move|p1a: KIKI|Max Hailstorm|p2a: Rayquaza
|-activate||deltastream
|-supereffective|p2a: Rayquaza
|-damage|p2a: Rayquaza|0 fnt
|-weather|Hail
|faint|p2a: Rayquaza
|
|-weather|Hail|[upkeep]
|-damage|p1a: KIKI|0 fnt|[from] Hail
|faint|p1a: KIKI
|upkeep
|
|t:|1653317775
|switch|p2a: Ditto|Ditto|100/100
|switch|p1a: Faith gang|Marshadow|100/100
|-damage|p1a: Faith gang|94/100|[from] Stealth Rock
|-transform|p2a: Ditto|p1a: Faith gang|[from] ability: Imposter
|turn|12
|c|☆KANN ar KANN|gg wp
|
|t:|1653317792
|move|p1a: Faith gang|Shadow Sneak|p2a: Ditto
|-supereffective|p2a: Ditto
|-damage|p2a: Ditto|12/100
|move|p2a: Ditto|Spectral Thief|p1a: Faith gang
|-supereffective|p1a: Faith gang
|-damage|p1a: Faith gang|0 fnt
|faint|p1a: Faith gang
|
|-weather|Hail|[upkeep]
|-damage|p2a: Ditto|6/100|[from] Hail
|upkeep
|
|t:|1653317796
|switch|p1a: Skilos|Zacian-Crowned, shiny|100/100
|-damage|p1a: Skilos|94/100|[from] Stealth Rock
|-ability|p1a: Skilos|Intrepid Sword|boost
|-boost|p1a: Skilos|atk|1
|turn|13
|j| internetharasser
|
|t:|1653317810
|switch|p2a: Kyogre|Kyogre-Primal|37/100
|-weather|PrimordialSea|[from] ability: Primordial Sea|[of] p2a: Kyogre
|move|p1a: Skilos|Substitute|p1a: Skilos
|-start|p1a: Skilos|Substitute
|-damage|p1a: Skilos|70/100
|
|-weather|PrimordialSea|[upkeep]
|upkeep
|turn|14
|
|t:|1653317819
|move|p1a: Skilos|Behemoth Blade|p2a: Kyogre
|-resisted|p2a: Kyogre
|-damage|p2a: Kyogre|0 fnt
|faint|p2a: Kyogre
|-weather|none
|
|upkeep
|
|t:|1653317827
|switch|p2a: Marshadow|Marshadow|100/100
|turn|15
|
|t:|1653317831
|move|p2a: Marshadow|Shadow Sneak|p1a: Skilos
|-end|p1a: Skilos|Substitute
|-damage|p2a: Marshadow|91/100|[from] item: Life Orb
|move|p1a: Skilos|Behemoth Blade|p2a: Marshadow
|-damage|p2a: Marshadow|0 fnt
|faint|p2a: Marshadow
|
|upkeep
|
|t:|1653317841
|switch|p2a: Ditto|Ditto|6/100
|-transform|p2a: Ditto|p1a: Skilos|[from] ability: Imposter
|-ability|p2a: Ditto|Intrepid Sword|boost
|-boost|p2a: Ditto|atk|1
|turn|16
|c|☆KANN ar KANN|still more wp
|
|t:|1653317849
|move|p2a: Ditto|Behemoth Blade|p1a: Skilos
|-damage|p1a: Skilos|0 fnt
|faint|p1a: Skilos
|
|win|85792195wwww
|raw|KANN ar KANN's rating: 1666 &rarr; <strong>1651</strong><br />(-15 for losing)
|raw|85792195wwww's rating: 1764 &rarr; <strong>1779</strong><br />(+15 for winning)
|l|☆KANN ar KANN
