|j|☆Matsui_Miyako
|j|☆PowKiddy
|t:|1660685581
|gametype|singles
|player|p1|Matsui_Miyako|silver|1618
|player|p2|PowKiddy|mira|1705
|teamsize|p1|6
|teamsize|p2|6
|gen|8
|tier|[Gen 8] National Dex AG
|rated|
|rule|HP Percentage Mod: HP is shown in percentages
|rule|Endless Battle Clause: Forcing endless battles is banned
|clearpoke
|poke|p1|Rayquaza|
|poke|p1|Kyogre|
|poke|p1|Victini|
|poke|p1|Groudon|
|poke|p1|Tyranitar, M|
|poke|p1|Calyrex-Shadow|
|poke|p2|Yveltal|
|poke|p2|Rayquaza|
|poke|p2|Groudon|
|poke|p2|Ditto|
|poke|p2|Zacian-*|
|poke|p2|Calyrex-Shadow|
|teampreview
|
|t:|1660685593
|start
|switch|p1a: not a legendary|Victini|100/100
|switch|p2a: Calyrex|Calyrex-Shadow|100/100
|-ability|p2a: Calyrex|As One
|-ability|p2a: Calyrex|Unnerve
|turn|1
|
|t:|1660685601
|move|p1a: not a legendary|Trick|p2a: Calyrex
|-activate|p1a: not a legendary|move: Trick|[of] p2a: Calyrex
|-item|p2a: Calyrex|Choice Scarf|[from] move: Trick
|-item|p1a: not a legendary|Focus Sash|[from] move: Trick
|move|p2a: Calyrex|Astral Barrage|p1a: not a legendary
|-supereffective|p1a: not a legendary
|-enditem|p1a: not a legendary|Focus Sash
|-damage|p1a: not a legendary|1/100
|
|upkeep
|turn|2
|
|t:|1660685612
|switch|p2a: Groudon|Groudon|100/100
|detailschange|p2a: Groudon|Groudon-Primal
|-primal|p2a: Groudon
|-weather|DesolateLand|[from] ability: Desolate Land|[of] p2a: Groudon
|move|p1a: not a legendary|U-turn|p2a: Groudon
|-resisted|p2a: Groudon
|-damage|p2a: Groudon|95/100
|
|t:|1660685617
|switch|p1a: what happened?|Groudon|100/100|[from]move: U-turn
|detailschange|p1a: what happened?|Groudon-Primal
|-primal|p1a: what happened?
|
|-weather|DesolateLand|[upkeep]
|upkeep
|turn|3
|
|t:|1660685636
|move|p1a: what happened?|Stealth Rock|p2a: Groudon
|-sidestart|p2: PowKiddy|move: Stealth Rock
|move|p2a: Groudon|Precipice Blades|p1a: what happened?
|-supereffective|p1a: what happened?
|-damage|p1a: what happened?|14/100
|
|-weather|DesolateLand|[upkeep]
|upkeep
|turn|4
|
|t:|1660685645
|switch|p1a: Rayquaza|Rayquaza|100/100
|-ability|p1a: Rayquaza|Air Lock
|move|p2a: Groudon|Earthquake|p1a: Rayquaza
|-immune|p1a: Rayquaza
|
|-weather|DesolateLand|[upkeep]
|upkeep
|turn|5
|
|t:|1660685652
|detailschange|p1a: Rayquaza|Rayquaza-Mega
|-mega|p1a: Rayquaza|Rayquaza|
|-weather|DeltaStream|[from] ability: Delta Stream|[of] p1a: Rayquaza
|move|p1a: Rayquaza|Scale Shot|p2a: Groudon
|-damage|p2a: Groudon|79/100
|-damage|p2a: Groudon|64/100
|-hitcount|p2a: Groudon|2
|-unboost|p1a: Rayquaza|def|1
|-boost|p1a: Rayquaza|spe|1
|-damage|p1a: Rayquaza|91/100|[from] item: Life Orb
|move|p2a: Groudon|Stone Edge|p1a: Rayquaza
|-activate||deltastream
|-damage|p1a: Rayquaza|28/100
|
|-weather|DeltaStream|[upkeep]
|upkeep
|turn|6
|
|t:|1660685667
|move|p1a: Rayquaza|Dragon Ascent|p2a: Groudon
|-damage|p2a: Groudon|0 fnt
|-unboost|p1a: Rayquaza|def|1
|-unboost|p1a: Rayquaza|spd|1
|faint|p2a: Groudon
|-damage|p1a: Rayquaza|18/100|[from] item: Life Orb
|
|-weather|DeltaStream|[upkeep]
|upkeep
|
|t:|1660685675
|switch|p2a: Ditto|Ditto|100/100
|-damage|p2a: Ditto|88/100|[from] Stealth Rock
|-transform|p2a: Ditto|p1a: Rayquaza|[from] ability: Imposter
|turn|7
|
|t:|1660685678
|move|p2a: Ditto|Extreme Speed|p1a: Rayquaza
|-damage|p1a: Rayquaza|0 fnt
|faint|p1a: Rayquaza
|
|-weather|DeltaStream|[upkeep]
|upkeep
|
|t:|1660685689
|switch|p1a: Calyrex|Calyrex-Shadow|100/100
|-ability|p1a: Calyrex|As One
|-ability|p1a: Calyrex|Unnerve
|turn|8
|
|t:|1660685698
|-weather|none
|switch|p2a: Yveltal|Yveltal|100/100
|-damage|p2a: Yveltal|76/100|[from] Stealth Rock
|-ability|p2a: Yveltal|Dark Aura
|move|p1a: Calyrex|Substitute|p1a: Calyrex
|-start|p1a: Calyrex|Substitute
|-damage|p1a: Calyrex|76/100
|
|upkeep
|turn|9
|inactive|Battle timer is ON: inactive players will automatically lose when time's up. (requested by Matsui_Miyako)
|
|t:|1660685704
|-start|p2a: Yveltal|Dynamax|
|-heal|p2a: Yveltal|76/100|[silent]
|move|p1a: Calyrex|Nasty Plot|p1a: Calyrex
|-boost|p1a: Calyrex|spa|2
|move|p2a: Yveltal|Max Airstream|p1a: Calyrex
|-end|p1a: Calyrex|Substitute
|-boost|p2a: Yveltal|spe|1
|
|upkeep
|turn|10
|
|t:|1660685715
|move|p2a: Yveltal|Max Ooze|p1a: Calyrex
|-resisted|p1a: Calyrex
|-damage|p1a: Calyrex|58/100
|-boost|p2a: Yveltal|spa|1
|-zpower|p1a: Calyrex
|move|p1a: Calyrex|Savage Spin-Out|p2a: Yveltal|[zeffect]
|-damage|p2a: Yveltal|10/100
|
|upkeep
|turn|11
|
|t:|1660685728
|move|p2a: Yveltal|Max Darkness|p1a: Calyrex
|-supereffective|p1a: Calyrex
|-damage|p1a: Calyrex|0 fnt
|faint|p1a: Calyrex
|
|upkeep
|
|t:|1660685741
|switch|p1a: what happened?|Groudon-Primal|14/100
|-weather|DesolateLand|[from] ability: Desolate Land|[of] p1a: what happened?
|-end|p2a: Yveltal|Dynamax
|-heal|p2a: Yveltal|10/100|[silent]
|turn|12
|
|t:|1660685746
|move|p2a: Yveltal|Oblivion Wing|p1a: what happened?
|-damage|p1a: what happened?|0 fnt
|-heal|p2a: Yveltal|21/100|[from] drain|[of] p1a: what happened?
|faint|p1a: what happened?
|-weather|none
|
|upkeep
|
|t:|1660685763
|switch|p1a: Tyranitar|Tyranitar, M|100/100
|-weather|Sandstorm|[from] ability: Sand Stream|[of] p1a: Tyranitar
|turn|13
|
|t:|1660685768
|move|p2a: Yveltal|Oblivion Wing|p1a: Tyranitar
|-resisted|p1a: Tyranitar
|-damage|p1a: Tyranitar|80/100
|-heal|p2a: Yveltal|37/100|[from] drain|[of] p1a: Tyranitar
|move|p1a: Tyranitar|Rock Tomb|p2a: Yveltal
|-supereffective|p2a: Yveltal
|-damage|p2a: Yveltal|0 fnt
|faint|p2a: Yveltal
|
|-weather|Sandstorm|[upkeep]
|upkeep
|
|t:|1660685772
|switch|p2a: Zacian|Zacian-Crowned|100/100
|-damage|p2a: Zacian|94/100|[from] Stealth Rock
|-ability|p2a: Zacian|Intrepid Sword|boost
|-boost|p2a: Zacian|atk|1
|turn|14
|
|t:|1660685785
|move|p2a: Zacian|Behemoth Blade|p1a: Tyranitar
|-supereffective|p1a: Tyranitar
|-damage|p1a: Tyranitar|0 fnt
|faint|p1a: Tyranitar
|
|-weather|Sandstorm|[upkeep]
|upkeep
|
|t:|1660685789
|switch|p1a: not a legendary|Victini|1/100
|turn|15
|
|t:|1660685793
|move|p2a: Zacian|Behemoth Blade|p1a: not a legendary
|-resisted|p1a: not a legendary
|-damage|p1a: not a legendary|0 fnt
|faint|p1a: not a legendary
|
|-weather|Sandstorm|[upkeep]
|upkeep
|
|t:|1660685796
|switch|p1a: Kyogre|Kyogre|100/100
|-weather|RainDance|[from] ability: Drizzle|[of] p1a: Kyogre
|turn|16
|
|t:|1660685803
|move|p1a: Kyogre|Water Spout|p2a: Zacian
|-damage|p2a: Zacian|0 fnt
|faint|p2a: Zacian
|
|-weather|RainDance|[upkeep]
|upkeep
|l|☆Matsui_Miyako
|inactive|Matsui_Miyako disconnected and has a minute to reconnect!
|player|p1|
|
|t:|1660685813
|switch|p2a: Rayquaza|Rayquaza|100/100
|-damage|p2a: Rayquaza|76/100|[from] Stealth Rock
|-ability|p2a: Rayquaza|Air Lock
|turn|17
|inactive|Matsui_Miyako has 30 seconds to reconnect!
|j|☆Matsui_Miyako
|inactive|Matsui_Miyako reconnected and has 115 seconds left.
|player|p1|Matsui_Miyako|silver
|
|t:|1660685851
|detailschange|p2a: Rayquaza|Rayquaza-Mega
|-mega|p2a: Rayquaza|Rayquaza|
|-weather|DeltaStream|[from] ability: Delta Stream|[of] p2a: Rayquaza
|-start|p1a: Kyogre|Dynamax|
|-heal|p1a: Kyogre|100/100|[silent]
|move|p2a: Rayquaza|Extreme Speed|p1a: Kyogre
|-damage|p1a: Kyogre|78/100
|move|p1a: Kyogre|Max Hailstorm|p2a: Rayquaza
|-activate||deltastream
|-supereffective|p2a: Rayquaza
|-damage|p2a: Rayquaza|0 fnt
|-weather|Hail
|faint|p2a: Rayquaza
|
|-weather|Hail|[upkeep]
|-damage|p1a: Kyogre|75/100|[from] Hail
|upkeep
|
|t:|1660685865
|switch|p2a: Calyrex|Calyrex-Shadow|100/100
|-ability|p2a: Calyrex|As One
|-ability|p2a: Calyrex|Unnerve
|-damage|p2a: Calyrex|88/100|[from] Stealth Rock
|turn|18
|
|t:|1660685871
|move|p2a: Calyrex|Astral Barrage|p1a: Kyogre
|-damage|p1a: Kyogre|48/100
|move|p1a: Kyogre|Max Geyser|p2a: Calyrex
|-damage|p2a: Calyrex|0 fnt
|-weather|RainDance
|faint|p2a: Calyrex
|
|-weather|RainDance|[upkeep]
|upkeep
|
|t:|1660685878
|switch|p2a: Ditto|Ditto|88/100
|-damage|p2a: Ditto|76/100|[from] Stealth Rock
|-transform|p2a: Ditto|p1a: Kyogre|[from] ability: Imposter
|turn|19
|l|☆Matsui_Miyako
|inactive|Matsui_Miyako disconnected and has a minute to reconnect!
|player|p1|
|inactive|Matsui_Miyako has 30 seconds to reconnect!
|inactive|Matsui_Miyako has 20 seconds to reconnect!
|j|☆Matsui_Miyako
|inactive|Matsui_Miyako reconnected and has 100 seconds left.
|player|p1|Matsui_Miyako|silver
|
|t:|1660685925
|move|p2a: Ditto|Thunder|p1a: Kyogre
|-supereffective|p1a: Kyogre
|-damage|p1a: Kyogre|14/100
|move|p1a: Kyogre|Max Lightning|p2a: Ditto
|-supereffective|p2a: Ditto
|-damage|p2a: Ditto|0 fnt
|-fieldstart|move: Electric Terrain
|faint|p2a: Ditto
|
|win|Matsui_Miyako
|raw|Matsui_Miyako's rating: 1626 &rarr; <strong>1650</strong><br />(+24 for winning)
|raw|PowKiddy's rating: 1705 &rarr; <strong>1681</strong><br />(-24 for losing)
|c|☆Matsui_Miyako|ggs
||Ladder isn't responding, score probably updated but might not have (Request timeout).
