|j|☆yiyi yizi
|j|☆Emorawr79
|t:|1641929524
|gametype|singles
|player|p1|yiyi yizi|hilbert|1527
|player|p2|Emorawr79|265|1734
|teamsize|p1|6
|teamsize|p2|6
|gen|8
|tier|[Gen 8] National Dex AG
|rated|
|rule|HP Percentage Mod: HP is shown in percentages
|rule|Endless Battle Clause: Forcing endless battles is banned
|clearpoke
|poke|p1|Whimsicott, M|
|poke|p1|Gliscor, F|
|poke|p1|Sableye, M|
|poke|p1|Corsola-Galar, F|
|poke|p1|Greninja, M|
|poke|p1|Necrozma-Dusk-Mane|
|poke|p2|Calyrex-Shadow|
|poke|p2|Zacian-*|
|poke|p2|Smeargle, F|
|poke|p2|Zygarde|
|poke|p2|Ditto|
|poke|p2|Arceus-*|
|teampreview
|inactive|Battle timer is ON: inactive players will automatically lose when time's up. (requested by yiyi yizi)
|
|t:|1641929531
|start
|switch|p1a: Greninja|Greninja, M|100/100
|switch|p2a: Smeargle|Smeargle, F|100/100
|turn|1
|
|t:|1641929538
|switch|p1a: Whimsicott|Whimsicott, M, shiny|100/100
|move|p2a: Smeargle|Spore|p1a: Whimsicott
|-immune|p1a: Whimsicott
|
|-ability|p2a: Smeargle|Moody|boost
|-boost|p2a: Smeargle|spe|2
|-unboost|p2a: Smeargle|spa|1
|upkeep
|turn|2
|
|t:|1641929542
|move|p1a: Whimsicott|Leech Seed|p2a: Smeargle
|-start|p2a: Smeargle|move: Leech Seed
|move|p2a: Smeargle|Sticky Web|p1a: Whimsicott
|-sidestart|p1: yiyi yizi|move: Sticky Web
|
|-damage|p2a: Smeargle|88/100|[from] Leech Seed|[of] p1a: Whimsicott
|-ability|p2a: Smeargle|Moody|boost
|-boost|p2a: Smeargle|spd|2
|-unboost|p2a: Smeargle|spa|1
|upkeep
|turn|3
|
|t:|1641929544
|move|p1a: Whimsicott|Encore|p2a: Smeargle
|-start|p2a: Smeargle|Encore
|move|p2a: Smeargle|Sticky Web||[still]
|-fail|p2a: Smeargle
|
|-damage|p2a: Smeargle|76/100|[from] Leech Seed|[of] p1a: Whimsicott
|-ability|p2a: Smeargle|Moody|boost
|-boost|p2a: Smeargle|atk|2
|-unboost|p2a: Smeargle|def|1
|upkeep
|turn|4
|
|t:|1641929549
|switch|p2a: Calyrex|Calyrex-Shadow|100/100
|-ability|p2a: Calyrex|As One
|-ability|p2a: Calyrex|Unnerve
|switch|p1a: Gliscor|Gliscor, F|100/100
|
|-status|p1a: Gliscor|tox|[from] item: Toxic Orb
|upkeep
|turn|5
|
|t:|1641929552
|move|p2a: Calyrex|Astral Barrage|p1a: Gliscor
|-damage|p1a: Gliscor|2/100 tox
|move|p1a: Gliscor|Toxic|p2a: Calyrex
|-status|p2a: Calyrex|tox
|
|-damage|p2a: Calyrex|94/100 tox|[from] psn
|-heal|p1a: Gliscor|14/100 tox|[from] ability: Poison Heal
|upkeep
|turn|6
|
|t:|1641929557
|move|p1a: Gliscor|Protect|p1a: Gliscor
|-singleturn|p1a: Gliscor|Protect
|move|p2a: Calyrex|Astral Barrage|p1a: Gliscor
|-activate|p1a: Gliscor|move: Protect
|
|-damage|p2a: Calyrex|82/100 tox|[from] psn
|-heal|p1a: Gliscor|27/100 tox|[from] ability: Poison Heal
|upkeep
|turn|7
|
|t:|1641929560
|switch|p1a: Greninja|Greninja, M|100/100
|-activate|p1a: Greninja|move: Sticky Web
|-unboost|p1a: Greninja|spe|1
|move|p2a: Calyrex|Astral Barrage|p1a: Greninja
|-resisted|p1a: Greninja
|-damage|p1a: Greninja|61/100
|
|-damage|p2a: Calyrex|64/100 tox|[from] psn
|upkeep
|turn|8
|
|t:|1641929566
|move|p1a: Greninja|Water Shuriken|p2a: Calyrex
|-damage|p2a: Calyrex|57/100 tox
|-damage|p2a: Calyrex|49/100 tox
|-damage|p2a: Calyrex|41/100 tox
|-damage|p2a: Calyrex|34/100 tox
|-hitcount|p2a: Calyrex|4
|move|p2a: Calyrex|Draining Kiss|p1a: Greninja
|-supereffective|p1a: Greninja
|-crit|p1a: Greninja
|-damage|p1a: Greninja|0 fnt
|-heal|p2a: Calyrex|72/100 tox|[from] drain|[of] p1a: Greninja
|faint|p1a: Greninja
|-ability|p2a: Calyrex|Grim Neigh|boost
|-boost|p2a: Calyrex|spa|1
|
|-damage|p2a: Calyrex|47/100 tox|[from] psn
|upkeep
|
|t:|1641929572
|switch|p1a: Whimsicott|Whimsicott, M, shiny|100/100
|-activate|p1a: Whimsicott|move: Sticky Web
|-unboost|p1a: Whimsicott|spe|1
|turn|9
|
|t:|1641929574
|move|p1a: Whimsicott|Protect|p1a: Whimsicott
|-singleturn|p1a: Whimsicott|Protect
|move|p2a: Calyrex|Astral Barrage|p1a: Whimsicott
|-activate|p1a: Whimsicott|move: Protect
|
|-damage|p2a: Calyrex|17/100 tox|[from] psn
|upkeep
|turn|10
|
|t:|1641929578
|move|p1a: Whimsicott|Substitute|p1a: Whimsicott
|-start|p1a: Whimsicott|Substitute
|-damage|p1a: Whimsicott|75/100
|move|p2a: Calyrex|Astral Barrage|p1a: Whimsicott
|-crit|p1a: Whimsicott
|-end|p1a: Whimsicott|Substitute
|
|-heal|p1a: Whimsicott|82/100|[from] item: Leftovers
|-damage|p2a: Calyrex|0 fnt|[from] psn
|faint|p2a: Calyrex
|upkeep
|
|t:|1641929581
|switch|p2a: Arceus|Arceus|100/100
|turn|11
|
|t:|1641929587
|move|p2a: Arceus|Extreme Speed|p1a: Whimsicott
|-damage|p1a: Whimsicott|37/100
|move|p1a: Whimsicott|Leech Seed|p2a: Arceus
|-start|p2a: Arceus|move: Leech Seed
|
|-heal|p1a: Whimsicott|43/100|[from] item: Leftovers
|-damage|p2a: Arceus|88/100|[from] Leech Seed|[of] p1a: Whimsicott
|-heal|p1a: Whimsicott|58/100|[silent]
|upkeep
|turn|12
|
|t:|1641929592
|switch|p1a: Sableye|Sableye, M|100/100
|-activate|p1a: Sableye|move: Sticky Web
|-unboost|p1a: Sableye|spe|1
|move|p2a: Arceus|Swords Dance|p2a: Arceus
|-boost|p2a: Arceus|atk|2
|
|-damage|p2a: Arceus|76/100|[from] Leech Seed|[of] p1a: Sableye
|upkeep
|turn|13
|
|t:|1641929596
|detailschange|p1a: Sableye|Sableye-Mega, M
|-mega|p1a: Sableye|Sableye|Sablenite
|-start|p2a: Arceus|Dynamax
|-heal|p2a: Arceus|76/100|[silent]
|move|p2a: Arceus|Max Phantasm|p1a: Sableye
|-damage|p1a: Sableye|46/100
|-unboost|p1a: Sableye|def|1
|move|p1a: Sableye|Will-O-Wisp|p2a: Arceus
|-status|p2a: Arceus|brn
|
|-damage|p2a: Arceus|70/100 brn|[from] Leech Seed|[of] p1a: Sableye
|-heal|p1a: Sableye|61/100|[silent]
|-damage|p2a: Arceus|67/100 brn|[from] brn
|upkeep
|turn|14
|-message|Emorawr79 forfeited.
|
|win|yiyi yizi
|raw|yiyi yizi's rating: 1527 &rarr; <strong>1558</strong><br />(+31 for winning)
|raw|Emorawr79's rating: 1734 &rarr; <strong>1703</strong><br />(-31 for losing)
|l|☆Emorawr79
