|j|☆WTF The Stall
|j|☆alwaysrinse
|t:|1622252477
|gametype|singles
|player|p1|WTF The Stall|nate|1835
|player|p2|alwaysrinse|169|1824
|teamsize|p1|6
|teamsize|p2|6
|gen|8
|tier|[Gen 8] National Dex AG
|rated|
|rule|HP Percentage Mod: HP is shown in percentages
|rule|Endless Battle Clause: Forcing endless battles is banned
|clearpoke
|poke|p1|Rayquaza|
|poke|p1|Arceus-*|
|poke|p1|Necrozma-Dusk-Mane|
|poke|p1|Ho-Oh|
|poke|p1|Arceus-*|
|poke|p1|Ditto|
|poke|p2|Quagsire, F|
|poke|p2|Chansey, F|
|poke|p2|Tyranitar, M|
|poke|p2|Lugia|
|poke|p2|Sableye, F|
|poke|p2|Giratina|
|teampreview
|
|t:|1622252486
|start
|switch|p1a: Ho-Oh|Ho-Oh|100/100
|switch|p2a: Sableye|Sableye, F|100/100
|turn|1
|inactive|Battle timer is ON: inactive players will automatically lose when time's up. (requested by WTF The Stall)
|
|t:|1622252528
|detailschange|p2a: Sableye|Sableye-Mega, F
|-mega|p2a: Sableye|Sableye|Sablenite
|move|p2a: Sableye|Fake Out|p1a: Ho-Oh
|-damage|p1a: Ho-Oh|95/100
|cant|p1a: Ho-Oh|flinch
|
|upkeep
|turn|2
|
|t:|1622252544
|switch|p2a: Tyranitar|Tyranitar, M|100/100
|-weather|Sandstorm|[from] ability: Sand Stream|[of] p2a: Tyranitar
|move|p1a: Ho-Oh|Sacred Fire|p2a: Tyranitar
|-resisted|p2a: Tyranitar
|-damage|p2a: Tyranitar|84/100
|-status|p2a: Tyranitar|brn
|
|-weather|Sandstorm|[upkeep]
|-damage|p1a: Ho-Oh|89/100|[from] Sandstorm
|-heal|p2a: Tyranitar|90/100 brn|[from] item: Leftovers
|-damage|p2a: Tyranitar|84/100 brn|[from] brn
|upkeep
|turn|3
|
|t:|1622252548
|switch|p1a: Arceus|Arceus-Fairy|100/100
|move|p2a: Tyranitar|Stealth Rock|p1a: Arceus
|-sidestart|p1: WTF The Stall|move: Stealth Rock
|
|-weather|Sandstorm|[upkeep]
|-damage|p1a: Arceus|94/100|[from] Sandstorm
|-heal|p2a: Tyranitar|90/100 brn|[from] item: Leftovers
|-damage|p2a: Tyranitar|84/100 brn|[from] brn
|upkeep
|turn|4
|
|t:|1622252553
|switch|p1a: Ho-Oh|Ho-Oh|100/100
|switch|p2a: Chansey|Chansey, F|100/100
|
|-weather|Sandstorm|[upkeep]
|-damage|p1a: Ho-Oh|94/100|[from] Sandstorm
|-damage|p2a: Chansey|94/100|[from] Sandstorm
|upkeep
|turn|5
|
|t:|1622252557
|switch|p2a: Tyranitar|Tyranitar, M|84/100 brn
|move|p1a: Ho-Oh|Defog|p2a: Tyranitar
|-unboost|p2a: Tyranitar|evasion|1
|-sideend|p1: WTF The Stall|Stealth Rock|[from] move: Defog|[of] p1a: Ho-Oh
|
|-weather|Sandstorm|[upkeep]
|-damage|p1a: Ho-Oh|88/100|[from] Sandstorm
|-heal|p2a: Tyranitar|90/100 brn|[from] item: Leftovers
|-damage|p2a: Tyranitar|84/100 brn|[from] brn
|upkeep
|turn|6
|
|t:|1622252565
|move|p1a: Ho-Oh|Sacred Fire|p2a: Tyranitar
|-resisted|p2a: Tyranitar
|-damage|p2a: Tyranitar|68/100 brn
|move|p2a: Tyranitar|Stealth Rock|p1a: Ho-Oh
|-sidestart|p1: WTF The Stall|move: Stealth Rock
|
|-weather|none
|-heal|p2a: Tyranitar|75/100 brn|[from] item: Leftovers
|-damage|p2a: Tyranitar|68/100 brn|[from] brn
|upkeep
|turn|7
|
|t:|1622252570
|move|p1a: Ho-Oh|Defog|p2a: Tyranitar
|-unboost|p2a: Tyranitar|evasion|1
|-sideend|p1: WTF The Stall|Stealth Rock|[from] move: Defog|[of] p1a: Ho-Oh
|move|p2a: Tyranitar|Rock Tomb|p1a: Ho-Oh
|-supereffective|p1a: Ho-Oh
|-damage|p1a: Ho-Oh|56/100
|-unboost|p1a: Ho-Oh|spe|1
|
|-heal|p2a: Tyranitar|75/100 brn|[from] item: Leftovers
|-damage|p2a: Tyranitar|68/100 brn|[from] brn
|upkeep
|turn|8
|
|t:|1622252576
|move|p2a: Tyranitar|Stealth Rock|p1a: Ho-Oh
|-sidestart|p1: WTF The Stall|move: Stealth Rock
|move|p1a: Ho-Oh|Sacred Fire|p2a: Tyranitar
|-resisted|p2a: Tyranitar
|-damage|p2a: Tyranitar|52/100 brn
|
|-heal|p2a: Tyranitar|59/100 brn|[from] item: Leftovers
|-damage|p2a: Tyranitar|52/100 brn|[from] brn
|upkeep
|turn|9
|
|t:|1622252582
|move|p2a: Tyranitar|Rest|p2a: Tyranitar
|-status|p2a: Tyranitar|slp|[from] move: Rest
|-heal|p2a: Tyranitar|100/100 slp|[silent]
|move|p1a: Ho-Oh|Defog|p2a: Tyranitar
|-unboost|p2a: Tyranitar|evasion|1
|-sideend|p1: WTF The Stall|Stealth Rock|[from] move: Defog|[of] p1a: Ho-Oh
|
|upkeep
|turn|10
|
|t:|1622252585
|switch|p1a: Rayquaza|Rayquaza|100/100
|-ability|p1a: Rayquaza|Air Lock
|cant|p2a: Tyranitar|slp
|
|upkeep
|turn|11
|
|t:|1622252588
|switch|p2a: Lugia|Lugia|100/100
|detailschange|p1a: Rayquaza|Rayquaza-Mega
|-mega|p1a: Rayquaza|Rayquaza|
|-weather|DeltaStream|[from] ability: Delta Stream|[of] p1a: Rayquaza
|move|p1a: Rayquaza|Dragon Ascent|p2a: Lugia
|-damage|p2a: Lugia|74/100
|-unboost|p1a: Rayquaza|def|1
|-unboost|p1a: Rayquaza|spd|1
|-damage|p1a: Rayquaza|91/100|[from] item: Life Orb
|
|-weather|DeltaStream|[upkeep]
|upkeep
|turn|12
|
|t:|1622252590
|move|p1a: Rayquaza|Dragon Ascent|p2a: Lugia
|-damage|p2a: Lugia|23/100
|-unboost|p1a: Rayquaza|def|1
|-unboost|p1a: Rayquaza|spd|1
|-damage|p1a: Rayquaza|81/100|[from] item: Life Orb
|move|p2a: Lugia|Roost|p2a: Lugia
|-heal|p2a: Lugia|73/100
|-singleturn|p2a: Lugia|move: Roost
|
|-weather|DeltaStream|[upkeep]
|upkeep
|turn|13
|
|t:|1622252599
|move|p1a: Rayquaza|Dragon Ascent|p2a: Lugia
|-damage|p2a: Lugia|25/100
|-unboost|p1a: Rayquaza|def|1
|-unboost|p1a: Rayquaza|spd|1
|-damage|p1a: Rayquaza|71/100|[from] item: Life Orb
|move|p2a: Lugia|Roost|p2a: Lugia
|-heal|p2a: Lugia|75/100
|-singleturn|p2a: Lugia|move: Roost
|
|-weather|DeltaStream|[upkeep]
|upkeep
|turn|14
|
|t:|1622252606
|-weather|none
|switch|p1a: Arceus|Arceus-Dark|100/100
|move|p2a: Lugia|Roost|p2a: Lugia
|-heal|p2a: Lugia|100/100
|-singleturn|p2a: Lugia|move: Roost
|
|upkeep
|turn|15
|
|t:|1622252611
|switch|p2a: Chansey|Chansey, F|94/100
|move|p1a: Arceus|Calm Mind|p1a: Arceus
|-boost|p1a: Arceus|spa|1
|-boost|p1a: Arceus|spd|1
|
|upkeep
|turn|16
|
|t:|1622252618
|switch|p1a: Necrozma|Necrozma-Dusk-Mane|100/100
|switch|p2a: Tyranitar|Tyranitar, M|100/100 slp
|-weather|Sandstorm|[from] ability: Sand Stream|[of] p2a: Tyranitar
|
|-weather|Sandstorm|[upkeep]
|upkeep
|turn|17
|
|t:|1622252622
|switch|p2a: Sableye|Sableye-Mega, F|100/100
|move|p1a: Necrozma|Sunsteel Strike|p2a: Sableye
|-damage|p2a: Sableye|64/100
|
|-weather|Sandstorm|[upkeep]
|-damage|p2a: Sableye|58/100|[from] Sandstorm
|upkeep
|turn|18
|
|t:|1622252635
|move|p1a: Necrozma|Sunsteel Strike|p2a: Sableye
|-damage|p2a: Sableye|25/100
|move|p2a: Sableye|Recover|p2a: Sableye
|-heal|p2a: Sableye|75/100
|
|-weather|Sandstorm|[upkeep]
|-damage|p2a: Sableye|69/100|[from] Sandstorm
|upkeep
|turn|19
|
|t:|1622252640
|switch|p1a: Arceus|Arceus-Fairy|94/100
|move|p2a: Sableye|Recover|p2a: Sableye
|-heal|p2a: Sableye|100/100
|
|-weather|Sandstorm|[upkeep]
|-damage|p1a: Arceus|88/100|[from] Sandstorm
|-damage|p2a: Sableye|94/100|[from] Sandstorm
|upkeep
|turn|20
|
|t:|1622252644
|switch|p2a: Chansey|Chansey, F|94/100
|move|p1a: Arceus|Calm Mind|p1a: Arceus
|-boost|p1a: Arceus|spa|1
|-boost|p1a: Arceus|spd|1
|
|-weather|none
|upkeep
|turn|21
|
|t:|1622252647
|move|p1a: Arceus|Judgment|p2a: Chansey
|-damage|p2a: Chansey|77/100
|move|p2a: Chansey|Toxic|p1a: Arceus|[miss]
|-miss|p2a: Chansey|p1a: Arceus
|
|upkeep
|turn|22
|
|t:|1622252651
|move|p1a: Arceus|Calm Mind|p1a: Arceus
|-boost|p1a: Arceus|spa|1
|-boost|p1a: Arceus|spd|1
|move|p2a: Chansey|Toxic|p1a: Arceus
|-status|p1a: Arceus|tox
|
|-damage|p1a: Arceus|82/100 tox|[from] psn
|upkeep
|turn|23
|
|t:|1622252655
|move|p1a: Arceus|Refresh|p1a: Arceus
|-curestatus|p1a: Arceus|tox|[msg]
|move|p2a: Chansey|Soft-Boiled|p2a: Chansey
|-heal|p2a: Chansey|100/100
|
|upkeep
|turn|24
|
|t:|1622252659
|move|p1a: Arceus|Calm Mind|p1a: Arceus
|-boost|p1a: Arceus|spa|1
|-boost|p1a: Arceus|spd|1
|move|p2a: Chansey|Toxic|p1a: Arceus
|-status|p1a: Arceus|tox
|
|-damage|p1a: Arceus|76/100 tox|[from] psn
|upkeep
|turn|25
|
|t:|1622252665
|switch|p2a: Quagsire|Quagsire, F|100/100
|move|p1a: Arceus|Refresh|p1a: Arceus
|-curestatus|p1a: Arceus|tox|[msg]
|
|upkeep
|turn|26
|
|t:|1622252669
|move|p1a: Arceus|Judgment|p2a: Quagsire
|-damage|p2a: Quagsire|44/100
|move|p2a: Quagsire|Haze|p2a: Quagsire
|-clearallboost
|
|-heal|p2a: Quagsire|50/100|[from] item: Leftovers
|upkeep
|turn|27
|
|t:|1622252678
|switch|p2a: Lugia|Lugia|100/100
|move|p1a: Arceus|Judgment|p2a: Lugia
|-damage|p2a: Lugia|87/100
|
|upkeep
|turn|28
|
|t:|1622252682
|switch|p1a: Necrozma|Necrozma-Dusk-Mane|100/100
|move|p2a: Lugia|Toxic|p1a: Necrozma
|-immune|p1a: Necrozma
|
|upkeep
|turn|29
|
|t:|1622252685
|switch|p2a: Sableye|Sableye-Mega, F|94/100
|switch|p1a: Arceus|Arceus-Fairy|76/100
|
|upkeep
|turn|30
|
|t:|1622252690
|switch|p1a: Necrozma|Necrozma-Dusk-Mane|100/100
|switch|p2a: Lugia|Lugia|87/100
|
|upkeep
|turn|31
|
|t:|1622252697
|switch|p2a: Sableye|Sableye-Mega, F|94/100
|move|p1a: Necrozma|Knock Off|p2a: Sableye
|-damage|p2a: Sableye|79/100
|
|upkeep
|turn|32
|
|t:|1622252706
|switch|p1a: Arceus|Arceus-Fairy|76/100
|move|p2a: Sableye|Will-O-Wisp|p1a: Arceus
|-status|p1a: Arceus|brn
|
|-damage|p1a: Arceus|70/100 brn|[from] brn
|upkeep
|turn|33
|
|t:|1622252712
|switch|p2a: Lugia|Lugia|87/100
|move|p1a: Arceus|Calm Mind|p1a: Arceus
|-boost|p1a: Arceus|spa|1
|-boost|p1a: Arceus|spd|1
|
|-damage|p1a: Arceus|64/100 brn|[from] brn
|upkeep
|turn|34
|
|t:|1622252714
|move|p1a: Arceus|Judgment|p2a: Lugia
|-damage|p2a: Lugia|45/100
|move|p2a: Lugia|Roost|p2a: Lugia
|-heal|p2a: Lugia|95/100
|-singleturn|p2a: Lugia|move: Roost
|
|-damage|p1a: Arceus|58/100 brn|[from] brn
|upkeep
|turn|35
|
|t:|1622252720
|move|p1a: Arceus|Judgment|p2a: Lugia
|-damage|p2a: Lugia|57/100
|move|p2a: Lugia|Roost|p2a: Lugia
|-heal|p2a: Lugia|100/100
|-singleturn|p2a: Lugia|move: Roost
|
|-damage|p1a: Arceus|52/100 brn|[from] brn
|upkeep
|turn|36
|
|t:|1622252724
|move|p1a: Arceus|Recover|p1a: Arceus
|-heal|p1a: Arceus|100/100 brn
|move|p2a: Lugia|Whirlwind|p1a: Arceus
|drag|p1a: Arceus|Arceus-Dark|100/100
|
|upkeep
|turn|37
|
|t:|1622252729
|switch|p2a: Tyranitar|Tyranitar, M|100/100 slp
|-weather|Sandstorm|[from] ability: Sand Stream|[of] p2a: Tyranitar
|move|p1a: Arceus|Judgment|p2a: Tyranitar
|-resisted|p2a: Tyranitar
|-crit|p2a: Tyranitar
|-damage|p2a: Tyranitar|87/100 slp
|
|-weather|Sandstorm|[upkeep]
|-damage|p1a: Arceus|94/100|[from] Sandstorm
|-heal|p2a: Tyranitar|93/100 slp|[from] item: Leftovers
|upkeep
|turn|38
|
|t:|1622252732
|move|p1a: Arceus|Calm Mind|p1a: Arceus
|-boost|p1a: Arceus|spa|1
|-boost|p1a: Arceus|spd|1
|cant|p2a: Tyranitar|slp
|
|-weather|Sandstorm|[upkeep]
|-damage|p1a: Arceus|88/100|[from] Sandstorm
|-heal|p2a: Tyranitar|99/100 slp|[from] item: Leftovers
|upkeep
|turn|39
|
|t:|1622252737
|move|p1a: Arceus|Calm Mind|p1a: Arceus
|-boost|p1a: Arceus|spa|1
|-boost|p1a: Arceus|spd|1
|-curestatus|p2a: Tyranitar|slp|[msg]
|move|p2a: Tyranitar|Stealth Rock|p1a: Arceus
|-sidestart|p1: WTF The Stall|move: Stealth Rock
|
|-weather|Sandstorm|[upkeep]
|-damage|p1a: Arceus|82/100|[from] Sandstorm
|-heal|p2a: Tyranitar|100/100|[from] item: Leftovers
|upkeep
|turn|40
|
|t:|1622252742
|switch|p2a: Chansey|Chansey, F|100/100
|move|p1a: Arceus|Calm Mind|p1a: Arceus
|-boost|p1a: Arceus|spa|1
|-boost|p1a: Arceus|spd|1
|
|-weather|Sandstorm|[upkeep]
|-damage|p1a: Arceus|76/100|[from] Sandstorm
|-damage|p2a: Chansey|94/100|[from] Sandstorm
|upkeep
|turn|41
|
|t:|1622252746
|-start|p1a: Arceus|Dynamax
|-heal|p1a: Arceus|76/100|[silent]
|move|p1a: Arceus|Max Darkness|p2a: Chansey
|-damage|p2a: Chansey|53/100
|-unboost|p2a: Chansey|spd|1
|move|p2a: Chansey|Confide|p1a: Arceus
|-unboost|p1a: Arceus|spa|1
|
|-weather|none
|upkeep
|turn|42
|
|t:|1622252758
|switch|p2a: Tyranitar|Tyranitar, M|100/100
|-weather|Sandstorm|[from] ability: Sand Stream|[of] p2a: Tyranitar
|move|p1a: Arceus|Max Darkness|p2a: Tyranitar
|-resisted|p2a: Tyranitar
|-damage|p2a: Tyranitar|77/100
|-unboost|p2a: Tyranitar|spd|1
|
|-weather|Sandstorm|[upkeep]
|-damage|p1a: Arceus|73/100|[from] Sandstorm
|-heal|p2a: Tyranitar|83/100|[from] item: Leftovers
|upkeep
|turn|43
|
|t:|1622252761
|-start|p2a: Tyranitar|Dynamax
|-heal|p2a: Tyranitar|83/100|[silent]
|move|p2a: Tyranitar|Max Guard|p2a: Tyranitar
|-singleturn|p2a: Tyranitar|Max Guard
|move|p1a: Arceus|Max Darkness|p2a: Tyranitar
|-activate|p2a: Tyranitar|move: Max Guard
|
|-weather|Sandstorm|[upkeep]
|-damage|p1a: Arceus|70/100|[from] Sandstorm
|-heal|p2a: Tyranitar|86/100|[from] item: Leftovers
|-end|p1a: Arceus|Dynamax
|-heal|p1a: Arceus|70/100|[silent]
|upkeep
|turn|44
|
|t:|1622252768
|move|p1a: Arceus|Recover|p1a: Arceus
|-heal|p1a: Arceus|100/100
|move|p2a: Tyranitar|Max Rockfall|p1a: Arceus
|-damage|p1a: Arceus|69/100
|
|-weather|Sandstorm|[upkeep]
|-damage|p1a: Arceus|63/100|[from] Sandstorm
|-heal|p2a: Tyranitar|89/100|[from] item: Leftovers
|upkeep
|turn|45
|
|t:|1622252771
|move|p1a: Arceus|Recover|p1a: Arceus
|-heal|p1a: Arceus|100/100
|move|p2a: Tyranitar|Max Rockfall|p1a: Arceus
|-damage|p1a: Arceus|67/100
|
|-weather|Sandstorm|[upkeep]
|-damage|p1a: Arceus|61/100|[from] Sandstorm
|-heal|p2a: Tyranitar|92/100|[from] item: Leftovers
|-end|p2a: Tyranitar|Dynamax
|-heal|p2a: Tyranitar|92/100|[silent]
|upkeep
|turn|46
|
|t:|1622252788
|move|p1a: Arceus|Judgment|p2a: Tyranitar
|-resisted|p2a: Tyranitar
|-damage|p2a: Tyranitar|64/100
|move|p2a: Tyranitar|Rock Tomb|p1a: Arceus
|-damage|p1a: Arceus|44/100
|-unboost|p1a: Arceus|spe|1
|
|-weather|none
|-heal|p2a: Tyranitar|70/100|[from] item: Leftovers
|upkeep
|turn|47
|inactive|alwaysrinse has 120 seconds left.
|
|t:|1622252821
|move|p1a: Arceus|Recover|p1a: Arceus
|-heal|p1a: Arceus|94/100
|move|p2a: Tyranitar|Rock Tomb|p1a: Arceus
|-damage|p1a: Arceus|77/100
|-unboost|p1a: Arceus|spe|1
|
|-heal|p2a: Tyranitar|76/100|[from] item: Leftovers
|upkeep
|turn|48
|inactive|alwaysrinse has 120 seconds left.
|
|t:|1622252841
|move|p2a: Tyranitar|Rock Tomb|p1a: Arceus
|-damage|p1a: Arceus|60/100
|-unboost|p1a: Arceus|spe|1
|move|p1a: Arceus|Calm Mind|p1a: Arceus
|-boost|p1a: Arceus|spa|1
|-boost|p1a: Arceus|spd|1
|
|-heal|p2a: Tyranitar|82/100|[from] item: Leftovers
|upkeep
|turn|49
|inactive|alwaysrinse has 120 seconds left.
|
|t:|1622252866
|switch|p2a: Chansey|Chansey, F|53/100
|move|p1a: Arceus|Calm Mind|p1a: Arceus
|-boost|p1a: Arceus|spa|1
|-boost|p1a: Arceus|spd|1
|
|upkeep
|turn|50
|
|t:|1622252874
|move|p2a: Chansey|Confide|p1a: Arceus
|-unboost|p1a: Arceus|spa|1
|move|p1a: Arceus|Judgment|p2a: Chansey
|-crit|p2a: Chansey
|-damage|p2a: Chansey|10/100
|
|upkeep
|turn|51
|
|t:|1622252879
|move|p2a: Chansey|Soft-Boiled|p2a: Chansey
|-heal|p2a: Chansey|60/100
|move|p1a: Arceus|Calm Mind|p1a: Arceus
|-boost|p1a: Arceus|spa|1
|-boost|p1a: Arceus|spd|1
|
|upkeep
|turn|52
|
|t:|1622252882
|move|p2a: Chansey|Confide|p1a: Arceus
|-unboost|p1a: Arceus|spa|1
|move|p1a: Arceus|Judgment|p2a: Chansey
|-damage|p2a: Chansey|31/100
|
|upkeep
|turn|53
|
|t:|1622252886
|move|p2a: Chansey|Soft-Boiled|p2a: Chansey
|-heal|p2a: Chansey|81/100
|move|p1a: Arceus|Calm Mind|p1a: Arceus
|-boost|p1a: Arceus|spa|1
|-boost|p1a: Arceus|spd|0
|
|upkeep
|turn|54
|
|t:|1622252891
|switch|p1a: Ho-Oh|Ho-Oh|89/100
|move|p2a: Chansey|Confide|p1a: Ho-Oh
|-unboost|p1a: Ho-Oh|spa|1
|
|upkeep
|turn|55
|
|t:|1622252896
|switch|p2a: Tyranitar|Tyranitar, M|82/100
|-weather|Sandstorm|[from] ability: Sand Stream|[of] p2a: Tyranitar
|move|p1a: Ho-Oh|Defog|p2a: Tyranitar
|-unboost|p2a: Tyranitar|evasion|1
|-sideend|p1: WTF The Stall|Stealth Rock|[from] move: Defog|[of] p1a: Ho-Oh
|
|-weather|Sandstorm|[upkeep]
|-damage|p1a: Ho-Oh|83/100|[from] Sandstorm
|-heal|p2a: Tyranitar|89/100|[from] item: Leftovers
|upkeep
|turn|56
|
|t:|1622252899
|move|p1a: Ho-Oh|Toxic|p2a: Tyranitar
|-status|p2a: Tyranitar|tox
|move|p2a: Tyranitar|Stealth Rock|p1a: Ho-Oh
|-sidestart|p1: WTF The Stall|move: Stealth Rock
|
|-weather|Sandstorm|[upkeep]
|-damage|p1a: Ho-Oh|77/100|[from] Sandstorm
|-heal|p2a: Tyranitar|95/100 tox|[from] item: Leftovers
|-damage|p2a: Tyranitar|89/100 tox|[from] psn
|upkeep
|turn|57
|
|t:|1622252911
|switch|p1a: Arceus|Arceus-Fairy|100/100 brn
|-damage|p1a: Arceus|88/100 brn|[from] Stealth Rock
|move|p2a: Tyranitar|Rock Tomb|p1a: Arceus
|-damage|p1a: Arceus|72/100 brn
|-unboost|p1a: Arceus|spe|1
|
|-weather|Sandstorm|[upkeep]
|-damage|p1a: Arceus|66/100 brn|[from] Sandstorm
|-heal|p2a: Tyranitar|95/100 tox|[from] item: Leftovers
|-damage|p2a: Tyranitar|82/100 tox|[from] psn
|-damage|p1a: Arceus|60/100 brn|[from] brn
|upkeep
|turn|58
|
|t:|1622252920
|switch|p1a: Ho-Oh|Ho-Oh|100/100
|switch|p2a: Chansey|Chansey, F|81/100
|
|-weather|Sandstorm|[upkeep]
|-damage|p1a: Ho-Oh|94/100|[from] Sandstorm
|-damage|p2a: Chansey|75/100|[from] Sandstorm
|upkeep
|turn|59
|
|t:|1622252926
|move|p1a: Ho-Oh|Defog|p2a: Chansey
|-unboost|p2a: Chansey|evasion|1
|-sideend|p1: WTF The Stall|Stealth Rock|[from] move: Defog|[of] p1a: Ho-Oh
|move|p2a: Chansey|Heal Bell|p2a: Chansey
|-activate|p2a: Chansey|move: Heal Bell
|-curestatus|p2: Tyranitar|tox|[msg]
|
|-weather|none
|upkeep
|turn|60
|
|t:|1622252935
|switch|p1a: Rayquaza|Rayquaza-Mega|71/100
|-weather|DeltaStream|[from] ability: Delta Stream|[of] p1a: Rayquaza
|move|p2a: Chansey|Soft-Boiled|p2a: Chansey
|-heal|p2a: Chansey|100/100
|
|-weather|DeltaStream|[upkeep]
|upkeep
|turn|61
|
|t:|1622252939
|switch|p2a: Lugia|Lugia|100/100
|move|p1a: Rayquaza|Dragon Ascent|p2a: Lugia
|-damage|p2a: Lugia|75/100
|-unboost|p1a: Rayquaza|def|1
|-unboost|p1a: Rayquaza|spd|1
|-damage|p1a: Rayquaza|61/100|[from] item: Life Orb
|
|-weather|DeltaStream|[upkeep]
|upkeep
|turn|62
|
|t:|1622252944
|move|p1a: Rayquaza|Dragon Ascent|p2a: Lugia
|-damage|p2a: Lugia|24/100
|-unboost|p1a: Rayquaza|def|1
|-unboost|p1a: Rayquaza|spd|1
|-damage|p1a: Rayquaza|51/100|[from] item: Life Orb
|move|p2a: Lugia|Roost|p2a: Lugia
|-heal|p2a: Lugia|74/100
|-singleturn|p2a: Lugia|move: Roost
|
|-weather|DeltaStream|[upkeep]
|upkeep
|turn|63
|
|t:|1622252949
|move|p1a: Rayquaza|Dragon Ascent|p2a: Lugia
|-damage|p2a: Lugia|20/100
|-unboost|p1a: Rayquaza|def|1
|-unboost|p1a: Rayquaza|spd|1
|-damage|p1a: Rayquaza|41/100|[from] item: Life Orb
|move|p2a: Lugia|Roost|p2a: Lugia
|-heal|p2a: Lugia|70/100
|-singleturn|p2a: Lugia|move: Roost
|
|-weather|DeltaStream|[upkeep]
|upkeep
|turn|64
|
|t:|1622252957
|move|p1a: Rayquaza|V-create|p2a: Lugia
|-damage|p2a: Lugia|23/100
|-unboost|p1a: Rayquaza|spe|1
|-unboost|p1a: Rayquaza|def|1
|-unboost|p1a: Rayquaza|spd|1
|-damage|p1a: Rayquaza|31/100|[from] item: Life Orb
|move|p2a: Lugia|Roost|p2a: Lugia
|-heal|p2a: Lugia|73/100
|-singleturn|p2a: Lugia|move: Roost
|
|-weather|DeltaStream|[upkeep]
|upkeep
|turn|65
|
|t:|1622252967
|-weather|none
|switch|p1a: Arceus|Arceus-Dark|60/100
|move|p2a: Lugia|Roost|p2a: Lugia
|-heal|p2a: Lugia|100/100
|-singleturn|p2a: Lugia|move: Roost
|
|upkeep
|turn|66
|
|t:|1622252973
|switch|p2a: Tyranitar|Tyranitar, M|82/100
|-weather|Sandstorm|[from] ability: Sand Stream|[of] p2a: Tyranitar
|move|p1a: Arceus|Calm Mind|p1a: Arceus
|-boost|p1a: Arceus|spa|1
|-boost|p1a: Arceus|spd|1
|
|-weather|Sandstorm|[upkeep]
|-damage|p1a: Arceus|54/100|[from] Sandstorm
|-heal|p2a: Tyranitar|89/100|[from] item: Leftovers
|upkeep
|turn|67
|
|t:|1622252980
|move|p1a: Arceus|Recover|p1a: Arceus
|-heal|p1a: Arceus|100/100
|move|p2a: Tyranitar|Stealth Rock|p1a: Arceus
|-sidestart|p1: WTF The Stall|move: Stealth Rock
|
|-weather|Sandstorm|[upkeep]
|-damage|p1a: Arceus|94/100|[from] Sandstorm
|-heal|p2a: Tyranitar|95/100|[from] item: Leftovers
|upkeep
|turn|68
|
|t:|1622252985
|switch|p1a: Arceus|Arceus-Fairy|60/100 brn
|-damage|p1a: Arceus|47/100 brn|[from] Stealth Rock
|move|p2a: Tyranitar|Rock Tomb|p1a: Arceus
|-damage|p1a: Arceus|32/100 brn
|-unboost|p1a: Arceus|spe|1
|
|-weather|Sandstorm|[upkeep]
|-damage|p1a: Arceus|25/100 brn|[from] Sandstorm
|-heal|p2a: Tyranitar|100/100|[from] item: Leftovers
|-damage|p1a: Arceus|19/100 brn|[from] brn
|upkeep
|turn|69
|
|t:|1622252995
|move|p1a: Arceus|Recover|p1a: Arceus
|-heal|p1a: Arceus|69/100 brn
|move|p2a: Tyranitar|Rock Tomb|p1a: Arceus
|-damage|p1a: Arceus|52/100 brn
|-unboost|p1a: Arceus|spe|1
|
|-weather|Sandstorm|[upkeep]
|-damage|p1a: Arceus|46/100 brn|[from] Sandstorm
|-damage|p1a: Arceus|39/100 brn|[from] brn
|upkeep
|turn|70
|
|t:|1622253003
|move|p1a: Arceus|Recover|p1a: Arceus
|-heal|p1a: Arceus|89/100 brn
|move|p2a: Tyranitar|Rock Tomb|p1a: Arceus
|-damage|p1a: Arceus|72/100 brn
|-unboost|p1a: Arceus|spe|1
|
|-weather|none
|-damage|p1a: Arceus|66/100 brn|[from] brn
|upkeep
|turn|71
|
|t:|1622253012
|switch|p2a: Lugia|Lugia|100/100
|move|p1a: Arceus|Calm Mind|p1a: Arceus
|-boost|p1a: Arceus|spa|1
|-boost|p1a: Arceus|spd|1
|
|-damage|p1a: Arceus|60/100 brn|[from] brn
|upkeep
|turn|72
|
|t:|1622253015
|move|p1a: Arceus|Recover|p1a: Arceus
|-heal|p1a: Arceus|100/100 brn
|move|p2a: Lugia|Whirlwind|p1a: Arceus
|drag|p1a: Ditto|Ditto|100/100
|-damage|p1a: Ditto|88/100|[from] Stealth Rock
|-transform|p1a: Ditto|p2a: Lugia|[from] ability: Imposter
|
|upkeep
|turn|73
|
|t:|1622253022
|switch|p1a: Ho-Oh|Ho-Oh|100/100
|switch|p2a: Sableye|Sableye-Mega, F|79/100
|
|upkeep
|turn|74
|
|t:|1622253031
|switch|p2a: Tyranitar|Tyranitar, M|100/100
|-weather|Sandstorm|[from] ability: Sand Stream|[of] p2a: Tyranitar
|move|p1a: Ho-Oh|Defog|p2a: Tyranitar
|-unboost|p2a: Tyranitar|evasion|1
|-sideend|p1: WTF The Stall|Stealth Rock|[from] move: Defog|[of] p1a: Ho-Oh
|
|-weather|Sandstorm|[upkeep]
|-damage|p1a: Ho-Oh|94/100|[from] Sandstorm
|upkeep
|turn|75
|
|t:|1622253046
|switch|p1a: Ditto|Ditto|88/100
|-transform|p1a: Ditto|p2a: Tyranitar|[from] ability: Imposter
|move|p2a: Tyranitar|Stealth Rock|p1a: Ditto
|-sidestart|p1: WTF The Stall|move: Stealth Rock
|
|-weather|Sandstorm|[upkeep]
|upkeep
|turn|76
|
|t:|1622253050
|switch|p1a: Ho-Oh|Ho-Oh|100/100
|switch|p2a: Sableye|Sableye-Mega, F|79/100
|
|-weather|Sandstorm|[upkeep]
|-damage|p1a: Ho-Oh|94/100|[from] Sandstorm
|-damage|p2a: Sableye|73/100|[from] Sandstorm
|upkeep
|turn|77
|
|t:|1622253058
|switch|p2a: Tyranitar|Tyranitar, M|100/100
|move|p1a: Ho-Oh|Defog|p2a: Tyranitar
|-unboost|p2a: Tyranitar|evasion|1
|-sideend|p1: WTF The Stall|Stealth Rock|[from] move: Defog|[of] p1a: Ho-Oh
|
|-weather|Sandstorm|[upkeep]
|-damage|p1a: Ho-Oh|88/100|[from] Sandstorm
|upkeep
|turn|78
|
|t:|1622253061
|move|p1a: Ho-Oh|Sacred Fire|p2a: Tyranitar
|-resisted|p2a: Tyranitar
|-damage|p2a: Tyranitar|83/100
|move|p2a: Tyranitar|Stealth Rock|p1a: Ho-Oh
|-sidestart|p1: WTF The Stall|move: Stealth Rock
|
|-weather|none
|-heal|p2a: Tyranitar|89/100|[from] item: Leftovers
|upkeep
|turn|79
|
|t:|1622253072
|switch|p1a: Ditto|Ditto|88/100
|-damage|p1a: Ditto|76/100|[from] Stealth Rock
|-transform|p1a: Ditto|p2a: Tyranitar|[from] ability: Imposter
|-weather|Sandstorm|[from] ability: Sand Stream|[of] p1a: Ditto
|move|p2a: Tyranitar|Rock Tomb|p1a: Ditto
|-damage|p1a: Ditto|50/100
|-unboost|p1a: Ditto|spe|1
|
|-weather|Sandstorm|[upkeep]
|-heal|p2a: Tyranitar|96/100|[from] item: Leftovers
|upkeep
|turn|80
|
|t:|1622253082
|switch|p2a: Sableye|Sableye-Mega, F|73/100
|move|p1a: Ditto|Rest|p1a: Ditto
|-status|p1a: Ditto|slp|[from] move: Rest
|-heal|p1a: Ditto|100/100 slp|[silent]
|
|-weather|Sandstorm|[upkeep]
|-damage|p2a: Sableye|66/100|[from] Sandstorm
|upkeep
|turn|81
|
|t:|1622253085
|switch|p1a: Ho-Oh|Ho-Oh|100/100
|move|p2a: Sableye|Recover|p2a: Sableye
|-heal|p2a: Sableye|100/100
|
|-weather|Sandstorm|[upkeep]
|-damage|p1a: Ho-Oh|94/100|[from] Sandstorm
|-damage|p2a: Sableye|94/100|[from] Sandstorm
|upkeep
|turn|82
|
|t:|1622253090
|switch|p2a: Giratina|Giratina|100/100
|-ability|p2a: Giratina|Pressure
|move|p1a: Ho-Oh|Defog|p2a: Giratina
|-unboost|p2a: Giratina|evasion|1
|-sideend|p1: WTF The Stall|Stealth Rock|[from] move: Defog|[of] p1a: Ho-Oh
|
|-weather|Sandstorm|[upkeep]
|-damage|p1a: Ho-Oh|88/100|[from] Sandstorm
|-damage|p2a: Giratina|94/100|[from] Sandstorm
|-heal|p2a: Giratina|100/100|[from] item: Leftovers
|upkeep
|turn|83
|
|t:|1622253096
|switch|p1a: Necrozma|Necrozma-Dusk-Mane|100/100
|switch|p2a: Tyranitar|Tyranitar, M|96/100
|
|-weather|none
|-heal|p2a: Tyranitar|100/100|[from] item: Leftovers
|upkeep
|turn|84
|
|t:|1622253099
|switch|p2a: Sableye|Sableye-Mega, F|94/100
|move|p1a: Necrozma|Sunsteel Strike|p2a: Sableye
|-damage|p2a: Sableye|58/100
|
|upkeep
|turn|85
|c|☆alwaysrinse|wall
|
|t:|1622253118
|switch|p1a: Arceus|Arceus-Dark|94/100
|move|p2a: Sableye|Recover|p2a: Sableye
|-heal|p2a: Sableye|100/100
|
|upkeep
|turn|86
|
|t:|1622253126
|switch|p2a: Tyranitar|Tyranitar, M|100/100
|-weather|Sandstorm|[from] ability: Sand Stream|[of] p2a: Tyranitar
|move|p1a: Arceus|Calm Mind|p1a: Arceus
|-boost|p1a: Arceus|spa|1
|-boost|p1a: Arceus|spd|1
|
|-weather|Sandstorm|[upkeep]
|-damage|p1a: Arceus|88/100|[from] Sandstorm
|upkeep
|turn|87
|
|t:|1622253141
|move|p1a: Arceus|Refresh||[still]
|-fail|p1a: Arceus
|move|p2a: Tyranitar|Stealth Rock|p1a: Arceus
|-sidestart|p1: WTF The Stall|move: Stealth Rock
|
|-weather|Sandstorm|[upkeep]
|-damage|p1a: Arceus|82/100|[from] Sandstorm
|upkeep
|turn|88
|
|t:|1622253145
|move|p1a: Arceus|Refresh||[still]
|-fail|p1a: Arceus
|move|p2a: Tyranitar|Rock Tomb|p1a: Arceus
|-damage|p1a: Arceus|66/100
|-unboost|p1a: Arceus|spe|1
|
|-weather|Sandstorm|[upkeep]
|-damage|p1a: Arceus|60/100|[from] Sandstorm
|upkeep
|turn|89
|
|t:|1622253151
|move|p1a: Arceus|Refresh||[still]
|-fail|p1a: Arceus
|move|p2a: Tyranitar|Rock Tomb|p1a: Arceus
|-damage|p1a: Arceus|42/100
|-unboost|p1a: Arceus|spe|1
|
|-weather|Sandstorm|[upkeep]
|-damage|p1a: Arceus|36/100|[from] Sandstorm
|upkeep
|turn|90
|
|t:|1622253154
|move|p2a: Tyranitar|Rock Tomb|p1a: Arceus
|-damage|p1a: Arceus|17/100
|-unboost|p1a: Arceus|spe|1
|move|p1a: Arceus|Recover|p1a: Arceus
|-heal|p1a: Arceus|68/100
|
|-weather|none
|upkeep
|turn|91
|
|t:|1622253177
|switch|p2a: Chansey|Chansey, F|100/100
|move|p1a: Arceus|Recover|p1a: Arceus
|-heal|p1a: Arceus|100/100
|
|upkeep
|turn|92
|
|t:|1622253187
|switch|p1a: Ho-Oh|Ho-Oh|100/100
|move|p2a: Chansey|Toxic|p1a: Ho-Oh
|-status|p1a: Ho-Oh|tox
|
|-damage|p1a: Ho-Oh|94/100 tox|[from] psn
|upkeep
|turn|93
|
|t:|1622253192
|switch|p2a: Tyranitar|Tyranitar, M|100/100
|-weather|Sandstorm|[from] ability: Sand Stream|[of] p2a: Tyranitar
|move|p1a: Ho-Oh|Defog|p2a: Tyranitar
|-unboost|p2a: Tyranitar|evasion|1
|-sideend|p1: WTF The Stall|Stealth Rock|[from] move: Defog|[of] p1a: Ho-Oh
|
|-weather|Sandstorm|[upkeep]
|-damage|p1a: Ho-Oh|88/100 tox|[from] Sandstorm
|-damage|p1a: Ho-Oh|76/100 tox|[from] psn
|upkeep
|turn|94
|
|t:|1622253197
|switch|p1a: Rayquaza|Rayquaza-Mega|31/100
|-weather|DeltaStream|[from] ability: Delta Stream|[of] p1a: Rayquaza
|move|p2a: Tyranitar|Stealth Rock|p1a: Rayquaza
|-sidestart|p1: WTF The Stall|move: Stealth Rock
|
|-weather|DeltaStream|[upkeep]
|upkeep
|turn|95
|
|t:|1622253206
|switch|p2a: Lugia|Lugia|100/100
|move|p1a: Rayquaza|Scale Shot|p2a: Lugia
|-damage|p2a: Lugia|95/100
|-damage|p2a: Lugia|84/100
|-damage|p2a: Lugia|71/100
|-hitcount|p2a: Lugia|3
|-unboost|p1a: Rayquaza|def|1
|-boost|p1a: Rayquaza|spe|1
|-damage|p1a: Rayquaza|21/100|[from] item: Life Orb
|
|-weather|DeltaStream|[upkeep]
|upkeep
|turn|96
|
|t:|1622253210
|move|p1a: Rayquaza|Dragon Ascent|p2a: Lugia
|-damage|p2a: Lugia|19/100
|-unboost|p1a: Rayquaza|def|1
|-unboost|p1a: Rayquaza|spd|1
|-damage|p1a: Rayquaza|11/100|[from] item: Life Orb
|move|p2a: Lugia|Roost|p2a: Lugia
|-heal|p2a: Lugia|69/100
|-singleturn|p2a: Lugia|move: Roost
|
|-weather|DeltaStream|[upkeep]
|upkeep
|turn|97
|
|t:|1622253215
|move|p1a: Rayquaza|Scale Shot|p2a: Lugia
|-damage|p2a: Lugia|57/100
|-damage|p2a: Lugia|47/100
|-hitcount|p2a: Lugia|2
|-unboost|p1a: Rayquaza|def|1
|-boost|p1a: Rayquaza|spe|1
|-damage|p1a: Rayquaza|1/100|[from] item: Life Orb
|move|p2a: Lugia|Roost|p2a: Lugia
|-heal|p2a: Lugia|97/100
|-singleturn|p2a: Lugia|move: Roost
|
|-weather|DeltaStream|[upkeep]
|upkeep
|turn|98
|c|☆alwaysrinse|two more
|
|t:|1622253220
|move|p1a: Rayquaza|Dragon Ascent|p2a: Lugia
|-damage|p2a: Lugia|45/100
|-unboost|p1a: Rayquaza|def|1
|-unboost|p1a: Rayquaza|spd|1
|-damage|p1a: Rayquaza|0 fnt|[from] item: Life Orb
|faint|p1a: Rayquaza
|-weather|none
|move|p2a: Lugia|Roost|p2a: Lugia
|-heal|p2a: Lugia|95/100
|-singleturn|p2a: Lugia|move: Roost
|
|upkeep
|
|t:|1622253224
|switch|p1a: Arceus|Arceus-Dark|100/100
|-damage|p1a: Arceus|88/100|[from] Stealth Rock
|turn|99
|
|t:|1622253249
|move|p1a: Arceus|Refresh||[still]
|-fail|p1a: Arceus
|move|p2a: Lugia|Roost|p2a: Lugia
|-heal|p2a: Lugia|100/100
|-singleturn|p2a: Lugia|move: Roost
|
|upkeep
|turn|100
|
|t:|1622253259
|switch|p1a: Ho-Oh|Ho-Oh|100/100 tox
|move|p2a: Lugia|Toxic|p1a: Ho-Oh|[miss]
|-miss|p2a: Lugia|p1a: Ho-Oh
|
|-damage|p1a: Ho-Oh|94/100 tox|[from] psn
|upkeep
|turn|101
|
|t:|1622253262
|switch|p2a: Tyranitar|Tyranitar, M|100/100
|-weather|Sandstorm|[from] ability: Sand Stream|[of] p2a: Tyranitar
|move|p1a: Ho-Oh|Defog|p2a: Tyranitar
|-unboost|p2a: Tyranitar|evasion|1
|-sideend|p1: WTF The Stall|Stealth Rock|[from] move: Defog|[of] p1a: Ho-Oh
|
|-weather|Sandstorm|[upkeep]
|-damage|p1a: Ho-Oh|88/100 tox|[from] Sandstorm
|-damage|p1a: Ho-Oh|76/100 tox|[from] psn
|upkeep
|turn|102
|
|t:|1622253265
|move|p1a: Ho-Oh|Toxic|p2a: Tyranitar
|-status|p2a: Tyranitar|tox
|move|p2a: Tyranitar|Stealth Rock|p1a: Ho-Oh
|-sidestart|p1: WTF The Stall|move: Stealth Rock
|
|-weather|Sandstorm|[upkeep]
|-damage|p1a: Ho-Oh|70/100 tox|[from] Sandstorm
|-damage|p1a: Ho-Oh|52/100 tox|[from] psn
|-damage|p2a: Tyranitar|94/100 tox|[from] psn
|upkeep
|turn|103
|
|t:|1622253274
|switch|p1a: Ditto|Ditto|100/100 slp
|-damage|p1a: Ditto|88/100 slp|[from] Stealth Rock
|-transform|p1a: Ditto|p2a: Tyranitar|[from] ability: Imposter
|move|p2a: Tyranitar|Rock Tomb|p1a: Ditto
|-damage|p1a: Ditto|61/100 slp
|-unboost|p1a: Ditto|spe|1
|
|-weather|Sandstorm|[upkeep]
|-heal|p2a: Tyranitar|100/100 tox|[from] item: Leftovers
|-damage|p2a: Tyranitar|88/100 tox|[from] psn
|upkeep
|turn|104
|
|t:|1622253280
|switch|p2a: Sableye|Sableye-Mega, F|100/100
|cant|p1a: Ditto|slp
|
|-weather|Sandstorm|[upkeep]
|-damage|p2a: Sableye|94/100|[from] Sandstorm
|upkeep
|turn|105
|
|t:|1622253294
|cant|p1a: Ditto|slp
|move|p2a: Sableye|Will-O-Wisp||[still]
|-fail|p2a: Sableye
|
|-weather|none
|upkeep
|turn|106
|
|t:|1622253299
|-curestatus|p1a: Ditto|slp|[msg]
|move|p1a: Ditto|Rest|p1a: Ditto
|-status|p1a: Ditto|slp|[from] move: Rest
|-heal|p1a: Ditto|100/100 slp|[silent]
|move|p2a: Sableye|Will-O-Wisp||[still]
|-fail|p2a: Sableye
|
|upkeep
|turn|107
|
|t:|1622253305
|cant|p1a: Ditto|slp
|move|p2a: Sableye|Recover|p2a: Sableye
|-heal|p2a: Sableye|100/100
|
|upkeep
|turn|108
|
|t:|1622253313
|switch|p2a: Quagsire|Quagsire, F|50/100
|cant|p1a: Ditto|slp
|
|-heal|p2a: Quagsire|56/100|[from] item: Leftovers
|upkeep
|turn|109
|
|t:|1622253321
|switch|p1a: Arceus|Arceus-Fairy|100/100 brn
|-damage|p1a: Arceus|88/100 brn|[from] Stealth Rock
|move|p2a: Quagsire|Recover|p2a: Quagsire
|-heal|p2a: Quagsire|100/100
|
|-damage|p1a: Arceus|82/100 brn|[from] brn
|upkeep
|turn|110
|
|t:|1622253329
|switch|p1a: Ditto|Ditto|100/100 slp
|-damage|p1a: Ditto|88/100 slp|[from] Stealth Rock
|-transform|p1a: Ditto|p2a: Quagsire|[from] ability: Imposter
|switch|p2a: Lugia|Lugia|100/100
|
|upkeep
|turn|111
|
|t:|1622253336
|switch|p2a: Tyranitar|Tyranitar, M|88/100 tox
|-weather|Sandstorm|[from] ability: Sand Stream|[of] p2a: Tyranitar
|-curestatus|p1a: Ditto|slp|[msg]
|move|p1a: Ditto|Toxic|p2a: Tyranitar
|-fail|p2a: Tyranitar|tox
|
|-weather|Sandstorm|[upkeep]
|-heal|p2a: Tyranitar|94/100 tox|[from] item: Leftovers
|-damage|p2a: Tyranitar|88/100 tox|[from] psn
|upkeep
|turn|112
|
|t:|1622253343
|switch|p1a: Arceus|Arceus-Fairy|82/100 brn
|-damage|p1a: Arceus|70/100 brn|[from] Stealth Rock
|move|p2a: Tyranitar|Rest|p2a: Tyranitar
|-status|p2a: Tyranitar|slp|[from] move: Rest
|-heal|p2a: Tyranitar|100/100 slp|[silent]
|
|-weather|Sandstorm|[upkeep]
|-damage|p1a: Arceus|64/100 brn|[from] Sandstorm
|-damage|p1a: Arceus|57/100 brn|[from] brn
|upkeep
|turn|113
|
|t:|1622253360
|switch|p1a: Ditto|Ditto|88/100
|-damage|p1a: Ditto|76/100|[from] Stealth Rock
|-transform|p1a: Ditto|p2a: Tyranitar|[from] ability: Imposter
|switch|p2a: Lugia|Lugia|100/100
|
|-weather|Sandstorm|[upkeep]
|-damage|p2a: Lugia|94/100|[from] Sandstorm
|upkeep
|turn|114
|
|t:|1622253365
|-activate|p2a: Lugia|move: Pursuit
|move|p1a: Ditto|Pursuit|p2a: Lugia|[from]Pursuit
|-supereffective|p2a: Lugia
|-damage|p2a: Lugia|61/100
|switch|p2a: Sableye|Sableye-Mega, F|100/100
|
|-weather|Sandstorm|[upkeep]
|-damage|p2a: Sableye|94/100|[from] Sandstorm
|upkeep
|turn|115
|
|t:|1622253390
|switch|p1a: Ho-Oh|Ho-Oh|86/100 tox
|move|p2a: Sableye|Will-O-Wisp||[still]
|-fail|p2a: Sableye
|
|-weather|none
|-damage|p1a: Ho-Oh|80/100 tox|[from] psn
|upkeep
|turn|116
|j| Beatboxing_Phantom
|c| Beatboxing_Phantom|honk
|
|t:|1622253394
|switch|p2a: Tyranitar|Tyranitar, M|100/100 slp
|-weather|Sandstorm|[from] ability: Sand Stream|[of] p2a: Tyranitar
|move|p1a: Ho-Oh|Defog|p2a: Tyranitar
|-unboost|p2a: Tyranitar|evasion|1
|-sideend|p1: WTF The Stall|Stealth Rock|[from] move: Defog|[of] p1a: Ho-Oh
|
|-weather|Sandstorm|[upkeep]
|-damage|p1a: Ho-Oh|74/100 tox|[from] Sandstorm
|-damage|p1a: Ho-Oh|61/100 tox|[from] psn
|upkeep
|turn|117
|inactive|WTF The Stall has 120 seconds left.
|c|☆alwaysrinse|lol
|
|t:|1622253419
|switch|p1a: Arceus|Arceus-Fairy|57/100 brn
|cant|p2a: Tyranitar|slp
|
|-weather|Sandstorm|[upkeep]
|-damage|p1a: Arceus|51/100 brn|[from] Sandstorm
|-damage|p1a: Arceus|45/100 brn|[from] brn
|upkeep
|turn|118
|
|t:|1622253425
|switch|p2a: Lugia|Lugia|61/100
|move|p1a: Arceus|Recover|p1a: Arceus
|-heal|p1a: Arceus|95/100 brn
|
|-weather|Sandstorm|[upkeep]
|-damage|p1a: Arceus|89/100 brn|[from] Sandstorm
|-damage|p2a: Lugia|54/100|[from] Sandstorm
|-damage|p1a: Arceus|83/100 brn|[from] brn
|upkeep
|turn|119
|inactive|WTF The Stall has 120 seconds left.
|
|t:|1622253435
|move|p1a: Arceus|Calm Mind|p1a: Arceus
|-boost|p1a: Arceus|spa|1
|-boost|p1a: Arceus|spd|1
|move|p2a: Lugia|Roost|p2a: Lugia
|-heal|p2a: Lugia|100/100
|-singleturn|p2a: Lugia|move: Roost
|
|-weather|Sandstorm|[upkeep]
|-damage|p1a: Arceus|77/100 brn|[from] Sandstorm
|-damage|p2a: Lugia|94/100|[from] Sandstorm
|-damage|p1a: Arceus|71/100 brn|[from] brn
|upkeep
|turn|120
|
|t:|1622253440
|move|p1a: Arceus|Judgment|p2a: Lugia
|-damage|p2a: Lugia|50/100
|move|p2a: Lugia|Roost|p2a: Lugia
|-heal|p2a: Lugia|99/100
|-singleturn|p2a: Lugia|move: Roost
|
|-weather|none
|-damage|p1a: Arceus|65/100 brn|[from] brn
|upkeep
|turn|121
|
|t:|1622253445
|move|p1a: Arceus|Judgment|p2a: Lugia
|-damage|p2a: Lugia|58/100
|move|p2a: Lugia|Roost|p2a: Lugia
|-heal|p2a: Lugia|100/100
|-singleturn|p2a: Lugia|move: Roost
|
|-damage|p1a: Arceus|59/100 brn|[from] brn
|upkeep
|turn|122
|j| Sulaimand69
|j| kyotovibe
|
|t:|1622253449
|move|p1a: Arceus|Calm Mind|p1a: Arceus
|-boost|p1a: Arceus|spa|1
|-boost|p1a: Arceus|spd|1
|move|p2a: Lugia|Whirlwind|p1a: Arceus
|drag|p1a: Necrozma|Necrozma-Dusk-Mane|100/100
|
|upkeep
|turn|123
|
|t:|1622253455
|switch|p2a: Sableye|Sableye-Mega, F|94/100
|switch|p1a: Arceus|Arceus-Fairy|59/100 brn
|
|-damage|p1a: Arceus|53/100 brn|[from] brn
|upkeep
|turn|124
|
|t:|1622253479
|switch|p2a: Chansey|Chansey, F|100/100
|move|p1a: Arceus|Recover|p1a: Arceus
|-heal|p1a: Arceus|100/100 brn
|
|-damage|p1a: Arceus|94/100 brn|[from] brn
|upkeep
|turn|125
|
|t:|1622253492
|move|p1a: Arceus|Refresh|p1a: Arceus
|-curestatus|p1a: Arceus|brn|[msg]
|move|p2a: Chansey|Heal Bell|p2a: Chansey
|-activate|p2a: Chansey|move: Heal Bell
|-curestatus|p2: Tyranitar|slp|[msg]
|
|upkeep
|turn|126
|
|t:|1622253501
|switch|p1a: Necrozma|Necrozma-Dusk-Mane|100/100
|switch|p2a: Lugia|Lugia|100/100
|
|upkeep
|turn|127
|
|t:|1622253509
|switch|p2a: Sableye|Sableye-Mega, F|94/100
|switch|p1a: Ditto|Ditto|76/100
|-transform|p1a: Ditto|p2a: Sableye|[from] ability: Imposter
|
|upkeep
|turn|128
|
|t:|1622253515
|move|p1a: Ditto|Recover|p1a: Ditto
|-heal|p1a: Ditto|100/100
|move|p2a: Sableye|Foul Play|p1a: Ditto
|-damage|p1a: Ditto|79/100
|
|upkeep
|turn|129
|
|t:|1622253519
|switch|p1a: Arceus|Arceus-Fairy|94/100
|move|p2a: Sableye|Recover|p2a: Sableye
|-heal|p2a: Sableye|100/100
|
|upkeep
|turn|130
|
|t:|1622253523
|switch|p1a: Ditto|Ditto|79/100
|-transform|p1a: Ditto|p2a: Sableye|[from] ability: Imposter
|switch|p2a: Chansey|Chansey, F|100/100
|
|upkeep
|turn|131
|
|t:|1622253529
|switch|p2a: Sableye|Sableye-Mega, F|100/100
|move|p1a: Ditto|Foul Play|p2a: Sableye
|-damage|p2a: Sableye|82/100
|
|upkeep
|turn|132
|
|t:|1622253532
|switch|p1a: Arceus|Arceus-Fairy|94/100
|move|p2a: Sableye|Recover|p2a: Sableye
|-heal|p2a: Sableye|100/100
|
|upkeep
|turn|133
|
|t:|1622253533
|switch|p1a: Ditto|Ditto|79/100
|-transform|p1a: Ditto|p2a: Sableye|[from] ability: Imposter
|switch|p2a: Chansey|Chansey, F|100/100
|
|upkeep
|turn|134
|
|t:|1622253542
|switch|p2a: Quagsire|Quagsire, F|100/100
|move|p1a: Ditto|Foul Play|p2a: Quagsire
|-damage|p2a: Quagsire|81/100
|
|-heal|p2a: Quagsire|88/100|[from] item: Leftovers
|upkeep
|turn|135
|
|t:|1622253547
|move|p1a: Ditto|Foul Play|p2a: Quagsire
|-damage|p2a: Quagsire|67/100
|move|p2a: Quagsire|Earthquake|p1a: Ditto
|-damage|p1a: Ditto|57/100
|
|-heal|p2a: Quagsire|73/100|[from] item: Leftovers
|upkeep
|turn|136
|
|t:|1622253553
|move|p1a: Ditto|Foul Play|p2a: Quagsire
|-crit|p2a: Quagsire
|-damage|p2a: Quagsire|41/100
|move|p2a: Quagsire|Earthquake|p1a: Ditto
|-damage|p1a: Ditto|34/100
|
|-heal|p2a: Quagsire|47/100|[from] item: Leftovers
|upkeep
|turn|137
|
|t:|1622253562
|switch|p1a: Ho-Oh|Ho-Oh|95/100 tox
|move|p2a: Quagsire|Recover|p2a: Quagsire
|-heal|p2a: Quagsire|97/100
|
|-heal|p2a: Quagsire|100/100|[from] item: Leftovers
|-damage|p1a: Ho-Oh|89/100 tox|[from] psn
|upkeep
|turn|138
|
|t:|1622253568
|switch|p1a: Ditto|Ditto|34/100
|-transform|p1a: Ditto|p2a: Quagsire|[from] ability: Imposter
|switch|p2a: Tyranitar|Tyranitar, M|100/100
|-weather|Sandstorm|[from] ability: Sand Stream|[of] p2a: Tyranitar
|
|-weather|Sandstorm|[upkeep]
|upkeep
|turn|139
|
|t:|1622253574
|move|p1a: Ditto|Recover|p1a: Ditto
|-heal|p1a: Ditto|84/100
|move|p2a: Tyranitar|Stealth Rock|p1a: Ditto
|-sidestart|p1: WTF The Stall|move: Stealth Rock
|
|-weather|Sandstorm|[upkeep]
|upkeep
|turn|140
|c| Beatboxing_Phantom|this is hella boring
|c|☆alwaysrinse|its good
|c|☆alwaysrinse|SR has more PP than defog
|
|t:|1622253599
|-activate|p1a: Ditto|move: Pursuit
|move|p2a: Tyranitar|Pursuit|p1a: Ditto|[from]Pursuit
|-damage|p1a: Ditto|50/100
|switch|p1a: Arceus|Arceus-Fairy|94/100
|-damage|p1a: Arceus|82/100|[from] Stealth Rock
|
|-weather|Sandstorm|[upkeep]
|-damage|p1a: Arceus|76/100|[from] Sandstorm
|upkeep
|turn|141
|
|t:|1622253611
|switch|p1a: Ditto|Ditto|50/100
|-damage|p1a: Ditto|38/100|[from] Stealth Rock
|-transform|p1a: Ditto|p2a: Tyranitar|[from] ability: Imposter
|switch|p2a: Chansey|Chansey, F|100/100
|
|-weather|Sandstorm|[upkeep]
|-damage|p2a: Chansey|94/100|[from] Sandstorm
|upkeep
|turn|142
|
|t:|1622253619
|switch|p2a: Sableye|Sableye-Mega, F|100/100
|move|p1a: Ditto|Rest|p1a: Ditto
|-status|p1a: Ditto|slp|[from] move: Rest
|-heal|p1a: Ditto|100/100 slp|[silent]
|
|-weather|none
|upkeep
|turn|143
|
|t:|1622253625
|switch|p1a: Ho-Oh|Ho-Oh|100/100 tox
|switch|p2a: Quagsire|Quagsire, F|100/100
|
|-damage|p1a: Ho-Oh|94/100 tox|[from] psn
|upkeep
|turn|144
|
|t:|1622253629
|switch|p2a: Giratina|Giratina|100/100
|-ability|p2a: Giratina|Pressure
|move|p1a: Ho-Oh|Toxic|p2a: Giratina
|-status|p2a: Giratina|tox
|
|-damage|p1a: Ho-Oh|82/100 tox|[from] psn
|-damage|p2a: Giratina|94/100 tox|[from] psn
|upkeep
|turn|145
|inactive|WTF The Stall has 120 seconds left.
|l| kyotovibe
|
|t:|1622253656
|switch|p1a: Arceus|Arceus-Fairy|76/100
|-damage|p1a: Arceus|64/100|[from] Stealth Rock
|move|p2a: Giratina|Hex|p1a: Arceus
|-damage|p1a: Arceus|50/100
|
|-heal|p2a: Giratina|100/100 tox|[from] item: Leftovers
|-damage|p2a: Giratina|88/100 tox|[from] psn
|upkeep
|turn|146
|
|t:|1622253664
|switch|p2a: Chansey|Chansey, F|94/100
|move|p1a: Arceus|Calm Mind|p1a: Arceus
|-boost|p1a: Arceus|spa|1
|-boost|p1a: Arceus|spd|1
|
|upkeep
|turn|147
|
|t:|1622253671
|move|p1a: Arceus|Calm Mind|p1a: Arceus
|-boost|p1a: Arceus|spa|1
|-boost|p1a: Arceus|spd|1
|move|p2a: Chansey|Heal Bell|p2a: Chansey
|-activate|p2a: Chansey|move: Heal Bell
|-curestatus|p2: Giratina|tox|[msg]
|
|upkeep
|turn|148
|inactive|WTF The Stall has 120 seconds left.
|
|t:|1622253678
|move|p1a: Arceus|Calm Mind|p1a: Arceus
|-boost|p1a: Arceus|spa|1
|-boost|p1a: Arceus|spd|1
|move|p2a: Chansey|Toxic|p1a: Arceus
|-status|p1a: Arceus|tox
|
|-damage|p1a: Arceus|44/100 tox|[from] psn
|upkeep
|turn|149
|
|t:|1622253686
|switch|p2a: Quagsire|Quagsire, F|100/100
|move|p1a: Arceus|Refresh|p1a: Arceus
|-curestatus|p1a: Arceus|tox|[msg]
|
|upkeep
|turn|150
|
|t:|1622253689
|move|p1a: Arceus|Judgment|p2a: Quagsire
|-damage|p2a: Quagsire|41/100
|move|p2a: Quagsire|Haze|p2a: Quagsire
|-clearallboost
|
|-heal|p2a: Quagsire|47/100|[from] item: Leftovers
|upkeep
|turn|151
|
|t:|1622253696
|switch|p2a: Chansey|Chansey, F|94/100
|move|p1a: Arceus|Calm Mind|p1a: Arceus
|-boost|p1a: Arceus|spa|1
|-boost|p1a: Arceus|spd|1
|
|upkeep
|turn|152
|
|t:|1622253705
|move|p1a: Arceus|Calm Mind|p1a: Arceus
|-boost|p1a: Arceus|spa|1
|-boost|p1a: Arceus|spd|1
|move|p2a: Chansey|Toxic|p1a: Arceus|[miss]
|-miss|p2a: Chansey|p1a: Arceus
|
|upkeep
|turn|153
|
|t:|1622253710
|move|p1a: Arceus|Calm Mind|p1a: Arceus
|-boost|p1a: Arceus|spa|1
|-boost|p1a: Arceus|spd|1
|move|p2a: Chansey|Toxic|p1a: Arceus
|-status|p1a: Arceus|tox
|
|-damage|p1a: Arceus|38/100 tox|[from] psn
|upkeep
|turn|154
|
|t:|1622253721
|switch|p2a: Lugia|Lugia|100/100
|move|p1a: Arceus|Refresh|p1a: Arceus
|-curestatus|p1a: Arceus|tox|[msg]
|
|upkeep
|turn|155
|
|t:|1622253726
|move|p1a: Arceus|Judgment|p2a: Lugia
|-damage|p2a: Lugia|67/100
|move|p2a: Lugia|Whirlwind|p1a: Arceus
|drag|p1a: Ditto|Ditto|100/100 slp
|-damage|p1a: Ditto|88/100 slp|[from] Stealth Rock
|-transform|p1a: Ditto|p2a: Lugia|[from] ability: Imposter
|
|upkeep
|turn|156
|
|t:|1622253732
|switch|p1a: Arceus|Arceus-Fairy|38/100
|-damage|p1a: Arceus|25/100|[from] Stealth Rock
|move|p2a: Lugia|Whirlwind|p1a: Arceus
|drag|p1a: Arceus|Arceus-Dark|88/100
|-damage|p1a: Arceus|76/100|[from] Stealth Rock
|
|upkeep
|turn|157
|
|t:|1622253746
|switch|p1a: Arceus|Arceus-Fairy|25/100
|-damage|p1a: Arceus|13/100|[from] Stealth Rock
|move|p2a: Lugia|Whirlwind|p1a: Arceus
|drag|p1a: Ditto|Ditto|88/100 slp
|-damage|p1a: Ditto|76/100 slp|[from] Stealth Rock
|-transform|p1a: Ditto|p2a: Lugia|[from] ability: Imposter
|
|upkeep
|turn|158
|
|t:|1622253753
|switch|p1a: Ho-Oh|Ho-Oh|100/100 tox
|move|p2a: Lugia|Whirlwind|p1a: Ho-Oh
|drag|p1a: Ditto|Ditto|76/100 slp
|-damage|p1a: Ditto|63/100 slp|[from] Stealth Rock
|-transform|p1a: Ditto|p2a: Lugia|[from] ability: Imposter
|
|upkeep
|turn|159
|c|☆alwaysrinse|yay
|
|t:|1622253760
|cant|p1a: Ditto|slp
|move|p2a: Lugia|Whirlwind|p1a: Ditto
|drag|p1a: Arceus|Arceus-Fairy|13/100
|-damage|p1a: Arceus|0 fnt|[from] Stealth Rock
|faint|p1a: Arceus
|
|upkeep
|
|t:|1622253767
|switch|p1a: Ho-Oh|Ho-Oh|100/100 tox
|turn|160
|c|☆WTF The Stall|stupid stall player
|
|t:|1622253780
|switch|p2a: Tyranitar|Tyranitar, M|100/100
|-weather|Sandstorm|[from] ability: Sand Stream|[of] p2a: Tyranitar
|move|p1a: Ho-Oh|Defog|p2a: Tyranitar
|-unboost|p2a: Tyranitar|evasion|1
|-sideend|p1: WTF The Stall|Stealth Rock|[from] move: Defog|[of] p1a: Ho-Oh
|
|-weather|Sandstorm|[upkeep]
|-damage|p1a: Ho-Oh|94/100 tox|[from] Sandstorm
|-damage|p1a: Ho-Oh|88/100 tox|[from] psn
|upkeep
|turn|161
|c|☆WTF The Stall|i hate you
|c|☆WTF The Stall|noob with stall
|c|☆alwaysrinse|chansey has enough confides for dark arceus now
|c| Beatboxing_Phantom|*says as he has a very semi stall team*
|inactive|WTF The Stall has 120 seconds left.
|
|t:|1622253822
|switch|p1a: Ditto|Ditto|63/100 slp
|-transform|p1a: Ditto|p2a: Tyranitar|[from] ability: Imposter
|move|p2a: Tyranitar|Stealth Rock|p1a: Ditto
|-sidestart|p1: WTF The Stall|move: Stealth Rock
|
|-weather|Sandstorm|[upkeep]
|upkeep
|turn|162
|
|t:|1622253831
|switch|p2a: Sableye|Sableye-Mega, F|100/100
|cant|p1a: Ditto|slp
|
|-weather|Sandstorm|[upkeep]
|-damage|p2a: Sableye|94/100|[from] Sandstorm
|upkeep
|turn|163
|
|t:|1622253839
|-curestatus|p1a: Ditto|slp|[msg]
|move|p1a: Ditto|Rest|p1a: Ditto
|-status|p1a: Ditto|slp|[from] move: Rest
|-heal|p1a: Ditto|100/100 slp|[silent]
|move|p2a: Sableye|Will-O-Wisp||[still]
|-fail|p2a: Sableye
|
|-weather|Sandstorm|[upkeep]
|-damage|p2a: Sableye|88/100|[from] Sandstorm
|upkeep
|turn|164
|c|☆alwaysrinse|lol
|
|t:|1622253850
|switch|p2a: Quagsire|Quagsire, F|47/100
|cant|p1a: Ditto|slp
|
|-weather|none
|-heal|p2a: Quagsire|53/100|[from] item: Leftovers
|upkeep
|turn|165
|
|t:|1622253857
|cant|p1a: Ditto|slp
|move|p2a: Quagsire|Recover|p2a: Quagsire
|-heal|p2a: Quagsire|100/100
|
|upkeep
|turn|166
|
|t:|1622253868
|switch|p1a: Ho-Oh|Ho-Oh|100/100 tox
|switch|p2a: Sableye|Sableye-Mega, F|88/100
|
|-damage|p1a: Ho-Oh|94/100 tox|[from] psn
|upkeep
|turn|167
|
|t:|1622253876
|switch|p1a: Ditto|Ditto|100/100 slp
|-damage|p1a: Ditto|88/100 slp|[from] Stealth Rock
|-transform|p1a: Ditto|p2a: Sableye|[from] ability: Imposter
|switch|p2a: Giratina|Giratina|88/100
|-ability|p2a: Giratina|Pressure
|
|-heal|p2a: Giratina|94/100|[from] item: Leftovers
|upkeep
|turn|168
|inactive|WTF The Stall has 90 seconds left.
|
|t:|1622253899
|switch|p2a: Sableye|Sableye-Mega, F|88/100
|-curestatus|p1a: Ditto|slp|[msg]
|move|p1a: Ditto|Foul Play|p2a: Sableye
|-damage|p2a: Sableye|69/100
|
|upkeep
|turn|169
|c|☆alwaysrinse|200 turns
|inactive|WTF The Stall has 90 seconds left.
|
|t:|1622253906
|switch|p1a: Ho-Oh|Ho-Oh|100/100 tox
|move|p2a: Sableye|Recover|p2a: Sableye
|-heal|p2a: Sableye|100/100
|
|-damage|p1a: Ho-Oh|94/100 tox|[from] psn
|upkeep
|turn|170
|inactive|WTF The Stall has 90 seconds left.
|
|t:|1622253927
|switch|p1a: Ditto|Ditto|88/100
|-damage|p1a: Ditto|76/100|[from] Stealth Rock
|-transform|p1a: Ditto|p2a: Sableye|[from] ability: Imposter
|switch|p2a: Giratina|Giratina|94/100
|-ability|p2a: Giratina|Pressure
|
|-heal|p2a: Giratina|100/100|[from] item: Leftovers
|upkeep
|turn|171
|inactive|WTF The Stall has 60 seconds left.
|
|t:|1622253958
|switch|p2a: Sableye|Sableye-Mega, F|100/100
|move|p1a: Ditto|Foul Play|p2a: Sableye
|-damage|p2a: Sableye|81/100
|
|upkeep
|turn|172
|
|t:|1622253963
|move|p1a: Ditto|Foul Play|p2a: Sableye
|-crit|p2a: Sableye
|-damage|p2a: Sableye|49/100
|move|p2a: Sableye|Recover|p2a: Sableye
|-heal|p2a: Sableye|99/100
|
|upkeep
|turn|173
|
|t:|1622253968
|switch|p2a: Tyranitar|Tyranitar, M|100/100
|-weather|Sandstorm|[from] ability: Sand Stream|[of] p2a: Tyranitar
|move|p1a: Ditto|Foul Play|p2a: Tyranitar
|-resisted|p2a: Tyranitar
|-damage|p2a: Tyranitar|84/100
|
|-weather|Sandstorm|[upkeep]
|-damage|p1a: Ditto|70/100|[from] Sandstorm
|-heal|p2a: Tyranitar|90/100|[from] item: Leftovers
|upkeep
|turn|174
|
|t:|1622253971
|-activate|p1a: Ditto|move: Pursuit
|move|p2a: Tyranitar|Pursuit|p1a: Ditto|[from]Pursuit
|-damage|p1a: Ditto|44/100
|switch|p1a: Arceus|Arceus-Dark|76/100
|-damage|p1a: Arceus|63/100|[from] Stealth Rock
|
|-weather|Sandstorm|[upkeep]
|-damage|p1a: Arceus|57/100|[from] Sandstorm
|-heal|p2a: Tyranitar|97/100|[from] item: Leftovers
|upkeep
|turn|175
|
|t:|1622253980
|move|p1a: Arceus|Recover|p1a: Arceus
|-heal|p1a: Arceus|100/100
|move|p2a: Tyranitar|Rock Tomb|p1a: Arceus
|-damage|p1a: Arceus|85/100
|-unboost|p1a: Arceus|spe|1
|
|-weather|Sandstorm|[upkeep]
|-damage|p1a: Arceus|79/100|[from] Sandstorm
|-heal|p2a: Tyranitar|100/100|[from] item: Leftovers
|upkeep
|turn|176
|
|t:|1622253986
|switch|p1a: Necrozma|Necrozma-Dusk-Mane|100/100
|-damage|p1a: Necrozma|94/100|[from] Stealth Rock
|move|p2a: Tyranitar|Rock Tomb|p1a: Necrozma
|-resisted|p1a: Necrozma
|-damage|p1a: Necrozma|88/100
|-unboost|p1a: Necrozma|spe|1
|
|-weather|Sandstorm|[upkeep]
|upkeep
|turn|177
|
|t:|1622253992
|switch|p2a: Sableye|Sableye-Mega, F|99/100
|switch|p1a: Arceus|Arceus-Dark|79/100
|-damage|p1a: Arceus|66/100|[from] Stealth Rock
|
|-weather|none
|upkeep
|turn|178
|
|t:|1622253995
|switch|p1a: Ditto|Ditto|44/100
|-damage|p1a: Ditto|32/100|[from] Stealth Rock
|-transform|p1a: Ditto|p2a: Sableye|[from] ability: Imposter
|switch|p2a: Chansey|Chansey, F|94/100
|
|upkeep
|turn|179
|
|t:|1622253999
|switch|p2a: Tyranitar|Tyranitar, M|100/100
|-weather|Sandstorm|[from] ability: Sand Stream|[of] p2a: Tyranitar
|move|p1a: Ditto|Recover|p1a: Ditto
|-heal|p1a: Ditto|82/100
|
|-weather|Sandstorm|[upkeep]
|-damage|p1a: Ditto|76/100|[from] Sandstorm
|upkeep
|turn|180
|
|t:|1622254014
|move|p2a: Tyranitar|Pursuit|p1a: Ditto
|-damage|p1a: Ditto|63/100
|move|p1a: Ditto|Recover|p1a: Ditto
|-heal|p1a: Ditto|100/100
|
|-weather|Sandstorm|[upkeep]
|-damage|p1a: Ditto|94/100|[from] Sandstorm
|upkeep
|turn|181
|
|t:|1622254024
|switch|p2a: Quagsire|Quagsire, F|100/100
|move|p1a: Ditto|Recover|p1a: Ditto
|-heal|p1a: Ditto|100/100
|
|-weather|Sandstorm|[upkeep]
|-damage|p1a: Ditto|94/100|[from] Sandstorm
|upkeep
|turn|182
|
|t:|1622254028
|switch|p1a: Ho-Oh|Ho-Oh|100/100 tox
|move|p2a: Quagsire|Earthquake|p1a: Ho-Oh
|-immune|p1a: Ho-Oh
|
|-weather|Sandstorm|[upkeep]
|-damage|p1a: Ho-Oh|94/100 tox|[from] Sandstorm
|-damage|p1a: Ho-Oh|88/100 tox|[from] psn
|upkeep
|turn|183
|
|t:|1622254033
|switch|p1a: Ditto|Ditto|94/100
|-damage|p1a: Ditto|82/100|[from] Stealth Rock
|-transform|p1a: Ditto|p2a: Quagsire|[from] ability: Imposter
|switch|p2a: Tyranitar|Tyranitar, M|100/100
|
|-weather|none
|upkeep
|turn|184
|
|t:|1622254042
|switch|p2a: Quagsire|Quagsire, F|100/100
|move|p1a: Ditto|Earthquake|p2a: Quagsire
|-damage|p2a: Quagsire|78/100
|
|-heal|p2a: Quagsire|85/100|[from] item: Leftovers
|upkeep
|turn|185
|
|t:|1622254050
|switch|p1a: Ho-Oh|Ho-Oh|100/100 tox
|switch|p2a: Giratina|Giratina|100/100
|-ability|p2a: Giratina|Pressure
|
|-damage|p1a: Ho-Oh|94/100 tox|[from] psn
|upkeep
|turn|186
|inactive|WTF The Stall has 90 seconds left.
|
|t:|1622254055
|switch|p1a: Ditto|Ditto|82/100
|-damage|p1a: Ditto|70/100|[from] Stealth Rock
|-transform|p1a: Ditto|p2a: Giratina|[from] ability: Imposter
|-ability|p1a: Ditto|Pressure
|move|p2a: Giratina|Hex|p1a: Ditto
|-supereffective|p1a: Ditto
|-damage|p1a: Ditto|29/100
|
|upkeep
|turn|187
|inactive|WTF The Stall has 90 seconds left.
|
|t:|1622254069
|switch|p1a: Arceus|Arceus-Dark|66/100
|-damage|p1a: Arceus|54/100|[from] Stealth Rock
|move|p2a: Giratina|Hex|p1a: Arceus
|-resisted|p1a: Arceus
|-damage|p1a: Arceus|48/100
|
|upkeep
|turn|188
|
|t:|1622254078
|switch|p1a: Ditto|Ditto|29/100
|-damage|p1a: Ditto|17/100|[from] Stealth Rock
|-transform|p1a: Ditto|p2a: Giratina|[from] ability: Imposter
|-ability|p1a: Ditto|Pressure
|switch|p2a: Tyranitar|Tyranitar, M|100/100
|-weather|Sandstorm|[from] ability: Sand Stream|[of] p2a: Tyranitar
|
|-weather|Sandstorm|[upkeep]
|-damage|p1a: Ditto|11/100|[from] Sandstorm
|upkeep
|turn|189
|
|t:|1622254085
|switch|p2a: Giratina|Giratina|100/100
|-ability|p2a: Giratina|Pressure
|move|p1a: Ditto|Rest|p1a: Ditto
|-status|p1a: Ditto|slp|[from] move: Rest
|-heal|p1a: Ditto|100/100 slp|[silent]
|
|-weather|Sandstorm|[upkeep]
|-damage|p1a: Ditto|94/100 slp|[from] Sandstorm
|-damage|p2a: Giratina|94/100|[from] Sandstorm
|-heal|p2a: Giratina|100/100|[from] item: Leftovers
|upkeep
|turn|190
|
|t:|1622254088
|switch|p1a: Arceus|Arceus-Dark|48/100
|-damage|p1a: Arceus|35/100|[from] Stealth Rock
|move|p2a: Giratina|Hex|p1a: Arceus
|-resisted|p1a: Arceus
|-damage|p1a: Arceus|28/100
|
|-weather|Sandstorm|[upkeep]
|-damage|p1a: Arceus|22/100|[from] Sandstorm
|-damage|p2a: Giratina|94/100|[from] Sandstorm
|-heal|p2a: Giratina|100/100|[from] item: Leftovers
|upkeep
|turn|191
|
|t:|1622254097
|switch|p2a: Chansey|Chansey, F|94/100
|move|p1a: Arceus|Recover|p1a: Arceus
|-heal|p1a: Arceus|73/100
|
|-weather|Sandstorm|[upkeep]
|-damage|p1a: Arceus|66/100|[from] Sandstorm
|-damage|p2a: Chansey|88/100|[from] Sandstorm
|upkeep
|turn|192
|
|t:|1622254104
|switch|p1a: Necrozma|Necrozma-Dusk-Mane|88/100
|-damage|p1a: Necrozma|82/100|[from] Stealth Rock
|move|p2a: Chansey|Toxic|p1a: Necrozma
|-immune|p1a: Necrozma
|
|-weather|none
|upkeep
|turn|193
|
|t:|1622254113
|switch|p2a: Sableye|Sableye-Mega, F|99/100
|move|p1a: Necrozma|Sunsteel Strike|p2a: Sableye
|-damage|p2a: Sableye|63/100
|
|upkeep
|turn|194
|
|t:|1622254119
|switch|p1a: Ditto|Ditto|94/100 slp
|-damage|p1a: Ditto|82/100 slp|[from] Stealth Rock
|-transform|p1a: Ditto|p2a: Sableye|[from] ability: Imposter
|move|p2a: Sableye|Recover|p2a: Sableye
|-heal|p2a: Sableye|100/100
|
|upkeep
|turn|195
|
|t:|1622254129
|switch|p2a: Tyranitar|Tyranitar, M|100/100
|-weather|Sandstorm|[from] ability: Sand Stream|[of] p2a: Tyranitar
|cant|p1a: Ditto|slp
|
|-weather|Sandstorm|[upkeep]
|-damage|p1a: Ditto|76/100 slp|[from] Sandstorm
|upkeep
|turn|196
|
|t:|1622254135
|move|p2a: Tyranitar|Rock Tomb|p1a: Ditto
|-damage|p1a: Ditto|58/100 slp
|-unboost|p1a: Ditto|spe|1
|cant|p1a: Ditto|slp
|
|-weather|Sandstorm|[upkeep]
|-damage|p1a: Ditto|52/100 slp|[from] Sandstorm
|upkeep
|turn|197
|
|t:|1622254140
|move|p2a: Tyranitar|Rock Tomb|p1a: Ditto
|-damage|p1a: Ditto|33/100 slp
|-unboost|p1a: Ditto|spe|1
|-curestatus|p1a: Ditto|slp|[msg]
|move|p1a: Ditto|Recover|p1a: Ditto
|-heal|p1a: Ditto|83/100
|
|-weather|Sandstorm|[upkeep]
|-damage|p1a: Ditto|77/100|[from] Sandstorm
|upkeep
|turn|198
|
|t:|1622254143
|move|p2a: Tyranitar|Pursuit|p1a: Ditto
|-damage|p1a: Ditto|65/100
|move|p1a: Ditto|Recover|p1a: Ditto
|-heal|p1a: Ditto|100/100
|
|-weather|Sandstorm|[upkeep]
|-damage|p1a: Ditto|94/100|[from] Sandstorm
|upkeep
|turn|199
|
|t:|1622254151
|switch|p2a: Quagsire|Quagsire, F|85/100
|switch|p1a: Arceus|Arceus-Dark|66/100
|-damage|p1a: Arceus|54/100|[from] Stealth Rock
|
|-weather|none
|-heal|p2a: Quagsire|91/100|[from] item: Leftovers
|upkeep
|turn|200
|
|t:|1622254156
|switch|p2a: Chansey|Chansey, F|88/100
|move|p1a: Arceus|Recover|p1a: Arceus
|-heal|p1a: Arceus|100/100
|
|upkeep
|turn|201
|
|t:|1622254162
|switch|p1a: Necrozma|Necrozma-Dusk-Mane|82/100
|-damage|p1a: Necrozma|76/100|[from] Stealth Rock
|move|p2a: Chansey|Toxic|p1a: Necrozma
|-immune|p1a: Necrozma
|
|upkeep
|turn|202
|
|t:|1622254169
|switch|p2a: Sableye|Sableye-Mega, F|100/100
|move|p1a: Necrozma|Sunsteel Strike|p2a: Sableye
|-damage|p2a: Sableye|66/100
|
|upkeep
|turn|203
|
|t:|1622254174
|move|p1a: Necrozma|Sunsteel Strike|p2a: Sableye
|-damage|p2a: Sableye|31/100
|move|p2a: Sableye|Recover|p2a: Sableye
|-heal|p2a: Sableye|81/100
|
|upkeep
|turn|204
|
|t:|1622254178
|move|p1a: Necrozma|Sunsteel Strike|p2a: Sableye
|-damage|p2a: Sableye|49/100
|move|p2a: Sableye|Recover|p2a: Sableye
|-heal|p2a: Sableye|99/100
|
|upkeep
|turn|205
|
|t:|1622254181
|switch|p1a: Ditto|Ditto|94/100
|-damage|p1a: Ditto|82/100|[from] Stealth Rock
|-transform|p1a: Ditto|p2a: Sableye|[from] ability: Imposter
|move|p2a: Sableye|Recover|p2a: Sableye
|-heal|p2a: Sableye|100/100
|
|upkeep
|turn|206
|
|t:|1622254188
|switch|p2a: Chansey|Chansey, F|88/100
|move|p1a: Ditto|Foul Play|p2a: Chansey
|-damage|p2a: Chansey|86/100
|
|upkeep
|turn|207
|
|t:|1622254193
|switch|p1a: Necrozma|Necrozma-Dusk-Mane|76/100
|-damage|p1a: Necrozma|70/100|[from] Stealth Rock
|move|p2a: Chansey|Soft-Boiled|p2a: Chansey
|-heal|p2a: Chansey|100/100
|
|upkeep
|turn|208
|
|t:|1622254197
|switch|p2a: Sableye|Sableye-Mega, F|100/100
|move|p1a: Necrozma|Knock Off|p2a: Sableye
|-damage|p2a: Sableye|86/100
|
|upkeep
|turn|209
|
|t:|1622254207
|switch|p1a: Ho-Oh|Ho-Oh|100/100 tox
|move|p2a: Sableye|Foul Play|p1a: Ho-Oh
|-damage|p1a: Ho-Oh|71/100 tox
|
|-damage|p1a: Ho-Oh|65/100 tox|[from] psn
|upkeep
|turn|210
|
|t:|1622254215
|switch|p1a: Ditto|Ditto|82/100
|-damage|p1a: Ditto|70/100|[from] Stealth Rock
|-transform|p1a: Ditto|p2a: Sableye|[from] ability: Imposter
|switch|p2a: Giratina|Giratina|100/100
|-ability|p2a: Giratina|Pressure
|
|upkeep
|turn|211
|
|t:|1622254225
|switch|p2a: Sableye|Sableye-Mega, F|86/100
|move|p1a: Ditto|Will-O-Wisp|p2a: Sableye
|move|p2a: Sableye|Will-O-Wisp|p1a: Ditto|[from]ability: Magic Bounce
|-status|p1a: Ditto|brn
|
|-damage|p1a: Ditto|64/100 brn|[from] brn
|upkeep
|turn|212
|
|t:|1622254231
|switch|p1a: Arceus|Arceus-Dark|100/100
|-damage|p1a: Arceus|88/100|[from] Stealth Rock
|move|p2a: Sableye|Recover|p2a: Sableye
|-heal|p2a: Sableye|100/100
|
|upkeep
|turn|213
|
|t:|1622254239
|switch|p1a: Ditto|Ditto|64/100 brn
|-damage|p1a: Ditto|51/100 brn|[from] Stealth Rock
|-transform|p1a: Ditto|p2a: Sableye|[from] ability: Imposter
|switch|p2a: Lugia|Lugia|67/100
|
|-damage|p1a: Ditto|45/100 brn|[from] brn
|upkeep
|turn|214
|
|t:|1622254243
|move|p2a: Lugia|Ice Beam|p1a: Ditto
|-damage|p1a: Ditto|25/100 brn
|move|p1a: Ditto|Recover|p1a: Ditto
|-heal|p1a: Ditto|75/100 brn
|
|-damage|p1a: Ditto|69/100 brn|[from] brn
|upkeep
|turn|215
|
|t:|1622254248
|move|p2a: Lugia|Ice Beam|p1a: Ditto
|-damage|p1a: Ditto|51/100 brn
|move|p1a: Ditto|Recover|p1a: Ditto
|-heal|p1a: Ditto|100/100 brn
|
|-damage|p1a: Ditto|94/100 brn|[from] brn
|upkeep
|turn|216
|
|t:|1622254252
|switch|p1a: Ho-Oh|Ho-Oh|98/100 tox
|move|p2a: Lugia|Whirlwind|p1a: Ho-Oh
|drag|p1a: Necrozma|Necrozma-Dusk-Mane|70/100
|-damage|p1a: Necrozma|64/100|[from] Stealth Rock
|
|upkeep
|turn|217
|
|t:|1622254257
|switch|p2a: Sableye|Sableye-Mega, F|100/100
|move|p1a: Necrozma|Morning Sun|p1a: Necrozma
|-heal|p1a: Necrozma|100/100
|
|upkeep
|turn|218
|
|t:|1622254262
|switch|p1a: Ditto|Ditto|94/100 brn
|-damage|p1a: Ditto|82/100 brn|[from] Stealth Rock
|-transform|p1a: Ditto|p2a: Sableye|[from] ability: Imposter
|move|p2a: Sableye|Foul Play|p1a: Ditto
|-damage|p1a: Ditto|61/100 brn
|
|-damage|p1a: Ditto|55/100 brn|[from] brn
|upkeep
|turn|219
|
|t:|1622254271
|switch|p2a: Tyranitar|Tyranitar, M|100/100
|-weather|Sandstorm|[from] ability: Sand Stream|[of] p2a: Tyranitar
|move|p1a: Ditto|Recover|p1a: Ditto
|-heal|p1a: Ditto|100/100 brn
|
|-weather|Sandstorm|[upkeep]
|-damage|p1a: Ditto|94/100 brn|[from] Sandstorm
|-damage|p1a: Ditto|88/100 brn|[from] brn
|upkeep
|turn|220
|
|t:|1622254275
|move|p2a: Tyranitar|Pursuit|p1a: Ditto
|-damage|p1a: Ditto|75/100 brn
|move|p1a: Ditto|Recover|p1a: Ditto
|-heal|p1a: Ditto|100/100 brn
|
|-weather|Sandstorm|[upkeep]
|-damage|p1a: Ditto|94/100 brn|[from] Sandstorm
|-damage|p1a: Ditto|88/100 brn|[from] brn
|upkeep
|turn|221
|
|t:|1622254282
|switch|p2a: Quagsire|Quagsire, F|91/100
|switch|p1a: Arceus|Arceus-Dark|88/100
|-damage|p1a: Arceus|76/100|[from] Stealth Rock
|
|-weather|Sandstorm|[upkeep]
|-damage|p1a: Arceus|70/100|[from] Sandstorm
|-heal|p2a: Quagsire|97/100|[from] item: Leftovers
|upkeep
|turn|222
|
|t:|1622254288
|move|p1a: Arceus|Judgment|p2a: Quagsire
|-damage|p2a: Quagsire|37/100
|move|p2a: Quagsire|Toxic|p1a: Arceus
|-status|p1a: Arceus|tox
|
|-weather|Sandstorm|[upkeep]
|-damage|p1a: Arceus|63/100 tox|[from] Sandstorm
|-heal|p2a: Quagsire|43/100|[from] item: Leftovers
|-damage|p1a: Arceus|57/100 tox|[from] psn
|upkeep
|turn|223
|
|t:|1622254295
|switch|p2a: Chansey|Chansey, F|100/100
|move|p1a: Arceus|Refresh|p1a: Arceus
|-curestatus|p1a: Arceus|tox|[msg]
|
|-weather|none
|upkeep
|turn|224
|
|t:|1622254300
|switch|p1a: Ditto|Ditto|88/100 brn
|-damage|p1a: Ditto|76/100 brn|[from] Stealth Rock
|-transform|p1a: Ditto|p2a: Chansey|[from] ability: Imposter
|move|p2a: Chansey|Toxic||[still]
|-fail|p2a: Chansey
|
|-damage|p1a: Ditto|70/100 brn|[from] brn
|upkeep
|turn|225
|
|t:|1622254311
|switch|p2a: Quagsire|Quagsire, F|43/100
|move|p1a: Ditto|Soft-Boiled|p1a: Ditto
|-heal|p1a: Ditto|100/100 brn
|
|-heal|p2a: Quagsire|49/100|[from] item: Leftovers
|-damage|p1a: Ditto|94/100 brn|[from] brn
|upkeep
|turn|226
|
|t:|1622254318
|switch|p1a: Arceus|Arceus-Dark|57/100
|-damage|p1a: Arceus|45/100|[from] Stealth Rock
|move|p2a: Quagsire|Recover|p2a: Quagsire
|-heal|p2a: Quagsire|99/100
|
|-heal|p2a: Quagsire|100/100|[from] item: Leftovers
|upkeep
|turn|227
|inactive|WTF The Stall has 90 seconds left.
|
|t:|1622254328
|move|p1a: Arceus|Recover|p1a: Arceus
|-heal|p1a: Arceus|95/100
|move|p2a: Quagsire|Toxic|p1a: Arceus
|-status|p1a: Arceus|tox
|
|-damage|p1a: Arceus|89/100 tox|[from] psn
|upkeep
|turn|228
|
|t:|1622254334
|move|p1a: Arceus|Refresh|p1a: Arceus
|-curestatus|p1a: Arceus|tox|[msg]
|move|p2a: Quagsire|Earthquake|p1a: Arceus
|-damage|p1a: Arceus|69/100
|
|upkeep
|turn|229
|inactive|WTF The Stall has 90 seconds left.
|
|t:|1622254340
|switch|p1a: Ho-Oh|Ho-Oh|100/100 tox
|move|p2a: Quagsire|Toxic|p1a: Ho-Oh
|-fail|p1a: Ho-Oh|tox
|
|-damage|p1a: Ho-Oh|94/100 tox|[from] psn
|upkeep
|turn|230
|
|t:|1622254350
|switch|p1a: Necrozma|Necrozma-Dusk-Mane|100/100
|-damage|p1a: Necrozma|94/100|[from] Stealth Rock
|switch|p2a: Giratina|Giratina|100/100
|-ability|p2a: Giratina|Pressure
|
|upkeep
|turn|231
|c|☆alwaysrinse|ol
|
|t:|1622254356
|switch|p1a: Arceus|Arceus-Dark|69/100
|-damage|p1a: Arceus|57/100|[from] Stealth Rock
|switch|p2a: Sableye|Sableye-Mega, F|100/100
|
|upkeep
|turn|232
|c|☆alwaysrinse|lol
|
|t:|1622254363
|switch|p2a: Chansey|Chansey, F|100/100
|move|p1a: Arceus|Recover|p1a: Arceus
|-heal|p1a: Arceus|100/100
|
|upkeep
|turn|233
|
|t:|1622254367
|switch|p1a: Ditto|Ditto|94/100
|-damage|p1a: Ditto|82/100|[from] Stealth Rock
|-transform|p1a: Ditto|p2a: Chansey|[from] ability: Imposter
|switch|p2a: Tyranitar|Tyranitar, M|100/100
|-weather|Sandstorm|[from] ability: Sand Stream|[of] p2a: Tyranitar
|
|-weather|Sandstorm|[upkeep]
|-damage|p1a: Ditto|76/100|[from] Sandstorm
|upkeep
|turn|234
|
|t:|1622254377
|move|p1a: Ditto|Soft-Boiled|p1a: Ditto
|-heal|p1a: Ditto|100/100
|move|p2a: Tyranitar|Pursuit|p1a: Ditto
|-damage|p1a: Ditto|56/100
|
|-weather|Sandstorm|[upkeep]
|-damage|p1a: Ditto|50/100|[from] Sandstorm
|upkeep
|turn|235
|
|t:|1622254382
|move|p1a: Ditto|Soft-Boiled|p1a: Ditto
|-heal|p1a: Ditto|99/100
|move|p2a: Tyranitar|Pursuit|p1a: Ditto
|-damage|p1a: Ditto|53/100
|
|-weather|Sandstorm|[upkeep]
|-damage|p1a: Ditto|47/100|[from] Sandstorm
|upkeep
|turn|236
|
|t:|1622254387
|-activate|p1a: Ditto|move: Pursuit
|move|p2a: Tyranitar|Pursuit|p1a: Ditto|[from]Pursuit
|-damage|p1a: Ditto|0 fnt
|faint|p1a: Ditto
|-hint|A Pokemon can't switch between when it runs out of HP and when it faints
|
|-weather|Sandstorm|[upkeep]
|upkeep
|-message|WTF The Stall forfeited.
|
|win|alwaysrinse
|raw|WTF The Stall's rating: 1835 &rarr; <strong>1814</strong><br />(-21 for losing)
|raw|alwaysrinse's rating: 1824 &rarr; <strong>1845</strong><br />(+21 for winning)
|l|☆WTF The Stall
