|j|☆arhamaaa
|j|☆Buck X
|t:|1648377370
|gametype|singles
|player|p1|arhamaaa|benga|1586
|player|p2|Buck X|mustard-master|1703
|teamsize|p1|6
|teamsize|p2|6
|gen|8
|tier|[Gen 8] National Dex AG
|rated|
|rule|HP Percentage Mod: HP is shown in percentages
|rule|Endless Battle Clause: Forcing endless battles is banned
|clearpoke
|poke|p1|Rayquaza|
|poke|p1|Necrozma-Dusk-Mane|
|poke|p1|Yveltal|
|poke|p1|Zacian-*|
|poke|p1|Calyrex-Shadow|
|poke|p1|Ditto|
|poke|p2|Medicham, M|
|poke|p2|Slurpuff, M|
|poke|p2|Deoxys-Speed|
|poke|p2|Zygarde|
|poke|p2|Pheromosa|
|poke|p2|Arceus-*|
|teampreview
|inactive|Battle timer is ON: inactive players will automatically lose when time's up. (requested by Buck X)
|inactive|arhamaaa has 120 seconds left.
|j| ShineyTheChad
|c| ShineyTheChad|Interesting
|inactive|arhamaaa has 90 seconds left.
|
|t:|1648377436
|start
|switch|p1a: Necrozma|Necrozma-Dusk-Mane|100/100
|switch|p2a: Slurpuff|Slurpuff, M|100/100
|turn|1
|c|☆Buck X|What’s interesting
|c|☆arhamaaa|yes, i am gay
|
|t:|1648377447
|move|p2a: Slurpuff|Sticky Web|p1a: Necrozma
|-sidestart|p1: arhamaaa|move: Sticky Web
|move|p1a: Necrozma|Thunder Wave|p2a: Slurpuff
|-status|p2a: Slurpuff|par
|
|upkeep
|turn|2
|c|☆arhamaaa|fart
|j| ggfdkhhhkh
|
|t:|1648377450
|move|p1a: Necrozma|Sunsteel Strike|p2a: Slurpuff
|-supereffective|p2a: Slurpuff
|-enditem|p2a: Slurpuff|Focus Sash
|-damage|p2a: Slurpuff|1/100 par
|move|p2a: Slurpuff|Yawn|p1a: Necrozma
|-start|p1a: Necrozma|move: Yawn|[of] p2a: Slurpuff
|
|upkeep
|turn|3
|
|t:|1648377461
|switch|p1a: Yveltal|Yveltal|100/100
|-ability|p1a: Yveltal|Dark Aura
|move|p2a: Slurpuff|Magic Coat|p2a: Slurpuff
|-singleturn|p2a: Slurpuff|move: Magic Coat
|
|upkeep
|turn|4
|
|t:|1648377467
|move|p2a: Slurpuff|Misty Explosion|p1a: Yveltal
|-supereffective|p1a: Yveltal
|-damage|p1a: Yveltal|60/100
|faint|p2a: Slurpuff
|move|p1a: Yveltal|Defog|p2: Slurpuff|[notarget]
|-fail|p1a: Yveltal
|
|upkeep
|c|☆arhamaaa|gay
|
|t:|1648377481
|switch|p2a: Medicham|Medicham, M|100/100
|turn|5
|c| ggfdkhhhkh|ok
|c| ShineyTheChad|Well, lead Slurpuff was something I would expect as a set
|
|t:|1648377494
|switch|p1a: Necrozma|Necrozma-Dusk-Mane|100/100
|-activate|p1a: Necrozma|move: Sticky Web
|-unboost|p1a: Necrozma|spe|1
|detailschange|p2a: Medicham|Medicham-Mega, M
|-mega|p2a: Medicham|Medicham|Medichamite
|move|p2a: Medicham|High Jump Kick|p1a: Necrozma
|-damage|p1a: Necrozma|42/100
|-damage|p2a: Medicham|84/100|[from] item: Rocky Helmet|[of] p1a: Necrozma
|
|upkeep
|turn|6
|c|☆arhamaaa|bro wtf am i supposed to do
|
|t:|1648377506
|switch|p2a: Zygarde|Zygarde|100/100
|move|p1a: Necrozma|Thunder Wave|p2a: Zygarde
|-immune|p2a: Zygarde
|
|upkeep
|turn|7
|c| ggfdkhhhkh|you don't
|
|t:|1648377512
|switch|p1a: Yveltal|Yveltal|60/100
|-ability|p1a: Yveltal|Dark Aura
|move|p2a: Zygarde|Coil|p2a: Zygarde
|-boost|p2a: Zygarde|atk|1
|-boost|p2a: Zygarde|def|1
|-boost|p2a: Zygarde|accuracy|1
|
|upkeep
|turn|8
|c| ShineyTheChad|No way someone used Belly Drum Slurpuff in AG
|
|t:|1648377517
|move|p1a: Yveltal|Defog|p2a: Zygarde
|-unboost|p2a: Zygarde|evasion|1
|-sideend|p1: arhamaaa|Sticky Web|[from] move: Defog|[of] p1a: Yveltal
|move|p2a: Zygarde|Thousand Arrows|p1a: Yveltal
|-damage|p1a: Yveltal|12/100
|-start|p1a: Yveltal|Smack Down
|
|upkeep
|turn|9
|
|t:|1648377520
|move|p2a: Zygarde|Extreme Speed|p1a: Yveltal
|-damage|p1a: Yveltal|0 fnt
|faint|p1a: Yveltal
|
|upkeep
|c|☆arhamaaa|pov gay
|c| ggfdkhhhkh|moment xdxdxdddd xd
|
|t:|1648377536
|switch|p1a: Necrozma|Necrozma-Dusk-Mane|42/100
|turn|10
|
|t:|1648377539
|move|p2a: Zygarde|Thousand Arrows|p1a: Necrozma
|-supereffective|p1a: Necrozma
|-damage|p1a: Necrozma|0 fnt
|faint|p1a: Necrozma
|
|upkeep
|c| ShineyTheChad|Umm
|c|☆arhamaaa|i
|c|☆arhamaaa|miusclicked
|c|☆arhamaaa|i meant to go zacian
|c|☆arhamaaa|omfg
|c| ShineyTheChad|You just gave away your NDM
|c| ggfdkhhhkh|exs deeee lmao xd real lol xd
|c|☆arhamaaa|I MEANT TO GO ZACIAN
|c| ggfdkhhhkh|ok
|
|t:|1648377566
|switch|p1a: Zacian|Zacian-Crowned|100/100
|-ability|p1a: Zacian|Intrepid Sword|boost
|-boost|p1a: Zacian|atk|1
|turn|11
|
|t:|1648377570
|-start|p2a: Zygarde|Dynamax|
|-heal|p2a: Zygarde|100/100|[silent]
|move|p1a: Zacian|Play Rough|p2a: Zygarde
|-supereffective|p2a: Zygarde
|-damage|p2a: Zygarde|55/100
|move|p2a: Zygarde|Max Quake|p1a: Zacian
|-supereffective|p1a: Zacian
|-damage|p1a: Zacian|0 fnt
|-boost|p2a: Zygarde|spd|1
|faint|p1a: Zacian
|
|upkeep
|n|!arhamaaa|arhamaaa
|c| ggfdkhhhkh|i think this is a weirder battle than the other one
|inactive|arhamaaa has 120 seconds left.
|
|t:|1648377593
|switch|p1a: Ditto|Ditto|100/100
|-transform|p1a: Ditto|p2a: Zygarde|[from] ability: Imposter
|turn|12
|c| ShineyTheChad|Umm, what are you doing dude?
|
|t:|1648377598
|move|p1a: Ditto|Thousand Arrows|p2a: Zygarde
|-damage|p2a: Zygarde|39/100
|move|p2a: Zygarde|Max Strike|p1a: Ditto
|-damage|p1a: Ditto|58/100
|-unboost|p1a: Ditto|spe|1
|
|-activate|p2a: Zygarde|ability: Power Construct
|detailschange|p2a: Zygarde|Zygarde-Complete
|-heal|p2a: Zygarde|60/100|[silent]
|upkeep
|turn|13
|
|t:|1648377601
|move|p1a: Ditto|Thousand Arrows|p2a: Zygarde
|-damage|p2a: Zygarde|49/100
|move|p2a: Zygarde|Max Quake|p1a: Ditto
|-damage|p1a: Ditto|0 fnt
|-boost|p2a: Zygarde|spd|1
|faint|p1a: Ditto
|
|-end|p2a: Zygarde|Dynamax
|-heal|p2a: Zygarde|49/100|[silent]
|upkeep
|c| ggfdkhhhkh|lmao zyg is full ditto proof
|
|t:|1648377607
|switch|p1a: Rayquaza|Rayquaza|100/100
|-ability|p1a: Rayquaza|Air Lock
|turn|14
|
|t:|1648377618
|detailschange|p1a: Rayquaza|Rayquaza-Mega
|-mega|p1a: Rayquaza|Rayquaza|
|-weather|DeltaStream|[from] ability: Delta Stream|[of] p1a: Rayquaza
|move|p2a: Zygarde|Extreme Speed|p1a: Rayquaza
|-damage|p1a: Rayquaza|66/100
|move|p1a: Rayquaza|Dragon Dance|p1a: Rayquaza
|-boost|p1a: Rayquaza|atk|1
|-boost|p1a: Rayquaza|spe|1
|
|-weather|DeltaStream|[upkeep]
|upkeep
|turn|15
|
|t:|1648377623
|move|p2a: Zygarde|Extreme Speed|p1a: Rayquaza
|-damage|p1a: Rayquaza|26/100
|move|p1a: Rayquaza|Dragon Ascent|p2a: Zygarde
|-damage|p2a: Zygarde|0 fnt
|-unboost|p1a: Rayquaza|def|1
|-unboost|p1a: Rayquaza|spd|1
|faint|p2a: Zygarde
|-damage|p1a: Rayquaza|16/100|[from] item: Life Orb
|
|-weather|DeltaStream|[upkeep]
|upkeep
|c| ggfdkhhhkh|my man had caly-s from the start oh hell naw
|
|t:|1648377640
|switch|p2a: Deoxys|Deoxys-Speed|100/100
|-ability|p2a: Deoxys|Pressure
|turn|16
|
|t:|1648377648
|move|p1a: Rayquaza|Extreme Speed|p2a: Deoxys
|-damage|p2a: Deoxys|18/100
|-damage|p1a: Rayquaza|6/100|[from] item: Life Orb
|move|p2a: Deoxys|Taunt|p1a: Rayquaza
|-start|p1a: Rayquaza|move: Taunt
|
|-weather|DeltaStream|[upkeep]
|upkeep
|turn|17
|
|t:|1648377651
|move|p1a: Rayquaza|Extreme Speed|p2a: Deoxys
|-damage|p2a: Deoxys|0 fnt
|faint|p2a: Deoxys
|-damage|p1a: Rayquaza|0 fnt|[from] item: Life Orb
|faint|p1a: Rayquaza
|-weather|none
|
|upkeep
|
|t:|1648377660
|switch|p2a: Arceus|Arceus-Fire|100/100
|switch|p1a: Calyrex|Calyrex-Shadow|100/100
|-ability|p1a: Calyrex|As One
|-ability|p1a: Calyrex|Unnerve
|turn|18
|
|t:|1648377671
|move|p1a: Calyrex|Astral Barrage|p2a: Arceus
|-damage|p2a: Arceus|52/100
|-zpower|p2a: Arceus
|move|p2a: Arceus|Inferno Overdrive|p1a: Calyrex|[zeffect]
|-damage|p1a: Calyrex|19/100
|
|upkeep
|turn|19
|
|t:|1648377679
|-start|p1a: Calyrex|Dynamax|
|-heal|p1a: Calyrex|19/100|[silent]
|move|p1a: Calyrex|Max Phantasm|p2a: Arceus
|-damage|p2a: Arceus|0 fnt
|faint|p2a: Arceus
|-ability|p1a: Calyrex|Grim Neigh|boost
|-boost|p1a: Calyrex|spa|1
|
|upkeep
|c| ShineyTheChad|Sash Phero?
|c| ggfdkhhhkh|if sash phero then gg
|
|t:|1648377708
|switch|p2a: Pheromosa|Pheromosa|100/100
|turn|20
|c|☆Buck X|No sash
|c|☆Buck X|but gg
|
|t:|1648377718
|move|p1a: Calyrex|Max Guard|p1a: Calyrex
|-singleturn|p1a: Calyrex|Max Guard
|move|p2a: Pheromosa|Bug Buzz|p1a: Calyrex
|-activate|p1a: Calyrex|move: Max Guard
|
|upkeep
|turn|21
|c|☆Buck X|i won
|
|t:|1648377721
|move|p1a: Calyrex|Max Guard|p1a: Calyrex
|-singleturn|p1a: Calyrex|Max Guard
|move|p2a: Pheromosa|Bug Buzz|p1a: Calyrex
|-activate|p1a: Calyrex|move: Max Guard
|
|-end|p1a: Calyrex|Dynamax
|-heal|p1a: Calyrex|19/100|[silent]
|upkeep
|turn|22
|
|t:|1648377724
|move|p1a: Calyrex|Astral Barrage|p2a: Pheromosa
|-damage|p2a: Pheromosa|0 fnt
|faint|p2a: Pheromosa
|-ability|p1a: Calyrex|Grim Neigh|boost
|-boost|p1a: Calyrex|spa|1
|
|upkeep
|
|t:|1648377727
|switch|p2a: Medicham|Medicham-Mega, M|84/100
|turn|23
|c| ggfdkhhhkh|LOL
|
|t:|1648377732
|move|p2a: Medicham|Bullet Punch|p1a: Calyrex
|-damage|p1a: Calyrex|0 fnt
|faint|p1a: Calyrex
|
|win|Buck X
|raw|arhamaaa's rating: 1586 &rarr; <strong>1572</strong><br />(-14 for losing)
|raw|Buck X's rating: 1703 &rarr; <strong>1717</strong><br />(+14 for winning)
|c|☆Buck X|Still won
