|j|☆yoooyooyo
|j|☆MVP2536
|t:|1662746251
|gametype|singles
|player|p1|yoooyooyo|266|1877
|player|p2|MVP2536|giovanni|1807
|teamsize|p1|6
|teamsize|p2|6
|gen|8
|tier|[Gen 8] National Dex AG
|rated|
|rule|HP Percentage Mod: HP is shown in percentages
|rule|Endless Battle Clause: Forcing endless battles is banned
|clearpoke
|poke|p1|Mimikyu, M|
|poke|p1|Mimikyu, F|
|poke|p1|Arceus-*|
|poke|p1|Arceus-*|
|poke|p1|Arceus-*|
|poke|p1|Arceus-*|
|poke|p2|Groudon|
|poke|p2|Aegislash, M|
|poke|p2|Rotom-Wash|
|poke|p2|Scrafty, M|
|poke|p2|Whimsicott, F|
|poke|p2|Ditto|
|teampreview
|
|t:|1662746259
|start
|switch|p1a: Arceus|Arceus-Ghost|100/100
|switch|p2a: Rotom|Rotom-Wash|100/100
|turn|1
|
|t:|1662746271
|move|p1a: Arceus|Stealth Rock|p2a: Rotom
|-sidestart|p2: MVP2536|move: Stealth Rock
|move|p2a: Rotom|Foul Play|p1a: Arceus
|-supereffective|p1a: Arceus
|-damage|p1a: Arceus|73/100
|
|upkeep
|turn|2
|
|t:|1662746277
|move|p1a: Arceus|Judgment|p2a: Rotom
|-damage|p2a: Rotom|29/100
|move|p2a: Rotom|Toxic|p1a: Arceus
|-status|p1a: Arceus|tox
|
|-damage|p1a: Arceus|67/100 tox|[from] psn
|upkeep
|turn|3
|
|t:|1662746284
|switch|p2a: Scrafty|Scrafty, M|100/100
|-damage|p2a: Scrafty|95/100|[from] Stealth Rock
|move|p1a: Arceus|Judgment|p2a: Scrafty
|-resisted|p2a: Scrafty
|-damage|p2a: Scrafty|77/100
|
|-damage|p1a: Arceus|55/100 tox|[from] psn
|upkeep
|turn|4
|
|t:|1662746296
|switch|p1a: Arceus|Arceus-Ground|100/100
|move|p2a: Scrafty|Knock Off|p1a: Arceus
|-damage|p1a: Arceus|80/100
|
|upkeep
|turn|5
|
|t:|1662746303
|move|p1a: Arceus|Earthquake|p2a: Scrafty
|-damage|p2a: Scrafty|19/100
|move|p2a: Scrafty|Ice Punch|p1a: Arceus
|-supereffective|p1a: Arceus
|-damage|p1a: Arceus|50/100
|
|upkeep
|turn|6
|
|t:|1662746310
|switch|p2a: Rotom|Rotom-Wash|29/100
|-damage|p2a: Rotom|17/100|[from] Stealth Rock
|move|p1a: Arceus|Earthquake|p2a: Rotom
|-immune|p2a: Rotom|[from] ability: Levitate
|
|upkeep
|turn|7
|
|t:|1662746317
|move|p1a: Arceus|Bullet Seed|p2a: Rotom
|-supereffective|p2a: Rotom
|-damage|p2a: Rotom|4/100
|-supereffective|p2a: Rotom
|-damage|p2a: Rotom|0 fnt
|faint|p2a: Rotom
|-hitcount|p2: Rotom|2
|
|upkeep
|
|t:|1662746325
|switch|p2a: Ditto|Ditto|100/100
|-damage|p2a: Ditto|88/100|[from] Stealth Rock
|-transform|p2a: Ditto|p1a: Arceus|[from] ability: Imposter
|turn|8
|
|t:|1662746332
|move|p2a: Ditto|Bullet Seed|p1a: Arceus
|-supereffective|p1a: Arceus
|-damage|p1a: Arceus|37/100
|-supereffective|p1a: Arceus
|-damage|p1a: Arceus|23/100
|-supereffective|p1a: Arceus
|-damage|p1a: Arceus|9/100
|-hitcount|p1a: Arceus|3
|move|p1a: Arceus|Bullet Seed|p2a: Ditto
|-supereffective|p2a: Ditto
|-damage|p2a: Ditto|71/100
|-supereffective|p2a: Ditto
|-damage|p2a: Ditto|54/100
|-supereffective|p2a: Ditto
|-damage|p2a: Ditto|37/100
|-hitcount|p2a: Ditto|3
|
|upkeep
|turn|9
|
|t:|1662746344
|move|p2a: Ditto|Bullet Seed|p1a: Arceus
|-supereffective|p1a: Arceus
|-damage|p1a: Arceus|0 fnt
|faint|p1a: Arceus
|-hitcount|p1: Arceus|1
|
|upkeep
|
|t:|1662746369
|switch|p1a: Mimikyu|Mimikyu, F|100/100
|turn|10
|
|t:|1662746374
|move|p2a: Ditto|Bullet Seed|p1a: Mimikyu
|-activate|p1a: Mimikyu|ability: Disguise
|-damage|p1a: Mimikyu|100/100
|detailschange|p1a: Mimikyu|Mimikyu-Busted, F
|-damage|p1a: Mimikyu|88/100|[from] pokemon: Mimikyu-Busted
|-damage|p1a: Mimikyu|75/100
|-damage|p1a: Mimikyu|60/100
|-damage|p1a: Mimikyu|46/100
|-damage|p1a: Mimikyu|33/100
|-hitcount|p1a: Mimikyu|5
|-zpower|p1a: Mimikyu
|move|p1a: Mimikyu|Let's Snuggle Forever|p2a: Ditto|[zeffect]
|-damage|p2a: Ditto|0 fnt
|faint|p2a: Ditto
|
|upkeep
|
|t:|1662746391
|switch|p2a: Whimsicott|Whimsicott, F|100/100
|turn|11
|
|t:|1662746396
|move|p2a: Whimsicott|Moonblast|p1a: Mimikyu
|-damage|p1a: Mimikyu|0 fnt
|faint|p1a: Mimikyu
|
|upkeep
|
|t:|1662746407
|switch|p1a: Arceus|Arceus-Electric|100/100
|turn|12
|
|t:|1662746411
|switch|p2a: garbage|Groudon|100/100
|-damage|p2a: garbage|94/100|[from] Stealth Rock
|detailschange|p2a: garbage|Groudon-Primal
|-primal|p2a: garbage
|-weather|DesolateLand|[from] ability: Desolate Land|[of] p2a: garbage
|move|p1a: Arceus|Ice Beam|p2a: garbage
|-damage|p2a: garbage|70/100
|
|-weather|DesolateLand|[upkeep]
|upkeep
|turn|13
|
|t:|1662746421
|switch|p1a: Arceus|Arceus-Ground|100/100
|move|p2a: garbage|Precipice Blades|p1a: Arceus
|-damage|p1a: Arceus|46/100
|
|-weather|DesolateLand|[upkeep]
|upkeep
|turn|14
|
|t:|1662746426
|move|p1a: Arceus|Earthquake|p2a: garbage
|-supereffective|p2a: garbage
|-damage|p2a: garbage|0 fnt
|faint|p2a: garbage
|-weather|none
|
|upkeep
|
|t:|1662746431
|switch|p2a: Whimsicott|Whimsicott, F|100/100
|turn|15
|
|t:|1662746441
|move|p2a: Whimsicott|Substitute|p2a: Whimsicott
|-start|p2a: Whimsicott|Substitute
|-damage|p2a: Whimsicott|76/100
|move|p1a: Arceus|Stone Edge|p2a: Whimsicott
|-end|p2a: Whimsicott|Substitute
|
|upkeep
|turn|16
|
|t:|1662746447
|move|p1a: Arceus|Extreme Speed|p2a: Whimsicott
|-damage|p2a: Whimsicott|35/100
|move|p2a: Whimsicott|Leech Seed|p1a: Arceus
|-start|p1a: Arceus|move: Leech Seed
|
|-damage|p1a: Arceus|34/100|[from] Leech Seed|[of] p2a: Whimsicott
|-heal|p2a: Whimsicott|55/100|[silent]
|upkeep
|turn|17
|
|t:|1662746460
|switch|p2a: Aegislash|Aegislash, M|100/100
|-damage|p2a: Aegislash|94/100|[from] Stealth Rock
|move|p1a: Arceus|Extreme Speed|p2a: Aegislash
|-immune|p2a: Aegislash
|
|-heal|p2a: Aegislash|100/100|[from] item: Leftovers
|-damage|p1a: Arceus|21/100|[from] Leech Seed|[of] p2a: Aegislash
|upkeep
|turn|18
|
|t:|1662746471
|move|p2a: Aegislash|King's Shield|p2a: Aegislash
|-singleturn|p2a: Aegislash|Protect
|move|p1a: Arceus|Earthquake|p2a: Aegislash
|-activate|p2a: Aegislash|move: Protect
|
|-damage|p1a: Arceus|9/100|[from] Leech Seed|[of] p2a: Aegislash
|upkeep
|turn|19
|
|t:|1662746478
|-formechange|p2a: Aegislash|Aegislash-Blade||[from] ability: Stance Change
|move|p2a: Aegislash|Shadow Sneak|p1a: Arceus
|-damage|p1a: Arceus|0 fnt
|faint|p1a: Arceus
|
|upkeep
|
|t:|1662746488
|switch|p1a: Mimikyu|Mimikyu, M|100/100
|turn|20
|
|t:|1662746493
|-formechange|p2a: Aegislash|Aegislash||[from] ability: Stance Change
|move|p2a: Aegislash|King's Shield|p2a: Aegislash
|-singleturn|p2a: Aegislash|Protect
|move|p1a: Mimikyu|Swords Dance|p1a: Mimikyu
|-boost|p1a: Mimikyu|atk|2
|
|upkeep
|turn|21
|
|t:|1662746507
|-start|p2a: Aegislash|Dynamax|
|-heal|p2a: Aegislash|100/100|[silent]
|move|p1a: Mimikyu|Shadow Sneak|p2a: Aegislash
|-supereffective|p2a: Aegislash
|-damage|p2a: Aegislash|74/100
|-formechange|p2a: Aegislash|Aegislash-Blade||[from] ability: Stance Change
|move|p2a: Aegislash|Max Phantasm|p1a: Mimikyu
|-activate|p1a: Mimikyu|ability: Disguise
|-damage|p1a: Mimikyu|100/100
|-unboost|p1a: Mimikyu|def|1
|detailschange|p1a: Mimikyu|Mimikyu-Busted, M
|-damage|p1a: Mimikyu|88/100|[from] pokemon: Mimikyu-Busted
|-enditem|p1a: Mimikyu|Red Card|[of] p2a: Aegislash
|-block|p2a: Aegislash|Dynamax
|
|-heal|p2a: Aegislash|77/100|[from] item: Leftovers
|upkeep
|turn|22
|
|t:|1662746530
|-start|p1a: Mimikyu|Dynamax|
|-heal|p1a: Mimikyu|88/100|[silent]
|move|p1a: Mimikyu|Max Phantasm|p2a: Aegislash
|-supereffective|p2a: Aegislash
|-damage|p2a: Aegislash|0 fnt
|faint|p2a: Aegislash
|
|upkeep
|c|☆MVP2536|gg
|-message|MVP2536 forfeited.
|
|win|yoooyooyo
|raw|yoooyooyo's rating: 1877 &rarr; <strong>1893</strong><br />(+16 for winning)
|raw|MVP2536's rating: 1807 &rarr; <strong>1791</strong><br />(-16 for losing)
|l|☆MVP2536
