|j|☆Sethpokemonpro
|j|☆default0
|inactive|Battle timer is ON: inactive players will automatically lose when time's up.
|t:|1661551420
|gametype|singles
|player|p1|Sethpokemonpro|cynthia-gen4|
|player|p2|default0|skierf-gen4dp|
|teamsize|p1|6
|teamsize|p2|6
|gen|8
|tier|[Gen 8] National Dex AG
|rated|Tournament battle
|rule|HP Percentage Mod: HP is shown in percentages
|rule|Endless Battle Clause: Forcing endless battles is banned
|clearpoke
|poke|p1|Groudon|
|poke|p1|Rayquaza|
|poke|p1|Yveltal|
|poke|p1|Calyrex-Shadow|
|poke|p1|Lugia|
|poke|p1|Zacian-*|
|poke|p2|Necrozma-Dusk-Mane|
|poke|p2|Chansey, F|
|poke|p2|Ho-Oh|
|poke|p2|Yveltal|
|poke|p2|Xerneas-*|
|poke|p2|Calyrex-Shadow|
|teampreview
|inactive|Sethpokemonpro also wants the timer to be on.
|c|☆Sethpokemonpro|hf
|
|t:|1661551441
|start
|switch|p1a: Groudon|Groudon|100/100
|switch|p2a: Calyrex|Calyrex-Shadow|100/100
|-ability|p2a: Calyrex|As One
|-ability|p2a: Calyrex|Unnerve
|detailschange|p1a: Groudon|Groudon-Primal
|-primal|p1a: Groudon
|-weather|DesolateLand|[from] ability: Desolate Land|[of] p1a: Groudon
|turn|1
|
|t:|1661551447
|move|p2a: Calyrex|Astral Barrage|p1a: Groudon
|-damage|p1a: Groudon|52/100
|move|p1a: Groudon|Thunder Wave|p2a: Calyrex
|-status|p2a: Calyrex|par
|
|-weather|DesolateLand|[upkeep]
|upkeep
|turn|2
|
|t:|1661551465
|move|p2a: Calyrex|Astral Barrage|p1a: Groudon
|-damage|p1a: Groudon|1/100
|move|p1a: Groudon|Earthquake|p2a: Calyrex
|-damage|p2a: Calyrex|36/100 par
|
|-weather|DesolateLand|[upkeep]
|upkeep
|turn|3
|inactive|Sethpokemonpro has 120 seconds left.
|
|t:|1661551495
|-weather|none
|switch|p1a: Yveltal|Yveltal|100/100
|-ability|p1a: Yveltal|Dark Aura
|move|p2a: Calyrex|Astral Barrage|p1a: Yveltal
|-resisted|p1a: Yveltal
|-damage|p1a: Yveltal|69/100
|
|upkeep
|turn|4
|inactive|default0 has 120 seconds left.
|
|t:|1661551543
|move|p2a: Calyrex|Astral Barrage|p1a: Yveltal
|-resisted|p1a: Yveltal
|-damage|p1a: Yveltal|37/100
|move|p1a: Yveltal|Oblivion Wing|p2a: Calyrex
|-damage|p2a: Calyrex|0 fnt
|-heal|p1a: Yveltal|60/100|[from] drain|[of] p2a: Calyrex
|faint|p2a: Calyrex
|-damage|p1a: Yveltal|50/100|[from] item: Life Orb
|
|upkeep
|
|t:|1661551553
|switch|p2a: Xerneas|Xerneas|100/100
|-ability|p2a: Xerneas|Fairy Aura
|turn|5
|
|t:|1661551557
|move|p1a: Yveltal|Taunt|p2a: Xerneas
|-start|p2a: Xerneas|move: Taunt
|cant|p2a: Xerneas|move: Taunt|Geomancy
|
|upkeep
|turn|6
|
|t:|1661551560
|switch|p1a: Zacian|Zacian-Crowned|100/100
|-ability|p1a: Zacian|Intrepid Sword|boost
|-boost|p1a: Zacian|atk|1
|move|p2a: Xerneas|Moonblast|p1a: Zacian
|-resisted|p1a: Zacian
|-damage|p1a: Zacian|65/100
|
|upkeep
|turn|7
|
|t:|1661551565
|switch|p1a: Groudon|Groudon-Primal|1/100
|-weather|DesolateLand|[from] ability: Desolate Land|[of] p1a: Groudon
|switch|p2a: Ho-Oh|Ho-Oh|100/100
|
|-weather|DesolateLand|[upkeep]
|upkeep
|turn|8
|
|t:|1661551568
|move|p2a: Ho-Oh|Sacred Fire|p1a: Groudon
|-resisted|p1a: Groudon
|-damage|p1a: Groudon|0 fnt
|faint|p1a: Groudon
|-weather|none
|
|upkeep
|
|t:|1661551579
|switch|p1a: Rayquaza|Rayquaza|100/100
|-ability|p1a: Rayquaza|Air Lock
|turn|9
|
|t:|1661551584
|detailschange|p1a: Rayquaza|Rayquaza-Mega
|-mega|p1a: Rayquaza|Rayquaza|
|-weather|DeltaStream|[from] ability: Delta Stream|[of] p1a: Rayquaza
|move|p1a: Rayquaza|Dragon Ascent|p2a: Ho-Oh
|-damage|p2a: Ho-Oh|29/100
|-unboost|p1a: Rayquaza|def|1
|-unboost|p1a: Rayquaza|spd|1
|-damage|p1a: Rayquaza|91/100|[from] item: Life Orb
|move|p2a: Ho-Oh|Whirlwind|p1a: Rayquaza
|-weather|none
|drag|p1a: Lugia|Lugia|100/100
|
|upkeep
|turn|10
|
|t:|1661551600
|switch|p1a: Rayquaza|Rayquaza-Mega|91/100
|-weather|DeltaStream|[from] ability: Delta Stream|[of] p1a: Rayquaza
|switch|p2a: Necrozma|Necrozma-Dusk-Mane|100/100
|
|-weather|DeltaStream|[upkeep]
|upkeep
|turn|11
|
|t:|1661551611
|switch|p2a: Ho-Oh|Ho-Oh|62/100
|move|p1a: Rayquaza|V-create|p2a: Ho-Oh
|-resisted|p2a: Ho-Oh
|-damage|p2a: Ho-Oh|25/100
|-unboost|p1a: Rayquaza|spe|1
|-unboost|p1a: Rayquaza|def|1
|-unboost|p1a: Rayquaza|spd|1
|-damage|p1a: Rayquaza|81/100|[from] item: Life Orb
|
|-weather|DeltaStream|[upkeep]
|upkeep
|turn|12
|
|t:|1661551618
|switch|p2a: Necrozma|Necrozma-Dusk-Mane|100/100
|move|p1a: Rayquaza|V-create|p2a: Necrozma|[miss]
|-miss|p1a: Rayquaza|p2a: Necrozma
|
|-weather|DeltaStream|[upkeep]
|upkeep
|turn|13
|
|t:|1661551629
|switch|p2a: Xerneas|Xerneas|100/100
|-ability|p2a: Xerneas|Fairy Aura
|move|p1a: Rayquaza|V-create|p2a: Xerneas
|-crit|p2a: Xerneas
|-damage|p2a: Xerneas|0 fnt
|-unboost|p1a: Rayquaza|spe|1
|-unboost|p1a: Rayquaza|def|1
|-unboost|p1a: Rayquaza|spd|1
|faint|p2a: Xerneas
|-damage|p1a: Rayquaza|71/100|[from] item: Life Orb
|
|-weather|DeltaStream|[upkeep]
|upkeep
|
|t:|1661551641
|switch|p2a: Necrozma|Necrozma-Dusk-Mane|100/100
|turn|14
|c|☆Sethpokemonpro|sry bout that
|
|t:|1661551646
|-weather|none
|switch|p1a: Lugia|Lugia|100/100
|move|p2a: Necrozma|Stealth Rock|p1a: Lugia
|-sidestart|p1: Sethpokemonpro|move: Stealth Rock
|
|upkeep
|turn|15
|
|t:|1661551651
|switch|p2a: Chansey|Chansey, F|100/100
|move|p1a: Lugia|Thunder Wave|p2a: Chansey|[miss]
|-miss|p1a: Lugia|p2a: Chansey
|
|upkeep
|turn|16
|
|t:|1661551657
|move|p1a: Lugia|Defog|p2a: Chansey
|-unboost|p2a: Chansey|evasion|1
|-sideend|p1: Sethpokemonpro|Stealth Rock|[from] move: Defog|[of] p1a: Lugia
|move|p2a: Chansey|Toxic|p1a: Lugia
|-status|p1a: Lugia|tox
|
|-damage|p1a: Lugia|94/100 tox|[from] psn
|upkeep
|turn|17
|
|t:|1661551665
|switch|p1a: Yveltal|Yveltal|50/100
|-ability|p1a: Yveltal|Dark Aura
|move|p2a: Chansey|Thunder Wave|p1a: Yveltal|[miss]
|-miss|p2a: Chansey|p1a: Yveltal
|
|upkeep
|turn|18
|
|t:|1661551670
|switch|p2a: Ho-Oh|Ho-Oh|58/100
|move|p1a: Yveltal|Taunt|p2a: Ho-Oh
|-start|p2a: Ho-Oh|move: Taunt
|
|upkeep
|turn|19
|
|t:|1661551678
|-start|p1a: Yveltal|Dynamax|
|-heal|p1a: Yveltal|50/100|[silent]
|move|p1a: Yveltal|Max Darkness|p2a: Ho-Oh
|-damage|p2a: Ho-Oh|0 fnt
|faint|p2a: Ho-Oh
|-damage|p1a: Yveltal|45/100|[from] item: Life Orb
|
|upkeep
|
|t:|1661551682
|switch|p2a: Chansey|Chansey, F|100/100
|turn|20
|
|t:|1661551685
|move|p1a: Yveltal|Max Darkness|p2a: Chansey
|-damage|p2a: Chansey|36/100
|-unboost|p2a: Chansey|spd|1
|-damage|p1a: Yveltal|40/100|[from] item: Life Orb
|move|p2a: Chansey|Toxic|p1a: Yveltal
|-status|p1a: Yveltal|tox
|
|-damage|p1a: Yveltal|37/100 tox|[from] psn
|upkeep
|turn|21
|
|t:|1661551695
|move|p1a: Yveltal|Max Darkness|p2a: Chansey
|-damage|p2a: Chansey|0 fnt
|faint|p2a: Chansey
|-damage|p1a: Yveltal|32/100 tox|[from] item: Life Orb
|
|-damage|p1a: Yveltal|26/100 tox|[from] psn
|upkeep
|
|t:|1661551699
|switch|p2a: Yveltal|Yveltal|100/100
|-ability|p2a: Yveltal|Dark Aura
|-end|p1a: Yveltal|Dynamax
|-heal|p1a: Yveltal|26/100 tox|[silent]
|turn|22
|
|t:|1661551724
|-start|p2a: Yveltal|Dynamax|
|-heal|p2a: Yveltal|100/100|[silent]
|move|p1a: Yveltal|Oblivion Wing|p2a: Yveltal
|-damage|p2a: Yveltal|78/100
|-heal|p1a: Yveltal|60/100 tox|[from] drain|[of] p2a: Yveltal
|-damage|p1a: Yveltal|50/100 tox|[from] item: Life Orb
|move|p2a: Yveltal|Max Airstream|p1a: Yveltal
|-damage|p1a: Yveltal|0 fnt
|-boost|p2a: Yveltal|spe|1
|faint|p1a: Yveltal
|-damage|p2a: Yveltal|73/100|[from] item: Life Orb
|
|upkeep
|
|t:|1661551738
|switch|p1a: Lugia|Lugia|94/100 tox
|turn|23
|
|t:|1661551741
|move|p2a: Yveltal|Max Darkness|p1a: Lugia
|-supereffective|p1a: Lugia
|-damage|p1a: Lugia|0 fnt
|faint|p1a: Lugia
|-damage|p2a: Yveltal|68/100|[from] item: Life Orb
|
|upkeep
|inactive|Sethpokemonpro has 120 seconds left.
|
|t:|1661551791
|switch|p1a: Calyrex|Calyrex-Shadow|100/100
|-ability|p1a: Calyrex|As One
|-ability|p1a: Calyrex|Unnerve
|turn|24
|
|t:|1661551814
|move|p2a: Yveltal|Max Airstream|p1a: Calyrex
|-damage|p1a: Calyrex|5/100
|-boost|p2a: Yveltal|spe|1
|-damage|p2a: Yveltal|63/100|[from] item: Life Orb
|move|p1a: Calyrex|Draining Kiss|p2a: Yveltal
|-supereffective|p2a: Yveltal
|-damage|p2a: Yveltal|44/100
|-heal|p1a: Calyrex|39/100|[from] drain|[of] p2a: Yveltal
|
|upkeep
|-end|p2a: Yveltal|Dynamax
|-heal|p2a: Yveltal|44/100|[silent]
|turn|25
|
|t:|1661551825
|move|p2a: Yveltal|Oblivion Wing|p1a: Calyrex
|-damage|p1a: Calyrex|0 fnt
|-heal|p2a: Yveltal|69/100|[from] drain|[of] p1a: Calyrex
|faint|p1a: Calyrex
|-damage|p2a: Yveltal|59/100|[from] item: Life Orb
|
|upkeep
|
|t:|1661551831
|switch|p1a: Zacian|Zacian-Crowned|65/100
|-ability|p1a: Zacian|Intrepid Sword|boost
|-boost|p1a: Zacian|atk|1
|turn|26
|
|t:|1661551834
|move|p2a: Yveltal|Dark Pulse|p1a: Zacian
|-resisted|p1a: Zacian
|-damage|p1a: Zacian|25/100
|-damage|p2a: Yveltal|49/100|[from] item: Life Orb
|cant|p1a: Zacian|flinch
|
|upkeep
|turn|27
|
|t:|1661551840
|move|p2a: Yveltal|Dark Pulse|p1a: Zacian
|-resisted|p1a: Zacian
|-crit|p1a: Zacian
|-damage|p1a: Zacian|0 fnt
|faint|p1a: Zacian
|-damage|p2a: Yveltal|39/100|[from] item: Life Orb
|
|upkeep
|
|t:|1661551843
|switch|p1a: Rayquaza|Rayquaza-Mega|71/100
|-weather|DeltaStream|[from] ability: Delta Stream|[of] p1a: Rayquaza
|turn|28
|
|t:|1661551857
|move|p1a: Rayquaza|Extreme Speed|p2a: Yveltal
|-damage|p2a: Yveltal|0 fnt
|faint|p2a: Yveltal
|-damage|p1a: Rayquaza|61/100|[from] item: Life Orb
|
|-weather|DeltaStream|[upkeep]
|upkeep
|
|t:|1661551860
|switch|p2a: Necrozma|Necrozma-Dusk-Mane|100/100
|turn|29
|
|t:|1661551865
|move|p1a: Rayquaza|Draco Meteor|p2a: Necrozma
|-resisted|p2a: Necrozma
|-damage|p2a: Necrozma|64/100
|-unboost|p1a: Rayquaza|spa|2
|-damage|p1a: Rayquaza|51/100|[from] item: Life Orb
|move|p2a: Necrozma|Sunsteel Strike|p1a: Rayquaza
|-crit|p1a: Rayquaza
|-damage|p1a: Rayquaza|0 fnt
|faint|p1a: Rayquaza
|-weather|none
|
|win|default0
|n|☆Sethpokemonpro|sethpokemonpro
|n|☆default0|default0
|l|☆default0
|c|☆Sethpokemonpro|damn crit
