|j|☆Omnial2
|j|☆chopforce8
|t:|1652880672
|gametype|singles
|player|p1|Omnial2|youngn|1582
|player|p2|chopforce8|red|1867
|teamsize|p1|6
|teamsize|p2|6
|gen|8
|tier|[Gen 8] National Dex AG
|rated|
|rule|HP Percentage Mod: HP is shown in percentages
|rule|Endless Battle Clause: Forcing endless battles is banned
|clearpoke
|poke|p1|Zacian-*|
|poke|p1|Groudon|
|poke|p1|Calyrex-Shadow|
|poke|p1|Rayquaza|
|poke|p1|Pheromosa|
|poke|p1|Xerneas-*|
|poke|p2|Yveltal|
|poke|p2|Diancie|
|poke|p2|Calyrex-Shadow|
|poke|p2|Zacian-*|
|poke|p2|Ditto|
|poke|p2|Arceus-*|
|teampreview
|inactive|Battle timer is ON: inactive players will automatically lose when time's up. (requested by Omnial2)
|
|t:|1652880680
|start
|switch|p1a: Pheromosa|Pheromosa, shiny|100/100
|switch|p2a: Professorquirrel|Calyrex-Shadow|100/100
|-ability|p2a: Professorquirrel|As One
|-ability|p2a: Professorquirrel|Unnerve
|turn|1
|
|t:|1652880687
|move|p1a: Pheromosa|Bounce||[still]
|-prepare|p1a: Pheromosa|Bounce
|move|p2a: Professorquirrel|Astral Barrage|p1a: Pheromosa|[miss]
|-miss|p2a: Professorquirrel|p1a: Pheromosa
|
|upkeep
|turn|2
|
|t:|1652880693
|switch|p2a: Fluffy|Zacian-Crowned|100/100
|-ability|p2a: Fluffy|Intrepid Sword|boost
|-boost|p2a: Fluffy|atk|1
|move|p1a: Pheromosa|Bounce|p2a: Fluffy|[from]lockedmove
|-resisted|p2a: Fluffy
|-damage|p2a: Fluffy|85/100
|
|upkeep
|turn|3
|
|t:|1652880700
|switch|p2a: Professorquirrel|Calyrex-Shadow|100/100
|-ability|p2a: Professorquirrel|As One
|-ability|p2a: Professorquirrel|Unnerve
|move|p1a: Pheromosa|Drill Run|p2a: Professorquirrel
|-damage|p2a: Professorquirrel|73/100
|
|upkeep
|turn|4
|
|t:|1652880710
|move|p1a: Pheromosa|Bounce||[still]
|-prepare|p1a: Pheromosa|Bounce
|move|p2a: Professorquirrel|Substitute|p2a: Professorquirrel
|-start|p2a: Professorquirrel|Substitute
|-damage|p2a: Professorquirrel|48/100
|
|upkeep
|turn|5
|
|t:|1652880715
|move|p1a: Pheromosa|Bounce|p2a: Professorquirrel|[from]lockedmove|[miss]
|-miss|p1a: Pheromosa|p2a: Professorquirrel
|move|p2a: Professorquirrel|Nasty Plot|p2a: Professorquirrel
|-boost|p2a: Professorquirrel|spa|2
|
|upkeep
|turn|6
|
|t:|1652880721
|move|p1a: Pheromosa|Drill Run|p2a: Professorquirrel
|-crit|p2a: Professorquirrel
|-end|p2a: Professorquirrel|Substitute
|move|p2a: Professorquirrel|Baton Pass|p2a: Professorquirrel
|
|t:|1652880725
|switch|p2a: Voldemort|Yveltal|100/100|[from]move: Baton Pass
|-ability|p2a: Voldemort|Dark Aura
|
|upkeep
|turn|7
|
|t:|1652880731
|-start|p2a: Voldemort|Dynamax|
|-heal|p2a: Voldemort|100/100|[silent]
|move|p1a: Pheromosa|Close Combat|p2a: Voldemort
|-damage|p2a: Voldemort|69/100
|-unboost|p1a: Pheromosa|def|1
|-unboost|p1a: Pheromosa|spd|1
|move|p2a: Voldemort|Max Airstream|p1a: Pheromosa
|-supereffective|p1a: Pheromosa
|-damage|p1a: Pheromosa|0 fnt
|-boost|p2a: Voldemort|spe|1
|faint|p1a: Pheromosa
|-damage|p2a: Voldemort|64/100|[from] item: Life Orb
|
|upkeep
|
|t:|1652880741
|switch|p1a: Zacian|Zacian-Crowned|100/100
|-ability|p1a: Zacian|Intrepid Sword|boost
|-boost|p1a: Zacian|atk|1
|turn|8
|
|t:|1652880747
|move|p2a: Voldemort|Max Flare|p1a: Zacian
|-supereffective|p1a: Zacian
|-damage|p1a: Zacian|0 fnt
|-weather|SunnyDay
|faint|p1a: Zacian
|-damage|p2a: Voldemort|59/100|[from] item: Life Orb
|
|-weather|SunnyDay|[upkeep]
|upkeep
|
|t:|1652880752
|switch|p1a: Xerneas|Xerneas|100/100
|-ability|p1a: Xerneas|Fairy Aura
|turn|9
|
|t:|1652880757
|move|p2a: Voldemort|Max Airstream|p1a: Xerneas
|-damage|p1a: Xerneas|0 fnt
|-boost|p2a: Voldemort|spe|1
|faint|p1a: Xerneas
|-damage|p2a: Voldemort|54/100|[from] item: Life Orb
|
|-weather|SunnyDay|[upkeep]
|upkeep
|
|t:|1652880764
|switch|p1a: Rayquaza|Rayquaza|100/100
|-ability|p1a: Rayquaza|Air Lock
|-end|p2a: Voldemort|Dynamax
|-heal|p2a: Voldemort|54/100|[silent]
|turn|10
|
|t:|1652880779
|detailschange|p1a: Rayquaza|Rayquaza-Mega
|-mega|p1a: Rayquaza|Rayquaza|
|-weather|DeltaStream|[from] ability: Delta Stream|[of] p1a: Rayquaza
|move|p1a: Rayquaza|Extreme Speed|p2a: Voldemort
|-damage|p2a: Voldemort|0 fnt
|faint|p2a: Voldemort
|-damage|p1a: Rayquaza|91/100|[from] item: Life Orb
|
|-weather|DeltaStream|[upkeep]
|upkeep
|
|t:|1652880790
|switch|p2a: Professorquirrel|Calyrex-Shadow|48/100
|-ability|p2a: Professorquirrel|As One
|-ability|p2a: Professorquirrel|Unnerve
|turn|11
|inactive|chopforce8 has 120 seconds left.
|
|t:|1652880811
|move|p2a: Professorquirrel|Substitute|p2a: Professorquirrel
|-start|p2a: Professorquirrel|Substitute
|-damage|p2a: Professorquirrel|24/100
|move|p1a: Rayquaza|Waterfall|p2a: Professorquirrel
|-crit|p2a: Professorquirrel
|-end|p2a: Professorquirrel|Substitute
|-damage|p1a: Rayquaza|81/100|[from] item: Life Orb
|
|-weather|DeltaStream|[upkeep]
|upkeep
|turn|12
|
|t:|1652880820
|switch|p2a: Fluffy|Zacian-Crowned|85/100
|-ability|p2a: Fluffy|Intrepid Sword|boost
|-boost|p2a: Fluffy|atk|1
|move|p1a: Rayquaza|Waterfall|p2a: Fluffy
|-damage|p2a: Fluffy|35/100
|-damage|p1a: Rayquaza|71/100|[from] item: Life Orb
|
|-weather|DeltaStream|[upkeep]
|upkeep
|turn|13
|
|t:|1652880829
|move|p2a: Fluffy|Behemoth Blade|p1a: Rayquaza
|-damage|p1a: Rayquaza|0 fnt
|faint|p1a: Rayquaza
|-weather|none
|
|upkeep
|
|t:|1652880833
|switch|p1a: Calyrex|Calyrex-Shadow|100/100
|-ability|p1a: Calyrex|As One
|-ability|p1a: Calyrex|Unnerve
|turn|14
|
|t:|1652880838
|move|p1a: Calyrex|Astral Barrage|p2a: Fluffy
|-damage|p2a: Fluffy|0 fnt
|faint|p2a: Fluffy
|-ability|p1a: Calyrex|Grim Neigh|boost
|-boost|p1a: Calyrex|spa|1
|
|upkeep
|
|t:|1652880845
|switch|p2a: Chess Wizard|Arceus-Flying|100/100
|turn|15
|
|t:|1652880851
|move|p1a: Calyrex|Astral Barrage|p2a: Chess Wizard
|-damage|p2a: Chess Wizard|33/100
|move|p2a: Chess Wizard|Judgment|p1a: Calyrex
|-damage|p1a: Calyrex|52/100
|
|upkeep
|turn|16
|inactive|chopforce8 has 120 seconds left.
|
|t:|1652880894
|move|p1a: Calyrex|Astral Barrage|p2a: Chess Wizard
|-damage|p2a: Chess Wizard|0 fnt
|faint|p2a: Chess Wizard
|-ability|p1a: Calyrex|Grim Neigh|boost
|-boost|p1a: Calyrex|spa|1
|
|upkeep
|
|t:|1652880908
|switch|p2a: Professorquirrel|Calyrex-Shadow|24/100
|-ability|p2a: Professorquirrel|As One
|-ability|p2a: Professorquirrel|Unnerve
|turn|17
|
|t:|1652880912
|move|p1a: Calyrex|Astral Barrage|p2a: Professorquirrel
|-supereffective|p2a: Professorquirrel
|-damage|p2a: Professorquirrel|0 fnt
|faint|p2a: Professorquirrel
|-ability|p1a: Calyrex|Grim Neigh|boost
|-boost|p1a: Calyrex|spa|1
|
|upkeep
|
|t:|1652880919
|switch|p2a: MirrorofErised|Ditto|100/100
|-transform|p2a: MirrorofErised|p1a: Calyrex|[from] ability: Imposter
|turn|18
|inactive|chopforce8 has 120 seconds left.
|c|☆chopforce8|roll a dice
|c|☆chopforce8|chicken or rice?
|c|☆chopforce8|sugar or spice?
|
|t:|1652880934
|move|p1a: Calyrex|Astral Barrage|p2a: MirrorofErised
|-supereffective|p2a: MirrorofErised
|-damage|p2a: MirrorofErised|0 fnt
|faint|p2a: MirrorofErised
|-ability|p1a: Calyrex|Grim Neigh|boost
|-boost|p1a: Calyrex|spa|1
|
|upkeep
|c|☆Omnial2|scarf or specs
|-message|chopforce8 forfeited.
|
|win|Omnial2
|raw|Omnial2's rating: 1582 &rarr; <strong>1616</strong><br />(+34 for winning)
|raw|chopforce8's rating: 1867 &rarr; <strong>1833</strong><br />(-34 for losing)
|l|☆chopforce8
|c|☆Omnial2|gg
