|j|☆Tarakan
|j|☆Emorawr79
|t:|1641066222
|gametype|singles
|player|p1|Tarakan|koga|1524
|player|p2|Emorawr79|170|1466
|teamsize|p1|6
|teamsize|p2|6
|gen|8
|tier|[Gen 8] National Dex AG
|rated|
|rule|HP Percentage Mod: HP is shown in percentages
|rule|Endless Battle Clause: Forcing endless battles is banned
|clearpoke
|poke|p1|Electrode|
|poke|p1|Clefable, F|
|poke|p1|Blastoise, F|
|poke|p1|Muk-Alola, M|
|poke|p1|Gliscor, M|
|poke|p1|Avalugg, F|
|poke|p2|Calyrex-Shadow|
|poke|p2|Zacian-*|
|poke|p2|Smeargle, F|
|poke|p2|Zygarde|
|poke|p2|Ditto|
|poke|p2|Arceus-*|
|teampreview
|inactive|Battle timer is ON: inactive players will automatically lose when time's up. (requested by Tarakan)
|
|t:|1641066228
|start
|switch|p1a: Electrode|Electrode|100/100
|switch|p2a: Smeargle|Smeargle, F|100/100
|turn|1
|
|t:|1641066231
|move|p1a: Electrode|Taunt|p2a: Smeargle
|-start|p2a: Smeargle|move: Taunt
|cant|p2a: Smeargle|move: Taunt|Spore
|
|-ability|p2a: Smeargle|Moody|boost
|-boost|p2a: Smeargle|spd|2
|-unboost|p2a: Smeargle|spa|1
|upkeep
|turn|2
|
|t:|1641066234
|move|p1a: Electrode|Thunder Wave|p2a: Smeargle|[miss]
|-miss|p1a: Electrode|p2a: Smeargle
|move|p2a: Smeargle|Endeavor|p1a: Electrode
|-damage|p1a: Electrode|78/100
|
|-ability|p2a: Smeargle|Moody|boost
|-boost|p2a: Smeargle|spa|2
|-unboost|p2a: Smeargle|spd|1
|upkeep
|turn|3
|
|t:|1641066245
|switch|p2a: Ditto|Ditto|100/100
|-transform|p2a: Ditto|p1a: Electrode|[from] ability: Imposter
|move|p1a: Electrode|Thunder Wave|p2a: Ditto
|-immune|p2a: Ditto
|
|upkeep
|turn|4
|
|t:|1641066255
|switch|p1a: Gliscor|Gliscor, M|100/100
|move|p2a: Ditto|Reflect|p2a: Ditto
|-sidestart|p2: Emorawr79|Reflect
|
|-status|p1a: Gliscor|tox|[from] item: Toxic Orb
|upkeep
|turn|5
|
|t:|1641066272
|switch|p2a: Smeargle|Smeargle, F|100/100
|switch|p1a: Blastoise|Blastoise, F|100/100
|
|-ability|p2a: Smeargle|Moody|boost
|-boost|p2a: Smeargle|def|2
|-unboost|p2a: Smeargle|atk|1
|upkeep
|turn|6
|
|t:|1641066281
|detailschange|p1a: Blastoise|Blastoise-Mega, F
|-mega|p1a: Blastoise|Blastoise|Blastoisinite
|move|p2a: Smeargle|Spore|p1a: Blastoise
|-status|p1a: Blastoise|slp|[from] move: Spore
|cant|p1a: Blastoise|slp
|
|-ability|p2a: Smeargle|Moody|boost
|-boost|p2a: Smeargle|spd|2
|-unboost|p2a: Smeargle|def|1
|upkeep
|turn|7
|
|t:|1641066285
|move|p2a: Smeargle|Sticky Web|p1a: Blastoise
|-sidestart|p1: Tarakan|move: Sticky Web
|cant|p1a: Blastoise|slp
|
|-ability|p2a: Smeargle|Moody|boost
|-boost|p2a: Smeargle|spe|2
|-unboost|p2a: Smeargle|spd|1
|upkeep
|turn|8
|
|t:|1641066290
|move|p2a: Smeargle|Spore|p1a: Blastoise
|-fail|p1a: Blastoise|slp
|cant|p1a: Blastoise|slp
|
|-sideend|p2: Emorawr79|Reflect
|-ability|p2a: Smeargle|Moody|boost
|-boost|p2a: Smeargle|spe|2
|-unboost|p2a: Smeargle|atk|1
|upkeep
|turn|9
|
|t:|1641066294
|move|p2a: Smeargle|Spore|p1a: Blastoise
|-fail|p1a: Blastoise|slp
|-curestatus|p1a: Blastoise|slp|[msg]
|move|p1a: Blastoise|Dark Pulse|p2a: Smeargle
|-damage|p2a: Smeargle|22/100
|
|-ability|p2a: Smeargle|Moody|boost
|-boost|p2a: Smeargle|def|2
|-unboost|p2a: Smeargle|spe|1
|upkeep
|turn|10
|
|t:|1641066297
|switch|p1a: Gliscor|Gliscor, M|100/100 tox
|move|p2a: Smeargle|Spore||[still]
|-fail|p2a: Smeargle
|
|-ability|p2a: Smeargle|Moody|boost
|-boost|p2a: Smeargle|def|2
|-unboost|p2a: Smeargle|spe|1
|upkeep
|turn|11
|
|t:|1641066302
|move|p2a: Smeargle|Endeavor|p1a: Gliscor
|-damage|p1a: Gliscor|19/100 tox
|move|p1a: Gliscor|Earthquake|p2a: Smeargle
|-damage|p2a: Smeargle|0 fnt
|faint|p2a: Smeargle
|
|-heal|p1a: Gliscor|31/100 tox|[from] ability: Poison Heal
|upkeep
|
|t:|1641066313
|switch|p2a: Arceus|Arceus|100/100
|turn|12
|
|t:|1641066317
|switch|p1a: Avalugg|Avalugg, F|100/100
|-activate|p1a: Avalugg|move: Sticky Web
|-unboost|p1a: Avalugg|spe|1
|move|p2a: Arceus|Extreme Speed|p1a: Avalugg
|-damage|p1a: Avalugg|79/100
|-damage|p2a: Arceus|84/100|[from] item: Rocky Helmet|[of] p1a: Avalugg
|
|upkeep
|turn|13
|
|t:|1641066320
|move|p2a: Arceus|Swords Dance|p2a: Arceus
|-boost|p2a: Arceus|atk|2
|move|p1a: Avalugg|Body Press|p2a: Arceus
|-supereffective|p2a: Arceus
|-damage|p2a: Arceus|18/100
|
|upkeep
|turn|14
|
|t:|1641066325
|-start|p2a: Arceus|Dynamax
|-heal|p2a: Arceus|18/100|[silent]
|move|p2a: Arceus|Max Strike|p1a: Avalugg
|-damage|p1a: Avalugg|15/100
|-unboost|p1a: Avalugg|spe|1
|move|p1a: Avalugg|Recover|p1a: Avalugg
|-heal|p1a: Avalugg|65/100
|
|upkeep
|turn|15
|
|t:|1641066337
|switch|p1a: Clefable|Clefable, F|100/100
|-activate|p1a: Clefable|move: Sticky Web
|-unboost|p1a: Clefable|spe|1
|move|p2a: Arceus|Max Strike|p1a: Clefable
|-damage|p1a: Clefable|7/100
|-unboost|p1a: Clefable|spe|1
|
|-heal|p1a: Clefable|13/100|[from] item: Leftovers
|upkeep
|turn|16
|
|t:|1641066348
|switch|p1a: Gliscor|Gliscor, M|31/100 tox
|move|p2a: Arceus|Max Strike|p1a: Gliscor
|-damage|p1a: Gliscor|0 fnt
|faint|p1a: Gliscor
|
|-end|p2a: Arceus|Dynamax
|-heal|p2a: Arceus|18/100|[silent]
|upkeep
|
|t:|1641066350
|switch|p1a: Avalugg|Avalugg, F|65/100
|-activate|p1a: Avalugg|move: Sticky Web
|-unboost|p1a: Avalugg|spe|1
|turn|17
|
|t:|1641066356
|move|p2a: Arceus|Earthquake|p1a: Avalugg
|-damage|p1a: Avalugg|36/100
|move|p1a: Avalugg|Recover|p1a: Avalugg
|-heal|p1a: Avalugg|86/100
|
|upkeep
|turn|18
|
|t:|1641066358
|move|p2a: Arceus|Swords Dance|p2a: Arceus
|-boost|p2a: Arceus|atk|2
|move|p1a: Avalugg|Body Press|p2a: Arceus
|-supereffective|p2a: Arceus
|-damage|p2a: Arceus|0 fnt
|faint|p2a: Arceus
|
|upkeep
|
|t:|1641066366
|switch|p2a: Calyrex|Calyrex-Shadow|100/100
|-ability|p2a: Calyrex|As One
|-ability|p2a: Calyrex|Unnerve
|turn|19
|
|t:|1641066369
|switch|p1a: Muk|Muk-Alola, M|100/100
|-activate|p1a: Muk|move: Sticky Web
|-unboost|p1a: Muk|spe|1
|move|p2a: Calyrex|Baton Pass|p2a: Calyrex
|
|t:|1641066380
|switch|p2a: Zygarde|Zygarde|100/100|[from]move: Baton Pass
|
|upkeep
|turn|20
|
|t:|1641066385
|switch|p1a: Avalugg|Avalugg, F|86/100
|-activate|p1a: Avalugg|move: Sticky Web
|-unboost|p1a: Avalugg|spe|1
|move|p2a: Zygarde|Substitute|p2a: Zygarde
|-start|p2a: Zygarde|Substitute
|-damage|p2a: Zygarde|75/100
|
|-heal|p2a: Zygarde|82/100|[from] item: Leftovers
|upkeep
|turn|21
|
|t:|1641066388
|move|p2a: Zygarde|Glare|p1a: Avalugg
|-status|p1a: Avalugg|par
|move|p1a: Avalugg|Avalanche|p2a: Zygarde
|-supereffective|p2a: Zygarde
|-end|p2a: Zygarde|Substitute
|
|-heal|p2a: Zygarde|88/100|[from] item: Leftovers
|upkeep
|turn|22
|
|t:|1641066394
|move|p2a: Zygarde|Substitute|p2a: Zygarde
|-start|p2a: Zygarde|Substitute
|-damage|p2a: Zygarde|63/100
|move|p1a: Avalugg|Avalanche|p2a: Zygarde
|-supereffective|p2a: Zygarde
|-end|p2a: Zygarde|Substitute
|
|-heal|p2a: Zygarde|69/100|[from] item: Leftovers
|upkeep
|turn|23
|
|t:|1641066399
|move|p2a: Zygarde|Substitute|p2a: Zygarde
|-start|p2a: Zygarde|Substitute
|-damage|p2a: Zygarde|44/100
|move|p1a: Avalugg|Rapid Spin|p2a: Zygarde
|-activate|p2a: Zygarde|move: Substitute|[damage]
|-sideend|p1: Tarakan|Sticky Web|[from] move: Rapid Spin|[of] p1a: Avalugg
|-boost|p1a: Avalugg|spe|1
|
|-heal|p2a: Zygarde|50/100|[from] item: Leftovers
|-activate|p2a: Zygarde|ability: Power Construct
|detailschange|p2a: Zygarde|Zygarde-Complete
|-heal|p2a: Zygarde|67/100|[silent]
|upkeep
|turn|24
|
|t:|1641066407
|move|p2a: Zygarde|Dragon Dance|p2a: Zygarde
|-boost|p2a: Zygarde|atk|1
|-boost|p2a: Zygarde|spe|1
|move|p1a: Avalugg|Avalanche|p2a: Zygarde
|-supereffective|p2a: Zygarde
|-end|p2a: Zygarde|Substitute
|
|-heal|p2a: Zygarde|73/100|[from] item: Leftovers
|upkeep
|turn|25
|
|t:|1641066412
|move|p2a: Zygarde|Substitute|p2a: Zygarde
|-start|p2a: Zygarde|Substitute
|-damage|p2a: Zygarde|48/100
|move|p1a: Avalugg|Avalanche|p2a: Zygarde
|-supereffective|p2a: Zygarde
|-end|p2a: Zygarde|Substitute
|
|-heal|p2a: Zygarde|55/100|[from] item: Leftovers
|upkeep
|turn|26
|
|t:|1641066419
|move|p2a: Zygarde|Substitute|p2a: Zygarde
|-start|p2a: Zygarde|Substitute
|-damage|p2a: Zygarde|30/100
|move|p1a: Avalugg|Avalanche|p2a: Zygarde
|-supereffective|p2a: Zygarde
|-end|p2a: Zygarde|Substitute
|
|-heal|p2a: Zygarde|36/100|[from] item: Leftovers
|upkeep
|turn|27
|
|t:|1641066430
|move|p2a: Zygarde|Substitute|p2a: Zygarde
|-start|p2a: Zygarde|Substitute
|-damage|p2a: Zygarde|11/100
|cant|p1a: Avalugg|par
|
|-heal|p2a: Zygarde|17/100|[from] item: Leftovers
|upkeep
|turn|28
|
|t:|1641066435
|move|p2a: Zygarde|Thousand Arrows|p1a: Avalugg
|-damage|p1a: Avalugg|59/100 par
|move|p1a: Avalugg|Avalanche|p2a: Zygarde
|-supereffective|p2a: Zygarde
|-end|p2a: Zygarde|Substitute
|
|-heal|p2a: Zygarde|23/100|[from] item: Leftovers
|upkeep
|turn|29
|
|t:|1641066440
|move|p2a: Zygarde|Thousand Arrows|p1a: Avalugg
|-damage|p1a: Avalugg|32/100 par
|move|p1a: Avalugg|Avalanche|p2a: Zygarde
|-supereffective|p2a: Zygarde
|-damage|p2a: Zygarde|0 fnt
|faint|p2a: Zygarde
|
|upkeep
|
|t:|1641066451
|switch|p2a: Zacian|Zacian-Crowned|100/100
|-ability|p2a: Zacian|Intrepid Sword|boost
|-boost|p2a: Zacian|atk|1
|turn|30
|
|t:|1641066456
|switch|p1a: Clefable|Clefable, F|13/100
|move|p2a: Zacian|Behemoth Blade|p1a: Clefable
|-supereffective|p1a: Clefable
|-damage|p1a: Clefable|0 fnt
|faint|p1a: Clefable
|
|upkeep
|
|t:|1641066458
|switch|p1a: Electrode|Electrode|78/100
|turn|31
|
|t:|1641066460
|move|p1a: Electrode|Thunder Wave|p2a: Zacian
|-status|p2a: Zacian|par
|move|p2a: Zacian|Behemoth Blade|p1a: Electrode
|-resisted|p1a: Electrode
|-damage|p1a: Electrode|13/100
|
|upkeep
|turn|32
|
|t:|1641066476
|move|p1a: Electrode|Foul Play|p2a: Zacian
|-resisted|p2a: Zacian
|-damage|p2a: Zacian|74/100 par
|move|p2a: Zacian|Behemoth Blade|p1a: Electrode
|-resisted|p1a: Electrode
|-damage|p1a: Electrode|0 fnt
|-damage|p2a: Zacian|50/100 par|[from] ability: Aftermath|[of] p1a: Electrode
|faint|p1a: Electrode
|
|upkeep
|
|t:|1641066478
|switch|p1a: Avalugg|Avalugg, F|32/100 par
|turn|33
|
|t:|1641066486
|cant|p2a: Zacian|par
|move|p1a: Avalugg|Recover|p1a: Avalugg
|-heal|p1a: Avalugg|82/100 par
|
|upkeep
|turn|34
|
|t:|1641066488
|cant|p2a: Zacian|par
|cant|p1a: Avalugg|par
|
|upkeep
|turn|35
|
|t:|1641066490
|cant|p2a: Zacian|par
|move|p1a: Avalugg|Body Press|p2a: Zacian
|-damage|p2a: Zacian|13/100 par
|
|upkeep
|turn|36
|
|t:|1641066494
|move|p2a: Zacian|Behemoth Blade|p1a: Avalugg
|-supereffective|p1a: Avalugg
|-damage|p1a: Avalugg|8/100 par
|-damage|p2a: Zacian|0 fnt|[from] item: Rocky Helmet|[of] p1a: Avalugg
|faint|p2a: Zacian
|move|p1a: Avalugg|Body Press|p2: Zacian|[notarget]
|-fail|p1a: Avalugg
|
|upkeep
|
|t:|1641066499
|switch|p2a: Calyrex|Calyrex-Shadow|100/100
|-ability|p2a: Calyrex|As One
|-ability|p2a: Calyrex|Unnerve
|turn|37
|
|t:|1641066506
|switch|p1a: Muk|Muk-Alola, M|100/100
|move|p2a: Calyrex|Draining Kiss|p1a: Muk
|-damage|p1a: Muk|88/100
|
|-heal|p1a: Muk|94/100|[from] item: Leftovers
|upkeep
|turn|38
|
|t:|1641066514
|move|p2a: Calyrex|Astral Barrage|p1a: Muk
|-resisted|p1a: Muk
|-damage|p1a: Muk|71/100
|move|p1a: Muk|Minimize|p1a: Muk
|-boost|p1a: Muk|evasion|2
|
|-heal|p1a: Muk|77/100|[from] item: Leftovers
|upkeep
|turn|39
|-message|Emorawr79 forfeited.
|
|win|Tarakan
|raw|Tarakan's rating: 1524 &rarr; <strong>1541</strong><br />(+17 for winning)
|raw|Emorawr79's rating: 1466 &rarr; <strong>1449</strong><br />(-17 for losing)
|l|☆Emorawr79
|l|☆Tarakan
|j|☆Tarakan
|player|p1|Tarakan|koga
|inactive|Battle timer is ON: inactive players will automatically lose when time's up. (requested by Tarakan)
