|j|☆BrillaintStar
|j|☆the thin mints lad
|inactive|Battle timer is ON: inactive players will automatically lose when time's up.
|t:|1659030529
|gametype|singles
|player|p1|BrillaintStar|n|
|player|p2|the thin mints lad|cress|
|teamsize|p1|6
|teamsize|p2|6
|gen|8
|tier|[Gen 8] National Dex AG
|rated|Tournament battle
|rule|HP Percentage Mod: HP is shown in percentages
|rule|Endless Battle Clause: Forcing endless battles is banned
|clearpoke
|poke|p1|Calyrex-Shadow|
|poke|p1|Arceus-*|
|poke|p1|Groudon|
|poke|p1|Necrozma-Dusk-Mane|
|poke|p1|Yveltal|
|poke|p1|Zacian-*|
|poke|p2|Marshadow|
|poke|p2|Necrozma-Dusk-Mane|
|poke|p2|Ditto|
|poke|p2|Zygarde|
|poke|p2|Grimmsnarl, M|
|poke|p2|Eternatus|
|teampreview
|inactive|BrillaintStar also wants the timer to be on.
|j| ttv-error-yt
|j| Sheer Rayne
|
|t:|1659030536
|start
|switch|p1a: Necrozma|Necrozma-Dusk-Mane|100/100
|switch|p2a: quandale dingle|Grimmsnarl, M|100/100
|turn|1
|c|☆BrillaintStar|Sorry about the wait
|
|t:|1659030542
|move|p2a: quandale dingle|Trick|p1a: Necrozma
|-activate|p2a: quandale dingle|move: Trick|[of] p1a: Necrozma
|-item|p1a: Necrozma|Lagging Tail|[from] move: Trick
|-item|p2a: quandale dingle|Rocky Helmet|[from] move: Trick
|move|p1a: Necrozma|Stealth Rock|p2a: quandale dingle
|-sidestart|p2: the thin mints lad|move: Stealth Rock
|
|upkeep
|turn|2
|j| blastoise6
|c|☆the thin mints lad|no probs, sorry for you
|
|t:|1659030553
|move|p2a: quandale dingle|Reflect|p2a: quandale dingle
|-sidestart|p2: the thin mints lad|Reflect
|move|p1a: Necrozma|Sunsteel Strike|p2a: quandale dingle
|-supereffective|p2a: quandale dingle
|-damage|p2a: quandale dingle|34/100
|-damage|p1a: Necrozma|84/100|[from] item: Rocky Helmet|[of] p2a: quandale dingle
|
|upkeep
|turn|3
|c|☆BrillaintStar|Was in a battle so almost forgot about tourney
|
|t:|1659030563
|switch|p2a: 10 literal dogs|Zygarde|100/100
|-damage|p2a: 10 literal dogs|94/100|[from] Stealth Rock
|move|p1a: Necrozma|Sunsteel Strike|p2a: 10 literal dogs
|-crit|p2a: 10 literal dogs
|-damage|p2a: 10 literal dogs|55/100
|
|-heal|p2a: 10 literal dogs|62/100|[from] item: Leftovers
|upkeep
|turn|4
|c|☆the thin mints lad|battle went stallish af for me
|
|t:|1659030574
|move|p2a: 10 literal dogs|Coil|p2a: 10 literal dogs
|-boost|p2a: 10 literal dogs|atk|1
|-boost|p2a: 10 literal dogs|def|1
|-boost|p2a: 10 literal dogs|accuracy|1
|move|p1a: Necrozma|Sunsteel Strike|p2a: 10 literal dogs
|-damage|p2a: 10 literal dogs|53/100
|
|-heal|p2a: 10 literal dogs|59/100|[from] item: Leftovers
|upkeep
|turn|5
|
|t:|1659030581
|move|p2a: 10 literal dogs|Coil|p2a: 10 literal dogs
|-boost|p2a: 10 literal dogs|atk|1
|-boost|p2a: 10 literal dogs|def|1
|-boost|p2a: 10 literal dogs|accuracy|1
|move|p1a: Necrozma|Toxic|p2a: 10 literal dogs
|-status|p2a: 10 literal dogs|tox
|
|-heal|p2a: 10 literal dogs|65/100 tox|[from] item: Leftovers
|-damage|p2a: 10 literal dogs|59/100 tox|[from] psn
|upkeep
|turn|6
|
|t:|1659030593
|move|p2a: 10 literal dogs|Glare|p1a: Necrozma
|-status|p1a: Necrozma|par
|move|p1a: Necrozma|Sunsteel Strike|p2a: 10 literal dogs
|-damage|p2a: 10 literal dogs|52/100 tox
|
|-heal|p2a: 10 literal dogs|58/100 tox|[from] item: Leftovers
|-damage|p2a: 10 literal dogs|46/100 tox|[from] psn
|-sideend|p2: the thin mints lad|Reflect
|-activate|p2a: 10 literal dogs|ability: Power Construct
|detailschange|p2a: 10 literal dogs|Zygarde-Complete
|-heal|p2a: 10 literal dogs|65/100 tox|[silent]
|upkeep
|turn|7
|
|t:|1659030600
|move|p2a: 10 literal dogs|Thousand Arrows|p1a: Necrozma
|-supereffective|p1a: Necrozma
|-damage|p1a: Necrozma|36/100 par
|move|p1a: Necrozma|Sunsteel Strike|p2a: 10 literal dogs
|-crit|p2a: 10 literal dogs
|-damage|p2a: 10 literal dogs|39/100 tox
|
|-heal|p2a: 10 literal dogs|46/100 tox|[from] item: Leftovers
|-damage|p2a: 10 literal dogs|27/100 tox|[from] psn
|upkeep
|turn|8
|
|t:|1659030610
|move|p2a: 10 literal dogs|Rest|p2a: 10 literal dogs
|-status|p2a: 10 literal dogs|slp|[from] move: Rest
|-heal|p2a: 10 literal dogs|100/100 slp|[silent]
|cant|p1a: Necrozma|par
|
|upkeep
|turn|9
|
|t:|1659030631
|switch|p1a: Calyrex|Calyrex-Shadow|100/100
|-ability|p1a: Calyrex|As One
|-ability|p1a: Calyrex|Unnerve
|cant|p2a: 10 literal dogs|slp
|
|upkeep
|turn|10
|
|t:|1659030641
|switch|p2a: Eternatus|Eternatus|100/100
|-damage|p2a: Eternatus|88/100|[from] Stealth Rock
|-ability|p2a: Eternatus|Pressure
|-start|p1a: Calyrex|Dynamax|
|-heal|p1a: Calyrex|100/100|[silent]
|move|p1a: Calyrex|Max Starfall|p2a: Eternatus
|-damage|p2a: Eternatus|57/100
|-fieldstart|move: Misty Terrain
|-damage|p1a: Calyrex|96/100|[from] item: Life Orb
|
|-heal|p2a: Eternatus|63/100|[from] item: Black Sludge
|upkeep
|turn|11
|
|t:|1659030648
|move|p1a: Calyrex|Max Mindstorm|p2a: Eternatus
|-supereffective|p2a: Eternatus
|-damage|p2a: Eternatus|0 fnt
|-fieldstart|move: Psychic Terrain
|faint|p2a: Eternatus
|-ability|p1a: Calyrex|Grim Neigh|boost
|-boost|p1a: Calyrex|spa|1
|-damage|p1a: Calyrex|91/100|[from] item: Life Orb
|
|upkeep
|
|t:|1659030662
|switch|p2a: 10 literal dogs|Zygarde-Complete|100/100 slp
|-damage|p2a: 10 literal dogs|94/100 slp|[from] Stealth Rock
|turn|12
|
|t:|1659030665
|move|p1a: Calyrex|Max Starfall|p2a: 10 literal dogs
|-supereffective|p2a: 10 literal dogs
|-damage|p2a: 10 literal dogs|0 fnt
|-fieldstart|move: Misty Terrain
|faint|p2a: 10 literal dogs
|-ability|p1a: Calyrex|Grim Neigh|boost
|-boost|p1a: Calyrex|spa|1
|-damage|p1a: Calyrex|86/100|[from] item: Life Orb
|
|upkeep
|
|t:|1659030669
|switch|p2a: Yoinker|Marshadow|100/100
|-damage|p2a: Yoinker|94/100|[from] Stealth Rock
|-end|p1a: Calyrex|Dynamax
|-heal|p1a: Calyrex|86/100|[silent]
|turn|13
|
|t:|1659030675
|move|p2a: Yoinker|Shadow Sneak|p1a: Calyrex
|-supereffective|p1a: Calyrex
|-damage|p1a: Calyrex|0 fnt
|faint|p1a: Calyrex
|
|upkeep
|
|t:|1659030677
|switch|p1a: Yveltal|Yveltal|100/100
|-ability|p1a: Yveltal|Dark Aura
|turn|14
|
|t:|1659030686
|switch|p2a: quandale dingle|Grimmsnarl, M|34/100
|-damage|p2a: quandale dingle|22/100|[from] Stealth Rock
|move|p1a: Yveltal|Foul Play|p2a: quandale dingle
|-resisted|p2a: quandale dingle
|-damage|p2a: quandale dingle|5/100
|-damage|p1a: Yveltal|84/100|[from] item: Rocky Helmet|[of] p2a: quandale dingle
|
|upkeep
|turn|15
|
|t:|1659030701
|move|p2a: quandale dingle|Light Screen|p2a: quandale dingle
|-sidestart|p2: the thin mints lad|move: Light Screen
|move|p1a: Yveltal|U-turn|p2a: quandale dingle
|-damage|p2a: quandale dingle|0 fnt
|-damage|p1a: Yveltal|68/100|[from] item: Rocky Helmet|[of] p2a: quandale dingle
|faint|p2a: quandale dingle
|
|t:|1659030705
|switch|p1a: Necrozma|Necrozma-Dusk-Mane|36/100 par|[from]move: U-turn
|
|upkeep
|
|t:|1659030710
|switch|p2a: my solrock evolved|Necrozma-Dusk-Mane|100/100
|-damage|p2a: my solrock evolved|95/100|[from] Stealth Rock
|turn|16
|
|t:|1659030717
|detailschange|p2a: my solrock evolved|Necrozma-Ultra
|-burst|p2a: my solrock evolved|Necrozma|Ultranecrozium Z
|move|p2a: my solrock evolved|Dragon Dance|p2a: my solrock evolved
|-boost|p2a: my solrock evolved|atk|1
|-boost|p2a: my solrock evolved|spe|1
|move|p1a: Necrozma|Moonlight|p1a: Necrozma
|-heal|p1a: Necrozma|86/100 par
|
|-fieldend|Misty Terrain
|upkeep
|turn|17
|
|t:|1659030727
|move|p2a: my solrock evolved|Earthquake|p1a: Necrozma
|-supereffective|p1a: Necrozma
|-damage|p1a: Necrozma|24/100 par
|move|p1a: Necrozma|Toxic|p2a: my solrock evolved
|-status|p2a: my solrock evolved|tox
|
|-damage|p2a: my solrock evolved|89/100 tox|[from] psn
|upkeep
|turn|18
|c|☆BrillaintStar|Nice solrock
|
|t:|1659030735
|switch|p1a: Yveltal|Yveltal|68/100
|-ability|p1a: Yveltal|Dark Aura
|move|p2a: my solrock evolved|Earthquake|p1a: Yveltal
|-immune|p1a: Yveltal
|
|-damage|p2a: my solrock evolved|77/100 tox|[from] psn
|upkeep
|turn|19
|c|☆the thin mints lad|thanks, i truly trained it alot
|
|t:|1659030748
|move|p2a: my solrock evolved|Sunsteel Strike|p1a: Yveltal
|-damage|p1a: Yveltal|17/100
|move|p1a: Yveltal|Foul Play|p2a: my solrock evolved
|-supereffective|p2a: my solrock evolved
|-damage|p2a: my solrock evolved|0 fnt
|faint|p2a: my solrock evolved
|
|-sideend|p2: the thin mints lad|move: Light Screen
|upkeep
|j| RunicPower419
|
|t:|1659030757
|switch|p2a: Yoinker|Marshadow|94/100
|-damage|p2a: Yoinker|88/100|[from] Stealth Rock
|turn|20
|
|t:|1659030764
|-start|p2a: Yoinker|Dynamax|
|-heal|p2a: Yoinker|88/100|[silent]
|move|p2a: Yoinker|Max Knuckle|p1a: Yveltal
|-damage|p1a: Yveltal|0 fnt
|-boost|p2a: Yoinker|atk|1
|faint|p1a: Yveltal
|
|upkeep
|
|t:|1659030775
|switch|p1a: Groudon|Groudon|100/100
|detailschange|p1a: Groudon|Groudon-Primal
|-primal|p1a: Groudon
|-weather|DesolateLand|[from] ability: Desolate Land|[of] p1a: Groudon
|turn|21
|
|t:|1659030781
|move|p2a: Yoinker|Max Phantasm|p1a: Groudon
|-damage|p1a: Groudon|45/100
|-unboost|p1a: Groudon|def|1
|move|p1a: Groudon|Rock Tomb|p2a: Yoinker
|-resisted|p2a: Yoinker
|-damage|p2a: Yoinker|79/100
|-unboost|p2a: Yoinker|spe|1
|
|-weather|DesolateLand|[upkeep]
|upkeep
|turn|22
|j|@pichus
|
|t:|1659030789
|move|p2a: Yoinker|Max Knuckle|p1a: Groudon
|-damage|p1a: Groudon|0 fnt
|-boost|p2a: Yoinker|atk|1
|faint|p1a: Groudon
|-weather|none
|
|upkeep
|
|t:|1659030793
|switch|p1a: Zacian|Zacian-Crowned, shiny|100/100
|-ability|p1a: Zacian|Intrepid Sword|boost
|-boost|p1a: Zacian|atk|1
|-end|p2a: Yoinker|Dynamax
|-heal|p2a: Yoinker|80/100|[silent]
|turn|23
|
|t:|1659030804
|switch|p1a: Necrozma|Necrozma-Dusk-Mane|24/100 par
|move|p2a: Yoinker|Shadow Sneak|p1a: Necrozma
|-supereffective|p1a: Necrozma
|-damage|p1a: Necrozma|0 fnt
|faint|p1a: Necrozma
|
|upkeep
|
|t:|1659030806
|switch|p1a: Arceus|Arceus|100/100
|turn|24
|
|t:|1659030812
|switch|p2a: The better Yoinker|Ditto|100/100
|-damage|p2a: The better Yoinker|88/100|[from] Stealth Rock
|-transform|p2a: The better Yoinker|p1a: Arceus|[from] ability: Imposter
|move|p1a: Arceus|Earthquake|p2a: The better Yoinker
|-damage|p2a: The better Yoinker|56/100
|
|upkeep
|turn|25
|c|☆BrillaintStar|I might lose
|
|t:|1659030820
|switch|p2a: Yoinker|Marshadow|80/100
|-damage|p2a: Yoinker|73/100|[from] Stealth Rock
|move|p1a: Arceus|Swords Dance|p1a: Arceus
|-boost|p1a: Arceus|atk|2
|
|upkeep
|turn|26
|
|t:|1659030824
|move|p2a: Yoinker|Close Combat|p1a: Arceus
|-supereffective|p1a: Arceus
|-damage|p1a: Arceus|0 fnt
|-unboost|p2a: Yoinker|def|1
|-unboost|p2a: Yoinker|spd|1
|faint|p1a: Arceus
|
|upkeep
|
|t:|1659030829
|switch|p1a: Zacian|Zacian-Crowned, shiny|100/100
|-ability|p1a: Zacian|Intrepid Sword|boost
|-boost|p1a: Zacian|atk|1
|turn|27
|
|t:|1659030832
|move|p1a: Zacian|Behemoth Blade|p2a: Yoinker
|-damage|p2a: Yoinker|0 fnt
|faint|p2a: Yoinker
|
|upkeep
|
|t:|1659030835
|switch|p2a: The better Yoinker|Ditto|56/100
|-damage|p2a: The better Yoinker|43/100|[from] Stealth Rock
|-transform|p2a: The better Yoinker|p1a: Zacian|[from] ability: Imposter
|-ability|p2a: The better Yoinker|Intrepid Sword|boost
|-boost|p2a: The better Yoinker|atk|1
|turn|28
|
|t:|1659030836
|move|p2a: The better Yoinker|Behemoth Blade|p1a: Zacian
|-damage|p1a: Zacian|0 fnt
|faint|p1a: Zacian
|
|win|the thin mints lad
|n|☆BrillaintStar|brillaintstar
|n|☆the thin mints lad|thethinmintslad
|n| ttv-error-yt|ttverroryt
|n| Sheer Rayne|sheerrayne
|n| blastoise6|blastoise6
|n| RunicPower419|runicpower419
|n|+pichus|pichus
