|j|☆BrokenLuck102
|j|☆Eby Sobak
|t:|1619813961
|gametype|singles
|player|p1|BrokenLuck102|red|1392
|player|p2|Eby Sobak|unknownf|1411
|teamsize|p1|6
|teamsize|p2|6
|gen|8
|tier|[Gen 8] National Dex AG
|rated|
|clearpoke
|poke|p1|Naganadel|
|poke|p1|Toxapex, M|
|poke|p1|Regieleki|
|poke|p1|Clefable, F|
|poke|p1|Appletun, F|
|poke|p1|Corviknight, F|
|poke|p2|Smeargle, F|
|poke|p2|Zacian-Crowned|
|poke|p2|Calyrex-Shadow|
|poke|p2|Deoxys-Attack|
|poke|p2|Arceus-*|
|poke|p2|Darkrai|
|rule|HP Percentage Mod: HP is shown in percentages
|rule|Endless Battle Clause: Forcing endless battles is banned
|teampreview
|inactive|Battle timer is ON: inactive players will automatically lose when time's up. (requested by Eby Sobak)
|
|t:|1619813968
|start
|switch|p1a: food|Appletun, F|100/100
|switch|p2a: Arceus|Arceus-Ghost|100/100
|turn|1
|
|t:|1619813976
|switch|p1a: Toxapex|Toxapex, M|100/100
|move|p2a: Arceus|Stealth Rock|p1a: Toxapex
|-sidestart|p1: BrokenLuck102|move: Stealth Rock
|
|upkeep
|turn|2
|
|t:|1619813983
|move|p2a: Arceus|Magic Coat|p2a: Arceus
|-singleturn|p2a: Arceus|move: Magic Coat
|move|p1a: Toxapex|Toxic Spikes|p2a: Arceus
|move|p2a: Arceus|Toxic Spikes|p1a: Toxapex|[from]Magic Coat
|-sidestart|p1: BrokenLuck102|move: Toxic Spikes
|
|upkeep
|turn|3
|
|t:|1619813989
|move|p2a: Arceus|Magic Coat|p2a: Arceus
|-singleturn|p2a: Arceus|move: Magic Coat
|move|p1a: Toxapex|Toxic Spikes|p2a: Arceus
|move|p2a: Arceus|Toxic Spikes|p1a: Toxapex|[from]Magic Coat
|-sidestart|p1: BrokenLuck102|move: Toxic Spikes
|
|upkeep
|turn|4
|
|t:|1619813994
|move|p1a: Toxapex|Toxic Spikes|p2a: Arceus
|-sidestart|p2: Eby Sobak|move: Toxic Spikes
|move|p2a: Arceus|Roar|p1a: Toxapex
|drag|p1a: Naganadel|Naganadel|100/100
|-damage|p1a: Naganadel|88/100|[from] Stealth Rock
|-sideend|p1: BrokenLuck102|move: Toxic Spikes|[of] p1a: Naganadel
|
|upkeep
|turn|5
|
|t:|1619814003
|switch|p1a: Toxapex|Toxapex, M|100/100
|-damage|p1a: Toxapex|88/100|[from] Stealth Rock
|move|p2a: Arceus|Judgment|p1a: Toxapex
|-damage|p1a: Toxapex|30/100
|
|-heal|p1a: Toxapex|36/100|[from] item: Black Sludge
|upkeep
|turn|6
|
|t:|1619814008
|move|p2a: Arceus|Judgment|p1a: Toxapex
|-damage|p1a: Toxapex|0 fnt
|faint|p1a: Toxapex
|
|upkeep
|
|t:|1619814030
|switch|p1a: food|Appletun, F|100/100
|-damage|p1a: food|88/100|[from] Stealth Rock
|turn|7
|
|t:|1619814034
|move|p2a: Arceus|Judgment|p1a: food
|-damage|p1a: food|42/100
|move|p1a: food|Leech Seed|p2a: Arceus
|-start|p2a: Arceus|move: Leech Seed
|
|-heal|p1a: food|48/100|[from] item: Leftovers
|-damage|p2a: Arceus|88/100|[from] Leech Seed|[of] p1a: food
|-heal|p1a: food|59/100|[silent]
|upkeep
|turn|8
|
|t:|1619814038
|move|p1a: food|Protect|p1a: food
|-singleturn|p1a: food|Protect
|move|p2a: Arceus|Judgment|p1a: food
|-activate|p1a: food|move: Protect
|
|-heal|p1a: food|65/100|[from] item: Leftovers
|-damage|p2a: Arceus|76/100|[from] Leech Seed|[of] p1a: food
|-heal|p1a: food|76/100|[silent]
|upkeep
|turn|9
|
|t:|1619814043
|move|p1a: food|Recover|p1a: food
|-heal|p1a: food|100/100
|move|p2a: Arceus|Roar|p1a: food
|drag|p1a: Regieleki|Regieleki|100/100
|
|-damage|p2a: Arceus|63/100|[from] Leech Seed|[of] p1a: Regieleki
|upkeep
|turn|10
|
|t:|1619814051
|move|p1a: Regieleki|Volt Switch|p2a: Arceus
|-damage|p2a: Arceus|26/100
|
|t:|1619814054
|switch|p1a: food|Appletun, F|100/100|[from]move: Volt Switch
|-damage|p1a: food|88/100|[from] Stealth Rock
|move|p2a: Arceus|Judgment|p1a: food
|-damage|p1a: food|38/100
|
|-heal|p1a: food|44/100|[from] item: Leftovers
|-damage|p2a: Arceus|14/100|[from] Leech Seed|[of] p1a: food
|-heal|p1a: food|55/100|[silent]
|upkeep
|turn|11
|
|t:|1619814064
|move|p2a: Arceus|Judgment|p1a: food
|-damage|p1a: food|1/100
|move|p1a: food|Recover|p1a: food
|-heal|p1a: food|51/100
|
|-heal|p1a: food|58/100|[from] item: Leftovers
|-damage|p2a: Arceus|2/100|[from] Leech Seed|[of] p1a: food
|-heal|p1a: food|69/100|[silent]
|upkeep
|turn|12
|
|t:|1619814068
|move|p1a: food|Protect|p1a: food
|-singleturn|p1a: food|Protect
|move|p2a: Arceus|Judgment|p1a: food
|-activate|p1a: food|move: Protect
|
|-heal|p1a: food|75/100|[from] item: Leftovers
|-damage|p2a: Arceus|0 fnt|[from] Leech Seed|[of] p1a: food
|-heal|p1a: food|76/100|[silent]
|faint|p2a: Arceus
|upkeep
|
|t:|1619814078
|switch|p2a: Smeargle|Smeargle, F|100/100
|-status|p2a: Smeargle|psn
|turn|13
|
|t:|1619814087
|move|p2a: Smeargle|Swords Dance|p2a: Smeargle
|-boost|p2a: Smeargle|atk|2
|move|p1a: food|Leech Seed|p2a: Smeargle
|-start|p2a: Smeargle|move: Leech Seed
|
|-heal|p1a: food|82/100|[from] item: Leftovers
|-damage|p2a: Smeargle|88/100 psn|[from] Leech Seed|[of] p1a: food
|-heal|p1a: food|91/100|[silent]
|-damage|p2a: Smeargle|76/100 psn|[from] psn
|-ability|p2a: Smeargle|Moody|boost
|-boost|p2a: Smeargle|def|2
|-unboost|p2a: Smeargle|spe|1
|upkeep
|turn|14
|
|t:|1619814093
|move|p2a: Smeargle|Agility|p2a: Smeargle
|-boost|p2a: Smeargle|spe|2
|move|p1a: food|Apple Acid|p2a: Smeargle
|-damage|p2a: Smeargle|22/100 psn
|-unboost|p2a: Smeargle|spd|1
|
|-heal|p1a: food|97/100|[from] item: Leftovers
|-damage|p2a: Smeargle|9/100 psn|[from] Leech Seed|[of] p1a: food
|-heal|p1a: food|100/100|[silent]
|-damage|p2a: Smeargle|0 fnt|[from] psn
|faint|p2a: Smeargle
|upkeep
|
|t:|1619814099
|switch|p2a: Darkrai|Darkrai|100/100
|-status|p2a: Darkrai|psn
|turn|15
|
|t:|1619814105
|-zpower|p2a: Darkrai
|move|p2a: Darkrai|Z-Hypnosis|p1a: food|[anim]Hypnosis|[miss]
|-boost|p2a: Darkrai|spe|1|[zeffect]
|-miss|p2a: Darkrai|p1a: food
|move|p1a: food|Leech Seed|p2a: Darkrai
|-start|p2a: Darkrai|move: Leech Seed
|
|-damage|p2a: Darkrai|88/100 psn|[from] Leech Seed|[of] p1a: food
|-damage|p2a: Darkrai|76/100 psn|[from] psn
|upkeep
|turn|16
|
|t:|1619814115
|move|p2a: Darkrai|Ice Beam|p1a: food
|-supereffective|p1a: food
|-damage|p1a: food|48/100
|move|p1a: food|Apple Acid|p2a: Darkrai
|-damage|p2a: Darkrai|37/100 psn
|-unboost|p2a: Darkrai|spd|1
|
|-heal|p1a: food|54/100|[from] item: Leftovers
|-damage|p2a: Darkrai|24/100 psn|[from] Leech Seed|[of] p1a: food
|-heal|p1a: food|62/100|[silent]
|-damage|p2a: Darkrai|12/100 psn|[from] psn
|upkeep
|turn|17
|
|t:|1619814120
|move|p2a: Darkrai|Spacial Rend|p1a: food
|-supereffective|p1a: food
|-damage|p1a: food|5/100
|move|p1a: food|Recover|p1a: food
|-heal|p1a: food|55/100
|
|-heal|p1a: food|61/100|[from] item: Leftovers
|-damage|p2a: Darkrai|0 fnt|[from] Leech Seed|[of] p1a: food
|-heal|p1a: food|69/100|[silent]
|faint|p2a: Darkrai
|upkeep
|
|t:|1619814128
|switch|p2a: Zacian|Zacian-Crowned|100/100
|-ability|p2a: Zacian|Intrepid Sword|boost
|-boost|p2a: Zacian|atk|1
|turn|18
|
|t:|1619814139
|move|p2a: Zacian|Play Rough|p1a: food|[miss]
|-miss|p2a: Zacian|p1a: food
|move|p1a: food|Leech Seed|p2a: Zacian
|-start|p2a: Zacian|move: Leech Seed
|
|-heal|p1a: food|75/100|[from] item: Leftovers
|-damage|p2a: Zacian|88/100|[from] Leech Seed|[of] p1a: food
|-heal|p1a: food|84/100|[silent]
|upkeep
|turn|19
|
|t:|1619814143
|switch|p2a: Deoxys|Deoxys-Attack|100/100
|-status|p2a: Deoxys|psn
|-ability|p2a: Deoxys|Pressure
|move|p1a: food|Protect||[still]
|-fail|p1a: food
|
|-heal|p1a: food|90/100|[from] item: Leftovers
|-damage|p2a: Deoxys|88/100 psn|[from] psn
|upkeep
|turn|20
|
|t:|1619814150
|move|p2a: Deoxys|Taunt|p1a: food
|-start|p1a: food|move: Taunt
|cant|p1a: food|move: Taunt|Leech Seed
|
|-heal|p1a: food|96/100|[from] item: Leftovers
|-damage|p2a: Deoxys|76/100 psn|[from] psn
|upkeep
|turn|21
|
|t:|1619814154
|move|p2a: Deoxys|Dark Pulse|p1a: food
|-damage|p1a: food|68/100
|move|p1a: food|Apple Acid|p2a: Deoxys
|-damage|p2a: Deoxys|0 fnt
|faint|p2a: Deoxys
|
|-heal|p1a: food|74/100|[from] item: Leftovers
|upkeep
|
|t:|1619814161
|switch|p2a: Calyrex|Calyrex-Shadow|100/100
|-ability|p2a: Calyrex|As One
|-ability|p2a: Calyrex|Unnerve
|-status|p2a: Calyrex|psn
|turn|22
|
|t:|1619814174
|-start|p2a: Calyrex|Dynamax
|-heal|p2a: Calyrex|100/100 psn|[silent]
|move|p2a: Calyrex|Max Phantasm|p1a: food
|-damage|p1a: food|0 fnt
|-damage|p2a: Calyrex|96/100 psn|[from] item: Life Orb
|faint|p1a: food
|-ability|p2a: Calyrex|Grim Neigh|boost
|-boost|p2a: Calyrex|spa|1
|
|-damage|p2a: Calyrex|89/100 psn|[from] psn
|upkeep
|
|t:|1619814189
|switch|p1a: Naganadel|Naganadel|88/100
|-damage|p1a: Naganadel|76/100|[from] Stealth Rock
|turn|23
|
|t:|1619814195
|-start|p1a: Naganadel|Dynamax
|-heal|p1a: Naganadel|76/100|[silent]
|move|p1a: Naganadel|Max Guard|p1a: Naganadel
|-singleturn|p1a: Naganadel|Max Guard
|move|p2a: Calyrex|Max Mindstorm|p1a: Naganadel
|-activate|p1a: Naganadel|move: Max Guard
|
|-damage|p2a: Calyrex|83/100 psn|[from] psn
|upkeep
|turn|24
|
|t:|1619814202
|move|p2a: Calyrex|Max Mindstorm|p1a: Naganadel
|-supereffective|p1a: Naganadel
|-damage|p1a: Naganadel|0 fnt
|-fieldstart|move: Psychic Terrain
|-damage|p2a: Calyrex|78/100 psn|[from] item: Life Orb
|faint|p1a: Naganadel
|-ability|p2a: Calyrex|Grim Neigh|boost
|-boost|p2a: Calyrex|spa|1
|
|-damage|p2a: Calyrex|72/100 psn|[from] psn
|-end|p2a: Calyrex|Dynamax
|-heal|p2a: Calyrex|72/100 psn|[silent]
|upkeep
|
|t:|1619814207
|switch|p1a: Clefable|Clefable, F|100/100
|-damage|p1a: Clefable|88/100|[from] Stealth Rock
|turn|25
|
|t:|1619814212
|move|p2a: Calyrex|Astral Barrage|p1a: Clefable
|-damage|p1a: Clefable|21/100
|-damage|p2a: Calyrex|62/100 psn|[from] item: Life Orb
|move|p1a: Clefable|Minimize|p1a: Clefable
|-boost|p1a: Clefable|evasion|2
|
|-heal|p1a: Clefable|27/100|[from] item: Leftovers
|-damage|p2a: Calyrex|50/100 psn|[from] psn
|upkeep
|turn|26
|
|t:|1619814222
|move|p2a: Calyrex|Astral Barrage|p1a: Clefable
|-damage|p1a: Clefable|0 fnt
|-damage|p2a: Calyrex|40/100 psn|[from] item: Life Orb
|faint|p1a: Clefable
|-ability|p2a: Calyrex|Grim Neigh|boost
|-boost|p2a: Calyrex|spa|1
|
|-damage|p2a: Calyrex|27/100 psn|[from] psn
|upkeep
|
|t:|1619814226
|switch|p1a: Regieleki|Regieleki|100/100
|turn|27
|
|t:|1619814230
|move|p1a: Regieleki|Thunder Cage|p2a: Calyrex
|-damage|p2a: Calyrex|0 fnt
|faint|p2a: Calyrex
|
|upkeep
|
|t:|1619814233
|switch|p2a: Zacian|Zacian-Crowned|88/100
|-ability|p2a: Zacian|Intrepid Sword|boost
|-boost|p2a: Zacian|atk|1
|turn|28
|
|t:|1619814237
|move|p1a: Regieleki|Thunder Cage|p2a: Zacian
|-damage|p2a: Zacian|31/100
|-activate|p2a: Zacian|move: Thunder Cage|[of] p1a: Regieleki
|move|p2a: Zacian|Behemoth Blade|p1a: Regieleki
|-resisted|p1a: Regieleki
|-damage|p1a: Regieleki|0 fnt
|faint|p1a: Regieleki
|
|-end|p2a: Zacian|Thunder Cage|[partiallytrapped]|[silent]
|-fieldend|move: Psychic Terrain
|upkeep
|
|t:|1619814240
|switch|p1a: Corviknight|Corviknight, F|100/100
|-damage|p1a: Corviknight|88/100|[from] Stealth Rock
|turn|29
|
|t:|1619814243
|move|p2a: Zacian|Behemoth Blade|p1a: Corviknight
|-resisted|p1a: Corviknight
|-damage|p1a: Corviknight|47/100
|-damage|p2a: Zacian|14/100|[from] item: Rocky Helmet|[of] p1a: Corviknight
|move|p1a: Corviknight|Bulk Up|p1a: Corviknight
|-boost|p1a: Corviknight|atk|1
|-boost|p1a: Corviknight|def|1
|
|upkeep
|turn|30
|
|t:|1619814248
|move|p2a: Zacian|Behemoth Blade|p1a: Corviknight
|-resisted|p1a: Corviknight
|-damage|p1a: Corviknight|23/100
|-damage|p2a: Zacian|0 fnt|[from] item: Rocky Helmet|[of] p1a: Corviknight
|faint|p2a: Zacian
|
|win|BrokenLuck102
|raw|BrokenLuck102's rating: 1392 &rarr; <strong>1413</strong><br />(+21 for winning)
|raw|Eby Sobak's rating: 1411 &rarr; <strong>1390</strong><br />(-21 for losing)
|l|☆Eby Sobak
|c|☆BrokenLuck102|gg wp
||Ladder isn't responding, score probably updated but might not have (Request timeout).
