|j|☆Gotei 14
|j|☆Tax Frog
|player|p1|Gotei 14|ghetsis|1288
|player|p2|Tax Frog|wally|1333
|teamsize|p1|6
|teamsize|p2|6
|gametype|singles
|gen|8
|tier|[Gen 8] National Dex AG
|rated|
|clearpoke
|poke|p1|Marshadow|
|poke|p1|Xerneas|
|poke|p1|Mew|
|poke|p1|Arceus-*|
|poke|p1|Kyogre|
|poke|p1|Rayquaza|
|poke|p2|Marshadow|
|poke|p2|Reuniclus, F|
|poke|p2|Bisharp, F|
|poke|p2|Genesect-*|
|poke|p2|Greninja, M|
|poke|p2|Serperior, F|
|rule|HP Percentage Mod: HP is shown in percentages
|rule|Endless Battle Clause: Forcing endless battles is banned
|teampreview
|
|start
|switch|p1a: Mew|Mew|100/100
|switch|p2a: Serperior|Serperior, F|100/100
|turn|1
|
|move|p2a: Serperior|Leaf Storm|p1a: Mew
|-damage|p1a: Mew|57/100
|-boost|p2a: Serperior|spa|2
|move|p1a: Mew|Cosmic Power|p1a: Mew
|-boost|p1a: Mew|def|1
|-boost|p1a: Mew|spd|1
|
|upkeep
|turn|2
|
|move|p2a: Serperior|Leaf Storm|p1a: Mew
|-damage|p1a: Mew|6/100
|-boost|p2a: Serperior|spa|2
|move|p1a: Mew|Cosmic Power|p1a: Mew
|-boost|p1a: Mew|def|1
|-boost|p1a: Mew|spd|1
|
|upkeep
|turn|3
|
|switch|p1a: Rayquaza|Rayquaza|100/100
|-ability|p1a: Rayquaza|Air Lock
|move|p2a: Serperior|Substitute|p2a: Serperior
|-start|p2a: Serperior|Substitute
|-damage|p2a: Serperior|76/100
|
|-heal|p2a: Serperior|82/100|[from] item: Leftovers
|upkeep
|turn|4
|
|detailschange|p1a: Rayquaza|Rayquaza-Mega
|-mega|p1a: Rayquaza|Rayquaza|
|-weather|DeltaStream|[from] ability: Delta Stream|[of] p1a: Rayquaza
|move|p1a: Rayquaza|Dragon Ascent|p2a: Serperior
|-supereffective|p2a: Serperior
|-crit|p2a: Serperior
|-end|p2a: Serperior|Substitute
|-unboost|p1a: Rayquaza|def|1
|-unboost|p1a: Rayquaza|spd|1
|move|p2a: Serperior|Glare|p1a: Rayquaza
|-status|p1a: Rayquaza|par
|
|-weather|DeltaStream|[upkeep]
|-heal|p2a: Serperior|88/100|[from] item: Leftovers
|upkeep
|turn|5
|
|switch|p2a: Bisharp|Bisharp, F|100/100
|move|p1a: Rayquaza|V-create|p2a: Bisharp
|-supereffective|p2a: Bisharp
|-damage|p2a: Bisharp|0 fnt
|-unboost|p1a: Rayquaza|spe|1
|-unboost|p1a: Rayquaza|def|1
|-unboost|p1a: Rayquaza|spd|1
|faint|p2a: Bisharp
|
|-weather|DeltaStream|[upkeep]
|upkeep
|
|switch|p2a: Greninja|Greninja, M|100/100
|turn|6
|
|-weather|none
|switch|p1a: Arceus|Arceus-Steel|100/100
|move|p2a: Greninja|Ice Beam|p1a: Arceus
|-resisted|p1a: Arceus
|-damage|p1a: Arceus|87/100
|
|upkeep
|turn|7
|
|switch|p2a: Genesect|Genesect, shiny|100/100
|-ability|p2a: Genesect|Download|boost
|-boost|p2a: Genesect|spa|1
|move|p1a: Arceus|Toxic|p2a: Genesect
|-immune|p2a: Genesect
|
|upkeep
|turn|8
|
|switch|p1a: Rayquaza|Rayquaza-Mega|100/100 par
|-weather|DeltaStream|[from] ability: Delta Stream|[of] p1a: Rayquaza
|move|p2a: Genesect|U-turn|p1a: Rayquaza
|-resisted|p1a: Rayquaza
|-damage|p1a: Rayquaza|75/100 par
|
|switch|p2a: Greninja|Greninja, M|100/100|[from]move: U-turn
|
|-weather|DeltaStream|[upkeep]
|upkeep
|turn|9
|
|-weather|none
|switch|p1a: Arceus|Arceus-Steel|87/100
|move|p2a: Greninja|U-turn|p1a: Arceus
|-resisted|p1a: Arceus
|-damage|p1a: Arceus|84/100
|
|switch|p2a: Genesect|Genesect, shiny|100/100|[from]move: U-turn
|-ability|p2a: Genesect|Download|boost
|-boost|p2a: Genesect|spa|1
|
|upkeep
|turn|10
|
|move|p2a: Genesect|U-turn|p1a: Arceus
|-resisted|p1a: Arceus
|-damage|p1a: Arceus|71/100
|
|switch|p2a: Marshadow|Marshadow|100/100|[from]move: U-turn
|move|p1a: Arceus|Toxic|p2a: Marshadow
|-status|p2a: Marshadow|tox
|
|-damage|p2a: Marshadow|94/100 tox|[from] psn
|upkeep
|turn|11
|
|move|p2a: Marshadow|Drain Punch|p1a: Arceus
|-supereffective|p1a: Arceus
|-damage|p1a: Arceus|24/100
|-heal|p2a: Marshadow|100/100 tox|[from] drain|[of] p1a: Arceus
|move|p1a: Arceus|Recover|p1a: Arceus
|-heal|p1a: Arceus|74/100
|
|-damage|p2a: Marshadow|88/100 tox|[from] psn
|upkeep
|turn|12
|
|switch|p2a: Genesect|Genesect, shiny|100/100
|-ability|p2a: Genesect|Download|boost
|-boost|p2a: Genesect|spa|1
|move|p1a: Arceus|Recover|p1a: Arceus
|-heal|p1a: Arceus|100/100
|
|upkeep
|turn|13
|
|move|p2a: Genesect|Blaze Kick|p1a: Arceus
|-supereffective|p1a: Arceus
|-damage|p1a: Arceus|60/100
|move|p1a: Arceus|Judgment|p2a: Genesect
|-resisted|p2a: Genesect
|-damage|p2a: Genesect|72/100
|
|upkeep
|turn|14
|
|-start|p2a: Genesect|Dynamax
|-heal|p2a: Genesect|72/100|[silent]
|move|p2a: Genesect|Max Flare|p1a: Arceus
|-supereffective|p1a: Arceus
|-damage|p1a: Arceus|18/100
|-weather|SunnyDay
|move|p1a: Arceus|Recover|p1a: Arceus
|-heal|p1a: Arceus|68/100
|
|-weather|SunnyDay|[upkeep]
|upkeep
|turn|15
|
|switch|p1a: Mew|Mew|6/100
|move|p2a: Genesect|Max Flare|p1a: Mew
|-damage|p1a: Mew|0 fnt
|faint|p1a: Mew
|
|-weather|SunnyDay|[upkeep]
|upkeep
|
|switch|p1a: Kyogre|Kyogre|100/100
|-weather|RainDance|[from] ability: Drizzle|[of] p1a: Kyogre
|turn|16
|
|move|p2a: Genesect|Max Flutterby|p1a: Kyogre
|-damage|p1a: Kyogre|34/100
|-unboost|p1a: Kyogre|spa|1
|move|p1a: Kyogre|Water Spout|p2a: Genesect
|-damage|p2a: Genesect|44/100
|
|-weather|RainDance|[upkeep]
|-end|p2a: Genesect|Dynamax
|-heal|p2a: Genesect|44/100|[silent]
|upkeep
|turn|17
|
|switch|p2a: Serperior|Serperior, F|88/100
|switch|p1a: Arceus|Arceus-Steel|68/100
|
|-weather|RainDance|[upkeep]
|-heal|p2a: Serperior|94/100|[from] item: Leftovers
|upkeep
|turn|18
|
|move|p2a: Serperior|Glare|p1a: Arceus
|-status|p1a: Arceus|par
|move|p1a: Arceus|Recover|p1a: Arceus
|-heal|p1a: Arceus|100/100 par
|
|-weather|RainDance|[upkeep]
|-heal|p2a: Serperior|100/100|[from] item: Leftovers
|upkeep
|turn|19
|
|move|p2a: Serperior|Substitute|p2a: Serperior
|-start|p2a: Serperior|Substitute
|-damage|p2a: Serperior|76/100
|move|p1a: Arceus|Toxic||[still]
|-fail|p1a: Arceus
|
|-weather|RainDance|[upkeep]
|-heal|p2a: Serperior|82/100|[from] item: Leftovers
|upkeep
|turn|20
|
|move|p2a: Serperior|Leaf Storm|p1a: Arceus
|-resisted|p1a: Arceus
|-damage|p1a: Arceus|85/100 par
|-boost|p2a: Serperior|spa|2
|move|p1a: Arceus|Judgment|p2a: Serperior
|-end|p2a: Serperior|Substitute
|
|-weather|none
|-heal|p2a: Serperior|88/100|[from] item: Leftovers
|upkeep
|turn|21
|
|move|p2a: Serperior|Substitute|p2a: Serperior
|-start|p2a: Serperior|Substitute
|-damage|p2a: Serperior|63/100
|move|p1a: Arceus|Judgment|p2a: Serperior
|-end|p2a: Serperior|Substitute
|
|-heal|p2a: Serperior|70/100|[from] item: Leftovers
|upkeep
|turn|22
|
|move|p2a: Serperior|Substitute|p2a: Serperior
|-start|p2a: Serperior|Substitute
|-damage|p2a: Serperior|45/100
|cant|p1a: Arceus|par
|
|-heal|p2a: Serperior|51/100|[from] item: Leftovers
|upkeep
|turn|23
|
|move|p2a: Serperior|Leaf Storm|p1a: Arceus
|-resisted|p1a: Arceus
|-damage|p1a: Arceus|54/100 par
|-boost|p2a: Serperior|spa|2
|move|p1a: Arceus|Judgment|p2a: Serperior
|-end|p2a: Serperior|Substitute
|
|-heal|p2a: Serperior|57/100|[from] item: Leftovers
|upkeep
|turn|24
|inactive|Battle timer is ON: inactive players will automatically lose when time's up. (requested by Tax Frog)
|
|move|p2a: Serperior|Hidden Power|p1a: Arceus
|-supereffective|p1a: Arceus
|-damage|p1a: Arceus|0 fnt
|faint|p1a: Arceus
|
|-heal|p2a: Serperior|63/100|[from] item: Leftovers
|upkeep
|
|switch|p1a: Marshadow|Marshadow|100/100
|turn|25
|
|switch|p2a: Greninja|Greninja, M|100/100
|move|p1a: Marshadow|Spectral Thief|p2a: Greninja
|-resisted|p2a: Greninja
|-damage|p2a: Greninja|65/100
|
|upkeep
|turn|26
|
|switch|p1a: Xerneas|Xerneas|100/100
|-ability|p1a: Xerneas|Fairy Aura
|move|p2a: Greninja|U-turn|p1a: Xerneas
|-resisted|p1a: Xerneas
|-damage|p1a: Xerneas|95/100
|
|switch|p2a: Genesect|Genesect, shiny|44/100|[from]move: U-turn
|-ability|p2a: Genesect|Download|boost
|-boost|p2a: Genesect|atk|1
|
|upkeep
|turn|27
|
|switch|p1a: Kyogre|Kyogre|34/100
|-weather|RainDance|[from] ability: Drizzle|[of] p1a: Kyogre
|move|p2a: Genesect|Iron Head|p1a: Kyogre
|-resisted|p1a: Kyogre
|-damage|p1a: Kyogre|0 fnt
|faint|p1a: Kyogre
|
|-weather|RainDance|[upkeep]
|upkeep
|
|switch|p1a: Marshadow|Marshadow|100/100
|turn|28
|
|switch|p2a: Greninja|Greninja, M|65/100
|move|p1a: Marshadow|Close Combat|p2a: Greninja
|-supereffective|p2a: Greninja
|-damage|p2a: Greninja|0 fnt
|-unboost|p1a: Marshadow|def|1
|-unboost|p1a: Marshadow|spd|1
|faint|p2a: Greninja
|
|-weather|RainDance|[upkeep]
|upkeep
|
|switch|p2a: Marshadow|Marshadow|88/100 tox
|turn|29
|
|move|p1a: Marshadow|Shadow Sneak|p2a: Marshadow
|-supereffective|p2a: Marshadow
|-damage|p2a: Marshadow|9/100 tox
|move|p2a: Marshadow|Pursuit|p1a: Marshadow
|-damage|p1a: Marshadow|61/100
|
|-weather|RainDance|[upkeep]
|-damage|p2a: Marshadow|3/100 tox|[from] psn
|upkeep
|turn|30
|
|move|p2a: Marshadow|Shadow Sneak|p1a: Marshadow
|-supereffective|p1a: Marshadow
|-damage|p1a: Marshadow|0 fnt
|faint|p1a: Marshadow
|
|-weather|RainDance|[upkeep]
|-damage|p2a: Marshadow|0 fnt|[from] psn
|faint|p2a: Marshadow
|upkeep
|
|switch|p2a: Genesect|Genesect, shiny|44/100
|switch|p1a: Rayquaza|Rayquaza-Mega|75/100 par
|-ability|p2a: Genesect|Download|boost
|-boost|p2a: Genesect|spa|1
|-weather|DeltaStream|[from] ability: Delta Stream|[of] p1a: Rayquaza
|turn|31
|
|move|p2a: Genesect|Iron Head|p1a: Rayquaza
|-damage|p1a: Rayquaza|16/100 par
|move|p1a: Rayquaza|V-create|p2a: Genesect
|-supereffective|p2a: Genesect
|-damage|p2a: Genesect|0 fnt
|-unboost|p1a: Rayquaza|spe|1
|-unboost|p1a: Rayquaza|def|1
|-unboost|p1a: Rayquaza|spd|1
|faint|p2a: Genesect
|
|-weather|DeltaStream|[upkeep]
|upkeep
|
|switch|p2a: Serperior|Serperior, F|63/100
|turn|32
|
|move|p1a: Rayquaza|Extreme Speed|p2a: Serperior
|-damage|p2a: Serperior|23/100
|move|p2a: Serperior|Leaf Storm|p1a: Rayquaza
|-resisted|p1a: Rayquaza
|-damage|p1a: Rayquaza|0 fnt
|-boost|p2a: Serperior|spa|2
|faint|p1a: Rayquaza
|-weather|none
|
|-heal|p2a: Serperior|29/100|[from] item: Leftovers
|upkeep
|
|switch|p1a: Xerneas|Xerneas|95/100
|-ability|p1a: Xerneas|Fairy Aura
|turn|33
|
|move|p2a: Serperior|Leaf Storm|p1a: Xerneas|[miss]
|-miss|p2a: Serperior|p1a: Xerneas
|move|p1a: Xerneas|Geomancy||[still]
|-prepare|p1a: Xerneas|Geomancy|p1a: Xerneas
|-enditem|p1a: Xerneas|Power Herb
|-anim|p1a: Xerneas|Geomancy|p1a: Xerneas
|-boost|p1a: Xerneas|spa|2
|-boost|p1a: Xerneas|spd|2
|-boost|p1a: Xerneas|spe|2
|
|-heal|p2a: Serperior|36/100|[from] item: Leftovers
|upkeep
|turn|34
|c|☆Tax Frog|: (
|c|☆Tax Frog|I did not deserve to lose this game
|
|-start|p1a: Xerneas|Dynamax
|-heal|p1a: Xerneas|95/100|[silent]
|move|p1a: Xerneas|Max Starfall|p2a: Serperior
|-damage|p2a: Serperior|0 fnt
|-fieldstart|move: Misty Terrain
|faint|p2a: Serperior
|
|upkeep
|
|switch|p2a: Reuniclus|Reuniclus, F|100/100
|turn|35
|
|move|p1a: Xerneas|Max Starfall|p2a: Reuniclus
|-damage|p2a: Reuniclus|0 fnt
|faint|p2a: Reuniclus
|
|win|Gotei 14
|l|☆Gotei 14
