|j|‽jollysins
|j|☆97thPhantom
|t:|1653315945
|gametype|singles
|player|p1|jollysins|interviewers|1476
|player|p2|97thPhantom|saturn|1457
|teamsize|p1|6
|teamsize|p2|6
|gen|8
|tier|[Gen 8] National Dex AG
|rated|
|rule|HP Percentage Mod: HP is shown in percentages
|rule|Endless Battle Clause: Forcing endless battles is banned
|clearpoke
|poke|p1|Arceus-*|
|poke|p1|Arceus-*|
|poke|p1|Arceus-*|
|poke|p1|Arceus-*|
|poke|p1|Arceus-*|
|poke|p1|Arceus-*|
|poke|p2|Kyogre|
|poke|p2|Dracovish|
|poke|p2|Zygarde|
|poke|p2|Calyrex-Shadow|
|poke|p2|Forretress, F|
|poke|p2|Marshadow|
|teampreview
|inactive|Battle timer is ON: inactive players will automatically lose when time's up. (requested by 97thPhantom)
|
|t:|1653315955
|start
|switch|p1a: Arceus|Arceus-Dragon|100/100
|switch|p2a: Immortal Snake|Zygarde, shiny|100/100
|turn|1
|
|t:|1653315963
|switch|p1a: Arceus|Arceus-Fairy|100/100
|-start|p2a: Immortal Snake|Dynamax|
|-heal|p2a: Immortal Snake|100/100|[silent]
|move|p2a: Immortal Snake|Max Quake|p1a: Arceus
|-damage|p1a: Arceus|68/100
|-boost|p2a: Immortal Snake|spd|1
|
|upkeep
|turn|2
|
|t:|1653315975
|move|p1a: Arceus|Judgment|p2a: Immortal Snake
|-supereffective|p2a: Immortal Snake
|-damage|p2a: Immortal Snake|74/100
|move|p2a: Immortal Snake|Max Quake|p1a: Arceus
|-damage|p1a: Arceus|36/100
|-boost|p2a: Immortal Snake|spd|1
|
|-heal|p2a: Immortal Snake|77/100|[from] item: Leftovers
|upkeep
|turn|3
|
|t:|1653315985
|move|p1a: Arceus|Recover|p1a: Arceus
|-heal|p1a: Arceus|86/100
|move|p2a: Immortal Snake|Max Quake|p1a: Arceus
|-damage|p1a: Arceus|58/100
|-boost|p2a: Immortal Snake|spd|1
|
|-heal|p2a: Immortal Snake|80/100|[from] item: Leftovers
|upkeep
|-end|p2a: Immortal Snake|Dynamax
|-heal|p2a: Immortal Snake|80/100|[silent]
|turn|4
|
|t:|1653315998
|move|p1a: Arceus|Recover|p1a: Arceus
|-heal|p1a: Arceus|100/100
|move|p2a: Immortal Snake|Coil|p2a: Immortal Snake
|-boost|p2a: Immortal Snake|atk|1
|-boost|p2a: Immortal Snake|def|1
|-boost|p2a: Immortal Snake|accuracy|1
|
|-heal|p2a: Immortal Snake|86/100|[from] item: Leftovers
|upkeep
|turn|5
|
|t:|1653316007
|switch|p1a: Arceus|Arceus-Dragon|100/100
|move|p2a: Immortal Snake|Coil|p2a: Immortal Snake
|-boost|p2a: Immortal Snake|atk|1
|-boost|p2a: Immortal Snake|def|1
|-boost|p2a: Immortal Snake|accuracy|1
|
|-heal|p2a: Immortal Snake|93/100|[from] item: Leftovers
|upkeep
|turn|6
|
|t:|1653316016
|move|p2a: Immortal Snake|Coil|p2a: Immortal Snake
|-boost|p2a: Immortal Snake|atk|1
|-boost|p2a: Immortal Snake|def|1
|-boost|p2a: Immortal Snake|accuracy|1
|move|p1a: Arceus|Roar|p2a: Immortal Snake
|drag|p2a: Toxic Fish Uno|Kyogre|100/100
|detailschange|p2a: Toxic Fish Uno|Kyogre-Primal
|-primal|p2a: Toxic Fish Uno
|-weather|PrimordialSea|[from] ability: Primordial Sea|[of] p2a: Toxic Fish Uno
|
|-weather|PrimordialSea|[upkeep]
|upkeep
|turn|7
|
|t:|1653316027
|move|p1a: Arceus|Toxic|p2a: Toxic Fish Uno
|-status|p2a: Toxic Fish Uno|tox
|move|p2a: Toxic Fish Uno|Ice Beam|p1a: Arceus
|-supereffective|p1a: Arceus
|-damage|p1a: Arceus|41/100
|-status|p1a: Arceus|frz
|
|-weather|PrimordialSea|[upkeep]
|-damage|p2a: Toxic Fish Uno|94/100 tox|[from] psn
|upkeep
|turn|8
|
|t:|1653316037
|switch|p1a: Arceus|Arceus-Steel|100/100
|move|p2a: Toxic Fish Uno|Water Spout|p1a: Arceus
|-damage|p1a: Arceus|0 fnt
|faint|p1a: Arceus
|
|-weather|PrimordialSea|[upkeep]
|-damage|p2a: Toxic Fish Uno|82/100 tox|[from] psn
|upkeep
|
|t:|1653316057
|switch|p1a: Arceus|Arceus-Ghost|100/100
|turn|9
|
|t:|1653316062
|move|p1a: Arceus|Shadow Force||[still]
|-prepare|p1a: Arceus|Shadow Force
|move|p2a: Toxic Fish Uno|Water Spout|p1a: Arceus|[miss]
|-miss|p2a: Toxic Fish Uno|p1a: Arceus
|
|-weather|PrimordialSea|[upkeep]
|-damage|p2a: Toxic Fish Uno|64/100 tox|[from] psn
|upkeep
|turn|10
|
|t:|1653316073
|move|p1a: Arceus|Shadow Force|p2a: Toxic Fish Uno|[from]lockedmove
|-damage|p2a: Toxic Fish Uno|0 fnt
|faint|p2a: Toxic Fish Uno
|-weather|none
|
|upkeep
|
|t:|1653316080
|switch|p2a: Marshadow|Marshadow|100/100
|turn|11
|
|t:|1653316084
|move|p2a: Marshadow|Shadow Sneak|p1a: Arceus
|-supereffective|p1a: Arceus
|-damage|p1a: Arceus|54/100
|move|p1a: Arceus|Shadow Force||[still]
|-prepare|p1a: Arceus|Shadow Force
|
|upkeep
|turn|12
|
|t:|1653316090
|switch|p2a: Immortal Snake|Zygarde, shiny|93/100
|move|p1a: Arceus|Shadow Force|p2a: Immortal Snake|[from]lockedmove
|-damage|p2a: Immortal Snake|47/100
|
|-heal|p2a: Immortal Snake|53/100|[from] item: Leftovers
|upkeep
|turn|13
|
|t:|1653316101
|move|p1a: Arceus|Swords Dance|p1a: Arceus
|-boost|p1a: Arceus|atk|2
|move|p2a: Immortal Snake|Coil|p2a: Immortal Snake
|-boost|p2a: Immortal Snake|atk|1
|-boost|p2a: Immortal Snake|def|1
|-boost|p2a: Immortal Snake|accuracy|1
|
|-heal|p2a: Immortal Snake|59/100|[from] item: Leftovers
|upkeep
|turn|14
|
|t:|1653316110
|move|p1a: Arceus|Swords Dance|p1a: Arceus
|-boost|p1a: Arceus|atk|2
|move|p2a: Immortal Snake|Coil|p2a: Immortal Snake
|-boost|p2a: Immortal Snake|atk|1
|-boost|p2a: Immortal Snake|def|1
|-boost|p2a: Immortal Snake|accuracy|1
|
|-heal|p2a: Immortal Snake|65/100|[from] item: Leftovers
|upkeep
|turn|15
|
|t:|1653316124
|move|p1a: Arceus|Shadow Force||[still]
|-prepare|p1a: Arceus|Shadow Force
|move|p2a: Immortal Snake|Thousand Arrows|p1a: Arceus|[miss]
|-miss|p2a: Immortal Snake|p1a: Arceus
|
|-heal|p2a: Immortal Snake|71/100|[from] item: Leftovers
|upkeep
|turn|16
|
|t:|1653316132
|move|p1a: Arceus|Shadow Force|p2a: Immortal Snake|[from]lockedmove
|-damage|p2a: Immortal Snake|0 fnt
|faint|p2a: Immortal Snake
|
|upkeep
|
|t:|1653316137
|switch|p2a: Marshadow|Marshadow|100/100
|turn|17
|
|t:|1653316146
|switch|p1a: Arceus|Arceus, shiny|100/100
|move|p2a: Marshadow|Spectral Thief|p1a: Arceus
|-immune|p1a: Arceus
|
|upkeep
|turn|18
|
|t:|1653316155
|switch|p1a: Arceus|Arceus-Ghost|54/100
|move|p2a: Marshadow|Close Combat|p1a: Arceus
|-immune|p1a: Arceus
|
|upkeep
|turn|19
|
|t:|1653316163
|move|p2a: Marshadow|Shadow Sneak|p1a: Arceus
|-supereffective|p1a: Arceus
|-damage|p1a: Arceus|5/100
|move|p1a: Arceus|Shadow Force||[still]
|-prepare|p1a: Arceus|Shadow Force
|
|upkeep
|turn|20
|
|t:|1653316179
|switch|p2a: Forretress|Forretress, F|100/100
|move|p1a: Arceus|Shadow Force|p2a: Forretress|[from]lockedmove
|-damage|p2a: Forretress|60/100
|
|-heal|p2a: Forretress|66/100|[from] item: Leftovers
|upkeep
|turn|21
|
|t:|1653316190
|move|p1a: Arceus|Brick Break|p2a: Forretress
|-damage|p2a: Forretress|51/100
|move|p2a: Forretress|Toxic Spikes|p1a: Arceus
|-sidestart|p1: jollysins|move: Toxic Spikes
|
|-heal|p2a: Forretress|58/100|[from] item: Leftovers
|upkeep
|turn|22
|
|t:|1653316198
|move|p1a: Arceus|Shadow Force||[still]
|-prepare|p1a: Arceus|Shadow Force
|move|p2a: Forretress|Toxic Spikes|p1a: Arceus
|-sidestart|p1: jollysins|move: Toxic Spikes
|
|-heal|p2a: Forretress|64/100|[from] item: Leftovers
|upkeep
|turn|23
|
|t:|1653316204
|move|p1a: Arceus|Shadow Force|p2a: Forretress|[from]lockedmove
|-damage|p2a: Forretress|24/100
|move|p2a: Forretress|Spikes|p1a: Arceus
|-sidestart|p1: jollysins|Spikes
|
|-heal|p2a: Forretress|30/100|[from] item: Leftovers
|upkeep
|turn|24
|
|t:|1653316215
|move|p1a: Arceus|Swords Dance|p1a: Arceus
|-boost|p1a: Arceus|atk|2
|move|p2a: Forretress|Spikes|p1a: Arceus
|-sidestart|p1: jollysins|Spikes
|
|-heal|p2a: Forretress|36/100|[from] item: Leftovers
|upkeep
|turn|25
|
|t:|1653316225
|move|p1a: Arceus|Shadow Force||[still]
|-prepare|p1a: Arceus|Shadow Force
|move|p2a: Forretress|Spikes|p1a: Arceus
|-sidestart|p1: jollysins|Spikes
|
|-heal|p2a: Forretress|43/100|[from] item: Leftovers
|upkeep
|turn|26
|
|t:|1653316232
|move|p1a: Arceus|Shadow Force|p2a: Forretress|[from]lockedmove
|-damage|p2a: Forretress|0 fnt
|faint|p2a: Forretress
|
|upkeep
|
|t:|1653316238
|switch|p2a: Marshadow|Marshadow|100/100
|turn|27
|
|t:|1653316243
|switch|p1a: Arceus|Arceus-Poison|100/100
|-sideend|p1: jollysins|move: Toxic Spikes|[of] p1a: Arceus
|-damage|p1a: Arceus|76/100|[from] Spikes
|move|p2a: Marshadow|Shadow Sneak|p1a: Arceus
|-damage|p1a: Arceus|54/100
|
|upkeep
|turn|28
|
|t:|1653316257
|move|p2a: Marshadow|Spectral Thief|p1a: Arceus
|-damage|p1a: Arceus|26/100
|move|p1a: Arceus|Recover|p1a: Arceus
|-heal|p1a: Arceus|76/100
|
|upkeep
|turn|29
|
|t:|1653316266
|switch|p2a: 2 for 1 Deal|Calyrex-Shadow|100/100
|-ability|p2a: 2 for 1 Deal|As One
|-ability|p2a: 2 for 1 Deal|Unnerve
|move|p1a: Arceus|Defog|p2a: 2 for 1 Deal
|-unboost|p2a: 2 for 1 Deal|evasion|1
|-sideend|p1: jollysins|Spikes|[from] move: Defog|[of] p1a: Arceus
|
|upkeep
|turn|30
|
|t:|1653316277
|switch|p1a: Arceus|Arceus-Fairy|100/100
|move|p2a: 2 for 1 Deal|Nasty Plot|p2a: 2 for 1 Deal
|-boost|p2a: 2 for 1 Deal|spa|2
|
|upkeep
|turn|31
|
|t:|1653316293
|-start|p1a: Arceus|Dynamax|
|-heal|p1a: Arceus|100/100|[silent]
|move|p2a: 2 for 1 Deal|Astral Barrage|p1a: Arceus
|-damage|p1a: Arceus|48/100
|move|p1a: Arceus|Max Starfall|p2a: 2 for 1 Deal
|-damage|p2a: 2 for 1 Deal|20/100
|-fieldstart|move: Misty Terrain
|
|upkeep
|turn|32
|
|t:|1653316304
|move|p2a: 2 for 1 Deal|Astral Barrage|p1a: Arceus
|-damage|p1a: Arceus|0 fnt
|faint|p1a: Arceus
|-ability|p2a: 2 for 1 Deal|Grim Neigh|boost
|-boost|p2a: 2 for 1 Deal|spa|1
|
|upkeep
|
|t:|1653316319
|switch|p1a: Arceus|Arceus, shiny|100/100
|turn|33
|
|t:|1653316334
|move|p2a: 2 for 1 Deal|Dark Pulse|p1a: Arceus
|-damage|p1a: Arceus|46/100
|cant|p1a: Arceus|flinch
|
|upkeep
|turn|34
|
|t:|1653316347
|move|p2a: 2 for 1 Deal|Dark Pulse|p1a: Arceus
|-damage|p1a: Arceus|0 fnt
|faint|p1a: Arceus
|-ability|p2a: 2 for 1 Deal|Grim Neigh|boost
|-boost|p2a: 2 for 1 Deal|spa|1
|
|upkeep
|
|t:|1653316351
|switch|p1a: Arceus|Arceus-Poison|76/100
|turn|35
|
|t:|1653316360
|move|p2a: 2 for 1 Deal|Astral Barrage|p1a: Arceus
|-damage|p1a: Arceus|0 fnt
|faint|p1a: Arceus
|-ability|p2a: 2 for 1 Deal|Grim Neigh|boost
|-boost|p2a: 2 for 1 Deal|spa|1
|
|-fieldend|Misty Terrain
|upkeep
|
|t:|1653316366
|switch|p1a: Arceus|Arceus-Ghost|5/100
|turn|36
|
|t:|1653316376
|move|p2a: 2 for 1 Deal|Astral Barrage|p1a: Arceus
|-supereffective|p1a: Arceus
|-damage|p1a: Arceus|0 fnt
|faint|p1a: Arceus
|-ability|p2a: 2 for 1 Deal|Grim Neigh|boost
|-boost|p2a: 2 for 1 Deal|spa|1
|
|upkeep
|-message|jollysins forfeited.
|
|win|97thPhantom
|raw|jollysins's rating: 1476 &rarr; <strong>1455</strong><br />(-21 for losing)
|raw|97thPhantom's rating: 1457 &rarr; <strong>1478</strong><br />(+21 for winning)
|l|‽jollysins
||Ladder isn't responding, score probably updated but might not have (Request timeout).
