|j|☆ITryFunThings
|j|☆C0ld as Ice
|t:|1652255074
|gametype|singles
|player|p1|ITryFunThings|1|1518
|player|p2|C0ld as Ice|schoolkid-gen4dp|1787
|teamsize|p1|6
|teamsize|p2|6
|gen|8
|tier|[Gen 8] National Dex AG
|rated|
|rule|HP Percentage Mod: HP is shown in percentages
|rule|Endless Battle Clause: Forcing endless battles is banned
|clearpoke
|poke|p1|Illumise, F|
|poke|p1|Volbeat, M|
|poke|p1|Calyrex-Shadow|
|poke|p1|Xerneas-*|
|poke|p1|Eternatus|
|poke|p1|Diancie|
|poke|p2|Necrozma-Dusk-Mane|
|poke|p2|Zygarde|
|poke|p2|Calyrex-Shadow|
|poke|p2|Marshadow|
|poke|p2|Xerneas-*|
|poke|p2|Skarmory, M|
|teampreview
|inactive|Battle timer is ON: inactive players will automatically lose when time's up. (requested by C0ld as Ice)
|
|t:|1652255103
|start
|switch|p1a: Illumise|Illumise, F, shiny|100/100
|switch|p2a: Necrozma|Necrozma-Dusk-Mane|100/100
|turn|1
|j| one word E
|
|t:|1652255112
|move|p1a: Illumise|Thunder Wave|p2a: Necrozma
|-status|p2a: Necrozma|par
|move|p2a: Necrozma|Photon Geyser|p1a: Illumise
|-damage|p1a: Illumise|46/100
|
|upkeep
|turn|2
|
|t:|1652255120
|move|p1a: Illumise|Substitute|p1a: Illumise
|-start|p1a: Illumise|Substitute
|-damage|p1a: Illumise|21/100
|cant|p2a: Necrozma|par
|
|upkeep
|turn|3
|
|t:|1652255125
|move|p1a: Illumise|Double Team|p1a: Illumise
|-boost|p1a: Illumise|evasion|1
|move|p2a: Necrozma|Photon Geyser|p1a: Illumise|[miss]
|-miss|p2a: Necrozma|p1a: Illumise
|
|upkeep
|turn|4
|
|t:|1652255134
|move|p1a: Illumise|Double Team|p1a: Illumise
|-boost|p1a: Illumise|evasion|1
|cant|p2a: Necrozma|par
|
|upkeep
|turn|5
|
|t:|1652255142
|move|p1a: Illumise|Double Team|p1a: Illumise
|-boost|p1a: Illumise|evasion|1
|cant|p2a: Necrozma|par
|
|upkeep
|turn|6
|
|t:|1652255163
|detailschange|p2a: Necrozma|Necrozma-Ultra
|-burst|p2a: Necrozma|Necrozma|Ultranecrozium Z
|move|p1a: Illumise|Baton Pass|p1a: Illumise
|
|t:|1652255172
|switch|p1a: Volbeat|Volbeat, M|100/100|[from]move: Baton Pass
|move|p2a: Necrozma|Photon Geyser|p1a: Volbeat|[miss]
|-miss|p2a: Necrozma|p1a: Volbeat
|
|upkeep
|turn|7
|
|t:|1652255182
|move|p1a: Volbeat|Double Team|p1a: Volbeat
|-boost|p1a: Volbeat|evasion|1
|cant|p2a: Necrozma|par
|
|upkeep
|turn|8
|
|t:|1652255187
|move|p1a: Volbeat|Double Team|p1a: Volbeat
|-boost|p1a: Volbeat|evasion|1
|cant|p2a: Necrozma|par
|
|upkeep
|turn|9
|
|t:|1652255191
|move|p1a: Volbeat|Double Team|p1a: Volbeat
|-boost|p1a: Volbeat|evasion|1
|cant|p2a: Necrozma|par
|
|upkeep
|turn|10
|
|t:|1652255196
|move|p1a: Volbeat|Tail Glow|p1a: Volbeat
|-boost|p1a: Volbeat|spa|3
|cant|p2a: Necrozma|par
|
|upkeep
|turn|11
|
|t:|1652255201
|move|p1a: Volbeat|Tail Glow|p1a: Volbeat
|-boost|p1a: Volbeat|spa|3
|move|p2a: Necrozma|Photon Geyser|p1a: Volbeat
|-end|p1a: Volbeat|Substitute
|
|upkeep
|turn|12
|c|☆ITryFunThings|omg it connected
|
|t:|1652255212
|move|p1a: Volbeat|Substitute|p1a: Volbeat
|-start|p1a: Volbeat|Substitute
|-damage|p1a: Volbeat|76/100
|move|p2a: Necrozma|Photon Geyser|p1a: Volbeat
|-end|p1a: Volbeat|Substitute
|
|upkeep
|turn|13
|c|☆ITryFunThings|:O
|
|t:|1652255219
|move|p1a: Volbeat|Substitute|p1a: Volbeat
|-start|p1a: Volbeat|Substitute
|-damage|p1a: Volbeat|51/100
|move|p2a: Necrozma|Photon Geyser|p1a: Volbeat
|-end|p1a: Volbeat|Substitute
|
|upkeep
|turn|14
|c| one word E|:OOOOOOOOOOOOOOOO
|c|☆ITryFunThings|yo wat
|
|t:|1652255227
|move|p1a: Volbeat|Substitute|p1a: Volbeat
|-start|p1a: Volbeat|Substitute
|-damage|p1a: Volbeat|26/100
|move|p2a: Necrozma|Photon Geyser|p1a: Volbeat|[miss]
|-miss|p2a: Necrozma|p1a: Volbeat
|
|upkeep
|turn|15
|
|t:|1652255235
|move|p1a: Volbeat|Baton Pass|p1a: Volbeat
|c| one word E|pytom geyser missed
|
|t:|1652255245
|switch|p1a: Diancie|Diancie, shiny|100/100|[from]move: Baton Pass
|cant|p2a: Necrozma|par
|
|upkeep
|turn|16
|c|☆ITryFunThings|ik
|c|☆ITryFunThings|It just hit a lot
|
|t:|1652255262
|detailschange|p1a: Diancie|Diancie-Mega, shiny
|-mega|p1a: Diancie|Diancie|Diancite
|move|p1a: Diancie|Stored Power|p2a: Necrozma
|-resisted|p2a: Necrozma
|-damage|p2a: Necrozma|0 fnt
|faint|p2a: Necrozma
|
|upkeep
|
|t:|1652255266
|switch|p2a: Marshadow|Marshadow|100/100
|turn|17
|c| one word E|i never thought i see the day
|
|t:|1652255270
|move|p2a: Marshadow|Endure|p2a: Marshadow
|-singleturn|p2a: Marshadow|move: Endure
|move|p1a: Diancie|Stored Power|p2a: Marshadow
|-supereffective|p2a: Marshadow
|-activate|p2a: Marshadow|move: Endure
|-damage|p2a: Marshadow|1/100
|
|upkeep
|turn|18
|c|☆ITryFunThings|hm
|c|☆ITryFunThings|reversal?
|-enditem|p2a: Marshadow|Custap Berry|[eat]
|-activate|p2a: Marshadow|item: Custap Berry|[consumed]
|
|t:|1652255286
|move|p2a: Marshadow|Spectral Thief|p1a: Diancie|[miss]
|-miss|p2a: Marshadow|p1a: Diancie
|move|p1a: Diancie|Stored Power|p2a: Marshadow
|-supereffective|p2a: Marshadow
|-damage|p2a: Marshadow|0 fnt
|faint|p2a: Marshadow
|
|upkeep
|c|☆ITryFunThings|OH
|-message|C0ld as Ice forfeited.
|
|win|ITryFunThings
|raw|ITryFunThings's rating: 1518 &rarr; <strong>1551</strong><br />(+33 for winning)
|raw|C0ld as Ice's rating: 1787 &rarr; <strong>1754</strong><br />(-33 for losing)
|c|☆ITryFunThings|thank god
|l|☆C0ld as Ice
|c|☆ITryFunThings|gg
|c|☆ITryFunThings|Ive had very bad luck with marshadows
|c|☆ITryFunThings|but he didnt start out with it so I was fine
|c|☆ITryFunThings|YO WAT
|c|☆ITryFunThings|he was so high on the ladder too
|c| one word E|yo what
|c|☆ITryFunThings|I just put him down to #99
|c| one word E|jesus
|c|☆ITryFunThings|he was #68
|c| one word E|omg
|c|☆ITryFunThings|I wonder how far this team will take me
|c|☆ITryFunThings|its so op
