|j|☆Cold but Goated
|j|☆FenixFyre04
|t:|1650018962
|gametype|singles
|player|p1|Cold but Goated|clown|1783
|player|p2|FenixFyre04|benga|1936
|teamsize|p1|6
|teamsize|p2|6
|gen|8
|tier|[Gen 8] National Dex AG
|rated|
|rule|HP Percentage Mod: HP is shown in percentages
|rule|Endless Battle Clause: Forcing endless battles is banned
|clearpoke
|poke|p1|Calyrex-Shadow|
|poke|p1|Palkia|
|poke|p1|Lugia|
|poke|p1|Groudon|
|poke|p1|Tyranitar, M|
|poke|p1|Arceus-*|
|poke|p2|Tyranitar, M|
|poke|p2|Ho-Oh|
|poke|p2|Necrozma-Dusk-Mane|
|poke|p2|Zacian-*|
|poke|p2|Rayquaza|
|poke|p2|Calyrex-Shadow|
|teampreview
|inactive|Battle timer is ON: inactive players will automatically lose when time's up. (requested by FenixFyre04)
|inactive|Cold but Goated also wants the timer to be on.
|
|t:|1650018969
|start
|switch|p1a: Groudon|Groudon|100/100
|switch|p2a: Rayquaza|Rayquaza|100/100
|-ability|p2a: Rayquaza|Air Lock
|detailschange|p1a: Groudon|Groudon-Primal
|-primal|p1a: Groudon
|-weather|DesolateLand|[from] ability: Desolate Land|[of] p1a: Groudon
|turn|1
|
|t:|1650018988
|-weather|none
|switch|p1a: Luigi|Lugia|100/100
|detailschange|p2a: Rayquaza|Rayquaza-Mega
|-mega|p2a: Rayquaza|Rayquaza|
|-weather|DeltaStream|[from] ability: Delta Stream|[of] p2a: Rayquaza
|move|p2a: Rayquaza|Waterfall|p1a: Luigi
|-damage|p1a: Luigi|85/100
|
|-weather|DeltaStream|[upkeep]
|upkeep
|turn|2
|
|t:|1650018998
|-weather|none
|switch|p2a: Necrozma|Necrozma-Dusk-Mane|100/100
|move|p1a: Luigi|Roost|p1a: Luigi
|-heal|p1a: Luigi|100/100
|-singleturn|p1a: Luigi|move: Roost
|
|upkeep
|turn|3
|
|t:|1650019001
|switch|p1a: Caly-wrecks|Calyrex-Shadow|100/100
|-ability|p1a: Caly-wrecks|As One
|-ability|p1a: Caly-wrecks|Unnerve
|move|p2a: Necrozma|Stealth Rock|p1a: Caly-wrecks
|-sidestart|p1: Cold but Goated|move: Stealth Rock
|
|upkeep
|turn|4
|
|t:|1650019007
|move|p1a: Caly-wrecks|Nasty Plot|p1a: Caly-wrecks
|-boost|p1a: Caly-wrecks|spa|2
|move|p2a: Necrozma|Knock Off|p1a: Caly-wrecks
|-supereffective|p1a: Caly-wrecks
|-damage|p1a: Caly-wrecks|0 fnt
|faint|p1a: Caly-wrecks
|
|upkeep
|
|t:|1650019013
|switch|p1a: Groudon|Groudon-Primal|100/100
|-damage|p1a: Groudon|88/100|[from] Stealth Rock
|-weather|DesolateLand|[from] ability: Desolate Land|[of] p1a: Groudon
|turn|5
|
|t:|1650019019
|switch|p2a: Rayquaza|Rayquaza-Mega|100/100
|-weather|DeltaStream|[from] ability: Delta Stream|[of] p2a: Rayquaza
|move|p1a: Groudon|Stealth Rock|p2a: Rayquaza
|-sidestart|p2: FenixFyre04|move: Stealth Rock
|
|-weather|DeltaStream|[upkeep]
|upkeep
|turn|6
|
|t:|1650019023
|switch|p1a: Luigi|Lugia|100/100
|move|p2a: Rayquaza|Dragon Ascent|p1a: Luigi
|-crit|p1a: Luigi
|-damage|p1a: Luigi|50/100
|-unboost|p2a: Rayquaza|def|1
|-unboost|p2a: Rayquaza|spd|1
|
|-weather|DeltaStream|[upkeep]
|upkeep
|turn|7
|
|t:|1650019031
|-start|p1a: Luigi|Dynamax|
|-heal|p1a: Luigi|50/100|[silent]
|move|p2a: Rayquaza|Dragon Ascent|p1a: Luigi
|-damage|p1a: Luigi|20/100
|-unboost|p2a: Rayquaza|def|1
|-unboost|p2a: Rayquaza|spd|1
|move|p1a: Luigi|Max Hailstorm|p2a: Rayquaza
|-activate||deltastream
|-supereffective|p2a: Rayquaza
|-damage|p2a: Rayquaza|0 fnt
|-weather|Hail
|faint|p2a: Rayquaza
|
|-weather|Hail|[upkeep]
|-damage|p1a: Luigi|17/100|[from] Hail
|upkeep
|
|t:|1650019043
|switch|p2a: Zacian|Zacian-Crowned|100/100
|-damage|p2a: Zacian|94/100|[from] Stealth Rock
|-ability|p2a: Zacian|Intrepid Sword|boost
|-boost|p2a: Zacian|atk|1
|turn|8
|
|t:|1650019046
|move|p1a: Luigi|Max Guard|p1a: Luigi
|-singleturn|p1a: Luigi|Max Guard
|move|p2a: Zacian|Behemoth Blade|p1a: Luigi
|-activate|p1a: Luigi|move: Max Guard
|
|-weather|Hail|[upkeep]
|-damage|p2a: Zacian|88/100|[from] Hail
|-damage|p1a: Luigi|14/100|[from] Hail
|upkeep
|turn|9
|
|t:|1650019049
|move|p2a: Zacian|Close Combat|p1a: Luigi
|-resisted|p1a: Luigi
|-damage|p1a: Luigi|9/100
|-unboost|p2a: Zacian|def|1
|-unboost|p2a: Zacian|spd|1
|move|p1a: Luigi|Max Hailstorm|p2a: Zacian
|-resisted|p2a: Zacian
|-damage|p2a: Zacian|70/100
|
|-weather|Hail|[upkeep]
|-damage|p2a: Zacian|64/100|[from] Hail
|-damage|p1a: Luigi|6/100|[from] Hail
|-end|p1a: Luigi|Dynamax
|-heal|p1a: Luigi|6/100|[silent]
|upkeep
|turn|10
|
|t:|1650019056
|move|p2a: Zacian|Behemoth Blade|p1a: Luigi
|-damage|p1a: Luigi|0 fnt
|faint|p1a: Luigi
|
|-weather|Hail|[upkeep]
|-damage|p2a: Zacian|58/100|[from] Hail
|upkeep
|
|t:|1650019058
|switch|p1a: Groudon|Groudon-Primal|88/100
|-damage|p1a: Groudon|76/100|[from] Stealth Rock
|-weather|DesolateLand|[from] ability: Desolate Land|[of] p1a: Groudon
|turn|11
|
|t:|1650019066
|switch|p2a: Ho-Oh|Ho-Oh, shiny|100/100
|move|p1a: Groudon|Stone Edge|p2a: Ho-Oh
|-supereffective|p2a: Ho-Oh
|-damage|p2a: Ho-Oh|5/100
|
|-weather|DesolateLand|[upkeep]
|upkeep
|turn|12
|
|t:|1650019071
|move|p1a: Groudon|Stone Edge|p2a: Ho-Oh
|-supereffective|p2a: Ho-Oh
|-damage|p2a: Ho-Oh|0 fnt
|faint|p2a: Ho-Oh
|
|-weather|DesolateLand|[upkeep]
|upkeep
|
|t:|1650019076
|switch|p2a: Calyrex|Calyrex-Shadow|100/100
|-ability|p2a: Calyrex|As One
|-ability|p2a: Calyrex|Unnerve
|-damage|p2a: Calyrex|88/100|[from] Stealth Rock
|turn|13
|
|t:|1650019081
|-weather|none
|switch|p1a: Tyranitar|Tyranitar, M|100/100
|-damage|p1a: Tyranitar|88/100|[from] Stealth Rock
|-weather|Sandstorm|[from] ability: Sand Stream|[of] p1a: Tyranitar
|move|p2a: Calyrex|Astral Barrage|p1a: Tyranitar
|-resisted|p1a: Tyranitar
|-damage|p1a: Tyranitar|74/100
|
|-weather|Sandstorm|[upkeep]
|-damage|p2a: Calyrex|82/100|[from] Sandstorm
|-heal|p1a: Tyranitar|80/100|[from] item: Leftovers
|upkeep
|turn|14
|
|t:|1650019089
|move|p2a: Calyrex|Astral Barrage|p1a: Tyranitar
|-resisted|p1a: Tyranitar
|-damage|p1a: Tyranitar|65/100
|move|p1a: Tyranitar|Pursuit|p2a: Calyrex
|-supereffective|p2a: Calyrex
|-damage|p2a: Calyrex|0 fnt
|faint|p2a: Calyrex
|
|-weather|Sandstorm|[upkeep]
|-heal|p1a: Tyranitar|71/100|[from] item: Leftovers
|upkeep
|
|t:|1650019095
|switch|p2a: Zacian|Zacian-Crowned|58/100
|-damage|p2a: Zacian|52/100|[from] Stealth Rock
|-ability|p2a: Zacian|Intrepid Sword|boost
|-boost|p2a: Zacian|atk|1
|turn|15
|
|t:|1650019098
|move|p2a: Zacian|Substitute|p2a: Zacian
|-start|p2a: Zacian|Substitute
|-damage|p2a: Zacian|27/100
|move|p1a: Tyranitar|Rock Tomb|p2a: Zacian|[miss]
|-miss|p1a: Tyranitar|p2a: Zacian
|
|-weather|Sandstorm|[upkeep]
|-heal|p1a: Tyranitar|77/100|[from] item: Leftovers
|upkeep
|turn|16
|
|t:|1650019105
|move|p2a: Zacian|Behemoth Blade|p1a: Tyranitar
|-supereffective|p1a: Tyranitar
|-damage|p1a: Tyranitar|0 fnt
|faint|p1a: Tyranitar
|
|-weather|Sandstorm|[upkeep]
|upkeep
|
|t:|1650019113
|switch|p1a: Groudon|Groudon-Primal|76/100
|-damage|p1a: Groudon|63/100|[from] Stealth Rock
|-weather|DesolateLand|[from] ability: Desolate Land|[of] p1a: Groudon
|turn|17
|
|t:|1650019122
|move|p2a: Zacian|Behemoth Blade|p1a: Groudon
|-resisted|p1a: Groudon
|-damage|p1a: Groudon|33/100
|move|p1a: Groudon|Roar|p2a: Zacian
|drag|p2a: Tyranitar|Tyranitar, M, shiny|100/100
|-damage|p2a: Tyranitar|88/100|[from] Stealth Rock
|-ability|p2a: Tyranitar|Sand Stream|[from] desolateland|[fail]
|
|-weather|DesolateLand|[upkeep]
|-heal|p2a: Tyranitar|94/100|[from] item: Leftovers
|upkeep
|turn|18
|
|t:|1650019132
|-weather|none
|switch|p1a: Pearl beast|Palkia|100/100
|-damage|p1a: Pearl beast|88/100|[from] Stealth Rock
|-ability|p1a: Pearl beast|Pressure
|move|p2a: Tyranitar|Rock Tomb|p1a: Pearl beast
|-damage|p1a: Pearl beast|61/100
|-unboost|p1a: Pearl beast|spe|1
|
|-heal|p2a: Tyranitar|100/100|[from] item: Leftovers
|upkeep
|turn|19
|
|t:|1650019139
|move|p1a: Pearl beast|Hydro Pump|p2a: Tyranitar|[miss]
|-miss|p1a: Pearl beast|p2a: Tyranitar
|move|p2a: Tyranitar|Thunder Wave|p1a: Pearl beast
|-status|p1a: Pearl beast|par
|
|upkeep
|turn|20
|
|t:|1650019146
|move|p2a: Tyranitar|Rock Tomb|p1a: Pearl beast
|-damage|p1a: Pearl beast|33/100 par
|-unboost|p1a: Pearl beast|spe|1
|move|p1a: Pearl beast|Hydro Pump|p2a: Tyranitar
|-supereffective|p2a: Tyranitar
|-crit|p2a: Tyranitar
|-damage|p2a: Tyranitar|0 fnt
|faint|p2a: Tyranitar
|
|upkeep
|
|t:|1650019153
|switch|p2a: Zacian|Zacian-Crowned|27/100
|-damage|p2a: Zacian|21/100|[from] Stealth Rock
|-ability|p2a: Zacian|Intrepid Sword|boost
|-boost|p2a: Zacian|atk|1
|turn|21
|
|t:|1650019157
|move|p2a: Zacian|Behemoth Blade|p1a: Pearl beast
|-resisted|p1a: Pearl beast
|-damage|p1a: Pearl beast|0 fnt
|faint|p1a: Pearl beast
|
|upkeep
|
|t:|1650019162
|switch|p1a: Arceus|Arceus-Water|100/100
|-damage|p1a: Arceus|88/100|[from] Stealth Rock
|turn|22
|
|t:|1650019169
|switch|p2a: Necrozma|Necrozma-Dusk-Mane|100/100
|-damage|p2a: Necrozma|94/100|[from] Stealth Rock
|move|p1a: Arceus|Recover|p1a: Arceus
|-heal|p1a: Arceus|100/100
|
|upkeep
|turn|23
|
|t:|1650019181
|-start|p2a: Necrozma|Dynamax|
|-heal|p2a: Necrozma|94/100|[silent]
|move|p2a: Necrozma|Max Darkness|p1a: Arceus
|-crit|p1a: Arceus
|-damage|p1a: Arceus|70/100
|-unboost|p1a: Arceus|spd|1
|move|p1a: Arceus|Roar|p2a: Necrozma
|-block|p2a: Necrozma|Dynamax
|
|upkeep
|turn|24
|
|t:|1650019185
|move|p1a: Arceus|Recover|p1a: Arceus
|-heal|p1a: Arceus|100/100
|move|p2a: Necrozma|Max Darkness|p1a: Arceus
|-damage|p1a: Arceus|79/100
|-unboost|p1a: Arceus|spd|1
|
|upkeep
|turn|25
|
|t:|1650019188
|move|p1a: Arceus|Recover|p1a: Arceus
|-heal|p1a: Arceus|100/100
|move|p2a: Necrozma|Max Steelspike|p1a: Arceus
|-resisted|p1a: Arceus
|-crit|p1a: Arceus
|-damage|p1a: Arceus|78/100
|-boost|p2a: Necrozma|def|1
|
|-end|p2a: Necrozma|Dynamax
|-heal|p2a: Necrozma|94/100|[silent]
|upkeep
|turn|26
|
|t:|1650019192
|move|p2a: Necrozma|Sunsteel Strike|p1a: Arceus
|-resisted|p1a: Arceus
|-damage|p1a: Arceus|65/100
|move|p1a: Arceus|Roar|p2a: Necrozma
|drag|p2a: Zacian|Zacian-Crowned|21/100
|-damage|p2a: Zacian|15/100|[from] Stealth Rock
|-ability|p2a: Zacian|Intrepid Sword|boost
|-boost|p2a: Zacian|atk|1
|
|upkeep
|turn|27
|
|t:|1650019197
|move|p2a: Zacian|Play Rough|p1a: Arceus
|-damage|p1a: Arceus|22/100
|move|p1a: Arceus|Recover|p1a: Arceus
|-heal|p1a: Arceus|72/100
|
|upkeep
|turn|28
|
|t:|1650019204
|move|p2a: Zacian|Play Rough|p1a: Arceus
|-damage|p1a: Arceus|30/100
|move|p1a: Arceus|Recover|p1a: Arceus
|-heal|p1a: Arceus|80/100
|
|upkeep
|turn|29
|
|t:|1650019210
|move|p2a: Zacian|Play Rough|p1a: Arceus
|-damage|p1a: Arceus|32/100
|move|p1a: Arceus|Recover|p1a: Arceus
|-heal|p1a: Arceus|82/100
|
|upkeep
|turn|30
|
|t:|1650019228
|move|p2a: Zacian|Close Combat|p1a: Arceus
|-crit|p1a: Arceus
|-damage|p1a: Arceus|18/100
|-unboost|p2a: Zacian|def|1
|-unboost|p2a: Zacian|spd|1
|move|p1a: Arceus|Roar|p2a: Zacian
|drag|p2a: Necrozma|Necrozma-Dusk-Mane|94/100
|-damage|p2a: Necrozma|88/100|[from] Stealth Rock
|
|upkeep
|turn|31
|
|t:|1650019244
|switch|p2a: Zacian|Zacian-Crowned|15/100
|-damage|p2a: Zacian|8/100|[from] Stealth Rock
|-ability|p2a: Zacian|Intrepid Sword|boost
|-boost|p2a: Zacian|atk|1
|move|p1a: Arceus|Recover|p1a: Arceus
|-heal|p1a: Arceus|68/100
|
|upkeep
|turn|32
|
|t:|1650019250
|move|p2a: Zacian|Play Rough|p1a: Arceus
|-damage|p1a: Arceus|21/100
|move|p1a: Arceus|Recover|p1a: Arceus
|-heal|p1a: Arceus|71/100
|
|upkeep
|turn|33
|
|t:|1650019256
|move|p2a: Zacian|Play Rough|p1a: Arceus
|-damage|p1a: Arceus|26/100
|move|p1a: Arceus|Recover|p1a: Arceus
|-heal|p1a: Arceus|76/100
|
|upkeep
|turn|34
|
|t:|1650019261
|move|p2a: Zacian|Play Rough|p1a: Arceus
|-damage|p1a: Arceus|31/100
|move|p1a: Arceus|Recover|p1a: Arceus
|-heal|p1a: Arceus|81/100
|
|upkeep
|turn|35
|
|t:|1650019267
|move|p2a: Zacian|Play Rough|p1a: Arceus
|-damage|p1a: Arceus|37/100
|move|p1a: Arceus|Roar|p2a: Zacian
|drag|p2a: Necrozma|Necrozma-Dusk-Mane|88/100
|-damage|p2a: Necrozma|82/100|[from] Stealth Rock
|
|upkeep
|turn|36
|
|t:|1650019274
|move|p1a: Arceus|Recover|p1a: Arceus
|-heal|p1a: Arceus|87/100
|move|p2a: Necrozma|Sunsteel Strike|p1a: Arceus
|-resisted|p1a: Arceus
|-crit|p1a: Arceus
|-damage|p1a: Arceus|68/100
|
|upkeep
|turn|37
|
|t:|1650019279
|move|p1a: Arceus|Recover|p1a: Arceus
|-heal|p1a: Arceus|100/100
|move|p2a: Necrozma|Sunsteel Strike|p1a: Arceus
|-resisted|p1a: Arceus
|-damage|p1a: Arceus|88/100
|
|upkeep
|turn|38
|
|t:|1650019285
|move|p2a: Necrozma|Knock Off|p1a: Arceus
|-damage|p1a: Arceus|76/100
|move|p1a: Arceus|Roar|p2a: Necrozma
|drag|p2a: Zacian|Zacian-Crowned|8/100
|-damage|p2a: Zacian|2/100|[from] Stealth Rock
|-ability|p2a: Zacian|Intrepid Sword|boost
|-boost|p2a: Zacian|atk|1
|
|upkeep
|turn|39
|
|t:|1650019292
|move|p2a: Zacian|Play Rough|p1a: Arceus|[miss]
|-miss|p2a: Zacian|p1a: Arceus
|move|p1a: Arceus|Roar|p2a: Zacian
|drag|p2a: Necrozma|Necrozma-Dusk-Mane|82/100
|-damage|p2a: Necrozma|76/100|[from] Stealth Rock
|
|upkeep
|turn|40
|
|t:|1650019295
|move|p2a: Necrozma|Sunsteel Strike|p1a: Arceus
|-resisted|p1a: Arceus
|-damage|p1a: Arceus|64/100
|move|p1a: Arceus|Roar|p2a: Necrozma
|drag|p2a: Zacian|Zacian-Crowned|2/100
|-damage|p2a: Zacian|0 fnt|[from] Stealth Rock
|faint|p2a: Zacian
|
|upkeep
|
|t:|1650019316
|switch|p2a: Necrozma|Necrozma-Dusk-Mane|76/100
|-damage|p2a: Necrozma|70/100|[from] Stealth Rock
|turn|41
|
|t:|1650019319
|move|p1a: Arceus|Defog|p2a: Necrozma
|-unboost|p2a: Necrozma|evasion|1
|-sideend|p2: FenixFyre04|Stealth Rock|[from] move: Defog|[of] p1a: Arceus
|-sideend|p1: Cold but Goated|Stealth Rock|[from] move: Defog|[of] p1a: Arceus
|move|p2a: Necrozma|Sunsteel Strike|p1a: Arceus
|-resisted|p1a: Arceus
|-damage|p1a: Arceus|50/100
|
|upkeep
|turn|42
|
|t:|1650019330
|switch|p1a: Groudon|Groudon-Primal|33/100
|-weather|DesolateLand|[from] ability: Desolate Land|[of] p1a: Groudon
|move|p2a: Necrozma|Moonlight|p2a: Necrozma
|-heal|p2a: Necrozma|100/100
|
|-weather|DesolateLand|[upkeep]
|upkeep
|turn|43
|
|t:|1650019332
|move|p1a: Groudon|Precipice Blades|p2a: Necrozma
|-supereffective|p2a: Necrozma
|-damage|p2a: Necrozma|50/100
|move|p2a: Necrozma|Knock Off|p1a: Groudon
|-damage|p1a: Groudon|20/100
|
|-weather|DesolateLand|[upkeep]
|upkeep
|turn|44
|
|t:|1650019335
|move|p1a: Groudon|Precipice Blades|p2a: Necrozma
|-supereffective|p2a: Necrozma
|-damage|p2a: Necrozma|0 fnt
|faint|p2a: Necrozma
|
|win|Cold but Goated
|raw|Cold but Goated's rating: 1783 &rarr; <strong>1810</strong><br />(+27 for winning)
|raw|FenixFyre04's rating: 1903 &rarr; <strong>1876</strong><br />(-27 for losing)
|c|☆Cold but Goated|Gg
|c|☆Cold but Goated|It was tough lol
|l|☆FenixFyre04
