|j|☆coolthingdude
|j|☆Vegeta Otsusuki
|t:|1665662578
|gametype|singles
|player|p1|coolthingdude|byron|1724
|player|p2|Vegeta Otsusuki|blue-gen3two|1907
|teamsize|p1|6
|teamsize|p2|6
|gen|8
|tier|[Gen 8] National Dex AG
|rated|
|rule|HP Percentage Mod: HP is shown in percentages
|rule|Endless Battle Clause: Forcing endless battles is banned
|clearpoke
|poke|p1|Xerneas-*|
|poke|p1|Rayquaza|
|poke|p1|Dialga|
|poke|p1|Zacian-*|
|poke|p1|Groudon|
|poke|p1|Ditto|
|poke|p2|Rayquaza|
|poke|p2|Arceus-*|
|poke|p2|Ditto|
|poke|p2|Zacian-*|
|poke|p2|Muk-Alola, F|
|poke|p2|Groudon|
|teampreview
|inactive|Battle timer is ON: inactive players will automatically lose when time's up. (requested by Vegeta Otsusuki)
|
|t:|1665662599
|start
|switch|p1a: Bork|Dialga|100/100
|switch|p2a: Groudon|Groudon|100/100
|-weather|SunnyDay|[from] ability: Drought|[of] p2a: Groudon
|-ability|p1a: Bork|Pressure
|turn|1
|
|t:|1665662608
|move|p2a: Groudon|Stealth Rock|p1a: Bork
|-sidestart|p1: coolthingdude|move: Stealth Rock
|move|p1a: Bork|Stealth Rock|p2a: Groudon
|-sidestart|p2: Vegeta Otsusuki|move: Stealth Rock
|
|-weather|SunnyDay|[upkeep]
|upkeep
|turn|2
|
|t:|1665662612
|move|p2a: Groudon|Earthquake|p1a: Bork
|-supereffective|p1a: Bork
|-crit|p1a: Bork
|-damage|p1a: Bork|0 fnt
|faint|p1a: Bork
|
|-weather|SunnyDay|[upkeep]
|upkeep
|
|t:|1665662616
|switch|p1a: Mr. Nofly|Rayquaza|100/100
|-damage|p1a: Mr. Nofly|76/100|[from] Stealth Rock
|-ability|p1a: Mr. Nofly|Air Lock
|turn|3
|
|t:|1665662621
|detailschange|p1a: Mr. Nofly|Rayquaza-Mega
|-mega|p1a: Mr. Nofly|Rayquaza|
|-weather|DeltaStream|[from] ability: Delta Stream|[of] p1a: Mr. Nofly
|move|p1a: Mr. Nofly|Waterfall|p2a: Groudon
|-supereffective|p2a: Groudon
|-damage|p2a: Groudon|63/100
|move|p2a: Groudon|Thunder Wave|p1a: Mr. Nofly
|-status|p1a: Mr. Nofly|par
|
|-weather|DeltaStream|[upkeep]
|-heal|p2a: Groudon|70/100|[from] item: Leftovers
|upkeep
|turn|4
|
|t:|1665662628
|move|p1a: Mr. Nofly|Waterfall|p2a: Groudon
|-supereffective|p2a: Groudon
|-damage|p2a: Groudon|30/100
|cant|p2a: Groudon|flinch
|
|-weather|DeltaStream|[upkeep]
|-heal|p2a: Groudon|37/100|[from] item: Leftovers
|upkeep
|turn|5
|
|t:|1665662636
|move|p1a: Mr. Nofly|Waterfall|p2a: Groudon
|-supereffective|p2a: Groudon
|-damage|p2a: Groudon|0 fnt
|faint|p2a: Groudon
|
|-weather|DeltaStream|[upkeep]
|upkeep
|
|t:|1665662648
|switch|p2a: Zacian|Zacian-Crowned, shiny|100/100
|-damage|p2a: Zacian|94/100|[from] Stealth Rock
|-ability|p2a: Zacian|Intrepid Sword|boost
|-boost|p2a: Zacian|atk|1
|turn|6
|
|t:|1665662656
|move|p2a: Zacian|Behemoth Blade|p1a: Mr. Nofly
|-damage|p1a: Mr. Nofly|0 fnt
|faint|p1a: Mr. Nofly
|-weather|none
|
|upkeep
|
|t:|1665662659
|switch|p1a: imposter|Ditto|100/100
|-damage|p1a: imposter|88/100|[from] Stealth Rock
|-transform|p1a: imposter|p2a: Zacian|[from] ability: Imposter
|-ability|p1a: imposter|Intrepid Sword|boost
|-boost|p1a: imposter|atk|1
|turn|7
|
|t:|1665662663
|move|p1a: imposter|Behemoth Blade|p2a: Zacian
|-damage|p2a: Zacian|2/100
|move|p2a: Zacian|Behemoth Blade|p1a: imposter
|-damage|p1a: imposter|1/100
|
|upkeep
|turn|8
|
|t:|1665662671
|move|p1a: imposter|Behemoth Blade|p2a: Zacian
|-damage|p2a: Zacian|0 fnt
|faint|p2a: Zacian
|
|upkeep
|
|t:|1665662678
|switch|p2a: Rayquaza|Rayquaza|100/100
|-damage|p2a: Rayquaza|76/100|[from] Stealth Rock
|-ability|p2a: Rayquaza|Air Lock
|turn|9
|
|t:|1665662681
|move|p2a: Rayquaza|Extreme Speed|p1a: imposter
|-resisted|p1a: imposter
|-damage|p1a: imposter|0 fnt
|faint|p1a: imposter
|-damage|p2a: Rayquaza|66/100|[from] item: Life Orb
|
|upkeep
|
|t:|1665662687
|switch|p1a: Doggo|Zacian-Crowned|100/100
|-damage|p1a: Doggo|94/100|[from] Stealth Rock
|-ability|p1a: Doggo|Intrepid Sword|boost
|-boost|p1a: Doggo|atk|1
|turn|10
|
|t:|1665662694
|detailschange|p2a: Rayquaza|Rayquaza-Mega
|-mega|p2a: Rayquaza|Rayquaza|
|-weather|DeltaStream|[from] ability: Delta Stream|[of] p2a: Rayquaza
|move|p2a: Rayquaza|Extreme Speed|p1a: Doggo
|-resisted|p1a: Doggo
|-damage|p1a: Doggo|73/100
|-damage|p2a: Rayquaza|56/100|[from] item: Life Orb
|move|p1a: Doggo|Behemoth Blade|p2a: Rayquaza
|-damage|p2a: Rayquaza|0 fnt
|faint|p2a: Rayquaza
|-weather|none
|
|upkeep
|
|t:|1665662696
|switch|p2a: Ditto|Ditto, shiny|100/100
|-damage|p2a: Ditto|88/100|[from] Stealth Rock
|-transform|p2a: Ditto|p1a: Doggo|[from] ability: Imposter
|-ability|p2a: Ditto|Intrepid Sword|boost
|-boost|p2a: Ditto|atk|1
|turn|11
|
|t:|1665662705
|move|p2a: Ditto|Close Combat|p1a: Doggo
|-damage|p1a: Doggo|0 fnt
|-unboost|p2a: Ditto|def|1
|-unboost|p2a: Ditto|spd|1
|faint|p1a: Doggo
|
|upkeep
|
|t:|1665662709
|switch|p1a: Primail|Groudon|100/100
|-damage|p1a: Primail|94/100|[from] Stealth Rock
|detailschange|p1a: Primail|Groudon-Primal
|-primal|p1a: Primail
|-weather|DesolateLand|[from] ability: Desolate Land|[of] p1a: Primail
|turn|12
|
|t:|1665662714
|move|p2a: Ditto|Close Combat|p1a: Primail
|-damage|p1a: Primail|33/100
|-unboost|p2a: Ditto|def|1
|-unboost|p2a: Ditto|spd|1
|move|p1a: Primail|Lava Plume|p2a: Ditto
|-supereffective|p2a: Ditto
|-damage|p2a: Ditto|0 fnt
|faint|p2a: Ditto
|
|-weather|DesolateLand|[upkeep]
|upkeep
|
|t:|1665662718
|switch|p2a: Arceus|Arceus|100/100
|-damage|p2a: Arceus|88/100|[from] Stealth Rock
|turn|13
|
|t:|1665662723
|move|p2a: Arceus|Swords Dance|p2a: Arceus
|-boost|p2a: Arceus|atk|2
|move|p1a: Primail|Thunder Wave|p2a: Arceus
|-status|p2a: Arceus|par
|-enditem|p2a: Arceus|Lum Berry|[eat]
|-curestatus|p2a: Arceus|par|[msg]
|
|-weather|DesolateLand|[upkeep]
|upkeep
|turn|14
|
|t:|1665662728
|move|p2a: Arceus|Extreme Speed|p1a: Primail
|-damage|p1a: Primail|0 fnt
|faint|p1a: Primail
|-weather|none
|
|upkeep
|
|t:|1665662730
|switch|p1a: FAT|Xerneas|100/100
|-damage|p1a: FAT|88/100|[from] Stealth Rock
|-ability|p1a: FAT|Fairy Aura
|turn|15
|
|t:|1665662734
|-start|p2a: Arceus|Dynamax|
|-heal|p2a: Arceus|88/100|[silent]
|-start|p1a: FAT|Dynamax|
|-heal|p1a: FAT|88/100|[silent]
|move|p2a: Arceus|Max Strike|p1a: FAT
|-damage|p1a: FAT|32/100
|-unboost|p1a: FAT|spe|1
|move|p1a: FAT|Max Starfall|p2a: Arceus
|-damage|p2a: Arceus|53/100
|-fieldstart|move: Misty Terrain
|
|upkeep
|turn|16
|
|t:|1665662743
|move|p1a: FAT|Max Guard|p1a: FAT
|-singleturn|p1a: FAT|Max Guard
|move|p2a: Arceus|Max Strike|p1a: FAT
|-activate|p1a: FAT|move: Max Guard
|
|upkeep
|turn|17
|
|t:|1665662749
|move|p2a: Arceus|Max Strike|p1a: FAT
|-damage|p1a: FAT|0 fnt
|faint|p1a: FAT
|
|win|Vegeta Otsusuki
|raw|coolthingdude's rating: 1724 &rarr; <strong>1714</strong><br />(-10 for losing)
|raw|Vegeta Otsusuki's rating: 1907 &rarr; <strong>1917</strong><br />(+10 for winning)
|l|☆coolthingdude
