|j|‽Fancy Gravy
|j|☆niun
|t:|1598171593
|player|p1|Fancy Gravy|burglar-gen2|1679
|player|p2|niun|170|1498
|teamsize|p1|6
|teamsize|p2|6
|gametype|singles
|gen|8
|tier|[Gen 8] National Dex AG
|rated|
|clearpoke
|poke|p1|Deoxys-Speed|
|poke|p1|Rayquaza|
|poke|p1|Yveltal|
|poke|p1|Ditto|
|poke|p1|Zacian-Crowned|
|poke|p1|Arceus-*|
|poke|p2|Espeon, M|
|poke|p2|Whimsicott, M|
|poke|p2|Eevee, F|
|poke|p2|Zygarde|
|poke|p2|Mamoswine, M|
|poke|p2|Serperior, F|
|rule|HP Percentage Mod: HP is shown in percentages
|rule|Endless Battle Clause: Forcing endless battles is banned
|teampreview
|inactive|Battle timer is ON: inactive players will automatically lose when time's up. (requested by niun)
|inactive|Fancy Gravy also wants the timer to be on.
|
|t:|1598171601
|start
|switch|p1a: Zacian|Zacian-Crowned|100/100
|switch|p2a: Mamoswine|Mamoswine, M|100/100
|-ability|p1a: Zacian|Intrepid Sword|boost
|-boost|p1a: Zacian|atk|1
|turn|1
|
|t:|1598171611
|move|p1a: Zacian|Substitute|p1a: Zacian
|-start|p1a: Zacian|Substitute
|-damage|p1a: Zacian|76/100
|move|p2a: Mamoswine|Earthquake|p1a: Zacian
|-supereffective|p1a: Zacian
|-crit|p1a: Zacian
|-end|p1a: Zacian|Substitute
|
|upkeep
|turn|2
|
|t:|1598171618
|switch|p1a: Arceus|Arceus-Ghost|100/100
|move|p2a: Mamoswine|Earthquake|p1a: Arceus
|-damage|p1a: Arceus|61/100
|
|upkeep
|turn|3
|
|t:|1598171624
|-zpower|p1a: Arceus
|move|p1a: Arceus|Never-Ending Nightmare|p2a: Mamoswine|[zeffect]
|-enditem|p2a: Mamoswine|Focus Sash
|-damage|p2a: Mamoswine|1/100
|move|p2a: Mamoswine|Stealth Rock|p1a: Arceus
|-sidestart|p1: Fancy Gravy|move: Stealth Rock
|
|upkeep
|turn|4
|
|t:|1598171633
|move|p1a: Arceus|Extreme Speed|p2a: Mamoswine
|-damage|p2a: Mamoswine|0 fnt
|faint|p2a: Mamoswine
|
|upkeep
|
|t:|1598171637
|switch|p2a: Serperior|Serperior, F|100/100
|turn|5
|
|t:|1598171640
|move|p2a: Serperior|Glare|p1a: Arceus
|-status|p1a: Arceus|par
|cant|p1a: Arceus|par
|
|upkeep
|turn|6
|
|t:|1598171645
|move|p2a: Serperior|Reflect|p2a: Serperior
|-sidestart|p2: niun|Reflect
|move|p1a: Arceus|Shadow Force||[still]
|-prepare|p1a: Arceus|Shadow Force
|
|upkeep
|turn|7
|
|t:|1598171653
|move|p2a: Serperior|Light Screen|p2a: Serperior
|-sidestart|p2: niun|move: Light Screen
|move|p1a: Arceus|Shadow Force|p2a: Serperior|[from]lockedmove
|-damage|p2a: Serperior|66/100
|
|upkeep
|turn|8
|
|t:|1598171659
|switch|p2a: Zygarde|Zygarde|100/100
|cant|p1a: Arceus|par
|
|upkeep
|turn|9
|
|t:|1598171664
|move|p2a: Zygarde|Dragon Dance|p2a: Zygarde
|-boost|p2a: Zygarde|atk|1
|-boost|p2a: Zygarde|spe|1
|cant|p1a: Arceus|par
|
|upkeep
|turn|10
|
|t:|1598171669
|move|p2a: Zygarde|Dragon Dance|p2a: Zygarde
|-boost|p2a: Zygarde|atk|1
|-boost|p2a: Zygarde|spe|1
|move|p1a: Arceus|Swords Dance|p1a: Arceus
|-boost|p1a: Arceus|atk|2
|
|upkeep
|turn|11
|
|t:|1598171678
|-start|p2a: Zygarde|Dynamax
|-heal|p2a: Zygarde|100/100|[silent]
|move|p1a: Arceus|Extreme Speed|p2a: Zygarde
|-damage|p2a: Zygarde|89/100
|move|p2a: Zygarde|Max Quake|p1a: Arceus
|-damage|p1a: Arceus|0 fnt
|-boost|p2a: Zygarde|spd|1
|faint|p1a: Arceus
|
|upkeep
|
|t:|1598171682
|switch|p1a: Deoxys|Deoxys-Speed|100/100
|-damage|p1a: Deoxys|88/100|[from] Stealth Rock
|-ability|p1a: Deoxys|Pressure
|turn|12
|
|t:|1598171693
|move|p2a: Zygarde|Max Quake|p1a: Deoxys
|-damage|p1a: Deoxys|0 fnt
|-boost|p2a: Zygarde|spd|1
|faint|p1a: Deoxys
|
|upkeep
|
|t:|1598171699
|switch|p1a: Rayquaza|Rayquaza|100/100
|-damage|p1a: Rayquaza|76/100|[from] Stealth Rock
|-ability|p1a: Rayquaza|Air Lock
|turn|13
|
|t:|1598171707
|detailschange|p1a: Rayquaza|Rayquaza-Mega
|-mega|p1a: Rayquaza|Rayquaza|
|-weather|DeltaStream|[from] ability: Delta Stream|[of] p1a: Rayquaza
|move|p1a: Rayquaza|Extreme Speed|p2a: Zygarde
|-damage|p2a: Zygarde|78/100
|-damage|p1a: Rayquaza|66/100|[from] item: Life Orb
|move|p2a: Zygarde|Max Steelspike|p1a: Rayquaza
|-damage|p1a: Rayquaza|0 fnt
|-boost|p2a: Zygarde|def|1
|faint|p1a: Rayquaza
|-weather|none
|
|-sideend|p2: niun|Reflect
|-end|p2a: Zygarde|Dynamax
|-heal|p2a: Zygarde|78/100|[silent]
|upkeep
|
|t:|1598171712
|switch|p1a: Yveltal|Yveltal|100/100
|-damage|p1a: Yveltal|76/100|[from] Stealth Rock
|-ability|p1a: Yveltal|Dark Aura
|turn|14
|
|t:|1598171725
|-start|p1a: Yveltal|Dynamax
|-heal|p1a: Yveltal|76/100|[silent]
|move|p2a: Zygarde|Thousand Arrows|p1a: Yveltal
|-damage|p1a: Yveltal|42/100
|-start|p1a: Yveltal|Smack Down
|move|p1a: Yveltal|Max Airstream|p2a: Zygarde
|-damage|p2a: Zygarde|52/100
|-boost|p1a: Yveltal|spe|1
|-damage|p1a: Yveltal|37/100|[from] item: Life Orb
|
|-sideend|p2: niun|move: Light Screen
|upkeep
|turn|15
|
|t:|1598171741
|move|p2a: Zygarde|Thousand Arrows|p1a: Yveltal
|-damage|p1a: Yveltal|5/100
|move|p1a: Yveltal|Max Airstream|p2a: Zygarde
|-damage|p2a: Zygarde|2/100
|-boost|p1a: Yveltal|spe|1
|-damage|p1a: Yveltal|0 fnt|[from] item: Life Orb
|faint|p1a: Yveltal
|
|-activate|p2a: Zygarde|ability: Power Construct
|detailschange|p2a: Zygarde|Zygarde-Complete
|-heal|p2a: Zygarde|39/100|[silent]
|upkeep
|
|t:|1598171747
|switch|p1a: Ditto|Ditto|100/100
|-damage|p1a: Ditto|88/100|[from] Stealth Rock
|-transform|p1a: Ditto|p2a: Zygarde|[from] ability: Imposter
|turn|16
|
|t:|1598171760
|move|p1a: Ditto|Thousand Arrows|p2a: Zygarde
|-damage|p2a: Zygarde|12/100
|move|p2a: Zygarde|Thousand Arrows|p1a: Ditto
|-damage|p1a: Ditto|38/100
|
|upkeep
|turn|17
|
|t:|1598171766
|move|p1a: Ditto|Thousand Arrows|p2a: Zygarde
|-damage|p2a: Zygarde|0 fnt
|faint|p2a: Zygarde
|
|upkeep
|
|t:|1598171771
|switch|p2a: Serperior|Serperior, F|66/100
|turn|18
|
|t:|1598171776
|move|p1a: Ditto|Thousand Arrows|p2a: Serperior
|-resisted|p2a: Serperior
|-damage|p2a: Serperior|24/100
|move|p2a: Serperior|Glare|p1a: Ditto
|-status|p1a: Ditto|par
|
|upkeep
|turn|19
|
|t:|1598171782
|cant|p1a: Ditto|par
|move|p2a: Serperior|Reflect|p2a: Serperior
|-sidestart|p2: niun|Reflect
|
|upkeep
|turn|20
|
|t:|1598171786
|cant|p1a: Ditto|par
|move|p2a: Serperior|Leaf Storm|p1a: Ditto
|-damage|p1a: Ditto|17/100 par
|-boost|p2a: Serperior|spa|2
|
|upkeep
|turn|21
|
|t:|1598171815
|cant|p1a: Ditto|par
|move|p2a: Serperior|Leaf Storm|p1a: Ditto
|-damage|p1a: Ditto|0 fnt
|-boost|p2a: Serperior|spa|2
|faint|p1a: Ditto
|
|upkeep
|
|t:|1598171825
|switch|p1a: Zacian|Zacian-Crowned|76/100
|-damage|p1a: Zacian|69/100|[from] Stealth Rock
|-ability|p1a: Zacian|Intrepid Sword|boost
|-boost|p1a: Zacian|atk|1
|turn|22
|
|t:|1598171830
|move|p1a: Zacian|Behemoth Blade|p2a: Serperior
|-damage|p2a: Serperior|0 fnt
|faint|p2a: Serperior
|
|upkeep
|
|t:|1598171836
|switch|p2a: Whimsicott|Whimsicott, M|100/100
|turn|23
|
|t:|1598171839
|move|p2a: Whimsicott|Tailwind|p2a: Whimsicott
|-sidestart|p2: niun|move: Tailwind
|move|p1a: Zacian|Substitute|p1a: Zacian
|-start|p1a: Zacian|Substitute
|-damage|p1a: Zacian|44/100
|
|upkeep
|turn|24
|
|t:|1598171845
|move|p2a: Whimsicott|Moonblast|p1a: Zacian
|-resisted|p1a: Zacian
|-activate|p1a: Zacian|move: Substitute|[damage]
|move|p1a: Zacian|Behemoth Blade|p2a: Whimsicott
|-supereffective|p2a: Whimsicott
|-enditem|p2a: Whimsicott|Focus Sash
|-damage|p2a: Whimsicott|1/100
|
|upkeep
|turn|25
|
|t:|1598171853
|move|p2a: Whimsicott|Moonblast|p1a: Zacian
|-resisted|p1a: Zacian
|-end|p1a: Zacian|Substitute
|move|p1a: Zacian|Behemoth Blade|p2a: Whimsicott
|-supereffective|p2a: Whimsicott
|-damage|p2a: Whimsicott|0 fnt
|faint|p2a: Whimsicott
|
|upkeep
|j| Yummers mc Stan
|
|t:|1598171861
|switch|p2a: Eevee|Eevee, F|100/100
|-ability|p2a: Eevee|Anticipation
|turn|26
|
|t:|1598171866
|-zpower|p2a: Eevee
|move|p2a: Eevee|Extreme Evoboost|p2a: Eevee
|-boost|p2a: Eevee|atk|2
|-boost|p2a: Eevee|def|2
|-boost|p2a: Eevee|spa|2
|-boost|p2a: Eevee|spd|2
|-boost|p2a: Eevee|spe|2
|move|p1a: Zacian|Substitute|p1a: Zacian
|-start|p1a: Zacian|Substitute
|-damage|p1a: Zacian|20/100
|
|-sideend|p2: niun|Reflect
|-sideend|p2: niun|move: Tailwind
|upkeep
|turn|27
|
|t:|1598171877
|move|p2a: Eevee|Baton Pass|p2a: Eevee
|
|t:|1598171878
|switch|p2a: Espeon|Espeon, M|100/100|[from]move: Baton Pass
|move|p1a: Zacian|Behemoth Blade|p2a: Espeon
|-damage|p2a: Espeon|45/100
|
|upkeep
|turn|28
|c| Yummers mc Stan|Goat
|
|t:|1598171887
|move|p2a: Espeon|Stored Power|p1a: Zacian
|-resisted|p1a: Zacian
|-end|p1a: Zacian|Substitute
|move|p1a: Zacian|Behemoth Blade|p2a: Espeon
|-damage|p2a: Espeon|0 fnt
|faint|p2a: Espeon
|
|upkeep
|-message|niun forfeited.
|
|win|Fancy Gravy
|l|☆niun
