|j|☆ArceusMaliciousJR
|j|☆2bfr33
|player|p1|ArceusMaliciousJR|steven|1721
|player|p2|2bfr33|sabrina-gen2|1732
|teamsize|p1|6
|teamsize|p2|6
|gametype|singles
|gen|8
|tier|[Gen 8] National Dex AG
|rated|
|clearpoke
|poke|p1|Mewtwo|
|poke|p1|Smeargle, M|
|poke|p1|Zacian-Crowned|
|poke|p1|Necrozma-Dusk-Mane|
|poke|p1|Arceus-*|
|poke|p1|Xerneas|
|poke|p2|Landorus-Therian, M|
|poke|p2|Zacian-Crowned|
|poke|p2|Arceus-*|
|poke|p2|Smeargle, M|
|poke|p2|Kartana|
|poke|p2|Rayquaza|
|rule|HP Percentage Mod: HP is shown in percentages
|rule|Endless Battle Clause: Forcing endless battles is banned
|teampreview
|inactive|Battle timer is ON: inactive players will automatically lose when time's up. (requested by 2bfr33)
|j| jeejee
|
|start
|switch|p1a: Zacian|Zacian-Crowned|100/100
|switch|p2a: Crusher|Smeargle, M|100/100
|-ability|p1a: Zacian|Intrepid Sword|boost
|-boost|p1a: Zacian|atk|1
|turn|1
|
|move|p1a: Zacian|Substitute|p1a: Zacian
|-start|p1a: Zacian|Substitute
|-damage|p1a: Zacian|76/100
|move|p2a: Crusher|Nuzzle|p1a: Zacian
|-activate|p1a: Zacian|move: Substitute|[damage]
|
|-ability|p2a: Crusher|Moody|boost
|-boost|p2a: Crusher|atk|2
|-unboost|p2a: Crusher|spd|1
|upkeep
|turn|2
|
|move|p1a: Zacian|Crunch|p2a: Crusher
|-enditem|p2a: Crusher|Focus Sash
|-damage|p2a: Crusher|1/100
|move|p2a: Crusher|Sticky Web|p1a: Zacian
|-sidestart|p1: ArceusMaliciousJR|move: Sticky Web
|
|-ability|p2a: Crusher|Moody|boost
|-boost|p2a: Crusher|spd|2
|-unboost|p2a: Crusher|spe|1
|upkeep
|turn|3
|
|move|p1a: Zacian|Crunch|p2a: Crusher
|-damage|p2a: Crusher|0 fnt
|faint|p2a: Crusher
|
|upkeep
|
|switch|p2a: Defiler|Arceus-Water|100/100
|turn|4
|
|move|p1a: Zacian|Close Combat|p2a: Defiler
|-crit|p2a: Defiler
|-damage|p2a: Defiler|21/100
|-unboost|p1a: Zacian|def|1
|-unboost|p1a: Zacian|spd|1
|move|p2a: Defiler|Stealth Rock|p1a: Zacian
|-sidestart|p1: ArceusMaliciousJR|move: Stealth Rock
|
|upkeep
|turn|5
|
|move|p1a: Zacian|Crunch|p2a: Defiler
|-damage|p2a: Defiler|0 fnt
|faint|p2a: Defiler
|
|upkeep
|
|switch|p2a: Violator|Landorus-Therian, M|100/100
|-ability|p2a: Violator|Intimidate|boost
|-immune|p1a: Zacian
|turn|6
|
|move|p1a: Zacian|Behemoth Blade|p2a: Violator
|-damage|p2a: Violator|0 fnt
|faint|p2a: Violator
|
|upkeep
|
|switch|p2a: Eviscerator|Zacian-Crowned|100/100
|-ability|p2a: Eviscerator|Intrepid Sword|boost
|-boost|p2a: Eviscerator|atk|1
|turn|7
|
|move|p1a: Zacian|Behemoth Blade|p2a: Eviscerator
|-damage|p2a: Eviscerator|0 fnt
|faint|p2a: Eviscerator
|
|upkeep
|
|switch|p2a: Desecrator|Rayquaza|100/100
|-ability|p2a: Desecrator|Air Lock
|turn|8
|
|detailschange|p2a: Desecrator|Rayquaza-Mega
|-mega|p2a: Desecrator|Rayquaza|
|-weather|DeltaStream|[from] ability: Delta Stream|[of] p2a: Desecrator
|move|p2a: Desecrator|Extreme Speed|p1a: Zacian
|-resisted|p1a: Zacian
|-end|p1a: Zacian|Substitute
|-damage|p2a: Desecrator|91/100|[from] item: Life Orb
|move|p1a: Zacian|Behemoth Blade|p2a: Desecrator
|-damage|p2a: Desecrator|0 fnt
|faint|p2a: Desecrator
|-weather|none
|
|upkeep
|
|switch|p2a: Mayhem|Kartana|100/100
|turn|9
|
|-start|p2a: Mayhem|Dynamax
|-heal|p2a: Mayhem|100/100|[silent]
|move|p1a: Zacian|Close Combat|p2a: Mayhem
|-supereffective|p2a: Mayhem
|-damage|p2a: Mayhem|17/100
|-unboost|p1a: Zacian|def|1
|-unboost|p1a: Zacian|spd|1
|move|p2a: Mayhem|Max Steelspike|p1a: Zacian
|-damage|p1a: Zacian|0 fnt
|-boost|p2a: Mayhem|def|1
|-damage|p2a: Mayhem|12/100|[from] item: Life Orb
|faint|p1a: Zacian
|-ability|p2a: Mayhem|Beast Boost|boost
|-boost|p2a: Mayhem|atk|1
|
|upkeep
|-message|2bfr33 forfeited.
|
|win|ArceusMaliciousJR
|l|☆2bfr33
|raw|ArceusMaliciousJR's rating: 1721 &rarr; <strong>1741</strong><br />(+20 for winning)
|raw|2bfr33's rating: 1732 &rarr; <strong>1711</strong><br />(-21 for losing)
