|j|☆wheelien
|j|☆Sidra1234
|player|p1|wheelien|214|1455
|player|p2|Sidra1234|169|1462
|teamsize|p1|6
|teamsize|p2|6
|gametype|singles
|gen|8
|tier|[Gen 8] National Dex AG
|rated|
|clearpoke
|poke|p1|Arceus-*|
|poke|p1|Arceus-*|
|poke|p1|Arceus-*|
|poke|p1|Arceus-*|
|poke|p1|Arceus-*|
|poke|p1|Arceus-*|
|poke|p2|Yveltal|
|poke|p2|Rayquaza|
|poke|p2|Thundurus, M|
|poke|p2|Landorus, M|
|poke|p2|Ho-Oh|
|poke|p2|Skarmory, M|
|rule|HP Percentage Mod: HP is shown in percentages
|rule|Endless Battle Clause: Forcing endless battles is banned
|teampreview
|
|start
|switch|p1a: Love|Arceus|100/100
|switch|p2a: Yveltal|Yveltal|100/100
|-ability|p2a: Yveltal|Dark Aura
|turn|1
|
|-start|p2a: Yveltal|Dynamax
|-heal|p2a: Yveltal|100/100|[silent]
|move|p1a: Love|Stealth Rock|p2a: Yveltal
|-sidestart|p2: Sidra1234|move: Stealth Rock
|move|p2a: Yveltal|Max Darkness|p1a: Love
|-damage|p1a: Love|20/100
|-unboost|p1a: Love|spd|1
|-damage|p2a: Yveltal|96/100|[from] item: Life Orb
|
|upkeep
|turn|2
|
|move|p1a: Love|Light Screen|p1a: Love
|-sidestart|p1: wheelien|move: Light Screen
|move|p2a: Yveltal|Max Airstream|p1a: Love
|-damage|p1a: Love|0 fnt
|-boost|p2a: Yveltal|spe|1
|-damage|p2a: Yveltal|91/100|[from] item: Life Orb
|faint|p1a: Love
|
|upkeep
|
|switch|p1a: Sacrifice|Arceus|100/100
|turn|3
|
|move|p2a: Yveltal|Max Airstream|p1a: Sacrifice
|-damage|p1a: Sacrifice|69/100
|-boost|p2a: Yveltal|spe|1
|-damage|p2a: Yveltal|86/100|[from] item: Life Orb
|move|p1a: Sacrifice|Swords Dance|p1a: Sacrifice
|-boost|p1a: Sacrifice|atk|2
|
|-end|p2a: Yveltal|Dynamax
|-heal|p2a: Yveltal|86/100|[silent]
|upkeep
|turn|4
|
|move|p2a: Yveltal|Oblivion Wing|p1a: Sacrifice
|-damage|p1a: Sacrifice|48/100
|-heal|p2a: Yveltal|100/100|[from] drain|[of] p1a: Sacrifice
|-damage|p2a: Yveltal|91/100|[from] item: Life Orb
|move|p1a: Sacrifice|Swords Dance|p1a: Sacrifice
|-boost|p1a: Sacrifice|atk|2
|
|upkeep
|turn|5
|
|move|p1a: Sacrifice|Extreme Speed|p2a: Yveltal
|-damage|p2a: Yveltal|0 fnt
|faint|p2a: Yveltal
|
|upkeep
|
|switch|p2a: Skarmory|Skarmory, M|100/100
|-damage|p2a: Skarmory|88/100|[from] Stealth Rock
|turn|6
|
|move|p1a: Sacrifice|Shadow Claw|p2a: Skarmory
|-damage|p2a: Skarmory|44/100
|move|p2a: Skarmory|Whirlwind|p1a: Sacrifice
|drag|p1a: Judgment|Arceus|100/100
|
|-heal|p2a: Skarmory|50/100|[from] item: Leftovers
|upkeep
|turn|7
|
|switch|p1a: Patience|Arceus|100/100
|move|p2a: Skarmory|Spikes|p1a: Patience
|-sidestart|p1: wheelien|Spikes
|
|-heal|p2a: Skarmory|56/100|[from] item: Leftovers
|upkeep
|turn|8
|
|move|p1a: Patience|Shadow Ball|p2a: Skarmory
|-damage|p2a: Skarmory|18/100
|move|p2a: Skarmory|Whirlwind|p1a: Patience
|drag|p1a: Judgment|Arceus|100/100
|-damage|p1a: Judgment|88/100|[from] Spikes
|
|-heal|p2a: Skarmory|24/100|[from] item: Leftovers
|upkeep
|turn|9
|
|move|p1a: Judgment|Shadow Claw|p2a: Skarmory
|-damage|p2a: Skarmory|10/100
|move|p2a: Skarmory|Spikes|p1a: Judgment
|-sidestart|p1: wheelien|Spikes
|
|-heal|p2a: Skarmory|16/100|[from] item: Leftovers
|-sideend|p1: wheelien|move: Light Screen
|upkeep
|turn|10
|
|move|p1a: Judgment|Shadow Claw|p2a: Skarmory
|-damage|p2a: Skarmory|1/100
|move|p2a: Skarmory|Roost|p2a: Skarmory
|-heal|p2a: Skarmory|52/100
|-singleturn|p2a: Skarmory|move: Roost
|
|-heal|p2a: Skarmory|58/100|[from] item: Leftovers
|upkeep
|turn|11
|
|switch|p1a: Patience|Arceus|100/100
|-damage|p1a: Patience|84/100|[from] Spikes
|switch|p2a: Ho-Oh|Ho-Oh|100/100
|
|upkeep
|turn|12
|
|move|p1a: Patience|Thunder Wave|p2a: Ho-Oh
|-status|p2a: Ho-Oh|par
|move|p2a: Ho-Oh|Defog|p1a: Patience
|-unboost|p1a: Patience|evasion|1
|-sideend|p1: wheelien|Spikes|[from] move: Defog|[of] p2a: Ho-Oh
|-sideend|p2: Sidra1234|Stealth Rock|[from] move: Defog|[of] p2a: Ho-Oh
|
|upkeep
|turn|13
|
|switch|p1a: Sacrifice|Arceus|48/100
|move|p2a: Ho-Oh|Toxic|p1a: Sacrifice
|-status|p1a: Sacrifice|tox
|
|-damage|p1a: Sacrifice|42/100 tox|[from] psn
|upkeep
|turn|14
|
|move|p2a: Ho-Oh|Protect|p2a: Ho-Oh
|-singleturn|p2a: Ho-Oh|Protect
|move|p1a: Sacrifice|Swords Dance|p1a: Sacrifice
|-boost|p1a: Sacrifice|atk|2
|
|-damage|p1a: Sacrifice|30/100 tox|[from] psn
|upkeep
|turn|15
|
|move|p1a: Sacrifice|Extreme Speed|p2a: Ho-Oh
|-crit|p2a: Ho-Oh
|-damage|p2a: Ho-Oh|4/100 par
|move|p2a: Ho-Oh|Sacred Fire|p1a: Sacrifice
|-damage|p1a: Sacrifice|3/100 tox
|
|-damage|p1a: Sacrifice|0 fnt|[from] psn
|faint|p1a: Sacrifice
|upkeep
|
|switch|p1a: Persecution|Arceus|100/100
|turn|16
|
|switch|p2a: Rayquaza|Rayquaza|100/100
|-ability|p2a: Rayquaza|Air Lock
|move|p1a: Persecution|Swords Dance|p1a: Persecution
|-boost|p1a: Persecution|atk|2
|
|upkeep
|turn|17
|
|detailschange|p2a: Rayquaza|Rayquaza-Mega
|-mega|p2a: Rayquaza|Rayquaza|
|-weather|DeltaStream|[from] ability: Delta Stream|[of] p2a: Rayquaza
|-start|p1a: Persecution|Dynamax
|-heal|p1a: Persecution|100/100|[silent]
|move|p1a: Persecution|Max Strike|p2a: Rayquaza
|-damage|p2a: Rayquaza|0 fnt
|-damage|p1a: Persecution|96/100|[from] item: Life Orb
|faint|p2a: Rayquaza
|-weather|none
|
|upkeep
|
|switch|p2a: Landorus|Landorus, M|100/100
|turn|18
|
|move|p1a: Persecution|Max Strike|p2a: Landorus
|-damage|p2a: Landorus|0 fnt
|-damage|p1a: Persecution|91/100|[from] item: Life Orb
|faint|p2a: Landorus
|
|upkeep
|
|switch|p2a: Thundurus|Thundurus, M|100/100
|turn|19
|
|move|p2a: Thundurus|Thunder Wave|p1a: Persecution
|-status|p1a: Persecution|par
|move|p1a: Persecution|Max Strike|p2a: Thundurus
|-damage|p2a: Thundurus|0 fnt
|-damage|p1a: Persecution|86/100 par|[from] item: Life Orb
|faint|p2a: Thundurus
|
|-end|p1a: Persecution|Dynamax
|-heal|p1a: Persecution|86/100 par|[silent]
|upkeep
|
|switch|p2a: Skarmory|Skarmory, M|58/100
|turn|20
|
|move|p1a: Persecution|Facade|p2a: Skarmory
|-resisted|p2a: Skarmory
|-damage|p2a: Skarmory|9/100
|-damage|p1a: Persecution|76/100 par|[from] item: Life Orb
|move|p2a: Skarmory|Spikes|p1a: Persecution
|-sidestart|p1: wheelien|Spikes
|
|-heal|p2a: Skarmory|15/100|[from] item: Leftovers
|upkeep
|turn|21
|l|☆Sidra1234
|player|p2|
|inactive|Battle timer is ON: inactive players will automatically lose when time's up. (requested by wheelien)
|inactive|Sidra1234 has 30 seconds to reconnect!
|inactive|Sidra1234 has 20 seconds to reconnect!
|inactive|Sidra1234 has 15 seconds to reconnect!
|inactive|Sidra1234 has 10 seconds to reconnect!
|inactive|Sidra1234 has 5 seconds to reconnect!
|-message|Sidra1234 lost due to inactivity.
|
|win|wheelien
|raw|wheelien's rating: 1455 &rarr; <strong>1475</strong><br />(+20 for winning)
|raw|Sidra1234's rating: 1447 &rarr; <strong>1427</strong><br />(-20 for losing)
