|j|☆Jamalquavious
|j|☆Defensive0
|t:|1668145526
|gametype|singles
|player|p1|Jamalquavious|proton|1720
|player|p2|Defensive0|riley|1956
|teamsize|p1|6
|teamsize|p2|6
|gen|8
|tier|[Gen 8] National Dex AG
|rated|
|rule|HP Percentage Mod: HP is shown in percentages
|rule|Endless Battle Clause: Forcing endless battles is banned
|clearpoke
|poke|p1|Rayquaza|
|poke|p1|Necrozma-Dusk-Mane|
|poke|p1|Ditto|
|poke|p1|Calyrex-Shadow|
|poke|p1|Yveltal|
|poke|p1|Aron, L1, F|
|poke|p2|Kyogre|
|poke|p2|Ditto|
|poke|p2|Xerneas-*|
|poke|p2|Arceus-*|
|poke|p2|Arceus-*|
|poke|p2|Necrozma-Dusk-Mane|
|teampreview
|inactive|Battle timer is ON: inactive players will automatically lose when time's up. (requested by Jamalquavious)
|inactive|Defensive0 also wants the timer to be on.
|
|t:|1668145542
|start
|switch|p1a: Aron|Aron, L1, F|100/100
|switch|p2a: Kyogre|Kyogre|100/100
|detailschange|p2a: Kyogre|Kyogre-Primal
|-primal|p2a: Kyogre
|-weather|PrimordialSea|[from] ability: Primordial Sea|[of] p2a: Kyogre
|turn|1
|
|t:|1668145548
|-weather|none
|switch|p2a: Necrozma|Necrozma-Dusk-Mane|100/100
|move|p1a: Aron|Endeavor|p2a: Necrozma
|-damage|p2a: Necrozma|4/100
|-damage|p1a: Aron|84/100|[from] item: Rocky Helmet|[of] p2a: Necrozma
|-heal|p1a: Aron|100/100|[from] item: Shell Bell|[of] p2a: Necrozma
|
|upkeep
|turn|2
|
|t:|1668145558
|switch|p1a: Idk groudon ugly|Necrozma-Dusk-Mane|100/100
|move|p2a: Necrozma|Stealth Rock|p1a: Idk groudon ugly
|-sidestart|p1: Jamalquavious|move: Stealth Rock
|
|upkeep
|turn|3
|
|t:|1668145561
|move|p1a: Idk groudon ugly|Stealth Rock|p2a: Necrozma
|-sidestart|p2: Defensive0|move: Stealth Rock
|move|p2a: Necrozma|Morning Sun|p2a: Necrozma
|-heal|p2a: Necrozma|54/100
|
|upkeep
|turn|4
|
|t:|1668145563
|move|p1a: Idk groudon ugly|Thunder Wave|p2a: Necrozma
|-status|p2a: Necrozma|par
|move|p2a: Necrozma|Thunder Wave|p1a: Idk groudon ugly
|-status|p1a: Idk groudon ugly|par
|
|upkeep
|turn|5
|
|t:|1668145567
|switch|p1a: Aron|Aron, L1, F|100/100
|-damage|p1a: Aron|92/100|[from] Stealth Rock
|move|p2a: Necrozma|Morning Sun|p2a: Necrozma
|-heal|p2a: Necrozma|100/100 par
|
|upkeep
|turn|6
|
|t:|1668145570
|cant|p2a: Necrozma|par
|move|p1a: Aron|Endeavor|p2a: Necrozma
|-damage|p2a: Necrozma|3/100 par
|-damage|p1a: Aron|75/100|[from] item: Rocky Helmet|[of] p2a: Necrozma
|-heal|p1a: Aron|100/100|[from] item: Shell Bell|[of] p2a: Necrozma
|
|upkeep
|turn|7
|
|t:|1668145574
|move|p2a: Necrozma|Morning Sun|p2a: Necrozma
|-heal|p2a: Necrozma|53/100 par
|move|p1a: Aron|Roar|p2a: Necrozma
|drag|p2a: Xerneas|Xerneas, shiny|100/100
|-damage|p2a: Xerneas|88/100|[from] Stealth Rock
|-ability|p2a: Xerneas|Fairy Aura
|
|upkeep
|turn|8
|
|t:|1668145581
|switch|p2a: Necrozma|Necrozma-Dusk-Mane|53/100 par
|-damage|p2a: Necrozma|47/100 par|[from] Stealth Rock
|move|p1a: Aron|Endeavor|p2a: Necrozma
|-damage|p2a: Necrozma|4/100 par
|-damage|p1a: Aron|84/100|[from] item: Rocky Helmet|[of] p2a: Necrozma
|-heal|p1a: Aron|100/100|[from] item: Shell Bell|[of] p2a: Necrozma
|
|upkeep
|turn|9
|
|t:|1668145584
|cant|p2a: Necrozma|par
|move|p1a: Aron|Roar|p2a: Necrozma
|drag|p2a: Arceus|Arceus-Steel|100/100
|-damage|p2a: Arceus|94/100|[from] Stealth Rock
|
|upkeep
|turn|10
|
|t:|1668145590
|switch|p2a: Necrozma|Necrozma-Dusk-Mane|4/100 par
|-damage|p2a: Necrozma|0 fnt|[from] Stealth Rock
|faint|p2a: Necrozma
|move|p1a: Aron|Endeavor|p2: Necrozma|[notarget]
|-fail|p1a: Aron
|
|upkeep
|
|t:|1668145598
|switch|p2a: Arceus|Arceus|100/100
|-damage|p2a: Arceus|88/100|[from] Stealth Rock
|turn|11
|
|t:|1668145603
|move|p2a: Arceus|Swords Dance|p2a: Arceus
|-boost|p2a: Arceus|atk|2
|move|p1a: Aron|Endeavor|p2a: Arceus
|-damage|p2a: Arceus|3/100
|
|upkeep
|turn|12
|
|t:|1668145609
|move|p2a: Arceus|Recover|p2a: Arceus
|-heal|p2a: Arceus|53/100
|move|p1a: Aron|Roar|p2a: Arceus
|drag|p2a: Arceus|Arceus-Steel|94/100
|-damage|p2a: Arceus|88/100|[from] Stealth Rock
|
|upkeep
|turn|13
|
|t:|1668145617
|switch|p2a: Arceus|Arceus|53/100
|-damage|p2a: Arceus|41/100|[from] Stealth Rock
|move|p1a: Aron|Endeavor|p2a: Arceus
|-damage|p2a: Arceus|3/100
|
|upkeep
|turn|14
|
|t:|1668145620
|move|p2a: Arceus|Recover|p2a: Arceus
|-heal|p2a: Arceus|53/100
|move|p1a: Aron|Toxic|p2a: Arceus
|-status|p2a: Arceus|tox
|-enditem|p2a: Arceus|Lum Berry|[eat]
|-curestatus|p2a: Arceus|tox|[msg]
|
|upkeep
|turn|15
|
|t:|1668145624
|move|p2a: Arceus|Recover|p2a: Arceus
|-heal|p2a: Arceus|100/100
|move|p1a: Aron|Endeavor|p2a: Arceus
|-damage|p2a: Arceus|3/100
|
|upkeep
|turn|16
|
|t:|1668145628
|move|p2a: Arceus|Recover|p2a: Arceus
|-heal|p2a: Arceus|53/100
|move|p1a: Aron|Roar|p2a: Arceus
|drag|p2a: Arceus|Arceus-Steel|88/100
|-damage|p2a: Arceus|82/100|[from] Stealth Rock
|
|upkeep
|turn|17
|
|t:|1668145635
|move|p2a: Arceus|Calm Mind|p2a: Arceus
|-boost|p2a: Arceus|spa|1
|-boost|p2a: Arceus|spd|1
|move|p1a: Aron|Endeavor|p2a: Arceus
|-damage|p2a: Arceus|3/100
|
|upkeep
|turn|18
|
|t:|1668145638
|move|p2a: Arceus|Recover|p2a: Arceus
|-heal|p2a: Arceus|53/100
|move|p1a: Aron|Roar|p2a: Arceus
|drag|p2a: Ditto|Ditto, shiny|100/100
|-damage|p2a: Ditto|88/100|[from] Stealth Rock
|-transform|p2a: Ditto|p1a: Aron|[from] ability: Imposter
|
|upkeep
|turn|19
|
|t:|1668145646
|move|p2a: Ditto|Roar|p1a: Aron
|drag|p1a: FUCK GROUDON|Rayquaza|100/100
|-damage|p1a: FUCK GROUDON|76/100|[from] Stealth Rock
|-ability|p1a: FUCK GROUDON|Air Lock
|
|upkeep
|turn|20
|inactive|Defensive0 has 120 seconds left.
|
|t:|1668145683
|switch|p2a: Kyogre|Kyogre-Primal|100/100
|-damage|p2a: Kyogre|88/100|[from] Stealth Rock
|-weather|PrimordialSea|[from] ability: Primordial Sea|[of] p2a: Kyogre
|detailschange|p1a: FUCK GROUDON|Rayquaza-Mega
|-mega|p1a: FUCK GROUDON|Rayquaza|
|-weather|DeltaStream|[from] ability: Delta Stream|[of] p1a: FUCK GROUDON
|move|p1a: FUCK GROUDON|Dragon Ascent|p2a: Kyogre
|-damage|p2a: Kyogre|0 fnt
|-unboost|p1a: FUCK GROUDON|def|1
|-unboost|p1a: FUCK GROUDON|spd|1
|faint|p2a: Kyogre
|-damage|p1a: FUCK GROUDON|66/100|[from] item: Life Orb
|
|-weather|DeltaStream|[upkeep]
|upkeep
|
|t:|1668145692
|switch|p2a: Arceus|Arceus-Steel|53/100
|-damage|p2a: Arceus|47/100|[from] Stealth Rock
|turn|21
|
|t:|1668145698
|-weather|none
|switch|p1a: Aron|Aron, L1, F|100/100
|-damage|p1a: Aron|92/100|[from] Stealth Rock
|move|p2a: Arceus|Judgment|p1a: Aron
|-damage|p1a: Aron|0 fnt
|faint|p1a: Aron
|
|upkeep
|
|t:|1668145711
|switch|p1a: FUCK GROUDON|Rayquaza-Mega|66/100
|-damage|p1a: FUCK GROUDON|41/100|[from] Stealth Rock
|-weather|DeltaStream|[from] ability: Delta Stream|[of] p1a: FUCK GROUDON
|turn|22
|
|t:|1668145715
|move|p2a: Arceus|Judgment|p1a: FUCK GROUDON
|-damage|p1a: FUCK GROUDON|0 fnt
|faint|p1a: FUCK GROUDON
|-weather|none
|
|upkeep
|
|t:|1668145723
|switch|p1a: Groudon protester|Calyrex-Shadow|100/100
|-ability|p1a: Groudon protester|As One
|-ability|p1a: Groudon protester|Unnerve
|-damage|p1a: Groudon protester|88/100|[from] Stealth Rock
|turn|23
|
|t:|1668145729
|switch|p2a: Arceus|Arceus|53/100
|-damage|p2a: Arceus|41/100|[from] Stealth Rock
|move|p1a: Groudon protester|Substitute|p1a: Groudon protester
|-start|p1a: Groudon protester|Substitute
|-damage|p1a: Groudon protester|63/100
|
|upkeep
|turn|24
|
|t:|1668145733
|move|p1a: Groudon protester|Nasty Plot|p1a: Groudon protester
|-boost|p1a: Groudon protester|spa|2
|move|p2a: Arceus|Recover|p2a: Arceus
|-heal|p2a: Arceus|91/100
|
|upkeep
|turn|25
|
|t:|1668145735
|move|p1a: Groudon protester|Draining Kiss|p2a: Arceus
|-damage|p2a: Arceus|53/100
|-heal|p1a: Groudon protester|99/100|[from] drain|[of] p2a: Arceus
|-damage|p1a: Groudon protester|90/100|[from] item: Life Orb
|move|p2a: Arceus|Shadow Claw|p1a: Groudon protester
|-supereffective|p1a: Groudon protester
|-end|p1a: Groudon protester|Substitute
|
|upkeep
|turn|26
|
|t:|1668145740
|switch|p1a: Idk groudon ugly|Necrozma-Dusk-Mane|100/100 par
|-damage|p1a: Idk groudon ugly|94/100 par|[from] Stealth Rock
|move|p2a: Arceus|Shadow Claw|p1a: Idk groudon ugly
|-supereffective|p1a: Idk groudon ugly
|-crit|p1a: Idk groudon ugly
|-damage|p1a: Idk groudon ugly|64/100 par
|-damage|p2a: Arceus|37/100|[from] item: Rocky Helmet|[of] p1a: Idk groudon ugly
|
|upkeep
|turn|27
|
|t:|1668145744
|move|p2a: Arceus|Recover|p2a: Arceus
|-heal|p2a: Arceus|87/100
|move|p1a: Idk groudon ugly|Thunder Wave|p2a: Arceus
|-status|p2a: Arceus|par
|
|upkeep
|turn|28
|
|t:|1668145753
|move|p2a: Arceus|Swords Dance|p2a: Arceus
|-boost|p2a: Arceus|atk|2
|move|p1a: Idk groudon ugly|Moonlight|p1a: Idk groudon ugly
|-heal|p1a: Idk groudon ugly|100/100 par
|
|upkeep
|turn|29
|
|t:|1668145755
|move|p2a: Arceus|Shadow Claw|p1a: Idk groudon ugly
|-supereffective|p1a: Idk groudon ugly
|-damage|p1a: Idk groudon ugly|58/100 par
|-damage|p2a: Arceus|70/100 par|[from] item: Rocky Helmet|[of] p1a: Idk groudon ugly
|move|p1a: Idk groudon ugly|Iron Head|p2a: Arceus
|-damage|p2a: Arceus|41/100 par
|
|upkeep
|turn|30
|
|t:|1668145759
|move|p2a: Arceus|Recover|p2a: Arceus
|-heal|p2a: Arceus|91/100 par
|move|p1a: Idk groudon ugly|Moonlight|p1a: Idk groudon ugly
|-heal|p1a: Idk groudon ugly|100/100 par
|
|upkeep
|turn|31
|
|t:|1668145762
|move|p2a: Arceus|Shadow Claw|p1a: Idk groudon ugly
|-supereffective|p1a: Idk groudon ugly
|-damage|p1a: Idk groudon ugly|59/100 par
|-damage|p2a: Arceus|74/100 par|[from] item: Rocky Helmet|[of] p1a: Idk groudon ugly
|move|p1a: Idk groudon ugly|Iron Head|p2a: Arceus
|-damage|p2a: Arceus|49/100 par
|
|upkeep
|turn|32
|
|t:|1668145766
|move|p2a: Arceus|Recover|p2a: Arceus
|-heal|p2a: Arceus|99/100 par
|move|p1a: Idk groudon ugly|Iron Head|p2a: Arceus
|-damage|p2a: Arceus|71/100 par
|
|upkeep
|turn|33
|
|t:|1668145769
|move|p2a: Arceus|Shadow Claw|p1a: Idk groudon ugly
|-supereffective|p1a: Idk groudon ugly
|-damage|p1a: Idk groudon ugly|15/100 par
|-damage|p2a: Arceus|55/100 par|[from] item: Rocky Helmet|[of] p1a: Idk groudon ugly
|cant|p1a: Idk groudon ugly|par
|
|upkeep
|turn|34
|
|t:|1668145776
|move|p2a: Arceus|Recover|p2a: Arceus
|-heal|p2a: Arceus|100/100 par
|move|p1a: Idk groudon ugly|Moonlight|p1a: Idk groudon ugly
|-heal|p1a: Idk groudon ugly|65/100 par
|
|upkeep
|turn|35
|
|t:|1668145780
|move|p2a: Arceus|Shadow Claw|p1a: Idk groudon ugly
|-supereffective|p1a: Idk groudon ugly
|-damage|p1a: Idk groudon ugly|27/100 par
|-damage|p2a: Arceus|84/100 par|[from] item: Rocky Helmet|[of] p1a: Idk groudon ugly
|move|p1a: Idk groudon ugly|Moonlight|p1a: Idk groudon ugly
|-heal|p1a: Idk groudon ugly|77/100 par
|
|upkeep
|turn|36
|
|t:|1668145785
|move|p2a: Arceus|Shadow Claw|p1a: Idk groudon ugly
|-supereffective|p1a: Idk groudon ugly
|-damage|p1a: Idk groudon ugly|33/100 par
|-damage|p2a: Arceus|67/100 par|[from] item: Rocky Helmet|[of] p1a: Idk groudon ugly
|move|p1a: Idk groudon ugly|Iron Head|p2a: Arceus
|-damage|p2a: Arceus|40/100 par
|
|upkeep
|turn|37
|
|t:|1668145789
|move|p2a: Arceus|Recover|p2a: Arceus
|-heal|p2a: Arceus|90/100 par
|cant|p1a: Idk groudon ugly|par
|
|upkeep
|turn|38
|
|t:|1668145792
|move|p2a: Arceus|Shadow Claw|p1a: Idk groudon ugly
|-supereffective|p1a: Idk groudon ugly
|-damage|p1a: Idk groudon ugly|0 fnt
|-damage|p2a: Arceus|73/100 par|[from] item: Rocky Helmet|[of] p1a: Idk groudon ugly
|faint|p1a: Idk groudon ugly
|
|upkeep
|
|t:|1668145799
|switch|p1a: Just hates groudon|Ditto, shiny|100/100
|-damage|p1a: Just hates groudon|88/100|[from] Stealth Rock
|-transform|p1a: Just hates groudon|p2a: Arceus|[from] ability: Imposter
|turn|39
|
|t:|1668145807
|switch|p1a: Groudon protester|Calyrex-Shadow|90/100
|-ability|p1a: Groudon protester|As One
|-ability|p1a: Groudon protester|Unnerve
|-damage|p1a: Groudon protester|78/100|[from] Stealth Rock
|move|p2a: Arceus|Extreme Speed|p1a: Groudon protester
|-immune|p1a: Groudon protester
|
|upkeep
|turn|40
|
|t:|1668145815
|switch|p1a: Just hates groudon|Ditto, shiny|88/100
|-damage|p1a: Just hates groudon|76/100|[from] Stealth Rock
|-transform|p1a: Just hates groudon|p2a: Arceus|[from] ability: Imposter
|move|p2a: Arceus|Shadow Claw|p1a: Just hates groudon
|-immune|p1a: Just hates groudon
|
|upkeep
|turn|41
|
|t:|1668145822
|-start|p1a: Just hates groudon|Dynamax|
|-heal|p1a: Just hates groudon|76/100|[silent]
|move|p2a: Arceus|Extreme Speed|p1a: Just hates groudon
|-damage|p1a: Just hates groudon|34/100
|move|p1a: Just hates groudon|Max Strike|p2a: Arceus
|-damage|p2a: Arceus|0 fnt
|faint|p2a: Arceus
|
|upkeep
|
|t:|1668145831
|switch|p2a: Arceus|Arceus-Steel|47/100
|-damage|p2a: Arceus|41/100|[from] Stealth Rock
|turn|42
|
|t:|1668145837
|switch|p2a: Ditto|Ditto, shiny|88/100
|-damage|p2a: Ditto|76/100|[from] Stealth Rock
|move|p1a: Just hates groudon|Max Guard||[still]
|-fail|p1a: Just hates groudon
|
|upkeep
|turn|43
|
|t:|1668145842
|move|p1a: Just hates groudon|Max Strike|p2a: Ditto
|-damage|p2a: Ditto|0 fnt
|faint|p2a: Ditto
|
|upkeep
|
|t:|1668145854
|switch|p2a: Arceus|Arceus-Steel|41/100
|-damage|p2a: Arceus|35/100|[from] Stealth Rock
|-end|p1a: Just hates groudon|Dynamax
|-heal|p1a: Just hates groudon|34/100|[silent]
|turn|44
|
|t:|1668145856
|move|p1a: Just hates groudon|Shadow Claw|p2a: Arceus
|-damage|p2a: Arceus|0 fnt
|faint|p2a: Arceus
|
|upkeep
|
|t:|1668145859
|switch|p2a: Xerneas|Xerneas, shiny|88/100
|-damage|p2a: Xerneas|76/100|[from] Stealth Rock
|-ability|p2a: Xerneas|Fairy Aura
|turn|45
|c|☆Jamalquavious|Gg
|
|t:|1668145864
|move|p1a: Just hates groudon|Shadow Claw|p2a: Xerneas
|-damage|p2a: Xerneas|39/100
|move|p2a: Xerneas|Geomancy||[still]
|-prepare|p2a: Xerneas|Geomancy
|-enditem|p2a: Xerneas|Power Herb
|-anim|p2a: Xerneas|Geomancy|p2a: Xerneas
|-boost|p2a: Xerneas|spa|2
|-boost|p2a: Xerneas|spd|2
|-boost|p2a: Xerneas|spe|2
|
|upkeep
|turn|46
|inactive|Jamalquavious has 120 seconds left.
|c|☆Defensive0|Gg
|
|t:|1668145911
|move|p2a: Xerneas|Draining Kiss|p1a: Just hates groudon
|-damage|p1a: Just hates groudon|0 fnt
|-heal|p2a: Xerneas|56/100|[from] drain|[of] p1a: Just hates groudon
|faint|p1a: Just hates groudon
|
|upkeep
|
|t:|1668145914
|switch|p1a: Groudon protester|Calyrex-Shadow|78/100
|-ability|p1a: Groudon protester|As One
|-ability|p1a: Groudon protester|Unnerve
|-damage|p1a: Groudon protester|65/100|[from] Stealth Rock
|turn|47
|
|t:|1668145942
|-start|p2a: Xerneas|Dynamax|
|-heal|p2a: Xerneas|56/100|[silent]
|move|p2a: Xerneas|Max Starfall|p1a: Groudon protester
|-damage|p1a: Groudon protester|0 fnt
|-fieldstart|move: Misty Terrain
|faint|p1a: Groudon protester
|
|upkeep
|inactive|Jamalquavious has 90 seconds left.
|-message|Jamalquavious forfeited.
|
|win|Defensive0
|raw|Jamalquavious's rating: 1720 &rarr; <strong>1712</strong><br />(-8 for losing)
|raw|Defensive0's rating: 1956 &rarr; <strong>1964</strong><br />(+8 for winning)
|l|☆Jamalquavious
