|j|☆PASBMST
|j|☆Kamikasero
|t:|1662581601
|gametype|singles
|player|p1|PASBMST|psychic-gen4|1403
|player|p2|Kamikasero|gentleman-gen4|1567
|teamsize|p1|6
|teamsize|p2|6
|gen|8
|tier|[Gen 8] National Dex AG
|rated|
|rule|HP Percentage Mod: HP is shown in percentages
|rule|Endless Battle Clause: Forcing endless battles is banned
|clearpoke
|poke|p1|Mandibuzz, F|
|poke|p1|Chandelure, F|
|poke|p1|Florges-Blue, F|
|poke|p1|Lucario, M|
|poke|p1|Beedrill, F|
|poke|p1|Gliscor, F|
|poke|p2|Melmetal|
|poke|p2|Hatterene, F|
|poke|p2|Melmetal|
|poke|p2|Hatterene, F|
|poke|p2|Melmetal|
|poke|p2|Hatterene, F|
|teampreview
|inactive|Battle timer is ON: inactive players will automatically lose when time's up. (requested by Kamikasero)
|inactive|Kamikasero has 120 seconds left.
|
|t:|1662581659
|start
|switch|p1a: Beedrill|Beedrill, F|100/100
|switch|p2a: Hatterene|Hatterene, F|100/100
|turn|1
|
|t:|1662581665
|detailschange|p1a: Beedrill|Beedrill-Mega, F
|-mega|p1a: Beedrill|Beedrill|Beedrillite
|move|p1a: Beedrill|U-turn|p2a: Hatterene
|-damage|p2a: Hatterene|41/100
|
|t:|1662581672
|switch|p1a: Lucario|Lucario, M|100/100|[from]move: U-turn
|move|p2a: Hatterene|Trick Room|p2a: Hatterene
|-fieldstart|move: Trick Room|[of] p2a: Hatterene
|
|upkeep
|turn|2
|
|t:|1662581675
|move|p1a: Lucario|Extreme Speed|p2a: Hatterene
|-damage|p2a: Hatterene|0 fnt
|faint|p2a: Hatterene
|
|upkeep
|
|t:|1662581679
|switch|p2a: Melmetal|Melmetal|100/100
|turn|3
|
|t:|1662581684
|switch|p1a: Chandelure|Chandelure, F|100/100
|-start|p2a: Melmetal|Dynamax|
|-heal|p2a: Melmetal|100/100|[silent]
|move|p2a: Melmetal|Max Steelspike|p1a: Chandelure
|-resisted|p1a: Chandelure
|-damage|p1a: Chandelure|63/100
|-boost|p2a: Melmetal|def|1
|
|upkeep
|turn|4
|
|t:|1662581693
|switch|p1a: Gliscor|Gliscor, F|100/100
|move|p2a: Melmetal|Max Lightning|p1a: Gliscor
|-immune|p1a: Gliscor
|
|-status|p1a: Gliscor|tox|[from] item: Toxic Orb
|upkeep
|turn|5
|
|t:|1662581699
|switch|p1a: Chandelure|Chandelure, F|63/100
|move|p2a: Melmetal|Max Knuckle|p1a: Chandelure
|-immune|p1a: Chandelure
|
|-fieldend|move: Trick Room
|upkeep
|-end|p2a: Melmetal|Dynamax
|-heal|p2a: Melmetal|100/100|[silent]
|turn|6
|
|t:|1662581704
|move|p1a: Chandelure|Burning Jealousy|p2a: Melmetal
|-supereffective|p2a: Melmetal
|-crit|p2a: Melmetal
|-damage|p2a: Melmetal|0 fnt
|faint|p2a: Melmetal
|
|upkeep
|
|t:|1662581710
|switch|p2a: Hatterene|Hatterene, F|100/100
|turn|7
|
|t:|1662581713
|move|p1a: Chandelure|Shadow Ball|p2a: Hatterene
|-supereffective|p2a: Hatterene
|-damage|p2a: Hatterene|19/100
|move|p2a: Hatterene|Trick Room|p2a: Hatterene
|-fieldstart|move: Trick Room|[of] p2a: Hatterene
|
|upkeep
|turn|8
|
|t:|1662581721
|switch|p1a: Florges|Florges-Blue, F|100/100
|move|p2a: Hatterene|Psychic|p1a: Florges
|-damage|p1a: Florges|74/100
|
|-heal|p1a: Florges|80/100|[from] item: Leftovers
|upkeep
|turn|9
|
|t:|1662581727
|move|p2a: Hatterene|Misty Explosion|p1a: Florges
|-damage|p1a: Florges|52/100
|faint|p2a: Hatterene
|move|p1a: Florges|Wish|p1a: Florges
|
|-heal|p1a: Florges|58/100|[from] item: Leftovers
|upkeep
|
|t:|1662581730
|switch|p2a: Melmetal|Melmetal|100/100
|turn|10
|
|t:|1662581733
|switch|p1a: Chandelure|Chandelure, F|63/100
|move|p2a: Melmetal|Double Iron Bash|p1a: Chandelure
|-resisted|p1a: Chandelure
|-damage|p1a: Chandelure|32/100
|-status|p2a: Melmetal|brn|[from] ability: Flame Body|[of] p1a: Chandelure
|-resisted|p1a: Chandelure
|-damage|p1a: Chandelure|18/100
|-hitcount|p1a: Chandelure|2
|
|-heal|p1a: Chandelure|73/100|[from] move: Wish|[wisher] Florges
|-damage|p2a: Melmetal|94/100 brn|[from] brn
|upkeep
|turn|11
|
|t:|1662581742
|move|p2a: Melmetal|Double Iron Bash|p1a: Chandelure
|-resisted|p1a: Chandelure
|-damage|p1a: Chandelure|59/100
|-resisted|p1a: Chandelure
|-damage|p1a: Chandelure|44/100
|-hitcount|p1a: Chandelure|2
|move|p1a: Chandelure|Burning Jealousy|p2a: Melmetal
|-supereffective|p2a: Melmetal
|-damage|p2a: Melmetal|13/100 brn
|
|-damage|p2a: Melmetal|7/100 brn|[from] brn
|-fieldend|move: Trick Room
|upkeep
|turn|12
|-message|Kamikasero forfeited.
|
|win|PASBMST
|raw|PASBMST's rating: 1403 &rarr; <strong>1432</strong><br />(+29 for winning)
|raw|Kamikasero's rating: 1567 &rarr; <strong>1538</strong><br />(-29 for losing)
|l|☆Kamikasero
||Ladder isn't responding, score probably updated but might not have (Request timeout).
