|j|☆FloomFlooms
|j|☆Sir Balderdash
|t:|1668710897
|gametype|singles
|player|p1|FloomFlooms|flannery|1600
|player|p2|Sir Balderdash|pokemaniac|1685
|teamsize|p1|6
|teamsize|p2|6
|gen|8
|tier|[Gen 8] National Dex AG
|rated|
|rule|HP Percentage Mod: HP is shown in percentages
|rule|Endless Battle Clause: Forcing endless battles is banned
|clearpoke
|poke|p1|Cinccino, F|
|poke|p1|Buzzwole|
|poke|p1|Grimmsnarl, M|
|poke|p1|Smeargle, M|
|poke|p1|Magearna|
|poke|p1|Cinderace, F|
|poke|p2|Arceus-*|
|poke|p2|Calyrex-Shadow|
|poke|p2|Yveltal|
|poke|p2|Arceus-*|
|poke|p2|Necrozma-Dusk-Mane|
|poke|p2|Rayquaza|
|teampreview
|
|t:|1668710914
|start
|switch|p1a: Snarl|Grimmsnarl, M|100/100
|switch|p2a: Anomander Rake|Calyrex-Shadow|100/100
|-ability|p2a: Anomander Rake|As One
|-ability|p2a: Anomander Rake|Unnerve
|turn|1
|
|t:|1668710923
|switch|p2a: Pink God|Arceus-Fairy|100/100
|move|p1a: Snarl|Taunt|p2a: Pink God
|-start|p2a: Pink God|move: Taunt
|
|upkeep
|turn|2
|
|t:|1668710925
|move|p1a: Snarl|Thunder Wave|p2a: Pink God
|-status|p2a: Pink God|par
|cant|p2a: Pink God|par
|
|upkeep
|turn|3
|
|t:|1668710931
|switch|p1a: Mawa|Magearna|100/100
|move|p2a: Pink God|Judgment|p1a: Mawa
|-resisted|p1a: Mawa
|-damage|p1a: Mawa|85/100
|
|-end|p2a: Pink God|move: Taunt
|upkeep
|turn|4
|
|t:|1668710937
|switch|p2a: Severus|Necrozma-Dusk-Mane|100/100
|move|p1a: Mawa|Shift Gear|p1a: Mawa
|-boost|p1a: Mawa|spe|2
|-boost|p1a: Mawa|atk|1
|
|upkeep
|turn|5
|
|t:|1668710942
|move|p1a: Mawa|Baton Pass|p1a: Mawa
|
|t:|1668710945
|switch|p1a: Painty|Smeargle, M|100/100|[from]move: Baton Pass
|move|p2a: Severus|Thunder Wave|p1a: Painty
|-status|p1a: Painty|par
|
|-ability|p1a: Painty|Moody|boost
|-boost|p1a: Painty|atk|2
|-unboost|p1a: Painty|spe|1
|upkeep
|turn|6
|
|t:|1668710953
|move|p1a: Painty|Baton Pass|p1a: Painty
|
|t:|1668710955
|switch|p1a: Mawa|Magearna|85/100|[from]move: Baton Pass
|move|p2a: Severus|Stealth Rock|p1a: Mawa
|-sidestart|p1: FloomFlooms|move: Stealth Rock
|
|upkeep
|turn|7
|
|t:|1668710959
|move|p1a: Mawa|Substitute|p1a: Mawa
|-start|p1a: Mawa|Substitute
|-damage|p1a: Mawa|60/100
|move|p2a: Severus|Thunder Wave||[still]
|-fail|p2a: Severus
|
|upkeep
|turn|8
|-message|Sir Balderdash forfeited.
|
|win|FloomFlooms
|raw|FloomFlooms's rating: 1600 &rarr; <strong>1625</strong><br />(+25 for winning)
|raw|Sir Balderdash's rating: 1685 &rarr; <strong>1660</strong><br />(-25 for losing)
|l|☆Sir Balderdash
||Ladder isn't responding, score probably updated but might not have (Request timeout).
