|j|☆Browneyes64
|j|☆soda49
|t:|1640470827
|gametype|singles
|player|p1|Browneyes64|li|1599
|player|p2|soda49|101|1701
|teamsize|p1|6
|teamsize|p2|6
|gen|8
|tier|[Gen 8] National Dex AG
|rated|
|rule|HP Percentage Mod: HP is shown in percentages
|rule|Endless Battle Clause: Forcing endless battles is banned
|clearpoke
|poke|p1|Calyrex-Shadow|
|poke|p1|Arceus-*|
|poke|p1|Ditto|
|poke|p1|Yveltal|
|poke|p1|Groudon|
|poke|p1|Marshadow|
|poke|p2|Smeargle, M|
|poke|p2|Calyrex-Shadow|
|poke|p2|Dragonite, F|
|poke|p2|Charizard, M|
|poke|p2|Mimikyu, F|
|poke|p2|Grimmsnarl, M|
|teampreview
|inactive|Battle timer is ON: inactive players will automatically lose when time's up. (requested by soda49)
|
|t:|1640470832
|start
|switch|p1a: emo god|Marshadow|100/100
|switch|p2a: Charizard|Charizard, M|100/100
|turn|1
|
|t:|1640470836
|switch|p1a: dirt god|Arceus-Ground|100/100
|-start|p2a: Charizard|Dynamax
|-formechange|p2a: Charizard|Charizard-Gmax
|-heal|p2a: Charizard|100/100|[silent]
|move|p2a: Charizard|G-Max Wildfire|p1a: dirt god
|-damage|p1a: dirt god|44/100
|-sidestart|p1: Browneyes64|G-Max Wildfire
|
|-damage|p1a: dirt god|27/100|[from] G-Max Wildfire
|upkeep
|turn|2
|
|t:|1640470842
|move|p1a: dirt god|Ice Beam|p2a: Charizard
|-damage|p2a: Charizard|81/100
|move|p2a: Charizard|Max Airstream|p1a: dirt god
|-damage|p1a: dirt god|0 fnt
|-boost|p2a: Charizard|spe|1
|faint|p1a: dirt god
|
|upkeep
|
|t:|1640470849
|switch|p1a: Groudon|Groudon|100/100
|detailschange|p1a: Groudon|Groudon-Primal
|-primal|p1a: Groudon
|-weather|DesolateLand|[from] ability: Desolate Land|[of] p1a: Groudon
|turn|3
|
|t:|1640470853
|move|p2a: Charizard|Max Quake|p1a: Groudon
|-supereffective|p1a: Groudon
|-damage|p1a: Groudon|2/100
|-boost|p2a: Charizard|spd|1
|move|p1a: Groudon|Toxic|p2a: Charizard
|-status|p2a: Charizard|tox
|-enditem|p2a: Charizard|Lum Berry|[eat]
|-curestatus|p2a: Charizard|tox|[msg]
|
|-weather|DesolateLand|[upkeep]
|-damage|p2a: Charizard|75/100|[from] ability: Solar Power|[of] p2a: Charizard
|-end|p2a: Charizard|Dynamax
|-formechange|p2a: Charizard|Charizard
|-heal|p2a: Charizard|75/100|[silent]
|upkeep
|turn|4
|
|t:|1640470866
|move|p2a: Charizard|Air Slash|p1a: Groudon
|-damage|p1a: Groudon|0 fnt
|faint|p1a: Groudon
|-weather|none
|
|-sideend|p1: Browneyes64|G-Max Wildfire
|upkeep
|
|t:|1640470869
|switch|p1a: spider man|Ditto, shiny|100/100
|-transform|p1a: spider man|p2a: Charizard|[from] ability: Imposter
|turn|5
|
|t:|1640470881
|move|p1a: spider man|Air Slash|p2a: Charizard
|-damage|p2a: Charizard|40/100
|move|p2a: Charizard|Air Slash|p1a: spider man
|-damage|p1a: spider man|69/100
|
|upkeep
|turn|6
|
|t:|1640470887
|move|p1a: spider man|Air Slash|p2a: Charizard
|-damage|p2a: Charizard|7/100
|move|p2a: Charizard|Air Slash|p1a: spider man
|-damage|p1a: spider man|38/100
|
|upkeep
|turn|7
|
|t:|1640470896
|move|p1a: spider man|Air Slash|p2a: Charizard
|-crit|p2a: Charizard
|-damage|p2a: Charizard|0 fnt
|faint|p2a: Charizard
|
|upkeep
|
|t:|1640470919
|switch|p2a: Mimikyu|Mimikyu, F|100/100
|turn|8
|
|t:|1640470924
|move|p1a: spider man|Air Slash|p2a: Mimikyu
|-activate|p2a: Mimikyu|ability: Disguise
|-damage|p2a: Mimikyu|100/100
|detailschange|p2a: Mimikyu|Mimikyu-Busted, F
|-damage|p2a: Mimikyu|88/100|[from] pokemon: Mimikyu-Busted
|move|p2a: Mimikyu|Trick Room|p2a: Mimikyu
|-fieldstart|move: Trick Room|[of] p2a: Mimikyu
|
|upkeep
|turn|9
|
|t:|1640470933
|move|p2a: Mimikyu|Shadow Sneak|p1a: spider man
|-damage|p1a: spider man|13/100
|move|p1a: spider man|Air Slash|p2a: Mimikyu
|-damage|p2a: Mimikyu|50/100
|
|upkeep
|turn|10
|
|t:|1640470944
|switch|p1a: emo god|Marshadow|100/100
|move|p2a: Mimikyu|Shadow Sneak|p1a: emo god
|-supereffective|p1a: emo god
|-damage|p1a: emo god|56/100
|
|upkeep
|turn|11
|
|t:|1640470961
|switch|p2a: The wobbler|Smeargle, M|100/100
|move|p1a: emo god|Shadow Sneak|p2a: The wobbler
|-immune|p2a: The wobbler
|
|-ability|p2a: The wobbler|Moody|boost
|-boost|p2a: The wobbler|atk|2
|-unboost|p2a: The wobbler|spe|1
|upkeep
|turn|12
|
|t:|1640470969
|move|p2a: The wobbler|Spore|p1a: emo god
|-status|p1a: emo god|slp|[from] move: Spore
|cant|p1a: emo god|slp
|
|-fieldend|move: Trick Room
|-ability|p2a: The wobbler|Moody|boost
|-boost|p2a: The wobbler|spa|2
|-unboost|p2a: The wobbler|spe|1
|upkeep
|turn|13
|
|t:|1640470972
|cant|p1a: emo god|slp
|move|p2a: The wobbler|Substitute|p2a: The wobbler
|-start|p2a: The wobbler|Substitute
|-damage|p2a: The wobbler|76/100
|
|-heal|p2a: The wobbler|82/100|[from] item: Leftovers
|-ability|p2a: The wobbler|Moody|boost
|-boost|p2a: The wobbler|spd|2
|-unboost|p2a: The wobbler|spe|1
|upkeep
|turn|14
|
|t:|1640470975
|cant|p1a: emo god|slp
|move|p2a: The wobbler|Shell Smash|p2a: The wobbler
|-unboost|p2a: The wobbler|def|1
|-unboost|p2a: The wobbler|spd|1
|-boost|p2a: The wobbler|atk|2
|-boost|p2a: The wobbler|spa|2
|-boost|p2a: The wobbler|spe|2
|
|-heal|p2a: The wobbler|88/100|[from] item: Leftovers
|-ability|p2a: The wobbler|Moody|boost
|-boost|p2a: The wobbler|atk|2
|-unboost|p2a: The wobbler|spe|1
|upkeep
|turn|15
|
|t:|1640470980
|-curestatus|p1a: emo god|slp|[msg]
|move|p1a: emo god|Close Combat|p2a: The wobbler
|-supereffective|p2a: The wobbler
|-end|p2a: The wobbler|Substitute
|-unboost|p1a: emo god|def|1
|-unboost|p1a: emo god|spd|1
|move|p2a: The wobbler|Shell Smash|p2a: The wobbler
|-unboost|p2a: The wobbler|def|1
|-unboost|p2a: The wobbler|spd|1
|-boost|p2a: The wobbler|atk|0
|-boost|p2a: The wobbler|spa|2
|-boost|p2a: The wobbler|spe|2
|
|-heal|p2a: The wobbler|94/100|[from] item: Leftovers
|-ability|p2a: The wobbler|Moody|boost
|-boost|p2a: The wobbler|spd|2
|-unboost|p2a: The wobbler|def|1
|upkeep
|turn|16
|
|t:|1640470997
|switch|p2a: Calyrex|Calyrex-Shadow|100/100
|-ability|p2a: Calyrex|As One
|-ability|p2a: Calyrex|Unnerve
|move|p1a: emo god|Close Combat|p2a: Calyrex
|-immune|p2a: Calyrex
|
|upkeep
|turn|17
|
|t:|1640471011
|switch|p2a: Grimmsnarl|Grimmsnarl, M|100/100
|move|p1a: emo god|Shadow Sneak|p2a: Grimmsnarl
|-resisted|p2a: Grimmsnarl
|-damage|p2a: Grimmsnarl|83/100
|
|upkeep
|turn|18
|
|t:|1640471016
|move|p1a: emo god|Toxic|p2a: Grimmsnarl
|-status|p2a: Grimmsnarl|tox
|move|p2a: Grimmsnarl|Spirit Break|p1a: emo god
|-supereffective|p1a: emo god
|-damage|p1a: emo god|0 fnt
|faint|p1a: emo god
|
|-damage|p2a: Grimmsnarl|77/100 tox|[from] psn
|upkeep
|
|t:|1640471025
|switch|p1a: spider man|Ditto, shiny|13/100
|-transform|p1a: spider man|p2a: Grimmsnarl|[from] ability: Imposter
|turn|19
|
|t:|1640471034
|move|p2a: Grimmsnarl|Sucker Punch|p1a: spider man
|-resisted|p1a: spider man
|-damage|p1a: spider man|2/100
|move|p1a: spider man|Spirit Break|p2a: Grimmsnarl
|-supereffective|p2a: Grimmsnarl
|-damage|p2a: Grimmsnarl|3/100 tox
|-unboost|p2a: Grimmsnarl|spa|1
|
|-damage|p2a: Grimmsnarl|0 fnt|[from] psn
|faint|p2a: Grimmsnarl
|upkeep
|
|t:|1640471041
|switch|p2a: Mimikyu|Mimikyu-Busted, F|50/100
|turn|20
|
|t:|1640471044
|move|p2a: Mimikyu|Shadow Sneak|p1a: spider man
|-resisted|p1a: spider man
|-damage|p1a: spider man|0 fnt
|faint|p1a: spider man
|
|upkeep
|
|t:|1640471047
|switch|p1a: death-bird|Yveltal|100/100
|-ability|p1a: death-bird|Dark Aura
|turn|21
|
|t:|1640471050
|-start|p1a: death-bird|Dynamax
|-heal|p1a: death-bird|100/100|[silent]
|move|p1a: death-bird|Max Airstream|p2a: Mimikyu
|-crit|p2a: Mimikyu
|-damage|p2a: Mimikyu|0 fnt
|-boost|p1a: death-bird|spe|1
|faint|p2a: Mimikyu
|-damage|p1a: death-bird|96/100|[from] item: Life Orb
|
|upkeep
|
|t:|1640471074
|switch|p2a: Dragonite|Dragonite, F|100/100
|turn|22
|c|☆soda49|I think that’s gg
|c|☆soda49|Wp
|inactive|Browneyes64 has 120 seconds left.
|
|t:|1640471114
|move|p1a: death-bird|Max Darkness|p2a: Dragonite
|-damage|p2a: Dragonite|60/100
|-unboost|p2a: Dragonite|spd|1
|-damage|p1a: death-bird|91/100|[from] item: Life Orb
|move|p2a: Dragonite|Dual Wingbeat|p1a: death-bird
|-damage|p1a: death-bird|79/100
|-damage|p1a: death-bird|67/100
|-hitcount|p1a: death-bird|2
|
|upkeep
|turn|23
|
|t:|1640471120
|move|p1a: death-bird|Max Airstream|p2a: Dragonite
|-damage|p2a: Dragonite|0 fnt
|-boost|p1a: death-bird|spe|1
|faint|p2a: Dragonite
|-damage|p1a: death-bird|62/100|[from] item: Life Orb
|
|-end|p1a: death-bird|Dynamax
|-heal|p1a: death-bird|62/100|[silent]
|upkeep
|
|t:|1640471124
|switch|p2a: Calyrex|Calyrex-Shadow|100/100
|-ability|p2a: Calyrex|As One
|-ability|p2a: Calyrex|Unnerve
|turn|24
|
|t:|1640471127
|move|p1a: death-bird|Oblivion Wing|p2a: Calyrex
|-damage|p2a: Calyrex|40/100
|-heal|p1a: death-bird|100/100|[from] drain|[of] p2a: Calyrex
|-damage|p1a: death-bird|91/100|[from] item: Life Orb
|move|p2a: Calyrex|Nasty Plot|p2a: Calyrex
|-boost|p2a: Calyrex|spa|2
|
|upkeep
|turn|25
|
|t:|1640471132
|move|p1a: death-bird|Oblivion Wing|p2a: Calyrex
|-damage|p2a: Calyrex|0 fnt
|-heal|p1a: death-bird|100/100|[from] drain|[of] p2a: Calyrex
|faint|p2a: Calyrex
|-damage|p1a: death-bird|91/100|[from] item: Life Orb
|
|upkeep
|
|t:|1640471135
|switch|p2a: The wobbler|Smeargle, M|94/100
|turn|26
|
|t:|1640471143
|move|p1a: death-bird|Oblivion Wing|p2a: The wobbler
|-damage|p2a: The wobbler|0 fnt
|-heal|p1a: death-bird|100/100|[from] drain|[of] p2a: The wobbler
|faint|p2a: The wobbler
|-damage|p1a: death-bird|91/100|[from] item: Life Orb
|
|win|Browneyes64
|raw|Browneyes64's rating: 1599 &rarr; <strong>1625</strong><br />(+26 for winning)
|raw|soda49's rating: 1701 &rarr; <strong>1675</strong><br />(-26 for losing)
|c|☆Browneyes64|gg
|l|☆soda49
