|j|☆niun
|j|☆Pkmn3443
|t:|1620506942
|gametype|singles
|player|p1|niun|policeman-gen4|1680
|player|p2|Pkmn3443|169|1736
|teamsize|p1|6
|teamsize|p2|6
|gen|8
|tier|[Gen 8] National Dex AG
|rated|
|rule|HP Percentage Mod: HP is shown in percentages
|rule|Endless Battle Clause: Forcing endless battles is banned
|clearpoke
|poke|p1|Arceus-*|
|poke|p1|Necrozma-Dusk-Mane|
|poke|p1|Chansey, F|
|poke|p1|Ho-Oh|
|poke|p1|Gliscor, F|
|poke|p1|Yveltal|
|poke|p2|Zacian-*|
|poke|p2|Necrozma-Dusk-Mane|
|poke|p2|Ditto|
|poke|p2|Ho-Oh|
|poke|p2|Rayquaza|
|poke|p2|Yveltal|
|teampreview
|inactive|Battle timer is ON: inactive players will automatically lose when time's up. (requested by niun)
|
|t:|1620506957
|start
|updatepoke|p2: Zacian|Zacian-Crowned
|switch|p1a: Arceus|Arceus-Water|100/100
|switch|p2a: Rayquaza|Rayquaza|100/100
|-ability|p2a: Rayquaza|Air Lock
|turn|1
|
|t:|1620506966
|detailschange|p2a: Rayquaza|Rayquaza-Mega
|-mega|p2a: Rayquaza|Rayquaza|
|-weather|DeltaStream|[from] ability: Delta Stream|[of] p2a: Rayquaza
|move|p2a: Rayquaza|Draco Meteor|p1a: Arceus
|-damage|p1a: Arceus|35/100
|-unboost|p2a: Rayquaza|spa|2
|-damage|p2a: Rayquaza|91/100|[from] item: Life Orb
|move|p1a: Arceus|Ice Beam|p2a: Rayquaza
|-activate||deltastream
|-supereffective|p2a: Rayquaza
|-damage|p2a: Rayquaza|36/100
|
|-weather|DeltaStream|[upkeep]
|upkeep
|turn|2
|
|t:|1620506979
|-start|p1a: Arceus|Dynamax
|-heal|p1a: Arceus|35/100|[silent]
|move|p2a: Rayquaza|Dragon Ascent|p1a: Arceus
|-damage|p1a: Arceus|6/100
|-unboost|p2a: Rayquaza|def|1
|-unboost|p2a: Rayquaza|spd|1
|-damage|p2a: Rayquaza|26/100|[from] item: Life Orb
|move|p1a: Arceus|Max Hailstorm|p2a: Rayquaza
|-activate||deltastream
|-supereffective|p2a: Rayquaza
|-damage|p2a: Rayquaza|0 fnt
|faint|p2a: Rayquaza
|-weather|none
|
|upkeep
|
|t:|1620506986
|switch|p2a: Ditto|Ditto|100/100
|-transform|p2a: Ditto|p1a: Arceus|[from] ability: Imposter
|turn|3
|
|t:|1620506995
|-end|p1a: Arceus|Dynamax
|-heal|p1a: Arceus|6/100|[silent]
|switch|p1a: Chansey|Chansey, F|100/100
|move|p2a: Ditto|Judgment|p1a: Chansey
|-damage|p1a: Chansey|93/100
|
|upkeep
|turn|4
|
|t:|1620507003
|switch|p2a: Necrozma|Necrozma-Dusk-Mane|100/100
|move|p1a: Chansey|Wish|p1a: Chansey
|
|upkeep
|turn|5
|
|t:|1620507012
|switch|p1a: Arceus|Arceus-Water|6/100
|move|p2a: Necrozma|Sunsteel Strike|p1a: Arceus
|-resisted|p1a: Arceus
|-damage|p1a: Arceus|0 fnt
|faint|p1a: Arceus
|
|upkeep
|
|t:|1620507020
|switch|p1a: Ho-Oh|Ho-Oh|100/100
|turn|6
|
|t:|1620507025
|switch|p2a: Ho-Oh|Ho-Oh|100/100
|move|p1a: Ho-Oh|Sacred Fire|p2a: Ho-Oh
|-resisted|p2a: Ho-Oh
|-damage|p2a: Ho-Oh|84/100
|
|upkeep
|turn|7
|
|t:|1620507031
|move|p1a: Ho-Oh|Toxic|p2a: Ho-Oh
|-status|p2a: Ho-Oh|tox
|move|p2a: Ho-Oh|Toxic|p1a: Ho-Oh|[miss]
|-miss|p2a: Ho-Oh|p1a: Ho-Oh
|
|-damage|p2a: Ho-Oh|78/100 tox|[from] psn
|upkeep
|turn|8
|
|t:|1620507041
|switch|p1a: Gliscor|Gliscor, F|100/100
|move|p2a: Ho-Oh|Toxic|p1a: Gliscor
|-status|p1a: Gliscor|tox
|
|-damage|p2a: Ho-Oh|66/100 tox|[from] psn
|upkeep
|turn|9
|
|t:|1620507048
|switch|p2a: Necrozma|Necrozma-Dusk-Mane|100/100
|move|p1a: Gliscor|Substitute|p1a: Gliscor
|-start|p1a: Gliscor|Substitute
|-damage|p1a: Gliscor|76/100 tox
|
|-heal|p1a: Gliscor|88/100 tox|[from] ability: Poison Heal
|upkeep
|turn|10
|
|t:|1620507055
|move|p1a: Gliscor|Bulldoze|p2a: Necrozma
|-supereffective|p2a: Necrozma
|-damage|p2a: Necrozma|85/100
|-unboost|p2a: Necrozma|spe|1
|move|p2a: Necrozma|Sunsteel Strike|p1a: Gliscor
|-end|p1a: Gliscor|Substitute
|
|-heal|p1a: Gliscor|100/100 tox|[from] ability: Poison Heal
|upkeep
|turn|11
|
|t:|1620507069
|switch|p1a: Ho-Oh|Ho-Oh|100/100
|move|p2a: Necrozma|Stealth Rock|p1a: Ho-Oh
|-sidestart|p1: niun|move: Stealth Rock
|
|upkeep
|turn|12
|
|t:|1620507079
|switch|p2a: Ditto|Ditto|100/100
|-transform|p2a: Ditto|p1a: Ho-Oh|[from] ability: Imposter
|move|p1a: Ho-Oh|Defog|p2a: Ditto
|-unboost|p2a: Ditto|evasion|1
|-sideend|p1: niun|Stealth Rock|[from] move: Defog|[of] p1a: Ho-Oh
|
|upkeep
|turn|13
|
|t:|1620507088
|switch|p1a: Gliscor|Gliscor, F|100/100 tox
|move|p2a: Ditto|Toxic|p1a: Gliscor
|-fail|p1a: Gliscor|tox
|
|upkeep
|turn|14
|
|t:|1620507095
|switch|p2a: Ho-Oh|Ho-Oh|99/100 tox
|move|p1a: Gliscor|Substitute|p1a: Gliscor
|-start|p1a: Gliscor|Substitute
|-damage|p1a: Gliscor|76/100 tox
|
|-heal|p1a: Gliscor|88/100 tox|[from] ability: Poison Heal
|-damage|p2a: Ho-Oh|93/100 tox|[from] psn
|upkeep
|turn|15
|
|t:|1620507103
|move|p1a: Gliscor|Protect|p1a: Gliscor
|-singleturn|p1a: Gliscor|Protect
|move|p2a: Ho-Oh|Whirlwind|p1a: Gliscor
|drag|p1a: Necrozma|Necrozma-Dusk-Mane|100/100
|
|-damage|p2a: Ho-Oh|80/100 tox|[from] psn
|upkeep
|turn|16
|
|t:|1620507110
|switch|p2a: Necrozma|Necrozma-Dusk-Mane|85/100
|switch|p1a: Gliscor|Gliscor, F|88/100 tox
|
|-heal|p1a: Gliscor|100/100 tox|[from] ability: Poison Heal
|upkeep
|turn|17
|
|t:|1620507117
|move|p1a: Gliscor|Bulldoze|p2a: Necrozma
|-supereffective|p2a: Necrozma
|-damage|p2a: Necrozma|69/100
|-unboost|p2a: Necrozma|spe|1
|move|p2a: Necrozma|Stealth Rock|p1a: Gliscor
|-sidestart|p1: niun|move: Stealth Rock
|
|upkeep
|turn|18
|
|t:|1620507123
|switch|p1a: Ho-Oh|Ho-Oh|100/100
|move|p2a: Necrozma|Knock Off|p1a: Ho-Oh
|-damage|p1a: Ho-Oh|71/100
|-enditem|p1a: Ho-Oh|Heavy-Duty Boots|[from] move: Knock Off|[of] p2a: Necrozma
|
|upkeep
|turn|19
|
|t:|1620507133
|switch|p2a: Ho-Oh|Ho-Oh|100/100 tox
|move|p1a: Ho-Oh|Defog|p2a: Ho-Oh
|-unboost|p2a: Ho-Oh|evasion|1
|-sideend|p1: niun|Stealth Rock|[from] move: Defog|[of] p1a: Ho-Oh
|
|-damage|p2a: Ho-Oh|94/100 tox|[from] psn
|upkeep
|turn|20
|
|t:|1620507141
|switch|p1a: Gliscor|Gliscor, F|100/100 tox
|switch|p2a: Necrozma|Necrozma-Dusk-Mane|69/100
|
|upkeep
|turn|21
|
|t:|1620507147
|switch|p1a: Ho-Oh|Ho-Oh|100/100
|move|p2a: Necrozma|Stealth Rock|p1a: Ho-Oh
|-sidestart|p1: niun|move: Stealth Rock
|
|upkeep
|turn|22
|
|t:|1620507157
|switch|p2a: Ditto|Ditto|100/100
|-transform|p2a: Ditto|p1a: Ho-Oh|[from] ability: Imposter
|move|p1a: Ho-Oh|Defog|p2a: Ditto
|-unboost|p2a: Ditto|evasion|1
|-sideend|p1: niun|Stealth Rock|[from] move: Defog|[of] p1a: Ho-Oh
|
|upkeep
|turn|23
|
|t:|1620507165
|switch|p1a: Gliscor|Gliscor, F|100/100 tox
|move|p2a: Ditto|Sacred Fire|p1a: Gliscor
|-damage|p1a: Gliscor|68/100 tox
|
|-heal|p1a: Gliscor|81/100 tox|[from] ability: Poison Heal
|upkeep
|turn|24
|
|t:|1620507174
|switch|p2a: Ho-Oh|Ho-Oh|100/100 tox
|move|p1a: Gliscor|Substitute|p1a: Gliscor
|-start|p1a: Gliscor|Substitute
|-damage|p1a: Gliscor|56/100 tox
|
|-heal|p1a: Gliscor|68/100 tox|[from] ability: Poison Heal
|-damage|p2a: Ho-Oh|94/100 tox|[from] psn
|upkeep
|turn|25
|
|t:|1620507182
|move|p1a: Gliscor|Protect|p1a: Gliscor
|-singleturn|p1a: Gliscor|Protect
|move|p2a: Ho-Oh|Whirlwind|p1a: Gliscor
|drag|p1a: Chansey|Chansey, F|93/100
|
|-damage|p2a: Ho-Oh|82/100 tox|[from] psn
|upkeep
|turn|26
|
|t:|1620507190
|switch|p2a: Necrozma|Necrozma-Dusk-Mane|69/100
|switch|p1a: Gliscor|Gliscor, F|68/100 tox
|
|-heal|p1a: Gliscor|81/100 tox|[from] ability: Poison Heal
|upkeep
|turn|27
|
|t:|1620507197
|switch|p1a: Ho-Oh|Ho-Oh|100/100
|move|p2a: Necrozma|Stealth Rock|p1a: Ho-Oh
|-sidestart|p1: niun|move: Stealth Rock
|
|upkeep
|turn|28
|
|t:|1620507207
|move|p1a: Ho-Oh|Defog|p2a: Necrozma
|-unboost|p2a: Necrozma|evasion|1
|-sideend|p1: niun|Stealth Rock|[from] move: Defog|[of] p1a: Ho-Oh
|move|p2a: Necrozma|Morning Sun|p2a: Necrozma
|-heal|p2a: Necrozma|100/100
|
|upkeep
|turn|29
|
|t:|1620507215
|move|p2a: Necrozma|Stealth Rock|p1a: Ho-Oh
|-sidestart|p1: niun|move: Stealth Rock
|move|p1a: Ho-Oh|Whirlwind|p2a: Necrozma
|drag|p2a: Zacian|Zacian-Crowned|100/100
|-ability|p2a: Zacian|Intrepid Sword|boost
|-boost|p2a: Zacian|atk|1
|
|upkeep
|turn|30
|
|t:|1620507222
|switch|p2a: Ho-Oh|Ho-Oh|100/100 tox
|move|p1a: Ho-Oh|Sacred Fire|p2a: Ho-Oh
|-resisted|p2a: Ho-Oh
|-damage|p2a: Ho-Oh|86/100 tox
|
|-damage|p2a: Ho-Oh|80/100 tox|[from] psn
|upkeep
|turn|31
|
|t:|1620507231
|switch|p1a: Gliscor|Gliscor, F|81/100 tox
|-damage|p1a: Gliscor|68/100 tox|[from] Stealth Rock
|move|p2a: Ho-Oh|Toxic|p1a: Gliscor
|-fail|p1a: Gliscor|tox
|
|-heal|p1a: Gliscor|81/100 tox|[from] ability: Poison Heal
|-damage|p2a: Ho-Oh|67/100 tox|[from] psn
|upkeep
|turn|32
|
|t:|1620507241
|switch|p1a: Ho-Oh|Ho-Oh|100/100
|-damage|p1a: Ho-Oh|50/100|[from] Stealth Rock
|switch|p2a: Ditto|Ditto|100/100
|-transform|p2a: Ditto|p1a: Ho-Oh|[from] ability: Imposter
|
|upkeep
|turn|33
|
|t:|1620507250
|move|p2a: Ditto|Toxic|p1a: Ho-Oh
|-status|p1a: Ho-Oh|tox
|move|p1a: Ho-Oh|Defog|p2a: Ditto
|-unboost|p2a: Ditto|evasion|1
|-sideend|p1: niun|Stealth Rock|[from] move: Defog|[of] p1a: Ho-Oh
|
|-damage|p1a: Ho-Oh|44/100 tox|[from] psn
|upkeep
|turn|34
|
|t:|1620507258
|switch|p2a: Necrozma|Necrozma-Dusk-Mane|100/100
|switch|p1a: Gliscor|Gliscor, F|81/100 tox
|
|-heal|p1a: Gliscor|93/100 tox|[from] ability: Poison Heal
|upkeep
|turn|35
|
|t:|1620507265
|switch|p1a: Ho-Oh|Ho-Oh|77/100 tox
|move|p2a: Necrozma|Stealth Rock|p1a: Ho-Oh
|-sidestart|p1: niun|move: Stealth Rock
|
|-damage|p1a: Ho-Oh|71/100 tox|[from] psn
|upkeep
|turn|36
|
|t:|1620507271
|move|p1a: Ho-Oh|Defog|p2a: Necrozma
|-unboost|p2a: Necrozma|evasion|1
|-sideend|p1: niun|Stealth Rock|[from] move: Defog|[of] p1a: Ho-Oh
|move|p2a: Necrozma|Knock Off|p1a: Ho-Oh
|-damage|p1a: Ho-Oh|51/100 tox
|
|-damage|p1a: Ho-Oh|39/100 tox|[from] psn
|upkeep
|turn|37
|
|t:|1620507278
|switch|p1a: Yveltal|Yveltal|100/100
|-ability|p1a: Yveltal|Dark Aura
|move|p2a: Necrozma|Stealth Rock|p1a: Yveltal
|-sidestart|p1: niun|move: Stealth Rock
|
|upkeep
|turn|38
|
|t:|1620507291
|switch|p2a: Zacian|Zacian-Crowned|100/100
|-ability|p2a: Zacian|Intrepid Sword|boost
|-boost|p2a: Zacian|atk|1
|move|p1a: Yveltal|Knock Off|p2a: Zacian
|-resisted|p2a: Zacian
|-damage|p2a: Zacian|86/100
|
|upkeep
|turn|39
|
|t:|1620507298
|switch|p1a: Necrozma|Necrozma-Dusk-Mane|100/100
|-damage|p1a: Necrozma|94/100|[from] Stealth Rock
|move|p2a: Zacian|Crunch|p1a: Necrozma
|-supereffective|p1a: Necrozma
|-damage|p1a: Necrozma|53/100
|-damage|p2a: Zacian|69/100|[from] item: Rocky Helmet|[of] p1a: Necrozma
|
|upkeep
|turn|40
|
|t:|1620507306
|switch|p2a: Necrozma|Necrozma-Dusk-Mane|100/100
|move|p1a: Necrozma|Morning Sun|p1a: Necrozma
|-heal|p1a: Necrozma|100/100
|
|upkeep
|turn|41
|
|t:|1620507313
|move|p1a: Necrozma|Swords Dance|p1a: Necrozma
|-boost|p1a: Necrozma|atk|2
|move|p2a: Necrozma|Knock Off|p1a: Necrozma
|-supereffective|p1a: Necrozma
|-damage|p1a: Necrozma|74/100
|-damage|p2a: Necrozma|84/100|[from] item: Rocky Helmet|[of] p1a: Necrozma
|-enditem|p1a: Necrozma|Rocky Helmet|[from] move: Knock Off|[of] p2a: Necrozma
|
|upkeep
|turn|42
|
|t:|1620507326
|switch|p2a: Ho-Oh|Ho-Oh|100/100 tox
|move|p1a: Necrozma|Sunsteel Strike|p2a: Ho-Oh
|-resisted|p2a: Ho-Oh
|-damage|p2a: Ho-Oh|63/100 tox
|
|-damage|p2a: Ho-Oh|56/100 tox|[from] psn
|upkeep
|turn|43
|
|t:|1620507336
|switch|p1a: Gliscor|Gliscor, F|93/100 tox
|-damage|p1a: Gliscor|81/100 tox|[from] Stealth Rock
|move|p2a: Ho-Oh|Sacred Fire|p1a: Gliscor
|-damage|p1a: Gliscor|49/100 tox
|
|-heal|p1a: Gliscor|61/100 tox|[from] ability: Poison Heal
|-damage|p2a: Ho-Oh|44/100 tox|[from] psn
|upkeep
|turn|44
|
|t:|1620507347
|switch|p2a: Ditto|Ditto|100/100
|-transform|p2a: Ditto|p1a: Gliscor|[from] ability: Imposter
|move|p1a: Gliscor|Bulldoze|p2a: Ditto
|-immune|p2a: Ditto
|
|-heal|p1a: Gliscor|74/100 tox|[from] ability: Poison Heal
|upkeep
|turn|45
|
|t:|1620507355
|switch|p2a: Ho-Oh|Ho-Oh|77/100 tox
|move|p1a: Gliscor|Toxic|p2a: Ho-Oh
|-fail|p2a: Ho-Oh|tox
|
|-heal|p1a: Gliscor|86/100 tox|[from] ability: Poison Heal
|-damage|p2a: Ho-Oh|71/100 tox|[from] psn
|upkeep
|turn|46
|-message|niun forfeited.
|
|win|Pkmn3443
|raw|niun's rating: 1680 &rarr; <strong>1663</strong><br />(-17 for losing)
|raw|Pkmn3443's rating: 1736 &rarr; <strong>1753</strong><br />(+17 for winning)
|l|☆niun
