|j|☆DECLANO196
|j|☆kerrozxl-
|t:|1658946626
|gametype|singles
|player|p1|DECLANO196|169|1679
|player|p2|kerrozxl-|unknownf|1760
|teamsize|p1|6
|teamsize|p2|6
|gen|8
|tier|[Gen 8] National Dex AG
|rated|
|rule|HP Percentage Mod: HP is shown in percentages
|rule|Endless Battle Clause: Forcing endless battles is banned
|clearpoke
|poke|p1|Lugia|
|poke|p1|Arceus-*|
|poke|p1|Sableye, M|
|poke|p1|Chansey, F|
|poke|p1|Ho-Oh|
|poke|p1|Marshadow|
|poke|p2|Rayquaza|
|poke|p2|Groudon|
|poke|p2|Necrozma-Dusk-Mane|
|poke|p2|Marshadow|
|poke|p2|Yveltal|
|poke|p2|Xerneas-*|
|teampreview
|
|t:|1658946633
|start
|switch|p1a: Sableye|Sableye, M|100/100
|switch|p2a: Rayquaza|Rayquaza, shiny|100/100
|-ability|p2a: Rayquaza|Air Lock
|turn|1
|
|t:|1658946653
|detailschange|p2a: Rayquaza|Rayquaza-Mega, shiny
|-mega|p2a: Rayquaza|Rayquaza|
|-weather|DeltaStream|[from] ability: Delta Stream|[of] p2a: Rayquaza
|detailschange|p1a: Sableye|Sableye-Mega, M
|-mega|p1a: Sableye|Sableye|Sablenite
|move|p2a: Rayquaza|Dragon Ascent|p1a: Sableye
|-damage|p1a: Sableye|3/100
|-unboost|p2a: Rayquaza|def|1
|-unboost|p2a: Rayquaza|spd|1
|move|p1a: Sableye|Will-O-Wisp|p2a: Rayquaza
|-status|p2a: Rayquaza|brn
|
|-weather|DeltaStream|[upkeep]
|-damage|p2a: Rayquaza|95/100 brn|[from] brn
|upkeep
|turn|2
|
|t:|1658946667
|switch|p1a: Lugia|Lugia|100/100
|move|p2a: Rayquaza|Dragon Ascent|p1a: Lugia
|-damage|p1a: Lugia|83/100
|-unboost|p2a: Rayquaza|def|1
|-unboost|p2a: Rayquaza|spd|1
|
|-weather|DeltaStream|[upkeep]
|-damage|p2a: Rayquaza|89/100 brn|[from] brn
|upkeep
|turn|3
|
|t:|1658946677
|move|p2a: Rayquaza|Dragon Ascent|p1a: Lugia
|-damage|p1a: Lugia|48/100
|-unboost|p2a: Rayquaza|def|1
|-unboost|p2a: Rayquaza|spd|1
|move|p1a: Lugia|Reflect|p1a: Lugia
|-sidestart|p1: DECLANO196|Reflect
|
|-weather|DeltaStream|[upkeep]
|-damage|p2a: Rayquaza|83/100 brn|[from] brn
|upkeep
|turn|4
|
|t:|1658946685
|move|p2a: Rayquaza|Dragon Ascent|p1a: Lugia
|-damage|p1a: Lugia|29/100
|-unboost|p2a: Rayquaza|def|1
|-unboost|p2a: Rayquaza|spd|1
|move|p1a: Lugia|Roost|p1a: Lugia
|-heal|p1a: Lugia|79/100
|-singleturn|p1a: Lugia|move: Roost
|
|-weather|DeltaStream|[upkeep]
|-damage|p2a: Rayquaza|77/100 brn|[from] brn
|upkeep
|turn|5
|
|t:|1658946695
|-weather|none
|switch|p2a: Yveltal|Yveltal|100/100
|-ability|p2a: Yveltal|Dark Aura
|move|p1a: Lugia|Roost|p1a: Lugia
|-heal|p1a: Lugia|100/100
|-singleturn|p1a: Lugia|move: Roost
|
|upkeep
|turn|6
|
|t:|1658946706
|move|p2a: Yveltal|Knock Off|p1a: Lugia
|-supereffective|p1a: Lugia
|-damage|p1a: Lugia|86/100
|-enditem|p1a: Lugia|Heavy-Duty Boots|[from] move: Knock Off|[of] p2a: Yveltal
|move|p1a: Lugia|Toxic|p2a: Yveltal
|-status|p2a: Yveltal|tox
|
|-damage|p2a: Yveltal|94/100 tox|[from] psn
|upkeep
|turn|7
|
|t:|1658946716
|move|p2a: Yveltal|Knock Off|p1a: Lugia
|-supereffective|p1a: Lugia
|-damage|p1a: Lugia|67/100
|move|p1a: Lugia|Roost|p1a: Lugia
|-heal|p1a: Lugia|100/100
|-singleturn|p1a: Lugia|move: Roost
|
|-damage|p2a: Yveltal|82/100 tox|[from] psn
|-sideend|p1: DECLANO196|Reflect
|upkeep
|turn|8
|
|t:|1658946726
|switch|p2a: Necrozma|Necrozma-Dusk-Mane|100/100
|move|p1a: Lugia|Reflect|p1a: Lugia
|-sidestart|p1: DECLANO196|Reflect
|
|upkeep
|turn|9
|
|t:|1658946732
|switch|p1a: Ho-Oh|Ho-Oh|100/100
|move|p2a: Necrozma|Dragon Dance|p2a: Necrozma
|-boost|p2a: Necrozma|atk|1
|-boost|p2a: Necrozma|spe|1
|
|upkeep
|turn|10
|
|t:|1658946748
|move|p2a: Necrozma|Stone Edge|p1a: Ho-Oh
|-supereffective|p1a: Ho-Oh
|-damage|p1a: Ho-Oh|8/100
|move|p1a: Ho-Oh|Sacred Fire|p2a: Necrozma
|-supereffective|p2a: Necrozma
|-damage|p2a: Necrozma|50/100
|
|upkeep
|turn|11
|
|t:|1658946757
|switch|p1a: Arceus|Arceus-Steel|100/100
|move|p2a: Necrozma|Photon Geyser|p1a: Arceus
|-resisted|p1a: Arceus
|-damage|p1a: Arceus|88/100
|
|upkeep
|turn|12
|j| I'll meme
|
|t:|1658946770
|detailschange|p2a: Necrozma|Necrozma-Ultra
|-burst|p2a: Necrozma|Necrozma|Ultranecrozium Z
|move|p2a: Necrozma|Earthquake|p1a: Arceus
|-supereffective|p1a: Arceus
|-damage|p1a: Arceus|38/100
|move|p1a: Arceus|Whirlpool|p2a: Necrozma
|-resisted|p2a: Necrozma
|-damage|p2a: Necrozma|46/100
|-activate|p2a: Necrozma|move: Whirlpool|[of] p1a: Arceus
|
|-damage|p2a: Necrozma|34/100|[from] move: Whirlpool|[partiallytrapped]
|-sideend|p1: DECLANO196|Reflect
|upkeep
|turn|13
|
|t:|1658946784
|switch|p1a: Lugia|Lugia|100/100
|move|p2a: Necrozma|Earthquake|p1a: Lugia
|-immune|p1a: Lugia
|
|-end|p2a: Necrozma|Whirlpool|[partiallytrapped]|[silent]
|upkeep
|turn|14
|
|t:|1658946791
|move|p2a: Necrozma|Stone Edge|p1a: Lugia
|-supereffective|p1a: Lugia
|-damage|p1a: Lugia|58/100
|move|p1a: Lugia|Reflect|p1a: Lugia
|-sidestart|p1: DECLANO196|Reflect
|
|upkeep
|turn|15
|
|t:|1658946797
|move|p2a: Necrozma|Stone Edge|p1a: Lugia
|-supereffective|p1a: Lugia
|-damage|p1a: Lugia|13/100
|move|p1a: Lugia|Roost|p1a: Lugia
|-heal|p1a: Lugia|63/100
|-singleturn|p1a: Lugia|move: Roost
|
|upkeep
|turn|16
|
|t:|1658946804
|move|p2a: Necrozma|Dragon Dance|p2a: Necrozma
|-boost|p2a: Necrozma|atk|1
|-boost|p2a: Necrozma|spe|1
|move|p1a: Lugia|Roost|p1a: Lugia
|-heal|p1a: Lugia|100/100
|-singleturn|p1a: Lugia|move: Roost
|
|upkeep
|turn|17
|
|t:|1658946811
|move|p2a: Necrozma|Stone Edge|p1a: Lugia
|-supereffective|p1a: Lugia
|-damage|p1a: Lugia|69/100
|move|p1a: Lugia|Toxic|p2a: Necrozma
|-status|p2a: Necrozma|tox
|
|-damage|p2a: Necrozma|28/100 tox|[from] psn
|upkeep
|turn|18
|
|t:|1658946819
|move|p2a: Necrozma|Stone Edge|p1a: Lugia
|-supereffective|p1a: Lugia
|-damage|p1a: Lugia|3/100
|move|p1a: Lugia|Roost|p1a: Lugia
|-heal|p1a: Lugia|53/100
|-singleturn|p1a: Lugia|move: Roost
|
|-damage|p2a: Necrozma|16/100 tox|[from] psn
|-sideend|p1: DECLANO196|Reflect
|upkeep
|turn|19
|
|t:|1658946829
|switch|p1a: Sableye|Sableye-Mega, M|3/100
|move|p2a: Necrozma|Stone Edge|p1a: Sableye
|-damage|p1a: Sableye|0 fnt
|faint|p1a: Sableye
|
|-damage|p2a: Necrozma|0 fnt|[from] psn
|faint|p2a: Necrozma
|upkeep
|
|t:|1658946849
|switch|p2a: Yveltal|Yveltal|82/100 tox
|switch|p1a: Lugia|Lugia|53/100
|-ability|p2a: Yveltal|Dark Aura
|turn|20
|
|t:|1658946863
|move|p2a: Yveltal|Knock Off|p1a: Lugia
|-supereffective|p1a: Lugia
|-damage|p1a: Lugia|13/100
|move|p1a: Lugia|Roost|p1a: Lugia
|-heal|p1a: Lugia|63/100
|-singleturn|p1a: Lugia|move: Roost
|
|-damage|p2a: Yveltal|76/100 tox|[from] psn
|upkeep
|turn|21
|l|☆kerrozxl-
|player|p2|
|inactive|Battle timer is ON: inactive players will automatically lose when time's up. (requested by DECLANO196)
|inactive|kerrozxl- has 30 seconds to reconnect!
|inactive|kerrozxl- has 20 seconds to reconnect!
|inactive|kerrozxl- has 15 seconds to reconnect!
|inactive|kerrozxl- has 10 seconds to reconnect!
|inactive|kerrozxl- has 5 seconds to reconnect!
|-message|kerrozxl- lost due to inactivity.
|
|win|DECLANO196
|raw|DECLANO196's rating: 1679 &rarr; <strong>1704</strong><br />(+25 for winning)
|raw|kerrozxl-'s rating: 1760 &rarr; <strong>1735</strong><br />(-25 for losing)
