|j|☆TropIsCool69
|j|☆VsP 2969
|t:|1662685226
|gametype|singles
|player|p1|TropIsCool69|hop|1393
|player|p2|VsP 2969|blackbelt|1496
|teamsize|p1|6
|teamsize|p2|6
|gen|8
|tier|[Gen 8] National Dex AG
|rated|
|rule|HP Percentage Mod: HP is shown in percentages
|rule|Endless Battle Clause: Forcing endless battles is banned
|clearpoke
|poke|p1|Palkia|
|poke|p1|Shuckle, M|
|poke|p1|Hatterene, F|
|poke|p1|Zapdos|
|poke|p1|Rillaboom, M|
|poke|p1|Crabominable, M|
|poke|p2|Arceus-*|
|poke|p2|Rayquaza|
|poke|p2|Kyogre|
|poke|p2|Necrozma-Dusk-Mane|
|poke|p2|Calyrex-Shadow|
|poke|p2|Smeargle, M|
|teampreview
|
|t:|1662685230
|start
|switch|p1a: Shuckle|Shuckle, M|100/100
|switch|p2a: Smeargle|Smeargle, M|100/100
|turn|1
|
|t:|1662685241
|switch|p1a: Rillaboom|Rillaboom, M|100/100
|-fieldstart|move: Grassy Terrain|[from] ability: Grassy Surge|[of] p1a: Rillaboom
|move|p2a: Smeargle|Spore|p1a: Rillaboom
|-immune|p1a: Rillaboom
|
|-ability|p2a: Smeargle|Moody|boost
|-boost|p2a: Smeargle|spe|2
|-unboost|p2a: Smeargle|spd|1
|upkeep
|turn|2
|
|t:|1662685260
|move|p1a: Rillaboom|Grassy Glide|p2a: Smeargle
|-enditem|p2a: Smeargle|Focus Sash
|-damage|p2a: Smeargle|1/100
|move|p2a: Smeargle|Baton Pass|p2a: Smeargle
|
|t:|1662685268
|switch|p2a: Arceus|Arceus|100/100|[from]move: Baton Pass
|
|upkeep
|turn|3
|
|t:|1662685275
|switch|p1a: Shuckle|Shuckle, M|100/100
|move|p2a: Arceus|Swords Dance|p2a: Arceus
|-boost|p2a: Arceus|atk|2
|
|upkeep
|turn|4
|
|t:|1662685294
|-start|p2a: Arceus|Dynamax|
|-heal|p2a: Arceus|100/100|[silent]
|move|p2a: Arceus|Max Quake|p1a: Shuckle
|-damage|p1a: Shuckle|31/100
|-boost|p2a: Arceus|spd|1
|-enditem|p1a: Shuckle|Red Card|[of] p2a: Arceus
|-block|p2a: Arceus|Dynamax
|-damage|p2a: Arceus|96/100|[from] item: Life Orb
|move|p1a: Shuckle|Stealth Rock|p2a: Arceus
|-sidestart|p2: VsP 2969|move: Stealth Rock
|
|-heal|p2a: Arceus|99/100|[from] Grassy Terrain
|-heal|p1a: Shuckle|37/100|[from] Grassy Terrain
|upkeep
|turn|5
|
|t:|1662685308
|move|p2a: Arceus|Max Quake|p1a: Shuckle
|-damage|p1a: Shuckle|0 fnt
|-boost|p2a: Arceus|spd|1
|faint|p1a: Shuckle
|-damage|p2a: Arceus|94/100|[from] item: Life Orb
|
|-heal|p2a: Arceus|97/100|[from] Grassy Terrain
|-fieldend|move: Grassy Terrain
|upkeep
|
|t:|1662685323
|switch|p1a: Zapdos|Zapdos|100/100
|turn|6
|
|t:|1662685329
|-start|p1a: Zapdos|Dynamax|
|-heal|p1a: Zapdos|100/100|[silent]
|move|p1a: Zapdos|Max Guard|p1a: Zapdos
|-singleturn|p1a: Zapdos|Max Guard
|move|p2a: Arceus|Max Strike|p1a: Zapdos
|-activate|p1a: Zapdos|move: Max Guard
|
|upkeep
|-end|p2a: Arceus|Dynamax
|-heal|p2a: Arceus|97/100|[silent]
|turn|7
|
|t:|1662685344
|move|p2a: Arceus|Extreme Speed|p1a: Zapdos
|-damage|p1a: Zapdos|30/100
|-status|p2a: Arceus|par|[from] ability: Static|[of] p1a: Zapdos
|-damage|p2a: Arceus|87/100 par|[from] item: Life Orb
|move|p1a: Zapdos|Max Lightning|p2a: Arceus
|-damage|p2a: Arceus|54/100 par
|-fieldstart|move: Electric Terrain
|
|upkeep
|turn|8
|
|t:|1662685355
|cant|p2a: Arceus|par
|move|p1a: Zapdos|Max Lightning|p2a: Arceus
|-damage|p2a: Arceus|18/100 par
|
|upkeep
|-end|p1a: Zapdos|Dynamax
|-heal|p1a: Zapdos|30/100|[silent]
|turn|9
|
|t:|1662685367
|move|p2a: Arceus|Extreme Speed|p1a: Zapdos
|-damage|p1a: Zapdos|0 fnt
|faint|p1a: Zapdos
|-damage|p2a: Arceus|8/100 par|[from] item: Life Orb
|
|upkeep
|
|t:|1662685377
|switch|p1a: Rillaboom|Rillaboom, M|100/100
|-fieldstart|move: Grassy Terrain|[from] ability: Grassy Surge|[of] p1a: Rillaboom
|turn|10
|
|t:|1662685385
|move|p2a: Arceus|Extreme Speed|p1a: Rillaboom
|-damage|p1a: Rillaboom|0 fnt
|faint|p1a: Rillaboom
|-damage|p2a: Arceus|0 fnt|[from] item: Life Orb
|faint|p2a: Arceus
|
|upkeep
|
|t:|1662685393
|switch|p2a: Smeargle|Smeargle, M|1/100
|switch|p1a: Palkia|Palkia|100/100
|-ability|p1a: Palkia|Pressure
|-damage|p2a: Smeargle|0 fnt|[from] Stealth Rock
|faint|p2a: Smeargle
|
|t:|1662685419
|switch|p2a: Kyogre|Kyogre|100/100
|-damage|p2a: Kyogre|88/100|[from] Stealth Rock
|detailschange|p2a: Kyogre|Kyogre-Primal
|-primal|p2a: Kyogre
|-weather|PrimordialSea|[from] ability: Primordial Sea|[of] p2a: Kyogre
|turn|11
|inactive|Battle timer is ON: inactive players will automatically lose when time's up. (requested by TropIsCool69)
|
|t:|1662685430
|move|p1a: Palkia|Dragon Pulse|p2a: Kyogre
|-damage|p2a: Kyogre|49/100
|move|p2a: Kyogre|Thunder|p1a: Palkia
|-damage|p1a: Palkia|59/100
|
|-weather|PrimordialSea|[upkeep]
|-heal|p1a: Palkia|65/100|[from] Grassy Terrain
|-heal|p2a: Kyogre|55/100|[from] Grassy Terrain
|upkeep
|turn|12
|
|t:|1662685440
|move|p1a: Palkia|Dragon Pulse|p2a: Kyogre
|-crit|p2a: Kyogre
|-damage|p2a: Kyogre|0 fnt
|faint|p2a: Kyogre
|-weather|none
|
|-heal|p1a: Palkia|72/100|[from] Grassy Terrain
|upkeep
|
|t:|1662685454
|switch|p2a: Necrozma|Necrozma-Dusk-Mane|100/100
|-damage|p2a: Necrozma|95/100|[from] Stealth Rock
|turn|13
|inactive|VsP 2969 has 120 seconds left.
|inactive|VsP 2969 has 90 seconds left.
|
|t:|1662685512
|detailschange|p2a: Necrozma|Necrozma-Ultra
|-burst|p2a: Necrozma|Necrozma|Ultranecrozium Z
|move|p2a: Necrozma|Photon Geyser|p1a: Palkia
|-damage|p1a: Palkia|19/100
|move|p1a: Palkia|Fire Blast|p2a: Necrozma
|-resisted|p2a: Necrozma
|-damage|p2a: Necrozma|70/100
|
|-heal|p2a: Necrozma|76/100|[from] Grassy Terrain
|-heal|p1a: Palkia|25/100|[from] Grassy Terrain
|upkeep
|turn|14
|inactive|VsP 2969 has 90 seconds left.
|
|t:|1662685533
|move|p2a: Necrozma|Photon Geyser|p1a: Palkia
|-damage|p1a: Palkia|0 fnt
|faint|p1a: Palkia
|
|-heal|p2a: Necrozma|82/100|[from] Grassy Terrain
|-fieldend|move: Grassy Terrain
|upkeep
|
|t:|1662685541
|switch|p1a: Hatterene|Hatterene, F|100/100
|turn|15
|inactive|VsP 2969 has 90 seconds left.
|inactive|VsP 2969 has 60 seconds left.
|
|t:|1662685591
|-zpower|p2a: Necrozma
|move|p2a: Necrozma|Light That Burns the Sky|p1a: Hatterene|[zeffect]
|-resisted|p1a: Hatterene
|-damage|p1a: Hatterene|32/100
|move|p1a: Hatterene|Trick Room|p1a: Hatterene
|-fieldstart|move: Trick Room|[of] p1a: Hatterene
|
|upkeep
|turn|16
|
|t:|1662685603
|move|p1a: Hatterene|Dazzling Gleam|p2a: Necrozma
|-supereffective|p2a: Necrozma
|-damage|p2a: Necrozma|0 fnt
|faint|p2a: Necrozma
|
|upkeep
|
|t:|1662685611
|switch|p2a: Calyrex|Calyrex-Shadow|100/100
|-ability|p2a: Calyrex|As One
|-ability|p2a: Calyrex|Unnerve
|-damage|p2a: Calyrex|88/100|[from] Stealth Rock
|turn|17
|
|t:|1662685620
|move|p1a: Hatterene|Mystical Fire|p2a: Calyrex
|-damage|p2a: Calyrex|62/100
|-unboost|p2a: Calyrex|spa|1
|move|p2a: Calyrex|Astral Barrage|p1a: Hatterene
|-supereffective|p1a: Hatterene
|-damage|p1a: Hatterene|0 fnt
|faint|p1a: Hatterene
|-ability|p2a: Calyrex|Grim Neigh|boost
|-boost|p2a: Calyrex|spa|1
|
|upkeep
|
|t:|1662685632
|switch|p1a: Crabominable|Crabominable, M|100/100
|turn|18
|inactive|VsP 2969 has 60 seconds left.
|
|t:|1662685641
|move|p1a: Crabominable|Ice Punch|p2a: Calyrex
|-crit|p2a: Calyrex
|-damage|p2a: Calyrex|0 fnt
|faint|p2a: Calyrex
|
|upkeep
|inactive|VsP 2969 has 60 seconds left.
|
|t:|1662685648
|switch|p2a: Rayquaza|Rayquaza|100/100
|-damage|p2a: Rayquaza|76/100|[from] Stealth Rock
|-ability|p2a: Rayquaza|Air Lock
|turn|19
|inactive|VsP 2969 has 60 seconds left.
|
|t:|1662685659
|detailschange|p2a: Rayquaza|Rayquaza-Mega
|-mega|p2a: Rayquaza|Rayquaza|
|-weather|DeltaStream|[from] ability: Delta Stream|[of] p2a: Rayquaza
|move|p2a: Rayquaza|Extreme Speed|p1a: Crabominable
|-damage|p1a: Crabominable|48/100
|move|p1a: Crabominable|Ice Punch|p2a: Rayquaza
|-activate||deltastream
|-supereffective|p2a: Rayquaza
|-damage|p2a: Rayquaza|0 fnt
|faint|p2a: Rayquaza
|-weather|none
|
|win|TropIsCool69
|raw|TropIsCool69's rating: 1393 &rarr; <strong>1419</strong><br />(+26 for winning)
|raw|VsP 2969's rating: 1496 &rarr; <strong>1470</strong><br />(-26 for losing)
|c|☆TropIsCool69|GG
||Ladder isn't responding, score probably updated but might not have (Request timeout).
