|j|☆xLeonisx
|j|☆Gamer Boi YT
|t:|1651692633
|gametype|singles
|player|p1|xLeonisx|102|1671
|player|p2|Gamer Boi YT|silver|1568
|teamsize|p1|6
|teamsize|p2|6
|gen|8
|tier|[Gen 8] National Dex AG
|rated|
|rule|HP Percentage Mod: HP is shown in percentages
|rule|Endless Battle Clause: Forcing endless battles is banned
|clearpoke
|poke|p1|Xerneas-*|
|poke|p1|Ditto|
|poke|p1|Lugia|
|poke|p1|Calyrex-Shadow|
|poke|p1|Deoxys-Speed|
|poke|p1|Zacian-*|
|poke|p2|Marshadow|
|poke|p2|Yveltal|
|poke|p2|Calyrex-Shadow|
|poke|p2|Necrozma-Dusk-Mane|
|poke|p2|Arceus-*|
|poke|p2|Arceus-*|
|teampreview
|inactive|Battle timer is ON: inactive players will automatically lose when time's up. (requested by Gamer Boi YT)
|
|t:|1651692662
|start
|switch|p1a: Deoxys|Deoxys-Speed|100/100
|switch|p2a: Necrozma|Necrozma-Dusk-Mane|100/100
|-ability|p1a: Deoxys|Pressure
|turn|1
|
|t:|1651692671
|move|p1a: Deoxys|Thunder Wave|p2a: Necrozma
|-status|p2a: Necrozma|par
|move|p2a: Necrozma|Sunsteel Strike|p1a: Deoxys
|-damage|p1a: Deoxys|18/100
|
|upkeep
|turn|2
|
|t:|1651692679
|move|p1a: Deoxys|Stealth Rock|p2a: Necrozma
|-sidestart|p2: Gamer Boi YT|move: Stealth Rock
|cant|p2a: Necrozma|par
|
|upkeep
|turn|3
|
|t:|1651692682
|move|p1a: Deoxys|Knock Off|p2a: Necrozma
|-supereffective|p2a: Necrozma
|-damage|p2a: Necrozma|75/100 par
|-damage|p1a: Deoxys|2/100|[from] item: Rocky Helmet|[of] p2a: Necrozma
|-enditem|p2a: Necrozma|Rocky Helmet|[from] move: Knock Off|[of] p1a: Deoxys
|move|p2a: Necrozma|Stealth Rock|p1a: Deoxys
|-sidestart|p1: xLeonisx|move: Stealth Rock
|
|upkeep
|turn|4
|
|t:|1651692688
|switch|p1a: Lugia|Lugia|100/100
|move|p2a: Necrozma|Sunsteel Strike|p1a: Lugia
|-damage|p1a: Lugia|76/100
|
|upkeep
|turn|5
|
|t:|1651692693
|move|p1a: Lugia|Defog|p2a: Necrozma
|-unboost|p2a: Necrozma|evasion|1
|-sideend|p2: Gamer Boi YT|Stealth Rock|[from] move: Defog|[of] p1a: Lugia
|-sideend|p1: xLeonisx|Stealth Rock|[from] move: Defog|[of] p1a: Lugia
|move|p2a: Necrozma|Thunder Wave|p1a: Lugia
|-status|p1a: Lugia|par
|
|upkeep
|turn|6
|
|t:|1651692700
|switch|p1a: Zacian|Zacian-Crowned|100/100
|-ability|p1a: Zacian|Intrepid Sword|boost
|-boost|p1a: Zacian|atk|1
|move|p2a: Necrozma|Stealth Rock|p1a: Zacian
|-sidestart|p1: xLeonisx|move: Stealth Rock
|
|upkeep
|turn|7
|
|t:|1651692703
|move|p1a: Zacian|Swords Dance|p1a: Zacian
|-boost|p1a: Zacian|atk|2
|move|p2a: Necrozma|Thunder Wave|p1a: Zacian
|-status|p1a: Zacian|par
|
|upkeep
|turn|8
|
|t:|1651692708
|move|p1a: Zacian|Close Combat|p2a: Necrozma
|-damage|p2a: Necrozma|0 fnt
|-unboost|p1a: Zacian|def|1
|-unboost|p1a: Zacian|spd|1
|faint|p2a: Necrozma
|
|upkeep
|
|t:|1651692713
|switch|p2a: Marshadow|Marshadow|100/100
|turn|9
|
|t:|1651692716
|move|p2a: Marshadow|Spectral Thief||[still]
|-clearpositiveboost|p1a: Zacian|p2a: Marshadow|move: Spectral Thief
|-boost|p2a: Marshadow|atk|3
|-anim|p2a: Marshadow|Spectral Thief|p1a: Zacian
|-damage|p1a: Zacian|0 fnt
|faint|p1a: Zacian
|
|upkeep
|
|t:|1651692723
|switch|p1a: Lugia|Lugia|76/100 par
|turn|10
|
|t:|1651692726
|move|p2a: Marshadow|Spectral Thief|p1a: Lugia
|-supereffective|p1a: Lugia
|-damage|p1a: Lugia|0 fnt
|faint|p1a: Lugia
|
|upkeep
|
|t:|1651692729
|switch|p1a: Ditto|Ditto|100/100
|-damage|p1a: Ditto|88/100|[from] Stealth Rock
|-transform|p1a: Ditto|p2a: Marshadow|[from] ability: Imposter
|turn|11
|
|t:|1651692732
|move|p1a: Ditto|Shadow Sneak|p2a: Marshadow
|-supereffective|p2a: Marshadow
|-enditem|p2a: Marshadow|Focus Sash
|-damage|p2a: Marshadow|1/100
|move|p2a: Marshadow|Shadow Sneak|p1a: Ditto
|-supereffective|p1a: Ditto
|-damage|p1a: Ditto|0 fnt
|faint|p1a: Ditto
|
|upkeep
|
|t:|1651692738
|switch|p1a: Xerneas|Xerneas|100/100
|-damage|p1a: Xerneas|88/100|[from] Stealth Rock
|-ability|p1a: Xerneas|Fairy Aura
|turn|12
|
|t:|1651692743
|-start|p1a: Xerneas|Dynamax|
|-heal|p1a: Xerneas|88/100|[silent]
|move|p2a: Marshadow|Spectral Thief|p1a: Xerneas
|-damage|p1a: Xerneas|47/100
|move|p1a: Xerneas|Max Starfall|p2a: Marshadow
|-supereffective|p2a: Marshadow
|-damage|p2a: Marshadow|0 fnt
|-fieldstart|move: Misty Terrain
|faint|p2a: Marshadow
|
|upkeep
|-message|xLeonisx forfeited.
|
|win|Gamer Boi YT
|raw|xLeonisx's rating: 1671 &rarr; <strong>1645</strong><br />(-26 for losing)
|raw|Gamer Boi YT's rating: 1568 &rarr; <strong>1594</strong><br />(+26 for winning)
|l|☆xLeonisx
