|j|☆DrMario69
|j|☆amnael1
|t:|1663709273
|gametype|singles
|player|p1|DrMario69|hiker-gen4|1843
|player|p2|amnael1|101|1834
|teamsize|p1|6
|teamsize|p2|6
|gen|8
|tier|[Gen 8] National Dex AG
|rated|
|rule|HP Percentage Mod: HP is shown in percentages
|rule|Endless Battle Clause: Forcing endless battles is banned
|clearpoke
|poke|p1|Groudon|
|poke|p1|Rayquaza|
|poke|p1|Zygarde|
|poke|p1|Arceus-*|
|poke|p1|Calyrex-Shadow|
|poke|p1|Xerneas-*|
|poke|p2|Smeargle, M|
|poke|p2|Groudon|
|poke|p2|Espeon, M|
|poke|p2|Rayquaza|
|poke|p2|Xerneas-*|
|poke|p2|Zacian-*|
|teampreview
|
|t:|1663709279
|start
|switch|p1a: the gwoat|Rayquaza|100/100
|switch|p2a: Zacian|Zacian-Crowned|100/100
|-ability|p2a: Zacian|Intrepid Sword|boost
|-boost|p2a: Zacian|atk|1
|-ability|p1a: the gwoat|Air Lock
|turn|1
|
|t:|1663709289
|detailschange|p1a: the gwoat|Rayquaza-Mega
|-mega|p1a: the gwoat|Rayquaza|
|-weather|DeltaStream|[from] ability: Delta Stream|[of] p1a: the gwoat
|move|p2a: Zacian|Play Rough|p1a: the gwoat
|-supereffective|p1a: the gwoat
|-damage|p1a: the gwoat|0 fnt
|faint|p1a: the gwoat
|-weather|none
|
|upkeep
|
|t:|1663709291
|switch|p1a: Pyra|Groudon|100/100
|detailschange|p1a: Pyra|Groudon-Primal
|-primal|p1a: Pyra
|-weather|DesolateLand|[from] ability: Desolate Land|[of] p1a: Pyra
|turn|2
|
|t:|1663709296
|switch|p2a: Espeon|Espeon, M|100/100
|move|p1a: Pyra|Precipice Blades|p2a: Espeon
|-enditem|p2a: Espeon|Focus Sash
|-damage|p2a: Espeon|1/100
|
|-weather|DesolateLand|[upkeep]
|upkeep
|turn|3
|
|t:|1663709303
|-weather|none
|switch|p1a: Xerneas|Xerneas|100/100
|-ability|p1a: Xerneas|Fairy Aura
|move|p2a: Espeon|Psychic|p1a: Xerneas
|-damage|p1a: Xerneas|61/100
|
|upkeep
|turn|4
|
|t:|1663709305
|move|p2a: Espeon|Yawn|p1a: Xerneas
|-start|p1a: Xerneas|move: Yawn|[of] p2a: Espeon
|move|p1a: Xerneas|Geomancy||[still]
|-prepare|p1a: Xerneas|Geomancy
|-enditem|p1a: Xerneas|Power Herb
|-anim|p1a: Xerneas|Geomancy|p1a: Xerneas
|-boost|p1a: Xerneas|spa|2
|-boost|p1a: Xerneas|spd|2
|-boost|p1a: Xerneas|spe|2
|
|upkeep
|turn|5
|
|t:|1663709318
|move|p1a: Xerneas|Hidden Power|p2a: Espeon
|-damage|p2a: Espeon|0 fnt
|faint|p2a: Espeon
|
|-end|p1a: Xerneas|move: Yawn|[silent]
|-status|p1a: Xerneas|slp
|upkeep
|
|t:|1663709339
|switch|p2a: Zacian|Zacian-Crowned|100/100
|-ability|p2a: Zacian|Intrepid Sword|boost
|-boost|p2a: Zacian|atk|1
|turn|6
|
|t:|1663709341
|switch|p1a: Pyra|Groudon-Primal|100/100
|-weather|DesolateLand|[from] ability: Desolate Land|[of] p1a: Pyra
|move|p2a: Zacian|Behemoth Blade|p1a: Pyra
|-resisted|p1a: Pyra
|-damage|p1a: Pyra|75/100
|
|-weather|DesolateLand|[upkeep]
|upkeep
|turn|7
|
|t:|1663709345
|switch|p2a: Smeargle|Smeargle, M|100/100
|move|p1a: Pyra|Thunder Wave|p2a: Smeargle
|-status|p2a: Smeargle|par
|
|-weather|DesolateLand|[upkeep]
|-ability|p2a: Smeargle|Moody|boost
|-boost|p2a: Smeargle|def|2
|-unboost|p2a: Smeargle|atk|1
|upkeep
|turn|8
|
|t:|1663709348
|move|p1a: Pyra|Precipice Blades|p2a: Smeargle
|-enditem|p2a: Smeargle|Focus Sash
|-damage|p2a: Smeargle|1/100 par
|move|p2a: Smeargle|Spore|p1a: Pyra
|-status|p1a: Pyra|slp|[from] move: Spore
|
|-weather|DesolateLand|[upkeep]
|-ability|p2a: Smeargle|Moody|boost
|-boost|p2a: Smeargle|spd|2
|-unboost|p2a: Smeargle|def|1
|upkeep
|turn|9
|
|t:|1663709354
|-weather|none
|switch|p1a: Calyrex|Calyrex-Shadow|100/100
|-ability|p1a: Calyrex|As One
|-ability|p1a: Calyrex|Unnerve
|move|p2a: Smeargle|Baton Pass|p2a: Smeargle
|
|t:|1663709361
|switch|p2a: Xerneas|Xerneas|100/100|[from]move: Baton Pass
|-ability|p2a: Xerneas|Fairy Aura
|
|upkeep
|turn|10
|
|t:|1663709364
|move|p1a: Calyrex|Leech Seed|p2a: Xerneas
|-start|p2a: Xerneas|move: Leech Seed
|move|p2a: Xerneas|Geomancy||[still]
|-prepare|p2a: Xerneas|Geomancy
|-enditem|p2a: Xerneas|Power Herb
|-anim|p2a: Xerneas|Geomancy|p2a: Xerneas
|-boost|p2a: Xerneas|spa|2
|-boost|p2a: Xerneas|spd|2
|-boost|p2a: Xerneas|spe|2
|
|-damage|p2a: Xerneas|88/100|[from] Leech Seed|[of] p1a: Calyrex
|upkeep
|turn|11
|
|t:|1663709367
|switch|p1a: Pyra|Groudon-Primal|75/100 slp
|-weather|DesolateLand|[from] ability: Desolate Land|[of] p1a: Pyra
|-start|p2a: Xerneas|Dynamax|
|-heal|p2a: Xerneas|88/100|[silent]
|move|p2a: Xerneas|Max Starfall|p1a: Pyra
|-resisted|p1a: Pyra
|-damage|p1a: Pyra|1/100 slp
|-fieldstart|move: Misty Terrain
|
|-weather|DesolateLand|[upkeep]
|-damage|p2a: Xerneas|82/100|[from] Leech Seed|[of] p1a: Pyra
|-heal|p1a: Pyra|15/100 slp|[silent]
|upkeep
|turn|12
|
|t:|1663709371
|move|p2a: Xerneas|Max Overgrowth|p1a: Pyra
|-damage|p1a: Pyra|0 fnt
|-fieldstart|move: Grassy Terrain
|faint|p1a: Pyra
|-weather|none
|
|-heal|p2a: Xerneas|85/100|[from] Grassy Terrain
|upkeep
|
|t:|1663709374
|switch|p1a: Xerneas|Xerneas|61/100 slp
|-ability|p1a: Xerneas|Fairy Aura
|turn|13
|
|t:|1663709378
|move|p2a: Xerneas|Max Starfall|p1a: Xerneas
|-damage|p1a: Xerneas|0 fnt
|-fieldstart|move: Misty Terrain
|faint|p1a: Xerneas
|
|upkeep
|
|t:|1663709383
|switch|p1a: Arceus|Arceus|100/100
|-end|p2a: Xerneas|Dynamax
|-heal|p2a: Xerneas|85/100|[silent]
|turn|14
|
|t:|1663709388
|-start|p1a: Arceus|Dynamax|
|-heal|p1a: Arceus|100/100|[silent]
|move|p2a: Xerneas|Moonblast|p1a: Arceus
|-damage|p1a: Arceus|59/100
|-unboost|p1a: Arceus|spa|1
|move|p1a: Arceus|Max Strike|p2a: Xerneas
|-damage|p2a: Xerneas|49/100
|-unboost|p2a: Xerneas|spe|1
|
|-damage|p2a: Xerneas|37/100|[from] Leech Seed|[of] p1a: Arceus
|-heal|p1a: Arceus|66/100|[silent]
|upkeep
|turn|15
|
|t:|1663709390
|move|p2a: Xerneas|Moonblast|p1a: Arceus
|-damage|p1a: Arceus|26/100
|move|p1a: Arceus|Max Strike|p2a: Xerneas
|-damage|p2a: Xerneas|6/100
|-unboost|p2a: Xerneas|spe|1
|
|-damage|p2a: Xerneas|0 fnt|[from] Leech Seed|[of] p1a: Arceus
|-heal|p1a: Arceus|29/100|[silent]
|faint|p2a: Xerneas
|upkeep
|
|t:|1663709393
|switch|p2a: Zacian|Zacian-Crowned|100/100
|-ability|p2a: Zacian|Intrepid Sword|boost
|-boost|p2a: Zacian|atk|1
|turn|16
|
|t:|1663709395
|move|p1a: Arceus|Max Guard|p1a: Arceus
|-singleturn|p1a: Arceus|Max Guard
|move|p2a: Zacian|Behemoth Blade|p1a: Arceus
|-activate|p1a: Arceus|move: Max Guard
|
|upkeep
|-end|p1a: Arceus|Dynamax
|-heal|p1a: Arceus|29/100|[silent]
|turn|17
|
|t:|1663709397
|move|p1a: Arceus|Extreme Speed|p2a: Zacian
|-resisted|p2a: Zacian
|-damage|p2a: Zacian|82/100
|move|p2a: Zacian|Behemoth Blade|p1a: Arceus
|-damage|p1a: Arceus|0 fnt
|faint|p1a: Arceus
|
|-fieldend|Misty Terrain
|upkeep
|
|t:|1663709400
|switch|p1a: the goat|Zygarde, shiny|100/100
|turn|18
|
|t:|1663709403
|move|p2a: Zacian|Play Rough|p1a: the goat
|-supereffective|p1a: the goat
|-damage|p1a: the goat|6/100
|move|p1a: the goat|Glare|p2a: Zacian
|-status|p2a: Zacian|par
|
|-heal|p1a: the goat|12/100|[from] item: Leftovers
|-activate|p1a: the goat|ability: Power Construct
|detailschange|p1a: the goat|Zygarde-Complete, shiny
|-heal|p1a: the goat|42/100|[silent]
|upkeep
|turn|19
|
|t:|1663709406
|move|p1a: the goat|Thousand Arrows|p2a: Zacian
|-supereffective|p2a: Zacian
|-damage|p2a: Zacian|24/100 par
|move|p2a: Zacian|Play Rough|p1a: the goat
|-supereffective|p1a: the goat
|-damage|p1a: the goat|0 fnt
|faint|p1a: the goat
|
|upkeep
|
|t:|1663709407
|switch|p1a: Calyrex|Calyrex-Shadow|100/100
|-ability|p1a: Calyrex|As One
|-ability|p1a: Calyrex|Unnerve
|turn|20
|
|t:|1663709412
|move|p1a: Calyrex|Substitute|p1a: Calyrex
|-start|p1a: Calyrex|Substitute
|-damage|p1a: Calyrex|76/100
|move|p2a: Zacian|Behemoth Blade|p1a: Calyrex
|-end|p1a: Calyrex|Substitute
|
|-heal|p1a: Calyrex|82/100|[from] item: Leftovers
|upkeep
|turn|21
|
|t:|1663709415
|move|p1a: Calyrex|Substitute|p1a: Calyrex
|-start|p1a: Calyrex|Substitute
|-damage|p1a: Calyrex|57/100
|move|p2a: Zacian|Behemoth Blade|p1a: Calyrex
|-end|p1a: Calyrex|Substitute
|
|-heal|p1a: Calyrex|63/100|[from] item: Leftovers
|upkeep
|turn|22
|
|t:|1663709417
|move|p1a: Calyrex|Substitute|p1a: Calyrex
|-start|p1a: Calyrex|Substitute
|-damage|p1a: Calyrex|38/100
|cant|p2a: Zacian|par
|
|-heal|p1a: Calyrex|44/100|[from] item: Leftovers
|upkeep
|turn|23
|
|t:|1663709421
|switch|p2a: Smeargle|Smeargle, M|1/100 par
|move|p1a: Calyrex|Astral Barrage|p2a: Smeargle
|-immune|p2a: Smeargle
|
|-heal|p1a: Calyrex|50/100|[from] item: Leftovers
|-ability|p2a: Smeargle|Moody|boost
|-boost|p2a: Smeargle|spa|2
|-unboost|p2a: Smeargle|spe|1
|upkeep
|turn|24
|
|t:|1663709423
|switch|p2a: Zacian|Zacian-Crowned|24/100 par
|-ability|p2a: Zacian|Intrepid Sword|boost
|-boost|p2a: Zacian|atk|1
|move|p1a: Calyrex|Draining Kiss|p2a: Zacian
|-resisted|p2a: Zacian
|-crit|p2a: Zacian
|-damage|p2a: Zacian|9/100 par
|-heal|p1a: Calyrex|61/100|[from] drain|[of] p2a: Zacian
|
|-heal|p1a: Calyrex|67/100|[from] item: Leftovers
|upkeep
|turn|25
|
|t:|1663709429
|move|p1a: Calyrex|Astral Barrage|p2a: Zacian
|-damage|p2a: Zacian|0 fnt
|faint|p2a: Zacian
|-ability|p1a: Calyrex|Grim Neigh|boost
|-boost|p1a: Calyrex|spa|1
|
|-heal|p1a: Calyrex|73/100|[from] item: Leftovers
|upkeep
|
|t:|1663709432
|switch|p2a: Rayquaza|Rayquaza|100/100
|-ability|p2a: Rayquaza|Air Lock
|turn|26
|
|t:|1663709434
|detailschange|p2a: Rayquaza|Rayquaza-Mega
|-mega|p2a: Rayquaza|Rayquaza|
|-weather|DeltaStream|[from] ability: Delta Stream|[of] p2a: Rayquaza
|move|p1a: Calyrex|Astral Barrage|p2a: Rayquaza
|-enditem|p2a: Rayquaza|Focus Sash
|-damage|p2a: Rayquaza|1/100
|move|p2a: Rayquaza|Dragon Dance|p2a: Rayquaza
|-boost|p2a: Rayquaza|atk|1
|-boost|p2a: Rayquaza|spe|1
|
|-weather|DeltaStream|[upkeep]
|-heal|p1a: Calyrex|79/100|[from] item: Leftovers
|upkeep
|turn|27
|
|t:|1663709436
|move|p2a: Rayquaza|Earthquake|p1a: Calyrex
|-end|p1a: Calyrex|Substitute
|move|p1a: Calyrex|Astral Barrage|p2a: Rayquaza
|-damage|p2a: Rayquaza|0 fnt
|faint|p2a: Rayquaza
|-weather|none
|-ability|p1a: Calyrex|Grim Neigh|boost
|-boost|p1a: Calyrex|spa|1
|
|-heal|p1a: Calyrex|85/100|[from] item: Leftovers
|upkeep
|
|t:|1663709438
|switch|p2a: Groudon|Groudon|100/100
|detailschange|p2a: Groudon|Groudon-Primal
|-primal|p2a: Groudon
|-weather|DesolateLand|[from] ability: Desolate Land|[of] p2a: Groudon
|turn|28
|
|t:|1663709440
|move|p1a: Calyrex|Astral Barrage|p2a: Groudon
|-damage|p2a: Groudon|0 fnt
|faint|p2a: Groudon
|-weather|none
|-ability|p1a: Calyrex|Grim Neigh|boost
|-boost|p1a: Calyrex|spa|1
|
|-heal|p1a: Calyrex|91/100|[from] item: Leftovers
|upkeep
|
|t:|1663709442
|switch|p2a: Smeargle|Smeargle, M|1/100 par
|turn|29
|c|☆DrMario69|gg
|
|t:|1663709445
|cant|p2a: Smeargle|par
|move|p1a: Calyrex|Draining Kiss|p2a: Smeargle
|-damage|p2a: Smeargle|0 fnt
|-heal|p1a: Calyrex|92/100|[from] drain|[of] p2a: Smeargle
|faint|p2a: Smeargle
|
|win|DrMario69
|raw|DrMario69's rating: 1843 &rarr; <strong>1862</strong><br />(+19 for winning)
|raw|amnael1's rating: 1834 &rarr; <strong>1815</strong><br />(-19 for losing)
|l|☆amnael1
||Ladder isn't responding, score probably updated but might not have (Request timeout).
