|j|☆zrp200 test2
|j|☆rajof
|t:|1611031571
|player|p1|zrp200 test2|supernerd-gen3|1910
|player|p2|rajof|youngster-gen4|1832
|teamsize|p1|6
|teamsize|p2|6
|gametype|singles
|gen|8
|tier|[Gen 8] National Dex AG
|rated|
|clearpoke
|poke|p1|Calyrex-Shadow|
|poke|p1|Arceus-*|
|poke|p1|Kyogre|
|poke|p1|Groudon|
|poke|p1|Tyranitar, F|
|poke|p1|Rayquaza|
|poke|p2|Arceus-*|
|poke|p2|Ditto|
|poke|p2|Groudon|
|poke|p2|Sableye, F|
|poke|p2|Chansey, F|
|poke|p2|Lugia|
|rule|HP Percentage Mod: HP is shown in percentages
|rule|Endless Battle Clause: Forcing endless battles is banned
|teampreview
|j| Jefff 369408
|c| Jefff 369408|Stall master
|
|t:|1611031593
|start
|switch|p1a: Calyrex|Calyrex-Shadow|100/100
|switch|p2a: 그란돈|Groudon|100/100
|-ability|p1a: Calyrex|As One
|-ability|p1a: Calyrex|Unnerve|p2: rajof
|detailschange|p2a: 그란돈|Groudon-Primal
|-primal|p2a: 그란돈
|-weather|DesolateLand|[from] ability: Desolate Land|[of] p2a: 그란돈
|turn|1
|
|t:|1611031598
|-weather|none
|switch|p2a: 럭키|Chansey, F|100/100
|move|p1a: Calyrex|Substitute|p1a: Calyrex
|-start|p1a: Calyrex|Substitute
|-damage|p1a: Calyrex|76/100
|
|upkeep
|turn|2
|
|t:|1611031604
|move|p1a: Calyrex|Nasty Plot|p1a: Calyrex
|-boost|p1a: Calyrex|spa|2
|move|p2a: 럭키|Wish|p2a: 럭키
|
|upkeep
|turn|3
|
|t:|1611031613
|switch|p2a: 깜까미|Sableye, F|100/100
|move|p1a: Calyrex|Astral Barrage|p2a: 깜까미
|-crit|p2a: 깜까미
|-damage|p2a: 깜까미|0 fnt
|faint|p2a: 깜까미
|-ability|p1a: Calyrex|Grim Neigh|boost
|-boost|p1a: Calyrex|spa|1
|
|upkeep
|
|t:|1611031622
|switch|p2a: 럭키|Chansey, F|100/100
|turn|4
|
|t:|1611031627
|move|p1a: Calyrex|Nasty Plot|p1a: Calyrex
|-boost|p1a: Calyrex|spa|2
|move|p2a: 럭키|Wish|p2a: 럭키
|
|upkeep
|turn|5
|
|t:|1611031637
|move|p1a: Calyrex|Baton Pass|p1a: Calyrex
|
|t:|1611031641
|switch|p1a: Rayquaza|Rayquaza|100/100|[from]move: Baton Pass
|-ability|p1a: Rayquaza|Air Lock
|move|p2a: 럭키|Seismic Toss|p1a: Rayquaza
|-end|p1a: Rayquaza|Substitute
|
|upkeep
|turn|6
|c|☆zrp200 test2|welp
|j| Discoii
|c| Discoii|Bruh
|c|☆zrp200 test2|what kinda move was that
|c| Discoii|Rajof move
|c|☆zrp200 test2|I see
|c| Jefff 369408|Rajof be stall
|c| Discoii|Bruh
|inactive|Battle timer is ON: inactive players will automatically lose when time's up. (requested by rajof)
|
|t:|1611031715
|detailschange|p1a: Rayquaza|Rayquaza-Mega
|-mega|p1a: Rayquaza|Rayquaza|
|-weather|DeltaStream|[from] ability: Delta Stream|[of] p1a: Rayquaza
|move|p1a: Rayquaza|Dragon Ascent|p2a: 럭키
|-damage|p2a: 럭키|20/100
|-unboost|p1a: Rayquaza|def|1
|-unboost|p1a: Rayquaza|spd|1
|-damage|p1a: Rayquaza|91/100|[from] item: Life Orb
|move|p2a: 럭키|Wish|p2a: 럭키
|
|-weather|DeltaStream|[upkeep]
|upkeep
|turn|7
|c| Discoii|lance is better
|
|t:|1611031727
|switch|p2a: 루기아|Lugia|100/100
|move|p1a: Rayquaza|Draco Meteor|p2a: 루기아
|-damage|p2a: 루기아|8/100
|-unboost|p1a: Rayquaza|spa|2
|-damage|p1a: Rayquaza|81/100|[from] item: Life Orb
|
|-weather|DeltaStream|[upkeep]
|-heal|p2a: 루기아|89/100|[from] move: Wish|[wisher] 럭키
|upkeep
|turn|8
|
|t:|1611031737
|move|p1a: Rayquaza|Draco Meteor|p2a: 루기아|[miss]
|-miss|p1a: Rayquaza|p2a: 루기아
|move|p2a: 루기아|Toxic|p1a: Rayquaza
|-status|p1a: Rayquaza|tox
|
|-weather|DeltaStream|[upkeep]
|-damage|p1a: Rayquaza|75/100 tox|[from] psn
|upkeep
|turn|9
|c|☆zrp200 test2|god
|c|☆zrp200 test2|why
|
|t:|1611031745
|move|p1a: Rayquaza|Draco Meteor|p2a: 루기아
|-damage|p2a: 루기아|0 fnt
|-unboost|p1a: Rayquaza|spa|2
|-damage|p1a: Rayquaza|65/100 tox|[from] item: Life Orb
|faint|p2a: 루기아
|
|-weather|DeltaStream|[upkeep]
|-damage|p1a: Rayquaza|53/100 tox|[from] psn
|upkeep
|
|t:|1611031750
|switch|p2a: 메타몽|Ditto|100/100
|-transform|p2a: 메타몽|p1a: Rayquaza|[from] ability: Imposter
|turn|10
|c| Jefff 369408|Who is lance
|c| Discoii|Onehorndrillman
|
|t:|1611031763
|switch|p1a: Tyranitar|Tyranitar, F|100/100
|-ability|p1a: Tyranitar|Sand Stream|[from] deltastream|[fail]
|move|p2a: 메타몽|Scale Shot|p1a: Tyranitar
|-damage|p1a: Tyranitar|87/100
|-damage|p1a: Tyranitar|73/100
|-hitcount|p1a: Tyranitar|2
|-unboost|p2a: 메타몽|def|1
|-boost|p2a: 메타몽|spe|1
|
|-weather|DeltaStream|[upkeep]
|-heal|p1a: Tyranitar|79/100|[from] item: Leftovers
|upkeep
|turn|11
|c| Jefff 369408|oh
|
|t:|1611031772
|move|p2a: 메타몽|Scale Shot|p1a: Tyranitar
|-damage|p1a: Tyranitar|66/100
|-damage|p1a: Tyranitar|52/100
|-damage|p1a: Tyranitar|38/100
|-hitcount|p1a: Tyranitar|3
|-unboost|p2a: 메타몽|def|1
|-boost|p2a: 메타몽|spe|1
|move|p1a: Tyranitar|Pursuit|p2a: 메타몽
|-damage|p2a: 메타몽|41/100
|
|-weather|DeltaStream|[upkeep]
|-heal|p1a: Tyranitar|44/100|[from] item: Leftovers
|upkeep
|turn|12
|
|t:|1611031781
|move|p2a: 메타몽|Scale Shot|p1a: Tyranitar
|-damage|p1a: Tyranitar|29/100
|-damage|p1a: Tyranitar|15/100
|-hitcount|p1a: Tyranitar|2
|-unboost|p2a: 메타몽|def|1
|-boost|p2a: 메타몽|spe|1
|move|p1a: Tyranitar|Thunder Wave|p2a: 메타몽
|-status|p2a: 메타몽|par
|
|-weather|DeltaStream|[upkeep]
|-heal|p1a: Tyranitar|21/100|[from] item: Leftovers
|upkeep
|turn|13
|c| Discoii|Nice
|
|t:|1611031795
|move|p1a: Tyranitar|Protect|p1a: Tyranitar
|-singleturn|p1a: Tyranitar|Protect
|move|p2a: 메타몽|Scale Shot|p1a: Tyranitar
|-activate|p1a: Tyranitar|move: Protect
|
|-weather|DeltaStream|[upkeep]
|-heal|p1a: Tyranitar|27/100|[from] item: Leftovers
|upkeep
|turn|14
|
|t:|1611031807
|cant|p2a: 메타몽|par
|move|p1a: Tyranitar|Pursuit|p2a: 메타몽
|-damage|p2a: 메타몽|0 fnt
|faint|p2a: 메타몽
|-weather|none
|
|-heal|p1a: Tyranitar|34/100|[from] item: Leftovers
|upkeep
|c|☆zrp200 test2|skill
|
|t:|1611031815
|switch|p2a: 그란돈|Groudon-Primal|100/100
|-weather|DesolateLand|[from] ability: Desolate Land|[of] p2a: 그란돈
|turn|15
|
|t:|1611031828
|move|p2a: 그란돈|Swords Dance|p2a: 그란돈
|-boost|p2a: 그란돈|atk|2
|move|p1a: Tyranitar|Rock Tomb|p2a: 그란돈
|-damage|p2a: 그란돈|86/100
|-unboost|p2a: 그란돈|spe|1
|
|-weather|DesolateLand|[upkeep]
|-heal|p1a: Tyranitar|40/100|[from] item: Leftovers
|upkeep
|turn|16
|
|t:|1611031837
|move|p1a: Tyranitar|Rock Tomb|p2a: 그란돈
|-damage|p2a: 그란돈|71/100
|-unboost|p2a: 그란돈|spe|1
|move|p2a: 그란돈|Rock Tomb|p1a: Tyranitar
|-damage|p1a: Tyranitar|0 fnt
|faint|p1a: Tyranitar
|
|-weather|DesolateLand|[upkeep]
|upkeep
|
|t:|1611031849
|switch|p1a: Rayquaza|Rayquaza-Mega|53/100 tox
|-weather|DeltaStream|[from] ability: Delta Stream|[of] p1a: Rayquaza
|turn|17
|
|t:|1611031852
|switch|p2a: 럭키|Chansey, F|20/100
|move|p1a: Rayquaza|Draco Meteor|p2a: 럭키
|-damage|p2a: 럭키|0 fnt
|-unboost|p1a: Rayquaza|spa|2
|-damage|p1a: Rayquaza|43/100 tox|[from] item: Life Orb
|faint|p2a: 럭키
|
|-weather|DeltaStream|[upkeep]
|-damage|p1a: Rayquaza|37/100 tox|[from] psn
|upkeep
|
|t:|1611031856
|switch|p2a: 아르세우스|Arceus-Fairy|100/100
|turn|18
|c|☆zrp200 test2|oh
|c|☆zrp200 test2|rude
|
|t:|1611031868
|move|p1a: Rayquaza|Dragon Ascent|p2a: 아르세우스
|-damage|p2a: 아르세우스|48/100
|-unboost|p1a: Rayquaza|def|1
|-unboost|p1a: Rayquaza|spd|1
|-damage|p1a: Rayquaza|27/100 tox|[from] item: Life Orb
|move|p2a: 아르세우스|Judgment|p1a: Rayquaza
|-supereffective|p1a: Rayquaza
|-damage|p1a: Rayquaza|0 fnt
|faint|p1a: Rayquaza
|-weather|none
|
|upkeep
|c| Discoii|Doesnt reveal this
|c| Discoii|when ray was at its peak
|c|☆zrp200 test2|didn't switch into any of my dracos
|c|☆zrp200 test2|lmao
|c| Discoii|Lol
|inactive|zrp200 test2 has 120 seconds left.
|c| Discoii|God tier plays
|c|☆zrp200 test2|I literally used it 4 times
|c| Discoii|we mere mortals cant understand those plays
|
|t:|1611031915
|switch|p1a: Calyrex|Calyrex-Shadow|76/100
|-ability|p1a: Calyrex|As One
|-ability|p1a: Calyrex|Unnerve|p2: rajof
|turn|19
|c|☆zrp200 test2|anyway
|c| Jefff 369408|lol
|c|☆zrp200 test2|goodbye
|
|t:|1611031924
|-zpower|p1a: Calyrex
|move|p1a: Calyrex|Never-Ending Nightmare|p2a: 아르세우스|[zeffect]
|-damage|p2a: 아르세우스|0 fnt
|faint|p2a: 아르세우스
|-ability|p1a: Calyrex|Grim Neigh|boost
|-boost|p1a: Calyrex|spa|1
|
|upkeep
|-message|rajof forfeited.
|
|win|zrp200 test2
|l|☆rajof
|c| Discoii|What kind of stupid stall
|raw|zrp200 test2's rating: 1910 &rarr; <strong>1926</strong><br />(+16 for winning)
|raw|rajof's rating: 1832 &rarr; <strong>1816</strong><br />(-16 for losing)
|c| Discoii|doesnt have a calyrex and zac counter!
|c|☆zrp200 test2|he lost a mon really early
|c|☆zrp200 test2|it was pdon
|c|☆zrp200 test2|obv
|c|☆zrp200 test2|pdon countered rex too
|c| Discoii|doesnt check properly
|c| Jefff 369408|He should upgrade his stall game
|c|☆zrp200 test2|agree
|c|☆zrp200 test2|perhaps he wanted chansey
|c|☆zrp200 test2|to stall
|c|☆zrp200 test2|idk
|c|☆zrp200 test2|it beats some rex
|c|☆zrp200 test2|or ditto
