|j|☆Andy611
|j|☆Obito152001
|t:|1665077206
|gametype|singles
|player|p1|Andy611|101|1812
|player|p2|Obito152001|blue-gen3two|1905
|teamsize|p1|6
|teamsize|p2|6
|gen|8
|tier|[Gen 8] National Dex AG
|rated|
|rule|HP Percentage Mod: HP is shown in percentages
|rule|Endless Battle Clause: Forcing endless battles is banned
|clearpoke
|poke|p1|Calyrex-Shadow|
|poke|p1|Kyogre|
|poke|p1|Yveltal|
|poke|p1|Lugia|
|poke|p1|Rayquaza|
|poke|p1|Groudon|
|poke|p2|Mewtwo|
|poke|p2|Arceus-*|
|poke|p2|Ditto|
|poke|p2|Arceus-*|
|poke|p2|Zygarde|
|poke|p2|Kyogre|
|teampreview
|inactive|Battle timer is ON: inactive players will automatically lose when time's up. (requested by Obito152001)
|
|t:|1665077217
|start
|switch|p1a: Kyogre|Kyogre|100/100
|switch|p2a: Mewtwo|Mewtwo|100/100
|-weather|RainDance|[from] ability: Drizzle|[of] p1a: Kyogre
|-ability|p2a: Mewtwo|Pressure
|turn|1
|
|t:|1665077227
|switch|p2a: Kyogre|Kyogre|100/100
|detailschange|p2a: Kyogre|Kyogre-Primal
|-primal|p2a: Kyogre
|-weather|PrimordialSea|[from] ability: Primordial Sea|[of] p2a: Kyogre
|move|p1a: Kyogre|Water Spout|p2a: Kyogre
|-resisted|p2a: Kyogre
|-damage|p2a: Kyogre|59/100
|
|-weather|PrimordialSea|[upkeep]
|upkeep
|turn|2
|
|t:|1665077255
|switch|p1a: Groudon|Groudon|100/100
|detailschange|p1a: Groudon|Groudon-Primal
|-primal|p1a: Groudon
|-weather|DesolateLand|[from] ability: Desolate Land|[of] p1a: Groudon
|move|p2a: Kyogre|Ice Beam|p1a: Groudon
|-damage|p1a: Groudon|66/100
|
|-weather|DesolateLand|[upkeep]
|upkeep
|turn|3
|
|t:|1665077273
|switch|p2a: Arceus|Arceus-Fairy|100/100
|move|p1a: Groudon|Stealth Rock|p2a: Arceus
|-sidestart|p2: Obito152001|move: Stealth Rock
|
|-weather|DesolateLand|[upkeep]
|upkeep
|turn|4
|
|t:|1665077280
|move|p2a: Arceus|Stealth Rock|p1a: Groudon
|-sidestart|p1: Andy611|move: Stealth Rock
|move|p1a: Groudon|Thunder Wave|p2a: Arceus
|-status|p2a: Arceus|par
|
|-weather|DesolateLand|[upkeep]
|upkeep
|turn|5
|
|t:|1665077286
|move|p1a: Groudon|Fire Punch|p2a: Arceus
|-damage|p2a: Arceus|58/100 par
|move|p2a: Arceus|Toxic|p1a: Groudon
|-status|p1a: Groudon|tox
|
|-weather|DesolateLand|[upkeep]
|-damage|p1a: Groudon|60/100 tox|[from] psn
|upkeep
|turn|6
|
|t:|1665077295
|switch|p2a: Zygarde|Zygarde, shiny|100/100
|-damage|p2a: Zygarde|94/100|[from] Stealth Rock
|move|p1a: Groudon|Fire Punch|p2a: Zygarde
|-resisted|p2a: Zygarde
|-damage|p2a: Zygarde|77/100
|
|-weather|DesolateLand|[upkeep]
|-heal|p2a: Zygarde|83/100|[from] item: Leftovers
|-damage|p1a: Groudon|48/100 tox|[from] psn
|upkeep
|turn|7
|
|t:|1665077307
|-weather|none
|switch|p1a: Lugia|Lugia|100/100
|move|p2a: Zygarde|Glare|p1a: Lugia
|-status|p1a: Lugia|par
|
|-heal|p2a: Zygarde|90/100|[from] item: Leftovers
|upkeep
|turn|8
|
|t:|1665077316
|switch|p2a: Arceus|Arceus-Fairy|58/100 par
|-damage|p2a: Arceus|46/100 par|[from] Stealth Rock
|move|p1a: Lugia|Toxic||[still]
|-fail|p1a: Lugia
|
|upkeep
|turn|9
|
|t:|1665077325
|move|p2a: Arceus|Recover|p2a: Arceus
|-heal|p2a: Arceus|96/100 par
|move|p1a: Lugia|Defog|p2a: Arceus
|-unboost|p2a: Arceus|evasion|1
|-sideend|p2: Obito152001|Stealth Rock|[from] move: Defog|[of] p1a: Lugia
|-sideend|p1: Andy611|Stealth Rock|[from] move: Defog|[of] p1a: Lugia
|
|upkeep
|turn|10
|
|t:|1665077337
|move|p2a: Arceus|Stealth Rock|p1a: Lugia
|-sidestart|p1: Andy611|move: Stealth Rock
|cant|p1a: Lugia|par
|
|upkeep
|turn|11
|
|t:|1665077343
|cant|p2a: Arceus|par
|move|p1a: Lugia|Whirlpool|p2a: Arceus
|-damage|p2a: Arceus|92/100 par
|-activate|p2a: Arceus|move: Whirlpool|[of] p1a: Lugia
|
|-damage|p2a: Arceus|80/100 par|[from] move: Whirlpool|[partiallytrapped]
|upkeep
|turn|12
|
|t:|1665077352
|move|p2a: Arceus|Judgment|p1a: Lugia
|-damage|p1a: Lugia|89/100 par
|move|p1a: Lugia|Defog|p2a: Arceus
|-unboost|p2a: Arceus|evasion|1
|-sideend|p1: Andy611|Stealth Rock|[from] move: Defog|[of] p1a: Lugia
|
|-damage|p2a: Arceus|67/100 par|[from] move: Whirlpool|[partiallytrapped]
|upkeep
|turn|13
|
|t:|1665077361
|move|p2a: Arceus|Stealth Rock|p1a: Lugia
|-sidestart|p1: Andy611|move: Stealth Rock
|move|p1a: Lugia|Roost|p1a: Lugia
|-heal|p1a: Lugia|100/100 par
|-singleturn|p1a: Lugia|move: Roost
|
|-damage|p2a: Arceus|55/100 par|[from] move: Whirlpool|[partiallytrapped]
|upkeep
|turn|14
|
|t:|1665077371
|move|p2a: Arceus|Recover|p2a: Arceus
|-heal|p2a: Arceus|100/100 par
|move|p1a: Lugia|Defog|p2a: Arceus
|-unboost|p2a: Arceus|evasion|1
|-sideend|p1: Andy611|Stealth Rock|[from] move: Defog|[of] p1a: Lugia
|
|-damage|p2a: Arceus|88/100 par|[from] move: Whirlpool|[partiallytrapped]
|upkeep
|turn|15
|
|t:|1665077381
|switch|p1a: Calyrex|Calyrex-Shadow|100/100
|-ability|p1a: Calyrex|As One
|-ability|p1a: Calyrex|Unnerve
|cant|p2a: Arceus|par
|
|-end|p2a: Arceus|Whirlpool|[partiallytrapped]|[silent]
|upkeep
|turn|16
|
|t:|1665077395
|-start|p1a: Calyrex|Dynamax|
|-heal|p1a: Calyrex|100/100|[silent]
|move|p1a: Calyrex|Max Phantasm|p2a: Arceus
|-damage|p2a: Arceus|48/100 par
|-unboost|p2a: Arceus|def|1
|move|p2a: Arceus|Stealth Rock|p1a: Calyrex
|-sidestart|p1: Andy611|move: Stealth Rock
|
|upkeep
|turn|17
|
|t:|1665077412
|switch|p2a: Arceus|Arceus|100/100
|move|p1a: Calyrex|Max Phantasm|p2a: Arceus
|-immune|p2a: Arceus
|
|upkeep
|turn|18
|
|t:|1665077419
|move|p1a: Calyrex|Max Mindstorm|p2a: Arceus
|-damage|p2a: Arceus|43/100
|-fieldstart|move: Psychic Terrain
|move|p2a: Arceus|Recover|p2a: Arceus
|-heal|p2a: Arceus|93/100
|
|upkeep
|-end|p1a: Calyrex|Dynamax
|-heal|p1a: Calyrex|100/100|[silent]
|turn|19
|
|t:|1665077429
|move|p1a: Calyrex|Psychic|p2a: Arceus
|-damage|p2a: Arceus|43/100
|move|p2a: Arceus|Shadow Claw|p1a: Calyrex
|-supereffective|p1a: Calyrex
|-enditem|p1a: Calyrex|Focus Sash
|-damage|p1a: Calyrex|1/100
|
|upkeep
|turn|20
|
|t:|1665077437
|switch|p2a: Ditto|Ditto, shiny|100/100
|-transform|p2a: Ditto|p1a: Calyrex|[from] ability: Imposter
|move|p1a: Calyrex|Psychic|p2a: Ditto
|-resisted|p2a: Ditto
|-damage|p2a: Ditto|61/100
|
|upkeep
|turn|21
|
|t:|1665077447
|switch|p1a: Yveltal|Yveltal|100/100
|-damage|p1a: Yveltal|76/100|[from] Stealth Rock
|-ability|p1a: Yveltal|Dark Aura
|move|p2a: Ditto|Astral Barrage|p1a: Yveltal
|-resisted|p1a: Yveltal
|-damage|p1a: Yveltal|43/100
|
|upkeep
|turn|22
|
|t:|1665077457
|switch|p2a: Arceus|Arceus-Fairy|48/100 par
|move|p1a: Yveltal|Knock Off|p2a: Arceus
|-resisted|p2a: Arceus
|-damage|p2a: Arceus|29/100 par
|-damage|p1a: Yveltal|33/100|[from] item: Life Orb
|
|-fieldend|move: Psychic Terrain
|upkeep
|turn|23
|
|t:|1665077467
|move|p1a: Yveltal|Oblivion Wing|p2a: Arceus
|-damage|p2a: Arceus|8/100 par
|-heal|p1a: Yveltal|51/100|[from] drain|[of] p2a: Arceus
|-damage|p1a: Yveltal|41/100|[from] item: Life Orb
|move|p2a: Arceus|Recover|p2a: Arceus
|-heal|p2a: Arceus|58/100 par
|
|upkeep
|turn|24
|
|t:|1665077478
|switch|p1a: Lugia|Lugia|100/100 par
|move|p2a: Arceus|Recover|p2a: Arceus
|-heal|p2a: Arceus|100/100 par
|
|upkeep
|turn|25
|
|t:|1665077485
|cant|p2a: Arceus|par
|move|p1a: Lugia|Defog|p2a: Arceus
|-unboost|p2a: Arceus|evasion|1
|-sideend|p1: Andy611|Stealth Rock|[from] move: Defog|[of] p1a: Lugia
|
|upkeep
|turn|26
|
|t:|1665077492
|switch|p1a: Rayquaza|Rayquaza|100/100
|-ability|p1a: Rayquaza|Air Lock
|move|p2a: Arceus|Stealth Rock|p1a: Rayquaza
|-sidestart|p1: Andy611|move: Stealth Rock
|
|upkeep
|turn|27
|
|t:|1665077501
|move|p1a: Rayquaza|Dragon Dance|p1a: Rayquaza
|-boost|p1a: Rayquaza|atk|1
|-boost|p1a: Rayquaza|spe|1
|cant|p2a: Arceus|par
|
|upkeep
|turn|28
|
|t:|1665077508
|detailschange|p1a: Rayquaza|Rayquaza-Mega
|-mega|p1a: Rayquaza|Rayquaza|
|-weather|DeltaStream|[from] ability: Delta Stream|[of] p1a: Rayquaza
|move|p1a: Rayquaza|Dragon Ascent|p2a: Arceus
|-damage|p2a: Arceus|22/100 par
|-unboost|p1a: Rayquaza|def|1
|-unboost|p1a: Rayquaza|spd|1
|move|p2a: Arceus|Judgment|p1a: Rayquaza
|-supereffective|p1a: Rayquaza
|-enditem|p1a: Rayquaza|Focus Sash
|-damage|p1a: Rayquaza|1/100
|
|-weather|DeltaStream|[upkeep]
|upkeep
|turn|29
|
|t:|1665077521
|move|p1a: Rayquaza|Dragon Ascent|p2a: Arceus
|-damage|p2a: Arceus|0 fnt
|-unboost|p1a: Rayquaza|def|1
|-unboost|p1a: Rayquaza|spd|1
|faint|p2a: Arceus
|
|-weather|DeltaStream|[upkeep]
|upkeep
|
|t:|1665077524
|switch|p2a: Ditto|Ditto, shiny|61/100
|-transform|p2a: Ditto|p1a: Rayquaza|[from] ability: Imposter
|turn|30
|
|t:|1665077534
|move|p2a: Ditto|Extreme Speed|p1a: Rayquaza
|-damage|p1a: Rayquaza|0 fnt
|faint|p1a: Rayquaza
|
|-weather|DeltaStream|[upkeep]
|upkeep
|
|t:|1665077540
|switch|p1a: Lugia|Lugia|100/100 par
|turn|31
|
|t:|1665077549
|-weather|none
|switch|p2a: Mewtwo|Mewtwo|100/100
|-ability|p2a: Mewtwo|Pressure
|move|p1a: Lugia|Defog|p2a: Mewtwo
|-unboost|p2a: Mewtwo|evasion|1
|-sideend|p1: Andy611|Stealth Rock|[from] move: Defog|[of] p1a: Lugia
|
|upkeep
|turn|32
|
|t:|1665077558
|move|p2a: Mewtwo|Taunt|p1a: Lugia
|-start|p1a: Lugia|move: Taunt
|cant|p1a: Lugia|move: Taunt|Toxic
|
|upkeep
|turn|33
|
|t:|1665077563
|move|p2a: Mewtwo|Ice Beam|p1a: Lugia
|-supereffective|p1a: Lugia
|-damage|p1a: Lugia|84/100 par
|cant|p1a: Lugia|par
|
|upkeep
|turn|34
|
|t:|1665077570
|move|p2a: Mewtwo|Psystrike|p1a: Lugia
|-resisted|p1a: Lugia
|-damage|p1a: Lugia|63/100 par
|move|p1a: Lugia|Whirlpool|p2a: Mewtwo
|-damage|p2a: Mewtwo|92/100
|-activate|p2a: Mewtwo|move: Whirlpool|[of] p1a: Lugia
|
|-damage|p2a: Mewtwo|80/100|[from] move: Whirlpool|[partiallytrapped]
|-end|p1a: Lugia|move: Taunt
|upkeep
|turn|35
|
|t:|1665077584
|switch|p1a: Calyrex|Calyrex-Shadow|1/100
|-ability|p1a: Calyrex|As One
|-ability|p1a: Calyrex|Unnerve
|move|p2a: Mewtwo|Taunt|p1a: Calyrex
|-start|p1a: Calyrex|move: Taunt
|
|-end|p2a: Mewtwo|Whirlpool|[partiallytrapped]|[silent]
|upkeep
|turn|36
|
|t:|1665077595
|switch|p2a: Arceus|Arceus|43/100
|move|p1a: Calyrex|Psychic|p2a: Arceus
|-damage|p2a: Arceus|5/100
|
|upkeep
|turn|37
|
|t:|1665077604
|move|p1a: Calyrex|Psychic|p2a: Arceus
|-damage|p2a: Arceus|0 fnt
|faint|p2a: Arceus
|-ability|p1a: Calyrex|Grim Neigh|boost
|-boost|p1a: Calyrex|spa|1
|
|-end|p1a: Calyrex|move: Taunt
|upkeep
|
|t:|1665077606
|switch|p2a: Ditto|Ditto, shiny|61/100
|-transform|p2a: Ditto|p1a: Calyrex|[from] ability: Imposter
|turn|38
|
|t:|1665077621
|switch|p1a: Yveltal|Yveltal|41/100
|-ability|p1a: Yveltal|Dark Aura
|move|p2a: Ditto|Draining Kiss|p1a: Yveltal
|-supereffective|p1a: Yveltal
|-damage|p1a: Yveltal|0 fnt
|-heal|p2a: Ditto|100/100|[from] drain|[of] p1a: Yveltal
|faint|p1a: Yveltal
|-ability|p2a: Ditto|Grim Neigh|boost
|-boost|p2a: Ditto|spa|1
|
|upkeep
|
|t:|1665077638
|switch|p1a: Groudon|Groudon-Primal|48/100 tox
|-weather|DesolateLand|[from] ability: Desolate Land|[of] p1a: Groudon
|turn|39
|
|t:|1665077645
|-start|p2a: Ditto|Dynamax|
|-heal|p2a: Ditto|100/100|[silent]
|move|p2a: Ditto|Max Mindstorm|p1a: Groudon
|-damage|p1a: Groudon|0 fnt
|-fieldstart|move: Psychic Terrain
|faint|p1a: Groudon
|-weather|none
|-ability|p2a: Ditto|Grim Neigh|boost
|-boost|p2a: Ditto|spa|1
|
|upkeep
|
|t:|1665077658
|switch|p1a: Calyrex|Calyrex-Shadow|1/100
|-ability|p1a: Calyrex|As One
|-ability|p1a: Calyrex|Unnerve
|turn|40
|
|t:|1665077665
|-end|p2a: Ditto|Dynamax
|-heal|p2a: Ditto|100/100|[silent]
|switch|p2a: Mewtwo|Mewtwo|80/100
|-ability|p2a: Mewtwo|Pressure
|move|p1a: Calyrex|Astral Barrage|p2a: Mewtwo
|-supereffective|p2a: Mewtwo
|-damage|p2a: Mewtwo|0 fnt
|faint|p2a: Mewtwo
|-ability|p1a: Calyrex|Grim Neigh|boost
|-boost|p1a: Calyrex|spa|1
|
|upkeep
|
|t:|1665077666
|switch|p2a: Ditto|Ditto, shiny|100/100
|-transform|p2a: Ditto|p1a: Calyrex|[from] ability: Imposter
|turn|41
|
|t:|1665077682
|switch|p1a: Lugia|Lugia|63/100 par
|move|p2a: Ditto|Astral Barrage|p1a: Lugia
|-supereffective|p1a: Lugia
|-damage|p1a: Lugia|0 fnt
|faint|p1a: Lugia
|-ability|p2a: Ditto|Grim Neigh|boost
|-boost|p2a: Ditto|spa|1
|
|upkeep
|
|t:|1665077693
|switch|p1a: Kyogre|Kyogre|100/100
|-weather|RainDance|[from] ability: Drizzle|[of] p1a: Kyogre
|turn|42
|
|t:|1665077698
|move|p2a: Ditto|Astral Barrage|p1a: Kyogre
|-damage|p1a: Kyogre|0 fnt
|faint|p1a: Kyogre
|-ability|p2a: Ditto|Grim Neigh|boost
|-boost|p2a: Ditto|spa|1
|
|-weather|RainDance|[upkeep]
|upkeep
|-message|Andy611 forfeited.
|
|win|Obito152001
|raw|Andy611's rating: 1812 &rarr; <strong>1797</strong><br />(-15 for losing)
|raw|Obito152001's rating: 1905 &rarr; <strong>1920</strong><br />(+15 for winning)
|l|☆Andy611
