|j|☆Los_Stunfisks
|j|☆Orange Overhaul
|t:|1617879838
|gametype|singles
|player|p1|Los_Stunfisks|lenora|1102
|player|p2|Orange Overhaul|wallace|1031
|teamsize|p1|6
|teamsize|p2|5
|gen|8
|tier|[Gen 8] National Dex AG
|rated|
|clearpoke
|poke|p1|Purugly, F|
|poke|p1|Celebi|
|poke|p1|Haunter, M|
|poke|p1|Kangaskhan, F|
|poke|p1|Donphan, F|
|poke|p1|Arceus-*|
|poke|p2|Dragapult, L69, M|
|poke|p2|Dustox, F|
|poke|p2|Zacian|
|poke|p2|Monferno, L18, M|
|poke|p2|Charizard, M|
|rule|HP Percentage Mod: HP is shown in percentages
|rule|Endless Battle Clause: Forcing endless battles is banned
|teampreview
|inactive|Battle timer is ON: inactive players will automatically lose when time's up. (requested by Orange Overhaul)
|inactive|Los_Stunfisks also wants the timer to be on.
|
|t:|1617879847
|start
|switch|p1a: Arceus|Arceus-Ghost|100/100
|switch|p2a: Dustox|Dustox, F|100/100
|turn|1
|
|t:|1617879852
|move|p1a: Arceus|Stealth Rock|p2a: Dustox
|-sidestart|p2: Orange Overhaul|move: Stealth Rock
|move|p2a: Dustox|Quiver Dance|p2a: Dustox
|-boost|p2a: Dustox|spa|1
|-boost|p2a: Dustox|spd|1
|-boost|p2a: Dustox|spe|1
|
|upkeep
|turn|2
|-activate|p2a: Dustox|item: Quick Claw
|
|t:|1617879858
|move|p2a: Dustox|Quiver Dance|p2a: Dustox
|-boost|p2a: Dustox|spa|1
|-boost|p2a: Dustox|spd|1
|-boost|p2a: Dustox|spe|1
|-zpower|p1a: Arceus
|move|p1a: Arceus|Never-Ending Nightmare|p2a: Dustox|[zeffect]
|-damage|p2a: Dustox|47/100
|
|upkeep
|turn|3
|-activate|p2a: Dustox|item: Quick Claw
|
|t:|1617879868
|move|p1a: Arceus|Extreme Speed|p2a: Dustox
|-damage|p2a: Dustox|10/100
|move|p2a: Dustox|Roost|p2a: Dustox
|-heal|p2a: Dustox|60/100
|-singleturn|p2a: Dustox|move: Roost
|
|upkeep
|turn|4
|
|t:|1617879875
|move|p1a: Arceus|Extreme Speed|p2a: Dustox
|-damage|p2a: Dustox|24/100
|move|p2a: Dustox|Roost|p2a: Dustox
|-heal|p2a: Dustox|74/100
|-singleturn|p2a: Dustox|move: Roost
|
|upkeep
|turn|5
|
|t:|1617879881
|switch|p1a: Haunter|Haunter, M|100/100
|move|p2a: Dustox|Roost|p2a: Dustox
|-heal|p2a: Dustox|100/100
|-singleturn|p2a: Dustox|move: Roost
|
|upkeep
|turn|6
|
|t:|1617879886
|move|p2a: Dustox|Quiver Dance|p2a: Dustox
|-boost|p2a: Dustox|spa|1
|-boost|p2a: Dustox|spd|1
|-boost|p2a: Dustox|spe|1
|move|p1a: Haunter|Clear Smog|p2a: Dustox
|-resisted|p2a: Dustox
|-damage|p2a: Dustox|93/100
|-clearboost|p2a: Dustox
|
|upkeep
|turn|7
|
|t:|1617879895
|move|p1a: Haunter|Shadow Ball|p2a: Dustox
|-damage|p2a: Dustox|30/100
|move|p2a: Dustox|Shadow Ball|p1a: Haunter
|-supereffective|p1a: Haunter
|-damage|p1a: Haunter|31/100
|
|upkeep
|turn|8
|
|t:|1617879901
|move|p1a: Haunter|Shadow Ball|p2a: Dustox
|-damage|p2a: Dustox|0 fnt
|faint|p2a: Dustox
|
|upkeep
|
|t:|1617879907
|switch|p2a: Dragapult|Dragapult, L69, M, shiny|100/100
|-damage|p2a: Dragapult|88/100|[from] Stealth Rock
|turn|9
|
|t:|1617879912
|switch|p1a: Kangaskhan|Kangaskhan, F|100/100
|move|p2a: Dragapult|Dragon Dance|p2a: Dragapult
|-boost|p2a: Dragapult|atk|1
|-boost|p2a: Dragapult|spe|1
|
|upkeep
|turn|10
|
|t:|1617879921
|move|p1a: Kangaskhan|Fake Out|p2a: Dragapult
|-damage|p2a: Dragapult|41/100
|cant|p2a: Dragapult|flinch
|
|upkeep
|turn|11
|
|t:|1617879930
|detailschange|p1a: Kangaskhan|Kangaskhan-Mega, F
|-mega|p1a: Kangaskhan|Kangaskhan|Kangaskhanite
|move|p2a: Dragapult|Dragon Dance|p2a: Dragapult
|-boost|p2a: Dragapult|atk|1
|-boost|p2a: Dragapult|spe|1
|move|p1a: Kangaskhan|Earthquake|p2a: Dragapult
|-damage|p2a: Dragapult|0 fnt
|-hitcount|p2a: Dragapult|1
|faint|p2a: Dragapult
|
|upkeep
|
|t:|1617879941
|switch|p2a: Zacian|Zacian|100/100
|-damage|p2a: Zacian|88/100|[from] Stealth Rock
|-ability|p2a: Zacian|Intrepid Sword|boost
|-boost|p2a: Zacian|atk|1
|turn|12
|
|t:|1617879951
|move|p2a: Zacian|Iron Head|p1a: Kangaskhan
|-crit|p1a: Kangaskhan
|-damage|p1a: Kangaskhan|36/100
|move|p1a: Kangaskhan|Earthquake|p2a: Zacian
|-damage|p2a: Zacian|58/100
|-damage|p2a: Zacian|50/100
|-hitcount|p2a: Zacian|2
|
|upkeep
|turn|13
|
|t:|1617879958
|move|p2a: Zacian|Iron Head|p1a: Kangaskhan
|-damage|p1a: Kangaskhan|0 fnt
|faint|p1a: Kangaskhan
|
|upkeep
|
|t:|1617879969
|switch|p1a: Haunter|Haunter, M|31/100
|turn|14
|
|t:|1617879978
|move|p2a: Zacian|Crunch|p1a: Haunter
|-supereffective|p1a: Haunter
|-damage|p1a: Haunter|0 fnt
|faint|p1a: Haunter
|
|upkeep
|
|t:|1617879985
|switch|p1a: Donphan|Donphan, F|100/100
|turn|15
|
|t:|1617879989
|move|p2a: Zacian|Play Rough|p1a: Donphan
|-damage|p1a: Donphan|50/100
|-unboost|p1a: Donphan|atk|1
|move|p1a: Donphan|Earthquake|p2a: Zacian
|-damage|p2a: Zacian|13/100
|
|upkeep
|turn|16
|
|t:|1617879996
|move|p1a: Donphan|Ice Shard|p2a: Zacian
|-damage|p2a: Zacian|4/100
|move|p2a: Zacian|Play Rough|p1a: Donphan
|-damage|p1a: Donphan|0 fnt
|faint|p1a: Donphan
|
|upkeep
|
|t:|1617879999
|switch|p1a: Purugly|Purugly, F|100/100
|turn|17
|
|t:|1617880006
|move|p1a: Purugly|Fake Out|p2a: Zacian
|-damage|p2a: Zacian|0 fnt
|-damage|p1a: Purugly|91/100|[from] item: Life Orb
|faint|p2a: Zacian
|
|upkeep
|
|t:|1617880011
|switch|p2a: Charizard|Charizard, M, shiny|100/100
|-damage|p2a: Charizard|51/100|[from] Stealth Rock
|turn|18
|
|t:|1617880016
|-start|p1a: Purugly|Dynamax
|-heal|p1a: Purugly|91/100|[silent]
|move|p1a: Purugly|Max Strike|p2a: Charizard
|-damage|p2a: Charizard|0 fnt
|-damage|p1a: Purugly|86/100|[from] item: Life Orb
|faint|p2a: Charizard
|
|upkeep
|
|t:|1617880024
|switch|p2a: Monferno|Monferno, L18, M|100/100
|-damage|p2a: Monferno|88/100|[from] Stealth Rock
|turn|19
|
|t:|1617880028
|move|p2a: Monferno|Vacuum Wave|p1a: Purugly
|-supereffective|p1a: Purugly
|-damage|p1a: Purugly|85/100
|move|p1a: Purugly|Max Strike|p2a: Monferno
|-damage|p2a: Monferno|0 fnt
|-damage|p1a: Purugly|80/100|[from] item: Life Orb
|faint|p2a: Monferno
|
|win|Los_Stunfisks
|raw|Los_Stunfisks's rating: 1102 &rarr; <strong>1122</strong><br />(+20 for winning)
|raw|Orange Overhaul's rating: 1031 &rarr; <strong>1019</strong><br />(-12 for losing)
|l|☆Orange Overhaul
