|j|☆JAY100064
|j|☆Awakened Tortoise
|t:|1625066137
|gametype|singles
|player|p1|JAY100064|preschooler|1362
|player|p2|Awakened Tortoise|shadowtriad|1290
|teamsize|p1|6
|teamsize|p2|6
|gen|8
|tier|[Gen 8] National Dex AG
|rated|
|rule|HP Percentage Mod: HP is shown in percentages
|rule|Endless Battle Clause: Forcing endless battles is banned
|clearpoke
|poke|p1|Arceus-*|
|poke|p1|Chansey, F|
|poke|p1|Giratina|
|poke|p1|Sableye, F|
|poke|p1|Necrozma-Dusk-Mane|
|poke|p1|Ho-Oh|
|poke|p2|Lunala|
|poke|p2|Mewtwo|
|poke|p2|Deoxys-Speed|
|poke|p2|Metagross|
|poke|p2|Tapu Lele|
|poke|p2|Latios, M|
|teampreview
|
|t:|1625066141
|start
|switch|p1a: Annoyance|Sableye, F, shiny|100/100
|switch|p2a: Deoxys|Deoxys-Speed, shiny|100/100
|-ability|p2a: Deoxys|Pressure
|turn|1
|inactive|Battle timer is ON: inactive players will automatically lose when time's up. (requested by JAY100064)
|
|t:|1625066153
|move|p1a: Annoyance|Fake Out|p2a: Deoxys
|-damage|p2a: Deoxys|92/100
|cant|p2a: Deoxys|flinch
|
|upkeep
|turn|2
|
|t:|1625066164
|switch|p1a: Chicken Little|Ho-Oh, shiny|100/100
|move|p2a: Deoxys|Taunt|p1a: Chicken Little
|-start|p1a: Chicken Little|move: Taunt
|
|upkeep
|turn|3
|
|t:|1625066172
|move|p2a: Deoxys|Stealth Rock|p1a: Chicken Little
|-sidestart|p1: JAY100064|move: Stealth Rock
|move|p1a: Chicken Little|Sacred Fire|p2a: Deoxys
|-damage|p2a: Deoxys|36/100
|-status|p2a: Deoxys|brn
|
|-damage|p2a: Deoxys|30/100 brn|[from] brn
|upkeep
|turn|4
|
|t:|1625066181
|move|p2a: Deoxys|Spikes|p1a: Chicken Little
|-sidestart|p1: JAY100064|Spikes
|move|p1a: Chicken Little|Sacred Fire|p2a: Deoxys|[miss]
|-miss|p1a: Chicken Little|p2a: Deoxys
|
|-damage|p2a: Deoxys|24/100 brn|[from] brn
|-end|p1a: Chicken Little|move: Taunt
|upkeep
|turn|5
|
|t:|1625066191
|move|p2a: Deoxys|Spikes|p1a: Chicken Little
|-sidestart|p1: JAY100064|Spikes
|move|p1a: Chicken Little|Sacred Fire|p2a: Deoxys
|-damage|p2a: Deoxys|0 fnt
|faint|p2a: Deoxys
|
|upkeep
|
|t:|1625066202
|switch|p2a: Tapu Lele|Tapu Lele|100/100
|-fieldstart|move: Psychic Terrain|[from] ability: Psychic Surge|[of] p2a: Tapu Lele
|turn|6
|inactive|JAY100064 has 120 seconds left.
|
|t:|1625066233
|switch|p1a: Miss Joy|Chansey, F|100/100
|-damage|p1a: Miss Joy|88/100|[from] Stealth Rock
|-damage|p1a: Miss Joy|71/100|[from] Spikes
|move|p2a: Tapu Lele|Thunder|p1a: Miss Joy
|-damage|p1a: Miss Joy|63/100
|
|upkeep
|turn|7
|
|t:|1625066247
|move|p2a: Tapu Lele|Psychic|p1a: Miss Joy
|-damage|p1a: Miss Joy|50/100
|move|p1a: Miss Joy|Soft-Boiled|p1a: Miss Joy
|-heal|p1a: Miss Joy|99/100
|
|upkeep
|turn|8
|
|t:|1625066256
|move|p2a: Tapu Lele|Light Screen|p2a: Tapu Lele
|-sidestart|p2: Awakened Tortoise|move: Light Screen
|move|p1a: Miss Joy|Confide|p2a: Tapu Lele
|-unboost|p2a: Tapu Lele|spa|1
|
|upkeep
|turn|9
|
|t:|1625066264
|switch|p2a: Metagross|Metagross, shiny|100/100
|move|p1a: Miss Joy|Confide|p2a: Metagross
|-fail|p2a: Metagross|unboost|[from] ability: Clear Body|[of] p2a: Metagross
|
|upkeep
|turn|10
|
|t:|1625066274
|switch|p1a: High and Mighty|Giratina, shiny|100/100
|-damage|p1a: High and Mighty|88/100|[from] Stealth Rock
|-damage|p1a: High and Mighty|72/100|[from] Spikes
|-ability|p1a: High and Mighty|Pressure
|move|p2a: Metagross|Power-Up Punch|p1a: High and Mighty
|-immune|p1a: High and Mighty
|
|-heal|p1a: High and Mighty|78/100|[from] item: Leftovers
|-fieldend|move: Psychic Terrain
|upkeep
|turn|11
|
|t:|1625066290
|move|p2a: Metagross|Ice Punch|p1a: High and Mighty
|-supereffective|p1a: High and Mighty
|-damage|p1a: High and Mighty|50/100
|move|p1a: High and Mighty|Dragon Tail|p2a: Metagross
|-resisted|p2a: Metagross
|-damage|p2a: Metagross|92/100
|drag|p2a: Mewtwo|Mewtwo|100/100
|-ability|p2a: Mewtwo|Pressure
|
|-heal|p1a: High and Mighty|57/100|[from] item: Leftovers
|upkeep
|turn|12
|
|t:|1625066316
|switch|p1a: Miss Joy|Chansey, F|99/100
|-damage|p1a: Miss Joy|88/100|[from] Stealth Rock
|-damage|p1a: Miss Joy|71/100|[from] Spikes
|detailschange|p2a: Mewtwo|Mewtwo-Mega-Y
|-mega|p2a: Mewtwo|Mewtwo|Mewtwonite Y
|move|p2a: Mewtwo|Ice Beam|p1a: Miss Joy
|-damage|p1a: Miss Joy|60/100
|
|-sideend|p2: Awakened Tortoise|move: Light Screen
|upkeep
|turn|13
|
|t:|1625066327
|switch|p2a: Tapu Lele|Tapu Lele|100/100
|-fieldstart|move: Psychic Terrain|[from] ability: Psychic Surge|[of] p2a: Tapu Lele
|move|p1a: Miss Joy|Soft-Boiled|p1a: Miss Joy
|-heal|p1a: Miss Joy|100/100
|
|upkeep
|turn|14
|
|t:|1625066335
|move|p2a: Tapu Lele|Light Screen|p2a: Tapu Lele
|-sidestart|p2: Awakened Tortoise|move: Light Screen
|move|p1a: Miss Joy|Confide|p2a: Tapu Lele
|-unboost|p2a: Tapu Lele|spa|1
|
|upkeep
|turn|15
|
|t:|1625066345
|switch|p2a: Metagross|Metagross, shiny|92/100
|move|p1a: Miss Joy|Confide|p2a: Metagross
|-fail|p2a: Metagross|unboost|[from] ability: Clear Body|[of] p2a: Metagross
|
|-heal|p2a: Metagross|98/100|[from] item: Leftovers
|upkeep
|turn|16
|
|t:|1625066357
|switch|p1a: Chicken Little|Ho-Oh, shiny|100/100
|move|p2a: Metagross|Reflect|p2a: Metagross
|-sidestart|p2: Awakened Tortoise|Reflect
|
|-heal|p2a: Metagross|100/100|[from] item: Leftovers
|upkeep
|turn|17
|
|t:|1625066369
|move|p1a: Chicken Little|Sacred Fire|p2a: Metagross
|-supereffective|p2a: Metagross
|-damage|p2a: Metagross|68/100
|move|p2a: Metagross|Power-Up Punch|p1a: Chicken Little
|-resisted|p1a: Chicken Little
|-damage|p1a: Chicken Little|96/100
|-boost|p2a: Metagross|atk|1
|
|-heal|p2a: Metagross|74/100|[from] item: Leftovers
|-fieldend|move: Psychic Terrain
|upkeep
|turn|18
|
|t:|1625066380
|switch|p1a: High and Mighty|Giratina, shiny|57/100
|-damage|p1a: High and Mighty|44/100|[from] Stealth Rock
|-damage|p1a: High and Mighty|28/100|[from] Spikes
|-ability|p1a: High and Mighty|Pressure
|move|p2a: Metagross|Ice Punch|p1a: High and Mighty
|-supereffective|p1a: High and Mighty
|-damage|p1a: High and Mighty|0 fnt
|faint|p1a: High and Mighty
|
|-heal|p2a: Metagross|80/100|[from] item: Leftovers
|-sideend|p2: Awakened Tortoise|move: Light Screen
|upkeep
|c|☆Awakened Tortoise|Knew it
|
|t:|1625066394
|switch|p1a: Chicken Little|Ho-Oh, shiny|100/100
|turn|19
|
|t:|1625066401
|move|p2a: Metagross|Bullet Punch|p1a: Chicken Little
|-resisted|p1a: Chicken Little
|-crit|p1a: Chicken Little
|-damage|p1a: Chicken Little|84/100
|move|p1a: Chicken Little|Sacred Fire|p2a: Metagross
|-supereffective|p2a: Metagross
|-damage|p2a: Metagross|48/100
|
|-heal|p2a: Metagross|54/100|[from] item: Leftovers
|upkeep
|turn|20
|
|t:|1625066421
|switch|p1a: Stainless Steel|Necrozma-Dusk-Mane|100/100
|-damage|p1a: Stainless Steel|84/100|[from] Spikes
|-damage|p1a: Stainless Steel|78/100|[from] Stealth Rock
|switch|p2a: Tapu Lele|Tapu Lele|100/100
|-fieldstart|move: Psychic Terrain|[from] ability: Psychic Surge|[of] p2a: Tapu Lele
|
|-sideend|p2: Awakened Tortoise|Reflect
|upkeep
|turn|21
|
|t:|1625066435
|-start|p1a: Stainless Steel|Dynamax
|-heal|p1a: Stainless Steel|78/100|[silent]
|move|p2a: Tapu Lele|Light Screen|p2a: Tapu Lele
|-sidestart|p2: Awakened Tortoise|move: Light Screen
|move|p1a: Stainless Steel|Max Steelspike|p2a: Tapu Lele
|-supereffective|p2a: Tapu Lele
|-damage|p2a: Tapu Lele|0 fnt
|-boost|p1a: Stainless Steel|def|1
|faint|p2a: Tapu Lele
|
|upkeep
|
|t:|1625066447
|switch|p2a: Metagross|Metagross, shiny|54/100
|turn|22
|
|t:|1625066452
|move|p1a: Stainless Steel|Max Quake|p2a: Metagross
|-supereffective|p2a: Metagross
|-damage|p2a: Metagross|0 fnt
|-boost|p1a: Stainless Steel|spd|1
|faint|p2a: Metagross
|
|upkeep
|
|t:|1625066457
|switch|p2a: Latios|Latios, M|100/100
|turn|23
|
|t:|1625066463
|move|p2a: Latios|Mystical Fire|p1a: Stainless Steel
|-supereffective|p1a: Stainless Steel
|-damage|p1a: Stainless Steel|66/100
|-unboost|p1a: Stainless Steel|spa|1
|move|p1a: Stainless Steel|Max Steelspike|p2a: Latios
|-damage|p2a: Latios|18/100
|-boost|p1a: Stainless Steel|def|1
|
|-end|p1a: Stainless Steel|Dynamax
|-heal|p1a: Stainless Steel|66/100|[silent]
|upkeep
|turn|24
|
|t:|1625066476
|move|p2a: Latios|Roost|p2a: Latios
|-heal|p2a: Latios|69/100
|-singleturn|p2a: Latios|move: Roost
|move|p1a: Stainless Steel|Morning Sun|p1a: Stainless Steel
|-heal|p1a: Stainless Steel|100/100
|
|-fieldend|move: Psychic Terrain
|upkeep
|turn|25
|
|t:|1625066484
|switch|p1a: Chicken Little|Ho-Oh, shiny|100/100
|move|p2a: Latios|Mystical Fire|p1a: Chicken Little
|-resisted|p1a: Chicken Little
|-damage|p1a: Chicken Little|93/100
|-unboost|p1a: Chicken Little|spa|1
|
|-sideend|p2: Awakened Tortoise|move: Light Screen
|upkeep
|turn|26
|
|t:|1625066498
|move|p2a: Latios|Roost|p2a: Latios
|-heal|p2a: Latios|100/100
|-singleturn|p2a: Latios|move: Roost
|move|p1a: Chicken Little|Toxic|p2a: Latios
|-status|p2a: Latios|tox
|
|-damage|p2a: Latios|94/100 tox|[from] psn
|upkeep
|turn|27
|
|t:|1625066511
|switch|p1a: Miss Joy|Chansey, F|100/100
|-damage|p1a: Miss Joy|88/100|[from] Stealth Rock
|-damage|p1a: Miss Joy|71/100|[from] Spikes
|move|p2a: Latios|Dragon Pulse|p1a: Miss Joy
|-damage|p1a: Miss Joy|58/100
|
|-damage|p2a: Latios|82/100 tox|[from] psn
|upkeep
|turn|28
|
|t:|1625066524
|move|p2a: Latios|Air Slash|p1a: Miss Joy
|-damage|p1a: Miss Joy|50/100
|move|p1a: Miss Joy|Soft-Boiled|p1a: Miss Joy
|-heal|p1a: Miss Joy|99/100
|
|-damage|p2a: Latios|64/100 tox|[from] psn
|upkeep
|turn|29
|
|t:|1625066533
|move|p2a: Latios|Roost|p2a: Latios
|-heal|p2a: Latios|100/100 tox
|-singleturn|p2a: Latios|move: Roost
|move|p1a: Miss Joy|Confide|p2a: Latios
|-unboost|p2a: Latios|spa|1
|
|-damage|p2a: Latios|76/100 tox|[from] psn
|upkeep
|turn|30
|
|t:|1625066542
|switch|p2a: Mewtwo|Mewtwo-Mega-Y|100/100
|move|p1a: Miss Joy|Confide|p2a: Mewtwo
|-unboost|p2a: Mewtwo|spa|1
|
|upkeep
|turn|31
|
|t:|1625066550
|move|p2a: Mewtwo|Nasty Plot|p2a: Mewtwo
|-boost|p2a: Mewtwo|spa|2
|move|p1a: Miss Joy|Toxic|p2a: Mewtwo
|-status|p2a: Mewtwo|tox
|
|-damage|p2a: Mewtwo|94/100 tox|[from] psn
|upkeep
|turn|32
|
|t:|1625066560
|move|p2a: Mewtwo|Nasty Plot|p2a: Mewtwo
|-boost|p2a: Mewtwo|spa|2
|move|p1a: Miss Joy|Confide|p2a: Mewtwo
|-unboost|p2a: Mewtwo|spa|1
|
|-damage|p2a: Mewtwo|82/100 tox|[from] psn
|upkeep
|turn|33
|inactive|JAY100064 has 120 seconds left.
|c|☆JAY100064|can u pause the time brb
|c|☆Awakened Tortoise|Kinda pushing to finish up here honestly
|inactive|JAY100064 has 90 seconds left.
|
|t:|1625066635
|move|p2a: Mewtwo|Psystrike|p1a: Miss Joy
|-damage|p1a: Miss Joy|0 fnt
|faint|p1a: Miss Joy
|
|-damage|p2a: Mewtwo|63/100 tox|[from] psn
|upkeep
|c|☆Awakened Tortoise|these defense teams take a thousand rounds to play through
|
|t:|1625066645
|switch|p1a: Stainless Steel|Necrozma-Dusk-Mane|100/100
|-damage|p1a: Stainless Steel|84/100|[from] Spikes
|-damage|p1a: Stainless Steel|78/100|[from] Stealth Rock
|turn|34
|
|t:|1625066658
|move|p2a: Mewtwo|Aura Sphere|p1a: Stainless Steel
|-damage|p1a: Stainless Steel|19/100
|move|p1a: Stainless Steel|Morning Sun|p1a: Stainless Steel
|-heal|p1a: Stainless Steel|69/100
|
|-damage|p2a: Mewtwo|38/100 tox|[from] psn
|upkeep
|turn|35
|
|t:|1625066670
|switch|p1a: Annoyance|Sableye, F, shiny|100/100
|-damage|p1a: Annoyance|88/100|[from] Stealth Rock
|-damage|p1a: Annoyance|72/100|[from] Spikes
|move|p2a: Mewtwo|Psystrike|p1a: Annoyance
|-immune|p1a: Annoyance
|
|-damage|p2a: Mewtwo|7/100 tox|[from] psn
|upkeep
|turn|36
|
|t:|1625066682
|move|p1a: Annoyance|Fake Out|p2a: Mewtwo
|-damage|p2a: Mewtwo|0 fnt
|faint|p2a: Mewtwo
|
|upkeep
|
|t:|1625066688
|switch|p2a: Lunala|Lunala, shiny|100/100
|turn|37
|inactive|JAY100064 has 90 seconds left.
|
|t:|1625066699
|switch|p1a: Chicken Little|Ho-Oh, shiny|100/100
|move|p2a: Lunala|Moonblast|p1a: Chicken Little
|-resisted|p1a: Chicken Little
|-damage|p1a: Chicken Little|91/100
|
|upkeep
|turn|38
|
|t:|1625066707
|switch|p2a: Latios|Latios, M|76/100 tox
|move|p1a: Chicken Little|Toxic|p2a: Latios|[miss]
|-miss|p1a: Chicken Little|p2a: Latios
|
|-damage|p2a: Latios|70/100 tox|[from] psn
|upkeep
|turn|39
|inactive|JAY100064 has 90 seconds left.
|
|t:|1625066727
|switch|p1a: God|Arceus|100/100
|-damage|p1a: God|88/100|[from] Stealth Rock
|-damage|p1a: God|71/100|[from] Spikes
|-start|p2a: Latios|Dynamax
|-heal|p2a: Latios|70/100 tox|[silent]
|move|p2a: Latios|Max Airstream|p1a: God
|-damage|p1a: God|37/100
|-boost|p2a: Latios|spe|1
|
|-heal|p1a: God|43/100|[from] item: Leftovers
|-damage|p2a: Latios|64/100 tox|[from] psn
|upkeep
|turn|40
|inactive|JAY100064 has 90 seconds left.
|
|t:|1625066746
|move|p2a: Latios|Max Wyrmwind|p1a: God
|-damage|p1a: God|0 fnt
|faint|p1a: God
|
|-damage|p2a: Latios|54/100 tox|[from] psn
|upkeep
|
|t:|1625066762
|switch|p1a: Chicken Little|Ho-Oh, shiny|100/100
|turn|41
|
|t:|1625066774
|switch|p1a: Annoyance|Sableye, F, shiny|72/100
|-damage|p1a: Annoyance|55/100|[from] Spikes
|-damage|p1a: Annoyance|43/100|[from] Stealth Rock
|move|p2a: Latios|Max Wyrmwind|p1a: Annoyance
|-damage|p1a: Annoyance|0 fnt
|faint|p1a: Annoyance
|
|-damage|p2a: Latios|42/100 tox|[from] psn
|-end|p2a: Latios|Dynamax
|-heal|p2a: Latios|42/100 tox|[silent]
|upkeep
|
|t:|1625066788
|switch|p1a: Chicken Little|Ho-Oh, shiny|100/100
|turn|42
|
|t:|1625066794
|move|p2a: Latios|Dragon Pulse|p1a: Chicken Little
|-damage|p1a: Chicken Little|67/100
|move|p1a: Chicken Little|Recover|p1a: Chicken Little
|-heal|p1a: Chicken Little|100/100
|
|-damage|p2a: Latios|11/100 tox|[from] psn
|upkeep
|turn|43
|
|t:|1625066803
|move|p2a: Latios|Dragon Pulse|p1a: Chicken Little
|-damage|p1a: Chicken Little|66/100
|move|p1a: Chicken Little|Recover|p1a: Chicken Little
|-heal|p1a: Chicken Little|100/100
|
|-damage|p2a: Latios|0 fnt|[from] psn
|faint|p2a: Latios
|upkeep
|
|t:|1625066810
|switch|p2a: Lunala|Lunala, shiny|100/100
|turn|44
|inactive|JAY100064 has 90 seconds left.
|
|t:|1625066816
|-zpower|p2a: Lunala
|move|p2a: Lunala|Menacing Moonraze Maelstrom|p1a: Chicken Little|[zeffect]
|-damage|p1a: Chicken Little|40/100
|move|p1a: Chicken Little|Toxic|p2a: Lunala
|-status|p2a: Lunala|tox
|
|-damage|p2a: Lunala|94/100 tox|[from] psn
|upkeep
|turn|45
|inactive|JAY100064 has 90 seconds left.
|
|t:|1625066830
|switch|p1a: Stainless Steel|Necrozma-Dusk-Mane|69/100
|-damage|p1a: Stainless Steel|63/100|[from] Stealth Rock
|-damage|p1a: Stainless Steel|46/100|[from] Spikes
|move|p2a: Lunala|Calm Mind|p2a: Lunala
|-boost|p2a: Lunala|spa|1
|-boost|p2a: Lunala|spd|1
|
|-damage|p2a: Lunala|82/100 tox|[from] psn
|upkeep
|turn|46
|inactive|JAY100064 has 90 seconds left.
|
|t:|1625066846
|move|p2a: Lunala|Moonblast|p1a: Stainless Steel
|-resisted|p1a: Stainless Steel
|-damage|p1a: Stainless Steel|26/100
|-unboost|p1a: Stainless Steel|spa|1
|move|p1a: Stainless Steel|Morning Sun|p1a: Stainless Steel
|-heal|p1a: Stainless Steel|76/100
|
|-damage|p2a: Lunala|64/100 tox|[from] psn
|upkeep
|turn|47
|inactive|JAY100064 has 90 seconds left.
|
|t:|1625066869
|move|p2a: Lunala|Calm Mind|p2a: Lunala
|-boost|p2a: Lunala|spa|1
|-boost|p2a: Lunala|spd|1
|move|p1a: Stainless Steel|Sunsteel Strike|p2a: Lunala
|-damage|p2a: Lunala|20/100 tox
|
|-damage|p2a: Lunala|0 fnt|[from] psn
|faint|p2a: Lunala
|
|win|JAY100064
|upkeep
|raw|JAY100064's rating: 1362 &rarr; <strong>1378</strong><br />(+16 for winning)
|raw|Awakened Tortoise's rating: 1290 &rarr; <strong>1270</strong><br />(-20 for losing)
|l|☆Awakened Tortoise
|c|☆JAY100064|gg
||Ladder isn't responding, score probably updated but might not have (Request timeout).
