|j|☆keixchm
|j|☆kerrozxl-
|t:|1656655518
|gametype|singles
|player|p1|keixchm|n|1637
|player|p2|kerrozxl-|unknownf|1720
|teamsize|p1|6
|teamsize|p2|6
|gen|8
|tier|[Gen 8] National Dex AG
|rated|
|rule|HP Percentage Mod: HP is shown in percentages
|rule|Endless Battle Clause: Forcing endless battles is banned
|clearpoke
|poke|p1|Calyrex-Ice|
|poke|p1|Magearna-Original|
|poke|p1|Groudon|
|poke|p1|Marshadow|
|poke|p1|Cresselia, F|
|poke|p1|Mimikyu, M|
|poke|p2|Rayquaza|
|poke|p2|Groudon|
|poke|p2|Necrozma-Dusk-Mane|
|poke|p2|Marshadow|
|poke|p2|Yveltal|
|poke|p2|Groudon|
|teampreview
|inactive|Battle timer is ON: inactive players will automatically lose when time's up. (requested by keixchm)
|inactive|kerrozxl- has 120 seconds left.
|inactive|kerrozxl- has 90 seconds left.
|
|t:|1656655625
|start
|switch|p1a: Cresselia|Cresselia, F|100/100
|switch|p2a: Rayquaza|Rayquaza, shiny|100/100
|-ability|p2a: Rayquaza|Air Lock
|turn|1
|
|t:|1656655632
|detailschange|p2a: Rayquaza|Rayquaza-Mega, shiny
|-mega|p2a: Rayquaza|Rayquaza|
|-weather|DeltaStream|[from] ability: Delta Stream|[of] p2a: Rayquaza
|move|p2a: Rayquaza|Dragon Ascent|p1a: Cresselia
|-damage|p1a: Cresselia|20/100
|-unboost|p2a: Rayquaza|def|1
|-unboost|p2a: Rayquaza|spd|1
|move|p1a: Cresselia|Trick Room|p1a: Cresselia
|-fieldstart|move: Trick Room|[of] p1a: Cresselia
|
|-weather|DeltaStream|[upkeep]
|upkeep
|turn|2
|
|t:|1656655647
|switch|p1a: Magearna|Magearna-Original|100/100
|-weather|none
|switch|p2a: Marshadow|Marshadow|100/100
|
|upkeep
|turn|3
|
|t:|1656655655
|move|p1a: Magearna|Ice Beam|p2a: Marshadow
|-damage|p2a: Marshadow|57/100
|move|p2a: Marshadow|Close Combat|p1a: Magearna
|-damage|p1a: Magearna|52/100
|-unboost|p2a: Marshadow|def|1
|-unboost|p2a: Marshadow|spd|1
|
|upkeep
|turn|4
|
|t:|1656655664
|move|p2a: Marshadow|Shadow Sneak|p1a: Magearna
|-damage|p1a: Magearna|26/100
|move|p1a: Magearna|Ice Beam|p2a: Marshadow
|-damage|p2a: Marshadow|0 fnt
|faint|p2a: Marshadow
|-ability|p1a: Magearna|Soul-Heart|boost
|-boost|p1a: Magearna|spa|1
|
|upkeep
|
|t:|1656655670
|switch|p2a: Groudon|Groudon|100/100
|-weather|SunnyDay|[from] ability: Drought|[of] p2a: Groudon
|turn|5
|
|t:|1656655675
|move|p1a: Magearna|Ice Beam|p2a: Groudon
|-supereffective|p2a: Groudon
|-damage|p2a: Groudon|0 fnt
|faint|p2a: Groudon
|-ability|p1a: Magearna|Soul-Heart|boost
|-boost|p1a: Magearna|spa|1
|
|-weather|SunnyDay|[upkeep]
|-fieldend|move: Trick Room
|upkeep
|
|t:|1656655687
|switch|p2a: Rayquaza|Rayquaza-Mega, shiny|100/100
|-weather|DeltaStream|[from] ability: Delta Stream|[of] p2a: Rayquaza
|turn|6
|
|t:|1656655692
|move|p2a: Rayquaza|Dragon Ascent|p1a: Magearna
|-resisted|p1a: Magearna
|-damage|p1a: Magearna|0 fnt
|-unboost|p2a: Rayquaza|def|1
|-unboost|p2a: Rayquaza|spd|1
|faint|p1a: Magearna
|
|-weather|DeltaStream|[upkeep]
|upkeep
|
|t:|1656655700
|switch|p1a: Mimikyu|Mimikyu, M|100/100
|turn|7
|
|t:|1656655704
|-weather|none
|switch|p2a: Necrozma|Necrozma-Dusk-Mane|100/100
|move|p1a: Mimikyu|Trick Room|p1a: Mimikyu
|-fieldstart|move: Trick Room|[of] p1a: Mimikyu
|
|upkeep
|turn|8
|
|t:|1656655708
|switch|p1a: Groudon|Groudon|100/100
|detailschange|p1a: Groudon|Groudon-Primal
|-primal|p1a: Groudon
|-weather|DesolateLand|[from] ability: Desolate Land|[of] p1a: Groudon
|move|p2a: Necrozma|Earthquake|p1a: Groudon
|-supereffective|p1a: Groudon
|-damage|p1a: Groudon|55/100
|
|-weather|DesolateLand|[upkeep]
|upkeep
|turn|9
|
|t:|1656655715
|detailschange|p2a: Necrozma|Necrozma-Ultra
|-burst|p2a: Necrozma|Necrozma|Ultranecrozium Z
|move|p1a: Groudon|Precipice Blades|p2a: Necrozma
|-damage|p2a: Necrozma|9/100
|move|p2a: Necrozma|Earthquake|p1a: Groudon
|-supereffective|p1a: Groudon
|-damage|p1a: Groudon|0 fnt
|faint|p1a: Groudon
|-weather|none
|
|upkeep
|
|t:|1656655728
|switch|p1a: Calyrex|Calyrex-Ice|100/100
|-ability|p1a: Calyrex|As One
|-ability|p1a: Calyrex|Unnerve
|turn|10
|
|t:|1656655732
|move|p1a: Calyrex|Glacial Lance|p2a: Necrozma
|-supereffective|p2a: Necrozma
|-damage|p2a: Necrozma|0 fnt
|faint|p2a: Necrozma
|-ability|p1a: Calyrex|Chilling Neigh|boost
|-boost|p1a: Calyrex|atk|1
|
|upkeep
|
|t:|1656655734
|switch|p2a: Yveltal|Yveltal|100/100
|-ability|p2a: Yveltal|Dark Aura
|turn|11
|
|t:|1656655745
|-start|p1a: Calyrex|Dynamax|
|-heal|p1a: Calyrex|100/100|[silent]
|move|p2a: Yveltal|Sucker Punch|p1a: Calyrex
|-supereffective|p1a: Calyrex
|-damage|p1a: Calyrex|75/100
|move|p1a: Calyrex|Max Hailstorm|p2a: Yveltal
|-supereffective|p2a: Yveltal
|-damage|p2a: Yveltal|0 fnt
|-weather|Hail
|faint|p2a: Yveltal
|-ability|p1a: Calyrex|Chilling Neigh|boost
|-boost|p1a: Calyrex|atk|1
|
|-weather|Hail|[upkeep]
|-fieldend|move: Trick Room
|upkeep
|
|t:|1656655750
|switch|p2a: Groudon|Groudon|100/100
|detailschange|p2a: Groudon|Groudon-Primal
|-primal|p2a: Groudon
|-weather|DesolateLand|[from] ability: Desolate Land|[of] p2a: Groudon
|turn|12
|
|t:|1656655754
|move|p2a: Groudon|Overheat|p1a: Calyrex
|-supereffective|p1a: Calyrex
|-damage|p1a: Calyrex|8/100
|-unboost|p2a: Groudon|spa|2
|move|p1a: Calyrex|Max Quake|p2a: Groudon
|-supereffective|p2a: Groudon
|-damage|p2a: Groudon|0 fnt
|-boost|p1a: Calyrex|spd|1
|faint|p2a: Groudon
|-weather|none
|-ability|p1a: Calyrex|Chilling Neigh|boost
|-boost|p1a: Calyrex|atk|1
|
|upkeep
|
|t:|1656655757
|switch|p2a: Rayquaza|Rayquaza-Mega, shiny|100/100
|-weather|DeltaStream|[from] ability: Delta Stream|[of] p2a: Rayquaza
|turn|13
|
|t:|1656655759
|move|p2a: Rayquaza|Dragon Ascent|p1a: Calyrex
|-damage|p1a: Calyrex|0 fnt
|-unboost|p2a: Rayquaza|def|1
|-unboost|p2a: Rayquaza|spd|1
|faint|p1a: Calyrex
|
|-weather|DeltaStream|[upkeep]
|upkeep
|-message|kerrozxl- forfeited.
|
|win|keixchm
|raw|keixchm's rating: 1637 &rarr; <strong>1662</strong><br />(+25 for winning)
|raw|kerrozxl-'s rating: 1720 &rarr; <strong>1695</strong><br />(-25 for losing)
