|j|☆minhlehoangg
|j|☆defame TV
|t:|1661096424
|gametype|singles
|player|p1|minhlehoangg|lyra|1611
|player|p2|defame TV|hilbert-wonderlauncher|1747
|teamsize|p1|6
|teamsize|p2|6
|gen|8
|tier|[Gen 8] National Dex AG
|rated|
|rule|HP Percentage Mod: HP is shown in percentages
|rule|Endless Battle Clause: Forcing endless battles is banned
|clearpoke
|poke|p1|Deoxys-Attack|
|poke|p1|Arceus-*|
|poke|p1|Yveltal|
|poke|p1|Marshadow|
|poke|p1|Necrozma-Dusk-Mane|
|poke|p1|Diancie|
|poke|p2|Excadrill, M|
|poke|p2|Rayquaza|
|poke|p2|Yveltal|
|poke|p2|Arceus-*|
|poke|p2|Marshadow|
|poke|p2|Regieleki|
|teampreview
|inactive|Battle timer is ON: inactive players will automatically lose when time's up. (requested by defame TV)
|
|t:|1661096434
|start
|switch|p1a: Yveltal|Yveltal|100/100
|switch|p2a: Excadrill|Excadrill, M, shiny|100/100
|-ability|p2a: Excadrill|Mold Breaker
|-ability|p1a: Yveltal|Dark Aura
|turn|1
|
|t:|1661096447
|move|p2a: Excadrill|Toxic|p1a: Yveltal
|-status|p1a: Yveltal|tox
|move|p1a: Yveltal|Oblivion Wing|p2a: Excadrill
|-resisted|p2a: Excadrill
|-damage|p2a: Excadrill|76/100
|
|-damage|p1a: Yveltal|94/100 tox|[from] psn
|upkeep
|turn|2
|
|t:|1661096459
|switch|p2a: Yveltal|Yveltal, shiny|100/100
|-ability|p2a: Yveltal|Dark Aura
|switch|p1a: Necrozma|Necrozma-Dusk-Mane|100/100
|
|upkeep
|turn|3
|
|t:|1661096470
|switch|p1a: Diancie|Diancie|100/100
|move|p2a: Yveltal|Dark Pulse|p1a: Diancie
|-resisted|p1a: Diancie
|-damage|p1a: Diancie|71/100
|
|upkeep
|turn|4
|
|t:|1661096479
|switch|p2a: Excadrill|Excadrill, M, shiny|76/100
|-ability|p2a: Excadrill|Mold Breaker
|detailschange|p1a: Diancie|Diancie-Mega
|-mega|p1a: Diancie|Diancie|Diancite
|move|p1a: Diancie|Earth Power|p2a: Excadrill
|-supereffective|p2a: Excadrill
|-damage|p2a: Excadrill|0 fnt
|faint|p2a: Excadrill
|
|upkeep
|
|t:|1661096493
|switch|p2a: Marshadow|Marshadow|100/100
|turn|5
|
|t:|1661096500
|switch|p1a: Marshadow|Marshadow|100/100
|move|p2a: Marshadow|Close Combat|p1a: Marshadow
|-immune|p1a: Marshadow
|
|upkeep
|turn|6
|
|t:|1661096506
|move|p2a: Marshadow|Spectral Thief|p1a: Marshadow
|-supereffective|p1a: Marshadow
|-damage|p1a: Marshadow|0 fnt
|faint|p1a: Marshadow
|
|upkeep
|
|t:|1661096510
|switch|p1a: Yveltal|Yveltal|94/100 tox
|-ability|p1a: Yveltal|Dark Aura
|turn|7
|
|t:|1661096515
|move|p2a: Marshadow|Rock Tomb|p1a: Yveltal
|-supereffective|p1a: Yveltal
|-damage|p1a: Yveltal|50/100 tox
|-unboost|p1a: Yveltal|spe|1
|move|p1a: Yveltal|Oblivion Wing|p2a: Marshadow
|-supereffective|p2a: Marshadow
|-damage|p2a: Marshadow|6/100
|-heal|p1a: Yveltal|99/100 tox|[from] drain|[of] p2a: Marshadow
|
|-damage|p1a: Yveltal|94/100 tox|[from] psn
|upkeep
|turn|8
|
|t:|1661096529
|switch|p2a: Yveltal|Yveltal, shiny|100/100
|-ability|p2a: Yveltal|Dark Aura
|move|p1a: Yveltal|Oblivion Wing|p2a: Yveltal
|-damage|p2a: Yveltal|64/100
|-heal|p1a: Yveltal|100/100 tox|[from] drain|[of] p2a: Yveltal
|
|-damage|p1a: Yveltal|88/100 tox|[from] psn
|upkeep
|turn|9
|
|t:|1661096544
|switch|p1a: Diancie|Diancie-Mega|71/100
|-zpower|p2a: Yveltal
|move|p2a: Yveltal|Black Hole Eclipse|p1a: Diancie|[zeffect]
|-resisted|p1a: Diancie
|-damage|p1a: Diancie|3/100
|
|upkeep
|turn|10
|
|t:|1661096553
|move|p1a: Diancie|Stealth Rock|p2a: Yveltal
|-sidestart|p2: defame TV|move: Stealth Rock
|move|p2a: Yveltal|Dark Pulse|p1a: Diancie
|-resisted|p1a: Diancie
|-damage|p1a: Diancie|0 fnt
|faint|p1a: Diancie
|
|upkeep
|
|t:|1661096562
|switch|p1a: Arceus|Arceus-Ground|100/100
|turn|11
|
|t:|1661096566
|move|p2a: Yveltal|Toxic|p1a: Arceus
|-status|p1a: Arceus|tox
|move|p1a: Arceus|Ice Beam|p2a: Yveltal
|-supereffective|p2a: Yveltal
|-damage|p2a: Yveltal|0 fnt
|faint|p2a: Yveltal
|
|-damage|p1a: Arceus|94/100 tox|[from] psn
|upkeep
|
|t:|1661096582
|switch|p2a: Arceus|Arceus-Electric|100/100
|-damage|p2a: Arceus|88/100|[from] Stealth Rock
|turn|12
|
|t:|1661096586
|-start|p2a: Arceus|Dynamax|
|-heal|p2a: Arceus|88/100|[silent]
|move|p2a: Arceus|Max Hailstorm|p1a: Arceus
|-supereffective|p1a: Arceus
|-damage|p1a: Arceus|30/100 tox
|-weather|Hail
|move|p1a: Arceus|Ice Beam|p2a: Arceus
|-damage|p2a: Arceus|77/100
|-status|p2a: Arceus|frz
|
|-weather|Hail|[upkeep]
|-damage|p2a: Arceus|74/100 frz|[from] Hail
|-damage|p1a: Arceus|24/100 tox|[from] Hail
|-damage|p1a: Arceus|11/100 tox|[from] psn
|upkeep
|turn|13
|
|t:|1661096599
|cant|p2a: Arceus|frz
|move|p1a: Arceus|Recover|p1a: Arceus
|-heal|p1a: Arceus|61/100 tox
|
|-weather|Hail|[upkeep]
|-damage|p2a: Arceus|71/100 frz|[from] Hail
|-damage|p1a: Arceus|55/100 tox|[from] Hail
|-damage|p1a: Arceus|37/100 tox|[from] psn
|upkeep
|turn|14
|
|t:|1661096607
|cant|p2a: Arceus|frz
|move|p1a: Arceus|Refresh|p1a: Arceus
|-curestatus|p1a: Arceus|tox|[msg]
|
|-weather|Hail|[upkeep]
|-damage|p2a: Arceus|68/100 frz|[from] Hail
|-damage|p1a: Arceus|30/100|[from] Hail
|upkeep
|-end|p2a: Arceus|Dynamax
|-heal|p2a: Arceus|68/100 frz|[silent]
|turn|15
|
|t:|1661096615
|cant|p2a: Arceus|frz
|move|p1a: Arceus|Recover|p1a: Arceus
|-heal|p1a: Arceus|80/100
|
|-weather|Hail|[upkeep]
|-damage|p2a: Arceus|62/100 frz|[from] Hail
|-damage|p1a: Arceus|74/100|[from] Hail
|upkeep
|turn|16
|
|t:|1661096622
|cant|p2a: Arceus|frz
|move|p1a: Arceus|Judgment|p2a: Arceus
|-supereffective|p2a: Arceus
|-crit|p2a: Arceus
|-damage|p2a: Arceus|0 fnt
|faint|p2a: Arceus
|
|-weather|none
|upkeep
|
|t:|1661096634
|switch|p2a: Rayquaza|Rayquaza|100/100
|-damage|p2a: Rayquaza|76/100|[from] Stealth Rock
|-ability|p2a: Rayquaza|Air Lock
|turn|17
|
|t:|1661096644
|detailschange|p2a: Rayquaza|Rayquaza-Mega
|-mega|p2a: Rayquaza|Rayquaza|
|-weather|DeltaStream|[from] ability: Delta Stream|[of] p2a: Rayquaza
|-start|p1a: Arceus|Dynamax|
|-heal|p1a: Arceus|74/100|[silent]
|move|p2a: Rayquaza|Draco Meteor|p1a: Arceus
|-damage|p1a: Arceus|40/100
|-unboost|p2a: Rayquaza|spa|2
|-damage|p2a: Rayquaza|66/100|[from] item: Life Orb
|move|p1a: Arceus|Max Hailstorm|p2a: Rayquaza
|-activate||deltastream
|-supereffective|p2a: Rayquaza
|-damage|p2a: Rayquaza|0 fnt
|-weather|Hail
|faint|p2a: Rayquaza
|
|-weather|Hail|[upkeep]
|-damage|p1a: Arceus|37/100|[from] Hail
|upkeep
|l|☆defame TV
|inactive|defame TV disconnected and has a minute to reconnect!
|player|p2|
|inactive|defame TV has 30 seconds to reconnect!
|inactive|defame TV has 20 seconds to reconnect!
|inactive|defame TV has 15 seconds to reconnect!
|inactive|defame TV has 10 seconds to reconnect!
|inactive|defame TV has 5 seconds to reconnect!
|-message|defame TV lost due to inactivity.
|
|win|minhlehoangg
|raw|minhlehoangg's rating: 1611 &rarr; <strong>1638</strong><br />(+27 for winning)
|raw|defame TV's rating: 1747 &rarr; <strong>1720</strong><br />(-27 for losing)
