|j|☆thicsucttv
|j|☆CLEAR GEM清瑜
|t:|1661701896
|gametype|singles
|player|p1|thicsucttv|101|1622
|player|p2|CLEAR GEM清瑜|skierf|1786
|teamsize|p1|6
|teamsize|p2|6
|gen|8
|tier|[Gen 8] National Dex AG
|rated|
|rule|HP Percentage Mod: HP is shown in percentages
|rule|Endless Battle Clause: Forcing endless battles is banned
|clearpoke
|poke|p1|Shuckle, M|
|poke|p1|Marshadow|
|poke|p1|Yveltal|
|poke|p1|Necrozma-Dusk-Mane|
|poke|p1|Ditto|
|poke|p1|Lucario, F|
|poke|p2|Rayquaza|
|poke|p2|Groudon|
|poke|p2|Necrozma-Dusk-Mane|
|poke|p2|Arceus-*|
|poke|p2|Arceus-*|
|poke|p2|Arceus-*|
|teampreview
|inactive|Battle timer is ON: inactive players will automatically lose when time's up. (requested by CLEAR GEM清瑜)
|
|t:|1661701912
|start
|switch|p1a: Shuckle|Shuckle, M, shiny|100/100
|switch|p2a: 究极辅助|Arceus-Dark|100/100
|turn|1
|
|t:|1661701919
|move|p2a: 究极辅助|Magic Coat|p2a: 究极辅助
|-singleturn|p2a: 究极辅助|move: Magic Coat
|move|p1a: Shuckle|Stealth Rock|p2a: 究极辅助
|move|p2a: 究极辅助|Stealth Rock|p1a: Shuckle|[from]Magic Coat
|-sidestart|p1: thicsucttv|move: Stealth Rock
|
|upkeep
|turn|2
|
|t:|1661701936
|switch|p1a: Lucario|Lucario, F|100/100
|-damage|p1a: Lucario|98/100|[from] Stealth Rock
|move|p2a: 究极辅助|Judgment|p1a: Lucario
|-resisted|p1a: Lucario
|-crit|p1a: Lucario
|-damage|p1a: Lucario|24/100
|
|upkeep
|turn|3
|
|t:|1661701947
|detailschange|p1a: Lucario|Lucario-Mega, F
|-mega|p1a: Lucario|Lucario|Lucarionite
|move|p1a: Lucario|Close Combat|p2a: 究极辅助
|-supereffective|p2a: 究极辅助
|-damage|p2a: 究极辅助|0 fnt
|-unboost|p1a: Lucario|def|1
|-unboost|p1a: Lucario|spd|1
|faint|p2a: 究极辅助
|
|upkeep
|
|t:|1661701951
|switch|p2a: 烈龙无敌|Rayquaza, shiny|100/100
|-ability|p2a: 烈龙无敌|Air Lock
|turn|4
|
|t:|1661701967
|switch|p1a: Marshadow|Marshadow|100/100
|-damage|p1a: Marshadow|94/100|[from] Stealth Rock
|detailschange|p2a: 烈龙无敌|Rayquaza-Mega, shiny
|-mega|p2a: 烈龙无敌|Rayquaza|
|-weather|DeltaStream|[from] ability: Delta Stream|[of] p2a: 烈龙无敌
|move|p2a: 烈龙无敌|Extreme Speed|p1a: Marshadow
|-immune|p1a: Marshadow
|
|-weather|DeltaStream|[upkeep]
|upkeep
|turn|5
|
|t:|1661701986
|move|p1a: Marshadow|Spectral Thief|p2a: 烈龙无敌
|-damage|p2a: 烈龙无敌|59/100
|move|p2a: 烈龙无敌|Dragon Dance|p2a: 烈龙无敌
|-boost|p2a: 烈龙无敌|atk|1
|-boost|p2a: 烈龙无敌|spe|1
|
|-weather|DeltaStream|[upkeep]
|upkeep
|turn|6
|
|t:|1661701997
|move|p1a: Marshadow|Shadow Sneak|p2a: 烈龙无敌
|-damage|p2a: 烈龙无敌|29/100
|move|p2a: 烈龙无敌|Dragon Ascent|p1a: Marshadow
|-supereffective|p1a: Marshadow
|-damage|p1a: Marshadow|0 fnt
|-unboost|p2a: 烈龙无敌|def|1
|-unboost|p2a: 烈龙无敌|spd|1
|faint|p1a: Marshadow
|
|-weather|DeltaStream|[upkeep]
|upkeep
|inactive|thicsucttv has 120 seconds left.
|inactive|thicsucttv has 90 seconds left.
|c|☆CLEAR GEM清瑜|关注嘉然喵，关注嘉然谢谢喵
|
|t:|1661702063
|switch|p1a: Ditto|Ditto|100/100
|-damage|p1a: Ditto|88/100|[from] Stealth Rock
|-transform|p1a: Ditto|p2a: 烈龙无敌|[from] ability: Imposter
|turn|7
|
|t:|1661702073
|move|p1a: Ditto|Extreme Speed|p2a: 烈龙无敌
|-damage|p2a: 烈龙无敌|0 fnt
|faint|p2a: 烈龙无敌
|
|-weather|DeltaStream|[upkeep]
|upkeep
|
|t:|1661702083
|switch|p2a: 悬空羊驼|Arceus-Flying|100/100
|turn|8
|
|t:|1661702087
|-weather|none
|switch|p1a: Shuckle|Shuckle, M, shiny|100/100
|-damage|p1a: Shuckle|75/100|[from] Stealth Rock
|move|p2a: 悬空羊驼|Calm Mind|p2a: 悬空羊驼
|-boost|p2a: 悬空羊驼|spa|1
|-boost|p2a: 悬空羊驼|spd|1
|
|upkeep
|turn|9
|
|t:|1661702098
|-start|p2a: 悬空羊驼|Dynamax|
|-heal|p2a: 悬空羊驼|100/100|[silent]
|move|p2a: 悬空羊驼|Max Airstream|p1a: Shuckle
|-damage|p1a: Shuckle|0 fnt
|-boost|p2a: 悬空羊驼|spe|1
|faint|p1a: Shuckle
|
|upkeep
|inactive|thicsucttv has 90 seconds left.
|
|t:|1661702133
|switch|p1a: Necrozma|Necrozma-Dusk-Mane|100/100
|-damage|p1a: Necrozma|94/100|[from] Stealth Rock
|turn|10
|
|t:|1661702140
|detailschange|p1a: Necrozma|Necrozma-Ultra
|-burst|p1a: Necrozma|Necrozma|Ultranecrozium Z
|move|p2a: 悬空羊驼|Max Quake|p1a: Necrozma
|-damage|p1a: Necrozma|19/100
|-boost|p2a: 悬空羊驼|spd|1
|move|p1a: Necrozma|Stone Edge|p2a: 悬空羊驼|[miss]
|-miss|p1a: Necrozma|p2a: 悬空羊驼
|
|upkeep
|turn|11
|c|☆thicsucttv|Come on
|c|☆thicsucttv|What is this
|
|t:|1661702156
|move|p2a: 悬空羊驼|Max Airstream|p1a: Necrozma
|-damage|p1a: Necrozma|0 fnt
|-boost|p2a: 悬空羊驼|spe|1
|faint|p1a: Necrozma
|
|upkeep
|c|☆CLEAR GEM清瑜|omg
|inactive|thicsucttv has 60 seconds left.
|inactive|thicsucttv has 30 seconds left.
|inactive|thicsucttv has 20 seconds left.
|inactive|thicsucttv has 15 seconds left.
|
|t:|1661702220
|switch|p1a: Yveltal|Yveltal|100/100
|-damage|p1a: Yveltal|76/100|[from] Stealth Rock
|-ability|p1a: Yveltal|Dark Aura
|-end|p2a: 悬空羊驼|Dynamax
|-heal|p2a: 悬空羊驼|100/100|[silent]
|turn|12
|inactive|thicsucttv has 25 seconds left this turn.
|inactive|thicsucttv has 20 seconds left.
|
|t:|1661702230
|-start|p1a: Yveltal|Dynamax|
|-heal|p1a: Yveltal|76/100|[silent]
|move|p2a: 悬空羊驼|Judgment|p1a: Yveltal
|-damage|p1a: Yveltal|35/100
|move|p1a: Yveltal|Max Airstream|p2a: 悬空羊驼
|-crit|p2a: 悬空羊驼
|-damage|p2a: 悬空羊驼|0 fnt
|-boost|p1a: Yveltal|spe|1
|faint|p2a: 悬空羊驼
|-damage|p1a: Yveltal|30/100|[from] item: Life Orb
|
|upkeep
|inactive|thicsucttv has 25 seconds left this turn.
|
|t:|1661702243
|switch|p2a: 乱杀P古|Arceus-Ground|100/100
|turn|13
|inactive|thicsucttv has 30 seconds left.
|
|t:|1661702254
|move|p1a: Yveltal|Max Darkness|p2a: 乱杀P古
|-damage|p2a: 乱杀P古|13/100
|-unboost|p2a: 乱杀P古|spd|1
|-damage|p1a: Yveltal|25/100|[from] item: Life Orb
|move|p2a: 乱杀P古|Ice Beam|p1a: Yveltal
|-supereffective|p1a: Yveltal
|-damage|p1a: Yveltal|0 fnt
|faint|p1a: Yveltal
|
|upkeep
|inactive|thicsucttv has 30 seconds left this turn.
|inactive|thicsucttv has 20 seconds left.
|inactive|thicsucttv has 15 seconds left.
|
|t:|1661702272
|switch|p1a: Lucario|Lucario-Mega, F|24/100
|-damage|p1a: Lucario|21/100|[from] Stealth Rock
|turn|14
|inactive|thicsucttv has 25 seconds left this turn.
|inactive|thicsucttv has 20 seconds left.
|
|t:|1661702279
|move|p1a: Lucario|Bullet Punch|p2a: 乱杀P古
|-damage|p2a: 乱杀P古|0 fnt
|faint|p2a: 乱杀P古
|
|upkeep
|inactive|thicsucttv has 25 seconds left this turn.
|
|t:|1661702287
|switch|p2a: 不会(?)|Groudon|100/100
|detailschange|p2a: 不会(?)|Groudon-Primal
|-primal|p2a: 不会(?)
|-weather|DesolateLand|[from] ability: Desolate Land|[of] p2a: 不会(?)
|turn|15
|inactive|thicsucttv has 30 seconds left.
|
|t:|1661702295
|move|p1a: Lucario|Close Combat|p2a: 不会(?)
|-damage|p2a: 不会(?)|48/100
|-unboost|p1a: Lucario|def|1
|-unboost|p1a: Lucario|spd|1
|move|p2a: 不会(?)|Heat Crash|p1a: Lucario
|-supereffective|p1a: Lucario
|-damage|p1a: Lucario|0 fnt
|faint|p1a: Lucario
|
|-weather|DesolateLand|[upkeep]
|upkeep
|inactive|thicsucttv has 30 seconds left.
|
|t:|1661702304
|switch|p1a: Ditto|Ditto|88/100
|-damage|p1a: Ditto|76/100|[from] Stealth Rock
|-transform|p1a: Ditto|p2a: 不会(?)|[from] ability: Imposter
|turn|16
|inactive|thicsucttv has 30 seconds left.
|
|t:|1661702320
|move|p1a: Ditto|Precipice Blades|p2a: 不会(?)
|-supereffective|p2a: 不会(?)
|-damage|p2a: 不会(?)|0 fnt
|faint|p2a: 不会(?)
|
|-weather|DesolateLand|[upkeep]
|upkeep
|inactive|thicsucttv has 30 seconds left this turn.
|
|t:|1661702323
|switch|p2a: 钢铁之躯|Necrozma-Dusk-Mane|100/100
|turn|17
|
|t:|1661702327
|detailschange|p2a: 钢铁之躯|Necrozma-Ultra
|-burst|p2a: 钢铁之躯|Necrozma|Ultranecrozium Z
|move|p1a: Ditto|Precipice Blades|p2a: 钢铁之躯
|-damage|p2a: 钢铁之躯|21/100
|move|p2a: 钢铁之躯|Dragon Dance|p2a: 钢铁之躯
|-boost|p2a: 钢铁之躯|atk|1
|-boost|p2a: 钢铁之躯|spe|1
|
|-weather|DesolateLand|[upkeep]
|upkeep
|turn|18
|
|t:|1661702337
|-zpower|p2a: 钢铁之躯
|move|p2a: 钢铁之躯|Light That Burns the Sky|p1a: Ditto|[zeffect]
|-damage|p1a: Ditto|0 fnt
|faint|p1a: Ditto
|-weather|none
|
|win|CLEAR GEM清瑜
|raw|thicsucttv's rating: 1622 &rarr; <strong>1611</strong><br />(-11 for losing)
|raw|CLEAR GEM清瑜's rating: 1786 &rarr; <strong>1797</strong><br />(+11 for winning)
|c|☆thicsucttv|Stone edge dif
|c|☆thicsucttv|Just that
|c|☆CLEAR GEM清瑜|yep
|c|☆thicsucttv|Amazing
||Ladder isn't responding, score probably updated but might not have (Request timeout).
