|j|☆IWSK
|j|☆LinktheAnnihilato9
|t:|1620111953
|gametype|singles
|player|p1|IWSK|policeman-gen4|1521
|player|p2|LinktheAnnihilato9|wallace|1746
|teamsize|p1|6
|teamsize|p2|6
|gen|8
|tier|[Gen 8] National Dex AG
|rated|
|clearpoke
|poke|p1|Urshifu-*, F|
|poke|p1|Groudon|
|poke|p1|Togekiss, F|
|poke|p1|Calyrex-Ice|
|poke|p1|Gengar, M|
|poke|p1|Lugia|
|poke|p2|Rayquaza|
|poke|p2|Groudon|
|poke|p2|Necrozma-Dusk-Mane|
|poke|p2|Arceus-*|
|poke|p2|Yveltal|
|poke|p2|Ditto|
|rule|HP Percentage Mod: HP is shown in percentages
|rule|Endless Battle Clause: Forcing endless battles is banned
|teampreview
|inactive|Battle timer is ON: inactive players will automatically lose when time's up. (requested by LinktheAnnihilato9)
|inactive|IWSK also wants the timer to be on.
|inactive|LinktheAnnihilato9 has 120 seconds left.
|c|☆LinktheAnnihilato9|hf
|
|t:|1620112003
|start
|switch|p1a: Urshifu|Urshifu, F|100/100
|switch|p2a: ok then fine|Rayquaza|100/100
|-ability|p2a: ok then fine|Air Lock
|turn|1
|inactive|LinktheAnnihilato9 has 120 seconds left.
|
|t:|1620112050
|switch|p1a: Calyrex|Calyrex-Ice|100/100
|-ability|p1a: Calyrex|As One
|-ability|p1a: Calyrex|Unnerve
|detailschange|p2a: ok then fine|Rayquaza-Mega
|-mega|p2a: ok then fine|Rayquaza|
|-weather|DeltaStream|[from] ability: Delta Stream|[of] p2a: ok then fine
|move|p2a: ok then fine|Dragon Ascent|p1a: Calyrex
|-damage|p1a: Calyrex|42/100
|-unboost|p2a: ok then fine|def|1
|-unboost|p2a: ok then fine|spd|1
|
|-weather|DeltaStream|[upkeep]
|upkeep
|turn|2
|
|t:|1620112064
|-start|p1a: Calyrex|Dynamax
|-heal|p1a: Calyrex|42/100|[silent]
|move|p2a: ok then fine|Dragon Ascent|p1a: Calyrex
|-damage|p1a: Calyrex|12/100
|-unboost|p2a: ok then fine|def|1
|-unboost|p2a: ok then fine|spd|1
|-enditem|p1a: Calyrex|Aguav Berry|[eat]
|-heal|p1a: Calyrex|29/100|[from] item: Aguav Berry
|move|p1a: Calyrex|Max Hailstorm|p2a: ok then fine
|-activate||deltastream
|-supereffective|p2a: ok then fine
|-damage|p2a: ok then fine|0 fnt
|faint|p2a: ok then fine
|-weather|none
|-ability|p1a: Calyrex|Chilling Neigh|boost
|-boost|p1a: Calyrex|atk|1
|
|upkeep
|c|☆LinktheAnnihilato9|ok
|
|t:|1620112070
|switch|p2a: peedon|Groudon, shiny|100/100
|detailschange|p2a: peedon|Groudon-Primal, shiny
|-primal|p2a: peedon
|-weather|DesolateLand|[from] ability: Desolate Land|[of] p2a: peedon
|turn|3
|
|t:|1620112082
|move|p2a: peedon|Eruption|p1a: Calyrex
|-supereffective|p1a: Calyrex
|-damage|p1a: Calyrex|0 fnt
|faint|p1a: Calyrex
|
|-weather|DesolateLand|[upkeep]
|upkeep
|
|t:|1620112088
|switch|p1a: Urshifu|Urshifu, F|100/100
|turn|4
|
|t:|1620112092
|-weather|none
|switch|p2a: :)|Arceus-Water|100/100
|move|p1a: Urshifu|Wicked Blow|p2a: :)
|-crit|p2a: :)
|-damage|p2a: :)|55/100
|
|upkeep
|turn|5
|
|t:|1620112098
|move|p1a: Urshifu|Wicked Blow|p2a: :)
|-crit|p2a: :)
|-damage|p2a: :)|12/100
|move|p2a: :)|Recover|p2a: :)
|-heal|p2a: :)|62/100
|
|upkeep
|turn|6
|
|t:|1620112112
|move|p1a: Urshifu|Wicked Blow|p2a: :)
|-crit|p2a: :)
|-damage|p2a: :)|12/100
|move|p2a: :)|Recover|p2a: :)
|-heal|p2a: :)|62/100
|
|upkeep
|turn|7
|c|☆LinktheAnnihilato9|band
|c|☆LinktheAnnihilato9|pain
|
|t:|1620112118
|switch|p1a: Groudon|Groudon|100/100
|detailschange|p1a: Groudon|Groudon-Primal
|-primal|p1a: Groudon
|-weather|DesolateLand|[from] ability: Desolate Land|[of] p1a: Groudon
|move|p2a: :)|Recover|p2a: :)
|-heal|p2a: :)|100/100
|
|-weather|DesolateLand|[upkeep]
|upkeep
|turn|8
|
|t:|1620112127
|move|p2a: :)|Toxic|p1a: Groudon
|-status|p1a: Groudon|tox
|move|p1a: Groudon|Stealth Rock|p2a: :)
|-sidestart|p2: LinktheAnnihilato9|move: Stealth Rock
|
|-weather|DesolateLand|[upkeep]
|-damage|p1a: Groudon|94/100 tox|[from] psn
|upkeep
|turn|9
|
|t:|1620112135
|-weather|none
|switch|p1a: Gengar|Gengar, M|100/100
|move|p2a: :)|Ice Beam|p1a: Gengar
|-damage|p1a: Gengar|62/100
|-start|p2a: :)|Disable|Ice Beam|[from] ability: Cursed Body|[of] p1a: Gengar
|
|upkeep
|turn|10
|
|t:|1620112149
|switch|p2a: yavaltall|Yveltal|100/100
|-ability|p2a: yavaltall|Dark Aura
|detailschange|p1a: Gengar|Gengar-Mega, M
|-mega|p1a: Gengar|Gengar|Gengarite
|move|p1a: Gengar|Shadow Ball|p2a: yavaltall
|-resisted|p2a: yavaltall
|-damage|p2a: yavaltall|87/100
|
|upkeep
|turn|11
|inactive|LinktheAnnihilato9 has 120 seconds left.
|
|t:|1620112182
|switch|p1a: Togekiss|Togekiss, F|100/100
|move|p2a: yavaltall|Snarl|p1a: Togekiss
|-resisted|p1a: Togekiss
|-damage|p1a: Togekiss|90/100
|-unboost|p1a: Togekiss|spa|1
|
|-heal|p1a: Togekiss|96/100|[from] item: Leftovers
|upkeep
|turn|12
|
|t:|1620112194
|switch|p2a: .|Necrozma-Dusk-Mane|100/100
|-damage|p2a: .|94/100|[from] Stealth Rock
|move|p1a: Togekiss|Mystical Fire|p2a: .
|-supereffective|p2a: .
|-damage|p2a: .|80/100
|-unboost|p2a: .|spa|1
|
|-heal|p1a: Togekiss|100/100|[from] item: Leftovers
|upkeep
|turn|13
|
|t:|1620112204
|switch|p1a: Lugia|Lugia|100/100
|move|p2a: .|Stealth Rock|p1a: Lugia
|-sidestart|p1: IWSK|move: Stealth Rock
|
|upkeep
|turn|14
|
|t:|1620112209
|move|p1a: Lugia|Thunder Wave|p2a: .
|-status|p2a: .|par
|move|p2a: .|Knock Off|p1a: Lugia
|-supereffective|p1a: Lugia
|-damage|p1a: Lugia|80/100
|-enditem|p1a: Lugia|Aguav Berry|[from] move: Knock Off|[of] p2a: .
|
|upkeep
|turn|15
|
|t:|1620112217
|move|p1a: Lugia|Defog|p2a: .
|-unboost|p2a: .|evasion|1
|-sideend|p2: LinktheAnnihilato9|Stealth Rock|[from] move: Defog|[of] p1a: Lugia
|-sideend|p1: IWSK|Stealth Rock|[from] move: Defog|[of] p1a: Lugia
|cant|p2a: .|par
|
|upkeep
|turn|16
|
|t:|1620112223
|move|p1a: Lugia|Roost|p1a: Lugia
|-heal|p1a: Lugia|100/100
|-singleturn|p1a: Lugia|move: Roost
|move|p2a: .|Stealth Rock|p1a: Lugia
|-sidestart|p1: IWSK|move: Stealth Rock
|
|upkeep
|turn|17
|c|☆LinktheAnnihilato9|pain
|
|t:|1620112228
|move|p1a: Lugia|Defog|p2a: .
|-unboost|p2a: .|evasion|1
|-sideend|p1: IWSK|Stealth Rock|[from] move: Defog|[of] p1a: Lugia
|move|p2a: .|Knock Off|p1a: Lugia
|-supereffective|p1a: Lugia
|-damage|p1a: Lugia|87/100
|
|upkeep
|turn|18
|
|t:|1620112235
|switch|p1a: Urshifu|Urshifu, F|100/100
|move|p2a: .|Stealth Rock|p1a: Urshifu
|-sidestart|p1: IWSK|move: Stealth Rock
|
|upkeep
|turn|19
|
|t:|1620112239
|move|p1a: Urshifu|Wicked Blow|p2a: .
|-supereffective|p2a: .
|-crit|p2a: .
|-damage|p2a: .|7/100 par
|-damage|p1a: Urshifu|84/100|[from] item: Rocky Helmet|[of] p2a: .
|move|p2a: .|Knock Off|p1a: Urshifu
|-resisted|p1a: Urshifu
|-damage|p1a: Urshifu|76/100
|-enditem|p1a: Urshifu|Choice Band|[from] move: Knock Off|[of] p2a: .
|
|upkeep
|turn|20
|
|t:|1620112247
|move|p1a: Urshifu|Wicked Blow|p2a: .
|-supereffective|p2a: .
|-crit|p2a: .
|-damage|p2a: .|0 fnt
|-damage|p1a: Urshifu|60/100|[from] item: Rocky Helmet|[of] p2a: .
|faint|p2a: .
|
|upkeep
|j| I'm flying forward
|
|t:|1620112260
|switch|p2a: :)|Arceus-Water|100/100
|turn|21
|
|t:|1620112267
|move|p1a: Urshifu|Wicked Blow|p2a: :)
|-crit|p2a: :)
|-damage|p2a: :)|72/100
|move|p2a: :)|Ice Beam|p1a: Urshifu
|-damage|p1a: Urshifu|26/100
|
|upkeep
|turn|22
|
|t:|1620112278
|move|p1a: Urshifu|U-turn|p2a: :)
|-damage|p2a: :)|59/100
|c|☆LinktheAnnihilato9|knew it
|
|t:|1620112286
|switch|p1a: Lugia|Lugia|87/100|[from]move: U-turn
|-damage|p1a: Lugia|62/100|[from] Stealth Rock
|move|p2a: :)|Ice Beam|p1a: Lugia
|-supereffective|p1a: Lugia
|-damage|p1a: Lugia|33/100
|
|upkeep
|turn|23
|c|☆LinktheAnnihilato9|shouldve gone yve
|c|☆LinktheAnnihilato9|oh
|c|☆LinktheAnnihilato9|alright
|
|t:|1620112294
|switch|p2a: peedon|Groudon-Primal, shiny|100/100
|-weather|DesolateLand|[from] ability: Desolate Land|[of] p2a: peedon
|move|p1a: Lugia|Defog|p2a: peedon
|-unboost|p2a: peedon|evasion|1
|-sideend|p1: IWSK|Stealth Rock|[from] move: Defog|[of] p1a: Lugia
|
|-weather|DesolateLand|[upkeep]
|upkeep
|turn|24
|
|t:|1620112304
|move|p1a: Lugia|Air Slash|p2a: peedon
|-damage|p2a: peedon|74/100
|move|p2a: peedon|Eruption|p1a: Lugia
|-damage|p1a: Lugia|0 fnt
|faint|p1a: Lugia
|
|-weather|DesolateLand|[upkeep]
|upkeep
|
|t:|1620112312
|switch|p1a: Togekiss|Togekiss, F|100/100
|turn|25
|
|t:|1620112317
|move|p2a: peedon|Eruption|p1a: Togekiss
|-damage|p1a: Togekiss|39/100
|move|p1a: Togekiss|Air Slash|p2a: peedon
|-damage|p2a: peedon|40/100
|
|-weather|DesolateLand|[upkeep]
|-heal|p1a: Togekiss|45/100|[from] item: Leftovers
|upkeep
|turn|26
|
|t:|1620112325
|move|p2a: peedon|Stone Edge|p1a: Togekiss|[miss]
|-miss|p2a: peedon|p1a: Togekiss
|move|p1a: Togekiss|Roost|p1a: Togekiss
|-heal|p1a: Togekiss|95/100
|-singleturn|p1a: Togekiss|move: Roost
|
|-weather|DesolateLand|[upkeep]
|-heal|p1a: Togekiss|100/100|[from] item: Leftovers
|upkeep
|turn|27
|c|☆LinktheAnnihilato9|i hate my life
|
|t:|1620112343
|switch|p1a: Groudon|Groudon-Primal|94/100 tox
|move|p2a: peedon|Stone Edge|p1a: Groudon
|-damage|p1a: Groudon|71/100 tox
|
|-weather|DesolateLand|[upkeep]
|-damage|p1a: Groudon|65/100 tox|[from] psn
|upkeep
|turn|28
|
|t:|1620112350
|move|p2a: peedon|Precipice Blades|p1a: Groudon
|-supereffective|p1a: Groudon
|-damage|p1a: Groudon|0 fnt
|faint|p1a: Groudon
|
|-weather|DesolateLand|[upkeep]
|upkeep
|
|t:|1620112354
|switch|p1a: Urshifu|Urshifu, F|26/100
|turn|29
|
|t:|1620112359
|move|p1a: Urshifu|Close Combat|p2a: peedon
|-damage|p2a: peedon|0 fnt
|-unboost|p1a: Urshifu|def|1
|-unboost|p1a: Urshifu|spd|1
|faint|p2a: peedon
|-weather|none
|
|upkeep
|
|t:|1620112363
|switch|p2a: dicktto|Ditto|100/100
|-transform|p2a: dicktto|p1a: Urshifu|[from] ability: Imposter
|turn|30
|
|t:|1620112372
|switch|p1a: Togekiss|Togekiss, F|100/100
|move|p2a: dicktto|Wicked Blow|p1a: Togekiss
|-resisted|p1a: Togekiss
|-crit|p1a: Togekiss
|-damage|p1a: Togekiss|69/100
|
|-heal|p1a: Togekiss|75/100|[from] item: Leftovers
|upkeep
|turn|31
|
|t:|1620112383
|switch|p2a: :)|Arceus-Water|59/100
|move|p1a: Togekiss|Mystical Fire|p2a: :)
|-resisted|p2a: :)
|-damage|p2a: :)|52/100
|-unboost|p2a: :)|spa|1
|
|-heal|p1a: Togekiss|81/100|[from] item: Leftovers
|upkeep
|turn|32
|
|t:|1620112392
|switch|p1a: Gengar|Gengar-Mega, M|62/100
|move|p2a: :)|Toxic|p1a: Gengar
|-immune|p1a: Gengar
|
|upkeep
|turn|33
|c|☆LinktheAnnihilato9|pain
|
|t:|1620112398
|move|p1a: Gengar|Substitute|p1a: Gengar
|-start|p1a: Gengar|Substitute
|-damage|p1a: Gengar|37/100
|move|p2a: :)|Ice Beam|p1a: Gengar
|-activate|p1a: Gengar|move: Substitute|[damage]
|
|upkeep
|turn|34
|c|☆LinktheAnnihilato9|gg
|
|t:|1620112404
|move|p1a: Gengar|Disable|p2a: :)
|-start|p2a: :)|Disable|Ice Beam
|cant|p2a: :)|Disable|Ice Beam
|
|upkeep
|turn|35
|
|t:|1620112409
|move|p1a: Gengar|Nasty Plot|p1a: Gengar
|-boost|p1a: Gengar|spa|2
|move|p2a: :)|Recover|p2a: :)
|-heal|p2a: :)|100/100
|
|upkeep
|turn|36
|
|t:|1620112416
|move|p1a: Gengar|Shadow Ball|p2a: :)
|-damage|p2a: :)|30/100
|move|p2a: :)|Recover|p2a: :)
|-heal|p2a: :)|80/100
|
|upkeep
|turn|37
|
|t:|1620112421
|move|p1a: Gengar|Shadow Ball|p2a: :)
|-damage|p2a: :)|11/100
|move|p2a: :)|Recover|p2a: :)
|-heal|p2a: :)|61/100
|
|-end|p2a: :)|Disable
|upkeep
|turn|38
|
|t:|1620112428
|move|p1a: Gengar|Shadow Ball|p2a: :)
|-damage|p2a: :)|0 fnt
|faint|p2a: :)
|
|upkeep
|
|t:|1620112431
|switch|p2a: yavaltall|Yveltal|87/100
|-ability|p2a: yavaltall|Dark Aura
|turn|39
|
|t:|1620112437
|move|p1a: Gengar|Shadow Ball|p2a: yavaltall
|-resisted|p2a: yavaltall
|-damage|p2a: yavaltall|60/100
|move|p2a: yavaltall|Snarl|p1a: Gengar
|-supereffective|p1a: Gengar
|-damage|p1a: Gengar|0 fnt
|faint|p1a: Gengar
|
|upkeep
|
|t:|1620112445
|switch|p1a: Togekiss|Togekiss, F|81/100
|turn|40
|
|t:|1620112449
|move|p2a: yavaltall|Snarl|p1a: Togekiss
|-resisted|p1a: Togekiss
|-damage|p1a: Togekiss|72/100
|-unboost|p1a: Togekiss|spa|1
|move|p1a: Togekiss|Dazzling Gleam|p2a: yavaltall
|-supereffective|p2a: yavaltall
|-damage|p2a: yavaltall|35/100
|
|-heal|p1a: Togekiss|78/100|[from] item: Leftovers
|upkeep
|turn|41
|
|t:|1620112458
|move|p2a: yavaltall|Roost|p2a: yavaltall
|-heal|p2a: yavaltall|85/100
|-singleturn|p2a: yavaltall|move: Roost
|move|p1a: Togekiss|Dazzling Gleam|p2a: yavaltall
|-supereffective|p2a: yavaltall
|-damage|p2a: yavaltall|60/100
|
|-heal|p1a: Togekiss|84/100|[from] item: Leftovers
|upkeep
|turn|42
|
|t:|1620112466
|move|p2a: yavaltall|Snarl|p1a: Togekiss
|-resisted|p1a: Togekiss
|-crit|p1a: Togekiss
|-damage|p1a: Togekiss|68/100
|-unboost|p1a: Togekiss|spa|1
|move|p1a: Togekiss|Mystical Fire|p2a: yavaltall
|-damage|p2a: yavaltall|54/100
|-unboost|p2a: yavaltall|spa|1
|
|-heal|p1a: Togekiss|75/100|[from] item: Leftovers
|upkeep
|turn|43
|
|t:|1620112476
|move|p2a: yavaltall|Snarl|p1a: Togekiss
|-resisted|p1a: Togekiss
|-damage|p1a: Togekiss|67/100
|-unboost|p1a: Togekiss|spa|1
|move|p1a: Togekiss|Mystical Fire|p2a: yavaltall
|-damage|p2a: yavaltall|50/100
|-unboost|p2a: yavaltall|spa|1
|
|-heal|p1a: Togekiss|73/100|[from] item: Leftovers
|upkeep
|turn|44
|
|t:|1620112486
|move|p2a: yavaltall|Roost|p2a: yavaltall
|-heal|p2a: yavaltall|99/100
|-singleturn|p2a: yavaltall|move: Roost
|move|p1a: Togekiss|Roost|p1a: Togekiss
|-heal|p1a: Togekiss|100/100
|-singleturn|p1a: Togekiss|move: Roost
|
|upkeep
|turn|45
|
|t:|1620112494
|move|p2a: yavaltall|Foul Play|p1a: Togekiss
|-resisted|p1a: Togekiss
|-damage|p1a: Togekiss|92/100
|move|p1a: Togekiss|Mystical Fire|p2a: yavaltall
|-damage|p2a: yavaltall|95/100
|-unboost|p2a: yavaltall|spa|1
|
|-heal|p1a: Togekiss|98/100|[from] item: Leftovers
|upkeep
|turn|46
|
|t:|1620112523
|move|p2a: yavaltall|Foul Play|p1a: Togekiss
|-resisted|p1a: Togekiss
|-damage|p1a: Togekiss|90/100
|move|p1a: Togekiss|Mystical Fire|p2a: yavaltall
|-damage|p2a: yavaltall|91/100
|-unboost|p2a: yavaltall|spa|1
|
|-heal|p1a: Togekiss|96/100|[from] item: Leftovers
|upkeep
|turn|47
|
|t:|1620112532
|move|p2a: yavaltall|Foul Play|p1a: Togekiss
|-resisted|p1a: Togekiss
|-damage|p1a: Togekiss|88/100
|move|p1a: Togekiss|Air Slash|p2a: yavaltall
|-damage|p2a: yavaltall|84/100
|
|-heal|p1a: Togekiss|94/100|[from] item: Leftovers
|upkeep
|turn|48
|
|t:|1620112539
|move|p2a: yavaltall|Foul Play|p1a: Togekiss
|-resisted|p1a: Togekiss
|-damage|p1a: Togekiss|86/100
|move|p1a: Togekiss|Dazzling Gleam|p2a: yavaltall
|-supereffective|p2a: yavaltall
|-damage|p2a: yavaltall|70/100
|
|-heal|p1a: Togekiss|92/100|[from] item: Leftovers
|upkeep
|turn|49
|
|t:|1620112548
|move|p2a: yavaltall|Snarl|p1a: Togekiss
|-resisted|p1a: Togekiss
|-damage|p1a: Togekiss|88/100
|-unboost|p1a: Togekiss|spa|1
|move|p1a: Togekiss|Dazzling Gleam|p2a: yavaltall
|-supereffective|p2a: yavaltall
|-damage|p2a: yavaltall|59/100
|
|-heal|p1a: Togekiss|94/100|[from] item: Leftovers
|upkeep
|turn|50
|c| I'm flying forward|pp game ._.
|
|t:|1620112557
|switch|p1a: Urshifu|Urshifu, F|26/100
|move|p2a: yavaltall|Foul Play|p1a: Urshifu
|-resisted|p1a: Urshifu
|-damage|p1a: Urshifu|10/100
|
|upkeep
|turn|51
|c|☆LinktheAnnihilato9|ye
|c|☆LinktheAnnihilato9|an i have more
|c|☆LinktheAnnihilato9|252 Atk Urshifu Close Combat vs. 248 HP / 8 Def Yveltal: 204-240 (44.8 - 52.7%)
|inactive|LinktheAnnihilato9 has 120 seconds left.
|inactive|LinktheAnnihilato9 has 90 seconds left.
|
|t:|1620112630
|switch|p1a: Togekiss|Togekiss, F|94/100
|-start|p2a: yavaltall|Dynamax
|-heal|p2a: yavaltall|59/100|[silent]
|move|p2a: yavaltall|Max Darkness|p1a: Togekiss
|-resisted|p1a: Togekiss
|-damage|p1a: Togekiss|65/100
|-unboost|p1a: Togekiss|spd|1
|
|-heal|p1a: Togekiss|71/100|[from] item: Leftovers
|upkeep
|turn|52
|
|t:|1620112642
|-end|p2a: yavaltall|Dynamax
|-heal|p2a: yavaltall|59/100|[silent]
|switch|p2a: dicktto|Ditto|100/100
|-transform|p2a: dicktto|p1a: Togekiss|[from] ability: Imposter
|move|p1a: Togekiss|Roost|p1a: Togekiss
|-heal|p1a: Togekiss|100/100
|-singleturn|p1a: Togekiss|move: Roost
|
|upkeep
|turn|53
|
|t:|1620112653
|move|p2a: dicktto|Air Slash|p1a: Togekiss
|-damage|p1a: Togekiss|71/100
|move|p1a: Togekiss|Mystical Fire|p2a: dicktto
|-damage|p2a: dicktto|77/100
|-unboost|p2a: dicktto|spa|1
|
|-heal|p1a: Togekiss|78/100|[from] item: Leftovers
|upkeep
|turn|54
|c|☆LinktheAnnihilato9|aw
|
|t:|1620112662
|move|p2a: dicktto|Air Slash|p1a: Togekiss
|-damage|p1a: Togekiss|59/100
|cant|p1a: Togekiss|flinch
|
|-heal|p1a: Togekiss|65/100|[from] item: Leftovers
|upkeep
|turn|55
|c|☆LinktheAnnihilato9|flinch where
|c|☆LinktheAnnihilato9|tfw
|
|t:|1620112667
|move|p2a: dicktto|Air Slash|p1a: Togekiss
|-damage|p1a: Togekiss|44/100
|move|p1a: Togekiss|Roost|p1a: Togekiss
|-heal|p1a: Togekiss|94/100
|-singleturn|p1a: Togekiss|move: Roost
|
|-heal|p1a: Togekiss|99/100|[from] item: Leftovers
|upkeep
|turn|56
|c|☆LinktheAnnihilato9|sadge
|c| I'm flying forward|ok..
|
|t:|1620112675
|move|p2a: dicktto|Air Slash|p1a: Togekiss
|-damage|p1a: Togekiss|80/100
|cant|p1a: Togekiss|flinch
|
|-heal|p1a: Togekiss|87/100|[from] item: Leftovers
|upkeep
|turn|57
|c|☆LinktheAnnihilato9|ok
|
|t:|1620112681
|switch|p2a: yavaltall|Yveltal|59/100
|-ability|p2a: yavaltall|Dark Aura
|move|p1a: Togekiss|Roost|p1a: Togekiss
|-heal|p1a: Togekiss|100/100
|-singleturn|p1a: Togekiss|move: Roost
|
|upkeep
|turn|58
|
|t:|1620112689
|move|p2a: yavaltall|Roost|p2a: yavaltall
|-heal|p2a: yavaltall|100/100
|-singleturn|p2a: yavaltall|move: Roost
|move|p1a: Togekiss|Dazzling Gleam|p2a: yavaltall
|-supereffective|p2a: yavaltall
|-damage|p2a: yavaltall|66/100
|
|upkeep
|turn|59
|
|t:|1620112695
|move|p2a: yavaltall|Snarl|p1a: Togekiss
|-resisted|p1a: Togekiss
|-damage|p1a: Togekiss|86/100
|-unboost|p1a: Togekiss|spa|1
|move|p1a: Togekiss|Dazzling Gleam|p2a: yavaltall
|-supereffective|p2a: yavaltall
|-damage|p2a: yavaltall|42/100
|
|-heal|p1a: Togekiss|92/100|[from] item: Leftovers
|upkeep
|turn|60
|
|t:|1620112704
|switch|p1a: Urshifu|Urshifu, F|10/100
|move|p2a: yavaltall|Roost|p2a: yavaltall
|-heal|p2a: yavaltall|93/100
|-singleturn|p2a: yavaltall|move: Roost
|
|upkeep
|turn|61
|
|t:|1620112728
|switch|p1a: Togekiss|Togekiss, F|92/100
|move|p2a: yavaltall|Foul Play|p1a: Togekiss
|-resisted|p1a: Togekiss
|-damage|p1a: Togekiss|84/100
|
|-heal|p1a: Togekiss|90/100|[from] item: Leftovers
|upkeep
|turn|62
|
|t:|1620112735
|move|p2a: yavaltall|Snarl|p1a: Togekiss
|-resisted|p1a: Togekiss
|-damage|p1a: Togekiss|80/100
|-unboost|p1a: Togekiss|spa|1
|move|p1a: Togekiss|Dazzling Gleam|p2a: yavaltall
|-supereffective|p2a: yavaltall
|-damage|p2a: yavaltall|66/100
|
|-heal|p1a: Togekiss|86/100|[from] item: Leftovers
|upkeep
|turn|63
|
|t:|1620112744
|move|p2a: yavaltall|Snarl|p1a: Togekiss
|-resisted|p1a: Togekiss
|-damage|p1a: Togekiss|76/100
|-unboost|p1a: Togekiss|spa|1
|move|p1a: Togekiss|Dazzling Gleam|p2a: yavaltall
|-supereffective|p2a: yavaltall
|-damage|p2a: yavaltall|49/100
|
|-heal|p1a: Togekiss|82/100|[from] item: Leftovers
|upkeep
|turn|64
|
|t:|1620112752
|move|p2a: yavaltall|Roost|p2a: yavaltall
|-heal|p2a: yavaltall|99/100
|-singleturn|p2a: yavaltall|move: Roost
|move|p1a: Togekiss|Mystical Fire|p2a: yavaltall
|-damage|p2a: yavaltall|93/100
|-unboost|p2a: yavaltall|spa|1
|
|-heal|p1a: Togekiss|88/100|[from] item: Leftovers
|upkeep
|turn|65
|
|t:|1620112761
|move|p2a: yavaltall|Foul Play|p1a: Togekiss
|-resisted|p1a: Togekiss
|-damage|p1a: Togekiss|80/100
|move|p1a: Togekiss|Mystical Fire|p2a: yavaltall
|-damage|p2a: yavaltall|88/100
|-unboost|p2a: yavaltall|spa|1
|
|-heal|p1a: Togekiss|87/100|[from] item: Leftovers
|upkeep
|turn|66
|j| Beatboxing is
|
|t:|1620112769
|move|p2a: yavaltall|Foul Play|p1a: Togekiss
|-resisted|p1a: Togekiss
|-damage|p1a: Togekiss|78/100
|move|p1a: Togekiss|Mystical Fire|p2a: yavaltall
|-damage|p2a: yavaltall|83/100
|-unboost|p2a: yavaltall|spa|1
|
|-heal|p1a: Togekiss|84/100|[from] item: Leftovers
|upkeep
|turn|67
|c| Beatboxing is|Lol
|
|t:|1620112778
|move|p2a: yavaltall|Foul Play|p1a: Togekiss
|-resisted|p1a: Togekiss
|-damage|p1a: Togekiss|76/100
|move|p1a: Togekiss|Mystical Fire|p2a: yavaltall
|-damage|p2a: yavaltall|77/100
|-unboost|p2a: yavaltall|spa|1
|
|-heal|p1a: Togekiss|82/100|[from] item: Leftovers
|upkeep
|turn|68
|c|☆LinktheAnnihilato9|lol
|
|t:|1620112787
|move|p2a: yavaltall|Foul Play|p1a: Togekiss
|-resisted|p1a: Togekiss
|-damage|p1a: Togekiss|73/100
|move|p1a: Togekiss|Air Slash|p2a: yavaltall
|-damage|p2a: yavaltall|68/100
|
|-heal|p1a: Togekiss|79/100|[from] item: Leftovers
|upkeep
|turn|69
|
|t:|1620112794
|move|p2a: yavaltall|Foul Play|p1a: Togekiss
|-resisted|p1a: Togekiss
|-damage|p1a: Togekiss|71/100
|move|p1a: Togekiss|Air Slash|p2a: yavaltall
|-damage|p2a: yavaltall|61/100
|
|-heal|p1a: Togekiss|78/100|[from] item: Leftovers
|upkeep
|turn|70
|
|t:|1620112801
|move|p2a: yavaltall|Foul Play|p1a: Togekiss
|-resisted|p1a: Togekiss
|-damage|p1a: Togekiss|70/100
|move|p1a: Togekiss|Air Slash|p2a: yavaltall
|-damage|p2a: yavaltall|53/100
|
|-heal|p1a: Togekiss|76/100|[from] item: Leftovers
|upkeep
|turn|71
|
|t:|1620112809
|move|p2a: yavaltall|Roost|p2a: yavaltall
|-heal|p2a: yavaltall|100/100
|-singleturn|p2a: yavaltall|move: Roost
|move|p1a: Togekiss|Air Slash|p2a: yavaltall
|-damage|p2a: yavaltall|93/100
|
|-heal|p1a: Togekiss|82/100|[from] item: Leftovers
|upkeep
|turn|72
|
|t:|1620112817
|move|p2a: yavaltall|Defog|p1a: Togekiss
|-unboost|p1a: Togekiss|evasion|1
|move|p1a: Togekiss|Air Slash|p2a: yavaltall
|-damage|p2a: yavaltall|85/100
|
|-heal|p1a: Togekiss|88/100|[from] item: Leftovers
|upkeep
|turn|73
|
|t:|1620112824
|move|p2a: yavaltall|Defog|p1a: Togekiss
|-unboost|p1a: Togekiss|evasion|1
|move|p1a: Togekiss|Air Slash|p2a: yavaltall
|-damage|p2a: yavaltall|76/100
|
|-heal|p1a: Togekiss|94/100|[from] item: Leftovers
|upkeep
|turn|74
|
|t:|1620112834
|switch|p1a: Urshifu|Urshifu, F|10/100
|move|p2a: yavaltall|Defog|p1a: Urshifu
|-unboost|p1a: Urshifu|evasion|1
|
|upkeep
|turn|75
|
|t:|1620112840
|switch|p1a: Togekiss|Togekiss, F|94/100
|move|p2a: yavaltall|Foul Play|p1a: Togekiss
|-resisted|p1a: Togekiss
|-damage|p1a: Togekiss|86/100
|
|-heal|p1a: Togekiss|92/100|[from] item: Leftovers
|upkeep
|turn|76
|
|t:|1620112847
|move|p2a: yavaltall|Snarl|p1a: Togekiss
|-resisted|p1a: Togekiss
|-damage|p1a: Togekiss|88/100
|-unboost|p1a: Togekiss|spa|1
|move|p1a: Togekiss|Dazzling Gleam|p2a: yavaltall
|-supereffective|p2a: yavaltall
|-damage|p2a: yavaltall|54/100
|
|-heal|p1a: Togekiss|95/100|[from] item: Leftovers
|upkeep
|turn|77
|
|t:|1620112856
|move|p2a: yavaltall|Roost|p2a: yavaltall
|-heal|p2a: yavaltall|100/100
|-singleturn|p2a: yavaltall|move: Roost
|move|p1a: Togekiss|Air Slash|p2a: yavaltall
|-damage|p2a: yavaltall|90/100
|
|-heal|p1a: Togekiss|100/100|[from] item: Leftovers
|upkeep
|turn|78
|
|t:|1620112863
|move|p2a: yavaltall|Snarl|p1a: Togekiss
|-resisted|p1a: Togekiss
|-damage|p1a: Togekiss|97/100
|-unboost|p1a: Togekiss|spa|1
|move|p1a: Togekiss|Dazzling Gleam|p2a: yavaltall
|-supereffective|p2a: yavaltall
|-crit|p2a: yavaltall
|-damage|p2a: yavaltall|37/100
|
|-heal|p1a: Togekiss|100/100|[from] item: Leftovers
|upkeep
|turn|79
|c|☆LinktheAnnihilato9|crit
|c|☆LinktheAnnihilato9|;
|
|t:|1620112873
|switch|p1a: Urshifu|Urshifu, F|10/100
|move|p2a: yavaltall|Roost|p2a: yavaltall
|-heal|p2a: yavaltall|87/100
|-singleturn|p2a: yavaltall|move: Roost
|
|upkeep
|turn|80
|
|t:|1620112879
|switch|p1a: Togekiss|Togekiss, F|100/100
|move|p2a: yavaltall|Snarl|p1a: Togekiss
|-resisted|p1a: Togekiss
|-damage|p1a: Togekiss|97/100
|-unboost|p1a: Togekiss|spa|1
|
|-heal|p1a: Togekiss|100/100|[from] item: Leftovers
|upkeep
|turn|81
|l| Beatboxing is
|
|t:|1620112888
|move|p2a: yavaltall|Snarl|p1a: Togekiss
|-resisted|p1a: Togekiss
|-damage|p1a: Togekiss|97/100
|-unboost|p1a: Togekiss|spa|1
|move|p1a: Togekiss|Mystical Fire|p2a: yavaltall
|-damage|p2a: yavaltall|81/100
|-unboost|p2a: yavaltall|spa|1
|
|-heal|p1a: Togekiss|100/100|[from] item: Leftovers
|upkeep
|turn|82
|
|t:|1620112898
|move|p2a: yavaltall|Snarl|p1a: Togekiss
|-resisted|p1a: Togekiss
|-damage|p1a: Togekiss|97/100
|-unboost|p1a: Togekiss|spa|1
|move|p1a: Togekiss|Air Slash|p2a: yavaltall
|-damage|p2a: yavaltall|74/100
|
|-heal|p1a: Togekiss|100/100|[from] item: Leftovers
|upkeep
|turn|83
|
|t:|1620112906
|move|p2a: yavaltall|Snarl|p1a: Togekiss
|-resisted|p1a: Togekiss
|-damage|p1a: Togekiss|98/100
|-unboost|p1a: Togekiss|spa|1
|move|p1a: Togekiss|Air Slash|p2a: yavaltall
|-damage|p2a: yavaltall|68/100
|
|-heal|p1a: Togekiss|100/100|[from] item: Leftovers
|upkeep
|turn|84
|
|t:|1620112915
|move|p2a: yavaltall|Defog|p1a: Togekiss
|-unboost|p1a: Togekiss|evasion|1
|move|p1a: Togekiss|Mystical Fire|p2a: yavaltall
|-damage|p2a: yavaltall|65/100
|-unboost|p2a: yavaltall|spa|1
|
|upkeep
|turn|85
|
|t:|1620112924
|switch|p1a: Urshifu|Urshifu, F|10/100
|move|p2a: yavaltall|Foul Play|p1a: Urshifu
|-resisted|p1a: Urshifu
|-damage|p1a: Urshifu|0 fnt
|faint|p1a: Urshifu
|
|upkeep
|c|☆LinktheAnnihilato9|pog
|-message|IWSK forfeited.
|
|win|LinktheAnnihilato9
|raw|IWSK's rating: 1521 &rarr; <strong>1512</strong><br />(-9 for losing)
|raw|LinktheAnnihilato9's rating: 1746 &rarr; <strong>1755</strong><br />(+9 for winning)
|l|☆IWSK
|c|☆LinktheAnnihilato9|ggwp
