|j|☆thicsucttv
|j|☆CLEAR GEM清瑜
|t:|1662535801
|gametype|singles
|player|p1|thicsucttv|1|1718
|player|p2|CLEAR GEM清瑜|skierf|1783
|teamsize|p1|6
|teamsize|p2|6
|gen|8
|tier|[Gen 8] National Dex AG
|rated|
|rule|HP Percentage Mod: HP is shown in percentages
|rule|Endless Battle Clause: Forcing endless battles is banned
|clearpoke
|poke|p1|Tyranitar, F|
|poke|p1|Marshadow|
|poke|p1|Yveltal|
|poke|p1|Necrozma-Dusk-Mane|
|poke|p1|Ditto|
|poke|p1|Lucario, F|
|poke|p2|Rayquaza|
|poke|p2|Groudon|
|poke|p2|Arceus-*|
|poke|p2|Yveltal|
|poke|p2|Zacian-*|
|poke|p2|Necrozma-Dusk-Mane|
|teampreview
|inactive|Battle timer is ON: inactive players will automatically lose when time's up. (requested by thicsucttv)
|
|t:|1662535807
|start
|switch|p1a: Lucario|Lucario, F|100/100
|switch|p2a: 不会(?)|Groudon|100/100
|detailschange|p2a: 不会(?)|Groudon-Primal
|-primal|p2a: 不会(?)
|-weather|DesolateLand|[from] ability: Desolate Land|[of] p2a: 不会(?)
|turn|1
|
|t:|1662535816
|detailschange|p1a: Lucario|Lucario-Mega, F
|-mega|p1a: Lucario|Lucario|Lucarionite
|move|p1a: Lucario|Close Combat|p2a: 不会(?)
|-damage|p2a: 不会(?)|48/100
|-unboost|p1a: Lucario|def|1
|-unboost|p1a: Lucario|spd|1
|move|p2a: 不会(?)|Stealth Rock|p1a: Lucario
|-sidestart|p1: thicsucttv|move: Stealth Rock
|
|-weather|DesolateLand|[upkeep]
|upkeep
|turn|2
|
|t:|1662535826
|move|p1a: Lucario|Close Combat|p2a: 不会(?)
|-damage|p2a: 不会(?)|0 fnt
|-unboost|p1a: Lucario|def|1
|-unboost|p1a: Lucario|spd|1
|faint|p2a: 不会(?)
|-weather|none
|
|upkeep
|
|t:|1662535830
|switch|p2a: 嘉然小姐的狗|Zacian-Crowned|100/100
|-ability|p2a: 嘉然小姐的狗|Intrepid Sword|boost
|-boost|p2a: 嘉然小姐的狗|atk|1
|turn|3
|
|t:|1662535837
|move|p1a: Lucario|Bullet Punch|p2a: 嘉然小姐的狗
|-damage|p2a: 嘉然小姐的狗|76/100
|move|p2a: 嘉然小姐的狗|Behemoth Blade|p1a: Lucario
|-resisted|p1a: Lucario
|-damage|p1a: Lucario|0 fnt
|faint|p1a: Lucario
|
|upkeep
|
|t:|1662535846
|switch|p1a: Ditto|Ditto|100/100
|-damage|p1a: Ditto|88/100|[from] Stealth Rock
|-transform|p1a: Ditto|p2a: 嘉然小姐的狗|[from] ability: Imposter
|-ability|p1a: Ditto|Intrepid Sword|boost
|-boost|p1a: Ditto|atk|1
|turn|4
|
|t:|1662535856
|switch|p2a: 钢铁之躯|Necrozma-Dusk-Mane|100/100
|move|p1a: Ditto|Behemoth Blade|p2a: 钢铁之躯
|-resisted|p2a: 钢铁之躯
|-damage|p2a: 钢铁之躯|60/100
|
|upkeep
|turn|5
|
|t:|1662535863
|move|p1a: Ditto|Behemoth Blade|p2a: 钢铁之躯
|-resisted|p2a: 钢铁之躯
|-damage|p2a: 钢铁之躯|19/100
|move|p2a: 钢铁之躯|Earthquake|p1a: Ditto
|-supereffective|p1a: Ditto
|-damage|p1a: Ditto|0 fnt
|faint|p1a: Ditto
|
|upkeep
|
|t:|1662535876
|switch|p1a: Marshadow|Marshadow|100/100
|-damage|p1a: Marshadow|94/100|[from] Stealth Rock
|turn|6
|
|t:|1662535881
|move|p1a: Marshadow|Spectral Thief|p2a: 钢铁之躯
|-supereffective|p2a: 钢铁之躯
|-damage|p2a: 钢铁之躯|0 fnt
|faint|p2a: 钢铁之躯
|
|upkeep
|
|t:|1662535888
|switch|p2a: 老烈|Rayquaza|100/100
|-ability|p2a: 老烈|Air Lock
|turn|7
|
|t:|1662535898
|detailschange|p2a: 老烈|Rayquaza-Mega
|-mega|p2a: 老烈|Rayquaza|
|-weather|DeltaStream|[from] ability: Delta Stream|[of] p2a: 老烈
|move|p1a: Marshadow|Spectral Thief|p2a: 老烈
|-damage|p2a: 老烈|61/100
|move|p2a: 老烈|Dragon Ascent|p1a: Marshadow
|-supereffective|p1a: Marshadow
|-damage|p1a: Marshadow|0 fnt
|-unboost|p2a: 老烈|def|1
|-unboost|p2a: 老烈|spd|1
|faint|p1a: Marshadow
|
|-weather|DeltaStream|[upkeep]
|upkeep
|inactive|thicsucttv has 120 seconds left.
|
|t:|1662535932
|switch|p1a: Yveltal|Yveltal|100/100
|-damage|p1a: Yveltal|76/100|[from] Stealth Rock
|-ability|p1a: Yveltal|Dark Aura
|turn|8
|
|t:|1662535938
|-start|p1a: Yveltal|Dynamax|
|-heal|p1a: Yveltal|76/100|[silent]
|move|p2a: 老烈|Dragon Ascent|p1a: Yveltal
|-damage|p1a: Yveltal|36/100
|-unboost|p2a: 老烈|def|1
|-unboost|p2a: 老烈|spd|1
|move|p1a: Yveltal|Max Airstream|p2a: 老烈
|-damage|p2a: 老烈|0 fnt
|-boost|p1a: Yveltal|spe|1
|faint|p2a: 老烈
|-weather|none
|-damage|p1a: Yveltal|31/100|[from] item: Life Orb
|
|upkeep
|
|t:|1662535943
|switch|p2a: Y鸟|Yveltal|100/100
|-ability|p2a: Y鸟|Dark Aura
|turn|9
|
|t:|1662535958
|-start|p2a: Y鸟|Dynamax|
|-heal|p2a: Y鸟|100/100|[silent]
|move|p1a: Yveltal|Max Airstream|p2a: Y鸟
|-crit|p2a: Y鸟
|-damage|p2a: Y鸟|34/100
|-boost|p1a: Yveltal|spe|1
|-damage|p1a: Yveltal|26/100|[from] item: Life Orb
|move|p2a: Y鸟|Max Airstream|p1a: Yveltal
|-damage|p1a: Yveltal|0 fnt
|-boost|p2a: Y鸟|spe|1
|faint|p1a: Yveltal
|
|upkeep
|inactive|thicsucttv has 120 seconds left.
|
|t:|1662535974
|switch|p1a: Tyranitar|Tyranitar, F|100/100
|-damage|p1a: Tyranitar|88/100|[from] Stealth Rock
|-weather|Sandstorm|[from] ability: Sand Stream|[of] p1a: Tyranitar
|turn|10
|inactive|thicsucttv has 120 seconds left.
|
|t:|1662535980
|move|p2a: Y鸟|Max Guard|p2a: Y鸟
|-singleturn|p2a: Y鸟|Max Guard
|move|p1a: Tyranitar|Stone Edge|p2a: Y鸟
|-activate|p2a: Y鸟|move: Max Guard
|
|-weather|Sandstorm|[upkeep]
|-damage|p2a: Y鸟|31/100|[from] Sandstorm
|upkeep
|turn|11
|
|t:|1662535992
|-end|p2a: Y鸟|Dynamax
|-heal|p2a: Y鸟|31/100|[silent]
|switch|p2a: 嘉然小姐的狗|Zacian-Crowned|76/100
|-ability|p2a: 嘉然小姐的狗|Intrepid Sword|boost
|-boost|p2a: 嘉然小姐的狗|atk|1
|move|p1a: Tyranitar|Stone Edge|p2a: 嘉然小姐的狗|[miss]
|-miss|p1a: Tyranitar|p2a: 嘉然小姐的狗
|
|-weather|Sandstorm|[upkeep]
|upkeep
|turn|12
|
|t:|1662536004
|switch|p2a: 悬空羊驼|Arceus-Flying|100/100
|switch|p1a: Necrozma|Necrozma-Dusk-Mane|100/100
|-damage|p1a: Necrozma|95/100|[from] Stealth Rock
|
|-weather|Sandstorm|[upkeep]
|-damage|p2a: 悬空羊驼|94/100|[from] Sandstorm
|upkeep
|turn|13
|
|t:|1662536016
|move|p2a: 悬空羊驼|Earth Power|p1a: Necrozma
|-supereffective|p1a: Necrozma
|-damage|p1a: Necrozma|47/100
|move|p1a: Necrozma|Dragon Dance|p1a: Necrozma
|-boost|p1a: Necrozma|atk|1
|-boost|p1a: Necrozma|spe|1
|
|-weather|Sandstorm|[upkeep]
|-damage|p2a: 悬空羊驼|88/100|[from] Sandstorm
|upkeep
|turn|14
|
|t:|1662536027
|detailschange|p1a: Necrozma|Necrozma-Ultra
|-burst|p1a: Necrozma|Necrozma|Ultranecrozium Z
|move|p1a: Necrozma|Stone Edge|p2a: 悬空羊驼
|-supereffective|p2a: 悬空羊驼
|-damage|p2a: 悬空羊驼|0 fnt
|faint|p2a: 悬空羊驼
|
|-weather|none
|upkeep
|
|t:|1662536031
|switch|p2a: Y鸟|Yveltal|31/100
|-ability|p2a: Y鸟|Dark Aura
|turn|15
|
|t:|1662536045
|move|p1a: Necrozma|Stone Edge|p2a: Y鸟
|-supereffective|p2a: Y鸟
|-crit|p2a: Y鸟
|-damage|p2a: Y鸟|0 fnt
|faint|p2a: Y鸟
|
|upkeep
|
|t:|1662536047
|switch|p2a: 嘉然小姐的狗|Zacian-Crowned|76/100
|-ability|p2a: 嘉然小姐的狗|Intrepid Sword|boost
|-boost|p2a: 嘉然小姐的狗|atk|1
|turn|16
|c|☆thicsucttv|Ez?
|
|t:|1662536055
|move|p2a: 嘉然小姐的狗|Quick Attack|p1a: Necrozma
|-damage|p1a: Necrozma|18/100
|move|p1a: Necrozma|Earthquake|p2a: 嘉然小姐的狗
|-supereffective|p2a: 嘉然小姐的狗
|-damage|p2a: 嘉然小姐的狗|0 fnt
|faint|p2a: 嘉然小姐的狗
|
|win|thicsucttv
|raw|thicsucttv's rating: 1718 &rarr; <strong>1742</strong><br />(+24 for winning)
|raw|CLEAR GEM清瑜's rating: 1783 &rarr; <strong>1759</strong><br />(-24 for losing)
