|j|☆TheyCallMeGayAss
|j|☆TwentyTwan
|t:|1602527075
|player|p1|TheyCallMeGayAss|hilda-dueldisk|1058
|player|p2|TwentyTwan|1|1092
|teamsize|p1|6
|teamsize|p2|6
|gametype|singles
|gen|8
|tier|[Gen 8] National Dex AG
|rated|
|clearpoke
|poke|p1|Ninjask, M|
|poke|p1|Dracovish|
|poke|p1|Volcarona, M|
|poke|p1|Thievul, F|
|poke|p1|Bastiodon, F|
|poke|p1|Clefable, M|
|poke|p2|Type: Null|
|poke|p2|Shedinja|
|poke|p2|Articuno|
|poke|p2|Amoonguss, F|
|poke|p2|Azelf|
|poke|p2|Cloyster, M|
|rule|HP Percentage Mod: HP is shown in percentages
|rule|Endless Battle Clause: Forcing endless battles is banned
|teampreview
|
|t:|1602527082
|start
|switch|p1a: Clefable|Clefable, M|100/100
|switch|p2a: Azelf|Azelf|100/100
|turn|1
|
|t:|1602527090
|move|p2a: Azelf|Trick|p1a: Clefable
|-activate|p2a: Azelf|move: Trick|[of] p1a: Clefable
|-item|p1a: Clefable|Eject Button|[from] move: Trick
|-item|p2a: Azelf|Leftovers|[from] move: Trick
|move|p1a: Clefable|Minimize|p1a: Clefable
|-boost|p1a: Clefable|evasion|2
|
|upkeep
|turn|2
|
|t:|1602527098
|move|p2a: Azelf|Sunny Day|p2a: Azelf
|-weather|SunnyDay
|move|p1a: Clefable|Minimize|p1a: Clefable
|-boost|p1a: Clefable|evasion|2
|
|-weather|SunnyDay|[upkeep]
|upkeep
|turn|3
|
|t:|1602527105
|move|p2a: Azelf|Explosion|p1a: Clefable|[miss]
|-miss|p2a: Azelf|p1a: Clefable
|faint|p2a: Azelf
|move|p1a: Clefable|Minimize|p1a: Clefable
|-boost|p1a: Clefable|evasion|2
|
|-weather|SunnyDay|[upkeep]
|upkeep
|
|t:|1602527112
|switch|p2a: Amoonguss|Amoonguss, F|100/100
|turn|4
|
|t:|1602527115
|move|p1a: Clefable|Cosmic Power|p1a: Clefable
|-boost|p1a: Clefable|def|1
|-boost|p1a: Clefable|spd|1
|move|p2a: Amoonguss|Spore|p1a: Clefable
|-status|p1a: Clefable|slp|[from] move: Spore
|
|-weather|SunnyDay|[upkeep]
|upkeep
|turn|5
|
|t:|1602527124
|cant|p1a: Clefable|slp
|move|p2a: Amoonguss|Giga Drain|p1a: Clefable
|-damage|p1a: Clefable|90/100 slp
|-enditem|p1a: Clefable|Eject Button
|-message|TheyCallMeGayAss forfeited.
|
|win|TwentyTwan
|l|☆TheyCallMeGayAss
||Ladder (probably) updated, but score could not be retrieved (Request timeout).
