|j|☆Sir Balderdash
|j|☆ChunkyRat
|t:|1668464010
|gametype|singles
|player|p1|Sir Balderdash|pokemaniac|1000
|player|p2|ChunkyRat|ninjaboy|1000
|teamsize|p1|6
|teamsize|p2|6
|gen|8
|tier|[Gen 8] National Dex AG
|rated|
|rule|HP Percentage Mod: HP is shown in percentages
|rule|Endless Battle Clause: Forcing endless battles is banned
|clearpoke
|poke|p1|Arceus-*|
|poke|p1|Calyrex-Shadow|
|poke|p1|Yveltal|
|poke|p1|Arceus-*|
|poke|p1|Necrozma-Dusk-Mane|
|poke|p1|Rayquaza|
|poke|p2|Rayquaza|
|poke|p2|Arceus-*|
|poke|p2|Lugia|
|poke|p2|Arceus-*|
|poke|p2|Groudon|
|poke|p2|Arceus-*|
|teampreview
|inactive|Battle timer is ON: inactive players will automatically lose when time's up. (requested by ChunkyRat)
|
|t:|1668464042
|start
|switch|p1a: Mr. Wiggles|Rayquaza|100/100
|switch|p2a: ArceusMaliciousJr|Lugia, shiny|100/100
|-ability|p1a: Mr. Wiggles|Air Lock
|turn|1
|c|☆Sir Balderdash|gl mr sir
|inactive|ChunkyRat has 120 seconds left.
|
|t:|1668464073
|switch|p1a: Severus|Necrozma-Dusk-Mane|100/100
|move|p2a: ArceusMaliciousJr|Thunder Wave|p1a: Severus
|-status|p1a: Severus|par
|
|upkeep
|turn|2
|c|☆ChunkyRat|ty
|
|t:|1668464076
|switch|p2a: ImAbroom|Groudon|100/100
|detailschange|p2a: ImAbroom|Groudon-Primal
|-primal|p2a: ImAbroom
|-weather|DesolateLand|[from] ability: Desolate Land|[of] p2a: ImAbroom
|move|p1a: Severus|Knock Off|p2a: ImAbroom
|-damage|p2a: ImAbroom|86/100
|
|-weather|DesolateLand|[upkeep]
|upkeep
|turn|3
|
|t:|1668464081
|switch|p1a: Mr. Wiggles|Rayquaza|100/100
|-ability|p1a: Mr. Wiggles|Air Lock
|move|p2a: ImAbroom|Eruption|p1a: Mr. Wiggles
|-resisted|p1a: Mr. Wiggles
|-damage|p1a: Mr. Wiggles|58/100
|
|-weather|DesolateLand|[upkeep]
|upkeep
|turn|4
|
|t:|1668464084
|-weather|none
|switch|p2a: ArceusMaliciousJr|Lugia, shiny|100/100
|detailschange|p1a: Mr. Wiggles|Rayquaza-Mega
|-mega|p1a: Mr. Wiggles|Rayquaza|
|-weather|DeltaStream|[from] ability: Delta Stream|[of] p1a: Mr. Wiggles
|move|p1a: Mr. Wiggles|Draco Meteor|p2a: ArceusMaliciousJr
|-damage|p2a: ArceusMaliciousJr|71/100
|-unboost|p1a: Mr. Wiggles|spa|2
|-damage|p1a: Mr. Wiggles|48/100|[from] item: Life Orb
|
|-weather|DeltaStream|[upkeep]
|upkeep
|turn|5
|
|t:|1668464087
|move|p1a: Mr. Wiggles|Dragon Ascent|p2a: ArceusMaliciousJr
|-damage|p2a: ArceusMaliciousJr|18/100
|-unboost|p1a: Mr. Wiggles|def|1
|-unboost|p1a: Mr. Wiggles|spd|1
|-damage|p1a: Mr. Wiggles|38/100|[from] item: Life Orb
|move|p2a: ArceusMaliciousJr|Recover|p2a: ArceusMaliciousJr
|-heal|p2a: ArceusMaliciousJr|68/100
|
|-weather|DeltaStream|[upkeep]
|upkeep
|turn|6
|
|t:|1668464093
|-weather|none
|switch|p1a: Severus|Necrozma-Dusk-Mane|100/100 par
|move|p2a: ArceusMaliciousJr|Thunder Wave|p1a: Severus
|-fail|p1a: Severus|par
|
|upkeep
|turn|7
|
|t:|1668464095
|move|p2a: ArceusMaliciousJr|Recover|p2a: ArceusMaliciousJr
|-heal|p2a: ArceusMaliciousJr|100/100
|cant|p1a: Severus|par
|
|upkeep
|turn|8
|
|t:|1668464097
|switch|p2a: ImAbroom|Groudon-Primal|86/100
|-weather|DesolateLand|[from] ability: Desolate Land|[of] p2a: ImAbroom
|cant|p1a: Severus|par
|
|-weather|DesolateLand|[upkeep]
|upkeep
|turn|9
|
|t:|1668464099
|move|p2a: ImAbroom|Rock Tomb|p1a: Severus
|-resisted|p1a: Severus
|-damage|p1a: Severus|95/100 par
|-unboost|p1a: Severus|spe|1
|move|p1a: Severus|Stealth Rock|p2a: ImAbroom
|-sidestart|p2: ChunkyRat|move: Stealth Rock
|
|-weather|DesolateLand|[upkeep]
|upkeep
|turn|10
|inactive|Sir Balderdash has 120 seconds left.
|
|t:|1668464141
|switch|p1a: Mr. Wiggles|Rayquaza-Mega|38/100
|-weather|DeltaStream|[from] ability: Delta Stream|[of] p1a: Mr. Wiggles
|move|p2a: ImAbroom|Eruption|p1a: Mr. Wiggles
|-resisted|p1a: Mr. Wiggles
|-damage|p1a: Mr. Wiggles|3/100
|
|-weather|DeltaStream|[upkeep]
|upkeep
|turn|11
|
|t:|1668464145
|switch|p2a: ArceusMaliciousJr|Lugia, shiny|100/100
|move|p1a: Mr. Wiggles|Dragon Ascent|p2a: ArceusMaliciousJr
|-damage|p2a: ArceusMaliciousJr|76/100
|-unboost|p1a: Mr. Wiggles|def|1
|-unboost|p1a: Mr. Wiggles|spd|1
|-damage|p1a: Mr. Wiggles|0 fnt|[from] item: Life Orb
|faint|p1a: Mr. Wiggles
|-weather|none
|
|upkeep
|inactive|Sir Balderdash has 120 seconds left.
|
|t:|1668464150
|switch|p1a: Anomander Rake|Calyrex-Shadow|100/100
|-ability|p1a: Anomander Rake|As One
|-ability|p1a: Anomander Rake|Unnerve
|turn|12
|inactive|Sir Balderdash has 120 seconds left.
|
|t:|1668464176
|switch|p2a: Arceus|Arceus|100/100
|-damage|p2a: Arceus|88/100|[from] Stealth Rock
|move|p1a: Anomander Rake|Substitute|p1a: Anomander Rake
|-start|p1a: Anomander Rake|Substitute
|-damage|p1a: Anomander Rake|76/100
|
|upkeep
|turn|13
|inactive|ChunkyRat has 120 seconds left.
|
|t:|1668464207
|move|p1a: Anomander Rake|Nasty Plot|p1a: Anomander Rake
|-boost|p1a: Anomander Rake|spa|2
|move|p2a: Arceus|Swords Dance|p2a: Arceus
|-boost|p2a: Arceus|atk|2
|
|upkeep
|turn|14
|inactive|Sir Balderdash has 120 seconds left.
|
|t:|1668464213
|move|p1a: Anomander Rake|Baton Pass|p1a: Anomander Rake
|
|t:|1668464215
|switch|p1a: Silver Wing|Yveltal, shiny|100/100|[from]move: Baton Pass
|-ability|p1a: Silver Wing|Dark Aura
|move|p2a: Arceus|Bullet Seed|p1a: Silver Wing
|-resisted|p1a: Silver Wing
|-activate|p1a: Silver Wing|move: Substitute|[damage]
|-resisted|p1a: Silver Wing
|-end|p1a: Silver Wing|Substitute
|-resisted|p1a: Silver Wing
|-damage|p1a: Silver Wing|90/100
|-hitcount|p1a: Silver Wing|3
|-damage|p2a: Arceus|78/100|[from] item: Life Orb
|
|upkeep
|turn|15
|
|t:|1668464224
|-start|p1a: Silver Wing|Dynamax|
|-heal|p1a: Silver Wing|90/100|[silent]
|move|p2a: Arceus|Extreme Speed|p1a: Silver Wing
|-damage|p1a: Silver Wing|30/100
|-damage|p2a: Arceus|68/100|[from] item: Life Orb
|move|p1a: Silver Wing|Max Airstream|p2a: Arceus
|-damage|p2a: Arceus|0 fnt
|-boost|p1a: Silver Wing|spe|1
|faint|p2a: Arceus
|
|upkeep
|
|t:|1668464231
|switch|p2a: ArceusMaliciousJr|Lugia, shiny|76/100
|turn|16
|
|t:|1668464236
|move|p1a: Silver Wing|Max Darkness|p2a: ArceusMaliciousJr
|-supereffective|p2a: ArceusMaliciousJr
|-damage|p2a: ArceusMaliciousJr|0 fnt
|faint|p2a: ArceusMaliciousJr
|
|upkeep
|
|t:|1668464252
|switch|p2a: Dragomir Ayaren|Rayquaza, shiny|100/100
|-damage|p2a: Dragomir Ayaren|75/100|[from] Stealth Rock
|-ability|p2a: Dragomir Ayaren|Air Lock
|turn|17
|
|t:|1668464256
|detailschange|p2a: Dragomir Ayaren|Rayquaza-Mega, shiny
|-mega|p2a: Dragomir Ayaren|Rayquaza|
|-weather|DeltaStream|[from] ability: Delta Stream|[of] p2a: Dragomir Ayaren
|move|p1a: Silver Wing|Max Airstream|p2a: Dragomir Ayaren
|-damage|p2a: Dragomir Ayaren|0 fnt
|-boost|p1a: Silver Wing|spe|1
|faint|p2a: Dragomir Ayaren
|-weather|none
|
|upkeep
|
|t:|1668464261
|switch|p2a: OnMaWa|Arceus|100/100
|-damage|p2a: OnMaWa|88/100|[from] Stealth Rock
|-end|p1a: Silver Wing|Dynamax
|-heal|p1a: Silver Wing|30/100|[silent]
|turn|18
|
|t:|1668464267
|switch|p1a: Severus|Necrozma-Dusk-Mane|95/100 par
|move|p2a: OnMaWa|Extreme Speed|p1a: Severus
|-resisted|p1a: Severus
|-damage|p1a: Severus|81/100 par
|-damage|p2a: OnMaWa|72/100|[from] item: Rocky Helmet|[of] p1a: Severus
|-damage|p2a: OnMaWa|62/100|[from] item: Life Orb
|
|upkeep
|turn|19
|inactive|Sir Balderdash has 120 seconds left.
|j| NATALlE
|inactive|Sir Balderdash has 90 seconds left.
|
|t:|1668464335
|move|p2a: OnMaWa|Swords Dance|p2a: OnMaWa
|-boost|p2a: OnMaWa|atk|2
|move|p1a: Severus|Thunder Wave|p2a: OnMaWa
|-status|p2a: OnMaWa|par
|
|upkeep
|turn|20
|
|t:|1668464339
|move|p2a: OnMaWa|Earthquake|p1a: Severus
|-supereffective|p1a: Severus
|-damage|p1a: Severus|8/100 par
|-damage|p2a: OnMaWa|52/100 par|[from] item: Life Orb
|cant|p1a: Severus|par
|
|upkeep
|turn|21
|
|t:|1668464345
|move|p2a: OnMaWa|Extreme Speed|p1a: Severus
|-resisted|p1a: Severus
|-damage|p1a: Severus|0 fnt
|-damage|p2a: OnMaWa|35/100 par|[from] item: Rocky Helmet|[of] p1a: Severus
|faint|p1a: Severus
|-damage|p2a: OnMaWa|25/100 par|[from] item: Life Orb
|
|upkeep
|inactive|Sir Balderdash has 90 seconds left.
|
|t:|1668464372
|switch|p1a: Pink God|Arceus-Fairy|100/100
|turn|22
|
|t:|1668464375
|move|p2a: OnMaWa|Extreme Speed|p1a: Pink God
|-damage|p1a: Pink God|25/100
|-damage|p2a: OnMaWa|16/100 par|[from] item: Life Orb
|move|p1a: Pink God|Judgment|p2a: OnMaWa
|-damage|p2a: OnMaWa|0 fnt
|faint|p2a: OnMaWa
|
|upkeep
|
|t:|1668464380
|switch|p2a: ImAbroom|Groudon-Primal|86/100
|-damage|p2a: ImAbroom|74/100|[from] Stealth Rock
|-weather|DesolateLand|[from] ability: Desolate Land|[of] p2a: ImAbroom
|turn|23
|inactive|Sir Balderdash has 90 seconds left.
|inactive|Sir Balderdash has 60 seconds left.
|inactive|Sir Balderdash has 30 seconds left.
|inactive|Sir Balderdash has 20 seconds left.
|inactive|Sir Balderdash has 15 seconds left.
|inactive|Sir Balderdash has 10 seconds left.
|
|t:|1668464479
|move|p1a: Pink God|Judgment|p2a: ImAbroom
|-resisted|p2a: ImAbroom
|-damage|p2a: ImAbroom|48/100
|move|p2a: ImAbroom|Eruption|p1a: Pink God
|-damage|p1a: Pink God|0 fnt
|faint|p1a: Pink God
|
|-weather|DesolateLand|[upkeep]
|upkeep
|inactive|Sir Balderdash has 15 seconds left this turn.
|inactive|Sir Balderdash has 10 seconds left.
|
|t:|1668464486
|switch|p1a: Anomander Rake|Calyrex-Shadow|76/100
|-ability|p1a: Anomander Rake|As One
|-ability|p1a: Anomander Rake|Unnerve
|turn|24
|inactive|Sir Balderdash has 20 seconds left this turn.
|
|t:|1668464490
|move|p1a: Anomander Rake|Astral Barrage|p2a: ImAbroom
|-damage|p2a: ImAbroom|0 fnt
|faint|p2a: ImAbroom
|-weather|none
|-ability|p1a: Anomander Rake|Grim Neigh|boost
|-boost|p1a: Anomander Rake|spa|1
|
|upkeep
|inactive|Sir Balderdash has 25 seconds left this turn.
|
|t:|1668464492
|switch|p2a: iHaveAsthma|Arceus-Ground, shiny|100/100
|-damage|p2a: iHaveAsthma|94/100|[from] Stealth Rock
|turn|25
|
|t:|1668464496
|-start|p2a: iHaveAsthma|Dynamax|
|-heal|p2a: iHaveAsthma|94/100|[silent]
|-zpower|p1a: Anomander Rake
|move|p1a: Anomander Rake|Never-Ending Nightmare|p2a: iHaveAsthma|[zeffect]
|-damage|p2a: iHaveAsthma|40/100
|move|p2a: iHaveAsthma|Max Quake|p1a: Anomander Rake
|-damage|p1a: Anomander Rake|11/100
|-boost|p2a: iHaveAsthma|spd|1
|
|upkeep
|turn|26
|c|☆Sir Balderdash|wow big bulk
|
|t:|1668464510
|move|p1a: Anomander Rake|Substitute|p1a: Anomander Rake
|-fail|p1a: Anomander Rake|move: Substitute|[weak]
|move|p2a: iHaveAsthma|Max Quake|p1a: Anomander Rake
|-damage|p1a: Anomander Rake|0 fnt
|-boost|p2a: iHaveAsthma|spd|1
|faint|p1a: Anomander Rake
|
|upkeep
|c|☆Sir Balderdash|misclick :(
|
|t:|1668464517
|switch|p1a: Silver Wing|Yveltal, shiny|30/100
|-ability|p1a: Silver Wing|Dark Aura
|turn|27
|
|t:|1668464519
|move|p1a: Silver Wing|Sucker Punch|p2a: iHaveAsthma
|-damage|p2a: iHaveAsthma|31/100
|move|p2a: iHaveAsthma|Max Hailstorm|p1a: Silver Wing
|-supereffective|p1a: Silver Wing
|-damage|p1a: Silver Wing|0 fnt
|-weather|Hail
|faint|p1a: Silver Wing
|
|-weather|Hail|[upkeep]
|-damage|p2a: iHaveAsthma|28/100|[from] Hail
|upkeep
|
|t:|1668464522
|switch|p1a: Hear Me And Weep|Arceus|100/100
|-end|p2a: iHaveAsthma|Dynamax
|-heal|p2a: iHaveAsthma|28/100|[silent]
|turn|28
|
|t:|1668464526
|move|p1a: Hear Me And Weep|Extreme Speed|p2a: iHaveAsthma
|-damage|p2a: iHaveAsthma|0 fnt
|faint|p2a: iHaveAsthma
|-damage|p1a: Hear Me And Weep|91/100|[from] item: Life Orb
|
|win|Sir Balderdash
|l|☆ChunkyRat
|l|☆Sir Balderdash
|raw|Sir Balderdash's rating: 1040 &rarr; <strong>1107</strong><br />(+67 for winning)
|raw|ChunkyRat's rating: 1723 &rarr; <strong>1684</strong><br />(-39 for losing)
||Ladder isn't responding, score probably updated but might not have (Request timeout).
