|j|☆NOAH MK2
|j|☆Gohansenju
|t:|1665379177
|gametype|singles
|player|p1|NOAH MK2|1|1608
|player|p2|Gohansenju|blue-gen3two|1784
|teamsize|p1|6
|teamsize|p2|6
|gen|8
|tier|[Gen 8] National Dex AG
|rated|
|rule|HP Percentage Mod: HP is shown in percentages
|rule|Endless Battle Clause: Forcing endless battles is banned
|clearpoke
|poke|p1|Klefki, F|
|poke|p1|Gengar, M|
|poke|p1|Groudon|
|poke|p1|Whimsicott, F|
|poke|p1|Arceus-*|
|poke|p1|Rayquaza|
|poke|p2|Kangaskhan, F|
|poke|p2|Corviknight, F|
|poke|p2|Arceus-*|
|poke|p2|Celesteela|
|poke|p2|Necrozma-Dusk-Mane|
|poke|p2|Ditto|
|teampreview
|inactive|Battle timer is ON: inactive players will automatically lose when time's up. (requested by Gohansenju)
|
|t:|1665379189
|start
|switch|p1a: Klefki|Klefki, F|100/100
|switch|p2a: Arceus|Arceus-Ground|100/100
|turn|1
|
|t:|1665379196
|switch|p1a: Arceus|Arceus-Dark|100/100
|move|p2a: Arceus|Judgment|p1a: Arceus
|-damage|p1a: Arceus|72/100
|
|upkeep
|turn|2
|
|t:|1665379201
|move|p2a: Arceus|Stealth Rock|p1a: Arceus
|-sidestart|p1: NOAH MK2|move: Stealth Rock
|move|p1a: Arceus|Snarl|p2a: Arceus
|-damage|p2a: Arceus|81/100
|-unboost|p2a: Arceus|spa|1
|
|upkeep
|turn|3
|
|t:|1665379208
|switch|p2a: Corviknight|Corviknight, F|100/100
|-ability|p2a: Corviknight|Pressure
|move|p1a: Arceus|Stealth Rock|p2a: Corviknight
|-sidestart|p2: Gohansenju|move: Stealth Rock
|
|upkeep
|turn|4
|
|t:|1665379215
|switch|p2a: Arceus|Arceus-Ground|81/100
|-damage|p2a: Arceus|75/100|[from] Stealth Rock
|move|p1a: Arceus|Roar|p2a: Arceus
|drag|p2a: Ditto|Ditto, shiny|100/100
|-damage|p2a: Ditto|88/100|[from] Stealth Rock
|-transform|p2a: Ditto|p1a: Arceus|[from] ability: Imposter
|
|upkeep
|turn|5
|
|t:|1665379222
|move|p2a: Ditto|Roar|p1a: Arceus
|drag|p1a: Rayquaza|Rayquaza|100/100
|-damage|p1a: Rayquaza|76/100|[from] Stealth Rock
|-ability|p1a: Rayquaza|Air Lock
|
|upkeep
|turn|6
|
|t:|1665379237
|switch|p2a: Corviknight|Corviknight, F|100/100
|-damage|p2a: Corviknight|88/100|[from] Stealth Rock
|-ability|p2a: Corviknight|Pressure
|move|p1a: Rayquaza|Swords Dance|p1a: Rayquaza
|-boost|p1a: Rayquaza|atk|2
|
|upkeep
|turn|7
|
|t:|1665379246
|switch|p1a: Klefki|Klefki, F|100/100
|-damage|p1a: Klefki|95/100|[from] Stealth Rock
|move|p2a: Corviknight|Drill Peck|p1a: Klefki
|-resisted|p1a: Klefki
|-damage|p1a: Klefki|84/100
|
|upkeep
|turn|8
|
|t:|1665379250
|switch|p2a: Arceus|Arceus-Ground|75/100
|-damage|p2a: Arceus|69/100|[from] Stealth Rock
|move|p1a: Klefki|Reflect|p1a: Klefki
|-sidestart|p1: NOAH MK2|Reflect
|
|upkeep
|turn|9
|
|t:|1665379255
|move|p1a: Klefki|Light Screen|p1a: Klefki
|-sidestart|p1: NOAH MK2|move: Light Screen
|move|p2a: Arceus|Judgment|p1a: Klefki
|-supereffective|p1a: Klefki
|-damage|p1a: Klefki|7/100
|
|upkeep
|turn|10
|
|t:|1665379263
|move|p2a: Arceus|Judgment|p1a: Klefki
|-supereffective|p1a: Klefki
|-damage|p1a: Klefki|0 fnt
|faint|p1a: Klefki
|
|upkeep
|
|t:|1665379270
|switch|p1a: Groudon|Groudon|100/100
|-damage|p1a: Groudon|94/100|[from] Stealth Rock
|detailschange|p1a: Groudon|Groudon-Primal
|-primal|p1a: Groudon
|-weather|DesolateLand|[from] ability: Desolate Land|[of] p1a: Groudon
|turn|11
|
|t:|1665379274
|move|p2a: Arceus|Judgment|p1a: Groudon
|-supereffective|p1a: Groudon
|-damage|p1a: Groudon|33/100
|move|p1a: Groudon|Swords Dance|p1a: Groudon
|-boost|p1a: Groudon|atk|2
|
|-weather|DesolateLand|[upkeep]
|upkeep
|turn|12
|-message|NOAH MK2 forfeited.
|
|win|Gohansenju
|raw|NOAH MK2's rating: 1608 &rarr; <strong>1597</strong><br />(-11 for losing)
|raw|Gohansenju's rating: 1784 &rarr; <strong>1795</strong><br />(+11 for winning)
|l|☆NOAH MK2
