|j|☆Jamira!?
|j|☆Varrio
|t:|1607321390
|player|p1|Jamira!?|iris-gen5bw2|1634
|player|p2|Varrio|noland-gen3|1422
|teamsize|p1|6
|teamsize|p2|6
|gametype|singles
|gen|8
|tier|[Gen 8] National Dex AG
|rated|
|clearpoke
|poke|p1|Necrozma-Dusk-Mane|
|poke|p1|Tyranitar, F|
|poke|p1|Rayquaza|
|poke|p1|Groudon|
|poke|p1|Dragapult, M|
|poke|p1|Zacian-Crowned|
|poke|p2|Gengar, F|
|poke|p2|Arceus-*|
|poke|p2|Calyrex-Shadow|
|poke|p2|Ho-Oh|
|poke|p2|Arceus-*|
|poke|p2|Necrozma-Dusk-Mane|
|rule|HP Percentage Mod: HP is shown in percentages
|rule|Endless Battle Clause: Forcing endless battles is banned
|teampreview
|inactive|Battle timer is ON: inactive players will automatically lose when time's up. (requested by Jamira!?)
|
|t:|1607321399
|start
|switch|p1a: Zacian|Zacian-Crowned|100/100
|switch|p2a: Arceus|Arceus-Water, shiny|100/100
|-ability|p1a: Zacian|Intrepid Sword|boost
|-boost|p1a: Zacian|atk|1
|turn|1
|
|t:|1607321407
|switch|p1a: Necrozma|Necrozma-Dusk-Mane|100/100
|move|p2a: Arceus|Will-O-Wisp|p1a: Necrozma
|-status|p1a: Necrozma|brn
|
|-damage|p1a: Necrozma|94/100 brn|[from] brn
|upkeep
|turn|2
|
|t:|1607321416
|move|p2a: Arceus|Magic Coat|p2a: Arceus
|-singleturn|p2a: Arceus|move: Magic Coat
|move|p1a: Necrozma|Stealth Rock|p2a: Arceus
|move|p2a: Arceus|Stealth Rock|p1a: Necrozma|[from]Magic Coat
|-sidestart|p1: Jamira!?|move: Stealth Rock
|
|-damage|p1a: Necrozma|88/100 brn|[from] brn
|upkeep
|turn|3
|
|t:|1607321424
|move|p2a: Arceus|Magic Coat|p2a: Arceus
|-singleturn|p2a: Arceus|move: Magic Coat
|move|p1a: Necrozma|Stealth Rock|p2a: Arceus
|move|p2a: Arceus|Stealth Rock||[from]Magic Coat|[still]
|-fail|p2a: Arceus
|
|-damage|p1a: Necrozma|82/100 brn|[from] brn
|upkeep
|turn|4
|
|t:|1607321440
|switch|p2a: Arceus|Arceus-Dark|100/100
|move|p1a: Necrozma|Stealth Rock|p2a: Arceus
|-sidestart|p2: Varrio|move: Stealth Rock
|
|-damage|p1a: Necrozma|76/100 brn|[from] brn
|upkeep
|turn|5
|
|t:|1607321448
|switch|p1a: Zacian|Zacian-Crowned|100/100
|-damage|p1a: Zacian|94/100|[from] Stealth Rock
|-ability|p1a: Zacian|Intrepid Sword|boost
|-boost|p1a: Zacian|atk|1
|move|p2a: Arceus|Calm Mind|p2a: Arceus
|-boost|p2a: Arceus|spa|1
|-boost|p2a: Arceus|spd|1
|
|upkeep
|turn|6
|
|t:|1607321458
|switch|p2a: Ho-Oh|Ho-Oh|100/100
|move|p1a: Zacian|Behemoth Blade|p2a: Ho-Oh
|-resisted|p2a: Ho-Oh
|-damage|p2a: Ho-Oh|64/100
|
|upkeep
|turn|7
|
|t:|1607321465
|move|p1a: Zacian|Wild Charge|p2a: Ho-Oh
|-supereffective|p2a: Ho-Oh
|-damage|p2a: Ho-Oh|0 fnt
|-damage|p1a: Zacian|74/100|[from] Recoil
|faint|p2a: Ho-Oh
|
|upkeep
|
|t:|1607321475
|switch|p2a: Arceus|Arceus-Water, shiny|100/100
|-damage|p2a: Arceus|88/100|[from] Stealth Rock
|turn|8
|
|t:|1607321480
|switch|p1a: Necrozma|Necrozma-Dusk-Mane|76/100 brn
|-damage|p1a: Necrozma|70/100 brn|[from] Stealth Rock
|move|p2a: Arceus|Will-O-Wisp|p1a: Necrozma|[miss]
|-miss|p2a: Arceus|p1a: Necrozma
|
|-damage|p1a: Necrozma|64/100 brn|[from] brn
|upkeep
|turn|9
|
|t:|1607321489
|move|p2a: Arceus|Recover|p2a: Arceus
|-heal|p2a: Arceus|100/100
|move|p1a: Necrozma|Morning Sun|p1a: Necrozma
|-heal|p1a: Necrozma|100/100 brn
|
|-damage|p1a: Necrozma|94/100 brn|[from] brn
|upkeep
|turn|10
|
|t:|1607321498
|switch|p2a: Necrozma|Necrozma-Dusk-Mane|100/100
|-damage|p2a: Necrozma|94/100|[from] Stealth Rock
|switch|p1a: Groudon|Groudon|100/100
|-damage|p1a: Groudon|94/100|[from] Stealth Rock
|detailschange|p1a: Groudon|Groudon-Primal
|-primal|p1a: Groudon
|-weather|DesolateLand|[from] ability: Desolate Land|[of] p1a: Groudon
|
|-weather|DesolateLand|[upkeep]
|upkeep
|turn|11
|
|t:|1607321509
|switch|p2a: Arceus|Arceus-Water, shiny|100/100
|-damage|p2a: Arceus|88/100|[from] Stealth Rock
|move|p1a: Groudon|Eruption|p2a: Arceus
|-resisted|p2a: Arceus
|-damage|p2a: Arceus|51/100
|
|-weather|DesolateLand|[upkeep]
|upkeep
|turn|12
|
|t:|1607321517
|move|p1a: Groudon|Precipice Blades|p2a: Arceus
|-damage|p2a: Arceus|16/100
|move|p2a: Arceus|Recover|p2a: Arceus
|-heal|p2a: Arceus|66/100
|
|-weather|DesolateLand|[upkeep]
|upkeep
|turn|13
|
|t:|1607321532
|-weather|none
|switch|p1a: Necrozma|Necrozma-Dusk-Mane|94/100 brn
|-damage|p1a: Necrozma|88/100 brn|[from] Stealth Rock
|move|p2a: Arceus|Recover|p2a: Arceus
|-heal|p2a: Arceus|100/100
|
|-damage|p1a: Necrozma|82/100 brn|[from] brn
|upkeep
|turn|14
|
|t:|1607321542
|switch|p2a: Calyrex|Calyrex-Shadow|100/100
|-ability|p2a: Calyrex|As One
|-ability|p2a: Calyrex|Unnerve|p1: Jamira!?
|-damage|p2a: Calyrex|88/100|[from] Stealth Rock
|move|p1a: Necrozma|Morning Sun|p1a: Necrozma
|-heal|p1a: Necrozma|100/100 brn
|
|-damage|p1a: Necrozma|94/100 brn|[from] brn
|upkeep
|turn|15
|
|t:|1607321554
|switch|p1a: Tyranitar|Tyranitar, F|100/100
|-damage|p1a: Tyranitar|88/100|[from] Stealth Rock
|-weather|Sandstorm|[from] ability: Sand Stream|[of] p1a: Tyranitar
|move|p2a: Calyrex|Substitute|p2a: Calyrex
|-start|p2a: Calyrex|Substitute
|-damage|p2a: Calyrex|63/100
|
|-weather|Sandstorm|[upkeep]
|-damage|p2a: Calyrex|57/100|[from] Sandstorm
|upkeep
|turn|16
|
|t:|1607321565
|switch|p2a: Arceus|Arceus-Water, shiny|100/100
|-damage|p2a: Arceus|88/100|[from] Stealth Rock
|move|p1a: Tyranitar|Foul Play|p2a: Arceus
|-damage|p2a: Arceus|74/100
|
|-weather|Sandstorm|[upkeep]
|-damage|p2a: Arceus|68/100|[from] Sandstorm
|upkeep
|turn|17
|
|t:|1607321576
|switch|p1a: Necrozma|Necrozma-Dusk-Mane|94/100 brn
|-damage|p1a: Necrozma|88/100 brn|[from] Stealth Rock
|move|p2a: Arceus|Ice Beam|p1a: Necrozma
|-resisted|p1a: Necrozma
|-damage|p1a: Necrozma|79/100 brn
|
|-weather|Sandstorm|[upkeep]
|-damage|p2a: Arceus|62/100|[from] Sandstorm
|-damage|p1a: Necrozma|73/100 brn|[from] brn
|upkeep
|turn|18
|
|t:|1607321587
|move|p2a: Arceus|Recover|p2a: Arceus
|-heal|p2a: Arceus|100/100
|move|p1a: Necrozma|Earthquake|p2a: Arceus
|-damage|p2a: Arceus|92/100
|
|-weather|Sandstorm|[upkeep]
|-damage|p2a: Arceus|86/100|[from] Sandstorm
|-damage|p1a: Necrozma|66/100 brn|[from] brn
|upkeep
|turn|19
|
|t:|1607321596
|switch|p2a: Necrozma|Necrozma-Dusk-Mane|94/100
|-damage|p2a: Necrozma|88/100|[from] Stealth Rock
|move|p1a: Necrozma|Earthquake|p2a: Necrozma
|-supereffective|p2a: Necrozma
|-crit|p2a: Necrozma
|-damage|p2a: Necrozma|69/100
|
|-weather|none
|-damage|p1a: Necrozma|60/100 brn|[from] brn
|upkeep
|turn|20
|
|t:|1607321606
|switch|p1a: Groudon|Groudon-Primal|94/100
|-damage|p1a: Groudon|82/100|[from] Stealth Rock
|-weather|DesolateLand|[from] ability: Desolate Land|[of] p1a: Groudon
|move|p2a: Necrozma|Knock Off|p1a: Groudon
|-damage|p1a: Groudon|66/100
|
|-weather|DesolateLand|[upkeep]
|upkeep
|turn|21
|
|t:|1607321619
|move|p1a: Groudon|Precipice Blades|p2a: Necrozma
|-supereffective|p2a: Necrozma
|-damage|p2a: Necrozma|13/100
|move|p2a: Necrozma|Moonlight|p2a: Necrozma
|-heal|p2a: Necrozma|80/100
|
|-weather|DesolateLand|[upkeep]
|upkeep
|turn|22
|
|t:|1607321626
|move|p1a: Groudon|Eruption|p2a: Necrozma
|-supereffective|p2a: Necrozma
|-damage|p2a: Necrozma|0 fnt
|faint|p2a: Necrozma
|
|-weather|DesolateLand|[upkeep]
|upkeep
|
|t:|1607321630
|switch|p2a: Gengar|Gengar, F, shiny|100/100
|-damage|p2a: Gengar|88/100|[from] Stealth Rock
|turn|23
|
|t:|1607321635
|-weather|none
|switch|p1a: Tyranitar|Tyranitar, F|88/100
|-damage|p1a: Tyranitar|76/100|[from] Stealth Rock
|-weather|Sandstorm|[from] ability: Sand Stream|[of] p1a: Tyranitar
|detailschange|p2a: Gengar|Gengar-Mega, F, shiny
|-mega|p2a: Gengar|Gengar|Gengarite
|move|p2a: Gengar|Substitute|p2a: Gengar
|-start|p2a: Gengar|Substitute
|-damage|p2a: Gengar|63/100
|
|-weather|Sandstorm|[upkeep]
|-damage|p2a: Gengar|57/100|[from] Sandstorm
|upkeep
|turn|24
|
|t:|1607321649
|move|p2a: Gengar|Perish Song|p2a: Gengar
|-start|p1a: Tyranitar|perish3|[silent]
|-start|p2a: Gengar|perish3|[silent]
|-fieldactivate|move: Perish Song
|move|p1a: Tyranitar|Foul Play|p2a: Gengar
|-supereffective|p2a: Gengar
|-end|p2a: Gengar|Substitute
|
|-weather|Sandstorm|[upkeep]
|-damage|p2a: Gengar|51/100|[from] Sandstorm
|-start|p2a: Gengar|perish3
|-start|p1a: Tyranitar|perish3
|upkeep
|turn|25
|
|t:|1607321659
|move|p2a: Gengar|Disable|p1a: Tyranitar
|-start|p1a: Tyranitar|Disable|Foul Play
|cant|p1a: Tyranitar|Disable|Foul Play
|
|-weather|Sandstorm|[upkeep]
|-damage|p2a: Gengar|45/100|[from] Sandstorm
|-start|p2a: Gengar|perish2
|-start|p1a: Tyranitar|perish2
|upkeep
|turn|26
|
|t:|1607321669
|move|p2a: Gengar|Substitute|p2a: Gengar
|-start|p2a: Gengar|Substitute
|-damage|p2a: Gengar|20/100
|move|p1a: Tyranitar|Iron Head|p2a: Gengar
|-end|p2a: Gengar|Substitute
|
|-weather|Sandstorm|[upkeep]
|-damage|p2a: Gengar|14/100|[from] Sandstorm
|-start|p2a: Gengar|perish1
|-start|p1a: Tyranitar|perish1
|upkeep
|turn|27
|
|t:|1607321679
|move|p2a: Gengar|Encore|p1a: Tyranitar
|-start|p1a: Tyranitar|Encore
|move|p1a: Tyranitar|Iron Head|p2a: Gengar
|-damage|p2a: Gengar|0 fnt
|faint|p2a: Gengar
|
|-weather|none
|-start|p1a: Tyranitar|perish0
|upkeep
|faint|p1a: Tyranitar
|
|t:|1607321688
|switch|p2a: Calyrex|Calyrex-Shadow|57/100
|switch|p1a: Rayquaza|Rayquaza|100/100
|-ability|p2a: Calyrex|As One
|-ability|p2a: Calyrex|Unnerve|p1: Jamira!?
|-damage|p2a: Calyrex|45/100|[from] Stealth Rock
|-ability|p1a: Rayquaza|Air Lock
|turn|28
|
|t:|1607321700
|detailschange|p1a: Rayquaza|Rayquaza-Mega
|-mega|p1a: Rayquaza|Rayquaza|
|-weather|DeltaStream|[from] ability: Delta Stream|[of] p1a: Rayquaza
|move|p2a: Calyrex|Substitute|p2a: Calyrex
|-start|p2a: Calyrex|Substitute
|-damage|p2a: Calyrex|20/100
|move|p1a: Rayquaza|Dragon Ascent|p2a: Calyrex
|-end|p2a: Calyrex|Substitute
|-unboost|p1a: Rayquaza|def|1
|-unboost|p1a: Rayquaza|spd|1
|
|-weather|DeltaStream|[upkeep]
|upkeep
|turn|29
|
|t:|1607321711
|-zpower|p2a: Calyrex
|move|p2a: Calyrex|Never-Ending Nightmare|p1a: Rayquaza|[zeffect]
|-damage|p1a: Rayquaza|0 fnt
|faint|p1a: Rayquaza
|-weather|none
|-ability|p2a: Calyrex|Grim Neigh|boost
|-boost|p2a: Calyrex|spa|1
|
|upkeep
|
|t:|1607321721
|switch|p1a: Dragapult|Dragapult, M|100/100
|-damage|p1a: Dragapult|88/100|[from] Stealth Rock
|turn|30
|
|t:|1607321726
|move|p2a: Calyrex|Astral Barrage|p1a: Dragapult
|-supereffective|p1a: Dragapult
|-damage|p1a: Dragapult|0 fnt
|faint|p1a: Dragapult
|-ability|p2a: Calyrex|Grim Neigh|boost
|-boost|p2a: Calyrex|spa|1
|
|upkeep
|-message|Jamira!? forfeited.
|
|win|Varrio
|l|☆Jamira!?
|raw|Jamira!?'s rating: 1634 &rarr; <strong>1603</strong><br />(-31 for losing)
|raw|Varrio's rating: 1423 &rarr; <strong>1454</strong><br />(+31 for winning)
