|j|☆Hhhhhhhhhhhhx
|j|☆Ford Prefect
|t:|1663941578
|gametype|singles
|player|p1|Hhhhhhhhhhhhx|nate|1553
|player|p2|Ford Prefect|266|1564
|teamsize|p1|6
|teamsize|p2|6
|gen|8
|tier|[Gen 8] National Dex AG
|rated|
|rule|HP Percentage Mod: HP is shown in percentages
|rule|Endless Battle Clause: Forcing endless battles is banned
|clearpoke
|poke|p1|Greninja, M|
|poke|p1|Zacian-*|
|poke|p1|Necrozma-Dusk-Mane|
|poke|p1|Urshifu-*, M|
|poke|p1|Kyogre|
|poke|p1|Landorus-Therian, M|
|poke|p2|Rayquaza|
|poke|p2|Groudon|
|poke|p2|Kyogre|
|poke|p2|Necrozma-Dawn-Wings|
|poke|p2|Arceus-*|
|poke|p2|Zacian-*|
|teampreview
|
|t:|1663941587
|start
|switch|p1a: Landorus|Landorus-Therian, M|100/100
|switch|p2a: Kyogre|Kyogre|100/100
|-ability|p1a: Landorus|Intimidate|boost
|-unboost|p2a: Kyogre|atk|1
|detailschange|p2a: Kyogre|Kyogre-Primal
|-primal|p2a: Kyogre
|-weather|PrimordialSea|[from] ability: Primordial Sea|[of] p2a: Kyogre
|turn|1
|
|t:|1663941598
|switch|p1a: Urshifu|Urshifu-Rapid-Strike, M|100/100
|move|p2a: Kyogre|Surf|p1a: Urshifu
|-resisted|p1a: Urshifu
|-damage|p1a: Urshifu|32/100
|
|-weather|PrimordialSea|[upkeep]
|upkeep
|turn|2
|
|t:|1663941604
|move|p1a: Urshifu|Surging Strikes|p2a: Kyogre
|-resisted|p2a: Kyogre
|-crit|p2a: Kyogre
|-damage|p2a: Kyogre|81/100
|-resisted|p2a: Kyogre
|-crit|p2a: Kyogre
|-damage|p2a: Kyogre|64/100
|-resisted|p2a: Kyogre
|-crit|p2a: Kyogre
|-damage|p2a: Kyogre|46/100
|-hitcount|p2a: Kyogre|3
|move|p2a: Kyogre|Surf|p1a: Urshifu
|-resisted|p1a: Urshifu
|-damage|p1a: Urshifu|0 fnt
|faint|p1a: Urshifu
|
|-weather|PrimordialSea|[upkeep]
|upkeep
|
|t:|1663941624
|switch|p1a: Kyogre|Kyogre|100/100
|-ability|p1a: Kyogre|Drizzle|[from] primordialsea|[fail]
|turn|3
|
|t:|1663941637
|-weather|none
|switch|p2a: Groudon|Groudon|100/100
|detailschange|p2a: Groudon|Groudon-Primal
|-primal|p2a: Groudon
|-weather|DesolateLand|[from] ability: Desolate Land|[of] p2a: Groudon
|move|p1a: Kyogre|Sheer Cold|p2a: Groudon|[miss]
|-miss|p1a: Kyogre|p2a: Groudon
|
|-weather|DesolateLand|[upkeep]
|upkeep
|turn|4
|
|t:|1663941649
|switch|p1a: Landorus|Landorus-Therian, M|100/100
|-ability|p1a: Landorus|Intimidate|boost
|-unboost|p2a: Groudon|atk|1
|move|p2a: Groudon|Stealth Rock|p1a: Landorus
|-sidestart|p1: Hhhhhhhhhhhhx|move: Stealth Rock
|
|-weather|DesolateLand|[upkeep]
|upkeep
|turn|5
|
|t:|1663941659
|-weather|none
|switch|p2a: Kyogre|Kyogre-Primal|46/100
|-weather|PrimordialSea|[from] ability: Primordial Sea|[of] p2a: Kyogre
|move|p1a: Landorus|Stealth Rock|p2a: Kyogre
|-sidestart|p2: Ford Prefect|move: Stealth Rock
|
|-weather|PrimordialSea|[upkeep]
|upkeep
|turn|6
|
|t:|1663941666
|switch|p1a: Kyogre|Kyogre|100/100
|-damage|p1a: Kyogre|88/100|[from] Stealth Rock
|-ability|p1a: Kyogre|Drizzle|[from] primordialsea|[fail]
|move|p2a: Kyogre|Surf|p1a: Kyogre
|-resisted|p1a: Kyogre
|-damage|p1a: Kyogre|63/100
|
|-weather|PrimordialSea|[upkeep]
|-heal|p1a: Kyogre|69/100|[from] item: Leftovers
|upkeep
|turn|7
|
|t:|1663941689
|move|p2a: Kyogre|Thunder|p1a: Kyogre
|-supereffective|p1a: Kyogre
|-damage|p1a: Kyogre|17/100
|move|p1a: Kyogre|Sheer Cold|p2a: Kyogre|[miss]
|-miss|p1a: Kyogre|p2a: Kyogre
|
|-weather|PrimordialSea|[upkeep]
|-heal|p1a: Kyogre|23/100|[from] item: Leftovers
|upkeep
|turn|8
|
|t:|1663941701
|move|p2a: Kyogre|Surf|p1a: Kyogre
|-resisted|p1a: Kyogre
|-damage|p1a: Kyogre|1/100
|move|p1a: Kyogre|Sheer Cold|p2a: Kyogre|[miss]
|-miss|p1a: Kyogre|p2a: Kyogre
|
|-weather|PrimordialSea|[upkeep]
|-heal|p1a: Kyogre|7/100|[from] item: Leftovers
|upkeep
|turn|9
|
|t:|1663941710
|move|p2a: Kyogre|Surf|p1a: Kyogre
|-resisted|p1a: Kyogre
|-damage|p1a: Kyogre|0 fnt
|faint|p1a: Kyogre
|
|-weather|PrimordialSea|[upkeep]
|upkeep
|
|t:|1663941723
|switch|p1a: Greninja|Greninja, M|100/100
|-damage|p1a: Greninja|88/100|[from] Stealth Rock
|turn|10
|
|t:|1663941728
|move|p1a: Greninja|Dark Pulse|p2a: Kyogre
|-damage|p2a: Kyogre|12/100
|move|p2a: Kyogre|Thunder|p1a: Greninja
|-supereffective|p1a: Greninja
|-damage|p1a: Greninja|0 fnt
|faint|p1a: Greninja
|
|-weather|PrimordialSea|[upkeep]
|upkeep
|-message|Hhhhhhhhhhhhx forfeited.
|
|win|Ford Prefect
|raw|Hhhhhhhhhhhhx's rating: 1553 &rarr; <strong>1534</strong><br />(-19 for losing)
|raw|Ford Prefect's rating: 1564 &rarr; <strong>1583</strong><br />(+19 for winning)
|l|☆Hhhhhhhhhhhhx
||Ladder isn't responding, score probably updated but might not have (Request timeout).
