|j|☆Machna
|j|☆Aliphena
|inactive|Battle timer is ON: inactive players will automatically lose when time's up.
|t:|1654138509
|gametype|singles
|player|p1|Machna|rancher|
|player|p2|Aliphena|101|
|teamsize|p1|6
|teamsize|p2|6
|gen|8
|tier|[Gen 8] National Dex AG
|rated|Tournament battle
|rule|HP Percentage Mod: HP is shown in percentages
|rule|Endless Battle Clause: Forcing endless battles is banned
|clearpoke
|poke|p1|Groudon|
|poke|p1|Yveltal|
|poke|p1|Necrozma-Dusk-Mane|
|poke|p1|Arceus-*|
|poke|p1|Yveltal|
|poke|p1|Zacian-*|
|poke|p2|Rayquaza|
|poke|p2|Xerneas-*|
|poke|p2|Necrozma-Dusk-Mane|
|poke|p2|Ditto|
|poke|p2|Chatot, M|
|poke|p2|Kyogre|
|teampreview
|j|*Lady Monita ✿
|j| BB-8-NU
|j| Knopper
|j| NotRIOT
|j| Yeq23
|
|t:|1654138521
|start
|switch|p1a: Zacian|Zacian-Crowned|100/100
|switch|p2a: Chadtot|Chatot, M, shiny|100/100
|-ability|p1a: Zacian|Intrepid Sword|boost
|-boost|p1a: Zacian|atk|1
|turn|1
|c|☆Aliphena|your team is evil i love it
|l| Yeq23
|
|t:|1654138527
|move|p1a: Zacian|Behemoth Blade|p2a: Chadtot
|-enditem|p2a: Chadtot|Focus Sash
|-damage|p2a: Chadtot|1/100
|move|p2a: Chadtot|Heat Wave|p1a: Zacian
|-supereffective|p1a: Zacian
|-damage|p1a: Zacian|54/100
|
|upkeep
|turn|2
|
|t:|1654138533
|switch|p2a: Necrozma|Necrozma-Dusk-Mane|100/100
|move|p1a: Zacian|Close Combat|p2a: Necrozma
|-damage|p2a: Necrozma|61/100
|-unboost|p1a: Zacian|def|1
|-unboost|p1a: Zacian|spd|1
|-damage|p1a: Zacian|37/100|[from] item: Rocky Helmet|[of] p2a: Necrozma
|
|upkeep
|turn|3
|
|t:|1654138540
|switch|p1a: Arceus|Arceus-Water|100/100
|move|p2a: Necrozma|Morning Sun|p2a: Necrozma
|-heal|p2a: Necrozma|100/100
|
|upkeep
|turn|4
|
|t:|1654138546
|switch|p2a: Rayquaza|Rayquaza|100/100
|-ability|p2a: Rayquaza|Air Lock
|move|p1a: Arceus|Judgment|p2a: Rayquaza
|-resisted|p2a: Rayquaza
|-damage|p2a: Rayquaza|74/100
|
|upkeep
|turn|5
|
|t:|1654138560
|detailschange|p2a: Rayquaza|Rayquaza-Mega
|-mega|p2a: Rayquaza|Rayquaza|
|-weather|DeltaStream|[from] ability: Delta Stream|[of] p2a: Rayquaza
|move|p2a: Rayquaza|Dragon Dance|p2a: Rayquaza
|-boost|p2a: Rayquaza|atk|1
|-boost|p2a: Rayquaza|spe|1
|move|p1a: Arceus|Toxic|p2a: Rayquaza
|-status|p2a: Rayquaza|tox
|
|-weather|DeltaStream|[upkeep]
|-damage|p2a: Rayquaza|68/100 tox|[from] psn
|upkeep
|turn|6
|
|t:|1654138570
|move|p2a: Rayquaza|Dragon Ascent|p1a: Arceus
|-damage|p1a: Arceus|13/100
|-unboost|p2a: Rayquaza|def|1
|-unboost|p2a: Rayquaza|spd|1
|-damage|p2a: Rayquaza|58/100 tox|[from] item: Life Orb
|move|p1a: Arceus|Recover|p1a: Arceus
|-heal|p1a: Arceus|63/100
|
|-weather|DeltaStream|[upkeep]
|-damage|p2a: Rayquaza|46/100 tox|[from] psn
|upkeep
|turn|7
|l| Knopper
|
|t:|1654138582
|move|p2a: Rayquaza|Dragon Ascent|p1a: Arceus
|-damage|p1a: Arceus|0 fnt
|-unboost|p2a: Rayquaza|def|1
|-unboost|p2a: Rayquaza|spd|1
|faint|p1a: Arceus
|-damage|p2a: Rayquaza|36/100 tox|[from] item: Life Orb
|
|-weather|DeltaStream|[upkeep]
|-damage|p2a: Rayquaza|18/100 tox|[from] psn
|upkeep
|
|t:|1654138586
|switch|p1a: Zacian|Zacian-Crowned|37/100
|-ability|p1a: Zacian|Intrepid Sword|boost
|-boost|p1a: Zacian|atk|1
|turn|8
|
|t:|1654138589
|move|p1a: Zacian|Protect|p1a: Zacian
|-singleturn|p1a: Zacian|Protect
|move|p2a: Rayquaza|Extreme Speed|p1a: Zacian
|-activate|p1a: Zacian|move: Protect
|
|-weather|DeltaStream|[upkeep]
|-damage|p2a: Rayquaza|0 fnt|[from] psn
|faint|p2a: Rayquaza
|-weather|none
|upkeep
|
|t:|1654138597
|switch|p2a: Ditto|Ditto|100/100
|-transform|p2a: Ditto|p1a: Zacian|[from] ability: Imposter
|-ability|p2a: Ditto|Intrepid Sword|boost
|-boost|p2a: Ditto|atk|1
|turn|9
|
|t:|1654138600
|move|p1a: Zacian|Protect||[still]
|-fail|p1a: Zacian
|move|p2a: Ditto|Behemoth Blade|p1a: Zacian
|-damage|p1a: Zacian|0 fnt
|faint|p1a: Zacian
|
|upkeep
|
|t:|1654138610
|switch|p1a: Necrozma|Necrozma-Dusk-Mane|100/100
|turn|10
|
|t:|1654138621
|switch|p2a: Chadtot|Chatot, M, shiny|1/100
|move|p1a: Necrozma|Stealth Rock|p2a: Chadtot
|-sidestart|p2: Aliphena|move: Stealth Rock
|
|upkeep
|turn|11
|
|t:|1654138627
|move|p2a: Chadtot|Heat Wave|p1a: Necrozma
|-supereffective|p1a: Necrozma
|-damage|p1a: Necrozma|70/100
|move|p1a: Necrozma|Sunsteel Strike|p2a: Chadtot
|-damage|p2a: Chadtot|0 fnt
|faint|p2a: Chadtot
|
|upkeep
|
|t:|1654138651
|switch|p2a: Kyogre|Kyogre|100/100
|-damage|p2a: Kyogre|88/100|[from] Stealth Rock
|detailschange|p2a: Kyogre|Kyogre-Primal
|-primal|p2a: Kyogre
|-weather|PrimordialSea|[from] ability: Primordial Sea|[of] p2a: Kyogre
|turn|12
|
|t:|1654138656
|switch|p1a: Groudon|Groudon|100/100
|detailschange|p1a: Groudon|Groudon-Primal
|-primal|p1a: Groudon
|-weather|DesolateLand|[from] ability: Desolate Land|[of] p1a: Groudon
|move|p2a: Kyogre|Ice Beam|p1a: Groudon
|-damage|p1a: Groudon|64/100
|
|-weather|DesolateLand|[upkeep]
|upkeep
|turn|13
|
|t:|1654138663
|move|p1a: Groudon|Precipice Blades|p2a: Kyogre
|-damage|p2a: Kyogre|18/100
|move|p2a: Kyogre|Ice Beam|p1a: Groudon
|-damage|p1a: Groudon|29/100
|
|-weather|DesolateLand|[upkeep]
|upkeep
|turn|14
|
|t:|1654138669
|move|p2a: Kyogre|Ice Beam|p1a: Groudon
|-damage|p1a: Groudon|0 fnt
|faint|p1a: Groudon
|-weather|none
|
|upkeep
|
|t:|1654138685
|switch|p1a: Yveltal|Yveltal|100/100
|-ability|p1a: Yveltal|Dark Aura
|turn|15
|
|t:|1654138699
|move|p2a: Kyogre|Ice Beam|p1a: Yveltal
|-supereffective|p1a: Yveltal
|-damage|p1a: Yveltal|58/100
|move|p1a: Yveltal|Foul Play|p2a: Kyogre
|-damage|p2a: Kyogre|0 fnt
|faint|p2a: Kyogre
|
|upkeep
|
|t:|1654138704
|switch|p2a: Xerneas|Xerneas|100/100
|-damage|p2a: Xerneas|88/100|[from] Stealth Rock
|-ability|p2a: Xerneas|Fairy Aura
|turn|16
|
|t:|1654138715
|move|p2a: Xerneas|Substitute|p2a: Xerneas
|-start|p2a: Xerneas|Substitute
|-damage|p2a: Xerneas|63/100
|move|p1a: Yveltal|Toxic||[still]
|-fail|p1a: Yveltal
|
|upkeep
|turn|17
|
|t:|1654138726
|switch|p1a: Necrozma|Necrozma-Dusk-Mane|70/100
|move|p2a: Xerneas|Geomancy||[still]
|-prepare|p2a: Xerneas|Geomancy
|-enditem|p2a: Xerneas|Power Herb
|-anim|p2a: Xerneas|Geomancy|p2a: Xerneas
|-boost|p2a: Xerneas|spa|2
|-boost|p2a: Xerneas|spd|2
|-boost|p2a: Xerneas|spe|2
|
|upkeep
|turn|18
|
|t:|1654138735
|switch|p1a: Yveltal|Yveltal|100/100
|-ability|p1a: Yveltal|Dark Aura
|move|p2a: Xerneas|Thunder|p1a: Yveltal
|-supereffective|p1a: Yveltal
|-damage|p1a: Yveltal|0 fnt
|faint|p1a: Yveltal
|
|upkeep
|
|t:|1654138738
|switch|p1a: Necrozma|Necrozma-Dusk-Mane|70/100
|turn|19
|
|t:|1654138742
|-start|p1a: Necrozma|Dynamax|
|-heal|p1a: Necrozma|70/100|[silent]
|move|p2a: Xerneas|Thunder|p1a: Necrozma
|-crit|p1a: Necrozma
|-damage|p1a: Necrozma|19/100
|-status|p1a: Necrozma|par
|move|p1a: Necrozma|Max Quake|p2a: Xerneas
|-end|p2a: Xerneas|Substitute
|-boost|p1a: Necrozma|spd|1
|
|upkeep
|turn|20
|-message|Machna forfeited.
|
|win|Aliphena
|n|☆Machna|machna
|n|☆Aliphena|aliphena
|n|*Lady Monita ✿|ladymonita
|n| BB-8-NU|bb8nu
|n| NotRIOT|notriot
|l|*Lady Monita ✿
|l|☆Machna
|l| BB-8-NU
|l|☆Aliphena
|j|☆Aliphena
|player|p2|Aliphena|101
|l|☆Aliphena
|player|p2|
|l| NotRIOT
|j|+Goro Yagami
|j| ilug0
|l|+Goro Yagami
|l| ilug0
|j| t1a2n3i4s5h6
