|j|☆TikiTikiTa!
|j|‽MaleficDon
|t:|1666204350
|gametype|singles
|player|p1|TikiTikiTa!|170|1764
|player|p2|MaleficDon|benga|1668
|teamsize|p1|6
|teamsize|p2|6
|gen|8
|tier|[Gen 8] National Dex AG
|rated|
|rule|HP Percentage Mod: HP is shown in percentages
|rule|Endless Battle Clause: Forcing endless battles is banned
|clearpoke
|poke|p1|Blaziken, F|
|poke|p1|Arceus-*|
|poke|p1|Excadrill, F|
|poke|p1|Pyukumuku, F|
|poke|p1|Toxapex, F|
|poke|p1|Lugia|
|poke|p2|Groudon|
|poke|p2|Zacian-*|
|poke|p2|Rayquaza|
|poke|p2|Yveltal|
|poke|p2|Ditto|
|poke|p2|Ditto|
|teampreview
|
|t:|1666204374
|start
|switch|p1a: Excadrill|Excadrill, F|100/100
|switch|p2a: Zacian|Zacian-Crowned|100/100
|-ability|p2a: Zacian|Intrepid Sword|boost
|-boost|p2a: Zacian|atk|1
|-ability|p1a: Excadrill|Mold Breaker
|turn|1
|
|t:|1666204379
|move|p2a: Zacian|Close Combat|p1a: Excadrill
|-supereffective|p1a: Excadrill
|-enditem|p1a: Excadrill|Focus Sash
|-damage|p1a: Excadrill|1/100
|-unboost|p2a: Zacian|def|1
|-unboost|p2a: Zacian|spd|1
|move|p1a: Excadrill|Earthquake|p2a: Zacian
|-supereffective|p2a: Zacian
|-damage|p2a: Zacian|0 fnt
|faint|p2a: Zacian
|
|upkeep
|
|t:|1666204383
|switch|p2a: Yveltal|Yveltal|100/100
|-ability|p2a: Yveltal|Dark Aura
|turn|2
|
|t:|1666204390
|move|p2a: Yveltal|Oblivion Wing|p1a: Excadrill
|-resisted|p1a: Excadrill
|-damage|p1a: Excadrill|0 fnt
|faint|p1a: Excadrill
|-damage|p2a: Yveltal|91/100|[from] item: Life Orb
|
|upkeep
|
|t:|1666204392
|switch|p1a: Arceus|Arceus-Electric, shiny|100/100
|turn|3
|
|t:|1666204408
|switch|p2a: Groudon|Groudon|100/100
|detailschange|p2a: Groudon|Groudon-Primal
|-primal|p2a: Groudon
|-weather|DesolateLand|[from] ability: Desolate Land|[of] p2a: Groudon
|move|p1a: Arceus|Judgment|p2a: Groudon
|-immune|p2a: Groudon
|
|-weather|DesolateLand|[upkeep]
|upkeep
|turn|4
|
|t:|1666204412
|switch|p1a: Blocker Man|Lugia|100/100
|move|p2a: Groudon|Stealth Rock|p1a: Blocker Man
|-sidestart|p1: TikiTikiTa!|move: Stealth Rock
|
|-weather|DesolateLand|[upkeep]
|upkeep
|turn|5
|
|t:|1666204415
|move|p1a: Blocker Man|Toxic|p2a: Groudon
|-status|p2a: Groudon|tox
|move|p2a: Groudon|Thunder Wave|p1a: Blocker Man
|-status|p1a: Blocker Man|par
|
|-weather|DesolateLand|[upkeep]
|-damage|p2a: Groudon|94/100 tox|[from] psn
|upkeep
|turn|6
|
|t:|1666204420
|-weather|none
|switch|p2a: Yveltal|Yveltal|91/100
|-ability|p2a: Yveltal|Dark Aura
|move|p1a: Blocker Man|Defog|p2a: Yveltal
|-unboost|p2a: Yveltal|evasion|1
|-sideend|p1: TikiTikiTa!|Stealth Rock|[from] move: Defog|[of] p1a: Blocker Man
|
|upkeep
|turn|7
|
|t:|1666204425
|-start|p2a: Yveltal|Dynamax|
|-heal|p2a: Yveltal|91/100|[silent]
|move|p2a: Yveltal|Max Darkness|p1a: Blocker Man
|-supereffective|p1a: Blocker Man
|-damage|p1a: Blocker Man|32/100 par
|-unboost|p1a: Blocker Man|spd|1
|-damage|p2a: Yveltal|86/100|[from] item: Life Orb
|move|p1a: Blocker Man|Toxic|p2a: Yveltal
|-status|p2a: Yveltal|tox
|
|-heal|p1a: Blocker Man|38/100 par|[from] item: Leftovers
|-damage|p2a: Yveltal|83/100 tox|[from] psn
|upkeep
|turn|8
|
|t:|1666204429
|move|p2a: Yveltal|Max Airstream|p1a: Blocker Man
|-damage|p1a: Blocker Man|0 fnt
|-boost|p2a: Yveltal|spe|1
|faint|p1a: Blocker Man
|-damage|p2a: Yveltal|78/100 tox|[from] item: Life Orb
|
|-damage|p2a: Yveltal|72/100 tox|[from] psn
|upkeep
|
|t:|1666204432
|switch|p1a: Arceus|Arceus-Electric, shiny|100/100
|turn|9
|
|t:|1666204437
|-start|p1a: Arceus|Dynamax|
|-heal|p1a: Arceus|100/100|[silent]
|move|p1a: Arceus|Max Guard|p1a: Arceus
|-singleturn|p1a: Arceus|Max Guard
|move|p2a: Yveltal|Max Darkness|p1a: Arceus
|-activate|p1a: Arceus|move: Max Guard
|
|-damage|p2a: Yveltal|62/100 tox|[from] psn
|upkeep
|-end|p2a: Yveltal|Dynamax
|-heal|p2a: Yveltal|62/100 tox|[silent]
|turn|10
|
|t:|1666204444
|move|p2a: Yveltal|Dark Pulse|p1a: Arceus
|-damage|p1a: Arceus|71/100
|-damage|p2a: Yveltal|53/100 tox|[from] item: Life Orb
|move|p1a: Arceus|Max Hailstorm|p2a: Yveltal
|-supereffective|p2a: Yveltal
|-damage|p2a: Yveltal|0 fnt
|-weather|Hail
|faint|p2a: Yveltal
|
|-weather|Hail|[upkeep]
|-damage|p1a: Arceus|68/100|[from] Hail
|upkeep
|
|t:|1666204449
|switch|p2a: Groudon|Groudon-Primal|94/100 tox
|-weather|DesolateLand|[from] ability: Desolate Land|[of] p2a: Groudon
|turn|11
|
|t:|1666204452
|move|p1a: Arceus|Max Hailstorm|p2a: Groudon
|-damage|p2a: Groudon|56/100 tox
|move|p2a: Groudon|Earthquake|p1a: Arceus
|-supereffective|p1a: Arceus
|-damage|p1a: Arceus|28/100
|
|-weather|DesolateLand|[upkeep]
|-damage|p2a: Groudon|50/100 tox|[from] psn
|upkeep
|-end|p1a: Arceus|Dynamax
|-heal|p1a: Arceus|28/100|[silent]
|turn|12
|
|t:|1666204465
|switch|p1a: Toxapex|Toxapex, F|100/100
|move|p2a: Groudon|Stealth Rock|p1a: Toxapex
|-sidestart|p1: TikiTikiTa!|move: Stealth Rock
|
|-weather|DesolateLand|[upkeep]
|-damage|p2a: Groudon|38/100 tox|[from] psn
|upkeep
|turn|13
|
|t:|1666204470
|move|p1a: Toxapex|Baneful Bunker|p1a: Toxapex
|-singleturn|p1a: Toxapex|move: Protect
|move|p2a: Groudon|Earthquake|p1a: Toxapex
|-activate|p1a: Toxapex|move: Protect
|
|-weather|DesolateLand|[upkeep]
|-damage|p2a: Groudon|19/100 tox|[from] psn
|upkeep
|turn|14
|
|t:|1666204476
|move|p2a: Groudon|Earthquake|p1a: Toxapex
|-supereffective|p1a: Toxapex
|-damage|p1a: Toxapex|31/100
|move|p1a: Toxapex|Recover|p1a: Toxapex
|-heal|p1a: Toxapex|81/100
|
|-weather|DesolateLand|[upkeep]
|-damage|p2a: Groudon|0 fnt|[from] psn
|faint|p2a: Groudon
|-weather|none
|upkeep
|
|t:|1666204480
|switch|p2a: Rayquaza|Rayquaza|100/100
|-ability|p2a: Rayquaza|Air Lock
|turn|15
|
|t:|1666204483
|detailschange|p2a: Rayquaza|Rayquaza-Mega
|-mega|p2a: Rayquaza|Rayquaza|
|-weather|DeltaStream|[from] ability: Delta Stream|[of] p2a: Rayquaza
|move|p1a: Toxapex|Baneful Bunker|p1a: Toxapex
|-singleturn|p1a: Toxapex|move: Protect
|move|p2a: Rayquaza|Dragon Dance|p2a: Rayquaza
|-boost|p2a: Rayquaza|atk|1
|-boost|p2a: Rayquaza|spe|1
|
|-weather|DeltaStream|[upkeep]
|upkeep
|turn|16
|
|t:|1666204487
|move|p2a: Rayquaza|Dragon Ascent|p1a: Toxapex
|-damage|p1a: Toxapex|5/100
|-unboost|p2a: Rayquaza|def|1
|-unboost|p2a: Rayquaza|spd|1
|-damage|p2a: Rayquaza|84/100|[from] item: Rocky Helmet|[of] p1a: Toxapex
|move|p1a: Toxapex|Knock Off|p2a: Rayquaza
|-damage|p2a: Rayquaza|62/100
|-enditem|p2a: Rayquaza|Safety Goggles|[from] move: Knock Off|[of] p1a: Toxapex
|
|-weather|DeltaStream|[upkeep]
|upkeep
|turn|17
|
|t:|1666204496
|move|p2a: Rayquaza|Extreme Speed|p1a: Toxapex
|-damage|p1a: Toxapex|0 fnt
|-damage|p2a: Rayquaza|46/100|[from] item: Rocky Helmet|[of] p1a: Toxapex
|faint|p1a: Toxapex
|
|-weather|DeltaStream|[upkeep]
|upkeep
|
|t:|1666204498
|switch|p1a: Hi zacian|Pyukumuku, F|100/100
|-damage|p1a: Hi zacian|88/100|[from] Stealth Rock
|turn|18
|
|t:|1666204502
|move|p2a: Rayquaza|Dragon Ascent|p1a: Hi zacian
|-damage|p1a: Hi zacian|20/100
|-unboost|p2a: Rayquaza|def|1
|-unboost|p2a: Rayquaza|spd|1
|move|p1a: Hi zacian|Counter|p2a: Rayquaza
|-damage|p2a: Rayquaza|0 fnt
|faint|p2a: Rayquaza
|-weather|none
|
|-heal|p1a: Hi zacian|26/100|[from] item: Leftovers
|upkeep
|
|t:|1666204506
|switch|p2a: Ditto|Ditto|100/100
|-transform|p2a: Ditto|p1a: Hi zacian|[from] ability: Imposter
|turn|19
|
|t:|1666204509
|move|p2a: Ditto|Toxic|p1a: Hi zacian
|-status|p1a: Hi zacian|tox
|move|p1a: Hi zacian|Recover|p1a: Hi zacian
|-heal|p1a: Hi zacian|76/100 tox
|
|-heal|p1a: Hi zacian|82/100 tox|[from] item: Leftovers
|-damage|p1a: Hi zacian|76/100 tox|[from] psn
|upkeep
|turn|20
|
|t:|1666204513
|move|p2a: Ditto|Toxic|p1a: Hi zacian
|-fail|p1a: Hi zacian|tox
|move|p1a: Hi zacian|Toxic|p2a: Ditto
|-status|p2a: Ditto|tox
|
|-heal|p1a: Hi zacian|82/100 tox|[from] item: Leftovers
|-damage|p2a: Ditto|94/100 tox|[from] psn
|-damage|p1a: Hi zacian|70/100 tox|[from] psn
|upkeep
|turn|21
|
|t:|1666204515
|move|p2a: Ditto|Toxic|p1a: Hi zacian
|-fail|p1a: Hi zacian|tox
|move|p1a: Hi zacian|Recover|p1a: Hi zacian
|-heal|p1a: Hi zacian|100/100 tox
|
|-damage|p2a: Ditto|82/100 tox|[from] psn
|-damage|p1a: Hi zacian|82/100 tox|[from] psn
|upkeep
|turn|22
|
|t:|1666204517
|move|p2a: Ditto|Toxic|p1a: Hi zacian
|-fail|p1a: Hi zacian|tox
|move|p1a: Hi zacian|Toxic|p2a: Ditto
|-fail|p2a: Ditto|tox
|
|-heal|p1a: Hi zacian|88/100 tox|[from] item: Leftovers
|-damage|p2a: Ditto|64/100 tox|[from] psn
|-damage|p1a: Hi zacian|64/100 tox|[from] psn
|upkeep
|turn|23
|
|t:|1666204521
|move|p2a: Ditto|Toxic|p1a: Hi zacian
|-fail|p1a: Hi zacian|tox
|move|p1a: Hi zacian|Recover|p1a: Hi zacian
|-heal|p1a: Hi zacian|100/100 tox
|
|-damage|p2a: Ditto|40/100 tox|[from] psn
|-damage|p1a: Hi zacian|70/100 tox|[from] psn
|upkeep
|turn|24
|
|t:|1666204523
|switch|p2a: Ditto|Ditto|100/100
|-transform|p2a: Ditto|p1a: Hi zacian|[from] ability: Imposter
|move|p1a: Hi zacian|Recover|p1a: Hi zacian
|-heal|p1a: Hi zacian|100/100 tox
|
|-damage|p1a: Hi zacian|64/100 tox|[from] psn
|upkeep
|turn|25
|
|t:|1666204527
|switch|p2a: Ditto|Ditto|40/100 tox
|-transform|p2a: Ditto|p1a: Hi zacian|[from] ability: Imposter
|move|p1a: Hi zacian|Toxic|p2a: Ditto
|-fail|p2a: Ditto|tox
|
|-heal|p1a: Hi zacian|70/100 tox|[from] item: Leftovers
|-damage|p2a: Ditto|34/100 tox|[from] psn
|-damage|p1a: Hi zacian|28/100 tox|[from] psn
|upkeep
|turn|26
|
|t:|1666204529
|switch|p1a: Sixth Degree.|Blaziken, F|100/100
|-damage|p1a: Sixth Degree.|88/100|[from] Stealth Rock
|move|p2a: Ditto|Recover|p2a: Ditto
|-heal|p2a: Ditto|84/100 tox
|
|-damage|p2a: Ditto|72/100 tox|[from] psn
|upkeep
|turn|27
|
|t:|1666204533
|switch|p2a: Ditto|Ditto|100/100
|-transform|p2a: Ditto|p1a: Sixth Degree.|[from] ability: Imposter
|detailschange|p1a: Sixth Degree.|Blaziken-Mega, F
|-mega|p1a: Sixth Degree.|Blaziken|Blazikenite
|move|p1a: Sixth Degree.|Close Combat|p2a: Ditto
|-damage|p2a: Ditto|0 fnt
|-unboost|p1a: Sixth Degree.|def|1
|-unboost|p1a: Sixth Degree.|spd|1
|faint|p2a: Ditto
|
|-ability|p1a: Sixth Degree.|Speed Boost|boost
|-boost|p1a: Sixth Degree.|spe|1
|upkeep
|
|t:|1666204536
|switch|p2a: Ditto|Ditto|72/100 tox
|-transform|p2a: Ditto|p1a: Sixth Degree.|[from] ability: Imposter
|turn|28
|
|t:|1666204540
|move|p1a: Sixth Degree.|Protect|p1a: Sixth Degree.
|-singleturn|p1a: Sixth Degree.|Protect
|move|p2a: Ditto|Close Combat|p1a: Sixth Degree.
|-activate|p1a: Sixth Degree.|move: Protect
|
|-damage|p2a: Ditto|66/100 tox|[from] psn
|-ability|p2a: Ditto|Speed Boost|boost
|-boost|p2a: Ditto|spe|1
|-ability|p1a: Sixth Degree.|Speed Boost|boost
|-boost|p1a: Sixth Degree.|spe|1
|upkeep
|turn|29
|
|t:|1666204544
|switch|p1a: Hi zacian|Pyukumuku, F|28/100 tox
|-damage|p1a: Hi zacian|15/100 tox|[from] Stealth Rock
|move|p2a: Ditto|Close Combat|p1a: Hi zacian
|-damage|p1a: Hi zacian|0 fnt
|-unboost|p2a: Ditto|def|1
|-unboost|p2a: Ditto|spd|1
|faint|p1a: Hi zacian
|
|-damage|p2a: Ditto|54/100 tox|[from] psn
|-ability|p2a: Ditto|Speed Boost|boost
|-boost|p2a: Ditto|spe|1
|upkeep
|
|t:|1666204549
|switch|p1a: Sixth Degree.|Blaziken-Mega, F|88/100
|-damage|p1a: Sixth Degree.|76/100|[from] Stealth Rock
|turn|30
|
|t:|1666204551
|move|p1a: Sixth Degree.|Protect|p1a: Sixth Degree.
|-singleturn|p1a: Sixth Degree.|Protect
|move|p2a: Ditto|Close Combat|p1a: Sixth Degree.
|-activate|p1a: Sixth Degree.|move: Protect
|
|-damage|p2a: Ditto|36/100 tox|[from] psn
|-ability|p2a: Ditto|Speed Boost|boost
|-boost|p2a: Ditto|spe|1
|-ability|p1a: Sixth Degree.|Speed Boost|boost
|-boost|p1a: Sixth Degree.|spe|1
|upkeep
|turn|31
|
|t:|1666204553
|switch|p1a: Arceus|Arceus-Electric, shiny|28/100
|-damage|p1a: Arceus|16/100|[from] Stealth Rock
|move|p2a: Ditto|Close Combat|p1a: Arceus
|-damage|p1a: Arceus|0 fnt
|-unboost|p2a: Ditto|def|1
|-unboost|p2a: Ditto|spd|1
|faint|p1a: Arceus
|
|-damage|p2a: Ditto|12/100 tox|[from] psn
|-ability|p2a: Ditto|Speed Boost|boost
|-boost|p2a: Ditto|spe|1
|upkeep
|
|t:|1666204554
|switch|p1a: Sixth Degree.|Blaziken-Mega, F|76/100
|-damage|p1a: Sixth Degree.|64/100|[from] Stealth Rock
|turn|32
|
|t:|1666204556
|move|p1a: Sixth Degree.|Protect|p1a: Sixth Degree.
|-singleturn|p1a: Sixth Degree.|Protect
|move|p2a: Ditto|Close Combat|p1a: Sixth Degree.
|-activate|p1a: Sixth Degree.|move: Protect
|
|-damage|p2a: Ditto|0 fnt|[from] psn
|faint|p2a: Ditto
|
|win|TikiTikiTa!
|upkeep
|raw|TikiTikiTa!'s rating: 1764 &rarr; <strong>1779</strong><br />(+15 for winning)
|raw|MaleficDon's rating: 1668 &rarr; <strong>1653</strong><br />(-15 for losing)
|c|☆TikiTikiTa!|lmfao
|l|‽MaleficDon
