|j|☆TomoTaco69
|j|☆ChunkyRat
|t:|1668464974
|gametype|singles
|player|p1|TomoTaco69|102|1735
|player|p2|ChunkyRat|ninjaboy|1734
|teamsize|p1|6
|teamsize|p2|6
|gen|8
|tier|[Gen 8] National Dex AG
|rated|
|rule|HP Percentage Mod: HP is shown in percentages
|rule|Endless Battle Clause: Forcing endless battles is banned
|clearpoke
|poke|p1|Arceus-*|
|poke|p1|Yveltal|
|poke|p1|Necrozma-Dusk-Mane|
|poke|p1|Rayquaza|
|poke|p1|Zygarde|
|poke|p1|Ditto|
|poke|p2|Rayquaza|
|poke|p2|Arceus-*|
|poke|p2|Lugia|
|poke|p2|Arceus-*|
|poke|p2|Groudon|
|poke|p2|Arceus-*|
|teampreview
|inactive|Battle timer is ON: inactive players will automatically lose when time's up. (requested by ChunkyRat)
|
|t:|1668464984
|start
|switch|p1a: Yveltal|Yveltal|100/100
|switch|p2a: ImAbroom|Groudon|100/100
|-ability|p1a: Yveltal|Dark Aura
|detailschange|p2a: ImAbroom|Groudon-Primal
|-primal|p2a: ImAbroom
|-weather|DesolateLand|[from] ability: Desolate Land|[of] p2a: ImAbroom
|turn|1
|
|t:|1668464987
|move|p1a: Yveltal|Dark Pulse|p2a: ImAbroom
|-damage|p2a: ImAbroom|23/100
|-damage|p1a: Yveltal|90/100|[from] item: Life Orb
|cant|p2a: ImAbroom|flinch
|
|-weather|DesolateLand|[upkeep]
|upkeep
|turn|2
|j| NATALlE
|
|t:|1668464994
|move|p1a: Yveltal|Oblivion Wing|p2a: ImAbroom
|-damage|p2a: ImAbroom|0 fnt
|-heal|p1a: Yveltal|100/100|[from] drain|[of] p2a: ImAbroom
|faint|p2a: ImAbroom
|-weather|none
|-damage|p1a: Yveltal|90/100|[from] item: Life Orb
|
|upkeep
|
|t:|1668464995
|switch|p2a: Dragomir Ayaren|Rayquaza, shiny|100/100
|-ability|p2a: Dragomir Ayaren|Air Lock
|turn|3
|
|t:|1668464999
|detailschange|p2a: Dragomir Ayaren|Rayquaza-Mega, shiny
|-mega|p2a: Dragomir Ayaren|Rayquaza|
|-weather|DeltaStream|[from] ability: Delta Stream|[of] p2a: Dragomir Ayaren
|-start|p1a: Yveltal|Dynamax|
|-heal|p1a: Yveltal|90/100|[silent]
|move|p2a: Dragomir Ayaren|Dragon Ascent|p1a: Yveltal
|-damage|p1a: Yveltal|49/100
|-unboost|p2a: Dragomir Ayaren|def|1
|-unboost|p2a: Dragomir Ayaren|spd|1
|move|p1a: Yveltal|Max Airstream|p2a: Dragomir Ayaren
|-enditem|p2a: Dragomir Ayaren|Focus Sash
|-damage|p2a: Dragomir Ayaren|1/100
|-boost|p1a: Yveltal|spe|1
|-damage|p1a: Yveltal|44/100|[from] item: Life Orb
|
|-weather|DeltaStream|[upkeep]
|upkeep
|turn|4
|
|t:|1668465007
|move|p2a: Dragomir Ayaren|Extreme Speed|p1a: Yveltal
|-damage|p1a: Yveltal|26/100
|move|p1a: Yveltal|Max Airstream|p2a: Dragomir Ayaren
|-damage|p2a: Dragomir Ayaren|0 fnt
|-boost|p1a: Yveltal|spe|1
|faint|p2a: Dragomir Ayaren
|-weather|none
|-damage|p1a: Yveltal|21/100|[from] item: Life Orb
|
|upkeep
|
|t:|1668465012
|switch|p2a: Arceus|Arceus|100/100
|turn|5
|
|t:|1668465018
|-end|p1a: Yveltal|Dynamax
|-heal|p1a: Yveltal|21/100|[silent]
|switch|p1a: Zygarde|Zygarde|100/100
|move|p2a: Arceus|Extreme Speed|p1a: Zygarde
|-damage|p1a: Zygarde|61/100
|-damage|p2a: Arceus|91/100|[from] item: Life Orb
|
|-heal|p1a: Zygarde|68/100|[from] item: Leftovers
|upkeep
|turn|6
|
|t:|1668465022
|move|p2a: Arceus|Swords Dance|p2a: Arceus
|-boost|p2a: Arceus|atk|2
|move|p1a: Zygarde|Glare|p2a: Arceus
|-status|p2a: Arceus|par
|
|-heal|p1a: Zygarde|74/100|[from] item: Leftovers
|upkeep
|turn|7
|
|t:|1668465025
|switch|p1a: Necrozma|Necrozma-Dusk-Mane|100/100
|move|p2a: Arceus|Extreme Speed|p1a: Necrozma
|-resisted|p1a: Necrozma
|-damage|p1a: Necrozma|63/100
|-damage|p2a: Arceus|74/100 par|[from] item: Rocky Helmet|[of] p1a: Necrozma
|-damage|p2a: Arceus|64/100 par|[from] item: Life Orb
|
|upkeep
|turn|8
|
|t:|1668465028
|switch|p1a: Yveltal|Yveltal|21/100
|-ability|p1a: Yveltal|Dark Aura
|move|p2a: Arceus|Earthquake|p1a: Yveltal
|-immune|p1a: Yveltal
|
|upkeep
|turn|9
|
|t:|1668465032
|move|p2a: Arceus|Extreme Speed|p1a: Yveltal
|-damage|p1a: Yveltal|0 fnt
|faint|p1a: Yveltal
|-damage|p2a: Arceus|54/100 par|[from] item: Life Orb
|
|upkeep
|
|t:|1668465034
|switch|p1a: Ditto|Ditto|100/100
|-transform|p1a: Ditto|p2a: Arceus|[from] ability: Imposter
|turn|10
|
|t:|1668465040
|move|p1a: Ditto|Extreme Speed|p2a: Arceus
|-damage|p2a: Arceus|0 fnt
|faint|p2a: Arceus
|
|upkeep
|
|t:|1668465045
|switch|p2a: iHaveAsthma|Arceus-Ground, shiny|100/100
|turn|11
|
|t:|1668465048
|switch|p1a: Rayquaza|Rayquaza, shiny|100/100
|-ability|p1a: Rayquaza|Air Lock
|move|p2a: iHaveAsthma|Calm Mind|p2a: iHaveAsthma
|-boost|p2a: iHaveAsthma|spa|1
|-boost|p2a: iHaveAsthma|spd|1
|
|upkeep
|turn|12
|
|t:|1668465052
|detailschange|p1a: Rayquaza|Rayquaza-Mega, shiny
|-mega|p1a: Rayquaza|Rayquaza|
|-weather|DeltaStream|[from] ability: Delta Stream|[of] p1a: Rayquaza
|-start|p2a: iHaveAsthma|Dynamax|
|-heal|p2a: iHaveAsthma|100/100|[silent]
|move|p1a: Rayquaza|Dragon Dance|p1a: Rayquaza
|-boost|p1a: Rayquaza|atk|1
|-boost|p1a: Rayquaza|spe|1
|move|p2a: iHaveAsthma|Max Hailstorm|p1a: Rayquaza
|-activate||deltastream
|-supereffective|p1a: Rayquaza
|-damage|p1a: Rayquaza|0 fnt
|-weather|Hail
|faint|p1a: Rayquaza
|
|-weather|Hail|[upkeep]
|-damage|p2a: iHaveAsthma|97/100|[from] Hail
|upkeep
|
|t:|1668465062
|switch|p1a: Ditto|Ditto|100/100
|-transform|p1a: Ditto|p2a: iHaveAsthma|[from] ability: Imposter
|turn|13
|
|t:|1668465071
|switch|p1a: Necrozma|Necrozma-Dusk-Mane|63/100
|move|p2a: iHaveAsthma|Max Hailstorm|p1a: Necrozma
|-resisted|p1a: Necrozma
|-damage|p1a: Necrozma|47/100
|
|-weather|Hail|[upkeep]
|-damage|p2a: iHaveAsthma|94/100|[from] Hail
|-damage|p1a: Necrozma|41/100|[from] Hail
|upkeep
|turn|14
|
|t:|1668465082
|switch|p1a: Zygarde|Zygarde|74/100
|move|p2a: iHaveAsthma|Max Quake|p1a: Zygarde
|-damage|p1a: Zygarde|6/100
|-boost|p2a: iHaveAsthma|spd|1
|
|-weather|Hail|[upkeep]
|-damage|p1a: Zygarde|0 fnt|[from] Hail
|-damage|p2a: iHaveAsthma|91/100|[from] Hail
|faint|p1a: Zygarde
|upkeep
|
|t:|1668465089
|switch|p1a: Ditto|Ditto|100/100
|-transform|p1a: Ditto|p2a: iHaveAsthma|[from] ability: Imposter
|-end|p2a: iHaveAsthma|Dynamax
|-heal|p2a: iHaveAsthma|91/100|[silent]
|turn|15
|
|t:|1668465098
|move|p1a: Ditto|Ice Beam|p2a: iHaveAsthma
|-supereffective|p2a: iHaveAsthma
|-crit|p2a: iHaveAsthma
|-damage|p2a: iHaveAsthma|20/100
|move|p2a: iHaveAsthma|Ice Beam|p1a: Ditto
|-supereffective|p1a: Ditto
|-damage|p1a: Ditto|64/100
|
|-weather|Hail|[upkeep]
|-damage|p1a: Ditto|58/100|[from] Hail
|-damage|p2a: iHaveAsthma|14/100|[from] Hail
|upkeep
|turn|16
|
|t:|1668465107
|move|p1a: Ditto|Ice Beam|p2a: iHaveAsthma
|-supereffective|p2a: iHaveAsthma
|-damage|p2a: iHaveAsthma|0 fnt
|faint|p2a: iHaveAsthma
|
|-weather|none
|upkeep
|
|t:|1668465108
|switch|p2a: OnMaWa|Arceus|100/100
|turn|17
|
|t:|1668465112
|switch|p1a: Necrozma|Necrozma-Dusk-Mane|41/100
|move|p2a: OnMaWa|Extreme Speed|p1a: Necrozma
|-resisted|p1a: Necrozma
|-damage|p1a: Necrozma|23/100
|-damage|p2a: OnMaWa|84/100|[from] item: Rocky Helmet|[of] p1a: Necrozma
|-damage|p2a: OnMaWa|74/100|[from] item: Life Orb
|
|upkeep
|turn|18
|
|t:|1668465119
|move|p2a: OnMaWa|Earthquake|p1a: Necrozma
|-supereffective|p1a: Necrozma
|-damage|p1a: Necrozma|0 fnt
|faint|p1a: Necrozma
|-damage|p2a: OnMaWa|64/100|[from] item: Life Orb
|
|upkeep
|
|t:|1668465121
|switch|p1a: Arceus|Arceus-Ground|100/100
|turn|19
|
|t:|1668465127
|move|p1a: Arceus|Rock Tomb|p2a: OnMaWa
|-damage|p2a: OnMaWa|50/100
|-unboost|p2a: OnMaWa|spe|1
|move|p2a: OnMaWa|Swords Dance|p2a: OnMaWa
|-boost|p2a: OnMaWa|atk|2
|
|upkeep
|turn|20
|
|t:|1668465130
|move|p2a: OnMaWa|Extreme Speed|p1a: Arceus
|-damage|p1a: Arceus|25/100
|-damage|p2a: OnMaWa|40/100|[from] item: Life Orb
|-zpower|p1a: Arceus
|move|p1a: Arceus|Tectonic Rage|p2a: OnMaWa|[zeffect]
|-damage|p2a: OnMaWa|0 fnt
|faint|p2a: OnMaWa
|
|upkeep
|
|t:|1668465132
|switch|p2a: ArceusMaliciousJr|Lugia, shiny|100/100
|turn|21
|-message|ChunkyRat forfeited.
|
|win|TomoTaco69
|raw|TomoTaco69's rating: 1735 &rarr; <strong>1755</strong><br />(+20 for winning)
|raw|ChunkyRat's rating: 1734 &rarr; <strong>1714</strong><br />(-20 for losing)
|l|☆ChunkyRat
