|j|☆YLong
|j|☆fenglinger
|t:|1668949234
|gametype|singles
|player|p1|YLong|darach-caitlin|
|player|p2|fenglinger|hilda-wonderlauncher|
|teamsize|p1|6
|teamsize|p2|6
|gen|8
|tier|[Gen 8] National Dex AG
|rule|HP Percentage Mod: HP is shown in percentages
|rule|Endless Battle Clause: Forcing endless battles is banned
|clearpoke
|poke|p1|Donphan, F|
|poke|p1|Ribombee, M|
|poke|p1|Minior-Indigo|
|poke|p1|Victini|
|poke|p1|Altaria, M|
|poke|p1|Naganadel|
|poke|p2|Slowbro, F|
|poke|p2|Tapu Lele|
|poke|p2|Reuniclus, F|
|poke|p2|Rotom-Wash|
|poke|p2|Victini|
|poke|p2|Melmetal|
|teampreview
|j| yuzhiboCheng
|
|t:|1668949258
|start
|switch|p1a: Donphan|Donphan, F|100/100
|switch|p2a: Melmetal|Melmetal|100/100
|turn|1
|
|t:|1668949275
|switch|p2a: Rotom|Rotom-Wash|100/100
|move|p1a: Donphan|Stealth Rock|p2a: Rotom
|-sidestart|p2: fenglinger|move: Stealth Rock
|
|upkeep
|turn|2
|
|t:|1668949283
|move|p2a: Rotom|Will-O-Wisp|p1a: Donphan|[miss]
|-miss|p2a: Rotom|p1a: Donphan
|move|p1a: Donphan|Toxic|p2a: Rotom
|-status|p2a: Rotom|tox
|
|-damage|p2a: Rotom|94/100 tox|[from] psn
|upkeep
|turn|3
|
|t:|1668949295
|switch|p1a: Minior|Minior-Indigo|100/100
|-formechange|p1a: Minior|Minior-Meteor||[from] ability: Shields Down
|move|p2a: Rotom|Will-O-Wisp|p1a: Minior
|-immune|p1a: Minior|[from] ability: Shields Down
|
|-damage|p2a: Rotom|82/100 tox|[from] psn
|upkeep
|turn|4
|
|t:|1668949326
|switch|p1a: Donphan|Donphan, F|100/100
|switch|p2a: Slowbro|Slowbro, F|100/100
|-damage|p2a: Slowbro|88/100|[from] Stealth Rock
|
|upkeep
|turn|5
|
|t:|1668949337
|detailschange|p2a: Slowbro|Slowbro-Mega, F
|-mega|p2a: Slowbro|Slowbro|Slowbronite
|move|p1a: Donphan|Knock Off|p2a: Slowbro
|-supereffective|p2a: Slowbro
|-damage|p2a: Slowbro|73/100
|move|p2a: Slowbro|Toxic|p1a: Donphan
|-status|p1a: Donphan|tox
|
|-damage|p1a: Donphan|94/100 tox|[from] psn
|upkeep
|turn|6
|
|t:|1668949347
|move|p1a: Donphan|Toxic|p2a: Slowbro
|-status|p2a: Slowbro|tox
|move|p2a: Slowbro|Slack Off|p2a: Slowbro
|-heal|p2a: Slowbro|100/100 tox
|
|-heal|p1a: Donphan|100/100 tox|[from] item: Leftovers
|-damage|p1a: Donphan|88/100 tox|[from] psn
|-damage|p2a: Slowbro|94/100 tox|[from] psn
|upkeep
|turn|7
|
|t:|1668949358
|switch|p1a: Naganadel|Naganadel, shiny|100/100
|switch|p2a: Rotom|Rotom-Wash|82/100 tox
|-damage|p2a: Rotom|69/100 tox|[from] Stealth Rock
|
|-damage|p2a: Rotom|63/100 tox|[from] psn
|upkeep
|turn|8
|
|t:|1668949371
|-start|p1a: Naganadel|Dynamax|
|-heal|p1a: Naganadel|100/100|[silent]
|move|p1a: Naganadel|Max Airstream|p2a: Rotom
|-resisted|p2a: Rotom
|-damage|p2a: Rotom|45/100 tox
|-boost|p1a: Naganadel|spe|1
|move|p2a: Rotom|Defog|p1a: Naganadel
|-unboost|p1a: Naganadel|evasion|1
|-sideend|p2: fenglinger|Stealth Rock|[from] move: Defog|[of] p2a: Rotom
|
|-damage|p2a: Rotom|32/100 tox|[from] psn
|upkeep
|turn|9
|
|t:|1668949399
|move|p1a: Naganadel|Max Ooze|p2a: Rotom
|-damage|p2a: Rotom|0 fnt
|-boost|p1a: Naganadel|spa|1
|faint|p2a: Rotom
|-ability|p1a: Naganadel|Beast Boost|boost
|-boost|p1a: Naganadel|spa|1
|
|upkeep
|
|t:|1668949432
|switch|p2a: Reuniclus|Reuniclus, F|100/100
|turn|10
|
|t:|1668949444
|move|p1a: Naganadel|Max Darkness|p2a: Reuniclus
|-supereffective|p2a: Reuniclus
|-damage|p2a: Reuniclus|0 fnt
|faint|p2a: Reuniclus
|-ability|p1a: Naganadel|Beast Boost|boost
|-boost|p1a: Naganadel|spa|1
|
|upkeep
|
|t:|1668949459
|switch|p2a: Melmetal|Melmetal|100/100
|-end|p1a: Naganadel|Dynamax
|-heal|p1a: Naganadel|100/100|[silent]
|turn|11
|
|t:|1668949469
|-start|p2a: Melmetal|Dynamax|
|-heal|p2a: Melmetal|100/100|[silent]
|move|p1a: Naganadel|Dark Pulse|p2a: Melmetal
|-crit|p2a: Melmetal
|-damage|p2a: Melmetal|48/100
|move|p2a: Melmetal|Max Hailstorm|p1a: Naganadel
|-supereffective|p1a: Naganadel
|-damage|p1a: Naganadel|0 fnt
|-weather|Hail
|faint|p1a: Naganadel
|
|-weather|Hail|[upkeep]
|-damage|p2a: Melmetal|45/100|[from] Hail
|upkeep
|
|t:|1668949487
|switch|p1a: Donphan|Donphan, F|88/100 tox
|turn|12
|
|t:|1668949498
|move|p1a: Donphan|Stealth Rock|p2a: Melmetal
|-sidestart|p2: fenglinger|move: Stealth Rock
|move|p2a: Melmetal|Max Quake|p1a: Donphan
|-damage|p1a: Donphan|58/100 tox
|-boost|p2a: Melmetal|spd|1
|
|-weather|Hail|[upkeep]
|-damage|p1a: Donphan|51/100 tox|[from] Hail
|-damage|p2a: Melmetal|42/100|[from] Hail
|-heal|p1a: Donphan|58/100 tox|[from] item: Leftovers
|-damage|p1a: Donphan|51/100 tox|[from] psn
|upkeep
|turn|13
|
|t:|1668949514
|move|p1a: Donphan|Knock Off|p2a: Melmetal
|-damage|p2a: Melmetal|35/100
|-enditem|p2a: Melmetal|Assault Vest|[from] move: Knock Off|[of] p1a: Donphan
|move|p2a: Melmetal|Max Knuckle|p1a: Donphan
|-damage|p1a: Donphan|31/100 tox
|-boost|p2a: Melmetal|atk|1
|
|-weather|Hail|[upkeep]
|-damage|p1a: Donphan|25/100 tox|[from] Hail
|-damage|p2a: Melmetal|32/100|[from] Hail
|-heal|p1a: Donphan|31/100 tox|[from] item: Leftovers
|-damage|p1a: Donphan|19/100 tox|[from] psn
|upkeep
|-end|p2a: Melmetal|Dynamax
|-heal|p2a: Melmetal|32/100|[silent]
|turn|14
|
|t:|1668949535
|move|p1a: Donphan|Knock Off|p2a: Melmetal
|-damage|p2a: Melmetal|23/100
|move|p2a: Melmetal|Earthquake|p1a: Donphan
|-damage|p1a: Donphan|0 fnt
|faint|p1a: Donphan
|
|-weather|Hail|[upkeep]
|-damage|p2a: Melmetal|17/100|[from] Hail
|upkeep
|
|t:|1668949553
|switch|p1a: Altaria|Altaria, M|100/100
|-ability|p1a: Altaria|Cloud Nine
|turn|15
|
|t:|1668949560
|detailschange|p1a: Altaria|Altaria-Mega, M
|-mega|p1a: Altaria|Altaria|Altarianite
|move|p1a: Altaria|Earthquake|p2a: Melmetal
|-supereffective|p2a: Melmetal
|-crit|p2a: Melmetal
|-damage|p2a: Melmetal|0 fnt
|faint|p2a: Melmetal
|
|-weather|none
|upkeep
|
|t:|1668949591
|switch|p2a: Tapu Lele|Tapu Lele|100/100
|-damage|p2a: Tapu Lele|88/100|[from] Stealth Rock
|-fieldstart|move: Psychic Terrain|[from] ability: Psychic Surge|[of] p2a: Tapu Lele
|turn|16
|
|t:|1668949598
|switch|p1a: Ribombee|Ribombee, M|100/100
|move|p2a: Tapu Lele|Moonblast|p1a: Ribombee
|-damage|p1a: Ribombee|8/100
|
|upkeep
|turn|17
|
|t:|1668949608
|move|p2a: Tapu Lele|Moonblast|p1a: Ribombee
|-damage|p1a: Ribombee|0 fnt
|faint|p1a: Ribombee
|
|upkeep
|
|t:|1668949617
|switch|p1a: Minior|Minior-Indigo|100/100
|-formechange|p1a: Minior|Minior-Meteor||[from] ability: Shields Down
|turn|18
|
|t:|1668949625
|switch|p2a: Slowbro|Slowbro-Mega, F|94/100 tox
|-damage|p2a: Slowbro|82/100 tox|[from] Stealth Rock
|move|p1a: Minior|Shell Smash|p1a: Minior
|-unboost|p1a: Minior|def|1
|-unboost|p1a: Minior|spd|1
|-boost|p1a: Minior|atk|2
|-boost|p1a: Minior|spa|2
|-boost|p1a: Minior|spe|2
|
|-damage|p2a: Slowbro|76/100 tox|[from] psn
|upkeep
|turn|19
|
|t:|1668949636
|move|p1a: Minior|Dazzling Gleam|p2a: Slowbro
|-damage|p2a: Slowbro|36/100 tox
|move|p2a: Slowbro|Scald|p1a: Minior
|-supereffective|p1a: Minior
|-enditem|p1a: Minior|Focus Sash
|-damage|p1a: Minior|1/100
|
|-damage|p2a: Slowbro|24/100 tox|[from] psn
|-formechange|p1a: Minior|Minior-Indigo||[from] ability: Shields Down
|upkeep
|turn|20
|
|t:|1668949649
|move|p1a: Minior|Dazzling Gleam|p2a: Slowbro
|-damage|p2a: Slowbro|0 fnt
|faint|p2a: Slowbro
|
|-fieldend|move: Psychic Terrain
|upkeep
|
|t:|1668949669
|switch|p2a: Tapu Lele|Tapu Lele|88/100
|-damage|p2a: Tapu Lele|76/100|[from] Stealth Rock
|-fieldstart|move: Psychic Terrain|[from] ability: Psychic Surge|[of] p2a: Tapu Lele
|turn|21
|
|t:|1668949681
|move|p1a: Minior|Dazzling Gleam|p2a: Tapu Lele
|-damage|p2a: Tapu Lele|24/100
|move|p2a: Tapu Lele|Moonblast|p1a: Minior
|-damage|p1a: Minior|0 fnt
|faint|p1a: Minior
|
|upkeep
|
|t:|1668949690
|switch|p1a: Victini|Victini|100/100
|turn|22
|
|t:|1668949726
|move|p1a: Victini|Bolt Strike|p2a: Tapu Lele
|-damage|p2a: Tapu Lele|0 fnt
|faint|p2a: Tapu Lele
|
|upkeep
|
|t:|1668949730
|switch|p2a: Victini|Victini|100/100
|-damage|p2a: Victini|76/100|[from] Stealth Rock
|turn|23
|
|t:|1668949741
|switch|p1a: Altaria|Altaria-Mega, M|100/100
|-zpower|p2a: Victini
|move|p2a: Victini|Z-Celebrate|p2a: Victini|[anim]Celebrate
|-boost|p2a: Victini|atk|1|[zeffect]
|-boost|p2a: Victini|def|1|[zeffect]
|-boost|p2a: Victini|spa|1|[zeffect]
|-boost|p2a: Victini|spd|1|[zeffect]
|-boost|p2a: Victini|spe|1|[zeffect]
|-activate|p2a: Victini|move: Celebrate
|
|upkeep
|turn|24
|
|t:|1668949754
|move|p2a: Victini|Stored Power|p1a: Altaria
|-damage|p1a: Altaria|0 fnt
|faint|p1a: Altaria
|
|upkeep
|
|t:|1668949758
|switch|p1a: Victini|Victini|100/100
|turn|25
|
|t:|1668949783
|move|p1a: Victini|Final Gambit|p2a: Victini
|-damage|p2a: Victini|0 fnt
|faint|p1a: Victini
|faint|p2a: Victini
|
|win|fenglinger
|c|☆YLong|？
