|j|☆TwentyTwan
|j|☆Lucartes
|player|p1|TwentyTwan|169|
|player|p2|Lucartes|10|
|teamsize|p1|6
|teamsize|p2|6
|gametype|singles
|gen|8
|tier|[Gen 8] National Dex AG
|clearpoke
|poke|p1|Amoonguss, F|
|poke|p1|Magnezone|
|poke|p1|Shiinotic, M|
|poke|p1|Cofagrigus, F|
|poke|p1|Charizard, F|
|poke|p1|Kartana|
|poke|p2|Gallade, M|
|poke|p2|Excadrill, M|
|poke|p2|Hawlucha, M|
|poke|p2|Kingdra, F|
|poke|p2|Heatran, F|
|poke|p2|Centiskorch, F|
|rule|HP Percentage Mod: HP is shown in percentages
|rule|Endless Battle Clause: Forcing endless battles is banned
|teampreview
|j| 100000IQ
|l| 100000IQ
|j| raiho_blackflame
|c|☆TwentyTwan|!weak hawlucha
|html|<div class="infobox">Hawlucha (ignoring abilities):<br /><span class="message-effect-weak">Weaknesses</span>: Electric, Fairy, Flying, Ice, Psychic<br /><span class="message-effect-resist">Resistances</span>: <b>Bug</b>, Dark, Fighting, Grass<br /><span class="message-effect-immune">Immunities</span>: Ground</div>
|c|☆TwentyTwan|!weak centiskorch
|html|<div class="infobox">Centiskorch (ignoring abilities):<br /><span class="message-effect-weak">Weaknesses</span>: Flying, <b>Rock</b>, Water<br /><span class="message-effect-resist">Resistances</span>: Bug, Fairy, Fighting, <b>Grass</b>, Ice, Steel<br /><span class="message-effect-immune">Immunities</span>: <font color=#999999>None</font></div>
|
|start
|switch|p1a: Koffertje|Cofagrigus, F|100/100
|switch|p2a: Kukui|Hawlucha, M|100/100
|turn|1
|
|move|p2a: Kukui|U-turn|p1a: Koffertje
|-resisted|p1a: Koffertje
|-damage|p1a: Koffertje|92/100
|-activate|p1a: Koffertje|ability: Mummy|Unburden|[of] p2a: Kukui
|
|switch|p2a: Snipps|Kingdra, F|100/100|[from]move: U-turn
|move|p1a: Koffertje|Trick Room|p1a: Koffertje
|-fieldstart|move: Trick Room|[of] p1a: Koffertje
|
|-heal|p1a: Koffertje|98/100|[from] item: Leftovers
|upkeep
|turn|2
|j| Aerialbanana
|
|move|p2a: Snipps|Protect|p2a: Snipps
|-singleturn|p2a: Snipps|Protect
|move|p1a: Koffertje|Toxic Spikes|p2a: Snipps
|-sidestart|p2: Lucartes|move: Toxic Spikes
|
|-heal|p1a: Koffertje|100/100|[from] item: Leftovers
|upkeep
|turn|3
|c|☆TwentyTwan|!weak kingdra
|html|<div class="infobox">Kingdra (ignoring abilities):<br /><span class="message-effect-weak">Weaknesses</span>: Dragon, Fairy<br /><span class="message-effect-resist">Resistances</span>: <b>Fire</b>, Steel, <b>Water</b><br /><span class="message-effect-immune">Immunities</span>: <font color=#999999>None</font></div>
|
|move|p1a: Koffertje|Psychic|p2a: Snipps
|-damage|p2a: Snipps|68/100
|move|p2a: Snipps|Ice Beam|p1a: Koffertje
|-damage|p1a: Koffertje|72/100
|
|-heal|p1a: Koffertje|79/100|[from] item: Leftovers
|upkeep
|turn|4
|
|move|p1a: Koffertje|Psychic|p2a: Snipps
|-damage|p2a: Snipps|38/100
|move|p2a: Snipps|Hydro Pump|p1a: Koffertje
|-damage|p1a: Koffertje|29/100
|
|-heal|p1a: Koffertje|35/100|[from] item: Leftovers
|upkeep
|turn|5
|
|move|p2a: Snipps|Protect|p2a: Snipps
|-singleturn|p2a: Snipps|Protect
|move|p1a: Koffertje|Toxic Spikes|p2a: Snipps
|-sidestart|p2: Lucartes|move: Toxic Spikes
|
|-heal|p1a: Koffertje|41/100|[from] item: Leftovers
|-fieldend|move: Trick Room
|upkeep
|turn|6
|
|move|p2a: Snipps|Ice Beam|p1a: Koffertje
|-damage|p1a: Koffertje|13/100
|move|p1a: Koffertje|Trick Room|p1a: Koffertje
|-fieldstart|move: Trick Room|[of] p1a: Koffertje
|
|-heal|p1a: Koffertje|19/100|[from] item: Leftovers
|upkeep
|turn|7
|
|switch|p1a: Shiinotic|Shiinotic, M|100/100
|move|p2a: Snipps|Ice Beam|p1a: Shiinotic
|-supereffective|p1a: Shiinotic
|-damage|p1a: Shiinotic|49/100
|
|-heal|p1a: Shiinotic|56/100|[from] item: Leftovers
|upkeep
|turn|8
|
|move|p1a: Shiinotic|Spore|p2a: Snipps
|-status|p2a: Snipps|slp|[from] move: Spore
|cant|p2a: Snipps|slp
|
|-heal|p1a: Shiinotic|62/100|[from] item: Leftovers
|upkeep
|turn|9
|
|switch|p2a: Café|Centiskorch, F|100/100
|-status|p2a: Café|tox
|move|p1a: Shiinotic|Substitute|p1a: Shiinotic
|-start|p1a: Shiinotic|Substitute
|-damage|p1a: Shiinotic|37/100
|
|-heal|p1a: Shiinotic|43/100|[from] item: Leftovers
|-damage|p2a: Café|94/100 tox|[from] psn
|upkeep
|turn|10
|
|move|p1a: Shiinotic|Leech Seed|p2a: Café
|-start|p2a: Café|move: Leech Seed
|move|p2a: Café|Coil|p2a: Café
|-boost|p2a: Café|atk|1
|-boost|p2a: Café|def|1
|-boost|p2a: Café|accuracy|1
|
|-heal|p1a: Shiinotic|49/100|[from] item: Leftovers
|-damage|p2a: Café|82/100 tox|[from] Leech Seed|[of] p1a: Shiinotic
|-heal|p1a: Shiinotic|66/100|[silent]
|-damage|p2a: Café|69/100 tox|[from] psn
|-fieldend|move: Trick Room
|upkeep
|turn|11
|
|move|p2a: Café|Fire Lash|p1a: Shiinotic
|-supereffective|p1a: Shiinotic
|-end|p1a: Shiinotic|Substitute
|move|p1a: Shiinotic|Substitute|p1a: Shiinotic
|-start|p1a: Shiinotic|Substitute
|-damage|p1a: Shiinotic|41/100
|
|-heal|p1a: Shiinotic|47/100|[from] item: Leftovers
|-damage|p2a: Café|57/100 tox|[from] Leech Seed|[of] p1a: Shiinotic
|-heal|p1a: Shiinotic|64/100|[silent]
|-damage|p2a: Café|38/100 tox|[from] psn
|upkeep
|turn|12
|
|move|p2a: Café|Fire Lash|p1a: Shiinotic
|-supereffective|p1a: Shiinotic
|-end|p1a: Shiinotic|Substitute
|move|p1a: Shiinotic|Substitute|p1a: Shiinotic
|-start|p1a: Shiinotic|Substitute
|-damage|p1a: Shiinotic|39/100
|
|-heal|p1a: Shiinotic|45/100|[from] item: Leftovers
|-damage|p2a: Café|26/100 tox|[from] Leech Seed|[of] p1a: Shiinotic
|-heal|p1a: Shiinotic|62/100|[silent]
|-damage|p2a: Café|1/100 tox|[from] psn
|upkeep
|turn|13
|
|move|p2a: Café|Fire Lash|p1a: Shiinotic
|-supereffective|p1a: Shiinotic
|-end|p1a: Shiinotic|Substitute
|move|p1a: Shiinotic|Substitute|p1a: Shiinotic
|-start|p1a: Shiinotic|Substitute
|-damage|p1a: Shiinotic|37/100
|
|-heal|p1a: Shiinotic|43/100|[from] item: Leftovers
|-damage|p2a: Café|0 fnt|[from] Leech Seed|[of] p1a: Shiinotic
|-heal|p1a: Shiinotic|44/100|[silent]
|faint|p2a: Café
|upkeep
|
|switch|p2a: Vohtarak|Heatran, F|100/100
|-item|p2a: Vohtarak|Air Balloon
|turn|14
|
|move|p2a: Vohtarak|Stealth Rock|p1a: Shiinotic
|-sidestart|p1: TwentyTwan|move: Stealth Rock
|move|p1a: Shiinotic|Leech Seed|p2a: Vohtarak|[miss]
|-miss|p1a: Shiinotic|p2a: Vohtarak
|
|-heal|p1a: Shiinotic|50/100|[from] item: Leftovers
|upkeep
|turn|15
|
|move|p2a: Vohtarak|Flamethrower|p1a: Shiinotic
|-supereffective|p1a: Shiinotic
|-end|p1a: Shiinotic|Substitute
|move|p1a: Shiinotic|Leech Seed|p2a: Vohtarak
|-start|p2a: Vohtarak|move: Leech Seed
|
|-heal|p1a: Shiinotic|56/100|[from] item: Leftovers
|-damage|p2a: Vohtarak|88/100|[from] Leech Seed|[of] p1a: Shiinotic
|-heal|p1a: Shiinotic|69/100|[silent]
|upkeep
|turn|16
|
|switch|p1a: Actual Dragon|Charizard, F|100/100
|-damage|p1a: Actual Dragon|51/100|[from] Stealth Rock
|move|p2a: Vohtarak|Flamethrower|p1a: Actual Dragon
|-resisted|p1a: Actual Dragon
|-damage|p1a: Actual Dragon|13/100
|
|-damage|p2a: Vohtarak|76/100|[from] Leech Seed|[of] p1a: Actual Dragon
|-heal|p1a: Actual Dragon|26/100|[silent]
|upkeep
|turn|17
|c|☆TwentyTwan|!weak heatran
|html|<div class="infobox">Heatran (ignoring abilities):<br /><span class="message-effect-weak">Weaknesses</span>: Fighting, <b>Ground</b>, Water<br /><span class="message-effect-resist">Resistances</span>: <b>Bug</b>, Dragon, <b>Fairy</b>, Flying, <b>Grass</b>, <b>Ice</b>, Normal, Psychic, <b>Steel</b><br /><span class="message-effect-immune">Immunities</span>: Poison</div>
|
|detailschange|p1a: Actual Dragon|Charizard-Mega-X, F
|-mega|p1a: Actual Dragon|Charizard|Charizardite X
|move|p1a: Actual Dragon|Earthquake|p2a: Vohtarak
|-immune|p2a: Vohtarak
|move|p2a: Vohtarak|Ancient Power|p1a: Actual Dragon
|-supereffective|p1a: Actual Dragon
|-damage|p1a: Actual Dragon|0 fnt
|faint|p1a: Actual Dragon
|
|upkeep
|c| raiho_blackflame|uhm...
|c| Aerialbanana|dat ding heeft een air balloon vast
|c|☆TwentyTwan|Ja
|c|☆TwentyTwan|Ik dacht dat leech seed dat popped
|
|switch|p1a: Paperman|Kartana|100/100
|-damage|p1a: Paperman|94/100|[from] Stealth Rock
|turn|18
|c| Aerialbanana|nope, status moves werken niet
|
|move|p1a: Paperman|Sacred Sword|p2a: Vohtarak
|-supereffective|p2a: Vohtarak
|-damage|p2a: Vohtarak|0 fnt
|-enditem|p2a: Vohtarak|Air Balloon
|faint|p2a: Vohtarak
|-ability|p1a: Paperman|Beast Boost|boost
|-boost|p1a: Paperman|atk|1
|
|upkeep
|
|switch|p2a: Gawain|Gallade, M|100/100
|-status|p2a: Gawain|tox
|turn|19
|c|☆TwentyTwan|!weak Gallade
|html|<div class="infobox">Gallade (ignoring abilities):<br /><span class="message-effect-weak">Weaknesses</span>: Fairy, Flying, Ghost<br /><span class="message-effect-resist">Resistances</span>: Fighting, Rock<br /><span class="message-effect-immune">Immunities</span>: <font color=#999999>None</font></div>
|
|detailschange|p2a: Gawain|Gallade-Mega, M
|-mega|p2a: Gawain|Gallade|Galladite
|move|p2a: Gawain|Close Combat|p1a: Paperman
|-supereffective|p1a: Paperman
|-damage|p1a: Paperman|0 fnt
|-unboost|p2a: Gawain|def|1
|-unboost|p2a: Gawain|spd|1
|faint|p1a: Paperman
|
|-damage|p2a: Gawain|94/100 tox|[from] psn
|upkeep
|
|switch|p1a: Shiinotic|Shiinotic, M|69/100
|-damage|p1a: Shiinotic|57/100|[from] Stealth Rock
|turn|20
|
|move|p2a: Gawain|Ice Punch|p1a: Shiinotic
|-supereffective|p1a: Shiinotic
|-damage|p1a: Shiinotic|0 fnt
|faint|p1a: Shiinotic
|
|-damage|p2a: Gawain|82/100 tox|[from] psn
|upkeep
|
|switch|p1a: Koffertje|Cofagrigus, F|19/100
|-damage|p1a: Koffertje|6/100|[from] Stealth Rock
|turn|21
|
|move|p2a: Gawain|Earthquake|p1a: Koffertje
|-crit|p1a: Koffertje
|-damage|p1a: Koffertje|0 fnt
|faint|p1a: Koffertje
|
|-damage|p2a: Gawain|64/100 tox|[from] psn
|upkeep
|
|switch|p1a: Magical Paddo V1|Amoonguss, F, shiny|100/100
|-damage|p1a: Magical Paddo V1|88/100|[from] Stealth Rock
|turn|22
|
|move|p2a: Gawain|Ice Punch|p1a: Magical Paddo V1
|-supereffective|p1a: Magical Paddo V1
|-damage|p1a: Magical Paddo V1|31/100
|-status|p1a: Magical Paddo V1|frz
|cant|p1a: Magical Paddo V1|frz
|
|-heal|p1a: Magical Paddo V1|38/100 frz|[from] item: Black Sludge
|-damage|p2a: Gawain|39/100 tox|[from] psn
|upkeep
|turn|23
|
|switch|p1a: Steelbait|Magnezone|100/100
|-damage|p1a: Steelbait|94/100|[from] Stealth Rock
|-item|p1a: Steelbait|Air Balloon
|move|p2a: Gawain|Ice Punch|p1a: Steelbait
|-resisted|p1a: Steelbait
|-damage|p1a: Steelbait|79/100
|-enditem|p1a: Steelbait|Air Balloon
|
|-damage|p2a: Gawain|8/100 tox|[from] psn
|upkeep
|turn|24
|
|move|p2a: Gawain|Earthquake|p1a: Steelbait
|-supereffective|p1a: Steelbait
|-damage|p1a: Steelbait|0 fnt
|faint|p1a: Steelbait
|
|-damage|p2a: Gawain|0 fnt|[from] psn
|faint|p2a: Gawain
|upkeep
|
|switch|p2a: Kukui|Hawlucha, M|100/100
|switch|p1a: Magical Paddo V1|Amoonguss, F, shiny|71/100 frz
|-damage|p1a: Magical Paddo V1|58/100 frz|[from] Stealth Rock
|turn|25
|
|move|p2a: Kukui|Sky Attack||[still]
|-prepare|p2a: Kukui|Sky Attack|p1a: Magical Paddo V1
|-enditem|p2a: Kukui|Power Herb
|-anim|p2a: Kukui|Sky Attack|p1a: Magical Paddo V1|[miss]
|-miss|p2a: Kukui|p1a: Magical Paddo V1
|-curestatus|p1a: Magical Paddo V1|frz|[msg]
|move|p1a: Magical Paddo V1|Substitute|p1a: Magical Paddo V1
|-start|p1a: Magical Paddo V1|Substitute
|-damage|p1a: Magical Paddo V1|33/100
|
|-heal|p1a: Magical Paddo V1|40/100|[from] item: Black Sludge
|upkeep
|turn|26
|j| Team Shell
|
|move|p2a: Kukui|Acrobatics|p1a: Magical Paddo V1
|-supereffective|p1a: Magical Paddo V1
|-end|p1a: Magical Paddo V1|Substitute
|move|p1a: Magical Paddo V1|Sludge Bomb|p2a: Kukui
|-damage|p2a: Kukui|41/100
|
|-heal|p1a: Magical Paddo V1|46/100|[from] item: Black Sludge
|upkeep
|turn|27
|
|move|p2a: Kukui|Acrobatics|p1a: Magical Paddo V1
|-supereffective|p1a: Magical Paddo V1
|-damage|p1a: Magical Paddo V1|0 fnt
|faint|p1a: Magical Paddo V1
|
|win|Lucartes
|c| Aerialbanana|gg
|c| raiho_blackflame|gg
|c|☆TwentyTwan|gg
|l| Aerialbanana
|c|☆Lucartes|gg
|l| Team Shell
|l|☆TwentyTwan
