|j|☆Glaliegoesboom ❤
|j|☆Guts4952
|t:|1659958924
|gametype|singles
|player|p1|Glaliegoesboom ❤|1|
|player|p2|Guts4952|2|
|teamsize|p1|6
|teamsize|p2|6
|gen|8
|tier|[Gen 8] National Dex AG
|rule|HP Percentage Mod: HP is shown in percentages
|rule|Endless Battle Clause: Forcing endless battles is banned
|clearpoke
|poke|p1|Garchomp, M|
|poke|p1|Jellicent, F|
|poke|p1|Dracozolt|
|poke|p1|Hippowdon, F|
|poke|p1|Dialga|
|poke|p1|Urshifu-*, F|
|poke|p2|Sableye, M|
|poke|p2|Kyurem-Black|
|poke|p2|Greninja, M|
|poke|p2|Kommo-o, M|
|poke|p2|Garchomp, F|
|poke|p2|Ho-Oh|
|teampreview
|inactive|Battle timer is ON: inactive players will automatically lose when time's up. (requested by Glaliegoesboom ❤)
|c|☆Glaliegoesboom ❤|Glhf
|c|☆Guts4952|same
|c|☆Glaliegoesboom ❤|Gimme a sec in the middle of another battle
|inactive|Glaliegoesboom ❤ has 270 seconds left.
|
|t:|1659958957
|start
|switch|p1a: Dialga|Dialga|100/100
|switch|p2a: Sableye|Sableye, M|100/100
|-ability|p1a: Dialga|Pressure
|turn|1
|inactive|Guts4952 has 270 seconds left.
|inactive|Guts4952 has 240 seconds left.
|
|t:|1659959028
|detailschange|p2a: Sableye|Sableye-Mega, M
|-mega|p2a: Sableye|Sableye|Sablenite
|move|p1a: Dialga|Dragon Pulse|p2a: Sableye
|-damage|p2a: Sableye|51/100
|move|p2a: Sableye|Knock Off|p1a: Dialga
|-damage|p1a: Dialga|79/100
|-enditem|p1a: Dialga|Assault Vest|[from] move: Knock Off|[of] p2a: Sableye
|
|upkeep
|turn|2
|inactive|Guts4952 has 210 seconds left.
|
|t:|1659959071
|move|p1a: Dialga|Dragon Pulse|p2a: Sableye
|-damage|p2a: Sableye|0 fnt
|faint|p2a: Sableye
|
|upkeep
|
|t:|1659959093
|switch|p2a: Garchomp|Garchomp, F|100/100
|turn|3
|inactive|Guts4952 has 180 seconds left.
|
|t:|1659959117
|switch|p1a: Hippowdon|Hippowdon, F|100/100
|-weather|Sandstorm|[from] ability: Sand Stream|[of] p1a: Hippowdon
|move|p2a: Garchomp|Stealth Rock|p1a: Hippowdon
|-sidestart|p1: Glaliegoesboom ❤|move: Stealth Rock
|
|-weather|Sandstorm|[upkeep]
|upkeep
|turn|4
|inactive|Guts4952 has 180 seconds left.
|
|t:|1659959130
|move|p2a: Garchomp|Toxic|p1a: Hippowdon
|-status|p1a: Hippowdon|tox
|-enditem|p1a: Hippowdon|Lum Berry|[eat]
|-curestatus|p1a: Hippowdon|tox|[msg]
|move|p1a: Hippowdon|Toxic|p2a: Garchomp
|-status|p2a: Garchomp|tox
|
|-weather|Sandstorm|[upkeep]
|-damage|p2a: Garchomp|94/100 tox|[from] psn
|upkeep
|turn|5
|inactive|Guts4952 has 180 seconds left.
|
|t:|1659959149
|move|p2a: Garchomp|Toxic|p1a: Hippowdon
|-status|p1a: Hippowdon|tox
|move|p1a: Hippowdon|Stealth Rock|p2a: Garchomp
|-sidestart|p2: Guts4952|move: Stealth Rock
|
|-weather|Sandstorm|[upkeep]
|-damage|p2a: Garchomp|82/100 tox|[from] psn
|-damage|p1a: Hippowdon|94/100 tox|[from] psn
|upkeep
|turn|6
|inactive|Guts4952 has 180 seconds left.
|
|t:|1659959166
|switch|p2a: Ho-Oh|Ho-Oh|100/100
|switch|p1a: Garchomp|Garchomp, M|100/100
|-damage|p1a: Garchomp|94/100|[from] Stealth Rock
|
|-weather|Sandstorm|[upkeep]
|-damage|p2a: Ho-Oh|94/100|[from] Sandstorm
|upkeep
|turn|7
|inactive|Guts4952 has 150 seconds left.
|
|t:|1659959213
|switch|p2a: Greninja|Greninja, M|100/100
|-damage|p2a: Greninja|88/100|[from] Stealth Rock
|move|p1a: Garchomp|Substitute|p1a: Garchomp
|-start|p1a: Garchomp|Substitute
|-damage|p1a: Garchomp|69/100
|
|-weather|none
|upkeep
|turn|8
|j| Testing teams 596
|
|t:|1659959224
|detailschange|p1a: Garchomp|Garchomp-Mega, M
|-mega|p1a: Garchomp|Garchomp|Garchompite
|move|p2a: Greninja|Dark Pulse|p1a: Garchomp
|-end|p1a: Garchomp|Substitute
|move|p1a: Garchomp|Scale Shot|p2a: Greninja
|-damage|p2a: Greninja|60/100
|-damage|p2a: Greninja|35/100
|-hitcount|p2a: Greninja|2
|-unboost|p1a: Garchomp|def|1
|-boost|p1a: Garchomp|spe|1
|
|upkeep
|turn|9
|
|t:|1659959238
|move|p2a: Greninja|Dark Pulse|p1a: Garchomp
|-damage|p1a: Garchomp|36/100
|move|p1a: Garchomp|Earthquake|p2a: Greninja
|-crit|p2a: Greninja
|-damage|p2a: Greninja|0 fnt
|faint|p2a: Greninja
|
|upkeep
|inactive|Guts4952 has 120 seconds left.
|
|t:|1659959263
|switch|p2a: Ho-Oh|Ho-Oh|100/100
|turn|10
|inactive|Guts4952 has 120 seconds left.
|
|t:|1659959299
|move|p1a: Garchomp|Stone Edge|p2a: Ho-Oh
|-supereffective|p2a: Ho-Oh
|-damage|p2a: Ho-Oh|0 fnt
|faint|p2a: Ho-Oh
|
|upkeep
|inactive|Guts4952 has 90 seconds left.
|
|t:|1659959332
|switch|p2a: Kyurem|Kyurem-Black|100/100
|-ability|p2a: Kyurem|Teravolt
|turn|11
|
|t:|1659959349
|move|p1a: Garchomp|Scale Shot|p2a: Kyurem
|-supereffective|p2a: Kyurem
|-damage|p2a: Kyurem|74/100
|-supereffective|p2a: Kyurem
|-damage|p2a: Kyurem|45/100
|-hitcount|p2a: Kyurem|2
|-unboost|p1a: Garchomp|def|1
|-boost|p1a: Garchomp|spe|1
|move|p2a: Kyurem|Dragon Dance|p2a: Kyurem
|-boost|p2a: Kyurem|atk|1
|-boost|p2a: Kyurem|spe|1
|
|upkeep
|turn|12
|inactive|Guts4952 has 60 seconds left.
|
|t:|1659959386
|-start|p2a: Kyurem|Dynamax|
|-heal|p2a: Kyurem|45/100|[silent]
|move|p1a: Garchomp|Scale Shot|p2a: Kyurem
|-supereffective|p2a: Kyurem
|-damage|p2a: Kyurem|32/100
|-supereffective|p2a: Kyurem
|-damage|p2a: Kyurem|17/100
|-supereffective|p2a: Kyurem
|-damage|p2a: Kyurem|2/100
|-hitcount|p2a: Kyurem|3
|-unboost|p1a: Garchomp|def|1
|-boost|p1a: Garchomp|spe|1
|move|p2a: Kyurem|Max Hailstorm|p1a: Garchomp
|-supereffective|p1a: Garchomp
|-damage|p1a: Garchomp|0 fnt
|-weather|Hail
|faint|p1a: Garchomp
|
|-weather|Hail|[upkeep]
|upkeep
|
|t:|1659959405
|switch|p1a: Urshifu|Urshifu, F|100/100
|-damage|p1a: Urshifu|94/100|[from] Stealth Rock
|turn|13
|
|t:|1659959424
|move|p2a: Kyurem|Max Guard|p2a: Kyurem
|-singleturn|p2a: Kyurem|Max Guard
|move|p1a: Urshifu|U-turn|p2a: Kyurem
|-activate|p2a: Kyurem|move: Max Guard
|
|-weather|Hail|[upkeep]
|-damage|p1a: Urshifu|88/100|[from] Hail
|upkeep
|turn|14
|inactive|Guts4952 has 30 seconds left.
|
|t:|1659959444
|move|p2a: Kyurem|Max Hailstorm|p1a: Urshifu
|-damage|p1a: Urshifu|0 fnt
|faint|p1a: Urshifu
|
|-weather|Hail|[upkeep]
|upkeep
|
|t:|1659959463
|switch|p1a: Dialga|Dialga|79/100
|-damage|p1a: Dialga|73/100|[from] Stealth Rock
|-ability|p1a: Dialga|Pressure
|-end|p2a: Kyurem|Dynamax
|-heal|p2a: Kyurem|2/100|[silent]
|turn|15
|
|t:|1659959475
|move|p2a: Kyurem|Icicle Spear|p1a: Dialga
|-damage|p1a: Dialga|57/100
|-damage|p1a: Dialga|40/100
|-damage|p1a: Dialga|23/100
|-damage|p1a: Dialga|4/100
|-damage|p1a: Dialga|0 fnt
|faint|p1a: Dialga
|-hitcount|p1: Dialga|5
|
|-weather|Hail|[upkeep]
|upkeep
|
|t:|1659959482
|switch|p1a: Hippowdon|Hippowdon, F|94/100 tox
|-damage|p1a: Hippowdon|88/100 tox|[from] Stealth Rock
|-weather|Sandstorm|[from] ability: Sand Stream|[of] p1a: Hippowdon
|turn|16
|inactive|Guts4952 has 30 seconds left.
|
|t:|1659959503
|switch|p1a: Jellicent|Jellicent, F|100/100
|-damage|p1a: Jellicent|88/100|[from] Stealth Rock
|move|p2a: Kyurem|Fusion Bolt|p1a: Jellicent
|-supereffective|p1a: Jellicent
|-enditem|p1a: Jellicent|Wacan Berry|[eat]
|-enditem|p1a: Jellicent|Wacan Berry|[weaken]
|-damage|p1a: Jellicent|42/100
|
|-weather|Sandstorm|[upkeep]
|-damage|p2a: Kyurem|0 fnt|[from] Sandstorm
|-damage|p1a: Jellicent|36/100|[from] Sandstorm
|faint|p2a: Kyurem
|upkeep
|inactive|Guts4952 has 30 seconds left.
|
|t:|1659959515
|switch|p2a: Kommo-o|Kommo-o, M|100/100
|-damage|p2a: Kommo-o|94/100|[from] Stealth Rock
|turn|17
|inactive|Guts4952 has 30 seconds left.
|inactive|Guts4952 has 20 seconds left.
|inactive|Guts4952 has 15 seconds left.
|
|t:|1659959545
|-zpower|p2a: Kommo-o
|move|p2a: Kommo-o|Clangorous Soulblaze|p1a: Jellicent|[zeffect]
|-damage|p1a: Jellicent|0 fnt
|faint|p1a: Jellicent
|-boost|p2a: Kommo-o|atk|1
|-boost|p2a: Kommo-o|def|1
|-boost|p2a: Kommo-o|spa|1
|-boost|p2a: Kommo-o|spd|1
|-boost|p2a: Kommo-o|spe|1
|
|-weather|Sandstorm|[upkeep]
|-damage|p2a: Kommo-o|88/100|[from] Sandstorm
|upkeep
|inactive|Guts4952 has 20 seconds left this turn.
|
|t:|1659959548
|switch|p1a: Dracozolt|Dracozolt|100/100
|-damage|p1a: Dracozolt|88/100|[from] Stealth Rock
|turn|18
|inactive|Guts4952 has 30 seconds left this turn.
|inactive|Guts4952 has 20 seconds left.
|inactive|Guts4952 has 15 seconds left.
|inactive|Guts4952 has 10 seconds left.
|
|t:|1659959569
|move|p1a: Dracozolt|Outrage|p2a: Kommo-o
|-supereffective|p2a: Kommo-o
|-damage|p2a: Kommo-o|0 fnt
|faint|p2a: Kommo-o
|
|-weather|Sandstorm|[upkeep]
|upkeep
|inactive|Guts4952 has 15 seconds left this turn.
|inactive|Guts4952 has 10 seconds left.
|
|t:|1659959575
|switch|p2a: Garchomp|Garchomp, F|82/100 tox
|-damage|p2a: Garchomp|76/100 tox|[from] Stealth Rock
|turn|19
|inactive|Guts4952 has 20 seconds left this turn.
|c|☆Glaliegoesboom ❤|Gg
|inactive|Guts4952 has 15 seconds left.
|
|t:|1659959582
|move|p1a: Dracozolt|Outrage|p2a: Garchomp|[from]lockedmove
|-supereffective|p2a: Garchomp
|-damage|p2a: Garchomp|0 fnt
|-damage|p1a: Dracozolt|76/100|[from] ability: Rough Skin|[of] p2a: Garchomp
|-damage|p1a: Dracozolt|59/100|[from] item: Rocky Helmet|[of] p2a: Garchomp
|faint|p2a: Garchomp
|
|win|Glaliegoesboom ❤
|inactive|Guts4952 has 20 seconds left this turn.
|c|☆Guts4952|ggs
