|j|☆maybeyoushouldlose
|j|☆dtc07
|t:|1662367167
|gametype|singles
|player|p1|maybeyoushouldlose|flint|1488
|player|p2|dtc07|grimsley|1636
|teamsize|p1|6
|teamsize|p2|6
|gen|8
|tier|[Gen 8] National Dex AG
|rated|
|rule|HP Percentage Mod: HP is shown in percentages
|rule|Endless Battle Clause: Forcing endless battles is banned
|clearpoke
|poke|p1|Milotic, M|
|poke|p1|Landorus-Therian, M|
|poke|p1|Umbreon, M|
|poke|p1|Diancie|
|poke|p1|Marshadow|
|poke|p1|Lickilicky, M|
|poke|p2|Kyurem-White|
|poke|p2|Sableye, F|
|poke|p2|Giratina|
|poke|p2|Quagsire, F|
|poke|p2|Chansey, F|
|poke|p2|Ho-Oh|
|teampreview
|inactive|Battle timer is ON: inactive players will automatically lose when time's up. (requested by dtc07)
|
|t:|1662367174
|start
|switch|p1a: Pokemon Crystal|Diancie|100/100
|switch|p2a: Sableye|Sableye, F|100/100
|turn|1
|
|t:|1662367183
|detailschange|p1a: Pokemon Crystal|Diancie-Mega
|-mega|p1a: Pokemon Crystal|Diancie|Diancite
|detailschange|p2a: Sableye|Sableye-Mega, F
|-mega|p2a: Sableye|Sableye|Sablenite
|move|p2a: Sableye|Protect|p2a: Sableye
|-singleturn|p2a: Sableye|Protect
|move|p1a: Pokemon Crystal|Play Rough|p2a: Sableye
|-activate|p2a: Sableye|move: Protect
|
|upkeep
|turn|2
|
|t:|1662367192
|switch|p2a: Ho-Oh|Ho-Oh|100/100
|move|p1a: Pokemon Crystal|Diamond Storm|p2a: Ho-Oh
|-supereffective|p2a: Ho-Oh
|-damage|p2a: Ho-Oh|0 fnt
|faint|p2a: Ho-Oh
|
|upkeep
|
|t:|1662367200
|switch|p2a: Quagsire|Quagsire, F|100/100
|turn|3
|
|t:|1662367209
|switch|p1a: Satan|Milotic, M|100/100
|move|p2a: Quagsire|Earthquake|p1a: Satan
|-damage|p1a: Satan|80/100
|
|-status|p1a: Satan|brn|[from] item: Flame Orb
|upkeep
|turn|4
|
|t:|1662367214
|switch|p2a: Sableye|Sableye-Mega, F|100/100
|move|p1a: Satan|Toxic|p2a: Sableye
|move|p2a: Sableye|Toxic||[from]ability: Magic Bounce|[still]
|-fail|p2a: Sableye
|
|-damage|p1a: Satan|74/100 brn|[from] brn
|upkeep
|turn|5
|
|t:|1662367221
|switch|p1a: Pokemon Crystal|Diancie-Mega|100/100
|move|p2a: Sableye|Foul Play|p1a: Pokemon Crystal
|-resisted|p1a: Pokemon Crystal
|-damage|p1a: Pokemon Crystal|75/100
|
|upkeep
|turn|6
|
|t:|1662367228
|switch|p2a: Quagsire|Quagsire, F|100/100
|move|p1a: Pokemon Crystal|Play Rough|p2a: Quagsire
|-damage|p2a: Quagsire|69/100
|-damage|p1a: Pokemon Crystal|59/100|[from] item: Rocky Helmet|[of] p2a: Quagsire
|
|upkeep
|turn|7
|
|t:|1662367236
|switch|p1a: Satan|Milotic, M|74/100 brn
|move|p2a: Quagsire|Recover|p2a: Quagsire
|-heal|p2a: Quagsire|100/100
|
|-damage|p1a: Satan|68/100 brn|[from] brn
|upkeep
|turn|8
|
|t:|1662367243
|switch|p2a: Sableye|Sableye-Mega, F|100/100
|move|p1a: Satan|Recover|p1a: Satan
|-heal|p1a: Satan|100/100 brn
|
|-damage|p1a: Satan|94/100 brn|[from] brn
|upkeep
|turn|9
|
|t:|1662367247
|switch|p1a: Pokemon Crystal|Diancie-Mega|59/100
|move|p2a: Sableye|Foul Play|p1a: Pokemon Crystal
|-resisted|p1a: Pokemon Crystal
|-damage|p1a: Pokemon Crystal|33/100
|
|upkeep
|turn|10
|
|t:|1662367256
|switch|p2a: Quagsire|Quagsire, F|100/100
|move|p1a: Pokemon Crystal|Play Rough|p2a: Quagsire
|-damage|p2a: Quagsire|69/100
|-damage|p1a: Pokemon Crystal|17/100|[from] item: Rocky Helmet|[of] p2a: Quagsire
|
|upkeep
|turn|11
|
|t:|1662367265
|switch|p1a: Satan|Milotic, M|94/100 brn
|move|p2a: Quagsire|Recover|p2a: Quagsire
|-heal|p2a: Quagsire|100/100
|
|-damage|p1a: Satan|88/100 brn|[from] brn
|upkeep
|turn|12
|
|t:|1662367269
|switch|p2a: Sableye|Sableye-Mega, F|100/100
|move|p1a: Satan|Scald|p2a: Sableye
|-damage|p2a: Sableye|75/100
|-status|p2a: Sableye|brn
|
|-damage|p1a: Satan|82/100 brn|[from] brn
|-damage|p2a: Sableye|69/100 brn|[from] brn
|upkeep
|turn|13
|
|t:|1662367283
|switch|p1a: Hammerhead|Landorus-Therian, M|100/100
|-ability|p1a: Hammerhead|Intimidate|boost
|-unboost|p2a: Sableye|atk|1
|move|p2a: Sableye|Recover|p2a: Sableye
|-heal|p2a: Sableye|100/100 brn
|
|-damage|p2a: Sableye|95/100 brn|[from] brn
|upkeep
|turn|14
|
|t:|1662367288
|move|p1a: Hammerhead|Earthquake|p2a: Sableye
|-damage|p2a: Sableye|60/100 brn
|move|p2a: Sableye|Will-O-Wisp|p1a: Hammerhead|[miss]
|-miss|p2a: Sableye|p1a: Hammerhead
|
|-damage|p2a: Sableye|54/100 brn|[from] brn
|upkeep
|turn|15
|c|☆dtc07|sigh
|
|t:|1662367303
|switch|p1a: Pokemon Crystal|Diancie-Mega|17/100
|move|p2a: Sableye|Recover|p2a: Sableye
|-heal|p2a: Sableye|100/100 brn
|
|-damage|p2a: Sableye|95/100 brn|[from] brn
|upkeep
|turn|16
|
|t:|1662367315
|switch|p2a: Quagsire|Quagsire, F|100/100
|move|p1a: Pokemon Crystal|Stealth Rock|p2a: Quagsire
|-sidestart|p2: dtc07|move: Stealth Rock
|
|upkeep
|turn|17
|
|t:|1662367327
|switch|p1a: Hammerhead|Landorus-Therian, M|100/100
|-ability|p1a: Hammerhead|Intimidate|boost
|-unboost|p2a: Quagsire|atk|1
|move|p2a: Quagsire|Earthquake|p1a: Hammerhead
|-immune|p1a: Hammerhead
|
|upkeep
|turn|18
|
|t:|1662367336
|move|p1a: Hammerhead|Knock Off|p2a: Quagsire
|-damage|p2a: Quagsire|79/100
|-damage|p1a: Hammerhead|84/100|[from] item: Rocky Helmet|[of] p2a: Quagsire
|-enditem|p2a: Quagsire|Rocky Helmet|[from] move: Knock Off|[of] p1a: Hammerhead
|move|p2a: Quagsire|Toxic|p1a: Hammerhead
|-status|p1a: Hammerhead|tox
|
|-heal|p1a: Hammerhead|90/100 tox|[from] item: Leftovers
|-damage|p1a: Hammerhead|84/100 tox|[from] psn
|upkeep
|turn|19
|
|t:|1662367342
|switch|p1a: Satan|Milotic, M|82/100 brn
|move|p2a: Quagsire|Recover|p2a: Quagsire
|-heal|p2a: Quagsire|100/100
|
|-damage|p1a: Satan|76/100 brn|[from] brn
|upkeep
|turn|20
|
|t:|1662367351
|switch|p2a: Sableye|Sableye-Mega, F|95/100 brn
|-damage|p2a: Sableye|82/100 brn|[from] Stealth Rock
|move|p1a: Satan|Scald|p2a: Sableye
|-damage|p2a: Sableye|53/100 brn
|
|-damage|p1a: Satan|70/100 brn|[from] brn
|-damage|p2a: Sableye|47/100 brn|[from] brn
|upkeep
|turn|21
|
|t:|1662367374
|switch|p1a: Night Mode|Umbreon, M|100/100
|move|p2a: Sableye|Recover|p2a: Sableye
|-heal|p2a: Sableye|97/100 brn
|
|-damage|p2a: Sableye|91/100 brn|[from] brn
|upkeep
|turn|22
|
|t:|1662367383
|switch|p2a: Kyurem|Kyurem-White|100/100
|-damage|p2a: Kyurem|76/100|[from] Stealth Rock
|-ability|p2a: Kyurem|Turboblaze
|move|p1a: Night Mode|Wish|p1a: Night Mode
|
|upkeep
|turn|23
|
|t:|1662367392
|move|p2a: Kyurem|Sheer Cold|p1a: Night Mode|[miss]
|-miss|p2a: Kyurem|p1a: Night Mode
|move|p1a: Night Mode|Toxic|p2a: Kyurem
|-status|p2a: Kyurem|tox
|
|-damage|p2a: Kyurem|69/100 tox|[from] psn
|upkeep
|turn|24
|
|t:|1662367403
|switch|p1a: Satan 2|Lickilicky, M|100/100
|-ability|p1a: Satan 2|Cloud Nine
|move|p2a: Kyurem|Sheer Cold|p1a: Satan 2
|-damage|p1a: Satan 2|0 fnt
|faint|p1a: Satan 2
|-ohko
|
|-damage|p2a: Kyurem|57/100 tox|[from] psn
|upkeep
|
|t:|1662367417
|switch|p1a: Pokemon Crystal|Diancie-Mega|17/100
|turn|25
|
|t:|1662367421
|switch|p2a: Quagsire|Quagsire, F|100/100
|-damage|p2a: Quagsire|94/100|[from] Stealth Rock
|move|p1a: Pokemon Crystal|Play Rough|p2a: Quagsire
|-damage|p2a: Quagsire|64/100
|
|upkeep
|turn|26
|
|t:|1662367431
|switch|p1a: Hammerhead|Landorus-Therian, M|84/100 tox
|-ability|p1a: Hammerhead|Intimidate|boost
|-unboost|p2a: Quagsire|atk|1
|move|p2a: Quagsire|Recover|p2a: Quagsire
|-heal|p2a: Quagsire|100/100
|
|-heal|p1a: Hammerhead|90/100 tox|[from] item: Leftovers
|-damage|p1a: Hammerhead|84/100 tox|[from] psn
|upkeep
|turn|27
|
|t:|1662367439
|switch|p1a: Satan|Milotic, M|70/100 brn
|switch|p2a: Giratina|Giratina|100/100
|-damage|p2a: Giratina|88/100|[from] Stealth Rock
|-ability|p2a: Giratina|Pressure
|
|-heal|p2a: Giratina|94/100|[from] item: Leftovers
|-damage|p1a: Satan|64/100 brn|[from] brn
|upkeep
|turn|28
|
|t:|1662367444
|move|p1a: Satan|Toxic|p2a: Giratina
|-status|p2a: Giratina|tox
|move|p2a: Giratina|Defog|p1a: Satan
|-unboost|p1a: Satan|evasion|1
|-sideend|p2: dtc07|Stealth Rock|[from] move: Defog|[of] p2a: Giratina
|
|-heal|p2a: Giratina|100/100 tox|[from] item: Leftovers
|-damage|p2a: Giratina|94/100 tox|[from] psn
|-damage|p1a: Satan|58/100 brn|[from] brn
|upkeep
|turn|29
|
|t:|1662367454
|switch|p1a: Night Mode|Umbreon, M|100/100
|switch|p2a: Chansey|Chansey, F|100/100
|
|upkeep
|turn|30
|
|t:|1662367464
|switch|p1a: Pokemon Crystal|Diancie-Mega|17/100
|move|p2a: Chansey|Heal Bell|p2a: Chansey
|-activate|p2a: Chansey|move: Heal Bell
|-curestatus|p2: Sableye|brn|[msg]
|-curestatus|p2: Giratina|tox|[msg]
|-curestatus|p2: Kyurem|tox|[msg]
|
|upkeep
|turn|31
|
|t:|1662367475
|switch|p1a: Marshmallow|Marshadow|100/100
|switch|p2a: Quagsire|Quagsire, F|100/100
|
|upkeep
|turn|32
|
|t:|1662367483
|switch|p1a: Satan|Milotic, M|58/100 brn
|move|p2a: Quagsire|Toxic||[still]
|-fail|p2a: Quagsire
|
|-damage|p1a: Satan|52/100 brn|[from] brn
|upkeep
|turn|33
|
|t:|1662367492
|switch|p2a: Sableye|Sableye-Mega, F|91/100
|move|p1a: Satan|Scald|p2a: Sableye
|-damage|p2a: Sableye|64/100
|
|-damage|p1a: Satan|46/100 brn|[from] brn
|upkeep
|turn|34
|
|t:|1662367500
|move|p1a: Satan|Recover|p1a: Satan
|-heal|p1a: Satan|96/100 brn
|move|p2a: Sableye|Recover|p2a: Sableye
|-heal|p2a: Sableye|100/100
|
|-damage|p1a: Satan|90/100 brn|[from] brn
|upkeep
|turn|35
|
|t:|1662367510
|switch|p2a: Kyurem|Kyurem-White|57/100
|-ability|p2a: Kyurem|Turboblaze
|move|p1a: Satan|Scald|p2a: Kyurem
|-resisted|p2a: Kyurem
|-damage|p2a: Kyurem|46/100
|
|-damage|p1a: Satan|83/100 brn|[from] brn
|upkeep
|turn|36
|
|t:|1662367517
|move|p2a: Kyurem|Roost|p2a: Kyurem
|-heal|p2a: Kyurem|96/100
|-singleturn|p2a: Kyurem|move: Roost
|move|p1a: Satan|Toxic|p2a: Kyurem|[miss]
|-miss|p1a: Satan|p2a: Kyurem
|
|-damage|p1a: Satan|77/100 brn|[from] brn
|upkeep
|turn|37
|
|t:|1662367523
|switch|p1a: Marshmallow|Marshadow|100/100
|move|p2a: Kyurem|Freeze-Dry|p1a: Marshmallow
|-damage|p1a: Marshmallow|55/100
|
|upkeep
|turn|38
|
|t:|1662367543
|switch|p2a: Sableye|Sableye-Mega, F|100/100
|move|p1a: Marshmallow|Close Combat|p2a: Sableye
|-immune|p2a: Sableye
|
|upkeep
|turn|39
|
|t:|1662367552
|switch|p1a: Night Mode|Umbreon, M|100/100
|move|p2a: Sableye|Foul Play|p1a: Night Mode
|-resisted|p1a: Night Mode
|-damage|p1a: Night Mode|94/100
|
|-heal|p1a: Night Mode|99/100|[from] item: Leftovers
|upkeep
|turn|40
|
|t:|1662367559
|switch|p2a: Kyurem|Kyurem-White|96/100
|-ability|p2a: Kyurem|Turboblaze
|move|p1a: Night Mode|Toxic|p2a: Kyurem
|-status|p2a: Kyurem|tox
|
|-heal|p1a: Night Mode|100/100|[from] item: Leftovers
|-damage|p2a: Kyurem|90/100 tox|[from] psn
|upkeep
|turn|41
|
|t:|1662367567
|switch|p1a: Marshmallow|Marshadow|55/100
|move|p2a: Kyurem|Sheer Cold|p1a: Marshmallow|[miss]
|-miss|p2a: Kyurem|p1a: Marshmallow
|
|-damage|p2a: Kyurem|77/100 tox|[from] psn
|upkeep
|turn|42
|
|t:|1662367577
|switch|p2a: Sableye|Sableye-Mega, F|100/100
|move|p1a: Marshmallow|Spectral Thief|p2a: Sableye
|-damage|p2a: Sableye|66/100
|
|upkeep
|turn|43
|
|t:|1662367594
|switch|p1a: Night Mode|Umbreon, M|100/100
|move|p2a: Sableye|Recover|p2a: Sableye
|-heal|p2a: Sableye|100/100
|
|upkeep
|turn|44
|
|t:|1662367600
|switch|p2a: Kyurem|Kyurem-White|77/100 tox
|-ability|p2a: Kyurem|Turboblaze
|move|p1a: Night Mode|Toxic|p2a: Kyurem
|-fail|p2a: Kyurem|tox
|
|-damage|p2a: Kyurem|71/100 tox|[from] psn
|upkeep
|turn|45
|
|t:|1662367605
|move|p2a: Kyurem|Sheer Cold|p1a: Night Mode|[miss]
|-miss|p2a: Kyurem|p1a: Night Mode
|move|p1a: Night Mode|Wish|p1a: Night Mode
|
|-damage|p2a: Kyurem|59/100 tox|[from] psn
|upkeep
|turn|46
|
|t:|1662367608
|switch|p1a: Marshmallow|Marshadow|55/100
|move|p2a: Kyurem|Sheer Cold|p1a: Marshmallow|[miss]
|-miss|p2a: Kyurem|p1a: Marshmallow
|
|-heal|p1a: Marshmallow|100/100|[from] move: Wish|[wisher] Night Mode
|-damage|p2a: Kyurem|40/100 tox|[from] psn
|upkeep
|turn|47
|
|t:|1662367620
|switch|p2a: Sableye|Sableye-Mega, F|100/100
|move|p1a: Marshmallow|Spectral Thief|p2a: Sableye
|-damage|p2a: Sableye|67/100
|
|upkeep
|turn|48
|
|t:|1662367639
|move|p1a: Marshmallow|Spectral Thief|p2a: Sableye
|-damage|p2a: Sableye|34/100
|move|p2a: Sableye|Recover|p2a: Sableye
|-heal|p2a: Sableye|84/100
|
|upkeep
|turn|49
|
|t:|1662367645
|switch|p1a: Night Mode|Umbreon, M|100/100
|move|p2a: Sableye|Will-O-Wisp|p1a: Night Mode
|-status|p1a: Night Mode|brn
|-activate|p1a: Night Mode|ability: Synchronize
|-status|p2a: Sableye|brn
|
|-damage|p1a: Night Mode|94/100 brn|[from] brn
|-damage|p2a: Sableye|78/100 brn|[from] brn
|upkeep
|turn|50
|
|t:|1662367653
|switch|p2a: Chansey|Chansey, F|100/100
|move|p1a: Night Mode|Wish|p1a: Night Mode
|
|-heal|p1a: Night Mode|100/100 brn|[from] item: Leftovers
|-damage|p1a: Night Mode|94/100 brn|[from] brn
|upkeep
|turn|51
|
|t:|1662367659
|move|p1a: Night Mode|Heal Bell|p1a: Night Mode
|-activate|p1a: Night Mode|move: Heal Bell
|-curestatus|p1a: Night Mode|brn|[msg]
|-curestatus|p1: Hammerhead|tox|[msg]
|-curestatus|p1: Satan|brn|[msg]
|move|p2a: Chansey|Heal Bell|p2a: Chansey
|-activate|p2a: Chansey|move: Heal Bell
|-curestatus|p2: Sableye|brn|[msg]
|-curestatus|p2: Kyurem|tox|[msg]
|
|-heal|p1a: Night Mode|100/100|[from] move: Wish|[wisher] Night Mode
|upkeep
|turn|52
|
|t:|1662367665
|switch|p1a: Marshmallow|Marshadow|100/100
|switch|p2a: Kyurem|Kyurem-White|40/100
|-ability|p2a: Kyurem|Turboblaze
|
|upkeep
|turn|53
|
|t:|1662367690
|switch|p2a: Sableye|Sableye-Mega, F|78/100
|move|p1a: Marshmallow|Spectral Thief|p2a: Sableye
|-damage|p2a: Sableye|48/100
|
|upkeep
|turn|54
|
|t:|1662367713
|switch|p1a: Night Mode|Umbreon, M|100/100
|move|p2a: Sableye|Recover|p2a: Sableye
|-heal|p2a: Sableye|99/100
|
|upkeep
|turn|55
|
|t:|1662367717
|switch|p2a: Kyurem|Kyurem-White|40/100
|-ability|p2a: Kyurem|Turboblaze
|move|p1a: Night Mode|Wish|p1a: Night Mode
|
|upkeep
|turn|56
|
|t:|1662367722
|switch|p1a: Marshmallow|Marshadow|100/100
|move|p2a: Kyurem|Roost|p2a: Kyurem
|-heal|p2a: Kyurem|90/100
|-singleturn|p2a: Kyurem|move: Roost
|
|upkeep
|turn|57
|
|t:|1662367735
|switch|p2a: Sableye|Sableye-Mega, F|99/100
|move|p1a: Marshmallow|Spectral Thief|p2a: Sableye
|-damage|p2a: Sableye|69/100
|
|upkeep
|turn|58
|
|t:|1662367740
|switch|p1a: Night Mode|Umbreon, M|100/100
|move|p2a: Sableye|Recover|p2a: Sableye
|-heal|p2a: Sableye|100/100
|
|upkeep
|turn|59
|
|t:|1662367743
|switch|p2a: Kyurem|Kyurem-White|90/100
|-ability|p2a: Kyurem|Turboblaze
|move|p1a: Night Mode|Wish|p1a: Night Mode
|
|upkeep
|turn|60
|
|t:|1662367751
|switch|p1a: Pokemon Crystal|Diancie-Mega|17/100
|move|p2a: Kyurem|Sheer Cold|p1a: Pokemon Crystal|[miss]
|-miss|p2a: Kyurem|p1a: Pokemon Crystal
|
|-heal|p1a: Pokemon Crystal|82/100|[from] move: Wish|[wisher] Night Mode
|upkeep
|turn|61
|
|t:|1662367760
|switch|p2a: Quagsire|Quagsire, F|100/100
|move|p1a: Pokemon Crystal|Diamond Storm|p2a: Quagsire
|-resisted|p2a: Quagsire
|-damage|p2a: Quagsire|84/100
|
|upkeep
|turn|62
|
|t:|1662367769
|switch|p1a: Satan|Milotic, M|77/100
|move|p2a: Quagsire|Earthquake|p1a: Satan
|-damage|p1a: Satan|56/100
|
|-status|p1a: Satan|brn|[from] item: Flame Orb
|upkeep
|turn|63
|
|t:|1662367778
|switch|p2a: Kyurem|Kyurem-White|90/100
|-ability|p2a: Kyurem|Turboblaze
|move|p1a: Satan|Recover|p1a: Satan
|-heal|p1a: Satan|100/100 brn
|
|-damage|p1a: Satan|94/100 brn|[from] brn
|upkeep
|turn|64
|
|t:|1662367784
|move|p2a: Kyurem|Sheer Cold|p1a: Satan|[miss]
|-miss|p2a: Kyurem|p1a: Satan
|move|p1a: Satan|Toxic|p2a: Kyurem
|-status|p2a: Kyurem|tox
|
|-damage|p2a: Kyurem|84/100 tox|[from] psn
|-damage|p1a: Satan|88/100 brn|[from] brn
|upkeep
|turn|65
|
|t:|1662367798
|move|p2a: Kyurem|Sheer Cold|p1a: Satan|[miss]
|-miss|p2a: Kyurem|p1a: Satan
|-enditem|p2a: Kyurem|Leppa Berry|[eat]
|-activate|p2a: Kyurem|item: Leppa Berry|Sheer Cold|[consumed]
|move|p1a: Satan|Scald|p2a: Kyurem
|-resisted|p2a: Kyurem
|-damage|p2a: Kyurem|74/100 tox
|
|-damage|p2a: Kyurem|62/100 tox|[from] psn
|-damage|p1a: Satan|82/100 brn|[from] brn
|upkeep
|turn|66
|
|t:|1662367809
|switch|p1a: Marshmallow|Marshadow|100/100
|move|p2a: Kyurem|Roost|p2a: Kyurem
|-heal|p2a: Kyurem|100/100 tox
|-singleturn|p2a: Kyurem|move: Roost
|
|-damage|p2a: Kyurem|82/100 tox|[from] psn
|upkeep
|turn|67
|
|t:|1662367839
|switch|p1a: Pokemon Crystal|Diancie-Mega|82/100
|switch|p2a: Sableye|Sableye-Mega, F|100/100
|
|upkeep
|turn|68
|
|t:|1662367843
|switch|p2a: Quagsire|Quagsire, F|84/100
|move|p1a: Pokemon Crystal|Play Rough|p2a: Quagsire
|-damage|p2a: Quagsire|53/100
|
|upkeep
|turn|69
|
|t:|1662367851
|switch|p1a: Hammerhead|Landorus-Therian, M|84/100
|-ability|p1a: Hammerhead|Intimidate|boost
|-unboost|p2a: Quagsire|atk|1
|move|p2a: Quagsire|Recover|p2a: Quagsire
|-heal|p2a: Quagsire|100/100
|
|-heal|p1a: Hammerhead|90/100|[from] item: Leftovers
|upkeep
|turn|70
|
|t:|1662367862
|switch|p1a: Satan|Milotic, M|82/100 brn
|move|p2a: Quagsire|Toxic||[still]
|-fail|p2a: Quagsire
|
|-damage|p1a: Satan|76/100 brn|[from] brn
|upkeep
|turn|71
|
|t:|1662367869
|switch|p2a: Chansey|Chansey, F|100/100
|move|p1a: Satan|Scald|p2a: Chansey
|-damage|p2a: Chansey|94/100
|
|-damage|p1a: Satan|70/100 brn|[from] brn
|upkeep
|turn|72
|
|t:|1662367875
|switch|p1a: Marshmallow|Marshadow|100/100
|move|p2a: Chansey|Heal Bell|p2a: Chansey
|-activate|p2a: Chansey|move: Heal Bell
|-curestatus|p2: Kyurem|tox|[msg]
|
|upkeep
|turn|73
|
|t:|1662367890
|switch|p2a: Sableye|Sableye-Mega, F|100/100
|move|p1a: Marshmallow|Rock Tomb|p2a: Sableye
|-damage|p2a: Sableye|80/100
|-unboost|p2a: Sableye|spe|1
|
|upkeep
|turn|74
|
|t:|1662367900
|switch|p1a: Pokemon Crystal|Diancie-Mega|82/100
|move|p2a: Sableye|Recover|p2a: Sableye
|-heal|p2a: Sableye|100/100
|
|upkeep
|turn|75
|
|t:|1662367908
|switch|p2a: Quagsire|Quagsire, F|100/100
|move|p1a: Pokemon Crystal|Stealth Rock|p2a: Quagsire
|-sidestart|p2: dtc07|move: Stealth Rock
|
|upkeep
|turn|76
|
|t:|1662367918
|switch|p1a: Night Mode|Umbreon, M|100/100
|switch|p2a: Kyurem|Kyurem-White|82/100
|-damage|p2a: Kyurem|57/100|[from] Stealth Rock
|-ability|p2a: Kyurem|Turboblaze
|
|upkeep
|turn|77
|
|t:|1662367924
|move|p2a: Kyurem|Sheer Cold|p1a: Night Mode|[miss]
|-miss|p2a: Kyurem|p1a: Night Mode
|move|p1a: Night Mode|Toxic|p2a: Kyurem
|-status|p2a: Kyurem|tox
|
|-damage|p2a: Kyurem|51/100 tox|[from] psn
|upkeep
|turn|78
|
|t:|1662367928
|switch|p1a: Marshmallow|Marshadow|100/100
|move|p2a: Kyurem|Sheer Cold|p1a: Marshmallow|[miss]
|-miss|p2a: Kyurem|p1a: Marshmallow
|
|-damage|p2a: Kyurem|38/100 tox|[from] psn
|upkeep
|turn|79
|-message|dtc07 forfeited.
|
|win|maybeyoushouldlose
|raw|maybeyoushouldlose's rating: 1488 &rarr; <strong>1516</strong><br />(+28 for winning)
|raw|dtc07's rating: 1636 &rarr; <strong>1608</strong><br />(-28 for losing)
|l|☆dtc07
