|j|☆Huwahumahum
|j|☆maple_syrup689hoe
|t:|1655272773
|gametype|singles
|player|p1|Huwahumahum|lucas|1693
|player|p2|maple_syrup689hoe|lyra|1702
|teamsize|p1|6
|teamsize|p2|6
|gen|8
|tier|[Gen 8] National Dex AG
|rated|
|rule|HP Percentage Mod: HP is shown in percentages
|rule|Endless Battle Clause: Forcing endless battles is banned
|clearpoke
|poke|p1|Marshadow|
|poke|p1|Beedrill, M|
|poke|p1|Rotom-Wash|
|poke|p1|Ferrothorn, M|
|poke|p1|Cinderace, F|
|poke|p1|Tyranitar, F|
|poke|p2|Arceus-*|
|poke|p2|Calyrex-Shadow|
|poke|p2|Necrozma-Dusk-Mane|
|poke|p2|Diancie|
|poke|p2|Yveltal|
|poke|p2|Groudon|
|teampreview
|
|t:|1655272776
|start
|switch|p1a: Rotom|Rotom-Wash|100/100
|switch|p2a: Diancie|Diancie|100/100
|turn|1
|inactive|Battle timer is ON: inactive players will automatically lose when time's up. (requested by maple_syrup689hoe)
|
|t:|1655272781
|detailschange|p2a: Diancie|Diancie-Mega
|-mega|p2a: Diancie|Diancie|Diancite
|move|p2a: Diancie|Stealth Rock|p1a: Rotom
|-sidestart|p1: Huwahumahum|move: Stealth Rock
|move|p1a: Rotom|Hydro Pump|p2a: Diancie
|-supereffective|p2a: Diancie
|-damage|p2a: Diancie|0 fnt
|faint|p2a: Diancie
|
|upkeep
|
|t:|1655272788
|switch|p2a: Groudon|Groudon|100/100
|detailschange|p2a: Groudon|Groudon-Primal
|-primal|p2a: Groudon
|-weather|DesolateLand|[from] ability: Desolate Land|[of] p2a: Groudon
|turn|2
|
|t:|1655272797
|move|p2a: Groudon|Rock Polish|p2a: Groudon
|-boost|p2a: Groudon|spe|2
|move|p1a: Rotom|Toxic|p2a: Groudon
|-status|p2a: Groudon|tox
|
|-weather|DesolateLand|[upkeep]
|-damage|p2a: Groudon|94/100 tox|[from] psn
|upkeep
|turn|3
|
|t:|1655272800
|move|p2a: Groudon|Solar Beam||[still]
|-prepare|p2a: Groudon|Solar Beam
|-anim|p2a: Groudon|Solar Beam|p1a: Rotom
|-supereffective|p1a: Rotom
|-damage|p1a: Rotom|18/100
|move|p1a: Rotom|Defog|p2a: Groudon
|-unboost|p2a: Groudon|evasion|1
|-sideend|p1: Huwahumahum|Stealth Rock|[from] move: Defog|[of] p1a: Rotom
|
|-weather|DesolateLand|[upkeep]
|-heal|p1a: Rotom|25/100|[from] item: Leftovers
|-damage|p2a: Groudon|82/100 tox|[from] psn
|upkeep
|turn|4
|j| Kratosurtur
|
|t:|1655272808
|move|p2a: Groudon|Solar Beam||[still]
|-prepare|p2a: Groudon|Solar Beam
|-anim|p2a: Groudon|Solar Beam|p1a: Rotom
|-supereffective|p1a: Rotom
|-damage|p1a: Rotom|0 fnt
|faint|p1a: Rotom
|
|-weather|DesolateLand|[upkeep]
|-damage|p2a: Groudon|63/100 tox|[from] psn
|upkeep
|
|t:|1655272811
|switch|p1a: Marshadow|Marshadow|100/100
|turn|5
|
|t:|1655272813
|move|p2a: Groudon|Lava Plume|p1a: Marshadow
|-damage|p1a: Marshadow|14/100
|move|p1a: Marshadow|Spectral Thief||[still]
|-clearpositiveboost|p2a: Groudon|p1a: Marshadow|move: Spectral Thief
|-boost|p1a: Marshadow|spe|2
|-anim|p1a: Marshadow|Spectral Thief|p2a: Groudon
|-damage|p2a: Groudon|37/100 tox
|
|-weather|DesolateLand|[upkeep]
|-damage|p2a: Groudon|12/100 tox|[from] psn
|upkeep
|turn|6
|j| AkuAtut
|
|t:|1655272818
|move|p1a: Marshadow|Shadow Sneak|p2a: Groudon
|-damage|p2a: Groudon|0 fnt
|faint|p2a: Groudon
|-weather|none
|
|upkeep
|c| Kratosurtur|hi
|
|t:|1655272822
|switch|p2a: Yveltal|Yveltal|100/100
|-ability|p2a: Yveltal|Dark Aura
|turn|7
|
|t:|1655272832
|switch|p1a: Tyranitar|Tyranitar, F|100/100
|-weather|Sandstorm|[from] ability: Sand Stream|[of] p1a: Tyranitar
|move|p2a: Yveltal|Oblivion Wing|p1a: Tyranitar
|-resisted|p1a: Tyranitar
|-damage|p1a: Tyranitar|88/100
|-damage|p2a: Yveltal|91/100|[from] item: Life Orb
|
|-weather|Sandstorm|[upkeep]
|-damage|p2a: Yveltal|85/100|[from] Sandstorm
|-heal|p1a: Tyranitar|95/100|[from] item: Leftovers
|upkeep
|turn|8
|l| AkuAtut
|
|t:|1655272837
|switch|p2a: Necrozma|Necrozma-Dusk-Mane|100/100
|move|p1a: Tyranitar|Thunder Wave|p2a: Necrozma
|-status|p2a: Necrozma|par
|
|-weather|Sandstorm|[upkeep]
|-heal|p1a: Tyranitar|100/100|[from] item: Leftovers
|upkeep
|turn|9
|
|t:|1655272843
|switch|p1a: Cinderace|Cinderace, F|100/100
|move|p2a: Necrozma|Dragon Dance|p2a: Necrozma
|-boost|p2a: Necrozma|atk|1
|-boost|p2a: Necrozma|spe|1
|
|-weather|Sandstorm|[upkeep]
|-damage|p1a: Cinderace|95/100|[from] Sandstorm
|upkeep
|turn|10
|
|t:|1655272846
|detailschange|p2a: Necrozma|Necrozma-Ultra
|-burst|p2a: Necrozma|Necrozma|Ultranecrozium Z
|move|p1a: Cinderace|Pyro Ball|p2a: Necrozma
|-resisted|p2a: Necrozma
|-damage|p2a: Necrozma|66/100 par
|-damage|p1a: Cinderace|85/100|[from] item: Life Orb
|cant|p2a: Necrozma|par
|
|-weather|Sandstorm|[upkeep]
|-damage|p1a: Cinderace|79/100|[from] Sandstorm
|-damage|p2a: Necrozma|59/100 par|[from] Sandstorm
|upkeep
|turn|11
|
|t:|1655272852
|move|p1a: Cinderace|Sucker Punch|p2a: Necrozma
|-start|p1a: Cinderace|typechange|Dark|[from] ability: Libero
|-supereffective|p2a: Necrozma
|-damage|p2a: Necrozma|0 fnt
|faint|p2a: Necrozma
|-damage|p1a: Cinderace|69/100|[from] item: Life Orb
|
|-weather|none
|upkeep
|
|t:|1655272856
|switch|p2a: Arceus|Arceus|100/100
|turn|12
|
|t:|1655272865
|switch|p1a: Ferrothorn|Ferrothorn, M|100/100
|move|p2a: Arceus|Extreme Speed|p1a: Ferrothorn
|-resisted|p1a: Ferrothorn
|-damage|p1a: Ferrothorn|84/100
|-damage|p2a: Arceus|88/100|[from] ability: Iron Barbs|[of] p1a: Ferrothorn
|-damage|p2a: Arceus|72/100|[from] item: Rocky Helmet|[of] p1a: Ferrothorn
|
|upkeep
|turn|13
|
|t:|1655272870
|move|p2a: Arceus|Fire Blast|p1a: Ferrothorn
|-supereffective|p1a: Ferrothorn
|-damage|p1a: Ferrothorn|0 fnt
|faint|p1a: Ferrothorn
|
|upkeep
|
|t:|1655272876
|switch|p1a: Marshadow|Marshadow|14/100
|turn|14
|
|t:|1655272880
|-start|p2a: Arceus|Dynamax|
|-heal|p2a: Arceus|72/100|[silent]
|move|p1a: Marshadow|Reversal|p2a: Arceus
|-supereffective|p2a: Arceus
|-damage|p2a: Arceus|26/100
|move|p2a: Arceus|Max Phantasm|p1a: Marshadow
|-supereffective|p1a: Marshadow
|-damage|p1a: Marshadow|0 fnt
|faint|p1a: Marshadow
|
|upkeep
|
|t:|1655272896
|switch|p1a: Beedrill|Beedrill, M|100/100
|turn|15
|
|t:|1655272903
|detailschange|p1a: Beedrill|Beedrill-Mega, M
|-mega|p1a: Beedrill|Beedrill|Beedrillite
|move|p1a: Beedrill|Poison Jab|p2a: Arceus
|-damage|p2a: Arceus|1/100
|move|p2a: Arceus|Max Strike|p1a: Beedrill
|-damage|p1a: Beedrill|0 fnt
|faint|p1a: Beedrill
|
|upkeep
|
|t:|1655272915
|switch|p1a: Tyranitar|Tyranitar, F|100/100
|-weather|Sandstorm|[from] ability: Sand Stream|[of] p1a: Tyranitar
|turn|16
|
|t:|1655272929
|-start|p1a: Tyranitar|Dynamax|
|-heal|p1a: Tyranitar|100/100|[silent]
|move|p1a: Tyranitar|Max Guard|p1a: Tyranitar
|-singleturn|p1a: Tyranitar|Max Guard
|move|p2a: Arceus|Max Strike|p1a: Tyranitar
|-activate|p1a: Tyranitar|move: Max Guard
|
|-weather|Sandstorm|[upkeep]
|-damage|p2a: Arceus|0 fnt|[from] Sandstorm
|faint|p2a: Arceus
|upkeep
|
|t:|1655272938
|switch|p2a: Yveltal|Yveltal|85/100
|-ability|p2a: Yveltal|Dark Aura
|turn|17
|
|t:|1655272943
|move|p2a: Yveltal|Dark Pulse|p1a: Tyranitar
|-resisted|p1a: Tyranitar
|-damage|p1a: Tyranitar|92/100
|-damage|p2a: Yveltal|75/100|[from] item: Life Orb
|move|p1a: Tyranitar|Max Rockfall|p2a: Yveltal
|-supereffective|p2a: Yveltal
|-damage|p2a: Yveltal|0 fnt
|faint|p2a: Yveltal
|
|-weather|Sandstorm|[upkeep]
|-heal|p1a: Tyranitar|95/100|[from] item: Leftovers
|upkeep
|-message|maple_syrup689hoe forfeited.
|
|win|Huwahumahum
|raw|Huwahumahum's rating: 1693 &rarr; <strong>1714</strong><br />(+21 for winning)
|raw|maple_syrup689hoe's rating: 1702 &rarr; <strong>1681</strong><br />(-21 for losing)
|l|☆maple_syrup689hoe
|c|☆Huwahumahum|Gg
|c| Kratosurtur|nice
|c|☆Huwahumahum|Thx
|l|☆Huwahumahum
|j|☆Huwahumahum
|player|p1|Huwahumahum|lucas
|l|☆Huwahumahum
|player|p1|
