|j|☆ImAbroom
|j|☆Union Of Creation
|inactive|Battle timer is ON: inactive players will automatically lose when time's up.
|t:|1655282842
|gametype|singles
|player|p1|ImAbroom|red|
|player|p2|Union Of Creation|lance-gen2|
|teamsize|p1|6
|teamsize|p2|6
|gen|8
|tier|[Gen 8] National Dex AG
|rated|Tournament battle
|rule|HP Percentage Mod: HP is shown in percentages
|rule|Endless Battle Clause: Forcing endless battles is banned
|clearpoke
|poke|p1|Rayquaza|
|poke|p1|Xerneas-*|
|poke|p1|Zacian-*|
|poke|p1|Zygarde|
|poke|p1|Groudon|
|poke|p1|Ho-Oh|
|poke|p2|Gengar, F|
|poke|p2|Quagsire, F|
|poke|p2|Arceus-*|
|poke|p2|Yveltal|
|poke|p2|Lunala|
|poke|p2|Chansey, F|
|teampreview
|inactive|Union Of Creation also wants the timer to be on.
|j| Buck X
|c|☆ImAbroom|Bro why
|j| C0ld as Ic3
|c|☆ImAbroom|For what reason
|j| The Taco Baker
|c|☆Union Of Creation|Trust me I was using this from the start
|j| Cracked3
|c|☆ImAbroom|Oh
|j| Mr B 888
|inactive|ImAbroom has 120 seconds left.
|c|☆ImAbroom|I was about to say-
|
|t:|1655282878
|start
|switch|p1a: Upper Moon 3|Zacian-Crowned|100/100
|switch|p2a: Gengar|Gengar, F|100/100
|-ability|p1a: Upper Moon 3|Intrepid Sword|boost
|-boost|p1a: Upper Moon 3|atk|1
|turn|1
|c| Cracked3|Is this half stall
|c|☆Union Of Creation|I dimt Cteam
|
|t:|1655282883
|switch|p2a: Quagsire|Quagsire, F|100/100
|move|p1a: Upper Moon 3|Crunch|p2a: Quagsire
|-damage|p2a: Quagsire|77/100
|-unboost|p2a: Quagsire|def|1
|-damage|p1a: Upper Moon 3|84/100|[from] item: Rocky Helmet|[of] p2a: Quagsire
|
|upkeep
|turn|2
|c| C0ld as Ic3|gengar looking p sus
|c|☆Union Of Creation|Nice
|c|☆ImAbroom|Heh
|c|☆ImAbroom|Heheheh
|c|☆ImAbroom|I'm terrible
|
|t:|1655282911
|move|p1a: Upper Moon 3|Play Rough|p2a: Quagsire
|-damage|p2a: Quagsire|17/100
|-unboost|p2a: Quagsire|atk|1
|-damage|p1a: Upper Moon 3|67/100|[from] item: Rocky Helmet|[of] p2a: Quagsire
|move|p2a: Quagsire|Recover|p2a: Quagsire
|-heal|p2a: Quagsire|67/100
|
|upkeep
|turn|3
|j| Pizzaisdelicis
|c|☆Union Of Creation|LOL
|
|t:|1655282921
|move|p1a: Upper Moon 3|Play Rough|p2a: Quagsire
|-damage|p2a: Quagsire|7/100
|-damage|p1a: Upper Moon 3|51/100|[from] item: Rocky Helmet|[of] p2a: Quagsire
|move|p2a: Quagsire|Earthquake|p1a: Upper Moon 3
|-supereffective|p1a: Upper Moon 3
|-crit|p1a: Upper Moon 3
|-damage|p1a: Upper Moon 3|0 fnt
|faint|p1a: Upper Moon 3
|
|upkeep
|c| Cracked3|Quag built different
|c| Buck X|No
|inactive|ImAbroom has 120 seconds left.
|c| Buck X|standard quag
|
|t:|1655282940
|switch|p1a: Upper Moon 2|Xerneas|100/100
|-ability|p1a: Upper Moon 2|Fairy Aura
|turn|4
|c| C0ld as Ic3|ppl cteams the entire meta :^)
|
|t:|1655282944
|move|p1a: Upper Moon 2|Moonblast|p2a: Quagsire
|-damage|p2a: Quagsire|0 fnt
|faint|p2a: Quagsire
|
|upkeep
|
|t:|1655282951
|switch|p2a: Chansey|Chansey, F|100/100
|turn|5
|c| Cracked3|No I meant quag is rly good lol
|c| Cracked3|as in built different
|
|t:|1655282962
|switch|p1a: Upper Moon 6|Ho-Oh|100/100
|move|p2a: Chansey|Seismic Toss|p1a: Upper Moon 6
|-damage|p1a: Upper Moon 6|76/100
|
|upkeep
|turn|6
|
|t:|1655282968
|switch|p2a: Yveltal|Yveltal|100/100
|-ability|p2a: Yveltal|Dark Aura
|move|p1a: Upper Moon 6|Sacred Fire|p2a: Yveltal
|-damage|p2a: Yveltal|68/100
|-status|p2a: Yveltal|brn
|
|-damage|p2a: Yveltal|62/100 brn|[from] brn
|upkeep
|turn|7
|
|t:|1655282972
|move|p2a: Yveltal|Toxic|p1a: Upper Moon 6
|-status|p1a: Upper Moon 6|tox
|move|p1a: Upper Moon 6|Sacred Fire|p2a: Yveltal
|-damage|p2a: Yveltal|30/100 brn
|
|-damage|p1a: Upper Moon 6|70/100 tox|[from] psn
|-damage|p2a: Yveltal|24/100 brn|[from] brn
|upkeep
|turn|8
|
|t:|1655282974
|switch|p1a: Upper Moon 5|Groudon|100/100
|detailschange|p1a: Upper Moon 5|Groudon-Primal
|-primal|p1a: Upper Moon 5
|-weather|DesolateLand|[from] ability: Desolate Land|[of] p1a: Upper Moon 5
|move|p2a: Yveltal|Roost|p2a: Yveltal
|-heal|p2a: Yveltal|74/100 brn
|-singleturn|p2a: Yveltal|move: Roost
|
|-weather|DesolateLand|[upkeep]
|-damage|p2a: Yveltal|68/100 brn|[from] brn
|upkeep
|turn|9
|
|t:|1655282983
|switch|p2a: Arceus|Arceus-Ground|100/100
|move|p1a: Upper Moon 5|Rock Tomb|p2a: Arceus
|-resisted|p2a: Arceus
|-damage|p2a: Arceus|93/100
|-unboost|p2a: Arceus|spe|1
|
|-weather|DesolateLand|[upkeep]
|upkeep
|turn|10
|
|t:|1655282990
|-weather|none
|switch|p1a: Upper Moon 6|Ho-Oh|100/100 tox
|move|p2a: Arceus|Judgment|p1a: Upper Moon 6
|-immune|p1a: Upper Moon 6
|
|-damage|p1a: Upper Moon 6|94/100 tox|[from] psn
|upkeep
|turn|11
|
|t:|1655282994
|switch|p1a: Upper Moon 2|Xerneas|100/100
|-ability|p1a: Upper Moon 2|Fairy Aura
|move|p2a: Arceus|Stealth Rock|p1a: Upper Moon 2
|-sidestart|p1: ImAbroom|move: Stealth Rock
|
|upkeep
|turn|12
|
|t:|1655282997
|switch|p2a: Chansey|Chansey, F|100/100
|move|p1a: Upper Moon 2|Moonblast|p2a: Chansey
|-damage|p2a: Chansey|82/100
|
|upkeep
|turn|13
|
|t:|1655283002
|switch|p1a: Upper Moon 6|Ho-Oh|100/100 tox
|move|p2a: Chansey|Heal Bell|p2a: Chansey
|-activate|p2a: Chansey|move: Heal Bell
|-curestatus|p2: Yveltal|brn|[msg]
|
|-damage|p1a: Upper Moon 6|94/100 tox|[from] psn
|upkeep
|turn|14
|
|t:|1655283019
|switch|p2a: Yveltal|Yveltal|68/100
|-ability|p2a: Yveltal|Dark Aura
|move|p1a: Upper Moon 6|Defog|p2a: Yveltal
|-unboost|p2a: Yveltal|evasion|1
|-sideend|p1: ImAbroom|Stealth Rock|[from] move: Defog|[of] p1a: Upper Moon 6
|
|-damage|p1a: Upper Moon 6|82/100 tox|[from] psn
|upkeep
|turn|15
|
|t:|1655283023
|move|p2a: Yveltal|Roost|p2a: Yveltal
|-heal|p2a: Yveltal|100/100
|-singleturn|p2a: Yveltal|move: Roost
|move|p1a: Upper Moon 6|Toxic|p2a: Yveltal
|-status|p2a: Yveltal|tox
|
|-damage|p2a: Yveltal|94/100 tox|[from] psn
|-damage|p1a: Upper Moon 6|64/100 tox|[from] psn
|upkeep
|turn|16
|
|t:|1655283027
|switch|p1a: Upper Moon 2|Xerneas|100/100
|-ability|p1a: Upper Moon 2|Fairy Aura
|move|p2a: Yveltal|U-turn|p1a: Upper Moon 2
|-resisted|p1a: Upper Moon 2
|-damage|p1a: Upper Moon 2|92/100
|l| Buck X
|
|t:|1655283036
|switch|p2a: Gengar|Gengar, F|100/100|[from]move: U-turn
|
|upkeep
|turn|17
|l| Mr B 888
|
|t:|1655283048
|switch|p2a: Chansey|Chansey, F|82/100
|switch|p1a: Upper Moon 4|Zygarde|100/100
|
|upkeep
|turn|18
|
|t:|1655283055
|switch|p2a: Lunala|Lunala|100/100
|move|p1a: Upper Moon 4|Glare|p2a: Lunala
|-status|p2a: Lunala|par
|
|upkeep
|turn|19
|
|t:|1655283061
|move|p1a: Upper Moon 4|Substitute|p1a: Upper Moon 4
|-start|p1a: Upper Moon 4|Substitute
|-damage|p1a: Upper Moon 4|76/100
|cant|p2a: Lunala|par
|
|-heal|p1a: Upper Moon 4|82/100|[from] item: Leftovers
|upkeep
|turn|20
|
|t:|1655283064
|switch|p2a: Arceus|Arceus-Ground|93/100
|move|p1a: Upper Moon 4|Dragon Dance|p1a: Upper Moon 4
|-boost|p1a: Upper Moon 4|atk|1
|-boost|p1a: Upper Moon 4|spe|1
|
|-heal|p1a: Upper Moon 4|88/100|[from] item: Leftovers
|upkeep
|turn|21
|
|t:|1655283068
|move|p1a: Upper Moon 4|Glare|p2a: Arceus
|-status|p2a: Arceus|par
|cant|p2a: Arceus|par
|
|-heal|p1a: Upper Moon 4|94/100|[from] item: Leftovers
|upkeep
|turn|22
|
|t:|1655283072
|move|p1a: Upper Moon 4|Dragon Dance|p1a: Upper Moon 4
|-boost|p1a: Upper Moon 4|atk|1
|-boost|p1a: Upper Moon 4|spe|1
|move|p2a: Arceus|Ice Beam|p1a: Upper Moon 4
|-supereffective|p1a: Upper Moon 4
|-end|p1a: Upper Moon 4|Substitute
|
|-heal|p1a: Upper Moon 4|100/100|[from] item: Leftovers
|upkeep
|turn|23
|c| Cracked3|Parahax
|j| Agcl2 Ragib
|
|t:|1655283077
|move|p1a: Upper Moon 4|Substitute|p1a: Upper Moon 4
|-start|p1a: Upper Moon 4|Substitute
|-damage|p1a: Upper Moon 4|76/100
|move|p2a: Arceus|Ice Beam|p1a: Upper Moon 4
|-supereffective|p1a: Upper Moon 4
|-end|p1a: Upper Moon 4|Substitute
|
|-heal|p1a: Upper Moon 4|82/100|[from] item: Leftovers
|upkeep
|turn|24
|
|t:|1655283079
|move|p1a: Upper Moon 4|Substitute|p1a: Upper Moon 4
|-start|p1a: Upper Moon 4|Substitute
|-damage|p1a: Upper Moon 4|57/100
|move|p2a: Arceus|Ice Beam|p1a: Upper Moon 4
|-supereffective|p1a: Upper Moon 4
|-crit|p1a: Upper Moon 4
|-end|p1a: Upper Moon 4|Substitute
|
|-heal|p1a: Upper Moon 4|63/100|[from] item: Leftovers
|upkeep
|turn|25
|
|t:|1655283084
|move|p1a: Upper Moon 4|Substitute|p1a: Upper Moon 4
|-start|p1a: Upper Moon 4|Substitute
|-damage|p1a: Upper Moon 4|38/100
|cant|p2a: Arceus|par
|
|-heal|p1a: Upper Moon 4|45/100|[from] item: Leftovers
|-activate|p1a: Upper Moon 4|ability: Power Construct
|detailschange|p1a: Upper Moon 4|Zygarde-Complete
|-heal|p1a: Upper Moon 4|64/100|[silent]
|upkeep
|turn|26
|c| Cracked3|Ya parahax op
|
|t:|1655283095
|move|p1a: Upper Moon 4|Thousand Arrows|p2a: Arceus
|-damage|p2a: Arceus|58/100 par
|move|p2a: Arceus|Ice Beam|p1a: Upper Moon 4
|-supereffective|p1a: Upper Moon 4
|-end|p1a: Upper Moon 4|Substitute
|
|-heal|p1a: Upper Moon 4|70/100|[from] item: Leftovers
|upkeep
|turn|27
|j| Buck X
|
|t:|1655283100
|-start|p2a: Arceus|Dynamax|
|-heal|p2a: Arceus|58/100 par|[silent]
|move|p1a: Upper Moon 4|Substitute|p1a: Upper Moon 4
|-start|p1a: Upper Moon 4|Substitute
|-damage|p1a: Upper Moon 4|45/100
|move|p2a: Arceus|Max Hailstorm|p1a: Upper Moon 4
|-supereffective|p1a: Upper Moon 4
|-end|p1a: Upper Moon 4|Substitute
|-weather|Hail
|
|-weather|Hail|[upkeep]
|-damage|p1a: Upper Moon 4|39/100|[from] Hail
|-damage|p2a: Arceus|55/100 par|[from] Hail
|-heal|p1a: Upper Moon 4|45/100|[from] item: Leftovers
|upkeep
|turn|28
|c| C0ld as Ic3|*/*hax on
|j| Mr B 888
|
|t:|1655283104
|move|p1a: Upper Moon 4|Substitute|p1a: Upper Moon 4
|-start|p1a: Upper Moon 4|Substitute
|-damage|p1a: Upper Moon 4|20/100
|move|p2a: Arceus|Max Hailstorm|p1a: Upper Moon 4
|-supereffective|p1a: Upper Moon 4
|-end|p1a: Upper Moon 4|Substitute
|
|-weather|Hail|[upkeep]
|-damage|p1a: Upper Moon 4|14/100|[from] Hail
|-damage|p2a: Arceus|52/100 par|[from] Hail
|-heal|p1a: Upper Moon 4|20/100|[from] item: Leftovers
|upkeep
|turn|29
|c| C0ld as Ic3|:^)
|
|t:|1655283109
|move|p1a: Upper Moon 4|Thousand Arrows|p2a: Arceus
|-damage|p2a: Arceus|36/100 par
|move|p2a: Arceus|Max Quake|p1a: Upper Moon 4
|-damage|p1a: Upper Moon 4|0 fnt
|-boost|p2a: Arceus|spd|1
|faint|p1a: Upper Moon 4
|
|-weather|Hail|[upkeep]
|-damage|p2a: Arceus|33/100 par|[from] Hail
|upkeep
|inactive|ImAbroom has 120 seconds left.
|
|t:|1655283143
|switch|p1a: Upper Moon 1|Rayquaza|100/100
|-ability|p1a: Upper Moon 1|Air Lock
|-end|p2a: Arceus|Dynamax
|-heal|p2a: Arceus|33/100 par|[silent]
|turn|30
|
|t:|1655283149
|detailschange|p1a: Upper Moon 1|Rayquaza-Mega
|-mega|p1a: Upper Moon 1|Rayquaza|
|-weather|DeltaStream|[from] ability: Delta Stream|[of] p1a: Upper Moon 1
|move|p1a: Upper Moon 1|Dragon Ascent|p2a: Arceus
|-damage|p2a: Arceus|0 fnt
|-unboost|p1a: Upper Moon 1|def|1
|-unboost|p1a: Upper Moon 1|spd|1
|faint|p2a: Arceus
|
|-weather|DeltaStream|[upkeep]
|upkeep
|
|t:|1655283152
|switch|p2a: Lunala|Lunala|100/100 par
|turn|31
|
|t:|1655283162
|-weather|none
|switch|p1a: Upper Moon 6|Ho-Oh|98/100 tox
|move|p2a: Lunala|Hex|p1a: Upper Moon 6
|-damage|p1a: Upper Moon 6|64/100 tox
|
|-damage|p1a: Upper Moon 6|58/100 tox|[from] psn
|upkeep
|turn|32
|
|t:|1655283171
|switch|p1a: Upper Moon 5|Groudon-Primal|100/100
|-weather|DesolateLand|[from] ability: Desolate Land|[of] p1a: Upper Moon 5
|switch|p2a: Yveltal|Yveltal|94/100 tox
|-ability|p2a: Yveltal|Dark Aura
|
|-weather|DesolateLand|[upkeep]
|-damage|p2a: Yveltal|88/100 tox|[from] psn
|upkeep
|turn|33
|
|t:|1655283178
|move|p1a: Upper Moon 5|Rock Tomb|p2a: Yveltal
|-supereffective|p2a: Yveltal
|-damage|p2a: Yveltal|48/100 tox
|-unboost|p2a: Yveltal|spe|1
|move|p2a: Yveltal|Snarl|p1a: Upper Moon 5|[miss]
|-miss|p2a: Yveltal|p1a: Upper Moon 5
|
|-weather|DesolateLand|[upkeep]
|-damage|p2a: Yveltal|36/100 tox|[from] psn
|upkeep
|turn|34
|
|t:|1655283187
|move|p1a: Upper Moon 5|Fire Punch|p2a: Yveltal
|-damage|p2a: Yveltal|0 fnt
|faint|p2a: Yveltal
|
|-weather|DesolateLand|[upkeep]
|upkeep
|c|☆Union Of Creation|Nice
|
|t:|1655283196
|switch|p2a: Lunala|Lunala|100/100 par
|turn|35
|
|t:|1655283200
|move|p1a: Upper Moon 5|Fire Punch|p2a: Lunala
|-damage|p2a: Lunala|81/100 par
|cant|p2a: Lunala|par
|
|-weather|DesolateLand|[upkeep]
|upkeep
|turn|36
|
|t:|1655283204
|move|p1a: Upper Moon 5|Fire Punch|p2a: Lunala
|-damage|p2a: Lunala|42/100 par
|move|p2a: Lunala|Roost|p2a: Lunala
|-heal|p2a: Lunala|92/100 par
|-singleturn|p2a: Lunala|move: Roost
|
|-weather|DesolateLand|[upkeep]
|upkeep
|turn|37
|c| Cracked3|Imabroom might actually win this
|c|☆Union Of Creation|He probably is
|
|t:|1655283218
|move|p1a: Upper Moon 5|Fire Punch|p2a: Lunala
|-damage|p2a: Lunala|53/100 par
|cant|p2a: Lunala|par
|
|-weather|DesolateLand|[upkeep]
|upkeep
|turn|38
|c| Cracked3|Go imabroom
|c|☆Union Of Creation|glare Hax too good
|
|t:|1655283222
|move|p1a: Upper Moon 5|Fire Punch|p2a: Lunala
|-damage|p2a: Lunala|13/100 par
|move|p2a: Lunala|Roost|p2a: Lunala
|-heal|p2a: Lunala|63/100 par
|-singleturn|p2a: Lunala|move: Roost
|
|-weather|DesolateLand|[upkeep]
|upkeep
|turn|39
|c| Cracked3|So true
|
|t:|1655283235
|move|p1a: Upper Moon 5|Fire Punch|p2a: Lunala
|-damage|p2a: Lunala|22/100 par
|move|p2a: Lunala|Roost|p2a: Lunala
|-heal|p2a: Lunala|72/100 par
|-singleturn|p2a: Lunala|move: Roost
|
|-weather|DesolateLand|[upkeep]
|upkeep
|turn|40
|l| Mr B 888
|
|t:|1655283238
|move|p1a: Upper Moon 5|Fire Punch|p2a: Lunala
|-damage|p2a: Lunala|33/100 par
|move|p2a: Lunala|Roost|p2a: Lunala
|-heal|p2a: Lunala|83/100 par
|-singleturn|p2a: Lunala|move: Roost
|
|-weather|DesolateLand|[upkeep]
|upkeep
|turn|41
|
|t:|1655283241
|move|p1a: Upper Moon 5|Fire Punch|p2a: Lunala
|-damage|p2a: Lunala|40/100 par
|move|p2a: Lunala|Roost|p2a: Lunala
|-heal|p2a: Lunala|90/100 par
|-singleturn|p2a: Lunala|move: Roost
|
|-weather|DesolateLand|[upkeep]
|upkeep
|turn|42
|
|t:|1655283245
|move|p1a: Upper Moon 5|Fire Punch|p2a: Lunala
|-damage|p2a: Lunala|50/100 par
|move|p2a: Lunala|Roost|p2a: Lunala
|-heal|p2a: Lunala|99/100 par
|-singleturn|p2a: Lunala|move: Roost
|
|-weather|DesolateLand|[upkeep]
|upkeep
|turn|43
|
|t:|1655283251
|move|p1a: Upper Moon 5|Fire Punch|p2a: Lunala
|-damage|p2a: Lunala|60/100 par
|move|p2a: Lunala|Roost|p2a: Lunala
|-heal|p2a: Lunala|100/100 par
|-singleturn|p2a: Lunala|move: Roost
|
|-weather|DesolateLand|[upkeep]
|upkeep
|turn|44
|c| Buck X|Maybe luck is on one’s side
|c| Cracked3|Pp stalling
|
|t:|1655283259
|move|p1a: Upper Moon 5|Precipice Blades|p2a: Lunala|[miss]
|-miss|p1a: Upper Moon 5|p2a: Lunala
|move|p2a: Lunala|Hex|p1a: Upper Moon 5
|-damage|p1a: Upper Moon 5|69/100
|
|-weather|DesolateLand|[upkeep]
|upkeep
|turn|45
|
|t:|1655283263
|move|p1a: Upper Moon 5|Precipice Blades|p2a: Lunala
|-damage|p2a: Lunala|77/100 par
|cant|p2a: Lunala|par
|
|-weather|DesolateLand|[upkeep]
|upkeep
|turn|46
|c| Buck X|Lol
|c|☆Union Of Creation|Just miss that 3 times
|
|t:|1655283268
|move|p1a: Upper Moon 5|Fire Punch|p2a: Lunala
|-damage|p2a: Lunala|33/100 par
|cant|p2a: Lunala|par
|
|-weather|DesolateLand|[upkeep]
|upkeep
|turn|47
|c|☆Union Of Creation|Gg
|c|☆ImAbroom|Damn
|c|☆ImAbroom|Gg
|
|t:|1655283283
|move|p1a: Upper Moon 5|Fire Punch|p2a: Lunala
|-damage|p2a: Lunala|0 fnt
|faint|p2a: Lunala
|
|-weather|DesolateLand|[upkeep]
|upkeep
|
|t:|1655283287
|switch|p2a: Gengar|Gengar, F|100/100
|turn|48
|c| Cracked3|Imabroom is winning to hax again lol
|
|t:|1655283295
|move|p2a: Gengar|Substitute|p2a: Gengar
|-start|p2a: Gengar|Substitute
|-damage|p2a: Gengar|76/100
|move|p1a: Upper Moon 5|Fire Punch|p2a: Gengar
|-end|p2a: Gengar|Substitute
|
|-weather|DesolateLand|[upkeep]
|upkeep
|turn|49
|c| Cracked3|but rly smart hax
|c|☆Union Of Creation|Does cursed body work with s
|
|t:|1655283311
|move|p2a: Gengar|Substitute|p2a: Gengar
|-start|p2a: Gengar|Substitute
|-damage|p2a: Gengar|51/100
|move|p1a: Upper Moon 5|Fire Punch|p2a: Gengar
|-end|p2a: Gengar|Substitute
|
|-weather|DesolateLand|[upkeep]
|upkeep
|turn|50
|
|t:|1655283316
|move|p2a: Gengar|Substitute|p2a: Gengar
|-start|p2a: Gengar|Substitute
|-damage|p2a: Gengar|26/100
|move|p1a: Upper Moon 5|Fire Punch|p2a: Gengar
|-end|p2a: Gengar|Substitute
|
|-weather|DesolateLand|[upkeep]
|upkeep
|turn|51
|
|t:|1655283320
|move|p2a: Gengar|Substitute|p2a: Gengar
|-start|p2a: Gengar|Substitute
|-damage|p2a: Gengar|1/100
|move|p1a: Upper Moon 5|Fire Punch|p2a: Gengar
|-end|p2a: Gengar|Substitute
|
|-weather|DesolateLand|[upkeep]
|upkeep
|turn|52
|c| Cracked3|Doubt it
|
|t:|1655283323
|detailschange|p2a: Gengar|Gengar-Mega, F
|-mega|p2a: Gengar|Gengar|Gengarite
|move|p2a: Gengar|Shadow Ball|p1a: Upper Moon 5
|-damage|p1a: Upper Moon 5|13/100
|move|p1a: Upper Moon 5|Fire Punch|p2a: Gengar
|-damage|p2a: Gengar|0 fnt
|faint|p2a: Gengar
|
|-weather|DesolateLand|[upkeep]
|upkeep
|
|t:|1655283325
|switch|p2a: Chansey|Chansey, F|82/100
|turn|53
|
|t:|1655283330
|move|p1a: Upper Moon 5|Fire Punch|p2a: Chansey
|-damage|p2a: Chansey|24/100
|-status|p2a: Chansey|brn
|move|p2a: Chansey|Seismic Toss|p1a: Upper Moon 5
|-damage|p1a: Upper Moon 5|0 fnt
|faint|p1a: Upper Moon 5
|-weather|none
|
|-damage|p2a: Chansey|18/100 brn|[from] brn
|upkeep
|c|☆Union Of Creation|Gg
|c| Cracked3|Rip chansey lol
|l| Pizzaisdelicis
|
|t:|1655283335
|switch|p1a: Upper Moon 2|Xerneas|92/100
|-ability|p1a: Upper Moon 2|Fairy Aura
|turn|54
|
|t:|1655283338
|-start|p1a: Upper Moon 2|Dynamax|
|-heal|p1a: Upper Moon 2|92/100|[silent]
|move|p1a: Upper Moon 2|Max Starfall|p2a: Chansey
|-damage|p2a: Chansey|0 fnt
|-fieldstart|move: Misty Terrain
|faint|p2a: Chansey
|
|win|ImAbroom
|n|☆ImAbroom|imabroom
|n|☆Union Of Creation|unionofcreation
|n| C0ld as Ic3|c0ldasic3
|n| The Taco Baker|thetacobaker
|n| Cracked3|cracked3
|n| Agcl2 Ragib|agcl2ragib
|n| Buck X|buckx
