|j|☆Ahuehuehue
|j|☆bingobondobango
|player|p1|Ahuehuehue|2|1504
|player|p2|bingobondobango|infielder|1481
|teamsize|p1|6
|teamsize|p2|6
|gametype|singles
|gen|8
|tier|[Gen 8] National Dex AG
|rated|
|clearpoke
|poke|p1|Mewtwo|
|poke|p1|Yveltal|
|poke|p1|Zacian|
|poke|p1|Arceus-*|
|poke|p1|Groudon|
|poke|p1|Gengar, M|
|poke|p2|Groudon|
|poke|p2|Kyogre|
|poke|p2|Yveltal|
|poke|p2|Necrozma-Dusk-Mane|
|poke|p2|Xerneas|
|poke|p2|Eternatus|
|rule|HP Percentage Mod: HP is shown in percentages
|rule|Endless Battle Clause: Forcing endless battles is banned
|teampreview
|
|start
|switch|p1a: Zacian|Zacian|100/100
|switch|p2a: Eternatus|Eternatus|100/100
|-ability|p1a: Zacian|Intrepid Sword|boost
|-boost|p1a: Zacian|atk|1
|-ability|p2a: Eternatus|Pressure
|turn|1
|j| Dr Rup
|
|switch|p2a: Necrozma|Necrozma-Dusk-Mane|100/100
|move|p1a: Zacian|Play Rough|p2a: Necrozma
|-resisted|p2a: Necrozma
|-damage|p2a: Necrozma|72/100
|
|-heal|p2a: Necrozma|78/100|[from] item: Leftovers
|upkeep
|turn|2
|inactive|Battle timer is ON: inactive players will automatically lose when time's up. (requested by Ahuehuehue)
|
|switch|p1a: Yveltal|Yveltal|100/100
|-ability|p1a: Yveltal|Dark Aura
|move|p2a: Necrozma|Stealth Rock|p1a: Yveltal
|-sidestart|p1: Ahuehuehue|move: Stealth Rock
|
|-heal|p2a: Necrozma|84/100|[from] item: Leftovers
|upkeep
|turn|3
|
|switch|p2a: Xerneas|Xerneas|100/100
|-ability|p2a: Xerneas|Fairy Aura
|move|p1a: Yveltal|Foul Play|p2a: Xerneas
|-resisted|p2a: Xerneas
|-damage|p2a: Xerneas|89/100
|
|-heal|p2a: Xerneas|95/100|[from] item: Leftovers
|upkeep
|turn|4
|
|switch|p1a: Groudon|Groudon|100/100
|-damage|p1a: Groudon|94/100|[from] Stealth Rock
|detailschange|p1a: Groudon|Groudon-Primal
|-primal|p1a: Groudon
|-weather|DesolateLand|[from] ability: Desolate Land|[of] p1a: Groudon
|move|p2a: Xerneas|Moonblast|p1a: Groudon
|-resisted|p1a: Groudon
|-damage|p1a: Groudon|74/100
|
|-weather|DesolateLand|[upkeep]
|-heal|p2a: Xerneas|100/100|[from] item: Leftovers
|upkeep
|turn|5
|
|move|p2a: Xerneas|Moonblast|p1a: Groudon
|-resisted|p1a: Groudon
|-damage|p1a: Groudon|53/100
|-unboost|p1a: Groudon|spa|1
|move|p1a: Groudon|Overheat|p2a: Xerneas
|-damage|p2a: Xerneas|50/100
|-unboost|p1a: Groudon|spa|2
|
|-weather|DesolateLand|[upkeep]
|-heal|p2a: Xerneas|56/100|[from] item: Leftovers
|upkeep
|turn|6
|j| Ineedaname12321
|
|switch|p2a: Kyogre|Kyogre|100/100
|detailschange|p2a: Kyogre|Kyogre-Primal
|-primal|p2a: Kyogre
|-weather|PrimordialSea|[from] ability: Primordial Sea|[of] p2a: Kyogre
|move|p1a: Groudon|Precipice Blades|p2a: Kyogre
|-damage|p2a: Kyogre|41/100
|
|-weather|PrimordialSea|[upkeep]
|upkeep
|turn|7
|
|switch|p1a: Mewtwo|Mewtwo|100/100
|-ability|p1a: Mewtwo|Unnerve|p2: bingobondobango
|-damage|p1a: Mewtwo|88/100|[from] Stealth Rock
|move|p2a: Kyogre|Scald|p1a: Mewtwo
|-damage|p1a: Mewtwo|0 fnt
|faint|p1a: Mewtwo
|
|-weather|PrimordialSea|[upkeep]
|upkeep
|
|switch|p1a: Zacian|Zacian|100/100
|-damage|p1a: Zacian|88/100|[from] Stealth Rock
|-ability|p1a: Zacian|Intrepid Sword|boost
|-boost|p1a: Zacian|atk|1
|turn|8
|
|-weather|none
|switch|p2a: Necrozma|Necrozma-Dusk-Mane|84/100
|move|p1a: Zacian|Close Combat|p2a: Necrozma
|-damage|p2a: Necrozma|38/100
|-unboost|p1a: Zacian|def|1
|-unboost|p1a: Zacian|spd|1
|
|-heal|p2a: Necrozma|44/100|[from] item: Leftovers
|upkeep
|turn|9
|
|switch|p2a: Eternatus|Eternatus|100/100
|-ability|p2a: Eternatus|Pressure
|move|p1a: Zacian|Close Combat|p2a: Eternatus
|-resisted|p2a: Eternatus
|-damage|p2a: Eternatus|58/100
|-unboost|p1a: Zacian|def|1
|-unboost|p1a: Zacian|spd|1
|
|upkeep
|turn|10
|
|switch|p1a: Arceus|Arceus-Ground|100/100
|-damage|p1a: Arceus|94/100|[from] Stealth Rock
|move|p2a: Eternatus|Recover|p2a: Eternatus
|-heal|p2a: Eternatus|100/100
|
|upkeep
|turn|11
|
|move|p2a: Eternatus|Dynamax Cannon|p1a: Arceus
|-damage|p1a: Arceus|49/100
|move|p1a: Arceus|Defog|p2a: Eternatus
|-unboost|p2a: Eternatus|evasion|1
|-sideend|p1: Ahuehuehue|Stealth Rock|[from] move: Defog|[of] p1a: Arceus
|
|upkeep
|turn|12
|
|move|p2a: Eternatus|Dynamax Cannon|p1a: Arceus
|-damage|p1a: Arceus|0 fnt
|faint|p1a: Arceus
|
|upkeep
|
|switch|p1a: Zacian|Zacian|88/100
|-ability|p1a: Zacian|Intrepid Sword|boost
|-boost|p1a: Zacian|atk|1
|turn|13
|
|move|p1a: Zacian|Play Rough|p2a: Eternatus
|-damage|p2a: Eternatus|19/100
|move|p2a: Eternatus|Sludge Bomb|p1a: Zacian
|-supereffective|p1a: Zacian
|-damage|p1a: Zacian|0 fnt
|faint|p1a: Zacian
|
|upkeep
|-message|Ahuehuehue forfeited.
|
|win|bingobondobango
|l|☆Ahuehuehue
|raw|Ahuehuehue's rating: 1504 &rarr; <strong>1482</strong><br />(-22 for losing)
|raw|bingobondobango's rating: 1481 &rarr; <strong>1503</strong><br />(+22 for winning)
