|j|☆Santagoesboom
|j|☆amnael01
|t:|1660439613
|gametype|singles
|player|p1|Santagoesboom|cynthia-masters|1831
|player|p2|amnael01|dawn|1803
|teamsize|p1|6
|teamsize|p2|6
|gen|8
|tier|[Gen 8] National Dex AG
|rated|
|rule|HP Percentage Mod: HP is shown in percentages
|rule|Endless Battle Clause: Forcing endless battles is banned
|clearpoke
|poke|p1|Groudon|
|poke|p1|Necrozma-Dusk-Mane|
|poke|p1|Rayquaza|
|poke|p1|Yveltal|
|poke|p1|Ditto|
|poke|p1|Yveltal|
|poke|p2|Smeargle, F|
|poke|p2|Groudon|
|poke|p2|Espeon, M|
|poke|p2|Rayquaza|
|poke|p2|Xerneas-*|
|poke|p2|Zacian-*|
|teampreview
|inactive|Battle timer is ON: inactive players will automatically lose when time's up. (requested by Santagoesboom)
|
|t:|1660439634
|start
|switch|p1a: Groudon|Groudon|100/100
|switch|p2a: Smeargle|Smeargle, F|100/100
|detailschange|p1a: Groudon|Groudon-Primal
|-primal|p1a: Groudon
|-weather|DesolateLand|[from] ability: Desolate Land|[of] p1a: Groudon
|turn|1
|
|t:|1660439638
|move|p2a: Smeargle|Spore|p1a: Groudon
|-status|p1a: Groudon|slp|[from] move: Spore
|cant|p1a: Groudon|slp
|
|-weather|DesolateLand|[upkeep]
|-ability|p2a: Smeargle|Moody|boost
|-boost|p2a: Smeargle|spe|2
|-unboost|p2a: Smeargle|spa|1
|upkeep
|turn|2
|
|t:|1660439640
|move|p2a: Smeargle|Shift Gear|p2a: Smeargle
|-boost|p2a: Smeargle|spe|2
|-boost|p2a: Smeargle|atk|1
|cant|p1a: Groudon|slp
|
|-weather|DesolateLand|[upkeep]
|-ability|p2a: Smeargle|Moody|boost
|-boost|p2a: Smeargle|def|2
|-unboost|p2a: Smeargle|spa|1
|upkeep
|turn|3
|
|t:|1660439643
|move|p2a: Smeargle|Baton Pass|p2a: Smeargle
|
|t:|1660439645
|switch|p2a: Groudon|Groudon|100/100|[from]move: Baton Pass
|detailschange|p2a: Groudon|Groudon-Primal
|-primal|p2a: Groudon
|cant|p1a: Groudon|slp
|
|-weather|DesolateLand|[upkeep]
|upkeep
|turn|4
|
|t:|1660439651
|move|p2a: Groudon|Earthquake|p1a: Groudon
|-supereffective|p1a: Groudon
|-damage|p1a: Groudon|17/100 slp
|-curestatus|p1a: Groudon|slp|[msg]
|move|p1a: Groudon|Earthquake|p2a: Groudon
|-supereffective|p2a: Groudon
|-damage|p2a: Groudon|60/100
|
|-weather|DesolateLand|[upkeep]
|upkeep
|turn|5
|
|t:|1660439667
|move|p2a: Groudon|Earthquake|p1a: Groudon
|-supereffective|p1a: Groudon
|-damage|p1a: Groudon|0 fnt
|faint|p1a: Groudon
|
|-weather|DesolateLand|[upkeep]
|upkeep
|
|t:|1660439668
|switch|p1a: Ditto|Ditto|100/100
|-transform|p1a: Ditto|p2a: Groudon|[from] ability: Imposter
|turn|6
|
|t:|1660439673
|move|p1a: Ditto|Earthquake|p2a: Groudon
|-supereffective|p2a: Groudon
|-damage|p2a: Groudon|0 fnt
|faint|p2a: Groudon
|
|-weather|DesolateLand|[upkeep]
|upkeep
|
|t:|1660439675
|switch|p2a: Rayquaza|Rayquaza|100/100
|-ability|p2a: Rayquaza|Air Lock
|turn|7
|
|t:|1660439680
|-weather|none
|switch|p1a: Yveltal|Yveltal|100/100
|-ability|p1a: Yveltal|Dark Aura
|detailschange|p2a: Rayquaza|Rayquaza-Mega
|-mega|p2a: Rayquaza|Rayquaza|
|-weather|DeltaStream|[from] ability: Delta Stream|[of] p2a: Rayquaza
|move|p2a: Rayquaza|Dragon Dance|p2a: Rayquaza
|-boost|p2a: Rayquaza|atk|1
|-boost|p2a: Rayquaza|spe|1
|
|-weather|DeltaStream|[upkeep]
|upkeep
|turn|8
|
|t:|1660439682
|move|p2a: Rayquaza|Dragon Ascent|p1a: Yveltal
|-damage|p1a: Yveltal|33/100
|-unboost|p2a: Rayquaza|def|1
|-unboost|p2a: Rayquaza|spd|1
|move|p1a: Yveltal|Foul Play|p2a: Rayquaza
|-enditem|p2a: Rayquaza|Focus Sash
|-damage|p2a: Rayquaza|1/100
|
|-weather|DeltaStream|[upkeep]
|upkeep
|turn|9
|
|t:|1660439686
|switch|p1a: Necrozma|Necrozma-Dusk-Mane|100/100
|move|p2a: Rayquaza|Extreme Speed|p1a: Necrozma
|-resisted|p1a: Necrozma
|-damage|p1a: Necrozma|87/100
|-damage|p2a: Rayquaza|0 fnt|[from] item: Rocky Helmet|[of] p1a: Necrozma
|faint|p2a: Rayquaza
|-weather|none
|
|upkeep
|
|t:|1660439688
|switch|p2a: Smeargle|Smeargle, F|100/100
|turn|10
|
|t:|1660439700
|switch|p1a: Rayquaza|Rayquaza|100/100
|-ability|p1a: Rayquaza|Air Lock
|move|p2a: Smeargle|Spore|p1a: Rayquaza
|-status|p1a: Rayquaza|slp|[from] move: Spore
|
|-ability|p2a: Smeargle|Moody|boost
|-boost|p2a: Smeargle|spe|2
|-unboost|p2a: Smeargle|spd|1
|upkeep
|turn|11
|
|t:|1660439709
|detailschange|p1a: Rayquaza|Rayquaza-Mega
|-mega|p1a: Rayquaza|Rayquaza|
|-weather|DeltaStream|[from] ability: Delta Stream|[of] p1a: Rayquaza
|move|p2a: Smeargle|Baton Pass|p2a: Smeargle
|
|t:|1660439711
|switch|p2a: Xerneas|Xerneas|100/100|[from]move: Baton Pass
|-ability|p2a: Xerneas|Fairy Aura
|cant|p1a: Rayquaza|slp
|
|-weather|DeltaStream|[upkeep]
|upkeep
|turn|12
|
|t:|1660439716
|-weather|none
|switch|p1a: Yveltal|Yveltal|33/100
|-ability|p1a: Yveltal|Dark Aura
|move|p2a: Xerneas|Moonblast|p1a: Yveltal
|-supereffective|p1a: Yveltal
|-damage|p1a: Yveltal|0 fnt
|faint|p1a: Yveltal
|
|upkeep
|
|t:|1660439719
|switch|p1a: Necrozma|Necrozma-Dusk-Mane|87/100
|turn|13
|
|t:|1660439730
|switch|p2a: Espeon|Espeon, M|100/100
|move|p1a: Necrozma|Sunsteel Strike|p2a: Espeon
|-crit|p2a: Espeon
|-enditem|p2a: Espeon|Focus Sash
|-damage|p2a: Espeon|1/100
|
|upkeep
|turn|14
|
|t:|1660439733
|switch|p1a: Yveltal|Yveltal|100/100
|-ability|p1a: Yveltal|Dark Aura
|move|p2a: Espeon|Yawn|p1a: Yveltal
|-start|p1a: Yveltal|move: Yawn|[of] p2a: Espeon
|
|upkeep
|turn|15
|
|t:|1660439737
|move|p2a: Espeon|Yawn||[still]
|-fail|p2a: Espeon
|move|p1a: Yveltal|U-turn|p2a: Espeon
|-supereffective|p2a: Espeon
|-damage|p2a: Espeon|0 fnt
|faint|p2a: Espeon
|
|t:|1660439744
|switch|p1a: Rayquaza|Rayquaza-Mega|100/100 slp|[from]move: U-turn
|-weather|DeltaStream|[from] ability: Delta Stream|[of] p1a: Rayquaza
|
|-weather|DeltaStream|[upkeep]
|upkeep
|
|t:|1660439747
|switch|p2a: Xerneas|Xerneas|100/100
|-ability|p2a: Xerneas|Fairy Aura
|turn|16
|
|t:|1660439757
|cant|p1a: Rayquaza|slp
|move|p2a: Xerneas|Geomancy||[still]
|-prepare|p2a: Xerneas|Geomancy
|-enditem|p2a: Xerneas|Power Herb
|-anim|p2a: Xerneas|Geomancy|p2a: Xerneas
|-boost|p2a: Xerneas|spa|2
|-boost|p2a: Xerneas|spd|2
|-boost|p2a: Xerneas|spe|2
|
|-weather|DeltaStream|[upkeep]
|upkeep
|turn|17
|
|t:|1660439759
|-curestatus|p1a: Rayquaza|slp|[msg]
|move|p1a: Rayquaza|Extreme Speed|p2a: Xerneas
|-crit|p2a: Xerneas
|-damage|p2a: Xerneas|51/100
|-damage|p1a: Rayquaza|91/100|[from] item: Life Orb
|move|p2a: Xerneas|Moonblast|p1a: Rayquaza
|-supereffective|p1a: Rayquaza
|-damage|p1a: Rayquaza|0 fnt
|faint|p1a: Rayquaza
|-weather|none
|
|upkeep
|
|t:|1660439788
|switch|p1a: Necrozma|Necrozma-Dusk-Mane|87/100
|turn|18
|
|t:|1660439797
|-start|p2a: Xerneas|Dynamax|
|-heal|p2a: Xerneas|51/100|[silent]
|-start|p1a: Necrozma|Dynamax|
|-heal|p1a: Necrozma|87/100|[silent]
|move|p2a: Xerneas|Max Flare|p1a: Necrozma
|-supereffective|p1a: Necrozma
|-damage|p1a: Necrozma|48/100
|-weather|SunnyDay
|move|p1a: Necrozma|Max Steelspike|p2a: Xerneas
|-supereffective|p2a: Xerneas
|-crit|p2a: Xerneas
|-damage|p2a: Xerneas|0 fnt
|-boost|p1a: Necrozma|def|1
|faint|p2a: Xerneas
|
|-weather|SunnyDay|[upkeep]
|upkeep
|
|t:|1660439800
|switch|p2a: Smeargle|Smeargle, F|100/100
|turn|19
|
|t:|1660439803
|move|p2a: Smeargle|Spore|p1a: Necrozma
|-status|p1a: Necrozma|slp|[from] move: Spore
|cant|p1a: Necrozma|slp
|
|-weather|SunnyDay|[upkeep]
|-ability|p2a: Smeargle|Moody|boost
|-boost|p2a: Smeargle|atk|2
|-unboost|p2a: Smeargle|def|1
|upkeep
|turn|20
|
|t:|1660439809
|move|p2a: Smeargle|Shift Gear|p2a: Smeargle
|-boost|p2a: Smeargle|spe|2
|-boost|p2a: Smeargle|atk|1
|cant|p1a: Necrozma|slp
|
|-weather|SunnyDay|[upkeep]
|-ability|p2a: Smeargle|Moody|boost
|-boost|p2a: Smeargle|spd|2
|-unboost|p2a: Smeargle|def|1
|upkeep
|-end|p1a: Necrozma|Dynamax
|-heal|p1a: Necrozma|48/100 slp|[silent]
|turn|21
|
|t:|1660439816
|move|p2a: Smeargle|Shift Gear|p2a: Smeargle
|-boost|p2a: Smeargle|spe|2
|-boost|p2a: Smeargle|atk|1
|-curestatus|p1a: Necrozma|slp|[msg]
|move|p1a: Necrozma|Sunsteel Strike|p2a: Smeargle
|-enditem|p2a: Smeargle|Focus Sash
|-damage|p2a: Smeargle|1/100
|
|-weather|SunnyDay|[upkeep]
|-ability|p2a: Smeargle|Moody|boost
|-boost|p2a: Smeargle|spe|2
|-unboost|p2a: Smeargle|spd|1
|upkeep
|turn|22
|
|t:|1660439820
|move|p2a: Smeargle|Spore|p1a: Necrozma
|-status|p1a: Necrozma|slp|[from] move: Spore
|cant|p1a: Necrozma|slp
|
|-weather|none
|-ability|p2a: Smeargle|Moody|boost
|-boost|p2a: Smeargle|def|2
|-unboost|p2a: Smeargle|spe|1
|upkeep
|turn|23
|
|t:|1660439822
|move|p2a: Smeargle|Baton Pass|p2a: Smeargle
|
|t:|1660439823
|switch|p2a: Zacian|Zacian-Crowned|100/100|[from]move: Baton Pass
|-ability|p2a: Zacian|Intrepid Sword|boost
|-boost|p2a: Zacian|atk|1
|cant|p1a: Necrozma|slp
|
|upkeep
|turn|24
|
|t:|1660439826
|move|p2a: Zacian|Behemoth Blade|p1a: Necrozma
|-resisted|p1a: Necrozma
|-damage|p1a: Necrozma|11/100 slp
|-damage|p2a: Zacian|84/100|[from] item: Rocky Helmet|[of] p1a: Necrozma
|-curestatus|p1a: Necrozma|slp|[msg]
|move|p1a: Necrozma|Morning Sun|p1a: Necrozma
|-heal|p1a: Necrozma|61/100
|
|upkeep
|turn|25
|
|t:|1660439829
|move|p2a: Zacian|Close Combat|p1a: Necrozma
|-damage|p1a: Necrozma|0 fnt
|-unboost|p2a: Zacian|def|1
|-unboost|p2a: Zacian|spd|1
|-damage|p2a: Zacian|67/100|[from] item: Rocky Helmet|[of] p1a: Necrozma
|faint|p1a: Necrozma
|
|upkeep
|
|t:|1660439830
|switch|p1a: Ditto|Ditto|100/100
|-transform|p1a: Ditto|p2a: Zacian|[from] ability: Imposter
|-ability|p1a: Ditto|Intrepid Sword|boost
|-boost|p1a: Ditto|atk|1
|turn|26
|
|t:|1660439832
|move|p1a: Ditto|Behemoth Blade|p2a: Zacian
|-damage|p2a: Zacian|0 fnt
|faint|p2a: Zacian
|
|upkeep
|
|t:|1660439835
|switch|p2a: Smeargle|Smeargle, F|1/100
|turn|27
|
|t:|1660439838
|move|p2a: Smeargle|Spiky Shield|p2a: Smeargle
|-singleturn|p2a: Smeargle|move: Protect
|move|p1a: Ditto|Behemoth Blade|p2a: Smeargle
|-activate|p2a: Smeargle|move: Protect
|-damage|p1a: Ditto|88/100|[from] Spiky Shield|[of] p2a: Smeargle
|
|-ability|p2a: Smeargle|Moody|boost
|-boost|p2a: Smeargle|atk|2
|-unboost|p2a: Smeargle|def|1
|upkeep
|turn|28
|
|t:|1660439840
|move|p1a: Ditto|Behemoth Blade|p2a: Smeargle
|-damage|p2a: Smeargle|0 fnt
|faint|p2a: Smeargle
|
|win|Santagoesboom
|raw|Santagoesboom's rating: 1831 &rarr; <strong>1849</strong><br />(+18 for winning)
|raw|amnael01's rating: 1803 &rarr; <strong>1785</strong><br />(-18 for losing)
|l|☆Santagoesboom
|l|☆amnael01
|j|☆Santagoesboom
|player|p1|Santagoesboom|cynthia-masters
|l|☆Santagoesboom
|player|p1|
||Ladder isn't responding, score probably updated but might not have (Request timeout).
|j|☆Santagoesboom
|player|p1|Santagoesboom|cynthia-masters
