|j|☆MRH1106
|j|☆Buck is stallish
|t:|1660950236
|gametype|singles
|player|p1|MRH1106|ghetsis|1777
|player|p2|Buck is stallish|ethan-masters|1850
|teamsize|p1|6
|teamsize|p2|6
|gen|8
|tier|[Gen 8] National Dex AG
|rated|
|rule|HP Percentage Mod: HP is shown in percentages
|rule|Endless Battle Clause: Forcing endless battles is banned
|clearpoke
|poke|p1|Zacian-*|
|poke|p1|Calyrex-Shadow|
|poke|p1|Rayquaza|
|poke|p1|Ditto|
|poke|p1|Yveltal|
|poke|p1|Arceus-*|
|poke|p2|Kyogre|
|poke|p2|Chansey, F|
|poke|p2|Sableye, F|
|poke|p2|Lugia|
|poke|p2|Yveltal|
|poke|p2|Arceus-*|
|teampreview
|inactive|Battle timer is ON: inactive players will automatically lose when time's up. (requested by MRH1106)
|inactive|Buck is stallish also wants the timer to be on.
|j| OHLive
|c|☆MRH1106|wait
|c|☆Buck is stallish|Glhf
|c|☆MRH1106|what team were you
|c|☆MRH1106|i recognize your name
|c|☆Buck is stallish|Im buck bro
|inactive|MRH1106 has 120 seconds left.
|l| OHLive
|c|☆MRH1106|oh shit
|
|t:|1660950274
|start
|switch|p1a: Knifepuppy|Zacian-Crowned|100/100
|switch|p2a: Pretty gem|Sableye, F|100/100
|-ability|p1a: Knifepuppy|Intrepid Sword|boost
|-boost|p1a: Knifepuppy|atk|1
|turn|1
|c|☆Buck is stallish|were friends on discord
|
|t:|1660950280
|switch|p1a: Legit god|Arceus-Ground|100/100
|detailschange|p2a: Pretty gem|Sableye-Mega, F
|-mega|p2a: Pretty gem|Sableye|Sablenite
|move|p2a: Pretty gem|Protect||[still]
|-fail|p2a: Pretty gem
|
|upkeep
|turn|2
|c|☆MRH1106|yeah ik who you are buck lmao
|
|t:|1660950293
|switch|p2a: White phoenix|Lugia|100/100
|move|p1a: Legit god|Judgment|p2a: White phoenix
|-immune|p2a: White phoenix
|
|upkeep
|turn|3
|
|t:|1660950305
|switch|p1a: Fuck you <3|Ditto, shiny|100/100
|-transform|p1a: Fuck you <3|p2a: White phoenix|[from] ability: Imposter
|move|p2a: White phoenix|Toxic|p1a: Fuck you <3
|-status|p1a: Fuck you <3|tox
|
|-damage|p1a: Fuck you <3|94/100 tox|[from] psn
|upkeep
|turn|4
|
|t:|1660950309
|switch|p2a: Pretty gem|Sableye-Mega, F|100/100
|move|p1a: Fuck you <3|Toxic|p2a: Pretty gem
|move|p2a: Pretty gem|Toxic|p1a: Fuck you <3|[from]ability: Magic Bounce
|-fail|p1a: Fuck you <3|tox
|
|-damage|p1a: Fuck you <3|82/100 tox|[from] psn
|upkeep
|turn|5
|
|t:|1660950322
|switch|p1a: Legit god|Arceus-Ground|100/100
|switch|p2a: Eternal storm|Kyogre|100/100
|-weather|RainDance|[from] ability: Drizzle|[of] p2a: Eternal storm
|
|-weather|RainDance|[upkeep]
|upkeep
|turn|6
|
|t:|1660950332
|switch|p1a: Fuck you <3|Ditto, shiny|82/100 tox
|-transform|p1a: Fuck you <3|p2a: Eternal storm|[from] ability: Imposter
|move|p2a: Eternal storm|Calm Mind|p2a: Eternal storm
|-boost|p2a: Eternal storm|spa|1
|-boost|p2a: Eternal storm|spd|1
|
|-weather|RainDance|[upkeep]
|-damage|p1a: Fuck you <3|76/100 tox|[from] psn
|upkeep
|turn|7
|c|☆MRH1106|WTF IS THIS SET LMAO
|
|t:|1660950344
|switch|p1a: Knifepuppy|Zacian-Crowned|100/100
|-ability|p1a: Knifepuppy|Intrepid Sword|boost
|-boost|p1a: Knifepuppy|atk|1
|move|p2a: Eternal storm|Ice Beam|p1a: Knifepuppy
|-resisted|p1a: Knifepuppy
|-damage|p1a: Knifepuppy|81/100
|
|-weather|RainDance|[upkeep]
|upkeep
|turn|8
|c|☆Buck is stallish|This is a standard gen 8 set
|c|☆Buck is stallish|i decided to use it here
|c|☆MRH1106|no spout or origin pulse
|inactive|Buck is stallish has 120 seconds left.
|
|t:|1660950377
|switch|p2a: White phoenix|Lugia|100/100
|move|p1a: Knifepuppy|Wild Charge|p2a: White phoenix
|-supereffective|p2a: White phoenix
|-damage|p2a: White phoenix|74/100
|-damage|p1a: Knifepuppy|72/100|[from] Recoil
|
|-weather|RainDance|[upkeep]
|-heal|p2a: White phoenix|80/100|[from] item: Leftovers
|upkeep
|turn|9
|
|t:|1660950383
|switch|p2a: Fearless priest|Arceus-Ground|100/100
|move|p1a: Knifepuppy|Crunch|p2a: Fearless priest
|-damage|p2a: Fearless priest|74/100
|
|-weather|none
|upkeep
|turn|10
|
|t:|1660950387
|move|p1a: Knifepuppy|Behemoth Blade|p2a: Fearless priest
|-damage|p2a: Fearless priest|28/100
|move|p2a: Fearless priest|Recover|p2a: Fearless priest
|-heal|p2a: Fearless priest|78/100
|
|upkeep
|turn|11
|
|t:|1660950391
|switch|p1a: Legit god|Arceus-Ground|100/100
|move|p2a: Fearless priest|Will-O-Wisp|p1a: Legit god
|-status|p1a: Legit god|brn
|
|-damage|p1a: Legit god|94/100 brn|[from] brn
|upkeep
|turn|12
|
|t:|1660950395
|move|p1a: Legit god|Ice Beam|p2a: Fearless priest
|-supereffective|p2a: Fearless priest
|-damage|p2a: Fearless priest|45/100
|move|p2a: Fearless priest|Recover|p2a: Fearless priest
|-heal|p2a: Fearless priest|95/100
|
|-damage|p1a: Legit god|88/100 brn|[from] brn
|upkeep
|turn|13
|
|t:|1660950399
|move|p1a: Legit god|Ice Beam|p2a: Fearless priest
|-supereffective|p2a: Fearless priest
|-crit|p2a: Fearless priest
|-damage|p2a: Fearless priest|51/100
|-status|p2a: Fearless priest|frz
|cant|p2a: Fearless priest|frz
|
|-damage|p1a: Legit god|82/100 brn|[from] brn
|upkeep
|turn|14
|j| OHLive
|c|☆MRH1106|LMAO
|
|t:|1660950421
|switch|p2a: Tough pink lady|Chansey, F|100/100
|move|p1a: Legit god|Ice Beam|p2a: Tough pink lady
|-damage|p2a: Tough pink lady|94/100
|
|-damage|p1a: Legit god|76/100 brn|[from] brn
|upkeep
|turn|15
|
|t:|1660950429
|switch|p2a: Eternal storm|Kyogre|100/100
|-weather|RainDance|[from] ability: Drizzle|[of] p2a: Eternal storm
|move|p1a: Legit god|Recover|p1a: Legit god
|-heal|p1a: Legit god|100/100 brn
|
|-weather|RainDance|[upkeep]
|-damage|p1a: Legit god|94/100 brn|[from] brn
|upkeep
|turn|16
|
|t:|1660950439
|switch|p1a: Knifepuppy|Zacian-Crowned|72/100
|-ability|p1a: Knifepuppy|Intrepid Sword|boost
|-boost|p1a: Knifepuppy|atk|1
|move|p2a: Eternal storm|Scald|p1a: Knifepuppy
|-damage|p1a: Knifepuppy|18/100
|
|-weather|RainDance|[upkeep]
|upkeep
|turn|17
|c|☆MRH1106|gg
|
|t:|1660950460
|move|p1a: Knifepuppy|Crunch|p2a: Eternal storm
|-crit|p2a: Eternal storm
|-damage|p2a: Eternal storm|49/100
|move|p2a: Eternal storm|Scald|p1a: Knifepuppy
|-damage|p1a: Knifepuppy|0 fnt
|faint|p1a: Knifepuppy
|
|-weather|RainDance|[upkeep]
|-heal|p2a: Eternal storm|55/100|[from] item: Leftovers
|upkeep
|j| v87
|
|t:|1660950471
|switch|p1a: Hells dragon|Yveltal, shiny|100/100
|-ability|p1a: Hells dragon|Dark Aura
|turn|18
|
|t:|1660950485
|switch|p2a: Tough pink lady|Chansey, F|94/100
|-start|p1a: Hells dragon|Dynamax|
|-heal|p1a: Hells dragon|100/100|[silent]
|move|p1a: Hells dragon|Max Darkness|p2a: Tough pink lady
|-damage|p2a: Tough pink lady|31/100
|-unboost|p2a: Tough pink lady|spd|1
|-damage|p1a: Hells dragon|96/100|[from] item: Life Orb
|
|-weather|RainDance|[upkeep]
|upkeep
|turn|19
|c|☆MRH1106|lmao
|c|☆MRH1106|goated predict fr
|
|t:|1660950498
|move|p1a: Hells dragon|Max Darkness|p2a: Tough pink lady
|-damage|p2a: Tough pink lady|0 fnt
|faint|p2a: Tough pink lady
|-damage|p1a: Hells dragon|91/100|[from] item: Life Orb
|
|-weather|none
|upkeep
|
|t:|1660950501
|switch|p2a: Eternal storm|Kyogre|55/100
|-weather|RainDance|[from] ability: Drizzle|[of] p2a: Eternal storm
|turn|20
|
|t:|1660950503
|-start|p2a: Eternal storm|Dynamax|
|-heal|p2a: Eternal storm|55/100|[silent]
|move|p2a: Eternal storm|Max Guard|p2a: Eternal storm
|-singleturn|p2a: Eternal storm|Max Guard
|move|p1a: Hells dragon|Max Airstream|p2a: Eternal storm
|-activate|p2a: Eternal storm|move: Max Guard
|
|-weather|RainDance|[upkeep]
|-heal|p2a: Eternal storm|58/100|[from] item: Leftovers
|upkeep
|-end|p1a: Hells dragon|Dynamax
|-heal|p1a: Hells dragon|91/100|[silent]
|turn|21
|c|☆Buck is stallish|I decided to sack anyway
|c|☆Buck is stallish|nothing goated
|
|t:|1660950528
|switch|p1a: Fuck you <3|Ditto, shiny|76/100 tox
|-transform|p1a: Fuck you <3|p2a: Eternal storm|[from] ability: Imposter
|move|p2a: Eternal storm|Max Hailstorm|p1a: Fuck you <3
|-resisted|p1a: Fuck you <3
|-damage|p1a: Fuck you <3|58/100 tox
|-weather|Hail
|
|-weather|Hail|[upkeep]
|-damage|p1a: Fuck you <3|52/100 tox|[from] Hail
|-damage|p2a: Eternal storm|55/100|[from] Hail
|-heal|p2a: Eternal storm|58/100|[from] item: Leftovers
|-damage|p1a: Fuck you <3|46/100 tox|[from] psn
|upkeep
|turn|22
|
|t:|1660950536
|move|p1a: Fuck you <3|Rest|p1a: Fuck you <3
|-status|p1a: Fuck you <3|slp|[from] move: Rest
|-heal|p1a: Fuck you <3|100/100 slp|[silent]
|move|p2a: Eternal storm|Max Geyser|p1a: Fuck you <3
|-resisted|p1a: Fuck you <3
|-damage|p1a: Fuck you <3|75/100 slp
|-weather|RainDance
|
|-weather|RainDance|[upkeep]
|-heal|p2a: Eternal storm|61/100|[from] item: Leftovers
|upkeep
|-end|p2a: Eternal storm|Dynamax
|-heal|p2a: Eternal storm|61/100|[silent]
|turn|23
|
|t:|1660950543
|cant|p1a: Fuck you <3|slp
|move|p2a: Eternal storm|Ice Beam|p1a: Fuck you <3
|-resisted|p1a: Fuck you <3
|-damage|p1a: Fuck you <3|63/100 slp
|
|-weather|RainDance|[upkeep]
|-heal|p2a: Eternal storm|67/100|[from] item: Leftovers
|upkeep
|turn|24
|
|t:|1660950545
|cant|p1a: Fuck you <3|slp
|move|p2a: Eternal storm|Calm Mind|p2a: Eternal storm
|-boost|p2a: Eternal storm|spa|1
|-boost|p2a: Eternal storm|spd|1
|
|-weather|RainDance|[upkeep]
|-heal|p2a: Eternal storm|73/100|[from] item: Leftovers
|upkeep
|turn|25
|
|t:|1660950548
|-curestatus|p1a: Fuck you <3|slp|[msg]
|move|p1a: Fuck you <3|Rest|p1a: Fuck you <3
|-status|p1a: Fuck you <3|slp|[from] move: Rest
|-heal|p1a: Fuck you <3|100/100 slp|[silent]
|move|p2a: Eternal storm|Ice Beam|p1a: Fuck you <3
|-resisted|p1a: Fuck you <3
|-damage|p1a: Fuck you <3|82/100 slp
|
|-weather|RainDance|[upkeep]
|-heal|p2a: Eternal storm|79/100|[from] item: Leftovers
|upkeep
|turn|26
|
|t:|1660950551
|cant|p1a: Fuck you <3|slp
|move|p2a: Eternal storm|Calm Mind|p2a: Eternal storm
|-boost|p2a: Eternal storm|spa|1
|-boost|p2a: Eternal storm|spd|1
|
|-weather|none
|-heal|p2a: Eternal storm|86/100|[from] item: Leftovers
|upkeep
|turn|27
|
|t:|1660950555
|cant|p1a: Fuck you <3|slp
|move|p2a: Eternal storm|Ice Beam|p1a: Fuck you <3
|-resisted|p1a: Fuck you <3
|-damage|p1a: Fuck you <3|59/100 slp
|
|-heal|p2a: Eternal storm|92/100|[from] item: Leftovers
|upkeep
|turn|28
|
|t:|1660950564
|-curestatus|p1a: Fuck you <3|slp|[msg]
|move|p1a: Fuck you <3|Rest|p1a: Fuck you <3
|-status|p1a: Fuck you <3|slp|[from] move: Rest
|-heal|p1a: Fuck you <3|100/100 slp|[silent]
|move|p2a: Eternal storm|Calm Mind|p2a: Eternal storm
|-boost|p2a: Eternal storm|spa|1
|-boost|p2a: Eternal storm|spd|1
|
|-heal|p2a: Eternal storm|98/100|[from] item: Leftovers
|upkeep
|turn|29
|c|☆MRH1106|fuck
|c|☆MRH1106|i was banking on not waking up
|
|t:|1660950573
|cant|p1a: Fuck you <3|slp
|move|p2a: Eternal storm|Ice Beam|p1a: Fuck you <3
|-resisted|p1a: Fuck you <3
|-damage|p1a: Fuck you <3|67/100 slp
|
|-heal|p2a: Eternal storm|100/100|[from] item: Leftovers
|upkeep
|turn|30
|
|t:|1660950579
|cant|p1a: Fuck you <3|slp
|move|p2a: Eternal storm|Scald|p1a: Fuck you <3
|-resisted|p1a: Fuck you <3
|-crit|p1a: Fuck you <3
|-damage|p1a: Fuck you <3|1/100 slp
|
|upkeep
|turn|31
|
|t:|1660950596
|-curestatus|p1a: Fuck you <3|slp|[msg]
|move|p1a: Fuck you <3|Rest|p1a: Fuck you <3
|-status|p1a: Fuck you <3|slp|[from] move: Rest
|-heal|p1a: Fuck you <3|100/100 slp|[silent]
|move|p2a: Eternal storm|Scald|p1a: Fuck you <3
|-resisted|p1a: Fuck you <3
|-damage|p1a: Fuck you <3|59/100 slp
|
|upkeep
|turn|32
|
|t:|1660950599
|cant|p1a: Fuck you <3|slp
|move|p2a: Eternal storm|Calm Mind|p2a: Eternal storm
|-boost|p2a: Eternal storm|spa|1
|-boost|p2a: Eternal storm|spd|1
|
|upkeep
|turn|33
|
|t:|1660950601
|cant|p1a: Fuck you <3|slp
|move|p2a: Eternal storm|Scald|p1a: Fuck you <3
|-resisted|p1a: Fuck you <3
|-damage|p1a: Fuck you <3|7/100 slp
|
|upkeep
|turn|34
|
|t:|1660950605
|-curestatus|p1a: Fuck you <3|slp|[msg]
|move|p1a: Fuck you <3|Rest|p1a: Fuck you <3
|-status|p1a: Fuck you <3|slp|[from] move: Rest
|-heal|p1a: Fuck you <3|100/100 slp|[silent]
|move|p2a: Eternal storm|Calm Mind|p2a: Eternal storm
|-boost|p2a: Eternal storm|spa|1
|-boost|p2a: Eternal storm|spd|1
|
|upkeep
|turn|35
|c|☆MRH1106|you messed up friend
|
|t:|1660950620
|switch|p1a: Legit god|Arceus-Ground|94/100 brn
|move|p2a: Eternal storm|Scald|p1a: Legit god
|-supereffective|p1a: Legit god
|-damage|p1a: Legit god|0 fnt
|faint|p1a: Legit god
|
|upkeep
|
|t:|1660950621
|switch|p1a: Fuck you <3|Ditto, shiny|100/100 slp
|-transform|p1a: Fuck you <3|p2a: Eternal storm|[from] ability: Imposter
|-weather|RainDance|[from] ability: Drizzle|[of] p1a: Fuck you <3
|turn|36
|
|t:|1660950629
|cant|p1a: Fuck you <3|slp
|move|p2a: Eternal storm|Scald|p1a: Fuck you <3
|-resisted|p1a: Fuck you <3
|-damage|p1a: Fuck you <3|77/100 slp
|
|-weather|RainDance|[upkeep]
|upkeep
|turn|37
|
|t:|1660950633
|cant|p1a: Fuck you <3|slp
|move|p2a: Eternal storm|Calm Mind|p2a: Eternal storm
|-boost|p2a: Eternal storm|spa|1
|-boost|p2a: Eternal storm|spd|1
|
|-weather|RainDance|[upkeep]
|upkeep
|turn|38
|
|t:|1660950635
|-curestatus|p1a: Fuck you <3|slp|[msg]
|move|p1a: Fuck you <3|Scald|p2a: Eternal storm
|-resisted|p2a: Eternal storm
|-damage|p2a: Eternal storm|85/100
|move|p2a: Eternal storm|Scald|p1a: Fuck you <3
|-resisted|p1a: Fuck you <3
|-damage|p1a: Fuck you <3|50/100
|
|-weather|RainDance|[upkeep]
|-heal|p2a: Eternal storm|91/100|[from] item: Leftovers
|upkeep
|turn|39
|
|t:|1660950642
|move|p1a: Fuck you <3|Scald|p2a: Eternal storm
|-resisted|p2a: Eternal storm
|-damage|p2a: Eternal storm|75/100
|move|p2a: Eternal storm|Scald|p1a: Fuck you <3
|-resisted|p1a: Fuck you <3
|-damage|p1a: Fuck you <3|24/100
|-status|p1a: Fuck you <3|brn
|
|-weather|RainDance|[upkeep]
|-heal|p2a: Eternal storm|82/100|[from] item: Leftovers
|-damage|p1a: Fuck you <3|18/100 brn|[from] brn
|upkeep
|turn|40
|
|t:|1660950646
|move|p1a: Fuck you <3|Scald|p2a: Eternal storm
|-resisted|p2a: Eternal storm
|-damage|p2a: Eternal storm|67/100
|move|p2a: Eternal storm|Scald|p1a: Fuck you <3
|-resisted|p1a: Fuck you <3
|-damage|p1a: Fuck you <3|0 fnt
|faint|p1a: Fuck you <3
|
|-weather|none
|-heal|p2a: Eternal storm|73/100|[from] item: Leftovers
|upkeep
|
|t:|1660950648
|switch|p1a: Rayyyy|Rayquaza|100/100
|-ability|p1a: Rayyyy|Air Lock
|turn|41
|j| cjojnann
|
|t:|1660950655
|detailschange|p1a: Rayyyy|Rayquaza-Mega
|-mega|p1a: Rayyyy|Rayquaza|
|-weather|DeltaStream|[from] ability: Delta Stream|[of] p1a: Rayyyy
|move|p1a: Rayyyy|Dragon Ascent|p2a: Eternal storm
|-damage|p2a: Eternal storm|12/100
|-unboost|p1a: Rayyyy|def|1
|-unboost|p1a: Rayyyy|spd|1
|move|p2a: Eternal storm|Ice Beam|p1a: Rayyyy
|-activate||deltastream
|-supereffective|p1a: Rayyyy
|-enditem|p1a: Rayyyy|Focus Sash
|-damage|p1a: Rayyyy|1/100
|
|-weather|DeltaStream|[upkeep]
|-heal|p2a: Eternal storm|18/100|[from] item: Leftovers
|upkeep
|turn|42
|c| OHLive|dito loses this 1v1 wdym...
|
|t:|1660950672
|move|p1a: Rayyyy|Dragon Ascent|p2a: Eternal storm
|-damage|p2a: Eternal storm|0 fnt
|-unboost|p1a: Rayyyy|def|1
|-unboost|p1a: Rayyyy|spd|1
|faint|p2a: Eternal storm
|
|-weather|DeltaStream|[upkeep]
|upkeep
|
|t:|1660950676
|switch|p2a: White phoenix|Lugia|80/100
|turn|43
|
|t:|1660950681
|move|p1a: Rayyyy|Dragon Ascent|p2a: White phoenix
|-damage|p2a: White phoenix|36/100
|-unboost|p1a: Rayyyy|def|1
|-unboost|p1a: Rayyyy|spd|1
|move|p2a: White phoenix|Roost|p2a: White phoenix
|-heal|p2a: White phoenix|86/100
|-singleturn|p2a: White phoenix|move: Roost
|
|-weather|DeltaStream|[upkeep]
|-heal|p2a: White phoenix|92/100|[from] item: Leftovers
|upkeep
|turn|44
|
|t:|1660950692
|move|p1a: Rayyyy|Dragon Ascent|p2a: White phoenix
|-damage|p2a: White phoenix|46/100
|-unboost|p1a: Rayyyy|def|1
|-unboost|p1a: Rayyyy|spd|1
|move|p2a: White phoenix|Roost|p2a: White phoenix
|-heal|p2a: White phoenix|96/100
|-singleturn|p2a: White phoenix|move: Roost
|
|-weather|DeltaStream|[upkeep]
|-heal|p2a: White phoenix|100/100|[from] item: Leftovers
|upkeep
|turn|45
|
|t:|1660950697
|-weather|none
|switch|p1a: Hells dragon|Yveltal, shiny|91/100
|-ability|p1a: Hells dragon|Dark Aura
|move|p2a: White phoenix|Roost||[still]
|-fail|p2a: White phoenix|heal
|
|upkeep
|turn|46
|
|t:|1660950700
|move|p1a: Hells dragon|Taunt|p2a: White phoenix
|-start|p2a: White phoenix|move: Taunt
|cant|p2a: White phoenix|move: Taunt|Toxic
|
|upkeep
|turn|47
|
|t:|1660950706
|switch|p2a: Fearless priest|Arceus-Ground|51/100 frz
|move|p1a: Hells dragon|Oblivion Wing|p2a: Fearless priest
|-damage|p2a: Fearless priest|16/100 frz
|-heal|p1a: Hells dragon|100/100|[from] drain|[of] p2a: Fearless priest
|-damage|p1a: Hells dragon|91/100|[from] item: Life Orb
|
|upkeep
|turn|48
|
|t:|1660950709
|switch|p1a: Rayyyy|Rayquaza-Mega|1/100
|-weather|DeltaStream|[from] ability: Delta Stream|[of] p1a: Rayyyy
|cant|p2a: Fearless priest|frz
|
|-weather|DeltaStream|[upkeep]
|upkeep
|turn|49
|
|t:|1660950716
|switch|p2a: White phoenix|Lugia|100/100
|move|p1a: Rayyyy|Dragon Dance|p1a: Rayyyy
|-boost|p1a: Rayyyy|atk|1
|-boost|p1a: Rayyyy|spe|1
|
|-weather|DeltaStream|[upkeep]
|upkeep
|turn|50
|
|t:|1660950718
|move|p1a: Rayyyy|Dragon Ascent|p2a: White phoenix
|-damage|p2a: White phoenix|67/100
|-unboost|p1a: Rayyyy|def|1
|-unboost|p1a: Rayyyy|spd|1
|move|p2a: White phoenix|Roost|p2a: White phoenix
|-heal|p2a: White phoenix|100/100
|-singleturn|p2a: White phoenix|move: Roost
|
|-weather|DeltaStream|[upkeep]
|upkeep
|turn|51
|
|t:|1660950721
|move|p1a: Rayyyy|Dragon Dance|p1a: Rayyyy
|-boost|p1a: Rayyyy|atk|1
|-boost|p1a: Rayyyy|spe|1
|move|p2a: White phoenix|Ice Beam|p1a: Rayyyy
|-activate||deltastream
|-supereffective|p1a: Rayyyy
|-damage|p1a: Rayyyy|0 fnt
|faint|p1a: Rayyyy
|-weather|none
|
|upkeep
|
|t:|1660950732
|switch|p1a: YeeHaw~|Calyrex-Shadow|100/100
|-ability|p1a: YeeHaw~|As One
|-ability|p1a: YeeHaw~|Unnerve
|turn|52
|c|☆MRH1106|oh fuck
|c|☆MRH1106|i have the wrong calyrex LMAO
|c|☆MRH1106|welp shit i lose now
|
|t:|1660950754
|switch|p2a: Raven of death|Yveltal, shiny|100/100
|-ability|p2a: Raven of death|Dark Aura
|move|p1a: YeeHaw~|Nasty Plot|p1a: YeeHaw~
|-boost|p1a: YeeHaw~|spa|2
|
|upkeep
|turn|53
|
|t:|1660950757
|move|p2a: Raven of death|U-turn|p1a: YeeHaw~
|-damage|p1a: YeeHaw~|74/100
|
|t:|1660950760
|switch|p2a: Fearless priest|Arceus-Ground|16/100 frz|[from]move: U-turn
|move|p1a: YeeHaw~|Draining Kiss|p2a: Fearless priest
|-damage|p2a: Fearless priest|0 fnt
|-heal|p1a: YeeHaw~|89/100|[from] drain|[of] p2a: Fearless priest
|faint|p2a: Fearless priest
|-ability|p1a: YeeHaw~|Grim Neigh|boost
|-boost|p1a: YeeHaw~|spa|1
|
|upkeep
|
|t:|1660950762
|switch|p2a: Raven of death|Yveltal, shiny|100/100
|-ability|p2a: Raven of death|Dark Aura
|turn|54
|
|t:|1660950766
|switch|p1a: Hells dragon|Yveltal, shiny|91/100
|-ability|p1a: Hells dragon|Dark Aura
|move|p2a: Raven of death|Knock Off|p1a: Hells dragon
|-resisted|p1a: Hells dragon
|-damage|p1a: Hells dragon|58/100
|-enditem|p1a: Hells dragon|Life Orb|[from] move: Knock Off|[of] p2a: Raven of death
|
|upkeep
|turn|55
|
|t:|1660950774
|switch|p2a: White phoenix|Lugia|100/100
|move|p1a: Hells dragon|Oblivion Wing|p2a: White phoenix
|-damage|p2a: White phoenix|90/100
|-heal|p1a: Hells dragon|67/100|[from] drain|[of] p2a: White phoenix
|
|-heal|p2a: White phoenix|96/100|[from] item: Leftovers
|upkeep
|turn|56
|
|t:|1660950778
|switch|p2a: Pretty gem|Sableye-Mega, F|100/100
|move|p1a: Hells dragon|Taunt|p2a: Pretty gem
|move|p2a: Pretty gem|Taunt|p1a: Hells dragon|[from]ability: Magic Bounce
|-start|p1a: Hells dragon|move: Taunt
|
|upkeep
|turn|57
|
|t:|1660950785
|move|p1a: Hells dragon|Oblivion Wing|p2a: Pretty gem
|-damage|p2a: Pretty gem|56/100
|-heal|p1a: Hells dragon|93/100|[from] drain|[of] p2a: Pretty gem
|move|p2a: Pretty gem|Will-O-Wisp|p1a: Hells dragon|[miss]
|-miss|p2a: Pretty gem|p1a: Hells dragon
|
|upkeep
|turn|58
|
|t:|1660950793
|switch|p2a: White phoenix|Lugia|96/100
|move|p1a: Hells dragon|Oblivion Wing|p2a: White phoenix
|-damage|p2a: White phoenix|73/100
|-heal|p1a: Hells dragon|100/100|[from] drain|[of] p2a: White phoenix
|
|-heal|p2a: White phoenix|80/100|[from] item: Leftovers
|upkeep
|turn|59
|
|t:|1660950796
|move|p1a: Hells dragon|Oblivion Wing|p2a: White phoenix
|-damage|p2a: White phoenix|54/100
|move|p2a: White phoenix|Toxic|p1a: Hells dragon|[miss]
|-miss|p2a: White phoenix|p1a: Hells dragon
|
|-heal|p2a: White phoenix|61/100|[from] item: Leftovers
|-end|p1a: Hells dragon|move: Taunt
|upkeep
|turn|60
|c|☆MRH1106|i have plot armor :)
|c|☆Buck is stallish|This is shocking
|c|☆MRH1106|LMAO
|
|t:|1660950811
|switch|p2a: Pretty gem|Sableye-Mega, F|56/100
|move|p1a: Hells dragon|Taunt|p2a: Pretty gem
|move|p2a: Pretty gem|Taunt|p1a: Hells dragon|[from]ability: Magic Bounce
|-start|p1a: Hells dragon|move: Taunt
|
|upkeep
|turn|61
|
|t:|1660950817
|switch|p2a: White phoenix|Lugia|61/100
|move|p1a: Hells dragon|Oblivion Wing|p2a: White phoenix
|-damage|p2a: White phoenix|36/100
|
|-heal|p2a: White phoenix|42/100|[from] item: Leftovers
|upkeep
|turn|62
|
|t:|1660950823
|switch|p1a: YeeHaw~|Calyrex-Shadow|89/100
|-ability|p1a: YeeHaw~|As One
|-ability|p1a: YeeHaw~|Unnerve
|move|p2a: White phoenix|Roost|p2a: White phoenix
|-heal|p2a: White phoenix|92/100
|-singleturn|p2a: White phoenix|move: Roost
|
|-heal|p2a: White phoenix|98/100|[from] item: Leftovers
|upkeep
|turn|63
|
|t:|1660950836
|switch|p2a: Raven of death|Yveltal, shiny|100/100
|-ability|p2a: Raven of death|Dark Aura
|move|p1a: YeeHaw~|Astral Barrage|p2a: Raven of death
|-resisted|p2a: Raven of death
|-damage|p2a: Raven of death|75/100
|
|upkeep
|turn|64
|
|t:|1660950840
|switch|p1a: Hells dragon|Yveltal, shiny|100/100
|-ability|p1a: Hells dragon|Dark Aura
|move|p2a: Raven of death|U-turn|p1a: Hells dragon
|-damage|p1a: Hells dragon|77/100
|
|t:|1660950843
|switch|p2a: White phoenix|Lugia|98/100|[from]move: U-turn
|
|-heal|p2a: White phoenix|100/100|[from] item: Leftovers
|upkeep
|turn|65
|
|t:|1660950847
|move|p1a: Hells dragon|Oblivion Wing|p2a: White phoenix
|-damage|p2a: White phoenix|88/100
|-heal|p1a: Hells dragon|86/100|[from] drain|[of] p2a: White phoenix
|move|p2a: White phoenix|Toxic|p1a: Hells dragon
|-status|p1a: Hells dragon|tox
|
|-heal|p2a: White phoenix|94/100|[from] item: Leftovers
|-damage|p1a: Hells dragon|80/100 tox|[from] psn
|upkeep
|turn|66
|
|t:|1660950851
|move|p1a: Hells dragon|Taunt|p2a: White phoenix
|-start|p2a: White phoenix|move: Taunt
|move|p2a: White phoenix|Ice Beam|p1a: Hells dragon
|-supereffective|p1a: Hells dragon
|-damage|p1a: Hells dragon|46/100 tox
|
|-heal|p2a: White phoenix|100/100|[from] item: Leftovers
|-damage|p1a: Hells dragon|33/100 tox|[from] psn
|upkeep
|turn|67
|c|☆MRH1106|bro this is the time you dont swap?
|
|t:|1660950861
|switch|p2a: Pretty gem|Sableye-Mega, F|56/100
|move|p1a: Hells dragon|Oblivion Wing|p2a: Pretty gem
|-damage|p2a: Pretty gem|11/100
|-heal|p1a: Hells dragon|59/100 tox|[from] drain|[of] p2a: Pretty gem
|
|-damage|p1a: Hells dragon|41/100 tox|[from] psn
|upkeep
|turn|68
|
|t:|1660950867
|move|p2a: Pretty gem|Protect|p2a: Pretty gem
|-singleturn|p2a: Pretty gem|Protect
|move|p1a: Hells dragon|Oblivion Wing|p2a: Pretty gem
|-activate|p2a: Pretty gem|move: Protect
|
|-damage|p1a: Hells dragon|16/100 tox|[from] psn
|upkeep
|turn|69
|
|t:|1660950870
|move|p1a: Hells dragon|Oblivion Wing|p2a: Pretty gem
|-damage|p2a: Pretty gem|0 fnt
|-heal|p1a: Hells dragon|23/100 tox|[from] drain|[of] p2a: Pretty gem
|faint|p2a: Pretty gem
|
|-damage|p1a: Hells dragon|0 fnt|[from] psn
|faint|p1a: Hells dragon
|upkeep
|
|t:|1660950874
|switch|p1a: YeeHaw~|Calyrex-Shadow|89/100
|switch|p2a: Raven of death|Yveltal, shiny|75/100
|-ability|p1a: YeeHaw~|As One
|-ability|p1a: YeeHaw~|Unnerve
|-ability|p2a: Raven of death|Dark Aura
|turn|70
|c|☆Buck is stallish|Ggwp
|c|☆MRH1106|gg i played like shit lmao
|c|☆Buck is stallish|i should stop playing at midnight
|c|☆Buck is stallish|it actually gives people a chance
|
|t:|1660950903
|move|p2a: Raven of death|Knock Off|p1a: YeeHaw~
|-supereffective|p1a: YeeHaw~
|-damage|p1a: YeeHaw~|0 fnt
|-enditem|p1a: YeeHaw~|Focus Sash|[from] move: Knock Off|[of] p2a: Raven of death
|faint|p1a: YeeHaw~
|
|win|Buck is stallish
|raw|MRH1106's rating: 1777 &rarr; <strong>1759</strong><br />(-18 for losing)
|raw|Buck is stallish's rating: 1818 &rarr; <strong>1836</strong><br />(+18 for winning)
|c|☆MRH1106|wait wtf
|c|☆MRH1106|how are you faster LMAO
|c|☆MRH1106|that thing was scared?
|c|☆Buck is stallish|Scarf?
|c|☆MRH1106|scarfed-
|c|☆Buck is stallish|Yes
|c|☆MRH1106|bruh
|c|☆MRH1106|welp gg
|c| OHLive|scarf yvel is insane
|c|☆Buck is stallish|Yup
|c| OHLive|that was a fun match to watch
|c|☆Buck is stallish|glad to hear so
|c|☆MRH1106|if i didn't be dumb with my ditto i probably won that
|c| OHLive|wait buck max att or speed?
|c| OHLive|on the yvel
||Ladder isn't responding, score probably updated but might not have (Request timeout).
