|j|☆DarkNoms Official
|j|☆alwaysrinse
|t:|1621885712
|gametype|singles
|player|p1|DarkNoms Official|steven|1674
|player|p2|alwaysrinse|265|1919
|teamsize|p1|6
|teamsize|p2|6
|gen|8
|tier|[Gen 8] National Dex AG
|rated|
|rule|HP Percentage Mod: HP is shown in percentages
|rule|Endless Battle Clause: Forcing endless battles is banned
|clearpoke
|poke|p1|Marshadow|
|poke|p1|Dialga|
|poke|p1|Rayquaza|
|poke|p1|Ditto|
|poke|p1|Zacian-*|
|poke|p1|Arceus-*|
|poke|p2|Quagsire, M|
|poke|p2|Chansey, F|
|poke|p2|Tyranitar, F|
|poke|p2|Lugia|
|poke|p2|Sableye, F|
|poke|p2|Giratina|
|teampreview
|inactive|Battle timer is ON: inactive players will automatically lose when time's up. (requested by DarkNoms Official)
|c|☆DarkNoms Official|I just saw this team on a 900 rated player
|c|☆DarkNoms Official|and I lost
|inactive|DarkNoms Official has 120 seconds left.
|c|☆DarkNoms Official|sooo I have low hopes
|
|t:|1621885756
|start
|switch|p1a: Choccy Milk God|Arceus-Ground|100/100
|switch|p2a: Sableye|Sableye, F|100/100
|turn|1
|
|t:|1621885762
|detailschange|p2a: Sableye|Sableye-Mega, F
|-mega|p2a: Sableye|Sableye|Sablenite
|move|p2a: Sableye|Fake Out|p1a: Choccy Milk God
|-damage|p1a: Choccy Milk God|94/100
|cant|p1a: Choccy Milk God|flinch
|
|upkeep
|turn|2
|
|t:|1621885774
|switch|p2a: Chansey|Chansey, F|100/100
|move|p1a: Choccy Milk God|Swords Dance|p1a: Choccy Milk God
|-boost|p1a: Choccy Milk God|atk|2
|
|upkeep
|turn|3
|
|t:|1621885782
|switch|p2a: Giratina|Giratina|100/100
|-ability|p2a: Giratina|Pressure
|move|p1a: Choccy Milk God|Swords Dance|p1a: Choccy Milk God
|-boost|p1a: Choccy Milk God|atk|2
|
|upkeep
|turn|4
|
|t:|1621885791
|-zpower|p1a: Choccy Milk God
|move|p1a: Choccy Milk God|Tectonic Rage|p2a: Giratina|[zeffect]
|-damage|p2a: Giratina|0 fnt
|faint|p2a: Giratina
|
|upkeep
|
|t:|1621885798
|switch|p2a: Quagsire|Quagsire, M|100/100
|turn|5
|
|t:|1621885803
|move|p1a: Choccy Milk God|Earthquake|p2a: Quagsire
|-damage|p2a: Quagsire|69/100
|move|p2a: Quagsire|Toxic|p1a: Choccy Milk God
|-status|p1a: Choccy Milk God|tox
|
|-heal|p2a: Quagsire|75/100|[from] item: Leftovers
|-damage|p1a: Choccy Milk God|88/100 tox|[from] psn
|upkeep
|turn|6
|
|t:|1621885811
|move|p1a: Choccy Milk God|Earthquake|p2a: Quagsire
|-damage|p2a: Quagsire|40/100
|move|p2a: Quagsire|Recover|p2a: Quagsire
|-heal|p2a: Quagsire|90/100
|
|-heal|p2a: Quagsire|96/100|[from] item: Leftovers
|-damage|p1a: Choccy Milk God|76/100 tox|[from] psn
|upkeep
|turn|7
|
|t:|1621885838
|switch|p1a: Dialga|Dialga|100/100
|-ability|p1a: Dialga|Pressure
|move|p2a: Quagsire|Earthquake|p1a: Dialga
|-supereffective|p1a: Dialga
|-enditem|p1a: Dialga|Shuca Berry|[eat]
|-enditem|p1a: Dialga|Shuca Berry|[weaken]
|-damage|p1a: Dialga|78/100
|
|-heal|p2a: Quagsire|100/100|[from] item: Leftovers
|upkeep
|turn|8
|
|t:|1621885849
|switch|p2a: Sableye|Sableye-Mega, F|100/100
|-start|p1a: Dialga|Dynamax
|-heal|p1a: Dialga|78/100|[silent]
|move|p1a: Dialga|Max Airstream|p2a: Sableye
|-damage|p2a: Sableye|55/100
|-boost|p1a: Dialga|spe|1
|
|upkeep
|turn|9
|
|t:|1621885859
|switch|p2a: Quagsire|Quagsire, M|100/100
|move|p1a: Dialga|Max Airstream|p2a: Quagsire
|-damage|p2a: Quagsire|44/100
|-boost|p1a: Dialga|spe|1
|
|-heal|p2a: Quagsire|50/100|[from] item: Leftovers
|upkeep
|turn|10
|
|t:|1621885873
|switch|p2a: Sableye|Sableye-Mega, F|55/100
|move|p1a: Dialga|Max Airstream|p2a: Sableye
|-damage|p2a: Sableye|10/100
|-boost|p1a: Dialga|spe|1
|
|-end|p1a: Dialga|Dynamax
|-heal|p1a: Dialga|78/100|[silent]
|upkeep
|turn|11
|
|t:|1621885883
|move|p1a: Dialga|Earth Power|p2a: Sableye
|-damage|p2a: Sableye|0 fnt
|faint|p2a: Sableye
|
|upkeep
|
|t:|1621885888
|switch|p2a: Chansey|Chansey, F|100/100
|turn|12
|
|t:|1621885897
|switch|p1a: Choccy Milk God|Arceus-Ground|76/100 tox
|move|p2a: Chansey|Confide|p1a: Choccy Milk God
|-unboost|p1a: Choccy Milk God|spa|1
|
|-damage|p1a: Choccy Milk God|70/100 tox|[from] psn
|upkeep
|turn|13
|
|t:|1621885904
|switch|p2a: Quagsire|Quagsire, M|50/100
|move|p1a: Choccy Milk God|Earthquake|p2a: Quagsire
|-damage|p2a: Quagsire|18/100
|
|-heal|p2a: Quagsire|24/100|[from] item: Leftovers
|-damage|p1a: Choccy Milk God|58/100 tox|[from] psn
|upkeep
|turn|14
|
|t:|1621885912
|switch|p2a: Lugia|Lugia|100/100
|move|p1a: Choccy Milk God|Earthquake|p2a: Lugia
|-immune|p2a: Lugia
|
|-damage|p1a: Choccy Milk God|40/100 tox|[from] psn
|upkeep
|turn|15
|
|t:|1621885919
|move|p1a: Choccy Milk God|Stone Edge|p2a: Lugia
|-supereffective|p2a: Lugia
|-damage|p2a: Lugia|85/100
|move|p2a: Lugia|Ice Beam|p1a: Choccy Milk God
|-supereffective|p1a: Choccy Milk God
|-damage|p1a: Choccy Milk God|9/100 tox
|
|-damage|p1a: Choccy Milk God|0 fnt|[from] psn
|faint|p1a: Choccy Milk God
|upkeep
|
|t:|1621885938
|switch|p1a: Marshadow|Marshadow|100/100
|turn|16
|
|t:|1621885945
|move|p1a: Marshadow|Spectral Thief|p2a: Lugia
|-supereffective|p2a: Lugia
|-damage|p2a: Lugia|39/100
|move|p2a: Lugia|Roost|p2a: Lugia
|-heal|p2a: Lugia|89/100
|-singleturn|p2a: Lugia|move: Roost
|
|upkeep
|turn|17
|
|t:|1621885955
|move|p1a: Marshadow|Spectral Thief|p2a: Lugia
|-supereffective|p2a: Lugia
|-damage|p2a: Lugia|45/100
|move|p2a: Lugia|Roost|p2a: Lugia
|-heal|p2a: Lugia|95/100
|-singleturn|p2a: Lugia|move: Roost
|
|upkeep
|turn|18
|
|t:|1621885967
|move|p1a: Marshadow|Spectral Thief|p2a: Lugia
|-supereffective|p2a: Lugia
|-damage|p2a: Lugia|50/100
|move|p2a: Lugia|Roost|p2a: Lugia
|-heal|p2a: Lugia|99/100
|-singleturn|p2a: Lugia|move: Roost
|
|upkeep
|turn|19
|
|t:|1621885975
|move|p1a: Marshadow|Spectral Thief|p2a: Lugia
|-supereffective|p2a: Lugia
|-damage|p2a: Lugia|52/100
|move|p2a: Lugia|Roost|p2a: Lugia
|-heal|p2a: Lugia|100/100
|-singleturn|p2a: Lugia|move: Roost
|
|upkeep
|turn|20
|
|t:|1621885986
|move|p1a: Marshadow|Shadow Sneak|p2a: Lugia
|-supereffective|p2a: Lugia
|-damage|p2a: Lugia|87/100
|move|p2a: Lugia|Toxic|p1a: Marshadow
|-status|p1a: Marshadow|tox
|
|-damage|p1a: Marshadow|94/100 tox|[from] psn
|upkeep
|turn|21
|
|t:|1621886002
|move|p1a: Marshadow|Spectral Thief|p2a: Lugia
|-supereffective|p2a: Lugia
|-damage|p2a: Lugia|38/100
|move|p2a: Lugia|Roost|p2a: Lugia
|-heal|p2a: Lugia|88/100
|-singleturn|p2a: Lugia|move: Roost
|
|-damage|p1a: Marshadow|82/100 tox|[from] psn
|upkeep
|turn|22
|
|t:|1621886013
|move|p1a: Marshadow|Spectral Thief|p2a: Lugia
|-supereffective|p2a: Lugia
|-damage|p2a: Lugia|42/100
|move|p2a: Lugia|Roost|p2a: Lugia
|-heal|p2a: Lugia|92/100
|-singleturn|p2a: Lugia|move: Roost
|
|-damage|p1a: Marshadow|63/100 tox|[from] psn
|upkeep
|turn|23
|
|t:|1621886038
|move|p1a: Marshadow|Spectral Thief|p2a: Lugia
|-supereffective|p2a: Lugia
|-damage|p2a: Lugia|44/100
|move|p2a: Lugia|Roost|p2a: Lugia
|-heal|p2a: Lugia|94/100
|-singleturn|p2a: Lugia|move: Roost
|
|-damage|p1a: Marshadow|38/100 tox|[from] psn
|upkeep
|turn|24
|inactive|alwaysrinse has 120 seconds left.
|
|t:|1621886059
|move|p1a: Marshadow|Spectral Thief|p2a: Lugia
|-supereffective|p2a: Lugia
|-damage|p2a: Lugia|49/100
|move|p2a: Lugia|Roost|p2a: Lugia
|-heal|p2a: Lugia|99/100
|-singleturn|p2a: Lugia|move: Roost
|
|-damage|p1a: Marshadow|7/100 tox|[from] psn
|upkeep
|turn|25
|
|t:|1621886069
|move|p1a: Marshadow|Spectral Thief|p2a: Lugia
|-supereffective|p2a: Lugia
|-damage|p2a: Lugia|52/100
|move|p2a: Lugia|Roost|p2a: Lugia
|-heal|p2a: Lugia|100/100
|-singleturn|p2a: Lugia|move: Roost
|
|-damage|p1a: Marshadow|0 fnt|[from] psn
|faint|p1a: Marshadow
|upkeep
|
|t:|1621886080
|switch|p1a: Zacian|Zacian-Crowned|100/100
|-ability|p1a: Zacian|Intrepid Sword|boost
|-boost|p1a: Zacian|atk|1
|turn|26
|
|t:|1621886089
|move|p1a: Zacian|Swords Dance|p1a: Zacian
|-boost|p1a: Zacian|atk|2
|move|p2a: Lugia|Ice Beam|p1a: Zacian
|-resisted|p1a: Zacian
|-damage|p1a: Zacian|91/100
|
|upkeep
|turn|27
|
|t:|1621886096
|move|p1a: Zacian|Swords Dance|p1a: Zacian
|-boost|p1a: Zacian|atk|2
|move|p2a: Lugia|Whirlwind|p1a: Zacian
|drag|p1a: Dialga|Dialga|78/100
|-ability|p1a: Dialga|Pressure
|
|upkeep
|turn|28
|
|t:|1621886105
|switch|p2a: Chansey|Chansey, F|100/100
|move|p1a: Dialga|Thunderbolt|p2a: Chansey
|-damage|p2a: Chansey|91/100
|
|upkeep
|turn|29
|
|t:|1621886118
|switch|p1a: Zacian|Zacian-Crowned|91/100
|-ability|p1a: Zacian|Intrepid Sword|boost
|-boost|p1a: Zacian|atk|1
|move|p2a: Chansey|Confide|p1a: Zacian
|-unboost|p1a: Zacian|spa|1
|
|upkeep
|turn|30
|
|t:|1621886127
|switch|p2a: Lugia|Lugia|100/100
|move|p1a: Zacian|Swords Dance|p1a: Zacian
|-boost|p1a: Zacian|atk|2
|
|upkeep
|turn|31
|c|☆DarkNoms Official|!weak lugias
|c| DarkNoms Official|/raw <div class="infobox">lugias isn't a recognized type or Pokemon.</div>
|c|☆DarkNoms Official|!weak lugia
|c| DarkNoms Official|/raw <div class="infobox">Lugia (ignoring abilities):<br /><span class="message-effect-weak">Weaknesses</span>: Dark, Electric, Ghost, Ice, Rock<br /><span class="message-effect-resist">Resistances</span>: <b>Fighting</b>, Grass, Psychic<br /><span class="message-effect-immune">Immunities</span>: Ground</div>
|
|t:|1621886143
|move|p1a: Zacian|Behemoth Blade|p2a: Lugia
|-damage|p2a: Lugia|58/100
|move|p2a: Lugia|Whirlwind|p1a: Zacian
|drag|p1a: Rayquaza|Rayquaza|100/100
|-ability|p1a: Rayquaza|Air Lock
|
|upkeep
|turn|32
|
|t:|1621886157
|detailschange|p1a: Rayquaza|Rayquaza-Mega
|-mega|p1a: Rayquaza|Rayquaza|
|-weather|DeltaStream|[from] ability: Delta Stream|[of] p1a: Rayquaza
|move|p1a: Rayquaza|Dragon Ascent|p2a: Lugia
|-damage|p2a: Lugia|7/100
|-unboost|p1a: Rayquaza|def|1
|-unboost|p1a: Rayquaza|spd|1
|-damage|p1a: Rayquaza|91/100|[from] item: Life Orb
|move|p2a: Lugia|Roost|p2a: Lugia
|-heal|p2a: Lugia|57/100
|-singleturn|p2a: Lugia|move: Roost
|
|-weather|DeltaStream|[upkeep]
|upkeep
|turn|33
|
|t:|1621886172
|move|p1a: Rayquaza|Dragon Ascent|p2a: Lugia
|-crit|p2a: Lugia
|-damage|p2a: Lugia|0 fnt
|-unboost|p1a: Rayquaza|def|1
|-unboost|p1a: Rayquaza|spd|1
|faint|p2a: Lugia
|-damage|p1a: Rayquaza|81/100|[from] item: Life Orb
|
|-weather|DeltaStream|[upkeep]
|upkeep
|
|t:|1621886176
|switch|p2a: Tyranitar|Tyranitar, F|100/100
|-ability|p2a: Tyranitar|Sand Stream|[from] deltastream|[fail]
|turn|34
|
|t:|1621886183
|-weather|none
|switch|p1a: Dialga|Dialga|78/100
|-ability|p1a: Dialga|Pressure
|-start|p2a: Tyranitar|Dynamax
|-heal|p2a: Tyranitar|100/100|[silent]
|move|p2a: Tyranitar|Max Rockfall|p1a: Dialga
|-resisted|p1a: Dialga
|-damage|p1a: Dialga|60/100
|-weather|Sandstorm
|
|-weather|Sandstorm|[upkeep]
|upkeep
|turn|35
|
|t:|1621886198
|move|p2a: Tyranitar|Max Guard|p2a: Tyranitar
|-singleturn|p2a: Tyranitar|Max Guard
|move|p1a: Dialga|Earth Power|p2a: Tyranitar
|-activate|p2a: Tyranitar|move: Max Guard
|
|-weather|Sandstorm|[upkeep]
|upkeep
|turn|36
|
|t:|1621886208
|-end|p2a: Tyranitar|Dynamax
|-heal|p2a: Tyranitar|100/100|[silent]
|switch|p2a: Chansey|Chansey, F|91/100
|move|p1a: Dialga|Earth Power|p2a: Chansey
|-damage|p2a: Chansey|81/100
|
|-weather|Sandstorm|[upkeep]
|-damage|p2a: Chansey|75/100|[from] Sandstorm
|upkeep
|turn|37
|
|t:|1621886218
|switch|p1a: Zacian|Zacian-Crowned|91/100
|-ability|p1a: Zacian|Intrepid Sword|boost
|-boost|p1a: Zacian|atk|1
|move|p2a: Chansey|Soft-Boiled|p2a: Chansey
|-heal|p2a: Chansey|100/100
|
|-weather|Sandstorm|[upkeep]
|-damage|p2a: Chansey|94/100|[from] Sandstorm
|upkeep
|turn|38
|
|t:|1621886245
|switch|p2a: Tyranitar|Tyranitar, F|100/100
|move|p1a: Zacian|Swords Dance|p1a: Zacian
|-boost|p1a: Zacian|atk|2
|
|-weather|none
|upkeep
|turn|39
|
|t:|1621886252
|move|p1a: Zacian|Behemoth Blade|p2a: Tyranitar
|-supereffective|p2a: Tyranitar
|-damage|p2a: Tyranitar|0 fnt
|faint|p2a: Tyranitar
|
|upkeep
|
|t:|1621886256
|switch|p2a: Quagsire|Quagsire, M|24/100
|turn|40
|
|t:|1621886259
|move|p1a: Zacian|Close Combat|p2a: Quagsire
|-damage|p2a: Quagsire|0 fnt
|-unboost|p1a: Zacian|def|1
|-unboost|p1a: Zacian|spd|1
|faint|p2a: Quagsire
|
|upkeep
|
|t:|1621886269
|switch|p2a: Chansey|Chansey, F|94/100
|turn|41
|
|t:|1621886272
|move|p1a: Zacian|Close Combat|p2a: Chansey
|-supereffective|p2a: Chansey
|-damage|p2a: Chansey|0 fnt
|-unboost|p1a: Zacian|def|1
|-unboost|p1a: Zacian|spd|1
|faint|p2a: Chansey
|
|win|DarkNoms Official
|raw|DarkNoms Official's rating: 1674 &rarr; <strong>1706</strong><br />(+32 for winning)
|raw|alwaysrinse's rating: 1926 &rarr; <strong>1894</strong><br />(-32 for losing)
|l|☆alwaysrinse
|c|☆DarkNoms Official|well uh
||Ladder isn't responding, score probably updated but might not have (Request timeout).
|l|☆DarkNoms Official
|j|☆DarkNoms Official
|player|p1|DarkNoms Official|steven
|inactive|Battle timer is ON: inactive players will automatically lose when time's up. (requested by DarkNoms Official)
