|j|☆Byrd_13
|j|☆Buck X
|t:|1662909515
|gametype|singles
|player|p1|Byrd_13|169|1578
|player|p2|Buck X|ethan|1797
|teamsize|p1|6
|teamsize|p2|6
|gen|8
|tier|[Gen 8] National Dex AG
|rated|
|rule|HP Percentage Mod: HP is shown in percentages
|rule|Endless Battle Clause: Forcing endless battles is banned
|clearpoke
|poke|p1|Ferrothorn, M|
|poke|p1|Excadrill, F|
|poke|p1|Kyogre|
|poke|p1|Arceus-*|
|poke|p1|Darmanitan-Galar, F|
|poke|p1|Ditto|
|poke|p2|Groudon|
|poke|p2|Rayquaza|
|poke|p2|Calyrex-Shadow|
|poke|p2|Arceus-*|
|poke|p2|Yveltal|
|poke|p2|Marshadow|
|teampreview
|inactive|Battle timer is ON: inactive players will automatically lose when time's up. (requested by Buck X)
|
|t:|1662909524
|start
|switch|p1a: Ferrothorn|Ferrothorn, M|100/100
|switch|p2a: Behemoth|Groudon, shiny|100/100
|detailschange|p2a: Behemoth|Groudon-Primal, shiny
|-primal|p2a: Behemoth
|-weather|DesolateLand|[from] ability: Desolate Land|[of] p2a: Behemoth
|turn|1
|
|t:|1662909535
|move|p2a: Behemoth|Stealth Rock|p1a: Ferrothorn
|-sidestart|p1: Byrd_13|move: Stealth Rock
|move|p1a: Ferrothorn|Stealth Rock|p2a: Behemoth
|-sidestart|p2: Buck X|move: Stealth Rock
|
|-weather|DesolateLand|[upkeep]
|upkeep
|turn|2
|
|t:|1662909541
|move|p2a: Behemoth|Swords Dance|p2a: Behemoth
|-boost|p2a: Behemoth|atk|2
|move|p1a: Ferrothorn|Toxic|p2a: Behemoth
|-status|p2a: Behemoth|tox
|
|-weather|DesolateLand|[upkeep]
|-damage|p2a: Behemoth|94/100 tox|[from] psn
|upkeep
|turn|3
|
|t:|1662909546
|move|p2a: Behemoth|Precipice Blades|p1a: Ferrothorn
|-damage|p1a: Ferrothorn|11/100
|move|p1a: Ferrothorn|Spikes|p2a: Behemoth
|-sidestart|p2: Buck X|Spikes
|
|-weather|DesolateLand|[upkeep]
|-damage|p2a: Behemoth|82/100 tox|[from] psn
|upkeep
|turn|4
|
|t:|1662909552
|move|p2a: Behemoth|Precipice Blades|p1a: Ferrothorn
|-damage|p1a: Ferrothorn|0 fnt
|faint|p1a: Ferrothorn
|
|-weather|DesolateLand|[upkeep]
|-damage|p2a: Behemoth|64/100 tox|[from] psn
|upkeep
|
|t:|1662909558
|switch|p1a: Ditto|Ditto|100/100
|-damage|p1a: Ditto|88/100|[from] Stealth Rock
|-transform|p1a: Ditto|p2a: Behemoth|[from] ability: Imposter
|turn|5
|
|t:|1662909568
|move|p1a: Ditto|Rock Tomb|p2a: Behemoth
|-damage|p2a: Behemoth|27/100 tox
|-unboost|p2a: Behemoth|spe|1
|move|p2a: Behemoth|Precipice Blades|p1a: Ditto|[miss]
|-miss|p2a: Behemoth|p1a: Ditto
|
|-weather|DesolateLand|[upkeep]
|-damage|p2a: Behemoth|3/100 tox|[from] psn
|upkeep
|turn|6
|
|t:|1662909577
|move|p1a: Ditto|Rock Tomb|p2a: Behemoth
|-damage|p2a: Behemoth|0 fnt
|faint|p2a: Behemoth
|
|-weather|DesolateLand|[upkeep]
|upkeep
|
|t:|1662909578
|switch|p2a: Ziz|Rayquaza, shiny|100/100
|-damage|p2a: Ziz|76/100|[from] Stealth Rock
|-ability|p2a: Ziz|Air Lock
|turn|7
|
|t:|1662909585
|detailschange|p2a: Ziz|Rayquaza-Mega, shiny
|-mega|p2a: Ziz|Rayquaza|
|-weather|DeltaStream|[from] ability: Delta Stream|[of] p2a: Ziz
|move|p1a: Ditto|Rock Tomb|p2a: Ziz
|-activate||deltastream
|-damage|p2a: Ziz|20/100
|-unboost|p2a: Ziz|spe|1
|move|p2a: Ziz|Earthquake|p1a: Ditto
|-supereffective|p1a: Ditto
|-damage|p1a: Ditto|0 fnt
|faint|p1a: Ditto
|-damage|p2a: Ziz|10/100|[from] item: Life Orb
|
|-weather|DeltaStream|[upkeep]
|upkeep
|
|t:|1662909609
|switch|p1a: Darmanitan|Darmanitan-Galar, F|100/100
|-damage|p1a: Darmanitan|76/100|[from] Stealth Rock
|turn|8
|
|t:|1662909613
|move|p2a: Ziz|Extreme Speed|p1a: Darmanitan
|-crit|p1a: Darmanitan
|-damage|p1a: Darmanitan|0 fnt
|faint|p1a: Darmanitan
|-damage|p2a: Ziz|0 fnt|[from] item: Life Orb
|faint|p2a: Ziz
|-weather|none
|
|upkeep
|
|t:|1662909624
|switch|p2a: Buck’s alter ego|Marshadow|100/100
|switch|p1a: Excadrill|Excadrill, F|100/100
|-damage|p2a: Buck’s alter ego|94/100|[from] Stealth Rock
|-damage|p2a: Buck’s alter ego|82/100|[from] Spikes
|-damage|p1a: Excadrill|97/100|[from] Stealth Rock
|-ability|p1a: Excadrill|Mold Breaker
|turn|9
|
|t:|1662909636
|move|p2a: Buck’s alter ego|Close Combat|p1a: Excadrill
|-supereffective|p1a: Excadrill
|-damage|p1a: Excadrill|0 fnt
|-unboost|p2a: Buck’s alter ego|def|1
|-unboost|p2a: Buck’s alter ego|spd|1
|faint|p1a: Excadrill
|-damage|p2a: Buck’s alter ego|72/100|[from] item: Life Orb
|
|upkeep
|
|t:|1662909645
|switch|p1a: Arceus|Arceus-Ground|100/100
|-damage|p1a: Arceus|94/100|[from] Stealth Rock
|turn|10
|
|t:|1662909650
|move|p2a: Buck’s alter ego|Close Combat|p1a: Arceus
|-damage|p1a: Arceus|55/100
|-unboost|p2a: Buck’s alter ego|def|1
|-unboost|p2a: Buck’s alter ego|spd|1
|-damage|p2a: Buck’s alter ego|62/100|[from] item: Life Orb
|move|p1a: Arceus|Calm Mind|p1a: Arceus
|-boost|p1a: Arceus|spa|1
|-boost|p1a: Arceus|spd|1
|
|upkeep
|turn|11
|
|t:|1662909659
|-start|p2a: Buck’s alter ego|Dynamax|
|-heal|p2a: Buck’s alter ego|62/100|[silent]
|move|p2a: Buck’s alter ego|Max Phantasm|p1a: Arceus
|-damage|p1a: Arceus|7/100
|-unboost|p1a: Arceus|def|1
|-damage|p2a: Buck’s alter ego|57/100|[from] item: Life Orb
|move|p1a: Arceus|Judgment|p2a: Buck’s alter ego
|-damage|p2a: Buck’s alter ego|0 fnt
|faint|p2a: Buck’s alter ego
|
|upkeep
|
|t:|1662909665
|switch|p2a: Transcendent Deity|Arceus|100/100
|-damage|p2a: Transcendent Deity|88/100|[from] Stealth Rock
|-damage|p2a: Transcendent Deity|76/100|[from] Spikes
|turn|12
|
|t:|1662909676
|move|p2a: Transcendent Deity|Extreme Speed|p1a: Arceus
|-damage|p1a: Arceus|0 fnt
|faint|p1a: Arceus
|-damage|p2a: Transcendent Deity|66/100|[from] item: Life Orb
|
|upkeep
|
|t:|1662909679
|switch|p1a: Kyogre|Kyogre|100/100
|-damage|p1a: Kyogre|88/100|[from] Stealth Rock
|-weather|RainDance|[from] ability: Drizzle|[of] p1a: Kyogre
|turn|13
|
|t:|1662909706
|-start|p1a: Kyogre|Dynamax|
|-heal|p1a: Kyogre|88/100|[silent]
|move|p2a: Transcendent Deity|Extreme Speed|p1a: Kyogre
|-damage|p1a: Kyogre|61/100
|-damage|p2a: Transcendent Deity|56/100|[from] item: Life Orb
|move|p1a: Kyogre|Max Geyser|p2a: Transcendent Deity
|-damage|p2a: Transcendent Deity|0 fnt
|faint|p2a: Transcendent Deity
|
|-weather|RainDance|[upkeep]
|upkeep
|
|t:|1662909715
|switch|p2a: Dawn|Calyrex-Shadow|100/100
|-ability|p2a: Dawn|As One
|-ability|p2a: Dawn|Unnerve
|-damage|p2a: Dawn|88/100|[from] Stealth Rock
|-damage|p2a: Dawn|76/100|[from] Spikes
|turn|14
|
|t:|1662909724
|move|p2a: Dawn|Substitute|p2a: Dawn
|-start|p2a: Dawn|Substitute
|-damage|p2a: Dawn|51/100
|move|p1a: Kyogre|Max Geyser|p2a: Dawn
|-end|p2a: Dawn|Substitute
|
|-weather|RainDance|[upkeep]
|upkeep
|turn|15
|
|t:|1662909729
|-zpower|p2a: Dawn
|move|p2a: Dawn|Never-Ending Nightmare|p1a: Kyogre|[zeffect]
|-damage|p1a: Kyogre|14/100
|move|p1a: Kyogre|Max Geyser|p2a: Dawn
|-damage|p2a: Dawn|0 fnt
|faint|p2a: Dawn
|
|-weather|RainDance|[upkeep]
|upkeep
|
|t:|1662909731
|switch|p2a: Twilight|Yveltal|100/100
|-damage|p2a: Twilight|76/100|[from] Stealth Rock
|-ability|p2a: Twilight|Dark Aura
|-end|p1a: Kyogre|Dynamax
|-heal|p1a: Kyogre|14/100|[silent]
|turn|16
|c|☆Buck X|Ggwp
|
|t:|1662909739
|move|p1a: Kyogre|Thunder|p2a: Twilight
|-supereffective|p2a: Twilight
|-damage|p2a: Twilight|2/100
|move|p2a: Twilight|Oblivion Wing|p1a: Kyogre
|-damage|p1a: Kyogre|0 fnt
|-heal|p2a: Twilight|10/100|[from] drain|[of] p1a: Kyogre
|faint|p1a: Kyogre
|-damage|p2a: Twilight|0 fnt|[from] item: Life Orb
|faint|p2a: Twilight
|
|win|Buck X
|raw|Byrd_13's rating: 1578 &rarr; <strong>1569</strong><br />(-9 for losing)
|raw|Buck X's rating: 1797 &rarr; <strong>1806</strong><br />(+9 for winning)
