|j|☆aseeasase
|j|☆UNeedDitto?
|t:|1656649746
|gametype|singles
|player|p1|aseeasase|170|1604
|player|p2|UNeedDitto?|170|1734
|teamsize|p1|6
|teamsize|p2|6
|gen|8
|tier|[Gen 8] National Dex AG
|rated|
|rule|HP Percentage Mod: HP is shown in percentages
|rule|Endless Battle Clause: Forcing endless battles is banned
|clearpoke
|poke|p1|Arceus-*|
|poke|p1|Arceus-*|
|poke|p1|Arceus-*|
|poke|p1|Arceus-*|
|poke|p1|Arceus-*|
|poke|p1|Arceus-*|
|poke|p2|Yveltal|
|poke|p2|Ferrothorn, M|
|poke|p2|Arceus-*|
|poke|p2|Marshadow|
|poke|p2|Calyrex-Shadow|
|poke|p2|Ho-Oh|
|teampreview
|inactive|Battle timer is ON: inactive players will automatically lose when time's up. (requested by UNeedDitto?)
|
|t:|1656649752
|start
|switch|p1a: Arceus|Arceus-Fairy|100/100
|switch|p2a: Rook|Arceus-Ground|100/100
|turn|1
|
|t:|1656649761
|switch|p2a: Bishop|Ho-Oh|100/100
|move|p1a: Arceus|Stealth Rock|p2a: Bishop
|-sidestart|p2: UNeedDitto?|move: Stealth Rock
|
|upkeep
|turn|2
|
|t:|1656649767
|move|p1a: Arceus|Magic Coat|p1a: Arceus
|-singleturn|p1a: Arceus|move: Magic Coat
|move|p2a: Bishop|Defog|p1a: Arceus
|move|p1a: Arceus|Defog|p2a: Bishop|[from]Magic Coat
|-unboost|p2a: Bishop|evasion|1
|-sideend|p2: UNeedDitto?|Stealth Rock|[from] move: Defog|[of] p1a: Arceus
|
|upkeep
|turn|3
|
|t:|1656649775
|-start|p2a: Bishop|Dynamax|
|-heal|p2a: Bishop|100/100|[silent]
|move|p1a: Arceus|Stealth Rock|p2a: Bishop
|-sidestart|p2: UNeedDitto?|move: Stealth Rock
|move|p2a: Bishop|Max Airstream|p1a: Arceus
|-damage|p1a: Arceus|38/100
|-boost|p2a: Bishop|spe|1
|
|upkeep
|turn|4
|
|t:|1656649789
|move|p1a: Arceus|Stealth Rock||[still]
|-fail|p1a: Arceus
|move|p2a: Bishop|Max Airstream|p1a: Arceus
|-damage|p1a: Arceus|0 fnt
|-boost|p2a: Bishop|spe|1
|faint|p1a: Arceus
|
|upkeep
|inactive|aseeasase has 120 seconds left.
|
|t:|1656649816
|switch|p1a: Arceus|Arceus-Ground|100/100
|turn|5
|
|t:|1656649821
|move|p2a: Bishop|Max Airstream|p1a: Arceus
|-damage|p1a: Arceus|36/100
|-boost|p2a: Bishop|spe|1
|move|p1a: Arceus|Stone Edge|p2a: Bishop
|-supereffective|p2a: Bishop
|-damage|p2a: Bishop|36/100
|
|upkeep
|-end|p2a: Bishop|Dynamax
|-heal|p2a: Bishop|36/100|[silent]
|turn|6
|j| rahull
|
|t:|1656649839
|move|p2a: Bishop|Defog|p1a: Arceus
|-unboost|p1a: Arceus|evasion|1
|-sideend|p2: UNeedDitto?|Stealth Rock|[from] move: Defog|[of] p2a: Bishop
|move|p1a: Arceus|Stone Edge|p2a: Bishop
|-supereffective|p2a: Bishop
|-damage|p2a: Bishop|0 fnt
|faint|p2a: Bishop
|
|upkeep
|
|t:|1656649843
|switch|p2a: Queen|Calyrex-Shadow|100/100
|-ability|p2a: Queen|As One
|-ability|p2a: Queen|Unnerve
|turn|7
|
|t:|1656649859
|switch|p1a: Arceus|Arceus|100/100
|move|p2a: Queen|Astral Barrage|p1a: Arceus
|-immune|p1a: Arceus
|
|upkeep
|turn|8
|
|t:|1656649870
|switch|p2a: Pawn|Ferrothorn, M|100/100
|move|p1a: Arceus|Calm Mind|p1a: Arceus
|-boost|p1a: Arceus|spa|1
|-boost|p1a: Arceus|spd|1
|
|upkeep
|turn|9
|inactive|aseeasase has 120 seconds left.
|
|t:|1656649886
|move|p1a: Arceus|Ice Beam|p2a: Pawn
|-damage|p2a: Pawn|62/100
|-damage|p1a: Arceus|91/100|[from] item: Life Orb
|move|p2a: Pawn|Leech Seed|p1a: Arceus
|-start|p1a: Arceus|move: Leech Seed
|
|-heal|p2a: Pawn|68/100|[from] item: Leftovers
|-damage|p1a: Arceus|78/100|[from] Leech Seed|[of] p2a: Pawn
|-heal|p2a: Pawn|82/100|[silent]
|upkeep
|turn|10
|inactive|aseeasase has 120 seconds left.
|
|t:|1656649897
|switch|p1a: Arceus|Arceus-Fire|100/100
|move|p2a: Pawn|Toxic|p1a: Arceus
|-status|p1a: Arceus|tox
|
|-heal|p2a: Pawn|88/100|[from] item: Leftovers
|-damage|p1a: Arceus|94/100 tox|[from] psn
|upkeep
|turn|11
|inactive|aseeasase has 120 seconds left.
|
|t:|1656649909
|move|p2a: Pawn|Protect|p2a: Pawn
|-singleturn|p2a: Pawn|Protect
|move|p1a: Arceus|Fire Blast|p2a: Pawn
|-activate|p2a: Pawn|move: Protect
|
|-heal|p2a: Pawn|94/100|[from] item: Leftovers
|-damage|p1a: Arceus|82/100 tox|[from] psn
|upkeep
|turn|12
|inactive|aseeasase has 120 seconds left.
|
|t:|1656649925
|switch|p2a: Rook|Arceus-Ground|100/100
|-zpower|p1a: Arceus
|move|p1a: Arceus|Inferno Overdrive|p2a: Rook|[zeffect]
|-damage|p2a: Rook|24/100
|
|-damage|p1a: Arceus|64/100 tox|[from] psn
|upkeep
|turn|13
|inactive|aseeasase has 120 seconds left.
|
|t:|1656649938
|switch|p2a: Queen|Calyrex-Shadow|100/100
|-ability|p2a: Queen|As One
|-ability|p2a: Queen|Unnerve
|move|p1a: Arceus|Ice Beam|p2a: Queen
|-damage|p2a: Queen|69/100
|
|-damage|p1a: Arceus|40/100 tox|[from] psn
|upkeep
|turn|14
|inactive|aseeasase has 120 seconds left.
|
|t:|1656649956
|move|p2a: Queen|Psyshock|p1a: Arceus
|-damage|p1a: Arceus|0 fnt
|faint|p1a: Arceus
|-ability|p2a: Queen|Grim Neigh|boost
|-boost|p2a: Queen|spa|1
|
|upkeep
|
|t:|1656649972
|switch|p1a: Arceus|Arceus|78/100
|turn|15
|
|t:|1656649976
|move|p2a: Queen|Psyshock|p1a: Arceus
|-damage|p1a: Arceus|22/100
|move|p1a: Arceus|Shadow Ball|p2a: Queen
|-supereffective|p2a: Queen
|-damage|p2a: Queen|0 fnt
|faint|p2a: Queen
|-damage|p1a: Arceus|12/100|[from] item: Life Orb
|
|upkeep
|
|t:|1656649982
|switch|p2a: Rook|Arceus-Ground|24/100
|turn|16
|inactive|aseeasase has 120 seconds left.
|
|t:|1656649989
|move|p2a: Rook|Extreme Speed|p1a: Arceus
|-damage|p1a: Arceus|0 fnt
|faint|p1a: Arceus
|
|upkeep
|inactive|aseeasase has 120 seconds left.
|
|t:|1656650000
|switch|p1a: Arceus|Arceus-Ground|36/100
|turn|17
|inactive|aseeasase has 120 seconds left.
|
|t:|1656650005
|switch|p2a: Pawn|Ferrothorn, M|94/100
|move|p1a: Arceus|Earthquake|p2a: Pawn
|-damage|p2a: Pawn|49/100
|
|-heal|p2a: Pawn|55/100|[from] item: Leftovers
|upkeep
|turn|18
|inactive|aseeasase has 120 seconds left.
|
|t:|1656650020
|move|p1a: Arceus|Earthquake|p2a: Pawn
|-damage|p2a: Pawn|4/100
|move|p2a: Pawn|Leech Seed|p1a: Arceus
|-start|p1a: Arceus|move: Leech Seed
|
|-heal|p2a: Pawn|10/100|[from] item: Leftovers
|-damage|p1a: Arceus|23/100|[from] Leech Seed|[of] p2a: Pawn
|-heal|p2a: Pawn|23/100|[silent]
|upkeep
|turn|19
|inactive|aseeasase has 120 seconds left.
|
|t:|1656650039
|move|p2a: Pawn|Protect|p2a: Pawn
|-singleturn|p2a: Pawn|Protect
|move|p1a: Arceus|Earthquake|p2a: Pawn
|-activate|p2a: Pawn|move: Protect
|
|-heal|p2a: Pawn|29/100|[from] item: Leftovers
|-damage|p1a: Arceus|11/100|[from] Leech Seed|[of] p2a: Pawn
|-heal|p2a: Pawn|43/100|[silent]
|upkeep
|turn|20
|
|t:|1656650051
|switch|p2a: King|Yveltal|100/100
|-ability|p2a: King|Dark Aura
|move|p1a: Arceus|Earthquake|p2a: King
|-immune|p2a: King
|
|-damage|p1a: Arceus|0 fnt|[from] Leech Seed|[of] p2a: King
|faint|p1a: Arceus
|upkeep
|
|t:|1656650068
|switch|p1a: Arceus|Arceus-Electric|100/100
|turn|21
|
|t:|1656650082
|switch|p2a: Rook|Arceus-Ground|24/100
|-start|p1a: Arceus|Dynamax|
|-heal|p1a: Arceus|100/100|[silent]
|move|p1a: Arceus|Max Lightning|p2a: Rook
|-immune|p2a: Rook
|
|upkeep
|turn|22
|
|t:|1656650094
|switch|p2a: Pawn|Ferrothorn, M|43/100
|move|p1a: Arceus|Max Hailstorm|p2a: Pawn
|-damage|p2a: Pawn|12/100
|-weather|Hail
|
|-weather|Hail|[upkeep]
|-damage|p1a: Arceus|97/100|[from] Hail
|-damage|p2a: Pawn|6/100|[from] Hail
|-heal|p2a: Pawn|12/100|[from] item: Leftovers
|upkeep
|turn|23
|
|t:|1656650109
|move|p2a: Pawn|Protect|p2a: Pawn
|-singleturn|p2a: Pawn|Protect
|move|p1a: Arceus|Max Lightning|p2a: Pawn
|-resisted|p2a: Pawn
|-zbroken|p2a: Pawn
|-damage|p2a: Pawn|5/100
|-fieldstart|move: Electric Terrain
|
|-weather|Hail|[upkeep]
|-damage|p1a: Arceus|94/100|[from] Hail
|-damage|p2a: Pawn|0 fnt|[from] Hail
|faint|p2a: Pawn
|upkeep
|
|t:|1656650115
|switch|p2a: Rook|Arceus-Ground|24/100
|-end|p1a: Arceus|Dynamax
|-heal|p1a: Arceus|94/100|[silent]
|turn|24
|
|t:|1656650127
|move|p1a: Arceus|Ice Beam|p2a: Rook
|-supereffective|p2a: Rook
|-damage|p2a: Rook|0 fnt
|faint|p2a: Rook
|
|-weather|Hail|[upkeep]
|-damage|p1a: Arceus|88/100|[from] Hail
|upkeep
|
|t:|1656650132
|switch|p2a: King|Yveltal|100/100
|-ability|p2a: King|Dark Aura
|turn|25
|
|t:|1656650138
|move|p1a: Arceus|Thunderbolt|p2a: King
|-supereffective|p2a: King
|-damage|p2a: King|0 fnt
|faint|p2a: King
|
|-weather|Hail|[upkeep]
|-damage|p1a: Arceus|82/100|[from] Hail
|upkeep
|
|t:|1656650141
|switch|p2a: Knight|Marshadow|100/100
|turn|26
|inactive|aseeasase has 120 seconds left.
|
|t:|1656650155
|move|p2a: Knight|Close Combat|p1a: Arceus
|-damage|p1a: Arceus|38/100
|-unboost|p2a: Knight|def|1
|-unboost|p2a: Knight|spd|1
|move|p1a: Arceus|Thunderbolt|p2a: Knight
|-enditem|p2a: Knight|Focus Sash
|-damage|p2a: Knight|1/100
|
|-weather|none
|upkeep
|turn|27
|inactive|aseeasase has 120 seconds left.
|
|t:|1656650165
|move|p2a: Knight|Close Combat|p1a: Arceus
|-damage|p1a: Arceus|0 fnt
|-unboost|p2a: Knight|def|1
|-unboost|p2a: Knight|spd|1
|faint|p1a: Arceus
|
|-fieldend|move: Electric Terrain
|upkeep
|inactive|aseeasase has 120 seconds left.
|
|t:|1656650173
|switch|p1a: Arceus|Arceus|100/100
|turn|28
|
|t:|1656650178
|move|p2a: Knight|Close Combat|p1a: Arceus
|-supereffective|p1a: Arceus
|-enditem|p1a: Arceus|Chople Berry|[eat]
|-enditem|p1a: Arceus|Chople Berry|[weaken]
|-damage|p1a: Arceus|63/100
|-unboost|p2a: Knight|def|1
|-unboost|p2a: Knight|spd|1
|move|p1a: Arceus|Shadow Claw|p2a: Knight
|-supereffective|p2a: Knight
|-damage|p2a: Knight|0 fnt
|faint|p2a: Knight
|
|win|aseeasase
|raw|aseeasase's rating: 1604 &rarr; <strong>1631</strong><br />(+27 for winning)
|raw|UNeedDitto?'s rating: 1734 &rarr; <strong>1707</strong><br />(-27 for losing)
|l|☆UNeedDitto?
