|j|☆Sensei Zenitsu
|j|☆Freeity
|t:|1649383027
|gametype|singles
|player|p1|Sensei Zenitsu|169|1633
|player|p2|Freeity|iris-gen5bw2|1879
|teamsize|p1|6
|teamsize|p2|6
|gen|8
|tier|[Gen 8] National Dex AG
|rated|
|rule|HP Percentage Mod: HP is shown in percentages
|rule|Endless Battle Clause: Forcing endless battles is banned
|clearpoke
|poke|p1|Zacian-*|
|poke|p1|Calyrex-Shadow|
|poke|p1|Kyogre|
|poke|p1|Ditto|
|poke|p1|Xerneas-*|
|poke|p1|Rayquaza|
|poke|p2|Arceus-*|
|poke|p2|Rayquaza|
|poke|p2|Arceus-*|
|poke|p2|Necrozma-Dusk-Mane|
|poke|p2|Kyogre|
|poke|p2|Arceus-*|
|teampreview
|
|t:|1649383033
|start
|switch|p1a: Je oma|Xerneas|100/100
|switch|p2a: Rayquaza|Rayquaza|100/100
|-ability|p2a: Rayquaza|Air Lock
|-ability|p1a: Je oma|Fairy Aura
|turn|1
|inactive|Battle timer is ON: inactive players will automatically lose when time's up. (requested by Sensei Zenitsu)
|
|t:|1649383075
|detailschange|p2a: Rayquaza|Rayquaza-Mega
|-mega|p2a: Rayquaza|Rayquaza|
|-weather|DeltaStream|[from] ability: Delta Stream|[of] p2a: Rayquaza
|move|p2a: Rayquaza|Dragon Ascent|p1a: Je oma
|-damage|p1a: Je oma|15/100
|-unboost|p2a: Rayquaza|def|1
|-unboost|p2a: Rayquaza|spd|1
|-damage|p2a: Rayquaza|91/100|[from] item: Life Orb
|move|p1a: Je oma|Geomancy||[still]
|-prepare|p1a: Je oma|Geomancy
|-enditem|p1a: Je oma|Power Herb
|-anim|p1a: Je oma|Geomancy|p1a: Je oma
|-boost|p1a: Je oma|spa|2
|-boost|p1a: Je oma|spd|2
|-boost|p1a: Je oma|spe|2
|
|-weather|DeltaStream|[upkeep]
|upkeep
|turn|2
|
|t:|1649383090
|move|p2a: Rayquaza|Extreme Speed|p1a: Je oma
|-damage|p1a: Je oma|0 fnt
|faint|p1a: Je oma
|-damage|p2a: Rayquaza|81/100|[from] item: Life Orb
|
|-weather|DeltaStream|[upkeep]
|upkeep
|
|t:|1649383102
|switch|p1a: Je moeder|Rayquaza|100/100
|-ability|p1a: Je moeder|Air Lock
|turn|3
|
|t:|1649383109
|detailschange|p1a: Je moeder|Rayquaza-Mega
|-mega|p1a: Je moeder|Rayquaza|
|move|p1a: Je moeder|Dragon Ascent|p2a: Rayquaza
|-damage|p2a: Rayquaza|0 fnt
|-unboost|p1a: Je moeder|def|1
|-unboost|p1a: Je moeder|spd|1
|faint|p2a: Rayquaza
|
|-weather|DeltaStream|[upkeep]
|upkeep
|
|t:|1649383115
|switch|p2a: Arceus|Arceus-Fairy|100/100
|turn|4
|
|t:|1649383139
|move|p2a: Arceus|Judgment|p1a: Je moeder
|-supereffective|p1a: Je moeder
|-enditem|p1a: Je moeder|Focus Sash
|-damage|p1a: Je moeder|1/100
|move|p1a: Je moeder|Dragon Ascent|p2a: Arceus
|-damage|p2a: Arceus|54/100
|-unboost|p1a: Je moeder|def|1
|-unboost|p1a: Je moeder|spd|1
|
|-weather|DeltaStream|[upkeep]
|upkeep
|turn|5
|
|t:|1649383149
|move|p1a: Je moeder|Extreme Speed|p2a: Arceus
|-damage|p2a: Arceus|34/100
|move|p2a: Arceus|Judgment|p1a: Je moeder
|-supereffective|p1a: Je moeder
|-damage|p1a: Je moeder|0 fnt
|faint|p1a: Je moeder
|-weather|none
|
|upkeep
|
|t:|1649383159
|switch|p1a: Zenitsu|Zacian-Crowned|100/100
|-ability|p1a: Zenitsu|Intrepid Sword|boost
|-boost|p1a: Zenitsu|atk|1
|turn|6
|
|t:|1649383164
|switch|p2a: Necrozma|Necrozma-Dusk-Mane|100/100
|move|p1a: Zenitsu|Behemoth Blade|p2a: Necrozma
|-resisted|p2a: Necrozma
|-damage|p2a: Necrozma|74/100
|-damage|p1a: Zenitsu|84/100|[from] item: Rocky Helmet|[of] p2a: Necrozma
|
|upkeep
|turn|7
|inactive|Sensei Zenitsu has 120 seconds left.
|
|t:|1649383194
|switch|p1a: Je opa|Ditto|100/100
|-transform|p1a: Je opa|p2a: Necrozma|[from] ability: Imposter
|move|p2a: Necrozma|Sunsteel Strike|p1a: Je opa
|-resisted|p1a: Je opa
|-damage|p1a: Je opa|77/100
|
|upkeep
|turn|8
|inactive|Sensei Zenitsu has 120 seconds left.
|
|t:|1649383213
|switch|p2a: Arceus|Arceus-Ground|100/100
|-start|p1a: Je opa|Dynamax|
|-heal|p1a: Je opa|77/100|[silent]
|move|p1a: Je opa|Max Darkness|p2a: Arceus
|-damage|p2a: Arceus|78/100
|-unboost|p2a: Arceus|spd|1
|
|upkeep
|turn|9
|inactive|Sensei Zenitsu has 120 seconds left.
|
|t:|1649383247
|move|p2a: Arceus|Judgment|p1a: Je opa
|-supereffective|p1a: Je opa
|-damage|p1a: Je opa|30/100
|move|p1a: Je opa|Max Steelspike|p2a: Arceus
|-damage|p2a: Arceus|42/100
|-boost|p1a: Je opa|def|1
|
|upkeep
|turn|10
|
|t:|1649383256
|move|p2a: Arceus|Judgment|p1a: Je opa
|-supereffective|p1a: Je opa
|-damage|p1a: Je opa|0 fnt
|faint|p1a: Je opa
|
|upkeep
|
|t:|1649383263
|switch|p1a: JE ZUS|Kyogre|100/100
|-weather|RainDance|[from] ability: Drizzle|[of] p1a: JE ZUS
|turn|11
|
|t:|1649383270
|move|p2a: Arceus|Judgment|p1a: JE ZUS
|-damage|p1a: JE ZUS|65/100
|move|p1a: JE ZUS|Water Spout|p2a: Arceus
|-supereffective|p2a: Arceus
|-damage|p2a: Arceus|0 fnt
|faint|p2a: Arceus
|
|-weather|RainDance|[upkeep]
|upkeep
|
|t:|1649383275
|switch|p2a: Kyogre|Kyogre|100/100
|detailschange|p2a: Kyogre|Kyogre-Primal
|-primal|p2a: Kyogre
|-weather|PrimordialSea|[from] ability: Primordial Sea|[of] p2a: Kyogre
|turn|12
|inactive|Sensei Zenitsu has 120 seconds left.
|
|t:|1649383300
|switch|p1a: Je vader|Calyrex-Shadow|100/100
|-ability|p1a: Je vader|As One
|-ability|p1a: Je vader|Unnerve
|move|p2a: Kyogre|Calm Mind|p2a: Kyogre
|-boost|p2a: Kyogre|spa|1
|-boost|p2a: Kyogre|spd|1
|
|-weather|PrimordialSea|[upkeep]
|upkeep
|turn|13
|
|t:|1649383309
|move|p1a: Je vader|Astral Barrage|p2a: Kyogre
|-damage|p2a: Kyogre|58/100
|move|p2a: Kyogre|Scald|p1a: Je vader
|-damage|p1a: Je vader|3/100
|
|-weather|PrimordialSea|[upkeep]
|upkeep
|turn|14
|inactive|Sensei Zenitsu has 120 seconds left.
|
|t:|1649383317
|move|p1a: Je vader|Astral Barrage|p2a: Kyogre
|-damage|p2a: Kyogre|17/100
|move|p2a: Kyogre|Scald|p1a: Je vader
|-damage|p1a: Je vader|0 fnt
|faint|p1a: Je vader
|
|-weather|PrimordialSea|[upkeep]
|upkeep
|inactive|Sensei Zenitsu has 120 seconds left.
|
|t:|1649383326
|switch|p1a: Zenitsu|Zacian-Crowned|84/100
|-ability|p1a: Zenitsu|Intrepid Sword|boost
|-boost|p1a: Zenitsu|atk|1
|turn|15
|
|t:|1649383333
|-weather|none
|switch|p2a: Necrozma|Necrozma-Dusk-Mane|74/100
|move|p1a: Zenitsu|Close Combat|p2a: Necrozma
|-damage|p2a: Necrozma|36/100
|-unboost|p1a: Zenitsu|def|1
|-unboost|p1a: Zenitsu|spd|1
|-damage|p1a: Zenitsu|67/100|[from] item: Rocky Helmet|[of] p2a: Necrozma
|
|upkeep
|turn|16
|
|t:|1649383344
|-start|p2a: Necrozma|Dynamax|
|-heal|p2a: Necrozma|36/100|[silent]
|move|p1a: Zenitsu|Close Combat|p2a: Necrozma
|-damage|p2a: Necrozma|15/100
|-unboost|p1a: Zenitsu|def|1
|-unboost|p1a: Zenitsu|spd|1
|-damage|p1a: Zenitsu|51/100|[from] item: Rocky Helmet|[of] p2a: Necrozma
|move|p2a: Necrozma|Max Steelspike|p1a: Zenitsu
|-damage|p1a: Zenitsu|0 fnt
|-boost|p2a: Necrozma|def|1
|faint|p1a: Zenitsu
|
|upkeep
|inactive|Sensei Zenitsu has 120 seconds left.
|
|t:|1649383357
|switch|p1a: JE ZUS|Kyogre|65/100
|-weather|RainDance|[from] ability: Drizzle|[of] p1a: JE ZUS
|turn|17
|
|t:|1649383362
|move|p2a: Necrozma|Max Guard|p2a: Necrozma
|-singleturn|p2a: Necrozma|Max Guard
|move|p1a: JE ZUS|Water Spout|p2a: Necrozma
|-activate|p2a: Necrozma|move: Max Guard
|
|-weather|RainDance|[upkeep]
|upkeep
|turn|18
|
|t:|1649383369
|move|p1a: JE ZUS|Water Spout|p2a: Necrozma
|-damage|p2a: Necrozma|0 fnt
|faint|p2a: Necrozma
|
|-weather|RainDance|[upkeep]
|upkeep
|
|t:|1649383375
|switch|p2a: Arceus|Arceus-Dark|100/100
|turn|19
|
|t:|1649383380
|move|p1a: JE ZUS|Water Spout|p2a: Arceus
|-crit|p2a: Arceus
|-damage|p2a: Arceus|7/100
|move|p2a: Arceus|Calm Mind|p2a: Arceus
|-boost|p2a: Arceus|spa|1
|-boost|p2a: Arceus|spd|1
|
|-weather|RainDance|[upkeep]
|upkeep
|turn|20
|c|☆Freeity|???
|
|t:|1649383389
|move|p1a: JE ZUS|Water Spout|p2a: Arceus
|-damage|p2a: Arceus|0 fnt
|faint|p2a: Arceus
|
|-weather|RainDance|[upkeep]
|upkeep
|
|t:|1649383391
|switch|p2a: Arceus|Arceus-Fairy|34/100
|turn|21
|
|t:|1649383397
|move|p2a: Arceus|Judgment|p1a: JE ZUS
|-damage|p1a: JE ZUS|29/100
|move|p1a: JE ZUS|Water Spout|p2a: Arceus
|-damage|p2a: Arceus|0 fnt
|faint|p2a: Arceus
|
|-weather|none
|upkeep
|
|t:|1649383402
|switch|p2a: Kyogre|Kyogre-Primal|17/100
|-weather|PrimordialSea|[from] ability: Primordial Sea|[of] p2a: Kyogre
|turn|22
|
|t:|1649383410
|move|p1a: JE ZUS|Water Spout|p2a: Kyogre
|-resisted|p2a: Kyogre
|-damage|p2a: Kyogre|2/100
|move|p2a: Kyogre|Rest|p2a: Kyogre
|-status|p2a: Kyogre|slp|[from] move: Rest
|-heal|p2a: Kyogre|100/100 slp|[silent]
|
|-weather|PrimordialSea|[upkeep]
|upkeep
|turn|23
|
|t:|1649383422
|move|p1a: JE ZUS|Water Spout|p2a: Kyogre
|-resisted|p2a: Kyogre
|-damage|p2a: Kyogre|86/100 slp
|cant|p2a: Kyogre|slp
|move|p2a: Kyogre|Sleep Talk|p2a: Kyogre
|move|p2a: Kyogre|Calm Mind|p2a: Kyogre|[from]move: Sleep Talk
|-boost|p2a: Kyogre|spa|1
|-boost|p2a: Kyogre|spd|1
|
|-weather|PrimordialSea|[upkeep]
|upkeep
|turn|24
|
|t:|1649383432
|-activate|p1a: JE ZUS|move: Struggle
|move|p1a: JE ZUS|Struggle|p2a: Kyogre
|-damage|p2a: Kyogre|81/100 slp
|-damage|p1a: JE ZUS|4/100|[from] recoil
|cant|p2a: Kyogre|slp
|move|p2a: Kyogre|Sleep Talk|p2a: Kyogre
|move|p2a: Kyogre|Scald|p1a: JE ZUS|[from]move: Sleep Talk
|-resisted|p1a: JE ZUS
|-damage|p1a: JE ZUS|0 fnt
|faint|p1a: JE ZUS
|
|win|Freeity
|raw|Sensei Zenitsu's rating: 1633 &rarr; <strong>1625</strong><br />(-8 for losing)
|raw|Freeity's rating: 1879 &rarr; <strong>1887</strong><br />(+8 for winning)
|l|☆Sensei Zenitsu
||Ladder isn't responding, score probably updated but might not have (Request timeout).
