|j|☆soda49
|j|☆pokemasterbrendan
|t:|1640759269
|gametype|singles
|player|p1|soda49|169|1782
|player|p2|pokemasterbrendan|riley|1673
|teamsize|p1|6
|teamsize|p2|6
|gen|8
|tier|[Gen 8] National Dex AG
|rated|
|rule|HP Percentage Mod: HP is shown in percentages
|rule|Endless Battle Clause: Forcing endless battles is banned
|clearpoke
|poke|p1|Smeargle, F|
|poke|p1|Charizard, M|
|poke|p1|Mimikyu, M|
|poke|p1|Calyrex-Shadow|
|poke|p1|Rayquaza|
|poke|p1|Skarmory, M|
|poke|p2|Rayquaza|
|poke|p2|Zacian-*|
|poke|p2|Yveltal|
|poke|p2|Necrozma-Dusk-Mane|
|poke|p2|Arceus-*|
|poke|p2|Ditto|
|teampreview
|inactive|Battle timer is ON: inactive players will automatically lose when time's up. (requested by pokemasterbrendan)
|inactive|soda49 also wants the timer to be on.
|c|☆pokemasterbrendan|gl hf
|c|☆soda49|You too
|
|t:|1640759283
|start
|switch|p1a: Charizard|Charizard, M|100/100
|switch|p2a: teamsky|Rayquaza|100/100
|-ability|p2a: teamsky|Air Lock
|turn|1
|
|t:|1640759299
|detailschange|p2a: teamsky|Rayquaza-Mega
|-mega|p2a: teamsky|Rayquaza|
|-weather|DeltaStream|[from] ability: Delta Stream|[of] p2a: teamsky
|-start|p1a: Charizard|Dynamax
|-formechange|p1a: Charizard|Charizard-Gmax
|-heal|p1a: Charizard|100/100|[silent]
|move|p2a: teamsky|Scale Shot|p1a: Charizard
|-damage|p1a: Charizard|85/100
|-damage|p1a: Charizard|66/100
|-damage|p1a: Charizard|49/100
|-hitcount|p1a: Charizard|3
|-unboost|p2a: teamsky|def|1
|-boost|p2a: teamsky|spe|1
|-damage|p2a: teamsky|91/100|[from] item: Life Orb
|move|p1a: Charizard|Max Airstream|p2a: teamsky
|-damage|p2a: teamsky|29/100
|-boost|p1a: Charizard|spe|1
|
|-weather|DeltaStream|[upkeep]
|upkeep
|turn|2
|
|t:|1640759315
|move|p2a: teamsky|Dragon Ascent|p1a: Charizard
|-damage|p1a: Charizard|0 fnt
|-unboost|p2a: teamsky|def|1
|-unboost|p2a: teamsky|spd|1
|faint|p1a: Charizard
|-damage|p2a: teamsky|19/100|[from] item: Life Orb
|
|-weather|DeltaStream|[upkeep]
|upkeep
|
|t:|1640759323
|switch|p1a: Mimikyu|Mimikyu, M|100/100
|turn|3
|
|t:|1640759336
|move|p2a: teamsky|Dragon Ascent|p1a: Mimikyu
|-activate|p1a: Mimikyu|ability: Disguise
|-damage|p1a: Mimikyu|100/100
|-unboost|p2a: teamsky|def|1
|-unboost|p2a: teamsky|spd|1
|detailschange|p1a: Mimikyu|Mimikyu-Busted, M
|-damage|p1a: Mimikyu|88/100|[from] pokemon: Mimikyu-Busted
|-damage|p2a: teamsky|9/100|[from] item: Life Orb
|move|p1a: Mimikyu|Trick Room|p1a: Mimikyu
|-fieldstart|move: Trick Room|[of] p1a: Mimikyu
|
|-weather|DeltaStream|[upkeep]
|upkeep
|turn|4
|
|t:|1640759359
|-weather|none
|switch|p2a: dawnwingssucks|Necrozma-Dusk-Mane|100/100
|-zpower|p1a: Mimikyu
|move|p1a: Mimikyu|Never-Ending Nightmare|p2a: dawnwingssucks|[zeffect]
|-supereffective|p2a: dawnwingssucks
|-damage|p2a: dawnwingssucks|41/100
|
|upkeep
|turn|5
|
|t:|1640759371
|move|p1a: Mimikyu|Destiny Bond|p1a: Mimikyu
|-singlemove|p1a: Mimikyu|Destiny Bond
|move|p2a: dawnwingssucks|Morning Sun|p2a: dawnwingssucks
|-heal|p2a: dawnwingssucks|91/100
|
|upkeep
|turn|6
|
|t:|1640759379
|move|p1a: Mimikyu|Curse|p2a: dawnwingssucks
|-start|p2a: dawnwingssucks|Curse|[of] p1a: Mimikyu
|-damage|p1a: Mimikyu|38/100
|move|p2a: dawnwingssucks|Toxic|p1a: Mimikyu
|-status|p1a: Mimikyu|tox
|
|-damage|p1a: Mimikyu|32/100 tox|[from] psn
|-damage|p2a: dawnwingssucks|67/100|[from] Curse
|upkeep
|turn|7
|
|t:|1640759390
|move|p1a: Mimikyu|Destiny Bond|p1a: Mimikyu
|-singlemove|p1a: Mimikyu|Destiny Bond
|move|p2a: dawnwingssucks|Morning Sun|p2a: dawnwingssucks
|-heal|p2a: dawnwingssucks|100/100
|
|-damage|p1a: Mimikyu|20/100 tox|[from] psn
|-damage|p2a: dawnwingssucks|76/100|[from] Curse
|-fieldend|move: Trick Room
|upkeep
|turn|8
|
|t:|1640759397
|move|p2a: dawnwingssucks|Stealth Rock|p1a: Mimikyu
|-sidestart|p1: soda49|move: Stealth Rock
|move|p1a: Mimikyu|Curse||[still]
|-fail|p1a: Mimikyu
|
|-damage|p1a: Mimikyu|2/100 tox|[from] psn
|-damage|p2a: dawnwingssucks|51/100|[from] Curse
|upkeep
|turn|9
|
|t:|1640759405
|move|p2a: dawnwingssucks|Morning Sun|p2a: dawnwingssucks
|-heal|p2a: dawnwingssucks|100/100
|move|p1a: Mimikyu|Curse||[still]
|-fail|p1a: Mimikyu
|
|-damage|p1a: Mimikyu|0 fnt|[from] psn
|faint|p1a: Mimikyu
|-damage|p2a: dawnwingssucks|76/100|[from] Curse
|upkeep
|j| Lolipoplio
|
|t:|1640759413
|switch|p1a: Skarmory|Skarmory, M|100/100
|turn|10
|
|t:|1640759427
|switch|p2a: teamsky|Rayquaza-Mega|9/100
|-weather|DeltaStream|[from] ability: Delta Stream|[of] p2a: teamsky
|move|p1a: Skarmory|Tailwind|p1a: Skarmory
|-sidestart|p1: soda49|move: Tailwind
|
|-weather|DeltaStream|[upkeep]
|upkeep
|turn|11
|
|t:|1640759438
|move|p1a: Skarmory|Assurance|p2a: teamsky
|-damage|p2a: teamsky|0 fnt
|faint|p2a: teamsky
|-weather|none
|
|upkeep
|
|t:|1640759445
|switch|p2a: studentofbidoof|Arceus-Fire|100/100
|turn|12
|
|t:|1640759451
|move|p2a: studentofbidoof|Calm Mind|p2a: studentofbidoof
|-boost|p2a: studentofbidoof|spa|1
|-boost|p2a: studentofbidoof|spd|1
|move|p1a: Skarmory|Defog|p2a: studentofbidoof
|-unboost|p2a: studentofbidoof|evasion|1
|-sideend|p1: soda49|Stealth Rock|[from] move: Defog|[of] p1a: Skarmory
|
|upkeep
|turn|13
|c|☆pokemasterbrendan|kalm
|
|t:|1640759460
|move|p2a: studentofbidoof|Calm Mind|p2a: studentofbidoof
|-boost|p2a: studentofbidoof|spa|1
|-boost|p2a: studentofbidoof|spd|1
|move|p1a: Skarmory|Assurance|p2a: studentofbidoof
|-damage|p2a: studentofbidoof|94/100
|
|-sideend|p1: soda49|move: Tailwind
|upkeep
|turn|14
|j| boredbulbasaur234
|
|t:|1640759465
|move|p2a: studentofbidoof|Calm Mind|p2a: studentofbidoof
|-boost|p2a: studentofbidoof|spa|1
|-boost|p2a: studentofbidoof|spd|1
|move|p1a: Skarmory|Tailwind|p1a: Skarmory
|-sidestart|p1: soda49|move: Tailwind
|
|upkeep
|turn|15
|
|t:|1640759475
|switch|p1a: Rayquaza|Rayquaza|100/100
|-ability|p1a: Rayquaza|Air Lock
|move|p2a: studentofbidoof|Calm Mind|p2a: studentofbidoof
|-boost|p2a: studentofbidoof|spa|1
|-boost|p2a: studentofbidoof|spd|1
|
|upkeep
|turn|16
|c| boredbulbasaur234|who else hates middle school
|j| minp
|
|t:|1640759482
|detailschange|p1a: Rayquaza|Rayquaza-Mega
|-mega|p1a: Rayquaza|Rayquaza|
|-weather|DeltaStream|[from] ability: Delta Stream|[of] p1a: Rayquaza
|move|p1a: Rayquaza|Dragon Dance|p1a: Rayquaza
|-boost|p1a: Rayquaza|atk|1
|-boost|p1a: Rayquaza|spe|1
|move|p2a: studentofbidoof|Judgment|p1a: Rayquaza
|-resisted|p1a: Rayquaza
|-damage|p1a: Rayquaza|30/100
|
|-weather|DeltaStream|[upkeep]
|upkeep
|turn|17
|c|☆pokemasterbrendan|i do
|
|t:|1640759501
|move|p1a: Rayquaza|Dragon Ascent|p2a: studentofbidoof
|-damage|p2a: studentofbidoof|5/100
|-unboost|p1a: Rayquaza|def|1
|-unboost|p1a: Rayquaza|spd|1
|move|p2a: studentofbidoof|Judgment|p1a: Rayquaza
|-resisted|p1a: Rayquaza
|-damage|p1a: Rayquaza|0 fnt
|faint|p1a: Rayquaza
|-weather|none
|
|-sideend|p1: soda49|move: Tailwind
|upkeep
|l| minp
|c| boredbulbasaur234|same i rather play pokemon than do homework
|
|t:|1640759513
|switch|p1a: Calyrex|Calyrex-Shadow|100/100
|-ability|p1a: Calyrex|As One
|-ability|p1a: Calyrex|Unnerve
|turn|18
|
|t:|1640759525
|move|p1a: Calyrex|Astral Barrage|p2a: studentofbidoof
|-damage|p2a: studentofbidoof|0 fnt
|faint|p2a: studentofbidoof
|-ability|p1a: Calyrex|Grim Neigh|boost
|-boost|p1a: Calyrex|spa|1
|
|upkeep
|
|t:|1640759530
|switch|p2a: darthvader|Yveltal|100/100
|-ability|p2a: darthvader|Dark Aura
|turn|19
|
|t:|1640759547
|move|p1a: Calyrex|Draining Kiss|p2a: darthvader
|-supereffective|p2a: darthvader
|-damage|p2a: darthvader|35/100
|move|p2a: darthvader|Dark Pulse|p1a: Calyrex
|-supereffective|p1a: Calyrex
|-enditem|p1a: Calyrex|Focus Sash
|-damage|p1a: Calyrex|1/100
|-damage|p2a: darthvader|25/100|[from] item: Life Orb
|
|upkeep
|turn|20
|
|t:|1640759565
|switch|p2a: dawnwingssucks|Necrozma-Dusk-Mane|76/100
|move|p1a: Calyrex|Astral Barrage|p2a: dawnwingssucks
|-supereffective|p2a: dawnwingssucks
|-damage|p2a: dawnwingssucks|0 fnt
|faint|p2a: dawnwingssucks
|-ability|p1a: Calyrex|Grim Neigh|boost
|-boost|p1a: Calyrex|spa|1
|
|upkeep
|
|t:|1640759570
|switch|p2a: Ditto|Ditto|100/100
|-transform|p2a: Ditto|p1a: Calyrex|[from] ability: Imposter
|turn|21
|inactive|soda49 has 120 seconds left.
|
|t:|1640759600
|switch|p1a: The wobbler|Smeargle, F|100/100
|move|p2a: Ditto|Psyshock|p1a: The wobbler
|-damage|p1a: The wobbler|0 fnt
|faint|p1a: The wobbler
|-ability|p2a: Ditto|Grim Neigh|boost
|-boost|p2a: Ditto|spa|1
|
|upkeep
|j| KartanaWithAScarf
|
|t:|1640759603
|switch|p1a: Skarmory|Skarmory, M|100/100
|turn|22
|c| KartanaWithAScarf|hi
|c| KartanaWithAScarf|brendan
|c|☆pokemasterbrendan|hi
|
|t:|1640759612
|move|p2a: Ditto|Psyshock|p1a: Skarmory
|-resisted|p1a: Skarmory
|-damage|p1a: Skarmory|64/100
|move|p1a: Skarmory|Tailwind|p1a: Skarmory
|-sidestart|p1: soda49|move: Tailwind
|
|upkeep
|turn|23
|c| KartanaWithAScarf|ur 1673 elo
|
|t:|1640759616
|move|p2a: Ditto|Psyshock|p1a: Skarmory
|-resisted|p1a: Skarmory
|-damage|p1a: Skarmory|29/100
|move|p1a: Skarmory|Assurance|p2a: Ditto
|-supereffective|p2a: Ditto
|-damage|p2a: Ditto|42/100
|
|upkeep
|turn|24
|c| KartanaWithAScarf|omg
|
|t:|1640759621
|move|p2a: Ditto|Psyshock|p1a: Skarmory
|-resisted|p1a: Skarmory
|-damage|p1a: Skarmory|0 fnt
|faint|p1a: Skarmory
|-ability|p2a: Ditto|Grim Neigh|boost
|-boost|p2a: Ditto|spa|1
|
|upkeep
|
|t:|1640759624
|switch|p1a: Calyrex|Calyrex-Shadow|1/100
|-ability|p1a: Calyrex|As One
|-ability|p1a: Calyrex|Unnerve
|turn|25
|c| boredbulbasaur234|KartanaWithAScarf who r u
|
|t:|1640759627
|move|p1a: Calyrex|Astral Barrage|p2a: Ditto
|-supereffective|p2a: Ditto
|-crit|p2a: Ditto
|-damage|p2a: Ditto|0 fnt
|faint|p2a: Ditto
|-ability|p1a: Calyrex|Grim Neigh|boost
|-boost|p1a: Calyrex|spa|1
|
|-sideend|p1: soda49|move: Tailwind
|upkeep
|
|t:|1640759633
|switch|p2a: darthvader|Yveltal|25/100
|-ability|p2a: darthvader|Dark Aura
|turn|26
|c| KartanaWithAScarf|brendans friend
|c| boredbulbasaur234|oh
|
|t:|1640759650
|-start|p2a: darthvader|Dynamax
|-heal|p2a: darthvader|25/100|[silent]
|move|p1a: Calyrex|Draining Kiss|p2a: darthvader
|-supereffective|p2a: darthvader
|-damage|p2a: darthvader|0 fnt
|-heal|p1a: Calyrex|44/100|[from] drain|[of] p2a: darthvader
|faint|p2a: darthvader
|-ability|p1a: Calyrex|Grim Neigh|boost
|-boost|p1a: Calyrex|spa|1
|
|upkeep
|c|☆pokemasterbrendan|gg wp
|
|t:|1640759657
|switch|p2a: anakinskywalker|Zacian-Crowned, shiny|100/100
|-ability|p2a: anakinskywalker|Intrepid Sword|boost
|-boost|p2a: anakinskywalker|atk|1
|turn|27
|c| boredbulbasaur234|brendan u threw
|
|t:|1640759662
|move|p1a: Calyrex|Astral Barrage|p2a: anakinskywalker
|-crit|p2a: anakinskywalker
|-damage|p2a: anakinskywalker|0 fnt
|faint|p2a: anakinskywalker
|
|win|soda49
|raw|soda49's rating: 1782 &rarr; <strong>1796</strong><br />(+14 for winning)
|raw|pokemasterbrendan's rating: 1673 &rarr; <strong>1659</strong><br />(-14 for losing)
|l|☆pokemasterbrendan
|c| KartanaWithAScarf|gg
|l| KartanaWithAScarf
|c|☆soda49|Gg
