|j|☆DECLANO196
|j|☆High ladder bros
|t:|1661730607
|gametype|singles
|player|p1|DECLANO196|266|1732
|player|p2|High ladder bros|adaman|1665
|teamsize|p1|6
|teamsize|p2|6
|gen|8
|tier|[Gen 8] National Dex AG
|rated|
|rule|HP Percentage Mod: HP is shown in percentages
|rule|Endless Battle Clause: Forcing endless battles is banned
|clearpoke
|poke|p1|Marshadow|
|poke|p1|Ho-Oh|
|poke|p1|Lugia|
|poke|p1|Yveltal|
|poke|p1|Chansey, F|
|poke|p1|Arceus-*|
|poke|p2|Arceus-*|
|poke|p2|Tyranitar, M|
|poke|p2|Arceus-*|
|poke|p2|Rayquaza|
|poke|p2|Necrozma-Dusk-Mane|
|poke|p2|Ho-Oh|
|teampreview
|inactive|Battle timer is ON: inactive players will automatically lose when time's up. (requested by High ladder bros)
|
|t:|1661730625
|start
|switch|p1a: Arceus|Arceus-Steel|100/100
|switch|p2a: Necrozma|Necrozma-Dusk-Mane, shiny|100/100
|turn|1
|
|t:|1661730631
|move|p1a: Arceus|Whirlpool|p2a: Necrozma
|-damage|p2a: Necrozma|93/100
|-activate|p2a: Necrozma|move: Whirlpool|[of] p1a: Arceus
|move|p2a: Necrozma|Stealth Rock|p1a: Arceus
|-sidestart|p1: DECLANO196|move: Stealth Rock
|
|-damage|p2a: Necrozma|80/100|[from] move: Whirlpool|[partiallytrapped]
|upkeep
|turn|2
|
|t:|1661730639
|move|p1a: Arceus|Perish Song|p1a: Arceus
|-start|p1a: Arceus|perish3|[silent]
|-start|p2a: Necrozma|perish3|[silent]
|-fieldactivate|move: Perish Song
|move|p2a: Necrozma|Earthquake|p1a: Arceus
|-supereffective|p1a: Arceus
|-damage|p1a: Arceus|65/100
|
|-damage|p2a: Necrozma|68/100|[from] move: Whirlpool|[partiallytrapped]
|-start|p1a: Arceus|perish3
|-start|p2a: Necrozma|perish3
|upkeep
|turn|3
|
|t:|1661730648
|move|p1a: Arceus|Recover|p1a: Arceus
|-heal|p1a: Arceus|100/100
|move|p2a: Necrozma|Earthquake|p1a: Arceus
|-supereffective|p1a: Arceus
|-damage|p1a: Arceus|64/100
|
|-damage|p2a: Necrozma|56/100|[from] move: Whirlpool|[partiallytrapped]
|-start|p1a: Arceus|perish2
|-start|p2a: Necrozma|perish2
|upkeep
|turn|4
|
|t:|1661730658
|move|p1a: Arceus|Recover|p1a: Arceus
|-heal|p1a: Arceus|100/100
|move|p2a: Necrozma|Earthquake|p1a: Arceus
|-supereffective|p1a: Arceus
|-damage|p1a: Arceus|65/100
|
|-damage|p2a: Necrozma|43/100|[from] move: Whirlpool|[partiallytrapped]
|-start|p1a: Arceus|perish1
|-start|p2a: Necrozma|perish1
|upkeep
|turn|5
|
|t:|1661730668
|switch|p1a: Lugia|Lugia|100/100
|move|p2a: Necrozma|Sunsteel Strike|p1a: Lugia
|-damage|p1a: Lugia|71/100
|
|-end|p2a: Necrozma|Whirlpool|[partiallytrapped]
|-start|p2a: Necrozma|perish0
|upkeep
|faint|p2a: Necrozma
|
|t:|1661730676
|switch|p2a: Rayquaza|Rayquaza|100/100
|-ability|p2a: Rayquaza|Air Lock
|turn|6
|
|t:|1661730684
|detailschange|p2a: Rayquaza|Rayquaza-Mega
|-mega|p2a: Rayquaza|Rayquaza|
|-weather|DeltaStream|[from] ability: Delta Stream|[of] p2a: Rayquaza
|move|p2a: Rayquaza|Dragon Dance|p2a: Rayquaza
|-boost|p2a: Rayquaza|atk|1
|-boost|p2a: Rayquaza|spe|1
|move|p1a: Lugia|Roost|p1a: Lugia
|-heal|p1a: Lugia|100/100
|-singleturn|p1a: Lugia|move: Roost
|
|-weather|DeltaStream|[upkeep]
|upkeep
|turn|7
|
|t:|1661730693
|move|p2a: Rayquaza|Dragon Ascent|p1a: Lugia
|-damage|p1a: Lugia|64/100
|-unboost|p2a: Rayquaza|def|1
|-unboost|p2a: Rayquaza|spd|1
|move|p1a: Lugia|Reflect|p1a: Lugia
|-sidestart|p1: DECLANO196|Reflect
|
|-weather|DeltaStream|[upkeep]
|upkeep
|turn|8
|
|t:|1661730702
|move|p2a: Rayquaza|Dragon Ascent|p1a: Lugia
|-damage|p1a: Lugia|25/100
|-unboost|p2a: Rayquaza|def|1
|-unboost|p2a: Rayquaza|spd|1
|move|p1a: Lugia|Roost|p1a: Lugia
|-heal|p1a: Lugia|75/100
|-singleturn|p1a: Lugia|move: Roost
|
|-weather|DeltaStream|[upkeep]
|upkeep
|turn|9
|
|t:|1661730713
|move|p2a: Rayquaza|Dragon Dance|p2a: Rayquaza
|-boost|p2a: Rayquaza|atk|1
|-boost|p2a: Rayquaza|spe|1
|move|p1a: Lugia|Roost|p1a: Lugia
|-heal|p1a: Lugia|100/100
|-singleturn|p1a: Lugia|move: Roost
|
|-weather|DeltaStream|[upkeep]
|upkeep
|turn|10
|
|t:|1661730733
|move|p2a: Rayquaza|Dragon Dance|p2a: Rayquaza
|-boost|p2a: Rayquaza|atk|1
|-boost|p2a: Rayquaza|spe|1
|move|p1a: Lugia|Defog|p2a: Rayquaza
|-unboost|p2a: Rayquaza|evasion|1
|-sideend|p1: DECLANO196|Stealth Rock|[from] move: Defog|[of] p1a: Lugia
|
|-weather|DeltaStream|[upkeep]
|upkeep
|turn|11
|
|t:|1661730743
|move|p2a: Rayquaza|Dragon Dance|p2a: Rayquaza
|-boost|p2a: Rayquaza|atk|1
|-boost|p2a: Rayquaza|spe|1
|move|p1a: Lugia|Toxic|p2a: Rayquaza
|-status|p2a: Rayquaza|tox
|
|-weather|DeltaStream|[upkeep]
|-damage|p2a: Rayquaza|95/100 tox|[from] psn
|-sideend|p1: DECLANO196|Reflect
|upkeep
|turn|12
|
|t:|1661730767
|move|p2a: Rayquaza|Dragon Ascent|p1a: Lugia
|-damage|p1a: Lugia|27/100
|-unboost|p2a: Rayquaza|def|1
|-unboost|p2a: Rayquaza|spd|1
|move|p1a: Lugia|Reflect|p1a: Lugia
|-sidestart|p1: DECLANO196|Reflect
|
|-weather|DeltaStream|[upkeep]
|-damage|p2a: Rayquaza|83/100 tox|[from] psn
|upkeep
|turn|13
|
|t:|1661730779
|move|p2a: Rayquaza|Dragon Ascent|p1a: Lugia
|-damage|p1a: Lugia|0 fnt
|-unboost|p2a: Rayquaza|def|1
|-unboost|p2a: Rayquaza|spd|1
|faint|p1a: Lugia
|
|-weather|DeltaStream|[upkeep]
|-damage|p2a: Rayquaza|65/100 tox|[from] psn
|upkeep
|
|t:|1661730786
|switch|p1a: Marshadow|Marshadow|100/100
|turn|14
|
|t:|1661730791
|-weather|none
|switch|p2a: Arceus|Arceus-Water, shiny|100/100
|move|p1a: Marshadow|Spectral Thief|p2a: Arceus
|-damage|p2a: Arceus|76/100
|
|upkeep
|turn|15
|
|t:|1661730799
|switch|p1a: Chansey|Chansey, F|100/100
|move|p2a: Arceus|Will-O-Wisp|p1a: Chansey
|-status|p1a: Chansey|brn
|
|-damage|p1a: Chansey|94/100 brn|[from] brn
|upkeep
|turn|16
|
|t:|1661730808
|switch|p2a: Ho-Oh|Ho-Oh, shiny|100/100
|move|p1a: Chansey|Toxic|p2a: Ho-Oh
|-status|p2a: Ho-Oh|tox
|
|-damage|p2a: Ho-Oh|94/100 tox|[from] psn
|-damage|p1a: Chansey|88/100 brn|[from] brn
|-sideend|p1: DECLANO196|Reflect
|upkeep
|turn|17
|
|t:|1661730817
|move|p2a: Ho-Oh|Sacred Fire|p1a: Chansey
|-damage|p1a: Chansey|49/100 brn
|move|p1a: Chansey|Stealth Rock|p2a: Ho-Oh
|-sidestart|p2: High ladder bros|move: Stealth Rock
|
|-damage|p2a: Ho-Oh|82/100 tox|[from] psn
|-damage|p1a: Chansey|43/100 brn|[from] brn
|upkeep
|turn|18
|
|t:|1661730825
|move|p2a: Ho-Oh|Defog|p1a: Chansey
|-unboost|p1a: Chansey|evasion|1
|-sideend|p2: High ladder bros|Stealth Rock|[from] move: Defog|[of] p2a: Ho-Oh
|move|p1a: Chansey|Soft-Boiled|p1a: Chansey
|-heal|p1a: Chansey|93/100 brn
|
|-damage|p2a: Ho-Oh|64/100 tox|[from] psn
|-damage|p1a: Chansey|86/100 brn|[from] brn
|upkeep
|turn|19
|
|t:|1661730834
|-curestatus|p1a: Chansey|brn|[from] ability: Natural Cure
|switch|p1a: Ho-Oh|Ho-Oh|100/100
|move|p2a: Ho-Oh|Sacred Fire|p1a: Ho-Oh
|-resisted|p1a: Ho-Oh
|-damage|p1a: Ho-Oh|84/100
|
|-damage|p2a: Ho-Oh|40/100 tox|[from] psn
|upkeep
|turn|20
|
|t:|1661730844
|switch|p2a: Tyranitar|Tyranitar, M, shiny|100/100
|-weather|Sandstorm|[from] ability: Sand Stream|[of] p2a: Tyranitar
|move|p1a: Ho-Oh|Sacred Fire|p2a: Tyranitar
|-resisted|p2a: Tyranitar
|-damage|p2a: Tyranitar|84/100
|-status|p2a: Tyranitar|brn
|
|-weather|Sandstorm|[upkeep]
|-damage|p1a: Ho-Oh|78/100|[from] Sandstorm
|-heal|p2a: Tyranitar|90/100 brn|[from] item: Leftovers
|-damage|p2a: Tyranitar|84/100 brn|[from] brn
|upkeep
|turn|21
|
|t:|1661730865
|switch|p1a: Arceus|Arceus-Steel|65/100
|move|p2a: Tyranitar|Thunder Wave|p1a: Arceus
|-status|p1a: Arceus|par
|
|-weather|Sandstorm|[upkeep]
|-heal|p2a: Tyranitar|90/100 brn|[from] item: Leftovers
|-damage|p2a: Tyranitar|84/100 brn|[from] brn
|upkeep
|turn|22
|
|t:|1661730874
|switch|p2a: Rayquaza|Rayquaza-Mega|65/100 tox
|-weather|DeltaStream|[from] ability: Delta Stream|[of] p2a: Rayquaza
|cant|p1a: Arceus|par
|
|-weather|DeltaStream|[upkeep]
|-damage|p2a: Rayquaza|59/100 tox|[from] psn
|upkeep
|turn|23
|
|t:|1661730884
|move|p2a: Rayquaza|V-create|p1a: Arceus
|-supereffective|p1a: Arceus
|-damage|p1a: Arceus|0 fnt
|-unboost|p2a: Rayquaza|spe|1
|-unboost|p2a: Rayquaza|def|1
|-unboost|p2a: Rayquaza|spd|1
|faint|p1a: Arceus
|
|-weather|DeltaStream|[upkeep]
|-damage|p2a: Rayquaza|47/100 tox|[from] psn
|upkeep
|
|t:|1661730892
|switch|p1a: Marshadow|Marshadow|100/100
|turn|24
|
|t:|1661730901
|-weather|none
|switch|p2a: Arceus|Arceus-Water, shiny|76/100
|move|p1a: Marshadow|Close Combat|p2a: Arceus
|-damage|p2a: Arceus|45/100
|-unboost|p1a: Marshadow|def|1
|-unboost|p1a: Marshadow|spd|1
|
|upkeep
|turn|25
|
|t:|1661730920
|switch|p1a: Chansey|Chansey, F|86/100
|move|p2a: Arceus|Recover|p2a: Arceus
|-heal|p2a: Arceus|95/100
|
|upkeep
|turn|26
|
|t:|1661730926
|switch|p2a: Rayquaza|Rayquaza-Mega|47/100 tox
|-weather|DeltaStream|[from] ability: Delta Stream|[of] p2a: Rayquaza
|move|p1a: Chansey|Stealth Rock|p2a: Rayquaza
|-sidestart|p2: High ladder bros|move: Stealth Rock
|
|-weather|DeltaStream|[upkeep]
|-damage|p2a: Rayquaza|41/100 tox|[from] psn
|upkeep
|turn|27
|
|t:|1661730939
|switch|p1a: Yveltal|Yveltal|100/100
|-ability|p1a: Yveltal|Dark Aura
|move|p2a: Rayquaza|Dragon Ascent|p1a: Yveltal
|-damage|p1a: Yveltal|16/100
|-unboost|p2a: Rayquaza|def|1
|-unboost|p2a: Rayquaza|spd|1
|
|-weather|DeltaStream|[upkeep]
|-damage|p2a: Rayquaza|29/100 tox|[from] psn
|upkeep
|turn|28
|
|t:|1661730955
|switch|p1a: Ho-Oh|Ho-Oh|100/100
|move|p2a: Rayquaza|Extreme Speed|p1a: Ho-Oh
|-damage|p1a: Ho-Oh|71/100
|
|-weather|DeltaStream|[upkeep]
|-damage|p2a: Rayquaza|11/100 tox|[from] psn
|upkeep
|turn|29
|
|t:|1661730974
|switch|p1a: Marshadow|Marshadow|100/100
|move|p2a: Rayquaza|Dragon Ascent|p1a: Marshadow
|-supereffective|p1a: Marshadow
|-enditem|p1a: Marshadow|Focus Sash
|-damage|p1a: Marshadow|1/100
|-unboost|p2a: Rayquaza|def|1
|-unboost|p2a: Rayquaza|spd|1
|
|-weather|DeltaStream|[upkeep]
|-damage|p2a: Rayquaza|0 fnt|[from] psn
|faint|p2a: Rayquaza
|-weather|none
|upkeep
|
|t:|1661730998
|switch|p2a: Arceus|Arceus-Water, shiny|95/100
|-damage|p2a: Arceus|83/100|[from] Stealth Rock
|turn|30
|
|t:|1661731007
|move|p1a: Marshadow|Endeavor|p2a: Arceus
|-damage|p2a: Arceus|1/100
|move|p2a: Arceus|Judgment|p1a: Marshadow
|-damage|p1a: Marshadow|0 fnt
|faint|p1a: Marshadow
|
|upkeep
|
|t:|1661731023
|switch|p1a: Yveltal|Yveltal|16/100
|-ability|p1a: Yveltal|Dark Aura
|turn|31
|
|t:|1661731034
|switch|p2a: Tyranitar|Tyranitar, M, shiny|84/100 brn
|-damage|p2a: Tyranitar|72/100 brn|[from] Stealth Rock
|-weather|Sandstorm|[from] ability: Sand Stream|[of] p2a: Tyranitar
|-start|p1a: Yveltal|Dynamax|
|-heal|p1a: Yveltal|16/100|[silent]
|move|p1a: Yveltal|Max Airstream|p2a: Tyranitar
|-resisted|p2a: Tyranitar
|-damage|p2a: Tyranitar|56/100 brn
|-boost|p1a: Yveltal|spe|1
|
|-weather|Sandstorm|[upkeep]
|-damage|p1a: Yveltal|13/100|[from] Sandstorm
|-heal|p2a: Tyranitar|63/100 brn|[from] item: Leftovers
|-damage|p2a: Tyranitar|56/100 brn|[from] brn
|upkeep
|turn|32
|
|t:|1661731052
|move|p1a: Yveltal|Max Darkness|p2a: Tyranitar
|-resisted|p2a: Tyranitar
|-damage|p2a: Tyranitar|37/100 brn
|-unboost|p2a: Tyranitar|spd|1
|move|p2a: Tyranitar|Thunder Wave|p1a: Yveltal
|-status|p1a: Yveltal|par
|
|-weather|Sandstorm|[upkeep]
|-damage|p1a: Yveltal|10/100 par|[from] Sandstorm
|-heal|p2a: Tyranitar|43/100 brn|[from] item: Leftovers
|-damage|p2a: Tyranitar|37/100 brn|[from] brn
|upkeep
|turn|33
|
|t:|1661731065
|move|p1a: Yveltal|Max Flare|p2a: Tyranitar
|-resisted|p2a: Tyranitar
|-damage|p2a: Tyranitar|21/100 brn
|-weather|SunnyDay
|move|p2a: Tyranitar|Rock Tomb|p1a: Yveltal
|-supereffective|p1a: Yveltal
|-damage|p1a: Yveltal|0 fnt
|faint|p1a: Yveltal
|
|-weather|SunnyDay|[upkeep]
|-heal|p2a: Tyranitar|27/100 brn|[from] item: Leftovers
|-damage|p2a: Tyranitar|21/100 brn|[from] brn
|upkeep
|
|t:|1661731076
|switch|p1a: Ho-Oh|Ho-Oh|100/100
|turn|34
|
|t:|1661731080
|move|p1a: Ho-Oh|Earthquake|p2a: Tyranitar
|-supereffective|p2a: Tyranitar
|-damage|p2a: Tyranitar|0 fnt
|faint|p2a: Tyranitar
|
|-weather|SunnyDay|[upkeep]
|upkeep
|
|t:|1661731083
|switch|p2a: Ho-Oh|Ho-Oh, shiny|74/100 tox
|turn|35
|
|t:|1661731088
|move|p1a: Ho-Oh|Sacred Fire|p2a: Ho-Oh
|-resisted|p2a: Ho-Oh
|-damage|p2a: Ho-Oh|42/100 tox
|move|p2a: Ho-Oh|Defog|p1a: Ho-Oh
|-unboost|p1a: Ho-Oh|evasion|1
|-sideend|p2: High ladder bros|Stealth Rock|[from] move: Defog|[of] p2a: Ho-Oh
|
|-weather|SunnyDay|[upkeep]
|-damage|p2a: Ho-Oh|36/100 tox|[from] psn
|upkeep
|turn|36
|
|t:|1661731101
|move|p2a: Ho-Oh|Toxic|p1a: Ho-Oh
|-status|p1a: Ho-Oh|tox
|move|p1a: Ho-Oh|Sacred Fire|p2a: Ho-Oh
|-resisted|p2a: Ho-Oh
|-damage|p2a: Ho-Oh|6/100 tox
|
|-weather|SunnyDay|[upkeep]
|-damage|p2a: Ho-Oh|0 fnt|[from] psn
|faint|p2a: Ho-Oh
|-damage|p1a: Ho-Oh|94/100 tox|[from] psn
|upkeep
|
|t:|1661731111
|switch|p2a: Arceus|Arceus-Water, shiny|1/100
|turn|37
|
|t:|1661731114
|switch|p1a: Chansey|Chansey, F|86/100
|move|p2a: Arceus|Recover|p2a: Arceus
|-heal|p2a: Arceus|51/100
|
|-weather|none
|upkeep
|turn|38
|
|t:|1661731121
|move|p2a: Arceus|Recover|p2a: Arceus
|-heal|p2a: Arceus|100/100
|move|p1a: Chansey|Toxic|p2a: Arceus
|-status|p2a: Arceus|tox
|
|-damage|p2a: Arceus|94/100 tox|[from] psn
|upkeep
|turn|39
|
|t:|1661731129
|switch|p2a: Arceus|Arceus-Ground, shiny|100/100
|move|p1a: Chansey|Heal Bell|p1a: Chansey
|-activate|p1a: Chansey|move: Heal Bell
|-curestatus|p1: Ho-Oh|tox|[msg]
|
|upkeep
|turn|40
|
|t:|1661731135
|move|p2a: Arceus|Magic Coat|p2a: Arceus
|-singleturn|p2a: Arceus|move: Magic Coat
|move|p1a: Chansey|Toxic|p2a: Arceus
|move|p2a: Arceus|Toxic|p1a: Chansey|[from]Magic Coat|[miss]
|-miss|p2a: Arceus|p1a: Chansey
|
|upkeep
|turn|41
|
|t:|1661731149
|move|p2a: Arceus|Magic Coat|p2a: Arceus
|-singleturn|p2a: Arceus|move: Magic Coat
|move|p1a: Chansey|Toxic|p2a: Arceus
|move|p2a: Arceus|Toxic|p1a: Chansey|[from]Magic Coat
|-status|p1a: Chansey|tox
|
|-damage|p1a: Chansey|80/100 tox|[from] psn
|upkeep
|turn|42
|
|t:|1661731160
|move|p2a: Arceus|Magic Coat|p2a: Arceus
|-singleturn|p2a: Arceus|move: Magic Coat
|move|p1a: Chansey|Toxic|p2a: Arceus
|move|p2a: Arceus|Toxic|p1a: Chansey|[from]Magic Coat
|-fail|p1a: Chansey|tox
|
|-damage|p1a: Chansey|68/100 tox|[from] psn
|upkeep
|turn|43
|
|t:|1661731168
|move|p2a: Arceus|Magic Coat|p2a: Arceus
|-singleturn|p2a: Arceus|move: Magic Coat
|move|p1a: Chansey|Heal Bell|p1a: Chansey
|-activate|p1a: Chansey|move: Heal Bell
|-curestatus|p1a: Chansey|tox|[msg]
|
|upkeep
|turn|44
|
|t:|1661731175
|move|p2a: Arceus|Magic Coat|p2a: Arceus
|-singleturn|p2a: Arceus|move: Magic Coat
|move|p1a: Chansey|Soft-Boiled|p1a: Chansey
|-heal|p1a: Chansey|100/100
|
|upkeep
|turn|45
|
|t:|1661731180
|switch|p1a: Ho-Oh|Ho-Oh|100/100
|move|p2a: Arceus|Magic Coat|p2a: Arceus
|-singleturn|p2a: Arceus|move: Magic Coat
|
|upkeep
|turn|46
|
|t:|1661731184
|switch|p2a: Arceus|Arceus-Water, shiny|94/100 tox
|switch|p1a: Chansey|Chansey, F|100/100
|
|-damage|p2a: Arceus|88/100 tox|[from] psn
|upkeep
|turn|47
|
|t:|1661731191
|move|p2a: Arceus|Judgment|p1a: Chansey
|-damage|p1a: Chansey|88/100
|move|p1a: Chansey|Stealth Rock|p2a: Arceus
|-sidestart|p2: High ladder bros|move: Stealth Rock
|
|-damage|p2a: Arceus|76/100 tox|[from] psn
|upkeep
|turn|48
|
|t:|1661731197
|move|p2a: Arceus|Will-O-Wisp|p1a: Chansey
|-status|p1a: Chansey|brn
|move|p1a: Chansey|Toxic|p2a: Arceus
|-fail|p2a: Arceus|tox
|
|-damage|p2a: Arceus|58/100 tox|[from] psn
|-damage|p1a: Chansey|82/100 brn|[from] brn
|upkeep
|turn|49
|
|t:|1661731205
|move|p2a: Arceus|Recover|p2a: Arceus
|-heal|p2a: Arceus|100/100 tox
|move|p1a: Chansey|Toxic|p2a: Arceus
|-fail|p2a: Arceus|tox
|
|-damage|p2a: Arceus|76/100 tox|[from] psn
|-damage|p1a: Chansey|76/100 brn|[from] brn
|upkeep
|turn|50
|
|t:|1661731226
|move|p2a: Arceus|Recover|p2a: Arceus
|-heal|p2a: Arceus|100/100 tox
|move|p1a: Chansey|Toxic|p2a: Arceus
|-fail|p2a: Arceus|tox
|
|-damage|p2a: Arceus|70/100 tox|[from] psn
|-damage|p1a: Chansey|70/100 brn|[from] brn
|upkeep
|turn|51
|inactive|High ladder bros has 120 seconds left.
|
|t:|1661731257
|move|p2a: Arceus|Recover|p2a: Arceus
|-heal|p2a: Arceus|100/100 tox
|move|p1a: Chansey|Toxic|p2a: Arceus
|-fail|p2a: Arceus|tox
|
|-damage|p2a: Arceus|64/100 tox|[from] psn
|-damage|p1a: Chansey|63/100 brn|[from] brn
|upkeep
|turn|52
|inactive|High ladder bros has 120 seconds left.
|
|t:|1661731271
|move|p2a: Arceus|Recover|p2a: Arceus
|-heal|p2a: Arceus|100/100 tox
|move|p1a: Chansey|Soft-Boiled|p1a: Chansey
|-heal|p1a: Chansey|100/100 brn
|
|-damage|p2a: Arceus|58/100 tox|[from] psn
|-damage|p1a: Chansey|94/100 brn|[from] brn
|upkeep
|turn|53
|
|t:|1661731281
|move|p2a: Arceus|Recover|p2a: Arceus
|-heal|p2a: Arceus|100/100 tox
|move|p1a: Chansey|Heal Bell|p1a: Chansey
|-activate|p1a: Chansey|move: Heal Bell
|-curestatus|p1a: Chansey|brn|[msg]
|
|-damage|p2a: Arceus|52/100 tox|[from] psn
|upkeep
|turn|54
|
|t:|1661731290
|switch|p2a: Arceus|Arceus-Ground, shiny|100/100
|-damage|p2a: Arceus|94/100|[from] Stealth Rock
|move|p1a: Chansey|Toxic|p2a: Arceus
|-status|p2a: Arceus|tox
|
|-damage|p2a: Arceus|88/100 tox|[from] psn
|upkeep
|turn|55
|
|t:|1661731297
|-start|p2a: Arceus|Dynamax|
|-heal|p2a: Arceus|88/100 tox|[silent]
|move|p2a: Arceus|Max Quake|p1a: Chansey
|-damage|p1a: Chansey|74/100
|-boost|p2a: Arceus|spd|1
|move|p1a: Chansey|Soft-Boiled|p1a: Chansey
|-heal|p1a: Chansey|100/100
|
|-damage|p2a: Arceus|82/100 tox|[from] psn
|upkeep
|turn|56
|-message|High ladder bros forfeited.
|
|win|DECLANO196
|raw|DECLANO196's rating: 1732 &rarr; <strong>1748</strong><br />(+16 for winning)
|raw|High ladder bros's rating: 1665 &rarr; <strong>1649</strong><br />(-16 for losing)
|l|☆High ladder bros
||Ladder isn't responding, score probably updated but might not have (Request timeout).
