|j|☆SpookyMareep
|j|☆cllout
|t:|1668207165
|gametype|singles
|player|p1|SpookyMareep|scientistf|1612
|player|p2|cllout|misty-lgpe|1658
|teamsize|p1|6
|teamsize|p2|6
|gen|8
|tier|[Gen 8] National Dex AG
|rated|
|rule|HP Percentage Mod: HP is shown in percentages
|rule|Endless Battle Clause: Forcing endless battles is banned
|clearpoke
|poke|p1|Ditto|
|poke|p1|Marshadow|
|poke|p1|Toxapex, M|
|poke|p1|Shedinja|
|poke|p1|Quagsire, F|
|poke|p1|Landorus-Therian, M|
|poke|p2|Rayquaza|
|poke|p2|Necrozma-Dusk-Mane|
|poke|p2|Xerneas-*|
|poke|p2|Yveltal|
|poke|p2|Calyrex-Shadow|
|poke|p2|Shaymin-Sky|
|teampreview
|inactive|Battle timer is ON: inactive players will automatically lose when time's up. (requested by cllout)
|
|t:|1668207181
|start
|switch|p1a: SpookyMareep(YT)|Marshadow|100/100
|switch|p2a: Necrozma|Necrozma-Dusk-Mane|100/100
|turn|1
|
|t:|1668207188
|switch|p1a: IGetSoSaltyOMG>:o|Landorus-Therian, M|100/100
|-ability|p1a: IGetSoSaltyOMG>:o|Intimidate|boost
|-unboost|p2a: Necrozma|atk|1
|move|p2a: Necrozma|Stealth Rock|p1a: IGetSoSaltyOMG>:o
|-sidestart|p1: SpookyMareep|move: Stealth Rock
|
|upkeep
|turn|2
|inactive|cllout has 120 seconds left.
|
|t:|1668207220
|move|p1a: IGetSoSaltyOMG>:o|Defog|p2a: Necrozma
|-unboost|p2a: Necrozma|evasion|1
|-sideend|p1: SpookyMareep|Stealth Rock|[from] move: Defog|[of] p1a: IGetSoSaltyOMG>:o
|move|p2a: Necrozma|Sunsteel Strike|p1a: IGetSoSaltyOMG>:o
|-damage|p1a: IGetSoSaltyOMG>:o|57/100
|
|upkeep
|turn|3
|
|t:|1668207229
|move|p1a: IGetSoSaltyOMG>:o|Earthquake|p2a: Necrozma
|-supereffective|p2a: Necrozma
|-damage|p2a: Necrozma|54/100
|move|p2a: Necrozma|Sunsteel Strike|p1a: IGetSoSaltyOMG>:o
|-damage|p1a: IGetSoSaltyOMG>:o|17/100
|
|upkeep
|turn|4
|
|t:|1668207235
|move|p1a: IGetSoSaltyOMG>:o|Earthquake|p2a: Necrozma
|-supereffective|p2a: Necrozma
|-damage|p2a: Necrozma|9/100
|move|p2a: Necrozma|Morning Sun|p2a: Necrozma
|-heal|p2a: Necrozma|59/100
|
|upkeep
|turn|5
|
|t:|1668207239
|move|p1a: IGetSoSaltyOMG>:o|Earthquake|p2a: Necrozma
|-supereffective|p2a: Necrozma
|-damage|p2a: Necrozma|11/100
|move|p2a: Necrozma|Morning Sun|p2a: Necrozma
|-heal|p2a: Necrozma|61/100
|
|upkeep
|turn|6
|
|t:|1668207244
|move|p1a: IGetSoSaltyOMG>:o|Earthquake|p2a: Necrozma
|-supereffective|p2a: Necrozma
|-damage|p2a: Necrozma|14/100
|move|p2a: Necrozma|Morning Sun|p2a: Necrozma
|-heal|p2a: Necrozma|64/100
|
|upkeep
|turn|7
|
|t:|1668207250
|switch|p2a: Rayquaza|Rayquaza|100/100
|-ability|p2a: Rayquaza|Air Lock
|move|p1a: IGetSoSaltyOMG>:o|Earthquake|p2a: Rayquaza
|-immune|p2a: Rayquaza
|
|upkeep
|turn|8
|
|t:|1668207267
|switch|p1a: Yakuza|Toxapex, M|100/100
|detailschange|p2a: Rayquaza|Rayquaza-Mega
|-mega|p2a: Rayquaza|Rayquaza|
|-weather|DeltaStream|[from] ability: Delta Stream|[of] p2a: Rayquaza
|move|p2a: Rayquaza|Extreme Speed|p1a: Yakuza
|-damage|p1a: Yakuza|71/100
|-damage|p2a: Rayquaza|84/100|[from] item: Rocky Helmet|[of] p1a: Yakuza
|-damage|p2a: Rayquaza|74/100|[from] item: Life Orb
|
|-weather|DeltaStream|[upkeep]
|upkeep
|turn|9
|
|t:|1668207279
|move|p2a: Rayquaza|Dragon Dance|p2a: Rayquaza
|-boost|p2a: Rayquaza|atk|1
|-boost|p2a: Rayquaza|spe|1
|move|p1a: Yakuza|Scald|p2a: Rayquaza
|-resisted|p2a: Rayquaza
|-damage|p2a: Rayquaza|66/100
|-status|p2a: Rayquaza|brn
|
|-weather|DeltaStream|[upkeep]
|-damage|p2a: Rayquaza|60/100 brn|[from] brn
|upkeep
|turn|10
|
|t:|1668207288
|switch|p1a: :)|Quagsire, F|100/100
|move|p2a: Rayquaza|Dragon Dance|p2a: Rayquaza
|-boost|p2a: Rayquaza|atk|1
|-boost|p2a: Rayquaza|spe|1
|
|-weather|DeltaStream|[upkeep]
|-damage|p2a: Rayquaza|54/100 brn|[from] brn
|upkeep
|turn|11
|
|t:|1668207293
|move|p2a: Rayquaza|Dragon Ascent|p1a: :)
|-damage|p1a: :)|59/100
|-unboost|p2a: Rayquaza|def|1
|-unboost|p2a: Rayquaza|spd|1
|-damage|p2a: Rayquaza|38/100 brn|[from] item: Rocky Helmet|[of] p1a: :)
|-damage|p2a: Rayquaza|28/100 brn|[from] item: Life Orb
|move|p1a: :)|Scald|p2a: Rayquaza
|-resisted|p2a: Rayquaza
|-crit|p2a: Rayquaza
|-damage|p2a: Rayquaza|15/100 brn
|
|-weather|DeltaStream|[upkeep]
|-damage|p2a: Rayquaza|9/100 brn|[from] brn
|upkeep
|turn|12
|
|t:|1668207302
|move|p2a: Rayquaza|Dragon Ascent|p1a: :)
|-damage|p1a: :)|20/100
|-unboost|p2a: Rayquaza|def|1
|-unboost|p2a: Rayquaza|spd|1
|-damage|p2a: Rayquaza|0 fnt|[from] item: Rocky Helmet|[of] p1a: :)
|faint|p2a: Rayquaza
|-weather|none
|move|p1a: :)|Recover|p1a: :)
|-heal|p1a: :)|70/100
|
|upkeep
|
|t:|1668207320
|switch|p2a: Shaymin|Shaymin-Sky|100/100
|turn|13
|
|t:|1668207325
|switch|p1a: Yakuza|Toxapex, M|100/100
|move|p2a: Shaymin|Air Slash|p1a: Yakuza
|-damage|p1a: Yakuza|65/100
|
|upkeep
|turn|14
|
|t:|1668207338
|switch|p2a: Calyrex|Calyrex-Shadow|100/100
|-ability|p2a: Calyrex|As One
|-ability|p2a: Calyrex|Unnerve
|switch|p1a: Kyoger? KyOVER!|Shedinja|100/100
|
|upkeep
|turn|15
|
|t:|1668207346
|move|p1a: Kyoger? KyOVER!|Shadow Sneak|p2a: Calyrex
|-supereffective|p2a: Calyrex
|-damage|p2a: Calyrex|13/100
|move|p2a: Calyrex|Astral Barrage|p1a: Kyoger? KyOVER!
|-supereffective|p1a: Kyoger? KyOVER!
|-enditem|p1a: Kyoger? KyOVER!|Focus Sash
|-damage|p1a: Kyoger? KyOVER!|100/100
|
|upkeep
|turn|16
|j| luisYR_a
|
|t:|1668207362
|switch|p2a: Yveltal|Yveltal, shiny|100/100
|-ability|p2a: Yveltal|Dark Aura
|move|p1a: Kyoger? KyOVER!|Trick|p2a: Yveltal
|-activate|p1a: Kyoger? KyOVER!|move: Trick|[of] p2a: Yveltal
|-enditem|p2a: Yveltal|Heavy-Duty Boots|[silent]|[from] move: Trick
|-item|p1a: Kyoger? KyOVER!|Heavy-Duty Boots|[from] move: Trick
|
|upkeep
|turn|17
|
|t:|1668207378
|switch|p1a: Yakuza|Toxapex, M|98/100
|move|p2a: Yveltal|Knock Off|p1a: Yakuza
|-damage|p1a: Yakuza|62/100
|-damage|p2a: Yveltal|84/100|[from] item: Rocky Helmet|[of] p1a: Yakuza
|-enditem|p1a: Yakuza|Rocky Helmet|[from] move: Knock Off|[of] p2a: Yveltal
|
|upkeep
|turn|18
|
|t:|1668207384
|move|p2a: Yveltal|Taunt|p1a: Yakuza
|-start|p1a: Yakuza|move: Taunt
|cant|p1a: Yakuza|move: Taunt|Toxic
|
|upkeep
|turn|19
|
|t:|1668207393
|switch|p2a: Shaymin|Shaymin-Sky|100/100
|move|p1a: Yakuza|Scald|p2a: Shaymin
|-resisted|p2a: Shaymin
|-damage|p2a: Shaymin|90/100
|
|upkeep
|turn|20
|
|t:|1668207404
|move|p2a: Shaymin|Air Slash|p1a: Yakuza
|-damage|p1a: Yakuza|27/100
|move|p1a: Yakuza|Scald|p2a: Shaymin
|-resisted|p2a: Shaymin
|-damage|p2a: Shaymin|80/100
|
|-end|p1a: Yakuza|move: Taunt
|upkeep
|turn|21
|
|t:|1668207412
|move|p2a: Shaymin|Air Slash|p1a: Yakuza
|-damage|p1a: Yakuza|0 fnt
|faint|p1a: Yakuza
|
|upkeep
|
|t:|1668207414
|switch|p1a: Zacian! Wait STOP!|Ditto|100/100
|-transform|p1a: Zacian! Wait STOP!|p2a: Shaymin|[from] ability: Imposter
|turn|22
|
|t:|1668207426
|switch|p2a: Yveltal|Yveltal, shiny|84/100
|-ability|p2a: Yveltal|Dark Aura
|move|p1a: Zacian! Wait STOP!|Air Slash|p2a: Yveltal
|-damage|p2a: Yveltal|57/100
|
|upkeep
|turn|23
|
|t:|1668207430
|-start|p1a: Zacian! Wait STOP!|Dynamax|
|-heal|p1a: Zacian! Wait STOP!|100/100|[silent]
|move|p1a: Zacian! Wait STOP!|Max Airstream|p2a: Yveltal
|-damage|p2a: Yveltal|14/100
|-boost|p1a: Zacian! Wait STOP!|spe|1
|move|p2a: Yveltal|Roost|p2a: Yveltal
|-heal|p2a: Yveltal|64/100
|-singleturn|p2a: Yveltal|move: Roost
|
|upkeep
|turn|24
|
|t:|1668207436
|move|p1a: Zacian! Wait STOP!|Max Airstream|p2a: Yveltal
|-damage|p2a: Yveltal|21/100
|-boost|p1a: Zacian! Wait STOP!|spe|1
|move|p2a: Yveltal|Roost|p2a: Yveltal
|-heal|p2a: Yveltal|71/100
|-singleturn|p2a: Yveltal|move: Roost
|
|upkeep
|turn|25
|
|t:|1668207442
|move|p1a: Zacian! Wait STOP!|Max Airstream|p2a: Yveltal
|-damage|p2a: Yveltal|25/100
|-boost|p1a: Zacian! Wait STOP!|spe|1
|move|p2a: Yveltal|Roost|p2a: Yveltal
|-heal|p2a: Yveltal|75/100
|-singleturn|p2a: Yveltal|move: Roost
|
|upkeep
|-end|p1a: Zacian! Wait STOP!|Dynamax
|-heal|p1a: Zacian! Wait STOP!|100/100|[silent]
|turn|26
|
|t:|1668207447
|move|p1a: Zacian! Wait STOP!|Air Slash|p2a: Yveltal
|-damage|p2a: Yveltal|50/100
|move|p2a: Yveltal|Knock Off|p1a: Zacian! Wait STOP!
|-damage|p1a: Zacian! Wait STOP!|0 fnt
|-enditem|p1a: Zacian! Wait STOP!|Choice Scarf|[from] move: Knock Off|[of] p2a: Yveltal
|faint|p1a: Zacian! Wait STOP!
|
|upkeep
|
|t:|1668207450
|switch|p1a: SpookyMareep(YT)|Marshadow|100/100
|turn|27
|
|t:|1668207463
|move|p1a: SpookyMareep(YT)|Ice Punch|p2a: Yveltal
|-supereffective|p2a: Yveltal
|-damage|p2a: Yveltal|0 fnt
|faint|p2a: Yveltal
|-damage|p1a: SpookyMareep(YT)|91/100|[from] item: Life Orb
|
|upkeep
|
|t:|1668207482
|switch|p2a: Necrozma|Necrozma-Dusk-Mane|64/100
|turn|28
|
|t:|1668207486
|move|p1a: SpookyMareep(YT)|Spectral Thief|p2a: Necrozma
|-supereffective|p2a: Necrozma
|-damage|p2a: Necrozma|18/100
|-damage|p1a: SpookyMareep(YT)|74/100|[from] item: Rocky Helmet|[of] p2a: Necrozma
|-damage|p1a: SpookyMareep(YT)|64/100|[from] item: Life Orb
|move|p2a: Necrozma|Morning Sun|p2a: Necrozma
|-heal|p2a: Necrozma|68/100
|
|upkeep
|turn|29
|
|t:|1668207491
|switch|p1a: IGetSoSaltyOMG>:o|Landorus-Therian, M|17/100
|-ability|p1a: IGetSoSaltyOMG>:o|Intimidate|boost
|-unboost|p2a: Necrozma|atk|1
|move|p2a: Necrozma|Stealth Rock|p1a: IGetSoSaltyOMG>:o
|-sidestart|p1: SpookyMareep|move: Stealth Rock
|
|upkeep
|turn|30
|
|t:|1668207496
|switch|p1a: :)|Quagsire, F|70/100
|-damage|p1a: :)|64/100|[from] Stealth Rock
|move|p2a: Necrozma|Sunsteel Strike|p1a: :)
|-resisted|p1a: :)
|-crit|p1a: :)
|-damage|p1a: :)|39/100
|-damage|p2a: Necrozma|52/100|[from] item: Rocky Helmet|[of] p1a: :)
|
|upkeep
|turn|31
|
|t:|1668207502
|move|p2a: Necrozma|Morning Sun|p2a: Necrozma
|-heal|p2a: Necrozma|100/100
|move|p1a: :)|Toxic|p2a: Necrozma
|-immune|p2a: Necrozma
|
|upkeep
|turn|32
|
|t:|1668207516
|move|p2a: Necrozma|Earthquake|p1a: :)
|-damage|p1a: :)|16/100
|move|p1a: :)|Recover|p1a: :)
|-heal|p1a: :)|66/100
|
|upkeep
|turn|33
|
|t:|1668207526
|switch|p2a: Shaymin|Shaymin-Sky|80/100
|move|p1a: :)|Scald|p2a: Shaymin
|-resisted|p2a: Shaymin
|-damage|p2a: Shaymin|67/100
|
|upkeep
|turn|34
|
|t:|1668207535
|move|p2a: Shaymin|Air Slash|p1a: :)
|-damage|p1a: :)|12/100
|cant|p1a: :)|flinch
|
|upkeep
|turn|35
|
|t:|1668207540
|move|p2a: Shaymin|Air Slash|p1a: :)
|-damage|p1a: :)|0 fnt
|faint|p1a: :)
|
|upkeep
|
|t:|1668207543
|switch|p1a: SpookyMareep(YT)|Marshadow|64/100
|-damage|p1a: SpookyMareep(YT)|58/100|[from] Stealth Rock
|turn|36
|
|t:|1668207570
|move|p1a: SpookyMareep(YT)|Shadow Sneak|p2a: Shaymin
|-damage|p2a: Shaymin|15/100
|-damage|p1a: SpookyMareep(YT)|48/100|[from] item: Life Orb
|move|p2a: Shaymin|Air Slash|p1a: SpookyMareep(YT)
|-supereffective|p1a: SpookyMareep(YT)
|-damage|p1a: SpookyMareep(YT)|0 fnt
|faint|p1a: SpookyMareep(YT)
|
|upkeep
|
|t:|1668207572
|switch|p1a: Kyoger? KyOVER!|Shedinja|100/100
|turn|37
|
|t:|1668207575
|move|p2a: Shaymin|Air Slash|p1a: Kyoger? KyOVER!
|-supereffective|p1a: Kyoger? KyOVER!
|-damage|p1a: Kyoger? KyOVER!|0 fnt
|faint|p1a: Kyoger? KyOVER!
|
|upkeep
|-message|SpookyMareep forfeited.
|
|win|cllout
|raw|SpookyMareep's rating: 1612 &rarr; <strong>1595</strong><br />(-17 for losing)
|raw|cllout's rating: 1658 &rarr; <strong>1675</strong><br />(+17 for winning)
|l|☆SpookyMareep
