|j|☆Lasombralegendaria
|j|☆Hydra Pikachu
|inactive|Battle timer is ON: inactive players will automatically lose when time's up.
|t:|1648061717
|gametype|singles
|player|p1|Lasombralegendaria|1|
|player|p2|Hydra Pikachu|jogger|
|teamsize|p1|6
|teamsize|p2|6
|gen|8
|tier|[Gen 8] National Dex AG
|rated|Tournament battle
|rule|HP Percentage Mod: HP is shown in percentages
|rule|Endless Battle Clause: Forcing endless battles is banned
|clearpoke
|poke|p1|Deoxys-Speed|
|poke|p1|Arceus-*|
|poke|p1|Rayquaza|
|poke|p1|Zacian-*|
|poke|p1|Calyrex-Shadow|
|poke|p1|Yveltal|
|poke|p2|Calyrex-Shadow|
|poke|p2|Xerneas-*|
|poke|p2|Ditto|
|poke|p2|Arceus-*|
|poke|p2|Yveltal|
|poke|p2|Groudon|
|teampreview
|inactive|Hydra Pikachu also wants the timer to be on.
|
|t:|1648061730
|start
|switch|p1a: Deoxys|Deoxys-Speed|100/100
|switch|p2a: Arceus|Arceus-Ground|100/100
|-ability|p1a: Deoxys|Pressure
|turn|1
|
|t:|1648061734
|move|p2a: Arceus|Magic Coat|p2a: Arceus
|-singleturn|p2a: Arceus|move: Magic Coat
|move|p1a: Deoxys|Stealth Rock|p2a: Arceus
|move|p2a: Arceus|Stealth Rock|p1a: Deoxys|[from]Magic Coat
|-sidestart|p1: Lasombralegendaria|move: Stealth Rock
|
|upkeep
|turn|2
|j| hjksgdf
|
|t:|1648061740
|move|p2a: Arceus|Magic Coat|p2a: Arceus
|-singleturn|p2a: Arceus|move: Magic Coat
|move|p1a: Deoxys|Stealth Rock|p2a: Arceus
|move|p2a: Arceus|Stealth Rock||[from]Magic Coat|[still]
|-fail|p2a: Arceus
|
|upkeep
|turn|3
|
|t:|1648061745
|move|p1a: Deoxys|Stealth Rock|p2a: Arceus
|-sidestart|p2: Hydra Pikachu|move: Stealth Rock
|move|p2a: Arceus|Earthquake|p1a: Deoxys
|-damage|p1a: Deoxys|29/100
|
|upkeep
|turn|4
|
|t:|1648061750
|move|p2a: Arceus|Magic Coat|p2a: Arceus
|-singleturn|p2a: Arceus|move: Magic Coat
|move|p1a: Deoxys|Taunt|p2a: Arceus
|move|p2a: Arceus|Taunt|p1a: Deoxys|[from]Magic Coat
|-start|p1a: Deoxys|move: Taunt
|
|upkeep
|turn|5
|
|t:|1648061755
|move|p1a: Deoxys|Knock Off|p2a: Arceus
|-damage|p2a: Arceus|92/100
|move|p2a: Arceus|Defog|p1a: Deoxys
|-unboost|p1a: Deoxys|evasion|1
|-sideend|p1: Lasombralegendaria|Stealth Rock|[from] move: Defog|[of] p2a: Arceus
|-sideend|p2: Hydra Pikachu|Stealth Rock|[from] move: Defog|[of] p2a: Arceus
|
|upkeep
|turn|6
|
|t:|1648061758
|move|p1a: Deoxys|Knock Off|p2a: Arceus
|-damage|p2a: Arceus|83/100
|move|p2a: Arceus|Earthquake|p1a: Deoxys
|-damage|p1a: Deoxys|0 fnt
|faint|p1a: Deoxys
|
|upkeep
|
|t:|1648061766
|switch|p1a: Rayquaza|Rayquaza|100/100
|-ability|p1a: Rayquaza|Air Lock
|turn|7
|
|t:|1648061769
|detailschange|p1a: Rayquaza|Rayquaza-Mega
|-mega|p1a: Rayquaza|Rayquaza|
|-weather|DeltaStream|[from] ability: Delta Stream|[of] p1a: Rayquaza
|move|p1a: Rayquaza|Dragon Ascent|p2a: Arceus
|-damage|p2a: Arceus|4/100
|-unboost|p1a: Rayquaza|def|1
|-unboost|p1a: Rayquaza|spd|1
|-damage|p1a: Rayquaza|91/100|[from] item: Life Orb
|move|p2a: Arceus|Stone Edge|p1a: Rayquaza
|-activate||deltastream
|-damage|p1a: Rayquaza|42/100
|
|-weather|DeltaStream|[upkeep]
|upkeep
|turn|8
|
|t:|1648061776
|move|p1a: Rayquaza|Dragon Ascent|p2a: Arceus
|-damage|p2a: Arceus|0 fnt
|-unboost|p1a: Rayquaza|def|1
|-unboost|p1a: Rayquaza|spd|1
|faint|p2a: Arceus
|-damage|p1a: Rayquaza|32/100|[from] item: Life Orb
|
|-weather|DeltaStream|[upkeep]
|upkeep
|
|t:|1648061789
|switch|p2a: Groudon|Groudon, shiny|100/100
|detailschange|p2a: Groudon|Groudon-Primal, shiny
|-primal|p2a: Groudon
|-weather|DesolateLand|[from] ability: Desolate Land|[of] p2a: Groudon
|turn|9
|
|t:|1648061800
|move|p1a: Rayquaza|Earthquake|p2a: Groudon
|-supereffective|p2a: Groudon
|-damage|p2a: Groudon|17/100
|-damage|p1a: Rayquaza|22/100|[from] item: Life Orb
|move|p2a: Groudon|Fire Punch|p1a: Rayquaza
|-resisted|p1a: Rayquaza
|-damage|p1a: Rayquaza|0 fnt
|faint|p1a: Rayquaza
|
|-weather|DesolateLand|[upkeep]
|upkeep
|
|t:|1648061811
|switch|p1a: Arceus|Arceus-Ground|100/100
|turn|10
|
|t:|1648061815
|move|p1a: Arceus|Earthquake|p2a: Groudon
|-supereffective|p2a: Groudon
|-damage|p2a: Groudon|0 fnt
|faint|p2a: Groudon
|-weather|none
|
|upkeep
|
|t:|1648061820
|switch|p2a: Xerneas|Xerneas, shiny|100/100
|-ability|p2a: Xerneas|Fairy Aura
|turn|11
|
|t:|1648061829
|-start|p1a: Arceus|Dynamax
|-heal|p1a: Arceus|100/100|[silent]
|move|p1a: Arceus|Max Quake|p2a: Xerneas
|-crit|p2a: Xerneas
|-damage|p2a: Xerneas|0 fnt
|-boost|p1a: Arceus|spd|1
|faint|p2a: Xerneas
|
|upkeep
|
|t:|1648061832
|switch|p2a: Yveltal|Yveltal, shiny|100/100
|-ability|p2a: Yveltal|Dark Aura
|turn|12
|
|t:|1648061840
|-start|p2a: Yveltal|Dynamax
|-heal|p2a: Yveltal|100/100|[silent]
|move|p2a: Yveltal|Max Guard|p2a: Yveltal
|-singleturn|p2a: Yveltal|Max Guard
|move|p1a: Arceus|Max Rockfall|p2a: Yveltal
|-activate|p2a: Yveltal|move: Max Guard
|
|upkeep
|turn|13
|j| Sunesis
|
|t:|1648061850
|move|p1a: Arceus|Max Airstream|p2a: Yveltal
|-damage|p2a: Yveltal|77/100
|-boost|p1a: Arceus|spe|1
|move|p2a: Yveltal|Max Airstream|p1a: Arceus
|-damage|p1a: Arceus|83/100
|-boost|p2a: Yveltal|spe|1
|-damage|p2a: Yveltal|72/100|[from] item: Life Orb
|
|-end|p1a: Arceus|Dynamax
|-heal|p1a: Arceus|83/100|[silent]
|upkeep
|turn|14
|
|t:|1648061856
|move|p1a: Arceus|Fly||[still]
|-prepare|p1a: Arceus|Fly
|move|p2a: Yveltal|Max Darkness|p1a: Arceus|[miss]
|-miss|p2a: Yveltal|p1a: Arceus
|
|-end|p2a: Yveltal|Dynamax
|-heal|p2a: Yveltal|72/100|[silent]
|upkeep
|turn|15
|c| Sunesis|damn
|
|t:|1648061863
|move|p1a: Arceus|Fly|p2a: Yveltal|[from]lockedmove
|-damage|p2a: Yveltal|41/100
|move|p2a: Yveltal|Knock Off|p1a: Arceus
|-damage|p1a: Arceus|35/100
|-damage|p2a: Yveltal|32/100|[from] item: Life Orb
|
|upkeep
|turn|16
|c| Sunesis|fly groudceus
|c| Sunesis|my life is complete
|
|t:|1648061869
|move|p2a: Yveltal|Sucker Punch|p1a: Arceus
|-damage|p1a: Arceus|0 fnt
|faint|p1a: Arceus
|-damage|p2a: Yveltal|22/100|[from] item: Life Orb
|
|upkeep
|
|t:|1648061885
|switch|p1a: Yveltal|Yveltal|100/100
|-ability|p1a: Yveltal|Dark Aura
|turn|17
|
|t:|1648061890
|move|p2a: Yveltal|Oblivion Wing|p1a: Yveltal
|-damage|p1a: Yveltal|58/100
|-heal|p2a: Yveltal|54/100|[from] drain|[of] p1a: Yveltal
|-damage|p2a: Yveltal|44/100|[from] item: Life Orb
|move|p1a: Yveltal|Oblivion Wing|p2a: Yveltal
|-damage|p2a: Yveltal|0 fnt
|-heal|p1a: Yveltal|90/100|[from] drain|[of] p2a: Yveltal
|faint|p2a: Yveltal
|-damage|p1a: Yveltal|80/100|[from] item: Life Orb
|
|upkeep
|
|t:|1648061896
|switch|p2a: Ditto|Ditto|100/100
|-transform|p2a: Ditto|p1a: Yveltal|[from] ability: Imposter
|-ability|p2a: Ditto|Dark Aura
|turn|18
|
|t:|1648061900
|move|p2a: Ditto|Oblivion Wing|p1a: Yveltal
|-damage|p1a: Yveltal|39/100
|move|p1a: Yveltal|Oblivion Wing|p2a: Ditto
|-damage|p2a: Ditto|34/100
|-heal|p1a: Yveltal|77/100|[from] drain|[of] p2a: Ditto
|-damage|p1a: Yveltal|67/100|[from] item: Life Orb
|
|upkeep
|turn|19
|
|t:|1648061905
|switch|p1a: Zacian|Zacian-Crowned|100/100
|-ability|p1a: Zacian|Intrepid Sword|boost
|-boost|p1a: Zacian|atk|1
|move|p2a: Ditto|Oblivion Wing|p1a: Zacian
|-resisted|p1a: Zacian
|-damage|p1a: Zacian|78/100
|-heal|p2a: Ditto|52/100|[from] drain|[of] p1a: Zacian
|
|upkeep
|turn|20
|
|t:|1648061909
|switch|p2a: Calyrex|Calyrex-Shadow|100/100
|-ability|p2a: Calyrex|As One
|-ability|p2a: Calyrex|Unnerve
|move|p1a: Zacian|Behemoth Blade|p2a: Calyrex
|-crit|p2a: Calyrex
|-enditem|p2a: Calyrex|Focus Sash
|-damage|p2a: Calyrex|1/100
|
|upkeep
|turn|21
|
|t:|1648061916
|move|p2a: Calyrex|Astral Barrage|p1a: Zacian
|-damage|p1a: Zacian|10/100
|move|p1a: Zacian|Behemoth Blade|p2a: Calyrex
|-damage|p2a: Calyrex|0 fnt
|faint|p2a: Calyrex
|
|upkeep
|
|t:|1648061918
|switch|p2a: Ditto|Ditto|52/100
|-transform|p2a: Ditto|p1a: Zacian|[from] ability: Imposter
|-ability|p2a: Ditto|Intrepid Sword|boost
|-boost|p2a: Ditto|atk|1
|turn|22
|
|t:|1648061921
|move|p2a: Ditto|Behemoth Blade|p1a: Zacian
|-damage|p1a: Zacian|0 fnt
|faint|p1a: Zacian
|
|upkeep
|
|t:|1648061923
|switch|p1a: Calyrex|Calyrex-Shadow|100/100
|-ability|p1a: Calyrex|As One
|-ability|p1a: Calyrex|Unnerve
|turn|23
|
|t:|1648061926
|move|p1a: Calyrex|Astral Barrage|p2a: Ditto
|-damage|p2a: Ditto|0 fnt
|faint|p2a: Ditto
|
|win|Lasombralegendaria
|n|☆Lasombralegendaria|lasombralegendaria
|n|☆Hydra Pikachu|hydrapikachu
|n| hjksgdf|hjksgdf
|n| Sunesis|sunesis
