|j|☆ImAbroom
|j|☆CroCop-DomacVuk
|t:|1606952041
|player|p1|ImAbroom|red|
|player|p2|CroCop-DomacVuk|wattson|
|teamsize|p1|6
|teamsize|p2|6
|gametype|singles
|gen|8
|tier|[Gen 8] National Dex AG
|rated|Tournament battle
|clearpoke
|poke|p1|Rayquaza|
|poke|p1|Xerneas|
|poke|p1|Zacian-Crowned|
|poke|p1|Zygarde|
|poke|p1|Groudon|
|poke|p1|Ho-Oh|
|poke|p2|Zygarde|
|poke|p2|Rayquaza|
|poke|p2|Groudon|
|poke|p2|Arceus-*|
|poke|p2|Yveltal|
|poke|p2|Necrozma-Dusk-Mane|
|rule|HP Percentage Mod: HP is shown in percentages
|rule|Endless Battle Clause: Forcing endless battles is banned
|teampreview
|j| Placements
|j|%Nevelle
|c|☆CroCop-DomacVuk|uh a legend
|c|☆CroCop-DomacVuk|gl hf
|inactive|Battle timer is ON: inactive players will automatically lose when time's up. (requested by ImAbroom)
|
|t:|1606952051
|start
|switch|p1a: Upper Moon 4|Zygarde|100/100
|switch|p2a: Rayquaza|Rayquaza|100/100
|-ability|p2a: Rayquaza|Air Lock
|turn|1
|j| ASMR_Lover_69
|
|t:|1606952063
|switch|p1a: Upper Moon 3|Zacian-Crowned|100/100
|-ability|p1a: Upper Moon 3|Intrepid Sword|boost
|-boost|p1a: Upper Moon 3|atk|1
|detailschange|p2a: Rayquaza|Rayquaza-Mega
|-mega|p2a: Rayquaza|Rayquaza|
|-weather|DeltaStream|[from] ability: Delta Stream|[of] p2a: Rayquaza
|move|p2a: Rayquaza|Draco Meteor|p1a: Upper Moon 3
|-immune|p1a: Upper Moon 3
|
|-weather|DeltaStream|[upkeep]
|upkeep
|turn|2
|j| c0rvette
|
|t:|1606952072
|-weather|none
|switch|p2a: Groudon|Groudon|100/100
|detailschange|p2a: Groudon|Groudon-Primal
|-primal|p2a: Groudon
|-weather|DesolateLand|[from] ability: Desolate Land|[of] p2a: Groudon
|move|p1a: Upper Moon 3|Play Rough|p2a: Groudon
|-resisted|p2a: Groudon
|-damage|p2a: Groudon|76/100
|-unboost|p2a: Groudon|atk|1
|
|-weather|DesolateLand|[upkeep]
|upkeep
|turn|3
|c| ASMR_Lover_69|Big Pride fan CroCop?
|
|t:|1606952076
|switch|p1a: Upper Moon 4|Zygarde|100/100
|move|p2a: Groudon|Precipice Blades|p1a: Upper Moon 4
|-damage|p1a: Upper Moon 4|79/100
|
|-weather|DesolateLand|[upkeep]
|-heal|p1a: Upper Moon 4|85/100|[from] item: Leftovers
|upkeep
|turn|4
|
|t:|1606952079
|move|p1a: Upper Moon 4|Glare|p2a: Groudon
|-status|p2a: Groudon|par
|cant|p2a: Groudon|par
|
|-weather|DesolateLand|[upkeep]
|-heal|p1a: Upper Moon 4|91/100|[from] item: Leftovers
|upkeep
|turn|5
|
|t:|1606952089
|-weather|none
|switch|p2a: Arceus|Arceus-Fairy|100/100
|move|p1a: Upper Moon 4|Substitute|p1a: Upper Moon 4
|-start|p1a: Upper Moon 4|Substitute
|-damage|p1a: Upper Moon 4|66/100
|
|-heal|p1a: Upper Moon 4|73/100|[from] item: Leftovers
|upkeep
|turn|6
|
|t:|1606952092
|move|p2a: Arceus|Judgment|p1a: Upper Moon 4
|-supereffective|p1a: Upper Moon 4
|-end|p1a: Upper Moon 4|Substitute
|move|p1a: Upper Moon 4|Glare|p2a: Arceus
|-status|p2a: Arceus|par
|
|-heal|p1a: Upper Moon 4|79/100|[from] item: Leftovers
|upkeep
|turn|7
|
|t:|1606952100
|switch|p1a: Upper Moon 3|Zacian-Crowned|100/100
|-ability|p1a: Upper Moon 3|Intrepid Sword|boost
|-boost|p1a: Upper Moon 3|atk|1
|move|p2a: Arceus|Judgment|p1a: Upper Moon 3
|-resisted|p1a: Upper Moon 3
|-damage|p1a: Upper Moon 3|78/100
|
|upkeep
|turn|8
|
|t:|1606952105
|move|p1a: Upper Moon 3|Behemoth Blade|p2a: Arceus
|-supereffective|p2a: Arceus
|-damage|p2a: Arceus|0 fnt
|faint|p2a: Arceus
|
|upkeep
|
|t:|1606952111
|switch|p2a: Rayquaza|Rayquaza-Mega|100/100
|-weather|DeltaStream|[from] ability: Delta Stream|[of] p2a: Rayquaza
|turn|9
|
|t:|1606952125
|move|p2a: Rayquaza|V-create|p1a: Upper Moon 3
|-supereffective|p1a: Upper Moon 3
|-damage|p1a: Upper Moon 3|0 fnt
|-unboost|p2a: Rayquaza|spe|1
|-unboost|p2a: Rayquaza|def|1
|-unboost|p2a: Rayquaza|spd|1
|faint|p1a: Upper Moon 3
|
|-weather|DeltaStream|[upkeep]
|upkeep
|
|t:|1606952133
|switch|p1a: Upper Moon 4|Zygarde|79/100
|turn|10
|
|t:|1606952143
|-weather|none
|switch|p2a: Groudon|Groudon-Primal|76/100 par
|-weather|DesolateLand|[from] ability: Desolate Land|[of] p2a: Groudon
|move|p1a: Upper Moon 4|Dragon Dance|p1a: Upper Moon 4
|-boost|p1a: Upper Moon 4|atk|1
|-boost|p1a: Upper Moon 4|spe|1
|
|-weather|DesolateLand|[upkeep]
|-heal|p1a: Upper Moon 4|85/100|[from] item: Leftovers
|upkeep
|turn|11
|
|t:|1606952150
|move|p1a: Upper Moon 4|Thousand Arrows|p2a: Groudon
|-supereffective|p2a: Groudon
|-damage|p2a: Groudon|26/100 par
|move|p2a: Groudon|Dragon Tail|p1a: Upper Moon 4
|-supereffective|p1a: Upper Moon 4
|-damage|p1a: Upper Moon 4|60/100
|drag|p1a: Upper Moon 1|Rayquaza|100/100
|-ability|p1a: Upper Moon 1|Air Lock
|
|-weather|DesolateLand|[upkeep]
|upkeep
|turn|12
|
|t:|1606952158
|detailschange|p1a: Upper Moon 1|Rayquaza-Mega
|-mega|p1a: Upper Moon 1|Rayquaza|
|-weather|DeltaStream|[from] ability: Delta Stream|[of] p1a: Upper Moon 1
|move|p1a: Upper Moon 1|Earthquake|p2a: Groudon
|-supereffective|p2a: Groudon
|-damage|p2a: Groudon|0 fnt
|faint|p2a: Groudon
|
|-weather|DeltaStream|[upkeep]
|upkeep
|
|t:|1606952162
|switch|p2a: Rayquaza|Rayquaza-Mega|100/100
|turn|13
|
|t:|1606952168
|move|p2a: Rayquaza|Dragon Ascent|p1a: Upper Moon 1
|-damage|p1a: Upper Moon 1|22/100
|-unboost|p2a: Rayquaza|def|1
|-unboost|p2a: Rayquaza|spd|1
|move|p1a: Upper Moon 1|Dragon Dance|p1a: Upper Moon 1
|-boost|p1a: Upper Moon 1|atk|1
|-boost|p1a: Upper Moon 1|spe|1
|
|-weather|DeltaStream|[upkeep]
|upkeep
|turn|14
|
|t:|1606952172
|move|p2a: Rayquaza|Dragon Ascent|p1a: Upper Moon 1
|-damage|p1a: Upper Moon 1|0 fnt
|-unboost|p2a: Rayquaza|def|1
|-unboost|p2a: Rayquaza|spd|1
|faint|p1a: Upper Moon 1
|
|-weather|DeltaStream|[upkeep]
|upkeep
|
|t:|1606952175
|switch|p1a: Upper Moon 4|Zygarde|60/100
|turn|15
|c|%Nevelle|F
|
|t:|1606952186
|-weather|none
|switch|p2a: Zygarde|Zygarde|100/100
|move|p1a: Upper Moon 4|Glare|p2a: Zygarde
|-status|p2a: Zygarde|par
|
|-heal|p1a: Upper Moon 4|66/100|[from] item: Leftovers
|upkeep
|turn|16
|
|t:|1606952190
|move|p1a: Upper Moon 4|Substitute|p1a: Upper Moon 4
|-start|p1a: Upper Moon 4|Substitute
|-damage|p1a: Upper Moon 4|41/100
|cant|p2a: Zygarde|par
|
|-heal|p1a: Upper Moon 4|47/100|[from] item: Leftovers
|-activate|p1a: Upper Moon 4|ability: Power Construct
|detailschange|p1a: Upper Moon 4|Zygarde-Complete
|-heal|p1a: Upper Moon 4|65/100|[silent]
|upkeep
|turn|17
|
|t:|1606952193
|move|p1a: Upper Moon 4|Dragon Dance|p1a: Upper Moon 4
|-boost|p1a: Upper Moon 4|atk|1
|-boost|p1a: Upper Moon 4|spe|1
|move|p2a: Zygarde|Substitute|p2a: Zygarde
|-start|p2a: Zygarde|Substitute
|-damage|p2a: Zygarde|76/100 par
|
|-heal|p1a: Upper Moon 4|72/100|[from] item: Leftovers
|upkeep
|turn|18
|
|t:|1606952199
|move|p1a: Upper Moon 4|Dragon Dance|p1a: Upper Moon 4
|-boost|p1a: Upper Moon 4|atk|1
|-boost|p1a: Upper Moon 4|spe|1
|move|p2a: Zygarde|Dragon Dance|p2a: Zygarde
|-boost|p2a: Zygarde|atk|1
|-boost|p2a: Zygarde|spe|1
|
|-heal|p1a: Upper Moon 4|78/100|[from] item: Leftovers
|upkeep
|turn|19
|
|t:|1606952203
|move|p1a: Upper Moon 4|Thousand Arrows|p2a: Zygarde
|-end|p2a: Zygarde|Substitute
|cant|p2a: Zygarde|par
|
|-heal|p1a: Upper Moon 4|84/100|[from] item: Leftovers
|upkeep
|turn|20
|
|t:|1606952207
|move|p1a: Upper Moon 4|Thousand Arrows|p2a: Zygarde
|-damage|p2a: Zygarde|31/100 par
|cant|p2a: Zygarde|par
|
|-heal|p1a: Upper Moon 4|90/100|[from] item: Leftovers
|-activate|p2a: Zygarde|ability: Power Construct
|detailschange|p2a: Zygarde|Zygarde-Complete
|-heal|p2a: Zygarde|56/100 par|[silent]
|upkeep
|turn|21
|
|t:|1606952211
|move|p1a: Upper Moon 4|Thousand Arrows|p2a: Zygarde
|-damage|p2a: Zygarde|28/100 par
|move|p2a: Zygarde|Thousand Arrows|p1a: Upper Moon 4
|-end|p1a: Upper Moon 4|Substitute
|
|-heal|p1a: Upper Moon 4|96/100|[from] item: Leftovers
|upkeep
|turn|22
|
|t:|1606952217
|move|p1a: Upper Moon 4|Thousand Arrows|p2a: Zygarde
|-damage|p2a: Zygarde|0 fnt
|faint|p2a: Zygarde
|
|-heal|p1a: Upper Moon 4|100/100|[from] item: Leftovers
|upkeep
|
|t:|1606952221
|switch|p2a: Rayquaza|Rayquaza-Mega|100/100
|-weather|DeltaStream|[from] ability: Delta Stream|[of] p2a: Rayquaza
|turn|23
|
|t:|1606952226
|move|p2a: Rayquaza|Draco Meteor|p1a: Upper Moon 4|[miss]
|-miss|p2a: Rayquaza|p1a: Upper Moon 4
|move|p1a: Upper Moon 4|Glare|p2a: Rayquaza
|-status|p2a: Rayquaza|par
|
|-weather|DeltaStream|[upkeep]
|upkeep
|turn|24
|c|☆ImAbroom|Welp
|c|☆CroCop-DomacVuk|f
|
|t:|1606952240
|switch|p1a: Upper Moon 2|Xerneas|100/100
|-ability|p1a: Upper Moon 2|Fairy Aura
|move|p2a: Rayquaza|Draco Meteor|p1a: Upper Moon 2
|-immune|p1a: Upper Moon 2
|
|-weather|DeltaStream|[upkeep]
|upkeep
|turn|25
|
|t:|1606952244
|-weather|none
|switch|p2a: Necrozma|Necrozma-Dusk-Mane|100/100
|move|p1a: Upper Moon 2|Geomancy||[still]
|-prepare|p1a: Upper Moon 2|Geomancy
|-enditem|p1a: Upper Moon 2|Power Herb
|-anim|p1a: Upper Moon 2|Geomancy|p1a: Upper Moon 2
|-boost|p1a: Upper Moon 2|spa|2
|-boost|p1a: Upper Moon 2|spd|2
|-boost|p1a: Upper Moon 2|spe|2
|
|upkeep
|turn|26
|c| ASMR_Lover_69|oof
|
|t:|1606952249
|-start|p1a: Upper Moon 2|Dynamax
|-heal|p1a: Upper Moon 2|100/100|[silent]
|move|p1a: Upper Moon 2|Max Lightning|p2a: Necrozma
|-damage|p2a: Necrozma|3/100
|-fieldstart|move: Electric Terrain
|-zpower|p2a: Necrozma
|move|p2a: Necrozma|Searing Sunraze Smash|p1a: Upper Moon 2|[zeffect]
|-supereffective|p1a: Upper Moon 2
|-damage|p1a: Upper Moon 2|0 fnt
|faint|p1a: Upper Moon 2
|
|upkeep
|
|t:|1606952261
|switch|p1a: Upper Moon 4|Zygarde-Complete|100/100
|turn|27
|
|t:|1606952267
|move|p2a: Necrozma|Sunsteel Strike|p1a: Upper Moon 4
|-damage|p1a: Upper Moon 4|79/100
|move|p1a: Upper Moon 4|Substitute|p1a: Upper Moon 4
|-start|p1a: Upper Moon 4|Substitute
|-damage|p1a: Upper Moon 4|54/100
|
|-heal|p1a: Upper Moon 4|60/100|[from] item: Leftovers
|upkeep
|turn|28
|
|t:|1606952271
|move|p2a: Necrozma|Sunsteel Strike|p1a: Upper Moon 4
|-activate|p1a: Upper Moon 4|move: Substitute|[damage]
|move|p1a: Upper Moon 4|Dragon Dance|p1a: Upper Moon 4
|-boost|p1a: Upper Moon 4|atk|1
|-boost|p1a: Upper Moon 4|spe|1
|
|-heal|p1a: Upper Moon 4|66/100|[from] item: Leftovers
|upkeep
|turn|29
|
|t:|1606952283
|move|p1a: Upper Moon 4|Dragon Dance|p1a: Upper Moon 4
|-boost|p1a: Upper Moon 4|atk|1
|-boost|p1a: Upper Moon 4|spe|1
|move|p2a: Necrozma|Swords Dance|p2a: Necrozma
|-boost|p2a: Necrozma|atk|2
|
|-heal|p1a: Upper Moon 4|72/100|[from] item: Leftovers
|upkeep
|turn|30
|
|t:|1606952289
|move|p1a: Upper Moon 4|Thousand Arrows|p2a: Necrozma
|-supereffective|p2a: Necrozma
|-damage|p2a: Necrozma|0 fnt
|faint|p2a: Necrozma
|
|-heal|p1a: Upper Moon 4|78/100|[from] item: Leftovers
|-fieldend|move: Electric Terrain
|upkeep
|
|t:|1606952300
|switch|p2a: Yveltal|Yveltal, shiny|100/100
|-ability|p2a: Yveltal|Dark Aura
|turn|31
|
|t:|1606952307
|-start|p2a: Yveltal|Dynamax
|-heal|p2a: Yveltal|100/100|[silent]
|move|p1a: Upper Moon 4|Glare|p2a: Yveltal
|-status|p2a: Yveltal|par
|move|p2a: Yveltal|Max Darkness|p1a: Upper Moon 4
|-end|p1a: Upper Moon 4|Substitute
|-unboost|p1a: Upper Moon 4|spd|1
|
|-heal|p1a: Upper Moon 4|85/100|[from] item: Leftovers
|upkeep
|turn|32
|
|t:|1606952318
|move|p1a: Upper Moon 4|Substitute|p1a: Upper Moon 4
|-start|p1a: Upper Moon 4|Substitute
|-damage|p1a: Upper Moon 4|60/100
|cant|p2a: Yveltal|par
|
|-heal|p1a: Upper Moon 4|66/100|[from] item: Leftovers
|upkeep
|turn|33
|
|t:|1606952322
|move|p1a: Upper Moon 4|Dragon Dance|p1a: Upper Moon 4
|-boost|p1a: Upper Moon 4|atk|1
|-boost|p1a: Upper Moon 4|spe|1
|move|p2a: Yveltal|Max Airstream|p1a: Upper Moon 4
|-end|p1a: Upper Moon 4|Substitute
|-boost|p2a: Yveltal|spe|1
|
|-heal|p1a: Upper Moon 4|72/100|[from] item: Leftovers
|-end|p2a: Yveltal|Dynamax
|-heal|p2a: Yveltal|100/100 par|[silent]
|upkeep
|turn|34
|
|t:|1606952326
|move|p1a: Upper Moon 4|Substitute|p1a: Upper Moon 4
|-start|p1a: Upper Moon 4|Substitute
|-damage|p1a: Upper Moon 4|47/100
|cant|p2a: Yveltal|par
|
|-heal|p1a: Upper Moon 4|53/100|[from] item: Leftovers
|upkeep
|turn|35
|
|t:|1606952337
|move|p1a: Upper Moon 4|Thousand Arrows|p2a: Yveltal
|-damage|p2a: Yveltal|26/100 par
|-start|p2a: Yveltal|Smack Down
|move|p2a: Yveltal|Dark Pulse|p1a: Upper Moon 4
|-end|p1a: Upper Moon 4|Substitute
|
|-heal|p1a: Upper Moon 4|59/100|[from] item: Leftovers
|upkeep
|turn|36
|
|t:|1606952342
|move|p1a: Upper Moon 4|Thousand Arrows|p2a: Yveltal
|-damage|p2a: Yveltal|0 fnt
|faint|p2a: Yveltal
|
|-heal|p1a: Upper Moon 4|66/100|[from] item: Leftovers
|upkeep
|
|t:|1606952350
|switch|p2a: Rayquaza|Rayquaza-Mega|100/100 par
|-weather|DeltaStream|[from] ability: Delta Stream|[of] p2a: Rayquaza
|turn|37
|
|t:|1606952355
|move|p1a: Upper Moon 4|Thousand Arrows|p2a: Rayquaza
|-damage|p2a: Rayquaza|24/100 par
|-start|p2a: Rayquaza|Smack Down
|cant|p2a: Rayquaza|par
|
|-weather|DeltaStream|[upkeep]
|-heal|p1a: Upper Moon 4|72/100|[from] item: Leftovers
|upkeep
|turn|38
|c|☆CroCop-DomacVuk|gg
|
|t:|1606952361
|move|p1a: Upper Moon 4|Thousand Arrows|p2a: Rayquaza
|-damage|p2a: Rayquaza|0 fnt
|faint|p2a: Rayquaza
|-weather|none
|
|win|ImAbroom
|n|☆ImAbroom|imabroom
|n|☆CroCop-DomacVuk|crocopdomacvuk
|n| Placements|placements
|n| Nevelle|nevelle
|n| ASMR_Lover_69|asmrlover69
|n| c0rvette|c0rvette
