|j|☆CLEAR GEM清瑜
|j|☆1337RedGlitchFox
|t:|1665072462
|gametype|singles
|player|p1|CLEAR GEM清瑜|skierf|1837
|player|p2|1337RedGlitchFox|red|1730
|teamsize|p1|6
|teamsize|p2|6
|gen|8
|tier|[Gen 8] National Dex AG
|rated|
|rule|HP Percentage Mod: HP is shown in percentages
|rule|Endless Battle Clause: Forcing endless battles is banned
|clearpoke
|poke|p1|Rayquaza|
|poke|p1|Groudon|
|poke|p1|Necrozma-Dusk-Mane|
|poke|p1|Arceus-*|
|poke|p1|Zacian-*|
|poke|p1|Yveltal|
|poke|p2|Rayquaza|
|poke|p2|Arceus-*|
|poke|p2|Necrozma-Dusk-Mane|
|poke|p2|Mewtwo|
|poke|p2|Ho-Oh|
|poke|p2|Zygarde|
|teampreview
|inactive|Battle timer is ON: inactive players will automatically lose when time's up. (requested by 1337RedGlitchFox)
|
|t:|1665072479
|start
|switch|p1a: 不会(?)|Groudon|100/100
|switch|p2a: Mewtwo|Mewtwo|100/100
|-ability|p2a: Mewtwo|Pressure
|detailschange|p1a: 不会(?)|Groudon-Primal
|-primal|p1a: 不会(?)
|-weather|DesolateLand|[from] ability: Desolate Land|[of] p1a: 不会(?)
|turn|1
|
|t:|1665072484
|switch|p2a: Rayquaza|Rayquaza|100/100
|-ability|p2a: Rayquaza|Air Lock
|move|p1a: 不会(?)|Fire Punch|p2a: Rayquaza
|-resisted|p2a: Rayquaza
|-damage|p2a: Rayquaza|78/100
|
|-weather|DesolateLand|[upkeep]
|upkeep
|turn|2
|
|t:|1665072491
|detailschange|p2a: Rayquaza|Rayquaza-Mega
|-mega|p2a: Rayquaza|Rayquaza|
|-weather|DeltaStream|[from] ability: Delta Stream|[of] p2a: Rayquaza
|move|p2a: Rayquaza|Dragon Ascent|p1a: 不会(?)
|-damage|p1a: 不会(?)|44/100
|-unboost|p2a: Rayquaza|def|1
|-unboost|p2a: Rayquaza|spd|1
|move|p1a: 不会(?)|Thunder Wave|p2a: Rayquaza
|-status|p2a: Rayquaza|par
|
|-weather|DeltaStream|[upkeep]
|upkeep
|turn|3
|
|t:|1665072501
|move|p1a: 不会(?)|Stealth Rock|p2a: Rayquaza
|-sidestart|p2: 1337RedGlitchFox|move: Stealth Rock
|move|p2a: Rayquaza|Dragon Ascent|p1a: 不会(?)
|-damage|p1a: 不会(?)|0 fnt
|-unboost|p2a: Rayquaza|def|1
|-unboost|p2a: Rayquaza|spd|1
|faint|p1a: 不会(?)
|
|-weather|DeltaStream|[upkeep]
|upkeep
|
|t:|1665072506
|switch|p1a: 老烈|Rayquaza, shiny|100/100
|-ability|p1a: 老烈|Air Lock
|turn|4
|
|t:|1665072508
|detailschange|p1a: 老烈|Rayquaza-Mega, shiny
|-mega|p1a: 老烈|Rayquaza|
|move|p1a: 老烈|Scale Shot|p2a: Rayquaza
|-supereffective|p2a: Rayquaza
|-damage|p2a: Rayquaza|0 fnt
|faint|p2a: Rayquaza
|-hitcount|p2: Rayquaza|1
|-unboost|p1a: 老烈|def|1
|-boost|p1a: 老烈|spe|1
|-damage|p1a: 老烈|91/100|[from] item: Life Orb
|
|-weather|DeltaStream|[upkeep]
|upkeep
|
|t:|1665072515
|switch|p2a: Necrozma|Necrozma-Dusk-Mane|100/100
|-damage|p2a: Necrozma|95/100|[from] Stealth Rock
|turn|5
|
|t:|1665072523
|move|p1a: 老烈|Earthquake|p2a: Necrozma
|-supereffective|p2a: Necrozma
|-damage|p2a: Necrozma|14/100
|-damage|p1a: 老烈|81/100|[from] item: Life Orb
|move|p2a: Necrozma|Sunsteel Strike|p1a: 老烈
|-damage|p1a: 老烈|0 fnt
|faint|p1a: 老烈
|-weather|none
|
|upkeep
|
|t:|1665072533
|switch|p1a: 嘉然小姐的狗|Zacian-Crowned|100/100
|-ability|p1a: 嘉然小姐的狗|Intrepid Sword|boost
|-boost|p1a: 嘉然小姐的狗|atk|1
|turn|6
|
|t:|1665072536
|detailschange|p2a: Necrozma|Necrozma-Ultra
|-burst|p2a: Necrozma|Necrozma|Ultranecrozium Z
|move|p2a: Necrozma|Earthquake|p1a: 嘉然小姐的狗
|-supereffective|p1a: 嘉然小姐的狗
|-damage|p1a: 嘉然小姐的狗|15/100
|move|p1a: 嘉然小姐的狗|Behemoth Blade|p2a: Necrozma
|-damage|p2a: Necrozma|0 fnt
|faint|p2a: Necrozma
|
|upkeep
|
|t:|1665072541
|switch|p2a: Arceus|Arceus|100/100
|-damage|p2a: Arceus|88/100|[from] Stealth Rock
|turn|7
|
|t:|1665072543
|move|p2a: Arceus|Extreme Speed|p1a: 嘉然小姐的狗
|-resisted|p1a: 嘉然小姐的狗
|-damage|p1a: 嘉然小姐的狗|0 fnt
|faint|p1a: 嘉然小姐的狗
|
|upkeep
|
|t:|1665072546
|switch|p1a: 悬空羊驼|Arceus-Flying|100/100
|turn|8
|
|t:|1665072552
|switch|p2a: Ho-Oh|Ho-Oh|100/100
|move|p1a: 悬空羊驼|Swords Dance|p1a: 悬空羊驼
|-boost|p1a: 悬空羊驼|atk|2
|
|upkeep
|turn|9
|
|t:|1665072556
|-start|p1a: 悬空羊驼|Dynamax|
|-heal|p1a: 悬空羊驼|100/100|[silent]
|move|p1a: 悬空羊驼|Max Airstream|p2a: Ho-Oh
|-damage|p2a: Ho-Oh|0 fnt
|-boost|p1a: 悬空羊驼|spe|1
|faint|p2a: Ho-Oh
|
|upkeep
|
|t:|1665072562
|switch|p2a: Zygarde|Zygarde|100/100
|-damage|p2a: Zygarde|94/100|[from] Stealth Rock
|turn|10
|
|t:|1665072564
|move|p1a: 悬空羊驼|Max Airstream|p2a: Zygarde
|-damage|p2a: Zygarde|0 fnt
|-boost|p1a: 悬空羊驼|spe|1
|faint|p2a: Zygarde
|
|upkeep
|
|t:|1665072566
|switch|p2a: Mewtwo|Mewtwo|100/100
|-damage|p2a: Mewtwo|88/100|[from] Stealth Rock
|-ability|p2a: Mewtwo|Pressure
|turn|11
|
|t:|1665072571
|move|p1a: 悬空羊驼|Max Airstream|p2a: Mewtwo
|-damage|p2a: Mewtwo|0 fnt
|-boost|p1a: 悬空羊驼|spe|1
|faint|p2a: Mewtwo
|
|upkeep
|
|t:|1665072572
|switch|p2a: Arceus|Arceus|88/100
|-damage|p2a: Arceus|76/100|[from] Stealth Rock
|-end|p1a: 悬空羊驼|Dynamax
|-heal|p1a: 悬空羊驼|100/100|[silent]
|turn|12
|
|t:|1665072575
|-start|p2a: Arceus|Dynamax|
|-heal|p2a: Arceus|76/100|[silent]
|move|p1a: 悬空羊驼|Fly||[still]
|-prepare|p1a: 悬空羊驼|Fly
|move|p2a: Arceus|Max Strike|p1a: 悬空羊驼|[miss]
|-miss|p2a: Arceus|p1a: 悬空羊驼
|
|upkeep
|turn|13
|
|t:|1665072580
|move|p1a: 悬空羊驼|Fly|p2a: Arceus|[from]lockedmove
|-damage|p2a: Arceus|38/100
|move|p2a: Arceus|Max Strike|p1a: 悬空羊驼
|-damage|p1a: 悬空羊驼|51/100
|-unboost|p1a: 悬空羊驼|spe|1
|
|upkeep
|turn|14
|-message|1337RedGlitchFox forfeited.
|
|win|CLEAR GEM清瑜
|raw|CLEAR GEM清瑜's rating: 1837 &rarr; <strong>1851</strong><br />(+14 for winning)
|raw|1337RedGlitchFox's rating: 1730 &rarr; <strong>1716</strong><br />(-14 for losing)
|l|☆1337RedGlitchFox
||Ladder isn't responding, score probably updated but might not have (Request timeout).
