|j|☆garasoin
|j|☆wheelien
|player|p1|garasoin|volkner|1325
|player|p2|wheelien|214|1441
|teamsize|p1|6
|teamsize|p2|6
|gametype|singles
|gen|8
|tier|[Gen 8] National Dex AG
|rated|
|clearpoke
|poke|p1|Pheromosa|
|poke|p1|Infernape, F|
|poke|p1|Mewtwo|
|poke|p1|Kyogre|
|poke|p1|Ditto|
|poke|p1|Dugtrio, M|
|poke|p2|Arceus-*|
|poke|p2|Arceus-*|
|poke|p2|Arceus-*|
|poke|p2|Arceus-*|
|poke|p2|Arceus-*|
|poke|p2|Arceus-*|
|rule|HP Percentage Mod: HP is shown in percentages
|rule|Endless Battle Clause: Forcing endless battles is banned
|teampreview
|
|start
|switch|p1a: Infernape|Infernape, F|100/100
|switch|p2a: Love|Arceus|100/100
|turn|1
|c|☆garasoin|:o
|
|move|p1a: Infernape|Close Combat|p2a: Love
|-supereffective|p2a: Love
|-damage|p2a: Love|23/100
|-unboost|p1a: Infernape|def|1
|-unboost|p1a: Infernape|spd|1
|-damage|p1a: Infernape|91/100|[from] item: Life Orb
|move|p2a: Love|Reflect|p2a: Love
|-sidestart|p2: wheelien|Reflect
|
|upkeep
|turn|2
|c|☆garasoin|:O
|
|switch|p2a: Sacrifice|Arceus|100/100
|move|p1a: Infernape|Close Combat|p2a: Sacrifice
|-supereffective|p2a: Sacrifice
|-enditem|p2a: Sacrifice|Chople Berry|[eat]
|-enditem|p2a: Sacrifice|Chople Berry|[weaken]
|-damage|p2a: Sacrifice|78/100
|-unboost|p1a: Infernape|def|1
|-unboost|p1a: Infernape|spd|1
|-damage|p1a: Infernape|81/100|[from] item: Life Orb
|
|upkeep
|turn|3
|
|move|p2a: Sacrifice|Extreme Speed|p1a: Infernape
|-damage|p1a: Infernape|0 fnt
|faint|p1a: Infernape
|
|upkeep
|
|switch|p1a: Kyogre|Kyogre|100/100
|detailschange|p1a: Kyogre|Kyogre-Primal
|-primal|p1a: Kyogre
|-weather|PrimordialSea|[from] ability: Primordial Sea|[of] p1a: Kyogre
|turn|4
|
|move|p2a: Sacrifice|Extreme Speed|p1a: Kyogre
|-damage|p1a: Kyogre|61/100
|move|p1a: Kyogre|Surf|p2a: Sacrifice
|-damage|p2a: Sacrifice|22/100
|
|-weather|PrimordialSea|[upkeep]
|upkeep
|turn|5
|
|move|p2a: Sacrifice|Extreme Speed|p1a: Kyogre
|-damage|p1a: Kyogre|25/100
|move|p1a: Kyogre|Surf|p2a: Sacrifice
|-damage|p2a: Sacrifice|0 fnt
|faint|p2a: Sacrifice
|
|-weather|PrimordialSea|[upkeep]
|upkeep
|
|switch|p2a: Love|Arceus|23/100
|turn|6
|
|move|p2a: Love|Stealth Rock|p1a: Kyogre
|-sidestart|p1: garasoin|move: Stealth Rock
|move|p1a: Kyogre|Surf|p2a: Love
|-damage|p2a: Love|0 fnt
|faint|p2a: Love
|
|-weather|PrimordialSea|[upkeep]
|upkeep
|
|switch|p2a: Miracle|Arceus|100/100
|turn|7
|
|move|p2a: Miracle|Extreme Speed|p1a: Kyogre
|-damage|p1a: Kyogre|0 fnt
|faint|p1a: Kyogre
|-weather|none
|
|upkeep
|
|switch|p1a: Ditto|Ditto|100/100
|-damage|p1a: Ditto|88/100|[from] Stealth Rock
|-transform|p1a: Ditto|p2a: Miracle|[from] ability: Imposter
|turn|8
|
|move|p1a: Ditto|Extreme Speed|p2a: Miracle
|-damage|p2a: Miracle|86/100
|-zpower|p2a: Miracle
|move|p2a: Miracle|Breakneck Blitz|p1a: Ditto|[zeffect]
|-damage|p1a: Ditto|0 fnt
|faint|p1a: Ditto
|
|-sideend|p2: wheelien|Reflect
|upkeep
|
|switch|p1a: Pheromosa|Pheromosa|100/100
|-damage|p1a: Pheromosa|88/100|[from] Stealth Rock
|turn|9
|
|-start|p1a: Pheromosa|Dynamax
|-heal|p1a: Pheromosa|88/100|[silent]
|move|p2a: Miracle|Extreme Speed|p1a: Pheromosa
|-damage|p1a: Pheromosa|36/100
|move|p1a: Pheromosa|Max Knuckle|p2a: Miracle
|-supereffective|p2a: Miracle
|-damage|p2a: Miracle|5/100
|-boost|p1a: Pheromosa|atk|1
|
|upkeep
|turn|10
|
|move|p2a: Miracle|Extreme Speed|p1a: Pheromosa
|-damage|p1a: Pheromosa|0 fnt
|faint|p1a: Pheromosa
|
|upkeep
|
|switch|p1a: Dugtrio|Dugtrio, M|100/100
|-damage|p1a: Dugtrio|94/100|[from] Stealth Rock
|turn|11
|
|move|p2a: Miracle|Extreme Speed|p1a: Dugtrio
|-damage|p1a: Dugtrio|0 fnt
|faint|p1a: Dugtrio
|
|upkeep
|-message|garasoin forfeited.
|
|win|wheelien
|l|☆garasoin
||Ladder (probably) updated, but score could not be retrieved (Response not received).
