|j|☆Latiasboy
|j|‽ThenoJSZ
|t:|1663752224
|gametype|singles
|player|p1|Latiasboy|n|1717
|player|p2|ThenoJSZ|bugcatcher-gen4dp|1847
|teamsize|p1|6
|teamsize|p2|6
|gen|8
|tier|[Gen 8] National Dex AG
|rated|
|rule|HP Percentage Mod: HP is shown in percentages
|rule|Endless Battle Clause: Forcing endless battles is banned
|clearpoke
|poke|p1|Zygarde|
|poke|p1|Necrozma-Dusk-Mane|
|poke|p1|Gengar, M|
|poke|p1|Yveltal|
|poke|p1|Kyogre|
|poke|p1|Shedinja|
|poke|p2|Rayquaza|
|poke|p2|Zacian-*|
|poke|p2|Arceus-*|
|poke|p2|Kyogre|
|poke|p2|Calyrex-Shadow|
|poke|p2|Ditto|
|teampreview
|inactive|Battle timer is ON: inactive players will automatically lose when time's up. (requested by ThenoJSZ)
|
|t:|1663752249
|start
|switch|p1a: Gengar|Gengar, M|100/100
|switch|p2a: Rayquaza|Rayquaza|100/100
|-ability|p2a: Rayquaza|Air Lock
|turn|1
|
|t:|1663752255
|detailschange|p1a: Gengar|Gengar-Mega, M
|-mega|p1a: Gengar|Gengar|Gengarite
|detailschange|p2a: Rayquaza|Rayquaza-Mega
|-mega|p2a: Rayquaza|Rayquaza|
|-weather|DeltaStream|[from] ability: Delta Stream|[of] p2a: Rayquaza
|move|p1a: Gengar|Substitute|p1a: Gengar
|-start|p1a: Gengar|Substitute
|-damage|p1a: Gengar|75/100
|move|p2a: Rayquaza|Scale Shot|p1a: Gengar
|-end|p1a: Gengar|Substitute
|-damage|p1a: Gengar|44/100
|-damage|p1a: Gengar|10/100
|-hitcount|p1a: Gengar|3
|-unboost|p2a: Rayquaza|def|1
|-boost|p2a: Rayquaza|spe|1
|
|-weather|DeltaStream|[upkeep]
|upkeep
|turn|2
|
|t:|1663752268
|switch|p1a: Necrozma|Necrozma-Dusk-Mane|100/100
|move|p2a: Rayquaza|Scale Shot|p1a: Necrozma
|-resisted|p1a: Necrozma
|-damage|p1a: Necrozma|94/100
|-resisted|p1a: Necrozma
|-damage|p1a: Necrozma|87/100
|-hitcount|p1a: Necrozma|2
|-unboost|p2a: Rayquaza|def|1
|-boost|p2a: Rayquaza|spe|1
|
|-weather|DeltaStream|[upkeep]
|upkeep
|turn|3
|
|t:|1663752284
|-weather|none
|switch|p2a: Arceus|Arceus-Electric|100/100
|move|p1a: Necrozma|Thunder Wave|p2a: Arceus
|-immune|p2a: Arceus
|
|upkeep
|turn|4
|
|t:|1663752295
|switch|p1a: Shedinja|Shedinja|100/100
|move|p2a: Arceus|Stealth Rock|p1a: Shedinja
|-sidestart|p1: Latiasboy|move: Stealth Rock
|
|upkeep
|turn|5
|
|t:|1663752299
|move|p2a: Arceus|Will-O-Wisp|p1a: Shedinja
|-status|p1a: Shedinja|brn
|move|p1a: Shedinja|Baton Pass|p1a: Shedinja
|
|t:|1663752307
|switch|p1a: Zygarde|Zygarde|100/100|[from]move: Baton Pass
|-damage|p1a: Zygarde|94/100|[from] Stealth Rock
|
|-heal|p1a: Zygarde|100/100|[from] item: Leftovers
|upkeep
|turn|6
|
|t:|1663752311
|move|p2a: Arceus|Will-O-Wisp|p1a: Zygarde
|-status|p1a: Zygarde|brn
|move|p1a: Zygarde|Thousand Waves|p2a: Arceus
|-supereffective|p2a: Arceus
|-damage|p2a: Arceus|78/100
|-activate|p2a: Arceus|trapped
|
|-damage|p1a: Zygarde|94/100 brn|[from] brn
|upkeep
|turn|7
|
|t:|1663752320
|move|p2a: Arceus|Recover|p2a: Arceus
|-heal|p2a: Arceus|100/100
|move|p1a: Zygarde|Coil|p1a: Zygarde
|-boost|p1a: Zygarde|atk|1
|-boost|p1a: Zygarde|def|1
|-boost|p1a: Zygarde|accuracy|1
|
|-heal|p1a: Zygarde|100/100 brn|[from] item: Leftovers
|-damage|p1a: Zygarde|94/100 brn|[from] brn
|upkeep
|turn|8
|
|t:|1663752329
|move|p2a: Arceus|Stealth Rock||[still]
|-fail|p2a: Arceus
|move|p1a: Zygarde|Coil|p1a: Zygarde
|-boost|p1a: Zygarde|atk|1
|-boost|p1a: Zygarde|def|1
|-boost|p1a: Zygarde|accuracy|1
|
|-heal|p1a: Zygarde|100/100 brn|[from] item: Leftovers
|-damage|p1a: Zygarde|94/100 brn|[from] brn
|upkeep
|turn|9
|
|t:|1663752336
|move|p2a: Arceus|Stealth Rock||[still]
|-fail|p2a: Arceus
|move|p1a: Zygarde|Coil|p1a: Zygarde
|-boost|p1a: Zygarde|atk|1
|-boost|p1a: Zygarde|def|1
|-boost|p1a: Zygarde|accuracy|1
|
|-heal|p1a: Zygarde|100/100 brn|[from] item: Leftovers
|-damage|p1a: Zygarde|94/100 brn|[from] brn
|upkeep
|turn|10
|
|t:|1663752343
|move|p2a: Arceus|Stealth Rock||[still]
|-fail|p2a: Arceus
|move|p1a: Zygarde|Scale Shot|p2a: Arceus
|-damage|p2a: Arceus|92/100
|-damage|p2a: Arceus|84/100
|-damage|p2a: Arceus|77/100
|-hitcount|p2a: Arceus|3
|-unboost|p1a: Zygarde|def|1
|-boost|p1a: Zygarde|spe|1
|
|-heal|p1a: Zygarde|100/100 brn|[from] item: Leftovers
|-damage|p1a: Zygarde|94/100 brn|[from] brn
|upkeep
|turn|11
|
|t:|1663752357
|move|p1a: Zygarde|Scale Shot|p2a: Arceus
|-damage|p2a: Arceus|70/100
|-damage|p2a: Arceus|62/100
|-hitcount|p2a: Arceus|2
|-unboost|p1a: Zygarde|def|1
|-boost|p1a: Zygarde|spe|1
|move|p2a: Arceus|Recover|p2a: Arceus
|-heal|p2a: Arceus|100/100
|
|-heal|p1a: Zygarde|100/100 brn|[from] item: Leftovers
|-damage|p1a: Zygarde|94/100 brn|[from] brn
|upkeep
|turn|12
|
|t:|1663752360
|move|p1a: Zygarde|Coil|p1a: Zygarde
|-boost|p1a: Zygarde|atk|1
|-boost|p1a: Zygarde|def|1
|-boost|p1a: Zygarde|accuracy|1
|move|p2a: Arceus|Stealth Rock||[still]
|-fail|p2a: Arceus
|
|-heal|p1a: Zygarde|100/100 brn|[from] item: Leftovers
|-damage|p1a: Zygarde|94/100 brn|[from] brn
|upkeep
|turn|13
|
|t:|1663752364
|move|p1a: Zygarde|Coil|p1a: Zygarde
|-boost|p1a: Zygarde|atk|1
|-boost|p1a: Zygarde|def|1
|-boost|p1a: Zygarde|accuracy|1
|move|p2a: Arceus|Stealth Rock||[still]
|-fail|p2a: Arceus
|
|-heal|p1a: Zygarde|100/100 brn|[from] item: Leftovers
|-damage|p1a: Zygarde|94/100 brn|[from] brn
|upkeep
|turn|14
|j| Jelly cookie
|
|t:|1663752376
|move|p1a: Zygarde|Coil|p1a: Zygarde
|-boost|p1a: Zygarde|atk|1
|-boost|p1a: Zygarde|def|1
|-boost|p1a: Zygarde|accuracy|1
|move|p2a: Arceus|Recover||[still]
|-fail|p2a: Arceus|heal
|
|-heal|p1a: Zygarde|100/100 brn|[from] item: Leftovers
|-damage|p1a: Zygarde|94/100 brn|[from] brn
|upkeep
|turn|15
|
|t:|1663752383
|move|p1a: Zygarde|Coil|p1a: Zygarde
|-boost|p1a: Zygarde|atk|0
|-boost|p1a: Zygarde|def|1
|-boost|p1a: Zygarde|accuracy|0
|move|p2a: Arceus|Recover||[still]
|-fail|p2a: Arceus|heal
|
|-heal|p1a: Zygarde|100/100 brn|[from] item: Leftovers
|-damage|p1a: Zygarde|94/100 brn|[from] brn
|upkeep
|turn|16
|
|t:|1663752391
|move|p1a: Zygarde|Coil|p1a: Zygarde
|-boost|p1a: Zygarde|atk|0
|-boost|p1a: Zygarde|def|1
|-boost|p1a: Zygarde|accuracy|0
|move|p2a: Arceus|Stealth Rock||[still]
|-fail|p2a: Arceus
|
|-heal|p1a: Zygarde|100/100 brn|[from] item: Leftovers
|-damage|p1a: Zygarde|94/100 brn|[from] brn
|upkeep
|turn|17
|
|t:|1663752395
|move|p1a: Zygarde|Rest|p1a: Zygarde
|-status|p1a: Zygarde|slp|[from] move: Rest
|-heal|p1a: Zygarde|100/100 slp|[silent]
|move|p2a: Arceus|Recover||[still]
|-fail|p2a: Arceus|heal
|
|upkeep
|turn|18
|
|t:|1663752404
|cant|p1a: Zygarde|slp
|move|p2a: Arceus|Stealth Rock||[still]
|-fail|p2a: Arceus
|
|upkeep
|turn|19
|
|t:|1663752413
|cant|p1a: Zygarde|slp
|move|p2a: Arceus|Will-O-Wisp||[still]
|-fail|p2a: Arceus
|
|upkeep
|turn|20
|
|t:|1663752421
|-curestatus|p1a: Zygarde|slp|[msg]
|move|p1a: Zygarde|Thousand Waves|p2a: Arceus
|-supereffective|p2a: Arceus
|-damage|p2a: Arceus|0 fnt
|faint|p2a: Arceus
|
|upkeep
|
|t:|1663752432
|switch|p2a: Ditto|Ditto|100/100
|-transform|p2a: Ditto|p1a: Zygarde|[from] ability: Imposter
|turn|21
|
|t:|1663752438
|-start|p2a: Ditto|Dynamax|
|-heal|p2a: Ditto|100/100|[silent]
|-start|p1a: Zygarde|Dynamax|
|-heal|p1a: Zygarde|100/100|[silent]
|move|p2a: Ditto|Max Wyrmwind|p1a: Zygarde
|-supereffective|p1a: Zygarde
|-damage|p1a: Zygarde|65/100
|-unboost|p1a: Zygarde|atk|1
|move|p1a: Zygarde|Max Wyrmwind|p2a: Ditto
|-supereffective|p2a: Ditto
|-damage|p2a: Ditto|55/100
|-unboost|p2a: Ditto|atk|1
|
|-heal|p1a: Zygarde|68/100|[from] item: Leftovers
|upkeep
|turn|22
|
|t:|1663752459
|move|p1a: Zygarde|Max Guard|p1a: Zygarde
|-singleturn|p1a: Zygarde|Max Guard
|move|p2a: Ditto|Max Wyrmwind|p1a: Zygarde
|-activate|p1a: Zygarde|move: Max Guard
|
|-heal|p1a: Zygarde|71/100|[from] item: Leftovers
|upkeep
|turn|23
|
|t:|1663752462
|move|p1a: Zygarde|Max Wyrmwind|p2a: Ditto
|-supereffective|p2a: Ditto
|-damage|p2a: Ditto|10/100
|-unboost|p2a: Ditto|atk|1
|move|p2a: Ditto|Max Wyrmwind|p1a: Zygarde
|-supereffective|p1a: Zygarde
|-damage|p1a: Zygarde|43/100
|-unboost|p1a: Zygarde|atk|1
|
|-heal|p1a: Zygarde|46/100|[from] item: Leftovers
|-activate|p1a: Zygarde|ability: Power Construct
|detailschange|p1a: Zygarde|Zygarde-Complete
|-heal|p1a: Zygarde|64/100|[silent]
|upkeep
|-end|p2a: Ditto|Dynamax
|-heal|p2a: Ditto|10/100|[silent]
|-end|p1a: Zygarde|Dynamax
|-heal|p1a: Zygarde|64/100|[silent]
|turn|24
|inactive|Latiasboy has 120 seconds left.
|
|t:|1663752495
|switch|p2a: Kyogre|Kyogre|100/100
|detailschange|p2a: Kyogre|Kyogre-Primal
|-primal|p2a: Kyogre
|-weather|PrimordialSea|[from] ability: Primordial Sea|[of] p2a: Kyogre
|move|p1a: Zygarde|Coil|p1a: Zygarde
|-boost|p1a: Zygarde|atk|1
|-boost|p1a: Zygarde|def|0
|-boost|p1a: Zygarde|accuracy|0
|
|-weather|PrimordialSea|[upkeep]
|-heal|p1a: Zygarde|71/100|[from] item: Leftovers
|upkeep
|turn|25
|
|t:|1663752505
|move|p1a: Zygarde|Thousand Waves|p2a: Kyogre
|-damage|p2a: Kyogre|0 fnt
|faint|p2a: Kyogre
|-weather|none
|
|-heal|p1a: Zygarde|77/100|[from] item: Leftovers
|upkeep
|
|t:|1663752511
|switch|p2a: Ditto|Ditto|10/100
|-transform|p2a: Ditto|p1a: Zygarde|[from] ability: Imposter
|turn|26
|
|t:|1663752517
|move|p2a: Ditto|Scale Shot|p1a: Zygarde
|-supereffective|p1a: Zygarde
|-damage|p1a: Zygarde|69/100
|-supereffective|p1a: Zygarde
|-damage|p1a: Zygarde|61/100
|-supereffective|p1a: Zygarde
|-damage|p1a: Zygarde|53/100
|-hitcount|p1a: Zygarde|3
|-unboost|p2a: Ditto|def|1
|-boost|p2a: Ditto|spe|1
|move|p1a: Zygarde|Thousand Waves|p2a: Ditto
|-damage|p2a: Ditto|0 fnt
|faint|p2a: Ditto
|
|-heal|p1a: Zygarde|59/100|[from] item: Leftovers
|upkeep
|
|t:|1663752530
|switch|p2a: Calyrex|Calyrex-Shadow|100/100
|-ability|p2a: Calyrex|As One
|-ability|p2a: Calyrex|Unnerve
|turn|27
|
|t:|1663752534
|move|p1a: Zygarde|Thousand Waves|p2a: Calyrex
|-crit|p2a: Calyrex
|-damage|p2a: Calyrex|0 fnt
|faint|p2a: Calyrex
|
|-heal|p1a: Zygarde|65/100|[from] item: Leftovers
|upkeep
|
|t:|1663752538
|switch|p2a: Rayquaza|Rayquaza-Mega|100/100
|-weather|DeltaStream|[from] ability: Delta Stream|[of] p2a: Rayquaza
|turn|28
|c|☆Latiasboy|Gg
|
|t:|1663752545
|move|p1a: Zygarde|Scale Shot|p2a: Rayquaza
|-supereffective|p2a: Rayquaza
|-damage|p2a: Rayquaza|22/100
|-supereffective|p2a: Rayquaza
|-damage|p2a: Rayquaza|0 fnt
|faint|p2a: Rayquaza
|-weather|none
|-hitcount|p2: Rayquaza|2
|-unboost|p1a: Zygarde|def|1
|-boost|p1a: Zygarde|spe|1
|
|-heal|p1a: Zygarde|72/100|[from] item: Leftovers
|upkeep
|
|t:|1663752548
|switch|p2a: Zacian|Zacian-Crowned|100/100
|-ability|p2a: Zacian|Intrepid Sword|boost
|-boost|p2a: Zacian|atk|1
|turn|29
|
|t:|1663752557
|move|p1a: Zygarde|Thousand Waves|p2a: Zacian
|-supereffective|p2a: Zacian
|-damage|p2a: Zacian|0 fnt
|faint|p2a: Zacian
|
|win|Latiasboy
|raw|Latiasboy's rating: 1717 &rarr; <strong>1744</strong><br />(+27 for winning)
|raw|ThenoJSZ's rating: 1847 &rarr; <strong>1820</strong><br />(-27 for losing)
|l|‽ThenoJSZ
||Ladder isn't responding, score probably updated but might not have (Request timeout).
