|j|☆IamHrrimann
|j|☆123Ayan
|t:|1628423543
|gametype|singles
|player|p1|IamHrrimann|1|
|player|p2|123Ayan|red|
|teamsize|p1|6
|teamsize|p2|6
|gen|8
|tier|[Gen 8] National Dex AG
|rule|HP Percentage Mod: HP is shown in percentages
|rule|Endless Battle Clause: Forcing endless battles is banned
|clearpoke
|poke|p1|Lugia|
|poke|p1|Toxapex, M|
|poke|p1|Zeraora|
|poke|p1|Mandibuzz, F|
|poke|p1|Hippowdon, M|
|poke|p1|Lycanroc, M|
|poke|p2|Tapu Koko|
|poke|p2|Calyrex-Shadow|
|poke|p2|Medicham, F|
|poke|p2|Victini|
|poke|p2|Smeargle, F|
|poke|p2|Ho-Oh|
|teampreview
|c|☆IamHrrimann|Start bolo korar somoy
|c|☆123Ayan|Oops ek min
|c|☆123Ayan|In another battle
|c|☆123Ayan|With riad bro
|c|☆123Ayan|Aasho
|c|☆123Ayan|Ready?
|c|☆IamHrrimann|Ha
|c|☆123Ayan|Bhai ke join korte deo
|c|☆123Ayan|Ok bhai khelche bodhoi
|c|☆123Ayan|Fifa
|c|☆123Ayan|Replay share korbo
|c|☆123Ayan|Starting
|c|☆IamHrrimann|Ha
|c|☆123Ayan|?
|c|☆123Ayan|Less go
|
|t:|1628424395
|start
|switch|p1a: Mandibuzz|Mandibuzz, F|100/100
|switch|p2a: Smeargle|Smeargle, F|100/100
|turn|1
|
|t:|1628424403
|move|p2a: Smeargle|Stealth Rock|p1a: Mandibuzz
|-sidestart|p1: IamHrrimann|move: Stealth Rock
|move|p1a: Mandibuzz|Toxic|p2a: Smeargle
|-status|p2a: Smeargle|tox
|
|-damage|p2a: Smeargle|94/100 tox|[from] psn
|-ability|p2a: Smeargle|Moody|boost
|-boost|p2a: Smeargle|spe|2
|-unboost|p2a: Smeargle|def|1
|upkeep
|turn|2
|
|t:|1628424414
|move|p2a: Smeargle|Sticky Web|p1a: Mandibuzz
|-sidestart|p1: IamHrrimann|move: Sticky Web
|move|p1a: Mandibuzz|Defog|p2a: Smeargle
|-unboost|p2a: Smeargle|evasion|1
|-sideend|p1: IamHrrimann|Stealth Rock|[from] move: Defog|[of] p1a: Mandibuzz
|-sideend|p1: IamHrrimann|Sticky Web|[from] move: Defog|[of] p1a: Mandibuzz
|
|-damage|p2a: Smeargle|82/100 tox|[from] psn
|-ability|p2a: Smeargle|Moody|boost
|-boost|p2a: Smeargle|spe|2
|-unboost|p2a: Smeargle|spd|1
|upkeep
|turn|3
|
|t:|1628424430
|move|p2a: Smeargle|Stealth Rock|p1a: Mandibuzz
|-sidestart|p1: IamHrrimann|move: Stealth Rock
|move|p1a: Mandibuzz|Toxic|p2a: Smeargle
|-fail|p2a: Smeargle|tox
|
|-damage|p2a: Smeargle|64/100 tox|[from] psn
|-ability|p2a: Smeargle|Moody|boost
|-boost|p2a: Smeargle|spa|2
|-unboost|p2a: Smeargle|spe|1
|upkeep
|turn|4
|j| JRxR1AD
|
|t:|1628424440
|move|p2a: Smeargle|Baton Pass|p2a: Smeargle
|
|t:|1628424443
|switch|p2a: Calyrex|Calyrex-Shadow|100/100|[from]move: Baton Pass
|-ability|p2a: Calyrex|As One
|-ability|p2a: Calyrex|Unnerve
|move|p1a: Mandibuzz|Defog|p2a: Calyrex
|-unboost|p2a: Calyrex|evasion|1
|-sideend|p1: IamHrrimann|Stealth Rock|[from] move: Defog|[of] p1a: Mandibuzz
|
|upkeep
|turn|5
|
|t:|1628424460
|-start|p2a: Calyrex|Dynamax
|-heal|p2a: Calyrex|100/100|[silent]
|move|p2a: Calyrex|Max Starfall|p1a: Mandibuzz
|-supereffective|p1a: Mandibuzz
|-damage|p1a: Mandibuzz|0 fnt
|-fieldstart|move: Misty Terrain
|faint|p1a: Mandibuzz
|-ability|p2a: Calyrex|Grim Neigh|boost
|-boost|p2a: Calyrex|spa|1
|
|upkeep
|c|☆123Ayan|Oops
|
|t:|1628424470
|switch|p1a: Lycanroc|Lycanroc, M, shiny|100/100
|turn|6
|c| JRxR1AD|😐 shuru
|
|t:|1628424477
|move|p1a: Lycanroc|Sucker Punch|p2a: Calyrex
|-supereffective|p2a: Calyrex
|-damage|p2a: Calyrex|5/100
|move|p2a: Calyrex|Max Mindstorm|p1a: Lycanroc
|-enditem|p1a: Lycanroc|Focus Sash
|-damage|p1a: Lycanroc|1/100
|-fieldstart|move: Psychic Terrain
|
|upkeep
|turn|7
|c|☆123Ayan|Arey
|
|t:|1628424510
|switch|p1a: Lugia|Lugia, shiny|100/100
|-ability|p1a: Lugia|Pressure
|move|p2a: Calyrex|Max Phantasm|p1a: Lugia
|-supereffective|p1a: Lugia
|-damage|p1a: Lugia|0 fnt
|faint|p1a: Lugia
|-ability|p2a: Calyrex|Grim Neigh|boost
|-boost|p2a: Calyrex|spa|1
|
|-end|p2a: Calyrex|Dynamax
|-heal|p2a: Calyrex|5/100|[silent]
|upkeep
|
|t:|1628424526
|switch|p1a: Hippowdon|Hippowdon, M|100/100
|-weather|Sandstorm|[from] ability: Sand Stream|[of] p1a: Hippowdon
|turn|8
|
|t:|1628424535
|switch|p1a: Lycanroc|Lycanroc, M, shiny|1/100
|move|p2a: Calyrex|Draining Kiss|p1a: Lycanroc
|-damage|p1a: Lycanroc|0 fnt
|-heal|p2a: Calyrex|5/100|[from] drain|[of] p1a: Lycanroc
|faint|p1a: Lycanroc
|-ability|p2a: Calyrex|Grim Neigh|boost
|-boost|p2a: Calyrex|spa|1
|
|-weather|Sandstorm|[upkeep]
|-damage|p2a: Calyrex|0 fnt|[from] Sandstorm
|faint|p2a: Calyrex
|upkeep
|c|☆123Ayan|Nice
|
|t:|1628424554
|switch|p2a: Tapu Koko|Tapu Koko|100/100
|switch|p1a: Zeraora|Zeraora|100/100
|-fieldstart|move: Electric Terrain|[from] ability: Electric Surge|[of] p2a: Tapu Koko
|turn|9
|c| JRxR1AD|But
|c| JRxR1AD|match half kintu shes
|
|t:|1628424569
|move|p1a: Zeraora|Fake Out|p2a: Tapu Koko
|-damage|p2a: Tapu Koko|78/100
|-damage|p1a: Zeraora|91/100|[from] item: Life Orb
|cant|p2a: Tapu Koko|flinch
|
|-weather|Sandstorm|[upkeep]
|-damage|p1a: Zeraora|85/100|[from] Sandstorm
|-damage|p2a: Tapu Koko|72/100|[from] Sandstorm
|upkeep
|turn|10
|
|t:|1628424580
|move|p1a: Zeraora|Bulk Up|p1a: Zeraora
|-boost|p1a: Zeraora|atk|1
|-boost|p1a: Zeraora|def|1
|move|p2a: Tapu Koko|U-turn|p1a: Zeraora
|-damage|p1a: Zeraora|65/100
|
|t:|1628424589
|switch|p2a: Smeargle|Smeargle, F|64/100 tox|[from]move: U-turn
|
|-weather|Sandstorm|[upkeep]
|-damage|p1a: Zeraora|59/100|[from] Sandstorm
|-damage|p2a: Smeargle|58/100 tox|[from] Sandstorm
|-damage|p2a: Smeargle|52/100 tox|[from] psn
|-ability|p2a: Smeargle|Moody|boost
|-boost|p2a: Smeargle|atk|2
|-unboost|p2a: Smeargle|spe|1
|upkeep
|turn|11
|
|t:|1628424601
|move|p1a: Zeraora|Plasma Fists|p2a: Smeargle
|-damage|p2a: Smeargle|0 fnt
|faint|p2a: Smeargle
|-damage|p1a: Zeraora|49/100|[from] item: Life Orb
|
|-weather|Sandstorm|[upkeep]
|-damage|p1a: Zeraora|43/100|[from] Sandstorm
|upkeep
|
|t:|1628424616
|switch|p2a: Medicham|Medicham, F|100/100
|turn|12
|
|t:|1628424647
|detailschange|p2a: Medicham|Medicham-Mega, F
|-mega|p2a: Medicham|Medicham|Medichamite
|move|p2a: Medicham|Fake Out|p1a: Zeraora
|-damage|p1a: Zeraora|22/100
|cant|p1a: Zeraora|flinch
|
|-weather|none
|upkeep
|turn|13
|
|t:|1628424666
|move|p2a: Medicham|Bullet Punch|p1a: Zeraora
|-resisted|p1a: Zeraora
|-damage|p1a: Zeraora|11/100
|move|p1a: Zeraora|Plasma Fists|p2a: Medicham
|-damage|p2a: Medicham|0 fnt
|faint|p2a: Medicham
|-damage|p1a: Zeraora|1/100|[from] item: Life Orb
|
|-fieldend|move: Electric Terrain
|upkeep
|
|t:|1628424675
|switch|p2a: Ho-Oh|Ho-Oh|100/100
|-ability|p2a: Ho-Oh|Pressure
|turn|14
|
|t:|1628424681
|switch|p2a: Tapu Koko|Tapu Koko|72/100
|-fieldstart|move: Electric Terrain|[from] ability: Electric Surge|[of] p2a: Tapu Koko
|move|p1a: Zeraora|Plasma Fists|p2a: Tapu Koko
|-resisted|p2a: Tapu Koko
|-damage|p2a: Tapu Koko|0 fnt
|faint|p2a: Tapu Koko
|-damage|p1a: Zeraora|0 fnt|[from] item: Life Orb
|faint|p1a: Zeraora
|
|upkeep
|c|☆123Ayan|Uao
|c|☆IamHrrimann|Wow
|c| JRxR1AD|Wow (2)
|
|t:|1628424708
|switch|p1a: Hippowdon|Hippowdon, M|100/100
|switch|p2a: Victini|Victini|100/100
|-weather|Sandstorm|[from] ability: Sand Stream|[of] p1a: Hippowdon
|turn|15
|
|t:|1628424719
|move|p2a: Victini|V-create|p1a: Hippowdon
|-damage|p1a: Hippowdon|60/100
|-unboost|p2a: Victini|spe|1
|-unboost|p2a: Victini|def|1
|-unboost|p2a: Victini|spd|1
|move|p1a: Hippowdon|Slack Off|p1a: Hippowdon
|-heal|p1a: Hippowdon|100/100
|
|-weather|Sandstorm|[upkeep]
|-damage|p2a: Victini|94/100|[from] Sandstorm
|upkeep
|turn|16
|
|t:|1628424730
|move|p2a: Victini|U-turn|p1a: Hippowdon
|-damage|p1a: Hippowdon|90/100
|
|t:|1628424733
|switch|p2a: Ho-Oh|Ho-Oh|100/100|[from]move: U-turn
|-ability|p2a: Ho-Oh|Pressure
|move|p1a: Hippowdon|Toxic|p2a: Ho-Oh
|-status|p2a: Ho-Oh|tox
|
|-weather|Sandstorm|[upkeep]
|-damage|p2a: Ho-Oh|94/100 tox|[from] Sandstorm
|-heal|p2a: Ho-Oh|100/100 tox|[from] item: Leftovers
|-heal|p1a: Hippowdon|96/100|[from] item: Leftovers
|-damage|p2a: Ho-Oh|94/100 tox|[from] psn
|upkeep
|turn|17
|
|t:|1628424748
|switch|p1a: Toxapex|Toxapex, M, shiny|100/100
|move|p2a: Ho-Oh|Brave Bird|p1a: Toxapex
|-damage|p1a: Toxapex|68/100
|-damage|p2a: Ho-Oh|86/100 tox|[from] Recoil
|
|-weather|Sandstorm|[upkeep]
|-damage|p2a: Ho-Oh|80/100 tox|[from] Sandstorm
|-damage|p1a: Toxapex|62/100|[from] Sandstorm
|-heal|p2a: Ho-Oh|86/100 tox|[from] item: Leftovers
|-heal|p1a: Toxapex|68/100|[from] item: Black Sludge
|-damage|p2a: Ho-Oh|74/100 tox|[from] psn
|upkeep
|turn|18
|
|t:|1628424763
|switch|p2a: Victini|Victini|94/100
|move|p1a: Toxapex|Toxic Spikes|p2a: Victini
|-sidestart|p2: 123Ayan|move: Toxic Spikes
|
|-weather|Sandstorm|[upkeep]
|-damage|p2a: Victini|88/100|[from] Sandstorm
|-damage|p1a: Toxapex|62/100|[from] Sandstorm
|-heal|p1a: Toxapex|68/100|[from] item: Black Sludge
|-fieldend|move: Electric Terrain
|upkeep
|turn|19
|
|t:|1628424774
|move|p1a: Toxapex|Baneful Bunker|p1a: Toxapex
|-singleturn|p1a: Toxapex|move: Protect
|move|p2a: Victini|Zen Headbutt|p1a: Toxapex
|-activate|p1a: Toxapex|move: Protect
|-status|p2a: Victini|psn
|
|-weather|none
|-heal|p1a: Toxapex|74/100|[from] item: Black Sludge
|-damage|p2a: Victini|76/100 psn|[from] psn
|upkeep
|turn|20
|
|t:|1628424785
|switch|p1a: Hippowdon|Hippowdon, M|96/100
|-weather|Sandstorm|[from] ability: Sand Stream|[of] p1a: Hippowdon
|move|p2a: Victini|Zen Headbutt|p1a: Hippowdon
|-damage|p1a: Hippowdon|78/100
|
|-weather|Sandstorm|[upkeep]
|-damage|p2a: Victini|70/100 psn|[from] Sandstorm
|-heal|p1a: Hippowdon|84/100|[from] item: Leftovers
|-damage|p2a: Victini|57/100 psn|[from] psn
|upkeep
|turn|21
|
|t:|1628424799
|move|p2a: Victini|V-create|p1a: Hippowdon
|-damage|p1a: Hippowdon|41/100
|-unboost|p2a: Victini|spe|1
|-unboost|p2a: Victini|def|1
|-unboost|p2a: Victini|spd|1
|move|p1a: Hippowdon|Slack Off|p1a: Hippowdon
|-heal|p1a: Hippowdon|91/100
|
|-weather|Sandstorm|[upkeep]
|-damage|p2a: Victini|51/100 psn|[from] Sandstorm
|-heal|p1a: Hippowdon|97/100|[from] item: Leftovers
|-damage|p2a: Victini|39/100 psn|[from] psn
|upkeep
|turn|22
|
|t:|1628424815
|switch|p2a: Ho-Oh|Ho-Oh|74/100 tox
|-ability|p2a: Ho-Oh|Pressure
|move|p1a: Hippowdon|Stealth Rock|p2a: Ho-Oh
|-sidestart|p2: 123Ayan|move: Stealth Rock
|
|-weather|Sandstorm|[upkeep]
|-damage|p2a: Ho-Oh|68/100 tox|[from] Sandstorm
|-heal|p2a: Ho-Oh|74/100 tox|[from] item: Leftovers
|-heal|p1a: Hippowdon|100/100|[from] item: Leftovers
|-damage|p2a: Ho-Oh|68/100 tox|[from] psn
|upkeep
|turn|23
|
|t:|1628424828
|switch|p1a: Toxapex|Toxapex, M, shiny|100/100
|move|p2a: Ho-Oh|Sacred Fire|p1a: Toxapex
|-resisted|p1a: Toxapex
|-damage|p1a: Toxapex|87/100
|-status|p1a: Toxapex|brn
|
|-weather|Sandstorm|[upkeep]
|-damage|p2a: Ho-Oh|61/100 tox|[from] Sandstorm
|-damage|p1a: Toxapex|81/100 brn|[from] Sandstorm
|-heal|p2a: Ho-Oh|68/100 tox|[from] item: Leftovers
|-heal|p1a: Toxapex|87/100 brn|[from] item: Black Sludge
|-damage|p2a: Ho-Oh|55/100 tox|[from] psn
|-damage|p1a: Toxapex|81/100 brn|[from] brn
|upkeep
|turn|24
|
|t:|1628424844
|move|p2a: Ho-Oh|Recover|p2a: Ho-Oh
|-heal|p2a: Ho-Oh|100/100 tox
|move|p1a: Toxapex|Scald|p2a: Ho-Oh
|-supereffective|p2a: Ho-Oh
|-damage|p2a: Ho-Oh|86/100 tox
|
|-weather|none
|-heal|p2a: Ho-Oh|92/100 tox|[from] item: Leftovers
|-heal|p1a: Toxapex|87/100 brn|[from] item: Black Sludge
|-damage|p2a: Ho-Oh|74/100 tox|[from] psn
|-damage|p1a: Toxapex|81/100 brn|[from] brn
|upkeep
|turn|25
|
|t:|1628424857
|switch|p2a: Victini|Victini|39/100 psn
|-damage|p2a: Victini|14/100 psn|[from] Stealth Rock
|move|p1a: Toxapex|Scald|p2a: Victini
|-supereffective|p2a: Victini
|-damage|p2a: Victini|0 fnt
|faint|p2a: Victini
|
|-heal|p1a: Toxapex|87/100 brn|[from] item: Black Sludge
|-damage|p1a: Toxapex|81/100 brn|[from] brn
|upkeep
|
|t:|1628424864
|switch|p2a: Ho-Oh|Ho-Oh|74/100 tox
|-damage|p2a: Ho-Oh|24/100 tox|[from] Stealth Rock
|-ability|p2a: Ho-Oh|Pressure
|turn|26
|c| JRxR1AD|Hoopa nia asho🤔
|c|☆123Ayan|GGs
|
|t:|1628424875
|switch|p1a: Hippowdon|Hippowdon, M|100/100
|-weather|Sandstorm|[from] ability: Sand Stream|[of] p1a: Hippowdon
|move|p2a: Ho-Oh|Brave Bird|p1a: Hippowdon
|-damage|p1a: Hippowdon|74/100
|-damage|p2a: Ho-Oh|15/100 tox|[from] Recoil
|
|-weather|Sandstorm|[upkeep]
|-damage|p2a: Ho-Oh|8/100 tox|[from] Sandstorm
|-heal|p2a: Ho-Oh|15/100 tox|[from] item: Leftovers
|-heal|p1a: Hippowdon|80/100|[from] item: Leftovers
|-damage|p2a: Ho-Oh|8/100 tox|[from] psn
|upkeep
|turn|27
|c|☆IamHrrimann|Gg
|c|☆123Ayan|Ook
|c|☆IamHrrimann|Yes hoopa unbound
|
|t:|1628424897
|move|p2a: Ho-Oh|Toxic|p1a: Hippowdon
|-status|p1a: Hippowdon|tox
|move|p1a: Hippowdon|Slack Off|p1a: Hippowdon
|-heal|p1a: Hippowdon|100/100 tox
|
|-weather|Sandstorm|[upkeep]
|-damage|p2a: Ho-Oh|2/100 tox|[from] Sandstorm
|-heal|p2a: Ho-Oh|8/100 tox|[from] item: Leftovers
|-damage|p2a: Ho-Oh|0 fnt|[from] psn
|faint|p2a: Ho-Oh
|
|win|IamHrrimann
|upkeep
|c|☆123Ayan|Anchi
