|j|☆yoooyooyo
|j|☆Alice_Finnemore
|t:|1662177277
|gametype|singles
|player|p1|yoooyooyo|1|1790
|player|p2|Alice_Finnemore|cynthia-masters|1786
|teamsize|p1|6
|teamsize|p2|6
|gen|8
|tier|[Gen 8] National Dex AG
|rated|
|rule|HP Percentage Mod: HP is shown in percentages
|rule|Endless Battle Clause: Forcing endless battles is banned
|clearpoke
|poke|p1|Tyranitar, M|
|poke|p1|Arceus-*|
|poke|p1|Necrozma-Dusk-Mane|
|poke|p1|Arceus-*|
|poke|p1|Groudon|
|poke|p1|Skarmory, F|
|poke|p2|Diancie|
|poke|p2|Ho-Oh|
|poke|p2|Giratina-Origin|
|poke|p2|Yveltal|
|poke|p2|Groudon|
|poke|p2|Arceus-*|
|teampreview
|inactive|Battle timer is ON: inactive players will automatically lose when time's up. (requested by Alice_Finnemore)
|
|t:|1662177290
|start
|switch|p1a: Necrozma|Necrozma-Dusk-Mane|100/100
|switch|p2a: Diancie|Diancie|100/100
|turn|1
|
|t:|1662177298
|detailschange|p2a: Diancie|Diancie-Mega
|-mega|p2a: Diancie|Diancie|Diancite
|move|p2a: Diancie|Protect|p2a: Diancie
|-singleturn|p2a: Diancie|Protect
|move|p1a: Necrozma|Photon Geyser|p2a: Diancie
|-activate|p2a: Diancie|move: Protect
|
|upkeep
|turn|2
|
|t:|1662177320
|switch|p2a: Giratina|Giratina-Origin|100/100
|detailschange|p1a: Necrozma|Necrozma-Ultra
|-burst|p1a: Necrozma|Necrozma|Ultranecrozium Z
|move|p1a: Necrozma|Stealth Rock|p2a: Giratina
|-sidestart|p2: Alice_Finnemore|move: Stealth Rock
|
|upkeep
|turn|3
|
|t:|1662177324
|move|p1a: Necrozma|Dragon Pulse|p2a: Giratina
|-supereffective|p2a: Giratina
|-damage|p2a: Giratina|6/100
|move|p2a: Giratina|Will-O-Wisp|p1a: Necrozma
|-status|p1a: Necrozma|brn
|
|-damage|p1a: Necrozma|95/100 brn|[from] brn
|upkeep
|turn|4
|
|t:|1662177331
|move|p2a: Giratina|Shadow Sneak|p1a: Necrozma
|-supereffective|p1a: Necrozma
|-damage|p1a: Necrozma|52/100 brn
|move|p1a: Necrozma|Dragon Pulse|p2a: Giratina
|-supereffective|p2a: Giratina
|-damage|p2a: Giratina|0 fnt
|faint|p2a: Giratina
|
|-damage|p1a: Necrozma|46/100 brn|[from] brn
|upkeep
|
|t:|1662177335
|switch|p2a: Yveltal|Yveltal|100/100
|-damage|p2a: Yveltal|76/100|[from] Stealth Rock
|-ability|p2a: Yveltal|Dark Aura
|turn|5
|
|t:|1662177346
|switch|p1a: Tyranitar|Tyranitar, M|100/100
|-weather|Sandstorm|[from] ability: Sand Stream|[of] p1a: Tyranitar
|move|p2a: Yveltal|Sucker Punch||[still]
|-fail|p2a: Yveltal
|
|-weather|Sandstorm|[upkeep]
|-damage|p2a: Yveltal|70/100|[from] Sandstorm
|-heal|p2a: Yveltal|76/100|[from] item: Leftovers
|upkeep
|turn|6
|
|t:|1662177354
|switch|p2a: Diancie|Diancie-Mega|100/100
|-damage|p2a: Diancie|88/100|[from] Stealth Rock
|detailschange|p1a: Tyranitar|Tyranitar-Mega, M
|-mega|p1a: Tyranitar|Tyranitar|Tyranitarite
|move|p1a: Tyranitar|Earthquake|p2a: Diancie
|-supereffective|p2a: Diancie
|-damage|p2a: Diancie|0 fnt
|faint|p2a: Diancie
|
|-weather|Sandstorm|[upkeep]
|upkeep
|
|t:|1662177358
|switch|p2a: Groudon|Groudon|100/100
|-damage|p2a: Groudon|94/100|[from] Stealth Rock
|detailschange|p2a: Groudon|Groudon-Primal
|-primal|p2a: Groudon
|-weather|DesolateLand|[from] ability: Desolate Land|[of] p2a: Groudon
|turn|7
|
|t:|1662177362
|switch|p1a: Necrozma|Necrozma-Ultra|46/100 brn
|move|p2a: Groudon|Rock Polish|p2a: Groudon
|-boost|p2a: Groudon|spe|2
|
|-weather|DesolateLand|[upkeep]
|-damage|p1a: Necrozma|40/100 brn|[from] brn
|upkeep
|turn|8
|
|t:|1662177365
|move|p2a: Groudon|Earthquake|p1a: Necrozma
|-damage|p1a: Necrozma|0 fnt
|faint|p1a: Necrozma
|
|-weather|DesolateLand|[upkeep]
|upkeep
|
|t:|1662177368
|switch|p1a: Skarmory|Skarmory, F|100/100
|turn|9
|
|t:|1662177374
|move|p2a: Groudon|Stone Edge|p1a: Skarmory
|-damage|p1a: Skarmory|62/100
|move|p1a: Skarmory|Whirlwind|p2a: Groudon
|-weather|none
|drag|p2a: Yveltal|Yveltal|76/100
|-damage|p2a: Yveltal|51/100|[from] Stealth Rock
|-ability|p2a: Yveltal|Dark Aura
|
|-heal|p2a: Yveltal|57/100|[from] item: Leftovers
|upkeep
|turn|10
|
|t:|1662177381
|move|p2a: Yveltal|Knock Off|p1a: Skarmory
|-damage|p1a: Skarmory|13/100
|-enditem|p1a: Skarmory|Mental Herb|[from] move: Knock Off|[of] p2a: Yveltal
|move|p1a: Skarmory|Rock Tomb|p2a: Yveltal
|-supereffective|p2a: Yveltal
|-damage|p2a: Yveltal|37/100
|-unboost|p2a: Yveltal|spe|1
|
|-heal|p2a: Yveltal|43/100|[from] item: Leftovers
|upkeep
|turn|11
|
|t:|1662177392
|move|p1a: Skarmory|Spikes|p2a: Yveltal
|-sidestart|p2: Alice_Finnemore|Spikes
|move|p2a: Yveltal|Foul Play|p1a: Skarmory
|-damage|p1a: Skarmory|0 fnt
|faint|p1a: Skarmory
|
|-heal|p2a: Yveltal|49/100|[from] item: Leftovers
|upkeep
|
|t:|1662177399
|switch|p1a: Arceus|Arceus-Electric|100/100
|turn|12
|
|t:|1662177409
|switch|p2a: Groudon|Groudon-Primal|94/100
|-damage|p2a: Groudon|82/100|[from] Stealth Rock
|-damage|p2a: Groudon|69/100|[from] Spikes
|-weather|DesolateLand|[from] ability: Desolate Land|[of] p2a: Groudon
|move|p1a: Arceus|Calm Mind|p1a: Arceus
|-boost|p1a: Arceus|spa|1
|-boost|p1a: Arceus|spd|1
|
|-weather|DesolateLand|[upkeep]
|upkeep
|turn|13
|
|t:|1662177411
|-start|p1a: Arceus|Dynamax|
|-heal|p1a: Arceus|100/100|[silent]
|move|p1a: Arceus|Max Quake|p2a: Groudon
|-supereffective|p2a: Groudon
|-damage|p2a: Groudon|0 fnt
|-boost|p1a: Arceus|spd|1
|faint|p2a: Groudon
|-weather|none
|
|upkeep
|
|t:|1662177413
|switch|p2a: Yveltal|Yveltal|49/100
|-damage|p2a: Yveltal|24/100|[from] Stealth Rock
|-ability|p2a: Yveltal|Dark Aura
|turn|14
|
|t:|1662177418
|move|p2a: Yveltal|Sucker Punch|p1a: Arceus
|-damage|p1a: Arceus|82/100
|move|p1a: Arceus|Max Lightning|p2a: Yveltal
|-supereffective|p2a: Yveltal
|-damage|p2a: Yveltal|0 fnt
|-fieldstart|move: Electric Terrain
|faint|p2a: Yveltal
|
|upkeep
|
|t:|1662177421
|switch|p2a: Ho-Oh|Ho-Oh|100/100
|turn|15
|
|t:|1662177426
|-start|p2a: Ho-Oh|Dynamax|
|-heal|p2a: Ho-Oh|100/100|[silent]
|move|p2a: Ho-Oh|Max Guard|p2a: Ho-Oh
|-singleturn|p2a: Ho-Oh|Max Guard
|move|p1a: Arceus|Max Lightning|p2a: Ho-Oh
|-activate|p2a: Ho-Oh|move: Max Guard
|
|upkeep
|-end|p1a: Arceus|Dynamax
|-heal|p1a: Arceus|82/100|[silent]
|turn|16
|
|t:|1662177429
|move|p1a: Arceus|Judgment|p2a: Ho-Oh
|-supereffective|p2a: Ho-Oh
|-damage|p2a: Ho-Oh|29/100
|move|p2a: Ho-Oh|Max Flare|p1a: Arceus
|-damage|p1a: Arceus|23/100
|-weather|SunnyDay
|
|-weather|SunnyDay|[upkeep]
|upkeep
|turn|17
|
|t:|1662177436
|move|p1a: Arceus|Judgment|p2a: Ho-Oh
|-supereffective|p2a: Ho-Oh
|-damage|p2a: Ho-Oh|0 fnt
|faint|p2a: Ho-Oh
|
|-weather|SunnyDay|[upkeep]
|upkeep
|
|t:|1662177438
|switch|p2a: Arceus|Arceus-Ice|100/100
|-damage|p2a: Arceus|76/100|[from] Stealth Rock
|-damage|p2a: Arceus|63/100|[from] Spikes
|turn|18
|
|t:|1662177441
|move|p2a: Arceus|Calm Mind|p2a: Arceus
|-boost|p2a: Arceus|spa|1
|-boost|p2a: Arceus|spd|1
|move|p1a: Arceus|Judgment|p2a: Arceus
|-damage|p2a: Arceus|0 fnt
|faint|p2a: Arceus
|
|win|yoooyooyo
|raw|yoooyooyo's rating: 1790 &rarr; <strong>1810</strong><br />(+20 for winning)
|raw|Alice_Finnemore's rating: 1786 &rarr; <strong>1766</strong><br />(-20 for losing)
|l|☆Alice_Finnemore
||Ladder isn't responding, score probably updated but might not have (Request timeout).
