|j|☆Sean1445645
|j|☆hanwujiwandou
|t:|1666330760
|gametype|singles
|player|p1|Sean1445645|lucas|1850
|player|p2|hanwujiwandou|lillie-z|1803
|teamsize|p1|6
|teamsize|p2|6
|gen|8
|tier|[Gen 8] National Dex AG
|rated|
|rule|HP Percentage Mod: HP is shown in percentages
|rule|Endless Battle Clause: Forcing endless battles is banned
|clearpoke
|poke|p1|Groudon|
|poke|p1|Rayquaza|
|poke|p1|Zygarde|
|poke|p1|Calyrex-Shadow|
|poke|p1|Arceus-*|
|poke|p1|Arceus-*|
|poke|p2|Zacian-*|
|poke|p2|Ho-Oh|
|poke|p2|Calyrex-Shadow|
|poke|p2|Yveltal|
|poke|p2|Rayquaza|
|poke|p2|Necrozma-Dusk-Mane|
|teampreview
|inactive|Battle timer is ON: inactive players will automatically lose when time's up. (requested by hanwujiwandou)
|
|t:|1666330765
|start
|switch|p1a: Arceus|Arceus-Fairy|100/100
|switch|p2a: Rayquaza|Rayquaza|100/100
|-ability|p2a: Rayquaza|Air Lock
|turn|1
|
|t:|1666330769
|switch|p2a: Necrozma|Necrozma-Dusk-Mane|100/100
|move|p1a: Arceus|Thunder Wave|p2a: Necrozma|[miss]
|-miss|p1a: Arceus|p2a: Necrozma
|
|upkeep
|turn|2
|
|t:|1666330777
|move|p1a: Arceus|Thunder Wave|p2a: Necrozma
|-status|p2a: Necrozma|par
|move|p2a: Necrozma|Sunsteel Strike|p1a: Arceus
|-supereffective|p1a: Arceus
|-damage|p1a: Arceus|35/100
|
|upkeep
|turn|3
|
|t:|1666330780
|move|p1a: Arceus|Recover|p1a: Arceus
|-heal|p1a: Arceus|85/100
|cant|p2a: Necrozma|par
|
|upkeep
|turn|4
|
|t:|1666330786
|switch|p1a: Pyra|Groudon|100/100
|detailschange|p1a: Pyra|Groudon-Primal
|-primal|p1a: Pyra
|-weather|DesolateLand|[from] ability: Desolate Land|[of] p1a: Pyra
|move|p2a: Necrozma|Stealth Rock|p1a: Pyra
|-sidestart|p1: Sean1445645|move: Stealth Rock
|
|-weather|DesolateLand|[upkeep]
|upkeep
|turn|5
|
|t:|1666330794
|switch|p2a: Yveltal|Yveltal|100/100
|-ability|p2a: Yveltal|Dark Aura
|move|p1a: Pyra|Thunder Wave|p2a: Yveltal
|-status|p2a: Yveltal|par
|
|-weather|DesolateLand|[upkeep]
|upkeep
|turn|6
|
|t:|1666330800
|move|p1a: Pyra|Stealth Rock|p2a: Yveltal
|-sidestart|p2: hanwujiwandou|move: Stealth Rock
|move|p2a: Yveltal|Dark Pulse|p1a: Pyra
|-damage|p1a: Pyra|49/100
|
|-weather|DesolateLand|[upkeep]
|upkeep
|turn|7
|
|t:|1666330804
|-weather|none
|switch|p1a: Arceus|Arceus-Fairy|85/100
|-damage|p1a: Arceus|73/100|[from] Stealth Rock
|move|p2a: Yveltal|Dark Pulse|p1a: Arceus
|-resisted|p1a: Arceus
|-damage|p1a: Arceus|58/100
|
|upkeep
|turn|8
|
|t:|1666330812
|switch|p2a: Necrozma|Necrozma-Dusk-Mane|100/100 par
|-damage|p2a: Necrozma|94/100 par|[from] Stealth Rock
|move|p1a: Arceus|Recover|p1a: Arceus
|-heal|p1a: Arceus|100/100
|
|upkeep
|turn|9
|
|t:|1666330818
|switch|p1a: the goat|Zygarde, shiny|100/100
|-damage|p1a: the goat|94/100|[from] Stealth Rock
|move|p2a: Necrozma|Thunder Wave|p1a: the goat
|-immune|p1a: the goat
|
|-heal|p1a: the goat|100/100|[from] item: Leftovers
|upkeep
|turn|10
|
|t:|1666330825
|switch|p2a: Rayquaza|Rayquaza|100/100
|-damage|p2a: Rayquaza|76/100|[from] Stealth Rock
|-ability|p2a: Rayquaza|Air Lock
|move|p1a: the goat|Substitute|p1a: the goat
|-start|p1a: the goat|Substitute
|-damage|p1a: the goat|75/100
|
|-heal|p1a: the goat|82/100|[from] item: Leftovers
|upkeep
|turn|11
|
|t:|1666330828
|switch|p2a: Ho-Oh|Ho-Oh|100/100
|move|p1a: the goat|Glare|p2a: Ho-Oh
|-status|p2a: Ho-Oh|par
|
|-heal|p1a: the goat|88/100|[from] item: Leftovers
|upkeep
|turn|12
|
|t:|1666330831
|move|p1a: the goat|Thousand Arrows|p2a: Ho-Oh
|-damage|p2a: Ho-Oh|82/100 par
|-start|p2a: Ho-Oh|Smack Down
|move|p2a: Ho-Oh|Sacred Fire|p1a: the goat
|-resisted|p1a: the goat
|-activate|p1a: the goat|move: Substitute|[damage]
|
|-heal|p1a: the goat|94/100|[from] item: Leftovers
|upkeep
|turn|13
|
|t:|1666330835
|move|p1a: the goat|Thousand Arrows|p2a: Ho-Oh
|-supereffective|p2a: Ho-Oh
|-damage|p2a: Ho-Oh|44/100 par
|cant|p2a: Ho-Oh|par
|
|-heal|p1a: the goat|99/100|[from] item: Leftovers
|upkeep
|turn|14
|
|t:|1666330846
|switch|p2a: Yveltal|Yveltal|100/100 par
|-damage|p2a: Yveltal|76/100 par|[from] Stealth Rock
|-ability|p2a: Yveltal|Dark Aura
|move|p1a: the goat|Coil|p1a: the goat
|-boost|p1a: the goat|atk|1
|-boost|p1a: the goat|def|1
|-boost|p1a: the goat|accuracy|1
|
|-heal|p1a: the goat|100/100|[from] item: Leftovers
|upkeep
|turn|15
|
|t:|1666330850
|move|p1a: the goat|Thousand Arrows|p2a: Yveltal
|-damage|p2a: Yveltal|36/100 par
|-start|p2a: Yveltal|Smack Down
|move|p2a: Yveltal|Dark Pulse|p1a: the goat
|-end|p1a: the goat|Substitute
|
|upkeep
|turn|16
|
|t:|1666330854
|move|p1a: the goat|Substitute|p1a: the goat
|-start|p1a: the goat|Substitute
|-damage|p1a: the goat|75/100
|move|p2a: Yveltal|Dark Pulse|p1a: the goat
|-end|p1a: the goat|Substitute
|
|-heal|p1a: the goat|82/100|[from] item: Leftovers
|upkeep
|turn|17
|
|t:|1666330857
|move|p1a: the goat|Substitute|p1a: the goat
|-start|p1a: the goat|Substitute
|-damage|p1a: the goat|57/100
|move|p2a: Yveltal|Dark Pulse|p1a: the goat
|-crit|p1a: the goat
|-end|p1a: the goat|Substitute
|
|-heal|p1a: the goat|63/100|[from] item: Leftovers
|upkeep
|turn|18
|
|t:|1666330859
|move|p1a: the goat|Substitute|p1a: the goat
|-start|p1a: the goat|Substitute
|-damage|p1a: the goat|38/100
|cant|p2a: Yveltal|par
|
|-heal|p1a: the goat|44/100|[from] item: Leftovers
|-activate|p1a: the goat|ability: Power Construct
|detailschange|p1a: the goat|Zygarde-Complete, shiny
|-heal|p1a: the goat|63/100|[silent]
|upkeep
|turn|19
|
|t:|1666330861
|move|p1a: the goat|Thousand Arrows|p2a: Yveltal
|-damage|p2a: Yveltal|0 fnt
|faint|p2a: Yveltal
|
|-heal|p1a: the goat|69/100|[from] item: Leftovers
|upkeep
|
|t:|1666330876
|switch|p2a: Zacian|Zacian-Crowned|100/100
|-damage|p2a: Zacian|94/100|[from] Stealth Rock
|-ability|p2a: Zacian|Intrepid Sword|boost
|-boost|p2a: Zacian|atk|1
|turn|20
|
|t:|1666330878
|move|p2a: Zacian|Behemoth Blade|p1a: the goat
|-end|p1a: the goat|Substitute
|move|p1a: the goat|Glare|p2a: Zacian
|-status|p2a: Zacian|par
|
|-heal|p1a: the goat|75/100|[from] item: Leftovers
|upkeep
|turn|21
|
|t:|1666330881
|move|p1a: the goat|Coil|p1a: the goat
|-boost|p1a: the goat|atk|1
|-boost|p1a: the goat|def|1
|-boost|p1a: the goat|accuracy|1
|move|p2a: Zacian|Play Rough|p1a: the goat
|-supereffective|p1a: the goat
|-damage|p1a: the goat|45/100
|
|-heal|p1a: the goat|51/100|[from] item: Leftovers
|upkeep
|turn|22
|
|t:|1666330889
|switch|p2a: Rayquaza|Rayquaza|76/100
|-damage|p2a: Rayquaza|51/100|[from] Stealth Rock
|-ability|p2a: Rayquaza|Air Lock
|move|p1a: the goat|Coil|p1a: the goat
|-boost|p1a: the goat|atk|1
|-boost|p1a: the goat|def|1
|-boost|p1a: the goat|accuracy|1
|
|-heal|p1a: the goat|58/100|[from] item: Leftovers
|upkeep
|turn|23
|
|t:|1666330893
|detailschange|p2a: Rayquaza|Rayquaza-Mega
|-mega|p2a: Rayquaza|Rayquaza|
|-weather|DeltaStream|[from] ability: Delta Stream|[of] p2a: Rayquaza
|move|p2a: Rayquaza|Dragon Ascent|p1a: the goat
|-damage|p1a: the goat|46/100
|-unboost|p2a: Rayquaza|def|1
|-unboost|p2a: Rayquaza|spd|1
|move|p1a: the goat|Glare|p2a: Rayquaza
|-status|p2a: Rayquaza|par
|
|-weather|DeltaStream|[upkeep]
|-heal|p1a: the goat|52/100|[from] item: Leftovers
|upkeep
|turn|24
|-message|hanwujiwandou forfeited.
|
|win|Sean1445645
|raw|Sean1445645's rating: 1850 &rarr; <strong>1867</strong><br />(+17 for winning)
|raw|hanwujiwandou's rating: 1803 &rarr; <strong>1786</strong><br />(-17 for losing)
|l|☆hanwujiwandou
