|j|☆dratini1yt
|j|☆AlchemistOfXerxes亞
|inactive|Battle timer is ON: inactive players will automatically lose when time's up.
|t:|1664630401
|gametype|singles
|player|p1|dratini1yt|clair|
|player|p2|AlchemistOfXerxes亞|cynthia-masters2|
|teamsize|p1|6
|teamsize|p2|6
|gen|8
|tier|[Gen 8] National Dex AG
|rated|Tournament battle
|rule|HP Percentage Mod: HP is shown in percentages
|rule|Endless Battle Clause: Forcing endless battles is banned
|clearpoke
|poke|p1|Yveltal|
|poke|p1|Xerneas-*|
|poke|p1|Necrozma-Dusk-Mane|
|poke|p1|Rayquaza|
|poke|p1|Arceus-*|
|poke|p1|Marshadow|
|poke|p2|Rayquaza|
|poke|p2|Lunala|
|poke|p2|Yveltal|
|poke|p2|Arceus-*|
|poke|p2|Necrozma-Dusk-Mane|
|poke|p2|Ditto|
|teampreview
|c|☆dratini1yt|glhf
|
|t:|1664630411
|start
|switch|p1a: Arceus|Arceus-Ground|100/100
|switch|p2a: Mugetsu (無月)|Rayquaza|100/100
|-ability|p2a: Mugetsu (無月)|Air Lock
|turn|1
|c|☆dratini1yt|oh there's a ditto
|
|t:|1664630418
|detailschange|p2a: Mugetsu (無月)|Rayquaza-Mega
|-mega|p2a: Mugetsu (無月)|Rayquaza|
|-weather|DeltaStream|[from] ability: Delta Stream|[of] p2a: Mugetsu (無月)
|move|p2a: Mugetsu (無月)|Dragon Ascent|p1a: Arceus
|-damage|p1a: Arceus|37/100
|-unboost|p2a: Mugetsu (無月)|def|1
|-unboost|p2a: Mugetsu (無月)|spd|1
|move|p1a: Arceus|Toxic|p2a: Mugetsu (無月)
|-status|p2a: Mugetsu (無月)|tox
|
|-weather|DeltaStream|[upkeep]
|-damage|p2a: Mugetsu (無月)|95/100 tox|[from] psn
|upkeep
|turn|2
|c|☆dratini1yt|I bet its choice band
|c|☆AlchemistOfXerxes亞|Hf
|
|t:|1664630439
|switch|p1a: Necrozma|Necrozma-Dusk-Mane|100/100
|move|p2a: Mugetsu (無月)|Dragon Ascent|p1a: Necrozma
|-resisted|p1a: Necrozma
|-damage|p1a: Necrozma|66/100
|-unboost|p2a: Mugetsu (無月)|def|1
|-unboost|p2a: Mugetsu (無月)|spd|1
|-damage|p2a: Mugetsu (無月)|78/100 tox|[from] item: Rocky Helmet|[of] p1a: Necrozma
|
|-weather|DeltaStream|[upkeep]
|-damage|p2a: Mugetsu (無月)|66/100 tox|[from] psn
|upkeep
|turn|3
|
|t:|1664630451
|-weather|none
|switch|p2a: Hagane (鋼)|Necrozma-Dusk-Mane|100/100
|move|p1a: Necrozma|Stealth Rock|p2a: Hagane (鋼)
|-sidestart|p2: AlchemistOfXerxes亞|move: Stealth Rock
|
|upkeep
|turn|4
|j|#twincell
|
|t:|1664630460
|move|p1a: Necrozma|Knock Off|p2a: Hagane (鋼)
|-supereffective|p2a: Hagane (鋼)
|-damage|p2a: Hagane (鋼)|81/100
|move|p2a: Hagane (鋼)|Stealth Rock|p1a: Necrozma
|-sidestart|p1: dratini1yt|move: Stealth Rock
|
|upkeep
|turn|5
|j|+kyozinn334
|
|t:|1664630474
|move|p2a: Hagane (鋼)|Sunsteel Strike|p1a: Necrozma
|-resisted|p1a: Necrozma
|-damage|p1a: Necrozma|50/100
|-damage|p2a: Hagane (鋼)|65/100|[from] item: Rocky Helmet|[of] p1a: Necrozma
|move|p1a: Necrozma|Moonlight|p1a: Necrozma
|-heal|p1a: Necrozma|99/100
|
|upkeep
|turn|6
|c|☆dratini1yt|まじか
|c|☆dratini1yt|ウルトラネクロズマさんか
|inactive|dratini1yt has 120 seconds left.
|
|t:|1664630502
|move|p1a: Necrozma|Knock Off|p2a: Hagane (鋼)
|-supereffective|p2a: Hagane (鋼)
|-damage|p2a: Hagane (鋼)|45/100
|move|p2a: Hagane (鋼)|Sunsteel Strike|p1a: Necrozma
|-resisted|p1a: Necrozma
|-damage|p1a: Necrozma|84/100
|-damage|p2a: Hagane (鋼)|29/100|[from] item: Rocky Helmet|[of] p1a: Necrozma
|
|upkeep
|turn|7
|inactive|dratini1yt has 120 seconds left.
|
|t:|1664630513
|move|p2a: Hagane (鋼)|Morning Sun|p2a: Hagane (鋼)
|-heal|p2a: Hagane (鋼)|79/100
|move|p1a: Necrozma|Moonlight|p1a: Necrozma
|-heal|p1a: Necrozma|100/100
|
|upkeep
|turn|8
|
|t:|1664630528
|move|p1a: Necrozma|Knock Off|p2a: Hagane (鋼)
|-supereffective|p2a: Hagane (鋼)
|-damage|p2a: Hagane (鋼)|62/100
|move|p2a: Hagane (鋼)|Stealth Rock||[still]
|-fail|p2a: Hagane (鋼)
|
|upkeep
|turn|9
|
|t:|1664630533
|move|p1a: Necrozma|Knock Off|p2a: Hagane (鋼)
|-supereffective|p2a: Hagane (鋼)
|-crit|p2a: Hagane (鋼)
|-damage|p2a: Hagane (鋼)|34/100
|move|p2a: Hagane (鋼)|Morning Sun|p2a: Hagane (鋼)
|-heal|p2a: Hagane (鋼)|84/100
|
|upkeep
|turn|10
|c|+kyozinn334|この殴り合い不毛すぎだろ
|c|☆dratini1yt|引くわけにいかんのだ
|
|t:|1664630550
|move|p2a: Hagane (鋼)|Sunsteel Strike|p1a: Necrozma
|-resisted|p1a: Necrozma
|-damage|p1a: Necrozma|85/100
|-damage|p2a: Hagane (鋼)|67/100|[from] item: Rocky Helmet|[of] p1a: Necrozma
|move|p1a: Necrozma|Knock Off|p2a: Hagane (鋼)
|-supereffective|p2a: Hagane (鋼)
|-damage|p2a: Hagane (鋼)|48/100
|
|upkeep
|turn|11
|
|t:|1664630558
|move|p1a: Necrozma|Knock Off|p2a: Hagane (鋼)
|-supereffective|p2a: Hagane (鋼)
|-damage|p2a: Hagane (鋼)|31/100
|move|p2a: Hagane (鋼)|Morning Sun|p2a: Hagane (鋼)
|-heal|p2a: Hagane (鋼)|81/100
|
|upkeep
|turn|12
|
|t:|1664630573
|switch|p2a: Yami (闇)|Yveltal|100/100
|-ability|p2a: Yami (闇)|Dark Aura
|move|p1a: Necrozma|Knock Off|p2a: Yami (闇)
|-resisted|p2a: Yami (闇)
|-damage|p2a: Yami (闇)|84/100
|-enditem|p2a: Yami (闇)|Heavy-Duty Boots|[from] move: Knock Off|[of] p1a: Necrozma
|
|upkeep
|turn|13
|
|t:|1664630599
|move|p2a: Yami (闇)|Knock Off|p1a: Necrozma
|-supereffective|p1a: Necrozma
|-damage|p1a: Necrozma|37/100
|-damage|p2a: Yami (闇)|67/100|[from] item: Rocky Helmet|[of] p1a: Necrozma
|-enditem|p1a: Necrozma|Rocky Helmet|[from] move: Knock Off|[of] p2a: Yami (闇)
|move|p1a: Necrozma|Sunsteel Strike|p2a: Yami (闇)
|-damage|p2a: Yami (闇)|25/100
|
|upkeep
|turn|14
|
|t:|1664630608
|move|p2a: Yami (闇)|Knock Off|p1a: Necrozma
|-supereffective|p1a: Necrozma
|-damage|p1a: Necrozma|5/100
|move|p1a: Necrozma|Sunsteel Strike|p2a: Yami (闇)
|-damage|p2a: Yami (闇)|0 fnt
|faint|p2a: Yami (闇)
|
|upkeep
|c|☆dratini1yt|あたえるんだ
|
|t:|1664630617
|switch|p2a: Kami (神)|Arceus-Fairy|100/100
|-damage|p2a: Kami (神)|88/100|[from] Stealth Rock
|turn|15
|c|+kyozinn334|なんで勝ってんだ
|
|t:|1664630623
|move|p2a: Kami (神)|Judgment|p1a: Necrozma
|-resisted|p1a: Necrozma
|-damage|p1a: Necrozma|0 fnt
|faint|p1a: Necrozma
|
|upkeep
|
|t:|1664630628
|switch|p1a: Arceus|Arceus-Ground|37/100
|-damage|p1a: Arceus|31/100|[from] Stealth Rock
|turn|16
|
|t:|1664630638
|move|p2a: Kami (神)|Judgment|p1a: Arceus
|-damage|p1a: Arceus|0 fnt
|faint|p1a: Arceus
|
|upkeep
|
|t:|1664630648
|switch|p1a: Xerneas|Xerneas|100/100
|-damage|p1a: Xerneas|88/100|[from] Stealth Rock
|-ability|p1a: Xerneas|Fairy Aura
|turn|17
|
|t:|1664630654
|move|p2a: Kami (神)|Judgment|p1a: Xerneas
|-damage|p1a: Xerneas|35/100
|move|p1a: Xerneas|Geomancy||[still]
|-prepare|p1a: Xerneas|Geomancy
|-enditem|p1a: Xerneas|Power Herb
|-anim|p1a: Xerneas|Geomancy|p1a: Xerneas
|-boost|p1a: Xerneas|spa|2
|-boost|p1a: Xerneas|spd|2
|-boost|p1a: Xerneas|spe|2
|
|upkeep
|turn|18
|
|t:|1664630673
|switch|p2a: Hagane (鋼)|Necrozma-Dusk-Mane|81/100
|-damage|p2a: Hagane (鋼)|74/100|[from] Stealth Rock
|move|p1a: Xerneas|Substitute|p1a: Xerneas
|-start|p1a: Xerneas|Substitute
|-damage|p1a: Xerneas|10/100
|
|upkeep
|turn|19
|
|t:|1664630682
|move|p1a: Xerneas|Hidden Power|p2a: Hagane (鋼)
|-supereffective|p2a: Hagane (鋼)
|-crit|p2a: Hagane (鋼)
|-damage|p2a: Hagane (鋼)|0 fnt
|faint|p2a: Hagane (鋼)
|
|upkeep
|
|t:|1664630686
|switch|p2a: Mugetsu (無月)|Rayquaza-Mega|66/100 tox
|-damage|p2a: Mugetsu (無月)|41/100 tox|[from] Stealth Rock
|-weather|DeltaStream|[from] ability: Delta Stream|[of] p2a: Mugetsu (無月)
|turn|20
|
|t:|1664630694
|move|p2a: Mugetsu (無月)|Extreme Speed|p1a: Xerneas
|-end|p1a: Xerneas|Substitute
|move|p1a: Xerneas|Moonblast|p2a: Mugetsu (無月)
|-supereffective|p2a: Mugetsu (無月)
|-damage|p2a: Mugetsu (無月)|0 fnt
|faint|p2a: Mugetsu (無月)
|-weather|none
|
|upkeep
|
|t:|1664630699
|switch|p2a: Fukusei (複製)|Ditto|100/100
|-damage|p2a: Fukusei (複製)|88/100|[from] Stealth Rock
|-transform|p2a: Fukusei (複製)|p1a: Xerneas|[from] ability: Imposter
|-ability|p2a: Fukusei (複製)|Fairy Aura
|turn|21
|c|☆dratini1yt|ミスった
|c|☆dratini1yt|ｇｇ
|
|t:|1664630721
|move|p2a: Fukusei (複製)|Moonblast|p1a: Xerneas
|-damage|p1a: Xerneas|0 fnt
|faint|p1a: Xerneas
|
|upkeep
|
|t:|1664630726
|switch|p1a: Rayquaza|Rayquaza|100/100
|-damage|p1a: Rayquaza|76/100|[from] Stealth Rock
|-ability|p1a: Rayquaza|Air Lock
|turn|22
|
|t:|1664630732
|detailschange|p1a: Rayquaza|Rayquaza-Mega
|-mega|p1a: Rayquaza|Rayquaza|
|-weather|DeltaStream|[from] ability: Delta Stream|[of] p1a: Rayquaza
|move|p1a: Rayquaza|Extreme Speed|p2a: Fukusei (複製)
|-damage|p2a: Fukusei (複製)|47/100
|move|p2a: Fukusei (複製)|Moonblast|p1a: Rayquaza
|-supereffective|p1a: Rayquaza
|-damage|p1a: Rayquaza|0 fnt
|faint|p1a: Rayquaza
|-weather|none
|
|upkeep
|
|t:|1664630743
|switch|p1a: Marshadow|Marshadow|100/100
|-damage|p1a: Marshadow|94/100|[from] Stealth Rock
|turn|23
|
|t:|1664630748
|move|p1a: Marshadow|Shadow Sneak|p2a: Fukusei (複製)
|-damage|p2a: Fukusei (複製)|11/100
|move|p2a: Fukusei (複製)|Moonblast|p1a: Marshadow
|-supereffective|p1a: Marshadow
|-damage|p1a: Marshadow|0 fnt
|faint|p1a: Marshadow
|
|upkeep
|c|☆dratini1yt|ああああ
|c|☆dratini1yt|まけたな
|
|t:|1664630756
|switch|p1a: Yveltal|Yveltal|100/100
|-damage|p1a: Yveltal|76/100|[from] Stealth Rock
|-ability|p1a: Yveltal|Dark Aura
|turn|24
|
|t:|1664630762
|move|p1a: Yveltal|Sucker Punch|p2a: Fukusei (複製)
|-resisted|p2a: Fukusei (複製)
|-damage|p2a: Fukusei (複製)|0 fnt
|faint|p2a: Fukusei (複製)
|
|upkeep
|
|t:|1664630768
|switch|p2a: Kami (神)|Arceus-Fairy|88/100
|-damage|p2a: Kami (神)|76/100|[from] Stealth Rock
|turn|25
|
|t:|1664630773
|-start|p2a: Kami (神)|Dynamax|
|-heal|p2a: Kami (神)|76/100|[silent]
|-start|p1a: Yveltal|Dynamax|
|-heal|p1a: Yveltal|76/100|[silent]
|move|p2a: Kami (神)|Max Starfall|p1a: Yveltal
|-supereffective|p1a: Yveltal
|-damage|p1a: Yveltal|37/100
|-fieldstart|move: Misty Terrain
|move|p1a: Yveltal|Max Airstream|p2a: Kami (神)
|-damage|p2a: Kami (神)|58/100
|-boost|p1a: Yveltal|spe|1
|
|upkeep
|turn|26
|c|☆dratini1yt|ｇｇ
|c|☆AlchemistOfXerxes亞|Ggs
|
|t:|1664630785
|move|p1a: Yveltal|Max Airstream|p2a: Kami (神)
|-damage|p2a: Kami (神)|39/100
|-boost|p1a: Yveltal|spe|1
|move|p2a: Kami (神)|Max Starfall|p1a: Yveltal
|-supereffective|p1a: Yveltal
|-crit|p1a: Yveltal
|-damage|p1a: Yveltal|0 fnt
|faint|p1a: Yveltal
|
|win|AlchemistOfXerxes亞
|n|☆dratini1yt|dratini1yt
|n|☆AlchemistOfXerxes亞|alchemistofxerxes
|n|+twincell|twincell
|n| kyozinn334|kyozinn334
|l| kyozinn334
|l|☆dratini1yt
|l|+twincell
