|j|☆Uwu owu
|j|☆RUiNtheExtinct
|t:|1647436030
|gametype|singles
|player|p1|Uwu owu|hiker-gen4|1726
|player|p2|RUiNtheExtinct|red-gen7|1753
|teamsize|p1|6
|teamsize|p2|6
|gen|8
|tier|[Gen 8] National Dex AG
|rated|
|rule|HP Percentage Mod: HP is shown in percentages
|rule|Endless Battle Clause: Forcing endless battles is banned
|clearpoke
|poke|p1|Sableye, M|
|poke|p1|Quagsire, M|
|poke|p1|Chansey, F|
|poke|p1|Tyranitar, M|
|poke|p1|Lugia|
|poke|p1|Giratina|
|poke|p2|Ditto|
|poke|p2|Arceus-*|
|poke|p2|Zygarde|
|poke|p2|Groudon|
|poke|p2|Arceus-*|
|poke|p2|Arceus-*|
|teampreview
|inactive|Battle timer is ON: inactive players will automatically lose when time's up. (requested by Uwu owu)
|
|t:|1647436047
|start
|switch|p1a: Sableye|Sableye, M|100/100
|switch|p2a: Groudon|Groudon|100/100
|detailschange|p2a: Groudon|Groudon-Primal
|-primal|p2a: Groudon
|-weather|DesolateLand|[from] ability: Desolate Land|[of] p2a: Groudon
|turn|1
|
|t:|1647436051
|detailschange|p1a: Sableye|Sableye-Mega, M
|-mega|p1a: Sableye|Sableye|Sablenite
|move|p1a: Sableye|Protect|p1a: Sableye
|-singleturn|p1a: Sableye|Protect
|move|p2a: Groudon|Heat Crash|p1a: Sableye
|-activate|p1a: Sableye|move: Protect
|
|-weather|DesolateLand|[upkeep]
|upkeep
|turn|2
|
|t:|1647436059
|switch|p1a: Giratina|Giratina|100/100
|-ability|p1a: Giratina|Pressure
|move|p2a: Groudon|Heat Crash|p1a: Giratina
|-resisted|p1a: Giratina
|-damage|p1a: Giratina|92/100
|
|-weather|DesolateLand|[upkeep]
|-heal|p1a: Giratina|98/100|[from] item: Leftovers
|upkeep
|turn|3
|
|t:|1647436067
|move|p2a: Groudon|Stealth Rock|p1a: Giratina
|-sidestart|p1: Uwu owu|move: Stealth Rock
|move|p1a: Giratina|Toxic|p2a: Groudon
|-status|p2a: Groudon|tox
|
|-weather|DesolateLand|[upkeep]
|-heal|p1a: Giratina|100/100|[from] item: Leftovers
|-damage|p2a: Groudon|94/100 tox|[from] psn
|upkeep
|turn|4
|
|t:|1647436070
|-weather|none
|switch|p2a: Arceus|Arceus-Dark|100/100
|move|p1a: Giratina|Defog|p2a: Arceus
|-unboost|p2a: Arceus|evasion|1
|-sideend|p1: Uwu owu|Stealth Rock|[from] move: Defog|[of] p1a: Giratina
|
|upkeep
|turn|5
|
|t:|1647436075
|move|p2a: Arceus|Whirlpool|p1a: Giratina
|-resisted|p1a: Giratina
|-damage|p1a: Giratina|98/100
|-activate|p1a: Giratina|move: Whirlpool|[of] p2a: Arceus
|move|p1a: Giratina|Toxic|p2a: Arceus
|-status|p2a: Arceus|tox
|
|-heal|p1a: Giratina|100/100|[from] item: Leftovers
|-damage|p2a: Arceus|94/100 tox|[from] psn
|-damage|p1a: Giratina|88/100|[from] move: Whirlpool|[partiallytrapped]
|upkeep
|turn|6
|
|t:|1647436095
|move|p2a: Arceus|Perish Song|p2a: Arceus
|-start|p1a: Giratina|perish3|[silent]
|-start|p2a: Arceus|perish3|[silent]
|-fieldactivate|move: Perish Song
|move|p1a: Giratina|Rest|p1a: Giratina
|-status|p1a: Giratina|slp|[from] move: Rest
|-heal|p1a: Giratina|100/100 slp|[silent]
|
|-damage|p2a: Arceus|82/100 tox|[from] psn
|-damage|p1a: Giratina|88/100 slp|[from] move: Whirlpool|[partiallytrapped]
|-start|p2a: Arceus|perish3
|-start|p1a: Giratina|perish3
|upkeep
|turn|7
|
|t:|1647436106
|switch|p1a: Tyranitar|Tyranitar, M|100/100
|-weather|Sandstorm|[from] ability: Sand Stream|[of] p1a: Tyranitar
|move|p2a: Arceus|Recover|p2a: Arceus
|-heal|p2a: Arceus|100/100 tox
|
|-weather|Sandstorm|[upkeep]
|-damage|p2a: Arceus|94/100 tox|[from] Sandstorm
|-damage|p2a: Arceus|76/100 tox|[from] psn
|-start|p2a: Arceus|perish2
|upkeep
|turn|8
|
|t:|1647436120
|switch|p2a: Groudon|Groudon-Primal|94/100 tox
|-weather|DesolateLand|[from] ability: Desolate Land|[of] p2a: Groudon
|switch|p1a: Giratina|Giratina|88/100 slp
|-ability|p1a: Giratina|Pressure
|
|-weather|DesolateLand|[upkeep]
|-heal|p1a: Giratina|94/100 slp|[from] item: Leftovers
|-damage|p2a: Groudon|88/100 tox|[from] psn
|upkeep
|turn|9
|
|t:|1647436132
|move|p2a: Groudon|Precipice Blades|p1a: Giratina
|-damage|p1a: Giratina|58/100 slp
|cant|p1a: Giratina|slp
|
|-weather|DesolateLand|[upkeep]
|-heal|p1a: Giratina|64/100 slp|[from] item: Leftovers
|-damage|p2a: Groudon|76/100 tox|[from] psn
|upkeep
|turn|10
|
|t:|1647436141
|-weather|none
|switch|p2a: Arceus|Arceus-Dark|76/100 tox
|cant|p1a: Giratina|slp
|
|-heal|p1a: Giratina|70/100 slp|[from] item: Leftovers
|-damage|p2a: Arceus|70/100 tox|[from] psn
|upkeep
|turn|11
|
|t:|1647436152
|switch|p1a: Sableye|Sableye-Mega, M|100/100
|move|p2a: Arceus|Judgment|p1a: Sableye
|-damage|p1a: Sableye|53/100
|
|-damage|p2a: Arceus|58/100 tox|[from] psn
|upkeep
|turn|12
|
|t:|1647436160
|move|p1a: Sableye|Protect|p1a: Sableye
|-singleturn|p1a: Sableye|Protect
|move|p2a: Arceus|Judgment|p1a: Sableye
|-activate|p1a: Sableye|move: Protect
|
|-damage|p2a: Arceus|40/100 tox|[from] psn
|upkeep
|turn|13
|
|t:|1647436163
|move|p2a: Arceus|Recover|p2a: Arceus
|-heal|p2a: Arceus|90/100 tox
|move|p1a: Sableye|Recover|p1a: Sableye
|-heal|p1a: Sableye|100/100
|
|-damage|p2a: Arceus|65/100 tox|[from] psn
|upkeep
|turn|14
|
|t:|1647436173
|switch|p2a: Groudon|Groudon-Primal|76/100 tox
|-weather|DesolateLand|[from] ability: Desolate Land|[of] p2a: Groudon
|move|p1a: Sableye|Protect||[still]
|-fail|p1a: Sableye
|
|-weather|DesolateLand|[upkeep]
|-damage|p2a: Groudon|70/100 tox|[from] psn
|upkeep
|turn|15
|
|t:|1647436178
|move|p1a: Sableye|Protect|p1a: Sableye
|-singleturn|p1a: Sableye|Protect
|move|p2a: Groudon|Stealth Rock|p1a: Sableye
|move|p1a: Sableye|Stealth Rock|p2a: Groudon|[from]ability: Magic Bounce
|-sidestart|p2: RUiNtheExtinct|move: Stealth Rock
|
|-weather|DesolateLand|[upkeep]
|-damage|p2a: Groudon|57/100 tox|[from] psn
|upkeep
|turn|16
|
|t:|1647436186
|switch|p1a: Giratina|Giratina|70/100 slp
|-ability|p1a: Giratina|Pressure
|move|p2a: Groudon|Heat Crash|p1a: Giratina
|-resisted|p1a: Giratina
|-damage|p1a: Giratina|61/100 slp
|
|-weather|DesolateLand|[upkeep]
|-heal|p1a: Giratina|67/100 slp|[from] item: Leftovers
|-damage|p2a: Groudon|39/100 tox|[from] psn
|upkeep
|turn|17
|
|t:|1647436196
|move|p2a: Groudon|Precipice Blades|p1a: Giratina
|-damage|p1a: Giratina|30/100 slp
|-curestatus|p1a: Giratina|slp|[msg]
|move|p1a: Giratina|Defog|p2a: Groudon
|-unboost|p2a: Groudon|evasion|1
|-sideend|p2: RUiNtheExtinct|Stealth Rock|[from] move: Defog|[of] p1a: Giratina
|
|-weather|DesolateLand|[upkeep]
|-heal|p1a: Giratina|36/100|[from] item: Leftovers
|-damage|p2a: Groudon|14/100 tox|[from] psn
|upkeep
|turn|18
|
|t:|1647436211
|switch|p1a: Lugia|Lugia|100/100
|move|p2a: Groudon|Precipice Blades|p1a: Lugia
|-immune|p1a: Lugia
|
|-weather|DesolateLand|[upkeep]
|-damage|p2a: Groudon|0 fnt|[from] psn
|faint|p2a: Groudon
|-weather|none
|upkeep
|
|t:|1647436220
|switch|p2a: Arceus|Arceus-Dark|65/100 tox
|turn|19
|
|t:|1647436226
|switch|p1a: Giratina|Giratina|36/100
|-ability|p1a: Giratina|Pressure
|move|p2a: Arceus|Whirlpool|p1a: Giratina
|-resisted|p1a: Giratina
|-damage|p1a: Giratina|33/100
|-activate|p1a: Giratina|move: Whirlpool|[of] p2a: Arceus
|
|-heal|p1a: Giratina|39/100|[from] item: Leftovers
|-damage|p2a: Arceus|59/100 tox|[from] psn
|-damage|p1a: Giratina|27/100|[from] move: Whirlpool|[partiallytrapped]
|upkeep
|turn|20
|
|t:|1647436237
|move|p2a: Arceus|Judgment|p1a: Giratina
|-supereffective|p1a: Giratina
|-damage|p1a: Giratina|0 fnt
|faint|p1a: Giratina
|
|-damage|p2a: Arceus|47/100 tox|[from] psn
|upkeep
|
|t:|1647436240
|switch|p1a: Sableye|Sableye-Mega, M|100/100
|turn|21
|
|t:|1647436242
|move|p1a: Sableye|Protect|p1a: Sableye
|-singleturn|p1a: Sableye|Protect
|move|p2a: Arceus|Recover|p2a: Arceus
|-heal|p2a: Arceus|97/100 tox
|
|-damage|p2a: Arceus|79/100 tox|[from] psn
|upkeep
|turn|22
|
|t:|1647436251
|switch|p2a: Arceus|Arceus-Ground|100/100
|move|p1a: Sableye|Recover||[still]
|-fail|p1a: Sableye|heal
|
|upkeep
|turn|23
|
|t:|1647436254
|switch|p1a: Lugia|Lugia|100/100
|move|p2a: Arceus|Calm Mind|p2a: Arceus
|-boost|p2a: Arceus|spa|1
|-boost|p2a: Arceus|spd|1
|
|upkeep
|turn|24
|
|t:|1647436257
|switch|p1a: Chansey|Chansey, F|100/100
|move|p2a: Arceus|Ice Beam|p1a: Chansey
|-damage|p1a: Chansey|89/100
|
|upkeep
|turn|25
|
|t:|1647436263
|switch|p2a: Arceus|Arceus-Dark|79/100 tox
|move|p1a: Chansey|Confide|p2a: Arceus
|-unboost|p2a: Arceus|spa|1
|
|-damage|p2a: Arceus|73/100 tox|[from] psn
|upkeep
|turn|26
|
|t:|1647436266
|switch|p1a: Sableye|Sableye-Mega, M|100/100
|move|p2a: Arceus|Whirlpool|p1a: Sableye
|-damage|p1a: Sableye|94/100
|-activate|p1a: Sableye|move: Whirlpool|[of] p2a: Arceus
|
|-damage|p2a: Arceus|61/100 tox|[from] psn
|-damage|p1a: Sableye|81/100|[from] move: Whirlpool|[partiallytrapped]
|upkeep
|turn|27
|
|t:|1647436271
|move|p2a: Arceus|Perish Song|p2a: Arceus
|-start|p1a: Sableye|perish3|[silent]
|-start|p2a: Arceus|perish3|[silent]
|-fieldactivate|move: Perish Song
|move|p1a: Sableye|Recover|p1a: Sableye
|-heal|p1a: Sableye|100/100
|
|-damage|p2a: Arceus|42/100 tox|[from] psn
|-damage|p1a: Sableye|88/100|[from] move: Whirlpool|[partiallytrapped]
|-start|p2a: Arceus|perish3
|-start|p1a: Sableye|perish3
|upkeep
|turn|28
|
|t:|1647436274
|move|p1a: Sableye|Protect|p1a: Sableye
|-singleturn|p1a: Sableye|Protect
|move|p2a: Arceus|Recover|p2a: Arceus
|-heal|p2a: Arceus|92/100 tox
|
|-damage|p2a: Arceus|68/100 tox|[from] psn
|-damage|p1a: Sableye|76/100|[from] move: Whirlpool|[partiallytrapped]
|-start|p2a: Arceus|perish2
|-start|p1a: Sableye|perish2
|upkeep
|turn|29
|
|t:|1647436285
|move|p2a: Arceus|Recover|p2a: Arceus
|-heal|p2a: Arceus|100/100 tox
|move|p1a: Sableye|Recover|p1a: Sableye
|-heal|p1a: Sableye|100/100
|
|-damage|p2a: Arceus|70/100 tox|[from] psn
|-damage|p1a: Sableye|88/100|[from] move: Whirlpool|[partiallytrapped]
|-start|p2a: Arceus|perish1
|-start|p1a: Sableye|perish1
|upkeep
|turn|30
|
|t:|1647436293
|switch|p2a: Arceus|Arceus-Ground|100/100
|switch|p1a: Tyranitar|Tyranitar, M|100/100
|-weather|Sandstorm|[from] ability: Sand Stream|[of] p1a: Tyranitar
|
|-weather|Sandstorm|[upkeep]
|upkeep
|turn|31
|
|t:|1647436300
|switch|p1a: Lugia|Lugia|100/100
|move|p2a: Arceus|Calm Mind|p2a: Arceus
|-boost|p2a: Arceus|spa|1
|-boost|p2a: Arceus|spd|1
|
|-weather|Sandstorm|[upkeep]
|-damage|p1a: Lugia|94/100|[from] Sandstorm
|-heal|p1a: Lugia|100/100|[from] item: Leftovers
|upkeep
|turn|32
|
|t:|1647436309
|switch|p1a: Chansey|Chansey, F|89/100
|move|p2a: Arceus|Ice Beam|p1a: Chansey
|-crit|p1a: Chansey
|-damage|p1a: Chansey|72/100
|
|-weather|Sandstorm|[upkeep]
|-damage|p1a: Chansey|66/100|[from] Sandstorm
|upkeep
|turn|33
|
|t:|1647436312
|switch|p2a: Arceus|Arceus-Dark|70/100 tox
|move|p1a: Chansey|Soft-Boiled|p1a: Chansey
|-heal|p1a: Chansey|100/100
|
|-weather|Sandstorm|[upkeep]
|-damage|p2a: Arceus|64/100 tox|[from] Sandstorm
|-damage|p1a: Chansey|94/100|[from] Sandstorm
|-damage|p2a: Arceus|58/100 tox|[from] psn
|upkeep
|turn|34
|
|t:|1647436325
|switch|p1a: Sableye|Sableye-Mega, M|88/100
|move|p2a: Arceus|Recover|p2a: Arceus
|-heal|p2a: Arceus|100/100 tox
|
|-weather|none
|-damage|p2a: Arceus|88/100 tox|[from] psn
|upkeep
|turn|35
|
|t:|1647436333
|move|p1a: Sableye|Protect|p1a: Sableye
|-singleturn|p1a: Sableye|Protect
|move|p2a: Arceus|Whirlpool|p1a: Sableye
|-activate|p1a: Sableye|move: Protect
|
|-damage|p2a: Arceus|70/100 tox|[from] psn
|upkeep
|turn|36
|
|t:|1647436341
|move|p2a: Arceus|Whirlpool|p1a: Sableye
|-damage|p1a: Sableye|78/100
|-activate|p1a: Sableye|move: Whirlpool|[of] p2a: Arceus
|move|p1a: Sableye|Recover|p1a: Sableye
|-heal|p1a: Sableye|100/100
|
|-damage|p2a: Arceus|46/100 tox|[from] psn
|-damage|p1a: Sableye|88/100|[from] move: Whirlpool|[partiallytrapped]
|upkeep
|turn|37
|
|t:|1647436345
|move|p1a: Sableye|Protect|p1a: Sableye
|-singleturn|p1a: Sableye|Protect
|move|p2a: Arceus|Perish Song|p2a: Arceus
|-start|p1a: Sableye|perish3|[silent]
|-start|p2a: Arceus|perish3|[silent]
|-fieldactivate|move: Perish Song
|
|-damage|p2a: Arceus|15/100 tox|[from] psn
|-damage|p1a: Sableye|76/100|[from] move: Whirlpool|[partiallytrapped]
|-start|p2a: Arceus|perish3
|-start|p1a: Sableye|perish3
|upkeep
|turn|38
|
|t:|1647436352
|switch|p1a: Tyranitar|Tyranitar, M|100/100
|-weather|Sandstorm|[from] ability: Sand Stream|[of] p1a: Tyranitar
|move|p2a: Arceus|Recover|p2a: Arceus
|-heal|p2a: Arceus|65/100 tox
|
|-weather|Sandstorm|[upkeep]
|-damage|p2a: Arceus|59/100 tox|[from] Sandstorm
|-damage|p2a: Arceus|23/100 tox|[from] psn
|-start|p2a: Arceus|perish2
|upkeep
|turn|39
|
|t:|1647436363
|switch|p2a: Arceus|Arceus-Ground|100/100
|-start|p1a: Tyranitar|Dynamax
|-heal|p1a: Tyranitar|100/100|[silent]
|move|p1a: Tyranitar|Max Rockfall|p2a: Arceus
|-resisted|p2a: Arceus
|-crit|p2a: Arceus
|-damage|p2a: Arceus|73/100
|
|-weather|Sandstorm|[upkeep]
|upkeep
|turn|40
|
|t:|1647436377
|-end|p1a: Tyranitar|Dynamax
|-heal|p1a: Tyranitar|100/100|[silent]
|switch|p1a: Chansey|Chansey, F|94/100
|move|p2a: Arceus|Recover|p2a: Arceus
|-heal|p2a: Arceus|100/100
|
|-weather|Sandstorm|[upkeep]
|-damage|p1a: Chansey|88/100|[from] Sandstorm
|upkeep
|turn|41
|
|t:|1647436385
|switch|p2a: Zygarde|Zygarde|100/100
|move|p1a: Chansey|Seismic Toss|p2a: Zygarde
|-damage|p2a: Zygarde|77/100
|
|-weather|Sandstorm|[upkeep]
|-damage|p1a: Chansey|82/100|[from] Sandstorm
|-heal|p2a: Zygarde|83/100|[from] item: Leftovers
|upkeep
|turn|42
|
|t:|1647436393
|switch|p1a: Lugia|Lugia|100/100
|move|p2a: Zygarde|Thousand Arrows|p1a: Lugia
|-damage|p1a: Lugia|90/100
|-start|p1a: Lugia|Smack Down
|
|-weather|none
|-heal|p1a: Lugia|96/100|[from] item: Leftovers
|-heal|p2a: Zygarde|89/100|[from] item: Leftovers
|upkeep
|turn|43
|
|t:|1647436402
|move|p1a: Lugia|Substitute|p1a: Lugia
|-start|p1a: Lugia|Substitute
|-damage|p1a: Lugia|71/100
|move|p2a: Zygarde|Glare||[still]
|-fail|p2a: Zygarde
|
|-heal|p1a: Lugia|77/100|[from] item: Leftovers
|-heal|p2a: Zygarde|95/100|[from] item: Leftovers
|upkeep
|turn|44
|
|t:|1647436407
|move|p1a: Lugia|Toxic|p2a: Zygarde
|-status|p2a: Zygarde|tox
|move|p2a: Zygarde|Thousand Arrows|p1a: Lugia
|-activate|p1a: Lugia|move: Substitute|[damage]
|
|-heal|p1a: Lugia|84/100|[from] item: Leftovers
|-heal|p2a: Zygarde|100/100 tox|[from] item: Leftovers
|-damage|p2a: Zygarde|94/100 tox|[from] psn
|upkeep
|turn|45
|
|t:|1647436416
|move|p1a: Lugia|Toxic|p2a: Zygarde
|-fail|p2a: Zygarde|tox
|move|p2a: Zygarde|Thousand Arrows|p1a: Lugia
|-end|p1a: Lugia|Substitute
|
|-heal|p1a: Lugia|90/100|[from] item: Leftovers
|-heal|p2a: Zygarde|100/100 tox|[from] item: Leftovers
|-damage|p2a: Zygarde|88/100 tox|[from] psn
|upkeep
|turn|46
|
|t:|1647436418
|move|p1a: Lugia|Substitute|p1a: Lugia
|-start|p1a: Lugia|Substitute
|-damage|p1a: Lugia|65/100
|move|p2a: Zygarde|Coil|p2a: Zygarde
|-boost|p2a: Zygarde|atk|1
|-boost|p2a: Zygarde|def|1
|-boost|p2a: Zygarde|accuracy|1
|
|-heal|p1a: Lugia|71/100|[from] item: Leftovers
|-heal|p2a: Zygarde|94/100 tox|[from] item: Leftovers
|-damage|p2a: Zygarde|76/100 tox|[from] psn
|upkeep
|turn|47
|
|t:|1647436428
|move|p2a: Zygarde|Thousand Arrows|p1a: Lugia
|-end|p1a: Lugia|Substitute
|move|p1a: Lugia|Whirlwind|p2a: Zygarde
|drag|p2a: Ditto|Ditto|100/100
|-transform|p2a: Ditto|p1a: Lugia|[from] ability: Imposter
|
|-heal|p1a: Lugia|77/100|[from] item: Leftovers
|upkeep
|turn|48
|
|t:|1647436439
|switch|p1a: Sableye|Sableye-Mega, M|76/100
|move|p2a: Ditto|Whirlwind|p1a: Sableye
|move|p1a: Sableye|Whirlwind|p2a: Ditto|[from]ability: Magic Bounce
|drag|p2a: Arceus|Arceus-Dark|23/100 tox
|
|-damage|p2a: Arceus|17/100 tox|[from] psn
|upkeep
|turn|49
|
|t:|1647436447
|move|p2a: Arceus|Recover|p2a: Arceus
|-heal|p2a: Arceus|67/100 tox
|move|p1a: Sableye|Recover|p1a: Sableye
|-heal|p1a: Sableye|100/100
|
|-damage|p2a: Arceus|55/100 tox|[from] psn
|upkeep
|turn|50
|
|t:|1647436451
|move|p2a: Arceus|Judgment|p1a: Sableye
|-damage|p1a: Sableye|55/100
|move|p1a: Sableye|Foul Play|p2a: Arceus
|-resisted|p2a: Arceus
|-damage|p2a: Arceus|44/100 tox
|
|-damage|p2a: Arceus|25/100 tox|[from] psn
|upkeep
|turn|51
|
|t:|1647436459
|move|p2a: Arceus|Recover|p2a: Arceus
|-heal|p2a: Arceus|75/100 tox
|move|p1a: Sableye|Recover|p1a: Sableye
|-heal|p1a: Sableye|100/100
|
|-damage|p2a: Arceus|51/100 tox|[from] psn
|upkeep
|turn|52
|
|t:|1647436467
|move|p2a: Arceus|Perish Song|p2a: Arceus
|-start|p1a: Sableye|perish3|[silent]
|-start|p2a: Arceus|perish3|[silent]
|-fieldactivate|move: Perish Song
|move|p1a: Sableye|Foul Play|p2a: Arceus
|-resisted|p2a: Arceus
|-damage|p2a: Arceus|41/100 tox
|
|-damage|p2a: Arceus|10/100 tox|[from] psn
|-start|p2a: Arceus|perish3
|-start|p1a: Sableye|perish3
|upkeep
|turn|53
|
|t:|1647436476
|move|p2a: Arceus|Recover|p2a: Arceus
|-heal|p2a: Arceus|60/100 tox
|move|p1a: Sableye|Foul Play|p2a: Arceus
|-resisted|p2a: Arceus
|-damage|p2a: Arceus|50/100 tox
|
|-damage|p2a: Arceus|14/100 tox|[from] psn
|-start|p2a: Arceus|perish2
|-start|p1a: Sableye|perish2
|upkeep
|turn|54
|
|t:|1647436480
|switch|p2a: Zygarde|Zygarde|76/100 tox
|move|p1a: Sableye|Foul Play|p2a: Zygarde
|-damage|p2a: Zygarde|43/100 tox
|
|-heal|p2a: Zygarde|49/100 tox|[from] item: Leftovers
|-damage|p2a: Zygarde|43/100 tox|[from] psn
|-start|p1a: Sableye|perish1
|-activate|p2a: Zygarde|ability: Power Construct
|detailschange|p2a: Zygarde|Zygarde-Complete
|-heal|p2a: Zygarde|62/100 tox|[silent]
|upkeep
|turn|55
|
|t:|1647436488
|switch|p1a: Lugia|Lugia|77/100
|move|p2a: Zygarde|Rest|p2a: Zygarde
|-status|p2a: Zygarde|slp|[from] move: Rest
|-heal|p2a: Zygarde|100/100 slp|[silent]
|
|-heal|p1a: Lugia|84/100|[from] item: Leftovers
|upkeep
|turn|56
|
|t:|1647436501
|switch|p1a: Quagsire|Quagsire, M|100/100
|cant|p2a: Zygarde|slp
|
|upkeep
|turn|57
|
|t:|1647436506
|cant|p2a: Zygarde|slp
|move|p1a: Quagsire|Haze|p1a: Quagsire
|-clearallboost
|
|upkeep
|turn|58
|
|t:|1647436515
|-curestatus|p2a: Zygarde|slp|[msg]
|move|p2a: Zygarde|Glare|p1a: Quagsire
|-status|p1a: Quagsire|par
|cant|p1a: Quagsire|par
|
|upkeep
|turn|59
|
|t:|1647436519
|move|p2a: Zygarde|Thousand Arrows|p1a: Quagsire
|-damage|p1a: Quagsire|71/100 par
|move|p1a: Quagsire|Toxic|p2a: Zygarde
|-status|p2a: Zygarde|tox
|
|-damage|p2a: Zygarde|94/100 tox|[from] psn
|upkeep
|turn|60
|
|t:|1647436527
|move|p2a: Zygarde|Thousand Arrows|p1a: Quagsire
|-damage|p1a: Quagsire|44/100 par
|move|p1a: Quagsire|Recover|p1a: Quagsire
|-heal|p1a: Quagsire|94/100 par
|
|-heal|p2a: Zygarde|100/100 tox|[from] item: Leftovers
|-damage|p2a: Zygarde|88/100 tox|[from] psn
|upkeep
|turn|61
|
|t:|1647436539
|switch|p2a: Arceus|Arceus-Ground|100/100
|switch|p1a: Lugia|Lugia|84/100
|
|-heal|p1a: Lugia|90/100|[from] item: Leftovers
|upkeep
|turn|62
|
|t:|1647436542
|switch|p1a: Chansey|Chansey, F|82/100
|move|p2a: Arceus|Calm Mind|p2a: Arceus
|-boost|p2a: Arceus|spa|1
|-boost|p2a: Arceus|spd|1
|
|upkeep
|turn|63
|
|t:|1647436548
|move|p2a: Arceus|Calm Mind|p2a: Arceus
|-boost|p2a: Arceus|spa|1
|-boost|p2a: Arceus|spd|1
|move|p1a: Chansey|Seismic Toss|p2a: Arceus
|-damage|p2a: Arceus|76/100
|
|upkeep
|turn|64
|
|t:|1647436551
|move|p2a: Arceus|Ice Beam|p1a: Chansey
|-damage|p1a: Chansey|67/100
|move|p1a: Chansey|Confide|p2a: Arceus
|-unboost|p2a: Arceus|spa|1
|
|upkeep
|turn|65
|
|t:|1647436555
|move|p2a: Arceus|Ice Beam|p1a: Chansey
|-damage|p1a: Chansey|55/100
|move|p1a: Chansey|Soft-Boiled|p1a: Chansey
|-heal|p1a: Chansey|100/100
|
|upkeep
|turn|66
|
|t:|1647436558
|move|p2a: Arceus|Calm Mind|p2a: Arceus
|-boost|p2a: Arceus|spa|1
|-boost|p2a: Arceus|spd|1
|move|p1a: Chansey|Confide|p2a: Arceus
|-unboost|p2a: Arceus|spa|1
|
|upkeep
|turn|67
|
|t:|1647436559
|move|p2a: Arceus|Ice Beam|p1a: Chansey
|-damage|p1a: Chansey|90/100
|move|p1a: Chansey|Confide|p2a: Arceus
|-unboost|p2a: Arceus|spa|1
|
|upkeep
|turn|68
|
|t:|1647436561
|move|p2a: Arceus|Calm Mind|p2a: Arceus
|-boost|p2a: Arceus|spa|1
|-boost|p2a: Arceus|spd|1
|move|p1a: Chansey|Confide|p2a: Arceus
|-unboost|p2a: Arceus|spa|1
|
|upkeep
|turn|69
|
|t:|1647436564
|move|p2a: Arceus|Ice Beam|p1a: Chansey
|-damage|p1a: Chansey|83/100
|move|p1a: Chansey|Confide|p2a: Arceus
|-unboost|p2a: Arceus|spa|1
|
|upkeep
|turn|70
|
|t:|1647436566
|move|p2a: Arceus|Calm Mind|p2a: Arceus
|-boost|p2a: Arceus|spa|1
|-boost|p2a: Arceus|spd|1
|move|p1a: Chansey|Soft-Boiled|p1a: Chansey
|-heal|p1a: Chansey|100/100
|
|upkeep
|turn|71
|
|t:|1647436568
|move|p2a: Arceus|Calm Mind|p2a: Arceus
|-boost|p2a: Arceus|spa|1
|-boost|p2a: Arceus|spd|1
|move|p1a: Chansey|Confide|p2a: Arceus
|-unboost|p2a: Arceus|spa|1
|
|upkeep
|turn|72
|
|t:|1647436569
|move|p2a: Arceus|Calm Mind|p2a: Arceus
|-boost|p2a: Arceus|spa|1
|-boost|p2a: Arceus|spd|0
|move|p1a: Chansey|Confide|p2a: Arceus
|-unboost|p2a: Arceus|spa|1
|
|upkeep
|turn|73
|
|t:|1647436577
|move|p2a: Arceus|Ice Beam|p1a: Chansey
|-damage|p1a: Chansey|93/100
|move|p1a: Chansey|Confide|p2a: Arceus
|-unboost|p2a: Arceus|spa|1
|
|upkeep
|turn|74
|
|t:|1647436579
|move|p2a: Arceus|Ice Beam|p1a: Chansey
|-damage|p1a: Chansey|87/100
|move|p1a: Chansey|Seismic Toss|p2a: Arceus
|-damage|p2a: Arceus|52/100
|
|upkeep
|turn|75
|
|t:|1647436585
|move|p2a: Arceus|Ice Beam|p1a: Chansey
|-damage|p1a: Chansey|82/100
|-status|p1a: Chansey|frz
|cant|p1a: Chansey|frz
|
|upkeep
|turn|76
|
|t:|1647436587
|move|p2a: Arceus|Calm Mind|p2a: Arceus
|-boost|p2a: Arceus|spa|1
|-boost|p2a: Arceus|spd|0
|cant|p1a: Chansey|frz
|
|upkeep
|turn|77
|
|t:|1647436594
|-curestatus|p1a: Chansey|frz|[from] ability: Natural Cure
|switch|p1a: Quagsire|Quagsire, M|94/100 par
|move|p2a: Arceus|Recover|p2a: Arceus
|-heal|p2a: Arceus|100/100
|
|upkeep
|turn|78
|
|t:|1647436600
|switch|p1a: Chansey|Chansey, F|82/100
|move|p2a: Arceus|Judgment|p1a: Chansey
|-damage|p1a: Chansey|69/100
|
|upkeep
|turn|79
|
|t:|1647436607
|switch|p2a: Zygarde|Zygarde-Complete|88/100 tox
|move|p1a: Chansey|Seismic Toss|p2a: Zygarde
|-damage|p2a: Zygarde|73/100 tox
|
|-heal|p2a: Zygarde|79/100 tox|[from] item: Leftovers
|-damage|p2a: Zygarde|73/100 tox|[from] psn
|upkeep
|turn|80
|
|t:|1647436617
|switch|p1a: Lugia|Lugia|90/100
|move|p2a: Zygarde|Thousand Arrows|p1a: Lugia
|-damage|p1a: Lugia|68/100
|-start|p1a: Lugia|Smack Down
|
|-heal|p1a: Lugia|75/100|[from] item: Leftovers
|-heal|p2a: Zygarde|79/100 tox|[from] item: Leftovers
|-damage|p2a: Zygarde|66/100 tox|[from] psn
|upkeep
|turn|81
|
|t:|1647436628
|move|p1a: Lugia|Substitute|p1a: Lugia
|-start|p1a: Lugia|Substitute
|-damage|p1a: Lugia|50/100
|move|p2a: Zygarde|Glare||[still]
|-fail|p2a: Zygarde
|
|-heal|p1a: Lugia|56/100|[from] item: Leftovers
|-heal|p2a: Zygarde|73/100 tox|[from] item: Leftovers
|-damage|p2a: Zygarde|54/100 tox|[from] psn
|upkeep
|turn|82
|
|t:|1647436636
|move|p1a: Lugia|Roost|p1a: Lugia
|-heal|p1a: Lugia|100/100
|-singleturn|p1a: Lugia|move: Roost
|move|p2a: Zygarde|Rest|p2a: Zygarde
|-status|p2a: Zygarde|slp|[from] move: Rest
|-heal|p2a: Zygarde|100/100 slp|[silent]
|
|upkeep
|turn|83
|
|t:|1647436643
|switch|p1a: Chansey|Chansey, F|69/100
|cant|p2a: Zygarde|slp
|
|upkeep
|turn|84
|
|t:|1647436648
|cant|p2a: Zygarde|slp
|move|p1a: Chansey|Soft-Boiled|p1a: Chansey
|-heal|p1a: Chansey|100/100
|
|upkeep
|turn|85
|
|t:|1647436654
|-curestatus|p2a: Zygarde|slp|[msg]
|move|p2a: Zygarde|Thousand Arrows|p1a: Chansey
|-damage|p1a: Chansey|67/100
|move|p1a: Chansey|Heal Bell|p1a: Chansey
|-activate|p1a: Chansey|move: Heal Bell
|-curestatus|p1: Quagsire|par|[msg]
|
|upkeep
|turn|86
|
|t:|1647436664
|move|p2a: Zygarde|Thousand Arrows|p1a: Chansey
|-damage|p1a: Chansey|33/100
|move|p1a: Chansey|Soft-Boiled|p1a: Chansey
|-heal|p1a: Chansey|83/100
|
|upkeep
|turn|87
|
|t:|1647436670
|switch|p1a: Lugia|Lugia|100/100
|move|p2a: Zygarde|Glare|p1a: Lugia
|-status|p1a: Lugia|par
|
|upkeep
|turn|88
|
|t:|1647436673
|move|p2a: Zygarde|Thousand Arrows|p1a: Lugia
|-damage|p1a: Lugia|90/100 par
|-start|p1a: Lugia|Smack Down
|cant|p1a: Lugia|par
|
|-heal|p1a: Lugia|96/100 par|[from] item: Leftovers
|upkeep
|turn|89
|
|t:|1647436680
|move|p2a: Zygarde|Thousand Arrows|p1a: Lugia
|-damage|p1a: Lugia|76/100 par
|move|p1a: Lugia|Toxic|p2a: Zygarde
|-status|p2a: Zygarde|tox
|
|-heal|p1a: Lugia|82/100 par|[from] item: Leftovers
|-damage|p2a: Zygarde|94/100 tox|[from] psn
|upkeep
|turn|90
|
|t:|1647436694
|switch|p1a: Chansey|Chansey, F|83/100
|move|p2a: Zygarde|Thousand Arrows|p1a: Chansey
|-damage|p1a: Chansey|50/100
|
|-heal|p2a: Zygarde|100/100 tox|[from] item: Leftovers
|-damage|p2a: Zygarde|88/100 tox|[from] psn
|upkeep
|turn|91
|
|t:|1647436704
|switch|p2a: Arceus|Arceus-Flying|100/100
|move|p1a: Chansey|Soft-Boiled|p1a: Chansey
|-heal|p1a: Chansey|100/100
|
|upkeep
|turn|92
|
|t:|1647436709
|switch|p1a: Tyranitar|Tyranitar, M|100/100
|-weather|Sandstorm|[from] ability: Sand Stream|[of] p1a: Tyranitar
|move|p2a: Arceus|Swords Dance|p2a: Arceus
|-boost|p2a: Arceus|atk|2
|
|-weather|Sandstorm|[upkeep]
|-damage|p2a: Arceus|94/100|[from] Sandstorm
|upkeep
|turn|93
|
|t:|1647436719
|-start|p2a: Arceus|Dynamax
|-heal|p2a: Arceus|94/100|[silent]
|move|p2a: Arceus|Max Quake|p1a: Tyranitar
|-supereffective|p1a: Tyranitar
|-damage|p1a: Tyranitar|0 fnt
|-boost|p2a: Arceus|spd|1
|faint|p1a: Tyranitar
|
|-weather|Sandstorm|[upkeep]
|-damage|p2a: Arceus|91/100|[from] Sandstorm
|upkeep
|
|t:|1647436721
|switch|p1a: Quagsire|Quagsire, M|94/100
|turn|94
|
|t:|1647436724
|move|p2a: Arceus|Max Airstream|p1a: Quagsire
|-damage|p1a: Quagsire|32/100
|-boost|p2a: Arceus|spe|1
|move|p1a: Quagsire|Recover|p1a: Quagsire
|-heal|p1a: Quagsire|82/100
|
|-weather|Sandstorm|[upkeep]
|-damage|p2a: Arceus|88/100|[from] Sandstorm
|upkeep
|turn|95
|
|t:|1647436728
|move|p2a: Arceus|Max Airstream|p1a: Quagsire
|-damage|p1a: Quagsire|25/100
|-boost|p2a: Arceus|spe|1
|move|p1a: Quagsire|Recover|p1a: Quagsire
|-heal|p1a: Quagsire|75/100
|
|-weather|Sandstorm|[upkeep]
|-damage|p2a: Arceus|85/100|[from] Sandstorm
|-end|p2a: Arceus|Dynamax
|-heal|p2a: Arceus|85/100|[silent]
|upkeep
|turn|96
|
|t:|1647436739
|move|p2a: Arceus|Earthquake|p1a: Quagsire
|-damage|p1a: Quagsire|53/100
|move|p1a: Quagsire|Recover|p1a: Quagsire
|-heal|p1a: Quagsire|100/100
|
|-weather|none
|upkeep
|turn|97
|
|t:|1647436742
|move|p2a: Arceus|Fly||[still]
|-prepare|p2a: Arceus|Fly
|move|p1a: Quagsire|Toxic|p2a: Arceus|[miss]
|-miss|p1a: Quagsire|p2a: Arceus
|
|upkeep
|turn|98
|
|t:|1647436745
|move|p2a: Arceus|Fly|p1a: Quagsire|[from]lockedmove
|-damage|p1a: Quagsire|62/100
|-damage|p2a: Arceus|69/100|[from] item: Rocky Helmet|[of] p1a: Quagsire
|move|p1a: Quagsire|Toxic|p2a: Arceus
|-status|p2a: Arceus|tox
|
|-damage|p2a: Arceus|63/100 tox|[from] psn
|upkeep
|turn|99
|
|t:|1647436757
|switch|p2a: Arceus|Arceus-Ground|100/100
|move|p1a: Quagsire|Recover|p1a: Quagsire
|-heal|p1a: Quagsire|100/100
|
|upkeep
|turn|100
|
|t:|1647436764
|switch|p1a: Chansey|Chansey, F|100/100
|move|p2a: Arceus|Judgment|p1a: Chansey
|-damage|p1a: Chansey|85/100
|
|upkeep
|turn|101
|
|t:|1647436773
|switch|p2a: Ditto|Ditto|100/100
|-transform|p2a: Ditto|p1a: Chansey|[from] ability: Imposter
|move|p1a: Chansey|Seismic Toss|p2a: Ditto
|-damage|p2a: Ditto|67/100
|
|upkeep
|turn|102
|
|t:|1647436783
|switch|p1a: Sableye|Sableye-Mega, M|100/100
|move|p2a: Ditto|Heal Bell|p2a: Ditto
|-activate|p2a: Ditto|move: Heal Bell
|-curestatus|p2: Zygarde|tox|[msg]
|-curestatus|p2: Arceus|tox|[msg]
|-curestatus|p2: Arceus|tox|[msg]
|
|upkeep
|turn|103
|
|t:|1647436791
|switch|p2a: Arceus|Arceus-Ground|100/100
|switch|p1a: Chansey|Chansey, F|85/100
|
|upkeep
|turn|104
|
|t:|1647436799
|switch|p2a: Zygarde|Zygarde-Complete|88/100
|move|p1a: Chansey|Heal Bell|p1a: Chansey
|-activate|p1a: Chansey|move: Heal Bell
|-curestatus|p1: Lugia|par|[msg]
|
|-heal|p2a: Zygarde|94/100|[from] item: Leftovers
|upkeep
|turn|105
|
|t:|1647436803
|switch|p1a: Quagsire|Quagsire, M|100/100
|move|p2a: Zygarde|Thousand Arrows|p1a: Quagsire
|-damage|p1a: Quagsire|72/100
|
|-heal|p2a: Zygarde|100/100|[from] item: Leftovers
|upkeep
|turn|106
|
|t:|1647436810
|move|p2a: Zygarde|Glare|p1a: Quagsire
|-status|p1a: Quagsire|par
|cant|p1a: Quagsire|par
|
|upkeep
|turn|107
|
|t:|1647436815
|move|p2a: Zygarde|Thousand Arrows|p1a: Quagsire
|-damage|p1a: Quagsire|40/100 par
|move|p1a: Quagsire|Recover|p1a: Quagsire
|-heal|p1a: Quagsire|90/100 par
|
|upkeep
|turn|108
|
|t:|1647436819
|switch|p2a: Arceus|Arceus-Dark|14/100
|move|p1a: Quagsire|Toxic|p2a: Arceus
|-status|p2a: Arceus|tox
|
|-damage|p2a: Arceus|8/100 tox|[from] psn
|upkeep
|turn|109
|
|t:|1647436823
|move|p2a: Arceus|Recover|p2a: Arceus
|-heal|p2a: Arceus|58/100 tox
|cant|p1a: Quagsire|par
|
|-damage|p2a: Arceus|46/100 tox|[from] psn
|upkeep
|turn|110
|
|t:|1647436829
|move|p2a: Arceus|Judgment|p1a: Quagsire
|-damage|p1a: Quagsire|31/100 par
|cant|p1a: Quagsire|par
|
|-damage|p2a: Arceus|27/100 tox|[from] psn
|upkeep
|turn|111
|
|t:|1647436837
|switch|p1a: Sableye|Sableye-Mega, M|100/100
|move|p2a: Arceus|Recover|p2a: Arceus
|-heal|p2a: Arceus|77/100 tox
|
|-damage|p2a: Arceus|53/100 tox|[from] psn
|upkeep
|turn|112
|-message|Uwu owu forfeited.
|
|win|RUiNtheExtinct
|raw|Uwu owu's rating: 1726 &rarr; <strong>1708</strong><br />(-18 for losing)
|raw|RUiNtheExtinct's rating: 1753 &rarr; <strong>1771</strong><br />(+18 for winning)
|l|☆Uwu owu
|c|☆RUiNtheExtinct|gg
