|j|☆CLEAR GEM清瑜
|j|☆lemoncell0
|t:|1662778460
|gametype|singles
|player|p1|CLEAR GEM清瑜|skierf|1887
|player|p2|lemoncell0|allister|1847
|teamsize|p1|6
|teamsize|p2|6
|gen|8
|tier|[Gen 8] National Dex AG
|rated|
|rule|HP Percentage Mod: HP is shown in percentages
|rule|Endless Battle Clause: Forcing endless battles is banned
|clearpoke
|poke|p1|Rayquaza|
|poke|p1|Groudon|
|poke|p1|Necrozma-Dusk-Mane|
|poke|p1|Arceus-*|
|poke|p1|Zacian-*|
|poke|p1|Yveltal|
|poke|p2|Ferrothorn, F|
|poke|p2|Quagsire, F|
|poke|p2|Zacian-*|
|poke|p2|Diancie|
|poke|p2|Gothitelle, M|
|poke|p2|Ditto|
|teampreview
|inactive|Battle timer is ON: inactive players will automatically lose when time's up. (requested by CLEAR GEM清瑜)
|
|t:|1662778467
|start
|switch|p1a: Y鸟|Yveltal|100/100
|switch|p2a: Diancie|Diancie|100/100
|-ability|p1a: Y鸟|Dark Aura
|turn|1
|
|t:|1662778475
|switch|p1a: 嘉然小姐的狗|Zacian-Crowned|100/100
|-ability|p1a: 嘉然小姐的狗|Intrepid Sword|boost
|-boost|p1a: 嘉然小姐的狗|atk|1
|detailschange|p2a: Diancie|Diancie-Mega
|-mega|p2a: Diancie|Diancie|Diancite
|move|p2a: Diancie|Moonblast|p1a: 嘉然小姐的狗
|-resisted|p1a: 嘉然小姐的狗
|-damage|p1a: 嘉然小姐的狗|82/100
|
|upkeep
|turn|2
|
|t:|1662778478
|switch|p2a: Quagsire|Quagsire, F|100/100
|switch|p1a: 悬空羊驼|Arceus-Flying|100/100
|
|upkeep
|turn|3
|
|t:|1662778482
|switch|p2a: Ferrothorn|Ferrothorn, F|100/100
|move|p1a: 悬空羊驼|Calm Mind|p1a: 悬空羊驼
|-boost|p1a: 悬空羊驼|spa|1
|-boost|p1a: 悬空羊驼|spd|1
|
|upkeep
|turn|4
|
|t:|1662778485
|move|p1a: 悬空羊驼|Calm Mind|p1a: 悬空羊驼
|-boost|p1a: 悬空羊驼|spa|1
|-boost|p1a: 悬空羊驼|spd|1
|move|p2a: Ferrothorn|Leech Seed|p1a: 悬空羊驼
|-start|p1a: 悬空羊驼|move: Leech Seed
|
|-damage|p1a: 悬空羊驼|88/100|[from] Leech Seed|[of] p2a: Ferrothorn
|upkeep
|turn|5
|
|t:|1662778487
|-start|p1a: 悬空羊驼|Dynamax|
|-heal|p1a: 悬空羊驼|88/100|[silent]
|move|p1a: 悬空羊驼|Max Airstream|p2a: Ferrothorn
|-damage|p2a: Ferrothorn|0 fnt
|-boost|p1a: 悬空羊驼|spe|1
|faint|p2a: Ferrothorn
|
|upkeep
|
|t:|1662778492
|switch|p2a: Ditto|Ditto|100/100
|-transform|p2a: Ditto|p1a: 悬空羊驼|[from] ability: Imposter
|turn|6
|
|t:|1662778495
|-start|p2a: Ditto|Dynamax|
|-heal|p2a: Ditto|100/100|[silent]
|move|p2a: Ditto|Max Guard|p2a: Ditto
|-singleturn|p2a: Ditto|Max Guard
|move|p1a: 悬空羊驼|Max Airstream|p2a: Ditto
|-activate|p2a: Ditto|move: Max Guard
|
|-damage|p1a: 悬空羊驼|82/100|[from] Leech Seed|[of] p2a: Ditto
|upkeep
|turn|7
|
|t:|1662778497
|move|p1a: 悬空羊驼|Max Airstream|p2a: Ditto
|-damage|p2a: Ditto|62/100
|-boost|p1a: 悬空羊驼|spe|1
|move|p2a: Ditto|Max Strike|p1a: 悬空羊驼
|-damage|p1a: 悬空羊驼|65/100
|-unboost|p1a: 悬空羊驼|spe|1
|
|-damage|p1a: 悬空羊驼|59/100|[from] Leech Seed|[of] p2a: Ditto
|-heal|p2a: Ditto|70/100|[silent]
|upkeep
|-end|p1a: 悬空羊驼|Dynamax
|-heal|p1a: 悬空羊驼|59/100|[silent]
|turn|8
|
|t:|1662778500
|move|p2a: Ditto|Max Strike|p1a: 悬空羊驼
|-damage|p1a: 悬空羊驼|25/100
|-unboost|p1a: 悬空羊驼|spe|1
|move|p1a: 悬空羊驼|Recover|p1a: 悬空羊驼
|-heal|p1a: 悬空羊驼|75/100
|
|-damage|p1a: 悬空羊驼|63/100|[from] Leech Seed|[of] p2a: Ditto
|-heal|p2a: Ditto|79/100|[silent]
|upkeep
|-end|p2a: Ditto|Dynamax
|-heal|p2a: Ditto|79/100|[silent]
|turn|9
|
|t:|1662778503
|move|p2a: Ditto|Judgment|p1a: 悬空羊驼
|-damage|p1a: 悬空羊驼|36/100
|move|p1a: 悬空羊驼|Calm Mind|p1a: 悬空羊驼
|-boost|p1a: 悬空羊驼|spa|1
|-boost|p1a: 悬空羊驼|spd|1
|
|-damage|p1a: 悬空羊驼|24/100|[from] Leech Seed|[of] p2a: Ditto
|-heal|p2a: Ditto|96/100|[silent]
|upkeep
|turn|10
|j| kek1445645
|
|t:|1662778507
|switch|p2a: Zacian|Zacian-Crowned|100/100
|-ability|p2a: Zacian|Intrepid Sword|boost
|-boost|p2a: Zacian|atk|1
|move|p1a: 悬空羊驼|Recover|p1a: 悬空羊驼
|-heal|p1a: 悬空羊驼|74/100
|
|-damage|p1a: 悬空羊驼|62/100|[from] Leech Seed|[of] p2a: Zacian
|upkeep
|turn|11
|
|t:|1662778510
|switch|p2a: Diancie|Diancie-Mega|100/100
|switch|p1a: 不会(?)|Groudon|100/100
|detailschange|p1a: 不会(?)|Groudon-Primal
|-primal|p1a: 不会(?)
|-weather|DesolateLand|[from] ability: Desolate Land|[of] p1a: 不会(?)
|
|-weather|DesolateLand|[upkeep]
|upkeep
|turn|12
|
|t:|1662778516
|-weather|none
|switch|p1a: 老烈|Rayquaza|100/100
|-ability|p1a: 老烈|Air Lock
|move|p2a: Diancie|Sand Tomb|p1a: 老烈
|-immune|p1a: 老烈
|
|upkeep
|turn|13
|c| kek1445645|the legendary arceus flying
|
|t:|1662778520
|detailschange|p1a: 老烈|Rayquaza-Mega
|-mega|p1a: 老烈|Rayquaza|
|-weather|DeltaStream|[from] ability: Delta Stream|[of] p1a: 老烈
|move|p2a: Diancie|Moonblast|p1a: 老烈
|-supereffective|p1a: 老烈
|-damage|p1a: 老烈|13/100
|move|p1a: 老烈|Dragon Ascent|p2a: Diancie
|-resisted|p2a: Diancie
|-damage|p2a: Diancie|52/100
|-unboost|p1a: 老烈|def|1
|-unboost|p1a: 老烈|spd|1
|
|-weather|DeltaStream|[upkeep]
|upkeep
|turn|14
|
|t:|1662778524
|move|p2a: Diancie|Moonblast|p1a: 老烈
|-supereffective|p1a: 老烈
|-damage|p1a: 老烈|0 fnt
|faint|p1a: 老烈
|-weather|none
|
|upkeep
|
|t:|1662778532
|switch|p1a: 嘉然小姐的狗|Zacian-Crowned|82/100
|-ability|p1a: 嘉然小姐的狗|Intrepid Sword|boost
|-boost|p1a: 嘉然小姐的狗|atk|1
|turn|15
|
|t:|1662778537
|switch|p2a: Quagsire|Quagsire, F|100/100
|move|p1a: 嘉然小姐的狗|Close Combat|p2a: Quagsire
|-damage|p2a: Quagsire|64/100
|-unboost|p1a: 嘉然小姐的狗|def|1
|-unboost|p1a: 嘉然小姐的狗|spd|1
|-damage|p1a: 嘉然小姐的狗|65/100|[from] item: Rocky Helmet|[of] p2a: Quagsire
|
|upkeep
|turn|16
|
|t:|1662778539
|switch|p1a: 悬空羊驼|Arceus-Flying|62/100
|move|p2a: Quagsire|Recover|p2a: Quagsire
|-heal|p2a: Quagsire|100/100
|
|upkeep
|turn|17
|
|t:|1662778542
|switch|p2a: Zacian|Zacian-Crowned|100/100
|-ability|p2a: Zacian|Intrepid Sword|boost
|-boost|p2a: Zacian|atk|1
|move|p1a: 悬空羊驼|Earth Power|p2a: Zacian
|-supereffective|p2a: Zacian
|-crit|p2a: Zacian
|-damage|p2a: Zacian|15/100
|
|upkeep
|turn|18
|
|t:|1662778548
|switch|p2a: Diancie|Diancie-Mega|52/100
|switch|p1a: 不会(?)|Groudon-Primal|100/100
|-weather|DesolateLand|[from] ability: Desolate Land|[of] p1a: 不会(?)
|
|-weather|DesolateLand|[upkeep]
|upkeep
|turn|19
|
|t:|1662778554
|move|p2a: Diancie|Magnet Rise|p2a: Diancie
|-start|p2a: Diancie|Magnet Rise
|move|p1a: 不会(?)|Heat Crash|p2a: Diancie
|-resisted|p2a: Diancie
|-damage|p2a: Diancie|0 fnt
|faint|p2a: Diancie
|
|-weather|DesolateLand|[upkeep]
|upkeep
|c|☆lemoncell0|yeah gg
|-message|lemoncell0 forfeited.
|
|win|CLEAR GEM清瑜
|raw|CLEAR GEM清瑜's rating: 1887 &rarr; <strong>1905</strong><br />(+18 for winning)
|raw|lemoncell0's rating: 1847 &rarr; <strong>1829</strong><br />(-18 for losing)
|c| kek1445645|WAIT
|c| kek1445645|u got ditto
|c| kek1445645|u could of gone ditto and made a 50/50 call
|c|☆lemoncell0|he has two flying types
|c| kek1445645|ye heatwave on the swap
|c|☆lemoncell0|I think I need to take a break
|c|☆CLEAR GEM清瑜|and i got yveltal
|c|☆lemoncell0|but I'm not going too
||Ladder isn't responding, score probably updated but might not have (Request timeout).
