|j|☆C0ld as Ice
|j|☆KO-lloid
|t:|1646894183
|gametype|singles
|player|p1|C0ld as Ice|schoolkid-gen4dp|1188
|player|p2|KO-lloid|1|1281
|teamsize|p1|6
|teamsize|p2|6
|gen|8
|tier|[Gen 8] National Dex AG
|rated|
|rule|HP Percentage Mod: HP is shown in percentages
|rule|Endless Battle Clause: Forcing endless battles is banned
|clearpoke
|poke|p1|Celesteela|
|poke|p1|Dragonite, F|
|poke|p1|Aerodactyl, M|
|poke|p1|Salamence, F|
|poke|p1|Vivillon-Pokeball, F|
|poke|p1|Swoobat, F|
|poke|p2|Regieleki|
|poke|p2|Regieleki|
|poke|p2|Regieleki|
|poke|p2|Regieleki|
|poke|p2|Regieleki|
|poke|p2|Regieleki|
|teampreview
|inactive|Battle timer is ON: inactive players will automatically lose when time's up. (requested by KO-lloid)
|inactive|C0ld as Ice also wants the timer to be on.
|
|t:|1646894202
|start
|switch|p1a: Aerodactyl|Aerodactyl, M|100/100
|switch|p2a: Regieleki|Regieleki, shiny|100/100
|-ability|p1a: Aerodactyl|Unnerve
|turn|1
|
|t:|1646894210
|move|p2a: Regieleki|Electro Ball|p1a: Aerodactyl
|-supereffective|p1a: Aerodactyl
|-enditem|p1a: Aerodactyl|Focus Sash
|-damage|p1a: Aerodactyl|1/100
|move|p1a: Aerodactyl|Rock Tomb|p2a: Regieleki
|-damage|p2a: Regieleki|57/100
|-unboost|p2a: Regieleki|spe|1
|
|upkeep
|turn|2
|
|t:|1646894237
|move|p2a: Regieleki|Electro Ball|p1a: Aerodactyl
|-supereffective|p1a: Aerodactyl
|-damage|p1a: Aerodactyl|0 fnt
|faint|p1a: Aerodactyl
|
|upkeep
|inactive|C0ld as Ice has 120 seconds left.
|
|t:|1646894251
|switch|p1a: Salamence|Salamence, F|100/100
|turn|3
|
|t:|1646894255
|-start|p1a: Salamence|Dynamax
|-heal|p1a: Salamence|100/100|[silent]
|move|p2a: Regieleki|Electro Ball|p1a: Salamence
|-damage|p1a: Salamence|75/100
|move|p1a: Salamence|Max Airstream|p2a: Regieleki
|-resisted|p2a: Regieleki
|-damage|p2a: Regieleki|0 fnt
|-boost|p1a: Salamence|spe|1
|faint|p2a: Regieleki
|-ability|p1a: Salamence|Moxie|boost
|-boost|p1a: Salamence|atk|1
|
|upkeep
|
|t:|1646894262
|switch|p2a: Regieleki|Regieleki, shiny|100/100
|turn|4
|inactive|C0ld as Ice has 120 seconds left.
|inactive|C0ld as Ice has 90 seconds left.
|
|t:|1646894319
|move|p2a: Regieleki|Electro Ball|p1a: Salamence
|-damage|p1a: Salamence|51/100
|move|p1a: Salamence|Max Quake|p2a: Regieleki
|-supereffective|p2a: Regieleki
|-damage|p2a: Regieleki|0 fnt
|-boost|p1a: Salamence|spd|1
|faint|p2a: Regieleki
|-ability|p1a: Salamence|Moxie|boost
|-boost|p1a: Salamence|atk|1
|
|upkeep
|
|t:|1646894323
|switch|p2a: Regieleki|Regieleki, shiny|100/100
|turn|5
|inactive|C0ld as Ice has 90 seconds left.
|
|t:|1646894357
|-start|p2a: Regieleki|Dynamax
|-heal|p2a: Regieleki|100/100|[silent]
|move|p2a: Regieleki|Max Lightning|p1a: Salamence
|-damage|p1a: Salamence|14/100
|-fieldstart|move: Electric Terrain
|move|p1a: Salamence|Max Airstream|p2a: Regieleki
|-resisted|p2a: Regieleki
|-damage|p2a: Regieleki|27/100
|-boost|p1a: Salamence|spe|1
|
|-end|p1a: Salamence|Dynamax
|-heal|p1a: Salamence|14/100|[silent]
|upkeep
|turn|6
|
|t:|1646894363
|move|p1a: Salamence|Earthquake|p2a: Regieleki
|-supereffective|p2a: Regieleki
|-damage|p2a: Regieleki|0 fnt
|faint|p2a: Regieleki
|-ability|p1a: Salamence|Moxie|boost
|-boost|p1a: Salamence|atk|1
|
|upkeep
|
|t:|1646894366
|switch|p2a: Regieleki|Regieleki, shiny|100/100
|turn|7
|inactive|C0ld as Ice has 90 seconds left.
|inactive|C0ld as Ice has 60 seconds left.
|
|t:|1646894410
|move|p2a: Regieleki|Electro Ball|p1a: Salamence
|-damage|p1a: Salamence|0 fnt
|faint|p1a: Salamence
|
|upkeep
|-message|C0ld as Ice forfeited.
|
|win|KO-lloid
|raw|C0ld as Ice's rating: 1215 &rarr; <strong>1195</strong><br />(-20 for losing)
|raw|KO-lloid's rating: 1281 &rarr; <strong>1301</strong><br />(+20 for winning)
|l|☆C0ld as Ice
