|j|☆lemoncell0
|j|☆PekPicPek
|t:|1663217705
|gametype|singles
|player|p1|lemoncell0|allister|1841
|player|p2|PekPicPek|chuck|1695
|teamsize|p1|6
|teamsize|p2|6
|gen|8
|tier|[Gen 8] National Dex AG
|rated|
|rule|HP Percentage Mod: HP is shown in percentages
|rule|Endless Battle Clause: Forcing endless battles is banned
|clearpoke
|poke|p1|Gothitelle, F|
|poke|p1|Diancie|
|poke|p1|Quagsire, F|
|poke|p1|Tyranitar, F|
|poke|p1|Blissey, F|
|poke|p1|Zacian-*|
|poke|p2|Weavile, M|
|poke|p2|Urshifu-*, F|
|poke|p2|Scizor, M|
|poke|p2|Landorus-Therian, M|
|poke|p2|Deoxys-Attack|
|poke|p2|Ho-Oh|
|teampreview
|
|t:|1663217731
|start
|switch|p1a: Zacian|Zacian-Crowned|100/100
|switch|p2a: Does not Have Jet|Urshifu, F|100/100
|-ability|p1a: Zacian|Intrepid Sword|boost
|-boost|p1a: Zacian|atk|1
|turn|1
|inactive|Battle timer is ON: inactive players will automatically lose when time's up. (requested by lemoncell0)
|
|t:|1663217742
|switch|p2a: Scizor|Scizor, M|100/100
|move|p1a: Zacian|Play Rough|p2a: Scizor
|-resisted|p2a: Scizor
|-damage|p2a: Scizor|65/100
|
|upkeep
|turn|2
|
|t:|1663217745
|detailschange|p2a: Scizor|Scizor-Mega, M
|-mega|p2a: Scizor|Scizor|Scizorite
|move|p1a: Zacian|Behemoth Blade|p2a: Scizor
|-resisted|p2a: Scizor
|-damage|p2a: Scizor|34/100
|move|p2a: Scizor|Roost|p2a: Scizor
|-heal|p2a: Scizor|84/100
|-singleturn|p2a: Scizor|move: Roost
|
|upkeep
|turn|3
|
|t:|1663217752
|switch|p1a: Gothitelle|Gothitelle, F|100/100
|move|p2a: Scizor|Knock Off|p1a: Gothitelle
|-supereffective|p1a: Gothitelle
|-damage|p1a: Gothitelle|66/100
|
|upkeep
|turn|4
|
|t:|1663217758
|-zpower|p1a: Gothitelle
|move|p1a: Gothitelle|Z-Charm|p2a: Scizor|[anim]Charm
|-boost|p1a: Gothitelle|def|1|[zeffect]
|-unboost|p2a: Scizor|atk|2
|move|p2a: Scizor|Knock Off|p1a: Gothitelle
|-supereffective|p1a: Gothitelle
|-damage|p1a: Gothitelle|53/100
|
|upkeep
|turn|5
|
|t:|1663217761
|move|p1a: Gothitelle|Taunt|p2a: Scizor
|-start|p2a: Scizor|move: Taunt
|move|p2a: Scizor|Knock Off|p1a: Gothitelle
|-supereffective|p1a: Gothitelle
|-damage|p1a: Gothitelle|41/100
|
|upkeep
|turn|6
|
|t:|1663217763
|move|p1a: Gothitelle|Rest|p1a: Gothitelle
|-status|p1a: Gothitelle|slp|[from] move: Rest
|-heal|p1a: Gothitelle|100/100 slp|[silent]
|move|p2a: Scizor|Knock Off|p1a: Gothitelle
|-supereffective|p1a: Gothitelle
|-damage|p1a: Gothitelle|88/100 slp
|
|upkeep
|turn|7
|
|t:|1663217765
|cant|p1a: Gothitelle|slp
|move|p2a: Scizor|Knock Off|p1a: Gothitelle
|-supereffective|p1a: Gothitelle
|-damage|p1a: Gothitelle|75/100 slp
|
|-end|p2a: Scizor|move: Taunt
|upkeep
|turn|8
|j| Leafstorm121❤
|
|t:|1663217772
|cant|p1a: Gothitelle|slp
|move|p2a: Scizor|Swords Dance|p2a: Scizor
|-boost|p2a: Scizor|atk|2
|
|upkeep
|turn|9
|
|t:|1663217775
|-curestatus|p1a: Gothitelle|slp|[msg]
|move|p1a: Gothitelle|Charm|p2a: Scizor
|-unboost|p2a: Scizor|atk|2
|move|p2a: Scizor|Knock Off|p1a: Gothitelle
|-supereffective|p1a: Gothitelle
|-damage|p1a: Gothitelle|64/100
|
|upkeep
|turn|10
|
|t:|1663217779
|move|p1a: Gothitelle|Charm|p2a: Scizor
|-unboost|p2a: Scizor|atk|2
|move|p2a: Scizor|Swords Dance|p2a: Scizor
|-boost|p2a: Scizor|atk|2
|
|upkeep
|turn|11
|
|t:|1663217780
|move|p1a: Gothitelle|Charm|p2a: Scizor
|-unboost|p2a: Scizor|atk|2
|move|p2a: Scizor|Swords Dance|p2a: Scizor
|-boost|p2a: Scizor|atk|2
|
|upkeep
|turn|12
|
|t:|1663217786
|move|p1a: Gothitelle|Taunt|p2a: Scizor
|-start|p2a: Scizor|move: Taunt
|cant|p2a: Scizor|move: Taunt|Swords Dance
|
|upkeep
|turn|13
|
|t:|1663217787
|move|p2a: Scizor|Bullet Punch|p1a: Gothitelle
|-damage|p1a: Gothitelle|56/100
|move|p1a: Gothitelle|Charm|p2a: Scizor
|-unboost|p2a: Scizor|atk|2
|
|upkeep
|turn|14
|
|t:|1663217789
|move|p2a: Scizor|Bullet Punch|p1a: Gothitelle
|-damage|p1a: Gothitelle|50/100
|move|p1a: Gothitelle|Charm|p2a: Scizor
|-unboost|p2a: Scizor|atk|2
|
|-end|p2a: Scizor|move: Taunt
|upkeep
|turn|15
|
|t:|1663217792
|move|p1a: Gothitelle|Taunt|p2a: Scizor
|-start|p2a: Scizor|move: Taunt
|move|p2a: Scizor|Knock Off|p1a: Gothitelle
|-supereffective|p1a: Gothitelle
|-damage|p1a: Gothitelle|45/100
|
|upkeep
|turn|16
|
|t:|1663217793
|move|p2a: Scizor|Bullet Punch|p1a: Gothitelle
|-damage|p1a: Gothitelle|40/100
|move|p1a: Gothitelle|Cosmic Power|p1a: Gothitelle
|-boost|p1a: Gothitelle|def|1
|-boost|p1a: Gothitelle|spd|1
|
|upkeep
|turn|17
|
|t:|1663217796
|move|p2a: Scizor|Bullet Punch|p1a: Gothitelle
|-damage|p1a: Gothitelle|37/100
|move|p1a: Gothitelle|Cosmic Power|p1a: Gothitelle
|-boost|p1a: Gothitelle|def|1
|-boost|p1a: Gothitelle|spd|1
|
|-end|p2a: Scizor|move: Taunt
|upkeep
|turn|18
|
|t:|1663217800
|move|p1a: Gothitelle|Taunt|p2a: Scizor
|-start|p2a: Scizor|move: Taunt
|cant|p2a: Scizor|move: Taunt|Swords Dance
|
|upkeep
|turn|19
|
|t:|1663217802
|move|p1a: Gothitelle|Rest|p1a: Gothitelle
|-status|p1a: Gothitelle|slp|[from] move: Rest
|-heal|p1a: Gothitelle|100/100 slp|[silent]
|move|p2a: Scizor|Knock Off|p1a: Gothitelle
|-supereffective|p1a: Gothitelle
|-damage|p1a: Gothitelle|97/100 slp
|
|upkeep
|turn|20
|
|t:|1663217807
|cant|p1a: Gothitelle|slp
|move|p2a: Scizor|Knock Off|p1a: Gothitelle
|-supereffective|p1a: Gothitelle
|-damage|p1a: Gothitelle|93/100 slp
|
|-end|p2a: Scizor|move: Taunt
|upkeep
|turn|21
|
|t:|1663217809
|cant|p1a: Gothitelle|slp
|move|p2a: Scizor|Swords Dance|p2a: Scizor
|-boost|p2a: Scizor|atk|2
|
|upkeep
|turn|22
|
|t:|1663217811
|move|p2a: Scizor|Bullet Punch|p1a: Gothitelle
|-damage|p1a: Gothitelle|90/100 slp
|-curestatus|p1a: Gothitelle|slp|[msg]
|move|p1a: Gothitelle|Taunt|p2a: Scizor
|-start|p2a: Scizor|move: Taunt
|
|upkeep
|turn|23
|
|t:|1663217813
|move|p2a: Scizor|Bullet Punch|p1a: Gothitelle
|-damage|p1a: Gothitelle|87/100
|move|p1a: Gothitelle|Charm|p2a: Scizor
|-unboost|p2a: Scizor|atk|2
|
|upkeep
|turn|24
|
|t:|1663217815
|move|p2a: Scizor|Bullet Punch|p1a: Gothitelle
|-damage|p1a: Gothitelle|84/100
|move|p1a: Gothitelle|Cosmic Power|p1a: Gothitelle
|-boost|p1a: Gothitelle|def|1
|-boost|p1a: Gothitelle|spd|1
|
|upkeep
|turn|25
|
|t:|1663217816
|move|p2a: Scizor|Bullet Punch|p1a: Gothitelle
|-damage|p1a: Gothitelle|82/100
|move|p1a: Gothitelle|Cosmic Power|p1a: Gothitelle
|-boost|p1a: Gothitelle|def|1
|-boost|p1a: Gothitelle|spd|1
|
|-end|p2a: Scizor|move: Taunt
|upkeep
|turn|26
|
|t:|1663217817
|move|p2a: Scizor|Bullet Punch|p1a: Gothitelle
|-damage|p1a: Gothitelle|80/100
|move|p1a: Gothitelle|Taunt|p2a: Scizor
|-start|p2a: Scizor|move: Taunt
|
|upkeep
|turn|27
|
|t:|1663217818
|move|p2a: Scizor|Bullet Punch|p1a: Gothitelle
|-damage|p1a: Gothitelle|78/100
|move|p1a: Gothitelle|Cosmic Power|p1a: Gothitelle
|-boost|p1a: Gothitelle|def|1
|-boost|p1a: Gothitelle|spd|1
|
|upkeep
|turn|28
|
|t:|1663217821
|move|p2a: Scizor|Bullet Punch|p1a: Gothitelle
|-damage|p1a: Gothitelle|75/100
|move|p1a: Gothitelle|Cosmic Power|p1a: Gothitelle
|-boost|p1a: Gothitelle|def|0
|-boost|p1a: Gothitelle|spd|1
|
|upkeep
|turn|29
|
|t:|1663217823
|move|p2a: Scizor|Bullet Punch|p1a: Gothitelle
|-damage|p1a: Gothitelle|74/100
|move|p1a: Gothitelle|Cosmic Power|p1a: Gothitelle
|-boost|p1a: Gothitelle|def|0
|-boost|p1a: Gothitelle|spd|0
|
|-end|p2a: Scizor|move: Taunt
|upkeep
|turn|30
|
|t:|1663217824
|move|p2a: Scizor|Bullet Punch|p1a: Gothitelle
|-damage|p1a: Gothitelle|72/100
|move|p1a: Gothitelle|Taunt|p2a: Scizor
|-start|p2a: Scizor|move: Taunt
|
|upkeep
|turn|31
|
|t:|1663217826
|move|p2a: Scizor|Bullet Punch|p1a: Gothitelle
|-damage|p1a: Gothitelle|70/100
|move|p1a: Gothitelle|Rest|p1a: Gothitelle
|-status|p1a: Gothitelle|slp|[from] move: Rest
|-heal|p1a: Gothitelle|100/100 slp|[silent]
|
|upkeep
|turn|32
|
|t:|1663217828
|move|p2a: Scizor|Bullet Punch|p1a: Gothitelle
|-damage|p1a: Gothitelle|99/100 slp
|cant|p1a: Gothitelle|slp
|
|upkeep
|turn|33
|
|t:|1663217829
|move|p2a: Scizor|Bullet Punch|p1a: Gothitelle
|-damage|p1a: Gothitelle|97/100 slp
|cant|p1a: Gothitelle|slp
|
|-end|p2a: Scizor|move: Taunt
|upkeep
|turn|34
|
|t:|1663217830
|move|p2a: Scizor|Bullet Punch|p1a: Gothitelle
|-damage|p1a: Gothitelle|95/100 slp
|-curestatus|p1a: Gothitelle|slp|[msg]
|move|p1a: Gothitelle|Taunt|p2a: Scizor
|-start|p2a: Scizor|move: Taunt
|
|upkeep
|turn|35
|
|t:|1663217832
|move|p2a: Scizor|Bullet Punch|p1a: Gothitelle
|-damage|p1a: Gothitelle|94/100
|move|p1a: Gothitelle|Rest|p1a: Gothitelle
|-status|p1a: Gothitelle|slp|[from] move: Rest
|-heal|p1a: Gothitelle|100/100 slp|[silent]
|
|upkeep
|turn|36
|
|t:|1663217834
|move|p2a: Scizor|Bullet Punch|p1a: Gothitelle
|-damage|p1a: Gothitelle|99/100 slp
|cant|p1a: Gothitelle|slp
|
|upkeep
|turn|37
|
|t:|1663217834
|move|p2a: Scizor|Bullet Punch|p1a: Gothitelle
|-damage|p1a: Gothitelle|97/100 slp
|cant|p1a: Gothitelle|slp
|
|-end|p2a: Scizor|move: Taunt
|upkeep
|turn|38
|
|t:|1663217835
|move|p2a: Scizor|Bullet Punch|p1a: Gothitelle
|-damage|p1a: Gothitelle|95/100 slp
|-curestatus|p1a: Gothitelle|slp|[msg]
|move|p1a: Gothitelle|Taunt|p2a: Scizor
|-start|p2a: Scizor|move: Taunt
|
|upkeep
|turn|39
|
|t:|1663217837
|move|p2a: Scizor|Bullet Punch|p1a: Gothitelle
|-damage|p1a: Gothitelle|94/100
|move|p1a: Gothitelle|Charm|p2a: Scizor
|-unboost|p2a: Scizor|atk|0
|
|upkeep
|turn|40
|
|t:|1663217839
|move|p2a: Scizor|Bullet Punch|p1a: Gothitelle
|-damage|p1a: Gothitelle|92/100
|move|p1a: Gothitelle|Cosmic Power|p1a: Gothitelle
|-boost|p1a: Gothitelle|def|0
|-boost|p1a: Gothitelle|spd|0
|
|upkeep
|turn|41
|
|t:|1663217840
|move|p2a: Scizor|Bullet Punch|p1a: Gothitelle
|-damage|p1a: Gothitelle|90/100
|move|p1a: Gothitelle|Charm|p2a: Scizor
|-unboost|p2a: Scizor|atk|0
|
|-end|p2a: Scizor|move: Taunt
|upkeep
|turn|42
|
|t:|1663217841
|move|p2a: Scizor|Bullet Punch|p1a: Gothitelle
|-damage|p1a: Gothitelle|88/100
|move|p1a: Gothitelle|Taunt|p2a: Scizor
|-start|p2a: Scizor|move: Taunt
|
|upkeep
|turn|43
|
|t:|1663217842
|move|p2a: Scizor|Bullet Punch|p1a: Gothitelle
|-damage|p1a: Gothitelle|87/100
|move|p1a: Gothitelle|Cosmic Power|p1a: Gothitelle
|-boost|p1a: Gothitelle|def|0
|-boost|p1a: Gothitelle|spd|0
|
|upkeep
|turn|44
|
|t:|1663217843
|move|p2a: Scizor|Bullet Punch|p1a: Gothitelle
|-damage|p1a: Gothitelle|85/100
|move|p1a: Gothitelle|Charm|p2a: Scizor
|-unboost|p2a: Scizor|atk|0
|
|upkeep
|turn|45
|
|t:|1663217844
|move|p2a: Scizor|Bullet Punch|p1a: Gothitelle
|-damage|p1a: Gothitelle|83/100
|move|p1a: Gothitelle|Cosmic Power|p1a: Gothitelle
|-boost|p1a: Gothitelle|def|0
|-boost|p1a: Gothitelle|spd|0
|
|-end|p2a: Scizor|move: Taunt
|upkeep
|turn|46
|
|t:|1663217845
|move|p2a: Scizor|Bullet Punch|p1a: Gothitelle
|-damage|p1a: Gothitelle|81/100
|move|p1a: Gothitelle|Taunt|p2a: Scizor
|-start|p2a: Scizor|move: Taunt
|
|upkeep
|turn|47
|
|t:|1663217847
|move|p1a: Gothitelle|Charm|p2a: Scizor
|-unboost|p2a: Scizor|atk|0
|move|p2a: Scizor|Knock Off|p1a: Gothitelle
|-supereffective|p1a: Gothitelle
|-damage|p1a: Gothitelle|79/100
|
|upkeep
|turn|48
|
|t:|1663217848
|move|p2a: Scizor|Bullet Punch|p1a: Gothitelle
|-damage|p1a: Gothitelle|77/100
|move|p1a: Gothitelle|Cosmic Power|p1a: Gothitelle
|-boost|p1a: Gothitelle|def|0
|-boost|p1a: Gothitelle|spd|0
|
|upkeep
|turn|49
|
|t:|1663217849
|move|p1a: Gothitelle|Charm|p2a: Scizor
|-unboost|p2a: Scizor|atk|0
|move|p2a: Scizor|Knock Off|p1a: Gothitelle
|-supereffective|p1a: Gothitelle
|-damage|p1a: Gothitelle|75/100
|
|-end|p2a: Scizor|move: Taunt
|upkeep
|turn|50
|
|t:|1663217850
|move|p1a: Gothitelle|Taunt|p2a: Scizor
|-start|p2a: Scizor|move: Taunt
|move|p2a: Scizor|Knock Off|p1a: Gothitelle
|-supereffective|p1a: Gothitelle
|-damage|p1a: Gothitelle|72/100
|
|upkeep
|turn|51
|
|t:|1663217852
|move|p2a: Scizor|Bullet Punch|p1a: Gothitelle
|-damage|p1a: Gothitelle|71/100
|move|p1a: Gothitelle|Rest|p1a: Gothitelle
|-status|p1a: Gothitelle|slp|[from] move: Rest
|-heal|p1a: Gothitelle|100/100 slp|[silent]
|
|upkeep
|turn|52
|
|t:|1663217853
|cant|p1a: Gothitelle|slp
|move|p2a: Scizor|Knock Off|p1a: Gothitelle
|-supereffective|p1a: Gothitelle
|-damage|p1a: Gothitelle|98/100 slp
|
|-end|p2a: Scizor|move: Taunt
|upkeep
|turn|53
|
|t:|1663217855
|move|p2a: Scizor|Bullet Punch|p1a: Gothitelle
|-damage|p1a: Gothitelle|96/100 slp
|cant|p1a: Gothitelle|slp
|
|upkeep
|turn|54
|
|t:|1663217856
|-curestatus|p1a: Gothitelle|slp|[msg]
|move|p1a: Gothitelle|Taunt|p2a: Scizor
|-start|p2a: Scizor|move: Taunt
|move|p2a: Scizor|Knock Off|p1a: Gothitelle
|-supereffective|p1a: Gothitelle
|-damage|p1a: Gothitelle|93/100
|
|upkeep
|turn|55
|
|t:|1663217858
|move|p1a: Gothitelle|Charm|p2a: Scizor
|-unboost|p2a: Scizor|atk|0
|move|p2a: Scizor|Knock Off|p1a: Gothitelle
|-supereffective|p1a: Gothitelle
|-damage|p1a: Gothitelle|91/100
|
|upkeep
|turn|56
|
|t:|1663217861
|move|p2a: Scizor|Bullet Punch|p1a: Gothitelle
|-damage|p1a: Gothitelle|89/100
|move|p1a: Gothitelle|Cosmic Power|p1a: Gothitelle
|-boost|p1a: Gothitelle|def|0
|-boost|p1a: Gothitelle|spd|0
|
|-end|p2a: Scizor|move: Taunt
|upkeep
|turn|57
|
|t:|1663217862
|move|p1a: Gothitelle|Cosmic Power|p1a: Gothitelle
|-boost|p1a: Gothitelle|def|0
|-boost|p1a: Gothitelle|spd|0
|move|p2a: Scizor|Knock Off|p1a: Gothitelle
|-supereffective|p1a: Gothitelle
|-damage|p1a: Gothitelle|87/100
|
|upkeep
|turn|58
|
|t:|1663217864
|move|p1a: Gothitelle|Taunt|p2a: Scizor
|-start|p2a: Scizor|move: Taunt
|move|p2a: Scizor|Knock Off|p1a: Gothitelle
|-supereffective|p1a: Gothitelle
|-damage|p1a: Gothitelle|85/100
|
|upkeep
|turn|59
|
|t:|1663217865
|move|p2a: Scizor|Bullet Punch|p1a: Gothitelle
|-damage|p1a: Gothitelle|83/100
|move|p1a: Gothitelle|Charm|p2a: Scizor
|-unboost|p2a: Scizor|atk|0
|
|upkeep
|turn|60
|
|t:|1663217866
|move|p1a: Gothitelle|Cosmic Power|p1a: Gothitelle
|-boost|p1a: Gothitelle|def|0
|-boost|p1a: Gothitelle|spd|0
|move|p2a: Scizor|Knock Off|p1a: Gothitelle
|-supereffective|p1a: Gothitelle
|-damage|p1a: Gothitelle|80/100
|
|-end|p2a: Scizor|move: Taunt
|upkeep
|turn|61
|
|t:|1663217867
|move|p1a: Gothitelle|Taunt|p2a: Scizor
|-start|p2a: Scizor|move: Taunt
|move|p2a: Scizor|Knock Off|p1a: Gothitelle
|-supereffective|p1a: Gothitelle
|-damage|p1a: Gothitelle|78/100
|
|upkeep
|turn|62
|
|t:|1663217868
|move|p1a: Gothitelle|Charm|p2a: Scizor
|-unboost|p2a: Scizor|atk|0
|move|p2a: Scizor|Knock Off|p1a: Gothitelle
|-supereffective|p1a: Gothitelle
|-damage|p1a: Gothitelle|76/100
|
|upkeep
|turn|63
|
|t:|1663217870
|move|p1a: Gothitelle|Cosmic Power|p1a: Gothitelle
|-boost|p1a: Gothitelle|def|0
|-boost|p1a: Gothitelle|spd|0
|move|p2a: Scizor|Knock Off|p1a: Gothitelle
|-supereffective|p1a: Gothitelle
|-damage|p1a: Gothitelle|73/100
|
|-end|p2a: Scizor|move: Taunt
|upkeep
|turn|64
|
|t:|1663217871
|move|p2a: Scizor|Bullet Punch|p1a: Gothitelle
|-damage|p1a: Gothitelle|72/100
|move|p1a: Gothitelle|Taunt|p2a: Scizor
|-start|p2a: Scizor|move: Taunt
|
|upkeep
|turn|65
|
|t:|1663217872
|move|p1a: Gothitelle|Charm|p2a: Scizor
|-unboost|p2a: Scizor|atk|0
|move|p2a: Scizor|Knock Off|p1a: Gothitelle
|-supereffective|p1a: Gothitelle
|-damage|p1a: Gothitelle|69/100
|
|upkeep
|turn|66
|
|t:|1663217873
|move|p1a: Gothitelle|Cosmic Power|p1a: Gothitelle
|-boost|p1a: Gothitelle|def|0
|-boost|p1a: Gothitelle|spd|0
|move|p2a: Scizor|Knock Off|p1a: Gothitelle
|-supereffective|p1a: Gothitelle
|-crit|p1a: Gothitelle
|-damage|p1a: Gothitelle|16/100
|
|upkeep
|turn|67
|
|t:|1663217875
|move|p1a: Gothitelle|Rest|p1a: Gothitelle
|-status|p1a: Gothitelle|slp|[from] move: Rest
|-heal|p1a: Gothitelle|100/100 slp|[silent]
|move|p2a: Scizor|Knock Off|p1a: Gothitelle
|-supereffective|p1a: Gothitelle
|-damage|p1a: Gothitelle|98/100 slp
|
|-end|p2a: Scizor|move: Taunt
|upkeep
|turn|68
|
|t:|1663217877
|cant|p1a: Gothitelle|slp
|move|p2a: Scizor|Knock Off|p1a: Gothitelle
|-supereffective|p1a: Gothitelle
|-damage|p1a: Gothitelle|96/100 slp
|
|upkeep
|turn|69
|
|t:|1663217879
|cant|p1a: Gothitelle|slp
|move|p2a: Scizor|Knock Off|p1a: Gothitelle
|-supereffective|p1a: Gothitelle
|-damage|p1a: Gothitelle|94/100 slp
|
|upkeep
|turn|70
|
|t:|1663217880
|-curestatus|p1a: Gothitelle|slp|[msg]
|move|p1a: Gothitelle|Taunt|p2a: Scizor
|-start|p2a: Scizor|move: Taunt
|move|p2a: Scizor|Knock Off|p1a: Gothitelle
|-supereffective|p1a: Gothitelle
|-damage|p1a: Gothitelle|91/100
|
|upkeep
|turn|71
|
|t:|1663217883
|move|p2a: Scizor|Bullet Punch|p1a: Gothitelle
|-damage|p1a: Gothitelle|89/100
|move|p1a: Gothitelle|Rest|p1a: Gothitelle
|-status|p1a: Gothitelle|slp|[from] move: Rest
|-heal|p1a: Gothitelle|100/100 slp|[silent]
|
|upkeep
|turn|72
|
|t:|1663217885
|cant|p1a: Gothitelle|slp
|move|p2a: Scizor|Knock Off|p1a: Gothitelle
|-supereffective|p1a: Gothitelle
|-damage|p1a: Gothitelle|98/100 slp
|
|-end|p2a: Scizor|move: Taunt
|upkeep
|turn|73
|
|t:|1663217886
|cant|p1a: Gothitelle|slp
|move|p2a: Scizor|Knock Off|p1a: Gothitelle
|-supereffective|p1a: Gothitelle
|-damage|p1a: Gothitelle|96/100 slp
|
|upkeep
|turn|74
|
|t:|1663217887
|-curestatus|p1a: Gothitelle|slp|[msg]
|move|p1a: Gothitelle|Taunt|p2a: Scizor
|-start|p2a: Scizor|move: Taunt
|move|p2a: Scizor|Knock Off|p1a: Gothitelle
|-supereffective|p1a: Gothitelle
|-damage|p1a: Gothitelle|94/100
|
|upkeep
|turn|75
|
|t:|1663217888
|move|p1a: Gothitelle|Cosmic Power|p1a: Gothitelle
|-boost|p1a: Gothitelle|def|0
|-boost|p1a: Gothitelle|spd|0
|move|p2a: Scizor|Knock Off|p1a: Gothitelle
|-supereffective|p1a: Gothitelle
|-damage|p1a: Gothitelle|91/100
|
|upkeep
|turn|76
|
|t:|1663217889
|move|p2a: Scizor|Bullet Punch|p1a: Gothitelle
|-damage|p1a: Gothitelle|89/100
|move|p1a: Gothitelle|Charm|p2a: Scizor
|-unboost|p2a: Scizor|atk|0
|
|-end|p2a: Scizor|move: Taunt
|upkeep
|turn|77
|
|t:|1663217891
|move|p1a: Gothitelle|Taunt|p2a: Scizor
|-start|p2a: Scizor|move: Taunt
|move|p2a: Scizor|Knock Off|p1a: Gothitelle
|-supereffective|p1a: Gothitelle
|-damage|p1a: Gothitelle|87/100
|
|upkeep
|turn|78
|
|t:|1663217892
|move|p2a: Scizor|Bullet Punch|p1a: Gothitelle
|-damage|p1a: Gothitelle|85/100
|move|p1a: Gothitelle|Cosmic Power|p1a: Gothitelle
|-boost|p1a: Gothitelle|def|0
|-boost|p1a: Gothitelle|spd|0
|
|upkeep
|turn|79
|
|t:|1663217895
|move|p2a: Scizor|Bullet Punch|p1a: Gothitelle
|-damage|p1a: Gothitelle|84/100
|move|p1a: Gothitelle|Charm|p2a: Scizor
|-unboost|p2a: Scizor|atk|0
|
|-end|p2a: Scizor|move: Taunt
|upkeep
|turn|80
|
|t:|1663217897
|move|p2a: Scizor|Bullet Punch|p1a: Gothitelle
|-damage|p1a: Gothitelle|82/100
|move|p1a: Gothitelle|Taunt|p2a: Scizor
|-start|p2a: Scizor|move: Taunt
|
|upkeep
|turn|81
|
|t:|1663217899
|move|p2a: Scizor|Bullet Punch|p1a: Gothitelle
|-damage|p1a: Gothitelle|80/100
|move|p1a: Gothitelle|Rest|p1a: Gothitelle
|-status|p1a: Gothitelle|slp|[from] move: Rest
|-heal|p1a: Gothitelle|100/100 slp|[silent]
|
|upkeep
|turn|82
|
|t:|1663217901
|move|p2a: Scizor|Bullet Punch|p1a: Gothitelle
|-damage|p1a: Gothitelle|99/100 slp
|cant|p1a: Gothitelle|slp
|
|upkeep
|turn|83
|
|t:|1663217902
|move|p2a: Scizor|Bullet Punch|p1a: Gothitelle
|-damage|p1a: Gothitelle|97/100 slp
|cant|p1a: Gothitelle|slp
|
|-end|p2a: Scizor|move: Taunt
|upkeep
|turn|84
|
|t:|1663217903
|move|p2a: Scizor|Bullet Punch|p1a: Gothitelle
|-damage|p1a: Gothitelle|95/100 slp
|-curestatus|p1a: Gothitelle|slp|[msg]
|move|p1a: Gothitelle|Taunt|p2a: Scizor
|-start|p2a: Scizor|move: Taunt
|
|upkeep
|turn|85
|
|t:|1663217904
|move|p2a: Scizor|Bullet Punch|p1a: Gothitelle
|-damage|p1a: Gothitelle|93/100
|move|p1a: Gothitelle|Rest|p1a: Gothitelle
|-status|p1a: Gothitelle|slp|[from] move: Rest
|-heal|p1a: Gothitelle|100/100 slp|[silent]
|
|upkeep
|turn|86
|
|t:|1663217905
|move|p2a: Scizor|Bullet Punch|p1a: Gothitelle
|-damage|p1a: Gothitelle|99/100 slp
|cant|p1a: Gothitelle|slp
|
|upkeep
|turn|87
|
|t:|1663217906
|move|p2a: Scizor|Bullet Punch|p1a: Gothitelle
|-damage|p1a: Gothitelle|97/100 slp
|cant|p1a: Gothitelle|slp
|
|-end|p2a: Scizor|move: Taunt
|upkeep
|turn|88
|
|t:|1663217907
|move|p2a: Scizor|Bullet Punch|p1a: Gothitelle
|-damage|p1a: Gothitelle|95/100 slp
|-curestatus|p1a: Gothitelle|slp|[msg]
|move|p1a: Gothitelle|Taunt|p2a: Scizor
|-start|p2a: Scizor|move: Taunt
|
|upkeep
|turn|89
|
|t:|1663217908
|move|p1a: Gothitelle|Cosmic Power|p1a: Gothitelle
|-boost|p1a: Gothitelle|def|0
|-boost|p1a: Gothitelle|spd|0
|-activate|p2a: Scizor|move: Struggle
|move|p2a: Scizor|Struggle|p1a: Gothitelle
|-damage|p1a: Gothitelle|94/100
|-damage|p2a: Scizor|59/100|[from] recoil
|
|upkeep
|turn|90
|
|t:|1663217909
|move|p1a: Gothitelle|Charm|p2a: Scizor
|-unboost|p2a: Scizor|atk|0
|-activate|p2a: Scizor|move: Struggle
|move|p2a: Scizor|Struggle|p1a: Gothitelle
|-damage|p1a: Gothitelle|92/100
|-damage|p2a: Scizor|34/100|[from] recoil
|
|upkeep
|turn|91
|
|t:|1663217911
|move|p1a: Gothitelle|Cosmic Power|p1a: Gothitelle
|-boost|p1a: Gothitelle|def|0
|-boost|p1a: Gothitelle|spd|0
|-activate|p2a: Scizor|move: Struggle
|move|p2a: Scizor|Struggle|p1a: Gothitelle
|-damage|p1a: Gothitelle|91/100
|-damage|p2a: Scizor|9/100|[from] recoil
|
|-end|p2a: Scizor|move: Taunt
|upkeep
|turn|92
|
|t:|1663217912
|move|p1a: Gothitelle|Taunt|p2a: Scizor
|-start|p2a: Scizor|move: Taunt
|cant|p2a: Scizor|move: Taunt|Swords Dance
|
|upkeep
|turn|93
|
|t:|1663217914
|move|p1a: Gothitelle|Charm|p2a: Scizor
|-unboost|p2a: Scizor|atk|0
|-activate|p2a: Scizor|move: Struggle
|move|p2a: Scizor|Struggle|p1a: Gothitelle
|-damage|p1a: Gothitelle|89/100
|-damage|p2a: Scizor|0 fnt|[from] recoil
|faint|p2a: Scizor
|
|upkeep
|
|t:|1663217917
|switch|p2a: Does not Have Jet|Urshifu, F|100/100
|turn|94
|
|t:|1663217938
|switch|p1a: Quagsire|Quagsire, F|100/100
|move|p2a: Does not Have Jet|Wicked Blow|p1a: Quagsire
|-crit|p1a: Quagsire
|-damage|p1a: Quagsire|40/100
|-damage|p2a: Does not Have Jet|84/100|[from] item: Rocky Helmet|[of] p1a: Quagsire
|
|upkeep
|turn|95
|
|t:|1663217943
|move|p2a: Does not Have Jet|Wicked Blow|p1a: Quagsire
|-crit|p1a: Quagsire
|-damage|p1a: Quagsire|0 fnt
|-damage|p2a: Does not Have Jet|68/100|[from] item: Rocky Helmet|[of] p1a: Quagsire
|faint|p1a: Quagsire
|
|upkeep
|
|t:|1663217944
|switch|p1a: Zacian|Zacian-Crowned|100/100
|-ability|p1a: Zacian|Intrepid Sword|boost
|-boost|p1a: Zacian|atk|1
|turn|96
|
|t:|1663217947
|switch|p2a: Landorus|Landorus-Therian, M|100/100
|-ability|p2a: Landorus|Intimidate|boost
|-unboost|p1a: Zacian|atk|1
|move|p1a: Zacian|Behemoth Blade|p2a: Landorus
|-damage|p2a: Landorus|24/100
|
|upkeep
|turn|97
|
|t:|1663217955
|switch|p1a: Gothitelle|Gothitelle, F|89/100
|move|p2a: Landorus|Earthquake|p1a: Gothitelle
|-damage|p1a: Gothitelle|48/100
|
|upkeep
|turn|98
|
|t:|1663217964
|-start|p2a: Landorus|Dynamax|
|-heal|p2a: Landorus|24/100|[silent]
|move|p2a: Landorus|Max Flutterby|p1a: Gothitelle
|-supereffective|p1a: Gothitelle
|-damage|p1a: Gothitelle|0 fnt
|faint|p1a: Gothitelle
|
|upkeep
|
|t:|1663217967
|switch|p1a: Zacian|Zacian-Crowned|100/100
|-ability|p1a: Zacian|Intrepid Sword|boost
|-boost|p1a: Zacian|atk|1
|turn|99
|
|t:|1663217969
|-end|p2a: Landorus|Dynamax
|-heal|p2a: Landorus|24/100|[silent]
|switch|p2a: Ho-Oh|Ho-Oh|100/100
|move|p1a: Zacian|Behemoth Blade|p2a: Ho-Oh
|-resisted|p2a: Ho-Oh
|-damage|p2a: Ho-Oh|52/100
|
|upkeep
|turn|100
|
|t:|1663217979
|move|p1a: Zacian|Wild Charge|p2a: Ho-Oh
|-supereffective|p2a: Ho-Oh
|-damage|p2a: Ho-Oh|0 fnt
|faint|p2a: Ho-Oh
|-damage|p1a: Zacian|84/100|[from] Recoil
|
|upkeep
|
|t:|1663217982
|switch|p2a: Landorus|Landorus-Therian, M|24/100
|-ability|p2a: Landorus|Intimidate|boost
|-unboost|p1a: Zacian|atk|1
|turn|101
|
|t:|1663217987
|move|p2a: Landorus|Earthquake|p1a: Zacian
|-supereffective|p1a: Zacian
|-damage|p1a: Zacian|0 fnt
|faint|p1a: Zacian
|
|upkeep
|
|t:|1663217990
|switch|p1a: Diancie|Diancie|100/100
|turn|102
|
|t:|1663217992
|detailschange|p1a: Diancie|Diancie-Mega
|-mega|p1a: Diancie|Diancie|Diancite
|move|p2a: Landorus|Earthquake|p1a: Diancie
|-supereffective|p1a: Diancie
|-damage|p1a: Diancie|0 fnt
|faint|p1a: Diancie
|
|upkeep
|
|t:|1663217994
|switch|p1a: Blissey|Blissey, F|100/100
|turn|103
|
|t:|1663217999
|move|p2a: Landorus|Earthquake|p1a: Blissey
|-damage|p1a: Blissey|47/100
|move|p1a: Blissey|Seismic Toss|p2a: Landorus
|-damage|p2a: Landorus|0 fnt
|faint|p2a: Landorus
|
|upkeep
|
|t:|1663218003
|switch|p2a: Does not Have Jet|Urshifu, F|68/100
|turn|104
|
|t:|1663218008
|move|p2a: Does not Have Jet|Close Combat|p1a: Blissey
|-supereffective|p1a: Blissey
|-damage|p1a: Blissey|0 fnt
|-unboost|p2a: Does not Have Jet|def|1
|-unboost|p2a: Does not Have Jet|spd|1
|faint|p1a: Blissey
|
|upkeep
|-message|lemoncell0 forfeited.
|
|win|PekPicPek
|raw|lemoncell0's rating: 1841 &rarr; <strong>1813</strong><br />(-28 for losing)
|raw|PekPicPek's rating: 1695 &rarr; <strong>1723</strong><br />(+28 for winning)
|l|☆lemoncell0
