|j|☆TemmieUndertwale
|j|☆showdownplayer#1
|t:|1663474584
|gametype|singles
|player|p1|TemmieUndertwale|iris-gen5bw2|
|player|p2|showdownplayer#1|169|
|teamsize|p1|6
|teamsize|p2|6
|gen|8
|tier|[Gen 8] National Dex AG
|rule|HP Percentage Mod: HP is shown in percentages
|rule|Endless Battle Clause: Forcing endless battles is banned
|clearpoke
|poke|p1|Politoed, M|
|poke|p1|Swampert, F|
|poke|p1|Zapdos|
|poke|p1|Lunala|
|poke|p1|Greninja, M|
|poke|p1|Kyurem-Black|
|poke|p2|Weavile, M|
|poke|p2|Lopunny, M|
|poke|p2|Dragapult, M|
|poke|p2|Hoopa-Unbound|
|poke|p2|Genesect|
|poke|p2|Solgaleo|
|teampreview
|inactive|Battle timer is ON: inactive players will automatically lose when time's up. (requested by showdownplayer#1)
|inactive|TemmieUndertwale has 270 seconds left.
|
|t:|1663474644
|start
|switch|p1a: Politoed|Politoed, M|100/100
|switch|p2a: Hoopa|Hoopa-Unbound|100/100
|-weather|RainDance|[from] ability: Drizzle|[of] p1a: Politoed
|turn|1
|
|t:|1663474670
|switch|p1a: KYUBEY|Kyurem-Black|100/100
|-ability|p1a: KYUBEY|Teravolt
|move|p2a: Hoopa|Knock Off|p1a: KYUBEY
|-damage|p1a: KYUBEY|28/100
|-enditem|p1a: KYUBEY|Life Orb|[from] move: Knock Off|[of] p2a: Hoopa
|-damage|p2a: Hoopa|91/100|[from] item: Life Orb
|
|-weather|RainDance|[upkeep]
|upkeep
|turn|2
|
|t:|1663474678
|move|p1a: KYUBEY|Outrage|p2a: Hoopa
|-damage|p2a: Hoopa|0 fnt
|faint|p2a: Hoopa
|
|-weather|RainDance|[upkeep]
|upkeep
|
|t:|1663474684
|switch|p2a: Solgaleo|Solgaleo|100/100
|turn|3
|
|t:|1663474689
|move|p2a: Solgaleo|Future Sight|p1a: KYUBEY
|-start|p2a: Solgaleo|move: Future Sight
|move|p1a: KYUBEY|Outrage|p2a: Solgaleo|[from]lockedmove
|-resisted|p2a: Solgaleo
|-damage|p2a: Solgaleo|67/100
|-start|p1a: KYUBEY|confusion|[fatigue]
|
|-weather|RainDance|[upkeep]
|upkeep
|turn|4
|c|☆TemmieUndertwale|rupt has shit coverage
|
|t:|1663474697
|move|p2a: Solgaleo|Sunsteel Strike|p1a: KYUBEY
|-supereffective|p1a: KYUBEY
|-damage|p1a: KYUBEY|0 fnt
|faint|p1a: KYUBEY
|
|-weather|RainDance|[upkeep]
|upkeep
|
|t:|1663474703
|switch|p1a: Greninja|Greninja, M|100/100
|turn|5
|
|t:|1663474707
|move|p1a: Greninja|Dark Pulse|p2a: Solgaleo
|-supereffective|p2a: Solgaleo
|-enditem|p2a: Solgaleo|Colbur Berry|[eat]
|-enditem|p2a: Solgaleo|Colbur Berry|[weaken]
|-damage|p2a: Solgaleo|14/100
|move|p2a: Solgaleo|Teleport|p2a: Solgaleo
|c|☆TemmieUndertwale|damnit
|
|t:|1663474716
|switch|p2a: Lopunny|Lopunny, M|100/100|[from]move: Teleport
|
|-weather|RainDance|[upkeep]
|-end|p1a: Greninja|move: Future Sight
|-immune|p1a: Greninja
|upkeep
|turn|6
|
|t:|1663474733
|switch|p1a: Lunala|Lunala|100/100
|detailschange|p2a: Lopunny|Lopunny-Mega, M
|-mega|p2a: Lopunny|Lopunny|Lopunnite
|move|p2a: Lopunny|Frustration|p1a: Lunala
|-damage|p1a: Lunala|77/100
|
|-weather|RainDance|[upkeep]
|upkeep
|turn|7
|
|t:|1663474738
|switch|p2a: Solgaleo|Solgaleo|14/100
|move|p1a: Lunala|Moonblast|p2a: Solgaleo
|-resisted|p2a: Solgaleo
|-damage|p2a: Solgaleo|0 fnt
|faint|p2a: Solgaleo
|
|-weather|RainDance|[upkeep]
|upkeep
|c|☆TemmieUndertwale|huh.
|
|t:|1663474746
|switch|p2a: Weavile|Weavile, M|100/100
|-ability|p2a: Weavile|Pressure
|turn|8
|
|t:|1663474753
|switch|p1a: Swampert|Swampert, F|100/100
|move|p2a: Weavile|Knock Off|p1a: Swampert
|-damage|p1a: Swampert|52/100
|
|-weather|none
|upkeep
|turn|9
|
|t:|1663474762
|switch|p2a: Genesect|Genesect, shiny|100/100
|-ability|p2a: Genesect|Download|boost
|-boost|p2a: Genesect|atk|1
|switch|p1a: Politoed|Politoed, M|100/100
|-weather|RainDance|[from] ability: Drizzle|[of] p1a: Politoed
|
|-weather|RainDance|[upkeep]
|upkeep
|turn|10
|
|t:|1663474769
|switch|p1a: Zapdos|Zapdos|100/100
|move|p2a: Genesect|Shift Gear|p2a: Genesect
|-boost|p2a: Genesect|spe|2
|-boost|p2a: Genesect|atk|1
|
|-weather|RainDance|[upkeep]
|upkeep
|turn|11
|
|t:|1663474773
|move|p2a: Genesect|Explosion|p1a: Zapdos
|-damage|p1a: Zapdos|0 fnt
|faint|p2a: Genesect
|faint|p1a: Zapdos
|
|-weather|RainDance|[upkeep]
|upkeep
|
|t:|1663474779
|switch|p2a: Lopunny|Lopunny-Mega, M|100/100
|switch|p1a: Lunala|Lunala|77/100
|turn|12
|
|t:|1663474783
|move|p2a: Lopunny|Fake Out|p1a: Lunala
|-damage|p1a: Lunala|60/100
|cant|p1a: Lunala|flinch
|
|-weather|RainDance|[upkeep]
|upkeep
|turn|13
|
|t:|1663474788
|move|p2a: Lopunny|Frustration|p1a: Lunala
|-damage|p1a: Lunala|18/100
|move|p1a: Lunala|Agility|p1a: Lunala
|-boost|p1a: Lunala|spe|2
|
|-weather|RainDance|[upkeep]
|upkeep
|turn|14
|
|t:|1663474799
|switch|p2a: Dragapult|Dragapult, M|100/100
|move|p1a: Lunala|Moonblast|p2a: Dragapult
|-supereffective|p2a: Dragapult
|-damage|p2a: Dragapult|19/100
|
|-weather|RainDance|[upkeep]
|upkeep
|turn|15
|c|☆TemmieUndertwale|ayaya
|
|t:|1663474807
|move|p1a: Lunala|Moonblast|p2a: Dragapult
|-supereffective|p2a: Dragapult
|-damage|p2a: Dragapult|0 fnt
|faint|p2a: Dragapult
|
|-weather|RainDance|[upkeep]
|upkeep
|
|t:|1663474809
|switch|p2a: Lopunny|Lopunny-Mega, M|100/100
|turn|16
|
|t:|1663474824
|move|p2a: Lopunny|Fake Out|p1a: Lunala
|-damage|p1a: Lunala|2/100
|cant|p1a: Lunala|flinch
|
|-weather|none
|upkeep
|turn|17
|
|t:|1663474829
|move|p1a: Lunala|Moonblast|p2a: Lopunny
|-supereffective|p2a: Lopunny
|-damage|p2a: Lopunny|24/100
|move|p2a: Lopunny|Frustration|p1a: Lunala
|-damage|p1a: Lunala|0 fnt
|faint|p1a: Lunala
|
|upkeep
|
|t:|1663474831
|switch|p1a: Politoed|Politoed, M|100/100
|-weather|RainDance|[from] ability: Drizzle|[of] p1a: Politoed
|turn|18
|
|t:|1663474834
|move|p2a: Lopunny|Frustration|p1a: Politoed
|-damage|p1a: Politoed|37/100
|move|p1a: Politoed|Scald|p2a: Lopunny
|-damage|p2a: Lopunny|0 fnt
|faint|p2a: Lopunny
|
|-weather|RainDance|[upkeep]
|upkeep
|
|t:|1663474838
|switch|p2a: Weavile|Weavile, M|100/100
|-ability|p2a: Weavile|Pressure
|turn|19
|c|☆TemmieUndertwale|Rain reigns supreme
|
|t:|1663474845
|move|p2a: Weavile|Triple Axel|p1a: Politoed
|-resisted|p1a: Politoed
|-damage|p1a: Politoed|28/100
|-resisted|p1a: Politoed
|-damage|p1a: Politoed|12/100
|-resisted|p1a: Politoed
|-damage|p1a: Politoed|0 fnt
|faint|p1a: Politoed
|-hitcount|p1: Politoed|3
|
|-weather|RainDance|[upkeep]
|upkeep
|
|t:|1663474847
|switch|p1a: Swampert|Swampert, F|52/100
|turn|20
|
|t:|1663474851
|detailschange|p1a: Swampert|Swampert-Mega, F
|-mega|p1a: Swampert|Swampert|Swampertite
|move|p1a: Swampert|Liquidation|p2a: Weavile
|-damage|p2a: Weavile|0 fnt
|faint|p2a: Weavile
|
|win|TemmieUndertwale
|c|☆showdownplayer#1|GG
|c|☆TemmieUndertwale|ggwp!
|c|☆TemmieUndertwale|rain
|c|☆showdownplayer#1|You too
|c|☆TemmieUndertwale|baby!
|c|☆TemmieUndertwale|offensive lunala
|c|☆TemmieUndertwale|beware
|c|☆showdownplayer#1|Yeah. Rain is definitely better if you ban all the counters lol
|c|☆TemmieUndertwale|460 speed after agility
|c|☆TemmieUndertwale|wait did i unban gastrodon or what
|c|☆TemmieUndertwale|i love gastro
|c|☆TemmieUndertwale|also what counters
|c|☆TemmieUndertwale|lets talk dc
