|j|☆amnael1
|j|☆soda49
|t:|1640646036
|gametype|singles
|player|p1|amnael1|101|1849
|player|p2|soda49|101|1768
|teamsize|p1|6
|teamsize|p2|6
|gen|8
|tier|[Gen 8] National Dex AG
|rated|
|rule|HP Percentage Mod: HP is shown in percentages
|rule|Endless Battle Clause: Forcing endless battles is banned
|clearpoke
|poke|p1|Smeargle, F|
|poke|p1|Espeon, M|
|poke|p1|Groudon|
|poke|p1|Rayquaza|
|poke|p1|Xerneas-*|
|poke|p1|Zacian-*|
|poke|p2|Smeargle, M|
|poke|p2|Charizard, M|
|poke|p2|Mimikyu, M|
|poke|p2|Whimsicott, F|
|poke|p2|Calyrex-Shadow|
|poke|p2|Rayquaza|
|teampreview
|inactive|Battle timer is ON: inactive players will automatically lose when time's up. (requested by soda49)
|
|t:|1640646040
|start
|switch|p1a: Groudon|Groudon|100/100
|switch|p2a: Charizard|Charizard, M|100/100
|detailschange|p1a: Groudon|Groudon-Primal
|-primal|p1a: Groudon
|-weather|DesolateLand|[from] ability: Desolate Land|[of] p1a: Groudon
|turn|1
|
|t:|1640646046
|-start|p2a: Charizard|Dynamax
|-formechange|p2a: Charizard|Charizard-Gmax
|-heal|p2a: Charizard|100/100|[silent]
|move|p1a: Groudon|Stealth Rock|p2a: Charizard
|-sidestart|p2: soda49|move: Stealth Rock
|move|p2a: Charizard|Max Quake|p1a: Groudon
|-supereffective|p1a: Groudon
|-damage|p1a: Groudon|0 fnt
|-boost|p2a: Charizard|spd|1
|faint|p1a: Groudon
|-weather|none
|
|upkeep
|
|t:|1640646053
|switch|p1a: Smeargle|Smeargle, F|100/100
|turn|2
|
|t:|1640646055
|move|p2a: Charizard|G-Max Wildfire|p1a: Smeargle
|-enditem|p1a: Smeargle|Focus Sash
|-damage|p1a: Smeargle|1/100
|-sidestart|p1: amnael1|G-Max Wildfire
|move|p1a: Smeargle|Spore|p2a: Charizard
|-status|p2a: Charizard|slp|[from] move: Spore
|-enditem|p2a: Charizard|Lum Berry|[eat]
|-curestatus|p2a: Charizard|slp|[msg]
|
|-damage|p1a: Smeargle|0 fnt|[from] G-Max Wildfire
|faint|p1a: Smeargle
|upkeep
|
|t:|1640646059
|switch|p1a: Espeon|Espeon, M|100/100
|turn|3
|
|t:|1640646063
|move|p1a: Espeon|Yawn|p2a: Charizard
|-start|p2a: Charizard|move: Yawn|[of] p1a: Espeon
|move|p2a: Charizard|Max Airstream|p1a: Espeon
|-damage|p1a: Espeon|19/100
|-boost|p2a: Charizard|spe|1
|
|-damage|p1a: Espeon|3/100|[from] G-Max Wildfire
|-end|p2a: Charizard|Dynamax
|-formechange|p2a: Charizard|Charizard
|-heal|p2a: Charizard|100/100|[silent]
|upkeep
|turn|4
|
|t:|1640646069
|move|p2a: Charizard|Air Slash|p1a: Espeon
|-damage|p1a: Espeon|0 fnt
|faint|p1a: Espeon
|
|-end|p2a: Charizard|move: Yawn|[silent]
|-status|p2a: Charizard|slp
|upkeep
|
|t:|1640646074
|switch|p1a: Rayquaza|Rayquaza|100/100
|-ability|p1a: Rayquaza|Air Lock
|turn|5
|
|t:|1640646086
|detailschange|p1a: Rayquaza|Rayquaza-Mega
|-mega|p1a: Rayquaza|Rayquaza|
|-weather|DeltaStream|[from] ability: Delta Stream|[of] p1a: Rayquaza
|cant|p2a: Charizard|slp
|move|p1a: Rayquaza|Dragon Dance|p1a: Rayquaza
|-boost|p1a: Rayquaza|atk|1
|-boost|p1a: Rayquaza|spe|1
|
|-weather|DeltaStream|[upkeep]
|-damage|p1a: Rayquaza|84/100|[from] G-Max Wildfire
|-sideend|p1: amnael1|G-Max Wildfire
|upkeep
|turn|6
|
|t:|1640646091
|move|p1a: Rayquaza|Dragon Ascent|p2a: Charizard
|-damage|p2a: Charizard|0 fnt
|-unboost|p1a: Rayquaza|def|1
|-unboost|p1a: Rayquaza|spd|1
|faint|p2a: Charizard
|
|-weather|DeltaStream|[upkeep]
|upkeep
|
|t:|1640646100
|switch|p2a: Mimikyu|Mimikyu, M|100/100
|-damage|p2a: Mimikyu|88/100|[from] Stealth Rock
|turn|7
|
|t:|1640646102
|move|p1a: Rayquaza|Earthquake|p2a: Mimikyu
|-activate|p2a: Mimikyu|ability: Disguise
|-damage|p2a: Mimikyu|88/100
|detailschange|p2a: Mimikyu|Mimikyu-Busted, M
|-damage|p2a: Mimikyu|76/100|[from] pokemon: Mimikyu-Busted
|move|p2a: Mimikyu|Trick Room|p2a: Mimikyu
|-fieldstart|move: Trick Room|[of] p2a: Mimikyu
|
|-weather|DeltaStream|[upkeep]
|upkeep
|turn|8
|
|t:|1640646105
|move|p2a: Mimikyu|Play Rough|p1a: Rayquaza
|-supereffective|p1a: Rayquaza
|-damage|p1a: Rayquaza|0 fnt
|faint|p1a: Rayquaza
|-weather|none
|
|upkeep
|
|t:|1640646111
|switch|p1a: Zacian|Zacian-Crowned|100/100
|-ability|p1a: Zacian|Intrepid Sword|boost
|-boost|p1a: Zacian|atk|1
|turn|9
|
|t:|1640646116
|move|p2a: Mimikyu|Curse|p1a: Zacian
|-start|p1a: Zacian|Curse|[of] p2a: Mimikyu
|-damage|p2a: Mimikyu|26/100
|move|p1a: Zacian|Behemoth Blade|p2a: Mimikyu
|-supereffective|p2a: Mimikyu
|-damage|p2a: Mimikyu|0 fnt
|faint|p2a: Mimikyu
|
|-damage|p1a: Zacian|76/100|[from] Curse
|upkeep
|
|t:|1640646119
|switch|p2a: The wobbler|Smeargle, M|100/100
|-damage|p2a: The wobbler|88/100|[from] Stealth Rock
|turn|10
|
|t:|1640646122
|move|p2a: The wobbler|Spore|p1a: Zacian
|-status|p1a: Zacian|slp|[from] move: Spore
|cant|p1a: Zacian|slp
|
|-heal|p2a: The wobbler|94/100|[from] item: Leftovers
|-damage|p1a: Zacian|51/100 slp|[from] Curse
|-ability|p2a: The wobbler|Moody|boost
|-boost|p2a: The wobbler|atk|2
|-unboost|p2a: The wobbler|def|1
|upkeep
|turn|11
|
|t:|1640646126
|move|p2a: The wobbler|Substitute|p2a: The wobbler
|-start|p2a: The wobbler|Substitute
|-damage|p2a: The wobbler|69/100
|cant|p1a: Zacian|slp
|
|-heal|p2a: The wobbler|75/100|[from] item: Leftovers
|-damage|p1a: Zacian|26/100 slp|[from] Curse
|-fieldend|move: Trick Room
|-ability|p2a: The wobbler|Moody|boost
|-boost|p2a: The wobbler|atk|2
|-unboost|p2a: The wobbler|spd|1
|upkeep
|turn|12
|
|t:|1640646128
|-curestatus|p1a: Zacian|slp|[msg]
|move|p1a: Zacian|Behemoth Blade|p2a: The wobbler
|-end|p2a: The wobbler|Substitute
|move|p2a: The wobbler|Shell Smash|p2a: The wobbler
|-unboost|p2a: The wobbler|def|1
|-unboost|p2a: The wobbler|spd|1
|-boost|p2a: The wobbler|atk|2
|-boost|p2a: The wobbler|spa|2
|-boost|p2a: The wobbler|spe|2
|
|-heal|p2a: The wobbler|81/100|[from] item: Leftovers
|-damage|p1a: Zacian|1/100|[from] Curse
|-ability|p2a: The wobbler|Moody|boost
|-boost|p2a: The wobbler|def|2
|-unboost|p2a: The wobbler|atk|1
|upkeep
|turn|13
|
|t:|1640646133
|move|p2a: The wobbler|Spore|p1a: Zacian
|-status|p1a: Zacian|slp|[from] move: Spore
|cant|p1a: Zacian|slp
|
|-heal|p2a: The wobbler|87/100|[from] item: Leftovers
|-damage|p1a: Zacian|0 fnt|[from] Curse
|faint|p1a: Zacian
|-ability|p2a: The wobbler|Moody|boost
|-boost|p2a: The wobbler|spa|2
|-unboost|p2a: The wobbler|spd|1
|upkeep
|
|t:|1640646136
|switch|p1a: Xerneas|Xerneas|100/100
|-ability|p1a: Xerneas|Fairy Aura
|turn|14
|
|t:|1640646141
|move|p2a: The wobbler|Spore|p1a: Xerneas
|-status|p1a: Xerneas|slp|[from] move: Spore
|cant|p1a: Xerneas|slp
|
|-heal|p2a: The wobbler|93/100|[from] item: Leftovers
|-ability|p2a: The wobbler|Moody|boost
|-boost|p2a: The wobbler|def|2
|-unboost|p2a: The wobbler|atk|1
|upkeep
|turn|15
|
|t:|1640646143
|move|p2a: The wobbler|Substitute|p2a: The wobbler
|-start|p2a: The wobbler|Substitute
|-damage|p2a: The wobbler|69/100
|cant|p1a: Xerneas|slp
|
|-heal|p2a: The wobbler|75/100|[from] item: Leftovers
|-ability|p2a: The wobbler|Moody|boost
|-boost|p2a: The wobbler|spd|2
|-unboost|p2a: The wobbler|spe|1
|upkeep
|turn|16
|
|t:|1640646152
|move|p2a: The wobbler|Shell Smash|p2a: The wobbler
|-unboost|p2a: The wobbler|def|1
|-unboost|p2a: The wobbler|spd|1
|-boost|p2a: The wobbler|atk|2
|-boost|p2a: The wobbler|spa|2
|-boost|p2a: The wobbler|spe|2
|-curestatus|p1a: Xerneas|slp|[msg]
|move|p1a: Xerneas|Geomancy||[still]
|-prepare|p1a: Xerneas|Geomancy
|-enditem|p1a: Xerneas|Power Herb
|-anim|p1a: Xerneas|Geomancy|p1a: Xerneas
|-boost|p1a: Xerneas|spa|2
|-boost|p1a: Xerneas|spd|2
|-boost|p1a: Xerneas|spe|2
|
|-heal|p2a: The wobbler|81/100|[from] item: Leftovers
|-ability|p2a: The wobbler|Moody|boost
|-boost|p2a: The wobbler|spe|2
|-unboost|p2a: The wobbler|def|1
|upkeep
|turn|17
|j| Hallo lolo
|
|t:|1640646156
|move|p2a: The wobbler|Spore|p1a: Xerneas
|-status|p1a: Xerneas|slp|[from] move: Spore
|cant|p1a: Xerneas|slp
|
|-heal|p2a: The wobbler|87/100|[from] item: Leftovers
|-ability|p2a: The wobbler|Moody|boost
|-boost|p2a: The wobbler|def|2
|-unboost|p2a: The wobbler|spd|1
|upkeep
|turn|18
|
|t:|1640646159
|move|p2a: The wobbler|Power Trip|p1a: Xerneas
|-resisted|p1a: Xerneas
|-crit|p1a: Xerneas
|-damage|p1a: Xerneas|0 fnt
|faint|p1a: Xerneas
|
|win|soda49
|raw|amnael1's rating: 1849 &rarr; <strong>1824</strong><br />(-25 for losing)
|raw|soda49's rating: 1768 &rarr; <strong>1793</strong><br />(+25 for winning)
|l|☆amnael1
||Ladder isn't responding, score probably updated but might not have (Request timeout).
