|j|☆thicsucttv
|j|☆Defensive0
|t:|1666989520
|gametype|singles
|player|p1|thicsucttv|266|1924
|player|p2|Defensive0|riley|2000
|teamsize|p1|6
|teamsize|p2|6
|gen|8
|tier|[Gen 8] National Dex AG
|rated|
|rule|HP Percentage Mod: HP is shown in percentages
|rule|Endless Battle Clause: Forcing endless battles is banned
|clearpoke
|poke|p1|Tyranitar, F|
|poke|p1|Marshadow|
|poke|p1|Yveltal|
|poke|p1|Necrozma-Dusk-Mane|
|poke|p1|Ditto|
|poke|p1|Lucario, M|
|poke|p2|Lugia|
|poke|p2|Arceus-*|
|poke|p2|Quagsire, F|
|poke|p2|Blissey, F|
|poke|p2|Tyranitar, F|
|poke|p2|Giratina|
|teampreview
|inactive|Battle timer is ON: inactive players will automatically lose when time's up. (requested by Defensive0)
|inactive|thicsucttv has 120 seconds left.
|
|t:|1666989552
|start
|switch|p1a: Tyranitar|Tyranitar, F|100/100
|switch|p2a: Lugia|Lugia|100/100
|-weather|Sandstorm|[from] ability: Sand Stream|[of] p1a: Tyranitar
|turn|1
|
|t:|1666989560
|move|p2a: Lugia|Toxic|p1a: Tyranitar
|-status|p1a: Tyranitar|tox
|move|p1a: Tyranitar|Thunder Wave|p2a: Lugia
|-status|p2a: Lugia|par
|
|-weather|Sandstorm|[upkeep]
|-damage|p2a: Lugia|94/100 par|[from] Sandstorm
|-damage|p1a: Tyranitar|94/100 tox|[from] psn
|upkeep
|turn|2
|
|t:|1666989571
|switch|p2a: Tyranitar|Tyranitar, F|100/100
|move|p1a: Tyranitar|Stealth Rock|p2a: Tyranitar
|-sidestart|p2: Defensive0|move: Stealth Rock
|
|-weather|Sandstorm|[upkeep]
|-heal|p1a: Tyranitar|100/100 tox|[from] item: Leftovers
|-damage|p1a: Tyranitar|88/100 tox|[from] psn
|upkeep
|turn|3
|
|t:|1666989580
|move|p2a: Tyranitar|Stealth Rock|p1a: Tyranitar
|-sidestart|p1: thicsucttv|move: Stealth Rock
|move|p1a: Tyranitar|Thunder Wave|p2a: Tyranitar
|-status|p2a: Tyranitar|par
|
|-weather|Sandstorm|[upkeep]
|-heal|p1a: Tyranitar|94/100 tox|[from] item: Leftovers
|-damage|p1a: Tyranitar|76/100 tox|[from] psn
|upkeep
|turn|4
|
|t:|1666989595
|move|p1a: Tyranitar|Stone Edge|p2a: Tyranitar
|-damage|p2a: Tyranitar|70/100 par
|move|p2a: Tyranitar|Rock Blast|p1a: Tyranitar
|-damage|p1a: Tyranitar|67/100 tox
|-crit|p1a: Tyranitar
|-damage|p1a: Tyranitar|54/100 tox
|-damage|p1a: Tyranitar|45/100 tox
|-hitcount|p1a: Tyranitar|3
|
|-weather|Sandstorm|[upkeep]
|-heal|p1a: Tyranitar|51/100 tox|[from] item: Leftovers
|-damage|p1a: Tyranitar|26/100 tox|[from] psn
|upkeep
|turn|5
|
|t:|1666989608
|move|p1a: Tyranitar|Stone Edge|p2a: Tyranitar
|-damage|p2a: Tyranitar|40/100 par
|move|p2a: Tyranitar|Rest|p2a: Tyranitar
|-status|p2a: Tyranitar|slp|[from] move: Rest
|-heal|p2a: Tyranitar|100/100 slp|[silent]
|-enditem|p2a: Tyranitar|Chesto Berry|[eat]
|-curestatus|p2a: Tyranitar|slp|[msg]
|
|-weather|none
|-heal|p1a: Tyranitar|33/100 tox|[from] item: Leftovers
|-damage|p1a: Tyranitar|2/100 tox|[from] psn
|upkeep
|turn|6
|
|t:|1666989624
|move|p1a: Tyranitar|Thunder Wave|p2a: Tyranitar
|-status|p2a: Tyranitar|par
|move|p2a: Tyranitar|Pursuit|p1a: Tyranitar
|-resisted|p1a: Tyranitar
|-damage|p1a: Tyranitar|0 fnt
|faint|p1a: Tyranitar
|
|upkeep
|
|t:|1666989635
|switch|p1a: Marshadow|Marshadow|100/100
|-damage|p1a: Marshadow|94/100|[from] Stealth Rock
|turn|7
|
|t:|1666989641
|switch|p2a: Giratina|Giratina|100/100
|-damage|p2a: Giratina|88/100|[from] Stealth Rock
|-ability|p2a: Giratina|Pressure
|move|p1a: Marshadow|Close Combat|p2a: Giratina
|-immune|p2a: Giratina
|
|-heal|p2a: Giratina|94/100|[from] item: Leftovers
|upkeep
|turn|8
|
|t:|1666989653
|move|p1a: Marshadow|Spectral Thief|p2a: Giratina
|-supereffective|p2a: Giratina
|-damage|p2a: Giratina|32/100
|-damage|p1a: Marshadow|84/100|[from] item: Life Orb
|move|p2a: Giratina|Will-O-Wisp|p1a: Marshadow
|-status|p1a: Marshadow|brn
|
|-heal|p2a: Giratina|38/100|[from] item: Leftovers
|-damage|p1a: Marshadow|78/100 brn|[from] brn
|upkeep
|turn|9
|
|t:|1666989666
|move|p1a: Marshadow|Spectral Thief|p2a: Giratina
|-supereffective|p2a: Giratina
|-damage|p2a: Giratina|5/100
|-damage|p1a: Marshadow|68/100 brn|[from] item: Life Orb
|move|p2a: Giratina|Rest|p2a: Giratina
|-status|p2a: Giratina|slp|[from] move: Rest
|-heal|p2a: Giratina|100/100 slp|[silent]
|
|-damage|p1a: Marshadow|62/100 brn|[from] brn
|upkeep
|turn|10
|
|t:|1666989681
|switch|p2a: Blissey|Blissey, F|100/100
|move|p1a: Marshadow|Spectral Thief|p2a: Blissey
|-immune|p2a: Blissey
|
|-damage|p1a: Marshadow|56/100 brn|[from] brn
|upkeep
|turn|11
|c|☆thicsucttv|Bruh
|
|t:|1666989691
|switch|p2a: Giratina|Giratina|100/100 slp
|-damage|p2a: Giratina|88/100 slp|[from] Stealth Rock
|-ability|p2a: Giratina|Pressure
|move|p1a: Marshadow|Close Combat|p2a: Giratina
|-immune|p2a: Giratina
|
|-heal|p2a: Giratina|94/100 slp|[from] item: Leftovers
|-damage|p1a: Marshadow|49/100 brn|[from] brn
|upkeep
|turn|12
|
|t:|1666989705
|move|p1a: Marshadow|Spectral Thief|p2a: Giratina
|-supereffective|p2a: Giratina
|-damage|p2a: Giratina|63/100 slp
|-damage|p1a: Marshadow|39/100 brn|[from] item: Life Orb
|cant|p2a: Giratina|slp
|
|-heal|p2a: Giratina|69/100 slp|[from] item: Leftovers
|-damage|p1a: Marshadow|33/100 brn|[from] brn
|upkeep
|turn|13
|
|t:|1666989718
|move|p1a: Marshadow|Spectral Thief|p2a: Giratina
|-supereffective|p2a: Giratina
|-damage|p2a: Giratina|37/100 slp
|-damage|p1a: Marshadow|23/100 brn|[from] item: Life Orb
|cant|p2a: Giratina|slp
|
|-heal|p2a: Giratina|43/100 slp|[from] item: Leftovers
|-damage|p1a: Marshadow|17/100 brn|[from] brn
|upkeep
|turn|14
|
|t:|1666989732
|move|p1a: Marshadow|Spectral Thief|p2a: Giratina
|-supereffective|p2a: Giratina
|-damage|p2a: Giratina|13/100 slp
|-damage|p1a: Marshadow|7/100 brn|[from] item: Life Orb
|-curestatus|p2a: Giratina|slp|[msg]
|move|p2a: Giratina|Rest|p2a: Giratina
|-status|p2a: Giratina|slp|[from] move: Rest
|-heal|p2a: Giratina|100/100 slp|[silent]
|
|-damage|p1a: Marshadow|1/100 brn|[from] brn
|upkeep
|turn|15
|
|t:|1666989749
|move|p1a: Marshadow|Spectral Thief|p2a: Giratina
|-supereffective|p2a: Giratina
|-damage|p2a: Giratina|70/100 slp
|-damage|p1a: Marshadow|0 fnt|[from] item: Life Orb
|faint|p1a: Marshadow
|cant|p2a: Giratina|slp
|
|-heal|p2a: Giratina|76/100 slp|[from] item: Leftovers
|upkeep
|
|t:|1666989760
|switch|p1a: Yveltal|Yveltal|100/100
|-damage|p1a: Yveltal|76/100|[from] Stealth Rock
|-ability|p1a: Yveltal|Dark Aura
|turn|16
|
|t:|1666989766
|switch|p2a: Blissey|Blissey, F|100/100
|move|p1a: Yveltal|Knock Off|p2a: Blissey
|-crit|p2a: Blissey
|-damage|p2a: Blissey|0 fnt
|-enditem|p2a: Blissey|Heavy-Duty Boots|[from] move: Knock Off|[of] p1a: Yveltal
|faint|p2a: Blissey
|-damage|p1a: Yveltal|66/100|[from] item: Life Orb
|
|upkeep
|
|t:|1666989770
|switch|p2a: Arceus|Arceus|100/100
|-damage|p2a: Arceus|88/100|[from] Stealth Rock
|turn|17
|
|t:|1666989783
|switch|p1a: Ditto|Ditto|100/100
|-damage|p1a: Ditto|88/100|[from] Stealth Rock
|-transform|p1a: Ditto|p2a: Arceus|[from] ability: Imposter
|-start|p2a: Arceus|Dynamax|
|-heal|p2a: Arceus|88/100|[silent]
|move|p2a: Arceus|Max Strike|p1a: Ditto
|-damage|p1a: Ditto|20/100
|-unboost|p1a: Ditto|spe|1
|
|upkeep
|turn|18
|
|t:|1666989801
|move|p2a: Arceus|Max Strike|p1a: Ditto
|-damage|p1a: Ditto|0 fnt
|faint|p1a: Ditto
|
|upkeep
|
|t:|1666989809
|switch|p1a: Lucario|Lucario, M|100/100
|-damage|p1a: Lucario|98/100|[from] Stealth Rock
|turn|19
|
|t:|1666989818
|detailschange|p1a: Lucario|Lucario-Mega, M
|-mega|p1a: Lucario|Lucario|Lucarionite
|move|p1a: Lucario|Substitute|p1a: Lucario
|-start|p1a: Lucario|Substitute
|-damage|p1a: Lucario|73/100
|move|p2a: Arceus|Max Strike|p1a: Lucario
|-resisted|p1a: Lucario
|-end|p1a: Lucario|Substitute
|-unboost|p1a: Lucario|spe|1
|
|upkeep
|-end|p2a: Arceus|Dynamax
|-heal|p2a: Arceus|88/100|[silent]
|turn|20
|
|t:|1666989832
|switch|p2a: Lugia|Lugia|94/100 par
|move|p1a: Lucario|Close Combat|p2a: Lugia
|-resisted|p2a: Lugia
|-damage|p2a: Lugia|79/100 par
|-unboost|p1a: Lucario|def|1
|-unboost|p1a: Lucario|spd|1
|
|upkeep
|turn|21
|
|t:|1666989840
|switch|p1a: Necrozma|Necrozma-Dusk-Mane|100/100
|-damage|p1a: Necrozma|94/100|[from] Stealth Rock
|move|p2a: Lugia|Whirlwind|p1a: Necrozma
|drag|p1a: Yveltal|Yveltal|66/100
|-damage|p1a: Yveltal|41/100|[from] Stealth Rock
|-ability|p1a: Yveltal|Dark Aura
|
|upkeep
|turn|22
|
|t:|1666989859
|switch|p2a: Tyranitar|Tyranitar, F|100/100 par
|-damage|p2a: Tyranitar|88/100 par|[from] Stealth Rock
|-weather|Sandstorm|[from] ability: Sand Stream|[of] p2a: Tyranitar
|-start|p1a: Yveltal|Dynamax|
|-heal|p1a: Yveltal|41/100|[silent]
|move|p1a: Yveltal|Max Steelspike|p2a: Tyranitar
|-supereffective|p2a: Tyranitar
|-damage|p2a: Tyranitar|12/100 par
|-boost|p1a: Yveltal|def|1
|-damage|p1a: Yveltal|36/100|[from] item: Life Orb
|
|-weather|Sandstorm|[upkeep]
|-damage|p1a: Yveltal|33/100|[from] Sandstorm
|upkeep
|turn|23
|
|t:|1666989883
|move|p1a: Yveltal|Max Darkness|p2a: Tyranitar
|-resisted|p2a: Tyranitar
|-damage|p2a: Tyranitar|0 fnt
|faint|p2a: Tyranitar
|-damage|p1a: Yveltal|28/100|[from] item: Life Orb
|
|-weather|Sandstorm|[upkeep]
|-damage|p1a: Yveltal|25/100|[from] Sandstorm
|upkeep
|
|t:|1666989895
|switch|p2a: Quagsire|Quagsire, F|100/100
|-damage|p2a: Quagsire|94/100|[from] Stealth Rock
|turn|24
|
|t:|1666989901
|move|p1a: Yveltal|Max Darkness|p2a: Quagsire
|-damage|p2a: Quagsire|16/100
|-unboost|p2a: Quagsire|spd|1
|-damage|p1a: Yveltal|20/100|[from] item: Life Orb
|move|p2a: Quagsire|Counter|p1a: Yveltal
|-damage|p1a: Yveltal|0 fnt
|faint|p1a: Yveltal
|
|-weather|Sandstorm|[upkeep]
|upkeep
|j| ThisIsntHilarious
|
|t:|1666989920
|switch|p1a: Necrozma|Necrozma-Dusk-Mane|94/100
|-damage|p1a: Necrozma|88/100|[from] Stealth Rock
|turn|25
|inactive|thicsucttv has 120 seconds left.
|
|t:|1666989937
|detailschange|p1a: Necrozma|Necrozma-Ultra
|-burst|p1a: Necrozma|Necrozma|Ultranecrozium Z
|move|p1a: Necrozma|Dragon Pulse|p2a: Quagsire
|-damage|p2a: Quagsire|0 fnt
|faint|p2a: Quagsire
|
|-weather|Sandstorm|[upkeep]
|-damage|p1a: Necrozma|82/100|[from] Sandstorm
|upkeep
|
|t:|1666989945
|switch|p2a: Arceus|Arceus|88/100
|-damage|p2a: Arceus|76/100|[from] Stealth Rock
|turn|26
|
|t:|1666989950
|switch|p2a: Lugia|Lugia|79/100 par
|-zpower|p1a: Necrozma
|move|p1a: Necrozma|Light That Burns the Sky|p2a: Lugia|[zeffect]
|-resisted|p2a: Lugia
|-damage|p2a: Lugia|43/100 par
|
|-weather|none
|upkeep
|turn|27
|
|t:|1666989961
|move|p1a: Necrozma|Stone Edge|p2a: Lugia
|-supereffective|p2a: Lugia
|-damage|p2a: Lugia|0 fnt
|faint|p2a: Lugia
|
|upkeep
|
|t:|1666989967
|switch|p2a: Arceus|Arceus|76/100
|-damage|p2a: Arceus|63/100|[from] Stealth Rock
|turn|28
|
|t:|1666989978
|move|p1a: Necrozma|Photon Geyser|p2a: Arceus
|-damage|p2a: Arceus|24/100
|move|p2a: Arceus|Recover|p2a: Arceus
|-heal|p2a: Arceus|74/100
|
|upkeep
|turn|29
|
|t:|1666989987
|switch|p1a: Lucario|Lucario-Mega, M|73/100
|-damage|p1a: Lucario|70/100|[from] Stealth Rock
|move|p2a: Arceus|Shadow Claw|p1a: Lucario
|-crit|p1a: Lucario
|-damage|p1a: Lucario|17/100
|
|upkeep
|turn|30
|
|t:|1666989996
|move|p2a: Arceus|Extreme Speed|p1a: Lucario
|-resisted|p1a: Lucario
|-damage|p1a: Lucario|0 fnt
|faint|p1a: Lucario
|
|upkeep
|c|☆thicsucttv|You can't be serious
|c|☆thicsucttv|Rly
|c|☆thicsucttv|You can't
|c|☆thicsucttv|Have just crited me
|c|☆thicsucttv|Rly
|
|t:|1666990017
|switch|p1a: Necrozma|Necrozma-Ultra|82/100
|-damage|p1a: Necrozma|70/100|[from] Stealth Rock
|turn|31
|c|☆Defensive0|Yea I’m not serious I’m just testing
|
|t:|1666990026
|move|p1a: Necrozma|Photon Geyser|p2a: Arceus
|-damage|p2a: Arceus|37/100
|move|p2a: Arceus|Shadow Claw|p1a: Necrozma
|-supereffective|p1a: Necrozma
|-crit|p1a: Necrozma
|-damage|p1a: Necrozma|0 fnt
|faint|p1a: Necrozma
|
|win|Defensive0
|raw|thicsucttv's rating: 1924 &rarr; <strong>1908</strong><br />(-16 for losing)
|raw|Defensive0's rating: 2000 &rarr; <strong>2016</strong><br />(+16 for winning)
|c|☆thicsucttv|Fukin Lucky kid
|l| ThisIsntHilarious
|c|☆thicsucttv|Amazing
|c|☆Defensive0|High critical hit ratio cry baby
|c|☆Defensive0|noob you’re so predictable
