|j|☆Matcha tea 1208
|j|☆justznic
|t:|1666603041
|gametype|singles
|player|p1|Matcha tea 1208|colress|1355
|player|p2|justznic|102|1509
|teamsize|p1|6
|teamsize|p2|6
|gen|8
|tier|[Gen 8] National Dex AG
|rated|
|rule|HP Percentage Mod: HP is shown in percentages
|rule|Endless Battle Clause: Forcing endless battles is banned
|clearpoke
|poke|p1|Quagsire, F|
|poke|p1|Porygon-Z|
|poke|p1|Magearna|
|poke|p1|Gallade, M|
|poke|p1|Heatran, M|
|poke|p1|Rillaboom, M|
|poke|p2|Yveltal|
|poke|p2|Klefki, M|
|poke|p2|Ditto|
|poke|p2|Zacian-*|
|poke|p2|Aegislash, F|
|poke|p2|Mewtwo|
|teampreview
|inactive|Battle timer is ON: inactive players will automatically lose when time's up. (requested by justznic)
|c|☆Matcha tea 1208|glhf
|
|t:|1666603060
|start
|switch|p1a: Heatran|Heatran, M|100/100
|switch|p2a: Klefki|Klefki, M|100/100
|turn|1
|
|t:|1666603065
|move|p2a: Klefki|Spikes|p1a: Heatran
|-sidestart|p1: Matcha tea 1208|Spikes
|-zpower|p1a: Heatran
|move|p1a: Heatran|Inferno Overdrive|p2a: Klefki|[zeffect]
|-supereffective|p2a: Klefki
|-crit|p2a: Klefki
|-damage|p2a: Klefki|0 fnt
|faint|p2a: Klefki
|
|upkeep
|
|t:|1666603081
|switch|p2a: Ditto|Ditto|100/100
|-transform|p2a: Ditto|p1a: Heatran|[from] ability: Imposter
|turn|2
|inactive|Matcha tea 1208 has 120 seconds left.
|
|t:|1666603113
|move|p2a: Ditto|Earth Power|p1a: Heatran
|-supereffective|p1a: Heatran
|-damage|p1a: Heatran|0 fnt
|faint|p1a: Heatran
|
|upkeep
|inactive|Matcha tea 1208 has 120 seconds left.
|
|t:|1666603120
|switch|p1a: Quagsire|Quagsire, F|100/100
|-damage|p1a: Quagsire|88/100|[from] Spikes
|turn|3
|
|t:|1666603148
|move|p2a: Ditto|Earth Power|p1a: Quagsire
|-damage|p1a: Quagsire|48/100
|-unboost|p1a: Quagsire|spd|1
|move|p1a: Quagsire|Earthquake|p2a: Ditto
|-supereffective|p2a: Ditto
|-damage|p2a: Ditto|0 fnt
|faint|p2a: Ditto
|
|-heal|p1a: Quagsire|54/100|[from] item: Leftovers
|upkeep
|inactive|justznic has 120 seconds left.
|
|t:|1666603160
|switch|p2a: Yveltal|Yveltal|100/100
|-ability|p2a: Yveltal|Dark Aura
|turn|4
|inactive|Matcha tea 1208 has 120 seconds left.
|
|t:|1666603184
|switch|p1a: Porygon-Z|Porygon-Z|100/100
|-damage|p1a: Porygon-Z|88/100|[from] Spikes
|move|p2a: Yveltal|Taunt|p1a: Porygon-Z
|-start|p1a: Porygon-Z|move: Taunt
|
|upkeep
|turn|5
|inactive|Matcha tea 1208 has 120 seconds left.
|
|t:|1666603197
|move|p1a: Porygon-Z|Ice Beam|p2a: Yveltal
|-supereffective|p2a: Yveltal
|-damage|p2a: Yveltal|38/100
|move|p2a: Yveltal|Dark Pulse|p1a: Porygon-Z
|-damage|p1a: Porygon-Z|0 fnt
|faint|p1a: Porygon-Z
|-damage|p2a: Yveltal|28/100|[from] item: Life Orb
|
|upkeep
|inactive|Matcha tea 1208 has 120 seconds left.
|
|t:|1666603205
|switch|p1a: Magearna|Magearna|100/100
|-damage|p1a: Magearna|88/100|[from] Spikes
|turn|6
|
|t:|1666603223
|switch|p2a: Aegislash|Aegislash, F|100/100
|move|p1a: Magearna|Volt Switch|p2a: Aegislash
|-damage|p2a: Aegislash|84/100
|
|t:|1666603237
|switch|p1a: Gallade|Gallade, M|100/100|[from]move: Volt Switch
|-damage|p1a: Gallade|88/100|[from] Spikes
|
|upkeep
|turn|7
|
|t:|1666603244
|detailschange|p1a: Gallade|Gallade-Mega, M
|-mega|p1a: Gallade|Gallade|Galladite
|move|p1a: Gallade|Knock Off|p2a: Aegislash
|-supereffective|p2a: Aegislash
|-damage|p2a: Aegislash|16/100
|-enditem|p2a: Aegislash|Iron Ball|[from] move: Knock Off|[of] p1a: Gallade
|-formechange|p2a: Aegislash|Aegislash-Blade||[from] ability: Stance Change
|move|p2a: Aegislash|Shadow Ball|p1a: Gallade
|-supereffective|p1a: Gallade
|-damage|p1a: Gallade|5/100
|
|upkeep
|turn|8
|
|t:|1666603254
|-formechange|p2a: Aegislash|Aegislash||[from] ability: Stance Change
|move|p2a: Aegislash|King's Shield|p2a: Aegislash
|-singleturn|p2a: Aegislash|Protect
|move|p1a: Gallade|Knock Off|p2a: Aegislash
|-activate|p2a: Aegislash|move: Protect
|-unboost|p1a: Gallade|atk|1
|
|upkeep
|turn|9
|
|t:|1666603264
|move|p1a: Gallade|Knock Off|p2a: Aegislash
|-supereffective|p2a: Aegislash
|-damage|p2a: Aegislash|0 fnt
|faint|p2a: Aegislash
|
|upkeep
|
|t:|1666603270
|switch|p2a: Mewtwo|Mewtwo|100/100
|-ability|p2a: Mewtwo|Unnerve
|turn|10
|
|t:|1666603284
|detailschange|p2a: Mewtwo|Mewtwo-Mega-Y
|-mega|p2a: Mewtwo|Mewtwo|Mewtwonite Y
|move|p2a: Mewtwo|Psystrike|p1a: Gallade
|-damage|p1a: Gallade|0 fnt
|faint|p1a: Gallade
|
|upkeep
|
|t:|1666603292
|switch|p1a: Magearna|Magearna|88/100
|-damage|p1a: Magearna|76/100|[from] Spikes
|turn|11
|
|t:|1666603302
|-start|p1a: Magearna|Dynamax|
|-heal|p1a: Magearna|76/100|[silent]
|move|p2a: Mewtwo|Flamethrower|p1a: Magearna
|-supereffective|p1a: Magearna
|-damage|p1a: Magearna|54/100
|move|p1a: Magearna|Max Starfall|p2a: Mewtwo
|-damage|p2a: Mewtwo|29/100
|-fieldstart|move: Misty Terrain
|
|upkeep
|turn|12
|
|t:|1666603313
|move|p2a: Mewtwo|Flamethrower|p1a: Magearna
|-supereffective|p1a: Magearna
|-damage|p1a: Magearna|30/100
|move|p1a: Magearna|Max Steelspike|p2a: Mewtwo
|-damage|p2a: Mewtwo|0 fnt
|-boost|p1a: Magearna|def|1
|faint|p2a: Mewtwo
|-ability|p1a: Magearna|Soul-Heart|boost
|-boost|p1a: Magearna|spa|1
|
|upkeep
|
|t:|1666603320
|switch|p2a: Zacian|Zacian-Crowned|100/100
|-ability|p2a: Zacian|Intrepid Sword|boost
|-boost|p2a: Zacian|atk|1
|turn|13
|
|t:|1666603324
|move|p2a: Zacian|Behemoth Blade|p1a: Magearna
|-damage|p1a: Magearna|0 fnt
|faint|p1a: Magearna
|
|upkeep
|
|t:|1666603327
|switch|p1a: Quagsire|Quagsire, F|54/100
|-damage|p1a: Quagsire|42/100|[from] Spikes
|turn|14
|
|t:|1666603331
|move|p2a: Zacian|Swords Dance|p2a: Zacian
|-boost|p2a: Zacian|atk|2
|move|p1a: Quagsire|Recover|p1a: Quagsire
|-heal|p1a: Quagsire|92/100
|
|-heal|p1a: Quagsire|98/100|[from] item: Leftovers
|upkeep
|turn|15
|
|t:|1666603335
|move|p2a: Zacian|Swords Dance|p2a: Zacian
|-boost|p2a: Zacian|atk|2
|move|p1a: Quagsire|Earthquake|p2a: Zacian
|-supereffective|p2a: Zacian
|-damage|p2a: Zacian|41/100
|
|-heal|p1a: Quagsire|100/100|[from] item: Leftovers
|-fieldend|Misty Terrain
|upkeep
|turn|16
|
|t:|1666603342
|move|p2a: Zacian|Play Rough|p1a: Quagsire
|-damage|p1a: Quagsire|58/100
|move|p1a: Quagsire|Earthquake|p2a: Zacian
|-supereffective|p2a: Zacian
|-crit|p2a: Zacian
|-damage|p2a: Zacian|0 fnt
|faint|p2a: Zacian
|
|-heal|p1a: Quagsire|64/100|[from] item: Leftovers
|upkeep
|
|t:|1666603347
|switch|p2a: Yveltal|Yveltal|28/100
|-ability|p2a: Yveltal|Dark Aura
|turn|17
|
|t:|1666603351
|-start|p2a: Yveltal|Dynamax|
|-heal|p2a: Yveltal|28/100|[silent]
|move|p2a: Yveltal|Max Airstream|p1a: Quagsire
|-damage|p1a: Quagsire|0 fnt
|-boost|p2a: Yveltal|spe|1
|faint|p1a: Quagsire
|-damage|p2a: Yveltal|24/100|[from] item: Life Orb
|
|upkeep
|
|t:|1666603357
|switch|p1a: Rillaboom|Rillaboom, M|100/100
|-damage|p1a: Rillaboom|88/100|[from] Spikes
|-fieldstart|move: Grassy Terrain|[from] ability: Grassy Surge|[of] p1a: Rillaboom
|turn|18
|
|t:|1666603363
|move|p1a: Rillaboom|Grassy Glide|p2a: Yveltal
|-resisted|p2a: Yveltal
|-damage|p2a: Yveltal|7/100
|move|p2a: Yveltal|Max Airstream|p1a: Rillaboom
|-supereffective|p1a: Rillaboom
|-damage|p1a: Rillaboom|0 fnt
|-boost|p2a: Yveltal|spe|1
|faint|p1a: Rillaboom
|-damage|p2a: Yveltal|2/100|[from] item: Life Orb
|
|win|justznic
|raw|Matcha tea 1208's rating: 1355 &rarr; <strong>1343</strong><br />(-12 for losing)
|raw|justznic's rating: 1509 &rarr; <strong>1521</strong><br />(+12 for winning)
|c|☆Matcha tea 1208|ggwp
|l|☆justznic
