|j|☆FireFlareFlame
|j|☆CLEAR GEM清瑜
|t:|1661784917
|gametype|singles
|player|p1|FireFlareFlame|steven|1645
|player|p2|CLEAR GEM清瑜|skierf|1783
|teamsize|p1|6
|teamsize|p2|6
|gen|8
|tier|[Gen 8] National Dex AG
|rated|
|rule|HP Percentage Mod: HP is shown in percentages
|rule|Endless Battle Clause: Forcing endless battles is banned
|clearpoke
|poke|p1|Rayquaza|
|poke|p1|Zacian-*|
|poke|p1|Kyogre|
|poke|p1|Arceus-*|
|poke|p1|Marshadow|
|poke|p1|Ditto|
|poke|p2|Rayquaza|
|poke|p2|Groudon|
|poke|p2|Necrozma-Dusk-Mane|
|poke|p2|Arceus-*|
|poke|p2|Arceus-*|
|poke|p2|Arceus-*|
|teampreview
|inactive|Battle timer is ON: inactive players will automatically lose when time's up. (requested by CLEAR GEM清瑜)
|
|t:|1661784928
|start
|switch|p1a: Arceus|Arceus-Electric|100/100
|switch|p2a: 乱杀P古|Arceus-Ground|100/100
|turn|1
|
|t:|1661784937
|move|p1a: Arceus|Stealth Rock|p2a: 乱杀P古
|-sidestart|p2: CLEAR GEM清瑜|move: Stealth Rock
|move|p2a: 乱杀P古|Judgment|p1a: Arceus
|-supereffective|p1a: Arceus
|-damage|p1a: Arceus|0 fnt
|faint|p1a: Arceus
|
|upkeep
|
|t:|1661784953
|switch|p1a: Kyogre|Kyogre|100/100
|detailschange|p1a: Kyogre|Kyogre-Primal
|-primal|p1a: Kyogre
|-weather|PrimordialSea|[from] ability: Primordial Sea|[of] p1a: Kyogre
|turn|2
|
|t:|1661784961
|move|p2a: 乱杀P古|Stealth Rock|p1a: Kyogre
|-sidestart|p1: FireFlareFlame|move: Stealth Rock
|move|p1a: Kyogre|Water Spout|p2a: 乱杀P古
|-supereffective|p2a: 乱杀P古
|-damage|p2a: 乱杀P古|0 fnt
|faint|p2a: 乱杀P古
|
|-weather|PrimordialSea|[upkeep]
|upkeep
|
|t:|1661784965
|switch|p2a: 不会(?)|Groudon|100/100
|-damage|p2a: 不会(?)|94/100|[from] Stealth Rock
|detailschange|p2a: 不会(?)|Groudon-Primal
|-primal|p2a: 不会(?)
|-weather|DesolateLand|[from] ability: Desolate Land|[of] p2a: 不会(?)
|turn|3
|
|t:|1661784976
|switch|p1a: Rayquaza|Rayquaza|100/100
|-damage|p1a: Rayquaza|76/100|[from] Stealth Rock
|-ability|p1a: Rayquaza|Air Lock
|move|p2a: 不会(?)|Roar|p1a: Rayquaza
|drag|p1a: Ditto|Ditto|100/100
|-damage|p1a: Ditto|88/100|[from] Stealth Rock
|-transform|p1a: Ditto|p2a: 不会(?)|[from] ability: Imposter
|
|-weather|DesolateLand|[upkeep]
|upkeep
|turn|4
|
|t:|1661784989
|move|p1a: Ditto|Precipice Blades|p2a: 不会(?)
|-supereffective|p2a: 不会(?)
|-damage|p2a: 不会(?)|0 fnt
|faint|p2a: 不会(?)
|
|-weather|DesolateLand|[upkeep]
|upkeep
|
|t:|1661784992
|switch|p2a: 悬空羊驼|Arceus-Flying|100/100
|-damage|p2a: 悬空羊驼|76/100|[from] Stealth Rock
|turn|5
|
|t:|1661785004
|-weather|none
|switch|p1a: Zacian|Zacian-Crowned|100/100
|-damage|p1a: Zacian|94/100|[from] Stealth Rock
|-ability|p1a: Zacian|Intrepid Sword|boost
|-boost|p1a: Zacian|atk|1
|-start|p2a: 悬空羊驼|Dynamax|
|-heal|p2a: 悬空羊驼|76/100|[silent]
|move|p2a: 悬空羊驼|Max Airstream|p1a: Zacian
|-resisted|p1a: Zacian
|-damage|p1a: Zacian|56/100
|-boost|p2a: 悬空羊驼|spe|1
|
|upkeep
|turn|6
|
|t:|1661785019
|move|p2a: 悬空羊驼|Max Quake|p1a: Zacian
|-supereffective|p1a: Zacian
|-damage|p1a: Zacian|0 fnt
|-boost|p2a: 悬空羊驼|spd|1
|faint|p1a: Zacian
|
|upkeep
|
|t:|1661785032
|switch|p1a: Ditto|Ditto|88/100
|-damage|p1a: Ditto|76/100|[from] Stealth Rock
|-transform|p1a: Ditto|p2a: 悬空羊驼|[from] ability: Imposter
|turn|7
|
|t:|1661785040
|-start|p1a: Ditto|Dynamax|
|-heal|p1a: Ditto|76/100|[silent]
|move|p1a: Ditto|Max Guard|p1a: Ditto
|-singleturn|p1a: Ditto|Max Guard
|move|p2a: 悬空羊驼|Max Airstream|p1a: Ditto
|-activate|p1a: Ditto|move: Max Guard
|
|upkeep
|-end|p2a: 悬空羊驼|Dynamax
|-heal|p2a: 悬空羊驼|76/100|[silent]
|turn|8
|inactive|FireFlareFlame has 120 seconds left.
|
|t:|1661785067
|move|p2a: 悬空羊驼|Recover|p2a: 悬空羊驼
|-heal|p2a: 悬空羊驼|100/100
|move|p1a: Ditto|Max Strike|p2a: 悬空羊驼
|-damage|p2a: 悬空羊驼|77/100
|-unboost|p2a: 悬空羊驼|spe|1
|
|upkeep
|turn|9
|
|t:|1661785076
|move|p1a: Ditto|Max Strike|p2a: 悬空羊驼
|-damage|p2a: 悬空羊驼|53/100
|-unboost|p2a: 悬空羊驼|spe|1
|move|p2a: 悬空羊驼|Recover|p2a: 悬空羊驼
|-heal|p2a: 悬空羊驼|100/100
|
|upkeep
|-end|p1a: Ditto|Dynamax
|-heal|p1a: Ditto|76/100|[silent]
|turn|10
|
|t:|1661785090
|switch|p1a: Rayquaza|Rayquaza|76/100
|-damage|p1a: Rayquaza|51/100|[from] Stealth Rock
|-ability|p1a: Rayquaza|Air Lock
|move|p2a: 悬空羊驼|Judgment|p1a: Rayquaza
|-damage|p1a: Rayquaza|0 fnt
|faint|p1a: Rayquaza
|
|upkeep
|inactive|FireFlareFlame has 120 seconds left.
|
|t:|1661785106
|switch|p1a: Kyogre|Kyogre-Primal|100/100
|-damage|p1a: Kyogre|88/100|[from] Stealth Rock
|-weather|PrimordialSea|[from] ability: Primordial Sea|[of] p1a: Kyogre
|turn|11
|inactive|FireFlareFlame has 120 seconds left.
|
|t:|1661785115
|move|p1a: Kyogre|Origin Pulse|p2a: 悬空羊驼
|-damage|p2a: 悬空羊驼|45/100
|move|p2a: 悬空羊驼|Judgment|p1a: Kyogre
|-damage|p1a: Kyogre|52/100
|
|-weather|PrimordialSea|[upkeep]
|upkeep
|turn|12
|
|t:|1661785123
|move|p1a: Kyogre|Origin Pulse|p2a: 悬空羊驼
|-damage|p2a: 悬空羊驼|0 fnt
|faint|p2a: 悬空羊驼
|
|-weather|PrimordialSea|[upkeep]
|upkeep
|
|t:|1661785128
|switch|p2a: 烈龙无敌|Rayquaza, shiny|100/100
|-damage|p2a: 烈龙无敌|76/100|[from] Stealth Rock
|-ability|p2a: 烈龙无敌|Air Lock
|turn|13
|
|t:|1661785136
|detailschange|p2a: 烈龙无敌|Rayquaza-Mega, shiny
|-mega|p2a: 烈龙无敌|Rayquaza|
|-weather|DeltaStream|[from] ability: Delta Stream|[of] p2a: 烈龙无敌
|move|p2a: 烈龙无敌|Dragon Ascent|p1a: Kyogre
|-damage|p1a: Kyogre|0 fnt
|-unboost|p2a: 烈龙无敌|def|1
|-unboost|p2a: 烈龙无敌|spd|1
|faint|p1a: Kyogre
|
|-weather|DeltaStream|[upkeep]
|upkeep
|
|t:|1661785146
|switch|p1a: Ditto|Ditto|76/100
|-damage|p1a: Ditto|63/100|[from] Stealth Rock
|-transform|p1a: Ditto|p2a: 烈龙无敌|[from] ability: Imposter
|turn|14
|
|t:|1661785157
|move|p1a: Ditto|Extreme Speed|p2a: 烈龙无敌
|-damage|p2a: 烈龙无敌|21/100
|move|p2a: 烈龙无敌|Extreme Speed|p1a: Ditto
|-damage|p1a: Ditto|0 fnt
|faint|p1a: Ditto
|
|-weather|DeltaStream|[upkeep]
|upkeep
|
|t:|1661785165
|switch|p1a: Marshadow|Marshadow|100/100
|-damage|p1a: Marshadow|94/100|[from] Stealth Rock
|turn|15
|
|t:|1661785170
|move|p1a: Marshadow|Shadow Sneak|p2a: 烈龙无敌
|-damage|p2a: 烈龙无敌|0 fnt
|faint|p2a: 烈龙无敌
|-weather|none
|-damage|p1a: Marshadow|84/100|[from] item: Life Orb
|
|upkeep
|
|t:|1661785176
|switch|p2a: 究极辅助|Arceus-Dark|100/100
|-damage|p2a: 究极辅助|88/100|[from] Stealth Rock
|turn|16
|
|t:|1661785181
|move|p1a: Marshadow|Close Combat|p2a: 究极辅助
|-supereffective|p2a: 究极辅助
|-crit|p2a: 究极辅助
|-damage|p2a: 究极辅助|0 fnt
|-unboost|p1a: Marshadow|def|1
|-unboost|p1a: Marshadow|spd|1
|faint|p2a: 究极辅助
|-damage|p1a: Marshadow|74/100|[from] item: Life Orb
|
|upkeep
|
|t:|1661785184
|switch|p2a: 钢铁之躯|Necrozma-Dusk-Mane|100/100
|-damage|p2a: 钢铁之躯|94/100|[from] Stealth Rock
|turn|17
|
|t:|1661785196
|move|p1a: Marshadow|Poltergeist|p2a: 钢铁之躯
|-activate|p2a: 钢铁之躯|move: Poltergeist|Ultranecrozium Z
|-supereffective|p2a: 钢铁之躯
|-damage|p2a: 钢铁之躯|24/100
|-damage|p1a: Marshadow|64/100|[from] item: Life Orb
|move|p2a: 钢铁之躯|Photon Geyser|p1a: Marshadow
|-supereffective|p1a: Marshadow
|-damage|p1a: Marshadow|0 fnt
|faint|p1a: Marshadow
|
|win|CLEAR GEM清瑜
|raw|FireFlareFlame's rating: 1645 &rarr; <strong>1633</strong><br />(-12 for losing)
|raw|CLEAR GEM清瑜's rating: 1783 &rarr; <strong>1795</strong><br />(+12 for winning)
|l|☆FireFlareFlame
||Ladder isn't responding, score probably updated but might not have (Request timeout).
