|j|☆Dominator296
|j|☆UncleShannon
|t:|1640865190
|gametype|singles
|player|p1|Dominator296|alder|1866
|player|p2|UncleShannon|lucas|1764
|teamsize|p1|6
|teamsize|p2|6
|gen|8
|tier|[Gen 8] National Dex AG
|rated|
|rule|HP Percentage Mod: HP is shown in percentages
|rule|Endless Battle Clause: Forcing endless battles is banned
|clearpoke
|poke|p1|Kyogre|
|poke|p1|Groudon|
|poke|p1|Ho-Oh|
|poke|p1|Necrozma-Dusk-Mane|
|poke|p1|Arceus-*|
|poke|p1|Arceus-*|
|poke|p2|Zacian-*|
|poke|p2|Urshifu-*, M|
|poke|p2|Necrozma-Dusk-Mane|
|poke|p2|Arceus-*|
|poke|p2|Ho-Oh|
|poke|p2|Dragapult, F|
|teampreview
|inactive|Battle timer is ON: inactive players will automatically lose when time's up. (requested by UncleShannon)
|c|☆UncleShannon|hf
|
|t:|1640865205
|start
|switch|p1a: Ho-Oh|Ho-Oh, shiny|100/100
|switch|p2a: Arceus|Arceus-Dragon|100/100
|turn|1
|c|☆Dominator296|Gl hf
|c|☆UncleShannon|ty
|
|t:|1640865216
|switch|p2a: Necrozma|Necrozma-Dusk-Mane|100/100
|move|p1a: Ho-Oh|Sacred Fire|p2a: Necrozma
|-supereffective|p2a: Necrozma
|-damage|p2a: Necrozma|64/100
|-status|p2a: Necrozma|brn
|
|-heal|p2a: Necrozma|70/100 brn|[from] item: Leftovers
|-damage|p2a: Necrozma|64/100 brn|[from] brn
|upkeep
|turn|2
|
|t:|1640865223
|switch|p1a: Necrozma|Necrozma-Dusk-Mane|100/100
|move|p2a: Necrozma|Morning Sun|p2a: Necrozma
|-heal|p2a: Necrozma|100/100 brn
|
|-damage|p2a: Necrozma|94/100 brn|[from] brn
|upkeep
|turn|3
|
|t:|1640865228
|move|p1a: Necrozma|Stealth Rock|p2a: Necrozma
|-sidestart|p2: UncleShannon|move: Stealth Rock
|move|p2a: Necrozma|Stealth Rock|p1a: Necrozma
|-sidestart|p1: Dominator296|move: Stealth Rock
|
|-heal|p2a: Necrozma|100/100 brn|[from] item: Leftovers
|-damage|p2a: Necrozma|94/100 brn|[from] brn
|upkeep
|turn|4
|inactive|Dominator296 has 120 seconds left.
|
|t:|1640865264
|switch|p1a: Groudon|Groudon|100/100
|-damage|p1a: Groudon|94/100|[from] Stealth Rock
|detailschange|p1a: Groudon|Groudon-Primal
|-primal|p1a: Groudon
|-weather|DesolateLand|[from] ability: Desolate Land|[of] p1a: Groudon
|switch|p2a: Arceus|Arceus-Dragon|100/100
|-damage|p2a: Arceus|88/100|[from] Stealth Rock
|
|-weather|DesolateLand|[upkeep]
|upkeep
|turn|5
|
|t:|1640865270
|move|p2a: Arceus|Judgment|p1a: Groudon
|-damage|p1a: Groudon|44/100
|move|p1a: Groudon|Precipice Blades|p2a: Arceus
|-damage|p2a: Arceus|31/100
|
|-weather|DesolateLand|[upkeep]
|upkeep
|turn|6
|inactive|Dominator296 has 120 seconds left.
|
|t:|1640865291
|-weather|none
|switch|p1a: Ho-Oh|Ho-Oh, shiny|100/100
|move|p2a: Arceus|Judgment|p1a: Ho-Oh
|-damage|p1a: Ho-Oh|75/100
|
|upkeep
|turn|7
|inactive|Dominator296 has 120 seconds left.
|
|t:|1640865297
|move|p2a: Arceus|Recover|p2a: Arceus
|-heal|p2a: Arceus|81/100
|move|p1a: Ho-Oh|Sacred Fire|p2a: Arceus
|-resisted|p2a: Arceus
|-damage|p2a: Arceus|63/100
|
|upkeep
|turn|8
|
|t:|1640865303
|move|p2a: Arceus|Recover|p2a: Arceus
|-heal|p2a: Arceus|100/100
|move|p1a: Ho-Oh|Brave Bird|p2a: Arceus
|-damage|p2a: Arceus|60/100
|-damage|p1a: Ho-Oh|61/100|[from] Recoil
|
|upkeep
|turn|9
|
|t:|1640865309
|move|p2a: Arceus|Recover|p2a: Arceus
|-heal|p2a: Arceus|100/100
|move|p1a: Ho-Oh|Recover|p1a: Ho-Oh
|-heal|p1a: Ho-Oh|100/100
|
|upkeep
|turn|10
|
|t:|1640865319
|switch|p2a: Ho-Oh|Ho-Oh|100/100
|move|p1a: Ho-Oh|Curse|p1a: Ho-Oh
|-unboost|p1a: Ho-Oh|spe|1
|-boost|p1a: Ho-Oh|atk|1
|-boost|p1a: Ho-Oh|def|1
|
|upkeep
|turn|11
|
|t:|1640865325
|move|p2a: Ho-Oh|Toxic|p1a: Ho-Oh
|-status|p1a: Ho-Oh|tox
|move|p1a: Ho-Oh|Brave Bird|p2a: Ho-Oh
|-damage|p2a: Ho-Oh|30/100
|-damage|p1a: Ho-Oh|78/100 tox|[from] Recoil
|
|-damage|p1a: Ho-Oh|72/100 tox|[from] psn
|upkeep
|turn|12
|
|t:|1640865336
|switch|p2a: Necrozma|Necrozma-Dusk-Mane|94/100 brn
|-damage|p2a: Necrozma|88/100 brn|[from] Stealth Rock
|move|p1a: Ho-Oh|Sacred Fire|p2a: Necrozma
|-supereffective|p2a: Necrozma
|-damage|p2a: Necrozma|34/100 brn
|
|-heal|p2a: Necrozma|40/100 brn|[from] item: Leftovers
|-damage|p1a: Ho-Oh|60/100 tox|[from] psn
|-damage|p2a: Necrozma|34/100 brn|[from] brn
|upkeep
|turn|13
|
|t:|1640865343
|move|p2a: Necrozma|Morning Sun|p2a: Necrozma
|-heal|p2a: Necrozma|84/100 brn
|move|p1a: Ho-Oh|Sacred Fire|p2a: Necrozma|[miss]
|-miss|p1a: Ho-Oh|p2a: Necrozma
|
|-heal|p2a: Necrozma|90/100 brn|[from] item: Leftovers
|-damage|p1a: Ho-Oh|42/100 tox|[from] psn
|-damage|p2a: Necrozma|84/100 brn|[from] brn
|upkeep
|turn|14
|j| Enjoy as none
|
|t:|1640865359
|switch|p2a: Urshifu|Urshifu, M|100/100
|-damage|p2a: Urshifu|94/100|[from] Stealth Rock
|switch|p1a: Arceus|Arceus-Flying|100/100
|-damage|p1a: Arceus|76/100|[from] Stealth Rock
|
|upkeep
|turn|15
|
|t:|1640865373
|-start|p1a: Arceus|Dynamax
|-heal|p1a: Arceus|76/100|[silent]
|move|p2a: Urshifu|Wicked Blow|p1a: Arceus
|-crit|p1a: Arceus
|-damage|p1a: Arceus|59/100
|move|p1a: Arceus|Max Airstream|p2a: Urshifu
|-supereffective|p2a: Urshifu
|-damage|p2a: Urshifu|0 fnt
|-boost|p1a: Arceus|spe|1
|faint|p2a: Urshifu
|
|upkeep
|
|t:|1640865381
|switch|p2a: Zacian|Zacian-Crowned|100/100
|-damage|p2a: Zacian|94/100|[from] Stealth Rock
|-ability|p2a: Zacian|Intrepid Sword|boost
|-boost|p2a: Zacian|atk|1
|turn|16
|
|t:|1640865386
|move|p1a: Arceus|Max Airstream|p2a: Zacian
|-resisted|p2a: Zacian
|-damage|p2a: Zacian|67/100
|-boost|p1a: Arceus|spe|1
|move|p2a: Zacian|Behemoth Blade|p1a: Arceus
|-damage|p1a: Arceus|9/100
|
|upkeep
|turn|17
|
|t:|1640865405
|move|p1a: Arceus|Max Airstream|p2a: Zacian
|-resisted|p2a: Zacian
|-damage|p2a: Zacian|36/100
|-boost|p1a: Arceus|spe|1
|move|p2a: Zacian|Play Rough|p1a: Arceus
|-damage|p1a: Arceus|0 fnt
|faint|p1a: Arceus
|
|upkeep
|
|t:|1640865410
|switch|p1a: Kyogre|Kyogre|100/100
|-damage|p1a: Kyogre|88/100|[from] Stealth Rock
|-weather|RainDance|[from] ability: Drizzle|[of] p1a: Kyogre
|turn|18
|
|t:|1640865421
|switch|p2a: Necrozma|Necrozma-Dusk-Mane|84/100 brn
|-damage|p2a: Necrozma|78/100 brn|[from] Stealth Rock
|move|p1a: Kyogre|Water Spout|p2a: Necrozma
|-damage|p2a: Necrozma|0 fnt
|faint|p2a: Necrozma
|
|-weather|RainDance|[upkeep]
|upkeep
|
|t:|1640865423
|switch|p2a: Arceus|Arceus-Dragon|100/100
|-damage|p2a: Arceus|88/100|[from] Stealth Rock
|turn|19
|
|t:|1640865431
|switch|p1a: Necrozma|Necrozma-Dusk-Mane|100/100
|-damage|p1a: Necrozma|94/100|[from] Stealth Rock
|move|p2a: Arceus|Judgment|p1a: Necrozma
|-resisted|p1a: Necrozma
|-damage|p1a: Necrozma|70/100
|
|-weather|RainDance|[upkeep]
|upkeep
|turn|20
|
|t:|1640865436
|move|p2a: Arceus|Will-O-Wisp|p1a: Necrozma
|-status|p1a: Necrozma|brn
|move|p1a: Necrozma|Dragon Dance|p1a: Necrozma
|-boost|p1a: Necrozma|atk|1
|-boost|p1a: Necrozma|spe|1
|
|-weather|RainDance|[upkeep]
|-damage|p1a: Necrozma|64/100 brn|[from] brn
|upkeep
|turn|21
|
|t:|1640865446
|switch|p2a: Ho-Oh|Ho-Oh|63/100
|move|p1a: Necrozma|Thunder Wave|p2a: Ho-Oh
|-status|p2a: Ho-Oh|par
|
|-weather|RainDance|[upkeep]
|-damage|p1a: Necrozma|58/100 brn|[from] brn
|upkeep
|turn|22
|c|☆UncleShannon|I don't get it
|c|☆UncleShannon|Why this set?
|inactive|UncleShannon has 120 seconds left.
|
|t:|1640865479
|detailschange|p1a: Necrozma|Necrozma-Ultra
|-burst|p1a: Necrozma|Necrozma|Ultranecrozium Z
|move|p1a: Necrozma|Photon Geyser|p2a: Ho-Oh
|-damage|p2a: Ho-Oh|22/100 par
|move|p2a: Ho-Oh|Brave Bird|p1a: Necrozma
|-damage|p1a: Necrozma|9/100 brn
|-damage|p2a: Ho-Oh|7/100 par|[from] Recoil
|
|-weather|none
|-damage|p1a: Necrozma|3/100 brn|[from] brn
|upkeep
|turn|23
|inactive|UncleShannon has 120 seconds left.
|
|t:|1640865491
|-zpower|p1a: Necrozma
|move|p1a: Necrozma|Light That Burns the Sky|p2a: Ho-Oh|[zeffect]
|-damage|p2a: Ho-Oh|0 fnt
|faint|p2a: Ho-Oh
|
|-damage|p1a: Necrozma|0 fnt|[from] brn
|faint|p1a: Necrozma
|upkeep
|c|☆UncleShannon|Ah
|
|t:|1640865499
|switch|p1a: Arceus|Arceus, shiny|100/100
|switch|p2a: Arceus|Arceus-Dragon|88/100
|-damage|p2a: Arceus|76/100|[from] Stealth Rock
|-damage|p1a: Arceus|88/100|[from] Stealth Rock
|turn|24
|
|t:|1640865506
|move|p2a: Arceus|Will-O-Wisp|p1a: Arceus
|-status|p1a: Arceus|brn
|move|p1a: Arceus|Swords Dance|p1a: Arceus
|-boost|p1a: Arceus|atk|2
|
|-damage|p1a: Arceus|82/100 brn|[from] brn
|upkeep
|turn|25
|
|t:|1640865510
|move|p2a: Arceus|Judgment|p1a: Arceus
|-damage|p1a: Arceus|44/100 brn
|move|p1a: Arceus|Swords Dance|p1a: Arceus
|-boost|p1a: Arceus|atk|2
|
|-damage|p1a: Arceus|37/100 brn|[from] brn
|upkeep
|turn|26
|
|t:|1640865516
|move|p1a: Arceus|Extreme Speed|p2a: Arceus
|-damage|p2a: Arceus|20/100
|move|p2a: Arceus|Judgment|p1a: Arceus
|-damage|p1a: Arceus|2/100 brn
|
|-damage|p1a: Arceus|0 fnt|[from] brn
|faint|p1a: Arceus
|upkeep
|
|t:|1640865521
|switch|p1a: Kyogre|Kyogre|88/100
|-damage|p1a: Kyogre|76/100|[from] Stealth Rock
|-weather|RainDance|[from] ability: Drizzle|[of] p1a: Kyogre
|turn|27
|
|t:|1640865532
|move|p1a: Kyogre|Water Spout|p2a: Arceus
|-resisted|p2a: Arceus
|-damage|p2a: Arceus|0 fnt
|faint|p2a: Arceus
|
|-weather|RainDance|[upkeep]
|upkeep
|
|t:|1640865535
|switch|p2a: Dragapult|Dragapult, F|100/100
|-damage|p2a: Dragapult|88/100|[from] Stealth Rock
|turn|28
|
|t:|1640865556
|move|p1a: Kyogre|Water Spout|p2a: Dragapult
|-resisted|p2a: Dragapult
|-damage|p2a: Dragapult|18/100
|move|p2a: Dragapult|Dragon Darts|p1a: Kyogre
|-damage|p1a: Kyogre|42/100
|-anim|p2a: Dragapult|Dragon Darts|p1a: Kyogre
|-damage|p1a: Kyogre|6/100
|-damage|p2a: Dragapult|8/100|[from] item: Life Orb
|
|-weather|RainDance|[upkeep]
|upkeep
|turn|29
|
|t:|1640865572
|move|p2a: Dragapult|Sucker Punch|p1a: Kyogre
|-damage|p1a: Kyogre|0 fnt
|faint|p1a: Kyogre
|-damage|p2a: Dragapult|0 fnt|[from] item: Life Orb
|faint|p2a: Dragapult
|
|-weather|RainDance|[upkeep]
|upkeep
|
|t:|1640865581
|switch|p2a: Zacian|Zacian-Crowned|36/100
|switch|p1a: Groudon|Groudon-Primal|44/100
|-damage|p2a: Zacian|29/100|[from] Stealth Rock
|-ability|p2a: Zacian|Intrepid Sword|boost
|-boost|p2a: Zacian|atk|1
|-damage|p1a: Groudon|31/100|[from] Stealth Rock
|-weather|DesolateLand|[from] ability: Desolate Land|[of] p1a: Groudon
|turn|30
|
|t:|1640865585
|move|p2a: Zacian|Close Combat|p1a: Groudon
|-damage|p1a: Groudon|0 fnt
|-unboost|p2a: Zacian|def|1
|-unboost|p2a: Zacian|spd|1
|faint|p1a: Groudon
|-weather|none
|
|upkeep
|
|t:|1640865588
|switch|p1a: Ho-Oh|Ho-Oh, shiny|75/100 tox
|turn|31
|
|t:|1640865591
|move|p2a: Zacian|Wild Charge|p1a: Ho-Oh
|-supereffective|p1a: Ho-Oh
|-damage|p1a: Ho-Oh|0 fnt
|faint|p1a: Ho-Oh
|-damage|p2a: Zacian|5/100|[from] Recoil
|
|win|UncleShannon
|raw|Dominator296's rating: 1866 &rarr; <strong>1840</strong><br />(-26 for losing)
|raw|UncleShannon's rating: 1764 &rarr; <strong>1790</strong><br />(+26 for winning)
|c|☆UncleShannon|gg
|l|☆Dominator296
