|j|☆DECLANO196
|j|☆Pikaslayer2001
|t:|1665640152
|gametype|singles
|player|p1|DECLANO196|266|1828
|player|p2|Pikaslayer2001|allister|1787
|teamsize|p1|6
|teamsize|p2|6
|gen|8
|tier|[Gen 8] National Dex AG
|rated|
|rule|HP Percentage Mod: HP is shown in percentages
|rule|Endless Battle Clause: Forcing endless battles is banned
|clearpoke
|poke|p1|Marshadow|
|poke|p1|Ho-Oh|
|poke|p1|Lugia|
|poke|p1|Yveltal|
|poke|p1|Chansey, F|
|poke|p1|Ditto|
|poke|p2|Deoxys-Speed|
|poke|p2|Rayquaza|
|poke|p2|Groudon|
|poke|p2|Yveltal|
|poke|p2|Ditto|
|poke|p2|Calyrex-Shadow|
|teampreview
|
|t:|1665640158
|start
|switch|p1a: Ditto|Ditto|100/100
|switch|p2a: Deoxys|Deoxys-Speed|100/100
|-ability|p2a: Deoxys|Pressure
|-transform|p1a: Ditto|p2a: Deoxys|[from] ability: Imposter
|-ability|p1a: Ditto|Pressure
|turn|1
|
|t:|1665640168
|move|p1a: Ditto|Magic Coat|p1a: Ditto
|-singleturn|p1a: Ditto|move: Magic Coat
|move|p2a: Deoxys|Magic Coat|p2a: Deoxys
|-singleturn|p2a: Deoxys|move: Magic Coat
|
|upkeep
|turn|2
|
|t:|1665640173
|move|p1a: Ditto|Magic Coat|p1a: Ditto
|-singleturn|p1a: Ditto|move: Magic Coat
|move|p2a: Deoxys|Magic Coat|p2a: Deoxys
|-singleturn|p2a: Deoxys|move: Magic Coat
|
|upkeep
|turn|3
|
|t:|1665640177
|move|p1a: Ditto|Magic Coat|p1a: Ditto
|-singleturn|p1a: Ditto|move: Magic Coat
|move|p2a: Deoxys|Magic Coat|p2a: Deoxys
|-singleturn|p2a: Deoxys|move: Magic Coat
|
|upkeep
|turn|4
|
|t:|1665640181
|switch|p1a: Marshadow|Marshadow|100/100
|move|p2a: Deoxys|Magic Coat|p2a: Deoxys
|-singleturn|p2a: Deoxys|move: Magic Coat
|
|upkeep
|turn|5
|
|t:|1665640186
|move|p1a: Marshadow|Shadow Sneak|p2a: Deoxys
|-supereffective|p2a: Deoxys
|-damage|p2a: Deoxys|23/100
|move|p2a: Deoxys|Stealth Rock|p1a: Marshadow
|-sidestart|p1: DECLANO196|move: Stealth Rock
|
|upkeep
|turn|6
|
|t:|1665640191
|move|p1a: Marshadow|Shadow Sneak|p2a: Deoxys
|-supereffective|p2a: Deoxys
|-damage|p2a: Deoxys|0 fnt
|faint|p2a: Deoxys
|
|upkeep
|
|t:|1665640193
|switch|p2a: Yveltal|Yveltal|100/100
|-ability|p2a: Yveltal|Dark Aura
|turn|7
|
|t:|1665640209
|switch|p1a: Ho-Oh|Ho-Oh|100/100
|move|p2a: Yveltal|Oblivion Wing|p1a: Ho-Oh
|-damage|p1a: Ho-Oh|69/100
|-damage|p2a: Yveltal|91/100|[from] item: Life Orb
|
|upkeep
|turn|8
|
|t:|1665640220
|switch|p2a: Groudon|Groudon, shiny|100/100
|detailschange|p2a: Groudon|Groudon-Primal, shiny
|-primal|p2a: Groudon
|-weather|DesolateLand|[from] ability: Desolate Land|[of] p2a: Groudon
|move|p1a: Ho-Oh|Roost|p1a: Ho-Oh
|-heal|p1a: Ho-Oh|100/100
|-singleturn|p1a: Ho-Oh|move: Roost
|
|-weather|DesolateLand|[upkeep]
|upkeep
|turn|9
|
|t:|1665640228
|switch|p1a: Lugia|Lugia|100/100
|move|p2a: Groudon|Stone Edge|p1a: Lugia
|-supereffective|p1a: Lugia
|-damage|p1a: Lugia|79/100
|
|-weather|DesolateLand|[upkeep]
|upkeep
|turn|10
|
|t:|1665640234
|move|p2a: Groudon|Eruption|p1a: Lugia
|-damage|p1a: Lugia|10/100
|move|p1a: Lugia|Reflect|p1a: Lugia
|-sidestart|p1: DECLANO196|Reflect
|
|-weather|DesolateLand|[upkeep]
|upkeep
|turn|11
|
|t:|1665640240
|move|p2a: Groudon|Eruption|p1a: Lugia
|-damage|p1a: Lugia|0 fnt
|faint|p1a: Lugia
|
|-weather|DesolateLand|[upkeep]
|upkeep
|
|t:|1665640275
|switch|p1a: Ditto|Ditto|100/100
|-damage|p1a: Ditto|88/100|[from] Stealth Rock
|-transform|p1a: Ditto|p2a: Groudon|[from] ability: Imposter
|turn|12
|
|t:|1665640282
|move|p1a: Ditto|Precipice Blades|p2a: Groudon
|-supereffective|p2a: Groudon
|-damage|p2a: Groudon|5/100
|move|p2a: Groudon|Precipice Blades|p1a: Ditto
|-supereffective|p1a: Ditto
|-damage|p1a: Ditto|19/100
|
|-weather|DesolateLand|[upkeep]
|upkeep
|turn|13
|
|t:|1665640294
|switch|p1a: Yveltal|Yveltal|100/100
|-damage|p1a: Yveltal|76/100|[from] Stealth Rock
|-ability|p1a: Yveltal|Dark Aura
|-weather|none
|switch|p2a: Rayquaza|Rayquaza|100/100
|-ability|p2a: Rayquaza|Air Lock
|
|upkeep
|turn|14
|
|t:|1665640305
|switch|p2a: Groudon|Groudon-Primal, shiny|5/100
|-weather|DesolateLand|[from] ability: Desolate Land|[of] p2a: Groudon
|-start|p1a: Yveltal|Dynamax|
|-heal|p1a: Yveltal|76/100|[silent]
|move|p1a: Yveltal|Max Airstream|p2a: Groudon
|-damage|p2a: Groudon|0 fnt
|-boost|p1a: Yveltal|spe|1
|faint|p2a: Groudon
|-weather|none
|
|-sideend|p1: DECLANO196|Reflect
|upkeep
|
|t:|1665640320
|switch|p2a: Rayquaza|Rayquaza|100/100
|-ability|p2a: Rayquaza|Air Lock
|turn|15
|
|t:|1665640330
|detailschange|p2a: Rayquaza|Rayquaza-Mega
|-mega|p2a: Rayquaza|Rayquaza|
|-weather|DeltaStream|[from] ability: Delta Stream|[of] p2a: Rayquaza
|move|p1a: Yveltal|Max Darkness|p2a: Rayquaza
|-damage|p2a: Rayquaza|0 fnt
|faint|p2a: Rayquaza
|-weather|none
|
|upkeep
|
|t:|1665640338
|switch|p2a: Ditto|Ditto|100/100
|-transform|p2a: Ditto|p1a: Yveltal|[from] ability: Imposter
|-ability|p2a: Ditto|Dark Aura
|turn|16
|
|t:|1665640351
|switch|p2a: Yveltal|Yveltal|91/100
|-ability|p2a: Yveltal|Dark Aura
|move|p1a: Yveltal|Max Darkness|p2a: Yveltal
|-resisted|p2a: Yveltal
|-damage|p2a: Yveltal|47/100
|-unboost|p2a: Yveltal|spd|1
|
|upkeep
|-end|p1a: Yveltal|Dynamax
|-heal|p1a: Yveltal|76/100|[silent]
|turn|17
|
|t:|1665640362
|move|p1a: Yveltal|Oblivion Wing|p2a: Yveltal
|-damage|p2a: Yveltal|0 fnt
|-heal|p1a: Yveltal|100/100|[from] drain|[of] p2a: Yveltal
|faint|p2a: Yveltal
|
|upkeep
|
|t:|1665640369
|switch|p2a: Calyrex|Calyrex-Shadow|100/100
|-ability|p2a: Calyrex|As One
|-ability|p2a: Calyrex|Unnerve
|turn|18
|
|t:|1665640374
|-start|p2a: Calyrex|Dynamax|
|-heal|p2a: Calyrex|100/100|[silent]
|move|p2a: Calyrex|Max Starfall|p1a: Yveltal
|-supereffective|p1a: Yveltal
|-damage|p1a: Yveltal|54/100
|-fieldstart|move: Misty Terrain
|move|p1a: Yveltal|Dark Pulse|p2a: Calyrex
|-supereffective|p2a: Calyrex
|-enditem|p2a: Calyrex|Focus Sash
|-damage|p2a: Calyrex|1/100
|
|upkeep
|turn|19
|
|t:|1665640385
|move|p2a: Calyrex|Max Starfall|p1a: Yveltal
|-supereffective|p1a: Yveltal
|-damage|p1a: Yveltal|5/100
|move|p1a: Yveltal|Dark Pulse|p2a: Calyrex
|-supereffective|p2a: Calyrex
|-damage|p2a: Calyrex|0 fnt
|faint|p2a: Calyrex
|
|upkeep
|
|t:|1665640388
|switch|p2a: Ditto|Ditto|100/100
|-transform|p2a: Ditto|p1a: Yveltal|[from] ability: Imposter
|-ability|p2a: Ditto|Dark Aura
|turn|20
|
|t:|1665640396
|move|p2a: Ditto|Dark Pulse|p1a: Yveltal
|-resisted|p1a: Yveltal
|-damage|p1a: Yveltal|0 fnt
|faint|p1a: Yveltal
|
|upkeep
|-message|Pikaslayer2001 forfeited.
|
|win|DECLANO196
|raw|DECLANO196's rating: 1828 &rarr; <strong>1846</strong><br />(+18 for winning)
|raw|Pikaslayer2001's rating: 1787 &rarr; <strong>1769</strong><br />(-18 for losing)
|l|☆Pikaslayer2001
