|j|☆85792195wwww
|j|☆Dominator296
|t:|1661791711
|gametype|singles
|player|p1|85792195wwww|lady|1759
|player|p2|Dominator296|alder|1887
|teamsize|p1|6
|teamsize|p2|6
|gen|8
|tier|[Gen 8] National Dex AG
|rated|
|rule|HP Percentage Mod: HP is shown in percentages
|rule|Endless Battle Clause: Forcing endless battles is banned
|clearpoke
|poke|p1|Rayquaza|
|poke|p1|Zacian-*|
|poke|p1|Kyogre|
|poke|p1|Arceus-*|
|poke|p1|Marshadow|
|poke|p1|Ditto|
|poke|p2|Kyogre|
|poke|p2|Groudon|
|poke|p2|Tyranitar, F|
|poke|p2|Necrozma-Dusk-Mane|
|poke|p2|Arceus-*|
|poke|p2|Arceus-*|
|teampreview
|
|t:|1661791723
|start
|switch|p1a: Marshadow|Marshadow|100/100
|switch|p2a: Necrozma|Necrozma-Dusk-Mane|100/100
|turn|1
|
|t:|1661791730
|move|p1a: Marshadow|Poltergeist|p2a: Necrozma
|-activate|p2a: Necrozma|move: Poltergeist|Ultranecrozium Z
|-supereffective|p2a: Necrozma
|-damage|p2a: Necrozma|20/100
|-damage|p1a: Marshadow|91/100|[from] item: Life Orb
|move|p2a: Necrozma|Thunder Wave|p1a: Marshadow
|-status|p1a: Marshadow|par
|
|upkeep
|turn|2
|
|t:|1661791740
|detailschange|p2a: Necrozma|Necrozma-Ultra
|-burst|p2a: Necrozma|Necrozma|Ultranecrozium Z
|move|p1a: Marshadow|Shadow Sneak|p2a: Necrozma
|-supereffective|p2a: Necrozma
|-damage|p2a: Necrozma|0 fnt
|faint|p2a: Necrozma
|-damage|p1a: Marshadow|81/100 par|[from] item: Life Orb
|
|upkeep
|
|t:|1661791748
|switch|p2a: Groudon|Groudon|100/100
|detailschange|p2a: Groudon|Groudon-Primal
|-primal|p2a: Groudon
|-weather|DesolateLand|[from] ability: Desolate Land|[of] p2a: Groudon
|turn|3
|
|t:|1661791754
|move|p2a: Groudon|Fire Punch|p1a: Marshadow
|-damage|p1a: Marshadow|0 fnt
|faint|p1a: Marshadow
|
|-weather|DesolateLand|[upkeep]
|upkeep
|
|t:|1661791763
|switch|p1a: Kyogre|Kyogre|100/100
|detailschange|p1a: Kyogre|Kyogre-Primal
|-primal|p1a: Kyogre
|-weather|PrimordialSea|[from] ability: Primordial Sea|[of] p1a: Kyogre
|turn|4
|
|t:|1661791780
|switch|p2a: Kyogre|Kyogre|100/100
|-ability|p2a: Kyogre|Drizzle|[from] primordialsea|[fail]
|move|p1a: Kyogre|Water Spout|p2a: Kyogre
|-resisted|p2a: Kyogre
|-damage|p2a: Kyogre|40/100
|
|-weather|PrimordialSea|[upkeep]
|upkeep
|turn|5
|
|t:|1661791789
|-weather|none
|switch|p1a: Arceus|Arceus-Electric|100/100
|move|p2a: Kyogre|Thunder|p1a: Arceus
|-resisted|p1a: Arceus
|-damage|p1a: Arceus|84/100
|
|upkeep
|turn|6
|
|t:|1661791800
|switch|p2a: Arceus|Arceus, shiny|100/100
|move|p1a: Arceus|Stealth Rock|p2a: Arceus
|-sidestart|p2: Dominator296|move: Stealth Rock
|
|upkeep
|turn|7
|
|t:|1661791812
|switch|p1a: Zacian|Zacian-Crowned|100/100
|-ability|p1a: Zacian|Intrepid Sword|boost
|-boost|p1a: Zacian|atk|1
|move|p2a: Arceus|Swords Dance|p2a: Arceus
|-boost|p2a: Arceus|atk|2
|
|upkeep
|turn|8
|
|t:|1661791820
|-start|p2a: Arceus|Dynamax|
|-heal|p2a: Arceus|100/100|[silent]
|move|p1a: Zacian|Behemoth Blade|p2a: Arceus
|-damage|p2a: Arceus|32/100
|move|p2a: Arceus|Max Strike|p1a: Zacian
|-resisted|p1a: Zacian
|-damage|p1a: Zacian|28/100
|-unboost|p1a: Zacian|spe|1
|
|upkeep
|turn|9
|
|t:|1661791837
|move|p2a: Arceus|Max Strike|p1a: Zacian
|-resisted|p1a: Zacian
|-damage|p1a: Zacian|0 fnt
|faint|p1a: Zacian
|
|upkeep
|
|t:|1661791851
|switch|p1a: Ditto|Ditto|100/100
|-transform|p1a: Ditto|p2a: Arceus|[from] ability: Imposter
|turn|10
|
|t:|1661791861
|-start|p1a: Ditto|Dynamax|
|-heal|p1a: Ditto|100/100|[silent]
|move|p1a: Ditto|Max Strike|p2a: Arceus
|-damage|p2a: Arceus|0 fnt
|faint|p2a: Arceus
|
|upkeep
|
|t:|1661791881
|switch|p2a: Tyranitar|Tyranitar, F|100/100
|-damage|p2a: Tyranitar|88/100|[from] Stealth Rock
|-weather|Sandstorm|[from] ability: Sand Stream|[of] p2a: Tyranitar
|turn|11
|
|t:|1661791890
|detailschange|p2a: Tyranitar|Tyranitar-Mega, F
|-mega|p2a: Tyranitar|Tyranitar|Tyranitarite
|move|p1a: Ditto|Max Phantasm|p2a: Tyranitar
|-resisted|p2a: Tyranitar
|-damage|p2a: Tyranitar|61/100
|-unboost|p2a: Tyranitar|def|1
|move|p2a: Tyranitar|Crunch|p1a: Ditto
|-damage|p1a: Ditto|73/100
|
|-weather|Sandstorm|[upkeep]
|-damage|p1a: Ditto|70/100|[from] Sandstorm
|upkeep
|turn|12
|
|t:|1661791903
|move|p1a: Ditto|Max Strike|p2a: Tyranitar
|-resisted|p2a: Tyranitar
|-damage|p2a: Tyranitar|0 fnt
|faint|p2a: Tyranitar
|
|-weather|Sandstorm|[upkeep]
|-damage|p1a: Ditto|67/100|[from] Sandstorm
|upkeep
|
|t:|1661791914
|switch|p2a: Arceus|Arceus-Flying|100/100
|-damage|p2a: Arceus|76/100|[from] Stealth Rock
|-end|p1a: Ditto|Dynamax
|-heal|p1a: Ditto|67/100|[silent]
|turn|13
|
|t:|1661791921
|move|p1a: Ditto|Extreme Speed|p2a: Arceus
|-damage|p2a: Arceus|33/100
|move|p2a: Arceus|Recover|p2a: Arceus
|-heal|p2a: Arceus|83/100
|
|-weather|Sandstorm|[upkeep]
|-damage|p1a: Ditto|61/100|[from] Sandstorm
|-damage|p2a: Arceus|77/100|[from] Sandstorm
|upkeep
|turn|14
|
|t:|1661791932
|switch|p1a: Arceus|Arceus-Electric|84/100
|move|p2a: Arceus|Recover|p2a: Arceus
|-heal|p2a: Arceus|100/100
|
|-weather|Sandstorm|[upkeep]
|-damage|p1a: Arceus|78/100|[from] Sandstorm
|-damage|p2a: Arceus|94/100|[from] Sandstorm
|upkeep
|turn|15
|
|t:|1661791941
|switch|p2a: Groudon|Groudon-Primal|100/100
|-damage|p2a: Groudon|88/100|[from] Stealth Rock
|-weather|DesolateLand|[from] ability: Desolate Land|[of] p2a: Groudon
|move|p1a: Arceus|Judgment|p2a: Groudon
|-immune|p2a: Groudon
|
|-weather|DesolateLand|[upkeep]
|upkeep
|turn|16
|
|t:|1661791952
|switch|p1a: Ditto|Ditto|61/100
|-transform|p1a: Ditto|p2a: Groudon|[from] ability: Imposter
|move|p2a: Groudon|Rock Polish|p2a: Groudon
|-boost|p2a: Groudon|spe|2
|
|-weather|DesolateLand|[upkeep]
|upkeep
|turn|17
|
|t:|1661791963
|switch|p1a: Rayquaza|Rayquaza|100/100
|-ability|p1a: Rayquaza|Air Lock
|move|p2a: Groudon|Precipice Blades|p1a: Rayquaza
|-immune|p1a: Rayquaza
|
|-weather|DesolateLand|[upkeep]
|upkeep
|turn|18
|
|t:|1661791974
|detailschange|p1a: Rayquaza|Rayquaza-Mega
|-mega|p1a: Rayquaza|Rayquaza|
|-weather|DeltaStream|[from] ability: Delta Stream|[of] p1a: Rayquaza
|move|p2a: Groudon|Rock Slide|p1a: Rayquaza
|-activate||deltastream
|-damage|p1a: Rayquaza|64/100
|cant|p1a: Rayquaza|flinch
|
|-weather|DeltaStream|[upkeep]
|upkeep
|turn|19
|
|t:|1661791987
|move|p2a: Groudon|Rock Slide|p1a: Rayquaza
|-activate||deltastream
|-damage|p1a: Rayquaza|30/100
|cant|p1a: Rayquaza|flinch
|
|-weather|DeltaStream|[upkeep]
|upkeep
|turn|20
|
|t:|1661791995
|-weather|none
|switch|p1a: Ditto|Ditto|61/100
|-transform|p1a: Ditto|p2a: Groudon|[from] ability: Imposter
|-weather|DesolateLand|[from] ability: Desolate Land|[of] p1a: Ditto
|move|p2a: Groudon|Rock Slide|p1a: Ditto
|-damage|p1a: Ditto|36/100
|
|-weather|DesolateLand|[upkeep]
|upkeep
|turn|21
|
|t:|1661792008
|switch|p2a: Arceus|Arceus-Flying|94/100
|-damage|p2a: Arceus|69/100|[from] Stealth Rock
|move|p1a: Ditto|Precipice Blades|p2a: Arceus
|-immune|p2a: Arceus
|
|-weather|DesolateLand|[upkeep]
|upkeep
|turn|22
|
|t:|1661792017
|-weather|none
|switch|p1a: Arceus|Arceus-Electric|78/100
|move|p2a: Arceus|Judgment|p1a: Arceus
|-resisted|p1a: Arceus
|-damage|p1a: Arceus|61/100
|
|upkeep
|turn|23
|
|t:|1661792027
|switch|p2a: Groudon|Groudon-Primal|88/100
|-damage|p2a: Groudon|76/100|[from] Stealth Rock
|-weather|DesolateLand|[from] ability: Desolate Land|[of] p2a: Groudon
|move|p1a: Arceus|Earth Power|p2a: Groudon
|-supereffective|p2a: Groudon
|-damage|p2a: Groudon|19/100
|
|-weather|DesolateLand|[upkeep]
|upkeep
|turn|24
|
|t:|1661792037
|move|p1a: Arceus|Earth Power|p2a: Groudon
|-supereffective|p2a: Groudon
|-damage|p2a: Groudon|0 fnt
|faint|p2a: Groudon
|-weather|none
|
|upkeep
|
|t:|1661792039
|switch|p2a: Kyogre|Kyogre|40/100
|-damage|p2a: Kyogre|27/100|[from] Stealth Rock
|-weather|RainDance|[from] ability: Drizzle|[of] p2a: Kyogre
|turn|25
|
|t:|1661792051
|switch|p1a: Rayquaza|Rayquaza-Mega|30/100
|-weather|DeltaStream|[from] ability: Delta Stream|[of] p1a: Rayquaza
|move|p2a: Kyogre|Surf|p1a: Rayquaza
|-resisted|p1a: Rayquaza
|-damage|p1a: Rayquaza|6/100
|
|-weather|DeltaStream|[upkeep]
|upkeep
|turn|26
|
|t:|1661792064
|move|p2a: Kyogre|Surf|p1a: Rayquaza
|-resisted|p1a: Rayquaza
|-damage|p1a: Rayquaza|0 fnt
|faint|p1a: Rayquaza
|-weather|none
|
|upkeep
|
|t:|1661792076
|switch|p1a: Ditto|Ditto|36/100
|-transform|p1a: Ditto|p2a: Kyogre|[from] ability: Imposter
|-weather|RainDance|[from] ability: Drizzle|[of] p1a: Ditto
|turn|27
|
|t:|1661792085
|move|p1a: Ditto|Thunder|p2a: Kyogre
|-supereffective|p2a: Kyogre
|-damage|p2a: Kyogre|0 fnt
|faint|p2a: Kyogre
|
|-weather|RainDance|[upkeep]
|upkeep
|
|t:|1661792088
|switch|p2a: Arceus|Arceus-Flying|69/100
|-damage|p2a: Arceus|45/100|[from] Stealth Rock
|turn|28
|
|t:|1661792094
|move|p1a: Ditto|Thunder|p2a: Arceus
|-supereffective|p2a: Arceus
|-crit|p2a: Arceus
|-damage|p2a: Arceus|0 fnt
|faint|p2a: Arceus
|
|win|85792195wwww
|raw|85792195wwww's rating: 1759 &rarr; <strong>1786</strong><br />(+27 for winning)
|raw|Dominator296's rating: 1887 &rarr; <strong>1860</strong><br />(-27 for losing)
