|j|☆Hoenn Militian
|j|☆chippytreatz
|t:|1652046636
|gametype|singles
|player|p1|Hoenn Militian|ingo|1639
|player|p2|chippytreatz|veteran|1883
|teamsize|p1|6
|teamsize|p2|6
|gen|8
|tier|[Gen 8] National Dex AG
|rated|
|rule|HP Percentage Mod: HP is shown in percentages
|rule|Endless Battle Clause: Forcing endless battles is banned
|clearpoke
|poke|p1|Yveltal|
|poke|p1|Arceus-*|
|poke|p1|Mamoswine, F|
|poke|p1|Shedinja|
|poke|p1|Kyogre|
|poke|p1|Zacian-*|
|poke|p2|Zacian-*|
|poke|p2|Arceus-*|
|poke|p2|Arceus-*|
|poke|p2|Yveltal|
|poke|p2|Ditto|
|poke|p2|Necrozma-Dusk-Mane|
|teampreview
|
|t:|1652046654
|start
|switch|p1a: Kyogre|Kyogre|100/100
|switch|p2a: Arceus|Arceus-Ground|100/100
|-weather|RainDance|[from] ability: Drizzle|[of] p1a: Kyogre
|turn|1
|
|t:|1652046661
|move|p2a: Arceus|Stealth Rock|p1a: Kyogre
|-sidestart|p1: Hoenn Militian|move: Stealth Rock
|move|p1a: Kyogre|Water Spout|p2a: Arceus
|-supereffective|p2a: Arceus
|-damage|p2a: Arceus|0 fnt
|faint|p2a: Arceus
|
|-weather|RainDance|[upkeep]
|upkeep
|
|t:|1652046665
|switch|p2a: Zacian|Zacian-Crowned|100/100
|-ability|p2a: Zacian|Intrepid Sword|boost
|-boost|p2a: Zacian|atk|1
|turn|2
|
|t:|1652046671
|switch|p1a: Shedinja|Shedinja|100/100
|move|p2a: Zacian|Wild Charge|p1a: Shedinja
|-immune|p1a: Shedinja|[from] ability: Wonder Guard
|
|-weather|RainDance|[upkeep]
|upkeep
|turn|3
|
|t:|1652046677
|switch|p2a: Yveltal|Yveltal|100/100
|-ability|p2a: Yveltal|Dark Aura
|move|p1a: Shedinja|Baton Pass|p1a: Shedinja
|
|t:|1652046691
|switch|p1a: Kyogre|Kyogre|100/100|[from]move: Baton Pass
|-damage|p1a: Kyogre|88/100|[from] Stealth Rock
|
|-weather|RainDance|[upkeep]
|upkeep
|turn|4
|
|t:|1652046701
|-start|p1a: Kyogre|Dynamax|
|-heal|p1a: Kyogre|88/100|[silent]
|move|p2a: Yveltal|Dark Pulse|p1a: Kyogre
|-damage|p1a: Kyogre|68/100
|move|p1a: Kyogre|Max Geyser|p2a: Yveltal
|-damage|p2a: Yveltal|0 fnt
|faint|p2a: Yveltal
|
|-weather|RainDance|[upkeep]
|upkeep
|
|t:|1652046707
|switch|p2a: Necrozma|Necrozma-Dusk-Mane|100/100
|turn|5
|
|t:|1652046713
|detailschange|p2a: Necrozma|Necrozma-Ultra
|-burst|p2a: Necrozma|Necrozma|Ultranecrozium Z
|move|p2a: Necrozma|Dragon Dance|p2a: Necrozma
|-boost|p2a: Necrozma|atk|1
|-boost|p2a: Necrozma|spe|1
|move|p1a: Kyogre|Max Hailstorm|p2a: Necrozma
|-supereffective|p2a: Necrozma
|-damage|p2a: Necrozma|0 fnt
|-weather|Hail
|faint|p2a: Necrozma
|
|-weather|Hail|[upkeep]
|upkeep
|
|t:|1652046722
|switch|p2a: Zacian|Zacian-Crowned|100/100
|-ability|p2a: Zacian|Intrepid Sword|boost
|-boost|p2a: Zacian|atk|1
|turn|6
|
|t:|1652046727
|-end|p1a: Kyogre|Dynamax
|-heal|p1a: Kyogre|68/100|[silent]
|switch|p1a: Mamoswine|Mamoswine, F|100/100
|-damage|p1a: Mamoswine|88/100|[from] Stealth Rock
|move|p2a: Zacian|Wild Charge|p1a: Mamoswine
|-immune|p1a: Mamoswine
|
|-weather|Hail|[upkeep]
|-damage|p2a: Zacian|94/100|[from] Hail
|upkeep
|turn|7
|
|t:|1652046746
|move|p1a: Mamoswine|Ice Shard|p2a: Zacian
|-resisted|p2a: Zacian
|-damage|p2a: Zacian|84/100
|move|p2a: Zacian|Behemoth Blade|p1a: Mamoswine
|-supereffective|p1a: Mamoswine
|-damage|p1a: Mamoswine|0 fnt
|faint|p1a: Mamoswine
|
|-weather|Hail|[upkeep]
|-damage|p2a: Zacian|78/100|[from] Hail
|upkeep
|
|t:|1652046757
|switch|p1a: Kyogre|Kyogre|68/100
|-damage|p1a: Kyogre|56/100|[from] Stealth Rock
|-weather|RainDance|[from] ability: Drizzle|[of] p1a: Kyogre
|turn|8
|
|t:|1652046764
|switch|p1a: Shedinja|Shedinja|100/100
|move|p2a: Zacian|Wild Charge|p1a: Shedinja
|-immune|p1a: Shedinja|[from] ability: Wonder Guard
|
|-weather|RainDance|[upkeep]
|upkeep
|turn|9
|
|t:|1652046773
|switch|p2a: Arceus|Arceus|100/100
|move|p1a: Shedinja|Baton Pass|p1a: Shedinja
|
|t:|1652046777
|switch|p1a: Zacian|Zacian-Crowned|100/100|[from]move: Baton Pass
|-damage|p1a: Zacian|94/100|[from] Stealth Rock
|-ability|p1a: Zacian|Intrepid Sword|boost
|-boost|p1a: Zacian|atk|1
|
|-weather|RainDance|[upkeep]
|upkeep
|turn|10
|
|t:|1652046785
|move|p1a: Zacian|Behemoth Blade|p2a: Arceus
|-damage|p2a: Arceus|24/100
|move|p2a: Arceus|Swords Dance|p2a: Arceus
|-boost|p2a: Arceus|atk|2
|
|-weather|RainDance|[upkeep]
|upkeep
|turn|11
|
|t:|1652046792
|move|p2a: Arceus|Extreme Speed|p1a: Zacian
|-resisted|p1a: Zacian
|-damage|p1a: Zacian|58/100
|move|p1a: Zacian|Behemoth Blade|p2a: Arceus
|-damage|p2a: Arceus|0 fnt
|faint|p2a: Arceus
|
|-weather|RainDance|[upkeep]
|upkeep
|
|t:|1652046796
|switch|p2a: Zacian|Zacian-Crowned|78/100
|-ability|p2a: Zacian|Intrepid Sword|boost
|-boost|p2a: Zacian|atk|1
|turn|12
|
|t:|1652046805
|switch|p1a: Shedinja|Shedinja|100/100
|move|p2a: Zacian|Behemoth Blade|p1a: Shedinja
|-immune|p1a: Shedinja|[from] ability: Wonder Guard
|
|-weather|none
|upkeep
|turn|13
|-message|chippytreatz forfeited.
|
|win|Hoenn Militian
|raw|Hoenn Militian's rating: 1639 &rarr; <strong>1671</strong><br />(+32 for winning)
|raw|chippytreatz's rating: 1883 &rarr; <strong>1851</strong><br />(-32 for losing)
|l|☆chippytreatz
||Ladder isn't responding, score probably updated but might not have (Request timeout).
