|j|☆MVP2536
|j|☆Lord Rekkuza
|t:|1662816435
|gametype|singles
|player|p1|MVP2536|giovanni|1838
|player|p2|Lord Rekkuza|lance-masters|1772
|teamsize|p1|6
|teamsize|p2|6
|gen|8
|tier|[Gen 8] National Dex AG
|rated|
|rule|HP Percentage Mod: HP is shown in percentages
|rule|Endless Battle Clause: Forcing endless battles is banned
|clearpoke
|poke|p1|Groudon|
|poke|p1|Aegislash, M|
|poke|p1|Rotom-Wash|
|poke|p1|Scrafty, M|
|poke|p1|Whimsicott, F|
|poke|p1|Ditto|
|poke|p2|Chansey, F|
|poke|p2|Necrozma-Dusk-Mane|
|poke|p2|Arceus-*|
|poke|p2|Arceus-*|
|poke|p2|Yveltal|
|poke|p2|Arceus-*|
|teampreview
|inactive|Battle timer is ON: inactive players will automatically lose when time's up. (requested by Lord Rekkuza)
|
|t:|1662816449
|start
|switch|p1a: Ditto|Ditto|100/100
|switch|p2a: Necrozma|Necrozma-Dusk-Mane|100/100
|-transform|p1a: Ditto|p2a: Necrozma|[from] ability: Imposter
|turn|1
|
|t:|1662816456
|move|p1a: Ditto|Stealth Rock|p2a: Necrozma
|-sidestart|p2: Lord Rekkuza|move: Stealth Rock
|move|p2a: Necrozma|Stealth Rock|p1a: Ditto
|-sidestart|p1: MVP2536|move: Stealth Rock
|
|upkeep
|turn|2
|
|t:|1662816460
|switch|p1a: garbage|Groudon|100/100
|-damage|p1a: garbage|94/100|[from] Stealth Rock
|detailschange|p1a: garbage|Groudon-Primal
|-primal|p1a: garbage
|-weather|DesolateLand|[from] ability: Desolate Land|[of] p1a: garbage
|switch|p2a: Arceus|Arceus-Water|100/100
|-damage|p2a: Arceus|88/100|[from] Stealth Rock
|
|-weather|DesolateLand|[upkeep]
|upkeep
|turn|3
|
|t:|1662816470
|move|p2a: Arceus|Defog|p1a: garbage
|-unboost|p1a: garbage|evasion|1
|-sideend|p1: MVP2536|Stealth Rock|[from] move: Defog|[of] p2a: Arceus
|-sideend|p2: Lord Rekkuza|Stealth Rock|[from] move: Defog|[of] p2a: Arceus
|move|p1a: garbage|Precipice Blades|p2a: Arceus
|-crit|p2a: Arceus
|-damage|p2a: Arceus|33/100
|
|-weather|DesolateLand|[upkeep]
|upkeep
|turn|4
|
|t:|1662816478
|-weather|none
|switch|p1a: Ditto|Ditto|100/100
|-transform|p1a: Ditto|p2a: Arceus|[from] ability: Imposter
|move|p2a: Arceus|Recover|p2a: Arceus
|-heal|p2a: Arceus|83/100
|
|upkeep
|turn|5
|
|t:|1662816488
|switch|p1a: garbage|Groudon-Primal|94/100
|-weather|DesolateLand|[from] ability: Desolate Land|[of] p1a: garbage
|move|p2a: Arceus|Judgment||[still]
|-fail|p2a: Arceus|Judgment|[from] Desolate Land
|
|-weather|DesolateLand|[upkeep]
|upkeep
|turn|6
|
|t:|1662816495
|move|p2a: Arceus|Ice Beam|p1a: garbage
|-damage|p1a: garbage|78/100
|move|p1a: garbage|Precipice Blades|p2a: Arceus
|-damage|p2a: Arceus|45/100
|
|-weather|DesolateLand|[upkeep]
|upkeep
|turn|7
|
|t:|1662816500
|move|p2a: Arceus|Recover|p2a: Arceus
|-heal|p2a: Arceus|95/100
|move|p1a: garbage|Precipice Blades|p2a: Arceus
|-damage|p2a: Arceus|59/100
|
|-weather|DesolateLand|[upkeep]
|upkeep
|turn|8
|
|t:|1662816506
|move|p2a: Arceus|Ice Beam|p1a: garbage
|-damage|p1a: garbage|60/100
|move|p1a: garbage|Precipice Blades|p2a: Arceus
|-damage|p2a: Arceus|22/100
|
|-weather|DesolateLand|[upkeep]
|upkeep
|turn|9
|
|t:|1662816511
|move|p2a: Arceus|Recover|p2a: Arceus
|-heal|p2a: Arceus|72/100
|move|p1a: garbage|Rest|p1a: garbage
|-status|p1a: garbage|slp|[from] move: Rest
|-heal|p1a: garbage|100/100 slp|[silent]
|
|-weather|DesolateLand|[upkeep]
|upkeep
|turn|10
|
|t:|1662816516
|move|p2a: Arceus|Recover|p2a: Arceus
|-heal|p2a: Arceus|100/100
|cant|p1a: garbage|slp
|move|p1a: garbage|Sleep Talk|p1a: garbage
|move|p1a: garbage|Rest||[from]move: Sleep Talk|[still]
|-fail|p1a: garbage
|
|-weather|DesolateLand|[upkeep]
|upkeep
|turn|11
|
|t:|1662816531
|switch|p2a: Arceus|Arceus-Ground|100/100
|cant|p1a: garbage|slp
|move|p1a: garbage|Sleep Talk|p1a: garbage
|move|p1a: garbage|Precipice Blades|p2a: Arceus|[from]move: Sleep Talk
|-damage|p2a: Arceus|50/100
|
|-weather|DesolateLand|[upkeep]
|upkeep
|turn|12
|
|t:|1662816538
|move|p2a: Arceus|Recover|p2a: Arceus
|-heal|p2a: Arceus|99/100
|-curestatus|p1a: garbage|slp|[msg]
|move|p1a: garbage|Heat Crash|p2a: Arceus
|-damage|p2a: Arceus|43/100
|
|-weather|DesolateLand|[upkeep]
|upkeep
|turn|13
|
|t:|1662816545
|move|p2a: Arceus|Judgment|p1a: garbage
|-supereffective|p1a: garbage
|-damage|p1a: garbage|11/100
|move|p1a: garbage|Heat Crash|p2a: Arceus
|-damage|p2a: Arceus|0 fnt
|faint|p2a: Arceus
|
|-weather|DesolateLand|[upkeep]
|upkeep
|
|t:|1662816564
|switch|p2a: Yveltal|Yveltal|100/100
|-ability|p2a: Yveltal|Dark Aura
|turn|14
|
|t:|1662816573
|move|p2a: Yveltal|Oblivion Wing|p1a: garbage
|-damage|p1a: garbage|0 fnt
|faint|p1a: garbage
|-weather|none
|-damage|p2a: Yveltal|91/100|[from] item: Life Orb
|
|upkeep
|
|t:|1662816596
|switch|p1a: Ditto|Ditto|100/100
|-transform|p1a: Ditto|p2a: Yveltal|[from] ability: Imposter
|-ability|p1a: Ditto|Dark Aura
|turn|15
|
|t:|1662816603
|switch|p2a: Arceus|Arceus-Dark|100/100
|-start|p1a: Ditto|Dynamax|
|-heal|p1a: Ditto|100/100|[silent]
|move|p1a: Ditto|Max Airstream|p2a: Arceus
|-damage|p2a: Arceus|65/100
|-boost|p1a: Ditto|spe|1
|
|upkeep
|turn|16
|
|t:|1662816608
|move|p1a: Ditto|Max Darkness|p2a: Arceus
|-resisted|p2a: Arceus
|-damage|p2a: Arceus|39/100
|-unboost|p2a: Arceus|spd|1
|move|p2a: Arceus|Recover|p2a: Arceus
|-heal|p2a: Arceus|89/100
|
|upkeep
|turn|17
|
|t:|1662816622
|move|p1a: Ditto|Max Darkness|p2a: Arceus
|-resisted|p2a: Arceus
|-damage|p2a: Arceus|53/100
|-unboost|p2a: Arceus|spd|1
|move|p2a: Arceus|Recover|p2a: Arceus
|-heal|p2a: Arceus|100/100
|
|upkeep
|-end|p1a: Ditto|Dynamax
|-heal|p1a: Ditto|100/100|[silent]
|turn|18
|
|t:|1662816627
|move|p1a: Ditto|Oblivion Wing|p2a: Arceus
|-damage|p2a: Arceus|51/100
|move|p2a: Arceus|Snarl|p1a: Ditto
|-resisted|p1a: Ditto
|-damage|p1a: Ditto|80/100
|-unboost|p1a: Ditto|spa|1
|
|upkeep
|turn|19
|
|t:|1662816634
|move|p1a: Ditto|Oblivion Wing|p2a: Arceus
|-damage|p2a: Arceus|19/100
|-heal|p1a: Ditto|100/100|[from] drain|[of] p2a: Arceus
|move|p2a: Arceus|Recover|p2a: Arceus
|-heal|p2a: Arceus|69/100
|
|upkeep
|turn|20
|
|t:|1662816638
|switch|p1a: Whimsicott|Whimsicott, F|100/100
|move|p2a: Arceus|Recover|p2a: Arceus
|-heal|p2a: Arceus|100/100
|
|upkeep
|turn|21
|
|t:|1662816656
|switch|p2a: Necrozma|Necrozma-Dusk-Mane|100/100
|move|p1a: Whimsicott|Substitute|p1a: Whimsicott
|-start|p1a: Whimsicott|Substitute
|-damage|p1a: Whimsicott|76/100
|
|upkeep
|turn|22
|
|t:|1662816662
|move|p1a: Whimsicott|Leech Seed|p2a: Necrozma|[miss]
|-miss|p1a: Whimsicott|p2a: Necrozma
|move|p2a: Necrozma|Sunsteel Strike|p1a: Whimsicott
|-supereffective|p1a: Whimsicott
|-crit|p1a: Whimsicott
|-end|p1a: Whimsicott|Substitute
|
|upkeep
|turn|23
|j| Apprenti Buck
|
|t:|1662816674
|switch|p1a: Ditto|Ditto|100/100
|-transform|p1a: Ditto|p2a: Necrozma|[from] ability: Imposter
|move|p2a: Necrozma|Sunsteel Strike|p1a: Ditto
|-resisted|p1a: Ditto
|-damage|p1a: Ditto|84/100
|
|upkeep
|turn|24
|
|t:|1662816679
|switch|p2a: Arceus|Arceus-Water|100/100
|move|p1a: Ditto|Stealth Rock|p2a: Arceus
|-sidestart|p2: Lord Rekkuza|move: Stealth Rock
|
|upkeep
|turn|25
|
|t:|1662816683
|switch|p1a: Rotom|Rotom-Wash|100/100
|move|p2a: Arceus|Defog|p1a: Rotom
|-unboost|p1a: Rotom|evasion|1
|-sideend|p2: Lord Rekkuza|Stealth Rock|[from] move: Defog|[of] p2a: Arceus
|
|upkeep
|turn|26
|
|t:|1662816688
|switch|p2a: Arceus|Arceus-Dark|100/100
|move|p1a: Rotom|Toxic|p2a: Arceus
|-status|p2a: Arceus|tox
|
|-damage|p2a: Arceus|94/100 tox|[from] psn
|upkeep
|turn|27
|
|t:|1662816698
|move|p2a: Arceus|Snarl|p1a: Rotom
|-damage|p1a: Rotom|73/100
|-unboost|p1a: Rotom|spa|1
|move|p1a: Rotom|Volt Switch|p2a: Arceus
|-damage|p2a: Arceus|85/100 tox
|
|t:|1662816710
|switch|p1a: Whimsicott|Whimsicott, F|76/100|[from]move: Volt Switch
|
|-damage|p2a: Arceus|73/100 tox|[from] psn
|upkeep
|turn|28
|c|☆MVP2536|oh hi buck
|
|t:|1662816730
|switch|p2a: Necrozma|Necrozma-Dusk-Mane|100/100
|move|p1a: Whimsicott|Leech Seed|p2a: Necrozma
|-start|p2a: Necrozma|move: Leech Seed
|
|-damage|p2a: Necrozma|88/100|[from] Leech Seed|[of] p1a: Whimsicott
|-heal|p1a: Whimsicott|94/100|[silent]
|upkeep
|turn|29
|
|t:|1662816737
|move|p1a: Whimsicott|Substitute|p1a: Whimsicott
|-start|p1a: Whimsicott|Substitute
|-damage|p1a: Whimsicott|69/100
|move|p2a: Necrozma|Stealth Rock|p1a: Whimsicott
|-sidestart|p1: MVP2536|move: Stealth Rock
|
|-damage|p2a: Necrozma|76/100|[from] Leech Seed|[of] p1a: Whimsicott
|-heal|p1a: Whimsicott|88/100|[silent]
|upkeep
|turn|30
|
|t:|1662816743
|switch|p2a: Arceus|Arceus-Dark|73/100 tox
|move|p1a: Whimsicott|Taunt|p2a: Arceus
|-start|p2a: Arceus|move: Taunt
|
|-damage|p2a: Arceus|67/100 tox|[from] psn
|upkeep
|turn|31
|
|t:|1662816752
|switch|p2a: Chansey|Chansey, F|100/100
|move|p1a: Whimsicott|Leech Seed|p2a: Chansey|[miss]
|-miss|p1a: Whimsicott|p2a: Chansey
|
|upkeep
|turn|32
|
|t:|1662816761
|move|p1a: Whimsicott|Taunt|p2a: Chansey
|-start|p2a: Chansey|move: Taunt
|cant|p2a: Chansey|move: Taunt|Confide
|
|upkeep
|turn|33
|j| aklinjingu
|
|t:|1662816766
|move|p1a: Whimsicott|Leech Seed|p2a: Chansey
|-start|p2a: Chansey|move: Leech Seed
|move|p2a: Chansey|Seismic Toss|p1a: Whimsicott
|-end|p1a: Whimsicott|Substitute
|
|-damage|p2a: Chansey|88/100|[from] Leech Seed|[of] p1a: Whimsicott
|-heal|p1a: Whimsicott|100/100|[silent]
|upkeep
|turn|34
|
|t:|1662816784
|move|p1a: Whimsicott|Substitute|p1a: Whimsicott
|-start|p1a: Whimsicott|Substitute
|-damage|p1a: Whimsicott|76/100
|move|p2a: Chansey|Seismic Toss|p1a: Whimsicott
|-end|p1a: Whimsicott|Substitute
|
|-damage|p2a: Chansey|76/100|[from] Leech Seed|[of] p1a: Whimsicott
|-heal|p1a: Whimsicott|100/100|[silent]
|-end|p2a: Chansey|move: Taunt
|upkeep
|turn|35
|
|t:|1662816793
|move|p1a: Whimsicott|Taunt|p2a: Chansey
|-start|p2a: Chansey|move: Taunt
|move|p2a: Chansey|Seismic Toss|p1a: Whimsicott
|-damage|p1a: Whimsicott|62/100
|
|-damage|p2a: Chansey|63/100|[from] Leech Seed|[of] p1a: Whimsicott
|-heal|p1a: Whimsicott|93/100|[silent]
|upkeep
|turn|36
|
|t:|1662816802
|switch|p2a: Necrozma|Necrozma-Dusk-Mane|76/100
|move|p1a: Whimsicott|Substitute|p1a: Whimsicott
|-start|p1a: Whimsicott|Substitute
|-damage|p1a: Whimsicott|68/100
|
|upkeep
|turn|37
|
|t:|1662816808
|move|p1a: Whimsicott|Leech Seed|p2a: Necrozma|[miss]
|-miss|p1a: Whimsicott|p2a: Necrozma
|move|p2a: Necrozma|Sunsteel Strike|p1a: Whimsicott
|-supereffective|p1a: Whimsicott
|-end|p1a: Whimsicott|Substitute
|
|upkeep
|turn|38
|j| Bartburp93
|c|☆MVP2536|is that three misses?
|
|t:|1662816822
|switch|p1a: Ditto|Ditto|84/100
|-damage|p1a: Ditto|72/100|[from] Stealth Rock
|-transform|p1a: Ditto|p2a: Necrozma|[from] ability: Imposter
|move|p2a: Necrozma|Sunsteel Strike|p1a: Ditto
|-resisted|p1a: Ditto
|-damage|p1a: Ditto|54/100
|
|upkeep
|turn|39
|
|t:|1662816833
|move|p1a: Ditto|Morning Sun|p1a: Ditto
|-heal|p1a: Ditto|100/100
|move|p2a: Necrozma|Morning Sun|p2a: Necrozma
|-heal|p2a: Necrozma|100/100
|
|upkeep
|turn|40
|
|t:|1662816838
|switch|p1a: Aegislash|Aegislash, M|100/100
|-damage|p1a: Aegislash|94/100|[from] Stealth Rock
|move|p2a: Necrozma|Toxic|p1a: Aegislash
|-immune|p1a: Aegislash
|
|-heal|p1a: Aegislash|100/100|[from] item: Leftovers
|upkeep
|turn|41
|
|t:|1662816847
|switch|p2a: Arceus|Arceus-Water|100/100
|switch|p1a: Ditto|Ditto|100/100
|-damage|p1a: Ditto|88/100|[from] Stealth Rock
|-transform|p1a: Ditto|p2a: Arceus|[from] ability: Imposter
|
|upkeep
|turn|42
|
|t:|1662816858
|switch|p2a: Chansey|Chansey, F|63/100
|move|p1a: Ditto|Defog|p2a: Chansey
|-unboost|p2a: Chansey|evasion|1
|-sideend|p1: MVP2536|Stealth Rock|[from] move: Defog|[of] p1a: Ditto
|
|upkeep
|turn|43
|
|t:|1662816863
|switch|p1a: Scrafty|Scrafty, M|100/100
|move|p2a: Chansey|Soft-Boiled|p2a: Chansey
|-heal|p2a: Chansey|100/100
|
|upkeep
|turn|44
|
|t:|1662816873
|switch|p2a: Necrozma|Necrozma-Dusk-Mane|100/100
|move|p1a: Scrafty|Knock Off|p2a: Necrozma
|-supereffective|p2a: Necrozma
|-damage|p2a: Necrozma|71/100
|-damage|p1a: Scrafty|84/100|[from] item: Rocky Helmet|[of] p2a: Necrozma
|-enditem|p2a: Necrozma|Rocky Helmet|[from] move: Knock Off|[of] p1a: Scrafty
|
|upkeep
|turn|45
|
|t:|1662816881
|switch|p1a: Aegislash|Aegislash, M|100/100
|move|p2a: Necrozma|Stealth Rock|p1a: Aegislash
|-sidestart|p1: MVP2536|move: Stealth Rock
|
|upkeep
|turn|46
|
|t:|1662816889
|switch|p2a: Arceus|Arceus-Dark|67/100 tox
|-formechange|p1a: Aegislash|Aegislash-Blade||[from] ability: Stance Change
|move|p1a: Aegislash|Iron Head|p2a: Arceus
|-damage|p2a: Arceus|33/100 tox
|
|-damage|p2a: Arceus|27/100 tox|[from] psn
|upkeep
|turn|47
|
|t:|1662816897
|move|p2a: Arceus|Recover|p2a: Arceus
|-heal|p2a: Arceus|77/100 tox
|move|p1a: Aegislash|Sacred Sword|p2a: Arceus
|-supereffective|p2a: Arceus
|-damage|p2a: Arceus|29/100 tox
|
|-damage|p2a: Arceus|16/100 tox|[from] psn
|upkeep
|turn|48
|
|t:|1662816907
|switch|p2a: Arceus|Arceus-Water|100/100
|move|p1a: Aegislash|Shadow Sneak|p2a: Arceus
|-damage|p2a: Arceus|89/100
|
|upkeep
|turn|49
|
|t:|1662816917
|switch|p2a: Yveltal|Yveltal|91/100
|-ability|p2a: Yveltal|Dark Aura
|switch|p1a: Rotom|Rotom-Wash|73/100
|-damage|p1a: Rotom|61/100|[from] Stealth Rock
|
|upkeep
|turn|50
|
|t:|1662816924
|switch|p2a: Chansey|Chansey, F|100/100
|switch|p1a: Scrafty|Scrafty, M|84/100
|-damage|p1a: Scrafty|78/100|[from] Stealth Rock
|
|upkeep
|turn|51
|
|t:|1662816931
|switch|p2a: Arceus|Arceus-Water|89/100
|move|p1a: Scrafty|Knock Off|p2a: Arceus
|-damage|p2a: Arceus|77/100
|
|upkeep
|turn|52
|
|t:|1662816934
|move|p2a: Arceus|Judgment|p1a: Scrafty
|-damage|p1a: Scrafty|52/100
|move|p1a: Scrafty|Drain Punch|p2a: Arceus
|-damage|p2a: Arceus|63/100
|-heal|p1a: Scrafty|61/100|[from] drain|[of] p2a: Arceus
|
|upkeep
|turn|53
|
|t:|1662816939
|switch|p1a: Rotom|Rotom-Wash|61/100
|-damage|p1a: Rotom|48/100|[from] Stealth Rock
|move|p2a: Arceus|Recover|p2a: Arceus
|-heal|p2a: Arceus|100/100
|
|upkeep
|turn|54
|
|t:|1662816943
|switch|p2a: Chansey|Chansey, F|100/100
|move|p1a: Rotom|Pain Split|p2a: Chansey
|-sethp|p2a: Chansey|62/100|[from] move: Pain Split|[silent]
|-sethp|p1a: Rotom|100/100|[from] move: Pain Split
|
|upkeep
|turn|55
|
|t:|1662816949
|switch|p1a: Aegislash|Aegislash, M|100/100
|-damage|p1a: Aegislash|94/100|[from] Stealth Rock
|move|p2a: Chansey|Soft-Boiled|p2a: Chansey
|-heal|p2a: Chansey|100/100
|
|-heal|p1a: Aegislash|100/100|[from] item: Leftovers
|upkeep
|turn|56
|
|t:|1662816957
|switch|p1a: Whimsicott|Whimsicott, F|68/100
|switch|p2a: Arceus|Arceus-Water|100/100
|
|upkeep
|turn|57
|
|t:|1662816963
|switch|p1a: Rotom|Rotom-Wash|100/100
|-damage|p1a: Rotom|88/100|[from] Stealth Rock
|move|p2a: Arceus|Ice Beam|p1a: Rotom
|-resisted|p1a: Rotom
|-damage|p1a: Rotom|75/100
|
|upkeep
|turn|58
|
|t:|1662816972
|switch|p2a: Chansey|Chansey, F|100/100
|move|p1a: Rotom|Volt Switch|p2a: Chansey
|-damage|p2a: Chansey|93/100
|
|t:|1662816977
|switch|p1a: Whimsicott|Whimsicott, F|68/100|[from]move: Volt Switch
|
|upkeep
|turn|59
|
|t:|1662816982
|move|p1a: Whimsicott|Taunt|p2a: Chansey
|-start|p2a: Chansey|move: Taunt
|move|p2a: Chansey|Seismic Toss|p1a: Whimsicott
|-damage|p1a: Whimsicott|30/100
|
|upkeep
|turn|60
|
|t:|1662816994
|switch|p1a: Aegislash|Aegislash, M|100/100
|-damage|p1a: Aegislash|94/100|[from] Stealth Rock
|move|p2a: Chansey|Seismic Toss|p1a: Aegislash
|-immune|p1a: Aegislash
|
|-heal|p1a: Aegislash|100/100|[from] item: Leftovers
|upkeep
|turn|61
|
|t:|1662817001
|switch|p2a: Arceus|Arceus-Water|100/100
|-formechange|p1a: Aegislash|Aegislash-Blade||[from] ability: Stance Change
|move|p1a: Aegislash|Sacred Sword|p2a: Arceus
|-damage|p2a: Arceus|84/100
|
|upkeep
|turn|62
|
|t:|1662817012
|switch|p1a: Rotom|Rotom-Wash|75/100
|-damage|p1a: Rotom|63/100|[from] Stealth Rock
|move|p2a: Arceus|Judgment|p1a: Rotom
|-resisted|p1a: Rotom
|-damage|p1a: Rotom|38/100
|
|upkeep
|turn|63
|
|t:|1662817016
|switch|p2a: Chansey|Chansey, F|93/100
|move|p1a: Rotom|Pain Split|p2a: Chansey
|-sethp|p2a: Chansey|55/100|[from] move: Pain Split|[silent]
|-sethp|p1a: Rotom|100/100|[from] move: Pain Split
|
|upkeep
|turn|64
|
|t:|1662817019
|move|p1a: Rotom|Volt Switch|p2a: Chansey
|-damage|p2a: Chansey|49/100
|
|t:|1662817022
|switch|p1a: Aegislash|Aegislash, M|100/100|[from]move: Volt Switch
|-damage|p1a: Aegislash|94/100|[from] Stealth Rock
|move|p2a: Chansey|Aromatherapy|p2a: Chansey
|-activate|p2a: Chansey|move: Aromatherapy
|-curestatus|p2: Arceus|tox|[msg]
|
|-heal|p1a: Aegislash|100/100|[from] item: Leftovers
|upkeep
|turn|65
|
|t:|1662817031
|switch|p2a: Arceus|Arceus-Water|84/100
|-formechange|p1a: Aegislash|Aegislash-Blade||[from] ability: Stance Change
|move|p1a: Aegislash|Iron Head|p2a: Arceus
|-resisted|p2a: Arceus
|-damage|p2a: Arceus|71/100
|
|upkeep
|turn|66
|
|t:|1662817035
|-formechange|p1a: Aegislash|Aegislash||[from] ability: Stance Change
|move|p1a: Aegislash|King's Shield|p1a: Aegislash
|-singleturn|p1a: Aegislash|Protect
|move|p2a: Arceus|Recover|p2a: Arceus
|-heal|p2a: Arceus|100/100
|
|upkeep
|turn|67
|
|t:|1662817042
|switch|p1a: Rotom|Rotom-Wash|100/100
|-damage|p1a: Rotom|88/100|[from] Stealth Rock
|move|p2a: Arceus|Judgment|p1a: Rotom
|-resisted|p1a: Rotom
|-damage|p1a: Rotom|62/100
|
|upkeep
|turn|68
|
|t:|1662817049
|switch|p2a: Chansey|Chansey, F|49/100
|move|p1a: Rotom|Toxic|p2a: Chansey
|-status|p2a: Chansey|tox
|
|-damage|p2a: Chansey|43/100 tox|[from] psn
|upkeep
|turn|69
|
|t:|1662817055
|move|p1a: Rotom|Pain Split|p2a: Chansey
|-sethp|p2a: Chansey|36/100 tox|[from] move: Pain Split|[silent]
|-sethp|p1a: Rotom|76/100|[from] move: Pain Split
|move|p2a: Chansey|Soft-Boiled|p2a: Chansey
|-heal|p2a: Chansey|86/100 tox
|
|-damage|p2a: Chansey|74/100 tox|[from] psn
|upkeep
|turn|70
|
|t:|1662817062
|move|p1a: Rotom|Volt Switch|p2a: Chansey
|-damage|p2a: Chansey|66/100 tox
|
|t:|1662817065
|switch|p1a: Aegislash|Aegislash, M|100/100|[from]move: Volt Switch
|-damage|p1a: Aegislash|94/100|[from] Stealth Rock
|move|p2a: Chansey|Seismic Toss|p1a: Aegislash
|-immune|p1a: Aegislash
|
|-heal|p1a: Aegislash|100/100|[from] item: Leftovers
|-damage|p2a: Chansey|47/100 tox|[from] psn
|upkeep
|turn|71
|
|t:|1662817074
|-curestatus|p2a: Chansey|tox|[from] ability: Natural Cure
|switch|p2a: Arceus|Arceus-Water|100/100
|-formechange|p1a: Aegislash|Aegislash-Blade||[from] ability: Stance Change
|move|p1a: Aegislash|Iron Head|p2a: Arceus
|-resisted|p2a: Arceus
|-damage|p2a: Arceus|89/100
|
|upkeep
|turn|72
|
|t:|1662817081
|-formechange|p1a: Aegislash|Aegislash||[from] ability: Stance Change
|move|p1a: Aegislash|King's Shield|p1a: Aegislash
|-singleturn|p1a: Aegislash|Protect
|move|p2a: Arceus|Judgment|p1a: Aegislash
|-activate|p1a: Aegislash|move: Protect
|
|upkeep
|turn|73
|
|t:|1662817086
|switch|p1a: Rotom|Rotom-Wash|76/100
|-damage|p1a: Rotom|64/100|[from] Stealth Rock
|move|p2a: Arceus|Judgment|p1a: Rotom
|-resisted|p1a: Rotom
|-damage|p1a: Rotom|38/100
|
|upkeep
|turn|74
|j| Ultramanball1
|
|t:|1662817096
|move|p2a: Arceus|Judgment|p1a: Rotom
|-resisted|p1a: Rotom
|-damage|p1a: Rotom|13/100
|move|p1a: Rotom|Pain Split|p2a: Arceus
|-sethp|p2a: Arceus|49/100|[from] move: Pain Split|[silent]
|-sethp|p1a: Rotom|71/100|[from] move: Pain Split
|
|upkeep
|turn|75
|l| Ultramanball1
|c|☆MVP2536|oh no toxic chansey..
|
|t:|1662817110
|switch|p2a: Chansey|Chansey, F|47/100
|move|p1a: Rotom|Toxic|p2a: Chansey
|-status|p2a: Chansey|tox
|
|-damage|p2a: Chansey|41/100 tox|[from] psn
|upkeep
|turn|76
|
|t:|1662817118
|move|p1a: Rotom|Foul Play|p2a: Chansey
|-damage|p2a: Chansey|40/100 tox
|move|p2a: Chansey|Soft-Boiled|p2a: Chansey
|-heal|p2a: Chansey|90/100 tox
|
|-damage|p2a: Chansey|78/100 tox|[from] psn
|upkeep
|turn|77
|
|t:|1662817122
|move|p1a: Rotom|Pain Split|p2a: Chansey
|-sethp|p2a: Chansey|56/100 tox|[from] move: Pain Split|[silent]
|-sethp|p1a: Rotom|100/100|[from] move: Pain Split
|move|p2a: Chansey|Confide|p1a: Rotom
|-unboost|p1a: Rotom|spa|1
|
|-damage|p2a: Chansey|37/100 tox|[from] psn
|upkeep
|turn|78
|
|t:|1662817130
|move|p1a: Rotom|Toxic|p2a: Chansey
|-fail|p2a: Chansey|tox
|move|p2a: Chansey|Soft-Boiled|p2a: Chansey
|-heal|p2a: Chansey|87/100 tox
|
|-damage|p2a: Chansey|62/100 tox|[from] psn
|upkeep
|turn|79
|
|t:|1662817143
|move|p1a: Rotom|Toxic|p2a: Chansey|[miss]
|-miss|p1a: Rotom|p2a: Chansey
|move|p2a: Chansey|Aromatherapy|p2a: Chansey
|-activate|p2a: Chansey|move: Aromatherapy
|-curestatus|p2a: Chansey|tox|[msg]
|
|upkeep
|turn|80
|inactive|Lord Rekkuza has 120 seconds left.
|
|t:|1662817199
|switch|p2a: Necrozma|Necrozma-Dusk-Mane|71/100
|move|p1a: Rotom|Toxic|p2a: Necrozma
|-immune|p2a: Necrozma
|
|upkeep
|turn|81
|inactive|Lord Rekkuza has 90 seconds left.
|
|t:|1662817216
|switch|p1a: Aegislash|Aegislash, M|100/100
|-damage|p1a: Aegislash|94/100|[from] Stealth Rock
|move|p2a: Necrozma|Toxic|p1a: Aegislash
|-immune|p1a: Aegislash
|
|-heal|p1a: Aegislash|100/100|[from] item: Leftovers
|upkeep
|turn|82
|
|t:|1662817220
|switch|p2a: Arceus|Arceus-Water|49/100
|-formechange|p1a: Aegislash|Aegislash-Blade||[from] ability: Stance Change
|move|p1a: Aegislash|Iron Head|p2a: Arceus
|-resisted|p2a: Arceus
|-damage|p2a: Arceus|37/100
|
|upkeep
|turn|83
|
|t:|1662817223
|move|p2a: Arceus|Recover|p2a: Arceus
|-heal|p2a: Arceus|87/100
|move|p1a: Aegislash|Sacred Sword|p2a: Arceus
|-crit|p2a: Arceus
|-damage|p2a: Arceus|60/100
|
|upkeep
|turn|84
|
|t:|1662817226
|-formechange|p1a: Aegislash|Aegislash||[from] ability: Stance Change
|move|p1a: Aegislash|King's Shield|p1a: Aegislash
|-singleturn|p1a: Aegislash|Protect
|move|p2a: Arceus|Ice Beam|p1a: Aegislash
|-activate|p1a: Aegislash|move: Protect
|
|upkeep
|turn|85
|inactive|Lord Rekkuza has 120 seconds left.
|
|t:|1662817238
|move|p2a: Arceus|Judgment|p1a: Aegislash
|-damage|p1a: Aegislash|63/100
|-formechange|p1a: Aegislash|Aegislash-Blade||[from] ability: Stance Change
|move|p1a: Aegislash|Sacred Sword|p2a: Arceus
|-damage|p2a: Arceus|42/100
|
|-heal|p1a: Aegislash|69/100|[from] item: Leftovers
|upkeep
|turn|86
|
|t:|1662817244
|switch|p1a: Rotom|Rotom-Wash|100/100
|-damage|p1a: Rotom|88/100|[from] Stealth Rock
|move|p2a: Arceus|Recover|p2a: Arceus
|-heal|p2a: Arceus|92/100
|
|upkeep
|turn|87
|
|t:|1662817251
|switch|p2a: Chansey|Chansey, F|62/100
|move|p1a: Rotom|Volt Switch|p2a: Chansey
|-damage|p2a: Chansey|55/100
|
|t:|1662817255
|switch|p1a: Aegislash|Aegislash, M|69/100|[from]move: Volt Switch
|-damage|p1a: Aegislash|63/100|[from] Stealth Rock
|
|-heal|p1a: Aegislash|69/100|[from] item: Leftovers
|upkeep
|turn|88
|
|t:|1662817259
|switch|p2a: Arceus|Arceus-Water|92/100
|-formechange|p1a: Aegislash|Aegislash-Blade||[from] ability: Stance Change
|move|p1a: Aegislash|Sacred Sword|p2a: Arceus
|-damage|p2a: Arceus|74/100
|
|-heal|p1a: Aegislash|75/100|[from] item: Leftovers
|upkeep
|turn|89
|
|t:|1662817264
|switch|p1a: Rotom|Rotom-Wash|88/100
|-damage|p1a: Rotom|76/100|[from] Stealth Rock
|move|p2a: Arceus|Ice Beam|p1a: Rotom
|-resisted|p1a: Rotom
|-damage|p1a: Rotom|64/100
|
|upkeep
|turn|90
|l| Apprenti Buck
|inactive|Lord Rekkuza has 120 seconds left.
|inactive|Lord Rekkuza has 90 seconds left.
|
|t:|1662817333
|switch|p2a: Yveltal|Yveltal|91/100
|-ability|p2a: Yveltal|Dark Aura
|move|p1a: Rotom|Volt Switch|p2a: Yveltal
|-supereffective|p2a: Yveltal
|-damage|p2a: Yveltal|43/100
|
|t:|1662817343
|switch|p1a: Whimsicott|Whimsicott, F|30/100|[from]move: Volt Switch
|
|upkeep
|turn|91
|
|t:|1662817349
|move|p1a: Whimsicott|Moonblast|p2a: Yveltal
|-supereffective|p2a: Yveltal
|-damage|p2a: Yveltal|0 fnt
|faint|p2a: Yveltal
|
|upkeep
|inactive|Lord Rekkuza has 90 seconds left.
|-message|Lord Rekkuza forfeited.
|
|win|MVP2536
|raw|MVP2536's rating: 1838 &rarr; <strong>1854</strong><br />(+16 for winning)
|raw|Lord Rekkuza's rating: 1772 &rarr; <strong>1756</strong><br />(-16 for losing)
|l|☆Lord Rekkuza
|l| Bartburp93
||Ladder isn't responding, score probably updated but might not have (Request timeout).
