|j|☆xLeonisx
|j|☆Freeity
|t:|1652315510
|gametype|singles
|player|p1|xLeonisx|266|1610
|player|p2|Freeity|hugh|1638
|teamsize|p1|6
|teamsize|p2|6
|gen|8
|tier|[Gen 8] National Dex AG
|rated|
|rule|HP Percentage Mod: HP is shown in percentages
|rule|Endless Battle Clause: Forcing endless battles is banned
|clearpoke
|poke|p1|Deoxys-Speed|
|poke|p1|Ditto|
|poke|p1|Kyogre|
|poke|p1|Calyrex-Shadow|
|poke|p1|Lugia|
|poke|p1|Zacian-*|
|poke|p2|Arceus-*|
|poke|p2|Rayquaza|
|poke|p2|Arceus-*|
|poke|p2|Necrozma-Dusk-Mane|
|poke|p2|Kyogre|
|poke|p2|Arceus-*|
|teampreview
|
|t:|1652315537
|start
|switch|p1a: Kyogre|Kyogre|100/100
|switch|p2a: Lazy|Rayquaza|100/100
|-ability|p2a: Lazy|Air Lock
|detailschange|p1a: Kyogre|Kyogre-Primal
|-primal|p1a: Kyogre
|-weather|PrimordialSea|[from] ability: Primordial Sea|[of] p1a: Kyogre
|turn|1
|inactive|Battle timer is ON: inactive players will automatically lose when time's up. (requested by xLeonisx)
|
|t:|1652315542
|detailschange|p2a: Lazy|Rayquaza-Mega
|-mega|p2a: Lazy|Rayquaza|
|-weather|DeltaStream|[from] ability: Delta Stream|[of] p2a: Lazy
|move|p2a: Lazy|Dragon Ascent|p1a: Kyogre
|-damage|p1a: Kyogre|0 fnt
|-unboost|p2a: Lazy|def|1
|-unboost|p2a: Lazy|spd|1
|faint|p1a: Kyogre
|-damage|p2a: Lazy|91/100|[from] item: Life Orb
|
|-weather|DeltaStream|[upkeep]
|upkeep
|
|t:|1652315544
|switch|p1a: Deoxys|Deoxys-Speed|100/100
|-ability|p1a: Deoxys|Pressure
|turn|2
|
|t:|1652315548
|move|p1a: Deoxys|Stealth Rock|p2a: Lazy
|-sidestart|p2: Freeity|move: Stealth Rock
|move|p2a: Lazy|Scale Shot|p1a: Deoxys
|-damage|p1a: Deoxys|65/100
|-damage|p1a: Deoxys|29/100
|-damage|p1a: Deoxys|0 fnt
|faint|p1a: Deoxys
|-hitcount|p1: Deoxys|3
|-unboost|p2a: Lazy|def|1
|-boost|p2a: Lazy|spe|1
|-damage|p2a: Lazy|81/100|[from] item: Life Orb
|
|-weather|DeltaStream|[upkeep]
|upkeep
|
|t:|1652315550
|switch|p1a: Calyrex|Calyrex-Shadow|100/100
|-ability|p1a: Calyrex|As One
|-ability|p1a: Calyrex|Unnerve
|turn|3
|
|t:|1652315554
|move|p2a: Lazy|Dragon Ascent|p1a: Calyrex
|-enditem|p1a: Calyrex|Focus Sash
|-damage|p1a: Calyrex|1/100
|-unboost|p2a: Lazy|def|1
|-unboost|p2a: Lazy|spd|1
|-damage|p2a: Lazy|71/100|[from] item: Life Orb
|move|p1a: Calyrex|Astral Barrage|p2a: Lazy
|-damage|p2a: Lazy|0 fnt
|faint|p2a: Lazy
|-weather|none
|-ability|p1a: Calyrex|Grim Neigh|boost
|-boost|p1a: Calyrex|spa|1
|
|upkeep
|
|t:|1652315559
|switch|p2a: Arceus|Arceus-Dark|100/100
|-damage|p2a: Arceus|88/100|[from] Stealth Rock
|turn|4
|
|t:|1652315562
|switch|p1a: Zacian|Zacian-Crowned|100/100
|-ability|p1a: Zacian|Intrepid Sword|boost
|-boost|p1a: Zacian|atk|1
|move|p2a: Arceus|Judgment|p1a: Zacian
|-resisted|p1a: Zacian
|-damage|p1a: Zacian|77/100
|
|upkeep
|turn|5
|
|t:|1652315569
|switch|p2a: Arceus|Arceus-Ground|100/100
|-damage|p2a: Arceus|94/100|[from] Stealth Rock
|move|p1a: Zacian|Swords Dance|p1a: Zacian
|-boost|p1a: Zacian|atk|2
|
|upkeep
|turn|6
|j| alwaysrinse
|
|t:|1652315571
|move|p1a: Zacian|Swords Dance|p1a: Zacian
|-boost|p1a: Zacian|atk|2
|move|p2a: Arceus|Judgment|p1a: Zacian
|-supereffective|p1a: Zacian
|-damage|p1a: Zacian|0 fnt
|faint|p1a: Zacian
|
|upkeep
|
|t:|1652315574
|switch|p1a: Calyrex|Calyrex-Shadow|1/100
|-ability|p1a: Calyrex|As One
|-ability|p1a: Calyrex|Unnerve
|turn|7
|
|t:|1652315578
|move|p1a: Calyrex|Nasty Plot|p1a: Calyrex
|-boost|p1a: Calyrex|spa|2
|move|p2a: Arceus|Judgment|p1a: Calyrex
|-damage|p1a: Calyrex|0 fnt
|faint|p1a: Calyrex
|
|upkeep
|-message|xLeonisx forfeited.
|
|win|Freeity
|raw|xLeonisx's rating: 1610 &rarr; <strong>1592</strong><br />(-18 for losing)
|raw|Freeity's rating: 1638 &rarr; <strong>1656</strong><br />(+18 for winning)
|l|☆xLeonisx
|c|☆Freeity|wtf is wrong with u lol
||Ladder isn't responding, score probably updated but might not have (Request timeout).
