|j|☆Bunrphenix
|j|☆Ahuehuehue
|t:|1640536264
|gametype|singles
|player|p1|Bunrphenix|hilda|1594
|player|p2|Ahuehuehue|169|1820
|teamsize|p1|6
|teamsize|p2|6
|gen|8
|tier|[Gen 8] National Dex AG
|rated|
|rule|HP Percentage Mod: HP is shown in percentages
|rule|Endless Battle Clause: Forcing endless battles is banned
|clearpoke
|poke|p1|Arceus-*|
|poke|p1|Yveltal|
|poke|p1|Zygarde|
|poke|p1|Necrozma-Dusk-Mane|
|poke|p1|Xerneas-*|
|poke|p1|Groudon|
|poke|p2|Kyogre|
|poke|p2|Groudon|
|poke|p2|Rayquaza|
|poke|p2|Groudon|
|poke|p2|Yveltal|
|poke|p2|Calyrex-Shadow|
|teampreview
|inactive|Battle timer is ON: inactive players will automatically lose when time's up. (requested by Ahuehuehue)
|
|t:|1640536286
|start
|switch|p1a: Arceus|Arceus-Fairy|100/100
|switch|p2a: DELTA VARIANT|Rayquaza|100/100
|-ability|p2a: DELTA VARIANT|Air Lock
|turn|1
|
|t:|1640536307
|switch|p2a: SANIC|Groudon, shiny|100/100
|detailschange|p2a: SANIC|Groudon-Primal, shiny
|-primal|p2a: SANIC
|-weather|DesolateLand|[from] ability: Desolate Land|[of] p2a: SANIC
|move|p1a: Arceus|Will-O-Wisp|p2a: SANIC
|-immune|p2a: SANIC
|
|-weather|DesolateLand|[upkeep]
|upkeep
|turn|2
|
|t:|1640536313
|switch|p1a: Zygarde|Zygarde|100/100
|move|p2a: SANIC|Rock Tomb|p1a: Zygarde
|-resisted|p1a: Zygarde
|-damage|p1a: Zygarde|91/100
|-unboost|p1a: Zygarde|spe|1
|
|-weather|DesolateLand|[upkeep]
|-heal|p1a: Zygarde|97/100|[from] item: Leftovers
|upkeep
|turn|3
|
|t:|1640536318
|move|p2a: SANIC|Swords Dance|p2a: SANIC
|-boost|p2a: SANIC|atk|2
|move|p1a: Zygarde|Glare|p2a: SANIC
|-status|p2a: SANIC|par
|
|-weather|DesolateLand|[upkeep]
|-heal|p1a: Zygarde|100/100|[from] item: Leftovers
|upkeep
|turn|4
|
|t:|1640536323
|move|p1a: Zygarde|Substitute|p1a: Zygarde
|-start|p1a: Zygarde|Substitute
|-damage|p1a: Zygarde|76/100
|move|p2a: SANIC|Stealth Rock|p1a: Zygarde
|-sidestart|p1: Bunrphenix|move: Stealth Rock
|
|-weather|DesolateLand|[upkeep]
|-heal|p1a: Zygarde|82/100|[from] item: Leftovers
|upkeep
|turn|5
|
|t:|1640536328
|-weather|none
|switch|p2a: BERTHA|Kyogre, shiny|100/100
|detailschange|p2a: BERTHA|Kyogre-Primal, shiny
|-primal|p2a: BERTHA
|-weather|PrimordialSea|[from] ability: Primordial Sea|[of] p2a: BERTHA
|move|p1a: Zygarde|Dragon Dance|p1a: Zygarde
|-boost|p1a: Zygarde|atk|1
|-boost|p1a: Zygarde|spe|1
|
|-weather|PrimordialSea|[upkeep]
|-heal|p1a: Zygarde|88/100|[from] item: Leftovers
|upkeep
|turn|6
|
|t:|1640536332
|move|p1a: Zygarde|Glare|p2a: BERTHA
|-status|p2a: BERTHA|par
|cant|p2a: BERTHA|par
|
|-weather|PrimordialSea|[upkeep]
|-heal|p1a: Zygarde|94/100|[from] item: Leftovers
|upkeep
|turn|7
|
|t:|1640536336
|move|p1a: Zygarde|Thousand Arrows|p2a: BERTHA
|-damage|p2a: BERTHA|63/100 par
|move|p2a: BERTHA|Roar|p1a: Zygarde
|drag|p1a: Xerneas|Xerneas|100/100
|-damage|p1a: Xerneas|88/100|[from] Stealth Rock
|-ability|p1a: Xerneas|Fairy Aura
|
|-weather|PrimordialSea|[upkeep]
|upkeep
|turn|8
|j| pokemasterbrendan
|
|t:|1640536345
|switch|p1a: Groudon|Groudon|100/100
|-damage|p1a: Groudon|94/100|[from] Stealth Rock
|detailschange|p1a: Groudon|Groudon-Primal
|-primal|p1a: Groudon
|-weather|DesolateLand|[from] ability: Desolate Land|[of] p1a: Groudon
|move|p2a: BERTHA|Origin Pulse||[still]
|-fail|p2a: BERTHA|Origin Pulse|[from] Desolate Land
|
|-weather|DesolateLand|[upkeep]
|upkeep
|turn|9
|
|t:|1640536349
|switch|p2a: DELTA VARIANT|Rayquaza|100/100
|-ability|p2a: DELTA VARIANT|Air Lock
|move|p1a: Groudon|Stealth Rock|p2a: DELTA VARIANT
|-sidestart|p2: Ahuehuehue|move: Stealth Rock
|
|-weather|DesolateLand|[upkeep]
|upkeep
|turn|10
|
|t:|1640536357
|-weather|none
|switch|p1a: Arceus|Arceus-Fairy|100/100
|-damage|p1a: Arceus|88/100|[from] Stealth Rock
|detailschange|p2a: DELTA VARIANT|Rayquaza-Mega
|-mega|p2a: DELTA VARIANT|Rayquaza|
|-weather|DeltaStream|[from] ability: Delta Stream|[of] p2a: DELTA VARIANT
|move|p2a: DELTA VARIANT|Dragon Ascent|p1a: Arceus
|-damage|p1a: Arceus|16/100
|-unboost|p2a: DELTA VARIANT|def|1
|-unboost|p2a: DELTA VARIANT|spd|1
|-damage|p2a: DELTA VARIANT|91/100|[from] item: Life Orb
|
|-weather|DeltaStream|[upkeep]
|upkeep
|turn|11
|
|t:|1640536363
|move|p2a: DELTA VARIANT|Extreme Speed|p1a: Arceus
|-damage|p1a: Arceus|0 fnt
|faint|p1a: Arceus
|-damage|p2a: DELTA VARIANT|81/100|[from] item: Life Orb
|
|-weather|DeltaStream|[upkeep]
|upkeep
|
|t:|1640536383
|switch|p1a: Yveltal|Yveltal|100/100
|-damage|p1a: Yveltal|76/100|[from] Stealth Rock
|-ability|p1a: Yveltal|Dark Aura
|turn|12
|inactive|Ahuehuehue has 120 seconds left.
|
|t:|1640536416
|-start|p1a: Yveltal|Dynamax
|-heal|p1a: Yveltal|76/100|[silent]
|move|p2a: DELTA VARIANT|Extreme Speed|p1a: Yveltal
|-damage|p1a: Yveltal|51/100
|-damage|p2a: DELTA VARIANT|71/100|[from] item: Life Orb
|move|p1a: Yveltal|Max Airstream|p2a: DELTA VARIANT
|-damage|p2a: DELTA VARIANT|0 fnt
|-boost|p1a: Yveltal|spe|1
|faint|p2a: DELTA VARIANT
|-weather|none
|-damage|p1a: Yveltal|46/100|[from] item: Life Orb
|
|upkeep
|inactive|Ahuehuehue has 120 seconds left.
|
|t:|1640536423
|switch|p2a: HERGEHAG|Groudon, shiny|100/100
|-damage|p2a: HERGEHAG|94/100|[from] Stealth Rock
|-weather|SunnyDay|[from] ability: Drought|[of] p2a: HERGEHAG
|turn|13
|
|t:|1640536430
|-start|p2a: HERGEHAG|Dynamax
|-heal|p2a: HERGEHAG|94/100|[silent]
|move|p1a: Yveltal|Max Darkness|p2a: HERGEHAG
|-damage|p2a: HERGEHAG|20/100
|-unboost|p2a: HERGEHAG|spd|1
|-damage|p1a: Yveltal|41/100|[from] item: Life Orb
|move|p2a: HERGEHAG|Max Airstream|p1a: Yveltal
|-damage|p1a: Yveltal|17/100
|-boost|p2a: HERGEHAG|spe|1
|-damage|p2a: HERGEHAG|15/100|[from] item: Life Orb
|
|-weather|SunnyDay|[upkeep]
|upkeep
|turn|14
|
|t:|1640536446
|move|p2a: HERGEHAG|Max Airstream|p1a: Yveltal
|-damage|p1a: Yveltal|0 fnt
|-boost|p2a: HERGEHAG|spe|1
|faint|p1a: Yveltal
|-damage|p2a: HERGEHAG|10/100|[from] item: Life Orb
|
|-weather|SunnyDay|[upkeep]
|upkeep
|
|t:|1640536450
|switch|p1a: Zygarde|Zygarde|94/100
|-damage|p1a: Zygarde|88/100|[from] Stealth Rock
|turn|15
|
|t:|1640536458
|move|p2a: HERGEHAG|Max Quake|p1a: Zygarde
|-damage|p1a: Zygarde|7/100
|-boost|p2a: HERGEHAG|spd|1
|-damage|p2a: HERGEHAG|5/100|[from] item: Life Orb
|move|p1a: Zygarde|Dragon Dance|p1a: Zygarde
|-boost|p1a: Zygarde|atk|1
|-boost|p1a: Zygarde|spe|1
|
|-weather|SunnyDay|[upkeep]
|-heal|p1a: Zygarde|13/100|[from] item: Leftovers
|-activate|p1a: Zygarde|ability: Power Construct
|detailschange|p1a: Zygarde|Zygarde-Complete
|-heal|p1a: Zygarde|46/100|[silent]
|-end|p2a: HERGEHAG|Dynamax
|-heal|p2a: HERGEHAG|5/100|[silent]
|upkeep
|turn|16
|
|t:|1640536467
|move|p2a: HERGEHAG|Precipice Blades|p1a: Zygarde
|-damage|p1a: Zygarde|4/100
|-damage|p2a: HERGEHAG|0 fnt|[from] item: Life Orb
|faint|p2a: HERGEHAG
|move|p1a: Zygarde|Dragon Dance|p1a: Zygarde
|-boost|p1a: Zygarde|atk|1
|-boost|p1a: Zygarde|spe|1
|
|-weather|SunnyDay|[upkeep]
|-heal|p1a: Zygarde|11/100|[from] item: Leftovers
|upkeep
|
|t:|1640536474
|switch|p2a: Y U ALWAYS LYING|Yveltal|100/100
|-ability|p2a: Y U ALWAYS LYING|Dark Aura
|turn|17
|
|t:|1640536482
|move|p1a: Zygarde|Glare|p2a: Y U ALWAYS LYING
|-status|p2a: Y U ALWAYS LYING|par
|move|p2a: Y U ALWAYS LYING|Foul Play|p1a: Zygarde
|-damage|p1a: Zygarde|0 fnt
|faint|p1a: Zygarde
|
|-weather|none
|upkeep
|
|t:|1640536487
|switch|p1a: Xerneas|Xerneas|88/100
|-damage|p1a: Xerneas|76/100|[from] Stealth Rock
|-ability|p1a: Xerneas|Fairy Aura
|turn|18
|
|t:|1640536491
|switch|p2a: SANIC|Groudon-Primal, shiny|100/100 par
|-damage|p2a: SANIC|88/100 par|[from] Stealth Rock
|-weather|DesolateLand|[from] ability: Desolate Land|[of] p2a: SANIC
|move|p1a: Xerneas|Substitute|p1a: Xerneas
|-start|p1a: Xerneas|Substitute
|-damage|p1a: Xerneas|51/100
|
|-weather|DesolateLand|[upkeep]
|upkeep
|turn|19
|
|t:|1640536496
|move|p1a: Xerneas|Geomancy||[still]
|-prepare|p1a: Xerneas|Geomancy
|-enditem|p1a: Xerneas|Power Herb
|-anim|p1a: Xerneas|Geomancy|p1a: Xerneas
|-boost|p1a: Xerneas|spa|2
|-boost|p1a: Xerneas|spd|2
|-boost|p1a: Xerneas|spe|2
|move|p2a: SANIC|Precipice Blades|p1a: Xerneas
|-end|p1a: Xerneas|Substitute
|
|-weather|DesolateLand|[upkeep]
|upkeep
|turn|20
|
|t:|1640536500
|move|p1a: Xerneas|Moonblast|p2a: SANIC
|-resisted|p2a: SANIC
|-crit|p2a: SANIC
|-damage|p2a: SANIC|0 fnt
|faint|p2a: SANIC
|-weather|none
|
|upkeep
|-message|Ahuehuehue forfeited.
|
|win|Bunrphenix
|raw|Bunrphenix's rating: 1594 &rarr; <strong>1625</strong><br />(+31 for winning)
|raw|Ahuehuehue's rating: 1820 &rarr; <strong>1789</strong><br />(-31 for losing)
|l|☆Ahuehuehue
