|j|☆Naofumi_Bakugo_Jax
|j|☆Nobodi_Nowan
|t:|1658393385
|gametype|singles
|player|p1|Naofumi_Bakugo_Jax|blue|1612
|player|p2|Nobodi_Nowan|akari|1784
|teamsize|p1|6
|teamsize|p2|6
|gen|8
|tier|[Gen 8] National Dex AG
|rated|
|rule|HP Percentage Mod: HP is shown in percentages
|rule|Endless Battle Clause: Forcing endless battles is banned
|clearpoke
|poke|p1|Kyogre|
|poke|p1|Swampert, M|
|poke|p1|Zacian-*|
|poke|p1|Calyrex-Shadow|
|poke|p1|Yveltal|
|poke|p1|Marshadow|
|poke|p2|Sableye, M|
|poke|p2|Chansey, F|
|poke|p2|Lugia|
|poke|p2|Groudon|
|poke|p2|Arceus-*|
|poke|p2|Giratina|
|teampreview
|inactive|Battle timer is ON: inactive players will automatically lose when time's up. (requested by Naofumi_Bakugo_Jax)
|c|☆Nobodi_Nowan|glhf
|
|t:|1658393411
|start
|switch|p1a: Calyrex|Calyrex-Shadow|100/100
|switch|p2a: Sableye|Sableye, M|100/100
|-ability|p1a: Calyrex|As One
|-ability|p1a: Calyrex|Unnerve
|turn|1
|
|t:|1658393423
|detailschange|p2a: Sableye|Sableye-Mega, M
|-mega|p2a: Sableye|Sableye|Sablenite
|move|p2a: Sableye|Protect|p2a: Sableye
|-singleturn|p2a: Sableye|Protect
|move|p1a: Calyrex|Calm Mind|p1a: Calyrex
|-boost|p1a: Calyrex|spa|1
|-boost|p1a: Calyrex|spd|1
|
|upkeep
|turn|2
|
|t:|1658393442
|move|p1a: Calyrex|Calm Mind|p1a: Calyrex
|-boost|p1a: Calyrex|spa|1
|-boost|p1a: Calyrex|spd|1
|move|p2a: Sableye|Foul Play|p1a: Calyrex
|-supereffective|p1a: Calyrex
|-damage|p1a: Calyrex|4/100
|
|upkeep
|turn|3
|l|☆Naofumi_Bakugo_Jax
|inactive|Naofumi_Bakugo_Jax disconnected and has a minute to reconnect!
|player|p1|
|inactive|Naofumi_Bakugo_Jax has 30 seconds to reconnect!
|inactive|Naofumi_Bakugo_Jax has 20 seconds to reconnect!
|inactive|Naofumi_Bakugo_Jax has 15 seconds to reconnect!
|inactive|Naofumi_Bakugo_Jax has 10 seconds to reconnect!
|inactive|Naofumi_Bakugo_Jax has 5 seconds to reconnect!
|j|☆Naofumi_Bakugo_Jax
|inactive|Naofumi_Bakugo_Jax reconnected and has 70 seconds left.
|player|p1|Naofumi_Bakugo_Jax|blue
|
|t:|1658393524
|switch|p2a: Chansey|Chansey, F|100/100
|move|p1a: Calyrex|Baton Pass|p1a: Calyrex
|inactive|Naofumi_Bakugo_Jax has 60 seconds left.
|
|t:|1658393541
|switch|p1a: Yveltal|Yveltal|100/100|[from]move: Baton Pass
|-ability|p1a: Yveltal|Dark Aura
|
|upkeep
|turn|4
|inactive|Naofumi_Bakugo_Jax has 60 seconds left.
|
|t:|1658393564
|-start|p1a: Yveltal|Dynamax|
|-heal|p1a: Yveltal|100/100|[silent]
|move|p1a: Yveltal|Max Airstream|p2a: Chansey
|-damage|p2a: Chansey|59/100
|-boost|p1a: Yveltal|spe|1
|-damage|p1a: Yveltal|96/100|[from] item: Life Orb
|move|p2a: Chansey|Teleport|p2a: Chansey
|
|t:|1658393579
|switch|p2a: Sableye|Sableye-Mega, M|100/100|[from]move: Teleport
|
|upkeep
|turn|5
|
|t:|1658393599
|move|p2a: Sableye|Protect|p2a: Sableye
|-singleturn|p2a: Sableye|Protect
|move|p1a: Yveltal|Max Airstream|p2a: Sableye
|-zbroken|p2a: Sableye
|-damage|p2a: Sableye|63/100
|-boost|p1a: Yveltal|spe|1
|-damage|p1a: Yveltal|91/100|[from] item: Life Orb
|
|upkeep
|turn|6
|inactive|Nobodi_Nowan has 120 seconds left.
|
|t:|1658393622
|switch|p2a: Chansey|Chansey, F|59/100
|move|p1a: Yveltal|Max Darkness|p2a: Chansey
|-damage|p2a: Chansey|0 fnt
|faint|p2a: Chansey
|-damage|p1a: Yveltal|86/100|[from] item: Life Orb
|
|upkeep
|inactive|Nobodi_Nowan has 120 seconds left.
|
|t:|1658393633
|switch|p2a: Lugia|Lugia|100/100
|-end|p1a: Yveltal|Dynamax
|-heal|p1a: Yveltal|86/100|[silent]
|turn|7
|
|t:|1658393639
|move|p1a: Yveltal|Dark Pulse|p2a: Lugia
|-supereffective|p2a: Lugia
|-damage|p2a: Lugia|22/100
|-damage|p1a: Yveltal|76/100|[from] item: Life Orb
|move|p2a: Lugia|Whirlwind|p1a: Yveltal
|drag|p1a: Kyogre|Kyogre|100/100
|-weather|RainDance|[from] ability: Drizzle|[of] p1a: Kyogre
|
|-weather|RainDance|[upkeep]
|-heal|p2a: Lugia|29/100|[from] item: Leftovers
|upkeep
|turn|8
|inactive|Naofumi_Bakugo_Jax has 60 seconds left.
|
|t:|1658393651
|move|p1a: Kyogre|Ice Beam|p2a: Lugia
|-supereffective|p2a: Lugia
|-damage|p2a: Lugia|0 fnt
|faint|p2a: Lugia
|
|-weather|RainDance|[upkeep]
|upkeep
|
|t:|1658393658
|switch|p2a: Groudon|Groudon, shiny|100/100
|detailschange|p2a: Groudon|Groudon-Primal, shiny
|-primal|p2a: Groudon
|-weather|DesolateLand|[from] ability: Desolate Land|[of] p2a: Groudon
|turn|9
|inactive|Naofumi_Bakugo_Jax has 60 seconds left.
|
|t:|1658393676
|switch|p1a: Yveltal|Yveltal|76/100
|-ability|p1a: Yveltal|Dark Aura
|move|p2a: Groudon|Stealth Rock|p1a: Yveltal
|-sidestart|p1: Naofumi_Bakugo_Jax|move: Stealth Rock
|
|-weather|DesolateLand|[upkeep]
|upkeep
|turn|10
|inactive|Naofumi_Bakugo_Jax has 60 seconds left.
|
|t:|1658393684
|move|p1a: Yveltal|Tailwind|p1a: Yveltal
|-sidestart|p1: Naofumi_Bakugo_Jax|move: Tailwind
|move|p2a: Groudon|Dragon Tail|p1a: Yveltal
|-damage|p1a: Yveltal|56/100
|drag|p1a: Zacian|Zacian-Crowned|100/100
|-damage|p1a: Zacian|94/100|[from] Stealth Rock
|-ability|p1a: Zacian|Intrepid Sword|boost
|-boost|p1a: Zacian|atk|1
|
|-weather|DesolateLand|[upkeep]
|upkeep
|turn|11
|inactive|Naofumi_Bakugo_Jax has 60 seconds left.
|
|t:|1658393716
|move|p1a: Zacian|Behemoth Blade|p2a: Groudon
|-resisted|p2a: Groudon
|-damage|p2a: Groudon|80/100
|move|p2a: Groudon|Precipice Blades|p1a: Zacian
|-supereffective|p1a: Zacian
|-damage|p1a: Zacian|0 fnt
|faint|p1a: Zacian
|
|-weather|DesolateLand|[upkeep]
|upkeep
|inactive|Naofumi_Bakugo_Jax has 30 seconds left.
|
|t:|1658393737
|switch|p1a: Swampert|Swampert, M|100/100
|-damage|p1a: Swampert|94/100|[from] Stealth Rock
|turn|12
|inactive|Naofumi_Bakugo_Jax has 30 seconds left.
|
|t:|1658393742
|-weather|none
|switch|p2a: Arceus|Arceus-Water|100/100
|detailschange|p1a: Swampert|Swampert-Mega, M
|-mega|p1a: Swampert|Swampert|Swampertite
|move|p1a: Swampert|Earthquake|p2a: Arceus
|-damage|p2a: Arceus|64/100
|
|upkeep
|turn|13
|inactive|Naofumi_Bakugo_Jax has 30 seconds left.
|
|t:|1658393761
|move|p1a: Swampert|Yawn|p2a: Arceus
|-start|p2a: Arceus|move: Yawn|[of] p1a: Swampert
|move|p2a: Arceus|Recover|p2a: Arceus
|-heal|p2a: Arceus|100/100
|
|-sideend|p1: Naofumi_Bakugo_Jax|move: Tailwind
|upkeep
|turn|14
|inactive|Naofumi_Bakugo_Jax has 30 seconds left.
|inactive|Naofumi_Bakugo_Jax has 20 seconds left.
|
|t:|1658393781
|switch|p2a: Sableye|Sableye-Mega, M|63/100
|move|p1a: Swampert|Earthquake|p2a: Sableye
|-damage|p2a: Sableye|15/100
|
|upkeep
|turn|15
|inactive|Naofumi_Bakugo_Jax has 30 seconds left this turn.
|inactive|Naofumi_Bakugo_Jax has 20 seconds left.
|
|t:|1658393792
|move|p1a: Swampert|Earthquake|p2a: Sableye
|-damage|p2a: Sableye|0 fnt
|faint|p2a: Sableye
|
|upkeep
|inactive|Naofumi_Bakugo_Jax has 25 seconds left this turn.
|
|t:|1658393796
|switch|p2a: Giratina|Giratina, shiny|100/100
|-ability|p2a: Giratina|Pressure
|turn|16
|inactive|Naofumi_Bakugo_Jax has 30 seconds left.
|inactive|Naofumi_Bakugo_Jax has 20 seconds left.
|
|t:|1658393812
|switch|p1a: Calyrex|Calyrex-Shadow|4/100
|-ability|p1a: Calyrex|As One
|-ability|p1a: Calyrex|Unnerve
|-damage|p1a: Calyrex|0 fnt|[from] Stealth Rock
|faint|p1a: Calyrex
|move|p2a: Giratina|Will-O-Wisp|p1: Calyrex|[notarget]
|-fail|p2a: Giratina
|
|upkeep
|inactive|Naofumi_Bakugo_Jax has 25 seconds left this turn.
|inactive|Naofumi_Bakugo_Jax has 20 seconds left.
|j| gghggcghcf
|inactive|Naofumi_Bakugo_Jax has 15 seconds left.
|inactive|Naofumi_Bakugo_Jax has 10 seconds left.
|
|t:|1658393830
|switch|p1a: Yveltal|Yveltal|56/100
|-damage|p1a: Yveltal|31/100|[from] Stealth Rock
|-ability|p1a: Yveltal|Dark Aura
|turn|17
|inactive|Naofumi_Bakugo_Jax has 20 seconds left this turn.
|inactive|Naofumi_Bakugo_Jax has 15 seconds left.
|inactive|Naofumi_Bakugo_Jax has 10 seconds left.
|
|t:|1658393843
|switch|p2a: Arceus|Arceus-Water|100/100
|move|p1a: Yveltal|Tailwind|p1a: Yveltal
|-sidestart|p1: Naofumi_Bakugo_Jax|move: Tailwind
|
|upkeep
|turn|18
|inactive|Naofumi_Bakugo_Jax has 20 seconds left this turn.
|inactive|Naofumi_Bakugo_Jax has 15 seconds left.
|inactive|Naofumi_Bakugo_Jax has 10 seconds left.
|
|t:|1658393854
|move|p1a: Yveltal|Dark Pulse|p2a: Arceus
|-crit|p2a: Arceus
|-damage|p2a: Arceus|32/100
|-damage|p1a: Yveltal|22/100|[from] item: Life Orb
|move|p2a: Arceus|Whirlpool|p1a: Yveltal|[miss]
|-miss|p2a: Arceus|p1a: Yveltal
|
|upkeep
|turn|19
|inactive|Naofumi_Bakugo_Jax has 20 seconds left this turn.
|inactive|Naofumi_Bakugo_Jax has 15 seconds left.
|
|t:|1658393867
|-start|p2a: Arceus|Dynamax|
|-heal|p2a: Arceus|32/100|[silent]
|move|p1a: Yveltal|Dark Pulse|p2a: Arceus
|-damage|p2a: Arceus|10/100
|-damage|p1a: Yveltal|12/100|[from] item: Life Orb
|move|p2a: Arceus|Max Geyser|p1a: Yveltal
|-damage|p1a: Yveltal|0 fnt
|-weather|RainDance
|faint|p1a: Yveltal
|
|-weather|RainDance|[upkeep]
|upkeep
|inactive|Naofumi_Bakugo_Jax has 20 seconds left this turn.
|inactive|Naofumi_Bakugo_Jax has 15 seconds left.
|inactive|Naofumi_Bakugo_Jax has 10 seconds left.
|inactive|Naofumi_Bakugo_Jax has 5 seconds left.
|
|t:|1658393885
|switch|p1a: Swampert|Swampert-Mega, M|94/100
|-damage|p1a: Swampert|88/100|[from] Stealth Rock
|turn|20
|inactive|Naofumi_Bakugo_Jax has 15 seconds left this turn.
|inactive|Naofumi_Bakugo_Jax has 10 seconds left.
|
|t:|1658393891
|move|p2a: Arceus|Max Guard|p2a: Arceus
|-singleturn|p2a: Arceus|Max Guard
|move|p1a: Swampert|Earthquake|p2a: Arceus
|-activate|p2a: Arceus|move: Max Guard
|
|-weather|RainDance|[upkeep]
|-sideend|p1: Naofumi_Bakugo_Jax|move: Tailwind
|upkeep
|turn|21
|inactive|Naofumi_Bakugo_Jax has 20 seconds left this turn.
|
|t:|1658393895
|move|p1a: Swampert|Earthquake|p2a: Arceus
|-damage|p2a: Arceus|0 fnt
|faint|p2a: Arceus
|
|-weather|RainDance|[upkeep]
|upkeep
|inactive|Naofumi_Bakugo_Jax has 25 seconds left this turn.
|
|t:|1658393901
|switch|p2a: Groudon|Groudon-Primal, shiny|80/100
|-weather|DesolateLand|[from] ability: Desolate Land|[of] p2a: Groudon
|turn|22
|inactive|Naofumi_Bakugo_Jax has 30 seconds left.
|
|t:|1658393908
|move|p1a: Swampert|Earthquake|p2a: Groudon
|-supereffective|p2a: Groudon
|-damage|p2a: Groudon|25/100
|move|p2a: Groudon|Precipice Blades|p1a: Swampert
|-damage|p1a: Swampert|26/100
|
|-weather|DesolateLand|[upkeep]
|upkeep
|turn|23
|
|t:|1658393914
|-weather|none
|switch|p2a: Giratina|Giratina, shiny|100/100
|-ability|p2a: Giratina|Pressure
|move|p1a: Swampert|Earthquake|p2a: Giratina
|-damage|p2a: Giratina|69/100
|
|-heal|p2a: Giratina|75/100|[from] item: Leftovers
|upkeep
|turn|24
|inactive|Naofumi_Bakugo_Jax has 30 seconds left.
|inactive|Naofumi_Bakugo_Jax has 20 seconds left.
|inactive|Naofumi_Bakugo_Jax has 15 seconds left.
|inactive|Naofumi_Bakugo_Jax has 10 seconds left.
|
|t:|1658393950
|move|p1a: Swampert|Flip Turn|p2a: Giratina
|-resisted|p2a: Giratina
|-damage|p2a: Giratina|66/100
|inactive|Naofumi_Bakugo_Jax has 15 seconds left this turn.
|
|t:|1658393953
|switch|p1a: Kyogre|Kyogre|100/100|[from]move: Flip Turn
|-damage|p1a: Kyogre|88/100|[from] Stealth Rock
|-weather|RainDance|[from] ability: Drizzle|[of] p1a: Kyogre
|move|p2a: Giratina|Dragon Tail|p1a: Kyogre
|-damage|p1a: Kyogre|64/100
|drag|p1a: Marshadow|Marshadow|100/100
|-damage|p1a: Marshadow|94/100|[from] Stealth Rock
|
|-weather|RainDance|[upkeep]
|-heal|p2a: Giratina|72/100|[from] item: Leftovers
|upkeep
|turn|25
|inactive|Naofumi_Bakugo_Jax has 25 seconds left this turn.
|inactive|Naofumi_Bakugo_Jax has 20 seconds left.
|inactive|Naofumi_Bakugo_Jax has 15 seconds left.
|inactive|Naofumi_Bakugo_Jax has 10 seconds left.
|
|t:|1658393970
|move|p1a: Marshadow|Spectral Thief|p2a: Giratina
|-supereffective|p2a: Giratina
|-damage|p2a: Giratina|20/100
|move|p2a: Giratina|Hex|p1a: Marshadow
|-supereffective|p1a: Marshadow
|-damage|p1a: Marshadow|41/100
|
|-weather|RainDance|[upkeep]
|-heal|p2a: Giratina|26/100|[from] item: Leftovers
|upkeep
|turn|26
|inactive|Naofumi_Bakugo_Jax has 20 seconds left this turn.
|inactive|Naofumi_Bakugo_Jax has 15 seconds left.
|
|t:|1658393979
|move|p1a: Marshadow|Spectral Thief|p2a: Giratina
|-supereffective|p2a: Giratina
|-damage|p2a: Giratina|0 fnt
|faint|p2a: Giratina
|
|-weather|RainDance|[upkeep]
|upkeep
|inactive|Naofumi_Bakugo_Jax has 20 seconds left this turn.
|
|t:|1658393986
|switch|p2a: Groudon|Groudon-Primal, shiny|25/100
|-weather|DesolateLand|[from] ability: Desolate Land|[of] p2a: Groudon
|turn|27
|inactive|Naofumi_Bakugo_Jax has 30 seconds left this turn.
|
|t:|1658393991
|move|p1a: Marshadow|Spectral Thief|p2a: Groudon
|-crit|p2a: Groudon
|-damage|p2a: Groudon|0 fnt
|faint|p2a: Groudon
|-weather|none
|
|win|Naofumi_Bakugo_Jax
|raw|Naofumi_Bakugo_Jax's rating: 1612 &rarr; <strong>1641</strong><br />(+29 for winning)
|raw|Nobodi_Nowan's rating: 1784 &rarr; <strong>1755</strong><br />(-29 for losing)
|l|☆Nobodi_Nowan
|l| gghggcghcf
