|j|☆Scissors2020
|j|☆Nobodi_Nowan
|t:|1652988490
|gametype|singles
|player|p1|Scissors2020|veteran|1531
|player|p2|Nobodi_Nowan|acerola|1746
|teamsize|p1|6
|teamsize|p2|6
|gen|8
|tier|[Gen 8] National Dex AG
|rated|
|rule|HP Percentage Mod: HP is shown in percentages
|rule|Endless Battle Clause: Forcing endless battles is banned
|clearpoke
|poke|p1|Cinderace, F|
|poke|p1|Zacian-*|
|poke|p1|Marshadow|
|poke|p1|Scizor, M|
|poke|p1|Calyrex-Shadow|
|poke|p1|Serperior, M|
|poke|p2|Forretress, F|
|poke|p2|Arceus-*|
|poke|p2|Kyogre|
|poke|p2|Calyrex-Shadow|
|poke|p2|Zacian-*|
|poke|p2|Rayquaza|
|teampreview
|inactive|Battle timer is ON: inactive players will automatically lose when time's up. (requested by Scissors2020)
|
|t:|1652988521
|start
|switch|p1a: Scizor|Scizor, M|100/100
|switch|p2a: Rayquaza|Rayquaza|100/100
|-ability|p2a: Rayquaza|Air Lock
|turn|1
|
|t:|1652988534
|detailschange|p2a: Rayquaza|Rayquaza-Mega
|-mega|p2a: Rayquaza|Rayquaza|
|-weather|DeltaStream|[from] ability: Delta Stream|[of] p2a: Rayquaza
|detailschange|p1a: Scizor|Scizor-Mega, M
|-mega|p1a: Scizor|Scizor|Scizorite
|move|p1a: Scizor|Bullet Punch|p2a: Rayquaza
|-damage|p2a: Rayquaza|61/100
|move|p2a: Rayquaza|V-create|p1a: Scizor
|-supereffective|p1a: Scizor
|-damage|p1a: Scizor|0 fnt
|-unboost|p2a: Rayquaza|spe|1
|-unboost|p2a: Rayquaza|def|1
|-unboost|p2a: Rayquaza|spd|1
|faint|p1a: Scizor
|
|-weather|DeltaStream|[upkeep]
|upkeep
|
|t:|1652988549
|switch|p1a: Calyrex|Calyrex-Shadow|100/100
|-ability|p1a: Calyrex|As One
|-ability|p1a: Calyrex|Unnerve
|turn|2
|
|t:|1652988555
|-weather|none
|switch|p2a: Arceus|Arceus|100/100
|move|p1a: Calyrex|Astral Barrage|p2a: Arceus
|-immune|p2a: Arceus
|
|upkeep
|turn|3
|
|t:|1652988564
|switch|p1a: Zacian|Zacian-Crowned|100/100
|-ability|p1a: Zacian|Intrepid Sword|boost
|-boost|p1a: Zacian|atk|1
|move|p2a: Arceus|Shadow Claw|p1a: Zacian
|-damage|p1a: Zacian|78/100
|
|upkeep
|turn|4
|
|t:|1652988571
|switch|p2a: Forretress|Forretress, F|100/100
|move|p1a: Zacian|Sacred Sword|p2a: Forretress
|-damage|p2a: Forretress|69/100
|
|-heal|p2a: Forretress|75/100|[from] item: Leftovers
|upkeep
|turn|5
|
|t:|1652988579
|switch|p1a: Cinderace|Cinderace, F|100/100
|move|p2a: Forretress|Stealth Rock|p1a: Cinderace
|-sidestart|p1: Scissors2020|move: Stealth Rock
|
|-heal|p2a: Forretress|81/100|[from] item: Leftovers
|upkeep
|turn|6
|
|t:|1652988586
|move|p1a: Cinderace|Court Change|p1a: Cinderace
|-start|p1a: Cinderace|typechange|Normal|[from] ability: Libero
|-swapsideconditions
|-activate|p1a: Cinderace|move: Court Change
|move|p2a: Forretress|Rapid Spin|p1a: Cinderace
|-damage|p1a: Cinderace|87/100
|-boost|p2a: Forretress|spe|1
|-sideend|p2: Nobodi_Nowan|Stealth Rock|[from] move: Rapid Spin|[of] p2a: Forretress
|
|-heal|p2a: Forretress|87/100|[from] item: Leftovers
|upkeep
|turn|7
|
|t:|1652988594
|switch|p2a: Kyogre|Kyogre|100/100
|detailschange|p2a: Kyogre|Kyogre-Primal
|-primal|p2a: Kyogre
|-weather|PrimordialSea|[from] ability: Primordial Sea|[of] p2a: Kyogre
|move|p1a: Cinderace|Pyro Ball||[still]
|-fail|p1a: Cinderace|Pyro Ball|[from] Primordial Sea
|
|-weather|PrimordialSea|[upkeep]
|upkeep
|turn|8
|
|t:|1652988607
|move|p1a: Cinderace|Acrobatics|p2a: Kyogre
|-start|p1a: Cinderace|typechange|Flying|[from] ability: Libero
|-damage|p2a: Kyogre|40/100
|move|p2a: Kyogre|Origin Pulse|p1a: Cinderace
|-damage|p1a: Cinderace|0 fnt
|faint|p1a: Cinderace
|
|-weather|PrimordialSea|[upkeep]
|upkeep
|
|t:|1652988616
|switch|p1a: Serperior|Serperior, M|100/100
|turn|9
|c|☆Scissors2020|How to make it to 1700 on ladder?
|
|t:|1652988629
|move|p1a: Serperior|Leaf Storm|p2a: Kyogre
|-supereffective|p2a: Kyogre
|-damage|p2a: Kyogre|0 fnt
|-boost|p1a: Serperior|spa|2
|faint|p2a: Kyogre
|-weather|none
|
|upkeep
|c|☆Nobodi_Nowan|play a lot
|inactive|Nobodi_Nowan has 120 seconds left.
|c|☆Nobodi_Nowan|notice what your team flaws versus (on my case groudon primal)
|c|☆Nobodi_Nowan|and develop a counter strat (surf on mega ray)
|j| inthepeopleofsky
|inactive|Nobodi_Nowan has 90 seconds left.
|
|t:|1652988692
|switch|p2a: Arceus|Arceus|100/100
|turn|10
|
|t:|1652988695
|move|p2a: Arceus|Extreme Speed|p1a: Serperior
|-damage|p1a: Serperior|47/100
|move|p1a: Serperior|Leaf Storm|p2a: Arceus
|-damage|p2a: Arceus|28/100
|-boost|p1a: Serperior|spa|2
|
|upkeep
|turn|11
|
|t:|1652988705
|-start|p1a: Serperior|Dynamax|
|-heal|p1a: Serperior|47/100|[silent]
|move|p2a: Arceus|Extreme Speed|p1a: Serperior
|-damage|p1a: Serperior|19/100
|move|p1a: Serperior|Max Overgrowth|p2a: Arceus
|-damage|p2a: Arceus|0 fnt
|-fieldstart|move: Grassy Terrain
|faint|p2a: Arceus
|
|-heal|p1a: Serperior|22/100|[from] Grassy Terrain
|upkeep
|
|t:|1652988718
|switch|p2a: Zacian|Zacian-Crowned|100/100
|-ability|p2a: Zacian|Intrepid Sword|boost
|-boost|p2a: Zacian|atk|1
|turn|12
|
|t:|1652988724
|move|p2a: Zacian|Behemoth Blade|p1a: Serperior
|-damage|p1a: Serperior|0 fnt
|faint|p1a: Serperior
|
|upkeep
|
|t:|1652988729
|switch|p1a: Marshadow|Marshadow|100/100
|turn|13
|
|t:|1652988732
|switch|p2a: Forretress|Forretress, F|87/100
|move|p1a: Marshadow|Spectral Thief|p2a: Forretress
|-damage|p2a: Forretress|63/100
|
|-heal|p2a: Forretress|70/100|[from] Grassy Terrain
|-heal|p2a: Forretress|76/100|[from] item: Leftovers
|upkeep
|turn|14
|
|t:|1652988749
|switch|p1a: Zacian|Zacian-Crowned|78/100
|-ability|p1a: Zacian|Intrepid Sword|boost
|-boost|p1a: Zacian|atk|1
|move|p2a: Forretress|Stealth Rock|p1a: Zacian
|-sidestart|p1: Scissors2020|move: Stealth Rock
|
|-heal|p1a: Zacian|84/100|[from] Grassy Terrain
|-heal|p2a: Forretress|82/100|[from] Grassy Terrain
|-heal|p2a: Forretress|88/100|[from] item: Leftovers
|upkeep
|turn|15
|
|t:|1652988758
|move|p1a: Zacian|Play Rough|p2a: Forretress
|-resisted|p2a: Forretress
|-damage|p2a: Forretress|65/100
|move|p2a: Forretress|Volt Switch|p1a: Zacian
|-damage|p1a: Zacian|73/100
|
|t:|1652988768
|switch|p2a: Calyrex|Calyrex-Shadow|100/100|[from]move: Volt Switch
|-ability|p2a: Calyrex|As One
|-ability|p2a: Calyrex|Unnerve
|
|-heal|p1a: Zacian|79/100|[from] Grassy Terrain
|-fieldend|move: Grassy Terrain
|upkeep
|turn|16
|
|t:|1652988778
|move|p2a: Calyrex|Astral Barrage|p1a: Zacian
|-damage|p1a: Zacian|12/100
|move|p1a: Zacian|Crunch|p2a: Calyrex
|-supereffective|p2a: Calyrex
|-damage|p2a: Calyrex|0 fnt
|faint|p2a: Calyrex
|
|upkeep
|
|t:|1652988796
|switch|p2a: Forretress|Forretress, F|65/100
|turn|17
|
|t:|1652988810
|move|p1a: Zacian|Play Rough|p2a: Forretress
|-resisted|p2a: Forretress
|-damage|p2a: Forretress|43/100
|move|p2a: Forretress|Volt Switch|p1a: Zacian
|-damage|p1a: Zacian|2/100
|
|t:|1652988818
|switch|p2a: Zacian|Zacian-Crowned|100/100|[from]move: Volt Switch
|-ability|p2a: Zacian|Intrepid Sword|boost
|-boost|p2a: Zacian|atk|1
|
|upkeep
|turn|18
|
|t:|1652988826
|move|p2a: Zacian|Behemoth Blade|p1a: Zacian
|-damage|p1a: Zacian|0 fnt
|faint|p1a: Zacian
|
|upkeep
|
|t:|1652988836
|switch|p1a: Marshadow|Marshadow|100/100
|-damage|p1a: Marshadow|94/100|[from] Stealth Rock
|turn|19
|
|t:|1652988841
|move|p1a: Marshadow|Protect|p1a: Marshadow
|-singleturn|p1a: Marshadow|Protect
|move|p2a: Zacian|Behemoth Blade|p1a: Marshadow
|-activate|p1a: Marshadow|move: Protect
|
|upkeep
|turn|20
|
|t:|1652988846
|move|p1a: Marshadow|Shadow Sneak|p2a: Zacian
|-damage|p2a: Zacian|73/100
|move|p2a: Zacian|Behemoth Blade|p1a: Marshadow
|-damage|p1a: Marshadow|0 fnt
|faint|p1a: Marshadow
|
|upkeep
|
|t:|1652988853
|switch|p1a: Calyrex|Calyrex-Shadow|100/100
|-ability|p1a: Calyrex|As One
|-ability|p1a: Calyrex|Unnerve
|-damage|p1a: Calyrex|88/100|[from] Stealth Rock
|turn|21
|
|t:|1652988859
|move|p1a: Calyrex|Astral Barrage|p2a: Zacian
|-damage|p2a: Zacian|0 fnt
|faint|p2a: Zacian
|-ability|p1a: Calyrex|Grim Neigh|boost
|-boost|p1a: Calyrex|spa|1
|
|upkeep
|
|t:|1652988866
|switch|p2a: Forretress|Forretress, F|43/100
|turn|22
|
|t:|1652988869
|move|p1a: Calyrex|Astral Barrage|p2a: Forretress
|-damage|p2a: Forretress|0 fnt
|faint|p2a: Forretress
|-ability|p1a: Calyrex|Grim Neigh|boost
|-boost|p1a: Calyrex|spa|1
|
|upkeep
|
|t:|1652988875
|switch|p2a: Rayquaza|Rayquaza-Mega|61/100
|-weather|DeltaStream|[from] ability: Delta Stream|[of] p2a: Rayquaza
|turn|23
|c|☆Nobodi_Nowan|i have to say
|c|☆Nobodi_Nowan|i thought i won this due to my strat
|inactive|Nobodi_Nowan has 120 seconds left.
|c|☆Nobodi_Nowan|but i cant consume berries vs caly lol
|
|t:|1652988923
|move|p2a: Rayquaza|Endure|p2a: Rayquaza
|-singleturn|p2a: Rayquaza|move: Endure
|move|p1a: Calyrex|Astral Barrage|p2a: Rayquaza
|-activate|p2a: Rayquaza|move: Endure
|-damage|p2a: Rayquaza|1/100
|
|-weather|DeltaStream|[upkeep]
|upkeep
|turn|24
|
|t:|1652988930
|move|p1a: Calyrex|Astral Barrage|p2a: Rayquaza
|-damage|p2a: Rayquaza|0 fnt
|faint|p2a: Rayquaza
|-weather|none
|
|win|Scissors2020
|raw|Scissors2020's rating: 1531 &rarr; <strong>1562</strong><br />(+31 for winning)
|raw|Nobodi_Nowan's rating: 1746 &rarr; <strong>1715</strong><br />(-31 for losing)
|c|☆Nobodi_Nowan|gg
|c| inthepeopleofsky|the strat is having a pack of legends to kill everything I guess xD
