|j|☆Diancie_hhh
|j|☆emaytetehew
|t:|1655048377
|gametype|singles
|player|p1|Diancie_hhh|steven|1592
|player|p2|emaytetehew|1|1682
|teamsize|p1|6
|teamsize|p2|6
|gen|8
|tier|[Gen 8] National Dex AG
|rated|
|rule|HP Percentage Mod: HP is shown in percentages
|rule|Endless Battle Clause: Forcing endless battles is banned
|clearpoke
|poke|p1|Ninjask, F|
|poke|p1|Arceus-*|
|poke|p1|Groudon|
|poke|p1|Groudon|
|poke|p1|Ho-Oh|
|poke|p1|Zacian-*|
|poke|p2|Calyrex-Shadow|
|poke|p2|Arceus-*|
|poke|p2|Eternatus|
|poke|p2|Ninjask, M|
|poke|p2|Mew|
|poke|p2|Marshadow|
|teampreview
|
|t:|1655048400
|start
|switch|p1a: Groudon|Groudon, shiny|100/100
|switch|p2a: Ninjask|Ninjask, M|100/100
|detailschange|p1a: Groudon|Groudon-Primal, shiny
|-primal|p1a: Groudon
|-weather|DesolateLand|[from] ability: Desolate Land|[of] p1a: Groudon
|turn|1
|
|t:|1655048407
|move|p2a: Ninjask|Swords Dance|p2a: Ninjask
|-boost|p2a: Ninjask|atk|2
|move|p1a: Groudon|Fire Punch|p2a: Ninjask
|-supereffective|p2a: Ninjask
|-enditem|p2a: Ninjask|Focus Sash
|-damage|p2a: Ninjask|1/100
|
|-weather|DesolateLand|[upkeep]
|-ability|p2a: Ninjask|Speed Boost|boost
|-boost|p2a: Ninjask|spe|1
|upkeep
|turn|2
|
|t:|1655048419
|move|p2a: Ninjask|Baton Pass|p2a: Ninjask
|
|t:|1655048432
|switch|p2a: Arceus|Arceus|100/100|[from]move: Baton Pass
|move|p1a: Groudon|Fire Punch|p2a: Arceus
|-damage|p2a: Arceus|49/100
|
|-weather|DesolateLand|[upkeep]
|-heal|p2a: Arceus|55/100|[from] item: Leftovers
|upkeep
|turn|3
|
|t:|1655048441
|move|p2a: Arceus|Earthquake|p1a: Groudon
|-supereffective|p1a: Groudon
|-damage|p1a: Groudon|31/100
|move|p1a: Groudon|Earthquake|p2a: Arceus
|-damage|p2a: Arceus|6/100
|
|-weather|DesolateLand|[upkeep]
|-heal|p2a: Arceus|12/100|[from] item: Leftovers
|upkeep
|turn|4
|
|t:|1655048458
|move|p2a: Arceus|Extreme Speed|p1a: Groudon
|-damage|p1a: Groudon|0 fnt
|faint|p1a: Groudon
|-weather|none
|
|-heal|p2a: Arceus|18/100|[from] item: Leftovers
|upkeep
|
|t:|1655048466
|switch|p1a: Arceus|Arceus, shiny|100/100
|turn|5
|
|t:|1655048472
|move|p2a: Arceus|Extreme Speed|p1a: Arceus
|-damage|p1a: Arceus|50/100
|move|p1a: Arceus|Extreme Speed|p2a: Arceus
|-crit|p2a: Arceus
|-damage|p2a: Arceus|0 fnt
|faint|p2a: Arceus
|-damage|p1a: Arceus|41/100|[from] item: Life Orb
|
|upkeep
|
|t:|1655048479
|switch|p2a: Marshadow|Marshadow|100/100
|turn|6
|
|t:|1655048490
|switch|p1a: Ho-Oh|Ho-Oh|100/100
|move|p2a: Marshadow|Close Combat|p1a: Ho-Oh
|-resisted|p1a: Ho-Oh
|-damage|p1a: Ho-Oh|70/100
|-unboost|p2a: Marshadow|def|1
|-unboost|p2a: Marshadow|spd|1
|
|upkeep
|turn|7
|
|t:|1655048501
|move|p2a: Marshadow|Rock Tomb|p1a: Ho-Oh
|-supereffective|p1a: Ho-Oh
|-damage|p1a: Ho-Oh|0 fnt
|faint|p1a: Ho-Oh
|
|upkeep
|
|t:|1655048512
|switch|p1a: Zacian|Zacian-Crowned|100/100
|-ability|p1a: Zacian|Intrepid Sword|boost
|-boost|p1a: Zacian|atk|1
|turn|8
|
|t:|1655048519
|switch|p2a: Ninjask|Ninjask, M|1/100
|move|p1a: Zacian|Behemoth Blade|p2a: Ninjask
|-damage|p2a: Ninjask|0 fnt
|faint|p2a: Ninjask
|
|upkeep
|
|t:|1655048541
|switch|p2a: Calyrex|Calyrex-Shadow|100/100
|-ability|p2a: Calyrex|As One
|-ability|p2a: Calyrex|Unnerve
|turn|9
|
|t:|1655048549
|move|p2a: Calyrex|Astral Barrage|p1a: Zacian
|-damage|p1a: Zacian|28/100
|move|p1a: Zacian|Play Rough|p2a: Calyrex
|-enditem|p2a: Calyrex|Focus Sash
|-damage|p2a: Calyrex|1/100
|
|upkeep
|turn|10
|
|t:|1655048558
|switch|p1a: Arceus|Arceus, shiny|41/100
|move|p2a: Calyrex|Astral Barrage|p1a: Arceus
|-immune|p1a: Arceus
|
|upkeep
|turn|11
|
|t:|1655048570
|-start|p1a: Arceus|Dynamax|
|-heal|p1a: Arceus|41/100|[silent]
|move|p2a: Calyrex|Nasty Plot|p2a: Calyrex
|-boost|p2a: Calyrex|spa|2
|move|p1a: Arceus|Max Airstream|p2a: Calyrex
|-damage|p2a: Calyrex|0 fnt
|-boost|p1a: Arceus|spe|1
|faint|p2a: Calyrex
|-damage|p1a: Arceus|36/100|[from] item: Life Orb
|
|upkeep
|
|t:|1655048578
|switch|p2a: Mew|Mew|100/100
|turn|12
|
|t:|1655048583
|move|p1a: Arceus|Max Strike|p2a: Mew
|-damage|p2a: Mew|25/100
|-unboost|p2a: Mew|spe|1
|-damage|p1a: Arceus|31/100|[from] item: Life Orb
|move|p2a: Mew|Soft-Boiled|p2a: Mew
|-heal|p2a: Mew|75/100
|
|upkeep
|turn|13
|
|t:|1655048594
|move|p1a: Arceus|Max Strike|p2a: Mew
|-damage|p2a: Mew|0 fnt
|faint|p2a: Mew
|-damage|p1a: Arceus|26/100|[from] item: Life Orb
|
|upkeep
|
|t:|1655048600
|switch|p2a: Marshadow|Marshadow|100/100
|-end|p1a: Arceus|Dynamax
|-heal|p1a: Arceus|26/100|[silent]
|turn|14
|
|t:|1655048611
|-start|p2a: Marshadow|Dynamax|
|-heal|p2a: Marshadow|100/100|[silent]
|move|p1a: Arceus|Fly||[still]
|-prepare|p1a: Arceus|Fly
|move|p2a: Marshadow|Max Knuckle|p1a: Arceus|[miss]
|-miss|p2a: Marshadow|p1a: Arceus
|
|upkeep
|turn|15
|
|t:|1655048625
|move|p1a: Arceus|Fly|p2a: Marshadow|[from]lockedmove
|-supereffective|p2a: Marshadow
|-damage|p2a: Marshadow|47/100
|-damage|p1a: Arceus|16/100|[from] item: Life Orb
|move|p2a: Marshadow|Max Knuckle|p1a: Arceus
|-supereffective|p1a: Arceus
|-damage|p1a: Arceus|0 fnt
|-boost|p2a: Marshadow|atk|1
|faint|p1a: Arceus
|
|upkeep
|
|t:|1655048637
|switch|p1a: Zacian|Zacian-Crowned|28/100
|-ability|p1a: Zacian|Intrepid Sword|boost
|-boost|p1a: Zacian|atk|1
|turn|16
|
|t:|1655048647
|-end|p2a: Marshadow|Dynamax
|-heal|p2a: Marshadow|48/100|[silent]
|switch|p2a: Eternatus|Eternatus|100/100
|-ability|p2a: Eternatus|Pressure
|move|p1a: Zacian|Play Rough|p2a: Eternatus
|-damage|p2a: Eternatus|37/100
|
|-heal|p2a: Eternatus|43/100|[from] item: Leftovers
|upkeep
|turn|17
|
|t:|1655048659
|move|p1a: Zacian|Behemoth Blade|p2a: Eternatus
|-damage|p2a: Eternatus|0 fnt
|faint|p2a: Eternatus
|
|upkeep
|
|t:|1655048661
|switch|p2a: Marshadow|Marshadow|48/100
|turn|18
|
|t:|1655048664
|move|p2a: Marshadow|Shadow Sneak|p1a: Zacian
|-damage|p1a: Zacian|2/100
|move|p1a: Zacian|Behemoth Blade|p2a: Marshadow
|-damage|p2a: Marshadow|0 fnt
|faint|p2a: Marshadow
|
|win|Diancie_hhh
|raw|Diancie_hhh's rating: 1592 &rarr; <strong>1617</strong><br />(+25 for winning)
|raw|emaytetehew's rating: 1682 &rarr; <strong>1657</strong><br />(-25 for losing)
|l|☆emaytetehew
||Ladder isn't responding, score probably updated but might not have (Request timeout).
