|j|☆Masta SkillZ
|j|☆lemoncell0
|inactive|Battle timer is ON: inactive players will automatically lose when time's up.
|t:|1651527557
|gametype|singles
|player|p1|Masta SkillZ|aromalady|
|player|p2|lemoncell0|allister|
|teamsize|p1|6
|teamsize|p2|6
|gen|8
|tier|[Gen 8] National Dex AG
|rated|Tournament battle
|rule|HP Percentage Mod: HP is shown in percentages
|rule|Endless Battle Clause: Forcing endless battles is banned
|clearpoke
|poke|p1|Necrozma-Dusk-Mane|
|poke|p1|Yveltal|
|poke|p1|Articuno|
|poke|p1|Groudon|
|poke|p1|Ditto|
|poke|p1|Kangaskhan, F|
|poke|p2|Vivillon-Monsoon, M|
|poke|p2|Tyranitar, M|
|poke|p2|Zacian-*|
|poke|p2|Ditto|
|poke|p2|Quagsire, F|
|poke|p2|Ferrothorn, F|
|teampreview
|j| lvgfuyuyft
|
|t:|1651527579
|start
|switch|p1a: Kangaskhan|Kangaskhan, F|100/100
|switch|p2a: Vivillon|Vivillon-Monsoon, M|100/100
|turn|1
|j| Apprenti Buck
|
|t:|1651527590
|switch|p2a: Ferrothorn|Ferrothorn, F|100/100
|detailschange|p1a: Kangaskhan|Kangaskhan-Mega, F
|-mega|p1a: Kangaskhan|Kangaskhan|Kangaskhanite
|move|p1a: Kangaskhan|Seismic Toss|p2a: Ferrothorn
|-damage|p2a: Ferrothorn|72/100
|-damage|p1a: Kangaskhan|88/100|[from] ability: Iron Barbs|[of] p2a: Ferrothorn
|-damage|p2a: Ferrothorn|44/100
|-damage|p1a: Kangaskhan|76/100|[from] ability: Iron Barbs|[of] p2a: Ferrothorn
|-hitcount|p2a: Ferrothorn|2
|
|-heal|p2a: Ferrothorn|50/100|[from] item: Leftovers
|upkeep
|turn|2
|
|t:|1651527595
|move|p2a: Ferrothorn|Protect|p2a: Ferrothorn
|-singleturn|p2a: Ferrothorn|Protect
|move|p1a: Kangaskhan|Seismic Toss|p2a: Ferrothorn
|-activate|p2a: Ferrothorn|move: Protect
|
|-heal|p2a: Ferrothorn|56/100|[from] item: Leftovers
|upkeep
|turn|3
|
|t:|1651527606
|switch|p2a: Quagsire|Quagsire, F|100/100
|move|p1a: Kangaskhan|Seismic Toss|p2a: Quagsire
|-damage|p2a: Quagsire|75/100
|-damage|p1a: Kangaskhan|59/100|[from] item: Rocky Helmet|[of] p2a: Quagsire
|-damage|p2a: Quagsire|50/100
|-damage|p1a: Kangaskhan|43/100|[from] item: Rocky Helmet|[of] p2a: Quagsire
|-hitcount|p2a: Quagsire|2
|
|upkeep
|turn|4
|
|t:|1651527610
|move|p1a: Kangaskhan|Seismic Toss|p2a: Quagsire
|-damage|p2a: Quagsire|24/100
|-damage|p1a: Kangaskhan|26/100|[from] item: Rocky Helmet|[of] p2a: Quagsire
|-damage|p2a: Quagsire|0 fnt
|-damage|p1a: Kangaskhan|9/100|[from] item: Rocky Helmet|[of] p2a: Quagsire
|faint|p2a: Quagsire
|-hitcount|p2: Quagsire|2
|
|upkeep
|
|t:|1651527622
|switch|p2a: Zacian|Zacian-Crowned|100/100
|-ability|p2a: Zacian|Intrepid Sword|boost
|-boost|p2a: Zacian|atk|1
|turn|5
|j| hhhhhhhhhhh3
|
|t:|1651527628
|move|p2a: Zacian|Substitute|p2a: Zacian
|-start|p2a: Zacian|Substitute
|-damage|p2a: Zacian|76/100
|move|p1a: Kangaskhan|Rest|p1a: Kangaskhan
|-status|p1a: Kangaskhan|slp|[from] move: Rest
|-heal|p1a: Kangaskhan|100/100 slp|[silent]
|
|upkeep
|turn|6
|
|t:|1651527631
|switch|p1a: Necrozma|Necrozma-Dusk-Mane|100/100
|move|p2a: Zacian|Close Combat|p1a: Necrozma
|-damage|p1a: Necrozma|58/100
|-unboost|p2a: Zacian|def|1
|-unboost|p2a: Zacian|spd|1
|-damage|p2a: Zacian|59/100|[from] item: Rocky Helmet|[of] p1a: Necrozma
|
|upkeep
|turn|7
|
|t:|1651527635
|switch|p2a: Vivillon|Vivillon-Monsoon, M|100/100
|move|p1a: Necrozma|Stealth Rock|p2a: Vivillon
|-sidestart|p2: lemoncell0|move: Stealth Rock
|
|upkeep
|turn|8
|
|t:|1651527638
|switch|p1a: Kangaskhan|Kangaskhan-Mega, F|100/100 slp
|move|p2a: Vivillon|Sleep Powder|p1a: Kangaskhan
|-fail|p1a: Kangaskhan|slp
|
|upkeep
|turn|9
|
|t:|1651527641
|move|p2a: Vivillon|Quiver Dance|p2a: Vivillon
|-boost|p2a: Vivillon|spa|1
|-boost|p2a: Vivillon|spd|1
|-boost|p2a: Vivillon|spe|1
|cant|p1a: Kangaskhan|slp
|move|p1a: Kangaskhan|Sleep Talk|p1a: Kangaskhan
|move|p1a: Kangaskhan|Seismic Toss|p2a: Vivillon|[from]move: Sleep Talk
|-damage|p2a: Vivillon|67/100
|-damage|p2a: Vivillon|34/100
|-hitcount|p2a: Vivillon|2
|
|-heal|p2a: Vivillon|40/100|[from] item: Leftovers
|upkeep
|turn|10
|
|t:|1651527649
|-start|p2a: Vivillon|Dynamax|
|-heal|p2a: Vivillon|40/100|[silent]
|move|p2a: Vivillon|Max Airstream|p1a: Kangaskhan
|-damage|p1a: Kangaskhan|33/100 slp
|-boost|p2a: Vivillon|spe|1
|cant|p1a: Kangaskhan|slp
|move|p1a: Kangaskhan|Sleep Talk|p1a: Kangaskhan
|move|p1a: Kangaskhan|Rest||[from]move: Sleep Talk|[still]
|-fail|p1a: Kangaskhan
|
|-heal|p2a: Vivillon|43/100|[from] item: Leftovers
|upkeep
|turn|11
|
|t:|1651527658
|switch|p1a: Necrozma|Necrozma-Dusk-Mane|58/100
|move|p2a: Vivillon|Max Airstream|p1a: Necrozma
|-resisted|p1a: Necrozma
|-damage|p1a: Necrozma|24/100
|-boost|p2a: Vivillon|spe|1
|
|-heal|p2a: Vivillon|46/100|[from] item: Leftovers
|upkeep
|turn|12
|j| Pokemh
|
|t:|1651527687
|switch|p1a: Kangaskhan|Kangaskhan-Mega, F|33/100 slp
|move|p2a: Vivillon|Max Guard||[still]
|-fail|p2a: Vivillon
|
|-heal|p2a: Vivillon|49/100|[from] item: Leftovers
|upkeep
|-end|p2a: Vivillon|Dynamax
|-heal|p2a: Vivillon|49/100|[silent]
|turn|13
|inactive|lemoncell0 has 120 seconds left.
|
|t:|1651527702
|move|p2a: Vivillon|Hurricane|p1a: Kangaskhan
|-damage|p1a: Kangaskhan|0 fnt
|faint|p1a: Kangaskhan
|
|-heal|p2a: Vivillon|55/100|[from] item: Leftovers
|upkeep
|
|t:|1651527707
|switch|p1a: Ditto|Ditto|100/100
|-transform|p1a: Ditto|p2a: Vivillon|[from] ability: Imposter
|turn|14
|
|t:|1651527711
|switch|p2a: Tyranitar|Tyranitar, M|100/100
|-damage|p2a: Tyranitar|88/100|[from] Stealth Rock
|-weather|Sandstorm|[from] ability: Sand Stream|[of] p2a: Tyranitar
|move|p1a: Ditto|Hurricane|p2a: Tyranitar
|-resisted|p2a: Tyranitar
|-damage|p2a: Tyranitar|75/100
|-start|p2a: Tyranitar|confusion
|
|-weather|Sandstorm|[upkeep]
|-damage|p1a: Ditto|94/100|[from] Sandstorm
|upkeep
|turn|15
|
|t:|1651527725
|-activate|p1a: Ditto|move: Pursuit
|detailschange|p2a: Tyranitar|Tyranitar-Mega, M
|-mega|p2a: Tyranitar|Tyranitar|Tyranitarite
|-activate|p2a: Tyranitar|confusion
|move|p2a: Tyranitar|Pursuit|p1a: Ditto|[from]Pursuit
|-damage|p1a: Ditto|6/100
|switch|p1a: Necrozma|Necrozma-Dusk-Mane|24/100
|
|-weather|Sandstorm|[upkeep]
|upkeep
|turn|16
|
|t:|1651527740
|switch|p2a: Vivillon|Vivillon-Monsoon, M|55/100
|-damage|p2a: Vivillon|5/100|[from] Stealth Rock
|move|p1a: Necrozma|Sunsteel Strike|p2a: Vivillon
|-damage|p2a: Vivillon|0 fnt
|faint|p2a: Vivillon
|
|-weather|Sandstorm|[upkeep]
|upkeep
|
|t:|1651527742
|switch|p2a: Zacian|Zacian-Crowned|59/100
|-damage|p2a: Zacian|53/100|[from] Stealth Rock
|-ability|p2a: Zacian|Intrepid Sword|boost
|-boost|p2a: Zacian|atk|1
|turn|17
|
|t:|1651527745
|move|p2a: Zacian|Close Combat|p1a: Necrozma
|-damage|p1a: Necrozma|0 fnt
|-unboost|p2a: Zacian|def|1
|-unboost|p2a: Zacian|spd|1
|-damage|p2a: Zacian|36/100|[from] item: Rocky Helmet|[of] p1a: Necrozma
|faint|p1a: Necrozma
|
|-weather|Sandstorm|[upkeep]
|upkeep
|
|t:|1651527760
|switch|p1a: Groudon|Groudon|100/100
|detailschange|p1a: Groudon|Groudon-Primal
|-primal|p1a: Groudon
|-weather|DesolateLand|[from] ability: Desolate Land|[of] p1a: Groudon
|turn|18
|
|t:|1651527771
|switch|p2a: Ferrothorn|Ferrothorn, F|56/100
|-damage|p2a: Ferrothorn|50/100|[from] Stealth Rock
|move|p1a: Groudon|Heat Crash|p2a: Ferrothorn
|-supereffective|p2a: Ferrothorn
|-damage|p2a: Ferrothorn|0 fnt
|-damage|p1a: Groudon|88/100|[from] ability: Iron Barbs|[of] p2a: Ferrothorn
|faint|p2a: Ferrothorn
|
|-weather|DesolateLand|[upkeep]
|upkeep
|
|t:|1651527774
|switch|p2a: Ditto|Ditto|100/100
|-damage|p2a: Ditto|88/100|[from] Stealth Rock
|-transform|p2a: Ditto|p1a: Groudon|[from] ability: Imposter
|turn|19
|
|t:|1651527782
|switch|p1a: Articuno|Articuno|100/100
|-ability|p1a: Articuno|Pressure
|move|p2a: Ditto|Heat Crash|p1a: Articuno
|-supereffective|p1a: Articuno
|-damage|p1a: Articuno|0 fnt
|faint|p1a: Articuno
|
|-weather|DesolateLand|[upkeep]
|upkeep
|
|t:|1651527791
|switch|p1a: Groudon|Groudon-Primal|88/100
|turn|20
|
|t:|1651527796
|switch|p2a: Zacian|Zacian-Crowned|36/100
|-damage|p2a: Zacian|30/100|[from] Stealth Rock
|-ability|p2a: Zacian|Intrepid Sword|boost
|-boost|p2a: Zacian|atk|1
|move|p1a: Groudon|Precipice Blades|p2a: Zacian|[miss]
|-miss|p1a: Groudon|p2a: Zacian
|
|-weather|DesolateLand|[upkeep]
|upkeep
|turn|21
|
|t:|1651527802
|move|p2a: Zacian|Close Combat|p1a: Groudon
|-damage|p1a: Groudon|44/100
|-unboost|p2a: Zacian|def|1
|-unboost|p2a: Zacian|spd|1
|move|p1a: Groudon|Precipice Blades|p2a: Zacian
|-supereffective|p2a: Zacian
|-damage|p2a: Zacian|0 fnt
|faint|p2a: Zacian
|
|-weather|DesolateLand|[upkeep]
|upkeep
|
|t:|1651527804
|switch|p2a: Ditto|Ditto|88/100
|-damage|p2a: Ditto|76/100|[from] Stealth Rock
|-transform|p2a: Ditto|p1a: Groudon|[from] ability: Imposter
|turn|22
|
|t:|1651527807
|move|p2a: Ditto|Precipice Blades|p1a: Groudon
|-supereffective|p1a: Groudon
|-damage|p1a: Groudon|0 fnt
|faint|p1a: Groudon
|
|-weather|DesolateLand|[upkeep]
|upkeep
|
|t:|1651527813
|switch|p1a: Yveltal|Yveltal|100/100
|-ability|p1a: Yveltal|Dark Aura
|turn|23
|
|t:|1651527822
|-weather|none
|switch|p2a: Tyranitar|Tyranitar-Mega, M|75/100
|-damage|p2a: Tyranitar|63/100|[from] Stealth Rock
|-weather|Sandstorm|[from] ability: Sand Stream|[of] p2a: Tyranitar
|-start|p1a: Yveltal|Dynamax|
|-heal|p1a: Yveltal|100/100|[silent]
|move|p1a: Yveltal|Max Darkness|p2a: Tyranitar
|-resisted|p2a: Tyranitar
|-damage|p2a: Tyranitar|41/100
|-unboost|p2a: Tyranitar|spd|1
|-damage|p1a: Yveltal|96/100|[from] item: Life Orb
|
|-weather|Sandstorm|[upkeep]
|-damage|p1a: Yveltal|92/100|[from] Sandstorm
|upkeep
|turn|24
|
|t:|1651527825
|move|p1a: Yveltal|Max Darkness|p2a: Tyranitar
|-resisted|p2a: Tyranitar
|-damage|p2a: Tyranitar|7/100
|-unboost|p2a: Tyranitar|spd|1
|-damage|p1a: Yveltal|88/100|[from] item: Life Orb
|move|p2a: Tyranitar|Rest|p2a: Tyranitar
|-status|p2a: Tyranitar|slp|[from] move: Rest
|-heal|p2a: Tyranitar|100/100 slp|[silent]
|
|-weather|Sandstorm|[upkeep]
|-damage|p1a: Yveltal|84/100|[from] Sandstorm
|upkeep
|turn|25
|
|t:|1651527829
|move|p1a: Yveltal|Max Darkness|p2a: Tyranitar
|-resisted|p2a: Tyranitar
|-damage|p2a: Tyranitar|54/100 slp
|-unboost|p2a: Tyranitar|spd|1
|-damage|p1a: Yveltal|80/100|[from] item: Life Orb
|cant|p2a: Tyranitar|slp
|
|-weather|Sandstorm|[upkeep]
|-damage|p1a: Yveltal|76/100|[from] Sandstorm
|upkeep
|-end|p1a: Yveltal|Dynamax
|-heal|p1a: Yveltal|77/100|[silent]
|turn|26
|
|t:|1651527836
|switch|p2a: Ditto|Ditto|76/100
|-damage|p2a: Ditto|63/100|[from] Stealth Rock
|-transform|p2a: Ditto|p1a: Yveltal|[from] ability: Imposter
|-ability|p2a: Ditto|Dark Aura
|move|p1a: Yveltal|Oblivion Wing|p2a: Ditto
|-damage|p2a: Ditto|0 fnt
|-heal|p1a: Yveltal|100/100|[from] drain|[of] p2a: Ditto
|faint|p2a: Ditto
|-damage|p1a: Yveltal|91/100|[from] item: Life Orb
|
|-weather|Sandstorm|[upkeep]
|-damage|p1a: Yveltal|84/100|[from] Sandstorm
|upkeep
|
|t:|1651527838
|switch|p2a: Tyranitar|Tyranitar-Mega, M|54/100 slp
|-damage|p2a: Tyranitar|42/100 slp|[from] Stealth Rock
|turn|27
|
|t:|1651527840
|move|p1a: Yveltal|Dark Pulse|p2a: Tyranitar
|-resisted|p2a: Tyranitar
|-damage|p2a: Tyranitar|27/100 slp
|-damage|p1a: Yveltal|75/100|[from] item: Life Orb
|cant|p2a: Tyranitar|slp
|
|-weather|none
|upkeep
|turn|28
|
|t:|1651527844
|move|p1a: Yveltal|Taunt|p2a: Tyranitar
|-start|p2a: Tyranitar|move: Taunt
|-curestatus|p2a: Tyranitar|slp|[msg]
|cant|p2a: Tyranitar|move: Taunt|Rest
|
|upkeep
|turn|29
|
|t:|1651527847
|move|p1a: Yveltal|Dark Pulse|p2a: Tyranitar
|-resisted|p2a: Tyranitar
|-damage|p2a: Tyranitar|6/100
|-damage|p1a: Yveltal|65/100|[from] item: Life Orb
|move|p2a: Tyranitar|Rock Tomb|p1a: Yveltal
|-supereffective|p1a: Yveltal
|-damage|p1a: Yveltal|5/100
|-unboost|p1a: Yveltal|spe|1
|
|upkeep
|turn|30
|
|t:|1651527849
|move|p1a: Yveltal|Dark Pulse|p2a: Tyranitar
|-resisted|p2a: Tyranitar
|-damage|p2a: Tyranitar|0 fnt
|faint|p2a: Tyranitar
|-damage|p1a: Yveltal|0 fnt|[from] item: Life Orb
|faint|p1a: Yveltal
|
|win|Masta SkillZ
|n|☆Masta SkillZ|mastaskillz
|n|☆lemoncell0|lemoncell0
|n| lvgfuyuyft|lvgfuyuyft
|n| Apprenti Buck|apprentibuck
|n| hhhhhhhhhhh3|hhhhhhhhhhh3
|n| Pokemh|pokemh
