|j|☆justznic
|j|☆Onestopvtg
|t:|1668016092
|gametype|singles
|player|p1|justznic|170|1481
|player|p2|Onestopvtg|firebreather|1503
|teamsize|p1|6
|teamsize|p2|6
|gen|8
|tier|[Gen 8] National Dex AG
|rated|
|rule|HP Percentage Mod: HP is shown in percentages
|rule|Endless Battle Clause: Forcing endless battles is banned
|clearpoke
|poke|p1|Klefki, F|
|poke|p1|Ditto|
|poke|p1|Mewtwo|
|poke|p1|Kyogre|
|poke|p1|Calyrex-Shadow|
|poke|p1|Articuno|
|poke|p2|Hippowdon, M|
|poke|p2|Corviknight, M|
|poke|p2|Clefable, F|
|poke|p2|Manaphy|
|poke|p2|Rillaboom, M|
|poke|p2|Zapdos|
|teampreview
|inactive|Battle timer is ON: inactive players will automatically lose when time's up. (requested by Onestopvtg)
|inactive|justznic also wants the timer to be on.
|
|t:|1668016111
|start
|switch|p1a: Klefki|Klefki, F|100/100
|switch|p2a: Rillaboom|Rillaboom, M|100/100
|-fieldstart|move: Grassy Terrain|[from] ability: Grassy Surge|[of] p2a: Rillaboom
|turn|1
|
|t:|1668016115
|move|p1a: Klefki|Toxic|p2a: Rillaboom
|-status|p2a: Rillaboom|tox
|move|p2a: Rillaboom|U-turn|p1a: Klefki
|-resisted|p1a: Klefki
|-damage|p1a: Klefki|90/100
|
|t:|1668016123
|switch|p2a: Clefable|Clefable, F|100/100|[from]move: U-turn
|
|-heal|p1a: Klefki|96/100|[from] Grassy Terrain
|-heal|p1a: Klefki|100/100|[from] item: Leftovers
|upkeep
|turn|2
|
|t:|1668016127
|move|p1a: Klefki|Toxic|p2a: Clefable
|-status|p2a: Clefable|tox
|move|p2a: Clefable|Heal Bell|p2a: Clefable
|-activate|p2a: Clefable|move: Heal Bell
|-curestatus|p2a: Clefable|tox|[msg]
|-curestatus|p2: Rillaboom|tox|[msg]
|
|upkeep
|turn|3
|
|t:|1668016132
|switch|p2a: Corviknight|Corviknight, M|100/100
|-ability|p2a: Corviknight|Pressure
|move|p1a: Klefki|Spikes|p2a: Corviknight
|-sidestart|p2: Onestopvtg|Spikes
|
|upkeep
|turn|4
|
|t:|1668016140
|switch|p1a: Articuno|Articuno|100/100
|move|p2a: Corviknight|Defog|p1a: Articuno
|-unboost|p1a: Articuno|evasion|1
|-sideend|p2: Onestopvtg|Spikes|[from] move: Defog|[of] p2a: Corviknight
|-fieldend|move: Grassy Terrain
|
|upkeep
|turn|5
|
|t:|1668016148
|move|p1a: Articuno|Mind Reader|p2a: Corviknight
|-activate|p1a: Articuno|move: Mind Reader|[of] p2a: Corviknight
|move|p2a: Corviknight|U-turn|p1a: Articuno
|-resisted|p1a: Articuno
|-damage|p1a: Articuno|93/100
|
|t:|1668016156
|switch|p2a: Zapdos|Zapdos|100/100|[from]move: U-turn
|
|upkeep
|turn|6
|
|t:|1668016165
|move|p2a: Zapdos|Thunderbolt|p1a: Articuno
|-supereffective|p1a: Articuno
|-damage|p1a: Articuno|0 fnt
|faint|p1a: Articuno
|
|upkeep
|
|t:|1668016175
|switch|p1a: Mewtwo|Mewtwo|100/100
|-ability|p1a: Mewtwo|Unnerve
|turn|7
|c|☆Onestopvtg|Sheer cold definitely was coming
|
|t:|1668016186
|switch|p2a: Clefable|Clefable, F|100/100
|detailschange|p1a: Mewtwo|Mewtwo-Mega-Y
|-mega|p1a: Mewtwo|Mewtwo|Mewtwonite Y
|move|p1a: Mewtwo|Ice Beam|p2a: Clefable
|-damage|p2a: Clefable|74/100
|-status|p2a: Clefable|frz
|
|-heal|p2a: Clefable|80/100 frz|[from] item: Leftovers
|upkeep
|turn|8
|
|t:|1668016195
|move|p1a: Mewtwo|Psystrike|p2a: Clefable
|-damage|p2a: Clefable|8/100 frz
|cant|p2a: Clefable|frz
|
|-heal|p2a: Clefable|14/100 frz|[from] item: Leftovers
|upkeep
|turn|9
|
|t:|1668016201
|move|p1a: Mewtwo|Psystrike|p2a: Clefable
|-crit|p2a: Clefable
|-damage|p2a: Clefable|0 fnt
|faint|p2a: Clefable
|
|upkeep
|
|t:|1668016205
|switch|p2a: Rillaboom|Rillaboom, M|100/100
|-fieldstart|move: Grassy Terrain|[from] ability: Grassy Surge|[of] p2a: Rillaboom
|turn|10
|
|t:|1668016212
|switch|p1a: Klefki|Klefki, F|100/100
|move|p2a: Rillaboom|Grassy Glide|p1a: Klefki
|-resisted|p1a: Klefki
|-crit|p1a: Klefki
|-damage|p1a: Klefki|35/100
|
|-heal|p1a: Klefki|41/100|[from] Grassy Terrain
|-heal|p1a: Klefki|47/100|[from] item: Leftovers
|upkeep
|turn|11
|
|t:|1668016225
|move|p2a: Rillaboom|Grassy Glide|p1a: Klefki
|-resisted|p1a: Klefki
|-damage|p1a: Klefki|4/100
|move|p1a: Klefki|Spikes|p2a: Rillaboom
|-sidestart|p2: Onestopvtg|Spikes
|
|-heal|p1a: Klefki|10/100|[from] Grassy Terrain
|-heal|p1a: Klefki|16/100|[from] item: Leftovers
|upkeep
|turn|12
|
|t:|1668016231
|move|p2a: Rillaboom|Grassy Glide|p1a: Klefki
|-resisted|p1a: Klefki
|-damage|p1a: Klefki|0 fnt
|faint|p1a: Klefki
|
|upkeep
|
|t:|1668016236
|switch|p1a: Ditto|Ditto|100/100
|-transform|p1a: Ditto|p2a: Rillaboom|[from] ability: Imposter
|turn|13
|
|t:|1668016253
|switch|p2a: Corviknight|Corviknight, M|100/100
|-ability|p2a: Corviknight|Pressure
|move|p1a: Ditto|Knock Off|p2a: Corviknight
|-damage|p2a: Corviknight|80/100
|-enditem|p2a: Corviknight|Leftovers|[from] move: Knock Off|[of] p1a: Ditto
|
|upkeep
|turn|14
|
|t:|1668016268
|switch|p1a: Mewtwo|Mewtwo-Mega-Y|100/100
|move|p2a: Corviknight|Brave Bird|p1a: Mewtwo
|-damage|p1a: Mewtwo|51/100
|-damage|p2a: Corviknight|66/100|[from] Recoil
|
|-heal|p1a: Mewtwo|57/100|[from] Grassy Terrain
|-fieldend|move: Grassy Terrain
|upkeep
|turn|15
|
|t:|1668016275
|move|p1a: Mewtwo|Flamethrower|p2a: Corviknight
|-supereffective|p2a: Corviknight
|-damage|p2a: Corviknight|0 fnt
|faint|p2a: Corviknight
|
|upkeep
|
|t:|1668016286
|switch|p2a: Manaphy|Manaphy|100/100
|-damage|p2a: Manaphy|88/100|[from] Spikes
|turn|16
|
|t:|1668016294
|-start|p2a: Manaphy|Dynamax|
|-heal|p2a: Manaphy|88/100|[silent]
|move|p1a: Mewtwo|Psystrike|p2a: Manaphy
|-damage|p2a: Manaphy|53/100
|move|p2a: Manaphy|Max Geyser|p1a: Mewtwo
|-damage|p1a: Mewtwo|9/100
|-weather|RainDance
|
|-weather|RainDance|[upkeep]
|-heal|p2a: Manaphy|56/100|[from] item: Leftovers
|upkeep
|turn|17
|
|t:|1668016306
|move|p1a: Mewtwo|Psystrike|p2a: Manaphy
|-damage|p2a: Manaphy|21/100
|move|p2a: Manaphy|Max Overgrowth|p1a: Mewtwo
|-damage|p1a: Mewtwo|0 fnt
|-fieldstart|move: Grassy Terrain
|faint|p1a: Mewtwo
|
|-weather|RainDance|[upkeep]
|-heal|p2a: Manaphy|24/100|[from] Grassy Terrain
|-heal|p2a: Manaphy|27/100|[from] item: Leftovers
|upkeep
|
|t:|1668016315
|switch|p1a: Calyrex|Calyrex-Shadow|100/100
|-ability|p1a: Calyrex|As One
|-ability|p1a: Calyrex|Unnerve
|turn|18
|
|t:|1668016318
|-start|p1a: Calyrex|Dynamax|
|-heal|p1a: Calyrex|100/100|[silent]
|move|p1a: Calyrex|Max Mindstorm|p2a: Manaphy
|-damage|p2a: Manaphy|0 fnt
|-fieldstart|move: Psychic Terrain
|faint|p2a: Manaphy
|-ability|p1a: Calyrex|Grim Neigh|boost
|-boost|p1a: Calyrex|spa|1
|
|-weather|RainDance|[upkeep]
|upkeep
|
|t:|1668016326
|switch|p2a: Hippowdon|Hippowdon, M|100/100
|-damage|p2a: Hippowdon|88/100|[from] Spikes
|-weather|Sandstorm|[from] ability: Sand Stream|[of] p2a: Hippowdon
|turn|19
|
|t:|1668016332
|move|p1a: Calyrex|Max Mindstorm|p2a: Hippowdon
|-damage|p2a: Hippowdon|0 fnt
|faint|p2a: Hippowdon
|-ability|p1a: Calyrex|Grim Neigh|boost
|-boost|p1a: Calyrex|spa|1
|
|-weather|Sandstorm|[upkeep]
|-damage|p1a: Calyrex|97/100|[from] Sandstorm
|upkeep
|
|t:|1668016338
|switch|p2a: Zapdos|Zapdos|100/100
|turn|20
|
|t:|1668016342
|move|p1a: Calyrex|Max Mindstorm|p2a: Zapdos
|-crit|p2a: Zapdos
|-damage|p2a: Zapdos|0 fnt
|faint|p2a: Zapdos
|-ability|p1a: Calyrex|Grim Neigh|boost
|-boost|p1a: Calyrex|spa|1
|
|-weather|Sandstorm|[upkeep]
|-damage|p1a: Calyrex|94/100|[from] Sandstorm
|upkeep
|
|t:|1668016344
|switch|p2a: Rillaboom|Rillaboom, M|100/100
|-damage|p2a: Rillaboom|88/100|[from] Spikes
|-fieldstart|move: Grassy Terrain|[from] ability: Grassy Surge|[of] p2a: Rillaboom
|-end|p1a: Calyrex|Dynamax
|-heal|p1a: Calyrex|94/100|[silent]
|turn|21
|
|t:|1668016353
|move|p2a: Rillaboom|Grassy Glide|p1a: Calyrex
|-damage|p1a: Calyrex|0 fnt
|faint|p1a: Calyrex
|
|-weather|Sandstorm|[upkeep]
|-damage|p2a: Rillaboom|82/100|[from] Sandstorm
|-heal|p2a: Rillaboom|88/100|[from] Grassy Terrain
|upkeep
|
|t:|1668016369
|switch|p1a: Ditto|Ditto|100/100
|-transform|p1a: Ditto|p2a: Rillaboom|[from] ability: Imposter
|turn|22
|inactive|justznic has 120 seconds left.
|
|t:|1668016398
|move|p2a: Rillaboom|Grassy Glide|p1a: Ditto
|-resisted|p1a: Ditto
|-damage|p1a: Ditto|53/100
|move|p1a: Ditto|U-turn|p2a: Rillaboom
|-supereffective|p2a: Rillaboom
|-damage|p2a: Rillaboom|40/100
|inactive|justznic has 120 seconds left.
|
|t:|1668016405
|switch|p1a: Kyogre|Kyogre|100/100|[from]move: U-turn
|detailschange|p1a: Kyogre|Kyogre-Primal
|-primal|p1a: Kyogre
|-weather|PrimordialSea|[from] ability: Primordial Sea|[of] p1a: Kyogre
|
|-weather|PrimordialSea|[upkeep]
|-heal|p2a: Rillaboom|46/100|[from] Grassy Terrain
|upkeep
|turn|23
|
|t:|1668016409
|move|p2a: Rillaboom|Grassy Glide|p1a: Kyogre
|-supereffective|p1a: Kyogre
|-damage|p1a: Kyogre|0 fnt
|faint|p1a: Kyogre
|-weather|none
|
|-heal|p2a: Rillaboom|52/100|[from] Grassy Terrain
|upkeep
|
|t:|1668016413
|switch|p1a: Ditto|Ditto|53/100
|-transform|p1a: Ditto|p2a: Rillaboom|[from] ability: Imposter
|turn|24
|
|t:|1668016424
|move|p1a: Ditto|Grassy Glide|p2a: Rillaboom
|-resisted|p2a: Rillaboom
|-damage|p2a: Rillaboom|27/100
|move|p2a: Rillaboom|Grassy Glide|p1a: Ditto
|-resisted|p1a: Ditto
|-damage|p1a: Ditto|6/100
|
|-heal|p1a: Ditto|12/100|[from] Grassy Terrain
|-heal|p2a: Rillaboom|33/100|[from] Grassy Terrain
|upkeep
|turn|25
|
|t:|1668016432
|move|p1a: Ditto|Grassy Glide|p2a: Rillaboom
|-resisted|p2a: Rillaboom
|-damage|p2a: Rillaboom|8/100
|move|p2a: Rillaboom|Grassy Glide|p1a: Ditto
|-resisted|p1a: Ditto
|-damage|p1a: Ditto|0 fnt
|faint|p1a: Ditto
|
|win|Onestopvtg
|raw|justznic's rating: 1481 &rarr; <strong>1462</strong><br />(-19 for losing)
|raw|Onestopvtg's rating: 1503 &rarr; <strong>1522</strong><br />(+19 for winning)
|l|☆justznic
||Ladder isn't responding, score probably updated but might not have (Request timeout).
