|j|☆RUiNtheExtinct
|j|☆Diancie_hhh
|t:|1667229683
|gametype|singles
|player|p1|RUiNtheExtinct|red-gen7|1789
|player|p2|Diancie_hhh|marnie|1691
|teamsize|p1|6
|teamsize|p2|6
|gen|8
|tier|[Gen 8] National Dex AG
|rated|
|rule|HP Percentage Mod: HP is shown in percentages
|rule|Endless Battle Clause: Forcing endless battles is banned
|clearpoke
|poke|p1|Groudon|
|poke|p1|Ditto|
|poke|p1|Rayquaza|
|poke|p1|Yveltal|
|poke|p1|Smeargle, F|
|poke|p1|Arceus-*|
|poke|p2|Arceus-*|
|poke|p2|Groudon|
|poke|p2|Ho-Oh|
|poke|p2|Zygarde|
|poke|p2|Weavile, F|
|poke|p2|Calyrex-Shadow|
|teampreview
|
|t:|1667229690
|start
|switch|p1a: Groudon|Groudon|100/100
|switch|p2a: Calyrex|Calyrex-Shadow|100/100
|-ability|p2a: Calyrex|As One
|-ability|p2a: Calyrex|Unnerve
|detailschange|p1a: Groudon|Groudon-Primal
|-primal|p1a: Groudon
|-weather|DesolateLand|[from] ability: Desolate Land|[of] p1a: Groudon
|turn|1
|inactive|Battle timer is ON: inactive players will automatically lose when time's up. (requested by RUiNtheExtinct)
|
|t:|1667229696
|move|p2a: Calyrex|Substitute|p2a: Calyrex
|-start|p2a: Calyrex|Substitute
|-damage|p2a: Calyrex|76/100
|move|p1a: Groudon|Heat Crash|p2a: Calyrex
|-end|p2a: Calyrex|Substitute
|
|-weather|DesolateLand|[upkeep]
|-heal|p2a: Calyrex|82/100|[from] item: Leftovers
|upkeep
|turn|2
|
|t:|1667229704
|switch|p2a: Zygarde|Zygarde, shiny|100/100
|move|p1a: Groudon|Stealth Rock|p2a: Zygarde
|-sidestart|p2: Diancie_hhh|move: Stealth Rock
|
|-weather|DesolateLand|[upkeep]
|upkeep
|turn|3
|
|t:|1667229710
|move|p2a: Zygarde|Glare|p1a: Groudon
|-status|p1a: Groudon|par
|move|p1a: Groudon|Earthquake|p2a: Zygarde
|-crit|p2a: Zygarde
|-damage|p2a: Zygarde|36/100
|
|-weather|DesolateLand|[upkeep]
|-activate|p2a: Zygarde|ability: Power Construct
|detailschange|p2a: Zygarde|Zygarde-Complete, shiny
|-heal|p2a: Zygarde|58/100|[silent]
|upkeep
|turn|4
|
|t:|1667229717
|move|p2a: Zygarde|Coil|p2a: Zygarde
|-boost|p2a: Zygarde|atk|1
|-boost|p2a: Zygarde|def|1
|-boost|p2a: Zygarde|accuracy|1
|move|p1a: Groudon|Earthquake|p2a: Zygarde
|-damage|p2a: Zygarde|39/100
|
|-weather|DesolateLand|[upkeep]
|upkeep
|turn|5
|
|t:|1667229724
|-weather|none
|switch|p1a: Yveltal|Yveltal|100/100
|-ability|p1a: Yveltal|Dark Aura
|move|p2a: Zygarde|Coil|p2a: Zygarde
|-boost|p2a: Zygarde|atk|1
|-boost|p2a: Zygarde|def|1
|-boost|p2a: Zygarde|accuracy|1
|
|upkeep
|turn|6
|
|t:|1667229737
|switch|p2a: Ho-Oh|Ho-Oh|100/100
|move|p1a: Yveltal|Dark Pulse|p2a: Ho-Oh
|-damage|p2a: Ho-Oh|64/100
|-damage|p1a: Yveltal|91/100|[from] item: Life Orb
|
|upkeep
|turn|7
|
|t:|1667229743
|move|p1a: Yveltal|Knock Off|p2a: Ho-Oh
|-damage|p2a: Ho-Oh|0 fnt
|-enditem|p2a: Ho-Oh|Heavy-Duty Boots|[from] move: Knock Off|[of] p1a: Yveltal
|faint|p2a: Ho-Oh
|-damage|p1a: Yveltal|81/100|[from] item: Life Orb
|
|upkeep
|
|t:|1667229755
|switch|p2a: 相信三旋击!|Weavile, F, shiny|100/100
|-damage|p2a: 相信三旋击!|76/100|[from] Stealth Rock
|-ability|p2a: 相信三旋击!|Pressure
|turn|8
|
|t:|1667229759
|switch|p1a: Groudon|Groudon-Primal|100/100 par
|-weather|DesolateLand|[from] ability: Desolate Land|[of] p1a: Groudon
|move|p2a: 相信三旋击!|Triple Axel|p1a: Groudon
|-damage|p1a: Groudon|94/100 par
|-damage|p1a: Groudon|80/100 par
|-damage|p1a: Groudon|62/100 par
|-hitcount|p1a: Groudon|3
|
|-weather|DesolateLand|[upkeep]
|upkeep
|turn|9
|
|t:|1667229767
|switch|p2a: Zygarde|Zygarde-Complete, shiny|39/100
|-damage|p2a: Zygarde|33/100|[from] Stealth Rock
|move|p1a: Groudon|Earthquake|p2a: Zygarde
|-damage|p2a: Zygarde|4/100
|
|-weather|DesolateLand|[upkeep]
|upkeep
|turn|10
|
|t:|1667229773
|move|p2a: Zygarde|Rest|p2a: Zygarde
|-status|p2a: Zygarde|slp|[from] move: Rest
|-heal|p2a: Zygarde|100/100 slp|[silent]
|-enditem|p2a: Zygarde|Chesto Berry|[eat]
|-curestatus|p2a: Zygarde|slp|[msg]
|cant|p1a: Groudon|par
|
|-weather|DesolateLand|[upkeep]
|upkeep
|turn|11
|
|t:|1667229782
|-weather|none
|switch|p1a: Rayquaza|Rayquaza|100/100
|-ability|p1a: Rayquaza|Air Lock
|move|p2a: Zygarde|Coil|p2a: Zygarde
|-boost|p2a: Zygarde|atk|1
|-boost|p2a: Zygarde|def|1
|-boost|p2a: Zygarde|accuracy|1
|
|upkeep
|turn|12
|
|t:|1667229788
|detailschange|p1a: Rayquaza|Rayquaza-Mega
|-mega|p1a: Rayquaza|Rayquaza|
|-weather|DeltaStream|[from] ability: Delta Stream|[of] p1a: Rayquaza
|move|p1a: Rayquaza|Scale Shot|p2a: Zygarde
|-supereffective|p2a: Zygarde
|-damage|p2a: Zygarde|89/100
|-supereffective|p2a: Zygarde
|-damage|p2a: Zygarde|78/100
|-supereffective|p2a: Zygarde
|-damage|p2a: Zygarde|66/100
|-hitcount|p2a: Zygarde|3
|-unboost|p1a: Rayquaza|def|1
|-boost|p1a: Rayquaza|spe|1
|-damage|p1a: Rayquaza|91/100|[from] item: Life Orb
|move|p2a: Zygarde|Glare|p1a: Rayquaza
|-status|p1a: Rayquaza|par
|
|-weather|DeltaStream|[upkeep]
|upkeep
|turn|13
|
|t:|1667229795
|move|p1a: Rayquaza|Scale Shot|p2a: Zygarde
|-supereffective|p2a: Zygarde
|-damage|p2a: Zygarde|55/100
|-supereffective|p2a: Zygarde
|-damage|p2a: Zygarde|43/100
|-hitcount|p2a: Zygarde|2
|-unboost|p1a: Rayquaza|def|1
|-boost|p1a: Rayquaza|spe|1
|-damage|p1a: Rayquaza|81/100 par|[from] item: Life Orb
|move|p2a: Zygarde|Thousand Arrows|p1a: Rayquaza
|-damage|p1a: Rayquaza|0 fnt
|faint|p1a: Rayquaza
|-weather|none
|
|upkeep
|
|t:|1667229798
|switch|p1a: Yveltal|Yveltal|81/100
|-ability|p1a: Yveltal|Dark Aura
|turn|14
|
|t:|1667229805
|-start|p1a: Yveltal|Dynamax|
|-heal|p1a: Yveltal|81/100|[silent]
|move|p1a: Yveltal|Max Airstream|p2a: Zygarde
|-damage|p2a: Zygarde|0 fnt
|-boost|p1a: Yveltal|spe|1
|faint|p2a: Zygarde
|-damage|p1a: Yveltal|76/100|[from] item: Life Orb
|
|upkeep
|
|t:|1667229816
|switch|p2a: Arceus|Arceus, shiny|100/100
|-damage|p2a: Arceus|88/100|[from] Stealth Rock
|turn|15
|
|t:|1667229820
|-start|p2a: Arceus|Dynamax|
|-heal|p2a: Arceus|88/100|[silent]
|move|p1a: Yveltal|Max Darkness|p2a: Arceus
|-damage|p2a: Arceus|44/100
|-unboost|p2a: Arceus|spd|1
|-damage|p1a: Yveltal|71/100|[from] item: Life Orb
|move|p2a: Arceus|Max Strike|p1a: Yveltal
|-damage|p1a: Yveltal|26/100
|-unboost|p1a: Yveltal|spe|1
|-damage|p2a: Arceus|39/100|[from] item: Life Orb
|
|upkeep
|turn|16
|
|t:|1667229830
|move|p2a: Arceus|Max Guard|p2a: Arceus
|-singleturn|p2a: Arceus|Max Guard
|move|p1a: Yveltal|Max Airstream|p2a: Arceus
|-activate|p2a: Arceus|move: Max Guard
|
|upkeep
|-end|p1a: Yveltal|Dynamax
|-heal|p1a: Yveltal|26/100|[silent]
|turn|17
|
|t:|1667229837
|move|p1a: Yveltal|Dark Pulse|p2a: Arceus
|-damage|p2a: Arceus|0 fnt
|faint|p2a: Arceus
|-damage|p1a: Yveltal|17/100|[from] item: Life Orb
|
|upkeep
|
|t:|1667229845
|switch|p2a: Calyrex|Calyrex-Shadow|82/100
|-ability|p2a: Calyrex|As One
|-ability|p2a: Calyrex|Unnerve
|-damage|p2a: Calyrex|69/100|[from] Stealth Rock
|turn|18
|
|t:|1667229854
|move|p2a: Calyrex|Astral Barrage|p1a: Yveltal
|-resisted|p1a: Yveltal
|-damage|p1a: Yveltal|0 fnt
|faint|p1a: Yveltal
|-ability|p2a: Calyrex|Grim Neigh|boost
|-boost|p2a: Calyrex|spa|1
|
|-heal|p2a: Calyrex|75/100|[from] item: Leftovers
|upkeep
|
|t:|1667229858
|switch|p1a: Ditto|Ditto|100/100
|-transform|p1a: Ditto|p2a: Calyrex|[from] ability: Imposter
|turn|19
|
|t:|1667229874
|switch|p2a: 大地之神|Groudon, shiny|100/100
|-damage|p2a: 大地之神|94/100|[from] Stealth Rock
|detailschange|p2a: 大地之神|Groudon-Primal, shiny
|-primal|p2a: 大地之神
|-weather|DesolateLand|[from] ability: Desolate Land|[of] p2a: 大地之神
|move|p1a: Ditto|Astral Barrage|p2a: 大地之神
|-damage|p2a: 大地之神|0 fnt
|faint|p2a: 大地之神
|-weather|none
|-ability|p1a: Ditto|Grim Neigh|boost
|-boost|p1a: Ditto|spa|1
|
|upkeep
|
|t:|1667229882
|switch|p2a: 相信三旋击!|Weavile, F, shiny|76/100
|-damage|p2a: 相信三旋击!|51/100|[from] Stealth Rock
|-ability|p2a: 相信三旋击!|Pressure
|turn|20
|
|t:|1667229886
|switch|p1a: Groudon|Groudon-Primal|62/100 par
|-weather|DesolateLand|[from] ability: Desolate Land|[of] p1a: Groudon
|move|p2a: 相信三旋击!|Knock Off|p1a: Groudon
|-damage|p1a: Groudon|41/100 par
|
|-weather|DesolateLand|[upkeep]
|upkeep
|turn|21
|
|t:|1667229895
|switch|p2a: Calyrex|Calyrex-Shadow|75/100
|-ability|p2a: Calyrex|As One
|-ability|p2a: Calyrex|Unnerve
|-damage|p2a: Calyrex|63/100|[from] Stealth Rock
|cant|p1a: Groudon|par
|
|-weather|DesolateLand|[upkeep]
|-heal|p2a: Calyrex|69/100|[from] item: Leftovers
|upkeep
|turn|22
|
|t:|1667229903
|move|p2a: Calyrex|Substitute|p2a: Calyrex
|-start|p2a: Calyrex|Substitute
|-damage|p2a: Calyrex|44/100
|move|p1a: Groudon|Heat Crash|p2a: Calyrex
|-crit|p2a: Calyrex
|-end|p2a: Calyrex|Substitute
|
|-weather|DesolateLand|[upkeep]
|-heal|p2a: Calyrex|50/100|[from] item: Leftovers
|upkeep
|turn|23
|
|t:|1667229909
|move|p2a: Calyrex|Substitute|p2a: Calyrex
|-start|p2a: Calyrex|Substitute
|-damage|p2a: Calyrex|25/100
|cant|p1a: Groudon|par
|
|-weather|DesolateLand|[upkeep]
|-heal|p2a: Calyrex|31/100|[from] item: Leftovers
|upkeep
|turn|24
|
|t:|1667229922
|move|p2a: Calyrex|Astral Barrage|p1a: Groudon
|-damage|p1a: Groudon|0 fnt
|faint|p1a: Groudon
|-weather|none
|-ability|p2a: Calyrex|Grim Neigh|boost
|-boost|p2a: Calyrex|spa|1
|
|-heal|p2a: Calyrex|37/100|[from] item: Leftovers
|upkeep
|
|t:|1667229925
|switch|p1a: Smeargle|Smeargle, F|100/100
|turn|25
|
|t:|1667229933
|move|p2a: Calyrex|Taunt|p1a: Smeargle
|-start|p1a: Smeargle|move: Taunt
|cant|p1a: Smeargle|move: Taunt|Substitute
|
|-heal|p2a: Calyrex|43/100|[from] item: Leftovers
|-ability|p1a: Smeargle|Moody|boost
|-boost|p1a: Smeargle|spe|2
|-unboost|p1a: Smeargle|def|1
|upkeep
|turn|26
|
|t:|1667229939
|switch|p1a: Ditto|Ditto|100/100
|move|p2a: Calyrex|Leech Seed|p1a: Ditto|[miss]
|-miss|p2a: Calyrex|p1a: Ditto
|
|-heal|p2a: Calyrex|49/100|[from] item: Leftovers
|upkeep
|turn|27
|
|t:|1667229946
|switch|p1a: Smeargle|Smeargle, F|100/100
|move|p2a: Calyrex|Leech Seed|p1a: Smeargle|[miss]
|-miss|p2a: Calyrex|p1a: Smeargle
|
|-heal|p2a: Calyrex|55/100|[from] item: Leftovers
|-ability|p1a: Smeargle|Moody|boost
|-boost|p1a: Smeargle|spa|2
|-unboost|p1a: Smeargle|def|1
|upkeep
|turn|28
|
|t:|1667229955
|switch|p1a: Ditto|Ditto|100/100
|move|p2a: Calyrex|Taunt|p1a: Ditto
|-start|p1a: Ditto|move: Taunt
|
|-heal|p2a: Calyrex|61/100|[from] item: Leftovers
|upkeep
|turn|29
|
|t:|1667229959
|switch|p1a: Smeargle|Smeargle, F|100/100
|move|p2a: Calyrex|Leech Seed|p1a: Smeargle
|-start|p1a: Smeargle|move: Leech Seed
|
|-heal|p2a: Calyrex|67/100|[from] item: Leftovers
|-damage|p1a: Smeargle|88/100|[from] Leech Seed|[of] p2a: Calyrex
|-heal|p2a: Calyrex|78/100|[silent]
|-ability|p1a: Smeargle|Moody|boost
|-boost|p1a: Smeargle|atk|2
|-unboost|p1a: Smeargle|spe|1
|upkeep
|turn|30
|
|t:|1667229963
|switch|p1a: Ditto|Ditto|100/100
|move|p2a: Calyrex|Taunt|p1a: Ditto
|-start|p1a: Ditto|move: Taunt
|
|-heal|p2a: Calyrex|84/100|[from] item: Leftovers
|upkeep
|turn|31
|
|t:|1667229966
|switch|p1a: Smeargle|Smeargle, F|88/100
|move|p2a: Calyrex|Leech Seed|p1a: Smeargle
|-start|p1a: Smeargle|move: Leech Seed
|
|-heal|p2a: Calyrex|90/100|[from] item: Leftovers
|-damage|p1a: Smeargle|76/100|[from] Leech Seed|[of] p2a: Calyrex
|-heal|p2a: Calyrex|100/100|[silent]
|-ability|p1a: Smeargle|Moody|boost
|-boost|p1a: Smeargle|def|2
|-unboost|p1a: Smeargle|spa|1
|upkeep
|turn|32
|
|t:|1667229970
|switch|p1a: Ditto|Ditto|100/100
|move|p2a: Calyrex|Taunt|p1a: Ditto
|-start|p1a: Ditto|move: Taunt
|
|upkeep
|turn|33
|
|t:|1667229975
|switch|p1a: Smeargle|Smeargle, F|76/100
|move|p2a: Calyrex|Leech Seed|p1a: Smeargle
|-start|p1a: Smeargle|move: Leech Seed
|
|-damage|p1a: Smeargle|63/100|[from] Leech Seed|[of] p2a: Calyrex
|-ability|p1a: Smeargle|Moody|boost
|-boost|p1a: Smeargle|spa|2
|-unboost|p1a: Smeargle|atk|1
|upkeep
|turn|34
|
|t:|1667229979
|switch|p1a: Ditto|Ditto|100/100
|move|p2a: Calyrex|Taunt|p1a: Ditto
|-start|p1a: Ditto|move: Taunt
|
|upkeep
|turn|35
|
|t:|1667229982
|switch|p1a: Smeargle|Smeargle, F|63/100
|move|p2a: Calyrex|Leech Seed|p1a: Smeargle
|-start|p1a: Smeargle|move: Leech Seed
|
|-damage|p1a: Smeargle|51/100|[from] Leech Seed|[of] p2a: Calyrex
|-ability|p1a: Smeargle|Moody|boost
|-boost|p1a: Smeargle|spe|2
|-unboost|p1a: Smeargle|atk|1
|upkeep
|turn|36
|
|t:|1667229985
|switch|p1a: Ditto|Ditto|100/100
|move|p2a: Calyrex|Taunt|p1a: Ditto
|-start|p1a: Ditto|move: Taunt
|
|upkeep
|turn|37
|
|t:|1667229988
|switch|p1a: Smeargle|Smeargle, F|51/100
|move|p2a: Calyrex|Leech Seed|p1a: Smeargle
|-start|p1a: Smeargle|move: Leech Seed
|
|-damage|p1a: Smeargle|38/100|[from] Leech Seed|[of] p2a: Calyrex
|-ability|p1a: Smeargle|Moody|boost
|-boost|p1a: Smeargle|spa|2
|-unboost|p1a: Smeargle|spe|1
|upkeep
|turn|38
|
|t:|1667229993
|switch|p1a: Ditto|Ditto|100/100
|move|p2a: Calyrex|Taunt|p1a: Ditto
|-start|p1a: Ditto|move: Taunt
|
|upkeep
|turn|39
|
|t:|1667229996
|switch|p1a: Arceus|Arceus-Flying|100/100
|move|p2a: Calyrex|Leech Seed|p1a: Arceus
|-start|p1a: Arceus|move: Leech Seed
|
|-damage|p1a: Arceus|88/100|[from] Leech Seed|[of] p2a: Calyrex
|upkeep
|turn|40
|
|t:|1667230004
|switch|p1a: Smeargle|Smeargle, F|38/100
|move|p2a: Calyrex|Astral Barrage|p1a: Smeargle
|-immune|p1a: Smeargle
|
|-ability|p1a: Smeargle|Moody|boost
|-boost|p1a: Smeargle|spd|2
|-unboost|p1a: Smeargle|spe|1
|upkeep
|turn|41
|
|t:|1667230010
|switch|p1a: Ditto|Ditto|100/100
|move|p2a: Calyrex|Taunt|p1a: Ditto
|-start|p1a: Ditto|move: Taunt
|
|upkeep
|turn|42
|
|t:|1667230015
|switch|p1a: Arceus|Arceus-Flying|88/100
|move|p2a: Calyrex|Leech Seed|p1a: Arceus
|-start|p1a: Arceus|move: Leech Seed
|
|-damage|p1a: Arceus|76/100|[from] Leech Seed|[of] p2a: Calyrex
|upkeep
|turn|43
|
|t:|1667230023
|switch|p1a: Smeargle|Smeargle, F|38/100
|move|p2a: Calyrex|Taunt|p1a: Smeargle
|-start|p1a: Smeargle|move: Taunt
|
|-ability|p1a: Smeargle|Moody|boost
|-boost|p1a: Smeargle|spa|2
|-unboost|p1a: Smeargle|atk|1
|upkeep
|turn|44
|
|t:|1667230029
|switch|p1a: Arceus|Arceus-Flying|76/100
|move|p2a: Calyrex|Leech Seed|p1a: Arceus
|-start|p1a: Arceus|move: Leech Seed
|
|-damage|p1a: Arceus|64/100|[from] Leech Seed|[of] p2a: Calyrex
|upkeep
|turn|45
|
|t:|1667230037
|move|p2a: Calyrex|Taunt|p1a: Arceus
|-start|p1a: Arceus|move: Taunt
|cant|p1a: Arceus|move: Taunt|Recover
|
|-damage|p1a: Arceus|51/100|[from] Leech Seed|[of] p2a: Calyrex
|upkeep
|turn|46
|
|t:|1667230046
|switch|p1a: Ditto|Ditto|100/100
|move|p2a: Calyrex|Leech Seed|p1a: Ditto
|-start|p1a: Ditto|move: Leech Seed
|
|-damage|p1a: Ditto|88/100|[from] Leech Seed|[of] p2a: Calyrex
|upkeep
|turn|47
|
|t:|1667230052
|switch|p1a: Smeargle|Smeargle, F|38/100
|move|p2a: Calyrex|Taunt|p1a: Smeargle
|-start|p1a: Smeargle|move: Taunt
|
|-ability|p1a: Smeargle|Moody|boost
|-boost|p1a: Smeargle|def|2
|-unboost|p1a: Smeargle|spe|1
|upkeep
|turn|48
|
|t:|1667230056
|switch|p1a: Ditto|Ditto|88/100
|move|p2a: Calyrex|Leech Seed|p1a: Ditto
|-start|p1a: Ditto|move: Leech Seed
|
|-damage|p1a: Ditto|76/100|[from] Leech Seed|[of] p2a: Calyrex
|upkeep
|turn|49
|
|t:|1667230068
|switch|p1a: Smeargle|Smeargle, F|38/100
|move|p2a: Calyrex|Taunt|p1a: Smeargle
|-start|p1a: Smeargle|move: Taunt
|
|-ability|p1a: Smeargle|Moody|boost
|-boost|p1a: Smeargle|def|2
|-unboost|p1a: Smeargle|spe|1
|upkeep
|turn|50
|
|t:|1667230072
|switch|p1a: Ditto|Ditto|76/100
|move|p2a: Calyrex|Leech Seed|p1a: Ditto|[miss]
|-miss|p2a: Calyrex|p1a: Ditto
|
|upkeep
|turn|51
|
|t:|1667230077
|switch|p1a: Arceus|Arceus-Flying|51/100
|move|p2a: Calyrex|Taunt|p1a: Arceus
|-start|p1a: Arceus|move: Taunt
|
|upkeep
|turn|52
|
|t:|1667230083
|switch|p1a: Smeargle|Smeargle, F|38/100
|move|p2a: Calyrex|Astral Barrage|p1a: Smeargle
|-immune|p1a: Smeargle
|
|-ability|p1a: Smeargle|Moody|boost
|-boost|p1a: Smeargle|atk|2
|-unboost|p1a: Smeargle|spa|1
|upkeep
|turn|53
|
|t:|1667230087
|switch|p1a: Ditto|Ditto|76/100
|move|p2a: Calyrex|Taunt|p1a: Ditto
|-start|p1a: Ditto|move: Taunt
|
|upkeep
|turn|54
|
|t:|1667230093
|switch|p1a: Smeargle|Smeargle, F|38/100
|move|p2a: Calyrex|Leech Seed|p1a: Smeargle
|-start|p1a: Smeargle|move: Leech Seed
|
|-damage|p1a: Smeargle|26/100|[from] Leech Seed|[of] p2a: Calyrex
|-ability|p1a: Smeargle|Moody|boost
|-boost|p1a: Smeargle|spe|2
|-unboost|p1a: Smeargle|def|1
|upkeep
|turn|55
|
|t:|1667230104
|switch|p1a: Ditto|Ditto|76/100
|move|p2a: Calyrex|Astral Barrage|p1a: Ditto
|-immune|p1a: Ditto
|
|upkeep
|turn|56
|
|t:|1667230112
|switch|p1a: Arceus|Arceus-Flying|51/100
|move|p2a: Calyrex|Taunt|p1a: Arceus
|-start|p1a: Arceus|move: Taunt
|
|upkeep
|turn|57
|
|t:|1667230117
|switch|p1a: Smeargle|Smeargle, F|26/100
|move|p2a: Calyrex|Leech Seed|p1a: Smeargle
|-start|p1a: Smeargle|move: Leech Seed
|
|-damage|p1a: Smeargle|14/100|[from] Leech Seed|[of] p2a: Calyrex
|-ability|p1a: Smeargle|Moody|boost
|-boost|p1a: Smeargle|spd|2
|-unboost|p1a: Smeargle|atk|1
|upkeep
|turn|58
|
|t:|1667230124
|switch|p1a: Ditto|Ditto|76/100
|move|p2a: Calyrex|Taunt|p1a: Ditto
|-start|p1a: Ditto|move: Taunt
|
|upkeep
|turn|59
|
|t:|1667230134
|switch|p1a: Arceus|Arceus-Flying|51/100
|move|p2a: Calyrex|Substitute|p2a: Calyrex
|-fail|p2a: Calyrex|move: Substitute
|
|upkeep
|turn|60
|
|t:|1667230140
|switch|p1a: Smeargle|Smeargle, F|14/100
|move|p2a: Calyrex|Leech Seed|p1a: Smeargle|[miss]
|-miss|p2a: Calyrex|p1a: Smeargle
|
|-ability|p1a: Smeargle|Moody|boost
|-boost|p1a: Smeargle|atk|2
|-unboost|p1a: Smeargle|def|1
|upkeep
|turn|61
|
|t:|1667230147
|switch|p1a: Ditto|Ditto|76/100
|move|p2a: Calyrex|Taunt|p1a: Ditto
|-start|p1a: Ditto|move: Taunt
|
|upkeep
|turn|62
|
|t:|1667230155
|switch|p1a: Smeargle|Smeargle, F|14/100
|move|p2a: Calyrex|Taunt|p1a: Smeargle
|-start|p1a: Smeargle|move: Taunt
|
|-ability|p1a: Smeargle|Moody|boost
|-boost|p1a: Smeargle|spa|2
|-unboost|p1a: Smeargle|spd|1
|upkeep
|turn|63
|
|t:|1667230176
|switch|p1a: Ditto|Ditto|76/100
|move|p2a: Calyrex|Taunt|p1a: Ditto
|-start|p1a: Ditto|move: Taunt
|
|upkeep
|turn|64
|
|t:|1667230191
|switch|p2a: 相信三旋击!|Weavile, F, shiny|51/100
|-damage|p2a: 相信三旋击!|26/100|[from] Stealth Rock
|-ability|p2a: 相信三旋击!|Pressure
|switch|p1a: Smeargle|Smeargle, F|14/100
|
|-ability|p1a: Smeargle|Moody|boost
|-boost|p1a: Smeargle|atk|2
|-unboost|p1a: Smeargle|spe|1
|upkeep
|turn|65
|
|t:|1667230205
|switch|p1a: Arceus|Arceus-Flying|51/100
|move|p2a: 相信三旋击!|Knock Off|p1a: Arceus
|-damage|p1a: Arceus|28/100
|
|upkeep
|turn|66
|
|t:|1667230211
|move|p2a: 相信三旋击!|Knock Off|p1a: Arceus
|-damage|p1a: Arceus|1/100
|move|p1a: Arceus|Recover|p1a: Arceus
|-heal|p1a: Arceus|51/100
|
|upkeep
|turn|67
|
|t:|1667230220
|switch|p2a: Calyrex|Calyrex-Shadow|100/100
|-ability|p2a: Calyrex|As One
|-ability|p2a: Calyrex|Unnerve
|-damage|p2a: Calyrex|88/100|[from] Stealth Rock
|move|p1a: Arceus|Recover|p1a: Arceus
|-heal|p1a: Arceus|100/100
|
|-heal|p2a: Calyrex|94/100|[from] item: Leftovers
|upkeep
|turn|68
|
|t:|1667230228
|move|p2a: Calyrex|Substitute|p2a: Calyrex
|-start|p2a: Calyrex|Substitute
|-damage|p2a: Calyrex|69/100
|move|p1a: Arceus|Earthquake|p2a: Calyrex
|-end|p2a: Calyrex|Substitute
|
|-heal|p2a: Calyrex|75/100|[from] item: Leftovers
|upkeep
|turn|69
|
|t:|1667230238
|move|p2a: Calyrex|Astral Barrage|p1a: Arceus
|-damage|p1a: Arceus|52/100
|move|p1a: Arceus|Earthquake|p2a: Calyrex
|-damage|p2a: Calyrex|36/100
|
|-heal|p2a: Calyrex|42/100|[from] item: Leftovers
|upkeep
|turn|70
|
|t:|1667230251
|move|p2a: Calyrex|Substitute|p2a: Calyrex
|-start|p2a: Calyrex|Substitute
|-damage|p2a: Calyrex|17/100
|move|p1a: Arceus|Recover|p1a: Arceus
|-heal|p1a: Arceus|100/100
|
|-heal|p2a: Calyrex|23/100|[from] item: Leftovers
|upkeep
|turn|71
|
|t:|1667230258
|move|p2a: Calyrex|Astral Barrage|p1a: Arceus
|-damage|p1a: Arceus|46/100
|move|p1a: Arceus|Earthquake|p2a: Calyrex
|-end|p2a: Calyrex|Substitute
|
|-heal|p2a: Calyrex|29/100|[from] item: Leftovers
|upkeep
|turn|72
|
|t:|1667230266
|move|p2a: Calyrex|Taunt|p1a: Arceus
|-start|p1a: Arceus|move: Taunt
|cant|p1a: Arceus|move: Taunt|Recover
|
|-heal|p2a: Calyrex|35/100|[from] item: Leftovers
|upkeep
|turn|73
|
|t:|1667230279
|move|p2a: Calyrex|Substitute|p2a: Calyrex
|-start|p2a: Calyrex|Substitute
|-damage|p2a: Calyrex|10/100
|move|p1a: Arceus|Earthquake|p2a: Calyrex
|-end|p2a: Calyrex|Substitute
|
|-heal|p2a: Calyrex|16/100|[from] item: Leftovers
|upkeep
|turn|74
|
|t:|1667230286
|move|p2a: Calyrex|Substitute|p2a: Calyrex
|-fail|p2a: Calyrex|move: Substitute|[weak]
|move|p1a: Arceus|Earthquake|p2a: Calyrex
|-damage|p2a: Calyrex|0 fnt
|faint|p2a: Calyrex
|
|-end|p1a: Arceus|move: Taunt
|upkeep
|
|t:|1667230290
|switch|p2a: 相信三旋击!|Weavile, F, shiny|26/100
|-damage|p2a: 相信三旋击!|1/100|[from] Stealth Rock
|-ability|p2a: 相信三旋击!|Pressure
|turn|75
|
|t:|1667230294
|move|p2a: 相信三旋击!|Triple Axel|p1a: Arceus
|-supereffective|p1a: Arceus
|-damage|p1a: Arceus|30/100
|-supereffective|p1a: Arceus
|-damage|p1a: Arceus|1/100
|-hitcount|p1a: Arceus|2
|move|p1a: Arceus|Earthquake|p2a: 相信三旋击!
|-damage|p2a: 相信三旋击!|0 fnt
|faint|p2a: 相信三旋击!
|
|win|RUiNtheExtinct
|raw|RUiNtheExtinct's rating: 1789 &rarr; <strong>1804</strong><br />(+15 for winning)
|raw|Diancie_hhh's rating: 1691 &rarr; <strong>1676</strong><br />(-15 for losing)
|c|☆RUiNtheExtinct|gg
|c|☆Diancie_hhh|gg
|c|☆RUiNtheExtinct|wp
||Ladder isn't responding, score probably updated but might not have (Request timeout).
