|j|☆Better Alone
|j|☆indigo fulton
|t:|1656082884
|gametype|singles
|player|p1|Better Alone|hiker-gen4|
|player|p2|indigo fulton|101|
|teamsize|p1|6
|teamsize|p2|6
|gen|8
|tier|[Gen 8] National Dex AG
|rule|HP Percentage Mod: HP is shown in percentages
|rule|Endless Battle Clause: Forcing endless battles is banned
|clearpoke
|poke|p1|Ho-Oh|
|poke|p1|Murkrow, F|
|poke|p1|Yveltal|
|poke|p1|Calyrex-Shadow|
|poke|p1|Groudon|
|poke|p1|Zacian-*|
|poke|p2|Calyrex-Shadow|
|poke|p2|Yveltal|
|poke|p2|Groudon|
|poke|p2|Arceus-*|
|poke|p2|Kyogre|
|poke|p2|Cottonee, L1, M|
|teampreview
|
|t:|1656082919
|start
|switch|p1a: Murkrow|Murkrow, F|100/100
|switch|p2a: Cottonee|Cottonee, L1, M|100/100
|turn|1
|
|t:|1656082927
|switch|p1a: Groudon|Groudon|100/100
|detailschange|p1a: Groudon|Groudon-Primal
|-primal|p1a: Groudon
|-weather|DesolateLand|[from] ability: Desolate Land|[of] p1a: Groudon
|move|p2a: Cottonee|Tailwind|p2a: Cottonee
|-sidestart|p2: indigo fulton|move: Tailwind
|
|-weather|DesolateLand|[upkeep]
|upkeep
|turn|2
|
|t:|1656082932
|-weather|none
|switch|p1a: Murkrow|Murkrow, F|100/100
|move|p2a: Cottonee|Leech Seed|p1a: Murkrow
|-hint|Since gen 7, Dark is immune to Prankster moves.
|-immune|p1a: Murkrow
|
|upkeep
|turn|3
|
|t:|1656082938
|move|p1a: Murkrow|Taunt|p2a: Cottonee
|-start|p2a: Cottonee|move: Taunt
|cant|p2a: Cottonee|move: Taunt|Defog
|
|upkeep
|turn|4
|
|t:|1656082945
|move|p1a: Murkrow|Thunder Wave|p2a: Cottonee
|-status|p2a: Cottonee|par
|-activate|p2a: Cottonee|move: Struggle
|move|p2a: Cottonee|Struggle|p1a: Murkrow
|-damage|p1a: Murkrow|99/100
|-damage|p2a: Cottonee|75/100 par|[from] recoil
|
|-sideend|p2: indigo fulton|move: Tailwind
|upkeep
|turn|5
|
|t:|1656082955
|switch|p1a: Groudon|Groudon-Primal|100/100
|-weather|DesolateLand|[from] ability: Desolate Land|[of] p1a: Groudon
|-activate|p2a: Cottonee|move: Struggle
|move|p2a: Cottonee|Struggle|p1a: Groudon
|-crit|p1a: Groudon
|-damage|p1a: Groudon|99/100
|-damage|p2a: Cottonee|50/100 par|[from] recoil
|
|-weather|DesolateLand|[upkeep]
|-end|p2a: Cottonee|move: Taunt
|upkeep
|turn|6
|
|t:|1656082961
|move|p2a: Cottonee|Tailwind|p2a: Cottonee
|-sidestart|p2: indigo fulton|move: Tailwind
|move|p1a: Groudon|Fire Punch|p2a: Cottonee
|-supereffective|p2a: Cottonee
|-damage|p2a: Cottonee|0 fnt
|faint|p2a: Cottonee
|
|-weather|DesolateLand|[upkeep]
|upkeep
|
|t:|1656082971
|switch|p2a: Kyogre|Kyogre|100/100
|detailschange|p2a: Kyogre|Kyogre-Primal
|-primal|p2a: Kyogre
|-weather|PrimordialSea|[from] ability: Primordial Sea|[of] p2a: Kyogre
|turn|7
|
|t:|1656082980
|switch|p1a: Murkrow|Murkrow, F|99/100
|move|p2a: Kyogre|Water Spout|p1a: Murkrow
|-damage|p1a: Murkrow|0 fnt
|faint|p1a: Murkrow
|
|-weather|PrimordialSea|[upkeep]
|upkeep
|
|t:|1656082983
|switch|p1a: Groudon|Groudon-Primal|99/100
|-weather|DesolateLand|[from] ability: Desolate Land|[of] p1a: Groudon
|turn|8
|
|t:|1656083002
|switch|p2a: Groudon|Groudon|100/100
|detailschange|p2a: Groudon|Groudon-Primal
|-primal|p2a: Groudon
|move|p1a: Groudon|Rock Tomb|p2a: Groudon
|-damage|p2a: Groudon|84/100
|-unboost|p2a: Groudon|spe|1
|
|-weather|DesolateLand|[upkeep]
|upkeep
|turn|9
|
|t:|1656083027
|move|p2a: Groudon|Precipice Blades|p1a: Groudon
|-supereffective|p1a: Groudon
|-damage|p1a: Groudon|14/100
|move|p1a: Groudon|Precipice Blades|p2a: Groudon
|-supereffective|p2a: Groudon
|-damage|p2a: Groudon|0 fnt
|faint|p2a: Groudon
|
|-weather|DesolateLand|[upkeep]
|-sideend|p2: indigo fulton|move: Tailwind
|upkeep
|
|t:|1656083066
|switch|p2a: Kyogre|Kyogre-Primal|100/100
|-weather|PrimordialSea|[from] ability: Primordial Sea|[of] p2a: Kyogre
|turn|10
|
|t:|1656083075
|move|p2a: Kyogre|Water Spout|p1a: Groudon
|-supereffective|p1a: Groudon
|-crit|p1a: Groudon
|-damage|p1a: Groudon|0 fnt
|faint|p1a: Groudon
|
|-weather|PrimordialSea|[upkeep]
|upkeep
|
|t:|1656083078
|switch|p1a: Zacian|Zacian-Crowned|100/100
|-ability|p1a: Zacian|Intrepid Sword|boost
|-boost|p1a: Zacian|atk|1
|turn|11
|
|t:|1656083089
|-weather|none
|switch|p2a: Arceus|Arceus|100/100
|move|p1a: Zacian|Close Combat|p2a: Arceus
|-supereffective|p2a: Arceus
|-damage|p2a: Arceus|7/100
|-unboost|p1a: Zacian|def|1
|-unboost|p1a: Zacian|spd|1
|
|upkeep
|turn|12
|
|t:|1656083100
|move|p2a: Arceus|Extreme Speed|p1a: Zacian
|-resisted|p1a: Zacian
|-damage|p1a: Zacian|65/100
|move|p1a: Zacian|Behemoth Blade|p2a: Arceus
|-damage|p2a: Arceus|0 fnt
|faint|p2a: Arceus
|
|upkeep
|
|t:|1656083112
|switch|p2a: Calyrex|Calyrex-Shadow|100/100
|-ability|p2a: Calyrex|As One
|-ability|p2a: Calyrex|Unnerve
|turn|13
|
|t:|1656083120
|switch|p1a: Yveltal|Yveltal|100/100
|-ability|p1a: Yveltal|Dark Aura
|move|p2a: Calyrex|Astral Barrage|p1a: Yveltal
|-resisted|p1a: Yveltal
|-damage|p1a: Yveltal|72/100
|
|upkeep
|turn|14
|
|t:|1656083127
|switch|p2a: Kyogre|Kyogre-Primal|100/100
|-weather|PrimordialSea|[from] ability: Primordial Sea|[of] p2a: Kyogre
|-start|p1a: Yveltal|Dynamax|
|-heal|p1a: Yveltal|72/100|[silent]
|move|p1a: Yveltal|Max Airstream|p2a: Kyogre
|-damage|p2a: Kyogre|48/100
|-boost|p1a: Yveltal|spe|1
|
|-weather|PrimordialSea|[upkeep]
|upkeep
|turn|15
|
|t:|1656083132
|move|p1a: Yveltal|Max Airstream|p2a: Kyogre
|-damage|p2a: Kyogre|1/100
|-boost|p1a: Yveltal|spe|1
|move|p2a: Kyogre|Ice Beam|p1a: Yveltal
|-supereffective|p1a: Yveltal
|-damage|p1a: Yveltal|40/100
|
|-weather|PrimordialSea|[upkeep]
|upkeep
|turn|16
|
|t:|1656083140
|move|p1a: Yveltal|Max Airstream|p2a: Kyogre
|-damage|p2a: Kyogre|0 fnt
|-boost|p1a: Yveltal|spe|1
|faint|p2a: Kyogre
|-weather|none
|
|upkeep
|
|t:|1656083145
|switch|p2a: Yveltal|Yveltal|100/100
|-ability|p2a: Yveltal|Dark Aura
|-end|p1a: Yveltal|Dynamax
|-heal|p1a: Yveltal|40/100|[silent]
|turn|17
|
|t:|1656083150
|-start|p2a: Yveltal|Dynamax|
|-heal|p2a: Yveltal|100/100|[silent]
|move|p1a: Yveltal|Oblivion Wing|p2a: Yveltal
|-damage|p2a: Yveltal|82/100
|-heal|p1a: Yveltal|64/100|[from] drain|[of] p2a: Yveltal
|move|p2a: Yveltal|Max Airstream|p1a: Yveltal
|-damage|p1a: Yveltal|5/100
|-boost|p2a: Yveltal|spe|1
|
|upkeep
|turn|18
|
|t:|1656083169
|move|p1a: Yveltal|Dark Pulse|p2a: Yveltal
|-resisted|p2a: Yveltal
|-damage|p2a: Yveltal|67/100
|move|p2a: Yveltal|Max Airstream|p1a: Yveltal
|-damage|p1a: Yveltal|0 fnt
|-boost|p2a: Yveltal|spe|1
|faint|p1a: Yveltal
|
|upkeep
|
|t:|1656083177
|switch|p1a: Zacian|Zacian-Crowned|65/100
|-ability|p1a: Zacian|Intrepid Sword|boost
|-boost|p1a: Zacian|atk|1
|turn|19
|
|t:|1656083193
|move|p2a: Yveltal|Max Airstream|p1a: Zacian
|-resisted|p1a: Zacian
|-damage|p1a: Zacian|31/100
|-boost|p2a: Yveltal|spe|1
|move|p1a: Zacian|Play Rough|p2a: Yveltal
|-supereffective|p2a: Yveltal
|-damage|p2a: Yveltal|0 fnt
|faint|p2a: Yveltal
|
|upkeep
|
|t:|1656083196
|switch|p2a: Calyrex|Calyrex-Shadow|100/100
|-ability|p2a: Calyrex|As One
|-ability|p2a: Calyrex|Unnerve
|turn|20
|
|t:|1656083201
|move|p2a: Calyrex|Astral Barrage|p1a: Zacian
|-damage|p1a: Zacian|0 fnt
|faint|p1a: Zacian
|-ability|p2a: Calyrex|Grim Neigh|boost
|-boost|p2a: Calyrex|spa|1
|
|upkeep
|
|t:|1656083206
|switch|p1a: Calyrex|Calyrex-Shadow|100/100
|-ability|p1a: Calyrex|As One
|-ability|p1a: Calyrex|Unnerve
|turn|21
|
|t:|1656083209
|move|p1a: Calyrex|Astral Barrage|p2a: Calyrex
|-supereffective|p2a: Calyrex
|-enditem|p2a: Calyrex|Focus Sash
|-damage|p2a: Calyrex|1/100
|move|p2a: Calyrex|Astral Barrage|p1a: Calyrex
|-supereffective|p1a: Calyrex
|-enditem|p1a: Calyrex|Focus Sash
|-damage|p1a: Calyrex|1/100
|
|upkeep
|turn|22
|
|t:|1656083211
|move|p2a: Calyrex|Astral Barrage|p1a: Calyrex
|-supereffective|p1a: Calyrex
|-damage|p1a: Calyrex|0 fnt
|faint|p1a: Calyrex
|-ability|p2a: Calyrex|Grim Neigh|boost
|-boost|p2a: Calyrex|spa|1
|
|upkeep
|
|t:|1656083213
|switch|p1a: Ho-Oh|Ho-Oh|100/100
|turn|23
|
|t:|1656083215
|move|p2a: Calyrex|Psyshock|p1a: Ho-Oh
|-damage|p1a: Ho-Oh|12/100
|move|p1a: Ho-Oh|Brave Bird|p2a: Calyrex
|-damage|p2a: Calyrex|0 fnt
|faint|p2a: Calyrex
|-damage|p1a: Ho-Oh|12/100|[from] Recoil
|
|win|Better Alone
|l|☆indigo fulton
|l|☆Better Alone
