|j|☆God of Pseudos
|j|☆moyv123
|t:|1667652924
|gametype|singles
|player|p1|God of Pseudos|akari|1728
|player|p2|moyv123|265|1810
|teamsize|p1|6
|teamsize|p2|6
|gen|8
|tier|[Gen 8] National Dex AG
|rated|
|rule|HP Percentage Mod: HP is shown in percentages
|rule|Endless Battle Clause: Forcing endless battles is banned
|clearpoke
|poke|p1|Arceus-*|
|poke|p1|Eternatus|
|poke|p1|Rayquaza|
|poke|p1|Necrozma-Dusk-Mane|
|poke|p1|Yveltal|
|poke|p1|Calyrex-Shadow|
|poke|p2|Zacian-*|
|poke|p2|Kyogre|
|poke|p2|Rayquaza|
|poke|p2|Marshadow|
|poke|p2|Ditto|
|poke|p2|Arceus-*|
|teampreview
|inactive|Battle timer is ON: inactive players will automatically lose when time's up. (requested by God of Pseudos)
|c|☆God of Pseudos|gl
|
|t:|1667652937
|start
|switch|p1a: Rayquaza|Rayquaza|100/100
|switch|p2a: Arceus|Arceus-Electric|100/100
|-ability|p1a: Rayquaza|Air Lock
|turn|1
|
|t:|1667652960
|detailschange|p1a: Rayquaza|Rayquaza-Mega
|-mega|p1a: Rayquaza|Rayquaza|
|-weather|DeltaStream|[from] ability: Delta Stream|[of] p1a: Rayquaza
|move|p2a: Arceus|Stealth Rock|p1a: Rayquaza
|-sidestart|p1: God of Pseudos|move: Stealth Rock
|move|p1a: Rayquaza|V-create|p2a: Arceus
|-damage|p2a: Arceus|6/100
|-unboost|p1a: Rayquaza|spe|1
|-unboost|p1a: Rayquaza|def|1
|-unboost|p1a: Rayquaza|spd|1
|
|-weather|DeltaStream|[upkeep]
|upkeep
|turn|2
|
|t:|1667652979
|-weather|none
|switch|p1a: Yveltal|Yveltal|100/100
|-ability|p1a: Yveltal|Dark Aura
|move|p2a: Arceus|Ice Beam|p1a: Yveltal
|-supereffective|p1a: Yveltal
|-damage|p1a: Yveltal|66/100
|
|upkeep
|turn|3
|
|t:|1667652988
|move|p2a: Arceus|Judgment|p1a: Yveltal
|-supereffective|p1a: Yveltal
|-damage|p1a: Yveltal|0 fnt
|faint|p1a: Yveltal
|
|upkeep
|
|t:|1667652998
|switch|p1a: Rayquaza|Rayquaza-Mega|100/100
|-damage|p1a: Rayquaza|76/100|[from] Stealth Rock
|-weather|DeltaStream|[from] ability: Delta Stream|[of] p1a: Rayquaza
|turn|4
|
|t:|1667653004
|move|p1a: Rayquaza|Extreme Speed|p2a: Arceus
|-damage|p2a: Arceus|0 fnt
|faint|p2a: Arceus
|
|-weather|DeltaStream|[upkeep]
|upkeep
|
|t:|1667653019
|switch|p2a: Marshadow|Marshadow|100/100
|turn|5
|
|t:|1667653025
|-weather|none
|switch|p1a: Eternatus|Eternatus|100/100
|-damage|p1a: Eternatus|88/100|[from] Stealth Rock
|-ability|p1a: Eternatus|Pressure
|move|p2a: Marshadow|Poltergeist|p1a: Eternatus
|-activate|p1a: Eternatus|move: Poltergeist|Black Sludge
|-damage|p1a: Eternatus|38/100
|-damage|p2a: Marshadow|91/100|[from] item: Life Orb
|
|-heal|p1a: Eternatus|44/100|[from] item: Black Sludge
|upkeep
|turn|6
|inactive|moyv123 has 120 seconds left.
|
|t:|1667653063
|-start|p2a: Marshadow|Dynamax|
|-heal|p2a: Marshadow|91/100|[silent]
|move|p2a: Marshadow|Max Phantasm|p1a: Eternatus
|-damage|p1a: Eternatus|0 fnt
|faint|p1a: Eternatus
|-damage|p2a: Marshadow|86/100|[from] item: Life Orb
|
|upkeep
|
|t:|1667653069
|switch|p1a: Arceus|Arceus-Water|100/100
|-damage|p1a: Arceus|88/100|[from] Stealth Rock
|turn|7
|
|t:|1667653078
|move|p2a: Marshadow|Max Phantasm|p1a: Arceus
|-crit|p1a: Arceus
|-damage|p1a: Arceus|1/100
|-unboost|p1a: Arceus|def|1
|-damage|p2a: Marshadow|81/100|[from] item: Life Orb
|move|p1a: Arceus|Recover|p1a: Arceus
|-heal|p1a: Arceus|51/100
|
|upkeep
|turn|8
|
|t:|1667653093
|move|p2a: Marshadow|Max Knuckle|p1a: Arceus
|-damage|p1a: Arceus|0 fnt
|-boost|p2a: Marshadow|atk|1
|faint|p1a: Arceus
|-damage|p2a: Marshadow|76/100|[from] item: Life Orb
|
|upkeep
|
|t:|1667653100
|switch|p1a: Necrozma|Necrozma-Dusk-Mane|100/100
|-damage|p1a: Necrozma|94/100|[from] Stealth Rock
|-end|p2a: Marshadow|Dynamax
|-heal|p2a: Marshadow|76/100|[silent]
|turn|9
|
|t:|1667653106
|move|p2a: Marshadow|Poltergeist|p1a: Necrozma
|-activate|p1a: Necrozma|move: Poltergeist|Rocky Helmet
|-supereffective|p1a: Necrozma
|-damage|p1a: Necrozma|4/100
|-damage|p2a: Marshadow|66/100|[from] item: Life Orb
|move|p1a: Necrozma|Sunsteel Strike|p2a: Marshadow
|-damage|p2a: Marshadow|5/100
|
|upkeep
|turn|10
|
|t:|1667653117
|move|p2a: Marshadow|Shadow Sneak|p1a: Necrozma
|-supereffective|p1a: Necrozma
|-damage|p1a: Necrozma|0 fnt
|-damage|p2a: Marshadow|0 fnt|[from] item: Rocky Helmet|[of] p1a: Necrozma
|faint|p1a: Necrozma
|faint|p2a: Marshadow
|
|upkeep
|c|☆God of Pseudos|gg
|-message|God of Pseudos forfeited.
|
|win|moyv123
|raw|God of Pseudos's rating: 1728 &rarr; <strong>1713</strong><br />(-15 for losing)
|raw|moyv123's rating: 1810 &rarr; <strong>1825</strong><br />(+15 for winning)
|l|☆God of Pseudos
|j|☆God of Pseudos
|player|p1|God of Pseudos|akari
