|j|☆ctush2
|j|☆Aarsh2601
|t:|1641753351
|gametype|singles
|player|p1|ctush2|shadowtriad|1240
|player|p2|Aarsh2601|red|1345
|teamsize|p1|3
|teamsize|p2|6
|gen|8
|tier|[Gen 8] National Dex AG
|rated|
|rule|HP Percentage Mod: HP is shown in percentages
|rule|Endless Battle Clause: Forcing endless battles is banned
|clearpoke
|poke|p1|Lugia|
|poke|p1|Shuckle, M|
|poke|p1|Uxie|
|poke|p2|Mewtwo|
|poke|p2|Dragapult, M|
|poke|p2|Pheromosa|
|poke|p2|Weavile, M|
|poke|p2|Cinderace, M|
|poke|p2|Zacian-*|
|teampreview
|inactive|Battle timer is ON: inactive players will automatically lose when time's up. (requested by Aarsh2601)
|
|t:|1641753362
|start
|switch|p1a: Shuckle|Shuckle, M|100/100
|switch|p2a: Dragapult|Dragapult, M, shiny|100/100
|turn|1
|
|t:|1641753372
|move|p2a: Dragapult|Dragon Dance|p2a: Dragapult
|-boost|p2a: Dragapult|atk|1
|-boost|p2a: Dragapult|spe|1
|move|p1a: Shuckle|Sticky Web|p2a: Dragapult
|-sidestart|p2: Aarsh2601|move: Sticky Web
|
|upkeep
|turn|2
|
|t:|1641753379
|move|p2a: Dragapult|Dragon Dance|p2a: Dragapult
|-boost|p2a: Dragapult|atk|1
|-boost|p2a: Dragapult|spe|1
|move|p1a: Shuckle|Toxic|p2a: Dragapult
|-status|p2a: Dragapult|tox
|
|-damage|p2a: Dragapult|95/100 tox|[from] psn
|upkeep
|turn|3
|
|t:|1641753392
|move|p2a: Dragapult|Phantom Force||[still]
|-prepare|p2a: Dragapult|Phantom Force
|move|p1a: Shuckle|Stealth Rock|p2a: Dragapult
|-sidestart|p2: Aarsh2601|move: Stealth Rock
|
|-damage|p2a: Dragapult|83/100 tox|[from] psn
|upkeep
|turn|4
|
|t:|1641753400
|move|p2a: Dragapult|Phantom Force|p1a: Shuckle|[from]lockedmove
|-damage|p1a: Shuckle|31/100
|move|p1a: Shuckle|Gyro Ball|p2a: Dragapult
|-damage|p2a: Dragapult|71/100 tox
|
|-heal|p1a: Shuckle|37/100|[from] item: Leftovers
|-damage|p2a: Dragapult|53/100 tox|[from] psn
|upkeep
|turn|5
|
|t:|1641753412
|move|p2a: Dragapult|Outrage|p1a: Shuckle
|-damage|p1a: Shuckle|0 fnt
|faint|p1a: Shuckle
|
|-damage|p2a: Dragapult|29/100 tox|[from] psn
|upkeep
|
|t:|1641753417
|switch|p1a: Uxie|Uxie|100/100
|turn|6
|
|t:|1641753423
|move|p2a: Dragapult|Outrage|p1a: Uxie|[from]lockedmove
|-damage|p1a: Uxie|23/100
|-start|p2a: Dragapult|confusion|[fatigue]
|move|p1a: Uxie|Reflect|p1a: Uxie
|-sidestart|p1: ctush2|Reflect
|
|-damage|p2a: Dragapult|0 fnt|[from] psn
|faint|p2a: Dragapult
|upkeep
|
|t:|1641753435
|switch|p2a: Pheromosa|Pheromosa, shiny|100/100
|-damage|p2a: Pheromosa|88/100|[from] Stealth Rock
|-activate|p2a: Pheromosa|move: Sticky Web
|-unboost|p2a: Pheromosa|spe|1
|turn|7
|
|t:|1641753443
|move|p2a: Pheromosa|Lunge|p1a: Uxie
|-supereffective|p1a: Uxie
|-damage|p1a: Uxie|0 fnt
|faint|p1a: Uxie
|-ability|p2a: Pheromosa|Beast Boost|boost
|-boost|p2a: Pheromosa|atk|1
|
|upkeep
|
|t:|1641753448
|switch|p1a: Lugia|Lugia|100/100
|turn|8
|
|t:|1641753454
|move|p2a: Pheromosa|Lunge|p1a: Lugia
|-damage|p1a: Lugia|89/100
|-unboost|p1a: Lugia|atk|1
|move|p1a: Lugia|Calm Mind|p1a: Lugia
|-boost|p1a: Lugia|spa|1
|-boost|p1a: Lugia|spd|1
|
|upkeep
|turn|9
|
|t:|1641753466
|switch|p2a: Weavile|Weavile, M|100/100
|-activate|p2a: Weavile|move: Sticky Web
|-unboost|p2a: Weavile|spe|1
|-damage|p2a: Weavile|76/100|[from] Stealth Rock
|-ability|p2a: Weavile|Pressure
|move|p1a: Lugia|Calm Mind|p1a: Lugia
|-boost|p1a: Lugia|spa|1
|-boost|p1a: Lugia|spd|1
|
|upkeep
|turn|10
|
|t:|1641753477
|move|p2a: Weavile|Fake Out|p1a: Lugia
|-damage|p1a: Lugia|85/100
|cant|p1a: Lugia|flinch
|
|upkeep
|turn|11
|
|t:|1641753484
|move|p2a: Weavile|Ice Shard|p1a: Lugia
|-supereffective|p1a: Lugia
|-damage|p1a: Lugia|71/100
|-enditem|p1a: Lugia|Weakness Policy
|-boost|p1a: Lugia|atk|2|[from] item: Weakness Policy
|-boost|p1a: Lugia|spa|2|[from] item: Weakness Policy
|move|p1a: Lugia|Calm Mind|p1a: Lugia
|-boost|p1a: Lugia|spa|1
|-boost|p1a: Lugia|spd|1
|
|upkeep
|turn|12
|
|t:|1641753494
|move|p2a: Weavile|Ice Shard|p1a: Lugia
|-supereffective|p1a: Lugia
|-damage|p1a: Lugia|57/100
|move|p1a: Lugia|Calm Mind|p1a: Lugia
|-boost|p1a: Lugia|spa|1
|-boost|p1a: Lugia|spd|1
|
|upkeep
|turn|13
|
|t:|1641753501
|move|p2a: Weavile|Ice Shard|p1a: Lugia
|-supereffective|p1a: Lugia
|-crit|p1a: Lugia
|-damage|p1a: Lugia|16/100
|move|p1a: Lugia|Roost|p1a: Lugia
|-heal|p1a: Lugia|66/100
|-singleturn|p1a: Lugia|move: Roost
|
|-sideend|p1: ctush2|Reflect
|upkeep
|turn|14
|
|t:|1641753511
|move|p2a: Weavile|Ice Shard|p1a: Lugia
|-supereffective|p1a: Lugia
|-crit|p1a: Lugia
|-damage|p1a: Lugia|32/100
|move|p1a: Lugia|Roost|p1a: Lugia
|-heal|p1a: Lugia|82/100
|-singleturn|p1a: Lugia|move: Roost
|
|upkeep
|turn|15
|
|t:|1641753520
|move|p1a: Lugia|Roost|p1a: Lugia
|-heal|p1a: Lugia|100/100
|-singleturn|p1a: Lugia|move: Roost
|move|p2a: Weavile|Night Slash|p1a: Lugia
|-supereffective|p1a: Lugia
|-crit|p1a: Lugia
|-damage|p1a: Lugia|65/100
|
|upkeep
|turn|16
|
|t:|1641753528
|-start|p1a: Lugia|Dynamax
|-heal|p1a: Lugia|65/100|[silent]
|move|p2a: Weavile|Ice Shard|p1a: Lugia
|-supereffective|p1a: Lugia
|-damage|p1a: Lugia|52/100
|move|p1a: Lugia|Max Airstream|p2a: Weavile
|-damage|p2a: Weavile|0 fnt
|-boost|p1a: Lugia|spe|1
|faint|p2a: Weavile
|
|upkeep
|
|t:|1641753542
|switch|p2a: Zacian|Zacian-Crowned|100/100
|-damage|p2a: Zacian|94/100|[from] Stealth Rock
|-activate|p2a: Zacian|move: Sticky Web
|-unboost|p2a: Zacian|spe|1
|-ability|p2a: Zacian|Intrepid Sword|boost
|-boost|p2a: Zacian|atk|1
|turn|17
|
|t:|1641753550
|move|p1a: Lugia|Max Quake|p2a: Zacian
|-supereffective|p2a: Zacian
|-damage|p2a: Zacian|0 fnt
|-boost|p1a: Lugia|spd|1
|faint|p2a: Zacian
|
|upkeep
|
|t:|1641753560
|switch|p2a: Cinderace|Cinderace, M|100/100
|-damage|p2a: Cinderace|76/100|[from] Stealth Rock
|-activate|p2a: Cinderace|move: Sticky Web
|-unboost|p2a: Cinderace|spe|1
|turn|18
|
|t:|1641753573
|-start|p2a: Cinderace|Dynamax
|-formechange|p2a: Cinderace|Cinderace-Gmax
|-heal|p2a: Cinderace|76/100|[silent]
|move|p1a: Lugia|Max Airstream|p2a: Cinderace
|-damage|p2a: Cinderace|0 fnt
|-boost|p1a: Lugia|spe|1
|faint|p2a: Cinderace
|
|-end|p1a: Lugia|Dynamax
|-heal|p1a: Lugia|52/100|[silent]
|upkeep
|
|t:|1641753586
|switch|p2a: Pheromosa|Pheromosa, shiny|88/100
|-activate|p2a: Pheromosa|move: Sticky Web
|-unboost|p2a: Pheromosa|spe|1
|-damage|p2a: Pheromosa|76/100|[from] Stealth Rock
|turn|19
|
|t:|1641753595
|move|p1a: Lugia|Roost|p1a: Lugia
|-heal|p1a: Lugia|100/100
|-singleturn|p1a: Lugia|move: Roost
|move|p2a: Pheromosa|Triple Axel|p1a: Lugia
|-damage|p1a: Lugia|98/100
|-damage|p1a: Lugia|88/100
|-damage|p1a: Lugia|73/100
|-hitcount|p1a: Lugia|3
|
|upkeep
|turn|20
|
|t:|1641753605
|move|p1a: Lugia|Air Slash|p2a: Pheromosa
|-supereffective|p2a: Pheromosa
|-damage|p2a: Pheromosa|0 fnt
|faint|p2a: Pheromosa
|
|upkeep
|-message|Aarsh2601 forfeited.
|
|win|ctush2
|raw|ctush2's rating: 1240 &rarr; <strong>1272</strong><br />(+32 for winning)
|raw|Aarsh2601's rating: 1345 &rarr; <strong>1319</strong><br />(-26 for losing)
|l|☆Aarsh2601
||Ladder isn't responding, score probably updated but might not have (Request timeout).
