|j|☆cgap9999
|j|☆KANN ar KANN
|t:|1650715635
|gametype|singles
|player|p1|cgap9999|n|1232
|player|p2|KANN ar KANN|101|1309
|teamsize|p1|6
|teamsize|p2|6
|gen|8
|tier|[Gen 8] National Dex AG
|rated|
|rule|HP Percentage Mod: HP is shown in percentages
|rule|Endless Battle Clause: Forcing endless battles is banned
|clearpoke
|poke|p1|Malamar, M|
|poke|p1|Oranguru, F|
|poke|p1|Serperior, F|
|poke|p1|Sceptile, M|
|poke|p1|Hatterene, F|
|poke|p1|Tapu Bulu|
|poke|p2|Zacian-*|
|poke|p2|Kyogre|
|poke|p2|Xerneas-*|
|poke|p2|Marshadow|
|poke|p2|Ditto|
|poke|p2|Rayquaza|
|teampreview
|
|t:|1650715642
|start
|switch|p1a: Hatterene|Hatterene, F|100/100
|switch|p2a: RAYBOSSSS|Rayquaza|100/100
|-ability|p2a: RAYBOSSSS|Air Lock
|turn|1
|
|t:|1650715651
|switch|p2a: Skilos|Zacian-Crowned, shiny|100/100
|-ability|p2a: Skilos|Intrepid Sword|boost
|-boost|p2a: Skilos|atk|1
|move|p1a: Hatterene|Trick Room|p1a: Hatterene
|-fieldstart|move: Trick Room|[of] p1a: Hatterene
|
|upkeep
|turn|2
|
|t:|1650715657
|move|p1a: Hatterene|Safeguard|p1a: Hatterene
|-sidestart|p1: cgap9999|Safeguard
|move|p2a: Skilos|Behemoth Blade|p1a: Hatterene
|-supereffective|p1a: Hatterene
|-enditem|p1a: Hatterene|Focus Sash
|-damage|p1a: Hatterene|1/100
|
|upkeep
|turn|3
|
|t:|1650715663
|move|p1a: Hatterene|Nuzzle|p2a: Skilos
|-damage|p2a: Skilos|97/100
|-status|p2a: Skilos|par
|move|p2a: Skilos|Behemoth Blade|p1a: Hatterene
|-supereffective|p1a: Hatterene
|-damage|p1a: Hatterene|0 fnt
|faint|p1a: Hatterene
|
|upkeep
|
|t:|1650715672
|switch|p1a: Tapu Bulu|Tapu Bulu, shiny|100/100
|-fieldstart|move: Grassy Terrain|[from] ability: Grassy Surge|[of] p1a: Tapu Bulu
|turn|4
|
|t:|1650715676
|move|p1a: Tapu Bulu|Reflect|p1a: Tapu Bulu
|-sidestart|p1: cgap9999|Reflect
|move|p2a: Skilos|Behemoth Blade|p1a: Tapu Bulu
|-supereffective|p1a: Tapu Bulu
|-damage|p1a: Tapu Bulu|41/100
|
|-heal|p1a: Tapu Bulu|47/100|[from] Grassy Terrain
|-heal|p2a: Skilos|100/100 par|[from] Grassy Terrain
|upkeep
|turn|5
|
|t:|1650715683
|move|p1a: Tapu Bulu|Light Screen|p1a: Tapu Bulu
|-sidestart|p1: cgap9999|move: Light Screen
|move|p2a: Skilos|Behemoth Blade|p1a: Tapu Bulu
|-supereffective|p1a: Tapu Bulu
|-damage|p1a: Tapu Bulu|0 fnt
|faint|p1a: Tapu Bulu
|
|-fieldend|move: Trick Room
|upkeep
|
|t:|1650715690
|switch|p1a: Rango|Sceptile, M, shiny|100/100
|-enditem|p1a: Rango|Grassy Seed
|-boost|p1a: Rango|def|1|[from] item: Grassy Seed
|turn|6
|
|t:|1650715696
|move|p1a: Rango|Swords Dance|p1a: Rango
|-boost|p1a: Rango|atk|2
|move|p2a: Skilos|Behemoth Blade|p1a: Rango
|-damage|p1a: Rango|50/100
|
|-heal|p1a: Rango|56/100|[from] Grassy Terrain
|-sideend|p1: cgap9999|Safeguard
|upkeep
|turn|7
|
|t:|1650715705
|-start|p1a: Rango|Dynamax|
|-heal|p1a: Rango|56/100|[silent]
|move|p1a: Rango|Max Quake|p2a: Skilos
|-supereffective|p2a: Skilos
|-damage|p2a: Skilos|0 fnt
|-boost|p1a: Rango|spd|1
|faint|p2a: Skilos
|
|-heal|p1a: Rango|59/100|[from] Grassy Terrain
|upkeep
|
|t:|1650715711
|switch|p2a: Faith gang|Marshadow|100/100
|turn|8
|
|t:|1650715717
|move|p1a: Rango|Max Rockfall|p2a: Faith gang
|-resisted|p2a: Faith gang
|-damage|p2a: Faith gang|52/100
|-weather|Sandstorm
|move|p2a: Faith gang|Spectral Thief||[still]
|-clearpositiveboost|p1a: Rango|p2a: Faith gang|move: Spectral Thief
|-boost|p2a: Faith gang|atk|2
|-boost|p2a: Faith gang|def|1
|-boost|p2a: Faith gang|spd|1
|-anim|p2a: Faith gang|Spectral Thief|p1a: Rango
|-damage|p1a: Rango|20/100
|
|-weather|Sandstorm|[upkeep]
|-damage|p1a: Rango|17/100|[from] Sandstorm
|-damage|p2a: Faith gang|46/100|[from] Sandstorm
|-heal|p1a: Rango|20/100|[from] Grassy Terrain
|-heal|p2a: Faith gang|52/100|[from] Grassy Terrain
|-fieldend|move: Grassy Terrain
|upkeep
|turn|9
|
|t:|1650715735
|move|p1a: Rango|Max Overgrowth|p2a: Faith gang
|-damage|p2a: Faith gang|0 fnt
|-fieldstart|move: Grassy Terrain
|faint|p2a: Faith gang
|
|-weather|Sandstorm|[upkeep]
|-damage|p1a: Rango|17/100|[from] Sandstorm
|-heal|p1a: Rango|20/100|[from] Grassy Terrain
|-end|p1a: Rango|Dynamax
|-heal|p1a: Rango|20/100|[silent]
|upkeep
|
|t:|1650715757
|switch|p2a: KIKI|Kyogre|100/100
|-weather|RainDance|[from] ability: Drizzle|[of] p2a: KIKI
|turn|10
|
|t:|1650715762
|move|p1a: Rango|Leaf Blade|p2a: KIKI
|-supereffective|p2a: KIKI
|-damage|p2a: KIKI|0 fnt
|faint|p2a: KIKI
|
|-weather|RainDance|[upkeep]
|-heal|p1a: Rango|26/100|[from] Grassy Terrain
|upkeep
|
|t:|1650715768
|switch|p2a: RAYBOSSSS|Rayquaza|100/100
|-ability|p2a: RAYBOSSSS|Air Lock
|turn|11
|
|t:|1650715773
|detailschange|p2a: RAYBOSSSS|Rayquaza-Mega
|-mega|p2a: RAYBOSSSS|Rayquaza|
|-weather|DeltaStream|[from] ability: Delta Stream|[of] p2a: RAYBOSSSS
|move|p1a: Rango|Rock Slide|p2a: RAYBOSSSS
|-activate||deltastream
|-damage|p2a: RAYBOSSSS|80/100
|move|p2a: RAYBOSSSS|Dragon Ascent|p1a: Rango
|-supereffective|p1a: Rango
|-damage|p1a: Rango|0 fnt
|-unboost|p2a: RAYBOSSSS|def|1
|-unboost|p2a: RAYBOSSSS|spd|1
|faint|p1a: Rango
|-damage|p2a: RAYBOSSSS|70/100|[from] item: Life Orb
|
|-weather|DeltaStream|[upkeep]
|-sideend|p1: cgap9999|Reflect
|upkeep
|
|t:|1650715787
|switch|p1a: Harambe|Oranguru, F|100/100
|turn|12
|
|t:|1650715793
|-weather|none
|switch|p2a: XEU|Xerneas|100/100
|-ability|p2a: XEU|Fairy Aura
|move|p1a: Harambe|Trick Room|p1a: Harambe
|-fieldstart|move: Trick Room|[of] p1a: Harambe
|
|-sideend|p1: cgap9999|move: Light Screen
|upkeep
|turn|13
|
|t:|1650715800
|switch|p1a: Cthuluh|Malamar, M, shiny|100/100
|move|p2a: XEU|Moonblast|p1a: Cthuluh
|-supereffective|p1a: Cthuluh
|-enditem|p1a: Cthuluh|Focus Sash
|-damage|p1a: Cthuluh|1/100
|
|-heal|p1a: Cthuluh|7/100|[from] Grassy Terrain
|-fieldend|move: Grassy Terrain
|upkeep
|turn|14
|
|t:|1650715809
|move|p1a: Cthuluh|Knock Off|p2a: XEU
|-resisted|p2a: XEU
|-damage|p2a: XEU|83/100
|-enditem|p2a: XEU|Power Herb|[from] move: Knock Off|[of] p1a: Cthuluh
|move|p2a: XEU|Moonblast|p1a: Cthuluh
|-supereffective|p1a: Cthuluh
|-damage|p1a: Cthuluh|0 fnt
|faint|p1a: Cthuluh
|
|upkeep
|
|t:|1650715817
|switch|p1a: Harambe|Oranguru, F|100/100
|turn|15
|
|t:|1650715821
|move|p1a: Harambe|Nasty Plot|p1a: Harambe
|-boost|p1a: Harambe|spa|2
|move|p2a: XEU|Moonblast|p1a: Harambe
|-damage|p1a: Harambe|53/100
|-unboost|p1a: Harambe|spa|1
|
|upkeep
|turn|16
|
|t:|1650715829
|move|p1a: Harambe|Nature Power|p2a: XEU
|move|p1a: Harambe|Tri Attack|p2a: XEU|[from]move: Nature Power
|-damage|p2a: XEU|41/100
|-status|p2a: XEU|par
|cant|p2a: XEU|par
|
|-fieldend|move: Trick Room
|upkeep
|turn|17
|
|t:|1650715837
|move|p2a: XEU|Thunder Wave|p1a: Harambe
|-status|p1a: Harambe|par
|move|p1a: Harambe|Trick Room|p1a: Harambe
|-fieldstart|move: Trick Room|[of] p1a: Harambe
|
|upkeep
|turn|18
|
|t:|1650715843
|move|p1a: Harambe|Psyshock|p2a: XEU
|-damage|p2a: XEU|2/100 par
|move|p2a: XEU|Moonblast|p1a: Harambe
|-damage|p1a: Harambe|11/100 par
|
|upkeep
|turn|19
|
|t:|1650715849
|move|p1a: Harambe|Psyshock|p2a: XEU
|-damage|p2a: XEU|0 fnt
|faint|p2a: XEU
|
|upkeep
|
|t:|1650715857
|switch|p2a: RAYBOSSSS|Rayquaza-Mega|70/100
|-weather|DeltaStream|[from] ability: Delta Stream|[of] p2a: RAYBOSSSS
|turn|20
|
|t:|1650715861
|move|p2a: RAYBOSSSS|Extreme Speed|p1a: Harambe
|-damage|p1a: Harambe|0 fnt
|faint|p1a: Harambe
|-damage|p2a: RAYBOSSSS|60/100|[from] item: Life Orb
|
|-weather|DeltaStream|[upkeep]
|upkeep
|
|t:|1650715866
|switch|p1a: I'm a ssssnake|Serperior, F, shiny|100/100
|turn|21
|
|t:|1650715869
|move|p1a: I'm a ssssnake|Glare|p2a: RAYBOSSSS
|-status|p2a: RAYBOSSSS|par
|cant|p2a: RAYBOSSSS|par
|
|-weather|DeltaStream|[upkeep]
|-fieldend|move: Trick Room
|upkeep
|turn|22
|
|t:|1650715875
|move|p1a: I'm a ssssnake|Substitute|p1a: I'm a ssssnake
|-start|p1a: I'm a ssssnake|Substitute
|-damage|p1a: I'm a ssssnake|76/100
|move|p2a: RAYBOSSSS|Dragon Ascent|p1a: I'm a ssssnake
|-supereffective|p1a: I'm a ssssnake
|-end|p1a: I'm a ssssnake|Substitute
|-unboost|p2a: RAYBOSSSS|def|1
|-unboost|p2a: RAYBOSSSS|spd|1
|-damage|p2a: RAYBOSSSS|50/100 par|[from] item: Life Orb
|
|-weather|DeltaStream|[upkeep]
|-heal|p1a: I'm a ssssnake|82/100|[from] item: Leftovers
|upkeep
|turn|23
|
|t:|1650715885
|-weather|none
|switch|p2a: Barbatruc|Ditto, shiny|100/100
|-transform|p2a: Barbatruc|p1a: I'm a ssssnake|[from] ability: Imposter
|move|p1a: I'm a ssssnake|Substitute|p1a: I'm a ssssnake
|-start|p1a: I'm a ssssnake|Substitute
|-damage|p1a: I'm a ssssnake|57/100
|
|-heal|p1a: I'm a ssssnake|63/100|[from] item: Leftovers
|upkeep
|turn|24
|
|t:|1650715905
|-start|p2a: Barbatruc|Dynamax|
|-heal|p2a: Barbatruc|100/100|[silent]
|move|p2a: Barbatruc|Max Overgrowth|p1a: I'm a ssssnake
|-resisted|p1a: I'm a ssssnake
|-end|p1a: I'm a ssssnake|Substitute
|-fieldstart|move: Grassy Terrain
|move|p1a: I'm a ssssnake|Glare|p2a: Barbatruc
|-status|p2a: Barbatruc|par
|
|-heal|p1a: I'm a ssssnake|69/100|[from] Grassy Terrain
|-heal|p1a: I'm a ssssnake|76/100|[from] item: Leftovers
|upkeep
|turn|25
|
|t:|1650715917
|move|p1a: I'm a ssssnake|Substitute|p1a: I'm a ssssnake
|-start|p1a: I'm a ssssnake|Substitute
|-damage|p1a: I'm a ssssnake|51/100
|move|p2a: Barbatruc|Max Overgrowth|p1a: I'm a ssssnake
|-resisted|p1a: I'm a ssssnake
|-end|p1a: I'm a ssssnake|Substitute
|
|-heal|p1a: I'm a ssssnake|57/100|[from] Grassy Terrain
|-heal|p1a: I'm a ssssnake|63/100|[from] item: Leftovers
|upkeep
|turn|26
|
|t:|1650715927
|move|p1a: I'm a ssssnake|Substitute|p1a: I'm a ssssnake
|-start|p1a: I'm a ssssnake|Substitute
|-damage|p1a: I'm a ssssnake|38/100
|move|p2a: Barbatruc|Max Overgrowth|p1a: I'm a ssssnake
|-resisted|p1a: I'm a ssssnake
|-end|p1a: I'm a ssssnake|Substitute
|
|-heal|p1a: I'm a ssssnake|45/100|[from] Grassy Terrain
|-heal|p1a: I'm a ssssnake|51/100|[from] item: Leftovers
|-end|p2a: Barbatruc|Dynamax
|-heal|p2a: Barbatruc|100/100 par|[silent]
|upkeep
|turn|27
|
|t:|1650715940
|move|p1a: I'm a ssssnake|Substitute|p1a: I'm a ssssnake
|-start|p1a: I'm a ssssnake|Substitute
|-damage|p1a: I'm a ssssnake|26/100
|cant|p2a: Barbatruc|par
|
|-heal|p1a: I'm a ssssnake|32/100|[from] Grassy Terrain
|-heal|p1a: I'm a ssssnake|38/100|[from] item: Leftovers
|upkeep
|turn|28
|
|t:|1650715955
|move|p1a: I'm a ssssnake|Leaf Storm|p2a: Barbatruc
|-resisted|p2a: Barbatruc
|-damage|p2a: Barbatruc|53/100 par
|-boost|p1a: I'm a ssssnake|spa|2
|move|p2a: Barbatruc|Substitute|p2a: Barbatruc
|-start|p2a: Barbatruc|Substitute
|-damage|p2a: Barbatruc|28/100 par
|
|-heal|p1a: I'm a ssssnake|45/100|[from] Grassy Terrain
|-heal|p1a: I'm a ssssnake|51/100|[from] item: Leftovers
|-heal|p2a: Barbatruc|34/100 par|[from] Grassy Terrain
|-fieldend|move: Grassy Terrain
|upkeep
|turn|29
|
|t:|1650715966
|move|p1a: I'm a ssssnake|Leaf Storm|p2a: Barbatruc
|-resisted|p2a: Barbatruc
|-end|p2a: Barbatruc|Substitute
|-boost|p1a: I'm a ssssnake|spa|2
|move|p2a: Barbatruc|Substitute|p2a: Barbatruc
|-start|p2a: Barbatruc|Substitute
|-damage|p2a: Barbatruc|9/100 par
|
|-heal|p1a: I'm a ssssnake|57/100|[from] item: Leftovers
|upkeep
|turn|30
|
|t:|1650715974
|move|p1a: I'm a ssssnake|Leaf Storm|p2a: Barbatruc
|-resisted|p2a: Barbatruc
|-end|p2a: Barbatruc|Substitute
|-boost|p1a: I'm a ssssnake|spa|2
|move|p2a: Barbatruc|Substitute|p2a: Barbatruc
|-fail|p2a: Barbatruc|move: Substitute|[weak]
|
|-heal|p1a: I'm a ssssnake|63/100|[from] item: Leftovers
|upkeep
|turn|31
|
|t:|1650715983
|move|p1a: I'm a ssssnake|Leaf Storm|p2a: Barbatruc
|-resisted|p2a: Barbatruc
|-damage|p2a: Barbatruc|0 fnt
|faint|p2a: Barbatruc
|
|-heal|p1a: I'm a ssssnake|69/100|[from] item: Leftovers
|upkeep
|
|t:|1650715985
|switch|p2a: RAYBOSSSS|Rayquaza-Mega|50/100 par
|-weather|DeltaStream|[from] ability: Delta Stream|[of] p2a: RAYBOSSSS
|turn|32
|
|t:|1650715994
|cant|p2a: RAYBOSSSS|par
|move|p1a: I'm a ssssnake|Leaf Storm|p2a: RAYBOSSSS
|-resisted|p2a: RAYBOSSSS
|-damage|p2a: RAYBOSSSS|0 fnt
|faint|p2a: RAYBOSSSS
|-weather|none
|
|win|cgap9999
|raw|cgap9999's rating: 1232 &rarr; <strong>1262</strong><br />(+30 for winning)
|raw|KANN ar KANN's rating: 1309 &rarr; <strong>1285</strong><br />(-24 for losing)
|l|☆KANN ar KANN
