|j|☆wafflecone67
|j|☆amnael01
|t:|1657928312
|gametype|singles
|player|p1|wafflecone67|170|1657
|player|p2|amnael01|dawn|1830
|teamsize|p1|6
|teamsize|p2|6
|gen|8
|tier|[Gen 8] National Dex AG
|rated|
|rule|HP Percentage Mod: HP is shown in percentages
|rule|Endless Battle Clause: Forcing endless battles is banned
|clearpoke
|poke|p1|Scolipede, F|
|poke|p1|Smeargle, F|
|poke|p1|Magearna|
|poke|p1|Smeargle, F|
|poke|p1|Espeon, F|
|poke|p1|Mr. Mime, F|
|poke|p2|Smeargle, M|
|poke|p2|Groudon|
|poke|p2|Espeon, F|
|poke|p2|Rayquaza|
|poke|p2|Xerneas-*|
|poke|p2|Zacian-*|
|teampreview
|inactive|Battle timer is ON: inactive players will automatically lose when time's up. (requested by wafflecone67)
|
|t:|1657928318
|start
|switch|p1a: Scolipede|Scolipede, F|100/100
|switch|p2a: Groudon|Groudon|100/100
|detailschange|p2a: Groudon|Groudon-Primal
|-primal|p2a: Groudon
|-weather|DesolateLand|[from] ability: Desolate Land|[of] p2a: Groudon
|turn|1
|
|t:|1657928323
|switch|p1a: Espeon|Espeon, F|100/100
|move|p2a: Groudon|Stealth Rock|p1a: Espeon
|move|p1a: Espeon|Stealth Rock|p2a: Groudon|[from]ability: Magic Bounce
|-sidestart|p2: amnael01|move: Stealth Rock
|
|-weather|DesolateLand|[upkeep]
|upkeep
|turn|2
|
|t:|1657928328
|move|p1a: Espeon|Double Team|p1a: Espeon
|-boost|p1a: Espeon|evasion|1
|move|p2a: Groudon|Fire Punch|p1a: Espeon
|-damage|p1a: Espeon|0 fnt
|faint|p1a: Espeon
|
|-weather|DesolateLand|[upkeep]
|upkeep
|
|t:|1657928331
|switch|p1a: Smeargle|Smeargle, F|100/100
|turn|3
|
|t:|1657928334
|move|p2a: Groudon|Fire Punch|p1a: Smeargle
|-enditem|p1a: Smeargle|Focus Sash
|-damage|p1a: Smeargle|1/100
|move|p1a: Smeargle|Spore|p2a: Groudon
|-status|p2a: Groudon|slp|[from] move: Spore
|
|-weather|DesolateLand|[upkeep]
|-ability|p1a: Smeargle|Moody|boost
|-boost|p1a: Smeargle|spa|2
|-unboost|p1a: Smeargle|atk|1
|upkeep
|turn|4
|
|t:|1657928337
|cant|p2a: Groudon|slp
|move|p1a: Smeargle|Ingrain|p1a: Smeargle
|-start|p1a: Smeargle|move: Ingrain
|
|-weather|DesolateLand|[upkeep]
|-heal|p1a: Smeargle|7/100|[from] Ingrain
|-ability|p1a: Smeargle|Moody|boost
|-boost|p1a: Smeargle|def|2
|-unboost|p1a: Smeargle|spa|1
|upkeep
|turn|5
|
|t:|1657928339
|-curestatus|p2a: Groudon|slp|[msg]
|move|p2a: Groudon|Stealth Rock|p1a: Smeargle
|-sidestart|p1: wafflecone67|move: Stealth Rock
|move|p1a: Smeargle|Baton Pass|p1a: Smeargle
|
|t:|1657928342
|switch|p1a: Scolipede|Scolipede, F|100/100|[from]move: Baton Pass
|-damage|p1a: Scolipede|76/100|[from] Stealth Rock
|
|-weather|DesolateLand|[upkeep]
|-heal|p1a: Scolipede|82/100|[from] Ingrain
|upkeep
|turn|6
|
|t:|1657928346
|move|p1a: Scolipede|Protect|p1a: Scolipede
|-singleturn|p1a: Scolipede|Protect
|move|p2a: Groudon|Fire Punch|p1a: Scolipede
|-activate|p1a: Scolipede|move: Protect
|
|-weather|DesolateLand|[upkeep]
|-heal|p1a: Scolipede|88/100|[from] Ingrain
|-ability|p1a: Scolipede|Speed Boost|boost
|-boost|p1a: Scolipede|spe|1
|upkeep
|turn|7
|
|t:|1657928348
|move|p1a: Scolipede|Iron Defense|p1a: Scolipede
|-boost|p1a: Scolipede|def|2
|move|p2a: Groudon|Fire Punch|p1a: Scolipede
|-supereffective|p1a: Scolipede
|-damage|p1a: Scolipede|32/100
|
|-weather|DesolateLand|[upkeep]
|-heal|p1a: Scolipede|38/100|[from] Ingrain
|-ability|p1a: Scolipede|Speed Boost|boost
|-boost|p1a: Scolipede|spe|1
|upkeep
|turn|8
|
|t:|1657928353
|move|p1a: Scolipede|Protect|p1a: Scolipede
|-singleturn|p1a: Scolipede|Protect
|move|p2a: Groudon|Fire Punch|p1a: Scolipede
|-activate|p1a: Scolipede|move: Protect
|
|-weather|DesolateLand|[upkeep]
|-heal|p1a: Scolipede|44/100|[from] Ingrain
|-ability|p1a: Scolipede|Speed Boost|boost
|-boost|p1a: Scolipede|spe|1
|upkeep
|turn|9
|
|t:|1657928355
|move|p1a: Scolipede|Substitute|p1a: Scolipede
|-start|p1a: Scolipede|Substitute
|-damage|p1a: Scolipede|19/100
|move|p2a: Groudon|Fire Punch|p1a: Scolipede
|-supereffective|p1a: Scolipede
|-end|p1a: Scolipede|Substitute
|
|-weather|DesolateLand|[upkeep]
|-heal|p1a: Scolipede|25/100|[from] Ingrain
|-ability|p1a: Scolipede|Speed Boost|boost
|-boost|p1a: Scolipede|spe|1
|upkeep
|turn|10
|
|t:|1657928357
|move|p1a: Scolipede|Protect|p1a: Scolipede
|-singleturn|p1a: Scolipede|Protect
|move|p2a: Groudon|Fire Punch|p1a: Scolipede
|-activate|p1a: Scolipede|move: Protect
|
|-weather|DesolateLand|[upkeep]
|-heal|p1a: Scolipede|31/100|[from] Ingrain
|-ability|p1a: Scolipede|Speed Boost|boost
|-boost|p1a: Scolipede|spe|1
|upkeep
|turn|11
|
|t:|1657928360
|move|p1a: Scolipede|Substitute|p1a: Scolipede
|-start|p1a: Scolipede|Substitute
|-damage|p1a: Scolipede|7/100
|move|p2a: Groudon|Fire Punch|p1a: Scolipede
|-supereffective|p1a: Scolipede
|-end|p1a: Scolipede|Substitute
|
|-weather|DesolateLand|[upkeep]
|-heal|p1a: Scolipede|13/100|[from] Ingrain
|-ability|p1a: Scolipede|Speed Boost|boost
|-boost|p1a: Scolipede|spe|1
|upkeep
|turn|12
|
|t:|1657928363
|move|p1a: Scolipede|Baton Pass|p1a: Scolipede
|
|t:|1657928364
|switch|p1a: Mr. Mime|Mr. Mime, F|100/100|[from]move: Baton Pass
|-damage|p1a: Mr. Mime|88/100|[from] Stealth Rock
|move|p2a: Groudon|Fire Punch|p1a: Mr. Mime
|-damage|p1a: Mr. Mime|42/100
|
|-weather|DesolateLand|[upkeep]
|-heal|p1a: Mr. Mime|48/100|[from] Ingrain
|upkeep
|turn|13
|
|t:|1657928370
|move|p1a: Mr. Mime|Reflect|p1a: Mr. Mime
|-sidestart|p1: wafflecone67|Reflect
|move|p2a: Groudon|Fire Punch|p1a: Mr. Mime
|-damage|p1a: Mr. Mime|27/100
|
|-weather|DesolateLand|[upkeep]
|-heal|p1a: Mr. Mime|33/100|[from] Ingrain
|upkeep
|turn|14
|
|t:|1657928373
|move|p1a: Mr. Mime|Baton Pass|p1a: Mr. Mime
|
|t:|1657928374
|switch|p1a: Smeargle|Smeargle, F|100/100|[from]move: Baton Pass
|-damage|p1a: Smeargle|88/100|[from] Stealth Rock
|move|p2a: Groudon|Fire Punch|p1a: Smeargle
|-damage|p1a: Smeargle|55/100
|-status|p1a: Smeargle|brn
|
|-weather|DesolateLand|[upkeep]
|-heal|p1a: Smeargle|61/100 brn|[from] Ingrain
|-damage|p1a: Smeargle|55/100 brn|[from] brn
|-ability|p1a: Smeargle|Moody|boost
|-boost|p1a: Smeargle|def|2
|-unboost|p1a: Smeargle|spd|1
|upkeep
|turn|15
|
|t:|1657928381
|move|p1a: Smeargle|Spore|p2a: Groudon
|-status|p2a: Groudon|slp|[from] move: Spore
|cant|p2a: Groudon|slp
|
|-weather|DesolateLand|[upkeep]
|-heal|p1a: Smeargle|61/100 brn|[from] Ingrain
|-damage|p1a: Smeargle|55/100 brn|[from] brn
|-ability|p1a: Smeargle|Moody|boost
|-boost|p1a: Smeargle|spa|2
|-unboost|p1a: Smeargle|atk|1
|upkeep
|turn|16
|
|t:|1657928383
|move|p1a: Smeargle|Substitute|p1a: Smeargle
|-start|p1a: Smeargle|Substitute
|-damage|p1a: Smeargle|31/100 brn
|cant|p2a: Groudon|slp
|
|-weather|DesolateLand|[upkeep]
|-heal|p1a: Smeargle|37/100 brn|[from] Ingrain
|-damage|p1a: Smeargle|31/100 brn|[from] brn
|-ability|p1a: Smeargle|Moody|boost
|-boost|p1a: Smeargle|spd|2
|-unboost|p1a: Smeargle|spa|1
|upkeep
|turn|17
|
|t:|1657928386
|move|p1a: Smeargle|Baton Pass|p1a: Smeargle
|
|t:|1657928388
|switch|p1a: labrys|Magearna|100/100|[from]move: Baton Pass
|-damage|p1a: labrys|94/100|[from] Stealth Rock
|-curestatus|p2a: Groudon|slp|[msg]
|move|p2a: Groudon|Fire Punch|p1a: labrys
|-supereffective|p1a: labrys
|-activate|p1a: labrys|move: Substitute|[damage]
|
|-weather|DesolateLand|[upkeep]
|-heal|p1a: labrys|100/100|[from] Ingrain
|-sideend|p1: wafflecone67|Reflect
|upkeep
|turn|18
|
|t:|1657928390
|move|p1a: labrys|Stored Power|p2a: Groudon
|-damage|p2a: Groudon|0 fnt
|faint|p2a: Groudon
|-ability|p1a: labrys|Soul-Heart|boost
|-boost|p1a: labrys|spa|1
|-weather|none
|
|upkeep
|c|☆wafflecone67|gg
|
|t:|1657928401
|switch|p2a: Zacian|Zacian-Crowned|100/100
|-damage|p2a: Zacian|94/100|[from] Stealth Rock
|-ability|p2a: Zacian|Intrepid Sword|boost
|-boost|p2a: Zacian|atk|1
|turn|19
|
|t:|1657928405
|move|p1a: labrys|Stored Power|p2a: Zacian
|-resisted|p2a: Zacian
|-damage|p2a: Zacian|0 fnt
|faint|p2a: Zacian
|-ability|p1a: labrys|Soul-Heart|boost
|-boost|p1a: labrys|spa|1
|
|upkeep
|
|t:|1657928409
|switch|p2a: Xerneas|Xerneas|100/100
|-damage|p2a: Xerneas|88/100|[from] Stealth Rock
|-ability|p2a: Xerneas|Fairy Aura
|turn|20
|
|t:|1657928412
|-start|p2a: Xerneas|Dynamax|
|-heal|p2a: Xerneas|88/100|[silent]
|move|p1a: labrys|Stored Power|p2a: Xerneas
|-damage|p2a: Xerneas|0 fnt
|faint|p2a: Xerneas
|-ability|p1a: labrys|Soul-Heart|boost
|-boost|p1a: labrys|spa|1
|
|upkeep
|
|t:|1657928415
|switch|p2a: Rayquaza|Rayquaza|100/100
|-damage|p2a: Rayquaza|76/100|[from] Stealth Rock
|-ability|p2a: Rayquaza|Air Lock
|turn|21
|
|t:|1657928417
|detailschange|p2a: Rayquaza|Rayquaza-Mega
|-mega|p2a: Rayquaza|Rayquaza|
|-weather|DeltaStream|[from] ability: Delta Stream|[of] p2a: Rayquaza
|move|p1a: labrys|Stored Power|p2a: Rayquaza
|-damage|p2a: Rayquaza|0 fnt
|faint|p2a: Rayquaza
|-ability|p1a: labrys|Soul-Heart|boost
|-boost|p1a: labrys|spa|1
|-weather|none
|
|upkeep
|
|t:|1657928426
|switch|p2a: Espeon|Espeon, F|100/100
|-damage|p2a: Espeon|88/100|[from] Stealth Rock
|turn|22
|
|t:|1657928428
|move|p1a: labrys|Draining Kiss|p2a: Espeon
|-damage|p2a: Espeon|0 fnt
|faint|p2a: Espeon
|
|upkeep
|
|t:|1657928430
|switch|p2a: Smeargle|Smeargle, M|100/100
|-damage|p2a: Smeargle|88/100|[from] Stealth Rock
|turn|23
|
|t:|1657928434
|move|p1a: labrys|Stored Power|p2a: Smeargle
|-damage|p2a: Smeargle|0 fnt
|faint|p2a: Smeargle
|
|win|wafflecone67
|raw|wafflecone67's rating: 1657 &rarr; <strong>1686</strong><br />(+29 for winning)
|raw|amnael01's rating: 1830 &rarr; <strong>1801</strong><br />(-29 for losing)
|j| Apprenti Buck
|c|☆wafflecone67|gg
|l|☆amnael01
||Ladder isn't responding, score probably updated but might not have (Request timeout).
