|j|☆F.A.M.E.246 2nd
|j|☆NUUBALT
|t:|1637138905
|gametype|singles
|player|p1|F.A.M.E.246 2nd|brawly|1757
|player|p2|NUUBALT|102|1783
|teamsize|p1|6
|teamsize|p2|6
|gen|8
|tier|[Gen 8] National Dex AG
|rated|
|rule|HP Percentage Mod: HP is shown in percentages
|rule|Endless Battle Clause: Forcing endless battles is banned
|clearpoke
|poke|p1|Scizor, M|
|poke|p1|Groudon|
|poke|p1|Calyrex-Shadow|
|poke|p1|Zacian-*|
|poke|p1|Arceus-*|
|poke|p1|Yveltal|
|poke|p2|Salamence, F|
|poke|p2|Calyrex-Ice|
|poke|p2|Cinderace, F|
|poke|p2|Arceus-*|
|poke|p2|Yveltal|
|poke|p2|Zacian-*|
|teampreview
|c|☆F.A.M.E.246 2nd|Hf
|
|t:|1637138923
|start
|switch|p1a: Arceus|Arceus-Rock|100/100
|switch|p2a: Awkward Design|Yveltal|100/100
|-ability|p2a: Awkward Design|Dark Aura
|turn|1
|inactive|Battle timer is ON: inactive players will automatically lose when time's up. (requested by F.A.M.E.246 2nd)
|
|t:|1637138951
|move|p1a: Arceus|Will-O-Wisp|p2a: Awkward Design
|-status|p2a: Awkward Design|brn
|move|p2a: Awkward Design|Dark Pulse|p1a: Arceus
|-damage|p1a: Arceus|68/100
|
|-damage|p2a: Awkward Design|94/100 brn|[from] brn
|upkeep
|turn|2
|
|t:|1637138958
|move|p1a: Arceus|Will-O-Wisp|p2a: Awkward Design|[miss]
|-miss|p1a: Arceus|p2a: Awkward Design
|move|p2a: Awkward Design|Dark Pulse|p1a: Arceus
|-damage|p1a: Arceus|39/100
|
|-damage|p2a: Awkward Design|88/100 brn|[from] brn
|upkeep
|turn|3
|
|t:|1637138964
|move|p1a: Arceus|Recover|p1a: Arceus
|-heal|p1a: Arceus|89/100
|move|p2a: Awkward Design|U-turn|p1a: Arceus
|-damage|p1a: Arceus|82/100
|
|t:|1637138971
|switch|p2a: Deer thing|Arceus-Fire|100/100|[from]move: U-turn
|
|upkeep
|turn|4
|
|t:|1637138975
|move|p1a: Arceus|Judgment|p2a: Deer thing
|-supereffective|p2a: Deer thing
|-damage|p2a: Deer thing|30/100
|move|p2a: Deer thing|Toxic|p1a: Arceus|[miss]
|-miss|p2a: Deer thing|p1a: Arceus
|
|upkeep
|turn|5
|
|t:|1637138982
|move|p1a: Arceus|Judgment|p2a: Deer thing
|-supereffective|p2a: Deer thing
|-damage|p2a: Deer thing|0 fnt
|faint|p2a: Deer thing
|
|upkeep
|c|☆F.A.M.E.246 2nd|Lo siento
|
|t:|1637139005
|switch|p2a: Shiny Horse|Calyrex-Ice|100/100
|-ability|p2a: Shiny Horse|As One
|-ability|p2a: Shiny Horse|Unnerve
|turn|6
|
|t:|1637139011
|switch|p1a: Scizor|Scizor, M|100/100
|move|p2a: Shiny Horse|Close Combat|p1a: Scizor
|-crit|p1a: Scizor
|-damage|p1a: Scizor|44/100
|-unboost|p2a: Shiny Horse|def|1
|-unboost|p2a: Shiny Horse|spd|1
|
|upkeep
|turn|7
|l|☆F.A.M.E.246 2nd
|inactive|F.A.M.E.246 2nd disconnected and has a minute to reconnect!
|player|p1|
|j|☆F.A.M.E.246 2nd
|inactive|F.A.M.E.246 2nd reconnected and has 140 seconds left.
|player|p1|F.A.M.E.246 2nd|brawly
|
|t:|1637139024
|switch|p2a: Pampered by GF|Cinderace, F|100/100
|detailschange|p1a: Scizor|Scizor-Mega, M
|-mega|p1a: Scizor|Scizor|Scizorite
|move|p1a: Scizor|Roost|p1a: Scizor
|-heal|p1a: Scizor|94/100
|-singleturn|p1a: Scizor|move: Roost
|
|upkeep
|turn|8
|l|☆F.A.M.E.246 2nd
|inactive|F.A.M.E.246 2nd disconnected and has a minute to reconnect!
|player|p1|
|j|☆F.A.M.E.246 2nd
|inactive|F.A.M.E.246 2nd reconnected and has 145 seconds left.
|player|p1|F.A.M.E.246 2nd|brawly
|
|t:|1637139037
|switch|p1a: Groudon|Groudon|100/100
|detailschange|p1a: Groudon|Groudon-Primal
|-primal|p1a: Groudon
|-weather|DesolateLand|[from] ability: Desolate Land|[of] p1a: Groudon
|move|p2a: Pampered by GF|High Jump Kick|p1a: Groudon
|-start|p2a: Pampered by GF|typechange|Fighting|[from] ability: Libero
|-damage|p1a: Groudon|63/100
|
|-weather|DesolateLand|[upkeep]
|upkeep
|turn|9
|
|t:|1637139045
|move|p2a: Pampered by GF|High Jump Kick|p1a: Groudon
|-damage|p1a: Groudon|29/100
|move|p1a: Groudon|Fire Punch|p2a: Pampered by GF
|-damage|p2a: Pampered by GF|0 fnt
|faint|p2a: Pampered by GF
|
|-weather|DesolateLand|[upkeep]
|upkeep
|
|t:|1637139051
|switch|p2a: The Ram|Salamence, F|100/100
|-ability|p2a: The Ram|Intimidate|boost
|-unboost|p1a: Groudon|atk|1
|turn|10
|
|t:|1637139071
|-weather|none
|switch|p1a: Yveltal|Yveltal|100/100
|-ability|p1a: Yveltal|Dark Aura
|detailschange|p2a: The Ram|Salamence-Mega, F
|-mega|p2a: The Ram|Salamence|Salamencite
|move|p2a: The Ram|Dragon Dance|p2a: The Ram
|-boost|p2a: The Ram|atk|1
|-boost|p2a: The Ram|spe|1
|
|upkeep
|turn|11
|l|☆F.A.M.E.246 2nd
|inactive|F.A.M.E.246 2nd disconnected and has a minute to reconnect!
|player|p1|
|j|☆F.A.M.E.246 2nd
|inactive|F.A.M.E.246 2nd reconnected and has 140 seconds left.
|player|p1|F.A.M.E.246 2nd|brawly
|
|t:|1637139081
|-start|p1a: Yveltal|Dynamax
|-heal|p1a: Yveltal|100/100|[silent]
|move|p2a: The Ram|Frustration|p1a: Yveltal
|-damage|p1a: Yveltal|60/100
|move|p1a: Yveltal|Max Darkness|p2a: The Ram
|-damage|p2a: The Ram|49/100
|-unboost|p2a: The Ram|spd|1
|
|upkeep
|turn|12
|
|t:|1637139096
|move|p2a: The Ram|Roost|p2a: The Ram
|-heal|p2a: The Ram|99/100
|-singleturn|p2a: The Ram|move: Roost
|move|p1a: Yveltal|Max Darkness|p2a: The Ram
|-damage|p2a: The Ram|49/100
|-unboost|p2a: The Ram|spd|1
|
|upkeep
|turn|13
|
|t:|1637139104
|move|p2a: The Ram|Roost|p2a: The Ram
|-heal|p2a: The Ram|99/100
|-singleturn|p2a: The Ram|move: Roost
|move|p1a: Yveltal|Max Darkness|p2a: The Ram
|-damage|p2a: The Ram|49/100
|-unboost|p2a: The Ram|spd|1
|
|-end|p1a: Yveltal|Dynamax
|-heal|p1a: Yveltal|60/100|[silent]
|upkeep
|turn|14
|
|t:|1637139113
|move|p2a: The Ram|Frustration|p1a: Yveltal
|-damage|p1a: Yveltal|0 fnt
|faint|p1a: Yveltal
|
|upkeep
|l|☆F.A.M.E.246 2nd
|inactive|F.A.M.E.246 2nd disconnected and has a minute to reconnect!
|player|p1|
|j|☆F.A.M.E.246 2nd
|inactive|F.A.M.E.246 2nd reconnected and has 140 seconds left.
|player|p1|F.A.M.E.246 2nd|brawly
|
|t:|1637139129
|switch|p1a: Scizor|Scizor-Mega, M|94/100
|turn|15
|
|t:|1637139136
|move|p1a: Scizor|Bullet Punch|p2a: The Ram
|-damage|p2a: The Ram|26/100
|move|p2a: The Ram|Roost|p2a: The Ram
|-heal|p2a: The Ram|76/100
|-singleturn|p2a: The Ram|move: Roost
|
|upkeep
|turn|16
|
|t:|1637139141
|move|p2a: The Ram|Frustration|p1a: Scizor
|-damage|p1a: Scizor|24/100
|move|p1a: Scizor|Curse|p1a: Scizor
|-unboost|p1a: Scizor|spe|1
|-boost|p1a: Scizor|atk|1
|-boost|p1a: Scizor|def|1
|
|upkeep
|turn|17
|
|t:|1637139149
|move|p1a: Scizor|Bullet Punch|p2a: The Ram
|-damage|p2a: The Ram|44/100
|move|p2a: The Ram|Frustration|p1a: Scizor
|-damage|p1a: Scizor|0 fnt
|faint|p1a: Scizor
|
|upkeep
|
|t:|1637139154
|switch|p1a: Arceus|Arceus-Rock|82/100
|turn|18
|
|t:|1637139159
|move|p2a: The Ram|Earthquake|p1a: Arceus
|-supereffective|p1a: Arceus
|-damage|p1a: Arceus|0 fnt
|faint|p1a: Arceus
|
|upkeep
|c|☆F.A.M.E.246 2nd|Gg
|-message|F.A.M.E.246 2nd forfeited.
|
|win|NUUBALT
|raw|F.A.M.E.246 2nd's rating: 1757 &rarr; <strong>1738</strong><br />(-19 for losing)
|raw|NUUBALT's rating: 1783 &rarr; <strong>1802</strong><br />(+19 for winning)
|l|☆F.A.M.E.246 2nd
|c|☆NUUBALT|gh
