|j|☆Corey6932
|j|☆AdamHaziq
|t:|1661852271
|gametype|singles
|player|p1|Corey6932|lucas-gen4pt|1459
|player|p2|AdamHaziq|unknown|1572
|teamsize|p1|6
|teamsize|p2|6
|gen|8
|tier|[Gen 8] National Dex AG
|rated|
|rule|HP Percentage Mod: HP is shown in percentages
|rule|Endless Battle Clause: Forcing endless battles is banned
|clearpoke
|poke|p1|Groudon|
|poke|p1|Kyogre|
|poke|p1|Rayquaza|
|poke|p1|Arceus-*|
|poke|p1|Darkrai|
|poke|p1|Necrozma-Dusk-Mane|
|poke|p2|Breloom, M|
|poke|p2|Meowstic, M|
|poke|p2|Giratina-Origin|
|poke|p2|Ditto|
|poke|p2|Banette, F|
|poke|p2|Cramorant, F|
|teampreview
|inactive|Battle timer is ON: inactive players will automatically lose when time's up. (requested by AdamHaziq)
|
|t:|1661852297
|start
|switch|p1a: Darkrai|Darkrai, shiny|100/100
|switch|p2a: Meowstic|Meowstic, M|100/100
|turn|1
|
|t:|1661852304
|move|p2a: Meowstic|Assist|p2a: Meowstic
|move|p2a: Meowstic|Spore|p1a: Darkrai|[from]move: Assist
|-hint|Since gen 7, Dark is immune to Prankster moves.
|-immune|p1a: Darkrai
|-zpower|p1a: Darkrai
|move|p1a: Darkrai|Z-Hypnosis|p2a: Meowstic|[anim]Hypnosis
|-boost|p1a: Darkrai|spe|1|[zeffect]
|-status|p2a: Meowstic|slp|[from] move: Hypnosis
|
|-damage|p2a: Meowstic|88/100 slp|[from] ability: Bad Dreams|[of] p1a: Darkrai
|upkeep
|turn|2
|
|t:|1661852318
|cant|p2a: Meowstic|slp
|move|p1a: Darkrai|Substitute|p1a: Darkrai
|-start|p1a: Darkrai|Substitute
|-damage|p1a: Darkrai|76/100
|
|-heal|p2a: Meowstic|94/100 slp|[from] item: Leftovers
|-damage|p2a: Meowstic|82/100 slp|[from] ability: Bad Dreams|[of] p1a: Darkrai
|upkeep
|turn|3
|
|t:|1661852331
|-curestatus|p2a: Meowstic|slp|[msg]
|move|p2a: Meowstic|Substitute|p2a: Meowstic
|-start|p2a: Meowstic|Substitute
|-damage|p2a: Meowstic|57/100
|move|p1a: Darkrai|Nasty Plot|p1a: Darkrai
|-boost|p1a: Darkrai|spa|2
|
|-heal|p2a: Meowstic|63/100|[from] item: Leftovers
|upkeep
|turn|4
|
|t:|1661852342
|move|p1a: Darkrai|Dark Pulse|p2a: Meowstic
|-supereffective|p2a: Meowstic
|-end|p2a: Meowstic|Substitute
|move|p2a: Meowstic|Dark Pulse|p1a: Darkrai
|-resisted|p1a: Darkrai
|-activate|p1a: Darkrai|move: Substitute|[damage]
|
|-heal|p2a: Meowstic|69/100|[from] item: Leftovers
|upkeep
|turn|5
|
|t:|1661852353
|switch|p2a: Breloom|Breloom, M|100/100
|move|p1a: Darkrai|Dark Pulse|p2a: Breloom
|-resisted|p2a: Breloom
|-damage|p2a: Breloom|29/100
|
|-status|p2a: Breloom|tox|[from] item: Toxic Orb
|upkeep
|turn|6
|
|t:|1661852363
|move|p1a: Darkrai|Dark Pulse|p2a: Breloom
|-resisted|p2a: Breloom
|-damage|p2a: Breloom|0 fnt
|faint|p2a: Breloom
|
|upkeep
|
|t:|1661852365
|switch|p2a: Banette|Banette, F|100/100
|turn|7
|
|t:|1661852372
|detailschange|p2a: Banette|Banette-Mega, F
|-mega|p2a: Banette|Banette|Banettite
|move|p2a: Banette|Destiny Bond|p2a: Banette
|-singlemove|p2a: Banette|Destiny Bond
|move|p1a: Darkrai|Hypnosis|p2a: Banette|[miss]
|-miss|p1a: Darkrai|p2a: Banette
|
|upkeep
|turn|8
|
|t:|1661852390
|move|p1a: Darkrai|Hypnosis|p2a: Banette|[miss]
|-miss|p1a: Darkrai|p2a: Banette
|move|p2a: Banette|Phantom Force||[still]
|-prepare|p2a: Banette|Phantom Force
|
|upkeep
|turn|9
|
|t:|1661852401
|move|p1a: Darkrai|Nasty Plot|p1a: Darkrai
|-boost|p1a: Darkrai|spa|2
|move|p2a: Banette|Phantom Force|p1a: Darkrai|[from]lockedmove
|-resisted|p1a: Darkrai
|-end|p1a: Darkrai|Substitute
|
|upkeep
|turn|10
|
|t:|1661852412
|move|p2a: Banette|Destiny Bond|p2a: Banette
|-singlemove|p2a: Banette|Destiny Bond
|move|p1a: Darkrai|Hypnosis|p2a: Banette
|-status|p2a: Banette|slp|[from] move: Hypnosis
|
|-damage|p2a: Banette|88/100 slp|[from] ability: Bad Dreams|[of] p1a: Darkrai
|upkeep
|turn|11
|
|t:|1661852421
|move|p1a: Darkrai|Substitute|p1a: Darkrai
|-start|p1a: Darkrai|Substitute
|-damage|p1a: Darkrai|51/100
|cant|p2a: Banette|slp
|
|-damage|p2a: Banette|76/100 slp|[from] ability: Bad Dreams|[of] p1a: Darkrai
|upkeep
|turn|12
|
|t:|1661852429
|cant|p2a: Banette|slp
|move|p1a: Darkrai|Dark Pulse|p2a: Banette
|-supereffective|p2a: Banette
|-damage|p2a: Banette|0 fnt
|faint|p2a: Banette
|
|upkeep
|
|t:|1661852439
|switch|p2a: Meowstic|Meowstic, M|69/100
|turn|13
|
|t:|1661852443
|move|p2a: Meowstic|Substitute|p2a: Meowstic
|-start|p2a: Meowstic|Substitute
|-damage|p2a: Meowstic|44/100
|move|p1a: Darkrai|Dark Pulse|p2a: Meowstic
|-supereffective|p2a: Meowstic
|-end|p2a: Meowstic|Substitute
|
|-heal|p2a: Meowstic|51/100|[from] item: Leftovers
|upkeep
|turn|14
|
|t:|1661852452
|move|p1a: Darkrai|Dark Pulse|p2a: Meowstic
|-supereffective|p2a: Meowstic
|-damage|p2a: Meowstic|0 fnt
|faint|p2a: Meowstic
|
|upkeep
|
|t:|1661852456
|switch|p2a: Cramorant|Cramorant, F|100/100
|turn|15
|
|t:|1661852462
|move|p1a: Darkrai|Hypnosis|p2a: Cramorant
|-status|p2a: Cramorant|slp|[from] move: Hypnosis
|cant|p2a: Cramorant|slp
|
|-damage|p2a: Cramorant|88/100 slp|[from] ability: Bad Dreams|[of] p1a: Darkrai
|upkeep
|turn|16
|
|t:|1661852478
|move|p1a: Darkrai|Nasty Plot|p1a: Darkrai
|-boost|p1a: Darkrai|spa|2
|cant|p2a: Cramorant|slp
|
|-heal|p2a: Cramorant|94/100 slp|[from] item: Leftovers
|-damage|p2a: Cramorant|82/100 slp|[from] ability: Bad Dreams|[of] p1a: Darkrai
|upkeep
|turn|17
|
|t:|1661852488
|move|p1a: Darkrai|Dark Pulse|p2a: Cramorant
|-damage|p2a: Cramorant|0 fnt
|faint|p2a: Cramorant
|
|upkeep
|
|t:|1661852491
|switch|p2a: Giratina|Giratina-Origin|100/100
|turn|18
|
|t:|1661852497
|-start|p2a: Giratina|Dynamax|
|-heal|p2a: Giratina|100/100|[silent]
|move|p1a: Darkrai|Dark Pulse|p2a: Giratina
|-supereffective|p2a: Giratina
|-damage|p2a: Giratina|0 fnt
|faint|p2a: Giratina
|
|upkeep
|
|t:|1661852503
|switch|p2a: Ditto|Ditto|100/100
|turn|19
|
|t:|1661852512
|move|p1a: Darkrai|Dark Pulse|p2a: Ditto
|-damage|p2a: Ditto|0 fnt
|faint|p2a: Ditto
|
|win|Corey6932
|raw|Corey6932's rating: 1459 &rarr; <strong>1485</strong><br />(+26 for winning)
|raw|AdamHaziq's rating: 1572 &rarr; <strong>1546</strong><br />(-26 for losing)
|l|☆AdamHaziq
||Ladder isn't responding, score probably updated but might not have (Request timeout).
