|j|☆Wurfless
|j|‽Chrisbensoo
|t:|1657664349
|gametype|singles
|player|p1|Wurfless|n|1492
|player|p2|Chrisbensoo|1|1542
|teamsize|p1|6
|teamsize|p2|6
|gen|8
|tier|[Gen 8] National Dex AG
|rated|
|rule|HP Percentage Mod: HP is shown in percentages
|rule|Endless Battle Clause: Forcing endless battles is banned
|clearpoke
|poke|p1|Yveltal|
|poke|p1|Ho-Oh|
|poke|p1|Lucario, M|
|poke|p1|Kommo-o, M|
|poke|p1|Calyrex-Ice|
|poke|p1|Regieleki|
|poke|p2|Magearna|
|poke|p2|Calyrex-Shadow|
|poke|p2|Arceus-*|
|poke|p2|Ho-Oh|
|poke|p2|Tyranitar, M|
|poke|p2|Necrozma-Dusk-Mane|
|teampreview
|inactive|Battle timer is ON: inactive players will automatically lose when time's up. (requested by Wurfless)
|
|t:|1657664357
|start
|switch|p1a: Lucario|Lucario, M, shiny|100/100
|switch|p2a: Arceus|Arceus-Ground|100/100
|turn|1
|
|t:|1657664361
|detailschange|p1a: Lucario|Lucario-Mega, M, shiny
|-mega|p1a: Lucario|Lucario|Lucarionite
|move|p1a: Lucario|High Jump Kick|p2a: Arceus
|-damage|p2a: Arceus|49/100
|move|p2a: Arceus|Judgment|p1a: Lucario
|-supereffective|p1a: Lucario
|-damage|p1a: Lucario|0 fnt
|faint|p1a: Lucario
|
|upkeep
|j| WBao
|
|t:|1657664386
|switch|p1a: Kommo-o|Kommo-o, M, shiny|100/100
|turn|2
|
|t:|1657664392
|switch|p2a: Magearna|Magearna|100/100
|-zpower|p1a: Kommo-o
|move|p1a: Kommo-o|Clangorous Soulblaze|p2a: Magearna|[zeffect]
|-immune|p2a: Magearna
|
|upkeep
|turn|3
|
|t:|1657664396
|switch|p1a: Ho-Oh|Ho-Oh, shiny|100/100
|move|p2a: Magearna|Fleur Cannon|p1a: Ho-Oh
|-resisted|p1a: Ho-Oh
|-damage|p1a: Ho-Oh|88/100
|-unboost|p2a: Magearna|spa|2
|
|upkeep
|turn|4
|
|t:|1657664399
|switch|p2a: Arceus|Arceus-Ground|49/100
|move|p1a: Ho-Oh|Flame Charge|p2a: Arceus
|-damage|p2a: Arceus|38/100
|-boost|p1a: Ho-Oh|spe|1
|
|upkeep
|turn|5
|
|t:|1657664402
|switch|p1a: Kommo-o|Kommo-o, M, shiny|100/100
|move|p2a: Arceus|Recover|p2a: Arceus
|-heal|p2a: Arceus|88/100
|
|upkeep
|turn|6
|
|t:|1657664407
|move|p2a: Arceus|Ice Beam|p1a: Kommo-o
|-supereffective|p1a: Kommo-o
|-damage|p1a: Kommo-o|41/100
|move|p1a: Kommo-o|Drain Punch|p2a: Arceus
|-damage|p2a: Arceus|70/100
|-heal|p1a: Kommo-o|55/100|[from] drain|[of] p2a: Arceus
|
|upkeep
|turn|7
|
|t:|1657664414
|move|p2a: Arceus|Recover|p2a: Arceus
|-heal|p2a: Arceus|100/100
|move|p1a: Kommo-o|Clanging Scales|p2a: Arceus
|-damage|p2a: Arceus|76/100
|-unboost|p1a: Kommo-o|def|1
|
|upkeep
|turn|8
|
|t:|1657664422
|move|p2a: Arceus|Judgment|p1a: Kommo-o
|-damage|p1a: Kommo-o|0 fnt
|faint|p1a: Kommo-o
|
|upkeep
|
|t:|1657664427
|switch|p1a: Calyrex|Calyrex-Ice|100/100
|-ability|p1a: Calyrex|As One
|-ability|p1a: Calyrex|Unnerve
|turn|9
|
|t:|1657664431
|switch|p2a: Ho-Oh|Ho-Oh|100/100
|move|p1a: Calyrex|Trick Room|p1a: Calyrex
|-fieldstart|move: Trick Room|[of] p1a: Calyrex
|
|upkeep
|turn|10
|
|t:|1657664435
|move|p1a: Calyrex|Glacial Lance|p2a: Ho-Oh
|-damage|p2a: Ho-Oh|53/100
|move|p2a: Ho-Oh|Whirlwind|p1a: Calyrex
|drag|p1a: Ho-Oh|Ho-Oh, shiny|100/100
|
|upkeep
|turn|11
|
|t:|1657664439
|move|p2a: Ho-Oh|Toxic|p1a: Ho-Oh
|-status|p1a: Ho-Oh|tox
|move|p1a: Ho-Oh|Brave Bird|p2a: Ho-Oh
|-damage|p2a: Ho-Oh|18/100
|-damage|p1a: Ho-Oh|89/100 tox|[from] Recoil
|
|-damage|p1a: Ho-Oh|82/100 tox|[from] psn
|upkeep
|turn|12
|
|t:|1657664442
|switch|p2a: Magearna|Magearna|100/100
|move|p1a: Ho-Oh|Brave Bird|p2a: Magearna
|-resisted|p2a: Magearna
|-damage|p2a: Magearna|77/100
|-damage|p1a: Ho-Oh|76/100 tox|[from] Recoil
|
|-heal|p2a: Magearna|83/100|[from] item: Leftovers
|-damage|p1a: Ho-Oh|63/100 tox|[from] psn
|upkeep
|turn|13
|
|t:|1657664448
|move|p2a: Magearna|Volt Switch|p1a: Ho-Oh
|-supereffective|p1a: Ho-Oh
|-damage|p1a: Ho-Oh|44/100 tox
|
|t:|1657664454
|switch|p2a: Necrozma|Necrozma-Dusk-Mane|100/100|[from]move: Volt Switch
|move|p1a: Ho-Oh|Flame Charge|p2a: Necrozma
|-supereffective|p2a: Necrozma
|-damage|p2a: Necrozma|72/100
|-boost|p1a: Ho-Oh|spe|1
|
|-damage|p1a: Ho-Oh|25/100 tox|[from] psn
|-fieldend|move: Trick Room
|upkeep
|turn|14
|
|t:|1657664463
|switch|p1a: Yveltal|Yveltal, shiny|100/100
|-ability|p1a: Yveltal|Dark Aura
|switch|p2a: Ho-Oh|Ho-Oh|51/100
|
|upkeep
|turn|15
|
|t:|1657664467
|move|p1a: Yveltal|Taunt|p2a: Ho-Oh
|-start|p2a: Ho-Oh|move: Taunt
|cant|p2a: Ho-Oh|move: Taunt|Toxic
|
|upkeep
|turn|16
|
|t:|1657664470
|move|p1a: Yveltal|Dark Pulse|p2a: Ho-Oh
|-damage|p2a: Ho-Oh|8/100
|-damage|p1a: Yveltal|91/100|[from] item: Life Orb
|move|p2a: Ho-Oh|Sacred Fire|p1a: Yveltal
|-damage|p1a: Yveltal|47/100
|
|upkeep
|turn|17
|
|t:|1657664476
|switch|p2a: Tyranitar|Tyranitar, M|100/100
|-weather|Sandstorm|[from] ability: Sand Stream|[of] p2a: Tyranitar
|move|p1a: Yveltal|Sucker Punch||[still]
|-fail|p1a: Yveltal
|
|-weather|Sandstorm|[upkeep]
|-damage|p1a: Yveltal|41/100|[from] Sandstorm
|upkeep
|turn|18
|
|t:|1657664481
|move|p1a: Yveltal|Oblivion Wing|p2a: Tyranitar
|-resisted|p2a: Tyranitar
|-damage|p2a: Tyranitar|88/100
|-heal|p1a: Yveltal|51/100|[from] drain|[of] p2a: Tyranitar
|-damage|p1a: Yveltal|41/100|[from] item: Life Orb
|move|p2a: Tyranitar|Foul Play|p1a: Yveltal
|-resisted|p1a: Yveltal
|-damage|p1a: Yveltal|14/100
|
|-weather|Sandstorm|[upkeep]
|-damage|p1a: Yveltal|8/100|[from] Sandstorm
|-heal|p2a: Tyranitar|94/100|[from] item: Leftovers
|upkeep
|turn|19
|
|t:|1657664486
|switch|p1a: Ho-Oh|Ho-Oh, shiny|58/100 tox
|move|p2a: Tyranitar|Foul Play|p1a: Ho-Oh
|-damage|p1a: Ho-Oh|24/100 tox
|
|-weather|Sandstorm|[upkeep]
|-damage|p1a: Ho-Oh|18/100 tox|[from] Sandstorm
|-heal|p2a: Tyranitar|99/100|[from] item: Leftovers
|-damage|p1a: Ho-Oh|11/100 tox|[from] psn
|upkeep
|turn|20
|
|t:|1657664493
|move|p1a: Ho-Oh|Recover|p1a: Ho-Oh
|-heal|p1a: Ho-Oh|61/100 tox
|move|p2a: Tyranitar|Pursuit|p1a: Ho-Oh
|-damage|p1a: Ho-Oh|48/100 tox
|
|-weather|Sandstorm|[upkeep]
|-damage|p1a: Ho-Oh|42/100 tox|[from] Sandstorm
|-heal|p2a: Tyranitar|100/100|[from] item: Leftovers
|-damage|p1a: Ho-Oh|29/100 tox|[from] psn
|upkeep
|turn|21
|
|t:|1657664497
|move|p1a: Ho-Oh|Recover|p1a: Ho-Oh
|-heal|p1a: Ho-Oh|79/100 tox
|move|p2a: Tyranitar|Rock Tomb|p1a: Ho-Oh
|-supereffective|p1a: Ho-Oh
|-damage|p1a: Ho-Oh|0 fnt
|faint|p1a: Ho-Oh
|
|-weather|none
|upkeep
|inactive|Wurfless has 120 seconds left.
|
|t:|1657664539
|switch|p1a: Calyrex|Calyrex-Ice|100/100
|-ability|p1a: Calyrex|As One
|-ability|p1a: Calyrex|Unnerve
|turn|22
|
|t:|1657664547
|move|p2a: Tyranitar|Foul Play|p1a: Calyrex
|-supereffective|p1a: Calyrex
|-damage|p1a: Calyrex|42/100
|move|p1a: Calyrex|Trick Room|p1a: Calyrex
|-fieldstart|move: Trick Room|[of] p1a: Calyrex
|
|-heal|p1a: Calyrex|49/100|[from] item: Leftovers
|upkeep
|turn|23
|
|t:|1657664550
|move|p1a: Calyrex|Glacial Lance|p2a: Tyranitar
|-damage|p2a: Tyranitar|50/100
|move|p2a: Tyranitar|Foul Play|p1a: Calyrex
|-supereffective|p1a: Calyrex
|-damage|p1a: Calyrex|0 fnt
|faint|p1a: Calyrex
|
|-heal|p2a: Tyranitar|56/100|[from] item: Leftovers
|upkeep
|
|t:|1657664558
|switch|p1a: Yveltal|Yveltal, shiny|8/100
|-ability|p1a: Yveltal|Dark Aura
|turn|24
|
|t:|1657664560
|move|p1a: Yveltal|Sucker Punch|p2a: Tyranitar
|-resisted|p2a: Tyranitar
|-damage|p2a: Tyranitar|37/100
|-damage|p1a: Yveltal|0 fnt|[from] item: Life Orb
|faint|p1a: Yveltal
|move|p2a: Tyranitar|Rock Tomb|p1: Yveltal|[notarget]
|-fail|p2a: Tyranitar
|
|-heal|p2a: Tyranitar|43/100|[from] item: Leftovers
|upkeep
|
|t:|1657664563
|switch|p1a: Regieleki|Regieleki|100/100
|turn|25
|-message|Wurfless forfeited.
|
|win|Chrisbensoo
|raw|Wurfless's rating: 1492 &rarr; <strong>1475</strong><br />(-17 for losing)
|raw|Chrisbensoo's rating: 1542 &rarr; <strong>1559</strong><br />(+17 for winning)
|l|☆Wurfless
|l| WBao
