|j|☆Obito 2001
|j|☆kasak
|t:|1668233346
|gametype|singles
|player|p1|Obito 2001|teamrocket|1918
|player|p2|kasak|youngster-gen4dp|1844
|teamsize|p1|6
|teamsize|p2|6
|gen|8
|tier|[Gen 8] National Dex AG
|rated|
|rule|HP Percentage Mod: HP is shown in percentages
|rule|Endless Battle Clause: Forcing endless battles is banned
|clearpoke
|poke|p1|Blaziken, M|
|poke|p1|Ditto|
|poke|p1|Necrozma-Dusk-Mane|
|poke|p1|Arceus-*|
|poke|p1|Yveltal|
|poke|p1|Arceus-*|
|poke|p2|Arceus-*|
|poke|p2|Ditto|
|poke|p2|Chansey, F|
|poke|p2|Lugia|
|poke|p2|Groudon|
|poke|p2|Sableye, F|
|teampreview
|inactive|Battle timer is ON: inactive players will automatically lose when time's up. (requested by Obito 2001)
|
|t:|1668233367
|start
|switch|p1a: Arceus|Arceus-Fairy|100/100
|switch|p2a: 깜까미|Sableye, F|100/100
|turn|1
|
|t:|1668233388
|switch|p2a: 럭키|Chansey, F|100/100
|move|p1a: Arceus|Judgment|p2a: 럭키
|-damage|p2a: 럭키|87/100
|
|upkeep
|turn|2
|
|t:|1668233397
|switch|p1a: Necrozma|Necrozma-Dusk-Mane|100/100
|switch|p2a: 깜까미|Sableye, F|100/100
|
|upkeep
|turn|3
|
|t:|1668233407
|switch|p1a: Blaziken|Blaziken, M|100/100
|detailschange|p2a: 깜까미|Sableye-Mega, F
|-mega|p2a: 깜까미|Sableye|Sablenite
|move|p2a: 깜까미|Snarl|p1a: Blaziken
|-resisted|p1a: Blaziken
|-damage|p1a: Blaziken|88/100
|-unboost|p1a: Blaziken|spa|1
|
|upkeep
|turn|4
|
|t:|1668233411
|switch|p2a: 루기아|Lugia|100/100
|detailschange|p1a: Blaziken|Blaziken-Mega, M
|-mega|p1a: Blaziken|Blaziken|Blazikenite
|move|p1a: Blaziken|Flare Blitz|p2a: 루기아
|-damage|p2a: 루기아|81/100
|-damage|p1a: Blaziken|72/100|[from] item: Rocky Helmet|[of] p2a: 루기아
|-damage|p1a: Blaziken|63/100|[from] Recoil
|
|-ability|p1a: Blaziken|Speed Boost|boost
|-boost|p1a: Blaziken|spe|1
|upkeep
|turn|5
|
|t:|1668233420
|move|p1a: Blaziken|Stone Edge|p2a: 루기아
|-supereffective|p2a: 루기아
|-damage|p2a: 루기아|39/100
|move|p2a: 루기아|Roost|p2a: 루기아
|-heal|p2a: 루기아|89/100
|-singleturn|p2a: 루기아|move: Roost
|
|-ability|p1a: Blaziken|Speed Boost|boost
|-boost|p1a: Blaziken|spe|1
|upkeep
|turn|6
|
|t:|1668233429
|switch|p1a: Necrozma|Necrozma-Dusk-Mane|100/100
|move|p2a: 루기아|Roost|p2a: 루기아
|-heal|p2a: 루기아|100/100
|-singleturn|p2a: 루기아|move: Roost
|
|upkeep
|turn|7
|
|t:|1668233434
|switch|p2a: 깜까미|Sableye-Mega, F|100/100
|switch|p1a: Arceus|Arceus-Fairy|100/100
|
|upkeep
|turn|8
|
|t:|1668233440
|switch|p2a: 럭키|Chansey, F|87/100
|move|p1a: Arceus|Stealth Rock|p2a: 럭키
|-sidestart|p2: kasak|move: Stealth Rock
|
|upkeep
|turn|9
|
|t:|1668233447
|switch|p1a: Yveltal|Yveltal, shiny|100/100
|-ability|p1a: Yveltal|Dark Aura
|move|p2a: 럭키|Wish|p2a: 럭키
|
|upkeep
|turn|10
|
|t:|1668233451
|move|p1a: Yveltal|Taunt|p2a: 럭키
|-start|p2a: 럭키|move: Taunt
|cant|p2a: 럭키|move: Taunt|Toxic
|
|-heal|p2a: 럭키|100/100|[from] move: Wish|[wisher] 럭키
|upkeep
|turn|11
|
|t:|1668233457
|switch|p1a: Arceus|Arceus-Fairy|100/100
|move|p2a: 럭키|Seismic Toss|p1a: Arceus
|-damage|p1a: Arceus|78/100
|
|upkeep
|turn|12
|
|t:|1668233460
|move|p1a: Arceus|Toxic|p2a: 럭키
|-status|p2a: 럭키|tox
|move|p2a: 럭키|Seismic Toss|p1a: Arceus
|-damage|p1a: Arceus|55/100
|
|-damage|p2a: 럭키|94/100 tox|[from] psn
|-end|p2a: 럭키|move: Taunt
|upkeep
|turn|13
|
|t:|1668233467
|switch|p1a: Necrozma|Necrozma-Dusk-Mane|100/100
|move|p2a: 럭키|Wish|p2a: 럭키
|
|-damage|p2a: 럭키|82/100 tox|[from] psn
|upkeep
|turn|14
|
|t:|1668233471
|switch|p1a: Arceus|Arceus-Fairy|55/100
|-curestatus|p2a: 럭키|tox|[from] ability: Natural Cure
|switch|p2a: 깜까미|Sableye-Mega, F|100/100
|-damage|p2a: 깜까미|88/100|[from] Stealth Rock
|
|-heal|p2a: 깜까미|100/100|[from] move: Wish|[wisher] 럭키
|upkeep
|turn|15
|
|t:|1668233477
|switch|p2a: 럭키|Chansey, F|82/100
|-damage|p2a: 럭키|69/100|[from] Stealth Rock
|move|p1a: Arceus|Recover|p1a: Arceus
|-heal|p1a: Arceus|100/100
|
|upkeep
|turn|16
|
|t:|1668233484
|switch|p1a: Yveltal|Yveltal, shiny|100/100
|-ability|p1a: Yveltal|Dark Aura
|switch|p2a: 깜까미|Sableye-Mega, F|100/100
|-damage|p2a: 깜까미|88/100|[from] Stealth Rock
|
|upkeep
|turn|17
|
|t:|1668233494
|switch|p1a: Blaziken|Blaziken-Mega, M|63/100
|switch|p2a: 악르세우스|Arceus-Fairy|100/100
|-damage|p2a: 악르세우스|88/100|[from] Stealth Rock
|
|upkeep
|turn|18
|
|t:|1668233499
|move|p1a: Blaziken|Protect|p1a: Blaziken
|-singleturn|p1a: Blaziken|Protect
|move|p2a: 악르세우스|Earth Power|p1a: Blaziken
|-activate|p1a: Blaziken|move: Protect
|
|-ability|p1a: Blaziken|Speed Boost|boost
|-boost|p1a: Blaziken|spe|1
|upkeep
|turn|19
|
|t:|1668233505
|switch|p1a: Arceus|Arceus-Fairy|100/100
|move|p2a: 악르세우스|Earth Power|p1a: Arceus
|-damage|p1a: Arceus|88/100
|
|upkeep
|turn|20
|
|t:|1668233514
|switch|p2a: 깜까미|Sableye-Mega, F|88/100
|-damage|p2a: 깜까미|75/100|[from] Stealth Rock
|move|p1a: Arceus|Judgment|p2a: 깜까미
|-supereffective|p2a: 깜까미
|-damage|p2a: 깜까미|0 fnt
|faint|p2a: 깜까미
|
|upkeep
|
|t:|1668233523
|switch|p2a: 루기아|Lugia|100/100
|-damage|p2a: 루기아|75/100|[from] Stealth Rock
|turn|21
|
|t:|1668233526
|move|p1a: Arceus|Toxic|p2a: 루기아|[miss]
|-miss|p1a: Arceus|p2a: 루기아
|move|p2a: 루기아|Toxic|p1a: Arceus
|-status|p1a: Arceus|tox
|
|-damage|p1a: Arceus|82/100 tox|[from] psn
|upkeep
|turn|22
|
|t:|1668233534
|switch|p1a: Blaziken|Blaziken-Mega, M|63/100
|switch|p2a: 럭키|Chansey, F|69/100
|-damage|p2a: 럭키|57/100|[from] Stealth Rock
|
|upkeep
|turn|23
|
|t:|1668233541
|move|p2a: 럭키|Protect|p2a: 럭키
|-singleturn|p2a: 럭키|Protect
|move|p1a: Blaziken|Stone Edge|p2a: 럭키
|-activate|p2a: 럭키|move: Protect
|
|-ability|p1a: Blaziken|Speed Boost|boost
|-boost|p1a: Blaziken|spe|1
|upkeep
|turn|24
|
|t:|1668233545
|switch|p2a: 루기아|Lugia|75/100
|-damage|p2a: 루기아|50/100|[from] Stealth Rock
|move|p1a: Blaziken|Close Combat|p2a: 루기아
|-resisted|p2a: 루기아
|-crit|p2a: 루기아
|-damage|p2a: 루기아|36/100
|-unboost|p1a: Blaziken|def|1
|-unboost|p1a: Blaziken|spd|1
|-damage|p1a: Blaziken|46/100|[from] item: Rocky Helmet|[of] p2a: 루기아
|
|-ability|p1a: Blaziken|Speed Boost|boost
|-boost|p1a: Blaziken|spe|1
|upkeep
|turn|25
|
|t:|1668233548
|move|p1a: Blaziken|Stone Edge|p2a: 루기아
|-supereffective|p2a: 루기아
|-crit|p2a: 루기아
|-damage|p2a: 루기아|0 fnt
|faint|p2a: 루기아
|
|-ability|p1a: Blaziken|Speed Boost|boost
|-boost|p1a: Blaziken|spe|1
|upkeep
|
|t:|1668233551
|switch|p2a: 메타몽|Ditto|100/100
|-damage|p2a: 메타몽|88/100|[from] Stealth Rock
|-transform|p2a: 메타몽|p1a: Blaziken|[from] ability: Imposter
|turn|26
|
|t:|1668233556
|move|p1a: Blaziken|Protect|p1a: Blaziken
|-singleturn|p1a: Blaziken|Protect
|move|p2a: 메타몽|Close Combat|p1a: Blaziken
|-activate|p1a: Blaziken|move: Protect
|
|-ability|p2a: 메타몽|Speed Boost|boost
|-boost|p2a: 메타몽|spe|1
|-ability|p1a: Blaziken|Speed Boost|boost
|-boost|p1a: Blaziken|spe|1
|upkeep
|turn|27
|
|t:|1668233561
|switch|p1a: Necrozma|Necrozma-Dusk-Mane|100/100
|move|p2a: 메타몽|Close Combat|p1a: Necrozma
|-damage|p1a: Necrozma|59/100
|-unboost|p2a: 메타몽|def|1
|-unboost|p2a: 메타몽|spd|1
|-damage|p2a: 메타몽|71/100|[from] item: Rocky Helmet|[of] p1a: Necrozma
|
|-ability|p2a: 메타몽|Speed Boost|boost
|-boost|p2a: 메타몽|spe|1
|upkeep
|turn|28
|
|t:|1668233566
|switch|p2a: 그란돈|Groudon|100/100
|-damage|p2a: 그란돈|94/100|[from] Stealth Rock
|detailschange|p2a: 그란돈|Groudon-Primal
|-primal|p2a: 그란돈
|-weather|DesolateLand|[from] ability: Desolate Land|[of] p2a: 그란돈
|move|p1a: Necrozma|Morning Sun|p1a: Necrozma
|-heal|p1a: Necrozma|100/100
|
|-weather|DesolateLand|[upkeep]
|upkeep
|turn|29
|
|t:|1668233571
|switch|p1a: Yveltal|Yveltal, shiny|100/100
|-ability|p1a: Yveltal|Dark Aura
|move|p2a: 그란돈|Rock Tomb|p1a: Yveltal
|-supereffective|p1a: Yveltal
|-damage|p1a: Yveltal|64/100
|-unboost|p1a: Yveltal|spe|1
|
|-weather|DesolateLand|[upkeep]
|upkeep
|turn|30
|
|t:|1668233577
|move|p2a: 그란돈|Rock Tomb|p1a: Yveltal
|-supereffective|p1a: Yveltal
|-damage|p1a: Yveltal|33/100
|-unboost|p1a: Yveltal|spe|1
|move|p1a: Yveltal|Foul Play|p2a: 그란돈
|-damage|p2a: 그란돈|46/100
|
|-weather|DesolateLand|[upkeep]
|upkeep
|turn|31
|
|t:|1668233587
|move|p1a: Yveltal|Sucker Punch|p2a: 그란돈
|-damage|p2a: 그란돈|25/100
|move|p2a: 그란돈|Fire Punch|p1a: Yveltal
|-damage|p1a: Yveltal|0 fnt
|faint|p1a: Yveltal
|
|-weather|DesolateLand|[upkeep]
|upkeep
|
|t:|1668233590
|switch|p1a: Ditto|Ditto, shiny|100/100
|-transform|p1a: Ditto|p2a: 그란돈|[from] ability: Imposter
|turn|32
|
|t:|1668233593
|move|p1a: Ditto|Precipice Blades|p2a: 그란돈
|-supereffective|p2a: 그란돈
|-damage|p2a: 그란돈|0 fnt
|faint|p2a: 그란돈
|
|-weather|DesolateLand|[upkeep]
|upkeep
|
|t:|1668233597
|switch|p2a: 악르세우스|Arceus-Fairy|88/100
|-damage|p2a: 악르세우스|76/100|[from] Stealth Rock
|turn|33
|
|t:|1668233601
|move|p2a: 악르세우스|Recover|p2a: 악르세우스
|-heal|p2a: 악르세우스|100/100
|move|p1a: Ditto|Precipice Blades|p2a: 악르세우스
|-damage|p2a: 악르세우스|38/100
|
|-weather|DesolateLand|[upkeep]
|upkeep
|turn|34
|
|t:|1668233607
|-weather|none
|switch|p1a: Necrozma|Necrozma-Dusk-Mane|100/100
|move|p2a: 악르세우스|Recover|p2a: 악르세우스
|-heal|p2a: 악르세우스|88/100
|
|upkeep
|turn|35
|
|t:|1668233613
|switch|p2a: 메타몽|Ditto|71/100
|-damage|p2a: 메타몽|59/100|[from] Stealth Rock
|-transform|p2a: 메타몽|p1a: Necrozma|[from] ability: Imposter
|move|p1a: Necrozma|Thunder Wave|p2a: 메타몽
|-status|p2a: 메타몽|par
|
|upkeep
|turn|36
|
|t:|1668233620
|switch|p1a: Arceus|Arceus-Fairy|82/100 tox
|move|p2a: 메타몽|Morning Sun|p2a: 메타몽
|-heal|p2a: 메타몽|100/100 par
|
|-damage|p1a: Arceus|76/100 tox|[from] psn
|upkeep
|turn|37
|
|t:|1668233628
|switch|p1a: Necrozma|Necrozma-Dusk-Mane|100/100
|switch|p2a: 럭키|Chansey, F|57/100
|-damage|p2a: 럭키|44/100|[from] Stealth Rock
|
|upkeep
|turn|38
|
|t:|1668233633
|move|p1a: Necrozma|Iron Head|p2a: 럭키
|-damage|p2a: 럭키|17/100
|cant|p2a: 럭키|flinch
|
|upkeep
|turn|39
|
|t:|1668233642
|move|p1a: Necrozma|Iron Head|p2a: 럭키
|-crit|p2a: 럭키
|-damage|p2a: 럭키|0 fnt
|faint|p2a: 럭키
|
|upkeep
|
|t:|1668233644
|switch|p2a: 악르세우스|Arceus-Fairy|88/100
|-damage|p2a: 악르세우스|75/100|[from] Stealth Rock
|turn|40
|
|t:|1668233647
|-start|p1a: Necrozma|Dynamax|
|-heal|p1a: Necrozma|100/100|[silent]
|move|p2a: 악르세우스|Calm Mind|p2a: 악르세우스
|-boost|p2a: 악르세우스|spa|1
|-boost|p2a: 악르세우스|spd|1
|move|p1a: Necrozma|Max Steelspike|p2a: 악르세우스
|-supereffective|p2a: 악르세우스
|-damage|p2a: 악르세우스|0 fnt
|-boost|p1a: Necrozma|def|1
|faint|p2a: 악르세우스
|
|upkeep
|-message|kasak forfeited.
|
|win|Obito 2001
|raw|Obito 2001's rating: 1918 &rarr; <strong>1934</strong><br />(+16 for winning)
|raw|kasak's rating: 1844 &rarr; <strong>1828</strong><br />(-16 for losing)
|l|☆kasak
