|j|☆otpteemotiamat
|j|☆DarkboiJ
|t:|1665949547
|gametype|singles
|player|p1|otpteemotiamat|guitarist|1824
|player|p2|DarkboiJ|blue-gen3two|1831
|teamsize|p1|6
|teamsize|p2|6
|gen|8
|tier|[Gen 8] National Dex AG
|rated|
|rule|HP Percentage Mod: HP is shown in percentages
|rule|Endless Battle Clause: Forcing endless battles is banned
|clearpoke
|poke|p1|Chansey, F|
|poke|p1|Quagsire, F|
|poke|p1|Zygarde|
|poke|p1|Toxapex, F|
|poke|p1|Ho-Oh|
|poke|p1|Tyranitar, F|
|poke|p2|Arceus-*|
|poke|p2|Kyogre|
|poke|p2|Groudon|
|poke|p2|Ditto|
|poke|p2|Rayquaza|
|poke|p2|Arceus-*|
|teampreview
|inactive|Battle timer is ON: inactive players will automatically lose when time's up. (requested by DarkboiJ)
|
|t:|1665949561
|start
|switch|p1a: Tyranitar|Tyranitar, F|100/100
|switch|p2a: Stall clapper|Kyogre|100/100
|-weather|Sandstorm|[from] ability: Sand Stream|[of] p1a: Tyranitar
|detailschange|p2a: Stall clapper|Kyogre-Primal
|-primal|p2a: Stall clapper
|-weather|PrimordialSea|[from] ability: Primordial Sea|[of] p2a: Stall clapper
|turn|1
|j| Buck X
|
|t:|1665949569
|switch|p1a: Chansey|Chansey, F|100/100
|move|p2a: Stall clapper|Water Spout|p1a: Chansey
|-damage|p1a: Chansey|64/100
|
|-weather|PrimordialSea|[upkeep]
|upkeep
|turn|2
|
|t:|1665949574
|move|p2a: Stall clapper|Liquidation|p1a: Chansey
|-damage|p1a: Chansey|15/100
|move|p1a: Chansey|Soft-Boiled|p1a: Chansey
|-heal|p1a: Chansey|65/100
|
|-weather|PrimordialSea|[upkeep]
|upkeep
|turn|3
|
|t:|1665949580
|move|p2a: Stall clapper|Liquidation|p1a: Chansey
|-damage|p1a: Chansey|18/100
|move|p1a: Chansey|Soft-Boiled|p1a: Chansey
|-heal|p1a: Chansey|68/100
|
|-weather|PrimordialSea|[upkeep]
|upkeep
|turn|4
|
|t:|1665949583
|move|p2a: Stall clapper|Liquidation|p1a: Chansey
|-damage|p1a: Chansey|22/100
|-unboost|p1a: Chansey|def|1
|move|p1a: Chansey|Soft-Boiled|p1a: Chansey
|-heal|p1a: Chansey|72/100
|
|-weather|PrimordialSea|[upkeep]
|upkeep
|turn|5
|c| Buck X|ur wasting ur time dude
|c| Buck X|ur not gonna snipe me
|
|t:|1665949607
|move|p2a: Stall clapper|Liquidation|p1a: Chansey
|-damage|p1a: Chansey|5/100
|move|p1a: Chansey|Soft-Boiled|p1a: Chansey
|-heal|p1a: Chansey|55/100
|
|-weather|PrimordialSea|[upkeep]
|upkeep
|turn|6
|
|t:|1665949614
|move|p2a: Stall clapper|Liquidation|p1a: Chansey
|-damage|p1a: Chansey|0 fnt
|faint|p1a: Chansey
|
|-weather|PrimordialSea|[upkeep]
|upkeep
|
|t:|1665949618
|switch|p1a: Toxapex|Toxapex, F|100/100
|turn|7
|
|t:|1665949625
|-weather|none
|switch|p2a: Stall=noob|Groudon|100/100
|detailschange|p2a: Stall=noob|Groudon-Primal
|-primal|p2a: Stall=noob
|-weather|DesolateLand|[from] ability: Desolate Land|[of] p2a: Stall=noob
|move|p1a: Toxapex|Toxic|p2a: Stall=noob
|-status|p2a: Stall=noob|tox
|
|-weather|DesolateLand|[upkeep]
|-damage|p2a: Stall=noob|94/100 tox|[from] psn
|upkeep
|turn|8
|
|t:|1665949632
|switch|p1a: Zygarde|Zygarde|100/100
|move|p2a: Stall=noob|Eruption|p1a: Zygarde
|-resisted|p1a: Zygarde
|-damage|p1a: Zygarde|51/100
|
|-weather|DesolateLand|[upkeep]
|-heal|p1a: Zygarde|57/100|[from] item: Leftovers
|-damage|p2a: Stall=noob|82/100 tox|[from] psn
|upkeep
|turn|9
|
|t:|1665949642
|move|p2a: Stall=noob|Hidden Power|p1a: Zygarde
|-supereffective|p1a: Zygarde
|-damage|p1a: Zygarde|0 fnt
|faint|p1a: Zygarde
|
|-weather|DesolateLand|[upkeep]
|-damage|p2a: Stall=noob|64/100 tox|[from] psn
|upkeep
|
|t:|1665949662
|switch|p1a: Quagsire|Quagsire, F|100/100
|turn|10
|
|t:|1665949678
|-weather|none
|switch|p2a: Stall clapper|Kyogre-Primal|100/100
|-weather|PrimordialSea|[from] ability: Primordial Sea|[of] p2a: Stall clapper
|move|p1a: Quagsire|Recover||[still]
|-fail|p1a: Quagsire|heal
|
|-weather|PrimordialSea|[upkeep]
|upkeep
|turn|11
|
|t:|1665949687
|-start|p1a: Quagsire|Dynamax|
|-heal|p1a: Quagsire|100/100|[silent]
|move|p2a: Stall clapper|Water Spout|p1a: Quagsire
|-damage|p1a: Quagsire|10/100
|move|p1a: Quagsire|Max Quake|p2a: Stall clapper
|-crit|p2a: Stall clapper
|-damage|p2a: Stall clapper|40/100
|-boost|p1a: Quagsire|spd|1
|
|-weather|PrimordialSea|[upkeep]
|upkeep
|turn|12
|
|t:|1665949693
|-end|p1a: Quagsire|Dynamax
|-heal|p1a: Quagsire|10/100|[silent]
|switch|p1a: Toxapex|Toxapex, F|100/100
|move|p2a: Stall clapper|Surf|p1a: Toxapex
|-resisted|p1a: Toxapex
|-damage|p1a: Toxapex|64/100
|
|-weather|PrimordialSea|[upkeep]
|-heal|p1a: Toxapex|70/100|[from] item: Black Sludge
|upkeep
|turn|13
|
|t:|1665949699
|-weather|none
|switch|p2a: Stall=noob|Groudon-Primal|64/100 tox
|-weather|DesolateLand|[from] ability: Desolate Land|[of] p2a: Stall=noob
|move|p1a: Toxapex|Recover|p1a: Toxapex
|-heal|p1a: Toxapex|100/100
|
|-weather|DesolateLand|[upkeep]
|-damage|p2a: Stall=noob|57/100 tox|[from] psn
|upkeep
|turn|14
|
|t:|1665949708
|switch|p1a: Ho-Oh|Ho-Oh|100/100
|move|p2a: Stall=noob|Precipice Blades|p1a: Ho-Oh
|-immune|p1a: Ho-Oh
|
|-weather|DesolateLand|[upkeep]
|-damage|p2a: Stall=noob|45/100 tox|[from] psn
|upkeep
|turn|15
|
|t:|1665949727
|switch|p1a: Toxapex|Toxapex, F|100/100
|move|p2a: Stall=noob|Rock Slide|p1a: Toxapex
|-damage|p1a: Toxapex|80/100
|
|-weather|DesolateLand|[upkeep]
|-heal|p1a: Toxapex|87/100|[from] item: Black Sludge
|-damage|p2a: Stall=noob|27/100 tox|[from] psn
|upkeep
|turn|16
|
|t:|1665949736
|move|p2a: Stall=noob|Precipice Blades|p1a: Toxapex
|-supereffective|p1a: Toxapex
|-damage|p1a: Toxapex|3/100
|move|p1a: Toxapex|Recover|p1a: Toxapex
|-heal|p1a: Toxapex|53/100
|
|-weather|DesolateLand|[upkeep]
|-heal|p1a: Toxapex|59/100|[from] item: Black Sludge
|-damage|p2a: Stall=noob|2/100 tox|[from] psn
|upkeep
|turn|17
|
|t:|1665949742
|move|p2a: Stall=noob|Rock Slide|p1a: Toxapex
|-damage|p1a: Toxapex|40/100
|move|p1a: Toxapex|Recover|p1a: Toxapex
|-heal|p1a: Toxapex|90/100
|
|-weather|DesolateLand|[upkeep]
|-heal|p1a: Toxapex|97/100|[from] item: Black Sludge
|-damage|p2a: Stall=noob|0 fnt|[from] psn
|faint|p2a: Stall=noob
|-weather|none
|upkeep
|
|t:|1665949744
|switch|p2a: Stall killer|Rayquaza|100/100
|-ability|p2a: Stall killer|Air Lock
|turn|18
|
|t:|1665949752
|switch|p1a: Quagsire|Quagsire, F|10/100
|detailschange|p2a: Stall killer|Rayquaza-Mega
|-mega|p2a: Stall killer|Rayquaza|
|-weather|DeltaStream|[from] ability: Delta Stream|[of] p2a: Stall killer
|move|p2a: Stall killer|Draco Meteor|p1a: Quagsire
|-damage|p1a: Quagsire|0 fnt
|-unboost|p2a: Stall killer|spa|2
|faint|p1a: Quagsire
|-damage|p2a: Stall killer|91/100|[from] item: Life Orb
|
|-weather|DeltaStream|[upkeep]
|upkeep
|
|t:|1665949753
|switch|p1a: Ho-Oh|Ho-Oh|100/100
|turn|19
|
|t:|1665949757
|-weather|none
|switch|p2a: Stall clapper|Kyogre-Primal|40/100
|-weather|PrimordialSea|[from] ability: Primordial Sea|[of] p2a: Stall clapper
|move|p1a: Ho-Oh|Sacred Fire||[still]
|-fail|p1a: Ho-Oh|Sacred Fire|[from] Primordial Sea
|
|-weather|PrimordialSea|[upkeep]
|upkeep
|turn|20
|
|t:|1665949765
|-weather|none
|switch|p2a: Stall killer|Rayquaza-Mega|91/100
|-weather|DeltaStream|[from] ability: Delta Stream|[of] p2a: Stall killer
|switch|p1a: Toxapex|Toxapex, F|100/100
|
|-weather|DeltaStream|[upkeep]
|upkeep
|turn|21
|
|t:|1665949770
|move|p2a: Stall killer|Draco Meteor|p1a: Toxapex
|-damage|p1a: Toxapex|26/100
|-unboost|p2a: Stall killer|spa|2
|-damage|p2a: Stall killer|81/100|[from] item: Life Orb
|move|p1a: Toxapex|Scald|p2a: Stall killer
|-resisted|p2a: Stall killer
|-damage|p2a: Stall killer|74/100
|-status|p2a: Stall killer|brn
|
|-weather|DeltaStream|[upkeep]
|-heal|p1a: Toxapex|32/100|[from] item: Black Sludge
|-damage|p2a: Stall killer|68/100 brn|[from] brn
|upkeep
|turn|22
|c| Buck X|ah there we go
|
|t:|1665949782
|-weather|none
|switch|p2a: Arceus|Arceus-Fairy|100/100
|switch|p1a: Ho-Oh|Ho-Oh|100/100
|
|upkeep
|turn|23
|
|t:|1665949808
|move|p2a: Arceus|Stealth Rock|p1a: Ho-Oh
|-sidestart|p1: otpteemotiamat|move: Stealth Rock
|move|p1a: Ho-Oh|Toxic|p2a: Arceus
|-status|p2a: Arceus|tox
|
|-damage|p2a: Arceus|94/100 tox|[from] psn
|upkeep
|turn|24
|
|t:|1665949813
|move|p2a: Arceus|Toxic|p1a: Ho-Oh
|-status|p1a: Ho-Oh|tox
|move|p1a: Ho-Oh|Defog|p2a: Arceus
|-unboost|p2a: Arceus|evasion|1
|-sideend|p1: otpteemotiamat|Stealth Rock|[from] move: Defog|[of] p1a: Ho-Oh
|
|-damage|p2a: Arceus|82/100 tox|[from] psn
|-damage|p1a: Ho-Oh|94/100 tox|[from] psn
|upkeep
|turn|25
|
|t:|1665949819
|move|p2a: Arceus|Stealth Rock|p1a: Ho-Oh
|-sidestart|p1: otpteemotiamat|move: Stealth Rock
|move|p1a: Ho-Oh|Sacred Fire|p2a: Arceus
|-damage|p2a: Arceus|52/100 tox
|
|-damage|p2a: Arceus|33/100 tox|[from] psn
|-damage|p1a: Ho-Oh|82/100 tox|[from] psn
|upkeep
|turn|26
|
|t:|1665949823
|switch|p2a: Stall clapper|Kyogre-Primal|40/100
|-weather|PrimordialSea|[from] ability: Primordial Sea|[of] p2a: Stall clapper
|move|p1a: Ho-Oh|Defog|p2a: Stall clapper
|-unboost|p2a: Stall clapper|evasion|1
|-sideend|p1: otpteemotiamat|Stealth Rock|[from] move: Defog|[of] p1a: Ho-Oh
|
|-weather|PrimordialSea|[upkeep]
|-damage|p1a: Ho-Oh|64/100 tox|[from] psn
|upkeep
|turn|27
|
|t:|1665949831
|-weather|none
|switch|p2a: Arceus|Arceus|100/100
|switch|p1a: Toxapex|Toxapex, F|65/100
|
|-heal|p1a: Toxapex|72/100|[from] item: Black Sludge
|upkeep
|turn|28
|
|t:|1665949834
|move|p2a: Arceus|Swords Dance|p2a: Arceus
|-boost|p2a: Arceus|atk|2
|move|p1a: Toxapex|Knock Off|p2a: Arceus
|-damage|p2a: Arceus|90/100
|-enditem|p2a: Arceus|Lum Berry|[from] move: Knock Off|[of] p1a: Toxapex
|
|-heal|p1a: Toxapex|78/100|[from] item: Black Sludge
|upkeep
|turn|29
|
|t:|1665949842
|switch|p1a: Ho-Oh|Ho-Oh|98/100 tox
|-start|p2a: Arceus|Dynamax|
|-heal|p2a: Arceus|90/100|[silent]
|move|p2a: Arceus|Max Strike|p1a: Ho-Oh
|-damage|p1a: Ho-Oh|10/100 tox
|-unboost|p1a: Ho-Oh|spe|1
|
|-damage|p1a: Ho-Oh|4/100 tox|[from] psn
|upkeep
|turn|30
|
|t:|1665949847
|switch|p1a: Toxapex|Toxapex, F|100/100
|move|p2a: Arceus|Max Phantasm|p1a: Toxapex
|-crit|p1a: Toxapex
|-damage|p1a: Toxapex|19/100
|-unboost|p1a: Toxapex|def|1
|
|-heal|p1a: Toxapex|25/100|[from] item: Black Sludge
|upkeep
|turn|31
|
|t:|1665949854
|switch|p1a: Tyranitar|Tyranitar, F|100/100
|-weather|Sandstorm|[from] ability: Sand Stream|[of] p1a: Tyranitar
|move|p2a: Arceus|Max Phantasm|p1a: Tyranitar
|-resisted|p1a: Tyranitar
|-damage|p1a: Tyranitar|69/100
|-unboost|p1a: Tyranitar|def|1
|
|-weather|Sandstorm|[upkeep]
|-damage|p2a: Arceus|87/100|[from] Sandstorm
|upkeep
|-end|p2a: Arceus|Dynamax
|-heal|p2a: Arceus|87/100|[silent]
|turn|32
|j| Enjoy Enjoy 2
|j| 0nnee
|inactive|otpteemotiamat has 120 seconds left.
|
|t:|1665949891
|move|p2a: Arceus|Extreme Speed|p1a: Tyranitar
|-resisted|p1a: Tyranitar
|-damage|p1a: Tyranitar|22/100
|move|p1a: Tyranitar|Foul Play|p2a: Arceus
|-damage|p2a: Arceus|16/100
|
|-weather|Sandstorm|[upkeep]
|-damage|p2a: Arceus|10/100|[from] Sandstorm
|upkeep
|turn|33
|inactive|otpteemotiamat has 120 seconds left.
|
|t:|1665949902
|switch|p1a: Ho-Oh|Ho-Oh|37/100 tox
|move|p2a: Arceus|Extreme Speed|p1a: Ho-Oh
|-damage|p1a: Ho-Oh|0 fnt
|faint|p1a: Ho-Oh
|
|-weather|Sandstorm|[upkeep]
|-damage|p2a: Arceus|4/100|[from] Sandstorm
|upkeep
|inactive|otpteemotiamat has 120 seconds left.
|c|☆otpteemotiamat|gg
|-message|otpteemotiamat forfeited.
|
|win|DarkboiJ
|raw|otpteemotiamat's rating: 1824 &rarr; <strong>1804</strong><br />(-20 for losing)
|raw|DarkboiJ's rating: 1831 &rarr; <strong>1851</strong><br />(+20 for winning)
|c|☆DarkboiJ|Gg
|l| 0nnee
|l|☆DarkboiJ
