|j|☆SkillIssueObv
|j|☆Fly Milk
|t:|1662207516
|gametype|singles
|player|p1|SkillIssueObv|pokemaniac|1408
|player|p2|Fly Milk|elesa-masters|1510
|teamsize|p1|6
|teamsize|p2|6
|gen|8
|tier|[Gen 8] National Dex AG
|rated|
|rule|HP Percentage Mod: HP is shown in percentages
|rule|Endless Battle Clause: Forcing endless battles is banned
|clearpoke
|poke|p1|Darmanitan-Galar, M|
|poke|p1|Dragapult, M|
|poke|p1|Ferrothorn, F|
|poke|p1|Tapu Fini|
|poke|p1|Venusaur, F|
|poke|p1|Greninja, M|
|poke|p2|Rayquaza|
|poke|p2|Zacian-*|
|poke|p2|Ditto|
|poke|p2|Deoxys-Speed|
|poke|p2|Xerneas-*|
|poke|p2|Necrozma-Dusk-Mane|
|teampreview
|inactive|Battle timer is ON: inactive players will automatically lose when time's up. (requested by Fly Milk)
|
|t:|1662207528
|start
|switch|p1a: Greninja|Greninja, M|100/100
|switch|p2a: Deoxys|Deoxys-Speed|100/100
|-ability|p2a: Deoxys|Pressure
|turn|1
|
|t:|1662207536
|move|p1a: Greninja|Water Shuriken|p2a: Deoxys
|-damage|p2a: Deoxys|87/100
|-damage|p2a: Deoxys|75/100
|-damage|p2a: Deoxys|64/100
|-damage|p2a: Deoxys|51/100
|-damage|p2a: Deoxys|38/100
|-hitcount|p2a: Deoxys|5
|move|p2a: Deoxys|Taunt|p1a: Greninja
|-start|p1a: Greninja|move: Taunt
|
|upkeep
|turn|2
|
|t:|1662207544
|switch|p2a: Zacian|Zacian-Crowned|100/100
|-ability|p2a: Zacian|Intrepid Sword|boost
|-boost|p2a: Zacian|atk|1
|move|p1a: Greninja|Water Shuriken|p2a: Zacian
|-damage|p2a: Zacian|91/100
|-damage|p2a: Zacian|82/100
|-hitcount|p2a: Zacian|2
|
|upkeep
|turn|3
|
|t:|1662207550
|switch|p1a: Tapu Fini|Tapu Fini|100/100
|-fieldstart|move: Misty Terrain|[from] ability: Misty Surge|[of] p1a: Tapu Fini
|move|p2a: Zacian|Close Combat|p1a: Tapu Fini
|-resisted|p1a: Tapu Fini
|-damage|p1a: Tapu Fini|65/100
|-unboost|p2a: Zacian|def|1
|-unboost|p2a: Zacian|spd|1
|
|-heal|p1a: Tapu Fini|71/100|[from] item: Leftovers
|upkeep
|turn|4
|
|t:|1662207552
|move|p2a: Zacian|Wild Charge|p1a: Tapu Fini
|-supereffective|p1a: Tapu Fini
|-damage|p1a: Tapu Fini|0 fnt
|faint|p1a: Tapu Fini
|-damage|p2a: Zacian|63/100|[from] Recoil
|
|upkeep
|
|t:|1662207570
|switch|p1a: Venusaur|Venusaur, F|100/100
|turn|5
|
|t:|1662207574
|detailschange|p1a: Venusaur|Venusaur-Mega, F
|-mega|p1a: Venusaur|Venusaur|Venusaurite
|move|p2a: Zacian|Behemoth Blade|p1a: Venusaur
|-damage|p1a: Venusaur|40/100
|move|p1a: Venusaur|Earth Power|p2a: Zacian
|-supereffective|p2a: Zacian
|-damage|p2a: Zacian|0 fnt
|faint|p2a: Zacian
|
|upkeep
|
|t:|1662207581
|switch|p2a: Deoxys|Deoxys-Speed|38/100
|-ability|p2a: Deoxys|Pressure
|turn|6
|
|t:|1662207585
|switch|p1a: Greninja|Greninja, M|100/100
|move|p2a: Deoxys|Psycho Boost|p1a: Greninja
|-immune|p1a: Greninja
|
|upkeep
|turn|7
|
|t:|1662207589
|move|p1a: Greninja|Water Shuriken|p2a: Deoxys
|-damage|p2a: Deoxys|24/100
|-damage|p2a: Deoxys|11/100
|-damage|p2a: Deoxys|0 fnt
|faint|p2a: Deoxys
|-activate|p1a: Greninja|ability: Battle Bond
|detailschange|p1a: Greninja|Greninja-Ash, M
|-hitcount|p2: Deoxys|3
|
|-fieldend|Misty Terrain
|upkeep
|
|t:|1662207592
|switch|p2a: Xerneas|Xerneas|100/100
|-ability|p2a: Xerneas|Fairy Aura
|turn|8
|
|t:|1662207600
|-start|p1a: Greninja|Dynamax|
|-heal|p1a: Greninja|100/100|[silent]
|move|p1a: Greninja|Max Geyser|p2a: Xerneas
|-damage|p2a: Xerneas|42/100
|-weather|RainDance
|move|p2a: Xerneas|Geomancy||[still]
|-prepare|p2a: Xerneas|Geomancy
|-enditem|p2a: Xerneas|Power Herb
|-anim|p2a: Xerneas|Geomancy|p2a: Xerneas
|-boost|p2a: Xerneas|spa|2
|-boost|p2a: Xerneas|spd|2
|-boost|p2a: Xerneas|spe|2
|
|-weather|RainDance|[upkeep]
|upkeep
|turn|9
|
|t:|1662207609
|-start|p2a: Xerneas|Dynamax|
|-heal|p2a: Xerneas|42/100|[silent]
|move|p1a: Greninja|Max Guard|p1a: Greninja
|-singleturn|p1a: Greninja|Max Guard
|move|p2a: Xerneas|Max Starfall|p1a: Greninja
|-activate|p1a: Greninja|move: Max Guard
|
|-weather|RainDance|[upkeep]
|upkeep
|turn|10
|
|t:|1662207623
|-end|p1a: Greninja|Dynamax
|-heal|p1a: Greninja|100/100|[silent]
|switch|p1a: Venusaur|Venusaur-Mega, F|40/100
|move|p2a: Xerneas|Max Starfall|p1a: Venusaur
|-resisted|p1a: Venusaur
|-damage|p1a: Venusaur|0 fnt
|-fieldstart|move: Misty Terrain
|faint|p1a: Venusaur
|
|-weather|RainDance|[upkeep]
|upkeep
|
|t:|1662207628
|switch|p1a: Ferrothorn|Ferrothorn, F|100/100
|turn|11
|
|t:|1662207630
|move|p2a: Xerneas|Max Flare|p1a: Ferrothorn
|-supereffective|p1a: Ferrothorn
|-damage|p1a: Ferrothorn|1/100
|-weather|SunnyDay
|move|p1a: Ferrothorn|Gyro Ball|p2a: Xerneas
|-supereffective|p2a: Xerneas
|-damage|p2a: Xerneas|0 fnt
|faint|p2a: Xerneas
|
|-weather|SunnyDay|[upkeep]
|-heal|p1a: Ferrothorn|7/100|[from] item: Leftovers
|upkeep
|
|t:|1662207640
|switch|p2a: Necrozma|Necrozma-Dusk-Mane|100/100
|turn|12
|
|t:|1662207650
|move|p2a: Necrozma|Photon Geyser|p1a: Ferrothorn
|-resisted|p1a: Ferrothorn
|-crit|p1a: Ferrothorn
|-damage|p1a: Ferrothorn|0 fnt
|faint|p1a: Ferrothorn
|
|-weather|SunnyDay|[upkeep]
|upkeep
|
|t:|1662207660
|switch|p1a: Dragapult|Dragapult, M|100/100
|turn|13
|
|t:|1662207673
|detailschange|p2a: Necrozma|Necrozma-Ultra
|-burst|p2a: Necrozma|Necrozma|Ultranecrozium Z
|move|p1a: Dragapult|Substitute|p1a: Dragapult
|-start|p1a: Dragapult|Substitute
|-damage|p1a: Dragapult|76/100
|move|p2a: Necrozma|Photon Geyser|p1a: Dragapult
|-end|p1a: Dragapult|Substitute
|
|-weather|SunnyDay|[upkeep]
|upkeep
|turn|14
|
|t:|1662207693
|-zpower|p1a: Dragapult
|move|p1a: Dragapult|Never-Ending Nightmare|p2a: Necrozma|[zeffect]
|-supereffective|p2a: Necrozma
|-damage|p2a: Necrozma|0 fnt
|faint|p2a: Necrozma
|
|-weather|SunnyDay|[upkeep]
|-fieldend|Misty Terrain
|upkeep
|inactive|Fly Milk has 120 seconds left.
|
|t:|1662207731
|switch|p2a: Ditto|Ditto|100/100
|-transform|p2a: Ditto|p1a: Dragapult|[from] ability: Imposter
|turn|15
|
|t:|1662207749
|move|p2a: Ditto|Dragon Darts|p1a: Dragapult
|-supereffective|p1a: Dragapult
|-damage|p1a: Dragapult|2/100
|-anim|p2a: Ditto|Dragon Darts|p1a: Dragapult
|-supereffective|p1a: Dragapult
|-damage|p1a: Dragapult|0 fnt
|faint|p1a: Dragapult
|
|-weather|none
|upkeep
|
|t:|1662207755
|switch|p1a: Greninja|Greninja-Ash, M|100/100
|turn|16
|
|t:|1662207759
|move|p2a: Ditto|Dragon Darts|p1a: Greninja
|-damage|p1a: Greninja|58/100
|-anim|p2a: Ditto|Dragon Darts|p1a: Greninja
|-damage|p1a: Greninja|13/100
|move|p1a: Greninja|Dark Pulse|p2a: Ditto
|-supereffective|p2a: Ditto
|-damage|p2a: Ditto|0 fnt
|faint|p2a: Ditto
|
|upkeep
|
|t:|1662207761
|switch|p2a: Rayquaza|Rayquaza|100/100
|-ability|p2a: Rayquaza|Air Lock
|turn|17
|
|t:|1662207769
|detailschange|p2a: Rayquaza|Rayquaza-Mega
|-mega|p2a: Rayquaza|Rayquaza|
|-weather|DeltaStream|[from] ability: Delta Stream|[of] p2a: Rayquaza
|move|p2a: Rayquaza|Extreme Speed|p1a: Greninja
|-damage|p1a: Greninja|0 fnt
|faint|p1a: Greninja
|
|-weather|DeltaStream|[upkeep]
|upkeep
|
|t:|1662207773
|switch|p1a: Darmanitan|Darmanitan-Galar, M|100/100
|turn|18
|
|t:|1662207775
|move|p2a: Rayquaza|Extreme Speed|p1a: Darmanitan
|-damage|p1a: Darmanitan|22/100
|-enditem|p1a: Darmanitan|Salac Berry|[eat]
|-boost|p1a: Darmanitan|spe|1|[from] item: Salac Berry
|move|p1a: Darmanitan|Ice Punch|p2a: Rayquaza
|-activate||deltastream
|-supereffective|p2a: Rayquaza
|-crit|p2a: Rayquaza
|-damage|p2a: Rayquaza|0 fnt
|faint|p2a: Rayquaza
|-weather|none
|
|win|SkillIssueObv
|raw|SkillIssueObv's rating: 1408 &rarr; <strong>1434</strong><br />(+26 for winning)
|raw|Fly Milk's rating: 1510 &rarr; <strong>1484</strong><br />(-26 for losing)
|c|☆SkillIssueObv|gg
|l|☆Fly Milk
||Ladder isn't responding, score probably updated but might not have (Request timeout).
