|j|☆mega vacil
|j|☆test3721
|t:|1598836890
|player|p1|mega vacil|1|1723
|player|p2|test3721|1|1597
|teamsize|p1|6
|teamsize|p2|6
|gametype|singles
|gen|8
|tier|[Gen 8] National Dex AG
|rated|
|clearpoke
|poke|p1|Groudon|
|poke|p1|Groudon|
|poke|p1|Arceus-*|
|poke|p1|Lugia|
|poke|p1|Rayquaza|
|poke|p1|Necrozma-Dusk-Mane|
|poke|p2|Deoxys-Attack|
|poke|p2|Deoxys-Attack|
|poke|p2|Weavile, F|
|poke|p2|Marshadow|
|poke|p2|Landorus-Therian, M|
|poke|p2|Necrozma-Dusk-Mane|
|rule|HP Percentage Mod: HP is shown in percentages
|rule|Endless Battle Clause: Forcing endless battles is banned
|teampreview
|
|t:|1598836905
|start
|switch|p1a: Necrozma|Necrozma-Dusk-Mane|100/100
|switch|p2a: Weavile|Weavile, F|100/100
|-ability|p2a: Weavile|Pressure
|turn|1
|
|t:|1598836915
|switch|p1a: Arceus|Arceus-Fairy|100/100
|move|p2a: Weavile|Beat Up|p1a: Arceus
|-resisted|p1a: Arceus
|-damage|p1a: Arceus|98/100
|-resisted|p1a: Arceus
|-damage|p1a: Arceus|94/100
|-resisted|p1a: Arceus
|-damage|p1a: Arceus|90/100
|-resisted|p1a: Arceus
|-damage|p1a: Arceus|87/100
|-resisted|p1a: Arceus
|-damage|p1a: Arceus|85/100
|-resisted|p1a: Arceus
|-damage|p1a: Arceus|81/100
|-hitcount|p1a: Arceus|6
|
|upkeep
|turn|2
|
|t:|1598836928
|move|p2a: Weavile|Beat Up|p1a: Arceus
|-resisted|p1a: Arceus
|-damage|p1a: Arceus|78/100
|-resisted|p1a: Arceus
|-damage|p1a: Arceus|74/100
|-resisted|p1a: Arceus
|-damage|p1a: Arceus|71/100
|-resisted|p1a: Arceus
|-damage|p1a: Arceus|68/100
|-resisted|p1a: Arceus
|-damage|p1a: Arceus|65/100
|-resisted|p1a: Arceus
|-damage|p1a: Arceus|61/100
|-hitcount|p1a: Arceus|6
|cant|p1a: Arceus|flinch
|
|upkeep
|turn|3
|inactive|Battle timer is ON: inactive players will automatically lose when time's up. (requested by test3721)
|
|t:|1598836973
|switch|p2a: Necrozma|Necrozma-Dusk-Mane|100/100
|move|p1a: Arceus|Recover|p1a: Arceus
|-heal|p1a: Arceus|100/100
|
|upkeep
|turn|4
|
|t:|1598836986
|switch|p1a: Necrozma|Necrozma-Dusk-Mane|100/100
|move|p2a: Necrozma|Stealth Rock|p1a: Necrozma
|-sidestart|p1: mega vacil|move: Stealth Rock
|
|upkeep
|turn|5
|
|t:|1598837003
|switch|p2a: Landorus|Landorus-Therian, M|100/100
|-ability|p2a: Landorus|Intimidate|boost
|-unboost|p1a: Necrozma|atk|1
|move|p1a: Necrozma|Stealth Rock|p2a: Landorus
|-sidestart|p2: test3721|move: Stealth Rock
|
|upkeep
|turn|6
|
|t:|1598837028
|switch|p1a: Lugia|Lugia|100/100
|move|p2a: Landorus|Defog|p1a: Lugia
|-unboost|p1a: Lugia|evasion|1
|-sideend|p1: mega vacil|Stealth Rock|[from] move: Defog|[of] p2a: Landorus
|-sideend|p2: test3721|Stealth Rock|[from] move: Defog|[of] p2a: Landorus
|
|upkeep
|turn|7
|
|t:|1598837036
|switch|p2a: Weavile|Weavile, F|100/100
|-ability|p2a: Weavile|Pressure
|move|p1a: Lugia|Toxic|p2a: Weavile
|-status|p2a: Weavile|tox
|
|-damage|p2a: Weavile|94/100 tox|[from] psn
|upkeep
|turn|8
|
|t:|1598837044
|switch|p1a: Arceus|Arceus-Fairy|100/100
|move|p2a: Weavile|Taunt|p1a: Arceus
|-start|p1a: Arceus|move: Taunt
|
|-damage|p2a: Weavile|82/100 tox|[from] psn
|upkeep
|turn|9
|
|t:|1598837055
|switch|p2a: Necrozma|Necrozma-Dusk-Mane|100/100
|move|p1a: Arceus|Judgment|p2a: Necrozma
|-resisted|p2a: Necrozma
|-damage|p2a: Necrozma|82/100
|
|-heal|p2a: Necrozma|88/100|[from] item: Leftovers
|upkeep
|turn|10
|
|t:|1598837063
|switch|p1a: Necrozma|Necrozma-Dusk-Mane|100/100
|switch|p2a: Weavile|Weavile, F|82/100 tox
|-ability|p2a: Weavile|Pressure
|
|-damage|p2a: Weavile|76/100 tox|[from] psn
|upkeep
|turn|11
|
|t:|1598837071
|switch|p1a: Arceus|Arceus-Fairy|100/100
|move|p2a: Weavile|Beat Up|p1a: Arceus
|-resisted|p1a: Arceus
|-damage|p1a: Arceus|98/100
|-resisted|p1a: Arceus
|-damage|p1a: Arceus|94/100
|-resisted|p1a: Arceus
|-damage|p1a: Arceus|90/100
|-resisted|p1a: Arceus
|-damage|p1a: Arceus|87/100
|-resisted|p1a: Arceus
|-damage|p1a: Arceus|84/100
|-resisted|p1a: Arceus
|-damage|p1a: Arceus|81/100
|-hitcount|p1a: Arceus|6
|
|-damage|p2a: Weavile|64/100 tox|[from] psn
|upkeep
|turn|12
|
|t:|1598837086
|switch|p2a: Necrozma|Necrozma-Dusk-Mane|88/100
|move|p1a: Arceus|Earth Power|p2a: Necrozma
|-supereffective|p2a: Necrozma
|-damage|p2a: Necrozma|59/100
|
|-heal|p2a: Necrozma|65/100|[from] item: Leftovers
|upkeep
|turn|13
|
|t:|1598837101
|switch|p1a: Necrozma|Necrozma-Dusk-Mane|100/100
|move|p2a: Necrozma|Sunsteel Strike|p1a: Necrozma
|-resisted|p1a: Necrozma
|-damage|p1a: Necrozma|85/100
|
|-heal|p2a: Necrozma|71/100|[from] item: Leftovers
|upkeep
|turn|14
|-message|test3721 forfeited.
|
|win|mega vacil
|l|☆test3721
|raw|mega vacil's rating: 1699 &rarr; <strong>1714</strong><br />(+15 for winning)
|raw|test3721's rating: 1597 &rarr; <strong>1583</strong><br />(-14 for losing)
|c|☆mega vacil|gggggggggggggggggggggggggggggggggggggggggg
