|j|☆Alkir
|j|☆sleepytwig
|t:|1611088845
|player|p1|Alkir|grimsley|1642
|player|p2|sleepytwig|ninjaboy|1649
|teamsize|p1|6
|teamsize|p2|6
|gametype|singles
|gen|8
|tier|[Gen 8] National Dex AG
|rated|
|clearpoke
|poke|p1|Zacian-Crowned|
|poke|p1|Xerneas|
|poke|p1|Rayquaza|
|poke|p1|Lugia|
|poke|p1|Marshadow|
|poke|p1|Groudon|
|poke|p2|Rayquaza|
|poke|p2|Zacian-Crowned|
|poke|p2|Marshadow|
|poke|p2|Xerneas|
|poke|p2|Calyrex-Shadow|
|poke|p2|Kyogre|
|rule|HP Percentage Mod: HP is shown in percentages
|rule|Endless Battle Clause: Forcing endless battles is banned
|teampreview
|j| Giratina-Oo
|
|t:|1611088861
|start
|switch|p1a: Groudon|Groudon, shiny|100/100
|switch|p2a: Kyogre|Kyogre|100/100
|detailschange|p2a: Kyogre|Kyogre-Primal
|-primal|p2a: Kyogre
|-weather|PrimordialSea|[from] ability: Primordial Sea|[of] p2a: Kyogre
|detailschange|p1a: Groudon|Groudon-Primal, shiny
|-primal|p1a: Groudon
|-weather|DesolateLand|[from] ability: Desolate Land|[of] p1a: Groudon
|turn|1
|l| Giratina-Oo
|
|t:|1611088865
|switch|p2a: Rayquaza|Rayquaza|100/100
|-ability|p2a: Rayquaza|Air Lock
|move|p1a: Groudon|Stealth Rock|p2a: Rayquaza
|-sidestart|p2: sleepytwig|move: Stealth Rock
|
|-weather|DesolateLand|[upkeep]
|upkeep
|turn|2
|inactive|Battle timer is ON: inactive players will automatically lose when time's up. (requested by Alkir)
|
|t:|1611088874
|switch|p2a: Kyogre|Kyogre-Primal|100/100
|-damage|p2a: Kyogre|88/100|[from] Stealth Rock
|-weather|PrimordialSea|[from] ability: Primordial Sea|[of] p2a: Kyogre
|switch|p1a: Zacian|Zacian-Crowned|100/100
|-ability|p1a: Zacian|Intrepid Sword|boost
|-boost|p1a: Zacian|atk|1
|
|-weather|PrimordialSea|[upkeep]
|upkeep
|turn|3
|
|t:|1611088879
|switch|p1a: Groudon|Groudon-Primal, shiny|100/100
|-weather|DesolateLand|[from] ability: Desolate Land|[of] p1a: Groudon
|move|p2a: Kyogre|Water Spout||[still]
|-fail|p2a: Kyogre|Water Spout|[from] Desolate Land
|
|-weather|DesolateLand|[upkeep]
|upkeep
|turn|4
|
|t:|1611088885
|move|p2a: Kyogre|Ice Beam|p1a: Groudon
|-damage|p1a: Groudon|70/100
|move|p1a: Groudon|Stone Edge|p2a: Kyogre
|-damage|p2a: Kyogre|45/100
|
|-weather|DesolateLand|[upkeep]
|upkeep
|turn|5
|
|t:|1611088891
|move|p2a: Kyogre|Ice Beam|p1a: Groudon
|-damage|p1a: Groudon|39/100
|move|p1a: Groudon|Stone Edge|p2a: Kyogre|[miss]
|-miss|p1a: Groudon|p2a: Kyogre
|
|-weather|DesolateLand|[upkeep]
|upkeep
|turn|6
|
|t:|1611088896
|move|p2a: Kyogre|Ice Beam|p1a: Groudon
|-damage|p1a: Groudon|9/100
|move|p1a: Groudon|Precipice Blades|p2a: Kyogre
|-damage|p2a: Kyogre|0 fnt
|faint|p2a: Kyogre
|
|-weather|DesolateLand|[upkeep]
|upkeep
|
|t:|1611088900
|switch|p2a: Xerneas|Xerneas|100/100
|-damage|p2a: Xerneas|88/100|[from] Stealth Rock
|-ability|p2a: Xerneas|Fairy Aura
|turn|7
|
|t:|1611088908
|move|p2a: Xerneas|Defog|p1a: Groudon
|-unboost|p1a: Groudon|evasion|1
|-sideend|p2: sleepytwig|Stealth Rock|[from] move: Defog|[of] p2a: Xerneas
|move|p1a: Groudon|Precipice Blades|p2a: Xerneas
|-damage|p2a: Xerneas|31/100
|
|-weather|DesolateLand|[upkeep]
|upkeep
|turn|8
|
|t:|1611088912
|move|p2a: Xerneas|Moonblast|p1a: Groudon
|-resisted|p1a: Groudon
|-damage|p1a: Groudon|0 fnt
|faint|p1a: Groudon
|-weather|none
|
|upkeep
|
|t:|1611088922
|switch|p1a: Zacian|Zacian-Crowned|100/100
|-ability|p1a: Zacian|Intrepid Sword|boost
|-boost|p1a: Zacian|atk|1
|turn|9
|
|t:|1611088925
|move|p1a: Zacian|Behemoth Blade|p2a: Xerneas
|-supereffective|p2a: Xerneas
|-damage|p2a: Xerneas|0 fnt
|faint|p2a: Xerneas
|
|upkeep
|
|t:|1611088927
|switch|p2a: Zacian|Zacian-Crowned|100/100
|-ability|p2a: Zacian|Intrepid Sword|boost
|-boost|p2a: Zacian|atk|1
|turn|10
|
|t:|1611088931
|move|p1a: Zacian|Behemoth Blade|p2a: Zacian
|-crit|p2a: Zacian
|-damage|p2a: Zacian|0 fnt
|faint|p2a: Zacian
|
|upkeep
|
|t:|1611088943
|switch|p2a: Calyrex|Calyrex-Shadow|100/100
|-ability|p2a: Calyrex|As One
|-ability|p2a: Calyrex|Unnerve|p1: Alkir
|turn|11
|
|t:|1611088951
|-start|p2a: Calyrex|Dynamax
|-heal|p2a: Calyrex|100/100|[silent]
|move|p2a: Calyrex|Max Phantasm|p1a: Zacian
|-crit|p1a: Zacian
|-damage|p1a: Zacian|0 fnt
|faint|p1a: Zacian
|-ability|p2a: Calyrex|Grim Neigh|boost
|-boost|p2a: Calyrex|spa|1
|
|upkeep
|
|t:|1611088958
|switch|p1a: Marshadow|Marshadow|100/100
|turn|12
|
|t:|1611088960
|move|p1a: Marshadow|Shadow Sneak|p2a: Calyrex
|-supereffective|p2a: Calyrex
|-damage|p2a: Calyrex|27/100
|move|p2a: Calyrex|Max Phantasm|p1a: Marshadow
|-supereffective|p1a: Marshadow
|-enditem|p1a: Marshadow|Focus Sash
|-damage|p1a: Marshadow|1/100
|-unboost|p1a: Marshadow|def|1
|
|upkeep
|turn|13
|
|t:|1611088969
|-end|p2a: Calyrex|Dynamax
|-heal|p2a: Calyrex|27/100|[silent]
|switch|p2a: Rayquaza|Rayquaza|100/100
|-ability|p2a: Rayquaza|Air Lock
|move|p1a: Marshadow|Shadow Sneak|p2a: Rayquaza
|-damage|p2a: Rayquaza|70/100
|
|upkeep
|turn|14
|
|t:|1611088980
|detailschange|p2a: Rayquaza|Rayquaza-Mega
|-mega|p2a: Rayquaza|Rayquaza|
|-weather|DeltaStream|[from] ability: Delta Stream|[of] p2a: Rayquaza
|move|p1a: Marshadow|Spectral Thief|p2a: Rayquaza
|-damage|p2a: Rayquaza|26/100
|move|p2a: Rayquaza|Dragon Ascent|p1a: Marshadow
|-supereffective|p1a: Marshadow
|-damage|p1a: Marshadow|0 fnt
|-unboost|p2a: Rayquaza|def|1
|-unboost|p2a: Rayquaza|spd|1
|-damage|p2a: Rayquaza|16/100|[from] item: Life Orb
|faint|p1a: Marshadow
|
|-weather|DeltaStream|[upkeep]
|upkeep
|
|t:|1611088989
|switch|p1a: Rayquaza|Rayquaza|100/100
|-ability|p1a: Rayquaza|Air Lock
|turn|15
|
|t:|1611088994
|detailschange|p1a: Rayquaza|Rayquaza-Mega
|-mega|p1a: Rayquaza|Rayquaza|
|move|p2a: Rayquaza|Extreme Speed|p1a: Rayquaza
|-damage|p1a: Rayquaza|56/100
|-damage|p2a: Rayquaza|6/100|[from] item: Life Orb
|move|p1a: Rayquaza|Dragon Ascent|p2a: Rayquaza
|-damage|p2a: Rayquaza|0 fnt
|-unboost|p1a: Rayquaza|def|1
|-unboost|p1a: Rayquaza|spd|1
|faint|p2a: Rayquaza
|
|-weather|DeltaStream|[upkeep]
|upkeep
|
|t:|1611089001
|switch|p2a: Calyrex|Calyrex-Shadow|27/100
|-ability|p2a: Calyrex|As One
|-ability|p2a: Calyrex|Unnerve|p1: Alkir
|turn|16
|
|t:|1611089007
|move|p1a: Rayquaza|Dragon Ascent|p2a: Calyrex
|-damage|p2a: Calyrex|0 fnt
|-unboost|p1a: Rayquaza|def|1
|-unboost|p1a: Rayquaza|spd|1
|faint|p2a: Calyrex
|
|-weather|DeltaStream|[upkeep]
|upkeep
|
|t:|1611089012
|switch|p2a: Marshadow|Marshadow|100/100
|turn|17
|
|t:|1611089020
|-weather|none
|switch|p1a: Lugia|Lugia|100/100
|move|p2a: Marshadow|Spectral Thief|p1a: Lugia
|-supereffective|p1a: Lugia
|-damage|p1a: Lugia|79/100
|
|upkeep
|turn|18
|
|t:|1611089025
|move|p2a: Marshadow|Knock Off|p1a: Lugia
|-supereffective|p1a: Lugia
|-damage|p1a: Lugia|45/100
|-enditem|p1a: Lugia|Heavy-Duty Boots|[from] move: Knock Off|[of] p2a: Marshadow
|move|p1a: Lugia|Toxic|p2a: Marshadow
|-status|p2a: Marshadow|tox
|
|-damage|p2a: Marshadow|94/100 tox|[from] psn
|upkeep
|turn|19
|
|t:|1611089028
|move|p2a: Marshadow|Shadow Sneak|p1a: Lugia
|-supereffective|p1a: Lugia
|-damage|p1a: Lugia|16/100
|move|p1a: Lugia|Roost|p1a: Lugia
|-heal|p1a: Lugia|66/100
|-singleturn|p1a: Lugia|move: Roost
|
|-damage|p2a: Marshadow|82/100 tox|[from] psn
|upkeep
|turn|20
|
|t:|1611089034
|move|p2a: Marshadow|Spectral Thief|p1a: Lugia
|-supereffective|p1a: Lugia
|-damage|p1a: Lugia|20/100
|move|p1a: Lugia|Roost|p1a: Lugia
|-heal|p1a: Lugia|70/100
|-singleturn|p1a: Lugia|move: Roost
|
|-damage|p2a: Marshadow|63/100 tox|[from] psn
|upkeep
|turn|21
|-message|sleepytwig forfeited.
|
|win|Alkir
|l|☆sleepytwig
|l|☆Alkir
||Ladder (probably) updated, but score could not be retrieved (Request timeout).
