|j|☆Ryan96t
|j|☆kerrozxl-
|t:|1657829063
|gametype|singles
|player|p1|Ryan96t|101|1570
|player|p2|kerrozxl-|unknownf|1712
|teamsize|p1|6
|teamsize|p2|6
|gen|8
|tier|[Gen 8] National Dex AG
|rated|
|rule|HP Percentage Mod: HP is shown in percentages
|rule|Endless Battle Clause: Forcing endless battles is banned
|clearpoke
|poke|p1|Smeargle, M|
|poke|p1|Nihilego|
|poke|p1|Zarude|
|poke|p1|Smeargle, M|
|poke|p1|Tapu Lele|
|poke|p1|Mimikyu, F|
|poke|p2|Rayquaza|
|poke|p2|Groudon|
|poke|p2|Necrozma-Dusk-Mane|
|poke|p2|Marshadow|
|poke|p2|Yveltal|
|poke|p2|Xerneas-*|
|teampreview
|
|t:|1657829068
|start
|switch|p1a: Nihilego|Nihilego|100/100
|switch|p2a: Marshadow|Marshadow|100/100
|turn|1
|
|t:|1657829070
|move|p2a: Marshadow|Close Combat|p1a: Nihilego
|-enditem|p1a: Nihilego|Focus Sash
|-damage|p1a: Nihilego|1/100
|-unboost|p2a: Marshadow|def|1
|-unboost|p2a: Marshadow|spd|1
|move|p1a: Nihilego|Rock Tomb|p2a: Marshadow
|-resisted|p2a: Marshadow
|-damage|p2a: Marshadow|87/100
|-unboost|p2a: Marshadow|spe|1
|
|upkeep
|turn|2
|
|t:|1657829074
|switch|p1a: Tapu Lele|Tapu Lele|100/100
|-fieldstart|move: Psychic Terrain|[from] ability: Psychic Surge|[of] p1a: Tapu Lele
|move|p2a: Marshadow|Shadow Sneak|p1a: Tapu Lele
|-activate|p1a: Tapu Lele|move: Psychic Terrain
|
|upkeep
|turn|3
|
|t:|1657829076
|move|p1a: Tapu Lele|Speed Swap|p2a: Marshadow
|-activate|p1a: Tapu Lele|move: Speed Swap|[of] p2a: Marshadow
|move|p2a: Marshadow|Spectral Thief|p1a: Tapu Lele
|-supereffective|p1a: Tapu Lele
|-damage|p1a: Tapu Lele|0 fnt
|faint|p1a: Tapu Lele
|
|upkeep
|
|t:|1657829078
|switch|p1a: Nihilego|Nihilego|1/100
|turn|4
|
|t:|1657829083
|switch|p2a: Yveltal|Yveltal|100/100
|-ability|p2a: Yveltal|Dark Aura
|move|p1a: Nihilego|Stealth Rock|p2a: Yveltal
|-sidestart|p2: kerrozxl-|move: Stealth Rock
|
|upkeep
|turn|5
|
|t:|1657829086
|move|p1a: Nihilego|Rock Tomb|p2a: Yveltal
|-supereffective|p2a: Yveltal
|-damage|p2a: Yveltal|79/100
|-unboost|p2a: Yveltal|spe|1
|move|p2a: Yveltal|Defog|p1a: Nihilego
|-unboost|p1a: Nihilego|evasion|1
|-sideend|p2: kerrozxl-|Stealth Rock|[from] move: Defog|[of] p2a: Yveltal
|-fieldend|move: Psychic Terrain
|
|upkeep
|turn|6
|
|t:|1657829089
|move|p1a: Nihilego|Stealth Rock|p2a: Yveltal
|-sidestart|p2: kerrozxl-|move: Stealth Rock
|move|p2a: Yveltal|Knock Off|p1a: Nihilego
|-crit|p1a: Nihilego
|-damage|p1a: Nihilego|0 fnt
|faint|p1a: Nihilego
|
|upkeep
|
|t:|1657829091
|switch|p1a: Smeargle|Smeargle, M|100/100
|turn|7
|
|t:|1657829095
|move|p1a: Smeargle|Spore|p2a: Yveltal
|-status|p2a: Yveltal|slp|[from] move: Spore
|cant|p2a: Yveltal|slp
|
|-ability|p1a: Smeargle|Moody|boost
|-boost|p1a: Smeargle|atk|2
|-unboost|p1a: Smeargle|spd|1
|upkeep
|turn|8
|
|t:|1657829097
|move|p1a: Smeargle|Substitute|p1a: Smeargle
|-start|p1a: Smeargle|Substitute
|-damage|p1a: Smeargle|76/100
|-curestatus|p2a: Yveltal|slp|[msg]
|move|p2a: Yveltal|Defog|p1a: Smeargle
|-sideend|p2: kerrozxl-|Stealth Rock|[from] move: Defog|[of] p2a: Yveltal
|
|-ability|p1a: Smeargle|Moody|boost
|-boost|p1a: Smeargle|spa|2
|-unboost|p1a: Smeargle|spd|1
|upkeep
|turn|9
|
|t:|1657829102
|move|p1a: Smeargle|Spore|p2a: Yveltal
|-status|p2a: Yveltal|slp|[from] move: Spore
|cant|p2a: Yveltal|slp
|
|-ability|p1a: Smeargle|Moody|boost
|-boost|p1a: Smeargle|def|2
|-unboost|p1a: Smeargle|spd|1
|upkeep
|turn|10
|
|t:|1657829115
|move|p1a: Smeargle|Ingrain|p1a: Smeargle
|-start|p1a: Smeargle|move: Ingrain
|-curestatus|p2a: Yveltal|slp|[msg]
|move|p2a: Yveltal|Knock Off|p1a: Smeargle
|-end|p1a: Smeargle|Substitute
|
|-heal|p1a: Smeargle|82/100|[from] Ingrain
|-ability|p1a: Smeargle|Moody|boost
|-boost|p1a: Smeargle|spe|2
|-unboost|p1a: Smeargle|spd|1
|upkeep
|turn|11
|
|t:|1657829125
|move|p1a: Smeargle|Spore|p2a: Yveltal
|-status|p2a: Yveltal|slp|[from] move: Spore
|cant|p2a: Yveltal|slp
|
|-heal|p1a: Smeargle|88/100|[from] Ingrain
|-ability|p1a: Smeargle|Moody|boost
|-boost|p1a: Smeargle|spd|2
|-unboost|p1a: Smeargle|spe|1
|upkeep
|turn|12
|
|t:|1657829127
|move|p1a: Smeargle|Substitute|p1a: Smeargle
|-start|p1a: Smeargle|Substitute
|-damage|p1a: Smeargle|63/100
|cant|p2a: Yveltal|slp
|
|-heal|p1a: Smeargle|69/100|[from] Ingrain
|-ability|p1a: Smeargle|Moody|boost
|-boost|p1a: Smeargle|spe|2
|-unboost|p1a: Smeargle|spd|1
|upkeep
|turn|13
|
|t:|1657829130
|move|p1a: Smeargle|Baton Pass|p1a: Smeargle
|
|t:|1657829131
|switch|p1a: Smeargle|Smeargle, M, shiny|100/100|[from]move: Baton Pass
|cant|p2a: Yveltal|slp
|
|-ability|p1a: Smeargle|Moody|boost
|-boost|p1a: Smeargle|def|2
|-unboost|p1a: Smeargle|spa|1
|upkeep
|turn|14
|
|t:|1657829144
|move|p1a: Smeargle|Power Trip|p2a: Yveltal
|-resisted|p2a: Yveltal
|-damage|p2a: Yveltal|47/100 slp
|-curestatus|p2a: Yveltal|slp|[msg]
|move|p2a: Yveltal|Knock Off|p1a: Smeargle
|-end|p1a: Smeargle|Substitute
|
|-ability|p1a: Smeargle|Moody|boost
|-boost|p1a: Smeargle|spe|2
|-unboost|p1a: Smeargle|spd|1
|upkeep
|turn|15
|
|t:|1657829159
|move|p1a: Smeargle|Spore|p2a: Yveltal
|-status|p2a: Yveltal|slp|[from] move: Spore
|cant|p2a: Yveltal|slp
|
|-ability|p1a: Smeargle|Moody|boost
|-boost|p1a: Smeargle|spa|2
|-unboost|p1a: Smeargle|atk|1
|upkeep
|turn|16
|
|t:|1657829175
|move|p1a: Smeargle|Substitute|p1a: Smeargle
|-start|p1a: Smeargle|Substitute
|-damage|p1a: Smeargle|76/100
|cant|p2a: Yveltal|slp
|
|-heal|p1a: Smeargle|82/100|[from] item: Leftovers
|-heal|p1a: Smeargle|88/100|[from] Ingrain
|-ability|p1a: Smeargle|Moody|boost
|-boost|p1a: Smeargle|def|2
|-unboost|p1a: Smeargle|spe|1
|upkeep
|turn|17
|
|t:|1657829183
|move|p1a: Smeargle|Shell Smash|p1a: Smeargle
|-unboost|p1a: Smeargle|def|1
|-unboost|p1a: Smeargle|spd|1
|-boost|p1a: Smeargle|atk|2
|-boost|p1a: Smeargle|spa|2
|-boost|p1a: Smeargle|spe|2
|cant|p2a: Yveltal|slp
|
|-heal|p1a: Smeargle|94/100|[from] item: Leftovers
|-heal|p1a: Smeargle|99/100|[from] Ingrain
|-ability|p1a: Smeargle|Moody|boost
|-boost|p1a: Smeargle|spd|2
|-unboost|p1a: Smeargle|def|1
|upkeep
|turn|18
|
|t:|1657829188
|move|p1a: Smeargle|Power Trip|p2a: Yveltal
|-resisted|p2a: Yveltal
|-damage|p2a: Yveltal|0 fnt
|faint|p2a: Yveltal
|
|-heal|p1a: Smeargle|100/100|[from] item: Leftovers
|-ability|p1a: Smeargle|Moody|boost
|-boost|p1a: Smeargle|spd|2
|-unboost|p1a: Smeargle|spe|1
|upkeep
|c|☆Ryan96t|Gg
|
|t:|1657829226
|switch|p2a: Groudon|Groudon|100/100
|detailschange|p2a: Groudon|Groudon-Primal
|-primal|p2a: Groudon
|-weather|DesolateLand|[from] ability: Desolate Land|[of] p2a: Groudon
|turn|19
|
|t:|1657829228
|move|p1a: Smeargle|Spore|p2a: Groudon
|-status|p2a: Groudon|slp|[from] move: Spore
|cant|p2a: Groudon|slp
|
|-weather|DesolateLand|[upkeep]
|-ability|p1a: Smeargle|Moody|boost
|-boost|p1a: Smeargle|atk|2
|-unboost|p1a: Smeargle|spe|1
|upkeep
|turn|20
|
|t:|1657829231
|move|p1a: Smeargle|Shell Smash|p1a: Smeargle
|-unboost|p1a: Smeargle|def|1
|-unboost|p1a: Smeargle|spd|1
|-boost|p1a: Smeargle|atk|1
|-boost|p1a: Smeargle|spa|1
|-boost|p1a: Smeargle|spe|2
|cant|p2a: Groudon|slp
|
|-weather|DesolateLand|[upkeep]
|-ability|p1a: Smeargle|Moody|boost
|-boost|p1a: Smeargle|spd|2
|-unboost|p1a: Smeargle|atk|1
|upkeep
|turn|21
|
|t:|1657829248
|move|p1a: Smeargle|Power Trip|p2a: Groudon
|-damage|p2a: Groudon|0 fnt
|faint|p2a: Groudon
|-weather|none
|
|-ability|p1a: Smeargle|Moody|boost
|-boost|p1a: Smeargle|spd|2
|-unboost|p1a: Smeargle|spa|1
|upkeep
|
|t:|1657829251
|switch|p2a: Rayquaza|Rayquaza, shiny|100/100
|-ability|p2a: Rayquaza|Air Lock
|turn|22
|
|t:|1657829260
|detailschange|p2a: Rayquaza|Rayquaza-Mega, shiny
|-mega|p2a: Rayquaza|Rayquaza|
|-weather|DeltaStream|[from] ability: Delta Stream|[of] p2a: Rayquaza
|move|p2a: Rayquaza|Extreme Speed|p1a: Smeargle
|-end|p1a: Smeargle|Substitute
|move|p1a: Smeargle|Spore|p2a: Rayquaza
|-status|p2a: Rayquaza|slp|[from] move: Spore
|
|-weather|DeltaStream|[upkeep]
|-ability|p1a: Smeargle|Moody|boost
|-boost|p1a: Smeargle|atk|1
|-unboost|p1a: Smeargle|spd|1
|upkeep
|turn|23
|inactive|Battle timer is ON: inactive players will automatically lose when time's up. (requested by Ryan96t)
|inactive|kerrozxl- has 120 seconds left.
|
|t:|1657829358
|cant|p2a: Rayquaza|slp
|move|p1a: Smeargle|Substitute|p1a: Smeargle
|-start|p1a: Smeargle|Substitute
|-damage|p1a: Smeargle|76/100
|
|-weather|DeltaStream|[upkeep]
|-heal|p1a: Smeargle|82/100|[from] item: Leftovers
|-heal|p1a: Smeargle|88/100|[from] Ingrain
|-ability|p1a: Smeargle|Moody|boost
|-boost|p1a: Smeargle|def|2
|-unboost|p1a: Smeargle|spd|1
|upkeep
|turn|24
|
|t:|1657829364
|cant|p2a: Rayquaza|slp
|move|p1a: Smeargle|Power Trip|p2a: Rayquaza
|-damage|p2a: Rayquaza|0 fnt
|faint|p2a: Rayquaza
|-weather|none
|
|-heal|p1a: Smeargle|94/100|[from] item: Leftovers
|-heal|p1a: Smeargle|99/100|[from] Ingrain
|-ability|p1a: Smeargle|Moody|boost
|-boost|p1a: Smeargle|def|1
|-unboost|p1a: Smeargle|spa|1
|upkeep
|
|t:|1657829367
|switch|p2a: Xerneas|Xerneas|100/100
|-ability|p2a: Xerneas|Fairy Aura
|turn|25
|
|t:|1657829369
|-start|p2a: Xerneas|Dynamax|
|-heal|p2a: Xerneas|100/100|[silent]
|move|p1a: Smeargle|Spore|p2a: Xerneas
|-status|p2a: Xerneas|slp|[from] move: Spore
|cant|p2a: Xerneas|slp
|
|-heal|p1a: Smeargle|100/100|[from] item: Leftovers
|-ability|p1a: Smeargle|Moody|boost
|-boost|p1a: Smeargle|spa|2
|-unboost|p1a: Smeargle|atk|1
|upkeep
|turn|26
|
|t:|1657829371
|move|p1a: Smeargle|Power Trip|p2a: Xerneas
|-resisted|p2a: Xerneas
|-damage|p2a: Xerneas|53/100 slp
|-curestatus|p2a: Xerneas|slp|[msg]
|move|p2a: Xerneas|Max Lightning|p1a: Smeargle
|-end|p1a: Smeargle|Substitute
|-fieldstart|move: Electric Terrain
|
|-ability|p1a: Smeargle|Moody|boost
|-boost|p1a: Smeargle|atk|1
|-unboost|p1a: Smeargle|spd|1
|upkeep
|turn|27
|
|t:|1657829377
|move|p1a: Smeargle|Substitute|p1a: Smeargle
|-start|p1a: Smeargle|Substitute
|-damage|p1a: Smeargle|76/100
|move|p2a: Xerneas|Max Starfall|p1a: Smeargle
|-end|p1a: Smeargle|Substitute
|-fieldstart|move: Misty Terrain
|
|-heal|p1a: Smeargle|82/100|[from] item: Leftovers
|-heal|p1a: Smeargle|88/100|[from] Ingrain
|-ability|p1a: Smeargle|Moody|boost
|-boost|p1a: Smeargle|spd|2
|-unboost|p1a: Smeargle|spa|1
|upkeep
|-end|p2a: Xerneas|Dynamax
|-heal|p2a: Xerneas|53/100|[silent]
|turn|28
|
|t:|1657829382
|move|p1a: Smeargle|Substitute|p1a: Smeargle
|-start|p1a: Smeargle|Substitute
|-damage|p1a: Smeargle|63/100
|move|p2a: Xerneas|Moonblast|p1a: Smeargle
|-end|p1a: Smeargle|Substitute
|
|-heal|p1a: Smeargle|69/100|[from] item: Leftovers
|-heal|p1a: Smeargle|75/100|[from] Ingrain
|-ability|p1a: Smeargle|Moody|boost
|-boost|p1a: Smeargle|spd|2
|-unboost|p1a: Smeargle|atk|1
|upkeep
|turn|29
|
|t:|1657829383
|move|p1a: Smeargle|Substitute|p1a: Smeargle
|-start|p1a: Smeargle|Substitute
|-damage|p1a: Smeargle|50/100
|move|p2a: Xerneas|Moonblast|p1a: Smeargle
|-end|p1a: Smeargle|Substitute
|
|-heal|p1a: Smeargle|56/100|[from] item: Leftovers
|-heal|p1a: Smeargle|62/100|[from] Ingrain
|-ability|p1a: Smeargle|Moody|boost
|-boost|p1a: Smeargle|spd|2
|-unboost|p1a: Smeargle|atk|1
|upkeep
|turn|30
|
|t:|1657829385
|move|p1a: Smeargle|Substitute|p1a: Smeargle
|-start|p1a: Smeargle|Substitute
|-damage|p1a: Smeargle|38/100
|move|p2a: Xerneas|Moonblast|p1a: Smeargle
|-end|p1a: Smeargle|Substitute
|
|-heal|p1a: Smeargle|44/100|[from] item: Leftovers
|-heal|p1a: Smeargle|50/100|[from] Ingrain
|-ability|p1a: Smeargle|Moody|boost
|-boost|p1a: Smeargle|atk|2
|-unboost|p1a: Smeargle|spe|1
|upkeep
|turn|31
|
|t:|1657829387
|move|p1a: Smeargle|Substitute|p1a: Smeargle
|-start|p1a: Smeargle|Substitute
|-damage|p1a: Smeargle|25/100
|move|p2a: Xerneas|Moonblast|p1a: Smeargle
|-end|p1a: Smeargle|Substitute
|
|-heal|p1a: Smeargle|31/100|[from] item: Leftovers
|-heal|p1a: Smeargle|37/100|[from] Ingrain
|-fieldend|Misty Terrain
|-ability|p1a: Smeargle|Moody|boost
|-boost|p1a: Smeargle|spa|1
|-unboost|p1a: Smeargle|def|1
|upkeep
|turn|32
|
|t:|1657829388
|move|p1a: Smeargle|Spore|p2a: Xerneas
|-status|p2a: Xerneas|slp|[from] move: Spore
|cant|p2a: Xerneas|slp
|
|-heal|p1a: Smeargle|43/100|[from] item: Leftovers
|-heal|p1a: Smeargle|49/100|[from] Ingrain
|-ability|p1a: Smeargle|Moody|boost
|-boost|p1a: Smeargle|def|1
|-unboost|p1a: Smeargle|spd|1
|upkeep
|turn|33
|-message|kerrozxl- forfeited.
|
|win|Ryan96t
|raw|Ryan96t's rating: 1570 &rarr; <strong>1598</strong><br />(+28 for winning)
|raw|kerrozxl-'s rating: 1712 &rarr; <strong>1684</strong><br />(-28 for losing)
|l|☆kerrozxl-
||Ladder isn't responding, score probably updated but might not have (Request timeout).
