|j|☆Reolio43
|j|☆dratini1yt
|t:|1660092846
|gametype|singles
|player|p1|Reolio43|lucas|1612
|player|p2|dratini1yt|clair|1716
|teamsize|p1|6
|teamsize|p2|6
|gen|8
|tier|[Gen 8] National Dex AG
|rated|
|rule|HP Percentage Mod: HP is shown in percentages
|rule|Endless Battle Clause: Forcing endless battles is banned
|clearpoke
|poke|p1|Yveltal|
|poke|p1|Rayquaza|
|poke|p1|Calyrex-Shadow|
|poke|p1|Zacian-*|
|poke|p1|Groudon|
|poke|p1|Necrozma-Dusk-Mane|
|poke|p2|Necrozma-Dusk-Mane|
|poke|p2|Zacian-*|
|poke|p2|Calyrex-Shadow|
|poke|p2|Arceus-*|
|poke|p2|Yveltal|
|poke|p2|Rayquaza|
|teampreview
|inactive|Battle timer is ON: inactive players will automatically lose when time's up. (requested by Reolio43)
|c|☆dratini1yt|glhf
|c|☆Reolio43|glhf
|
|t:|1660092865
|start
|switch|p1a: Rayquaza|Rayquaza|100/100
|switch|p2a: Calyrex|Calyrex-Shadow|100/100
|-ability|p2a: Calyrex|As One
|-ability|p2a: Calyrex|Unnerve
|-ability|p1a: Rayquaza|Air Lock
|turn|1
|
|t:|1660092878
|switch|p1a: Yveltal|Yveltal|100/100
|-ability|p1a: Yveltal|Dark Aura
|move|p2a: Calyrex|Astral Barrage|p1a: Yveltal
|-resisted|p1a: Yveltal
|-damage|p1a: Yveltal|68/100
|
|upkeep
|turn|2
|
|t:|1660092898
|switch|p2a: Zacian|Zacian-Crowned|100/100
|-ability|p2a: Zacian|Intrepid Sword|boost
|-boost|p2a: Zacian|atk|1
|-start|p1a: Yveltal|Dynamax|
|-heal|p1a: Yveltal|68/100|[silent]
|move|p1a: Yveltal|Max Airstream|p2a: Zacian
|-resisted|p2a: Zacian
|-damage|p2a: Zacian|63/100
|-boost|p1a: Yveltal|spe|1
|-damage|p1a: Yveltal|63/100|[from] item: Life Orb
|
|upkeep
|turn|3
|
|t:|1660092928
|switch|p2a: Arceus|Arceus|100/100
|move|p1a: Yveltal|Max Flare|p2a: Arceus
|-damage|p2a: Arceus|58/100
|-weather|SunnyDay
|-damage|p1a: Yveltal|58/100|[from] item: Life Orb
|
|-weather|SunnyDay|[upkeep]
|-heal|p2a: Arceus|64/100|[from] item: Leftovers
|upkeep
|turn|4
|
|t:|1660092939
|move|p2a: Arceus|Extreme Speed|p1a: Yveltal
|-damage|p1a: Yveltal|41/100
|move|p1a: Yveltal|Max Darkness|p2a: Arceus
|-damage|p2a: Arceus|0 fnt
|faint|p2a: Arceus
|-damage|p1a: Yveltal|36/100|[from] item: Life Orb
|
|-weather|SunnyDay|[upkeep]
|upkeep
|inactive|dratini1yt has 120 seconds left.
|
|t:|1660092968
|switch|p2a: Yveltal|Yveltal|100/100
|-ability|p2a: Yveltal|Dark Aura
|-end|p1a: Yveltal|Dynamax
|-heal|p1a: Yveltal|36/100|[silent]
|turn|5
|
|t:|1660092977
|-start|p2a: Yveltal|Dynamax|
|-heal|p2a: Yveltal|100/100|[silent]
|move|p1a: Yveltal|Oblivion Wing|p2a: Yveltal
|-damage|p2a: Yveltal|84/100
|-heal|p1a: Yveltal|62/100|[from] drain|[of] p2a: Yveltal
|-damage|p1a: Yveltal|52/100|[from] item: Life Orb
|move|p2a: Yveltal|Max Airstream|p1a: Yveltal
|-damage|p1a: Yveltal|0 fnt
|-boost|p2a: Yveltal|spe|1
|faint|p1a: Yveltal
|
|-weather|SunnyDay|[upkeep]
|upkeep
|
|t:|1660092990
|switch|p1a: Groudon|Groudon|100/100
|detailschange|p1a: Groudon|Groudon-Primal
|-primal|p1a: Groudon
|-weather|DesolateLand|[from] ability: Desolate Land|[of] p1a: Groudon
|turn|6
|
|t:|1660092997
|move|p2a: Yveltal|Max Darkness|p1a: Groudon
|-damage|p1a: Groudon|9/100
|-unboost|p1a: Groudon|spd|1
|move|p1a: Groudon|Rock Tomb|p2a: Yveltal
|-supereffective|p2a: Yveltal
|-damage|p2a: Yveltal|58/100
|-unboost|p2a: Yveltal|spe|1
|
|-weather|DesolateLand|[upkeep]
|upkeep
|turn|7
|c|☆dratini1yt|i can one shottt dang
|c|☆dratini1yt|cant
|
|t:|1660093020
|-weather|none
|switch|p1a: Zacian|Zacian-Crowned|100/100
|-ability|p1a: Zacian|Intrepid Sword|boost
|-boost|p1a: Zacian|atk|1
|move|p2a: Yveltal|Max Airstream|p1a: Zacian
|-resisted|p1a: Zacian
|-damage|p1a: Zacian|69/100
|-boost|p2a: Yveltal|spe|1
|
|upkeep
|-end|p2a: Yveltal|Dynamax
|-heal|p2a: Yveltal|59/100|[silent]
|turn|8
|
|t:|1660093031
|move|p2a: Yveltal|Heat Wave|p1a: Zacian
|-supereffective|p1a: Zacian
|-damage|p1a: Zacian|4/100
|-status|p1a: Zacian|brn
|move|p1a: Zacian|Behemoth Blade|p2a: Yveltal
|-damage|p2a: Yveltal|9/100
|
|-damage|p1a: Zacian|0 fnt|[from] brn
|faint|p1a: Zacian
|upkeep
|c|☆dratini1yt|bro thats so lucky
|
|t:|1660093040
|switch|p1a: Rayquaza|Rayquaza|100/100
|-ability|p1a: Rayquaza|Air Lock
|turn|9
|
|t:|1660093048
|detailschange|p1a: Rayquaza|Rayquaza-Mega
|-mega|p1a: Rayquaza|Rayquaza|
|-weather|DeltaStream|[from] ability: Delta Stream|[of] p1a: Rayquaza
|move|p2a: Yveltal|Dark Pulse|p1a: Rayquaza
|-damage|p1a: Rayquaza|51/100
|move|p1a: Rayquaza|Dragon Ascent|p2a: Yveltal
|-crit|p2a: Yveltal
|-damage|p2a: Yveltal|0 fnt
|-unboost|p1a: Rayquaza|def|1
|-unboost|p1a: Rayquaza|spd|1
|faint|p2a: Yveltal
|-damage|p1a: Rayquaza|41/100|[from] item: Life Orb
|
|-weather|DeltaStream|[upkeep]
|upkeep
|
|t:|1660093064
|switch|p2a: Zacian|Zacian-Crowned|63/100
|-ability|p2a: Zacian|Intrepid Sword|boost
|-boost|p2a: Zacian|atk|1
|turn|10
|
|t:|1660093079
|-weather|none
|switch|p1a: Necrozma|Necrozma-Dusk-Mane|100/100
|move|p2a: Zacian|Crunch|p1a: Necrozma
|-supereffective|p1a: Necrozma
|-damage|p1a: Necrozma|64/100
|-damage|p2a: Zacian|46/100|[from] item: Rocky Helmet|[of] p1a: Necrozma
|
|upkeep
|turn|11
|
|t:|1660093088
|move|p2a: Zacian|Crunch|p1a: Necrozma
|-supereffective|p1a: Necrozma
|-damage|p1a: Necrozma|23/100
|-unboost|p1a: Necrozma|def|1
|-damage|p2a: Zacian|29/100|[from] item: Rocky Helmet|[of] p1a: Necrozma
|move|p1a: Necrozma|Earthquake|p2a: Zacian
|-supereffective|p2a: Zacian
|-damage|p2a: Zacian|0 fnt
|faint|p2a: Zacian
|
|upkeep
|
|t:|1660093099
|switch|p2a: Calyrex|Calyrex-Shadow|100/100
|-ability|p2a: Calyrex|As One
|-ability|p2a: Calyrex|Unnerve
|turn|12
|
|t:|1660093115
|move|p2a: Calyrex|Astral Barrage|p1a: Necrozma
|-supereffective|p1a: Necrozma
|-damage|p1a: Necrozma|0 fnt
|faint|p1a: Necrozma
|-ability|p2a: Calyrex|Grim Neigh|boost
|-boost|p2a: Calyrex|spa|1
|
|upkeep
|
|t:|1660093119
|switch|p1a: Calyrex|Calyrex-Shadow|100/100
|-ability|p1a: Calyrex|As One
|-ability|p1a: Calyrex|Unnerve
|turn|13
|c|☆Reolio43|Good luck
|
|t:|1660093129
|move|p2a: Calyrex|Astral Barrage|p1a: Calyrex
|-supereffective|p1a: Calyrex
|-enditem|p1a: Calyrex|Focus Sash
|-damage|p1a: Calyrex|1/100
|move|p1a: Calyrex|Astral Barrage|p2a: Calyrex
|-supereffective|p2a: Calyrex
|-enditem|p2a: Calyrex|Focus Sash
|-damage|p2a: Calyrex|1/100
|
|upkeep
|turn|14
|c|☆dratini1yt|good its not scarf
|
|t:|1660093140
|move|p1a: Calyrex|Astral Barrage|p2a: Calyrex
|-supereffective|p2a: Calyrex
|-damage|p2a: Calyrex|0 fnt
|faint|p2a: Calyrex
|-ability|p1a: Calyrex|Grim Neigh|boost
|-boost|p1a: Calyrex|spa|1
|
|upkeep
|
|t:|1660093147
|switch|p2a: Rayquaza|Rayquaza|100/100
|-ability|p2a: Rayquaza|Air Lock
|turn|15
|
|t:|1660093153
|detailschange|p2a: Rayquaza|Rayquaza-Mega
|-mega|p2a: Rayquaza|Rayquaza|
|-weather|DeltaStream|[from] ability: Delta Stream|[of] p2a: Rayquaza
|move|p2a: Rayquaza|Dragon Ascent|p1a: Calyrex
|-damage|p1a: Calyrex|0 fnt
|-unboost|p2a: Rayquaza|def|1
|-unboost|p2a: Rayquaza|spd|1
|faint|p1a: Calyrex
|
|-weather|DeltaStream|[upkeep]
|upkeep
|c|☆Reolio43|Nice nice
|c|☆dratini1yt|im one speed faster than it
|
|t:|1660093165
|switch|p1a: Groudon|Groudon-Primal|9/100
|-weather|DesolateLand|[from] ability: Desolate Land|[of] p1a: Groudon
|turn|16
|
|t:|1660093170
|move|p2a: Rayquaza|Dragon Ascent|p1a: Groudon
|-damage|p1a: Groudon|0 fnt
|-unboost|p2a: Rayquaza|def|1
|-unboost|p2a: Rayquaza|spd|1
|faint|p1a: Groudon
|-weather|none
|
|upkeep
|
|t:|1660093172
|switch|p1a: Rayquaza|Rayquaza-Mega|41/100
|-weather|DeltaStream|[from] ability: Delta Stream|[of] p1a: Rayquaza
|turn|17
|
|t:|1660093179
|move|p1a: Rayquaza|Extreme Speed|p2a: Rayquaza
|-damage|p2a: Rayquaza|7/100
|-damage|p1a: Rayquaza|31/100|[from] item: Life Orb
|move|p2a: Rayquaza|Dragon Ascent|p1a: Rayquaza
|-damage|p1a: Rayquaza|0 fnt
|-unboost|p2a: Rayquaza|def|1
|-unboost|p2a: Rayquaza|spd|1
|faint|p1a: Rayquaza
|
|win|dratini1yt
|raw|Reolio43's rating: 1612 &rarr; <strong>1598</strong><br />(-14 for losing)
|raw|dratini1yt's rating: 1716 &rarr; <strong>1730</strong><br />(+14 for winning)
|c|☆dratini1yt|gg
|c|☆Reolio43|gg
|l|☆dratini1yt
||Ladder isn't responding, score probably updated but might not have (Request timeout).
|player|p1|Reolio43|lucas
