|j|☆Pikaslayer2001
|j|☆Ghosterol
|inactive|Battle timer is ON: inactive players will automatically lose when time's up.
|t:|1664032498
|gametype|singles
|player|p1|Pikaslayer2001|brendan-contest|
|player|p2|Ghosterol|volo|
|teamsize|p1|6
|teamsize|p2|6
|gen|8
|tier|[Gen 8] National Dex AG
|rated|Tournament battle
|rule|HP Percentage Mod: HP is shown in percentages
|rule|Endless Battle Clause: Forcing endless battles is banned
|clearpoke
|poke|p1|Deoxys-Speed|
|poke|p1|Rayquaza|
|poke|p1|Groudon|
|poke|p1|Yveltal|
|poke|p1|Ditto|
|poke|p1|Calyrex-Shadow|
|poke|p2|Groudon|
|poke|p2|Deoxys-Speed|
|poke|p2|Rayquaza|
|poke|p2|Calyrex-Shadow|
|poke|p2|Yveltal|
|poke|p2|Necrozma-Dusk-Mane|
|teampreview
|inactive|Ghosterol also wants the timer to be on.
|j| Karlaaaaaa
|
|t:|1664032503
|start
|switch|p1a: Deoxys|Deoxys-Speed|100/100
|switch|p2a: Deoxys|Deoxys-Speed|100/100
|-ability|p1a: Deoxys|Pressure
|-ability|p2a: Deoxys|Pressure
|turn|1
|
|t:|1664032510
|move|p1a: Deoxys|Magic Coat|p1a: Deoxys
|-singleturn|p1a: Deoxys|move: Magic Coat
|move|p2a: Deoxys|Magic Coat|p2a: Deoxys
|-singleturn|p2a: Deoxys|move: Magic Coat
|
|upkeep
|turn|2
|
|t:|1664032515
|move|p1a: Deoxys|Magic Coat|p1a: Deoxys
|-singleturn|p1a: Deoxys|move: Magic Coat
|move|p2a: Deoxys|Taunt|p1a: Deoxys
|move|p1a: Deoxys|Taunt|p2a: Deoxys|[from]Magic Coat
|-start|p2a: Deoxys|move: Taunt
|
|upkeep
|turn|3
|
|t:|1664032522
|switch|p2a: Yveltal|Yveltal|100/100
|-ability|p2a: Yveltal|Dark Aura
|move|p1a: Deoxys|Stealth Rock|p2a: Yveltal
|-sidestart|p2: Ghosterol|move: Stealth Rock
|
|upkeep
|turn|4
|c|☆Ghosterol|deofog yveltal :/
|c|☆Ghosterol|fear it
|
|t:|1664032540
|move|p1a: Deoxys|Spikes|p2a: Yveltal
|-sidestart|p2: Ghosterol|Spikes
|move|p2a: Yveltal|Dark Pulse|p1a: Deoxys
|-supereffective|p1a: Deoxys
|-enditem|p1a: Deoxys|Focus Sash
|-damage|p1a: Deoxys|1/100
|-damage|p2a: Yveltal|91/100|[from] item: Life Orb
|
|upkeep
|turn|5
|
|t:|1664032550
|-start|p2a: Yveltal|Dynamax|
|-heal|p2a: Yveltal|91/100|[silent]
|move|p1a: Deoxys|Taunt|p2a: Yveltal
|-start|p2a: Yveltal|move: Taunt
|move|p2a: Yveltal|Max Airstream|p1a: Deoxys
|-damage|p1a: Deoxys|0 fnt
|-boost|p2a: Yveltal|spe|1
|faint|p1a: Deoxys
|-damage|p2a: Yveltal|86/100|[from] item: Life Orb
|
|upkeep
|
|t:|1664032559
|switch|p1a: Yveltal|Yveltal|100/100
|-ability|p1a: Yveltal|Dark Aura
|turn|6
|c|☆Ghosterol|dmax
|c|☆Pikaslayer2001|I have seen some stuff so defog on yveltal ho isn’t too far fetched
|c|☆Ghosterol|pingeon battle
|
|t:|1664032585
|-start|p1a: Yveltal|Dynamax|
|-heal|p1a: Yveltal|100/100|[silent]
|move|p2a: Yveltal|Max Airstream|p1a: Yveltal
|-damage|p1a: Yveltal|56/100
|-boost|p2a: Yveltal|spe|1
|-damage|p2a: Yveltal|81/100|[from] item: Life Orb
|move|p1a: Yveltal|Max Airstream|p2a: Yveltal
|-damage|p2a: Yveltal|41/100
|-boost|p1a: Yveltal|spe|1
|-damage|p1a: Yveltal|51/100|[from] item: Life Orb
|
|upkeep
|turn|7
|
|t:|1664032600
|move|p2a: Yveltal|Max Airstream|p1a: Yveltal
|-damage|p1a: Yveltal|4/100
|-boost|p2a: Yveltal|spe|1
|-damage|p2a: Yveltal|36/100|[from] item: Life Orb
|move|p1a: Yveltal|Max Airstream|p2a: Yveltal
|-damage|p2a: Yveltal|0 fnt
|-boost|p1a: Yveltal|spe|1
|faint|p2a: Yveltal
|-damage|p1a: Yveltal|0 fnt|[from] item: Life Orb
|faint|p1a: Yveltal
|
|upkeep
|c|☆Ghosterol|that was so cool tbh
|
|t:|1664032619
|switch|p2a: Deoxys|Deoxys-Speed|100/100
|switch|p1a: Calyrex|Calyrex-Shadow|100/100
|-ability|p1a: Calyrex|As One
|-ability|p1a: Calyrex|Unnerve
|-damage|p2a: Deoxys|88/100|[from] Stealth Rock
|-damage|p2a: Deoxys|76/100|[from] Spikes
|-ability|p2a: Deoxys|Pressure
|turn|8
|c|☆Pikaslayer2001|Double ko be like
|
|t:|1664032629
|move|p2a: Deoxys|Taunt|p1a: Calyrex
|-start|p1a: Calyrex|move: Taunt
|move|p1a: Calyrex|Astral Barrage|p2a: Deoxys
|-supereffective|p2a: Deoxys
|-damage|p2a: Deoxys|0 fnt
|faint|p2a: Deoxys
|-ability|p1a: Calyrex|Grim Neigh|boost
|-boost|p1a: Calyrex|spa|1
|
|upkeep
|
|t:|1664032640
|switch|p2a: Calyrex|Calyrex-Shadow|100/100
|-ability|p2a: Calyrex|As One
|-ability|p2a: Calyrex|Unnerve
|-damage|p2a: Calyrex|88/100|[from] Stealth Rock
|-damage|p2a: Calyrex|76/100|[from] Spikes
|turn|9
|j| Wizarhrd2
|c|☆Ghosterol|all i have to do is win speed tie
|c|☆Pikaslayer2001|U probably are
|c|☆Ghosterol|cmon rex
|c|☆Pikaslayer2001|but…
|
|t:|1664032660
|move|p2a: Calyrex|Astral Barrage|p1a: Calyrex
|-supereffective|p1a: Calyrex
|-enditem|p1a: Calyrex|Focus Sash
|-damage|p1a: Calyrex|1/100
|move|p1a: Calyrex|Astral Barrage|p2a: Calyrex
|-supereffective|p2a: Calyrex
|-crit|p2a: Calyrex
|-damage|p2a: Calyrex|0 fnt
|faint|p2a: Calyrex
|-ability|p1a: Calyrex|Grim Neigh|boost
|-boost|p1a: Calyrex|spa|1
|
|upkeep
|c|☆Ghosterol|nah
|c| Wizarhrd2|lol
|c|☆Ghosterol|i have the rang of a potato on wheels
|
|t:|1664032676
|switch|p2a: Necrozma|Necrozma-Dusk-Mane|100/100
|-damage|p2a: Necrozma|95/100|[from] Stealth Rock
|-damage|p2a: Necrozma|82/100|[from] Spikes
|turn|10
|c|☆Ghosterol|now u swee
|c|☆Ghosterol|gg
|
|t:|1664032688
|move|p1a: Calyrex|Astral Barrage|p2a: Necrozma
|-supereffective|p2a: Necrozma
|-damage|p2a: Necrozma|0 fnt
|faint|p2a: Necrozma
|-ability|p1a: Calyrex|Grim Neigh|boost
|-boost|p1a: Calyrex|spa|1
|
|-end|p1a: Calyrex|move: Taunt
|upkeep
|c|☆Pikaslayer2001|Gg
|
|t:|1664032696
|switch|p2a: Groudon|Groudon|100/100
|-damage|p2a: Groudon|94/100|[from] Stealth Rock
|-damage|p2a: Groudon|82/100|[from] Spikes
|detailschange|p2a: Groudon|Groudon-Primal
|-primal|p2a: Groudon
|-weather|DesolateLand|[from] ability: Desolate Land|[of] p2a: Groudon
|turn|11
|c|☆Pikaslayer2001|Ah yes taunt was very useful after it wore off
|
|t:|1664032717
|move|p1a: Calyrex|Astral Barrage|p2a: Groudon
|-damage|p2a: Groudon|0 fnt
|faint|p2a: Groudon
|-weather|none
|-ability|p1a: Calyrex|Grim Neigh|boost
|-boost|p1a: Calyrex|spa|1
|
|upkeep
|
|t:|1664032725
|switch|p2a: Rayquaza|Rayquaza|100/100
|-damage|p2a: Rayquaza|76/100|[from] Stealth Rock
|-ability|p2a: Rayquaza|Air Lock
|turn|12
|-message|Ghosterol forfeited.
|
|win|Pikaslayer2001
|n|☆Pikaslayer2001|pikaslayer2001
|n|☆Ghosterol|ghosterol
|n| Karlaaaaaa|karlaaaaaa
|n| Wizarhrd2|wizarhrd2
