|j|‽tiggi7
|j|☆World breaker Odin
|t:|1666178901
|gametype|singles
|player|p1|tiggi7|ethan|1717
|player|p2|World breaker Odin|169|1798
|teamsize|p1|6
|teamsize|p2|6
|gen|8
|tier|[Gen 8] National Dex AG
|rated|
|rule|HP Percentage Mod: HP is shown in percentages
|rule|Endless Battle Clause: Forcing endless battles is banned
|clearpoke
|poke|p1|Zygarde|
|poke|p1|Sableye, F|
|poke|p1|Arceus-*|
|poke|p1|Groudon|
|poke|p1|Necrozma-Dusk-Mane|
|poke|p1|Ho-Oh|
|poke|p2|Arceus-*|
|poke|p2|Groudon|
|poke|p2|Necrozma-Dusk-Mane|
|poke|p2|Rayquaza|
|poke|p2|Arceus-*|
|poke|p2|Arceus-*|
|teampreview
|inactive|Battle timer is ON: inactive players will automatically lose when time's up. (requested by World breaker Odin)
|j|+Dragonillis
|
|t:|1666178912
|start
|switch|p1a: Sableye|Sableye, F|100/100
|switch|p2a: Ole reliable|Arceus-Ground, shiny|100/100
|turn|1
|
|t:|1666178924
|detailschange|p1a: Sableye|Sableye-Mega, F
|-mega|p1a: Sableye|Sableye|Sablenite
|move|p2a: Ole reliable|Calm Mind|p2a: Ole reliable
|-boost|p2a: Ole reliable|spa|1
|-boost|p2a: Ole reliable|spd|1
|move|p1a: Sableye|Toxic|p2a: Ole reliable
|-status|p2a: Ole reliable|tox
|
|-damage|p2a: Ole reliable|94/100 tox|[from] psn
|upkeep
|turn|2
|
|t:|1666178934
|switch|p1a: Ho-Oh|Ho-Oh|100/100
|move|p2a: Ole reliable|Judgment|p1a: Ho-Oh
|-immune|p1a: Ho-Oh
|
|-damage|p2a: Ole reliable|82/100 tox|[from] psn
|upkeep
|turn|3
|
|t:|1666178942
|switch|p2a: Free rocks|Groudon, shiny|100/100
|detailschange|p2a: Free rocks|Groudon-Primal, shiny
|-primal|p2a: Free rocks
|-weather|DesolateLand|[from] ability: Desolate Land|[of] p2a: Free rocks
|switch|p1a: Zygarde|Zygarde|100/100
|
|-weather|DesolateLand|[upkeep]
|upkeep
|turn|4
|
|t:|1666178946
|move|p1a: Zygarde|Coil|p1a: Zygarde
|-boost|p1a: Zygarde|atk|1
|-boost|p1a: Zygarde|def|1
|-boost|p1a: Zygarde|accuracy|1
|move|p2a: Free rocks|Toxic|p1a: Zygarde
|-status|p1a: Zygarde|tox
|
|-weather|DesolateLand|[upkeep]
|-damage|p1a: Zygarde|94/100 tox|[from] psn
|upkeep
|turn|5
|
|t:|1666178958
|-weather|none
|switch|p2a: Drip feed|Arceus-Water, shiny|100/100
|move|p1a: Zygarde|Coil|p1a: Zygarde
|-boost|p1a: Zygarde|atk|1
|-boost|p1a: Zygarde|def|1
|-boost|p1a: Zygarde|accuracy|1
|
|-heal|p1a: Zygarde|100/100 tox|[from] item: Leftovers
|-damage|p1a: Zygarde|88/100 tox|[from] psn
|upkeep
|turn|6
|
|t:|1666178969
|-start|p1a: Zygarde|Dynamax|
|-heal|p1a: Zygarde|88/100 tox|[silent]
|move|p2a: Drip feed|Ice Beam|p1a: Zygarde
|-supereffective|p1a: Zygarde
|-damage|p1a: Zygarde|50/100 tox
|move|p1a: Zygarde|Max Quake|p2a: Drip feed
|-damage|p2a: Drip feed|55/100
|-boost|p1a: Zygarde|spd|1
|
|-heal|p1a: Zygarde|53/100 tox|[from] item: Leftovers
|-damage|p1a: Zygarde|43/100 tox|[from] psn
|-activate|p1a: Zygarde|ability: Power Construct
|detailschange|p1a: Zygarde|Zygarde-Complete
|-heal|p1a: Zygarde|63/100 tox|[silent]
|upkeep
|turn|7
|
|t:|1666178984
|switch|p2a: Drunken bagua|Rayquaza|100/100
|-ability|p2a: Drunken bagua|Air Lock
|move|p1a: Zygarde|Max Quake|p2a: Drunken bagua
|-immune|p2a: Drunken bagua
|
|-heal|p1a: Zygarde|66/100 tox|[from] item: Leftovers
|-damage|p1a: Zygarde|54/100 tox|[from] psn
|upkeep
|turn|8
|
|t:|1666178998
|detailschange|p2a: Drunken bagua|Rayquaza-Mega
|-mega|p2a: Drunken bagua|Rayquaza|
|-weather|DeltaStream|[from] ability: Delta Stream|[of] p2a: Drunken bagua
|move|p2a: Drunken bagua|Waterfall|p1a: Zygarde
|-damage|p1a: Zygarde|49/100 tox
|move|p1a: Zygarde|Max Quake|p2a: Drunken bagua
|-immune|p2a: Drunken bagua
|
|-weather|DeltaStream|[upkeep]
|-heal|p1a: Zygarde|52/100 tox|[from] item: Leftovers
|-damage|p1a: Zygarde|36/100 tox|[from] psn
|upkeep
|-end|p1a: Zygarde|Dynamax
|-heal|p1a: Zygarde|36/100 tox|[silent]
|turn|9
|
|t:|1666179001
|move|p2a: Drunken bagua|Waterfall|p1a: Zygarde
|-damage|p1a: Zygarde|27/100 tox
|cant|p1a: Zygarde|flinch
|
|-weather|DeltaStream|[upkeep]
|-heal|p1a: Zygarde|33/100 tox|[from] item: Leftovers
|-damage|p1a: Zygarde|0 fnt|[from] psn
|faint|p1a: Zygarde
|upkeep
|
|t:|1666179011
|switch|p1a: Arceus|Arceus-Dark|100/100
|turn|10
|
|t:|1666179018
|-weather|none
|switch|p2a: Free rocks|Groudon-Primal, shiny|100/100
|-weather|DesolateLand|[from] ability: Desolate Land|[of] p2a: Free rocks
|move|p1a: Arceus|Calm Mind|p1a: Arceus
|-boost|p1a: Arceus|spa|1
|-boost|p1a: Arceus|spd|1
|
|-weather|DesolateLand|[upkeep]
|upkeep
|turn|11
|
|t:|1666179026
|move|p1a: Arceus|Judgment|p2a: Free rocks
|-damage|p2a: Free rocks|28/100
|move|p2a: Free rocks|Toxic|p1a: Arceus
|-status|p1a: Arceus|tox
|
|-weather|DesolateLand|[upkeep]
|-damage|p1a: Arceus|94/100 tox|[from] psn
|upkeep
|turn|12
|
|t:|1666179036
|move|p1a: Arceus|Judgment|p2a: Free rocks
|-damage|p2a: Free rocks|0 fnt
|faint|p2a: Free rocks
|-weather|none
|
|-damage|p1a: Arceus|82/100 tox|[from] psn
|upkeep
|
|t:|1666179039
|switch|p2a: Drunken bagua|Rayquaza-Mega|100/100
|-weather|DeltaStream|[from] ability: Delta Stream|[of] p2a: Drunken bagua
|turn|13
|
|t:|1666179047
|switch|p1a: Necrozma|Necrozma-Dusk-Mane|100/100
|move|p2a: Drunken bagua|Dragon Ascent|p1a: Necrozma
|-resisted|p1a: Necrozma
|-damage|p1a: Necrozma|68/100
|-unboost|p2a: Drunken bagua|def|1
|-unboost|p2a: Drunken bagua|spd|1
|-damage|p2a: Drunken bagua|84/100|[from] item: Rocky Helmet|[of] p1a: Necrozma
|
|-weather|DeltaStream|[upkeep]
|upkeep
|turn|14
|
|t:|1666179056
|-weather|none
|switch|p2a: Ole reliable|Arceus-Ground, shiny|82/100 tox
|move|p1a: Necrozma|Morning Sun|p1a: Necrozma
|-heal|p1a: Necrozma|100/100
|
|-damage|p2a: Ole reliable|76/100 tox|[from] psn
|upkeep
|turn|15
|
|t:|1666179068
|switch|p2a: Drunken bagua|Rayquaza-Mega|84/100
|-weather|DeltaStream|[from] ability: Delta Stream|[of] p2a: Drunken bagua
|switch|p1a: Ho-Oh|Ho-Oh|100/100
|
|-weather|DeltaStream|[upkeep]
|upkeep
|turn|16
|
|t:|1666179073
|switch|p1a: Necrozma|Necrozma-Dusk-Mane|100/100
|move|p2a: Drunken bagua|V-create|p1a: Necrozma
|-supereffective|p1a: Necrozma
|-crit|p1a: Necrozma
|-damage|p1a: Necrozma|0 fnt
|-unboost|p2a: Drunken bagua|spe|1
|-unboost|p2a: Drunken bagua|def|1
|-unboost|p2a: Drunken bagua|spd|1
|-damage|p2a: Drunken bagua|67/100|[from] item: Rocky Helmet|[of] p1a: Necrozma
|faint|p1a: Necrozma
|
|-weather|DeltaStream|[upkeep]
|upkeep
|
|t:|1666179081
|switch|p1a: Groudon|Groudon|100/100
|detailschange|p1a: Groudon|Groudon-Primal
|-primal|p1a: Groudon
|-weather|DesolateLand|[from] ability: Desolate Land|[of] p1a: Groudon
|turn|17
|
|t:|1666179091
|switch|p2a: Ole reliable|Arceus-Ground, shiny|76/100 tox
|move|p1a: Groudon|Rock Polish|p1a: Groudon
|-boost|p1a: Groudon|spe|2
|
|-weather|DesolateLand|[upkeep]
|-damage|p2a: Ole reliable|70/100 tox|[from] psn
|upkeep
|turn|18
|
|t:|1666179099
|switch|p2a: Drunken bagua|Rayquaza-Mega|67/100
|-weather|DeltaStream|[from] ability: Delta Stream|[of] p2a: Drunken bagua
|move|p1a: Groudon|Swords Dance|p1a: Groudon
|-boost|p1a: Groudon|atk|2
|
|-weather|DeltaStream|[upkeep]
|upkeep
|turn|19
|
|t:|1666179112
|move|p1a: Groudon|Rock Tomb|p2a: Drunken bagua
|-activate||deltastream
|-damage|p2a: Drunken bagua|26/100
|-unboost|p2a: Drunken bagua|spe|1
|move|p2a: Drunken bagua|Waterfall|p1a: Groudon
|-supereffective|p1a: Groudon
|-damage|p1a: Groudon|0 fnt
|faint|p1a: Groudon
|
|-weather|DeltaStream|[upkeep]
|upkeep
|
|t:|1666179122
|switch|p1a: Sableye|Sableye-Mega, F|100/100
|turn|20
|
|t:|1666179130
|-weather|none
|switch|p2a: Ole reliable|Arceus-Ground, shiny|70/100 tox
|move|p1a: Sableye|Toxic|p2a: Ole reliable
|-fail|p2a: Ole reliable|tox
|
|-damage|p2a: Ole reliable|64/100 tox|[from] psn
|upkeep
|turn|21
|
|t:|1666179138
|move|p2a: Ole reliable|Recover|p2a: Ole reliable
|-heal|p2a: Ole reliable|100/100 tox
|move|p1a: Sableye|Taunt|p2a: Ole reliable
|-start|p2a: Ole reliable|move: Taunt
|
|-damage|p2a: Ole reliable|88/100 tox|[from] psn
|upkeep
|turn|22
|
|t:|1666179146
|switch|p2a: Drunken bagua|Rayquaza-Mega|26/100
|-weather|DeltaStream|[from] ability: Delta Stream|[of] p2a: Drunken bagua
|move|p1a: Sableye|Knock Off|p2a: Drunken bagua
|-crit|p2a: Drunken bagua
|-damage|p2a: Drunken bagua|0 fnt
|-enditem|p2a: Drunken bagua|Choice Band|[from] move: Knock Off|[of] p1a: Sableye
|faint|p2a: Drunken bagua
|-weather|none
|
|upkeep
|
|t:|1666179157
|switch|p2a: Bad dreams|Arceus-Dark, shiny|100/100
|turn|23
|
|t:|1666179164
|move|p2a: Bad dreams|Magic Coat|p2a: Bad dreams
|-singleturn|p2a: Bad dreams|move: Magic Coat
|move|p1a: Sableye|Toxic|p2a: Bad dreams
|move|p2a: Bad dreams|Toxic|p1a: Sableye|[from]Magic Coat
|-status|p1a: Sableye|tox
|
|-damage|p1a: Sableye|95/100 tox|[from] psn
|upkeep
|turn|24
|
|t:|1666179179
|switch|p2a: Heart of gold|Necrozma-Dusk-Mane, shiny|100/100
|move|p1a: Sableye|Taunt|p2a: Heart of gold
|-start|p2a: Heart of gold|move: Taunt
|
|-damage|p1a: Sableye|83/100 tox|[from] psn
|upkeep
|turn|25
|
|t:|1666179188
|switch|p2a: Bad dreams|Arceus-Dark, shiny|100/100
|move|p1a: Sableye|Knock Off|p2a: Bad dreams
|-resisted|p2a: Bad dreams
|-damage|p2a: Bad dreams|93/100
|
|-damage|p1a: Sableye|65/100 tox|[from] psn
|upkeep
|turn|26
|
|t:|1666179194
|switch|p2a: Heart of gold|Necrozma-Dusk-Mane, shiny|100/100
|move|p1a: Sableye|Recover|p1a: Sableye
|-heal|p1a: Sableye|100/100 tox
|
|-damage|p1a: Sableye|77/100 tox|[from] psn
|upkeep
|turn|27
|
|t:|1666179205
|move|p2a: Heart of gold|Dragon Dance|p2a: Heart of gold
|-boost|p2a: Heart of gold|atk|1
|-boost|p2a: Heart of gold|spe|1
|move|p1a: Sableye|Knock Off|p2a: Heart of gold
|-supereffective|p2a: Heart of gold
|-damage|p2a: Heart of gold|77/100
|-damage|p1a: Sableye|60/100 tox|[from] item: Rocky Helmet|[of] p2a: Heart of gold
|-enditem|p2a: Heart of gold|Rocky Helmet|[from] move: Knock Off|[of] p1a: Sableye
|
|-damage|p1a: Sableye|31/100 tox|[from] psn
|upkeep
|turn|28
|
|t:|1666179216
|move|p2a: Heart of gold|Dragon Dance|p2a: Heart of gold
|-boost|p2a: Heart of gold|atk|1
|-boost|p2a: Heart of gold|spe|1
|move|p1a: Sableye|Toxic|p2a: Heart of gold|[miss]
|-miss|p1a: Sableye|p2a: Heart of gold
|
|-damage|p1a: Sableye|0 fnt|[from] psn
|faint|p1a: Sableye
|upkeep
|
|t:|1666179221
|switch|p1a: Arceus|Arceus-Dark|82/100 tox
|turn|29
|c|☆World breaker Odin|Nice to see mods/auths playing ladder sometimes
|inactive|World breaker Odin has 120 seconds left.
|
|t:|1666179267
|-start|p2a: Heart of gold|Dynamax|
|-heal|p2a: Heart of gold|77/100|[silent]
|move|p2a: Heart of gold|Max Steelspike|p1a: Arceus
|-damage|p1a: Arceus|0 fnt
|-boost|p2a: Heart of gold|def|1
|faint|p1a: Arceus
|
|upkeep
|
|t:|1666179273
|switch|p1a: Ho-Oh|Ho-Oh|100/100
|turn|30
|
|t:|1666179281
|move|p2a: Heart of gold|Max Rockfall|p1a: Ho-Oh
|-supereffective|p1a: Ho-Oh
|-damage|p1a: Ho-Oh|0 fnt
|-weather|Sandstorm
|faint|p1a: Ho-Oh
|
|win|World breaker Odin
|raw|tiggi7's rating: 1717 &rarr; <strong>1702</strong><br />(-15 for losing)
|raw|World breaker Odin's rating: 1798 &rarr; <strong>1813</strong><br />(+15 for winning)
|l|‽tiggi7
|c|☆World breaker Odin|Wp
|l|☆World breaker Odin
||Ladder isn't responding, score probably updated but might not have (Request timeout).
