|j|☆BasakBooster
|j|☆Dual Scal3
|t:|1666159842
|gametype|singles
|player|p1|BasakBooster|lucas|
|player|p2|Dual Scal3|schoolkid-gen4|
|teamsize|p1|6
|teamsize|p2|6
|gen|8
|tier|[Gen 8] National Dex AG
|rule|HP Percentage Mod: HP is shown in percentages
|rule|Endless Battle Clause: Forcing endless battles is banned
|clearpoke
|poke|p1|Arceus-*|
|poke|p1|Groudon|
|poke|p1|Zacian-*|
|poke|p1|Rayquaza|
|poke|p1|Calyrex-Shadow|
|poke|p1|Yveltal|
|poke|p2|Calyrex-Shadow|
|poke|p2|Necrozma-Dusk-Mane|
|poke|p2|Arceus-*|
|poke|p2|Arceus-*|
|poke|p2|Rayquaza|
|poke|p2|Yveltal|
|teampreview
|inactive|Battle timer is ON: inactive players will automatically lose when time's up. (requested by Dual Scal3)
|c|☆BasakBooster|thx
|
|t:|1666159867
|start
|switch|p1a: Rayquaza|Rayquaza|100/100
|switch|p2a: Arceus|Arceus-Fairy|100/100
|-ability|p1a: Rayquaza|Air Lock
|turn|1
|
|t:|1666159880
|switch|p1a: Groudon|Groudon|100/100
|detailschange|p1a: Groudon|Groudon-Primal
|-primal|p1a: Groudon
|-weather|DesolateLand|[from] ability: Desolate Land|[of] p1a: Groudon
|move|p2a: Arceus|Toxic|p1a: Groudon
|-status|p1a: Groudon|tox
|
|-weather|DesolateLand|[upkeep]
|-damage|p1a: Groudon|94/100 tox|[from] psn
|upkeep
|turn|2
|
|t:|1666159891
|switch|p2a: Arceus|Arceus-Dark|100/100
|move|p1a: Groudon|Thunder Wave|p2a: Arceus|[miss]
|-miss|p1a: Groudon|p2a: Arceus
|
|-weather|DesolateLand|[upkeep]
|-damage|p1a: Groudon|82/100 tox|[from] psn
|upkeep
|turn|3
|
|t:|1666159895
|move|p2a: Arceus|Calm Mind|p2a: Arceus
|-boost|p2a: Arceus|spa|1
|-boost|p2a: Arceus|spd|1
|move|p1a: Groudon|Thunder Wave|p2a: Arceus
|-status|p2a: Arceus|par
|
|-weather|DesolateLand|[upkeep]
|-damage|p1a: Groudon|63/100 tox|[from] psn
|upkeep
|turn|4
|
|t:|1666159898
|-weather|none
|switch|p1a: Zacian|Zacian-Crowned|100/100
|-ability|p1a: Zacian|Intrepid Sword|boost
|-boost|p1a: Zacian|atk|1
|cant|p2a: Arceus|par
|
|upkeep
|turn|5
|
|t:|1666159911
|switch|p2a: Necrozma|Necrozma-Dusk-Mane|100/100
|move|p1a: Zacian|Close Combat|p2a: Necrozma
|-damage|p2a: Necrozma|56/100
|-unboost|p1a: Zacian|def|1
|-unboost|p1a: Zacian|spd|1
|-damage|p1a: Zacian|84/100|[from] item: Rocky Helmet|[of] p2a: Necrozma
|
|upkeep
|turn|6
|
|t:|1666159928
|switch|p1a: Arceus|Arceus|100/100
|move|p2a: Necrozma|Moonlight|p2a: Necrozma
|-heal|p2a: Necrozma|100/100
|
|upkeep
|turn|7
|
|t:|1666159941
|move|p1a: Arceus|Swords Dance|p1a: Arceus
|-boost|p1a: Arceus|atk|2
|move|p2a: Necrozma|Toxic|p1a: Arceus
|-status|p1a: Arceus|tox
|-enditem|p1a: Arceus|Lum Berry|[eat]
|-curestatus|p1a: Arceus|tox|[msg]
|
|upkeep
|turn|8
|
|t:|1666159949
|move|p1a: Arceus|Swords Dance|p1a: Arceus
|-boost|p1a: Arceus|atk|2
|move|p2a: Necrozma|Toxic|p1a: Arceus
|-status|p1a: Arceus|tox
|
|-damage|p1a: Arceus|94/100 tox|[from] psn
|upkeep
|turn|9
|
|t:|1666159956
|-start|p1a: Arceus|Dynamax|
|-heal|p1a: Arceus|94/100 tox|[silent]
|-start|p2a: Necrozma|Dynamax|
|-heal|p2a: Necrozma|100/100|[silent]
|move|p1a: Arceus|Max Phantasm|p2a: Necrozma
|-supereffective|p2a: Necrozma
|-damage|p2a: Necrozma|47/100
|-unboost|p2a: Necrozma|def|1
|move|p2a: Necrozma|Max Steelspike|p1a: Arceus
|-damage|p1a: Arceus|74/100 tox
|-boost|p2a: Necrozma|def|1
|
|-damage|p1a: Arceus|68/100 tox|[from] psn
|upkeep
|turn|10
|
|t:|1666159958
|move|p2a: Necrozma|Max Guard|p2a: Necrozma
|-singleturn|p2a: Necrozma|Max Guard
|move|p1a: Arceus|Max Phantasm|p2a: Necrozma
|-activate|p2a: Necrozma|move: Max Guard
|
|-damage|p1a: Arceus|59/100 tox|[from] psn
|upkeep
|turn|11
|
|t:|1666159986
|-end|p2a: Necrozma|Dynamax
|-heal|p2a: Necrozma|47/100|[silent]
|switch|p2a: Rayquaza|Rayquaza|100/100
|-ability|p2a: Rayquaza|Air Lock
|move|p1a: Arceus|Max Phantasm|p2a: Rayquaza
|-damage|p2a: Rayquaza|0 fnt
|faint|p2a: Rayquaza
|
|-damage|p1a: Arceus|46/100 tox|[from] psn
|upkeep
|
|t:|1666159993
|switch|p2a: Calyrex|Calyrex-Shadow|100/100
|-ability|p2a: Calyrex|As One
|-ability|p2a: Calyrex|Unnerve
|-end|p1a: Arceus|Dynamax
|-heal|p1a: Arceus|46/100 tox|[silent]
|turn|12
|
|t:|1666159996
|move|p2a: Calyrex|Psyshock|p1a: Arceus
|-damage|p1a: Arceus|10/100 tox
|move|p1a: Arceus|Shadow Claw|p2a: Calyrex
|-supereffective|p2a: Calyrex
|-damage|p2a: Calyrex|0 fnt
|faint|p2a: Calyrex
|
|-damage|p1a: Arceus|0 fnt|[from] psn
|faint|p1a: Arceus
|upkeep
|
|t:|1666160014
|switch|p2a: Arceus|Arceus-Fairy|100/100
|switch|p1a: Groudon|Groudon-Primal|63/100 tox
|-weather|DesolateLand|[from] ability: Desolate Land|[of] p1a: Groudon
|turn|13
|
|t:|1666160019
|switch|p2a: Arceus|Arceus-Dark|100/100 par
|move|p1a: Groudon|Stealth Rock|p2a: Arceus
|-sidestart|p2: Dual Scal3|move: Stealth Rock
|
|-weather|DesolateLand|[upkeep]
|-damage|p1a: Groudon|57/100 tox|[from] psn
|upkeep
|turn|14
|
|t:|1666160026
|move|p1a: Groudon|Precipice Blades|p2a: Arceus
|-damage|p2a: Arceus|50/100 par
|cant|p2a: Arceus|par
|
|-weather|DesolateLand|[upkeep]
|-damage|p1a: Groudon|45/100 tox|[from] psn
|upkeep
|turn|15
|
|t:|1666160030
|switch|p2a: Yveltal|Yveltal|100/100
|-ability|p2a: Yveltal|Dark Aura
|move|p1a: Groudon|Precipice Blades|p2a: Yveltal
|-immune|p2a: Yveltal
|
|-weather|DesolateLand|[upkeep]
|-damage|p1a: Groudon|26/100 tox|[from] psn
|upkeep
|turn|16
|
|t:|1666160033
|move|p2a: Yveltal|Defog|p1a: Groudon
|-unboost|p1a: Groudon|evasion|1
|-sideend|p2: Dual Scal3|Stealth Rock|[from] move: Defog|[of] p2a: Yveltal
|move|p1a: Groudon|Thunder Wave|p2a: Yveltal
|-status|p2a: Yveltal|par
|
|-weather|DesolateLand|[upkeep]
|-damage|p1a: Groudon|1/100 tox|[from] psn
|upkeep
|turn|17
|
|t:|1666160037
|move|p1a: Groudon|Stealth Rock|p2a: Yveltal
|-sidestart|p2: Dual Scal3|move: Stealth Rock
|move|p2a: Yveltal|Defog|p1a: Groudon
|-unboost|p1a: Groudon|evasion|1
|-sideend|p2: Dual Scal3|Stealth Rock|[from] move: Defog|[of] p2a: Yveltal
|
|-weather|DesolateLand|[upkeep]
|-damage|p1a: Groudon|0 fnt|[from] psn
|faint|p1a: Groudon
|-weather|none
|upkeep
|
|t:|1666160048
|switch|p1a: Rayquaza|Rayquaza|100/100
|-ability|p1a: Rayquaza|Air Lock
|turn|18
|
|t:|1666160059
|detailschange|p1a: Rayquaza|Rayquaza-Mega
|-mega|p1a: Rayquaza|Rayquaza|
|-weather|DeltaStream|[from] ability: Delta Stream|[of] p1a: Rayquaza
|move|p1a: Rayquaza|Dragon Dance|p1a: Rayquaza
|-boost|p1a: Rayquaza|atk|1
|-boost|p1a: Rayquaza|spe|1
|move|p2a: Yveltal|Foul Play|p1a: Rayquaza
|-enditem|p1a: Rayquaza|Focus Sash
|-damage|p1a: Rayquaza|1/100
|
|-weather|DeltaStream|[upkeep]
|upkeep
|turn|19
|
|t:|1666160073
|move|p1a: Rayquaza|Earthquake|p2a: Yveltal
|-immune|p2a: Yveltal
|move|p2a: Yveltal|U-turn|p1a: Rayquaza
|-resisted|p1a: Rayquaza
|-damage|p1a: Rayquaza|0 fnt
|faint|p1a: Rayquaza
|-weather|none
|
|t:|1666160084
|switch|p2a: Arceus|Arceus-Fairy|100/100|[from]move: U-turn
|
|upkeep
|c|☆BasakBooster|ooo
|
|t:|1666160087
|switch|p1a: Zacian|Zacian-Crowned|84/100
|-ability|p1a: Zacian|Intrepid Sword|boost
|-boost|p1a: Zacian|atk|1
|turn|20
|
|t:|1666160090
|move|p1a: Zacian|Behemoth Blade|p2a: Arceus
|-supereffective|p2a: Arceus
|-damage|p2a: Arceus|0 fnt
|faint|p2a: Arceus
|
|upkeep
|
|t:|1666160092
|switch|p2a: Necrozma|Necrozma-Dusk-Mane|47/100
|turn|21
|
|t:|1666160097
|switch|p1a: Yveltal|Yveltal|100/100
|-ability|p1a: Yveltal|Dark Aura
|move|p2a: Necrozma|Moonlight|p2a: Necrozma
|-heal|p2a: Necrozma|97/100
|
|upkeep
|turn|22
|
|t:|1666160107
|switch|p2a: Yveltal|Yveltal|100/100 par
|-ability|p2a: Yveltal|Dark Aura
|move|p1a: Yveltal|Dark Pulse|p2a: Yveltal
|-resisted|p2a: Yveltal
|-damage|p2a: Yveltal|78/100 par
|-damage|p1a: Yveltal|91/100|[from] item: Life Orb
|
|upkeep
|turn|23
|c|☆BasakBooster|did u predict my eq predict?
|
|t:|1666160122
|move|p1a: Yveltal|Oblivion Wing|p2a: Yveltal
|-damage|p2a: Yveltal|43/100 par
|-heal|p1a: Yveltal|100/100|[from] drain|[of] p2a: Yveltal
|-damage|p1a: Yveltal|91/100|[from] item: Life Orb
|move|p2a: Yveltal|Roost|p2a: Yveltal
|-heal|p2a: Yveltal|93/100 par
|-singleturn|p2a: Yveltal|move: Roost
|
|upkeep
|turn|24
|c|☆BasakBooster|that was rly nice lol
|
|t:|1666160129
|move|p1a: Yveltal|Oblivion Wing|p2a: Yveltal
|-damage|p2a: Yveltal|58/100 par
|-heal|p1a: Yveltal|100/100|[from] drain|[of] p2a: Yveltal
|-damage|p1a: Yveltal|91/100|[from] item: Life Orb
|move|p2a: Yveltal|U-turn|p1a: Yveltal
|-damage|p1a: Yveltal|68/100
|
|t:|1666160132
|switch|p2a: Arceus|Arceus-Dark|50/100 par|[from]move: U-turn
|
|upkeep
|turn|25
|
|t:|1666160134
|move|p1a: Yveltal|Oblivion Wing|p2a: Arceus
|-damage|p2a: Arceus|7/100 par
|-heal|p1a: Yveltal|99/100|[from] drain|[of] p2a: Arceus
|-damage|p1a: Yveltal|90/100|[from] item: Life Orb
|cant|p2a: Arceus|par
|
|upkeep
|turn|26
|-message|Dual Scal3 forfeited.
|
|win|BasakBooster
