|j|☆Glaliegoesboom ❤
|j|☆Snake of the Moon
|t:|1659747456
|gametype|singles
|player|p1|Glaliegoesboom ❤|101|
|player|p2|Snake of the Moon|ethan-masters|
|teamsize|p1|6
|teamsize|p2|6
|gen|8
|tier|[Gen 8] National Dex AG
|rule|HP Percentage Mod: HP is shown in percentages
|rule|Endless Battle Clause: Forcing endless battles is banned
|clearpoke
|poke|p1|Camerupt, F|
|poke|p1|Hatterene, F|
|poke|p1|Dracovish|
|poke|p1|Melmetal|
|poke|p1|Calyrex-Ice|
|poke|p1|Alakazam, F|
|poke|p2|Metagross|
|poke|p2|Lunala|
|poke|p2|Gastrodon, M|
|poke|p2|Corviknight, F|
|poke|p2|Gyarados, F|
|poke|p2|Tapu Fini|
|teampreview
|inactive|Battle timer is ON: inactive players will automatically lose when time's up. (requested by Glaliegoesboom ❤)
|inactive|Snake of the Moon also wants the timer to be on.
|c|☆Snake of the Moon|Hf
|
|t:|1659747472
|start
|switch|p1a: Hatterene|Hatterene, F|100/100
|switch|p2a: Metagross|Metagross|100/100
|turn|1
|c|☆Glaliegoesboom ❤|U2
|inactive|Glaliegoesboom ❤ has 270 seconds left.
|
|t:|1659747512
|move|p2a: Metagross|Meteor Mash|p1a: Hatterene
|-supereffective|p1a: Hatterene
|-enditem|p1a: Hatterene|Focus Sash
|-damage|p1a: Hatterene|1/100
|move|p1a: Hatterene|Trick Room|p1a: Hatterene
|-fieldstart|move: Trick Room|[of] p1a: Hatterene
|
|upkeep
|turn|2
|
|t:|1659747519
|move|p2a: Metagross|Bullet Punch|p1a: Hatterene
|-supereffective|p1a: Hatterene
|-damage|p1a: Hatterene|0 fnt
|faint|p1a: Hatterene
|
|upkeep
|
|t:|1659747522
|switch|p1a: Melmetal|Melmetal|100/100
|turn|3
|
|t:|1659747531
|move|p1a: Melmetal|Acid Armor|p1a: Melmetal
|-boost|p1a: Melmetal|def|2
|move|p2a: Metagross|Stealth Rock|p1a: Melmetal
|-sidestart|p1: Glaliegoesboom ❤|move: Stealth Rock
|
|upkeep
|turn|4
|
|t:|1659747538
|switch|p2a: Corviknight|Corviknight, F|100/100
|-ability|p2a: Corviknight|Pressure
|move|p1a: Melmetal|Acid Armor|p1a: Melmetal
|-boost|p1a: Melmetal|def|2
|
|upkeep
|turn|5
|
|t:|1659747543
|move|p1a: Melmetal|Body Press|p2a: Corviknight
|-damage|p2a: Corviknight|52/100
|move|p2a: Corviknight|Iron Defense|p2a: Corviknight
|-boost|p2a: Corviknight|def|2
|
|-heal|p2a: Corviknight|58/100|[from] item: Leftovers
|-fieldend|move: Trick Room
|upkeep
|turn|6
|
|t:|1659747548
|move|p2a: Corviknight|Iron Defense|p2a: Corviknight
|-boost|p2a: Corviknight|def|2
|move|p1a: Melmetal|Acid Armor|p1a: Melmetal
|-boost|p1a: Melmetal|def|2
|
|-heal|p2a: Corviknight|65/100|[from] item: Leftovers
|upkeep
|turn|7
|
|t:|1659747552
|move|p2a: Corviknight|Iron Defense|p2a: Corviknight
|-boost|p2a: Corviknight|def|2
|move|p1a: Melmetal|Body Press|p2a: Corviknight
|-damage|p2a: Corviknight|48/100
|
|-heal|p2a: Corviknight|54/100|[from] item: Leftovers
|upkeep
|turn|8
|
|t:|1659747555
|move|p2a: Corviknight|Roost|p2a: Corviknight
|-heal|p2a: Corviknight|100/100
|-singleturn|p2a: Corviknight|move: Roost
|move|p1a: Melmetal|Body Press|p2a: Corviknight
|-supereffective|p2a: Corviknight
|-damage|p2a: Corviknight|69/100
|
|-heal|p2a: Corviknight|75/100|[from] item: Leftovers
|upkeep
|turn|9
|
|t:|1659747562
|move|p2a: Corviknight|Body Press|p1a: Melmetal
|-supereffective|p1a: Melmetal
|-damage|p1a: Melmetal|68/100
|move|p1a: Melmetal|Body Press|p2a: Corviknight
|-damage|p2a: Corviknight|59/100
|
|-heal|p2a: Corviknight|65/100|[from] item: Leftovers
|upkeep
|turn|10
|
|t:|1659747590
|move|p2a: Corviknight|Body Press|p1a: Melmetal
|-supereffective|p1a: Melmetal
|-damage|p1a: Melmetal|37/100
|move|p1a: Melmetal|Body Press|p2a: Corviknight
|-damage|p2a: Corviknight|50/100
|
|-heal|p2a: Corviknight|56/100|[from] item: Leftovers
|upkeep
|turn|11
|
|t:|1659747597
|move|p2a: Corviknight|Body Press|p1a: Melmetal
|-supereffective|p1a: Melmetal
|-damage|p1a: Melmetal|7/100
|move|p1a: Melmetal|Body Press|p2a: Corviknight
|-damage|p2a: Corviknight|40/100
|
|-heal|p2a: Corviknight|46/100|[from] item: Leftovers
|upkeep
|turn|12
|
|t:|1659747609
|move|p2a: Corviknight|Roost|p2a: Corviknight
|-heal|p2a: Corviknight|96/100
|-singleturn|p2a: Corviknight|move: Roost
|move|p1a: Melmetal|Body Press|p2a: Corviknight
|-supereffective|p2a: Corviknight
|-damage|p2a: Corviknight|67/100
|
|-heal|p2a: Corviknight|73/100|[from] item: Leftovers
|upkeep
|turn|13
|
|t:|1659747616
|move|p2a: Corviknight|Roost|p2a: Corviknight
|-heal|p2a: Corviknight|100/100
|-singleturn|p2a: Corviknight|move: Roost
|move|p1a: Melmetal|Body Press|p2a: Corviknight
|-supereffective|p2a: Corviknight
|-damage|p2a: Corviknight|71/100
|
|-heal|p2a: Corviknight|78/100|[from] item: Leftovers
|upkeep
|turn|14
|
|t:|1659747628
|move|p2a: Corviknight|Body Press|p1a: Melmetal
|-supereffective|p1a: Melmetal
|-damage|p1a: Melmetal|0 fnt
|faint|p1a: Melmetal
|
|-heal|p2a: Corviknight|84/100|[from] item: Leftovers
|upkeep
|
|t:|1659747629
|switch|p1a: Alakazam|Alakazam, F|100/100
|-damage|p1a: Alakazam|88/100|[from] Stealth Rock
|turn|15
|
|t:|1659747633
|move|p2a: Corviknight|Body Press|p1a: Alakazam
|-resisted|p1a: Alakazam
|-damage|p1a: Alakazam|0 fnt
|faint|p1a: Alakazam
|
|-heal|p2a: Corviknight|90/100|[from] item: Leftovers
|upkeep
|c|☆Glaliegoesboom ❤|Gg
|c|☆Snake of the Moon|Ggwp
|-message|Glaliegoesboom ❤ forfeited.
|
|win|Snake of the Moon
|l|☆Glaliegoesboom ❤
