|j|☆Kenesitto
|j|☆CLEAR GEM清瑜
|t:|1664635850
|gametype|singles
|player|p1|Kenesitto|red|1660
|player|p2|CLEAR GEM清瑜|skierf|1772
|teamsize|p1|6
|teamsize|p2|6
|gen|8
|tier|[Gen 8] National Dex AG
|rated|
|rule|HP Percentage Mod: HP is shown in percentages
|rule|Endless Battle Clause: Forcing endless battles is banned
|clearpoke
|poke|p1|Marshadow|
|poke|p1|Arceus-*|
|poke|p1|Calyrex-Shadow|
|poke|p1|Eternatus|
|poke|p1|Zacian-*|
|poke|p1|Yveltal|
|poke|p2|Zacian-*|
|poke|p2|Yveltal|
|poke|p2|Necrozma-Dusk-Mane|
|poke|p2|Arceus-*|
|poke|p2|Tyranitar, F|
|poke|p2|Arceus-*|
|teampreview
|inactive|Battle timer is ON: inactive players will automatically lose when time's up. (requested by CLEAR GEM清瑜)
|
|t:|1664635862
|start
|switch|p1a: Bidóof|Arceus-Ground|100/100
|switch|p2a: Necrozma|Necrozma-Dusk-Mane|100/100
|turn|1
|
|t:|1664635865
|move|p1a: Bidóof|Judgment|p2a: Necrozma
|-supereffective|p2a: Necrozma
|-damage|p2a: Necrozma|21/100
|move|p2a: Necrozma|Stealth Rock|p1a: Bidóof
|-sidestart|p1: Kenesitto|move: Stealth Rock
|
|upkeep
|turn|2
|
|t:|1664635868
|move|p1a: Bidóof|Judgment|p2a: Necrozma
|-supereffective|p2a: Necrozma
|-damage|p2a: Necrozma|0 fnt
|faint|p2a: Necrozma
|
|upkeep
|
|t:|1664635872
|switch|p2a: Arceus|Arceus-Ground|100/100
|turn|3
|
|t:|1664635877
|move|p2a: Arceus|Bullet Seed|p1a: Bidóof
|-supereffective|p1a: Bidóof
|-damage|p1a: Bidóof|88/100
|-supereffective|p1a: Bidóof
|-damage|p1a: Bidóof|75/100
|-supereffective|p1a: Bidóof
|-damage|p1a: Bidóof|62/100
|-supereffective|p1a: Bidóof
|-damage|p1a: Bidóof|48/100
|-hitcount|p1a: Bidóof|4
|move|p1a: Bidóof|Defog|p2a: Arceus
|-unboost|p2a: Arceus|evasion|1
|-sideend|p1: Kenesitto|Stealth Rock|[from] move: Defog|[of] p1a: Bidóof
|
|upkeep
|turn|4
|
|t:|1664635881
|move|p2a: Arceus|Bullet Seed|p1a: Bidóof
|-supereffective|p1a: Bidóof
|-damage|p1a: Bidóof|35/100
|-supereffective|p1a: Bidóof
|-damage|p1a: Bidóof|23/100
|-supereffective|p1a: Bidóof
|-damage|p1a: Bidóof|10/100
|-hitcount|p1a: Bidóof|3
|move|p1a: Bidóof|Stealth Rock|p2a: Arceus
|-sidestart|p2: CLEAR GEM清瑜|move: Stealth Rock
|
|upkeep
|turn|5
|
|t:|1664635890
|move|p2a: Arceus|Bullet Seed|p1a: Bidóof
|-supereffective|p1a: Bidóof
|-damage|p1a: Bidóof|0 fnt
|faint|p1a: Bidóof
|-hitcount|p1: Bidóof|1
|
|upkeep
|
|t:|1664635893
|switch|p1a: dragon thing|Eternatus|100/100
|-ability|p1a: dragon thing|Pressure
|turn|6
|
|t:|1664635896
|switch|p1a: Birb|Yveltal|100/100
|-ability|p1a: Birb|Dark Aura
|move|p2a: Arceus|Earthquake|p1a: Birb
|-immune|p1a: Birb
|
|upkeep
|turn|7
|
|t:|1664635899
|move|p2a: Arceus|Stone Edge|p1a: Birb
|-supereffective|p1a: Birb
|-damage|p1a: Birb|37/100
|move|p1a: Birb|Oblivion Wing|p2a: Arceus
|-damage|p2a: Arceus|60/100
|-heal|p1a: Birb|67/100|[from] drain|[of] p2a: Arceus
|-damage|p1a: Birb|57/100|[from] item: Life Orb
|
|upkeep
|turn|8
|
|t:|1664635904
|move|p1a: Birb|Sucker Punch|p2a: Arceus
|-damage|p2a: Arceus|22/100
|-damage|p1a: Birb|47/100|[from] item: Life Orb
|move|p2a: Arceus|Stone Edge|p1a: Birb
|-supereffective|p1a: Birb
|-damage|p1a: Birb|0 fnt
|faint|p1a: Birb
|
|upkeep
|
|t:|1664635907
|switch|p1a: Horse|Calyrex-Shadow|100/100
|-ability|p1a: Horse|As One
|-ability|p1a: Horse|Unnerve
|turn|9
|
|t:|1664635910
|move|p1a: Horse|Energy Ball|p2a: Arceus
|-supereffective|p2a: Arceus
|-damage|p2a: Arceus|0 fnt
|faint|p2a: Arceus
|-ability|p1a: Horse|Grim Neigh|boost
|-boost|p1a: Horse|spa|1
|
|upkeep
|
|t:|1664635912
|switch|p2a: Tyranitar|Tyranitar, F|100/100
|-damage|p2a: Tyranitar|88/100|[from] Stealth Rock
|-weather|Sandstorm|[from] ability: Sand Stream|[of] p2a: Tyranitar
|turn|10
|
|t:|1664635917
|detailschange|p2a: Tyranitar|Tyranitar-Mega, F
|-mega|p2a: Tyranitar|Tyranitar|Tyranitarite
|move|p1a: Horse|Energy Ball|p2a: Tyranitar
|-supereffective|p2a: Tyranitar
|-damage|p2a: Tyranitar|49/100
|move|p2a: Tyranitar|Stealth Rock|p1a: Horse
|-sidestart|p1: Kenesitto|move: Stealth Rock
|
|-weather|Sandstorm|[upkeep]
|-damage|p1a: Horse|94/100|[from] Sandstorm
|upkeep
|turn|11
|
|t:|1664635922
|move|p1a: Horse|Energy Ball|p2a: Tyranitar
|-supereffective|p2a: Tyranitar
|-damage|p2a: Tyranitar|9/100
|move|p2a: Tyranitar|Pursuit|p1a: Horse
|-supereffective|p1a: Horse
|-damage|p1a: Horse|0 fnt
|faint|p1a: Horse
|
|-weather|Sandstorm|[upkeep]
|upkeep
|
|t:|1664635929
|switch|p1a: Doge|Zacian-Crowned|100/100
|-damage|p1a: Doge|94/100|[from] Stealth Rock
|-ability|p1a: Doge|Intrepid Sword|boost
|-boost|p1a: Doge|atk|1
|turn|12
|
|t:|1664635934
|move|p1a: Doge|Behemoth Blade|p2a: Tyranitar
|-supereffective|p2a: Tyranitar
|-damage|p2a: Tyranitar|0 fnt
|faint|p2a: Tyranitar
|
|-weather|Sandstorm|[upkeep]
|upkeep
|
|t:|1664635935
|switch|p2a: Arceus|Arceus-Water|100/100
|-damage|p2a: Arceus|88/100|[from] Stealth Rock
|turn|13
|
|t:|1664635940
|move|p1a: Doge|Thunder Fang|p2a: Arceus|[miss]
|-miss|p1a: Doge|p2a: Arceus
|move|p2a: Arceus|Will-O-Wisp|p1a: Doge|[miss]
|-miss|p2a: Arceus|p1a: Doge
|
|-weather|Sandstorm|[upkeep]
|-damage|p2a: Arceus|82/100|[from] Sandstorm
|upkeep
|turn|14
|
|t:|1664635945
|move|p1a: Doge|Thunder Fang|p2a: Arceus
|-supereffective|p2a: Arceus
|-damage|p2a: Arceus|39/100
|move|p2a: Arceus|Will-O-Wisp|p1a: Doge
|-status|p1a: Doge|brn
|
|-weather|none
|-damage|p1a: Doge|88/100 brn|[from] brn
|upkeep
|turn|15
|
|t:|1664635950
|move|p1a: Doge|Thunder Fang|p2a: Arceus
|-supereffective|p2a: Arceus
|-damage|p2a: Arceus|17/100
|move|p2a: Arceus|Judgment|p1a: Doge
|-damage|p1a: Doge|45/100 brn
|
|-damage|p1a: Doge|39/100 brn|[from] brn
|upkeep
|turn|16
|
|t:|1664635954
|move|p1a: Doge|Thunder Fang|p2a: Arceus
|-supereffective|p2a: Arceus
|-damage|p2a: Arceus|0 fnt
|faint|p2a: Arceus
|
|-damage|p1a: Doge|33/100 brn|[from] brn
|upkeep
|
|t:|1664635959
|switch|p2a: Y鸟|Yveltal|100/100
|-damage|p2a: Y鸟|76/100|[from] Stealth Rock
|-ability|p2a: Y鸟|Dark Aura
|turn|17
|
|t:|1664635962
|-start|p2a: Y鸟|Dynamax|
|-heal|p2a: Y鸟|76/100|[silent]
|move|p1a: Doge|Play Rough|p2a: Y鸟
|-supereffective|p2a: Y鸟
|-damage|p2a: Y鸟|38/100
|move|p2a: Y鸟|Max Airstream|p1a: Doge
|-resisted|p1a: Doge
|-crit|p1a: Doge
|-damage|p1a: Doge|0 fnt
|-boost|p2a: Y鸟|spe|1
|faint|p1a: Doge
|-damage|p2a: Y鸟|33/100|[from] item: Life Orb
|
|upkeep
|
|t:|1664635965
|switch|p1a: dragon thing|Eternatus|100/100
|-damage|p1a: dragon thing|88/100|[from] Stealth Rock
|-ability|p1a: dragon thing|Pressure
|turn|18
|
|t:|1664635968
|move|p2a: Y鸟|Max Darkness|p1a: dragon thing
|-damage|p1a: dragon thing|0 fnt
|faint|p1a: dragon thing
|-damage|p2a: Y鸟|29/100|[from] item: Life Orb
|
|upkeep
|
|t:|1664635970
|switch|p1a: Shady Guy|Marshadow|100/100
|-damage|p1a: Shady Guy|94/100|[from] Stealth Rock
|turn|19
|
|t:|1664635973
|move|p2a: Y鸟|Max Airstream|p1a: Shady Guy
|-supereffective|p1a: Shady Guy
|-damage|p1a: Shady Guy|0 fnt
|-boost|p2a: Y鸟|spe|1
|faint|p1a: Shady Guy
|-damage|p2a: Y鸟|24/100|[from] item: Life Orb
|
|win|CLEAR GEM清瑜
|raw|Kenesitto's rating: 1660 &rarr; <strong>1646</strong><br />(-14 for losing)
|raw|CLEAR GEM清瑜's rating: 1772 &rarr; <strong>1786</strong><br />(+14 for winning)
|l|☆Kenesitto
||Ladder isn't responding, score probably updated but might not have (Request timeout).
