|j|☆sleepykomala98
|j|☆Ike745
|t:|1656195640
|gametype|singles
|player|p1|sleepykomala98|265|
|player|p2|Ike745|101|
|teamsize|p1|6
|teamsize|p2|6
|gen|8
|tier|[Gen 8] National Dex AG
|rule|HP Percentage Mod: HP is shown in percentages
|rule|Endless Battle Clause: Forcing endless battles is banned
|clearpoke
|poke|p1|Deoxys-Attack|
|poke|p1|Kingdra, F|
|poke|p1|Komala, F|
|poke|p1|Latias, F|
|poke|p1|Xatu, M|
|poke|p1|Seismitoad, M|
|poke|p2|Rillaboom, F|
|poke|p2|Calyrex-Shadow|
|poke|p2|Tapu Lele|
|poke|p2|Cinderace, M|
|poke|p2|Blissey, F|
|poke|p2|Ferrothorn, F|
|teampreview
|
|t:|1656195666
|start
|switch|p1a: Latias|Latias, F|100/100
|switch|p2a: Tapu Lele|Tapu Lele, shiny|100/100
|-fieldstart|move: Psychic Terrain|[from] ability: Psychic Surge|[of] p2a: Tapu Lele
|turn|1
|
|t:|1656195701
|move|p2a: Tapu Lele|Moonblast|p1a: Latias
|-supereffective|p1a: Latias
|-damage|p1a: Latias|29/100
|move|p1a: Latias|Aura Sphere|p2a: Tapu Lele
|-resisted|p2a: Tapu Lele
|-damage|p2a: Tapu Lele|96/100
|
|upkeep
|turn|2
|
|t:|1656195709
|move|p2a: Tapu Lele|Moonblast|p1a: Latias
|-supereffective|p1a: Latias
|-damage|p1a: Latias|0 fnt
|faint|p1a: Latias
|
|upkeep
|
|t:|1656195720
|switch|p1a: Seismitoad|Seismitoad, M, shiny|100/100
|turn|3
|
|t:|1656195728
|switch|p2a: Ferrothorn|Ferrothorn, F|100/100
|move|p1a: Seismitoad|Earthquake|p2a: Ferrothorn
|-damage|p2a: Ferrothorn|64/100
|-damage|p1a: Seismitoad|91/100|[from] item: Life Orb
|
|upkeep
|turn|4
|
|t:|1656195741
|move|p1a: Seismitoad|Liquidation|p2a: Ferrothorn
|-resisted|p2a: Ferrothorn
|-damage|p2a: Ferrothorn|48/100
|-damage|p1a: Seismitoad|78/100|[from] ability: Iron Barbs|[of] p2a: Ferrothorn
|-damage|p1a: Seismitoad|68/100|[from] item: Life Orb
|move|p2a: Ferrothorn|Stealth Rock|p1a: Seismitoad
|-sidestart|p1: sleepykomala98|move: Stealth Rock
|
|upkeep
|turn|5
|
|t:|1656195753
|move|p1a: Seismitoad|Earthquake|p2a: Ferrothorn
|-damage|p2a: Ferrothorn|14/100
|-damage|p1a: Seismitoad|58/100|[from] item: Life Orb
|move|p2a: Ferrothorn|Leech Seed|p1a: Seismitoad|[miss]
|-miss|p2a: Ferrothorn|p1a: Seismitoad
|
|-fieldend|move: Psychic Terrain
|upkeep
|turn|6
|
|t:|1656195766
|switch|p2a: Rillaboom|Rillaboom, F|100/100
|-fieldstart|move: Grassy Terrain|[from] ability: Grassy Surge|[of] p2a: Rillaboom
|move|p1a: Seismitoad|Ice Punch|p2a: Rillaboom
|-supereffective|p2a: Rillaboom
|-damage|p2a: Rillaboom|41/100
|-damage|p1a: Seismitoad|48/100|[from] item: Life Orb
|
|-heal|p1a: Seismitoad|54/100|[from] Grassy Terrain
|-heal|p2a: Rillaboom|47/100|[from] Grassy Terrain
|upkeep
|turn|7
|
|t:|1656195780
|move|p2a: Rillaboom|Grassy Glide|p1a: Seismitoad
|-supereffective|p1a: Seismitoad
|-damage|p1a: Seismitoad|0 fnt
|faint|p1a: Seismitoad
|
|-heal|p2a: Rillaboom|53/100|[from] Grassy Terrain
|upkeep
|
|t:|1656195788
|switch|p1a: Kingdra|Kingdra, F, shiny|100/100
|-damage|p1a: Kingdra|88/100|[from] Stealth Rock
|turn|8
|j| Sean&Andy
|
|t:|1656195829
|move|p2a: Rillaboom|Grassy Glide|p1a: Kingdra
|-damage|p1a: Kingdra|0 fnt
|faint|p1a: Kingdra
|
|-heal|p2a: Rillaboom|60/100|[from] Grassy Terrain
|upkeep
|
|t:|1656195835
|switch|p1a: Xatu|Xatu, M|100/100
|turn|9
|
|t:|1656195849
|switch|p2a: Blissey|Blissey, F|100/100
|move|p1a: Xatu|Night Shade|p2a: Blissey
|-immune|p2a: Blissey
|
|upkeep
|turn|10
|
|t:|1656195857
|move|p1a: Xatu|U-turn|p2a: Blissey
|-damage|p2a: Blissey|90/100
|
|t:|1656195861
|switch|p1a: Deoxys|Deoxys-Attack|100/100|[from]move: U-turn
|-damage|p1a: Deoxys|88/100|[from] Stealth Rock
|-ability|p1a: Deoxys|Pressure
|move|p2a: Blissey|Toxic|p1a: Deoxys
|-status|p1a: Deoxys|tox
|
|-heal|p1a: Deoxys|94/100 tox|[from] Grassy Terrain
|-heal|p2a: Blissey|96/100|[from] Grassy Terrain
|-heal|p2a: Blissey|100/100|[from] item: Leftovers
|-damage|p1a: Deoxys|88/100 tox|[from] psn
|-fieldend|move: Grassy Terrain
|upkeep
|turn|11
|
|t:|1656195877
|switch|p2a: Ferrothorn|Ferrothorn, F|14/100
|move|p1a: Deoxys|Shadow Ball|p2a: Ferrothorn
|-damage|p2a: Ferrothorn|0 fnt
|faint|p2a: Ferrothorn
|
|-damage|p1a: Deoxys|76/100 tox|[from] psn
|upkeep
|
|t:|1656195899
|switch|p2a: Cinderace|Cinderace, M|100/100
|turn|12
|
|t:|1656195904
|move|p2a: Cinderace|Sucker Punch|p1a: Deoxys
|-start|p2a: Cinderace|typechange|Dark|[from] ability: Libero
|-supereffective|p1a: Deoxys
|-damage|p1a: Deoxys|0 fnt
|faint|p1a: Deoxys
|
|upkeep
|
|t:|1656195911
|switch|p1a: Komala|Komala, F, shiny|100/100
|-damage|p1a: Komala|88/100|[from] Stealth Rock
|-ability|p1a: Komala|Comatose
|turn|13
|
|t:|1656195947
|move|p2a: Cinderace|Sucker Punch|p1a: Komala
|-damage|p1a: Komala|1/100
|move|p1a: Komala|Sucker Punch||[still]
|-fail|p1a: Komala
|
|upkeep
|turn|14
|
|t:|1656195955
|move|p2a: Cinderace|Sucker Punch|p1a: Komala
|-damage|p1a: Komala|0 fnt
|faint|p1a: Komala
|
|upkeep
|
|t:|1656195960
|switch|p1a: Xatu|Xatu, M|100/100
|turn|15
|
|t:|1656195966
|move|p2a: Cinderace|Sucker Punch|p1a: Xatu
|-supereffective|p1a: Xatu
|-damage|p1a: Xatu|0 fnt
|faint|p1a: Xatu
|
|win|Ike745
|c|☆Ike745|gg
|c|☆sleepykomala98|GG
