|j|☆Alkir
|j|☆Singaporeleo
|t:|1611059990
|player|p1|Alkir|grimsley|1620
|player|p2|Singaporeleo|2|1543
|teamsize|p1|6
|teamsize|p2|6
|gametype|singles
|gen|8
|tier|[Gen 8] National Dex AG
|rated|
|clearpoke
|poke|p1|Zacian-Crowned|
|poke|p1|Xerneas|
|poke|p1|Groudon|
|poke|p1|Rayquaza|
|poke|p1|Lugia|
|poke|p1|Marshadow|
|poke|p2|Rayquaza|
|poke|p2|Yveltal|
|poke|p2|Groudon|
|poke|p2|Necrozma-Dusk-Mane|
|poke|p2|Ditto|
|poke|p2|Arceus-*|
|rule|HP Percentage Mod: HP is shown in percentages
|rule|Endless Battle Clause: Forcing endless battles is banned
|teampreview
|
|t:|1611060012
|start
|switch|p1a: Groudon|Groudon, shiny|100/100
|switch|p2a: Arceus|Arceus-Ground|100/100
|detailschange|p1a: Groudon|Groudon-Primal, shiny
|-primal|p1a: Groudon
|-weather|DesolateLand|[from] ability: Desolate Land|[of] p1a: Groudon
|turn|1
|inactive|Battle timer is ON: inactive players will automatically lose when time's up. (requested by Alkir)
|
|t:|1611060030
|move|p2a: Arceus|Toxic|p1a: Groudon
|-status|p1a: Groudon|tox
|move|p1a: Groudon|Stealth Rock|p2a: Arceus
|-sidestart|p2: Singaporeleo|move: Stealth Rock
|
|-weather|DesolateLand|[upkeep]
|-damage|p1a: Groudon|94/100 tox|[from] psn
|upkeep
|turn|2
|
|t:|1611060040
|move|p2a: Arceus|Judgment|p1a: Groudon
|-supereffective|p1a: Groudon
|-damage|p1a: Groudon|29/100 tox
|move|p1a: Groudon|Precipice Blades|p2a: Arceus|[miss]
|-miss|p1a: Groudon|p2a: Arceus
|
|-weather|DesolateLand|[upkeep]
|-damage|p1a: Groudon|17/100 tox|[from] psn
|upkeep
|turn|3
|
|t:|1611060054
|move|p2a: Arceus|Ice Beam|p1a: Groudon
|-damage|p1a: Groudon|1/100 tox
|move|p1a: Groudon|Stealth Rock||[still]
|-fail|p1a: Groudon
|
|-weather|DesolateLand|[upkeep]
|-damage|p1a: Groudon|0 fnt|[from] psn
|faint|p1a: Groudon
|-weather|none
|upkeep
|
|t:|1611060066
|switch|p1a: Zacian|Zacian-Crowned|100/100
|-ability|p1a: Zacian|Intrepid Sword|boost
|-boost|p1a: Zacian|atk|1
|turn|4
|
|t:|1611060073
|move|p1a: Zacian|Behemoth Blade|p2a: Arceus
|-damage|p2a: Arceus|51/100
|move|p2a: Arceus|Judgment|p1a: Zacian
|-supereffective|p1a: Zacian
|-damage|p1a: Zacian|8/100
|
|upkeep
|turn|5
|
|t:|1611060088
|switch|p1a: Rayquaza|Rayquaza|100/100
|-ability|p1a: Rayquaza|Air Lock
|move|p2a: Arceus|Judgment|p1a: Rayquaza
|-immune|p1a: Rayquaza
|
|upkeep
|turn|6
|
|t:|1611060105
|detailschange|p1a: Rayquaza|Rayquaza-Mega
|-mega|p1a: Rayquaza|Rayquaza|
|-weather|DeltaStream|[from] ability: Delta Stream|[of] p1a: Rayquaza
|move|p1a: Rayquaza|Dragon Ascent|p2a: Arceus
|-damage|p2a: Arceus|13/100
|-unboost|p1a: Rayquaza|def|1
|-unboost|p1a: Rayquaza|spd|1
|move|p2a: Arceus|Ice Beam|p1a: Rayquaza
|-activate||deltastream
|-supereffective|p1a: Rayquaza
|-damage|p1a: Rayquaza|22/100
|
|-weather|DeltaStream|[upkeep]
|upkeep
|turn|7
|
|t:|1611060124
|switch|p2a: Necrozma|Necrozma-Dusk-Mane|100/100
|-damage|p2a: Necrozma|94/100|[from] Stealth Rock
|move|p1a: Rayquaza|Dragon Ascent|p2a: Necrozma
|-resisted|p2a: Necrozma
|-damage|p2a: Necrozma|68/100
|-unboost|p1a: Rayquaza|def|1
|-unboost|p1a: Rayquaza|spd|1
|
|-weather|DeltaStream|[upkeep]
|upkeep
|turn|8
|inactive|Singaporeleo has 120 seconds left.
|
|t:|1611060147
|-weather|none
|switch|p1a: Marshadow|Marshadow|100/100
|move|p2a: Necrozma|Sunsteel Strike|p1a: Marshadow
|-damage|p1a: Marshadow|28/100
|
|upkeep
|turn|9
|inactive|Singaporeleo has 120 seconds left.
|
|t:|1611060170
|switch|p2a: Yveltal|Yveltal, shiny|100/100
|-damage|p2a: Yveltal|76/100|[from] Stealth Rock
|-ability|p2a: Yveltal|Dark Aura
|move|p1a: Marshadow|Spectral Thief|p2a: Yveltal
|-resisted|p2a: Yveltal
|-damage|p2a: Yveltal|56/100
|
|upkeep
|turn|10
|
|t:|1611060182
|move|p1a: Marshadow|Close Combat|p2a: Yveltal
|-damage|p2a: Yveltal|4/100
|-unboost|p1a: Marshadow|def|1
|-unboost|p1a: Marshadow|spd|1
|move|p2a: Yveltal|Defog|p1a: Marshadow
|-unboost|p1a: Marshadow|evasion|1
|-sideend|p2: Singaporeleo|Stealth Rock|[from] move: Defog|[of] p2a: Yveltal
|
|upkeep
|turn|11
|
|t:|1611060204
|move|p1a: Marshadow|Shadow Sneak|p2a: Yveltal
|-resisted|p2a: Yveltal
|-damage|p2a: Yveltal|0 fnt
|faint|p2a: Yveltal
|
|upkeep
|
|t:|1611060214
|switch|p2a: Groudon|Groudon|100/100
|detailschange|p2a: Groudon|Groudon-Primal
|-primal|p2a: Groudon
|-weather|DesolateLand|[from] ability: Desolate Land|[of] p2a: Groudon
|turn|12
|inactive|Singaporeleo has 90 seconds left.
|
|t:|1611060230
|move|p1a: Marshadow|Close Combat|p2a: Groudon
|-damage|p2a: Groudon|57/100
|-unboost|p1a: Marshadow|def|1
|-unboost|p1a: Marshadow|spd|1
|move|p2a: Groudon|Stealth Rock|p1a: Marshadow
|-sidestart|p1: Alkir|move: Stealth Rock
|
|-weather|DesolateLand|[upkeep]
|upkeep
|turn|13
|inactive|Singaporeleo has 90 seconds left.
|
|t:|1611060241
|move|p1a: Marshadow|Close Combat|p2a: Groudon
|-crit|p2a: Groudon
|-damage|p2a: Groudon|0 fnt
|-unboost|p1a: Marshadow|def|1
|-unboost|p1a: Marshadow|spd|1
|faint|p2a: Groudon
|-weather|none
|
|upkeep
|inactive|Singaporeleo has 90 seconds left.
|
|t:|1611060267
|switch|p2a: Ditto|Ditto, shiny|100/100
|-transform|p2a: Ditto|p1a: Marshadow|[from] ability: Imposter
|turn|14
|
|t:|1611060276
|move|p2a: Ditto|Shadow Sneak|p1a: Marshadow
|-supereffective|p1a: Marshadow
|-damage|p1a: Marshadow|0 fnt
|faint|p1a: Marshadow
|
|upkeep
|
|t:|1611060283
|switch|p1a: Lugia|Lugia|100/100
|turn|15
|
|t:|1611060297
|switch|p2a: Arceus|Arceus-Ground|13/100
|move|p1a: Lugia|Thunder Wave|p2a: Arceus
|-immune|p2a: Arceus
|
|upkeep
|turn|16
|
|t:|1611060305
|move|p2a: Arceus|Recover|p2a: Arceus
|-heal|p2a: Arceus|63/100
|move|p1a: Lugia|Toxic|p2a: Arceus
|-status|p2a: Arceus|tox
|
|-damage|p2a: Arceus|57/100 tox|[from] psn
|upkeep
|turn|17
|inactive|Singaporeleo has 90 seconds left.
|
|t:|1611060315
|move|p2a: Arceus|Toxic|p1a: Lugia
|-status|p1a: Lugia|tox
|move|p1a: Lugia|Defog|p2a: Arceus
|-unboost|p2a: Arceus|evasion|1
|-sideend|p1: Alkir|Stealth Rock|[from] move: Defog|[of] p1a: Lugia
|
|-damage|p2a: Arceus|44/100 tox|[from] psn
|-damage|p1a: Lugia|94/100 tox|[from] psn
|upkeep
|turn|18
|inactive|Singaporeleo has 90 seconds left.
|
|t:|1611060328
|switch|p1a: Zacian|Zacian-Crowned|8/100
|-ability|p1a: Zacian|Intrepid Sword|boost
|-boost|p1a: Zacian|atk|1
|move|p2a: Arceus|Ice Beam|p1a: Zacian
|-resisted|p1a: Zacian
|-damage|p1a: Zacian|0 fnt
|faint|p1a: Zacian
|
|-damage|p2a: Arceus|26/100 tox|[from] psn
|upkeep
|
|t:|1611060333
|switch|p1a: Rayquaza|Rayquaza-Mega|22/100
|-weather|DeltaStream|[from] ability: Delta Stream|[of] p1a: Rayquaza
|turn|19
|inactive|Singaporeleo has 90 seconds left.
|
|t:|1611060354
|switch|p2a: Ditto|Ditto, shiny|100/100
|-transform|p2a: Ditto|p1a: Rayquaza|[from] ability: Imposter
|move|p1a: Rayquaza|V-create|p2a: Ditto
|-resisted|p2a: Ditto
|-damage|p2a: Ditto|59/100
|-unboost|p1a: Rayquaza|spe|1
|-unboost|p1a: Rayquaza|def|1
|-unboost|p1a: Rayquaza|spd|1
|
|-weather|DeltaStream|[upkeep]
|upkeep
|turn|20
|inactive|Singaporeleo has 90 seconds left.
|
|t:|1611060370
|switch|p1a: Lugia|Lugia|94/100 tox
|move|p2a: Ditto|Dragon Ascent|p1a: Lugia
|-damage|p1a: Lugia|57/100 tox
|-unboost|p2a: Ditto|def|1
|-unboost|p2a: Ditto|spd|1
|
|-weather|DeltaStream|[upkeep]
|-damage|p1a: Lugia|50/100 tox|[from] psn
|upkeep
|turn|21
|
|t:|1611060381
|move|p2a: Ditto|Dragon Ascent|p1a: Lugia
|-damage|p1a: Lugia|13/100 tox
|-unboost|p2a: Ditto|def|1
|-unboost|p2a: Ditto|spd|1
|move|p1a: Lugia|Roost|p1a: Lugia
|-heal|p1a: Lugia|63/100 tox
|-singleturn|p1a: Lugia|move: Roost
|
|-weather|DeltaStream|[upkeep]
|-damage|p1a: Lugia|51/100 tox|[from] psn
|upkeep
|turn|22
|
|t:|1611060395
|move|p2a: Ditto|Dragon Ascent|p1a: Lugia
|-damage|p1a: Lugia|11/100 tox
|-unboost|p2a: Ditto|def|1
|-unboost|p2a: Ditto|spd|1
|move|p1a: Lugia|Roost|p1a: Lugia
|-heal|p1a: Lugia|61/100 tox
|-singleturn|p1a: Lugia|move: Roost
|
|-weather|DeltaStream|[upkeep]
|-damage|p1a: Lugia|43/100 tox|[from] psn
|upkeep
|turn|23
|
|t:|1611060409
|move|p2a: Ditto|Dragon Ascent|p1a: Lugia
|-damage|p1a: Lugia|1/100 tox
|-unboost|p2a: Ditto|def|1
|-unboost|p2a: Ditto|spd|1
|move|p1a: Lugia|Roost|p1a: Lugia
|-heal|p1a: Lugia|51/100 tox
|-singleturn|p1a: Lugia|move: Roost
|
|-weather|DeltaStream|[upkeep]
|-damage|p1a: Lugia|26/100 tox|[from] psn
|upkeep
|turn|24
|
|t:|1611060421
|move|p2a: Ditto|Dragon Ascent|p1a: Lugia
|-damage|p1a: Lugia|0 fnt
|-unboost|p2a: Ditto|def|1
|-unboost|p2a: Ditto|spd|1
|faint|p1a: Lugia
|
|-weather|DeltaStream|[upkeep]
|upkeep
|
|t:|1611060424
|switch|p1a: Rayquaza|Rayquaza-Mega|22/100
|turn|25
|inactive|Singaporeleo has 90 seconds left.
|j| Makaai(pokechamp)
|
|t:|1611060445
|switch|p2a: Rayquaza|Rayquaza|100/100
|-ability|p2a: Rayquaza|Air Lock
|move|p1a: Rayquaza|Extreme Speed|p2a: Rayquaza
|-damage|p2a: Rayquaza|63/100
|
|-weather|DeltaStream|[upkeep]
|upkeep
|turn|26
|
|t:|1611060457
|-weather|none
|switch|p1a: Xerneas|Xerneas|100/100
|-ability|p1a: Xerneas|Fairy Aura
|detailschange|p2a: Rayquaza|Rayquaza-Mega
|-mega|p2a: Rayquaza|Rayquaza|
|-weather|DeltaStream|[from] ability: Delta Stream|[of] p2a: Rayquaza
|move|p2a: Rayquaza|Extreme Speed|p1a: Xerneas
|-damage|p1a: Xerneas|62/100
|-damage|p2a: Rayquaza|53/100|[from] item: Life Orb
|
|-weather|DeltaStream|[upkeep]
|upkeep
|turn|27
|j| Giratina-Oo
|
|t:|1611060470
|move|p2a: Rayquaza|Dragon Ascent|p1a: Xerneas
|-crit|p1a: Xerneas
|-damage|p1a: Xerneas|0 fnt
|-unboost|p2a: Rayquaza|def|1
|-unboost|p2a: Rayquaza|spd|1
|-damage|p2a: Rayquaza|43/100|[from] item: Life Orb
|faint|p1a: Xerneas
|
|-weather|DeltaStream|[upkeep]
|upkeep
|l| Giratina-Oo
|
|t:|1611060473
|switch|p1a: Rayquaza|Rayquaza-Mega|22/100
|turn|28
|c|☆Singaporeleo|Sorry for the crit
|
|t:|1611060482
|move|p2a: Rayquaza|Extreme Speed|p1a: Rayquaza
|-damage|p1a: Rayquaza|0 fnt
|-damage|p2a: Rayquaza|33/100|[from] item: Life Orb
|faint|p1a: Rayquaza
|
|win|Singaporeleo
|l|☆Alkir
|raw|Alkir's rating: 1620 &rarr; <strong>1596</strong><br />(-24 for losing)
|raw|Singaporeleo's rating: 1517 &rarr; <strong>1543</strong><br />(+26 for winning)
|l| Makaai(pokechamp)
