|j|☆Pokeashbattle
|j|☆Lopzz
|t:|1641962303
|gametype|singles
|player|p1|Pokeashbattle|ethan|1369
|player|p2|Lopzz|102|1508
|teamsize|p1|2
|teamsize|p2|6
|gen|8
|tier|[Gen 8] National Dex AG
|rated|
|rule|HP Percentage Mod: HP is shown in percentages
|rule|Endless Battle Clause: Forcing endless battles is banned
|clearpoke
|poke|p1|Uxie|
|poke|p1|Arceus-*|
|poke|p2|Groudon|
|poke|p2|Calyrex-Shadow|
|poke|p2|Arceus-*|
|poke|p2|Ho-Oh|
|poke|p2|Kyogre|
|poke|p2|Necrozma-Dusk-Mane|
|teampreview
|inactive|Battle timer is ON: inactive players will automatically lose when time's up. (requested by Pokeashbattle)
|inactive|Lopzz has 120 seconds left.
|
|t:|1641962344
|start
|switch|p1a: Guess what ??|Uxie, shiny|100/100
|switch|p2a: Calyrex|Calyrex-Shadow|100/100
|-ability|p2a: Calyrex|As One
|-ability|p2a: Calyrex|Unnerve
|turn|1
|
|t:|1641962348
|move|p2a: Calyrex|Astral Barrage|p1a: Guess what ??
|-supereffective|p1a: Guess what ??
|-damage|p1a: Guess what ??|17/100
|move|p1a: Guess what ??|Light Screen|p1a: Guess what ??
|-sidestart|p1: Pokeashbattle|move: Light Screen
|
|upkeep
|turn|2
|
|t:|1641962354
|move|p2a: Calyrex|Astral Barrage|p1a: Guess what ??
|-supereffective|p1a: Guess what ??
|-damage|p1a: Guess what ??|0 fnt
|faint|p1a: Guess what ??
|-ability|p2a: Calyrex|Grim Neigh|boost
|-boost|p2a: Calyrex|spa|1
|
|upkeep
|
|t:|1641962358
|switch|p1a: I gonna win|Arceus, shiny|100/100
|turn|3
|
|t:|1641962365
|-start|p2a: Calyrex|Dynamax
|-heal|p2a: Calyrex|100/100|[silent]
|move|p2a: Calyrex|Max Mindstorm|p1a: I gonna win
|-damage|p1a: I gonna win|58/100
|-fieldstart|move: Psychic Terrain
|move|p1a: I gonna win|Cosmic Power|p1a: I gonna win
|-boost|p1a: I gonna win|def|1
|-boost|p1a: I gonna win|spd|1
|
|upkeep
|turn|4
|
|t:|1641962373
|-start|p1a: I gonna win|Dynamax
|-heal|p1a: I gonna win|58/100|[silent]
|move|p1a: I gonna win|Max Guard|p1a: I gonna win
|-singleturn|p1a: I gonna win|Max Guard
|move|p2a: Calyrex|Max Mindstorm|p1a: I gonna win
|-activate|p1a: I gonna win|move: Max Guard
|
|upkeep
|turn|5
|j| NoLackLuster
|
|t:|1641962382
|move|p2a: Calyrex|Max Mindstorm|p1a: I gonna win
|-damage|p1a: I gonna win|42/100
|move|p1a: I gonna win|Max Phantasm|p2a: Calyrex
|-supereffective|p2a: Calyrex
|-damage|p2a: Calyrex|4/100
|-unboost|p2a: Calyrex|def|1
|
|-end|p2a: Calyrex|Dynamax
|-heal|p2a: Calyrex|4/100|[silent]
|upkeep
|turn|6
|
|t:|1641962388
|move|p1a: I gonna win|Max Guard|p1a: I gonna win
|-singleturn|p1a: I gonna win|Max Guard
|move|p2a: Calyrex|Psyshock|p1a: I gonna win
|-activate|p1a: I gonna win|move: Max Guard
|
|-end|p1a: I gonna win|Dynamax
|-heal|p1a: I gonna win|42/100|[silent]
|upkeep
|turn|7
|
|t:|1641962393
|move|p2a: Calyrex|Psyshock|p1a: I gonna win
|-damage|p1a: I gonna win|19/100
|move|p1a: I gonna win|Cosmic Power|p1a: I gonna win
|-boost|p1a: I gonna win|def|1
|-boost|p1a: I gonna win|spd|1
|
|-fieldend|move: Psychic Terrain
|upkeep
|turn|8
|
|t:|1641962401
|move|p2a: Calyrex|Psyshock|p1a: I gonna win
|-damage|p1a: I gonna win|7/100
|move|p1a: I gonna win|Rest|p1a: I gonna win
|-status|p1a: I gonna win|slp|[from] move: Rest
|-heal|p1a: I gonna win|100/100 slp|[silent]
|
|-sideend|p1: Pokeashbattle|move: Light Screen
|upkeep
|turn|9
|
|t:|1641962408
|move|p2a: Calyrex|Draining Kiss|p1a: I gonna win
|-damage|p1a: I gonna win|90/100 slp
|-heal|p2a: Calyrex|14/100|[from] drain|[of] p1a: I gonna win
|cant|p1a: I gonna win|slp
|
|upkeep
|turn|10
|
|t:|1641962416
|switch|p2a: Arceus|Arceus-Ground|100/100
|cant|p1a: I gonna win|slp
|
|upkeep
|turn|11
|
|t:|1641962420
|move|p2a: Arceus|Calm Mind|p2a: Arceus
|-boost|p2a: Arceus|spa|1
|-boost|p2a: Arceus|spd|1
|-curestatus|p1a: I gonna win|slp|[msg]
|move|p1a: I gonna win|Cosmic Power|p1a: I gonna win
|-boost|p1a: I gonna win|def|1
|-boost|p1a: I gonna win|spd|1
|
|upkeep
|turn|12
|
|t:|1641962425
|move|p1a: I gonna win|Cosmic Power|p1a: I gonna win
|-boost|p1a: I gonna win|def|1
|-boost|p1a: I gonna win|spd|1
|move|p2a: Arceus|Calm Mind|p2a: Arceus
|-boost|p2a: Arceus|spa|1
|-boost|p2a: Arceus|spd|1
|
|upkeep
|turn|13
|
|t:|1641962429
|move|p2a: Arceus|Calm Mind|p2a: Arceus
|-boost|p2a: Arceus|spa|1
|-boost|p2a: Arceus|spd|1
|move|p1a: I gonna win|Cosmic Power|p1a: I gonna win
|-boost|p1a: I gonna win|def|1
|-boost|p1a: I gonna win|spd|1
|
|upkeep
|turn|14
|
|t:|1641962433
|move|p1a: I gonna win|Cosmic Power|p1a: I gonna win
|-boost|p1a: I gonna win|def|1
|-boost|p1a: I gonna win|spd|1
|move|p2a: Arceus|Calm Mind|p2a: Arceus
|-boost|p2a: Arceus|spa|1
|-boost|p2a: Arceus|spd|1
|
|upkeep
|turn|15
|c|☆Pokeashbattle|Hmm
|
|t:|1641962443
|move|p1a: I gonna win|Shadow Claw|p2a: Arceus
|-damage|p2a: Arceus|84/100
|move|p2a: Arceus|Ice Beam|p1a: I gonna win
|-damage|p1a: I gonna win|74/100
|
|upkeep
|turn|16
|
|t:|1641962450
|move|p2a: Arceus|Calm Mind|p2a: Arceus
|-boost|p2a: Arceus|spa|1
|-boost|p2a: Arceus|spd|1
|move|p1a: I gonna win|Last Resort|p2a: Arceus
|-damage|p2a: Arceus|30/100
|
|upkeep
|turn|17
|
|t:|1641962457
|move|p2a: Arceus|Judgment|p1a: I gonna win
|-damage|p1a: I gonna win|39/100
|move|p1a: I gonna win|Last Resort|p2a: Arceus
|-damage|p2a: Arceus|0 fnt
|faint|p2a: Arceus
|
|upkeep
|
|t:|1641962467
|switch|p2a: Ho-Oh|Ho-Oh|100/100
|turn|18
|c|☆Pokeashbattle|Good
|
|t:|1641962473
|move|p1a: I gonna win|Last Resort|p2a: Ho-Oh
|-damage|p2a: Ho-Oh|37/100
|move|p2a: Ho-Oh|Sacred Fire|p1a: I gonna win
|-damage|p1a: I gonna win|31/100
|-status|p1a: I gonna win|brn
|
|-damage|p1a: I gonna win|25/100 brn|[from] brn
|upkeep
|-enditem|p1a: I gonna win|Liechi Berry|[eat]
|-boost|p1a: I gonna win|atk|1|[from] item: Liechi Berry
|turn|19
|
|t:|1641962484
|move|p1a: I gonna win|Rest|p1a: I gonna win
|-status|p1a: I gonna win|slp|[from] move: Rest
|-heal|p1a: I gonna win|100/100 slp|[silent]
|move|p2a: Ho-Oh|Defog|p1a: I gonna win
|-unboost|p1a: I gonna win|evasion|1
|
|upkeep
|turn|20
|
|t:|1641962492
|cant|p1a: I gonna win|slp
|move|p2a: Ho-Oh|Recover|p2a: Ho-Oh
|-heal|p2a: Ho-Oh|87/100
|
|upkeep
|turn|21
|
|t:|1641962497
|cant|p1a: I gonna win|slp
|move|p2a: Ho-Oh|Defog|p1a: I gonna win
|-unboost|p1a: I gonna win|evasion|1
|
|upkeep
|turn|22
|
|t:|1641962502
|-curestatus|p1a: I gonna win|slp|[msg]
|move|p1a: I gonna win|Shadow Claw|p2a: Ho-Oh
|-damage|p2a: Ho-Oh|55/100
|move|p2a: Ho-Oh|Sacred Fire|p1a: I gonna win
|-damage|p1a: I gonna win|93/100
|
|upkeep
|turn|23
|
|t:|1641962510
|move|p1a: I gonna win|Last Resort|p2a: Ho-Oh
|-damage|p2a: Ho-Oh|0 fnt
|faint|p2a: Ho-Oh
|
|upkeep
|
|t:|1641962515
|switch|p2a: Necrozma|Necrozma-Dusk-Mane|100/100
|turn|24
|
|t:|1641962518
|move|p1a: I gonna win|Shadow Claw|p2a: Necrozma
|-supereffective|p2a: Necrozma
|-damage|p2a: Necrozma|63/100
|-enditem|p2a: Necrozma|Weakness Policy
|-boost|p2a: Necrozma|atk|2|[from] item: Weakness Policy
|-boost|p2a: Necrozma|spa|2|[from] item: Weakness Policy
|move|p2a: Necrozma|Autotomize|p2a: Necrozma
|-boost|p2a: Necrozma|spe|2
|-start|p2a: Necrozma|Autotomize
|
|upkeep
|turn|25
|
|t:|1641962526
|move|p2a: Necrozma|Sunsteel Strike|p1a: I gonna win
|-damage|p1a: I gonna win|70/100
|move|p1a: I gonna win|Shadow Claw|p2a: Necrozma
|-supereffective|p2a: Necrozma
|-damage|p2a: Necrozma|21/100
|
|upkeep
|turn|26
|
|t:|1641962534
|move|p2a: Necrozma|Sunsteel Strike|p1a: I gonna win
|-damage|p1a: I gonna win|50/100
|move|p1a: I gonna win|Shadow Claw|p2a: Necrozma
|-supereffective|p2a: Necrozma
|-damage|p2a: Necrozma|0 fnt
|faint|p2a: Necrozma
|
|upkeep
|
|t:|1641962540
|switch|p2a: Kyogre|Kyogre|100/100
|-weather|RainDance|[from] ability: Drizzle|[of] p2a: Kyogre
|turn|27
|
|t:|1641962546
|move|p2a: Kyogre|Water Spout|p1a: I gonna win
|-damage|p1a: I gonna win|29/100
|move|p1a: I gonna win|Last Resort|p2a: Kyogre
|-damage|p2a: Kyogre|0 fnt
|faint|p2a: Kyogre
|
|-weather|RainDance|[upkeep]
|upkeep
|
|t:|1641962555
|switch|p2a: Groudon|Groudon|100/100
|detailschange|p2a: Groudon|Groudon-Primal
|-primal|p2a: Groudon
|-weather|DesolateLand|[from] ability: Desolate Land|[of] p2a: Groudon
|turn|28
|
|t:|1641962559
|move|p2a: Groudon|Precipice Blades|p1a: I gonna win
|-damage|p1a: I gonna win|14/100
|move|p1a: I gonna win|Rest|p1a: I gonna win
|-status|p1a: I gonna win|slp|[from] move: Rest
|-heal|p1a: I gonna win|100/100 slp|[silent]
|
|-weather|DesolateLand|[upkeep]
|upkeep
|turn|29
|
|t:|1641962564
|move|p2a: Groudon|Precipice Blades|p1a: I gonna win
|-damage|p1a: I gonna win|84/100 slp
|cant|p1a: I gonna win|slp
|
|-weather|DesolateLand|[upkeep]
|upkeep
|turn|30
|
|t:|1641962571
|move|p2a: Groudon|Precipice Blades|p1a: I gonna win
|-damage|p1a: I gonna win|71/100 slp
|cant|p1a: I gonna win|slp
|
|-weather|DesolateLand|[upkeep]
|upkeep
|turn|31
|
|t:|1641962575
|move|p2a: Groudon|Precipice Blades|p1a: I gonna win
|-damage|p1a: I gonna win|55/100 slp
|-curestatus|p1a: I gonna win|slp|[msg]
|move|p1a: I gonna win|Last Resort|p2a: Groudon
|-damage|p2a: Groudon|23/100
|
|-weather|DesolateLand|[upkeep]
|upkeep
|turn|32
|
|t:|1641962583
|move|p2a: Groudon|Precipice Blades|p1a: I gonna win
|-damage|p1a: I gonna win|39/100
|move|p1a: I gonna win|Shadow Claw|p2a: Groudon
|-crit|p2a: Groudon
|-damage|p2a: Groudon|0 fnt
|faint|p2a: Groudon
|-weather|none
|
|upkeep
|
|t:|1641962586
|switch|p2a: Calyrex|Calyrex-Shadow|14/100
|-ability|p2a: Calyrex|As One
|-ability|p2a: Calyrex|Unnerve
|turn|33
|l| NoLackLuster
|
|t:|1641962589
|move|p2a: Calyrex|Psyshock|p1a: I gonna win
|-damage|p1a: I gonna win|30/100
|move|p1a: I gonna win|Shadow Claw|p2a: Calyrex
|-supereffective|p2a: Calyrex
|-damage|p2a: Calyrex|0 fnt
|faint|p2a: Calyrex
|
|win|Pokeashbattle
|raw|Pokeashbattle's rating: 1369 &rarr; <strong>1397</strong><br />(+28 for winning)
|raw|Lopzz's rating: 1508 &rarr; <strong>1480</strong><br />(-28 for losing)
