|j|☆Fucky Fucker
|j|☆runeygr
|t:|1658127276
|gametype|singles
|player|p1|Fucky Fucker|gambler|1431
|player|p2|runeygr|hilbert-wonderlauncher|1515
|teamsize|p1|6
|teamsize|p2|6
|gen|8
|tier|[Gen 8] National Dex AG
|rated|
|rule|HP Percentage Mod: HP is shown in percentages
|rule|Endless Battle Clause: Forcing endless battles is banned
|clearpoke
|poke|p1|Arceus-*|
|poke|p1|Rayquaza|
|poke|p1|Yveltal|
|poke|p1|Necrozma-Dusk-Mane|
|poke|p1|Zacian-*|
|poke|p1|Groudon|
|poke|p2|Groudon|
|poke|p2|Zacian-*|
|poke|p2|Marshadow|
|poke|p2|Yveltal|
|poke|p2|Calyrex-Shadow|
|poke|p2|Diancie|
|teampreview
|inactive|Battle timer is ON: inactive players will automatically lose when time's up. (requested by runeygr)
|inactive|Fucky Fucker also wants the timer to be on.
|
|t:|1658127295
|start
|switch|p1a: Rayquaza|Rayquaza|100/100
|switch|p2a: Groudon|Groudon|100/100
|-ability|p1a: Rayquaza|Air Lock
|detailschange|p2a: Groudon|Groudon-Primal
|-primal|p2a: Groudon
|-weather|DesolateLand|[from] ability: Desolate Land|[of] p2a: Groudon
|turn|1
|
|t:|1658127315
|detailschange|p1a: Rayquaza|Rayquaza-Mega
|-mega|p1a: Rayquaza|Rayquaza|
|-weather|DeltaStream|[from] ability: Delta Stream|[of] p1a: Rayquaza
|move|p1a: Rayquaza|Waterfall|p2a: Groudon
|-supereffective|p2a: Groudon
|-damage|p2a: Groudon|11/100
|move|p2a: Groudon|Fire Punch|p1a: Rayquaza
|-resisted|p1a: Rayquaza
|-damage|p1a: Rayquaza|72/100
|
|-weather|DeltaStream|[upkeep]
|upkeep
|turn|2
|inactive|Fucky Fucker has 120 seconds left.
|
|t:|1658127343
|move|p1a: Rayquaza|Waterfall|p2a: Groudon
|-supereffective|p2a: Groudon
|-damage|p2a: Groudon|0 fnt
|faint|p2a: Groudon
|
|-weather|DeltaStream|[upkeep]
|upkeep
|
|t:|1658127349
|switch|p2a: Zacian|Zacian-Crowned|100/100
|-ability|p2a: Zacian|Intrepid Sword|boost
|-boost|p2a: Zacian|atk|1
|turn|3
|inactive|Fucky Fucker has 120 seconds left.
|
|t:|1658127365
|-weather|none
|switch|p1a: Necrozma|Necrozma-Dusk-Mane|100/100
|move|p2a: Zacian|Crunch|p1a: Necrozma
|-supereffective|p1a: Necrozma
|-damage|p1a: Necrozma|57/100
|-damage|p2a: Zacian|84/100|[from] item: Rocky Helmet|[of] p1a: Necrozma
|
|upkeep
|turn|4
|inactive|Fucky Fucker has 120 seconds left.
|
|t:|1658127387
|move|p2a: Zacian|Crunch|p1a: Necrozma
|-supereffective|p1a: Necrozma
|-damage|p1a: Necrozma|12/100
|-unboost|p1a: Necrozma|def|1
|-damage|p2a: Zacian|67/100|[from] item: Rocky Helmet|[of] p1a: Necrozma
|move|p1a: Necrozma|Morning Sun|p1a: Necrozma
|-heal|p1a: Necrozma|62/100
|
|upkeep
|turn|5
|
|t:|1658127400
|move|p2a: Zacian|Crunch|p1a: Necrozma
|-supereffective|p1a: Necrozma
|-damage|p1a: Necrozma|0 fnt
|-damage|p2a: Zacian|51/100|[from] item: Rocky Helmet|[of] p1a: Necrozma
|faint|p1a: Necrozma
|
|upkeep
|
|t:|1658127403
|switch|p1a: Groudon|Groudon|100/100
|detailschange|p1a: Groudon|Groudon-Primal
|-primal|p1a: Groudon
|-weather|DesolateLand|[from] ability: Desolate Land|[of] p1a: Groudon
|turn|6
|
|t:|1658127411
|move|p2a: Zacian|Close Combat|p1a: Groudon
|-damage|p1a: Groudon|53/100
|-unboost|p2a: Zacian|def|1
|-unboost|p2a: Zacian|spd|1
|move|p1a: Groudon|Fire Punch|p2a: Zacian
|-supereffective|p2a: Zacian
|-crit|p2a: Zacian
|-damage|p2a: Zacian|0 fnt
|faint|p2a: Zacian
|
|-weather|DesolateLand|[upkeep]
|upkeep
|
|t:|1658127424
|switch|p2a: Yveltal|Yveltal|100/100
|-ability|p2a: Yveltal|Dark Aura
|turn|7
|
|t:|1658127430
|-weather|none
|switch|p1a: Arceus|Arceus-Fairy|100/100
|-start|p2a: Yveltal|Dynamax|
|-heal|p2a: Yveltal|100/100|[silent]
|move|p2a: Yveltal|Max Airstream|p1a: Arceus
|-crit|p1a: Arceus
|-damage|p1a: Arceus|12/100
|-boost|p2a: Yveltal|spe|1
|-damage|p2a: Yveltal|96/100|[from] item: Life Orb
|
|upkeep
|turn|8
|
|t:|1658127444
|move|p2a: Yveltal|Max Flare|p1a: Arceus
|-damage|p1a: Arceus|0 fnt
|-weather|SunnyDay
|faint|p1a: Arceus
|-damage|p2a: Yveltal|91/100|[from] item: Life Orb
|
|-weather|SunnyDay|[upkeep]
|upkeep
|j| man where is he
|c| man where is he|Fucky Fucker you're so good at this game
|c| man where is he|18-1
|c|☆Fucky Fucker|yes
|
|t:|1658127468
|switch|p1a: Zacian|Zacian-Crowned|100/100
|-ability|p1a: Zacian|Intrepid Sword|boost
|-boost|p1a: Zacian|atk|1
|turn|9
|
|t:|1658127477
|switch|p1a: Rayquaza|Rayquaza-Mega|72/100
|-weather|DeltaStream|[from] ability: Delta Stream|[of] p1a: Rayquaza
|move|p2a: Yveltal|Max Flare|p1a: Rayquaza
|-resisted|p1a: Rayquaza
|-crit|p1a: Rayquaza
|-damage|p1a: Rayquaza|30/100
|-damage|p2a: Yveltal|86/100|[from] item: Life Orb
|
|-weather|DeltaStream|[upkeep]
|upkeep
|-end|p2a: Yveltal|Dynamax
|-heal|p2a: Yveltal|86/100|[silent]
|turn|10
|c|☆Fucky Fucker|did the mods tell you my name is okay
|c|☆Fucky Fucker|you approve now?
|
|t:|1658127491
|move|p1a: Rayquaza|Extreme Speed|p2a: Yveltal
|-damage|p2a: Yveltal|53/100
|move|p2a: Yveltal|Oblivion Wing|p1a: Rayquaza
|-damage|p1a: Rayquaza|0 fnt
|-heal|p2a: Yveltal|70/100|[from] drain|[of] p1a: Rayquaza
|faint|p1a: Rayquaza
|-weather|none
|-damage|p2a: Yveltal|60/100|[from] item: Life Orb
|
|upkeep
|
|t:|1658127496
|switch|p1a: Zacian|Zacian-Crowned|100/100
|-ability|p1a: Zacian|Intrepid Sword|boost
|-boost|p1a: Zacian|atk|1
|turn|11
|c| man where is he|they haven't said anything yet
|
|t:|1658127506
|move|p2a: Yveltal|Heat Wave|p1a: Zacian
|-supereffective|p1a: Zacian
|-damage|p1a: Zacian|41/100
|-damage|p2a: Yveltal|50/100|[from] item: Life Orb
|move|p1a: Zacian|Wild Charge|p2a: Yveltal
|-supereffective|p2a: Yveltal
|-damage|p2a: Yveltal|0 fnt
|faint|p2a: Yveltal
|-damage|p1a: Zacian|25/100|[from] Recoil
|
|upkeep
|c| man where is he|we'll find out soon, and i'll accept their judgment
|c|☆Fucky Fucker|yes
|
|t:|1658127517
|switch|p2a: Calyrex|Calyrex-Shadow|100/100
|-ability|p2a: Calyrex|As One
|-ability|p2a: Calyrex|Unnerve
|turn|12
|
|t:|1658127523
|switch|p1a: Yveltal|Yveltal|100/100
|-ability|p1a: Yveltal|Dark Aura
|move|p2a: Calyrex|Astral Barrage|p1a: Yveltal
|-resisted|p1a: Yveltal
|-damage|p1a: Yveltal|80/100
|
|upkeep
|turn|13
|
|t:|1658127535
|move|p2a: Calyrex|Draining Kiss|p1a: Yveltal
|-supereffective|p1a: Yveltal
|-damage|p1a: Yveltal|56/100
|move|p1a: Yveltal|Knock Off|p2a: Calyrex
|-supereffective|p2a: Calyrex
|-enditem|p2a: Calyrex|Focus Sash
|-damage|p2a: Calyrex|1/100
|
|upkeep
|turn|14
|
|t:|1658127544
|switch|p2a: Diancie|Diancie|100/100
|move|p1a: Yveltal|Roost|p1a: Yveltal
|-heal|p1a: Yveltal|100/100
|-singleturn|p1a: Yveltal|move: Roost
|
|upkeep
|turn|15
|
|t:|1658127558
|switch|p1a: Groudon|Groudon-Primal|53/100
|-weather|DesolateLand|[from] ability: Desolate Land|[of] p1a: Groudon
|detailschange|p2a: Diancie|Diancie-Mega
|-mega|p2a: Diancie|Diancie|Diancite
|move|p2a: Diancie|Earth Power|p1a: Groudon
|-supereffective|p1a: Groudon
|-damage|p1a: Groudon|0 fnt
|faint|p1a: Groudon
|-weather|none
|
|upkeep
|c| man where is he|Fucky Fucker who's your main acct?
|
|t:|1658127561
|switch|p1a: Zacian|Zacian-Crowned|25/100
|-ability|p1a: Zacian|Intrepid Sword|boost
|-boost|p1a: Zacian|atk|1
|turn|16
|c| man where is he|is it Geyser?
|c|☆Fucky Fucker|this is
|c| man where is he|or tic tac toe guru?
|
|t:|1658127577
|switch|p2a: Calyrex|Calyrex-Shadow|1/100
|-ability|p2a: Calyrex|As One
|-ability|p2a: Calyrex|Unnerve
|move|p1a: Zacian|Behemoth Blade|p2a: Calyrex
|-damage|p2a: Calyrex|0 fnt
|faint|p2a: Calyrex
|
|upkeep
|c|☆Fucky Fucker|!!!!!!!!!!
|c| man where is he|nah this is an alt
|c|☆Fucky Fucker|hmm
|
|t:|1658127587
|switch|p2a: Marshadow|Marshadow|100/100
|turn|17
|c|☆Fucky Fucker|you are close
|c|☆Fucky Fucker|he is my friend
|c|☆Fucky Fucker|what gives it away
|c| man where is he|xD your team haha
|
|t:|1658127599
|switch|p1a: Yveltal|Yveltal|100/100
|-ability|p1a: Yveltal|Dark Aura
|move|p2a: Marshadow|Close Combat|p1a: Yveltal
|-damage|p1a: Yveltal|56/100
|-unboost|p2a: Marshadow|def|1
|-unboost|p2a: Marshadow|spd|1
|
|upkeep
|turn|18
|c| man where is he|and the fact that you're a pro
|
|t:|1658127614
|-start|p1a: Yveltal|Dynamax|
|-heal|p1a: Yveltal|56/100|[silent]
|move|p2a: Marshadow|Close Combat|p1a: Yveltal
|-damage|p1a: Yveltal|32/100
|-unboost|p2a: Marshadow|def|1
|-unboost|p2a: Marshadow|spd|1
|move|p1a: Yveltal|Max Darkness|p2a: Marshadow
|-enditem|p2a: Marshadow|Focus Sash
|-damage|p2a: Marshadow|1/100
|-unboost|p2a: Marshadow|spd|1
|
|upkeep
|turn|19
|c| man where is he|only very few ppl go 18-1 casually lol
|
|t:|1658127629
|switch|p2a: Diancie|Diancie-Mega|100/100
|move|p1a: Yveltal|Max Darkness|p2a: Diancie
|-resisted|p2a: Diancie
|-damage|p2a: Diancie|57/100
|-unboost|p2a: Diancie|spd|1
|
|upkeep
|turn|20
|c|☆Fucky Fucker|ABORT I HAVE BEEN DISCOVERED
|c| man where is he|xD
|c| man where is he|fucky fuckery here you come!
|c|&|/log man where is he was warned by Artemis (☆man where is he: fucky fuckery here you come!)
|c|&|/raw <small>This action was done automatically. Want to learn more about the AI? <a href="https://www.smogon.com/forums/threads/3570628/#post-9056769">Visit the information thread</a>.</small>
|l|☆Fucky Fucker
|inactive|Fucky Fucker disconnected and has a minute to reconnect!
|player|p1|
|c| man where is he|lol oof
|c| man where is he|what
|c| man where is he|runeygr you're welcome for the free win lol
|inactive|Fucky Fucker has 30 seconds to reconnect!
|inactive|Fucky Fucker has 20 seconds to reconnect!
|inactive|Fucky Fucker has 15 seconds to reconnect!
|inactive|Fucky Fucker has 10 seconds to reconnect!
|inactive|Fucky Fucker has 5 seconds to reconnect!
|-message|Fucky Fucker lost due to inactivity.
|
|win|runeygr
|raw|Fucky Fucker's rating: 1431 &rarr; <strong>1416</strong><br />(-15 for losing)
|raw|runeygr's rating: 1515 &rarr; <strong>1530</strong><br />(+15 for winning)
|l|☆runeygr
