|j|☆Buck is stallish
|j|☆seidou45
|t:|1660995178
|gametype|singles
|player|p1|Buck is stallish|ethan-masters|
|player|p2|seidou45|lucas|
|teamsize|p1|6
|teamsize|p2|6
|gen|8
|tier|[Gen 8] National Dex AG
|rule|HP Percentage Mod: HP is shown in percentages
|rule|Endless Battle Clause: Forcing endless battles is banned
|clearpoke
|poke|p1|Kyogre|
|poke|p1|Chansey, F|
|poke|p1|Sableye, F|
|poke|p1|Lugia|
|poke|p1|Yveltal|
|poke|p1|Arceus-*|
|poke|p2|Tyranitar, M|
|poke|p2|Lugia|
|poke|p2|Shedinja|
|poke|p2|Groudon|
|poke|p2|Yveltal|
|poke|p2|Zacian-*|
|teampreview
|inactive|Battle timer is ON: inactive players will automatically lose when time's up. (requested by Buck is stallish)
|
|t:|1660995195
|start
|switch|p1a: Pretty gem|Sableye, F|100/100
|switch|p2a: Tyranitar|Tyranitar, M, shiny|100/100
|-weather|Sandstorm|[from] ability: Sand Stream|[of] p2a: Tyranitar
|turn|1
|
|t:|1660995206
|switch|p2a: Groudon|Groudon, shiny|100/100
|-weather|SunnyDay|[from] ability: Drought|[of] p2a: Groudon
|detailschange|p1a: Pretty gem|Sableye-Mega, F
|-mega|p1a: Pretty gem|Sableye|Sablenite
|move|p1a: Pretty gem|Will-O-Wisp|p2a: Groudon
|-status|p2a: Groudon|brn
|
|-weather|SunnyDay|[upkeep]
|-damage|p2a: Groudon|94/100 brn|[from] brn
|upkeep
|turn|2
|
|t:|1660995217
|move|p2a: Groudon|Fling|p1a: Pretty gem
|-damage|p1a: Pretty gem|97/100
|-status|p1a: Pretty gem|par
|-enditem|p2a: Groudon|Light Ball|[from] move: Fling
|move|p1a: Pretty gem|Foul Play|p2a: Groudon
|-damage|p2a: Groudon|67/100 brn
|
|-weather|SunnyDay|[upkeep]
|-damage|p2a: Groudon|61/100 brn|[from] brn
|upkeep
|turn|3
|
|t:|1660995226
|move|p1a: Pretty gem|Protect|p1a: Pretty gem
|-singleturn|p1a: Pretty gem|Protect
|move|p2a: Groudon|Earthquake|p1a: Pretty gem
|-activate|p1a: Pretty gem|move: Protect
|
|-weather|SunnyDay|[upkeep]
|-damage|p2a: Groudon|55/100 brn|[from] brn
|upkeep
|turn|4
|
|t:|1660995228
|switch|p1a: Tough pink lady|Chansey, F|100/100
|move|p2a: Groudon|Earthquake|p1a: Tough pink lady
|-damage|p1a: Tough pink lady|81/100
|
|-weather|SunnyDay|[upkeep]
|-damage|p2a: Groudon|49/100 brn|[from] brn
|upkeep
|turn|5
|
|t:|1660995233
|switch|p1a: Pretty gem|Sableye-Mega, F|97/100 par
|move|p2a: Groudon|Stealth Rock|p1a: Pretty gem
|move|p1a: Pretty gem|Stealth Rock|p2a: Groudon|[from]ability: Magic Bounce
|-sidestart|p2: seidou45|move: Stealth Rock
|
|-weather|none
|-damage|p2a: Groudon|42/100 brn|[from] brn
|upkeep
|turn|6
|
|t:|1660995240
|move|p2a: Groudon|Earthquake|p1a: Pretty gem
|-damage|p1a: Pretty gem|79/100 par
|move|p1a: Pretty gem|Foul Play|p2a: Groudon
|-damage|p2a: Groudon|13/100 brn
|
|-damage|p2a: Groudon|7/100 brn|[from] brn
|upkeep
|turn|7
|
|t:|1660995251
|move|p2a: Groudon|Stealth Rock|p1a: Pretty gem
|move|p1a: Pretty gem|Stealth Rock||[from]ability: Magic Bounce|[still]
|-fail|p1a: Pretty gem
|move|p1a: Pretty gem|Recover|p1a: Pretty gem
|-heal|p1a: Pretty gem|100/100 par
|
|-damage|p2a: Groudon|1/100 brn|[from] brn
|upkeep
|turn|8
|
|t:|1660995260
|move|p1a: Pretty gem|Protect|p1a: Pretty gem
|-singleturn|p1a: Pretty gem|Protect
|move|p2a: Groudon|Earthquake|p1a: Pretty gem
|-activate|p1a: Pretty gem|move: Protect
|
|-damage|p2a: Groudon|0 fnt|[from] brn
|faint|p2a: Groudon
|upkeep
|
|t:|1660995262
|switch|p2a: Zacian|Zacian-Crowned|100/100
|-damage|p2a: Zacian|94/100|[from] Stealth Rock
|-ability|p2a: Zacian|Intrepid Sword|boost
|-boost|p2a: Zacian|atk|1
|turn|9
|
|t:|1660995279
|switch|p1a: Fearless priest|Arceus-Ground|100/100
|move|p2a: Zacian|Behemoth Blade|p1a: Fearless priest
|-damage|p1a: Fearless priest|53/100
|
|upkeep
|turn|10
|
|t:|1660995287
|switch|p2a: Shedinja|Shedinja, shiny|100/100
|move|p1a: Fearless priest|Recover|p1a: Fearless priest
|-heal|p1a: Fearless priest|100/100
|
|upkeep
|turn|11
|
|t:|1660995292
|move|p1a: Fearless priest|Will-O-Wisp|p2a: Shedinja
|-status|p2a: Shedinja|brn
|move|p2a: Shedinja|Poltergeist|p1a: Fearless priest
|-activate|p1a: Fearless priest|move: Poltergeist|Earth Plate
|-damage|p1a: Fearless priest|89/100
|
|-damage|p2a: Shedinja|0 fnt|[from] brn
|faint|p2a: Shedinja
|upkeep
|
|t:|1660995306
|switch|p2a: Lugia|Lugia, shiny|100/100
|-damage|p2a: Lugia|76/100|[from] Stealth Rock
|turn|12
|
|t:|1660995310
|switch|p1a: Tough pink lady|Chansey, F|81/100
|move|p2a: Lugia|Substitute|p2a: Lugia
|-start|p2a: Lugia|Substitute
|-damage|p2a: Lugia|51/100
|
|-heal|p2a: Lugia|57/100|[from] item: Leftovers
|upkeep
|turn|13
|
|t:|1660995313
|move|p2a: Lugia|Thunder Wave|p1a: Tough pink lady
|-status|p1a: Tough pink lady|par
|cant|p1a: Tough pink lady|par
|
|-heal|p2a: Lugia|63/100|[from] item: Leftovers
|upkeep
|turn|14
|
|t:|1660995316
|move|p2a: Lugia|Roost|p2a: Lugia
|-heal|p2a: Lugia|100/100
|-singleturn|p2a: Lugia|move: Roost
|move|p1a: Tough pink lady|Aromatherapy|p1a: Tough pink lady
|-activate|p1a: Tough pink lady|move: Aromatherapy
|-curestatus|p1a: Tough pink lady|par|[msg]
|-curestatus|p1: Pretty gem|par|[msg]
|
|upkeep
|turn|15
|
|t:|1660995324
|switch|p1a: Pretty gem|Sableye-Mega, F|100/100
|move|p2a: Lugia|Thunder Wave|p1a: Pretty gem
|move|p1a: Pretty gem|Thunder Wave||[from]ability: Magic Bounce|[still]
|-fail|p1a: Pretty gem
|
|upkeep
|turn|16
|
|t:|1660995327
|move|p1a: Pretty gem|Foul Play|p2a: Lugia
|-supereffective|p2a: Lugia
|-activate|p2a: Lugia|move: Substitute|[damage]
|move|p2a: Lugia|Whirlwind|p1a: Pretty gem
|move|p1a: Pretty gem|Whirlwind|p2a: Lugia|[from]ability: Magic Bounce
|drag|p2a: Zacian|Zacian-Crowned|94/100
|-damage|p2a: Zacian|88/100|[from] Stealth Rock
|-ability|p2a: Zacian|Intrepid Sword|boost
|-boost|p2a: Zacian|atk|1
|
|upkeep
|turn|17
|
|t:|1660995334
|move|p2a: Zacian|Behemoth Blade|p1a: Pretty gem
|-damage|p1a: Pretty gem|31/100
|move|p1a: Pretty gem|Will-O-Wisp|p2a: Zacian
|-status|p2a: Zacian|brn
|
|-damage|p2a: Zacian|82/100 brn|[from] brn
|upkeep
|turn|18
|
|t:|1660995338
|switch|p1a: Fearless priest|Arceus-Ground|89/100
|move|p2a: Zacian|Behemoth Blade|p1a: Fearless priest
|-damage|p1a: Fearless priest|63/100
|
|-damage|p2a: Zacian|76/100 brn|[from] brn
|upkeep
|turn|19
|
|t:|1660995340
|move|p2a: Zacian|Swords Dance|p2a: Zacian
|-boost|p2a: Zacian|atk|2
|move|p1a: Fearless priest|Recover|p1a: Fearless priest
|-heal|p1a: Fearless priest|100/100
|
|-damage|p2a: Zacian|70/100 brn|[from] brn
|upkeep
|turn|20
|
|t:|1660995343
|move|p2a: Zacian|Behemoth Blade|p1a: Fearless priest
|-damage|p1a: Fearless priest|61/100
|move|p1a: Fearless priest|Judgment|p2a: Zacian
|-supereffective|p2a: Zacian
|-damage|p2a: Zacian|0 fnt
|faint|p2a: Zacian
|
|upkeep
|
|t:|1660995345
|switch|p2a: Tyranitar|Tyranitar, M, shiny|100/100
|-damage|p2a: Tyranitar|88/100|[from] Stealth Rock
|-weather|Sandstorm|[from] ability: Sand Stream|[of] p2a: Tyranitar
|turn|21
|
|t:|1660995348
|move|p1a: Fearless priest|Will-O-Wisp|p2a: Tyranitar
|-status|p2a: Tyranitar|brn
|move|p2a: Tyranitar|Dragon Dance|p2a: Tyranitar
|-boost|p2a: Tyranitar|atk|1
|-boost|p2a: Tyranitar|spe|1
|
|-weather|Sandstorm|[upkeep]
|-heal|p2a: Tyranitar|94/100 brn|[from] item: Leftovers
|-damage|p2a: Tyranitar|88/100 brn|[from] brn
|upkeep
|turn|22
|
|t:|1660995351
|move|p2a: Tyranitar|Dragon Dance|p2a: Tyranitar
|-boost|p2a: Tyranitar|atk|1
|-boost|p2a: Tyranitar|spe|1
|move|p1a: Fearless priest|Judgment|p2a: Tyranitar
|-supereffective|p2a: Tyranitar
|-damage|p2a: Tyranitar|23/100 brn
|
|-weather|Sandstorm|[upkeep]
|-heal|p2a: Tyranitar|29/100 brn|[from] item: Leftovers
|-damage|p2a: Tyranitar|23/100 brn|[from] brn
|upkeep
|turn|23
|
|t:|1660995355
|-start|p2a: Tyranitar|Dynamax|
|-heal|p2a: Tyranitar|23/100 brn|[silent]
|move|p2a: Tyranitar|Max Darkness|p1a: Fearless priest
|-damage|p1a: Fearless priest|25/100
|-unboost|p1a: Fearless priest|spd|1
|move|p1a: Fearless priest|Judgment|p2a: Tyranitar
|-supereffective|p2a: Tyranitar
|-damage|p2a: Tyranitar|0 fnt
|faint|p2a: Tyranitar
|
|-weather|Sandstorm|[upkeep]
|upkeep
|c|☆seidou45|gg
|-message|seidou45 forfeited.
|
|win|Buck is stallish
