|j|☆ZipLackluster
|j|☆meepacman
|t:|1628729371
|gametype|singles
|player|p1|ZipLackluster|risingstarf|1270
|player|p2|meepacman|wattson|1351
|teamsize|p1|6
|teamsize|p2|6
|gen|8
|tier|[Gen 8] National Dex AG
|rated|
|rule|HP Percentage Mod: HP is shown in percentages
|rule|Endless Battle Clause: Forcing endless battles is banned
|clearpoke
|poke|p1|Dragapult, M|
|poke|p1|Ariados, F|
|poke|p1|Blaziken, M|
|poke|p1|Cinccino, F|
|poke|p1|Corsola-Galar, F|
|poke|p1|Rotom-Wash|
|poke|p2|Beedrill, F|
|poke|p2|Volcarona, F|
|poke|p2|Donphan, F|
|poke|p2|Genesect|
|poke|p2|Milotic, M|
|poke|p2|Grimmsnarl, M|
|teampreview
|c|☆ZipLackluster|have fun!
|
|t:|1628729385
|start
|switch|p1a: Cinccino|Cinccino, F|100/100
|switch|p2a: Grimmsnarl|Grimmsnarl, M|100/100
|turn|1
|
|t:|1628729416
|move|p2a: Grimmsnarl|Reflect|p2a: Grimmsnarl
|-sidestart|p2: meepacman|Reflect
|move|p1a: Cinccino|Triple Axel|p2a: Grimmsnarl
|-damage|p2a: Grimmsnarl|97/100
|-damage|p2a: Grimmsnarl|90/100
|-damage|p2a: Grimmsnarl|81/100
|-hitcount|p2a: Grimmsnarl|3
|
|upkeep
|turn|2
|
|t:|1628729426
|move|p2a: Grimmsnarl|Light Screen|p2a: Grimmsnarl
|-sidestart|p2: meepacman|move: Light Screen
|move|p1a: Cinccino|Tail Slap|p2a: Grimmsnarl|[miss]
|-miss|p1a: Cinccino|p2a: Grimmsnarl
|
|upkeep
|turn|3
|
|t:|1628729435
|switch|p1a: Corsola|Corsola-Galar, F|100/100
|switch|p2a: Volcarona|Volcarona, F|100/100
|
|upkeep
|turn|4
|
|t:|1628729447
|move|p2a: Volcarona|Quiver Dance|p2a: Volcarona
|-boost|p2a: Volcarona|spa|1
|-boost|p2a: Volcarona|spd|1
|-boost|p2a: Volcarona|spe|1
|move|p1a: Corsola|Haze|p1a: Corsola
|-clearallboost
|
|upkeep
|turn|5
|
|t:|1628729454
|move|p2a: Volcarona|Fiery Dance|p1a: Corsola
|-damage|p1a: Corsola|73/100
|-boost|p2a: Volcarona|spa|1
|-start|p2a: Volcarona|Disable|Fiery Dance|[from] ability: Cursed Body|[of] p1a: Corsola
|-damage|p2a: Volcarona|91/100|[from] item: Life Orb
|move|p1a: Corsola|Haze|p1a: Corsola
|-clearallboost
|
|upkeep
|turn|6
|
|t:|1628729463
|move|p2a: Volcarona|Bug Buzz|p1a: Corsola
|-resisted|p1a: Corsola
|-damage|p1a: Corsola|57/100
|-damage|p2a: Volcarona|81/100|[from] item: Life Orb
|move|p1a: Corsola|Strength Sap|p2a: Volcarona
|-unboost|p2a: Volcarona|atk|1
|-heal|p1a: Corsola|91/100
|
|upkeep
|turn|7
|
|t:|1628729471
|switch|p2a: Grimmsnarl|Grimmsnarl, M|81/100
|move|p1a: Corsola|Night Shade|p2a: Grimmsnarl
|-damage|p2a: Grimmsnarl|55/100
|
|upkeep
|turn|8
|
|t:|1628729487
|move|p2a: Grimmsnarl|Taunt|p1a: Corsola
|-start|p1a: Corsola|move: Taunt
|move|p1a: Corsola|Night Shade|p2a: Grimmsnarl
|-damage|p2a: Grimmsnarl|30/100
|
|-sideend|p2: meepacman|Reflect
|upkeep
|turn|9
|
|t:|1628729493
|move|p2a: Grimmsnarl|Reflect|p2a: Grimmsnarl
|-sidestart|p2: meepacman|Reflect
|move|p1a: Corsola|Night Shade|p2a: Grimmsnarl
|-damage|p2a: Grimmsnarl|5/100
|
|-sideend|p2: meepacman|move: Light Screen
|upkeep
|turn|10
|
|t:|1628729496
|move|p2a: Grimmsnarl|Light Screen|p2a: Grimmsnarl
|-sidestart|p2: meepacman|move: Light Screen
|move|p1a: Corsola|Night Shade|p2a: Grimmsnarl
|-damage|p2a: Grimmsnarl|0 fnt
|faint|p2a: Grimmsnarl
|
|-end|p1a: Corsola|move: Taunt
|upkeep
|
|t:|1628729502
|switch|p2a: Beedrill|Beedrill, F|100/100
|turn|11
|
|t:|1628729517
|detailschange|p2a: Beedrill|Beedrill-Mega, F
|-mega|p2a: Beedrill|Beedrill|Beedrillite
|move|p2a: Beedrill|U-turn|p1a: Corsola
|-resisted|p1a: Corsola
|-damage|p1a: Corsola|72/100
|
|t:|1628729528
|switch|p2a: Milotic|Milotic, M|100/100|[from]move: U-turn
|move|p1a: Corsola|Strength Sap|p2a: Milotic
|-unboost|p2a: Milotic|atk|1
|-heal|p1a: Corsola|100/100
|
|-status|p2a: Milotic|brn|[from] item: Flame Orb
|upkeep
|turn|12
|
|t:|1628729531
|move|p2a: Milotic|Hypnosis|p1a: Corsola|[miss]
|-miss|p2a: Milotic|p1a: Corsola
|move|p1a: Corsola|Night Shade|p2a: Milotic
|-damage|p2a: Milotic|75/100 brn
|
|-damage|p2a: Milotic|69/100 brn|[from] brn
|upkeep
|turn|13
|
|t:|1628729533
|switch|p1a: Ariados|Ariados, F|100/100
|move|p2a: Milotic|Hypnosis|p1a: Ariados
|-immune|p1a: Ariados|[from] ability: Insomnia
|
|-damage|p2a: Milotic|63/100 brn|[from] brn
|upkeep
|turn|14
|
|t:|1628729540
|move|p2a: Milotic|Recover|p2a: Milotic
|-heal|p2a: Milotic|100/100 brn
|move|p1a: Ariados|Sticky Web|p2a: Milotic
|-sidestart|p2: meepacman|move: Sticky Web
|
|-damage|p2a: Milotic|94/100 brn|[from] brn
|upkeep
|turn|15
|
|t:|1628729546
|switch|p2a: Donphan|Donphan, F|100/100
|-activate|p2a: Donphan|move: Sticky Web
|-unboost|p2a: Donphan|spe|1
|move|p1a: Ariados|Lunge|p2a: Donphan
|-damage|p2a: Donphan|87/100
|-unboost|p2a: Donphan|atk|1
|
|-heal|p2a: Donphan|93/100|[from] item: Leftovers
|upkeep
|turn|16
|
|t:|1628729552
|move|p1a: Ariados|Lunge|p2a: Donphan
|-damage|p2a: Donphan|80/100
|-unboost|p2a: Donphan|atk|1
|move|p2a: Donphan|Rapid Spin|p1a: Ariados
|-damage|p1a: Ariados|87/100
|-boost|p2a: Donphan|spe|1
|-sideend|p2: meepacman|Sticky Web|[from] move: Rapid Spin|[of] p2a: Donphan
|
|-heal|p2a: Donphan|86/100|[from] item: Leftovers
|-sideend|p2: meepacman|Reflect
|upkeep
|turn|17
|
|t:|1628729557
|switch|p2a: Volcarona|Volcarona, F|81/100
|move|p1a: Ariados|Lunge|p2a: Volcarona
|-resisted|p2a: Volcarona
|-damage|p2a: Volcarona|51/100
|-unboost|p2a: Volcarona|atk|1
|-status|p1a: Ariados|brn|[from] ability: Flame Body|[of] p2a: Volcarona
|
|-damage|p1a: Ariados|81/100 brn|[from] brn
|-sideend|p2: meepacman|move: Light Screen
|upkeep
|turn|18
|
|t:|1628729562
|switch|p1a: Corsola|Corsola-Galar, F|100/100
|move|p2a: Volcarona|Quiver Dance|p2a: Volcarona
|-boost|p2a: Volcarona|spa|1
|-boost|p2a: Volcarona|spd|1
|-boost|p2a: Volcarona|spe|1
|
|upkeep
|turn|19
|
|t:|1628729565
|move|p2a: Volcarona|Fiery Dance|p1a: Corsola
|-damage|p1a: Corsola|61/100
|-boost|p2a: Volcarona|spa|1
|-start|p2a: Volcarona|Disable|Fiery Dance|[from] ability: Cursed Body|[of] p1a: Corsola
|-damage|p2a: Volcarona|41/100|[from] item: Life Orb
|move|p1a: Corsola|Haze|p1a: Corsola
|-clearallboost
|
|upkeep
|turn|20
|
|t:|1628729581
|switch|p2a: Milotic|Milotic, M|94/100 brn
|move|p1a: Corsola|Strength Sap|p2a: Milotic
|-unboost|p2a: Milotic|atk|1
|-heal|p1a: Corsola|100/100
|
|-damage|p2a: Milotic|88/100 brn|[from] brn
|upkeep
|turn|21
|
|t:|1628729600
|move|p2a: Milotic|Coil|p2a: Milotic
|-boost|p2a: Milotic|atk|1
|-boost|p2a: Milotic|def|1
|-boost|p2a: Milotic|accuracy|1
|move|p1a: Corsola|Night Shade|p2a: Milotic
|-damage|p2a: Milotic|63/100 brn
|
|-damage|p2a: Milotic|57/100 brn|[from] brn
|upkeep
|turn|22
|
|t:|1628729606
|move|p2a: Milotic|Hypnosis|p1a: Corsola
|-status|p1a: Corsola|slp|[from] move: Hypnosis
|cant|p1a: Corsola|slp
|
|-damage|p2a: Milotic|51/100 brn|[from] brn
|upkeep
|turn|23
|
|t:|1628729622
|switch|p1a: Ariados|Ariados, F|81/100 brn
|move|p2a: Milotic|Recover|p2a: Milotic
|-heal|p2a: Milotic|100/100 brn
|
|-damage|p2a: Milotic|94/100 brn|[from] brn
|-damage|p1a: Ariados|75/100 brn|[from] brn
|upkeep
|turn|24
|
|t:|1628729628
|move|p1a: Ariados|Sticky Web|p2a: Milotic
|-sidestart|p2: meepacman|move: Sticky Web
|move|p2a: Milotic|Dragon Tail|p1a: Ariados
|-damage|p1a: Ariados|69/100 brn
|drag|p1a: Blaziken|Blaziken, M|100/100
|
|-damage|p2a: Milotic|88/100 brn|[from] brn
|upkeep
|turn|25
|
|t:|1628729635
|switch|p1a: Rotom|Rotom-Wash|100/100
|move|p2a: Milotic|Hypnosis|p1a: Rotom
|-status|p1a: Rotom|slp|[from] move: Hypnosis
|
|-damage|p2a: Milotic|82/100 brn|[from] brn
|upkeep
|turn|26
|
|t:|1628729650
|switch|p2a: Donphan|Donphan, F|86/100
|-activate|p2a: Donphan|move: Sticky Web
|-unboost|p2a: Donphan|spe|1
|cant|p1a: Rotom|slp
|
|-heal|p2a: Donphan|92/100|[from] item: Leftovers
|upkeep
|turn|27
|
|t:|1628729652
|cant|p1a: Rotom|slp
|move|p2a: Donphan|Rapid Spin|p1a: Rotom
|-damage|p1a: Rotom|74/100 slp
|-boost|p2a: Donphan|spe|1
|-sideend|p2: meepacman|Sticky Web|[from] move: Rapid Spin|[of] p2a: Donphan
|
|-heal|p2a: Donphan|98/100|[from] item: Leftovers
|upkeep
|turn|28
|
|t:|1628729660
|cant|p1a: Rotom|slp
|move|p2a: Donphan|Endeavor|p1a: Rotom
|-immune|p1a: Rotom
|
|-heal|p2a: Donphan|100/100|[from] item: Leftovers
|upkeep
|turn|29
|
|t:|1628729663
|-curestatus|p1a: Rotom|slp|[msg]
|move|p1a: Rotom|Hydro Pump|p2a: Donphan
|-supereffective|p2a: Donphan
|-ability|p2a: Donphan|Sturdy
|-damage|p2a: Donphan|1/100
|move|p2a: Donphan|Endeavor|p1a: Rotom
|-damage|p1a: Rotom|1/100
|
|-heal|p2a: Donphan|7/100|[from] item: Leftovers
|upkeep
|turn|30
|
|t:|1628729670
|move|p1a: Rotom|Hydro Pump|p2a: Donphan
|-supereffective|p2a: Donphan
|-damage|p2a: Donphan|0 fnt
|faint|p2a: Donphan
|
|upkeep
|
|t:|1628729672
|switch|p2a: Beedrill|Beedrill-Mega, F|100/100
|turn|31
|
|t:|1628729675
|switch|p1a: Corsola|Corsola-Galar, F|100/100 slp
|move|p2a: Beedrill|Fell Stinger|p1a: Corsola
|-resisted|p1a: Corsola
|-damage|p1a: Corsola|87/100 slp
|
|upkeep
|turn|32
|
|t:|1628729681
|move|p2a: Beedrill|Drill Run|p1a: Corsola
|-damage|p1a: Corsola|63/100 slp
|-start|p2a: Beedrill|Disable|Drill Run|[from] ability: Cursed Body|[of] p1a: Corsola
|cant|p1a: Corsola|slp
|
|upkeep
|turn|33
|
|t:|1628729685
|move|p2a: Beedrill|U-turn|p1a: Corsola
|-resisted|p1a: Corsola
|-damage|p1a: Corsola|44/100 slp
|
|t:|1628729690
|switch|p2a: Genesect|Genesect, shiny|100/100|[from]move: U-turn
|-ability|p2a: Genesect|Download|boost
|-boost|p2a: Genesect|atk|1
|cant|p1a: Corsola|slp
|
|upkeep
|turn|34
|
|t:|1628729694
|move|p2a: Genesect|Iron Head|p1a: Corsola
|-damage|p1a: Corsola|3/100 slp
|-curestatus|p1a: Corsola|slp|[msg]
|move|p1a: Corsola|Strength Sap|p2a: Genesect
|-unboost|p2a: Genesect|atk|1
|-heal|p1a: Corsola|100/100
|
|upkeep
|turn|35
|
|t:|1628729704
|switch|p2a: Milotic|Milotic, M|82/100 brn
|move|p1a: Corsola|Stealth Rock|p2a: Milotic
|-sidestart|p2: meepacman|move: Stealth Rock
|
|-damage|p2a: Milotic|76/100 brn|[from] brn
|upkeep
|turn|36
|
|t:|1628729709
|move|p2a: Milotic|Coil|p2a: Milotic
|-boost|p2a: Milotic|atk|1
|-boost|p2a: Milotic|def|1
|-boost|p2a: Milotic|accuracy|1
|move|p1a: Corsola|Night Shade|p2a: Milotic
|-damage|p2a: Milotic|51/100 brn
|
|-damage|p2a: Milotic|45/100 brn|[from] brn
|upkeep
|turn|37
|
|t:|1628729713
|move|p2a: Milotic|Recover|p2a: Milotic
|-heal|p2a: Milotic|95/100 brn
|move|p1a: Corsola|Night Shade|p2a: Milotic
|-damage|p2a: Milotic|69/100 brn
|
|-damage|p2a: Milotic|63/100 brn|[from] brn
|upkeep
|turn|38
|
|t:|1628729729
|move|p2a: Milotic|Hypnosis|p1a: Corsola
|-status|p1a: Corsola|slp|[from] move: Hypnosis
|cant|p1a: Corsola|slp
|
|-damage|p2a: Milotic|57/100 brn|[from] brn
|upkeep
|turn|39
|
|t:|1628729732
|switch|p2a: Genesect|Genesect, shiny|100/100
|-damage|p2a: Genesect|88/100|[from] Stealth Rock
|-ability|p2a: Genesect|Download|boost
|-boost|p2a: Genesect|atk|1
|cant|p1a: Corsola|slp
|
|upkeep
|turn|40
|
|t:|1628729735
|move|p2a: Genesect|Iron Head|p1a: Corsola
|-damage|p1a: Corsola|56/100 slp
|-curestatus|p1a: Corsola|slp|[msg]
|cant|p1a: Corsola|flinch
|
|upkeep
|turn|41
|
|t:|1628729741
|-start|p2a: Genesect|Dynamax
|-heal|p2a: Genesect|88/100|[silent]
|move|p2a: Genesect|Max Steelspike|p1a: Corsola
|-damage|p1a: Corsola|0 fnt
|-boost|p2a: Genesect|def|1
|faint|p1a: Corsola
|
|upkeep
|
|t:|1628729759
|switch|p1a: Blaziken|Blaziken, M|100/100
|turn|42
|
|t:|1628729763
|detailschange|p1a: Blaziken|Blaziken-Mega, M
|-mega|p1a: Blaziken|Blaziken|Blazikenite
|move|p1a: Blaziken|Protect|p1a: Blaziken
|-singleturn|p1a: Blaziken|Protect
|move|p2a: Genesect|Max Strike|p1a: Blaziken
|-zbroken|p1a: Blaziken
|-damage|p1a: Blaziken|80/100
|-unboost|p1a: Blaziken|spe|1
|
|-ability|p1a: Blaziken|Speed Boost|boost
|-boost|p1a: Blaziken|spe|1
|upkeep
|turn|43
|
|t:|1628729770
|move|p2a: Genesect|Max Strike|p1a: Blaziken
|-damage|p1a: Blaziken|0 fnt
|faint|p1a: Blaziken
|
|-end|p2a: Genesect|Dynamax
|-heal|p2a: Genesect|88/100|[silent]
|upkeep
|
|t:|1628729780
|switch|p1a: Cinccino|Cinccino, F|100/100
|turn|44
|
|t:|1628729785
|move|p1a: Cinccino|Triple Axel|p2a: Genesect
|-resisted|p2a: Genesect
|-damage|p2a: Genesect|86/100
|-resisted|p2a: Genesect
|-damage|p2a: Genesect|81/100
|-resisted|p2a: Genesect
|-damage|p2a: Genesect|74/100
|-hitcount|p2a: Genesect|3
|move|p2a: Genesect|Leech Life|p1a: Cinccino
|-enditem|p1a: Cinccino|Focus Sash
|-damage|p1a: Cinccino|1/100
|-heal|p2a: Genesect|100/100|[from] drain|[of] p1a: Cinccino
|
|upkeep
|turn|45
|
|t:|1628729789
|move|p2a: Genesect|Extreme Speed|p1a: Cinccino
|-damage|p1a: Cinccino|0 fnt
|faint|p1a: Cinccino
|
|upkeep
|
|t:|1628729793
|switch|p1a: Rotom|Rotom-Wash|1/100
|turn|46
|
|t:|1628729796
|move|p2a: Genesect|Extreme Speed|p1a: Rotom
|-damage|p1a: Rotom|0 fnt
|faint|p1a: Rotom
|
|upkeep
|
|t:|1628729798
|switch|p1a: Ariados|Ariados, F|69/100 brn
|turn|47
|
|t:|1628729801
|move|p2a: Genesect|Iron Head|p1a: Ariados
|-damage|p1a: Ariados|0 fnt
|faint|p1a: Ariados
|
|upkeep
|
|t:|1628729803
|switch|p1a: Dragapult|Dragapult, M|100/100
|turn|48
|
|t:|1628729804
|-start|p1a: Dragapult|Dynamax
|-heal|p1a: Dragapult|100/100|[silent]
|move|p1a: Dragapult|Max Phantasm|p2a: Genesect
|-damage|p2a: Genesect|38/100
|-unboost|p2a: Genesect|def|1
|move|p2a: Genesect|Iron Head|p1a: Dragapult
|-damage|p1a: Dragapult|63/100
|
|upkeep
|turn|49
|
|t:|1628729819
|move|p1a: Dragapult|Max Phantasm|p2a: Genesect
|-damage|p2a: Genesect|0 fnt
|faint|p2a: Genesect
|
|upkeep
|
|t:|1628729827
|switch|p2a: Milotic|Milotic, M|57/100 brn
|-damage|p2a: Milotic|45/100 brn|[from] Stealth Rock
|turn|50
|
|t:|1628729831
|move|p1a: Dragapult|Max Wyrmwind|p2a: Milotic
|-damage|p2a: Milotic|9/100 brn
|-unboost|p2a: Milotic|atk|1
|move|p2a: Milotic|Recover|p2a: Milotic
|-heal|p2a: Milotic|59/100 brn
|
|-damage|p2a: Milotic|53/100 brn|[from] brn
|-end|p1a: Dragapult|Dynamax
|-heal|p1a: Dragapult|64/100|[silent]
|upkeep
|turn|51
|
|t:|1628729834
|move|p1a: Dragapult|Dragon Dance|p1a: Dragapult
|-boost|p1a: Dragapult|atk|1
|-boost|p1a: Dragapult|spe|1
|move|p2a: Milotic|Recover|p2a: Milotic
|-heal|p2a: Milotic|100/100 brn
|
|-damage|p2a: Milotic|94/100 brn|[from] brn
|upkeep
|turn|52
|
|t:|1628729839
|move|p1a: Dragapult|Dragon Darts|p2a: Milotic
|-damage|p2a: Milotic|74/100 brn
|-anim|p1a: Dragapult|Dragon Darts|p2a: Milotic
|-damage|p2a: Milotic|52/100 brn
|move|p2a: Milotic|Coil|p2a: Milotic
|-boost|p2a: Milotic|atk|1
|-boost|p2a: Milotic|def|1
|-boost|p2a: Milotic|accuracy|1
|
|-damage|p2a: Milotic|46/100 brn|[from] brn
|upkeep
|turn|53
|
|t:|1628729842
|move|p1a: Dragapult|Dragon Dance|p1a: Dragapult
|-boost|p1a: Dragapult|atk|1
|-boost|p1a: Dragapult|spe|1
|move|p2a: Milotic|Recover|p2a: Milotic
|-heal|p2a: Milotic|96/100 brn
|
|-damage|p2a: Milotic|90/100 brn|[from] brn
|upkeep
|turn|54
|
|t:|1628729847
|move|p1a: Dragapult|Dragon Darts|p2a: Milotic
|-damage|p2a: Milotic|73/100 brn
|-anim|p1a: Dragapult|Dragon Darts|p2a: Milotic
|-damage|p2a: Milotic|54/100 brn
|move|p2a: Milotic|Hypnosis|p1a: Dragapult
|-status|p1a: Dragapult|slp|[from] move: Hypnosis
|
|-damage|p2a: Milotic|48/100 brn|[from] brn
|upkeep
|turn|55
|
|t:|1628729850
|cant|p1a: Dragapult|slp
|move|p2a: Milotic|Dragon Tail|p1a: Dragapult
|-supereffective|p1a: Dragapult
|-damage|p1a: Dragapult|52/100 slp
|-enditem|p1a: Dragapult|Weakness Policy
|-boost|p1a: Dragapult|atk|2|[from] item: Weakness Policy
|-boost|p1a: Dragapult|spa|2|[from] item: Weakness Policy
|
|-damage|p2a: Milotic|42/100 brn|[from] brn
|upkeep
|turn|56
|c|☆meepacman|oh
|c|☆ZipLackluster|wake up pult plzz
|
|t:|1628729871
|switch|p2a: Beedrill|Beedrill-Mega, F|100/100
|-damage|p2a: Beedrill|76/100|[from] Stealth Rock
|cant|p1a: Dragapult|slp
|
|upkeep
|turn|57
|
|t:|1628729876
|-curestatus|p1a: Dragapult|slp|[msg]
|move|p1a: Dragapult|Dragon Darts|p2a: Beedrill
|-damage|p2a: Beedrill|0 fnt
|faint|p2a: Beedrill
|
|upkeep
|c|☆meepacman|gg
|
|t:|1628729882
|switch|p2a: Milotic|Milotic, M|42/100 brn
|-damage|p2a: Milotic|30/100 brn|[from] Stealth Rock
|turn|58
|
|t:|1628729885
|move|p1a: Dragapult|Dragon Darts|p2a: Milotic
|-damage|p2a: Milotic|0 fnt
|faint|p2a: Milotic
|
|upkeep
|
|t:|1628729887
|switch|p2a: Volcarona|Volcarona, F|41/100
|-damage|p2a: Volcarona|0 fnt|[from] Stealth Rock
|faint|p2a: Volcarona
|
|win|ZipLackluster
|raw|ZipLackluster's rating: 1270 &rarr; <strong>1301</strong><br />(+31 for winning)
|raw|meepacman's rating: 1351 &rarr; <strong>1326</strong><br />(-25 for losing)
|c|☆ZipLackluster|gg wp!
|l|☆meepacman
||Ladder isn't responding, score probably updated but might not have (Request timeout).
