|j|☆vibingdank
|j|☆DrMario69
|inactive|Battle timer is ON: inactive players will automatically lose when time's up.
|t:|1663784469
|gametype|singles
|player|p1|vibingdank|az|
|player|p2|DrMario69|hiker-gen4|
|teamsize|p1|6
|teamsize|p2|6
|gen|8
|tier|[Gen 8] National Dex AG
|rated|Tournament battle
|rule|HP Percentage Mod: HP is shown in percentages
|rule|Endless Battle Clause: Forcing endless battles is banned
|clearpoke
|poke|p1|Arceus-*|
|poke|p1|Mewtwo|
|poke|p1|Ho-Oh|
|poke|p1|Groudon|
|poke|p1|Ferrothorn, F|
|poke|p1|Zygarde|
|poke|p2|Groudon|
|poke|p2|Rayquaza|
|poke|p2|Zygarde|
|poke|p2|Calyrex-Shadow|
|poke|p2|Arceus-*|
|poke|p2|Arceus-*|
|teampreview
|
|t:|1663784477
|start
|switch|p1a: Groudon|Groudon, shiny|100/100
|switch|p2a: the goat|Zygarde, shiny|100/100
|detailschange|p1a: Groudon|Groudon-Primal, shiny
|-primal|p1a: Groudon
|-weather|DesolateLand|[from] ability: Desolate Land|[of] p1a: Groudon
|turn|1
|
|t:|1663784480
|move|p2a: the goat|Glare|p1a: Groudon
|-status|p1a: Groudon|par
|cant|p1a: Groudon|par
|
|-weather|DesolateLand|[upkeep]
|upkeep
|turn|2
|
|t:|1663784483
|move|p2a: the goat|Substitute|p2a: the goat
|-start|p2a: the goat|Substitute
|-damage|p2a: the goat|75/100
|cant|p1a: Groudon|par
|
|-weather|DesolateLand|[upkeep]
|-heal|p2a: the goat|82/100|[from] item: Leftovers
|upkeep
|turn|3
|c|☆DrMario69|im so sorry
|
|t:|1663784489
|move|p2a: the goat|Coil|p2a: the goat
|-boost|p2a: the goat|atk|1
|-boost|p2a: the goat|def|1
|-boost|p2a: the goat|accuracy|1
|move|p1a: Groudon|Stealth Rock|p2a: the goat
|-sidestart|p2: DrMario69|move: Stealth Rock
|
|-weather|DesolateLand|[upkeep]
|-heal|p2a: the goat|88/100|[from] item: Leftovers
|upkeep
|turn|4
|
|t:|1663784496
|move|p2a: the goat|Thousand Arrows|p1a: Groudon
|-supereffective|p1a: Groudon
|-damage|p1a: Groudon|56/100 par
|move|p1a: Groudon|Precipice Blades|p2a: the goat
|-end|p2a: the goat|Substitute
|
|-weather|DesolateLand|[upkeep]
|-heal|p2a: the goat|94/100|[from] item: Leftovers
|upkeep
|turn|5
|
|t:|1663784499
|move|p2a: the goat|Substitute|p2a: the goat
|-start|p2a: the goat|Substitute
|-damage|p2a: the goat|69/100
|move|p1a: Groudon|Precipice Blades|p2a: the goat
|-activate|p2a: the goat|move: Substitute|[damage]
|
|-weather|DesolateLand|[upkeep]
|-heal|p2a: the goat|75/100|[from] item: Leftovers
|upkeep
|turn|6
|
|t:|1663784505
|move|p2a: the goat|Coil|p2a: the goat
|-boost|p2a: the goat|atk|1
|-boost|p2a: the goat|def|1
|-boost|p2a: the goat|accuracy|1
|move|p1a: Groudon|Precipice Blades|p2a: the goat|[miss]
|-miss|p1a: Groudon|p2a: the goat
|
|-weather|DesolateLand|[upkeep]
|-heal|p2a: the goat|81/100|[from] item: Leftovers
|upkeep
|turn|7
|
|t:|1663784516
|move|p2a: the goat|Coil|p2a: the goat
|-boost|p2a: the goat|atk|1
|-boost|p2a: the goat|def|1
|-boost|p2a: the goat|accuracy|1
|move|p1a: Groudon|Precipice Blades|p2a: the goat
|-end|p2a: the goat|Substitute
|
|-weather|DesolateLand|[upkeep]
|-heal|p2a: the goat|88/100|[from] item: Leftovers
|upkeep
|turn|8
|
|t:|1663784522
|move|p2a: the goat|Substitute|p2a: the goat
|-start|p2a: the goat|Substitute
|-damage|p2a: the goat|63/100
|move|p1a: Groudon|Precipice Blades|p2a: the goat
|-activate|p2a: the goat|move: Substitute|[damage]
|
|-weather|DesolateLand|[upkeep]
|-heal|p2a: the goat|69/100|[from] item: Leftovers
|upkeep
|turn|9
|
|t:|1663784526
|move|p2a: the goat|Coil|p2a: the goat
|-boost|p2a: the goat|atk|1
|-boost|p2a: the goat|def|1
|-boost|p2a: the goat|accuracy|1
|move|p1a: Groudon|Precipice Blades|p2a: the goat
|-end|p2a: the goat|Substitute
|
|-weather|DesolateLand|[upkeep]
|-heal|p2a: the goat|75/100|[from] item: Leftovers
|upkeep
|turn|10
|
|t:|1663784540
|move|p2a: the goat|Substitute|p2a: the goat
|-start|p2a: the goat|Substitute
|-damage|p2a: the goat|50/100
|cant|p1a: Groudon|par
|
|-weather|DesolateLand|[upkeep]
|-heal|p2a: the goat|56/100|[from] item: Leftovers
|upkeep
|turn|11
|
|t:|1663784543
|move|p2a: the goat|Coil|p2a: the goat
|-boost|p2a: the goat|atk|1
|-boost|p2a: the goat|def|1
|-boost|p2a: the goat|accuracy|1
|move|p1a: Groudon|Precipice Blades|p2a: the goat
|-activate|p2a: the goat|move: Substitute|[damage]
|
|-weather|DesolateLand|[upkeep]
|-heal|p2a: the goat|62/100|[from] item: Leftovers
|upkeep
|turn|12
|
|t:|1663784546
|move|p2a: the goat|Coil|p2a: the goat
|-boost|p2a: the goat|atk|1
|-boost|p2a: the goat|def|1
|-boost|p2a: the goat|accuracy|1
|move|p1a: Groudon|Precipice Blades|p2a: the goat
|-activate|p2a: the goat|move: Substitute|[damage]
|
|-weather|DesolateLand|[upkeep]
|-heal|p2a: the goat|69/100|[from] item: Leftovers
|upkeep
|turn|13
|
|t:|1663784549
|move|p2a: the goat|Thousand Arrows|p1a: Groudon
|-supereffective|p1a: Groudon
|-damage|p1a: Groudon|0 fnt
|faint|p1a: Groudon
|-weather|none
|
|-heal|p2a: the goat|75/100|[from] item: Leftovers
|upkeep
|c|☆vibingdank|i should have kep haze zyg ngl
|
|t:|1663784572
|switch|p1a: Mewtwo|Mewtwo|100/100
|-ability|p1a: Mewtwo|Pressure
|turn|14
|c|☆DrMario69|i got kinda lucky with the paras tbh
|c|☆vibingdank|yea
|
|t:|1663784585
|detailschange|p1a: Mewtwo|Mewtwo-Mega-Y
|-mega|p1a: Mewtwo|Mewtwo|Mewtwonite Y
|move|p1a: Mewtwo|Ice Beam|p2a: the goat
|-supereffective|p2a: the goat
|-end|p2a: the goat|Substitute
|move|p2a: the goat|Glare|p1a: Mewtwo
|-status|p1a: Mewtwo|par
|
|-heal|p2a: the goat|81/100|[from] item: Leftovers
|upkeep
|turn|15
|
|t:|1663784587
|move|p2a: the goat|Substitute|p2a: the goat
|-start|p2a: the goat|Substitute
|-damage|p2a: the goat|56/100
|cant|p1a: Mewtwo|par
|
|-heal|p2a: the goat|62/100|[from] item: Leftovers
|upkeep
|turn|16
|
|t:|1663784591
|move|p2a: the goat|Thousand Arrows|p1a: Mewtwo
|-damage|p1a: Mewtwo|0 fnt
|faint|p1a: Mewtwo
|
|-heal|p2a: the goat|68/100|[from] item: Leftovers
|upkeep
|c|☆vibingdank|bruh
|
|t:|1663784601
|switch|p1a: Arceus|Arceus-Dark|100/100
|turn|17
|
|t:|1663784609
|move|p1a: Arceus|Ice Beam|p2a: the goat
|-supereffective|p2a: the goat
|-crit|p2a: the goat
|-end|p2a: the goat|Substitute
|move|p2a: the goat|Glare|p1a: Arceus
|-status|p1a: Arceus|par
|
|-heal|p2a: the goat|75/100|[from] item: Leftovers
|upkeep
|turn|18
|c|☆vibingdank|well gg this is my demise
|
|t:|1663784620
|move|p2a: the goat|Substitute|p2a: the goat
|-start|p2a: the goat|Substitute
|-damage|p2a: the goat|50/100
|move|p1a: Arceus|Ice Beam|p2a: the goat
|-supereffective|p2a: the goat
|-end|p2a: the goat|Substitute
|
|-heal|p2a: the goat|56/100|[from] item: Leftovers
|upkeep
|turn|19
|
|t:|1663784626
|move|p2a: the goat|Substitute|p2a: the goat
|-start|p2a: the goat|Substitute
|-damage|p2a: the goat|31/100
|move|p1a: Arceus|Ice Beam|p2a: the goat
|-supereffective|p2a: the goat
|-end|p2a: the goat|Substitute
|
|-heal|p2a: the goat|37/100|[from] item: Leftovers
|-activate|p2a: the goat|ability: Power Construct
|detailschange|p2a: the goat|Zygarde-Complete, shiny
|-heal|p2a: the goat|59/100|[silent]
|upkeep
|turn|20
|
|t:|1663784628
|move|p2a: the goat|Substitute|p2a: the goat
|-start|p2a: the goat|Substitute
|-damage|p2a: the goat|34/100
|move|p1a: Arceus|Ice Beam|p2a: the goat
|-supereffective|p2a: the goat
|-end|p2a: the goat|Substitute
|
|-heal|p2a: the goat|40/100|[from] item: Leftovers
|upkeep
|turn|21
|
|t:|1663784633
|move|p2a: the goat|Thousand Arrows|p1a: Arceus
|-crit|p1a: Arceus
|-damage|p1a: Arceus|0 fnt
|faint|p1a: Arceus
|
|-heal|p2a: the goat|46/100|[from] item: Leftovers
|upkeep
|
|t:|1663784638
|switch|p1a: Ho-Oh|Ho-Oh|100/100
|turn|22
|
|t:|1663784644
|move|p1a: Ho-Oh|Toxic|p2a: the goat
|-status|p2a: the goat|tox
|move|p2a: the goat|Thousand Arrows|p1a: Ho-Oh
|-damage|p1a: Ho-Oh|0 fnt
|faint|p1a: Ho-Oh
|
|-heal|p2a: the goat|52/100 tox|[from] item: Leftovers
|-damage|p2a: the goat|46/100 tox|[from] psn
|upkeep
|
|t:|1663784650
|switch|p1a: Ferrothorn|Ferrothorn, F|100/100
|turn|23
|
|t:|1663784653
|move|p2a: the goat|Thousand Arrows|p1a: Ferrothorn
|-damage|p1a: Ferrothorn|6/100
|move|p1a: Ferrothorn|Gyro Ball|p2a: the goat
|-damage|p2a: the goat|42/100 tox
|
|-heal|p2a: the goat|48/100 tox|[from] item: Leftovers
|-heal|p1a: Ferrothorn|12/100|[from] item: Leftovers
|-damage|p2a: the goat|35/100 tox|[from] psn
|upkeep
|turn|24
|c|☆vibingdank|well gg
|
|t:|1663784683
|switch|p2a: the gwoat|Rayquaza|100/100
|-damage|p2a: the gwoat|76/100|[from] Stealth Rock
|-ability|p2a: the gwoat|Air Lock
|move|p1a: Ferrothorn|Leech Seed|p2a: the gwoat
|-start|p2a: the gwoat|move: Leech Seed
|
|-heal|p1a: Ferrothorn|18/100|[from] item: Leftovers
|-damage|p2a: the gwoat|63/100|[from] Leech Seed|[of] p1a: Ferrothorn
|-heal|p1a: Ferrothorn|30/100|[silent]
|upkeep
|turn|25
|
|t:|1663784687
|detailschange|p2a: the gwoat|Rayquaza-Mega
|-mega|p2a: the gwoat|Rayquaza|
|-weather|DeltaStream|[from] ability: Delta Stream|[of] p2a: the gwoat
|move|p2a: the gwoat|Scale Shot|p1a: Ferrothorn
|-resisted|p1a: Ferrothorn
|-damage|p1a: Ferrothorn|22/100
|-resisted|p1a: Ferrothorn
|-damage|p1a: Ferrothorn|13/100
|-resisted|p1a: Ferrothorn
|-damage|p1a: Ferrothorn|4/100
|-hitcount|p1a: Ferrothorn|3
|-unboost|p2a: the gwoat|def|1
|-boost|p2a: the gwoat|spe|1
|-damage|p2a: the gwoat|53/100|[from] item: Life Orb
|move|p1a: Ferrothorn|Leech Seed||[still]
|-fail|p1a: Ferrothorn
|
|-weather|DeltaStream|[upkeep]
|-heal|p1a: Ferrothorn|11/100|[from] item: Leftovers
|-damage|p2a: the gwoat|41/100|[from] Leech Seed|[of] p1a: Ferrothorn
|-heal|p1a: Ferrothorn|23/100|[silent]
|upkeep
|turn|26
|
|t:|1663784689
|move|p2a: the gwoat|Dragon Ascent|p1a: Ferrothorn
|-damage|p1a: Ferrothorn|0 fnt
|-unboost|p2a: the gwoat|def|1
|-unboost|p2a: the gwoat|spd|1
|-damage|p2a: the gwoat|29/100|[from] ability: Iron Barbs|[of] p1a: Ferrothorn
|faint|p1a: Ferrothorn
|-damage|p2a: the gwoat|19/100|[from] item: Life Orb
|
|-weather|DeltaStream|[upkeep]
|upkeep
|
|t:|1663784694
|switch|p1a: Zygarde|Zygarde|100/100
|turn|27
|
|t:|1663784697
|move|p2a: the gwoat|Scale Shot|p1a: Zygarde
|-supereffective|p1a: Zygarde
|-damage|p1a: Zygarde|67/100
|-supereffective|p1a: Zygarde
|-damage|p1a: Zygarde|31/100
|-supereffective|p1a: Zygarde
|-damage|p1a: Zygarde|0 fnt
|faint|p1a: Zygarde
|-hitcount|p1: Zygarde|3
|-damage|p2a: the gwoat|9/100|[from] item: Life Orb
|
|win|DrMario69
|n|☆vibingdank|vibingdank
|n|☆DrMario69|drmario69
|c|☆DrMario69|gg
