|j|☆iopkj09
|j|☆Clownnin
|t:|1665283760
|gametype|singles
|player|p1|iopkj09|nate|1809
|player|p2|Clownnin|clown|1866
|teamsize|p1|6
|teamsize|p2|6
|gen|8
|tier|[Gen 8] National Dex AG
|rated|
|rule|HP Percentage Mod: HP is shown in percentages
|rule|Endless Battle Clause: Forcing endless battles is banned
|clearpoke
|poke|p1|Yveltal|
|poke|p1|Xerneas-*|
|poke|p1|Rayquaza|
|poke|p1|Arceus-*|
|poke|p1|Melmetal|
|poke|p1|Ditto|
|poke|p2|Arceus-*|
|poke|p2|Arceus-*|
|poke|p2|Arceus-*|
|poke|p2|Arceus-*|
|poke|p2|Arceus-*|
|poke|p2|Arceus-*|
|teampreview
|inactive|Battle timer is ON: inactive players will automatically lose when time's up. (requested by iopkj09)
|inactive|Clownnin also wants the timer to be on.
|
|t:|1665283778
|start
|switch|p1a: Arceus|Arceus|100/100
|switch|p2a: Arceus|Arceus-Ground|100/100
|turn|1
|
|t:|1665283786
|move|p1a: Arceus|Swords Dance|p1a: Arceus
|-boost|p1a: Arceus|atk|2
|move|p2a: Arceus|Toxic|p1a: Arceus
|-status|p1a: Arceus|tox
|
|-damage|p1a: Arceus|94/100 tox|[from] psn
|upkeep
|turn|2
|
|t:|1665283788
|move|p1a: Arceus|Swords Dance|p1a: Arceus
|-boost|p1a: Arceus|atk|2
|move|p2a: Arceus|Stealth Rock|p1a: Arceus
|-sidestart|p1: iopkj09|move: Stealth Rock
|
|-damage|p1a: Arceus|82/100 tox|[from] psn
|upkeep
|turn|3
|
|t:|1665283791
|switch|p2a: Arceus|Arceus-Ghost|100/100
|move|p1a: Arceus|Swords Dance|p1a: Arceus
|-boost|p1a: Arceus|atk|2
|
|-damage|p1a: Arceus|64/100 tox|[from] psn
|upkeep
|turn|4
|
|t:|1665283796
|switch|p2a: Arceus|Arceus-Water|100/100
|move|p1a: Arceus|Shadow Claw|p2a: Arceus
|-damage|p2a: Arceus|47/100
|
|-damage|p1a: Arceus|40/100 tox|[from] psn
|upkeep
|turn|5
|
|t:|1665283802
|switch|p2a: Arceus|Arceus-Ghost|100/100
|move|p1a: Arceus|Shadow Claw|p2a: Arceus
|-supereffective|p2a: Arceus
|-damage|p2a: Arceus|0 fnt
|faint|p2a: Arceus
|
|-damage|p1a: Arceus|9/100 tox|[from] psn
|upkeep
|
|t:|1665283812
|switch|p2a: Arceus|Arceus-Water|47/100
|turn|6
|
|t:|1665283814
|move|p1a: Arceus|Extreme Speed|p2a: Arceus
|-damage|p2a: Arceus|0 fnt
|faint|p2a: Arceus
|
|-damage|p1a: Arceus|0 fnt|[from] psn
|faint|p1a: Arceus
|upkeep
|
|t:|1665283819
|switch|p1a: Melmetal|Melmetal, shiny|100/100
|switch|p2a: Arceus|Arceus-Dark|100/100
|-damage|p1a: Melmetal|94/100|[from] Stealth Rock
|turn|7
|
|t:|1665283826
|move|p2a: Arceus|Calm Mind|p2a: Arceus
|-boost|p2a: Arceus|spa|1
|-boost|p2a: Arceus|spd|1
|move|p1a: Melmetal|Double Iron Bash|p2a: Arceus
|-damage|p2a: Arceus|73/100
|-damage|p2a: Arceus|45/100
|-hitcount|p2a: Arceus|2
|
|upkeep
|turn|8
|
|t:|1665283828
|move|p2a: Arceus|Recover|p2a: Arceus
|-heal|p2a: Arceus|95/100
|move|p1a: Melmetal|Double Iron Bash|p2a: Arceus
|-crit|p2a: Arceus
|-damage|p2a: Arceus|52/100
|-damage|p2a: Arceus|23/100
|-hitcount|p2a: Arceus|2
|
|upkeep
|turn|9
|
|t:|1665283833
|move|p2a: Arceus|Judgment|p1a: Melmetal
|-damage|p1a: Melmetal|41/100
|move|p1a: Melmetal|Double Iron Bash|p2a: Arceus
|-damage|p2a: Arceus|0 fnt
|faint|p2a: Arceus
|-hitcount|p2: Arceus|1
|
|upkeep
|
|t:|1665283837
|switch|p2a: Arceus|Arceus-Ground|100/100
|turn|10
|
|t:|1665283840
|move|p2a: Arceus|Judgment|p1a: Melmetal
|-supereffective|p1a: Melmetal
|-damage|p1a: Melmetal|0 fnt
|faint|p1a: Melmetal
|
|upkeep
|
|t:|1665283844
|switch|p1a: Rayquaza|Rayquaza|100/100
|-damage|p1a: Rayquaza|75/100|[from] Stealth Rock
|-ability|p1a: Rayquaza|Air Lock
|turn|11
|
|t:|1665283846
|detailschange|p1a: Rayquaza|Rayquaza-Mega
|-mega|p1a: Rayquaza|Rayquaza|
|-weather|DeltaStream|[from] ability: Delta Stream|[of] p1a: Rayquaza
|move|p1a: Rayquaza|Dragon Dance|p1a: Rayquaza
|-boost|p1a: Rayquaza|atk|1
|-boost|p1a: Rayquaza|spe|1
|move|p2a: Arceus|Ice Beam|p1a: Rayquaza
|-activate||deltastream
|-supereffective|p1a: Rayquaza
|-damage|p1a: Rayquaza|7/100
|
|-weather|DeltaStream|[upkeep]
|upkeep
|turn|12
|
|t:|1665283853
|move|p1a: Rayquaza|Dragon Ascent|p2a: Arceus
|-damage|p2a: Arceus|21/100
|-unboost|p1a: Rayquaza|def|1
|-unboost|p1a: Rayquaza|spd|1
|move|p2a: Arceus|Ice Beam|p1a: Rayquaza
|-activate||deltastream
|-supereffective|p1a: Rayquaza
|-damage|p1a: Rayquaza|0 fnt
|faint|p1a: Rayquaza
|-weather|none
|
|upkeep
|
|t:|1665283861
|switch|p1a: Xerneas|Xerneas, shiny|100/100
|-damage|p1a: Xerneas|88/100|[from] Stealth Rock
|-ability|p1a: Xerneas|Fairy Aura
|turn|13
|
|t:|1665283863
|move|p1a: Xerneas|Geomancy||[still]
|-prepare|p1a: Xerneas|Geomancy
|-enditem|p1a: Xerneas|Power Herb
|-anim|p1a: Xerneas|Geomancy|p1a: Xerneas
|-boost|p1a: Xerneas|spa|2
|-boost|p1a: Xerneas|spd|2
|-boost|p1a: Xerneas|spe|2
|move|p2a: Arceus|Toxic|p1a: Xerneas
|-status|p1a: Xerneas|tox
|
|-damage|p1a: Xerneas|82/100 tox|[from] psn
|upkeep
|turn|14
|
|t:|1665283866
|move|p1a: Xerneas|Draining Kiss|p2a: Arceus
|-damage|p2a: Arceus|0 fnt
|-heal|p1a: Xerneas|99/100 tox|[from] drain|[of] p2a: Arceus
|faint|p2a: Arceus
|
|-damage|p1a: Xerneas|87/100 tox|[from] psn
|upkeep
|
|t:|1665283869
|switch|p2a: Arceus|Arceus-Fairy|100/100
|turn|15
|
|t:|1665283872
|-start|p1a: Xerneas|Dynamax|
|-heal|p1a: Xerneas|87/100 tox|[silent]
|-start|p2a: Arceus|Dynamax|
|-heal|p2a: Arceus|100/100|[silent]
|move|p2a: Arceus|Max Guard|p2a: Arceus
|-singleturn|p2a: Arceus|Max Guard
|move|p1a: Xerneas|Max Starfall|p2a: Arceus
|-activate|p2a: Arceus|move: Max Guard
|
|-damage|p1a: Xerneas|78/100 tox|[from] psn
|upkeep
|turn|16
|
|t:|1665283874
|move|p1a: Xerneas|Max Starfall|p2a: Arceus
|-damage|p2a: Arceus|47/100
|-fieldstart|move: Misty Terrain
|move|p2a: Arceus|Max Starfall|p1a: Xerneas
|-damage|p1a: Xerneas|60/100 tox
|
|-damage|p1a: Xerneas|48/100 tox|[from] psn
|upkeep
|turn|17
|
|t:|1665283877
|move|p2a: Arceus|Max Guard|p2a: Arceus
|-singleturn|p2a: Arceus|Max Guard
|move|p1a: Xerneas|Max Starfall|p2a: Arceus
|-activate|p2a: Arceus|move: Max Guard
|
|-damage|p1a: Xerneas|33/100 tox|[from] psn
|upkeep
|-end|p1a: Xerneas|Dynamax
|-heal|p1a: Xerneas|33/100 tox|[silent]
|-end|p2a: Arceus|Dynamax
|-heal|p2a: Arceus|47/100|[silent]
|turn|18
|
|t:|1665283884
|switch|p2a: Arceus|Arceus-Flying|100/100
|move|p1a: Xerneas|Draining Kiss|p2a: Arceus
|-damage|p2a: Arceus|53/100
|-heal|p1a: Xerneas|73/100 tox|[from] drain|[of] p2a: Arceus
|
|-damage|p1a: Xerneas|37/100 tox|[from] psn
|upkeep
|turn|19
|
|t:|1665283887
|move|p1a: Xerneas|Thunderbolt|p2a: Arceus
|-supereffective|p2a: Arceus
|-damage|p2a: Arceus|0 fnt
|faint|p2a: Arceus
|
|-damage|p1a: Xerneas|0 fnt|[from] psn
|faint|p1a: Xerneas
|upkeep
|
|t:|1665283891
|switch|p2a: Arceus|Arceus-Fairy|47/100
|switch|p1a: Ditto|Ditto, shiny|100/100
|-damage|p1a: Ditto|88/100|[from] Stealth Rock
|-transform|p1a: Ditto|p2a: Arceus|[from] ability: Imposter
|turn|20
|
|t:|1665283901
|move|p1a: Ditto|Judgment|p2a: Arceus
|-damage|p2a: Arceus|28/100
|move|p2a: Arceus|Recover|p2a: Arceus
|-heal|p2a: Arceus|78/100
|
|-fieldend|Misty Terrain
|upkeep
|turn|21
|
|t:|1665283905
|switch|p1a: Yveltal|Yveltal, shiny|100/100
|-damage|p1a: Yveltal|76/100|[from] Stealth Rock
|-ability|p1a: Yveltal|Dark Aura
|move|p2a: Arceus|Calm Mind|p2a: Arceus
|-boost|p2a: Arceus|spa|1
|-boost|p2a: Arceus|spd|1
|
|upkeep
|turn|22
|
|t:|1665283910
|move|p2a: Arceus|Calm Mind|p2a: Arceus
|-boost|p2a: Arceus|spa|1
|-boost|p2a: Arceus|spd|1
|move|p1a: Yveltal|Oblivion Wing|p2a: Arceus
|-damage|p2a: Arceus|62/100
|-heal|p1a: Yveltal|90/100|[from] drain|[of] p2a: Arceus
|
|upkeep
|turn|23
|
|t:|1665283915
|move|p2a: Arceus|Recover|p2a: Arceus
|-heal|p2a: Arceus|100/100
|move|p1a: Yveltal|Oblivion Wing|p2a: Arceus
|-damage|p2a: Arceus|84/100
|-heal|p1a: Yveltal|100/100|[from] drain|[of] p2a: Arceus
|
|upkeep
|turn|24
|
|t:|1665283918
|move|p2a: Arceus|Judgment|p1a: Yveltal
|-supereffective|p1a: Yveltal
|-damage|p1a: Yveltal|0 fnt
|faint|p1a: Yveltal
|
|upkeep
|
|t:|1665283920
|switch|p1a: Ditto|Ditto, shiny|88/100
|-damage|p1a: Ditto|76/100|[from] Stealth Rock
|-transform|p1a: Ditto|p2a: Arceus|[from] ability: Imposter
|turn|25
|
|t:|1665283922
|move|p1a: Ditto|Judgment|p2a: Arceus
|-damage|p2a: Arceus|67/100
|move|p2a: Arceus|Calm Mind|p2a: Arceus
|-boost|p2a: Arceus|spa|1
|-boost|p2a: Arceus|spd|1
|
|upkeep
|turn|26
|-message|iopkj09 forfeited.
|
|win|Clownnin
|raw|iopkj09's rating: 1809 &rarr; <strong>1792</strong><br />(-17 for losing)
|raw|Clownnin's rating: 1866 &rarr; <strong>1883</strong><br />(+17 for winning)
|l|☆iopkj09
||Ladder isn't responding, score probably updated but might not have (Request timeout).
