|j|☆VeryBalancedTeam
|j|☆ChunkyRat
|t:|1604563580
|player|p1|VeryBalancedTeam|170|1808
|player|p2|ChunkyRat|policeman|1611
|teamsize|p1|6
|teamsize|p2|6
|gametype|singles
|gen|8
|tier|[Gen 8] National Dex AG
|rated|
|clearpoke
|poke|p1|Rayquaza|
|poke|p1|Lugia|
|poke|p1|Necrozma-Dusk-Mane|
|poke|p1|Kyogre|
|poke|p1|Rayquaza|
|poke|p1|Ditto|
|poke|p2|Lugia|
|poke|p2|Groudon|
|poke|p2|Necrozma-Dusk-Mane|
|poke|p2|Rayquaza|
|poke|p2|Calyrex-Shadow|
|poke|p2|Kyurem-White|
|rule|HP Percentage Mod: HP is shown in percentages
|rule|Endless Battle Clause: Forcing endless battles is banned
|teampreview
|inactive|Battle timer is ON: inactive players will automatically lose when time's up. (requested by VeryBalancedTeam)
|inactive|VeryBalancedTeam has 120 seconds left.
|
|t:|1604563622
|start
|switch|p1a: Rayquaza|Rayquaza|100/100
|switch|p2a: Groudon|Groudon|100/100
|-ability|p1a: Rayquaza|Air Lock
|detailschange|p2a: Groudon|Groudon-Primal
|-primal|p2a: Groudon
|-weather|DesolateLand|[from] ability: Desolate Land|[of] p2a: Groudon
|turn|1
|inactive|ChunkyRat has 120 seconds left.
|
|t:|1604563659
|-weather|none
|switch|p2a: Lugia|Lugia|100/100
|detailschange|p1a: Rayquaza|Rayquaza-Mega
|-mega|p1a: Rayquaza|Rayquaza|
|-weather|DeltaStream|[from] ability: Delta Stream|[of] p1a: Rayquaza
|move|p1a: Rayquaza|Dragon Ascent|p2a: Lugia
|-damage|p2a: Lugia|77/100
|-unboost|p1a: Rayquaza|def|1
|-unboost|p1a: Rayquaza|spd|1
|
|-weather|DeltaStream|[upkeep]
|upkeep
|turn|2
|inactive|ChunkyRat has 120 seconds left.
|
|t:|1604563678
|-weather|none
|switch|p1a: Lugia|Lugia|100/100
|move|p2a: Lugia|Thunder Wave|p1a: Lugia
|-status|p1a: Lugia|par
|
|upkeep
|turn|3
|
|t:|1604563682
|move|p2a: Lugia|Roost|p2a: Lugia
|-heal|p2a: Lugia|100/100
|-singleturn|p2a: Lugia|move: Roost
|cant|p1a: Lugia|par
|
|upkeep
|turn|4
|
|t:|1604563686
|switch|p2a: Groudon|Groudon-Primal|100/100
|-weather|DesolateLand|[from] ability: Desolate Land|[of] p2a: Groudon
|move|p1a: Lugia|Thunder Wave|p2a: Groudon
|-immune|p2a: Groudon
|
|-weather|DesolateLand|[upkeep]
|upkeep
|turn|5
|
|t:|1604563690
|move|p2a: Groudon|Eruption|p1a: Lugia
|-damage|p1a: Lugia|65/100 par
|cant|p1a: Lugia|par
|
|-weather|DesolateLand|[upkeep]
|upkeep
|turn|6
|
|t:|1604563695
|move|p2a: Groudon|Eruption|p1a: Lugia
|-damage|p1a: Lugia|0 fnt
|faint|p1a: Lugia
|
|-weather|DesolateLand|[upkeep]
|upkeep
|
|t:|1604563697
|switch|p1a: Kyogre|Kyogre|100/100
|detailschange|p1a: Kyogre|Kyogre-Primal
|-primal|p1a: Kyogre
|-weather|PrimordialSea|[from] ability: Primordial Sea|[of] p1a: Kyogre
|turn|7
|
|t:|1604563701
|move|p2a: Groudon|Stealth Rock|p1a: Kyogre
|-sidestart|p1: VeryBalancedTeam|move: Stealth Rock
|move|p1a: Kyogre|Origin Pulse|p2a: Groudon|[miss]
|-miss|p1a: Kyogre|p2a: Groudon
|
|-weather|PrimordialSea|[upkeep]
|upkeep
|turn|8
|c|☆VeryBalancedTeam|seroris
|
|t:|1604563708
|move|p2a: Groudon|Earth Power|p1a: Kyogre
|-damage|p1a: Kyogre|69/100
|-unboost|p1a: Kyogre|spd|1
|move|p1a: Kyogre|Origin Pulse|p2a: Groudon|[miss]
|-miss|p1a: Kyogre|p2a: Groudon
|
|-weather|PrimordialSea|[upkeep]
|upkeep
|turn|9
|
|t:|1604563716
|switch|p2a: Kyurem|Kyurem-White|100/100
|-ability|p2a: Kyurem|Turboblaze
|move|p1a: Kyogre|Origin Pulse|p2a: Kyurem
|-resisted|p2a: Kyurem
|-damage|p2a: Kyurem|52/100
|
|-weather|PrimordialSea|[upkeep]
|upkeep
|turn|10
|
|t:|1604563722
|move|p2a: Kyurem|Freeze-Dry|p1a: Kyogre
|-supereffective|p1a: Kyogre
|-damage|p1a: Kyogre|0 fnt
|faint|p1a: Kyogre
|-weather|none
|
|upkeep
|c|☆VeryBalancedTeam|nice
|c|☆VeryBalancedTeam|amazing
|
|t:|1604563732
|switch|p1a: Necrozma|Necrozma-Dusk-Mane|100/100
|-damage|p1a: Necrozma|94/100|[from] Stealth Rock
|turn|11
|c|☆ChunkyRat|thank youuu
|
|t:|1604563738
|switch|p2a: Lugia|Lugia|100/100
|move|p1a: Necrozma|Dragon Dance|p1a: Necrozma
|-boost|p1a: Necrozma|atk|1
|-boost|p1a: Necrozma|spe|1
|
|upkeep
|turn|12
|c|☆VeryBalancedTeam|amazing
|
|t:|1604563742
|detailschange|p1a: Necrozma|Necrozma-Ultra
|-burst|p1a: Necrozma|Necrozma|Ultranecrozium Z
|move|p1a: Necrozma|Stone Edge|p2a: Lugia
|-supereffective|p2a: Lugia
|-damage|p2a: Lugia|54/100
|move|p2a: Lugia|Roar|p1a: Necrozma
|drag|p1a: Rayquaza|Rayquaza-Mega|100/100
|-damage|p1a: Rayquaza|75/100|[from] Stealth Rock
|-weather|DeltaStream|[from] ability: Delta Stream|[of] p1a: Rayquaza
|
|-weather|DeltaStream|[upkeep]
|upkeep
|turn|13
|c|☆VeryBalancedTeam|beautiful
|c|☆ChunkyRat|thank youuu
|
|t:|1604563754
|move|p1a: Rayquaza|Dragon Ascent|p2a: Lugia
|-damage|p2a: Lugia|7/100
|-unboost|p1a: Rayquaza|def|1
|-unboost|p1a: Rayquaza|spd|1
|move|p2a: Lugia|Thunder Wave|p1a: Rayquaza
|-status|p1a: Rayquaza|par
|
|-weather|DeltaStream|[upkeep]
|upkeep
|turn|14
|
|t:|1604563757
|cant|p1a: Rayquaza|par
|move|p2a: Lugia|Roost|p2a: Lugia
|-heal|p2a: Lugia|57/100
|-singleturn|p2a: Lugia|move: Roost
|
|-weather|DeltaStream|[upkeep]
|upkeep
|turn|15
|c|☆VeryBalancedTeam|nice
|c|☆VeryBalancedTeam|nice
|c|☆ChunkyRat|you can call me chunky
|c|☆VeryBalancedTeam|amazing
|c|☆ChunkyRat|thank youuuu
|c|☆VeryBalancedTeam|i gochu chuncky
|c|☆ChunkyRat|thank youu
|c|☆ChunkyRat|thank youuu
|c|☆ChunkyRat|a thousand times thank youuu
|
|t:|1604563778
|move|p2a: Lugia|Roost|p2a: Lugia
|-heal|p2a: Lugia|100/100
|-singleturn|p2a: Lugia|move: Roost
|move|p1a: Rayquaza|Dragon Ascent|p2a: Lugia
|-damage|p2a: Lugia|79/100
|-unboost|p1a: Rayquaza|def|1
|-unboost|p1a: Rayquaza|spd|1
|
|-weather|DeltaStream|[upkeep]
|upkeep
|turn|16
|
|t:|1604563781
|move|p2a: Lugia|Roost|p2a: Lugia
|-heal|p2a: Lugia|100/100
|-singleturn|p2a: Lugia|move: Roost
|move|p1a: Rayquaza|Dragon Ascent|p2a: Lugia
|-damage|p2a: Lugia|76/100
|-unboost|p1a: Rayquaza|def|1
|-unboost|p1a: Rayquaza|spd|1
|
|-weather|DeltaStream|[upkeep]
|upkeep
|turn|17
|
|t:|1604563785
|move|p2a: Lugia|Roost|p2a: Lugia
|-heal|p2a: Lugia|100/100
|-singleturn|p2a: Lugia|move: Roost
|cant|p1a: Rayquaza|par
|
|-weather|DeltaStream|[upkeep]
|upkeep
|turn|18
|
|t:|1604563787
|move|p1a: Rayquaza|Dragon Ascent|p2a: Lugia
|-damage|p2a: Lugia|78/100
|-unboost|p1a: Rayquaza|def|1
|-unboost|p1a: Rayquaza|spd|1
|move|p2a: Lugia|Roar|p1a: Rayquaza
|-weather|none
|drag|p1a: Rayquaza|Rayquaza|100/100
|-damage|p1a: Rayquaza|75/100|[from] Stealth Rock
|-ability|p1a: Rayquaza|Air Lock
|
|upkeep
|turn|19
|
|t:|1604563792
|-start|p1a: Rayquaza|Dynamax
|-heal|p1a: Rayquaza|75/100|[silent]
|move|p1a: Rayquaza|Max Airstream|p2a: Lugia
|-damage|p2a: Lugia|23/100
|-boost|p1a: Rayquaza|spe|1
|-damage|p1a: Rayquaza|71/100|[from] item: Life Orb
|move|p2a: Lugia|Thunder Wave|p1a: Rayquaza
|-status|p1a: Rayquaza|par
|
|upkeep
|turn|20
|
|t:|1604563795
|move|p2a: Lugia|Roost|p2a: Lugia
|-heal|p2a: Lugia|73/100
|-singleturn|p2a: Lugia|move: Roost
|cant|p1a: Rayquaza|par
|
|upkeep
|turn|21
|c|☆VeryBalancedTeam|nice
|c|☆VeryBalancedTeam|nice
|
|t:|1604563802
|move|p2a: Lugia|Roost|p2a: Lugia
|-heal|p2a: Lugia|100/100
|-singleturn|p2a: Lugia|move: Roost
|cant|p1a: Rayquaza|par
|
|-end|p1a: Rayquaza|Dynamax
|-heal|p1a: Rayquaza|71/100 par|[silent]
|upkeep
|turn|22
|
|t:|1604563816
|switch|p2a: Groudon|Groudon-Primal|100/100
|-weather|DesolateLand|[from] ability: Desolate Land|[of] p2a: Groudon
|cant|p1a: Rayquaza|par
|
|-weather|DesolateLand|[upkeep]
|upkeep
|turn|23
|c|☆ChunkyRat|see what happened was i came up agains this lil bitch
|c|☆ChunkyRat|weather icon
|c|☆ChunkyRat|name
|inactive|VeryBalancedTeam has 120 seconds left.
|c|☆ChunkyRat|and he banned my account LoveYouLikeMyBitch
|c|☆ChunkyRat|cause of the name
|c|☆VeryBalancedTeam|and then u ran into me
|c|☆VeryBalancedTeam|and haxed the fuck outta me
|c|☆ChunkyRat|now I'm on a mission to fuckkk that sluttt and his whole ma fuckinggg family
|inactive|VeryBalancedTeam has 90 seconds left.
|
|t:|1604563886
|move|p2a: Groudon|Stealth Rock||[still]
|-fail|p2a: Groudon
|move|p1a: Rayquaza|Earthquake|p2a: Groudon
|-supereffective|p2a: Groudon
|-damage|p2a: Groudon|33/100
|-damage|p1a: Rayquaza|61/100 par|[from] item: Life Orb
|
|-weather|DesolateLand|[upkeep]
|upkeep
|turn|24
|inactive|VeryBalancedTeam has 90 seconds left.
|
|t:|1604563891
|move|p2a: Groudon|Lava Plume|p1a: Rayquaza
|-resisted|p1a: Rayquaza
|-damage|p1a: Rayquaza|37/100 par
|cant|p1a: Rayquaza|par
|
|-weather|DesolateLand|[upkeep]
|upkeep
|turn|25
|c|☆VeryBalancedTeam|im bouta lose my ladder
|inactive|VeryBalancedTeam has 90 seconds left.
|
|t:|1604563902
|move|p2a: Groudon|Lava Plume|p1a: Rayquaza
|-resisted|p1a: Rayquaza
|-damage|p1a: Rayquaza|12/100 par
|cant|p1a: Rayquaza|par
|
|-weather|DesolateLand|[upkeep]
|upkeep
|turn|26
|c|☆VeryBalancedTeam|what the fuck
|inactive|VeryBalancedTeam has 90 seconds left.
|
|t:|1604563928
|move|p2a: Groudon|Lava Plume|p1a: Rayquaza
|-resisted|p1a: Rayquaza
|-damage|p1a: Rayquaza|0 fnt
|faint|p1a: Rayquaza
|
|-weather|DesolateLand|[upkeep]
|upkeep
|
|t:|1604563934
|switch|p1a: Necrozma|Necrozma-Ultra|94/100
|-damage|p1a: Necrozma|82/100|[from] Stealth Rock
|turn|27
|inactive|ChunkyRat has 120 seconds left.
|
|t:|1604563971
|move|p1a: Necrozma|Dragon Dance|p1a: Necrozma
|-boost|p1a: Necrozma|atk|1
|-boost|p1a: Necrozma|spe|1
|move|p2a: Groudon|Earth Power|p1a: Necrozma
|-damage|p1a: Necrozma|31/100
|
|-weather|DesolateLand|[upkeep]
|upkeep
|turn|28
|inactive|VeryBalancedTeam has 90 seconds left.
|
|t:|1604563977
|move|p1a: Necrozma|Photon Geyser|p2a: Groudon
|-damage|p2a: Groudon|0 fnt
|faint|p2a: Groudon
|-weather|none
|
|upkeep
|inactive|ChunkyRat has 120 seconds left.
|
|t:|1604563983
|switch|p2a: Lugia|Lugia|100/100
|turn|29
|
|t:|1604563985
|move|p1a: Necrozma|Stone Edge|p2a: Lugia|[miss]
|-miss|p1a: Necrozma|p2a: Lugia
|move|p2a: Lugia|Thunder Wave|p1a: Necrozma
|-status|p1a: Necrozma|par
|
|upkeep
|turn|30
|c|☆VeryBalancedTeam|i really just dont like you
|c|☆VeryBalancedTeam|im sorry
|
|t:|1604564002
|move|p1a: Necrozma|Stone Edge|p2a: Lugia|[miss]
|-miss|p1a: Necrozma|p2a: Lugia
|move|p2a: Lugia|Roar|p1a: Necrozma
|drag|p1a: Rayquaza|Rayquaza-Mega|75/100 par
|-damage|p1a: Rayquaza|50/100 par|[from] Stealth Rock
|-weather|DeltaStream|[from] ability: Delta Stream|[of] p1a: Rayquaza
|
|-weather|DeltaStream|[upkeep]
|upkeep
|turn|31
|
|t:|1604564008
|move|p1a: Rayquaza|Dragon Ascent|p2a: Lugia
|-damage|p2a: Lugia|76/100
|-unboost|p1a: Rayquaza|def|1
|-unboost|p1a: Rayquaza|spd|1
|move|p2a: Lugia|Roar|p1a: Rayquaza
|-weather|none
|drag|p1a: Necrozma|Necrozma-Ultra|31/100 par
|-damage|p1a: Necrozma|18/100 par|[from] Stealth Rock
|
|upkeep
|turn|32
|
|t:|1604564011
|move|p2a: Lugia|Roost|p2a: Lugia
|-heal|p2a: Lugia|100/100
|-singleturn|p2a: Lugia|move: Roost
|cant|p1a: Necrozma|par
|
|upkeep
|turn|33
|
|t:|1604564015
|move|p1a: Necrozma|Photon Geyser|p2a: Lugia
|-resisted|p2a: Lugia
|-damage|p2a: Lugia|82/100
|move|p2a: Lugia|Roar|p1a: Necrozma
|drag|p1a: Rayquaza|Rayquaza-Mega|50/100 par
|-damage|p1a: Rayquaza|25/100 par|[from] Stealth Rock
|-weather|DeltaStream|[from] ability: Delta Stream|[of] p1a: Rayquaza
|
|-weather|DeltaStream|[upkeep]
|upkeep
|turn|34
|
|t:|1604564019
|move|p2a: Lugia|Roost|p2a: Lugia
|-heal|p2a: Lugia|100/100
|-singleturn|p2a: Lugia|move: Roost
|move|p1a: Rayquaza|Dragon Ascent|p2a: Lugia
|-damage|p2a: Lugia|79/100
|-unboost|p1a: Rayquaza|def|1
|-unboost|p1a: Rayquaza|spd|1
|
|-weather|DeltaStream|[upkeep]
|upkeep
|turn|35
|inactive|VeryBalancedTeam has 120 seconds left.
|c|☆ChunkyRat|why don't you like me?
|c|☆VeryBalancedTeam|sorry
|c|☆ChunkyRat|I'm not a lil pussssyyy asssss bitchh like weather icon
|c|☆VeryBalancedTeam|who weather icon
|inactive|VeryBalancedTeam has 90 seconds left.
|n|!ChunkyRat|chunkyrat
|j| Popo09
|c|☆VeryBalancedTeam|oh ur talking bou that fgt
|inactive|VeryBalancedTeam has 60 seconds left.
|c|☆VeryBalancedTeam|his dumbass stall team
|
|t:|1604564123
|move|p2a: Lugia|Roost|p2a: Lugia
|-heal|p2a: Lugia|100/100
|-singleturn|p2a: Lugia|move: Roost
|move|p1a: Rayquaza|Dragon Ascent|p2a: Lugia
|-crit|p2a: Lugia
|-damage|p2a: Lugia|63/100
|-unboost|p1a: Rayquaza|def|1
|-unboost|p1a: Rayquaza|spd|1
|
|-weather|DeltaStream|[upkeep]
|upkeep
|turn|36
|c|☆VeryBalancedTeam|if u forfeit ill give u a bj
|inactive|VeryBalancedTeam has 30 seconds left.
|c|☆VeryBalancedTeam|please people haxed tf outta me and i got to 1808
|c|☆VeryBalancedTeam|plz
|
|t:|1604564159
|move|p2a: Lugia|Roost|p2a: Lugia
|-heal|p2a: Lugia|100/100
|-singleturn|p2a: Lugia|move: Roost
|move|p1a: Rayquaza|Scale Shot|p2a: Lugia|[miss]
|-miss|p1a: Rayquaza|p2a: Lugia
|
|-weather|DeltaStream|[upkeep]
|upkeep
|turn|37
|
|t:|1604564174
|move|p1a: Rayquaza|Scale Shot|p2a: Lugia
|-damage|p2a: Lugia|95/100
|-damage|p2a: Lugia|86/100
|-hitcount|p2a: Lugia|2
|-unboost|p1a: Rayquaza|def|1
|-boost|p1a: Rayquaza|spe|1
|move|p2a: Lugia|Roar|p1a: Rayquaza
|-weather|none
|drag|p1a: Necrozma|Necrozma-Ultra|18/100 par
|-damage|p1a: Necrozma|6/100 par|[from] Stealth Rock
|
|upkeep
|turn|38
|
|t:|1604564185
|move|p1a: Necrozma|Stone Edge|p2a: Lugia|[miss]
|-miss|p1a: Necrozma|p2a: Lugia
|move|p2a: Lugia|Roar|p1a: Necrozma
|drag|p1a: Rayquaza|Rayquaza-Mega|25/100 par
|-damage|p1a: Rayquaza|0 fnt|[from] Stealth Rock
|faint|p1a: Rayquaza
|
|upkeep
|
|t:|1604564189
|switch|p1a: Necrozma|Necrozma-Ultra|6/100 par
|-damage|p1a: Necrozma|0 fnt|[from] Stealth Rock
|faint|p1a: Necrozma
|
|t:|1604564198
|switch|p1a: Ditto|Ditto|100/100
|-damage|p1a: Ditto|88/100|[from] Stealth Rock
|-transform|p1a: Ditto|p2a: Lugia|[from] ability: Imposter
|turn|39
|inactiveoff|Battle timer is now OFF.
|
|t:|1604564202
|move|p1a: Ditto|Thunder Wave|p2a: Lugia
|-status|p2a: Lugia|par
|move|p2a: Lugia|Thunder Wave|p1a: Ditto
|-status|p1a: Ditto|par
|
|upkeep
|turn|40
|inactive|Battle timer is ON: inactive players will automatically lose when time's up. (requested by ChunkyRat)
|inactive|VeryBalancedTeam has 30 seconds left.
|inactive|VeryBalancedTeam has 20 seconds left.
|inactive|VeryBalancedTeam has 15 seconds left.
|inactive|VeryBalancedTeam has 10 seconds left.
|inactive|VeryBalancedTeam has 5 seconds left.
|
|t:|1604564265
|switch|p2a: Kyurem|Kyurem-White|52/100
|-ability|p2a: Kyurem|Turboblaze
|move|p1a: Ditto|Roar|p2a: Kyurem
|drag|p2a: Wall|Necrozma-Dusk-Mane|100/100
|
|upkeep
|turn|41
|inactive|VeryBalancedTeam has 15 seconds left this turn.
|
|t:|1604564273
|-start|p2a: Wall|Dynamax
|-heal|p2a: Wall|100/100|[silent]
|move|p2a: Wall|Max Rockfall|p1a: Ditto
|-supereffective|p1a: Ditto
|-damage|p1a: Ditto|10/100 par
|-weather|Sandstorm
|cant|p1a: Ditto|par
|
|-weather|Sandstorm|[upkeep]
|-damage|p1a: Ditto|4/100 par|[from] Sandstorm
|upkeep
|turn|42
|inactive|VeryBalancedTeam has 25 seconds left this turn.
|
|t:|1604564278
|move|p2a: Wall|Max Guard|p2a: Wall
|-singleturn|p2a: Wall|Max Guard
|move|p1a: Ditto|Defog|p2a: Wall
|-activate|p2a: Wall|move: Max Guard
|
|-weather|Sandstorm|[upkeep]
|-damage|p1a: Ditto|0 fnt|[from] Sandstorm
|faint|p1a: Ditto
|
|win|ChunkyRat
|upkeep
|inactive|VeryBalancedTeam has 30 seconds left this turn.
|raw|VeryBalancedTeam's rating: 1808 &rarr; <strong>1778</strong><br />(-30 for losing)
|raw|ChunkyRat's rating: 1611 &rarr; <strong>1641</strong><br />(+30 for winning)
|l|!ChunkyRat
|l| Popo09
