|j|☆Crackerkid
|j|☆lyblwt123456
|t:|1666747523
|gametype|singles
|player|p1|Crackerkid|265|1704
|player|p2|lyblwt123456|cynthia-gen4|1674
|teamsize|p1|6
|teamsize|p2|6
|gen|8
|tier|[Gen 8] National Dex AG
|rated|
|rule|HP Percentage Mod: HP is shown in percentages
|rule|Endless Battle Clause: Forcing endless battles is banned
|clearpoke
|poke|p1|Rayquaza|
|poke|p1|Groudon|
|poke|p1|Calyrex-Shadow|
|poke|p1|Tyranitar, F|
|poke|p1|Deoxys-Attack|
|poke|p1|Groudon|
|poke|p2|Arceus-*|
|poke|p2|Zacian-*|
|poke|p2|Rayquaza|
|poke|p2|Kyogre|
|poke|p2|Marshadow|
|poke|p2|Ditto|
|teampreview
|inactive|Battle timer is ON: inactive players will automatically lose when time's up. (requested by Crackerkid)
|
|t:|1666747535
|start
|switch|p1a: Deoxys|Deoxys-Attack|100/100
|switch|p2a: Arceus|Arceus-Electric|100/100
|-ability|p1a: Deoxys|Pressure
|turn|1
|
|t:|1666747540
|move|p1a: Deoxys|Spikes|p2a: Arceus
|-sidestart|p2: lyblwt123456|Spikes
|move|p2a: Arceus|Judgment|p1a: Deoxys
|-enditem|p1a: Deoxys|Focus Sash
|-damage|p1a: Deoxys|1/100
|
|upkeep
|turn|2
|
|t:|1666747549
|move|p1a: Deoxys|Psycho Boost|p2a: Arceus
|-damage|p2a: Arceus|29/100
|-unboost|p1a: Deoxys|spa|2
|move|p2a: Arceus|Earth Power|p1a: Deoxys
|-damage|p1a: Deoxys|0 fnt
|faint|p1a: Deoxys
|
|upkeep
|
|t:|1666747559
|switch|p1a: Groudon|Groudon|100/100
|detailschange|p1a: Groudon|Groudon-Primal
|-primal|p1a: Groudon
|-weather|DesolateLand|[from] ability: Desolate Land|[of] p1a: Groudon
|turn|3
|
|t:|1666747569
|switch|p2a: Rayquaza|Rayquaza|100/100
|-ability|p2a: Rayquaza|Air Lock
|move|p1a: Groudon|Stealth Rock|p2a: Rayquaza
|-sidestart|p2: lyblwt123456|move: Stealth Rock
|
|-weather|DesolateLand|[upkeep]
|upkeep
|turn|4
|
|t:|1666747577
|detailschange|p2a: Rayquaza|Rayquaza-Mega
|-mega|p2a: Rayquaza|Rayquaza|
|-weather|DeltaStream|[from] ability: Delta Stream|[of] p2a: Rayquaza
|move|p2a: Rayquaza|Dragon Ascent|p1a: Groudon
|-damage|p1a: Groudon|49/100
|-unboost|p2a: Rayquaza|def|1
|-unboost|p2a: Rayquaza|spd|1
|-damage|p2a: Rayquaza|91/100|[from] item: Life Orb
|move|p1a: Groudon|Thunder Wave|p2a: Rayquaza
|-status|p2a: Rayquaza|par
|
|-weather|DeltaStream|[upkeep]
|upkeep
|turn|5
|
|t:|1666747593
|cant|p2a: Rayquaza|par
|move|p1a: Groudon|Roar|p2a: Rayquaza
|-weather|none
|drag|p2a: Kyogre|Kyogre|100/100
|-damage|p2a: Kyogre|88/100|[from] Spikes
|-damage|p2a: Kyogre|76/100|[from] Stealth Rock
|detailschange|p2a: Kyogre|Kyogre-Primal
|-primal|p2a: Kyogre
|-weather|PrimordialSea|[from] ability: Primordial Sea|[of] p2a: Kyogre
|
|-weather|PrimordialSea|[upkeep]
|upkeep
|turn|6
|
|t:|1666747602
|switch|p1a: Groudon|Groudon|100/100
|detailschange|p1a: Groudon|Groudon-Primal
|-primal|p1a: Groudon
|-weather|DesolateLand|[from] ability: Desolate Land|[of] p1a: Groudon
|move|p2a: Kyogre|Scald||[still]
|-fail|p2a: Kyogre|Scald|[from] Desolate Land
|
|-weather|DesolateLand|[upkeep]
|upkeep
|turn|7
|
|t:|1666747612
|move|p1a: Groudon|Precipice Blades|p2a: Kyogre|[miss]
|-miss|p1a: Groudon|p2a: Kyogre
|move|p2a: Kyogre|Toxic|p1a: Groudon
|-status|p1a: Groudon|tox
|
|-weather|DesolateLand|[upkeep]
|-damage|p1a: Groudon|94/100 tox|[from] psn
|upkeep
|turn|8
|
|t:|1666747626
|-weather|none
|switch|p1a: Rayquaza|Rayquaza|100/100
|-ability|p1a: Rayquaza|Air Lock
|move|p2a: Kyogre|Toxic|p1a: Rayquaza
|-status|p1a: Rayquaza|tox
|
|-damage|p1a: Rayquaza|95/100 tox|[from] psn
|upkeep
|turn|9
|
|t:|1666747650
|switch|p2a: Rayquaza|Rayquaza-Mega|91/100 par
|-damage|p2a: Rayquaza|66/100 par|[from] Stealth Rock
|-weather|DeltaStream|[from] ability: Delta Stream|[of] p2a: Rayquaza
|detailschange|p1a: Rayquaza|Rayquaza-Mega
|-mega|p1a: Rayquaza|Rayquaza|
|move|p1a: Rayquaza|Dragon Ascent|p2a: Rayquaza
|-damage|p2a: Rayquaza|0 fnt
|-unboost|p1a: Rayquaza|def|1
|-unboost|p1a: Rayquaza|spd|1
|faint|p2a: Rayquaza
|
|-weather|DeltaStream|[upkeep]
|-damage|p1a: Rayquaza|83/100 tox|[from] psn
|upkeep
|
|t:|1666747665
|switch|p2a: Zacian|Zacian-Crowned|100/100
|-damage|p2a: Zacian|88/100|[from] Spikes
|-damage|p2a: Zacian|82/100|[from] Stealth Rock
|-ability|p2a: Zacian|Intrepid Sword|boost
|-boost|p2a: Zacian|atk|1
|turn|10
|j| Iknowup
|
|t:|1666747674
|-weather|none
|switch|p1a: Groudon|Groudon-Primal|49/100
|-weather|DesolateLand|[from] ability: Desolate Land|[of] p1a: Groudon
|move|p2a: Zacian|Behemoth Blade|p1a: Groudon
|-resisted|p1a: Groudon
|-damage|p1a: Groudon|26/100
|
|-weather|DesolateLand|[upkeep]
|upkeep
|turn|11
|
|t:|1666747682
|move|p2a: Zacian|Close Combat|p1a: Groudon
|-damage|p1a: Groudon|0 fnt
|-unboost|p2a: Zacian|def|1
|-unboost|p2a: Zacian|spd|1
|faint|p1a: Groudon
|-weather|none
|
|upkeep
|
|t:|1666747687
|switch|p1a: Calyrex|Calyrex-Shadow|100/100
|-ability|p1a: Calyrex|As One
|-ability|p1a: Calyrex|Unnerve
|turn|12
|
|t:|1666747706
|switch|p2a: Arceus|Arceus-Electric|29/100
|-damage|p2a: Arceus|16/100|[from] Spikes
|-damage|p2a: Arceus|4/100|[from] Stealth Rock
|move|p1a: Calyrex|Astral Barrage|p2a: Arceus
|-damage|p2a: Arceus|0 fnt
|faint|p2a: Arceus
|-ability|p1a: Calyrex|Grim Neigh|boost
|-boost|p1a: Calyrex|spa|1
|
|upkeep
|
|t:|1666747718
|switch|p2a: Marshadow|Marshadow|100/100
|-damage|p2a: Marshadow|88/100|[from] Spikes
|-damage|p2a: Marshadow|82/100|[from] Stealth Rock
|turn|13
|
|t:|1666747736
|-activate|p1a: Calyrex|move: Pursuit
|move|p2a: Marshadow|Pursuit|p1a: Calyrex|[from]Pursuit
|-supereffective|p1a: Calyrex
|-damage|p1a: Calyrex|0 fnt
|faint|p1a: Calyrex
|-damage|p2a: Marshadow|72/100|[from] item: Life Orb
|-hint|A Pokemon can't switch between when it runs out of HP and when it faints
|
|upkeep
|
|t:|1666747744
|switch|p1a: Groudon|Groudon-Primal|94/100 tox
|-weather|DesolateLand|[from] ability: Desolate Land|[of] p1a: Groudon
|turn|14
|
|t:|1666747749
|switch|p2a: Kyogre|Kyogre-Primal|76/100
|-damage|p2a: Kyogre|63/100|[from] Spikes
|-damage|p2a: Kyogre|51/100|[from] Stealth Rock
|-weather|PrimordialSea|[from] ability: Primordial Sea|[of] p2a: Kyogre
|move|p1a: Groudon|Precipice Blades|p2a: Kyogre
|-damage|p2a: Kyogre|0 fnt
|faint|p2a: Kyogre
|-weather|none
|
|-damage|p1a: Groudon|88/100 tox|[from] psn
|upkeep
|
|t:|1666747766
|switch|p2a: Ditto|Ditto|100/100
|-damage|p2a: Ditto|88/100|[from] Spikes
|-damage|p2a: Ditto|76/100|[from] Stealth Rock
|-transform|p2a: Ditto|p1a: Groudon|[from] ability: Imposter
|-weather|DesolateLand|[from] ability: Desolate Land|[of] p2a: Ditto
|turn|15
|
|t:|1666747776
|move|p2a: Ditto|Precipice Blades|p1a: Groudon
|-supereffective|p1a: Groudon
|-damage|p1a: Groudon|0 fnt
|faint|p1a: Groudon
|
|-weather|DesolateLand|[upkeep]
|upkeep
|
|t:|1666747780
|switch|p1a: Rayquaza|Rayquaza-Mega|83/100 tox
|-weather|DeltaStream|[from] ability: Delta Stream|[of] p1a: Rayquaza
|turn|16
|
|t:|1666747789
|switch|p2a: Marshadow|Marshadow|72/100
|-damage|p2a: Marshadow|60/100|[from] Spikes
|-damage|p2a: Marshadow|53/100|[from] Stealth Rock
|move|p1a: Rayquaza|Dragon Ascent|p2a: Marshadow
|-supereffective|p2a: Marshadow
|-damage|p2a: Marshadow|0 fnt
|-unboost|p1a: Rayquaza|def|1
|-unboost|p1a: Rayquaza|spd|1
|faint|p2a: Marshadow
|
|-weather|DeltaStream|[upkeep]
|-damage|p1a: Rayquaza|77/100 tox|[from] psn
|upkeep
|
|t:|1666747800
|switch|p2a: Zacian|Zacian-Crowned|82/100
|-damage|p2a: Zacian|70/100|[from] Spikes
|-damage|p2a: Zacian|64/100|[from] Stealth Rock
|-ability|p2a: Zacian|Intrepid Sword|boost
|-boost|p2a: Zacian|atk|1
|turn|17
|
|t:|1666747806
|move|p2a: Zacian|Behemoth Blade|p1a: Rayquaza
|-damage|p1a: Rayquaza|0 fnt
|faint|p1a: Rayquaza
|-weather|none
|
|upkeep
|
|t:|1666747808
|switch|p1a: Tyranitar|Tyranitar, F|100/100
|-weather|Sandstorm|[from] ability: Sand Stream|[of] p1a: Tyranitar
|turn|18
|
|t:|1666747814
|move|p2a: Zacian|Close Combat|p1a: Tyranitar
|-supereffective|p1a: Tyranitar
|-damage|p1a: Tyranitar|0 fnt
|-unboost|p2a: Zacian|def|1
|-unboost|p2a: Zacian|spd|1
|faint|p1a: Tyranitar
|
|win|lyblwt123456
|raw|Crackerkid's rating: 1704 &rarr; <strong>1682</strong><br />(-22 for losing)
|raw|lyblwt123456's rating: 1674 &rarr; <strong>1696</strong><br />(+22 for winning)
|l|☆Crackerkid
|l|☆lyblwt123456
