|j|☆Hyperoffensemagic
|j|☆09-10a
|t:|1653109409
|gametype|singles
|player|p1|Hyperoffensemagic|leaguestaff|
|player|p2|09-10a|workerice|
|teamsize|p1|6
|teamsize|p2|6
|gen|8
|tier|[Gen 8] National Dex AG
|rule|HP Percentage Mod: HP is shown in percentages
|rule|Endless Battle Clause: Forcing endless battles is banned
|clearpoke
|poke|p1|Arceus-*|
|poke|p1|Necrozma-Dusk-Mane|
|poke|p1|Arceus-*|
|poke|p1|Yveltal|
|poke|p1|Rayquaza|
|poke|p1|Eternatus|
|poke|p2|Calyrex-Shadow|
|poke|p2|Grimmsnarl, M|
|poke|p2|Yveltal|
|poke|p2|Giratina|
|poke|p2|Marshadow|
|poke|p2|Excadrill, M|
|teampreview
|inactive|Battle timer is ON: inactive players will automatically lose when time's up. (requested by 09-10a)
|inactive|Hyperoffensemagic also wants the timer to be on.
|
|t:|1653109415
|start
|switch|p1a: Arceus|Arceus-Ground|100/100
|switch|p2a: Excadrill|Excadrill, M|100/100
|-ability|p2a: Excadrill|Mold Breaker
|turn|1
|
|t:|1653109433
|move|p2a: Excadrill|Bulldoze|p1a: Arceus
|-damage|p1a: Arceus|86/100
|-unboost|p1a: Arceus|spe|1
|move|p1a: Arceus|Judgment|p2a: Excadrill
|-supereffective|p2a: Excadrill
|-enditem|p2a: Excadrill|Focus Sash
|-damage|p2a: Excadrill|1/100
|
|upkeep
|turn|2
|
|t:|1653109435
|move|p2a: Excadrill|Stealth Rock|p1a: Arceus
|-sidestart|p1: Hyperoffensemagic|move: Stealth Rock
|move|p1a: Arceus|Ice Beam|p2a: Excadrill
|-crit|p2a: Excadrill
|-damage|p2a: Excadrill|0 fnt
|faint|p2a: Excadrill
|
|upkeep
|
|t:|1653109440
|switch|p2a: Calyrex|Calyrex-Shadow|100/100
|-ability|p2a: Calyrex|As One
|-ability|p2a: Calyrex|Unnerve
|turn|3
|
|t:|1653109444
|move|p2a: Calyrex|Substitute|p2a: Calyrex
|-start|p2a: Calyrex|Substitute
|-damage|p2a: Calyrex|76/100
|move|p1a: Arceus|Judgment|p2a: Calyrex
|-end|p2a: Calyrex|Substitute
|
|upkeep
|turn|4
|
|t:|1653109447
|move|p2a: Calyrex|Substitute|p2a: Calyrex
|-start|p2a: Calyrex|Substitute
|-damage|p2a: Calyrex|51/100
|move|p1a: Arceus|Judgment|p2a: Calyrex
|-crit|p2a: Calyrex
|-end|p2a: Calyrex|Substitute
|
|upkeep
|turn|5
|
|t:|1653109450
|move|p2a: Calyrex|Nasty Plot|p2a: Calyrex
|-boost|p2a: Calyrex|spa|2
|move|p1a: Arceus|Judgment|p2a: Calyrex
|-damage|p2a: Calyrex|0 fnt
|faint|p2a: Calyrex
|
|upkeep
|c|☆Hyperoffensemagic|Ggs
|c|☆Hyperoffensemagic|Sorry
|c|☆Hyperoffensemagic|Early gg
|c|☆09-10a|rip
|c|☆09-10a|might just be the case tbh
|
|t:|1653109477
|switch|p2a: Marshadow|Marshadow|100/100
|turn|6
|
|t:|1653109480
|move|p2a: Marshadow|Bulk Up|p2a: Marshadow
|-boost|p2a: Marshadow|atk|1
|-boost|p2a: Marshadow|def|1
|move|p1a: Arceus|Judgment|p2a: Marshadow
|-damage|p2a: Marshadow|45/100
|
|upkeep
|turn|7
|
|t:|1653109483
|move|p2a: Marshadow|Close Combat|p1a: Arceus
|-damage|p1a: Arceus|22/100
|-unboost|p2a: Marshadow|def|1
|-unboost|p2a: Marshadow|spd|1
|-damage|p2a: Marshadow|35/100|[from] item: Life Orb
|move|p1a: Arceus|Judgment|p2a: Marshadow
|-damage|p2a: Marshadow|0 fnt
|faint|p2a: Marshadow
|
|upkeep
|
|t:|1653109490
|switch|p2a: Yveltal|Yveltal|100/100
|-ability|p2a: Yveltal|Dark Aura
|turn|8
|
|t:|1653109493
|-start|p2a: Yveltal|Dynamax|
|-heal|p2a: Yveltal|100/100|[silent]
|move|p2a: Yveltal|Max Airstream|p1a: Arceus
|-damage|p1a: Arceus|0 fnt
|-boost|p2a: Yveltal|spe|1
|faint|p1a: Arceus
|-damage|p2a: Yveltal|96/100|[from] item: Life Orb
|
|upkeep
|
|t:|1653109498
|switch|p1a: Yveltal|Yveltal|100/100
|-ability|p1a: Yveltal|Dark Aura
|turn|9
|
|t:|1653109504
|move|p2a: Yveltal|Max Airstream|p1a: Yveltal
|-damage|p1a: Yveltal|44/100
|-boost|p2a: Yveltal|spe|1
|-damage|p2a: Yveltal|91/100|[from] item: Life Orb
|move|p1a: Yveltal|Defog|p2a: Yveltal
|-unboost|p2a: Yveltal|evasion|1
|-sideend|p1: Hyperoffensemagic|Stealth Rock|[from] move: Defog|[of] p1a: Yveltal
|
|upkeep
|turn|10
|
|t:|1653109511
|-start|p1a: Yveltal|Dynamax|
|-heal|p1a: Yveltal|44/100|[silent]
|move|p2a: Yveltal|Max Airstream|p1a: Yveltal
|-damage|p1a: Yveltal|16/100
|-boost|p2a: Yveltal|spe|1
|-damage|p2a: Yveltal|86/100|[from] item: Life Orb
|move|p1a: Yveltal|Max Flutterby|p2a: Yveltal
|-damage|p2a: Yveltal|70/100
|-unboost|p2a: Yveltal|spa|1
|
|upkeep
|-end|p2a: Yveltal|Dynamax
|-heal|p2a: Yveltal|70/100|[silent]
|turn|11
|
|t:|1653109516
|switch|p2a: Giratina|Giratina|100/100
|-ability|p2a: Giratina|Pressure
|move|p1a: Yveltal|Max Darkness|p2a: Giratina
|-supereffective|p2a: Giratina
|-damage|p2a: Giratina|19/100
|-unboost|p2a: Giratina|spd|1
|-enditem|p2a: Giratina|Weakness Policy
|-boost|p2a: Giratina|atk|2|[from] item: Weakness Policy
|-boost|p2a: Giratina|spa|2|[from] item: Weakness Policy
|
|upkeep
|turn|12
|
|t:|1653109519
|move|p1a: Yveltal|Max Darkness|p2a: Giratina
|-supereffective|p2a: Giratina
|-damage|p2a: Giratina|0 fnt
|faint|p2a: Giratina
|
|upkeep
|
|t:|1653109521
|switch|p2a: Yveltal|Yveltal|70/100
|-ability|p2a: Yveltal|Dark Aura
|-end|p1a: Yveltal|Dynamax
|-heal|p1a: Yveltal|16/100|[silent]
|turn|13
|
|t:|1653109525
|move|p2a: Yveltal|Oblivion Wing|p1a: Yveltal
|-damage|p1a: Yveltal|0 fnt
|-heal|p2a: Yveltal|84/100|[from] drain|[of] p1a: Yveltal
|faint|p1a: Yveltal
|-damage|p2a: Yveltal|74/100|[from] item: Life Orb
|
|upkeep
|
|t:|1653109527
|switch|p1a: Eternatus|Eternatus|100/100
|-ability|p1a: Eternatus|Pressure
|turn|14
|c|☆09-10a|yeah gg wp
|c|☆Hyperoffensemagic|Ggwp
|-message|09-10a forfeited.
|
|win|Hyperoffensemagic
|c|☆09-10a|wp
|c|☆Hyperoffensemagic|/log Hyperoffensemagic made this room public.
