|j|☆RUiNtheExtinct
|j|☆Defensive0
|t:|1667369043
|gametype|singles
|player|p1|RUiNtheExtinct|red-gen7|1771
|player|p2|Defensive0|riley|1878
|teamsize|p1|6
|teamsize|p2|6
|gen|8
|tier|[Gen 8] National Dex AG
|rated|
|rule|HP Percentage Mod: HP is shown in percentages
|rule|Endless Battle Clause: Forcing endless battles is banned
|clearpoke
|poke|p1|Groudon|
|poke|p1|Ditto|
|poke|p1|Rayquaza|
|poke|p1|Yveltal|
|poke|p1|Smeargle, M|
|poke|p1|Arceus-*|
|poke|p2|Kyogre|
|poke|p2|Zacian-*|
|poke|p2|Ditto|
|poke|p2|Arceus-*|
|poke|p2|Groudon|
|poke|p2|Arceus-*|
|teampreview
|inactive|Battle timer is ON: inactive players will automatically lose when time's up. (requested by Defensive0)
|
|t:|1667369053
|start
|switch|p1a: Groudon|Groudon|100/100
|switch|p2a: Arceus|Arceus-Fairy|100/100
|detailschange|p1a: Groudon|Groudon-Primal
|-primal|p1a: Groudon
|-weather|DesolateLand|[from] ability: Desolate Land|[of] p1a: Groudon
|turn|1
|
|t:|1667369060
|move|p2a: Arceus|Stealth Rock|p1a: Groudon
|-sidestart|p1: RUiNtheExtinct|move: Stealth Rock
|move|p1a: Groudon|Rock Tomb|p2a: Arceus
|-damage|p2a: Arceus|81/100
|-unboost|p2a: Arceus|spe|1
|
|-weather|DesolateLand|[upkeep]
|upkeep
|turn|2
|
|t:|1667369074
|move|p1a: Groudon|Stealth Rock|p2a: Arceus
|-sidestart|p2: Defensive0|move: Stealth Rock
|move|p2a: Arceus|Toxic|p1a: Groudon
|-status|p1a: Groudon|tox
|
|-weather|DesolateLand|[upkeep]
|-damage|p1a: Groudon|94/100 tox|[from] psn
|upkeep
|turn|3
|j| Lance's Time
|
|t:|1667369092
|move|p1a: Groudon|Heat Crash|p2a: Arceus
|-damage|p2a: Arceus|20/100
|move|p2a: Arceus|Recover|p2a: Arceus
|-heal|p2a: Arceus|70/100
|
|-weather|DesolateLand|[upkeep]
|-damage|p1a: Groudon|82/100 tox|[from] psn
|upkeep
|turn|4
|
|t:|1667369106
|move|p1a: Groudon|Heat Crash|p2a: Arceus
|-damage|p2a: Arceus|12/100
|move|p2a: Arceus|Recover|p2a: Arceus
|-heal|p2a: Arceus|62/100
|
|-weather|DesolateLand|[upkeep]
|-damage|p1a: Groudon|63/100 tox|[from] psn
|upkeep
|turn|5
|
|t:|1667369110
|switch|p2a: Groudon|Groudon|100/100
|-damage|p2a: Groudon|94/100|[from] Stealth Rock
|detailschange|p2a: Groudon|Groudon-Primal
|-primal|p2a: Groudon
|move|p1a: Groudon|Heat Crash|p2a: Groudon
|-resisted|p2a: Groudon
|-damage|p2a: Groudon|85/100
|
|-weather|DesolateLand|[upkeep]
|-damage|p1a: Groudon|39/100 tox|[from] psn
|upkeep
|turn|6
|
|t:|1667369116
|move|p1a: Groudon|Earthquake|p2a: Groudon
|-supereffective|p2a: Groudon
|-damage|p2a: Groudon|18/100
|move|p2a: Groudon|Lava Plume|p1a: Groudon
|-resisted|p1a: Groudon
|-damage|p1a: Groudon|10/100 tox
|
|-weather|DesolateLand|[upkeep]
|-damage|p1a: Groudon|0 fnt|[from] psn
|faint|p1a: Groudon
|upkeep
|
|t:|1667369120
|switch|p1a: Rayquaza|Rayquaza|100/100
|-damage|p1a: Rayquaza|76/100|[from] Stealth Rock
|-ability|p1a: Rayquaza|Air Lock
|turn|7
|
|t:|1667369125
|detailschange|p1a: Rayquaza|Rayquaza-Mega
|-mega|p1a: Rayquaza|Rayquaza|
|-weather|DeltaStream|[from] ability: Delta Stream|[of] p1a: Rayquaza
|move|p1a: Rayquaza|Scale Shot|p2a: Groudon
|-damage|p2a: Groudon|9/100
|-damage|p2a: Groudon|0 fnt
|faint|p2a: Groudon
|-hitcount|p2: Groudon|2
|-unboost|p1a: Rayquaza|def|1
|-boost|p1a: Rayquaza|spe|1
|-damage|p1a: Rayquaza|66/100|[from] item: Life Orb
|
|-weather|DeltaStream|[upkeep]
|upkeep
|
|t:|1667369137
|switch|p2a: Ditto|Ditto, shiny|100/100
|-damage|p2a: Ditto|88/100|[from] Stealth Rock
|-transform|p2a: Ditto|p1a: Rayquaza|[from] ability: Imposter
|turn|8
|
|t:|1667369144
|move|p1a: Rayquaza|Extreme Speed|p2a: Ditto
|-damage|p2a: Ditto|10/100
|-damage|p1a: Rayquaza|56/100|[from] item: Life Orb
|move|p2a: Ditto|Dragon Ascent|p1a: Rayquaza
|-damage|p1a: Rayquaza|0 fnt
|-unboost|p2a: Ditto|def|1
|-unboost|p2a: Ditto|spd|1
|faint|p1a: Rayquaza
|
|-weather|DeltaStream|[upkeep]
|upkeep
|
|t:|1667369152
|switch|p1a: Arceus|Arceus-Flying|100/100
|-damage|p1a: Arceus|76/100|[from] Stealth Rock
|turn|9
|
|t:|1667369158
|-start|p1a: Arceus|Dynamax|
|-heal|p1a: Arceus|76/100|[silent]
|move|p2a: Ditto|Dragon Ascent|p1a: Arceus
|-damage|p1a: Arceus|50/100
|-unboost|p2a: Ditto|def|1
|-unboost|p2a: Ditto|spd|1
|move|p1a: Arceus|Max Airstream|p2a: Ditto
|-damage|p2a: Ditto|0 fnt
|-boost|p1a: Arceus|spe|1
|faint|p2a: Ditto
|-weather|none
|
|upkeep
|
|t:|1667369167
|switch|p2a: Arceus|Arceus-Fairy|62/100
|-damage|p2a: Arceus|50/100|[from] Stealth Rock
|turn|10
|
|t:|1667369170
|move|p1a: Arceus|Max Airstream|p2a: Arceus
|-damage|p2a: Arceus|0 fnt
|-boost|p1a: Arceus|spe|1
|faint|p2a: Arceus
|
|upkeep
|
|t:|1667369175
|switch|p2a: Arceus|Arceus|100/100
|-damage|p2a: Arceus|88/100|[from] Stealth Rock
|turn|11
|
|t:|1667369183
|move|p1a: Arceus|Max Airstream|p2a: Arceus
|-crit|p2a: Arceus
|-damage|p2a: Arceus|14/100
|-boost|p1a: Arceus|spe|1
|move|p2a: Arceus|Recover|p2a: Arceus
|-heal|p2a: Arceus|64/100
|
|upkeep
|-end|p1a: Arceus|Dynamax
|-heal|p1a: Arceus|50/100|[silent]
|turn|12
|inactive|RUiNtheExtinct has 120 seconds left.
|
|t:|1667369214
|move|p2a: Arceus|Extreme Speed|p1a: Arceus
|-damage|p1a: Arceus|19/100
|move|p1a: Arceus|Recover|p1a: Arceus
|-heal|p1a: Arceus|70/100
|
|upkeep
|turn|13
|inactive|Defensive0 has 120 seconds left.
|
|t:|1667369265
|move|p1a: Arceus|Swords Dance|p1a: Arceus
|-boost|p1a: Arceus|atk|2
|move|p2a: Arceus|Swords Dance|p2a: Arceus
|-boost|p2a: Arceus|atk|2
|
|upkeep
|turn|14
|j| rahull
|
|t:|1667369270
|-start|p2a: Arceus|Dynamax|
|-heal|p2a: Arceus|64/100|[silent]
|move|p1a: Arceus|Fly||[still]
|-prepare|p1a: Arceus|Fly
|move|p2a: Arceus|Max Strike|p1a: Arceus|[miss]
|-miss|p2a: Arceus|p1a: Arceus
|
|upkeep
|turn|15
|
|t:|1667369275
|move|p1a: Arceus|Fly|p2a: Arceus|[from]lockedmove
|-damage|p2a: Arceus|28/100
|move|p2a: Arceus|Max Strike|p1a: Arceus
|-damage|p1a: Arceus|0 fnt
|faint|p1a: Arceus
|
|upkeep
|
|t:|1667369279
|switch|p1a: Smeargle|Smeargle, M|100/100
|-damage|p1a: Smeargle|88/100|[from] Stealth Rock
|turn|16
|
|t:|1667369295
|switch|p1a: Yveltal|Yveltal|100/100
|-damage|p1a: Yveltal|76/100|[from] Stealth Rock
|-ability|p1a: Yveltal|Dark Aura
|move|p2a: Arceus|Max Guard||[still]
|-fail|p2a: Arceus
|
|upkeep
|-end|p2a: Arceus|Dynamax
|-heal|p2a: Arceus|28/100|[silent]
|turn|17
|
|t:|1667369302
|move|p1a: Yveltal|Dark Pulse|p2a: Arceus
|-damage|p2a: Arceus|0 fnt
|faint|p2a: Arceus
|-damage|p1a: Yveltal|66/100|[from] item: Life Orb
|
|upkeep
|
|t:|1667369305
|switch|p2a: Kyogre|Kyogre|100/100
|-damage|p2a: Kyogre|88/100|[from] Stealth Rock
|-weather|RainDance|[from] ability: Drizzle|[of] p2a: Kyogre
|turn|18
|
|t:|1667369309
|switch|p1a: Smeargle|Smeargle, M|88/100
|-damage|p1a: Smeargle|76/100|[from] Stealth Rock
|move|p2a: Kyogre|Thunder|p1a: Smeargle
|-crit|p1a: Smeargle
|-damage|p1a: Smeargle|0 fnt
|faint|p1a: Smeargle
|
|-weather|RainDance|[upkeep]
|upkeep
|
|t:|1667369311
|switch|p1a: Ditto|Ditto|100/100
|-damage|p1a: Ditto|88/100|[from] Stealth Rock
|-transform|p1a: Ditto|p2a: Kyogre|[from] ability: Imposter
|turn|19
|
|t:|1667369315
|move|p1a: Ditto|Thunder|p2a: Kyogre
|-supereffective|p2a: Kyogre
|-damage|p2a: Kyogre|20/100
|-status|p2a: Kyogre|par
|cant|p2a: Kyogre|par
|
|-weather|RainDance|[upkeep]
|upkeep
|turn|20
|
|t:|1667369327
|switch|p1a: Yveltal|Yveltal|66/100
|-damage|p1a: Yveltal|41/100|[from] Stealth Rock
|-ability|p1a: Yveltal|Dark Aura
|cant|p2a: Kyogre|par
|
|-weather|RainDance|[upkeep]
|upkeep
|turn|21
|c|☆Defensive0|U gotta be kidding me
|
|t:|1667369347
|move|p1a: Yveltal|Dark Pulse|p2a: Kyogre
|-damage|p2a: Kyogre|0 fnt
|faint|p2a: Kyogre
|-damage|p1a: Yveltal|31/100|[from] item: Life Orb
|
|-weather|RainDance|[upkeep]
|upkeep
|
|t:|1667369348
|switch|p2a: Zacian|Zacian, shiny|100/100
|-damage|p2a: Zacian|88/100|[from] Stealth Rock
|-ability|p2a: Zacian|Intrepid Sword|boost
|-boost|p2a: Zacian|atk|1
|turn|22
|l| rahull
|
|t:|1667369354
|move|p2a: Zacian|Play Rough|p1a: Yveltal
|-supereffective|p1a: Yveltal
|-damage|p1a: Yveltal|0 fnt
|faint|p1a: Yveltal
|
|-weather|none
|upkeep
|
|t:|1667369357
|switch|p1a: Ditto|Ditto|88/100
|-damage|p1a: Ditto|76/100|[from] Stealth Rock
|-transform|p1a: Ditto|p2a: Zacian|[from] ability: Imposter
|-ability|p1a: Ditto|Intrepid Sword|boost
|-boost|p1a: Ditto|atk|1
|turn|23
|
|t:|1667369361
|move|p1a: Ditto|Play Rough|p2a: Zacian
|-damage|p2a: Zacian|2/100
|move|p2a: Zacian|Play Rough|p1a: Ditto
|-damage|p1a: Ditto|0 fnt
|faint|p1a: Ditto
|
|win|Defensive0
|raw|RUiNtheExtinct's rating: 1771 &rarr; <strong>1757</strong><br />(-14 for losing)
|raw|Defensive0's rating: 1878 &rarr; <strong>1892</strong><br />(+14 for winning)
|c|☆RUiNtheExtinct|gg
|l|☆RUiNtheExtinct
|c|☆Defensive0|Gg but they luck was insane
