|j|☆starkorea74
|j|☆85792195wwww
|player|p1|starkorea74|cynthia|1885
|player|p2|85792195wwww|102|1762
|teamsize|p1|6
|teamsize|p2|6
|gametype|singles
|gen|8
|tier|[Gen 8] National Dex AG
|rated|
|clearpoke
|poke|p1|Necrozma-Dusk-Mane|
|poke|p1|Ho-Oh|
|poke|p1|Ditto|
|poke|p1|Arceus-*|
|poke|p1|Rayquaza|
|poke|p1|Yveltal|
|poke|p2|Rayquaza|
|poke|p2|Zacian-Crowned|
|poke|p2|Ditto|
|poke|p2|Kyogre|
|poke|p2|Excadrill, M|
|poke|p2|Arceus-*|
|rule|HP Percentage Mod: HP is shown in percentages
|rule|Endless Battle Clause: Forcing endless battles is banned
|teampreview
|
|start
|switch|p1a: Rayquaza|Rayquaza|100/100
|switch|p2a: Kyogre|Kyogre|100/100
|-ability|p1a: Rayquaza|Air Lock
|detailschange|p2a: Kyogre|Kyogre-Primal
|-primal|p2a: Kyogre
|-weather|PrimordialSea|[from] ability: Primordial Sea|[of] p2a: Kyogre
|turn|1
|
|-weather|none
|switch|p2a: Zacian|Zacian-Crowned|100/100
|-ability|p2a: Zacian|Intrepid Sword|boost
|-boost|p2a: Zacian|atk|1
|detailschange|p1a: Rayquaza|Rayquaza-Mega
|-mega|p1a: Rayquaza|Rayquaza|
|-weather|DeltaStream|[from] ability: Delta Stream|[of] p1a: Rayquaza
|move|p1a: Rayquaza|Dragon Ascent|p2a: Zacian
|-resisted|p2a: Zacian
|-damage|p2a: Zacian|50/100
|-unboost|p1a: Rayquaza|def|1
|-unboost|p1a: Rayquaza|spd|1
|-damage|p1a: Rayquaza|91/100|[from] item: Life Orb
|
|-weather|DeltaStream|[upkeep]
|upkeep
|turn|2
|
|-weather|none
|switch|p1a: Necrozma|Necrozma-Dusk-Mane|100/100
|move|p2a: Zacian|Behemoth Blade|p1a: Necrozma
|-resisted|p1a: Necrozma
|-damage|p1a: Necrozma|72/100
|
|-heal|p1a: Necrozma|78/100|[from] item: Leftovers
|upkeep
|turn|3
|
|switch|p2a: Excadrill|Excadrill, M|100/100
|-ability|p2a: Excadrill|Mold Breaker
|move|p1a: Necrozma|Stealth Rock|p2a: Excadrill
|-sidestart|p2: 85792195wwww|move: Stealth Rock
|
|-heal|p1a: Necrozma|84/100|[from] item: Leftovers
|upkeep
|turn|4
|
|switch|p1a: Rayquaza|Rayquaza-Mega|91/100
|-weather|DeltaStream|[from] ability: Delta Stream|[of] p1a: Rayquaza
|move|p2a: Excadrill|Rapid Spin|p1a: Rayquaza
|-damage|p1a: Rayquaza|70/100
|-boost|p2a: Excadrill|spe|1
|-sideend|p2: 85792195wwww|Stealth Rock|[from] move: Rapid Spin|[of] p2a: Excadrill
|
|-weather|DeltaStream|[upkeep]
|upkeep
|turn|5
|
|move|p2a: Excadrill|Stealth Rock|p1a: Rayquaza
|-sidestart|p1: starkorea74|move: Stealth Rock
|move|p1a: Rayquaza|V-create|p2a: Excadrill
|-supereffective|p2a: Excadrill
|-enditem|p2a: Excadrill|Focus Sash
|-damage|p2a: Excadrill|1/100
|-unboost|p1a: Rayquaza|spe|1
|-unboost|p1a: Rayquaza|def|1
|-unboost|p1a: Rayquaza|spd|1
|-damage|p1a: Rayquaza|60/100|[from] item: Life Orb
|
|-weather|DeltaStream|[upkeep]
|upkeep
|turn|6
|
|switch|p2a: Zacian|Zacian-Crowned|50/100
|-ability|p2a: Zacian|Intrepid Sword|boost
|-boost|p2a: Zacian|atk|1
|move|p1a: Rayquaza|Extreme Speed|p2a: Zacian
|-resisted|p2a: Zacian
|-damage|p2a: Zacian|27/100
|-damage|p1a: Rayquaza|50/100|[from] item: Life Orb
|
|-weather|DeltaStream|[upkeep]
|upkeep
|turn|7
|
|-weather|none
|switch|p1a: Ho-Oh|Ho-Oh|100/100
|move|p2a: Zacian|Close Combat|p1a: Ho-Oh
|-resisted|p1a: Ho-Oh
|-damage|p1a: Ho-Oh|73/100
|-unboost|p2a: Zacian|def|1
|-unboost|p2a: Zacian|spd|1
|
|upkeep
|turn|8
|
|switch|p1a: Necrozma|Necrozma-Dusk-Mane|84/100
|-damage|p1a: Necrozma|78/100|[from] Stealth Rock
|move|p2a: Zacian|Wild Charge|p1a: Necrozma
|-damage|p1a: Necrozma|44/100
|-damage|p2a: Zacian|17/100|[from] Recoil
|
|-heal|p1a: Necrozma|50/100|[from] item: Leftovers
|upkeep
|turn|9
|
|switch|p2a: Kyogre|Kyogre-Primal|100/100
|-weather|PrimordialSea|[from] ability: Primordial Sea|[of] p2a: Kyogre
|move|p1a: Necrozma|Morning Sun|p1a: Necrozma
|-heal|p1a: Necrozma|75/100
|
|-weather|PrimordialSea|[upkeep]
|-heal|p1a: Necrozma|81/100|[from] item: Leftovers
|upkeep
|turn|10
|inactive|Battle timer is ON: inactive players will automatically lose when time's up. (requested by 85792195wwww)
|
|switch|p1a: Arceus|Arceus-Fairy|100/100
|-damage|p1a: Arceus|88/100|[from] Stealth Rock
|move|p2a: Kyogre|Water Spout|p1a: Arceus
|-damage|p1a: Arceus|14/100
|
|-weather|PrimordialSea|[upkeep]
|upkeep
|turn|11
|
|-weather|none
|switch|p2a: Zacian|Zacian-Crowned|17/100
|-ability|p2a: Zacian|Intrepid Sword|boost
|-boost|p2a: Zacian|atk|1
|move|p1a: Arceus|Defog|p2a: Zacian
|-unboost|p2a: Zacian|evasion|1
|-sideend|p1: starkorea74|Stealth Rock|[from] move: Defog|[of] p1a: Arceus
|
|upkeep
|turn|12
|
|switch|p1a: Necrozma|Necrozma-Dusk-Mane|81/100
|move|p2a: Zacian|Behemoth Blade|p1a: Necrozma
|-resisted|p1a: Necrozma
|-crit|p1a: Necrozma
|-damage|p1a: Necrozma|38/100
|
|-heal|p1a: Necrozma|44/100|[from] item: Leftovers
|upkeep
|turn|13
|
|switch|p2a: Excadrill|Excadrill, M|1/100
|-ability|p2a: Excadrill|Mold Breaker
|move|p1a: Necrozma|Morning Sun|p1a: Necrozma
|-heal|p1a: Necrozma|94/100
|
|-heal|p1a: Necrozma|100/100|[from] item: Leftovers
|upkeep
|turn|14
|
|switch|p1a: Rayquaza|Rayquaza-Mega|50/100
|-weather|DeltaStream|[from] ability: Delta Stream|[of] p1a: Rayquaza
|move|p2a: Excadrill|Stealth Rock|p1a: Rayquaza
|-sidestart|p1: starkorea74|move: Stealth Rock
|
|-weather|DeltaStream|[upkeep]
|upkeep
|turn|15
|
|move|p1a: Rayquaza|Extreme Speed|p2a: Excadrill
|-resisted|p2a: Excadrill
|-damage|p2a: Excadrill|0 fnt
|-damage|p1a: Rayquaza|40/100|[from] item: Life Orb
|faint|p2a: Excadrill
|
|-weather|DeltaStream|[upkeep]
|upkeep
|
|switch|p2a: Ditto|Ditto|100/100
|-transform|p2a: Ditto|p1a: Rayquaza|[from] ability: Imposter
|turn|16
|
|switch|p1a: Ho-Oh|Ho-Oh|100/100
|move|p2a: Ditto|Dragon Ascent|p1a: Ho-Oh
|-damage|p1a: Ho-Oh|46/100
|-unboost|p2a: Ditto|def|1
|-unboost|p2a: Ditto|spd|1
|
|-weather|DeltaStream|[upkeep]
|upkeep
|turn|17
|
|switch|p1a: Necrozma|Necrozma-Dusk-Mane|100/100
|-damage|p1a: Necrozma|94/100|[from] Stealth Rock
|move|p2a: Ditto|Dragon Ascent|p1a: Necrozma
|-resisted|p1a: Necrozma
|-damage|p1a: Necrozma|72/100
|-unboost|p2a: Ditto|def|1
|-unboost|p2a: Ditto|spd|1
|
|-weather|DeltaStream|[upkeep]
|-heal|p1a: Necrozma|78/100|[from] item: Leftovers
|upkeep
|turn|18
|
|-weather|none
|switch|p2a: Kyogre|Kyogre-Primal|100/100
|-weather|PrimordialSea|[from] ability: Primordial Sea|[of] p2a: Kyogre
|move|p1a: Necrozma|Sunsteel Strike|p2a: Kyogre
|-resisted|p2a: Kyogre
|-damage|p2a: Kyogre|76/100
|
|-weather|PrimordialSea|[upkeep]
|-heal|p1a: Necrozma|84/100|[from] item: Leftovers
|upkeep
|turn|19
|
|switch|p1a: Arceus|Arceus-Fairy|14/100
|-damage|p1a: Arceus|1/100|[from] Stealth Rock
|move|p2a: Kyogre|Water Spout|p1a: Arceus
|-damage|p1a: Arceus|0 fnt
|faint|p1a: Arceus
|
|-weather|PrimordialSea|[upkeep]
|upkeep
|
|switch|p1a: Rayquaza|Rayquaza-Mega|40/100
|-damage|p1a: Rayquaza|15/100|[from] Stealth Rock
|-weather|DeltaStream|[from] ability: Delta Stream|[of] p1a: Rayquaza
|turn|20
|
|switch|p2a: Zacian|Zacian-Crowned|17/100
|-ability|p2a: Zacian|Intrepid Sword|boost
|-boost|p2a: Zacian|atk|1
|move|p1a: Rayquaza|Dragon Ascent|p2a: Zacian
|-resisted|p2a: Zacian
|-damage|p2a: Zacian|0 fnt
|-unboost|p1a: Rayquaza|def|1
|-unboost|p1a: Rayquaza|spd|1
|-damage|p1a: Rayquaza|5/100|[from] item: Life Orb
|faint|p2a: Zacian
|
|-weather|DeltaStream|[upkeep]
|upkeep
|
|switch|p2a: Rayquaza|Rayquaza|100/100
|-ability|p2a: Rayquaza|Air Lock
|turn|21
|
|-weather|none
|switch|p1a: Necrozma|Necrozma-Dusk-Mane|84/100
|-damage|p1a: Necrozma|78/100|[from] Stealth Rock
|detailschange|p2a: Rayquaza|Rayquaza-Mega
|-mega|p2a: Rayquaza|Rayquaza|
|-weather|DeltaStream|[from] ability: Delta Stream|[of] p2a: Rayquaza
|move|p2a: Rayquaza|Extreme Speed|p1a: Necrozma
|-resisted|p1a: Necrozma
|-damage|p1a: Necrozma|64/100
|-damage|p2a: Rayquaza|91/100|[from] item: Life Orb
|
|-weather|DeltaStream|[upkeep]
|-heal|p1a: Necrozma|70/100|[from] item: Leftovers
|upkeep
|turn|22
|
|switch|p1a: Ditto|Ditto|100/100
|-damage|p1a: Ditto|88/100|[from] Stealth Rock
|-transform|p1a: Ditto|p2a: Rayquaza|[from] ability: Imposter
|move|p2a: Rayquaza|Dragon Dance|p2a: Rayquaza
|-boost|p2a: Rayquaza|atk|1
|-boost|p2a: Rayquaza|spe|1
|
|-weather|DeltaStream|[upkeep]
|upkeep
|turn|23
|
|switch|p1a: Rayquaza|Rayquaza-Mega|5/100
|-damage|p1a: Rayquaza|0 fnt|[from] Stealth Rock
|faint|p1a: Rayquaza
|move|p2a: Rayquaza|Extreme Speed|p1: Rayquaza|[notarget]
|-fail|p2a: Rayquaza
|
|-weather|DeltaStream|[upkeep]
|upkeep
|
|switch|p1a: Ditto|Ditto|88/100
|-damage|p1a: Ditto|76/100|[from] Stealth Rock
|-transform|p1a: Ditto|p2a: Rayquaza|[from] ability: Imposter
|turn|24
|
|move|p2a: Rayquaza|Extreme Speed|p1a: Ditto
|-damage|p1a: Ditto|0 fnt
|-damage|p2a: Rayquaza|81/100|[from] item: Life Orb
|faint|p1a: Ditto
|
|-weather|DeltaStream|[upkeep]
|upkeep
|inactive|starkorea74 has 120 seconds left.
|
|switch|p1a: Yveltal|Yveltal|100/100
|-damage|p1a: Yveltal|76/100|[from] Stealth Rock
|-ability|p1a: Yveltal|Dark Aura
|turn|25
|inactive|starkorea74 has 120 seconds left.
|
|-start|p1a: Yveltal|Dynamax
|-heal|p1a: Yveltal|76/100|[silent]
|move|p2a: Rayquaza|Dragon Ascent|p1a: Yveltal
|-damage|p1a: Yveltal|0 fnt
|-unboost|p2a: Rayquaza|def|1
|-unboost|p2a: Rayquaza|spd|1
|-damage|p2a: Rayquaza|71/100|[from] item: Life Orb
|faint|p1a: Yveltal
|
|-weather|DeltaStream|[upkeep]
|upkeep
|inactive|starkorea74 has 120 seconds left.
|-message|starkorea74 forfeited.
|
|win|85792195wwww
|l|☆starkorea74
