|j|☆Jklopp
|j|☆Chopforce8
|t:|1663726268
|gametype|singles
|player|p1|Jklopp|ethan|1516
|player|p2|Chopforce8|red|1620
|teamsize|p1|6
|teamsize|p2|6
|gen|8
|tier|[Gen 8] National Dex AG
|rated|
|rule|HP Percentage Mod: HP is shown in percentages
|rule|Endless Battle Clause: Forcing endless battles is banned
|clearpoke
|poke|p1|Eiscue, F|
|poke|p1|Muk-Alola, M|
|poke|p1|Kommo-o, F|
|poke|p1|Galvantula, M|
|poke|p1|Sandaconda, F|
|poke|p1|Diancie|
|poke|p2|Ho-Oh|
|poke|p2|Chansey, F|
|poke|p2|Shedinja|
|poke|p2|Sableye, M|
|poke|p2|Lugia|
|poke|p2|Quagsire, F|
|teampreview
|
|t:|1663726291
|start
|switch|p1a: Muk|Muk-Alola, M|100/100
|switch|p2a: Sableye|Sableye, M|100/100
|turn|1
|
|t:|1663726298
|detailschange|p2a: Sableye|Sableye-Mega, M
|-mega|p2a: Sableye|Sableye|Sablenite
|move|p1a: Muk|Knock Off|p2a: Sableye
|-damage|p2a: Sableye|79/100
|move|p2a: Sableye|Will-O-Wisp|p1a: Muk|[miss]
|-miss|p2a: Sableye|p1a: Muk
|
|upkeep
|turn|2
|
|t:|1663726307
|move|p1a: Muk|Poison Jab|p2a: Sableye
|-resisted|p2a: Sableye
|-damage|p2a: Sableye|67/100
|-status|p2a: Sableye|psn|[from] ability: Poison Touch|[of] p1a: Muk
|move|p2a: Sableye|Recover|p2a: Sableye
|-heal|p2a: Sableye|100/100 psn
|
|-damage|p2a: Sableye|88/100 psn|[from] psn
|upkeep
|turn|3
|
|t:|1663726316
|switch|p1a: Sandaconda|Sandaconda, F|100/100
|move|p2a: Sableye|Will-O-Wisp|p1a: Sandaconda|[miss]
|-miss|p2a: Sableye|p1a: Sandaconda
|
|-damage|p2a: Sableye|76/100 psn|[from] psn
|upkeep
|turn|4
|
|t:|1663726323
|switch|p2a: Chansey|Chansey, F|100/100
|move|p1a: Sandaconda|Coil|p1a: Sandaconda
|-boost|p1a: Sandaconda|atk|1
|-boost|p1a: Sandaconda|def|1
|-boost|p1a: Sandaconda|accuracy|1
|
|upkeep
|turn|5
|
|t:|1663726330
|move|p1a: Sandaconda|Glare|p2a: Chansey
|-status|p2a: Chansey|par
|move|p2a: Chansey|Toxic|p1a: Sandaconda
|-status|p1a: Sandaconda|tox
|
|-damage|p1a: Sandaconda|94/100 tox|[from] psn
|upkeep
|turn|6
|
|t:|1663726337
|move|p1a: Sandaconda|Coil|p1a: Sandaconda
|-boost|p1a: Sandaconda|atk|1
|-boost|p1a: Sandaconda|def|1
|-boost|p1a: Sandaconda|accuracy|1
|cant|p2a: Chansey|par
|
|-heal|p1a: Sandaconda|100/100 tox|[from] item: Leftovers
|-damage|p1a: Sandaconda|88/100 tox|[from] psn
|upkeep
|turn|7
|
|t:|1663726344
|-curestatus|p2a: Chansey|par|[from] ability: Natural Cure
|switch|p2a: Quagsire|Quagsire, F|100/100
|move|p1a: Sandaconda|Coil|p1a: Sandaconda
|-boost|p1a: Sandaconda|atk|1
|-boost|p1a: Sandaconda|def|1
|-boost|p1a: Sandaconda|accuracy|1
|
|-heal|p1a: Sandaconda|94/100 tox|[from] item: Leftovers
|-damage|p1a: Sandaconda|76/100 tox|[from] psn
|upkeep
|turn|8
|
|t:|1663726355
|move|p1a: Sandaconda|Glare|p2a: Quagsire
|-status|p2a: Quagsire|par
|cant|p2a: Quagsire|par
|
|-heal|p1a: Sandaconda|82/100 tox|[from] item: Leftovers
|-damage|p1a: Sandaconda|58/100 tox|[from] psn
|upkeep
|turn|9
|
|t:|1663726362
|move|p1a: Sandaconda|Rest|p1a: Sandaconda
|-status|p1a: Sandaconda|slp|[from] move: Rest
|-heal|p1a: Sandaconda|100/100 slp|[silent]
|move|p2a: Quagsire|Scald|p1a: Sandaconda
|-supereffective|p1a: Sandaconda
|-damage|p1a: Sandaconda|52/100 slp
|
|-activate|p1a: Sandaconda|ability: Shed Skin
|-curestatus|p1a: Sandaconda|slp|[msg]
|-heal|p1a: Sandaconda|58/100|[from] item: Leftovers
|upkeep
|turn|10
|
|t:|1663726373
|move|p1a: Sandaconda|Earthquake|p2a: Quagsire
|-damage|p2a: Quagsire|76/100 par
|cant|p2a: Quagsire|par
|
|-heal|p1a: Sandaconda|64/100|[from] item: Leftovers
|upkeep
|turn|11
|
|t:|1663726379
|move|p1a: Sandaconda|Coil|p1a: Sandaconda
|-boost|p1a: Sandaconda|atk|1
|-boost|p1a: Sandaconda|def|1
|-boost|p1a: Sandaconda|accuracy|1
|cant|p2a: Quagsire|par
|
|-heal|p1a: Sandaconda|70/100|[from] item: Leftovers
|upkeep
|turn|12
|
|t:|1663726386
|move|p1a: Sandaconda|Coil|p1a: Sandaconda
|-boost|p1a: Sandaconda|atk|1
|-boost|p1a: Sandaconda|def|1
|-boost|p1a: Sandaconda|accuracy|1
|move|p2a: Quagsire|Scald|p1a: Sandaconda
|-supereffective|p1a: Sandaconda
|-damage|p1a: Sandaconda|23/100
|
|-heal|p1a: Sandaconda|29/100|[from] item: Leftovers
|upkeep
|turn|13
|
|t:|1663726394
|move|p1a: Sandaconda|Rest|p1a: Sandaconda
|-status|p1a: Sandaconda|slp|[from] move: Rest
|-heal|p1a: Sandaconda|100/100 slp|[silent]
|cant|p2a: Quagsire|par
|
|upkeep
|turn|14
|
|t:|1663726401
|cant|p1a: Sandaconda|slp
|move|p2a: Quagsire|Scald|p1a: Sandaconda
|-supereffective|p1a: Sandaconda
|-damage|p1a: Sandaconda|50/100 slp
|
|-heal|p1a: Sandaconda|57/100 slp|[from] item: Leftovers
|upkeep
|turn|15
|
|t:|1663726409
|cant|p1a: Sandaconda|slp
|move|p2a: Quagsire|Scald|p1a: Sandaconda
|-supereffective|p1a: Sandaconda
|-damage|p1a: Sandaconda|9/100 slp
|
|-heal|p1a: Sandaconda|15/100 slp|[from] item: Leftovers
|upkeep
|turn|16
|
|t:|1663726416
|-curestatus|p1a: Sandaconda|slp|[msg]
|move|p1a: Sandaconda|Rest|p1a: Sandaconda
|-status|p1a: Sandaconda|slp|[from] move: Rest
|-heal|p1a: Sandaconda|100/100 slp|[silent]
|move|p2a: Quagsire|Scald|p1a: Sandaconda
|-supereffective|p1a: Sandaconda
|-damage|p1a: Sandaconda|53/100 slp
|
|-heal|p1a: Sandaconda|59/100 slp|[from] item: Leftovers
|upkeep
|turn|17
|
|t:|1663726427
|cant|p1a: Sandaconda|slp
|move|p2a: Quagsire|Scald|p1a: Sandaconda
|-supereffective|p1a: Sandaconda
|-damage|p1a: Sandaconda|12/100 slp
|
|-heal|p1a: Sandaconda|18/100 slp|[from] item: Leftovers
|upkeep
|turn|18
|
|t:|1663726434
|cant|p1a: Sandaconda|slp
|cant|p2a: Quagsire|par
|
|-heal|p1a: Sandaconda|24/100 slp|[from] item: Leftovers
|upkeep
|turn|19
|
|t:|1663726440
|switch|p2a: Chansey|Chansey, F|100/100
|-curestatus|p1a: Sandaconda|slp|[msg]
|move|p1a: Sandaconda|Rest|p1a: Sandaconda
|-status|p1a: Sandaconda|slp|[from] move: Rest
|-heal|p1a: Sandaconda|100/100 slp|[silent]
|
|-activate|p1a: Sandaconda|ability: Shed Skin
|-curestatus|p1a: Sandaconda|slp|[msg]
|upkeep
|turn|20
|
|t:|1663726455
|switch|p2a: Shedinja|Shedinja|100/100
|move|p1a: Sandaconda|Earthquake|p2a: Shedinja
|-immune|p2a: Shedinja|[from] ability: Wonder Guard
|
|upkeep
|turn|21
|
|t:|1663726462
|switch|p2a: Sableye|Sableye-Mega, M|76/100 psn
|move|p1a: Sandaconda|Glare|p2a: Sableye
|move|p2a: Sableye|Glare|p1a: Sandaconda|[from]ability: Magic Bounce
|-status|p1a: Sandaconda|par
|
|-damage|p2a: Sableye|64/100 psn|[from] psn
|upkeep
|turn|22
|
|t:|1663726470
|switch|p2a: Shedinja|Shedinja|100/100
|cant|p1a: Sandaconda|par
|
|upkeep
|turn|23
|
|t:|1663726477
|move|p2a: Shedinja|Skitter Smack|p1a: Sandaconda
|-damage|p1a: Sandaconda|95/100 par
|-unboost|p1a: Sandaconda|spa|1
|cant|p1a: Sandaconda|par
|
|-activate|p1a: Sandaconda|ability: Shed Skin
|-curestatus|p1a: Sandaconda|par|[msg]
|-heal|p1a: Sandaconda|100/100|[from] item: Leftovers
|upkeep
|turn|24
|inactive|Battle timer is ON: inactive players will automatically lose when time's up. (requested by Jklopp)
|
|t:|1663726498
|move|p2a: Shedinja|Shadow Sneak|p1a: Sandaconda
|-damage|p1a: Sandaconda|98/100
|move|p1a: Sandaconda|Glare|p2a: Shedinja
|-status|p2a: Shedinja|par
|
|-heal|p1a: Sandaconda|100/100|[from] item: Leftovers
|upkeep
|turn|25
|
|t:|1663726507
|switch|p2a: Quagsire|Quagsire, F|76/100 par
|move|p1a: Sandaconda|Coil|p1a: Sandaconda
|-boost|p1a: Sandaconda|atk|1
|-boost|p1a: Sandaconda|def|1
|-boost|p1a: Sandaconda|accuracy|1
|
|upkeep
|turn|26
|
|t:|1663726513
|move|p1a: Sandaconda|Earthquake|p2a: Quagsire
|-damage|p2a: Quagsire|51/100 par
|move|p2a: Quagsire|Recover|p2a: Quagsire
|-heal|p2a: Quagsire|100/100 par
|
|upkeep
|turn|27
|
|t:|1663726520
|move|p1a: Sandaconda|Glare|p2a: Quagsire
|-fail|p2a: Quagsire|par
|move|p2a: Quagsire|Toxic|p1a: Sandaconda|[miss]
|-miss|p2a: Quagsire|p1a: Sandaconda
|
|upkeep
|turn|28
|
|t:|1663726526
|move|p1a: Sandaconda|Glare|p2a: Quagsire
|-fail|p2a: Quagsire|par
|move|p2a: Quagsire|Toxic|p1a: Sandaconda
|-status|p1a: Sandaconda|tox
|
|-damage|p1a: Sandaconda|94/100 tox|[from] psn
|upkeep
|turn|29
|
|t:|1663726532
|move|p1a: Sandaconda|Glare|p2a: Quagsire
|-fail|p2a: Quagsire|par
|move|p2a: Quagsire|Scald|p1a: Sandaconda
|-supereffective|p1a: Sandaconda
|-damage|p1a: Sandaconda|50/100 tox
|
|-heal|p1a: Sandaconda|56/100 tox|[from] item: Leftovers
|-damage|p1a: Sandaconda|44/100 tox|[from] psn
|upkeep
|turn|30
|
|t:|1663726542
|switch|p2a: Chansey|Chansey, F|100/100
|move|p1a: Sandaconda|Rest|p1a: Sandaconda
|-status|p1a: Sandaconda|slp|[from] move: Rest
|-heal|p1a: Sandaconda|100/100 slp|[silent]
|
|upkeep
|turn|31
|
|t:|1663726548
|cant|p1a: Sandaconda|slp
|move|p2a: Chansey|Heal Bell|p2a: Chansey
|-activate|p2a: Chansey|move: Heal Bell
|-curestatus|p2: Sableye|psn|[msg]
|-curestatus|p2: Quagsire|par|[msg]
|-curestatus|p2: Shedinja|par|[msg]
|
|-activate|p1a: Sandaconda|ability: Shed Skin
|-curestatus|p1a: Sandaconda|slp|[msg]
|upkeep
|turn|32
|
|t:|1663726561
|switch|p2a: Sableye|Sableye-Mega, M|64/100
|move|p1a: Sandaconda|Earthquake|p2a: Sableye
|-damage|p2a: Sableye|0 fnt
|faint|p2a: Sableye
|
|upkeep
|
|t:|1663726569
|switch|p2a: Quagsire|Quagsire, F|100/100
|turn|33
|
|t:|1663726571
|move|p1a: Sandaconda|Glare|p2a: Quagsire
|-status|p2a: Quagsire|par
|move|p2a: Quagsire|Scald|p1a: Sandaconda
|-supereffective|p1a: Sandaconda
|-damage|p1a: Sandaconda|53/100
|-status|p1a: Sandaconda|brn
|
|-heal|p1a: Sandaconda|59/100 brn|[from] item: Leftovers
|-damage|p1a: Sandaconda|53/100 brn|[from] brn
|upkeep
|turn|34
|
|t:|1663726581
|move|p1a: Sandaconda|Rest|p1a: Sandaconda
|-status|p1a: Sandaconda|slp|[from] move: Rest
|-heal|p1a: Sandaconda|100/100 slp|[silent]
|move|p2a: Quagsire|Scald|p1a: Sandaconda
|-supereffective|p1a: Sandaconda
|-damage|p1a: Sandaconda|52/100 slp
|
|-activate|p1a: Sandaconda|ability: Shed Skin
|-curestatus|p1a: Sandaconda|slp|[msg]
|-heal|p1a: Sandaconda|58/100|[from] item: Leftovers
|upkeep
|turn|35
|
|t:|1663726592
|move|p1a: Sandaconda|Earthquake|p2a: Quagsire
|-damage|p2a: Quagsire|77/100 par
|move|p2a: Quagsire|Scald|p1a: Sandaconda
|-supereffective|p1a: Sandaconda
|-damage|p1a: Sandaconda|11/100
|-status|p1a: Sandaconda|brn
|
|-heal|p1a: Sandaconda|17/100 brn|[from] item: Leftovers
|-damage|p1a: Sandaconda|11/100 brn|[from] brn
|upkeep
|turn|36
|
|t:|1663726603
|switch|p2a: Lugia|Lugia|100/100
|move|p1a: Sandaconda|Rest|p1a: Sandaconda
|-status|p1a: Sandaconda|slp|[from] move: Rest
|-heal|p1a: Sandaconda|100/100 slp|[silent]
|
|-activate|p1a: Sandaconda|ability: Shed Skin
|-curestatus|p1a: Sandaconda|slp|[msg]
|upkeep
|turn|37
|
|t:|1663726616
|switch|p1a: Muk|Muk-Alola, M|100/100
|move|p2a: Lugia|Whirlwind|p1a: Muk
|drag|p1a: Galvantula|Galvantula, M, shiny|100/100
|
|upkeep
|turn|38
|
|t:|1663726622
|move|p2a: Lugia|Toxic|p1a: Galvantula
|-status|p1a: Galvantula|tox
|move|p1a: Galvantula|Thunder Wave|p2a: Lugia
|-status|p2a: Lugia|par
|
|-damage|p1a: Galvantula|94/100 tox|[from] psn
|upkeep
|turn|39
|
|t:|1663726633
|switch|p2a: Chansey|Chansey, F|100/100
|move|p1a: Galvantula|Thunder|p2a: Chansey
|-crit|p2a: Chansey
|-damage|p2a: Chansey|67/100
|-status|p2a: Chansey|par
|
|-damage|p1a: Galvantula|82/100 tox|[from] psn
|upkeep
|turn|40
|
|t:|1663726643
|move|p1a: Galvantula|Sticky Web|p2a: Chansey
|-sidestart|p2: Chopforce8|move: Sticky Web
|move|p2a: Chansey|Heal Bell|p2a: Chansey
|-activate|p2a: Chansey|move: Heal Bell
|-curestatus|p2a: Chansey|par|[msg]
|-curestatus|p2: Lugia|par|[msg]
|-curestatus|p2: Quagsire|par|[msg]
|
|-damage|p1a: Galvantula|64/100 tox|[from] psn
|upkeep
|turn|41
|
|t:|1663726653
|switch|p1a: Sandaconda|Sandaconda, F|100/100
|move|p2a: Chansey|Seismic Toss|p1a: Sandaconda
|-damage|p1a: Sandaconda|72/100
|
|-heal|p1a: Sandaconda|78/100|[from] item: Leftovers
|upkeep
|turn|42
|
|t:|1663726660
|move|p1a: Sandaconda|Glare|p2a: Chansey
|-status|p2a: Chansey|par
|cant|p2a: Chansey|par
|
|-heal|p1a: Sandaconda|84/100|[from] item: Leftovers
|upkeep
|turn|43
|
|t:|1663726672
|-curestatus|p2a: Chansey|par|[from] ability: Natural Cure
|switch|p2a: Lugia|Lugia|100/100
|move|p1a: Sandaconda|Coil|p1a: Sandaconda
|-boost|p1a: Sandaconda|atk|1
|-boost|p1a: Sandaconda|def|1
|-boost|p1a: Sandaconda|accuracy|1
|
|-heal|p1a: Sandaconda|90/100|[from] item: Leftovers
|upkeep
|turn|44
|
|t:|1663726680
|move|p2a: Lugia|Ice Beam|p1a: Sandaconda
|-supereffective|p1a: Sandaconda
|-damage|p1a: Sandaconda|39/100
|move|p1a: Sandaconda|Glare|p2a: Lugia
|-status|p2a: Lugia|par
|
|-heal|p1a: Sandaconda|45/100|[from] item: Leftovers
|upkeep
|turn|45
|
|t:|1663726688
|switch|p1a: Muk|Muk-Alola, M|100/100
|move|p2a: Lugia|Ice Beam|p1a: Muk
|-damage|p1a: Muk|93/100
|
|upkeep
|turn|46
|
|t:|1663726697
|switch|p2a: Chansey|Chansey, F|67/100
|-activate|p2a: Chansey|move: Sticky Web
|-unboost|p2a: Chansey|spe|1
|move|p1a: Muk|Knock Off|p2a: Chansey
|-damage|p2a: Chansey|31/100
|-damage|p1a: Muk|76/100|[from] item: Rocky Helmet|[of] p2a: Chansey
|-enditem|p2a: Chansey|Rocky Helmet|[from] move: Knock Off|[of] p1a: Muk
|
|upkeep
|turn|47
|
|t:|1663726706
|move|p1a: Muk|Poison Jab|p2a: Chansey
|-damage|p2a: Chansey|3/100
|-status|p2a: Chansey|psn|[from] ability: Poison Touch|[of] p1a: Muk
|move|p2a: Chansey|Rest|p2a: Chansey
|-status|p2a: Chansey|slp|[from] move: Rest
|-heal|p2a: Chansey|100/100 slp|[silent]
|
|upkeep
|turn|48
|
|t:|1663726717
|switch|p1a: Eiscue|Eiscue, F|100/100
|-curestatus|p2a: Chansey|slp|[from] ability: Natural Cure
|switch|p2a: Lugia|Lugia|100/100 par
|
|upkeep
|turn|49
|
|t:|1663726725
|switch|p1a: Muk|Muk-Alola, M|76/100
|move|p2a: Lugia|Toxic|p1a: Muk
|-immune|p1a: Muk
|
|upkeep
|turn|50
|
|t:|1663726730
|switch|p2a: Chansey|Chansey, F|100/100
|-activate|p2a: Chansey|move: Sticky Web
|-unboost|p2a: Chansey|spe|1
|move|p1a: Muk|Knock Off|p2a: Chansey
|-damage|p2a: Chansey|78/100
|-status|p2a: Chansey|psn|[from] ability: Poison Touch|[of] p1a: Muk
|
|-damage|p2a: Chansey|66/100 psn|[from] psn
|upkeep
|turn|51
|
|t:|1663726739
|switch|p1a: Eiscue|Eiscue, F|100/100
|move|p2a: Chansey|Rest|p2a: Chansey
|-status|p2a: Chansey|slp|[from] move: Rest
|-heal|p2a: Chansey|100/100 slp|[silent]
|
|upkeep
|turn|52
|
|t:|1663726747
|-curestatus|p2a: Chansey|slp|[from] ability: Natural Cure
|switch|p2a: Quagsire|Quagsire, F|77/100
|-activate|p2a: Quagsire|move: Sticky Web
|-unboost|p2a: Quagsire|spe|1
|move|p1a: Eiscue|Belly Drum|p1a: Eiscue
|-damage|p1a: Eiscue|50/100
|-setboost|p1a: Eiscue|atk|6|[from] move: Belly Drum
|
|-heal|p1a: Eiscue|57/100|[from] item: Leftovers
|upkeep
|turn|53
|
|t:|1663726757
|move|p1a: Eiscue|Icicle Crash|p2a: Quagsire
|-damage|p2a: Quagsire|53/100
|move|p2a: Quagsire|Toxic|p1a: Eiscue
|-status|p1a: Eiscue|tox
|
|-heal|p1a: Eiscue|63/100 tox|[from] item: Leftovers
|-damage|p1a: Eiscue|57/100 tox|[from] psn
|upkeep
|turn|54
|
|t:|1663726766
|-start|p1a: Eiscue|Dynamax|
|-heal|p1a: Eiscue|57/100 tox|[silent]
|move|p1a: Eiscue|Max Hailstorm|p2a: Quagsire
|-damage|p2a: Quagsire|22/100
|-weather|Hail
|move|p2a: Quagsire|Recover|p2a: Quagsire
|-heal|p2a: Quagsire|72/100
|
|-weather|Hail|[upkeep]
|-damage|p2a: Quagsire|66/100|[from] Hail
|-heal|p1a: Eiscue|60/100 tox|[from] item: Leftovers
|-damage|p1a: Eiscue|54/100 tox|[from] psn
|upkeep
|turn|55
|
|t:|1663726777
|move|p1a: Eiscue|Max Hailstorm|p2a: Quagsire
|-damage|p2a: Quagsire|33/100
|move|p2a: Quagsire|Recover|p2a: Quagsire
|-heal|p2a: Quagsire|83/100
|
|-weather|Hail|[upkeep]
|-damage|p2a: Quagsire|77/100|[from] Hail
|-heal|p1a: Eiscue|57/100 tox|[from] item: Leftovers
|-damage|p1a: Eiscue|47/100 tox|[from] psn
|upkeep
|turn|56
|
|t:|1663726787
|move|p1a: Eiscue|Max Hailstorm|p2a: Quagsire
|-damage|p2a: Quagsire|44/100
|move|p2a: Quagsire|Recover|p2a: Quagsire
|-heal|p2a: Quagsire|94/100
|
|-weather|Hail|[upkeep]
|-damage|p2a: Quagsire|88/100|[from] Hail
|-heal|p1a: Eiscue|50/100 tox|[from] item: Leftovers
|-damage|p1a: Eiscue|38/100 tox|[from] psn
|upkeep
|-end|p1a: Eiscue|Dynamax
|-heal|p1a: Eiscue|38/100 tox|[silent]
|turn|57
|
|t:|1663726801
|move|p1a: Eiscue|Icicle Crash|p2a: Quagsire
|-damage|p2a: Quagsire|67/100
|move|p2a: Quagsire|Earthquake|p1a: Eiscue
|-activate|p1a: Eiscue|ability: Ice Face
|-damage|p1a: Eiscue|38/100 tox
|detailschange|p1a: Eiscue|Eiscue-Noice, F
|
|-weather|Hail|[upkeep]
|-damage|p2a: Quagsire|61/100|[from] Hail
|-heal|p1a: Eiscue|44/100 tox|[from] item: Leftovers
|-damage|p1a: Eiscue|14/100 tox|[from] psn
|upkeep
|turn|58
|
|t:|1663726812
|move|p1a: Eiscue|Icicle Crash|p2a: Quagsire|[miss]
|-miss|p1a: Eiscue|p2a: Quagsire
|move|p2a: Quagsire|Recover|p2a: Quagsire
|-heal|p2a: Quagsire|100/100
|
|-weather|none
|-heal|p1a: Eiscue|20/100 tox|[from] item: Leftovers
|-damage|p1a: Eiscue|0 fnt|[from] psn
|faint|p1a: Eiscue
|upkeep
|
|t:|1663726822
|switch|p1a: Muk|Muk-Alola, M|76/100
|turn|59
|
|t:|1663726825
|move|p1a: Muk|Knock Off|p2a: Quagsire
|-damage|p2a: Quagsire|75/100
|-damage|p1a: Muk|60/100|[from] item: Rocky Helmet|[of] p2a: Quagsire
|-enditem|p2a: Quagsire|Rocky Helmet|[from] move: Knock Off|[of] p1a: Muk
|move|p2a: Quagsire|Earthquake|p1a: Muk
|-supereffective|p1a: Muk
|-damage|p1a: Muk|0 fnt
|faint|p1a: Muk
|
|upkeep
|
|t:|1663726834
|switch|p1a: Diancie|Diancie|100/100
|turn|60
|
|t:|1663726839
|switch|p2a: Chansey|Chansey, F|100/100
|-activate|p2a: Chansey|move: Sticky Web
|-unboost|p2a: Chansey|spe|1
|detailschange|p1a: Diancie|Diancie-Mega
|-mega|p1a: Diancie|Diancie|Diancite
|move|p1a: Diancie|Moonblast|p2a: Chansey
|-damage|p2a: Chansey|74/100
|-unboost|p2a: Chansey|spa|1
|
|upkeep
|turn|61
|
|t:|1663726849
|move|p1a: Diancie|Diamond Storm|p2a: Chansey
|-damage|p2a: Chansey|24/100
|-boost|p1a: Diancie|def|2
|move|p2a: Chansey|Seismic Toss|p1a: Diancie
|-damage|p1a: Diancie|59/100
|
|upkeep
|turn|62
|
|t:|1663726858
|switch|p2a: Quagsire|Quagsire, F|75/100
|-activate|p2a: Quagsire|move: Sticky Web
|-unboost|p2a: Quagsire|spe|1
|move|p1a: Diancie|Diamond Storm|p2a: Quagsire
|-resisted|p2a: Quagsire
|-damage|p2a: Quagsire|57/100
|-boost|p1a: Diancie|def|2
|
|upkeep
|turn|63
|
|t:|1663726866
|switch|p2a: Shedinja|Shedinja|100/100
|move|p1a: Diancie|Moonblast|p2a: Shedinja
|-immune|p2a: Shedinja|[from] ability: Wonder Guard
|
|upkeep
|turn|64
|
|t:|1663726872
|switch|p2a: Quagsire|Quagsire, F|57/100
|-activate|p2a: Quagsire|move: Sticky Web
|-unboost|p2a: Quagsire|spe|1
|move|p1a: Diancie|Mystical Fire|p2a: Quagsire
|-resisted|p2a: Quagsire
|-damage|p2a: Quagsire|37/100
|-unboost|p2a: Quagsire|spa|1
|
|upkeep
|turn|65
|
|t:|1663726881
|move|p1a: Diancie|Moonblast|p2a: Quagsire
|-damage|p2a: Quagsire|0 fnt
|faint|p2a: Quagsire
|
|upkeep
|
|t:|1663726890
|switch|p2a: Lugia|Lugia|100/100 par
|turn|66
|
|t:|1663726899
|-start|p2a: Lugia|Dynamax|
|-heal|p2a: Lugia|100/100 par|[silent]
|move|p1a: Diancie|Diamond Storm|p2a: Lugia
|-supereffective|p2a: Lugia
|-damage|p2a: Lugia|84/100 par
|move|p2a: Lugia|Max Hailstorm|p1a: Diancie
|-damage|p1a: Diancie|24/100
|-weather|Hail
|
|-weather|Hail|[upkeep]
|-damage|p1a: Diancie|18/100|[from] Hail
|-damage|p2a: Lugia|81/100 par|[from] Hail
|upkeep
|turn|67
|
|t:|1663726910
|move|p1a: Diancie|Mystical Fire|p2a: Lugia
|-damage|p2a: Lugia|72/100 par
|-unboost|p2a: Lugia|spa|1
|move|p2a: Lugia|Max Hailstorm|p1a: Diancie
|-damage|p1a: Diancie|0 fnt
|faint|p1a: Diancie
|
|-weather|Hail|[upkeep]
|-damage|p2a: Lugia|69/100 par|[from] Hail
|upkeep
|
|t:|1663726920
|switch|p1a: Kommo-o|Kommo-o, F|100/100
|turn|68
|
|t:|1663726928
|-end|p2a: Lugia|Dynamax
|-heal|p2a: Lugia|69/100 par|[silent]
|switch|p2a: Shedinja|Shedinja|100/100
|-zpower|p1a: Kommo-o
|move|p1a: Kommo-o|Clangorous Soulblaze|p2a: Shedinja|[zeffect]
|-immune|p2a: Shedinja|[from] ability: Wonder Guard
|
|-weather|Hail|[upkeep]
|-damage|p2a: Shedinja|0 fnt|[from] Hail
|faint|p2a: Shedinja
|upkeep
|
|t:|1663726942
|switch|p2a: Chansey|Chansey, F|24/100
|-activate|p2a: Chansey|move: Sticky Web
|-unboost|p2a: Chansey|spe|1
|turn|69
|
|t:|1663726947
|move|p1a: Kommo-o|Close Combat|p2a: Chansey
|-supereffective|p2a: Chansey
|-damage|p2a: Chansey|0 fnt
|-unboost|p1a: Kommo-o|def|1
|-unboost|p1a: Kommo-o|spd|1
|faint|p2a: Chansey
|
|-weather|Hail|[upkeep]
|upkeep
|
|t:|1663726953
|switch|p2a: Ho-Oh|Ho-Oh|100/100
|turn|70
|
|t:|1663726962
|move|p1a: Kommo-o|Thunder Punch|p2a: Ho-Oh
|-supereffective|p2a: Ho-Oh
|-damage|p2a: Ho-Oh|59/100
|move|p2a: Ho-Oh|Brave Bird|p1a: Kommo-o
|-supereffective|p1a: Kommo-o
|-damage|p1a: Kommo-o|0 fnt
|faint|p1a: Kommo-o
|-damage|p2a: Ho-Oh|35/100|[from] Recoil
|
|-weather|none
|upkeep
|
|t:|1663726970
|switch|p1a: Galvantula|Galvantula, M, shiny|64/100 tox
|turn|71
|
|t:|1663726974
|switch|p2a: Lugia|Lugia|69/100 par
|move|p1a: Galvantula|Thunder|p2a: Lugia
|-supereffective|p2a: Lugia
|-damage|p2a: Lugia|15/100 par
|
|-damage|p1a: Galvantula|58/100 tox|[from] psn
|upkeep
|turn|72
|
|t:|1663726985
|switch|p2a: Ho-Oh|Ho-Oh|69/100
|move|p1a: Galvantula|Bug Buzz|p2a: Ho-Oh
|-resisted|p2a: Ho-Oh
|-crit|p2a: Ho-Oh
|-damage|p2a: Ho-Oh|63/100
|
|-damage|p1a: Galvantula|46/100 tox|[from] psn
|upkeep
|turn|73
|
|t:|1663726995
|switch|p2a: Lugia|Lugia|15/100 par
|move|p1a: Galvantula|Thunder|p2a: Lugia
|-supereffective|p2a: Lugia
|-damage|p2a: Lugia|0 fnt
|faint|p2a: Lugia
|
|-damage|p1a: Galvantula|28/100 tox|[from] psn
|upkeep
|
|t:|1663727003
|switch|p2a: Ho-Oh|Ho-Oh|96/100
|turn|74
|
|t:|1663727011
|move|p1a: Galvantula|Thunder|p2a: Ho-Oh
|-supereffective|p2a: Ho-Oh
|-damage|p2a: Ho-Oh|56/100
|-status|p2a: Ho-Oh|par
|cant|p2a: Ho-Oh|par
|
|-damage|p1a: Galvantula|4/100 tox|[from] psn
|upkeep
|turn|75
|
|t:|1663727020
|move|p1a: Galvantula|Thunder|p2a: Ho-Oh|[miss]
|-miss|p1a: Galvantula|p2a: Ho-Oh
|move|p2a: Ho-Oh|Roost|p2a: Ho-Oh
|-heal|p2a: Ho-Oh|100/100 par
|-singleturn|p2a: Ho-Oh|move: Roost
|
|-damage|p1a: Galvantula|0 fnt|[from] psn
|faint|p1a: Galvantula
|upkeep
|
|t:|1663727028
|switch|p1a: Sandaconda|Sandaconda, F|45/100
|turn|76
|c|☆Chopforce8|like liverpool
|c|☆Chopforce8|luckiest team ever
|c|☆Jklopp|idk what that means
|
|t:|1663727044
|move|p1a: Sandaconda|Rest|p1a: Sandaconda
|-status|p1a: Sandaconda|slp|[from] move: Rest
|-heal|p1a: Sandaconda|100/100 slp|[silent]
|move|p2a: Ho-Oh|Toxic||[still]
|-fail|p2a: Ho-Oh
|
|-activate|p1a: Sandaconda|ability: Shed Skin
|-curestatus|p1a: Sandaconda|slp|[msg]
|upkeep
|turn|77
|c|☆Jklopp|but im generally lucky
|
|t:|1663727053
|move|p1a: Sandaconda|Coil|p1a: Sandaconda
|-boost|p1a: Sandaconda|atk|1
|-boost|p1a: Sandaconda|def|1
|-boost|p1a: Sandaconda|accuracy|1
|move|p2a: Ho-Oh|Toxic|p1a: Sandaconda
|-status|p1a: Sandaconda|tox
|
|-activate|p1a: Sandaconda|ability: Shed Skin
|-curestatus|p1a: Sandaconda|tox|[msg]
|upkeep
|turn|78
|
|t:|1663727070
|move|p1a: Sandaconda|Coil|p1a: Sandaconda
|-boost|p1a: Sandaconda|atk|1
|-boost|p1a: Sandaconda|def|1
|-boost|p1a: Sandaconda|accuracy|1
|move|p2a: Ho-Oh|Sacred Fire|p1a: Sandaconda
|-damage|p1a: Sandaconda|87/100
|-status|p1a: Sandaconda|brn
|
|-heal|p1a: Sandaconda|93/100 brn|[from] item: Leftovers
|-damage|p1a: Sandaconda|87/100 brn|[from] brn
|upkeep
|turn|79
|
|t:|1663727081
|move|p1a: Sandaconda|Coil|p1a: Sandaconda
|-boost|p1a: Sandaconda|atk|1
|-boost|p1a: Sandaconda|def|1
|-boost|p1a: Sandaconda|accuracy|1
|move|p2a: Ho-Oh|Brave Bird|p1a: Sandaconda
|-damage|p1a: Sandaconda|73/100 brn
|-damage|p2a: Ho-Oh|97/100 par|[from] Recoil
|
|-activate|p1a: Sandaconda|ability: Shed Skin
|-curestatus|p1a: Sandaconda|brn|[msg]
|-heal|p1a: Sandaconda|80/100|[from] item: Leftovers
|upkeep
|turn|80
|
|t:|1663727099
|move|p1a: Sandaconda|Coil|p1a: Sandaconda
|-boost|p1a: Sandaconda|atk|1
|-boost|p1a: Sandaconda|def|1
|-boost|p1a: Sandaconda|accuracy|1
|move|p2a: Ho-Oh|Brave Bird|p1a: Sandaconda
|-damage|p1a: Sandaconda|67/100
|-damage|p2a: Ho-Oh|94/100 par|[from] Recoil
|
|-heal|p1a: Sandaconda|73/100|[from] item: Leftovers
|upkeep
|turn|81
|
|t:|1663727108
|move|p1a: Sandaconda|Coil|p1a: Sandaconda
|-boost|p1a: Sandaconda|atk|1
|-boost|p1a: Sandaconda|def|1
|-boost|p1a: Sandaconda|accuracy|1
|cant|p2a: Ho-Oh|par
|
|-heal|p1a: Sandaconda|80/100|[from] item: Leftovers
|upkeep
|turn|82
|
|t:|1663727117
|move|p1a: Sandaconda|Coil|p1a: Sandaconda
|-boost|p1a: Sandaconda|atk|1
|-boost|p1a: Sandaconda|def|1
|-boost|p1a: Sandaconda|accuracy|1
|cant|p2a: Ho-Oh|par
|
|-heal|p1a: Sandaconda|86/100|[from] item: Leftovers
|upkeep
|turn|83
|
|t:|1663727128
|move|p1a: Sandaconda|Coil|p1a: Sandaconda
|-boost|p1a: Sandaconda|atk|0
|-boost|p1a: Sandaconda|def|0
|-boost|p1a: Sandaconda|accuracy|0
|move|p2a: Ho-Oh|Brave Bird|p1a: Sandaconda
|-damage|p1a: Sandaconda|78/100
|-damage|p2a: Ho-Oh|91/100 par|[from] Recoil
|
|-heal|p1a: Sandaconda|84/100|[from] item: Leftovers
|upkeep
|turn|84
|
|t:|1663727141
|move|p1a: Sandaconda|Coil|p1a: Sandaconda
|-boost|p1a: Sandaconda|atk|0
|-boost|p1a: Sandaconda|def|0
|-boost|p1a: Sandaconda|accuracy|0
|cant|p2a: Ho-Oh|par
|
|-heal|p1a: Sandaconda|90/100|[from] item: Leftovers
|upkeep
|turn|85
|
|t:|1663727148
|move|p1a: Sandaconda|Coil|p1a: Sandaconda
|-boost|p1a: Sandaconda|atk|0
|-boost|p1a: Sandaconda|def|0
|-boost|p1a: Sandaconda|accuracy|0
|move|p2a: Ho-Oh|Toxic|p1a: Sandaconda|[miss]
|-miss|p2a: Ho-Oh|p1a: Sandaconda
|
|-heal|p1a: Sandaconda|96/100|[from] item: Leftovers
|upkeep
|turn|86
|
|t:|1663727155
|move|p1a: Sandaconda|Coil|p1a: Sandaconda
|-boost|p1a: Sandaconda|atk|0
|-boost|p1a: Sandaconda|def|0
|-boost|p1a: Sandaconda|accuracy|0
|move|p2a: Ho-Oh|Toxic|p1a: Sandaconda
|-status|p1a: Sandaconda|tox
|
|-heal|p1a: Sandaconda|100/100 tox|[from] item: Leftovers
|-damage|p1a: Sandaconda|94/100 tox|[from] psn
|upkeep
|turn|87
|
|t:|1663727164
|move|p1a: Sandaconda|Coil|p1a: Sandaconda
|-boost|p1a: Sandaconda|atk|0
|-boost|p1a: Sandaconda|def|0
|-boost|p1a: Sandaconda|accuracy|0
|move|p2a: Ho-Oh|Brave Bird|p1a: Sandaconda
|-damage|p1a: Sandaconda|86/100 tox
|-damage|p2a: Ho-Oh|89/100 par|[from] Recoil
|
|-activate|p1a: Sandaconda|ability: Shed Skin
|-curestatus|p1a: Sandaconda|tox|[msg]
|-heal|p1a: Sandaconda|92/100|[from] item: Leftovers
|upkeep
|turn|88
|
|t:|1663727176
|move|p1a: Sandaconda|Coil|p1a: Sandaconda
|-boost|p1a: Sandaconda|atk|0
|-boost|p1a: Sandaconda|def|0
|-boost|p1a: Sandaconda|accuracy|0
|move|p2a: Ho-Oh|Toxic|p1a: Sandaconda
|-status|p1a: Sandaconda|tox
|
|-heal|p1a: Sandaconda|98/100 tox|[from] item: Leftovers
|-damage|p1a: Sandaconda|92/100 tox|[from] psn
|upkeep
|turn|89
|c|☆Jklopp|pp op
|
|t:|1663727184
|move|p1a: Sandaconda|Coil|p1a: Sandaconda
|-boost|p1a: Sandaconda|atk|0
|-boost|p1a: Sandaconda|def|0
|-boost|p1a: Sandaconda|accuracy|0
|move|p2a: Ho-Oh|Roost|p2a: Ho-Oh
|-heal|p2a: Ho-Oh|100/100 par
|-singleturn|p2a: Ho-Oh|move: Roost
|
|-heal|p1a: Sandaconda|98/100 tox|[from] item: Leftovers
|-damage|p1a: Sandaconda|86/100 tox|[from] psn
|upkeep
|turn|90
|
|t:|1663727193
|move|p1a: Sandaconda|Coil|p1a: Sandaconda
|-boost|p1a: Sandaconda|atk|0
|-boost|p1a: Sandaconda|def|0
|-boost|p1a: Sandaconda|accuracy|0
|move|p2a: Ho-Oh|Roost||[still]
|-fail|p2a: Ho-Oh|heal
|
|-activate|p1a: Sandaconda|ability: Shed Skin
|-curestatus|p1a: Sandaconda|tox|[msg]
|-heal|p1a: Sandaconda|92/100|[from] item: Leftovers
|upkeep
|turn|91
|
|t:|1663727203
|move|p1a: Sandaconda|Coil|p1a: Sandaconda
|-boost|p1a: Sandaconda|atk|0
|-boost|p1a: Sandaconda|def|0
|-boost|p1a: Sandaconda|accuracy|0
|move|p2a: Ho-Oh|Roost||[still]
|-fail|p2a: Ho-Oh|heal
|
|-heal|p1a: Sandaconda|98/100|[from] item: Leftovers
|upkeep
|turn|92
|
|t:|1663727211
|move|p1a: Sandaconda|Glare|p2a: Ho-Oh
|-fail|p2a: Ho-Oh|par
|move|p2a: Ho-Oh|Roost||[still]
|-fail|p2a: Ho-Oh|heal
|
|-heal|p1a: Sandaconda|100/100|[from] item: Leftovers
|upkeep
|turn|93
|
|t:|1663727217
|move|p1a: Sandaconda|Glare|p2a: Ho-Oh
|-fail|p2a: Ho-Oh|par
|cant|p2a: Ho-Oh|par
|
|upkeep
|turn|94
|
|t:|1663727222
|move|p1a: Sandaconda|Glare|p2a: Ho-Oh
|-fail|p2a: Ho-Oh|par
|move|p2a: Ho-Oh|Roost||[still]
|-fail|p2a: Ho-Oh|heal
|
|upkeep
|turn|95
|
|t:|1663727227
|move|p1a: Sandaconda|Glare|p2a: Ho-Oh
|-fail|p2a: Ho-Oh|par
|cant|p2a: Ho-Oh|par
|
|upkeep
|turn|96
|
|t:|1663727232
|move|p1a: Sandaconda|Glare|p2a: Ho-Oh
|-fail|p2a: Ho-Oh|par
|move|p2a: Ho-Oh|Roost||[still]
|-fail|p2a: Ho-Oh|heal
|
|upkeep
|turn|97
|
|t:|1663727236
|move|p1a: Sandaconda|Glare|p2a: Ho-Oh
|-fail|p2a: Ho-Oh|par
|move|p2a: Ho-Oh|Roost||[still]
|-fail|p2a: Ho-Oh|heal
|
|upkeep
|turn|98
|
|t:|1663727243
|move|p1a: Sandaconda|Glare|p2a: Ho-Oh
|-fail|p2a: Ho-Oh|par
|move|p2a: Ho-Oh|Toxic|p1a: Sandaconda
|-status|p1a: Sandaconda|tox
|
|-damage|p1a: Sandaconda|94/100 tox|[from] psn
|upkeep
|turn|99
|inactive|Chopforce8 has 120 seconds left.
|
|t:|1663727292
|move|p1a: Sandaconda|Glare|p2a: Ho-Oh
|-fail|p2a: Ho-Oh|par
|cant|p2a: Ho-Oh|par
|
|-heal|p1a: Sandaconda|100/100 tox|[from] item: Leftovers
|-damage|p1a: Sandaconda|88/100 tox|[from] psn
|upkeep
|turn|100
|
|t:|1663727301
|move|p1a: Sandaconda|Glare|p2a: Ho-Oh
|-fail|p2a: Ho-Oh|par
|move|p2a: Ho-Oh|Roost||[still]
|-fail|p2a: Ho-Oh|heal
|
|-heal|p1a: Sandaconda|94/100 tox|[from] item: Leftovers
|-damage|p1a: Sandaconda|76/100 tox|[from] psn
|upkeep
|turn|101
|
|t:|1663727308
|move|p1a: Sandaconda|Glare|p2a: Ho-Oh
|-fail|p2a: Ho-Oh|par
|move|p2a: Ho-Oh|Roost||[still]
|-fail|p2a: Ho-Oh|heal
|
|-heal|p1a: Sandaconda|82/100 tox|[from] item: Leftovers
|-damage|p1a: Sandaconda|58/100 tox|[from] psn
|upkeep
|turn|102
|
|t:|1663727316
|move|p1a: Sandaconda|Rest|p1a: Sandaconda
|-status|p1a: Sandaconda|slp|[from] move: Rest
|-heal|p1a: Sandaconda|100/100 slp|[silent]
|move|p2a: Ho-Oh|Brave Bird|p1a: Sandaconda
|-damage|p1a: Sandaconda|93/100 slp
|-damage|p2a: Ho-Oh|98/100 par|[from] Recoil
|
|-heal|p1a: Sandaconda|99/100 slp|[from] item: Leftovers
|upkeep
|turn|103
|
|t:|1663727328
|cant|p1a: Sandaconda|slp
|move|p2a: Ho-Oh|Toxic||[still]
|-fail|p2a: Ho-Oh
|
|-heal|p1a: Sandaconda|100/100 slp|[from] item: Leftovers
|upkeep
|turn|104
|
|t:|1663727336
|cant|p1a: Sandaconda|slp
|move|p2a: Ho-Oh|Roost|p2a: Ho-Oh
|-heal|p2a: Ho-Oh|100/100 par
|-singleturn|p2a: Ho-Oh|move: Roost
|
|-activate|p1a: Sandaconda|ability: Shed Skin
|-curestatus|p1a: Sandaconda|slp|[msg]
|upkeep
|turn|105
|
|t:|1663727344
|move|p1a: Sandaconda|Earthquake|p2a: Ho-Oh
|-immune|p2a: Ho-Oh
|move|p2a: Ho-Oh|Toxic|p1a: Sandaconda|[miss]
|-miss|p2a: Ho-Oh|p1a: Sandaconda
|
|upkeep
|turn|106
|
|t:|1663727350
|move|p1a: Sandaconda|Glare|p2a: Ho-Oh
|-fail|p2a: Ho-Oh|par
|move|p2a: Ho-Oh|Toxic|p1a: Sandaconda
|-status|p1a: Sandaconda|tox
|
|-damage|p1a: Sandaconda|94/100 tox|[from] psn
|upkeep
|turn|107
|
|t:|1663727356
|move|p1a: Sandaconda|Glare|p2a: Ho-Oh
|-fail|p2a: Ho-Oh|par
|move|p2a: Ho-Oh|Brave Bird|p1a: Sandaconda
|-damage|p1a: Sandaconda|86/100 tox
|-damage|p2a: Ho-Oh|98/100 par|[from] Recoil
|
|-heal|p1a: Sandaconda|92/100 tox|[from] item: Leftovers
|-damage|p1a: Sandaconda|80/100 tox|[from] psn
|upkeep
|turn|108
|
|t:|1663727365
|move|p1a: Sandaconda|Glare|p2a: Ho-Oh
|-fail|p2a: Ho-Oh|par
|move|p2a: Ho-Oh|Brave Bird|p1a: Sandaconda
|-damage|p1a: Sandaconda|72/100 tox
|-damage|p2a: Ho-Oh|96/100 par|[from] Recoil
|
|-activate|p1a: Sandaconda|ability: Shed Skin
|-curestatus|p1a: Sandaconda|tox|[msg]
|-heal|p1a: Sandaconda|78/100|[from] item: Leftovers
|upkeep
|turn|109
|
|t:|1663727375
|move|p1a: Sandaconda|Glare|p2a: Ho-Oh
|-fail|p2a: Ho-Oh|par
|move|p2a: Ho-Oh|Toxic|p1a: Sandaconda
|-status|p1a: Sandaconda|tox
|
|-heal|p1a: Sandaconda|84/100 tox|[from] item: Leftovers
|-damage|p1a: Sandaconda|78/100 tox|[from] psn
|upkeep
|turn|110
|
|t:|1663727386
|move|p1a: Sandaconda|Glare|p2a: Ho-Oh
|-fail|p2a: Ho-Oh|par
|move|p2a: Ho-Oh|Brave Bird|p1a: Sandaconda
|-damage|p1a: Sandaconda|69/100 tox
|-damage|p2a: Ho-Oh|94/100 par|[from] Recoil
|
|-activate|p1a: Sandaconda|ability: Shed Skin
|-curestatus|p1a: Sandaconda|tox|[msg]
|-heal|p1a: Sandaconda|75/100|[from] item: Leftovers
|upkeep
|turn|111
|
|t:|1663727396
|move|p1a: Sandaconda|Glare|p2a: Ho-Oh
|-fail|p2a: Ho-Oh|par
|move|p2a: Ho-Oh|Toxic|p1a: Sandaconda
|-status|p1a: Sandaconda|tox
|
|-heal|p1a: Sandaconda|81/100 tox|[from] item: Leftovers
|-damage|p1a: Sandaconda|75/100 tox|[from] psn
|upkeep
|turn|112
|
|t:|1663727403
|move|p1a: Sandaconda|Glare|p2a: Ho-Oh
|-fail|p2a: Ho-Oh|par
|cant|p2a: Ho-Oh|par
|
|-heal|p1a: Sandaconda|81/100 tox|[from] item: Leftovers
|-damage|p1a: Sandaconda|69/100 tox|[from] psn
|upkeep
|turn|113
|
|t:|1663727411
|move|p1a: Sandaconda|Glare|p2a: Ho-Oh
|-fail|p2a: Ho-Oh|par
|move|p2a: Ho-Oh|Sacred Fire|p1a: Sandaconda
|-damage|p1a: Sandaconda|62/100 tox
|
|-activate|p1a: Sandaconda|ability: Shed Skin
|-curestatus|p1a: Sandaconda|tox|[msg]
|-heal|p1a: Sandaconda|68/100|[from] item: Leftovers
|upkeep
|turn|114
|
|t:|1663727420
|move|p1a: Sandaconda|Glare|p2a: Ho-Oh
|-fail|p2a: Ho-Oh|par
|move|p2a: Ho-Oh|Toxic|p1a: Sandaconda
|-status|p1a: Sandaconda|tox
|
|-heal|p1a: Sandaconda|74/100 tox|[from] item: Leftovers
|-damage|p1a: Sandaconda|68/100 tox|[from] psn
|upkeep
|turn|115
|
|t:|1663727431
|move|p1a: Sandaconda|Glare|p2a: Ho-Oh
|-fail|p2a: Ho-Oh|par
|cant|p2a: Ho-Oh|par
|
|-heal|p1a: Sandaconda|74/100 tox|[from] item: Leftovers
|-damage|p1a: Sandaconda|62/100 tox|[from] psn
|upkeep
|turn|116
|
|t:|1663727439
|move|p1a: Sandaconda|Glare|p2a: Ho-Oh
|-fail|p2a: Ho-Oh|par
|move|p2a: Ho-Oh|Brave Bird|p1a: Sandaconda
|-damage|p1a: Sandaconda|54/100 tox
|-damage|p2a: Ho-Oh|91/100 par|[from] Recoil
|
|-heal|p1a: Sandaconda|60/100 tox|[from] item: Leftovers
|-damage|p1a: Sandaconda|42/100 tox|[from] psn
|upkeep
|turn|117
|
|t:|1663727448
|move|p1a: Sandaconda|Rest|p1a: Sandaconda
|-status|p1a: Sandaconda|slp|[from] move: Rest
|-heal|p1a: Sandaconda|100/100 slp|[silent]
|move|p2a: Ho-Oh|Brave Bird|p1a: Sandaconda
|-damage|p1a: Sandaconda|93/100 slp
|-damage|p2a: Ho-Oh|89/100 par|[from] Recoil
|
|-heal|p1a: Sandaconda|99/100 slp|[from] item: Leftovers
|upkeep
|turn|118
|
|t:|1663727459
|cant|p1a: Sandaconda|slp
|move|p2a: Ho-Oh|Roost|p2a: Ho-Oh
|-heal|p2a: Ho-Oh|100/100 par
|-singleturn|p2a: Ho-Oh|move: Roost
|
|-heal|p1a: Sandaconda|100/100 slp|[from] item: Leftovers
|upkeep
|turn|119
|
|t:|1663727468
|cant|p1a: Sandaconda|slp
|move|p2a: Ho-Oh|Brave Bird|p1a: Sandaconda
|-damage|p1a: Sandaconda|92/100 slp
|-damage|p2a: Ho-Oh|98/100 par|[from] Recoil
|
|-heal|p1a: Sandaconda|98/100 slp|[from] item: Leftovers
|upkeep
|turn|120
|
|t:|1663727477
|-curestatus|p1a: Sandaconda|slp|[msg]
|move|p1a: Sandaconda|Glare|p2a: Ho-Oh
|-fail|p2a: Ho-Oh|par
|move|p2a: Ho-Oh|Toxic|p1a: Sandaconda
|-status|p1a: Sandaconda|tox
|
|-heal|p1a: Sandaconda|100/100 tox|[from] item: Leftovers
|-damage|p1a: Sandaconda|94/100 tox|[from] psn
|upkeep
|turn|121
|inactive|Jklopp has 120 seconds left.
|
|t:|1663727500
|move|p1a: Sandaconda|Glare|p2a: Ho-Oh
|-fail|p2a: Ho-Oh|par
|move|p2a: Ho-Oh|Brave Bird|p1a: Sandaconda
|-damage|p1a: Sandaconda|87/100 tox
|-damage|p2a: Ho-Oh|96/100 par|[from] Recoil
|
|-heal|p1a: Sandaconda|93/100 tox|[from] item: Leftovers
|-damage|p1a: Sandaconda|81/100 tox|[from] psn
|upkeep
|turn|122
|inactive|Jklopp has 120 seconds left.
|
|t:|1663727510
|move|p1a: Sandaconda|Coil|p1a: Sandaconda
|-boost|p1a: Sandaconda|atk|0
|-boost|p1a: Sandaconda|def|0
|-boost|p1a: Sandaconda|accuracy|0
|cant|p2a: Ho-Oh|par
|
|-heal|p1a: Sandaconda|87/100 tox|[from] item: Leftovers
|-damage|p1a: Sandaconda|69/100 tox|[from] psn
|upkeep
|turn|123
|inactive|Jklopp has 120 seconds left.
|
|t:|1663727518
|move|p1a: Sandaconda|Glare|p2a: Ho-Oh
|-fail|p2a: Ho-Oh|par
|move|p2a: Ho-Oh|Brave Bird|p1a: Sandaconda
|-damage|p1a: Sandaconda|61/100 tox
|-damage|p2a: Ho-Oh|94/100 par|[from] Recoil
|
|-heal|p1a: Sandaconda|67/100 tox|[from] item: Leftovers
|-damage|p1a: Sandaconda|42/100 tox|[from] psn
|upkeep
|turn|124
|inactive|Jklopp has 120 seconds left.
|inactive|Chopforce8 has 90 seconds left.
|
|t:|1663727529
|move|p1a: Sandaconda|Rest|p1a: Sandaconda
|-status|p1a: Sandaconda|slp|[from] move: Rest
|-heal|p1a: Sandaconda|100/100 slp|[silent]
|move|p2a: Ho-Oh|Roost|p2a: Ho-Oh
|-heal|p2a: Ho-Oh|100/100 par
|-singleturn|p2a: Ho-Oh|move: Roost
|
|-activate|p1a: Sandaconda|ability: Shed Skin
|-curestatus|p1a: Sandaconda|slp|[msg]
|upkeep
|turn|125
|inactive|Jklopp has 120 seconds left.
|inactive|Chopforce8 has 90 seconds left.
|
|t:|1663727540
|move|p1a: Sandaconda|Coil|p1a: Sandaconda
|-boost|p1a: Sandaconda|atk|0
|-boost|p1a: Sandaconda|def|0
|-boost|p1a: Sandaconda|accuracy|0
|move|p2a: Ho-Oh|Roost||[still]
|-fail|p2a: Ho-Oh|heal
|
|upkeep
|turn|126
|
|t:|1663727550
|move|p1a: Sandaconda|Glare|p2a: Ho-Oh
|-fail|p2a: Ho-Oh|par
|move|p2a: Ho-Oh|Roost||[still]
|-fail|p2a: Ho-Oh|heal
|
|upkeep
|turn|127
|
|t:|1663727555
|move|p1a: Sandaconda|Glare|p2a: Ho-Oh
|-fail|p2a: Ho-Oh|par
|move|p2a: Ho-Oh|Roost||[still]
|-fail|p2a: Ho-Oh|heal
|
|upkeep
|turn|128
|inactive|Jklopp has 120 seconds left.
|
|t:|1663727564
|move|p1a: Sandaconda|Glare|p2a: Ho-Oh
|-fail|p2a: Ho-Oh|par
|cant|p2a: Ho-Oh|par
|
|upkeep
|turn|129
|
|t:|1663727569
|move|p1a: Sandaconda|Glare|p2a: Ho-Oh
|-fail|p2a: Ho-Oh|par
|move|p2a: Ho-Oh|Sacred Fire|p1a: Sandaconda
|-damage|p1a: Sandaconda|94/100
|-status|p1a: Sandaconda|brn
|
|-heal|p1a: Sandaconda|99/100 brn|[from] item: Leftovers
|-damage|p1a: Sandaconda|94/100 brn|[from] brn
|upkeep
|turn|130
|
|t:|1663727579
|move|p1a: Sandaconda|Coil|p1a: Sandaconda
|-boost|p1a: Sandaconda|atk|0
|-boost|p1a: Sandaconda|def|0
|-boost|p1a: Sandaconda|accuracy|0
|move|p2a: Ho-Oh|Brave Bird|p1a: Sandaconda
|-crit|p1a: Sandaconda
|-damage|p1a: Sandaconda|48/100 brn
|-damage|p2a: Ho-Oh|88/100 par|[from] Recoil
|
|-activate|p1a: Sandaconda|ability: Shed Skin
|-curestatus|p1a: Sandaconda|brn|[msg]
|-heal|p1a: Sandaconda|54/100|[from] item: Leftovers
|upkeep
|turn|131
|inactive|Jklopp has 120 seconds left.
|
|t:|1663727591
|move|p1a: Sandaconda|Rest|p1a: Sandaconda
|-status|p1a: Sandaconda|slp|[from] move: Rest
|-heal|p1a: Sandaconda|100/100 slp|[silent]
|move|p2a: Ho-Oh|Toxic||[still]
|-fail|p2a: Ho-Oh
|
|-activate|p1a: Sandaconda|ability: Shed Skin
|-curestatus|p1a: Sandaconda|slp|[msg]
|upkeep
|turn|132
|inactive|Jklopp has 120 seconds left.
|
|t:|1663727601
|move|p1a: Sandaconda|Coil|p1a: Sandaconda
|-boost|p1a: Sandaconda|atk|0
|-boost|p1a: Sandaconda|def|0
|-boost|p1a: Sandaconda|accuracy|0
|move|p2a: Ho-Oh|Toxic|p1a: Sandaconda
|-status|p1a: Sandaconda|tox
|
|-damage|p1a: Sandaconda|94/100 tox|[from] psn
|upkeep
|turn|133
|inactive|Jklopp has 120 seconds left.
|inactive|Chopforce8 has 60 seconds left.
|
|t:|1663727636
|move|p1a: Sandaconda|Glare|p2a: Ho-Oh
|-fail|p2a: Ho-Oh|par
|move|p2a: Ho-Oh|Brave Bird|p1a: Sandaconda
|-damage|p1a: Sandaconda|87/100 tox
|-damage|p2a: Ho-Oh|86/100 par|[from] Recoil
|
|-heal|p1a: Sandaconda|93/100 tox|[from] item: Leftovers
|-damage|p1a: Sandaconda|81/100 tox|[from] psn
|upkeep
|turn|134
|inactive|Jklopp has 120 seconds left.
|
|t:|1663727646
|move|p1a: Sandaconda|Coil|p1a: Sandaconda
|-boost|p1a: Sandaconda|atk|0
|-boost|p1a: Sandaconda|def|0
|-boost|p1a: Sandaconda|accuracy|0
|cant|p2a: Ho-Oh|par
|
|-heal|p1a: Sandaconda|87/100 tox|[from] item: Leftovers
|-damage|p1a: Sandaconda|69/100 tox|[from] psn
|upkeep
|turn|135
|inactive|Jklopp has 120 seconds left.
|
|t:|1663727656
|move|p1a: Sandaconda|Rest|p1a: Sandaconda
|-status|p1a: Sandaconda|slp|[from] move: Rest
|-heal|p1a: Sandaconda|100/100 slp|[silent]
|move|p2a: Ho-Oh|Brave Bird|p1a: Sandaconda
|-damage|p1a: Sandaconda|92/100 slp
|-damage|p2a: Ho-Oh|83/100 par|[from] Recoil
|
|-activate|p1a: Sandaconda|ability: Shed Skin
|-curestatus|p1a: Sandaconda|slp|[msg]
|-heal|p1a: Sandaconda|98/100|[from] item: Leftovers
|upkeep
|turn|136
|
|t:|1663727667
|move|p1a: Sandaconda|Glare|p2a: Ho-Oh
|-fail|p2a: Ho-Oh|par
|move|p2a: Ho-Oh|Brave Bird|p1a: Sandaconda
|-damage|p1a: Sandaconda|89/100
|-damage|p2a: Ho-Oh|81/100 par|[from] Recoil
|
|-heal|p1a: Sandaconda|95/100|[from] item: Leftovers
|upkeep
|turn|137
|inactive|Chopforce8 has 60 seconds left.
|
|t:|1663727677
|move|p1a: Sandaconda|Coil|p1a: Sandaconda
|-boost|p1a: Sandaconda|atk|0
|-boost|p1a: Sandaconda|def|0
|-boost|p1a: Sandaconda|accuracy|0
|move|p2a: Ho-Oh|Toxic|p1a: Sandaconda
|-status|p1a: Sandaconda|tox
|
|-heal|p1a: Sandaconda|100/100 tox|[from] item: Leftovers
|-damage|p1a: Sandaconda|94/100 tox|[from] psn
|upkeep
|turn|138
|inactive|Chopforce8 has 60 seconds left.
|
|t:|1663727710
|move|p1a: Sandaconda|Coil|p1a: Sandaconda
|-boost|p1a: Sandaconda|atk|0
|-boost|p1a: Sandaconda|def|0
|-boost|p1a: Sandaconda|accuracy|0
|move|p2a: Ho-Oh|Brave Bird|p1a: Sandaconda
|-damage|p1a: Sandaconda|86/100 tox
|-damage|p2a: Ho-Oh|79/100 par|[from] Recoil
|
|-activate|p1a: Sandaconda|ability: Shed Skin
|-curestatus|p1a: Sandaconda|tox|[msg]
|-heal|p1a: Sandaconda|92/100|[from] item: Leftovers
|upkeep
|turn|139
|inactive|Chopforce8 has 30 seconds left.
|inactive|Chopforce8 has 20 seconds left.
|inactive|Chopforce8 has 15 seconds left.
|
|t:|1663727736
|move|p1a: Sandaconda|Glare|p2a: Ho-Oh
|-fail|p2a: Ho-Oh|par
|move|p2a: Ho-Oh|Brave Bird|p1a: Sandaconda
|-damage|p1a: Sandaconda|84/100
|-damage|p2a: Ho-Oh|76/100 par|[from] Recoil
|
|-heal|p1a: Sandaconda|90/100|[from] item: Leftovers
|upkeep
|turn|140
|inactive|Chopforce8 has 20 seconds left this turn.
|
|t:|1663727745
|move|p1a: Sandaconda|Glare|p2a: Ho-Oh
|-fail|p2a: Ho-Oh|par
|move|p2a: Ho-Oh|Sacred Fire|p1a: Sandaconda
|-damage|p1a: Sandaconda|82/100
|
|-heal|p1a: Sandaconda|88/100|[from] item: Leftovers
|upkeep
|turn|141
|inactive|Chopforce8 has 25 seconds left this turn.
|
|t:|1663727752
|move|p1a: Sandaconda|Glare|p2a: Ho-Oh
|-fail|p2a: Ho-Oh|par
|move|p2a: Ho-Oh|Sacred Fire|p1a: Sandaconda
|-damage|p1a: Sandaconda|81/100
|-status|p1a: Sandaconda|brn
|
|-heal|p1a: Sandaconda|87/100 brn|[from] item: Leftovers
|-damage|p1a: Sandaconda|81/100 brn|[from] brn
|upkeep
|turn|142
|inactive|Chopforce8 has 30 seconds left this turn.
|
|t:|1663727761
|move|p1a: Sandaconda|Glare|p2a: Ho-Oh
|-fail|p2a: Ho-Oh|par
|cant|p2a: Ho-Oh|par
|
|-heal|p1a: Sandaconda|87/100 brn|[from] item: Leftovers
|-damage|p1a: Sandaconda|81/100 brn|[from] brn
|upkeep
|turn|143
|inactive|Chopforce8 has 30 seconds left.
|
|t:|1663727770
|move|p1a: Sandaconda|Coil|p1a: Sandaconda
|-boost|p1a: Sandaconda|atk|0
|-boost|p1a: Sandaconda|def|0
|-boost|p1a: Sandaconda|accuracy|0
|move|p2a: Ho-Oh|Brave Bird|p1a: Sandaconda
|-damage|p1a: Sandaconda|73/100 brn
|-damage|p2a: Ho-Oh|74/100 par|[from] Recoil
|
|-heal|p1a: Sandaconda|80/100 brn|[from] item: Leftovers
|-damage|p1a: Sandaconda|73/100 brn|[from] brn
|upkeep
|turn|144
|
|t:|1663727787
|move|p1a: Sandaconda|Glare|p2a: Ho-Oh
|-fail|p2a: Ho-Oh|par
|move|p2a: Ho-Oh|Brave Bird|p1a: Sandaconda
|-damage|p1a: Sandaconda|66/100 brn
|-damage|p2a: Ho-Oh|72/100 par|[from] Recoil
|
|-activate|p1a: Sandaconda|ability: Shed Skin
|-curestatus|p1a: Sandaconda|brn|[msg]
|-heal|p1a: Sandaconda|72/100|[from] item: Leftovers
|upkeep
|turn|145
|inactive|Jklopp has 90 seconds left.
|
|t:|1663727798
|move|p1a: Sandaconda|Coil|p1a: Sandaconda
|-boost|p1a: Sandaconda|atk|0
|-boost|p1a: Sandaconda|def|0
|-boost|p1a: Sandaconda|accuracy|0
|move|p2a: Ho-Oh|Sacred Fire|p1a: Sandaconda
|-damage|p1a: Sandaconda|65/100
|-status|p1a: Sandaconda|brn
|
|-heal|p1a: Sandaconda|71/100 brn|[from] item: Leftovers
|-damage|p1a: Sandaconda|65/100 brn|[from] brn
|upkeep
|turn|146
|inactive|Jklopp has 90 seconds left.
|
|t:|1663727808
|move|p1a: Sandaconda|Rest|p1a: Sandaconda
|-status|p1a: Sandaconda|slp|[from] move: Rest
|-heal|p1a: Sandaconda|100/100 slp|[silent]
|move|p2a: Ho-Oh|Brave Bird|p1a: Sandaconda
|-damage|p1a: Sandaconda|92/100 slp
|-damage|p2a: Ho-Oh|70/100 par|[from] Recoil
|
|-activate|p1a: Sandaconda|ability: Shed Skin
|-curestatus|p1a: Sandaconda|slp|[msg]
|-heal|p1a: Sandaconda|98/100|[from] item: Leftovers
|upkeep
|turn|147
|
|t:|1663727819
|move|p1a: Sandaconda|Glare|p2a: Ho-Oh
|-fail|p2a: Ho-Oh|par
|move|p2a: Ho-Oh|Brave Bird|p1a: Sandaconda
|-damage|p1a: Sandaconda|90/100
|-damage|p2a: Ho-Oh|67/100 par|[from] Recoil
|
|-heal|p1a: Sandaconda|96/100|[from] item: Leftovers
|upkeep
|turn|148
|c|☆Jklopp|sandaconda is forever
|
|t:|1663727829
|move|p1a: Sandaconda|Coil|p1a: Sandaconda
|-boost|p1a: Sandaconda|atk|0
|-boost|p1a: Sandaconda|def|0
|-boost|p1a: Sandaconda|accuracy|0
|move|p2a: Ho-Oh|Sacred Fire|p1a: Sandaconda
|-damage|p1a: Sandaconda|89/100
|
|-heal|p1a: Sandaconda|95/100|[from] item: Leftovers
|upkeep
|turn|149
|
|t:|1663727837
|move|p1a: Sandaconda|Rest|p1a: Sandaconda
|-status|p1a: Sandaconda|slp|[from] move: Rest
|-heal|p1a: Sandaconda|100/100 slp|[silent]
|move|p2a: Ho-Oh|Sacred Fire|p1a: Sandaconda
|-damage|p1a: Sandaconda|94/100 slp
|
|-heal|p1a: Sandaconda|99/100 slp|[from] item: Leftovers
|upkeep
|turn|150
|c|☆Chopforce8|well until his moves run out
|inactive|Chopforce8 has 60 seconds left.
|
|t:|1663727847
|cant|p1a: Sandaconda|slp
|-activate|p2a: Ho-Oh|move: Struggle
|move|p2a: Ho-Oh|Struggle|p1a: Sandaconda
|-damage|p1a: Sandaconda|97/100 slp
|-damage|p2a: Ho-Oh|42/100 par|[from] recoil
|
|-activate|p1a: Sandaconda|ability: Shed Skin
|-curestatus|p1a: Sandaconda|slp|[msg]
|-heal|p1a: Sandaconda|100/100|[from] item: Leftovers
|upkeep
|turn|151
|c|☆Chopforce8|gf
|inactive|Chopforce8 has 60 seconds left.
|
|t:|1663727856
|move|p1a: Sandaconda|Glare|p2a: Ho-Oh
|-fail|p2a: Ho-Oh|par
|-activate|p2a: Ho-Oh|move: Struggle
|move|p2a: Ho-Oh|Struggle|p1a: Sandaconda
|-damage|p1a: Sandaconda|98/100
|-damage|p2a: Ho-Oh|17/100 par|[from] recoil
|
|-heal|p1a: Sandaconda|100/100|[from] item: Leftovers
|upkeep
|turn|152
|inactive|Chopforce8 has 60 seconds left.
|
|t:|1663727864
|move|p1a: Sandaconda|Glare|p2a: Ho-Oh
|-fail|p2a: Ho-Oh|par
|-activate|p2a: Ho-Oh|move: Struggle
|move|p2a: Ho-Oh|Struggle|p1a: Sandaconda
|-damage|p1a: Sandaconda|98/100
|-damage|p2a: Ho-Oh|0 fnt|[from] recoil
|faint|p2a: Ho-Oh
|
|win|Jklopp
|raw|Jklopp's rating: 1516 &rarr; <strong>1542</strong><br />(+26 for winning)
|raw|Chopforce8's rating: 1620 &rarr; <strong>1594</strong><br />(-26 for losing)
|l|☆Chopforce8
||Ladder isn't responding, score probably updated but might not have (Request timeout).
