|j|☆cllout
|j|☆gonzoliffs
|t:|1668037165
|gametype|singles
|player|p1|cllout|misty-lgpe|1607
|player|p2|gonzoliffs|102|1535
|teamsize|p1|6
|teamsize|p2|6
|gen|8
|tier|[Gen 8] National Dex AG
|rated|
|rule|HP Percentage Mod: HP is shown in percentages
|rule|Endless Battle Clause: Forcing endless battles is banned
|clearpoke
|poke|p1|Rayquaza|
|poke|p1|Groudon|
|poke|p1|Necrozma-Dusk-Mane|
|poke|p1|Calyrex-Shadow|
|poke|p1|Yveltal|
|poke|p1|Marshadow|
|poke|p2|Groudon|
|poke|p2|Rayquaza|
|poke|p2|Regieleki|
|poke|p2|Ditto|
|poke|p2|Vivillon, F|
|poke|p2|Krookodile, M|
|teampreview
|inactive|Battle timer is ON: inactive players will automatically lose when time's up. (requested by cllout)
|inactive|cllout has 120 seconds left.
|
|t:|1668037199
|start
|switch|p1a: Calyrex|Calyrex-Shadow|100/100
|switch|p2a: Groudon|Groudon|100/100
|-ability|p1a: Calyrex|As One
|-ability|p1a: Calyrex|Unnerve
|detailschange|p2a: Groudon|Groudon-Primal
|-primal|p2a: Groudon
|-weather|DesolateLand|[from] ability: Desolate Land|[of] p2a: Groudon
|turn|1
|
|t:|1668037210
|move|p1a: Calyrex|Nasty Plot|p1a: Calyrex
|-boost|p1a: Calyrex|spa|2
|move|p2a: Groudon|Rock Tomb|p1a: Calyrex
|-damage|p1a: Calyrex|66/100
|-unboost|p1a: Calyrex|spe|1
|
|-weather|DesolateLand|[upkeep]
|upkeep
|turn|2
|
|t:|1668037221
|-weather|none
|switch|p2a: Inmate 69|Krookodile, M|100/100
|move|p1a: Calyrex|Astral Barrage|p2a: Inmate 69
|-resisted|p2a: Inmate 69
|-damage|p2a: Inmate 69|1/100
|
|upkeep
|turn|3
|
|t:|1668037239
|switch|p1a: Necrozma|Necrozma-Dusk-Mane|100/100
|move|p2a: Inmate 69|Knock Off|p1a: Necrozma
|-supereffective|p1a: Necrozma
|-damage|p1a: Necrozma|49/100
|-enditem|p1a: Necrozma|Weakness Policy
|-boost|p1a: Necrozma|atk|2|[from] item: Weakness Policy
|-boost|p1a: Necrozma|spa|2|[from] item: Weakness Policy
|
|upkeep
|turn|4
|
|t:|1668037257
|-start|p1a: Necrozma|Dynamax|
|-heal|p1a: Necrozma|49/100|[silent]
|move|p2a: Inmate 69|Knock Off|p1a: Necrozma
|-supereffective|p1a: Necrozma
|-damage|p1a: Necrozma|33/100
|move|p1a: Necrozma|Max Steelspike|p2a: Inmate 69
|-damage|p2a: Inmate 69|0 fnt
|-boost|p1a: Necrozma|def|1
|faint|p2a: Inmate 69
|
|upkeep
|inactive|gonzoliffs has 120 seconds left.
|
|t:|1668037288
|switch|p2a: Ditto|Ditto|100/100
|-transform|p2a: Ditto|p1a: Necrozma|[from] ability: Imposter
|turn|5
|inactive|gonzoliffs has 120 seconds left.
|
|t:|1668037298
|-end|p1a: Necrozma|Dynamax
|-heal|p1a: Necrozma|33/100|[silent]
|switch|p1a: Yveltal|Yveltal, shiny|100/100
|-ability|p1a: Yveltal|Dark Aura
|-start|p2a: Ditto|Dynamax|
|-heal|p2a: Ditto|100/100|[silent]
|move|p2a: Ditto|Max Quake|p1a: Yveltal
|-immune|p1a: Yveltal
|
|upkeep
|turn|6
|
|t:|1668037306
|move|p1a: Yveltal|Knock Off|p2a: Ditto
|-supereffective|p2a: Ditto
|-damage|p2a: Ditto|80/100
|-enditem|p2a: Ditto|Choice Scarf|[from] move: Knock Off|[of] p1a: Yveltal
|move|p2a: Ditto|Max Rockfall|p1a: Yveltal
|-supereffective|p1a: Yveltal
|-damage|p1a: Yveltal|0 fnt
|-weather|Sandstorm
|faint|p1a: Yveltal
|
|-weather|Sandstorm|[upkeep]
|upkeep
|
|t:|1668037323
|switch|p1a: Marshadow|Marshadow|100/100
|turn|7
|
|t:|1668037335
|move|p1a: Marshadow|Spectral Thief||[still]
|-clearpositiveboost|p2a: Ditto|p1a: Marshadow|move: Spectral Thief
|-boost|p1a: Marshadow|atk|2
|-boost|p1a: Marshadow|def|1
|-boost|p1a: Marshadow|spa|2
|-anim|p1a: Marshadow|Spectral Thief|p2a: Ditto
|-supereffective|p2a: Ditto
|-damage|p2a: Ditto|28/100
|move|p2a: Ditto|Max Quake|p1a: Marshadow
|-damage|p1a: Marshadow|50/100
|-boost|p2a: Ditto|spd|1
|
|-weather|Sandstorm|[upkeep]
|-damage|p1a: Marshadow|43/100|[from] Sandstorm
|upkeep
|-end|p2a: Ditto|Dynamax
|-heal|p2a: Ditto|28/100|[silent]
|turn|8
|inactive|gonzoliffs has 120 seconds left.
|
|t:|1668037369
|switch|p2a: Groudon|Groudon-Primal|100/100
|-weather|DesolateLand|[from] ability: Desolate Land|[of] p2a: Groudon
|move|p1a: Marshadow|Spectral Thief|p2a: Groudon
|-damage|p2a: Groudon|36/100
|
|-weather|DesolateLand|[upkeep]
|upkeep
|turn|9
|inactive|gonzoliffs has 120 seconds left.
|
|t:|1668037385
|move|p1a: Marshadow|Drain Punch|p2a: Groudon
|-damage|p2a: Groudon|0 fnt
|-heal|p1a: Marshadow|62/100|[from] drain|[of] p2a: Groudon
|faint|p2a: Groudon
|-weather|none
|
|upkeep
|inactive|gonzoliffs has 120 seconds left.
|
|t:|1668037390
|switch|p2a: Ditto|Ditto|28/100
|-transform|p2a: Ditto|p1a: Marshadow|[from] ability: Imposter
|turn|10
|
|t:|1668037402
|move|p2a: Ditto|Shadow Sneak|p1a: Marshadow
|-supereffective|p1a: Marshadow
|-damage|p1a: Marshadow|0 fnt
|faint|p1a: Marshadow
|
|upkeep
|inactive|cllout has 120 seconds left.
|
|t:|1668037423
|switch|p1a: Groudon|Groudon|100/100
|detailschange|p1a: Groudon|Groudon-Primal
|-primal|p1a: Groudon
|-weather|DesolateLand|[from] ability: Desolate Land|[of] p1a: Groudon
|turn|11
|
|t:|1668037437
|switch|p2a: Vivillon|Vivillon, F|100/100
|move|p1a: Groudon|Precipice Blades|p2a: Vivillon
|-immune|p2a: Vivillon
|
|-weather|DesolateLand|[upkeep]
|upkeep
|turn|12
|inactive|cllout has 120 seconds left.
|
|t:|1668037457
|move|p2a: Vivillon|Sleep Powder|p1a: Groudon
|-status|p1a: Groudon|slp|[from] move: Sleep Powder
|cant|p1a: Groudon|slp
|
|-weather|DesolateLand|[upkeep]
|upkeep
|turn|13
|
|t:|1668037471
|move|p2a: Vivillon|Quiver Dance|p2a: Vivillon
|-boost|p2a: Vivillon|spa|1
|-boost|p2a: Vivillon|spd|1
|-boost|p2a: Vivillon|spe|1
|-curestatus|p1a: Groudon|slp|[msg]
|move|p1a: Groudon|Stone Edge|p2a: Vivillon
|-supereffective|p2a: Vivillon
|-damage|p2a: Vivillon|0 fnt
|faint|p2a: Vivillon
|
|-weather|DesolateLand|[upkeep]
|upkeep
|
|t:|1668037482
|switch|p2a: Rayquaza|Rayquaza, shiny|100/100
|-ability|p2a: Rayquaza|Air Lock
|turn|14
|
|t:|1668037489
|detailschange|p2a: Rayquaza|Rayquaza-Mega, shiny
|-mega|p2a: Rayquaza|Rayquaza|
|-weather|DeltaStream|[from] ability: Delta Stream|[of] p2a: Rayquaza
|move|p2a: Rayquaza|Dragon Dance|p2a: Rayquaza
|-boost|p2a: Rayquaza|atk|1
|-boost|p2a: Rayquaza|spe|1
|move|p1a: Groudon|Thunder Wave|p2a: Rayquaza
|-status|p2a: Rayquaza|par
|
|-weather|DeltaStream|[upkeep]
|upkeep
|turn|15
|
|t:|1668037500
|move|p2a: Rayquaza|Earthquake|p1a: Groudon
|-supereffective|p1a: Groudon
|-damage|p1a: Groudon|32/100
|move|p1a: Groudon|Stealth Rock|p2a: Rayquaza
|-sidestart|p2: gonzoliffs|move: Stealth Rock
|
|-weather|DeltaStream|[upkeep]
|upkeep
|turn|16
|
|t:|1668037512
|move|p2a: Rayquaza|Earthquake|p1a: Groudon
|-supereffective|p1a: Groudon
|-damage|p1a: Groudon|0 fnt
|faint|p1a: Groudon
|
|-weather|DeltaStream|[upkeep]
|upkeep
|inactive|cllout has 120 seconds left.
|
|t:|1668037567
|switch|p1a: Necrozma|Necrozma-Dusk-Mane|33/100
|turn|17
|
|t:|1668037578
|cant|p2a: Rayquaza|par
|move|p1a: Necrozma|Stone Edge|p2a: Rayquaza
|-activate||deltastream
|-crit|p2a: Rayquaza
|-damage|p2a: Rayquaza|37/100 par
|
|-weather|DeltaStream|[upkeep]
|upkeep
|turn|18
|
|t:|1668037585
|move|p2a: Rayquaza|Earthquake|p1a: Necrozma
|-supereffective|p1a: Necrozma
|-damage|p1a: Necrozma|0 fnt
|faint|p1a: Necrozma
|
|-weather|DeltaStream|[upkeep]
|upkeep
|
|t:|1668037596
|switch|p1a: Rayquaza|Rayquaza|100/100
|-ability|p1a: Rayquaza|Air Lock
|turn|19
|
|t:|1668037605
|detailschange|p1a: Rayquaza|Rayquaza-Mega
|-mega|p1a: Rayquaza|Rayquaza|
|move|p2a: Rayquaza|Extreme Speed|p1a: Rayquaza
|-damage|p1a: Rayquaza|44/100
|move|p1a: Rayquaza|Dragon Ascent|p2a: Rayquaza
|-damage|p2a: Rayquaza|0 fnt
|-unboost|p1a: Rayquaza|def|1
|-unboost|p1a: Rayquaza|spd|1
|faint|p2a: Rayquaza
|
|-weather|DeltaStream|[upkeep]
|upkeep
|
|t:|1668037629
|switch|p2a: Ditto|Ditto|28/100
|-damage|p2a: Ditto|15/100|[from] Stealth Rock
|-transform|p2a: Ditto|p1a: Rayquaza|[from] ability: Imposter
|turn|20
|inactive|cllout has 120 seconds left.
|
|t:|1668037657
|switch|p1a: Calyrex|Calyrex-Shadow|66/100
|-ability|p1a: Calyrex|As One
|-ability|p1a: Calyrex|Unnerve
|move|p2a: Ditto|Extreme Speed|p1a: Calyrex
|-immune|p1a: Calyrex
|
|-weather|DeltaStream|[upkeep]
|upkeep
|turn|21
|
|t:|1668037666
|move|p1a: Calyrex|Astral Barrage|p2a: Ditto
|-damage|p2a: Ditto|0 fnt
|faint|p2a: Ditto
|-weather|none
|-ability|p1a: Calyrex|Grim Neigh|boost
|-boost|p1a: Calyrex|spa|1
|
|upkeep
|
|t:|1668037668
|switch|p2a: C4|Regieleki|100/100
|-damage|p2a: C4|88/100|[from] Stealth Rock
|turn|22
|
|t:|1668037680
|move|p2a: C4|Wild Charge|p1a: Calyrex
|-damage|p1a: Calyrex|0 fnt
|faint|p1a: Calyrex
|-damage|p2a: C4|70/100|[from] Recoil
|-damage|p2a: C4|60/100|[from] item: Life Orb
|
|upkeep
|
|t:|1668037685
|switch|p1a: Rayquaza|Rayquaza-Mega|44/100
|-weather|DeltaStream|[from] ability: Delta Stream|[of] p1a: Rayquaza
|turn|23
|inactive|cllout has 120 seconds left.
|
|t:|1668037692
|move|p1a: Rayquaza|Extreme Speed|p2a: C4
|-damage|p2a: C4|0 fnt
|faint|p2a: C4
|
|win|cllout
|raw|cllout's rating: 1607 &rarr; <strong>1623</strong><br />(+16 for winning)
|raw|gonzoliffs's rating: 1535 &rarr; <strong>1519</strong><br />(-16 for losing)
|l|☆gonzoliffs
|c|☆cllout|gg
