|j|☆kasak
|j|☆Yandre
|t:|1611926265
|player|p1|kasak|youngster-gen4|1840
|player|p2|Yandre|valerie|1590
|teamsize|p1|6
|teamsize|p2|6
|gametype|singles
|gen|8
|tier|[Gen 8] National Dex AG
|rated|
|clearpoke
|poke|p1|Arceus-*|
|poke|p1|Ditto|
|poke|p1|Sableye, M|
|poke|p1|Chansey, F|
|poke|p1|Lugia|
|poke|p1|Groudon|
|poke|p2|Yveltal|
|poke|p2|Calyrex-Shadow|
|poke|p2|Arceus-*|
|poke|p2|Ho-Oh|
|poke|p2|Rayquaza|
|poke|p2|Necrozma-Dusk-Mane|
|rule|HP Percentage Mod: HP is shown in percentages
|rule|Endless Battle Clause: Forcing endless battles is banned
|teampreview
|c|☆Yandre|gl
|
|t:|1611926287
|start
|switch|p1a: 그란돈|Groudon|100/100
|switch|p2a: Rayquaza|Rayquaza|100/100
|-ability|p2a: Rayquaza|Air Lock
|detailschange|p1a: 그란돈|Groudon-Primal
|-primal|p1a: 그란돈
|-weather|DesolateLand|[from] ability: Desolate Land|[of] p1a: 그란돈
|turn|1
|
|t:|1611926296
|-weather|none
|switch|p1a: 루기아|Lugia|100/100
|detailschange|p2a: Rayquaza|Rayquaza-Mega
|-mega|p2a: Rayquaza|Rayquaza|
|-weather|DeltaStream|[from] ability: Delta Stream|[of] p2a: Rayquaza
|move|p2a: Rayquaza|Earthquake|p1a: 루기아
|-immune|p1a: 루기아
|
|-weather|DeltaStream|[upkeep]
|upkeep
|turn|2
|
|t:|1611926310
|-weather|none
|switch|p2a: Necrozma|Necrozma-Dusk-Mane|100/100
|switch|p1a: 아르세우스|Arceus-Fairy|100/100
|
|upkeep
|turn|3
|
|t:|1611926319
|move|p1a: 아르세우스|Will-O-Wisp|p2a: Necrozma
|-status|p2a: Necrozma|brn
|move|p2a: Necrozma|Sunsteel Strike|p1a: 아르세우스
|-supereffective|p1a: 아르세우스
|-damage|p1a: 아르세우스|68/100
|
|-damage|p2a: Necrozma|95/100 brn|[from] brn
|upkeep
|turn|4
|
|t:|1611926332
|switch|p1a: 메타몽|Ditto|100/100
|-transform|p1a: 메타몽|p2a: Necrozma|[from] ability: Imposter
|move|p2a: Necrozma|Thunder Wave|p1a: 메타몽
|-status|p1a: 메타몽|par
|
|-damage|p2a: Necrozma|89/100 brn|[from] brn
|upkeep
|turn|5
|
|t:|1611926341
|switch|p1a: 그란돈|Groudon-Primal|100/100
|-weather|DesolateLand|[from] ability: Desolate Land|[of] p1a: 그란돈
|move|p2a: Necrozma|Knock Off|p1a: 그란돈
|-damage|p1a: 그란돈|95/100
|
|-weather|DesolateLand|[upkeep]
|-damage|p2a: Necrozma|83/100 brn|[from] brn
|upkeep
|turn|6
|
|t:|1611926346
|switch|p2a: Arceus|Arceus-Ground|100/100
|move|p1a: 그란돈|Rock Tomb|p2a: Arceus|[miss]
|-miss|p1a: 그란돈|p2a: Arceus
|
|-weather|DesolateLand|[upkeep]
|upkeep
|turn|7
|
|t:|1611926354
|-weather|none
|switch|p1a: 럭키|Chansey, F|100/100
|move|p2a: Arceus|Ancient Power|p1a: 럭키
|-damage|p1a: 럭키|94/100
|
|upkeep
|turn|8
|
|t:|1611926360
|switch|p2a: Calyrex|Calyrex-Shadow|100/100
|-ability|p2a: Calyrex|As One
|-ability|p2a: Calyrex|Unnerve|p1: kasak
|move|p1a: 럭키|Toxic|p2a: Calyrex
|-status|p2a: Calyrex|tox
|
|-damage|p2a: Calyrex|94/100 tox|[from] psn
|upkeep
|turn|9
|
|t:|1611926367
|move|p2a: Calyrex|Nasty Plot|p2a: Calyrex
|-boost|p2a: Calyrex|spa|2
|move|p1a: 럭키|Wish|p1a: 럭키
|
|-damage|p2a: Calyrex|82/100 tox|[from] psn
|upkeep
|turn|10
|
|t:|1611926375
|switch|p1a: 루기아|Lugia|100/100
|move|p2a: Calyrex|Nasty Plot|p2a: Calyrex
|-boost|p2a: Calyrex|spa|2
|
|-damage|p2a: Calyrex|64/100 tox|[from] psn
|upkeep
|turn|11
|
|t:|1611926389
|switch|p1a: 럭키|Chansey, F|94/100
|move|p2a: Calyrex|Astral Barrage|p1a: 럭키
|-immune|p1a: 럭키
|
|-damage|p2a: Calyrex|39/100 tox|[from] psn
|upkeep
|turn|12
|j| natdex garbodr 2
|
|t:|1611926400
|move|p1a: 럭키|Protect|p1a: 럭키
|-singleturn|p1a: 럭키|Protect
|move|p2a: Calyrex|Nasty Plot|p2a: Calyrex
|-boost|p2a: Calyrex|spa|2
|
|-damage|p2a: Calyrex|8/100 tox|[from] psn
|upkeep
|turn|13
|
|t:|1611926406
|switch|p1a: 깜까미|Sableye, M|100/100
|move|p2a: Calyrex|Baton Pass|p2a: Calyrex
|
|t:|1611926412
|switch|p2a: Yveltal|Yveltal|100/100|[from]move: Baton Pass
|-ability|p2a: Yveltal|Dark Aura
|
|upkeep
|turn|14
|c|☆Yandre|Pleasure to be here
|c|☆Yandre|Pleasured*.
|
|t:|1611926458
|switch|p1a: 럭키|Chansey, F|94/100
|-start|p2a: Yveltal|Dynamax
|-heal|p2a: Yveltal|100/100|[silent]
|move|p2a: Yveltal|Max Airstream|p1a: 럭키
|-damage|p1a: 럭키|0 fnt
|-boost|p2a: Yveltal|spe|1
|-damage|p2a: Yveltal|96/100|[from] item: Life Orb
|faint|p1a: 럭키
|
|upkeep
|
|t:|1611926488
|switch|p1a: 깜까미|Sableye, M|100/100
|turn|15
|
|t:|1611926507
|detailschange|p1a: 깜까미|Sableye-Mega, M
|-mega|p1a: 깜까미|Sableye|Sablenite
|move|p2a: Yveltal|Max Airstream|p1a: 깜까미
|-damage|p1a: 깜까미|0 fnt
|-boost|p2a: Yveltal|spe|1
|-damage|p2a: Yveltal|91/100|[from] item: Life Orb
|faint|p1a: 깜까미
|
|upkeep
|
|t:|1611926514
|switch|p1a: 아르세우스|Arceus-Fairy|68/100
|turn|16
|
|t:|1611926518
|move|p2a: Yveltal|Max Airstream|p1a: 아르세우스
|-damage|p1a: 아르세우스|0 fnt
|-boost|p2a: Yveltal|spe|1
|-damage|p2a: Yveltal|86/100|[from] item: Life Orb
|faint|p1a: 아르세우스
|
|-end|p2a: Yveltal|Dynamax
|-heal|p2a: Yveltal|86/100|[silent]
|upkeep
|
|t:|1611926521
|switch|p1a: 메타몽|Ditto|100/100 par
|-transform|p1a: 메타몽|p2a: Yveltal|[from] ability: Imposter
|-ability|p1a: 메타몽|Dark Aura
|turn|17
|
|t:|1611926530
|-start|p1a: 메타몽|Dynamax
|-heal|p1a: 메타몽|100/100 par|[silent]
|move|p2a: Yveltal|Oblivion Wing|p1a: 메타몽
|-damage|p1a: 메타몽|0 fnt
|-heal|p2a: Yveltal|100/100|[from] drain|[of] p1a: 메타몽
|-damage|p2a: Yveltal|91/100|[from] item: Life Orb
|faint|p1a: 메타몽
|
|upkeep
|-message|kasak forfeited.
|
|win|Yandre
|l|☆kasak
|c|☆Yandre|Sweet
|c|☆Yandre|Sweet
|c|☆Yandre|Revenge
|c|☆Yandre|:)
