|j|☆Glass101
|j|☆Dominator296
|t:|1653664498
|gametype|singles
|player|p1|Glass101|rocketgrunt|1780
|player|p2|Dominator296|alder|2078
|teamsize|p1|6
|teamsize|p2|6
|gen|8
|tier|[Gen 8] National Dex AG
|rated|
|rule|HP Percentage Mod: HP is shown in percentages
|rule|Endless Battle Clause: Forcing endless battles is banned
|clearpoke
|poke|p1|Zacian-*|
|poke|p1|Groudon|
|poke|p1|Yveltal|
|poke|p1|Shedinja|
|poke|p1|Smeargle, M|
|poke|p1|Arceus-*|
|poke|p2|Kyogre|
|poke|p2|Groudon|
|poke|p2|Tyranitar, F|
|poke|p2|Necrozma-Dusk-Mane|
|poke|p2|Arceus-*|
|poke|p2|Arceus-*|
|teampreview
|
|t:|1653664502
|start
|switch|p1a: Sleep sucks|Smeargle, M|100/100
|switch|p2a: Arceus|Arceus, shiny|100/100
|turn|1
|
|t:|1653664509
|move|p2a: Arceus|Extreme Speed|p1a: Sleep sucks
|-enditem|p1a: Sleep sucks|Focus Sash
|-damage|p1a: Sleep sucks|1/100
|move|p1a: Sleep sucks|Spore|p2a: Arceus
|-status|p2a: Arceus|slp|[from] move: Spore
|
|-ability|p1a: Sleep sucks|Moody|boost
|-boost|p1a: Sleep sucks|spe|2
|-unboost|p1a: Sleep sucks|spa|1
|upkeep
|turn|2
|
|t:|1653664520
|cant|p2a: Arceus|slp
|move|p1a: Sleep sucks|Sticky Web|p2a: Arceus
|-sidestart|p2: Dominator296|move: Sticky Web
|
|-ability|p1a: Sleep sucks|Moody|boost
|-boost|p1a: Sleep sucks|spe|2
|-unboost|p1a: Sleep sucks|spa|1
|upkeep
|turn|3
|
|t:|1653664529
|switch|p1a: The Removanator|Zacian-Crowned|100/100
|-ability|p1a: The Removanator|Intrepid Sword|boost
|-boost|p1a: The Removanator|atk|1
|cant|p2a: Arceus|slp
|
|upkeep
|turn|4
|
|t:|1653664538
|switch|p1a: Yveltal|Yveltal|100/100
|-ability|p1a: Yveltal|Dark Aura
|switch|p2a: Groudon|Groudon|100/100
|-activate|p2a: Groudon|move: Sticky Web
|-unboost|p2a: Groudon|spe|1
|detailschange|p2a: Groudon|Groudon-Primal
|-primal|p2a: Groudon
|-weather|DesolateLand|[from] ability: Desolate Land|[of] p2a: Groudon
|
|-weather|DesolateLand|[upkeep]
|upkeep
|turn|5
|
|t:|1653664549
|switch|p1a: Groudon|Groudon|100/100
|detailschange|p1a: Groudon|Groudon-Primal
|-primal|p1a: Groudon
|move|p2a: Groudon|Fire Punch|p1a: Groudon
|-resisted|p1a: Groudon
|-damage|p1a: Groudon|78/100
|
|-weather|DesolateLand|[upkeep]
|upkeep
|turn|6
|
|t:|1653664558
|switch|p2a: Arceus|Arceus-Flying|100/100
|move|p1a: Groudon|Earthquake|p2a: Arceus
|-immune|p2a: Arceus
|
|-weather|DesolateLand|[upkeep]
|upkeep
|turn|7
|
|t:|1653664564
|move|p2a: Arceus|Calm Mind|p2a: Arceus
|-boost|p2a: Arceus|spa|1
|-boost|p2a: Arceus|spd|1
|move|p1a: Groudon|Thunder Wave|p2a: Arceus
|-status|p2a: Arceus|par
|
|-weather|DesolateLand|[upkeep]
|upkeep
|turn|8
|
|t:|1653664571
|move|p1a: Groudon|Rock Tomb|p2a: Arceus
|-supereffective|p2a: Arceus
|-damage|p2a: Arceus|69/100 par
|-unboost|p2a: Arceus|spe|1
|move|p2a: Arceus|Refresh|p2a: Arceus
|-curestatus|p2a: Arceus|par|[msg]
|
|-weather|DesolateLand|[upkeep]
|upkeep
|turn|9
|
|t:|1653664579
|move|p1a: Groudon|Earthquake|p2a: Arceus
|-immune|p2a: Arceus
|move|p2a: Arceus|Judgment|p1a: Groudon
|-damage|p1a: Groudon|11/100
|
|-weather|DesolateLand|[upkeep]
|upkeep
|turn|10
|c|☆Glass101|Crap missclicked
|
|t:|1653664589
|move|p1a: Groudon|Heat Crash|p2a: Arceus
|-damage|p2a: Arceus|26/100
|move|p2a: Arceus|Judgment|p1a: Groudon
|-damage|p1a: Groudon|0 fnt
|faint|p1a: Groudon
|-weather|none
|
|upkeep
|
|t:|1653664599
|switch|p1a: Sleep sucks|Smeargle, M|1/100
|turn|11
|
|t:|1653664609
|switch|p2a: Tyranitar|Tyranitar, F|100/100
|-activate|p2a: Tyranitar|move: Sticky Web
|-unboost|p2a: Tyranitar|spe|1
|-weather|Sandstorm|[from] ability: Sand Stream|[of] p2a: Tyranitar
|move|p1a: Sleep sucks|Baton Pass|p1a: Sleep sucks
|
|t:|1653664616
|switch|p1a: The Removanator|Zacian-Crowned|100/100|[from]move: Baton Pass
|-ability|p1a: The Removanator|Intrepid Sword|boost
|-boost|p1a: The Removanator|atk|1
|
|-weather|Sandstorm|[upkeep]
|upkeep
|turn|12
|
|t:|1653664630
|switch|p2a: Groudon|Groudon-Primal|100/100
|-activate|p2a: Groudon|move: Sticky Web
|-unboost|p2a: Groudon|spe|1
|-weather|DesolateLand|[from] ability: Desolate Land|[of] p2a: Groudon
|move|p1a: The Removanator|Behemoth Blade|p2a: Groudon
|-resisted|p2a: Groudon
|-damage|p2a: Groudon|74/100
|
|-weather|DesolateLand|[upkeep]
|upkeep
|turn|13
|
|t:|1653664640
|switch|p1a: Sleep sucks|Smeargle, M|1/100
|move|p2a: Groudon|Fire Punch|p1a: Sleep sucks
|-damage|p1a: Sleep sucks|0 fnt
|faint|p1a: Sleep sucks
|
|-weather|DesolateLand|[upkeep]
|upkeep
|
|t:|1653664648
|switch|p1a: Little Wacky|Arceus|100/100
|turn|14
|
|t:|1653664653
|move|p1a: Little Wacky|Swords Dance|p1a: Little Wacky
|-boost|p1a: Little Wacky|atk|2
|move|p2a: Groudon|Fire Punch|p1a: Little Wacky
|-damage|p1a: Little Wacky|49/100
|
|-weather|DesolateLand|[upkeep]
|-heal|p1a: Little Wacky|55/100|[from] item: Leftovers
|upkeep
|turn|15
|
|t:|1653664662
|-start|p1a: Little Wacky|Dynamax|
|-heal|p1a: Little Wacky|55/100|[silent]
|move|p1a: Little Wacky|Max Strike|p2a: Groudon
|-damage|p2a: Groudon|6/100
|-unboost|p2a: Groudon|spe|1
|move|p2a: Groudon|Fire Punch|p1a: Little Wacky
|-damage|p1a: Little Wacky|27/100
|
|-weather|DesolateLand|[upkeep]
|-heal|p1a: Little Wacky|30/100|[from] item: Leftovers
|upkeep
|turn|16
|
|t:|1653664673
|move|p1a: Little Wacky|Max Strike|p2a: Groudon
|-crit|p2a: Groudon
|-damage|p2a: Groudon|0 fnt
|faint|p2a: Groudon
|-weather|none
|
|-heal|p1a: Little Wacky|33/100|[from] item: Leftovers
|upkeep
|
|t:|1653664677
|switch|p2a: Tyranitar|Tyranitar, F|100/100
|-activate|p2a: Tyranitar|move: Sticky Web
|-unboost|p2a: Tyranitar|spe|1
|-weather|Sandstorm|[from] ability: Sand Stream|[of] p2a: Tyranitar
|turn|17
|
|t:|1653664685
|detailschange|p2a: Tyranitar|Tyranitar-Mega, F
|-mega|p2a: Tyranitar|Tyranitar|Tyranitarite
|move|p1a: Little Wacky|Max Phantasm|p2a: Tyranitar
|-resisted|p2a: Tyranitar
|-damage|p2a: Tyranitar|80/100
|-unboost|p2a: Tyranitar|def|1
|move|p2a: Tyranitar|Crunch|p1a: Little Wacky
|-damage|p1a: Little Wacky|16/100
|-unboost|p1a: Little Wacky|def|1
|
|-weather|Sandstorm|[upkeep]
|-damage|p1a: Little Wacky|13/100|[from] Sandstorm
|-heal|p1a: Little Wacky|16/100|[from] item: Leftovers
|upkeep
|-end|p1a: Little Wacky|Dynamax
|-heal|p1a: Little Wacky|16/100|[silent]
|turn|18
|
|t:|1653664702
|switch|p1a: The Removanator|Zacian-Crowned|100/100
|-ability|p1a: The Removanator|Intrepid Sword|boost
|-boost|p1a: The Removanator|atk|1
|move|p2a: Tyranitar|Crunch|p1a: The Removanator
|-resisted|p1a: The Removanator
|-damage|p1a: The Removanator|77/100
|
|-weather|Sandstorm|[upkeep]
|upkeep
|turn|19
|
|t:|1653664721
|move|p1a: The Removanator|Behemoth Blade|p2a: Tyranitar
|-supereffective|p2a: Tyranitar
|-damage|p2a: Tyranitar|0 fnt
|faint|p2a: Tyranitar
|
|-weather|Sandstorm|[upkeep]
|upkeep
|inactive|Battle timer is ON: inactive players will automatically lose when time's up. (requested by Glass101)
|
|t:|1653664731
|switch|p2a: Kyogre|Kyogre|100/100
|-activate|p2a: Kyogre|move: Sticky Web
|-unboost|p2a: Kyogre|spe|1
|-weather|RainDance|[from] ability: Drizzle|[of] p2a: Kyogre
|turn|20
|
|t:|1653664743
|switch|p1a: Shedinja|Shedinja|100/100
|move|p2a: Kyogre|Surf|p1a: Shedinja
|-immune|p1a: Shedinja|[from] ability: Wonder Guard
|
|-weather|RainDance|[upkeep]
|upkeep
|turn|21
|
|t:|1653664751
|switch|p2a: Necrozma|Necrozma-Dusk-Mane|100/100
|-activate|p2a: Necrozma|move: Sticky Web
|-unboost|p2a: Necrozma|spe|1
|move|p1a: Shedinja|Poltergeist|p2a: Necrozma|[miss]
|-miss|p1a: Shedinja|p2a: Necrozma
|
|-weather|RainDance|[upkeep]
|upkeep
|turn|22
|c|☆Glass101|The amount if 10 percent misses I've had today are insane
|inactive|Glass101 has 120 seconds left.
|inactive|Dominator296 has 120 seconds left.
|
|t:|1653664784
|detailschange|p2a: Necrozma|Necrozma-Ultra
|-burst|p2a: Necrozma|Necrozma|Ultranecrozium Z
|move|p2a: Necrozma|Sunsteel Strike|p1a: Shedinja
|-enditem|p1a: Shedinja|Focus Sash
|-damage|p1a: Shedinja|100/100
|move|p1a: Shedinja|Will-O-Wisp|p2a: Necrozma
|-status|p2a: Necrozma|brn
|
|-weather|RainDance|[upkeep]
|-damage|p2a: Necrozma|94/100 brn|[from] brn
|upkeep
|turn|23
|inactive|Glass101 has 120 seconds left.
|inactive|Dominator296 has 120 seconds left.
|
|t:|1653664798
|switch|p1a: Little Wacky|Arceus|16/100
|move|p2a: Necrozma|Sunsteel Strike|p1a: Little Wacky
|-damage|p1a: Little Wacky|1/100
|
|-weather|RainDance|[upkeep]
|-heal|p1a: Little Wacky|7/100|[from] item: Leftovers
|-damage|p2a: Necrozma|88/100 brn|[from] brn
|upkeep
|turn|24
|inactive|Glass101 has 120 seconds left.
|
|t:|1653664809
|move|p1a: Little Wacky|Recover|p1a: Little Wacky
|-heal|p1a: Little Wacky|57/100
|move|p2a: Necrozma|Thunder Wave|p1a: Little Wacky
|-status|p1a: Little Wacky|par
|
|-weather|none
|-heal|p1a: Little Wacky|63/100 par|[from] item: Leftovers
|-damage|p2a: Necrozma|82/100 brn|[from] brn
|upkeep
|turn|25
|
|t:|1653664818
|move|p2a: Necrozma|Stealth Rock|p1a: Little Wacky
|-sidestart|p1: Glass101|move: Stealth Rock
|move|p1a: Little Wacky|Recover|p1a: Little Wacky
|-heal|p1a: Little Wacky|100/100 par
|
|-damage|p2a: Necrozma|76/100 brn|[from] brn
|upkeep
|turn|26
|
|t:|1653664825
|-zpower|p2a: Necrozma
|move|p2a: Necrozma|Light That Burns the Sky|p1a: Little Wacky|[zeffect]
|-damage|p1a: Little Wacky|57/100 par
|move|p1a: Little Wacky|Swords Dance|p1a: Little Wacky
|-boost|p1a: Little Wacky|atk|2
|
|-heal|p1a: Little Wacky|63/100 par|[from] item: Leftovers
|-damage|p2a: Necrozma|70/100 brn|[from] brn
|upkeep
|turn|27
|
|t:|1653664838
|switch|p2a: Arceus|Arceus, shiny|100/100 slp
|-activate|p2a: Arceus|move: Sticky Web
|-unboost|p2a: Arceus|spe|1
|move|p1a: Little Wacky|Recover|p1a: Little Wacky
|-heal|p1a: Little Wacky|100/100 par
|
|upkeep
|turn|28
|
|t:|1653664847
|-start|p2a: Arceus|Dynamax|
|-heal|p2a: Arceus|100/100 slp|[silent]
|cant|p1a: Little Wacky|par
|cant|p2a: Arceus|slp
|
|upkeep
|turn|29
|
|t:|1653664855
|-curestatus|p2a: Arceus|slp|[msg]
|move|p2a: Arceus|Max Strike|p1a: Little Wacky
|-damage|p1a: Little Wacky|45/100 par
|-unboost|p1a: Little Wacky|spe|1
|move|p1a: Little Wacky|Recover|p1a: Little Wacky
|-heal|p1a: Little Wacky|95/100 par
|
|-heal|p1a: Little Wacky|100/100 par|[from] item: Leftovers
|upkeep
|turn|30
|
|t:|1653664865
|move|p2a: Arceus|Max Strike|p1a: Little Wacky
|-damage|p1a: Little Wacky|48/100 par
|-unboost|p1a: Little Wacky|spe|1
|move|p1a: Little Wacky|Recover|p1a: Little Wacky
|-heal|p1a: Little Wacky|98/100 par
|
|-heal|p1a: Little Wacky|100/100 par|[from] item: Leftovers
|upkeep
|-end|p2a: Arceus|Dynamax
|-heal|p2a: Arceus|100/100|[silent]
|turn|31
|
|t:|1653664877
|move|p1a: Little Wacky|Extreme Speed|p2a: Arceus
|-damage|p2a: Arceus|56/100
|move|p2a: Arceus|Swords Dance|p2a: Arceus
|-boost|p2a: Arceus|atk|2
|
|upkeep
|turn|32
|
|t:|1653664883
|move|p1a: Little Wacky|Extreme Speed|p2a: Arceus
|-damage|p2a: Arceus|12/100
|move|p2a: Arceus|Recover|p2a: Arceus
|-heal|p2a: Arceus|62/100
|
|upkeep
|turn|33
|
|t:|1653664890
|move|p2a: Arceus|Extreme Speed|p1a: Little Wacky
|-damage|p1a: Little Wacky|38/100 par
|move|p1a: Little Wacky|Swords Dance|p1a: Little Wacky
|-boost|p1a: Little Wacky|atk|2
|
|-heal|p1a: Little Wacky|44/100 par|[from] item: Leftovers
|upkeep
|turn|34
|
|t:|1653664900
|move|p2a: Arceus|Extreme Speed|p1a: Little Wacky
|-damage|p1a: Little Wacky|0 fnt
|faint|p1a: Little Wacky
|
|upkeep
|
|t:|1653664908
|switch|p1a: The Removanator|Zacian-Crowned|77/100
|-damage|p1a: The Removanator|71/100|[from] Stealth Rock
|-ability|p1a: The Removanator|Intrepid Sword|boost
|-boost|p1a: The Removanator|atk|1
|turn|35
|
|t:|1653664925
|switch|p2a: Arceus|Arceus-Flying|26/100
|move|p1a: The Removanator|Behemoth Blade|p2a: Arceus
|-damage|p2a: Arceus|0 fnt
|faint|p2a: Arceus
|
|upkeep
|
|t:|1653664930
|switch|p2a: Kyogre|Kyogre|100/100
|-activate|p2a: Kyogre|move: Sticky Web
|-unboost|p2a: Kyogre|spe|1
|-weather|RainDance|[from] ability: Drizzle|[of] p2a: Kyogre
|turn|36
|
|t:|1653664938
|move|p1a: The Removanator|Wild Charge|p2a: Kyogre
|-supereffective|p2a: Kyogre
|-damage|p2a: Kyogre|0 fnt
|faint|p2a: Kyogre
|-damage|p1a: The Removanator|44/100|[from] Recoil
|
|-weather|RainDance|[upkeep]
|upkeep
|
|t:|1653664947
|switch|p2a: Arceus|Arceus, shiny|62/100
|-activate|p2a: Arceus|move: Sticky Web
|-unboost|p2a: Arceus|spe|1
|turn|37
|
|t:|1653664954
|move|p2a: Arceus|Extreme Speed|p1a: The Removanator
|-resisted|p1a: The Removanator
|-damage|p1a: The Removanator|19/100
|move|p1a: The Removanator|Behemoth Blade|p2a: Arceus
|-damage|p2a: Arceus|4/100
|
|-weather|RainDance|[upkeep]
|upkeep
|turn|38
|
|t:|1653664963
|move|p2a: Arceus|Extreme Speed|p1a: The Removanator
|-resisted|p1a: The Removanator
|-damage|p1a: The Removanator|0 fnt
|faint|p1a: The Removanator
|
|-weather|RainDance|[upkeep]
|upkeep
|
|t:|1653664969
|switch|p1a: Yveltal|Yveltal|100/100
|-ability|p1a: Yveltal|Dark Aura
|turn|39
|
|t:|1653664977
|move|p2a: Arceus|Extreme Speed|p1a: Yveltal
|-damage|p1a: Yveltal|58/100
|move|p1a: Yveltal|Dark Pulse|p2a: Arceus
|-damage|p2a: Arceus|0 fnt
|faint|p2a: Arceus
|
|-weather|RainDance|[upkeep]
|upkeep
|
|t:|1653664982
|switch|p2a: Necrozma|Necrozma-Ultra|70/100 brn
|-activate|p2a: Necrozma|move: Sticky Web
|-unboost|p2a: Necrozma|spe|1
|turn|40
|
|t:|1653664990
|move|p1a: Yveltal|Dark Pulse|p2a: Necrozma
|-supereffective|p2a: Necrozma
|-damage|p2a: Necrozma|0 fnt
|faint|p2a: Necrozma
|
|win|Glass101
|raw|Glass101's rating: 1780 &rarr; <strong>1814</strong><br />(+34 for winning)
|raw|Dominator296's rating: 2078 &rarr; <strong>2044</strong><br />(-34 for losing)
|l|☆Dominator296
||Ladder isn't responding, score probably updated but might not have (Request timeout).
