|j|☆Thunderzenny
|j|☆Gotei 14
|player|p1|Thunderzenny|lusamine-nihilego|1431
|player|p2|Gotei 14|ghetsis|1334
|teamsize|p1|6
|teamsize|p2|6
|gametype|singles
|gen|8
|tier|[Gen 8] National Dex AG
|rated|
|clearpoke
|poke|p1|Deoxys-Speed|
|poke|p1|Rayquaza|
|poke|p1|Zacian-Crowned|
|poke|p1|Arceus-*|
|poke|p1|Xerneas|
|poke|p1|Necrozma-Dusk-Mane|
|poke|p2|Marshadow|
|poke|p2|Xerneas|
|poke|p2|Mew|
|poke|p2|Arceus-*|
|poke|p2|Mew|
|poke|p2|Rayquaza|
|rule|HP Percentage Mod: HP is shown in percentages
|rule|Endless Battle Clause: Forcing endless battles is banned
|teampreview
|inactive|Battle timer is ON: inactive players will automatically lose when time's up. (requested by Thunderzenny)
|
|start
|switch|p1a: Deoxys|Deoxys-Speed|100/100
|switch|p2a: Mew|Mew|100/100
|-ability|p1a: Deoxys|Pressure
|turn|1
|
|switch|p2a: Xerneas|Xerneas|100/100
|-ability|p2a: Xerneas|Fairy Aura
|move|p1a: Deoxys|Taunt|p2a: Xerneas
|-start|p2a: Xerneas|move: Taunt
|
|upkeep
|turn|2
|
|move|p1a: Deoxys|Stealth Rock|p2a: Xerneas
|-sidestart|p2: Gotei 14|move: Stealth Rock
|move|p2a: Xerneas|Moonblast|p1a: Deoxys
|-damage|p1a: Deoxys|20/100
|
|upkeep
|turn|3
|
|switch|p1a: Necrozma|Necrozma-Dusk-Mane|100/100
|switch|p2a: Arceus|Arceus-Steel|100/100
|-damage|p2a: Arceus|94/100|[from] Stealth Rock
|
|upkeep
|turn|4
|
|move|p1a: Necrozma|Dragon Dance|p1a: Necrozma
|-boost|p1a: Necrozma|atk|1
|-boost|p1a: Necrozma|spe|1
|move|p2a: Arceus|Defog|p1a: Necrozma
|-unboost|p1a: Necrozma|evasion|1
|-sideend|p2: Gotei 14|Stealth Rock|[from] move: Defog|[of] p2a: Arceus
|
|upkeep
|turn|5
|
|switch|p2a: Mew|Mew|100/100
|move|p1a: Necrozma|Earthquake|p2a: Mew
|-damage|p2a: Mew|50/100
|
|-heal|p2a: Mew|56/100|[from] item: Leftovers
|upkeep
|turn|6
|
|move|p1a: Necrozma|Sunsteel Strike|p2a: Mew
|-damage|p2a: Mew|0 fnt
|faint|p2a: Mew
|
|upkeep
|
|switch|p2a: Marshadow|Marshadow|100/100
|turn|7
|
|move|p1a: Necrozma|Photon Geyser|p2a: Marshadow
|-supereffective|p2a: Marshadow
|-enditem|p2a: Marshadow|Focus Sash
|-damage|p2a: Marshadow|1/100
|move|p2a: Marshadow|Spectral Thief||[still]
|-clearpositiveboost|p1a: Necrozma|p2a: Marshadow|move: Spectral Thief
|-boost|p2a: Marshadow|atk|1
|-boost|p2a: Marshadow|spe|1
|-anim|p2a: Marshadow|Spectral Thief|p1a: Necrozma
|-supereffective|p1a: Necrozma
|-damage|p1a: Necrozma|12/100
|
|upkeep
|turn|8
|inactive|Gotei 14 has 120 seconds left.
|
|move|p2a: Marshadow|Spectral Thief|p1a: Necrozma
|-supereffective|p1a: Necrozma
|-damage|p1a: Necrozma|0 fnt
|faint|p1a: Necrozma
|
|upkeep
|
|switch|p1a: Zacian|Zacian-Crowned|100/100
|-ability|p1a: Zacian|Intrepid Sword|boost
|-boost|p1a: Zacian|atk|1
|turn|9
|
|move|p2a: Marshadow|Spectral Thief||[still]
|-clearpositiveboost|p1a: Zacian|p2a: Marshadow|move: Spectral Thief
|-boost|p2a: Marshadow|atk|1
|-anim|p2a: Marshadow|Spectral Thief|p1a: Zacian
|-damage|p1a: Zacian|16/100
|move|p1a: Zacian|Crunch|p2a: Marshadow
|-damage|p2a: Marshadow|0 fnt
|faint|p2a: Marshadow
|
|upkeep
|inactive|Gotei 14 has 120 seconds left.
|
|switch|p2a: Arceus|Arceus-Steel|94/100
|turn|10
|
|switch|p1a: Arceus|Arceus|100/100
|move|p2a: Arceus|Judgment|p1a: Arceus
|-damage|p1a: Arceus|71/100
|
|upkeep
|turn|11
|
|move|p1a: Arceus|Recover|p1a: Arceus
|-heal|p1a: Arceus|100/100
|move|p2a: Arceus|Toxic|p1a: Arceus
|-status|p1a: Arceus|tox
|
|-damage|p1a: Arceus|94/100 tox|[from] psn
|upkeep
|turn|12
|
|move|p2a: Arceus|Judgment|p1a: Arceus
|-damage|p1a: Arceus|68/100 tox
|move|p1a: Arceus|Swords Dance|p1a: Arceus
|-boost|p1a: Arceus|atk|2
|
|-damage|p1a: Arceus|56/100 tox|[from] psn
|upkeep
|turn|13
|
|move|p1a: Arceus|Shadow Claw|p2a: Arceus
|-damage|p2a: Arceus|62/100
|-damage|p1a: Arceus|46/100 tox|[from] item: Life Orb
|move|p2a: Arceus|Recover|p2a: Arceus
|-heal|p2a: Arceus|100/100
|
|-damage|p1a: Arceus|28/100 tox|[from] psn
|upkeep
|turn|14
|
|-start|p1a: Arceus|Dynamax
|-heal|p1a: Arceus|28/100 tox|[silent]
|move|p1a: Arceus|Max Phantasm|p2a: Arceus
|-damage|p2a: Arceus|49/100
|-unboost|p2a: Arceus|def|1
|-damage|p1a: Arceus|23/100 tox|[from] item: Life Orb
|move|p2a: Arceus|Recover|p2a: Arceus
|-heal|p2a: Arceus|99/100
|
|-damage|p1a: Arceus|10/100 tox|[from] psn
|upkeep
|turn|15
|
|-start|p2a: Arceus|Dynamax
|-heal|p2a: Arceus|99/100|[silent]
|move|p2a: Arceus|Max Guard|p2a: Arceus
|-singleturn|p2a: Arceus|Max Guard
|move|p1a: Arceus|Max Phantasm|p2a: Arceus
|-activate|p2a: Arceus|move: Max Guard
|
|-damage|p1a: Arceus|0 fnt|[from] psn
|faint|p1a: Arceus
|upkeep
|
|switch|p1a: Deoxys|Deoxys-Speed|20/100
|-ability|p1a: Deoxys|Pressure
|turn|16
|
|move|p1a: Deoxys|Light Screen|p1a: Deoxys
|-sidestart|p1: Thunderzenny|move: Light Screen
|move|p2a: Arceus|Max Steelspike|p1a: Deoxys|[from]Judgment
|-damage|p1a: Deoxys|0 fnt
|-boost|p2a: Arceus|def|1
|faint|p1a: Deoxys
|
|upkeep
|inactive|Thunderzenny has 120 seconds left.
|
|switch|p1a: Rayquaza|Rayquaza|100/100
|-ability|p1a: Rayquaza|Air Lock
|turn|17
|
|detailschange|p1a: Rayquaza|Rayquaza-Mega
|-mega|p1a: Rayquaza|Rayquaza|
|-weather|DeltaStream|[from] ability: Delta Stream|[of] p1a: Rayquaza
|move|p1a: Rayquaza|Dragon Dance|p1a: Rayquaza
|-boost|p1a: Rayquaza|atk|1
|-boost|p1a: Rayquaza|spe|1
|move|p2a: Arceus|Max Steelspike|p1a: Rayquaza|[from]Judgment
|-damage|p1a: Rayquaza|74/100
|-boost|p2a: Arceus|def|1
|
|-weather|DeltaStream|[upkeep]
|-end|p2a: Arceus|Dynamax
|-heal|p2a: Arceus|99/100|[silent]
|upkeep
|turn|18
|
|move|p1a: Rayquaza|Dragon Dance|p1a: Rayquaza
|-boost|p1a: Rayquaza|atk|1
|-boost|p1a: Rayquaza|spe|1
|move|p2a: Arceus|Toxic|p1a: Rayquaza
|-status|p1a: Rayquaza|tox
|-enditem|p1a: Rayquaza|Lum Berry|[eat]
|-curestatus|p1a: Rayquaza|tox|[msg]
|
|-weather|DeltaStream|[upkeep]
|upkeep
|turn|19
|
|move|p1a: Rayquaza|Earthquake|p2a: Arceus
|-supereffective|p2a: Arceus
|-damage|p2a: Arceus|37/100
|move|p2a: Arceus|Toxic|p1a: Rayquaza|[miss]
|-miss|p2a: Arceus|p1a: Rayquaza
|
|-weather|DeltaStream|[upkeep]
|upkeep
|turn|20
|
|switch|p2a: Rayquaza|Rayquaza|100/100
|-ability|p2a: Rayquaza|Air Lock
|move|p1a: Rayquaza|Earthquake|p2a: Rayquaza
|-immune|p2a: Rayquaza
|
|-weather|DeltaStream|[upkeep]
|upkeep
|turn|21
|
|detailschange|p2a: Rayquaza|Rayquaza-Mega
|-mega|p2a: Rayquaza|Rayquaza|
|move|p1a: Rayquaza|Extreme Speed|p2a: Rayquaza
|-damage|p2a: Rayquaza|21/100
|move|p2a: Rayquaza|Extreme Speed|p1a: Rayquaza
|-damage|p1a: Rayquaza|37/100
|
|-weather|DeltaStream|[upkeep]
|upkeep
|turn|22
|
|move|p1a: Rayquaza|Extreme Speed|p2a: Rayquaza
|-damage|p2a: Rayquaza|0 fnt
|faint|p2a: Rayquaza
|
|-weather|DeltaStream|[upkeep]
|upkeep
|
|switch|p2a: Mew|Mew|100/100
|turn|23
|
|move|p1a: Rayquaza|Dragon Ascent|p2a: Mew
|-damage|p2a: Mew|0 fnt
|-unboost|p1a: Rayquaza|def|1
|-unboost|p1a: Rayquaza|spd|1
|faint|p2a: Mew
|
|-weather|DeltaStream|[upkeep]
|-sideend|p1: Thunderzenny|move: Light Screen
|upkeep
|
|switch|p2a: Xerneas|Xerneas|100/100
|-ability|p2a: Xerneas|Fairy Aura
|turn|24
|-message|Gotei 14 forfeited.
|
|win|Thunderzenny
|l|☆Gotei 14
