|j|☆testinthisgarbage
|j|☆Alice_Finnemore
|t:|1655900533
|gametype|singles
|player|p1|testinthisgarbage|preschooler|1797
|player|p2|Alice_Finnemore|cynthia|1760
|teamsize|p1|6
|teamsize|p2|6
|gen|8
|tier|[Gen 8] National Dex AG
|rated|
|rule|HP Percentage Mod: HP is shown in percentages
|rule|Endless Battle Clause: Forcing endless battles is banned
|clearpoke
|poke|p1|Krookodile, F|
|poke|p1|Zacian-*|
|poke|p1|Slurpuff, F|
|poke|p1|Urshifu-*, M|
|poke|p1|Kyogre|
|poke|p1|Greninja, M|
|poke|p2|Diancie|
|poke|p2|Ho-Oh|
|poke|p2|Giratina-Origin|
|poke|p2|Yveltal|
|poke|p2|Groudon|
|poke|p2|Arceus-*|
|teampreview
|
|t:|1655900541
|start
|switch|p1a: Zacian|Zacian-Crowned|100/100
|switch|p2a: Diancie|Diancie|100/100
|-ability|p1a: Zacian|Intrepid Sword|boost
|-boost|p1a: Zacian|atk|1
|turn|1
|inactive|Battle timer is ON: inactive players will automatically lose when time's up. (requested by Alice_Finnemore)
|
|t:|1655900549
|switch|p1a: Krookodile|Krookodile, F|100/100
|-ability|p1a: Krookodile|Intimidate|boost
|-fail|p2a: Diancie|unboost|[from] ability: Clear Body|[of] p2a: Diancie
|detailschange|p2a: Diancie|Diancie-Mega
|-mega|p2a: Diancie|Diancie|Diancite
|move|p2a: Diancie|Protect||[still]
|-fail|p2a: Diancie
|
|upkeep
|turn|2
|
|t:|1655900554
|switch|p1a: Zacian|Zacian-Crowned|100/100
|-ability|p1a: Zacian|Intrepid Sword|boost
|-boost|p1a: Zacian|atk|1
|move|p2a: Diancie|Protect||[still]
|-fail|p2a: Diancie
|
|upkeep
|turn|3
|
|t:|1655900556
|switch|p2a: Ho-Oh|Ho-Oh|100/100
|move|p1a: Zacian|Behemoth Blade|p2a: Ho-Oh
|-resisted|p2a: Ho-Oh
|-damage|p2a: Ho-Oh|56/100
|
|upkeep
|turn|4
|
|t:|1655900559
|switch|p2a: Groudon|Groudon|100/100
|detailschange|p2a: Groudon|Groudon-Primal
|-primal|p2a: Groudon
|-weather|DesolateLand|[from] ability: Desolate Land|[of] p2a: Groudon
|move|p1a: Zacian|Substitute|p1a: Zacian
|-start|p1a: Zacian|Substitute
|-damage|p1a: Zacian|76/100
|
|-weather|DesolateLand|[upkeep]
|upkeep
|turn|5
|
|t:|1655900562
|move|p1a: Zacian|Close Combat|p2a: Groudon
|-damage|p2a: Groudon|52/100
|-unboost|p1a: Zacian|def|1
|-unboost|p1a: Zacian|spd|1
|move|p2a: Groudon|Earthquake|p1a: Zacian
|-supereffective|p1a: Zacian
|-crit|p1a: Zacian
|-end|p1a: Zacian|Substitute
|
|-weather|DesolateLand|[upkeep]
|upkeep
|turn|6
|
|t:|1655900569
|switch|p1a: Krookodile|Krookodile, F|100/100
|-ability|p1a: Krookodile|Intimidate|boost
|-unboost|p2a: Groudon|atk|1
|move|p2a: Groudon|Earthquake|p1a: Krookodile
|-damage|p1a: Krookodile|52/100
|
|-weather|DesolateLand|[upkeep]
|upkeep
|turn|7
|
|t:|1655900572
|-weather|none
|switch|p2a: Yveltal|Yveltal|100/100
|-ability|p2a: Yveltal|Dark Aura
|move|p1a: Krookodile|Earthquake|p2a: Yveltal
|-immune|p2a: Yveltal
|
|upkeep
|turn|8
|
|t:|1655900579
|move|p2a: Yveltal|Foul Play|p1a: Krookodile
|-resisted|p1a: Krookodile
|-damage|p1a: Krookodile|26/100
|-damage|p2a: Yveltal|84/100|[from] item: Rocky Helmet|[of] p1a: Krookodile
|move|p1a: Krookodile|Stealth Rock|p2a: Yveltal
|-sidestart|p2: Alice_Finnemore|move: Stealth Rock
|
|-heal|p2a: Yveltal|90/100|[from] item: Leftovers
|upkeep
|turn|9
|
|t:|1655900584
|switch|p2a: Giratina|Giratina-Origin|100/100
|-damage|p2a: Giratina|88/100|[from] Stealth Rock
|move|p1a: Krookodile|Rock Tomb|p2a: Giratina
|-damage|p2a: Giratina|78/100
|-unboost|p2a: Giratina|spe|1
|
|upkeep
|turn|10
|
|t:|1655900587
|move|p1a: Krookodile|Taunt|p2a: Giratina
|-start|p2a: Giratina|move: Taunt
|cant|p2a: Giratina|move: Taunt|Defog
|
|upkeep
|turn|11
|
|t:|1655900591
|move|p2a: Giratina|Shadow Sneak|p1a: Krookodile
|-resisted|p1a: Krookodile
|-damage|p1a: Krookodile|15/100
|-damage|p2a: Giratina|61/100|[from] item: Rocky Helmet|[of] p1a: Krookodile
|move|p1a: Krookodile|Rock Tomb|p2a: Giratina
|-damage|p2a: Giratina|50/100
|-unboost|p2a: Giratina|spe|1
|
|upkeep
|turn|12
|
|t:|1655900601
|switch|p2a: Yveltal|Yveltal|90/100
|-damage|p2a: Yveltal|65/100|[from] Stealth Rock
|-ability|p2a: Yveltal|Dark Aura
|move|p1a: Krookodile|Rock Tomb|p2a: Yveltal
|-supereffective|p2a: Yveltal
|-damage|p2a: Yveltal|35/100
|-unboost|p2a: Yveltal|spe|1
|
|-heal|p2a: Yveltal|41/100|[from] item: Leftovers
|upkeep
|turn|13
|
|t:|1655900605
|move|p2a: Yveltal|Sucker Punch||[still]
|-fail|p2a: Yveltal
|move|p1a: Krookodile|Taunt|p2a: Yveltal
|-start|p2a: Yveltal|move: Taunt
|
|-heal|p2a: Yveltal|47/100|[from] item: Leftovers
|upkeep
|turn|14
|
|t:|1655900609
|move|p2a: Yveltal|Sucker Punch|p1a: Krookodile
|-resisted|p1a: Krookodile
|-crit|p1a: Krookodile
|-damage|p1a: Krookodile|0 fnt
|-damage|p2a: Yveltal|30/100|[from] item: Rocky Helmet|[of] p1a: Krookodile
|faint|p1a: Krookodile
|
|-heal|p2a: Yveltal|37/100|[from] item: Leftovers
|upkeep
|
|t:|1655900613
|switch|p1a: Zacian|Zacian-Crowned|76/100
|-ability|p1a: Zacian|Intrepid Sword|boost
|-boost|p1a: Zacian|atk|1
|turn|15
|
|t:|1655900618
|move|p1a: Zacian|Behemoth Blade|p2a: Yveltal
|-damage|p2a: Yveltal|0 fnt
|faint|p2a: Yveltal
|
|upkeep
|
|t:|1655900620
|switch|p2a: Groudon|Groudon-Primal|52/100
|-damage|p2a: Groudon|39/100|[from] Stealth Rock
|-weather|DesolateLand|[from] ability: Desolate Land|[of] p2a: Groudon
|turn|16
|
|t:|1655900628
|move|p1a: Zacian|Close Combat|p2a: Groudon
|-damage|p2a: Groudon|0 fnt
|-unboost|p1a: Zacian|def|1
|-unboost|p1a: Zacian|spd|1
|faint|p2a: Groudon
|-weather|none
|
|upkeep
|
|t:|1655900630
|switch|p2a: Ho-Oh|Ho-Oh|89/100
|turn|17
|
|t:|1655900633
|switch|p1a: Slurpuff|Slurpuff, F|100/100
|move|p2a: Ho-Oh|Sacred Fire|p1a: Slurpuff
|-damage|p1a: Slurpuff|14/100
|-status|p1a: Slurpuff|brn
|
|-damage|p1a: Slurpuff|7/100 brn|[from] brn
|upkeep
|turn|18
|
|t:|1655900637
|move|p1a: Slurpuff|Endeavor|p2a: Ho-Oh
|-damage|p2a: Ho-Oh|5/100
|move|p2a: Ho-Oh|Substitute|p2a: Ho-Oh
|-fail|p2a: Ho-Oh|move: Substitute|[weak]
|
|-damage|p1a: Slurpuff|1/100 brn|[from] brn
|upkeep
|turn|19
|
|t:|1655900642
|move|p1a: Slurpuff|Misty Explosion|p2a: Ho-Oh
|-resisted|p2a: Ho-Oh
|-damage|p2a: Ho-Oh|0 fnt
|faint|p1a: Slurpuff
|faint|p2a: Ho-Oh
|
|upkeep
|
|t:|1655900662
|switch|p1a: Zacian|Zacian-Crowned|76/100
|switch|p2a: Giratina|Giratina-Origin|50/100
|-ability|p1a: Zacian|Intrepid Sword|boost
|-boost|p1a: Zacian|atk|1
|-damage|p2a: Giratina|38/100|[from] Stealth Rock
|turn|20
|
|t:|1655900665
|move|p1a: Zacian|Behemoth Blade|p2a: Giratina
|-damage|p2a: Giratina|0 fnt
|faint|p2a: Giratina
|
|upkeep
|
|t:|1655900667
|switch|p2a: Arceus|Arceus-Ice|100/100
|-damage|p2a: Arceus|76/100|[from] Stealth Rock
|turn|21
|
|t:|1655900674
|switch|p1a: Urshifu|Urshifu-Rapid-Strike, M|100/100
|-start|p2a: Arceus|Dynamax|
|-heal|p2a: Arceus|76/100|[silent]
|move|p2a: Arceus|Max Hailstorm|p1a: Urshifu
|-resisted|p1a: Urshifu
|-damage|p1a: Urshifu|38/100
|-weather|Hail
|
|-weather|Hail|[upkeep]
|-damage|p1a: Urshifu|32/100|[from] Hail
|upkeep
|turn|22
|
|t:|1655900676
|move|p2a: Arceus|Max Hailstorm|p1a: Urshifu
|-resisted|p1a: Urshifu
|-damage|p1a: Urshifu|0 fnt
|faint|p1a: Urshifu
|
|-weather|Hail|[upkeep]
|upkeep
|
|t:|1655900702
|switch|p1a: Kyogre|Kyogre|100/100
|-weather|RainDance|[from] ability: Drizzle|[of] p1a: Kyogre
|turn|23
|
|t:|1655900704
|move|p2a: Arceus|Max Hailstorm|p1a: Kyogre
|-resisted|p1a: Kyogre
|-damage|p1a: Kyogre|71/100
|-weather|Hail
|move|p1a: Kyogre|Calm Mind|p1a: Kyogre
|-boost|p1a: Kyogre|spa|1
|-boost|p1a: Kyogre|spd|1
|
|-weather|Hail|[upkeep]
|-damage|p1a: Kyogre|65/100|[from] Hail
|upkeep
|-end|p2a: Arceus|Dynamax
|-heal|p2a: Arceus|76/100|[silent]
|turn|24
|
|t:|1655900707
|-start|p1a: Kyogre|Dynamax|
|-heal|p1a: Kyogre|65/100|[silent]
|move|p2a: Arceus|Calm Mind|p2a: Arceus
|-boost|p2a: Arceus|spa|1
|-boost|p2a: Arceus|spd|1
|move|p1a: Kyogre|Max Airstream|p2a: Arceus
|-damage|p2a: Arceus|33/100
|-boost|p1a: Kyogre|spe|1
|-damage|p1a: Kyogre|60/100|[from] item: Life Orb
|
|-weather|Hail|[upkeep]
|-damage|p1a: Kyogre|57/100|[from] Hail
|upkeep
|turn|25
|
|t:|1655900714
|move|p1a: Kyogre|Max Geyser|p2a: Arceus
|-damage|p2a: Arceus|0 fnt
|-weather|RainDance
|faint|p2a: Arceus
|-damage|p1a: Kyogre|52/100|[from] item: Life Orb
|
|-weather|RainDance|[upkeep]
|upkeep
|
|t:|1655900718
|switch|p2a: Diancie|Diancie-Mega|100/100
|-damage|p2a: Diancie|88/100|[from] Stealth Rock
|turn|26
|
|t:|1655900720
|move|p1a: Kyogre|Max Geyser|p2a: Diancie
|-supereffective|p2a: Diancie
|-damage|p2a: Diancie|0 fnt
|faint|p2a: Diancie
|-damage|p1a: Kyogre|47/100|[from] item: Life Orb
|
|win|testinthisgarbage
|raw|testinthisgarbage's rating: 1797 &rarr; <strong>1815</strong><br />(+18 for winning)
|raw|Alice_Finnemore's rating: 1760 &rarr; <strong>1742</strong><br />(-18 for losing)
