|j|☆Shadixsman
|j|☆MiguelRRM
|t:|1631655701
|gametype|singles
|player|p1|Shadixsman|101|1643
|player|p2|MiguelRRM|lucas|1830
|teamsize|p1|6
|teamsize|p2|6
|gen|8
|tier|[Gen 8] National Dex AG
|rated|
|rule|HP Percentage Mod: HP is shown in percentages
|rule|Endless Battle Clause: Forcing endless battles is banned
|clearpoke
|poke|p1|Necrozma-Dusk-Mane|
|poke|p1|Zygarde|
|poke|p1|Yveltal|
|poke|p1|Rayquaza|
|poke|p1|Xerneas-*|
|poke|p1|Eternatus|
|poke|p2|Marshadow|
|poke|p2|Yveltal|
|poke|p2|Rayquaza|
|poke|p2|Zacian-*|
|poke|p2|Arceus-*|
|poke|p2|Groudon|
|teampreview
|
|t:|1631655711
|start
|switch|p1a: Necrozma|Necrozma-Dusk-Mane, shiny|100/100
|switch|p2a: Rayquaza|Rayquaza|100/100
|-ability|p2a: Rayquaza|Air Lock
|turn|1
|
|t:|1631655723
|switch|p1a: Zygarde|Zygarde, shiny|100/100
|detailschange|p2a: Rayquaza|Rayquaza-Mega
|-mega|p2a: Rayquaza|Rayquaza|
|-weather|DeltaStream|[from] ability: Delta Stream|[of] p2a: Rayquaza
|move|p2a: Rayquaza|V-create|p1a: Zygarde
|-resisted|p1a: Zygarde
|-crit|p1a: Zygarde
|-damage|p1a: Zygarde|53/100
|-unboost|p2a: Rayquaza|spe|1
|-unboost|p2a: Rayquaza|def|1
|-unboost|p2a: Rayquaza|spd|1
|
|-weather|DeltaStream|[upkeep]
|upkeep
|turn|2
|
|t:|1631655729
|-weather|none
|switch|p2a: Groudon|Groudon|100/100
|detailschange|p2a: Groudon|Groudon-Primal
|-primal|p2a: Groudon
|-weather|DesolateLand|[from] ability: Desolate Land|[of] p2a: Groudon
|move|p1a: Zygarde|Thousand Arrows|p2a: Groudon
|-supereffective|p2a: Groudon
|-damage|p2a: Groudon|68/100
|
|-weather|DesolateLand|[upkeep]
|upkeep
|turn|3
|
|t:|1631655732
|move|p1a: Zygarde|Coil|p1a: Zygarde
|-boost|p1a: Zygarde|atk|1
|-boost|p1a: Zygarde|def|1
|-boost|p1a: Zygarde|accuracy|1
|move|p2a: Groudon|Rock Tomb|p1a: Zygarde
|-resisted|p1a: Zygarde
|-damage|p1a: Zygarde|49/100
|-unboost|p1a: Zygarde|spe|1
|
|-weather|DesolateLand|[upkeep]
|-activate|p1a: Zygarde|ability: Power Construct
|detailschange|p1a: Zygarde|Zygarde-Complete, shiny
|-heal|p1a: Zygarde|67/100|[silent]
|upkeep
|turn|4
|
|t:|1631655736
|move|p2a: Groudon|Toxic|p1a: Zygarde
|-status|p1a: Zygarde|tox
|move|p1a: Zygarde|Coil|p1a: Zygarde
|-boost|p1a: Zygarde|atk|1
|-boost|p1a: Zygarde|def|1
|-boost|p1a: Zygarde|accuracy|1
|
|-weather|DesolateLand|[upkeep]
|-damage|p1a: Zygarde|61/100 tox|[from] psn
|upkeep
|turn|5
|
|t:|1631655740
|move|p2a: Groudon|Stealth Rock|p1a: Zygarde
|-sidestart|p1: Shadixsman|move: Stealth Rock
|move|p1a: Zygarde|Thousand Arrows|p2a: Groudon
|-supereffective|p2a: Groudon
|-damage|p2a: Groudon|1/100
|
|-weather|DesolateLand|[upkeep]
|-damage|p1a: Zygarde|48/100 tox|[from] psn
|upkeep
|turn|6
|
|t:|1631655743
|move|p2a: Groudon|Rock Tomb|p1a: Zygarde
|-resisted|p1a: Zygarde
|-damage|p1a: Zygarde|47/100 tox
|-unboost|p1a: Zygarde|spe|1
|move|p1a: Zygarde|Rest|p1a: Zygarde
|-status|p1a: Zygarde|slp|[from] move: Rest
|-heal|p1a: Zygarde|100/100 slp|[silent]
|
|-weather|DesolateLand|[upkeep]
|upkeep
|turn|7
|
|t:|1631655750
|-weather|none
|switch|p2a: Marshadow|Marshadow|100/100
|switch|p1a: Necrozma|Necrozma-Dusk-Mane, shiny|100/100
|-damage|p1a: Necrozma|94/100|[from] Stealth Rock
|
|upkeep
|turn|8
|
|t:|1631655757
|switch|p2a: Arceus|Arceus-Ground|100/100
|move|p1a: Necrozma|Stealth Rock|p2a: Arceus
|-sidestart|p2: MiguelRRM|move: Stealth Rock
|
|upkeep
|turn|9
|
|t:|1631655761
|move|p2a: Arceus|Rock Tomb|p1a: Necrozma|[miss]
|-miss|p2a: Arceus|p1a: Necrozma
|move|p1a: Necrozma|Toxic|p2a: Arceus|[miss]
|-miss|p1a: Necrozma|p2a: Arceus
|
|upkeep
|turn|10
|
|t:|1631655764
|move|p2a: Arceus|Judgment|p1a: Necrozma
|-supereffective|p1a: Necrozma
|-damage|p1a: Necrozma|26/100
|move|p1a: Necrozma|Toxic|p2a: Arceus|[miss]
|-miss|p1a: Necrozma|p2a: Arceus
|
|upkeep
|turn|11
|
|t:|1631655773
|switch|p1a: Zygarde|Zygarde-Complete, shiny|100/100 slp
|-damage|p1a: Zygarde|94/100 slp|[from] Stealth Rock
|move|p2a: Arceus|Judgment|p1a: Zygarde
|-damage|p1a: Zygarde|65/100 slp
|
|upkeep
|turn|12
|
|t:|1631655781
|move|p2a: Arceus|Judgment|p1a: Zygarde
|-damage|p1a: Zygarde|34/100 slp
|cant|p1a: Zygarde|slp
|
|upkeep
|turn|13
|
|t:|1631655793
|move|p2a: Arceus|Judgment|p1a: Zygarde
|-damage|p1a: Zygarde|3/100 slp
|cant|p1a: Zygarde|slp
|
|upkeep
|turn|14
|
|t:|1631655798
|move|p2a: Arceus|Defog|p1a: Zygarde
|-unboost|p1a: Zygarde|evasion|1
|-sideend|p1: Shadixsman|Stealth Rock|[from] move: Defog|[of] p2a: Arceus
|-sideend|p2: MiguelRRM|Stealth Rock|[from] move: Defog|[of] p2a: Arceus
|-curestatus|p1a: Zygarde|slp|[msg]
|move|p1a: Zygarde|Rest|p1a: Zygarde
|-status|p1a: Zygarde|slp|[from] move: Rest
|-heal|p1a: Zygarde|100/100 slp|[silent]
|
|upkeep
|turn|15
|
|t:|1631655809
|switch|p1a: Rayquaza|Rayquaza|100/100
|-ability|p1a: Rayquaza|Air Lock
|move|p2a: Arceus|Judgment|p1a: Rayquaza
|-immune|p1a: Rayquaza
|
|upkeep
|turn|16
|
|t:|1631655813
|detailschange|p1a: Rayquaza|Rayquaza-Mega
|-mega|p1a: Rayquaza|Rayquaza|
|-weather|DeltaStream|[from] ability: Delta Stream|[of] p1a: Rayquaza
|move|p1a: Rayquaza|Waterfall|p2a: Arceus
|-supereffective|p2a: Arceus
|-damage|p2a: Arceus|35/100
|-damage|p1a: Rayquaza|91/100|[from] item: Life Orb
|move|p2a: Arceus|Rock Tomb|p1a: Rayquaza
|-activate||deltastream
|-damage|p1a: Rayquaza|76/100
|-unboost|p1a: Rayquaza|spe|1
|
|-weather|DeltaStream|[upkeep]
|upkeep
|turn|17
|
|t:|1631655819
|move|p2a: Arceus|Rock Tomb|p1a: Rayquaza
|-activate||deltastream
|-damage|p1a: Rayquaza|59/100
|-unboost|p1a: Rayquaza|spe|1
|move|p1a: Rayquaza|Waterfall|p2a: Arceus
|-supereffective|p2a: Arceus
|-damage|p2a: Arceus|0 fnt
|faint|p2a: Arceus
|-damage|p1a: Rayquaza|49/100|[from] item: Life Orb
|
|-weather|DeltaStream|[upkeep]
|upkeep
|
|t:|1631655829
|switch|p2a: Zacian|Zacian-Crowned|100/100
|-ability|p2a: Zacian|Intrepid Sword|boost
|-boost|p2a: Zacian|atk|1
|turn|18
|
|t:|1631655836
|move|p1a: Rayquaza|Extreme Speed|p2a: Zacian
|-resisted|p2a: Zacian
|-damage|p2a: Zacian|79/100
|-damage|p1a: Rayquaza|39/100|[from] item: Life Orb
|move|p2a: Zacian|Behemoth Blade|p1a: Rayquaza
|-damage|p1a: Rayquaza|0 fnt
|faint|p1a: Rayquaza
|-weather|none
|
|upkeep
|
|t:|1631655840
|switch|p1a: Eternatus|Eternatus|100/100
|-ability|p1a: Eternatus|Pressure
|turn|19
|
|t:|1631655842
|move|p2a: Zacian|Behemoth Blade|p1a: Eternatus
|-damage|p1a: Eternatus|39/100
|move|p1a: Eternatus|Flamethrower|p2a: Zacian
|-supereffective|p2a: Zacian
|-damage|p2a: Zacian|26/100
|
|-heal|p1a: Eternatus|45/100|[from] item: Black Sludge
|upkeep
|turn|20
|
|t:|1631655848
|switch|p1a: Necrozma|Necrozma-Dusk-Mane, shiny|26/100
|move|p2a: Zacian|Behemoth Blade|p1a: Necrozma
|-resisted|p1a: Necrozma
|-damage|p1a: Necrozma|2/100
|-damage|p2a: Zacian|10/100|[from] item: Rocky Helmet|[of] p1a: Necrozma
|
|upkeep
|turn|21
|
|t:|1631655853
|move|p2a: Zacian|Behemoth Blade|p1a: Necrozma
|-resisted|p1a: Necrozma
|-damage|p1a: Necrozma|0 fnt
|-damage|p2a: Zacian|0 fnt|[from] item: Rocky Helmet|[of] p1a: Necrozma
|faint|p1a: Necrozma
|faint|p2a: Zacian
|
|upkeep
|
|t:|1631655861
|switch|p2a: Rayquaza|Rayquaza-Mega|100/100
|switch|p1a: Eternatus|Eternatus|45/100
|-weather|DeltaStream|[from] ability: Delta Stream|[of] p2a: Rayquaza
|-ability|p1a: Eternatus|Pressure
|turn|22
|
|t:|1631655864
|move|p2a: Rayquaza|Extreme Speed|p1a: Eternatus
|-damage|p1a: Eternatus|2/100
|move|p1a: Eternatus|Recover|p1a: Eternatus
|-heal|p1a: Eternatus|52/100
|
|-weather|DeltaStream|[upkeep]
|-heal|p1a: Eternatus|58/100|[from] item: Black Sludge
|upkeep
|turn|23
|
|t:|1631655872
|-weather|none
|switch|p2a: Groudon|Groudon-Primal|1/100
|-weather|DesolateLand|[from] ability: Desolate Land|[of] p2a: Groudon
|move|p1a: Eternatus|Recover|p1a: Eternatus
|-heal|p1a: Eternatus|100/100
|
|-weather|DesolateLand|[upkeep]
|upkeep
|turn|24
|
|t:|1631655875
|move|p1a: Eternatus|Flamethrower|p2a: Groudon
|-resisted|p2a: Groudon
|-damage|p2a: Groudon|0 fnt
|faint|p2a: Groudon
|-weather|none
|
|upkeep
|
|t:|1631655878
|switch|p2a: Marshadow|Marshadow|100/100
|turn|25
|
|t:|1631655880
|move|p2a: Marshadow|Rock Tomb|p1a: Eternatus
|-damage|p1a: Eternatus|78/100
|-unboost|p1a: Eternatus|spe|1
|move|p1a: Eternatus|Toxic|p2a: Marshadow
|-status|p2a: Marshadow|tox
|
|-heal|p1a: Eternatus|84/100|[from] item: Black Sludge
|-damage|p2a: Marshadow|94/100 tox|[from] psn
|upkeep
|turn|26
|
|t:|1631655885
|move|p2a: Marshadow|Spectral Thief|p1a: Eternatus
|-damage|p1a: Eternatus|49/100
|move|p1a: Eternatus|Recover|p1a: Eternatus
|-heal|p1a: Eternatus|99/100
|
|-heal|p1a: Eternatus|100/100|[from] item: Black Sludge
|-damage|p2a: Marshadow|82/100 tox|[from] psn
|upkeep
|turn|27
|
|t:|1631655893
|move|p2a: Marshadow|Rock Tomb|p1a: Eternatus
|-damage|p1a: Eternatus|78/100
|-unboost|p1a: Eternatus|spe|1
|move|p1a: Eternatus|Recover|p1a: Eternatus
|-heal|p1a: Eternatus|100/100
|
|-damage|p2a: Marshadow|63/100 tox|[from] psn
|upkeep
|turn|28
|
|t:|1631655904
|switch|p1a: Zygarde|Zygarde-Complete, shiny|100/100 slp
|move|p2a: Marshadow|Spectral Thief|p1a: Zygarde
|-damage|p1a: Zygarde|85/100 slp
|
|-damage|p2a: Marshadow|38/100 tox|[from] psn
|upkeep
|turn|29
|
|t:|1631655909
|switch|p2a: Rayquaza|Rayquaza-Mega|100/100
|-weather|DeltaStream|[from] ability: Delta Stream|[of] p2a: Rayquaza
|cant|p1a: Zygarde|slp
|
|-weather|DeltaStream|[upkeep]
|upkeep
|turn|30
|
|t:|1631655914
|move|p2a: Rayquaza|Dragon Ascent|p1a: Zygarde
|-damage|p1a: Zygarde|42/100 slp
|-unboost|p2a: Rayquaza|def|1
|-unboost|p2a: Rayquaza|spd|1
|cant|p1a: Zygarde|slp
|
|-weather|DeltaStream|[upkeep]
|upkeep
|turn|31
|
|t:|1631655919
|move|p2a: Rayquaza|Dragon Ascent|p1a: Zygarde
|-damage|p1a: Zygarde|0 fnt
|-unboost|p2a: Rayquaza|def|1
|-unboost|p2a: Rayquaza|spd|1
|faint|p1a: Zygarde
|
|-weather|DeltaStream|[upkeep]
|upkeep
|
|t:|1631655926
|switch|p1a: Yveltal|Yveltal, shiny|100/100
|-ability|p1a: Yveltal|Dark Aura
|turn|32
|
|t:|1631655935
|-weather|none
|switch|p2a: Marshadow|Marshadow|38/100 tox
|move|p1a: Yveltal|Foul Play|p2a: Marshadow
|-damage|p2a: Marshadow|0 fnt
|faint|p2a: Marshadow
|
|upkeep
|
|t:|1631655938
|switch|p2a: Yveltal|Yveltal|100/100
|-ability|p2a: Yveltal|Dark Aura
|turn|33
|
|t:|1631655942
|move|p2a: Yveltal|Oblivion Wing|p1a: Yveltal
|-damage|p1a: Yveltal|66/100
|-damage|p2a: Yveltal|91/100|[from] item: Life Orb
|move|p1a: Yveltal|Foul Play|p2a: Yveltal
|-resisted|p2a: Yveltal
|-damage|p2a: Yveltal|65/100
|
|upkeep
|turn|34
|
|t:|1631655948
|-start|p2a: Yveltal|Dynamax
|-heal|p2a: Yveltal|65/100|[silent]
|move|p2a: Yveltal|Max Airstream|p1a: Yveltal
|-damage|p1a: Yveltal|8/100
|-boost|p2a: Yveltal|spe|1
|-damage|p2a: Yveltal|60/100|[from] item: Life Orb
|move|p1a: Yveltal|Foul Play|p2a: Yveltal
|-resisted|p2a: Yveltal
|-damage|p2a: Yveltal|48/100
|
|upkeep
|turn|35
|
|t:|1631655951
|move|p1a: Yveltal|Sucker Punch|p2a: Yveltal
|-resisted|p2a: Yveltal
|-damage|p2a: Yveltal|40/100
|move|p2a: Yveltal|Max Airstream|p1a: Yveltal
|-damage|p1a: Yveltal|0 fnt
|-boost|p2a: Yveltal|spe|1
|faint|p1a: Yveltal
|-damage|p2a: Yveltal|35/100|[from] item: Life Orb
|
|upkeep
|
|t:|1631655955
|switch|p1a: Xerneas|Xerneas, shiny|100/100
|-ability|p1a: Xerneas|Fairy Aura
|turn|36
|
|t:|1631655960
|-start|p1a: Xerneas|Dynamax
|-heal|p1a: Xerneas|100/100|[silent]
|move|p2a: Yveltal|Max Airstream|p1a: Xerneas
|-damage|p1a: Xerneas|57/100
|-boost|p2a: Yveltal|spe|1
|-damage|p2a: Yveltal|30/100|[from] item: Life Orb
|move|p1a: Xerneas|Max Starfall|p2a: Yveltal
|-supereffective|p2a: Yveltal
|-damage|p2a: Yveltal|0 fnt
|-fieldstart|move: Misty Terrain
|faint|p2a: Yveltal
|
|upkeep
|
|t:|1631655962
|switch|p2a: Rayquaza|Rayquaza-Mega|100/100
|-weather|DeltaStream|[from] ability: Delta Stream|[of] p2a: Rayquaza
|turn|37
|
|t:|1631655965
|move|p2a: Rayquaza|Dragon Ascent|p1a: Xerneas
|-damage|p1a: Xerneas|7/100
|-unboost|p2a: Rayquaza|def|1
|-unboost|p2a: Rayquaza|spd|1
|move|p1a: Xerneas|Max Starfall|p2a: Rayquaza
|-supereffective|p2a: Rayquaza
|-damage|p2a: Rayquaza|0 fnt
|faint|p2a: Rayquaza
|-weather|none
|
|win|Shadixsman
|raw|Shadixsman's rating: 1643 &rarr; <strong>1673</strong><br />(+30 for winning)
|raw|MiguelRRM's rating: 1830 &rarr; <strong>1800</strong><br />(-30 for losing)
|l|☆Shadixsman
