|j|☆Buck X
|j|☆WSun1 ❤
|t:|1661137136
|gametype|singles
|player|p1|Buck X|ethan-masters|
|player|p2|WSun1 ❤|#omplxtempertyrantrums|
|teamsize|p1|6
|teamsize|p2|6
|gen|8
|tier|[Gen 8] National Dex AG
|rule|HP Percentage Mod: HP is shown in percentages
|rule|Endless Battle Clause: Forcing endless battles is banned
|clearpoke
|poke|p1|Kyogre|
|poke|p1|Chansey, F|
|poke|p1|Sableye, F|
|poke|p1|Lugia|
|poke|p1|Yveltal|
|poke|p1|Arceus-*|
|poke|p2|Eternatus|
|poke|p2|Arceus-*|
|poke|p2|Yveltal|
|poke|p2|Necrozma-Dusk-Mane|
|poke|p2|Arceus-*|
|poke|p2|Marshadow|
|teampreview
|inactive|Battle timer is ON: inactive players will automatically lose when time's up. (requested by WSun1 ❤)
|inactive|Buck X also wants the timer to be on.
|c|☆Buck X|Thx
|c|☆Buck X|Hf
|
|t:|1661137159
|start
|switch|p1a: Pretty gem|Sableye, F|100/100
|switch|p2a: Eternatus|Eternatus|100/100
|-ability|p2a: Eternatus|Pressure
|turn|1
|
|t:|1661137165
|detailschange|p1a: Pretty gem|Sableye-Mega, F
|-mega|p1a: Pretty gem|Sableye|Sablenite
|move|p1a: Pretty gem|Protect|p1a: Pretty gem
|-singleturn|p1a: Pretty gem|Protect
|move|p2a: Eternatus|Dynamax Cannon|p1a: Pretty gem
|-activate|p1a: Pretty gem|move: Protect
|
|upkeep
|turn|2
|
|t:|1661137174
|switch|p2a: Necrozma|Necrozma-Dusk-Mane|100/100
|switch|p1a: Tough pink lady|Chansey, F|100/100
|
|upkeep
|turn|3
|
|t:|1661137177
|switch|p1a: Pretty gem|Sableye-Mega, F|100/100
|move|p2a: Necrozma|Sunsteel Strike|p1a: Pretty gem
|-damage|p1a: Pretty gem|65/100
|
|upkeep
|turn|4
|
|t:|1661137191
|switch|p2a: Arceus|Arceus-Steel|100/100
|move|p1a: Pretty gem|Recover|p1a: Pretty gem
|-heal|p1a: Pretty gem|100/100
|
|upkeep
|turn|5
|
|t:|1661137200
|switch|p2a: Marshadow|Marshadow|100/100
|move|p1a: Pretty gem|Protect||[still]
|-fail|p1a: Pretty gem
|
|upkeep
|turn|6
|
|t:|1661137204
|switch|p2a: Arceus|Arceus-Steel|100/100
|move|p1a: Pretty gem|Will-O-Wisp|p2a: Arceus
|-status|p2a: Arceus|brn
|
|-damage|p2a: Arceus|94/100 brn|[from] brn
|upkeep
|turn|7
|
|t:|1661137210
|switch|p1a: Eternal storm|Kyogre|100/100
|-weather|RainDance|[from] ability: Drizzle|[of] p1a: Eternal storm
|move|p2a: Arceus|Calm Mind|p2a: Arceus
|-boost|p2a: Arceus|spa|1
|-boost|p2a: Arceus|spd|1
|
|-weather|RainDance|[upkeep]
|-damage|p2a: Arceus|88/100 brn|[from] brn
|upkeep
|turn|8
|
|t:|1661137212
|move|p2a: Arceus|Thunder|p1a: Eternal storm
|-supereffective|p1a: Eternal storm
|-damage|p1a: Eternal storm|31/100
|move|p1a: Eternal storm|Calm Mind|p1a: Eternal storm
|-boost|p1a: Eternal storm|spa|1
|-boost|p1a: Eternal storm|spd|1
|
|-weather|RainDance|[upkeep]
|-heal|p1a: Eternal storm|37/100|[from] item: Leftovers
|-damage|p2a: Arceus|82/100 brn|[from] brn
|upkeep
|turn|9
|
|t:|1661137217
|-start|p1a: Eternal storm|Dynamax|
|-heal|p1a: Eternal storm|37/100|[silent]
|move|p2a: Arceus|Thunder|p1a: Eternal storm
|-supereffective|p1a: Eternal storm
|-damage|p1a: Eternal storm|14/100
|move|p1a: Eternal storm|Max Geyser|p2a: Arceus
|-damage|p2a: Arceus|7/100 brn
|
|-weather|RainDance|[upkeep]
|-heal|p1a: Eternal storm|17/100|[from] item: Leftovers
|-damage|p2a: Arceus|1/100 brn|[from] brn
|upkeep
|turn|10
|
|t:|1661137226
|move|p1a: Eternal storm|Max Guard|p1a: Eternal storm
|-singleturn|p1a: Eternal storm|Max Guard
|move|p2a: Arceus|Recover|p2a: Arceus
|-heal|p2a: Arceus|51/100 brn
|
|-weather|RainDance|[upkeep]
|-heal|p1a: Eternal storm|20/100|[from] item: Leftovers
|-damage|p2a: Arceus|45/100 brn|[from] brn
|upkeep
|turn|11
|
|t:|1661137232
|-end|p1a: Eternal storm|Dynamax
|-heal|p1a: Eternal storm|20/100|[silent]
|switch|p1a: Tough pink lady|Chansey, F|100/100
|move|p2a: Arceus|Thunder|p1a: Tough pink lady
|-damage|p1a: Tough pink lady|87/100
|
|-weather|none
|-damage|p2a: Arceus|39/100 brn|[from] brn
|upkeep
|turn|12
|
|t:|1661137242
|move|p2a: Arceus|Recover|p2a: Arceus
|-heal|p2a: Arceus|89/100 brn
|move|p1a: Tough pink lady|Seismic Toss|p2a: Arceus
|-damage|p2a: Arceus|63/100 brn
|
|-damage|p2a: Arceus|57/100 brn|[from] brn
|upkeep
|turn|13
|
|t:|1661137253
|move|p2a: Arceus|Calm Mind|p2a: Arceus
|-boost|p2a: Arceus|spa|1
|-boost|p2a: Arceus|spd|1
|move|p1a: Tough pink lady|Seismic Toss|p2a: Arceus
|-damage|p2a: Arceus|30/100 brn
|
|-damage|p2a: Arceus|24/100 brn|[from] brn
|upkeep
|turn|14
|
|t:|1661137256
|move|p2a: Arceus|Recover|p2a: Arceus
|-heal|p2a: Arceus|75/100 brn
|move|p1a: Tough pink lady|Confide|p2a: Arceus
|-unboost|p2a: Arceus|spa|1
|
|-damage|p2a: Arceus|68/100 brn|[from] brn
|upkeep
|turn|15
|
|t:|1661137269
|switch|p1a: White phoenix|Lugia|100/100
|move|p2a: Arceus|Calm Mind|p2a: Arceus
|-boost|p2a: Arceus|spa|1
|-boost|p2a: Arceus|spd|1
|
|-damage|p2a: Arceus|62/100 brn|[from] brn
|upkeep
|turn|16
|
|t:|1661137273
|switch|p1a: Tough pink lady|Chansey, F|87/100
|move|p2a: Arceus|Judgment|p1a: Tough pink lady
|-damage|p1a: Tough pink lady|60/100
|
|-damage|p2a: Arceus|56/100 brn|[from] brn
|upkeep
|turn|17
|
|t:|1661137277
|move|p2a: Arceus|Recover|p2a: Arceus
|-heal|p2a: Arceus|100/100 brn
|move|p1a: Tough pink lady|Soft-Boiled|p1a: Tough pink lady
|-heal|p1a: Tough pink lady|100/100
|
|-damage|p2a: Arceus|94/100 brn|[from] brn
|upkeep
|turn|18
|
|t:|1661137279
|switch|p2a: Marshadow|Marshadow|100/100
|move|p1a: Tough pink lady|Confide|p2a: Marshadow
|-unboost|p2a: Marshadow|spa|1
|
|upkeep
|turn|19
|
|t:|1661137287
|switch|p1a: Fearless priest|Arceus-Ground|100/100
|move|p2a: Marshadow|Poltergeist|p1a: Fearless priest
|-activate|p1a: Fearless priest|move: Poltergeist|Earth Plate
|-damage|p1a: Fearless priest|61/100
|
|upkeep
|turn|20
|
|t:|1661137300
|switch|p2a: Arceus|Arceus-Water|100/100
|move|p1a: Fearless priest|Recover|p1a: Fearless priest
|-heal|p1a: Fearless priest|100/100
|
|upkeep
|turn|21
|
|t:|1661137309
|switch|p1a: White phoenix|Lugia|100/100
|move|p2a: Arceus|Whirlpool|p1a: White phoenix
|-damage|p1a: White phoenix|96/100
|-activate|p1a: White phoenix|move: Whirlpool|[of] p2a: Arceus
|
|-heal|p1a: White phoenix|100/100|[from] item: Leftovers
|-damage|p1a: White phoenix|88/100|[from] move: Whirlpool|[partiallytrapped]
|upkeep
|turn|22
|
|t:|1661137317
|switch|p2a: Eternatus|Eternatus|100/100
|-ability|p2a: Eternatus|Pressure
|move|p1a: White phoenix|Toxic|p2a: Eternatus
|-immune|p2a: Eternatus
|
|-heal|p1a: White phoenix|94/100|[from] item: Leftovers
|-end|p1a: White phoenix|Whirlpool|[partiallytrapped]|[silent]
|upkeep
|turn|23
|
|t:|1661137329
|switch|p1a: Pretty gem|Sableye-Mega, F|100/100
|move|p2a: Eternatus|Toxic|p1a: Pretty gem
|move|p1a: Pretty gem|Toxic|p2a: Eternatus|[from]ability: Magic Bounce
|-immune|p2a: Eternatus
|
|upkeep
|turn|24
|
|t:|1661137341
|switch|p2a: Arceus|Arceus-Water|100/100
|move|p1a: Pretty gem|Recover||[still]
|-fail|p1a: Pretty gem|heal
|
|upkeep
|turn|25
|
|t:|1661137353
|switch|p2a: Eternatus|Eternatus|100/100
|-ability|p2a: Eternatus|Pressure
|switch|p1a: White phoenix|Lugia|94/100
|
|-heal|p1a: White phoenix|100/100|[from] item: Leftovers
|upkeep
|turn|26
|
|t:|1661137359
|switch|p1a: Tough pink lady|Chansey, F|100/100
|move|p2a: Eternatus|Dynamax Cannon|p1a: Tough pink lady
|-damage|p1a: Tough pink lady|88/100
|
|upkeep
|turn|27
|
|t:|1661137366
|switch|p1a: Pretty gem|Sableye-Mega, F|100/100
|move|p2a: Eternatus|Toxic Spikes|p1a: Pretty gem
|move|p1a: Pretty gem|Toxic Spikes|p2a: Eternatus|[from]ability: Magic Bounce
|-sidestart|p2: WSun1 ❤|move: Toxic Spikes
|
|upkeep
|turn|28
|
|t:|1661137374
|switch|p2a: Necrozma|Necrozma-Dusk-Mane|100/100
|move|p1a: Pretty gem|Will-O-Wisp|p2a: Necrozma
|-status|p2a: Necrozma|brn
|
|-damage|p2a: Necrozma|94/100 brn|[from] brn
|upkeep
|turn|29
|
|t:|1661137381
|switch|p2a: Eternatus|Eternatus|100/100
|-sideend|p2: WSun1 ❤|move: Toxic Spikes|[of] p2a: Eternatus
|-ability|p2a: Eternatus|Pressure
|switch|p1a: Eternal storm|Kyogre|20/100
|-weather|RainDance|[from] ability: Drizzle|[of] p1a: Eternal storm
|
|-weather|RainDance|[upkeep]
|-heal|p1a: Eternal storm|26/100|[from] item: Leftovers
|upkeep
|turn|30
|
|t:|1661137387
|switch|p1a: Tough pink lady|Chansey, F|88/100
|move|p2a: Eternatus|Dynamax Cannon|p1a: Tough pink lady
|-damage|p1a: Tough pink lady|77/100
|
|-weather|RainDance|[upkeep]
|upkeep
|turn|31
|
|t:|1661137395
|switch|p2a: Arceus|Arceus-Water|100/100
|switch|p1a: Pretty gem|Sableye-Mega, F|100/100
|
|-weather|RainDance|[upkeep]
|upkeep
|turn|32
|
|t:|1661137400
|move|p1a: Pretty gem|Protect|p1a: Pretty gem
|-singleturn|p1a: Pretty gem|Protect
|move|p2a: Arceus|Whirlpool|p1a: Pretty gem
|-activate|p1a: Pretty gem|move: Protect
|
|-weather|RainDance|[upkeep]
|upkeep
|turn|33
|
|t:|1661137407
|move|p2a: Arceus|Whirlpool|p1a: Pretty gem|[miss]
|-miss|p2a: Arceus|p1a: Pretty gem
|move|p1a: Pretty gem|Recover||[still]
|-fail|p1a: Pretty gem|heal
|
|-weather|none
|upkeep
|turn|34
|
|t:|1661137413
|switch|p2a: Eternatus|Eternatus|100/100
|-ability|p2a: Eternatus|Pressure
|switch|p1a: White phoenix|Lugia|100/100
|
|upkeep
|turn|35
|
|t:|1661137423
|switch|p1a: Pretty gem|Sableye-Mega, F|100/100
|move|p2a: Eternatus|Toxic Spikes|p1a: Pretty gem
|move|p1a: Pretty gem|Toxic Spikes|p2a: Eternatus|[from]ability: Magic Bounce
|-sidestart|p2: WSun1 ❤|move: Toxic Spikes
|
|upkeep
|turn|36
|
|t:|1661137429
|move|p1a: Pretty gem|Protect|p1a: Pretty gem
|-singleturn|p1a: Pretty gem|Protect
|move|p2a: Eternatus|Toxic Spikes|p1a: Pretty gem
|move|p1a: Pretty gem|Toxic Spikes|p2a: Eternatus|[from]ability: Magic Bounce
|-sidestart|p2: WSun1 ❤|move: Toxic Spikes
|
|upkeep
|turn|37
|
|t:|1661137436
|move|p2a: Eternatus|Toxic Spikes|p1a: Pretty gem
|move|p1a: Pretty gem|Toxic Spikes||[from]ability: Magic Bounce|[still]
|-fail|p1a: Pretty gem
|move|p1a: Pretty gem|Foul Play|p2a: Eternatus
|-damage|p2a: Eternatus|85/100
|
|upkeep
|turn|38
|
|t:|1661137445
|move|p1a: Pretty gem|Protect|p1a: Pretty gem
|-singleturn|p1a: Pretty gem|Protect
|move|p2a: Eternatus|Dynamax Cannon|p1a: Pretty gem
|-activate|p1a: Pretty gem|move: Protect
|
|upkeep
|turn|39
|
|t:|1661137450
|move|p2a: Eternatus|Toxic Spikes|p1a: Pretty gem
|move|p1a: Pretty gem|Toxic Spikes||[from]ability: Magic Bounce|[still]
|-fail|p1a: Pretty gem
|move|p1a: Pretty gem|Recover||[still]
|-fail|p1a: Pretty gem|heal
|
|upkeep
|turn|40
|
|t:|1661137453
|move|p2a: Eternatus|Toxic Spikes|p1a: Pretty gem
|move|p1a: Pretty gem|Toxic Spikes||[from]ability: Magic Bounce|[still]
|-fail|p1a: Pretty gem
|move|p1a: Pretty gem|Recover||[still]
|-fail|p1a: Pretty gem|heal
|
|upkeep
|turn|41
|
|t:|1661137457
|switch|p2a: Yveltal|Yveltal|100/100
|-ability|p2a: Yveltal|Dark Aura
|move|p1a: Pretty gem|Will-O-Wisp|p2a: Yveltal
|-status|p2a: Yveltal|brn
|
|-damage|p2a: Yveltal|94/100 brn|[from] brn
|upkeep
|turn|42
|
|t:|1661137463
|switch|p2a: Eternatus|Eternatus|85/100
|-sideend|p2: WSun1 ❤|move: Toxic Spikes|[of] p2a: Eternatus
|-ability|p2a: Eternatus|Pressure
|move|p1a: Pretty gem|Protect||[still]
|-fail|p1a: Pretty gem
|
|upkeep
|turn|43
|
|t:|1661137479
|switch|p2a: Arceus|Arceus-Water|100/100
|move|p1a: Pretty gem|Will-O-Wisp|p2a: Arceus
|-status|p2a: Arceus|brn
|
|-damage|p2a: Arceus|94/100 brn|[from] brn
|upkeep
|turn|44
|
|t:|1661137493
|switch|p2a: Eternatus|Eternatus|85/100
|-ability|p2a: Eternatus|Pressure
|move|p1a: Pretty gem|Foul Play|p2a: Eternatus
|-damage|p2a: Eternatus|69/100
|
|upkeep
|turn|45
|
|t:|1661137499
|switch|p1a: Fearless priest|Arceus-Ground|100/100
|move|p2a: Eternatus|Toxic Spikes|p1a: Fearless priest
|-sidestart|p1: Buck X|move: Toxic Spikes
|
|upkeep
|turn|46
|
|t:|1661137507
|move|p2a: Eternatus|Toxic|p1a: Fearless priest
|-status|p1a: Fearless priest|tox
|move|p1a: Fearless priest|Stealth Rock|p2a: Eternatus
|-sidestart|p2: WSun1 ❤|move: Stealth Rock
|
|-damage|p1a: Fearless priest|94/100 tox|[from] psn
|upkeep
|turn|47
|
|t:|1661137514
|switch|p2a: Arceus|Arceus-Water|94/100 brn
|-damage|p2a: Arceus|82/100 brn|[from] Stealth Rock
|switch|p1a: Pretty gem|Sableye-Mega, F|100/100
|-status|p1a: Pretty gem|psn
|
|-damage|p1a: Pretty gem|88/100 psn|[from] psn
|-damage|p2a: Arceus|76/100 brn|[from] brn
|upkeep
|turn|48
|
|t:|1661137521
|switch|p1a: White phoenix|Lugia|100/100
|move|p2a: Arceus|Earth Power|p1a: White phoenix
|-immune|p1a: White phoenix
|
|-damage|p2a: Arceus|70/100 brn|[from] brn
|upkeep
|turn|49
|
|t:|1661137530
|switch|p1a: Tough pink lady|Chansey, F|77/100
|-status|p1a: Tough pink lady|psn
|move|p2a: Arceus|Earth Power|p1a: Tough pink lady
|-damage|p1a: Tough pink lady|71/100 psn
|
|-damage|p1a: Tough pink lady|58/100 psn|[from] psn
|-damage|p2a: Arceus|64/100 brn|[from] brn
|upkeep
|turn|50
|
|t:|1661137535
|move|p2a: Arceus|Whirlpool|p1a: Tough pink lady
|-damage|p1a: Tough pink lady|54/100 psn
|-activate|p1a: Tough pink lady|move: Whirlpool|[of] p2a: Arceus
|move|p1a: Tough pink lady|Aromatherapy|p1a: Tough pink lady
|-activate|p1a: Tough pink lady|move: Aromatherapy
|-curestatus|p1a: Tough pink lady|psn|[msg]
|-curestatus|p1: Fearless priest|tox|[msg]
|-curestatus|p1: Pretty gem|psn|[msg]
|
|-damage|p2a: Arceus|58/100 brn|[from] brn
|-damage|p1a: Tough pink lady|41/100|[from] move: Whirlpool|[partiallytrapped]
|upkeep
|turn|51
|c|☆Buck X|Oops i fucked up
|
|t:|1661137553
|move|p2a: Arceus|Perish Song|p2a: Arceus
|-start|p1a: Tough pink lady|perish3|[silent]
|-start|p2a: Arceus|perish3|[silent]
|-fieldactivate|move: Perish Song
|move|p1a: Tough pink lady|Soft-Boiled|p1a: Tough pink lady
|-heal|p1a: Tough pink lady|91/100
|
|-damage|p2a: Arceus|52/100 brn|[from] brn
|-damage|p1a: Tough pink lady|79/100|[from] move: Whirlpool|[partiallytrapped]
|-start|p2a: Arceus|perish3
|-start|p1a: Tough pink lady|perish3
|upkeep
|turn|52
|
|t:|1661137558
|move|p2a: Arceus|Recover|p2a: Arceus
|-heal|p2a: Arceus|100/100 brn
|move|p1a: Tough pink lady|Seismic Toss|p2a: Arceus
|-damage|p2a: Arceus|78/100 brn
|
|-damage|p2a: Arceus|72/100 brn|[from] brn
|-damage|p1a: Tough pink lady|66/100|[from] move: Whirlpool|[partiallytrapped]
|-start|p2a: Arceus|perish2
|-start|p1a: Tough pink lady|perish2
|upkeep
|turn|53
|
|t:|1661137562
|move|p2a: Arceus|Earth Power|p1a: Tough pink lady
|-damage|p1a: Tough pink lady|60/100
|move|p1a: Tough pink lady|Seismic Toss|p2a: Arceus
|-damage|p2a: Arceus|49/100 brn
|
|-damage|p2a: Arceus|43/100 brn|[from] brn
|-damage|p1a: Tough pink lady|48/100|[from] move: Whirlpool|[partiallytrapped]
|-start|p2a: Arceus|perish1
|-start|p1a: Tough pink lady|perish1
|upkeep
|turn|54
|
|t:|1661137567
|switch|p2a: Marshadow|Marshadow|100/100
|-damage|p2a: Marshadow|94/100|[from] Stealth Rock
|move|p1a: Tough pink lady|Seismic Toss|p2a: Marshadow
|-immune|p2a: Marshadow
|
|-end|p1a: Tough pink lady|Whirlpool|[partiallytrapped]
|-start|p1a: Tough pink lady|perish0
|upkeep
|faint|p1a: Tough pink lady
|
|t:|1661137583
|switch|p1a: White phoenix|Lugia|100/100
|turn|55
|
|t:|1661137588
|switch|p2a: Yveltal|Yveltal|94/100 brn
|-ability|p2a: Yveltal|Dark Aura
|move|p1a: White phoenix|Whirlwind|p2a: Yveltal
|drag|p2a: Arceus|Arceus-Steel|94/100 brn
|-damage|p2a: Arceus|88/100 brn|[from] Stealth Rock
|
|-damage|p2a: Arceus|82/100 brn|[from] brn
|upkeep
|turn|56
|
|t:|1661137600
|move|p2a: Arceus|Thunder|p1a: White phoenix
|-supereffective|p1a: White phoenix
|-damage|p1a: White phoenix|81/100
|move|p1a: White phoenix|Ice Beam|p2a: Arceus
|-resisted|p2a: Arceus
|-damage|p2a: Arceus|75/100 brn
|
|-heal|p1a: White phoenix|87/100|[from] item: Leftovers
|-damage|p2a: Arceus|68/100 brn|[from] brn
|upkeep
|turn|57
|
|t:|1661137606
|switch|p2a: Yveltal|Yveltal|94/100 brn
|-ability|p2a: Yveltal|Dark Aura
|move|p1a: White phoenix|Roost|p1a: White phoenix
|-heal|p1a: White phoenix|100/100
|-singleturn|p1a: White phoenix|move: Roost
|
|-damage|p2a: Yveltal|88/100 brn|[from] brn
|upkeep
|turn|58
|
|t:|1661137615
|switch|p1a: Raven of death|Yveltal, shiny|100/100
|-ability|p1a: Raven of death|Dark Aura
|move|p2a: Yveltal|Defog|p1a: Raven of death
|-unboost|p1a: Raven of death|evasion|1
|-sideend|p1: Buck X|Toxic Spikes|[from] move: Defog|[of] p2a: Yveltal
|-sideend|p2: WSun1 ❤|Stealth Rock|[from] move: Defog|[of] p2a: Yveltal
|
|-damage|p2a: Yveltal|82/100 brn|[from] brn
|upkeep
|turn|59
|
|t:|1661137621
|move|p1a: Raven of death|Knock Off|p2a: Yveltal
|-resisted|p2a: Yveltal
|-damage|p2a: Yveltal|56/100 brn
|-enditem|p2a: Yveltal|Heavy-Duty Boots|[from] move: Knock Off|[of] p1a: Raven of death
|move|p2a: Yveltal|Toxic|p1a: Raven of death
|-status|p1a: Raven of death|tox
|
|-damage|p1a: Raven of death|94/100 tox|[from] psn
|-damage|p2a: Yveltal|50/100 brn|[from] brn
|upkeep
|turn|60
|
|t:|1661137629
|switch|p1a: Pretty gem|Sableye-Mega, F|88/100
|move|p2a: Yveltal|Roost|p2a: Yveltal
|-heal|p2a: Yveltal|99/100 brn
|-singleturn|p2a: Yveltal|move: Roost
|
|-damage|p2a: Yveltal|94/100 brn|[from] brn
|upkeep
|turn|61
|
|t:|1661137635
|switch|p2a: Eternatus|Eternatus|69/100
|-ability|p2a: Eternatus|Pressure
|move|p1a: Pretty gem|Foul Play|p2a: Eternatus
|-damage|p2a: Eternatus|52/100
|
|upkeep
|turn|62
|
|t:|1661137639
|move|p2a: Eternatus|Recover|p2a: Eternatus
|-heal|p2a: Eternatus|100/100
|move|p1a: Pretty gem|Will-O-Wisp|p2a: Eternatus
|-status|p2a: Eternatus|brn
|
|-damage|p2a: Eternatus|94/100 brn|[from] brn
|upkeep
|turn|63
|
|t:|1661137650
|move|p1a: Pretty gem|Protect|p1a: Pretty gem
|-singleturn|p1a: Pretty gem|Protect
|move|p2a: Eternatus|Toxic|p1a: Pretty gem
|-activate|p1a: Pretty gem|move: Protect
|
|-damage|p2a: Eternatus|88/100 brn|[from] brn
|upkeep
|turn|64
|
|t:|1661137655
|switch|p2a: Arceus|Arceus-Water|43/100 brn
|move|p1a: Pretty gem|Recover|p1a: Pretty gem
|-heal|p1a: Pretty gem|100/100
|
|-damage|p2a: Arceus|37/100 brn|[from] brn
|upkeep
|turn|65
|
|t:|1661137671
|switch|p1a: White phoenix|Lugia|100/100
|move|p2a: Arceus|Recover|p2a: Arceus
|-heal|p2a: Arceus|87/100 brn
|
|-damage|p2a: Arceus|81/100 brn|[from] brn
|upkeep
|turn|66
|
|t:|1661137683
|switch|p2a: Eternatus|Eternatus|88/100 brn
|-ability|p2a: Eternatus|Pressure
|move|p1a: White phoenix|Ice Beam|p2a: Eternatus
|-supereffective|p2a: Eternatus
|-damage|p2a: Eternatus|67/100 brn
|
|-damage|p2a: Eternatus|61/100 brn|[from] brn
|upkeep
|turn|67
|
|t:|1661137695
|switch|p1a: Pretty gem|Sableye-Mega, F|100/100
|move|p2a: Eternatus|Dynamax Cannon|p1a: Pretty gem
|-damage|p1a: Pretty gem|50/100
|
|-damage|p2a: Eternatus|55/100 brn|[from] brn
|upkeep
|turn|68
|
|t:|1661137702
|move|p2a: Eternatus|Dynamax Cannon|p1a: Pretty gem
|-damage|p1a: Pretty gem|5/100
|move|p1a: Pretty gem|Recover|p1a: Pretty gem
|-heal|p1a: Pretty gem|55/100
|
|-damage|p2a: Eternatus|48/100 brn|[from] brn
|upkeep
|turn|69
|
|t:|1661137708
|move|p2a: Eternatus|Recover|p2a: Eternatus
|-heal|p2a: Eternatus|98/100 brn
|move|p1a: Pretty gem|Recover|p1a: Pretty gem
|-heal|p1a: Pretty gem|100/100
|
|-damage|p2a: Eternatus|92/100 brn|[from] brn
|upkeep
|turn|70
|
|t:|1661137716
|switch|p2a: Arceus|Arceus-Steel|68/100 brn
|move|p1a: Pretty gem|Foul Play|p2a: Arceus
|-damage|p2a: Arceus|45/100 brn
|
|-damage|p2a: Arceus|39/100 brn|[from] brn
|upkeep
|turn|71
|
|t:|1661137720
|switch|p1a: Fearless priest|Arceus-Ground|94/100
|move|p2a: Arceus|Recover|p2a: Arceus
|-heal|p2a: Arceus|89/100 brn
|
|-damage|p2a: Arceus|83/100 brn|[from] brn
|upkeep
|turn|72
|j| Pokemh
|
|t:|1661137724
|switch|p2a: Yveltal|Yveltal|94/100 brn
|-ability|p2a: Yveltal|Dark Aura
|move|p1a: Fearless priest|Judgment|p2a: Yveltal
|-immune|p2a: Yveltal
|
|-damage|p2a: Yveltal|88/100 brn|[from] brn
|upkeep
|turn|73
|
|t:|1661137735
|switch|p1a: Eternal storm|Kyogre|26/100
|-weather|RainDance|[from] ability: Drizzle|[of] p1a: Eternal storm
|move|p2a: Yveltal|Toxic|p1a: Eternal storm
|-status|p1a: Eternal storm|tox
|
|-weather|RainDance|[upkeep]
|-heal|p1a: Eternal storm|32/100 tox|[from] item: Leftovers
|-damage|p1a: Eternal storm|26/100 tox|[from] psn
|-damage|p2a: Yveltal|82/100 brn|[from] brn
|upkeep
|turn|74
|
|t:|1661137753
|switch|p2a: Arceus|Arceus-Steel|83/100 brn
|move|p1a: Eternal storm|Rest|p1a: Eternal storm
|-status|p1a: Eternal storm|slp|[from] move: Rest
|-heal|p1a: Eternal storm|100/100 slp|[silent]
|
|-weather|RainDance|[upkeep]
|-damage|p2a: Arceus|77/100 brn|[from] brn
|upkeep
|turn|75
|
|t:|1661137758
|switch|p1a: Fearless priest|Arceus-Ground|94/100
|move|p2a: Arceus|Calm Mind|p2a: Arceus
|-boost|p2a: Arceus|spa|1
|-boost|p2a: Arceus|spd|1
|
|-weather|RainDance|[upkeep]
|-damage|p2a: Arceus|71/100 brn|[from] brn
|upkeep
|turn|76
|
|t:|1661137769
|move|p2a: Arceus|Calm Mind|p2a: Arceus
|-boost|p2a: Arceus|spa|1
|-boost|p2a: Arceus|spd|1
|move|p1a: Fearless priest|Judgment|p2a: Arceus
|-supereffective|p2a: Arceus
|-damage|p2a: Arceus|31/100 brn
|
|-weather|RainDance|[upkeep]
|-damage|p2a: Arceus|25/100 brn|[from] brn
|upkeep
|turn|77
|
|t:|1661137776
|move|p2a: Arceus|Recover|p2a: Arceus
|-heal|p2a: Arceus|75/100 brn
|move|p1a: Fearless priest|Judgment|p2a: Arceus
|-supereffective|p2a: Arceus
|-damage|p2a: Arceus|37/100 brn
|
|-weather|none
|-damage|p2a: Arceus|31/100 brn|[from] brn
|upkeep
|turn|78
|
|t:|1661137789
|switch|p1a: White phoenix|Lugia|100/100
|move|p2a: Arceus|Recover|p2a: Arceus
|-heal|p2a: Arceus|81/100 brn
|
|-damage|p2a: Arceus|75/100 brn|[from] brn
|upkeep
|turn|79
|
|t:|1661137796
|switch|p1a: Fearless priest|Arceus-Ground|94/100
|-start|p2a: Arceus|Dynamax|
|-heal|p2a: Arceus|75/100 brn|[silent]
|move|p2a: Arceus|Max Lightning|p1a: Fearless priest
|-immune|p1a: Fearless priest
|
|-damage|p2a: Arceus|72/100 brn|[from] brn
|upkeep
|turn|80
|
|t:|1661137805
|switch|p1a: Eternal storm|Kyogre|100/100 slp
|-weather|RainDance|[from] ability: Drizzle|[of] p1a: Eternal storm
|move|p2a: Arceus|Max Steelspike|p1a: Eternal storm
|-resisted|p1a: Eternal storm
|-damage|p1a: Eternal storm|51/100 slp
|-boost|p2a: Arceus|def|1
|
|-weather|RainDance|[upkeep]
|-heal|p1a: Eternal storm|57/100 slp|[from] item: Leftovers
|-damage|p2a: Arceus|69/100 brn|[from] brn
|upkeep
|turn|81
|
|t:|1661137810
|switch|p1a: Fearless priest|Arceus-Ground|94/100
|move|p2a: Arceus|Max Steelspike|p1a: Fearless priest
|-damage|p1a: Fearless priest|0 fnt
|-boost|p2a: Arceus|def|1
|faint|p1a: Fearless priest
|
|-weather|RainDance|[upkeep]
|-damage|p2a: Arceus|66/100 brn|[from] brn
|upkeep
|
|t:|1661137813
|switch|p1a: White phoenix|Lugia|100/100
|-end|p2a: Arceus|Dynamax
|-heal|p2a: Arceus|66/100 brn|[silent]
|turn|82
|
|t:|1661137817
|move|p2a: Arceus|Thunder|p1a: White phoenix
|-supereffective|p1a: White phoenix
|-damage|p1a: White phoenix|57/100
|-status|p1a: White phoenix|par
|move|p1a: White phoenix|Whirlwind|p2a: Arceus
|drag|p2a: Necrozma|Necrozma-Dusk-Mane|94/100 brn
|
|-weather|RainDance|[upkeep]
|-heal|p1a: White phoenix|63/100 par|[from] item: Leftovers
|-damage|p2a: Necrozma|88/100 brn|[from] brn
|upkeep
|turn|83
|
|t:|1661137827
|switch|p2a: Arceus|Arceus-Steel|66/100 brn
|switch|p1a: Pretty gem|Sableye-Mega, F|100/100
|
|-weather|RainDance|[upkeep]
|-damage|p2a: Arceus|60/100 brn|[from] brn
|upkeep
|turn|84
|
|t:|1661137832
|switch|p1a: White phoenix|Lugia|63/100 par
|move|p2a: Arceus|Calm Mind|p2a: Arceus
|-boost|p2a: Arceus|spa|1
|-boost|p2a: Arceus|spd|1
|
|-weather|none
|-heal|p1a: White phoenix|69/100 par|[from] item: Leftovers
|-damage|p2a: Arceus|54/100 brn|[from] brn
|upkeep
|turn|85
|
|t:|1661137838
|move|p2a: Arceus|Judgment|p1a: White phoenix
|-damage|p1a: White phoenix|16/100 par
|move|p1a: White phoenix|Roost|p1a: White phoenix
|-heal|p1a: White phoenix|66/100 par
|-singleturn|p1a: White phoenix|move: Roost
|
|-heal|p1a: White phoenix|72/100 par|[from] item: Leftovers
|-damage|p2a: Arceus|48/100 brn|[from] brn
|upkeep
|turn|86
|
|t:|1661137849
|move|p2a: Arceus|Thunder|p1a: White phoenix
|-supereffective|p1a: White phoenix
|-damage|p1a: White phoenix|8/100 par
|move|p1a: White phoenix|Roost|p1a: White phoenix
|-heal|p1a: White phoenix|58/100 par
|-singleturn|p1a: White phoenix|move: Roost
|
|-heal|p1a: White phoenix|65/100 par|[from] item: Leftovers
|-damage|p2a: Arceus|42/100 brn|[from] brn
|upkeep
|turn|87
|
|t:|1661137854
|move|p2a: Arceus|Thunder|p1a: White phoenix|[miss]
|-miss|p2a: Arceus|p1a: White phoenix
|move|p1a: White phoenix|Whirlwind|p2a: Arceus
|drag|p2a: Arceus|Arceus-Water|81/100 brn
|
|-heal|p1a: White phoenix|71/100 par|[from] item: Leftovers
|-damage|p2a: Arceus|75/100 brn|[from] brn
|upkeep
|turn|88
|
|t:|1661137859
|switch|p1a: Pretty gem|Sableye-Mega, F|100/100
|move|p2a: Arceus|Whirlpool|p1a: Pretty gem
|-damage|p1a: Pretty gem|83/100
|-activate|p1a: Pretty gem|move: Whirlpool|[of] p2a: Arceus
|
|-damage|p2a: Arceus|69/100 brn|[from] brn
|-damage|p1a: Pretty gem|70/100|[from] move: Whirlpool|[partiallytrapped]
|upkeep
|turn|89
|
|t:|1661137865
|move|p2a: Arceus|Earth Power|p1a: Pretty gem
|-damage|p1a: Pretty gem|48/100
|move|p1a: Pretty gem|Recover|p1a: Pretty gem
|-heal|p1a: Pretty gem|98/100
|
|-damage|p2a: Arceus|63/100 brn|[from] brn
|-damage|p1a: Pretty gem|85/100|[from] move: Whirlpool|[partiallytrapped]
|upkeep
|turn|90
|
|t:|1661137875
|switch|p1a: White phoenix|Lugia|71/100 par
|move|p2a: Arceus|Earth Power|p1a: White phoenix
|-immune|p1a: White phoenix
|
|-heal|p1a: White phoenix|77/100 par|[from] item: Leftovers
|-damage|p2a: Arceus|57/100 brn|[from] brn
|upkeep
|turn|91
|
|t:|1661137882
|switch|p1a: Pretty gem|Sableye-Mega, F|85/100
|move|p2a: Arceus|Whirlpool|p1a: Pretty gem|[miss]
|-miss|p2a: Arceus|p1a: Pretty gem
|
|-damage|p2a: Arceus|51/100 brn|[from] brn
|upkeep
|turn|92
|c|☆WSun1 ❤|why do u challenge me
|
|t:|1661137891
|move|p2a: Arceus|Recover|p2a: Arceus
|-heal|p2a: Arceus|100/100 brn
|move|p1a: Pretty gem|Foul Play|p2a: Arceus
|-damage|p2a: Arceus|84/100 brn
|
|-damage|p2a: Arceus|78/100 brn|[from] brn
|upkeep
|turn|93
|c|☆WSun1 ❤|and bring stall
|c|☆WSun1 ❤|what do u hope to accomplish
|c|☆WSun1 ❤|from doing this
|c| Pokemh|where is zac check ;;;
|
|t:|1661137905
|move|p1a: Pretty gem|Protect|p1a: Pretty gem
|-singleturn|p1a: Pretty gem|Protect
|move|p2a: Arceus|Whirlpool|p1a: Pretty gem
|-activate|p1a: Pretty gem|move: Protect
|
|-damage|p2a: Arceus|72/100 brn|[from] brn
|upkeep
|turn|94
|j| BTZ•CRAZY
|j| Opnoob 598ス°
|c| BTZ•CRAZY|the funny
|inactive|Buck X has 270 seconds left.
|c|☆Buck X|Will I’ll be honest. I don’t hope to accomplish anything
|c| Opnoob 598ス°|WSun1 LOL
|l| BTZ•CRAZY
|c| Opnoob 598ス°|ur fighting buck huh cool
|c|☆Buck X|this is just my 92.8 gxe team
|c|☆Buck X|i was just testing
|j| 09-10a
|inactive|Buck X has 240 seconds left.
|c|☆WSun1 ❤|92.8 gxe wow that's so high
|c|☆Buck X|because i made it defogless
|j| Chluve1❤
|c| Opnoob 598ス°|Lmfao.
|c|☆Buck X|Ik ur not serious
|
|t:|1661137985
|move|p2a: Arceus|Whirlpool|p1a: Pretty gem
|-crit|p1a: Pretty gem
|-damage|p1a: Pretty gem|60/100
|-activate|p1a: Pretty gem|move: Whirlpool|[of] p2a: Arceus
|move|p1a: Pretty gem|Foul Play|p2a: Arceus
|-damage|p2a: Arceus|55/100 brn
|
|-damage|p2a: Arceus|49/100 brn|[from] brn
|-damage|p1a: Pretty gem|48/100|[from] move: Whirlpool|[partiallytrapped]
|upkeep
|turn|95
|
|t:|1661137987
|move|p2a: Arceus|Recover|p2a: Arceus
|-heal|p2a: Arceus|99/100 brn
|move|p1a: Pretty gem|Recover|p1a: Pretty gem
|-heal|p1a: Pretty gem|98/100
|
|-damage|p2a: Arceus|93/100 brn|[from] brn
|-damage|p1a: Pretty gem|85/100|[from] move: Whirlpool|[partiallytrapped]
|upkeep
|turn|96
|inactive|Buck X has 240 seconds left.
|
|t:|1661137995
|move|p1a: Pretty gem|Protect|p1a: Pretty gem
|-singleturn|p1a: Pretty gem|Protect
|move|p2a: Arceus|Earth Power|p1a: Pretty gem
|-activate|p1a: Pretty gem|move: Protect
|
|-damage|p2a: Arceus|87/100 brn|[from] brn
|-damage|p1a: Pretty gem|73/100|[from] move: Whirlpool|[partiallytrapped]
|upkeep
|turn|97
|j| Shivam o)
|inactive|Buck X has 240 seconds left.
|
|t:|1661138005
|switch|p1a: Raven of death|Yveltal, shiny|94/100 tox
|-ability|p1a: Raven of death|Dark Aura
|move|p2a: Arceus|Earth Power|p1a: Raven of death
|-immune|p1a: Raven of death
|
|-damage|p1a: Raven of death|88/100 tox|[from] psn
|-damage|p2a: Arceus|81/100 brn|[from] brn
|upkeep
|turn|98
|
|t:|1661138012
|move|p1a: Raven of death|U-turn|p2a: Arceus
|-damage|p2a: Arceus|68/100 brn
|c| Opnoob 598ス°|Bro WSun1 is so goated bro took down 2 mons already with Bo
|c| Opnoob 598ス°|Epic
|j| OMLC2 Andyy
|
|t:|1661138024
|switch|p1a: Pretty gem|Sableye-Mega, F|73/100|[from]move: U-turn
|move|p2a: Arceus|Whirlpool|p1a: Pretty gem
|-damage|p1a: Pretty gem|57/100
|-activate|p1a: Pretty gem|move: Whirlpool|[of] p2a: Arceus
|
|-damage|p2a: Arceus|62/100 brn|[from] brn
|-damage|p1a: Pretty gem|44/100|[from] move: Whirlpool|[partiallytrapped]
|upkeep
|turn|99
|j| Kip En Patat
|
|t:|1661138032
|move|p2a: Arceus|Earth Power|p1a: Pretty gem
|-crit|p1a: Pretty gem
|-damage|p1a: Pretty gem|6/100
|move|p1a: Pretty gem|Recover|p1a: Pretty gem
|-heal|p1a: Pretty gem|56/100
|
|-damage|p2a: Arceus|56/100 brn|[from] brn
|-damage|p1a: Pretty gem|44/100|[from] move: Whirlpool|[partiallytrapped]
|upkeep
|turn|100
|c| Shivam o)|Wsun is my son
|c| Opnoob 598ス°|LMAO Shivam
|
|t:|1661138044
|move|p2a: Arceus|Earth Power|p1a: Pretty gem
|-damage|p1a: Pretty gem|19/100
|move|p1a: Pretty gem|Recover|p1a: Pretty gem
|-heal|p1a: Pretty gem|69/100
|
|-damage|p2a: Arceus|50/100 brn|[from] brn
|-damage|p1a: Pretty gem|57/100|[from] move: Whirlpool|[partiallytrapped]
|upkeep
|turn|101
|
|t:|1661138050
|move|p1a: Pretty gem|Protect|p1a: Pretty gem
|-singleturn|p1a: Pretty gem|Protect
|move|p2a: Arceus|Recover|p2a: Arceus
|-heal|p2a: Arceus|99/100 brn
|
|-damage|p2a: Arceus|94/100 brn|[from] brn
|-damage|p1a: Pretty gem|44/100|[from] move: Whirlpool|[partiallytrapped]
|upkeep
|turn|102
|inactive|Buck X has 270 seconds left.
|
|t:|1661138063
|move|p2a: Arceus|Earth Power|p1a: Pretty gem
|-damage|p1a: Pretty gem|19/100
|move|p1a: Pretty gem|Recover|p1a: Pretty gem
|-heal|p1a: Pretty gem|69/100
|
|-damage|p2a: Arceus|88/100 brn|[from] brn
|-end|p1a: Pretty gem|Whirlpool|[partiallytrapped]
|upkeep
|turn|103
|inactive|Buck X has 270 seconds left.
|c| Chluve1❤|very entertaining
|l| Kip En Patat
|c|☆Buck X|Yh its over
|inactive|Buck X has 240 seconds left.
|
|t:|1661138100
|switch|p2a: Eternatus|Eternatus|92/100 brn
|-ability|p2a: Eternatus|Pressure
|move|p1a: Pretty gem|Protect||[still]
|-fail|p1a: Pretty gem
|
|-damage|p2a: Eternatus|86/100 brn|[from] brn
|upkeep
|turn|104
|c| Pokemh|thanks for the comment little luvie!
|inactive|Buck X has 240 seconds left.
|j|+lotiasite
|
|t:|1661138120
|move|p2a: Eternatus|Toxic Spikes|p1a: Pretty gem
|move|p1a: Pretty gem|Toxic Spikes|p2a: Eternatus|[from]ability: Magic Bounce
|-sidestart|p2: WSun1 ❤|move: Toxic Spikes
|move|p1a: Pretty gem|Recover|p1a: Pretty gem
|-heal|p1a: Pretty gem|100/100
|
|-damage|p2a: Eternatus|80/100 brn|[from] brn
|upkeep
|turn|105
|c| Opnoob 598ス°|Ayo
|c| Opnoob 598ス°|LOL
|inactive|Buck X has 240 seconds left.
|c| Shivam o)|Wsun should fight me
|
|t:|1661138135
|move|p2a: Eternatus|Toxic Spikes|p1a: Pretty gem
|move|p1a: Pretty gem|Toxic Spikes|p2a: Eternatus|[from]ability: Magic Bounce
|-sidestart|p2: WSun1 ❤|move: Toxic Spikes
|move|p1a: Pretty gem|Foul Play|p2a: Eternatus
|-damage|p2a: Eternatus|64/100 brn
|
|-damage|p2a: Eternatus|57/100 brn|[from] brn
|upkeep
|turn|106
|c| Opnoob 598ス°|Yes
|c| Opnoob 598ス°|Wsun can't win vs his daddy
|c|☆Buck X|Will can we rematch. I won’t bring stall
|c|☆WSun1 ❤|no
|c| Opnoob 598ス°|LMAO
|c| Opnoob 598ス°|LMFAO
|inactive|Buck X has 210 seconds left.
|c|☆Buck X|Pls
|l|+lotiasite
|
|t:|1661138180
|switch|p1a: Eternal storm|Kyogre|57/100 slp
|-weather|RainDance|[from] ability: Drizzle|[of] p1a: Eternal storm
|move|p2a: Eternatus|Toxic Spikes|p1a: Eternal storm
|-sidestart|p1: Buck X|move: Toxic Spikes
|
|-weather|RainDance|[upkeep]
|-heal|p1a: Eternal storm|63/100 slp|[from] item: Leftovers
|-damage|p2a: Eternatus|51/100 brn|[from] brn
|upkeep
|turn|107
|c| Opnoob 598ス°|Imagine asking for a rematch after u bring stall to a friendly and lose to a Balance
|c| Opnoob 598ス°|So mid
|l| Shivam o)
|c|☆Buck X|Like i said this was a test
|inactive|Buck X has 180 seconds left.
|c|☆Buck X|and 4 the test to be accurate i needed a strong player
|n| leflop lamess|omlc2andyy
|c| leflop lamess|you should rematch him will!
|c|☆Buck X|i already beat u so u were out of the list Opnoob598
|j| Kip En Patat
|inactive|Buck X has 150 seconds left.
|
|t:|1661138248
|switch|p2a: Arceus|Arceus-Water|88/100 brn
|switch|p1a: White phoenix|Lugia|77/100 par
|
|-weather|RainDance|[upkeep]
|-heal|p1a: White phoenix|83/100 par|[from] item: Leftovers
|-damage|p2a: Arceus|82/100 brn|[from] brn
|upkeep
|turn|108
|inactive|Buck X has 150 seconds left.
|
|t:|1661138257
|move|p2a: Arceus|Whirlpool|p1a: White phoenix
|-damage|p1a: White phoenix|70/100 par
|-activate|p1a: White phoenix|move: Whirlpool|[of] p2a: Arceus
|move|p1a: White phoenix|Roost|p1a: White phoenix
|-heal|p1a: White phoenix|100/100 par
|-singleturn|p1a: White phoenix|move: Roost
|
|-weather|RainDance|[upkeep]
|-damage|p2a: Arceus|75/100 brn|[from] brn
|-damage|p1a: White phoenix|88/100 par|[from] move: Whirlpool|[partiallytrapped]
|upkeep
|turn|109
|inactive|Buck X has 150 seconds left.
|
|t:|1661138268
|move|p2a: Arceus|Perish Song|p2a: Arceus
|-start|p1a: White phoenix|perish3|[silent]
|-start|p2a: Arceus|perish3|[silent]
|-fieldactivate|move: Perish Song
|cant|p1a: White phoenix|par
|
|-weather|RainDance|[upkeep]
|-heal|p1a: White phoenix|94/100 par|[from] item: Leftovers
|-damage|p2a: Arceus|69/100 brn|[from] brn
|-damage|p1a: White phoenix|82/100 par|[from] move: Whirlpool|[partiallytrapped]
|-start|p2a: Arceus|perish3
|-start|p1a: White phoenix|perish3
|upkeep
|turn|110
|
|t:|1661138273
|move|p2a: Arceus|Recover|p2a: Arceus
|-heal|p2a: Arceus|100/100 brn
|move|p1a: White phoenix|Whirlwind|p2a: Arceus
|drag|p2a: Necrozma|Necrozma-Dusk-Mane|88/100 brn
|
|-weather|none
|-heal|p1a: White phoenix|88/100 par|[from] item: Leftovers
|-damage|p2a: Necrozma|82/100 brn|[from] brn
|-end|p1a: White phoenix|Whirlpool|[partiallytrapped]|[silent]
|-start|p1a: White phoenix|perish2
|upkeep
|turn|111
|c| Opnoob 598ス°|Lmfao Buck X
|j| the fundementalist
|
|t:|1661138285
|switch|p1a: Eternal storm|Kyogre|63/100 slp
|-weather|RainDance|[from] ability: Drizzle|[of] p1a: Eternal storm
|move|p2a: Necrozma|Stealth Rock|p1a: Eternal storm
|-sidestart|p1: Buck X|move: Stealth Rock
|
|-weather|RainDance|[upkeep]
|-heal|p1a: Eternal storm|70/100 slp|[from] item: Leftovers
|-damage|p2a: Necrozma|76/100 brn|[from] brn
|upkeep
|turn|112
|c| Opnoob 598ス°|Like imagine testing with stall the first place
|c| Opnoob 598ス°|And secondly counting me as a strong player
|j| Birds27
|inactive|Buck X has 150 seconds left.
|c|☆Buck X|I never said u were strong
|l| Kip En Patat
|c| Opnoob 598ス°|And growing up so much confidence to challenge William Sun 1 with stall after u beat me and peak ladder LOL
|c| Opnoob 598ス°|This is actually hilarious not gonna lie
|inactive|Buck X has 120 seconds left.
|
|t:|1661138354
|switch|p2a: Arceus|Arceus-Water|100/100 brn
|cant|p1a: Eternal storm|slp
|
|-weather|RainDance|[upkeep]
|-heal|p1a: Eternal storm|76/100 slp|[from] item: Leftovers
|-damage|p2a: Arceus|94/100 brn|[from] brn
|upkeep
|turn|113
|c| Opnoob 598ス°|Anyways this battle is entertaining fr
|
|t:|1661138367
|switch|p1a: Raven of death|Yveltal, shiny|88/100 tox
|-damage|p1a: Raven of death|63/100 tox|[from] Stealth Rock
|-ability|p1a: Raven of death|Dark Aura
|move|p2a: Arceus|Whirlpool|p1a: Raven of death
|-damage|p1a: Raven of death|43/100 tox
|-activate|p1a: Raven of death|move: Whirlpool|[of] p2a: Arceus
|
|-weather|RainDance|[upkeep]
|-damage|p1a: Raven of death|37/100 tox|[from] psn
|-damage|p2a: Arceus|88/100 brn|[from] brn
|-damage|p1a: Raven of death|25/100 tox|[from] move: Whirlpool|[partiallytrapped]
|upkeep
|turn|114
|c| Birds27|Opnoob stop larp
|
|t:|1661138379
|move|p1a: Raven of death|U-turn|p2a: Arceus
|-damage|p2a: Arceus|77/100 brn
|c|☆Buck X|Dont mind him
|
|t:|1661138396
|switch|p1a: Eternal storm|Kyogre|76/100 slp|[from]move: U-turn
|-damage|p1a: Eternal storm|63/100 slp|[from] Stealth Rock
|move|p2a: Arceus|Whirlpool|p1a: Eternal storm
|-resisted|p1a: Eternal storm
|-damage|p1a: Eternal storm|56/100 slp
|-activate|p1a: Eternal storm|move: Whirlpool|[of] p2a: Arceus
|
|-weather|RainDance|[upkeep]
|-heal|p1a: Eternal storm|62/100 slp|[from] item: Leftovers
|-damage|p2a: Arceus|71/100 brn|[from] brn
|-damage|p1a: Eternal storm|50/100 slp|[from] move: Whirlpool|[partiallytrapped]
|upkeep
|turn|115
|
|t:|1661138404
|move|p2a: Arceus|Perish Song|p2a: Arceus
|-start|p1a: Eternal storm|perish3|[silent]
|-start|p2a: Arceus|perish3|[silent]
|-fieldactivate|move: Perish Song
|cant|p1a: Eternal storm|slp
|
|-weather|none
|-heal|p1a: Eternal storm|56/100 slp|[from] item: Leftovers
|-damage|p2a: Arceus|65/100 brn|[from] brn
|-damage|p1a: Eternal storm|44/100 slp|[from] move: Whirlpool|[partiallytrapped]
|-start|p2a: Arceus|perish3
|-start|p1a: Eternal storm|perish3
|upkeep
|turn|116
|c| Opnoob 598ス°|Birds27 dw u got this
|
|t:|1661138409
|move|p2a: Arceus|Recover|p2a: Arceus
|-heal|p2a: Arceus|100/100 brn
|-curestatus|p1a: Eternal storm|slp|[msg]
|move|p1a: Eternal storm|Calm Mind|p1a: Eternal storm
|-boost|p1a: Eternal storm|spa|1
|-boost|p1a: Eternal storm|spd|1
|
|-heal|p1a: Eternal storm|50/100|[from] item: Leftovers
|-damage|p2a: Arceus|94/100 brn|[from] brn
|-damage|p1a: Eternal storm|37/100|[from] move: Whirlpool|[partiallytrapped]
|-start|p2a: Arceus|perish2
|-start|p1a: Eternal storm|perish2
|upkeep
|turn|117
|c| Opnoob 598ス°|ik u hate me but w/e
|inactive|Buck X has 120 seconds left.
|
|t:|1661138417
|move|p2a: Arceus|Earth Power|p1a: Eternal storm
|-damage|p1a: Eternal storm|27/100
|move|p1a: Eternal storm|Calm Mind|p1a: Eternal storm
|-boost|p1a: Eternal storm|spa|1
|-boost|p1a: Eternal storm|spd|1
|
|-heal|p1a: Eternal storm|34/100|[from] item: Leftovers
|-damage|p2a: Arceus|88/100 brn|[from] brn
|-damage|p1a: Eternal storm|21/100|[from] move: Whirlpool|[partiallytrapped]
|-start|p2a: Arceus|perish1
|-start|p1a: Eternal storm|perish1
|upkeep
|turn|118
|l| the fundementalist
|j| omicorio
|
|t:|1661138425
|switch|p2a: Eternatus|Eternatus|51/100 brn
|-sideend|p2: WSun1 ❤|move: Toxic Spikes|[of] p2a: Eternatus
|-ability|p2a: Eternatus|Pressure
|move|p1a: Eternal storm|Ice Beam|p2a: Eternatus
|-supereffective|p2a: Eternatus
|-damage|p2a: Eternatus|0 fnt
|faint|p2a: Eternatus
|
|-heal|p1a: Eternal storm|27/100|[from] item: Leftovers
|-end|p1a: Eternal storm|Whirlpool|[partiallytrapped]|[silent]
|-start|p1a: Eternal storm|perish0
|upkeep
|faint|p1a: Eternal storm
|
|t:|1661138439
|switch|p2a: Marshadow|Marshadow|94/100
|switch|p1a: Pretty gem|Sableye-Mega, F|100/100
|-status|p1a: Pretty gem|psn
|-damage|p1a: Pretty gem|88/100 psn|[from] Stealth Rock
|turn|119
|
|t:|1661138454
|switch|p2a: Yveltal|Yveltal|82/100 brn
|-ability|p2a: Yveltal|Dark Aura
|move|p1a: Pretty gem|Foul Play|p2a: Yveltal
|-resisted|p2a: Yveltal
|-damage|p2a: Yveltal|64/100 brn
|
|-damage|p1a: Pretty gem|75/100 psn|[from] psn
|-damage|p2a: Yveltal|57/100 brn|[from] brn
|upkeep
|turn|120
|
|t:|1661138460
|switch|p1a: White phoenix|Lugia|88/100 par
|-damage|p1a: White phoenix|63/100 par|[from] Stealth Rock
|move|p2a: Yveltal|Foul Play|p1a: White phoenix
|-supereffective|p1a: White phoenix
|-damage|p1a: White phoenix|49/100 par
|
|-heal|p1a: White phoenix|55/100 par|[from] item: Leftovers
|-damage|p2a: Yveltal|51/100 brn|[from] brn
|upkeep
|turn|121
|
|t:|1661138474
|move|p2a: Yveltal|Roost|p2a: Yveltal
|-heal|p2a: Yveltal|100/100 brn
|-singleturn|p2a: Yveltal|move: Roost
|cant|p1a: White phoenix|par
|
|-heal|p1a: White phoenix|62/100 par|[from] item: Leftovers
|-damage|p2a: Yveltal|94/100 brn|[from] brn
|upkeep
|turn|122
|
|t:|1661138479
|switch|p2a: Arceus|Arceus-Steel|42/100 brn
|move|p1a: White phoenix|Roost|p1a: White phoenix
|-heal|p1a: White phoenix|100/100 par
|-singleturn|p1a: White phoenix|move: Roost
|
|-damage|p2a: Arceus|36/100 brn|[from] brn
|upkeep
|turn|123
|
|t:|1661138483
|move|p2a: Arceus|Recover|p2a: Arceus
|-heal|p2a: Arceus|86/100 brn
|move|p1a: White phoenix|Whirlwind|p2a: Arceus
|drag|p2a: Necrozma|Necrozma-Dusk-Mane|76/100 brn
|
|-damage|p2a: Necrozma|70/100 brn|[from] brn
|upkeep
|turn|124
|
|t:|1661138488
|move|p2a: Necrozma|Sunsteel Strike|p1a: White phoenix
|-crit|p1a: White phoenix
|-damage|p1a: White phoenix|81/100 par
|move|p1a: White phoenix|Ice Beam|p2a: Necrozma
|-resisted|p2a: Necrozma
|-damage|p2a: Necrozma|63/100 brn
|
|-heal|p1a: White phoenix|87/100 par|[from] item: Leftovers
|-damage|p2a: Necrozma|57/100 brn|[from] brn
|upkeep
|turn|125
|
|t:|1661138493
|move|p2a: Necrozma|Moonlight|p2a: Necrozma
|-heal|p2a: Necrozma|100/100 brn
|move|p1a: White phoenix|Roost|p1a: White phoenix
|-heal|p1a: White phoenix|100/100 par
|-singleturn|p1a: White phoenix|move: Roost
|
|-damage|p2a: Necrozma|94/100 brn|[from] brn
|upkeep
|turn|126
|
|t:|1661138501
|move|p2a: Necrozma|Sunsteel Strike|p1a: White phoenix
|-damage|p1a: White phoenix|88/100 par
|move|p1a: White phoenix|Ice Beam|p2a: Necrozma
|-resisted|p2a: Necrozma
|-crit|p2a: Necrozma
|-damage|p2a: Necrozma|82/100 brn
|
|-heal|p1a: White phoenix|94/100 par|[from] item: Leftovers
|-damage|p2a: Necrozma|76/100 brn|[from] brn
|upkeep
|turn|127
|inactive|Buck X has 180 seconds left.
|
|t:|1661138509
|switch|p2a: Arceus|Arceus-Water|88/100 brn
|move|p1a: White phoenix|Roost|p1a: White phoenix
|-heal|p1a: White phoenix|100/100 par
|-singleturn|p1a: White phoenix|move: Roost
|
|-damage|p2a: Arceus|82/100 brn|[from] brn
|upkeep
|turn|128
|
|t:|1661138516
|move|p2a: Arceus|Whirlpool|p1a: White phoenix|[miss]
|-miss|p2a: Arceus|p1a: White phoenix
|move|p1a: White phoenix|Whirlwind|p2a: Arceus
|drag|p2a: Necrozma|Necrozma-Dusk-Mane|76/100 brn
|
|-damage|p2a: Necrozma|70/100 brn|[from] brn
|upkeep
|turn|129
|
|t:|1661138524
|switch|p2a: Arceus|Arceus-Steel|86/100 brn
|switch|p1a: Pretty gem|Sableye-Mega, F|75/100 psn
|-damage|p1a: Pretty gem|63/100 psn|[from] Stealth Rock
|
|-damage|p1a: Pretty gem|50/100 psn|[from] psn
|-damage|p2a: Arceus|80/100 brn|[from] brn
|upkeep
|turn|130
|
|t:|1661138532
|move|p1a: Pretty gem|Protect|p1a: Pretty gem
|-singleturn|p1a: Pretty gem|Protect
|move|p2a: Arceus|Calm Mind|p2a: Arceus
|-boost|p2a: Arceus|spa|1
|-boost|p2a: Arceus|spd|1
|
|-damage|p1a: Pretty gem|38/100 psn|[from] psn
|-damage|p2a: Arceus|74/100 brn|[from] brn
|upkeep
|turn|131
|
|t:|1661138537
|move|p2a: Arceus|Judgment|p1a: Pretty gem
|-damage|p1a: Pretty gem|0 fnt
|faint|p1a: Pretty gem
|
|-damage|p2a: Arceus|68/100 brn|[from] brn
|upkeep
|
|t:|1661138539
|switch|p1a: White phoenix|Lugia|100/100 par
|-damage|p1a: White phoenix|75/100 par|[from] Stealth Rock
|turn|132
|
|t:|1661138545
|move|p2a: Arceus|Judgment|p1a: White phoenix
|-damage|p1a: White phoenix|23/100 par
|move|p1a: White phoenix|Roost|p1a: White phoenix
|-heal|p1a: White phoenix|73/100 par
|-singleturn|p1a: White phoenix|move: Roost
|
|-heal|p1a: White phoenix|79/100 par|[from] item: Leftovers
|-damage|p2a: Arceus|62/100 brn|[from] brn
|upkeep
|turn|133
|
|t:|1661138553
|move|p2a: Arceus|Judgment|p1a: White phoenix
|-damage|p1a: White phoenix|29/100 par
|cant|p1a: White phoenix|par
|
|-heal|p1a: White phoenix|35/100 par|[from] item: Leftovers
|-damage|p2a: Arceus|56/100 brn|[from] brn
|upkeep
|turn|134
|c| Opnoob 598ス°|Ggs
|c|☆Buck X|Ggwp
|inactive|Buck X has 210 seconds left.
|c|☆Buck X|I should have challenged you with Garchomp team then stall
|c|☆Buck X|there was no way u were accepting rematch after stall
|c|☆Buck X|Maybe another day
|inactive|Buck X has 180 seconds left.
|c|☆Buck X|anyone wanna battle?
|l| Birds27
|
|t:|1661138624
|move|p2a: Arceus|Judgment|p1a: White phoenix
|-damage|p1a: White phoenix|0 fnt
|faint|p1a: White phoenix
|
|-damage|p2a: Arceus|50/100 brn|[from] brn
|upkeep
|l| omicorio
|
|t:|1661138628
|switch|p1a: Raven of death|Yveltal, shiny|25/100 tox
|-damage|p1a: Raven of death|0 fnt|[from] Stealth Rock
|faint|p1a: Raven of death
|
|win|WSun1 ❤
|l| Pokemh
|c| Chluve1❤|almost as entertaining as morbius
|c| Opnoob 598ス°|LMAOOOOO
|c| Opnoob 598ス°|ok someone should quote this
|c| Opnoob 598ス°|Like fr
