|j|☆Diancie_hhh
|j|☆Nobodi_Nowan
|t:|1664536158
|gametype|singles
|player|p1|Diancie_hhh|marnie|1819
|player|p2|Nobodi_Nowan|akari|1953
|teamsize|p1|6
|teamsize|p2|6
|gen|8
|tier|[Gen 8] National Dex AG
|rated|
|rule|HP Percentage Mod: HP is shown in percentages
|rule|Endless Battle Clause: Forcing endless battles is banned
|clearpoke
|poke|p1|Arceus-*|
|poke|p1|Zacian-*|
|poke|p1|Groudon|
|poke|p1|Ho-Oh|
|poke|p1|Zygarde|
|poke|p1|Weavile, F|
|poke|p2|Forretress, M|
|poke|p2|Arceus-*|
|poke|p2|Kyogre|
|poke|p2|Calyrex-Shadow|
|poke|p2|Zacian-*|
|poke|p2|Rayquaza|
|teampreview
|inactive|Battle timer is ON: inactive players will automatically lose when time's up. (requested by Diancie_hhh)
|c|☆Nobodi_Nowan|no diancie?
|
|t:|1664536223
|start
|switch|p1a: Ho-Oh|Ho-Oh|100/100
|switch|p2a: Rayquaza|Rayquaza|100/100
|-ability|p2a: Rayquaza|Air Lock
|turn|1
|inactive|Diancie_hhh has 120 seconds left.
|c|☆Diancie_hhh|曾经有Once had
|
|t:|1664536264
|switch|p2a: Kyogre|Kyogre|100/100
|detailschange|p2a: Kyogre|Kyogre-Primal
|-primal|p2a: Kyogre
|-weather|PrimordialSea|[from] ability: Primordial Sea|[of] p2a: Kyogre
|move|p1a: Ho-Oh|Sacred Fire||[still]
|-fail|p1a: Ho-Oh|Sacred Fire|[from] Primordial Sea
|
|-weather|PrimordialSea|[upkeep]
|upkeep
|turn|2
|
|t:|1664536272
|-weather|none
|switch|p2a: Rayquaza|Rayquaza|100/100
|-ability|p2a: Rayquaza|Air Lock
|switch|p1a: 大地之神|Groudon, shiny|100/100
|detailschange|p1a: 大地之神|Groudon-Primal, shiny
|-primal|p1a: 大地之神
|-weather|DesolateLand|[from] ability: Desolate Land|[of] p1a: 大地之神
|
|-weather|DesolateLand|[upkeep]
|upkeep
|turn|3
|inactive|Diancie_hhh has 120 seconds left.
|
|t:|1664536283
|-weather|none
|switch|p1a: Zygarde|Zygarde, shiny|100/100
|detailschange|p2a: Rayquaza|Rayquaza-Mega
|-mega|p2a: Rayquaza|Rayquaza|
|-weather|DeltaStream|[from] ability: Delta Stream|[of] p2a: Rayquaza
|move|p2a: Rayquaza|Surf|p1a: Zygarde
|-damage|p1a: Zygarde|72/100
|
|-weather|DeltaStream|[upkeep]
|upkeep
|turn|4
|inactive|Diancie_hhh has 120 seconds left.
|
|t:|1664536295
|-weather|none
|switch|p2a: Forretress|Forretress, M|100/100
|move|p1a: Zygarde|Glare|p2a: Forretress
|-status|p2a: Forretress|par
|
|upkeep
|turn|5
|
|t:|1664536300
|move|p1a: Zygarde|Coil|p1a: Zygarde
|-boost|p1a: Zygarde|atk|1
|-boost|p1a: Zygarde|def|1
|-boost|p1a: Zygarde|accuracy|1
|move|p2a: Forretress|Stealth Rock|p1a: Zygarde
|-sidestart|p1: Diancie_hhh|move: Stealth Rock
|
|upkeep
|turn|6
|
|t:|1664536309
|move|p1a: Zygarde|Coil|p1a: Zygarde
|-boost|p1a: Zygarde|atk|1
|-boost|p1a: Zygarde|def|1
|-boost|p1a: Zygarde|accuracy|1
|cant|p2a: Forretress|par
|
|upkeep
|turn|7
|
|t:|1664536315
|move|p1a: Zygarde|Thousand Arrows|p2a: Forretress
|-damage|p2a: Forretress|60/100 par
|cant|p2a: Forretress|par
|
|-heal|p2a: Forretress|67/100 par|[from] item: Leftovers
|upkeep
|turn|8
|
|t:|1664536321
|move|p1a: Zygarde|Coil|p1a: Zygarde
|-boost|p1a: Zygarde|atk|1
|-boost|p1a: Zygarde|def|1
|-boost|p1a: Zygarde|accuracy|1
|move|p2a: Forretress|Toxic|p1a: Zygarde
|-status|p1a: Zygarde|tox
|
|-heal|p2a: Forretress|73/100 par|[from] item: Leftovers
|-damage|p1a: Zygarde|66/100 tox|[from] psn
|upkeep
|turn|9
|
|t:|1664536329
|move|p1a: Zygarde|Coil|p1a: Zygarde
|-boost|p1a: Zygarde|atk|1
|-boost|p1a: Zygarde|def|1
|-boost|p1a: Zygarde|accuracy|1
|cant|p2a: Forretress|par
|
|-heal|p2a: Forretress|79/100 par|[from] item: Leftovers
|-damage|p1a: Zygarde|54/100 tox|[from] psn
|upkeep
|turn|10
|
|t:|1664536343
|switch|p2a: Calyrex|Calyrex-Shadow|100/100
|-ability|p2a: Calyrex|As One
|-ability|p2a: Calyrex|Unnerve
|move|p1a: Zygarde|Coil|p1a: Zygarde
|-boost|p1a: Zygarde|atk|1
|-boost|p1a: Zygarde|def|1
|-boost|p1a: Zygarde|accuracy|1
|
|-damage|p1a: Zygarde|35/100 tox|[from] psn
|-activate|p1a: Zygarde|ability: Power Construct
|detailschange|p1a: Zygarde|Zygarde-Complete, shiny
|-heal|p1a: Zygarde|58/100 tox|[silent]
|upkeep
|turn|11
|
|t:|1664536357
|-start|p2a: Calyrex|Dynamax|
|-heal|p2a: Calyrex|100/100|[silent]
|move|p2a: Calyrex|Max Guard|p2a: Calyrex
|-singleturn|p2a: Calyrex|Max Guard
|move|p1a: Zygarde|Rest|p1a: Zygarde
|-status|p1a: Zygarde|slp|[from] move: Rest
|-heal|p1a: Zygarde|100/100 slp|[silent]
|
|upkeep
|turn|12
|
|t:|1664536377
|-start|p1a: Zygarde|Dynamax|
|-heal|p1a: Zygarde|100/100 slp|[silent]
|cant|p1a: Zygarde|slp
|move|p2a: Calyrex|Max Starfall|p1a: Zygarde
|-supereffective|p1a: Zygarde
|-damage|p1a: Zygarde|81/100 slp
|-fieldstart|move: Misty Terrain
|
|upkeep
|turn|13
|
|t:|1664536385
|-end|p2a: Calyrex|Dynamax
|-heal|p2a: Calyrex|100/100|[silent]
|switch|p2a: Kyogre|Kyogre-Primal|100/100
|-enditem|p1a: Zygarde|Chesto Berry|[eat]
|-curestatus|p1a: Zygarde|slp|[msg]
|-weather|PrimordialSea|[from] ability: Primordial Sea|[of] p2a: Kyogre
|move|p1a: Zygarde|Max Quake|p2a: Kyogre
|-damage|p2a: Kyogre|0 fnt
|-boost|p1a: Zygarde|spd|1
|faint|p2a: Kyogre
|-weather|none
|
|upkeep
|
|t:|1664536406
|switch|p2a: Zacian|Zacian-Crowned, shiny|100/100
|-ability|p2a: Zacian|Intrepid Sword|boost
|-boost|p2a: Zacian|atk|1
|turn|14
|
|t:|1664536416
|move|p2a: Zacian|Behemoth Blade|p1a: Zygarde
|-damage|p1a: Zygarde|70/100
|move|p1a: Zygarde|Max Quake|p2a: Zacian
|-supereffective|p2a: Zacian
|-damage|p2a: Zacian|0 fnt
|-boost|p1a: Zygarde|spd|1
|faint|p2a: Zacian
|
|upkeep
|-message|Nobodi_Nowan forfeited.
|
|win|Diancie_hhh
|raw|Diancie_hhh's rating: 1819 &rarr; <strong>1846</strong><br />(+27 for winning)
|raw|Nobodi_Nowan's rating: 1953 &rarr; <strong>1926</strong><br />(-27 for losing)
|l|☆Nobodi_Nowan
||Ladder isn't responding, score probably updated but might not have (Request timeout).
