|j|☆FancyTea
|j|☆Onoufrios
|player|p1|FancyTea|maid|1658
|player|p2|Onoufrios|psychic-gen4|1790
|teamsize|p1|6
|teamsize|p2|6
|gametype|singles
|gen|8
|tier|[Gen 8] National Dex AG
|rated|
|clearpoke
|poke|p1|Rayquaza|
|poke|p1|Zacian-Crowned|
|poke|p1|Zygarde|
|poke|p1|Ho-Oh|
|poke|p1|Ditto|
|poke|p1|Necrozma-Dusk-Mane|
|poke|p2|Necrozma-Dusk-Mane|
|poke|p2|Arceus-*|
|poke|p2|Xerneas|
|poke|p2|Zacian-Crowned|
|poke|p2|Yveltal|
|poke|p2|Gengar, F|
|rule|HP Percentage Mod: HP is shown in percentages
|rule|Endless Battle Clause: Forcing endless battles is banned
|teampreview
|inactive|Battle timer is ON: inactive players will automatically lose when time's up. (requested by FancyTea)
|j| Anselmee
|inactive|Onoufrios has 120 seconds left.
|
|start
|switch|p1a: Rayquaza|Rayquaza|100/100
|switch|p2a: Yveltal|Yveltal|100/100
|-ability|p1a: Rayquaza|Air Lock
|-ability|p2a: Yveltal|Dark Aura
|turn|1
|
|detailschange|p1a: Rayquaza|Rayquaza-Mega
|-mega|p1a: Rayquaza|Rayquaza|
|-weather|DeltaStream|[from] ability: Delta Stream|[of] p1a: Rayquaza
|-start|p2a: Yveltal|Dynamax
|-heal|p2a: Yveltal|100/100|[silent]
|move|p1a: Rayquaza|Dragon Ascent|p2a: Yveltal
|-damage|p2a: Yveltal|55/100
|-unboost|p1a: Rayquaza|def|1
|-unboost|p1a: Rayquaza|spd|1
|-damage|p1a: Rayquaza|91/100|[from] item: Life Orb
|move|p2a: Yveltal|Max Airstream|p1a: Rayquaza
|-damage|p1a: Rayquaza|0 fnt
|-boost|p2a: Yveltal|spe|1
|-damage|p2a: Yveltal|50/100|[from] item: Life Orb
|faint|p1a: Rayquaza
|-weather|none
|
|upkeep
|c| Anselmee|classic
|c| Anselmee|yvelatl start
|inactive|FancyTea has 120 seconds left.
|
|switch|p1a: Zacian|Zacian-Crowned|100/100
|-ability|p1a: Zacian|Intrepid Sword|boost
|-boost|p1a: Zacian|atk|1
|turn|2
|
|move|p2a: Yveltal|Max Flare|p1a: Zacian
|-supereffective|p1a: Zacian
|-damage|p1a: Zacian|0 fnt
|-weather|SunnyDay
|-damage|p2a: Yveltal|45/100|[from] item: Life Orb
|faint|p1a: Zacian
|
|-weather|SunnyDay|[upkeep]
|upkeep
|c| Anselmee|gg
|
|switch|p1a: Zygarde|Zygarde|100/100
|turn|3
|
|move|p2a: Yveltal|Max Ooze|p1a: Zygarde|[from]Hidden Power
|-resisted|p1a: Zygarde
|-damage|p1a: Zygarde|79/100
|-boost|p2a: Yveltal|spa|1
|-damage|p2a: Yveltal|40/100|[from] item: Life Orb
|move|p1a: Zygarde|Coil|p1a: Zygarde
|-boost|p1a: Zygarde|atk|1
|-boost|p1a: Zygarde|def|1
|-boost|p1a: Zygarde|accuracy|1
|
|-weather|SunnyDay|[upkeep]
|-heal|p1a: Zygarde|85/100|[from] item: Leftovers
|-end|p2a: Yveltal|Dynamax
|-heal|p2a: Yveltal|40/100|[silent]
|upkeep
|turn|4
|
|move|p2a: Yveltal|Oblivion Wing|p1a: Zygarde
|-damage|p1a: Zygarde|10/100
|-heal|p2a: Yveltal|99/100|[from] drain|[of] p1a: Zygarde
|-damage|p2a: Yveltal|90/100|[from] item: Life Orb
|move|p1a: Zygarde|Coil|p1a: Zygarde
|-boost|p1a: Zygarde|atk|1
|-boost|p1a: Zygarde|def|1
|-boost|p1a: Zygarde|accuracy|1
|
|-weather|SunnyDay|[upkeep]
|-heal|p1a: Zygarde|17/100|[from] item: Leftovers
|-activate|p1a: Zygarde|ability: Power Construct
|detailschange|p1a: Zygarde|Zygarde-Complete
|-heal|p1a: Zygarde|45/100|[silent]
|upkeep
|turn|5
|-message|FancyTea forfeited.
|
|win|Onoufrios
|l|☆FancyTea
|raw|FancyTea's rating: 1658 &rarr; <strong>1646</strong><br />(-12 for losing)
|raw|Onoufrios's rating: 1790 &rarr; <strong>1803</strong><br />(+13 for winning)
