|j|☆Vxinsality❤️
|j|☆lavenderlad02
|t:|1652921967
|gametype|singles
|player|p1|Vxinsality❤️|aromalady|1644
|player|p2|lavenderlad02|palmer|1746
|teamsize|p1|6
|teamsize|p2|6
|gen|8
|tier|[Gen 8] National Dex AG
|rated|
|rule|HP Percentage Mod: HP is shown in percentages
|rule|Endless Battle Clause: Forcing endless battles is banned
|clearpoke
|poke|p1|Rayquaza|
|poke|p1|Ditto|
|poke|p1|Arceus-*|
|poke|p1|Necrozma-Dusk-Mane|
|poke|p1|Zacian-*|
|poke|p1|Arceus-*|
|poke|p2|Necrozma-Dusk-Mane|
|poke|p2|Chansey, F|
|poke|p2|Zygarde|
|poke|p2|Zacian-*|
|poke|p2|Marshadow|
|poke|p2|Giratina|
|teampreview
|inactive|Battle timer is ON: inactive players will automatically lose when time's up. (requested by lavenderlad02)
|
|t:|1652921977
|start
|switch|p1a: Rayquaza|Rayquaza|100/100
|switch|p2a: Zygarde|Zygarde|100/100
|-ability|p1a: Rayquaza|Air Lock
|turn|1
|
|t:|1652921987
|switch|p1a: Arceus|Arceus-Water|100/100
|move|p2a: Zygarde|Glare|p1a: Arceus
|-status|p1a: Arceus|par
|
|upkeep
|turn|2
|
|t:|1652922002
|switch|p2a: Necrozma|Necrozma-Dusk-Mane|100/100
|cant|p1a: Arceus|par
|
|upkeep
|turn|3
|
|t:|1652922006
|move|p2a: Necrozma|Stealth Rock|p1a: Arceus
|-sidestart|p1: Vxinsality❤️|move: Stealth Rock
|move|p1a: Arceus|Whirlpool|p2a: Necrozma
|-damage|p2a: Necrozma|86/100
|-activate|p2a: Necrozma|move: Whirlpool|[of] p1a: Arceus
|
|-damage|p2a: Necrozma|74/100|[from] move: Whirlpool|[partiallytrapped]
|upkeep
|turn|4
|
|t:|1652922017
|move|p2a: Necrozma|Knock Off|p1a: Arceus
|-damage|p1a: Arceus|88/100 par
|move|p1a: Arceus|Perish Song|p1a: Arceus
|-start|p1a: Arceus|perish3|[silent]
|-start|p2a: Necrozma|perish3|[silent]
|-fieldactivate|move: Perish Song
|
|-damage|p2a: Necrozma|61/100|[from] move: Whirlpool|[partiallytrapped]
|-start|p2a: Necrozma|perish3
|-start|p1a: Arceus|perish3
|upkeep
|turn|5
|
|t:|1652922023
|move|p2a: Necrozma|Knock Off|p1a: Arceus
|-damage|p1a: Arceus|75/100 par
|move|p1a: Arceus|Ice Beam|p2a: Necrozma
|-resisted|p2a: Necrozma
|-damage|p2a: Necrozma|51/100
|
|-damage|p2a: Necrozma|39/100|[from] move: Whirlpool|[partiallytrapped]
|-start|p2a: Necrozma|perish2
|-start|p1a: Arceus|perish2
|upkeep
|turn|6
|
|t:|1652922031
|move|p2a: Necrozma|Knock Off|p1a: Arceus
|-damage|p1a: Arceus|62/100 par
|cant|p1a: Arceus|par
|
|-damage|p2a: Necrozma|27/100|[from] move: Whirlpool|[partiallytrapped]
|-start|p2a: Necrozma|perish1
|-start|p1a: Arceus|perish1
|upkeep
|turn|7
|
|t:|1652922038
|switch|p1a: Arceus|Arceus-Dark|100/100
|-damage|p1a: Arceus|88/100|[from] Stealth Rock
|move|p2a: Necrozma|Sunsteel Strike|p1a: Arceus
|-damage|p1a: Arceus|52/100
|
|-end|p2a: Necrozma|Whirlpool|[partiallytrapped]
|-start|p2a: Necrozma|perish0
|upkeep
|faint|p2a: Necrozma
|
|t:|1652922041
|switch|p2a: Zacian|Zacian-Crowned|100/100
|-ability|p2a: Zacian|Intrepid Sword|boost
|-boost|p2a: Zacian|atk|1
|turn|8
|
|t:|1652922052
|switch|p2a: Zygarde|Zygarde|100/100
|move|p1a: Arceus|Will-O-Wisp|p2a: Zygarde
|-status|p2a: Zygarde|brn
|
|-damage|p2a: Zygarde|94/100 brn|[from] brn
|upkeep
|turn|9
|c|☆Vxinsality❤️|The fawk
|c|☆Vxinsality❤️|I was gonna let you kill it
|
|t:|1652922067
|switch|p1a: Necrozma|Necrozma-Dusk-Mane|100/100
|-damage|p1a: Necrozma|94/100|[from] Stealth Rock
|move|p2a: Zygarde|Thousand Arrows|p1a: Necrozma
|-supereffective|p1a: Necrozma
|-damage|p1a: Necrozma|81/100
|
|-heal|p2a: Zygarde|100/100 brn|[from] item: Leftovers
|-damage|p2a: Zygarde|94/100 brn|[from] brn
|upkeep
|turn|10
|c|☆lavenderlad02|i ddint expect that shit lmao
|c|☆lavenderlad02|who stays in on zacian with a ndm in the back tf
|
|t:|1652922089
|switch|p1a: Arceus|Arceus-Water|62/100 par
|-damage|p1a: Arceus|49/100 par|[from] Stealth Rock
|move|p2a: Zygarde|Glare|p1a: Arceus
|-fail|p1a: Arceus|par
|
|-heal|p2a: Zygarde|100/100 brn|[from] item: Leftovers
|-damage|p2a: Zygarde|94/100 brn|[from] brn
|upkeep
|turn|11
|c|☆Vxinsality❤️|I don't think it dusk mane swapped into cc
|c|☆Vxinsality❤️|You were clicked cc
|c|☆lavenderlad02|it does
|c|☆Vxinsality❤️|+ I get rng'd alot
|c|☆lavenderlad02|it takes 32
|c|☆Vxinsality❤️|I suppose you know how that is
|inactive|lavenderlad02 has 120 seconds left.
|c|☆lavenderlad02|ye
|
|t:|1652922112
|switch|p2a: Chansey|Chansey, F|100/100
|cant|p1a: Arceus|par
|
|upkeep
|turn|12
|
|t:|1652922119
|move|p1a: Arceus|Recover|p1a: Arceus
|-heal|p1a: Arceus|99/100 par
|move|p2a: Chansey|Teleport|p2a: Chansey
|
|t:|1652922126
|switch|p2a: Zacian|Zacian-Crowned|100/100|[from]move: Teleport
|-ability|p2a: Zacian|Intrepid Sword|boost
|-boost|p2a: Zacian|atk|1
|
|upkeep
|turn|13
|c|☆Vxinsality❤️|Welp fuck this just got harder
|
|t:|1652922135
|switch|p1a: Necrozma|Necrozma-Dusk-Mane|81/100
|-damage|p1a: Necrozma|75/100|[from] Stealth Rock
|move|p2a: Zacian|Swords Dance|p2a: Zacian
|-boost|p2a: Zacian|atk|2
|
|upkeep
|turn|14
|c|☆Vxinsality❤️|NO
|
|t:|1652922145
|switch|p2a: Zygarde|Zygarde|94/100 brn
|-start|p1a: Necrozma|Dynamax|
|-heal|p1a: Necrozma|75/100|[silent]
|move|p1a: Necrozma|Max Steelspike|p2a: Zygarde
|-crit|p2a: Zygarde
|-damage|p2a: Zygarde|42/100 brn
|-boost|p1a: Necrozma|def|1
|
|-heal|p2a: Zygarde|48/100 brn|[from] item: Leftovers
|-damage|p2a: Zygarde|42/100 brn|[from] brn
|-activate|p2a: Zygarde|ability: Power Construct
|detailschange|p2a: Zygarde|Zygarde-Complete
|-heal|p2a: Zygarde|62/100 brn|[silent]
|upkeep
|turn|15
|c|☆Vxinsality❤️|??
|c|☆Vxinsality❤️|These mfs
|c|☆lavenderlad02|lol ik you maxing there
|
|t:|1652922164
|move|p1a: Necrozma|Max Guard|p1a: Necrozma
|-singleturn|p1a: Necrozma|Max Guard
|move|p2a: Zygarde|Glare|p1a: Necrozma
|-activate|p1a: Necrozma|move: Max Guard
|
|-heal|p2a: Zygarde|68/100 brn|[from] item: Leftovers
|-damage|p2a: Zygarde|62/100 brn|[from] brn
|upkeep
|turn|16
|
|t:|1652922175
|-end|p1a: Necrozma|Dynamax
|-heal|p1a: Necrozma|75/100|[silent]
|switch|p1a: Arceus|Arceus-Water|99/100 par
|-damage|p1a: Arceus|87/100 par|[from] Stealth Rock
|move|p2a: Zygarde|Glare|p1a: Arceus
|-fail|p1a: Arceus|par
|
|-heal|p2a: Zygarde|68/100 brn|[from] item: Leftovers
|-damage|p2a: Zygarde|62/100 brn|[from] brn
|upkeep
|turn|17
|
|t:|1652922193
|switch|p2a: Chansey|Chansey, F|100/100
|switch|p1a: Arceus|Arceus-Dark|52/100
|-damage|p1a: Arceus|40/100|[from] Stealth Rock
|
|upkeep
|turn|18
|c|☆Vxinsality❤️|I deserve better things in life.
|
|t:|1652922203
|move|p1a: Arceus|Defog|p2a: Chansey
|-unboost|p2a: Chansey|evasion|1
|-sideend|p1: Vxinsality❤️|Stealth Rock|[from] move: Defog|[of] p1a: Arceus
|move|p2a: Chansey|Teleport|p2a: Chansey
|
|t:|1652922212
|switch|p2a: Marshadow|Marshadow|100/100|[from]move: Teleport
|
|upkeep
|turn|19
|
|t:|1652922221
|switch|p1a: Rayquaza|Rayquaza|100/100
|-ability|p1a: Rayquaza|Air Lock
|move|p2a: Marshadow|Close Combat|p1a: Rayquaza
|-resisted|p1a: Rayquaza
|-damage|p1a: Rayquaza|67/100
|-unboost|p2a: Marshadow|def|1
|-unboost|p2a: Marshadow|spd|1
|
|upkeep
|turn|20
|
|t:|1652922229
|switch|p2a: Giratina|Giratina|100/100
|-ability|p2a: Giratina|Pressure
|detailschange|p1a: Rayquaza|Rayquaza-Mega
|-mega|p1a: Rayquaza|Rayquaza|
|-weather|DeltaStream|[from] ability: Delta Stream|[of] p1a: Rayquaza
|move|p1a: Rayquaza|Dragon Ascent|p2a: Giratina
|-damage|p2a: Giratina|45/100
|-unboost|p1a: Rayquaza|def|1
|-unboost|p1a: Rayquaza|spd|1
|
|-weather|DeltaStream|[upkeep]
|-heal|p2a: Giratina|51/100|[from] item: Leftovers
|upkeep
|turn|21
|c|☆Vxinsality❤️|DIE
|c|☆lavenderlad02|tf banded ray
|c|☆Vxinsality❤️|Yes
|inactive|lavenderlad02 has 120 seconds left.
|
|t:|1652922269
|-weather|none
|switch|p1a: Zacian|Zacian-Crowned|100/100
|-ability|p1a: Zacian|Intrepid Sword|boost
|-boost|p1a: Zacian|atk|1
|move|p2a: Giratina|Will-O-Wisp|p1a: Zacian
|-status|p1a: Zacian|brn
|
|-heal|p2a: Giratina|57/100|[from] item: Leftovers
|-damage|p1a: Zacian|94/100 brn|[from] brn
|upkeep
|turn|22
|c|☆lavenderlad02|lul
|inactive|lavenderlad02 has 120 seconds left.
|c|☆Vxinsality❤️|?
|c|☆Vxinsality❤️|Ah
|c|☆lavenderlad02|why you switch
|inactive|Vxinsality❤️ has 120 seconds left.
|c|☆Vxinsality❤️|Coz I expected rest
|
|t:|1652922295
|move|p1a: Zacian|Play Rough|p2a: Giratina
|-supereffective|p2a: Giratina
|-damage|p2a: Giratina|17/100
|move|p2a: Giratina|Hex|p1a: Zacian
|-damage|p1a: Zacian|56/100 brn
|
|-heal|p2a: Giratina|23/100|[from] item: Leftovers
|-damage|p1a: Zacian|50/100 brn|[from] brn
|upkeep
|turn|23
|
|t:|1652922305
|switch|p2a: Zygarde|Zygarde-Complete|62/100 brn
|move|p1a: Zacian|Play Rough|p2a: Zygarde
|-supereffective|p2a: Zygarde
|-damage|p2a: Zygarde|30/100 brn
|
|-heal|p2a: Zygarde|36/100 brn|[from] item: Leftovers
|-damage|p1a: Zacian|44/100 brn|[from] brn
|-damage|p2a: Zygarde|30/100 brn|[from] brn
|upkeep
|turn|24
|
|t:|1652922313
|move|p1a: Zacian|Play Rough|p2a: Zygarde
|-supereffective|p2a: Zygarde
|-damage|p2a: Zygarde|0 fnt
|faint|p2a: Zygarde
|
|-damage|p1a: Zacian|38/100 brn|[from] brn
|upkeep
|
|t:|1652922319
|switch|p2a: Marshadow|Marshadow|100/100
|turn|25
|
|t:|1652922331
|switch|p1a: Arceus|Arceus-Water|87/100 par
|move|p2a: Marshadow|Spectral Thief|p1a: Arceus
|-crit|p1a: Arceus
|-damage|p1a: Arceus|40/100 par
|
|upkeep
|turn|26
|inactive|lavenderlad02 has 120 seconds left.
|
|t:|1652922345
|switch|p2a: Zacian|Zacian-Crowned|100/100
|-ability|p2a: Zacian|Intrepid Sword|boost
|-boost|p2a: Zacian|atk|1
|cant|p1a: Arceus|par
|
|upkeep
|turn|27
|
|t:|1652922353
|switch|p1a: Necrozma|Necrozma-Dusk-Mane|75/100
|move|p2a: Zacian|Swords Dance|p2a: Zacian
|-boost|p2a: Zacian|atk|2
|
|upkeep
|turn|28
|
|t:|1652922364
|move|p2a: Zacian|Swords Dance|p2a: Zacian
|-boost|p2a: Zacian|atk|2
|move|p1a: Necrozma|Stealth Rock|p2a: Zacian
|-sidestart|p2: lavenderlad02|move: Stealth Rock
|
|upkeep
|turn|29
|c|☆Vxinsality❤️|I don't
|c|☆Vxinsality❤️|Anymore
|
|t:|1652922375
|move|p2a: Zacian|Behemoth Blade|p1a: Necrozma
|-resisted|p1a: Necrozma
|-damage|p1a: Necrozma|20/100
|-damage|p2a: Zacian|84/100|[from] item: Rocky Helmet|[of] p1a: Necrozma
|move|p1a: Necrozma|Sunsteel Strike|p2a: Zacian
|-damage|p2a: Zacian|33/100
|
|upkeep
|turn|30
|
|t:|1652922378
|move|p2a: Zacian|Behemoth Blade|p1a: Necrozma
|-resisted|p1a: Necrozma
|-damage|p1a: Necrozma|0 fnt
|-damage|p2a: Zacian|16/100|[from] item: Rocky Helmet|[of] p1a: Necrozma
|faint|p1a: Necrozma
|
|upkeep
|
|t:|1652922380
|switch|p1a: Ditto|Ditto|100/100
|-transform|p1a: Ditto|p2a: Zacian|[from] ability: Imposter
|-ability|p1a: Ditto|Intrepid Sword|boost
|-boost|p1a: Ditto|atk|1
|turn|31
|
|t:|1652922383
|switch|p2a: Giratina|Giratina|23/100
|-damage|p2a: Giratina|11/100|[from] Stealth Rock
|-ability|p2a: Giratina|Pressure
|move|p1a: Ditto|Behemoth Blade|p2a: Giratina
|-damage|p2a: Giratina|0 fnt
|faint|p2a: Giratina
|
|upkeep
|
|t:|1652922389
|switch|p2a: Marshadow|Marshadow|100/100
|-damage|p2a: Marshadow|94/100|[from] Stealth Rock
|turn|32
|
|t:|1652922393
|move|p1a: Ditto|Behemoth Blade|p2a: Marshadow
|-damage|p2a: Marshadow|0 fnt
|faint|p2a: Marshadow
|
|upkeep
|-message|lavenderlad02 forfeited.
|
|win|Vxinsality❤️
|raw|Vxinsality❤️'s rating: 1644 &rarr; <strong>1670</strong><br />(+26 for winning)
|raw|lavenderlad02's rating: 1746 &rarr; <strong>1720</strong><br />(-26 for losing)
|l|☆lavenderlad02
|c|☆Vxinsality❤️|SAY GG YOU MADE ME WORK
||Ladder isn't responding, score probably updated but might not have (Request timeout).
