|j|☆rowletroost
|j|☆NOAH MK2
|t:|1631500573
|gametype|singles
|player|p1|rowletroost|wallace|1779
|player|p2|NOAH MK2|2|1885
|teamsize|p1|6
|teamsize|p2|6
|gen|8
|tier|[Gen 8] National Dex AG
|rated|
|rule|HP Percentage Mod: HP is shown in percentages
|rule|Endless Battle Clause: Forcing endless battles is banned
|clearpoke
|poke|p1|Arceus-*|
|poke|p1|Xerneas-*|
|poke|p1|Kyogre|
|poke|p1|Marshadow|
|poke|p1|Ribombee, M|
|poke|p1|Vivillon-Savanna, M|
|poke|p2|Klefki, F|
|poke|p2|Zygarde|
|poke|p2|Calyrex-Shadow|
|poke|p2|Yveltal|
|poke|p2|Rayquaza|
|poke|p2|Necrozma-Dusk-Mane|
|teampreview
|inactive|Battle timer is ON: inactive players will automatically lose when time's up. (requested by rowletroost)
|inactive|NOAH MK2 has 120 seconds left.
|inactive|NOAH MK2 has 90 seconds left.
|
|t:|1631500661
|start
|switch|p1a: Ribombee|Ribombee, M, shiny|100/100
|switch|p2a: Zygarde|Zygarde|100/100
|turn|1
|
|t:|1631500668
|move|p1a: Ribombee|Sticky Web|p2a: Zygarde
|-sidestart|p2: NOAH MK2|move: Sticky Web
|move|p2a: Zygarde|Substitute|p2a: Zygarde
|-start|p2a: Zygarde|Substitute
|-damage|p2a: Zygarde|76/100
|
|-heal|p2a: Zygarde|82/100|[from] item: Leftovers
|upkeep
|turn|2
|
|t:|1631500672
|move|p1a: Ribombee|Moonblast|p2a: Zygarde
|-supereffective|p2a: Zygarde
|-end|p2a: Zygarde|Substitute
|move|p2a: Zygarde|Glare|p1a: Ribombee
|-status|p1a: Ribombee|par
|
|-heal|p2a: Zygarde|88/100|[from] item: Leftovers
|upkeep
|turn|3
|
|t:|1631500682
|switch|p2a: Necrozma|Necrozma-Dusk-Mane|100/100
|-activate|p2a: Necrozma|move: Sticky Web
|-unboost|p2a: Necrozma|spe|1
|move|p1a: Ribombee|Aromatherapy|p1a: Ribombee
|-activate|p1a: Ribombee|move: Aromatherapy
|-curestatus|p1a: Ribombee|par|[msg]
|
|upkeep
|turn|4
|
|t:|1631500698
|move|p1a: Ribombee|Moonblast|p2a: Necrozma
|-resisted|p2a: Necrozma
|-damage|p2a: Necrozma|85/100
|move|p2a: Necrozma|Stealth Rock|p1a: Ribombee
|-sidestart|p1: rowletroost|move: Stealth Rock
|
|upkeep
|turn|5
|
|t:|1631500704
|move|p1a: Ribombee|Defog|p2a: Necrozma
|-unboost|p2a: Necrozma|evasion|1
|-sideend|p2: NOAH MK2|Sticky Web|[from] move: Defog|[of] p1a: Ribombee
|-sideend|p1: rowletroost|Stealth Rock|[from] move: Defog|[of] p1a: Ribombee
|move|p2a: Necrozma|Sunsteel Strike|p1a: Ribombee
|-supereffective|p1a: Ribombee
|-enditem|p1a: Ribombee|Focus Sash
|-damage|p1a: Ribombee|1/100
|
|upkeep
|turn|6
|
|t:|1631500709
|move|p1a: Ribombee|Sticky Web|p2a: Necrozma
|-sidestart|p2: NOAH MK2|move: Sticky Web
|move|p2a: Necrozma|Thunder Wave|p1a: Ribombee
|-status|p1a: Ribombee|par
|
|upkeep
|turn|7
|
|t:|1631500712
|switch|p1a: Vivillon|Vivillon-Savanna, M|100/100
|move|p2a: Necrozma|Stealth Rock|p1a: Vivillon
|-sidestart|p1: rowletroost|move: Stealth Rock
|
|upkeep
|turn|8
|
|t:|1631500723
|move|p1a: Vivillon|Sleep Powder|p2a: Necrozma
|-status|p2a: Necrozma|slp|[from] move: Sleep Powder
|cant|p2a: Necrozma|slp
|
|upkeep
|turn|9
|
|t:|1631500727
|move|p1a: Vivillon|Substitute|p1a: Vivillon
|-start|p1a: Vivillon|Substitute
|-damage|p1a: Vivillon|76/100
|cant|p2a: Necrozma|slp
|
|-heal|p1a: Vivillon|82/100|[from] item: Leftovers
|upkeep
|turn|10
|
|t:|1631500742
|switch|p2a: Calyrex|Calyrex-Shadow|100/100
|-ability|p2a: Calyrex|As One
|-ability|p2a: Calyrex|Unnerve
|-activate|p2a: Calyrex|move: Sticky Web
|-unboost|p2a: Calyrex|spe|1
|move|p1a: Vivillon|Quiver Dance|p1a: Vivillon
|-boost|p1a: Vivillon|spa|1
|-boost|p1a: Vivillon|spd|1
|-boost|p1a: Vivillon|spe|1
|
|-heal|p1a: Vivillon|88/100|[from] item: Leftovers
|upkeep
|turn|11
|
|t:|1631500746
|-start|p2a: Calyrex|Dynamax
|-heal|p2a: Calyrex|100/100|[silent]
|move|p1a: Vivillon|Sleep Powder|p2a: Calyrex
|-status|p2a: Calyrex|slp|[from] move: Sleep Powder
|cant|p2a: Calyrex|slp
|
|-heal|p1a: Vivillon|94/100|[from] item: Leftovers
|upkeep
|turn|12
|
|t:|1631500748
|move|p1a: Vivillon|Quiver Dance|p1a: Vivillon
|-boost|p1a: Vivillon|spa|1
|-boost|p1a: Vivillon|spd|1
|-boost|p1a: Vivillon|spe|1
|-curestatus|p2a: Calyrex|slp|[msg]
|move|p2a: Calyrex|Max Starfall|p1a: Vivillon
|-end|p1a: Vivillon|Substitute
|-fieldstart|move: Misty Terrain
|
|-heal|p1a: Vivillon|99/100|[from] item: Leftovers
|upkeep
|turn|13
|
|t:|1631500754
|move|p1a: Vivillon|Substitute|p1a: Vivillon
|-start|p1a: Vivillon|Substitute
|-damage|p1a: Vivillon|75/100
|move|p2a: Calyrex|Max Phantasm|p1a: Vivillon
|-end|p1a: Vivillon|Substitute
|-unboost|p1a: Vivillon|def|1
|
|-heal|p1a: Vivillon|81/100|[from] item: Leftovers
|-end|p2a: Calyrex|Dynamax
|-heal|p2a: Calyrex|100/100|[silent]
|upkeep
|turn|14
|
|t:|1631500760
|move|p1a: Vivillon|Substitute|p1a: Vivillon
|-start|p1a: Vivillon|Substitute
|-damage|p1a: Vivillon|56/100
|move|p2a: Calyrex|Psyshock|p1a: Vivillon
|-end|p1a: Vivillon|Substitute
|
|-heal|p1a: Vivillon|62/100|[from] item: Leftovers
|upkeep
|turn|15
|
|t:|1631500777
|move|p1a: Vivillon|Substitute|p1a: Vivillon
|-start|p1a: Vivillon|Substitute
|-damage|p1a: Vivillon|37/100
|move|p2a: Calyrex|Psyshock|p1a: Vivillon
|-end|p1a: Vivillon|Substitute
|
|-heal|p1a: Vivillon|43/100|[from] item: Leftovers
|upkeep
|turn|16
|
|t:|1631500780
|move|p1a: Vivillon|Substitute|p1a: Vivillon
|-start|p1a: Vivillon|Substitute
|-damage|p1a: Vivillon|18/100
|move|p2a: Calyrex|Psyshock|p1a: Vivillon
|-end|p1a: Vivillon|Substitute
|
|-heal|p1a: Vivillon|24/100|[from] item: Leftovers
|-fieldend|Misty Terrain
|upkeep
|turn|17
|
|t:|1631500786
|switch|p2a: Necrozma|Necrozma-Dusk-Mane|85/100 slp
|-activate|p2a: Necrozma|move: Sticky Web
|-unboost|p2a: Necrozma|spe|1
|move|p1a: Vivillon|Sleep Powder|p2a: Necrozma
|-fail|p2a: Necrozma|slp
|
|-heal|p1a: Vivillon|30/100|[from] item: Leftovers
|upkeep
|turn|18
|
|t:|1631500791
|move|p1a: Vivillon|Hurricane|p2a: Necrozma
|-resisted|p2a: Necrozma
|-damage|p2a: Necrozma|48/100 slp
|-start|p2a: Necrozma|confusion
|cant|p2a: Necrozma|slp
|
|-heal|p1a: Vivillon|36/100|[from] item: Leftovers
|upkeep
|turn|19
|
|t:|1631500798
|move|p1a: Vivillon|Substitute|p1a: Vivillon
|-start|p1a: Vivillon|Substitute
|-damage|p1a: Vivillon|11/100
|-curestatus|p2a: Necrozma|slp|[msg]
|-activate|p2a: Necrozma|confusion
|-damage|p2a: Necrozma|41/100|[from] confusion
|
|-heal|p1a: Vivillon|17/100|[from] item: Leftovers
|upkeep
|turn|20
|
|t:|1631500804
|move|p1a: Vivillon|Sleep Powder|p2a: Necrozma
|-status|p2a: Necrozma|slp|[from] move: Sleep Powder
|cant|p2a: Necrozma|slp
|
|-heal|p1a: Vivillon|23/100|[from] item: Leftovers
|upkeep
|turn|21
|
|t:|1631500806
|move|p1a: Vivillon|Hurricane|p2a: Necrozma
|-resisted|p2a: Necrozma
|-damage|p2a: Necrozma|6/100 slp
|cant|p2a: Necrozma|slp
|
|-heal|p1a: Vivillon|29/100|[from] item: Leftovers
|upkeep
|turn|22
|
|t:|1631500809
|move|p1a: Vivillon|Hurricane|p2a: Necrozma
|-resisted|p2a: Necrozma
|-damage|p2a: Necrozma|0 fnt
|faint|p2a: Necrozma
|
|-heal|p1a: Vivillon|35/100|[from] item: Leftovers
|upkeep
|-message|NOAH MK2 forfeited.
|
|win|rowletroost
|raw|rowletroost's rating: 1779 &rarr; <strong>1805</strong><br />(+26 for winning)
|raw|NOAH MK2's rating: 1885 &rarr; <strong>1859</strong><br />(-26 for losing)
|l|☆NOAH MK2
|j| worstgen8agplayer
|l| worstgen8agplayer
