|j|☆Bobsican
|j|☆drmario69
|t:|1663735490
|gametype|singles
|player|p1|Bobsican|n|1774
|player|p2|drmario69|hiker-gen4|1904
|teamsize|p1|6
|teamsize|p2|6
|gen|8
|tier|[Gen 8] National Dex AG
|rated|
|rule|HP Percentage Mod: HP is shown in percentages
|rule|Endless Battle Clause: Forcing endless battles is banned
|clearpoke
|poke|p1|Ditto|
|poke|p1|Gengar, M|
|poke|p1|Tyranitar, M|
|poke|p1|Necrozma-Dusk-Mane|
|poke|p1|Arceus-*|
|poke|p1|Ho-Oh|
|poke|p2|Groudon|
|poke|p2|Rayquaza|
|poke|p2|Zygarde|
|poke|p2|Arceus-*|
|poke|p2|Calyrex-Shadow|
|poke|p2|Xerneas-*|
|teampreview
|
|t:|1663735504
|start
|switch|p1a: Gengar|Gengar, M|100/100
|switch|p2a: the gwoat|Rayquaza|100/100
|-ability|p2a: the gwoat|Air Lock
|turn|1
|inactive|Battle timer is ON: inactive players will automatically lose when time's up. (requested by Bobsican)
|
|t:|1663735511
|detailschange|p1a: Gengar|Gengar-Mega, M
|-mega|p1a: Gengar|Gengar|Gengarite
|detailschange|p2a: the gwoat|Rayquaza-Mega
|-mega|p2a: the gwoat|Rayquaza|
|-weather|DeltaStream|[from] ability: Delta Stream|[of] p2a: the gwoat
|move|p1a: Gengar|Substitute|p1a: Gengar
|-start|p1a: Gengar|Substitute
|-damage|p1a: Gengar|76/100
|move|p2a: the gwoat|Scale Shot|p1a: Gengar
|-end|p1a: Gengar|Substitute
|-damage|p1a: Gengar|39/100
|-hitcount|p1a: Gengar|2
|-unboost|p2a: the gwoat|def|1
|-boost|p2a: the gwoat|spe|1
|-damage|p2a: the gwoat|91/100|[from] item: Life Orb
|
|-weather|DeltaStream|[upkeep]
|upkeep
|turn|2
|
|t:|1663735530
|switch|p1a: Necrozma|Necrozma-Dusk-Mane|100/100
|move|p2a: the gwoat|Earthquake|p1a: Necrozma
|-supereffective|p1a: Necrozma
|-damage|p1a: Necrozma|54/100
|-damage|p2a: the gwoat|81/100|[from] item: Life Orb
|
|-weather|DeltaStream|[upkeep]
|upkeep
|turn|3
|
|t:|1663735535
|move|p2a: the gwoat|Earthquake|p1a: Necrozma
|-supereffective|p1a: Necrozma
|-damage|p1a: Necrozma|3/100
|-damage|p2a: the gwoat|71/100|[from] item: Life Orb
|move|p1a: Necrozma|Morning Sun|p1a: Necrozma
|-heal|p1a: Necrozma|53/100
|
|-weather|DeltaStream|[upkeep]
|upkeep
|turn|4
|
|t:|1663735539
|move|p2a: the gwoat|Earthquake|p1a: Necrozma
|-supereffective|p1a: Necrozma
|-damage|p1a: Necrozma|3/100
|-damage|p2a: the gwoat|61/100|[from] item: Life Orb
|move|p1a: Necrozma|Morning Sun|p1a: Necrozma
|-heal|p1a: Necrozma|53/100
|
|-weather|DeltaStream|[upkeep]
|upkeep
|turn|5
|
|t:|1663735542
|move|p2a: the gwoat|Earthquake|p1a: Necrozma
|-supereffective|p1a: Necrozma
|-damage|p1a: Necrozma|6/100
|-damage|p2a: the gwoat|51/100|[from] item: Life Orb
|move|p1a: Necrozma|Morning Sun|p1a: Necrozma
|-heal|p1a: Necrozma|56/100
|
|-weather|DeltaStream|[upkeep]
|upkeep
|turn|6
|
|t:|1663735547
|-weather|none
|switch|p2a: the goat|Zygarde, shiny|100/100
|move|p1a: Necrozma|Morning Sun|p1a: Necrozma
|-heal|p1a: Necrozma|100/100
|
|upkeep
|turn|7
|
|t:|1663735559
|switch|p1a: Arceus|Arceus-Ground|100/100
|move|p2a: the goat|Thousand Arrows|p1a: Arceus
|-damage|p1a: Arceus|86/100
|
|upkeep
|turn|8
|
|t:|1663735568
|switch|p2a: the gwoat|Rayquaza-Mega|51/100
|-weather|DeltaStream|[from] ability: Delta Stream|[of] p2a: the gwoat
|move|p1a: Arceus|Ice Beam|p2a: the gwoat
|-activate||deltastream
|-supereffective|p2a: the gwoat
|-damage|p2a: the gwoat|7/100
|
|-weather|DeltaStream|[upkeep]
|upkeep
|turn|9
|
|t:|1663735575
|switch|p1a: Necrozma|Necrozma-Dusk-Mane|100/100
|move|p2a: the gwoat|Dragon Ascent|p1a: Necrozma
|-resisted|p1a: Necrozma
|-damage|p1a: Necrozma|73/100
|-unboost|p2a: the gwoat|def|1
|-unboost|p2a: the gwoat|spd|1
|-damage|p2a: the gwoat|0 fnt|[from] item: Rocky Helmet|[of] p1a: Necrozma
|faint|p2a: the gwoat
|-weather|none
|
|upkeep
|
|t:|1663735577
|switch|p2a: Calyrex|Calyrex-Shadow|100/100
|-ability|p2a: Calyrex|As One
|-ability|p2a: Calyrex|Unnerve
|turn|10
|
|t:|1663735583
|switch|p1a: Tyranitar|Tyranitar, M|100/100
|-weather|Sandstorm|[from] ability: Sand Stream|[of] p1a: Tyranitar
|move|p2a: Calyrex|Substitute|p2a: Calyrex
|-start|p2a: Calyrex|Substitute
|-damage|p2a: Calyrex|76/100
|
|-weather|Sandstorm|[upkeep]
|-damage|p2a: Calyrex|70/100|[from] Sandstorm
|-heal|p2a: Calyrex|76/100|[from] item: Leftovers
|upkeep
|turn|11
|
|t:|1663735587
|move|p2a: Calyrex|Leech Seed|p1a: Tyranitar
|-start|p1a: Tyranitar|move: Leech Seed
|move|p1a: Tyranitar|Pursuit|p2a: Calyrex
|-supereffective|p2a: Calyrex
|-end|p2a: Calyrex|Substitute
|
|-weather|Sandstorm|[upkeep]
|-damage|p2a: Calyrex|70/100|[from] Sandstorm
|-heal|p2a: Calyrex|76/100|[from] item: Leftovers
|-damage|p1a: Tyranitar|88/100|[from] Leech Seed|[of] p2a: Calyrex
|-heal|p2a: Calyrex|90/100|[silent]
|upkeep
|turn|12
|
|t:|1663735594
|switch|p1a: Ho-Oh|Ho-Oh|100/100
|move|p2a: Calyrex|Substitute|p2a: Calyrex
|-start|p2a: Calyrex|Substitute
|-damage|p2a: Calyrex|65/100
|
|-weather|Sandstorm|[upkeep]
|-damage|p2a: Calyrex|59/100|[from] Sandstorm
|-damage|p1a: Ho-Oh|94/100|[from] Sandstorm
|-heal|p2a: Calyrex|65/100|[from] item: Leftovers
|upkeep
|turn|13
|
|t:|1663735597
|move|p2a: Calyrex|Astral Barrage|p1a: Ho-Oh
|-damage|p1a: Ho-Oh|53/100
|move|p1a: Ho-Oh|Whirlwind|p2a: Calyrex
|drag|p2a: the goat|Zygarde, shiny|100/100
|
|-weather|Sandstorm|[upkeep]
|-damage|p1a: Ho-Oh|47/100|[from] Sandstorm
|upkeep
|turn|14
|
|t:|1663735605
|move|p2a: the goat|Substitute|p2a: the goat
|-start|p2a: the goat|Substitute
|-damage|p2a: the goat|75/100
|move|p1a: Ho-Oh|Toxic||[still]
|-fail|p1a: Ho-Oh
|
|-weather|none
|-heal|p2a: the goat|82/100|[from] item: Leftovers
|upkeep
|turn|15
|
|t:|1663735609
|move|p2a: the goat|Glare|p1a: Ho-Oh
|-status|p1a: Ho-Oh|par
|move|p1a: Ho-Oh|Whirlwind|p2a: the goat
|drag|p2a: Calyrex|Calyrex-Shadow|65/100
|-ability|p2a: Calyrex|As One
|-ability|p2a: Calyrex|Unnerve
|
|-heal|p2a: Calyrex|72/100|[from] item: Leftovers
|upkeep
|turn|16
|
|t:|1663735614
|switch|p1a: Tyranitar|Tyranitar, M|88/100
|-weather|Sandstorm|[from] ability: Sand Stream|[of] p1a: Tyranitar
|move|p2a: Calyrex|Substitute|p2a: Calyrex
|-start|p2a: Calyrex|Substitute
|-damage|p2a: Calyrex|47/100
|
|-weather|Sandstorm|[upkeep]
|-damage|p2a: Calyrex|41/100|[from] Sandstorm
|-heal|p2a: Calyrex|47/100|[from] item: Leftovers
|-heal|p1a: Tyranitar|94/100|[from] item: Leftovers
|upkeep
|turn|17
|
|t:|1663735622
|switch|p1a: Ho-Oh|Ho-Oh|80/100 par
|move|p2a: Calyrex|Leech Seed|p1a: Ho-Oh
|-start|p1a: Ho-Oh|move: Leech Seed
|
|-weather|Sandstorm|[upkeep]
|-damage|p2a: Calyrex|41/100|[from] Sandstorm
|-damage|p1a: Ho-Oh|74/100 par|[from] Sandstorm
|-heal|p2a: Calyrex|47/100|[from] item: Leftovers
|-damage|p1a: Ho-Oh|61/100 par|[from] Leech Seed|[of] p2a: Calyrex
|-heal|p2a: Calyrex|62/100|[silent]
|upkeep
|turn|18
|
|t:|1663735624
|switch|p1a: Tyranitar|Tyranitar, M|94/100
|move|p2a: Calyrex|Astral Barrage|p1a: Tyranitar
|-resisted|p1a: Tyranitar
|-damage|p1a: Tyranitar|80/100
|
|-weather|Sandstorm|[upkeep]
|-damage|p2a: Calyrex|55/100|[from] Sandstorm
|-heal|p2a: Calyrex|62/100|[from] item: Leftovers
|-heal|p1a: Tyranitar|86/100|[from] item: Leftovers
|upkeep
|turn|19
|
|t:|1663735630
|move|p2a: Calyrex|Leech Seed|p1a: Tyranitar
|-start|p1a: Tyranitar|move: Leech Seed
|move|p1a: Tyranitar|Pursuit|p2a: Calyrex
|-supereffective|p2a: Calyrex
|-end|p2a: Calyrex|Substitute
|
|-weather|Sandstorm|[upkeep]
|-damage|p2a: Calyrex|55/100|[from] Sandstorm
|-heal|p2a: Calyrex|62/100|[from] item: Leftovers
|-heal|p1a: Tyranitar|92/100|[from] item: Leftovers
|-damage|p1a: Tyranitar|80/100|[from] Leech Seed|[of] p2a: Calyrex
|-heal|p2a: Calyrex|76/100|[silent]
|upkeep
|turn|20
|
|t:|1663735635
|move|p2a: Calyrex|Substitute|p2a: Calyrex
|-start|p2a: Calyrex|Substitute
|-damage|p2a: Calyrex|51/100
|move|p1a: Tyranitar|Pursuit|p2a: Calyrex
|-supereffective|p2a: Calyrex
|-end|p2a: Calyrex|Substitute
|
|-weather|none
|-heal|p2a: Calyrex|58/100|[from] item: Leftovers
|-heal|p1a: Tyranitar|86/100|[from] item: Leftovers
|-damage|p1a: Tyranitar|74/100|[from] Leech Seed|[of] p2a: Calyrex
|-heal|p2a: Calyrex|72/100|[silent]
|upkeep
|turn|21
|
|t:|1663735640
|switch|p1a: Ho-Oh|Ho-Oh|95/100 par
|move|p2a: Calyrex|Substitute|p2a: Calyrex
|-start|p2a: Calyrex|Substitute
|-damage|p2a: Calyrex|47/100
|
|-heal|p2a: Calyrex|53/100|[from] item: Leftovers
|upkeep
|turn|22
|
|t:|1663735645
|switch|p1a: Tyranitar|Tyranitar, M|74/100
|-weather|Sandstorm|[from] ability: Sand Stream|[of] p1a: Tyranitar
|move|p2a: Calyrex|Leech Seed|p1a: Tyranitar
|-start|p1a: Tyranitar|move: Leech Seed
|
|-weather|Sandstorm|[upkeep]
|-damage|p2a: Calyrex|47/100|[from] Sandstorm
|-heal|p2a: Calyrex|53/100|[from] item: Leftovers
|-heal|p1a: Tyranitar|80/100|[from] item: Leftovers
|-damage|p1a: Tyranitar|68/100|[from] Leech Seed|[of] p2a: Calyrex
|-heal|p2a: Calyrex|68/100|[silent]
|upkeep
|turn|23
|
|t:|1663735650
|switch|p1a: Ho-Oh|Ho-Oh|100/100 par
|move|p2a: Calyrex|Draining Kiss|p1a: Ho-Oh
|-resisted|p1a: Ho-Oh
|-damage|p1a: Ho-Oh|95/100 par
|-heal|p2a: Calyrex|73/100|[from] drain|[of] p1a: Ho-Oh
|
|-weather|Sandstorm|[upkeep]
|-damage|p2a: Calyrex|67/100|[from] Sandstorm
|-damage|p1a: Ho-Oh|89/100 par|[from] Sandstorm
|-heal|p2a: Calyrex|73/100|[from] item: Leftovers
|upkeep
|turn|24
|
|t:|1663735654
|switch|p1a: Tyranitar|Tyranitar, M|68/100
|move|p2a: Calyrex|Leech Seed|p1a: Tyranitar
|-start|p1a: Tyranitar|move: Leech Seed
|
|-weather|Sandstorm|[upkeep]
|-damage|p2a: Calyrex|67/100|[from] Sandstorm
|-heal|p2a: Calyrex|73/100|[from] item: Leftovers
|-heal|p1a: Tyranitar|74/100|[from] item: Leftovers
|-damage|p1a: Tyranitar|61/100|[from] Leech Seed|[of] p2a: Calyrex
|-heal|p2a: Calyrex|88/100|[silent]
|upkeep
|turn|25
|
|t:|1663735663
|switch|p1a: Ho-Oh|Ho-Oh|100/100 par
|move|p2a: Calyrex|Draining Kiss|p1a: Ho-Oh
|-resisted|p1a: Ho-Oh
|-damage|p1a: Ho-Oh|95/100 par
|-heal|p2a: Calyrex|93/100|[from] drain|[of] p1a: Ho-Oh
|
|-weather|Sandstorm|[upkeep]
|-damage|p2a: Calyrex|86/100|[from] Sandstorm
|-damage|p1a: Ho-Oh|89/100 par|[from] Sandstorm
|-heal|p2a: Calyrex|93/100|[from] item: Leftovers
|upkeep
|turn|26
|
|t:|1663735669
|switch|p1a: Tyranitar|Tyranitar, M|61/100
|move|p2a: Calyrex|Draining Kiss|p1a: Tyranitar
|-supereffective|p1a: Tyranitar
|-damage|p1a: Tyranitar|46/100
|-heal|p2a: Calyrex|100/100|[from] drain|[of] p1a: Tyranitar
|
|-weather|none
|-heal|p1a: Tyranitar|52/100|[from] item: Leftovers
|upkeep
|turn|27
|
|t:|1663735676
|switch|p1a: Ho-Oh|Ho-Oh|100/100 par
|move|p2a: Calyrex|Leech Seed|p1a: Ho-Oh
|-start|p1a: Ho-Oh|move: Leech Seed
|
|-damage|p1a: Ho-Oh|88/100 par|[from] Leech Seed|[of] p2a: Calyrex
|upkeep
|turn|28
|
|t:|1663735680
|switch|p2a: the goat|Zygarde, shiny|82/100
|switch|p1a: Tyranitar|Tyranitar, M|52/100
|-weather|Sandstorm|[from] ability: Sand Stream|[of] p1a: Tyranitar
|
|-weather|Sandstorm|[upkeep]
|-heal|p2a: the goat|88/100|[from] item: Leftovers
|-heal|p1a: Tyranitar|58/100|[from] item: Leftovers
|upkeep
|turn|29
|
|t:|1663735684
|switch|p1a: Ho-Oh|Ho-Oh|100/100 par
|move|p2a: the goat|Substitute|p2a: the goat
|-start|p2a: the goat|Substitute
|-damage|p2a: the goat|63/100
|
|-weather|Sandstorm|[upkeep]
|-damage|p1a: Ho-Oh|94/100 par|[from] Sandstorm
|-heal|p2a: the goat|69/100|[from] item: Leftovers
|upkeep
|turn|30
|
|t:|1663735689
|move|p2a: the goat|Thousand Arrows|p1a: Ho-Oh
|-damage|p1a: Ho-Oh|74/100 par
|-start|p1a: Ho-Oh|Smack Down
|cant|p1a: Ho-Oh|par
|
|-weather|Sandstorm|[upkeep]
|-damage|p1a: Ho-Oh|67/100 par|[from] Sandstorm
|-heal|p2a: the goat|75/100|[from] item: Leftovers
|upkeep
|turn|31
|
|t:|1663735696
|move|p2a: the goat|Thousand Arrows|p1a: Ho-Oh
|-supereffective|p1a: Ho-Oh
|-damage|p1a: Ho-Oh|23/100 par
|move|p1a: Ho-Oh|Whirlwind|p2a: the goat
|drag|p2a: Calyrex|Calyrex-Shadow|100/100
|-ability|p2a: Calyrex|As One
|-ability|p2a: Calyrex|Unnerve
|
|-weather|Sandstorm|[upkeep]
|-damage|p2a: Calyrex|94/100|[from] Sandstorm
|-damage|p1a: Ho-Oh|17/100 par|[from] Sandstorm
|-heal|p2a: Calyrex|100/100|[from] item: Leftovers
|upkeep
|turn|32
|
|t:|1663735713
|switch|p1a: Tyranitar|Tyranitar, M|58/100
|move|p2a: Calyrex|Substitute|p2a: Calyrex
|-start|p2a: Calyrex|Substitute
|-damage|p2a: Calyrex|76/100
|
|-weather|none
|-heal|p2a: Calyrex|82/100|[from] item: Leftovers
|-heal|p1a: Tyranitar|64/100|[from] item: Leftovers
|upkeep
|turn|33
|
|t:|1663735720
|move|p2a: Calyrex|Leech Seed|p1a: Tyranitar
|-start|p1a: Tyranitar|move: Leech Seed
|move|p1a: Tyranitar|Pursuit|p2a: Calyrex
|-supereffective|p2a: Calyrex
|-end|p2a: Calyrex|Substitute
|
|-heal|p2a: Calyrex|88/100|[from] item: Leftovers
|-heal|p1a: Tyranitar|70/100|[from] item: Leftovers
|-damage|p1a: Tyranitar|58/100|[from] Leech Seed|[of] p2a: Calyrex
|-heal|p2a: Calyrex|100/100|[silent]
|upkeep
|turn|34
|
|t:|1663735724
|switch|p1a: Ho-Oh|Ho-Oh|50/100 par
|move|p2a: Calyrex|Astral Barrage|p1a: Ho-Oh
|-damage|p1a: Ho-Oh|8/100 par
|
|upkeep
|turn|35
|
|t:|1663735732
|switch|p2a: Xerneas|Xerneas|100/100
|-ability|p2a: Xerneas|Fairy Aura
|switch|p1a: Tyranitar|Tyranitar, M|58/100
|-weather|Sandstorm|[from] ability: Sand Stream|[of] p1a: Tyranitar
|
|-weather|Sandstorm|[upkeep]
|-damage|p2a: Xerneas|94/100|[from] Sandstorm
|-heal|p1a: Tyranitar|64/100|[from] item: Leftovers
|upkeep
|turn|36
|
|t:|1663735737
|switch|p1a: Necrozma|Necrozma-Dusk-Mane|73/100
|move|p2a: Xerneas|Geomancy||[still]
|-prepare|p2a: Xerneas|Geomancy
|-enditem|p2a: Xerneas|Power Herb
|-anim|p2a: Xerneas|Geomancy|p2a: Xerneas
|-boost|p2a: Xerneas|spa|2
|-boost|p2a: Xerneas|spd|2
|-boost|p2a: Xerneas|spe|2
|
|-weather|Sandstorm|[upkeep]
|-damage|p2a: Xerneas|88/100|[from] Sandstorm
|upkeep
|turn|37
|
|t:|1663735741
|-start|p2a: Xerneas|Dynamax|
|-heal|p2a: Xerneas|88/100|[silent]
|-start|p1a: Necrozma|Dynamax|
|-heal|p1a: Necrozma|73/100|[silent]
|move|p2a: Xerneas|Max Flare|p1a: Necrozma
|-supereffective|p1a: Necrozma
|-damage|p1a: Necrozma|23/100
|-weather|SunnyDay
|move|p1a: Necrozma|Max Steelspike|p2a: Xerneas
|-supereffective|p2a: Xerneas
|-damage|p2a: Xerneas|34/100
|-boost|p1a: Necrozma|def|1
|
|-weather|SunnyDay|[upkeep]
|upkeep
|turn|38
|
|t:|1663735761
|move|p2a: Xerneas|Max Guard|p2a: Xerneas
|-singleturn|p2a: Xerneas|Max Guard
|move|p1a: Necrozma|Max Guard||[still]
|-fail|p1a: Necrozma
|
|-weather|SunnyDay|[upkeep]
|upkeep
|turn|39
|
|t:|1663735775
|move|p2a: Xerneas|Max Starfall|p1a: Necrozma
|-resisted|p1a: Necrozma
|-damage|p1a: Necrozma|0 fnt
|-fieldstart|move: Misty Terrain
|faint|p1a: Necrozma
|
|-weather|SunnyDay|[upkeep]
|upkeep
|
|t:|1663735779
|switch|p1a: Ditto|Ditto|100/100
|-transform|p1a: Ditto|p2a: Xerneas|[from] ability: Imposter
|-ability|p1a: Ditto|Fairy Aura
|-end|p2a: Xerneas|Dynamax
|-heal|p2a: Xerneas|34/100|[silent]
|turn|40
|
|t:|1663735787
|move|p1a: Ditto|Moonblast|p2a: Xerneas
|-damage|p2a: Xerneas|0 fnt
|faint|p2a: Xerneas
|
|-weather|SunnyDay|[upkeep]
|upkeep
|
|t:|1663735790
|switch|p2a: Pyra|Groudon|100/100
|detailschange|p2a: Pyra|Groudon-Primal
|-primal|p2a: Pyra
|-weather|DesolateLand|[from] ability: Desolate Land|[of] p2a: Pyra
|turn|41
|
|t:|1663735796
|switch|p1a: Ho-Oh|Ho-Oh|42/100 par
|move|p2a: Pyra|Precipice Blades|p1a: Ho-Oh
|-immune|p1a: Ho-Oh
|
|-weather|DesolateLand|[upkeep]
|upkeep
|turn|42
|
|t:|1663735803
|switch|p1a: Arceus|Arceus-Ground|86/100
|move|p2a: Pyra|Stone Edge|p1a: Arceus
|-resisted|p1a: Arceus
|-damage|p1a: Arceus|73/100
|
|-weather|DesolateLand|[upkeep]
|upkeep
|turn|43
|
|t:|1663735809
|move|p1a: Arceus|Judgment|p2a: Pyra
|-supereffective|p2a: Pyra
|-damage|p2a: Pyra|12/100
|move|p2a: Pyra|Precipice Blades|p1a: Arceus
|-damage|p1a: Arceus|32/100
|
|-weather|DesolateLand|[upkeep]
|-fieldend|Misty Terrain
|upkeep
|turn|44
|j| Jelly cookie
|
|t:|1663735818
|move|p1a: Arceus|Recover|p1a: Arceus
|-heal|p1a: Arceus|82/100
|move|p2a: Pyra|Precipice Blades|p1a: Arceus
|-damage|p1a: Arceus|39/100
|
|-weather|DesolateLand|[upkeep]
|upkeep
|turn|45
|
|t:|1663735822
|-weather|none
|switch|p2a: Arceus|Arceus|100/100
|move|p1a: Arceus|Recover|p1a: Arceus
|-heal|p1a: Arceus|89/100
|
|upkeep
|turn|46
|
|t:|1663735827
|switch|p1a: Gengar|Gengar-Mega, M|39/100
|move|p2a: Arceus|Swords Dance|p2a: Arceus
|-boost|p2a: Arceus|atk|2
|
|upkeep
|turn|47
|
|t:|1663735832
|move|p1a: Gengar|Encore|p2a: Arceus
|-start|p2a: Arceus|Encore
|move|p2a: Arceus|Swords Dance|p2a: Arceus
|-boost|p2a: Arceus|atk|2
|
|upkeep
|turn|48
|
|t:|1663735835
|move|p1a: Gengar|Substitute|p1a: Gengar
|-start|p1a: Gengar|Substitute
|-damage|p1a: Gengar|14/100
|move|p2a: Arceus|Swords Dance|p2a: Arceus
|-boost|p2a: Arceus|atk|2
|
|upkeep
|turn|49
|j| Fake Crowns
|
|t:|1663735840
|move|p1a: Gengar|Focus Blast|p2a: Arceus
|-supereffective|p2a: Arceus
|-damage|p2a: Arceus|36/100
|move|p2a: Arceus|Swords Dance|p2a: Arceus
|-boost|p2a: Arceus|atk|0
|
|-end|p2a: Arceus|Encore
|upkeep
|turn|50
|
|t:|1663735845
|move|p1a: Gengar|Encore|p2a: Arceus
|-start|p2a: Arceus|Encore
|move|p2a: Arceus|Swords Dance|p2a: Arceus
|-boost|p2a: Arceus|atk|0
|
|upkeep
|turn|51
|
|t:|1663735849
|move|p1a: Gengar|Focus Blast|p2a: Arceus
|-supereffective|p2a: Arceus
|-damage|p2a: Arceus|0 fnt
|faint|p2a: Arceus
|
|upkeep
|
|t:|1663735853
|switch|p2a: the goat|Zygarde, shiny|75/100
|turn|52
|
|t:|1663735858
|move|p1a: Gengar|Shadow Ball|p2a: the goat
|-damage|p2a: the goat|31/100
|move|p2a: the goat|Thousand Arrows|p1a: Gengar
|-supereffective|p1a: Gengar
|-end|p1a: Gengar|Substitute
|
|-heal|p2a: the goat|37/100|[from] item: Leftovers
|-activate|p2a: the goat|ability: Power Construct
|detailschange|p2a: the goat|Zygarde-Complete, shiny
|-heal|p2a: the goat|59/100|[silent]
|upkeep
|turn|53
|
|t:|1663735865
|move|p1a: Gengar|Shadow Ball|p2a: the goat
|-damage|p2a: the goat|32/100
|move|p2a: the goat|Thousand Arrows|p1a: Gengar
|-supereffective|p1a: Gengar
|-damage|p1a: Gengar|0 fnt
|faint|p1a: Gengar
|
|-heal|p2a: the goat|38/100|[from] item: Leftovers
|upkeep
|
|t:|1663735870
|switch|p1a: Arceus|Arceus-Ground|89/100
|turn|54
|
|t:|1663735874
|move|p1a: Arceus|Ice Beam|p2a: the goat
|-supereffective|p2a: the goat
|-damage|p2a: the goat|0 fnt
|faint|p2a: the goat
|
|upkeep
|
|t:|1663735879
|switch|p2a: Calyrex|Calyrex-Shadow|100/100
|-ability|p2a: Calyrex|As One
|-ability|p2a: Calyrex|Unnerve
|turn|55
|
|t:|1663735887
|switch|p1a: Tyranitar|Tyranitar, M|64/100
|-weather|Sandstorm|[from] ability: Sand Stream|[of] p1a: Tyranitar
|move|p2a: Calyrex|Substitute|p2a: Calyrex
|-start|p2a: Calyrex|Substitute
|-damage|p2a: Calyrex|76/100
|
|-weather|Sandstorm|[upkeep]
|-damage|p2a: Calyrex|70/100|[from] Sandstorm
|-heal|p2a: Calyrex|76/100|[from] item: Leftovers
|-heal|p1a: Tyranitar|70/100|[from] item: Leftovers
|upkeep
|turn|56
|
|t:|1663735893
|switch|p1a: Ho-Oh|Ho-Oh|75/100 par
|move|p2a: Calyrex|Leech Seed|p1a: Ho-Oh|[miss]
|-miss|p2a: Calyrex|p1a: Ho-Oh
|
|-weather|Sandstorm|[upkeep]
|-damage|p2a: Calyrex|70/100|[from] Sandstorm
|-damage|p1a: Ho-Oh|69/100 par|[from] Sandstorm
|-heal|p2a: Calyrex|76/100|[from] item: Leftovers
|upkeep
|turn|57
|
|t:|1663735899
|move|p2a: Calyrex|Leech Seed|p1a: Ho-Oh
|-start|p1a: Ho-Oh|move: Leech Seed
|move|p1a: Ho-Oh|Whirlwind|p2a: Calyrex
|drag|p2a: Pyra|Groudon-Primal|12/100
|-weather|DesolateLand|[from] ability: Desolate Land|[of] p2a: Pyra
|
|-weather|DesolateLand|[upkeep]
|-damage|p1a: Ho-Oh|57/100 par|[from] Leech Seed|[of] p2a: Pyra
|-heal|p2a: Pyra|24/100|[silent]
|upkeep
|turn|58
|
|t:|1663735918
|switch|p1a: Arceus|Arceus-Ground|89/100
|move|p2a: Pyra|Precipice Blades|p1a: Arceus
|-damage|p1a: Arceus|45/100
|
|-weather|DesolateLand|[upkeep]
|upkeep
|turn|59
|
|t:|1663735924
|move|p1a: Arceus|Recover|p1a: Arceus
|-heal|p1a: Arceus|95/100
|move|p2a: Pyra|Precipice Blades|p1a: Arceus
|-damage|p1a: Arceus|53/100
|
|-weather|DesolateLand|[upkeep]
|upkeep
|turn|60
|
|t:|1663735928
|move|p1a: Arceus|Recover|p1a: Arceus
|-heal|p1a: Arceus|100/100
|move|p2a: Pyra|Stealth Rock|p1a: Arceus
|-sidestart|p1: Bobsican|move: Stealth Rock
|
|-weather|DesolateLand|[upkeep]
|upkeep
|turn|61
|
|t:|1663735934
|move|p1a: Arceus|Judgment|p2a: Pyra
|-supereffective|p2a: Pyra
|-damage|p2a: Pyra|0 fnt
|faint|p2a: Pyra
|-weather|none
|
|upkeep
|
|t:|1663735937
|switch|p2a: Calyrex|Calyrex-Shadow|76/100
|-ability|p2a: Calyrex|As One
|-ability|p2a: Calyrex|Unnerve
|turn|62
|
|t:|1663735941
|move|p2a: Calyrex|Leech Seed|p1a: Arceus|[miss]
|-miss|p2a: Calyrex|p1a: Arceus
|move|p1a: Arceus|Judgment|p2a: Calyrex
|-damage|p2a: Calyrex|25/100
|
|-heal|p2a: Calyrex|31/100|[from] item: Leftovers
|upkeep
|turn|63
|
|t:|1663735944
|move|p2a: Calyrex|Astral Barrage|p1a: Arceus
|-crit|p1a: Arceus
|-damage|p1a: Arceus|30/100
|move|p1a: Arceus|Judgment|p2a: Calyrex
|-damage|p2a: Calyrex|0 fnt
|faint|p2a: Calyrex
|
|win|Bobsican
|raw|Bobsican's rating: 1774 &rarr; <strong>1801</strong><br />(+27 for winning)
|raw|drmario69's rating: 1904 &rarr; <strong>1877</strong><br />(-27 for losing)
|l| Fake Crowns
|l|☆Bobsican
|j|☆Bobsican
|player|p1|Bobsican|n
