|j|☆SpicySalmonRoll
|j|☆Matsui_Miyako
|t:|1662491675
|gametype|singles
|player|p1|SpicySalmonRoll|teamrocket|1527
|player|p2|Matsui_Miyako|allister|1613
|teamsize|p1|6
|teamsize|p2|6
|gen|8
|tier|[Gen 8] National Dex AG
|rated|
|rule|HP Percentage Mod: HP is shown in percentages
|rule|Endless Battle Clause: Forcing endless battles is banned
|clearpoke
|poke|p1|Corsola-Galar, M|
|poke|p1|Mimikyu, F|
|poke|p1|Aegislash, M|
|poke|p1|Gengar, M|
|poke|p1|Dragapult, F|
|poke|p1|Giratina-Origin|
|poke|p2|Yveltal|
|poke|p2|Deoxys-Speed|
|poke|p2|Marshadow|
|poke|p2|Arceus-*|
|poke|p2|Calyrex-Shadow|
|poke|p2|Arceus-*|
|teampreview
|inactive|Battle timer is ON: inactive players will automatically lose when time's up. (requested by SpicySalmonRoll)
|
|t:|1662491700
|start
|switch|p1a: Aegislash|Aegislash, M|100/100
|switch|p2a: Rápido|Deoxys-Speed|100/100
|-ability|p2a: Rápido|Pressure
|turn|1
|
|t:|1662491706
|-formechange|p1a: Aegislash|Aegislash-Blade||[from] ability: Stance Change
|move|p1a: Aegislash|Shadow Sneak|p2a: Rápido
|-supereffective|p2a: Rápido
|-damage|p2a: Rápido|23/100
|move|p2a: Rápido|Stealth Rock|p1a: Aegislash
|-sidestart|p1: SpicySalmonRoll|move: Stealth Rock
|
|upkeep
|turn|2
|
|t:|1662491712
|move|p1a: Aegislash|Shadow Sneak|p2a: Rápido
|-supereffective|p2a: Rápido
|-damage|p2a: Rápido|0 fnt
|faint|p2a: Rápido
|
|upkeep
|
|t:|1662491717
|switch|p2a: Deus|Arceus, shiny|100/100
|turn|3
|
|t:|1662491723
|-formechange|p1a: Aegislash|Aegislash||[from] ability: Stance Change
|move|p1a: Aegislash|King's Shield|p1a: Aegislash
|-singleturn|p1a: Aegislash|Protect
|move|p2a: Deus|Swords Dance|p2a: Deus
|-boost|p2a: Deus|atk|2
|
|upkeep
|turn|4
|
|t:|1662491731
|move|p2a: Deus|Earthquake|p1a: Aegislash
|-supereffective|p1a: Aegislash
|-damage|p1a: Aegislash|0 fnt
|faint|p1a: Aegislash
|
|upkeep
|
|t:|1662491735
|switch|p1a: Corsola|Corsola-Galar, M|100/100
|-damage|p1a: Corsola|88/100|[from] Stealth Rock
|turn|5
|
|t:|1662491742
|move|p2a: Deus|Swords Dance|p2a: Deus
|-boost|p2a: Deus|atk|2
|move|p1a: Corsola|Strength Sap|p2a: Deus
|-unboost|p2a: Deus|atk|1
|-heal|p1a: Corsola|100/100
|
|upkeep
|turn|6
|
|t:|1662491748
|move|p2a: Deus|Swords Dance|p2a: Deus
|-boost|p2a: Deus|atk|2
|move|p1a: Corsola|Will-O-Wisp|p2a: Deus
|-status|p2a: Deus|brn
|
|-damage|p2a: Deus|94/100 brn|[from] brn
|upkeep
|turn|7
|
|t:|1662491755
|move|p2a: Deus|Shadow Claw|p1a: Corsola
|-supereffective|p1a: Corsola
|-damage|p1a: Corsola|59/100
|move|p1a: Corsola|Whirlpool|p2a: Deus
|-damage|p2a: Deus|90/100 brn
|-activate|p2a: Deus|move: Whirlpool|[of] p1a: Corsola
|
|-heal|p2a: Deus|96/100 brn|[from] item: Leftovers
|-damage|p2a: Deus|90/100 brn|[from] brn
|-damage|p2a: Deus|78/100 brn|[from] move: Whirlpool|[partiallytrapped]
|upkeep
|turn|8
|
|t:|1662491774
|move|p2a: Deus|Shadow Claw|p1a: Corsola
|-supereffective|p1a: Corsola
|-damage|p1a: Corsola|13/100
|move|p1a: Corsola|Strength Sap|p2a: Deus
|-unboost|p2a: Deus|atk|1
|-heal|p1a: Corsola|100/100
|
|-heal|p2a: Deus|84/100 brn|[from] item: Leftovers
|-damage|p2a: Deus|78/100 brn|[from] brn
|-damage|p2a: Deus|66/100 brn|[from] move: Whirlpool|[partiallytrapped]
|upkeep
|turn|9
|
|t:|1662491785
|move|p2a: Deus|Earthquake|p1a: Corsola
|-damage|p1a: Corsola|73/100
|move|p1a: Corsola|Whirlpool|p2a: Deus
|-damage|p2a: Deus|61/100 brn
|
|-heal|p2a: Deus|67/100 brn|[from] item: Leftovers
|-damage|p2a: Deus|61/100 brn|[from] brn
|-damage|p2a: Deus|49/100 brn|[from] move: Whirlpool|[partiallytrapped]
|upkeep
|turn|10
|
|t:|1662491794
|move|p2a: Deus|Shadow Claw|p1a: Corsola
|-supereffective|p1a: Corsola
|-damage|p1a: Corsola|37/100
|move|p1a: Corsola|Strength Sap|p2a: Deus
|-unboost|p2a: Deus|atk|1
|-heal|p1a: Corsola|100/100
|
|-heal|p2a: Deus|55/100 brn|[from] item: Leftovers
|-damage|p2a: Deus|49/100 brn|[from] brn
|-damage|p2a: Deus|36/100 brn|[from] move: Whirlpool|[partiallytrapped]
|upkeep
|turn|11
|
|t:|1662491806
|move|p2a: Deus|Shadow Claw|p1a: Corsola
|-supereffective|p1a: Corsola
|-damage|p1a: Corsola|69/100
|move|p1a: Corsola|Whirlpool|p2a: Deus
|-damage|p2a: Deus|32/100 brn
|
|-heal|p2a: Deus|38/100 brn|[from] item: Leftovers
|-damage|p2a: Deus|32/100 brn|[from] brn
|-end|p2a: Deus|Whirlpool|[partiallytrapped]
|upkeep
|turn|12
|
|t:|1662491815
|move|p2a: Deus|Shadow Claw|p1a: Corsola
|-supereffective|p1a: Corsola
|-damage|p1a: Corsola|36/100
|move|p1a: Corsola|Strength Sap|p2a: Deus
|-unboost|p2a: Deus|atk|1
|-heal|p1a: Corsola|100/100
|
|-heal|p2a: Deus|38/100 brn|[from] item: Leftovers
|-damage|p2a: Deus|32/100 brn|[from] brn
|upkeep
|turn|13
|
|t:|1662491825
|switch|p2a: Cavaleiro Fantasma|Calyrex-Shadow|100/100
|-ability|p2a: Cavaleiro Fantasma|As One
|-ability|p2a: Cavaleiro Fantasma|Unnerve
|move|p1a: Corsola|Whirlpool|p2a: Cavaleiro Fantasma
|-damage|p2a: Cavaleiro Fantasma|95/100
|-activate|p2a: Cavaleiro Fantasma|move: Whirlpool|[of] p1a: Corsola
|
|-damage|p2a: Cavaleiro Fantasma|82/100|[from] move: Whirlpool|[partiallytrapped]
|upkeep
|turn|14
|
|t:|1662491840
|switch|p1a: Dragapult|Dragapult, F|100/100
|-damage|p1a: Dragapult|88/100|[from] Stealth Rock
|move|p2a: Cavaleiro Fantasma|Astral Barrage|p1a: Dragapult
|-supereffective|p1a: Dragapult
|-damage|p1a: Dragapult|0 fnt
|faint|p1a: Dragapult
|-ability|p2a: Cavaleiro Fantasma|Grim Neigh|boost
|-boost|p2a: Cavaleiro Fantasma|spa|1
|
|-end|p2a: Cavaleiro Fantasma|Whirlpool|[partiallytrapped]|[silent]
|upkeep
|
|t:|1662491850
|switch|p1a: Giratina|Giratina-Origin|100/100
|-damage|p1a: Giratina|88/100|[from] Stealth Rock
|turn|15
|
|t:|1662491853
|move|p1a: Giratina|Shadow Sneak|p2a: Cavaleiro Fantasma
|-supereffective|p2a: Cavaleiro Fantasma
|-damage|p2a: Cavaleiro Fantasma|0 fnt
|faint|p2a: Cavaleiro Fantasma
|
|upkeep
|
|t:|1662491859
|switch|p2a: Deus|Arceus, shiny|32/100 brn
|turn|16
|
|t:|1662491862
|move|p2a: Deus|Shadow Claw|p1a: Giratina
|-supereffective|p1a: Giratina
|-damage|p1a: Giratina|73/100
|move|p1a: Giratina|Draco Meteor|p2a: Deus
|-damage|p2a: Deus|0 fnt
|-unboost|p1a: Giratina|spa|2
|faint|p2a: Deus
|
|upkeep
|
|t:|1662491870
|switch|p2a: Pássaro das Trevas|Yveltal|100/100
|-ability|p2a: Pássaro das Trevas|Dark Aura
|turn|17
|
|t:|1662491874
|-start|p2a: Pássaro das Trevas|Dynamax|
|-heal|p2a: Pássaro das Trevas|100/100|[silent]
|move|p2a: Pássaro das Trevas|Max Airstream|p1a: Giratina
|-damage|p1a: Giratina|0 fnt
|-boost|p2a: Pássaro das Trevas|spe|1
|faint|p1a: Giratina
|-damage|p2a: Pássaro das Trevas|96/100|[from] item: Life Orb
|
|upkeep
|
|t:|1662491885
|switch|p1a: Mimikyu|Mimikyu, F|100/100
|-damage|p1a: Mimikyu|88/100|[from] Stealth Rock
|turn|18
|
|t:|1662491890
|-start|p1a: Mimikyu|Dynamax|
|-heal|p1a: Mimikyu|88/100|[silent]
|move|p1a: Mimikyu|Max Guard|p1a: Mimikyu
|-singleturn|p1a: Mimikyu|Max Guard
|move|p2a: Pássaro das Trevas|Max Ooze|p1a: Mimikyu
|-activate|p1a: Mimikyu|move: Max Guard
|
|upkeep
|turn|19
|
|t:|1662491897
|move|p2a: Pássaro das Trevas|Max Ooze|p1a: Mimikyu
|-activate|p1a: Mimikyu|ability: Disguise
|-damage|p1a: Mimikyu|88/100
|-boost|p2a: Pássaro das Trevas|spa|1
|detailschange|p1a: Mimikyu|Mimikyu-Busted, F
|-damage|p1a: Mimikyu|82/100|[from] pokemon: Mimikyu-Busted
|-damage|p2a: Pássaro das Trevas|91/100|[from] item: Life Orb
|move|p1a: Mimikyu|Max Starfall|p2a: Pássaro das Trevas
|-supereffective|p2a: Pássaro das Trevas
|-damage|p2a: Pássaro das Trevas|23/100
|-fieldstart|move: Misty Terrain
|-damage|p1a: Mimikyu|77/100|[from] item: Life Orb
|
|upkeep
|-end|p2a: Pássaro das Trevas|Dynamax
|-heal|p2a: Pássaro das Trevas|23/100|[silent]
|turn|20
|
|t:|1662491912
|move|p2a: Pássaro das Trevas|Oblivion Wing|p1a: Mimikyu
|-damage|p1a: Mimikyu|21/100
|-heal|p2a: Pássaro das Trevas|77/100|[from] drain|[of] p1a: Mimikyu
|-damage|p2a: Pássaro das Trevas|67/100|[from] item: Life Orb
|move|p1a: Mimikyu|Max Starfall|p2a: Pássaro das Trevas
|-supereffective|p2a: Pássaro das Trevas
|-damage|p2a: Pássaro das Trevas|0 fnt
|faint|p2a: Pássaro das Trevas
|-damage|p1a: Mimikyu|16/100|[from] item: Life Orb
|
|upkeep
|l|☆Matsui_Miyako
|inactive|Matsui_Miyako disconnected and has a minute to reconnect!
|player|p2|
|j|☆Matsui_Miyako
|inactive|Matsui_Miyako reconnected and has 135 seconds left.
|player|p2|Matsui_Miyako|allister
|
|t:|1662491932
|switch|p2a: Sombra|Marshadow|100/100
|-end|p1a: Mimikyu|Dynamax
|-heal|p1a: Mimikyu|16/100|[silent]
|turn|21
|
|t:|1662491936
|move|p2a: Sombra|Shadow Sneak|p1a: Mimikyu
|-supereffective|p1a: Mimikyu
|-damage|p1a: Mimikyu|0 fnt
|faint|p1a: Mimikyu
|
|upkeep
|
|t:|1662491940
|switch|p1a: Corsola|Corsola-Galar, M|100/100
|-damage|p1a: Corsola|88/100|[from] Stealth Rock
|turn|22
|
|t:|1662491948
|move|p2a: Sombra|Shadow Sneak|p1a: Corsola
|-supereffective|p1a: Corsola
|-damage|p1a: Corsola|52/100
|move|p1a: Corsola|Strength Sap|p2a: Sombra
|-unboost|p2a: Sombra|atk|1
|-heal|p1a: Corsola|100/100
|
|upkeep
|turn|23
|l|☆Matsui_Miyako
|inactive|Matsui_Miyako disconnected and has a minute to reconnect!
|player|p2|
|inactive|Matsui_Miyako has 30 seconds to reconnect!
|inactive|Matsui_Miyako has 20 seconds to reconnect!
|inactive|Matsui_Miyako has 15 seconds to reconnect!
|inactive|Matsui_Miyako has 10 seconds to reconnect!
|inactive|Matsui_Miyako has 5 seconds to reconnect!
|-message|Matsui_Miyako lost due to inactivity.
|
|win|SpicySalmonRoll
|raw|SpicySalmonRoll's rating: 1527 &rarr; <strong>1552</strong><br />(+25 for winning)
|raw|Matsui_Miyako's rating: 1613 &rarr; <strong>1588</strong><br />(-25 for losing)
||Ladder isn't responding, score probably updated but might not have (Request timeout).
