|j|☆Chrisbensoo
|j|☆TheBaconMaster99
|t:|1657757748
|gametype|singles
|player|p1|Chrisbensoo|2|1585
|player|p2|TheBaconMaster99|1|1537
|teamsize|p1|6
|teamsize|p2|6
|gen|8
|tier|[Gen 8] National Dex AG
|rated|
|rule|HP Percentage Mod: HP is shown in percentages
|rule|Endless Battle Clause: Forcing endless battles is banned
|clearpoke
|poke|p1|Magearna|
|poke|p1|Calyrex-Shadow|
|poke|p1|Arceus-*|
|poke|p1|Ho-Oh|
|poke|p1|Tyranitar, F|
|poke|p1|Necrozma-Dusk-Mane|
|poke|p2|Rayquaza|
|poke|p2|Groudon|
|poke|p2|Marshadow|
|poke|p2|Necrozma-Dusk-Mane|
|poke|p2|Ho-Oh|
|poke|p2|Arceus-*|
|teampreview
|
|t:|1657757758
|start
|switch|p1a: Arceus|Arceus-Ground|100/100
|switch|p2a: Groudon|Groudon, shiny|100/100
|detailschange|p2a: Groudon|Groudon-Primal, shiny
|-primal|p2a: Groudon
|-weather|DesolateLand|[from] ability: Desolate Land|[of] p2a: Groudon
|turn|1
|
|t:|1657757769
|move|p1a: Arceus|Judgment|p2a: Groudon
|-supereffective|p2a: Groudon
|-damage|p2a: Groudon|17/100
|move|p2a: Groudon|Rock Tomb|p1a: Arceus
|-resisted|p1a: Arceus
|-damage|p1a: Arceus|94/100
|-unboost|p1a: Arceus|spe|1
|
|-weather|DesolateLand|[upkeep]
|upkeep
|turn|2
|
|t:|1657757777
|move|p2a: Groudon|Stealth Rock|p1a: Arceus
|-sidestart|p1: Chrisbensoo|move: Stealth Rock
|move|p1a: Arceus|Judgment|p2a: Groudon
|-supereffective|p2a: Groudon
|-damage|p2a: Groudon|0 fnt
|faint|p2a: Groudon
|-weather|none
|
|upkeep
|
|t:|1657757790
|switch|p2a: Ho-Oh|Ho-Oh|100/100
|turn|3
|
|t:|1657757793
|switch|p1a: Ho-Oh|Ho-Oh|100/100
|move|p2a: Ho-Oh|Toxic|p1a: Ho-Oh
|-status|p1a: Ho-Oh|tox
|
|-damage|p1a: Ho-Oh|94/100 tox|[from] psn
|upkeep
|turn|4
|
|t:|1657757803
|switch|p2a: Arceus|Arceus-Fairy|100/100
|move|p1a: Ho-Oh|Defog|p2a: Arceus
|-unboost|p2a: Arceus|evasion|1
|-sideend|p1: Chrisbensoo|Stealth Rock|[from] move: Defog|[of] p1a: Ho-Oh
|
|-damage|p1a: Ho-Oh|82/100 tox|[from] psn
|upkeep
|turn|5
|
|t:|1657757813
|switch|p1a: Magearna|Magearna|100/100
|move|p2a: Arceus|Perish Song|p2a: Arceus
|-start|p1a: Magearna|perish3|[silent]
|-start|p2a: Arceus|perish3|[silent]
|-fieldactivate|move: Perish Song
|
|-start|p2a: Arceus|perish3
|-start|p1a: Magearna|perish3
|upkeep
|turn|6
|
|t:|1657757820
|switch|p2a: Ho-Oh|Ho-Oh|100/100
|move|p1a: Magearna|Fleur Cannon|p2a: Ho-Oh|[miss]
|-miss|p1a: Magearna|p2a: Ho-Oh
|
|-start|p1a: Magearna|perish2
|upkeep
|turn|7
|
|t:|1657757827
|switch|p1a: Ho-Oh|Ho-Oh|100/100 tox
|move|p2a: Ho-Oh|Sacred Fire|p1a: Ho-Oh
|-resisted|p1a: Ho-Oh
|-damage|p1a: Ho-Oh|86/100 tox
|
|-damage|p1a: Ho-Oh|80/100 tox|[from] psn
|upkeep
|turn|8
|
|t:|1657757838
|switch|p2a: Necrozma|Necrozma-Dusk-Mane|100/100
|move|p1a: Ho-Oh|Toxic|p2a: Necrozma
|-immune|p2a: Necrozma
|
|-damage|p1a: Ho-Oh|68/100 tox|[from] psn
|upkeep
|turn|9
|
|t:|1657757845
|switch|p2a: Arceus|Arceus-Fairy|100/100
|move|p1a: Ho-Oh|Whirlwind|p2a: Arceus
|drag|p2a: Marshadow|Marshadow|100/100
|
|-damage|p1a: Ho-Oh|50/100 tox|[from] psn
|upkeep
|turn|10
|
|t:|1657757863
|switch|p1a: Magearna|Magearna|100/100
|-start|p2a: Marshadow|Dynamax|
|-heal|p2a: Marshadow|100/100|[silent]
|move|p2a: Marshadow|Max Phantasm|p1a: Magearna
|-damage|p1a: Magearna|47/100
|-unboost|p1a: Magearna|def|1
|
|-heal|p1a: Magearna|54/100|[from] item: Leftovers
|upkeep
|turn|11
|
|t:|1657757873
|switch|p1a: Ho-Oh|Ho-Oh|83/100 tox
|move|p2a: Marshadow|Max Phantasm|p1a: Ho-Oh
|-damage|p1a: Ho-Oh|36/100 tox
|-unboost|p1a: Ho-Oh|def|1
|
|-damage|p1a: Ho-Oh|30/100 tox|[from] psn
|upkeep
|turn|12
|
|t:|1657757882
|switch|p1a: Tyranitar|Tyranitar, F|100/100
|-weather|Sandstorm|[from] ability: Sand Stream|[of] p1a: Tyranitar
|move|p2a: Marshadow|Max Phantasm|p1a: Tyranitar
|-resisted|p1a: Tyranitar
|-damage|p1a: Tyranitar|76/100
|-unboost|p1a: Tyranitar|def|1
|
|-weather|Sandstorm|[upkeep]
|-damage|p2a: Marshadow|97/100|[from] Sandstorm
|-heal|p1a: Tyranitar|83/100|[from] item: Leftovers
|upkeep
|-end|p2a: Marshadow|Dynamax
|-heal|p2a: Marshadow|97/100|[silent]
|turn|13
|
|t:|1657757917
|switch|p1a: Ho-Oh|Ho-Oh|63/100 tox
|move|p2a: Marshadow|Close Combat|p1a: Ho-Oh
|-resisted|p1a: Ho-Oh
|-damage|p1a: Ho-Oh|44/100 tox
|-unboost|p2a: Marshadow|def|1
|-unboost|p2a: Marshadow|spd|1
|
|-weather|Sandstorm|[upkeep]
|-damage|p2a: Marshadow|91/100|[from] Sandstorm
|-damage|p1a: Ho-Oh|38/100 tox|[from] Sandstorm
|-damage|p1a: Ho-Oh|32/100 tox|[from] psn
|upkeep
|turn|14
|
|t:|1657757933
|switch|p1a: Magearna|Magearna|54/100
|move|p2a: Marshadow|Spectral Thief|p1a: Magearna
|-damage|p1a: Magearna|13/100
|
|-weather|Sandstorm|[upkeep]
|-damage|p2a: Marshadow|85/100|[from] Sandstorm
|-heal|p1a: Magearna|19/100|[from] item: Leftovers
|upkeep
|turn|15
|
|t:|1657757942
|move|p2a: Marshadow|Close Combat|p1a: Magearna
|-damage|p1a: Magearna|0 fnt
|-unboost|p2a: Marshadow|def|1
|-unboost|p2a: Marshadow|spd|1
|faint|p1a: Magearna
|
|-weather|Sandstorm|[upkeep]
|-damage|p2a: Marshadow|79/100|[from] Sandstorm
|upkeep
|
|t:|1657757950
|switch|p1a: Arceus|Arceus-Ground|94/100
|turn|16
|
|t:|1657757969
|switch|p2a: Arceus|Arceus-Fairy|100/100
|switch|p1a: Cali|Calyrex-Shadow|100/100
|-ability|p1a: Cali|As One
|-ability|p1a: Cali|Unnerve
|
|-weather|none
|upkeep
|turn|17
|
|t:|1657757982
|move|p1a: Cali|Astral Barrage|p2a: Arceus
|-damage|p2a: Arceus|20/100
|move|p2a: Arceus|Perish Song|p2a: Arceus
|-start|p1a: Cali|perish3|[silent]
|-start|p2a: Arceus|perish3|[silent]
|-fieldactivate|move: Perish Song
|
|-start|p1a: Cali|perish3
|-start|p2a: Arceus|perish3
|upkeep
|turn|18
|
|t:|1657757991
|move|p1a: Cali|Astral Barrage|p2a: Arceus
|-damage|p2a: Arceus|0 fnt
|faint|p2a: Arceus
|-ability|p1a: Cali|Grim Neigh|boost
|-boost|p1a: Cali|spa|1
|
|-start|p1a: Cali|perish2
|upkeep
|
|t:|1657757999
|switch|p2a: Marshadow|Marshadow|79/100
|turn|19
|
|t:|1657758002
|switch|p1a: Ho-Oh|Ho-Oh|66/100 tox
|move|p2a: Marshadow|Shadow Sneak|p1a: Ho-Oh
|-crit|p1a: Ho-Oh
|-damage|p1a: Ho-Oh|37/100 tox
|
|-damage|p1a: Ho-Oh|31/100 tox|[from] psn
|upkeep
|turn|20
|
|t:|1657758012
|switch|p1a: Arceus|Arceus-Ground|94/100
|move|p2a: Marshadow|Spectral Thief|p1a: Arceus
|-damage|p1a: Arceus|70/100
|
|upkeep
|turn|21
|
|t:|1657758025
|switch|p2a: Ho-Oh|Ho-Oh|100/100
|move|p1a: Arceus|Judgment|p2a: Ho-Oh
|-immune|p2a: Ho-Oh
|
|upkeep
|turn|22
|
|t:|1657758032
|move|p1a: Arceus|Ice Beam|p2a: Ho-Oh
|-damage|p2a: Ho-Oh|90/100
|move|p2a: Ho-Oh|Toxic|p1a: Arceus
|-status|p1a: Arceus|tox
|
|-heal|p2a: Ho-Oh|96/100|[from] item: Leftovers
|-damage|p1a: Arceus|64/100 tox|[from] psn
|upkeep
|turn|23
|
|t:|1657758040
|move|p1a: Arceus|Refresh|p1a: Arceus
|-curestatus|p1a: Arceus|tox|[msg]
|move|p2a: Ho-Oh|Sacred Fire|p1a: Arceus
|-damage|p1a: Arceus|41/100
|-status|p1a: Arceus|brn
|
|-heal|p2a: Ho-Oh|100/100|[from] item: Leftovers
|-damage|p1a: Arceus|35/100 brn|[from] brn
|upkeep
|turn|24
|
|t:|1657758050
|switch|p2a: Rayquaza|Rayquaza, shiny|100/100
|-ability|p2a: Rayquaza|Air Lock
|move|p1a: Arceus|Recover|p1a: Arceus
|-heal|p1a: Arceus|85/100 brn
|
|-damage|p1a: Arceus|78/100 brn|[from] brn
|upkeep
|turn|25
|
|t:|1657758058
|detailschange|p2a: Rayquaza|Rayquaza-Mega, shiny
|-mega|p2a: Rayquaza|Rayquaza|
|-weather|DeltaStream|[from] ability: Delta Stream|[of] p2a: Rayquaza
|move|p2a: Rayquaza|Dragon Ascent|p1a: Arceus
|-damage|p1a: Arceus|39/100 brn
|-unboost|p2a: Rayquaza|def|1
|-unboost|p2a: Rayquaza|spd|1
|move|p1a: Arceus|Ice Beam|p2a: Rayquaza
|-activate||deltastream
|-supereffective|p2a: Rayquaza
|-damage|p2a: Rayquaza|34/100
|
|-weather|DeltaStream|[upkeep]
|-damage|p1a: Arceus|32/100 brn|[from] brn
|upkeep
|turn|26
|
|t:|1657758078
|-start|p1a: Arceus|Dynamax|
|-heal|p1a: Arceus|32/100 brn|[silent]
|move|p2a: Rayquaza|Draco Meteor|p1a: Arceus
|-damage|p1a: Arceus|6/100 brn
|-unboost|p2a: Rayquaza|spa|2
|move|p1a: Arceus|Max Hailstorm|p2a: Rayquaza
|-activate||deltastream
|-supereffective|p2a: Rayquaza
|-damage|p2a: Rayquaza|0 fnt
|-weather|Hail
|faint|p2a: Rayquaza
|
|-weather|Hail|[upkeep]
|-damage|p1a: Arceus|3/100 brn|[from] Hail
|-damage|p1a: Arceus|0 fnt|[from] brn
|faint|p1a: Arceus
|upkeep
|
|t:|1657758096
|switch|p2a: Marshadow|Marshadow|79/100
|switch|p1a: Ho-Oh|Ho-Oh|64/100 tox
|turn|27
|
|t:|1657758103
|move|p2a: Marshadow|Spectral Thief|p1a: Ho-Oh
|-damage|p1a: Ho-Oh|36/100 tox
|move|p1a: Ho-Oh|Sacred Fire|p2a: Marshadow
|-damage|p2a: Marshadow|25/100
|-status|p2a: Marshadow|brn
|
|-weather|Hail|[upkeep]
|-damage|p2a: Marshadow|19/100 brn|[from] Hail
|-damage|p1a: Ho-Oh|30/100 tox|[from] Hail
|-damage|p1a: Ho-Oh|24/100 tox|[from] psn
|-damage|p2a: Marshadow|13/100 brn|[from] brn
|upkeep
|turn|28
|
|t:|1657758117
|switch|p1a: Tyranitar|Tyranitar, F|83/100
|-weather|Sandstorm|[from] ability: Sand Stream|[of] p1a: Tyranitar
|move|p2a: Marshadow|Spectral Thief|p1a: Tyranitar
|-resisted|p1a: Tyranitar
|-damage|p1a: Tyranitar|74/100
|
|-weather|Sandstorm|[upkeep]
|-damage|p2a: Marshadow|6/100 brn|[from] Sandstorm
|-heal|p1a: Tyranitar|80/100|[from] item: Leftovers
|-damage|p2a: Marshadow|0 fnt|[from] brn
|faint|p2a: Marshadow
|upkeep
|
|t:|1657758130
|switch|p2a: Necrozma|Necrozma-Dusk-Mane|100/100
|turn|29
|
|t:|1657758134
|move|p2a: Necrozma|Sunsteel Strike|p1a: Tyranitar
|-supereffective|p1a: Tyranitar
|-damage|p1a: Tyranitar|4/100
|move|p1a: Tyranitar|Foul Play|p2a: Necrozma
|-supereffective|p2a: Necrozma
|-damage|p2a: Necrozma|62/100
|
|-weather|Sandstorm|[upkeep]
|-heal|p2a: Necrozma|68/100|[from] item: Leftovers
|-heal|p1a: Tyranitar|10/100|[from] item: Leftovers
|upkeep
|turn|30
|
|t:|1657758146
|move|p2a: Necrozma|Sunsteel Strike|p1a: Tyranitar
|-supereffective|p1a: Tyranitar
|-damage|p1a: Tyranitar|0 fnt
|faint|p1a: Tyranitar
|
|-weather|Sandstorm|[upkeep]
|-heal|p2a: Necrozma|74/100|[from] item: Leftovers
|upkeep
|inactive|Battle timer is ON: inactive players will automatically lose when time's up. (requested by Chrisbensoo)
|
|t:|1657758149
|switch|p1a: Cali|Calyrex-Shadow|100/100
|-ability|p1a: Cali|As One
|-ability|p1a: Cali|Unnerve
|turn|31
|
|t:|1657758157
|switch|p2a: Ho-Oh|Ho-Oh|100/100
|move|p1a: Cali|Astral Barrage|p2a: Ho-Oh
|-damage|p2a: Ho-Oh|51/100
|
|-weather|Sandstorm|[upkeep]
|-damage|p1a: Cali|94/100|[from] Sandstorm
|-damage|p2a: Ho-Oh|45/100|[from] Sandstorm
|-heal|p2a: Ho-Oh|51/100|[from] item: Leftovers
|upkeep
|turn|32
|
|t:|1657758168
|move|p1a: Cali|Astral Barrage|p2a: Ho-Oh
|-damage|p2a: Ho-Oh|1/100
|move|p2a: Ho-Oh|Recover|p2a: Ho-Oh
|-heal|p2a: Ho-Oh|51/100
|
|-weather|none
|-heal|p2a: Ho-Oh|57/100|[from] item: Leftovers
|upkeep
|turn|33
|
|t:|1657758179
|switch|p1a: Ho-Oh|Ho-Oh|57/100 tox
|move|p2a: Ho-Oh|Recover|p2a: Ho-Oh
|-heal|p2a: Ho-Oh|100/100
|
|-damage|p1a: Ho-Oh|51/100 tox|[from] psn
|upkeep
|turn|34
|
|t:|1657758189
|switch|p2a: Necrozma|Necrozma-Dusk-Mane|74/100
|move|p1a: Ho-Oh|Sacred Fire|p2a: Necrozma
|-supereffective|p2a: Necrozma
|-damage|p2a: Necrozma|40/100
|-status|p2a: Necrozma|brn
|
|-heal|p2a: Necrozma|46/100 brn|[from] item: Leftovers
|-damage|p1a: Ho-Oh|39/100 tox|[from] psn
|-damage|p2a: Necrozma|40/100 brn|[from] brn
|upkeep
|turn|35
|
|t:|1657758204
|switch|p1a: Necrozma|Necrozma-Dusk-Mane|100/100
|move|p2a: Necrozma|Morning Sun|p2a: Necrozma
|-heal|p2a: Necrozma|90/100 brn
|
|-heal|p2a: Necrozma|96/100 brn|[from] item: Leftovers
|-damage|p2a: Necrozma|90/100 brn|[from] brn
|upkeep
|turn|36
|
|t:|1657758212
|detailschange|p1a: Necrozma|Necrozma-Ultra
|-burst|p1a: Necrozma|Necrozma|Ultranecrozium Z
|move|p1a: Necrozma|Dragon Dance|p1a: Necrozma
|-boost|p1a: Necrozma|atk|1
|-boost|p1a: Necrozma|spe|1
|move|p2a: Necrozma|Earth Power|p1a: Necrozma
|-damage|p1a: Necrozma|79/100
|
|-heal|p2a: Necrozma|96/100 brn|[from] item: Leftovers
|-damage|p2a: Necrozma|90/100 brn|[from] brn
|upkeep
|turn|37
|
|t:|1657758222
|move|p1a: Necrozma|Earthquake|p2a: Necrozma
|-supereffective|p2a: Necrozma
|-damage|p2a: Necrozma|17/100 brn
|move|p2a: Necrozma|Toxic|p1a: Necrozma
|-status|p1a: Necrozma|tox
|
|-heal|p2a: Necrozma|23/100 brn|[from] item: Leftovers
|-damage|p1a: Necrozma|73/100 tox|[from] psn
|-damage|p2a: Necrozma|17/100 brn|[from] brn
|upkeep
|turn|38
|
|t:|1657758232
|move|p1a: Necrozma|Earthquake|p2a: Necrozma
|-supereffective|p2a: Necrozma
|-damage|p2a: Necrozma|0 fnt
|faint|p2a: Necrozma
|
|-damage|p1a: Necrozma|61/100 tox|[from] psn
|upkeep
|
|t:|1657758241
|switch|p2a: Ho-Oh|Ho-Oh|100/100
|turn|39
|
|t:|1657758244
|-zpower|p1a: Necrozma
|move|p1a: Necrozma|Light That Burns the Sky|p2a: Ho-Oh|[zeffect]
|-damage|p2a: Ho-Oh|0 fnt
|faint|p2a: Ho-Oh
|
|win|Chrisbensoo
|raw|Chrisbensoo's rating: 1585 &rarr; <strong>1602</strong><br />(+17 for winning)
|raw|TheBaconMaster99's rating: 1537 &rarr; <strong>1520</strong><br />(-17 for losing)
