|j|☆KeldeoCrowned
|j|☆Pikaslayer2001
|t:|1667155887
|gametype|singles
|player|p1|KeldeoCrowned|#ptpl3medicham|
|player|p2|Pikaslayer2001|brendan-contest|
|teamsize|p1|6
|teamsize|p2|6
|gen|8
|tier|[Gen 8] National Dex AG
|rule|HP Percentage Mod: HP is shown in percentages
|rule|Endless Battle Clause: Forcing endless battles is banned
|clearpoke
|poke|p1|Slurpuff, M|
|poke|p1|Vivillon, M|
|poke|p1|Excadrill, M|
|poke|p1|Blastoise, F|
|poke|p1|Toxapex, M|
|poke|p1|Darmanitan-Galar, M|
|poke|p2|Shuckle, F|
|poke|p2|Lucario, M|
|poke|p2|Gyarados, M|
|poke|p2|Dragapult, F|
|poke|p2|Dracovish|
|poke|p2|Greninja, M|
|teampreview
|
|t:|1667155905
|start
|switch|p1a: Slurpuff|Slurpuff, M|100/100
|switch|p2a: The shuckster|Shuckle, F, shiny|100/100
|turn|1
|
|t:|1667155913
|move|p1a: Slurpuff|Magic Coat|p1a: Slurpuff
|-singleturn|p1a: Slurpuff|move: Magic Coat
|move|p2a: The shuckster|Encore|p1a: Slurpuff
|move|p1a: Slurpuff|Encore||[from]Magic Coat|[still]
|-fail|p1a: Slurpuff
|
|upkeep
|turn|2
|
|t:|1667155918
|move|p1a: Slurpuff|Sticky Web|p2a: The shuckster
|-sidestart|p2: Pikaslayer2001|move: Sticky Web
|move|p2a: The shuckster|Sticky Web|p1a: Slurpuff
|-sidestart|p1: KeldeoCrowned|move: Sticky Web
|
|upkeep
|turn|3
|
|t:|1667155922
|move|p1a: Slurpuff|Magic Coat|p1a: Slurpuff
|-singleturn|p1a: Slurpuff|move: Magic Coat
|move|p2a: The shuckster|Final Gambit|p1a: Slurpuff
|-damage|p1a: Slurpuff|34/100
|faint|p2a: The shuckster
|
|upkeep
|
|t:|1667155926
|switch|p2a: Ocean’s Rage|Gyarados, M, shiny|100/100
|turn|4
|
|t:|1667155935
|-start|p2a: Ocean’s Rage|Dynamax|
|-heal|p2a: Ocean’s Rage|100/100|[silent]
|move|p2a: Ocean’s Rage|Max Airstream|p1a: Slurpuff
|-damage|p1a: Slurpuff|0 fnt
|-boost|p2a: Ocean’s Rage|spe|1
|faint|p1a: Slurpuff
|-ability|p2a: Ocean’s Rage|Moxie|boost
|-boost|p2a: Ocean’s Rage|atk|1
|-damage|p2a: Ocean’s Rage|96/100|[from] item: Life Orb
|
|upkeep
|
|t:|1667155973
|switch|p1a: Toxapex|Toxapex, M|100/100
|-activate|p1a: Toxapex|move: Sticky Web
|-unboost|p1a: Toxapex|spe|1
|turn|5
|
|t:|1667155977
|move|p2a: Ocean’s Rage|Max Quake|p1a: Toxapex
|-supereffective|p1a: Toxapex
|-damage|p1a: Toxapex|0 fnt
|-boost|p2a: Ocean’s Rage|spd|1
|faint|p1a: Toxapex
|-ability|p2a: Ocean’s Rage|Moxie|boost
|-boost|p2a: Ocean’s Rage|atk|1
|-damage|p2a: Ocean’s Rage|91/100|[from] item: Life Orb
|
|upkeep
|
|t:|1667155982
|switch|p1a: Excadrill|Excadrill, M|100/100
|-activate|p1a: Excadrill|move: Sticky Web
|-unboost|p1a: Excadrill|spe|1
|-ability|p1a: Excadrill|Mold Breaker
|turn|6
|
|t:|1667156026
|move|p2a: Ocean’s Rage|Max Airstream|p1a: Excadrill
|-resisted|p1a: Excadrill
|-enditem|p1a: Excadrill|Focus Sash
|-damage|p1a: Excadrill|1/100
|-boost|p2a: Ocean’s Rage|spe|1
|-damage|p2a: Ocean’s Rage|86/100|[from] item: Life Orb
|move|p1a: Excadrill|Rock Tomb|p2a: Ocean’s Rage
|-supereffective|p2a: Ocean’s Rage
|-damage|p2a: Ocean’s Rage|60/100
|-unboost|p2a: Ocean’s Rage|spe|1
|
|upkeep
|-end|p2a: Ocean’s Rage|Dynamax
|-heal|p2a: Ocean’s Rage|60/100|[silent]
|turn|7
|
|t:|1667156040
|move|p2a: Ocean’s Rage|Waterfall|p1a: Excadrill
|-supereffective|p1a: Excadrill
|-damage|p1a: Excadrill|0 fnt
|faint|p1a: Excadrill
|-ability|p2a: Ocean’s Rage|Moxie|boost
|-boost|p2a: Ocean’s Rage|atk|1
|-damage|p2a: Ocean’s Rage|50/100|[from] item: Life Orb
|
|upkeep
|
|t:|1667156049
|switch|p1a: Blastoise|Blastoise, F|100/100
|-activate|p1a: Blastoise|move: Sticky Web
|-unboost|p1a: Blastoise|spe|1
|turn|8
|
|t:|1667156053
|detailschange|p1a: Blastoise|Blastoise-Mega, F
|-mega|p1a: Blastoise|Blastoise|Blastoisinite
|move|p2a: Ocean’s Rage|Power Whip|p1a: Blastoise|[miss]
|-miss|p2a: Ocean’s Rage|p1a: Blastoise
|move|p1a: Blastoise|Ice Beam|p2a: Ocean’s Rage
|-damage|p2a: Ocean’s Rage|26/100
|
|upkeep
|turn|9
|
|t:|1667156062
|switch|p1a: Vivillon|Vivillon, M|100/100
|move|p2a: Ocean’s Rage|Power Whip|p1a: Vivillon
|-resisted|p1a: Vivillon
|-damage|p1a: Vivillon|37/100
|-damage|p2a: Ocean’s Rage|16/100|[from] item: Life Orb
|
|-heal|p1a: Vivillon|43/100|[from] item: Leftovers
|upkeep
|turn|10
|
|t:|1667156069
|switch|p1a: Blastoise|Blastoise-Mega, F|100/100
|-activate|p1a: Blastoise|move: Sticky Web
|-unboost|p1a: Blastoise|spe|1
|move|p2a: Ocean’s Rage|Power Whip|p1a: Blastoise
|-supereffective|p1a: Blastoise
|-damage|p1a: Blastoise|0 fnt
|faint|p1a: Blastoise
|-ability|p2a: Ocean’s Rage|Moxie|boost
|-boost|p2a: Ocean’s Rage|atk|1
|-damage|p2a: Ocean’s Rage|6/100|[from] item: Life Orb
|
|upkeep
|
|t:|1667156083
|switch|p1a: Vivillon|Vivillon, M|43/100
|turn|11
|
|t:|1667156086
|switch|p1a: Darmanitan|Darmanitan-Galar, M|100/100
|-activate|p1a: Darmanitan|move: Sticky Web
|-unboost|p1a: Darmanitan|spe|1
|move|p2a: Ocean’s Rage|Waterfall|p1a: Darmanitan
|-damage|p1a: Darmanitan|0 fnt
|faint|p1a: Darmanitan
|-ability|p2a: Ocean’s Rage|Moxie|boost
|-boost|p2a: Ocean’s Rage|atk|1
|-damage|p2a: Ocean’s Rage|0 fnt|[from] item: Life Orb
|faint|p2a: Ocean’s Rage
|
|upkeep
|
|t:|1667156091
|switch|p1a: Vivillon|Vivillon, M|43/100
|switch|p2a: Anubis|Lucario, M, shiny|100/100
|-activate|p2a: Anubis|move: Sticky Web
|-unboost|p2a: Anubis|spe|1
|turn|12
|
|t:|1667156095
|detailschange|p2a: Anubis|Lucario-Mega, M, shiny
|-mega|p2a: Anubis|Lucario|Lucarionite
|move|p2a: Anubis|Bullet Punch|p1a: Vivillon
|-damage|p1a: Vivillon|0 fnt
|faint|p1a: Vivillon
|
|win|Pikaslayer2001
|c|☆Pikaslayer2001|Ggs!
|l|☆KeldeoCrowned
