|j|☆JAY100064
|j|☆KaizerZero
|t:|1622913787
|gametype|singles
|player|p1|JAY100064|preschooler|1295
|player|p2|KaizerZero|unknown|1306
|teamsize|p1|6
|teamsize|p2|6
|gen|8
|tier|[Gen 8] National Dex AG
|rated|
|rule|HP Percentage Mod: HP is shown in percentages
|rule|Endless Battle Clause: Forcing endless battles is banned
|clearpoke
|poke|p1|Arceus-*|
|poke|p1|Giratina|
|poke|p1|Lugia|
|poke|p1|Sableye, F|
|poke|p1|Chansey, F|
|poke|p1|Quagsire, M|
|poke|p2|Pheromosa|
|poke|p2|Genesect|
|poke|p2|Shuckle, F|
|poke|p2|Araquanid, M|
|poke|p2|Ribombee, M|
|poke|p2|Beedrill, M|
|teampreview
|
|t:|1622913803
|start
|switch|p1a: Arceus|Arceus-Dark|100/100
|switch|p2a: Araquanid|Araquanid, M|100/100
|turn|1
|
|t:|1622913810
|move|p1a: Arceus|Whirlpool|p2a: Araquanid
|-resisted|p2a: Araquanid
|-damage|p2a: Araquanid|98/100
|-activate|p2a: Araquanid|move: Whirlpool|[of] p1a: Arceus
|move|p2a: Araquanid|Leech Life|p1a: Arceus
|-supereffective|p1a: Arceus
|-damage|p1a: Arceus|62/100
|-heal|p2a: Araquanid|100/100|[from] drain|[of] p1a: Arceus
|
|-damage|p2a: Araquanid|88/100|[from] move: Whirlpool|[partiallytrapped]
|upkeep
|turn|2
|
|t:|1622913820
|move|p1a: Arceus|Perish Song|p1a: Arceus
|-start|p1a: Arceus|perish3|[silent]
|-start|p2a: Araquanid|perish3|[silent]
|-fieldactivate|move: Perish Song
|move|p2a: Araquanid|Leech Life|p1a: Arceus
|-supereffective|p1a: Arceus
|-damage|p1a: Arceus|20/100
|-heal|p2a: Araquanid|100/100|[from] drain|[of] p1a: Arceus
|
|-damage|p2a: Araquanid|88/100|[from] move: Whirlpool|[partiallytrapped]
|-start|p1a: Arceus|perish3
|-start|p2a: Araquanid|perish3
|upkeep
|turn|3
|
|t:|1622913831
|move|p1a: Arceus|Judgment|p2a: Araquanid
|-damage|p2a: Araquanid|62/100
|move|p2a: Araquanid|Leech Life|p1a: Arceus
|-supereffective|p1a: Arceus
|-damage|p1a: Arceus|0 fnt
|-heal|p2a: Araquanid|75/100|[from] drain|[of] p1a: Arceus
|faint|p1a: Arceus
|
|-end|p2a: Araquanid|Whirlpool|[partiallytrapped]|[silent]
|-start|p2a: Araquanid|perish2
|upkeep
|c|☆JAY100064|wrong move
|
|t:|1622913852
|switch|p1a: Quagsire|Quagsire, M|100/100
|turn|4
|
|t:|1622913859
|switch|p2a: Genesect|Genesect, shiny|100/100
|-ability|p2a: Genesect|Download|boost
|-boost|p2a: Genesect|spa|1
|move|p1a: Quagsire|Recover||[still]
|-fail|p1a: Quagsire|heal
|
|upkeep
|turn|5
|
|t:|1622913866
|move|p2a: Genesect|Energy Ball|p1a: Quagsire
|-supereffective|p1a: Quagsire
|-damage|p1a: Quagsire|0 fnt
|faint|p1a: Quagsire
|
|upkeep
|
|t:|1622913872
|switch|p1a: Chansey|Chansey, F|100/100
|turn|6
|
|t:|1622913882
|switch|p2a: Pheromosa|Pheromosa|100/100
|switch|p1a: Lugia|Lugia|100/100
|
|upkeep
|turn|7
|
|t:|1622913903
|-zpower|p2a: Pheromosa
|move|p2a: Pheromosa|Savage Spin-Out|p1a: Lugia|[zeffect]
|-damage|p1a: Lugia|74/100
|move|p1a: Lugia|Thunder Wave|p2a: Pheromosa
|-status|p2a: Pheromosa|par
|
|upkeep
|turn|8
|
|t:|1622913914
|switch|p2a: Ribombee|Ribombee, M|100/100
|move|p1a: Lugia|Roost|p1a: Lugia
|-heal|p1a: Lugia|100/100
|-singleturn|p1a: Lugia|move: Roost
|
|upkeep
|turn|9
|
|t:|1622913922
|move|p2a: Ribombee|Aromatherapy|p2a: Ribombee
|-activate|p2a: Ribombee|move: Aromatherapy
|-curestatus|p2: Pheromosa|par|[msg]
|move|p1a: Lugia|Thunder Wave|p2a: Ribombee
|-status|p2a: Ribombee|par
|
|upkeep
|turn|10
|
|t:|1622913930
|cant|p2a: Ribombee|par
|move|p1a: Lugia|Whirlwind|p2a: Ribombee
|drag|p2a: Araquanid|Araquanid, M|75/100
|
|upkeep
|turn|11
|
|t:|1622913936
|switch|p2a: Ribombee|Ribombee, M|100/100 par
|move|p1a: Lugia|Thunder Wave|p2a: Ribombee
|-fail|p2a: Ribombee|par
|
|upkeep
|turn|12
|
|t:|1622913943
|cant|p2a: Ribombee|par
|move|p1a: Lugia|Whirlwind|p2a: Ribombee
|drag|p2a: Araquanid|Araquanid, M|75/100
|
|upkeep
|turn|13
|
|t:|1622913949
|switch|p2a: Ribombee|Ribombee, M|100/100 par
|move|p1a: Lugia|Whirlwind|p2a: Ribombee
|drag|p2a: Shuckle|Shuckle, F|100/100
|
|upkeep
|turn|14
|
|t:|1622913957
|move|p2a: Shuckle|Toxic|p1a: Lugia
|-status|p1a: Lugia|tox
|move|p1a: Lugia|Whirlwind|p2a: Shuckle
|drag|p2a: Araquanid|Araquanid, M|75/100
|
|-damage|p1a: Lugia|94/100 tox|[from] psn
|upkeep
|turn|15
|
|t:|1622913984
|switch|p1a: Giratina|Giratina|100/100
|-ability|p1a: Giratina|Pressure
|switch|p2a: Ribombee|Ribombee, M|100/100 par
|
|upkeep
|turn|16
|
|t:|1622913995
|move|p2a: Ribombee|Aromatherapy|p2a: Ribombee
|-activate|p2a: Ribombee|move: Aromatherapy
|-curestatus|p2a: Ribombee|par|[msg]
|move|p1a: Giratina|Toxic|p2a: Ribombee
|-status|p2a: Ribombee|tox
|
|-damage|p2a: Ribombee|94/100 tox|[from] psn
|upkeep
|turn|17
|
|t:|1622914006
|switch|p1a: Chansey|Chansey, F|100/100
|move|p2a: Ribombee|Stun Spore|p1a: Chansey
|-status|p1a: Chansey|par
|
|-damage|p2a: Ribombee|82/100 tox|[from] psn
|upkeep
|turn|18
|
|t:|1622914014
|move|p2a: Ribombee|Aromatherapy|p2a: Ribombee
|-activate|p2a: Ribombee|move: Aromatherapy
|-curestatus|p2a: Ribombee|tox|[msg]
|move|p1a: Chansey|Aromatherapy|p1a: Chansey
|-activate|p1a: Chansey|move: Aromatherapy
|-curestatus|p1a: Chansey|par|[msg]
|-curestatus|p1: Lugia|tox|[msg]
|
|upkeep
|turn|19
|
|t:|1622914032
|move|p2a: Ribombee|U-turn|p1a: Chansey
|-damage|p1a: Chansey|90/100
|
|t:|1622914043
|switch|p2a: Shuckle|Shuckle, F|100/100|[from]move: U-turn
|move|p1a: Chansey|Toxic|p2a: Shuckle
|-status|p2a: Shuckle|tox
|
|-damage|p2a: Shuckle|94/100 tox|[from] psn
|upkeep
|turn|20
|
|t:|1622914052
|move|p1a: Chansey|Aromatherapy||[still]
|-activate|p1a: Chansey|move: Aromatherapy
|-fail|p1a: Chansey
|move|p2a: Shuckle|Stealth Rock|p1a: Chansey
|-sidestart|p1: JAY100064|move: Stealth Rock
|
|-damage|p2a: Shuckle|82/100 tox|[from] psn
|upkeep
|turn|21
|
|t:|1622914060
|switch|p1a: Giratina|Giratina|100/100
|-damage|p1a: Giratina|88/100|[from] Stealth Rock
|-ability|p1a: Giratina|Pressure
|switch|p2a: Ribombee|Ribombee, M|82/100
|
|-heal|p1a: Giratina|94/100|[from] item: Leftovers
|upkeep
|turn|22
|
|t:|1622914073
|move|p2a: Ribombee|Aromatherapy|p2a: Ribombee
|-activate|p2a: Ribombee|move: Aromatherapy
|-curestatus|p2: Shuckle|tox|[msg]
|move|p1a: Giratina|Defog|p2a: Ribombee
|-unboost|p2a: Ribombee|evasion|1
|-sideend|p1: JAY100064|Stealth Rock|[from] move: Defog|[of] p1a: Giratina
|
|-heal|p1a: Giratina|100/100|[from] item: Leftovers
|upkeep
|turn|23
|
|t:|1622914088
|switch|p1a: Sableye|Sableye, F|100/100
|move|p2a: Ribombee|U-turn|p1a: Sableye
|-damage|p1a: Sableye|86/100
|
|t:|1622914114
|switch|p2a: Araquanid|Araquanid, M|75/100|[from]move: U-turn
|
|upkeep
|turn|24
|
|t:|1622914128
|detailschange|p1a: Sableye|Sableye-Mega, F
|-mega|p1a: Sableye|Sableye|Sablenite
|move|p1a: Sableye|Fake Out|p2a: Araquanid
|-damage|p2a: Araquanid|67/100
|cant|p2a: Araquanid|flinch
|
|upkeep
|turn|25
|
|t:|1622914138
|move|p2a: Araquanid|Leech Life|p1a: Sableye
|-damage|p1a: Sableye|65/100
|-heal|p2a: Araquanid|76/100|[from] drain|[of] p1a: Sableye
|move|p1a: Sableye|Recover|p1a: Sableye
|-heal|p1a: Sableye|100/100
|
|upkeep
|turn|26
|
|t:|1622914154
|switch|p2a: Shuckle|Shuckle, F|82/100
|move|p1a: Sableye|Foul Play|p2a: Shuckle
|-damage|p2a: Shuckle|80/100
|
|upkeep
|turn|27
|
|t:|1622914160
|move|p1a: Sableye|Toxic|p2a: Shuckle
|-status|p2a: Shuckle|tox
|move|p2a: Shuckle|Infestation|p1a: Sableye
|-damage|p1a: Sableye|99/100
|-activate|p1a: Sableye|move: Infestation|[of] p2a: Shuckle
|
|-damage|p2a: Shuckle|73/100 tox|[from] psn
|-damage|p1a: Sableye|86/100|[from] move: Infestation|[partiallytrapped]
|upkeep
|turn|28
|
|t:|1622914177
|switch|p2a: Ribombee|Ribombee, M|82/100
|move|p1a: Sableye|Toxic|p2a: Ribombee|[miss]
|-miss|p1a: Sableye|p2a: Ribombee
|
|-end|p1a: Sableye|Infestation|[partiallytrapped]|[silent]
|upkeep
|turn|29
|
|t:|1622914185
|move|p2a: Ribombee|Aromatherapy|p2a: Ribombee
|-activate|p2a: Ribombee|move: Aromatherapy
|-curestatus|p2: Shuckle|tox|[msg]
|move|p1a: Sableye|Toxic|p2a: Ribombee
|-status|p2a: Ribombee|tox
|
|-damage|p2a: Ribombee|76/100 tox|[from] psn
|upkeep
|turn|30
|
|t:|1622914198
|move|p2a: Ribombee|Aromatherapy|p2a: Ribombee
|-activate|p2a: Ribombee|move: Aromatherapy
|-curestatus|p2a: Ribombee|tox|[msg]
|move|p1a: Sableye|Foul Play|p2a: Ribombee
|-resisted|p2a: Ribombee
|-damage|p2a: Ribombee|61/100
|
|upkeep
|turn|31
|
|t:|1622914212
|switch|p2a: Genesect|Genesect, shiny|100/100
|-ability|p2a: Genesect|Download|boost
|-boost|p2a: Genesect|spa|1
|move|p1a: Sableye|Toxic|p2a: Genesect
|-immune|p2a: Genesect
|
|upkeep
|turn|32
|
|t:|1622914219
|move|p2a: Genesect|Bug Buzz|p1a: Sableye
|-damage|p1a: Sableye|24/100
|move|p1a: Sableye|Foul Play|p2a: Genesect
|-damage|p2a: Genesect|45/100
|
|upkeep
|turn|33
|
|t:|1622914231
|switch|p1a: Lugia|Lugia|94/100
|move|p2a: Genesect|Flash Cannon|p1a: Lugia
|-damage|p1a: Lugia|63/100
|
|upkeep
|turn|34
|
|t:|1622914247
|-start|p2a: Genesect|Dynamax
|-heal|p2a: Genesect|45/100|[silent]
|move|p2a: Genesect|Max Flutterby|p1a: Lugia
|-damage|p1a: Lugia|14/100
|-unboost|p1a: Lugia|spa|1
|move|p1a: Lugia|Roost|p1a: Lugia
|-heal|p1a: Lugia|64/100
|-singleturn|p1a: Lugia|move: Roost
|
|upkeep
|turn|35
|
|t:|1622914259
|move|p2a: Genesect|Max Flutterby|p1a: Lugia
|-damage|p1a: Lugia|10/100
|-unboost|p1a: Lugia|spa|1
|move|p1a: Lugia|Roost|p1a: Lugia
|-heal|p1a: Lugia|60/100
|-singleturn|p1a: Lugia|move: Roost
|
|upkeep
|turn|36
|
|t:|1622914267
|move|p2a: Genesect|Max Flutterby|p1a: Lugia
|-damage|p1a: Lugia|9/100
|-unboost|p1a: Lugia|spa|1
|move|p1a: Lugia|Roost|p1a: Lugia
|-heal|p1a: Lugia|59/100
|-singleturn|p1a: Lugia|move: Roost
|
|-end|p2a: Genesect|Dynamax
|-heal|p2a: Genesect|45/100|[silent]
|upkeep
|turn|37
|
|t:|1622914277
|move|p2a: Genesect|Bug Buzz|p1a: Lugia
|-damage|p1a: Lugia|21/100
|move|p1a: Lugia|Roost|p1a: Lugia
|-heal|p1a: Lugia|71/100
|-singleturn|p1a: Lugia|move: Roost
|
|upkeep
|turn|38
|
|t:|1622914285
|move|p2a: Genesect|Bug Buzz|p1a: Lugia
|-damage|p1a: Lugia|36/100
|move|p1a: Lugia|Roost|p1a: Lugia
|-heal|p1a: Lugia|86/100
|-singleturn|p1a: Lugia|move: Roost
|
|upkeep
|turn|39
|
|t:|1622914298
|move|p2a: Genesect|Bug Buzz|p1a: Lugia
|-crit|p1a: Lugia
|-damage|p1a: Lugia|33/100
|-unboost|p1a: Lugia|spd|1
|move|p1a: Lugia|Thunder Wave|p2a: Genesect
|-status|p2a: Genesect|par
|
|upkeep
|turn|40
|
|t:|1622914313
|switch|p1a: Chansey|Chansey, F|90/100
|switch|p2a: Ribombee|Ribombee, M|61/100
|
|upkeep
|turn|41
|
|t:|1622914320
|move|p2a: Ribombee|Aromatherapy|p2a: Ribombee
|-activate|p2a: Ribombee|move: Aromatherapy
|-curestatus|p2: Genesect|par|[msg]
|move|p1a: Chansey|Toxic|p2a: Ribombee
|-status|p2a: Ribombee|tox
|
|-damage|p2a: Ribombee|54/100 tox|[from] psn
|upkeep
|turn|42
|
|t:|1622914329
|move|p2a: Ribombee|Stun Spore|p1a: Chansey
|-status|p1a: Chansey|par
|move|p1a: Chansey|Toxic|p2a: Ribombee
|-fail|p2a: Ribombee|tox
|
|-damage|p2a: Ribombee|42/100 tox|[from] psn
|upkeep
|turn|43
|
|t:|1622914337
|move|p2a: Ribombee|Aromatherapy|p2a: Ribombee
|-activate|p2a: Ribombee|move: Aromatherapy
|-curestatus|p2a: Ribombee|tox|[msg]
|cant|p1a: Chansey|par
|
|upkeep
|turn|44
|
|t:|1622914352
|switch|p2a: Beedrill|Beedrill, M|100/100
|move|p1a: Chansey|Aromatherapy|p1a: Chansey
|-activate|p1a: Chansey|move: Aromatherapy
|-curestatus|p1a: Chansey|par|[msg]
|
|upkeep
|turn|45
|
|t:|1622914366
|switch|p1a: Giratina|Giratina|100/100
|-ability|p1a: Giratina|Pressure
|detailschange|p2a: Beedrill|Beedrill-Mega, M
|-mega|p2a: Beedrill|Beedrill|Beedrillite
|move|p2a: Beedrill|X-Scissor|p1a: Giratina
|-resisted|p1a: Giratina
|-crit|p1a: Giratina
|-damage|p1a: Giratina|80/100
|
|-heal|p1a: Giratina|86/100|[from] item: Leftovers
|upkeep
|turn|46
|
|t:|1622914388
|switch|p2a: Araquanid|Araquanid, M|76/100
|move|p1a: Giratina|Will-O-Wisp|p2a: Araquanid|[miss]
|-miss|p1a: Giratina|p2a: Araquanid
|
|-heal|p1a: Giratina|93/100|[from] item: Leftovers
|upkeep
|turn|47
|
|t:|1622914413
|switch|p2a: Genesect|Genesect, shiny|45/100
|-ability|p2a: Genesect|Download|boost
|-boost|p2a: Genesect|spa|1
|move|p1a: Giratina|Toxic|p2a: Genesect
|-immune|p2a: Genesect
|
|-heal|p1a: Giratina|99/100|[from] item: Leftovers
|upkeep
|turn|48
|
|t:|1622914423
|move|p2a: Genesect|Flash Cannon|p1a: Giratina
|-damage|p1a: Giratina|68/100
|-unboost|p1a: Giratina|spd|1
|move|p1a: Giratina|Will-O-Wisp|p2a: Genesect
|-status|p2a: Genesect|brn
|
|-heal|p1a: Giratina|74/100|[from] item: Leftovers
|-damage|p2a: Genesect|39/100 brn|[from] brn
|upkeep
|turn|49
|
|t:|1622914436
|move|p2a: Genesect|Flash Cannon|p1a: Giratina
|-damage|p1a: Giratina|28/100
|move|p1a: Giratina|Rest|p1a: Giratina
|-status|p1a: Giratina|slp|[from] move: Rest
|-heal|p1a: Giratina|100/100 slp|[silent]
|
|-damage|p2a: Genesect|33/100 brn|[from] brn
|upkeep
|turn|50
|
|t:|1622914447
|switch|p1a: Chansey|Chansey, F|90/100
|move|p2a: Genesect|Flash Cannon|p1a: Chansey
|-damage|p1a: Chansey|76/100
|-unboost|p1a: Chansey|spd|1
|
|-damage|p2a: Genesect|27/100 brn|[from] brn
|upkeep
|turn|51
|
|t:|1622914461
|move|p2a: Genesect|Bug Buzz|p1a: Chansey
|-damage|p1a: Chansey|53/100
|move|p1a: Chansey|Toxic|p2a: Genesect|[miss]
|-miss|p1a: Chansey|p2a: Genesect
|
|-damage|p2a: Genesect|21/100 brn|[from] brn
|upkeep
|turn|52
|
|t:|1622914468
|move|p2a: Genesect|Bug Buzz|p1a: Chansey
|-damage|p1a: Chansey|29/100
|move|p1a: Chansey|Soft-Boiled|p1a: Chansey
|-heal|p1a: Chansey|79/100
|
|-damage|p2a: Genesect|15/100 brn|[from] brn
|upkeep
|turn|53
|
|t:|1622914477
|move|p2a: Genesect|Bug Buzz|p1a: Chansey
|-damage|p1a: Chansey|54/100
|move|p1a: Chansey|Soft-Boiled|p1a: Chansey
|-heal|p1a: Chansey|100/100
|
|-damage|p2a: Genesect|9/100 brn|[from] brn
|upkeep
|turn|54
|
|t:|1622914487
|move|p2a: Genesect|Bug Buzz|p1a: Chansey
|-damage|p1a: Chansey|75/100
|move|p1a: Chansey|Aromatherapy|p1a: Chansey
|-activate|p1a: Chansey|move: Aromatherapy
|-curestatus|p1: Giratina|slp|[msg]
|
|-damage|p2a: Genesect|3/100 brn|[from] brn
|upkeep
|turn|55
|
|t:|1622914495
|move|p2a: Genesect|Bug Buzz|p1a: Chansey
|-damage|p1a: Chansey|49/100
|move|p1a: Chansey|Soft-Boiled|p1a: Chansey
|-heal|p1a: Chansey|99/100
|
|-damage|p2a: Genesect|0 fnt|[from] brn
|faint|p2a: Genesect
|upkeep
|
|t:|1622914521
|switch|p2a: Pheromosa|Pheromosa|100/100
|turn|56
|
|t:|1622914529
|switch|p1a: Giratina|Giratina|100/100
|-ability|p1a: Giratina|Pressure
|move|p2a: Pheromosa|Close Combat|p1a: Giratina
|-immune|p1a: Giratina
|
|upkeep
|turn|57
|
|t:|1622914565
|move|p2a: Pheromosa|Ice Beam|p1a: Giratina
|-supereffective|p1a: Giratina
|-damage|p1a: Giratina|62/100
|move|p1a: Giratina|Toxic|p2a: Pheromosa
|-status|p2a: Pheromosa|tox
|
|-heal|p1a: Giratina|68/100|[from] item: Leftovers
|-damage|p2a: Pheromosa|94/100 tox|[from] psn
|upkeep
|turn|58
|
|t:|1622914578
|move|p2a: Pheromosa|Ice Beam|p1a: Giratina
|-supereffective|p1a: Giratina
|-damage|p1a: Giratina|28/100
|move|p1a: Giratina|Rest|p1a: Giratina
|-status|p1a: Giratina|slp|[from] move: Rest
|-heal|p1a: Giratina|100/100 slp|[silent]
|
|-damage|p2a: Pheromosa|82/100 tox|[from] psn
|upkeep
|turn|59
|
|t:|1622914593
|switch|p2a: Ribombee|Ribombee, M|42/100
|switch|p1a: Chansey|Chansey, F|99/100
|
|upkeep
|turn|60
|
|t:|1622914605
|move|p2a: Ribombee|U-turn|p1a: Chansey
|-damage|p1a: Chansey|87/100
|
|t:|1622914612
|switch|p2a: Pheromosa|Pheromosa|82/100 tox|[from]move: U-turn
|move|p1a: Chansey|Toxic|p2a: Pheromosa
|-fail|p2a: Pheromosa|tox
|
|-damage|p2a: Pheromosa|76/100 tox|[from] psn
|upkeep
|turn|61
|
|t:|1622914622
|switch|p1a: Sableye|Sableye-Mega, F|24/100
|move|p2a: Pheromosa|Ice Beam|p1a: Sableye
|-damage|p1a: Sableye|0 fnt
|faint|p1a: Sableye
|-ability|p2a: Pheromosa|Beast Boost|boost
|-boost|p2a: Pheromosa|spe|1
|
|-damage|p2a: Pheromosa|64/100 tox|[from] psn
|upkeep
|
|t:|1622914645
|switch|p1a: Lugia|Lugia|33/100
|turn|62
|
|t:|1622914652
|move|p2a: Pheromosa|Ice Beam|p1a: Lugia
|-supereffective|p1a: Lugia
|-damage|p1a: Lugia|0 fnt
|faint|p1a: Lugia
|-ability|p2a: Pheromosa|Beast Boost|boost
|-boost|p2a: Pheromosa|spe|1
|
|-damage|p2a: Pheromosa|46/100 tox|[from] psn
|upkeep
|
|t:|1622914660
|switch|p1a: Giratina|Giratina|100/100 slp
|-ability|p1a: Giratina|Pressure
|turn|63
|
|t:|1622914670
|move|p2a: Pheromosa|Ice Beam|p1a: Giratina
|-supereffective|p1a: Giratina
|-damage|p1a: Giratina|66/100 slp
|cant|p1a: Giratina|slp
|
|-heal|p1a: Giratina|72/100 slp|[from] item: Leftovers
|-damage|p2a: Pheromosa|22/100 tox|[from] psn
|upkeep
|turn|64
|
|t:|1622914680
|switch|p1a: Chansey|Chansey, F|87/100
|move|p2a: Pheromosa|Ice Beam|p1a: Chansey
|-damage|p1a: Chansey|79/100
|
|-damage|p2a: Pheromosa|0 fnt|[from] psn
|faint|p2a: Pheromosa
|upkeep
|
|t:|1622914697
|switch|p2a: Araquanid|Araquanid, M|76/100
|turn|65
|
|t:|1622914706
|switch|p1a: Giratina|Giratina|72/100 slp
|-ability|p1a: Giratina|Pressure
|move|p2a: Araquanid|Crunch|p1a: Giratina
|-supereffective|p1a: Giratina
|-damage|p1a: Giratina|55/100 slp
|
|-heal|p1a: Giratina|61/100 slp|[from] item: Leftovers
|upkeep
|turn|66
|
|t:|1622914716
|cant|p1a: Giratina|slp
|move|p2a: Araquanid|Crunch|p1a: Giratina
|-supereffective|p1a: Giratina
|-damage|p1a: Giratina|44/100 slp
|
|-heal|p1a: Giratina|50/100 slp|[from] item: Leftovers
|upkeep
|turn|67
|
|t:|1622914725
|switch|p2a: Shuckle|Shuckle, F|73/100
|-curestatus|p1a: Giratina|slp|[msg]
|move|p1a: Giratina|Rest|p1a: Giratina
|-status|p1a: Giratina|slp|[from] move: Rest
|-heal|p1a: Giratina|100/100 slp|[silent]
|
|upkeep
|turn|68
|
|t:|1622914746
|cant|p1a: Giratina|slp
|move|p2a: Shuckle|Infestation|p1a: Giratina
|-resisted|p1a: Giratina
|-crit|p1a: Giratina
|-damage|p1a: Giratina|99/100 slp
|-activate|p1a: Giratina|move: Infestation|[of] p2a: Shuckle
|
|-heal|p1a: Giratina|100/100 slp|[from] item: Leftovers
|-damage|p1a: Giratina|88/100 slp|[from] move: Infestation|[partiallytrapped]
|upkeep
|turn|69
|inactive|Battle timer is ON: inactive players will automatically lose when time's up. (requested by KaizerZero)
|
|t:|1622914756
|cant|p1a: Giratina|slp
|move|p2a: Shuckle|Stealth Rock|p1a: Giratina
|-sidestart|p1: JAY100064|move: Stealth Rock
|
|-heal|p1a: Giratina|94/100 slp|[from] item: Leftovers
|-damage|p1a: Giratina|82/100 slp|[from] move: Infestation|[partiallytrapped]
|upkeep
|turn|70
|
|t:|1622914763
|-curestatus|p1a: Giratina|slp|[msg]
|move|p1a: Giratina|Toxic|p2a: Shuckle
|-status|p2a: Shuckle|tox
|move|p2a: Shuckle|Sticky Web|p1a: Giratina
|-sidestart|p1: JAY100064|move: Sticky Web
|
|-heal|p1a: Giratina|88/100|[from] item: Leftovers
|-damage|p2a: Shuckle|67/100 tox|[from] psn
|-damage|p1a: Giratina|76/100|[from] move: Infestation|[partiallytrapped]
|upkeep
|turn|71
|inactive|JAY100064 has 120 seconds left.
|inactive|KaizerZero has 120 seconds left.
|
|t:|1622914826
|move|p1a: Giratina|Defog|p2a: Shuckle
|-unboost|p2a: Shuckle|evasion|1
|-sideend|p1: JAY100064|Stealth Rock|[from] move: Defog|[of] p1a: Giratina
|-sideend|p1: JAY100064|Sticky Web|[from] move: Defog|[of] p1a: Giratina
|move|p2a: Shuckle|Infestation|p1a: Giratina
|-resisted|p1a: Giratina
|-damage|p1a: Giratina|75/100
|
|-heal|p1a: Giratina|81/100|[from] item: Leftovers
|-damage|p2a: Shuckle|55/100 tox|[from] psn
|-damage|p1a: Giratina|69/100|[from] move: Infestation|[partiallytrapped]
|upkeep
|turn|72
|inactive|KaizerZero has 120 seconds left.
|
|t:|1622914841
|move|p1a: Giratina|Defog|p2a: Shuckle
|-unboost|p2a: Shuckle|evasion|1
|move|p2a: Shuckle|Infestation|p1a: Giratina
|-resisted|p1a: Giratina
|-damage|p1a: Giratina|68/100
|
|-heal|p1a: Giratina|75/100|[from] item: Leftovers
|-damage|p2a: Shuckle|36/100 tox|[from] psn
|-end|p1a: Giratina|Infestation|[partiallytrapped]
|upkeep
|-enditem|p2a: Shuckle|Iapapa Berry|[eat]
|-heal|p2a: Shuckle|69/100 tox|[from] item: Iapapa Berry
|turn|73
|inactive|KaizerZero has 120 seconds left.
|
|t:|1622914853
|move|p1a: Giratina|Defog|p2a: Shuckle
|-unboost|p2a: Shuckle|evasion|1
|move|p2a: Shuckle|Infestation|p1a: Giratina
|-resisted|p1a: Giratina
|-damage|p1a: Giratina|74/100
|-activate|p1a: Giratina|move: Infestation|[of] p2a: Shuckle
|
|-heal|p1a: Giratina|80/100|[from] item: Leftovers
|-damage|p2a: Shuckle|45/100 tox|[from] psn
|-damage|p1a: Giratina|68/100|[from] move: Infestation|[partiallytrapped]
|upkeep
|turn|74
|inactive|KaizerZero has 120 seconds left.
|
|t:|1622914863
|move|p1a: Giratina|Defog|p2a: Shuckle
|-unboost|p2a: Shuckle|evasion|1
|move|p2a: Shuckle|Infestation|p1a: Giratina
|-resisted|p1a: Giratina
|-damage|p1a: Giratina|67/100
|
|-heal|p1a: Giratina|73/100|[from] item: Leftovers
|-damage|p2a: Shuckle|14/100 tox|[from] psn
|-damage|p1a: Giratina|61/100|[from] move: Infestation|[partiallytrapped]
|upkeep
|turn|75
|inactive|KaizerZero has 120 seconds left.
|
|t:|1622914875
|move|p1a: Giratina|Rest|p1a: Giratina
|-status|p1a: Giratina|slp|[from] move: Rest
|-heal|p1a: Giratina|100/100 slp|[silent]
|move|p2a: Shuckle|Infestation|p1a: Giratina
|-resisted|p1a: Giratina
|-damage|p1a: Giratina|99/100 slp
|
|-heal|p1a: Giratina|100/100 slp|[from] item: Leftovers
|-damage|p2a: Shuckle|0 fnt|[from] psn
|faint|p2a: Shuckle
|-end|p1a: Giratina|Infestation|[partiallytrapped]|[silent]
|upkeep
|inactive|KaizerZero has 120 seconds left.
|
|t:|1622914896
|switch|p2a: Araquanid|Araquanid, M|76/100
|turn|76
|
|t:|1622914903
|cant|p1a: Giratina|slp
|move|p2a: Araquanid|Crunch|p1a: Giratina
|-supereffective|p1a: Giratina
|-damage|p1a: Giratina|83/100 slp
|
|-heal|p1a: Giratina|89/100 slp|[from] item: Leftovers
|upkeep
|turn|77
|inactive|JAY100064 has 120 seconds left.
|inactive|KaizerZero has 120 seconds left.
|
|t:|1622914910
|cant|p1a: Giratina|slp
|move|p2a: Araquanid|Crunch|p1a: Giratina
|-supereffective|p1a: Giratina
|-damage|p1a: Giratina|72/100 slp
|
|-heal|p1a: Giratina|78/100 slp|[from] item: Leftovers
|upkeep
|turn|78
|
|t:|1622914916
|-curestatus|p1a: Giratina|slp|[msg]
|move|p1a: Giratina|Toxic|p2a: Araquanid
|-status|p2a: Araquanid|tox
|move|p2a: Araquanid|Crunch|p1a: Giratina
|-supereffective|p1a: Giratina
|-damage|p1a: Giratina|60/100
|
|-heal|p1a: Giratina|66/100|[from] item: Leftovers
|-damage|p2a: Araquanid|70/100 tox|[from] psn
|upkeep
|turn|79
|
|t:|1622914929
|move|p1a: Giratina|Defog|p2a: Araquanid
|-unboost|p2a: Araquanid|evasion|1
|move|p2a: Araquanid|Crunch|p1a: Giratina
|-supereffective|p1a: Giratina
|-damage|p1a: Giratina|46/100
|
|-heal|p1a: Giratina|52/100|[from] item: Leftovers
|-damage|p2a: Araquanid|58/100 tox|[from] psn
|upkeep
|turn|80
|inactive|JAY100064 has 120 seconds left.
|
|t:|1622914945
|move|p1a: Giratina|Defog|p2a: Araquanid
|-unboost|p2a: Araquanid|evasion|1
|move|p2a: Araquanid|Crunch|p1a: Giratina
|-supereffective|p1a: Giratina
|-damage|p1a: Giratina|34/100
|-unboost|p1a: Giratina|def|1
|
|-heal|p1a: Giratina|40/100|[from] item: Leftovers
|-damage|p2a: Araquanid|39/100 tox|[from] psn
|upkeep
|turn|81
|inactive|JAY100064 has 120 seconds left.
|
|t:|1622914958
|move|p1a: Giratina|Rest|p1a: Giratina
|-status|p1a: Giratina|slp|[from] move: Rest
|-heal|p1a: Giratina|100/100 slp|[silent]
|move|p2a: Araquanid|Crunch|p1a: Giratina
|-supereffective|p1a: Giratina
|-damage|p1a: Giratina|74/100 slp
|
|-heal|p1a: Giratina|80/100 slp|[from] item: Leftovers
|-damage|p2a: Araquanid|14/100 tox|[from] psn
|upkeep
|turn|82
|inactive|JAY100064 has 120 seconds left.
|
|t:|1622914974
|cant|p1a: Giratina|slp
|move|p2a: Araquanid|Crunch|p1a: Giratina
|-supereffective|p1a: Giratina
|-damage|p1a: Giratina|52/100 slp
|
|-heal|p1a: Giratina|58/100 slp|[from] item: Leftovers
|-damage|p2a: Araquanid|0 fnt|[from] psn
|faint|p2a: Araquanid
|upkeep
|
|t:|1622914982
|switch|p2a: Ribombee|Ribombee, M|42/100
|turn|83
|
|t:|1622914990
|switch|p1a: Chansey|Chansey, F|79/100
|move|p2a: Ribombee|U-turn|p1a: Chansey
|-damage|p1a: Chansey|67/100
|
|t:|1622914995
|switch|p2a: Beedrill|Beedrill-Mega, M|100/100|[from]move: U-turn
|
|upkeep
|turn|84
|
|t:|1622915002
|switch|p1a: Giratina|Giratina|58/100 slp
|-ability|p1a: Giratina|Pressure
|move|p2a: Beedrill|X-Scissor|p1a: Giratina
|-resisted|p1a: Giratina
|-damage|p1a: Giratina|43/100 slp
|
|-heal|p1a: Giratina|49/100 slp|[from] item: Leftovers
|upkeep
|turn|85
|
|t:|1622915013
|move|p2a: Beedrill|X-Scissor|p1a: Giratina
|-resisted|p1a: Giratina
|-damage|p1a: Giratina|36/100 slp
|cant|p1a: Giratina|slp
|
|-heal|p1a: Giratina|42/100 slp|[from] item: Leftovers
|upkeep
|turn|86
|
|t:|1622915023
|move|p2a: Beedrill|Drill Run|p1a: Giratina
|-damage|p1a: Giratina|29/100 slp
|-curestatus|p1a: Giratina|slp|[msg]
|move|p1a: Giratina|Rest|p1a: Giratina
|-status|p1a: Giratina|slp|[from] move: Rest
|-heal|p1a: Giratina|100/100 slp|[silent]
|
|upkeep
|turn|87
|c|☆KaizerZero|Gg
|-message|KaizerZero forfeited.
|
|win|JAY100064
|raw|JAY100064's rating: 1295 &rarr; <strong>1321</strong><br />(+26 for winning)
|raw|KaizerZero's rating: 1306 &rarr; <strong>1285</strong><br />(-21 for losing)
|l|☆KaizerZero
|c|☆JAY100064|gg
