|j|☆PLAYUR
|j|☆ChunkyRat
|t:|1624972374
|gametype|singles
|player|p1|PLAYUR|ingo|1640
|player|p2|ChunkyRat|burgh|1751
|teamsize|p1|6
|teamsize|p2|6
|gen|8
|tier|[Gen 8] National Dex AG
|rated|
|rule|HP Percentage Mod: HP is shown in percentages
|rule|Endless Battle Clause: Forcing endless battles is banned
|clearpoke
|poke|p1|Deoxys-Speed|
|poke|p1|Zacian-*|
|poke|p1|Necrozma-Dusk-Mane|
|poke|p1|Calyrex-Shadow|
|poke|p1|Kyogre|
|poke|p1|Blastoise, M|
|poke|p2|Rayquaza|
|poke|p2|Arceus-*|
|poke|p2|Arceus-*|
|poke|p2|Groudon|
|poke|p2|Calyrex-Shadow|
|poke|p2|Lugia|
|teampreview
|
|t:|1624972386
|start
|switch|p1a: Deoxys|Deoxys-Speed|100/100
|switch|p2a: Arceus|Arceus|100/100
|-ability|p1a: Deoxys|Pressure
|turn|1
|
|t:|1624972389
|move|p1a: Deoxys|Stealth Rock|p2a: Arceus
|-sidestart|p2: ChunkyRat|move: Stealth Rock
|move|p2a: Arceus|Shadow Claw|p1a: Deoxys
|-supereffective|p1a: Deoxys
|-damage|p1a: Deoxys|36/100
|
|upkeep
|turn|2
|j| pok3m0n_123
|
|t:|1624972394
|move|p2a: Arceus|Extreme Speed|p1a: Deoxys
|-damage|p1a: Deoxys|0 fnt
|faint|p1a: Deoxys
|
|upkeep
|
|t:|1624972400
|switch|p1a: Zacian|Zacian-Crowned|100/100
|-ability|p1a: Zacian|Intrepid Sword|boost
|-boost|p1a: Zacian|atk|1
|turn|3
|
|t:|1624972412
|switch|p2a: Lugia|Lugia|100/100
|move|p1a: Zacian|Close Combat|p2a: Lugia
|-resisted|p2a: Lugia
|-damage|p2a: Lugia|95/100
|-unboost|p1a: Zacian|def|1
|-unboost|p1a: Zacian|spd|1
|
|upkeep
|turn|4
|inactive|Battle timer is ON: inactive players will automatically lose when time's up. (requested by PLAYUR)
|
|t:|1624972416
|switch|p1a: Kyogre|Kyogre|100/100
|-weather|RainDance|[from] ability: Drizzle|[of] p1a: Kyogre
|move|p2a: Lugia|Thunder Wave|p1a: Kyogre
|-status|p1a: Kyogre|par
|
|-weather|RainDance|[upkeep]
|upkeep
|turn|5
|
|t:|1624972420
|move|p2a: Lugia|Roost|p2a: Lugia
|-heal|p2a: Lugia|100/100
|-singleturn|p2a: Lugia|move: Roost
|move|p1a: Kyogre|Thunder|p2a: Lugia
|-damage|p2a: Lugia|90/100
|
|-weather|RainDance|[upkeep]
|upkeep
|turn|6
|
|t:|1624972424
|move|p2a: Lugia|Defog|p1a: Kyogre
|-unboost|p1a: Kyogre|evasion|1
|-sideend|p2: ChunkyRat|Stealth Rock|[from] move: Defog|[of] p2a: Lugia
|move|p1a: Kyogre|Toxic|p2a: Lugia
|-status|p2a: Lugia|tox
|
|-weather|RainDance|[upkeep]
|-damage|p2a: Lugia|84/100 tox|[from] psn
|upkeep
|turn|7
|
|t:|1624972428
|switch|p2a: Groudon|Groudon|100/100
|detailschange|p2a: Groudon|Groudon-Primal
|-primal|p2a: Groudon
|-weather|DesolateLand|[from] ability: Desolate Land|[of] p2a: Groudon
|move|p1a: Kyogre|Origin Pulse||[still]
|-fail|p1a: Kyogre|Origin Pulse|[from] Desolate Land
|
|-weather|DesolateLand|[upkeep]
|upkeep
|turn|8
|
|t:|1624972436
|move|p1a: Kyogre|Protect|p1a: Kyogre
|-singleturn|p1a: Kyogre|Protect
|move|p2a: Groudon|Stealth Rock|p1a: Kyogre
|-sidestart|p1: PLAYUR|move: Stealth Rock
|
|-weather|DesolateLand|[upkeep]
|upkeep
|turn|9
|
|t:|1624972442
|switch|p1a: Necrozma|Necrozma-Dusk-Mane|100/100
|-damage|p1a: Necrozma|94/100|[from] Stealth Rock
|move|p2a: Groudon|Earth Power|p1a: Necrozma
|-supereffective|p1a: Necrozma
|-damage|p1a: Necrozma|30/100
|-unboost|p1a: Necrozma|spd|1
|-enditem|p1a: Necrozma|Weakness Policy
|-boost|p1a: Necrozma|atk|2|[from] item: Weakness Policy
|-boost|p1a: Necrozma|spa|2|[from] item: Weakness Policy
|
|-weather|DesolateLand|[upkeep]
|upkeep
|turn|10
|
|t:|1624972447
|-start|p1a: Necrozma|Dynamax
|-heal|p1a: Necrozma|30/100|[silent]
|move|p2a: Groudon|Lava Plume|p1a: Necrozma
|-supereffective|p1a: Necrozma
|-damage|p1a: Necrozma|0 fnt
|faint|p1a: Necrozma
|
|-weather|DesolateLand|[upkeep]
|upkeep
|
|t:|1624972452
|switch|p1a: Zacian|Zacian-Crowned|100/100
|-damage|p1a: Zacian|94/100|[from] Stealth Rock
|-ability|p1a: Zacian|Intrepid Sword|boost
|-boost|p1a: Zacian|atk|1
|turn|11
|
|t:|1624972454
|move|p1a: Zacian|Close Combat|p2a: Groudon
|-damage|p2a: Groudon|50/100
|-unboost|p1a: Zacian|def|1
|-unboost|p1a: Zacian|spd|1
|move|p2a: Groudon|Lava Plume|p1a: Zacian
|-supereffective|p1a: Zacian
|-damage|p1a: Zacian|0 fnt
|faint|p1a: Zacian
|
|-weather|DesolateLand|[upkeep]
|upkeep
|c|☆ChunkyRat|gg wp
|
|t:|1624972457
|switch|p1a: Calyrex|Calyrex-Shadow|100/100
|-ability|p1a: Calyrex|As One
|-ability|p1a: Calyrex|Unnerve
|-damage|p1a: Calyrex|88/100|[from] Stealth Rock
|turn|12
|
|t:|1624972460
|-weather|none
|switch|p2a: Arceus|Arceus|100/100
|move|p1a: Calyrex|Astral Barrage|p2a: Arceus
|-immune|p2a: Arceus
|
|upkeep
|turn|13
|
|t:|1624972477
|switch|p1a: Kyogre|Kyogre|100/100 par
|-damage|p1a: Kyogre|88/100 par|[from] Stealth Rock
|-weather|RainDance|[from] ability: Drizzle|[of] p1a: Kyogre
|move|p2a: Arceus|Shadow Claw|p1a: Kyogre
|-damage|p1a: Kyogre|65/100 par
|
|-weather|RainDance|[upkeep]
|upkeep
|turn|14
|
|t:|1624972486
|switch|p2a: Groudon|Groudon-Primal|50/100
|-weather|DesolateLand|[from] ability: Desolate Land|[of] p2a: Groudon
|move|p1a: Kyogre|Toxic|p2a: Groudon
|-status|p2a: Groudon|tox
|
|-weather|DesolateLand|[upkeep]
|-damage|p2a: Groudon|44/100 tox|[from] psn
|upkeep
|turn|15
|
|t:|1624972497
|cant|p1a: Kyogre|par
|move|p2a: Groudon|Earth Power|p1a: Kyogre
|-damage|p1a: Kyogre|38/100 par
|
|-weather|DesolateLand|[upkeep]
|-damage|p2a: Groudon|32/100 tox|[from] psn
|upkeep
|turn|16
|
|t:|1624972501
|move|p1a: Kyogre|Protect|p1a: Kyogre
|-singleturn|p1a: Kyogre|Protect
|move|p2a: Groudon|Earth Power|p1a: Kyogre
|-activate|p1a: Kyogre|move: Protect
|
|-weather|DesolateLand|[upkeep]
|-damage|p2a: Groudon|14/100 tox|[from] psn
|upkeep
|turn|17
|
|t:|1624972509
|cant|p1a: Kyogre|par
|move|p2a: Groudon|Earth Power|p1a: Kyogre
|-damage|p1a: Kyogre|14/100 par
|
|-weather|DesolateLand|[upkeep]
|-damage|p2a: Groudon|0 fnt|[from] psn
|faint|p2a: Groudon
|-weather|none
|upkeep
|
|t:|1624972527
|switch|p2a: Calyrex|Calyrex-Shadow|100/100
|-ability|p2a: Calyrex|As One
|-ability|p2a: Calyrex|Unnerve
|turn|18
|
|t:|1624972533
|move|p1a: Kyogre|Protect|p1a: Kyogre
|-singleturn|p1a: Kyogre|Protect
|move|p2a: Calyrex|Grass Knot|p1a: Kyogre
|-activate|p1a: Kyogre|move: Protect
|
|upkeep
|turn|19
|
|t:|1624972541
|switch|p1a: Blastoise|Blastoise, M|100/100
|-damage|p1a: Blastoise|88/100|[from] Stealth Rock
|move|p2a: Calyrex|Astral Barrage|p1a: Blastoise
|-damage|p1a: Blastoise|12/100
|
|upkeep
|turn|20
|
|t:|1624972551
|detailschange|p1a: Blastoise|Blastoise-Mega, M
|-mega|p1a: Blastoise|Blastoise|Blastoisinite
|move|p2a: Calyrex|Draining Kiss|p1a: Blastoise
|-damage|p1a: Blastoise|0 fnt
|faint|p1a: Blastoise
|-ability|p2a: Calyrex|Grim Neigh|boost
|-boost|p2a: Calyrex|spa|1
|
|upkeep
|
|t:|1624972554
|switch|p1a: Calyrex|Calyrex-Shadow|88/100
|-ability|p1a: Calyrex|As One
|-ability|p1a: Calyrex|Unnerve
|-damage|p1a: Calyrex|76/100|[from] Stealth Rock
|turn|21
|
|t:|1624972570
|move|p1a: Calyrex|Astral Barrage|p2a: Calyrex
|-supereffective|p2a: Calyrex
|-enditem|p2a: Calyrex|Focus Sash
|-damage|p2a: Calyrex|1/100
|move|p2a: Calyrex|Astral Barrage|p1a: Calyrex
|-supereffective|p1a: Calyrex
|-damage|p1a: Calyrex|0 fnt
|faint|p1a: Calyrex
|-ability|p2a: Calyrex|Grim Neigh|boost
|-boost|p2a: Calyrex|spa|1
|
|upkeep
|l| pok3m0n_123
|
|t:|1624972583
|switch|p1a: Kyogre|Kyogre|14/100 par
|-damage|p1a: Kyogre|2/100 par|[from] Stealth Rock
|-weather|RainDance|[from] ability: Drizzle|[of] p1a: Kyogre
|turn|22
|-message|PLAYUR forfeited.
|
|win|ChunkyRat
|raw|PLAYUR's rating: 1640 &rarr; <strong>1626</strong><br />(-14 for losing)
|raw|ChunkyRat's rating: 1751 &rarr; <strong>1765</strong><br />(+14 for winning)
|l|☆PLAYUR
|l|☆ChunkyRat
