|j|☆ApOcalpse17
|j|☆Alkir
|t:|1610220025
|player|p1|ApOcalpse17|170|1657
|player|p2|Alkir|grimsley|1557
|teamsize|p1|6
|teamsize|p2|6
|gametype|singles
|gen|8
|tier|[Gen 8] National Dex AG
|rated|
|clearpoke
|poke|p1|Zacian-Crowned|
|poke|p1|Rayquaza|
|poke|p1|Ditto|
|poke|p1|Groudon|
|poke|p1|Xerneas|
|poke|p1|Lugia|
|poke|p2|Zacian-Crowned|
|poke|p2|Xerneas|
|poke|p2|Groudon|
|poke|p2|Rayquaza|
|poke|p2|Lugia|
|poke|p2|Marshadow|
|rule|HP Percentage Mod: HP is shown in percentages
|rule|Endless Battle Clause: Forcing endless battles is banned
|teampreview
|inactive|Battle timer is ON: inactive players will automatically lose when time's up. (requested by Alkir)
|
|t:|1610220042
|start
|switch|p1a: Lugia|Lugia|100/100
|switch|p2a: Groudon|Groudon, shiny|100/100
|detailschange|p2a: Groudon|Groudon-Primal, shiny
|-primal|p2a: Groudon
|-weather|DesolateLand|[from] ability: Desolate Land|[of] p2a: Groudon
|turn|1
|
|t:|1610220050
|move|p1a: Lugia|Toxic|p2a: Groudon
|-status|p2a: Groudon|tox
|move|p2a: Groudon|Stealth Rock|p1a: Lugia
|-sidestart|p1: ApOcalpse17|move: Stealth Rock
|
|-weather|DesolateLand|[upkeep]
|-damage|p2a: Groudon|94/100 tox|[from] psn
|upkeep
|turn|2
|
|t:|1610220056
|move|p1a: Lugia|Defog|p2a: Groudon
|-unboost|p2a: Groudon|evasion|1
|-sideend|p1: ApOcalpse17|Stealth Rock|[from] move: Defog|[of] p1a: Lugia
|move|p2a: Groudon|Stone Edge|p1a: Lugia|[miss]
|-miss|p2a: Groudon|p1a: Lugia
|
|-weather|DesolateLand|[upkeep]
|-damage|p2a: Groudon|82/100 tox|[from] psn
|upkeep
|turn|3
|
|t:|1610220065
|move|p1a: Lugia|Ice Beam|p2a: Groudon
|-damage|p2a: Groudon|70/100 tox
|move|p2a: Groudon|Stealth Rock|p1a: Lugia
|-sidestart|p1: ApOcalpse17|move: Stealth Rock
|
|-weather|DesolateLand|[upkeep]
|-damage|p2a: Groudon|51/100 tox|[from] psn
|upkeep
|turn|4
|
|t:|1610220072
|move|p1a: Lugia|Roost||[still]
|-fail|p1a: Lugia|heal
|move|p2a: Groudon|Stone Edge|p1a: Lugia
|-supereffective|p1a: Lugia
|-crit|p1a: Lugia
|-damage|p1a: Lugia|73/100
|
|-weather|DesolateLand|[upkeep]
|-damage|p2a: Groudon|26/100 tox|[from] psn
|upkeep
|turn|5
|
|t:|1610220085
|-weather|none
|switch|p2a: Zacian|Zacian-Crowned|100/100
|-ability|p2a: Zacian|Intrepid Sword|boost
|-boost|p2a: Zacian|atk|1
|move|p1a: Lugia|Defog|p2a: Zacian
|-unboost|p2a: Zacian|evasion|1
|-sideend|p1: ApOcalpse17|Stealth Rock|[from] move: Defog|[of] p1a: Lugia
|
|upkeep
|turn|6
|
|t:|1610220093
|switch|p1a: Groudon|Groudon|100/100
|detailschange|p1a: Groudon|Groudon-Primal
|-primal|p1a: Groudon
|-weather|DesolateLand|[from] ability: Desolate Land|[of] p1a: Groudon
|move|p2a: Zacian|Behemoth Blade|p1a: Groudon
|-resisted|p1a: Groudon
|-damage|p1a: Groudon|75/100
|
|-weather|DesolateLand|[upkeep]
|upkeep
|turn|7
|
|t:|1610220103
|switch|p2a: Lugia|Lugia|100/100
|move|p1a: Groudon|Stealth Rock|p2a: Lugia
|-sidestart|p2: Alkir|move: Stealth Rock
|
|-weather|DesolateLand|[upkeep]
|upkeep
|turn|8
|
|t:|1610220111
|-weather|none
|switch|p1a: Zacian|Zacian-Crowned|100/100
|-ability|p1a: Zacian|Intrepid Sword|boost
|-boost|p1a: Zacian|atk|1
|move|p2a: Lugia|Toxic|p1a: Zacian
|-immune|p1a: Zacian
|
|upkeep
|turn|9
|
|t:|1610220127
|move|p1a: Zacian|Play Rough|p2a: Lugia
|-damage|p2a: Lugia|82/100
|move|p2a: Lugia|Thunder Wave|p1a: Zacian
|-status|p1a: Zacian|par
|
|upkeep
|turn|10
|
|t:|1610220136
|move|p2a: Lugia|Roost|p2a: Lugia
|-heal|p2a: Lugia|100/100
|-singleturn|p2a: Lugia|move: Roost
|move|p1a: Zacian|Play Rough|p2a: Lugia
|-damage|p2a: Lugia|80/100
|
|upkeep
|turn|11
|
|t:|1610220144
|move|p2a: Lugia|Roost|p2a: Lugia
|-heal|p2a: Lugia|100/100
|-singleturn|p2a: Lugia|move: Roost
|move|p1a: Zacian|Swords Dance|p1a: Zacian
|-boost|p1a: Zacian|atk|2
|
|upkeep
|turn|12
|
|t:|1610220153
|move|p2a: Lugia|Defog|p1a: Zacian
|-unboost|p1a: Zacian|evasion|1
|-sideend|p2: Alkir|Stealth Rock|[from] move: Defog|[of] p2a: Lugia
|move|p1a: Zacian|Swords Dance|p1a: Zacian
|-boost|p1a: Zacian|atk|2
|
|upkeep
|turn|13
|
|t:|1610220161
|switch|p2a: Marshadow|Marshadow|100/100
|move|p1a: Zacian|Play Rough|p2a: Marshadow
|-supereffective|p2a: Marshadow
|-enditem|p2a: Marshadow|Focus Sash
|-damage|p2a: Marshadow|1/100
|
|upkeep
|turn|14
|
|t:|1610220179
|move|p2a: Marshadow|Spectral Thief||[still]
|-clearpositiveboost|p1a: Zacian|p2a: Marshadow|move: Spectral Thief
|-boost|p2a: Marshadow|atk|5
|-anim|p2a: Marshadow|Spectral Thief|p1a: Zacian
|-damage|p1a: Zacian|0 fnt
|faint|p1a: Zacian
|
|upkeep
|
|t:|1610220193
|switch|p1a: Ditto|Ditto|100/100
|-transform|p1a: Ditto|p2a: Marshadow|[from] ability: Imposter
|turn|15
|
|t:|1610220201
|move|p1a: Ditto|Shadow Sneak|p2a: Marshadow
|-supereffective|p2a: Marshadow
|-damage|p2a: Marshadow|0 fnt
|faint|p2a: Marshadow
|
|upkeep
|
|t:|1610220210
|switch|p2a: Lugia|Lugia|100/100
|turn|16
|
|t:|1610220219
|-start|p1a: Ditto|Dynamax
|-heal|p1a: Ditto|100/100|[silent]
|move|p1a: Ditto|Max Phantasm|p2a: Lugia
|-supereffective|p2a: Lugia
|-damage|p2a: Lugia|24/100
|-unboost|p2a: Lugia|def|1
|move|p2a: Lugia|Thunder Wave|p1a: Ditto
|-status|p1a: Ditto|par
|
|upkeep
|turn|17
|
|t:|1610220232
|switch|p2a: Groudon|Groudon-Primal, shiny|26/100 tox
|-weather|DesolateLand|[from] ability: Desolate Land|[of] p2a: Groudon
|move|p1a: Ditto|Max Phantasm|p2a: Groudon
|-damage|p2a: Groudon|0 fnt
|faint|p2a: Groudon
|-weather|none
|
|upkeep
|
|t:|1610220235
|switch|p2a: Zacian|Zacian-Crowned|100/100
|-ability|p2a: Zacian|Intrepid Sword|boost
|-boost|p2a: Zacian|atk|1
|turn|18
|
|t:|1610220258
|move|p2a: Zacian|Behemoth Blade|p1a: Ditto
|-damage|p1a: Ditto|0 fnt
|faint|p1a: Ditto
|
|upkeep
|
|t:|1610220268
|switch|p1a: Groudon|Groudon-Primal|75/100
|-weather|DesolateLand|[from] ability: Desolate Land|[of] p1a: Groudon
|turn|19
|
|t:|1610220273
|switch|p2a: Lugia|Lugia|24/100
|move|p1a: Groudon|Stone Edge|p2a: Lugia
|-supereffective|p2a: Lugia
|-damage|p2a: Lugia|0 fnt
|faint|p2a: Lugia
|
|-weather|DesolateLand|[upkeep]
|upkeep
|
|t:|1610220278
|switch|p2a: Rayquaza|Rayquaza|100/100
|-ability|p2a: Rayquaza|Air Lock
|turn|20
|
|t:|1610220299
|-weather|none
|switch|p1a: Lugia|Lugia|73/100
|detailschange|p2a: Rayquaza|Rayquaza-Mega
|-mega|p2a: Rayquaza|Rayquaza|
|-weather|DeltaStream|[from] ability: Delta Stream|[of] p2a: Rayquaza
|move|p2a: Rayquaza|Draco Meteor|p1a: Lugia|[miss]
|-miss|p2a: Rayquaza|p1a: Lugia
|
|-weather|DeltaStream|[upkeep]
|upkeep
|turn|21
|
|t:|1610220313
|-weather|none
|switch|p2a: Zacian|Zacian-Crowned|100/100
|-ability|p2a: Zacian|Intrepid Sword|boost
|-boost|p2a: Zacian|atk|1
|switch|p1a: Groudon|Groudon-Primal|75/100
|-weather|DesolateLand|[from] ability: Desolate Land|[of] p1a: Groudon
|
|-weather|DesolateLand|[upkeep]
|upkeep
|turn|22
|
|t:|1610220328
|move|p2a: Zacian|Close Combat|p1a: Groudon
|-damage|p1a: Groudon|34/100
|-unboost|p2a: Zacian|def|1
|-unboost|p2a: Zacian|spd|1
|move|p1a: Groudon|Precipice Blades|p2a: Zacian
|-supereffective|p2a: Zacian
|-damage|p2a: Zacian|0 fnt
|faint|p2a: Zacian
|
|-weather|DesolateLand|[upkeep]
|upkeep
|
|t:|1610220332
|switch|p2a: Xerneas|Xerneas|100/100
|-ability|p2a: Xerneas|Fairy Aura
|turn|23
|
|t:|1610220340
|move|p2a: Xerneas|Geomancy||[still]
|-prepare|p2a: Xerneas|Geomancy
|-enditem|p2a: Xerneas|Power Herb
|-anim|p2a: Xerneas|Geomancy|p2a: Xerneas
|-boost|p2a: Xerneas|spa|2
|-boost|p2a: Xerneas|spd|2
|-boost|p2a: Xerneas|spe|2
|move|p1a: Groudon|Precipice Blades|p2a: Xerneas
|-damage|p2a: Xerneas|14/100
|
|-weather|DesolateLand|[upkeep]
|upkeep
|turn|24
|
|t:|1610220353
|move|p2a: Xerneas|Moonblast|p1a: Groudon
|-resisted|p1a: Groudon
|-damage|p1a: Groudon|0 fnt
|faint|p1a: Groudon
|-weather|none
|
|upkeep
|
|t:|1610220359
|switch|p1a: Rayquaza|Rayquaza|100/100
|-ability|p1a: Rayquaza|Air Lock
|turn|25
|
|t:|1610220365
|detailschange|p1a: Rayquaza|Rayquaza-Mega
|-mega|p1a: Rayquaza|Rayquaza|
|-weather|DeltaStream|[from] ability: Delta Stream|[of] p1a: Rayquaza
|-start|p2a: Xerneas|Dynamax
|-heal|p2a: Xerneas|14/100|[silent]
|move|p1a: Rayquaza|Extreme Speed|p2a: Xerneas
|-damage|p2a: Xerneas|0 fnt
|-damage|p1a: Rayquaza|91/100|[from] item: Life Orb
|faint|p2a: Xerneas
|
|-weather|DeltaStream|[upkeep]
|upkeep
|
|t:|1610220374
|switch|p2a: Rayquaza|Rayquaza-Mega|100/100
|turn|26
|
|t:|1610220384
|move|p1a: Rayquaza|Extreme Speed|p2a: Rayquaza
|-damage|p2a: Rayquaza|51/100
|-damage|p1a: Rayquaza|81/100|[from] item: Life Orb
|move|p2a: Rayquaza|Dragon Ascent|p1a: Rayquaza
|-damage|p1a: Rayquaza|2/100
|-unboost|p2a: Rayquaza|def|1
|-unboost|p2a: Rayquaza|spd|1
|
|-weather|DeltaStream|[upkeep]
|upkeep
|turn|27
|
|t:|1610220398
|move|p1a: Rayquaza|Extreme Speed|p2a: Rayquaza
|-damage|p2a: Rayquaza|0 fnt
|-damage|p1a: Rayquaza|0 fnt|[from] item: Life Orb
|faint|p2a: Rayquaza
|faint|p1a: Rayquaza
|-weather|none
|
|win|ApOcalpse17
|l|☆Alkir
