|j|☆pologizephichi
|j|☆Naofumi_Bakugo_Jax
|t:|1668571992
|gametype|singles
|player|p1|pologizephichi|volkner|1733
|player|p2|Naofumi_Bakugo_Jax|169|1740
|teamsize|p1|6
|teamsize|p2|6
|gen|8
|tier|[Gen 8] National Dex AG
|rated|
|rule|HP Percentage Mod: HP is shown in percentages
|rule|Endless Battle Clause: Forcing endless battles is banned
|clearpoke
|poke|p1|Zacian-*|
|poke|p1|Rayquaza|
|poke|p1|Ditto|
|poke|p1|Groudon|
|poke|p1|Xerneas-*|
|poke|p1|Lugia|
|poke|p2|Kyogre|
|poke|p2|Yveltal|
|poke|p2|Calyrex-Shadow|
|poke|p2|Swampert, M|
|poke|p2|Arceus-*|
|poke|p2|Zacian-*|
|teampreview
|inactive|Battle timer is ON: inactive players will automatically lose when time's up. (requested by pologizephichi)
|
|t:|1668572007
|start
|switch|p1a: Rayquaza|Rayquaza|100/100
|switch|p2a: Arceus|Arceus, shiny|100/100
|-ability|p1a: Rayquaza|Air Lock
|turn|1
|
|t:|1668572015
|detailschange|p1a: Rayquaza|Rayquaza-Mega
|-mega|p1a: Rayquaza|Rayquaza|
|-weather|DeltaStream|[from] ability: Delta Stream|[of] p1a: Rayquaza
|move|p1a: Rayquaza|Draco Meteor|p2a: Arceus
|-damage|p2a: Arceus|40/100
|-unboost|p1a: Rayquaza|spa|2
|-damage|p1a: Rayquaza|91/100|[from] item: Life Orb
|move|p2a: Arceus|Reflect|p2a: Arceus
|-sidestart|p2: Naofumi_Bakugo_Jax|Reflect
|
|-weather|DeltaStream|[upkeep]
|upkeep
|turn|2
|
|t:|1668572041
|-weather|none
|switch|p1a: Groudon|Groudon, shiny|100/100
|detailschange|p1a: Groudon|Groudon-Primal, shiny
|-primal|p1a: Groudon
|-weather|DesolateLand|[from] ability: Desolate Land|[of] p1a: Groudon
|move|p2a: Arceus|Tailwind|p2a: Arceus
|-sidestart|p2: Naofumi_Bakugo_Jax|move: Tailwind
|
|-weather|DesolateLand|[upkeep]
|upkeep
|turn|3
|inactive|Naofumi_Bakugo_Jax has 120 seconds left.
|
|t:|1668572063
|switch|p2a: Swampert|Swampert, M|100/100
|move|p1a: Groudon|Stealth Rock|p2a: Swampert
|-sidestart|p2: Naofumi_Bakugo_Jax|move: Stealth Rock
|
|-weather|DesolateLand|[upkeep]
|upkeep
|turn|4
|inactive|Naofumi_Bakugo_Jax has 120 seconds left.
|
|t:|1668572073
|detailschange|p2a: Swampert|Swampert-Mega, M
|-mega|p2a: Swampert|Swampert|Swampertite
|move|p2a: Swampert|Yawn|p1a: Groudon
|-start|p1a: Groudon|move: Yawn|[of] p2a: Swampert
|move|p1a: Groudon|Precipice Blades|p2a: Swampert
|-damage|p2a: Swampert|63/100
|
|-weather|DesolateLand|[upkeep]
|upkeep
|turn|5
|inactive|Naofumi_Bakugo_Jax has 120 seconds left.
|
|t:|1668572097
|switch|p2a: Calyrex|Calyrex-Shadow|100/100
|-ability|p2a: Calyrex|As One
|-ability|p2a: Calyrex|Unnerve
|-damage|p2a: Calyrex|88/100|[from] Stealth Rock
|-weather|none
|switch|p1a: Rayquaza|Rayquaza-Mega|91/100
|-weather|DeltaStream|[from] ability: Delta Stream|[of] p1a: Rayquaza
|
|-weather|DeltaStream|[upkeep]
|-sideend|p2: Naofumi_Bakugo_Jax|move: Tailwind
|upkeep
|turn|6
|
|t:|1668572117
|move|p2a: Calyrex|Astral Barrage|p1a: Rayquaza
|-damage|p1a: Rayquaza|0 fnt
|faint|p1a: Rayquaza
|-weather|none
|-ability|p2a: Calyrex|Grim Neigh|boost
|-boost|p2a: Calyrex|spa|1
|
|upkeep
|
|t:|1668572127
|switch|p1a: Lugia|Lugia, shiny|100/100
|turn|7
|inactive|Naofumi_Bakugo_Jax has 120 seconds left.
|
|t:|1668572144
|move|p2a: Calyrex|Baton Pass|p2a: Calyrex
|
|t:|1668572148
|switch|p2a: Yveltal|Yveltal, shiny|100/100|[from]move: Baton Pass
|-damage|p2a: Yveltal|76/100|[from] Stealth Rock
|-ability|p2a: Yveltal|Dark Aura
|move|p1a: Lugia|Toxic|p2a: Yveltal
|-status|p2a: Yveltal|tox
|
|-damage|p2a: Yveltal|70/100 tox|[from] psn
|upkeep
|turn|8
|inactive|Naofumi_Bakugo_Jax has 120 seconds left.
|
|t:|1668572165
|move|p2a: Yveltal|Tailwind|p2a: Yveltal
|-sidestart|p2: Naofumi_Bakugo_Jax|move: Tailwind
|move|p1a: Lugia|Ice Beam|p2a: Yveltal
|-supereffective|p2a: Yveltal
|-damage|p2a: Yveltal|34/100 tox
|
|-damage|p2a: Yveltal|22/100 tox|[from] psn
|-sideend|p2: Naofumi_Bakugo_Jax|Reflect
|upkeep
|turn|9
|
|t:|1668572180
|-start|p2a: Yveltal|Dynamax|
|-heal|p2a: Yveltal|22/100 tox|[silent]
|move|p2a: Yveltal|Max Darkness|p1a: Lugia
|-supereffective|p1a: Lugia
|-damage|p1a: Lugia|12/100
|-unboost|p1a: Lugia|spd|1
|move|p1a: Lugia|Toxic|p2a: Yveltal
|-fail|p2a: Yveltal|tox
|
|-damage|p2a: Yveltal|13/100 tox|[from] psn
|upkeep
|turn|10
|inactive|Naofumi_Bakugo_Jax has 120 seconds left.
|
|t:|1668572201
|move|p2a: Yveltal|Max Airstream|p1a: Lugia
|-damage|p1a: Lugia|0 fnt
|-boost|p2a: Yveltal|spe|1
|faint|p1a: Lugia
|
|-damage|p2a: Yveltal|1/100 tox|[from] psn
|upkeep
|
|t:|1668572220
|switch|p1a: Xerneas|Xerneas, shiny|100/100
|-ability|p1a: Xerneas|Fairy Aura
|turn|11
|
|t:|1668572226
|-start|p1a: Xerneas|Dynamax|
|-heal|p1a: Xerneas|100/100|[silent]
|move|p1a: Xerneas|Max Guard|p1a: Xerneas
|-singleturn|p1a: Xerneas|Max Guard
|move|p2a: Yveltal|Max Airstream|p1a: Xerneas
|-activate|p1a: Xerneas|move: Max Guard
|
|-damage|p2a: Yveltal|0 fnt|[from] psn
|faint|p2a: Yveltal
|-sideend|p2: Naofumi_Bakugo_Jax|move: Tailwind
|upkeep
|inactive|Naofumi_Bakugo_Jax has 120 seconds left.
|
|t:|1668572262
|switch|p2a: Zacian|Zacian-Crowned|100/100
|-damage|p2a: Zacian|94/100|[from] Stealth Rock
|-ability|p2a: Zacian|Intrepid Sword|boost
|-boost|p2a: Zacian|atk|1
|turn|12
|
|t:|1668572275
|-end|p1a: Xerneas|Dynamax
|-heal|p1a: Xerneas|100/100|[silent]
|switch|p1a: Groudon|Groudon-Primal, shiny|100/100
|-weather|DesolateLand|[from] ability: Desolate Land|[of] p1a: Groudon
|move|p2a: Zacian|Behemoth Blade|p1a: Groudon
|-resisted|p1a: Groudon
|-damage|p1a: Groudon|70/100
|
|-weather|DesolateLand|[upkeep]
|upkeep
|turn|13
|inactive|Naofumi_Bakugo_Jax has 90 seconds left.
|
|t:|1668572326
|switch|p2a: Kyogre|Kyogre|100/100
|-damage|p2a: Kyogre|88/100|[from] Stealth Rock
|-ability|p2a: Kyogre|Drizzle|[from] desolateland|[fail]
|move|p1a: Groudon|Precipice Blades|p2a: Kyogre
|-damage|p2a: Kyogre|11/100
|
|-weather|DesolateLand|[upkeep]
|upkeep
|turn|14
|
|t:|1668572337
|move|p2a: Kyogre|Ice Beam|p1a: Groudon
|-damage|p1a: Groudon|31/100
|move|p1a: Groudon|Precipice Blades|p2a: Kyogre
|-damage|p2a: Kyogre|0 fnt
|faint|p2a: Kyogre
|
|-weather|DesolateLand|[upkeep]
|upkeep
|inactive|Naofumi_Bakugo_Jax has 60 seconds left.
|
|t:|1668572353
|switch|p2a: Calyrex|Calyrex-Shadow|88/100
|-ability|p2a: Calyrex|As One
|-ability|p2a: Calyrex|Unnerve
|-damage|p2a: Calyrex|76/100|[from] Stealth Rock
|turn|15
|
|t:|1668572363
|move|p2a: Calyrex|Astral Barrage|p1a: Groudon
|-damage|p1a: Groudon|0 fnt
|faint|p1a: Groudon
|-weather|none
|-ability|p2a: Calyrex|Grim Neigh|boost
|-boost|p2a: Calyrex|spa|1
|
|upkeep
|
|t:|1668572369
|switch|p1a: Ditto|Ditto, shiny|100/100
|-transform|p1a: Ditto|p2a: Calyrex|[from] ability: Imposter
|turn|16
|
|t:|1668572376
|switch|p2a: Arceus|Arceus, shiny|40/100
|-damage|p2a: Arceus|28/100|[from] Stealth Rock
|move|p1a: Ditto|Astral Barrage|p2a: Arceus
|-immune|p2a: Arceus
|
|upkeep
|turn|17
|
|t:|1668572387
|switch|p1a: Xerneas|Xerneas, shiny|100/100
|-ability|p1a: Xerneas|Fairy Aura
|move|p2a: Arceus|Tailwind|p2a: Arceus
|-sidestart|p2: Naofumi_Bakugo_Jax|move: Tailwind
|
|upkeep
|turn|18
|inactive|Naofumi_Bakugo_Jax has 90 seconds left.
|
|t:|1668572404
|move|p2a: Arceus|Reflect|p2a: Arceus
|-sidestart|p2: Naofumi_Bakugo_Jax|Reflect
|move|p1a: Xerneas|Geomancy||[still]
|-prepare|p1a: Xerneas|Geomancy
|-enditem|p1a: Xerneas|Power Herb
|-anim|p1a: Xerneas|Geomancy|p1a: Xerneas
|-boost|p1a: Xerneas|spa|2
|-boost|p1a: Xerneas|spd|2
|-boost|p1a: Xerneas|spe|2
|
|upkeep
|turn|19
|inactive|Naofumi_Bakugo_Jax has 90 seconds left.
|
|t:|1668572443
|move|p2a: Arceus|Extreme Speed|p1a: Xerneas
|-damage|p1a: Xerneas|64/100
|move|p1a: Xerneas|Geomancy||[still]
|-prepare|p1a: Xerneas|Geomancy
|
|upkeep
|turn|20
|
|t:|1668572449
|move|p2a: Arceus|Extreme Speed|p1a: Xerneas
|-damage|p1a: Xerneas|30/100
|move|p1a: Xerneas|Geomancy|p1a: Xerneas|[from]lockedmove
|-boost|p1a: Xerneas|spa|2
|-boost|p1a: Xerneas|spd|2
|-boost|p1a: Xerneas|spe|2
|
|-sideend|p2: Naofumi_Bakugo_Jax|move: Tailwind
|upkeep
|turn|21
|
|t:|1668572457
|move|p2a: Arceus|Extreme Speed|p1a: Xerneas
|-damage|p1a: Xerneas|0 fnt
|faint|p1a: Xerneas
|
|upkeep
|
|t:|1668572467
|switch|p1a: Zacian|Zacian-Crowned, shiny|100/100
|-ability|p1a: Zacian|Intrepid Sword|boost
|-boost|p1a: Zacian|atk|1
|turn|22
|
|t:|1668572480
|move|p1a: Zacian|Behemoth Blade|p2a: Arceus
|-damage|p2a: Arceus|0 fnt
|faint|p2a: Arceus
|
|upkeep
|inactive|Naofumi_Bakugo_Jax has 90 seconds left.
|
|t:|1668572498
|switch|p2a: Swampert|Swampert-Mega, M|63/100
|-damage|p2a: Swampert|57/100|[from] Stealth Rock
|turn|23
|
|t:|1668572523
|move|p1a: Zacian|Play Rough|p2a: Swampert
|-damage|p2a: Swampert|21/100
|move|p2a: Swampert|Earthquake|p1a: Zacian
|-supereffective|p1a: Zacian
|-damage|p1a: Zacian|0 fnt
|faint|p1a: Zacian
|
|upkeep
|
|t:|1668572531
|switch|p1a: Ditto|Ditto, shiny|100/100
|-transform|p1a: Ditto|p2a: Swampert|[from] ability: Imposter
|turn|24
|
|t:|1668572542
|move|p1a: Ditto|Earthquake|p2a: Swampert
|-damage|p2a: Swampert|0 fnt
|faint|p2a: Swampert
|
|upkeep
|c|☆pologizephichi|ggwp
|
|t:|1668572561
|switch|p2a: Calyrex|Calyrex-Shadow|76/100
|-ability|p2a: Calyrex|As One
|-ability|p2a: Calyrex|Unnerve
|-damage|p2a: Calyrex|64/100|[from] Stealth Rock
|turn|25
|
|t:|1668572568
|move|p2a: Calyrex|Astral Barrage|p1a: Ditto
|-damage|p1a: Ditto|19/100
|move|p1a: Ditto|Earthquake|p2a: Calyrex
|-damage|p2a: Calyrex|27/100
|
|-sideend|p2: Naofumi_Bakugo_Jax|Reflect
|upkeep
|turn|26
|
|t:|1668572575
|move|p2a: Calyrex|Astral Barrage|p1a: Ditto
|-damage|p1a: Ditto|0 fnt
|faint|p1a: Ditto
|
|win|Naofumi_Bakugo_Jax
|raw|pologizephichi's rating: 1733 &rarr; <strong>1713</strong><br />(-20 for losing)
|raw|Naofumi_Bakugo_Jax's rating: 1740 &rarr; <strong>1760</strong><br />(+20 for winning)
|l|☆pologizephichi
||Ladder isn't responding, score probably updated but might not have (Request timeout).
