|j|☆aselia the eternal
|j|☆MRH1106
|t:|1658901705
|gametype|singles
|player|p1|aselia the eternal|102|1797
|player|p2|MRH1106|ghetsis|1746
|teamsize|p1|6
|teamsize|p2|6
|gen|8
|tier|[Gen 8] National Dex AG
|rated|
|rule|HP Percentage Mod: HP is shown in percentages
|rule|Endless Battle Clause: Forcing endless battles is banned
|clearpoke
|poke|p1|Kyogre|
|poke|p1|Yveltal|
|poke|p1|Rayquaza|
|poke|p1|Calyrex-Shadow|
|poke|p1|Arceus-*|
|poke|p1|Marshadow|
|poke|p2|Zacian-*|
|poke|p2|Calyrex-Shadow|
|poke|p2|Rayquaza|
|poke|p2|Ditto|
|poke|p2|Yveltal|
|poke|p2|Arceus-*|
|teampreview
|inactive|Battle timer is ON: inactive players will automatically lose when time's up. (requested by MRH1106)
|
|t:|1658901713
|start
|switch|p1a: Arceus|Arceus-Grass|100/100
|switch|p2a: Legit god|Arceus-Ground|100/100
|turn|1
|
|t:|1658901728
|move|p2a: Legit god|Ice Beam|p1a: Arceus
|-supereffective|p1a: Arceus
|-damage|p1a: Arceus|65/100
|-status|p1a: Arceus|frz
|cant|p1a: Arceus|frz
|
|upkeep
|turn|2
|
|t:|1658901735
|move|p2a: Legit god|Ice Beam|p1a: Arceus
|-supereffective|p1a: Arceus
|-damage|p1a: Arceus|29/100 frz
|cant|p1a: Arceus|frz
|
|upkeep
|turn|3
|
|t:|1658901740
|cant|p1a: Arceus|frz
|move|p2a: Legit god|Ice Beam|p1a: Arceus
|-supereffective|p1a: Arceus
|-damage|p1a: Arceus|0 fnt
|faint|p1a: Arceus
|
|upkeep
|
|t:|1658901747
|switch|p1a: Kyogre|Kyogre|100/100
|-weather|RainDance|[from] ability: Drizzle|[of] p1a: Kyogre
|turn|4
|inactive|MRH1106 has 120 seconds left.
|
|t:|1658901781
|move|p1a: Kyogre|Water Spout|p2a: Legit god
|-supereffective|p2a: Legit god
|-damage|p2a: Legit god|0 fnt
|faint|p2a: Legit god
|
|-weather|RainDance|[upkeep]
|upkeep
|
|t:|1658901783
|switch|p2a: Rayyyy|Rayquaza|100/100
|-ability|p2a: Rayyyy|Air Lock
|turn|5
|
|t:|1658901797
|detailschange|p2a: Rayyyy|Rayquaza-Mega
|-mega|p2a: Rayyyy|Rayquaza|
|-weather|DeltaStream|[from] ability: Delta Stream|[of] p2a: Rayyyy
|-start|p1a: Kyogre|Dynamax|
|-heal|p1a: Kyogre|100/100|[silent]
|move|p2a: Rayyyy|Dragon Dance|p2a: Rayyyy
|-boost|p2a: Rayyyy|atk|1
|-boost|p2a: Rayyyy|spe|1
|move|p1a: Kyogre|Max Hailstorm|p2a: Rayyyy
|-activate||deltastream
|-supereffective|p2a: Rayyyy
|-damage|p2a: Rayyyy|1/100
|
|-weather|DeltaStream|[upkeep]
|upkeep
|turn|6
|
|t:|1658901807
|move|p2a: Rayyyy|Dragon Ascent|p1a: Kyogre
|-crit|p1a: Kyogre
|-damage|p1a: Kyogre|0 fnt
|-unboost|p2a: Rayyyy|def|1
|-unboost|p2a: Rayyyy|spd|1
|faint|p1a: Kyogre
|
|-weather|DeltaStream|[upkeep]
|upkeep
|
|t:|1658901811
|switch|p1a: Marshadow|Marshadow|100/100
|turn|7
|j| G5R
|
|t:|1658901832
|-weather|none
|switch|p2a: Knifepuppy|Zacian-Crowned|100/100
|-ability|p2a: Knifepuppy|Intrepid Sword|boost
|-boost|p2a: Knifepuppy|atk|1
|move|p1a: Marshadow|Shadow Sneak|p2a: Knifepuppy
|-damage|p2a: Knifepuppy|70/100
|
|upkeep
|turn|8
|
|t:|1658901855
|move|p2a: Knifepuppy|Behemoth Blade|p1a: Marshadow
|-damage|p1a: Marshadow|0 fnt
|faint|p1a: Marshadow
|
|upkeep
|
|t:|1658901857
|switch|p1a: Calyrex|Calyrex-Shadow|100/100
|-ability|p1a: Calyrex|As One
|-ability|p1a: Calyrex|Unnerve
|turn|9
|
|t:|1658901876
|move|p1a: Calyrex|Substitute|p1a: Calyrex
|-start|p1a: Calyrex|Substitute
|-damage|p1a: Calyrex|76/100
|move|p2a: Knifepuppy|Crunch|p1a: Calyrex
|-supereffective|p1a: Calyrex
|-end|p1a: Calyrex|Substitute
|
|-heal|p1a: Calyrex|82/100|[from] item: Leftovers
|upkeep
|turn|10
|
|t:|1658901893
|move|p1a: Calyrex|Astral Barrage|p2a: Knifepuppy
|-damage|p2a: Knifepuppy|3/100
|move|p2a: Knifepuppy|Crunch|p1a: Calyrex
|-supereffective|p1a: Calyrex
|-damage|p1a: Calyrex|0 fnt
|faint|p1a: Calyrex
|
|upkeep
|
|t:|1658901897
|switch|p1a: Rayquaza|Rayquaza|100/100
|-ability|p1a: Rayquaza|Air Lock
|turn|11
|
|t:|1658901920
|detailschange|p1a: Rayquaza|Rayquaza-Mega
|-mega|p1a: Rayquaza|Rayquaza|
|-weather|DeltaStream|[from] ability: Delta Stream|[of] p1a: Rayquaza
|move|p1a: Rayquaza|Extreme Speed|p2a: Knifepuppy
|-resisted|p2a: Knifepuppy
|-damage|p2a: Knifepuppy|0 fnt
|faint|p2a: Knifepuppy
|-damage|p1a: Rayquaza|91/100|[from] item: Life Orb
|
|-weather|DeltaStream|[upkeep]
|upkeep
|
|t:|1658901927
|switch|p2a: YeeHaw~|Calyrex-Shadow|100/100
|-ability|p2a: YeeHaw~|As One
|-ability|p2a: YeeHaw~|Unnerve
|turn|12
|
|t:|1658901931
|move|p2a: YeeHaw~|Astral Barrage|p1a: Rayquaza
|-damage|p1a: Rayquaza|23/100
|move|p1a: Rayquaza|Scale Shot|p2a: YeeHaw~
|-damage|p2a: YeeHaw~|72/100
|-damage|p2a: YeeHaw~|40/100
|-damage|p2a: YeeHaw~|11/100
|-hitcount|p2a: YeeHaw~|3
|-unboost|p1a: Rayquaza|def|1
|-boost|p1a: Rayquaza|spe|1
|-damage|p1a: Rayquaza|13/100|[from] item: Life Orb
|
|-weather|DeltaStream|[upkeep]
|upkeep
|turn|13
|j| Tomotaco69
|
|t:|1658901948
|move|p1a: Rayquaza|Scale Shot|p2a: YeeHaw~
|-damage|p2a: YeeHaw~|0 fnt
|faint|p2a: YeeHaw~
|-hitcount|p2: YeeHaw~|1
|-unboost|p1a: Rayquaza|def|1
|-boost|p1a: Rayquaza|spe|1
|-damage|p1a: Rayquaza|3/100|[from] item: Life Orb
|
|-weather|DeltaStream|[upkeep]
|upkeep
|
|t:|1658901954
|switch|p2a: Fuck you <3|Ditto, shiny|100/100
|-transform|p2a: Fuck you <3|p1a: Rayquaza|[from] ability: Imposter
|turn|14
|
|t:|1658901960
|move|p2a: Fuck you <3|Extreme Speed|p1a: Rayquaza
|-damage|p1a: Rayquaza|0 fnt
|faint|p1a: Rayquaza
|
|-weather|DeltaStream|[upkeep]
|upkeep
|
|t:|1658901962
|switch|p1a: Yveltal|Yveltal|100/100
|-ability|p1a: Yveltal|Dark Aura
|turn|15
|
|t:|1658901980
|move|p2a: Fuck you <3|Extreme Speed|p1a: Yveltal
|-damage|p1a: Yveltal|67/100
|move|p1a: Yveltal|Oblivion Wing|p2a: Fuck you <3
|-damage|p2a: Fuck you <3|32/100
|-heal|p1a: Yveltal|100/100|[from] drain|[of] p2a: Fuck you <3
|-damage|p1a: Yveltal|91/100|[from] item: Life Orb
|
|-weather|DeltaStream|[upkeep]
|upkeep
|turn|16
|
|t:|1658901985
|move|p2a: Fuck you <3|Extreme Speed|p1a: Yveltal
|-damage|p1a: Yveltal|56/100
|move|p1a: Yveltal|Oblivion Wing|p2a: Fuck you <3
|-damage|p2a: Fuck you <3|0 fnt
|-heal|p1a: Yveltal|74/100|[from] drain|[of] p2a: Fuck you <3
|faint|p2a: Fuck you <3
|-weather|none
|-damage|p1a: Yveltal|64/100|[from] item: Life Orb
|
|upkeep
|
|t:|1658901993
|switch|p2a: Rayyyy|Rayquaza-Mega|1/100
|-weather|DeltaStream|[from] ability: Delta Stream|[of] p2a: Rayyyy
|turn|17
|c|☆aselia the eternal|only 4 this hax
|
|t:|1658902001
|move|p2a: Rayyyy|Dragon Ascent|p1a: Yveltal
|-damage|p1a: Yveltal|0 fnt
|-unboost|p2a: Rayyyy|def|1
|-unboost|p2a: Rayyyy|spd|1
|faint|p1a: Yveltal
|
|win|MRH1106
|raw|aselia the eternal's rating: 1797 &rarr; <strong>1774</strong><br />(-23 for losing)
|raw|MRH1106's rating: 1746 &rarr; <strong>1769</strong><br />(+23 for winning)
|l| G5R
|l|☆aselia the eternal
