|j|☆Lazy#4341 on cord
|j|☆Defensive0
|t:|1667893491
|gametype|singles
|player|p1|Lazy#4341 on cord|interviewers|1752
|player|p2|Defensive0|riley|1994
|teamsize|p1|6
|teamsize|p2|6
|gen|8
|tier|[Gen 8] National Dex AG
|rated|
|rule|HP Percentage Mod: HP is shown in percentages
|rule|Endless Battle Clause: Forcing endless battles is banned
|clearpoke
|poke|p1|Necrozma-Dusk-Mane|
|poke|p1|Zygarde|
|poke|p1|Yveltal|
|poke|p1|Arceus-*|
|poke|p1|Calyrex-Shadow|
|poke|p1|Arceus-*|
|poke|p2|Kyogre|
|poke|p2|Ditto|
|poke|p2|Xerneas-*|
|poke|p2|Arceus-*|
|poke|p2|Arceus-*|
|poke|p2|Necrozma-Dusk-Mane|
|teampreview
|inactive|Battle timer is ON: inactive players will automatically lose when time's up. (requested by Defensive0)
|
|t:|1667893505
|start
|switch|p1a: Voltron|Zygarde|100/100
|switch|p2a: Necrozma|Necrozma-Dusk-Mane|100/100
|turn|1
|
|t:|1667893508
|move|p1a: Voltron|Glare|p2a: Necrozma
|-status|p2a: Necrozma|par
|move|p2a: Necrozma|Stealth Rock|p1a: Voltron
|-sidestart|p1: Lazy#4341 on cord|move: Stealth Rock
|
|upkeep
|turn|2
|
|t:|1667893513
|switch|p2a: Kyogre|Kyogre|100/100
|detailschange|p2a: Kyogre|Kyogre-Primal
|-primal|p2a: Kyogre
|-weather|PrimordialSea|[from] ability: Primordial Sea|[of] p2a: Kyogre
|move|p1a: Voltron|Coil|p1a: Voltron
|-boost|p1a: Voltron|atk|1
|-boost|p1a: Voltron|def|1
|-boost|p1a: Voltron|accuracy|1
|
|-weather|PrimordialSea|[upkeep]
|upkeep
|turn|3
|
|t:|1667893519
|switch|p1a: Wendy|Arceus-Fairy|100/100
|-damage|p1a: Wendy|88/100|[from] Stealth Rock
|move|p2a: Kyogre|Ice Beam|p1a: Wendy
|-damage|p1a: Wendy|66/100
|
|-weather|PrimordialSea|[upkeep]
|upkeep
|turn|4
|
|t:|1667893523
|move|p1a: Wendy|Thunder Wave|p2a: Kyogre
|-status|p2a: Kyogre|par
|move|p2a: Kyogre|Water Spout|p1a: Wendy
|-damage|p1a: Wendy|0 fnt
|faint|p1a: Wendy
|
|-weather|PrimordialSea|[upkeep]
|upkeep
|
|t:|1667893528
|switch|p1a: Christ|Arceus|100/100
|-damage|p1a: Christ|88/100|[from] Stealth Rock
|turn|5
|
|t:|1667893531
|move|p1a: Christ|Swords Dance|p1a: Christ
|-boost|p1a: Christ|atk|2
|move|p2a: Kyogre|Water Spout|p1a: Christ
|-damage|p1a: Christ|0 fnt
|faint|p1a: Christ
|
|-weather|PrimordialSea|[upkeep]
|upkeep
|
|t:|1667893535
|switch|p1a: Johnny Blaze|Calyrex-Shadow|100/100
|-ability|p1a: Johnny Blaze|As One
|-ability|p1a: Johnny Blaze|Unnerve
|-damage|p1a: Johnny Blaze|88/100|[from] Stealth Rock
|turn|6
|
|t:|1667893539
|-weather|none
|switch|p2a: Arceus|Arceus|100/100
|move|p1a: Johnny Blaze|Astral Barrage|p2a: Arceus
|-immune|p2a: Arceus
|
|upkeep
|turn|7
|
|t:|1667893542
|move|p1a: Johnny Blaze|Nasty Plot|p1a: Johnny Blaze
|-boost|p1a: Johnny Blaze|spa|2
|move|p2a: Arceus|Swords Dance|p2a: Arceus
|-boost|p2a: Arceus|atk|2
|
|upkeep
|turn|8
|
|t:|1667893545
|move|p1a: Johnny Blaze|Baton Pass|p1a: Johnny Blaze
|
|t:|1667893547
|switch|p1a: Acnologia|Yveltal, shiny|100/100|[from]move: Baton Pass
|-damage|p1a: Acnologia|76/100|[from] Stealth Rock
|-ability|p1a: Acnologia|Dark Aura
|move|p2a: Arceus|Shadow Claw|p1a: Acnologia
|-resisted|p1a: Acnologia
|-damage|p1a: Acnologia|52/100
|
|upkeep
|turn|9
|
|t:|1667893550
|-start|p1a: Acnologia|Dynamax|
|-heal|p1a: Acnologia|52/100|[silent]
|move|p2a: Arceus|Extreme Speed|p1a: Acnologia
|-damage|p1a: Acnologia|16/100
|move|p1a: Acnologia|Max Airstream|p2a: Arceus
|-damage|p2a: Arceus|0 fnt
|-boost|p1a: Acnologia|spe|1
|faint|p2a: Arceus
|-damage|p1a: Acnologia|11/100|[from] item: Life Orb
|
|upkeep
|
|t:|1667893552
|switch|p2a: Ditto|Ditto, shiny|100/100
|-transform|p2a: Ditto|p1a: Acnologia|[from] ability: Imposter
|-ability|p2a: Ditto|Dark Aura
|turn|10
|
|t:|1667893555
|move|p2a: Ditto|Dark Pulse|p1a: Acnologia
|-resisted|p1a: Acnologia
|-damage|p1a: Acnologia|0 fnt
|faint|p1a: Acnologia
|
|upkeep
|
|t:|1667893557
|switch|p1a: Voltron|Zygarde|100/100
|-damage|p1a: Voltron|94/100|[from] Stealth Rock
|turn|11
|
|t:|1667893560
|-start|p2a: Ditto|Dynamax|
|-heal|p2a: Ditto|100/100|[silent]
|move|p2a: Ditto|Max Darkness|p1a: Voltron
|-damage|p1a: Voltron|0 fnt
|faint|p1a: Voltron
|
|upkeep
|-message|Lazy#4341 on cord forfeited.
|
|win|Defensive0
|raw|Lazy#4341 on cord's rating: 1752 &rarr; <strong>1744</strong><br />(-8 for losing)
|raw|Defensive0's rating: 1994 &rarr; <strong>2002</strong><br />(+8 for winning)
|l|☆Lazy#4341 on cord
