|j|☆Gilly6920
|j|‽Chrisbensoo
|t:|1667259451
|gametype|singles
|player|p1|Gilly6920|wattson|1444
|player|p2|Chrisbensoo|2|1577
|teamsize|p1|6
|teamsize|p2|6
|gen|8
|tier|[Gen 8] National Dex AG
|rated|
|rule|HP Percentage Mod: HP is shown in percentages
|rule|Endless Battle Clause: Forcing endless battles is banned
|clearpoke
|poke|p1|Groudon|
|poke|p1|Dragapult, F|
|poke|p1|Rillaboom, F|
|poke|p1|Tyranitar, F|
|poke|p1|Excadrill, F|
|poke|p1|Zacian-*|
|poke|p2|Magearna|
|poke|p2|Calyrex-Shadow|
|poke|p2|Arceus-*|
|poke|p2|Ho-Oh|
|poke|p2|Tyranitar, F|
|poke|p2|Necrozma-Dusk-Mane|
|teampreview
|inactive|Battle timer is ON: inactive players will automatically lose when time's up. (requested by Chrisbensoo)
|inactive|Gilly6920 also wants the timer to be on.
|
|t:|1667259455
|start
|switch|p1a: Groudon|Groudon, shiny|100/100
|switch|p2a: Arceus|Arceus-Ground|100/100
|-weather|SunnyDay|[from] ability: Drought|[of] p1a: Groudon
|turn|1
|
|t:|1667259462
|move|p2a: Arceus|Judgment|p1a: Groudon
|-damage|p1a: Groudon|53/100
|move|p1a: Groudon|Bulk Up|p1a: Groudon
|-boost|p1a: Groudon|atk|1
|-boost|p1a: Groudon|def|1
|
|-weather|SunnyDay|[upkeep]
|-heal|p1a: Groudon|59/100|[from] item: Leftovers
|upkeep
|turn|2
|
|t:|1667259467
|move|p2a: Arceus|Judgment|p1a: Groudon
|-damage|p1a: Groudon|14/100
|move|p1a: Groudon|Fire Punch|p2a: Arceus
|-damage|p2a: Arceus|72/100
|
|-weather|SunnyDay|[upkeep]
|-heal|p1a: Groudon|20/100|[from] item: Leftovers
|upkeep
|turn|3
|
|t:|1667259473
|move|p2a: Arceus|Judgment|p1a: Groudon
|-damage|p1a: Groudon|0 fnt
|faint|p1a: Groudon
|
|-weather|SunnyDay|[upkeep]
|upkeep
|
|t:|1667259476
|switch|p1a: Rillaboom|Rillaboom, F, shiny|100/100
|-fieldstart|move: Grassy Terrain|[from] ability: Grassy Surge|[of] p1a: Rillaboom
|-enditem|p1a: Rillaboom|Grassy Seed
|-boost|p1a: Rillaboom|def|1|[from] item: Grassy Seed
|turn|4
|
|t:|1667259478
|switch|p2a: Ho-Oh|Ho-Oh|100/100
|move|p1a: Rillaboom|Grassy Glide|p2a: Ho-Oh
|-resisted|p2a: Ho-Oh
|-damage|p2a: Ho-Oh|93/100
|
|-weather|SunnyDay|[upkeep]
|upkeep
|turn|5
|
|t:|1667259481
|switch|p1a: Tyranitar|Tyranitar, F, shiny|100/100
|-weather|Sandstorm|[from] ability: Sand Stream|[of] p1a: Tyranitar
|move|p2a: Ho-Oh|Sacred Fire|p1a: Tyranitar
|-resisted|p1a: Tyranitar
|-damage|p1a: Tyranitar|86/100
|
|-weather|Sandstorm|[upkeep]
|-damage|p2a: Ho-Oh|87/100|[from] Sandstorm
|-heal|p1a: Tyranitar|92/100|[from] Grassy Terrain
|upkeep
|turn|6
|
|t:|1667259483
|switch|p2a: Tyranitar|Tyranitar, F, shiny|100/100
|move|p1a: Tyranitar|Rock Slide|p2a: Tyranitar
|-damage|p2a: Tyranitar|76/100
|
|-weather|Sandstorm|[upkeep]
|-heal|p2a: Tyranitar|83/100|[from] Grassy Terrain
|-heal|p2a: Tyranitar|89/100|[from] item: Leftovers
|-heal|p1a: Tyranitar|98/100|[from] Grassy Terrain
|upkeep
|turn|7
|
|t:|1667259489
|switch|p1a: Dragapult|Dragapult, F|100/100
|move|p2a: Tyranitar|Stealth Rock|p1a: Dragapult
|-sidestart|p1: Gilly6920|move: Stealth Rock
|
|-weather|Sandstorm|[upkeep]
|-damage|p1a: Dragapult|95/100|[from] Sandstorm
|-heal|p1a: Dragapult|100/100|[from] Grassy Terrain
|-heal|p2a: Tyranitar|95/100|[from] Grassy Terrain
|-heal|p2a: Tyranitar|100/100|[from] item: Leftovers
|upkeep
|turn|8
|
|t:|1667259494
|move|p1a: Dragapult|Will-O-Wisp|p2a: Tyranitar
|-status|p2a: Tyranitar|brn
|move|p2a: Tyranitar|Roar|p1a: Dragapult
|drag|p1a: Rillaboom|Rillaboom, F, shiny|100/100
|-damage|p1a: Rillaboom|88/100|[from] Stealth Rock
|
|-weather|Sandstorm|[upkeep]
|-damage|p1a: Rillaboom|82/100|[from] Sandstorm
|-heal|p1a: Rillaboom|88/100|[from] Grassy Terrain
|-damage|p2a: Tyranitar|94/100 brn|[from] brn
|-fieldend|move: Grassy Terrain
|upkeep
|turn|9
|
|t:|1667259501
|switch|p2a: Ho-Oh|Ho-Oh|100/100
|move|p1a: Rillaboom|Bulk Up|p1a: Rillaboom
|-boost|p1a: Rillaboom|atk|1
|-boost|p1a: Rillaboom|def|1
|
|-weather|none
|upkeep
|turn|10
|
|t:|1667259508
|switch|p1a: Tyranitar|Tyranitar, F, shiny|98/100
|-damage|p1a: Tyranitar|86/100|[from] Stealth Rock
|-weather|Sandstorm|[from] ability: Sand Stream|[of] p1a: Tyranitar
|move|p2a: Ho-Oh|Sacred Fire|p1a: Tyranitar
|-resisted|p1a: Tyranitar
|-damage|p1a: Tyranitar|72/100
|-status|p1a: Tyranitar|brn
|
|-weather|Sandstorm|[upkeep]
|-damage|p2a: Ho-Oh|94/100|[from] Sandstorm
|-damage|p1a: Tyranitar|66/100 brn|[from] brn
|upkeep
|turn|11
|
|t:|1667259514
|switch|p2a: Tyranitar|Tyranitar, F, shiny|94/100 brn
|move|p1a: Tyranitar|Curse|p1a: Tyranitar
|-unboost|p1a: Tyranitar|spe|1
|-boost|p1a: Tyranitar|atk|1
|-boost|p1a: Tyranitar|def|1
|
|-weather|Sandstorm|[upkeep]
|-heal|p2a: Tyranitar|100/100 brn|[from] item: Leftovers
|-damage|p2a: Tyranitar|94/100 brn|[from] brn
|-damage|p1a: Tyranitar|60/100 brn|[from] brn
|upkeep
|turn|12
|
|t:|1667259517
|move|p1a: Tyranitar|Curse|p1a: Tyranitar
|-unboost|p1a: Tyranitar|spe|1
|-boost|p1a: Tyranitar|atk|1
|-boost|p1a: Tyranitar|def|1
|move|p2a: Tyranitar|Roar|p1a: Tyranitar
|drag|p1a: Zacian|Zacian-Crowned, shiny|100/100
|-damage|p1a: Zacian|94/100|[from] Stealth Rock
|-ability|p1a: Zacian|Intrepid Sword|boost
|-boost|p1a: Zacian|atk|1
|
|-weather|Sandstorm|[upkeep]
|-heal|p2a: Tyranitar|100/100 brn|[from] item: Leftovers
|-damage|p2a: Tyranitar|94/100 brn|[from] brn
|upkeep
|turn|13
|
|t:|1667259523
|switch|p2a: Ho-Oh|Ho-Oh|100/100
|move|p1a: Zacian|Play Rough|p2a: Ho-Oh
|-resisted|p2a: Ho-Oh
|-damage|p2a: Ho-Oh|73/100
|
|-weather|Sandstorm|[upkeep]
|-damage|p2a: Ho-Oh|67/100|[from] Sandstorm
|upkeep
|turn|14
|
|t:|1667259525
|move|p1a: Zacian|Wild Charge|p2a: Ho-Oh
|-supereffective|p2a: Ho-Oh
|-damage|p2a: Ho-Oh|0 fnt
|faint|p2a: Ho-Oh
|-damage|p1a: Zacian|73/100|[from] Recoil
|
|-weather|none
|upkeep
|
|t:|1667259527
|switch|p2a: Calyrex|Calyrex-Shadow|100/100
|-ability|p2a: Calyrex|As One
|-ability|p2a: Calyrex|Unnerve
|turn|15
|
|t:|1667259537
|switch|p1a: Tyranitar|Tyranitar, F, shiny|60/100 brn
|-damage|p1a: Tyranitar|48/100 brn|[from] Stealth Rock
|-weather|Sandstorm|[from] ability: Sand Stream|[of] p1a: Tyranitar
|move|p2a: Calyrex|Astral Barrage|p1a: Tyranitar
|-resisted|p1a: Tyranitar
|-damage|p1a: Tyranitar|17/100 brn
|
|-weather|Sandstorm|[upkeep]
|-damage|p2a: Calyrex|94/100|[from] Sandstorm
|-damage|p1a: Tyranitar|11/100 brn|[from] brn
|upkeep
|turn|16
|
|t:|1667259539
|move|p2a: Calyrex|Astral Barrage|p1a: Tyranitar
|-resisted|p1a: Tyranitar
|-damage|p1a: Tyranitar|0 fnt
|faint|p1a: Tyranitar
|-ability|p2a: Calyrex|Grim Neigh|boost
|-boost|p2a: Calyrex|spa|1
|
|-weather|Sandstorm|[upkeep]
|-damage|p2a: Calyrex|88/100|[from] Sandstorm
|upkeep
|-message|Gilly6920 forfeited.
|
|win|Chrisbensoo
|raw|Gilly6920's rating: 1444 &rarr; <strong>1432</strong><br />(-12 for losing)
|raw|Chrisbensoo's rating: 1597 &rarr; <strong>1609</strong><br />(+12 for winning)
|l|☆Gilly6920
||Ladder isn't responding, score probably updated but might not have (Request timeout).
