|j|☆kerrozxl-
|j|☆lemoncell0
|t:|1662423014
|gametype|singles
|player|p1|kerrozxl-|unknownf|1869
|player|p2|lemoncell0|allister|1955
|teamsize|p1|6
|teamsize|p2|6
|gen|8
|tier|[Gen 8] National Dex AG
|rated|
|rule|HP Percentage Mod: HP is shown in percentages
|rule|Endless Battle Clause: Forcing endless battles is banned
|clearpoke
|poke|p1|Rayquaza|
|poke|p1|Groudon|
|poke|p1|Necrozma-Dusk-Mane|
|poke|p1|Marshadow|
|poke|p1|Yveltal|
|poke|p1|Xerneas-*|
|poke|p2|Tyranitar, M|
|poke|p2|Ditto|
|poke|p2|Latias, F|
|poke|p2|Gothitelle, F|
|poke|p2|Quagsire, F|
|poke|p2|Zacian-*|
|teampreview
|inactive|Battle timer is ON: inactive players will automatically lose when time's up. (requested by lemoncell0)
|
|t:|1662423022
|start
|switch|p1a: smeargle&lugiahate|Rayquaza, shiny|100/100
|switch|p2a: Zacian|Zacian-Crowned|100/100
|-ability|p2a: Zacian|Intrepid Sword|boost
|-boost|p2a: Zacian|atk|1
|-ability|p1a: smeargle&lugiahate|Air Lock
|turn|1
|
|t:|1662423024
|switch|p1a: Zacian-Crown3d|Groudon|100/100
|detailschange|p1a: Zacian-Crown3d|Groudon-Primal
|-primal|p1a: Zacian-Crown3d
|-weather|DesolateLand|[from] ability: Desolate Land|[of] p1a: Zacian-Crown3d
|move|p2a: Zacian|Behemoth Blade|p1a: Zacian-Crown3d
|-resisted|p1a: Zacian-Crown3d
|-damage|p1a: Zacian-Crown3d|74/100
|
|-weather|DesolateLand|[upkeep]
|upkeep
|turn|2
|
|t:|1662423025
|switch|p2a: Latias|Latias, F|100/100
|move|p1a: Zacian-Crown3d|Overheat|p2a: Latias
|-resisted|p2a: Latias
|-damage|p2a: Latias|73/100
|-unboost|p1a: Zacian-Crown3d|spa|2
|
|-weather|DesolateLand|[upkeep]
|upkeep
|turn|3
|
|t:|1662423028
|detailschange|p2a: Latias|Latias-Mega, F
|-mega|p2a: Latias|Latias|Latiasite
|move|p2a: Latias|Toxic|p1a: Zacian-Crown3d
|-status|p1a: Zacian-Crown3d|tox
|move|p1a: Zacian-Crown3d|Stealth Rock|p2a: Latias
|-sidestart|p2: lemoncell0|move: Stealth Rock
|
|-weather|DesolateLand|[upkeep]
|-damage|p1a: Zacian-Crown3d|68/100 tox|[from] psn
|upkeep
|turn|4
|
|t:|1662423030
|-weather|none
|switch|p1a: smeargle&lugiahate|Rayquaza, shiny|100/100
|-ability|p1a: smeargle&lugiahate|Air Lock
|move|p2a: Latias|Defog|p1a: smeargle&lugiahate
|-unboost|p1a: smeargle&lugiahate|evasion|1
|-sideend|p2: lemoncell0|Stealth Rock|[from] move: Defog|[of] p2a: Latias
|
|upkeep
|turn|5
|j|+Dragonillis
|
|t:|1662423035
|switch|p2a: Quagsire|Quagsire, F|100/100
|detailschange|p1a: smeargle&lugiahate|Rayquaza-Mega, shiny
|-mega|p1a: smeargle&lugiahate|Rayquaza|
|-weather|DeltaStream|[from] ability: Delta Stream|[of] p1a: smeargle&lugiahate
|move|p1a: smeargle&lugiahate|Dragon Ascent|p2a: Quagsire
|-damage|p2a: Quagsire|10/100
|-unboost|p1a: smeargle&lugiahate|def|1
|-unboost|p1a: smeargle&lugiahate|spd|1
|-damage|p1a: smeargle&lugiahate|84/100|[from] item: Rocky Helmet|[of] p2a: Quagsire
|
|-weather|DeltaStream|[upkeep]
|upkeep
|turn|6
|
|t:|1662423042
|move|p1a: smeargle&lugiahate|Dragon Ascent|p2a: Quagsire
|-damage|p2a: Quagsire|0 fnt
|-unboost|p1a: smeargle&lugiahate|def|1
|-unboost|p1a: smeargle&lugiahate|spd|1
|-damage|p1a: smeargle&lugiahate|67/100|[from] item: Rocky Helmet|[of] p2a: Quagsire
|faint|p2a: Quagsire
|
|-weather|DeltaStream|[upkeep]
|upkeep
|
|t:|1662423044
|switch|p2a: Zacian|Zacian-Crowned|100/100
|-ability|p2a: Zacian|Intrepid Sword|boost
|-boost|p2a: Zacian|atk|1
|turn|7
|
|t:|1662423045
|-weather|none
|switch|p1a: Zacian-Crown3d|Groudon-Primal|68/100 tox
|-weather|DesolateLand|[from] ability: Desolate Land|[of] p1a: Zacian-Crown3d
|move|p2a: Zacian|Behemoth Blade|p1a: Zacian-Crown3d
|-resisted|p1a: Zacian-Crown3d
|-damage|p1a: Zacian-Crown3d|39/100 tox
|
|-weather|DesolateLand|[upkeep]
|-damage|p1a: Zacian-Crown3d|32/100 tox|[from] psn
|upkeep
|turn|8
|
|t:|1662423047
|move|p2a: Zacian|Close Combat|p1a: Zacian-Crown3d
|-crit|p1a: Zacian-Crown3d
|-damage|p1a: Zacian-Crown3d|0 fnt
|-unboost|p2a: Zacian|def|1
|-unboost|p2a: Zacian|spd|1
|faint|p1a: Zacian-Crown3d
|-weather|none
|
|upkeep
|
|t:|1662423055
|switch|p1a: Aint no way|Necrozma-Dusk-Mane|100/100
|turn|9
|j| IDOLive
|
|t:|1662423061
|switch|p2a: Gothitelle|Gothitelle, F|100/100
|move|p1a: Aint no way|Dragon Dance|p1a: Aint no way
|-boost|p1a: Aint no way|atk|1
|-boost|p1a: Aint no way|spe|1
|
|upkeep
|turn|10
|
|t:|1662423065
|move|p1a: Aint no way|Earthquake|p2a: Gothitelle
|-damage|p2a: Gothitelle|44/100
|move|p2a: Gothitelle|Charm|p1a: Aint no way
|-unboost|p1a: Aint no way|atk|2
|
|-heal|p2a: Gothitelle|50/100|[from] item: Leftovers
|upkeep
|turn|11
|
|t:|1662423067
|move|p1a: Aint no way|Earthquake|p2a: Gothitelle
|-damage|p2a: Gothitelle|24/100
|move|p2a: Gothitelle|Charm|p1a: Aint no way
|-unboost|p1a: Aint no way|atk|2
|
|-heal|p2a: Gothitelle|30/100|[from] item: Leftovers
|upkeep
|turn|12
|
|t:|1662423070
|move|p1a: Aint no way|Earthquake|p2a: Gothitelle
|-damage|p2a: Gothitelle|16/100
|move|p2a: Gothitelle|Charm|p1a: Aint no way
|-unboost|p1a: Aint no way|atk|2
|
|-heal|p2a: Gothitelle|22/100|[from] item: Leftovers
|upkeep
|turn|13
|
|t:|1662423072
|move|p1a: Aint no way|Earthquake|p2a: Gothitelle
|-damage|p2a: Gothitelle|13/100
|move|p2a: Gothitelle|Rest|p2a: Gothitelle
|-status|p2a: Gothitelle|slp|[from] move: Rest
|-heal|p2a: Gothitelle|100/100 slp|[silent]
|
|upkeep
|turn|14
|
|t:|1662423074
|move|p1a: Aint no way|Dragon Dance|p1a: Aint no way
|-boost|p1a: Aint no way|atk|1
|-boost|p1a: Aint no way|spe|1
|cant|p2a: Gothitelle|slp
|
|upkeep
|turn|15
|
|t:|1662423075
|move|p1a: Aint no way|Dragon Dance|p1a: Aint no way
|-boost|p1a: Aint no way|atk|1
|-boost|p1a: Aint no way|spe|1
|cant|p2a: Gothitelle|slp
|
|upkeep
|turn|16
|
|t:|1662423077
|move|p1a: Aint no way|Dragon Dance|p1a: Aint no way
|-boost|p1a: Aint no way|atk|1
|-boost|p1a: Aint no way|spe|1
|-curestatus|p2a: Gothitelle|slp|[msg]
|move|p2a: Gothitelle|Charm|p1a: Aint no way
|-unboost|p1a: Aint no way|atk|2
|
|upkeep
|turn|17
|
|t:|1662423078
|move|p1a: Aint no way|Dragon Dance|p1a: Aint no way
|-boost|p1a: Aint no way|atk|1
|-boost|p1a: Aint no way|spe|1
|move|p2a: Gothitelle|Charm|p1a: Aint no way
|-unboost|p1a: Aint no way|atk|2
|
|upkeep
|turn|18
|
|t:|1662423079
|move|p1a: Aint no way|Dragon Dance|p1a: Aint no way
|-boost|p1a: Aint no way|atk|1
|-boost|p1a: Aint no way|spe|1
|move|p2a: Gothitelle|Taunt|p1a: Aint no way
|-start|p1a: Aint no way|move: Taunt
|
|upkeep
|turn|19
|
|t:|1662423084
|move|p1a: Aint no way|Photon Geyser|p2a: Gothitelle
|-resisted|p2a: Gothitelle
|-damage|p2a: Gothitelle|85/100
|move|p2a: Gothitelle|Cosmic Power|p2a: Gothitelle
|-boost|p2a: Gothitelle|def|1
|-boost|p2a: Gothitelle|spd|1
|
|-heal|p2a: Gothitelle|91/100|[from] item: Leftovers
|upkeep
|turn|20
|j| Eteracian
|
|t:|1662423090
|move|p1a: Aint no way|Photon Geyser|p2a: Gothitelle
|-resisted|p2a: Gothitelle
|-damage|p2a: Gothitelle|79/100
|move|p2a: Gothitelle|Charm|p1a: Aint no way
|-unboost|p1a: Aint no way|atk|2
|
|-heal|p2a: Gothitelle|85/100|[from] item: Leftovers
|upkeep
|turn|21
|
|t:|1662423092
|move|p1a: Aint no way|Photon Geyser|p2a: Gothitelle
|-resisted|p2a: Gothitelle
|-damage|p2a: Gothitelle|75/100
|move|p2a: Gothitelle|Cosmic Power|p2a: Gothitelle
|-boost|p2a: Gothitelle|def|1
|-boost|p2a: Gothitelle|spd|1
|
|-heal|p2a: Gothitelle|81/100|[from] item: Leftovers
|-end|p1a: Aint no way|move: Taunt
|upkeep
|turn|22
|
|t:|1662423094
|move|p1a: Aint no way|Earthquake|p2a: Gothitelle
|-damage|p2a: Gothitelle|76/100
|move|p2a: Gothitelle|Taunt|p1a: Aint no way
|-start|p1a: Aint no way|move: Taunt
|
|-heal|p2a: Gothitelle|82/100|[from] item: Leftovers
|upkeep
|turn|23
|
|t:|1662423096
|move|p1a: Aint no way|Stone Edge|p2a: Gothitelle
|-crit|p2a: Gothitelle
|-damage|p2a: Gothitelle|29/100
|move|p2a: Gothitelle|Cosmic Power|p2a: Gothitelle
|-boost|p2a: Gothitelle|def|1
|-boost|p2a: Gothitelle|spd|1
|
|-heal|p2a: Gothitelle|35/100|[from] item: Leftovers
|upkeep
|turn|24
|j| 0meltdown
|
|t:|1662423109
|move|p1a: Aint no way|Stone Edge|p2a: Gothitelle
|-damage|p2a: Gothitelle|31/100
|move|p2a: Gothitelle|Rest|p2a: Gothitelle
|-status|p2a: Gothitelle|slp|[from] move: Rest
|-heal|p2a: Gothitelle|100/100 slp|[silent]
|
|upkeep
|turn|25
|
|t:|1662423112
|move|p1a: Aint no way|Stone Edge|p2a: Gothitelle
|-damage|p2a: Gothitelle|97/100 slp
|cant|p2a: Gothitelle|slp
|
|-heal|p2a: Gothitelle|100/100 slp|[from] item: Leftovers
|-end|p1a: Aint no way|move: Taunt
|upkeep
|turn|26
|
|t:|1662423114
|move|p1a: Aint no way|Stone Edge|p2a: Gothitelle
|-damage|p2a: Gothitelle|96/100 slp
|cant|p2a: Gothitelle|slp
|
|-heal|p2a: Gothitelle|100/100 slp|[from] item: Leftovers
|upkeep
|turn|27
|
|t:|1662423116
|move|p1a: Aint no way|Stone Edge|p2a: Gothitelle
|-damage|p2a: Gothitelle|96/100 slp
|-curestatus|p2a: Gothitelle|slp|[msg]
|move|p2a: Gothitelle|Taunt|p1a: Aint no way
|-start|p1a: Aint no way|move: Taunt
|
|-heal|p2a: Gothitelle|100/100|[from] item: Leftovers
|upkeep
|turn|28
|
|t:|1662423118
|move|p1a: Aint no way|Stone Edge|p2a: Gothitelle
|-damage|p2a: Gothitelle|97/100
|move|p2a: Gothitelle|Cosmic Power|p2a: Gothitelle
|-boost|p2a: Gothitelle|def|1
|-boost|p2a: Gothitelle|spd|1
|
|-heal|p2a: Gothitelle|100/100|[from] item: Leftovers
|upkeep
|turn|29
|
|t:|1662423121
|move|p1a: Aint no way|Stone Edge|p2a: Gothitelle
|-damage|p2a: Gothitelle|97/100
|move|p2a: Gothitelle|Cosmic Power|p2a: Gothitelle
|-boost|p2a: Gothitelle|def|1
|-boost|p2a: Gothitelle|spd|1
|
|-heal|p2a: Gothitelle|100/100|[from] item: Leftovers
|upkeep
|turn|30
|
|t:|1662423123
|move|p1a: Aint no way|Stone Edge|p2a: Gothitelle
|-damage|p2a: Gothitelle|98/100
|move|p2a: Gothitelle|Cosmic Power|p2a: Gothitelle
|-boost|p2a: Gothitelle|def|1
|-boost|p2a: Gothitelle|spd|1
|
|-heal|p2a: Gothitelle|100/100|[from] item: Leftovers
|-end|p1a: Aint no way|move: Taunt
|upkeep
|turn|31
|
|t:|1662423125
|move|p1a: Aint no way|Earthquake|p2a: Gothitelle
|-damage|p2a: Gothitelle|98/100
|move|p2a: Gothitelle|Taunt|p1a: Aint no way
|-start|p1a: Aint no way|move: Taunt
|
|-heal|p2a: Gothitelle|100/100|[from] item: Leftovers
|upkeep
|turn|32
|
|t:|1662423131
|move|p1a: Aint no way|Earthquake|p2a: Gothitelle
|-damage|p2a: Gothitelle|98/100
|move|p2a: Gothitelle|Rest|p2a: Gothitelle
|-status|p2a: Gothitelle|slp|[from] move: Rest
|-heal|p2a: Gothitelle|100/100 slp|[silent]
|
|upkeep
|turn|33
|
|t:|1662423133
|move|p1a: Aint no way|Earthquake|p2a: Gothitelle
|-damage|p2a: Gothitelle|98/100 slp
|cant|p2a: Gothitelle|slp
|
|-heal|p2a: Gothitelle|100/100 slp|[from] item: Leftovers
|upkeep
|turn|34
|
|t:|1662423135
|move|p1a: Aint no way|Photon Geyser|p2a: Gothitelle
|-resisted|p2a: Gothitelle
|-damage|p2a: Gothitelle|96/100 slp
|cant|p2a: Gothitelle|slp
|
|-heal|p2a: Gothitelle|100/100 slp|[from] item: Leftovers
|-end|p1a: Aint no way|move: Taunt
|upkeep
|turn|35
|
|t:|1662423136
|move|p1a: Aint no way|Photon Geyser|p2a: Gothitelle
|-resisted|p2a: Gothitelle
|-damage|p2a: Gothitelle|96/100 slp
|-curestatus|p2a: Gothitelle|slp|[msg]
|move|p2a: Gothitelle|Taunt|p1a: Aint no way
|-start|p1a: Aint no way|move: Taunt
|
|-heal|p2a: Gothitelle|100/100|[from] item: Leftovers
|upkeep
|turn|36
|
|t:|1662423140
|move|p1a: Aint no way|Photon Geyser|p2a: Gothitelle
|-resisted|p2a: Gothitelle
|-damage|p2a: Gothitelle|96/100
|move|p2a: Gothitelle|Charm|p1a: Aint no way
|-unboost|p1a: Aint no way|atk|0
|
|-heal|p2a: Gothitelle|100/100|[from] item: Leftovers
|upkeep
|turn|37
|
|t:|1662423141
|move|p1a: Aint no way|Earthquake|p2a: Gothitelle
|-damage|p2a: Gothitelle|98/100
|move|p2a: Gothitelle|Cosmic Power|p2a: Gothitelle
|-boost|p2a: Gothitelle|def|0
|-boost|p2a: Gothitelle|spd|0
|
|-heal|p2a: Gothitelle|100/100|[from] item: Leftovers
|upkeep
|turn|38
|
|t:|1662423142
|move|p1a: Aint no way|Photon Geyser|p2a: Gothitelle
|-resisted|p2a: Gothitelle
|-crit|p2a: Gothitelle
|-damage|p2a: Gothitelle|75/100
|move|p2a: Gothitelle|Cosmic Power|p2a: Gothitelle
|-boost|p2a: Gothitelle|def|0
|-boost|p2a: Gothitelle|spd|0
|
|-heal|p2a: Gothitelle|82/100|[from] item: Leftovers
|-end|p1a: Aint no way|move: Taunt
|upkeep
|turn|39
|
|t:|1662423144
|move|p1a: Aint no way|Earthquake|p2a: Gothitelle
|-damage|p2a: Gothitelle|79/100
|move|p2a: Gothitelle|Taunt|p1a: Aint no way
|-start|p1a: Aint no way|move: Taunt
|
|-heal|p2a: Gothitelle|85/100|[from] item: Leftovers
|upkeep
|turn|40
|
|t:|1662423146
|move|p1a: Aint no way|Photon Geyser|p2a: Gothitelle
|-resisted|p2a: Gothitelle
|-damage|p2a: Gothitelle|81/100
|move|p2a: Gothitelle|Charm|p1a: Aint no way
|-unboost|p1a: Aint no way|atk|0
|
|-heal|p2a: Gothitelle|87/100|[from] item: Leftovers
|upkeep
|turn|41
|
|t:|1662423148
|move|p1a: Aint no way|Earthquake|p2a: Gothitelle
|-damage|p2a: Gothitelle|85/100
|move|p2a: Gothitelle|Cosmic Power|p2a: Gothitelle
|-boost|p2a: Gothitelle|def|0
|-boost|p2a: Gothitelle|spd|0
|
|-heal|p2a: Gothitelle|91/100|[from] item: Leftovers
|upkeep
|turn|42
|
|t:|1662423151
|move|p1a: Aint no way|Earthquake|p2a: Gothitelle
|-damage|p2a: Gothitelle|88/100
|move|p2a: Gothitelle|Charm|p1a: Aint no way
|-unboost|p1a: Aint no way|atk|0
|
|-heal|p2a: Gothitelle|94/100|[from] item: Leftovers
|-end|p1a: Aint no way|move: Taunt
|upkeep
|turn|43
|
|t:|1662423155
|move|p1a: Aint no way|Earthquake|p2a: Gothitelle
|-damage|p2a: Gothitelle|92/100
|move|p2a: Gothitelle|Taunt|p1a: Aint no way
|-start|p1a: Aint no way|move: Taunt
|
|-heal|p2a: Gothitelle|98/100|[from] item: Leftovers
|upkeep
|turn|44
|
|t:|1662423157
|move|p1a: Aint no way|Earthquake|p2a: Gothitelle
|-damage|p2a: Gothitelle|96/100
|move|p2a: Gothitelle|Rest|p2a: Gothitelle
|-status|p2a: Gothitelle|slp|[from] move: Rest
|-heal|p2a: Gothitelle|100/100 slp|[silent]
|
|upkeep
|turn|45
|
|t:|1662423159
|move|p1a: Aint no way|Earthquake|p2a: Gothitelle
|-damage|p2a: Gothitelle|98/100 slp
|cant|p2a: Gothitelle|slp
|
|-heal|p2a: Gothitelle|100/100 slp|[from] item: Leftovers
|upkeep
|turn|46
|
|t:|1662423161
|move|p1a: Aint no way|Earthquake|p2a: Gothitelle
|-damage|p2a: Gothitelle|98/100 slp
|cant|p2a: Gothitelle|slp
|
|-heal|p2a: Gothitelle|100/100 slp|[from] item: Leftovers
|-end|p1a: Aint no way|move: Taunt
|upkeep
|turn|47
|
|t:|1662423162
|move|p1a: Aint no way|Dragon Dance|p1a: Aint no way
|-boost|p1a: Aint no way|atk|1
|-boost|p1a: Aint no way|spe|0
|-curestatus|p2a: Gothitelle|slp|[msg]
|move|p2a: Gothitelle|Taunt|p1a: Aint no way
|-start|p1a: Aint no way|move: Taunt
|
|upkeep
|turn|48
|
|t:|1662423165
|-activate|p1a: Aint no way|move: Struggle
|move|p1a: Aint no way|Struggle|p2a: Gothitelle
|-damage|p2a: Gothitelle|99/100
|-damage|p1a: Aint no way|75/100|[from] recoil
|move|p2a: Gothitelle|Charm|p1a: Aint no way
|-unboost|p1a: Aint no way|atk|1
|
|-heal|p2a: Gothitelle|100/100|[from] item: Leftovers
|upkeep
|turn|49
|
|t:|1662423172
|-activate|p1a: Aint no way|move: Struggle
|move|p1a: Aint no way|Struggle|p2a: Gothitelle
|-damage|p2a: Gothitelle|99/100
|-damage|p1a: Aint no way|50/100|[from] recoil
|move|p2a: Gothitelle|Cosmic Power|p2a: Gothitelle
|-boost|p2a: Gothitelle|def|0
|-boost|p2a: Gothitelle|spd|0
|
|-heal|p2a: Gothitelle|100/100|[from] item: Leftovers
|upkeep
|turn|50
|
|t:|1662423174
|-activate|p1a: Aint no way|move: Struggle
|move|p1a: Aint no way|Struggle|p2a: Gothitelle
|-damage|p2a: Gothitelle|99/100
|-damage|p1a: Aint no way|25/100|[from] recoil
|move|p2a: Gothitelle|Charm|p1a: Aint no way
|-unboost|p1a: Aint no way|atk|0
|
|-heal|p2a: Gothitelle|100/100|[from] item: Leftovers
|-end|p1a: Aint no way|move: Taunt
|upkeep
|turn|51
|
|t:|1662423175
|move|p1a: Aint no way|Dragon Dance|p1a: Aint no way
|-boost|p1a: Aint no way|atk|1
|-boost|p1a: Aint no way|spe|0
|move|p2a: Gothitelle|Taunt|p1a: Aint no way
|-start|p1a: Aint no way|move: Taunt
|
|upkeep
|turn|52
|
|t:|1662423176
|-activate|p1a: Aint no way|move: Struggle
|move|p1a: Aint no way|Struggle|p2a: Gothitelle
|-damage|p2a: Gothitelle|99/100
|-damage|p1a: Aint no way|0 fnt|[from] recoil
|faint|p1a: Aint no way
|move|p2a: Gothitelle|Charm|p1: Aint no way|[notarget]
|-fail|p2a: Gothitelle
|
|-heal|p2a: Gothitelle|100/100|[from] item: Leftovers
|upkeep
|
|t:|1662423178
|switch|p1a: Keqing|Yveltal|100/100
|-ability|p1a: Keqing|Dark Aura
|turn|53
|
|t:|1662423184
|move|p1a: Keqing|Knock Off|p2a: Gothitelle
|-supereffective|p2a: Gothitelle
|-damage|p2a: Gothitelle|77/100
|-enditem|p2a: Gothitelle|Leftovers|[from] move: Knock Off|[of] p1a: Keqing
|move|p2a: Gothitelle|Taunt|p1a: Keqing
|-start|p1a: Keqing|move: Taunt
|
|upkeep
|turn|54
|
|t:|1662423187
|move|p1a: Keqing|Knock Off|p2a: Gothitelle
|-supereffective|p2a: Gothitelle
|-damage|p2a: Gothitelle|61/100
|move|p2a: Gothitelle|Rest|p2a: Gothitelle
|-status|p2a: Gothitelle|slp|[from] move: Rest
|-heal|p2a: Gothitelle|100/100 slp|[silent]
|
|upkeep
|turn|55
|
|t:|1662423190
|move|p1a: Keqing|Knock Off|p2a: Gothitelle
|-supereffective|p2a: Gothitelle
|-damage|p2a: Gothitelle|85/100 slp
|cant|p2a: Gothitelle|slp
|
|upkeep
|turn|56
|
|t:|1662423194
|move|p1a: Keqing|Knock Off|p2a: Gothitelle
|-supereffective|p2a: Gothitelle
|-damage|p2a: Gothitelle|70/100 slp
|cant|p2a: Gothitelle|slp
|
|-end|p1a: Keqing|move: Taunt
|upkeep
|turn|57
|
|t:|1662423196
|move|p1a: Keqing|Knock Off|p2a: Gothitelle
|-supereffective|p2a: Gothitelle
|-damage|p2a: Gothitelle|55/100 slp
|-curestatus|p2a: Gothitelle|slp|[msg]
|move|p2a: Gothitelle|Charm|p1a: Keqing
|-unboost|p1a: Keqing|atk|2
|
|upkeep
|turn|58
|
|t:|1662423197
|move|p1a: Keqing|Knock Off|p2a: Gothitelle
|-supereffective|p2a: Gothitelle
|-damage|p2a: Gothitelle|46/100
|move|p2a: Gothitelle|Charm|p1a: Keqing
|-unboost|p1a: Keqing|atk|2
|
|upkeep
|turn|59
|
|t:|1662423201
|move|p1a: Keqing|Knock Off|p2a: Gothitelle
|-supereffective|p2a: Gothitelle
|-crit|p2a: Gothitelle
|-damage|p2a: Gothitelle|0 fnt
|faint|p2a: Gothitelle
|
|upkeep
|
|t:|1662423203
|switch|p2a: Zacian|Zacian-Crowned|100/100
|-ability|p2a: Zacian|Intrepid Sword|boost
|-boost|p2a: Zacian|atk|1
|turn|60
|
|t:|1662423211
|switch|p1a: smeargle&lugiahate|Rayquaza-Mega, shiny|67/100
|-weather|DeltaStream|[from] ability: Delta Stream|[of] p1a: smeargle&lugiahate
|move|p2a: Zacian|Behemoth Blade|p1a: smeargle&lugiahate
|-damage|p1a: smeargle&lugiahate|0 fnt
|faint|p1a: smeargle&lugiahate
|-weather|none
|
|upkeep
|
|t:|1662423213
|switch|p1a: Ho-0h|Marshadow|100/100
|turn|61
|
|t:|1662423215
|switch|p2a: Tyranitar|Tyranitar, M|100/100
|-weather|Sandstorm|[from] ability: Sand Stream|[of] p2a: Tyranitar
|move|p1a: Ho-0h|Close Combat|p2a: Tyranitar
|-supereffective|p2a: Tyranitar
|-damage|p2a: Tyranitar|0 fnt
|-unboost|p1a: Ho-0h|def|1
|-unboost|p1a: Ho-0h|spd|1
|faint|p2a: Tyranitar
|
|-weather|Sandstorm|[upkeep]
|-damage|p1a: Ho-0h|94/100|[from] Sandstorm
|upkeep
|
|t:|1662423217
|switch|p2a: Zacian|Zacian-Crowned|100/100
|-ability|p2a: Zacian|Intrepid Sword|boost
|-boost|p2a: Zacian|atk|1
|turn|62
|
|t:|1662423220
|move|p1a: Ho-0h|Shadow Sneak|p2a: Zacian
|-damage|p2a: Zacian|71/100
|move|p2a: Zacian|Behemoth Blade|p1a: Ho-0h
|-damage|p1a: Ho-0h|0 fnt
|faint|p1a: Ho-0h
|
|-weather|Sandstorm|[upkeep]
|upkeep
|
|t:|1662423222
|switch|p1a: Keqing|Yveltal|100/100
|-ability|p1a: Keqing|Dark Aura
|turn|63
|
|t:|1662423224
|-start|p1a: Keqing|Dynamax|
|-heal|p1a: Keqing|100/100|[silent]
|move|p2a: Zacian|Behemoth Blade|p1a: Keqing
|-damage|p1a: Keqing|12/100
|move|p1a: Keqing|Max Darkness|p2a: Zacian
|-resisted|p2a: Zacian
|-damage|p2a: Zacian|37/100
|-unboost|p2a: Zacian|spd|1
|
|-weather|Sandstorm|[upkeep]
|-damage|p1a: Keqing|9/100|[from] Sandstorm
|upkeep
|turn|64
|
|t:|1662423227
|-end|p1a: Keqing|Dynamax
|-heal|p1a: Keqing|9/100|[silent]
|switch|p1a: Dynamax Yveltal|Xerneas|100/100
|-ability|p1a: Dynamax Yveltal|Fairy Aura
|move|p2a: Zacian|Behemoth Blade|p1a: Dynamax Yveltal
|-supereffective|p1a: Dynamax Yveltal
|-damage|p1a: Dynamax Yveltal|0 fnt
|faint|p1a: Dynamax Yveltal
|
|-weather|Sandstorm|[upkeep]
|upkeep
|c|☆kerrozxl-|gs
|-message|kerrozxl- forfeited.
|
|win|lemoncell0
|raw|kerrozxl-'s rating: 1869 &rarr; <strong>1854</strong><br />(-15 for losing)
|raw|lemoncell0's rating: 1955 &rarr; <strong>1970</strong><br />(+15 for winning)
|c|☆lemoncell0|gg
|l| 0meltdown
|l|☆lemoncell0
||Ladder isn't responding, score probably updated but might not have (Request timeout).
|l| IDOLive
|l| Eteracian
|l|☆kerrozxl-
