|j|☆Pkmn3443
|j|☆Crystraco
|t:|1618769839
|gametype|singles
|player|p1|Pkmn3443|170|1840
|player|p2|Crystraco|102|1781
|teamsize|p1|6
|teamsize|p2|6
|gen|8
|tier|[Gen 8] National Dex AG
|rated|
|clearpoke
|poke|p1|Zacian-Crowned|
|poke|p1|Necrozma-Dusk-Mane|
|poke|p1|Ditto|
|poke|p1|Ho-Oh|
|poke|p1|Rayquaza|
|poke|p1|Yveltal|
|poke|p2|Kyogre|
|poke|p2|Excadrill, M|
|poke|p2|Arceus-*|
|poke|p2|Ditto|
|poke|p2|Salamence, F|
|poke|p2|Xerneas|
|rule|HP Percentage Mod: HP is shown in percentages
|rule|Endless Battle Clause: Forcing endless battles is banned
|teampreview
|
|t:|1618769852
|start
|switch|p1a: Zacian|Zacian-Crowned|100/100
|switch|p2a: Excadrill|Excadrill, M|100/100
|-ability|p1a: Zacian|Intrepid Sword|boost
|-boost|p1a: Zacian|atk|1
|-ability|p2a: Excadrill|Mold Breaker
|turn|1
|
|t:|1618769856
|move|p1a: Zacian|Behemoth Blade|p2a: Excadrill
|-resisted|p2a: Excadrill
|-damage|p2a: Excadrill|22/100
|move|p2a: Excadrill|Stealth Rock|p1a: Zacian
|-sidestart|p1: Pkmn3443|move: Stealth Rock
|
|upkeep
|turn|2
|
|t:|1618769860
|move|p1a: Zacian|Behemoth Blade|p2a: Excadrill
|-resisted|p2a: Excadrill
|-damage|p2a: Excadrill|0 fnt
|faint|p2a: Excadrill
|
|upkeep
|
|t:|1618769864
|switch|p2a: Ditto|Ditto|100/100
|-transform|p2a: Ditto|p1a: Zacian|[from] ability: Imposter
|-ability|p2a: Ditto|Intrepid Sword|boost
|-boost|p2a: Ditto|atk|1
|turn|3
|
|t:|1618769868
|switch|p2a: Kyogre|Kyogre|100/100
|detailschange|p2a: Kyogre|Kyogre-Primal
|-primal|p2a: Kyogre
|-weather|PrimordialSea|[from] ability: Primordial Sea|[of] p2a: Kyogre
|switch|p1a: Ho-Oh|Ho-Oh|100/100
|
|-weather|PrimordialSea|[upkeep]
|upkeep
|turn|4
|
|t:|1618769872
|switch|p1a: Ditto|Ditto|100/100
|-damage|p1a: Ditto|88/100|[from] Stealth Rock
|-transform|p1a: Ditto|p2a: Kyogre|[from] ability: Imposter
|move|p2a: Kyogre|Origin Pulse|p1a: Ditto
|-resisted|p1a: Ditto
|-damage|p1a: Ditto|39/100
|
|-weather|PrimordialSea|[upkeep]
|upkeep
|turn|5
|
|t:|1618769884
|switch|p1a: Rayquaza|Rayquaza|100/100
|-damage|p1a: Rayquaza|76/100|[from] Stealth Rock
|-ability|p1a: Rayquaza|Air Lock
|move|p2a: Kyogre|Origin Pulse|p1a: Rayquaza
|-resisted|p1a: Rayquaza
|-damage|p1a: Rayquaza|33/100
|
|-weather|PrimordialSea|[upkeep]
|upkeep
|turn|6
|
|t:|1618769894
|-weather|none
|switch|p2a: Xerneas|Xerneas|100/100
|-ability|p2a: Xerneas|Fairy Aura
|detailschange|p1a: Rayquaza|Rayquaza-Mega
|-mega|p1a: Rayquaza|Rayquaza|
|-weather|DeltaStream|[from] ability: Delta Stream|[of] p1a: Rayquaza
|move|p1a: Rayquaza|Dragon Ascent|p2a: Xerneas
|-damage|p2a: Xerneas|0 fnt
|-unboost|p1a: Rayquaza|def|1
|-unboost|p1a: Rayquaza|spd|1
|-damage|p1a: Rayquaza|23/100|[from] item: Life Orb
|faint|p2a: Xerneas
|
|-weather|DeltaStream|[upkeep]
|upkeep
|
|t:|1618769896
|switch|p2a: Arceus|Arceus|100/100
|turn|7
|
|t:|1618769904
|-weather|none
|switch|p1a: Zacian|Zacian-Crowned|100/100
|-damage|p1a: Zacian|94/100|[from] Stealth Rock
|-ability|p1a: Zacian|Intrepid Sword|boost
|-boost|p1a: Zacian|atk|1
|move|p2a: Arceus|Extreme Speed|p1a: Zacian
|-resisted|p1a: Zacian
|-damage|p1a: Zacian|68/100
|
|upkeep
|turn|8
|
|t:|1618769916
|move|p2a: Arceus|Extreme Speed|p1a: Zacian
|-resisted|p1a: Zacian
|-damage|p1a: Zacian|44/100
|move|p1a: Zacian|Close Combat|p2a: Arceus
|-supereffective|p2a: Arceus
|-damage|p2a: Arceus|0 fnt
|-unboost|p1a: Zacian|def|1
|-unboost|p1a: Zacian|spd|1
|faint|p2a: Arceus
|
|upkeep
|
|t:|1618769919
|switch|p2a: Ditto|Ditto|100/100
|-transform|p2a: Ditto|p1a: Zacian|[from] ability: Imposter
|-ability|p2a: Ditto|Intrepid Sword|boost
|-boost|p2a: Ditto|atk|1
|turn|9
|
|t:|1618769923
|move|p2a: Ditto|Behemoth Blade|p1a: Zacian
|-crit|p1a: Zacian
|-damage|p1a: Zacian|0 fnt
|faint|p1a: Zacian
|
|upkeep
|
|t:|1618769927
|switch|p1a: Ho-Oh|Ho-Oh|100/100
|turn|10
|
|t:|1618769931
|switch|p2a: Kyogre|Kyogre-Primal|100/100
|-weather|PrimordialSea|[from] ability: Primordial Sea|[of] p2a: Kyogre
|move|p1a: Ho-Oh|Defog|p2a: Kyogre
|-unboost|p2a: Kyogre|evasion|1
|-sideend|p1: Pkmn3443|Stealth Rock|[from] move: Defog|[of] p1a: Ho-Oh
|
|-weather|PrimordialSea|[upkeep]
|upkeep
|turn|11
|
|t:|1618769938
|move|p2a: Kyogre|Origin Pulse|p1a: Ho-Oh
|-supereffective|p1a: Ho-Oh
|-damage|p1a: Ho-Oh|0 fnt
|faint|p1a: Ho-Oh
|
|-weather|PrimordialSea|[upkeep]
|upkeep
|
|t:|1618769940
|switch|p1a: Rayquaza|Rayquaza-Mega|23/100
|-weather|DeltaStream|[from] ability: Delta Stream|[of] p1a: Rayquaza
|turn|12
|
|t:|1618769947
|move|p1a: Rayquaza|Dragon Ascent|p2a: Kyogre
|-crit|p2a: Kyogre
|-damage|p2a: Kyogre|0 fnt
|-unboost|p1a: Rayquaza|def|1
|-unboost|p1a: Rayquaza|spd|1
|-damage|p1a: Rayquaza|13/100|[from] item: Life Orb
|faint|p2a: Kyogre
|
|-weather|DeltaStream|[upkeep]
|upkeep
|
|t:|1618769950
|switch|p2a: Ditto|Ditto|100/100
|-transform|p2a: Ditto|p1a: Rayquaza|[from] ability: Imposter
|turn|13
|
|t:|1618769956
|switch|p1a: Necrozma|Necrozma-Dusk-Mane|100/100
|move|p2a: Ditto|Extreme Speed|p1a: Necrozma
|-resisted|p1a: Necrozma
|-damage|p1a: Necrozma|88/100
|-damage|p2a: Ditto|84/100|[from] item: Rocky Helmet|[of] p1a: Necrozma
|
|-weather|DeltaStream|[upkeep]
|upkeep
|turn|14
|
|t:|1618769962
|-weather|none
|switch|p2a: Salamence|Salamence, F|100/100
|-ability|p2a: Salamence|Intimidate|boost
|-unboost|p1a: Necrozma|atk|1
|move|p1a: Necrozma|Sunsteel Strike|p2a: Salamence
|-damage|p2a: Salamence|57/100
|
|upkeep
|turn|15
|
|t:|1618769968
|detailschange|p2a: Salamence|Salamence-Mega, F
|-mega|p2a: Salamence|Salamence|Salamencite
|move|p2a: Salamence|Roost|p2a: Salamence
|-heal|p2a: Salamence|100/100
|-singleturn|p2a: Salamence|move: Roost
|move|p1a: Necrozma|Stealth Rock|p2a: Salamence
|-sidestart|p2: Crystraco|move: Stealth Rock
|
|upkeep
|turn|16
|
|t:|1618769980
|switch|p1a: Yveltal|Yveltal|100/100
|-ability|p1a: Yveltal|Dark Aura
|move|p2a: Salamence|Dragon Dance|p2a: Salamence
|-boost|p2a: Salamence|atk|1
|-boost|p2a: Salamence|spe|1
|
|upkeep
|turn|17
|
|t:|1618769986
|-start|p1a: Yveltal|Dynamax
|-heal|p1a: Yveltal|100/100|[silent]
|move|p2a: Salamence|Frustration|p1a: Yveltal
|-damage|p1a: Yveltal|44/100
|move|p1a: Yveltal|Max Airstream|p2a: Salamence
|-damage|p2a: Salamence|3/100
|-boost|p1a: Yveltal|spe|1
|-damage|p1a: Yveltal|39/100|[from] item: Life Orb
|
|upkeep
|turn|18
|
|t:|1618769990
|move|p2a: Salamence|Frustration|p1a: Yveltal
|-damage|p1a: Yveltal|0 fnt
|faint|p1a: Yveltal
|
|upkeep
|
|t:|1618769993
|switch|p1a: Rayquaza|Rayquaza-Mega|13/100
|-weather|DeltaStream|[from] ability: Delta Stream|[of] p1a: Rayquaza
|turn|19
|
|t:|1618769999
|move|p1a: Rayquaza|Extreme Speed|p2a: Salamence
|-damage|p2a: Salamence|0 fnt
|-damage|p1a: Rayquaza|3/100|[from] item: Life Orb
|faint|p2a: Salamence
|
|-weather|DeltaStream|[upkeep]
|upkeep
|
|t:|1618770001
|switch|p2a: Ditto|Ditto|84/100
|-damage|p2a: Ditto|72/100|[from] Stealth Rock
|-transform|p2a: Ditto|p1a: Rayquaza|[from] ability: Imposter
|turn|20
|
|t:|1618770005
|switch|p1a: Ditto|Ditto|39/100
|move|p2a: Ditto|V-create|p1a: Ditto
|-damage|p1a: Ditto|0 fnt
|-unboost|p2a: Ditto|spe|1
|-unboost|p2a: Ditto|def|1
|-unboost|p2a: Ditto|spd|1
|faint|p1a: Ditto
|
|-weather|DeltaStream|[upkeep]
|upkeep
|
|t:|1618770007
|switch|p1a: Rayquaza|Rayquaza-Mega|3/100
|turn|21
|
|t:|1618770010
|move|p1a: Rayquaza|Extreme Speed|p2a: Ditto
|-damage|p2a: Ditto|0 fnt
|-damage|p1a: Rayquaza|0 fnt|[from] item: Life Orb
|faint|p2a: Ditto
|faint|p1a: Rayquaza
|-weather|none
|
|win|Pkmn3443
|raw|Pkmn3443's rating: 1840 &rarr; <strong>1857</strong><br />(+17 for winning)
|raw|Crystraco's rating: 1781 &rarr; <strong>1764</strong><br />(-17 for losing)
|l|☆Crystraco
