|j|☆ricky555
|j|☆iHaveAsthma
|t:|1638750978
|gametype|singles
|player|p1|ricky555|lucas|1602
|player|p2|iHaveAsthma|doctor|1805
|teamsize|p1|6
|teamsize|p2|6
|gen|8
|tier|[Gen 8] National Dex AG
|rated|
|rule|HP Percentage Mod: HP is shown in percentages
|rule|Endless Battle Clause: Forcing endless battles is banned
|clearpoke
|poke|p1|Arceus-*|
|poke|p1|Rayquaza|
|poke|p1|Necrozma-Dusk-Mane|
|poke|p1|Calyrex-Shadow|
|poke|p1|Zacian-*|
|poke|p1|Ditto|
|poke|p2|Rayquaza|
|poke|p2|Lugia|
|poke|p2|Arceus-*|
|poke|p2|Calyrex-Shadow|
|poke|p2|Groudon|
|poke|p2|Arceus-*|
|teampreview
|inactive|Battle timer is ON: inactive players will automatically lose when time's up. (requested by iHaveAsthma)
|inactive|ricky555 has 120 seconds left.
|c|☆ricky555|sup
|
|t:|1638751056
|start
|switch|p1a: Zacian|Zacian-Crowned|100/100
|switch|p2a: Groudon|Groudon|100/100
|-ability|p1a: Zacian|Intrepid Sword|boost
|-boost|p1a: Zacian|atk|1
|detailschange|p2a: Groudon|Groudon-Primal
|-primal|p2a: Groudon
|-weather|DesolateLand|[from] ability: Desolate Land|[of] p2a: Groudon
|turn|1
|
|t:|1638751076
|switch|p1a: Rayquaza|Rayquaza|100/100
|-ability|p1a: Rayquaza|Air Lock
|move|p2a: Groudon|Stealth Rock|p1a: Rayquaza
|-sidestart|p1: ricky555|move: Stealth Rock
|
|-weather|DesolateLand|[upkeep]
|upkeep
|turn|2
|
|t:|1638751084
|-weather|none
|switch|p2a: Lugia|Lugia|100/100
|detailschange|p1a: Rayquaza|Rayquaza-Mega
|-mega|p1a: Rayquaza|Rayquaza|
|-weather|DeltaStream|[from] ability: Delta Stream|[of] p1a: Rayquaza
|move|p1a: Rayquaza|Dragon Ascent|p2a: Lugia
|-damage|p2a: Lugia|76/100
|-unboost|p1a: Rayquaza|def|1
|-unboost|p1a: Rayquaza|spd|1
|
|-weather|DeltaStream|[upkeep]
|upkeep
|turn|3
|
|t:|1638751090
|-weather|none
|switch|p1a: Zacian|Zacian-Crowned|100/100
|-damage|p1a: Zacian|94/100|[from] Stealth Rock
|-ability|p1a: Zacian|Intrepid Sword|boost
|-boost|p1a: Zacian|atk|1
|move|p2a: Lugia|Thunder Wave|p1a: Zacian
|-status|p1a: Zacian|par
|
|upkeep
|turn|4
|
|t:|1638751095
|move|p2a: Lugia|Roost|p2a: Lugia
|-heal|p2a: Lugia|100/100
|-singleturn|p2a: Lugia|move: Roost
|move|p1a: Zacian|Behemoth Blade|p2a: Lugia
|-damage|p2a: Lugia|77/100
|
|upkeep
|turn|5
|
|t:|1638751116
|move|p2a: Lugia|Roost|p2a: Lugia
|-heal|p2a: Lugia|100/100
|-singleturn|p2a: Lugia|move: Roost
|move|p1a: Zacian|Wild Charge|p2a: Lugia
|-damage|p2a: Lugia|84/100
|-damage|p1a: Zacian|89/100 par|[from] Recoil
|
|upkeep
|turn|6
|inactive|ricky555 has 120 seconds left.
|
|t:|1638751173
|switch|p1a: Necrozma|Necrozma-Dusk-Mane|100/100
|-damage|p1a: Necrozma|95/100|[from] Stealth Rock
|move|p2a: Lugia|Roost|p2a: Lugia
|-heal|p2a: Lugia|100/100
|-singleturn|p2a: Lugia|move: Roost
|
|upkeep
|turn|7
|inactive|iHaveAsthma has 120 seconds left.
|
|t:|1638751221
|move|p2a: Lugia|Thunder Wave|p1a: Necrozma
|-status|p1a: Necrozma|par
|move|p1a: Necrozma|Dragon Dance|p1a: Necrozma
|-boost|p1a: Necrozma|atk|1
|-boost|p1a: Necrozma|spe|1
|
|upkeep
|turn|8
|inactive|ricky555 has 90 seconds left.
|inactive|ricky555 has 60 seconds left.
|
|t:|1638751279
|move|p1a: Necrozma|Dragon Dance|p1a: Necrozma
|-boost|p1a: Necrozma|atk|1
|-boost|p1a: Necrozma|spe|1
|move|p2a: Lugia|Roar|p1a: Necrozma
|drag|p1a: Rayquaza|Rayquaza-Mega|100/100
|-damage|p1a: Rayquaza|76/100|[from] Stealth Rock
|-weather|DeltaStream|[from] ability: Delta Stream|[of] p1a: Rayquaza
|
|-weather|DeltaStream|[upkeep]
|upkeep
|turn|9
|inactive|ricky555 has 60 seconds left.
|inactive|iHaveAsthma has 120 seconds left.
|
|t:|1638751290
|move|p1a: Rayquaza|Dragon Ascent|p2a: Lugia
|-damage|p2a: Lugia|76/100
|-unboost|p1a: Rayquaza|def|1
|-unboost|p1a: Rayquaza|spd|1
|move|p2a: Lugia|Thunder Wave|p1a: Rayquaza
|-status|p1a: Rayquaza|par
|
|-weather|DeltaStream|[upkeep]
|upkeep
|turn|10
|
|t:|1638751293
|-weather|none
|switch|p1a: Calyrex|Calyrex-Shadow|100/100
|-ability|p1a: Calyrex|As One
|-ability|p1a: Calyrex|Unnerve
|-damage|p1a: Calyrex|88/100|[from] Stealth Rock
|move|p2a: Lugia|Roost|p2a: Lugia
|-heal|p2a: Lugia|100/100
|-singleturn|p2a: Lugia|move: Roost
|
|upkeep
|turn|11
|inactive|iHaveAsthma has 120 seconds left.
|inactive|iHaveAsthma has 90 seconds left.
|
|t:|1638751348
|move|p1a: Calyrex|Taunt|p2a: Lugia
|-start|p2a: Lugia|move: Taunt
|cant|p2a: Lugia|move: Taunt|Thunder Wave
|
|upkeep
|turn|12
|inactive|iHaveAsthma has 90 seconds left.
|
|t:|1638751363
|-start|p1a: Calyrex|Dynamax
|-heal|p1a: Calyrex|88/100|[silent]
|move|p1a: Calyrex|Max Phantasm|p2a: Lugia
|-supereffective|p2a: Lugia
|-damage|p2a: Lugia|54/100
|-unboost|p2a: Lugia|def|1
|-activate|p2a: Lugia|move: Struggle
|move|p2a: Lugia|Struggle|p1a: Calyrex
|-damage|p1a: Calyrex|83/100
|-damage|p2a: Lugia|29/100|[from] recoil
|
|upkeep
|turn|13
|inactive|iHaveAsthma has 90 seconds left.
|inactive|iHaveAsthma has 60 seconds left.
|inactive|iHaveAsthma has 30 seconds left.
|inactive|iHaveAsthma has 20 seconds left.
|inactive|iHaveAsthma has 15 seconds left.
|inactive|iHaveAsthma has 10 seconds left.
|inactive|iHaveAsthma has 5 seconds left.
|-message|iHaveAsthma lost due to inactivity.
|
|win|ricky555
|raw|ricky555's rating: 1602 &rarr; <strong>1633</strong><br />(+31 for winning)
|raw|iHaveAsthma's rating: 1814 &rarr; <strong>1783</strong><br />(-31 for losing)
|l|☆iHaveAsthma
