|j|☆LudiZaboodiAlt
|j|☆Pokeashbattle
|t:|1642046866
|gametype|singles
|player|p1|LudiZaboodiAlt|zinnia|1203
|player|p2|Pokeashbattle|ethan|1260
|teamsize|p1|6
|teamsize|p2|6
|gen|8
|tier|[Gen 8] National Dex AG
|rated|
|rule|HP Percentage Mod: HP is shown in percentages
|rule|Endless Battle Clause: Forcing endless battles is banned
|clearpoke
|poke|p1|Shedinja|
|poke|p1|Shedinja|
|poke|p1|Shedinja|
|poke|p1|Shedinja|
|poke|p1|Shedinja|
|poke|p1|Shedinja|
|poke|p2|Uxie|
|poke|p2|Arceus-*|
|poke|p2|Greninja, M|
|poke|p2|Corsola-Galar, M|
|poke|p2|Lopunny, F|
|poke|p2|Jirachi|
|teampreview
|inactive|Battle timer is ON: inactive players will automatically lose when time's up. (requested by LudiZaboodiAlt)
|inactive|Pokeashbattle also wants the timer to be on.
|
|t:|1642046872
|start
|switch|p1a: Shedinja|Shedinja|100/100
|switch|p2a: Guess what ??|Uxie, shiny|100/100
|turn|1
|
|t:|1642046881
|move|p2a: Guess what ??|Stealth Rock|p1a: Shedinja
|-sidestart|p1: LudiZaboodiAlt|move: Stealth Rock
|move|p1a: Shedinja|Swords Dance|p1a: Shedinja
|-boost|p1a: Shedinja|atk|2
|
|upkeep
|turn|2
|
|t:|1642046890
|-start|p1a: Shedinja|Dynamax
|move|p2a: Guess what ??|Reflect|p2a: Guess what ??
|-sidestart|p2: Pokeashbattle|Reflect
|move|p1a: Shedinja|Max Airstream|p2a: Guess what ??
|-damage|p2a: Guess what ??|78/100
|-boost|p1a: Shedinja|spe|1
|
|upkeep
|turn|3
|
|t:|1642046897
|move|p1a: Shedinja|Max Flutterby|p2a: Guess what ??
|-supereffective|p2a: Guess what ??
|-damage|p2a: Guess what ??|0 fnt
|faint|p2a: Guess what ??
|
|upkeep
|
|t:|1642046910
|switch|p2a: I gonna win|Arceus, shiny|100/100
|turn|4
|
|t:|1642046918
|move|p1a: Shedinja|Max Flutterby|p2a: I gonna win
|-damage|p2a: I gonna win|66/100
|-unboost|p2a: I gonna win|spa|1
|move|p2a: I gonna win|Shadow Claw|p1a: Shedinja
|-supereffective|p1a: Shedinja
|-damage|p1a: Shedinja|0 fnt
|faint|p1a: Shedinja
|
|upkeep
|
|t:|1642046926
|switch|p1a: Shedinja|Shedinja|100/100
|turn|5
|
|t:|1642046936
|move|p2a: I gonna win|Shadow Claw|p1a: Shedinja
|-supereffective|p1a: Shedinja
|-damage|p1a: Shedinja|0 fnt
|faint|p1a: Shedinja
|
|upkeep
|
|t:|1642046939
|switch|p1a: Shedinja|Shedinja|100/100
|-damage|p1a: Shedinja|0 fnt|[from] Stealth Rock
|faint|p1a: Shedinja
|
|t:|1642046942
|switch|p1a: Shedinja|Shedinja|100/100
|-damage|p1a: Shedinja|0 fnt|[from] Stealth Rock
|faint|p1a: Shedinja
|
|t:|1642046943
|switch|p1a: Shedinja|Shedinja, shiny|100/100
|-damage|p1a: Shedinja|0 fnt|[from] Stealth Rock
|faint|p1a: Shedinja
|
|t:|1642046943
|switch|p1a: Shedinja|Shedinja, shiny|100/100
|-damage|p1a: Shedinja|0 fnt|[from] Stealth Rock
|faint|p1a: Shedinja
|
|win|Pokeashbattle
|raw|LudiZaboodiAlt's rating: 1203 &rarr; <strong>1182</strong><br />(-21 for losing)
|raw|Pokeashbattle's rating: 1260 &rarr; <strong>1281</strong><br />(+21 for winning)
|l|☆LudiZaboodiAlt
