|j|☆Notexy
|j|☆shisky
|t:|1661378895
|gametype|singles
|player|p1|Notexy|ethan|1040
|player|p2|shisky|169|1050
|teamsize|p1|6
|teamsize|p2|6
|gen|8
|tier|[Gen 8] National Dex AG
|rated|
|rule|HP Percentage Mod: HP is shown in percentages
|rule|Endless Battle Clause: Forcing endless battles is banned
|clearpoke
|poke|p1|Pikachu-World, M|
|poke|p1|Lucario, M|
|poke|p1|Dragonite, F|
|poke|p1|Gengar, M|
|poke|p1|Greninja, M|
|poke|p1|Sirfetch’d, M|
|poke|p2|Arceus-*|
|poke|p2|Arceus-*|
|poke|p2|Arceus-*|
|poke|p2|Arceus-*|
|poke|p2|Arceus-*|
|poke|p2|Arceus-*|
|teampreview
|inactive|Battle timer is ON: inactive players will automatically lose when time's up. (requested by shisky)
|
|t:|1661378922
|start
|switch|p1a: Lucario|Lucario, M|100/100
|switch|p2a: Arceus|Arceus-Ground|100/100
|turn|1
|
|t:|1661378929
|detailschange|p1a: Lucario|Lucario-Mega, M
|-mega|p1a: Lucario|Lucario|Lucarionite
|-start|p2a: Arceus|Dynamax|
|-heal|p2a: Arceus|100/100|[silent]
|move|p1a: Lucario|Close Combat|p2a: Arceus
|-damage|p2a: Arceus|68/100
|-unboost|p1a: Lucario|def|1
|-unboost|p1a: Lucario|spd|1
|move|p2a: Arceus|Max Quake|p1a: Lucario
|-supereffective|p1a: Lucario
|-damage|p1a: Lucario|0 fnt
|-boost|p2a: Arceus|spd|1
|faint|p1a: Lucario
|
|upkeep
|
|t:|1661378935
|switch|p1a: Greninja|Greninja, M|100/100
|turn|2
|
|t:|1661378946
|move|p1a: Greninja|Ice Beam|p2a: Arceus
|-supereffective|p2a: Arceus
|-damage|p2a: Arceus|58/100
|move|p2a: Arceus|Max Quake|p1a: Greninja
|-damage|p1a: Greninja|0 fnt
|-boost|p2a: Arceus|spd|1
|faint|p1a: Greninja
|
|upkeep
|
|t:|1661378957
|switch|p1a: Sirfetch’d|Sirfetch’d, M|100/100
|turn|3
|
|t:|1661378960
|move|p2a: Arceus|Max Quake|p1a: Sirfetch’d
|-damage|p1a: Sirfetch’d|6/100
|-boost|p2a: Arceus|spd|1
|move|p1a: Sirfetch’d|Counter||[still]
|-fail|p1a: Sirfetch’d
|
|upkeep
|-end|p2a: Arceus|Dynamax
|-heal|p2a: Arceus|58/100|[silent]
|turn|4
|
|t:|1661378970
|-start|p1a: Sirfetch’d|Dynamax|
|-heal|p1a: Sirfetch’d|6/100|[silent]
|move|p2a: Arceus|Judgment|p1a: Sirfetch’d
|-damage|p1a: Sirfetch’d|0 fnt
|faint|p1a: Sirfetch’d
|
|upkeep
|
|t:|1661378979
|switch|p1a: Dragonite|Dragonite, F|100/100
|turn|5
|
|t:|1661378984
|move|p2a: Arceus|Ice Beam|p1a: Dragonite
|-supereffective|p1a: Dragonite
|-damage|p1a: Dragonite|39/100
|-status|p1a: Dragonite|frz
|cant|p1a: Dragonite|frz
|
|-heal|p1a: Dragonite|46/100 frz|[from] item: Leftovers
|upkeep
|turn|6
|
|t:|1661378994
|move|p2a: Arceus|Ice Beam|p1a: Dragonite
|-supereffective|p1a: Dragonite
|-damage|p1a: Dragonite|0 fnt
|faint|p1a: Dragonite
|
|upkeep
|
|t:|1661378997
|switch|p1a: Gengar|Gengar, M|100/100
|turn|7
|
|t:|1661379002
|move|p1a: Gengar|Shadow Ball|p2a: Arceus
|-damage|p2a: Arceus|46/100
|move|p2a: Arceus|Judgment|p1a: Gengar
|-supereffective|p1a: Gengar
|-damage|p1a: Gengar|0 fnt
|-start|p2a: Arceus|Disable|Judgment|[from] ability: Cursed Body|[of] p1a: Gengar
|faint|p1a: Gengar
|
|upkeep
|
|t:|1661379006
|switch|p1a: Pikachu|Pikachu-World, M|100/100
|turn|8
|
|t:|1661379015
|move|p2a: Arceus|Ice Beam|p1a: Pikachu
|-damage|p1a: Pikachu|16/100
|move|p1a: Pikachu|Iron Tail|p2a: Arceus
|-damage|p2a: Arceus|16/100
|
|upkeep
|turn|9
|
|t:|1661379021
|move|p2a: Arceus|Ice Beam|p1a: Pikachu
|-damage|p1a: Pikachu|0 fnt
|faint|p1a: Pikachu
|
|win|shisky
|raw|Notexy's rating: 1040 &rarr; <strong>1024</strong><br />(-16 for losing)
|raw|shisky's rating: 1050 &rarr; <strong>1082</strong><br />(+32 for winning)
