|j|☆Snakethey
|j|☆16claw
|t:|1650446031
|gametype|singles
|player|p1|Snakethey|flint|1238
|player|p2|16claw|riley|1295
|teamsize|p1|6
|teamsize|p2|6
|gen|8
|tier|[Gen 8] National Dex AG
|rated|
|rule|HP Percentage Mod: HP is shown in percentages
|rule|Endless Battle Clause: Forcing endless battles is banned
|clearpoke
|poke|p1|Blastoise, F|
|poke|p1|Blissey, F|
|poke|p1|Omastar, M|
|poke|p1|Xurkitree|
|poke|p1|Wynaut, F|
|poke|p1|Smeargle, M|
|poke|p2|Diancie|
|poke|p2|Malamar, F|
|poke|p2|Marshadow|
|poke|p2|Jirachi|
|poke|p2|Lapras, F|
|poke|p2|Forretress, F|
|teampreview
|inactive|Battle timer is ON: inactive players will automatically lose when time's up. (requested by 16claw)
|
|t:|1650446041
|start
|switch|p1a: Wynaut|Wynaut, F|100/100
|switch|p2a: Diancie|Diancie, shiny|100/100
|turn|1
|
|t:|1650446053
|detailschange|p2a: Diancie|Diancie-Mega, shiny
|-mega|p2a: Diancie|Diancie|Diancite
|move|p2a: Diancie|Calm Mind|p2a: Diancie
|-boost|p2a: Diancie|spa|1
|-boost|p2a: Diancie|spd|1
|move|p1a: Wynaut|Encore|p2a: Diancie
|move|p2a: Diancie|Encore||[from]ability: Magic Bounce|[still]
|-fail|p2a: Diancie
|
|upkeep
|turn|2
|
|t:|1650446067
|move|p2a: Diancie|Calm Mind|p2a: Diancie
|-boost|p2a: Diancie|spa|1
|-boost|p2a: Diancie|spd|1
|move|p1a: Wynaut|Destiny Bond|p1a: Wynaut
|-singlemove|p1a: Wynaut|Destiny Bond
|
|upkeep
|turn|3
|
|t:|1650446076
|move|p2a: Diancie|Calm Mind|p2a: Diancie
|-boost|p2a: Diancie|spa|1
|-boost|p2a: Diancie|spd|1
|move|p1a: Wynaut|Counter||[still]
|-fail|p1a: Wynaut
|
|upkeep
|turn|4
|
|t:|1650446090
|move|p2a: Diancie|Calm Mind|p2a: Diancie
|-boost|p2a: Diancie|spa|1
|-boost|p2a: Diancie|spd|1
|move|p1a: Wynaut|Destiny Bond|p1a: Wynaut
|-singlemove|p1a: Wynaut|Destiny Bond
|
|upkeep
|turn|5
|
|t:|1650446100
|switch|p1a: Omastar|Omastar, M|100/100
|move|p2a: Diancie|Calm Mind|p2a: Diancie
|-boost|p2a: Diancie|spa|1
|-boost|p2a: Diancie|spd|1
|
|upkeep
|turn|6
|
|t:|1650446112
|move|p2a: Diancie|Moonblast|p1a: Omastar
|-enditem|p1a: Omastar|Focus Sash
|-damage|p1a: Omastar|1/100
|-unboost|p1a: Omastar|spa|1
|move|p1a: Omastar|Shell Smash|p1a: Omastar
|-unboost|p1a: Omastar|def|1
|-unboost|p1a: Omastar|spd|1
|-boost|p1a: Omastar|atk|2
|-boost|p1a: Omastar|spa|2
|-boost|p1a: Omastar|spe|2
|
|upkeep
|turn|7
|
|t:|1650446121
|move|p1a: Omastar|Surf|p2a: Diancie
|-supereffective|p2a: Diancie
|-damage|p2a: Diancie|68/100
|move|p2a: Diancie|Moonblast|p1a: Omastar
|-damage|p1a: Omastar|0 fnt
|faint|p1a: Omastar
|
|upkeep
|
|t:|1650446138
|switch|p1a: Xurkitree|Xurkitree|100/100
|turn|8
|
|t:|1650446156
|switch|p1a: Blissey|Blissey, F|100/100
|move|p2a: Diancie|Moonblast|p1a: Blissey
|-damage|p1a: Blissey|28/100
|
|-heal|p1a: Blissey|34/100|[from] item: Leftovers
|upkeep
|turn|9
|
|t:|1650446173
|-start|p1a: Blissey|Dynamax|
|-heal|p1a: Blissey|34/100|[silent]
|move|p2a: Diancie|Calm Mind|p2a: Diancie
|-boost|p2a: Diancie|spa|1
|-boost|p2a: Diancie|spd|1
|move|p1a: Blissey|Max Lightning|p2a: Diancie
|-damage|p2a: Diancie|61/100
|-fieldstart|move: Electric Terrain
|
|-heal|p1a: Blissey|37/100|[from] item: Leftovers
|upkeep
|turn|10
|
|t:|1650446189
|move|p2a: Diancie|Diamond Storm|p1a: Blissey
|-damage|p1a: Blissey|0 fnt
|-boost|p2a: Diancie|def|2
|faint|p1a: Blissey
|
|upkeep
|
|t:|1650446197
|switch|p1a: Blastoise|Blastoise, F|100/100
|turn|11
|
|t:|1650446208
|detailschange|p1a: Blastoise|Blastoise-Mega, F
|-mega|p1a: Blastoise|Blastoise|Blastoisinite
|move|p1a: Blastoise|Hydro Pump|p2a: Diancie
|-supereffective|p2a: Diancie
|-damage|p2a: Diancie|37/100
|move|p2a: Diancie|Moonblast|p1a: Blastoise
|-damage|p1a: Blastoise|0 fnt
|faint|p1a: Blastoise
|
|upkeep
|
|t:|1650446211
|switch|p1a: Xurkitree|Xurkitree|100/100
|turn|12
|
|t:|1650446222
|move|p1a: Xurkitree|Energy Ball|p2a: Diancie
|-supereffective|p2a: Diancie
|-damage|p2a: Diancie|21/100
|move|p2a: Diancie|Moonblast|p1a: Xurkitree
|-damage|p1a: Xurkitree|0 fnt
|faint|p1a: Xurkitree
|
|upkeep
|
|t:|1650446226
|switch|p1a: Smeargle|Smeargle, M|100/100
|turn|13
|
|t:|1650446234
|move|p1a: Smeargle|Substitute|p1a: Smeargle
|-start|p1a: Smeargle|Substitute
|-damage|p1a: Smeargle|75/100
|move|p2a: Diancie|Moonblast|p1a: Smeargle
|-end|p1a: Smeargle|Substitute
|
|-heal|p1a: Smeargle|81/100|[from] item: Leftovers
|-fieldend|move: Electric Terrain
|-ability|p1a: Smeargle|Moody|boost
|-boost|p1a: Smeargle|def|2
|-unboost|p1a: Smeargle|spe|1
|upkeep
|turn|14
|
|t:|1650446240
|move|p2a: Diancie|Moonblast|p1a: Smeargle
|-damage|p1a: Smeargle|0 fnt
|faint|p1a: Smeargle
|
|upkeep
|
|t:|1650446243
|switch|p1a: Wynaut|Wynaut, F|100/100
|turn|15
|-message|Snakethey forfeited.
|
|win|16claw
|raw|Snakethey's rating: 1238 &rarr; <strong>1217</strong><br />(-21 for losing)
|raw|16claw's rating: 1295 &rarr; <strong>1316</strong><br />(+21 for winning)
|l|☆Snakethey
