|j|☆Tic-Tac-Toe Guru
|j|☆Lord Rekkuza
|inactive|Battle timer is ON: inactive players will automatically lose when time's up.
|t:|1663536310
|gametype|singles
|player|p1|Tic-Tac-Toe Guru|rood|
|player|p2|Lord Rekkuza|lance-lgpe|
|teamsize|p1|6
|teamsize|p2|6
|gen|8
|tier|[Gen 8] National Dex AG
|rated|Tournament battle
|rule|HP Percentage Mod: HP is shown in percentages
|rule|Endless Battle Clause: Forcing endless battles is banned
|clearpoke
|poke|p1|Smeargle, F|
|poke|p1|Mewtwo|
|poke|p1|Arceus-*|
|poke|p1|Necrozma-Dusk-Mane|
|poke|p1|Groudon|
|poke|p1|Deoxys-Speed|
|poke|p2|Rayquaza|
|poke|p2|Necrozma-Dusk-Mane|
|poke|p2|Arceus-*|
|poke|p2|Arceus-*|
|poke|p2|Yveltal|
|poke|p2|Arceus-*|
|teampreview
|j| Potatofromsinnoh
|j| MRH1106
|j| LocalSalamence
|inactive|Lord Rekkuza has 120 seconds left.
|j| GMax Meowth
|
|t:|1663536367
|start
|switch|p1a: Deoxys|Deoxys-Speed|100/100
|switch|p2a: Arceus|Arceus-Ground|100/100
|-ability|p1a: Deoxys|Pressure
|turn|1
|
|t:|1663536371
|move|p1a: Deoxys|Taunt|p2a: Arceus
|-start|p2a: Arceus|move: Taunt
|move|p2a: Arceus|Judgment|p1a: Deoxys
|-damage|p1a: Deoxys|34/100
|
|upkeep
|turn|2
|
|t:|1663536373
|move|p1a: Deoxys|Stealth Rock|p2a: Arceus
|-sidestart|p2: Lord Rekkuza|move: Stealth Rock
|move|p2a: Arceus|Judgment|p1a: Deoxys
|-damage|p1a: Deoxys|0 fnt
|faint|p1a: Deoxys
|
|upkeep
|
|t:|1663536376
|switch|p1a: Mewtwo|Mewtwo|100/100
|-ability|p1a: Mewtwo|Pressure
|turn|3
|
|t:|1663536383
|move|p1a: Mewtwo|Light Screen|p1a: Mewtwo
|-sidestart|p1: Tic-Tac-Toe Guru|move: Light Screen
|move|p2a: Arceus|Judgment|p1a: Mewtwo
|-damage|p1a: Mewtwo|75/100
|
|-end|p2a: Arceus|move: Taunt
|upkeep
|turn|4
|
|t:|1663536388
|move|p1a: Mewtwo|Taunt|p2a: Arceus
|-start|p2a: Arceus|move: Taunt
|cant|p2a: Arceus|move: Taunt|Calm Mind
|
|upkeep
|turn|5
|
|t:|1663536392
|move|p1a: Mewtwo|Reflect|p1a: Mewtwo
|-sidestart|p1: Tic-Tac-Toe Guru|Reflect
|move|p2a: Arceus|Judgment|p1a: Mewtwo
|-damage|p1a: Mewtwo|49/100
|
|upkeep
|turn|6
|
|t:|1663536394
|move|p1a: Mewtwo|Self-Destruct|p2a: Arceus
|-damage|p2a: Arceus|63/100
|faint|p1a: Mewtwo
|move|p2a: Arceus|Judgment|p1: Mewtwo|[notarget]
|-fail|p2a: Arceus
|
|-end|p2a: Arceus|move: Taunt
|upkeep
|
|t:|1663536398
|switch|p1a: Smeargle|Smeargle, F|100/100
|turn|7
|
|t:|1663536410
|move|p2a: Arceus|Ice Beam|p1a: Smeargle
|-damage|p1a: Smeargle|72/100
|move|p1a: Smeargle|Geomancy||[still]
|-prepare|p1a: Smeargle|Geomancy
|-enditem|p1a: Smeargle|Power Herb
|-anim|p1a: Smeargle|Geomancy|p1a: Smeargle
|-boost|p1a: Smeargle|spa|2
|-boost|p1a: Smeargle|spd|2
|-boost|p1a: Smeargle|spe|2
|
|upkeep
|turn|8
|c| Potatofromsinnoh|okay im back from the sloswest OU game of all time
|
|t:|1663536419
|move|p1a: Smeargle|Spore|p2a: Arceus
|-status|p2a: Arceus|slp|[from] move: Spore
|cant|p2a: Arceus|slp
|
|upkeep
|turn|9
|
|t:|1663536423
|move|p1a: Smeargle|Ingrain|p1a: Smeargle
|-start|p1a: Smeargle|move: Ingrain
|cant|p2a: Arceus|slp
|
|-heal|p1a: Smeargle|78/100|[from] Ingrain
|upkeep
|turn|10
|
|t:|1663536430
|move|p1a: Smeargle|Baton Pass|p1a: Smeargle
|c| LocalSalamence|Potatofromsinnoh how long was the game
|
|t:|1663536438
|switch|p1a: Necrozma|Necrozma-Dusk-Mane|100/100|[from]move: Baton Pass
|cant|p2a: Arceus|slp
|
|-sideend|p1: Tic-Tac-Toe Guru|move: Light Screen
|upkeep
|turn|11
|c| Potatofromsinnoh|its not over hes just not moving
|c| LocalSalamence|what turn was it
|
|t:|1663536461
|move|p1a: Necrozma|Stored Power|p2a: Arceus
|-damage|p2a: Arceus|0 fnt
|faint|p2a: Arceus
|
|upkeep
|c| Potatofromsinnoh|nvm he timed out
|inactive|Lord Rekkuza has 120 seconds left.
|
|t:|1663536480
|switch|p2a: Arceus|Arceus-Dark|100/100
|-damage|p2a: Arceus|88/100|[from] Stealth Rock
|turn|12
|c| Potatofromsinnoh|it wasnt really long he just wasnt doing anything we were like 5 turns in
|inactive|Lord Rekkuza has 120 seconds left.
|
|t:|1663536492
|-zpower|p1a: Necrozma
|move|p1a: Necrozma|Inferno Overdrive|p2a: Arceus|[zeffect]
|-damage|p2a: Arceus|30/100
|move|p2a: Arceus|Perish Song|p2a: Arceus
|-start|p1a: Necrozma|perish3|[silent]
|-start|p2a: Arceus|perish3|[silent]
|-fieldactivate|move: Perish Song
|
|-start|p1a: Necrozma|perish3
|-start|p2a: Arceus|perish3
|-sideend|p1: Tic-Tac-Toe Guru|Reflect
|upkeep
|turn|13
|
|t:|1663536503
|move|p1a: Necrozma|Heat Wave|p2a: Arceus
|-damage|p2a: Arceus|0 fnt
|faint|p2a: Arceus
|
|-start|p1a: Necrozma|perish2
|upkeep
|inactive|Lord Rekkuza has 120 seconds left.
|
|t:|1663536514
|switch|p2a: Yveltal|Yveltal|100/100
|-damage|p2a: Yveltal|76/100|[from] Stealth Rock
|-ability|p2a: Yveltal|Dark Aura
|turn|14
|inactive|Lord Rekkuza has 120 seconds left.
|j| Typhlosion271
|
|t:|1663536531
|-start|p2a: Yveltal|Dynamax|
|-heal|p2a: Yveltal|76/100|[silent]
|move|p1a: Necrozma|Heat Wave|p2a: Yveltal
|-damage|p2a: Yveltal|47/100
|move|p2a: Yveltal|Max Airstream|p1a: Necrozma
|-resisted|p1a: Necrozma
|-damage|p1a: Necrozma|79/100
|-boost|p2a: Yveltal|spe|1
|-damage|p2a: Yveltal|42/100|[from] item: Life Orb
|
|-heal|p1a: Necrozma|85/100|[from] Ingrain
|-start|p1a: Necrozma|perish1
|upkeep
|turn|15
|
|t:|1663536540
|move|p2a: Yveltal|Max Guard|p2a: Yveltal
|-singleturn|p2a: Yveltal|Max Guard
|move|p1a: Necrozma|Heat Wave|p2a: Yveltal
|-activate|p2a: Yveltal|move: Max Guard
|
|-heal|p1a: Necrozma|91/100|[from] Ingrain
|-start|p1a: Necrozma|perish0
|faint|p1a: Necrozma
|upkeep
|
|t:|1663536553
|switch|p1a: Smeargle|Smeargle, F|78/100
|turn|16
|
|t:|1663536558
|move|p2a: Yveltal|Max Airstream|p1a: Smeargle
|-damage|p1a: Smeargle|0 fnt
|-boost|p2a: Yveltal|spe|1
|faint|p1a: Smeargle
|-damage|p2a: Yveltal|37/100|[from] item: Life Orb
|
|upkeep
|
|t:|1663536563
|switch|p1a: Groudon|Groudon|100/100
|detailschange|p1a: Groudon|Groudon-Primal
|-primal|p1a: Groudon
|-weather|DesolateLand|[from] ability: Desolate Land|[of] p1a: Groudon
|-end|p2a: Yveltal|Dynamax
|-heal|p2a: Yveltal|37/100|[silent]
|turn|17
|
|t:|1663536573
|move|p2a: Yveltal|Oblivion Wing|p1a: Groudon
|-damage|p1a: Groudon|41/100
|-heal|p2a: Yveltal|79/100|[from] drain|[of] p1a: Groudon
|-damage|p2a: Yveltal|69/100|[from] item: Life Orb
|move|p1a: Groudon|Flamethrower|p2a: Yveltal
|-damage|p2a: Yveltal|0 fnt
|faint|p2a: Yveltal
|
|-weather|DesolateLand|[upkeep]
|upkeep
|
|t:|1663536585
|switch|p2a: Arceus|Arceus-Water|100/100
|-damage|p2a: Arceus|88/100|[from] Stealth Rock
|turn|18
|
|t:|1663536589
|move|p2a: Arceus|Ice Beam|p1a: Groudon
|-damage|p1a: Groudon|14/100
|move|p1a: Groudon|Earth Power|p2a: Arceus
|-damage|p2a: Arceus|50/100
|
|-weather|DesolateLand|[upkeep]
|upkeep
|turn|19
|
|t:|1663536592
|move|p2a: Arceus|Recover|p2a: Arceus
|-heal|p2a: Arceus|99/100
|move|p1a: Groudon|Earth Power|p2a: Arceus
|-damage|p2a: Arceus|62/100
|
|-weather|DesolateLand|[upkeep]
|upkeep
|turn|20
|
|t:|1663536594
|move|p2a: Arceus|Defog|p1a: Groudon
|-unboost|p1a: Groudon|evasion|1
|-sideend|p2: Lord Rekkuza|Stealth Rock|[from] move: Defog|[of] p2a: Arceus
|move|p1a: Groudon|Earth Power|p2a: Arceus
|-damage|p2a: Arceus|22/100
|
|-weather|DesolateLand|[upkeep]
|upkeep
|turn|21
|
|t:|1663536598
|move|p2a: Arceus|Recover|p2a: Arceus
|-heal|p2a: Arceus|72/100
|move|p1a: Groudon|Rock Polish|p1a: Groudon
|-boost|p1a: Groudon|spe|2
|
|-weather|DesolateLand|[upkeep]
|upkeep
|turn|22
|
|t:|1663536601
|move|p1a: Groudon|Earth Power|p2a: Arceus
|-damage|p2a: Arceus|34/100
|move|p2a: Arceus|Recover|p2a: Arceus
|-heal|p2a: Arceus|84/100
|
|-weather|DesolateLand|[upkeep]
|upkeep
|turn|23
|c| Potatofromsinnoh|no solar beam?
|
|t:|1663536603
|move|p1a: Groudon|Earth Power|p2a: Arceus
|-damage|p2a: Arceus|49/100
|move|p2a: Arceus|Recover|p2a: Arceus
|-heal|p2a: Arceus|99/100
|
|-weather|DesolateLand|[upkeep]
|upkeep
|turn|24
|
|t:|1663536607
|switch|p2a: Rayquaza|Rayquaza|100/100
|-ability|p2a: Rayquaza|Air Lock
|move|p1a: Groudon|Earth Power|p2a: Rayquaza
|-immune|p2a: Rayquaza
|
|-weather|DesolateLand|[upkeep]
|upkeep
|turn|25
|
|t:|1663536612
|-weather|none
|switch|p1a: Arceus|Arceus-Ghost|100/100
|detailschange|p2a: Rayquaza|Rayquaza-Mega
|-mega|p2a: Rayquaza|Rayquaza|
|-weather|DeltaStream|[from] ability: Delta Stream|[of] p2a: Rayquaza
|move|p2a: Rayquaza|Extreme Speed|p1a: Arceus
|-immune|p1a: Arceus
|
|-weather|DeltaStream|[upkeep]
|upkeep
|turn|26
|j| AveragePkmnPlayR
|
|t:|1663536638
|-start|p1a: Arceus|Dynamax|
|-heal|p1a: Arceus|100/100|[silent]
|move|p2a: Rayquaza|Dragon Ascent|p1a: Arceus
|-damage|p1a: Arceus|68/100
|-unboost|p2a: Rayquaza|def|1
|-unboost|p2a: Rayquaza|spd|1
|-damage|p2a: Rayquaza|91/100|[from] item: Life Orb
|move|p1a: Arceus|Max Phantasm|p2a: Rayquaza
|-crit|p2a: Rayquaza
|-damage|p2a: Rayquaza|0 fnt
|faint|p2a: Rayquaza
|-weather|none
|
|upkeep
|l| AveragePkmnPlayR
|inactive|Lord Rekkuza has 120 seconds left.
|l|☆Tic-Tac-Toe Guru
|inactive|Tic-Tac-Toe Guru disconnected and has a minute to reconnect!
|player|p1|
|j|☆Tic-Tac-Toe Guru
|inactive|Tic-Tac-Toe Guru reconnected.
|player|p1|Tic-Tac-Toe Guru|rood
|j| Bunrphenix
|inactive|Lord Rekkuza has 90 seconds left.
|inactive|Lord Rekkuza has 60 seconds left.
|
|t:|1663536710
|switch|p2a: Necrozma|Necrozma-Dusk-Mane|100/100
|turn|27
|
|t:|1663536713
|move|p1a: Arceus|Max Phantasm|p2a: Necrozma
|-supereffective|p2a: Necrozma
|-damage|p2a: Necrozma|0 fnt
|faint|p2a: Necrozma
|
|upkeep
|
|t:|1663536720
|switch|p2a: Arceus|Arceus-Water|99/100
|turn|28
|j| Pokemh
|
|t:|1663536727
|move|p1a: Arceus|Max Phantasm|p2a: Arceus
|-damage|p2a: Arceus|48/100
|-unboost|p2a: Arceus|def|1
|move|p2a: Arceus|Recover|p2a: Arceus
|-heal|p2a: Arceus|98/100
|
|upkeep
|-end|p1a: Arceus|Dynamax
|-heal|p1a: Arceus|68/100|[silent]
|turn|29
|c| Potatofromsinnoh|No way
|
|t:|1663536734
|move|p1a: Arceus|Calm Mind|p1a: Arceus
|-boost|p1a: Arceus|spa|1
|-boost|p1a: Arceus|spd|1
|move|p2a: Arceus|Toxic|p1a: Arceus
|-status|p1a: Arceus|tox
|
|-damage|p1a: Arceus|62/100 tox|[from] psn
|upkeep
|turn|30
|inactive|Lord Rekkuza has 90 seconds left.
|
|t:|1663536740
|move|p1a: Arceus|Calm Mind|p1a: Arceus
|-boost|p1a: Arceus|spa|1
|-boost|p1a: Arceus|spd|1
|move|p2a: Arceus|Recover|p2a: Arceus
|-heal|p2a: Arceus|100/100
|
|-damage|p1a: Arceus|50/100 tox|[from] psn
|upkeep
|turn|31
|
|t:|1663536744
|move|p1a: Arceus|Judgment|p2a: Arceus
|-damage|p2a: Arceus|19/100
|move|p2a: Arceus|Recover|p2a: Arceus
|-heal|p2a: Arceus|69/100
|
|-damage|p1a: Arceus|31/100 tox|[from] psn
|upkeep
|turn|32
|c|☆Lord Rekkuza|Rip gg
|
|t:|1663536749
|move|p1a: Arceus|Judgment|p2a: Arceus
|-damage|p2a: Arceus|0 fnt
|faint|p2a: Arceus
|
|win|Tic-Tac-Toe Guru
|n|☆Lord Rekkuza|lordrekkuza
|n| Potatofromsinnoh|potatofromsinnoh
|n| MRH1106|mrh1106
|n| LocalSalamence|localsalamence
|n| GMax Meowth|gmaxmeowth
|n| Typhlosion271|typhlosion271
|n|☆Tic-Tac-Toe Guru|tictactoeguru
|n| Bunrphenix|bunrphenix
|n| Pokemh|pokemh
