|j|☆Ofjfdokjdf
|j|☆Buck X
|t:|1661423067
|gametype|singles
|player|p1|Ofjfdokjdf|clown|
|player|p2|Buck X|lance-masters|
|teamsize|p1|6
|teamsize|p2|6
|gen|8
|tier|[Gen 8] National Dex AG
|rule|HP Percentage Mod: HP is shown in percentages
|rule|Endless Battle Clause: Forcing endless battles is banned
|clearpoke
|poke|p1|Palkia|
|poke|p1|Arcanine, M|
|poke|p1|Arceus-*|
|poke|p1|Yveltal|
|poke|p1|Eternatus|
|poke|p1|Giratina-Origin|
|poke|p2|Rayquaza|
|poke|p2|Groudon|
|poke|p2|Yveltal|
|poke|p2|Marshadow|
|poke|p2|Necrozma-Dusk-Mane|
|poke|p2|Ho-Oh|
|teampreview
|inactive|Battle timer is ON: inactive players will automatically lose when time's up. (requested by Ofjfdokjdf)
|inactive|Buck X also wants the timer to be on.
|c|☆Ofjfdokjdf|Glhf :)
|
|t:|1661423076
|start
|switch|p1a: Eternatus|Eternatus|100/100
|switch|p2a: Behemoth|Groudon|100/100
|-ability|p1a: Eternatus|Pressure
|detailschange|p2a: Behemoth|Groudon-Primal
|-primal|p2a: Behemoth
|-weather|DesolateLand|[from] ability: Desolate Land|[of] p2a: Behemoth
|turn|1
|
|t:|1661423080
|switch|p1a: Giratina|Giratina-Origin|100/100
|move|p2a: Behemoth|Thunder Wave|p1a: Giratina
|-status|p1a: Giratina|par
|
|-weather|DesolateLand|[upkeep]
|upkeep
|turn|2
|
|t:|1661423089
|-weather|none
|switch|p2a: Lion of chaos|Necrozma-Dusk-Mane|100/100
|move|p1a: Giratina|Draco Meteor|p2a: Lion of chaos
|-resisted|p2a: Lion of chaos
|-damage|p2a: Lion of chaos|76/100
|-unboost|p1a: Giratina|spa|2
|
|-heal|p2a: Lion of chaos|82/100|[from] item: Leftovers
|upkeep
|turn|3
|j| ParththeTriumphant
|
|t:|1661423100
|switch|p2a: Behemoth|Groudon-Primal|100/100
|-weather|DesolateLand|[from] ability: Desolate Land|[of] p2a: Behemoth
|switch|p1a: Arcanine|Arcanine, M|100/100
|-ability|p1a: Arcanine|Intimidate|boost
|-unboost|p2a: Behemoth|atk|1
|
|-weather|DesolateLand|[upkeep]
|upkeep
|turn|4
|
|t:|1661423106
|switch|p1a: Giratina|Giratina-Origin|100/100 par
|move|p2a: Behemoth|Stealth Rock|p1a: Giratina
|-sidestart|p1: Ofjfdokjdf|move: Stealth Rock
|
|-weather|DesolateLand|[upkeep]
|upkeep
|turn|5
|
|t:|1661423108
|-weather|none
|switch|p2a: Ziz|Rayquaza|100/100
|-ability|p2a: Ziz|Air Lock
|move|p1a: Giratina|Defog|p2a: Ziz
|-unboost|p2a: Ziz|evasion|1
|-sideend|p1: Ofjfdokjdf|Stealth Rock|[from] move: Defog|[of] p1a: Giratina
|
|upkeep
|turn|6
|
|t:|1661423111
|switch|p1a: Arceus|Arceus-Fairy|100/100
|detailschange|p2a: Ziz|Rayquaza-Mega
|-mega|p2a: Ziz|Rayquaza|
|-weather|DeltaStream|[from] ability: Delta Stream|[of] p2a: Ziz
|move|p2a: Ziz|Draco Meteor|p1a: Arceus
|-immune|p1a: Arceus
|
|-weather|DeltaStream|[upkeep]
|upkeep
|turn|7
|
|t:|1661423117
|-weather|none
|switch|p2a: Lion of chaos|Necrozma-Dusk-Mane|82/100
|move|p1a: Arceus|Judgment|p2a: Lion of chaos
|-resisted|p2a: Lion of chaos
|-damage|p2a: Lion of chaos|63/100
|
|-heal|p2a: Lion of chaos|69/100|[from] item: Leftovers
|upkeep
|turn|8
|
|t:|1661423120
|move|p1a: Arceus|Will-O-Wisp|p2a: Lion of chaos
|-status|p2a: Lion of chaos|brn
|move|p2a: Lion of chaos|Morning Sun|p2a: Lion of chaos
|-heal|p2a: Lion of chaos|100/100 brn
|
|-damage|p2a: Lion of chaos|94/100 brn|[from] brn
|upkeep
|turn|9
|l| ParththeTriumphant
|c|☆Buck X|Cteamer noob
|c|☆Ofjfdokjdf|I didnt cteam
|inactive|Ofjfdokjdf has 270 seconds left.
|c|☆Ofjfdokjdf|I just pick generally good mons
|c|☆Buck X|Fairy Wisp Arcanine
|c|☆Ofjfdokjdf|fairy wisp is good generally
|c|☆Buck X|Gira 4 groudon
|
|t:|1661423168
|switch|p1a: Arcanine|Arcanine, M|100/100
|-ability|p1a: Arcanine|Intimidate|boost
|-unboost|p2a: Lion of chaos|atk|1
|switch|p2a: Behemoth|Groudon-Primal|100/100
|-weather|DesolateLand|[from] ability: Desolate Land|[of] p2a: Behemoth
|
|-weather|DesolateLand|[upkeep]
|upkeep
|turn|10
|c|☆Ofjfdokjdf|Groudon p common
|
|t:|1661423180
|switch|p1a: Giratina|Giratina-Origin|100/100 par
|move|p2a: Behemoth|Stealth Rock|p1a: Giratina
|-sidestart|p1: Ofjfdokjdf|move: Stealth Rock
|
|-weather|DesolateLand|[upkeep]
|upkeep
|turn|11
|l|☆Buck X
|inactive|Buck X disconnected and has 300 seconds to reconnect!
|player|p2|
|c|☆Ofjfdokjdf|Rip
|inactive|Buck X has 270 seconds to reconnect!
|j|☆Buck X
|inactive|Buck X reconnected and has 295 seconds left.
|player|p2|Buck X|lance-masters
|l|☆Ofjfdokjdf
|inactive|Ofjfdokjdf disconnected and has 300 seconds to reconnect!
|player|p1|
|
|t:|1661423226
|move|p2a: Behemoth|Stealth Rock||[still]
|-fail|p2a: Behemoth
|move|p1a: Giratina|Defog|p2a: Behemoth
|-unboost|p2a: Behemoth|evasion|1
|-sideend|p1: Ofjfdokjdf|Stealth Rock|[from] move: Defog|[of] p1a: Giratina
|
|-weather|DesolateLand|[upkeep]
|upkeep
|turn|12
|j|☆Ofjfdokjdf
|inactive|Ofjfdokjdf reconnected and has 275 seconds left.
|player|p1|Ofjfdokjdf|clown
|inactive|Ofjfdokjdf has 270 seconds left.
|
|t:|1661423245
|move|p2a: Behemoth|Stealth Rock|p1a: Giratina
|-sidestart|p1: Ofjfdokjdf|move: Stealth Rock
|move|p1a: Giratina|Draco Meteor|p2a: Behemoth
|-damage|p2a: Behemoth|60/100
|-unboost|p1a: Giratina|spa|2
|
|-weather|DesolateLand|[upkeep]
|upkeep
|turn|13
|inactive|Ofjfdokjdf has 270 seconds left.
|inactive|Buck X has 270 seconds left.
|
|t:|1661423291
|-weather|none
|switch|p2a: Ziz|Rayquaza-Mega|100/100
|-weather|DeltaStream|[from] ability: Delta Stream|[of] p2a: Ziz
|move|p1a: Giratina|Defog|p2a: Ziz
|-unboost|p2a: Ziz|evasion|1
|-sideend|p1: Ofjfdokjdf|Stealth Rock|[from] move: Defog|[of] p1a: Giratina
|
|-weather|DeltaStream|[upkeep]
|upkeep
|turn|14
|
|t:|1661423295
|switch|p1a: Arceus|Arceus-Fairy|100/100
|move|p2a: Ziz|Dragon Ascent|p1a: Arceus
|-damage|p1a: Arceus|29/100
|-unboost|p2a: Ziz|def|1
|-unboost|p2a: Ziz|spd|1
|-damage|p2a: Ziz|91/100|[from] item: Life Orb
|
|-weather|DeltaStream|[upkeep]
|upkeep
|turn|15
|
|t:|1661423299
|move|p1a: Arceus|Judgment|p2a: Ziz
|-supereffective|p2a: Ziz
|-damage|p2a: Ziz|0 fnt
|faint|p2a: Ziz
|-weather|none
|
|upkeep
|
|t:|1661423302
|switch|p2a: Buck’s alter ego|Marshadow|100/100
|turn|16
|
|t:|1661423305
|move|p2a: Buck’s alter ego|Poltergeist|p1a: Arceus
|-activate|p1a: Arceus|move: Poltergeist|Pixie Plate
|-damage|p1a: Arceus|0 fnt
|faint|p1a: Arceus
|
|upkeep
|
|t:|1661423307
|switch|p1a: Yveltal|Yveltal|100/100
|-ability|p1a: Yveltal|Dark Aura
|turn|17
|
|t:|1661423310
|switch|p2a: Rainbow of hell|Ho-Oh|100/100
|move|p1a: Yveltal|Toxic|p2a: Rainbow of hell
|-status|p2a: Rainbow of hell|tox
|
|-damage|p2a: Rainbow of hell|94/100 tox|[from] psn
|upkeep
|turn|18
|
|t:|1661423315
|switch|p1a: Eternatus|Eternatus|100/100
|-ability|p1a: Eternatus|Pressure
|switch|p2a: Behemoth|Groudon-Primal|60/100
|-weather|DesolateLand|[from] ability: Desolate Land|[of] p2a: Behemoth
|
|-weather|DesolateLand|[upkeep]
|upkeep
|turn|19
|
|t:|1661423325
|move|p1a: Eternatus|Dynamax Cannon|p2a: Behemoth
|-damage|p2a: Behemoth|29/100
|move|p2a: Behemoth|Stealth Rock|p1a: Eternatus
|-sidestart|p1: Ofjfdokjdf|move: Stealth Rock
|
|-weather|DesolateLand|[upkeep]
|upkeep
|turn|20
|
|t:|1661423333
|-weather|none
|switch|p2a: Lion of chaos|Necrozma-Dusk-Mane|94/100 brn
|move|p1a: Eternatus|Dynamax Cannon|p2a: Lion of chaos
|-resisted|p2a: Lion of chaos
|-damage|p2a: Lion of chaos|75/100 brn
|
|-heal|p2a: Lion of chaos|81/100 brn|[from] item: Leftovers
|-damage|p2a: Lion of chaos|75/100 brn|[from] brn
|upkeep
|turn|21
|
|t:|1661423337
|switch|p2a: Rainbow of hell|Ho-Oh|100/100 tox
|move|p1a: Eternatus|Flamethrower|p2a: Rainbow of hell
|-resisted|p2a: Rainbow of hell
|-damage|p2a: Rainbow of hell|93/100 tox
|
|-damage|p2a: Rainbow of hell|87/100 tox|[from] psn
|upkeep
|turn|22
|inactive|Buck X has 270 seconds left.
|
|t:|1661423382
|move|p1a: Eternatus|Toxic Spikes|p2a: Rainbow of hell
|-sidestart|p2: Buck X|move: Toxic Spikes
|move|p2a: Rainbow of hell|Sacred Fire|p1a: Eternatus
|-resisted|p1a: Eternatus
|-damage|p1a: Eternatus|84/100
|
|-heal|p1a: Eternatus|90/100|[from] item: Black Sludge
|-damage|p2a: Rainbow of hell|74/100 tox|[from] psn
|upkeep
|turn|23
|
|t:|1661423389
|move|p1a: Eternatus|Toxic Spikes|p2a: Rainbow of hell
|-sidestart|p2: Buck X|move: Toxic Spikes
|move|p2a: Rainbow of hell|Sacred Fire|p1a: Eternatus
|-resisted|p1a: Eternatus
|-damage|p1a: Eternatus|74/100
|-status|p1a: Eternatus|brn
|
|-heal|p1a: Eternatus|80/100 brn|[from] item: Black Sludge
|-damage|p2a: Rainbow of hell|56/100 tox|[from] psn
|-damage|p1a: Eternatus|74/100 brn|[from] brn
|upkeep
|turn|24
|
|t:|1661423393
|switch|p2a: Lion of chaos|Necrozma-Dusk-Mane|75/100 brn
|move|p1a: Eternatus|Dynamax Cannon|p2a: Lion of chaos
|-resisted|p2a: Lion of chaos
|-damage|p2a: Lion of chaos|56/100 brn
|
|-heal|p1a: Eternatus|80/100 brn|[from] item: Black Sludge
|-heal|p2a: Lion of chaos|62/100 brn|[from] item: Leftovers
|-damage|p1a: Eternatus|74/100 brn|[from] brn
|-damage|p2a: Lion of chaos|56/100 brn|[from] brn
|upkeep
|turn|25
|c|☆Ofjfdokjdf|Toxic spikes etait inutile ngl
|inactive|Buck X has 270 seconds left.
|c|☆Ofjfdokjdf|ta 4 mons immune a tspikes
|inactive|Buck X has 240 seconds left.
|
|t:|1661423455
|move|p1a: Eternatus|Flamethrower|p2a: Lion of chaos
|-supereffective|p2a: Lion of chaos
|-damage|p2a: Lion of chaos|19/100 brn
|move|p2a: Lion of chaos|Morning Sun|p2a: Lion of chaos
|-heal|p2a: Lion of chaos|69/100 brn
|
|-heal|p1a: Eternatus|80/100 brn|[from] item: Black Sludge
|-heal|p2a: Lion of chaos|75/100 brn|[from] item: Leftovers
|-damage|p1a: Eternatus|74/100 brn|[from] brn
|-damage|p2a: Lion of chaos|69/100 brn|[from] brn
|upkeep
|turn|26
|
|t:|1661423462
|switch|p1a: Arcanine|Arcanine, M|100/100
|-damage|p1a: Arcanine|76/100|[from] Stealth Rock
|-ability|p1a: Arcanine|Intimidate|boost
|-unboost|p2a: Lion of chaos|atk|1
|switch|p2a: Rainbow of hell|Ho-Oh|89/100 tox
|
|-damage|p2a: Rainbow of hell|82/100 tox|[from] psn
|upkeep
|turn|27
|
|t:|1661423472
|switch|p1a: Eternatus|Eternatus|74/100 brn
|-damage|p1a: Eternatus|62/100 brn|[from] Stealth Rock
|-ability|p1a: Eternatus|Pressure
|move|p2a: Rainbow of hell|Whirlwind|p1a: Eternatus
|drag|p1a: Yveltal|Yveltal|100/100
|-ability|p1a: Yveltal|Dark Aura
|
|-damage|p2a: Rainbow of hell|70/100 tox|[from] psn
|upkeep
|turn|28
|c|☆Ofjfdokjdf|U there?
|c|☆Ofjfdokjdf|wanna rematch w different team?
|
|t:|1661423485
|switch|p2a: Buck’s alter ego|Marshadow|100/100
|-status|p2a: Buck’s alter ego|tox
|move|p1a: Yveltal|Defog|p2a: Buck’s alter ego
|-unboost|p2a: Buck’s alter ego|evasion|1
|-sideend|p2: Buck X|Toxic Spikes|[from] move: Defog|[of] p1a: Yveltal
|-sideend|p1: Ofjfdokjdf|Stealth Rock|[from] move: Defog|[of] p1a: Yveltal
|
|-damage|p2a: Buck’s alter ego|94/100 tox|[from] psn
|upkeep
|turn|29
|
|t:|1661423492
|switch|p1a: Palkia|Palkia|100/100
|-ability|p1a: Palkia|Pressure
|move|p2a: Buck’s alter ego|Close Combat|p1a: Palkia
|-damage|p1a: Palkia|8/100
|-unboost|p2a: Buck’s alter ego|def|1
|-unboost|p2a: Buck’s alter ego|spd|1
|
|-damage|p2a: Buck’s alter ego|82/100 tox|[from] psn
|upkeep
|turn|30
|
|t:|1661423500
|switch|p1a: Arcanine|Arcanine, M|76/100
|-ability|p1a: Arcanine|Intimidate|boost
|-unboost|p2a: Buck’s alter ego|atk|1
|move|p2a: Buck’s alter ego|Close Combat|p1a: Arcanine
|-damage|p1a: Arcanine|27/100
|-unboost|p2a: Buck’s alter ego|def|1
|-unboost|p2a: Buck’s alter ego|spd|1
|-damage|p2a: Buck’s alter ego|65/100 tox|[from] item: Rocky Helmet|[of] p1a: Arcanine
|
|-damage|p2a: Buck’s alter ego|47/100 tox|[from] psn
|upkeep
|turn|31
|
|t:|1661423510
|switch|p2a: Raven of death|Yveltal|100/100
|-ability|p2a: Raven of death|Dark Aura
|switch|p1a: Palkia|Palkia|8/100
|-ability|p1a: Palkia|Pressure
|
|upkeep
|turn|32
|
|t:|1661423515
|move|p2a: Raven of death|Sucker Punch|p1a: Palkia
|-damage|p1a: Palkia|0 fnt
|faint|p1a: Palkia
|-damage|p2a: Raven of death|91/100|[from] item: Life Orb
|
|upkeep
|
|t:|1661423517
|switch|p1a: Arcanine|Arcanine, M|27/100
|-ability|p1a: Arcanine|Intimidate|boost
|-unboost|p2a: Raven of death|atk|1
|turn|33
|inactive|Buck X has 270 seconds left.
|
|t:|1661423541
|switch|p1a: Eternatus|Eternatus|62/100 brn
|-ability|p1a: Eternatus|Pressure
|move|p2a: Raven of death|Dark Pulse|p1a: Eternatus
|-damage|p1a: Eternatus|16/100 brn
|-damage|p2a: Raven of death|81/100|[from] item: Life Orb
|
|-heal|p1a: Eternatus|22/100 brn|[from] item: Black Sludge
|-damage|p1a: Eternatus|16/100 brn|[from] brn
|upkeep
|turn|34
|c|☆Ofjfdokjdf|Buck?
|
|t:|1661423550
|move|p2a: Raven of death|Dark Pulse|p1a: Eternatus
|-damage|p1a: Eternatus|0 fnt
|faint|p1a: Eternatus
|-damage|p2a: Raven of death|71/100|[from] item: Life Orb
|
|upkeep
|
|t:|1661423559
|switch|p1a: Yveltal|Yveltal|100/100
|-ability|p1a: Yveltal|Dark Aura
|turn|35
|c|☆Buck X|Sry
|c|☆Buck X|i challed
|c|☆Buck X|Lance
|c|☆Ofjfdokjdf|Ok
|inactive|Buck X has 270 seconds left.
|c|☆Ofjfdokjdf|Smart idea
|
|t:|1661423585
|switch|p2a: Rainbow of hell|Ho-Oh|100/100 tox
|move|p1a: Yveltal|Toxic|p2a: Rainbow of hell
|-fail|p2a: Rainbow of hell|tox
|
|-damage|p2a: Rainbow of hell|94/100 tox|[from] psn
|upkeep
|turn|36
|c|☆Ofjfdokjdf|lance is the strongest
|inactive|Buck X has 270 seconds left.
|c|☆Ofjfdokjdf|so if u get his medal
|c|☆Ofjfdokjdf|If u beat santa as well
|c|☆Ofjfdokjdf|Ur most likely champ
|inactive|Ofjfdokjdf has 270 seconds left.
|c|☆Buck X|Hurry
|
|t:|1661423615
|switch|p1a: Giratina|Giratina-Origin|100/100 par
|switch|p2a: Raven of death|Yveltal|71/100
|-ability|p2a: Raven of death|Dark Aura
|
|upkeep
|turn|37
|
|t:|1661423624
|switch|p1a: Yveltal|Yveltal|100/100
|-ability|p1a: Yveltal|Dark Aura
|-start|p2a: Raven of death|Dynamax|
|-heal|p2a: Raven of death|71/100|[silent]
|move|p2a: Raven of death|Max Darkness|p1a: Yveltal
|-resisted|p1a: Yveltal
|-damage|p1a: Yveltal|71/100
|-unboost|p1a: Yveltal|spd|1
|-damage|p2a: Raven of death|66/100|[from] item: Life Orb
|
|upkeep
|turn|38
|
|t:|1661423639
|move|p2a: Raven of death|Max Airstream|p1a: Yveltal
|-damage|p1a: Yveltal|0 fnt
|-boost|p2a: Raven of death|spe|1
|faint|p1a: Yveltal
|-damage|p2a: Raven of death|61/100|[from] item: Life Orb
|
|upkeep
|c|☆Buck X|Gg
|c|☆Ofjfdokjdf|Gg
|
|t:|1661423644
|switch|p1a: Giratina|Giratina-Origin|100/100 par
|turn|39
|
|t:|1661423647
|-start|p1a: Giratina|Dynamax|
|-heal|p1a: Giratina|100/100 par|[silent]
|move|p2a: Raven of death|Max Darkness|p1a: Giratina
|-supereffective|p1a: Giratina
|-damage|p1a: Giratina|20/100 par
|-unboost|p1a: Giratina|spd|1
|-damage|p2a: Raven of death|56/100|[from] item: Life Orb
|move|p1a: Giratina|Max Wyrmwind|p2a: Raven of death
|-damage|p2a: Raven of death|27/100
|-unboost|p2a: Raven of death|atk|1
|
|upkeep
|-end|p2a: Raven of death|Dynamax
|-heal|p2a: Raven of death|27/100|[silent]
|turn|40
|
|t:|1661423650
|move|p2a: Raven of death|Dark Pulse|p1a: Giratina
|-supereffective|p1a: Giratina
|-damage|p1a: Giratina|0 fnt
|faint|p1a: Giratina
|-damage|p2a: Raven of death|17/100|[from] item: Life Orb
|
|upkeep
|c|☆Ofjfdokjdf|Im rusted a lot lol
|
|t:|1661423665
|switch|p1a: Arcanine|Arcanine, M|27/100
|-ability|p1a: Arcanine|Intimidate|boost
|-unboost|p2a: Raven of death|atk|1
|turn|41
|
|t:|1661423684
|move|p2a: Raven of death|Dark Pulse|p1a: Arcanine
|-damage|p1a: Arcanine|0 fnt
|faint|p1a: Arcanine
|-damage|p2a: Raven of death|7/100|[from] item: Life Orb
|
|win|Buck X
