|j|☆Kunwarstein
|j|☆I'll meme
|t:|1626844412
|gametype|singles
|player|p1|Kunwarstein|265|1274
|player|p2|I'll meme|102|1158
|teamsize|p1|6
|teamsize|p2|6
|gen|8
|tier|[Gen 8] National Dex AG
|rated|
|rule|HP Percentage Mod: HP is shown in percentages
|rule|Endless Battle Clause: Forcing endless battles is banned
|clearpoke
|poke|p1|Charizard, F|
|poke|p1|Pyukumuku, M|
|poke|p1|Darmanitan-Galar, M|
|poke|p1|Malamar, M|
|poke|p1|Serperior, M|
|poke|p1|Blastoise, M|
|poke|p2|Eevee, M|
|poke|p2|Drifblim, M|
|poke|p2|Espeon, M|
|poke|p2|Blaziken, M|
|poke|p2|Breloom, F|
|poke|p2|Marshadow|
|teampreview
|inactive|Battle timer is ON: inactive players will automatically lose when time's up. (requested by Kunwarstein)
|
|t:|1626844417
|start
|switch|p1a: Malamar|Malamar, M|100/100
|switch|p2a: Eevee|Eevee, M|100/100
|-ability|p2a: Eevee|Anticipation
|turn|1
|
|t:|1626844443
|move|p1a: Malamar|Knock Off|p2a: Eevee
|-damage|p2a: Eevee|49/100
|move|p2a: Eevee|Yawn|p1a: Malamar
|-start|p1a: Malamar|move: Yawn|[of] p2a: Eevee
|
|upkeep
|turn|2
|
|t:|1626844451
|move|p1a: Malamar|Superpower|p2a: Eevee
|-supereffective|p2a: Eevee
|-damage|p2a: Eevee|0 fnt
|-boost|p1a: Malamar|atk|1
|-boost|p1a: Malamar|def|1
|faint|p2a: Eevee
|
|-end|p1a: Malamar|move: Yawn|[silent]
|-status|p1a: Malamar|slp
|upkeep
|
|t:|1626844454
|switch|p2a: Drifblim|Drifblim, M|100/100
|turn|3
|
|t:|1626844459
|cant|p1a: Malamar|slp
|move|p2a: Drifblim|Minimize|p2a: Drifblim
|-boost|p2a: Drifblim|evasion|2
|
|upkeep
|turn|4
|
|t:|1626844468
|-curestatus|p1a: Malamar|slp|[msg]
|move|p1a: Malamar|Topsy-Turvy|p2a: Drifblim
|-invertboost|p2a: Drifblim|[from] move: Topsy-Turvy
|move|p2a: Drifblim|Minimize|p2a: Drifblim
|-boost|p2a: Drifblim|evasion|2
|
|upkeep
|turn|5
|
|t:|1626844476
|move|p1a: Malamar|Knock Off|p2a: Drifblim
|-supereffective|p2a: Drifblim
|-enditem|p2a: Drifblim|Focus Sash
|-damage|p2a: Drifblim|1/100
|move|p2a: Drifblim|Minimize|p2a: Drifblim
|-boost|p2a: Drifblim|evasion|2
|
|upkeep
|turn|6
|
|t:|1626844482
|move|p2a: Drifblim|Minimize|p2a: Drifblim
|-boost|p2a: Drifblim|evasion|2
|move|p1a: Malamar|Topsy-Turvy|p2a: Drifblim
|-invertboost|p2a: Drifblim|[from] move: Topsy-Turvy
|
|upkeep
|turn|7
|
|t:|1626844487
|move|p2a: Drifblim|Memento|p1a: Malamar
|-boost|p1a: Malamar|atk|2
|-boost|p1a: Malamar|spa|2
|faint|p2a: Drifblim
|move|p1a: Malamar|Knock Off|p2: Drifblim|[notarget]
|-fail|p1a: Malamar
|
|upkeep
|-message|I'll meme forfeited.
|
|win|Kunwarstein
|raw|Kunwarstein's rating: 1274 &rarr; <strong>1291</strong><br />(+17 for winning)
|raw|I&apos;ll meme's rating: 1158 &rarr; <strong>1141</strong><br />(-17 for losing)
|l|☆I'll meme
