|j|☆MiguelRRM
|j|☆CLEAR GEM清瑜
|t:|1665035141
|gametype|singles
|player|p1|MiguelRRM|lucas|1862
|player|p2|CLEAR GEM清瑜|skierf|1949
|teamsize|p1|6
|teamsize|p2|6
|gen|8
|tier|[Gen 8] National Dex AG
|rated|
|rule|HP Percentage Mod: HP is shown in percentages
|rule|Endless Battle Clause: Forcing endless battles is banned
|clearpoke
|poke|p1|Yveltal|
|poke|p1|Ho-Oh|
|poke|p1|Rayquaza|
|poke|p1|Necrozma-Dusk-Mane|
|poke|p1|Calyrex-Shadow|
|poke|p1|Smeargle, M|
|poke|p2|Rayquaza|
|poke|p2|Groudon|
|poke|p2|Necrozma-Dusk-Mane|
|poke|p2|Arceus-*|
|poke|p2|Zacian-*|
|poke|p2|Yveltal|
|teampreview
|inactive|Battle timer is ON: inactive players will automatically lose when time's up. (requested by CLEAR GEM清瑜)
|
|t:|1665035146
|start
|switch|p1a: Smeargle|Smeargle, M|100/100
|switch|p2a: 老烈|Rayquaza, shiny|100/100
|-ability|p2a: 老烈|Air Lock
|turn|1
|
|t:|1665035149
|detailschange|p2a: 老烈|Rayquaza-Mega, shiny
|-mega|p2a: 老烈|Rayquaza|
|-weather|DeltaStream|[from] ability: Delta Stream|[of] p2a: 老烈
|move|p2a: 老烈|Scale Shot|p1a: Smeargle
|-crit|p1a: Smeargle
|-damage|p1a: Smeargle|28/100
|-crit|p1a: Smeargle
|-damage|p1a: Smeargle|0 fnt
|faint|p1a: Smeargle
|-hitcount|p1: Smeargle|2
|-unboost|p2a: 老烈|def|1
|-boost|p2a: 老烈|spe|1
|-damage|p2a: 老烈|91/100|[from] item: Life Orb
|
|-weather|DeltaStream|[upkeep]
|upkeep
|
|t:|1665035156
|switch|p1a: Rayquaza|Rayquaza|100/100
|-ability|p1a: Rayquaza|Air Lock
|turn|2
|
|t:|1665035160
|switch|p1a: Necrozma|Necrozma-Dusk-Mane|100/100
|move|p2a: 老烈|Scale Shot|p1a: Necrozma
|-resisted|p1a: Necrozma
|-damage|p1a: Necrozma|94/100
|-resisted|p1a: Necrozma
|-damage|p1a: Necrozma|88/100
|-hitcount|p1a: Necrozma|2
|-unboost|p2a: 老烈|def|1
|-boost|p2a: 老烈|spe|1
|-damage|p2a: 老烈|81/100|[from] item: Life Orb
|
|-weather|DeltaStream|[upkeep]
|upkeep
|turn|3
|
|t:|1665035163
|move|p2a: 老烈|Earthquake|p1a: Necrozma
|-supereffective|p1a: Necrozma
|-damage|p1a: Necrozma|37/100
|-damage|p2a: 老烈|71/100|[from] item: Life Orb
|move|p1a: Necrozma|Stealth Rock|p2a: 老烈
|-sidestart|p2: CLEAR GEM清瑜|move: Stealth Rock
|
|-weather|DeltaStream|[upkeep]
|upkeep
|turn|4
|
|t:|1665035167
|move|p2a: 老烈|Earthquake|p1a: Necrozma
|-supereffective|p1a: Necrozma
|-damage|p1a: Necrozma|0 fnt
|faint|p1a: Necrozma
|-damage|p2a: 老烈|61/100|[from] item: Life Orb
|
|-weather|DeltaStream|[upkeep]
|upkeep
|
|t:|1665035170
|switch|p1a: Rayquaza|Rayquaza|100/100
|-ability|p1a: Rayquaza|Air Lock
|turn|5
|
|t:|1665035174
|detailschange|p1a: Rayquaza|Rayquaza-Mega
|-mega|p1a: Rayquaza|Rayquaza|
|move|p1a: Rayquaza|Extreme Speed|p2a: 老烈
|-damage|p2a: 老烈|0 fnt
|faint|p2a: 老烈
|
|-weather|DeltaStream|[upkeep]
|upkeep
|
|t:|1665035178
|switch|p2a: 不会(?)|Groudon|100/100
|-damage|p2a: 不会(?)|94/100|[from] Stealth Rock
|detailschange|p2a: 不会(?)|Groudon-Primal
|-primal|p2a: 不会(?)
|-weather|DesolateLand|[from] ability: Desolate Land|[of] p2a: 不会(?)
|turn|6
|
|t:|1665035181
|move|p1a: Rayquaza|Dragon Dance|p1a: Rayquaza
|-boost|p1a: Rayquaza|atk|1
|-boost|p1a: Rayquaza|spe|1
|move|p2a: 不会(?)|Thunder Wave|p1a: Rayquaza
|-status|p1a: Rayquaza|par
|
|-weather|DesolateLand|[upkeep]
|upkeep
|turn|7
|
|t:|1665035184
|move|p1a: Rayquaza|Dragon Ascent|p2a: 不会(?)
|-damage|p2a: 不会(?)|37/100
|-unboost|p1a: Rayquaza|def|1
|-unboost|p1a: Rayquaza|spd|1
|move|p2a: 不会(?)|Stealth Rock|p1a: Rayquaza
|-sidestart|p1: MiguelRRM|move: Stealth Rock
|
|-weather|DesolateLand|[upkeep]
|upkeep
|turn|8
|
|t:|1665035188
|cant|p1a: Rayquaza|par
|move|p2a: 不会(?)|Roar|p1a: Rayquaza
|drag|p1a: Calyrex|Calyrex-Shadow|100/100
|-ability|p1a: Calyrex|As One
|-ability|p1a: Calyrex|Unnerve
|-damage|p1a: Calyrex|88/100|[from] Stealth Rock
|
|-weather|DesolateLand|[upkeep]
|upkeep
|turn|9
|
|t:|1665035190
|move|p1a: Calyrex|Astral Barrage|p2a: 不会(?)
|-damage|p2a: 不会(?)|0 fnt
|faint|p2a: 不会(?)
|-weather|none
|-ability|p1a: Calyrex|Grim Neigh|boost
|-boost|p1a: Calyrex|spa|1
|
|upkeep
|
|t:|1665035192
|switch|p2a: Y鸟|Yveltal|100/100
|-damage|p2a: Y鸟|76/100|[from] Stealth Rock
|-ability|p2a: Y鸟|Dark Aura
|turn|10
|
|t:|1665035194
|-start|p2a: Y鸟|Dynamax|
|-heal|p2a: Y鸟|76/100|[silent]
|move|p1a: Calyrex|Draining Kiss|p2a: Y鸟
|-supereffective|p2a: Y鸟
|-damage|p2a: Y鸟|47/100
|-heal|p1a: Calyrex|100/100|[from] drain|[of] p2a: Y鸟
|move|p2a: Y鸟|Max Airstream|p1a: Calyrex
|-enditem|p1a: Calyrex|Focus Sash
|-damage|p1a: Calyrex|1/100
|-boost|p2a: Y鸟|spe|1
|-damage|p2a: Y鸟|42/100|[from] item: Life Orb
|
|upkeep
|turn|11
|
|t:|1665035199
|move|p2a: Y鸟|Max Airstream|p1a: Calyrex
|-damage|p1a: Calyrex|0 fnt
|-boost|p2a: Y鸟|spe|1
|faint|p1a: Calyrex
|-damage|p2a: Y鸟|37/100|[from] item: Life Orb
|
|upkeep
|
|t:|1665035202
|switch|p1a: Ho-Oh|Ho-Oh|100/100
|turn|12
|
|t:|1665035205
|move|p2a: Y鸟|Max Darkness|p1a: Ho-Oh
|-damage|p1a: Ho-Oh|42/100
|-unboost|p1a: Ho-Oh|spd|1
|-damage|p2a: Y鸟|32/100|[from] item: Life Orb
|move|p1a: Ho-Oh|Sacred Fire|p2a: Y鸟
|-crit|p2a: Y鸟
|-damage|p2a: Y鸟|3/100
|
|upkeep
|-end|p2a: Y鸟|Dynamax
|-heal|p2a: Y鸟|3/100|[silent]
|turn|13
|
|t:|1665035209
|move|p2a: Y鸟|Dark Pulse|p1a: Ho-Oh
|-damage|p1a: Ho-Oh|0 fnt
|faint|p1a: Ho-Oh
|-damage|p2a: Y鸟|0 fnt|[from] item: Life Orb
|faint|p2a: Y鸟
|
|upkeep
|
|t:|1665035212
|switch|p2a: 嘉然小姐的狗|Zacian-Crowned|100/100
|switch|p1a: Rayquaza|Rayquaza-Mega|100/100 par
|-damage|p2a: 嘉然小姐的狗|94/100|[from] Stealth Rock
|-ability|p2a: 嘉然小姐的狗|Intrepid Sword|boost
|-boost|p2a: 嘉然小姐的狗|atk|1
|-damage|p1a: Rayquaza|76/100 par|[from] Stealth Rock
|-weather|DeltaStream|[from] ability: Delta Stream|[of] p1a: Rayquaza
|turn|14
|
|t:|1665035214
|move|p2a: 嘉然小姐的狗|Behemoth Blade|p1a: Rayquaza
|-damage|p1a: Rayquaza|0 fnt
|faint|p1a: Rayquaza
|-weather|none
|
|upkeep
|-message|MiguelRRM forfeited.
|
|win|CLEAR GEM清瑜
|raw|MiguelRRM's rating: 1862 &rarr; <strong>1847</strong><br />(-15 for losing)
|raw|CLEAR GEM清瑜's rating: 1949 &rarr; <strong>1964</strong><br />(+15 for winning)
|l|☆MiguelRRM
