|j|☆lemoncell0
|j|☆Pr3ssur3
|t:|1655839776
|gametype|singles
|player|p1|lemoncell0|allister|1848
|player|p2|Pr3ssur3|cheren|1989
|teamsize|p1|6
|teamsize|p2|6
|gen|8
|tier|[Gen 8] National Dex AG
|rated|
|rule|HP Percentage Mod: HP is shown in percentages
|rule|Endless Battle Clause: Forcing endless battles is banned
|clearpoke
|poke|p1|Tyranitar, M|
|poke|p1|Quagsire, M|
|poke|p1|Zacian-*|
|poke|p1|Ditto|
|poke|p1|Vivillon-Monsoon, F|
|poke|p1|Latias, F|
|poke|p2|Necrozma-Dusk-Mane|
|poke|p2|Arceus-*|
|poke|p2|Arceus-*|
|poke|p2|Eternatus|
|poke|p2|Rayquaza|
|poke|p2|Yveltal|
|teampreview
|inactive|Battle timer is ON: inactive players will automatically lose when time's up. (requested by Pr3ssur3)
|
|t:|1655839794
|start
|switch|p1a: Latias|Latias, F|100/100
|switch|p2a: Eternatus|Eternatus|100/100
|-ability|p2a: Eternatus|Pressure
|turn|1
|
|t:|1655839805
|switch|p1a: Tyranitar|Tyranitar, M|100/100
|-weather|Sandstorm|[from] ability: Sand Stream|[of] p1a: Tyranitar
|move|p2a: Eternatus|Sludge Bomb|p1a: Tyranitar
|-resisted|p1a: Tyranitar
|-damage|p1a: Tyranitar|91/100
|
|-weather|Sandstorm|[upkeep]
|-damage|p2a: Eternatus|94/100|[from] Sandstorm
|-heal|p1a: Tyranitar|98/100|[from] item: Leftovers
|upkeep
|turn|2
|
|t:|1655839809
|move|p2a: Eternatus|Sludge Bomb|p1a: Tyranitar
|-resisted|p1a: Tyranitar
|-damage|p1a: Tyranitar|89/100
|move|p1a: Tyranitar|Stealth Rock|p2a: Eternatus
|-sidestart|p2: Pr3ssur3|move: Stealth Rock
|
|-weather|Sandstorm|[upkeep]
|-damage|p2a: Eternatus|88/100|[from] Sandstorm
|-heal|p1a: Tyranitar|96/100|[from] item: Leftovers
|upkeep
|turn|3
|
|t:|1655839812
|move|p2a: Eternatus|Toxic Spikes|p1a: Tyranitar
|-sidestart|p1: lemoncell0|move: Toxic Spikes
|move|p1a: Tyranitar|Rock Tomb|p2a: Eternatus
|-damage|p2a: Eternatus|70/100
|-unboost|p2a: Eternatus|spe|1
|
|-weather|Sandstorm|[upkeep]
|-damage|p2a: Eternatus|64/100|[from] Sandstorm
|-heal|p1a: Tyranitar|100/100|[from] item: Leftovers
|upkeep
|turn|4
|
|t:|1655839816
|switch|p1a: Vivillon|Vivillon-Monsoon, F|100/100
|move|p2a: Eternatus|Sludge Bomb|p1a: Vivillon
|-damage|p1a: Vivillon|16/100
|
|-weather|Sandstorm|[upkeep]
|-damage|p1a: Vivillon|10/100|[from] Sandstorm
|-damage|p2a: Eternatus|58/100|[from] Sandstorm
|-heal|p1a: Vivillon|16/100|[from] item: Leftovers
|upkeep
|turn|5
|
|t:|1655839823
|switch|p2a: Arceus|Arceus-Dark|100/100
|-damage|p2a: Arceus|88/100|[from] Stealth Rock
|move|p1a: Vivillon|Sleep Powder|p2a: Arceus
|-status|p2a: Arceus|slp|[from] move: Sleep Powder
|
|-weather|none
|-heal|p1a: Vivillon|22/100|[from] item: Leftovers
|upkeep
|turn|6
|
|t:|1655839827
|switch|p1a: Zacian|Zacian-Crowned|100/100
|-ability|p1a: Zacian|Intrepid Sword|boost
|-boost|p1a: Zacian|atk|1
|cant|p2a: Arceus|slp
|
|upkeep
|turn|7
|
|t:|1655839833
|switch|p2a: Arceus|Arceus-Ground|100/100
|-damage|p2a: Arceus|94/100|[from] Stealth Rock
|move|p1a: Zacian|Assurance|p2a: Arceus
|-damage|p2a: Arceus|50/100
|
|upkeep
|turn|8
|j| trick or tit
|
|t:|1655839847
|switch|p2a: Necrozma|Necrozma-Dusk-Mane|100/100
|-damage|p2a: Necrozma|94/100|[from] Stealth Rock
|move|p1a: Zacian|Assurance|p2a: Necrozma
|-supereffective|p2a: Necrozma
|-damage|p2a: Necrozma|32/100
|-damage|p1a: Zacian|84/100|[from] item: Rocky Helmet|[of] p2a: Necrozma
|
|upkeep
|turn|9
|
|t:|1655839853
|-start|p2a: Necrozma|Dynamax|
|-heal|p2a: Necrozma|32/100|[silent]
|move|p1a: Zacian|Close Combat|p2a: Necrozma
|-damage|p2a: Necrozma|10/100
|-unboost|p1a: Zacian|def|1
|-unboost|p1a: Zacian|spd|1
|-damage|p1a: Zacian|67/100|[from] item: Rocky Helmet|[of] p2a: Necrozma
|move|p2a: Necrozma|Max Steelspike|p1a: Zacian
|-damage|p1a: Zacian|0 fnt
|-boost|p2a: Necrozma|def|1
|faint|p1a: Zacian
|
|upkeep
|
|t:|1655839875
|switch|p1a: Vivillon|Vivillon-Monsoon, F|22/100
|turn|10
|
|t:|1655839880
|move|p1a: Vivillon|Sleep Powder|p2a: Necrozma
|-status|p2a: Necrozma|slp|[from] move: Sleep Powder
|cant|p2a: Necrozma|slp
|
|-heal|p1a: Vivillon|28/100|[from] item: Leftovers
|upkeep
|turn|11
|
|t:|1655839883
|move|p1a: Vivillon|Quiver Dance|p1a: Vivillon
|-boost|p1a: Vivillon|spa|1
|-boost|p1a: Vivillon|spd|1
|-boost|p1a: Vivillon|spe|1
|cant|p2a: Necrozma|slp
|
|-heal|p1a: Vivillon|34/100|[from] item: Leftovers
|upkeep
|-end|p2a: Necrozma|Dynamax
|-heal|p2a: Necrozma|10/100 slp|[silent]
|turn|12
|
|t:|1655839886
|move|p1a: Vivillon|Substitute|p1a: Vivillon
|-start|p1a: Vivillon|Substitute
|-damage|p1a: Vivillon|9/100
|cant|p2a: Necrozma|slp
|
|-heal|p1a: Vivillon|15/100|[from] item: Leftovers
|upkeep
|turn|13
|
|t:|1655839889
|move|p1a: Vivillon|Hurricane|p2a: Necrozma
|-resisted|p2a: Necrozma
|-damage|p2a: Necrozma|0 fnt
|faint|p2a: Necrozma
|
|-heal|p1a: Vivillon|21/100|[from] item: Leftovers
|upkeep
|
|t:|1655839894
|switch|p2a: Arceus|Arceus-Dark|88/100 slp
|-damage|p2a: Arceus|75/100 slp|[from] Stealth Rock
|turn|14
|
|t:|1655839897
|move|p1a: Vivillon|Hurricane|p2a: Arceus
|-damage|p2a: Arceus|49/100 slp
|-start|p2a: Arceus|confusion
|cant|p2a: Arceus|slp
|
|-heal|p1a: Vivillon|27/100|[from] item: Leftovers
|upkeep
|turn|15
|
|t:|1655839915
|move|p1a: Vivillon|Hurricane|p2a: Arceus
|-damage|p2a: Arceus|20/100 slp
|-curestatus|p2a: Arceus|slp|[msg]
|-activate|p2a: Arceus|confusion
|move|p2a: Arceus|Perish Song|p2a: Arceus
|-start|p1a: Vivillon|perish3|[silent]
|-start|p2a: Arceus|perish3|[silent]
|-fieldactivate|move: Perish Song
|
|-heal|p1a: Vivillon|33/100|[from] item: Leftovers
|-start|p1a: Vivillon|perish3
|-start|p2a: Arceus|perish3
|upkeep
|turn|16
|
|t:|1655839924
|move|p1a: Vivillon|Hurricane|p2a: Arceus|[miss]
|-miss|p1a: Vivillon|p2a: Arceus
|-activate|p2a: Arceus|confusion
|move|p2a: Arceus|Recover|p2a: Arceus
|-heal|p2a: Arceus|70/100
|
|-heal|p1a: Vivillon|39/100|[from] item: Leftovers
|-start|p1a: Vivillon|perish2
|-start|p2a: Arceus|perish2
|upkeep
|turn|17
|
|t:|1655839934
|switch|p2a: Arceus|Arceus-Ground|50/100
|-damage|p2a: Arceus|44/100|[from] Stealth Rock
|move|p1a: Vivillon|Sleep Powder|p2a: Arceus
|-status|p2a: Arceus|slp|[from] move: Sleep Powder
|
|-heal|p1a: Vivillon|45/100|[from] item: Leftovers
|-start|p1a: Vivillon|perish1
|upkeep
|turn|18
|
|t:|1655839942
|switch|p1a: Latias|Latias, F|100/100
|switch|p2a: Rayquaza|Rayquaza|100/100
|-damage|p2a: Rayquaza|76/100|[from] Stealth Rock
|-ability|p2a: Rayquaza|Air Lock
|
|upkeep
|turn|19
|
|t:|1655839961
|switch|p1a: Quagsire|Quagsire, M|100/100
|-status|p1a: Quagsire|psn
|detailschange|p2a: Rayquaza|Rayquaza-Mega
|-mega|p2a: Rayquaza|Rayquaza|
|-weather|DeltaStream|[from] ability: Delta Stream|[of] p2a: Rayquaza
|move|p2a: Rayquaza|Dragon Ascent|p1a: Quagsire
|-damage|p1a: Quagsire|13/100 psn
|-unboost|p2a: Rayquaza|def|1
|-unboost|p2a: Rayquaza|spd|1
|-damage|p2a: Rayquaza|59/100|[from] item: Rocky Helmet|[of] p1a: Quagsire
|
|-weather|DeltaStream|[upkeep]
|-damage|p1a: Quagsire|0 fnt|[from] psn
|faint|p1a: Quagsire
|upkeep
|
|t:|1655839963
|switch|p1a: Ditto|Ditto|100/100
|-status|p1a: Ditto|psn
|-transform|p1a: Ditto|p2a: Rayquaza|[from] ability: Imposter
|turn|20
|
|t:|1655839975
|switch|p2a: Arceus|Arceus-Ground|44/100 slp
|-damage|p2a: Arceus|38/100 slp|[from] Stealth Rock
|move|p1a: Ditto|Dragon Ascent|p2a: Arceus
|-damage|p2a: Arceus|0 fnt
|-unboost|p1a: Ditto|def|1
|-unboost|p1a: Ditto|spd|1
|faint|p2a: Arceus
|
|-weather|DeltaStream|[upkeep]
|-damage|p1a: Ditto|88/100 psn|[from] psn
|upkeep
|
|t:|1655839982
|switch|p2a: Yveltal|Yveltal|100/100
|-ability|p2a: Yveltal|Dark Aura
|turn|21
|
|t:|1655839999
|-weather|none
|switch|p1a: Tyranitar|Tyranitar, M|100/100
|-status|p1a: Tyranitar|psn
|-weather|Sandstorm|[from] ability: Sand Stream|[of] p1a: Tyranitar
|move|p2a: Yveltal|Defog|p1a: Tyranitar
|-unboost|p1a: Tyranitar|evasion|1
|-sideend|p1: lemoncell0|Toxic Spikes|[from] move: Defog|[of] p2a: Yveltal
|-sideend|p2: Pr3ssur3|Stealth Rock|[from] move: Defog|[of] p2a: Yveltal
|
|-weather|Sandstorm|[upkeep]
|-damage|p2a: Yveltal|94/100|[from] Sandstorm
|-damage|p1a: Tyranitar|88/100 psn|[from] psn
|upkeep
|turn|22
|
|t:|1655840008
|move|p2a: Yveltal|U-turn|p1a: Tyranitar
|-supereffective|p1a: Tyranitar
|-damage|p1a: Tyranitar|58/100 psn
|
|t:|1655840012
|switch|p2a: Arceus|Arceus-Dark|70/100|[from]move: U-turn
|move|p1a: Tyranitar|Rock Tomb|p2a: Arceus
|-damage|p2a: Arceus|54/100
|-unboost|p2a: Arceus|spe|1
|
|-weather|Sandstorm|[upkeep]
|-damage|p2a: Arceus|48/100|[from] Sandstorm
|-heal|p1a: Tyranitar|64/100 psn|[from] item: Leftovers
|-damage|p1a: Tyranitar|52/100 psn|[from] psn
|upkeep
|turn|23
|
|t:|1655840018
|switch|p1a: Vivillon|Vivillon-Monsoon, F|45/100
|move|p2a: Arceus|Recover|p2a: Arceus
|-heal|p2a: Arceus|98/100
|
|-weather|Sandstorm|[upkeep]
|-damage|p1a: Vivillon|39/100|[from] Sandstorm
|-damage|p2a: Arceus|92/100|[from] Sandstorm
|-heal|p1a: Vivillon|45/100|[from] item: Leftovers
|upkeep
|turn|24
|
|t:|1655840024
|move|p1a: Vivillon|Sleep Powder|p2a: Arceus
|-status|p2a: Arceus|slp|[from] move: Sleep Powder
|cant|p2a: Arceus|slp
|
|-weather|Sandstorm|[upkeep]
|-damage|p1a: Vivillon|39/100|[from] Sandstorm
|-damage|p2a: Arceus|85/100 slp|[from] Sandstorm
|-heal|p1a: Vivillon|45/100|[from] item: Leftovers
|upkeep
|turn|25
|
|t:|1655840029
|move|p1a: Vivillon|Quiver Dance|p1a: Vivillon
|-boost|p1a: Vivillon|spa|1
|-boost|p1a: Vivillon|spd|1
|-boost|p1a: Vivillon|spe|1
|cant|p2a: Arceus|slp
|
|-weather|none
|-heal|p1a: Vivillon|51/100|[from] item: Leftovers
|upkeep
|turn|26
|
|t:|1655840037
|move|p1a: Vivillon|Hurricane|p2a: Arceus
|-damage|p2a: Arceus|58/100 slp
|-start|p2a: Arceus|confusion
|cant|p2a: Arceus|slp
|
|-heal|p1a: Vivillon|57/100|[from] item: Leftovers
|upkeep
|turn|27
|
|t:|1655840043
|-start|p1a: Vivillon|Dynamax|
|-heal|p1a: Vivillon|57/100|[silent]
|move|p1a: Vivillon|Max Airstream|p2a: Arceus
|-damage|p2a: Arceus|21/100 slp
|-boost|p1a: Vivillon|spe|1
|-curestatus|p2a: Arceus|slp|[msg]
|-activate|p2a: Arceus|confusion
|move|p2a: Arceus|Perish Song|p2a: Arceus
|-start|p1a: Vivillon|perish3|[silent]
|-start|p2a: Arceus|perish3|[silent]
|-fieldactivate|move: Perish Song
|
|-heal|p1a: Vivillon|60/100|[from] item: Leftovers
|-start|p1a: Vivillon|perish3
|-start|p2a: Arceus|perish3
|upkeep
|turn|28
|
|t:|1655840048
|switch|p2a: Yveltal|Yveltal|94/100
|-ability|p2a: Yveltal|Dark Aura
|move|p1a: Vivillon|Max Airstream|p2a: Yveltal
|-damage|p2a: Yveltal|50/100
|-boost|p1a: Vivillon|spe|1
|
|-heal|p1a: Vivillon|63/100|[from] item: Leftovers
|-start|p1a: Vivillon|perish2
|upkeep
|turn|29
|
|t:|1655840053
|move|p1a: Vivillon|Max Airstream|p2a: Yveltal
|-damage|p2a: Yveltal|8/100
|-boost|p1a: Vivillon|spe|1
|move|p2a: Yveltal|Roost|p2a: Yveltal
|-heal|p2a: Yveltal|59/100
|-singleturn|p2a: Yveltal|move: Roost
|
|-heal|p1a: Vivillon|66/100|[from] item: Leftovers
|-start|p1a: Vivillon|perish1
|upkeep
|-end|p1a: Vivillon|Dynamax
|-heal|p1a: Vivillon|66/100|[silent]
|turn|30
|
|t:|1655840059
|switch|p1a: Tyranitar|Tyranitar, M|52/100 psn
|-weather|Sandstorm|[from] ability: Sand Stream|[of] p1a: Tyranitar
|move|p2a: Yveltal|U-turn|p1a: Tyranitar
|-supereffective|p1a: Tyranitar
|-damage|p1a: Tyranitar|19/100 psn
|
|t:|1655840064
|switch|p2a: Arceus|Arceus-Dark|21/100|[from]move: U-turn
|
|-weather|Sandstorm|[upkeep]
|-damage|p2a: Arceus|15/100|[from] Sandstorm
|-heal|p1a: Tyranitar|25/100 psn|[from] item: Leftovers
|-damage|p1a: Tyranitar|12/100 psn|[from] psn
|upkeep
|turn|31
|
|t:|1655840068
|move|p2a: Arceus|Recover|p2a: Arceus
|-heal|p2a: Arceus|65/100
|move|p1a: Tyranitar|Rock Tomb|p2a: Arceus
|-damage|p2a: Arceus|47/100
|-unboost|p2a: Arceus|spe|1
|
|-weather|Sandstorm|[upkeep]
|-damage|p2a: Arceus|41/100|[from] Sandstorm
|-heal|p1a: Tyranitar|19/100 psn|[from] item: Leftovers
|-damage|p1a: Tyranitar|6/100 psn|[from] psn
|upkeep
|turn|32
|
|t:|1655840073
|move|p2a: Arceus|Recover|p2a: Arceus
|-heal|p2a: Arceus|91/100
|move|p1a: Tyranitar|Roar|p2a: Arceus
|drag|p2a: Rayquaza|Rayquaza-Mega|59/100
|-weather|DeltaStream|[from] ability: Delta Stream|[of] p2a: Rayquaza
|
|-weather|DeltaStream|[upkeep]
|-heal|p1a: Tyranitar|12/100 psn|[from] item: Leftovers
|-damage|p1a: Tyranitar|0 fnt|[from] psn
|faint|p1a: Tyranitar
|upkeep
|
|t:|1655840076
|switch|p1a: Ditto|Ditto|88/100 psn
|-transform|p1a: Ditto|p2a: Rayquaza|[from] ability: Imposter
|turn|33
|
|t:|1655840093
|switch|p2a: Eternatus|Eternatus|58/100
|-ability|p2a: Eternatus|Pressure
|move|p1a: Ditto|Outrage|p2a: Eternatus
|-supereffective|p2a: Eternatus
|-damage|p2a: Eternatus|0 fnt
|faint|p2a: Eternatus
|
|-weather|DeltaStream|[upkeep]
|-damage|p1a: Ditto|76/100 psn|[from] psn
|upkeep
|
|t:|1655840099
|switch|p2a: Arceus|Arceus-Dark|91/100
|turn|34
|
|t:|1655840108
|move|p1a: Ditto|Outrage|p2a: Arceus|[from]lockedmove
|-damage|p2a: Arceus|33/100
|move|p2a: Arceus|Recover|p2a: Arceus
|-heal|p2a: Arceus|83/100
|
|-weather|DeltaStream|[upkeep]
|-damage|p1a: Ditto|63/100 psn|[from] psn
|upkeep
|turn|35
|
|t:|1655840116
|move|p1a: Ditto|Outrage|p2a: Arceus|[from]lockedmove
|-damage|p2a: Arceus|22/100
|-start|p1a: Ditto|confusion|[fatigue]
|move|p2a: Arceus|Recover|p2a: Arceus
|-heal|p2a: Arceus|72/100
|
|-weather|DeltaStream|[upkeep]
|-damage|p1a: Ditto|51/100 psn|[from] psn
|upkeep
|turn|36
|
|t:|1655840129
|-weather|none
|switch|p1a: Latias|Latias, F|100/100
|move|p2a: Arceus|Recover|p2a: Arceus
|-heal|p2a: Arceus|100/100
|
|upkeep
|turn|37
|
|t:|1655840141
|detailschange|p1a: Latias|Latias-Mega, F
|-mega|p1a: Latias|Latias|Latiasite
|move|p2a: Arceus|Whirlpool|p1a: Latias|[miss]
|-miss|p2a: Arceus|p1a: Latias
|move|p1a: Latias|Flash|p2a: Arceus
|-unboost|p2a: Arceus|accuracy|1
|
|upkeep
|turn|38
|
|t:|1655840149
|move|p2a: Arceus|Perish Song|p2a: Arceus
|-start|p1a: Latias|perish3|[silent]
|-start|p2a: Arceus|perish3|[silent]
|-fieldactivate|move: Perish Song
|move|p1a: Latias|Draco Meteor|p2a: Arceus
|-damage|p2a: Arceus|73/100
|-unboost|p1a: Latias|spa|2
|
|-start|p2a: Arceus|perish3
|-start|p1a: Latias|perish3
|upkeep
|turn|39
|
|t:|1655840156
|switch|p1a: Vivillon|Vivillon-Monsoon, F|66/100
|move|p2a: Arceus|Whirlpool|p1a: Vivillon
|-damage|p1a: Vivillon|45/100
|-activate|p1a: Vivillon|move: Whirlpool|[of] p2a: Arceus
|
|-heal|p1a: Vivillon|51/100|[from] item: Leftovers
|-damage|p1a: Vivillon|39/100|[from] move: Whirlpool|[partiallytrapped]
|-start|p2a: Arceus|perish2
|upkeep
|turn|40
|
|t:|1655840169
|move|p1a: Vivillon|Sleep Powder|p2a: Arceus
|-status|p2a: Arceus|slp|[from] move: Sleep Powder
|cant|p2a: Arceus|slp
|
|-heal|p1a: Vivillon|45/100|[from] item: Leftovers
|-damage|p1a: Vivillon|33/100|[from] move: Whirlpool|[partiallytrapped]
|-start|p2a: Arceus|perish1
|upkeep
|turn|41
|
|t:|1655840190
|switch|p2a: Yveltal|Yveltal|59/100
|-ability|p2a: Yveltal|Dark Aura
|move|p1a: Vivillon|Sleep Powder|p2a: Yveltal
|-status|p2a: Yveltal|slp|[from] move: Sleep Powder
|
|-heal|p1a: Vivillon|39/100|[from] item: Leftovers
|-end|p1a: Vivillon|Whirlpool|[partiallytrapped]|[silent]
|upkeep
|turn|42
|
|t:|1655840194
|switch|p2a: Arceus|Arceus-Dark|73/100 slp
|move|p1a: Vivillon|Quiver Dance|p1a: Vivillon
|-boost|p1a: Vivillon|spa|1
|-boost|p1a: Vivillon|spd|1
|-boost|p1a: Vivillon|spe|1
|
|-heal|p1a: Vivillon|45/100|[from] item: Leftovers
|upkeep
|turn|43
|
|t:|1655840197
|move|p1a: Vivillon|Hurricane|p2a: Arceus
|-damage|p2a: Arceus|46/100 slp
|-start|p2a: Arceus|confusion
|cant|p2a: Arceus|slp
|
|-heal|p1a: Vivillon|51/100|[from] item: Leftovers
|upkeep
|turn|44
|
|t:|1655840204
|move|p1a: Vivillon|Quiver Dance|p1a: Vivillon
|-boost|p1a: Vivillon|spa|1
|-boost|p1a: Vivillon|spd|1
|-boost|p1a: Vivillon|spe|1
|-curestatus|p2a: Arceus|slp|[msg]
|-activate|p2a: Arceus|confusion
|move|p2a: Arceus|Perish Song|p2a: Arceus
|-start|p1a: Vivillon|perish3|[silent]
|-start|p2a: Arceus|perish3|[silent]
|-fieldactivate|move: Perish Song
|
|-heal|p1a: Vivillon|57/100|[from] item: Leftovers
|-start|p1a: Vivillon|perish3
|-start|p2a: Arceus|perish3
|upkeep
|turn|45
|
|t:|1655840229
|move|p1a: Vivillon|Hurricane|p2a: Arceus
|-damage|p2a: Arceus|6/100
|-end|p2a: Arceus|confusion
|move|p2a: Arceus|Recover|p2a: Arceus
|-heal|p2a: Arceus|56/100
|
|-heal|p1a: Vivillon|63/100|[from] item: Leftovers
|-start|p1a: Vivillon|perish2
|-start|p2a: Arceus|perish2
|upkeep
|turn|46
|
|t:|1655840241
|move|p1a: Vivillon|Sleep Powder|p2a: Arceus
|-status|p2a: Arceus|slp|[from] move: Sleep Powder
|cant|p2a: Arceus|slp
|
|-heal|p1a: Vivillon|69/100|[from] item: Leftovers
|-start|p1a: Vivillon|perish1
|-start|p2a: Arceus|perish1
|upkeep
|turn|47
|
|t:|1655840247
|switch|p1a: Ditto|Ditto|51/100 psn
|-transform|p1a: Ditto|p2a: Arceus|[from] ability: Imposter
|switch|p2a: Rayquaza|Rayquaza-Mega|59/100
|-weather|DeltaStream|[from] ability: Delta Stream|[of] p2a: Rayquaza
|
|-weather|DeltaStream|[upkeep]
|-damage|p1a: Ditto|39/100 psn|[from] psn
|upkeep
|turn|48
|
|t:|1655840253
|switch|p1a: Latias|Latias-Mega, F|100/100
|move|p2a: Rayquaza|Dragon Ascent|p1a: Latias
|-damage|p1a: Latias|0 fnt
|-unboost|p2a: Rayquaza|def|1
|-unboost|p2a: Rayquaza|spd|1
|faint|p1a: Latias
|
|-weather|DeltaStream|[upkeep]
|upkeep
|
|t:|1655840255
|switch|p1a: Ditto|Ditto|39/100 psn
|-transform|p1a: Ditto|p2a: Rayquaza|[from] ability: Imposter
|turn|49
|
|t:|1655840259
|switch|p2a: Yveltal|Yveltal|59/100 slp
|-ability|p2a: Yveltal|Dark Aura
|move|p1a: Ditto|Dragon Ascent|p2a: Yveltal
|-damage|p2a: Yveltal|0 fnt
|-unboost|p1a: Ditto|def|1
|-unboost|p1a: Ditto|spd|1
|faint|p2a: Yveltal
|
|-weather|DeltaStream|[upkeep]
|-damage|p1a: Ditto|26/100 psn|[from] psn
|upkeep
|
|t:|1655840264
|switch|p2a: Rayquaza|Rayquaza-Mega|59/100
|turn|50
|
|t:|1655840278
|move|p2a: Rayquaza|Extreme Speed|p1a: Ditto
|-damage|p1a: Ditto|0 fnt
|faint|p1a: Ditto
|
|-weather|DeltaStream|[upkeep]
|upkeep
|
|t:|1655840280
|switch|p1a: Vivillon|Vivillon-Monsoon, F|69/100
|turn|51
|
|t:|1655840286
|move|p2a: Rayquaza|Extreme Speed|p1a: Vivillon
|-damage|p1a: Vivillon|0 fnt
|faint|p1a: Vivillon
|
|win|Pr3ssur3
|raw|lemoncell0's rating: 1848 &rarr; <strong>1836</strong><br />(-12 for losing)
|raw|Pr3ssur3's rating: 1989 &rarr; <strong>2001</strong><br />(+12 for winning)
|l| trick or tit
|l|☆lemoncell0
||Ladder isn't responding, score probably updated but might not have (Request timeout).
