|j|☆09-10a
|j|☆Giestgreninja
|t:|1656589964
|gametype|singles
|player|p1|09-10a|schoolkid-gen4dp|
|player|p2|Giestgreninja|youngn|
|teamsize|p1|6
|teamsize|p2|6
|gen|8
|tier|[Gen 8] National Dex AG
|rule|HP Percentage Mod: HP is shown in percentages
|rule|Endless Battle Clause: Forcing endless battles is banned
|clearpoke
|poke|p1|Zygarde|
|poke|p1|Arceus-*|
|poke|p1|Arceus-*|
|poke|p1|Necrozma-Dusk-Mane|
|poke|p1|Groudon, L99|
|poke|p1|Yveltal|
|poke|p2|Grimmsnarl, M|
|poke|p2|Zacian-*|
|poke|p2|Xerneas-*|
|poke|p2|Rayquaza|
|poke|p2|Groudon|
|poke|p2|Arceus-*|
|teampreview
|inactive|Battle timer is ON: inactive players will automatically lose when time's up. (requested by 09-10a)
|
|t:|1656589988
|start
|switch|p1a: Zygarde|Zygarde, shiny|100/100
|switch|p2a: u believe magic?|Grimmsnarl, M|100/100
|turn|1
|
|t:|1656589994
|move|p2a: u believe magic?|Taunt|p1a: Zygarde
|-start|p1a: Zygarde|move: Taunt
|move|p1a: Zygarde|Thousand Waves|p2a: u believe magic?
|-damage|p2a: u believe magic?|66/100
|-activate|p2a: u believe magic?|trapped
|
|upkeep
|turn|2
|
|t:|1656590002
|move|p2a: u believe magic?|Reflect|p2a: u believe magic?
|-sidestart|p2: Giestgreninja|Reflect
|move|p1a: Zygarde|Thousand Waves|p2a: u believe magic?
|-damage|p2a: u believe magic?|50/100
|
|upkeep
|turn|3
|
|t:|1656590008
|move|p2a: u believe magic?|Light Screen|p2a: u believe magic?
|-sidestart|p2: Giestgreninja|move: Light Screen
|move|p1a: Zygarde|Thousand Waves|p2a: u believe magic?
|-damage|p2a: u believe magic?|33/100
|
|-end|p1a: Zygarde|move: Taunt
|upkeep
|turn|4
|
|t:|1656590013
|move|p1a: Zygarde|Thousand Waves|p2a: u believe magic?
|-damage|p2a: u believe magic?|15/100
|move|p2a: u believe magic?|Spirit Break|p1a: Zygarde
|-supereffective|p1a: Zygarde
|-damage|p1a: Zygarde|65/100
|-unboost|p1a: Zygarde|spa|1
|
|-heal|p1a: Zygarde|71/100|[from] item: Leftovers
|upkeep
|turn|5
|
|t:|1656590021
|move|p2a: u believe magic?|Taunt|p1a: Zygarde
|-start|p1a: Zygarde|move: Taunt
|cant|p1a: Zygarde|move: Taunt|Coil
|
|-heal|p1a: Zygarde|77/100|[from] item: Leftovers
|upkeep
|turn|6
|
|t:|1656590028
|move|p1a: Zygarde|Scale Shot|p2a: u believe magic?
|-immune|p2a: u believe magic?
|move|p2a: u believe magic?|Spirit Break|p1a: Zygarde
|-supereffective|p1a: Zygarde
|-damage|p1a: Zygarde|40/100
|-unboost|p1a: Zygarde|spa|1
|
|-heal|p1a: Zygarde|46/100|[from] item: Leftovers
|-activate|p1a: Zygarde|ability: Power Construct
|detailschange|p1a: Zygarde|Zygarde-Complete, shiny
|-heal|p1a: Zygarde|66/100|[silent]
|upkeep
|turn|7
|c|☆Giestgreninja|Um
|
|t:|1656590043
|switch|p1a: Yveltal|Yveltal, shiny|100/100
|-ability|p1a: Yveltal|Dark Aura
|move|p2a: u believe magic?|Spirit Break|p1a: Yveltal
|-supereffective|p1a: Yveltal
|-damage|p1a: Yveltal|65/100
|-unboost|p1a: Yveltal|spa|1
|
|upkeep
|turn|8
|
|t:|1656590052
|move|p1a: Yveltal|Roost|p1a: Yveltal
|-heal|p1a: Yveltal|100/100
|-singleturn|p1a: Yveltal|move: Roost
|move|p2a: u believe magic?|Spirit Break|p1a: Yveltal
|-supereffective|p1a: Yveltal
|-damage|p1a: Yveltal|60/100
|-unboost|p1a: Yveltal|spa|1
|
|upkeep
|turn|9
|
|t:|1656590058
|move|p2a: u believe magic?|Taunt|p1a: Yveltal
|-hint|Since gen 7, Dark is immune to Prankster moves.
|-immune|p1a: Yveltal
|move|p1a: Yveltal|U-turn|p2a: u believe magic?
|-damage|p2a: u believe magic?|7/100
|
|t:|1656590072
|switch|p1a: Necrozma|Necrozma-Dusk-Mane|100/100|[from]move: U-turn
|
|-sideend|p2: Giestgreninja|Reflect
|upkeep
|turn|10
|
|t:|1656590079
|move|p2a: u believe magic?|Reflect|p2a: u believe magic?
|-sidestart|p2: Giestgreninja|Reflect
|move|p1a: Necrozma|Knock Off|p2a: u believe magic?
|-resisted|p2a: u believe magic?
|-damage|p2a: u believe magic?|4/100
|-enditem|p2a: u believe magic?|Light Clay|[from] move: Knock Off|[of] p1a: Necrozma
|
|-sideend|p2: Giestgreninja|move: Light Screen
|upkeep
|turn|11
|
|t:|1656590086
|switch|p1a: Yveltal|Yveltal, shiny|60/100
|-ability|p1a: Yveltal|Dark Aura
|move|p2a: u believe magic?|Light Screen|p2a: u believe magic?
|-sidestart|p2: Giestgreninja|move: Light Screen
|
|upkeep
|turn|12
|c|☆Giestgreninja|Yoo
|
|t:|1656590095
|move|p1a: Yveltal|Roost|p1a: Yveltal
|-heal|p1a: Yveltal|100/100
|-singleturn|p1a: Yveltal|move: Roost
|move|p2a: u believe magic?|Spirit Break|p1a: Yveltal
|-supereffective|p1a: Yveltal
|-damage|p1a: Yveltal|62/100
|-unboost|p1a: Yveltal|spa|1
|
|upkeep
|turn|13
|
|t:|1656590107
|move|p1a: Yveltal|Foul Play|p2a: u believe magic?
|-resisted|p2a: u believe magic?
|-damage|p2a: u believe magic?|0 fnt
|faint|p2a: u believe magic?
|
|upkeep
|inactive|Giestgreninja has 270 seconds left.
|
|t:|1656590143
|switch|p2a: Wht the dog doin|Zacian-Crowned|100/100
|-ability|p2a: Wht the dog doin|Intrepid Sword|boost
|-boost|p2a: Wht the dog doin|atk|1
|turn|14
|
|t:|1656590170
|move|p2a: Wht the dog doin|Swords Dance|p2a: Wht the dog doin
|-boost|p2a: Wht the dog doin|atk|2
|move|p1a: Yveltal|Foul Play|p2a: Wht the dog doin
|-resisted|p2a: Wht the dog doin
|-damage|p2a: Wht the dog doin|54/100
|
|upkeep
|turn|15
|inactive|Giestgreninja has 270 seconds left.
|
|t:|1656590184
|move|p2a: Wht the dog doin|Behemoth Blade|p1a: Yveltal
|-damage|p1a: Yveltal|0 fnt
|faint|p1a: Yveltal
|
|-sideend|p2: Giestgreninja|move: Light Screen
|upkeep
|inactive|09-10a has 270 seconds left.
|
|t:|1656590219
|switch|p1a: Arceus|Arceus-Water|100/100
|turn|16
|inactive|Giestgreninja has 270 seconds left.
|
|t:|1656590240
|-start|p1a: Arceus|Dynamax|
|-heal|p1a: Arceus|100/100|[silent]
|move|p2a: Wht the dog doin|Wild Charge|p1a: Arceus
|-supereffective|p1a: Arceus
|-damage|p1a: Arceus|54/100
|-damage|p2a: Wht the dog doin|27/100|[from] Recoil
|move|p1a: Arceus|Max Geyser|p2a: Wht the dog doin
|-crit|p2a: Wht the dog doin
|-damage|p2a: Wht the dog doin|0 fnt
|-weather|RainDance
|faint|p2a: Wht the dog doin
|
|-weather|RainDance|[upkeep]
|upkeep
|
|t:|1656590264
|switch|p2a: It's the Fland mf|Groudon|100/100
|detailschange|p2a: It's the Fland mf|Groudon-Primal
|-primal|p2a: It's the Fland mf
|-weather|DesolateLand|[from] ability: Desolate Land|[of] p2a: It's the Fland mf
|turn|17
|inactive|Giestgreninja has 240 seconds left.
|c|☆Giestgreninja|Pls say max geyser evaporates in intense sun
|c|☆09-10a|ye
|
|t:|1656590299
|move|p1a: Arceus|Max Hailstorm|p2a: It's the Fland mf
|-damage|p2a: It's the Fland mf|68/100
|move|p2a: It's the Fland mf|Stealth Rock|p1a: Arceus
|-sidestart|p1: 09-10a|move: Stealth Rock
|
|-weather|DesolateLand|[upkeep]
|-sideend|p2: Giestgreninja|Reflect
|upkeep
|turn|18
|c|☆Giestgreninja|Phew
|inactive|09-10a has 270 seconds left.
|j| Testing Teams 596
|c|☆Giestgreninja|Yo testin
|
|t:|1656590320
|move|p1a: Arceus|Max Hailstorm|p2a: It's the Fland mf
|-damage|p2a: It's the Fland mf|35/100
|move|p2a: It's the Fland mf|Precipice Blades|p1a: Arceus|[miss]
|-miss|p2a: It's the Fland mf|p1a: Arceus
|
|-weather|DesolateLand|[upkeep]
|upkeep
|-end|p1a: Arceus|Dynamax
|-heal|p1a: Arceus|54/100|[silent]
|turn|19
|c|☆Giestgreninja|O cmon
|
|t:|1656590329
|move|p1a: Arceus|Recover|p1a: Arceus
|-heal|p1a: Arceus|100/100
|move|p2a: It's the Fland mf|Precipice Blades|p1a: Arceus
|-damage|p1a: Arceus|58/100
|
|-weather|DesolateLand|[upkeep]
|upkeep
|turn|20
|
|t:|1656590335
|move|p1a: Arceus|Recover|p1a: Arceus
|-heal|p1a: Arceus|100/100
|move|p2a: It's the Fland mf|Swords Dance|p2a: It's the Fland mf
|-boost|p2a: It's the Fland mf|atk|2
|
|-weather|DesolateLand|[upkeep]
|upkeep
|turn|21
|c| Testing Teams 596|Hi greninja
|
|t:|1656590342
|move|p1a: Arceus|Ice Beam|p2a: It's the Fland mf
|-crit|p2a: It's the Fland mf
|-damage|p2a: It's the Fland mf|1/100
|move|p2a: It's the Fland mf|Precipice Blades|p1a: Arceus
|-damage|p1a: Arceus|24/100
|
|-weather|DesolateLand|[upkeep]
|upkeep
|turn|22
|c|☆Giestgreninja|Call me giest
|inactive|Giestgreninja has 240 seconds left.
|c|☆Giestgreninja|More hax.....
|
|t:|1656590355
|move|p1a: Arceus|Ice Beam|p2a: It's the Fland mf
|-damage|p2a: It's the Fland mf|0 fnt
|faint|p2a: It's the Fland mf
|-weather|none
|
|upkeep
|inactive|Giestgreninja has 240 seconds left.
|
|t:|1656590360
|switch|p2a: Anti ditto|Arceus-Ghost|100/100
|turn|23
|c|☆09-10a|sorry
|
|t:|1656590367
|move|p2a: Anti ditto|Swords Dance|p2a: Anti ditto
|-boost|p2a: Anti ditto|atk|2
|move|p1a: Arceus|Perish Song|p1a: Arceus
|-start|p1a: Arceus|perish3|[silent]
|-start|p2a: Anti ditto|perish3|[silent]
|-fieldactivate|move: Perish Song
|
|-start|p2a: Anti ditto|perish3
|-start|p1a: Arceus|perish3
|upkeep
|turn|24
|
|t:|1656590382
|switch|p1a: Arceus|Arceus-Dark|100/100
|-damage|p1a: Arceus|88/100|[from] Stealth Rock
|move|p2a: Anti ditto|Brick Break|p1a: Arceus
|-supereffective|p1a: Arceus
|-damage|p1a: Arceus|12/100
|
|-start|p2a: Anti ditto|perish2
|upkeep
|turn|25
|
|t:|1656590393
|move|p2a: Anti ditto|Extreme Speed|p1a: Arceus
|-damage|p1a: Arceus|0 fnt
|faint|p1a: Arceus
|
|-start|p2a: Anti ditto|perish1
|upkeep
|
|t:|1656590398
|switch|p1a: Arceus|Arceus-Water|24/100
|-damage|p1a: Arceus|12/100|[from] Stealth Rock
|turn|26
|c| Testing Teams 596|I think u can still win
|c| Testing Teams 596|If u switch
|
|t:|1656590408
|switch|p2a: Merry Christmas|Xerneas|100/100
|-ability|p2a: Merry Christmas|Fairy Aura
|move|p1a: Arceus|Recover|p1a: Arceus
|-heal|p1a: Arceus|62/100
|
|upkeep
|turn|27
|
|t:|1656590420
|move|p2a: Merry Christmas|Geomancy||[still]
|-prepare|p2a: Merry Christmas|Geomancy
|-enditem|p2a: Merry Christmas|Power Herb
|-anim|p2a: Merry Christmas|Geomancy|p2a: Merry Christmas
|-boost|p2a: Merry Christmas|spa|2
|-boost|p2a: Merry Christmas|spd|2
|-boost|p2a: Merry Christmas|spe|2
|move|p1a: Arceus|Perish Song|p1a: Arceus
|-start|p1a: Arceus|perish3|[silent]
|-start|p2a: Merry Christmas|perish3|[silent]
|-fieldactivate|move: Perish Song
|
|-start|p2a: Merry Christmas|perish3
|-start|p1a: Arceus|perish3
|upkeep
|turn|28
|
|t:|1656590438
|move|p2a: Merry Christmas|Moonblast|p1a: Arceus
|-damage|p1a: Arceus|0 fnt
|faint|p1a: Arceus
|
|-start|p2a: Merry Christmas|perish2
|upkeep
|
|t:|1656590446
|switch|p1a: Necrozma|Necrozma-Dusk-Mane|100/100
|-damage|p1a: Necrozma|94/100|[from] Stealth Rock
|turn|29
|c| Testing Teams 596|Don't switch
|inactive|Giestgreninja has 240 seconds left.
|
|t:|1656590485
|switch|p1a: Groudon|Groudon, L99, shiny|100/100
|-damage|p1a: Groudon|94/100|[from] Stealth Rock
|detailschange|p1a: Groudon|Groudon-Primal, L99, shiny
|-primal|p1a: Groudon
|-weather|DesolateLand|[from] ability: Desolate Land|[of] p1a: Groudon
|-start|p2a: Merry Christmas|Dynamax|
|-heal|p2a: Merry Christmas|100/100|[silent]
|move|p2a: Merry Christmas|Max Starfall|p1a: Groudon
|-resisted|p1a: Groudon
|-damage|p1a: Groudon|36/100
|-fieldstart|move: Misty Terrain
|
|-weather|DesolateLand|[upkeep]
|-start|p2a: Merry Christmas|perish1
|upkeep
|turn|30
|
|t:|1656590500
|move|p2a: Merry Christmas|Max Starfall|p1a: Groudon
|-resisted|p1a: Groudon
|-damage|p1a: Groudon|0 fnt
|faint|p1a: Groudon
|-weather|none
|
|-start|p2a: Merry Christmas|perish0
|faint|p2a: Merry Christmas
|upkeep
|c| Testing Teams 596|Lol who told u to
|c| Testing Teams 596|Dmax
|c| Testing Teams 596|U needed it
|c|☆Giestgreninja|Misclick
|
|t:|1656590520
|switch|p2a: Rule the skies|Rayquaza|100/100
|switch|p1a: Zygarde|Zygarde-Complete, shiny|66/100
|-ability|p2a: Rule the skies|Air Lock
|-damage|p1a: Zygarde|60/100|[from] Stealth Rock
|turn|31
|
|t:|1656590528
|detailschange|p2a: Rule the skies|Rayquaza-Mega
|-mega|p2a: Rule the skies|Rayquaza|
|-weather|DeltaStream|[from] ability: Delta Stream|[of] p2a: Rule the skies
|move|p2a: Rule the skies|Dragon Ascent|p1a: Zygarde
|-damage|p1a: Zygarde|13/100
|-unboost|p2a: Rule the skies|def|1
|-unboost|p2a: Rule the skies|spd|1
|-damage|p2a: Rule the skies|91/100|[from] item: Life Orb
|move|p1a: Zygarde|Coil|p1a: Zygarde
|-boost|p1a: Zygarde|atk|1
|-boost|p1a: Zygarde|def|1
|-boost|p1a: Zygarde|accuracy|1
|
|-weather|DeltaStream|[upkeep]
|-heal|p1a: Zygarde|19/100|[from] item: Leftovers
|upkeep
|turn|32
|c| Testing Teams 596|Gg
|c|☆09-10a|gg wp
|
|t:|1656590539
|move|p2a: Rule the skies|Extreme Speed|p1a: Zygarde
|-damage|p1a: Zygarde|3/100
|-damage|p2a: Rule the skies|81/100|[from] item: Life Orb
|move|p1a: Zygarde|Scale Shot|p2a: Rule the skies
|-supereffective|p2a: Rule the skies
|-damage|p2a: Rule the skies|30/100
|-supereffective|p2a: Rule the skies
|-damage|p2a: Rule the skies|0 fnt
|faint|p2a: Rule the skies
|-weather|none
|-hitcount|p2: Rule the skies|2
|-unboost|p1a: Zygarde|def|1
|-boost|p1a: Zygarde|spe|1
|
|-heal|p1a: Zygarde|9/100|[from] item: Leftovers
|upkeep
|c| Testing Teams 596|Wtf
|
|t:|1656590548
|switch|p2a: Anti ditto|Arceus-Ghost|100/100
|turn|33
|
|t:|1656590551
|move|p2a: Anti ditto|Extreme Speed|p1a: Zygarde
|-crit|p1a: Zygarde
|-damage|p1a: Zygarde|0 fnt
|faint|p1a: Zygarde
|
|-fieldend|Misty Terrain
|upkeep
|
|t:|1656590554
|switch|p1a: Necrozma|Necrozma-Dusk-Mane|94/100
|-damage|p1a: Necrozma|88/100|[from] Stealth Rock
|turn|34
|inactive|Giestgreninja has 240 seconds left.
|
|t:|1656590561
|move|p2a: Anti ditto|Shadow Force||[still]
|-prepare|p2a: Anti ditto|Shadow Force
|move|p1a: Necrozma|Dragon Dance|p1a: Necrozma
|-boost|p1a: Necrozma|atk|1
|-boost|p1a: Necrozma|spe|1
|
|upkeep
|turn|35
|
|t:|1656590566
|move|p2a: Anti ditto|Shadow Force|p1a: Necrozma|[from]lockedmove
|-supereffective|p1a: Necrozma
|-damage|p1a: Necrozma|23/100
|-damage|p2a: Anti ditto|84/100|[from] item: Rocky Helmet|[of] p1a: Necrozma
|move|p1a: Necrozma|Moonlight|p1a: Necrozma
|-heal|p1a: Necrozma|73/100
|
|upkeep
|turn|36
|
|t:|1656590573
|move|p2a: Anti ditto|Swords Dance|p2a: Anti ditto
|-boost|p2a: Anti ditto|atk|2
|move|p1a: Necrozma|Dragon Dance|p1a: Necrozma
|-boost|p1a: Necrozma|atk|1
|-boost|p1a: Necrozma|spe|1
|
|upkeep
|turn|37
|
|t:|1656590578
|move|p1a: Necrozma|Sunsteel Strike|p2a: Anti ditto
|-damage|p2a: Anti ditto|7/100
|move|p2a: Anti ditto|Shadow Force||[still]
|-prepare|p2a: Anti ditto|Shadow Force
|
|upkeep
|turn|38
|inactive|Giestgreninja has 270 seconds left.
|
|t:|1656590587
|move|p1a: Necrozma|Moonlight|p1a: Necrozma
|-heal|p1a: Necrozma|100/100
|move|p2a: Anti ditto|Shadow Force|p1a: Necrozma|[from]lockedmove
|-supereffective|p1a: Necrozma
|-damage|p1a: Necrozma|0 fnt
|-damage|p2a: Anti ditto|0 fnt|[from] item: Rocky Helmet|[of] p1a: Necrozma
|faint|p1a: Necrozma
|faint|p2a: Anti ditto
|
|win|Giestgreninja
|c|☆09-10a|wp
|c|☆Giestgreninja|Lol
|c|☆Giestgreninja|Never under estimate m3
|c|☆Giestgreninja|Me*
|c|☆Giestgreninja|Wow
|c|☆Giestgreninja|That was insane
|c|☆09-10a|No one did
|c|☆09-10a|fr fr
|c|☆09-10a|wp
|c|☆Giestgreninja|U2
