|j|☆Ferrothornail草钢甲
|j|☆Diancie_hhh
|t:|1662809131
|gametype|singles
|player|p1|Ferrothornail草钢甲|n|1627
|player|p2|Diancie_hhh|marnie|1716
|teamsize|p1|6
|teamsize|p2|6
|gen|8
|tier|[Gen 8] National Dex AG
|rated|
|rule|HP Percentage Mod: HP is shown in percentages
|rule|Endless Battle Clause: Forcing endless battles is banned
|clearpoke
|poke|p1|Arceus-*|
|poke|p1|Arceus-*|
|poke|p1|Arceus-*|
|poke|p1|Arceus-*|
|poke|p1|Rayquaza|
|poke|p1|Ditto|
|poke|p2|Ninjask, F|
|poke|p2|Rayquaza|
|poke|p2|Necrozma-Dusk-Mane|
|poke|p2|Smeargle, F|
|poke|p2|Groudon|
|poke|p2|Ho-Oh|
|teampreview
|j| Lonely grandpa
|c|☆Ferrothornail草钢甲|草
|
|t:|1662809142
|start
|switch|p1a: Arceus|Arceus-Grass|100/100
|switch|p2a: Smeargle|Smeargle, F, shiny|100/100
|turn|1
|c|☆Diancie_hhh|刚换的新阵容
|c|☆Ferrothornail草钢甲|....
|c|☆Diancie_hhh|还不熟
|
|t:|1662809163
|move|p1a: Arceus|Bullet Seed|p2a: Smeargle
|-damage|p2a: Smeargle|63/100
|-damage|p2a: Smeargle|29/100
|-damage|p2a: Smeargle|0 fnt
|faint|p2a: Smeargle
|-hitcount|p2: Smeargle|3
|
|upkeep
|c| Lonely grandpa|∑(O_O；)
|c|☆Ferrothornail草钢甲|嗷3
|c|☆Ferrothornail草钢甲|嗷*
|
|t:|1662809174
|switch|p2a: Ho-Oh|Ho-Oh, shiny|100/100
|turn|2
|c| Lonely grandpa|你们两个认识
|c| Lonely grandpa|∑(O_O；)
|
|t:|1662809179
|-start|p1a: Arceus|Dynamax|
|-heal|p1a: Arceus|100/100|[silent]
|move|p1a: Arceus|Max Rockfall|p2a: Ho-Oh
|-supereffective|p2a: Ho-Oh
|-damage|p2a: Ho-Oh|0 fnt
|-weather|Sandstorm
|faint|p2a: Ho-Oh
|
|-weather|Sandstorm|[upkeep]
|-damage|p1a: Arceus|97/100|[from] Sandstorm
|upkeep
|c|☆Ferrothornail草钢甲|不认识
|c| Lonely grandpa|啊∑(O_O；)
|c|☆Ferrothornail草钢甲|但是中文房有他
|c|☆Diancie_hhh|被暴打了
|
|t:|1662809200
|switch|p2a: Groudon|Groudon, shiny|100/100
|-weather|SunnyDay|[from] ability: Drought|[of] p2a: Groudon
|turn|3
|c|☆Ferrothornail草钢甲|经常发reo
|c|☆Ferrothornail草钢甲|p*
|c| Lonely grandpa|∑(O_O；)怪不得
|-activate|p2a: Groudon|item: Quick Claw
|
|t:|1662809213
|-start|p2a: Groudon|Dynamax|
|-heal|p2a: Groudon|100/100|[silent]
|move|p2a: Groudon|Max Quake|p1a: Arceus
|-resisted|p1a: Arceus
|-damage|p1a: Arceus|83/100
|-boost|p2a: Groudon|spd|1
|move|p1a: Arceus|Max Overgrowth|p2a: Groudon
|-supereffective|p2a: Groudon
|-damage|p2a: Groudon|42/100
|-fieldstart|move: Grassy Terrain
|
|-weather|SunnyDay|[upkeep]
|-heal|p1a: Arceus|86/100|[from] Grassy Terrain
|-heal|p2a: Groudon|45/100|[from] Grassy Terrain
|upkeep
|turn|4
|
|t:|1662809228
|move|p1a: Arceus|Max Overgrowth|p2a: Groudon
|-supereffective|p2a: Groudon
|-damage|p2a: Groudon|0 fnt
|faint|p2a: Groudon
|
|-weather|SunnyDay|[upkeep]
|-heal|p1a: Arceus|89/100|[from] Grassy Terrain
|upkeep
|
|t:|1662809234
|switch|p2a: Ninjask|Ninjask, F, shiny|100/100
|-end|p1a: Arceus|Dynamax
|-heal|p1a: Arceus|89/100|[silent]
|turn|5
|
|t:|1662809241
|move|p2a: Ninjask|Substitute|p2a: Ninjask
|-start|p2a: Ninjask|Substitute
|-damage|p2a: Ninjask|76/100
|move|p1a: Arceus|Stone Edge|p2a: Ninjask
|-supereffective|p2a: Ninjask
|-end|p2a: Ninjask|Substitute
|
|-weather|SunnyDay|[upkeep]
|-heal|p2a: Ninjask|82/100|[from] item: Leftovers
|-heal|p1a: Arceus|96/100|[from] Grassy Terrain
|-ability|p2a: Ninjask|Speed Boost|boost
|-boost|p2a: Ninjask|spe|1
|upkeep
|turn|6
|
|t:|1662809247
|move|p2a: Ninjask|Baton Pass|p2a: Ninjask
|
|t:|1662809253
|switch|p2a: Rayquaza|Rayquaza|100/100|[from]move: Baton Pass
|-ability|p2a: Rayquaza|Air Lock
|move|p1a: Arceus|Stone Edge|p2a: Rayquaza
|-supereffective|p2a: Rayquaza
|-damage|p2a: Rayquaza|36/100
|
|-weather|SunnyDay|[upkeep]
|-heal|p1a: Arceus|100/100|[from] Grassy Terrain
|upkeep
|turn|7
|
|t:|1662809263
|switch|p1a: Arceus|Arceus-Electric|100/100
|detailschange|p2a: Rayquaza|Rayquaza-Mega
|-mega|p2a: Rayquaza|Rayquaza|
|-weather|DeltaStream|[from] ability: Delta Stream|[of] p2a: Rayquaza
|move|p2a: Rayquaza|Dragon Ascent|p1a: Arceus
|-resisted|p1a: Arceus
|-damage|p1a: Arceus|70/100
|-unboost|p2a: Rayquaza|def|1
|-unboost|p2a: Rayquaza|spd|1
|
|-weather|DeltaStream|[upkeep]
|-heal|p1a: Arceus|76/100|[from] Grassy Terrain
|-fieldend|move: Grassy Terrain
|upkeep
|turn|8
|
|t:|1662809267
|move|p2a: Rayquaza|Earthquake|p1a: Arceus
|-supereffective|p1a: Arceus
|-damage|p1a: Arceus|13/100
|move|p1a: Arceus|Judgment|p2a: Rayquaza
|-activate||deltastream
|-resisted|p2a: Rayquaza
|-damage|p2a: Rayquaza|0 fnt
|faint|p2a: Rayquaza
|-weather|none
|
|upkeep
|
|t:|1662809273
|switch|p2a: Ninjask|Ninjask, F, shiny|82/100
|turn|9
|
|t:|1662809276
|move|p2a: Ninjask|Substitute|p2a: Ninjask
|-start|p2a: Ninjask|Substitute
|-damage|p2a: Ninjask|57/100
|move|p1a: Arceus|Judgment|p2a: Ninjask
|-supereffective|p2a: Ninjask
|-end|p2a: Ninjask|Substitute
|
|-heal|p2a: Ninjask|63/100|[from] item: Leftovers
|-ability|p2a: Ninjask|Speed Boost|boost
|-boost|p2a: Ninjask|spe|1
|upkeep
|turn|10
|
|t:|1662809282
|move|p2a: Ninjask|Leech Life|p1a: Arceus
|-damage|p1a: Arceus|0 fnt
|-heal|p2a: Ninjask|70/100|[from] drain|[of] p1a: Arceus
|faint|p1a: Arceus
|
|-heal|p2a: Ninjask|76/100|[from] item: Leftovers
|-ability|p2a: Ninjask|Speed Boost|boost
|-boost|p2a: Ninjask|spe|1
|upkeep
|
|t:|1662809293
|switch|p1a: Arceus|Arceus-Ground|100/100
|turn|11
|
|t:|1662809301
|move|p2a: Ninjask|Baton Pass|p2a: Ninjask
|
|t:|1662809302
|switch|p2a: Necrozma|Necrozma-Dusk-Mane, shiny|100/100|[from]move: Baton Pass
|move|p1a: Arceus|Stone Edge|p2a: Necrozma
|-resisted|p2a: Necrozma
|-damage|p2a: Necrozma|88/100
|
|upkeep
|turn|12
|
|t:|1662809326
|detailschange|p2a: Necrozma|Necrozma-Ultra, shiny
|-burst|p2a: Necrozma|Necrozma|Ultranecrozium Z
|move|p2a: Necrozma|Sunsteel Strike|p1a: Arceus
|-damage|p1a: Arceus|71/100
|-zpower|p1a: Arceus
|move|p1a: Arceus|Tectonic Rage|p2a: Necrozma|[zeffect]
|-damage|p2a: Necrozma|0 fnt
|faint|p2a: Necrozma
|
|upkeep
|-message|Diancie_hhh forfeited.
|
|win|Ferrothornail草钢甲
|raw|Ferrothornail草钢甲's rating: 1627 &rarr; <strong>1652</strong><br />(+25 for winning)
|raw|Diancie_hhh's rating: 1716 &rarr; <strong>1691</strong><br />(-25 for losing)
