|j|☆Apprenti Buck
|j|☆amnael1
|t:|1656862767
|gametype|singles
|player|p1|Apprenti Buck|red|1841
|player|p2|amnael1|dawn|1888
|teamsize|p1|6
|teamsize|p2|6
|gen|8
|tier|[Gen 8] National Dex AG
|rated|
|rule|HP Percentage Mod: HP is shown in percentages
|rule|Endless Battle Clause: Forcing endless battles is banned
|clearpoke
|poke|p1|Rayquaza|
|poke|p1|Groudon|
|poke|p1|Yveltal|
|poke|p1|Marshadow|
|poke|p1|Necrozma-Dusk-Mane|
|poke|p1|Ho-Oh|
|poke|p2|Smeargle, F|
|poke|p2|Groudon|
|poke|p2|Espeon, F|
|poke|p2|Rayquaza|
|poke|p2|Xerneas-*|
|poke|p2|Zacian-*|
|teampreview
|inactive|Battle timer is ON: inactive players will automatically lose when time's up. (requested by Apprenti Buck)
|
|t:|1656862785
|start
|switch|p1a: Yveltal|Yveltal|100/100
|switch|p2a: Smeargle|Smeargle, F|100/100
|-ability|p1a: Yveltal|Dark Aura
|turn|1
|
|t:|1656862789
|move|p2a: Smeargle|Spiky Shield|p2a: Smeargle
|-singleturn|p2a: Smeargle|move: Protect
|move|p1a: Yveltal|Dark Pulse|p2a: Smeargle
|-activate|p2a: Smeargle|move: Protect
|
|-ability|p2a: Smeargle|Moody|boost
|-boost|p2a: Smeargle|spe|2
|-unboost|p2a: Smeargle|spa|1
|upkeep
|turn|2
|
|t:|1656862799
|switch|p1a: Ho-Oh|Ho-Oh|100/100
|move|p2a: Smeargle|Spore|p1a: Ho-Oh
|-status|p1a: Ho-Oh|slp|[from] move: Spore
|
|-ability|p2a: Smeargle|Moody|boost
|-boost|p2a: Smeargle|spa|2
|-unboost|p2a: Smeargle|def|1
|upkeep
|turn|3
|
|t:|1656862803
|move|p2a: Smeargle|Baton Pass|p2a: Smeargle
|
|t:|1656862804
|switch|p2a: Groudon|Groudon|100/100|[from]move: Baton Pass
|detailschange|p2a: Groudon|Groudon-Primal
|-primal|p2a: Groudon
|-weather|DesolateLand|[from] ability: Desolate Land|[of] p2a: Groudon
|cant|p1a: Ho-Oh|slp
|
|-weather|DesolateLand|[upkeep]
|upkeep
|turn|4
|
|t:|1656862818
|switch|p1a: Groudon|Groudon|100/100
|detailschange|p1a: Groudon|Groudon-Primal
|-primal|p1a: Groudon
|move|p2a: Groudon|Stealth Rock|p1a: Groudon
|-sidestart|p1: Apprenti Buck|move: Stealth Rock
|
|-weather|DesolateLand|[upkeep]
|upkeep
|turn|5
|
|t:|1656862823
|move|p2a: Groudon|Earthquake|p1a: Groudon
|-supereffective|p1a: Groudon
|-damage|p1a: Groudon|26/100
|move|p1a: Groudon|Stealth Rock|p2a: Groudon
|-sidestart|p2: amnael1|move: Stealth Rock
|
|-weather|DesolateLand|[upkeep]
|upkeep
|turn|6
|
|t:|1656862830
|move|p2a: Groudon|Earthquake|p1a: Groudon
|-supereffective|p1a: Groudon
|-damage|p1a: Groudon|0 fnt
|faint|p1a: Groudon
|
|-weather|DesolateLand|[upkeep]
|upkeep
|
|t:|1656862838
|switch|p1a: Rayquaza|Rayquaza|100/100
|-damage|p1a: Rayquaza|76/100|[from] Stealth Rock
|-ability|p1a: Rayquaza|Air Lock
|turn|7
|
|t:|1656862843
|detailschange|p1a: Rayquaza|Rayquaza-Mega
|-mega|p1a: Rayquaza|Rayquaza|
|-weather|DeltaStream|[from] ability: Delta Stream|[of] p1a: Rayquaza
|move|p1a: Rayquaza|Draco Meteor|p2a: Groudon
|-damage|p2a: Groudon|0 fnt
|-unboost|p1a: Rayquaza|spa|2
|faint|p2a: Groudon
|-damage|p1a: Rayquaza|66/100|[from] item: Life Orb
|
|-weather|DeltaStream|[upkeep]
|upkeep
|j| jasmine ovo
|
|t:|1656862852
|switch|p2a: Zacian|Zacian-Crowned|100/100
|-damage|p2a: Zacian|94/100|[from] Stealth Rock
|-ability|p2a: Zacian|Intrepid Sword|boost
|-boost|p2a: Zacian|atk|1
|turn|8
|
|t:|1656862856
|-weather|none
|switch|p1a: Ho-Oh|Ho-Oh|100/100 slp
|move|p2a: Zacian|Behemoth Blade|p1a: Ho-Oh
|-resisted|p1a: Ho-Oh
|-damage|p1a: Ho-Oh|70/100 slp
|
|upkeep
|turn|9
|
|t:|1656862859
|switch|p1a: Necrozma|Necrozma-Dusk-Mane|100/100
|-damage|p1a: Necrozma|94/100|[from] Stealth Rock
|move|p2a: Zacian|Wild Charge|p1a: Necrozma
|-damage|p1a: Necrozma|61/100
|-damage|p2a: Zacian|84/100|[from] Recoil
|
|-heal|p1a: Necrozma|67/100|[from] item: Leftovers
|upkeep
|turn|10
|
|t:|1656862862
|switch|p2a: Espeon|Espeon, F|100/100
|-damage|p2a: Espeon|88/100|[from] Stealth Rock
|move|p1a: Necrozma|Morning Sun|p1a: Necrozma
|-heal|p1a: Necrozma|100/100
|
|upkeep
|turn|11
|
|t:|1656862865
|switch|p1a: Ho-Oh|Ho-Oh|100/100 slp
|move|p2a: Espeon|Yawn||[still]
|-fail|p2a: Espeon
|
|upkeep
|turn|12
|
|t:|1656862868
|move|p2a: Espeon|Psychic|p1a: Ho-Oh
|-damage|p1a: Ho-Oh|73/100 slp
|-curestatus|p1a: Ho-Oh|slp|[msg]
|move|p1a: Ho-Oh|Sacred Fire|p2a: Espeon
|-damage|p2a: Espeon|13/100
|
|upkeep
|turn|13
|
|t:|1656862871
|switch|p1a: Necrozma|Necrozma-Dusk-Mane|100/100
|-damage|p1a: Necrozma|94/100|[from] Stealth Rock
|move|p2a: Espeon|Yawn|p1a: Necrozma
|-start|p1a: Necrozma|move: Yawn|[of] p2a: Espeon
|
|-heal|p1a: Necrozma|100/100|[from] item: Leftovers
|upkeep
|turn|14
|
|t:|1656862873
|switch|p1a: Ho-Oh|Ho-Oh|100/100
|move|p2a: Espeon|Yawn|p1a: Ho-Oh
|-start|p1a: Ho-Oh|move: Yawn|[of] p2a: Espeon
|
|upkeep
|turn|15
|
|t:|1656862881
|switch|p1a: Necrozma|Necrozma-Dusk-Mane|100/100
|-damage|p1a: Necrozma|94/100|[from] Stealth Rock
|move|p2a: Espeon|Yawn|p1a: Necrozma
|-start|p1a: Necrozma|move: Yawn|[of] p2a: Espeon
|
|-heal|p1a: Necrozma|100/100|[from] item: Leftovers
|upkeep
|turn|16
|
|t:|1656862885
|switch|p1a: Ho-Oh|Ho-Oh|100/100
|move|p2a: Espeon|Yawn|p1a: Ho-Oh
|-start|p1a: Ho-Oh|move: Yawn|[of] p2a: Espeon
|
|upkeep
|turn|17
|
|t:|1656862905
|switch|p1a: Necrozma|Necrozma-Dusk-Mane|100/100
|-damage|p1a: Necrozma|94/100|[from] Stealth Rock
|move|p2a: Espeon|Yawn|p1a: Necrozma
|-start|p1a: Necrozma|move: Yawn|[of] p2a: Espeon
|
|-heal|p1a: Necrozma|100/100|[from] item: Leftovers
|upkeep
|turn|18
|
|t:|1656862909
|switch|p1a: Ho-Oh|Ho-Oh|100/100
|move|p2a: Espeon|Yawn|p1a: Ho-Oh
|-start|p1a: Ho-Oh|move: Yawn|[of] p2a: Espeon
|
|upkeep
|turn|19
|
|t:|1656862912
|switch|p1a: Necrozma|Necrozma-Dusk-Mane|100/100
|-damage|p1a: Necrozma|94/100|[from] Stealth Rock
|move|p2a: Espeon|Shadow Ball|p1a: Necrozma
|-supereffective|p1a: Necrozma
|-damage|p1a: Necrozma|62/100
|
|-heal|p1a: Necrozma|68/100|[from] item: Leftovers
|upkeep
|turn|20
|
|t:|1656862918
|move|p2a: Espeon|Yawn|p1a: Necrozma
|-start|p1a: Necrozma|move: Yawn|[of] p2a: Espeon
|move|p1a: Necrozma|Morning Sun|p1a: Necrozma
|-heal|p1a: Necrozma|100/100
|
|upkeep
|turn|21
|
|t:|1656862922
|switch|p1a: Ho-Oh|Ho-Oh|100/100
|move|p2a: Espeon|Psychic|p1a: Ho-Oh
|-damage|p1a: Ho-Oh|75/100
|
|upkeep
|turn|22
|
|t:|1656862929
|switch|p1a: Necrozma|Necrozma-Dusk-Mane|100/100
|-damage|p1a: Necrozma|94/100|[from] Stealth Rock
|move|p2a: Espeon|Yawn|p1a: Necrozma
|-start|p1a: Necrozma|move: Yawn|[of] p2a: Espeon
|
|-heal|p1a: Necrozma|100/100|[from] item: Leftovers
|upkeep
|turn|23
|
|t:|1656862932
|switch|p1a: Ho-Oh|Ho-Oh|100/100
|move|p2a: Espeon|Shadow Ball|p1a: Ho-Oh
|-damage|p1a: Ho-Oh|86/100
|
|upkeep
|turn|24
|
|t:|1656862936
|switch|p1a: Necrozma|Necrozma-Dusk-Mane|100/100
|-damage|p1a: Necrozma|94/100|[from] Stealth Rock
|move|p2a: Espeon|Yawn|p1a: Necrozma
|-start|p1a: Necrozma|move: Yawn|[of] p2a: Espeon
|
|-heal|p1a: Necrozma|100/100|[from] item: Leftovers
|upkeep
|turn|25
|
|t:|1656862950
|switch|p1a: Ho-Oh|Ho-Oh|100/100
|move|p2a: Espeon|Psychic|p1a: Ho-Oh
|-damage|p1a: Ho-Oh|75/100
|
|upkeep
|turn|26
|
|t:|1656862954
|switch|p1a: Necrozma|Necrozma-Dusk-Mane|100/100
|-damage|p1a: Necrozma|94/100|[from] Stealth Rock
|move|p2a: Espeon|Yawn|p1a: Necrozma
|-start|p1a: Necrozma|move: Yawn|[of] p2a: Espeon
|
|-heal|p1a: Necrozma|100/100|[from] item: Leftovers
|upkeep
|turn|27
|
|t:|1656862969
|switch|p2a: Smeargle|Smeargle, F|100/100
|-damage|p2a: Smeargle|88/100|[from] Stealth Rock
|switch|p1a: Ho-Oh|Ho-Oh|100/100
|
|-ability|p2a: Smeargle|Moody|boost
|-boost|p2a: Smeargle|spd|2
|-unboost|p2a: Smeargle|spa|1
|upkeep
|turn|28
|
|t:|1656862973
|move|p2a: Smeargle|Spore|p1a: Ho-Oh
|-status|p1a: Ho-Oh|slp|[from] move: Spore
|cant|p1a: Ho-Oh|slp
|
|-ability|p2a: Smeargle|Moody|boost
|-boost|p2a: Smeargle|spd|2
|-unboost|p2a: Smeargle|def|1
|upkeep
|turn|29
|
|t:|1656862978
|move|p2a: Smeargle|Shift Gear|p2a: Smeargle
|-boost|p2a: Smeargle|spe|2
|-boost|p2a: Smeargle|atk|1
|cant|p1a: Ho-Oh|slp
|
|-ability|p2a: Smeargle|Moody|boost
|-boost|p2a: Smeargle|atk|2
|-unboost|p2a: Smeargle|spd|1
|upkeep
|turn|30
|
|t:|1656862982
|move|p2a: Smeargle|Spiky Shield|p2a: Smeargle
|-singleturn|p2a: Smeargle|move: Protect
|cant|p1a: Ho-Oh|slp
|
|-ability|p2a: Smeargle|Moody|boost
|-boost|p2a: Smeargle|spa|2
|-unboost|p2a: Smeargle|atk|1
|upkeep
|turn|31
|
|t:|1656862990
|move|p2a: Smeargle|Spiky Shield||[still]
|-fail|p2a: Smeargle
|-curestatus|p1a: Ho-Oh|slp|[msg]
|move|p1a: Ho-Oh|Sacred Fire|p2a: Smeargle
|-crit|p2a: Smeargle
|-damage|p2a: Smeargle|0 fnt
|faint|p2a: Smeargle
|
|upkeep
|
|t:|1656862996
|switch|p2a: Zacian|Zacian-Crowned|84/100
|-damage|p2a: Zacian|78/100|[from] Stealth Rock
|-ability|p2a: Zacian|Intrepid Sword|boost
|-boost|p2a: Zacian|atk|1
|turn|32
|
|t:|1656862999
|move|p2a: Zacian|Wild Charge|p1a: Ho-Oh
|-supereffective|p1a: Ho-Oh
|-damage|p1a: Ho-Oh|34/100
|-damage|p2a: Zacian|56/100|[from] Recoil
|move|p1a: Ho-Oh|Sacred Fire|p2a: Zacian
|-supereffective|p2a: Zacian
|-damage|p2a: Zacian|0 fnt
|faint|p2a: Zacian
|
|upkeep
|
|t:|1656863005
|switch|p2a: Rayquaza|Rayquaza|100/100
|-damage|p2a: Rayquaza|76/100|[from] Stealth Rock
|-ability|p2a: Rayquaza|Air Lock
|turn|33
|j| IAmJklol
|
|t:|1656863025
|detailschange|p2a: Rayquaza|Rayquaza-Mega
|-mega|p2a: Rayquaza|Rayquaza|
|-weather|DeltaStream|[from] ability: Delta Stream|[of] p2a: Rayquaza
|move|p2a: Rayquaza|Dragon Dance|p2a: Rayquaza
|-boost|p2a: Rayquaza|atk|1
|-boost|p2a: Rayquaza|spe|1
|move|p1a: Ho-Oh|Whirlwind|p2a: Rayquaza
|-weather|none
|drag|p2a: Xerneas|Xerneas|100/100
|-damage|p2a: Xerneas|88/100|[from] Stealth Rock
|-ability|p2a: Xerneas|Fairy Aura
|
|upkeep
|turn|34
|
|t:|1656863036
|move|p2a: Xerneas|Moonblast|p1a: Ho-Oh
|-resisted|p1a: Ho-Oh
|-damage|p1a: Ho-Oh|17/100
|move|p1a: Ho-Oh|Sacred Fire|p2a: Xerneas
|-crit|p2a: Xerneas
|-damage|p2a: Xerneas|42/100
|
|upkeep
|turn|35
|
|t:|1656863045
|move|p2a: Xerneas|Moonblast|p1a: Ho-Oh
|-resisted|p1a: Ho-Oh
|-damage|p1a: Ho-Oh|1/100
|move|p1a: Ho-Oh|Whirlwind|p2a: Xerneas
|drag|p2a: Rayquaza|Rayquaza-Mega|76/100
|-damage|p2a: Rayquaza|51/100|[from] Stealth Rock
|-weather|DeltaStream|[from] ability: Delta Stream|[of] p2a: Rayquaza
|
|-weather|DeltaStream|[upkeep]
|upkeep
|turn|36
|
|t:|1656863055
|move|p2a: Rayquaza|Dragon Ascent|p1a: Ho-Oh
|-damage|p1a: Ho-Oh|0 fnt
|-unboost|p2a: Rayquaza|def|1
|-unboost|p2a: Rayquaza|spd|1
|faint|p1a: Ho-Oh
|
|-weather|DeltaStream|[upkeep]
|upkeep
|
|t:|1656863061
|switch|p1a: Marshadow|Marshadow|100/100
|-damage|p1a: Marshadow|94/100|[from] Stealth Rock
|turn|37
|
|t:|1656863068
|move|p1a: Marshadow|Shadow Sneak|p2a: Rayquaza
|-damage|p2a: Rayquaza|0 fnt
|faint|p2a: Rayquaza
|-weather|none
|
|upkeep
|
|t:|1656863071
|switch|p2a: Espeon|Espeon, F|13/100
|-damage|p2a: Espeon|1/100|[from] Stealth Rock
|turn|38
|
|t:|1656863074
|move|p1a: Marshadow|Shadow Sneak|p2a: Espeon
|-supereffective|p2a: Espeon
|-damage|p2a: Espeon|0 fnt
|faint|p2a: Espeon
|
|upkeep
|
|t:|1656863076
|switch|p2a: Xerneas|Xerneas|42/100
|-damage|p2a: Xerneas|29/100|[from] Stealth Rock
|-ability|p2a: Xerneas|Fairy Aura
|turn|39
|
|t:|1656863083
|move|p1a: Marshadow|Shadow Sneak|p2a: Xerneas
|-damage|p2a: Xerneas|0 fnt
|faint|p2a: Xerneas
|
|win|Apprenti Buck
|raw|Apprenti Buck's rating: 1841 &rarr; <strong>1864</strong><br />(+23 for winning)
|raw|amnael1's rating: 1888 &rarr; <strong>1865</strong><br />(-23 for losing)
|l|☆amnael1
|l| jasmine ovo
