|j|☆TaxFraud094
|j|☆Lord Rekkuza
|inactive|Battle timer is ON: inactive players will automatically lose when time's up.
|t:|1666403406
|gametype|singles
|player|p1|TaxFraud094|skyla-masters2|
|player|p2|Lord Rekkuza|lance-lgpe|
|teamsize|p1|6
|teamsize|p2|6
|gen|8
|tier|[Gen 8] National Dex AG
|rated|Tournament battle
|rule|HP Percentage Mod: HP is shown in percentages
|rule|Endless Battle Clause: Forcing endless battles is banned
|clearpoke
|poke|p1|Smeargle, M|
|poke|p1|Vivillon, F|
|poke|p1|Yveltal|
|poke|p1|Rayquaza|
|poke|p1|Groudon|
|poke|p1|Arceus-*|
|poke|p2|Necrozma-Dusk-Mane|
|poke|p2|Zygarde|
|poke|p2|Eternatus|
|poke|p2|Arceus-*|
|poke|p2|Yveltal|
|poke|p2|Chansey, F|
|teampreview
|inactive|TaxFraud094 also wants the timer to be on.
|j| LocalMetagross
|j| LocalMarshadow
|c|☆TaxFraud094|glhf
|
|t:|1666403432
|start
|switch|p1a: Smeargle|Smeargle, M|100/100
|switch|p2a: Zygarde|Zygarde, shiny|100/100
|turn|1
|
|t:|1666403435
|move|p1a: Smeargle|Sticky Web|p2a: Zygarde
|-sidestart|p2: Lord Rekkuza|move: Sticky Web
|move|p2a: Zygarde|Thousand Arrows|p1a: Smeargle
|-damage|p1a: Smeargle|45/100
|
|upkeep
|turn|2
|
|t:|1666403464
|move|p2a: Zygarde|Thousand Arrows|p1a: Smeargle
|-damage|p1a: Smeargle|0 fnt
|faint|p1a: Smeargle
|
|upkeep
|inactive|TaxFraud094 has 120 seconds left.
|j| dragonite_fan09
|
|t:|1666403496
|switch|p1a: Yveltal|Yveltal|100/100
|-ability|p1a: Yveltal|Dark Aura
|turn|3
|
|t:|1666403505
|switch|p2a: Yveltal|Yveltal, shiny|100/100
|-ability|p2a: Yveltal|Dark Aura
|move|p1a: Yveltal|Taunt|p2a: Yveltal
|-start|p2a: Yveltal|move: Taunt
|
|upkeep
|turn|4
|inactive|TaxFraud094 has 90 seconds left.
|
|t:|1666403540
|-start|p1a: Yveltal|Dynamax|
|-heal|p1a: Yveltal|100/100|[silent]
|move|p1a: Yveltal|Max Airstream|p2a: Yveltal
|-damage|p2a: Yveltal|54/100
|-boost|p1a: Yveltal|spe|1
|-damage|p1a: Yveltal|96/100|[from] item: Life Orb
|move|p2a: Yveltal|Knock Off|p1a: Yveltal
|-resisted|p1a: Yveltal
|-damage|p1a: Yveltal|82/100
|-enditem|p1a: Yveltal|Life Orb|[from] move: Knock Off|[of] p2a: Yveltal
|
|upkeep
|turn|5
|
|t:|1666403562
|move|p1a: Yveltal|Max Airstream|p2a: Yveltal
|-damage|p2a: Yveltal|16/100
|-boost|p1a: Yveltal|spe|1
|move|p2a: Yveltal|Knock Off|p1a: Yveltal
|-resisted|p1a: Yveltal
|-damage|p1a: Yveltal|72/100
|
|-end|p2a: Yveltal|move: Taunt
|upkeep
|turn|6
|
|t:|1666403574
|move|p1a: Yveltal|Max Airstream|p2a: Yveltal
|-damage|p2a: Yveltal|0 fnt
|-boost|p1a: Yveltal|spe|1
|faint|p2a: Yveltal
|
|upkeep
|
|t:|1666403581
|switch|p2a: Arceus|Arceus-Fairy|100/100
|-activate|p2a: Arceus|move: Sticky Web
|-unboost|p2a: Arceus|spe|1
|-end|p1a: Yveltal|Dynamax
|-heal|p1a: Yveltal|72/100|[silent]
|turn|7
|
|t:|1666403595
|move|p1a: Yveltal|Taunt|p2a: Arceus
|-start|p2a: Arceus|move: Taunt
|move|p2a: Arceus|Judgment|p1a: Yveltal
|-supereffective|p1a: Yveltal
|-damage|p1a: Yveltal|0 fnt
|faint|p1a: Yveltal
|
|upkeep
|
|t:|1666403602
|switch|p1a: Vivillon|Vivillon, F|100/100
|turn|8
|
|t:|1666403611
|switch|p2a: Zygarde|Zygarde, shiny|100/100
|-activate|p2a: Zygarde|move: Sticky Web
|-unboost|p2a: Zygarde|spe|1
|move|p1a: Vivillon|Hurricane|p2a: Zygarde
|-crit|p2a: Zygarde
|-damage|p2a: Zygarde|48/100
|
|-activate|p2a: Zygarde|ability: Power Construct
|detailschange|p2a: Zygarde|Zygarde-Complete, shiny
|-heal|p2a: Zygarde|66/100|[silent]
|upkeep
|turn|9
|
|t:|1666403624
|move|p1a: Vivillon|Substitute|p1a: Vivillon
|-start|p1a: Vivillon|Substitute
|-damage|p1a: Vivillon|76/100
|move|p2a: Zygarde|Glare||[still]
|-fail|p2a: Zygarde
|
|-heal|p1a: Vivillon|82/100|[from] item: Leftovers
|upkeep
|turn|10
|
|t:|1666403626
|move|p1a: Vivillon|Quiver Dance|p1a: Vivillon
|-boost|p1a: Vivillon|spa|1
|-boost|p1a: Vivillon|spd|1
|-boost|p1a: Vivillon|spe|1
|move|p2a: Zygarde|Thousand Arrows|p1a: Vivillon
|-crit|p1a: Vivillon
|-end|p1a: Vivillon|Substitute
|
|-heal|p1a: Vivillon|88/100|[from] item: Leftovers
|upkeep
|turn|11
|inactive|TaxFraud094 has 120 seconds left.
|
|t:|1666403632
|move|p1a: Vivillon|Quiver Dance|p1a: Vivillon
|-boost|p1a: Vivillon|spa|1
|-boost|p1a: Vivillon|spd|1
|-boost|p1a: Vivillon|spe|1
|move|p2a: Zygarde|Thousand Arrows|p1a: Vivillon
|-damage|p1a: Vivillon|43/100
|-start|p1a: Vivillon|Smack Down
|
|-heal|p1a: Vivillon|49/100|[from] item: Leftovers
|upkeep
|turn|12
|
|t:|1666403638
|move|p1a: Vivillon|Hurricane|p2a: Zygarde
|-damage|p2a: Zygarde|19/100
|move|p2a: Zygarde|Haze|p2a: Zygarde
|-clearallboost
|
|-heal|p1a: Vivillon|55/100|[from] item: Leftovers
|upkeep
|turn|13
|
|t:|1666403652
|move|p1a: Vivillon|Hurricane|p2a: Zygarde
|-damage|p2a: Zygarde|0 fnt
|faint|p2a: Zygarde
|
|-heal|p1a: Vivillon|61/100|[from] item: Leftovers
|upkeep
|
|t:|1666403657
|switch|p2a: Eternatus|Eternatus|100/100
|-activate|p2a: Eternatus|move: Sticky Web
|-unboost|p2a: Eternatus|spe|1
|-ability|p2a: Eternatus|Pressure
|turn|14
|
|t:|1666403661
|move|p1a: Vivillon|Sleep Powder|p2a: Eternatus
|-status|p2a: Eternatus|slp|[from] move: Sleep Powder
|cant|p2a: Eternatus|slp
|
|-heal|p1a: Vivillon|67/100|[from] item: Leftovers
|upkeep
|turn|15
|l| LocalMetagross
|c|☆TaxFraud094|Imagine having Goggles zyg and losing to Viv
|
|t:|1666403678
|move|p1a: Vivillon|Substitute|p1a: Vivillon
|-start|p1a: Vivillon|Substitute
|-damage|p1a: Vivillon|42/100
|cant|p2a: Eternatus|slp
|
|-heal|p1a: Vivillon|48/100|[from] item: Leftovers
|upkeep
|turn|16
|
|t:|1666403681
|move|p1a: Vivillon|Quiver Dance|p1a: Vivillon
|-boost|p1a: Vivillon|spa|1
|-boost|p1a: Vivillon|spd|1
|-boost|p1a: Vivillon|spe|1
|-curestatus|p2a: Eternatus|slp|[msg]
|move|p2a: Eternatus|Mystical Fire|p1a: Vivillon
|-supereffective|p1a: Vivillon
|-end|p1a: Vivillon|Substitute
|
|-heal|p1a: Vivillon|54/100|[from] item: Leftovers
|upkeep
|turn|17
|
|t:|1666403689
|switch|p2a: Chansey|Chansey, F|100/100
|-activate|p2a: Chansey|move: Sticky Web
|-unboost|p2a: Chansey|spe|1
|move|p1a: Vivillon|Sleep Powder|p2a: Chansey
|-status|p2a: Chansey|slp|[from] move: Sleep Powder
|
|-heal|p1a: Vivillon|60/100|[from] item: Leftovers
|upkeep
|turn|18
|
|t:|1666403692
|-curestatus|p2a: Chansey|slp|[from] ability: Natural Cure
|switch|p2a: Eternatus|Eternatus|100/100
|-activate|p2a: Eternatus|move: Sticky Web
|-unboost|p2a: Eternatus|spe|1
|-ability|p2a: Eternatus|Pressure
|move|p1a: Vivillon|Substitute|p1a: Vivillon
|-start|p1a: Vivillon|Substitute
|-damage|p1a: Vivillon|35/100
|
|-heal|p1a: Vivillon|41/100|[from] item: Leftovers
|upkeep
|turn|19
|
|t:|1666403696
|switch|p2a: Chansey|Chansey, F|100/100
|-activate|p2a: Chansey|move: Sticky Web
|-unboost|p2a: Chansey|spe|1
|move|p1a: Vivillon|Quiver Dance|p1a: Vivillon
|-boost|p1a: Vivillon|spa|1
|-boost|p1a: Vivillon|spd|1
|-boost|p1a: Vivillon|spe|1
|
|-heal|p1a: Vivillon|47/100|[from] item: Leftovers
|upkeep
|turn|20
|
|t:|1666403700
|move|p1a: Vivillon|Sleep Powder|p2a: Chansey
|-status|p2a: Chansey|slp|[from] move: Sleep Powder
|cant|p2a: Chansey|slp
|
|-heal|p1a: Vivillon|53/100|[from] item: Leftovers
|upkeep
|turn|21
|
|t:|1666403705
|-curestatus|p2a: Chansey|slp|[from] ability: Natural Cure
|switch|p2a: Eternatus|Eternatus|100/100
|-activate|p2a: Eternatus|move: Sticky Web
|-unboost|p2a: Eternatus|spe|1
|-ability|p2a: Eternatus|Pressure
|move|p1a: Vivillon|Quiver Dance|p1a: Vivillon
|-boost|p1a: Vivillon|spa|1
|-boost|p1a: Vivillon|spd|1
|-boost|p1a: Vivillon|spe|1
|
|-heal|p1a: Vivillon|59/100|[from] item: Leftovers
|upkeep
|turn|22
|
|t:|1666403708
|move|p1a: Vivillon|Sleep Powder|p2a: Eternatus
|-status|p2a: Eternatus|slp|[from] move: Sleep Powder
|cant|p2a: Eternatus|slp
|
|-heal|p1a: Vivillon|65/100|[from] item: Leftovers
|upkeep
|turn|23
|
|t:|1666403714
|move|p1a: Vivillon|Quiver Dance|p1a: Vivillon
|-boost|p1a: Vivillon|spa|1
|-boost|p1a: Vivillon|spd|1
|-boost|p1a: Vivillon|spe|1
|-curestatus|p2a: Eternatus|slp|[msg]
|move|p2a: Eternatus|Mystical Fire|p1a: Vivillon
|-supereffective|p1a: Vivillon
|-end|p1a: Vivillon|Substitute
|
|-heal|p1a: Vivillon|71/100|[from] item: Leftovers
|upkeep
|turn|24
|
|t:|1666403720
|move|p1a: Vivillon|Sleep Powder|p2a: Eternatus
|-status|p2a: Eternatus|slp|[from] move: Sleep Powder
|cant|p2a: Eternatus|slp
|
|-heal|p1a: Vivillon|77/100|[from] item: Leftovers
|upkeep
|turn|25
|
|t:|1666403722
|move|p1a: Vivillon|Substitute|p1a: Vivillon
|-start|p1a: Vivillon|Substitute
|-damage|p1a: Vivillon|52/100
|cant|p2a: Eternatus|slp
|
|-heal|p1a: Vivillon|58/100|[from] item: Leftovers
|upkeep
|turn|26
|
|t:|1666403726
|move|p1a: Vivillon|Hurricane|p2a: Eternatus|[miss]
|-miss|p1a: Vivillon|p2a: Eternatus
|cant|p2a: Eternatus|slp
|
|-heal|p1a: Vivillon|64/100|[from] item: Leftovers
|upkeep
|turn|27
|
|t:|1666403728
|move|p1a: Vivillon|Hurricane|p2a: Eternatus
|-damage|p2a: Eternatus|38/100 slp
|-curestatus|p2a: Eternatus|slp|[msg]
|move|p2a: Eternatus|Mystical Fire|p1a: Vivillon
|-supereffective|p1a: Vivillon
|-end|p1a: Vivillon|Substitute
|
|-heal|p1a: Vivillon|70/100|[from] item: Leftovers
|-heal|p2a: Eternatus|44/100|[from] item: Black Sludge
|upkeep
|turn|28
|
|t:|1666403734
|move|p1a: Vivillon|Hurricane|p2a: Eternatus
|-damage|p2a: Eternatus|0 fnt
|faint|p2a: Eternatus
|
|-heal|p1a: Vivillon|76/100|[from] item: Leftovers
|upkeep
|
|t:|1666403748
|switch|p2a: Necrozma|Necrozma-Dusk-Mane|100/100
|-activate|p2a: Necrozma|move: Sticky Web
|-unboost|p2a: Necrozma|spe|1
|turn|29
|
|t:|1666403751
|move|p1a: Vivillon|Sleep Powder|p2a: Necrozma
|-status|p2a: Necrozma|slp|[from] move: Sleep Powder
|cant|p2a: Necrozma|slp
|
|-heal|p1a: Vivillon|82/100|[from] item: Leftovers
|upkeep
|turn|30
|
|t:|1666403753
|move|p1a: Vivillon|Substitute|p1a: Vivillon
|-start|p1a: Vivillon|Substitute
|-damage|p1a: Vivillon|57/100
|cant|p2a: Necrozma|slp
|
|-heal|p1a: Vivillon|63/100|[from] item: Leftovers
|upkeep
|turn|31
|
|t:|1666403755
|move|p1a: Vivillon|Quiver Dance|p1a: Vivillon
|-boost|p1a: Vivillon|spa|1
|-boost|p1a: Vivillon|spd|1
|-boost|p1a: Vivillon|spe|1
|cant|p2a: Necrozma|slp
|
|-heal|p1a: Vivillon|69/100|[from] item: Leftovers
|upkeep
|turn|32
|
|t:|1666403758
|move|p1a: Vivillon|Quiver Dance|p1a: Vivillon
|-boost|p1a: Vivillon|spa|1
|-boost|p1a: Vivillon|spd|1
|-boost|p1a: Vivillon|spe|1
|-curestatus|p2a: Necrozma|slp|[msg]
|move|p2a: Necrozma|Sunsteel Strike|p1a: Vivillon
|-end|p1a: Vivillon|Substitute
|
|-heal|p1a: Vivillon|75/100|[from] item: Leftovers
|upkeep
|turn|33
|
|t:|1666403762
|move|p1a: Vivillon|Substitute|p1a: Vivillon
|-start|p1a: Vivillon|Substitute
|-damage|p1a: Vivillon|50/100
|move|p2a: Necrozma|Sunsteel Strike|p1a: Vivillon
|-end|p1a: Vivillon|Substitute
|
|-heal|p1a: Vivillon|56/100|[from] item: Leftovers
|upkeep
|turn|34
|
|t:|1666403763
|move|p1a: Vivillon|Quiver Dance|p1a: Vivillon
|-boost|p1a: Vivillon|spa|0
|-boost|p1a: Vivillon|spd|0
|-boost|p1a: Vivillon|spe|0
|move|p2a: Necrozma|Sunsteel Strike|p1a: Vivillon
|-damage|p1a: Vivillon|0 fnt
|faint|p1a: Vivillon
|
|upkeep
|
|t:|1666403765
|switch|p1a: Groudon|Groudon|100/100
|detailschange|p1a: Groudon|Groudon-Primal
|-primal|p1a: Groudon
|-weather|DesolateLand|[from] ability: Desolate Land|[of] p1a: Groudon
|turn|35
|
|t:|1666403768
|switch|p2a: Arceus|Arceus-Fairy|100/100
|-activate|p2a: Arceus|move: Sticky Web
|-unboost|p2a: Arceus|spe|1
|move|p1a: Groudon|Eruption|p2a: Arceus
|-damage|p2a: Arceus|8/100
|
|-weather|DesolateLand|[upkeep]
|upkeep
|turn|36
|
|t:|1666403782
|move|p1a: Groudon|Eruption|p2a: Arceus
|-damage|p2a: Arceus|0 fnt
|faint|p2a: Arceus
|
|-weather|DesolateLand|[upkeep]
|upkeep
|
|t:|1666403785
|switch|p2a: Chansey|Chansey, F|100/100
|-activate|p2a: Chansey|move: Sticky Web
|-unboost|p2a: Chansey|spe|1
|turn|37
|
|t:|1666403788
|move|p1a: Groudon|Swords Dance|p1a: Groudon
|-boost|p1a: Groudon|atk|2
|move|p2a: Chansey|Toxic|p1a: Groudon
|-status|p1a: Groudon|tox
|
|-weather|DesolateLand|[upkeep]
|-damage|p1a: Groudon|94/100 tox|[from] psn
|upkeep
|turn|38
|
|t:|1666403791
|move|p1a: Groudon|Precipice Blades|p2a: Chansey
|-damage|p2a: Chansey|16/100
|move|p2a: Chansey|Soft-Boiled|p2a: Chansey
|-heal|p2a: Chansey|66/100
|
|-weather|DesolateLand|[upkeep]
|-damage|p1a: Groudon|82/100 tox|[from] psn
|upkeep
|turn|39
|
|t:|1666403794
|move|p1a: Groudon|Precipice Blades|p2a: Chansey
|-damage|p2a: Chansey|0 fnt
|faint|p2a: Chansey
|
|-weather|DesolateLand|[upkeep]
|-damage|p1a: Groudon|64/100 tox|[from] psn
|upkeep
|
|t:|1666403796
|switch|p2a: Necrozma|Necrozma-Dusk-Mane|100/100
|-activate|p2a: Necrozma|move: Sticky Web
|-unboost|p2a: Necrozma|spe|1
|turn|40
|
|t:|1666403798
|-start|p2a: Necrozma|Dynamax|
|-heal|p2a: Necrozma|100/100|[silent]
|move|p1a: Groudon|Precipice Blades|p2a: Necrozma
|-supereffective|p2a: Necrozma
|-damage|p2a: Necrozma|43/100
|move|p2a: Necrozma|Max Steelspike|p1a: Groudon
|-resisted|p1a: Groudon
|-damage|p1a: Groudon|40/100 tox
|-boost|p2a: Necrozma|def|1
|
|-weather|DesolateLand|[upkeep]
|-damage|p1a: Groudon|16/100 tox|[from] psn
|upkeep
|turn|41
|
|t:|1666403805
|move|p2a: Necrozma|Max Guard|p2a: Necrozma
|-singleturn|p2a: Necrozma|Max Guard
|move|p1a: Groudon|Precipice Blades|p2a: Necrozma
|-activate|p2a: Necrozma|move: Max Guard
|
|-weather|DesolateLand|[upkeep]
|-damage|p1a: Groudon|0 fnt|[from] psn
|faint|p1a: Groudon
|-weather|none
|upkeep
|
|t:|1666403810
|switch|p1a: Rayquaza|Rayquaza|100/100
|-ability|p1a: Rayquaza|Air Lock
|turn|42
|
|t:|1666403813
|detailschange|p1a: Rayquaza|Rayquaza-Mega
|-mega|p1a: Rayquaza|Rayquaza|
|-weather|DeltaStream|[from] ability: Delta Stream|[of] p1a: Rayquaza
|move|p1a: Rayquaza|Dragon Dance|p1a: Rayquaza
|-boost|p1a: Rayquaza|atk|1
|-boost|p1a: Rayquaza|spe|1
|move|p2a: Necrozma|Max Steelspike|p1a: Rayquaza
|-damage|p1a: Rayquaza|33/100
|-boost|p2a: Necrozma|def|1
|
|-weather|DeltaStream|[upkeep]
|upkeep
|-end|p2a: Necrozma|Dynamax
|-heal|p2a: Necrozma|43/100|[silent]
|turn|43
|
|t:|1666403822
|move|p1a: Rayquaza|V-create|p2a: Necrozma
|-supereffective|p2a: Necrozma
|-damage|p2a: Necrozma|0 fnt
|-unboost|p1a: Rayquaza|spe|1
|-unboost|p1a: Rayquaza|def|1
|-unboost|p1a: Rayquaza|spd|1
|-damage|p1a: Rayquaza|16/100|[from] item: Rocky Helmet|[of] p2a: Necrozma
|faint|p2a: Necrozma
|-damage|p1a: Rayquaza|6/100|[from] item: Life Orb
|
|win|TaxFraud094
|n|☆TaxFraud094|taxfraud094
|n|☆Lord Rekkuza|lordrekkuza
|n| LocalMarshadow|localmarshadow
|n| dragonite_fan09|dragonitefan09
|l|☆Lord Rekkuza
|j| Fedi fedi
|l|☆TaxFraud094
