|j|‽MaleficDon
|j|☆lavenderlad02
|t:|1666061794
|gametype|singles
|player|p1|MaleficDon|benga|1614
|player|p2|lavenderlad02|palmer|1806
|teamsize|p1|6
|teamsize|p2|6
|gen|8
|tier|[Gen 8] National Dex AG
|rated|
|rule|HP Percentage Mod: HP is shown in percentages
|rule|Endless Battle Clause: Forcing endless battles is banned
|clearpoke
|poke|p1|Arceus-*|
|poke|p1|Arceus-*|
|poke|p1|Arceus-*|
|poke|p1|Ditto|
|poke|p1|Ditto|
|poke|p1|Rayquaza|
|poke|p2|Eternatus|
|poke|p2|Yveltal|
|poke|p2|Zygarde|
|poke|p2|Ditto|
|poke|p2|Kyogre|
|poke|p2|Arceus-*|
|teampreview
|inactive|Battle timer is ON: inactive players will automatically lose when time's up. (requested by lavenderlad02)
|
|t:|1666061821
|start
|switch|p1a: Arceus|Arceus-Ground|100/100
|switch|p2a: Eternatus|Eternatus|100/100
|-ability|p2a: Eternatus|Pressure
|turn|1
|
|t:|1666061829
|switch|p2a: Zygarde|Zygarde|100/100
|move|p1a: Arceus|Calm Mind|p1a: Arceus
|-boost|p1a: Arceus|spa|1
|-boost|p1a: Arceus|spd|1
|
|upkeep
|turn|2
|
|t:|1666061838
|move|p1a: Arceus|Ice Beam|p2a: Zygarde
|-supereffective|p2a: Zygarde
|-damage|p2a: Zygarde|0 fnt
|faint|p2a: Zygarde
|
|upkeep
|
|t:|1666061840
|switch|p2a: Kyogre|Kyogre|100/100
|-weather|RainDance|[from] ability: Drizzle|[of] p2a: Kyogre
|turn|3
|
|t:|1666061862
|move|p2a: Kyogre|Water Spout|p1a: Arceus
|-supereffective|p1a: Arceus
|-damage|p1a: Arceus|0 fnt
|faint|p1a: Arceus
|
|-weather|RainDance|[upkeep]
|upkeep
|
|t:|1666061870
|switch|p1a: Rayquaza|Rayquaza|100/100
|-ability|p1a: Rayquaza|Air Lock
|turn|4
|
|t:|1666061881
|detailschange|p1a: Rayquaza|Rayquaza-Mega
|-mega|p1a: Rayquaza|Rayquaza|
|-weather|DeltaStream|[from] ability: Delta Stream|[of] p1a: Rayquaza
|move|p2a: Kyogre|Water Spout|p1a: Rayquaza
|-resisted|p1a: Rayquaza
|-damage|p1a: Rayquaza|61/100
|move|p1a: Rayquaza|Dragon Ascent|p2a: Kyogre
|-damage|p2a: Kyogre|12/100
|-unboost|p1a: Rayquaza|def|1
|-unboost|p1a: Rayquaza|spd|1
|
|-weather|DeltaStream|[upkeep]
|upkeep
|turn|5
|
|t:|1666061890
|switch|p2a: Arceus|Arceus-Steel|100/100
|move|p1a: Rayquaza|Extreme Speed|p2a: Arceus
|-resisted|p2a: Arceus
|-damage|p2a: Arceus|91/100
|
|-weather|DeltaStream|[upkeep]
|upkeep
|turn|6
|
|t:|1666061898
|move|p1a: Rayquaza|V-create|p2a: Arceus
|-supereffective|p2a: Arceus
|-damage|p2a: Arceus|2/100
|-unboost|p1a: Rayquaza|spe|1
|-unboost|p1a: Rayquaza|def|1
|-unboost|p1a: Rayquaza|spd|1
|move|p2a: Arceus|Will-O-Wisp|p1a: Rayquaza
|-status|p1a: Rayquaza|brn
|
|-weather|DeltaStream|[upkeep]
|-damage|p1a: Rayquaza|55/100 brn|[from] brn
|upkeep
|turn|7
|
|t:|1666061905
|switch|p2a: Yveltal|Yveltal|100/100
|-ability|p2a: Yveltal|Dark Aura
|move|p1a: Rayquaza|Dragon Ascent|p2a: Yveltal
|-damage|p2a: Yveltal|66/100
|-unboost|p1a: Rayquaza|def|1
|-unboost|p1a: Rayquaza|spd|1
|
|-weather|DeltaStream|[upkeep]
|-damage|p1a: Rayquaza|49/100 brn|[from] brn
|upkeep
|turn|8
|
|t:|1666061917
|-weather|none
|switch|p1a: Arceus|Arceus-Ground|100/100
|move|p2a: Yveltal|Roost|p2a: Yveltal
|-heal|p2a: Yveltal|100/100
|-singleturn|p2a: Yveltal|move: Roost
|
|upkeep
|turn|9
|
|t:|1666061924
|switch|p2a: Arceus|Arceus-Steel|2/100
|move|p1a: Arceus|Calm Mind|p1a: Arceus
|-boost|p1a: Arceus|spa|1
|-boost|p1a: Arceus|spd|1
|
|upkeep
|turn|10
|
|t:|1666061930
|move|p1a: Arceus|Judgment|p2a: Arceus
|-supereffective|p2a: Arceus
|-damage|p2a: Arceus|0 fnt
|faint|p2a: Arceus
|
|upkeep
|
|t:|1666061932
|switch|p2a: Kyogre|Kyogre|12/100
|-weather|RainDance|[from] ability: Drizzle|[of] p2a: Kyogre
|turn|11
|
|t:|1666061943
|move|p2a: Kyogre|Origin Pulse|p1a: Arceus
|-supereffective|p1a: Arceus
|-damage|p1a: Arceus|14/100
|move|p1a: Arceus|Judgment|p2a: Kyogre
|-damage|p2a: Kyogre|0 fnt
|faint|p2a: Kyogre
|
|-weather|RainDance|[upkeep]
|upkeep
|
|t:|1666061947
|switch|p2a: Eternatus|Eternatus|100/100
|-ability|p2a: Eternatus|Pressure
|turn|12
|
|t:|1666061950
|move|p2a: Eternatus|Flamethrower|p1a: Arceus
|-damage|p1a: Arceus|8/100
|move|p1a: Arceus|Recover|p1a: Arceus
|-heal|p1a: Arceus|58/100
|
|-weather|RainDance|[upkeep]
|upkeep
|turn|13
|
|t:|1666061955
|switch|p2a: Yveltal|Yveltal|100/100
|-ability|p2a: Yveltal|Dark Aura
|move|p1a: Arceus|Recover|p1a: Arceus
|-heal|p1a: Arceus|100/100
|
|-weather|RainDance|[upkeep]
|upkeep
|turn|14
|
|t:|1666061960
|move|p1a: Arceus|Calm Mind|p1a: Arceus
|-boost|p1a: Arceus|spa|1
|-boost|p1a: Arceus|spd|1
|move|p2a: Yveltal|Foul Play|p1a: Arceus
|-damage|p1a: Arceus|80/100
|
|-weather|RainDance|[upkeep]
|upkeep
|turn|15
|
|t:|1666061966
|move|p1a: Arceus|Recover|p1a: Arceus
|-heal|p1a: Arceus|100/100
|move|p2a: Yveltal|Foul Play|p1a: Arceus
|-damage|p1a: Arceus|79/100
|
|-weather|none
|upkeep
|turn|16
|
|t:|1666061972
|move|p1a: Arceus|Ice Beam|p2a: Yveltal
|-supereffective|p2a: Yveltal
|-damage|p2a: Yveltal|48/100
|move|p2a: Yveltal|Foul Play|p1a: Arceus
|-damage|p1a: Arceus|57/100
|
|upkeep
|turn|17
|
|t:|1666061977
|move|p1a: Arceus|Recover|p1a: Arceus
|-heal|p1a: Arceus|100/100
|move|p2a: Yveltal|Roost|p2a: Yveltal
|-heal|p2a: Yveltal|98/100
|-singleturn|p2a: Yveltal|move: Roost
|
|upkeep
|turn|18
|
|t:|1666061982
|switch|p2a: Ditto|Ditto|100/100
|-transform|p2a: Ditto|p1a: Arceus|[from] ability: Imposter
|move|p1a: Arceus|Calm Mind|p1a: Arceus
|-boost|p1a: Arceus|spa|1
|-boost|p1a: Arceus|spd|1
|
|upkeep
|turn|19
|
|t:|1666061985
|move|p2a: Ditto|Ice Beam|p1a: Arceus
|-supereffective|p1a: Arceus
|-damage|p1a: Arceus|74/100
|move|p1a: Arceus|Ice Beam|p2a: Ditto
|-supereffective|p2a: Ditto
|-damage|p2a: Ditto|44/100
|
|upkeep
|turn|20
|-message|lavenderlad02 forfeited.
|
|win|MaleficDon
|raw|MaleficDon's rating: 1614 &rarr; <strong>1644</strong><br />(+30 for winning)
|raw|lavenderlad02's rating: 1806 &rarr; <strong>1776</strong><br />(-30 for losing)
|l|☆lavenderlad02
