|j|☆OhLooord
|j|☆Obito152001
|t:|1665379989
|gametype|singles
|player|p1|OhLooord|lucas|1887
|player|p2|Obito152001|blue-gen3two|2019
|teamsize|p1|6
|teamsize|p2|6
|gen|8
|tier|[Gen 8] National Dex AG
|rated|
|rule|HP Percentage Mod: HP is shown in percentages
|rule|Endless Battle Clause: Forcing endless battles is banned
|clearpoke
|poke|p1|Groudon|
|poke|p1|Rayquaza|
|poke|p1|Zygarde|
|poke|p1|Calyrex-Shadow|
|poke|p1|Arceus-*|
|poke|p1|Arceus-*|
|poke|p2|Rayquaza|
|poke|p2|Groudon|
|poke|p2|Kyogre|
|poke|p2|Arceus-*|
|poke|p2|Ditto|
|poke|p2|Arceus-*|
|teampreview
|inactive|Battle timer is ON: inactive players will automatically lose when time's up. (requested by Obito152001)
|inactive|OhLooord has 120 seconds left.
|
|t:|1665380025
|start
|switch|p1a: the gwoat|Rayquaza|100/100
|switch|p2a: Rayquaza|Rayquaza, shiny|100/100
|-ability|p2a: Rayquaza|Air Lock
|-ability|p1a: the gwoat|Air Lock
|turn|1
|
|t:|1665380038
|detailschange|p2a: Rayquaza|Rayquaza-Mega, shiny
|-mega|p2a: Rayquaza|Rayquaza|
|-weather|DeltaStream|[from] ability: Delta Stream|[of] p2a: Rayquaza
|detailschange|p1a: the gwoat|Rayquaza-Mega
|-mega|p1a: the gwoat|Rayquaza|
|move|p2a: Rayquaza|Dragon Ascent|p1a: the gwoat
|-damage|p1a: the gwoat|7/100
|-unboost|p2a: Rayquaza|def|1
|-unboost|p2a: Rayquaza|spd|1
|-damage|p2a: Rayquaza|91/100|[from] item: Life Orb
|move|p1a: the gwoat|Scale Shot|p2a: Rayquaza
|-supereffective|p2a: Rayquaza
|-damage|p2a: Rayquaza|19/100
|-supereffective|p2a: Rayquaza
|-damage|p2a: Rayquaza|0 fnt
|faint|p2a: Rayquaza
|-hitcount|p2: Rayquaza|2
|-unboost|p1a: the gwoat|def|1
|-boost|p1a: the gwoat|spe|1
|-damage|p1a: the gwoat|0 fnt|[from] item: Life Orb
|faint|p1a: the gwoat
|-weather|none
|
|upkeep
|
|t:|1665380054
|switch|p2a: Arceus|Arceus-Fairy|100/100
|switch|p1a: the goat|Zygarde, shiny|100/100
|turn|2
|
|t:|1665380059
|switch|p1a: Pyra|Groudon|100/100
|detailschange|p1a: Pyra|Groudon-Primal
|-primal|p1a: Pyra
|-weather|DesolateLand|[from] ability: Desolate Land|[of] p1a: Pyra
|move|p2a: Arceus|Judgment|p1a: Pyra
|-resisted|p1a: Pyra
|-damage|p1a: Pyra|79/100
|
|-weather|DesolateLand|[upkeep]
|upkeep
|turn|3
|
|t:|1665380065
|move|p2a: Arceus|Toxic|p1a: Pyra
|-status|p1a: Pyra|tox
|move|p1a: Pyra|Thunder Wave|p2a: Arceus
|-status|p2a: Arceus|par
|
|-weather|DesolateLand|[upkeep]
|-damage|p1a: Pyra|73/100 tox|[from] psn
|upkeep
|turn|4
|
|t:|1665380068
|move|p1a: Pyra|Stealth Rock|p2a: Arceus
|-sidestart|p2: Obito152001|move: Stealth Rock
|move|p2a: Arceus|Stealth Rock|p1a: Pyra
|-sidestart|p1: OhLooord|move: Stealth Rock
|
|-weather|DesolateLand|[upkeep]
|-damage|p1a: Pyra|61/100 tox|[from] psn
|upkeep
|turn|5
|
|t:|1665380071
|move|p1a: Pyra|Precipice Blades|p2a: Arceus
|-damage|p2a: Arceus|57/100 par
|cant|p2a: Arceus|par
|
|-weather|DesolateLand|[upkeep]
|-damage|p1a: Pyra|43/100 tox|[from] psn
|upkeep
|turn|6
|
|t:|1665380074
|move|p1a: Pyra|Precipice Blades|p2a: Arceus
|-damage|p2a: Arceus|8/100 par
|move|p2a: Arceus|Recover|p2a: Arceus
|-heal|p2a: Arceus|58/100 par
|
|-weather|DesolateLand|[upkeep]
|-damage|p1a: Pyra|19/100 tox|[from] psn
|upkeep
|turn|7
|
|t:|1665380077
|move|p1a: Pyra|Precipice Blades|p2a: Arceus
|-damage|p2a: Arceus|16/100 par
|move|p2a: Arceus|Recover|p2a: Arceus
|-heal|p2a: Arceus|66/100 par
|
|-weather|DesolateLand|[upkeep]
|-damage|p1a: Pyra|0 fnt|[from] psn
|faint|p1a: Pyra
|-weather|none
|upkeep
|
|t:|1665380079
|switch|p1a: Calyrex|Calyrex-Shadow|100/100
|-ability|p1a: Calyrex|As One
|-ability|p1a: Calyrex|Unnerve
|-damage|p1a: Calyrex|88/100|[from] Stealth Rock
|turn|8
|
|t:|1665380083
|switch|p2a: Arceus|Arceus|100/100
|-damage|p2a: Arceus|88/100|[from] Stealth Rock
|move|p1a: Calyrex|Substitute|p1a: Calyrex
|-start|p1a: Calyrex|Substitute
|-damage|p1a: Calyrex|63/100
|
|-heal|p1a: Calyrex|70/100|[from] item: Leftovers
|upkeep
|turn|9
|
|t:|1665380087
|switch|p1a: the goat|Zygarde, shiny|100/100
|-damage|p1a: the goat|94/100|[from] Stealth Rock
|move|p2a: Arceus|Shadow Claw|p1a: the goat
|-damage|p1a: the goat|81/100
|
|-heal|p1a: the goat|87/100|[from] item: Leftovers
|upkeep
|turn|10
|
|t:|1665380095
|switch|p2a: Arceus|Arceus-Fairy|66/100 par
|-damage|p2a: Arceus|53/100 par|[from] Stealth Rock
|move|p1a: the goat|Substitute|p1a: the goat
|-start|p1a: the goat|Substitute
|-damage|p1a: the goat|62/100
|
|-heal|p1a: the goat|68/100|[from] item: Leftovers
|upkeep
|turn|11
|
|t:|1665380099
|move|p1a: the goat|Coil|p1a: the goat
|-boost|p1a: the goat|atk|1
|-boost|p1a: the goat|def|1
|-boost|p1a: the goat|accuracy|1
|move|p2a: Arceus|Recover|p2a: Arceus
|-heal|p2a: Arceus|100/100 par
|
|-heal|p1a: the goat|74/100|[from] item: Leftovers
|upkeep
|turn|12
|
|t:|1665380102
|move|p1a: the goat|Coil|p1a: the goat
|-boost|p1a: the goat|atk|1
|-boost|p1a: the goat|def|1
|-boost|p1a: the goat|accuracy|1
|move|p2a: Arceus|Judgment|p1a: the goat
|-supereffective|p1a: the goat
|-end|p1a: the goat|Substitute
|
|-heal|p1a: the goat|80/100|[from] item: Leftovers
|upkeep
|turn|13
|
|t:|1665380114
|-start|p1a: the goat|Dynamax|
|-heal|p1a: the goat|80/100|[silent]
|move|p1a: the goat|Max Quake|p2a: Arceus
|-damage|p2a: Arceus|44/100 par
|-boost|p1a: the goat|spd|1
|cant|p2a: Arceus|par
|
|-heal|p1a: the goat|84/100|[from] item: Leftovers
|upkeep
|turn|14
|
|t:|1665380117
|move|p1a: the goat|Max Quake|p2a: Arceus
|-damage|p2a: Arceus|0 fnt
|-boost|p1a: the goat|spd|1
|faint|p2a: Arceus
|
|-heal|p1a: the goat|87/100|[from] item: Leftovers
|upkeep
|
|t:|1665380127
|switch|p2a: Ditto|Ditto, shiny|100/100
|-damage|p2a: Ditto|88/100|[from] Stealth Rock
|-transform|p2a: Ditto|p1a: the goat|[from] ability: Imposter
|turn|15
|
|t:|1665380131
|move|p2a: Ditto|Glare|p1a: the goat
|-status|p1a: the goat|par
|cant|p1a: the goat|par
|
|-heal|p1a: the goat|90/100 par|[from] item: Leftovers
|upkeep
|-end|p1a: the goat|Dynamax
|-heal|p1a: the goat|90/100 par|[silent]
|turn|16
|
|t:|1665380138
|switch|p2a: Kyogre|Kyogre|100/100
|-damage|p2a: Kyogre|88/100|[from] Stealth Rock
|detailschange|p2a: Kyogre|Kyogre-Primal
|-primal|p2a: Kyogre
|-weather|PrimordialSea|[from] ability: Primordial Sea|[of] p2a: Kyogre
|move|p1a: the goat|Substitute|p1a: the goat
|-start|p1a: the goat|Substitute
|-damage|p1a: the goat|65/100 par
|
|-weather|PrimordialSea|[upkeep]
|-heal|p1a: the goat|71/100 par|[from] item: Leftovers
|upkeep
|turn|17
|
|t:|1665380145
|move|p2a: Kyogre|Surf|p1a: the goat
|-end|p1a: the goat|Substitute
|move|p1a: the goat|Glare|p2a: Kyogre
|-status|p2a: Kyogre|par
|
|-weather|PrimordialSea|[upkeep]
|-heal|p1a: the goat|77/100 par|[from] item: Leftovers
|upkeep
|turn|18
|
|t:|1665380151
|move|p1a: the goat|Thousand Arrows|p2a: Kyogre
|-damage|p2a: Kyogre|46/100 par
|move|p2a: Kyogre|Rest|p2a: Kyogre
|-status|p2a: Kyogre|slp|[from] move: Rest
|-heal|p2a: Kyogre|100/100 slp|[silent]
|
|-weather|PrimordialSea|[upkeep]
|-heal|p1a: the goat|83/100 par|[from] item: Leftovers
|upkeep
|turn|19
|
|t:|1665380156
|cant|p2a: Kyogre|slp
|move|p2a: Kyogre|Sleep Talk|p2a: Kyogre
|move|p2a: Kyogre|Calm Mind|p2a: Kyogre|[from]move: Sleep Talk
|-boost|p2a: Kyogre|spa|1
|-boost|p2a: Kyogre|spd|1
|move|p1a: the goat|Coil|p1a: the goat
|-boost|p1a: the goat|atk|1
|-boost|p1a: the goat|def|1
|-boost|p1a: the goat|accuracy|1
|
|-weather|PrimordialSea|[upkeep]
|-heal|p1a: the goat|90/100 par|[from] item: Leftovers
|upkeep
|turn|20
|
|t:|1665380167
|cant|p2a: Kyogre|slp
|move|p2a: Kyogre|Sleep Talk|p2a: Kyogre
|move|p2a: Kyogre|Surf|p1a: the goat|[from]move: Sleep Talk
|-damage|p1a: the goat|37/100 par
|move|p1a: the goat|Thousand Arrows|p2a: Kyogre
|-damage|p2a: Kyogre|47/100 slp
|
|-weather|PrimordialSea|[upkeep]
|-heal|p1a: the goat|44/100 par|[from] item: Leftovers
|-activate|p1a: the goat|ability: Power Construct
|detailschange|p1a: the goat|Zygarde-Complete, shiny
|-heal|p1a: the goat|63/100 par|[silent]
|upkeep
|turn|21
|
|t:|1665380181
|-curestatus|p2a: Kyogre|slp|[msg]
|move|p2a: Kyogre|Surf|p1a: the goat
|-damage|p1a: the goat|30/100 par
|move|p1a: the goat|Thousand Arrows|p2a: Kyogre
|-damage|p2a: Kyogre|0 fnt
|faint|p2a: Kyogre
|-weather|none
|
|-heal|p1a: the goat|36/100 par|[from] item: Leftovers
|upkeep
|
|t:|1665380198
|switch|p2a: Groudon|Groudon|100/100
|-damage|p2a: Groudon|94/100|[from] Stealth Rock
|detailschange|p2a: Groudon|Groudon-Primal
|-primal|p2a: Groudon
|-weather|DesolateLand|[from] ability: Desolate Land|[of] p2a: Groudon
|turn|22
|
|t:|1665380203
|move|p2a: Groudon|Substitute|p2a: Groudon
|-start|p2a: Groudon|Substitute
|-damage|p2a: Groudon|69/100
|move|p1a: the goat|Thousand Arrows|p2a: Groudon
|-supereffective|p2a: Groudon
|-end|p2a: Groudon|Substitute
|
|-weather|DesolateLand|[upkeep]
|-heal|p1a: the goat|42/100 par|[from] item: Leftovers
|upkeep
|turn|23
|
|t:|1665380208
|move|p2a: Groudon|Substitute|p2a: Groudon
|-start|p2a: Groudon|Substitute
|-damage|p2a: Groudon|44/100
|move|p1a: the goat|Thousand Arrows|p2a: Groudon
|-supereffective|p2a: Groudon
|-end|p2a: Groudon|Substitute
|
|-weather|DesolateLand|[upkeep]
|-heal|p1a: the goat|48/100 par|[from] item: Leftovers
|upkeep
|turn|24
|
|t:|1665380211
|move|p2a: Groudon|Earthquake|p1a: the goat
|-damage|p1a: the goat|39/100 par
|move|p1a: the goat|Thousand Arrows|p2a: Groudon
|-supereffective|p2a: Groudon
|-damage|p2a: Groudon|0 fnt
|faint|p2a: Groudon
|-weather|none
|
|-heal|p1a: the goat|45/100 par|[from] item: Leftovers
|upkeep
|
|t:|1665380219
|switch|p2a: Ditto|Ditto, shiny|88/100
|-damage|p2a: Ditto|76/100|[from] Stealth Rock
|-transform|p2a: Ditto|p1a: the goat|[from] ability: Imposter
|turn|25
|
|t:|1665380222
|-start|p2a: Ditto|Dynamax|
|-heal|p2a: Ditto|76/100|[silent]
|move|p2a: Ditto|Max Quake|p1a: the goat
|-damage|p1a: the goat|29/100 par
|-boost|p2a: Ditto|spd|1
|move|p1a: the goat|Glare|p2a: Ditto
|-status|p2a: Ditto|par
|
|-heal|p1a: the goat|35/100 par|[from] item: Leftovers
|upkeep
|turn|26
|
|t:|1665380225
|move|p1a: the goat|Coil|p1a: the goat
|-boost|p1a: the goat|atk|1
|-boost|p1a: the goat|def|1
|-boost|p1a: the goat|accuracy|1
|move|p2a: Ditto|Max Quake|p1a: the goat
|-damage|p1a: the goat|23/100 par
|-boost|p2a: Ditto|spd|1
|
|-heal|p1a: the goat|29/100 par|[from] item: Leftovers
|upkeep
|turn|27
|
|t:|1665380236
|move|p1a: the goat|Substitute|p1a: the goat
|-start|p1a: the goat|Substitute
|-damage|p1a: the goat|4/100 par
|move|p2a: Ditto|Max Quake|p1a: the goat
|-crit|p1a: the goat
|-end|p1a: the goat|Substitute
|-boost|p2a: Ditto|spd|1
|
|-heal|p1a: the goat|10/100 par|[from] item: Leftovers
|upkeep
|-end|p2a: Ditto|Dynamax
|-heal|p2a: Ditto|76/100 par|[silent]
|turn|28
|
|t:|1665380249
|move|p2a: Ditto|Thousand Arrows|p1a: the goat
|-damage|p1a: the goat|0 fnt
|faint|p1a: the goat
|
|upkeep
|
|t:|1665380270
|switch|p1a: Arceus|Arceus-Fairy|100/100
|-damage|p1a: Arceus|88/100|[from] Stealth Rock
|turn|29
|
|t:|1665380278
|move|p1a: Arceus|Judgment|p2a: Ditto
|-supereffective|p2a: Ditto
|-damage|p2a: Ditto|45/100 par
|move|p2a: Ditto|Thousand Arrows|p1a: Arceus
|-damage|p1a: Arceus|33/100
|
|upkeep
|turn|30
|
|t:|1665380285
|switch|p2a: Arceus|Arceus|88/100
|-damage|p2a: Arceus|76/100|[from] Stealth Rock
|move|p1a: Arceus|Recover|p1a: Arceus
|-heal|p1a: Arceus|83/100
|
|upkeep
|turn|31
|
|t:|1665380289
|move|p1a: Arceus|Perish Song|p1a: Arceus
|-start|p1a: Arceus|perish3|[silent]
|-start|p2a: Arceus|perish3|[silent]
|-fieldactivate|move: Perish Song
|move|p2a: Arceus|Swords Dance|p2a: Arceus
|-boost|p2a: Arceus|atk|2
|
|-start|p1a: Arceus|perish3
|-start|p2a: Arceus|perish3
|upkeep
|turn|32
|
|t:|1665380292
|move|p2a: Arceus|Extreme Speed|p1a: Arceus
|-damage|p1a: Arceus|26/100
|move|p1a: Arceus|Thunder Wave|p2a: Arceus
|-status|p2a: Arceus|par
|-enditem|p2a: Arceus|Lum Berry|[eat]
|-curestatus|p2a: Arceus|par|[msg]
|
|-start|p1a: Arceus|perish2
|-start|p2a: Arceus|perish2
|upkeep
|turn|33
|
|t:|1665380305
|switch|p1a: Calyrex|Calyrex-Shadow|70/100
|-ability|p1a: Calyrex|As One
|-ability|p1a: Calyrex|Unnerve
|-damage|p1a: Calyrex|57/100|[from] Stealth Rock
|move|p2a: Arceus|Extreme Speed|p1a: Calyrex
|-immune|p1a: Calyrex
|
|-heal|p1a: Calyrex|63/100|[from] item: Leftovers
|-start|p2a: Arceus|perish1
|upkeep
|turn|34
|
|t:|1665380309
|switch|p2a: Ditto|Ditto, shiny|45/100 par
|-damage|p2a: Ditto|33/100 par|[from] Stealth Rock
|-transform|p2a: Ditto|p1a: Calyrex|[from] ability: Imposter
|move|p1a: Calyrex|Substitute|p1a: Calyrex
|-start|p1a: Calyrex|Substitute
|-damage|p1a: Calyrex|39/100
|
|-heal|p1a: Calyrex|45/100|[from] item: Leftovers
|upkeep
|turn|35
|
|t:|1665380312
|switch|p2a: Arceus|Arceus|76/100
|-damage|p2a: Arceus|63/100|[from] Stealth Rock
|move|p1a: Calyrex|Astral Barrage|p2a: Arceus
|-immune|p2a: Arceus
|
|-heal|p1a: Calyrex|51/100|[from] item: Leftovers
|upkeep
|turn|36
|
|t:|1665380319
|move|p1a: Calyrex|Leech Seed|p2a: Arceus
|-start|p2a: Arceus|move: Leech Seed
|move|p2a: Arceus|Recover|p2a: Arceus
|-heal|p2a: Arceus|100/100
|
|-heal|p1a: Calyrex|57/100|[from] item: Leftovers
|-damage|p2a: Arceus|88/100|[from] Leech Seed|[of] p1a: Calyrex
|-heal|p1a: Calyrex|73/100|[silent]
|upkeep
|turn|37
|
|t:|1665380322
|switch|p1a: Arceus|Arceus|100/100
|-damage|p1a: Arceus|88/100|[from] Stealth Rock
|move|p2a: Arceus|Swords Dance|p2a: Arceus
|-boost|p2a: Arceus|atk|2
|
|-damage|p2a: Arceus|76/100|[from] Leech Seed|[of] p1a: Arceus
|-heal|p1a: Arceus|100/100|[silent]
|upkeep
|turn|38
|
|t:|1665380326
|move|p1a: Arceus|Extreme Speed|p2a: Arceus
|-damage|p2a: Arceus|45/100
|move|p2a: Arceus|Extreme Speed|p1a: Arceus
|-damage|p1a: Arceus|43/100
|
|-damage|p2a: Arceus|33/100|[from] Leech Seed|[of] p1a: Arceus
|-heal|p1a: Arceus|55/100|[silent]
|upkeep
|turn|39
|
|t:|1665380333
|move|p1a: Arceus|Swords Dance|p1a: Arceus
|-boost|p1a: Arceus|atk|2
|move|p2a: Arceus|Recover|p2a: Arceus
|-heal|p2a: Arceus|83/100
|
|-damage|p2a: Arceus|71/100|[from] Leech Seed|[of] p1a: Arceus
|-heal|p1a: Arceus|68/100|[silent]
|upkeep
|turn|40
|
|t:|1665380338
|move|p1a: Arceus|Extreme Speed|p2a: Arceus
|-damage|p2a: Arceus|14/100
|move|p2a: Arceus|Extreme Speed|p1a: Arceus
|-damage|p1a: Arceus|12/100
|
|-damage|p2a: Arceus|1/100|[from] Leech Seed|[of] p1a: Arceus
|-heal|p1a: Arceus|25/100|[silent]
|upkeep
|turn|41
|
|t:|1665380343
|move|p1a: Arceus|Extreme Speed|p2a: Arceus
|-damage|p2a: Arceus|0 fnt
|faint|p2a: Arceus
|
|upkeep
|
|t:|1665380345
|switch|p2a: Ditto|Ditto, shiny|33/100 par
|-damage|p2a: Ditto|20/100 par|[from] Stealth Rock
|-transform|p2a: Ditto|p1a: Arceus|[from] ability: Imposter
|turn|42
|c|☆OhLooord|gg
|c|☆Obito152001|Gg
|c|☆OhLooord|this bout 2 take a big chunkie of elo want the forfeit lol
|c|☆OhLooord|idc about climbing
|inactive|OhLooord has 120 seconds left.
|c|☆Obito152001|It's ok u win
|c|☆OhLooord|gg
|
|t:|1665380385
|move|p1a: Arceus|Extreme Speed|p2a: Ditto
|-damage|p2a: Ditto|0 fnt
|faint|p2a: Ditto
|
|win|OhLooord
|raw|OhLooord's rating: 1887 &rarr; <strong>1914</strong><br />(+27 for winning)
|raw|Obito152001's rating: 2019 &rarr; <strong>1992</strong><br />(-27 for losing)
|c|☆Obito152001|Gg
|l|☆Obito152001
