|j|☆xu7
|j|‽Reincarnation of …
|t:|1665816995
|gametype|singles
|player|p1|xu7|steven|1641
|player|p2|Reincarnation of …|blue-gen3two|1839
|teamsize|p1|6
|teamsize|p2|6
|gen|8
|tier|[Gen 8] National Dex AG
|rated|
|rule|HP Percentage Mod: HP is shown in percentages
|rule|Endless Battle Clause: Forcing endless battles is banned
|clearpoke
|poke|p1|Diancie|
|poke|p1|Smeargle, F|
|poke|p1|Dubwool, F|
|poke|p1|Vaporeon, M|
|poke|p1|Smeargle, M|
|poke|p1|Ninjask, F|
|poke|p2|Xerneas-*|
|poke|p2|Ditto|
|poke|p2|Arceus-*|
|poke|p2|Alakazam, F|
|poke|p2|Ho-Oh|
|poke|p2|Arceus-*|
|teampreview
|inactive|Battle timer is ON: inactive players will automatically lose when time's up. (requested by Reincarnation of …)
|
|t:|1665817010
|start
|switch|p1a: Ninjask|Ninjask, F|100/100
|switch|p2a: Xerneas|Xerneas, shiny|100/100
|-ability|p2a: Xerneas|Fairy Aura
|turn|1
|
|t:|1665817019
|move|p1a: Ninjask|Substitute|p1a: Ninjask
|-start|p1a: Ninjask|Substitute
|-damage|p1a: Ninjask|76/100
|move|p2a: Xerneas|Substitute|p2a: Xerneas
|-start|p2a: Xerneas|Substitute
|-damage|p2a: Xerneas|76/100
|
|-ability|p1a: Ninjask|Speed Boost|boost
|-boost|p1a: Ninjask|spe|1
|upkeep
|turn|2
|
|t:|1665817029
|move|p1a: Ninjask|Swords Dance|p1a: Ninjask
|-boost|p1a: Ninjask|atk|2
|move|p2a: Xerneas|Geomancy||[still]
|-prepare|p2a: Xerneas|Geomancy
|-enditem|p2a: Xerneas|Power Herb
|-anim|p2a: Xerneas|Geomancy|p2a: Xerneas
|-boost|p2a: Xerneas|spa|2
|-boost|p2a: Xerneas|spd|2
|-boost|p2a: Xerneas|spe|2
|
|-ability|p1a: Ninjask|Speed Boost|boost
|-boost|p1a: Ninjask|spe|1
|upkeep
|turn|3
|
|t:|1665817045
|move|p1a: Ninjask|Protect|p1a: Ninjask
|-singleturn|p1a: Ninjask|Protect
|move|p2a: Xerneas|Geomancy||[still]
|-prepare|p2a: Xerneas|Geomancy
|
|-ability|p1a: Ninjask|Speed Boost|boost
|-boost|p1a: Ninjask|spe|1
|upkeep
|turn|4
|
|t:|1665817057
|move|p1a: Ninjask|Baton Pass|p1a: Ninjask
|
|t:|1665817061
|switch|p1a: Smeargle|Smeargle, F|100/100|[from]move: Baton Pass
|move|p2a: Xerneas|Geomancy|p2a: Xerneas|[from]lockedmove
|-boost|p2a: Xerneas|spa|2
|-boost|p2a: Xerneas|spd|2
|-boost|p2a: Xerneas|spe|2
|
|-ability|p1a: Smeargle|Moody|boost
|-boost|p1a: Smeargle|spe|2
|-unboost|p1a: Smeargle|spd|1
|upkeep
|turn|5
|
|t:|1665817075
|move|p1a: Smeargle|Spectral Thief||[still]
|-clearpositiveboost|p2a: Xerneas|p1a: Smeargle|move: Spectral Thief
|-boost|p1a: Smeargle|spa|4
|-boost|p1a: Smeargle|spd|4
|-boost|p1a: Smeargle|spe|1
|-anim|p1a: Smeargle|Spectral Thief|p2a: Xerneas
|-damage|p2a: Xerneas|66/100
|move|p2a: Xerneas|Draining Kiss|p1a: Smeargle
|-end|p1a: Smeargle|Substitute
|-heal|p2a: Xerneas|79/100|[from] drain|[of] p1a: Smeargle
|
|-ability|p1a: Smeargle|Moody|boost
|-boost|p1a: Smeargle|def|2
|-unboost|p1a: Smeargle|spa|1
|upkeep
|turn|6
|
|t:|1665817098
|switch|p2a: Ditto|Ditto, shiny|100/100
|-transform|p2a: Ditto|p1a: Smeargle|[from] ability: Imposter
|move|p1a: Smeargle|Baton Pass|p1a: Smeargle
|inactive|xu7 has 120 seconds left.
|
|t:|1665817129
|switch|p1a: Smeargle|Smeargle, M|100/100|[from]move: Baton Pass
|
|-ability|p2a: Ditto|Moody|boost
|-boost|p2a: Ditto|spa|2
|-unboost|p2a: Ditto|spe|1
|-ability|p1a: Smeargle|Moody|boost
|-boost|p1a: Smeargle|atk|2
|-unboost|p1a: Smeargle|spd|1
|upkeep
|turn|7
|
|t:|1665817149
|move|p2a: Ditto|Baton Pass|p2a: Ditto
|
|t:|1665817152
|switch|p2a: Arceus|Arceus|100/100|[from]move: Baton Pass
|move|p1a: Smeargle|Substitute|p1a: Smeargle
|-start|p1a: Smeargle|Substitute
|-damage|p1a: Smeargle|76/100
|
|-ability|p1a: Smeargle|Moody|boost
|-boost|p1a: Smeargle|spd|2
|-unboost|p1a: Smeargle|atk|1
|upkeep
|turn|8
|
|t:|1665817163
|move|p2a: Arceus|Extreme Speed|p1a: Smeargle
|-end|p1a: Smeargle|Substitute
|move|p1a: Smeargle|Ingrain|p1a: Smeargle
|-start|p1a: Smeargle|move: Ingrain
|
|-heal|p1a: Smeargle|82/100|[from] Ingrain
|-ability|p1a: Smeargle|Moody|boost
|-boost|p1a: Smeargle|spd|2
|-unboost|p1a: Smeargle|spe|1
|upkeep
|turn|9
|
|t:|1665817182
|-start|p2a: Arceus|Dynamax|
|-heal|p2a: Arceus|100/100|[silent]
|move|p2a: Arceus|Max Strike|p1a: Smeargle
|-damage|p1a: Smeargle|0 fnt
|faint|p1a: Smeargle
|
|upkeep
|-message|xu7 forfeited.
|
|win|Reincarnation of …
|raw|xu7's rating: 1641 &rarr; <strong>1631</strong><br />(-10 for losing)
|raw|Reincarnation of …'s rating: 1839 &rarr; <strong>1849</strong><br />(+10 for winning)
|l|☆xu7
