|j|☆I am te Floogal
|j|‽Lance's Time
|t:|1661689947
|gametype|singles
|player|p1|I am te Floogal|brycenman|1627
|player|p2|Lance's Time|erika|1847
|teamsize|p1|6
|teamsize|p2|6
|gen|8
|tier|[Gen 8] National Dex AG
|rated|
|rule|HP Percentage Mod: HP is shown in percentages
|rule|Endless Battle Clause: Forcing endless battles is banned
|clearpoke
|poke|p1|Kyogre|
|poke|p1|Groudon|
|poke|p1|Necrozma-Dusk-Mane|
|poke|p1|Xerneas-*|
|poke|p1|Yveltal|
|poke|p1|Zygarde|
|poke|p2|Gengar, F|
|poke|p2|Lunala|
|poke|p2|Yveltal|
|poke|p2|Arceus-*|
|poke|p2|Chansey, F|
|poke|p2|Quagsire, F|
|teampreview
|inactive|Battle timer is ON: inactive players will automatically lose when time's up. (requested by I am te Floogal)
|inactive|Lance's Time has 120 seconds left.
|inactive|Lance's Time has 90 seconds left.
|
|t:|1661690021
|start
|switch|p1a: Yveltal|Yveltal|100/100
|switch|p2a: Gengar|Gengar, F|100/100
|-ability|p1a: Yveltal|Dark Aura
|turn|1
|
|t:|1661690032
|detailschange|p2a: Gengar|Gengar-Mega, F
|-mega|p2a: Gengar|Gengar|Gengarite
|move|p1a: Yveltal|U-turn|p2a: Gengar
|-resisted|p2a: Gengar
|-damage|p2a: Gengar|91/100
|
|t:|1661690041
|switch|p1a: Groudon|Groudon|100/100|[from]move: U-turn
|detailschange|p1a: Groudon|Groudon-Primal
|-primal|p1a: Groudon
|-weather|DesolateLand|[from] ability: Desolate Land|[of] p1a: Groudon
|move|p2a: Gengar|Substitute|p2a: Gengar
|-start|p2a: Gengar|Substitute
|-damage|p2a: Gengar|66/100
|
|-weather|DesolateLand|[upkeep]
|upkeep
|turn|2
|
|t:|1661690048
|move|p2a: Gengar|Shadow Ball|p1a: Groudon
|-damage|p1a: Groudon|44/100
|-unboost|p1a: Groudon|spd|1
|move|p1a: Groudon|Rock Polish|p1a: Groudon
|-boost|p1a: Groudon|spe|2
|
|-weather|DesolateLand|[upkeep]
|upkeep
|turn|3
|
|t:|1661690054
|move|p1a: Groudon|Precipice Blades|p2a: Gengar
|-supereffective|p2a: Gengar
|-end|p2a: Gengar|Substitute
|move|p2a: Gengar|Shadow Ball|p1a: Groudon
|-damage|p1a: Groudon|0 fnt
|faint|p1a: Groudon
|-weather|none
|
|upkeep
|
|t:|1661690057
|switch|p1a: Yveltal|Yveltal|100/100
|-ability|p1a: Yveltal|Dark Aura
|turn|4
|
|t:|1661690063
|switch|p2a: Yveltal|Yveltal|100/100
|-ability|p2a: Yveltal|Dark Aura
|move|p1a: Yveltal|Knock Off|p2a: Yveltal
|-resisted|p2a: Yveltal
|-damage|p2a: Yveltal|72/100
|-enditem|p2a: Yveltal|Heavy-Duty Boots|[from] move: Knock Off|[of] p1a: Yveltal
|
|upkeep
|turn|5
|
|t:|1661690070
|switch|p1a: Kyogre|Kyogre|100/100
|detailschange|p1a: Kyogre|Kyogre-Primal
|-primal|p1a: Kyogre
|-weather|PrimordialSea|[from] ability: Primordial Sea|[of] p1a: Kyogre
|move|p2a: Yveltal|Toxic|p1a: Kyogre
|-status|p1a: Kyogre|tox
|
|-weather|PrimordialSea|[upkeep]
|-damage|p1a: Kyogre|94/100 tox|[from] psn
|upkeep
|turn|6
|
|t:|1661690073
|switch|p2a: Chansey|Chansey, F|100/100
|move|p1a: Kyogre|Scald|p2a: Chansey
|-damage|p2a: Chansey|82/100
|
|-weather|PrimordialSea|[upkeep]
|-damage|p1a: Kyogre|82/100 tox|[from] psn
|upkeep
|turn|7
|
|t:|1661690078
|move|p1a: Kyogre|Toxic|p2a: Chansey
|-status|p2a: Chansey|tox
|move|p2a: Chansey|Soft-Boiled|p2a: Chansey
|-heal|p2a: Chansey|100/100 tox
|
|-weather|PrimordialSea|[upkeep]
|-damage|p1a: Kyogre|63/100 tox|[from] psn
|-damage|p2a: Chansey|94/100 tox|[from] psn
|upkeep
|turn|8
|
|t:|1661690084
|move|p1a: Kyogre|Scald|p2a: Chansey
|-damage|p2a: Chansey|78/100 tox
|move|p2a: Chansey|Seismic Toss|p1a: Kyogre
|-damage|p1a: Kyogre|39/100 tox
|
|-weather|PrimordialSea|[upkeep]
|-damage|p1a: Kyogre|14/100 tox|[from] psn
|-damage|p2a: Chansey|65/100 tox|[from] psn
|upkeep
|turn|9
|
|t:|1661690087
|move|p1a: Kyogre|Rest|p1a: Kyogre
|-status|p1a: Kyogre|slp|[from] move: Rest
|-heal|p1a: Kyogre|100/100 slp|[silent]
|move|p2a: Chansey|Soft-Boiled|p2a: Chansey
|-heal|p2a: Chansey|100/100 tox
|
|-weather|PrimordialSea|[upkeep]
|-damage|p2a: Chansey|82/100 tox|[from] psn
|upkeep
|turn|10
|
|t:|1661690090
|-curestatus|p2a: Chansey|tox|[from] ability: Natural Cure
|switch|p2a: Gengar|Gengar-Mega, F|66/100
|cant|p1a: Kyogre|slp
|move|p1a: Kyogre|Sleep Talk|p1a: Kyogre
|move|p1a: Kyogre|Toxic|p2a: Gengar|[from]move: Sleep Talk
|-immune|p2a: Gengar
|
|-weather|PrimordialSea|[upkeep]
|upkeep
|turn|11
|
|t:|1661690095
|move|p2a: Gengar|Substitute|p2a: Gengar
|-start|p2a: Gengar|Substitute
|-damage|p2a: Gengar|41/100
|cant|p1a: Kyogre|slp
|move|p1a: Kyogre|Sleep Talk|p1a: Kyogre
|move|p1a: Kyogre|Scald|p2a: Gengar|[from]move: Sleep Talk
|-end|p2a: Gengar|Substitute
|
|-weather|PrimordialSea|[upkeep]
|upkeep
|turn|12
|
|t:|1661690101
|move|p2a: Gengar|Substitute|p2a: Gengar
|-start|p2a: Gengar|Substitute
|-damage|p2a: Gengar|16/100
|-curestatus|p1a: Kyogre|slp|[msg]
|move|p1a: Kyogre|Scald|p2a: Gengar
|-end|p2a: Gengar|Substitute
|
|-weather|PrimordialSea|[upkeep]
|upkeep
|turn|13
|
|t:|1661690107
|move|p2a: Gengar|Shadow Ball|p1a: Kyogre
|-damage|p1a: Kyogre|71/100
|move|p1a: Kyogre|Scald|p2a: Gengar
|-damage|p2a: Gengar|0 fnt
|faint|p2a: Gengar
|
|-weather|PrimordialSea|[upkeep]
|upkeep
|
|t:|1661690112
|switch|p2a: Lunala|Lunala|100/100
|turn|14
|
|t:|1661690135
|move|p2a: Lunala|Will-O-Wisp|p1a: Kyogre
|-status|p1a: Kyogre|brn
|move|p1a: Kyogre|Toxic|p2a: Lunala
|-status|p2a: Lunala|tox
|
|-weather|PrimordialSea|[upkeep]
|-damage|p2a: Lunala|94/100 tox|[from] psn
|-damage|p1a: Kyogre|65/100 brn|[from] brn
|upkeep
|turn|15
|
|t:|1661690139
|move|p2a: Lunala|Hex|p1a: Kyogre
|-damage|p1a: Kyogre|31/100 brn
|move|p1a: Kyogre|Scald|p2a: Lunala
|-damage|p2a: Lunala|51/100 tox
|
|-weather|PrimordialSea|[upkeep]
|-damage|p2a: Lunala|39/100 tox|[from] psn
|-damage|p1a: Kyogre|25/100 brn|[from] brn
|upkeep
|turn|16
|
|t:|1661690142
|-weather|none
|switch|p1a: Yveltal|Yveltal|100/100
|-ability|p1a: Yveltal|Dark Aura
|move|p2a: Lunala|Hex|p1a: Yveltal
|-resisted|p1a: Yveltal
|-damage|p1a: Yveltal|88/100
|
|-damage|p2a: Lunala|20/100 tox|[from] psn
|upkeep
|turn|17
|
|t:|1661690146
|move|p1a: Yveltal|Knock Off|p2a: Lunala
|-supereffective|p2a: Lunala
|-damage|p2a: Lunala|0 fnt
|-enditem|p2a: Lunala|Heavy-Duty Boots|[from] move: Knock Off|[of] p1a: Yveltal
|faint|p2a: Lunala
|
|upkeep
|
|t:|1661690149
|switch|p2a: Arceus|Arceus-Ground|100/100
|turn|18
|
|t:|1661690157
|switch|p1a: Kyogre|Kyogre-Primal|25/100 brn
|-weather|PrimordialSea|[from] ability: Primordial Sea|[of] p1a: Kyogre
|move|p2a: Arceus|Stealth Rock|p1a: Kyogre
|-sidestart|p1: I am te Floogal|move: Stealth Rock
|
|-weather|PrimordialSea|[upkeep]
|-damage|p1a: Kyogre|19/100 brn|[from] brn
|upkeep
|turn|19
|
|t:|1661690160
|move|p2a: Arceus|Judgment|p1a: Kyogre
|-damage|p1a: Kyogre|0 fnt
|faint|p1a: Kyogre
|-weather|none
|
|upkeep
|
|t:|1661690163
|switch|p1a: Xerneas|Xerneas|100/100
|-damage|p1a: Xerneas|88/100|[from] Stealth Rock
|-ability|p1a: Xerneas|Fairy Aura
|turn|20
|
|t:|1661690167
|switch|p2a: Chansey|Chansey, F|82/100
|move|p1a: Xerneas|Defog|p2a: Chansey
|-unboost|p2a: Chansey|evasion|1
|-sideend|p1: I am te Floogal|Stealth Rock|[from] move: Defog|[of] p1a: Xerneas
|
|upkeep
|turn|21
|
|t:|1661690171
|switch|p1a: Necrozma|Necrozma-Dusk-Mane|100/100
|move|p2a: Chansey|Confide|p1a: Necrozma
|-unboost|p1a: Necrozma|spa|1
|
|upkeep
|turn|22
|
|t:|1661690175
|switch|p2a: Arceus|Arceus-Ground|100/100
|move|p1a: Necrozma|Dragon Dance|p1a: Necrozma
|-boost|p1a: Necrozma|atk|1
|-boost|p1a: Necrozma|spe|1
|
|upkeep
|turn|23
|
|t:|1661690184
|switch|p2a: Quagsire|Quagsire, F|100/100
|-start|p1a: Necrozma|Dynamax|
|-heal|p1a: Necrozma|100/100|[silent]
|move|p1a: Necrozma|Max Steelspike|p2a: Quagsire
|-resisted|p2a: Quagsire
|-damage|p2a: Quagsire|71/100
|-boost|p1a: Necrozma|def|1
|
|upkeep
|turn|24
|
|t:|1661690187
|move|p1a: Necrozma|Max Mindstorm|p2a: Quagsire
|-damage|p2a: Quagsire|21/100
|-fieldstart|move: Psychic Terrain
|move|p2a: Quagsire|Recover|p2a: Quagsire
|-heal|p2a: Quagsire|71/100
|
|upkeep
|turn|25
|
|t:|1661690193
|move|p1a: Necrozma|Max Quake|p2a: Quagsire
|-damage|p2a: Quagsire|30/100
|-boost|p1a: Necrozma|spd|1
|move|p2a: Quagsire|Haze|p2a: Quagsire
|-clearallboost
|
|upkeep
|-end|p1a: Necrozma|Dynamax
|-heal|p1a: Necrozma|100/100|[silent]
|turn|26
|
|t:|1661690196
|move|p1a: Necrozma|Photon Geyser|p2a: Quagsire
|-damage|p2a: Quagsire|0 fnt
|faint|p2a: Quagsire
|
|upkeep
|
|t:|1661690199
|switch|p2a: Arceus|Arceus-Ground|100/100
|turn|27
|
|t:|1661690201
|-start|p2a: Arceus|Dynamax|
|-heal|p2a: Arceus|100/100|[silent]
|move|p2a: Arceus|Max Quake|p1a: Necrozma
|-supereffective|p1a: Necrozma
|-damage|p1a: Necrozma|19/100
|-boost|p2a: Arceus|spd|1
|-enditem|p1a: Necrozma|Weakness Policy
|-boost|p1a: Necrozma|atk|2|[from] item: Weakness Policy
|-boost|p1a: Necrozma|spa|2|[from] item: Weakness Policy
|move|p1a: Necrozma|Dragon Dance|p1a: Necrozma
|-boost|p1a: Necrozma|atk|1
|-boost|p1a: Necrozma|spe|1
|
|upkeep
|turn|28
|
|t:|1661690205
|move|p1a: Necrozma|Photon Geyser|p2a: Arceus
|-damage|p2a: Arceus|47/100
|move|p2a: Arceus|Max Quake|p1a: Necrozma
|-supereffective|p1a: Necrozma
|-damage|p1a: Necrozma|0 fnt
|-boost|p2a: Arceus|spd|1
|faint|p1a: Necrozma
|
|-fieldend|move: Psychic Terrain
|upkeep
|
|t:|1661690215
|switch|p1a: Xerneas|Xerneas|88/100
|-ability|p1a: Xerneas|Fairy Aura
|turn|29
|
|t:|1661690217
|switch|p1a: Yveltal|Yveltal|88/100
|-ability|p1a: Yveltal|Dark Aura
|move|p2a: Arceus|Max Quake|p1a: Yveltal
|-immune|p1a: Yveltal
|
|upkeep
|-end|p2a: Arceus|Dynamax
|-heal|p2a: Arceus|47/100|[silent]
|turn|30
|
|t:|1661690223
|move|p1a: Yveltal|Foul Play|p2a: Arceus
|-damage|p2a: Arceus|25/100
|move|p2a: Arceus|Recover|p2a: Arceus
|-heal|p2a: Arceus|75/100
|
|upkeep
|turn|31
|
|t:|1661690228
|switch|p1a: Zygarde|Zygarde|100/100
|move|p2a: Arceus|Recover|p2a: Arceus
|-heal|p2a: Arceus|100/100
|
|upkeep
|turn|32
|
|t:|1661690231
|move|p2a: Arceus|Ice Beam|p1a: Zygarde
|-supereffective|p1a: Zygarde
|-damage|p1a: Zygarde|21/100
|move|p1a: Zygarde|Glare|p2a: Arceus
|-status|p2a: Arceus|par
|
|-heal|p1a: Zygarde|28/100|[from] item: Leftovers
|-activate|p1a: Zygarde|ability: Power Construct
|detailschange|p1a: Zygarde|Zygarde-Complete
|-heal|p1a: Zygarde|52/100|[silent]
|upkeep
|turn|33
|
|t:|1661690236
|switch|p1a: Yveltal|Yveltal|88/100
|-ability|p1a: Yveltal|Dark Aura
|move|p2a: Arceus|Ice Beam|p1a: Yveltal
|-supereffective|p1a: Yveltal
|-damage|p1a: Yveltal|46/100
|
|upkeep
|turn|34
|
|t:|1661690238
|move|p1a: Yveltal|Taunt|p2a: Arceus
|-start|p2a: Arceus|move: Taunt
|move|p2a: Arceus|Ice Beam|p1a: Yveltal
|-supereffective|p1a: Yveltal
|-damage|p1a: Yveltal|0 fnt
|faint|p1a: Yveltal
|
|upkeep
|
|t:|1661690241
|switch|p1a: Xerneas|Xerneas|88/100
|-ability|p1a: Xerneas|Fairy Aura
|turn|35
|
|t:|1661690245
|move|p1a: Xerneas|Moonblast|p2a: Arceus
|-damage|p2a: Arceus|79/100 par
|move|p2a: Arceus|Judgment|p1a: Xerneas
|-damage|p1a: Xerneas|46/100
|
|upkeep
|turn|36
|
|t:|1661690249
|move|p1a: Xerneas|Moonblast|p2a: Arceus
|-damage|p2a: Arceus|55/100 par
|move|p2a: Arceus|Judgment|p1a: Xerneas
|-damage|p1a: Xerneas|7/100
|
|-end|p2a: Arceus|move: Taunt
|upkeep
|turn|37
|
|t:|1661690254
|move|p1a: Xerneas|Moonblast|p2a: Arceus
|-damage|p2a: Arceus|34/100 par
|-unboost|p2a: Arceus|spa|1
|move|p2a: Arceus|Recover|p2a: Arceus
|-heal|p2a: Arceus|84/100 par
|
|upkeep
|turn|38
|
|t:|1661690256
|move|p1a: Xerneas|Moonblast|p2a: Arceus
|-damage|p2a: Arceus|62/100 par
|move|p2a: Arceus|Judgment|p1a: Xerneas
|-damage|p1a: Xerneas|0 fnt
|faint|p1a: Xerneas
|
|upkeep
|
|t:|1661690258
|switch|p1a: Zygarde|Zygarde-Complete|52/100
|turn|39
|
|t:|1661690261
|move|p1a: Zygarde|Thousand Arrows|p2a: Arceus
|-damage|p2a: Arceus|39/100 par
|move|p2a: Arceus|Ice Beam|p1a: Zygarde
|-supereffective|p1a: Zygarde
|-damage|p1a: Zygarde|14/100
|
|-heal|p1a: Zygarde|20/100|[from] item: Leftovers
|upkeep
|turn|40
|
|t:|1661690267
|move|p1a: Zygarde|Rest|p1a: Zygarde
|-status|p1a: Zygarde|slp|[from] move: Rest
|-heal|p1a: Zygarde|100/100 slp|[silent]
|move|p2a: Arceus|Ice Beam|p1a: Zygarde
|-supereffective|p1a: Zygarde
|-damage|p1a: Zygarde|67/100 slp
|
|-heal|p1a: Zygarde|73/100 slp|[from] item: Leftovers
|upkeep
|turn|41
|
|t:|1661690270
|switch|p2a: Yveltal|Yveltal|72/100
|-ability|p2a: Yveltal|Dark Aura
|cant|p1a: Zygarde|slp
|
|-heal|p1a: Zygarde|79/100 slp|[from] item: Leftovers
|upkeep
|turn|42
|
|t:|1661690274
|move|p2a: Yveltal|U-turn|p1a: Zygarde
|-damage|p1a: Zygarde|71/100 slp
|
|t:|1661690277
|switch|p2a: Chansey|Chansey, F|82/100|[from]move: U-turn
|cant|p1a: Zygarde|slp
|
|-heal|p1a: Zygarde|77/100 slp|[from] item: Leftovers
|upkeep
|turn|43
|
|t:|1661690282
|-curestatus|p1a: Zygarde|slp|[msg]
|move|p1a: Zygarde|Coil|p1a: Zygarde
|-boost|p1a: Zygarde|atk|1
|-boost|p1a: Zygarde|def|1
|-boost|p1a: Zygarde|accuracy|1
|move|p2a: Chansey|Heal Bell|p2a: Chansey
|-activate|p2a: Chansey|move: Heal Bell
|-curestatus|p2: Arceus|par|[msg]
|
|-heal|p1a: Zygarde|84/100|[from] item: Leftovers
|upkeep
|turn|44
|
|t:|1661690285
|switch|p2a: Arceus|Arceus-Ground|39/100
|move|p1a: Zygarde|Glare|p2a: Arceus
|-status|p2a: Arceus|par
|
|-heal|p1a: Zygarde|90/100|[from] item: Leftovers
|upkeep
|turn|45
|
|t:|1661690288
|move|p1a: Zygarde|Thousand Arrows|p2a: Arceus
|-damage|p2a: Arceus|4/100 par
|cant|p2a: Arceus|par
|
|-heal|p1a: Zygarde|96/100|[from] item: Leftovers
|upkeep
|turn|46
|
|t:|1661690291
|switch|p2a: Chansey|Chansey, F|82/100
|move|p1a: Zygarde|Thousand Arrows|p2a: Chansey
|-damage|p2a: Chansey|36/100
|
|-heal|p1a: Zygarde|100/100|[from] item: Leftovers
|upkeep
|turn|47
|
|t:|1661690294
|move|p1a: Zygarde|Thousand Arrows|p2a: Chansey
|-damage|p2a: Chansey|0 fnt
|faint|p2a: Chansey
|
|upkeep
|
|t:|1661690296
|switch|p2a: Yveltal|Yveltal|72/100
|-ability|p2a: Yveltal|Dark Aura
|turn|48
|
|t:|1661690297
|move|p2a: Yveltal|Toxic|p1a: Zygarde
|-status|p1a: Zygarde|tox
|move|p1a: Zygarde|Thousand Arrows|p2a: Yveltal
|-damage|p2a: Yveltal|26/100
|-start|p2a: Yveltal|Smack Down
|
|-damage|p1a: Zygarde|94/100 tox|[from] psn
|upkeep
|turn|49
|
|t:|1661690303
|move|p2a: Yveltal|Roost|p2a: Yveltal
|-heal|p2a: Yveltal|76/100
|-singleturn|p2a: Yveltal|move: Roost
|move|p1a: Zygarde|Thousand Arrows|p2a: Yveltal
|-damage|p2a: Yveltal|25/100
|
|-heal|p1a: Zygarde|100/100 tox|[from] item: Leftovers
|-damage|p1a: Zygarde|88/100 tox|[from] psn
|upkeep
|turn|50
|
|t:|1661690308
|move|p2a: Yveltal|Roost|p2a: Yveltal
|-heal|p2a: Yveltal|75/100
|-singleturn|p2a: Yveltal|move: Roost
|move|p1a: Zygarde|Thousand Arrows|p2a: Yveltal
|-damage|p2a: Yveltal|28/100
|
|-heal|p1a: Zygarde|94/100 tox|[from] item: Leftovers
|-damage|p1a: Zygarde|76/100 tox|[from] psn
|upkeep
|turn|51
|
|t:|1661690310
|move|p2a: Yveltal|Roost|p2a: Yveltal
|-heal|p2a: Yveltal|79/100
|-singleturn|p2a: Yveltal|move: Roost
|move|p1a: Zygarde|Coil|p1a: Zygarde
|-boost|p1a: Zygarde|atk|1
|-boost|p1a: Zygarde|def|1
|-boost|p1a: Zygarde|accuracy|1
|
|-heal|p1a: Zygarde|82/100 tox|[from] item: Leftovers
|-damage|p1a: Zygarde|58/100 tox|[from] psn
|upkeep
|turn|52
|
|t:|1661690315
|move|p2a: Yveltal|Snarl|p1a: Zygarde
|-damage|p1a: Zygarde|39/100 tox
|-unboost|p1a: Zygarde|spa|1
|move|p1a: Zygarde|Rest|p1a: Zygarde
|-status|p1a: Zygarde|slp|[from] move: Rest
|-heal|p1a: Zygarde|100/100 slp|[silent]
|
|upkeep
|turn|53
|
|t:|1661690322
|move|p2a: Yveltal|U-turn|p1a: Zygarde
|-damage|p1a: Zygarde|96/100 slp
|
|t:|1661690323
|switch|p2a: Arceus|Arceus-Ground|4/100 par|[from]move: U-turn
|cant|p1a: Zygarde|slp
|
|-heal|p1a: Zygarde|100/100 slp|[from] item: Leftovers
|upkeep
|turn|54
|
|t:|1661690325
|cant|p1a: Zygarde|slp
|move|p2a: Arceus|Recover|p2a: Arceus
|-heal|p2a: Arceus|54/100 par
|
|upkeep
|turn|55
|
|t:|1661690328
|-curestatus|p1a: Zygarde|slp|[msg]
|move|p1a: Zygarde|Thousand Arrows|p2a: Arceus
|-damage|p2a: Arceus|8/100 par
|move|p2a: Arceus|Recover|p2a: Arceus
|-heal|p2a: Arceus|59/100 par
|
|upkeep
|turn|56
|
|t:|1661690333
|move|p1a: Zygarde|Thousand Arrows|p2a: Arceus
|-damage|p2a: Arceus|13/100 par
|move|p2a: Arceus|Ice Beam|p1a: Zygarde
|-supereffective|p1a: Zygarde
|-crit|p1a: Zygarde
|-damage|p1a: Zygarde|19/100
|
|-heal|p1a: Zygarde|25/100|[from] item: Leftovers
|upkeep
|turn|57
|
|t:|1661690339
|move|p1a: Zygarde|Thousand Arrows|p2a: Arceus
|-damage|p2a: Arceus|0 fnt
|faint|p2a: Arceus
|
|-heal|p1a: Zygarde|31/100|[from] item: Leftovers
|upkeep
|
|t:|1661690341
|switch|p2a: Yveltal|Yveltal|79/100
|-ability|p2a: Yveltal|Dark Aura
|turn|58
|
|t:|1661690346
|move|p2a: Yveltal|Snarl|p1a: Zygarde
|-damage|p1a: Zygarde|14/100
|-unboost|p1a: Zygarde|spa|1
|move|p1a: Zygarde|Thousand Arrows|p2a: Yveltal
|-crit|p2a: Yveltal
|-damage|p2a: Yveltal|0 fnt
|faint|p2a: Yveltal
|
|win|I am te Floogal
|raw|I am te Floogal's rating: 1627 &rarr; <strong>1658</strong><br />(+31 for winning)
|raw|Lance&apos;s Time's rating: 1847 &rarr; <strong>1816</strong><br />(-31 for losing)
|l|‽Lance's Time
