|j|☆starkorea74
|j|‽ZOROTHEO!!!!
|t:|1597074196
|player|p1|starkorea74|cynthia|1881
|player|p2|ZOROTHEO!!!!|ash-kalos|1783
|teamsize|p1|6
|teamsize|p2|6
|gametype|singles
|gen|8
|tier|[Gen 8] National Dex AG
|rated|
|clearpoke
|poke|p1|Necrozma-Dusk-Mane|
|poke|p1|Ho-Oh|
|poke|p1|Ditto|
|poke|p1|Arceus-*|
|poke|p1|Rayquaza|
|poke|p1|Yveltal|
|poke|p2|Smeargle, M|
|poke|p2|Rayquaza|
|poke|p2|Groudon|
|poke|p2|Yveltal|
|poke|p2|Yveltal|
|poke|p2|Yveltal|
|rule|HP Percentage Mod: HP is shown in percentages
|rule|Endless Battle Clause: Forcing endless battles is banned
|teampreview
|
|t:|1597074241
|start
|switch|p1a: Ditto|Ditto|100/100
|switch|p2a: Smeargle|Smeargle, M|100/100
|-transform|p1a: Ditto|p2a: Smeargle|[from] ability: Imposter
|turn|1
|inactive|Battle timer is ON: inactive players will automatically lose when time's up. (requested by ZOROTHEO!!!!)
|
|t:|1597074264
|switch|p1a: Rayquaza|Rayquaza|100/100
|-ability|p1a: Rayquaza|Air Lock
|move|p2a: Smeargle|Magic Coat|p2a: Smeargle
|-singleturn|p2a: Smeargle|move: Magic Coat
|
|-ability|p2a: Smeargle|Moody|boost
|-boost|p2a: Smeargle|def|2
|-unboost|p2a: Smeargle|spd|1
|upkeep
|turn|2
|j| Key Rex
|
|t:|1597074273
|detailschange|p1a: Rayquaza|Rayquaza-Mega
|-mega|p1a: Rayquaza|Rayquaza|
|-weather|DeltaStream|[from] ability: Delta Stream|[of] p1a: Rayquaza
|move|p1a: Rayquaza|Extreme Speed|p2a: Smeargle
|-damage|p2a: Smeargle|39/100
|-damage|p1a: Rayquaza|91/100|[from] item: Life Orb
|move|p2a: Smeargle|Spore|p1a: Rayquaza
|-status|p1a: Rayquaza|slp|[from] move: Spore
|
|-weather|DeltaStream|[upkeep]
|-ability|p2a: Smeargle|Moody|boost
|-boost|p2a: Smeargle|spe|2
|-unboost|p2a: Smeargle|def|1
|upkeep
|turn|3
|
|t:|1597074285
|move|p2a: Smeargle|Stealth Rock|p1a: Rayquaza
|-sidestart|p1: starkorea74|move: Stealth Rock
|cant|p1a: Rayquaza|slp
|
|-weather|DeltaStream|[upkeep]
|-ability|p2a: Smeargle|Moody|boost
|-boost|p2a: Smeargle|spe|2
|-unboost|p2a: Smeargle|spd|1
|upkeep
|turn|4
|
|t:|1597074291
|move|p2a: Smeargle|Sticky Web|p1a: Rayquaza
|-sidestart|p1: starkorea74|move: Sticky Web
|cant|p1a: Rayquaza|slp
|
|-weather|DeltaStream|[upkeep]
|-ability|p2a: Smeargle|Moody|boost
|-boost|p2a: Smeargle|def|2
|-unboost|p2a: Smeargle|atk|1
|upkeep
|turn|5
|
|t:|1597074302
|move|p2a: Smeargle|Spore|p1a: Rayquaza
|-fail|p1a: Rayquaza|slp
|cant|p1a: Rayquaza|slp
|
|-weather|DeltaStream|[upkeep]
|-ability|p2a: Smeargle|Moody|boost
|-boost|p2a: Smeargle|spd|2
|-unboost|p2a: Smeargle|atk|1
|upkeep
|turn|6
|
|t:|1597074311
|move|p2a: Smeargle|Spore|p1a: Rayquaza
|-fail|p1a: Rayquaza|slp
|-curestatus|p1a: Rayquaza|slp|[msg]
|move|p1a: Rayquaza|Dragon Ascent|p2a: Smeargle
|-damage|p2a: Smeargle|0 fnt
|-unboost|p1a: Rayquaza|def|1
|-unboost|p1a: Rayquaza|spd|1
|-damage|p1a: Rayquaza|81/100|[from] item: Life Orb
|faint|p2a: Smeargle
|
|-weather|DeltaStream|[upkeep]
|upkeep
|
|t:|1597074314
|switch|p2a: Yveltal|Yveltal|100/100
|-ability|p2a: Yveltal|Dark Aura
|turn|7
|
|t:|1597074326
|move|p1a: Rayquaza|Dragon Ascent|p2a: Yveltal
|-damage|p2a: Yveltal|16/100
|-unboost|p1a: Rayquaza|def|1
|-unboost|p1a: Rayquaza|spd|1
|-damage|p1a: Rayquaza|64/100|[from] item: Rocky Helmet|[of] p2a: Yveltal
|-damage|p1a: Rayquaza|54/100|[from] item: Life Orb
|move|p2a: Yveltal|Knock Off|p1a: Rayquaza
|-damage|p1a: Rayquaza|0 fnt
|-enditem|p1a: Rayquaza|Life Orb|[from] move: Knock Off|[of] p2a: Yveltal
|faint|p1a: Rayquaza
|-weather|none
|
|upkeep
|
|t:|1597074339
|switch|p1a: Ditto|Ditto|100/100
|-activate|p1a: Ditto|move: Sticky Web
|-unboost|p1a: Ditto|spe|1
|-damage|p1a: Ditto|88/100|[from] Stealth Rock
|-transform|p1a: Ditto|p2a: Yveltal|[from] ability: Imposter
|-ability|p1a: Ditto|Dark Aura
|turn|8
|
|t:|1597074349
|move|p1a: Ditto|Knock Off|p2a: Yveltal
|-resisted|p2a: Yveltal
|-damage|p2a: Yveltal|0 fnt
|-damage|p1a: Ditto|71/100|[from] item: Rocky Helmet|[of] p2a: Yveltal
|-enditem|p2a: Yveltal|Rocky Helmet|[from] move: Knock Off|[of] p1a: Ditto
|faint|p2a: Yveltal
|
|upkeep
|
|t:|1597074363
|switch|p2a: Groudon|Groudon|100/100
|detailschange|p2a: Groudon|Groudon-Primal
|-primal|p2a: Groudon
|-weather|DesolateLand|[from] ability: Desolate Land|[of] p2a: Groudon
|turn|9
|
|t:|1597074373
|move|p1a: Ditto|Knock Off|p2a: Groudon
|-damage|p2a: Groudon|75/100
|move|p2a: Groudon|Eruption|p1a: Ditto
|-damage|p1a: Ditto|0 fnt
|faint|p1a: Ditto
|
|-weather|DesolateLand|[upkeep]
|upkeep
|
|t:|1597074382
|switch|p1a: Arceus|Arceus-Dark|100/100
|-damage|p1a: Arceus|88/100|[from] Stealth Rock
|-activate|p1a: Arceus|move: Sticky Web
|-unboost|p1a: Arceus|spe|1
|turn|10
|
|t:|1597074390
|move|p2a: Groudon|Fire Blast|p1a: Arceus|[miss]
|-miss|p2a: Groudon|p1a: Arceus
|move|p1a: Arceus|Judgment|p2a: Groudon
|-damage|p2a: Groudon|27/100
|
|-weather|DesolateLand|[upkeep]
|upkeep
|turn|11
|
|t:|1597074396
|switch|p1a: Ho-Oh|Ho-Oh|100/100
|move|p2a: Groudon|Fire Blast|p1a: Ho-Oh
|-resisted|p1a: Ho-Oh
|-damage|p1a: Ho-Oh|75/100
|
|-weather|DesolateLand|[upkeep]
|upkeep
|turn|12
|
|t:|1597074403
|move|p2a: Groudon|Stone Edge|p1a: Ho-Oh
|-supereffective|p1a: Ho-Oh
|-damage|p1a: Ho-Oh|0 fnt
|faint|p1a: Ho-Oh
|
|-weather|DesolateLand|[upkeep]
|upkeep
|
|t:|1597074408
|switch|p1a: Yveltal|Yveltal, shiny|100/100
|-damage|p1a: Yveltal|76/100|[from] Stealth Rock
|-ability|p1a: Yveltal|Dark Aura
|turn|13
|
|t:|1597074418
|-start|p1a: Yveltal|Dynamax
|-heal|p1a: Yveltal|76/100|[silent]
|move|p1a: Yveltal|Max Airstream|p2a: Groudon
|-damage|p2a: Groudon|0 fnt
|-boost|p1a: Yveltal|spe|1
|-damage|p1a: Yveltal|71/100|[from] item: Life Orb
|faint|p2a: Groudon
|-weather|none
|
|upkeep
|
|t:|1597074419
|switch|p2a: Yveltal|Yveltal|100/100
|-ability|p2a: Yveltal|Dark Aura
|turn|14
|
|t:|1597074430
|-start|p2a: Yveltal|Dynamax
|-heal|p2a: Yveltal|100/100|[silent]
|move|p1a: Yveltal|Max Airstream|p2a: Yveltal
|-damage|p2a: Yveltal|57/100
|-boost|p1a: Yveltal|spe|1
|-damage|p1a: Yveltal|66/100|[from] item: Life Orb
|move|p2a: Yveltal|Max Airstream|p1a: Yveltal
|-damage|p1a: Yveltal|29/100
|-boost|p2a: Yveltal|spe|1
|-damage|p2a: Yveltal|52/100|[from] item: Life Orb
|
|upkeep
|turn|15
|
|t:|1597074453
|move|p1a: Yveltal|Max Airstream|p2a: Yveltal
|-damage|p2a: Yveltal|6/100
|-boost|p1a: Yveltal|spe|1
|-damage|p1a: Yveltal|24/100|[from] item: Life Orb
|move|p2a: Yveltal|Max Airstream|p1a: Yveltal
|-damage|p1a: Yveltal|0 fnt
|-boost|p2a: Yveltal|spe|1
|-damage|p2a: Yveltal|1/100|[from] item: Life Orb
|faint|p1a: Yveltal
|
|upkeep
|
|t:|1597074466
|switch|p1a: Arceus|Arceus-Dark|88/100
|-activate|p1a: Arceus|move: Sticky Web
|-unboost|p1a: Arceus|spe|1
|-damage|p1a: Arceus|76/100|[from] Stealth Rock
|turn|16
|
|t:|1597074471
|move|p2a: Yveltal|Max Darkness|p1a: Arceus
|-resisted|p1a: Arceus
|-damage|p1a: Arceus|46/100
|-unboost|p1a: Arceus|spd|1
|-damage|p2a: Yveltal|0 fnt|[from] item: Life Orb
|faint|p2a: Yveltal
|move|p1a: Arceus|Recover|p1a: Arceus
|-heal|p1a: Arceus|96/100
|
|upkeep
|
|t:|1597074473
|switch|p2a: Yveltal|Yveltal|100/100
|-ability|p2a: Yveltal|Dark Aura
|turn|17
|
|t:|1597074485
|move|p2a: Yveltal|Taunt|p1a: Arceus
|-start|p1a: Arceus|move: Taunt
|cant|p1a: Arceus|move: Taunt|Calm Mind
|
|upkeep
|turn|18
|
|t:|1597074491
|switch|p1a: Necrozma|Necrozma-Dusk-Mane|100/100
|-damage|p1a: Necrozma|94/100|[from] Stealth Rock
|-activate|p1a: Necrozma|move: Sticky Web
|-unboost|p1a: Necrozma|spe|1
|move|p2a: Yveltal|Toxic|p1a: Necrozma
|-immune|p1a: Necrozma
|
|-heal|p1a: Necrozma|100/100|[from] item: Leftovers
|upkeep
|turn|19
|
|t:|1597074504
|move|p2a: Yveltal|Foul Play|p1a: Necrozma
|-supereffective|p1a: Necrozma
|-damage|p1a: Necrozma|50/100
|move|p1a: Necrozma|Toxic|p2a: Yveltal
|-status|p2a: Yveltal|tox
|
|-heal|p1a: Necrozma|57/100|[from] item: Leftovers
|-damage|p2a: Yveltal|94/100 tox|[from] psn
|upkeep
|turn|20
|
|t:|1597074512
|move|p2a: Yveltal|Taunt|p1a: Necrozma
|-start|p1a: Necrozma|move: Taunt
|cant|p1a: Necrozma|move: Taunt|Morning Sun
|
|-heal|p1a: Necrozma|63/100|[from] item: Leftovers
|-damage|p2a: Yveltal|82/100 tox|[from] psn
|upkeep
|turn|21
|
|t:|1597074519
|switch|p1a: Arceus|Arceus-Dark|96/100
|-activate|p1a: Arceus|move: Sticky Web
|-unboost|p1a: Arceus|spe|1
|-damage|p1a: Arceus|84/100|[from] Stealth Rock
|move|p2a: Yveltal|Toxic|p1a: Arceus
|-status|p1a: Arceus|tox
|
|-damage|p2a: Yveltal|64/100 tox|[from] psn
|-damage|p1a: Arceus|78/100 tox|[from] psn
|upkeep
|turn|22
|
|t:|1597074528
|move|p2a: Yveltal|Taunt|p1a: Arceus
|-start|p1a: Arceus|move: Taunt
|move|p1a: Arceus|Judgment|p2a: Yveltal
|-resisted|p2a: Yveltal
|-damage|p2a: Yveltal|37/100 tox
|
|-damage|p2a: Yveltal|13/100 tox|[from] psn
|-damage|p1a: Arceus|66/100 tox|[from] psn
|upkeep
|turn|23
|
|t:|1597074536
|move|p2a: Yveltal|Roost|p2a: Yveltal
|-heal|p2a: Yveltal|63/100 tox
|-singleturn|p2a: Yveltal|move: Roost
|move|p1a: Arceus|Judgment|p2a: Yveltal
|-resisted|p2a: Yveltal
|-damage|p2a: Yveltal|39/100 tox
|
|-damage|p2a: Yveltal|8/100 tox|[from] psn
|-damage|p1a: Arceus|47/100 tox|[from] psn
|upkeep
|turn|24
|
|t:|1597074546
|move|p2a: Yveltal|Roost|p2a: Yveltal
|-heal|p2a: Yveltal|58/100 tox
|-singleturn|p2a: Yveltal|move: Roost
|move|p1a: Arceus|Judgment|p2a: Yveltal
|-resisted|p2a: Yveltal
|-damage|p2a: Yveltal|35/100 tox
|
|-damage|p2a: Yveltal|0 fnt|[from] psn
|faint|p2a: Yveltal
|-damage|p1a: Arceus|23/100 tox|[from] psn
|-end|p1a: Arceus|move: Taunt
|upkeep
|
|t:|1597074548
|switch|p2a: Rayquaza|Rayquaza|100/100
|-ability|p2a: Rayquaza|Air Lock
|turn|25
|
|t:|1597074563
|detailschange|p2a: Rayquaza|Rayquaza-Mega
|-mega|p2a: Rayquaza|Rayquaza|
|-weather|DeltaStream|[from] ability: Delta Stream|[of] p2a: Rayquaza
|move|p2a: Rayquaza|Dragon Ascent|p1a: Arceus
|-damage|p1a: Arceus|0 fnt
|-unboost|p2a: Rayquaza|def|1
|-unboost|p2a: Rayquaza|spd|1
|-damage|p2a: Rayquaza|91/100|[from] item: Life Orb
|faint|p1a: Arceus
|
|-weather|DeltaStream|[upkeep]
|upkeep
|
|t:|1597074572
|switch|p1a: Necrozma|Necrozma-Dusk-Mane|63/100
|-activate|p1a: Necrozma|move: Sticky Web
|-unboost|p1a: Necrozma|spe|1
|-damage|p1a: Necrozma|57/100|[from] Stealth Rock
|turn|26
|
|t:|1597074576
|move|p2a: Rayquaza|V-create|p1a: Necrozma
|-supereffective|p1a: Necrozma
|-damage|p1a: Necrozma|0 fnt
|-unboost|p2a: Rayquaza|spe|1
|-unboost|p2a: Rayquaza|def|1
|-unboost|p2a: Rayquaza|spd|1
|-damage|p2a: Rayquaza|81/100|[from] item: Life Orb
|faint|p1a: Necrozma
|
|win|ZOROTHEO!!!!
|l|☆starkorea74
||Ladder (probably) updated, but score could not be retrieved (Request timeout).
|l|‽ZOROTHEO!!!!
