|j|☆CLEAR GEM清瑜
|j|☆AdamHaziq
|t:|1661877494
|gametype|singles
|player|p1|CLEAR GEM清瑜|skierf|1743
|player|p2|AdamHaziq|unknown|1729
|teamsize|p1|6
|teamsize|p2|6
|gen|8
|tier|[Gen 8] National Dex AG
|rated|
|rule|HP Percentage Mod: HP is shown in percentages
|rule|Endless Battle Clause: Forcing endless battles is banned
|clearpoke
|poke|p1|Rayquaza|
|poke|p1|Groudon|
|poke|p1|Necrozma-Dusk-Mane|
|poke|p1|Arceus-*|
|poke|p1|Arceus-*|
|poke|p1|Arceus-*|
|poke|p2|Rayquaza|
|poke|p2|Ditto|
|poke|p2|Breloom, M|
|poke|p2|Calyrex-Shadow|
|poke|p2|Zacian-*|
|poke|p2|Darkrai|
|teampreview
|inactive|Battle timer is ON: inactive players will automatically lose when time's up. (requested by AdamHaziq)
|
|t:|1661877506
|start
|switch|p1a: 究极辅助|Arceus-Dark|100/100
|switch|p2a: Darkrai|Darkrai|100/100
|turn|1
|
|t:|1661877511
|-zpower|p2a: Darkrai
|move|p2a: Darkrai|Z-Hypnosis|p1a: 究极辅助|[anim]Hypnosis
|-boost|p2a: Darkrai|spe|1|[zeffect]
|-status|p1a: 究极辅助|slp|[from] move: Hypnosis
|cant|p1a: 究极辅助|slp
|
|-damage|p1a: 究极辅助|88/100 slp|[from] ability: Bad Dreams|[of] p2a: Darkrai
|upkeep
|turn|2
|
|t:|1661877515
|move|p2a: Darkrai|Substitute|p2a: Darkrai
|-start|p2a: Darkrai|Substitute
|-damage|p2a: Darkrai|76/100
|-curestatus|p1a: 究极辅助|slp|[msg]
|move|p1a: 究极辅助|Judgment|p2a: Darkrai
|-resisted|p2a: Darkrai
|-crit|p2a: Darkrai
|-end|p2a: Darkrai|Substitute
|
|upkeep
|turn|3
|
|t:|1661877522
|move|p2a: Darkrai|Hypnosis|p1a: 究极辅助|[miss]
|-miss|p2a: Darkrai|p1a: 究极辅助
|move|p1a: 究极辅助|Judgment|p2a: Darkrai
|-resisted|p2a: Darkrai
|-damage|p2a: Darkrai|38/100
|
|upkeep
|turn|4
|
|t:|1661877527
|move|p2a: Darkrai|Hypnosis|p1a: 究极辅助
|-status|p1a: 究极辅助|slp|[from] move: Hypnosis
|cant|p1a: 究极辅助|slp
|
|-damage|p1a: 究极辅助|76/100 slp|[from] ability: Bad Dreams|[of] p2a: Darkrai
|upkeep
|turn|5
|
|t:|1661877532
|move|p2a: Darkrai|Nasty Plot|p2a: Darkrai
|-boost|p2a: Darkrai|spa|2
|-curestatus|p1a: 究极辅助|slp|[msg]
|move|p1a: 究极辅助|Judgment|p2a: Darkrai
|-resisted|p2a: Darkrai
|-damage|p2a: Darkrai|2/100
|
|upkeep
|turn|6
|
|t:|1661877538
|move|p2a: Darkrai|Hypnosis|p1a: 究极辅助
|-status|p1a: 究极辅助|slp|[from] move: Hypnosis
|cant|p1a: 究极辅助|slp
|
|-damage|p1a: 究极辅助|63/100 slp|[from] ability: Bad Dreams|[of] p2a: Darkrai
|upkeep
|turn|7
|
|t:|1661877561
|move|p2a: Darkrai|Dark Pulse|p1a: 究极辅助
|-resisted|p1a: 究极辅助
|-damage|p1a: 究极辅助|35/100 slp
|cant|p1a: 究极辅助|slp
|
|-damage|p1a: 究极辅助|23/100 slp|[from] ability: Bad Dreams|[of] p2a: Darkrai
|upkeep
|turn|8
|
|t:|1661877568
|move|p2a: Darkrai|Dark Pulse|p1a: 究极辅助
|-resisted|p1a: 究极辅助
|-damage|p1a: 究极辅助|0 fnt
|faint|p1a: 究极辅助
|
|upkeep
|
|t:|1661877572
|switch|p1a: 烈龙无敌|Rayquaza, shiny|100/100
|-ability|p1a: 烈龙无敌|Air Lock
|turn|9
|
|t:|1661877580
|switch|p2a: Calyrex|Calyrex-Shadow|100/100
|-ability|p2a: Calyrex|As One
|-ability|p2a: Calyrex|Unnerve
|detailschange|p1a: 烈龙无敌|Rayquaza-Mega, shiny
|-mega|p1a: 烈龙无敌|Rayquaza|
|-weather|DeltaStream|[from] ability: Delta Stream|[of] p1a: 烈龙无敌
|move|p1a: 烈龙无敌|Extreme Speed|p2a: Calyrex
|-immune|p2a: Calyrex
|
|-weather|DeltaStream|[upkeep]
|upkeep
|turn|10
|
|t:|1661877585
|switch|p2a: Darkrai|Darkrai|2/100
|move|p1a: 烈龙无敌|Dragon Ascent|p2a: Darkrai
|-damage|p2a: Darkrai|0 fnt
|-unboost|p1a: 烈龙无敌|def|1
|-unboost|p1a: 烈龙无敌|spd|1
|faint|p2a: Darkrai
|
|-weather|DeltaStream|[upkeep]
|upkeep
|
|t:|1661877591
|switch|p2a: Rayquaza|Rayquaza, shiny|100/100
|-ability|p2a: Rayquaza|Air Lock
|turn|11
|
|t:|1661877594
|detailschange|p2a: Rayquaza|Rayquaza-Mega, shiny
|-mega|p2a: Rayquaza|Rayquaza|
|move|p2a: Rayquaza|Dragon Dance|p2a: Rayquaza
|-boost|p2a: Rayquaza|atk|1
|-boost|p2a: Rayquaza|spe|1
|move|p1a: 烈龙无敌|Dragon Ascent|p2a: Rayquaza
|-damage|p2a: Rayquaza|20/100
|-unboost|p1a: 烈龙无敌|def|1
|-unboost|p1a: 烈龙无敌|spd|1
|
|-weather|DeltaStream|[upkeep]
|-heal|p2a: Rayquaza|26/100|[from] item: Leftovers
|upkeep
|turn|12
|
|t:|1661877599
|move|p2a: Rayquaza|Extreme Speed|p1a: 烈龙无敌
|-enditem|p1a: 烈龙无敌|Focus Sash
|-damage|p1a: 烈龙无敌|1/100
|move|p1a: 烈龙无敌|Extreme Speed|p2a: Rayquaza
|-damage|p2a: Rayquaza|0 fnt
|faint|p2a: Rayquaza
|
|-weather|DeltaStream|[upkeep]
|upkeep
|
|t:|1661877607
|switch|p2a: Zoro|Zacian-Crowned|100/100
|-ability|p2a: Zoro|Intrepid Sword|boost
|-boost|p2a: Zoro|atk|1
|turn|13
|
|t:|1661877611
|move|p2a: Zoro|Behemoth Blade|p1a: 烈龙无敌
|-damage|p1a: 烈龙无敌|0 fnt
|faint|p1a: 烈龙无敌
|-weather|none
|
|upkeep
|
|t:|1661877614
|switch|p1a: 不会(?)|Groudon|100/100
|detailschange|p1a: 不会(?)|Groudon-Primal
|-primal|p1a: 不会(?)
|-weather|DesolateLand|[from] ability: Desolate Land|[of] p1a: 不会(?)
|turn|14
|
|t:|1661877619
|switch|p2a: Breloom|Breloom, M|100/100
|move|p1a: 不会(?)|Stealth Rock|p2a: Breloom
|-sidestart|p2: AdamHaziq|move: Stealth Rock
|
|-weather|DesolateLand|[upkeep]
|-status|p2a: Breloom|tox|[from] item: Toxic Orb
|upkeep
|turn|15
|
|t:|1661877622
|move|p2a: Breloom|Spore|p1a: 不会(?)
|-status|p1a: 不会(?)|slp|[from] move: Spore
|cant|p1a: 不会(?)|slp
|
|-weather|DesolateLand|[upkeep]
|upkeep
|turn|16
|
|t:|1661877631
|-curestatus|p1a: 不会(?)|slp|[msg]
|move|p1a: 不会(?)|Heat Crash|p2a: Breloom
|-supereffective|p2a: Breloom
|-damage|p2a: Breloom|0 fnt
|faint|p2a: Breloom
|
|-weather|DesolateLand|[upkeep]
|upkeep
|
|t:|1661877638
|switch|p2a: Ditto|Ditto|100/100
|-damage|p2a: Ditto|88/100|[from] Stealth Rock
|-transform|p2a: Ditto|p1a: 不会(?)|[from] ability: Imposter
|turn|17
|
|t:|1661877641
|move|p2a: Ditto|Precipice Blades|p1a: 不会(?)
|-supereffective|p1a: 不会(?)
|-damage|p1a: 不会(?)|0 fnt
|faint|p1a: 不会(?)
|
|-weather|DesolateLand|[upkeep]
|upkeep
|
|t:|1661877644
|switch|p1a: 悬空羊驼|Arceus-Flying|100/100
|turn|18
|
|t:|1661877652
|-weather|none
|switch|p2a: Zoro|Zacian-Crowned|100/100
|-damage|p2a: Zoro|94/100|[from] Stealth Rock
|-ability|p2a: Zoro|Intrepid Sword|boost
|-boost|p2a: Zoro|atk|1
|move|p1a: 悬空羊驼|Calm Mind|p1a: 悬空羊驼
|-boost|p1a: 悬空羊驼|spa|1
|-boost|p1a: 悬空羊驼|spd|1
|
|upkeep
|turn|19
|
|t:|1661877656
|-start|p1a: 悬空羊驼|Dynamax|
|-heal|p1a: 悬空羊驼|100/100|[silent]
|move|p2a: Zoro|Swords Dance|p2a: Zoro
|-boost|p2a: Zoro|atk|2
|move|p1a: 悬空羊驼|Max Airstream|p2a: Zoro
|-resisted|p2a: Zoro
|-damage|p2a: Zoro|38/100
|-boost|p1a: 悬空羊驼|spe|1
|
|upkeep
|turn|20
|
|t:|1661877659
|move|p1a: 悬空羊驼|Max Quake|p2a: Zoro
|-supereffective|p2a: Zoro
|-damage|p2a: Zoro|0 fnt
|-boost|p1a: 悬空羊驼|spd|1
|faint|p2a: Zoro
|
|upkeep
|
|t:|1661877662
|switch|p2a: Calyrex|Calyrex-Shadow|100/100
|-ability|p2a: Calyrex|As One
|-ability|p2a: Calyrex|Unnerve
|-damage|p2a: Calyrex|88/100|[from] Stealth Rock
|turn|21
|
|t:|1661877667
|-start|p2a: Calyrex|Dynamax|
|-heal|p2a: Calyrex|88/100|[silent]
|move|p1a: 悬空羊驼|Max Airstream|p2a: Calyrex
|-damage|p2a: Calyrex|25/100
|-boost|p1a: 悬空羊驼|spe|1
|move|p2a: Calyrex|Max Mindstorm|p1a: 悬空羊驼
|-damage|p1a: 悬空羊驼|85/100
|-fieldstart|move: Psychic Terrain
|
|upkeep
|-end|p1a: 悬空羊驼|Dynamax
|-heal|p1a: 悬空羊驼|85/100|[silent]
|turn|22
|
|t:|1661877672
|move|p1a: 悬空羊驼|Judgment|p2a: Calyrex
|-damage|p2a: Calyrex|0 fnt
|faint|p2a: Calyrex
|
|upkeep
|
|t:|1661877675
|switch|p2a: Ditto|Ditto|88/100
|-damage|p2a: Ditto|76/100|[from] Stealth Rock
|-transform|p2a: Ditto|p1a: 悬空羊驼|[from] ability: Imposter
|turn|23
|
|t:|1661877678
|move|p2a: Ditto|Earth Power|p1a: 悬空羊驼
|-immune|p1a: 悬空羊驼
|move|p1a: 悬空羊驼|Judgment|p2a: Ditto
|-damage|p2a: Ditto|31/100
|
|upkeep
|turn|24
|-message|AdamHaziq forfeited.
|
|win|CLEAR GEM清瑜
|raw|CLEAR GEM清瑜's rating: 1743 &rarr; <strong>1762</strong><br />(+19 for winning)
|raw|AdamHaziq's rating: 1729 &rarr; <strong>1710</strong><br />(-19 for losing)
|l|☆AdamHaziq
||Ladder isn't responding, score probably updated but might not have (Request timeout).
