|j|☆Browneyes64
|j|☆Horseradisk
|t:|1641105174
|gametype|singles
|player|p1|Browneyes64|li|1620
|player|p2|Horseradisk|266|1785
|teamsize|p1|6
|teamsize|p2|6
|gen|8
|tier|[Gen 8] National Dex AG
|rated|
|rule|HP Percentage Mod: HP is shown in percentages
|rule|Endless Battle Clause: Forcing endless battles is banned
|clearpoke
|poke|p1|Calyrex-Shadow|
|poke|p1|Arceus-*|
|poke|p1|Ditto|
|poke|p1|Yveltal|
|poke|p1|Marshadow|
|poke|p1|Groudon|
|poke|p2|Groudon|
|poke|p2|Rayquaza|
|poke|p2|Necrozma-Dusk-Mane|
|poke|p2|Yveltal|
|poke|p2|Zacian-*|
|poke|p2|Yveltal|
|teampreview
|
|t:|1641105189
|start
|switch|p1a: dirt god|Arceus-Ground|100/100
|switch|p2a: Rayquaza|Rayquaza|100/100
|-ability|p2a: Rayquaza|Air Lock
|turn|1
|
|t:|1641105195
|switch|p2a: Yveltal|Yveltal|100/100
|-ability|p2a: Yveltal|Dark Aura
|-start|p1a: dirt god|Dynamax
|-heal|p1a: dirt god|100/100|[silent]
|move|p1a: dirt god|Max Hailstorm|p2a: Yveltal
|-supereffective|p2a: Yveltal
|-damage|p2a: Yveltal|52/100
|-weather|Hail
|
|-weather|Hail|[upkeep]
|-damage|p1a: dirt god|97/100|[from] Hail
|-damage|p2a: Yveltal|46/100|[from] Hail
|upkeep
|turn|2
|
|t:|1641105206
|switch|p2a: Necrozma|Necrozma-Dusk-Mane|100/100
|move|p1a: dirt god|Max Hailstorm|p2a: Necrozma
|-resisted|p2a: Necrozma
|-damage|p2a: Necrozma|85/100
|
|-weather|Hail|[upkeep]
|-damage|p1a: dirt god|94/100|[from] Hail
|-damage|p2a: Necrozma|79/100|[from] Hail
|upkeep
|turn|3
|j| UncleShannon
|
|t:|1641105234
|switch|p2a: Yveltal|Yveltal|46/100
|-ability|p2a: Yveltal|Dark Aura
|move|p1a: dirt god|Max Hailstorm|p2a: Yveltal
|-supereffective|p2a: Yveltal
|-damage|p2a: Yveltal|0 fnt
|faint|p2a: Yveltal
|
|-weather|Hail|[upkeep]
|-damage|p1a: dirt god|91/100|[from] Hail
|-end|p1a: dirt god|Dynamax
|-heal|p1a: dirt god|92/100|[silent]
|upkeep
|
|t:|1641105242
|switch|p2a: Rayquaza|Rayquaza|100/100
|-ability|p2a: Rayquaza|Air Lock
|turn|4
|
|t:|1641105322
|detailschange|p2a: Rayquaza|Rayquaza-Mega
|-mega|p2a: Rayquaza|Rayquaza|
|-weather|DeltaStream|[from] ability: Delta Stream|[of] p2a: Rayquaza
|move|p2a: Rayquaza|Dragon Dance|p2a: Rayquaza
|-boost|p2a: Rayquaza|atk|1
|-boost|p2a: Rayquaza|spe|1
|move|p1a: dirt god|Ice Beam|p2a: Rayquaza
|-activate||deltastream
|-supereffective|p2a: Rayquaza
|-damage|p2a: Rayquaza|42/100
|
|-weather|DeltaStream|[upkeep]
|upkeep
|turn|5
|
|t:|1641105335
|move|p2a: Rayquaza|Dragon Ascent|p1a: dirt god
|-damage|p1a: dirt god|2/100
|-unboost|p2a: Rayquaza|def|1
|-unboost|p2a: Rayquaza|spd|1
|move|p1a: dirt god|Ice Beam|p2a: Rayquaza
|-activate||deltastream
|-supereffective|p2a: Rayquaza
|-damage|p2a: Rayquaza|0 fnt
|faint|p2a: Rayquaza
|-weather|none
|
|upkeep
|inactive|Battle timer is ON: inactive players will automatically lose when time's up. (requested by Browneyes64)
|
|t:|1641105360
|switch|p2a: Zacian|Zacian-Crowned|100/100
|-ability|p2a: Zacian|Intrepid Sword|boost
|-boost|p2a: Zacian|atk|1
|turn|6
|
|t:|1641105370
|move|p2a: Zacian|Behemoth Blade|p1a: dirt god
|-damage|p1a: dirt god|0 fnt
|faint|p1a: dirt god
|
|upkeep
|
|t:|1641105375
|switch|p1a: spider man|Ditto, shiny|100/100
|-transform|p1a: spider man|p2a: Zacian|[from] ability: Imposter
|-ability|p1a: spider man|Intrepid Sword|boost
|-boost|p1a: spider man|atk|1
|turn|7
|
|t:|1641105393
|move|p1a: spider man|Behemoth Blade|p2a: Zacian
|-damage|p2a: Zacian|0 fnt
|faint|p2a: Zacian
|
|upkeep
|
|t:|1641105395
|switch|p2a: Necrozma|Necrozma-Dusk-Mane|79/100
|turn|8
|
|t:|1641105403
|move|p1a: spider man|Behemoth Blade|p2a: Necrozma
|-resisted|p2a: Necrozma
|-damage|p2a: Necrozma|48/100
|-damage|p1a: spider man|84/100|[from] item: Rocky Helmet|[of] p2a: Necrozma
|move|p2a: Necrozma|Stealth Rock|p1a: spider man
|-sidestart|p1: Browneyes64|move: Stealth Rock
|
|upkeep
|turn|9
|
|t:|1641105409
|switch|p1a: emo god|Marshadow|100/100
|-damage|p1a: emo god|94/100|[from] Stealth Rock
|move|p2a: Necrozma|Morning Sun|p2a: Necrozma
|-heal|p2a: Necrozma|98/100
|
|upkeep
|turn|10
|
|t:|1641105415
|move|p1a: emo god|Spectral Thief|p2a: Necrozma
|-supereffective|p2a: Necrozma
|-damage|p2a: Necrozma|59/100
|-damage|p1a: emo god|78/100|[from] item: Rocky Helmet|[of] p2a: Necrozma
|move|p2a: Necrozma|Thunder Wave|p1a: emo god
|-status|p1a: emo god|par
|
|upkeep
|turn|11
|
|t:|1641105433
|move|p1a: emo god|Spectral Thief|p2a: Necrozma
|-supereffective|p2a: Necrozma
|-damage|p2a: Necrozma|21/100
|-damage|p1a: emo god|61/100 par|[from] item: Rocky Helmet|[of] p2a: Necrozma
|move|p2a: Necrozma|Morning Sun|p2a: Necrozma
|-heal|p2a: Necrozma|71/100
|
|upkeep
|turn|12
|
|t:|1641105439
|move|p1a: emo god|Close Combat|p2a: Necrozma
|-damage|p2a: Necrozma|41/100
|-unboost|p1a: emo god|def|1
|-unboost|p1a: emo god|spd|1
|-damage|p1a: emo god|45/100 par|[from] item: Rocky Helmet|[of] p2a: Necrozma
|move|p2a: Necrozma|Morning Sun|p2a: Necrozma
|-heal|p2a: Necrozma|91/100
|
|upkeep
|turn|13
|
|t:|1641105443
|switch|p2a: Yveltal|Yveltal|100/100
|-ability|p2a: Yveltal|Dark Aura
|move|p1a: emo god|Close Combat|p2a: Yveltal
|-damage|p2a: Yveltal|42/100
|-unboost|p1a: emo god|def|1
|-unboost|p1a: emo god|spd|1
|
|upkeep
|turn|14
|
|t:|1641105447
|move|p1a: emo god|Shadow Sneak|p2a: Yveltal
|-resisted|p2a: Yveltal
|-damage|p2a: Yveltal|27/100
|move|p2a: Yveltal|Oblivion Wing|p1a: emo god
|-supereffective|p1a: emo god
|-damage|p1a: emo god|0 fnt
|-heal|p2a: Yveltal|54/100|[from] drain|[of] p1a: emo god
|faint|p1a: emo god
|-damage|p2a: Yveltal|44/100|[from] item: Life Orb
|
|upkeep
|
|t:|1641105451
|switch|p1a: death-bird|Yveltal, shiny|100/100
|-damage|p1a: death-bird|76/100|[from] Stealth Rock
|-ability|p1a: death-bird|Dark Aura
|turn|15
|
|t:|1641105471
|-start|p2a: Yveltal|Dynamax
|-heal|p2a: Yveltal|44/100|[silent]
|move|p2a: Yveltal|Max Airstream|p1a: death-bird
|-damage|p1a: death-bird|4/100
|-boost|p2a: Yveltal|spe|1
|-damage|p2a: Yveltal|39/100|[from] item: Life Orb
|move|p1a: death-bird|Oblivion Wing|p2a: Yveltal
|-damage|p2a: Yveltal|12/100
|-heal|p1a: death-bird|44/100|[from] drain|[of] p2a: Yveltal
|-damage|p1a: death-bird|34/100|[from] item: Life Orb
|
|upkeep
|turn|16
|
|t:|1641105501
|move|p1a: death-bird|Sucker Punch|p2a: Yveltal
|-resisted|p2a: Yveltal
|-damage|p2a: Yveltal|0 fnt
|faint|p2a: Yveltal
|-damage|p1a: death-bird|24/100|[from] item: Life Orb
|
|upkeep
|
|t:|1641105519
|switch|p2a: Groudon|Groudon|100/100
|-weather|SunnyDay|[from] ability: Drought|[of] p2a: Groudon
|turn|17
|
|t:|1641105527
|move|p2a: Groudon|Aerial Ace|p1a: death-bird
|-damage|p1a: death-bird|0 fnt
|faint|p1a: death-bird
|-damage|p2a: Groudon|91/100|[from] item: Life Orb
|
|-weather|SunnyDay|[upkeep]
|upkeep
|
|t:|1641105531
|switch|p1a: Groudon|Groudon|100/100
|-damage|p1a: Groudon|94/100|[from] Stealth Rock
|detailschange|p1a: Groudon|Groudon-Primal
|-primal|p1a: Groudon
|-weather|DesolateLand|[from] ability: Desolate Land|[of] p1a: Groudon
|turn|18
|
|t:|1641105542
|move|p2a: Groudon|Precipice Blades|p1a: Groudon
|-supereffective|p1a: Groudon
|-damage|p1a: Groudon|11/100
|-damage|p2a: Groudon|81/100|[from] item: Life Orb
|move|p1a: Groudon|Precipice Blades|p2a: Groudon
|-damage|p2a: Groudon|30/100
|
|-weather|DesolateLand|[upkeep]
|upkeep
|turn|19
|
|t:|1641105549
|move|p2a: Groudon|Precipice Blades|p1a: Groudon
|-supereffective|p1a: Groudon
|-damage|p1a: Groudon|0 fnt
|faint|p1a: Groudon
|-weather|none
|-damage|p2a: Groudon|20/100|[from] item: Life Orb
|
|upkeep
|
|t:|1641105568
|switch|p1a: Travis Scott|Calyrex-Shadow|100/100
|-ability|p1a: Travis Scott|As One
|-ability|p1a: Travis Scott|Unnerve
|-damage|p1a: Travis Scott|88/100|[from] Stealth Rock
|turn|20
|
|t:|1641105573
|move|p1a: Travis Scott|Astral Barrage|p2a: Groudon
|-damage|p2a: Groudon|0 fnt
|faint|p2a: Groudon
|-ability|p1a: Travis Scott|Grim Neigh|boost
|-boost|p1a: Travis Scott|spa|1
|
|upkeep
|
|t:|1641105576
|switch|p2a: Necrozma|Necrozma-Dusk-Mane|91/100
|turn|21
|
|t:|1641105578
|move|p1a: Travis Scott|Astral Barrage|p2a: Necrozma
|-supereffective|p2a: Necrozma
|-damage|p2a: Necrozma|0 fnt
|faint|p2a: Necrozma
|
|win|Browneyes64
|raw|Browneyes64's rating: 1620 &rarr; <strong>1650</strong><br />(+30 for winning)
|raw|Horseradisk's rating: 1809 &rarr; <strong>1779</strong><br />(-30 for losing)
|c|☆Horseradisk|Gg
|c|☆Browneyes64|gg
