|j|☆soviet glonk
|j|☆PokeKomala
|inactive|Battle timer is ON: inactive players will automatically lose when time's up.
|t:|1636114618
|gametype|singles
|player|p1|soviet glonk|ghetsis|
|player|p2|PokeKomala|az|
|teamsize|p1|6
|teamsize|p2|6
|gen|8
|tier|[Gen 8] National Dex AG
|rated|Tournament battle
|rule|HP Percentage Mod: HP is shown in percentages
|rule|Endless Battle Clause: Forcing endless battles is banned
|clearpoke
|poke|p1|Marshadow|
|poke|p1|Zacian-*|
|poke|p1|Yveltal|
|poke|p1|Necrozma-Dusk-Mane|
|poke|p1|Arceus-*|
|poke|p1|Arceus-*|
|poke|p2|Rayquaza|
|poke|p2|Arceus-*|
|poke|p2|Arceus-*|
|poke|p2|Yveltal|
|poke|p2|Necrozma-Dusk-Mane|
|poke|p2|Ditto|
|teampreview
|inactive|soviet glonk also wants the timer to be on.
|c|☆soviet glonk|hf
|j| Ghost2Huntx
|c|☆PokeKomala|u 2
|
|t:|1636114642
|start
|switch|p1a: Zacian|Zacian-Crowned|100/100
|switch|p2a: Rayquaza|Rayquaza|100/100
|-ability|p1a: Zacian|Intrepid Sword|boost
|-boost|p1a: Zacian|atk|1
|-ability|p2a: Rayquaza|Air Lock
|turn|1
|j| Little Luvie
|
|t:|1636114668
|switch|p1a: Arceus|Arceus-Ground|100/100
|detailschange|p2a: Rayquaza|Rayquaza-Mega
|-mega|p2a: Rayquaza|Rayquaza|
|-weather|DeltaStream|[from] ability: Delta Stream|[of] p2a: Rayquaza
|move|p2a: Rayquaza|V-create|p1a: Arceus
|-damage|p1a: Arceus|40/100
|-unboost|p2a: Rayquaza|spe|1
|-unboost|p2a: Rayquaza|def|1
|-unboost|p2a: Rayquaza|spd|1
|
|-weather|DeltaStream|[upkeep]
|upkeep
|turn|2
|j| Zifey
|
|t:|1636114682
|-weather|none
|switch|p2a: Yveltal|Yveltal|100/100
|-ability|p2a: Yveltal|Dark Aura
|move|p1a: Arceus|Recover|p1a: Arceus
|-heal|p1a: Arceus|90/100
|
|upkeep
|turn|3
|j| King Noobster
|j| Adhiraj8202
|
|t:|1636114692
|switch|p1a: Arceus|Arceus-Dark|100/100
|move|p2a: Yveltal|U-turn|p1a: Arceus
|-supereffective|p1a: Arceus
|-damage|p1a: Arceus|75/100
|
|t:|1636114698
|switch|p2a: Rayquaza|Rayquaza-Mega|100/100|[from]move: U-turn
|-weather|DeltaStream|[from] ability: Delta Stream|[of] p2a: Rayquaza
|
|-weather|DeltaStream|[upkeep]
|upkeep
|turn|4
|
|t:|1636114709
|move|p2a: Rayquaza|Dragon Ascent|p1a: Arceus
|-damage|p1a: Arceus|0 fnt
|-unboost|p2a: Rayquaza|def|1
|-unboost|p2a: Rayquaza|spd|1
|faint|p1a: Arceus
|
|-weather|DeltaStream|[upkeep]
|upkeep
|l| Adhiraj8202
|c| King Noobster|lel
|c| Little Luvie|oml
|c| King Noobster|glonk actually might lose
|c|☆PokeKomala|who is glonk ?
|
|t:|1636114734
|switch|p1a: Zacian|Zacian-Crowned|100/100
|-ability|p1a: Zacian|Intrepid Sword|boost
|-boost|p1a: Zacian|atk|1
|turn|5
|
|t:|1636114738
|-weather|none
|switch|p2a: Necrozma|Necrozma-Dusk-Mane|100/100
|move|p1a: Zacian|Close Combat|p2a: Necrozma
|-crit|p2a: Necrozma
|-damage|p2a: Necrozma|36/100
|-unboost|p1a: Zacian|def|1
|-unboost|p1a: Zacian|spd|1
|-damage|p1a: Zacian|84/100|[from] item: Rocky Helmet|[of] p2a: Necrozma
|
|upkeep
|turn|6
|c| Little Luvie|soviet
|c| King Noobster|soviet glonk
|c| Little Luvie|the opp ur fighting rn
|c|☆soviet glonk|yea
|c|☆soviet glonk|oml
|c| Little Luvie|crit!!
|c| King Noobster|another-->kill
|
|t:|1636114761
|move|p1a: Zacian|Close Combat|p2a: Necrozma
|-damage|p2a: Necrozma|0 fnt
|-unboost|p1a: Zacian|def|1
|-unboost|p1a: Zacian|spd|1
|-damage|p1a: Zacian|67/100|[from] item: Rocky Helmet|[of] p2a: Necrozma
|faint|p2a: Necrozma
|
|upkeep
|c| King Noobster|lel
|
|t:|1636114764
|switch|p2a: Ditto|Ditto|100/100
|-transform|p2a: Ditto|p1a: Zacian|[from] ability: Imposter
|-ability|p2a: Ditto|Intrepid Sword|boost
|-boost|p2a: Ditto|atk|1
|turn|7
|
|t:|1636114771
|switch|p1a: Necrozma|Necrozma-Dusk-Mane|100/100
|move|p2a: Ditto|Close Combat|p1a: Necrozma
|-damage|p1a: Necrozma|40/100
|-unboost|p2a: Ditto|def|1
|-unboost|p2a: Ditto|spd|1
|-damage|p2a: Ditto|84/100|[from] item: Rocky Helmet|[of] p1a: Necrozma
|
|upkeep
|turn|8
|
|t:|1636114776
|switch|p2a: Rayquaza|Rayquaza-Mega|100/100
|-weather|DeltaStream|[from] ability: Delta Stream|[of] p2a: Rayquaza
|-start|p1a: Necrozma|Dynamax
|-heal|p1a: Necrozma|40/100|[silent]
|move|p1a: Necrozma|Max Steelspike|p2a: Rayquaza
|-damage|p2a: Rayquaza|32/100
|-boost|p1a: Necrozma|def|1
|
|-weather|DeltaStream|[upkeep]
|upkeep
|turn|9
|c| King Noobster|oof
|c| King Noobster|again
|
|t:|1636114784
|move|p2a: Rayquaza|V-create|p1a: Necrozma
|-supereffective|p1a: Necrozma
|-damage|p1a: Necrozma|3/100
|-unboost|p2a: Rayquaza|spe|1
|-unboost|p2a: Rayquaza|def|1
|-unboost|p2a: Rayquaza|spd|1
|-damage|p2a: Rayquaza|16/100|[from] item: Rocky Helmet|[of] p1a: Necrozma
|move|p1a: Necrozma|Max Steelspike|p2a: Rayquaza
|-damage|p2a: Rayquaza|0 fnt
|-boost|p1a: Necrozma|def|1
|faint|p2a: Rayquaza
|-weather|none
|
|upkeep
|
|t:|1636114786
|switch|p2a: Arceus|Arceus-Ground|100/100
|turn|10
|
|t:|1636114791
|move|p2a: Arceus|Judgment|p1a: Necrozma
|-supereffective|p1a: Necrozma
|-damage|p1a: Necrozma|0 fnt
|faint|p1a: Necrozma
|
|upkeep
|c| King Noobster|omfg
|c| King Noobster|that is so unlucky
|l| King Noobster
|c|☆PokeKomala|its rng
|
|t:|1636114813
|switch|p1a: Yveltal|Yveltal|100/100
|-ability|p1a: Yveltal|Dark Aura
|turn|11
|c|☆PokeKomala|the game is made this way
|
|t:|1636114818
|switch|p2a: Yveltal|Yveltal|100/100
|-ability|p2a: Yveltal|Dark Aura
|move|p1a: Yveltal|Taunt|p2a: Yveltal
|-start|p2a: Yveltal|move: Taunt
|
|upkeep
|turn|12
|
|t:|1636114821
|move|p1a: Yveltal|Oblivion Wing|p2a: Yveltal
|-damage|p2a: Yveltal|68/100
|-damage|p1a: Yveltal|91/100|[from] item: Life Orb
|move|p2a: Yveltal|U-turn|p1a: Yveltal
|-damage|p1a: Yveltal|75/100
|c| Ghost2Huntx|Poor glonk, nobody rooting for soviet
|
|t:|1636114824
|switch|p2a: Arceus|Arceus-Fairy|100/100|[from]move: U-turn
|
|upkeep
|turn|13
|j| Astral Spectrier彡
|c|☆soviet glonk|my teams defensive backbone is all but gone..
|c|☆soviet glonk|this is trouble
|inactive|soviet glonk has 120 seconds left.
|
|t:|1636114855
|switch|p1a: Arceus|Arceus-Ground|90/100
|switch|p2a: Arceus|Arceus-Ground|100/100
|
|upkeep
|turn|14
|
|t:|1636114861
|move|p2a: Arceus|Ice Beam|p1a: Arceus
|-supereffective|p1a: Arceus
|-damage|p1a: Arceus|57/100
|move|p1a: Arceus|Ice Beam|p2a: Arceus
|-supereffective|p2a: Arceus
|-damage|p2a: Arceus|69/100
|
|upkeep
|turn|15
|
|t:|1636114869
|move|p2a: Arceus|Recover|p2a: Arceus
|-heal|p2a: Arceus|100/100
|move|p1a: Arceus|Recover|p1a: Arceus
|-heal|p1a: Arceus|100/100
|
|upkeep
|turn|16
|
|t:|1636114874
|switch|p2a: Arceus|Arceus-Fairy|100/100
|move|p1a: Arceus|Ice Beam|p2a: Arceus
|-damage|p2a: Arceus|84/100
|
|upkeep
|turn|17
|
|t:|1636114880
|switch|p1a: Zacian|Zacian-Crowned|67/100
|-ability|p1a: Zacian|Intrepid Sword|boost
|-boost|p1a: Zacian|atk|1
|move|p2a: Arceus|Judgment|p1a: Zacian
|-resisted|p1a: Zacian
|-damage|p1a: Zacian|46/100
|
|upkeep
|turn|18
|
|t:|1636114889
|switch|p1a: Arceus|Arceus-Ground|100/100
|move|p2a: Arceus|Judgment|p1a: Arceus
|-damage|p1a: Arceus|71/100
|
|upkeep
|turn|19
|
|t:|1636114899
|move|p2a: Arceus|Judgment|p1a: Arceus
|-damage|p1a: Arceus|36/100
|move|p1a: Arceus|Recover|p1a: Arceus
|-heal|p1a: Arceus|86/100
|
|upkeep
|turn|20
|
|t:|1636114905
|move|p2a: Arceus|Calm Mind|p2a: Arceus
|-boost|p2a: Arceus|spa|1
|-boost|p2a: Arceus|spd|1
|move|p1a: Arceus|Judgment|p2a: Arceus
|-damage|p2a: Arceus|61/100
|
|upkeep
|turn|21
|
|t:|1636114913
|move|p2a: Arceus|Recover|p2a: Arceus
|-heal|p2a: Arceus|100/100
|move|p1a: Arceus|Judgment|p2a: Arceus
|-damage|p2a: Arceus|78/100
|
|upkeep
|turn|22
|
|t:|1636114920
|move|p2a: Arceus|Judgment|p1a: Arceus
|-damage|p1a: Arceus|36/100
|move|p1a: Arceus|Judgment|p2a: Arceus
|-damage|p2a: Arceus|55/100
|
|upkeep
|turn|23
|
|t:|1636114928
|switch|p1a: Marshadow|Marshadow|100/100
|move|p2a: Arceus|Judgment|p1a: Marshadow
|-supereffective|p1a: Marshadow
|-damage|p1a: Marshadow|0 fnt
|faint|p1a: Marshadow
|
|upkeep
|c|☆soviet glonk|gg
|c| Little Luvie|if you kill this with zac he can go ditto rip this is a loss
|c|☆soviet glonk|i cant win this
|c|☆PokeKomala|gg
|inactive|soviet glonk has 120 seconds left.
|-message|soviet glonk forfeited.
|
|win|PokeKomala
|n|☆soviet glonk|sovietglonk
|n|☆PokeKomala|pokekomala
|n| Ghost2Huntx|ghost2huntx
|n| Little Luvie|littleluvie
|n| Zifey|zifey
|n| Astral Spectrier彡|astralspectrier
|l|☆soviet glonk
|l| Little Luvie
