|j|☆kvm1999
|j|☆ShiftySwamps1
|t:|1659063079
|gametype|singles
|player|p1|kvm1999|falkner|
|player|p2|ShiftySwamps1|marshal|
|teamsize|p1|6
|teamsize|p2|6
|gen|8
|tier|[Gen 8] National Dex AG
|rule|HP Percentage Mod: HP is shown in percentages
|rule|Endless Battle Clause: Forcing endless battles is banned
|clearpoke
|poke|p1|Vivillon-Ocean, M|
|poke|p1|Arceus-*|
|poke|p1|Giratina-Origin|
|poke|p1|Scizor, F|
|poke|p1|Magnezone|
|poke|p1|Latios, M|
|poke|p2|Hariyama, F|
|poke|p2|Moltres|
|poke|p2|Arceus-*|
|poke|p2|Tapu Koko|
|poke|p2|Mamoswine, F|
|poke|p2|Rayquaza|
|teampreview
|inactive|Battle timer is ON: inactive players will automatically lose when time's up. (requested by kvm1999)
|c|☆kvm1999|Glhf
|c|☆ShiftySwamps1|gshf!
|inactive|kvm1999 has 270 seconds left.
|inactive|ShiftySwamps1 has 270 seconds left.
|c|☆kvm1999|Vivillon will either sweep or die instantly
|c|☆ShiftySwamps1|:0
|c|☆ShiftySwamps1|We shall see
|inactive|kvm1999 has 240 seconds left.
|
|t:|1659063142
|start
|switch|p1a: Vikavοlt|Magnezone|100/100
|switch|p2a: Straight Chillin'|Tapu Koko|100/100
|-fieldstart|move: Electric Terrain|[from] ability: Electric Surge|[of] p2a: Straight Chillin'
|turn|1
|j| EndlessC4lamity
|
|t:|1659063165
|move|p2a: Straight Chillin'|Volt Switch|p1a: Vikavοlt
|-resisted|p1a: Vikavοlt
|-damage|p1a: Vikavοlt|62/100
|
|t:|1659063180
|switch|p2a: Lucas the GOAT|Mamoswine, F, shiny|100/100|[from]move: Volt Switch
|move|p1a: Vikavοlt|Flash Cannon|p2a: Lucas the GOAT
|-supereffective|p2a: Lucas the GOAT
|-damage|p2a: Lucas the GOAT|0 fnt
|faint|p2a: Lucas the GOAT
|
|upkeep
|
|t:|1659063187
|switch|p2a: Syrix|Moltres, shiny|100/100
|turn|2
|
|t:|1659063192
|move|p2a: Syrix|U-turn|p1a: Vikavοlt
|-resisted|p1a: Vikavοlt
|-damage|p1a: Vikavοlt|55/100
|
|t:|1659063196
|switch|p2a: Zagreus|Arceus-Dark|100/100|[from]move: U-turn
|move|p1a: Vikavοlt|Rising Voltage|p2a: Zagreus
|-hint|Rising Voltage's BP doubled on grounded target.
|-damage|p2a: Zagreus|24/100
|
|upkeep
|turn|3
|
|t:|1659063213
|move|p2a: Zagreus|Flamethrower|p1a: Vikavοlt
|-supereffective|p1a: Vikavοlt
|-damage|p1a: Vikavοlt|0 fnt
|faint|p1a: Vikavοlt
|
|upkeep
|
|t:|1659063221
|switch|p1a: Necrοzma|Latios, M|100/100
|turn|4
|
|t:|1659063233
|switch|p2a: Straight Chillin'|Tapu Koko|100/100
|move|p1a: Necrοzma|Ice Beam|p2a: Straight Chillin'
|-damage|p2a: Straight Chillin'|54/100
|
|upkeep
|turn|5
|
|t:|1659063243
|switch|p1a: Αrceus-Flying|Arceus-Steel|100/100
|move|p2a: Straight Chillin'|Volt Switch|p1a: Αrceus-Flying
|-damage|p1a: Αrceus-Flying|59/100
|
|t:|1659063250
|switch|p2a: Jetmir|Hariyama, F|100/100|[from]move: Volt Switch
|
|-fieldend|move: Electric Terrain
|upkeep
|turn|6
|
|t:|1659063265
|switch|p1a: Ρalkia|Giratina-Origin|100/100
|move|p2a: Jetmir|Knock Off|p1a: Ρalkia
|-supereffective|p1a: Ρalkia
|-damage|p1a: Ρalkia|71/100
|
|upkeep
|turn|7
|
|t:|1659063280
|move|p1a: Ρalkia|Poltergeist|p2a: Jetmir
|-activate|p2a: Jetmir|move: Poltergeist|Assault Vest
|-crit|p2a: Jetmir
|-damage|p2a: Jetmir|0 fnt
|faint|p2a: Jetmir
|
|upkeep
|c|☆ShiftySwamps1|Oh
|
|t:|1659063288
|switch|p2a: Zagreus|Arceus-Dark|24/100
|turn|8
|
|t:|1659063294
|move|p2a: Zagreus|Recover|p2a: Zagreus
|-heal|p2a: Zagreus|74/100
|move|p1a: Ρalkia|Stone Edge|p2a: Zagreus
|-damage|p2a: Zagreus|49/100
|
|upkeep
|turn|9
|
|t:|1659063297
|move|p2a: Zagreus|Recover|p2a: Zagreus
|-heal|p2a: Zagreus|99/100
|move|p1a: Ρalkia|Thunder Wave|p2a: Zagreus
|-status|p2a: Zagreus|par
|
|upkeep
|turn|10
|
|t:|1659063307
|switch|p1a: Αrceus-Flying|Arceus-Steel|59/100
|move|p2a: Zagreus|Calm Mind|p2a: Zagreus
|-boost|p2a: Zagreus|spa|1
|-boost|p2a: Zagreus|spd|1
|
|upkeep
|turn|11
|
|t:|1659063310
|move|p1a: Αrceus-Flying|Swords Dance|p1a: Αrceus-Flying
|-boost|p1a: Αrceus-Flying|atk|2
|move|p2a: Zagreus|Flamethrower|p1a: Αrceus-Flying
|-supereffective|p1a: Αrceus-Flying
|-damage|p1a: Αrceus-Flying|0 fnt
|faint|p1a: Αrceus-Flying
|
|upkeep
|
|t:|1659063327
|switch|p1a: Ρalkia|Giratina-Origin|71/100
|turn|12
|
|t:|1659063331
|move|p1a: Ρalkia|Outrage|p2a: Zagreus
|-damage|p2a: Zagreus|47/100 par
|move|p2a: Zagreus|Dark Pulse|p1a: Ρalkia
|-supereffective|p1a: Ρalkia
|-damage|p1a: Ρalkia|0 fnt
|faint|p1a: Ρalkia
|
|upkeep
|
|t:|1659063345
|switch|p1a: Arizona|Vivillon-Ocean, M|100/100
|turn|13
|
|t:|1659063350
|move|p1a: Arizona|Quiver Dance|p1a: Arizona
|-boost|p1a: Arizona|spa|1
|-boost|p1a: Arizona|spd|1
|-boost|p1a: Arizona|spe|1
|move|p2a: Zagreus|Flamethrower|p1a: Arizona
|-supereffective|p1a: Arizona
|-damage|p1a: Arizona|0 fnt
|faint|p1a: Arizona
|
|upkeep
|
|t:|1659063359
|switch|p1a: Αltaria|Scizor, F|100/100
|turn|14
|
|t:|1659063363
|detailschange|p1a: Αltaria|Scizor-Mega, F
|-mega|p1a: Αltaria|Scizor|Scizorite
|move|p1a: Αltaria|Bullet Punch|p2a: Zagreus
|-damage|p2a: Zagreus|25/100 par
|move|p2a: Zagreus|Flamethrower|p1a: Αltaria
|-supereffective|p1a: Αltaria
|-damage|p1a: Αltaria|0 fnt
|faint|p1a: Αltaria
|
|upkeep
|
|t:|1659063367
|switch|p1a: Necrοzma|Latios, M|100/100
|turn|15
|
|t:|1659063373
|move|p1a: Necrοzma|Ice Beam|p2a: Zagreus
|-damage|p2a: Zagreus|9/100 par
|-zpower|p2a: Zagreus
|move|p2a: Zagreus|Black Hole Eclipse|p1a: Necrοzma|[zeffect]
|-supereffective|p1a: Necrοzma
|-damage|p1a: Necrοzma|0 fnt
|faint|p1a: Necrοzma
|
|win|ShiftySwamps1
|c|☆ShiftySwamps1|gg
|c|☆kvm1999|Gg
|c|☆ShiftySwamps1|Sorry man
|c|☆kvm1999|Such is life
