|j|☆God of Pseudos
|j|☆Better Alone
|t:|1667840233
|gametype|singles
|player|p1|God of Pseudos|akari|1787
|player|p2|Better Alone|swimmerf-gen4|1988
|teamsize|p1|6
|teamsize|p2|6
|gen|8
|tier|[Gen 8] National Dex AG
|rated|
|rule|HP Percentage Mod: HP is shown in percentages
|rule|Endless Battle Clause: Forcing endless battles is banned
|clearpoke
|poke|p1|Arceus-*|
|poke|p1|Eternatus|
|poke|p1|Rayquaza|
|poke|p1|Necrozma-Dusk-Mane|
|poke|p1|Yveltal|
|poke|p1|Calyrex-Shadow|
|poke|p2|Ditto|
|poke|p2|Calyrex-Shadow|
|poke|p2|Groudon|
|poke|p2|Rayquaza|
|poke|p2|Tyranitar, F|
|poke|p2|Arceus-*|
|teampreview
|inactive|Battle timer is ON: inactive players will automatically lose when time's up. (requested by God of Pseudos)
|c|☆God of Pseudos|hi
|
|t:|1667840248
|start
|switch|p1a: Rayquaza|Rayquaza|100/100
|switch|p2a: Virgem|Arceus-Ground|100/100
|-ability|p1a: Rayquaza|Air Lock
|turn|1
|c|☆God of Pseudos|oh its you
|
|t:|1667840265
|detailschange|p1a: Rayquaza|Rayquaza-Mega
|-mega|p1a: Rayquaza|Rayquaza|
|-weather|DeltaStream|[from] ability: Delta Stream|[of] p1a: Rayquaza
|move|p1a: Rayquaza|Waterfall|p2a: Virgem
|-supereffective|p2a: Virgem
|-damage|p2a: Virgem|36/100
|move|p2a: Virgem|Stealth Rock|p1a: Rayquaza
|-sidestart|p1: God of Pseudos|move: Stealth Rock
|
|-weather|DeltaStream|[upkeep]
|upkeep
|turn|2
|
|t:|1667840278
|switch|p2a: Igor|Groudon, shiny|100/100
|detailschange|p2a: Igor|Groudon-Primal, shiny
|-primal|p2a: Igor
|-weather|DesolateLand|[from] ability: Desolate Land|[of] p2a: Igor
|move|p1a: Rayquaza|Waterfall||[still]
|-fail|p1a: Rayquaza|Waterfall|[from] Desolate Land
|
|-weather|DesolateLand|[upkeep]
|upkeep
|turn|3
|
|t:|1667840285
|switch|p1a: Yveltal|Yveltal|100/100
|-ability|p1a: Yveltal|Dark Aura
|move|p2a: Igor|Fire Punch|p1a: Yveltal
|-damage|p1a: Yveltal|43/100
|
|-weather|DesolateLand|[upkeep]
|upkeep
|turn|4
|
|t:|1667840292
|switch|p1a: Arceus|Arceus-Water|100/100
|-damage|p1a: Arceus|88/100|[from] Stealth Rock
|move|p2a: Igor|Rock Tomb|p1a: Arceus
|-damage|p1a: Arceus|71/100
|-unboost|p1a: Arceus|spe|1
|
|-weather|DesolateLand|[upkeep]
|upkeep
|turn|5
|
|t:|1667840296
|switch|p1a: Rayquaza|Rayquaza-Mega|100/100
|-damage|p1a: Rayquaza|76/100|[from] Stealth Rock
|-weather|DeltaStream|[from] ability: Delta Stream|[of] p1a: Rayquaza
|move|p2a: Igor|Dragon Tail|p1a: Rayquaza|[miss]
|-miss|p2a: Igor|p1a: Rayquaza
|
|-weather|DeltaStream|[upkeep]
|upkeep
|turn|6
|
|t:|1667840305
|switch|p2a: MARIOOOOOOON|Rayquaza|100/100
|-ability|p2a: MARIOOOOOOON|Air Lock
|move|p1a: Rayquaza|Dragon Ascent|p2a: MARIOOOOOOON
|-damage|p2a: MARIOOOOOOON|0 fnt
|-unboost|p1a: Rayquaza|def|1
|-unboost|p1a: Rayquaza|spd|1
|faint|p2a: MARIOOOOOOON
|
|-weather|DeltaStream|[upkeep]
|upkeep
|
|t:|1667840307
|switch|p2a: ÇËKSÖ|Calyrex-Shadow|100/100
|-ability|p2a: ÇËKSÖ|As One
|-ability|p2a: ÇËKSÖ|Unnerve
|turn|7
|
|t:|1667840319
|-weather|none
|switch|p1a: Yveltal|Yveltal|43/100
|-ability|p1a: Yveltal|Dark Aura
|move|p2a: ÇËKSÖ|Astral Barrage|p1a: Yveltal
|-resisted|p1a: Yveltal
|-damage|p1a: Yveltal|22/100
|
|upkeep
|turn|8
|
|t:|1667840327
|switch|p2a: Icardi|Tyranitar, F|100/100
|-weather|Sandstorm|[from] ability: Sand Stream|[of] p2a: Icardi
|move|p1a: Yveltal|Sucker Punch||[still]
|-fail|p1a: Yveltal
|
|-weather|Sandstorm|[upkeep]
|-damage|p1a: Yveltal|16/100|[from] Sandstorm
|upkeep
|turn|9
|
|t:|1667840330
|move|p1a: Yveltal|Roost|p1a: Yveltal
|-heal|p1a: Yveltal|66/100
|-singleturn|p1a: Yveltal|move: Roost
|move|p2a: Icardi|Pursuit|p1a: Yveltal
|-resisted|p1a: Yveltal
|-damage|p1a: Yveltal|58/100
|
|-weather|Sandstorm|[upkeep]
|-damage|p1a: Yveltal|52/100|[from] Sandstorm
|upkeep
|turn|10
|
|t:|1667840336
|move|p1a: Yveltal|Roost|p1a: Yveltal
|-heal|p1a: Yveltal|100/100
|-singleturn|p1a: Yveltal|move: Roost
|move|p2a: Icardi|Stone Edge|p1a: Yveltal
|-damage|p1a: Yveltal|70/100
|
|-weather|Sandstorm|[upkeep]
|-damage|p1a: Yveltal|63/100|[from] Sandstorm
|upkeep
|turn|11
|
|t:|1667840347
|move|p1a: Yveltal|Foul Play|p2a: Icardi
|-resisted|p2a: Icardi
|-damage|p2a: Icardi|78/100
|move|p2a: Icardi|Foul Play|p1a: Yveltal
|-resisted|p1a: Yveltal
|-damage|p1a: Yveltal|44/100
|
|-weather|Sandstorm|[upkeep]
|-damage|p1a: Yveltal|38/100|[from] Sandstorm
|upkeep
|turn|12
|
|t:|1667840351
|move|p1a: Yveltal|Roost|p1a: Yveltal
|-heal|p1a: Yveltal|88/100
|-singleturn|p1a: Yveltal|move: Roost
|move|p2a: Icardi|Stone Edge|p1a: Yveltal
|-damage|p1a: Yveltal|53/100
|
|-weather|none
|upkeep
|turn|13
|j| PlayinMite
|
|t:|1667840361
|move|p1a: Yveltal|Foul Play|p2a: Icardi
|-resisted|p2a: Icardi
|-damage|p2a: Icardi|55/100
|move|p2a: Icardi|Foul Play|p1a: Yveltal
|-resisted|p1a: Yveltal
|-damage|p1a: Yveltal|32/100
|
|upkeep
|turn|14
|
|t:|1667840367
|move|p1a: Yveltal|Roost|p1a: Yveltal
|-heal|p1a: Yveltal|82/100
|-singleturn|p1a: Yveltal|move: Roost
|move|p2a: Icardi|Brick Break|p1a: Yveltal
|-supereffective|p1a: Yveltal
|-damage|p1a: Yveltal|50/100
|
|upkeep
|turn|15
|
|t:|1667840378
|switch|p2a: Virgem|Arceus-Ground|36/100
|move|p1a: Yveltal|Roost|p1a: Yveltal
|-heal|p1a: Yveltal|100/100
|-singleturn|p1a: Yveltal|move: Roost
|
|upkeep
|turn|16
|
|t:|1667840381
|move|p2a: Virgem|Recover|p2a: Virgem
|-heal|p2a: Virgem|86/100
|move|p1a: Yveltal|Foul Play|p2a: Virgem
|-damage|p2a: Virgem|64/100
|
|upkeep
|turn|17
|
|t:|1667840385
|move|p2a: Virgem|Toxic|p1a: Yveltal
|-status|p1a: Yveltal|tox
|move|p1a: Yveltal|Defog|p2a: Virgem
|-unboost|p2a: Virgem|evasion|1
|-sideend|p1: God of Pseudos|Stealth Rock|[from] move: Defog|[of] p1a: Yveltal
|
|-damage|p1a: Yveltal|94/100 tox|[from] psn
|upkeep
|turn|18
|
|t:|1667840391
|switch|p1a: Eternatus|Eternatus|100/100
|-ability|p1a: Eternatus|Pressure
|move|p2a: Virgem|Stealth Rock|p1a: Eternatus
|-sidestart|p1: God of Pseudos|move: Stealth Rock
|
|upkeep
|turn|19
|
|t:|1667840395
|move|p2a: Virgem|Judgment|p1a: Eternatus
|-supereffective|p1a: Eternatus
|-damage|p1a: Eternatus|49/100
|move|p1a: Eternatus|Toxic Spikes|p2a: Virgem
|-sidestart|p2: Better Alone|move: Toxic Spikes
|
|-heal|p1a: Eternatus|55/100|[from] item: Black Sludge
|upkeep
|turn|20
|j| ddddddabai
|
|t:|1667840411
|switch|p1a: Calyrex|Calyrex-Shadow|100/100
|-ability|p1a: Calyrex|As One
|-ability|p1a: Calyrex|Unnerve
|-damage|p1a: Calyrex|88/100|[from] Stealth Rock
|move|p2a: Virgem|Judgment|p1a: Calyrex
|-damage|p1a: Calyrex|37/100
|
|upkeep
|turn|21
|
|t:|1667840416
|switch|p2a: Icardi|Tyranitar, F|55/100
|-status|p2a: Icardi|psn
|-weather|Sandstorm|[from] ability: Sand Stream|[of] p2a: Icardi
|move|p1a: Calyrex|Aromatherapy|p1a: Calyrex
|-activate|p1a: Calyrex|move: Aromatherapy
|-curestatus|p1: Yveltal|tox|[msg]
|
|-weather|Sandstorm|[upkeep]
|-damage|p1a: Calyrex|31/100|[from] Sandstorm
|-damage|p2a: Icardi|43/100 psn|[from] psn
|upkeep
|turn|22
|
|t:|1667840423
|move|p1a: Calyrex|Aromatherapy||[still]
|-activate|p1a: Calyrex|move: Aromatherapy
|-fail|p1a: Calyrex
|move|p2a: Icardi|Pursuit|p1a: Calyrex
|-supereffective|p1a: Calyrex
|-damage|p1a: Calyrex|0 fnt
|faint|p1a: Calyrex
|
|-weather|Sandstorm|[upkeep]
|-damage|p2a: Icardi|30/100 psn|[from] psn
|upkeep
|
|t:|1667840439
|switch|p1a: Arceus|Arceus-Water|71/100
|-damage|p1a: Arceus|59/100|[from] Stealth Rock
|turn|23
|
|t:|1667840443
|move|p1a: Arceus|Recover|p1a: Arceus
|-heal|p1a: Arceus|100/100
|move|p2a: Icardi|Foul Play|p1a: Arceus
|-damage|p1a: Arceus|80/100
|
|-weather|Sandstorm|[upkeep]
|-damage|p1a: Arceus|74/100|[from] Sandstorm
|-damage|p2a: Icardi|18/100 psn|[from] psn
|upkeep
|turn|24
|
|t:|1667840449
|move|p1a: Arceus|Judgment|p2a: Icardi
|-supereffective|p2a: Icardi
|-damage|p2a: Icardi|0 fnt
|faint|p2a: Icardi
|
|-weather|Sandstorm|[upkeep]
|-damage|p1a: Arceus|68/100|[from] Sandstorm
|upkeep
|
|t:|1667840452
|switch|p2a: Igor|Groudon-Primal, shiny|100/100
|-status|p2a: Igor|psn
|-weather|DesolateLand|[from] ability: Desolate Land|[of] p2a: Igor
|turn|25
|
|t:|1667840460
|move|p1a: Arceus|Recover|p1a: Arceus
|-heal|p1a: Arceus|100/100
|move|p2a: Igor|Dragon Tail|p1a: Arceus
|-damage|p1a: Arceus|82/100
|drag|p1a: Rayquaza|Rayquaza-Mega|76/100
|-damage|p1a: Rayquaza|51/100|[from] Stealth Rock
|-weather|DeltaStream|[from] ability: Delta Stream|[of] p1a: Rayquaza
|
|-weather|DeltaStream|[upkeep]
|-damage|p2a: Igor|88/100 psn|[from] psn
|upkeep
|turn|26
|l| PlayinMite
|
|t:|1667840471
|switch|p2a: Virgem|Arceus-Ground|64/100
|-status|p2a: Virgem|psn
|move|p1a: Rayquaza|Dragon Ascent|p2a: Virgem
|-damage|p2a: Virgem|0 fnt
|-unboost|p1a: Rayquaza|def|1
|-unboost|p1a: Rayquaza|spd|1
|faint|p2a: Virgem
|
|-weather|DeltaStream|[upkeep]
|upkeep
|
|t:|1667840473
|switch|p2a: ÇËKSÖ|Calyrex-Shadow|100/100
|-ability|p2a: ÇËKSÖ|As One
|-ability|p2a: ÇËKSÖ|Unnerve
|-status|p2a: ÇËKSÖ|psn
|turn|27
|
|t:|1667840483
|-weather|none
|switch|p1a: Yveltal|Yveltal|94/100
|-ability|p1a: Yveltal|Dark Aura
|-start|p2a: ÇËKSÖ|Dynamax|
|-heal|p2a: ÇËKSÖ|100/100 psn|[silent]
|move|p2a: ÇËKSÖ|Max Starfall|p1a: Yveltal
|-supereffective|p1a: Yveltal
|-damage|p1a: Yveltal|47/100
|-fieldstart|move: Misty Terrain
|
|-damage|p2a: ÇËKSÖ|94/100 psn|[from] psn
|upkeep
|turn|28
|
|t:|1667840490
|-end|p2a: ÇËKSÖ|Dynamax
|-heal|p2a: ÇËKSÖ|94/100 psn|[silent]
|switch|p2a: Igor|Groudon-Primal, shiny|88/100 psn
|-weather|DesolateLand|[from] ability: Desolate Land|[of] p2a: Igor
|move|p1a: Yveltal|Sucker Punch||[still]
|-fail|p1a: Yveltal
|
|-weather|DesolateLand|[upkeep]
|-damage|p2a: Igor|76/100 psn|[from] psn
|upkeep
|turn|29
|
|t:|1667840495
|switch|p1a: Rayquaza|Rayquaza-Mega|51/100
|-damage|p1a: Rayquaza|26/100|[from] Stealth Rock
|-weather|DeltaStream|[from] ability: Delta Stream|[of] p1a: Rayquaza
|move|p2a: Igor|Dragon Tail|p1a: Rayquaza
|-supereffective|p1a: Rayquaza
|-damage|p1a: Rayquaza|0 fnt
|faint|p1a: Rayquaza
|-weather|none
|
|-damage|p2a: Igor|64/100 psn|[from] psn
|upkeep
|
|t:|1667840505
|switch|p1a: Arceus|Arceus-Water|82/100
|-damage|p1a: Arceus|70/100|[from] Stealth Rock
|turn|30
|
|t:|1667840512
|switch|p1a: Eternatus|Eternatus|55/100
|-damage|p1a: Eternatus|43/100|[from] Stealth Rock
|-ability|p1a: Eternatus|Pressure
|move|p2a: Igor|Precipice Blades|p1a: Eternatus
|-supereffective|p1a: Eternatus
|-damage|p1a: Eternatus|0 fnt
|faint|p1a: Eternatus
|
|-damage|p2a: Igor|51/100 psn|[from] psn
|upkeep
|c|☆God of Pseudos|what am i doing
|
|t:|1667840523
|switch|p1a: Arceus|Arceus-Water|70/100
|-damage|p1a: Arceus|58/100|[from] Stealth Rock
|turn|31
|
|t:|1667840530
|move|p1a: Arceus|Recover|p1a: Arceus
|-heal|p1a: Arceus|100/100
|move|p2a: Igor|Precipice Blades|p1a: Arceus|[miss]
|-miss|p2a: Igor|p1a: Arceus
|
|-damage|p2a: Igor|39/100 psn|[from] psn
|-fieldend|Misty Terrain
|upkeep
|turn|32
|
|t:|1667840540
|move|p1a: Arceus|Calm Mind|p1a: Arceus
|-boost|p1a: Arceus|spa|1
|-boost|p1a: Arceus|spd|1
|move|p2a: Igor|Precipice Blades|p1a: Arceus
|-damage|p1a: Arceus|46/100
|
|-damage|p2a: Igor|27/100 psn|[from] psn
|upkeep
|turn|33
|
|t:|1667840547
|move|p1a: Arceus|Recover|p1a: Arceus
|-heal|p1a: Arceus|96/100
|move|p2a: Igor|Dragon Tail|p1a: Arceus
|-damage|p1a: Arceus|77/100
|drag|p1a: Yveltal|Yveltal|47/100
|-ability|p1a: Yveltal|Dark Aura
|
|-damage|p2a: Igor|14/100 psn|[from] psn
|upkeep
|turn|34
|
|t:|1667840557
|move|p1a: Yveltal|Roost|p1a: Yveltal
|-heal|p1a: Yveltal|97/100
|-singleturn|p1a: Yveltal|move: Roost
|move|p2a: Igor|Rock Tomb|p1a: Yveltal
|-damage|p1a: Yveltal|78/100
|-unboost|p1a: Yveltal|spe|1
|
|-damage|p2a: Igor|2/100 psn|[from] psn
|upkeep
|turn|35
|
|t:|1667840569
|move|p2a: Igor|Fire Punch|p1a: Yveltal
|-damage|p1a: Yveltal|35/100
|move|p1a: Yveltal|Roost|p1a: Yveltal
|-heal|p1a: Yveltal|86/100
|-singleturn|p1a: Yveltal|move: Roost
|
|-damage|p2a: Igor|0 fnt|[from] psn
|faint|p2a: Igor
|upkeep
|
|t:|1667840571
|switch|p2a: Pablo|Ditto|100/100
|-status|p2a: Pablo|psn
|-transform|p2a: Pablo|p1a: Yveltal|[from] ability: Imposter
|-ability|p2a: Pablo|Dark Aura
|turn|36
|-message|Better Alone forfeited.
|
|win|God of Pseudos
|raw|God of Pseudos's rating: 1787 &rarr; <strong>1817</strong><br />(+30 for winning)
|raw|Better Alone's rating: 1988 &rarr; <strong>1958</strong><br />(-30 for losing)
|l|☆Better Alone
|c|☆God of Pseudos|gg
||Ladder isn't responding, score probably updated but might not have (Request timeout).
