|j|☆mochiyay
|j|☆iHaveAsthma
|t:|1660154684
|gametype|singles
|player|p1|mochiyay|winona|1583
|player|p2|iHaveAsthma|doctor|1901
|teamsize|p1|6
|teamsize|p2|6
|gen|8
|tier|[Gen 8] National Dex AG
|rated|
|rule|HP Percentage Mod: HP is shown in percentages
|rule|Endless Battle Clause: Forcing endless battles is banned
|clearpoke
|poke|p1|Necrozma-Dusk-Mane|
|poke|p1|Yveltal|
|poke|p1|Xerneas-*|
|poke|p1|Calyrex-Shadow|
|poke|p1|Zygarde|
|poke|p1|Arceus-*|
|poke|p2|Rayquaza|
|poke|p2|Groudon|
|poke|p2|Lugia|
|poke|p2|Arceus-*|
|poke|p2|Calyrex-Shadow|
|poke|p2|Arceus-*|
|teampreview
|inactive|Battle timer is ON: inactive players will automatically lose when time's up. (requested by mochiyay)
|
|t:|1660154691
|start
|switch|p1a: Yveltal|Yveltal|100/100
|switch|p2a: Rayquaza|Rayquaza|100/100
|-ability|p1a: Yveltal|Dark Aura
|-ability|p2a: Rayquaza|Air Lock
|turn|1
|
|t:|1660154700
|detailschange|p2a: Rayquaza|Rayquaza-Mega
|-mega|p2a: Rayquaza|Rayquaza|
|-weather|DeltaStream|[from] ability: Delta Stream|[of] p2a: Rayquaza
|move|p2a: Rayquaza|Scale Shot|p1a: Yveltal
|-damage|p1a: Yveltal|82/100
|-damage|p1a: Yveltal|63/100
|-hitcount|p1a: Yveltal|2
|-unboost|p2a: Rayquaza|def|1
|-boost|p2a: Rayquaza|spe|1
|move|p1a: Yveltal|Dark Pulse|p2a: Rayquaza
|-damage|p2a: Rayquaza|31/100
|-damage|p1a: Yveltal|53/100|[from] item: Life Orb
|
|-weather|DeltaStream|[upkeep]
|upkeep
|turn|2
|
|t:|1660154713
|move|p1a: Yveltal|Sucker Punch|p2a: Rayquaza
|-damage|p2a: Rayquaza|0 fnt
|faint|p2a: Rayquaza
|-weather|none
|-damage|p1a: Yveltal|43/100|[from] item: Life Orb
|
|upkeep
|
|t:|1660154727
|switch|p2a: Groudon|Groudon|100/100
|detailschange|p2a: Groudon|Groudon-Primal
|-primal|p2a: Groudon
|-weather|DesolateLand|[from] ability: Desolate Land|[of] p2a: Groudon
|turn|3
|
|t:|1660154733
|move|p1a: Yveltal|Oblivion Wing|p2a: Groudon
|-damage|p2a: Groudon|43/100
|-heal|p1a: Yveltal|80/100|[from] drain|[of] p2a: Groudon
|-damage|p1a: Yveltal|70/100|[from] item: Life Orb
|move|p2a: Groudon|Stealth Rock|p1a: Yveltal
|-sidestart|p1: mochiyay|move: Stealth Rock
|
|-weather|DesolateLand|[upkeep]
|upkeep
|turn|4
|
|t:|1660154740
|move|p1a: Yveltal|Oblivion Wing|p2a: Groudon
|-damage|p2a: Groudon|0 fnt
|-heal|p1a: Yveltal|98/100|[from] drain|[of] p2a: Groudon
|faint|p2a: Groudon
|-weather|none
|-damage|p1a: Yveltal|88/100|[from] item: Life Orb
|
|upkeep
|j| Kyurem saved
|
|t:|1660154748
|switch|p2a: Arceus|Arceus|100/100
|turn|5
|
|t:|1660154751
|move|p1a: Yveltal|Dark Pulse|p2a: Arceus
|-crit|p2a: Arceus
|-damage|p2a: Arceus|23/100
|-damage|p1a: Yveltal|78/100|[from] item: Life Orb
|move|p2a: Arceus|Swords Dance|p2a: Arceus
|-boost|p2a: Arceus|atk|2
|
|upkeep
|turn|6
|
|t:|1660154765
|move|p2a: Arceus|Extreme Speed|p1a: Yveltal
|-damage|p1a: Yveltal|0 fnt
|faint|p1a: Yveltal
|-damage|p2a: Arceus|13/100|[from] item: Life Orb
|
|upkeep
|
|t:|1660154770
|switch|p1a: Arceus|Arceus-Water|100/100
|-damage|p1a: Arceus|88/100|[from] Stealth Rock
|turn|7
|
|t:|1660154773
|move|p2a: Arceus|Recover|p2a: Arceus
|-heal|p2a: Arceus|63/100
|move|p1a: Arceus|Defog|p2a: Arceus
|-unboost|p2a: Arceus|evasion|1
|-sideend|p1: mochiyay|Stealth Rock|[from] move: Defog|[of] p1a: Arceus
|
|upkeep
|turn|8
|
|t:|1660154780
|move|p2a: Arceus|Recover|p2a: Arceus
|-heal|p2a: Arceus|100/100
|move|p1a: Arceus|Judgment|p2a: Arceus
|-damage|p2a: Arceus|54/100
|
|upkeep
|turn|9
|
|t:|1660154785
|move|p2a: Arceus|Extreme Speed|p1a: Arceus
|-damage|p1a: Arceus|14/100
|-damage|p2a: Arceus|44/100|[from] item: Life Orb
|move|p1a: Arceus|Judgment|p2a: Arceus
|-damage|p2a: Arceus|4/100
|
|upkeep
|turn|10
|
|t:|1660154792
|move|p2a: Arceus|Recover|p2a: Arceus
|-heal|p2a: Arceus|54/100
|move|p1a: Arceus|Judgment|p2a: Arceus
|-damage|p2a: Arceus|11/100
|
|upkeep
|turn|11
|
|t:|1660154797
|move|p2a: Arceus|Recover|p2a: Arceus
|-heal|p2a: Arceus|61/100
|move|p1a: Arceus|Judgment|p2a: Arceus
|-damage|p2a: Arceus|15/100
|
|upkeep
|turn|12
|
|t:|1660154802
|move|p2a: Arceus|Recover|p2a: Arceus
|-heal|p2a: Arceus|65/100
|move|p1a: Arceus|Judgment|p2a: Arceus
|-damage|p2a: Arceus|22/100
|
|upkeep
|turn|13
|
|t:|1660154808
|move|p2a: Arceus|Recover|p2a: Arceus
|-heal|p2a: Arceus|72/100
|move|p1a: Arceus|Recover|p1a: Arceus
|-heal|p1a: Arceus|64/100
|
|upkeep
|turn|14
|
|t:|1660154826
|move|p2a: Arceus|Extreme Speed|p1a: Arceus
|-damage|p1a: Arceus|0 fnt
|faint|p1a: Arceus
|-damage|p2a: Arceus|62/100|[from] item: Life Orb
|
|upkeep
|
|t:|1660154832
|switch|p1a: Calyrex|Calyrex-Shadow|100/100
|-ability|p1a: Calyrex|As One
|-ability|p1a: Calyrex|Unnerve
|turn|15
|
|t:|1660154840
|move|p1a: Calyrex|Psychic|p2a: Arceus
|-damage|p2a: Arceus|22/100
|move|p2a: Arceus|Earthquake|p1a: Calyrex
|-enditem|p1a: Calyrex|Focus Sash
|-damage|p1a: Calyrex|1/100
|-damage|p2a: Arceus|12/100|[from] item: Life Orb
|
|upkeep
|turn|16
|c|☆iHaveAsthma|gg wp
|
|t:|1660154847
|move|p1a: Calyrex|Psychic|p2a: Arceus
|-damage|p2a: Arceus|0 fnt
|faint|p2a: Arceus
|-ability|p1a: Calyrex|Grim Neigh|boost
|-boost|p1a: Calyrex|spa|1
|
|upkeep
|
|t:|1660154849
|switch|p2a: Calyrex|Calyrex-Shadow|100/100
|-ability|p2a: Calyrex|As One
|-ability|p2a: Calyrex|Unnerve
|turn|17
|
|t:|1660154857
|move|p2a: Calyrex|Astral Barrage|p1a: Calyrex
|-supereffective|p1a: Calyrex
|-damage|p1a: Calyrex|0 fnt
|faint|p1a: Calyrex
|-ability|p2a: Calyrex|Grim Neigh|boost
|-boost|p2a: Calyrex|spa|1
|
|upkeep
|
|t:|1660154864
|switch|p1a: Zygarde|Zygarde|100/100
|turn|18
|
|t:|1660154867
|-start|p2a: Calyrex|Dynamax|
|-heal|p2a: Calyrex|100/100|[silent]
|-start|p1a: Zygarde|Dynamax|
|-heal|p1a: Zygarde|100/100|[silent]
|move|p2a: Calyrex|Max Phantasm|p1a: Zygarde
|-crit|p1a: Zygarde
|-damage|p1a: Zygarde|20/100
|-unboost|p1a: Zygarde|def|1
|move|p1a: Zygarde|Max Quake|p2a: Calyrex
|-damage|p2a: Calyrex|64/100
|-boost|p1a: Zygarde|spd|1
|
|-heal|p1a: Zygarde|23/100|[from] item: Leftovers
|-activate|p1a: Zygarde|ability: Power Construct
|detailschange|p1a: Zygarde|Zygarde-Complete
|-heal|p1a: Zygarde|49/100|[silent]
|upkeep
|turn|19
|
|t:|1660154885
|move|p1a: Zygarde|Max Guard|p1a: Zygarde
|-singleturn|p1a: Zygarde|Max Guard
|move|p2a: Calyrex|Max Phantasm|p1a: Zygarde
|-activate|p1a: Zygarde|move: Max Guard
|
|-heal|p1a: Zygarde|52/100|[from] item: Leftovers
|upkeep
|turn|20
|
|t:|1660154897
|move|p2a: Calyrex|Max Phantasm|p1a: Zygarde
|-damage|p1a: Zygarde|30/100
|-unboost|p1a: Zygarde|def|1
|move|p1a: Zygarde|Max Quake|p2a: Calyrex
|-damage|p2a: Calyrex|24/100
|-boost|p1a: Zygarde|spd|1
|
|-heal|p1a: Zygarde|33/100|[from] item: Leftovers
|upkeep
|-end|p2a: Calyrex|Dynamax
|-heal|p2a: Calyrex|24/100|[silent]
|-end|p1a: Zygarde|Dynamax
|-heal|p1a: Zygarde|33/100|[silent]
|turn|21
|
|t:|1660154910
|move|p2a: Calyrex|Astral Barrage|p1a: Zygarde
|-damage|p1a: Zygarde|3/100
|move|p1a: Zygarde|Glare|p2a: Calyrex
|-status|p2a: Calyrex|par
|
|-heal|p1a: Zygarde|9/100|[from] item: Leftovers
|upkeep
|turn|22
|
|t:|1660154918
|move|p2a: Calyrex|Draining Kiss|p1a: Zygarde
|-supereffective|p1a: Zygarde
|-damage|p1a: Zygarde|0 fnt
|-heal|p2a: Calyrex|36/100 par|[from] drain|[of] p1a: Zygarde
|faint|p1a: Zygarde
|-ability|p2a: Calyrex|Grim Neigh|boost
|-boost|p2a: Calyrex|spa|1
|
|upkeep
|
|t:|1660154928
|switch|p1a: Necrozma|Necrozma-Dusk-Mane|100/100
|turn|23
|
|t:|1660154930
|move|p2a: Calyrex|Astral Barrage|p1a: Necrozma
|-supereffective|p1a: Necrozma
|-damage|p1a: Necrozma|0 fnt
|faint|p1a: Necrozma
|-ability|p2a: Calyrex|Grim Neigh|boost
|-boost|p2a: Calyrex|spa|1
|
|upkeep
|
|t:|1660154937
|switch|p1a: Xerneas|Xerneas|100/100
|-ability|p1a: Xerneas|Fairy Aura
|turn|24
|
|t:|1660154941
|move|p1a: Xerneas|Moonblast|p2a: Calyrex
|-damage|p2a: Calyrex|0 fnt
|faint|p2a: Calyrex
|
|upkeep
|
|t:|1660154943
|switch|p2a: Arceus|Arceus-Flying|100/100
|turn|25
|
|t:|1660154946
|move|p2a: Arceus|Swords Dance|p2a: Arceus
|-boost|p2a: Arceus|atk|2
|move|p1a: Xerneas|Geomancy||[still]
|-prepare|p1a: Xerneas|Geomancy
|-enditem|p1a: Xerneas|Power Herb
|-anim|p1a: Xerneas|Geomancy|p1a: Xerneas
|-boost|p1a: Xerneas|spa|2
|-boost|p1a: Xerneas|spd|2
|-boost|p1a: Xerneas|spe|2
|
|upkeep
|turn|26
|
|t:|1660154953
|move|p1a: Xerneas|Thunder|p2a: Arceus|[miss]
|-miss|p1a: Xerneas|p2a: Arceus
|move|p2a: Arceus|Fly||[still]
|-prepare|p2a: Arceus|Fly
|
|upkeep
|turn|27
|
|t:|1660154958
|move|p1a: Xerneas|Thunder|p2a: Arceus
|-supereffective|p2a: Arceus
|-damage|p2a: Arceus|0 fnt
|faint|p2a: Arceus
|
|upkeep
|l|☆iHaveAsthma
|inactive|iHaveAsthma disconnected and has a minute to reconnect!
|player|p2|
|inactive|iHaveAsthma has 30 seconds to reconnect!
|l| Kyurem saved
|inactive|iHaveAsthma has 20 seconds to reconnect!
|inactive|iHaveAsthma has 15 seconds to reconnect!
|inactive|iHaveAsthma has 10 seconds to reconnect!
|inactive|iHaveAsthma has 5 seconds to reconnect!
|-message|iHaveAsthma lost due to inactivity.
|
|win|mochiyay
|raw|mochiyay's rating: 1583 &rarr; <strong>1617</strong><br />(+34 for winning)
|raw|iHaveAsthma's rating: 1901 &rarr; <strong>1867</strong><br />(-34 for losing)
|l|☆mochiyay
||Ladder isn't responding, score probably updated but might not have (Request timeout).
