|j|‽Mawm
|j|☆MRH1106
|t:|1665969218
|gametype|singles
|player|p1|Mawm|beauty-gen6xy|1824
|player|p2|MRH1106|red|1876
|teamsize|p1|6
|teamsize|p2|6
|gen|8
|tier|[Gen 8] National Dex AG
|rated|
|rule|HP Percentage Mod: HP is shown in percentages
|rule|Endless Battle Clause: Forcing endless battles is banned
|clearpoke
|poke|p1|Yveltal|
|poke|p1|Genesect|
|poke|p1|Yveltal|
|poke|p1|Necrozma-Dusk-Mane|
|poke|p1|Rayquaza|
|poke|p1|Groudon|
|poke|p2|Zacian-*|
|poke|p2|Calyrex-Shadow|
|poke|p2|Rayquaza|
|poke|p2|Ditto|
|poke|p2|Yveltal|
|poke|p2|Arceus-*|
|teampreview
|inactive|Battle timer is ON: inactive players will automatically lose when time's up. (requested by MRH1106)
|inactive|Mawm also wants the timer to be on.
|inactive|Mawm has 120 seconds left.
|
|t:|1665969267
|start
|switch|p1a: Rayquaza|Rayquaza|100/100
|switch|p2a: Rayyyy|Rayquaza|100/100
|-ability|p2a: Rayyyy|Air Lock
|-ability|p1a: Rayquaza|Air Lock
|turn|1
|
|t:|1665969275
|detailschange|p2a: Rayyyy|Rayquaza-Mega
|-mega|p2a: Rayyyy|Rayquaza|
|-weather|DeltaStream|[from] ability: Delta Stream|[of] p2a: Rayyyy
|detailschange|p1a: Rayquaza|Rayquaza-Mega
|-mega|p1a: Rayquaza|Rayquaza|
|move|p2a: Rayyyy|Dragon Ascent|p1a: Rayquaza
|-damage|p1a: Rayquaza|20/100
|-unboost|p2a: Rayyyy|def|1
|-unboost|p2a: Rayyyy|spd|1
|move|p1a: Rayquaza|Dragon Ascent|p2a: Rayyyy
|-enditem|p2a: Rayyyy|Focus Sash
|-damage|p2a: Rayyyy|1/100
|-unboost|p1a: Rayquaza|def|1
|-unboost|p1a: Rayquaza|spd|1
|-damage|p1a: Rayquaza|10/100|[from] item: Life Orb
|
|-weather|DeltaStream|[upkeep]
|upkeep
|turn|2
|
|t:|1665969281
|move|p2a: Rayyyy|Extreme Speed|p1a: Rayquaza
|-damage|p1a: Rayquaza|0 fnt
|faint|p1a: Rayquaza
|
|-weather|DeltaStream|[upkeep]
|upkeep
|
|t:|1665969283
|switch|p1a: Genesect|Genesect, shiny|100/100
|-ability|p1a: Genesect|Download|boost
|-boost|p1a: Genesect|atk|1
|turn|3
|
|t:|1665969287
|move|p2a: Rayyyy|Extreme Speed|p1a: Genesect
|-resisted|p1a: Genesect
|-damage|p1a: Genesect|81/100
|move|p1a: Genesect|Extreme Speed|p2a: Rayyyy
|-damage|p2a: Rayyyy|0 fnt
|faint|p2a: Rayyyy
|-weather|none
|-damage|p1a: Genesect|71/100|[from] item: Life Orb
|
|upkeep
|j| 0nnee
|inactive|MRH1106 has 120 seconds left.
|
|t:|1665969324
|switch|p2a: Knifepuppy|Zacian-Crowned|100/100
|-ability|p2a: Knifepuppy|Intrepid Sword|boost
|-boost|p2a: Knifepuppy|atk|1
|turn|4
|inactive|MRH1106 has 120 seconds left.
|
|t:|1665969333
|move|p2a: Knifepuppy|Crunch|p1a: Genesect
|-damage|p1a: Genesect|18/100
|move|p1a: Genesect|Shift Gear|p1a: Genesect
|-boost|p1a: Genesect|spe|2
|-boost|p1a: Genesect|atk|1
|
|upkeep
|turn|5
|inactive|MRH1106 has 120 seconds left.
|
|t:|1665969350
|move|p1a: Genesect|Iron Head|p2a: Knifepuppy
|-damage|p2a: Knifepuppy|0 fnt
|faint|p2a: Knifepuppy
|-damage|p1a: Genesect|8/100|[from] item: Life Orb
|
|upkeep
|
|t:|1665969353
|switch|p2a: Fuck you <3|Ditto, shiny|100/100
|-transform|p2a: Fuck you <3|p1a: Genesect|[from] ability: Imposter
|-ability|p2a: Fuck you <3|Download|boost
|-boost|p2a: Fuck you <3|spa|1
|turn|6
|
|t:|1665969356
|move|p2a: Fuck you <3|Extreme Speed|p1a: Genesect
|-resisted|p1a: Genesect
|-damage|p1a: Genesect|0 fnt
|faint|p1a: Genesect
|
|upkeep
|
|t:|1665969362
|switch|p1a: Groudon|Groudon|100/100
|detailschange|p1a: Groudon|Groudon-Primal
|-primal|p1a: Groudon
|-weather|DesolateLand|[from] ability: Desolate Land|[of] p1a: Groudon
|turn|7
|
|t:|1665969367
|switch|p2a: Legit god|Arceus-Ground|100/100
|move|p1a: Groudon|Eruption|p2a: Legit god
|-damage|p2a: Legit god|16/100
|
|-weather|DesolateLand|[upkeep]
|upkeep
|turn|8
|
|t:|1665969372
|-weather|none
|switch|p1a: Yveltal|Yveltal, shiny|100/100
|-ability|p1a: Yveltal|Dark Aura
|move|p2a: Legit god|Judgment|p1a: Yveltal
|-immune|p1a: Yveltal
|
|upkeep
|turn|9
|
|t:|1665969375
|-start|p1a: Yveltal|Dynamax|
|-heal|p1a: Yveltal|100/100|[silent]
|move|p2a: Legit god|Recover|p2a: Legit god
|-heal|p2a: Legit god|66/100
|move|p1a: Yveltal|Max Airstream|p2a: Legit god
|-damage|p2a: Legit god|14/100
|-boost|p1a: Yveltal|spe|1
|
|upkeep
|turn|10
|
|t:|1665969381
|move|p1a: Yveltal|Max Ooze|p2a: Legit god
|-resisted|p2a: Legit god
|-damage|p2a: Legit god|0 fnt
|-boost|p1a: Yveltal|spa|1
|faint|p2a: Legit god
|
|upkeep
|
|t:|1665969386
|switch|p2a: Fuck you <3|Ditto, shiny|100/100
|-transform|p2a: Fuck you <3|p1a: Yveltal|[from] ability: Imposter
|-ability|p2a: Fuck you <3|Dark Aura
|turn|11
|
|t:|1665969390
|-start|p2a: Fuck you <3|Dynamax|
|-heal|p2a: Fuck you <3|100/100|[silent]
|move|p1a: Yveltal|Max Airstream|p2a: Fuck you <3
|-damage|p2a: Fuck you <3|41/100
|-boost|p1a: Yveltal|spe|1
|move|p2a: Fuck you <3|Max Airstream|p1a: Yveltal
|-crit|p1a: Yveltal
|-damage|p1a: Yveltal|51/100
|-boost|p2a: Fuck you <3|spe|1
|
|upkeep
|-end|p1a: Yveltal|Dynamax
|-heal|p1a: Yveltal|51/100|[silent]
|turn|12
|
|t:|1665969393
|move|p1a: Yveltal|Oblivion Wing|p2a: Fuck you <3
|-damage|p2a: Fuck you <3|1/100
|-heal|p1a: Yveltal|97/100|[from] drain|[of] p2a: Fuck you <3
|move|p2a: Fuck you <3|Max Airstream|p1a: Yveltal
|-damage|p1a: Yveltal|27/100
|-boost|p2a: Fuck you <3|spe|1
|
|upkeep
|turn|13
|
|t:|1665969398
|move|p2a: Fuck you <3|Max Airstream|p1a: Yveltal
|-damage|p1a: Yveltal|0 fnt
|-boost|p2a: Fuck you <3|spe|1
|faint|p1a: Yveltal
|
|upkeep
|
|t:|1665969401
|switch|p1a: Yveltal|Yveltal, shiny|100/100
|-ability|p1a: Yveltal|Dark Aura
|-end|p2a: Fuck you <3|Dynamax
|-heal|p2a: Fuck you <3|1/100|[silent]
|turn|14
|
|t:|1665969406
|switch|p2a: Hells dragon|Yveltal, shiny|100/100
|-ability|p2a: Hells dragon|Dark Aura
|move|p1a: Yveltal|Sucker Punch||[still]
|-fail|p1a: Yveltal
|
|upkeep
|turn|15
|
|t:|1665969410
|move|p2a: Hells dragon|Oblivion Wing|p1a: Yveltal
|-damage|p1a: Yveltal|53/100
|-damage|p2a: Hells dragon|91/100|[from] item: Life Orb
|move|p1a: Yveltal|Hone Claws|p1a: Yveltal
|-boost|p1a: Yveltal|atk|1
|-boost|p1a: Yveltal|accuracy|1
|
|upkeep
|turn|16
|
|t:|1665969414
|move|p2a: Hells dragon|Oblivion Wing|p1a: Yveltal
|-damage|p1a: Yveltal|0 fnt
|-heal|p2a: Hells dragon|100/100|[from] drain|[of] p1a: Yveltal
|faint|p1a: Yveltal
|-damage|p2a: Hells dragon|91/100|[from] item: Life Orb
|
|upkeep
|
|t:|1665969416
|switch|p1a: Groudon|Groudon-Primal|100/100
|-weather|DesolateLand|[from] ability: Desolate Land|[of] p1a: Groudon
|turn|17
|
|t:|1665969422
|move|p2a: Hells dragon|Oblivion Wing|p1a: Groudon
|-damage|p1a: Groudon|33/100
|-heal|p2a: Hells dragon|100/100|[from] drain|[of] p1a: Groudon
|-damage|p2a: Hells dragon|91/100|[from] item: Life Orb
|move|p1a: Groudon|Eruption|p2a: Hells dragon
|-damage|p2a: Hells dragon|53/100
|
|-weather|DesolateLand|[upkeep]
|upkeep
|turn|18
|
|t:|1665969425
|move|p2a: Hells dragon|Oblivion Wing|p1a: Groudon
|-damage|p1a: Groudon|0 fnt
|-heal|p2a: Hells dragon|74/100|[from] drain|[of] p1a: Groudon
|faint|p1a: Groudon
|-weather|none
|-damage|p2a: Hells dragon|64/100|[from] item: Life Orb
|
|upkeep
|
|t:|1665969427
|switch|p1a: Necrozma|Necrozma-Dusk-Mane, shiny|100/100
|turn|19
|
|t:|1665969430
|move|p2a: Hells dragon|Taunt|p1a: Necrozma
|-start|p1a: Necrozma|move: Taunt
|cant|p1a: Necrozma|move: Taunt|Dragon Dance
|
|upkeep
|turn|20
|
|t:|1665969434
|move|p2a: Hells dragon|Sucker Punch|p1a: Necrozma
|-supereffective|p1a: Necrozma
|-damage|p1a: Necrozma|50/100
|-damage|p2a: Hells dragon|54/100|[from] item: Life Orb
|move|p1a: Necrozma|Rock Blast|p2a: Hells dragon
|-supereffective|p2a: Hells dragon
|-damage|p2a: Hells dragon|35/100
|-supereffective|p2a: Hells dragon
|-damage|p2a: Hells dragon|17/100
|-hitcount|p2a: Hells dragon|2
|
|upkeep
|turn|21
|
|t:|1665969437
|move|p2a: Hells dragon|Sucker Punch|p1a: Necrozma
|-supereffective|p1a: Necrozma
|-damage|p1a: Necrozma|3/100
|-damage|p2a: Hells dragon|7/100|[from] item: Life Orb
|move|p1a: Necrozma|Rock Blast|p2a: Hells dragon
|-supereffective|p2a: Hells dragon
|-damage|p2a: Hells dragon|0 fnt
|faint|p2a: Hells dragon
|-hitcount|p2: Hells dragon|1
|
|-end|p1a: Necrozma|move: Taunt
|upkeep
|
|t:|1665969440
|switch|p2a: Fuck you <3|Ditto, shiny|1/100
|-transform|p2a: Fuck you <3|p1a: Necrozma|[from] ability: Imposter
|turn|22
|
|t:|1665969442
|detailschange|p1a: Necrozma|Necrozma-Ultra, shiny
|-burst|p1a: Necrozma|Necrozma|Ultranecrozium Z
|move|p1a: Necrozma|Moonlight|p1a: Necrozma
|-heal|p1a: Necrozma|53/100
|move|p2a: Fuck you <3|Photon Geyser|p1a: Necrozma
|-resisted|p1a: Necrozma
|-damage|p1a: Necrozma|32/100
|
|upkeep
|turn|23
|
|t:|1665969449
|move|p1a: Necrozma|Dragon Dance|p1a: Necrozma
|-boost|p1a: Necrozma|atk|1
|-boost|p1a: Necrozma|spe|1
|move|p2a: Fuck you <3|Photon Geyser|p1a: Necrozma
|-resisted|p1a: Necrozma
|-damage|p1a: Necrozma|12/100
|
|upkeep
|turn|24
|
|t:|1665969451
|move|p1a: Necrozma|Moonlight|p1a: Necrozma
|-heal|p1a: Necrozma|62/100
|move|p2a: Fuck you <3|Photon Geyser|p1a: Necrozma
|-resisted|p1a: Necrozma
|-damage|p1a: Necrozma|41/100
|
|upkeep
|turn|25
|
|t:|1665969453
|move|p1a: Necrozma|Moonlight|p1a: Necrozma
|-heal|p1a: Necrozma|91/100
|move|p2a: Fuck you <3|Photon Geyser|p1a: Necrozma
|-resisted|p1a: Necrozma
|-damage|p1a: Necrozma|71/100
|
|upkeep
|turn|26
|
|t:|1665969456
|move|p1a: Necrozma|Dragon Dance|p1a: Necrozma
|-boost|p1a: Necrozma|atk|1
|-boost|p1a: Necrozma|spe|1
|move|p2a: Fuck you <3|Photon Geyser|p1a: Necrozma
|-resisted|p1a: Necrozma
|-damage|p1a: Necrozma|50/100
|
|upkeep
|turn|27
|
|t:|1665969459
|move|p1a: Necrozma|Dragon Dance|p1a: Necrozma
|-boost|p1a: Necrozma|atk|1
|-boost|p1a: Necrozma|spe|1
|-activate|p2a: Fuck you <3|move: Struggle
|move|p2a: Fuck you <3|Struggle|p1a: Necrozma
|-damage|p1a: Necrozma|38/100
|-damage|p2a: Fuck you <3|0 fnt|[from] recoil
|faint|p2a: Fuck you <3
|
|upkeep
|
|t:|1665969460
|switch|p2a: YeeHaw~|Calyrex-Shadow|100/100
|-ability|p2a: YeeHaw~|As One
|-ability|p2a: YeeHaw~|Unnerve
|turn|28
|
|t:|1665969462
|move|p1a: Necrozma|Rock Blast|p2a: YeeHaw~
|-damage|p2a: YeeHaw~|68/100
|-damage|p2a: YeeHaw~|37/100
|-hitcount|p2a: YeeHaw~|2
|move|p2a: YeeHaw~|Astral Barrage|p1a: Necrozma
|-supereffective|p1a: Necrozma
|-damage|p1a: Necrozma|0 fnt
|faint|p1a: Necrozma
|
|win|MRH1106
|raw|Mawm's rating: 1824 &rarr; <strong>1807</strong><br />(-17 for losing)
|raw|MRH1106's rating: 1876 &rarr; <strong>1893</strong><br />(+17 for winning)
|l|‽Mawm
||Ladder isn't responding, score probably updated but might not have (Request timeout).
