|j|☆Kaz09
|j|☆Orange Overhaul
|t:|1612099194
|player|p1|Kaz09|ingo|1075
|player|p2|Orange Overhaul|wallace|1141
|teamsize|p1|6
|teamsize|p2|6
|gametype|singles
|gen|8
|tier|[Gen 8] National Dex AG
|rated|
|clearpoke
|poke|p1|Ferrothorn, M|
|poke|p1|Necrozma-Dusk-Mane|
|poke|p1|Zacian-Crowned|
|poke|p1|Arceus-*|
|poke|p1|Arceus-*|
|poke|p1|Rayquaza|
|poke|p2|Regieleki|
|poke|p2|Regieleki|
|poke|p2|Regieleki|
|poke|p2|Regieleki|
|poke|p2|Regieleki|
|poke|p2|Regieleki|
|rule|HP Percentage Mod: HP is shown in percentages
|rule|Endless Battle Clause: Forcing endless battles is banned
|teampreview
|inactive|Battle timer is ON: inactive players will automatically lose when time's up. (requested by Orange Overhaul)
|
|t:|1612099220
|start
|switch|p1a: Rayquaza|Rayquaza|100/100
|switch|p2a: Regieleki|Regieleki|100/100
|-ability|p1a: Rayquaza|Air Lock
|turn|1
|
|t:|1612099230
|move|p2a: Regieleki|Explosion|p1a: Rayquaza
|-damage|p1a: Rayquaza|0 fnt
|faint|p2a: Regieleki
|faint|p1a: Rayquaza
|
|upkeep
|
|t:|1612099241
|switch|p2a: Regieleki|Regieleki|100/100
|switch|p1a: Necrozma|Necrozma-Dusk-Mane|100/100
|turn|2
|
|t:|1612099249
|move|p2a: Regieleki|Reflect|p2a: Regieleki
|-sidestart|p2: Orange Overhaul|Reflect
|move|p1a: Necrozma|Moonlight||[still]
|-fail|p1a: Necrozma
|
|upkeep
|turn|3
|
|t:|1612099261
|switch|p2a: Regieleki|Regieleki|100/100
|move|p1a: Necrozma|Knock Off|p2a: Regieleki
|-damage|p2a: Regieleki|66/100
|-enditem|p2a: Regieleki|Life Orb|[from] move: Knock Off|[of] p1a: Necrozma
|
|upkeep
|turn|4
|
|t:|1612099288
|move|p2a: Regieleki|Volt Switch|p1a: Necrozma
|-damage|p1a: Necrozma|59/100
|
|t:|1612099296
|switch|p2a: Regieleki|Regieleki, shiny|100/100|[from]move: Volt Switch
|move|p1a: Necrozma|Stealth Rock|p2a: Regieleki
|-sidestart|p2: Orange Overhaul|move: Stealth Rock
|
|upkeep
|turn|5
|
|t:|1612099307
|move|p2a: Regieleki|Thunderbolt|p1a: Necrozma
|-damage|p1a: Necrozma|0 fnt
|faint|p1a: Necrozma
|
|upkeep
|
|t:|1612099315
|switch|p1a: Zacian|Zacian-Crowned|100/100
|-ability|p1a: Zacian|Intrepid Sword|boost
|-boost|p1a: Zacian|atk|1
|turn|6
|
|t:|1612099323
|move|p2a: Regieleki|Thunderbolt|p1a: Zacian
|-damage|p1a: Zacian|12/100
|move|p1a: Zacian|Close Combat|p2a: Regieleki
|-crit|p2a: Regieleki
|-damage|p2a: Regieleki|0 fnt
|-unboost|p1a: Zacian|def|1
|-unboost|p1a: Zacian|spd|1
|faint|p2a: Regieleki
|
|-sideend|p2: Orange Overhaul|Reflect
|upkeep
|
|t:|1612099342
|switch|p2a: Regieleki|Regieleki|66/100
|-damage|p2a: Regieleki|53/100|[from] Stealth Rock
|turn|7
|
|t:|1612099347
|move|p2a: Regieleki|Volt Switch|p1a: Zacian
|-damage|p1a: Zacian|0 fnt
|faint|p1a: Zacian
|
|t:|1612099355
|switch|p2a: Regieleki|Regieleki|100/100|[from]move: Volt Switch
|-damage|p2a: Regieleki|88/100|[from] Stealth Rock
|
|upkeep
|
|t:|1612099362
|switch|p1a: Ferrothorn|Ferrothorn, M|100/100
|turn|8
|
|t:|1612099383
|move|p1a: Ferrothorn|Protect|p1a: Ferrothorn
|-singleturn|p1a: Ferrothorn|Protect
|move|p2a: Regieleki|Explosion|p1a: Ferrothorn
|-activate|p1a: Ferrothorn|move: Protect
|faint|p2a: Regieleki
|
|upkeep
|inactive|Orange Overhaul has 120 seconds left.
|
|t:|1612099403
|switch|p2a: Regieleki|Regieleki|53/100
|-damage|p2a: Regieleki|41/100|[from] Stealth Rock
|turn|9
|inactive|Orange Overhaul has 120 seconds left.
|
|t:|1612099410
|-start|p2a: Regieleki|Dynamax
|-heal|p2a: Regieleki|41/100|[silent]
|move|p1a: Ferrothorn|Protect||[still]
|-fail|p1a: Ferrothorn
|move|p2a: Regieleki|Max Lightning|p1a: Ferrothorn
|-resisted|p1a: Ferrothorn
|-damage|p1a: Ferrothorn|72/100
|-fieldstart|move: Electric Terrain
|
|-heal|p1a: Ferrothorn|78/100|[from] item: Leftovers
|upkeep
|turn|10
|inactive|Orange Overhaul has 120 seconds left.
|
|t:|1612099423
|move|p2a: Regieleki|Max Lightning|p1a: Ferrothorn
|-resisted|p1a: Ferrothorn
|-damage|p1a: Ferrothorn|42/100
|move|p1a: Ferrothorn|Spikes|p2a: Regieleki
|-sidestart|p2: Orange Overhaul|Spikes
|
|-heal|p1a: Ferrothorn|49/100|[from] item: Leftovers
|upkeep
|turn|11
|
|t:|1612099432
|move|p1a: Ferrothorn|Protect|p1a: Ferrothorn
|-singleturn|p1a: Ferrothorn|Protect
|move|p2a: Regieleki|Max Lightning|p1a: Ferrothorn
|-resisted|p1a: Ferrothorn
|-zbroken|p1a: Ferrothorn
|-damage|p1a: Ferrothorn|38/100
|
|-heal|p1a: Ferrothorn|45/100|[from] item: Leftovers
|-end|p2a: Regieleki|Dynamax
|-heal|p2a: Regieleki|41/100|[silent]
|upkeep
|turn|12
|
|t:|1612099444
|move|p1a: Ferrothorn|Protect||[still]
|-fail|p1a: Ferrothorn
|move|p2a: Regieleki|Thunderbolt|p1a: Ferrothorn
|-resisted|p1a: Ferrothorn
|-damage|p1a: Ferrothorn|18/100
|
|-heal|p1a: Ferrothorn|25/100|[from] item: Leftovers
|upkeep
|turn|13
|
|t:|1612099456
|move|p1a: Ferrothorn|Protect|p1a: Ferrothorn
|-singleturn|p1a: Ferrothorn|Protect
|move|p2a: Regieleki|Thunderbolt|p1a: Ferrothorn
|-activate|p1a: Ferrothorn|move: Protect
|
|-heal|p1a: Ferrothorn|31/100|[from] item: Leftovers
|-fieldend|move: Electric Terrain
|upkeep
|turn|14
|
|t:|1612099465
|move|p1a: Ferrothorn|Protect||[still]
|-fail|p1a: Ferrothorn
|move|p2a: Regieleki|Thunderbolt|p1a: Ferrothorn
|-resisted|p1a: Ferrothorn
|-damage|p1a: Ferrothorn|12/100
|
|-heal|p1a: Ferrothorn|18/100|[from] item: Leftovers
|upkeep
|turn|15
|
|t:|1612099474
|move|p1a: Ferrothorn|Protect|p1a: Ferrothorn
|-singleturn|p1a: Ferrothorn|Protect
|move|p2a: Regieleki|Thunderbolt|p1a: Ferrothorn
|-activate|p1a: Ferrothorn|move: Protect
|
|-heal|p1a: Ferrothorn|24/100|[from] item: Leftovers
|upkeep
|turn|16
|
|t:|1612099487
|move|p2a: Regieleki|Thunderbolt|p1a: Ferrothorn
|-resisted|p1a: Ferrothorn
|-damage|p1a: Ferrothorn|4/100
|move|p1a: Ferrothorn|Leech Seed|p2a: Regieleki
|-start|p2a: Regieleki|move: Leech Seed
|
|-heal|p1a: Ferrothorn|10/100|[from] item: Leftovers
|-damage|p2a: Regieleki|29/100|[from] Leech Seed|[of] p1a: Ferrothorn
|-heal|p1a: Ferrothorn|21/100|[silent]
|upkeep
|turn|17
|
|t:|1612099497
|move|p1a: Ferrothorn|Protect|p1a: Ferrothorn
|-singleturn|p1a: Ferrothorn|Protect
|move|p2a: Regieleki|Thunderbolt|p1a: Ferrothorn
|-activate|p1a: Ferrothorn|move: Protect
|
|-heal|p1a: Ferrothorn|27/100|[from] item: Leftovers
|-damage|p2a: Regieleki|16/100|[from] Leech Seed|[of] p1a: Ferrothorn
|-heal|p1a: Ferrothorn|37/100|[silent]
|upkeep
|turn|18
|
|t:|1612099512
|move|p2a: Regieleki|Thunderbolt|p1a: Ferrothorn
|-resisted|p1a: Ferrothorn
|-damage|p1a: Ferrothorn|16/100
|move|p1a: Ferrothorn|Power Whip|p2a: Regieleki
|-damage|p2a: Regieleki|0 fnt
|faint|p2a: Regieleki
|
|-heal|p1a: Ferrothorn|22/100|[from] item: Leftovers
|upkeep
|
|t:|1612099531
|switch|p2a: Regieleki|Regieleki|100/100
|-damage|p2a: Regieleki|88/100|[from] Stealth Rock
|-damage|p2a: Regieleki|76/100|[from] Spikes
|turn|19
|
|t:|1612099537
|move|p1a: Ferrothorn|Protect|p1a: Ferrothorn
|-singleturn|p1a: Ferrothorn|Protect
|move|p2a: Regieleki|Rapid Spin|p1a: Ferrothorn
|-activate|p1a: Ferrothorn|move: Protect
|
|-heal|p1a: Ferrothorn|29/100|[from] item: Leftovers
|upkeep
|turn|20
|
|t:|1612099545
|move|p2a: Regieleki|Rapid Spin|p1a: Ferrothorn
|-resisted|p1a: Ferrothorn
|-damage|p1a: Ferrothorn|21/100
|-boost|p2a: Regieleki|spe|1
|-damage|p2a: Regieleki|64/100|[from] ability: Iron Barbs|[of] p1a: Ferrothorn
|-sideend|p2: Orange Overhaul|Spikes|[from] move: Rapid Spin|[of] p2a: Regieleki
|-sideend|p2: Orange Overhaul|Stealth Rock|[from] move: Rapid Spin|[of] p2a: Regieleki
|-damage|p2a: Regieleki|54/100|[from] item: Life Orb
|move|p1a: Ferrothorn|Leech Seed|p2a: Regieleki
|-start|p2a: Regieleki|move: Leech Seed
|
|-heal|p1a: Ferrothorn|27/100|[from] item: Leftovers
|-damage|p2a: Regieleki|41/100|[from] Leech Seed|[of] p1a: Ferrothorn
|-heal|p1a: Ferrothorn|38/100|[silent]
|upkeep
|turn|21
|
|t:|1612099559
|move|p1a: Ferrothorn|Protect|p1a: Ferrothorn
|-singleturn|p1a: Ferrothorn|Protect
|move|p2a: Regieleki|Rapid Spin|p1a: Ferrothorn
|-activate|p1a: Ferrothorn|move: Protect
|
|-heal|p1a: Ferrothorn|44/100|[from] item: Leftovers
|-damage|p2a: Regieleki|29/100|[from] Leech Seed|[of] p1a: Ferrothorn
|-heal|p1a: Ferrothorn|54/100|[silent]
|upkeep
|turn|22
|
|t:|1612099568
|move|p2a: Regieleki|Explosion|p1a: Ferrothorn
|-resisted|p1a: Ferrothorn
|-damage|p1a: Ferrothorn|16/100
|faint|p2a: Regieleki
|move|p1a: Ferrothorn|Spikes|p2: Regieleki
|-sidestart|p2: Orange Overhaul|Spikes
|
|-heal|p1a: Ferrothorn|22/100|[from] item: Leftovers
|upkeep
|
|t:|1612099576
|switch|p2a: Regieleki|Regieleki|100/100
|-damage|p2a: Regieleki|88/100|[from] Spikes
|turn|23
|
|t:|1612099581
|move|p2a: Regieleki|Explosion|p1a: Ferrothorn
|-resisted|p1a: Ferrothorn
|-damage|p1a: Ferrothorn|0 fnt
|faint|p2a: Regieleki
|faint|p1a: Ferrothorn
|
|win|Kaz09
|raw|Kaz09's rating: 1075 &rarr; <strong>1109</strong><br />(+34 for winning)
|raw|Orange Overhaul's rating: 1141 &rarr; <strong>1111</strong><br />(-30 for losing)
