|j|☆Woopre
|j|☆Log4j
|t:|1636943024
|gametype|singles
|player|p1|Woopre|harlequin|1636
|player|p2|Log4j|101|1902
|teamsize|p1|6
|teamsize|p2|6
|gen|8
|tier|[Gen 8] National Dex AG
|rated|
|rule|HP Percentage Mod: HP is shown in percentages
|rule|Endless Battle Clause: Forcing endless battles is banned
|clearpoke
|poke|p1|Calyrex-Shadow|
|poke|p1|Slurpuff, L96, M|
|poke|p1|Zacian-*|
|poke|p1|Rayquaza|
|poke|p1|Necrozma-Dusk-Mane|
|poke|p1|Arceus-*|
|poke|p2|Rayquaza|
|poke|p2|Zacian-*|
|poke|p2|Yveltal|
|poke|p2|Groudon|
|poke|p2|Ho-Oh|
|poke|p2|Ditto|
|teampreview
|c|☆Woopre|bro 1900
|c|☆Woopre|ouch
|
|t:|1636943038
|start
|switch|p1a: Concrete|Slurpuff, L96, M|100/100
|switch|p2a: Rayquaza|Rayquaza|100/100
|-ability|p2a: Rayquaza|Air Lock
|turn|1
|
|t:|1636943046
|detailschange|p2a: Rayquaza|Rayquaza-Mega
|-mega|p2a: Rayquaza|Rayquaza|
|-weather|DeltaStream|[from] ability: Delta Stream|[of] p2a: Rayquaza
|move|p2a: Rayquaza|Dragon Ascent|p1a: Concrete
|-enditem|p1a: Concrete|Focus Sash
|-damage|p1a: Concrete|1/100
|-unboost|p2a: Rayquaza|def|1
|-unboost|p2a: Rayquaza|spd|1
|move|p1a: Concrete|Sticky Web|p2a: Rayquaza
|-sidestart|p2: Log4j|move: Sticky Web
|
|-weather|DeltaStream|[upkeep]
|upkeep
|turn|2
|
|t:|1636943051
|move|p2a: Rayquaza|Extreme Speed|p1a: Concrete
|-damage|p1a: Concrete|0 fnt
|faint|p1a: Concrete
|
|-weather|DeltaStream|[upkeep]
|upkeep
|
|t:|1636943058
|switch|p1a: Cause for Concern|Zacian-Crowned, shiny|100/100
|-ability|p1a: Cause for Concern|Intrepid Sword|boost
|-boost|p1a: Cause for Concern|atk|1
|turn|3
|
|t:|1636943071
|-weather|none
|switch|p2a: Ho-Oh|Ho-Oh|100/100
|move|p1a: Cause for Concern|Play Rough|p2a: Ho-Oh
|-resisted|p2a: Ho-Oh
|-damage|p2a: Ho-Oh|70/100
|
|upkeep
|turn|4
|
|t:|1636943083
|switch|p1a: Taunt|Rayquaza|100/100
|-ability|p1a: Taunt|Air Lock
|switch|p2a: Groudon|Groudon|100/100
|-activate|p2a: Groudon|move: Sticky Web
|-unboost|p2a: Groudon|spe|1
|detailschange|p2a: Groudon|Groudon-Primal
|-primal|p2a: Groudon
|-weather|DesolateLand|[from] ability: Desolate Land|[of] p2a: Groudon
|
|-weather|DesolateLand|[upkeep]
|upkeep
|turn|5
|
|t:|1636943091
|detailschange|p1a: Taunt|Rayquaza-Mega
|-mega|p1a: Taunt|Rayquaza|
|-weather|DeltaStream|[from] ability: Delta Stream|[of] p1a: Taunt
|move|p1a: Taunt|Dragon Dance|p1a: Taunt
|-boost|p1a: Taunt|atk|1
|-boost|p1a: Taunt|spe|1
|move|p2a: Groudon|Toxic|p1a: Taunt
|-status|p1a: Taunt|tox
|-enditem|p1a: Taunt|Lum Berry|[eat]
|-curestatus|p1a: Taunt|tox|[msg]
|
|-weather|DeltaStream|[upkeep]
|upkeep
|turn|6
|
|t:|1636943101
|move|p1a: Taunt|Earthquake|p2a: Groudon
|-supereffective|p2a: Groudon
|-damage|p2a: Groudon|35/100
|move|p2a: Groudon|Overheat|p1a: Taunt
|-resisted|p1a: Taunt
|-damage|p1a: Taunt|71/100
|-unboost|p2a: Groudon|spa|2
|
|-weather|DeltaStream|[upkeep]
|upkeep
|turn|7
|
|t:|1636943111
|move|p1a: Taunt|Earthquake|p2a: Groudon
|-supereffective|p2a: Groudon
|-damage|p2a: Groudon|0 fnt
|faint|p2a: Groudon
|
|-weather|DeltaStream|[upkeep]
|upkeep
|
|t:|1636943113
|switch|p2a: Ditto|Ditto|100/100
|-activate|p2a: Ditto|move: Sticky Web
|-unboost|p2a: Ditto|spe|1
|-transform|p2a: Ditto|p1a: Taunt|[from] ability: Imposter
|turn|8
|
|t:|1636943120
|move|p2a: Ditto|Dragon Ascent|p1a: Taunt
|-damage|p1a: Taunt|0 fnt
|-unboost|p2a: Ditto|def|1
|-unboost|p2a: Ditto|spd|1
|faint|p1a: Taunt
|
|-weather|DeltaStream|[upkeep]
|upkeep
|
|t:|1636943124
|switch|p1a: Cause for Concern|Zacian-Crowned, shiny|100/100
|-ability|p1a: Cause for Concern|Intrepid Sword|boost
|-boost|p1a: Cause for Concern|atk|1
|turn|9
|
|t:|1636943132
|-weather|none
|switch|p2a: Ho-Oh|Ho-Oh|100/100
|switch|p1a: Perfume|Arceus|100/100
|
|upkeep
|turn|10
|
|t:|1636943139
|move|p1a: Perfume|Swords Dance|p1a: Perfume
|-boost|p1a: Perfume|atk|2
|move|p2a: Ho-Oh|Whirlwind|p1a: Perfume
|drag|p1a: Cause for Concern|Zacian-Crowned, shiny|100/100
|-ability|p1a: Cause for Concern|Intrepid Sword|boost
|-boost|p1a: Cause for Concern|atk|1
|
|upkeep
|turn|11
|
|t:|1636943144
|switch|p1a: Perfume|Arceus|100/100
|move|p2a: Ho-Oh|Defog|p1a: Perfume
|-unboost|p1a: Perfume|evasion|1
|-sideend|p2: Log4j|Sticky Web|[from] move: Defog|[of] p2a: Ho-Oh
|
|upkeep
|turn|12
|
|t:|1636943148
|move|p1a: Perfume|Stone Edge|p2a: Ho-Oh
|-supereffective|p2a: Ho-Oh
|-damage|p2a: Ho-Oh|3/100
|move|p2a: Ho-Oh|Sacred Fire|p1a: Perfume
|-damage|p1a: Perfume|66/100
|
|upkeep
|turn|13
|
|t:|1636943154
|switch|p2a: Zacian|Zacian-Crowned|100/100
|-ability|p2a: Zacian|Intrepid Sword|boost
|-boost|p2a: Zacian|atk|1
|move|p1a: Perfume|Swords Dance|p1a: Perfume
|-boost|p1a: Perfume|atk|2
|
|upkeep
|turn|14
|
|t:|1636943158
|-start|p1a: Perfume|Dynamax
|-heal|p1a: Perfume|66/100|[silent]
|move|p2a: Zacian|Close Combat|p1a: Perfume
|-supereffective|p1a: Perfume
|-enditem|p1a: Perfume|Chople Berry|[eat]
|-enditem|p1a: Perfume|Chople Berry|[weaken]
|-damage|p1a: Perfume|37/100
|-unboost|p2a: Zacian|def|1
|-unboost|p2a: Zacian|spd|1
|move|p1a: Perfume|Max Quake|p2a: Zacian
|-supereffective|p2a: Zacian
|-damage|p2a: Zacian|0 fnt
|-boost|p1a: Perfume|spd|1
|faint|p2a: Zacian
|
|upkeep
|
|t:|1636943194
|switch|p2a: Rayquaza|Rayquaza-Mega|100/100
|-weather|DeltaStream|[from] ability: Delta Stream|[of] p2a: Rayquaza
|turn|15
|
|t:|1636943201
|move|p1a: Perfume|Max Strike|p2a: Rayquaza
|-enditem|p2a: Rayquaza|Focus Sash
|-damage|p2a: Rayquaza|1/100
|-unboost|p2a: Rayquaza|spe|1
|move|p2a: Rayquaza|Dragon Dance|p2a: Rayquaza
|-boost|p2a: Rayquaza|atk|1
|-boost|p2a: Rayquaza|spe|1
|
|-weather|DeltaStream|[upkeep]
|upkeep
|turn|16
|
|t:|1636943207
|move|p2a: Rayquaza|Extreme Speed|p1a: Perfume
|-damage|p1a: Perfume|16/100
|move|p1a: Perfume|Max Strike|p2a: Rayquaza
|-damage|p2a: Rayquaza|0 fnt
|faint|p2a: Rayquaza
|-weather|none
|
|-end|p1a: Perfume|Dynamax
|-heal|p1a: Perfume|16/100|[silent]
|upkeep
|
|t:|1636943210
|switch|p2a: Ditto|Ditto|100/100
|-transform|p2a: Ditto|p1a: Perfume|[from] ability: Imposter
|turn|17
|
|t:|1636943213
|move|p2a: Ditto|Extreme Speed|p1a: Perfume
|-damage|p1a: Perfume|0 fnt
|faint|p1a: Perfume
|
|upkeep
|
|t:|1636943216
|switch|p1a: Model Buses|Necrozma-Dusk-Mane|100/100
|turn|18
|
|t:|1636943218
|switch|p2a: Ho-Oh|Ho-Oh|36/100
|move|p1a: Model Buses|Thunder Wave|p2a: Ho-Oh
|-status|p2a: Ho-Oh|par
|
|upkeep
|turn|19
|
|t:|1636943223
|move|p1a: Model Buses|Knock Off|p2a: Ho-Oh
|-damage|p2a: Ho-Oh|16/100 par
|-enditem|p2a: Ho-Oh|Heavy-Duty Boots|[from] move: Knock Off|[of] p1a: Model Buses
|cant|p2a: Ho-Oh|par
|
|upkeep
|turn|20
|c|☆Woopre|rip
|
|t:|1636943229
|move|p1a: Model Buses|Sunsteel Strike|p2a: Ho-Oh
|-resisted|p2a: Ho-Oh
|-damage|p2a: Ho-Oh|0 fnt
|faint|p2a: Ho-Oh
|
|upkeep
|
|t:|1636943233
|switch|p2a: Yveltal|Yveltal|100/100
|-ability|p2a: Yveltal|Dark Aura
|turn|21
|
|t:|1636943239
|-start|p2a: Yveltal|Dynamax
|-heal|p2a: Yveltal|100/100|[silent]
|move|p2a: Yveltal|Max Airstream|p1a: Model Buses
|-resisted|p1a: Model Buses
|-damage|p1a: Model Buses|73/100
|-boost|p2a: Yveltal|spe|1
|-damage|p2a: Yveltal|96/100|[from] item: Life Orb
|move|p1a: Model Buses|Thunder Wave|p2a: Yveltal
|-status|p2a: Yveltal|par
|
|-heal|p1a: Model Buses|79/100|[from] item: Leftovers
|upkeep
|turn|22
|
|t:|1636943246
|switch|p1a: Cause for Concern|Zacian-Crowned, shiny|100/100
|-ability|p1a: Cause for Concern|Intrepid Sword|boost
|-boost|p1a: Cause for Concern|atk|1
|move|p2a: Yveltal|Max Darkness|p1a: Cause for Concern
|-resisted|p1a: Cause for Concern
|-damage|p1a: Cause for Concern|43/100
|-unboost|p1a: Cause for Concern|spd|1
|-damage|p2a: Yveltal|91/100 par|[from] item: Life Orb
|
|upkeep
|turn|23
|
|t:|1636943251
|move|p1a: Cause for Concern|Play Rough|p2a: Yveltal
|-supereffective|p2a: Yveltal
|-damage|p2a: Yveltal|0 fnt
|faint|p2a: Yveltal
|
|upkeep
|
|t:|1636943255
|switch|p2a: Ditto|Ditto|100/100
|-transform|p2a: Ditto|p1a: Cause for Concern|[from] ability: Imposter
|-ability|p2a: Ditto|Intrepid Sword|boost
|-boost|p2a: Ditto|atk|1
|turn|24
|
|t:|1636943257
|move|p2a: Ditto|Behemoth Blade|p1a: Cause for Concern
|-damage|p1a: Cause for Concern|0 fnt
|faint|p1a: Cause for Concern
|
|upkeep
|
|t:|1636943260
|switch|p1a: Model Buses|Necrozma-Dusk-Mane|79/100
|turn|25
|
|t:|1636943264
|move|p2a: Ditto|Behemoth Blade|p1a: Model Buses
|-resisted|p1a: Model Buses
|-damage|p1a: Model Buses|36/100
|move|p1a: Model Buses|Thunder Wave|p2a: Ditto
|-status|p2a: Ditto|par
|
|-heal|p1a: Model Buses|42/100|[from] item: Leftovers
|upkeep
|turn|26
|c|☆Woopre|dont miss
|
|t:|1636943269
|cant|p2a: Ditto|par
|move|p1a: Model Buses|Morning Sun|p1a: Model Buses
|-heal|p1a: Model Buses|92/100
|
|-heal|p1a: Model Buses|98/100|[from] item: Leftovers
|upkeep
|turn|27
|-message|Log4j forfeited.
|
|win|Woopre
|raw|Woopre's rating: 1636 &rarr; <strong>1669</strong><br />(+33 for winning)
|raw|Log4j's rating: 1902 &rarr; <strong>1869</strong><br />(-33 for losing)
|l|☆Log4j
|j| victorioso43
||Ladder isn't responding, score probably updated but might not have (Request timeout).
