|j|☆Blackstar152001
|j|☆PM77Switch
|t:|1665255654
|gametype|singles
|player|p1|Blackstar152001|blue-gen3two|1812
|player|p2|PM77Switch|may-masters3|1714
|teamsize|p1|6
|teamsize|p2|6
|gen|8
|tier|[Gen 8] National Dex AG
|rated|
|rule|HP Percentage Mod: HP is shown in percentages
|rule|Endless Battle Clause: Forcing endless battles is banned
|clearpoke
|poke|p1|Arceus-*|
|poke|p1|Ditto|
|poke|p1|Necrozma-Dusk-Mane|
|poke|p1|Kartana|
|poke|p1|Zygarde|
|poke|p1|Arceus-*|
|poke|p2|Groudon|
|poke|p2|Arceus-*|
|poke|p2|Yveltal|
|poke|p2|Necrozma-Dusk-Mane|
|poke|p2|Rayquaza|
|poke|p2|Zacian-*|
|teampreview
|inactive|Battle timer is ON: inactive players will automatically lose when time's up. (requested by Blackstar152001)
|
|t:|1665255663
|start
|switch|p1a: Arceus|Arceus-Fairy|100/100
|switch|p2a: Necrozma|Necrozma-Dusk-Mane|100/100
|turn|1
|
|t:|1665255668
|move|p1a: Arceus|Stealth Rock|p2a: Necrozma
|-sidestart|p2: PM77Switch|move: Stealth Rock
|move|p2a: Necrozma|Thunder Wave|p1a: Arceus
|-status|p1a: Arceus|par
|
|upkeep
|turn|2
|
|t:|1665255672
|switch|p1a: Zygarde|Zygarde, shiny|100/100
|move|p2a: Necrozma|Stealth Rock|p1a: Zygarde
|-sidestart|p1: Blackstar152001|move: Stealth Rock
|
|upkeep
|turn|3
|
|t:|1665255678
|move|p1a: Zygarde|Glare|p2a: Necrozma
|-status|p2a: Necrozma|par
|move|p2a: Necrozma|Sunsteel Strike|p1a: Zygarde
|-damage|p1a: Zygarde|72/100
|
|-heal|p1a: Zygarde|79/100|[from] item: Leftovers
|upkeep
|turn|4
|
|t:|1665255681
|switch|p2a: Arceus|Arceus-Ground|100/100
|-damage|p2a: Arceus|94/100|[from] Stealth Rock
|move|p1a: Zygarde|Glare|p2a: Arceus
|-status|p2a: Arceus|par
|
|-heal|p1a: Zygarde|85/100|[from] item: Leftovers
|upkeep
|turn|5
|
|t:|1665255686
|switch|p1a: Arceus|Arceus-Fairy|100/100 par
|-damage|p1a: Arceus|88/100 par|[from] Stealth Rock
|move|p2a: Arceus|Ice Beam|p1a: Arceus
|-damage|p1a: Arceus|74/100 par
|
|upkeep
|turn|6
|
|t:|1665255692
|move|p2a: Arceus|Judgment|p1a: Arceus
|-damage|p1a: Arceus|45/100 par
|move|p1a: Arceus|Recover|p1a: Arceus
|-heal|p1a: Arceus|95/100 par
|
|upkeep
|turn|7
|
|t:|1665255700
|switch|p2a: Necrozma|Necrozma-Dusk-Mane|100/100 par
|-damage|p2a: Necrozma|94/100 par|[from] Stealth Rock
|move|p1a: Arceus|Judgment|p2a: Necrozma
|-resisted|p2a: Necrozma
|-damage|p2a: Necrozma|80/100 par
|
|-heal|p2a: Necrozma|86/100 par|[from] item: Leftovers
|upkeep
|turn|8
|
|t:|1665255703
|switch|p1a: Zygarde|Zygarde, shiny|85/100
|-damage|p1a: Zygarde|79/100|[from] Stealth Rock
|move|p2a: Necrozma|Sunsteel Strike|p1a: Zygarde
|-damage|p1a: Zygarde|53/100
|
|-heal|p1a: Zygarde|59/100|[from] item: Leftovers
|-heal|p2a: Necrozma|92/100 par|[from] item: Leftovers
|upkeep
|turn|9
|
|t:|1665255712
|move|p1a: Zygarde|Thousand Arrows|p2a: Necrozma
|-supereffective|p2a: Necrozma
|-damage|p2a: Necrozma|57/100 par
|cant|p2a: Necrozma|par
|
|-heal|p1a: Zygarde|65/100|[from] item: Leftovers
|-heal|p2a: Necrozma|63/100 par|[from] item: Leftovers
|upkeep
|turn|10
|
|t:|1665255718
|move|p1a: Zygarde|Thousand Arrows|p2a: Necrozma
|-supereffective|p2a: Necrozma
|-damage|p2a: Necrozma|29/100 par
|move|p2a: Necrozma|Moonlight|p2a: Necrozma
|-heal|p2a: Necrozma|79/100 par
|
|-heal|p1a: Zygarde|71/100|[from] item: Leftovers
|-heal|p2a: Necrozma|85/100 par|[from] item: Leftovers
|upkeep
|turn|11
|
|t:|1665255725
|move|p1a: Zygarde|Thousand Arrows|p2a: Necrozma
|-supereffective|p2a: Necrozma
|-damage|p2a: Necrozma|52/100 par
|move|p2a: Necrozma|Sunsteel Strike|p1a: Zygarde
|-damage|p1a: Zygarde|43/100
|
|-heal|p1a: Zygarde|49/100|[from] item: Leftovers
|-heal|p2a: Necrozma|58/100 par|[from] item: Leftovers
|-activate|p1a: Zygarde|ability: Power Construct
|detailschange|p1a: Zygarde|Zygarde-Complete, shiny
|-heal|p1a: Zygarde|67/100|[silent]
|upkeep
|turn|12
|
|t:|1665255730
|move|p1a: Zygarde|Thousand Arrows|p2a: Necrozma
|-supereffective|p2a: Necrozma
|-crit|p2a: Necrozma
|-damage|p2a: Necrozma|5/100 par
|move|p2a: Necrozma|Moonlight|p2a: Necrozma
|-heal|p2a: Necrozma|55/100 par
|
|-heal|p1a: Zygarde|73/100|[from] item: Leftovers
|-heal|p2a: Necrozma|61/100 par|[from] item: Leftovers
|upkeep
|turn|13
|
|t:|1665255736
|move|p1a: Zygarde|Thousand Arrows|p2a: Necrozma
|-supereffective|p2a: Necrozma
|-damage|p2a: Necrozma|32/100 par
|move|p2a: Necrozma|Moonlight|p2a: Necrozma
|-heal|p2a: Necrozma|82/100 par
|
|-heal|p1a: Zygarde|79/100|[from] item: Leftovers
|-heal|p2a: Necrozma|88/100 par|[from] item: Leftovers
|upkeep
|turn|14
|
|t:|1665255746
|move|p1a: Zygarde|Thousand Arrows|p2a: Necrozma
|-supereffective|p2a: Necrozma
|-damage|p2a: Necrozma|54/100 par
|move|p2a: Necrozma|Sunsteel Strike|p1a: Zygarde
|-damage|p1a: Zygarde|63/100
|
|-heal|p1a: Zygarde|69/100|[from] item: Leftovers
|-heal|p2a: Necrozma|60/100 par|[from] item: Leftovers
|upkeep
|turn|15
|
|t:|1665255752
|move|p1a: Zygarde|Thousand Arrows|p2a: Necrozma
|-supereffective|p2a: Necrozma
|-damage|p2a: Necrozma|26/100 par
|move|p2a: Necrozma|Moonlight|p2a: Necrozma
|-heal|p2a: Necrozma|76/100 par
|
|-heal|p1a: Zygarde|75/100|[from] item: Leftovers
|-heal|p2a: Necrozma|82/100 par|[from] item: Leftovers
|upkeep
|turn|16
|
|t:|1665255760
|move|p1a: Zygarde|Thousand Arrows|p2a: Necrozma
|-supereffective|p2a: Necrozma
|-damage|p2a: Necrozma|52/100 par
|move|p2a: Necrozma|Sunsteel Strike|p1a: Zygarde
|-damage|p1a: Zygarde|58/100
|
|-heal|p1a: Zygarde|64/100|[from] item: Leftovers
|-heal|p2a: Necrozma|58/100 par|[from] item: Leftovers
|upkeep
|turn|17
|j| CanUrepeat
|
|t:|1665255767
|move|p1a: Zygarde|Thousand Arrows|p2a: Necrozma
|-supereffective|p2a: Necrozma
|-damage|p2a: Necrozma|24/100 par
|move|p2a: Necrozma|Moonlight|p2a: Necrozma
|-heal|p2a: Necrozma|74/100 par
|
|-heal|p1a: Zygarde|70/100|[from] item: Leftovers
|-heal|p2a: Necrozma|80/100 par|[from] item: Leftovers
|upkeep
|turn|18
|
|t:|1665255774
|move|p1a: Zygarde|Thousand Arrows|p2a: Necrozma
|-supereffective|p2a: Necrozma
|-damage|p2a: Necrozma|47/100 par
|move|p2a: Necrozma|Moonlight|p2a: Necrozma
|-heal|p2a: Necrozma|97/100 par
|
|-heal|p1a: Zygarde|76/100|[from] item: Leftovers
|-heal|p2a: Necrozma|100/100 par|[from] item: Leftovers
|upkeep
|turn|19
|
|t:|1665255778
|move|p1a: Zygarde|Thousand Arrows|p2a: Necrozma
|-supereffective|p2a: Necrozma
|-damage|p2a: Necrozma|66/100 par
|move|p2a: Necrozma|Sunsteel Strike|p1a: Zygarde
|-damage|p1a: Zygarde|58/100
|
|-heal|p1a: Zygarde|64/100|[from] item: Leftovers
|-heal|p2a: Necrozma|72/100 par|[from] item: Leftovers
|upkeep
|turn|20
|
|t:|1665255789
|move|p1a: Zygarde|Thousand Arrows|p2a: Necrozma
|-supereffective|p2a: Necrozma
|-damage|p2a: Necrozma|43/100 par
|move|p2a: Necrozma|Sunsteel Strike|p1a: Zygarde
|-damage|p1a: Zygarde|46/100
|
|-heal|p1a: Zygarde|52/100|[from] item: Leftovers
|-heal|p2a: Necrozma|49/100 par|[from] item: Leftovers
|upkeep
|turn|21
|
|t:|1665255796
|move|p1a: Zygarde|Thousand Arrows|p2a: Necrozma
|-supereffective|p2a: Necrozma
|-damage|p2a: Necrozma|16/100 par
|cant|p2a: Necrozma|par
|
|-heal|p1a: Zygarde|58/100|[from] item: Leftovers
|-heal|p2a: Necrozma|22/100 par|[from] item: Leftovers
|upkeep
|turn|22
|
|t:|1665255802
|move|p1a: Zygarde|Thousand Arrows|p2a: Necrozma
|-supereffective|p2a: Necrozma
|-damage|p2a: Necrozma|0 fnt
|faint|p2a: Necrozma
|
|-heal|p1a: Zygarde|64/100|[from] item: Leftovers
|upkeep
|
|t:|1665255811
|switch|p2a: Arceus|Arceus-Ground|94/100 par
|-damage|p2a: Arceus|88/100 par|[from] Stealth Rock
|turn|23
|
|t:|1665255814
|switch|p1a: Arceus|Arceus-Fairy|95/100 par
|-damage|p1a: Arceus|82/100 par|[from] Stealth Rock
|move|p2a: Arceus|Ice Beam|p1a: Arceus
|-damage|p1a: Arceus|68/100 par
|
|upkeep
|turn|24
|
|t:|1665255819
|move|p2a: Arceus|Judgment|p1a: Arceus
|-damage|p1a: Arceus|40/100 par
|move|p1a: Arceus|Recover|p1a: Arceus
|-heal|p1a: Arceus|90/100 par
|
|upkeep
|turn|25
|
|t:|1665255823
|move|p2a: Arceus|Judgment|p1a: Arceus
|-damage|p1a: Arceus|63/100 par
|cant|p1a: Arceus|par
|
|upkeep
|turn|26
|
|t:|1665255828
|cant|p2a: Arceus|par
|move|p1a: Arceus|Recover|p1a: Arceus
|-heal|p1a: Arceus|100/100 par
|
|upkeep
|turn|27
|
|t:|1665255831
|cant|p2a: Arceus|par
|cant|p1a: Arceus|par
|
|upkeep
|turn|28
|
|t:|1665255836
|switch|p1a: Arceus|Arceus|100/100
|-damage|p1a: Arceus|88/100|[from] Stealth Rock
|move|p2a: Arceus|Judgment|p1a: Arceus
|-damage|p1a: Arceus|52/100
|
|upkeep
|turn|29
|
|t:|1665255846
|switch|p2a: Zacian|Zacian-Crowned, shiny|100/100
|-damage|p2a: Zacian|94/100|[from] Stealth Rock
|-ability|p2a: Zacian|Intrepid Sword|boost
|-boost|p2a: Zacian|atk|1
|move|p1a: Arceus|Recover|p1a: Arceus
|-heal|p1a: Arceus|100/100
|
|upkeep
|turn|30
|
|t:|1665255851
|switch|p1a: Necrozma|Necrozma-Dusk-Mane|100/100
|-damage|p1a: Necrozma|94/100|[from] Stealth Rock
|move|p2a: Zacian|Substitute|p2a: Zacian
|-start|p2a: Zacian|Substitute
|-damage|p2a: Zacian|69/100
|
|upkeep
|turn|31
|
|t:|1665255856
|move|p2a: Zacian|Crunch|p1a: Necrozma
|-supereffective|p1a: Necrozma
|-damage|p1a: Necrozma|35/100
|move|p1a: Necrozma|Earthquake|p2a: Zacian
|-supereffective|p2a: Zacian
|-end|p2a: Zacian|Substitute
|
|upkeep
|turn|32
|
|t:|1665255861
|move|p2a: Zacian|Crunch|p1a: Necrozma
|-supereffective|p1a: Necrozma
|-damage|p1a: Necrozma|0 fnt
|faint|p1a: Necrozma
|
|upkeep
|
|t:|1665255863
|switch|p1a: Ditto|Ditto, shiny|100/100
|-damage|p1a: Ditto|88/100|[from] Stealth Rock
|-transform|p1a: Ditto|p2a: Zacian|[from] ability: Imposter
|-ability|p1a: Ditto|Intrepid Sword|boost
|-boost|p1a: Ditto|atk|1
|turn|33
|
|t:|1665255868
|switch|p2a: Arceus|Arceus-Ground|88/100 par
|-damage|p2a: Arceus|82/100 par|[from] Stealth Rock
|move|p1a: Ditto|Behemoth Blade|p2a: Arceus
|-damage|p2a: Arceus|0 fnt
|faint|p2a: Arceus
|
|upkeep
|
|t:|1665255870
|switch|p2a: Groudon|Groudon|100/100
|-damage|p2a: Groudon|94/100|[from] Stealth Rock
|detailschange|p2a: Groudon|Groudon-Primal
|-primal|p2a: Groudon
|-weather|DesolateLand|[from] ability: Desolate Land|[of] p2a: Groudon
|turn|34
|
|t:|1665255873
|switch|p1a: Zygarde|Zygarde-Complete, shiny|64/100
|-damage|p1a: Zygarde|58/100|[from] Stealth Rock
|move|p2a: Groudon|Fire Punch|p1a: Zygarde
|-resisted|p1a: Zygarde
|-damage|p1a: Zygarde|43/100
|
|-weather|DesolateLand|[upkeep]
|-heal|p1a: Zygarde|49/100|[from] item: Leftovers
|upkeep
|turn|35
|
|t:|1665255878
|move|p2a: Groudon|Precipice Blades|p1a: Zygarde|[miss]
|-miss|p2a: Groudon|p1a: Zygarde
|move|p1a: Zygarde|Glare|p2a: Groudon
|-status|p2a: Groudon|par
|
|-weather|DesolateLand|[upkeep]
|-heal|p1a: Zygarde|55/100|[from] item: Leftovers
|upkeep
|turn|36
|
|t:|1665255890
|move|p1a: Zygarde|Glare|p2a: Groudon
|-fail|p2a: Groudon|par
|move|p2a: Groudon|Rock Polish|p2a: Groudon
|-boost|p2a: Groudon|spe|2
|
|-weather|DesolateLand|[upkeep]
|-heal|p1a: Zygarde|62/100|[from] item: Leftovers
|upkeep
|turn|37
|
|t:|1665255894
|move|p2a: Groudon|Precipice Blades|p1a: Zygarde
|-damage|p1a: Zygarde|34/100
|move|p1a: Zygarde|Haze|p1a: Zygarde
|-clearallboost
|
|-weather|DesolateLand|[upkeep]
|-heal|p1a: Zygarde|40/100|[from] item: Leftovers
|upkeep
|turn|38
|
|t:|1665255900
|move|p1a: Zygarde|Glare|p2a: Groudon
|-fail|p2a: Groudon|par
|cant|p2a: Groudon|par
|
|-weather|DesolateLand|[upkeep]
|-heal|p1a: Zygarde|46/100|[from] item: Leftovers
|upkeep
|turn|39
|
|t:|1665255902
|move|p1a: Zygarde|Glare|p2a: Groudon
|-fail|p2a: Groudon|par
|move|p2a: Groudon|Precipice Blades|p1a: Zygarde
|-damage|p1a: Zygarde|18/100
|
|-weather|DesolateLand|[upkeep]
|-heal|p1a: Zygarde|24/100|[from] item: Leftovers
|upkeep
|turn|40
|
|t:|1665255907
|move|p1a: Zygarde|Rest|p1a: Zygarde
|-status|p1a: Zygarde|slp|[from] move: Rest
|-heal|p1a: Zygarde|100/100 slp|[silent]
|cant|p2a: Groudon|par
|
|-weather|DesolateLand|[upkeep]
|upkeep
|turn|41
|
|t:|1665255914
|-weather|none
|switch|p2a: Zacian|Zacian-Crowned, shiny|69/100
|-damage|p2a: Zacian|63/100|[from] Stealth Rock
|-ability|p2a: Zacian|Intrepid Sword|boost
|-boost|p2a: Zacian|atk|1
|cant|p1a: Zygarde|slp
|
|upkeep
|turn|42
|
|t:|1665255931
|move|p2a: Zacian|Substitute|p2a: Zacian
|-start|p2a: Zacian|Substitute
|-damage|p2a: Zacian|38/100
|cant|p1a: Zygarde|slp
|
|upkeep
|turn|43
|
|t:|1665255935
|move|p2a: Zacian|Behemoth Blade|p1a: Zygarde
|-damage|p1a: Zygarde|69/100 slp
|-curestatus|p1a: Zygarde|slp|[msg]
|move|p1a: Zygarde|Haze|p1a: Zygarde
|-clearallboost
|
|-heal|p1a: Zygarde|75/100|[from] item: Leftovers
|upkeep
|turn|44
|
|t:|1665255942
|move|p2a: Zacian|Crunch|p1a: Zygarde
|-damage|p1a: Zygarde|65/100
|move|p1a: Zygarde|Thousand Arrows|p2a: Zacian
|-supereffective|p2a: Zacian
|-end|p2a: Zacian|Substitute
|
|-heal|p1a: Zygarde|71/100|[from] item: Leftovers
|upkeep
|turn|45
|
|t:|1665255949
|switch|p2a: Groudon|Groudon-Primal|94/100 par
|-damage|p2a: Groudon|82/100 par|[from] Stealth Rock
|-weather|DesolateLand|[from] ability: Desolate Land|[of] p2a: Groudon
|move|p1a: Zygarde|Glare|p2a: Groudon
|-fail|p2a: Groudon|par
|
|-weather|DesolateLand|[upkeep]
|-heal|p1a: Zygarde|77/100|[from] item: Leftovers
|upkeep
|turn|46
|
|t:|1665255974
|move|p1a: Zygarde|Glare|p2a: Groudon
|-fail|p2a: Groudon|par
|move|p2a: Groudon|Precipice Blades|p1a: Zygarde
|-damage|p1a: Zygarde|47/100
|
|-weather|DesolateLand|[upkeep]
|-heal|p1a: Zygarde|53/100|[from] item: Leftovers
|upkeep
|turn|47
|
|t:|1665255981
|move|p1a: Zygarde|Rest|p1a: Zygarde
|-status|p1a: Zygarde|slp|[from] move: Rest
|-heal|p1a: Zygarde|100/100 slp|[silent]
|move|p2a: Groudon|Precipice Blades|p1a: Zygarde
|-damage|p1a: Zygarde|72/100 slp
|
|-weather|DesolateLand|[upkeep]
|-heal|p1a: Zygarde|78/100 slp|[from] item: Leftovers
|upkeep
|turn|48
|
|t:|1665255998
|-weather|none
|switch|p2a: Rayquaza|Rayquaza|100/100
|-damage|p2a: Rayquaza|76/100|[from] Stealth Rock
|-ability|p2a: Rayquaza|Air Lock
|cant|p1a: Zygarde|slp
|
|-heal|p1a: Zygarde|84/100 slp|[from] item: Leftovers
|upkeep
|turn|49
|
|t:|1665256003
|switch|p1a: Arceus|Arceus-Fairy|100/100 par
|-damage|p1a: Arceus|88/100 par|[from] Stealth Rock
|detailschange|p2a: Rayquaza|Rayquaza-Mega
|-mega|p2a: Rayquaza|Rayquaza|
|-weather|DeltaStream|[from] ability: Delta Stream|[of] p2a: Rayquaza
|move|p2a: Rayquaza|Dragon Ascent|p1a: Arceus
|-damage|p1a: Arceus|0 fnt
|-unboost|p2a: Rayquaza|def|1
|-unboost|p2a: Rayquaza|spd|1
|faint|p1a: Arceus
|
|-weather|DeltaStream|[upkeep]
|upkeep
|
|t:|1665256013
|switch|p1a: Ditto|Ditto, shiny|88/100
|-damage|p1a: Ditto|76/100|[from] Stealth Rock
|-transform|p1a: Ditto|p2a: Rayquaza|[from] ability: Imposter
|turn|50
|
|t:|1665256022
|switch|p2a: Zacian|Zacian-Crowned, shiny|38/100
|-damage|p2a: Zacian|32/100|[from] Stealth Rock
|-ability|p2a: Zacian|Intrepid Sword|boost
|-boost|p2a: Zacian|atk|1
|move|p1a: Ditto|Dragon Ascent|p2a: Zacian
|-resisted|p2a: Zacian
|-damage|p2a: Zacian|0 fnt
|-unboost|p1a: Ditto|def|1
|-unboost|p1a: Ditto|spd|1
|faint|p2a: Zacian
|
|-weather|DeltaStream|[upkeep]
|upkeep
|
|t:|1665256026
|switch|p2a: Rayquaza|Rayquaza-Mega|76/100
|-damage|p2a: Rayquaza|51/100|[from] Stealth Rock
|turn|51
|
|t:|1665256031
|switch|p1a: Zygarde|Zygarde-Complete, shiny|84/100 slp
|-damage|p1a: Zygarde|78/100 slp|[from] Stealth Rock
|move|p2a: Rayquaza|Extreme Speed|p1a: Zygarde
|-damage|p1a: Zygarde|58/100 slp
|
|-weather|DeltaStream|[upkeep]
|-heal|p1a: Zygarde|64/100 slp|[from] item: Leftovers
|upkeep
|turn|52
|
|t:|1665256038
|-weather|none
|switch|p2a: Groudon|Groudon-Primal|82/100 par
|-damage|p2a: Groudon|70/100 par|[from] Stealth Rock
|-weather|DesolateLand|[from] ability: Desolate Land|[of] p2a: Groudon
|cant|p1a: Zygarde|slp
|
|-weather|DesolateLand|[upkeep]
|-heal|p1a: Zygarde|70/100 slp|[from] item: Leftovers
|upkeep
|turn|53
|
|t:|1665256051
|-curestatus|p1a: Zygarde|slp|[msg]
|move|p1a: Zygarde|Rest|p1a: Zygarde
|-status|p1a: Zygarde|slp|[from] move: Rest
|-heal|p1a: Zygarde|100/100 slp|[silent]
|move|p2a: Groudon|Precipice Blades|p1a: Zygarde
|-damage|p1a: Zygarde|69/100 slp
|
|-weather|DesolateLand|[upkeep]
|-heal|p1a: Zygarde|75/100 slp|[from] item: Leftovers
|upkeep
|turn|54
|
|t:|1665256055
|-weather|none
|switch|p2a: Rayquaza|Rayquaza-Mega|51/100
|-damage|p2a: Rayquaza|26/100|[from] Stealth Rock
|-weather|DeltaStream|[from] ability: Delta Stream|[of] p2a: Rayquaza
|cant|p1a: Zygarde|slp
|
|-weather|DeltaStream|[upkeep]
|-heal|p1a: Zygarde|82/100 slp|[from] item: Leftovers
|upkeep
|turn|55
|
|t:|1665256062
|move|p2a: Rayquaza|Dragon Ascent|p1a: Zygarde
|-damage|p1a: Zygarde|40/100 slp
|-unboost|p2a: Rayquaza|def|1
|-unboost|p2a: Rayquaza|spd|1
|cant|p1a: Zygarde|slp
|
|-weather|DeltaStream|[upkeep]
|-heal|p1a: Zygarde|46/100 slp|[from] item: Leftovers
|upkeep
|turn|56
|
|t:|1665256068
|move|p2a: Rayquaza|Dragon Ascent|p1a: Zygarde
|-damage|p1a: Zygarde|4/100 slp
|-unboost|p2a: Rayquaza|def|1
|-unboost|p2a: Rayquaza|spd|1
|-curestatus|p1a: Zygarde|slp|[msg]
|move|p1a: Zygarde|Glare|p2a: Rayquaza
|-status|p2a: Rayquaza|par
|
|-weather|DeltaStream|[upkeep]
|-heal|p1a: Zygarde|10/100|[from] item: Leftovers
|upkeep
|turn|57
|
|t:|1665256072
|move|p1a: Zygarde|Rest|p1a: Zygarde
|-status|p1a: Zygarde|slp|[from] move: Rest
|-heal|p1a: Zygarde|100/100 slp|[silent]
|move|p2a: Rayquaza|Dragon Ascent|p1a: Zygarde
|-damage|p1a: Zygarde|56/100 slp
|-unboost|p2a: Rayquaza|def|1
|-unboost|p2a: Rayquaza|spd|1
|
|-weather|DeltaStream|[upkeep]
|-heal|p1a: Zygarde|62/100 slp|[from] item: Leftovers
|upkeep
|turn|58
|
|t:|1665256076
|cant|p1a: Zygarde|slp
|move|p2a: Rayquaza|Dragon Ascent|p1a: Zygarde
|-damage|p1a: Zygarde|17/100 slp
|-unboost|p2a: Rayquaza|def|1
|-unboost|p2a: Rayquaza|spd|1
|
|-weather|DeltaStream|[upkeep]
|-heal|p1a: Zygarde|23/100 slp|[from] item: Leftovers
|upkeep
|turn|59
|
|t:|1665256084
|cant|p1a: Zygarde|slp
|move|p2a: Rayquaza|Dragon Ascent|p1a: Zygarde
|-damage|p1a: Zygarde|0 fnt
|-unboost|p2a: Rayquaza|def|1
|-unboost|p2a: Rayquaza|spd|1
|faint|p1a: Zygarde
|
|-weather|DeltaStream|[upkeep]
|upkeep
|
|t:|1665256098
|switch|p1a: Kartana|Kartana|100/100
|-damage|p1a: Kartana|94/100|[from] Stealth Rock
|turn|60
|
|t:|1665256107
|move|p1a: Kartana|Smart Strike|p2a: Rayquaza
|-damage|p2a: Rayquaza|0 fnt
|faint|p2a: Rayquaza
|-weather|none
|-ability|p1a: Kartana|Beast Boost|boost
|-boost|p1a: Kartana|atk|1
|
|-heal|p1a: Kartana|100/100|[from] item: Leftovers
|upkeep
|
|t:|1665256122
|switch|p2a: Groudon|Groudon-Primal|70/100 par
|-damage|p2a: Groudon|57/100 par|[from] Stealth Rock
|-weather|DesolateLand|[from] ability: Desolate Land|[of] p2a: Groudon
|turn|61
|
|t:|1665256128
|move|p1a: Kartana|Leaf Blade|p2a: Groudon
|-damage|p2a: Groudon|0 fnt
|faint|p2a: Groudon
|-weather|none
|-ability|p1a: Kartana|Beast Boost|boost
|-boost|p1a: Kartana|atk|1
|
|upkeep
|
|t:|1665256131
|switch|p2a: Yveltal|Yveltal, shiny|100/100
|-damage|p2a: Yveltal|76/100|[from] Stealth Rock
|-ability|p2a: Yveltal|Dark Aura
|turn|62
|
|t:|1665256140
|-start|p2a: Yveltal|Dynamax|
|-heal|p2a: Yveltal|76/100|[silent]
|move|p1a: Kartana|Smart Strike|p2a: Yveltal
|-crit|p2a: Yveltal
|-damage|p2a: Yveltal|20/100
|move|p2a: Yveltal|Max Darkness|p1a: Kartana
|-damage|p1a: Kartana|0 fnt
|faint|p1a: Kartana
|
|upkeep
|
|t:|1665256146
|switch|p1a: Arceus|Arceus|100/100
|-damage|p1a: Arceus|88/100|[from] Stealth Rock
|turn|63
|
|t:|1665256148
|-start|p1a: Arceus|Dynamax|
|-heal|p1a: Arceus|88/100|[silent]
|move|p2a: Yveltal|Max Airstream|p1a: Arceus
|-damage|p1a: Arceus|68/100
|-boost|p2a: Yveltal|spe|1
|move|p1a: Arceus|Max Strike|p2a: Yveltal
|-damage|p2a: Yveltal|0 fnt
|faint|p2a: Yveltal
|
|win|Blackstar152001
|raw|Blackstar152001's rating: 1812 &rarr; <strong>1827</strong><br />(+15 for winning)
|raw|PM77Switch's rating: 1714 &rarr; <strong>1699</strong><br />(-15 for losing)
|l|☆PM77Switch
