|j|☆woshixinshou123
|j|☆the thin mints lad
|t:|1659178483
|gametype|singles
|player|p1|woshixinshou123|serena-masters|1447
|player|p2|the thin mints lad|cress|1699
|teamsize|p1|6
|teamsize|p2|6
|gen|8
|tier|[Gen 8] National Dex AG
|rated|
|rule|HP Percentage Mod: HP is shown in percentages
|rule|Endless Battle Clause: Forcing endless battles is banned
|clearpoke
|poke|p1|Calyrex-Shadow|
|poke|p1|Xerneas-*|
|poke|p1|Kyogre|
|poke|p1|Darmanitan-Galar, M|
|poke|p1|Lucario, M|
|poke|p1|Zacian-*|
|poke|p2|Marshadow|
|poke|p2|Necrozma-Dusk-Mane|
|poke|p2|Ditto|
|poke|p2|Zygarde|
|poke|p2|Xerneas-*|
|poke|p2|Deoxys-Attack|
|teampreview
|
|t:|1659178506
|start
|switch|p1a: Calyrex|Calyrex-Shadow|100/100
|switch|p2a: noodle... uh dude.|Deoxys-Attack|100/100
|-ability|p1a: Calyrex|As One
|-ability|p1a: Calyrex|Unnerve
|-ability|p2a: noodle... uh dude.|Pressure
|turn|1
|
|t:|1659178516
|move|p1a: Calyrex|Astral Barrage|p2a: noodle... uh dude.
|-supereffective|p2a: noodle... uh dude.
|-enditem|p2a: noodle... uh dude.|Focus Sash
|-damage|p2a: noodle... uh dude.|1/100
|move|p2a: noodle... uh dude.|Stealth Rock|p1a: Calyrex
|-sidestart|p1: woshixinshou123|move: Stealth Rock
|
|upkeep
|turn|2
|
|t:|1659178523
|move|p1a: Calyrex|Astral Barrage|p2a: noodle... uh dude.
|-supereffective|p2a: noodle... uh dude.
|-damage|p2a: noodle... uh dude.|0 fnt
|faint|p2a: noodle... uh dude.
|-ability|p1a: Calyrex|Grim Neigh|boost
|-boost|p1a: Calyrex|spa|1
|
|upkeep
|
|t:|1659178527
|switch|p2a: Yoinker|Marshadow|100/100
|turn|3
|
|t:|1659178537
|switch|p1a: Lucario|Lucario, M|100/100
|-damage|p1a: Lucario|98/100|[from] Stealth Rock
|move|p2a: Yoinker|Shadow Sneak|p1a: Lucario
|-damage|p1a: Lucario|26/100
|
|upkeep
|turn|4
|
|t:|1659178543
|detailschange|p1a: Lucario|Lucario-Mega, M
|-mega|p1a: Lucario|Lucario|Lucarionite
|move|p2a: Yoinker|Shadow Sneak|p1a: Lucario
|-damage|p1a: Lucario|0 fnt
|faint|p1a: Lucario
|
|upkeep
|
|t:|1659178555
|switch|p1a: Zacian|Zacian-Crowned, shiny|100/100
|-damage|p1a: Zacian|94/100|[from] Stealth Rock
|-ability|p1a: Zacian|Intrepid Sword|boost
|-boost|p1a: Zacian|atk|1
|turn|5
|
|t:|1659178561
|switch|p2a: my solrock evolved|Necrozma-Dusk-Mane|100/100
|move|p1a: Zacian|Behemoth Blade|p2a: my solrock evolved
|-resisted|p2a: my solrock evolved
|-damage|p2a: my solrock evolved|61/100
|
|upkeep
|turn|6
|
|t:|1659178569
|detailschange|p2a: my solrock evolved|Necrozma-Ultra
|-burst|p2a: my solrock evolved|Necrozma|Ultranecrozium Z
|move|p1a: Zacian|Close Combat|p2a: my solrock evolved
|-resisted|p2a: my solrock evolved
|-damage|p2a: my solrock evolved|25/100
|-unboost|p1a: Zacian|def|1
|-unboost|p1a: Zacian|spd|1
|move|p2a: my solrock evolved|Dragon Dance|p2a: my solrock evolved
|-boost|p2a: my solrock evolved|atk|1
|-boost|p2a: my solrock evolved|spe|1
|
|upkeep
|turn|7
|
|t:|1659178577
|move|p2a: my solrock evolved|Earthquake|p1a: Zacian
|-supereffective|p1a: Zacian
|-damage|p1a: Zacian|0 fnt
|faint|p1a: Zacian
|
|upkeep
|
|t:|1659178584
|switch|p1a: Xerneas|Xerneas, shiny|100/100
|-damage|p1a: Xerneas|88/100|[from] Stealth Rock
|-ability|p1a: Xerneas|Fairy Aura
|turn|8
|
|t:|1659178586
|move|p2a: my solrock evolved|Sunsteel Strike|p1a: Xerneas
|-supereffective|p1a: Xerneas
|-damage|p1a: Xerneas|0 fnt
|faint|p1a: Xerneas
|
|upkeep
|
|t:|1659178594
|switch|p1a: Calyrex|Calyrex-Shadow|100/100
|-ability|p1a: Calyrex|As One
|-ability|p1a: Calyrex|Unnerve
|-damage|p1a: Calyrex|88/100|[from] Stealth Rock
|turn|9
|
|t:|1659178600
|move|p1a: Calyrex|Astral Barrage|p2a: my solrock evolved
|-supereffective|p2a: my solrock evolved
|-damage|p2a: my solrock evolved|0 fnt
|faint|p2a: my solrock evolved
|-ability|p1a: Calyrex|Grim Neigh|boost
|-boost|p1a: Calyrex|spa|1
|
|upkeep
|
|t:|1659178605
|switch|p2a: Yoinker|Marshadow|100/100
|turn|10
|
|t:|1659178615
|switch|p1a: Kyogre|Kyogre, shiny|100/100
|-damage|p1a: Kyogre|88/100|[from] Stealth Rock
|detailschange|p1a: Kyogre|Kyogre-Primal, shiny
|-primal|p1a: Kyogre
|-weather|PrimordialSea|[from] ability: Primordial Sea|[of] p1a: Kyogre
|move|p2a: Yoinker|Shadow Sneak|p1a: Kyogre
|-damage|p1a: Kyogre|37/100
|
|-weather|PrimordialSea|[upkeep]
|upkeep
|turn|11
|
|t:|1659178619
|move|p2a: Yoinker|Shadow Sneak|p1a: Kyogre
|-damage|p1a: Kyogre|0 fnt
|faint|p1a: Kyogre
|-weather|none
|
|upkeep
|
|t:|1659178622
|switch|p1a: Darmanitan|Darmanitan-Galar, M|100/100
|-damage|p1a: Darmanitan|76/100|[from] Stealth Rock
|turn|12
|
|t:|1659178626
|move|p2a: Yoinker|Shadow Sneak|p1a: Darmanitan
|-damage|p1a: Darmanitan|7/100
|move|p1a: Darmanitan|Icicle Crash|p2a: Yoinker
|-damage|p2a: Yoinker|16/100
|
|upkeep
|turn|13
|
|t:|1659178631
|move|p2a: Yoinker|Shadow Sneak|p1a: Darmanitan
|-damage|p1a: Darmanitan|0 fnt
|faint|p1a: Darmanitan
|
|upkeep
|
|t:|1659178634
|switch|p1a: Calyrex|Calyrex-Shadow|88/100
|-ability|p1a: Calyrex|As One
|-ability|p1a: Calyrex|Unnerve
|-damage|p1a: Calyrex|76/100|[from] Stealth Rock
|turn|14
|c|☆the thin mints lad|bandshadow is bestshadow
|
|t:|1659178641
|-start|p1a: Calyrex|Dynamax|
|-heal|p1a: Calyrex|76/100|[silent]
|move|p2a: Yoinker|Shadow Sneak|p1a: Calyrex
|-supereffective|p1a: Calyrex
|-damage|p1a: Calyrex|0 fnt
|faint|p1a: Calyrex
|
|win|the thin mints lad
|raw|woshixinshou123's rating: 1447 &rarr; <strong>1439</strong><br />(-8 for losing)
|raw|the thin mints lad's rating: 1699 &rarr; <strong>1707</strong><br />(+8 for winning)
|l|☆the thin mints lad
|l|☆woshixinshou123
|j|☆the thin mints lad
|player|p2|the thin mints lad|cress
