|j|☆Kamikasero
|j|☆MehicTUH_92
|t:|1667419627
|gametype|singles
|player|p1|Kamikasero|clerk|1729
|player|p2|MehicTUH_92|yellow|1800
|teamsize|p1|6
|teamsize|p2|6
|gen|8
|tier|[Gen 8] National Dex AG
|rated|
|rule|HP Percentage Mod: HP is shown in percentages
|rule|Endless Battle Clause: Forcing endless battles is banned
|clearpoke
|poke|p1|Melmetal|
|poke|p1|Hatterene, F|
|poke|p1|Melmetal|
|poke|p1|Hatterene, F|
|poke|p1|Melmetal|
|poke|p1|Hatterene, F|
|poke|p2|Arceus-*|
|poke|p2|Arceus-*|
|poke|p2|Zacian-*|
|poke|p2|Necrozma-Dusk-Mane|
|poke|p2|Ho-Oh|
|poke|p2|Rayquaza|
|teampreview
|inactive|Battle timer is ON: inactive players will automatically lose when time's up. (requested by Kamikasero)
|
|t:|1667419647
|start
|switch|p1a: Hatterene|Hatterene, F|100/100
|switch|p2a: Ho-Oh|Ho-Oh|100/100
|turn|1
|j| PlayinMite
|
|t:|1667419660
|move|p2a: Ho-Oh|Sacred Fire|p1a: Hatterene
|-damage|p1a: Hatterene|49/100
|-status|p1a: Hatterene|brn
|move|p1a: Hatterene|Trick Room|p1a: Hatterene
|-fieldstart|move: Trick Room|[of] p1a: Hatterene
|
|-damage|p1a: Hatterene|43/100 brn|[from] brn
|upkeep
|turn|2
|
|t:|1667419664
|move|p1a: Hatterene|Misty Explosion|p2a: Ho-Oh
|-resisted|p2a: Ho-Oh
|-damage|p2a: Ho-Oh|85/100
|faint|p1a: Hatterene
|move|p2a: Ho-Oh|Sacred Fire|p1: Hatterene|[notarget]
|-fail|p2a: Ho-Oh
|
|upkeep
|
|t:|1667419668
|switch|p1a: Melmetal|Melmetal|100/100
|turn|3
|
|t:|1667419671
|move|p1a: Melmetal|Double Iron Bash|p2a: Ho-Oh
|-resisted|p2a: Ho-Oh
|-damage|p2a: Ho-Oh|64/100
|-resisted|p2a: Ho-Oh
|-damage|p2a: Ho-Oh|41/100
|-hitcount|p2a: Ho-Oh|2
|cant|p2a: Ho-Oh|flinch
|
|upkeep
|turn|4
|
|t:|1667419678
|switch|p2a: Necrozma|Necrozma-Dusk-Mane|100/100
|-start|p1a: Melmetal|Dynamax|
|-heal|p1a: Melmetal|100/100|[silent]
|move|p1a: Melmetal|Max Lightning|p2a: Necrozma
|-crit|p2a: Necrozma
|-damage|p2a: Necrozma|56/100
|-fieldstart|move: Electric Terrain
|
|upkeep
|turn|5
|
|t:|1667419686
|-start|p2a: Necrozma|Dynamax|
|-heal|p2a: Necrozma|56/100|[silent]
|move|p2a: Necrozma|Max Guard|p2a: Necrozma
|-singleturn|p2a: Necrozma|Max Guard
|move|p1a: Melmetal|Max Quake|p2a: Necrozma
|-activate|p2a: Necrozma|move: Max Guard
|
|-fieldend|move: Trick Room
|upkeep
|turn|6
|-message|Kamikasero forfeited.
|
|win|MehicTUH_92
|raw|Kamikasero's rating: 1729 &rarr; <strong>1713</strong><br />(-16 for losing)
|raw|MehicTUH_92's rating: 1800 &rarr; <strong>1816</strong><br />(+16 for winning)
|l|☆Kamikasero
