|j|☆JAY100064
|j|☆Trainer Hashs
|t:|1620141830
|gametype|singles
|player|p1|JAY100064|buck|1081
|player|p2|Trainer Hashs|102|1145
|teamsize|p1|6
|teamsize|p2|6
|gen|8
|tier|[Gen 8] National Dex AG
|rated|
|clearpoke
|poke|p1|Metagross|
|poke|p1|Garchomp, M|
|poke|p1|Kommo-o, M|
|poke|p1|Volcarona, F|
|poke|p1|Braviary, M|
|poke|p1|Eelektross, F|
|poke|p2|Aron, L1, M|
|poke|p2|Pineco, L1, M|
|poke|p2|Riolu, F|
|poke|p2|Skarmory, L1, M|
|poke|p2|Rattata-Alola, L1, M|
|poke|p2|Zacian-Crowned|
|rule|HP Percentage Mod: HP is shown in percentages
|rule|Endless Battle Clause: Forcing endless battles is banned
|teampreview
|
|t:|1620141858
|start
|switch|p1a: Volcarona|Volcarona, F, shiny|100/100
|switch|p2a: :FEAR2:|Pineco, L1, M|100/100
|turn|1
|
|t:|1620141870
|move|p1a: Volcarona|Flamethrower|p2a: :FEAR2:
|-supereffective|p2a: :FEAR2:
|-crit|p2a: :FEAR2:
|-ability|p2a: :FEAR2:|Sturdy
|-damage|p2a: :FEAR2:|9/100
|-enditem|p2a: :FEAR2:|Berry Juice
|-heal|p2a: :FEAR2:|100/100|[from] item: Berry Juice
|move|p2a: :FEAR2:|Toxic Spikes|p1a: Volcarona
|-sidestart|p1: JAY100064|move: Toxic Spikes
|
|upkeep
|turn|2
|
|t:|1620141885
|move|p1a: Volcarona|Flamethrower|p2a: :FEAR2:
|-supereffective|p2a: :FEAR2:
|-ability|p2a: :FEAR2:|Sturdy
|-damage|p2a: :FEAR2:|9/100
|move|p2a: :FEAR2:|Pain Split|p1a: Volcarona
|-sethp|p1a: Volcarona|51/100|[from] move: Pain Split|[silent]
|-sethp|p2a: :FEAR2:|100/100|[from] move: Pain Split
|
|-heal|p1a: Volcarona|57/100|[from] item: Leftovers
|upkeep
|turn|3
|
|t:|1620141915
|move|p1a: Volcarona|Flamethrower|p2a: :FEAR2:
|-supereffective|p2a: :FEAR2:
|-ability|p2a: :FEAR2:|Sturdy
|-damage|p2a: :FEAR2:|9/100
|move|p2a: :FEAR2:|Pain Split|p1a: Volcarona
|-sethp|p1a: Volcarona|29/100|[from] move: Pain Split|[silent]
|-sethp|p2a: :FEAR2:|100/100|[from] move: Pain Split
|
|-heal|p1a: Volcarona|35/100|[from] item: Leftovers
|upkeep
|turn|4
|c|☆JAY100064|girl
|
|t:|1620141936
|move|p1a: Volcarona|Flamethrower|p2a: :FEAR2:
|-supereffective|p2a: :FEAR2:
|-ability|p2a: :FEAR2:|Sturdy
|-damage|p2a: :FEAR2:|9/100
|move|p2a: :FEAR2:|Pain Split|p1a: Volcarona
|-sethp|p1a: Volcarona|18/100|[from] move: Pain Split|[silent]
|-sethp|p2a: :FEAR2:|100/100|[from] move: Pain Split
|
|-heal|p1a: Volcarona|24/100|[from] item: Leftovers
|upkeep
|turn|5
|c|☆Trainer Hashs|yeah?
|c|☆JAY100064|girl bye-
|
|t:|1620141955
|move|p1a: Volcarona|Flamethrower|p2a: :FEAR2:
|-supereffective|p2a: :FEAR2:
|-ability|p2a: :FEAR2:|Sturdy
|-damage|p2a: :FEAR2:|9/100
|move|p2a: :FEAR2:|Pain Split|p1a: Volcarona
|-sethp|p1a: Volcarona|12/100|[from] move: Pain Split|[silent]
|-sethp|p2a: :FEAR2:|100/100|[from] move: Pain Split
|
|-heal|p1a: Volcarona|19/100|[from] item: Leftovers
|upkeep
|turn|6
|c|☆Trainer Hashs|are you trying to insult me?
|c|☆JAY100064|this would just waste my time lol
|c|☆JAY100064|no
|inactive|Battle timer is ON: inactive players will automatically lose when time's up. (requested by Trainer Hashs)
|c|☆JAY100064|why are you being so negative. It was a joke.
|c|☆JAY100064|i-
|c|☆Trainer Hashs|there, now we can't waste time
|inactive|JAY100064 has 120 seconds left.
|c|☆JAY100064|I literally cant battle if you spam pain slit
|c|☆JAY100064|no point
|c|☆Trainer Hashs|flamethrower will burn eventually
|inactive|JAY100064 has 90 seconds left.
|c|☆JAY100064|no Volcarona will die eventually
|c|☆JAY100064|lol
|c|☆Trainer Hashs|pain split doesn't kill, esp not with leftovers
|c|☆JAY100064|what are the moves on pinco
|inactive|JAY100064 has 60 seconds left.
|c|☆Trainer Hashs|moves
|
|t:|1620142142
|move|p1a: Volcarona|Flamethrower|p2a: :FEAR2:
|-supereffective|p2a: :FEAR2:
|-ability|p2a: :FEAR2:|Sturdy
|-damage|p2a: :FEAR2:|9/100
|-status|p2a: :FEAR2:|brn
|move|p2a: :FEAR2:|Pain Split|p1a: Volcarona
|-sethp|p1a: Volcarona|10/100|[from] move: Pain Split|[silent]
|-sethp|p2a: :FEAR2:|100/100 brn|[from] move: Pain Split
|
|-heal|p1a: Volcarona|16/100|[from] item: Leftovers
|-damage|p2a: :FEAR2:|92/100 brn|[from] brn
|upkeep
|turn|7
|inactive|JAY100064 has 120 seconds left.
|c|☆Trainer Hashs|as I said
|c|☆Trainer Hashs|it'd burn eventually
|
|t:|1620142168
|move|p1a: Volcarona|Flamethrower|p2a: :FEAR2:
|-supereffective|p2a: :FEAR2:
|-damage|p2a: :FEAR2:|0 fnt
|faint|p2a: :FEAR2:
|
|-heal|p1a: Volcarona|22/100|[from] item: Leftovers
|upkeep
|
|t:|1620142173
|switch|p2a: :FEAR4:|Skarmory, L1, M|100/100
|turn|8
|inactive|JAY100064 has 120 seconds left.
|c|☆JAY100064|pain split doesnt kill?
|c|☆Trainer Hashs|pain split doesn't kill, yeah
|
|t:|1620142199
|move|p1a: Volcarona|Flamethrower|p2a: :FEAR4:
|-supereffective|p2a: :FEAR4:
|-ability|p2a: :FEAR4:|Sturdy
|-damage|p2a: :FEAR4:|9/100
|move|p2a: :FEAR4:|Fly||[still]
|-prepare|p2a: :FEAR4:|Fly
|
|-heal|p1a: Volcarona|28/100|[from] item: Leftovers
|-damage|p2a: :FEAR4:|0 fnt|[from] item: Sticky Barb
|faint|p2a: :FEAR4:
|upkeep
|
|t:|1620142208
|switch|p2a: :FEAR3:|Riolu, F|100/100
|turn|9
|
|t:|1620142215
|move|p2a: :FEAR3:|Copycat|p2a: :FEAR3:
|move|p2a: :FEAR3:|Fly||[from]move: Copycat|[still]
|-prepare|p2a: :FEAR3:|Fly
|move|p1a: Volcarona|Flamethrower|p2a: :FEAR3:|[miss]
|-miss|p1a: Volcarona|p2a: :FEAR3:
|
|-heal|p1a: Volcarona|34/100|[from] item: Leftovers
|upkeep
|turn|10
|
|t:|1620142228
|switch|p1a: Metagross|Metagross, shiny|100/100
|move|p2a: :FEAR3:|Fly|p1a: Metagross|[from]lockedmove
|-resisted|p1a: Metagross
|-damage|p1a: Metagross|90/100
|
|upkeep
|turn|11
|
|t:|1620142239
|detailschange|p1a: Metagross|Metagross-Mega, shiny
|-mega|p1a: Metagross|Metagross|Metagrossite
|move|p2a: :FEAR3:|Copycat|p2a: :FEAR3:
|move|p2a: :FEAR3:|Fly||[from]move: Copycat|[still]
|-prepare|p2a: :FEAR3:|Fly
|move|p1a: Metagross|Hammer Arm|p2a: :FEAR3:|[miss]
|-miss|p1a: Metagross|p2a: :FEAR3:
|
|upkeep
|turn|12
|
|t:|1620142246
|move|p1a: Metagross|Hammer Arm|p2a: :FEAR3:|[miss]
|-miss|p1a: Metagross|p2a: :FEAR3:
|move|p2a: :FEAR3:|Fly|p1a: Metagross|[from]lockedmove
|-resisted|p1a: Metagross
|-damage|p1a: Metagross|82/100
|
|upkeep
|turn|13
|inactive|JAY100064 has 120 seconds left.
|
|t:|1620142252
|move|p2a: :FEAR3:|Copycat|p2a: :FEAR3:
|move|p2a: :FEAR3:|Fly||[from]move: Copycat|[still]
|-prepare|p2a: :FEAR3:|Fly
|move|p1a: Metagross|Hammer Arm|p2a: :FEAR3:|[miss]
|-miss|p1a: Metagross|p2a: :FEAR3:
|
|upkeep
|turn|14
|inactive|JAY100064 has 120 seconds left.
|c|☆JAY100064|girl
|c|☆JAY100064|your whole team is a troll
|
|t:|1620142275
|move|p1a: Metagross|Hammer Arm|p2a: :FEAR3:|[miss]
|-miss|p1a: Metagross|p2a: :FEAR3:
|move|p2a: :FEAR3:|Fly|p1a: Metagross|[from]lockedmove
|-resisted|p1a: Metagross
|-damage|p1a: Metagross|72/100
|
|upkeep
|turn|15
|c|☆Trainer Hashs|not the zacian
|
|t:|1620142286
|move|p2a: :FEAR3:|Copycat|p2a: :FEAR3:
|move|p2a: :FEAR3:|Fly||[from]move: Copycat|[still]
|-prepare|p2a: :FEAR3:|Fly
|move|p1a: Metagross|Hammer Arm|p2a: :FEAR3:|[miss]
|-miss|p1a: Metagross|p2a: :FEAR3:
|
|upkeep
|turn|16
|
|t:|1620142306
|switch|p1a: Eelektross|Eelektross, F, shiny|100/100
|move|p2a: :FEAR3:|Fly|p1a: Eelektross|[from]lockedmove
|-resisted|p1a: Eelektross
|-damage|p1a: Eelektross|87/100
|
|upkeep
|turn|17
|
|t:|1620142318
|move|p2a: :FEAR3:|Copycat|p2a: :FEAR3:
|move|p2a: :FEAR3:|Fly||[from]move: Copycat|[still]
|-prepare|p2a: :FEAR3:|Fly
|move|p1a: Eelektross|Wild Charge|p2a: :FEAR3:|[miss]
|-miss|p1a: Eelektross|p2a: :FEAR3:
|
|upkeep
|turn|18
|
|t:|1620142324
|move|p1a: Eelektross|Wild Charge|p2a: :FEAR3:|[miss]
|-miss|p1a: Eelektross|p2a: :FEAR3:
|move|p2a: :FEAR3:|Fly|p1a: Eelektross|[from]lockedmove
|-resisted|p1a: Eelektross
|-damage|p1a: Eelektross|74/100
|
|upkeep
|turn|19
|
|t:|1620142331
|move|p2a: :FEAR3:|Copycat|p2a: :FEAR3:
|move|p2a: :FEAR3:|Fly||[from]move: Copycat|[still]
|-prepare|p2a: :FEAR3:|Fly
|move|p1a: Eelektross|Wild Charge|p2a: :FEAR3:|[miss]
|-miss|p1a: Eelektross|p2a: :FEAR3:
|
|upkeep
|turn|20
|c|☆JAY100064|-_-
|
|t:|1620142351
|move|p1a: Eelektross|Coil|p1a: Eelektross
|-boost|p1a: Eelektross|atk|1
|-boost|p1a: Eelektross|def|1
|-boost|p1a: Eelektross|accuracy|1
|move|p2a: :FEAR3:|Fly|p1a: Eelektross|[from]lockedmove
|-resisted|p1a: Eelektross
|-damage|p1a: Eelektross|66/100
|
|upkeep
|turn|21
|
|t:|1620142358
|move|p2a: :FEAR3:|Copycat|p2a: :FEAR3:
|move|p2a: :FEAR3:|Fly||[from]move: Copycat|[still]
|-prepare|p2a: :FEAR3:|Fly
|move|p1a: Eelektross|Coil|p1a: Eelektross
|-boost|p1a: Eelektross|atk|1
|-boost|p1a: Eelektross|def|1
|-boost|p1a: Eelektross|accuracy|1
|
|upkeep
|turn|22
|
|t:|1620142364
|move|p1a: Eelektross|Coil|p1a: Eelektross
|-boost|p1a: Eelektross|atk|1
|-boost|p1a: Eelektross|def|1
|-boost|p1a: Eelektross|accuracy|1
|move|p2a: :FEAR3:|Fly|p1a: Eelektross|[from]lockedmove
|-resisted|p1a: Eelektross
|-damage|p1a: Eelektross|61/100
|
|upkeep
|turn|23
|inactive|JAY100064 has 120 seconds left.
|
|t:|1620142371
|move|p2a: :FEAR3:|Copycat|p2a: :FEAR3:
|move|p2a: :FEAR3:|Fly||[from]move: Copycat|[still]
|-prepare|p2a: :FEAR3:|Fly
|move|p1a: Eelektross|Coil|p1a: Eelektross
|-boost|p1a: Eelektross|atk|1
|-boost|p1a: Eelektross|def|1
|-boost|p1a: Eelektross|accuracy|1
|
|upkeep
|turn|24
|
|t:|1620142375
|move|p1a: Eelektross|Coil|p1a: Eelektross
|-boost|p1a: Eelektross|atk|1
|-boost|p1a: Eelektross|def|1
|-boost|p1a: Eelektross|accuracy|1
|move|p2a: :FEAR3:|Fly|p1a: Eelektross|[from]lockedmove
|-resisted|p1a: Eelektross
|-damage|p1a: Eelektross|57/100
|
|upkeep
|turn|25
|
|t:|1620142385
|move|p2a: :FEAR3:|Copycat|p2a: :FEAR3:
|move|p2a: :FEAR3:|Fly||[from]move: Copycat|[still]
|-prepare|p2a: :FEAR3:|Fly
|move|p1a: Eelektross|Coil|p1a: Eelektross
|-boost|p1a: Eelektross|atk|1
|-boost|p1a: Eelektross|def|1
|-boost|p1a: Eelektross|accuracy|1
|
|upkeep
|turn|26
|
|t:|1620142391
|move|p1a: Eelektross|Coil|p1a: Eelektross
|-boost|p1a: Eelektross|atk|0
|-boost|p1a: Eelektross|def|0
|-boost|p1a: Eelektross|accuracy|0
|move|p2a: :FEAR3:|Fly|p1a: Eelektross|[from]lockedmove
|-resisted|p1a: Eelektross
|-damage|p1a: Eelektross|54/100
|
|upkeep
|turn|27
|c|☆JAY100064|let me show you spam
|inactive|JAY100064 has 120 seconds left.
|
|t:|1620142428
|-start|p1a: Eelektross|Dynamax
|-heal|p1a: Eelektross|54/100|[silent]
|move|p2a: :FEAR3:|Copycat|p2a: :FEAR3:
|move|p2a: :FEAR3:|Fly||[from]move: Copycat|[still]
|-prepare|p2a: :FEAR3:|Fly
|move|p1a: Eelektross|Max Knuckle|p2a: :FEAR3:|[miss]
|-miss|p1a: Eelektross|p2a: :FEAR3:
|
|upkeep
|turn|28
|
|t:|1620142438
|move|p1a: Eelektross|Max Knuckle|p2a: :FEAR3:|[miss]
|-miss|p1a: Eelektross|p2a: :FEAR3:
|move|p2a: :FEAR3:|Fly|p1a: Eelektross|[from]lockedmove
|-resisted|p1a: Eelektross
|-damage|p1a: Eelektross|52/100
|
|upkeep
|turn|29
|
|t:|1620142446
|move|p2a: :FEAR3:|Copycat|p2a: :FEAR3:
|move|p2a: :FEAR3:|Fly||[from]move: Copycat|[still]
|-prepare|p2a: :FEAR3:|Fly
|move|p1a: Eelektross|Max Knuckle|p2a: :FEAR3:|[miss]
|-miss|p1a: Eelektross|p2a: :FEAR3:
|
|-end|p1a: Eelektross|Dynamax
|-heal|p1a: Eelektross|52/100|[silent]
|upkeep
|turn|30
|
|t:|1620142462
|move|p1a: Eelektross|Drain Punch|p2a: :FEAR3:|[miss]
|-miss|p1a: Eelektross|p2a: :FEAR3:
|move|p2a: :FEAR3:|Fly|p1a: Eelektross|[from]lockedmove
|-resisted|p1a: Eelektross
|-damage|p1a: Eelektross|49/100
|
|upkeep
|turn|31
|c|☆JAY100064|girl you have to send me that team lol
|inactive|JAY100064 has 90 seconds left.
|
|t:|1620142490
|move|p2a: :FEAR3:|Copycat|p2a: :FEAR3:
|move|p2a: :FEAR3:|Fly||[from]move: Copycat|[still]
|-prepare|p2a: :FEAR3:|Fly
|move|p1a: Eelektross|Drain Punch|p2a: :FEAR3:|[miss]
|-miss|p1a: Eelektross|p2a: :FEAR3:
|
|upkeep
|turn|32
|c|☆Trainer Hashs|ok
|inactive|JAY100064 has 90 seconds left.
|c|☆JAY100064|pls thank you
|c|☆JAY100064|but i wanna see how you use the full team
|
|t:|1620142526
|move|p1a: Eelektross|Wild Charge|p2a: :FEAR3:|[miss]
|-miss|p1a: Eelektross|p2a: :FEAR3:
|move|p2a: :FEAR3:|Fly|p1a: Eelektross|[from]lockedmove
|-resisted|p1a: Eelektross
|-damage|p1a: Eelektross|46/100
|
|upkeep
|turn|33
|inactive|JAY100064 has 60 seconds left.
|
|t:|1620142558
|move|p2a: :FEAR3:|Copycat|p2a: :FEAR3:
|move|p2a: :FEAR3:|Fly||[from]move: Copycat|[still]
|-prepare|p2a: :FEAR3:|Fly
|move|p1a: Eelektross|Drain Punch|p2a: :FEAR3:|[miss]
|-miss|p1a: Eelektross|p2a: :FEAR3:
|
|upkeep
|turn|34
|c|☆Trainer Hashs|the riolu thing doesn't work often
|c|☆Trainer Hashs|it usually ends up either with aron sweeping, zacian sweeping, or i lose
|inactive|JAY100064 has 30 seconds left.
|inactive|JAY100064 has 20 seconds left.
|c|☆JAY100064|oh
|inactive|JAY100064 has 15 seconds left.
|
|t:|1620142599
|move|p1a: Eelektross|Drain Punch|p2a: :FEAR3:|[miss]
|-miss|p1a: Eelektross|p2a: :FEAR3:
|move|p2a: :FEAR3:|Fly|p1a: Eelektross|[from]lockedmove
|-resisted|p1a: Eelektross
|-damage|p1a: Eelektross|43/100
|
|upkeep
|turn|35
|inactive|JAY100064 has 25 seconds left this turn.
|inactive|JAY100064 has 20 seconds left.
|inactive|JAY100064 has 15 seconds left.
|inactive|JAY100064 has 10 seconds left.
|
|t:|1620142617
|move|p2a: :FEAR3:|Copycat|p2a: :FEAR3:
|move|p2a: :FEAR3:|Fly||[from]move: Copycat|[still]
|-prepare|p2a: :FEAR3:|Fly
|move|p1a: Eelektross|Wild Charge|p2a: :FEAR3:|[miss]
|-miss|p1a: Eelektross|p2a: :FEAR3:
|
|upkeep
|turn|36
|inactive|JAY100064 has 20 seconds left this turn.
|inactive|JAY100064 has 15 seconds left.
|
|t:|1620142623
|move|p1a: Eelektross|Drain Punch|p2a: :FEAR3:|[miss]
|-miss|p1a: Eelektross|p2a: :FEAR3:
|move|p2a: :FEAR3:|Fly|p1a: Eelektross|[from]lockedmove
|-resisted|p1a: Eelektross
|-damage|p1a: Eelektross|39/100
|
|upkeep
|turn|37
|inactive|JAY100064 has 25 seconds left this turn.
|inactive|JAY100064 has 20 seconds left.
|
|t:|1620142630
|move|p2a: :FEAR3:|Copycat|p2a: :FEAR3:
|move|p2a: :FEAR3:|Fly||[from]move: Copycat|[still]
|-prepare|p2a: :FEAR3:|Fly
|move|p1a: Eelektross|Wild Charge|p2a: :FEAR3:|[miss]
|-miss|p1a: Eelektross|p2a: :FEAR3:
|
|upkeep
|turn|38
|inactive|JAY100064 has 30 seconds left this turn.
|
|t:|1620142635
|move|p1a: Eelektross|Wild Charge|p2a: :FEAR3:|[miss]
|-miss|p1a: Eelektross|p2a: :FEAR3:
|move|p2a: :FEAR3:|Fly|p1a: Eelektross|[from]lockedmove
|-resisted|p1a: Eelektross
|-damage|p1a: Eelektross|36/100
|
|upkeep
|turn|39
|inactive|JAY100064 has 30 seconds left.
|
|t:|1620142642
|move|p2a: :FEAR3:|Copycat|p2a: :FEAR3:
|move|p2a: :FEAR3:|Fly||[from]move: Copycat|[still]
|-prepare|p2a: :FEAR3:|Fly
|move|p1a: Eelektross|Wild Charge|p2a: :FEAR3:|[miss]
|-miss|p1a: Eelektross|p2a: :FEAR3:
|
|upkeep
|turn|40
|
|t:|1620142647
|move|p1a: Eelektross|Wild Charge|p2a: :FEAR3:|[miss]
|-miss|p1a: Eelektross|p2a: :FEAR3:
|move|p2a: :FEAR3:|Fly|p1a: Eelektross|[from]lockedmove
|-resisted|p1a: Eelektross
|-damage|p1a: Eelektross|33/100
|
|upkeep
|turn|41
|
|t:|1620142654
|move|p2a: :FEAR3:|Copycat|p2a: :FEAR3:
|move|p2a: :FEAR3:|Fly||[from]move: Copycat|[still]
|-prepare|p2a: :FEAR3:|Fly
|move|p1a: Eelektross|Wild Charge|p2a: :FEAR3:|[miss]
|-miss|p1a: Eelektross|p2a: :FEAR3:
|
|upkeep
|turn|42
|
|t:|1620142662
|move|p1a: Eelektross|Wild Charge|p2a: :FEAR3:|[miss]
|-miss|p1a: Eelektross|p2a: :FEAR3:
|move|p2a: :FEAR3:|Fly|p1a: Eelektross|[from]lockedmove
|-resisted|p1a: Eelektross
|-damage|p1a: Eelektross|30/100
|
|upkeep
|turn|43
|
|t:|1620142668
|move|p2a: :FEAR3:|Copycat|p2a: :FEAR3:
|move|p2a: :FEAR3:|Fly||[from]move: Copycat|[still]
|-prepare|p2a: :FEAR3:|Fly
|move|p1a: Eelektross|Wild Charge|p2a: :FEAR3:|[miss]
|-miss|p1a: Eelektross|p2a: :FEAR3:
|
|upkeep
|turn|44
|c|☆JAY100064|does riolu only know copy cat
|
|t:|1620142683
|move|p1a: Eelektross|Wild Charge|p2a: :FEAR3:|[miss]
|-miss|p1a: Eelektross|p2a: :FEAR3:
|move|p2a: :FEAR3:|Fly|p1a: Eelektross|[from]lockedmove
|-resisted|p1a: Eelektross
|-damage|p1a: Eelektross|27/100
|
|upkeep
|turn|45
|c|☆Trainer Hashs|nah
|
|t:|1620142696
|move|p2a: :FEAR3:|Copycat|p2a: :FEAR3:
|move|p2a: :FEAR3:|Fly||[from]move: Copycat|[still]
|-prepare|p2a: :FEAR3:|Fly
|move|p1a: Eelektross|Wild Charge|p2a: :FEAR3:|[miss]
|-miss|p1a: Eelektross|p2a: :FEAR3:
|
|upkeep
|turn|46
|inactive|JAY100064 has 60 seconds left.
|c|☆Trainer Hashs|also has protect and substitute, for stalling
|c|☆JAY100064|which ones are the trolls?
|
|t:|1620142714
|move|p1a: Eelektross|Wild Charge|p2a: :FEAR3:|[miss]
|-miss|p1a: Eelektross|p2a: :FEAR3:
|move|p2a: :FEAR3:|Fly|p1a: Eelektross|[from]lockedmove
|-resisted|p1a: Eelektross
|-damage|p1a: Eelektross|24/100
|
|upkeep
|turn|47
|c|☆Trainer Hashs|all of them except zacian
|
|t:|1620142725
|move|p2a: :FEAR3:|Copycat|p2a: :FEAR3:
|move|p2a: :FEAR3:|Fly||[from]move: Copycat|[still]
|-prepare|p2a: :FEAR3:|Fly
|move|p1a: Eelektross|Wild Charge|p2a: :FEAR3:|[miss]
|-miss|p1a: Eelektross|p2a: :FEAR3:
|
|upkeep
|turn|48
|
|t:|1620142732
|move|p1a: Eelektross|Wild Charge|p2a: :FEAR3:|[miss]
|-miss|p1a: Eelektross|p2a: :FEAR3:
|move|p2a: :FEAR3:|Fly|p1a: Eelektross|[from]lockedmove
|-resisted|p1a: Eelektross
|-crit|p1a: Eelektross
|-damage|p1a: Eelektross|4/100
|
|upkeep
|turn|49
|inactive|JAY100064 has 60 seconds left.
|
|t:|1620142739
|move|p2a: :FEAR3:|Copycat|p2a: :FEAR3:
|move|p2a: :FEAR3:|Fly||[from]move: Copycat|[still]
|-prepare|p2a: :FEAR3:|Fly
|move|p1a: Eelektross|Wild Charge|p2a: :FEAR3:|[miss]
|-miss|p1a: Eelektross|p2a: :FEAR3:
|
|upkeep
|turn|50
|
|t:|1620142749
|move|p1a: Eelektross|Wild Charge|p2a: :FEAR3:|[miss]
|-miss|p1a: Eelektross|p2a: :FEAR3:
|move|p2a: :FEAR3:|Fly|p1a: Eelektross|[from]lockedmove
|-resisted|p1a: Eelektross
|-damage|p1a: Eelektross|1/100
|
|upkeep
|turn|51
|
|t:|1620142764
|move|p2a: :FEAR3:|Copycat|p2a: :FEAR3:
|move|p2a: :FEAR3:|Fly||[from]move: Copycat|[still]
|-prepare|p2a: :FEAR3:|Fly
|move|p1a: Eelektross|Wild Charge|p2a: :FEAR3:|[miss]
|-miss|p1a: Eelektross|p2a: :FEAR3:
|
|upkeep
|turn|52
|
|t:|1620142774
|move|p1a: Eelektross|Wild Charge|p2a: :FEAR3:|[miss]
|-miss|p1a: Eelektross|p2a: :FEAR3:
|move|p2a: :FEAR3:|Fly|p1a: Eelektross|[from]lockedmove
|-resisted|p1a: Eelektross
|-damage|p1a: Eelektross|0 fnt
|faint|p1a: Eelektross
|
|upkeep
|c|☆Trainer Hashs|it finally died
|c|☆JAY100064|lol
|c|☆Trainer Hashs|o that crit helped
|inactive|JAY100064 has 60 seconds left.
|c|☆JAY100064|ik how imma kill riolu
|
|t:|1620142805
|switch|p1a: Braviary|Braviary, M, shiny|100/100
|turn|53
|
|t:|1620142815
|move|p2a: :FEAR3:|Copycat|p2a: :FEAR3:
|move|p2a: :FEAR3:|Fly||[from]move: Copycat|[still]
|-prepare|p2a: :FEAR3:|Fly
|move|p1a: Braviary|Bulk Up|p1a: Braviary
|-boost|p1a: Braviary|atk|1
|-boost|p1a: Braviary|def|1
|
|upkeep
|turn|54
|inactive|JAY100064 has 60 seconds left.
|
|t:|1620142822
|move|p1a: Braviary|Bulk Up|p1a: Braviary
|-boost|p1a: Braviary|atk|1
|-boost|p1a: Braviary|def|1
|move|p2a: :FEAR3:|Fly|p1a: Braviary|[from]lockedmove
|-crit|p1a: Braviary
|-damage|p1a: Braviary|57/100
|
|upkeep
|turn|55
|
|t:|1620142830
|move|p2a: :FEAR3:|Copycat|p2a: :FEAR3:
|move|p2a: :FEAR3:|Fly||[from]move: Copycat|[still]
|-prepare|p2a: :FEAR3:|Fly
|move|p1a: Braviary|Roost|p1a: Braviary
|-heal|p1a: Braviary|100/100
|-singleturn|p1a: Braviary|move: Roost
|
|upkeep
|turn|56
|c|☆Trainer Hashs|ah, ofc
|
|t:|1620142843
|move|p1a: Braviary|Bulk Up|p1a: Braviary
|-boost|p1a: Braviary|atk|1
|-boost|p1a: Braviary|def|1
|move|p2a: :FEAR3:|Fly|p1a: Braviary|[from]lockedmove|[miss]
|-miss|p2a: :FEAR3:|p1a: Braviary
|
|upkeep
|turn|57
|
|t:|1620142850
|move|p2a: :FEAR3:|Copycat|p2a: :FEAR3:
|move|p2a: :FEAR3:|Fly||[from]move: Copycat|[still]
|-prepare|p2a: :FEAR3:|Fly
|move|p1a: Braviary|Bulk Up|p1a: Braviary
|-boost|p1a: Braviary|atk|1
|-boost|p1a: Braviary|def|1
|
|upkeep
|turn|58
|
|t:|1620142863
|move|p1a: Braviary|Bulk Up|p1a: Braviary
|-boost|p1a: Braviary|atk|1
|-boost|p1a: Braviary|def|1
|move|p2a: :FEAR3:|Fly|p1a: Braviary|[from]lockedmove
|-damage|p1a: Braviary|92/100
|
|upkeep
|turn|59
|
|t:|1620142870
|move|p2a: :FEAR3:|Copycat|p2a: :FEAR3:
|move|p2a: :FEAR3:|Fly||[from]move: Copycat|[still]
|-prepare|p2a: :FEAR3:|Fly
|move|p1a: Braviary|Bulk Up|p1a: Braviary
|-boost|p1a: Braviary|atk|1
|-boost|p1a: Braviary|def|1
|
|upkeep
|turn|60
|
|t:|1620142879
|move|p1a: Braviary|Roost|p1a: Braviary
|-heal|p1a: Braviary|100/100
|-singleturn|p1a: Braviary|move: Roost
|move|p2a: :FEAR3:|Fly|p1a: Braviary|[from]lockedmove
|-crit|p1a: Braviary
|-damage|p1a: Braviary|55/100
|
|upkeep
|turn|61
|inactive|JAY100064 has 90 seconds left.
|
|t:|1620142886
|move|p2a: :FEAR3:|Copycat|p2a: :FEAR3:
|move|p2a: :FEAR3:|Fly||[from]move: Copycat|[still]
|-prepare|p2a: :FEAR3:|Fly
|move|p1a: Braviary|Roost|p1a: Braviary
|-heal|p1a: Braviary|100/100
|-singleturn|p1a: Braviary|move: Roost
|
|upkeep
|turn|62
|c|☆Trainer Hashs|these crits
|inactive|JAY100064 has 90 seconds left.
|c|☆Trainer Hashs|they're not exactly mattering since you can heal but they're funny
|c|☆JAY100064|right
|
|t:|1620142916
|move|p1a: Braviary|Roost||[still]
|-fail|p1a: Braviary|heal
|move|p2a: :FEAR3:|Fly|p1a: Braviary|[from]lockedmove
|-damage|p1a: Braviary|93/100
|
|upkeep
|turn|63
|
|t:|1620142924
|move|p2a: :FEAR3:|Copycat|p2a: :FEAR3:
|move|p2a: :FEAR3:|Fly||[from]move: Copycat|[still]
|-prepare|p2a: :FEAR3:|Fly
|move|p1a: Braviary|Roost|p1a: Braviary
|-heal|p1a: Braviary|100/100
|-singleturn|p1a: Braviary|move: Roost
|
|upkeep
|turn|64
|
|t:|1620142931
|move|p1a: Braviary|Bulk Up|p1a: Braviary
|-boost|p1a: Braviary|atk|0
|-boost|p1a: Braviary|def|0
|move|p2a: :FEAR3:|Fly|p1a: Braviary|[from]lockedmove
|-damage|p1a: Braviary|93/100
|
|upkeep
|turn|65
|inactive|JAY100064 has 90 seconds left.
|
|t:|1620142937
|move|p2a: :FEAR3:|Copycat|p2a: :FEAR3:
|move|p2a: :FEAR3:|Fly||[from]move: Copycat|[still]
|-prepare|p2a: :FEAR3:|Fly
|move|p1a: Braviary|Bulk Up|p1a: Braviary
|-boost|p1a: Braviary|atk|0
|-boost|p1a: Braviary|def|0
|
|upkeep
|turn|66
|inactive|JAY100064 has 90 seconds left.
|c|☆Trainer Hashs|you will be pleased to know that I'm almost out of pp
|
|t:|1620142955
|move|p1a: Braviary|Bulk Up|p1a: Braviary
|-boost|p1a: Braviary|atk|0
|-boost|p1a: Braviary|def|0
|move|p2a: :FEAR3:|Fly|p1a: Braviary|[from]lockedmove
|-damage|p1a: Braviary|86/100
|
|upkeep
|turn|67
|inactive|JAY100064 has 90 seconds left.
|c|☆JAY100064|ik thats what im waiting for
|c|☆JAY100064|i been watching the pp
|
|t:|1620142982
|move|p2a: :FEAR3:|Copycat|p2a: :FEAR3:
|move|p2a: :FEAR3:|Fly||[from]move: Copycat|[still]
|-prepare|p2a: :FEAR3:|Fly
|move|p1a: Braviary|Bulk Up|p1a: Braviary
|-boost|p1a: Braviary|atk|0
|-boost|p1a: Braviary|def|0
|
|upkeep
|turn|68
|inactive|JAY100064 has 60 seconds left.
|
|t:|1620143009
|move|p1a: Braviary|Bulk Up|p1a: Braviary
|-boost|p1a: Braviary|atk|0
|-boost|p1a: Braviary|def|0
|move|p2a: :FEAR3:|Fly|p1a: Braviary|[from]lockedmove
|-damage|p1a: Braviary|79/100
|
|upkeep
|turn|69
|inactive|JAY100064 has 60 seconds left.
|
|t:|1620143016
|move|p2a: :FEAR3:|Copycat|p2a: :FEAR3:
|move|p2a: :FEAR3:|Fly||[from]move: Copycat|[still]
|-prepare|p2a: :FEAR3:|Fly
|move|p1a: Braviary|Bulk Up|p1a: Braviary
|-boost|p1a: Braviary|atk|0
|-boost|p1a: Braviary|def|0
|
|upkeep
|turn|70
|inactive|JAY100064 has 60 seconds left.
|inactive|JAY100064 has 30 seconds left.
|
|t:|1620143063
|move|p1a: Braviary|Bulk Up|p1a: Braviary
|-boost|p1a: Braviary|atk|0
|-boost|p1a: Braviary|def|0
|move|p2a: :FEAR3:|Fly|p1a: Braviary|[from]lockedmove
|-damage|p1a: Braviary|71/100
|
|upkeep
|turn|71
|inactive|JAY100064 has 30 seconds left.
|inactive|JAY100064 has 20 seconds left.
|
|t:|1620143084
|move|p2a: :FEAR3:|Copycat|p2a: :FEAR3:
|move|p2a: :FEAR3:|Fly||[from]move: Copycat|[still]
|-prepare|p2a: :FEAR3:|Fly
|move|p1a: Braviary|Bulk Up|p1a: Braviary
|-boost|p1a: Braviary|atk|0
|-boost|p1a: Braviary|def|0
|
|upkeep
|turn|72
|inactive|JAY100064 has 30 seconds left this turn.
|
|t:|1620143094
|move|p1a: Braviary|Roost|p1a: Braviary
|-heal|p1a: Braviary|100/100
|-singleturn|p1a: Braviary|move: Roost
|move|p2a: :FEAR3:|Fly|p1a: Braviary|[from]lockedmove
|-damage|p1a: Braviary|93/100
|
|upkeep
|turn|73
|inactive|JAY100064 has 30 seconds left.
|
|t:|1620143116
|move|p2a: :FEAR3:|Protect|p2a: :FEAR3:
|-singleturn|p2a: :FEAR3:|Protect
|move|p1a: Braviary|Brave Bird|p2a: :FEAR3:
|-activate|p2a: :FEAR3:|move: Protect
|
|upkeep
|turn|74
|c|☆JAY100064|now the substitue is coming
|inactive|JAY100064 has 30 seconds left.
|
|t:|1620143126
|move|p2a: :FEAR3:|Substitute|p2a: :FEAR3:
|-start|p2a: :FEAR3:|Substitute
|-damage|p2a: :FEAR3:|76/100
|move|p1a: Braviary|Brave Bird|p2a: :FEAR3:
|-supereffective|p2a: :FEAR3:
|-end|p2a: :FEAR3:|Substitute
|-damage|p1a: Braviary|87/100|[from] Recoil|[of] p2a: :FEAR3:
|-damage|p1a: Braviary|77/100|[from] item: Life Orb
|
|upkeep
|turn|75
|inactive|JAY100064 has 30 seconds left.
|c|☆JAY100064|why is it so fast?
|inactive|JAY100064 has 20 seconds left.
|c|☆Trainer Hashs|prankster
|c|☆JAY100064|choiced?
|inactive|JAY100064 has 15 seconds left.
|
|t:|1620143155
|move|p2a: :FEAR3:|Protect|p2a: :FEAR3:
|-singleturn|p2a: :FEAR3:|Protect
|move|p1a: Braviary|Brave Bird|p2a: :FEAR3:
|-activate|p2a: :FEAR3:|move: Protect
|
|upkeep
|turn|76
|inactive|JAY100064 has 25 seconds left this turn.
|c|☆JAY100064|oh
|c|☆Trainer Hashs|grants prio to status moves
|inactive|JAY100064 has 20 seconds left.
|inactive|JAY100064 has 15 seconds left.
|
|t:|1620143172
|move|p2a: :FEAR3:|Substitute|p2a: :FEAR3:
|-start|p2a: :FEAR3:|Substitute
|-damage|p2a: :FEAR3:|51/100
|move|p1a: Braviary|Brave Bird|p2a: :FEAR3:
|-supereffective|p2a: :FEAR3:
|-end|p2a: :FEAR3:|Substitute
|-damage|p1a: Braviary|72/100|[from] Recoil|[of] p2a: :FEAR3:
|-damage|p1a: Braviary|62/100|[from] item: Life Orb
|
|upkeep
|turn|77
|inactive|JAY100064 has 25 seconds left this turn.
|inactive|JAY100064 has 20 seconds left.
|inactive|JAY100064 has 15 seconds left.
|
|t:|1620143183
|move|p2a: :FEAR3:|Protect|p2a: :FEAR3:
|-singleturn|p2a: :FEAR3:|Protect
|move|p1a: Braviary|Brave Bird|p2a: :FEAR3:
|-activate|p2a: :FEAR3:|move: Protect
|
|upkeep
|turn|78
|inactive|JAY100064 has 25 seconds left this turn.
|inactive|JAY100064 has 20 seconds left.
|
|t:|1620143189
|move|p2a: :FEAR3:|Substitute|p2a: :FEAR3:
|-start|p2a: :FEAR3:|Substitute
|-damage|p2a: :FEAR3:|26/100
|move|p1a: Braviary|Roost|p1a: Braviary
|-heal|p1a: Braviary|100/100
|-singleturn|p1a: Braviary|move: Roost
|
|upkeep
|turn|79
|inactive|JAY100064 has 30 seconds left this turn.
|
|t:|1620143200
|move|p2a: :FEAR3:|Protect|p2a: :FEAR3:
|-singleturn|p2a: :FEAR3:|Protect
|move|p1a: Braviary|Brave Bird|p2a: :FEAR3:
|-activate|p2a: :FEAR3:|move: Protect
|
|upkeep
|turn|80
|inactive|JAY100064 has 30 seconds left.
|
|t:|1620143210
|move|p2a: :FEAR3:|Bullet Punch|p1a: Braviary
|-damage|p1a: Braviary|97/100
|move|p1a: Braviary|Brave Bird|p2a: :FEAR3:
|-supereffective|p2a: :FEAR3:
|-end|p2a: :FEAR3:|Substitute
|-damage|p1a: Braviary|92/100|[from] Recoil|[of] p2a: :FEAR3:
|-damage|p1a: Braviary|82/100|[from] item: Life Orb
|
|upkeep
|turn|81
|
|t:|1620143219
|move|p2a: :FEAR3:|Protect|p2a: :FEAR3:
|-singleturn|p2a: :FEAR3:|Protect
|move|p1a: Braviary|Brave Bird|p2a: :FEAR3:
|-activate|p2a: :FEAR3:|move: Protect
|
|upkeep
|turn|82
|
|t:|1620143225
|move|p2a: :FEAR3:|Substitute|p2a: :FEAR3:
|-start|p2a: :FEAR3:|Substitute
|-damage|p2a: :FEAR3:|1/100
|move|p1a: Braviary|Brave Bird|p2a: :FEAR3:
|-supereffective|p2a: :FEAR3:
|-end|p2a: :FEAR3:|Substitute
|-damage|p1a: Braviary|76/100|[from] Recoil|[of] p2a: :FEAR3:
|-damage|p1a: Braviary|66/100|[from] item: Life Orb
|
|upkeep
|turn|83
|c|☆JAY100064|no more substitue
|
|t:|1620143236
|move|p2a: :FEAR3:|Protect|p2a: :FEAR3:
|-singleturn|p2a: :FEAR3:|Protect
|move|p1a: Braviary|Brave Bird|p2a: :FEAR3:
|-activate|p2a: :FEAR3:|move: Protect
|
|upkeep
|turn|84
|c|☆Trainer Hashs|at last
|c|☆JAY100064|and protect will fail at on point
|
|t:|1620143250
|move|p2a: :FEAR3:|Bullet Punch|p1a: Braviary
|-damage|p1a: Braviary|63/100
|move|p1a: Braviary|Brave Bird|p2a: :FEAR3:
|-supereffective|p2a: :FEAR3:
|-damage|p2a: :FEAR3:|0 fnt
|faint|p2a: :FEAR3:
|-damage|p1a: Braviary|63/100|[from] Recoil
|-damage|p1a: Braviary|53/100|[from] item: Life Orb
|
|upkeep
|
|t:|1620143264
|switch|p2a: :FEAR5:|Rattata-Alola, L1, M|100/100
|turn|85
|c|☆JAY100064|oh drain punch was for more hp
|
|t:|1620143268
|move|p1a: Braviary|Superpower|p2a: :FEAR5:
|-supereffective|p2a: :FEAR5:
|-enditem|p2a: :FEAR5:|Focus Sash
|-damage|p2a: :FEAR5:|10/100
|-unboost|p1a: Braviary|atk|1
|-unboost|p1a: Braviary|def|1
|-damage|p1a: Braviary|43/100|[from] item: Life Orb
|move|p2a: :FEAR5:|Endeavor|p1a: Braviary
|-damage|p1a: Braviary|1/100
|
|upkeep
|turn|86
|inactive|JAY100064 has 60 seconds left.
|c|☆Trainer Hashs|here's the classic
|c|☆JAY100064|girl
|
|t:|1620143286
|move|p2a: :FEAR5:|Quick Attack|p1a: Braviary
|-damage|p1a: Braviary|0 fnt
|faint|p1a: Braviary
|
|upkeep
|
|t:|1620143296
|switch|p1a: Metagross|Metagross-Mega, shiny|72/100
|turn|87
|
|t:|1620143299
|move|p1a: Metagross|Hammer Arm|p2a: :FEAR5:
|-supereffective|p2a: :FEAR5:
|-damage|p2a: :FEAR5:|0 fnt
|-unboost|p1a: Metagross|spe|1
|faint|p2a: :FEAR5:
|
|upkeep
|
|t:|1620143303
|switch|p2a: :FEAR:|Aron, L1, M, shiny|100/100
|turn|88
|
|t:|1620143310
|move|p1a: Metagross|Hammer Arm|p2a: :FEAR:
|-supereffective|p2a: :FEAR:
|-ability|p2a: :FEAR:|Sturdy
|-damage|p2a: :FEAR:|9/100
|-unboost|p1a: Metagross|spe|1
|move|p2a: :FEAR:|Endeavor|p1a: Metagross
|-damage|p1a: Metagross|1/100
|-heal|p2a: :FEAR:|100/100|[from] item: Shell Bell|[of] p1a: Metagross
|
|upkeep
|turn|89
|c|☆Trainer Hashs|i can't hit you tho
|c|☆Trainer Hashs|problematic
|c|☆JAY100064|oh
|inactive|Trainer Hashs has 120 seconds left.
|
|t:|1620143348
|move|p2a: :FEAR:|Protect|p2a: :FEAR:
|-singleturn|p2a: :FEAR:|Protect
|move|p1a: Metagross|Hammer Arm|p2a: :FEAR:
|-activate|p2a: :FEAR:|move: Protect
|
|upkeep
|turn|90
|inactive|Trainer Hashs has 120 seconds left.
|inactive|JAY100064 has 60 seconds left.
|
|t:|1620143386
|move|p1a: Metagross|Hammer Arm|p2a: :FEAR:
|-supereffective|p2a: :FEAR:
|-ability|p2a: :FEAR:|Sturdy
|-damage|p2a: :FEAR:|9/100
|-unboost|p1a: Metagross|spe|1
|move|p2a: :FEAR:|Endeavor|p1a: Metagross
|-immune|p1a: Metagross
|
|upkeep
|turn|91
|inactive|Trainer Hashs has 120 seconds left.
|inactive|JAY100064 has 30 seconds left.
|
|t:|1620143412
|move|p1a: Metagross|Hammer Arm|p2a: :FEAR:
|-supereffective|p2a: :FEAR:
|-damage|p2a: :FEAR:|0 fnt
|-unboost|p1a: Metagross|spe|1
|faint|p2a: :FEAR:
|
|upkeep
|inactive|JAY100064 has 30 seconds left this turn.
|
|t:|1620143416
|switch|p2a: Lol!|Zacian-Crowned|100/100
|-ability|p2a: Lol!|Intrepid Sword|boost
|-boost|p2a: Lol!|atk|1
|turn|92
|
|t:|1620143424
|move|p2a: Lol!|Quick Attack|p1a: Metagross
|-resisted|p1a: Metagross
|-damage|p1a: Metagross|0 fnt
|faint|p1a: Metagross
|
|upkeep
|
|t:|1620143431
|switch|p1a: Volcarona|Volcarona, F, shiny|34/100
|-status|p1a: Volcarona|psn
|turn|93
|
|t:|1620143440
|move|p2a: Lol!|Quick Attack|p1a: Volcarona
|-damage|p1a: Volcarona|0 fnt
|faint|p1a: Volcarona
|
|upkeep
|
|t:|1620143445
|switch|p1a: Kommo-o|Kommo-o, M, shiny|100/100
|-status|p1a: Kommo-o|psn
|turn|94
|
|t:|1620143454
|move|p2a: Lol!|Play Rough|p1a: Kommo-o
|-supereffective|p1a: Kommo-o
|-damage|p1a: Kommo-o|0 fnt
|faint|p1a: Kommo-o
|
|upkeep
|c|☆Trainer Hashs|i swear if this somehow wins zacian is certified broken
|
|t:|1620143460
|switch|p1a: Garchomp|Garchomp, M, shiny|100/100
|-status|p1a: Garchomp|psn
|turn|95
|
|t:|1620143465
|move|p2a: Lol!|Play Rough|p1a: Garchomp
|-supereffective|p1a: Garchomp
|-damage|p1a: Garchomp|0 fnt
|-damage|p2a: Lol!|88/100|[from] ability: Rough Skin|[of] p1a: Garchomp
|faint|p1a: Garchomp
|
|win|Trainer Hashs
|raw|JAY100064's rating: 1081 &rarr; <strong>1063</strong><br />(-18 for losing)
|raw|Trainer Hashs's rating: 1141 &rarr; <strong>1162</strong><br />(+21 for winning)
|c|☆Trainer Hashs|zacian certified broken
|c|☆JAY100064|ok teach me
|c|☆JAY100064|you can paste it here
|c|☆JAY100064|its a good team
|c|☆Trainer Hashs|i'm not autoconfirmed, f
||Ladder isn't responding, score probably updated but might not have (Request timeout).
|c|☆JAY100064|?
|c|☆Trainer Hashs|can't send links
|c|☆JAY100064|oh
|c|☆JAY100064|i thought you were pasting the team
|c|☆Trainer Hashs|I tried to
|c|☆JAY100064|can you upload to a site or
|c|☆Trainer Hashs|79a3e351af0f436a
|c|☆Trainer Hashs|this is the thing you put after the url for pokepaste
|c|☆JAY100064|oh
|c|☆JAY100064|oh
|c|☆JAY100064|i got it thank you
|c|☆JAY100064|how do you use though
|c|☆JAY100064|hmmm
|c|☆Trainer Hashs|pineco sets up toxic spikes
|c|☆Trainer Hashs|then spams pain split
|c|☆Trainer Hashs|toxic to kill if needed
|c|☆JAY100064|ok
|c|☆JAY100064|toxic or toxic spikes?
|c|☆Trainer Hashs|if toxic spikes are working, aron can come out, when it uses endeavor it heals fully due to shell bell so they drop to 1 hp and then die to tox spikes
|c|☆Trainer Hashs|toxic to kill, toxic spikes as initial setup
|c|☆JAY100064|ok
|c|☆Trainer Hashs|pineco only has to worry about multihit moves because it heals fully after first hit due to berry juice
|c|☆JAY100064|ok
|c|☆Trainer Hashs|as for skarmory and riolu, you have skarmory get hit, dropped down to 1 hp, fly, then die to sticky barb
|c|☆Trainer Hashs|then riolu does copycat spam
|c|☆Trainer Hashs|the rat is obvious
|c|☆Trainer Hashs|and zacian I use for endgame killing everything as you saw, or just busting down problematic pokes like weather/hazard setters or ghosts
|c|☆JAY100064|lol
|c|☆JAY100064|ok
|c|☆JAY100064|thank you
|c|☆Trainer Hashs|np, enjoy (:
|c|☆JAY100064|i cant add players here?
|c|☆Trainer Hashs|idk, haven't played showdown much
