|j|☆CLEAR GEM清瑜
|j|☆amnael1
|t:|1664982832
|gametype|singles
|player|p1|CLEAR GEM清瑜|skierf|1716
|player|p2|amnael1|169|1929
|teamsize|p1|6
|teamsize|p2|6
|gen|8
|tier|[Gen 8] National Dex AG
|rated|
|rule|HP Percentage Mod: HP is shown in percentages
|rule|Endless Battle Clause: Forcing endless battles is banned
|clearpoke
|poke|p1|Rayquaza|
|poke|p1|Groudon|
|poke|p1|Necrozma-Dusk-Mane|
|poke|p1|Arceus-*|
|poke|p1|Zacian-*|
|poke|p1|Yveltal|
|poke|p2|Smeargle, M|
|poke|p2|Groudon|
|poke|p2|Espeon, F|
|poke|p2|Rayquaza|
|poke|p2|Xerneas-*|
|poke|p2|Zacian-*|
|teampreview
|inactive|Battle timer is ON: inactive players will automatically lose when time's up. (requested by CLEAR GEM清瑜)
|
|t:|1664982841
|start
|switch|p1a: 老烈|Rayquaza, shiny|100/100
|switch|p2a: Zacian|Zacian-Crowned|100/100
|-ability|p2a: Zacian|Intrepid Sword|boost
|-boost|p2a: Zacian|atk|1
|-ability|p1a: 老烈|Air Lock
|turn|1
|
|t:|1664982847
|detailschange|p1a: 老烈|Rayquaza-Mega, shiny
|-mega|p1a: 老烈|Rayquaza|
|-weather|DeltaStream|[from] ability: Delta Stream|[of] p1a: 老烈
|move|p2a: Zacian|Play Rough|p1a: 老烈|[miss]
|-miss|p2a: Zacian|p1a: 老烈
|move|p1a: 老烈|Earthquake|p2a: Zacian
|-supereffective|p2a: Zacian
|-damage|p2a: Zacian|0 fnt
|faint|p2a: Zacian
|-damage|p1a: 老烈|91/100|[from] item: Life Orb
|
|-weather|DeltaStream|[upkeep]
|upkeep
|
|t:|1664982853
|switch|p2a: Rayquaza|Rayquaza|100/100
|-ability|p2a: Rayquaza|Air Lock
|turn|2
|
|t:|1664982857
|-weather|none
|switch|p1a: 不会(?)|Groudon|100/100
|detailschange|p1a: 不会(?)|Groudon-Primal
|-primal|p1a: 不会(?)
|-weather|DesolateLand|[from] ability: Desolate Land|[of] p1a: 不会(?)
|detailschange|p2a: Rayquaza|Rayquaza-Mega
|-mega|p2a: Rayquaza|Rayquaza|
|-weather|DeltaStream|[from] ability: Delta Stream|[of] p2a: Rayquaza
|move|p2a: Rayquaza|Dragon Dance|p2a: Rayquaza
|-boost|p2a: Rayquaza|atk|1
|-boost|p2a: Rayquaza|spe|1
|
|-weather|DeltaStream|[upkeep]
|upkeep
|turn|3
|
|t:|1664982862
|move|p2a: Rayquaza|Earthquake|p1a: 不会(?)
|-supereffective|p1a: 不会(?)
|-damage|p1a: 不会(?)|38/100
|move|p1a: 不会(?)|Thunder Wave|p2a: Rayquaza
|-status|p2a: Rayquaza|par
|
|-weather|DeltaStream|[upkeep]
|upkeep
|turn|4
|
|t:|1664982869
|move|p2a: Rayquaza|Earthquake|p1a: 不会(?)
|-supereffective|p1a: 不会(?)
|-damage|p1a: 不会(?)|0 fnt
|faint|p1a: 不会(?)
|
|-weather|DeltaStream|[upkeep]
|upkeep
|
|t:|1664982873
|switch|p1a: 老烈|Rayquaza-Mega, shiny|91/100
|turn|5
|
|t:|1664982875
|move|p1a: 老烈|Scale Shot|p2a: Rayquaza
|-supereffective|p2a: Rayquaza
|-damage|p2a: Rayquaza|55/100 par
|-supereffective|p2a: Rayquaza
|-damage|p2a: Rayquaza|4/100 par
|-supereffective|p2a: Rayquaza
|-damage|p2a: Rayquaza|0 fnt
|faint|p2a: Rayquaza
|-hitcount|p2: Rayquaza|3
|-unboost|p1a: 老烈|def|1
|-boost|p1a: 老烈|spe|1
|-damage|p1a: 老烈|81/100|[from] item: Life Orb
|
|-weather|DeltaStream|[upkeep]
|upkeep
|
|t:|1664982882
|switch|p2a: Espeon|Espeon, F|100/100
|turn|6
|
|t:|1664982886
|move|p1a: 老烈|Scale Shot|p2a: Espeon
|-damage|p2a: Espeon|54/100
|-damage|p2a: Espeon|11/100
|-damage|p2a: Espeon|0 fnt
|faint|p2a: Espeon
|-hitcount|p2: Espeon|3
|-unboost|p1a: 老烈|def|1
|-boost|p1a: 老烈|spe|1
|-damage|p1a: 老烈|71/100|[from] item: Life Orb
|
|-weather|DeltaStream|[upkeep]
|upkeep
|
|t:|1664982892
|switch|p2a: Smeargle|Smeargle, M|100/100
|turn|7
|
|t:|1664982895
|move|p2a: Smeargle|Spiky Shield|p2a: Smeargle
|-singleturn|p2a: Smeargle|move: Protect
|move|p1a: 老烈|Scale Shot|p2a: Smeargle
|-activate|p2a: Smeargle|move: Protect
|
|-weather|DeltaStream|[upkeep]
|-ability|p2a: Smeargle|Moody|boost
|-boost|p2a: Smeargle|def|2
|-unboost|p2a: Smeargle|spa|1
|upkeep
|turn|8
|
|t:|1664982898
|move|p1a: 老烈|Scale Shot|p2a: Smeargle
|-damage|p2a: Smeargle|72/100
|-damage|p2a: Smeargle|43/100
|-hitcount|p2a: Smeargle|2
|-unboost|p1a: 老烈|def|1
|-boost|p1a: 老烈|spe|1
|-damage|p1a: 老烈|61/100|[from] item: Life Orb
|move|p2a: Smeargle|Spore|p1a: 老烈
|-status|p1a: 老烈|slp|[from] move: Spore
|
|-weather|DeltaStream|[upkeep]
|-ability|p2a: Smeargle|Moody|boost
|-boost|p2a: Smeargle|spa|2
|-unboost|p2a: Smeargle|def|1
|upkeep
|turn|9
|
|t:|1664982904
|cant|p1a: 老烈|slp
|move|p2a: Smeargle|Baton Pass|p2a: Smeargle
|
|t:|1664982906
|switch|p2a: Xerneas|Xerneas|100/100|[from]move: Baton Pass
|-ability|p2a: Xerneas|Fairy Aura
|
|-weather|DeltaStream|[upkeep]
|upkeep
|turn|10
|
|t:|1664982907
|cant|p1a: 老烈|slp
|move|p2a: Xerneas|Geomancy||[still]
|-prepare|p2a: Xerneas|Geomancy
|-enditem|p2a: Xerneas|Power Herb
|-anim|p2a: Xerneas|Geomancy|p2a: Xerneas
|-boost|p2a: Xerneas|spa|2
|-boost|p2a: Xerneas|spd|2
|-boost|p2a: Xerneas|spe|2
|
|-weather|DeltaStream|[upkeep]
|upkeep
|turn|11
|
|t:|1664982909
|-curestatus|p1a: 老烈|slp|[msg]
|move|p1a: 老烈|Dragon Ascent|p2a: Xerneas
|-damage|p2a: Xerneas|47/100
|-unboost|p1a: 老烈|def|1
|-unboost|p1a: 老烈|spd|1
|-damage|p1a: 老烈|51/100|[from] item: Life Orb
|move|p2a: Xerneas|Moonblast|p1a: 老烈
|-supereffective|p1a: 老烈
|-damage|p1a: 老烈|0 fnt
|faint|p1a: 老烈
|-weather|none
|
|upkeep
|
|t:|1664982915
|switch|p1a: 悬空羊驼|Arceus-Flying|100/100
|turn|12
|
|t:|1664982918
|-start|p2a: Xerneas|Dynamax|
|-heal|p2a: Xerneas|47/100|[silent]
|-start|p1a: 悬空羊驼|Dynamax|
|-heal|p1a: 悬空羊驼|100/100|[silent]
|move|p2a: Xerneas|Max Starfall|p1a: 悬空羊驼
|-damage|p1a: 悬空羊驼|33/100
|-fieldstart|move: Misty Terrain
|move|p1a: 悬空羊驼|Max Airstream|p2a: Xerneas
|-damage|p2a: Xerneas|27/100
|-boost|p1a: 悬空羊驼|spe|1
|
|upkeep
|turn|13
|
|t:|1664982924
|move|p1a: 悬空羊驼|Max Guard|p1a: 悬空羊驼
|-singleturn|p1a: 悬空羊驼|Max Guard
|move|p2a: Xerneas|Max Starfall|p1a: 悬空羊驼
|-activate|p1a: 悬空羊驼|move: Max Guard
|
|upkeep
|turn|14
|
|t:|1664982925
|move|p2a: Xerneas|Max Starfall|p1a: 悬空羊驼
|-damage|p1a: 悬空羊驼|0 fnt
|faint|p1a: 悬空羊驼
|
|upkeep
|
|t:|1664982930
|switch|p1a: 钢铁之躯|Necrozma-Dusk-Mane|100/100
|-end|p2a: Xerneas|Dynamax
|-heal|p2a: Xerneas|27/100|[silent]
|turn|15
|
|t:|1664982934
|move|p2a: Xerneas|Hidden Power|p1a: 钢铁之躯
|-supereffective|p1a: 钢铁之躯
|-damage|p1a: 钢铁之躯|42/100
|move|p1a: 钢铁之躯|Photon Geyser|p2a: Xerneas
|-damage|p2a: Xerneas|0 fnt
|faint|p2a: Xerneas
|
|upkeep
|
|t:|1664982940
|switch|p2a: Smeargle|Smeargle, M|43/100
|turn|16
|
|t:|1664982942
|detailschange|p1a: 钢铁之躯|Necrozma-Ultra
|-burst|p1a: 钢铁之躯|Necrozma|Ultranecrozium Z
|move|p2a: Smeargle|Spiky Shield|p2a: Smeargle
|-singleturn|p2a: Smeargle|move: Protect
|move|p1a: 钢铁之躯|Photon Geyser|p2a: Smeargle
|-activate|p2a: Smeargle|move: Protect
|
|-fieldend|Misty Terrain
|-ability|p2a: Smeargle|Moody|boost
|-boost|p2a: Smeargle|atk|2
|-unboost|p2a: Smeargle|spd|1
|upkeep
|turn|17
|
|t:|1664982944
|move|p1a: 钢铁之躯|Photon Geyser|p2a: Smeargle
|-damage|p2a: Smeargle|0 fnt
|faint|p2a: Smeargle
|
|upkeep
|
|t:|1664982946
|switch|p2a: Groudon|Groudon|100/100
|detailschange|p2a: Groudon|Groudon-Primal
|-primal|p2a: Groudon
|-weather|DesolateLand|[from] ability: Desolate Land|[of] p2a: Groudon
|turn|18
|
|t:|1664982948
|-zpower|p1a: 钢铁之躯
|move|p1a: 钢铁之躯|Light That Burns the Sky|p2a: Groudon|[zeffect]
|-damage|p2a: Groudon|12/100
|move|p2a: Groudon|Earthquake|p1a: 钢铁之躯
|-damage|p1a: 钢铁之躯|0 fnt
|faint|p1a: 钢铁之躯
|
|-weather|DesolateLand|[upkeep]
|upkeep
|
|t:|1664982950
|switch|p1a: 嘉然小姐的狗|Zacian-Crowned|100/100
|-ability|p1a: 嘉然小姐的狗|Intrepid Sword|boost
|-boost|p1a: 嘉然小姐的狗|atk|1
|turn|19
|
|t:|1664982952
|move|p1a: 嘉然小姐的狗|Behemoth Blade|p2a: Groudon
|-resisted|p2a: Groudon
|-damage|p2a: Groudon|0 fnt
|faint|p2a: Groudon
|-weather|none
|
|win|CLEAR GEM清瑜
|raw|CLEAR GEM清瑜's rating: 1716 &rarr; <strong>1747</strong><br />(+31 for winning)
|raw|amnael1's rating: 1929 &rarr; <strong>1898</strong><br />(-31 for losing)
|l|☆amnael1
||Ladder isn't responding, score probably updated but might not have (Request timeout).
