|j|☆coolthingdude
|j|☆King Ace 13
|t:|1638798343
|gametype|singles
|player|p1|coolthingdude|giovanni|1187
|player|p2|King Ace 13|dawn|1144
|teamsize|p1|6
|teamsize|p2|6
|gen|8
|tier|[Gen 8] National Dex AG
|rated|
|rule|HP Percentage Mod: HP is shown in percentages
|rule|Endless Battle Clause: Forcing endless battles is banned
|clearpoke
|poke|p1|Ninetales, F|
|poke|p1|Venusaur, M|
|poke|p1|Charizard, M|
|poke|p1|Blacephalon|
|poke|p1|Torkoal, F|
|poke|p1|Infernape, F|
|poke|p2|Swellow, F|
|poke|p2|Dodrio, F|
|poke|p2|Fearow, F|
|poke|p2|Chatot, M|
|poke|p2|Staraptor, F|
|poke|p2|Unfezant, F|
|teampreview
|
|t:|1638798347
|start
|switch|p1a: Torkoal|Torkoal, F|100/100
|switch|p2a: Swellow|Swellow, F|100/100
|-weather|SunnyDay|[from] ability: Drought|[of] p1a: Torkoal
|turn|1
|c|☆coolthingdude|nice
|c|☆coolthingdude|monoteam
|c|☆coolthingdude|very few
|inactive|Battle timer is ON: inactive players will automatically lose when time's up. (requested by King Ace 13)
|
|t:|1638798367
|move|p2a: Swellow|Boomburst|p1a: Torkoal
|-damage|p1a: Torkoal|7/100
|move|p1a: Torkoal|Stealth Rock|p2a: Swellow
|-sidestart|p2: King Ace 13|move: Stealth Rock
|
|-weather|SunnyDay|[upkeep]
|upkeep
|turn|2
|c|☆coolthingdude|going defog?
|c|☆King Ace 13|🕊
|
|t:|1638798393
|move|p2a: Swellow|Boomburst|p1a: Torkoal
|-damage|p1a: Torkoal|0 fnt
|faint|p1a: Torkoal
|
|-weather|SunnyDay|[upkeep]
|upkeep
|
|t:|1638798401
|switch|p1a: Infernape|Infernape, F|100/100
|turn|3
|
|t:|1638798411
|move|p2a: Swellow|Boomburst|p1a: Infernape
|-enditem|p1a: Infernape|Focus Sash
|-damage|p1a: Infernape|1/100
|move|p1a: Infernape|Thunder Punch|p2a: Swellow
|-supereffective|p2a: Swellow
|-damage|p2a: Swellow|0 fnt
|faint|p2a: Swellow
|
|-weather|SunnyDay|[upkeep]
|upkeep
|
|t:|1638798420
|switch|p2a: Unfezant|Unfezant, F|100/100
|-damage|p2a: Unfezant|76/100|[from] Stealth Rock
|turn|4
|
|t:|1638798428
|move|p1a: Infernape|Mach Punch|p2a: Unfezant
|-damage|p2a: Unfezant|48/100
|move|p2a: Unfezant|Quick Attack|p1a: Infernape
|-damage|p1a: Infernape|0 fnt
|faint|p1a: Infernape
|
|-weather|SunnyDay|[upkeep]
|upkeep
|
|t:|1638798438
|switch|p1a: Ninetales|Ninetales, F|100/100
|turn|5
|
|t:|1638798443
|move|p2a: Unfezant|Quick Attack|p1a: Ninetales
|-damage|p1a: Ninetales|56/100
|move|p1a: Ninetales|Fire Blast|p2a: Unfezant
|-damage|p2a: Unfezant|0 fnt
|faint|p2a: Unfezant
|
|-weather|none
|upkeep
|
|t:|1638798463
|switch|p2a: Fearow|Fearow, F|100/100
|-damage|p2a: Fearow|76/100|[from] Stealth Rock
|turn|6
|
|t:|1638798473
|move|p2a: Fearow|Drill Run|p1a: Ninetales
|-supereffective|p1a: Ninetales
|-damage|p1a: Ninetales|0 fnt
|faint|p1a: Ninetales
|
|upkeep
|
|t:|1638798493
|switch|p1a: Blacephalon|Blacephalon|100/100
|turn|7
|
|t:|1638798499
|move|p1a: Blacephalon|Fire Blast|p2a: Fearow
|-damage|p2a: Fearow|0 fnt
|faint|p2a: Fearow
|-ability|p1a: Blacephalon|Beast Boost|boost
|-boost|p1a: Blacephalon|spa|1
|
|upkeep
|
|t:|1638798509
|switch|p2a: Dodrio|Dodrio, F|100/100
|-damage|p2a: Dodrio|76/100|[from] Stealth Rock
|turn|8
|
|t:|1638798514
|move|p1a: Blacephalon|Fire Blast|p2a: Dodrio|[miss]
|-miss|p1a: Blacephalon|p2a: Dodrio
|move|p2a: Dodrio|Knock Off|p1a: Blacephalon
|-supereffective|p1a: Blacephalon
|-damage|p1a: Blacephalon|0 fnt
|-enditem|p1a: Blacephalon|Choice Scarf|[from] move: Knock Off|[of] p2a: Dodrio
|faint|p1a: Blacephalon
|
|upkeep
|
|t:|1638798522
|switch|p1a: Charizard|Charizard, M|100/100
|turn|9
|
|t:|1638798526
|detailschange|p1a: Charizard|Charizard-Mega-X, M
|-mega|p1a: Charizard|Charizard|Charizardite X
|move|p2a: Dodrio|Knock Off|p1a: Charizard
|-crit|p1a: Charizard
|-damage|p1a: Charizard|69/100
|move|p1a: Charizard|Rock Slide|p2a: Dodrio|[miss]
|-miss|p1a: Charizard|p2a: Dodrio
|
|upkeep
|turn|10
|
|t:|1638798536
|move|p2a: Dodrio|Body Slam|p1a: Charizard
|-damage|p1a: Charizard|30/100
|-status|p1a: Charizard|par
|cant|p1a: Charizard|par
|
|upkeep
|turn|11
|c|☆coolthingdude|gg
|l|☆coolthingdude
|inactive|coolthingdude disconnected and has a minute to reconnect!
|player|p1|
|inactive|coolthingdude has 30 seconds to reconnect!
|inactive|coolthingdude has 20 seconds to reconnect!
|inactive|coolthingdude has 15 seconds to reconnect!
|inactive|coolthingdude has 10 seconds to reconnect!
|inactive|coolthingdude has 5 seconds to reconnect!
|-message|coolthingdude lost due to inactivity.
|
|win|King Ace 13
|raw|coolthingdude's rating: 1187 &rarr; <strong>1159</strong><br />(-28 for losing)
|raw|King Ace 13's rating: 1144 &rarr; <strong>1172</strong><br />(+28 for winning)
