|j|☆Horseradisk
|j|☆nakabisha2
|inactive|Battle timer is ON: inactive players will automatically lose when time's up.
|t:|1641116456
|gametype|singles
|player|p1|Horseradisk|266|
|player|p2|nakabisha2|lucas|
|teamsize|p1|6
|teamsize|p2|6
|gen|8
|tier|[Gen 8] National Dex AG
|rated|Tournament battle
|rule|HP Percentage Mod: HP is shown in percentages
|rule|Endless Battle Clause: Forcing endless battles is banned
|clearpoke
|poke|p1|Ditto|
|poke|p1|Arceus-*|
|poke|p1|Yveltal|
|poke|p1|Necrozma-Dusk-Mane|
|poke|p1|Arceus-*|
|poke|p1|Rayquaza|
|poke|p2|Rayquaza|
|poke|p2|Arceus-*|
|poke|p2|Necrozma-Dusk-Mane|
|poke|p2|Zacian-*|
|poke|p2|Ditto|
|poke|p2|Shedinja|
|teampreview
|j| Browneyes64
|c|☆Horseradisk|Gl hf
|
|t:|1641116467
|start
|switch|p1a: Yveltal|Yveltal|100/100
|switch|p2a: Zacian|Zacian-Crowned|100/100
|-ability|p2a: Zacian|Intrepid Sword|boost
|-boost|p2a: Zacian|atk|1
|-ability|p1a: Yveltal|Dark Aura
|turn|1
|
|t:|1641116472
|switch|p1a: Necrozma|Necrozma-Dusk-Mane|100/100
|move|p2a: Zacian|Behemoth Blade|p1a: Necrozma
|-resisted|p1a: Necrozma
|-damage|p1a: Necrozma|76/100
|-damage|p2a: Zacian|84/100|[from] item: Rocky Helmet|[of] p1a: Necrozma
|
|upkeep
|turn|2
|c|☆nakabisha2|u2
|c| Browneyes64|5d chess masted Horseradisk
|
|t:|1641116477
|move|p2a: Zacian|Swords Dance|p2a: Zacian
|-boost|p2a: Zacian|atk|2
|move|p1a: Necrozma|Morning Sun|p1a: Necrozma
|-heal|p1a: Necrozma|100/100
|
|upkeep
|turn|3
|
|t:|1641116482
|move|p2a: Zacian|Close Combat|p1a: Necrozma
|-damage|p1a: Necrozma|37/100
|-unboost|p2a: Zacian|def|1
|-unboost|p2a: Zacian|spd|1
|-damage|p2a: Zacian|67/100|[from] item: Rocky Helmet|[of] p1a: Necrozma
|move|p1a: Necrozma|Stealth Rock|p2a: Zacian
|-sidestart|p2: nakabisha2|move: Stealth Rock
|
|upkeep
|turn|4
|
|t:|1641116491
|move|p2a: Zacian|Close Combat|p1a: Necrozma
|-damage|p1a: Necrozma|0 fnt
|-unboost|p2a: Zacian|def|1
|-unboost|p2a: Zacian|spd|1
|-damage|p2a: Zacian|51/100|[from] item: Rocky Helmet|[of] p1a: Necrozma
|faint|p1a: Necrozma
|
|upkeep
|
|t:|1641116493
|switch|p1a: Ditto|Ditto|100/100
|-transform|p1a: Ditto|p2a: Zacian|[from] ability: Imposter
|-ability|p1a: Ditto|Intrepid Sword|boost
|-boost|p1a: Ditto|atk|1
|turn|5
|
|t:|1641116507
|switch|p2a: Shedinja|Shedinja|100/100
|move|p1a: Ditto|Behemoth Blade|p2a: Shedinja
|-immune|p2a: Shedinja|[from] ability: Wonder Guard
|
|upkeep
|turn|6
|
|t:|1641116514
|switch|p1a: Yveltal|Yveltal|100/100
|-ability|p1a: Yveltal|Dark Aura
|move|p2a: Shedinja|Will-O-Wisp|p1a: Yveltal
|-status|p1a: Yveltal|brn
|
|-damage|p1a: Yveltal|94/100 brn|[from] brn
|upkeep
|turn|7
|
|t:|1641116523
|switch|p2a: Zacian|Zacian-Crowned|51/100
|-damage|p2a: Zacian|44/100|[from] Stealth Rock
|-ability|p2a: Zacian|Intrepid Sword|boost
|-boost|p2a: Zacian|atk|1
|move|p1a: Yveltal|Toxic|p2a: Zacian
|-immune|p2a: Zacian
|
|-damage|p1a: Yveltal|88/100 brn|[from] brn
|upkeep
|turn|8
|
|t:|1641116530
|move|p2a: Zacian|Behemoth Blade|p1a: Yveltal
|-damage|p1a: Yveltal|9/100 brn
|move|p1a: Yveltal|Snarl|p2a: Zacian
|-resisted|p2a: Zacian
|-damage|p2a: Zacian|30/100
|-unboost|p2a: Zacian|spa|1
|
|-damage|p1a: Yveltal|2/100 brn|[from] brn
|upkeep
|turn|9
|
|t:|1641116534
|move|p1a: Yveltal|Sucker Punch|p2a: Zacian
|-resisted|p2a: Zacian
|-damage|p2a: Zacian|21/100
|move|p2a: Zacian|Behemoth Blade|p1a: Yveltal
|-damage|p1a: Yveltal|0 fnt
|faint|p1a: Yveltal
|
|upkeep
|
|t:|1641116537
|switch|p1a: Ditto|Ditto|100/100
|-transform|p1a: Ditto|p2a: Zacian|[from] ability: Imposter
|-ability|p1a: Ditto|Intrepid Sword|boost
|-boost|p1a: Ditto|atk|1
|turn|10
|c| Browneyes64|rocks didn't hit shedninja?
|
|t:|1641116541
|switch|p1a: Rayquaza|Rayquaza|100/100
|-ability|p1a: Rayquaza|Air Lock
|move|p2a: Zacian|Behemoth Blade|p1a: Rayquaza
|-damage|p1a: Rayquaza|0 fnt
|faint|p1a: Rayquaza
|
|upkeep
|c|☆Horseradisk|Well shid
|c|☆Horseradisk|gg lmao
|
|t:|1641116555
|switch|p1a: Arceus|Arceus-Ground|100/100
|turn|11
|c|☆nakabisha2|!dt boots
|raw|<ul class="utilichart"><li class="result"><span class="col itemiconcol"><psicon item="heavydutyboots"></span> <span class="col namecol"><a href="https://dex.pokemonshowdown.com/items/heavydutyboots">Heavy-Duty Boots</a></span> <span class="col itemdesccol">When switching in, the holder is unaffected by hazards on its side of the field.</span> </li><li style="clear:both"></li></ul>
|raw|<font size="1"><font color="#686868">Gen:</font> 8&nbsp;|&ThickSpace;<font color="#686868">Fling Base Power:</font> 80</font>

|
|t:|1641116562
|move|p2a: Zacian|Behemoth Blade|p1a: Arceus
|-damage|p1a: Arceus|57/100
|move|p1a: Arceus|Judgment|p2a: Zacian
|-supereffective|p2a: Zacian
|-damage|p2a: Zacian|0 fnt
|faint|p2a: Zacian
|
|upkeep
|
|t:|1641116568
|switch|p2a: Rayquaza|Rayquaza|100/100
|-damage|p2a: Rayquaza|76/100|[from] Stealth Rock
|-ability|p2a: Rayquaza|Air Lock
|turn|12
|
|t:|1641116572
|detailschange|p2a: Rayquaza|Rayquaza-Mega
|-mega|p2a: Rayquaza|Rayquaza|
|-weather|DeltaStream|[from] ability: Delta Stream|[of] p2a: Rayquaza
|move|p2a: Rayquaza|Draco Meteor|p1a: Arceus|[miss]
|-miss|p2a: Rayquaza|p1a: Arceus
|move|p1a: Arceus|Ice Beam|p2a: Rayquaza
|-activate||deltastream
|-supereffective|p2a: Rayquaza
|-damage|p2a: Rayquaza|29/100
|
|-weather|DeltaStream|[upkeep]
|upkeep
|turn|13
|
|t:|1641116577
|move|p2a: Rayquaza|Draco Meteor|p1a: Arceus
|-crit|p1a: Arceus
|-damage|p1a: Arceus|0 fnt
|-unboost|p2a: Rayquaza|spa|2
|faint|p1a: Arceus
|-damage|p2a: Rayquaza|19/100|[from] item: Life Orb
|
|-weather|DeltaStream|[upkeep]
|upkeep
|j| 09-10a
|
|t:|1641116582
|switch|p1a: Arceus|Arceus-Steel|100/100
|turn|14
|
|t:|1641116585
|move|p1a: Arceus|Judgment|p2a: Rayquaza
|-damage|p2a: Rayquaza|0 fnt
|faint|p2a: Rayquaza
|-weather|none
|
|upkeep
|
|t:|1641116590
|switch|p2a: Arceus|Arceus|100/100
|-damage|p2a: Arceus|88/100|[from] Stealth Rock
|turn|15
|
|t:|1641116596
|move|p2a: Arceus|Swords Dance|p2a: Arceus
|-boost|p2a: Arceus|atk|2
|move|p1a: Arceus|Calm Mind|p1a: Arceus
|-boost|p1a: Arceus|spa|1
|-boost|p1a: Arceus|spd|1
|
|upkeep
|turn|16
|
|t:|1641116603
|-start|p1a: Arceus|Dynamax
|-heal|p1a: Arceus|100/100|[silent]
|-start|p2a: Arceus|Dynamax
|-heal|p2a: Arceus|88/100|[silent]
|move|p2a: Arceus|Max Quake|p1a: Arceus
|-supereffective|p1a: Arceus
|-damage|p1a: Arceus|30/100
|-boost|p2a: Arceus|spd|1
|-damage|p2a: Arceus|83/100|[from] item: Life Orb
|move|p1a: Arceus|Max Overgrowth|p2a: Arceus
|-damage|p2a: Arceus|70/100
|-fieldstart|move: Grassy Terrain
|
|-heal|p1a: Arceus|33/100|[from] Grassy Terrain
|-heal|p2a: Arceus|73/100|[from] Grassy Terrain
|upkeep
|turn|17
|j| Flynn Watson ^~^
|c| Flynn Watson ^~^|Pog
|
|t:|1641116623
|move|p2a: Arceus|Max Quake|p1a: Arceus
|-supereffective|p1a: Arceus
|-damage|p1a: Arceus|0 fnt
|-boost|p2a: Arceus|spd|1
|faint|p1a: Arceus
|-damage|p2a: Arceus|68/100|[from] item: Life Orb
|
|-heal|p2a: Arceus|71/100|[from] Grassy Terrain
|upkeep
|
|t:|1641116626
|switch|p1a: Ditto|Ditto|100/100
|-transform|p1a: Ditto|p2a: Arceus|[from] ability: Imposter
|turn|18
|
|t:|1641116634
|move|p1a: Ditto|Extreme Speed|p2a: Arceus
|-damage|p2a: Arceus|39/100
|move|p2a: Arceus|Max Strike|p1a: Ditto
|-damage|p1a: Ditto|0 fnt
|faint|p1a: Ditto
|-damage|p2a: Arceus|34/100|[from] item: Life Orb
|
|win|nakabisha2
|n|☆Horseradisk|horseradisk
|n|☆nakabisha2|nakabisha2
|n| Browneyes64|browneyes64
|n| 09-10a|0910a
|n| Flynn Watson ^~^|flynnwatson
