|j|☆Clicker flick
|j|☆Sunorma
|t:|1667331173
|gametype|singles
|player|p1|Clicker flick|smasher|1645
|player|p2|Sunorma|roxie|1540
|teamsize|p1|6
|teamsize|p2|6
|gen|8
|tier|[Gen 8] National Dex AG
|rated|
|rule|HP Percentage Mod: HP is shown in percentages
|rule|Endless Battle Clause: Forcing endless battles is banned
|clearpoke
|poke|p1|Zacian-*|
|poke|p1|Kyogre|
|poke|p1|Banette, F|
|poke|p1|Marshadow|
|poke|p1|Arceus-*|
|poke|p1|Yveltal|
|poke|p2|Scolipede, M|
|poke|p2|Mew|
|poke|p2|Kartana|
|poke|p2|Marshadow|
|poke|p2|Dracovish|
|poke|p2|Smeargle, F|
|teampreview
|c|☆Sunorma|Aaaaand another legendary spammer
|
|t:|1667331196
|start
|switch|p1a: Banette|Banette, F|100/100
|switch|p2a: Smeargle|Smeargle, F|100/100
|turn|1
|
|t:|1667331203
|detailschange|p1a: Banette|Banette-Mega, F
|-mega|p1a: Banette|Banette|Banettite
|move|p1a: Banette|Taunt|p2a: Smeargle
|-start|p2a: Smeargle|move: Taunt
|cant|p2a: Smeargle|move: Taunt|Minimize
|
|-ability|p2a: Smeargle|Moody|boost
|-boost|p2a: Smeargle|spa|2
|-unboost|p2a: Smeargle|spe|1
|upkeep
|turn|2
|
|t:|1667331207
|move|p1a: Banette|Gunk Shot|p2a: Smeargle
|-enditem|p2a: Smeargle|Focus Sash
|-damage|p2a: Smeargle|1/100
|move|p2a: Smeargle|Spectral Thief|p1a: Banette
|-supereffective|p1a: Banette
|-damage|p1a: Banette|84/100
|
|-ability|p2a: Smeargle|Moody|boost
|-boost|p2a: Smeargle|spd|2
|-unboost|p2a: Smeargle|spe|1
|upkeep
|turn|3
|c|☆Clicker flick|Well
|
|t:|1667331248
|move|p1a: Banette|Gunk Shot|p2a: Smeargle
|-damage|p2a: Smeargle|0 fnt
|faint|p2a: Smeargle
|
|upkeep
|c|☆Clicker flick|This ag after all
|
|t:|1667331266
|switch|p2a: Marshadow|Marshadow|100/100
|turn|4
|
|t:|1667331273
|switch|p1a: Yveltal|Yveltal|100/100
|-ability|p1a: Yveltal|Dark Aura
|move|p2a: Marshadow|Spectral Thief|p1a: Yveltal
|-resisted|p1a: Yveltal
|-damage|p1a: Yveltal|81/100
|
|upkeep
|turn|5
|
|t:|1667331276
|move|p2a: Marshadow|Rock Tomb|p1a: Yveltal
|-supereffective|p1a: Yveltal
|-damage|p1a: Yveltal|25/100
|-unboost|p1a: Yveltal|spe|1
|move|p1a: Yveltal|Dual Wingbeat|p2a: Marshadow
|-supereffective|p2a: Marshadow
|-damage|p2a: Marshadow|49/100
|-supereffective|p2a: Marshadow
|-damage|p2a: Marshadow|0 fnt
|faint|p2a: Marshadow
|-hitcount|p2: Marshadow|2
|
|upkeep
|
|t:|1667331286
|switch|p2a: Dracovish|Dracovish|100/100
|turn|6
|
|t:|1667331289
|move|p1a: Yveltal|Sucker Punch|p2a: Dracovish
|-damage|p2a: Dracovish|46/100
|move|p2a: Dracovish|Fishious Rend|p1a: Yveltal
|-damage|p1a: Yveltal|0 fnt
|faint|p1a: Yveltal
|
|upkeep
|
|t:|1667331294
|switch|p1a: Zacian|Zacian-Crowned|100/100
|-ability|p1a: Zacian|Intrepid Sword|boost
|-boost|p1a: Zacian|atk|1
|turn|7
|
|t:|1667331299
|move|p1a: Zacian|Behemoth Blade|p2a: Dracovish
|-resisted|p2a: Dracovish
|-damage|p2a: Dracovish|0 fnt
|faint|p2a: Dracovish
|
|upkeep
|
|t:|1667331311
|switch|p2a: Kartana|Kartana|100/100
|turn|8
|
|t:|1667331325
|move|p2a: Kartana|Sacred Sword|p1a: Zacian
|-damage|p1a: Zacian|62/100
|move|p1a: Zacian|Close Combat|p2a: Kartana
|-supereffective|p2a: Kartana
|-damage|p2a: Kartana|0 fnt
|-unboost|p1a: Zacian|def|1
|-unboost|p1a: Zacian|spd|1
|faint|p2a: Kartana
|
|upkeep
|
|t:|1667331332
|switch|p2a: Scolipede|Scolipede, M|100/100
|turn|9
|
|t:|1667331351
|move|p2a: Scolipede|Protect|p2a: Scolipede
|-singleturn|p2a: Scolipede|Protect
|move|p1a: Zacian|Behemoth Blade|p2a: Scolipede
|-activate|p2a: Scolipede|move: Protect
|
|-ability|p2a: Scolipede|Speed Boost|boost
|-boost|p2a: Scolipede|spe|1
|upkeep
|turn|10
|
|t:|1667331361
|move|p2a: Scolipede|Iron Defense|p2a: Scolipede
|-boost|p2a: Scolipede|def|2
|move|p1a: Zacian|Behemoth Blade|p2a: Scolipede
|-damage|p2a: Scolipede|45/100
|
|-heal|p2a: Scolipede|51/100|[from] item: Leftovers
|-ability|p2a: Scolipede|Speed Boost|boost
|-boost|p2a: Scolipede|spe|1
|upkeep
|turn|11
|
|t:|1667331367
|move|p2a: Scolipede|Protect|p2a: Scolipede
|-singleturn|p2a: Scolipede|Protect
|move|p1a: Zacian|Behemoth Blade|p2a: Scolipede
|-activate|p2a: Scolipede|move: Protect
|
|-heal|p2a: Scolipede|57/100|[from] item: Leftovers
|-ability|p2a: Scolipede|Speed Boost|boost
|-boost|p2a: Scolipede|spe|1
|upkeep
|turn|12
|
|t:|1667331385
|move|p2a: Scolipede|Iron Defense|p2a: Scolipede
|-boost|p2a: Scolipede|def|2
|move|p1a: Zacian|Behemoth Blade|p2a: Scolipede
|-damage|p2a: Scolipede|17/100
|
|-heal|p2a: Scolipede|23/100|[from] item: Leftovers
|-ability|p2a: Scolipede|Speed Boost|boost
|-boost|p2a: Scolipede|spe|1
|upkeep
|turn|13
|
|t:|1667331392
|move|p2a: Scolipede|Protect|p2a: Scolipede
|-singleturn|p2a: Scolipede|Protect
|move|p1a: Zacian|Behemoth Blade|p2a: Scolipede
|-activate|p2a: Scolipede|move: Protect
|
|-heal|p2a: Scolipede|29/100|[from] item: Leftovers
|-ability|p2a: Scolipede|Speed Boost|boost
|-boost|p2a: Scolipede|spe|1
|upkeep
|turn|14
|
|t:|1667331406
|move|p2a: Scolipede|Substitute|p2a: Scolipede
|-start|p2a: Scolipede|Substitute
|-damage|p2a: Scolipede|5/100
|move|p1a: Zacian|Behemoth Blade|p2a: Scolipede
|-end|p2a: Scolipede|Substitute
|
|-heal|p2a: Scolipede|11/100|[from] item: Leftovers
|-ability|p2a: Scolipede|Speed Boost|boost
|-boost|p2a: Scolipede|spe|1
|upkeep
|turn|15
|
|t:|1667331416
|move|p2a: Scolipede|Protect|p2a: Scolipede
|-singleturn|p2a: Scolipede|Protect
|move|p1a: Zacian|Behemoth Blade|p2a: Scolipede
|-activate|p2a: Scolipede|move: Protect
|
|-heal|p2a: Scolipede|17/100|[from] item: Leftovers
|upkeep
|turn|16
|
|t:|1667331422
|move|p2a: Scolipede|Baton Pass|p2a: Scolipede
|
|t:|1667331424
|switch|p2a: Mew|Mew|100/100|[from]move: Baton Pass
|move|p1a: Zacian|Close Combat|p2a: Mew
|-resisted|p2a: Mew
|-damage|p2a: Mew|91/100
|-unboost|p1a: Zacian|def|1
|-unboost|p1a: Zacian|spd|1
|
|upkeep
|turn|17
|
|t:|1667331432
|switch|p1a: Marshadow|Marshadow|100/100
|move|p2a: Mew|Cosmic Power|p2a: Mew
|-boost|p2a: Mew|def|1
|-boost|p2a: Mew|spd|1
|
|upkeep
|turn|18
|
|t:|1667331453
|-start|p2a: Mew|Dynamax|
|-heal|p2a: Mew|91/100|[silent]
|move|p2a: Mew|Max Mindstorm|p1a: Marshadow
|-supereffective|p1a: Marshadow
|-damage|p1a: Marshadow|5/100
|-fieldstart|move: Psychic Terrain
|move|p1a: Marshadow|Spectral Thief||[still]
|-clearpositiveboost|p2a: Mew|p1a: Marshadow|move: Spectral Thief
|-boost|p1a: Marshadow|def|5
|-boost|p1a: Marshadow|spd|1
|-boost|p1a: Marshadow|spe|6
|-anim|p1a: Marshadow|Spectral Thief|p2a: Mew
|-supereffective|p2a: Mew
|-damage|p2a: Mew|53/100
|-enditem|p2a: Mew|Weakness Policy
|-boost|p2a: Mew|atk|2|[from] item: Weakness Policy
|-boost|p2a: Mew|spa|2|[from] item: Weakness Policy
|
|upkeep
|turn|19
|
|t:|1667331470
|move|p1a: Marshadow|Spectral Thief||[still]
|-clearpositiveboost|p2a: Mew|p1a: Marshadow|move: Spectral Thief
|-boost|p1a: Marshadow|atk|2
|-boost|p1a: Marshadow|spa|2
|-anim|p1a: Marshadow|Spectral Thief|p2a: Mew
|-supereffective|p2a: Mew
|-damage|p2a: Mew|0 fnt
|faint|p2a: Mew
|
|upkeep
|-message|Sunorma forfeited.
|
|win|Clicker flick
|raw|Clicker flick's rating: 1645 &rarr; <strong>1659</strong><br />(+14 for winning)
|raw|Sunorma's rating: 1540 &rarr; <strong>1526</strong><br />(-14 for losing)
|l|☆Sunorma
