|j|☆Dugtrio Is Broken
|j|☆09-10a
|t:|1656098809
|gametype|singles
|player|p1|Dugtrio Is Broken|benga|1654
|player|p2|09-10a|cheren|1826
|teamsize|p1|6
|teamsize|p2|6
|gen|8
|tier|[Gen 8] National Dex AG
|rated|
|rule|HP Percentage Mod: HP is shown in percentages
|rule|Endless Battle Clause: Forcing endless battles is banned
|clearpoke
|poke|p1|Smeargle, M|
|poke|p1|Xerneas-*|
|poke|p1|Marshadow|
|poke|p1|Rayquaza|
|poke|p1|Arceus-*|
|poke|p1|Vivillon-Jungle, M|
|poke|p2|Zygarde|
|poke|p2|Arceus-*|
|poke|p2|Arceus-*|
|poke|p2|Necrozma-Dusk-Mane|
|poke|p2|Groudon, L99|
|poke|p2|Yveltal|
|teampreview
|inactive|Battle timer is ON: inactive players will automatically lose when time's up. (requested by 09-10a)
|
|t:|1656098832
|start
|switch|p1a: Smeargle|Smeargle, M, shiny|100/100
|switch|p2a: Zygarde|Zygarde, shiny|100/100
|turn|1
|
|t:|1656098844
|move|p1a: Smeargle|Sticky Web|p2a: Zygarde
|-sidestart|p2: 09-10a|move: Sticky Web
|move|p2a: Zygarde|Scale Shot|p1a: Smeargle
|-crit|p1a: Smeargle
|-damage|p1a: Smeargle|58/100
|-damage|p1a: Smeargle|29/100
|-hitcount|p1a: Smeargle|2
|-unboost|p2a: Zygarde|def|1
|-boost|p2a: Zygarde|spe|1
|
|upkeep
|turn|2
|
|t:|1656098857
|move|p2a: Zygarde|Coil|p2a: Zygarde
|-boost|p2a: Zygarde|atk|1
|-boost|p2a: Zygarde|def|1
|-boost|p2a: Zygarde|accuracy|1
|move|p1a: Smeargle|Spore|p2a: Zygarde
|-status|p2a: Zygarde|slp|[from] move: Spore
|
|upkeep
|turn|3
|
|t:|1656098865
|switch|p1a: Xerneas|Xerneas|100/100
|-ability|p1a: Xerneas|Fairy Aura
|cant|p2a: Zygarde|slp
|
|upkeep
|turn|4
|
|t:|1656098870
|switch|p2a: Groudon|Groudon, L99, shiny|100/100
|-activate|p2a: Groudon|move: Sticky Web
|-unboost|p2a: Groudon|spe|1
|detailschange|p2a: Groudon|Groudon-Primal, L99, shiny
|-primal|p2a: Groudon
|-weather|DesolateLand|[from] ability: Desolate Land|[of] p2a: Groudon
|move|p1a: Xerneas|Geomancy||[still]
|-prepare|p1a: Xerneas|Geomancy
|-enditem|p1a: Xerneas|Power Herb
|-anim|p1a: Xerneas|Geomancy|p1a: Xerneas
|-boost|p1a: Xerneas|spa|2
|-boost|p1a: Xerneas|spd|2
|-boost|p1a: Xerneas|spe|2
|
|-weather|DesolateLand|[upkeep]
|upkeep
|turn|5
|
|t:|1656098878
|move|p1a: Xerneas|Focus Blast|p2a: Groudon|[miss]
|-miss|p1a: Xerneas|p2a: Groudon
|move|p2a: Groudon|Stealth Rock|p1a: Xerneas
|-sidestart|p1: Dugtrio Is Broken|move: Stealth Rock
|
|-weather|DesolateLand|[upkeep]
|upkeep
|turn|6
|
|t:|1656098884
|move|p1a: Xerneas|Focus Blast|p2a: Groudon|[miss]
|-miss|p1a: Xerneas|p2a: Groudon
|move|p2a: Groudon|Precipice Blades|p1a: Xerneas|[miss]
|-miss|p2a: Groudon|p1a: Xerneas
|
|-weather|DesolateLand|[upkeep]
|upkeep
|turn|7
|
|t:|1656098888
|move|p1a: Xerneas|Focus Blast|p2a: Groudon|[miss]
|-miss|p1a: Xerneas|p2a: Groudon
|move|p2a: Groudon|Precipice Blades|p1a: Xerneas
|-damage|p1a: Xerneas|51/100
|
|-weather|DesolateLand|[upkeep]
|upkeep
|turn|8
|
|t:|1656098893
|move|p1a: Xerneas|Focus Blast|p2a: Groudon
|-damage|p2a: Groudon|36/100
|move|p2a: Groudon|Precipice Blades|p1a: Xerneas
|-damage|p1a: Xerneas|1/100
|
|-weather|DesolateLand|[upkeep]
|upkeep
|turn|9
|
|t:|1656098914
|move|p1a: Xerneas|Moonblast|p2a: Groudon
|-resisted|p2a: Groudon
|-damage|p2a: Groudon|0 fnt
|faint|p2a: Groudon
|-weather|none
|
|upkeep
|
|t:|1656098931
|switch|p2a: Necrozma|Necrozma-Dusk-Mane|100/100
|-activate|p2a: Necrozma|move: Sticky Web
|-unboost|p2a: Necrozma|spe|1
|turn|10
|
|t:|1656098937
|move|p1a: Xerneas|Focus Blast|p2a: Necrozma
|-damage|p2a: Necrozma|26/100
|move|p2a: Necrozma|Sunsteel Strike|p1a: Xerneas
|-supereffective|p1a: Xerneas
|-damage|p1a: Xerneas|0 fnt
|faint|p1a: Xerneas
|
|upkeep
|inactive|Dugtrio Is Broken has 120 seconds left.
|
|t:|1656098977
|switch|p1a: Smeargle|Smeargle, M, shiny|29/100
|-damage|p1a: Smeargle|16/100|[from] Stealth Rock
|turn|11
|
|t:|1656098985
|switch|p2a: Zygarde|Zygarde, shiny|100/100 slp
|-activate|p2a: Zygarde|move: Sticky Web
|-unboost|p2a: Zygarde|spe|1
|move|p1a: Smeargle|Rapid Spin|p2a: Zygarde
|-damage|p2a: Zygarde|96/100 slp
|-boost|p1a: Smeargle|spe|1
|-sideend|p1: Dugtrio Is Broken|Stealth Rock|[from] move: Rapid Spin|[of] p1a: Smeargle
|
|-heal|p2a: Zygarde|100/100 slp|[from] item: Leftovers
|upkeep
|turn|12
|inactive|Dugtrio Is Broken has 120 seconds left.
|
|t:|1656098991
|switch|p1a: Arceus|Arceus-Ground|100/100
|cant|p2a: Zygarde|slp
|
|upkeep
|turn|13
|
|t:|1656099000
|switch|p2a: Yveltal|Yveltal, shiny|100/100
|-ability|p2a: Yveltal|Dark Aura
|move|p1a: Arceus|Swords Dance|p1a: Arceus
|-boost|p1a: Arceus|atk|2
|
|upkeep
|turn|14
|
|t:|1656099004
|move|p1a: Arceus|Stone Edge|p2a: Yveltal
|-supereffective|p2a: Yveltal
|-damage|p2a: Yveltal|13/100
|move|p2a: Yveltal|Foul Play|p1a: Arceus
|-damage|p1a: Arceus|8/100
|
|upkeep
|turn|15
|
|t:|1656099014
|move|p1a: Arceus|Stone Edge|p2a: Yveltal
|-supereffective|p2a: Yveltal
|-damage|p2a: Yveltal|0 fnt
|faint|p2a: Yveltal
|
|upkeep
|j| a45454545
|
|t:|1656099020
|switch|p2a: Arceus|Arceus-Water|100/100
|-activate|p2a: Arceus|move: Sticky Web
|-unboost|p2a: Arceus|spe|1
|turn|16
|
|t:|1656099029
|move|p1a: Arceus|Earthquake|p2a: Arceus
|-damage|p2a: Arceus|36/100
|move|p2a: Arceus|Ice Beam|p1a: Arceus
|-supereffective|p1a: Arceus
|-damage|p1a: Arceus|0 fnt
|faint|p1a: Arceus
|
|upkeep
|l| a45454545
|
|t:|1656099043
|switch|p1a: Vivillon|Vivillon-Jungle, M|100/100
|turn|17
|
|t:|1656099054
|switch|p2a: Arceus|Arceus-Dark|100/100
|-activate|p2a: Arceus|move: Sticky Web
|-unboost|p2a: Arceus|spe|1
|move|p1a: Vivillon|Substitute|p1a: Vivillon
|-start|p1a: Vivillon|Substitute
|-damage|p1a: Vivillon|76/100
|
|-heal|p1a: Vivillon|82/100|[from] item: Leftovers
|upkeep
|turn|18
|j| Lance's Time
|
|t:|1656099083
|move|p1a: Vivillon|Sleep Powder|p2a: Arceus
|-status|p2a: Arceus|slp|[from] move: Sleep Powder
|cant|p2a: Arceus|slp
|
|-heal|p1a: Vivillon|88/100|[from] item: Leftovers
|upkeep
|turn|19
|
|t:|1656099087
|move|p1a: Vivillon|Quiver Dance|p1a: Vivillon
|-boost|p1a: Vivillon|spa|1
|-boost|p1a: Vivillon|spd|1
|-boost|p1a: Vivillon|spe|1
|cant|p2a: Arceus|slp
|
|-heal|p1a: Vivillon|94/100|[from] item: Leftovers
|upkeep
|turn|20
|
|t:|1656099095
|move|p1a: Vivillon|Quiver Dance|p1a: Vivillon
|-boost|p1a: Vivillon|spa|1
|-boost|p1a: Vivillon|spd|1
|-boost|p1a: Vivillon|spe|1
|cant|p2a: Arceus|slp
|
|-heal|p1a: Vivillon|99/100|[from] item: Leftovers
|upkeep
|turn|21
|
|t:|1656099112
|move|p1a: Vivillon|Quiver Dance|p1a: Vivillon
|-boost|p1a: Vivillon|spa|1
|-boost|p1a: Vivillon|spd|1
|-boost|p1a: Vivillon|spe|1
|-curestatus|p2a: Arceus|slp|[msg]
|move|p2a: Arceus|Perish Song|p2a: Arceus
|-start|p1a: Vivillon|perish3|[silent]
|-start|p2a: Arceus|perish3|[silent]
|-fieldactivate|move: Perish Song
|
|-heal|p1a: Vivillon|100/100|[from] item: Leftovers
|-start|p1a: Vivillon|perish3
|-start|p2a: Arceus|perish3
|upkeep
|turn|22
|
|t:|1656099137
|move|p1a: Vivillon|Hurricane|p2a: Arceus
|-damage|p2a: Arceus|36/100
|move|p2a: Arceus|Recover|p2a: Arceus
|-heal|p2a: Arceus|86/100
|
|-start|p1a: Vivillon|perish2
|-start|p2a: Arceus|perish2
|upkeep
|turn|23
|
|t:|1656099148
|switch|p2a: Necrozma|Necrozma-Dusk-Mane|26/100
|-activate|p2a: Necrozma|move: Sticky Web
|-unboost|p2a: Necrozma|spe|1
|move|p1a: Vivillon|Hurricane|p2a: Necrozma
|-resisted|p2a: Necrozma
|-damage|p2a: Necrozma|0 fnt
|faint|p2a: Necrozma
|
|-start|p1a: Vivillon|perish1
|upkeep
|
|t:|1656099157
|switch|p2a: Arceus|Arceus-Water|36/100
|-activate|p2a: Arceus|move: Sticky Web
|-unboost|p2a: Arceus|spe|1
|turn|24
|
|t:|1656099175
|switch|p1a: Smeargle|Smeargle, M, shiny|16/100
|move|p2a: Arceus|Recover|p2a: Arceus
|-heal|p2a: Arceus|86/100
|
|upkeep
|turn|25
|
|t:|1656099186
|switch|p2a: Zygarde|Zygarde, shiny|100/100 slp
|-activate|p2a: Zygarde|move: Sticky Web
|-unboost|p2a: Zygarde|spe|1
|move|p1a: Smeargle|Nuzzle|p2a: Zygarde
|-immune|p2a: Zygarde
|
|upkeep
|turn|26
|
|t:|1656099205
|switch|p1a: Vivillon|Vivillon-Jungle, M|100/100
|cant|p2a: Zygarde|slp
|
|upkeep
|turn|27
|
|t:|1656099216
|switch|p2a: Arceus|Arceus-Dark|86/100
|-activate|p2a: Arceus|move: Sticky Web
|-unboost|p2a: Arceus|spe|1
|move|p1a: Vivillon|Substitute|p1a: Vivillon
|-start|p1a: Vivillon|Substitute
|-damage|p1a: Vivillon|76/100
|
|-heal|p1a: Vivillon|82/100|[from] item: Leftovers
|upkeep
|turn|28
|
|t:|1656099225
|move|p1a: Vivillon|Sleep Powder|p2a: Arceus
|-status|p2a: Arceus|slp|[from] move: Sleep Powder
|cant|p2a: Arceus|slp
|
|-heal|p1a: Vivillon|88/100|[from] item: Leftovers
|upkeep
|turn|29
|
|t:|1656099236
|move|p1a: Vivillon|Quiver Dance|p1a: Vivillon
|-boost|p1a: Vivillon|spa|1
|-boost|p1a: Vivillon|spd|1
|-boost|p1a: Vivillon|spe|1
|cant|p2a: Arceus|slp
|
|-heal|p1a: Vivillon|94/100|[from] item: Leftovers
|upkeep
|turn|30
|
|t:|1656099239
|-end|p1a: Vivillon|Substitute
|-start|p1a: Vivillon|Dynamax|
|-heal|p1a: Vivillon|94/100|[silent]
|move|p1a: Vivillon|Max Airstream|p2a: Arceus
|-damage|p2a: Arceus|41/100 slp
|-boost|p1a: Vivillon|spe|1
|cant|p2a: Arceus|slp
|
|-heal|p1a: Vivillon|97/100|[from] item: Leftovers
|upkeep
|turn|31
|
|t:|1656099252
|switch|p2a: Arceus|Arceus-Water|86/100
|-activate|p2a: Arceus|move: Sticky Web
|-unboost|p2a: Arceus|spe|1
|move|p1a: Vivillon|Max Airstream|p2a: Arceus
|-damage|p2a: Arceus|19/100
|-boost|p1a: Vivillon|spe|1
|
|-heal|p1a: Vivillon|99/100|[from] item: Leftovers
|upkeep
|turn|32
|
|t:|1656099258
|move|p1a: Vivillon|Max Airstream|p2a: Arceus
|-damage|p2a: Arceus|0 fnt
|-boost|p1a: Vivillon|spe|1
|faint|p2a: Arceus
|
|-heal|p1a: Vivillon|100/100|[from] item: Leftovers
|upkeep
|-message|09-10a forfeited.
|
|win|Dugtrio Is Broken
|raw|Dugtrio Is Broken's rating: 1654 &rarr; <strong>1684</strong><br />(+30 for winning)
|raw|09-10a's rating: 1841 &rarr; <strong>1811</strong><br />(-30 for losing)
|l|☆09-10a
