|j|☆masonmonster
|j|☆justznic
|t:|1665839440
|gametype|singles
|player|p1|masonmonster|brock|1268
|player|p2|justznic|2|1439
|teamsize|p1|6
|teamsize|p2|6
|gen|8
|tier|[Gen 8] National Dex AG
|rated|
|rule|HP Percentage Mod: HP is shown in percentages
|rule|Endless Battle Clause: Forcing endless battles is banned
|clearpoke
|poke|p1|Zoroark, F|
|poke|p1|Cinderace, M|
|poke|p1|Zacian-*|
|poke|p1|Regieleki|
|poke|p1|Gastrodon-East, F|
|poke|p1|Darmanitan-Galar, F|
|poke|p2|Mewtwo|
|poke|p2|Yveltal|
|poke|p2|Aron, L1, M|
|poke|p2|Klefki, M|
|poke|p2|Ditto|
|poke|p2|Zacian-*|
|teampreview
|inactive|Battle timer is ON: inactive players will automatically lose when time's up. (requested by justznic)
|
|t:|1665839450
|start
|switch|p1a: Regieleki|Regieleki, shiny|100/100
|switch|p2a: Aron|Aron, L1, M|100/100
|-item|p1a: Regieleki|Air Balloon
|turn|1
|
|t:|1665839457
|move|p1a: Regieleki|Nasty Plot|p1a: Regieleki
|-boost|p1a: Regieleki|spa|2
|move|p2a: Aron|Endeavor|p1a: Regieleki
|-damage|p1a: Regieleki|5/100
|replace|p1a: Zoroark|Zoroark, F, shiny
|-end|p1a: Zoroark|Illusion
|-enditem|p1a: Zoroark|Air Balloon
|
|upkeep
|turn|2
|
|t:|1665839467
|move|p1a: Zoroark|Flamethrower|p2a: Aron
|-ability|p2a: Aron|Sturdy
|-damage|p2a: Aron|9/100
|move|p2a: Aron|Sandstorm|p2a: Aron
|-weather|Sandstorm
|
|-weather|Sandstorm|[upkeep]
|-damage|p1a: Zoroark|0 fnt|[from] Sandstorm
|faint|p1a: Zoroark
|upkeep
|
|t:|1665839483
|switch|p1a: Gastrodon|Gastrodon-East, F, shiny|100/100
|turn|3
|
|t:|1665839487
|move|p1a: Gastrodon|Ancient Power|p2a: Aron
|-resisted|p2a: Aron
|-damage|p2a: Aron|0 fnt
|faint|p2a: Aron
|
|-weather|Sandstorm|[upkeep]
|upkeep
|
|t:|1665839493
|switch|p2a: Klefki|Klefki, M|100/100
|turn|4
|
|t:|1665839503
|move|p2a: Klefki|Toxic|p1a: Gastrodon
|-status|p1a: Gastrodon|tox
|move|p1a: Gastrodon|Hydro Pump|p2a: Klefki
|-damage|p2a: Klefki|64/100
|
|-weather|Sandstorm|[upkeep]
|-heal|p2a: Klefki|70/100|[from] item: Leftovers
|-damage|p1a: Gastrodon|94/100 tox|[from] psn
|upkeep
|turn|5
|
|t:|1665839514
|move|p2a: Klefki|Spikes|p1a: Gastrodon
|-sidestart|p1: masonmonster|Spikes
|move|p1a: Gastrodon|Hydro Pump|p2a: Klefki
|-damage|p2a: Klefki|34/100
|
|-weather|Sandstorm|[upkeep]
|-heal|p2a: Klefki|40/100|[from] item: Leftovers
|-damage|p1a: Gastrodon|82/100 tox|[from] psn
|upkeep
|turn|6
|
|t:|1665839524
|move|p2a: Klefki|Spikes|p1a: Gastrodon
|-sidestart|p1: masonmonster|Spikes
|move|p1a: Gastrodon|Hydro Pump|p2a: Klefki
|-damage|p2a: Klefki|9/100
|
|-weather|none
|-heal|p2a: Klefki|15/100|[from] item: Leftovers
|-damage|p1a: Gastrodon|64/100 tox|[from] psn
|upkeep
|turn|7
|
|t:|1665839533
|move|p2a: Klefki|Spikes|p1a: Gastrodon
|-sidestart|p1: masonmonster|Spikes
|move|p1a: Gastrodon|Hydro Pump|p2a: Klefki
|-damage|p2a: Klefki|0 fnt
|faint|p2a: Klefki
|
|-damage|p1a: Gastrodon|39/100 tox|[from] psn
|upkeep
|
|t:|1665839543
|switch|p2a: Mewtwo|Mewtwo|100/100
|-ability|p2a: Mewtwo|Pressure
|turn|8
|
|t:|1665839549
|detailschange|p2a: Mewtwo|Mewtwo-Mega-Y
|-mega|p2a: Mewtwo|Mewtwo|Mewtwonite Y
|move|p2a: Mewtwo|Calm Mind|p2a: Mewtwo
|-boost|p2a: Mewtwo|spa|1
|-boost|p2a: Mewtwo|spd|1
|move|p1a: Gastrodon|Ancient Power|p2a: Mewtwo
|-damage|p2a: Mewtwo|93/100
|
|-damage|p1a: Gastrodon|8/100 tox|[from] psn
|upkeep
|turn|9
|
|t:|1665839559
|move|p2a: Mewtwo|Calm Mind|p2a: Mewtwo
|-boost|p2a: Mewtwo|spa|1
|-boost|p2a: Mewtwo|spd|1
|move|p1a: Gastrodon|Ice Beam|p2a: Mewtwo
|-damage|p2a: Mewtwo|83/100
|
|-damage|p1a: Gastrodon|0 fnt|[from] psn
|faint|p1a: Gastrodon
|upkeep
|
|t:|1665839570
|switch|p1a: Cinderace|Cinderace, M, shiny|100/100
|turn|10
|
|t:|1665839590
|move|p1a: Cinderace|Sucker Punch|p2a: Mewtwo
|-start|p1a: Cinderace|typechange|Dark|[from] ability: Libero
|-supereffective|p2a: Mewtwo
|-damage|p2a: Mewtwo|4/100
|move|p2a: Mewtwo|Psystrike|p1a: Cinderace
|-immune|p1a: Cinderace
|
|upkeep
|turn|11
|
|t:|1665839598
|move|p1a: Cinderace|Sucker Punch|p2a: Mewtwo
|-supereffective|p2a: Mewtwo
|-damage|p2a: Mewtwo|0 fnt
|faint|p2a: Mewtwo
|
|upkeep
|
|t:|1665839604
|switch|p2a: Yveltal|Yveltal|100/100
|-ability|p2a: Yveltal|Dark Aura
|turn|12
|
|t:|1665839617
|-start|p2a: Yveltal|Dynamax|
|-heal|p2a: Yveltal|100/100|[silent]
|move|p1a: Cinderace|Court Change|p1a: Cinderace
|-start|p1a: Cinderace|typechange|Normal|[from] ability: Libero
|-swapsideconditions
|-activate|p1a: Cinderace|move: Court Change
|move|p2a: Yveltal|Max Airstream|p1a: Cinderace
|-damage|p1a: Cinderace|0 fnt
|-boost|p2a: Yveltal|spe|1
|faint|p1a: Cinderace
|-damage|p2a: Yveltal|96/100|[from] item: Life Orb
|
|upkeep
|
|t:|1665839636
|switch|p1a: Regieleki|Regieleki, shiny|100/100
|turn|13
|
|t:|1665839641
|move|p1a: Regieleki|Volt Switch|p2a: Yveltal
|-supereffective|p2a: Yveltal
|-damage|p2a: Yveltal|50/100
|
|t:|1665839645
|switch|p1a: Zacian|Zacian-Crowned, shiny|100/100|[from]move: Volt Switch
|-ability|p1a: Zacian|Intrepid Sword|boost
|-boost|p1a: Zacian|atk|1
|move|p2a: Yveltal|Max Darkness|p1a: Zacian
|-resisted|p1a: Zacian
|-damage|p1a: Zacian|45/100
|-unboost|p1a: Zacian|spd|1
|-damage|p2a: Yveltal|45/100|[from] item: Life Orb
|
|upkeep
|turn|14
|
|t:|1665839665
|move|p2a: Yveltal|Max Darkness|p1a: Zacian
|-resisted|p1a: Zacian
|-damage|p1a: Zacian|0 fnt
|faint|p1a: Zacian
|-damage|p2a: Yveltal|40/100|[from] item: Life Orb
|
|upkeep
|
|t:|1665839670
|switch|p1a: Regieleki|Regieleki, shiny|100/100
|-end|p2a: Yveltal|Dynamax
|-heal|p2a: Yveltal|40/100|[silent]
|turn|15
|
|t:|1665839678
|move|p1a: Regieleki|Thunder|p2a: Yveltal
|-supereffective|p2a: Yveltal
|-damage|p2a: Yveltal|0 fnt
|faint|p2a: Yveltal
|
|upkeep
|
|t:|1665839687
|switch|p2a: Zacian|Zacian-Crowned|100/100
|-damage|p2a: Zacian|75/100|[from] Spikes
|-ability|p2a: Zacian|Intrepid Sword|boost
|-boost|p2a: Zacian|atk|1
|turn|16
|
|t:|1665839694
|-start|p1a: Regieleki|Dynamax|
|-heal|p1a: Regieleki|100/100|[silent]
|move|p1a: Regieleki|Max Lightning|p2a: Zacian
|-damage|p2a: Zacian|0 fnt
|-fieldstart|move: Electric Terrain
|faint|p2a: Zacian
|
|upkeep
|
|t:|1665839703
|switch|p2a: Ditto|Ditto|100/100
|-damage|p2a: Ditto|76/100|[from] Spikes
|-transform|p2a: Ditto|p1a: Regieleki|[from] ability: Imposter
|turn|17
|
|t:|1665839720
|move|p2a: Ditto|Thunder|p1a: Regieleki
|-resisted|p1a: Regieleki
|-damage|p1a: Regieleki|47/100
|move|p1a: Regieleki|Max Rockfall|p2a: Ditto
|-damage|p2a: Ditto|11/100
|-weather|Sandstorm
|
|-weather|Sandstorm|[upkeep]
|-damage|p2a: Ditto|5/100|[from] Sandstorm
|-damage|p1a: Regieleki|44/100|[from] Sandstorm
|-heal|p1a: Regieleki|47/100|[from] item: Leftovers
|upkeep
|turn|18
|
|t:|1665839733
|move|p2a: Ditto|Thunder|p1a: Regieleki
|-resisted|p1a: Regieleki
|-damage|p1a: Regieleki|0 fnt
|faint|p1a: Regieleki
|
|-weather|Sandstorm|[upkeep]
|-damage|p2a: Ditto|0 fnt|[from] Sandstorm
|faint|p2a: Ditto
|
|win|masonmonster
|upkeep
|raw|masonmonster's rating: 1268 &rarr; <strong>1304</strong><br />(+36 for winning)
|raw|justznic's rating: 1439 &rarr; <strong>1410</strong><br />(-29 for losing)
|l|☆justznic
|c|☆masonmonster|Lmao
