|j|☆Clinger2
|j|☆kerrozxl-
|t:|1660678339
|gametype|singles
|player|p1|Clinger2|2|1574
|player|p2|kerrozxl-|unknownf|1686
|teamsize|p1|6
|teamsize|p2|6
|gen|8
|tier|[Gen 8] National Dex AG
|rated|
|rule|HP Percentage Mod: HP is shown in percentages
|rule|Endless Battle Clause: Forcing endless battles is banned
|clearpoke
|poke|p1|Necrozma-Dusk-Mane|
|poke|p1|Eternatus|
|poke|p1|Yveltal|
|poke|p1|Zacian-*|
|poke|p1|Darkrai|
|poke|p1|Lugia|
|poke|p2|Rayquaza|
|poke|p2|Groudon|
|poke|p2|Necrozma-Dusk-Mane|
|poke|p2|Marshadow|
|poke|p2|Yveltal|
|poke|p2|Xerneas-*|
|teampreview
|
|t:|1660678392
|start
|switch|p1a: Lugia|Lugia|100/100
|switch|p2a: smeargle&lugiahate|Rayquaza, shiny|100/100
|-ability|p2a: smeargle&lugiahate|Air Lock
|turn|1
|
|t:|1660678403
|detailschange|p2a: smeargle&lugiahate|Rayquaza-Mega, shiny
|-mega|p2a: smeargle&lugiahate|Rayquaza|
|-weather|DeltaStream|[from] ability: Delta Stream|[of] p2a: smeargle&lugiahate
|move|p2a: smeargle&lugiahate|Dragon Ascent|p1a: Lugia
|-damage|p1a: Lugia|56/100
|-unboost|p2a: smeargle&lugiahate|def|1
|-unboost|p2a: smeargle&lugiahate|spd|1
|move|p1a: Lugia|Tailwind|p1a: Lugia
|-sidestart|p1: Clinger2|move: Tailwind
|
|-weather|DeltaStream|[upkeep]
|upkeep
|turn|2
|inactive|Battle timer is ON: inactive players will automatically lose when time's up. (requested by Clinger2)
|
|t:|1660678476
|move|p1a: Lugia|Psycho Boost|p2a: smeargle&lugiahate|[miss]
|-miss|p1a: Lugia|p2a: smeargle&lugiahate
|move|p2a: smeargle&lugiahate|Dragon Ascent|p1a: Lugia
|-damage|p1a: Lugia|0 fnt
|-unboost|p2a: smeargle&lugiahate|def|1
|-unboost|p2a: smeargle&lugiahate|spd|1
|faint|p1a: Lugia
|
|-weather|DeltaStream|[upkeep]
|upkeep
|
|t:|1660678485
|switch|p1a: Zacian|Zacian-Crowned|100/100
|-ability|p1a: Zacian|Intrepid Sword|boost
|-boost|p1a: Zacian|atk|1
|turn|3
|
|t:|1660678506
|switch|p1a: Darkrai|Darkrai|100/100
|-weather|none
|switch|p2a: Zacian-Crown3d|Groudon|100/100
|detailschange|p2a: Zacian-Crown3d|Groudon-Primal
|-primal|p2a: Zacian-Crown3d
|-weather|DesolateLand|[from] ability: Desolate Land|[of] p2a: Zacian-Crown3d
|
|-weather|DesolateLand|[upkeep]
|upkeep
|turn|4
|
|t:|1660678514
|-zpower|p1a: Darkrai
|move|p1a: Darkrai|Z-Hypnosis|p2a: Zacian-Crown3d|[anim]Hypnosis|[miss]
|-boost|p1a: Darkrai|spe|1|[zeffect]
|-miss|p1a: Darkrai|p2a: Zacian-Crown3d
|move|p2a: Zacian-Crown3d|Stealth Rock|p1a: Darkrai
|-sidestart|p1: Clinger2|move: Stealth Rock
|
|-weather|DesolateLand|[upkeep]
|-sideend|p1: Clinger2|move: Tailwind
|upkeep
|turn|5
|
|t:|1660678523
|move|p1a: Darkrai|Hypnosis|p2a: Zacian-Crown3d|[miss]
|-miss|p1a: Darkrai|p2a: Zacian-Crown3d
|move|p2a: Zacian-Crown3d|Precipice Blades|p1a: Darkrai|[miss]
|-miss|p2a: Zacian-Crown3d|p1a: Darkrai
|
|-weather|DesolateLand|[upkeep]
|upkeep
|turn|6
|
|t:|1660678529
|move|p1a: Darkrai|Hypnosis|p2a: Zacian-Crown3d
|-status|p2a: Zacian-Crown3d|slp|[from] move: Hypnosis
|cant|p2a: Zacian-Crown3d|slp
|
|-weather|DesolateLand|[upkeep]
|-damage|p2a: Zacian-Crown3d|88/100 slp|[from] ability: Bad Dreams|[of] p1a: Darkrai
|upkeep
|turn|7
|j| Mennntzy
|
|t:|1660678535
|move|p1a: Darkrai|Substitute|p1a: Darkrai
|-start|p1a: Darkrai|Substitute
|-damage|p1a: Darkrai|76/100
|cant|p2a: Zacian-Crown3d|slp
|
|-weather|DesolateLand|[upkeep]
|-damage|p2a: Zacian-Crown3d|76/100 slp|[from] ability: Bad Dreams|[of] p1a: Darkrai
|upkeep
|turn|8
|
|t:|1660678544
|move|p1a: Darkrai|Dark Pulse|p2a: Zacian-Crown3d
|-damage|p2a: Zacian-Crown3d|45/100 slp
|cant|p2a: Zacian-Crown3d|slp
|
|-weather|DesolateLand|[upkeep]
|-damage|p2a: Zacian-Crown3d|33/100 slp|[from] ability: Bad Dreams|[of] p1a: Darkrai
|upkeep
|turn|9
|
|t:|1660678551
|move|p1a: Darkrai|Dark Pulse|p2a: Zacian-Crown3d
|-damage|p2a: Zacian-Crown3d|6/100 slp
|-curestatus|p2a: Zacian-Crown3d|slp|[msg]
|move|p2a: Zacian-Crown3d|Precipice Blades|p1a: Darkrai
|-end|p1a: Darkrai|Substitute
|
|-weather|DesolateLand|[upkeep]
|upkeep
|turn|10
|
|t:|1660678571
|move|p1a: Darkrai|Dark Pulse|p2a: Zacian-Crown3d
|-damage|p2a: Zacian-Crown3d|0 fnt
|faint|p2a: Zacian-Crown3d
|-weather|none
|
|upkeep
|
|t:|1660678575
|switch|p2a: smeargle&lugiahate|Rayquaza-Mega, shiny|100/100
|-weather|DeltaStream|[from] ability: Delta Stream|[of] p2a: smeargle&lugiahate
|turn|11
|
|t:|1660678579
|move|p2a: smeargle&lugiahate|Extreme Speed|p1a: Darkrai
|-damage|p1a: Darkrai|1/100
|move|p1a: Darkrai|Hypnosis|p2a: smeargle&lugiahate
|-status|p2a: smeargle&lugiahate|slp|[from] move: Hypnosis
|
|-weather|DeltaStream|[upkeep]
|-damage|p2a: smeargle&lugiahate|88/100 slp|[from] ability: Bad Dreams|[of] p1a: Darkrai
|upkeep
|turn|12
|
|t:|1660678586
|cant|p2a: smeargle&lugiahate|slp
|move|p1a: Darkrai|Dark Pulse|p2a: smeargle&lugiahate
|-damage|p2a: smeargle&lugiahate|46/100 slp
|
|-weather|DeltaStream|[upkeep]
|-damage|p2a: smeargle&lugiahate|34/100 slp|[from] ability: Bad Dreams|[of] p1a: Darkrai
|upkeep
|turn|13
|
|t:|1660678593
|cant|p2a: smeargle&lugiahate|slp
|move|p1a: Darkrai|Dark Pulse|p2a: smeargle&lugiahate
|-damage|p2a: smeargle&lugiahate|0 fnt
|faint|p2a: smeargle&lugiahate
|-weather|none
|
|upkeep
|j| Matsui_Miyako
|
|t:|1660678596
|switch|p2a: Ho-0h|Marshadow|100/100
|turn|14
|
|t:|1660678605
|switch|p1a: Yveltal|Yveltal|100/100
|-ability|p1a: Yveltal|Dark Aura
|move|p2a: Ho-0h|Shadow Sneak|p1a: Yveltal
|-resisted|p1a: Yveltal
|-damage|p1a: Yveltal|90/100
|
|upkeep
|turn|15
|
|t:|1660678613
|move|p2a: Ho-0h|Rock Tomb|p1a: Yveltal
|-supereffective|p1a: Yveltal
|-damage|p1a: Yveltal|44/100
|-unboost|p1a: Yveltal|spe|1
|move|p1a: Yveltal|Defog|p2a: Ho-0h
|-unboost|p2a: Ho-0h|evasion|1
|-sideend|p1: Clinger2|Stealth Rock|[from] move: Defog|[of] p1a: Yveltal
|
|upkeep
|turn|16
|
|t:|1660678621
|move|p2a: Ho-0h|Rock Tomb|p1a: Yveltal
|-supereffective|p1a: Yveltal
|-damage|p1a: Yveltal|0 fnt
|faint|p1a: Yveltal
|
|upkeep
|
|t:|1660678630
|switch|p1a: Zacian|Zacian-Crowned|100/100
|-ability|p1a: Zacian|Intrepid Sword|boost
|-boost|p1a: Zacian|atk|1
|turn|17
|
|t:|1660678636
|move|p1a: Zacian|Play Rough|p2a: Ho-0h
|-supereffective|p2a: Ho-0h
|-enditem|p2a: Ho-0h|Focus Sash
|-damage|p2a: Ho-0h|1/100
|move|p2a: Ho-0h|Spectral Thief||[still]
|-clearpositiveboost|p1a: Zacian|p2a: Ho-0h|move: Spectral Thief
|-boost|p2a: Ho-0h|atk|1
|-anim|p2a: Ho-0h|Spectral Thief|p1a: Zacian
|-damage|p1a: Zacian|34/100
|
|upkeep
|turn|18
|
|t:|1660678649
|move|p2a: Ho-0h|Shadow Sneak|p1a: Zacian
|-damage|p1a: Zacian|0 fnt
|faint|p1a: Zacian
|
|upkeep
|
|t:|1660678655
|switch|p1a: Eternatus|Eternatus|100/100
|-ability|p1a: Eternatus|Pressure
|turn|19
|inactive|kerrozxl- has 120 seconds left.
|
|t:|1660678714
|move|p2a: Ho-0h|Spectral Thief|p1a: Eternatus
|-damage|p1a: Eternatus|67/100
|move|p1a: Eternatus|Flamethrower|p2a: Ho-0h
|-damage|p2a: Ho-0h|0 fnt
|faint|p2a: Ho-0h
|
|-heal|p1a: Eternatus|73/100|[from] item: Black Sludge
|upkeep
|
|t:|1660678717
|switch|p2a: Ditt0 50/50|Necrozma-Dusk-Mane|100/100
|turn|20
|
|t:|1660678746
|detailschange|p2a: Ditt0 50/50|Necrozma-Ultra
|-burst|p2a: Ditt0 50/50|Necrozma|Ultranecrozium Z
|move|p2a: Ditt0 50/50|Dragon Dance|p2a: Ditt0 50/50
|-boost|p2a: Ditt0 50/50|atk|1
|-boost|p2a: Ditt0 50/50|spe|1
|move|p1a: Eternatus|Reflect|p1a: Eternatus
|-sidestart|p1: Clinger2|Reflect
|
|-heal|p1a: Eternatus|79/100|[from] item: Black Sludge
|upkeep
|turn|21
|
|t:|1660678754
|switch|p1a: Darkrai|Darkrai|1/100
|-zpower|p2a: Ditt0 50/50
|move|p2a: Ditt0 50/50|Light That Burns the Sky|p1a: Darkrai|[zeffect]
|-immune|p1a: Darkrai
|
|upkeep
|turn|22
|
|t:|1660678768
|move|p2a: Ditt0 50/50|Earthquake|p1a: Darkrai
|-damage|p1a: Darkrai|0 fnt
|faint|p1a: Darkrai
|
|upkeep
|
|t:|1660678776
|switch|p1a: Eternatus|Eternatus|79/100
|-ability|p1a: Eternatus|Pressure
|turn|23
|
|t:|1660678784
|move|p2a: Ditt0 50/50|Photon Geyser|p1a: Eternatus
|-supereffective|p1a: Eternatus
|-damage|p1a: Eternatus|14/100
|move|p1a: Eternatus|Dynamax Cannon|p2a: Ditt0 50/50
|-supereffective|p2a: Ditt0 50/50
|-damage|p2a: Ditt0 50/50|0 fnt
|faint|p2a: Ditt0 50/50
|
|-heal|p1a: Eternatus|21/100|[from] item: Black Sludge
|upkeep
|
|t:|1660678792
|switch|p2a: Dynamax Yveltal|Xerneas|100/100
|-ability|p2a: Dynamax Yveltal|Fairy Aura
|turn|24
|
|t:|1660678797
|switch|p1a: Necrozma|Necrozma-Dusk-Mane|100/100
|-start|p2a: Dynamax Yveltal|Dynamax|
|-heal|p2a: Dynamax Yveltal|100/100|[silent]
|move|p2a: Dynamax Yveltal|Max Starfall|p1a: Necrozma
|-resisted|p1a: Necrozma
|-damage|p1a: Necrozma|59/100
|-fieldstart|move: Misty Terrain
|
|-sideend|p1: Clinger2|Reflect
|upkeep
|turn|25
|
|t:|1660678809
|-start|p1a: Necrozma|Dynamax|
|-heal|p1a: Necrozma|59/100|[silent]
|move|p1a: Necrozma|Max Steelspike|p2a: Dynamax Yveltal
|-supereffective|p2a: Dynamax Yveltal
|-damage|p2a: Dynamax Yveltal|40/100
|-boost|p1a: Necrozma|def|1
|move|p2a: Dynamax Yveltal|Max Flare|p1a: Necrozma
|-supereffective|p1a: Necrozma
|-damage|p1a: Necrozma|34/100
|-weather|SunnyDay
|-enditem|p1a: Necrozma|Weakness Policy
|-boost|p1a: Necrozma|atk|2|[from] item: Weakness Policy
|-boost|p1a: Necrozma|spa|2|[from] item: Weakness Policy
|
|-weather|SunnyDay|[upkeep]
|upkeep
|turn|26
|
|t:|1660678829
|move|p1a: Necrozma|Max Steelspike|p2a: Dynamax Yveltal
|-supereffective|p2a: Dynamax Yveltal
|-damage|p2a: Dynamax Yveltal|0 fnt
|-boost|p1a: Necrozma|def|1
|faint|p2a: Dynamax Yveltal
|
|-weather|SunnyDay|[upkeep]
|upkeep
|
|t:|1660678832
|switch|p2a: Keqing|Yveltal|100/100
|-ability|p2a: Keqing|Dark Aura
|turn|27
|
|t:|1660678841
|move|p2a: Keqing|Sucker Punch|p1a: Necrozma
|-supereffective|p1a: Necrozma
|-damage|p1a: Necrozma|22/100
|move|p1a: Necrozma|Max Steelspike|p2a: Keqing
|-damage|p2a: Keqing|0 fnt
|-boost|p1a: Necrozma|def|1
|faint|p2a: Keqing
|
|win|Clinger2
|raw|Clinger2's rating: 1574 &rarr; <strong>1600</strong><br />(+26 for winning)
|raw|kerrozxl-'s rating: 1686 &rarr; <strong>1660</strong><br />(-26 for losing)
|l|☆kerrozxl-
||Ladder isn't responding, score probably updated but might not have (Request timeout).
