|j|☆Reolio22
|j|☆soda49
|t:|1640667483
|gametype|singles
|player|p1|Reolio22|swimmerf|1519
|player|p2|soda49|101|1768
|teamsize|p1|6
|teamsize|p2|6
|gen|8
|tier|[Gen 8] National Dex AG
|rated|
|rule|HP Percentage Mod: HP is shown in percentages
|rule|Endless Battle Clause: Forcing endless battles is banned
|clearpoke
|poke|p1|Yveltal|
|poke|p1|Rayquaza|
|poke|p1|Necrozma-Dusk-Mane|
|poke|p1|Zacian-*|
|poke|p1|Groudon|
|poke|p1|Calyrex-Shadow|
|poke|p2|Smeargle, M|
|poke|p2|Charizard, M|
|poke|p2|Mimikyu, M|
|poke|p2|Calyrex-Shadow|
|poke|p2|Rayquaza|
|poke|p2|Thundurus, M|
|teampreview
|inactive|Battle timer is ON: inactive players will automatically lose when time's up. (requested by soda49)
|inactive|Reolio22 also wants the timer to be on.
|c|☆Reolio22|Heyyy
|c|☆soda49|Yo
|c|☆Reolio22|Why am I fighting a 1750? :(
|inactive|soda49 no longer wants the timer on, but the timer is staying on because reolio22 still does.
|inactiveoff|Battle timer is now OFF.
|c|☆Reolio22|Shit I don't know this Thundurus set
|c|☆soda49|It’s been okay
|
|t:|1640667554
|start
|switch|p1a: Groudon|Groudon|100/100
|switch|p2a: Charizard|Charizard, M|100/100
|detailschange|p1a: Groudon|Groudon-Primal
|-primal|p1a: Groudon
|-weather|DesolateLand|[from] ability: Desolate Land|[of] p1a: Groudon
|turn|1
|c|☆Reolio22|Unfortunate
|
|t:|1640667591
|-start|p2a: Charizard|Dynamax
|-formechange|p2a: Charizard|Charizard-Gmax
|-heal|p2a: Charizard|100/100|[silent]
|move|p1a: Groudon|Stone Edge|p2a: Charizard|[miss]
|-miss|p1a: Groudon|p2a: Charizard
|move|p2a: Charizard|Max Airstream|p1a: Groudon
|-damage|p1a: Groudon|0 fnt
|-boost|p2a: Charizard|spe|1
|faint|p1a: Groudon
|-weather|none
|
|upkeep
|c|☆soda49|I risk that by running modest
|
|t:|1640667650
|switch|p1a: Calyrex|Calyrex-Shadow|100/100
|-ability|p1a: Calyrex|As One
|-ability|p1a: Calyrex|Unnerve
|turn|2
|c|☆soda49|Getting outsped I mean
|
|t:|1640667664
|move|p2a: Charizard|G-Max Wildfire|p1a: Calyrex
|-damage|p1a: Calyrex|30/100
|-sidestart|p1: Reolio22|G-Max Wildfire
|move|p1a: Calyrex|Astral Barrage|p2a: Charizard
|-damage|p2a: Charizard|56/100
|
|-damage|p1a: Calyrex|14/100|[from] G-Max Wildfire
|upkeep
|turn|3
|
|t:|1640667673
|move|p2a: Charizard|Max Airstream|p1a: Calyrex
|-damage|p1a: Calyrex|0 fnt
|-boost|p2a: Charizard|spe|1
|faint|p1a: Calyrex
|
|-end|p2a: Charizard|Dynamax
|-formechange|p2a: Charizard|Charizard
|-heal|p2a: Charizard|56/100|[silent]
|upkeep
|
|t:|1640667689
|switch|p1a: Rayquaza|Rayquaza|100/100
|-ability|p1a: Rayquaza|Air Lock
|turn|4
|
|t:|1640667699
|detailschange|p1a: Rayquaza|Rayquaza-Mega
|-mega|p1a: Rayquaza|Rayquaza|
|-weather|DeltaStream|[from] ability: Delta Stream|[of] p1a: Rayquaza
|move|p2a: Charizard|Air Slash|p1a: Rayquaza
|-damage|p1a: Rayquaza|60/100
|move|p1a: Rayquaza|Dragon Dance|p1a: Rayquaza
|-boost|p1a: Rayquaza|atk|1
|-boost|p1a: Rayquaza|spe|1
|
|-weather|DeltaStream|[upkeep]
|-damage|p1a: Rayquaza|44/100|[from] G-Max Wildfire
|upkeep
|turn|5
|
|t:|1640667714
|move|p1a: Rayquaza|Extreme Speed|p2a: Charizard
|-damage|p2a: Charizard|0 fnt
|faint|p2a: Charizard
|-damage|p1a: Rayquaza|34/100|[from] item: Life Orb
|
|-weather|DeltaStream|[upkeep]
|-damage|p1a: Rayquaza|17/100|[from] G-Max Wildfire
|-sideend|p1: Reolio22|G-Max Wildfire
|upkeep
|
|t:|1640667716
|switch|p2a: Mimikyu|Mimikyu, M|100/100
|turn|6
|
|t:|1640667727
|-weather|none
|switch|p1a: Zacian|Zacian-Crowned|100/100
|-ability|p1a: Zacian|Intrepid Sword|boost
|-boost|p1a: Zacian|atk|1
|move|p2a: Mimikyu|Trick Room|p2a: Mimikyu
|-fieldstart|move: Trick Room|[of] p2a: Mimikyu
|
|upkeep
|turn|7
|
|t:|1640667742
|move|p2a: Mimikyu|Curse|p1a: Zacian
|-start|p1a: Zacian|Curse|[of] p2a: Mimikyu
|-damage|p2a: Mimikyu|50/100
|move|p1a: Zacian|Behemoth Blade|p2a: Mimikyu
|-activate|p2a: Mimikyu|ability: Disguise
|-damage|p2a: Mimikyu|50/100
|detailschange|p2a: Mimikyu|Mimikyu-Busted, M
|-damage|p2a: Mimikyu|38/100|[from] pokemon: Mimikyu-Busted
|
|-damage|p1a: Zacian|76/100|[from] Curse
|upkeep
|turn|8
|
|t:|1640667746
|-zpower|p2a: Mimikyu
|move|p2a: Mimikyu|Never-Ending Nightmare|p1a: Zacian|[zeffect]
|-damage|p1a: Zacian|2/100
|move|p1a: Zacian|Behemoth Blade|p2a: Mimikyu
|-supereffective|p2a: Mimikyu
|-damage|p2a: Mimikyu|0 fnt
|faint|p2a: Mimikyu
|
|-damage|p1a: Zacian|0 fnt|[from] Curse
|faint|p1a: Zacian
|upkeep
|
|t:|1640667775
|switch|p2a: Rayquaza|Rayquaza|100/100
|switch|p1a: Rayquaza|Rayquaza-Mega|17/100
|-ability|p2a: Rayquaza|Air Lock
|-weather|DeltaStream|[from] ability: Delta Stream|[of] p1a: Rayquaza
|turn|9
|
|t:|1640667782
|-weather|none
|switch|p1a: Necrozma|Necrozma-Dusk-Mane|100/100
|detailschange|p2a: Rayquaza|Rayquaza-Mega
|-mega|p2a: Rayquaza|Rayquaza|
|-weather|DeltaStream|[from] ability: Delta Stream|[of] p2a: Rayquaza
|move|p2a: Rayquaza|Extreme Speed|p1a: Necrozma
|-resisted|p1a: Necrozma
|-damage|p1a: Necrozma|91/100
|-damage|p2a: Rayquaza|84/100|[from] item: Rocky Helmet|[of] p1a: Necrozma
|
|-weather|DeltaStream|[upkeep]
|upkeep
|turn|10
|
|t:|1640667792
|move|p1a: Necrozma|Sunsteel Strike|p2a: Rayquaza
|-damage|p2a: Rayquaza|38/100
|move|p2a: Rayquaza|Dragon Dance|p2a: Rayquaza
|-boost|p2a: Rayquaza|atk|1
|-boost|p2a: Rayquaza|spe|1
|
|-weather|DeltaStream|[upkeep]
|-fieldend|move: Trick Room
|upkeep
|turn|11
|
|t:|1640667798
|move|p2a: Rayquaza|V-create|p1a: Necrozma
|-supereffective|p1a: Necrozma
|-damage|p1a: Necrozma|0 fnt
|-unboost|p2a: Rayquaza|spe|1
|-unboost|p2a: Rayquaza|def|1
|-unboost|p2a: Rayquaza|spd|1
|-damage|p2a: Rayquaza|21/100|[from] item: Rocky Helmet|[of] p1a: Necrozma
|faint|p1a: Necrozma
|
|-weather|DeltaStream|[upkeep]
|upkeep
|
|t:|1640667801
|switch|p1a: Yveltal|Yveltal|100/100
|-ability|p1a: Yveltal|Dark Aura
|turn|12
|
|t:|1640667808
|move|p2a: Rayquaza|Extreme Speed|p1a: Yveltal
|-damage|p1a: Yveltal|39/100
|move|p1a: Yveltal|Sucker Punch||[still]
|-fail|p1a: Yveltal
|
|-weather|DeltaStream|[upkeep]
|upkeep
|turn|13
|
|t:|1640667814
|move|p2a: Rayquaza|Extreme Speed|p1a: Yveltal
|-damage|p1a: Yveltal|0 fnt
|faint|p1a: Yveltal
|
|-weather|DeltaStream|[upkeep]
|upkeep
|
|t:|1640667816
|switch|p1a: Rayquaza|Rayquaza-Mega|17/100
|turn|14
|
|t:|1640667819
|move|p2a: Rayquaza|Extreme Speed|p1a: Rayquaza
|-damage|p1a: Rayquaza|0 fnt
|faint|p1a: Rayquaza
|
|win|soda49
|raw|Reolio22's rating: 1519 &rarr; <strong>1511</strong><br />(-8 for losing)
|raw|soda49's rating: 1768 &rarr; <strong>1776</strong><br />(+8 for winning)
|c|☆Reolio22|Yeah gg
|c|☆soda49|Gg
