|j|☆wolfie_olson
|j|‽PlatinumEA
|t:|1648732092
|gametype|singles
|player|p1|wolfie_olson|170|
|player|p2|PlatinumEA|266|
|teamsize|p1|6
|teamsize|p2|6
|gen|8
|tier|[Gen 8] National Dex AG
|rule|HP Percentage Mod: HP is shown in percentages
|rule|Endless Battle Clause: Forcing endless battles is banned
|clearpoke
|poke|p1|Cloyster, M|
|poke|p1|Marshadow|
|poke|p1|Clefable, F|
|poke|p1|Xerneas-*|
|poke|p1|Mew|
|poke|p1|Calyrex-Shadow|
|poke|p2|Tyranitar, M|
|poke|p2|Ditto|
|poke|p2|Yveltal|
|poke|p2|Necrozma-Dusk-Mane|
|poke|p2|Arceus-*|
|poke|p2|Rayquaza|
|teampreview
|inactive|Battle timer is ON: inactive players will automatically lose when time's up. (requested by wolfie_olson)
|
|t:|1648732103
|start
|switch|p1a: Mew|Mew|100/100
|switch|p2a: Arceus|Arceus-Steel|100/100
|turn|1
|
|t:|1648732108
|move|p2a: Arceus|Iron Head|p1a: Mew
|-damage|p1a: Mew|58/100
|cant|p1a: Mew|flinch
|
|-heal|p1a: Mew|64/100|[from] item: Leftovers
|upkeep
|turn|2
|
|t:|1648732114
|move|p2a: Arceus|Swords Dance|p2a: Arceus
|-boost|p2a: Arceus|atk|2
|move|p1a: Mew|Imprison|p1a: Mew
|-start|p1a: Mew|move: Imprison
|
|-heal|p1a: Mew|70/100|[from] item: Leftovers
|upkeep
|turn|3
|
|t:|1648732117
|move|p2a: Arceus|Iron Head|p1a: Mew
|-damage|p1a: Mew|0 fnt
|faint|p1a: Mew
|
|upkeep
|
|t:|1648732128
|switch|p1a: Clefable|Clefable, F|100/100
|turn|4
|
|t:|1648732131
|move|p2a: Arceus|Iron Head|p1a: Clefable
|-supereffective|p1a: Clefable
|-damage|p1a: Clefable|0 fnt
|faint|p1a: Clefable
|
|upkeep
|
|t:|1648732146
|switch|p1a: Marshadow|Marshadow|100/100
|turn|5
|
|t:|1648732151
|switch|p2a: Yveltal|Yveltal|100/100
|-ability|p2a: Yveltal|Dark Aura
|move|p1a: Marshadow|Close Combat|p2a: Yveltal
|-damage|p2a: Yveltal|56/100
|-unboost|p1a: Marshadow|def|1
|-unboost|p1a: Marshadow|spd|1
|
|upkeep
|turn|6
|inactive|wolfie_olson has 270 seconds left.
|
|t:|1648732202
|switch|p1a: Xerneas|Xerneas|100/100
|-ability|p1a: Xerneas|Fairy Aura
|move|p2a: Yveltal|Roost|p2a: Yveltal
|-heal|p2a: Yveltal|100/100
|-singleturn|p2a: Yveltal|move: Roost
|
|upkeep
|turn|7
|
|t:|1648732210
|switch|p2a: Necrozma|Necrozma-Dusk-Mane|100/100
|move|p1a: Xerneas|Horn Leech|p2a: Necrozma
|-resisted|p2a: Necrozma
|-damage|p2a: Necrozma|93/100
|
|upkeep
|turn|8
|
|t:|1648732219
|move|p1a: Xerneas|Geomancy||[still]
|-prepare|p1a: Xerneas|Geomancy
|-enditem|p1a: Xerneas|Power Herb
|-anim|p1a: Xerneas|Geomancy|p1a: Xerneas
|-boost|p1a: Xerneas|spa|2
|-boost|p1a: Xerneas|spd|2
|-boost|p1a: Xerneas|spe|2
|move|p2a: Necrozma|Thunder Wave|p1a: Xerneas
|-status|p1a: Xerneas|par
|
|upkeep
|turn|9
|
|t:|1648732223
|move|p1a: Xerneas|Aromatherapy|p1a: Xerneas
|-activate|p1a: Xerneas|move: Aromatherapy
|-curestatus|p1a: Xerneas|par|[msg]
|move|p2a: Necrozma|Stealth Rock|p1a: Xerneas
|-sidestart|p1: wolfie_olson|move: Stealth Rock
|
|upkeep
|turn|10
|
|t:|1648732235
|-start|p1a: Xerneas|Dynamax|
|-heal|p1a: Xerneas|100/100|[silent]
|-start|p2a: Necrozma|Dynamax|
|-heal|p2a: Necrozma|93/100|[silent]
|move|p1a: Xerneas|Max Starfall|p2a: Necrozma
|-resisted|p2a: Necrozma
|-damage|p2a: Necrozma|64/100
|-fieldstart|move: Misty Terrain
|move|p2a: Necrozma|Max Steelspike|p1a: Xerneas
|-supereffective|p1a: Xerneas
|-damage|p1a: Xerneas|46/100
|-boost|p2a: Necrozma|def|1
|
|upkeep
|turn|11
|inactive|wolfie_olson has 270 seconds left.
|inactive|wolfie_olson has 240 seconds left.
|l|☆wolfie_olson
|inactive|wolfie_olson disconnected and has 300 seconds to reconnect!
|player|p1|
|j|☆wolfie_olson
|inactive|wolfie_olson reconnected and has 220 seconds left.
|player|p1|wolfie_olson|170
|
|t:|1648732322
|move|p2a: Necrozma|Max Guard|p2a: Necrozma
|-singleturn|p2a: Necrozma|Max Guard
|move|p1a: Xerneas|Max Starfall|p2a: Necrozma
|-activate|p2a: Necrozma|move: Max Guard
|
|upkeep
|turn|12
|
|t:|1648732328
|move|p2a: Necrozma|Max Guard||[still]
|-fail|p2a: Necrozma
|move|p1a: Xerneas|Max Starfall|p2a: Necrozma
|-resisted|p2a: Necrozma
|-damage|p2a: Necrozma|34/100
|
|-end|p1a: Xerneas|Dynamax
|-heal|p1a: Xerneas|46/100|[silent]
|-end|p2a: Necrozma|Dynamax
|-heal|p2a: Necrozma|34/100|[silent]
|upkeep
|turn|13
|
|t:|1648732336
|move|p1a: Xerneas|Moonblast|p2a: Necrozma
|-resisted|p2a: Necrozma
|-damage|p2a: Necrozma|0 fnt
|faint|p2a: Necrozma
|
|upkeep
|
|t:|1648732339
|switch|p2a: Ditto|Ditto|100/100
|-transform|p2a: Ditto|p1a: Xerneas|[from] ability: Imposter
|-ability|p2a: Ditto|Fairy Aura
|turn|14
|
|t:|1648732346
|move|p2a: Ditto|Moonblast|p1a: Xerneas
|-damage|p1a: Xerneas|2/100
|move|p1a: Xerneas|Horn Leech|p2a: Ditto
|-damage|p2a: Ditto|60/100
|-heal|p1a: Xerneas|15/100|[from] drain|[of] p2a: Ditto
|
|-fieldend|Misty Terrain
|upkeep
|turn|15
|inactive|wolfie_olson has 240 seconds left.
|
|t:|1648732355
|move|p2a: Ditto|Moonblast|p1a: Xerneas
|-damage|p1a: Xerneas|0 fnt
|faint|p1a: Xerneas
|
|upkeep
|inactive|wolfie_olson has 240 seconds left.
|
|t:|1648732363
|switch|p1a: Calyrex|Calyrex-Shadow|100/100
|-ability|p1a: Calyrex|As One
|-ability|p1a: Calyrex|Unnerve
|-damage|p1a: Calyrex|88/100|[from] Stealth Rock
|turn|16
|
|t:|1648732375
|move|p2a: Ditto|Moonblast|p1a: Calyrex
|-damage|p1a: Calyrex|0 fnt
|faint|p1a: Calyrex
|
|upkeep
|
|t:|1648732380
|switch|p1a: sweeper #2|Cloyster, M|100/100
|-damage|p1a: sweeper #2|76/100|[from] Stealth Rock
|turn|17
|l|☆wolfie_olson
|inactive|wolfie_olson disconnected and has 290 seconds to reconnect!
|player|p1|
|inactive|wolfie_olson has 270 seconds to reconnect!
|j|☆wolfie_olson
|inactive|wolfie_olson reconnected and has 250 seconds left.
|player|p1|wolfie_olson|170
|inactive|wolfie_olson has 240 seconds left.
|
|t:|1648732455
|move|p2a: Ditto|Moonblast|p1a: sweeper #2
|-damage|p1a: sweeper #2|0 fnt
|faint|p1a: sweeper #2
|
|upkeep
|
|t:|1648732464
|switch|p1a: Marshadow|Marshadow|100/100
|-damage|p1a: Marshadow|94/100|[from] Stealth Rock
|turn|18
|
|t:|1648732467
|move|p1a: Marshadow|Shadow Sneak|p2a: Ditto
|-damage|p2a: Ditto|23/100
|move|p2a: Ditto|Moonblast|p1a: Marshadow
|-supereffective|p1a: Marshadow
|-damage|p1a: Marshadow|0 fnt
|faint|p1a: Marshadow
|
|win|PlatinumEA
|l|☆wolfie_olson
