|j|☆ispamditto
|j|☆aseeasase
|t:|1663498235
|gametype|singles
|player|p1|ispamditto|agatha-gen1|1710
|player|p2|aseeasase|1|1889
|teamsize|p1|6
|teamsize|p2|6
|gen|8
|tier|[Gen 8] National Dex AG
|rated|
|rule|HP Percentage Mod: HP is shown in percentages
|rule|Endless Battle Clause: Forcing endless battles is banned
|clearpoke
|poke|p1|Zacian-*|
|poke|p1|Ho-Oh|
|poke|p1|Groudon|
|poke|p1|Yveltal|
|poke|p1|Marshadow|
|poke|p1|Ditto|
|poke|p2|Marshadow|
|poke|p2|Kyogre|
|poke|p2|Tyranitar, M|
|poke|p2|Groudon|
|poke|p2|Chansey, F|
|poke|p2|Zygarde|
|teampreview
|inactive|Battle timer is ON: inactive players will automatically lose when time's up. (requested by ispamditto)
|inactive|ispamditto has 120 seconds left.
|inactive|ispamditto has 90 seconds left.
|c|☆ispamditto|luck
|j| Godsomu07
|c|☆ispamditto|good luck
|
|t:|1663498305
|start
|switch|p1a: Zacian|Zacian-Crowned|100/100
|switch|p2a: Groudon|Groudon|100/100
|-ability|p1a: Zacian|Intrepid Sword|boost
|-boost|p1a: Zacian|atk|1
|detailschange|p2a: Groudon|Groudon-Primal
|-primal|p2a: Groudon
|-weather|DesolateLand|[from] ability: Desolate Land|[of] p2a: Groudon
|turn|1
|
|t:|1663498320
|switch|p1a: Yveltal|Yveltal|100/100
|-ability|p1a: Yveltal|Dark Aura
|move|p2a: Groudon|Stealth Rock|p1a: Yveltal
|-sidestart|p1: ispamditto|move: Stealth Rock
|
|-weather|DesolateLand|[upkeep]
|upkeep
|turn|2
|
|t:|1663498331
|switch|p1a: Zacian|Zacian-Crowned|100/100
|-damage|p1a: Zacian|94/100|[from] Stealth Rock
|-ability|p1a: Zacian|Intrepid Sword|boost
|-boost|p1a: Zacian|atk|1
|-weather|none
|switch|p2a: Tyranitar|Tyranitar, M|100/100
|-weather|Sandstorm|[from] ability: Sand Stream|[of] p2a: Tyranitar
|
|-weather|Sandstorm|[upkeep]
|upkeep
|turn|3
|
|t:|1663498336
|switch|p2a: Groudon|Groudon-Primal|100/100
|-weather|DesolateLand|[from] ability: Desolate Land|[of] p2a: Groudon
|move|p1a: Zacian|Close Combat|p2a: Groudon
|-damage|p2a: Groudon|65/100
|-unboost|p1a: Zacian|def|1
|-unboost|p1a: Zacian|spd|1
|
|-weather|DesolateLand|[upkeep]
|upkeep
|turn|4
|
|t:|1663498351
|switch|p1a: Yveltal|Yveltal|100/100
|-damage|p1a: Yveltal|76/100|[from] Stealth Rock
|-ability|p1a: Yveltal|Dark Aura
|move|p2a: Groudon|Fire Punch|p1a: Yveltal
|-damage|p1a: Yveltal|14/100
|
|-weather|DesolateLand|[upkeep]
|upkeep
|turn|5
|
|t:|1663498363
|-weather|none
|switch|p2a: Tyranitar|Tyranitar, M|100/100
|-weather|Sandstorm|[from] ability: Sand Stream|[of] p2a: Tyranitar
|move|p1a: Yveltal|Dark Pulse|p2a: Tyranitar
|-resisted|p2a: Tyranitar
|-damage|p2a: Tyranitar|85/100
|-damage|p1a: Yveltal|4/100|[from] item: Life Orb
|
|-weather|Sandstorm|[upkeep]
|-damage|p1a: Yveltal|0 fnt|[from] Sandstorm
|faint|p1a: Yveltal
|upkeep
|
|t:|1663498368
|switch|p1a: Zacian|Zacian-Crowned|94/100
|-damage|p1a: Zacian|88/100|[from] Stealth Rock
|-ability|p1a: Zacian|Intrepid Sword|boost
|-boost|p1a: Zacian|atk|1
|turn|6
|
|t:|1663498378
|move|p1a: Zacian|Close Combat|p2a: Tyranitar
|-supereffective|p2a: Tyranitar
|-enditem|p2a: Tyranitar|Chople Berry|[eat]
|-enditem|p2a: Tyranitar|Chople Berry|[weaken]
|-damage|p2a: Tyranitar|0 fnt
|-unboost|p1a: Zacian|def|1
|-unboost|p1a: Zacian|spd|1
|faint|p2a: Tyranitar
|
|-weather|Sandstorm|[upkeep]
|upkeep
|
|t:|1663498386
|switch|p2a: Kyogre|Kyogre|100/100
|detailschange|p2a: Kyogre|Kyogre-Primal
|-primal|p2a: Kyogre
|-weather|PrimordialSea|[from] ability: Primordial Sea|[of] p2a: Kyogre
|turn|7
|
|t:|1663498391
|move|p1a: Zacian|Wild Charge|p2a: Kyogre
|-supereffective|p2a: Kyogre
|-damage|p2a: Kyogre|20/100
|-damage|p1a: Zacian|63/100|[from] Recoil
|move|p2a: Kyogre|Scald|p1a: Zacian
|-damage|p1a: Zacian|0 fnt
|faint|p1a: Zacian
|
|-weather|PrimordialSea|[upkeep]
|upkeep
|
|t:|1663498414
|switch|p1a: Marshadow|Marshadow|100/100
|-damage|p1a: Marshadow|94/100|[from] Stealth Rock
|turn|8
|
|t:|1663498423
|-weather|none
|switch|p2a: Zygarde|Zygarde|100/100
|move|p1a: Marshadow|Spectral Thief|p2a: Zygarde
|-damage|p2a: Zygarde|77/100
|
|-heal|p2a: Zygarde|84/100|[from] item: Leftovers
|upkeep
|turn|9
|
|t:|1663498439
|switch|p1a: Ho-Oh|Ho-Oh|100/100
|move|p2a: Zygarde|Glare|p1a: Ho-Oh
|-status|p1a: Ho-Oh|par
|
|-heal|p2a: Zygarde|90/100|[from] item: Leftovers
|upkeep
|turn|10
|
|t:|1663498448
|move|p2a: Zygarde|Thousand Arrows|p1a: Ho-Oh
|-damage|p1a: Ho-Oh|70/100 par
|-start|p1a: Ho-Oh|Smack Down
|move|p1a: Ho-Oh|Sacred Fire|p2a: Zygarde
|-resisted|p2a: Zygarde
|-damage|p2a: Zygarde|80/100
|-status|p2a: Zygarde|brn
|
|-heal|p2a: Zygarde|86/100 brn|[from] item: Leftovers
|-damage|p2a: Zygarde|80/100 brn|[from] brn
|upkeep
|turn|11
|
|t:|1663498465
|move|p2a: Zygarde|Thousand Arrows|p1a: Ho-Oh
|-supereffective|p1a: Ho-Oh
|-damage|p1a: Ho-Oh|43/100 par
|move|p1a: Ho-Oh|Roost|p1a: Ho-Oh
|-heal|p1a: Ho-Oh|93/100 par
|-singleturn|p1a: Ho-Oh|move: Roost
|
|-heal|p2a: Zygarde|86/100 brn|[from] item: Leftovers
|-damage|p2a: Zygarde|80/100 brn|[from] brn
|upkeep
|turn|12
|inactive|ispamditto has 120 seconds left.
|inactive|ispamditto has 90 seconds left.
|
|t:|1663498532
|move|p2a: Zygarde|Rest|p2a: Zygarde
|-status|p2a: Zygarde|slp|[from] move: Rest
|-heal|p2a: Zygarde|100/100 slp|[silent]
|move|p1a: Ho-Oh|Roost|p1a: Ho-Oh
|-heal|p1a: Ho-Oh|100/100 par
|-singleturn|p1a: Ho-Oh|move: Roost
|
|upkeep
|turn|13
|inactive|ispamditto has 90 seconds left.
|
|t:|1663498539
|switch|p1a: Ditto|Ditto|100/100
|-damage|p1a: Ditto|88/100|[from] Stealth Rock
|-transform|p1a: Ditto|p2a: Zygarde|[from] ability: Imposter
|cant|p2a: Zygarde|slp
|
|upkeep
|turn|14
|inactive|ispamditto has 90 seconds left.
|
|t:|1663498555
|move|p1a: Ditto|Glare||[still]
|-fail|p1a: Ditto
|cant|p2a: Zygarde|slp
|
|upkeep
|turn|15
|
|t:|1663498560
|move|p1a: Ditto|Glare||[still]
|-fail|p1a: Ditto
|-curestatus|p2a: Zygarde|slp|[msg]
|move|p2a: Zygarde|Glare|p1a: Ditto
|-status|p1a: Ditto|par
|
|upkeep
|turn|16
|
|t:|1663498567
|switch|p2a: Chansey|Chansey, F|100/100
|move|p1a: Ditto|Glare|p2a: Chansey
|-status|p2a: Chansey|par
|
|upkeep
|turn|17
|
|t:|1663498576
|switch|p1a: Ho-Oh|Ho-Oh|100/100 par
|cant|p2a: Chansey|par
|
|upkeep
|turn|18
|
|t:|1663498582
|-curestatus|p2a: Chansey|par|[from] ability: Natural Cure
|switch|p2a: Zygarde|Zygarde|100/100
|move|p1a: Ho-Oh|Sacred Fire|p2a: Zygarde
|-resisted|p2a: Zygarde
|-damage|p2a: Zygarde|90/100
|
|-heal|p2a: Zygarde|96/100|[from] item: Leftovers
|upkeep
|turn|19
|inactive|ispamditto has 120 seconds left.
|
|t:|1663498591
|move|p2a: Zygarde|Thousand Arrows|p1a: Ho-Oh
|-damage|p1a: Ho-Oh|74/100 par
|-start|p1a: Ho-Oh|Smack Down
|cant|p1a: Ho-Oh|par
|
|-heal|p2a: Zygarde|100/100|[from] item: Leftovers
|upkeep
|turn|20
|inactive|ispamditto has 120 seconds left.
|
|t:|1663498602
|move|p2a: Zygarde|Thousand Arrows|p1a: Ho-Oh
|-supereffective|p1a: Ho-Oh
|-damage|p1a: Ho-Oh|14/100 par
|move|p1a: Ho-Oh|Sacred Fire|p2a: Zygarde
|-resisted|p2a: Zygarde
|-crit|p2a: Zygarde
|-damage|p2a: Zygarde|85/100
|
|-heal|p2a: Zygarde|91/100|[from] item: Leftovers
|upkeep
|turn|21
|
|t:|1663498609
|move|p2a: Zygarde|Thousand Arrows|p1a: Ho-Oh
|-supereffective|p1a: Ho-Oh
|-damage|p1a: Ho-Oh|0 fnt
|faint|p1a: Ho-Oh
|
|-heal|p2a: Zygarde|97/100|[from] item: Leftovers
|upkeep
|c|☆ispamditto|whyyyy
|
|t:|1663498616
|switch|p1a: Groudon|Groudon|100/100
|-damage|p1a: Groudon|94/100|[from] Stealth Rock
|detailschange|p1a: Groudon|Groudon-Primal
|-primal|p1a: Groudon
|-weather|DesolateLand|[from] ability: Desolate Land|[of] p1a: Groudon
|turn|22
|
|t:|1663498622
|move|p1a: Groudon|Dragon Claw|p2a: Zygarde
|-supereffective|p2a: Zygarde
|-damage|p2a: Zygarde|57/100
|move|p2a: Zygarde|Glare|p1a: Groudon
|-status|p1a: Groudon|par
|
|-weather|DesolateLand|[upkeep]
|-heal|p2a: Zygarde|63/100|[from] item: Leftovers
|upkeep
|turn|23
|
|t:|1663498627
|move|p2a: Zygarde|Thousand Arrows|p1a: Groudon
|-supereffective|p1a: Groudon
|-damage|p1a: Groudon|50/100 par
|move|p1a: Groudon|Precipice Blades|p2a: Zygarde
|-damage|p2a: Zygarde|20/100
|
|-weather|DesolateLand|[upkeep]
|-heal|p2a: Zygarde|26/100|[from] item: Leftovers
|-activate|p2a: Zygarde|ability: Power Construct
|detailschange|p2a: Zygarde|Zygarde-Complete
|-heal|p2a: Zygarde|52/100|[silent]
|upkeep
|turn|24
|
|t:|1663498633
|move|p2a: Zygarde|Thousand Arrows|p1a: Groudon
|-supereffective|p1a: Groudon
|-damage|p1a: Groudon|11/100 par
|move|p1a: Groudon|Dragon Claw|p2a: Zygarde
|-supereffective|p2a: Zygarde
|-damage|p2a: Zygarde|26/100
|
|-weather|DesolateLand|[upkeep]
|-heal|p2a: Zygarde|32/100|[from] item: Leftovers
|upkeep
|turn|25
|
|t:|1663498636
|move|p2a: Zygarde|Rest|p2a: Zygarde
|-status|p2a: Zygarde|slp|[from] move: Rest
|-heal|p2a: Zygarde|100/100 slp|[silent]
|move|p1a: Groudon|Dragon Claw|p2a: Zygarde
|-supereffective|p2a: Zygarde
|-damage|p2a: Zygarde|75/100 slp
|
|-weather|DesolateLand|[upkeep]
|-heal|p2a: Zygarde|81/100 slp|[from] item: Leftovers
|upkeep
|turn|26
|
|t:|1663498647
|cant|p2a: Zygarde|slp
|move|p1a: Groudon|Dragon Claw|p2a: Zygarde
|-supereffective|p2a: Zygarde
|-damage|p2a: Zygarde|58/100 slp
|
|-weather|DesolateLand|[upkeep]
|-heal|p2a: Zygarde|64/100 slp|[from] item: Leftovers
|upkeep
|turn|27
|
|t:|1663498653
|switch|p2a: Marshadow|Marshadow|100/100
|move|p1a: Groudon|Dragon Claw|p2a: Marshadow
|-damage|p2a: Marshadow|53/100
|
|-weather|DesolateLand|[upkeep]
|upkeep
|turn|28
|
|t:|1663498658
|move|p2a: Marshadow|Shadow Sneak|p1a: Groudon
|-damage|p1a: Groudon|0 fnt
|faint|p1a: Groudon
|-weather|none
|
|upkeep
|
|t:|1663498661
|switch|p1a: Marshadow|Marshadow|94/100
|-damage|p1a: Marshadow|88/100|[from] Stealth Rock
|turn|29
|
|t:|1663498670
|move|p1a: Marshadow|Shadow Sneak|p2a: Marshadow
|-supereffective|p2a: Marshadow
|-damage|p2a: Marshadow|0 fnt
|faint|p2a: Marshadow
|
|upkeep
|
|t:|1663498677
|switch|p2a: Groudon|Groudon-Primal|65/100
|-weather|DesolateLand|[from] ability: Desolate Land|[of] p2a: Groudon
|turn|30
|
|t:|1663498683
|move|p1a: Marshadow|Close Combat|p2a: Groudon
|-damage|p2a: Groudon|38/100
|-unboost|p1a: Marshadow|def|1
|-unboost|p1a: Marshadow|spd|1
|move|p2a: Groudon|Fire Punch|p1a: Marshadow
|-damage|p1a: Marshadow|0 fnt
|faint|p1a: Marshadow
|
|-weather|DesolateLand|[upkeep]
|upkeep
|
|t:|1663498688
|switch|p1a: Ditto|Ditto|88/100 par
|-damage|p1a: Ditto|76/100 par|[from] Stealth Rock
|-transform|p1a: Ditto|p2a: Groudon|[from] ability: Imposter
|turn|31
|c|☆ispamditto|gg
|
|t:|1663498693
|move|p2a: Groudon|Fire Punch|p1a: Ditto
|-resisted|p1a: Ditto
|-damage|p1a: Ditto|55/100 par
|cant|p1a: Ditto|par
|
|-weather|DesolateLand|[upkeep]
|upkeep
|turn|32
|-message|ispamditto forfeited.
|
|win|aseeasase
|raw|ispamditto's rating: 1710 &rarr; <strong>1699</strong><br />(-11 for losing)
|raw|aseeasase's rating: 1889 &rarr; <strong>1900</strong><br />(+11 for winning)
|l|☆aseeasase
|l|☆ispamditto
||Ladder isn't responding, score probably updated but might not have (Request timeout).
