|j|☆LordBoc
|j|☆xLeonisx
|t:|1653273937
|gametype|singles
|player|p1|LordBoc|169|1494
|player|p2|xLeonisx|265|1676
|teamsize|p1|6
|teamsize|p2|6
|gen|8
|tier|[Gen 8] National Dex AG
|rated|
|rule|HP Percentage Mod: HP is shown in percentages
|rule|Endless Battle Clause: Forcing endless battles is banned
|clearpoke
|poke|p1|Ho-Oh|
|poke|p1|Necrozma-Dusk-Mane|
|poke|p1|Chansey, F|
|poke|p1|Yveltal|
|poke|p1|Slowbro, F|
|poke|p1|Marshadow|
|poke|p2|Arceus-*|
|poke|p2|Giratina|
|poke|p2|Chansey, F|
|poke|p2|Lugia|
|poke|p2|Sableye, M|
|poke|p2|Quagsire, M|
|teampreview
|
|t:|1653273946
|start
|switch|p1a: Necrozma|Necrozma-Dusk-Mane|100/100
|switch|p2a: Arceus|Arceus-Dark|100/100
|turn|1
|
|t:|1653273973
|switch|p1a: Yveltal|Yveltal|100/100
|-ability|p1a: Yveltal|Dark Aura
|move|p2a: Arceus|Whirlpool|p1a: Yveltal
|-damage|p1a: Yveltal|92/100
|-activate|p1a: Yveltal|move: Whirlpool|[of] p2a: Arceus
|
|-damage|p1a: Yveltal|80/100|[from] move: Whirlpool|[partiallytrapped]
|upkeep
|turn|2
|
|t:|1653273982
|move|p2a: Arceus|Perish Song|p2a: Arceus
|-start|p1a: Yveltal|perish3|[silent]
|-start|p2a: Arceus|perish3|[silent]
|-fieldactivate|move: Perish Song
|move|p1a: Yveltal|Taunt|p2a: Arceus
|-start|p2a: Arceus|move: Taunt
|
|-damage|p1a: Yveltal|67/100|[from] move: Whirlpool|[partiallytrapped]
|-start|p2a: Arceus|perish3
|-start|p1a: Yveltal|perish3
|upkeep
|turn|3
|
|t:|1653273995
|move|p2a: Arceus|Judgment|p1a: Yveltal
|-resisted|p1a: Yveltal
|-damage|p1a: Yveltal|39/100
|move|p1a: Yveltal|Oblivion Wing|p2a: Arceus
|-damage|p2a: Arceus|65/100
|-heal|p1a: Yveltal|69/100|[from] drain|[of] p2a: Arceus
|-damage|p1a: Yveltal|59/100|[from] item: Life Orb
|
|-damage|p1a: Yveltal|46/100|[from] move: Whirlpool|[partiallytrapped]
|-start|p2a: Arceus|perish2
|-start|p1a: Yveltal|perish2
|upkeep
|turn|4
|
|t:|1653274007
|move|p2a: Arceus|Judgment|p1a: Yveltal
|-resisted|p1a: Yveltal
|-damage|p1a: Yveltal|16/100
|move|p1a: Yveltal|Oblivion Wing|p2a: Arceus
|-damage|p2a: Arceus|30/100
|-heal|p1a: Yveltal|46/100|[from] drain|[of] p2a: Arceus
|-damage|p1a: Yveltal|36/100|[from] item: Life Orb
|
|-damage|p1a: Yveltal|23/100|[from] move: Whirlpool|[partiallytrapped]
|-start|p2a: Arceus|perish1
|-start|p1a: Yveltal|perish1
|upkeep
|turn|5
|
|t:|1653274021
|switch|p2a: Chansey|Chansey, F|100/100
|move|p1a: Yveltal|Dark Pulse|p2a: Chansey
|-damage|p2a: Chansey|82/100
|-damage|p1a: Yveltal|13/100|[from] item: Life Orb
|
|-end|p1a: Yveltal|Whirlpool|[partiallytrapped]
|-start|p1a: Yveltal|perish0
|upkeep
|faint|p1a: Yveltal
|
|t:|1653274043
|switch|p1a: Necrozma|Necrozma-Dusk-Mane|100/100
|turn|6
|
|t:|1653274063
|switch|p2a: Arceus|Arceus-Dark|30/100
|move|p1a: Necrozma|Dragon Dance|p1a: Necrozma
|-boost|p1a: Necrozma|atk|1
|-boost|p1a: Necrozma|spe|1
|
|upkeep
|turn|7
|
|t:|1653274072
|move|p2a: Arceus|Recover|p2a: Arceus
|-heal|p2a: Arceus|80/100
|move|p1a: Necrozma|Sunsteel Strike|p2a: Arceus
|-damage|p2a: Arceus|42/100
|
|upkeep
|turn|8
|
|t:|1653274082
|-start|p1a: Necrozma|Dynamax|
|-heal|p1a: Necrozma|100/100|[silent]
|move|p2a: Arceus|Perish Song|p2a: Arceus
|-start|p1a: Necrozma|perish3|[silent]
|-start|p2a: Arceus|perish3|[silent]
|-fieldactivate|move: Perish Song
|move|p1a: Necrozma|Max Steelspike|p2a: Arceus
|-damage|p2a: Arceus|0 fnt
|-boost|p1a: Necrozma|def|1
|faint|p2a: Arceus
|
|-start|p1a: Necrozma|perish3
|upkeep
|
|t:|1653274088
|switch|p2a: Quagsire|Quagsire, M|100/100
|turn|9
|
|t:|1653274100
|move|p1a: Necrozma|Max Steelspike|p2a: Quagsire
|-resisted|p2a: Quagsire
|-damage|p2a: Quagsire|77/100
|-boost|p1a: Necrozma|def|1
|move|p2a: Quagsire|Haze|p2a: Quagsire
|-clearallboost
|
|-start|p1a: Necrozma|perish2
|upkeep
|turn|10
|
|t:|1653274111
|move|p1a: Necrozma|Max Quake|p2a: Quagsire
|-damage|p2a: Quagsire|47/100
|-boost|p1a: Necrozma|spd|1
|move|p2a: Quagsire|Earthquake|p1a: Necrozma
|-supereffective|p1a: Necrozma
|-damage|p1a: Necrozma|90/100
|-enditem|p1a: Necrozma|Weakness Policy
|-boost|p1a: Necrozma|atk|2|[from] item: Weakness Policy
|-boost|p1a: Necrozma|spa|2|[from] item: Weakness Policy
|
|-start|p1a: Necrozma|perish1
|upkeep
|-end|p1a: Necrozma|Dynamax
|-heal|p1a: Necrozma|90/100|[silent]
|turn|11
|
|t:|1653274128
|switch|p1a: Ho-Oh|Ho-Oh|100/100
|move|p2a: Quagsire|Haze|p2a: Quagsire
|-clearallboost
|
|upkeep
|turn|12
|
|t:|1653274136
|move|p1a: Ho-Oh|Toxic|p2a: Quagsire
|-status|p2a: Quagsire|tox
|move|p2a: Quagsire|Recover|p2a: Quagsire
|-heal|p2a: Quagsire|97/100 tox
|
|-damage|p2a: Quagsire|91/100 tox|[from] psn
|upkeep
|turn|13
|
|t:|1653274146
|switch|p1a: Slowbro|Slowbro, F|100/100
|switch|p2a: Chansey|Chansey, F|82/100
|
|upkeep
|turn|14
|
|t:|1653274153
|move|p2a: Chansey|Aromatherapy|p2a: Chansey
|-activate|p2a: Chansey|move: Aromatherapy
|-curestatus|p2: Quagsire|tox|[msg]
|move|p1a: Slowbro|Foul Play|p2a: Chansey
|-damage|p2a: Chansey|81/100
|
|upkeep
|turn|15
|
|t:|1653274166
|move|p2a: Chansey|Toxic|p1a: Slowbro
|-status|p1a: Slowbro|tox
|move|p1a: Slowbro|Toxic|p2a: Chansey
|-status|p2a: Chansey|tox
|
|-damage|p2a: Chansey|75/100 tox|[from] psn
|-damage|p1a: Slowbro|94/100 tox|[from] psn
|upkeep
|turn|16
|
|t:|1653274181
|switch|p1a: Necrozma|Necrozma-Dusk-Mane|90/100
|move|p2a: Chansey|Teleport|p2a: Chansey
|
|t:|1653274185
|-curestatus|p2a: Chansey|tox|[from] ability: Natural Cure
|switch|p2a: Quagsire|Quagsire, M|91/100|[from]move: Teleport
|
|upkeep
|turn|17
|
|t:|1653274204
|switch|p1a: Ho-Oh|Ho-Oh|100/100
|move|p2a: Quagsire|Earthquake|p1a: Ho-Oh
|-immune|p1a: Ho-Oh
|
|upkeep
|turn|18
|
|t:|1653274216
|move|p1a: Ho-Oh|Toxic|p2a: Quagsire
|-status|p2a: Quagsire|tox
|move|p2a: Quagsire|Toxic|p1a: Ho-Oh
|-status|p1a: Ho-Oh|tox
|
|-damage|p1a: Ho-Oh|94/100 tox|[from] psn
|-damage|p2a: Quagsire|84/100 tox|[from] psn
|upkeep
|turn|19
|
|t:|1653274226
|switch|p1a: Marshadow|Marshadow|100/100
|switch|p2a: Chansey|Chansey, F|75/100
|
|upkeep
|turn|20
|
|t:|1653274234
|switch|p2a: Quagsire|Quagsire, M|84/100 tox
|move|p1a: Marshadow|Close Combat|p2a: Quagsire
|-damage|p2a: Quagsire|40/100 tox
|-unboost|p1a: Marshadow|def|1
|-unboost|p1a: Marshadow|spd|1
|-damage|p1a: Marshadow|84/100|[from] item: Rocky Helmet|[of] p2a: Quagsire
|
|-damage|p2a: Quagsire|34/100 tox|[from] psn
|upkeep
|turn|21
|
|t:|1653274247
|switch|p2a: Giratina|Giratina|100/100
|-ability|p2a: Giratina|Pressure
|move|p1a: Marshadow|Close Combat|p2a: Giratina
|-immune|p2a: Giratina
|
|upkeep
|turn|22
|
|t:|1653274257
|move|p1a: Marshadow|Spectral Thief|p2a: Giratina
|-supereffective|p2a: Giratina
|-damage|p2a: Giratina|55/100
|move|p2a: Giratina|Will-O-Wisp|p1a: Marshadow
|-status|p1a: Marshadow|brn
|
|-heal|p2a: Giratina|61/100|[from] item: Leftovers
|-damage|p1a: Marshadow|78/100 brn|[from] brn
|upkeep
|turn|23
|
|t:|1653274270
|switch|p1a: Chansey|Chansey, F|100/100
|switch|p2a: Chansey|Chansey, F|75/100
|
|upkeep
|turn|24
|
|t:|1653274276
|switch|p2a: Sableye|Sableye, M|100/100
|move|p1a: Chansey|Heal Bell|p1a: Chansey
|-activate|p1a: Chansey|move: Heal Bell
|-curestatus|p1: Slowbro|tox|[msg]
|-curestatus|p1: Marshadow|brn|[msg]
|-curestatus|p1: Ho-Oh|tox|[msg]
|
|upkeep
|turn|25
|
|t:|1653274317
|switch|p1a: Ho-Oh|Ho-Oh|100/100
|detailschange|p2a: Sableye|Sableye-Mega, M
|-mega|p2a: Sableye|Sableye|Sablenite
|move|p2a: Sableye|Foul Play|p1a: Ho-Oh
|-damage|p1a: Ho-Oh|74/100
|
|upkeep
|turn|26
|
|t:|1653274338
|switch|p2a: Chansey|Chansey, F|75/100
|move|p1a: Ho-Oh|Sacred Fire|p2a: Chansey
|-damage|p2a: Chansey|40/100
|
|upkeep
|turn|27
|
|t:|1653274349
|move|p1a: Ho-Oh|Sacred Fire|p2a: Chansey
|-damage|p2a: Chansey|4/100
|-status|p2a: Chansey|brn
|move|p2a: Chansey|Aromatherapy|p2a: Chansey
|-activate|p2a: Chansey|move: Aromatherapy
|-curestatus|p2a: Chansey|brn|[msg]
|-curestatus|p2: Quagsire|tox|[msg]
|
|upkeep
|turn|28
|
|t:|1653274358
|switch|p2a: Giratina|Giratina|61/100
|-ability|p2a: Giratina|Pressure
|move|p1a: Ho-Oh|Sacred Fire|p2a: Giratina
|-resisted|p2a: Giratina
|-damage|p2a: Giratina|51/100
|
|-heal|p2a: Giratina|57/100|[from] item: Leftovers
|upkeep
|turn|29
|
|t:|1653274367
|move|p2a: Giratina|Toxic|p1a: Ho-Oh
|-status|p1a: Ho-Oh|tox
|move|p1a: Ho-Oh|Toxic|p2a: Giratina
|-status|p2a: Giratina|tox
|
|-heal|p2a: Giratina|63/100 tox|[from] item: Leftovers
|-damage|p2a: Giratina|57/100 tox|[from] psn
|-damage|p1a: Ho-Oh|68/100 tox|[from] psn
|upkeep
|turn|30
|
|t:|1653274375
|move|p2a: Giratina|Rest|p2a: Giratina
|-status|p2a: Giratina|slp|[from] move: Rest
|-heal|p2a: Giratina|100/100 slp|[silent]
|move|p1a: Ho-Oh|Recover|p1a: Ho-Oh
|-heal|p1a: Ho-Oh|100/100 tox
|
|-damage|p1a: Ho-Oh|88/100 tox|[from] psn
|upkeep
|turn|31
|
|t:|1653274387
|switch|p1a: Marshadow|Marshadow|78/100
|cant|p2a: Giratina|slp
|
|upkeep
|turn|32
|
|t:|1653274406
|move|p1a: Marshadow|Spectral Thief|p2a: Giratina
|-supereffective|p2a: Giratina
|-damage|p2a: Giratina|55/100 slp
|cant|p2a: Giratina|slp
|
|-heal|p2a: Giratina|61/100 slp|[from] item: Leftovers
|upkeep
|turn|33
|
|t:|1653274414
|move|p1a: Marshadow|Spectral Thief|p2a: Giratina
|-supereffective|p2a: Giratina
|-damage|p2a: Giratina|12/100 slp
|-curestatus|p2a: Giratina|slp|[msg]
|move|p2a: Giratina|Will-O-Wisp|p1a: Marshadow
|-status|p1a: Marshadow|brn
|
|-heal|p2a: Giratina|18/100|[from] item: Leftovers
|-damage|p1a: Marshadow|72/100 brn|[from] brn
|upkeep
|turn|34
|
|t:|1653274425
|switch|p2a: Chansey|Chansey, F|4/100
|move|p1a: Marshadow|Spectral Thief|p2a: Chansey
|-immune|p2a: Chansey
|
|-damage|p1a: Marshadow|65/100 brn|[from] brn
|upkeep
|turn|35
|
|t:|1653274433
|switch|p2a: Giratina|Giratina|18/100
|-ability|p2a: Giratina|Pressure
|move|p1a: Marshadow|Close Combat|p2a: Giratina
|-immune|p2a: Giratina
|
|-heal|p2a: Giratina|25/100|[from] item: Leftovers
|-damage|p1a: Marshadow|59/100 brn|[from] brn
|upkeep
|turn|36
|
|t:|1653274444
|switch|p2a: Chansey|Chansey, F|4/100
|move|p1a: Marshadow|Spectral Thief|p2a: Chansey
|-immune|p2a: Chansey
|
|-damage|p1a: Marshadow|53/100 brn|[from] brn
|upkeep
|turn|37
|
|t:|1653274461
|switch|p1a: Chansey|Chansey, F|100/100
|move|p2a: Chansey|Soft-Boiled|p2a: Chansey
|-heal|p2a: Chansey|54/100
|
|upkeep
|turn|38
|
|t:|1653274466
|move|p2a: Chansey|Soft-Boiled|p2a: Chansey
|-heal|p2a: Chansey|100/100
|move|p1a: Chansey|Heal Bell|p1a: Chansey
|-activate|p1a: Chansey|move: Heal Bell
|-curestatus|p1: Ho-Oh|tox|[msg]
|-curestatus|p1: Marshadow|brn|[msg]
|
|upkeep
|turn|39
|
|t:|1653274477
|switch|p2a: Quagsire|Quagsire, M|34/100
|switch|p1a: Necrozma|Necrozma-Dusk-Mane|90/100
|
|upkeep
|turn|40
|
|t:|1653274485
|move|p1a: Necrozma|Dragon Dance|p1a: Necrozma
|-boost|p1a: Necrozma|atk|1
|-boost|p1a: Necrozma|spe|1
|move|p2a: Quagsire|Recover|p2a: Quagsire
|-heal|p2a: Quagsire|84/100
|
|upkeep
|turn|41
|
|t:|1653274492
|move|p1a: Necrozma|Earthquake|p2a: Quagsire
|-damage|p2a: Quagsire|59/100
|move|p2a: Quagsire|Haze|p2a: Quagsire
|-clearallboost
|
|upkeep
|turn|42
|
|t:|1653274505
|switch|p1a: Slowbro|Slowbro, F|100/100
|move|p2a: Quagsire|Earthquake|p1a: Slowbro
|-damage|p1a: Slowbro|83/100
|
|-heal|p1a: Slowbro|90/100|[from] item: Leftovers
|upkeep
|turn|43
|
|t:|1653274512
|move|p2a: Quagsire|Recover|p2a: Quagsire
|-heal|p2a: Quagsire|100/100
|move|p1a: Slowbro|Toxic|p2a: Quagsire
|-status|p2a: Quagsire|tox
|
|-heal|p1a: Slowbro|96/100|[from] item: Leftovers
|-damage|p2a: Quagsire|94/100 tox|[from] psn
|upkeep
|turn|44
|
|t:|1653274531
|switch|p2a: Giratina|Giratina|25/100
|-ability|p2a: Giratina|Pressure
|switch|p1a: Marshadow|Marshadow|53/100
|
|-heal|p2a: Giratina|31/100|[from] item: Leftovers
|upkeep
|turn|45
|c|☆xLeonisx|44 turns and we only killed one mon each lol
|
|t:|1653274548
|move|p1a: Marshadow|Spectral Thief|p2a: Giratina
|-supereffective|p2a: Giratina
|-damage|p2a: Giratina|0 fnt
|faint|p2a: Giratina
|
|upkeep
|
|t:|1653274555
|switch|p2a: Sableye|Sableye-Mega, M|100/100
|turn|46
|
|t:|1653274576
|switch|p1a: Ho-Oh|Ho-Oh|100/100
|move|p2a: Sableye|Foul Play|p1a: Ho-Oh
|-damage|p1a: Ho-Oh|75/100
|
|upkeep
|turn|47
|
|t:|1653274602
|move|p1a: Ho-Oh|Sacred Fire|p2a: Sableye
|-damage|p2a: Sableye|71/100
|move|p2a: Sableye|Toxic|p1a: Ho-Oh
|-status|p1a: Ho-Oh|tox
|
|-damage|p1a: Ho-Oh|69/100 tox|[from] psn
|upkeep
|turn|48
|
|t:|1653274609
|move|p1a: Ho-Oh|Sacred Fire|p2a: Sableye
|-damage|p2a: Sableye|39/100
|move|p2a: Sableye|Recover|p2a: Sableye
|-heal|p2a: Sableye|89/100
|
|-damage|p1a: Ho-Oh|57/100 tox|[from] psn
|upkeep
|turn|49
|inactive|Battle timer is ON: inactive players will automatically lose when time's up. (requested by xLeonisx)
|
|t:|1653274633
|move|p1a: Ho-Oh|Sacred Fire|p2a: Sableye
|-damage|p2a: Sableye|60/100
|-status|p2a: Sableye|brn
|move|p2a: Sableye|Foul Play|p1a: Ho-Oh
|-damage|p1a: Ho-Oh|43/100 tox
|
|-damage|p1a: Ho-Oh|24/100 tox|[from] psn
|-damage|p2a: Sableye|54/100 brn|[from] brn
|upkeep
|turn|50
|inactive|xLeonisx has 120 seconds left.
|
|t:|1653274670
|switch|p1a: Necrozma|Necrozma-Dusk-Mane|90/100
|move|p2a: Sableye|Recover|p2a: Sableye
|-heal|p2a: Sableye|100/100 brn
|
|-damage|p2a: Sableye|94/100 brn|[from] brn
|upkeep
|turn|51
|inactive|xLeonisx has 120 seconds left.
|
|t:|1653274681
|switch|p2a: Quagsire|Quagsire, M|94/100 tox
|move|p1a: Necrozma|Sunsteel Strike|p2a: Quagsire
|-resisted|p2a: Quagsire
|-damage|p2a: Quagsire|77/100 tox
|-damage|p1a: Necrozma|73/100|[from] item: Rocky Helmet|[of] p2a: Quagsire
|
|-damage|p2a: Quagsire|71/100 tox|[from] psn
|upkeep
|turn|52
|inactive|xLeonisx has 120 seconds left.
|
|t:|1653274691
|move|p1a: Necrozma|Morning Sun|p1a: Necrozma
|-heal|p1a: Necrozma|100/100
|move|p2a: Quagsire|Earthquake|p1a: Necrozma
|-supereffective|p1a: Necrozma
|-damage|p1a: Necrozma|75/100
|
|-damage|p2a: Quagsire|59/100 tox|[from] psn
|upkeep
|turn|53
|
|t:|1653274700
|switch|p2a: Chansey|Chansey, F|100/100
|move|p1a: Necrozma|Earthquake|p2a: Chansey
|-damage|p2a: Chansey|76/100
|
|upkeep
|turn|54
|
|t:|1653274710
|switch|p1a: Chansey|Chansey, F|100/100
|move|p2a: Chansey|Aromatherapy|p2a: Chansey
|-activate|p2a: Chansey|move: Aromatherapy
|-curestatus|p2: Quagsire|tox|[msg]
|-curestatus|p2: Sableye|brn|[msg]
|
|upkeep
|turn|55
|
|t:|1653274718
|switch|p2a: Quagsire|Quagsire, M|59/100
|move|p1a: Chansey|Heal Bell|p1a: Chansey
|-activate|p1a: Chansey|move: Heal Bell
|-curestatus|p1: Ho-Oh|tox|[msg]
|
|upkeep
|turn|56
|
|t:|1653274730
|switch|p1a: Ho-Oh|Ho-Oh|57/100
|move|p2a: Quagsire|Recover|p2a: Quagsire
|-heal|p2a: Quagsire|100/100
|
|upkeep
|turn|57
|
|t:|1653274736
|switch|p2a: Sableye|Sableye-Mega, M|94/100
|move|p1a: Ho-Oh|Recover|p1a: Ho-Oh
|-heal|p1a: Ho-Oh|100/100
|
|upkeep
|turn|58
|inactive|LordBoc has 120 seconds left.
|
|t:|1653274777
|switch|p1a: Slowbro|Slowbro, F|100/100
|move|p2a: Sableye|Toxic|p1a: Slowbro
|-status|p1a: Slowbro|tox
|
|-damage|p1a: Slowbro|94/100 tox|[from] psn
|upkeep
|turn|59
|inactive|xLeonisx has 120 seconds left.
|
|t:|1653274811
|move|p1a: Slowbro|Foul Play|p2a: Sableye
|-damage|p2a: Sableye|81/100
|move|p2a: Sableye|Foul Play|p1a: Slowbro
|-supereffective|p1a: Slowbro
|-damage|p1a: Slowbro|69/100 tox
|
|-heal|p1a: Slowbro|75/100 tox|[from] item: Leftovers
|-damage|p1a: Slowbro|62/100 tox|[from] psn
|upkeep
|turn|60
|inactive|LordBoc has 120 seconds left.
|
|t:|1653274826
|switch|p1a: Chansey|Chansey, F|100/100
|move|p2a: Sableye|Foul Play|p1a: Chansey
|-damage|p1a: Chansey|97/100
|
|upkeep
|turn|61
|inactive|LordBoc has 120 seconds left.
|
|t:|1653274832
|move|p1a: Chansey|Heal Bell|p1a: Chansey
|-activate|p1a: Chansey|move: Heal Bell
|-curestatus|p1: Slowbro|tox|[msg]
|move|p2a: Sableye|Toxic|p1a: Chansey
|-status|p1a: Chansey|tox
|
|-damage|p1a: Chansey|90/100 tox|[from] psn
|upkeep
|turn|62
|
|t:|1653274840
|move|p1a: Chansey|Seismic Toss|p2a: Sableye
|-immune|p2a: Sableye
|move|p2a: Sableye|Recover|p2a: Sableye
|-heal|p2a: Sableye|100/100
|
|-damage|p1a: Chansey|78/100 tox|[from] psn
|upkeep
|turn|63
|inactive|LordBoc has 120 seconds left.
|
|t:|1653274857
|-curestatus|p1a: Chansey|tox|[from] ability: Natural Cure
|switch|p1a: Necrozma|Necrozma-Dusk-Mane|75/100
|move|p2a: Sableye|Foul Play|p1a: Necrozma
|-supereffective|p1a: Necrozma
|-damage|p1a: Necrozma|36/100
|
|upkeep
|turn|64
|
|t:|1653274867
|move|p1a: Necrozma|Morning Sun|p1a: Necrozma
|-heal|p1a: Necrozma|86/100
|move|p2a: Sableye|Foul Play|p1a: Necrozma
|-supereffective|p1a: Necrozma
|-damage|p1a: Necrozma|51/100
|
|upkeep
|turn|65
|inactive|xLeonisx has 120 seconds left.
|
|t:|1653274909
|move|p1a: Necrozma|Sunsteel Strike|p2a: Sableye
|-damage|p2a: Sableye|64/100
|move|p2a: Sableye|Foul Play|p1a: Necrozma
|-supereffective|p1a: Necrozma
|-damage|p1a: Necrozma|15/100
|
|upkeep
|turn|66
|
|t:|1653274916
|move|p1a: Necrozma|Morning Sun|p1a: Necrozma
|-heal|p1a: Necrozma|65/100
|move|p2a: Sableye|Foul Play|p1a: Necrozma
|-supereffective|p1a: Necrozma
|-damage|p1a: Necrozma|26/100
|
|upkeep
|turn|67
|
|t:|1653274922
|move|p1a: Necrozma|Morning Sun|p1a: Necrozma
|-heal|p1a: Necrozma|76/100
|move|p2a: Sableye|Foul Play|p1a: Necrozma
|-supereffective|p1a: Necrozma
|-damage|p1a: Necrozma|40/100
|
|upkeep
|turn|68
|
|t:|1653274929
|move|p1a: Necrozma|Morning Sun|p1a: Necrozma
|-heal|p1a: Necrozma|90/100
|move|p2a: Sableye|Foul Play|p1a: Necrozma
|-supereffective|p1a: Necrozma
|-damage|p1a: Necrozma|50/100
|
|upkeep
|turn|69
|
|t:|1653274936
|move|p1a: Necrozma|Morning Sun|p1a: Necrozma
|-heal|p1a: Necrozma|100/100
|move|p2a: Sableye|Foul Play|p1a: Necrozma
|-supereffective|p1a: Necrozma
|-damage|p1a: Necrozma|63/100
|
|upkeep
|turn|70
|
|t:|1653274943
|switch|p1a: Ho-Oh|Ho-Oh|100/100
|move|p2a: Sableye|Foul Play|p1a: Ho-Oh
|-damage|p1a: Ho-Oh|72/100
|
|upkeep
|turn|71
|
|t:|1653274956
|move|p1a: Ho-Oh|Sacred Fire|p2a: Sableye
|-damage|p2a: Sableye|35/100
|-status|p2a: Sableye|brn
|move|p2a: Sableye|Toxic|p1a: Ho-Oh
|-status|p1a: Ho-Oh|tox
|
|-damage|p1a: Ho-Oh|66/100 tox|[from] psn
|-damage|p2a: Sableye|29/100 brn|[from] brn
|upkeep
|turn|72
|
|t:|1653274970
|move|p1a: Ho-Oh|Recover|p1a: Ho-Oh
|-heal|p1a: Ho-Oh|100/100 tox
|move|p2a: Sableye|Recover|p2a: Sableye
|-heal|p2a: Sableye|79/100 brn
|
|-damage|p1a: Ho-Oh|88/100 tox|[from] psn
|-damage|p2a: Sableye|73/100 brn|[from] brn
|upkeep
|turn|73
|
|t:|1653274996
|switch|p1a: Marshadow|Marshadow|53/100
|move|p2a: Sableye|Foul Play|p1a: Marshadow
|-damage|p1a: Marshadow|21/100
|
|-damage|p2a: Sableye|66/100 brn|[from] brn
|upkeep
|turn|74
|
|t:|1653275006
|move|p1a: Marshadow|Spectral Thief|p2a: Sableye
|-damage|p2a: Sableye|30/100 brn
|move|p2a: Sableye|Recover|p2a: Sableye
|-heal|p2a: Sableye|80/100 brn
|
|-damage|p2a: Sableye|74/100 brn|[from] brn
|upkeep
|turn|75
|inactive|LordBoc has 120 seconds left.
|
|t:|1653275023
|switch|p1a: Slowbro|Slowbro, F|96/100
|move|p2a: Sableye|Recover|p2a: Sableye
|-heal|p2a: Sableye|100/100 brn
|
|-heal|p1a: Slowbro|100/100|[from] item: Leftovers
|-damage|p2a: Sableye|94/100 brn|[from] brn
|upkeep
|turn|76
|inactive|LordBoc has 120 seconds left.
|
|t:|1653275034
|switch|p2a: Quagsire|Quagsire, M|100/100
|move|p1a: Slowbro|Foul Play|p2a: Quagsire
|-damage|p2a: Quagsire|86/100
|-damage|p1a: Slowbro|84/100|[from] item: Rocky Helmet|[of] p2a: Quagsire
|
|-heal|p1a: Slowbro|90/100|[from] item: Leftovers
|upkeep
|turn|77
|
|t:|1653275042
|move|p2a: Quagsire|Toxic|p1a: Slowbro
|-status|p1a: Slowbro|tox
|move|p1a: Slowbro|Toxic|p2a: Quagsire
|-status|p2a: Quagsire|tox
|
|-heal|p1a: Slowbro|96/100 tox|[from] item: Leftovers
|-damage|p2a: Quagsire|80/100 tox|[from] psn
|-damage|p1a: Slowbro|90/100 tox|[from] psn
|upkeep
|turn|78
|inactive|LordBoc has 120 seconds left.
|
|t:|1653275087
|switch|p2a: Chansey|Chansey, F|76/100
|move|p1a: Slowbro|Foul Play|p2a: Chansey
|-damage|p2a: Chansey|75/100
|
|-heal|p1a: Slowbro|96/100 tox|[from] item: Leftovers
|-damage|p1a: Slowbro|84/100 tox|[from] psn
|upkeep
|turn|79
|
|t:|1653275097
|switch|p1a: Chansey|Chansey, F|78/100
|move|p2a: Chansey|Aromatherapy|p2a: Chansey
|-activate|p2a: Chansey|move: Aromatherapy
|-curestatus|p2: Quagsire|tox|[msg]
|-curestatus|p2: Sableye|brn|[msg]
|
|upkeep
|turn|80
|
|t:|1653275104
|move|p2a: Chansey|Toxic|p1a: Chansey
|-status|p1a: Chansey|tox
|move|p1a: Chansey|Heal Bell|p1a: Chansey
|-activate|p1a: Chansey|move: Heal Bell
|-curestatus|p1a: Chansey|tox|[msg]
|-curestatus|p1: Ho-Oh|tox|[msg]
|-curestatus|p1: Slowbro|tox|[msg]
|
|upkeep
|turn|81
|
|t:|1653275112
|move|p2a: Chansey|Toxic|p1a: Chansey|[miss]
|-miss|p2a: Chansey|p1a: Chansey
|move|p1a: Chansey|Seismic Toss|p2a: Chansey
|-damage|p2a: Chansey|59/100
|
|upkeep
|turn|82
|
|t:|1653275121
|move|p1a: Chansey|Seismic Toss|p2a: Chansey
|-damage|p2a: Chansey|44/100
|move|p2a: Chansey|Toxic|p1a: Chansey
|-status|p1a: Chansey|tox
|
|-damage|p1a: Chansey|72/100 tox|[from] psn
|upkeep
|turn|83
|c|☆LordBoc|time for 200+ turns
|c|☆LordBoc|lets go
|
|t:|1653275131
|move|p1a: Chansey|Seismic Toss|p2a: Chansey
|-damage|p2a: Chansey|28/100
|move|p2a: Chansey|Soft-Boiled|p2a: Chansey
|-heal|p2a: Chansey|78/100
|
|-damage|p1a: Chansey|59/100 tox|[from] psn
|upkeep
|turn|84
|c|☆xLeonisx|lollll
|inactive|LordBoc has 120 seconds left.
|
|t:|1653275141
|switch|p2a: Sableye|Sableye-Mega, M|94/100
|-curestatus|p1a: Chansey|tox|[from] ability: Natural Cure
|switch|p1a: Slowbro|Slowbro, F|100/100
|
|upkeep
|turn|85
|inactive|LordBoc has 120 seconds left.
|
|t:|1653275151
|move|p2a: Sableye|Fake Out|p1a: Slowbro
|-damage|p1a: Slowbro|96/100
|cant|p1a: Slowbro|flinch
|
|-heal|p1a: Slowbro|100/100|[from] item: Leftovers
|upkeep
|turn|86
|
|t:|1653275157
|move|p1a: Slowbro|Iron Defense|p1a: Slowbro
|-boost|p1a: Slowbro|def|2
|move|p2a: Sableye|Foul Play|p1a: Slowbro
|-supereffective|p1a: Slowbro
|-damage|p1a: Slowbro|88/100
|
|-heal|p1a: Slowbro|94/100|[from] item: Leftovers
|upkeep
|turn|87
|
|t:|1653275165
|switch|p2a: Lugia|Lugia|100/100
|move|p1a: Slowbro|Foul Play|p2a: Lugia
|-supereffective|p2a: Lugia
|-damage|p2a: Lugia|93/100
|
|-heal|p1a: Slowbro|99/100|[from] item: Leftovers
|upkeep
|turn|88
|
|t:|1653275172
|move|p2a: Lugia|Toxic|p1a: Slowbro
|-status|p1a: Slowbro|tox
|move|p1a: Slowbro|Toxic|p2a: Lugia
|-status|p2a: Lugia|tox
|
|-heal|p1a: Slowbro|100/100 tox|[from] item: Leftovers
|-damage|p2a: Lugia|86/100 tox|[from] psn
|-damage|p1a: Slowbro|94/100 tox|[from] psn
|upkeep
|turn|89
|
|t:|1653275190
|switch|p2a: Sableye|Sableye-Mega, M|94/100
|switch|p1a: Necrozma|Necrozma-Dusk-Mane|63/100
|
|upkeep
|turn|90
|
|t:|1653275195
|move|p1a: Necrozma|Morning Sun|p1a: Necrozma
|-heal|p1a: Necrozma|100/100
|move|p2a: Sableye|Foul Play|p1a: Necrozma
|-supereffective|p1a: Necrozma
|-damage|p1a: Necrozma|60/100
|
|upkeep
|turn|91
|
|t:|1653275203
|switch|p1a: Ho-Oh|Ho-Oh|100/100
|move|p2a: Sableye|Foul Play|p1a: Ho-Oh
|-damage|p1a: Ho-Oh|73/100
|
|upkeep
|turn|92
|
|t:|1653275221
|switch|p1a: Necrozma|Necrozma-Dusk-Mane|60/100
|move|p2a: Sableye|Fake Out||[still]
|-hint|Fake Out only works on your first turn out.
|-fail|p2a: Sableye
|
|upkeep
|turn|93
|
|t:|1653275234
|switch|p1a: Marshadow|Marshadow|21/100
|move|p2a: Sableye|Foul Play|p1a: Marshadow
|-damage|p1a: Marshadow|0 fnt
|faint|p1a: Marshadow
|
|upkeep
|c|☆LordBoc|wow another mon is finally dead
|
|t:|1653275249
|switch|p1a: Ho-Oh|Ho-Oh|100/100
|turn|94
|
|t:|1653275255
|switch|p1a: Chansey|Chansey, F|59/100
|switch|p2a: Quagsire|Quagsire, M|80/100
|
|upkeep
|turn|95
|
|t:|1653275263
|switch|p1a: Ho-Oh|Ho-Oh|100/100
|move|p2a: Quagsire|Earthquake|p1a: Ho-Oh
|-immune|p1a: Ho-Oh
|
|upkeep
|turn|96
|
|t:|1653275269
|move|p1a: Ho-Oh|Toxic|p2a: Quagsire
|-status|p2a: Quagsire|tox
|move|p2a: Quagsire|Toxic|p1a: Ho-Oh|[miss]
|-miss|p2a: Quagsire|p1a: Ho-Oh
|
|-damage|p2a: Quagsire|74/100 tox|[from] psn
|upkeep
|turn|97
|
|t:|1653275278
|switch|p1a: Necrozma|Necrozma-Dusk-Mane|60/100
|move|p2a: Quagsire|Earthquake|p1a: Necrozma
|-supereffective|p1a: Necrozma
|-damage|p1a: Necrozma|37/100
|
|-damage|p2a: Quagsire|62/100 tox|[from] psn
|upkeep
|turn|98
|
|t:|1653275285
|move|p1a: Necrozma|Morning Sun|p1a: Necrozma
|-heal|p1a: Necrozma|87/100
|move|p2a: Quagsire|Earthquake|p1a: Necrozma
|-supereffective|p1a: Necrozma
|-damage|p1a: Necrozma|61/100
|
|-damage|p2a: Quagsire|44/100 tox|[from] psn
|upkeep
|turn|99
|
|t:|1653275292
|switch|p2a: Chansey|Chansey, F|78/100
|move|p1a: Necrozma|Sunsteel Strike|p2a: Chansey
|-damage|p2a: Chansey|42/100
|
|upkeep
|turn|100
|inactive|LordBoc has 120 seconds left.
|c|☆LordBoc|to think this would've been over so much quicker if i didn't braindead mar shadow and predicted close comba
|
|t:|1653275320
|move|p1a: Necrozma|Sunsteel Strike|p2a: Chansey
|-damage|p2a: Chansey|2/100
|move|p2a: Chansey|Aromatherapy|p2a: Chansey
|-activate|p2a: Chansey|move: Aromatherapy
|-curestatus|p2: Quagsire|tox|[msg]
|-curestatus|p2: Lugia|tox|[msg]
|
|upkeep
|turn|101
|
|t:|1653275329
|switch|p2a: Sableye|Sableye-Mega, M|94/100
|move|p1a: Necrozma|Sunsteel Strike|p2a: Sableye
|-damage|p2a: Sableye|56/100
|
|upkeep
|turn|102
|
|t:|1653275339
|switch|p1a: Slowbro|Slowbro, F|100/100 tox
|move|p2a: Sableye|Foul Play|p1a: Slowbro
|-supereffective|p1a: Slowbro
|-damage|p1a: Slowbro|74/100 tox
|
|-heal|p1a: Slowbro|80/100 tox|[from] item: Leftovers
|-damage|p1a: Slowbro|74/100 tox|[from] psn
|upkeep
|turn|103
|
|t:|1653275348
|move|p1a: Slowbro|Foul Play|p2a: Sableye
|-damage|p2a: Sableye|43/100
|move|p2a: Sableye|Recover|p2a: Sableye
|-heal|p2a: Sableye|93/100
|
|-heal|p1a: Slowbro|80/100 tox|[from] item: Leftovers
|-damage|p1a: Slowbro|68/100 tox|[from] psn
|upkeep
|turn|104
|
|t:|1653275360
|switch|p1a: Chansey|Chansey, F|59/100
|move|p2a: Sableye|Foul Play|p1a: Chansey
|-damage|p1a: Chansey|55/100
|
|upkeep
|turn|105
|
|t:|1653275367
|switch|p2a: Chansey|Chansey, F|2/100
|move|p1a: Chansey|Seismic Toss|p2a: Chansey
|-damage|p2a: Chansey|0 fnt
|faint|p2a: Chansey
|
|upkeep
|
|t:|1653275370
|switch|p2a: Quagsire|Quagsire, M|44/100
|turn|106
|
|t:|1653275379
|switch|p1a: Ho-Oh|Ho-Oh|100/100
|move|p2a: Quagsire|Recover|p2a: Quagsire
|-heal|p2a: Quagsire|94/100
|
|upkeep
|turn|107
|
|t:|1653275384
|move|p1a: Ho-Oh|Toxic|p2a: Quagsire
|-status|p2a: Quagsire|tox
|move|p2a: Quagsire|Toxic|p1a: Ho-Oh
|-status|p1a: Ho-Oh|tox
|
|-damage|p1a: Ho-Oh|94/100 tox|[from] psn
|-damage|p2a: Quagsire|88/100 tox|[from] psn
|upkeep
|turn|108
|c|☆xLeonisx|u win now
|c|☆xLeonisx|heal bell
|c|☆LordBoc|i don't think i can kill your sableye
|c|☆LordBoc|lol
|c|☆xLeonisx|haha
|inactive|LordBoc has 90 seconds left.
|
|t:|1653275413
|switch|p1a: Slowbro|Slowbro, F|100/100 tox
|move|p2a: Quagsire|Haze|p2a: Quagsire
|-clearallboost
|
|-damage|p2a: Quagsire|75/100 tox|[from] psn
|-damage|p1a: Slowbro|94/100 tox|[from] psn
|upkeep
|turn|109
|inactive|LordBoc has 90 seconds left.
|
|t:|1653275425
|switch|p2a: Lugia|Lugia|86/100
|move|p1a: Slowbro|Foul Play|p2a: Lugia
|-supereffective|p2a: Lugia
|-damage|p2a: Lugia|70/100
|
|-heal|p1a: Slowbro|100/100 tox|[from] item: Leftovers
|-damage|p1a: Slowbro|88/100 tox|[from] psn
|upkeep
|turn|110
|
|t:|1653275433
|switch|p2a: Sableye|Sableye-Mega, M|93/100
|move|p1a: Slowbro|Toxic|p2a: Sableye
|move|p2a: Sableye|Toxic|p1a: Slowbro|[from]ability: Magic Bounce
|-fail|p1a: Slowbro|tox
|
|-heal|p1a: Slowbro|94/100 tox|[from] item: Leftovers
|-damage|p1a: Slowbro|76/100 tox|[from] psn
|upkeep
|turn|111
|
|t:|1653275442
|switch|p1a: Chansey|Chansey, F|55/100
|switch|p2a: Quagsire|Quagsire, M|75/100 tox
|
|-damage|p2a: Quagsire|69/100 tox|[from] psn
|upkeep
|turn|112
|
|t:|1653275452
|switch|p1a: Ho-Oh|Ho-Oh|100/100 tox
|move|p2a: Quagsire|Recover|p2a: Quagsire
|-heal|p2a: Quagsire|100/100 tox
|
|-damage|p1a: Ho-Oh|94/100 tox|[from] psn
|-damage|p2a: Quagsire|88/100 tox|[from] psn
|upkeep
|turn|113
|
|t:|1653275468
|switch|p2a: Sableye|Sableye-Mega, M|93/100
|move|p1a: Ho-Oh|Protect||[still]
|-fail|p1a: Ho-Oh
|
|-damage|p1a: Ho-Oh|82/100 tox|[from] psn
|upkeep
|turn|114
|inactive|LordBoc has 60 seconds left.
|c|☆LordBoc|this probably would've been done a lot faster if I led with yveltal brr
|
|t:|1653275506
|switch|p1a: Slowbro|Slowbro, F|100/100 tox
|switch|p2a: Quagsire|Quagsire, M|88/100 tox
|
|-damage|p2a: Quagsire|82/100 tox|[from] psn
|-damage|p1a: Slowbro|94/100 tox|[from] psn
|upkeep
|turn|115
|
|t:|1653275514
|switch|p2a: Sableye|Sableye-Mega, M|93/100
|move|p1a: Slowbro|Foul Play|p2a: Sableye
|-damage|p2a: Sableye|80/100
|
|-heal|p1a: Slowbro|100/100 tox|[from] item: Leftovers
|-damage|p1a: Slowbro|88/100 tox|[from] psn
|upkeep
|turn|116
|
|t:|1653275523
|move|p2a: Sableye|Fake Out|p1a: Slowbro
|-damage|p1a: Slowbro|84/100 tox
|cant|p1a: Slowbro|flinch
|
|-heal|p1a: Slowbro|90/100 tox|[from] item: Leftovers
|-damage|p1a: Slowbro|72/100 tox|[from] psn
|upkeep
|turn|117
|
|t:|1653275533
|switch|p1a: Chansey|Chansey, F|55/100
|switch|p2a: Lugia|Lugia|70/100
|
|upkeep
|turn|118
|inactive|LordBoc has 30 seconds left.
|
|t:|1653275555
|move|p1a: Chansey|Heal Bell|p1a: Chansey
|-activate|p1a: Chansey|move: Heal Bell
|-curestatus|p1: Ho-Oh|tox|[msg]
|-curestatus|p1: Slowbro|tox|[msg]
|move|p2a: Lugia|Whirlwind|p1a: Chansey
|drag|p1a: Slowbro|Slowbro, F|100/100
|
|upkeep
|turn|119
|inactive|LordBoc has 30 seconds left.
|
|t:|1653275563
|move|p2a: Lugia|Toxic|p1a: Slowbro
|-status|p1a: Slowbro|tox
|move|p1a: Slowbro|Toxic|p2a: Lugia
|-status|p2a: Lugia|tox
|
|-damage|p2a: Lugia|64/100 tox|[from] psn
|-damage|p1a: Slowbro|94/100 tox|[from] psn
|upkeep
|turn|120
|inactive|LordBoc has 30 seconds left.
|inactive|xLeonisx has 120 seconds left.
|
|t:|1653275574
|switch|p2a: Sableye|Sableye-Mega, M|80/100
|move|p1a: Slowbro|Foul Play|p2a: Sableye
|-damage|p2a: Sableye|68/100
|
|-heal|p1a: Slowbro|100/100 tox|[from] item: Leftovers
|-damage|p1a: Slowbro|88/100 tox|[from] psn
|upkeep
|turn|121
|inactive|LordBoc has 30 seconds left.
|
|t:|1653275587
|move|p2a: Sableye|Fake Out|p1a: Slowbro
|-damage|p1a: Slowbro|84/100 tox
|cant|p1a: Slowbro|flinch
|
|-heal|p1a: Slowbro|90/100 tox|[from] item: Leftovers
|-damage|p1a: Slowbro|72/100 tox|[from] psn
|upkeep
|turn|122
|inactive|LordBoc has 30 seconds left this turn.
|inactive|LordBoc has 20 seconds left.
|inactive|LordBoc has 15 seconds left.
|c|☆LordBoc|only 9 more recover pp from your sableye and i can escape this hell
|inactive|LordBoc has 10 seconds left.
|
|t:|1653275612
|switch|p2a: Quagsire|Quagsire, M|82/100 tox
|move|p1a: Slowbro|Slack Off|p1a: Slowbro
|-heal|p1a: Slowbro|100/100 tox
|
|-damage|p2a: Quagsire|76/100 tox|[from] psn
|-damage|p1a: Slowbro|76/100 tox|[from] psn
|upkeep
|turn|123
|inactive|LordBoc has 15 seconds left this turn.
|c|☆xLeonisx|hahah
|inactive|LordBoc has 10 seconds left.
|
|t:|1653275621
|switch|p2a: Sableye|Sableye-Mega, M|68/100
|switch|p1a: Ho-Oh|Ho-Oh|100/100
|
|upkeep
|turn|124
|inactive|LordBoc has 15 seconds left this turn.
|inactive|LordBoc has 10 seconds left.
|
|t:|1653275628
|move|p1a: Ho-Oh|Protect|p1a: Ho-Oh
|-singleturn|p1a: Ho-Oh|Protect
|move|p2a: Sableye|Toxic|p1a: Ho-Oh
|-activate|p1a: Ho-Oh|move: Protect
|
|upkeep
|turn|125
|inactive|LordBoc has 15 seconds left this turn.
|inactive|LordBoc has 10 seconds left.
|
|t:|1653275634
|move|p1a: Ho-Oh|Recover||[still]
|-fail|p1a: Ho-Oh|heal
|move|p2a: Sableye|Toxic|p1a: Ho-Oh
|-status|p1a: Ho-Oh|tox
|
|-damage|p1a: Ho-Oh|94/100 tox|[from] psn
|upkeep
|turn|126
|inactive|LordBoc has 15 seconds left this turn.
|inactive|LordBoc has 10 seconds left.
|c|☆LordBoc|im gonna die to timer lol
|inactive|xLeonisx has 120 seconds left.
|
|t:|1653275667
|move|p1a: Ho-Oh|Toxic|p2a: Sableye
|move|p2a: Sableye|Toxic|p1a: Ho-Oh|[from]ability: Magic Bounce
|-fail|p1a: Ho-Oh|tox
|move|p2a: Sableye|Foul Play|p1a: Ho-Oh
|-damage|p1a: Ho-Oh|69/100 tox
|
|-damage|p1a: Ho-Oh|57/100 tox|[from] psn
|upkeep
|turn|127
|inactive|LordBoc has 15 seconds left this turn.
|inactive|LordBoc has 10 seconds left.
|
|t:|1653275685
|move|p2a: Sableye|Fake Out||[still]
|-hint|Fake Out only works on your first turn out.
|-fail|p2a: Sableye
|move|p1a: Ho-Oh|Recover|p1a: Ho-Oh
|-heal|p1a: Ho-Oh|100/100 tox
|
|-damage|p1a: Ho-Oh|82/100 tox|[from] psn
|upkeep
|turn|128
|inactive|LordBoc has 15 seconds left this turn.
|inactive|LordBoc has 10 seconds left.
|
|t:|1653275692
|switch|p1a: Slowbro|Slowbro, F|100/100 tox
|switch|p2a: Quagsire|Quagsire, M|76/100 tox
|
|-damage|p2a: Quagsire|70/100 tox|[from] psn
|-damage|p1a: Slowbro|94/100 tox|[from] psn
|upkeep
|turn|129
|inactive|LordBoc has 15 seconds left this turn.
|inactive|LordBoc has 10 seconds left.
|
|t:|1653275704
|move|p2a: Quagsire|Earthquake|p1a: Slowbro
|-damage|p1a: Slowbro|77/100 tox
|move|p1a: Slowbro|Iron Defense|p1a: Slowbro
|-boost|p1a: Slowbro|def|2
|
|-heal|p1a: Slowbro|83/100 tox|[from] item: Leftovers
|-damage|p2a: Quagsire|58/100 tox|[from] psn
|-damage|p1a: Slowbro|71/100 tox|[from] psn
|upkeep
|turn|130
|inactive|LordBoc has 15 seconds left this turn.
|inactive|LordBoc has 10 seconds left.
|
|t:|1653275712
|switch|p2a: Lugia|Lugia|64/100 tox
|switch|p1a: Ho-Oh|Ho-Oh|100/100 tox
|
|-damage|p2a: Lugia|58/100 tox|[from] psn
|-damage|p1a: Ho-Oh|94/100 tox|[from] psn
|upkeep
|turn|131
|inactive|LordBoc has 15 seconds left this turn.
|inactive|LordBoc has 10 seconds left.
|
|t:|1653275720
|move|p1a: Ho-Oh|Protect|p1a: Ho-Oh
|-singleturn|p1a: Ho-Oh|Protect
|move|p2a: Lugia|Roost|p2a: Lugia
|-heal|p2a: Lugia|100/100 tox
|-singleturn|p2a: Lugia|move: Roost
|
|-damage|p2a: Lugia|88/100 tox|[from] psn
|-damage|p1a: Ho-Oh|82/100 tox|[from] psn
|upkeep
|turn|132
|inactive|LordBoc has 15 seconds left this turn.
|inactive|LordBoc has 10 seconds left.
|
|t:|1653275728
|switch|p2a: Quagsire|Quagsire, M|58/100 tox
|move|p1a: Ho-Oh|Recover|p1a: Ho-Oh
|-heal|p1a: Ho-Oh|100/100 tox
|
|-damage|p1a: Ho-Oh|82/100 tox|[from] psn
|-damage|p2a: Quagsire|52/100 tox|[from] psn
|upkeep
|turn|133
|inactive|LordBoc has 15 seconds left this turn.
|inactive|LordBoc has 10 seconds left.
|
|t:|1653275735
|move|p1a: Ho-Oh|Protect|p1a: Ho-Oh
|-singleturn|p1a: Ho-Oh|Protect
|move|p2a: Quagsire|Recover|p2a: Quagsire
|-heal|p2a: Quagsire|100/100 tox
|
|-damage|p1a: Ho-Oh|57/100 tox|[from] psn
|-damage|p2a: Quagsire|88/100 tox|[from] psn
|upkeep
|turn|134
|inactive|LordBoc has 15 seconds left this turn.
|inactive|LordBoc has 10 seconds left.
|
|t:|1653275742
|switch|p1a: Slowbro|Slowbro, F|100/100 tox
|switch|p2a: Sableye|Sableye-Mega, M|68/100
|
|-damage|p1a: Slowbro|94/100 tox|[from] psn
|upkeep
|turn|135
|inactive|LordBoc has 15 seconds left this turn.
|inactive|LordBoc has 10 seconds left.
|
|t:|1653275748
|switch|p1a: Ho-Oh|Ho-Oh|90/100 tox
|move|p2a: Sableye|Fake Out|p1a: Ho-Oh
|-damage|p1a: Ho-Oh|84/100 tox
|
|-damage|p1a: Ho-Oh|78/100 tox|[from] psn
|upkeep
|turn|136
|inactive|LordBoc has 15 seconds left this turn.
|inactive|LordBoc has 10 seconds left.
|
|t:|1653275763
|switch|p1a: Slowbro|Slowbro, F|100/100 tox
|switch|p2a: Quagsire|Quagsire, M|88/100 tox
|
|-damage|p2a: Quagsire|82/100 tox|[from] psn
|-damage|p1a: Slowbro|94/100 tox|[from] psn
|upkeep
|turn|137
|inactive|LordBoc has 15 seconds left this turn.
|inactive|LordBoc has 10 seconds left.
|
|t:|1653275770
|switch|p2a: Sableye|Sableye-Mega, M|68/100
|switch|p1a: Ho-Oh|Ho-Oh|100/100 tox
|
|-damage|p1a: Ho-Oh|94/100 tox|[from] psn
|upkeep
|turn|138
|inactive|LordBoc has 15 seconds left this turn.
|inactive|LordBoc has 10 seconds left.
|
|t:|1653275778
|switch|p1a: Slowbro|Slowbro, F|100/100 tox
|switch|p2a: Quagsire|Quagsire, M|82/100 tox
|
|-damage|p2a: Quagsire|76/100 tox|[from] psn
|-damage|p1a: Slowbro|94/100 tox|[from] psn
|upkeep
|turn|139
|inactive|LordBoc has 15 seconds left this turn.
|
|t:|1653275782
|switch|p2a: Sableye|Sableye-Mega, M|68/100
|switch|p1a: Ho-Oh|Ho-Oh|100/100 tox
|
|-damage|p1a: Ho-Oh|94/100 tox|[from] psn
|upkeep
|turn|140
|inactive|LordBoc has 20 seconds left this turn.
|
|t:|1653275786
|switch|p1a: Slowbro|Slowbro, F|100/100 tox
|move|p2a: Sableye|Fake Out|p1a: Slowbro
|-damage|p1a: Slowbro|95/100 tox
|
|-heal|p1a: Slowbro|100/100 tox|[from] item: Leftovers
|-damage|p1a: Slowbro|94/100 tox|[from] psn
|upkeep
|turn|141
|inactive|LordBoc has 25 seconds left this turn.
|inactive|LordBoc has 20 seconds left.
|
|t:|1653275792
|switch|p1a: Ho-Oh|Ho-Oh|100/100 tox
|move|p2a: Sableye|Foul Play|p1a: Ho-Oh
|-damage|p1a: Ho-Oh|75/100 tox
|
|-damage|p1a: Ho-Oh|68/100 tox|[from] psn
|upkeep
|turn|142
|inactive|LordBoc has 25 seconds left this turn.
|inactive|LordBoc has 20 seconds left.
|c|☆LordBoc|this is literal hell
|
|t:|1653275799
|switch|p1a: Slowbro|Slowbro, F|100/100 tox
|move|p2a: Sableye|Fake Out||[still]
|-hint|Fake Out only works on your first turn out.
|-fail|p2a: Sableye
|
|-damage|p1a: Slowbro|94/100 tox|[from] psn
|upkeep
|turn|143
|inactive|LordBoc has 25 seconds left this turn.
|inactive|LordBoc has 20 seconds left.
|c|☆xLeonisx|u just gotta struggle my
|c|☆xLeonisx|entire team to win
|
|t:|1653275816
|switch|p1a: Ho-Oh|Ho-Oh|100/100 tox
|move|p2a: Sableye|Fake Out||[still]
|-hint|Fake Out only works on your first turn out.
|-fail|p2a: Sableye
|
|-damage|p1a: Ho-Oh|94/100 tox|[from] psn
|upkeep
|turn|144
|inactive|LordBoc has 25 seconds left this turn.
|inactive|LordBoc has 20 seconds left.
|inactive|LordBoc has 15 seconds left.
|c|☆LordBoc|just gotta take the entirety of next month
|
|t:|1653275827
|switch|p1a: Slowbro|Slowbro, F|100/100 tox
|switch|p2a: Quagsire|Quagsire, M|76/100 tox
|
|-damage|p2a: Quagsire|70/100 tox|[from] psn
|-damage|p1a: Slowbro|94/100 tox|[from] psn
|upkeep
|turn|145
|inactive|LordBoc has 20 seconds left this turn.
|c|☆xLeonisx|lol
|inactive|LordBoc has 15 seconds left.
|c|☆xLeonisx|if u want ill quit
|c|☆xLeonisx|u have it
|c|☆LordBoc|sure
|c|☆xLeonisx|ok
|c|☆xLeonisx|gg
|inactive|xLeonisx has 120 seconds left.
|c|☆LordBoc|thank you for ending this hell
|c|☆LordBoc|gg
|-message|xLeonisx forfeited.
|
|win|LordBoc
|inactive|LordBoc has 20 seconds left this turn.
|raw|LordBoc's rating: 1494 &rarr; <strong>1524</strong><br />(+30 for winning)
|raw|xLeonisx's rating: 1676 &rarr; <strong>1646</strong><br />(-30 for losing)
|l|☆xLeonisx
