|j|☆NatDex ok
|j|☆Team Rocket J&J
|t:|1665706469
|gametype|singles
|player|p1|NatDex ok|266|1647
|player|p2|Team Rocket J&J|teamrocket|1563
|teamsize|p1|6
|teamsize|p2|6
|gen|8
|tier|[Gen 8] National Dex AG
|rated|
|rule|HP Percentage Mod: HP is shown in percentages
|rule|Endless Battle Clause: Forcing endless battles is banned
|clearpoke
|poke|p1|Rayquaza|
|poke|p1|Groudon|
|poke|p1|Yveltal|
|poke|p1|Ditto|
|poke|p1|Xerneas-*|
|poke|p1|Calyrex-Shadow|
|poke|p2|Corsola-Galar, M|
|poke|p2|Mimikyu, M|
|poke|p2|Aegislash, F|
|poke|p2|Gengar, M|
|poke|p2|Dragapult, M|
|poke|p2|Giratina-Origin|
|teampreview
|inactive|Battle timer is ON: inactive players will automatically lose when time's up. (requested by NatDex ok)
|
|t:|1665706476
|start
|switch|p1a: 6-0 Joe|Yveltal|100/100
|switch|p2a: Giratina|Giratina-Origin|100/100
|-ability|p1a: 6-0 Joe|Dark Aura
|turn|1
|
|t:|1665706484
|switch|p2a: Gengar|Gengar, M, shiny|100/100
|move|p1a: 6-0 Joe|Dark Pulse|p2a: Gengar
|-supereffective|p2a: Gengar
|-damage|p2a: Gengar|0 fnt
|faint|p2a: Gengar
|
|upkeep
|
|t:|1665706491
|switch|p2a: Mimikyu|Mimikyu, M|100/100
|turn|2
|
|t:|1665706497
|-start|p1a: 6-0 Joe|Dynamax|
|-heal|p1a: 6-0 Joe|100/100|[silent]
|-start|p2a: Mimikyu|Dynamax|
|-heal|p2a: Mimikyu|100/100|[silent]
|move|p1a: 6-0 Joe|Max Ooze|p2a: Mimikyu
|-activate|p2a: Mimikyu|ability: Disguise
|-damage|p2a: Mimikyu|100/100
|-boost|p1a: 6-0 Joe|spa|1
|detailschange|p2a: Mimikyu|Mimikyu-Busted, M
|-damage|p2a: Mimikyu|94/100|[from] pokemon: Mimikyu-Busted
|move|p2a: Mimikyu|Max Starfall|p1a: 6-0 Joe
|-supereffective|p1a: 6-0 Joe
|-damage|p1a: 6-0 Joe|42/100
|-fieldstart|move: Misty Terrain
|-damage|p2a: Mimikyu|89/100|[from] item: Life Orb
|
|upkeep
|turn|3
|
|t:|1665706514
|move|p2a: Mimikyu|Max Guard|p2a: Mimikyu
|-singleturn|p2a: Mimikyu|Max Guard
|move|p1a: 6-0 Joe|Max Airstream|p2a: Mimikyu
|-activate|p2a: Mimikyu|move: Max Guard
|
|upkeep
|turn|4
|
|t:|1665706519
|move|p1a: 6-0 Joe|Max Ooze|p2a: Mimikyu
|-damage|p2a: Mimikyu|50/100
|-boost|p1a: 6-0 Joe|spa|1
|move|p2a: Mimikyu|Max Starfall|p1a: 6-0 Joe
|-supereffective|p1a: 6-0 Joe
|-damage|p1a: 6-0 Joe|0 fnt
|faint|p1a: 6-0 Joe
|-damage|p2a: Mimikyu|45/100|[from] item: Life Orb
|
|upkeep
|
|t:|1665706527
|switch|p1a: Calyrex|Calyrex-Shadow|100/100
|-ability|p1a: Calyrex|As One
|-ability|p1a: Calyrex|Unnerve
|-end|p2a: Mimikyu|Dynamax
|-heal|p2a: Mimikyu|45/100|[silent]
|turn|5
|
|t:|1665706535
|switch|p1a: Groudon|Groudon, shiny|100/100
|detailschange|p1a: Groudon|Groudon-Primal, shiny
|-primal|p1a: Groudon
|-weather|DesolateLand|[from] ability: Desolate Land|[of] p1a: Groudon
|move|p2a: Mimikyu|Shadow Sneak|p1a: Groudon
|-damage|p1a: Groudon|89/100
|-damage|p2a: Mimikyu|35/100|[from] item: Life Orb
|
|-weather|DesolateLand|[upkeep]
|upkeep
|turn|6
|
|t:|1665706545
|switch|p2a: Giratina|Giratina-Origin|100/100
|move|p1a: Groudon|Stealth Rock|p2a: Giratina
|-sidestart|p2: Team Rocket J&J|move: Stealth Rock
|
|-weather|DesolateLand|[upkeep]
|-fieldend|Misty Terrain
|upkeep
|turn|7
|
|t:|1665706552
|move|p1a: Groudon|Thunder Wave|p2a: Giratina
|-status|p2a: Giratina|par
|move|p2a: Giratina|Hex|p1a: Groudon
|-damage|p1a: Groudon|51/100
|
|-weather|DesolateLand|[upkeep]
|upkeep
|turn|8
|
|t:|1665706562
|-weather|none
|switch|p1a: Rayquaza|Rayquaza, shiny|100/100
|-ability|p1a: Rayquaza|Air Lock
|move|p2a: Giratina|Hex|p1a: Rayquaza
|-damage|p1a: Rayquaza|58/100
|
|upkeep
|turn|9
|
|t:|1665706576
|switch|p2a: Corsola|Corsola-Galar, M|100/100
|-damage|p2a: Corsola|88/100|[from] Stealth Rock
|detailschange|p1a: Rayquaza|Rayquaza-Mega, shiny
|-mega|p1a: Rayquaza|Rayquaza|
|-weather|DeltaStream|[from] ability: Delta Stream|[of] p1a: Rayquaza
|move|p1a: Rayquaza|Dragon Dance|p1a: Rayquaza
|-boost|p1a: Rayquaza|atk|1
|-boost|p1a: Rayquaza|spe|1
|
|-weather|DeltaStream|[upkeep]
|upkeep
|turn|10
|
|t:|1665706586
|move|p1a: Rayquaza|Dragon Ascent|p2a: Corsola
|-damage|p2a: Corsola|26/100
|-unboost|p1a: Rayquaza|def|1
|-unboost|p1a: Rayquaza|spd|1
|move|p2a: Corsola|Strength Sap|p1a: Rayquaza
|-unboost|p1a: Rayquaza|atk|1
|-heal|p2a: Corsola|100/100
|
|-weather|DeltaStream|[upkeep]
|upkeep
|turn|11
|
|t:|1665706597
|-weather|none
|switch|p1a: Xerneas|Xerneas|100/100
|-ability|p1a: Xerneas|Fairy Aura
|move|p2a: Corsola|Night Shade|p1a: Xerneas
|-damage|p1a: Xerneas|75/100
|
|upkeep
|turn|12
|
|t:|1665706605
|move|p1a: Xerneas|Moonblast|p2a: Corsola
|-damage|p2a: Corsola|36/100
|-start|p1a: Xerneas|Disable|Moonblast|[from] ability: Cursed Body|[of] p2a: Corsola
|move|p2a: Corsola|Will-O-Wisp|p1a: Xerneas
|-status|p1a: Xerneas|brn
|
|-damage|p1a: Xerneas|69/100 brn|[from] brn
|upkeep
|turn|13
|
|t:|1665706614
|switch|p1a: Rayquaza|Rayquaza-Mega, shiny|58/100
|-weather|DeltaStream|[from] ability: Delta Stream|[of] p1a: Rayquaza
|move|p2a: Corsola|Strength Sap|p1a: Rayquaza
|-unboost|p1a: Rayquaza|atk|1
|-heal|p2a: Corsola|100/100
|
|-weather|DeltaStream|[upkeep]
|upkeep
|turn|14
|
|t:|1665706623
|move|p1a: Rayquaza|Dragon Ascent|p2a: Corsola
|-damage|p2a: Corsola|68/100
|-unboost|p1a: Rayquaza|def|1
|-unboost|p1a: Rayquaza|spd|1
|move|p2a: Corsola|Will-O-Wisp|p1a: Rayquaza
|-status|p1a: Rayquaza|brn
|
|-weather|DeltaStream|[upkeep]
|-damage|p1a: Rayquaza|51/100 brn|[from] brn
|upkeep
|turn|15
|
|t:|1665706632
|move|p1a: Rayquaza|Dragon Ascent|p2a: Corsola
|-damage|p2a: Corsola|53/100
|-unboost|p1a: Rayquaza|def|1
|-unboost|p1a: Rayquaza|spd|1
|move|p2a: Corsola|Strength Sap|p1a: Rayquaza
|-unboost|p1a: Rayquaza|atk|1
|-heal|p2a: Corsola|100/100
|
|-weather|DeltaStream|[upkeep]
|-damage|p1a: Rayquaza|45/100 brn|[from] brn
|upkeep
|turn|16
|
|t:|1665706641
|move|p1a: Rayquaza|Dragon Ascent|p2a: Corsola
|-damage|p2a: Corsola|89/100
|-unboost|p1a: Rayquaza|def|1
|-unboost|p1a: Rayquaza|spd|1
|-start|p1a: Rayquaza|Disable|Dragon Ascent|[from] ability: Cursed Body|[of] p2a: Corsola
|move|p2a: Corsola|Night Shade|p1a: Rayquaza
|-damage|p1a: Rayquaza|17/100 brn
|
|-weather|DeltaStream|[upkeep]
|-damage|p1a: Rayquaza|10/100 brn|[from] brn
|upkeep
|turn|17
|
|t:|1665706654
|move|p1a: Rayquaza|Earthquake|p2a: Corsola
|-damage|p2a: Corsola|84/100
|move|p2a: Corsola|Night Shade|p1a: Rayquaza
|-damage|p1a: Rayquaza|0 fnt
|faint|p1a: Rayquaza
|-weather|none
|
|upkeep
|
|t:|1665706663
|switch|p1a: Calyrex|Calyrex-Shadow|100/100
|-ability|p1a: Calyrex|As One
|-ability|p1a: Calyrex|Unnerve
|turn|18
|
|t:|1665706669
|move|p1a: Calyrex|Substitute|p1a: Calyrex
|-start|p1a: Calyrex|Substitute
|-damage|p1a: Calyrex|76/100
|move|p2a: Corsola|Night Shade|p1a: Calyrex
|-end|p1a: Calyrex|Substitute
|
|-heal|p1a: Calyrex|82/100|[from] item: Leftovers
|upkeep
|turn|19
|
|t:|1665706678
|move|p1a: Calyrex|Leech Seed|p2a: Corsola
|-start|p2a: Corsola|move: Leech Seed
|move|p2a: Corsola|Night Shade|p1a: Calyrex
|-damage|p1a: Calyrex|52/100
|
|-heal|p1a: Calyrex|59/100|[from] item: Leftovers
|-damage|p2a: Corsola|71/100|[from] Leech Seed|[of] p1a: Calyrex
|-heal|p1a: Calyrex|70/100|[silent]
|upkeep
|turn|20
|c|☆Team Rocket J&J|lol
|c|☆Team Rocket J&J|this thing gets LEECH SEED?
|
|t:|1665706694
|move|p1a: Calyrex|Substitute|p1a: Calyrex
|-start|p1a: Calyrex|Substitute
|-damage|p1a: Calyrex|45/100
|move|p2a: Corsola|Night Shade|p1a: Calyrex
|-end|p1a: Calyrex|Substitute
|
|-heal|p1a: Calyrex|52/100|[from] item: Leftovers
|-damage|p2a: Corsola|59/100|[from] Leech Seed|[of] p1a: Calyrex
|-heal|p1a: Calyrex|63/100|[silent]
|upkeep
|turn|21
|
|t:|1665706705
|move|p1a: Calyrex|Astral Barrage|p2a: Corsola
|-supereffective|p2a: Corsola
|-damage|p2a: Corsola|0 fnt
|-start|p1a: Calyrex|Disable|Astral Barrage|[from] ability: Cursed Body|[of] p2a: Corsola
|faint|p2a: Corsola
|-ability|p1a: Calyrex|Grim Neigh|boost
|-boost|p1a: Calyrex|spa|1
|
|-heal|p1a: Calyrex|69/100|[from] item: Leftovers
|upkeep
|
|t:|1665706714
|switch|p2a: Aegislash|Aegislash, F|100/100
|-damage|p2a: Aegislash|94/100|[from] Stealth Rock
|turn|22
|
|t:|1665706725
|switch|p1a: Ditto|Ditto|100/100
|-transform|p1a: Ditto|p2a: Aegislash|[from] ability: Imposter
|-formechange|p2a: Aegislash|Aegislash-Blade||[from] ability: Stance Change
|move|p2a: Aegislash|Shadow Sneak|p1a: Ditto
|-supereffective|p1a: Ditto
|-crit|p1a: Ditto
|-damage|p1a: Ditto|36/100
|
|-heal|p2a: Aegislash|100/100|[from] item: Leftovers
|upkeep
|turn|23
|
|t:|1665706737
|-formechange|p2a: Aegislash|Aegislash||[from] ability: Stance Change
|move|p2a: Aegislash|King's Shield|p2a: Aegislash
|-singleturn|p2a: Aegislash|Protect
|move|p1a: Ditto|Shadow Sneak|p2a: Aegislash
|-activate|p2a: Aegislash|move: Protect
|-unboost|p1a: Ditto|atk|1
|
|upkeep
|turn|24
|
|t:|1665706745
|move|p1a: Ditto|Shadow Sneak|p2a: Aegislash
|-supereffective|p2a: Aegislash
|-damage|p2a: Aegislash|86/100
|-formechange|p2a: Aegislash|Aegislash-Blade||[from] ability: Stance Change
|move|p2a: Aegislash|Shadow Sneak|p1a: Ditto
|-supereffective|p1a: Ditto
|-damage|p1a: Ditto|0 fnt
|faint|p1a: Ditto
|
|-heal|p2a: Aegislash|92/100|[from] item: Leftovers
|upkeep
|
|t:|1665706748
|switch|p1a: Groudon|Groudon-Primal, shiny|51/100
|-weather|DesolateLand|[from] ability: Desolate Land|[of] p1a: Groudon
|turn|25
|
|t:|1665706757
|switch|p2a: Giratina|Giratina-Origin|100/100 par
|-damage|p2a: Giratina|88/100 par|[from] Stealth Rock
|move|p1a: Groudon|Thunder Wave|p2a: Giratina
|-fail|p2a: Giratina|par
|
|-weather|DesolateLand|[upkeep]
|upkeep
|turn|26
|
|t:|1665706763
|move|p1a: Groudon|Fire Punch|p2a: Giratina
|-resisted|p2a: Giratina
|-damage|p2a: Giratina|64/100 par
|move|p2a: Giratina|Hex|p1a: Groudon
|-damage|p1a: Groudon|18/100
|
|-weather|DesolateLand|[upkeep]
|upkeep
|turn|27
|
|t:|1665706772
|move|p1a: Groudon|Fire Punch|p2a: Giratina
|-resisted|p2a: Giratina
|-damage|p2a: Giratina|43/100 par
|move|p2a: Giratina|Hex|p1a: Groudon
|-damage|p1a: Groudon|0 fnt
|faint|p1a: Groudon
|-weather|none
|
|upkeep
|
|t:|1665706781
|switch|p1a: Xerneas|Xerneas|69/100 brn
|-ability|p1a: Xerneas|Fairy Aura
|turn|28
|
|t:|1665706788
|move|p1a: Xerneas|Moonblast|p2a: Giratina
|-supereffective|p2a: Giratina
|-damage|p2a: Giratina|0 fnt
|faint|p2a: Giratina
|
|-damage|p1a: Xerneas|63/100 brn|[from] brn
|upkeep
|
|t:|1665706797
|switch|p2a: Dragapult|Dragapult, M|100/100
|-damage|p2a: Dragapult|88/100|[from] Stealth Rock
|turn|29
|
|t:|1665706802
|move|p2a: Dragapult|Phantom Force||[still]
|-prepare|p2a: Dragapult|Phantom Force
|move|p1a: Xerneas|Moonblast|p2a: Dragapult|[miss]
|-miss|p1a: Xerneas|p2a: Dragapult
|
|-damage|p1a: Xerneas|57/100 brn|[from] brn
|upkeep
|turn|30
|
|t:|1665706808
|move|p2a: Dragapult|Phantom Force|p1a: Xerneas|[from]lockedmove
|-damage|p1a: Xerneas|3/100 brn
|-damage|p2a: Dragapult|78/100|[from] item: Life Orb
|move|p1a: Xerneas|Moonblast|p2a: Dragapult
|-supereffective|p2a: Dragapult
|-damage|p2a: Dragapult|0 fnt
|faint|p2a: Dragapult
|
|-damage|p1a: Xerneas|0 fnt|[from] brn
|faint|p1a: Xerneas
|upkeep
|
|t:|1665706818
|switch|p2a: Aegislash|Aegislash, F|92/100
|switch|p1a: Calyrex|Calyrex-Shadow|69/100
|-ability|p1a: Calyrex|As One
|-ability|p1a: Calyrex|Unnerve
|-damage|p2a: Aegislash|86/100|[from] Stealth Rock
|turn|31
|
|t:|1665706827
|-formechange|p2a: Aegislash|Aegislash-Blade||[from] ability: Stance Change
|move|p2a: Aegislash|Shadow Sneak|p1a: Calyrex
|-supereffective|p1a: Calyrex
|-damage|p1a: Calyrex|0 fnt
|faint|p1a: Calyrex
|
|win|Team Rocket J&J
|raw|NatDex ok's rating: 1647 &rarr; <strong>1622</strong><br />(-25 for losing)
|raw|Team Rocket J&amp;J's rating: 1563 &rarr; <strong>1588</strong><br />(+25 for winning)
|c|☆NatDex ok|gg
|c|☆Team Rocket J&J|gg
|l|☆NatDex ok
||Ladder isn't responding, score probably updated but might not have (Request timeout).
