|j|☆alt1445645
|j|☆lemoncell0
|t:|1661397038
|gametype|singles
|player|p1|alt1445645|266|1703
|player|p2|lemoncell0|allister|1938
|teamsize|p1|6
|teamsize|p2|6
|gen|8
|tier|[Gen 8] National Dex AG
|rated|
|rule|HP Percentage Mod: HP is shown in percentages
|rule|Endless Battle Clause: Forcing endless battles is banned
|clearpoke
|poke|p1|Groudon|
|poke|p1|Rayquaza|
|poke|p1|Zygarde|
|poke|p1|Arceus-*|
|poke|p1|Calyrex-Shadow|
|poke|p1|Xerneas-*|
|poke|p2|Latias, F|
|poke|p2|Quagsire, M|
|poke|p2|Tyranitar, M|
|poke|p2|Ditto|
|poke|p2|Gothitelle, M|
|poke|p2|Zacian-*|
|teampreview
|inactive|Battle timer is ON: inactive players will automatically lose when time's up. (requested by lemoncell0)
|
|t:|1661397052
|start
|switch|p1a: Pyra|Groudon|100/100
|switch|p2a: Zacian|Zacian-Crowned|100/100
|-ability|p2a: Zacian|Intrepid Sword|boost
|-boost|p2a: Zacian|atk|1
|detailschange|p1a: Pyra|Groudon-Primal
|-primal|p1a: Pyra
|-weather|DesolateLand|[from] ability: Desolate Land|[of] p1a: Pyra
|turn|1
|
|t:|1661397056
|switch|p2a: Latias|Latias, F|100/100
|move|p1a: Pyra|Thunder Wave|p2a: Latias
|-status|p2a: Latias|par
|
|-weather|DesolateLand|[upkeep]
|upkeep
|turn|2
|
|t:|1661397076
|detailschange|p2a: Latias|Latias-Mega, F
|-mega|p2a: Latias|Latias|Latiasite
|move|p1a: Pyra|Stealth Rock|p2a: Latias
|-sidestart|p2: lemoncell0|move: Stealth Rock
|move|p2a: Latias|Toxic|p1a: Pyra
|-status|p1a: Pyra|tox
|
|-weather|DesolateLand|[upkeep]
|-damage|p1a: Pyra|94/100 tox|[from] psn
|upkeep
|turn|3
|
|t:|1661397084
|-weather|none
|switch|p1a: Calyrex|Calyrex-Shadow|100/100
|-ability|p1a: Calyrex|As One
|-ability|p1a: Calyrex|Unnerve
|move|p2a: Latias|Defog|p1a: Calyrex
|-unboost|p1a: Calyrex|evasion|1
|-sideend|p2: lemoncell0|Stealth Rock|[from] move: Defog|[of] p2a: Latias
|
|upkeep
|turn|4
|
|t:|1661397086
|switch|p2a: Tyranitar|Tyranitar, M|100/100
|-weather|Sandstorm|[from] ability: Sand Stream|[of] p2a: Tyranitar
|move|p1a: Calyrex|Substitute|p1a: Calyrex
|-start|p1a: Calyrex|Substitute
|-damage|p1a: Calyrex|76/100
|
|-weather|Sandstorm|[upkeep]
|-damage|p1a: Calyrex|70/100|[from] Sandstorm
|-heal|p1a: Calyrex|76/100|[from] item: Leftovers
|upkeep
|turn|5
|
|t:|1661397088
|move|p1a: Calyrex|Leech Seed|p2a: Tyranitar|[miss]
|-miss|p1a: Calyrex|p2a: Tyranitar
|move|p2a: Tyranitar|Rock Blast|p1a: Calyrex
|-activate|p1a: Calyrex|move: Substitute|[damage]
|-end|p1a: Calyrex|Substitute
|-hitcount|p1a: Calyrex|2
|
|-weather|Sandstorm|[upkeep]
|-damage|p1a: Calyrex|70/100|[from] Sandstorm
|-heal|p1a: Calyrex|76/100|[from] item: Leftovers
|upkeep
|turn|6
|
|t:|1661397096
|-activate|p1a: Calyrex|move: Pursuit
|move|p2a: Tyranitar|Pursuit|p1a: Calyrex|[from]Pursuit
|-supereffective|p1a: Calyrex
|-damage|p1a: Calyrex|0 fnt
|faint|p1a: Calyrex
|-hint|A Pokemon can't switch between when it runs out of HP and when it faints
|
|-weather|Sandstorm|[upkeep]
|upkeep
|
|t:|1661397098
|switch|p1a: Xerneas|Xerneas|100/100
|-ability|p1a: Xerneas|Fairy Aura
|turn|7
|
|t:|1661397106
|move|p1a: Xerneas|Geomancy||[still]
|-prepare|p1a: Xerneas|Geomancy
|-enditem|p1a: Xerneas|Power Herb
|-anim|p1a: Xerneas|Geomancy|p1a: Xerneas
|-boost|p1a: Xerneas|spa|2
|-boost|p1a: Xerneas|spd|2
|-boost|p1a: Xerneas|spe|2
|move|p2a: Tyranitar|Rock Blast|p1a: Xerneas
|-damage|p1a: Xerneas|92/100
|-damage|p1a: Xerneas|84/100
|-damage|p1a: Xerneas|75/100
|-damage|p1a: Xerneas|66/100
|-damage|p1a: Xerneas|58/100
|-hitcount|p1a: Xerneas|5
|
|-weather|Sandstorm|[upkeep]
|-damage|p1a: Xerneas|52/100|[from] Sandstorm
|upkeep
|turn|8
|
|t:|1661397117
|switch|p2a: Gothitelle|Gothitelle, M|100/100
|move|p1a: Xerneas|Draining Kiss|p2a: Gothitelle
|-crit|p2a: Gothitelle
|-damage|p2a: Gothitelle|0 fnt
|-heal|p1a: Xerneas|100/100|[from] drain|[of] p2a: Gothitelle
|faint|p2a: Gothitelle
|
|-weather|none
|upkeep
|
|t:|1661397119
|switch|p2a: Ditto|Ditto|100/100
|-transform|p2a: Ditto|p1a: Xerneas|[from] ability: Imposter
|-ability|p2a: Ditto|Fairy Aura
|turn|9
|
|t:|1661397144
|switch|p2a: Tyranitar|Tyranitar, M|100/100
|-weather|Sandstorm|[from] ability: Sand Stream|[of] p2a: Tyranitar
|-start|p1a: Xerneas|Dynamax|
|-heal|p1a: Xerneas|100/100|[silent]
|move|p1a: Xerneas|Max Starfall|p2a: Tyranitar
|-supereffective|p2a: Tyranitar
|-damage|p2a: Tyranitar|0 fnt
|-fieldstart|move: Misty Terrain
|faint|p2a: Tyranitar
|
|-weather|Sandstorm|[upkeep]
|-damage|p1a: Xerneas|97/100|[from] Sandstorm
|upkeep
|
|t:|1661397146
|switch|p2a: Ditto|Ditto|100/100
|-transform|p2a: Ditto|p1a: Xerneas|[from] ability: Imposter
|-ability|p2a: Ditto|Fairy Aura
|turn|10
|
|t:|1661397152
|-start|p2a: Ditto|Dynamax|
|-heal|p2a: Ditto|100/100|[silent]
|move|p2a: Ditto|Max Guard|p2a: Ditto
|-singleturn|p2a: Ditto|Max Guard
|move|p1a: Xerneas|Max Quake|p2a: Ditto
|-activate|p2a: Ditto|move: Max Guard
|
|-weather|Sandstorm|[upkeep]
|-damage|p2a: Ditto|97/100|[from] Sandstorm
|-damage|p1a: Xerneas|94/100|[from] Sandstorm
|upkeep
|turn|11
|
|t:|1661397154
|move|p1a: Xerneas|Max Starfall|p2a: Ditto
|-damage|p2a: Ditto|57/100
|move|p2a: Ditto|Max Lightning|p1a: Xerneas
|-damage|p1a: Xerneas|75/100
|-fieldstart|move: Electric Terrain
|
|-weather|Sandstorm|[upkeep]
|-damage|p2a: Ditto|54/100|[from] Sandstorm
|-damage|p1a: Xerneas|72/100|[from] Sandstorm
|upkeep
|-end|p1a: Xerneas|Dynamax
|-heal|p1a: Xerneas|72/100|[silent]
|turn|12
|
|t:|1661397165
|move|p1a: Xerneas|Geomancy||[still]
|-prepare|p1a: Xerneas|Geomancy
|move|p2a: Ditto|Max Starfall|p1a: Xerneas
|-damage|p1a: Xerneas|10/100
|-fieldstart|move: Misty Terrain
|
|-weather|Sandstorm|[upkeep]
|-damage|p1a: Xerneas|4/100|[from] Sandstorm
|-damage|p2a: Ditto|51/100|[from] Sandstorm
|upkeep
|-end|p2a: Ditto|Dynamax
|-heal|p2a: Ditto|51/100|[silent]
|turn|13
|
|t:|1661397170
|move|p2a: Ditto|Draining Kiss|p1a: Xerneas
|-damage|p1a: Xerneas|0 fnt
|-heal|p2a: Ditto|55/100|[from] drain|[of] p1a: Xerneas
|faint|p1a: Xerneas
|
|-weather|none
|upkeep
|
|t:|1661397172
|switch|p1a: Pneuma|Rayquaza|100/100
|-ability|p1a: Pneuma|Air Lock
|turn|14
|
|t:|1661397177
|switch|p2a: Quagsire|Quagsire, M|100/100
|detailschange|p1a: Pneuma|Rayquaza-Mega
|-mega|p1a: Pneuma|Rayquaza|
|-weather|DeltaStream|[from] ability: Delta Stream|[of] p1a: Pneuma
|move|p1a: Pneuma|Dragon Ascent|p2a: Quagsire
|-damage|p2a: Quagsire|40/100
|-unboost|p1a: Pneuma|def|1
|-unboost|p1a: Pneuma|spd|1
|-damage|p1a: Pneuma|84/100|[from] item: Rocky Helmet|[of] p2a: Quagsire
|
|-weather|DeltaStream|[upkeep]
|upkeep
|turn|15
|
|t:|1661397179
|move|p1a: Pneuma|Dragon Ascent|p2a: Quagsire
|-damage|p2a: Quagsire|0 fnt
|-unboost|p1a: Pneuma|def|1
|-unboost|p1a: Pneuma|spd|1
|-damage|p1a: Pneuma|67/100|[from] item: Rocky Helmet|[of] p2a: Quagsire
|faint|p2a: Quagsire
|
|-weather|DeltaStream|[upkeep]
|upkeep
|
|t:|1661397181
|switch|p2a: Zacian|Zacian-Crowned|100/100
|-ability|p2a: Zacian|Intrepid Sword|boost
|-boost|p2a: Zacian|atk|1
|turn|16
|
|t:|1661397187
|-weather|none
|switch|p1a: Pyra|Groudon-Primal|94/100 tox
|-weather|DesolateLand|[from] ability: Desolate Land|[of] p1a: Pyra
|move|p2a: Zacian|Close Combat|p1a: Pyra
|-damage|p1a: Pyra|51/100 tox
|-unboost|p2a: Zacian|def|1
|-unboost|p2a: Zacian|spd|1
|
|-weather|DesolateLand|[upkeep]
|-damage|p1a: Pyra|45/100 tox|[from] psn
|-fieldend|Misty Terrain
|upkeep
|turn|17
|
|t:|1661397197
|switch|p2a: Latias|Latias-Mega, F|100/100 par
|move|p1a: Pyra|Heat Crash|p2a: Latias
|-resisted|p2a: Latias
|-damage|p2a: Latias|50/100 par
|
|-weather|DesolateLand|[upkeep]
|-damage|p1a: Pyra|33/100 tox|[from] psn
|upkeep
|turn|18
|
|t:|1661397211
|move|p1a: Pyra|Heat Crash|p2a: Latias
|-resisted|p2a: Latias
|-damage|p2a: Latias|4/100 par
|move|p2a: Latias|Draco Meteor|p1a: Pyra
|-damage|p1a: Pyra|0 fnt
|-unboost|p2a: Latias|spa|2
|faint|p1a: Pyra
|-weather|none
|
|upkeep
|
|t:|1661397214
|switch|p1a: Shi Oh You|Zygarde, shiny|100/100
|turn|19
|
|t:|1661397217
|move|p1a: Shi Oh You|Substitute|p1a: Shi Oh You
|-start|p1a: Shi Oh You|Substitute
|-damage|p1a: Shi Oh You|75/100
|move|p2a: Latias|Toxic||[still]
|-fail|p2a: Latias
|
|-heal|p1a: Shi Oh You|82/100|[from] item: Leftovers
|upkeep
|turn|20
|
|t:|1661397222
|move|p1a: Shi Oh You|Dragon Dance|p1a: Shi Oh You
|-boost|p1a: Shi Oh You|atk|1
|-boost|p1a: Shi Oh You|spe|1
|cant|p2a: Latias|par
|
|-heal|p1a: Shi Oh You|88/100|[from] item: Leftovers
|upkeep
|turn|21
|
|t:|1661397230
|move|p1a: Shi Oh You|Thousand Arrows|p2a: Latias
|-damage|p2a: Latias|0 fnt
|faint|p2a: Latias
|
|-heal|p1a: Shi Oh You|94/100|[from] item: Leftovers
|upkeep
|
|t:|1661397232
|switch|p2a: Zacian|Zacian-Crowned|100/100
|-ability|p2a: Zacian|Intrepid Sword|boost
|-boost|p2a: Zacian|atk|1
|turn|22
|
|t:|1661397236
|move|p2a: Zacian|Behemoth Blade|p1a: Shi Oh You
|-end|p1a: Shi Oh You|Substitute
|move|p1a: Shi Oh You|Glare|p2a: Zacian
|-status|p2a: Zacian|par
|
|-heal|p1a: Shi Oh You|99/100|[from] item: Leftovers
|upkeep
|turn|23
|
|t:|1661397238
|move|p1a: Shi Oh You|Substitute|p1a: Shi Oh You
|-start|p1a: Shi Oh You|Substitute
|-damage|p1a: Shi Oh You|75/100
|move|p2a: Zacian|Play Rough|p1a: Shi Oh You
|-supereffective|p1a: Shi Oh You
|-end|p1a: Shi Oh You|Substitute
|
|-heal|p1a: Shi Oh You|81/100|[from] item: Leftovers
|upkeep
|turn|24
|
|t:|1661397240
|move|p1a: Shi Oh You|Substitute|p1a: Shi Oh You
|-start|p1a: Shi Oh You|Substitute
|-damage|p1a: Shi Oh You|56/100
|cant|p2a: Zacian|par
|
|-heal|p1a: Shi Oh You|63/100|[from] item: Leftovers
|upkeep
|turn|25
|
|t:|1661397244
|move|p1a: Shi Oh You|Thousand Arrows|p2a: Zacian
|-supereffective|p2a: Zacian
|-damage|p2a: Zacian|19/100 par
|move|p2a: Zacian|Behemoth Blade|p1a: Shi Oh You
|-end|p1a: Shi Oh You|Substitute
|
|-heal|p1a: Shi Oh You|69/100|[from] item: Leftovers
|upkeep
|turn|26
|
|t:|1661397247
|move|p1a: Shi Oh You|Substitute|p1a: Shi Oh You
|-start|p1a: Shi Oh You|Substitute
|-damage|p1a: Shi Oh You|44/100
|move|p2a: Zacian|Behemoth Blade|p1a: Shi Oh You
|-end|p1a: Shi Oh You|Substitute
|
|-heal|p1a: Shi Oh You|50/100|[from] item: Leftovers
|-activate|p1a: Shi Oh You|ability: Power Construct
|detailschange|p1a: Shi Oh You|Zygarde-Complete, shiny
|-heal|p1a: Shi Oh You|67/100|[silent]
|upkeep
|turn|27
|
|t:|1661397251
|move|p1a: Shi Oh You|Substitute|p1a: Shi Oh You
|-start|p1a: Shi Oh You|Substitute
|-damage|p1a: Shi Oh You|42/100
|move|p2a: Zacian|Behemoth Blade|p1a: Shi Oh You
|-end|p1a: Shi Oh You|Substitute
|
|-heal|p1a: Shi Oh You|48/100|[from] item: Leftovers
|upkeep
|turn|28
|
|t:|1661397257
|move|p1a: Shi Oh You|Substitute|p1a: Shi Oh You
|-start|p1a: Shi Oh You|Substitute
|-damage|p1a: Shi Oh You|23/100
|move|p2a: Zacian|Behemoth Blade|p1a: Shi Oh You
|-end|p1a: Shi Oh You|Substitute
|
|-heal|p1a: Shi Oh You|29/100|[from] item: Leftovers
|upkeep
|turn|29
|
|t:|1661397260
|move|p1a: Shi Oh You|Substitute|p1a: Shi Oh You
|-start|p1a: Shi Oh You|Substitute
|-damage|p1a: Shi Oh You|4/100
|move|p2a: Zacian|Behemoth Blade|p1a: Shi Oh You
|-end|p1a: Shi Oh You|Substitute
|
|-heal|p1a: Shi Oh You|11/100|[from] item: Leftovers
|upkeep
|turn|30
|
|t:|1661397266
|move|p1a: Shi Oh You|Thousand Arrows|p2a: Zacian
|-supereffective|p2a: Zacian
|-damage|p2a: Zacian|0 fnt
|faint|p2a: Zacian
|
|-heal|p1a: Shi Oh You|17/100|[from] item: Leftovers
|upkeep
|
|t:|1661397268
|switch|p2a: Ditto|Ditto|55/100
|-transform|p2a: Ditto|p1a: Shi Oh You|[from] ability: Imposter
|turn|31
|
|t:|1661397269
|move|p2a: Ditto|Thousand Arrows|p1a: Shi Oh You
|-damage|p1a: Shi Oh You|0 fnt
|faint|p1a: Shi Oh You
|
|upkeep
|
|t:|1661397273
|switch|p1a: Arceus|Arceus|100/100
|turn|32
|
|t:|1661397277
|move|p2a: Ditto|Thousand Arrows|p1a: Arceus
|-damage|p1a: Arceus|69/100
|move|p1a: Arceus|Swords Dance|p1a: Arceus
|-boost|p1a: Arceus|atk|2
|
|upkeep
|turn|33
|
|t:|1661397281
|move|p1a: Arceus|Extreme Speed|p2a: Ditto
|-damage|p2a: Ditto|0 fnt
|faint|p2a: Ditto
|
|win|alt1445645
|raw|alt1445645's rating: 1646 &rarr; <strong>1680</strong><br />(+34 for winning)
|raw|lemoncell0's rating: 1938 &rarr; <strong>1904</strong><br />(-34 for losing)
|l|☆lemoncell0
||Ladder isn't responding, score probably updated but might not have (Request timeout).
