|j|☆aseeasase
|j|☆chemiuzs
|t:|1657354451
|gametype|singles
|player|p1|aseeasase|265|1706
|player|p2|chemiuzs|n|1732
|teamsize|p1|6
|teamsize|p2|6
|gen|8
|tier|[Gen 8] National Dex AG
|rated|
|rule|HP Percentage Mod: HP is shown in percentages
|rule|Endless Battle Clause: Forcing endless battles is banned
|clearpoke
|poke|p1|Arceus-*|
|poke|p1|Palkia|
|poke|p1|Dialga|
|poke|p1|Ditto|
|poke|p1|Nihilego|
|poke|p1|Necrozma-Dawn-Wings|
|poke|p2|Calyrex-Shadow|
|poke|p2|Yveltal|
|poke|p2|Zacian-*|
|poke|p2|Marshadow|
|poke|p2|Arceus-*|
|poke|p2|Groudon|
|teampreview
|
|t:|1657354480
|start
|switch|p1a: Dialga|Dialga|100/100
|switch|p2a: Arceus|Arceus-Dark|100/100
|-ability|p1a: Dialga|Pressure
|turn|1
|
|t:|1657354504
|move|p2a: Arceus|Magic Coat|p2a: Arceus
|-singleturn|p2a: Arceus|move: Magic Coat
|move|p1a: Dialga|Stealth Rock|p2a: Arceus
|move|p2a: Arceus|Stealth Rock|p1a: Dialga|[from]Magic Coat
|-sidestart|p1: aseeasase|move: Stealth Rock
|
|upkeep
|turn|2
|
|t:|1657354512
|move|p1a: Dialga|Stealth Rock|p2a: Arceus
|-sidestart|p2: chemiuzs|move: Stealth Rock
|move|p2a: Arceus|Judgment|p1a: Dialga
|-damage|p1a: Dialga|54/100
|
|upkeep
|turn|3
|
|t:|1657354538
|move|p1a: Dialga|Earth Power|p2a: Arceus
|-damage|p2a: Arceus|80/100
|move|p2a: Arceus|Judgment|p1a: Dialga
|-damage|p1a: Dialga|6/100
|
|upkeep
|turn|4
|
|t:|1657354549
|move|p1a: Dialga|Steel Beam|p2a: Arceus
|-damage|p2a: Arceus|31/100
|-damage|p1a: Dialga|0 fnt|[from] mindblown
|faint|p1a: Dialga
|move|p2a: Arceus|Judgment|p1: Dialga|[notarget]
|-fail|p2a: Arceus
|
|upkeep
|
|t:|1657354589
|switch|p1a: Palkia|Palkia|100/100
|-damage|p1a: Palkia|88/100|[from] Stealth Rock
|-ability|p1a: Palkia|Pressure
|turn|5
|
|t:|1657354597
|move|p1a: Palkia|Spacial Rend|p2a: Arceus
|-damage|p2a: Arceus|0 fnt
|faint|p2a: Arceus
|
|upkeep
|
|t:|1657354602
|switch|p2a: Zacian|Zacian-Crowned|100/100
|-damage|p2a: Zacian|94/100|[from] Stealth Rock
|-ability|p2a: Zacian|Intrepid Sword|boost
|-boost|p2a: Zacian|atk|1
|turn|6
|
|t:|1657354615
|-singleturn|p1a: Palkia|move: Focus Punch
|move|p2a: Zacian|Play Rough|p1a: Palkia
|-supereffective|p1a: Palkia
|-damage|p1a: Palkia|0 fnt
|faint|p1a: Palkia
|
|upkeep
|
|t:|1657354624
|switch|p1a: Ditto|Ditto|100/100
|-damage|p1a: Ditto|88/100|[from] Stealth Rock
|-transform|p1a: Ditto|p2a: Zacian|[from] ability: Imposter
|-ability|p1a: Ditto|Intrepid Sword|boost
|-boost|p1a: Ditto|atk|1
|turn|7
|c|☆chemiuzs|6
|
|t:|1657354635
|switch|p2a: Groudon|Groudon|100/100
|-damage|p2a: Groudon|94/100|[from] Stealth Rock
|detailschange|p2a: Groudon|Groudon-Primal
|-primal|p2a: Groudon
|-weather|DesolateLand|[from] ability: Desolate Land|[of] p2a: Groudon
|move|p1a: Ditto|Behemoth Blade|p2a: Groudon
|-resisted|p2a: Groudon
|-damage|p2a: Groudon|52/100
|
|-weather|DesolateLand|[upkeep]
|upkeep
|turn|8
|
|t:|1657354673
|switch|p1a: Arceus|Arceus-Bug|100/100
|-damage|p1a: Arceus|76/100|[from] Stealth Rock
|move|p2a: Groudon|Precipice Blades|p1a: Arceus
|-resisted|p1a: Arceus
|-damage|p1a: Arceus|45/100
|
|-weather|DesolateLand|[upkeep]
|upkeep
|turn|9
|
|t:|1657354691
|move|p1a: Arceus|Ice Beam|p2a: Groudon
|-damage|p2a: Groudon|18/100
|move|p2a: Groudon|Heat Crash|p1a: Arceus
|-supereffective|p1a: Arceus
|-damage|p1a: Arceus|0 fnt
|faint|p1a: Arceus
|
|-weather|DesolateLand|[upkeep]
|upkeep
|
|t:|1657354702
|switch|p1a: Necrozma|Necrozma-Dawn-Wings|100/100
|-damage|p1a: Necrozma|88/100|[from] Stealth Rock
|turn|10
|inactive|Battle timer is ON: inactive players will automatically lose when time's up. (requested by chemiuzs)
|
|t:|1657354731
|move|p2a: Groudon|Rock Polish|p2a: Groudon
|-boost|p2a: Groudon|spe|2
|move|p1a: Necrozma|Rock Polish|p1a: Necrozma
|-boost|p1a: Necrozma|spe|2
|
|-weather|DesolateLand|[upkeep]
|upkeep
|turn|11
|
|t:|1657354741
|move|p2a: Groudon|Precipice Blades|p1a: Necrozma
|-damage|p1a: Necrozma|10/100
|move|p1a: Necrozma|Moongeist Beam|p2a: Groudon
|-damage|p2a: Groudon|0 fnt
|faint|p2a: Groudon
|-weather|none
|
|upkeep
|
|t:|1657354754
|switch|p2a: Marshadow|Marshadow|100/100
|-damage|p2a: Marshadow|94/100|[from] Stealth Rock
|turn|12
|
|t:|1657354759
|move|p2a: Marshadow|Shadow Sneak|p1a: Necrozma
|-supereffective|p1a: Necrozma
|-crit|p1a: Necrozma
|-damage|p1a: Necrozma|0 fnt
|faint|p1a: Necrozma
|
|upkeep
|
|t:|1657354768
|switch|p1a: Ditto|Ditto|88/100
|-damage|p1a: Ditto|76/100|[from] Stealth Rock
|-transform|p1a: Ditto|p2a: Marshadow|[from] ability: Imposter
|turn|13
|
|t:|1657354782
|-start|p1a: Ditto|Dynamax|
|-heal|p1a: Ditto|76/100|[silent]
|move|p2a: Marshadow|Shadow Sneak|p1a: Ditto
|-supereffective|p1a: Ditto
|-damage|p1a: Ditto|36/100
|move|p1a: Ditto|Max Phantasm|p2a: Marshadow
|-supereffective|p2a: Marshadow
|-damage|p2a: Marshadow|0 fnt
|faint|p2a: Marshadow
|
|upkeep
|
|t:|1657354800
|switch|p2a: Yveltal|Yveltal|100/100
|-damage|p2a: Yveltal|76/100|[from] Stealth Rock
|-ability|p2a: Yveltal|Dark Aura
|turn|14
|
|t:|1657354818
|-end|p1a: Ditto|Dynamax
|-heal|p1a: Ditto|36/100|[silent]
|switch|p1a: Nihilego|Nihilego|100/100
|-damage|p1a: Nihilego|88/100|[from] Stealth Rock
|-start|p2a: Yveltal|Dynamax|
|-heal|p2a: Yveltal|76/100|[silent]
|move|p2a: Yveltal|Max Airstream|p1a: Nihilego
|-resisted|p1a: Nihilego
|-damage|p1a: Nihilego|66/100
|-boost|p2a: Yveltal|spe|1
|-damage|p2a: Yveltal|71/100|[from] item: Life Orb
|
|-heal|p1a: Nihilego|72/100|[from] item: Black Sludge
|upkeep
|turn|15
|inactive|aseeasase has 120 seconds left.
|
|t:|1657354843
|move|p2a: Yveltal|Max Darkness|p1a: Nihilego
|-damage|p1a: Nihilego|12/100
|-unboost|p1a: Nihilego|spd|1
|-damage|p2a: Yveltal|66/100|[from] item: Life Orb
|move|p1a: Nihilego|Pain Split|p2a: Yveltal
|-sethp|p2a: Yveltal|53/100|[from] move: Pain Split|[silent]
|-sethp|p1a: Nihilego|37/100|[from] move: Pain Split
|
|-heal|p1a: Nihilego|43/100|[from] item: Black Sludge
|upkeep
|turn|16
|inactive|aseeasase has 120 seconds left.
|
|t:|1657354867
|move|p2a: Yveltal|Max Darkness|p1a: Nihilego
|-damage|p1a: Nihilego|0 fnt
|faint|p1a: Nihilego
|-damage|p2a: Yveltal|48/100|[from] item: Life Orb
|
|upkeep
|
|t:|1657354875
|switch|p1a: Ditto|Ditto|36/100
|-damage|p1a: Ditto|23/100|[from] Stealth Rock
|-transform|p1a: Ditto|p2a: Yveltal|[from] ability: Imposter
|-ability|p1a: Ditto|Dark Aura
|-end|p2a: Yveltal|Dynamax
|-heal|p2a: Yveltal|48/100|[silent]
|turn|17
|
|t:|1657354889
|move|p1a: Ditto|Heat Wave|p2a: Yveltal
|-damage|p2a: Yveltal|16/100
|move|p2a: Yveltal|Oblivion Wing|p1a: Ditto
|-damage|p1a: Ditto|0 fnt
|-heal|p2a: Yveltal|29/100|[from] drain|[of] p1a: Ditto
|faint|p1a: Ditto
|-damage|p2a: Yveltal|19/100|[from] item: Life Orb
|
|win|chemiuzs
|raw|aseeasase's rating: 1706 &rarr; <strong>1687</strong><br />(-19 for losing)
|raw|chemiuzs's rating: 1732 &rarr; <strong>1751</strong><br />(+19 for winning)
|l|☆aseeasase
