|j|☆DarkboiJ
|j|☆dtc07
|t:|1665466820
|gametype|singles
|player|p1|DarkboiJ|blue-gen3two|1773
|player|p2|dtc07|grimsley|1717
|teamsize|p1|6
|teamsize|p2|6
|gen|8
|tier|[Gen 8] National Dex AG
|rated|
|rule|HP Percentage Mod: HP is shown in percentages
|rule|Endless Battle Clause: Forcing endless battles is banned
|clearpoke
|poke|p1|Lugia|
|poke|p1|Ditto|
|poke|p1|Arceus-*|
|poke|p1|Necrozma-Dusk-Mane|
|poke|p1|Zacian-*|
|poke|p1|Arceus-*|
|poke|p2|Kyurem-Black|
|poke|p2|Zacian-*|
|poke|p2|Necrozma-Dusk-Mane|
|poke|p2|Arceus-*|
|poke|p2|Rayquaza|
|poke|p2|Ho-Oh|
|teampreview
|inactive|Battle timer is ON: inactive players will automatically lose when time's up. (requested by dtc07)
|inactive|DarkboiJ also wants the timer to be on.
|
|t:|1665466831
|start
|switch|p1a: Arceus|Arceus-Fairy|100/100
|switch|p2a: Zacian|Zacian-Crowned|100/100
|-ability|p2a: Zacian|Intrepid Sword|boost
|-boost|p2a: Zacian|atk|1
|turn|1
|
|t:|1665466839
|switch|p1a: Lugia|Lugia|100/100
|move|p2a: Zacian|Close Combat|p1a: Lugia
|-resisted|p1a: Lugia
|-damage|p1a: Lugia|94/100
|-unboost|p2a: Zacian|def|1
|-unboost|p2a: Zacian|spd|1
|
|upkeep
|turn|2
|
|t:|1665466845
|switch|p2a: Necrozma|Necrozma-Dusk-Mane|100/100
|move|p1a: Lugia|Roost|p1a: Lugia
|-heal|p1a: Lugia|100/100
|-singleturn|p1a: Lugia|move: Roost
|
|upkeep
|turn|3
|
|t:|1665466852
|switch|p1a: Arceus|Arceus-Fairy|100/100
|move|p2a: Necrozma|Stealth Rock|p1a: Arceus
|-sidestart|p1: DarkboiJ|move: Stealth Rock
|
|upkeep
|turn|4
|
|t:|1665466857
|switch|p2a: Ho-Oh|Ho-Oh|100/100
|move|p1a: Arceus|Stealth Rock|p2a: Ho-Oh
|-sidestart|p2: dtc07|move: Stealth Rock
|
|upkeep
|turn|5
|
|t:|1665466862
|move|p1a: Arceus|Toxic|p2a: Ho-Oh
|-status|p2a: Ho-Oh|tox
|move|p2a: Ho-Oh|Toxic|p1a: Arceus
|-status|p1a: Arceus|tox
|
|-damage|p1a: Arceus|94/100 tox|[from] psn
|-damage|p2a: Ho-Oh|94/100 tox|[from] psn
|upkeep
|turn|6
|
|t:|1665466874
|switch|p2a: Zacian|Zacian-Crowned|100/100
|-damage|p2a: Zacian|94/100|[from] Stealth Rock
|-ability|p2a: Zacian|Intrepid Sword|boost
|-boost|p2a: Zacian|atk|1
|move|p1a: Arceus|Judgment|p2a: Zacian
|-resisted|p2a: Zacian
|-damage|p2a: Zacian|71/100
|
|-damage|p1a: Arceus|82/100 tox|[from] psn
|upkeep
|turn|7
|
|t:|1665466880
|move|p2a: Zacian|Behemoth Blade|p1a: Arceus
|-supereffective|p1a: Arceus
|-damage|p1a: Arceus|0 fnt
|faint|p1a: Arceus
|
|upkeep
|
|t:|1665466883
|switch|p1a: Ditto|Ditto, shiny|100/100
|-damage|p1a: Ditto|88/100|[from] Stealth Rock
|-transform|p1a: Ditto|p2a: Zacian|[from] ability: Imposter
|-ability|p1a: Ditto|Intrepid Sword|boost
|-boost|p1a: Ditto|atk|1
|turn|8
|
|t:|1665466889
|switch|p2a: Necrozma|Necrozma-Dusk-Mane|100/100
|-damage|p2a: Necrozma|94/100|[from] Stealth Rock
|move|p1a: Ditto|Close Combat|p2a: Necrozma
|-damage|p2a: Necrozma|36/100
|-unboost|p1a: Ditto|def|1
|-unboost|p1a: Ditto|spd|1
|-damage|p1a: Ditto|72/100|[from] item: Rocky Helmet|[of] p2a: Necrozma
|
|upkeep
|turn|9
|
|t:|1665466894
|switch|p2a: Ho-Oh|Ho-Oh|100/100 tox
|move|p1a: Ditto|Close Combat|p2a: Ho-Oh
|-resisted|p2a: Ho-Oh
|-damage|p2a: Ho-Oh|63/100 tox
|-unboost|p1a: Ditto|def|1
|-unboost|p1a: Ditto|spd|1
|
|-damage|p2a: Ho-Oh|57/100 tox|[from] psn
|upkeep
|turn|10
|
|t:|1665466904
|switch|p1a: Lugia|Lugia|100/100
|move|p2a: Ho-Oh|Sacred Fire|p1a: Lugia
|-crit|p1a: Lugia
|-damage|p1a: Lugia|78/100
|
|-damage|p2a: Ho-Oh|45/100 tox|[from] psn
|upkeep
|turn|11
|
|t:|1665466909
|switch|p1a: Necrozma|Necrozma-Dusk-Mane, shiny|100/100
|-damage|p1a: Necrozma|94/100|[from] Stealth Rock
|switch|p2a: Necrozma|Necrozma-Dusk-Mane|36/100
|-damage|p2a: Necrozma|30/100|[from] Stealth Rock
|
|upkeep
|turn|12
|
|t:|1665466916
|move|p1a: Necrozma|Earth Power|p2a: Necrozma
|-supereffective|p2a: Necrozma
|-damage|p2a: Necrozma|0 fnt
|faint|p2a: Necrozma
|
|upkeep
|
|t:|1665466921
|switch|p2a: Arceus|Arceus-Dark|100/100
|-damage|p2a: Arceus|88/100|[from] Stealth Rock
|turn|13
|
|t:|1665466926
|switch|p1a: Zacian|Zacian-Crowned, shiny|100/100
|-damage|p1a: Zacian|94/100|[from] Stealth Rock
|-ability|p1a: Zacian|Intrepid Sword|boost
|-boost|p1a: Zacian|atk|1
|move|p2a: Arceus|Will-O-Wisp|p1a: Zacian
|-status|p1a: Zacian|brn
|
|-damage|p1a: Zacian|88/100 brn|[from] brn
|upkeep
|turn|14
|
|t:|1665466934
|move|p1a: Zacian|Close Combat|p2a: Arceus
|-supereffective|p2a: Arceus
|-damage|p2a: Arceus|38/100
|-unboost|p1a: Zacian|def|1
|-unboost|p1a: Zacian|spd|1
|move|p2a: Arceus|Recover|p2a: Arceus
|-heal|p2a: Arceus|89/100
|
|-damage|p1a: Zacian|82/100 brn|[from] brn
|upkeep
|turn|15
|
|t:|1665466938
|move|p1a: Zacian|Play Rough|p2a: Arceus
|-supereffective|p2a: Arceus
|-damage|p2a: Arceus|28/100
|move|p2a: Arceus|Recover|p2a: Arceus
|-heal|p2a: Arceus|78/100
|
|-damage|p1a: Zacian|76/100 brn|[from] brn
|upkeep
|turn|16
|
|t:|1665466946
|switch|p2a: Ho-Oh|Ho-Oh|78/100 tox
|move|p1a: Zacian|Play Rough|p2a: Ho-Oh
|-resisted|p2a: Ho-Oh
|-damage|p2a: Ho-Oh|64/100 tox
|
|-damage|p2a: Ho-Oh|58/100 tox|[from] psn
|-damage|p1a: Zacian|70/100 brn|[from] brn
|upkeep
|turn|17
|
|t:|1665466951
|switch|p1a: Lugia|Lugia|78/100
|move|p2a: Ho-Oh|Recover|p2a: Ho-Oh
|-heal|p2a: Ho-Oh|100/100 tox
|
|-damage|p2a: Ho-Oh|88/100 tox|[from] psn
|upkeep
|turn|18
|
|t:|1665466955
|move|p1a: Lugia|Roost|p1a: Lugia
|-heal|p1a: Lugia|100/100
|-singleturn|p1a: Lugia|move: Roost
|move|p2a: Ho-Oh|Toxic|p1a: Lugia
|-status|p1a: Lugia|tox
|
|-damage|p1a: Lugia|94/100 tox|[from] psn
|-damage|p2a: Ho-Oh|70/100 tox|[from] psn
|upkeep
|turn|19
|
|t:|1665466964
|switch|p2a: Zacian|Zacian-Crowned|71/100
|-damage|p2a: Zacian|65/100|[from] Stealth Rock
|-ability|p2a: Zacian|Intrepid Sword|boost
|-boost|p2a: Zacian|atk|1
|move|p1a: Lugia|Toxic|p2a: Zacian
|-immune|p2a: Zacian
|
|-damage|p1a: Lugia|82/100 tox|[from] psn
|upkeep
|turn|20
|
|t:|1665466974
|switch|p1a: Zacian|Zacian-Crowned, shiny|70/100 brn
|-damage|p1a: Zacian|64/100 brn|[from] Stealth Rock
|-ability|p1a: Zacian|Intrepid Sword|boost
|-boost|p1a: Zacian|atk|1
|move|p2a: Zacian|Close Combat|p1a: Zacian
|-damage|p1a: Zacian|0 fnt
|-unboost|p2a: Zacian|def|1
|-unboost|p2a: Zacian|spd|1
|faint|p1a: Zacian
|
|upkeep
|
|t:|1665466977
|switch|p1a: Ditto|Ditto, shiny|72/100
|-damage|p1a: Ditto|59/100|[from] Stealth Rock
|-transform|p1a: Ditto|p2a: Zacian|[from] ability: Imposter
|-ability|p1a: Ditto|Intrepid Sword|boost
|-boost|p1a: Ditto|atk|1
|turn|21
|
|t:|1665466990
|move|p1a: Ditto|Behemoth Blade|p2a: Zacian
|-damage|p2a: Zacian|0 fnt
|faint|p2a: Zacian
|
|upkeep
|
|t:|1665466992
|switch|p2a: Ho-Oh|Ho-Oh|100/100 tox
|turn|22
|
|t:|1665466996
|switch|p1a: Lugia|Lugia|82/100 tox
|move|p2a: Ho-Oh|Sacred Fire|p1a: Lugia
|-damage|p1a: Lugia|56/100 tox
|
|-damage|p1a: Lugia|50/100 tox|[from] psn
|-damage|p2a: Ho-Oh|94/100 tox|[from] psn
|upkeep
|turn|23
|
|t:|1665467003
|switch|p2a: Kyurem|Kyurem-Black|100/100
|-damage|p2a: Kyurem|76/100|[from] Stealth Rock
|-ability|p2a: Kyurem|Teravolt
|move|p1a: Lugia|Roost|p1a: Lugia
|-heal|p1a: Lugia|99/100 tox
|-singleturn|p1a: Lugia|move: Roost
|
|-damage|p1a: Lugia|88/100 tox|[from] psn
|upkeep
|turn|24
|
|t:|1665467010
|move|p1a: Lugia|Reflect|p1a: Lugia
|-sidestart|p1: DarkboiJ|Reflect
|move|p2a: Kyurem|Dragon Dance|p2a: Kyurem
|-boost|p2a: Kyurem|atk|1
|-boost|p2a: Kyurem|spe|1
|
|-damage|p1a: Lugia|70/100 tox|[from] psn
|upkeep
|turn|25
|
|t:|1665467019
|move|p2a: Kyurem|Icicle Spear|p1a: Lugia
|-supereffective|p1a: Lugia
|-damage|p1a: Lugia|48/100 tox
|-supereffective|p1a: Lugia
|-damage|p1a: Lugia|27/100 tox
|-hitcount|p1a: Lugia|2
|-damage|p2a: Kyurem|66/100|[from] item: Life Orb
|move|p1a: Lugia|Toxic|p2a: Kyurem
|-status|p2a: Kyurem|tox
|
|-damage|p2a: Kyurem|60/100 tox|[from] psn
|-damage|p1a: Lugia|3/100 tox|[from] psn
|upkeep
|turn|26
|
|t:|1665467029
|move|p2a: Kyurem|Roost|p2a: Kyurem
|-heal|p2a: Kyurem|100/100 tox
|-singleturn|p2a: Kyurem|move: Roost
|move|p1a: Lugia|Light Screen|p1a: Lugia
|-sidestart|p1: DarkboiJ|move: Light Screen
|
|-damage|p2a: Kyurem|88/100 tox|[from] psn
|-damage|p1a: Lugia|0 fnt|[from] psn
|faint|p1a: Lugia
|upkeep
|
|t:|1665467040
|switch|p1a: Ditto|Ditto, shiny|59/100
|-damage|p1a: Ditto|47/100|[from] Stealth Rock
|-transform|p1a: Ditto|p2a: Kyurem|[from] ability: Imposter
|-ability|p1a: Ditto|Teravolt
|turn|27
|
|t:|1665467046
|-start|p1a: Ditto|Dynamax|
|-heal|p1a: Ditto|47/100|[silent]
|-start|p2a: Kyurem|Dynamax|
|-heal|p2a: Kyurem|88/100 tox|[silent]
|move|p1a: Ditto|Max Hailstorm|p2a: Kyurem
|-damage|p2a: Kyurem|34/100 tox
|-weather|Hail
|move|p2a: Kyurem|Max Hailstorm|p1a: Ditto
|-damage|p1a: Ditto|3/100
|-damage|p2a: Kyurem|29/100 tox|[from] item: Life Orb
|
|-weather|Hail|[upkeep]
|-damage|p2a: Kyurem|20/100 tox|[from] psn
|upkeep
|turn|28
|
|t:|1665467055
|move|p1a: Ditto|Max Lightning|p2a: Kyurem
|-resisted|p2a: Kyurem
|-crit|p2a: Kyurem
|-damage|p2a: Kyurem|0 fnt
|-fieldstart|move: Electric Terrain
|faint|p2a: Kyurem
|
|-weather|Hail|[upkeep]
|-sideend|p1: DarkboiJ|Reflect
|upkeep
|
|t:|1665467060
|switch|p2a: Rayquaza|Rayquaza|100/100
|-damage|p2a: Rayquaza|76/100|[from] Stealth Rock
|-ability|p2a: Rayquaza|Air Lock
|turn|29
|
|t:|1665467067
|detailschange|p2a: Rayquaza|Rayquaza-Mega
|-mega|p2a: Rayquaza|Rayquaza|
|-weather|DeltaStream|[from] ability: Delta Stream|[of] p2a: Rayquaza
|move|p2a: Rayquaza|Extreme Speed|p1a: Ditto
|-crit|p1a: Ditto
|-damage|p1a: Ditto|0 fnt
|faint|p1a: Ditto
|
|-weather|DeltaStream|[upkeep]
|upkeep
|
|t:|1665467071
|switch|p1a: Necrozma|Necrozma-Dusk-Mane, shiny|94/100
|-damage|p1a: Necrozma|88/100|[from] Stealth Rock
|turn|30
|
|t:|1665467074
|-weather|none
|switch|p2a: Arceus|Arceus-Dark|78/100
|-damage|p2a: Arceus|65/100|[from] Stealth Rock
|detailschange|p1a: Necrozma|Necrozma-Ultra, shiny
|-burst|p1a: Necrozma|Necrozma|Ultranecrozium Z
|move|p1a: Necrozma|Dragon Pulse|p2a: Arceus
|-damage|p2a: Arceus|37/100
|
|-sideend|p1: DarkboiJ|move: Light Screen
|upkeep
|turn|31
|
|t:|1665467086
|switch|p1a: Arceus|Arceus|100/100
|-damage|p1a: Arceus|88/100|[from] Stealth Rock
|move|p2a: Arceus|Recover|p2a: Arceus
|-heal|p2a: Arceus|87/100
|
|upkeep
|turn|32
|
|t:|1665467090
|move|p2a: Arceus|Will-O-Wisp|p1a: Arceus
|-status|p1a: Arceus|brn
|-enditem|p1a: Arceus|Lum Berry|[eat]
|-curestatus|p1a: Arceus|brn|[msg]
|move|p1a: Arceus|Swords Dance|p1a: Arceus
|-boost|p1a: Arceus|atk|2
|
|-fieldend|move: Electric Terrain
|upkeep
|turn|33
|
|t:|1665467095
|move|p1a: Arceus|Extreme Speed|p2a: Arceus
|-damage|p2a: Arceus|33/100
|move|p2a: Arceus|Will-O-Wisp|p1a: Arceus
|-status|p1a: Arceus|brn
|
|-damage|p1a: Arceus|82/100 brn|[from] brn
|upkeep
|turn|34
|
|t:|1665467100
|move|p1a: Arceus|Extreme Speed|p2a: Arceus
|-damage|p2a: Arceus|4/100
|move|p2a: Arceus|Recover|p2a: Arceus
|-heal|p2a: Arceus|54/100
|
|-damage|p1a: Arceus|76/100 brn|[from] brn
|upkeep
|turn|35
|
|t:|1665467103
|move|p2a: Arceus|Recover|p2a: Arceus
|-heal|p2a: Arceus|100/100
|move|p1a: Arceus|Swords Dance|p1a: Arceus
|-boost|p1a: Arceus|atk|2
|
|-damage|p1a: Arceus|70/100 brn|[from] brn
|upkeep
|turn|36
|
|t:|1665467106
|move|p2a: Arceus|Judgment|p1a: Arceus
|-damage|p1a: Arceus|39/100 brn
|move|p1a: Arceus|Swords Dance|p1a: Arceus
|-boost|p1a: Arceus|atk|2
|
|-damage|p1a: Arceus|33/100 brn|[from] brn
|upkeep
|turn|37
|
|t:|1665467111
|move|p2a: Arceus|Judgment|p1a: Arceus
|-damage|p1a: Arceus|4/100 brn
|move|p1a: Arceus|Recover|p1a: Arceus
|-heal|p1a: Arceus|54/100 brn
|
|-damage|p1a: Arceus|48/100 brn|[from] brn
|upkeep
|turn|38
|
|t:|1665467118
|move|p2a: Arceus|Judgment|p1a: Arceus
|-crit|p1a: Arceus
|-damage|p1a: Arceus|3/100 brn
|move|p1a: Arceus|Recover|p1a: Arceus
|-heal|p1a: Arceus|53/100 brn
|
|-damage|p1a: Arceus|47/100 brn|[from] brn
|upkeep
|turn|39
|
|t:|1665467126
|switch|p2a: Rayquaza|Rayquaza-Mega|76/100
|-damage|p2a: Rayquaza|51/100|[from] Stealth Rock
|-weather|DeltaStream|[from] ability: Delta Stream|[of] p2a: Rayquaza
|move|p1a: Arceus|Recover|p1a: Arceus
|-heal|p1a: Arceus|97/100 brn
|
|-weather|DeltaStream|[upkeep]
|-damage|p1a: Arceus|91/100 brn|[from] brn
|upkeep
|turn|40
|
|t:|1665467129
|move|p2a: Rayquaza|Extreme Speed|p1a: Arceus
|-damage|p1a: Arceus|54/100 brn
|move|p1a: Arceus|Extreme Speed|p2a: Rayquaza
|-damage|p2a: Rayquaza|0 fnt
|faint|p2a: Rayquaza
|-weather|none
|
|-damage|p1a: Arceus|48/100 brn|[from] brn
|upkeep
|
|t:|1665467138
|switch|p2a: Ho-Oh|Ho-Oh|100/100 tox
|turn|41
|
|t:|1665467147
|move|p1a: Arceus|Recover|p1a: Arceus
|-heal|p1a: Arceus|98/100 brn
|move|p2a: Ho-Oh|Sacred Fire|p1a: Arceus
|-damage|p1a: Arceus|70/100 brn
|
|-damage|p2a: Ho-Oh|94/100 tox|[from] psn
|-damage|p1a: Arceus|64/100 brn|[from] brn
|upkeep
|turn|42
|
|t:|1665467156
|move|p1a: Arceus|Extreme Speed|p2a: Ho-Oh
|-damage|p2a: Ho-Oh|38/100 tox
|move|p2a: Ho-Oh|Sacred Fire|p1a: Arceus
|-damage|p1a: Arceus|34/100 brn
|
|-damage|p2a: Ho-Oh|26/100 tox|[from] psn
|-damage|p1a: Arceus|28/100 brn|[from] brn
|upkeep
|turn|43
|
|t:|1665467162
|switch|p2a: Arceus|Arceus-Dark|100/100
|-damage|p2a: Arceus|88/100|[from] Stealth Rock
|move|p1a: Arceus|Recover|p1a: Arceus
|-heal|p1a: Arceus|78/100 brn
|
|-damage|p1a: Arceus|72/100 brn|[from] brn
|upkeep
|turn|44
|
|t:|1665467167
|move|p2a: Arceus|Recover|p2a: Arceus
|-heal|p2a: Arceus|100/100
|move|p1a: Arceus|Recover|p1a: Arceus
|-heal|p1a: Arceus|100/100 brn
|
|-damage|p1a: Arceus|94/100 brn|[from] brn
|upkeep
|turn|45
|
|t:|1665467170
|move|p1a: Arceus|Extreme Speed|p2a: Arceus
|-damage|p2a: Arceus|48/100
|move|p2a: Arceus|Judgment|p1a: Arceus
|-damage|p1a: Arceus|63/100 brn
|
|-damage|p1a: Arceus|57/100 brn|[from] brn
|upkeep
|turn|46
|
|t:|1665467175
|move|p1a: Arceus|Extreme Speed|p2a: Arceus
|-damage|p2a: Arceus|0 fnt
|faint|p2a: Arceus
|
|-damage|p1a: Arceus|51/100 brn|[from] brn
|upkeep
|
|t:|1665467176
|switch|p2a: Ho-Oh|Ho-Oh|59/100 tox
|turn|47
|-message|dtc07 forfeited.
|
|win|DarkboiJ
|raw|DarkboiJ's rating: 1773 &rarr; <strong>1790</strong><br />(+17 for winning)
|raw|dtc07's rating: 1717 &rarr; <strong>1700</strong><br />(-17 for losing)
|l|☆dtc07
