|j|☆makaai_X Reviene
|j|☆Truthankamon
|inactive|Battle timer is ON: inactive players will automatically lose when time's up.
|t:|1651926654
|gametype|singles
|player|p1|makaai_X Reviene|ash-kalos|
|player|p2|Truthankamon|1|
|teamsize|p1|6
|teamsize|p2|6
|gen|8
|tier|[Gen 8] National Dex AG
|rated|Tournament battle
|rule|HP Percentage Mod: HP is shown in percentages
|rule|Endless Battle Clause: Forcing endless battles is banned
|clearpoke
|poke|p1|Aerodactyl, F|
|poke|p1|Rayquaza|
|poke|p1|Arceus-*|
|poke|p1|Yveltal|
|poke|p1|Groudon|
|poke|p1|Smeargle, M|
|poke|p2|Zacian-*|
|poke|p2|Zygarde|
|poke|p2|Necrozma-Dusk-Mane|
|poke|p2|Ditto|
|poke|p2|Rayquaza|
|poke|p2|Arceus-*|
|teampreview
|inactive|makaai_X Reviene also wants the timer to be on.
|j| Apprenti Buck
|
|t:|1651926670
|start
|switch|p1a: Aerodactyl|Aerodactyl, F|100/100
|switch|p2a: Rayquaza|Rayquaza|100/100
|-ability|p1a: Aerodactyl|Pressure
|-ability|p2a: Rayquaza|Air Lock
|turn|1
|c| Apprenti Buck|Gl both
|
|t:|1651926682
|detailschange|p2a: Rayquaza|Rayquaza-Mega
|-mega|p2a: Rayquaza|Rayquaza|
|-weather|DeltaStream|[from] ability: Delta Stream|[of] p2a: Rayquaza
|move|p1a: Aerodactyl|Stealth Rock|p2a: Rayquaza
|-sidestart|p2: Truthankamon|move: Stealth Rock
|move|p2a: Rayquaza|Draco Meteor|p1a: Aerodactyl
|-enditem|p1a: Aerodactyl|Focus Sash
|-damage|p1a: Aerodactyl|1/100
|-unboost|p2a: Rayquaza|spa|2
|-damage|p2a: Rayquaza|91/100|[from] item: Life Orb
|
|-weather|DeltaStream|[upkeep]
|upkeep
|turn|2
|
|t:|1651926698
|move|p2a: Rayquaza|Extreme Speed|p1a: Aerodactyl
|-resisted|p1a: Aerodactyl
|-damage|p1a: Aerodactyl|0 fnt
|faint|p1a: Aerodactyl
|-damage|p2a: Rayquaza|81/100|[from] item: Life Orb
|
|-weather|DeltaStream|[upkeep]
|upkeep
|j|%AGCL6 Swas ❤
|inactive|makaai_X Reviene has 120 seconds left.
|j| LaprasPlayer
|
|t:|1651926735
|switch|p1a: Smeargod|Smeargle, M|100/100
|turn|3
|
|t:|1651926748
|move|p2a: Rayquaza|Dragon Ascent|p1a: Smeargod
|-enditem|p1a: Smeargod|Focus Sash
|-damage|p1a: Smeargod|1/100
|-unboost|p2a: Rayquaza|def|1
|-unboost|p2a: Rayquaza|spd|1
|-damage|p2a: Rayquaza|71/100|[from] item: Life Orb
|move|p1a: Smeargod|Spore|p2a: Rayquaza
|-status|p2a: Rayquaza|slp|[from] move: Spore
|
|-weather|DeltaStream|[upkeep]
|-ability|p1a: Smeargod|Moody|boost
|-boost|p1a: Smeargod|def|2
|-unboost|p1a: Smeargod|spd|1
|upkeep
|turn|4
|l| LaprasPlayer
|
|t:|1651926771
|-weather|none
|switch|p2a: Arceus|Arceus-Water|100/100
|-damage|p2a: Arceus|88/100|[from] Stealth Rock
|move|p1a: Smeargod|Shell Smash|p1a: Smeargod
|-unboost|p1a: Smeargod|def|1
|-unboost|p1a: Smeargod|spd|1
|-boost|p1a: Smeargod|atk|2
|-boost|p1a: Smeargod|spa|2
|-boost|p1a: Smeargod|spe|2
|
|-ability|p1a: Smeargod|Moody|boost
|-boost|p1a: Smeargod|def|2
|-unboost|p1a: Smeargod|spd|1
|upkeep
|turn|5
|
|t:|1651926794
|switch|p2a: Rayquaza|Rayquaza-Mega|71/100 slp
|-damage|p2a: Rayquaza|46/100 slp|[from] Stealth Rock
|-weather|DeltaStream|[from] ability: Delta Stream|[of] p2a: Rayquaza
|move|p1a: Smeargod|Spore|p2a: Rayquaza
|-fail|p2a: Rayquaza|slp
|
|-weather|DeltaStream|[upkeep]
|-ability|p1a: Smeargod|Moody|boost
|-boost|p1a: Smeargod|spa|2
|-unboost|p1a: Smeargod|atk|1
|upkeep
|turn|6
|j| LaprasPlayer
|inactive|makaai_X Reviene has 120 seconds left.
|
|t:|1651926830
|cant|p2a: Rayquaza|slp
|move|p1a: Smeargod|Baton Pass|p1a: Smeargod
|
|t:|1651926835
|switch|p1a: Rayquaza|Rayquaza|100/100|[from]move: Baton Pass
|-ability|p1a: Rayquaza|Air Lock
|
|-weather|DeltaStream|[upkeep]
|upkeep
|turn|7
|
|t:|1651926844
|detailschange|p1a: Rayquaza|Rayquaza-Mega
|-mega|p1a: Rayquaza|Rayquaza|
|move|p1a: Rayquaza|Extreme Speed|p2a: Rayquaza
|-damage|p2a: Rayquaza|0 fnt
|faint|p2a: Rayquaza
|
|-weather|DeltaStream|[upkeep]
|upkeep
|
|t:|1651926860
|switch|p2a: Ditto|Ditto|100/100
|-damage|p2a: Ditto|88/100|[from] Stealth Rock
|-transform|p2a: Ditto|p1a: Rayquaza|[from] ability: Imposter
|turn|8
|inactive|Truthankamon has 120 seconds left.
|c| LaprasPlayer|Crit espeed
|
|t:|1651926911
|move|p2a: Ditto|Dragon Ascent|p1a: Rayquaza
|-crit|p1a: Rayquaza
|-enditem|p1a: Rayquaza|Focus Sash
|-damage|p1a: Rayquaza|1/100
|-unboost|p2a: Ditto|def|1
|-unboost|p2a: Ditto|spd|1
|move|p1a: Rayquaza|Scale Shot|p2a: Ditto|[miss]
|-miss|p1a: Rayquaza|p2a: Ditto
|
|-weather|DeltaStream|[upkeep]
|upkeep
|turn|9
|c| Apprenti Buck|Unlucky
|
|t:|1651926935
|switch|p2a: Necrozma|Necrozma-Dusk-Mane|100/100
|-damage|p2a: Necrozma|94/100|[from] Stealth Rock
|move|p1a: Rayquaza|Extreme Speed|p2a: Necrozma
|-resisted|p2a: Necrozma
|-damage|p2a: Necrozma|81/100
|-damage|p1a: Rayquaza|0 fnt|[from] item: Rocky Helmet|[of] p2a: Necrozma
|faint|p1a: Rayquaza
|-weather|none
|
|upkeep
|
|t:|1651926937
|switch|p1a: Groudon|Groudon|100/100
|detailschange|p1a: Groudon|Groudon-Primal
|-primal|p1a: Groudon
|-weather|DesolateLand|[from] ability: Desolate Land|[of] p1a: Groudon
|turn|10
|
|t:|1651926951
|move|p1a: Groudon|Rock Polish|p1a: Groudon
|-boost|p1a: Groudon|spe|2
|move|p2a: Necrozma|Stealth Rock|p1a: Groudon
|-sidestart|p1: makaai_X Reviene|move: Stealth Rock
|
|-weather|DesolateLand|[upkeep]
|upkeep
|turn|11
|
|t:|1651926962
|move|p1a: Groudon|Precipice Blades|p2a: Necrozma
|-supereffective|p2a: Necrozma
|-damage|p2a: Necrozma|20/100
|move|p2a: Necrozma|Sunsteel Strike|p1a: Groudon
|-resisted|p1a: Groudon
|-damage|p1a: Groudon|85/100
|
|-weather|DesolateLand|[upkeep]
|upkeep
|turn|12
|
|t:|1651926966
|move|p1a: Groudon|Precipice Blades|p2a: Necrozma
|-supereffective|p2a: Necrozma
|-damage|p2a: Necrozma|0 fnt
|faint|p2a: Necrozma
|
|-weather|DesolateLand|[upkeep]
|upkeep
|
|t:|1651926973
|switch|p2a: Zygarde|Zygarde|100/100
|-damage|p2a: Zygarde|94/100|[from] Stealth Rock
|turn|13
|inactive|Truthankamon has 120 seconds left.
|
|t:|1651926981
|move|p1a: Groudon|Precipice Blades|p2a: Zygarde|[miss]
|-miss|p1a: Groudon|p2a: Zygarde
|move|p2a: Zygarde|Thousand Arrows|p1a: Groudon
|-supereffective|p1a: Groudon
|-damage|p1a: Groudon|40/100
|
|-weather|DesolateLand|[upkeep]
|-heal|p2a: Zygarde|100/100|[from] item: Leftovers
|upkeep
|turn|14
|
|t:|1651926985
|move|p1a: Groudon|Precipice Blades|p2a: Zygarde
|-damage|p2a: Zygarde|40/100
|move|p2a: Zygarde|Thousand Arrows|p1a: Groudon
|-supereffective|p1a: Groudon
|-damage|p1a: Groudon|0 fnt
|faint|p1a: Groudon
|-weather|none
|
|-heal|p2a: Zygarde|46/100|[from] item: Leftovers
|-activate|p2a: Zygarde|ability: Power Construct
|detailschange|p2a: Zygarde|Zygarde-Complete
|-heal|p2a: Zygarde|66/100|[silent]
|upkeep
|j| High ladder bros
|
|t:|1651926989
|switch|p1a: Smeargod|Smeargle, M|1/100
|-damage|p1a: Smeargod|0 fnt|[from] Stealth Rock
|faint|p1a: Smeargod
|
|t:|1651926990
|switch|p1a: Yveltal|Yveltal|100/100
|-damage|p1a: Yveltal|76/100|[from] Stealth Rock
|-ability|p1a: Yveltal|Dark Aura
|turn|15
|c|☆Truthankamon|Unlucky
|j| Azq2020 ♥❤ ^~^
|c| Apprenti Buck|Yeah
|
|t:|1651927009
|-start|p1a: Yveltal|Dynamax|
|-heal|p1a: Yveltal|76/100|[silent]
|-start|p2a: Zygarde|Dynamax|
|-heal|p2a: Zygarde|66/100|[silent]
|move|p1a: Yveltal|Max Airstream|p2a: Zygarde
|-damage|p2a: Zygarde|39/100
|-boost|p1a: Yveltal|spe|1
|-damage|p1a: Yveltal|71/100|[from] item: Life Orb
|move|p2a: Zygarde|Max Wyrmwind|p1a: Yveltal
|-damage|p1a: Yveltal|48/100
|-unboost|p1a: Yveltal|atk|1
|
|-heal|p2a: Zygarde|42/100|[from] item: Leftovers
|upkeep
|turn|16
|c| Apprenti Buck|his play was superior
|
|t:|1651927017
|move|p2a: Zygarde|Max Guard|p2a: Zygarde
|-singleturn|p2a: Zygarde|Max Guard
|move|p1a: Yveltal|Max Darkness|p2a: Zygarde
|-activate|p2a: Zygarde|move: Max Guard
|
|-heal|p2a: Zygarde|45/100|[from] item: Leftovers
|upkeep
|turn|17
|
|t:|1651927032
|move|p1a: Yveltal|Max Darkness|p2a: Zygarde
|-damage|p2a: Zygarde|7/100
|-unboost|p2a: Zygarde|spd|1
|-damage|p1a: Yveltal|43/100|[from] item: Life Orb
|move|p2a: Zygarde|Max Wyrmwind|p1a: Yveltal
|-damage|p1a: Yveltal|18/100
|-unboost|p1a: Yveltal|atk|1
|
|-heal|p2a: Zygarde|10/100|[from] item: Leftovers
|upkeep
|-end|p1a: Yveltal|Dynamax
|-heal|p1a: Yveltal|18/100|[silent]
|-end|p2a: Zygarde|Dynamax
|-heal|p2a: Zygarde|10/100|[silent]
|turn|18
|
|t:|1651927048
|move|p1a: Yveltal|Oblivion Wing|p2a: Zygarde
|-damage|p2a: Zygarde|0 fnt
|-heal|p1a: Yveltal|29/100|[from] drain|[of] p2a: Zygarde
|faint|p2a: Zygarde
|-damage|p1a: Yveltal|19/100|[from] item: Life Orb
|
|upkeep
|j| Agcl2 Ragib
|
|t:|1651927051
|switch|p2a: Ditto|Ditto|88/100
|-damage|p2a: Ditto|76/100|[from] Stealth Rock
|-transform|p2a: Ditto|p1a: Yveltal|[from] ability: Imposter
|-ability|p2a: Ditto|Dark Aura
|turn|19
|
|t:|1651927069
|move|p1a: Yveltal|Sucker Punch|p2a: Ditto
|-resisted|p2a: Ditto
|-damage|p2a: Ditto|57/100
|-damage|p1a: Yveltal|9/100|[from] item: Life Orb
|move|p2a: Ditto|Oblivion Wing|p1a: Yveltal
|-damage|p1a: Yveltal|0 fnt
|-heal|p2a: Ditto|66/100|[from] drain|[of] p1a: Yveltal
|faint|p1a: Yveltal
|
|upkeep
|
|t:|1651927071
|switch|p1a: Arceus|Arceus|100/100
|-damage|p1a: Arceus|88/100|[from] Stealth Rock
|turn|20
|c|☆Truthankamon|8 users for the first turn lmao
|
|t:|1651927092
|switch|p2a: Arceus|Arceus-Water|88/100
|-damage|p2a: Arceus|76/100|[from] Stealth Rock
|move|p1a: Arceus|Extreme Speed|p2a: Arceus
|-damage|p2a: Arceus|51/100
|-damage|p1a: Arceus|78/100|[from] item: Life Orb
|
|upkeep
|turn|21
|c|☆makaai_X Reviene|That kinda makes no sense
|
|t:|1651927112
|move|p1a: Arceus|Extreme Speed|p2a: Arceus
|-damage|p2a: Arceus|27/100
|-damage|p1a: Arceus|68/100|[from] item: Life Orb
|move|p2a: Arceus|Recover|p2a: Arceus
|-heal|p2a: Arceus|77/100
|
|upkeep
|turn|22
|
|t:|1651927115
|move|p1a: Arceus|Swords Dance|p1a: Arceus
|-boost|p1a: Arceus|atk|2
|move|p2a: Arceus|Judgment|p1a: Arceus
|-damage|p1a: Arceus|29/100
|
|upkeep
|turn|23
|c|☆makaai_X Reviene|Well 6 spectators
|
|t:|1651927125
|move|p1a: Arceus|Extreme Speed|p2a: Arceus
|-damage|p2a: Arceus|27/100
|-damage|p1a: Arceus|19/100|[from] item: Life Orb
|move|p2a: Arceus|Judgment|p1a: Arceus
|-damage|p1a: Arceus|0 fnt
|faint|p1a: Arceus
|
|win|Truthankamon
|n|☆makaai_X Reviene|makaaixreviene
|n|☆Truthankamon|truthankamon
|n| Apprenti Buck|apprentibuck
|n| AGCL6 Swas ❤|agcl6swas
|n| LaprasPlayer|laprasplayer
|n| High ladder bros|highladderbros
|n| Azq2020 ♥❤ ^~^|azq2020
|n| Agcl2 Ragib|agcl2ragib
|l|☆makaai_X Reviene
|c|☆Truthankamon|Gg
|l| High ladder bros
|l|☆Truthankamon
|l| Azq2020 ♥❤ ^~^
