|j|☆Sneed2theTop
|j|‽Mawm
|t:|1666043132
|gametype|singles
|player|p1|Sneed2theTop|n|1624
|player|p2|Mawm|beauty-gen6xy|1881
|teamsize|p1|6
|teamsize|p2|6
|gen|8
|tier|[Gen 8] National Dex AG
|rated|
|rule|HP Percentage Mod: HP is shown in percentages
|rule|Endless Battle Clause: Forcing endless battles is banned
|clearpoke
|poke|p1|Deoxys-Speed|
|poke|p1|Zacian-*|
|poke|p1|Necrozma-Dusk-Mane|
|poke|p1|Calyrex-Shadow|
|poke|p1|Arceus-*|
|poke|p1|Yveltal|
|poke|p2|Calyrex-Shadow|
|poke|p2|Genesect|
|poke|p2|Yveltal|
|poke|p2|Necrozma-Dusk-Mane|
|poke|p2|Rayquaza|
|poke|p2|Groudon|
|teampreview
|inactive|Battle timer is ON: inactive players will automatically lose when time's up. (requested by Mawm)
|
|t:|1666043145
|start
|switch|p1a: Deoxussy|Deoxys-Speed|100/100
|switch|p2a: Genesect|Genesect, shiny|100/100
|-ability|p1a: Deoxussy|Pressure
|-ability|p2a: Genesect|Download|boost
|-boost|p2a: Genesect|atk|1
|turn|1
|
|t:|1666043150
|move|p1a: Deoxussy|Stealth Rock|p2a: Genesect
|-sidestart|p2: Mawm|move: Stealth Rock
|move|p2a: Genesect|Shift Gear|p2a: Genesect
|-boost|p2a: Genesect|spe|2
|-boost|p2a: Genesect|atk|1
|
|upkeep
|turn|2
|
|t:|1666043154
|move|p1a: Deoxussy|Taunt|p2a: Genesect
|-start|p2a: Genesect|move: Taunt
|cant|p2a: Genesect|move: Taunt|Shift Gear
|
|upkeep
|turn|3
|
|t:|1666043157
|move|p1a: Deoxussy|Spikes|p2a: Genesect
|-sidestart|p2: Mawm|Spikes
|move|p2a: Genesect|Iron Head|p1a: Deoxussy
|-enditem|p1a: Deoxussy|Focus Sash
|-damage|p1a: Deoxussy|1/100
|-damage|p2a: Genesect|91/100|[from] item: Life Orb
|
|upkeep
|turn|4
|
|t:|1666043163
|move|p2a: Genesect|Extreme Speed|p1a: Deoxussy
|-damage|p1a: Deoxussy|0 fnt
|faint|p1a: Deoxussy
|-damage|p2a: Genesect|81/100|[from] item: Life Orb
|
|-end|p2a: Genesect|move: Taunt
|upkeep
|
|t:|1666043187
|switch|p1a: Necrozmussy|Necrozma-Dusk-Mane|100/100
|turn|5
|
|t:|1666043191
|detailschange|p1a: Necrozmussy|Necrozma-Ultra
|-burst|p1a: Necrozmussy|Necrozma|Ultranecrozium Z
|move|p2a: Genesect|Shift Gear|p2a: Genesect
|-boost|p2a: Genesect|spe|2
|-boost|p2a: Genesect|atk|1
|move|p1a: Necrozmussy|Dragon Dance|p1a: Necrozmussy
|-boost|p1a: Necrozmussy|atk|1
|-boost|p1a: Necrozmussy|spe|1
|
|upkeep
|turn|6
|
|t:|1666043195
|move|p2a: Genesect|Leech Life|p1a: Necrozmussy
|-supereffective|p1a: Necrozmussy
|-damage|p1a: Necrozmussy|0 fnt
|-heal|p2a: Genesect|100/100|[from] drain|[of] p1a: Necrozmussy
|faint|p1a: Necrozmussy
|-damage|p2a: Genesect|91/100|[from] item: Life Orb
|
|upkeep
|
|t:|1666043199
|switch|p1a: Yveltussy|Yveltal, shiny|100/100
|-ability|p1a: Yveltussy|Dark Aura
|turn|7
|
|t:|1666043202
|move|p2a: Genesect|Leech Life|p1a: Yveltussy
|-damage|p1a: Yveltussy|0 fnt
|-heal|p2a: Genesect|100/100|[from] drain|[of] p1a: Yveltussy
|faint|p1a: Yveltussy
|-damage|p2a: Genesect|91/100|[from] item: Life Orb
|
|upkeep
|
|t:|1666043205
|switch|p1a: Calyussy|Calyrex-Shadow|100/100
|-ability|p1a: Calyussy|As One
|-ability|p1a: Calyussy|Unnerve
|turn|8
|
|t:|1666043208
|move|p2a: Genesect|Iron Head|p1a: Calyussy
|-crit|p1a: Calyussy
|-enditem|p1a: Calyussy|Focus Sash
|-damage|p1a: Calyussy|1/100
|-damage|p2a: Genesect|81/100|[from] item: Life Orb
|move|p1a: Calyussy|Astral Barrage|p2a: Genesect
|-damage|p2a: Genesect|1/100
|
|upkeep
|turn|9
|
|t:|1666043212
|move|p2a: Genesect|Leech Life|p1a: Calyussy
|-damage|p1a: Calyussy|0 fnt
|-heal|p2a: Genesect|1/100|[from] drain|[of] p1a: Calyussy
|faint|p1a: Calyussy
|-damage|p2a: Genesect|0 fnt|[from] item: Life Orb
|faint|p2a: Genesect
|
|upkeep
|-message|Sneed2theTop forfeited.
|
|win|Mawm
|raw|Sneed2theTop's rating: 1624 &rarr; <strong>1617</strong><br />(-7 for losing)
|raw|Mawm's rating: 1881 &rarr; <strong>1888</strong><br />(+7 for winning)
|l|☆Sneed2theTop
