|j|☆Dugtrio Is Broken
|j|☆ReactJS3
|t:|1638336144
|gametype|singles
|player|p1|Dugtrio Is Broken|rood|1825
|player|p2|ReactJS3|102|2000
|teamsize|p1|6
|teamsize|p2|6
|gen|8
|tier|[Gen 8] National Dex AG
|rated|
|rule|HP Percentage Mod: HP is shown in percentages
|rule|Endless Battle Clause: Forcing endless battles is banned
|clearpoke
|poke|p1|Arceus-*|
|poke|p1|Yveltal|
|poke|p1|Ferrothorn, M|
|poke|p1|Groudon|
|poke|p1|Rayquaza|
|poke|p1|Ditto|
|poke|p2|Rayquaza|
|poke|p2|Zacian-*|
|poke|p2|Yveltal|
|poke|p2|Groudon|
|poke|p2|Ho-Oh|
|poke|p2|Ditto|
|teampreview
|c|☆Dugtrio Is Broken|Hf
|
|t:|1638336170
|start
|switch|p1a: Groudon|Groudon|100/100
|switch|p2a: Yveltal|Yveltal|100/100
|-ability|p2a: Yveltal|Dark Aura
|detailschange|p1a: Groudon|Groudon-Primal
|-primal|p1a: Groudon
|-weather|DesolateLand|[from] ability: Desolate Land|[of] p1a: Groudon
|turn|1
|c|☆Dugtrio Is Broken|2k in ladder
|c|☆Dugtrio Is Broken|omg
|
|t:|1638336178
|-start|p2a: Yveltal|Dynamax
|-heal|p2a: Yveltal|100/100|[silent]
|move|p2a: Yveltal|Max Darkness|p1a: Groudon
|-damage|p1a: Groudon|0 fnt
|faint|p1a: Groudon
|-weather|none
|-damage|p2a: Yveltal|96/100|[from] item: Life Orb
|
|upkeep
|inactive|Battle timer is ON: inactive players will automatically lose when time's up. (requested by ReactJS3)
|
|t:|1638336184
|switch|p1a: Yveltal|Yveltal|100/100
|-ability|p1a: Yveltal|Dark Aura
|turn|2
|
|t:|1638336187
|move|p2a: Yveltal|Max Darkness|p1a: Yveltal
|-resisted|p1a: Yveltal
|-damage|p1a: Yveltal|65/100
|-unboost|p1a: Yveltal|spd|1
|-damage|p2a: Yveltal|91/100|[from] item: Life Orb
|move|p1a: Yveltal|Toxic|p2a: Yveltal
|-status|p2a: Yveltal|tox
|
|-damage|p2a: Yveltal|88/100 tox|[from] psn
|upkeep
|turn|3
|
|t:|1638336192
|switch|p1a: Ferrothorn|Ferrothorn, M|100/100
|move|p2a: Yveltal|Max Airstream|p1a: Ferrothorn
|-damage|p1a: Ferrothorn|20/100
|-boost|p2a: Yveltal|spe|1
|-damage|p2a: Yveltal|83/100 tox|[from] item: Life Orb
|
|-heal|p1a: Ferrothorn|27/100|[from] item: Leftovers
|-damage|p2a: Yveltal|77/100 tox|[from] psn
|-end|p2a: Yveltal|Dynamax
|-heal|p2a: Yveltal|77/100 tox|[silent]
|upkeep
|turn|4
|
|t:|1638336195
|move|p2a: Yveltal|Oblivion Wing|p1a: Ferrothorn
|-damage|p1a: Ferrothorn|0 fnt
|-heal|p2a: Yveltal|94/100 tox|[from] drain|[of] p1a: Ferrothorn
|faint|p1a: Ferrothorn
|-damage|p2a: Yveltal|84/100 tox|[from] item: Life Orb
|
|-damage|p2a: Yveltal|66/100 tox|[from] psn
|upkeep
|
|t:|1638336203
|switch|p1a: Arceus|Arceus-Ground|100/100
|turn|5
|
|t:|1638336206
|move|p2a: Yveltal|Dark Pulse|p1a: Arceus
|-damage|p1a: Arceus|44/100
|-damage|p2a: Yveltal|56/100 tox|[from] item: Life Orb
|cant|p1a: Arceus|flinch
|
|-damage|p2a: Yveltal|32/100 tox|[from] psn
|upkeep
|turn|6
|
|t:|1638336212
|switch|p1a: Yveltal|Yveltal|65/100
|-ability|p1a: Yveltal|Dark Aura
|move|p2a: Yveltal|Dark Pulse|p1a: Yveltal
|-resisted|p1a: Yveltal
|-damage|p1a: Yveltal|44/100
|-damage|p2a: Yveltal|22/100 tox|[from] item: Life Orb
|
|-damage|p2a: Yveltal|0 fnt|[from] psn
|faint|p2a: Yveltal
|upkeep
|
|t:|1638336214
|switch|p2a: Zacian|Zacian-Crowned|100/100
|-ability|p2a: Zacian|Intrepid Sword|boost
|-boost|p2a: Zacian|atk|1
|turn|7
|
|t:|1638336218
|move|p2a: Zacian|Behemoth Blade|p1a: Yveltal
|-damage|p1a: Yveltal|0 fnt
|faint|p1a: Yveltal
|
|upkeep
|
|t:|1638336219
|switch|p1a: Ditto|Ditto|100/100
|-transform|p1a: Ditto|p2a: Zacian|[from] ability: Imposter
|-ability|p1a: Ditto|Intrepid Sword|boost
|-boost|p1a: Ditto|atk|1
|turn|8
|
|t:|1638336221
|switch|p2a: Ho-Oh|Ho-Oh|100/100
|move|p1a: Ditto|Behemoth Blade|p2a: Ho-Oh
|-resisted|p2a: Ho-Oh
|-crit|p2a: Ho-Oh
|-damage|p2a: Ho-Oh|36/100
|
|upkeep
|turn|9
|
|t:|1638336224
|switch|p2a: Groudon|Groudon|100/100
|detailschange|p2a: Groudon|Groudon-Primal
|-primal|p2a: Groudon
|-weather|DesolateLand|[from] ability: Desolate Land|[of] p2a: Groudon
|move|p1a: Ditto|Behemoth Blade|p2a: Groudon
|-resisted|p2a: Groudon
|-damage|p2a: Groudon|72/100
|
|-weather|DesolateLand|[upkeep]
|upkeep
|turn|10
|
|t:|1638336227
|switch|p1a: Rayquaza|Rayquaza|100/100
|-ability|p1a: Rayquaza|Air Lock
|move|p2a: Groudon|Overheat|p1a: Rayquaza
|-resisted|p1a: Rayquaza
|-damage|p1a: Rayquaza|65/100
|-unboost|p2a: Groudon|spa|2
|
|-weather|DesolateLand|[upkeep]
|upkeep
|turn|11
|
|t:|1638336235
|-weather|none
|switch|p2a: Zacian|Zacian-Crowned|100/100
|-ability|p2a: Zacian|Intrepid Sword|boost
|-boost|p2a: Zacian|atk|1
|detailschange|p1a: Rayquaza|Rayquaza-Mega
|-mega|p1a: Rayquaza|Rayquaza|
|-weather|DeltaStream|[from] ability: Delta Stream|[of] p1a: Rayquaza
|move|p1a: Rayquaza|Earthquake|p2a: Zacian
|-supereffective|p2a: Zacian
|-damage|p2a: Zacian|0 fnt
|faint|p2a: Zacian
|-damage|p1a: Rayquaza|55/100|[from] item: Life Orb
|
|-weather|DeltaStream|[upkeep]
|upkeep
|
|t:|1638336243
|switch|p2a: Ditto|Ditto|100/100
|-transform|p2a: Ditto|p1a: Rayquaza|[from] ability: Imposter
|turn|12
|
|t:|1638336248
|switch|p1a: Ditto|Ditto|100/100
|move|p2a: Ditto|Dragon Ascent|p1a: Ditto
|-damage|p1a: Ditto|0 fnt
|-unboost|p2a: Ditto|def|1
|-unboost|p2a: Ditto|spd|1
|faint|p1a: Ditto
|
|-weather|DeltaStream|[upkeep]
|upkeep
|
|t:|1638336251
|switch|p1a: Rayquaza|Rayquaza-Mega|55/100
|turn|13
|
|t:|1638336255
|move|p1a: Rayquaza|Extreme Speed|p2a: Ditto
|-damage|p2a: Ditto|10/100
|-damage|p1a: Rayquaza|46/100|[from] item: Life Orb
|move|p2a: Ditto|Dragon Ascent|p1a: Rayquaza
|-crit|p1a: Rayquaza
|-damage|p1a: Rayquaza|0 fnt
|-unboost|p2a: Ditto|def|1
|-unboost|p2a: Ditto|spd|1
|faint|p1a: Rayquaza
|
|-weather|DeltaStream|[upkeep]
|upkeep
|
|t:|1638336258
|switch|p1a: Arceus|Arceus-Ground|44/100
|turn|14
|
|t:|1638336267
|-start|p1a: Arceus|Dynamax
|-heal|p1a: Arceus|44/100|[silent]
|move|p2a: Ditto|Dragon Ascent|p1a: Arceus
|-damage|p1a: Arceus|7/100
|-unboost|p2a: Ditto|def|1
|-unboost|p2a: Ditto|spd|1
|move|p1a: Arceus|Max Lightning|p2a: Ditto
|-activate||deltastream
|-resisted|p2a: Ditto
|-crit|p2a: Ditto
|-damage|p2a: Ditto|0 fnt
|-fieldstart|move: Electric Terrain
|faint|p2a: Ditto
|-weather|none
|
|upkeep
|
|t:|1638336273
|switch|p2a: Rayquaza|Rayquaza|100/100
|-ability|p2a: Rayquaza|Air Lock
|turn|15
|c|☆Dugtrio Is Broken|gg
|
|t:|1638336281
|detailschange|p2a: Rayquaza|Rayquaza-Mega
|-mega|p2a: Rayquaza|Rayquaza|
|-weather|DeltaStream|[from] ability: Delta Stream|[of] p2a: Rayquaza
|move|p2a: Rayquaza|Extreme Speed|p1a: Arceus
|-damage|p1a: Arceus|0 fnt
|faint|p1a: Arceus
|
|win|ReactJS3
|raw|Dugtrio Is Broken's rating: 1825 &rarr; <strong>1814</strong><br />(-11 for losing)
|raw|ReactJS3's rating: 2000 &rarr; <strong>2011</strong><br />(+11 for winning)
