|j|☆Musfique18
|j|☆IamHrrimann
|t:|1630252489
|gametype|singles
|player|p1|Musfique18|266|
|player|p2|IamHrrimann|169|
|teamsize|p1|6
|teamsize|p2|6
|gen|8
|tier|[Gen 8] National Dex AG
|rule|HP Percentage Mod: HP is shown in percentages
|rule|Endless Battle Clause: Forcing endless battles is banned
|clearpoke
|poke|p1|Necrozma-Dusk-Mane|
|poke|p1|Celesteela|
|poke|p1|Dracovish|
|poke|p1|Zeraora|
|poke|p1|Cinderace, F|
|poke|p1|Venusaur, M|
|poke|p2|Ferrothorn, M|
|poke|p2|Toxapex, M|
|poke|p2|Ho-Oh|
|poke|p2|Blaziken, F|
|poke|p2|Volcanion|
|poke|p2|Bisharp, F|
|teampreview
|j| Tamas01
|j| Swagata2004
|j| Akash ryaan
|c|☆IamHrrimann|Bakira asuk
|c|☆IamHrrimann|Ok
|c|☆IamHrrimann|Start krchi
|c| Swagata2004|Haa
|j| Dstricker
|c| Akash ryaan|😀
|c| Swagata2004|Ektu lokjon asuk
|c| Akash ryaan|Swagata tor bor koi?
|j| Burgh&BUGS
|c| Burgh&BUGS|Where is slowbroooo
|c| Swagata2004|Start
|j| Sanjog29
|
|t:|1630252639
|start
|switch|p1a: Cinderace|Cinderace, F, shiny|100/100
|switch|p2a: Ferrothorn|Ferrothorn, M, shiny|100/100
|turn|1
|c| Akash ryaan|Sanjog
|
|t:|1630252653
|switch|p2a: Toxapex|Toxapex, M, shiny|100/100
|move|p1a: Cinderace|Pyro Ball|p2a: Toxapex
|-resisted|p2a: Toxapex
|-damage|p2a: Toxapex|83/100
|
|-heal|p2a: Toxapex|90/100|[from] item: Black Sludge
|upkeep
|turn|2
|
|t:|1630252677
|switch|p1a: Necrozma|Necrozma-Dusk-Mane|100/100
|move|p2a: Toxapex|Scald|p1a: Necrozma
|-damage|p1a: Necrozma|83/100
|
|-heal|p2a: Toxapex|96/100|[from] item: Black Sludge
|upkeep
|turn|3
|j| zizboybolt
|
|t:|1630252730
|switch|p1a: Cinderace|Cinderace, F, shiny|100/100
|switch|p2a: Bisharp|Bisharp, F|100/100
|
|upkeep
|turn|4
|
|t:|1630252749
|switch|p2a: Ho-Oh|Ho-Oh, shiny|100/100
|move|p1a: Cinderace|Pyro Ball|p2a: Ho-Oh
|-resisted|p2a: Ho-Oh
|-damage|p2a: Ho-Oh|74/100
|
|upkeep
|turn|5
|
|t:|1630252781
|move|p1a: Cinderace|U-turn|p2a: Ho-Oh
|-start|p1a: Cinderace|typechange|Bug|[from] ability: Libero
|-resisted|p2a: Ho-Oh
|-damage|p2a: Ho-Oh|66/100
|
|t:|1630252787
|switch|p1a: Dracovish|Dracovish, shiny|100/100|[from]move: U-turn
|move|p2a: Ho-Oh|Sacred Fire|p1a: Dracovish
|-resisted|p1a: Dracovish
|-damage|p1a: Dracovish|84/100
|-status|p1a: Dracovish|brn
|
|-damage|p1a: Dracovish|78/100 brn|[from] brn
|upkeep
|turn|6
|l| Tamas01
|
|t:|1630252802
|switch|p2a: Ferrothorn|Ferrothorn, M, shiny|100/100
|move|p1a: Dracovish|Fishious Rend|p2a: Ferrothorn
|-resisted|p2a: Ferrothorn
|-damage|p2a: Ferrothorn|84/100
|-damage|p1a: Dracovish|66/100 brn|[from] ability: Iron Barbs|[of] p2a: Ferrothorn
|-damage|p1a: Dracovish|49/100 brn|[from] item: Rocky Helmet|[of] p2a: Ferrothorn
|
|-damage|p1a: Dracovish|43/100 brn|[from] brn
|upkeep
|turn|7
|l| zizboybolt
|
|t:|1630252814
|switch|p1a: Cinderace|Cinderace, F, shiny|100/100
|move|p2a: Ferrothorn|Leech Seed|p1a: Cinderace|[miss]
|-miss|p2a: Ferrothorn|p1a: Cinderace
|
|upkeep
|turn|8
|j| Tamas01
|j| zizboybolt
|
|t:|1630252827
|switch|p2a: Ho-Oh|Ho-Oh, shiny|99/100
|move|p1a: Cinderace|Zen Headbutt|p2a: Ho-Oh
|-start|p1a: Cinderace|typechange|Psychic|[from] ability: Libero
|-damage|p2a: Ho-Oh|66/100
|
|upkeep
|turn|9
|
|t:|1630252843
|move|p1a: Cinderace|U-turn|p2a: Ho-Oh
|-start|p1a: Cinderace|typechange|Bug|[from] ability: Libero
|-resisted|p2a: Ho-Oh
|-damage|p2a: Ho-Oh|58/100
|
|t:|1630252869
|switch|p1a: Dracovish|Dracovish, shiny|43/100 brn|[from]move: U-turn
|move|p2a: Ho-Oh|Sacred Fire|p1a: Dracovish
|-resisted|p1a: Dracovish
|-damage|p1a: Dracovish|27/100 brn
|
|-damage|p1a: Dracovish|21/100 brn|[from] brn
|upkeep
|turn|10
|j| sapaditore
|l| sapaditore
|
|t:|1630252906
|switch|p2a: Volcanion|Volcanion|100/100
|move|p1a: Dracovish|Fishious Rend|p2a: Volcanion
|-immune|p2a: Volcanion|[from] ability: Water Absorb
|
|-damage|p1a: Dracovish|15/100 brn|[from] brn
|upkeep
|turn|11
|
|t:|1630252943
|switch|p1a: Celesteela|Celesteela, shiny|100/100
|move|p2a: Volcanion|Scorching Sands|p1a: Celesteela
|-immune|p1a: Celesteela
|
|upkeep
|turn|12
|l| zizboybolt
|j| zizboybolt
|
|t:|1630252966
|switch|p2a: Ferrothorn|Ferrothorn, M, shiny|84/100
|move|p1a: Celesteela|Toxic|p2a: Ferrothorn
|-immune|p2a: Ferrothorn
|
|upkeep
|turn|13
|l| Akash ryaan
|
|t:|1630252989
|switch|p1a: Venusaur|Venusaur, M|100/100
|move|p2a: Ferrothorn|Leech Seed|p1a: Venusaur
|-immune|p1a: Venusaur
|
|upkeep
|turn|14
|
|t:|1630253001
|detailschange|p1a: Venusaur|Venusaur-Mega, M
|-mega|p1a: Venusaur|Venusaur|Venusaurite
|move|p1a: Venusaur|Leech Seed|p2a: Ferrothorn
|-immune|p2a: Ferrothorn
|move|p2a: Ferrothorn|Gyro Ball|p1a: Venusaur
|-damage|p1a: Venusaur|70/100
|
|upkeep
|turn|15
|
|t:|1630253015
|switch|p1a: Cinderace|Cinderace, F, shiny|100/100
|move|p2a: Ferrothorn|Gyro Ball|p1a: Cinderace
|-resisted|p1a: Cinderace
|-damage|p1a: Cinderace|64/100
|
|upkeep
|turn|16
|
|t:|1630253033
|switch|p2a: Ho-Oh|Ho-Oh, shiny|92/100
|move|p1a: Cinderace|Pyro Ball|p2a: Ho-Oh
|-resisted|p2a: Ho-Oh
|-damage|p2a: Ho-Oh|66/100
|
|upkeep
|turn|17
|j| sapaditore
|
|t:|1630253050
|move|p1a: Cinderace|U-turn|p2a: Ho-Oh
|-start|p1a: Cinderace|typechange|Bug|[from] ability: Libero
|-resisted|p2a: Ho-Oh
|-damage|p2a: Ho-Oh|59/100
|
|t:|1630253056
|switch|p1a: Dracovish|Dracovish, shiny|15/100 brn|[from]move: U-turn
|move|p2a: Ho-Oh|Sacred Fire|p1a: Dracovish
|-resisted|p1a: Dracovish
|-damage|p1a: Dracovish|0 fnt
|faint|p1a: Dracovish
|
|upkeep
|
|t:|1630253062
|switch|p1a: Zeraora|Zeraora, shiny|100/100
|turn|18
|
|t:|1630253082
|switch|p2a: Ferrothorn|Ferrothorn, M, shiny|84/100
|move|p1a: Zeraora|Plasma Fists|p2a: Ferrothorn
|-resisted|p2a: Ferrothorn
|-damage|p2a: Ferrothorn|64/100
|-damage|p1a: Zeraora|88/100|[from] ability: Iron Barbs|[of] p2a: Ferrothorn
|-damage|p1a: Zeraora|72/100|[from] item: Rocky Helmet|[of] p2a: Ferrothorn
|
|upkeep
|turn|19
|j| Na23
|l| Sanjog29
|
|t:|1630253099
|switch|p1a: Venusaur|Venusaur-Mega, M|70/100
|move|p2a: Ferrothorn|Protect||[still]
|-fail|p2a: Ferrothorn
|
|upkeep
|turn|20
|
|t:|1630253111
|switch|p1a: Celesteela|Celesteela, shiny|100/100
|move|p2a: Ferrothorn|Stealth Rock|p1a: Celesteela
|-sidestart|p1: Musfique18|move: Stealth Rock
|
|upkeep
|turn|21
|
|t:|1630253118
|move|p1a: Celesteela|Air Slash|p2a: Ferrothorn
|-damage|p2a: Ferrothorn|38/100
|move|p2a: Ferrothorn|Leech Seed|p1a: Celesteela
|-start|p1a: Celesteela|move: Leech Seed
|
|-damage|p1a: Celesteela|88/100|[from] Leech Seed|[of] p2a: Ferrothorn
|-heal|p2a: Ferrothorn|52/100|[silent]
|upkeep
|turn|22
|
|t:|1630253136
|switch|p1a: Cinderace|Cinderace, F, shiny|64/100
|move|p2a: Ferrothorn|Leech Seed|p1a: Cinderace
|-start|p1a: Cinderace|move: Leech Seed
|
|-damage|p1a: Cinderace|51/100|[from] Leech Seed|[of] p2a: Ferrothorn
|-heal|p2a: Ferrothorn|63/100|[silent]
|upkeep
|turn|23
|
|t:|1630253146
|move|p2a: Ferrothorn|Protect|p2a: Ferrothorn
|-singleturn|p2a: Ferrothorn|Protect
|move|p1a: Cinderace|Court Change|p1a: Cinderace
|-start|p1a: Cinderace|typechange|Normal|[from] ability: Libero
|-sideend|p1: Musfique18|Stealth Rock|[silent]
|-sidestart|p2: IamHrrimann|Stealth Rock|[silent]
|-activate|p1a: Cinderace|move: Court Change
|
|-damage|p1a: Cinderace|39/100|[from] Leech Seed|[of] p2a: Ferrothorn
|-heal|p2a: Ferrothorn|73/100|[silent]
|upkeep
|turn|24
|
|t:|1630253160
|switch|p2a: Ho-Oh|Ho-Oh, shiny|92/100
|move|p1a: Cinderace|Pyro Ball|p2a: Ho-Oh
|-start|p1a: Cinderace|typechange|Fire|[from] ability: Libero
|-resisted|p2a: Ho-Oh
|-damage|p2a: Ho-Oh|65/100
|
|-damage|p1a: Cinderace|27/100|[from] Leech Seed|[of] p2a: Ho-Oh
|-heal|p2a: Ho-Oh|74/100|[silent]
|upkeep
|turn|25
|
|t:|1630253177
|switch|p1a: Venusaur|Venusaur-Mega, M|70/100
|move|p2a: Ho-Oh|Defog|p1a: Venusaur
|-unboost|p1a: Venusaur|evasion|1
|-sideend|p2: IamHrrimann|Stealth Rock|[from] move: Defog|[of] p2a: Ho-Oh
|
|upkeep
|turn|26
|
|t:|1630253185
|move|p2a: Ho-Oh|Brave Bird|p1a: Venusaur
|-supereffective|p1a: Venusaur
|-damage|p1a: Venusaur|0 fnt
|faint|p1a: Venusaur
|-damage|p2a: Ho-Oh|54/100|[from] Recoil
|
|upkeep
|
|t:|1630253195
|switch|p1a: Zeraora|Zeraora, shiny|72/100
|turn|27
|c| Na23|Shesh
|
|t:|1630253213
|switch|p2a: Ferrothorn|Ferrothorn, M, shiny|73/100
|-start|p1a: Zeraora|Dynamax
|-heal|p1a: Zeraora|72/100|[silent]
|move|p1a: Zeraora|Max Lightning|p2a: Ferrothorn
|-resisted|p2a: Ferrothorn
|-damage|p2a: Ferrothorn|55/100
|-fieldstart|move: Electric Terrain
|
|upkeep
|turn|28
|
|t:|1630253227
|move|p1a: Zeraora|Max Knuckle|p2a: Ferrothorn
|-supereffective|p2a: Ferrothorn
|-damage|p2a: Ferrothorn|22/100
|-boost|p1a: Zeraora|atk|1
|move|p2a: Ferrothorn|Leech Seed|p1a: Zeraora
|-start|p1a: Zeraora|move: Leech Seed
|
|-damage|p1a: Zeraora|66/100|[from] Leech Seed|[of] p2a: Ferrothorn
|-heal|p2a: Ferrothorn|33/100|[silent]
|upkeep
|turn|29
|
|t:|1630253240
|move|p2a: Ferrothorn|Protect|p2a: Ferrothorn
|-singleturn|p2a: Ferrothorn|Protect
|move|p1a: Zeraora|Max Knuckle|p2a: Ferrothorn
|-supereffective|p2a: Ferrothorn
|-zbroken|p2a: Ferrothorn
|-damage|p2a: Ferrothorn|20/100
|-boost|p1a: Zeraora|atk|1
|
|-damage|p1a: Zeraora|59/100|[from] Leech Seed|[of] p2a: Ferrothorn
|-heal|p2a: Ferrothorn|31/100|[silent]
|-end|p1a: Zeraora|Dynamax
|-heal|p1a: Zeraora|59/100|[silent]
|upkeep
|turn|30
|
|t:|1630253273
|switch|p2a: Ho-Oh|Ho-Oh, shiny|87/100
|move|p1a: Zeraora|Close Combat|p2a: Ho-Oh
|-resisted|p2a: Ho-Oh
|-damage|p2a: Ho-Oh|32/100
|-unboost|p1a: Zeraora|def|1
|-unboost|p1a: Zeraora|spd|1
|
|-damage|p1a: Zeraora|47/100|[from] Leech Seed|[of] p2a: Ho-Oh
|-heal|p2a: Ho-Oh|42/100|[silent]
|upkeep
|turn|31
|
|t:|1630253299
|switch|p2a: Toxapex|Toxapex, M, shiny|100/100
|move|p1a: Zeraora|Close Combat|p2a: Toxapex
|-resisted|p2a: Toxapex
|-damage|p2a: Toxapex|66/100
|-unboost|p1a: Zeraora|def|1
|-unboost|p1a: Zeraora|spd|1
|
|-heal|p2a: Toxapex|73/100|[from] item: Black Sludge
|-damage|p1a: Zeraora|35/100|[from] Leech Seed|[of] p2a: Toxapex
|-heal|p2a: Toxapex|85/100|[silent]
|-fieldend|move: Electric Terrain
|upkeep
|turn|32
|
|t:|1630253319
|switch|p1a: Necrozma|Necrozma-Dusk-Mane|83/100
|move|p2a: Toxapex|Baneful Bunker||[still]
|-fail|p2a: Toxapex
|
|-heal|p2a: Toxapex|92/100|[from] item: Black Sludge
|upkeep
|turn|33
|j| sugata20
|
|t:|1630253361
|switch|p2a: Bisharp|Bisharp, F|100/100
|move|p1a: Necrozma|Dragon Dance|p1a: Necrozma
|-boost|p1a: Necrozma|atk|1
|-boost|p1a: Necrozma|spe|1
|
|upkeep
|turn|34
|
|t:|1630253382
|switch|p1a: Celesteela|Celesteela, shiny|88/100
|move|p2a: Bisharp|Knock Off|p1a: Celesteela
|-damage|p1a: Celesteela|48/100
|-enditem|p1a: Celesteela|Leftovers|[from] move: Knock Off|[of] p2a: Bisharp
|-damage|p2a: Bisharp|91/100|[from] item: Life Orb
|
|upkeep
|turn|35
|
|t:|1630253407
|switch|p2a: Ferrothorn|Ferrothorn, M, shiny|31/100
|move|p1a: Celesteela|Leech Seed|p2a: Ferrothorn
|-immune|p2a: Ferrothorn
|
|upkeep
|turn|36
|
|t:|1630253416
|move|p1a: Celesteela|Air Slash|p2a: Ferrothorn
|-damage|p2a: Ferrothorn|7/100
|cant|p2a: Ferrothorn|flinch
|
|upkeep
|turn|37
|j| Grounded16
|
|t:|1630253437
|move|p2a: Ferrothorn|Protect|p2a: Ferrothorn
|-singleturn|p2a: Ferrothorn|Protect
|move|p1a: Celesteela|Air Slash|p2a: Ferrothorn
|-activate|p2a: Ferrothorn|move: Protect
|
|upkeep
|turn|38
|
|t:|1630253450
|move|p1a: Celesteela|Air Slash|p2a: Ferrothorn
|-damage|p2a: Ferrothorn|0 fnt
|faint|p2a: Ferrothorn
|-ability|p1a: Celesteela|Beast Boost|boost
|-boost|p1a: Celesteela|def|1
|
|upkeep
|
|t:|1630253473
|switch|p2a: Blaziken|Blaziken, F, shiny|100/100
|turn|39
|l| zizboybolt
|
|t:|1630253533
|detailschange|p2a: Blaziken|Blaziken-Mega, F, shiny
|-mega|p2a: Blaziken|Blaziken|Blazikenite
|move|p2a: Blaziken|Flare Blitz|p1a: Celesteela
|-supereffective|p1a: Celesteela
|-damage|p1a: Celesteela|0 fnt
|faint|p1a: Celesteela
|-damage|p2a: Blaziken|80/100|[from] Recoil
|
|-ability|p2a: Blaziken|Speed Boost|boost
|-boost|p2a: Blaziken|spe|1
|upkeep
|
|t:|1630253545
|switch|p1a: Necrozma|Necrozma-Dusk-Mane|83/100
|turn|40
|
|t:|1630253561
|detailschange|p1a: Necrozma|Necrozma-Ultra
|-burst|p1a: Necrozma|Necrozma|Ultranecrozium Z
|move|p2a: Blaziken|Flare Blitz|p1a: Necrozma
|-resisted|p1a: Necrozma
|-damage|p1a: Necrozma|46/100
|-damage|p2a: Blaziken|66/100|[from] Recoil
|move|p1a: Necrozma|Earthquake|p2a: Blaziken
|-supereffective|p2a: Blaziken
|-damage|p2a: Blaziken|0 fnt
|faint|p2a: Blaziken
|
|upkeep
|
|t:|1630253589
|switch|p2a: Bisharp|Bisharp, F|91/100
|turn|41
|
|t:|1630253636
|switch|p1a: Cinderace|Cinderace, F, shiny|27/100
|move|p2a: Bisharp|Knock Off|p1a: Cinderace
|-damage|p1a: Cinderace|0 fnt
|-enditem|p1a: Cinderace|Heavy-Duty Boots|[from] move: Knock Off|[of] p2a: Bisharp
|faint|p1a: Cinderace
|-damage|p2a: Bisharp|81/100|[from] item: Life Orb
|
|upkeep
|
|t:|1630253657
|switch|p1a: Necrozma|Necrozma-Ultra|46/100
|turn|42
|
|t:|1630253671
|move|p2a: Bisharp|Sucker Punch|p1a: Necrozma
|-supereffective|p1a: Necrozma
|-damage|p1a: Necrozma|0 fnt
|faint|p1a: Necrozma
|-damage|p2a: Bisharp|71/100|[from] item: Life Orb
|
|upkeep
|
|t:|1630253680
|switch|p1a: Zeraora|Zeraora, shiny|35/100
|turn|43
|c| Burgh&BUGS|No risk no game
|
|t:|1630253695
|move|p2a: Bisharp|Sucker Punch|p1a: Zeraora
|-damage|p1a: Zeraora|0 fnt
|faint|p1a: Zeraora
|-damage|p2a: Bisharp|61/100|[from] item: Life Orb
|
|win|IamHrrimann
|c| Burgh&BUGS|Gg
|c| Swagata2004|Gg
|c|☆Musfique18|gg
|c| Tamas01|gg
|c|☆IamHrrimann|Gg
|c| Dstricker|gg
|l| Grounded16
|l| Burgh&BUGS
|l| Swagata2004
|l|☆IamHrrimann
|l| sugata20
