|j|☆Bobsican
|j|☆Matsui_Miyako
|t:|1663282625
|gametype|singles
|player|p1|Bobsican|n|1795
|player|p2|Matsui_Miyako|allister|1731
|teamsize|p1|6
|teamsize|p2|6
|gen|8
|tier|[Gen 8] National Dex AG
|rated|
|rule|HP Percentage Mod: HP is shown in percentages
|rule|Endless Battle Clause: Forcing endless battles is banned
|clearpoke
|poke|p1|Ditto|
|poke|p1|Gengar, F|
|poke|p1|Tyranitar, F|
|poke|p1|Necrozma-Dusk-Mane|
|poke|p1|Arceus-*|
|poke|p1|Ho-Oh|
|poke|p2|Yveltal|
|poke|p2|Deoxys-Attack|
|poke|p2|Marshadow|
|poke|p2|Arceus-*|
|poke|p2|Calyrex-Shadow|
|poke|p2|Arceus-*|
|teampreview
|
|t:|1663282636
|start
|switch|p1a: Ditto|Ditto|100/100
|switch|p2a: Deoxys|Deoxys-Attack|100/100
|-ability|p2a: Deoxys|Pressure
|-transform|p1a: Ditto|p2a: Deoxys|[from] ability: Imposter
|-ability|p1a: Ditto|Pressure
|turn|1
|inactive|Battle timer is ON: inactive players will automatically lose when time's up. (requested by Matsui_Miyako)
|j| forfeitero
|
|t:|1663282648
|switch|p1a: Tyranitar|Tyranitar, F|100/100
|-weather|Sandstorm|[from] ability: Sand Stream|[of] p1a: Tyranitar
|move|p2a: Deoxys|Knock Off|p1a: Tyranitar
|-resisted|p1a: Tyranitar
|-damage|p1a: Tyranitar|84/100
|-enditem|p1a: Tyranitar|Leftovers|[from] move: Knock Off|[of] p2a: Deoxys
|
|-weather|Sandstorm|[upkeep]
|-damage|p2a: Deoxys|94/100|[from] Sandstorm
|upkeep
|turn|2
|
|t:|1663282653
|move|p2a: Deoxys|Stealth Rock|p1a: Tyranitar
|-sidestart|p1: Bobsican|move: Stealth Rock
|move|p1a: Tyranitar|Pursuit|p2a: Deoxys
|-supereffective|p2a: Deoxys
|-damage|p2a: Deoxys|0 fnt
|faint|p2a: Deoxys
|
|-weather|Sandstorm|[upkeep]
|upkeep
|
|t:|1663282661
|switch|p2a: Sombra|Marshadow|100/100
|turn|3
|
|t:|1663282664
|switch|p1a: Ho-Oh|Ho-Oh|100/100
|move|p2a: Sombra|Low Kick|p1a: Ho-Oh
|-resisted|p1a: Ho-Oh
|-damage|p1a: Ho-Oh|85/100
|
|-weather|Sandstorm|[upkeep]
|-damage|p2a: Sombra|94/100|[from] Sandstorm
|-damage|p1a: Ho-Oh|79/100|[from] Sandstorm
|upkeep
|turn|4
|
|t:|1663282672
|switch|p2a: Titã|Arceus-Ground|100/100
|move|p1a: Ho-Oh|Defog|p2a: Titã
|-unboost|p2a: Titã|evasion|1
|-sideend|p1: Bobsican|Stealth Rock|[from] move: Defog|[of] p1a: Ho-Oh
|
|-weather|Sandstorm|[upkeep]
|-damage|p1a: Ho-Oh|73/100|[from] Sandstorm
|upkeep
|turn|5
|
|t:|1663282677
|move|p2a: Titã|Stealth Rock|p1a: Ho-Oh
|-sidestart|p1: Bobsican|move: Stealth Rock
|move|p1a: Ho-Oh|Toxic|p2a: Titã
|-status|p2a: Titã|tox
|
|-weather|none
|-damage|p2a: Titã|94/100 tox|[from] psn
|upkeep
|turn|6
|
|t:|1663282682
|move|p2a: Titã|Ancient Power|p1a: Ho-Oh
|-supereffective|p1a: Ho-Oh
|-damage|p1a: Ho-Oh|29/100
|-boost|p2a: Titã|atk|1
|-boost|p2a: Titã|def|1
|-boost|p2a: Titã|spa|1
|-boost|p2a: Titã|spd|1
|-boost|p2a: Titã|spe|1
|move|p1a: Ho-Oh|Defog|p2a: Titã
|-unboost|p2a: Titã|evasion|1
|-sideend|p1: Bobsican|Stealth Rock|[from] move: Defog|[of] p1a: Ho-Oh
|
|-damage|p2a: Titã|82/100 tox|[from] psn
|upkeep
|turn|7
|
|t:|1663282689
|switch|p1a: Ditto|Ditto|100/100
|-transform|p1a: Ditto|p2a: Titã|[from] ability: Imposter
|move|p2a: Titã|Stealth Rock|p1a: Ditto
|-sidestart|p1: Bobsican|move: Stealth Rock
|
|-damage|p2a: Titã|64/100 tox|[from] psn
|upkeep
|turn|8
|
|t:|1663282698
|move|p1a: Ditto|Ice Beam|p2a: Titã
|-supereffective|p2a: Titã
|-damage|p2a: Titã|17/100 tox
|-zpower|p2a: Titã
|move|p2a: Titã|Tectonic Rage|p1a: Ditto|[zeffect]
|-damage|p1a: Ditto|1/100
|
|-damage|p2a: Titã|0 fnt|[from] psn
|faint|p2a: Titã
|upkeep
|
|t:|1663282708
|switch|p2a: Sombra|Marshadow|94/100
|turn|9
|
|t:|1663282714
|switch|p1a: Ho-Oh|Ho-Oh|63/100
|move|p2a: Sombra|Shadow Sneak|p1a: Ho-Oh
|-damage|p1a: Ho-Oh|41/100
|
|upkeep
|turn|10
|
|t:|1663282726
|move|p2a: Sombra|Spectral Thief|p1a: Ho-Oh
|-damage|p1a: Ho-Oh|9/100
|move|p1a: Ho-Oh|Defog|p2a: Sombra
|-unboost|p2a: Sombra|evasion|1
|-sideend|p1: Bobsican|Stealth Rock|[from] move: Defog|[of] p1a: Ho-Oh
|
|upkeep
|turn|11
|
|t:|1663282732
|-activate|p1a: Ho-Oh|move: Pursuit
|move|p2a: Sombra|Pursuit|p1a: Ho-Oh|[from]Pursuit
|-damage|p1a: Ho-Oh|0 fnt
|faint|p1a: Ho-Oh
|-hint|A Pokemon can't switch between when it runs out of HP and when it faints
|
|upkeep
|
|t:|1663282738
|switch|p1a: Arceus|Arceus-Ground|100/100
|turn|12
|
|t:|1663282743
|move|p2a: Sombra|Low Kick|p1a: Arceus
|-damage|p1a: Arceus|71/100
|move|p1a: Arceus|Ice Beam|p2a: Sombra
|-damage|p2a: Sombra|66/100
|
|upkeep
|turn|13
|
|t:|1663282749
|move|p2a: Sombra|Low Kick|p1a: Arceus
|-damage|p1a: Arceus|37/100
|move|p1a: Arceus|Judgment|p2a: Sombra
|-damage|p2a: Sombra|11/100
|
|upkeep
|turn|14
|
|t:|1663282754
|move|p2a: Sombra|Low Kick|p1a: Arceus
|-damage|p1a: Arceus|4/100
|move|p1a: Arceus|Recover|p1a: Arceus
|-heal|p1a: Arceus|54/100
|
|upkeep
|turn|15
|
|t:|1663282758
|move|p2a: Sombra|Low Kick|p1a: Arceus
|-damage|p1a: Arceus|23/100
|move|p1a: Arceus|Recover|p1a: Arceus
|-heal|p1a: Arceus|73/100
|
|upkeep
|turn|16
|
|t:|1663282766
|switch|p2a: Arceus|Arceus-Water|100/100
|move|p1a: Arceus|Recover|p1a: Arceus
|-heal|p1a: Arceus|100/100
|
|upkeep
|turn|17
|
|t:|1663282775
|switch|p1a: Necrozma|Necrozma-Dusk-Mane|100/100
|move|p2a: Arceus|Whirlpool|p1a: Necrozma
|-damage|p1a: Necrozma|87/100
|-activate|p1a: Necrozma|move: Whirlpool|[of] p2a: Arceus
|
|-damage|p1a: Necrozma|75/100|[from] move: Whirlpool|[partiallytrapped]
|upkeep
|turn|18
|
|t:|1663282781
|move|p2a: Arceus|Perish Song|p2a: Arceus
|-start|p1a: Necrozma|perish3|[silent]
|-start|p2a: Arceus|perish3|[silent]
|-fieldactivate|move: Perish Song
|move|p1a: Necrozma|Stealth Rock|p2a: Arceus
|-sidestart|p2: Matsui_Miyako|move: Stealth Rock
|
|-damage|p1a: Necrozma|63/100|[from] move: Whirlpool|[partiallytrapped]
|-start|p2a: Arceus|perish3
|-start|p1a: Necrozma|perish3
|upkeep
|turn|19
|
|t:|1663282797
|move|p2a: Arceus|Recover||[still]
|-fail|p2a: Arceus|heal
|move|p1a: Necrozma|Morning Sun|p1a: Necrozma
|-heal|p1a: Necrozma|100/100
|
|-damage|p1a: Necrozma|88/100|[from] move: Whirlpool|[partiallytrapped]
|-start|p2a: Arceus|perish2
|-start|p1a: Necrozma|perish2
|upkeep
|turn|20
|
|t:|1663282807
|move|p2a: Arceus|Whirlpool|p1a: Necrozma
|-damage|p1a: Necrozma|74/100
|move|p1a: Necrozma|Sunsteel Strike|p2a: Arceus
|-resisted|p2a: Arceus
|-damage|p2a: Arceus|88/100
|
|-damage|p1a: Necrozma|62/100|[from] move: Whirlpool|[partiallytrapped]
|-start|p2a: Arceus|perish1
|-start|p1a: Necrozma|perish1
|upkeep
|turn|21
|
|t:|1663282816
|switch|p2a: Sombra|Marshadow|11/100
|-damage|p2a: Sombra|5/100|[from] Stealth Rock
|move|p1a: Necrozma|Knock Off|p2a: Sombra
|-damage|p2a: Sombra|0 fnt
|-enditem|p2a: Sombra|Focus Sash|[from] move: Knock Off|[of] p1a: Necrozma
|faint|p2a: Sombra
|
|-end|p1a: Necrozma|Whirlpool|[partiallytrapped]|[silent]
|-start|p1a: Necrozma|perish0
|upkeep
|faint|p1a: Necrozma
|
|t:|1663282824
|switch|p2a: Arceus|Arceus-Water|88/100
|switch|p1a: Gengar|Gengar, F|100/100
|-damage|p2a: Arceus|75/100|[from] Stealth Rock
|turn|22
|
|t:|1663282828
|detailschange|p1a: Gengar|Gengar-Mega, F
|-mega|p1a: Gengar|Gengar|Gengarite
|move|p1a: Gengar|Substitute|p1a: Gengar
|-start|p1a: Gengar|Substitute
|-damage|p1a: Gengar|76/100
|move|p2a: Arceus|Whirlpool|p1a: Gengar
|-activate|p1a: Gengar|move: Substitute|[damage]
|
|upkeep
|turn|23
|
|t:|1663282837
|move|p1a: Gengar|Encore|p2a: Arceus
|-start|p2a: Arceus|Encore
|move|p2a: Arceus|Whirlpool|p1a: Gengar
|-end|p1a: Gengar|Substitute
|
|upkeep
|turn|24
|
|t:|1663282843
|move|p1a: Gengar|Substitute|p1a: Gengar
|-start|p1a: Gengar|Substitute
|-damage|p1a: Gengar|51/100
|move|p2a: Arceus|Whirlpool|p1a: Gengar
|-end|p1a: Gengar|Substitute
|
|upkeep
|turn|25
|
|t:|1663282846
|move|p1a: Gengar|Substitute|p1a: Gengar
|-start|p1a: Gengar|Substitute
|-damage|p1a: Gengar|26/100
|move|p2a: Arceus|Whirlpool|p1a: Gengar
|-activate|p1a: Gengar|move: Substitute|[damage]
|
|-end|p2a: Arceus|Encore
|upkeep
|turn|26
|
|t:|1663282851
|move|p1a: Gengar|Shadow Ball|p2a: Arceus
|-damage|p2a: Arceus|40/100
|move|p2a: Arceus|Whirlpool|p1a: Gengar
|-end|p1a: Gengar|Substitute
|
|upkeep
|turn|27
|
|t:|1663282859
|move|p1a: Gengar|Substitute|p1a: Gengar
|-start|p1a: Gengar|Substitute
|-damage|p1a: Gengar|1/100
|move|p2a: Arceus|Whirlpool|p1a: Gengar
|-activate|p1a: Gengar|move: Substitute|[damage]
|
|upkeep
|turn|28
|
|t:|1663282864
|move|p1a: Gengar|Shadow Ball|p2a: Arceus
|-damage|p2a: Arceus|5/100
|-unboost|p2a: Arceus|spd|1
|move|p2a: Arceus|Whirlpool|p1a: Gengar
|-end|p1a: Gengar|Substitute
|
|upkeep
|turn|29
|
|t:|1663282869
|move|p1a: Gengar|Shadow Ball|p2a: Arceus
|-damage|p2a: Arceus|0 fnt
|faint|p2a: Arceus
|
|upkeep
|
|t:|1663282873
|switch|p2a: Pássaro das Trevas|Yveltal|100/100
|-damage|p2a: Pássaro das Trevas|76/100|[from] Stealth Rock
|-ability|p2a: Pássaro das Trevas|Dark Aura
|turn|30
|
|t:|1663282882
|switch|p1a: Tyranitar|Tyranitar, F|84/100
|-weather|Sandstorm|[from] ability: Sand Stream|[of] p1a: Tyranitar
|-start|p2a: Pássaro das Trevas|Dynamax|
|-heal|p2a: Pássaro das Trevas|76/100|[silent]
|move|p2a: Pássaro das Trevas|Max Ooze|p1a: Tyranitar
|-resisted|p1a: Tyranitar
|-damage|p1a: Tyranitar|76/100
|-boost|p2a: Pássaro das Trevas|spa|1
|
|-weather|Sandstorm|[upkeep]
|-damage|p2a: Pássaro das Trevas|73/100|[from] Sandstorm
|upkeep
|turn|31
|j| Kids5
|
|t:|1663282892
|move|p2a: Pássaro das Trevas|Max Airstream|p1a: Tyranitar
|-resisted|p1a: Tyranitar
|-damage|p1a: Tyranitar|50/100
|-boost|p2a: Pássaro das Trevas|spe|1
|move|p1a: Tyranitar|Rock Tomb|p2a: Pássaro das Trevas
|-supereffective|p2a: Pássaro das Trevas
|-damage|p2a: Pássaro das Trevas|49/100
|-unboost|p2a: Pássaro das Trevas|spe|1
|
|-weather|Sandstorm|[upkeep]
|-damage|p2a: Pássaro das Trevas|46/100|[from] Sandstorm
|upkeep
|turn|32
|c| Kids5|he,llo
|
|t:|1663282899
|-start|p1a: Tyranitar|Dynamax|
|-heal|p1a: Tyranitar|50/100|[silent]
|move|p2a: Pássaro das Trevas|Max Airstream|p1a: Tyranitar
|-resisted|p1a: Tyranitar
|-damage|p1a: Tyranitar|38/100
|-boost|p2a: Pássaro das Trevas|spe|1
|move|p1a: Tyranitar|Max Rockfall|p2a: Pássaro das Trevas
|-supereffective|p2a: Pássaro das Trevas
|-damage|p2a: Pássaro das Trevas|1/100
|
|-weather|Sandstorm|[upkeep]
|-damage|p2a: Pássaro das Trevas|0 fnt|[from] Sandstorm
|faint|p2a: Pássaro das Trevas
|upkeep
|
|t:|1663282908
|switch|p2a: Cavaleiro Fantasma|Calyrex-Shadow|100/100
|-ability|p2a: Cavaleiro Fantasma|As One
|-ability|p2a: Cavaleiro Fantasma|Unnerve
|-damage|p2a: Cavaleiro Fantasma|88/100|[from] Stealth Rock
|turn|33
|
|t:|1663282911
|move|p2a: Cavaleiro Fantasma|Energy Ball|p1a: Tyranitar
|-supereffective|p1a: Tyranitar
|-damage|p1a: Tyranitar|20/100
|move|p1a: Tyranitar|Max Darkness|p2a: Cavaleiro Fantasma
|-supereffective|p2a: Cavaleiro Fantasma
|-crit|p2a: Cavaleiro Fantasma
|-damage|p2a: Cavaleiro Fantasma|0 fnt
|faint|p2a: Cavaleiro Fantasma
|
|win|Bobsican
|raw|Bobsican's rating: 1795 &rarr; <strong>1811</strong><br />(+16 for winning)
|raw|Matsui_Miyako's rating: 1731 &rarr; <strong>1715</strong><br />(-16 for losing)
|l|☆Matsui_Miyako
|c|☆Bobsican|gg
|l| forfeitero
|l| Kids5
||Ladder isn't responding, score probably updated but might not have (Request timeout).
