|j|☆Takemitchy kun
|j|☆Glaliegoesboom ❤
|t:|1661358388
|gametype|singles
|player|p1|Takemitchy kun|lance-masters|
|player|p2|Glaliegoesboom ❤|cynthia-masters|
|teamsize|p1|6
|teamsize|p2|6
|gen|8
|tier|[Gen 8] National Dex AG
|rule|HP Percentage Mod: HP is shown in percentages
|rule|Endless Battle Clause: Forcing endless battles is banned
|clearpoke
|poke|p1|Tapu Koko|
|poke|p1|Arcanine, F|
|poke|p1|Marshadow|
|poke|p1|Groudon|
|poke|p1|Zamazenta-*|
|poke|p1|Dragonite, F|
|poke|p2|Diancie|
|poke|p2|Groudon|
|poke|p2|Giratina-Origin|
|poke|p2|Celesteela|
|poke|p2|Marshadow|
|poke|p2|Urshifu-*, M|
|teampreview
|inactive|Battle timer is ON: inactive players will automatically lose when time's up. (requested by Takemitchy kun)
|inactive|Glaliegoesboom ❤ also wants the timer to be on.
|
|t:|1661358390
|start
|switch|p1a: Dragonite|Dragonite, F|100/100
|switch|p2a: Diancie|Diancie|100/100
|turn|1
|
|t:|1661358402
|switch|p2a: Giratina|Giratina-Origin|100/100
|move|p1a: Dragonite|Dragon Dance|p1a: Dragonite
|-boost|p1a: Dragonite|atk|1
|-boost|p1a: Dragonite|spe|1
|
|upkeep
|turn|2
|
|t:|1661358414
|-start|p1a: Dragonite|Dynamax|
|-heal|p1a: Dragonite|100/100|[silent]
|move|p1a: Dragonite|Max Wyrmwind|p2a: Giratina
|-supereffective|p2a: Giratina
|-damage|p2a: Giratina|0 fnt
|faint|p2a: Giratina
|
|upkeep
|
|t:|1661358431
|switch|p2a: Groudon|Groudon|100/100
|-weather|SunnyDay|[from] ability: Drought|[of] p2a: Groudon
|turn|3
|
|t:|1661358435
|move|p1a: Dragonite|Max Hailstorm|p2a: Groudon
|-supereffective|p2a: Groudon
|-damage|p2a: Groudon|4/100
|-weather|Hail
|move|p2a: Groudon|Stone Edge|p1a: Dragonite
|-supereffective|p1a: Dragonite
|-damage|p1a: Dragonite|76/100
|-enditem|p1a: Dragonite|Weakness Policy
|-boost|p1a: Dragonite|atk|2|[from] item: Weakness Policy
|-boost|p1a: Dragonite|spa|2|[from] item: Weakness Policy
|
|-weather|Hail|[upkeep]
|-damage|p1a: Dragonite|73/100|[from] Hail
|-damage|p2a: Groudon|0 fnt|[from] Hail
|faint|p2a: Groudon
|upkeep
|
|t:|1661358459
|switch|p2a: Celesteela|Celesteela|100/100
|turn|4
|
|t:|1661358465
|-start|p2a: Celesteela|Dynamax|
|-heal|p2a: Celesteela|100/100|[silent]
|move|p2a: Celesteela|Max Guard|p2a: Celesteela
|-singleturn|p2a: Celesteela|Max Guard
|move|p1a: Dragonite|Max Flare|p2a: Celesteela
|-activate|p2a: Celesteela|move: Max Guard
|
|-weather|Hail|[upkeep]
|-damage|p1a: Dragonite|70/100|[from] Hail
|-damage|p2a: Celesteela|97/100|[from] Hail
|upkeep
|-end|p1a: Dragonite|Dynamax
|-heal|p1a: Dragonite|70/100|[silent]
|turn|5
|
|t:|1661358478
|move|p1a: Dragonite|Fire Punch|p2a: Celesteela
|-supereffective|p2a: Celesteela
|-damage|p2a: Celesteela|30/100
|move|p2a: Celesteela|Max Rockfall|p1a: Dragonite
|-supereffective|p1a: Dragonite
|-damage|p1a: Dragonite|0 fnt
|-weather|Sandstorm
|faint|p1a: Dragonite
|-ability|p2a: Celesteela|Beast Boost|boost
|-boost|p2a: Celesteela|spa|1
|
|-weather|Sandstorm|[upkeep]
|upkeep
|
|t:|1661358490
|switch|p1a: Tapu Koko|Tapu Koko|100/100
|-fieldstart|move: Electric Terrain|[from] ability: Electric Surge|[of] p1a: Tapu Koko
|turn|6
|
|t:|1661358495
|move|p1a: Tapu Koko|Thunderbolt|p2a: Celesteela
|-supereffective|p2a: Celesteela
|-damage|p2a: Celesteela|0 fnt
|faint|p2a: Celesteela
|-damage|p1a: Tapu Koko|91/100|[from] item: Life Orb
|
|-weather|Sandstorm|[upkeep]
|-damage|p1a: Tapu Koko|84/100|[from] Sandstorm
|upkeep
|
|t:|1661358500
|switch|p2a: Diancie|Diancie|100/100
|turn|7
|
|t:|1661358505
|move|p1a: Tapu Koko|Calm Mind|p1a: Tapu Koko
|-boost|p1a: Tapu Koko|spa|1
|-boost|p1a: Tapu Koko|spd|1
|move|p2a: Diancie|Rock Polish|p2a: Diancie
|-boost|p2a: Diancie|spe|2
|
|-weather|Sandstorm|[upkeep]
|-damage|p1a: Tapu Koko|78/100|[from] Sandstorm
|upkeep
|turn|8
|
|t:|1661358513
|move|p1a: Tapu Koko|Thunderbolt|p2a: Diancie
|-damage|p2a: Diancie|54/100
|-damage|p1a: Tapu Koko|68/100|[from] item: Life Orb
|move|p2a: Diancie|Earth Power|p1a: Tapu Koko
|-supereffective|p1a: Tapu Koko
|-damage|p1a: Tapu Koko|12/100
|
|-weather|Sandstorm|[upkeep]
|-damage|p1a: Tapu Koko|6/100|[from] Sandstorm
|upkeep
|turn|9
|
|t:|1661358518
|detailschange|p2a: Diancie|Diancie-Mega
|-mega|p2a: Diancie|Diancie|Diancite
|move|p2a: Diancie|Moonblast|p1a: Tapu Koko
|-damage|p1a: Tapu Koko|0 fnt
|faint|p1a: Tapu Koko
|
|-weather|none
|upkeep
|
|t:|1661358541
|switch|p1a: Arcanine|Arcanine, F|100/100
|-ability|p1a: Arcanine|Intimidate|boost
|-unboost|p2a: Diancie|atk|1
|turn|10
|
|t:|1661358544
|move|p2a: Diancie|Earth Power|p1a: Arcanine
|-supereffective|p1a: Arcanine
|-damage|p1a: Arcanine|0 fnt
|faint|p1a: Arcanine
|
|-fieldend|move: Electric Terrain
|upkeep
|
|t:|1661358547
|switch|p1a: Groudon|Groudon|100/100
|-weather|SunnyDay|[from] ability: Drought|[of] p1a: Groudon
|turn|11
|
|t:|1661358549
|move|p2a: Diancie|Magnet Rise|p2a: Diancie
|-start|p2a: Diancie|Magnet Rise
|move|p1a: Groudon|Solar Beam||[still]
|-prepare|p1a: Groudon|Solar Beam
|-anim|p1a: Groudon|Solar Beam|p2a: Diancie
|-supereffective|p2a: Diancie
|-damage|p2a: Diancie|0 fnt
|faint|p2a: Diancie
|
|-weather|SunnyDay|[upkeep]
|upkeep
|
|t:|1661358556
|switch|p2a: Marshadow|Marshadow|100/100
|turn|12
|c|☆Takemitchy kun|I forgot i had that
|
|t:|1661358563
|move|p2a: Marshadow|Spectral Thief|p1a: Groudon
|-damage|p1a: Groudon|61/100
|move|p1a: Groudon|Flamethrower|p2a: Marshadow
|-damage|p2a: Marshadow|49/100
|
|-weather|SunnyDay|[upkeep]
|-heal|p1a: Groudon|67/100|[from] item: Leftovers
|upkeep
|turn|13
|
|t:|1661358567
|move|p2a: Marshadow|Spectral Thief|p1a: Groudon
|-crit|p1a: Groudon
|-damage|p1a: Groudon|4/100
|move|p1a: Groudon|Flamethrower|p2a: Marshadow
|-damage|p2a: Marshadow|0 fnt
|faint|p2a: Marshadow
|
|-weather|SunnyDay|[upkeep]
|-heal|p1a: Groudon|11/100|[from] item: Leftovers
|upkeep
|
|t:|1661358568
|switch|p2a: Urshifu|Urshifu, M|100/100
|turn|14
|
|t:|1661358572
|move|p2a: Urshifu|Zen Headbutt|p1a: Groudon
|-damage|p1a: Groudon|0 fnt
|faint|p1a: Groudon
|
|-weather|SunnyDay|[upkeep]
|upkeep
|
|t:|1661358578
|switch|p1a: Marshadow|Marshadow|100/100
|turn|15
|
|t:|1661358580
|move|p2a: Urshifu|Zen Headbutt|p1a: Marshadow
|-supereffective|p1a: Marshadow
|-damage|p1a: Marshadow|15/100
|cant|p1a: Marshadow|flinch
|
|-weather|none
|upkeep
|turn|16
|
|t:|1661358584
|move|p2a: Urshifu|Zen Headbutt|p1a: Marshadow
|-supereffective|p1a: Marshadow
|-damage|p1a: Marshadow|0 fnt
|faint|p1a: Marshadow
|
|upkeep
|
|t:|1661358588
|switch|p1a: Zamazenta|Zamazenta|100/100
|-ability|p1a: Zamazenta|Dauntless Shield|boost
|-boost|p1a: Zamazenta|def|1
|turn|17
|c|☆Glaliegoesboom ❤|One more flinch
|
|t:|1661358592
|move|p2a: Urshifu|Zen Headbutt|p1a: Zamazenta
|-supereffective|p1a: Zamazenta
|-damage|p1a: Zamazenta|60/100
|move|p1a: Zamazenta|Close Combat|p2a: Urshifu
|-supereffective|p2a: Urshifu
|-damage|p2a: Urshifu|0 fnt
|-unboost|p1a: Zamazenta|def|1
|-unboost|p1a: Zamazenta|spd|1
|faint|p2a: Urshifu
|
|win|Takemitchy kun
|c|☆Takemitchy kun|Ggwp
|c|☆Glaliegoesboom ❤|Gg
