|j|☆amnael01
|j|☆CLEAR GEM清瑜
|t:|1662740452
|gametype|singles
|player|p1|amnael01|266|1878
|player|p2|CLEAR GEM清瑜|skierf|1880
|teamsize|p1|6
|teamsize|p2|6
|gen|8
|tier|[Gen 8] National Dex AG
|rated|
|rule|HP Percentage Mod: HP is shown in percentages
|rule|Endless Battle Clause: Forcing endless battles is banned
|clearpoke
|poke|p1|Smeargle, F|
|poke|p1|Groudon|
|poke|p1|Espeon, F|
|poke|p1|Rayquaza|
|poke|p1|Xerneas-*|
|poke|p1|Zacian-*|
|poke|p2|Rayquaza|
|poke|p2|Groudon|
|poke|p2|Necrozma-Dusk-Mane|
|poke|p2|Arceus-*|
|poke|p2|Zacian-*|
|poke|p2|Yveltal|
|teampreview
|inactive|Battle timer is ON: inactive players will automatically lose when time's up. (requested by CLEAR GEM清瑜)
|
|t:|1662740460
|start
|switch|p1a: Zacian|Zacian-Crowned|100/100
|switch|p2a: Y鸟|Yveltal|100/100
|-ability|p1a: Zacian|Intrepid Sword|boost
|-boost|p1a: Zacian|atk|1
|-ability|p2a: Y鸟|Dark Aura
|turn|1
|
|t:|1662740482
|switch|p1a: Smeargle|Smeargle, F|100/100
|switch|p2a: 不会(?)|Groudon|100/100
|detailschange|p2a: 不会(?)|Groudon-Primal
|-primal|p2a: 不会(?)
|-weather|DesolateLand|[from] ability: Desolate Land|[of] p2a: 不会(?)
|
|-weather|DesolateLand|[upkeep]
|-ability|p1a: Smeargle|Moody|boost
|-boost|p1a: Smeargle|atk|2
|-unboost|p1a: Smeargle|spe|1
|upkeep
|turn|2
|
|t:|1662740492
|move|p1a: Smeargle|Spiky Shield|p1a: Smeargle
|-singleturn|p1a: Smeargle|move: Protect
|move|p2a: 不会(?)|Heat Crash|p1a: Smeargle
|-activate|p1a: Smeargle|move: Protect
|-damage|p2a: 不会(?)|88/100|[from] Spiky Shield|[of] p1a: Smeargle
|
|-weather|DesolateLand|[upkeep]
|-ability|p1a: Smeargle|Moody|boost
|-boost|p1a: Smeargle|def|2
|-unboost|p1a: Smeargle|atk|1
|upkeep
|turn|3
|
|t:|1662740496
|move|p2a: 不会(?)|Heat Crash|p1a: Smeargle
|-crit|p1a: Smeargle
|-enditem|p1a: Smeargle|Focus Sash
|-damage|p1a: Smeargle|1/100
|move|p1a: Smeargle|Spore|p2a: 不会(?)
|-status|p2a: 不会(?)|slp|[from] move: Spore
|
|-weather|DesolateLand|[upkeep]
|-ability|p1a: Smeargle|Moody|boost
|-boost|p1a: Smeargle|def|2
|-unboost|p1a: Smeargle|spa|1
|upkeep
|turn|4
|
|t:|1662740502
|move|p1a: Smeargle|Baton Pass|p1a: Smeargle
|
|t:|1662740504
|switch|p1a: Rayquaza|Rayquaza|100/100|[from]move: Baton Pass
|-ability|p1a: Rayquaza|Air Lock
|cant|p2a: 不会(?)|slp
|
|-weather|DesolateLand|[upkeep]
|upkeep
|turn|5
|
|t:|1662740507
|detailschange|p1a: Rayquaza|Rayquaza-Mega
|-mega|p1a: Rayquaza|Rayquaza|
|-weather|DeltaStream|[from] ability: Delta Stream|[of] p1a: Rayquaza
|move|p1a: Rayquaza|Dragon Dance|p1a: Rayquaza
|-boost|p1a: Rayquaza|atk|1
|-boost|p1a: Rayquaza|spe|1
|cant|p2a: 不会(?)|slp
|
|-weather|DeltaStream|[upkeep]
|upkeep
|turn|6
|
|t:|1662740514
|move|p1a: Rayquaza|Earthquake|p2a: 不会(?)
|-supereffective|p2a: 不会(?)
|-damage|p2a: 不会(?)|0 fnt
|faint|p2a: 不会(?)
|
|-weather|DeltaStream|[upkeep]
|upkeep
|
|t:|1662740520
|switch|p2a: 悬空羊驼|Arceus-Flying|100/100
|turn|7
|l|☆amnael01
|inactive|amnael01 disconnected and has a minute to reconnect!
|player|p1|
|j|☆amnael01
|inactive|amnael01 reconnected and has 135 seconds left.
|player|p1|amnael01|266
|
|t:|1662740541
|-start|p2a: 悬空羊驼|Dynamax|
|-heal|p2a: 悬空羊驼|100/100|[silent]
|move|p1a: Rayquaza|Dragon Ascent|p2a: 悬空羊驼
|-damage|p2a: 悬空羊驼|40/100
|-unboost|p1a: Rayquaza|def|1
|-unboost|p1a: Rayquaza|spd|1
|move|p2a: 悬空羊驼|Max Airstream|p1a: Rayquaza
|-enditem|p1a: Rayquaza|Focus Sash
|-damage|p1a: Rayquaza|1/100
|-boost|p2a: 悬空羊驼|spe|1
|
|-weather|DeltaStream|[upkeep]
|upkeep
|turn|8
|
|t:|1662740548
|move|p1a: Rayquaza|Extreme Speed|p2a: 悬空羊驼
|-crit|p2a: 悬空羊驼
|-damage|p2a: 悬空羊驼|4/100
|move|p2a: 悬空羊驼|Max Airstream|p1a: Rayquaza
|-damage|p1a: Rayquaza|0 fnt
|-boost|p2a: 悬空羊驼|spe|1
|faint|p1a: Rayquaza
|-weather|none
|
|upkeep
|
|t:|1662740551
|switch|p1a: Espeon|Espeon, F|100/100
|turn|9
|
|t:|1662740553
|move|p2a: 悬空羊驼|Max Airstream|p1a: Espeon
|-enditem|p1a: Espeon|Focus Sash
|-damage|p1a: Espeon|1/100
|-boost|p2a: 悬空羊驼|spe|1
|move|p1a: Espeon|Psychic|p2a: 悬空羊驼
|-damage|p2a: 悬空羊驼|0 fnt
|faint|p2a: 悬空羊驼
|
|upkeep
|
|t:|1662740561
|switch|p2a: 老烈|Rayquaza|100/100
|-ability|p2a: 老烈|Air Lock
|turn|10
|
|t:|1662740564
|detailschange|p2a: 老烈|Rayquaza-Mega
|-mega|p2a: 老烈|Rayquaza|
|-weather|DeltaStream|[from] ability: Delta Stream|[of] p2a: 老烈
|move|p2a: 老烈|Extreme Speed|p1a: Espeon
|-damage|p1a: Espeon|0 fnt
|faint|p1a: Espeon
|
|-weather|DeltaStream|[upkeep]
|upkeep
|
|t:|1662740569
|switch|p1a: Zacian|Zacian-Crowned|100/100
|-ability|p1a: Zacian|Intrepid Sword|boost
|-boost|p1a: Zacian|atk|1
|turn|11
|
|t:|1662740571
|move|p1a: Zacian|Play Rough|p2a: 老烈
|-supereffective|p2a: 老烈
|-crit|p2a: 老烈
|-enditem|p2a: 老烈|Focus Sash
|-damage|p2a: 老烈|1/100
|move|p2a: 老烈|Earthquake|p1a: Zacian
|-supereffective|p1a: Zacian
|-damage|p1a: Zacian|11/100
|
|-weather|DeltaStream|[upkeep]
|upkeep
|turn|12
|
|t:|1662740577
|move|p2a: 老烈|Extreme Speed|p1a: Zacian
|-resisted|p1a: Zacian
|-damage|p1a: Zacian|0 fnt
|faint|p1a: Zacian
|
|-weather|DeltaStream|[upkeep]
|upkeep
|
|t:|1662740581
|switch|p1a: Smeargle|Smeargle, F|1/100
|turn|13
|
|t:|1662740583
|move|p1a: Smeargle|Spiky Shield|p1a: Smeargle
|-singleturn|p1a: Smeargle|move: Protect
|move|p2a: 老烈|Extreme Speed|p1a: Smeargle
|-activate|p1a: Smeargle|move: Protect
|-damage|p2a: 老烈|0 fnt|[from] Spiky Shield|[of] p1a: Smeargle
|faint|p2a: 老烈
|-weather|none
|
|-ability|p1a: Smeargle|Moody|boost
|-boost|p1a: Smeargle|spa|2
|-unboost|p1a: Smeargle|atk|1
|upkeep
|
|t:|1662740591
|switch|p2a: Y鸟|Yveltal|100/100
|-ability|p2a: Y鸟|Dark Aura
|turn|14
|
|t:|1662740595
|move|p2a: Y鸟|Oblivion Wing|p1a: Smeargle
|-damage|p1a: Smeargle|0 fnt
|faint|p1a: Smeargle
|-damage|p2a: Y鸟|91/100|[from] item: Life Orb
|
|upkeep
|
|t:|1662740598
|switch|p1a: Xerneas|Xerneas|100/100
|-ability|p1a: Xerneas|Fairy Aura
|turn|15
|
|t:|1662740600
|move|p2a: Y鸟|Taunt|p1a: Xerneas
|-start|p1a: Xerneas|move: Taunt
|move|p1a: Xerneas|Moonblast|p2a: Y鸟
|-supereffective|p2a: Y鸟
|-damage|p2a: Y鸟|0 fnt
|faint|p2a: Y鸟
|
|upkeep
|
|t:|1662740605
|switch|p2a: 钢铁之躯|Necrozma-Dusk-Mane|100/100
|turn|16
|
|t:|1662740612
|switch|p1a: Groudon|Groudon|100/100
|detailschange|p1a: Groudon|Groudon-Primal
|-primal|p1a: Groudon
|-weather|DesolateLand|[from] ability: Desolate Land|[of] p1a: Groudon
|detailschange|p2a: 钢铁之躯|Necrozma-Ultra
|-burst|p2a: 钢铁之躯|Necrozma|Ultranecrozium Z
|move|p2a: 钢铁之躯|Dragon Dance|p2a: 钢铁之躯
|-boost|p2a: 钢铁之躯|atk|1
|-boost|p2a: 钢铁之躯|spe|1
|
|-weather|DesolateLand|[upkeep]
|upkeep
|turn|17
|
|t:|1662740616
|move|p2a: 钢铁之躯|Earthquake|p1a: Groudon
|-supereffective|p1a: Groudon
|-damage|p1a: Groudon|0 fnt
|faint|p1a: Groudon
|-weather|none
|
|upkeep
|
|t:|1662740618
|switch|p1a: Xerneas|Xerneas|100/100
|-ability|p1a: Xerneas|Fairy Aura
|turn|18
|
|t:|1662740623
|-start|p1a: Xerneas|Dynamax|
|-heal|p1a: Xerneas|100/100|[silent]
|move|p1a: Xerneas|Max Guard|p1a: Xerneas
|-singleturn|p1a: Xerneas|Max Guard
|-zpower|p2a: 钢铁之躯
|move|p2a: 钢铁之躯|Light That Burns the Sky|p1a: Xerneas|[zeffect]
|-activate|p1a: Xerneas|move: Max Guard
|
|upkeep
|turn|19
|
|t:|1662740629
|move|p1a: Xerneas|Max Guard||[still]
|-fail|p1a: Xerneas
|move|p2a: 钢铁之躯|Photon Geyser|p1a: Xerneas
|-damage|p1a: Xerneas|67/100
|
|upkeep
|turn|20
|
|t:|1662740634
|move|p2a: 钢铁之躯|Photon Geyser|p1a: Xerneas
|-damage|p1a: Xerneas|29/100
|move|p1a: Xerneas|Max Starfall|p2a: 钢铁之躯
|-supereffective|p2a: 钢铁之躯
|-damage|p2a: 钢铁之躯|0 fnt
|-fieldstart|move: Misty Terrain
|faint|p2a: 钢铁之躯
|
|upkeep
|
|t:|1662740635
|switch|p2a: 嘉然小姐的狗|Zacian-Crowned|100/100
|-ability|p2a: 嘉然小姐的狗|Intrepid Sword|boost
|-boost|p2a: 嘉然小姐的狗|atk|1
|-end|p1a: Xerneas|Dynamax
|-heal|p1a: Xerneas|29/100|[silent]
|turn|21
|
|t:|1662740637
|move|p2a: 嘉然小姐的狗|Behemoth Blade|p1a: Xerneas
|-supereffective|p1a: Xerneas
|-crit|p1a: Xerneas
|-damage|p1a: Xerneas|0 fnt
|faint|p1a: Xerneas
|
|win|CLEAR GEM清瑜
|raw|amnael01's rating: 1878 &rarr; <strong>1858</strong><br />(-20 for losing)
|raw|CLEAR GEM清瑜's rating: 1880 &rarr; <strong>1900</strong><br />(+20 for winning)
|l|☆amnael01
||Ladder isn't responding, score probably updated but might not have (Request timeout).
