|j|☆Togenium Z
|j|☆Freeity
|t:|1651366056
|gametype|singles
|player|p1|Togenium Z|dawn-gen4pt|
|player|p2|Freeity|iris-gen5bw2|
|teamsize|p1|6
|teamsize|p2|6
|gen|8
|tier|[Gen 8] National Dex AG
|rule|HP Percentage Mod: HP is shown in percentages
|rule|Endless Battle Clause: Forcing endless battles is banned
|clearpoke
|poke|p1|Butterfree, F|
|poke|p1|Magearna|
|poke|p1|Lopunny, F|
|poke|p1|Cinderace, M|
|poke|p1|Arceus-*|
|poke|p1|Zygarde|
|poke|p2|Rayquaza|
|poke|p2|Chansey, F|
|poke|p2|Arceus-*|
|poke|p2|Necrozma-Dusk-Mane|
|poke|p2|Arceus-*|
|poke|p2|Marshadow|
|teampreview
|
|t:|1651366075
|start
|switch|p1a: Lopunny|Lopunny, F|100/100
|switch|p2a: Lazy|Rayquaza|100/100
|-ability|p2a: Lazy|Air Lock
|turn|1
|
|t:|1651366083
|detailschange|p1a: Lopunny|Lopunny-Mega, F
|-mega|p1a: Lopunny|Lopunny|Lopunnite
|detailschange|p2a: Lazy|Rayquaza-Mega
|-mega|p2a: Lazy|Rayquaza|
|-weather|DeltaStream|[from] ability: Delta Stream|[of] p2a: Lazy
|move|p1a: Lopunny|Fake Out|p2a: Lazy
|-damage|p2a: Lazy|81/100
|cant|p2a: Lazy|flinch
|
|-weather|DeltaStream|[upkeep]
|upkeep
|turn|2
|c|☆Togenium Z|pov: ag doesnt know anything about lopunny
|
|t:|1651366095
|move|p1a: Lopunny|U-turn|p2a: Lazy
|-resisted|p2a: Lazy
|-damage|p2a: Lazy|70/100
|
|t:|1651366100
|switch|p1a: Arceus|Arceus-Steel|100/100|[from]move: U-turn
|move|p2a: Lazy|Scale Shot|p1a: Arceus
|-resisted|p1a: Arceus
|-damage|p1a: Arceus|92/100
|-resisted|p1a: Arceus
|-damage|p1a: Arceus|85/100
|-resisted|p1a: Arceus
|-damage|p1a: Arceus|76/100
|-resisted|p1a: Arceus
|-damage|p1a: Arceus|68/100
|-hitcount|p1a: Arceus|4
|-unboost|p2a: Lazy|def|1
|-boost|p2a: Lazy|spe|1
|-damage|p2a: Lazy|60/100|[from] item: Life Orb
|
|-weather|DeltaStream|[upkeep]
|upkeep
|turn|3
|c|☆Freeity|that's funny
|c|☆Freeity|real funny
|c|☆Freeity|i can v-create without being scared
|
|t:|1651366119
|move|p2a: Lazy|V-create|p1a: Arceus
|-supereffective|p1a: Arceus
|-damage|p1a: Arceus|0 fnt
|-unboost|p2a: Lazy|spe|1
|-unboost|p2a: Lazy|def|1
|-unboost|p2a: Lazy|spd|1
|faint|p1a: Arceus
|-damage|p2a: Lazy|50/100|[from] item: Life Orb
|
|-weather|DeltaStream|[upkeep]
|upkeep
|
|t:|1651366134
|switch|p1a: Lopunny|Lopunny-Mega, F|100/100
|turn|4
|
|t:|1651366137
|-weather|none
|switch|p2a: Necrozma|Necrozma-Dusk-Mane|100/100
|move|p1a: Lopunny|Fake Out|p2a: Necrozma
|-resisted|p2a: Necrozma
|-damage|p2a: Necrozma|95/100
|-damage|p1a: Lopunny|84/100|[from] item: Rocky Helmet|[of] p2a: Necrozma
|
|upkeep
|turn|5
|
|t:|1651366144
|switch|p1a: Zygarde|Zygarde|100/100
|move|p2a: Necrozma|Sunsteel Strike|p1a: Zygarde
|-damage|p1a: Zygarde|61/100
|
|-heal|p1a: Zygarde|67/100|[from] item: Leftovers
|upkeep
|turn|6
|
|t:|1651366149
|switch|p2a: Arceus|Arceus-Fairy|100/100
|move|p1a: Zygarde|Substitute|p1a: Zygarde
|-start|p1a: Zygarde|Substitute
|-damage|p1a: Zygarde|42/100
|
|-heal|p1a: Zygarde|48/100|[from] item: Leftovers
|-activate|p1a: Zygarde|ability: Power Construct
|detailschange|p1a: Zygarde|Zygarde-Complete
|-heal|p1a: Zygarde|68/100|[silent]
|upkeep
|turn|7
|
|t:|1651366152
|move|p2a: Arceus|Judgment|p1a: Zygarde
|-supereffective|p1a: Zygarde
|-end|p1a: Zygarde|Substitute
|move|p1a: Zygarde|Thousand Arrows|p2a: Arceus
|-damage|p2a: Arceus|74/100
|
|-heal|p1a: Zygarde|74/100|[from] item: Leftovers
|upkeep
|turn|8
|
|t:|1651366156
|switch|p1a: Magearna|Magearna|100/100
|move|p2a: Arceus|Judgment|p1a: Magearna
|-resisted|p1a: Magearna
|-damage|p1a: Magearna|76/100
|
|upkeep
|turn|9
|
|t:|1651366165
|switch|p2a: Chansey|Chansey, F|100/100
|move|p1a: Magearna|Shift Gear|p1a: Magearna
|-boost|p1a: Magearna|spe|2
|-boost|p1a: Magearna|atk|1
|
|upkeep
|turn|10
|
|t:|1651366169
|move|p1a: Magearna|Calm Mind|p1a: Magearna
|-boost|p1a: Magearna|spa|1
|-boost|p1a: Magearna|spd|1
|move|p2a: Chansey|Confide|p1a: Magearna
|-unboost|p1a: Magearna|spa|1
|
|upkeep
|turn|11
|
|t:|1651366174
|move|p1a: Magearna|Calm Mind|p1a: Magearna
|-boost|p1a: Magearna|spa|1
|-boost|p1a: Magearna|spd|1
|move|p2a: Chansey|Confide|p1a: Magearna
|-unboost|p1a: Magearna|spa|1
|
|upkeep
|turn|12
|
|t:|1651366178
|move|p1a: Magearna|Shift Gear|p1a: Magearna
|-boost|p1a: Magearna|spe|2
|-boost|p1a: Magearna|atk|1
|move|p2a: Chansey|Confide|p1a: Magearna
|-unboost|p1a: Magearna|spa|1
|
|upkeep
|turn|13
|
|t:|1651366181
|switch|p2a: Marshadow|Marshadow|100/100
|move|p1a: Magearna|Calm Mind|p1a: Magearna
|-boost|p1a: Magearna|spa|1
|-boost|p1a: Magearna|spd|1
|
|upkeep
|turn|14
|
|t:|1651366194
|switch|p1a: Lopunny|Lopunny-Mega, F|84/100
|switch|p2a: Necrozma|Necrozma-Dusk-Mane|95/100
|
|upkeep
|turn|15
|
|t:|1651366198
|switch|p1a: Cinderace|Cinderace, M|100/100
|move|p2a: Necrozma|Stealth Rock|p1a: Cinderace
|-sidestart|p1: Togenium Z|move: Stealth Rock
|
|upkeep
|turn|16
|
|t:|1651366203
|switch|p2a: Arceus|Arceus-Ground|100/100
|move|p1a: Cinderace|Pyro Ball|p2a: Arceus
|-damage|p2a: Arceus|69/100
|
|upkeep
|turn|17
|
|t:|1651366209
|switch|p1a: Zygarde|Zygarde-Complete|74/100
|-damage|p1a: Zygarde|68/100|[from] Stealth Rock
|move|p2a: Arceus|Judgment|p1a: Zygarde
|-damage|p1a: Zygarde|38/100
|
|-heal|p1a: Zygarde|44/100|[from] item: Leftovers
|upkeep
|turn|18
|
|t:|1651366214
|move|p2a: Arceus|Ice Beam|p1a: Zygarde
|-supereffective|p1a: Zygarde
|-damage|p1a: Zygarde|0 fnt
|faint|p1a: Zygarde
|
|upkeep
|c|☆Freeity|i'm reading you
|
|t:|1651366221
|switch|p1a: Lopunny|Lopunny-Mega, F|84/100
|-damage|p1a: Lopunny|78/100|[from] Stealth Rock
|turn|19
|
|t:|1651366224
|switch|p2a: Necrozma|Necrozma-Dusk-Mane|95/100
|move|p1a: Lopunny|Close Combat|p2a: Necrozma
|-damage|p2a: Necrozma|64/100
|-unboost|p1a: Lopunny|def|1
|-unboost|p1a: Lopunny|spd|1
|-damage|p1a: Lopunny|61/100|[from] item: Rocky Helmet|[of] p2a: Necrozma
|
|upkeep
|turn|20
|c|☆Togenium Z|now
|
|t:|1651366229
|move|p1a: Lopunny|U-turn|p2a: Necrozma
|-damage|p2a: Necrozma|51/100
|-damage|p1a: Lopunny|45/100|[from] item: Rocky Helmet|[of] p2a: Necrozma
|
|t:|1651366232
|switch|p1a: Cinderace|Cinderace, M|100/100|[from]move: U-turn
|move|p2a: Necrozma|Photon Geyser|p1a: Cinderace
|-damage|p1a: Cinderace|23/100
|
|upkeep
|turn|21
|
|t:|1651366238
|switch|p2a: Arceus|Arceus-Ground|69/100
|move|p1a: Cinderace|Pyro Ball|p2a: Arceus
|-damage|p2a: Arceus|38/100
|
|upkeep
|turn|22
|
|t:|1651366241
|move|p1a: Cinderace|Sucker Punch||[still]
|-fail|p1a: Cinderace
|move|p2a: Arceus|Recover|p2a: Arceus
|-heal|p2a: Arceus|88/100
|
|upkeep
|turn|23
|
|t:|1651366245
|switch|p1a: Lopunny|Lopunny-Mega, F|45/100
|-damage|p1a: Lopunny|39/100|[from] Stealth Rock
|move|p2a: Arceus|Judgment|p1a: Lopunny
|-damage|p1a: Lopunny|0 fnt
|faint|p1a: Lopunny
|
|upkeep
|c|☆Freeity|what did i say
|
|t:|1651366264
|switch|p1a: Magearna|Magearna|76/100
|-damage|p1a: Magearna|70/100|[from] Stealth Rock
|turn|24
|c|☆Freeity|aren't you weakness policy
|c|☆Togenium Z|the switch or stay in was hands down something I would read
|
|t:|1651366279
|-start|p1a: Magearna|Dynamax|
|-heal|p1a: Magearna|70/100|[silent]
|move|p2a: Arceus|Judgment|p1a: Magearna
|-supereffective|p1a: Magearna
|-crit|p1a: Magearna
|-damage|p1a: Magearna|0 fnt
|faint|p1a: Magearna
|
|upkeep
|c|☆Togenium Z|ehh
|c|☆Togenium Z|I-
|c|☆Freeity|LMAO
|
|t:|1651366291
|switch|p1a: Butterfree|Butterfree, F|100/100
|-damage|p1a: Butterfree|51/100|[from] Stealth Rock
|turn|25
|c|☆Togenium Z|wait
|c|☆Togenium Z|what am I doing
|
|t:|1651366298
|-start|p2a: Arceus|Dynamax|
|-heal|p2a: Arceus|88/100|[silent]
|move|p2a: Arceus|Max Hailstorm|p1a: Butterfree
|-supereffective|p1a: Butterfree
|-damage|p1a: Butterfree|0 fnt
|-weather|Hail
|faint|p1a: Butterfree
|
|-weather|Hail|[upkeep]
|-damage|p2a: Arceus|85/100|[from] Hail
|upkeep
|
|t:|1651366300
|switch|p1a: Cinderace|Cinderace, M|23/100
|turn|26
|c|☆Freeity|yeah
|c|☆Freeity|what are you doing
|c|☆Freeity|ggs
|
|t:|1651366308
|move|p1a: Cinderace|Pyro Ball|p2a: Arceus
|-damage|p2a: Arceus|68/100
|move|p2a: Arceus|Max Quake|p1a: Cinderace
|-supereffective|p1a: Cinderace
|-damage|p1a: Cinderace|0 fnt
|-boost|p2a: Arceus|spd|1
|faint|p1a: Cinderace
|
|win|Freeity
|c|☆Togenium Z|now its mid lol
|c|☆Togenium Z|gg
|l|☆Togenium Z
