|j|☆seidou45
|j|☆llmmllmm
|t:|1657767683
|gametype|singles
|player|p1|seidou45|lucas|1920
|player|p2|llmmllmm|tuberf|1848
|teamsize|p1|6
|teamsize|p2|6
|gen|8
|tier|[Gen 8] National Dex AG
|rated|
|rule|HP Percentage Mod: HP is shown in percentages
|rule|Endless Battle Clause: Forcing endless battles is banned
|clearpoke
|poke|p1|Ditto|
|poke|p1|Zapdos|
|poke|p1|Tyranitar, M|
|poke|p1|Ho-Oh|
|poke|p1|Arceus-*|
|poke|p1|Eternatus|
|poke|p2|Ho-Oh|
|poke|p2|Necrozma-Dusk-Mane|
|poke|p2|Zygarde|
|poke|p2|Rayquaza|
|poke|p2|Calyrex-Shadow|
|poke|p2|Arceus-*|
|teampreview
|inactive|Battle timer is ON: inactive players will automatically lose when time's up. (requested by llmmllmm)
|
|t:|1657767709
|start
|switch|p1a: Arceus|Arceus-Ghost, shiny|100/100
|switch|p2a: Rayquaza|Rayquaza|100/100
|-ability|p2a: Rayquaza|Air Lock
|turn|1
|
|t:|1657767712
|switch|p2a: Ho-Oh|Ho-Oh|100/100
|move|p1a: Arceus|Will-O-Wisp|p2a: Ho-Oh
|-immune|p2a: Ho-Oh
|
|upkeep
|turn|2
|
|t:|1657767716
|switch|p1a: Eternatus|Eternatus|100/100
|-ability|p1a: Eternatus|Pressure
|move|p2a: Ho-Oh|Thunder Wave|p1a: Eternatus
|-status|p1a: Eternatus|par
|
|upkeep
|turn|3
|
|t:|1657767730
|switch|p2a: Zygarde|Zygarde|100/100
|cant|p1a: Eternatus|par
|
|upkeep
|turn|4
|
|t:|1657767738
|move|p2a: Zygarde|Coil|p2a: Zygarde
|-boost|p2a: Zygarde|atk|1
|-boost|p2a: Zygarde|def|1
|-boost|p2a: Zygarde|accuracy|1
|move|p1a: Eternatus|Toxic|p2a: Zygarde
|-status|p2a: Zygarde|tox
|
|-damage|p2a: Zygarde|94/100 tox|[from] psn
|upkeep
|turn|5
|
|t:|1657767742
|switch|p1a: Arceus|Arceus-Ghost, shiny|100/100
|move|p2a: Zygarde|Thousand Arrows|p1a: Arceus
|-damage|p1a: Arceus|62/100
|
|-heal|p2a: Zygarde|100/100 tox|[from] item: Leftovers
|-damage|p2a: Zygarde|88/100 tox|[from] psn
|upkeep
|turn|6
|
|t:|1657767746
|move|p1a: Arceus|Calm Mind|p1a: Arceus
|-boost|p1a: Arceus|spa|1
|-boost|p1a: Arceus|spd|1
|move|p2a: Zygarde|Rest|p2a: Zygarde
|-status|p2a: Zygarde|slp|[from] move: Rest
|-heal|p2a: Zygarde|100/100 slp|[silent]
|
|upkeep
|turn|7
|
|t:|1657767750
|move|p1a: Arceus|Judgment|p2a: Zygarde
|-damage|p2a: Zygarde|47/100 slp
|cant|p2a: Zygarde|slp
|move|p2a: Zygarde|Sleep Talk|p2a: Zygarde
|move|p2a: Zygarde|Coil|p2a: Zygarde|[from]move: Sleep Talk
|-boost|p2a: Zygarde|atk|1
|-boost|p2a: Zygarde|def|1
|-boost|p2a: Zygarde|accuracy|1
|
|-heal|p2a: Zygarde|54/100 slp|[from] item: Leftovers
|upkeep
|turn|8
|
|t:|1657767758
|move|p1a: Arceus|Judgment|p2a: Zygarde
|-damage|p2a: Zygarde|1/100 slp
|cant|p2a: Zygarde|slp
|move|p2a: Zygarde|Sleep Talk|p2a: Zygarde
|move|p2a: Zygarde|Rest||[from]move: Sleep Talk|[still]
|-fail|p2a: Zygarde
|
|-heal|p2a: Zygarde|7/100 slp|[from] item: Leftovers
|-activate|p2a: Zygarde|ability: Power Construct
|detailschange|p2a: Zygarde|Zygarde-Complete
|-heal|p2a: Zygarde|39/100 slp|[silent]
|upkeep
|turn|9
|
|t:|1657767768
|move|p1a: Arceus|Judgment|p2a: Zygarde
|-damage|p2a: Zygarde|2/100 slp
|-curestatus|p2a: Zygarde|slp|[msg]
|move|p2a: Zygarde|Rest|p2a: Zygarde
|-status|p2a: Zygarde|slp|[from] move: Rest
|-heal|p2a: Zygarde|100/100 slp|[silent]
|
|upkeep
|turn|10
|
|t:|1657767772
|move|p1a: Arceus|Calm Mind|p1a: Arceus
|-boost|p1a: Arceus|spa|1
|-boost|p1a: Arceus|spd|1
|cant|p2a: Zygarde|slp
|move|p2a: Zygarde|Sleep Talk|p2a: Zygarde
|move|p2a: Zygarde|Coil|p2a: Zygarde|[from]move: Sleep Talk
|-boost|p2a: Zygarde|atk|1
|-boost|p2a: Zygarde|def|1
|-boost|p2a: Zygarde|accuracy|1
|
|upkeep
|turn|11
|
|t:|1657767775
|move|p1a: Arceus|Judgment|p2a: Zygarde
|-damage|p2a: Zygarde|55/100 slp
|cant|p2a: Zygarde|slp
|move|p2a: Zygarde|Sleep Talk|p2a: Zygarde
|move|p2a: Zygarde|Rest||[from]move: Sleep Talk|[still]
|-fail|p2a: Zygarde
|
|-heal|p2a: Zygarde|61/100 slp|[from] item: Leftovers
|upkeep
|turn|12
|c|☆llmmllmm|bruh rng
|
|t:|1657767784
|move|p1a: Arceus|Judgment|p2a: Zygarde
|-damage|p2a: Zygarde|16/100 slp
|-curestatus|p2a: Zygarde|slp|[msg]
|move|p2a: Zygarde|Sleep Talk||[still]
|-fail|p2a: Zygarde
|
|-heal|p2a: Zygarde|22/100|[from] item: Leftovers
|upkeep
|turn|13
|c|☆llmmllmm|oops
|
|t:|1657767796
|-start|p2a: Zygarde|Dynamax|
|-heal|p2a: Zygarde|22/100|[silent]
|move|p2a: Zygarde|Max Guard|p2a: Zygarde
|-singleturn|p2a: Zygarde|Max Guard
|move|p1a: Arceus|Judgment|p2a: Zygarde
|-activate|p2a: Zygarde|move: Max Guard
|
|-heal|p2a: Zygarde|25/100|[from] item: Leftovers
|upkeep
|turn|14
|
|t:|1657767802
|move|p1a: Arceus|Will-O-Wisp|p2a: Zygarde
|-status|p2a: Zygarde|brn
|move|p2a: Zygarde|Max Quake|p1a: Arceus
|-damage|p1a: Arceus|22/100
|-boost|p2a: Zygarde|spd|1
|
|-heal|p2a: Zygarde|28/100 brn|[from] item: Leftovers
|-damage|p2a: Zygarde|25/100 brn|[from] brn
|upkeep
|turn|15
|
|t:|1657767805
|move|p1a: Arceus|Recover|p1a: Arceus
|-heal|p1a: Arceus|72/100
|move|p2a: Zygarde|Max Quake|p1a: Arceus
|-damage|p1a: Arceus|32/100
|-boost|p2a: Zygarde|spd|1
|
|-heal|p2a: Zygarde|28/100 brn|[from] item: Leftovers
|-damage|p2a: Zygarde|25/100 brn|[from] brn
|upkeep
|-end|p2a: Zygarde|Dynamax
|-heal|p2a: Zygarde|25/100 brn|[silent]
|turn|16
|
|t:|1657767808
|move|p1a: Arceus|Judgment|p2a: Zygarde
|-damage|p2a: Zygarde|3/100 brn
|move|p2a: Zygarde|Rest|p2a: Zygarde
|-status|p2a: Zygarde|slp|[from] move: Rest
|-heal|p2a: Zygarde|100/100 slp|[silent]
|
|upkeep
|turn|17
|
|t:|1657767813
|move|p1a: Arceus|Calm Mind|p1a: Arceus
|-boost|p1a: Arceus|spa|1
|-boost|p1a: Arceus|spd|1
|cant|p2a: Zygarde|slp
|move|p2a: Zygarde|Sleep Talk|p2a: Zygarde
|move|p2a: Zygarde|Rest||[from]move: Sleep Talk|[still]
|-fail|p2a: Zygarde
|
|upkeep
|turn|18
|
|t:|1657767815
|move|p1a: Arceus|Recover|p1a: Arceus
|-heal|p1a: Arceus|82/100
|cant|p2a: Zygarde|slp
|move|p2a: Zygarde|Sleep Talk|p2a: Zygarde
|move|p2a: Zygarde|Rest||[from]move: Sleep Talk|[still]
|-fail|p2a: Zygarde
|
|upkeep
|turn|19
|
|t:|1657767820
|move|p1a: Arceus|Judgment|p2a: Zygarde
|-damage|p2a: Zygarde|73/100 slp
|-curestatus|p2a: Zygarde|slp|[msg]
|move|p2a: Zygarde|Thousand Arrows|p1a: Arceus
|-damage|p1a: Arceus|24/100
|
|-heal|p2a: Zygarde|79/100|[from] item: Leftovers
|upkeep
|turn|20
|
|t:|1657767823
|move|p1a: Arceus|Will-O-Wisp|p2a: Zygarde
|-status|p2a: Zygarde|brn
|move|p2a: Zygarde|Thousand Arrows|p1a: Arceus
|-damage|p1a: Arceus|0 fnt
|faint|p1a: Arceus
|
|-heal|p2a: Zygarde|85/100 brn|[from] item: Leftovers
|-damage|p2a: Zygarde|79/100 brn|[from] brn
|upkeep
|
|t:|1657767831
|switch|p1a: Ho-Oh|Ho-Oh, shiny|100/100
|turn|21
|
|t:|1657767836
|move|p1a: Ho-Oh|Air Slash|p2a: Zygarde
|-damage|p2a: Zygarde|71/100 brn
|move|p2a: Zygarde|Thousand Arrows|p1a: Ho-Oh
|-damage|p1a: Ho-Oh|61/100
|-start|p1a: Ho-Oh|Smack Down
|
|-heal|p2a: Zygarde|77/100 brn|[from] item: Leftovers
|-damage|p2a: Zygarde|71/100 brn|[from] brn
|upkeep
|turn|22
|
|t:|1657767841
|move|p1a: Ho-Oh|Calm Mind|p1a: Ho-Oh
|-boost|p1a: Ho-Oh|spa|1
|-boost|p1a: Ho-Oh|spd|1
|move|p2a: Zygarde|Thousand Arrows|p1a: Ho-Oh
|-supereffective|p1a: Ho-Oh
|-damage|p1a: Ho-Oh|0 fnt
|faint|p1a: Ho-Oh
|
|-heal|p2a: Zygarde|77/100 brn|[from] item: Leftovers
|-damage|p2a: Zygarde|71/100 brn|[from] brn
|upkeep
|-message|seidou45 forfeited.
|
|win|llmmllmm
|raw|seidou45's rating: 1920 &rarr; <strong>1896</strong><br />(-24 for losing)
|raw|llmmllmm's rating: 1848 &rarr; <strong>1872</strong><br />(+24 for winning)
|l|☆seidou45
||Ladder isn't responding, score probably updated but might not have (Request timeout).
