|j|☆CLEAR GEM清瑜
|j|‽Apprenti Buck
|t:|1664638258
|gametype|singles
|player|p1|CLEAR GEM清瑜|skierf|1865
|player|p2|Apprenti Buck|lance-masters|1961
|teamsize|p1|6
|teamsize|p2|6
|gen|8
|tier|[Gen 8] National Dex AG
|rated|
|rule|HP Percentage Mod: HP is shown in percentages
|rule|Endless Battle Clause: Forcing endless battles is banned
|clearpoke
|poke|p1|Rayquaza|
|poke|p1|Groudon|
|poke|p1|Necrozma-Dusk-Mane|
|poke|p1|Arceus-*|
|poke|p1|Zacian-*|
|poke|p1|Yveltal|
|poke|p2|Groudon|
|poke|p2|Rayquaza|
|poke|p2|Calyrex-Shadow|
|poke|p2|Arceus-*|
|poke|p2|Yveltal|
|poke|p2|Marshadow|
|teampreview
|inactive|Battle timer is ON: inactive players will automatically lose when time's up. (requested by Apprenti Buck)
|
|t:|1664638280
|start
|switch|p1a: Y鸟|Yveltal|100/100
|switch|p2a: Rayquaza|Rayquaza, shiny|100/100
|-ability|p1a: Y鸟|Dark Aura
|-ability|p2a: Rayquaza|Air Lock
|turn|1
|
|t:|1664638295
|detailschange|p2a: Rayquaza|Rayquaza-Mega, shiny
|-mega|p2a: Rayquaza|Rayquaza|
|-weather|DeltaStream|[from] ability: Delta Stream|[of] p2a: Rayquaza
|move|p2a: Rayquaza|Dragon Ascent|p1a: Y鸟
|-damage|p1a: Y鸟|0 fnt
|-unboost|p2a: Rayquaza|def|1
|-unboost|p2a: Rayquaza|spd|1
|faint|p1a: Y鸟
|-damage|p2a: Rayquaza|91/100|[from] item: Life Orb
|
|-weather|DeltaStream|[upkeep]
|upkeep
|
|t:|1664638305
|switch|p1a: 老烈|Rayquaza, shiny|100/100
|-ability|p1a: 老烈|Air Lock
|turn|2
|
|t:|1664638310
|detailschange|p1a: 老烈|Rayquaza-Mega, shiny
|-mega|p1a: 老烈|Rayquaza|
|move|p2a: Rayquaza|Dragon Ascent|p1a: 老烈
|-enditem|p1a: 老烈|Focus Sash
|-damage|p1a: 老烈|1/100
|-unboost|p2a: Rayquaza|def|1
|-unboost|p2a: Rayquaza|spd|1
|-damage|p2a: Rayquaza|81/100|[from] item: Life Orb
|move|p1a: 老烈|Dragon Ascent|p2a: Rayquaza
|-damage|p2a: Rayquaza|0 fnt
|-unboost|p1a: 老烈|def|1
|-unboost|p1a: 老烈|spd|1
|faint|p2a: Rayquaza
|
|-weather|DeltaStream|[upkeep]
|upkeep
|
|t:|1664638314
|switch|p2a: Groudon|Groudon, shiny|100/100
|detailschange|p2a: Groudon|Groudon-Primal, shiny
|-primal|p2a: Groudon
|-weather|DesolateLand|[from] ability: Desolate Land|[of] p2a: Groudon
|turn|3
|
|t:|1664638316
|move|p1a: 老烈|Earthquake|p2a: Groudon
|-supereffective|p2a: Groudon
|-damage|p2a: Groudon|39/100
|move|p2a: Groudon|Stealth Rock|p1a: 老烈
|-sidestart|p1: CLEAR GEM清瑜|move: Stealth Rock
|
|-weather|DesolateLand|[upkeep]
|upkeep
|turn|4
|
|t:|1664638319
|move|p1a: 老烈|Earthquake|p2a: Groudon
|-supereffective|p2a: Groudon
|-damage|p2a: Groudon|0 fnt
|faint|p2a: Groudon
|-weather|none
|
|upkeep
|
|t:|1664638322
|switch|p2a: Calyrex|Calyrex-Shadow|100/100
|-ability|p2a: Calyrex|As One
|-ability|p2a: Calyrex|Unnerve
|turn|5
|
|t:|1664638324
|move|p2a: Calyrex|Astral Barrage|p1a: 老烈
|-crit|p1a: 老烈
|-damage|p1a: 老烈|0 fnt
|faint|p1a: 老烈
|-ability|p2a: Calyrex|Grim Neigh|boost
|-boost|p2a: Calyrex|spa|1
|
|upkeep
|
|t:|1664638327
|switch|p1a: 悬空羊驼|Arceus-Flying|100/100
|-damage|p1a: 悬空羊驼|76/100|[from] Stealth Rock
|turn|6
|
|t:|1664638350
|-start|p1a: 悬空羊驼|Dynamax|
|-heal|p1a: 悬空羊驼|76/100|[silent]
|-zpower|p2a: Calyrex
|move|p2a: Calyrex|Never-Ending Nightmare|p1a: 悬空羊驼|[zeffect]
|-damage|p1a: 悬空羊驼|16/100
|move|p1a: 悬空羊驼|Max Airstream|p2a: Calyrex
|-damage|p2a: Calyrex|20/100
|-boost|p1a: 悬空羊驼|spe|1
|
|upkeep
|turn|7
|
|t:|1664638353
|move|p1a: 悬空羊驼|Max Airstream|p2a: Calyrex
|-damage|p2a: Calyrex|0 fnt
|-boost|p1a: 悬空羊驼|spe|1
|faint|p2a: Calyrex
|
|upkeep
|
|t:|1664638360
|switch|p2a: Yveltal|Yveltal|100/100
|-ability|p2a: Yveltal|Dark Aura
|turn|8
|
|t:|1664638363
|-start|p2a: Yveltal|Dynamax|
|-heal|p2a: Yveltal|100/100|[silent]
|move|p1a: 悬空羊驼|Max Airstream|p2a: Yveltal
|-damage|p2a: Yveltal|64/100
|-boost|p1a: 悬空羊驼|spe|1
|move|p2a: Yveltal|Max Airstream|p1a: 悬空羊驼
|-damage|p1a: 悬空羊驼|0 fnt
|-boost|p2a: Yveltal|spe|1
|faint|p1a: 悬空羊驼
|-damage|p2a: Yveltal|59/100|[from] item: Life Orb
|
|upkeep
|
|t:|1664638366
|switch|p1a: 嘉然小姐的狗|Zacian-Crowned|100/100
|-damage|p1a: 嘉然小姐的狗|94/100|[from] Stealth Rock
|-ability|p1a: 嘉然小姐的狗|Intrepid Sword|boost
|-boost|p1a: 嘉然小姐的狗|atk|1
|turn|9
|
|t:|1664638368
|move|p2a: Yveltal|Max Flare|p1a: 嘉然小姐的狗
|-supereffective|p1a: 嘉然小姐的狗
|-damage|p1a: 嘉然小姐的狗|8/100
|-weather|SunnyDay
|-damage|p2a: Yveltal|54/100|[from] item: Life Orb
|move|p1a: 嘉然小姐的狗|Behemoth Blade|p2a: Yveltal
|-damage|p2a: Yveltal|0 fnt
|faint|p2a: Yveltal
|
|-weather|SunnyDay|[upkeep]
|upkeep
|
|t:|1664638373
|switch|p2a: Marshadow|Marshadow|100/100
|turn|10
|
|t:|1664638377
|move|p2a: Marshadow|Shadow Sneak|p1a: 嘉然小姐的狗
|-damage|p1a: 嘉然小姐的狗|0 fnt
|faint|p1a: 嘉然小姐的狗
|-damage|p2a: Marshadow|91/100|[from] item: Life Orb
|
|-weather|SunnyDay|[upkeep]
|upkeep
|
|t:|1664638381
|switch|p1a: 不会(?)|Groudon|100/100
|-damage|p1a: 不会(?)|94/100|[from] Stealth Rock
|detailschange|p1a: 不会(?)|Groudon-Primal
|-primal|p1a: 不会(?)
|-weather|DesolateLand|[from] ability: Desolate Land|[of] p1a: 不会(?)
|turn|11
|
|t:|1664638384
|move|p2a: Marshadow|Close Combat|p1a: 不会(?)
|-damage|p1a: 不会(?)|48/100
|-unboost|p2a: Marshadow|def|1
|-unboost|p2a: Marshadow|spd|1
|-damage|p2a: Marshadow|81/100|[from] item: Life Orb
|move|p1a: 不会(?)|Heat Crash|p2a: Marshadow
|-damage|p2a: Marshadow|0 fnt
|faint|p2a: Marshadow
|
|-weather|DesolateLand|[upkeep]
|upkeep
|
|t:|1664638388
|switch|p2a: Arceus|Arceus|100/100
|turn|12
|
|t:|1664638391
|move|p2a: Arceus|Earthquake|p1a: 不会(?)
|-supereffective|p1a: 不会(?)
|-damage|p1a: 不会(?)|0 fnt
|faint|p1a: 不会(?)
|-weather|none
|-damage|p2a: Arceus|91/100|[from] item: Life Orb
|
|upkeep
|
|t:|1664638393
|switch|p1a: 钢铁之躯|Necrozma-Dusk-Mane|100/100
|-damage|p1a: 钢铁之躯|94/100|[from] Stealth Rock
|turn|13
|
|t:|1664638396
|detailschange|p1a: 钢铁之躯|Necrozma-Ultra
|-burst|p1a: 钢铁之躯|Necrozma|Ultranecrozium Z
|move|p2a: Arceus|Swords Dance|p2a: Arceus
|-boost|p2a: Arceus|atk|2
|move|p1a: 钢铁之躯|Dragon Dance|p1a: 钢铁之躯
|-boost|p1a: 钢铁之躯|atk|1
|-boost|p1a: 钢铁之躯|spe|1
|
|upkeep
|turn|14
|
|t:|1664638399
|move|p2a: Arceus|Extreme Speed|p1a: 钢铁之躯
|-damage|p1a: 钢铁之躯|4/100
|-damage|p2a: Arceus|81/100|[from] item: Life Orb
|-zpower|p1a: 钢铁之躯
|move|p1a: 钢铁之躯|Light That Burns the Sky|p2a: Arceus|[zeffect]
|-damage|p2a: Arceus|0 fnt
|faint|p2a: Arceus
|
|win|CLEAR GEM清瑜
|raw|CLEAR GEM清瑜's rating: 1865 &rarr; <strong>1889</strong><br />(+24 for winning)
|raw|Apprenti Buck's rating: 1931 &rarr; <strong>1907</strong><br />(-24 for losing)
