|j|☆alt1445645
|j|☆CLEAR GEM清瑜
|t:|1662598548
|gametype|singles
|player|p1|alt1445645|170|1914
|player|p2|CLEAR GEM清瑜|skierf|1799
|teamsize|p1|6
|teamsize|p2|6
|gen|8
|tier|[Gen 8] National Dex AG
|rated|
|rule|HP Percentage Mod: HP is shown in percentages
|rule|Endless Battle Clause: Forcing endless battles is banned
|clearpoke
|poke|p1|Arceus-*|
|poke|p1|Groudon|
|poke|p1|Zacian-*|
|poke|p1|Rayquaza|
|poke|p1|Calyrex-Shadow|
|poke|p1|Yveltal|
|poke|p2|Rayquaza|
|poke|p2|Groudon|
|poke|p2|Necrozma-Dusk-Mane|
|poke|p2|Arceus-*|
|poke|p2|Zacian-*|
|poke|p2|Yveltal|
|teampreview
|inactive|Battle timer is ON: inactive players will automatically lose when time's up. (requested by CLEAR GEM清瑜)
|
|t:|1662598553
|start
|switch|p1a: Rayquaza|Rayquaza|100/100
|switch|p2a: Y鸟|Yveltal|100/100
|-ability|p2a: Y鸟|Dark Aura
|-ability|p1a: Rayquaza|Air Lock
|turn|1
|
|t:|1662598557
|detailschange|p1a: Rayquaza|Rayquaza-Mega
|-mega|p1a: Rayquaza|Rayquaza|
|-weather|DeltaStream|[from] ability: Delta Stream|[of] p1a: Rayquaza
|move|p1a: Rayquaza|Scale Shot|p2a: Y鸟
|-damage|p2a: Y鸟|81/100
|-damage|p2a: Y鸟|59/100
|-hitcount|p2a: Y鸟|2
|-unboost|p1a: Rayquaza|def|1
|-boost|p1a: Rayquaza|spe|1
|-damage|p1a: Rayquaza|91/100|[from] item: Life Orb
|move|p2a: Y鸟|Dark Pulse|p1a: Rayquaza
|-damage|p1a: Rayquaza|13/100
|-damage|p2a: Y鸟|49/100|[from] item: Life Orb
|
|-weather|DeltaStream|[upkeep]
|upkeep
|turn|2
|
|t:|1662598564
|move|p1a: Rayquaza|Dragon Ascent|p2a: Y鸟
|-damage|p2a: Y鸟|0 fnt
|-unboost|p1a: Rayquaza|def|1
|-unboost|p1a: Rayquaza|spd|1
|faint|p2a: Y鸟
|-damage|p1a: Rayquaza|3/100|[from] item: Life Orb
|
|-weather|DeltaStream|[upkeep]
|upkeep
|
|t:|1662598569
|switch|p2a: 嘉然小姐的狗|Zacian-Crowned|100/100
|-ability|p2a: 嘉然小姐的狗|Intrepid Sword|boost
|-boost|p2a: 嘉然小姐的狗|atk|1
|turn|3
|
|t:|1662598571
|move|p2a: 嘉然小姐的狗|Quick Attack|p1a: Rayquaza
|-damage|p1a: Rayquaza|0 fnt
|faint|p1a: Rayquaza
|-weather|none
|
|upkeep
|
|t:|1662598575
|switch|p1a: Groudon|Groudon|100/100
|detailschange|p1a: Groudon|Groudon-Primal
|-primal|p1a: Groudon
|-weather|DesolateLand|[from] ability: Desolate Land|[of] p1a: Groudon
|turn|4
|
|t:|1662598584
|switch|p2a: 悬空羊驼|Arceus-Flying|100/100
|move|p1a: Groudon|Thunder Wave|p2a: 悬空羊驼
|-status|p2a: 悬空羊驼|par
|
|-weather|DesolateLand|[upkeep]
|upkeep
|turn|5
|
|t:|1662598588
|move|p1a: Groudon|Stealth Rock|p2a: 悬空羊驼
|-sidestart|p2: CLEAR GEM清瑜|move: Stealth Rock
|move|p2a: 悬空羊驼|Earth Power|p1a: Groudon
|-supereffective|p1a: Groudon
|-damage|p1a: Groudon|48/100
|
|-weather|DesolateLand|[upkeep]
|upkeep
|turn|6
|
|t:|1662598594
|-weather|none
|switch|p1a: Yveltal|Yveltal|100/100
|-ability|p1a: Yveltal|Dark Aura
|cant|p2a: 悬空羊驼|par
|
|upkeep
|turn|7
|
|t:|1662598601
|-start|p1a: Yveltal|Dynamax|
|-heal|p1a: Yveltal|100/100|[silent]
|move|p1a: Yveltal|Max Airstream|p2a: 悬空羊驼
|-damage|p2a: 悬空羊驼|30/100 par
|-boost|p1a: Yveltal|spe|1
|-damage|p1a: Yveltal|96/100|[from] item: Life Orb
|move|p2a: 悬空羊驼|Judgment|p1a: Yveltal
|-damage|p1a: Yveltal|66/100
|
|upkeep
|turn|8
|
|t:|1662598603
|move|p1a: Yveltal|Max Darkness|p2a: 悬空羊驼
|-damage|p2a: 悬空羊驼|0 fnt
|faint|p2a: 悬空羊驼
|-damage|p1a: Yveltal|61/100|[from] item: Life Orb
|
|upkeep
|
|t:|1662598606
|switch|p2a: 嘉然小姐的狗|Zacian-Crowned|100/100
|-damage|p2a: 嘉然小姐的狗|94/100|[from] Stealth Rock
|-ability|p2a: 嘉然小姐的狗|Intrepid Sword|boost
|-boost|p2a: 嘉然小姐的狗|atk|1
|turn|9
|
|t:|1662598608
|move|p1a: Yveltal|Max Flare|p2a: 嘉然小姐的狗
|-supereffective|p2a: 嘉然小姐的狗
|-damage|p2a: 嘉然小姐的狗|0 fnt
|-weather|SunnyDay
|faint|p2a: 嘉然小姐的狗
|-damage|p1a: Yveltal|56/100|[from] item: Life Orb
|
|-weather|SunnyDay|[upkeep]
|upkeep
|-message|CLEAR GEM清瑜 forfeited.
|
|win|alt1445645
|raw|alt1445645's rating: 1914 &rarr; <strong>1928</strong><br />(+14 for winning)
|raw|CLEAR GEM清瑜's rating: 1799 &rarr; <strong>1785</strong><br />(-14 for losing)
|l|☆CLEAR GEM清瑜
