|j|☆goodgrillby of ppo
|j|☆Pikaslayer2001
|t:|1668015216
|gametype|singles
|player|p1|goodgrillby of ppo|acetrainersnow|1552
|player|p2|Pikaslayer2001|brendan-contest|1783
|teamsize|p1|6
|teamsize|p2|6
|gen|8
|tier|[Gen 8] National Dex AG
|rated|
|rule|HP Percentage Mod: HP is shown in percentages
|rule|Endless Battle Clause: Forcing endless battles is banned
|clearpoke
|poke|p1|Zacian-*|
|poke|p1|Arceus-*|
|poke|p1|Xerneas-*|
|poke|p1|Yveltal|
|poke|p1|Zygarde|
|poke|p1|Deoxys-Attack|
|poke|p2|Deoxys-Speed|
|poke|p2|Necrozma-Dusk-Mane|
|poke|p2|Yveltal|
|poke|p2|Arceus-*|
|poke|p2|Calyrex-Shadow|
|poke|p2|Kyogre|
|teampreview
|j| fdwaergerhtj
|
|t:|1668015223
|start
|switch|p1a: Deoxys|Deoxys-Attack|100/100
|switch|p2a: Deoxys|Deoxys-Speed|100/100
|-ability|p2a: Deoxys|Pressure
|-ability|p1a: Deoxys|Pressure
|turn|1
|
|t:|1668015231
|switch|p1a: Yveltal|Yveltal, shiny|100/100
|-ability|p1a: Yveltal|Dark Aura
|move|p2a: Deoxys|Stealth Rock|p1a: Yveltal
|-sidestart|p1: goodgrillby of ppo|move: Stealth Rock
|
|upkeep
|turn|2
|
|t:|1668015235
|move|p2a: Deoxys|Taunt|p1a: Yveltal
|-start|p1a: Yveltal|move: Taunt
|move|p1a: Yveltal|Knock Off|p2a: Deoxys
|-supereffective|p2a: Deoxys
|-enditem|p2a: Deoxys|Focus Sash
|-damage|p2a: Deoxys|1/100
|
|upkeep
|turn|3
|
|t:|1668015240
|move|p1a: Yveltal|Sucker Punch||[still]
|-fail|p1a: Yveltal
|move|p2a: Deoxys|Spikes|p1a: Yveltal
|-sidestart|p1: goodgrillby of ppo|Spikes
|
|upkeep
|turn|4
|
|t:|1668015244
|move|p1a: Yveltal|Sucker Punch||[still]
|-fail|p1a: Yveltal
|move|p2a: Deoxys|Spikes|p1a: Yveltal
|-sidestart|p1: goodgrillby of ppo|Spikes
|
|-end|p1a: Yveltal|move: Taunt
|upkeep
|turn|5
|
|t:|1668015249
|move|p2a: Deoxys|Taunt|p1a: Yveltal
|-start|p1a: Yveltal|move: Taunt
|move|p1a: Yveltal|Knock Off|p2a: Deoxys
|-supereffective|p2a: Deoxys
|-damage|p2a: Deoxys|0 fnt
|faint|p2a: Deoxys
|
|upkeep
|inactive|Battle timer is ON: inactive players will automatically lose when time's up. (requested by goodgrillby of ppo)
|
|t:|1668015259
|switch|p2a: Arceus|Arceus-Ground|100/100
|turn|6
|l| fdwaergerhtj
|
|t:|1668015265
|switch|p1a: Deoxys|Deoxys-Attack|100/100
|-damage|p1a: Deoxys|88/100|[from] Stealth Rock
|-damage|p1a: Deoxys|71/100|[from] Spikes
|-ability|p1a: Deoxys|Pressure
|move|p2a: Arceus|Swords Dance|p2a: Arceus
|-boost|p2a: Arceus|atk|2
|
|upkeep
|turn|7
|
|t:|1668015267
|move|p1a: Deoxys|Superpower|p2a: Arceus
|-damage|p2a: Arceus|68/100
|-unboost|p1a: Deoxys|atk|1
|-unboost|p1a: Deoxys|def|1
|move|p2a: Arceus|Earthquake|p1a: Deoxys
|-damage|p1a: Deoxys|0 fnt
|faint|p1a: Deoxys
|
|upkeep
|
|t:|1668015272
|switch|p1a: Yveltal|Yveltal, shiny|100/100
|-damage|p1a: Yveltal|75/100|[from] Stealth Rock
|-ability|p1a: Yveltal|Dark Aura
|turn|8
|
|t:|1668015274
|move|p2a: Arceus|Stone Edge|p1a: Yveltal
|-supereffective|p1a: Yveltal
|-damage|p1a: Yveltal|0 fnt
|faint|p1a: Yveltal
|
|upkeep
|
|t:|1668015278
|switch|p1a: Zygarde|Zygarde, shiny|100/100
|-damage|p1a: Zygarde|94/100|[from] Stealth Rock
|-damage|p1a: Zygarde|78/100|[from] Spikes
|turn|9
|
|t:|1668015284
|move|p2a: Arceus|Earthquake|p1a: Zygarde
|-damage|p1a: Zygarde|0 fnt
|faint|p1a: Zygarde
|
|upkeep
|
|t:|1668015290
|switch|p1a: Arceus|Arceus|100/100
|-damage|p1a: Arceus|88/100|[from] Stealth Rock
|-damage|p1a: Arceus|71/100|[from] Spikes
|turn|10
|
|t:|1668015292
|move|p2a: Arceus|Earthquake|p1a: Arceus
|-damage|p1a: Arceus|0 fnt
|faint|p1a: Arceus
|
|upkeep
|
|t:|1668015295
|switch|p1a: Xerneas|Xerneas, shiny|100/100
|-damage|p1a: Xerneas|88/100|[from] Stealth Rock
|-damage|p1a: Xerneas|72/100|[from] Spikes
|-ability|p1a: Xerneas|Fairy Aura
|turn|11
|
|t:|1668015299
|move|p2a: Arceus|Earthquake|p1a: Xerneas
|-damage|p1a: Xerneas|0 fnt
|faint|p1a: Xerneas
|
|upkeep
|
|t:|1668015301
|switch|p1a: Zacian|Zacian-Crowned, shiny|100/100
|-damage|p1a: Zacian|94/100|[from] Stealth Rock
|-damage|p1a: Zacian|78/100|[from] Spikes
|-ability|p1a: Zacian|Intrepid Sword|boost
|-boost|p1a: Zacian|atk|1
|turn|12
|
|t:|1668015304
|move|p2a: Arceus|Earthquake|p1a: Zacian
|-supereffective|p1a: Zacian
|-damage|p1a: Zacian|0 fnt
|faint|p1a: Zacian
|
|win|Pikaslayer2001
|raw|goodgrillby of ppo's rating: 1552 &rarr; <strong>1544</strong><br />(-8 for losing)
|raw|Pikaslayer2001's rating: 1783 &rarr; <strong>1791</strong><br />(+8 for winning)
|l|☆goodgrillby of ppo
||Ladder isn't responding, score probably updated but might not have (Request timeout).
