|j|☆mardydu
|j|☆Natesyomate
|t:|1656296725
|gametype|singles
|player|p1|mardydu|veteran-gen4|1610
|player|p2|Natesyomate|allister|1509
|teamsize|p1|6
|teamsize|p2|6
|gen|8
|tier|[Gen 8] National Dex AG
|rated|
|rule|HP Percentage Mod: HP is shown in percentages
|rule|Endless Battle Clause: Forcing endless battles is banned
|clearpoke
|poke|p1|Kyurem-White|
|poke|p1|Calyrex-Shadow|
|poke|p1|Eternatus|
|poke|p1|Regieleki|
|poke|p1|Smeargle, F|
|poke|p1|Skarmory, M|
|poke|p2|Deoxys-Speed|
|poke|p2|Rayquaza|
|poke|p2|Marshadow|
|poke|p2|Zacian-*|
|poke|p2|Ditto|
|poke|p2|Weavile, F|
|teampreview
|inactive|Battle timer is ON: inactive players will automatically lose when time's up. (requested by Natesyomate)
|inactive|mardydu also wants the timer to be on.
|
|t:|1656296742
|start
|switch|p1a: JumpingMan|Regieleki|100/100
|switch|p2a: Weavile|Weavile, F|100/100
|-ability|p2a: Weavile|Pressure
|turn|1
|
|t:|1656296749
|move|p1a: JumpingMan|Volt Switch|p2a: Weavile
|-damage|p2a: Weavile|42/100
|
|t:|1656296752
|switch|p1a: Birb|Skarmory, M|100/100|[from]move: Volt Switch
|move|p2a: Weavile|Triple Axel|p1a: Birb
|-damage|p1a: Birb|95/100
|-damage|p2a: Weavile|25/100|[from] item: Rocky Helmet|[of] p1a: Birb
|-damage|p1a: Birb|83/100
|-damage|p2a: Weavile|9/100|[from] item: Rocky Helmet|[of] p1a: Birb
|-damage|p1a: Birb|66/100
|-damage|p2a: Weavile|0 fnt|[from] item: Rocky Helmet|[of] p1a: Birb
|faint|p2a: Weavile
|-hitcount|p1a: Birb|3
|
|upkeep
|
|t:|1656296765
|switch|p2a: Deoxys|Deoxys-Speed|100/100
|-ability|p2a: Deoxys|Pressure
|turn|2
|
|t:|1656296770
|switch|p1a: JumpingMan|Regieleki|100/100
|move|p2a: Deoxys|Magic Coat|p2a: Deoxys
|-singleturn|p2a: Deoxys|move: Magic Coat
|
|upkeep
|turn|3
|
|t:|1656296778
|switch|p2a: Rayquaza|Rayquaza|100/100
|-ability|p2a: Rayquaza|Air Lock
|move|p1a: JumpingMan|Thunder Cage|p2a: Rayquaza
|-damage|p2a: Rayquaza|42/100
|-activate|p2a: Rayquaza|move: Thunder Cage|[of] p1a: JumpingMan
|
|-damage|p2a: Rayquaza|29/100|[from] move: Thunder Cage|[partiallytrapped]
|upkeep
|turn|4
|
|t:|1656296788
|move|p2a: Rayquaza|Extreme Speed|p1a: JumpingMan
|-damage|p1a: JumpingMan|44/100
|move|p1a: JumpingMan|Volt Switch|p2a: Rayquaza
|-damage|p2a: Rayquaza|0 fnt
|faint|p2a: Rayquaza
|
|t:|1656296797
|switch|p1a: Birb|Skarmory, M|66/100|[from]move: Volt Switch
|
|upkeep
|
|t:|1656296800
|switch|p2a: Deoxys|Deoxys-Speed|100/100
|-ability|p2a: Deoxys|Pressure
|turn|5
|
|t:|1656296805
|move|p2a: Deoxys|Knock Off|p1a: Birb
|-damage|p1a: Birb|53/100
|-damage|p2a: Deoxys|84/100|[from] item: Rocky Helmet|[of] p1a: Birb
|-enditem|p1a: Birb|Rocky Helmet|[from] move: Knock Off|[of] p2a: Deoxys
|move|p1a: Birb|Stealth Rock|p2a: Deoxys
|-sidestart|p2: Natesyomate|move: Stealth Rock
|
|upkeep
|turn|6
|
|t:|1656296812
|move|p2a: Deoxys|Taunt|p1a: Birb
|-start|p1a: Birb|move: Taunt
|cant|p1a: Birb|move: Taunt|Whirlwind
|
|upkeep
|turn|7
|
|t:|1656296817
|switch|p1a: JumpingMan|Regieleki|44/100
|move|p2a: Deoxys|Stealth Rock|p1a: JumpingMan
|-sidestart|p1: mardydu|move: Stealth Rock
|
|upkeep
|turn|8
|
|t:|1656296822
|move|p1a: JumpingMan|Rapid Spin|p2a: Deoxys
|-damage|p2a: Deoxys|70/100
|-boost|p1a: JumpingMan|spe|1
|-sideend|p1: mardydu|Stealth Rock|[from] move: Rapid Spin|[of] p1a: JumpingMan
|move|p2a: Deoxys|Knock Off|p1a: JumpingMan
|-damage|p1a: JumpingMan|0 fnt
|-enditem|p1a: JumpingMan|Focus Sash|[from] move: Knock Off|[of] p2a: Deoxys
|faint|p1a: JumpingMan
|
|upkeep
|
|t:|1656296829
|switch|p1a: Smeargle|Smeargle, F|100/100
|turn|9
|
|t:|1656296833
|move|p2a: Deoxys|Magic Coat|p2a: Deoxys
|-singleturn|p2a: Deoxys|move: Magic Coat
|move|p1a: Smeargle|Spore|p2a: Deoxys
|move|p2a: Deoxys|Spore|p1a: Smeargle|[from]Magic Coat
|-status|p1a: Smeargle|slp|[from] move: Spore
|
|-ability|p1a: Smeargle|Moody|boost
|-boost|p1a: Smeargle|spd|2
|-unboost|p1a: Smeargle|spe|1
|upkeep
|turn|10
|
|t:|1656296842
|switch|p1a: Horse in cali|Calyrex-Shadow|100/100
|-ability|p1a: Horse in cali|As One
|-ability|p1a: Horse in cali|Unnerve
|move|p2a: Deoxys|Stealth Rock|p1a: Horse in cali
|-sidestart|p1: mardydu|move: Stealth Rock
|
|upkeep
|turn|11
|
|t:|1656296851
|-start|p1a: Horse in cali|Dynamax|
|-heal|p1a: Horse in cali|100/100|[silent]
|move|p2a: Deoxys|Knock Off|p1a: Horse in cali
|-supereffective|p1a: Horse in cali
|-damage|p1a: Horse in cali|45/100
|-enditem|p1a: Horse in cali|Focus Sash|[from] move: Knock Off|[of] p2a: Deoxys
|move|p1a: Horse in cali|Max Mindstorm|p2a: Deoxys
|-resisted|p2a: Deoxys
|-damage|p2a: Deoxys|21/100
|-fieldstart|move: Psychic Terrain
|
|upkeep
|turn|12
|
|t:|1656296867
|move|p2a: Deoxys|Knock Off|p1a: Horse in cali
|-supereffective|p1a: Horse in cali
|-damage|p1a: Horse in cali|10/100
|move|p1a: Horse in cali|Max Phantasm|p2a: Deoxys
|-supereffective|p2a: Deoxys
|-damage|p2a: Deoxys|0 fnt
|faint|p2a: Deoxys
|-ability|p1a: Horse in cali|Grim Neigh|boost
|-boost|p1a: Horse in cali|spa|1
|
|upkeep
|
|t:|1656296875
|switch|p2a: Ditto|Ditto|100/100
|-damage|p2a: Ditto|88/100|[from] Stealth Rock
|-transform|p2a: Ditto|p1a: Horse in cali|[from] ability: Imposter
|turn|13
|
|t:|1656296882
|-end|p1a: Horse in cali|Dynamax
|-heal|p1a: Horse in cali|10/100|[silent]
|switch|p1a: Smeargle|Smeargle, F|100/100 slp
|-damage|p1a: Smeargle|88/100 slp|[from] Stealth Rock
|move|p2a: Ditto|Astral Barrage|p1a: Smeargle
|-immune|p1a: Smeargle
|
|-ability|p1a: Smeargle|Moody|boost
|-boost|p1a: Smeargle|atk|2
|-unboost|p1a: Smeargle|spd|1
|upkeep
|turn|14
|
|t:|1656296896
|-start|p2a: Ditto|Dynamax|
|-heal|p2a: Ditto|88/100|[silent]
|move|p2a: Ditto|Max Mindstorm|p1a: Smeargle
|-damage|p1a: Smeargle|0 fnt
|faint|p1a: Smeargle
|-ability|p2a: Ditto|Grim Neigh|boost
|-boost|p2a: Ditto|spa|1
|
|upkeep
|
|t:|1656296902
|switch|p1a: Kurem|Kyurem-White, shiny|100/100
|-damage|p1a: Kurem|76/100|[from] Stealth Rock
|-ability|p1a: Kurem|Turboblaze
|turn|15
|
|t:|1656296912
|move|p1a: Kurem|Shadow Ball|p2a: Ditto
|-supereffective|p2a: Ditto
|-damage|p2a: Ditto|13/100
|move|p2a: Ditto|Max Starfall|p1a: Kurem
|-supereffective|p1a: Kurem
|-crit|p1a: Kurem
|-damage|p1a: Kurem|0 fnt
|-fieldstart|move: Misty Terrain
|faint|p1a: Kurem
|-ability|p2a: Ditto|Grim Neigh|boost
|-boost|p2a: Ditto|spa|1
|
|upkeep
|
|t:|1656296927
|switch|p1a: Horse in cali|Calyrex-Shadow|10/100
|-ability|p1a: Horse in cali|As One
|-ability|p1a: Horse in cali|Unnerve
|-damage|p1a: Horse in cali|0 fnt|[from] Stealth Rock
|faint|p1a: Horse in cali
|
|t:|1656296932
|switch|p1a: Eternatus|Eternatus|100/100
|-damage|p1a: Eternatus|88/100|[from] Stealth Rock
|-ability|p1a: Eternatus|Pressure
|turn|16
|
|t:|1656296938
|move|p2a: Ditto|Max Guard|p2a: Ditto
|-singleturn|p2a: Ditto|Max Guard
|move|p1a: Eternatus|Mystical Fire|p2a: Ditto
|-activate|p2a: Ditto|move: Max Guard
|
|-heal|p1a: Eternatus|94/100|[from] item: Black Sludge
|upkeep
|-end|p2a: Ditto|Dynamax
|-heal|p2a: Ditto|13/100|[silent]
|turn|17
|
|t:|1656296946
|move|p2a: Ditto|Astral Barrage|p1a: Eternatus
|-damage|p1a: Eternatus|0 fnt
|faint|p1a: Eternatus
|-ability|p2a: Ditto|Grim Neigh|boost
|-boost|p2a: Ditto|spa|1
|
|upkeep
|
|t:|1656296951
|switch|p1a: Birb|Skarmory, M|53/100
|-damage|p1a: Birb|41/100|[from] Stealth Rock
|turn|18
|
|t:|1656296958
|move|p2a: Ditto|Astral Barrage|p1a: Birb
|-damage|p1a: Birb|0 fnt
|faint|p1a: Birb
|
|win|Natesyomate
|raw|mardydu's rating: 1610 &rarr; <strong>1584</strong><br />(-26 for losing)
|raw|Natesyomate's rating: 1509 &rarr; <strong>1535</strong><br />(+26 for winning)
|c|☆Natesyomate|gg
|l|☆mardydu
||Ladder isn't responding, score probably updated but might not have (Request timeout).
