|j|☆Marshadow Marchers
|j|☆kvm1999
|t:|1660499250
|gametype|singles
|player|p1|Marshadow Marchers|bruno|
|player|p2|kvm1999|falkner|
|teamsize|p1|6
|teamsize|p2|6
|gen|8
|tier|[Gen 8] National Dex AG
|rule|HP Percentage Mod: HP is shown in percentages
|rule|Endless Battle Clause: Forcing endless battles is banned
|clearpoke
|poke|p1|Machamp, M|
|poke|p1|Kommo-o, M|
|poke|p1|Silvally-*|
|poke|p1|Zapdos-Galar|
|poke|p1|Lucario, F|
|poke|p1|Heracross, M|
|poke|p2|Lopunny, F|
|poke|p2|Ditto|
|poke|p2|Porygon-Z|
|poke|p2|Diggersby, M|
|poke|p2|Heliolisk, F|
|poke|p2|Blissey, F|
|teampreview
|inactive|Battle timer is ON: inactive players will automatically lose when time's up. (requested by kvm1999)
|c|☆kvm1999|Oh it’s this one
|c|☆kvm1999|hf
|c|☆Marshadow Marchers|u2
|
|t:|1660499280
|start
|switch|p1a: igasRegigigasR|Silvally-Fighting, shiny|100/100
|switch|p2a: Βewear|Lopunny, F|100/100
|turn|1
|
|t:|1660499286
|detailschange|p2a: Βewear|Lopunny-Mega, F
|-mega|p2a: Βewear|Lopunny|Lopunnite
|move|p2a: Βewear|Fake Out|p1a: igasRegigigasR
|-damage|p1a: igasRegigigasR|76/100
|cant|p1a: igasRegigigasR|flinch
|
|upkeep
|turn|2
|
|t:|1660499295
|move|p2a: Βewear|Close Combat|p1a: igasRegigigasR
|-damage|p1a: igasRegigigasR|12/100
|-unboost|p2a: Βewear|def|1
|-unboost|p2a: Βewear|spd|1
|move|p1a: igasRegigigasR|Thunder Wave|p2a: Βewear
|-status|p2a: Βewear|par
|
|upkeep
|turn|3
|
|t:|1660499319
|move|p1a: igasRegigigasR|U-turn|p2a: Βewear
|-resisted|p2a: Βewear
|-damage|p2a: Βewear|81/100 par
|
|t:|1660499322
|switch|p1a: RegigigasRegig|Kommo-o, M|100/100|[from]move: U-turn
|move|p2a: Βewear|U-turn|p1a: RegigigasRegig
|-resisted|p1a: RegigigasRegig
|-damage|p1a: RegigigasRegig|89/100
|
|t:|1660499326
|switch|p2a: Μew|Ditto|100/100|[from]move: U-turn
|-transform|p2a: Μew|p1a: RegigigasRegig|[from] ability: Imposter
|
|upkeep
|turn|4
|
|t:|1660499351
|move|p2a: Μew|Clanging Scales|p1a: RegigigasRegig
|-immune|p1a: RegigigasRegig|[from] ability: Soundproof
|move|p1a: RegigigasRegig|Clangorous Soul|p1a: RegigigasRegig
|-boost|p1a: RegigigasRegig|atk|1
|-boost|p1a: RegigigasRegig|def|1
|-boost|p1a: RegigigasRegig|spa|1
|-boost|p1a: RegigigasRegig|spd|1
|-boost|p1a: RegigigasRegig|spe|1
|-damage|p1a: RegigigasRegig|56/100
|
|upkeep
|turn|5
|inactive|Marshadow Marchers has 270 seconds left.
|c|☆kvm1999|You would think I would’ve looked lmao
|
|t:|1660499388
|switch|p2a: Αltaria|Blissey, F|100/100
|-zpower|p1a: RegigigasRegig
|move|p1a: RegigigasRegig|Clangorous Soulblaze|p2a: Αltaria|[zeffect]
|-damage|p2a: Αltaria|60/100
|-boost|p1a: RegigigasRegig|atk|1
|-boost|p1a: RegigigasRegig|def|1
|-boost|p1a: RegigigasRegig|spa|1
|-boost|p1a: RegigigasRegig|spd|1
|-boost|p1a: RegigigasRegig|spe|1
|
|upkeep
|turn|6
|inactive|Marshadow Marchers has 240 seconds left.
|c|☆Marshadow Marchers|Lol
|
|t:|1660499414
|move|p1a: RegigigasRegig|Clanging Scales|p2a: Αltaria
|-damage|p2a: Αltaria|26/100
|-unboost|p1a: RegigigasRegig|def|1
|move|p2a: Αltaria|Wish|p2a: Αltaria
|
|upkeep
|turn|7
|inactive|Marshadow Marchers has 240 seconds left.
|
|t:|1660499422
|move|p1a: RegigigasRegig|Flash Cannon|p2a: Αltaria
|-damage|p2a: Αltaria|9/100
|move|p2a: Αltaria|Stealth Rock|p1a: RegigigasRegig
|-sidestart|p1: Marshadow Marchers|move: Stealth Rock
|
|-heal|p2a: Αltaria|59/100|[from] move: Wish|[wisher] Αltaria
|upkeep
|turn|8
|inactive|Marshadow Marchers has 240 seconds left.
|
|t:|1660499433
|move|p1a: RegigigasRegig|Flash Cannon|p2a: Αltaria
|-damage|p2a: Αltaria|43/100
|-unboost|p2a: Αltaria|spd|1
|move|p2a: Αltaria|Wish|p2a: Αltaria
|
|upkeep
|turn|9
|
|t:|1660499444
|switch|p2a: Μew|Ditto|100/100
|-transform|p2a: Μew|p1a: RegigigasRegig|[from] ability: Imposter
|move|p1a: RegigigasRegig|Flash Cannon|p2a: Μew
|-damage|p2a: Μew|76/100
|
|-heal|p2a: Μew|100/100|[from] move: Wish|[wisher] Αltaria
|upkeep
|turn|10
|
|t:|1660499460
|move|p2a: Μew|Flash Cannon|p1a: RegigigasRegig
|-damage|p1a: RegigigasRegig|28/100
|move|p1a: RegigigasRegig|Flash Cannon|p2a: Μew
|-damage|p2a: Μew|75/100
|
|upkeep
|turn|11
|
|t:|1660499465
|move|p1a: RegigigasRegig|Protect|p1a: RegigigasRegig
|-singleturn|p1a: RegigigasRegig|Protect
|move|p2a: Μew|Flash Cannon|p1a: RegigigasRegig
|-activate|p1a: RegigigasRegig|move: Protect
|
|upkeep
|turn|12
|inactive|Marshadow Marchers has 270 seconds left.
|
|t:|1660499471
|switch|p2a: Αltaria|Blissey, F|43/100
|move|p1a: RegigigasRegig|Flash Cannon|p2a: Αltaria
|-damage|p2a: Αltaria|27/100
|
|upkeep
|turn|13
|
|t:|1660499479
|move|p1a: RegigigasRegig|Clanging Scales|p2a: Αltaria
|-damage|p2a: Αltaria|0 fnt
|faint|p2a: Αltaria
|-unboost|p1a: RegigigasRegig|def|1
|
|upkeep
|
|t:|1660499487
|switch|p2a: Μew|Ditto|75/100
|-transform|p2a: Μew|p1a: RegigigasRegig|[from] ability: Imposter
|turn|14
|
|t:|1660499492
|move|p1a: RegigigasRegig|Protect|p1a: RegigigasRegig
|-singleturn|p1a: RegigigasRegig|Protect
|move|p2a: Μew|Flash Cannon|p1a: RegigigasRegig
|-activate|p1a: RegigigasRegig|move: Protect
|
|upkeep
|turn|15
|
|t:|1660499500
|move|p2a: Μew|Flash Cannon|p1a: RegigigasRegig
|-damage|p1a: RegigigasRegig|1/100
|move|p1a: RegigigasRegig|Flash Cannon|p2a: Μew
|-damage|p2a: Μew|49/100
|
|upkeep
|turn|16
|
|t:|1660499503
|move|p1a: RegigigasRegig|Protect|p1a: RegigigasRegig
|-singleturn|p1a: RegigigasRegig|Protect
|move|p2a: Μew|Flash Cannon|p1a: RegigigasRegig
|-activate|p1a: RegigigasRegig|move: Protect
|
|upkeep
|turn|17
|
|t:|1660499516
|move|p1a: RegigigasRegig|Protect||[still]
|-fail|p1a: RegigigasRegig
|move|p2a: Μew|Flash Cannon|p1a: RegigigasRegig
|-damage|p1a: RegigigasRegig|0 fnt
|faint|p1a: RegigigasRegig
|
|upkeep
|
|t:|1660499529
|switch|p1a: gigasRegigigas|Heracross, M|100/100
|-damage|p1a: gigasRegigigas|88/100|[from] Stealth Rock
|turn|18
|
|t:|1660499536
|switch|p1a: igasRegigigasR|Silvally-Fighting, shiny|12/100
|-damage|p1a: igasRegigigasR|6/100|[from] Stealth Rock
|move|p2a: Μew|Flash Cannon|p1a: igasRegigigasR
|-damage|p1a: igasRegigigasR|0 fnt
|faint|p1a: igasRegigigasR
|
|upkeep
|
|t:|1660499547
|switch|p1a: egigasRegigigas|Zapdos-Galar|100/100
|-damage|p1a: egigasRegigigas|88/100|[from] Stealth Rock
|turn|19
|
|t:|1660499563
|switch|p2a: Βewear|Lopunny-Mega, F|81/100 par
|move|p1a: egigasRegigigas|Brave Bird|p2a: Βewear
|-supereffective|p2a: Βewear
|-damage|p2a: Βewear|0 fnt
|faint|p2a: Βewear
|-damage|p1a: egigasRegigigas|66/100|[from] Recoil
|
|upkeep
|
|t:|1660499569
|switch|p2a: Porygon-Z|Porygon-Z|100/100
|turn|20
|
|t:|1660499576
|switch|p1a: RegigigasRegi|Lucario, F|100/100
|-damage|p1a: RegigigasRegi|98/100|[from] Stealth Rock
|-zpower|p2a: Porygon-Z
|move|p2a: Porygon-Z|Z-Conversion|p2a: Porygon-Z|[anim]Conversion
|-boost|p2a: Porygon-Z|atk|1|[zeffect]
|-boost|p2a: Porygon-Z|def|1|[zeffect]
|-boost|p2a: Porygon-Z|spa|1|[zeffect]
|-boost|p2a: Porygon-Z|spd|1|[zeffect]
|-boost|p2a: Porygon-Z|spe|1|[zeffect]
|-start|p2a: Porygon-Z|typechange|Ice
|
|upkeep
|turn|21
|
|t:|1660499585
|move|p2a: Porygon-Z|Thunderbolt|p1a: RegigigasRegi
|-damage|p1a: RegigigasRegi|53/100
|move|p1a: RegigigasRegi|Aura Sphere|p2a: Porygon-Z
|-supereffective|p2a: Porygon-Z
|-damage|p2a: Porygon-Z|27/100
|
|upkeep
|turn|22
|
|t:|1660499589
|move|p2a: Porygon-Z|Thunderbolt|p1a: RegigigasRegi
|-damage|p1a: RegigigasRegi|14/100
|-status|p1a: RegigigasRegi|par
|move|p1a: RegigigasRegi|Aura Sphere|p2a: Porygon-Z
|-supereffective|p2a: Porygon-Z
|-damage|p2a: Porygon-Z|0 fnt
|faint|p2a: Porygon-Z
|
|upkeep
|
|t:|1660499605
|switch|p2a: Μew|Ditto|49/100
|-transform|p2a: Μew|p1a: RegigigasRegi|[from] ability: Imposter
|turn|23
|
|t:|1660499626
|cant|p1a: RegigigasRegi|par
|move|p2a: Μew|Aura Sphere|p1a: RegigigasRegi
|-supereffective|p1a: RegigigasRegi
|-damage|p1a: RegigigasRegi|0 fnt
|faint|p1a: RegigigasRegi
|
|upkeep
|
|t:|1660499638
|switch|p1a: Regifighting|Machamp, M|100/100
|-damage|p1a: Regifighting|94/100|[from] Stealth Rock
|turn|24
|
|t:|1660499648
|switch|p2a: Nidοking|Diggersby, M|100/100
|move|p1a: Regifighting|Brick Break|p2a: Nidοking
|-supereffective|p2a: Nidοking
|-damage|p2a: Nidοking|0 fnt
|faint|p2a: Nidοking
|
|-status|p1a: Regifighting|brn|[from] item: Flame Orb
|upkeep
|
|t:|1660499655
|switch|p2a: Raiсhu|Heliolisk, F|100/100
|turn|25
|
|t:|1660499658
|move|p2a: Raiсhu|Thunderbolt|p1a: Regifighting
|-damage|p1a: Regifighting|29/100 brn
|move|p1a: Regifighting|Power-Up Punch|p2a: Raiсhu
|-supereffective|p2a: Raiсhu
|-damage|p2a: Raiсhu|0 fnt
|-boost|p1a: Regifighting|atk|1
|faint|p2a: Raiсhu
|
|-damage|p1a: Regifighting|23/100 brn|[from] brn
|upkeep
|
|t:|1660499661
|switch|p2a: Μew|Ditto|49/100
|-transform|p2a: Μew|p1a: Regifighting|[from] ability: Imposter
|turn|26
|
|t:|1660499670
|move|p2a: Μew|Bullet Punch|p1a: Regifighting
|-damage|p1a: Regifighting|0 fnt
|faint|p1a: Regifighting
|
|upkeep
|c|☆kvm1999|Gg
|
|t:|1660499679
|switch|p1a: gigasRegigigas|Heracross, M|88/100
|-damage|p1a: gigasRegigigas|76/100|[from] Stealth Rock
|turn|27
|
|t:|1660499687
|detailschange|p1a: gigasRegigigas|Heracross-Mega, M
|-mega|p1a: gigasRegigigas|Heracross|Heracronite
|move|p2a: Μew|Bullet Punch|p1a: gigasRegigigas
|-damage|p1a: gigasRegigigas|58/100
|move|p1a: gigasRegigigas|Knock Off|p2a: Μew
|-resisted|p2a: Μew
|-damage|p2a: Μew|17/100
|-enditem|p2a: Μew|Choice Scarf|[from] move: Knock Off|[of] p1a: gigasRegigigas
|
|upkeep
|turn|28
|
|t:|1660499698
|move|p2a: Μew|Bullet Punch|p1a: gigasRegigigas
|-damage|p1a: gigasRegigigas|39/100
|move|p1a: gigasRegigigas|Arm Thrust|p2a: Μew
|-damage|p2a: Μew|1/100
|-damage|p2a: Μew|0 fnt
|faint|p2a: Μew
|-hitcount|p2: Μew|2
|
|win|Marshadow Marchers
|l|☆kvm1999
|c|☆Marshadow Marchers|gg
|j|☆kvm1999
|player|p2|kvm1999|falkner
