|j|☆Garchomp D'Ice
|j|‽dividing by 0
|t:|1654096576
|gametype|singles
|player|p1|Garchomp D'Ice|aaron|1503
|player|p2|dividing by 0|pokemaniac|1638
|teamsize|p1|6
|teamsize|p2|6
|gen|8
|tier|[Gen 8] National Dex AG
|rated|
|rule|HP Percentage Mod: HP is shown in percentages
|rule|Endless Battle Clause: Forcing endless battles is banned
|clearpoke
|poke|p1|Pyukumuku, F|
|poke|p1|Ferrothorn, M|
|poke|p1|Gliscor, M|
|poke|p1|Clefable, M|
|poke|p1|Sylveon, F|
|poke|p1|Slowbro, F|
|poke|p2|Smeargle, M|
|poke|p2|Clefable, F|
|poke|p2|Scolipede, M|
|poke|p2|Arceus-*|
|poke|p2|Espeon, M|
|poke|p2|Liepard, M|
|teampreview
|inactive|Battle timer is ON: inactive players will automatically lose when time's up. (requested by Garchomp D'Ice)
|
|t:|1654096593
|start
|switch|p1a: Ferrothorn|Ferrothorn, M|100/100
|switch|p2a: Scolipede|Scolipede, M|100/100
|turn|1
|inactive|Garchomp D'Ice has 120 seconds left.
|
|t:|1654096643
|move|p2a: Scolipede|Substitute|p2a: Scolipede
|-start|p2a: Scolipede|Substitute
|-damage|p2a: Scolipede|76/100
|move|p1a: Ferrothorn|Bulldoze|p2a: Scolipede
|-activate|p2a: Scolipede|move: Substitute|[damage]
|
|-ability|p2a: Scolipede|Speed Boost|boost
|-boost|p2a: Scolipede|spe|1
|upkeep
|turn|2
|
|t:|1654096651
|move|p2a: Scolipede|Iron Defense|p2a: Scolipede
|-boost|p2a: Scolipede|def|2
|move|p1a: Ferrothorn|Spikes|p2a: Scolipede
|-sidestart|p2: dividing by 0|Spikes
|
|-ability|p2a: Scolipede|Speed Boost|boost
|-boost|p2a: Scolipede|spe|1
|upkeep
|turn|3
|
|t:|1654096657
|move|p2a: Scolipede|Iron Defense|p2a: Scolipede
|-boost|p2a: Scolipede|def|2
|move|p1a: Ferrothorn|Spikes|p2a: Scolipede
|-sidestart|p2: dividing by 0|Spikes
|
|-ability|p2a: Scolipede|Speed Boost|boost
|-boost|p2a: Scolipede|spe|1
|upkeep
|turn|4
|inactive|Garchomp D'Ice has 120 seconds left.
|inactive|Garchomp D'Ice has 90 seconds left.
|inactive|Garchomp D'Ice has 60 seconds left.
|
|t:|1654096747
|move|p2a: Scolipede|Iron Defense|p2a: Scolipede
|-boost|p2a: Scolipede|def|2
|move|p1a: Ferrothorn|Spikes|p2a: Scolipede
|-sidestart|p2: dividing by 0|Spikes
|
|-ability|p2a: Scolipede|Speed Boost|boost
|-boost|p2a: Scolipede|spe|1
|upkeep
|turn|5
|
|t:|1654096754
|switch|p1a: Pyukumuku|Pyukumuku, F|100/100
|move|p2a: Scolipede|Baton Pass|p2a: Scolipede
|
|t:|1654096758
|switch|p2a: Clefable|Clefable, F|100/100|[from]move: Baton Pass
|
|upkeep
|turn|6
|
|t:|1654096796
|switch|p1a: Clefable|Clefable, M|100/100
|move|p2a: Clefable|Minimize|p2a: Clefable
|-boost|p2a: Clefable|evasion|2
|
|upkeep
|turn|7
|
|t:|1654096803
|move|p2a: Clefable|Minimize|p2a: Clefable
|-boost|p2a: Clefable|evasion|2
|move|p1a: Clefable|Stealth Rock|p2a: Clefable
|-sidestart|p2: dividing by 0|move: Stealth Rock
|
|upkeep
|turn|8
|
|t:|1654096809
|move|p2a: Clefable|Minimize|p2a: Clefable
|-boost|p2a: Clefable|evasion|2
|move|p1a: Clefable|Mystical Fire|p2a: Clefable|[miss]
|-miss|p1a: Clefable|p2a: Clefable
|
|upkeep
|turn|9
|
|t:|1654096818
|switch|p1a: Sylveon|Sylveon, F|100/100
|move|p2a: Clefable|Cosmic Power|p2a: Clefable
|-boost|p2a: Clefable|def|0
|-boost|p2a: Clefable|spd|1
|
|upkeep
|turn|10
|
|t:|1654096825
|move|p2a: Clefable|Cosmic Power|p2a: Clefable
|-boost|p2a: Clefable|def|0
|-boost|p2a: Clefable|spd|1
|move|p1a: Sylveon|Hyper Voice|p2a: Clefable
|-damage|p2a: Clefable|87/100
|
|upkeep
|turn|11
|inactive|Garchomp D'Ice has 60 seconds left.
|
|t:|1654096834
|move|p2a: Clefable|Cosmic Power|p2a: Clefable
|-boost|p2a: Clefable|def|0
|-boost|p2a: Clefable|spd|1
|move|p1a: Sylveon|Hyper Voice|p2a: Clefable|[miss]
|-miss|p1a: Sylveon|p2a: Clefable
|
|upkeep
|turn|12
|
|t:|1654096841
|move|p2a: Clefable|Cosmic Power|p2a: Clefable
|-boost|p2a: Clefable|def|0
|-boost|p2a: Clefable|spd|1
|move|p1a: Sylveon|Hyper Voice|p2a: Clefable
|-damage|p2a: Clefable|78/100
|
|upkeep
|turn|13
|
|t:|1654096847
|move|p2a: Clefable|Cosmic Power|p2a: Clefable
|-boost|p2a: Clefable|def|0
|-boost|p2a: Clefable|spd|1
|move|p1a: Sylveon|Hyper Voice|p2a: Clefable
|-damage|p2a: Clefable|70/100
|
|upkeep
|turn|14
|
|t:|1654096849
|move|p2a: Clefable|Cosmic Power|p2a: Clefable
|-boost|p2a: Clefable|def|0
|-boost|p2a: Clefable|spd|1
|move|p1a: Sylveon|Hyper Voice|p2a: Clefable|[miss]
|-miss|p1a: Sylveon|p2a: Clefable
|
|upkeep
|turn|15
|inactive|Garchomp D'Ice has 90 seconds left.
|
|t:|1654096862
|move|p2a: Clefable|Baton Pass|p2a: Clefable
|
|t:|1654096865
|switch|p2a: Smeargle|Smeargle, M|100/100|[from]move: Baton Pass
|-damage|p2a: Smeargle|76/100|[from] Spikes
|-damage|p2a: Smeargle|63/100|[from] Stealth Rock
|move|p1a: Sylveon|Hyper Voice|p2a: Smeargle|[miss]
|-miss|p1a: Sylveon|p2a: Smeargle
|
|-ability|p2a: Smeargle|Moody|boost
|-boost|p2a: Smeargle|spa|2
|-unboost|p2a: Smeargle|spe|1
|upkeep
|turn|16
|
|t:|1654096873
|switch|p1a: Ferrothorn|Ferrothorn, M|100/100
|move|p2a: Smeargle|Spore|p1a: Ferrothorn
|-immune|p1a: Ferrothorn
|
|-ability|p2a: Smeargle|Moody|boost
|-boost|p2a: Smeargle|spa|2
|-unboost|p2a: Smeargle|atk|1
|upkeep
|turn|17
|
|t:|1654096883
|move|p2a: Smeargle|Ingrain|p2a: Smeargle
|-start|p2a: Smeargle|move: Ingrain
|move|p1a: Ferrothorn|Knock Off|p2a: Smeargle|[miss]
|-miss|p1a: Ferrothorn|p2a: Smeargle
|
|-heal|p2a: Smeargle|69/100|[from] Ingrain
|-ability|p2a: Smeargle|Moody|boost
|-boost|p2a: Smeargle|spa|2
|-unboost|p2a: Smeargle|def|1
|upkeep
|turn|18
|
|t:|1654096892
|move|p2a: Smeargle|Baton Pass|p2a: Smeargle
|
|t:|1654096894
|switch|p2a: Espeon|Espeon, M|100/100|[from]move: Baton Pass
|-damage|p2a: Espeon|76/100|[from] Spikes
|-damage|p2a: Espeon|63/100|[from] Stealth Rock
|move|p1a: Ferrothorn|Knock Off|p2a: Espeon|[miss]
|-miss|p1a: Ferrothorn|p2a: Espeon
|
|-heal|p2a: Espeon|69/100|[from] Ingrain
|upkeep
|turn|19
|
|t:|1654096903
|-zpower|p2a: Espeon
|move|p2a: Espeon|Z-Celebrate|p2a: Espeon|[anim]Celebrate
|-boost|p2a: Espeon|atk|1|[zeffect]
|-boost|p2a: Espeon|def|1|[zeffect]
|-boost|p2a: Espeon|spa|0
|-boost|p2a: Espeon|spd|0
|-boost|p2a: Espeon|spe|1|[zeffect]
|-activate|p2a: Espeon|move: Celebrate
|move|p1a: Ferrothorn|Knock Off|p2a: Espeon
|-supereffective|p2a: Espeon
|-end|p2a: Espeon|Substitute
|
|-heal|p2a: Espeon|75/100|[from] Ingrain
|upkeep
|turn|20
|inactive|Garchomp D'Ice has 120 seconds left.
|
|t:|1654096916
|move|p2a: Espeon|Substitute|p2a: Espeon
|-start|p2a: Espeon|Substitute
|-damage|p2a: Espeon|50/100
|move|p1a: Ferrothorn|Knock Off|p2a: Espeon|[miss]
|-miss|p1a: Ferrothorn|p2a: Espeon
|
|-heal|p2a: Espeon|56/100|[from] Ingrain
|upkeep
|turn|21
|inactive|Garchomp D'Ice has 120 seconds left.
|
|t:|1654096922
|move|p2a: Espeon|Baton Pass|p2a: Espeon
|
|t:|1654096924
|switch|p2a: Liepard|Liepard, M|100/100|[from]move: Baton Pass
|-damage|p2a: Liepard|76/100|[from] Spikes
|-damage|p2a: Liepard|63/100|[from] Stealth Rock
|move|p1a: Ferrothorn|Knock Off|p2a: Liepard|[miss]
|-miss|p1a: Ferrothorn|p2a: Liepard
|
|-heal|p2a: Liepard|69/100|[from] item: Leftovers
|-heal|p2a: Liepard|75/100|[from] Ingrain
|upkeep
|turn|22
|
|t:|1654096935
|switch|p1a: Clefable|Clefable, M|100/100
|move|p2a: Liepard|Taunt|p1a: Clefable
|-start|p1a: Clefable|move: Taunt
|
|-heal|p2a: Liepard|81/100|[from] item: Leftovers
|-heal|p2a: Liepard|88/100|[from] Ingrain
|upkeep
|turn|23
|
|t:|1654096944
|move|p2a: Liepard|Hone Claws|p2a: Liepard
|-boost|p2a: Liepard|atk|1
|-boost|p2a: Liepard|accuracy|1
|move|p1a: Clefable|Mystical Fire|p2a: Liepard
|-activate|p2a: Liepard|move: Substitute|[damage]
|
|-heal|p2a: Liepard|94/100|[from] item: Leftovers
|-heal|p2a: Liepard|99/100|[from] Ingrain
|upkeep
|turn|24
|
|t:|1654096954
|move|p2a: Liepard|Hone Claws|p2a: Liepard
|-boost|p2a: Liepard|atk|1
|-boost|p2a: Liepard|accuracy|1
|move|p1a: Clefable|Ice Beam|p2a: Liepard
|-activate|p2a: Liepard|move: Substitute|[damage]
|
|-heal|p2a: Liepard|100/100|[from] item: Leftovers
|-end|p1a: Clefable|move: Taunt
|upkeep
|turn|25
|
|t:|1654096958
|move|p2a: Liepard|Hone Claws|p2a: Liepard
|-boost|p2a: Liepard|atk|1
|-boost|p2a: Liepard|accuracy|1
|move|p1a: Clefable|Ice Beam|p2a: Liepard
|-end|p2a: Liepard|Substitute
|
|upkeep
|turn|26
|
|t:|1654096963
|move|p2a: Liepard|Substitute|p2a: Liepard
|-start|p2a: Liepard|Substitute
|-damage|p2a: Liepard|76/100
|move|p1a: Clefable|Mystical Fire|p2a: Liepard
|-crit|p2a: Liepard
|-end|p2a: Liepard|Substitute
|
|-heal|p2a: Liepard|82/100|[from] item: Leftovers
|-heal|p2a: Liepard|88/100|[from] Ingrain
|upkeep
|turn|27
|
|t:|1654096969
|move|p2a: Liepard|Substitute|p2a: Liepard
|-start|p2a: Liepard|Substitute
|-damage|p2a: Liepard|63/100
|move|p1a: Clefable|Mystical Fire|p2a: Liepard
|-crit|p2a: Liepard
|-end|p2a: Liepard|Substitute
|
|-heal|p2a: Liepard|69/100|[from] item: Leftovers
|-heal|p2a: Liepard|75/100|[from] Ingrain
|upkeep
|turn|28
|
|t:|1654096973
|move|p2a: Liepard|Substitute|p2a: Liepard
|-start|p2a: Liepard|Substitute
|-damage|p2a: Liepard|50/100
|move|p1a: Clefable|Mystical Fire|p2a: Liepard
|-crit|p2a: Liepard
|-end|p2a: Liepard|Substitute
|
|-heal|p2a: Liepard|56/100|[from] item: Leftovers
|-heal|p2a: Liepard|62/100|[from] Ingrain
|upkeep
|turn|29
|
|t:|1654096979
|move|p2a: Liepard|Substitute|p2a: Liepard
|-start|p2a: Liepard|Substitute
|-damage|p2a: Liepard|38/100
|move|p1a: Clefable|Mystical Fire|p2a: Liepard
|-activate|p2a: Liepard|move: Substitute|[damage]
|
|-heal|p2a: Liepard|44/100|[from] item: Leftovers
|-heal|p2a: Liepard|50/100|[from] Ingrain
|upkeep
|turn|30
|
|t:|1654096986
|move|p2a: Liepard|Hone Claws|p2a: Liepard
|-boost|p2a: Liepard|atk|1
|-boost|p2a: Liepard|accuracy|1
|move|p1a: Clefable|Mystical Fire|p2a: Liepard
|-activate|p2a: Liepard|move: Substitute|[damage]
|
|-heal|p2a: Liepard|56/100|[from] item: Leftovers
|-heal|p2a: Liepard|62/100|[from] Ingrain
|upkeep
|turn|31
|
|t:|1654096992
|move|p2a: Liepard|Hone Claws|p2a: Liepard
|-boost|p2a: Liepard|atk|1
|-boost|p2a: Liepard|accuracy|1
|move|p1a: Clefable|Mystical Fire|p2a: Liepard
|-activate|p2a: Liepard|move: Substitute|[damage]
|
|-heal|p2a: Liepard|68/100|[from] item: Leftovers
|-heal|p2a: Liepard|74/100|[from] Ingrain
|upkeep
|turn|32
|
|t:|1654096998
|move|p2a: Liepard|Hone Claws|p2a: Liepard
|-boost|p2a: Liepard|atk|1
|-boost|p2a: Liepard|accuracy|1
|move|p1a: Clefable|Mystical Fire|p2a: Liepard
|-end|p2a: Liepard|Substitute
|
|-heal|p2a: Liepard|80/100|[from] item: Leftovers
|-heal|p2a: Liepard|86/100|[from] Ingrain
|upkeep
|turn|33
|
|t:|1654097011
|move|p2a: Liepard|Substitute|p2a: Liepard
|-start|p2a: Liepard|Substitute
|-damage|p2a: Liepard|61/100
|move|p1a: Clefable|Mystical Fire|p2a: Liepard|[miss]
|-miss|p1a: Clefable|p2a: Liepard
|
|-heal|p2a: Liepard|67/100|[from] item: Leftovers
|-heal|p2a: Liepard|73/100|[from] Ingrain
|upkeep
|turn|34
|
|t:|1654097019
|move|p2a: Liepard|Baton Pass|p2a: Liepard
|
|t:|1654097021
|switch|p2a: Arceus|Arceus|100/100|[from]move: Baton Pass
|-damage|p2a: Arceus|76/100|[from] Spikes
|-damage|p2a: Arceus|63/100|[from] Stealth Rock
|move|p1a: Clefable|Mystical Fire|p2a: Arceus|[miss]
|-miss|p1a: Clefable|p2a: Arceus
|
|-heal|p2a: Arceus|69/100|[from] item: Leftovers
|-heal|p2a: Arceus|75/100|[from] Ingrain
|upkeep
|turn|35
|
|t:|1654097036
|move|p2a: Arceus|Extreme Speed|p1a: Clefable
|-damage|p1a: Clefable|0 fnt
|faint|p1a: Clefable
|
|-heal|p2a: Arceus|82/100|[from] item: Leftovers
|-heal|p2a: Arceus|88/100|[from] Ingrain
|upkeep
|
|t:|1654097046
|switch|p1a: Pyukumuku|Pyukumuku, F|100/100
|turn|36
|
|t:|1654097051
|move|p2a: Arceus|Bullet Seed|p1a: Pyukumuku
|-supereffective|p1a: Pyukumuku
|-damage|p1a: Pyukumuku|84/100
|-supereffective|p1a: Pyukumuku
|-damage|p1a: Pyukumuku|68/100
|-hitcount|p1a: Pyukumuku|2
|move|p1a: Pyukumuku|Counter|p2a: Arceus
|-end|p2a: Arceus|Substitute
|
|-heal|p2a: Arceus|94/100|[from] item: Leftovers
|-heal|p1a: Pyukumuku|74/100|[from] item: Leftovers
|-heal|p2a: Arceus|99/100|[from] Ingrain
|upkeep
|turn|37
|
|t:|1654097063
|move|p2a: Arceus|Substitute|p2a: Arceus
|-start|p2a: Arceus|Substitute
|-damage|p2a: Arceus|75/100
|move|p1a: Pyukumuku|Toxic||[still]
|-fail|p1a: Pyukumuku
|
|-heal|p2a: Arceus|81/100|[from] item: Leftovers
|-heal|p1a: Pyukumuku|80/100|[from] item: Leftovers
|-heal|p2a: Arceus|87/100|[from] Ingrain
|upkeep
|turn|38
|
|t:|1654097072
|move|p2a: Arceus|Extreme Speed|p1a: Pyukumuku
|-damage|p1a: Pyukumuku|43/100
|move|p1a: Pyukumuku|Counter|p2a: Arceus
|-end|p2a: Arceus|Substitute
|
|-heal|p2a: Arceus|93/100|[from] item: Leftovers
|-heal|p1a: Pyukumuku|49/100|[from] item: Leftovers
|-heal|p2a: Arceus|99/100|[from] Ingrain
|upkeep
|turn|39
|
|t:|1654097082
|move|p2a: Arceus|Substitute|p2a: Arceus
|-start|p2a: Arceus|Substitute
|-damage|p2a: Arceus|75/100
|move|p1a: Pyukumuku|Recover|p1a: Pyukumuku
|-heal|p1a: Pyukumuku|99/100
|
|-heal|p2a: Arceus|81/100|[from] item: Leftovers
|-heal|p1a: Pyukumuku|100/100|[from] item: Leftovers
|-heal|p2a: Arceus|87/100|[from] Ingrain
|upkeep
|turn|40
|
|t:|1654097093
|-end|p2a: Arceus|Substitute
|-start|p2a: Arceus|Dynamax|
|-heal|p2a: Arceus|87/100|[silent]
|move|p2a: Arceus|Max Overgrowth|p1a: Pyukumuku
|-supereffective|p1a: Pyukumuku
|-damage|p1a: Pyukumuku|24/100
|-fieldstart|move: Grassy Terrain
|move|p1a: Pyukumuku|Counter|p2a: Arceus
|-damage|p2a: Arceus|33/100
|
|-heal|p2a: Arceus|36/100|[from] Grassy Terrain
|-heal|p2a: Arceus|39/100|[from] item: Leftovers
|-heal|p1a: Pyukumuku|30/100|[from] Grassy Terrain
|-heal|p1a: Pyukumuku|36/100|[from] item: Leftovers
|-heal|p2a: Arceus|42/100|[from] Ingrain
|upkeep
|turn|41
|
|t:|1654097112
|switch|p1a: Ferrothorn|Ferrothorn, M|100/100
|move|p2a: Arceus|Max Overgrowth|p1a: Ferrothorn
|-resisted|p1a: Ferrothorn
|-damage|p1a: Ferrothorn|66/100
|
|-heal|p2a: Arceus|45/100|[from] Grassy Terrain
|-heal|p2a: Arceus|48/100|[from] item: Leftovers
|-heal|p1a: Ferrothorn|72/100|[from] Grassy Terrain
|-heal|p2a: Arceus|51/100|[from] Ingrain
|upkeep
|turn|42
|
|t:|1654097134
|move|p2a: Arceus|Max Quake|p1a: Ferrothorn
|-damage|p1a: Ferrothorn|0 fnt
|-boost|p2a: Arceus|spd|0
|faint|p1a: Ferrothorn
|
|-heal|p2a: Arceus|54/100|[from] Grassy Terrain
|-heal|p2a: Arceus|57/100|[from] item: Leftovers
|-heal|p2a: Arceus|60/100|[from] Ingrain
|upkeep
|
|t:|1654097145
|switch|p1a: Pyukumuku|Pyukumuku, F|36/100
|-end|p2a: Arceus|Dynamax
|-heal|p2a: Arceus|60/100|[silent]
|turn|43
|
|t:|1654097168
|move|p2a: Arceus|Bullet Seed|p1a: Pyukumuku
|-supereffective|p1a: Pyukumuku
|-damage|p1a: Pyukumuku|14/100
|-supereffective|p1a: Pyukumuku
|-damage|p1a: Pyukumuku|0 fnt
|faint|p1a: Pyukumuku
|-hitcount|p1: Pyukumuku|2
|
|-heal|p2a: Arceus|66/100|[from] Grassy Terrain
|-heal|p2a: Arceus|72/100|[from] item: Leftovers
|-heal|p2a: Arceus|78/100|[from] Ingrain
|upkeep
|inactive|Garchomp D'Ice has 120 seconds left.
|
|t:|1654097191
|switch|p1a: Slowbro|Slowbro, F|100/100
|turn|44
|inactive|Garchomp D'Ice has 120 seconds left.
|
|t:|1654097205
|-start|p1a: Slowbro|Dynamax|
|-heal|p1a: Slowbro|100/100|[silent]
|move|p2a: Arceus|Substitute|p2a: Arceus
|-start|p2a: Arceus|Substitute
|-damage|p2a: Arceus|54/100
|move|p1a: Slowbro|Max Mindstorm|p2a: Arceus
|-activate|p2a: Arceus|move: Substitute|[damage]
|-fieldstart|move: Psychic Terrain
|
|-heal|p2a: Arceus|60/100|[from] item: Leftovers
|-heal|p2a: Arceus|66/100|[from] Ingrain
|upkeep
|turn|45
|inactive|Garchomp D'Ice has 120 seconds left.
|
|t:|1654097215
|move|p2a: Arceus|Bullet Seed|p1a: Slowbro
|-supereffective|p1a: Slowbro
|-damage|p1a: Slowbro|78/100
|-supereffective|p1a: Slowbro
|-damage|p1a: Slowbro|57/100
|-supereffective|p1a: Slowbro
|-damage|p1a: Slowbro|35/100
|-hitcount|p1a: Slowbro|3
|move|p1a: Slowbro|Max Geyser|p2a: Arceus
|-activate|p2a: Arceus|move: Substitute|[damage]
|-weather|RainDance
|
|-weather|RainDance|[upkeep]
|-heal|p2a: Arceus|72/100|[from] item: Leftovers
|-heal|p2a: Arceus|78/100|[from] Ingrain
|upkeep
|turn|46
|inactive|Garchomp D'Ice has 120 seconds left.
|
|t:|1654097237
|move|p1a: Slowbro|Max Guard|p1a: Slowbro
|-singleturn|p1a: Slowbro|Max Guard
|move|p2a: Arceus|Bullet Seed|p1a: Slowbro
|-activate|p1a: Slowbro|move: Max Guard
|
|-weather|RainDance|[upkeep]
|-heal|p2a: Arceus|84/100|[from] item: Leftovers
|-heal|p2a: Arceus|90/100|[from] Ingrain
|upkeep
|-end|p1a: Slowbro|Dynamax
|-heal|p1a: Slowbro|35/100|[silent]
|turn|47
|c|☆Garchomp D'Ice|this is annoying
|c|☆Garchomp D'Ice|gonna time stall
|inactive|Garchomp D'Ice has 90 seconds left.
|inactive|Garchomp D'Ice has 60 seconds left.
|inactive|Garchomp D'Ice has 30 seconds left.
|inactive|Garchomp D'Ice has 20 seconds left.
|inactive|Garchomp D'Ice has 15 seconds left.
|inactive|Garchomp D'Ice has 10 seconds left.
|inactive|Garchomp D'Ice has 5 seconds left.
|-message|Garchomp D'Ice lost due to inactivity.
|
|win|dividing by 0
|raw|Garchomp D&apos;Ice's rating: 1503 &rarr; <strong>1490</strong><br />(-13 for losing)
|raw|dividing by 0's rating: 1638 &rarr; <strong>1651</strong><br />(+13 for winning)
||Ladder isn't responding, score probably updated but might not have (Request timeout).
|c|☆Garchomp D'Ice|oh great a bot
|c|☆Garchomp D'Ice|!report
|error|This command cannot be broadcast in battles.
