|j|☆Eby Sobak
|j|☆dexagon
|t:|1643829457
|gametype|singles
|player|p1|Eby Sobak|unknownf|1521
|player|p2|dexagon|fisherman|1424
|teamsize|p1|6
|teamsize|p2|6
|gen|8
|tier|[Gen 8] National Dex AG
|rated|
|rule|HP Percentage Mod: HP is shown in percentages
|rule|Endless Battle Clause: Forcing endless battles is banned
|clearpoke
|poke|p1|Zacian-*|
|poke|p1|Marshadow|
|poke|p1|Arceus-*|
|poke|p1|Arceus-*|
|poke|p1|Rayquaza|
|poke|p1|Groudon|
|poke|p2|Diancie|
|poke|p2|Muk-Alola, F|
|poke|p2|Groudon|
|poke|p2|Yveltal|
|poke|p2|Chansey, F|
|poke|p2|Calyrex-Shadow|
|teampreview
|inactive|Battle timer is ON: inactive players will automatically lose when time's up. (requested by Eby Sobak)
|
|t:|1643829464
|start
|switch|p1a: Groudon|Groudon|100/100
|switch|p2a: Yveltal|Yveltal|100/100
|-ability|p2a: Yveltal|Dark Aura
|detailschange|p1a: Groudon|Groudon-Primal
|-primal|p1a: Groudon
|-weather|DesolateLand|[from] ability: Desolate Land|[of] p1a: Groudon
|turn|1
|
|t:|1643829473
|-weather|none
|switch|p1a: Arceus|Arceus-Dark|100/100
|move|p2a: Yveltal|Dark Pulse|p1a: Arceus
|-resisted|p1a: Arceus
|-damage|p1a: Arceus|86/100
|
|upkeep
|turn|2
|
|t:|1643829480
|switch|p2a: Diancie|Diancie|100/100
|move|p1a: Arceus|Toxic|p2a: Diancie
|-status|p2a: Diancie|tox
|
|-damage|p2a: Diancie|94/100 tox|[from] psn
|upkeep
|turn|3
|
|t:|1643829490
|switch|p1a: Groudon|Groudon-Primal|100/100
|-weather|DesolateLand|[from] ability: Desolate Land|[of] p1a: Groudon
|detailschange|p2a: Diancie|Diancie-Mega
|-mega|p2a: Diancie|Diancie|Diancite
|move|p2a: Diancie|Earth Power|p1a: Groudon
|-supereffective|p1a: Groudon
|-crit|p1a: Groudon
|-damage|p1a: Groudon|6/100
|
|-weather|DesolateLand|[upkeep]
|-damage|p2a: Diancie|82/100 tox|[from] psn
|upkeep
|turn|4
|
|t:|1643829500
|move|p2a: Diancie|Moonblast|p1a: Groudon
|-resisted|p1a: Groudon
|-damage|p1a: Groudon|0 fnt
|faint|p1a: Groudon
|-weather|none
|
|-damage|p2a: Diancie|63/100 tox|[from] psn
|upkeep
|
|t:|1643829504
|switch|p1a: Zacian|Zacian-Crowned|100/100
|-ability|p1a: Zacian|Intrepid Sword|boost
|-boost|p1a: Zacian|atk|1
|turn|5
|
|t:|1643829508
|switch|p2a: Groudon|Groudon|100/100
|detailschange|p2a: Groudon|Groudon-Primal
|-primal|p2a: Groudon
|-weather|DesolateLand|[from] ability: Desolate Land|[of] p2a: Groudon
|move|p1a: Zacian|Behemoth Blade|p2a: Groudon
|-resisted|p2a: Groudon
|-damage|p2a: Groudon|75/100
|
|-weather|DesolateLand|[upkeep]
|upkeep
|turn|6
|
|t:|1643829512
|switch|p1a: Rayquaza|Rayquaza|100/100
|-ability|p1a: Rayquaza|Air Lock
|-weather|none
|switch|p2a: Diancie|Diancie-Mega|63/100 tox
|
|-damage|p2a: Diancie|57/100 tox|[from] psn
|upkeep
|turn|7
|
|t:|1643829523
|switch|p1a: Arceus|Arceus-Dark|86/100
|move|p2a: Diancie|Moonblast|p1a: Arceus
|-supereffective|p1a: Arceus
|-damage|p1a: Arceus|30/100
|-unboost|p1a: Arceus|spa|1
|
|-damage|p2a: Diancie|44/100 tox|[from] psn
|upkeep
|turn|8
|
|t:|1643829531
|move|p2a: Diancie|Moonblast|p1a: Arceus
|-supereffective|p1a: Arceus
|-damage|p1a: Arceus|0 fnt
|faint|p1a: Arceus
|
|-damage|p2a: Diancie|26/100 tox|[from] psn
|upkeep
|
|t:|1643829536
|switch|p1a: Zacian|Zacian-Crowned|100/100
|-ability|p1a: Zacian|Intrepid Sword|boost
|-boost|p1a: Zacian|atk|1
|turn|9
|
|t:|1643829540
|move|p1a: Zacian|Close Combat|p2a: Diancie
|-damage|p2a: Diancie|0 fnt
|-unboost|p1a: Zacian|def|1
|-unboost|p1a: Zacian|spd|1
|faint|p2a: Diancie
|
|upkeep
|
|t:|1643829546
|switch|p2a: Yveltal|Yveltal|100/100
|-ability|p2a: Yveltal|Dark Aura
|turn|10
|
|t:|1643829552
|-start|p2a: Yveltal|Dynamax
|-heal|p2a: Yveltal|100/100|[silent]
|move|p1a: Zacian|Play Rough|p2a: Yveltal
|-supereffective|p2a: Yveltal
|-damage|p2a: Yveltal|27/100
|-unboost|p2a: Yveltal|atk|1
|move|p2a: Yveltal|Max Airstream|p1a: Zacian
|-resisted|p1a: Zacian
|-damage|p1a: Zacian|56/100
|-boost|p2a: Yveltal|spe|1
|
|upkeep
|turn|11
|
|t:|1643829559
|switch|p1a: Arceus|Arceus-Electric|100/100
|move|p2a: Yveltal|Max Flare|p1a: Arceus
|-damage|p1a: Arceus|72/100
|-weather|SunnyDay
|
|-weather|SunnyDay|[upkeep]
|upkeep
|turn|12
|
|t:|1643829564
|-start|p1a: Arceus|Dynamax
|-heal|p1a: Arceus|72/100|[silent]
|move|p2a: Yveltal|Max Darkness|p1a: Arceus
|-damage|p1a: Arceus|45/100
|-unboost|p1a: Arceus|spd|1
|move|p1a: Arceus|Max Lightning|p2a: Yveltal
|-supereffective|p2a: Yveltal
|-damage|p2a: Yveltal|0 fnt
|-fieldstart|move: Electric Terrain
|faint|p2a: Yveltal
|
|-weather|SunnyDay|[upkeep]
|upkeep
|
|t:|1643829573
|switch|p2a: Groudon|Groudon-Primal|75/100
|-weather|DesolateLand|[from] ability: Desolate Land|[of] p2a: Groudon
|turn|13
|
|t:|1643829577
|move|p1a: Arceus|Max Guard|p1a: Arceus
|-singleturn|p1a: Arceus|Max Guard
|move|p2a: Groudon|Stealth Rock|p1a: Arceus
|-sidestart|p1: Eby Sobak|move: Stealth Rock
|
|-weather|DesolateLand|[upkeep]
|upkeep
|turn|14
|
|t:|1643829583
|move|p1a: Arceus|Max Guard||[still]
|-fail|p1a: Arceus
|move|p2a: Groudon|Earthquake|p1a: Arceus
|-supereffective|p1a: Arceus
|-damage|p1a: Arceus|14/100
|
|-weather|DesolateLand|[upkeep]
|-end|p1a: Arceus|Dynamax
|-heal|p1a: Arceus|14/100|[silent]
|upkeep
|turn|15
|
|t:|1643829592
|switch|p1a: Rayquaza|Rayquaza|100/100
|-damage|p1a: Rayquaza|76/100|[from] Stealth Rock
|-ability|p1a: Rayquaza|Air Lock
|-weather|none
|switch|p2a: Chansey|Chansey, F|100/100
|
|upkeep
|turn|16
|
|t:|1643829598
|detailschange|p1a: Rayquaza|Rayquaza-Mega
|-mega|p1a: Rayquaza|Rayquaza|
|-weather|DeltaStream|[from] ability: Delta Stream|[of] p1a: Rayquaza
|move|p1a: Rayquaza|Dragon Ascent|p2a: Chansey
|-damage|p2a: Chansey|23/100
|-unboost|p1a: Rayquaza|def|1
|-unboost|p1a: Rayquaza|spd|1
|-damage|p1a: Rayquaza|66/100|[from] item: Life Orb
|move|p2a: Chansey|Toxic|p1a: Rayquaza
|-status|p1a: Rayquaza|tox
|
|-weather|DeltaStream|[upkeep]
|-damage|p1a: Rayquaza|60/100 tox|[from] psn
|-fieldend|move: Electric Terrain
|upkeep
|turn|17
|
|t:|1643829610
|move|p1a: Rayquaza|Dragon Ascent|p2a: Chansey
|-damage|p2a: Chansey|0 fnt
|-unboost|p1a: Rayquaza|def|1
|-unboost|p1a: Rayquaza|spd|1
|faint|p2a: Chansey
|-damage|p1a: Rayquaza|50/100 tox|[from] item: Life Orb
|
|-weather|DeltaStream|[upkeep]
|-damage|p1a: Rayquaza|38/100 tox|[from] psn
|upkeep
|
|t:|1643829613
|switch|p2a: Calyrex|Calyrex-Shadow|100/100
|-ability|p2a: Calyrex|As One
|-ability|p2a: Calyrex|Unnerve
|turn|18
|c|☆dexagon|gg
|
|t:|1643829618
|-weather|none
|switch|p1a: Arceus|Arceus-Electric|14/100
|-damage|p1a: Arceus|2/100|[from] Stealth Rock
|move|p2a: Calyrex|Astral Barrage|p1a: Arceus
|-damage|p1a: Arceus|0 fnt
|faint|p1a: Arceus
|-ability|p2a: Calyrex|Grim Neigh|boost
|-boost|p2a: Calyrex|spa|1
|
|upkeep
|
|t:|1643829623
|switch|p1a: Marshadow|Marshadow|100/100
|-damage|p1a: Marshadow|94/100|[from] Stealth Rock
|turn|19
|
|t:|1643829626
|move|p1a: Marshadow|Shadow Sneak|p2a: Calyrex
|-supereffective|p2a: Calyrex
|-enditem|p2a: Calyrex|Focus Sash
|-damage|p2a: Calyrex|1/100
|move|p2a: Calyrex|Astral Barrage|p1a: Marshadow
|-supereffective|p1a: Marshadow
|-damage|p1a: Marshadow|0 fnt
|faint|p1a: Marshadow
|-ability|p2a: Calyrex|Grim Neigh|boost
|-boost|p2a: Calyrex|spa|1
|
|upkeep
|-message|Eby Sobak forfeited.
|
|win|dexagon
|raw|Eby Sobak's rating: 1521 &rarr; <strong>1496</strong><br />(-25 for losing)
|raw|dexagon's rating: 1424 &rarr; <strong>1449</strong><br />(+25 for winning)
|l|☆Eby Sobak
||Ladder isn't responding, score probably updated but might not have (Request timeout).
