|j|☆Buck is Stallish
|j|☆Nobodi_Nowan
|t:|1668258556
|gametype|singles
|player|p1|Buck is Stallish|169|2010
|player|p2|Nobodi_Nowan|akari|1907
|teamsize|p1|6
|teamsize|p2|6
|gen|8
|tier|[Gen 8] National Dex AG
|rated|
|rule|HP Percentage Mod: HP is shown in percentages
|rule|Endless Battle Clause: Forcing endless battles is banned
|clearpoke
|poke|p1|Ho-Oh|
|poke|p1|Zygarde|
|poke|p1|Necrozma-Dusk-Mane|
|poke|p1|Yveltal|
|poke|p1|Chansey, F|
|poke|p1|Arceus-*|
|poke|p2|Forretress, M|
|poke|p2|Arceus-*|
|poke|p2|Kyogre|
|poke|p2|Calyrex-Shadow|
|poke|p2|Zacian-*|
|poke|p2|Rayquaza|
|teampreview
|inactive|Battle timer is ON: inactive players will automatically lose when time's up. (requested by Buck is Stallish)
|c|☆Nobodi_Nowan|hi
|
|t:|1668258584
|start
|switch|p1a: Bipolar Degenerate|Chansey, F|100/100
|switch|p2a: Arceus|Arceus|100/100
|turn|1
|
|t:|1668258588
|switch|p1a: Dragon Guardian|Zygarde|100/100
|move|p2a: Arceus|Swords Dance|p2a: Arceus
|-boost|p2a: Arceus|atk|2
|
|upkeep
|turn|2
|
|t:|1668258596
|move|p2a: Arceus|Extreme Speed|p1a: Dragon Guardian
|-damage|p1a: Dragon Guardian|54/100
|move|p1a: Dragon Guardian|Haze|p1a: Dragon Guardian
|-clearallboost
|
|upkeep
|turn|3
|
|t:|1668258602
|move|p2a: Arceus|Swords Dance|p2a: Arceus
|-boost|p2a: Arceus|atk|2
|move|p1a: Dragon Guardian|Glare|p2a: Arceus
|-status|p2a: Arceus|par
|-enditem|p2a: Arceus|Lum Berry|[eat]
|-curestatus|p2a: Arceus|par|[msg]
|
|upkeep
|turn|4
|
|t:|1668258614
|-start|p2a: Arceus|Dynamax|
|-heal|p2a: Arceus|100/100|[silent]
|move|p2a: Arceus|Max Strike|p1a: Dragon Guardian
|-damage|p1a: Dragon Guardian|0 fnt
|faint|p1a: Dragon Guardian
|
|upkeep
|
|t:|1668258629
|switch|p1a: Brighteous Hope|Arceus-Fairy|100/100
|turn|5
|
|t:|1668258635
|-end|p2a: Arceus|Dynamax
|-heal|p2a: Arceus|100/100|[silent]
|switch|p2a: Kyogre|Kyogre|100/100
|detailschange|p2a: Kyogre|Kyogre-Primal
|-primal|p2a: Kyogre
|-weather|PrimordialSea|[from] ability: Primordial Sea|[of] p2a: Kyogre
|move|p1a: Brighteous Hope|Will-O-Wisp|p2a: Kyogre
|-status|p2a: Kyogre|brn
|
|-weather|PrimordialSea|[upkeep]
|-damage|p2a: Kyogre|94/100 brn|[from] brn
|upkeep
|turn|6
|
|t:|1668258648
|-weather|none
|switch|p2a: Forretress|Forretress, M|100/100
|switch|p1a: Bipolar Degenerate|Chansey, F|100/100
|
|upkeep
|turn|7
|
|t:|1668258654
|switch|p1a: Phoenix Emperor|Ho-Oh|100/100
|move|p2a: Forretress|Toxic|p1a: Phoenix Emperor
|-status|p1a: Phoenix Emperor|tox
|
|-damage|p1a: Phoenix Emperor|94/100 tox|[from] psn
|upkeep
|turn|8
|
|t:|1668258660
|move|p1a: Phoenix Emperor|Sacred Fire|p2a: Forretress
|-supereffective|p2a: Forretress
|-ability|p2a: Forretress|Sturdy
|-damage|p2a: Forretress|1/100
|-status|p2a: Forretress|brn
|move|p2a: Forretress|Stealth Rock|p1a: Phoenix Emperor
|-sidestart|p1: Buck is Stallish|move: Stealth Rock
|
|-heal|p2a: Forretress|7/100 brn|[from] item: Leftovers
|-damage|p1a: Phoenix Emperor|82/100 tox|[from] psn
|-damage|p2a: Forretress|1/100 brn|[from] brn
|upkeep
|turn|9
|
|t:|1668258671
|switch|p1a: Solar Mountain|Necrozma-Dusk-Mane|100/100
|-damage|p1a: Solar Mountain|94/100|[from] Stealth Rock
|move|p2a: Forretress|Stealth Rock||[still]
|-fail|p2a: Forretress
|
|-heal|p2a: Forretress|7/100 brn|[from] item: Leftovers
|-damage|p2a: Forretress|1/100 brn|[from] brn
|upkeep
|turn|10
|
|t:|1668258680
|switch|p2a: Kyogre|Kyogre-Primal|94/100 brn
|-weather|PrimordialSea|[from] ability: Primordial Sea|[of] p2a: Kyogre
|move|p1a: Solar Mountain|Stealth Rock|p2a: Kyogre
|-sidestart|p2: Nobodi_Nowan|move: Stealth Rock
|
|-weather|PrimordialSea|[upkeep]
|-damage|p2a: Kyogre|88/100 brn|[from] brn
|upkeep
|turn|11
|
|t:|1668258692
|-weather|none
|switch|p2a: Zacian|Zacian-Crowned, shiny|100/100
|-damage|p2a: Zacian|94/100|[from] Stealth Rock
|-ability|p2a: Zacian|Intrepid Sword|boost
|-boost|p2a: Zacian|atk|1
|switch|p1a: Bipolar Degenerate|Chansey, F|100/100
|-damage|p1a: Bipolar Degenerate|88/100|[from] Stealth Rock
|
|upkeep
|turn|12
|
|t:|1668258701
|switch|p1a: Solar Mountain|Necrozma-Dusk-Mane|94/100
|-damage|p1a: Solar Mountain|88/100|[from] Stealth Rock
|move|p2a: Zacian|Close Combat|p1a: Solar Mountain
|-damage|p1a: Solar Mountain|45/100
|-unboost|p2a: Zacian|def|1
|-unboost|p2a: Zacian|spd|1
|-damage|p2a: Zacian|78/100|[from] item: Rocky Helmet|[of] p1a: Solar Mountain
|
|upkeep
|turn|13
|
|t:|1668258710
|switch|p2a: Kyogre|Kyogre-Primal|88/100 brn
|-damage|p2a: Kyogre|76/100 brn|[from] Stealth Rock
|-weather|PrimordialSea|[from] ability: Primordial Sea|[of] p2a: Kyogre
|move|p1a: Solar Mountain|Morning Sun|p1a: Solar Mountain
|-heal|p1a: Solar Mountain|70/100
|
|-weather|PrimordialSea|[upkeep]
|-damage|p2a: Kyogre|70/100 brn|[from] brn
|upkeep
|turn|14
|
|t:|1668258719
|switch|p1a: Bipolar Degenerate|Chansey, F|88/100
|-damage|p1a: Bipolar Degenerate|76/100|[from] Stealth Rock
|move|p2a: Kyogre|Water Spout|p1a: Bipolar Degenerate
|-crit|p1a: Bipolar Degenerate
|-damage|p1a: Bipolar Degenerate|35/100
|
|-weather|PrimordialSea|[upkeep]
|-damage|p2a: Kyogre|64/100 brn|[from] brn
|upkeep
|turn|15
|
|t:|1668258727
|move|p2a: Kyogre|Thunder|p1a: Bipolar Degenerate
|-damage|p1a: Bipolar Degenerate|24/100
|move|p1a: Bipolar Degenerate|Soft-Boiled|p1a: Bipolar Degenerate
|-heal|p1a: Bipolar Degenerate|74/100
|
|-weather|PrimordialSea|[upkeep]
|-damage|p2a: Kyogre|57/100 brn|[from] brn
|upkeep
|turn|16
|
|t:|1668258734
|-weather|none
|switch|p2a: Zacian|Zacian-Crowned, shiny|78/100
|-damage|p2a: Zacian|72/100|[from] Stealth Rock
|-ability|p2a: Zacian|Intrepid Sword|boost
|-boost|p2a: Zacian|atk|1
|move|p1a: Bipolar Degenerate|Seismic Toss|p2a: Zacian
|-damage|p2a: Zacian|41/100
|
|upkeep
|turn|17
|
|t:|1668258742
|switch|p1a: Solar Mountain|Necrozma-Dusk-Mane|70/100
|-damage|p1a: Solar Mountain|64/100|[from] Stealth Rock
|move|p2a: Zacian|Wild Charge|p1a: Solar Mountain
|-damage|p1a: Solar Mountain|35/100
|-damage|p2a: Zacian|24/100|[from] item: Rocky Helmet|[of] p1a: Solar Mountain
|-damage|p2a: Zacian|15/100|[from] Recoil
|
|upkeep
|turn|18
|c|☆Buck is Stallish|Yes
|
|t:|1668258757
|move|p2a: Zacian|Close Combat|p1a: Solar Mountain
|-damage|p1a: Solar Mountain|0 fnt
|-unboost|p2a: Zacian|def|1
|-unboost|p2a: Zacian|spd|1
|-damage|p2a: Zacian|0 fnt|[from] item: Rocky Helmet|[of] p1a: Solar Mountain
|faint|p1a: Solar Mountain
|faint|p2a: Zacian
|
|upkeep
|
|t:|1668258772
|switch|p2a: Arceus|Arceus|100/100
|switch|p1a: Raven of Death|Yveltal|100/100
|-damage|p2a: Arceus|88/100|[from] Stealth Rock
|-ability|p1a: Raven of Death|Dark Aura
|turn|19
|
|t:|1668258778
|move|p2a: Arceus|Recover|p2a: Arceus
|-heal|p2a: Arceus|100/100
|move|p1a: Raven of Death|Foul Play|p2a: Arceus
|-damage|p2a: Arceus|57/100
|
|upkeep
|turn|20
|
|t:|1668258783
|move|p2a: Arceus|Recover|p2a: Arceus
|-heal|p2a: Arceus|100/100
|move|p1a: Raven of Death|Toxic|p2a: Arceus
|-status|p2a: Arceus|tox
|
|-damage|p2a: Arceus|94/100 tox|[from] psn
|upkeep
|turn|21
|-message|Nobodi_Nowan forfeited.
|
|win|Buck is Stallish
|raw|Buck is Stallish's rating: 2010 &rarr; <strong>2024</strong><br />(+14 for winning)
|raw|Nobodi_Nowan's rating: 1907 &rarr; <strong>1893</strong><br />(-14 for losing)
|l|☆Nobodi_Nowan
||Ladder isn't responding, score probably updated but might not have (Request timeout).
