|j|☆Black_12021212
|j|☆xLeonisx
|t:|1658889036
|gametype|singles
|player|p1|Black_12021212|brock|1522
|player|p2|xLeonisx|170|1597
|teamsize|p1|6
|teamsize|p2|6
|gen|8
|tier|[Gen 8] National Dex AG
|rated|
|rule|HP Percentage Mod: HP is shown in percentages
|rule|Endless Battle Clause: Forcing endless battles is banned
|clearpoke
|poke|p1|Ferrothorn, F|
|poke|p1|Necrozma-Dusk-Mane|
|poke|p1|Zacian-*|
|poke|p1|Arceus-*|
|poke|p1|Yveltal|
|poke|p1|Rayquaza|
|poke|p2|Deoxys-Speed|
|poke|p2|Ditto|
|poke|p2|Kyogre|
|poke|p2|Calyrex-Shadow|
|poke|p2|Lugia|
|poke|p2|Zacian-*|
|teampreview
|inactive|Battle timer is ON: inactive players will automatically lose when time's up. (requested by Black_12021212)
|
|t:|1658889048
|start
|switch|p1a: Yveltal|Yveltal|100/100
|switch|p2a: Kyogre|Kyogre|100/100
|-ability|p1a: Yveltal|Dark Aura
|detailschange|p2a: Kyogre|Kyogre-Primal
|-primal|p2a: Kyogre
|-weather|PrimordialSea|[from] ability: Primordial Sea|[of] p2a: Kyogre
|turn|1
|j| MeloMeloMeloetta
|
|t:|1658889059
|switch|p1a: Ferrothorn|Ferrothorn, F|100/100
|move|p2a: Kyogre|Thunder|p1a: Ferrothorn
|-resisted|p1a: Ferrothorn
|-damage|p1a: Ferrothorn|86/100
|
|-weather|PrimordialSea|[upkeep]
|-heal|p1a: Ferrothorn|92/100|[from] item: Leftovers
|upkeep
|turn|2
|
|t:|1658889066
|-weather|none
|switch|p2a: Zacian|Zacian-Crowned|100/100
|-ability|p2a: Zacian|Intrepid Sword|boost
|-boost|p2a: Zacian|atk|1
|move|p1a: Ferrothorn|Leech Seed|p2a: Zacian
|-start|p2a: Zacian|move: Leech Seed
|
|-heal|p1a: Ferrothorn|99/100|[from] item: Leftovers
|-damage|p2a: Zacian|88/100|[from] Leech Seed|[of] p1a: Ferrothorn
|-heal|p1a: Ferrothorn|100/100|[silent]
|upkeep
|turn|3
|
|t:|1658889079
|switch|p1a: Arceus|Arceus-Fairy|100/100
|move|p2a: Zacian|Swords Dance|p2a: Zacian
|-boost|p2a: Zacian|atk|2
|
|-damage|p2a: Zacian|76/100|[from] Leech Seed|[of] p1a: Arceus
|upkeep
|turn|4
|
|t:|1658889089
|move|p2a: Zacian|Behemoth Blade|p1a: Arceus
|-supereffective|p1a: Arceus
|-damage|p1a: Arceus|0 fnt
|faint|p1a: Arceus
|
|upkeep
|
|t:|1658889094
|switch|p1a: Necrozma|Necrozma-Dusk-Mane|100/100
|turn|5
|
|t:|1658889098
|move|p2a: Zacian|Close Combat|p1a: Necrozma
|-damage|p1a: Necrozma|37/100
|-unboost|p2a: Zacian|def|1
|-unboost|p2a: Zacian|spd|1
|-damage|p2a: Zacian|59/100|[from] item: Rocky Helmet|[of] p1a: Necrozma
|move|p1a: Necrozma|Thunder Wave|p2a: Zacian
|-status|p2a: Zacian|par
|
|-damage|p2a: Zacian|47/100 par|[from] Leech Seed|[of] p1a: Necrozma
|-heal|p1a: Necrozma|47/100|[silent]
|upkeep
|turn|6
|
|t:|1658889109
|move|p2a: Zacian|Close Combat|p1a: Necrozma
|-damage|p1a: Necrozma|0 fnt
|-unboost|p2a: Zacian|def|1
|-unboost|p2a: Zacian|spd|1
|-damage|p2a: Zacian|30/100 par|[from] item: Rocky Helmet|[of] p1a: Necrozma
|faint|p1a: Necrozma
|
|upkeep
|
|t:|1658889116
|switch|p1a: Zacian|Zacian-Crowned|100/100
|-ability|p1a: Zacian|Intrepid Sword|boost
|-boost|p1a: Zacian|atk|1
|turn|7
|
|t:|1658889124
|move|p1a: Zacian|Substitute|p1a: Zacian
|-start|p1a: Zacian|Substitute
|-damage|p1a: Zacian|76/100
|move|p2a: Zacian|Behemoth Blade|p1a: Zacian
|-end|p1a: Zacian|Substitute
|
|-damage|p2a: Zacian|18/100 par|[from] Leech Seed|[of] p1a: Zacian
|-heal|p1a: Zacian|88/100|[silent]
|upkeep
|turn|8
|
|t:|1658889131
|switch|p2a: Ditto|Ditto|100/100
|-transform|p2a: Ditto|p1a: Zacian|[from] ability: Imposter
|-ability|p2a: Ditto|Intrepid Sword|boost
|-boost|p2a: Ditto|atk|1
|move|p1a: Zacian|Substitute|p1a: Zacian
|-start|p1a: Zacian|Substitute
|-damage|p1a: Zacian|63/100
|
|upkeep
|turn|9
|
|t:|1658889140
|move|p2a: Ditto|Behemoth Blade|p1a: Zacian
|-end|p1a: Zacian|Substitute
|move|p1a: Zacian|Behemoth Blade|p2a: Ditto
|-damage|p2a: Ditto|10/100
|
|upkeep
|turn|10
|
|t:|1658889147
|move|p2a: Ditto|Behemoth Blade|p1a: Zacian
|-damage|p1a: Zacian|0 fnt
|faint|p1a: Zacian
|
|upkeep
|
|t:|1658889170
|switch|p1a: Yveltal|Yveltal|100/100
|-ability|p1a: Yveltal|Dark Aura
|turn|11
|
|t:|1658889175
|move|p1a: Yveltal|Sucker Punch|p2a: Ditto
|-resisted|p2a: Ditto
|-damage|p2a: Ditto|0 fnt
|faint|p2a: Ditto
|
|upkeep
|
|t:|1658889177
|switch|p2a: Deoxys|Deoxys-Speed|100/100
|-ability|p2a: Deoxys|Pressure
|turn|12
|
|t:|1658889187
|move|p2a: Deoxys|Thunder Wave|p1a: Yveltal
|-status|p1a: Yveltal|par
|cant|p1a: Yveltal|par
|
|upkeep
|turn|13
|
|t:|1658889192
|move|p2a: Deoxys|Stealth Rock|p1a: Yveltal
|-sidestart|p1: Black_12021212|move: Stealth Rock
|move|p1a: Yveltal|U-turn|p2a: Deoxys
|-supereffective|p2a: Deoxys
|-damage|p2a: Deoxys|39/100
|
|t:|1658889196
|switch|p1a: Rayquaza|Rayquaza|100/100|[from]move: U-turn
|-damage|p1a: Rayquaza|76/100|[from] Stealth Rock
|-ability|p1a: Rayquaza|Air Lock
|
|upkeep
|turn|14
|
|t:|1658889202
|switch|p2a: Calyrex|Calyrex-Shadow|100/100
|-ability|p2a: Calyrex|As One
|-ability|p2a: Calyrex|Unnerve
|move|p1a: Rayquaza|Extreme Speed|p2a: Calyrex
|-immune|p2a: Calyrex
|
|upkeep
|turn|15
|
|t:|1658889211
|switch|p1a: Yveltal|Yveltal|100/100 par
|-ability|p1a: Yveltal|Dark Aura
|-start|p2a: Calyrex|Dynamax|
|-heal|p2a: Calyrex|100/100|[silent]
|move|p2a: Calyrex|Max Starfall|p1a: Yveltal
|-supereffective|p1a: Yveltal
|-damage|p1a: Yveltal|52/100 par
|-fieldstart|move: Misty Terrain
|
|upkeep
|turn|16
|
|t:|1658889222
|-start|p1a: Yveltal|Dynamax|
|-heal|p1a: Yveltal|52/100 par|[silent]
|move|p1a: Yveltal|Max Guard|p1a: Yveltal
|-singleturn|p1a: Yveltal|Max Guard
|move|p2a: Calyrex|Max Starfall|p1a: Yveltal
|-activate|p1a: Yveltal|move: Max Guard
|
|upkeep
|turn|17
|
|t:|1658889229
|move|p2a: Calyrex|Max Starfall|p1a: Yveltal
|-supereffective|p1a: Yveltal
|-damage|p1a: Yveltal|30/100 par
|move|p1a: Yveltal|Max Darkness|p2a: Calyrex
|-supereffective|p2a: Calyrex
|-damage|p2a: Calyrex|0 fnt
|faint|p2a: Calyrex
|
|upkeep
|
|t:|1658889232
|switch|p2a: Zacian|Zacian-Crowned|18/100 par
|-ability|p2a: Zacian|Intrepid Sword|boost
|-boost|p2a: Zacian|atk|1
|turn|18
|
|t:|1658889245
|move|p1a: Yveltal|Max Guard|p1a: Yveltal
|-singleturn|p1a: Yveltal|Max Guard
|move|p2a: Zacian|Behemoth Blade|p1a: Yveltal
|-activate|p1a: Yveltal|move: Max Guard
|
|upkeep
|-end|p1a: Yveltal|Dynamax
|-heal|p1a: Yveltal|30/100 par|[silent]
|turn|19
|
|t:|1658889252
|switch|p2a: Kyogre|Kyogre-Primal|100/100
|-weather|PrimordialSea|[from] ability: Primordial Sea|[of] p2a: Kyogre
|move|p1a: Yveltal|Sucker Punch||[still]
|-fail|p1a: Yveltal
|
|-weather|PrimordialSea|[upkeep]
|-fieldend|Misty Terrain
|upkeep
|turn|20
|
|t:|1658889258
|move|p2a: Kyogre|Thunder|p1a: Yveltal
|-supereffective|p1a: Yveltal
|-damage|p1a: Yveltal|0 fnt
|faint|p1a: Yveltal
|
|-weather|PrimordialSea|[upkeep]
|upkeep
|
|t:|1658889263
|switch|p1a: Ferrothorn|Ferrothorn, F|100/100
|-damage|p1a: Ferrothorn|94/100|[from] Stealth Rock
|turn|21
|
|t:|1658889273
|-weather|none
|switch|p2a: Deoxys|Deoxys-Speed|39/100
|-ability|p2a: Deoxys|Pressure
|move|p1a: Ferrothorn|Leech Seed|p2a: Deoxys
|-start|p2a: Deoxys|move: Leech Seed
|
|-heal|p1a: Ferrothorn|100/100|[from] item: Leftovers
|-damage|p2a: Deoxys|27/100|[from] Leech Seed|[of] p1a: Ferrothorn
|upkeep
|turn|22
|
|t:|1658889295
|move|p1a: Ferrothorn|Protect|p1a: Ferrothorn
|-singleturn|p1a: Ferrothorn|Protect
|move|p2a: Deoxys|Thunder Wave|p1a: Ferrothorn
|-activate|p1a: Ferrothorn|move: Protect
|
|-damage|p2a: Deoxys|15/100|[from] Leech Seed|[of] p1a: Ferrothorn
|upkeep
|turn|23
|
|t:|1658889301
|move|p2a: Deoxys|Thunder Wave|p1a: Ferrothorn
|-status|p1a: Ferrothorn|par
|move|p1a: Ferrothorn|Spikes|p2a: Deoxys
|-sidestart|p2: xLeonisx|Spikes
|
|-damage|p2a: Deoxys|2/100|[from] Leech Seed|[of] p1a: Ferrothorn
|upkeep
|turn|24
|
|t:|1658889310
|move|p1a: Ferrothorn|Protect|p1a: Ferrothorn
|-singleturn|p1a: Ferrothorn|Protect
|move|p2a: Deoxys|Knock Off|p1a: Ferrothorn
|-activate|p1a: Ferrothorn|move: Protect
|
|-damage|p2a: Deoxys|0 fnt|[from] Leech Seed|[of] p1a: Ferrothorn
|faint|p2a: Deoxys
|upkeep
|
|t:|1658889314
|switch|p2a: Zacian|Zacian-Crowned|18/100 par
|-damage|p2a: Zacian|6/100 par|[from] Spikes
|-ability|p2a: Zacian|Intrepid Sword|boost
|-boost|p2a: Zacian|atk|1
|turn|25
|
|t:|1658889323
|move|p2a: Zacian|Close Combat|p1a: Ferrothorn
|-supereffective|p1a: Ferrothorn
|-damage|p1a: Ferrothorn|0 fnt
|-unboost|p2a: Zacian|def|1
|-unboost|p2a: Zacian|spd|1
|-damage|p2a: Zacian|0 fnt|[from] ability: Iron Barbs|[of] p1a: Ferrothorn
|faint|p1a: Ferrothorn
|faint|p2a: Zacian
|
|upkeep
|
|t:|1658889330
|switch|p2a: Lugia|Lugia|100/100
|switch|p1a: Rayquaza|Rayquaza|76/100
|-damage|p1a: Rayquaza|51/100|[from] Stealth Rock
|-ability|p1a: Rayquaza|Air Lock
|turn|26
|l| MeloMeloMeloetta
|
|t:|1658889339
|detailschange|p1a: Rayquaza|Rayquaza-Mega
|-mega|p1a: Rayquaza|Rayquaza|
|-weather|DeltaStream|[from] ability: Delta Stream|[of] p1a: Rayquaza
|move|p1a: Rayquaza|Dragon Dance|p1a: Rayquaza
|-boost|p1a: Rayquaza|atk|1
|-boost|p1a: Rayquaza|spe|1
|move|p2a: Lugia|Toxic|p1a: Rayquaza
|-status|p1a: Rayquaza|tox
|
|-weather|DeltaStream|[upkeep]
|-damage|p1a: Rayquaza|45/100 tox|[from] psn
|upkeep
|turn|27
|
|t:|1658889348
|move|p1a: Rayquaza|Extreme Speed|p2a: Lugia
|-damage|p2a: Lugia|79/100
|-damage|p1a: Rayquaza|35/100 tox|[from] item: Life Orb
|move|p2a: Lugia|Roost|p2a: Lugia
|-heal|p2a: Lugia|100/100
|-singleturn|p2a: Lugia|move: Roost
|
|-weather|DeltaStream|[upkeep]
|-damage|p1a: Rayquaza|23/100 tox|[from] psn
|upkeep
|turn|28
|
|t:|1658889357
|move|p1a: Rayquaza|Dragon Ascent|p2a: Lugia
|-damage|p2a: Lugia|52/100
|-unboost|p1a: Rayquaza|def|1
|-unboost|p1a: Rayquaza|spd|1
|-damage|p1a: Rayquaza|13/100 tox|[from] item: Life Orb
|move|p2a: Lugia|Roost|p2a: Lugia
|-heal|p2a: Lugia|100/100
|-singleturn|p2a: Lugia|move: Roost
|
|-weather|DeltaStream|[upkeep]
|-damage|p1a: Rayquaza|0 fnt|[from] psn
|faint|p1a: Rayquaza
|-weather|none
|
|win|xLeonisx
|upkeep
|raw|Black_12021212's rating: 1522 &rarr; <strong>1506</strong><br />(-16 for losing)
|raw|xLeonisx's rating: 1597 &rarr; <strong>1613</strong><br />(+16 for winning)
|l|☆xLeonisx
|j| MeloMeloMeloetta
||Ladder isn't responding, score probably updated but might not have (Request timeout).
