|j|☆Morale Booster
|j|☆Mawm
|t:|1665719229
|gametype|singles
|player|p1|Morale Booster|klara|1679
|player|p2|Mawm|beauty-gen6xy|1816
|teamsize|p1|6
|teamsize|p2|6
|gen|8
|tier|[Gen 8] National Dex AG
|rated|
|rule|HP Percentage Mod: HP is shown in percentages
|rule|Endless Battle Clause: Forcing endless battles is banned
|clearpoke
|poke|p1|Marshadow|
|poke|p1|Lugia|
|poke|p1|Groudon|
|poke|p1|Smeargle, M|
|poke|p1|Xerneas-*|
|poke|p1|Diancie|
|poke|p2|Arceus-*|
|poke|p2|Genesect|
|poke|p2|Yveltal|
|poke|p2|Necrozma-Dusk-Mane|
|poke|p2|Rayquaza|
|poke|p2|Groudon|
|teampreview
|inactive|Battle timer is ON: inactive players will automatically lose when time's up. (requested by Mawm)
|
|t:|1665719257
|start
|switch|p1a: Uno|Diancie|100/100
|switch|p2a: Groudon|Groudon, shiny|100/100
|detailschange|p2a: Groudon|Groudon-Primal, shiny
|-primal|p2a: Groudon
|-weather|DesolateLand|[from] ability: Desolate Land|[of] p2a: Groudon
|turn|1
|
|t:|1665719265
|-weather|none
|switch|p2a: Necrozma|Necrozma-Dusk-Mane, shiny|100/100
|detailschange|p1a: Uno|Diancie-Mega
|-mega|p1a: Uno|Diancie|Diancite
|move|p1a: Uno|Protect||[still]
|-fail|p1a: Uno
|
|upkeep
|turn|2
|
|t:|1665719272
|move|p1a: Uno|Protect|p1a: Uno
|-singleturn|p1a: Uno|Protect
|move|p2a: Necrozma|Iron Head|p1a: Uno
|-activate|p1a: Uno|move: Protect
|
|upkeep
|turn|3
|
|t:|1665719277
|switch|p1a: Sack|Groudon|100/100
|detailschange|p1a: Sack|Groudon-Primal
|-primal|p1a: Sack
|-weather|DesolateLand|[from] ability: Desolate Land|[of] p1a: Sack
|move|p2a: Necrozma|Toxic|p1a: Sack
|-status|p1a: Sack|tox
|
|-weather|DesolateLand|[upkeep]
|-damage|p1a: Sack|94/100 tox|[from] psn
|upkeep
|turn|4
|
|t:|1665719287
|-weather|none
|switch|p1a: 1000%|Lugia|100/100
|switch|p2a: Rayquaza|Rayquaza, shiny|100/100
|-ability|p2a: Rayquaza|Air Lock
|
|upkeep
|turn|5
|
|t:|1665719296
|detailschange|p2a: Rayquaza|Rayquaza-Mega, shiny
|-mega|p2a: Rayquaza|Rayquaza|
|-weather|DeltaStream|[from] ability: Delta Stream|[of] p2a: Rayquaza
|move|p2a: Rayquaza|Dragon Ascent|p1a: 1000%
|-damage|p1a: 1000%|78/100
|-unboost|p2a: Rayquaza|def|1
|-unboost|p2a: Rayquaza|spd|1
|move|p1a: 1000%|Toxic|p2a: Rayquaza
|-status|p2a: Rayquaza|tox
|
|-weather|DeltaStream|[upkeep]
|-heal|p1a: 1000%|84/100|[from] item: Leftovers
|-damage|p2a: Rayquaza|94/100 tox|[from] psn
|upkeep
|turn|6
|
|t:|1665719307
|move|p2a: Rayquaza|Dragon Ascent|p1a: 1000%
|-damage|p1a: 1000%|45/100
|-unboost|p2a: Rayquaza|def|1
|-unboost|p2a: Rayquaza|spd|1
|move|p1a: 1000%|Roost|p1a: 1000%
|-heal|p1a: 1000%|95/100
|-singleturn|p1a: 1000%|move: Roost
|
|-weather|DeltaStream|[upkeep]
|-heal|p1a: 1000%|100/100|[from] item: Leftovers
|-damage|p2a: Rayquaza|82/100 tox|[from] psn
|upkeep
|turn|7
|
|t:|1665719318
|-weather|none
|switch|p2a: Groudon|Groudon-Primal, shiny|100/100
|-weather|DesolateLand|[from] ability: Desolate Land|[of] p2a: Groudon
|move|p1a: 1000%|Calm Mind|p1a: 1000%
|-boost|p1a: 1000%|spa|1
|-boost|p1a: 1000%|spd|1
|
|-weather|DesolateLand|[upkeep]
|upkeep
|turn|8
|
|t:|1665719326
|switch|p1a: Uno|Diancie-Mega|100/100
|move|p2a: Groudon|Rock Tomb|p1a: Uno
|-damage|p1a: Uno|74/100
|-unboost|p1a: Uno|spe|1
|
|-weather|DesolateLand|[upkeep]
|upkeep
|turn|9
|
|t:|1665719333
|move|p2a: Groudon|Precipice Blades|p1a: Uno
|-supereffective|p1a: Uno
|-damage|p1a: Uno|0 fnt
|faint|p1a: Uno
|
|-weather|DesolateLand|[upkeep]
|upkeep
|
|t:|1665719337
|switch|p1a: Spectral move|Smeargle, M|100/100
|turn|10
|
|t:|1665719340
|move|p2a: Groudon|Stealth Rock|p1a: Spectral move
|-sidestart|p1: Morale Booster|move: Stealth Rock
|move|p1a: Spectral move|Spore|p2a: Groudon
|-status|p2a: Groudon|slp|[from] move: Spore
|
|-weather|DesolateLand|[upkeep]
|upkeep
|turn|11
|
|t:|1665719345
|-weather|none
|switch|p2a: Rayquaza|Rayquaza-Mega, shiny|82/100 tox
|-weather|DeltaStream|[from] ability: Delta Stream|[of] p2a: Rayquaza
|move|p1a: Spectral move|Substitute|p1a: Spectral move
|-start|p1a: Spectral move|Substitute
|-damage|p1a: Spectral move|76/100
|
|-weather|DeltaStream|[upkeep]
|-damage|p2a: Rayquaza|76/100 tox|[from] psn
|upkeep
|turn|12
|j| edoggoooo
|
|t:|1665719356
|move|p2a: Rayquaza|Earthquake|p1a: Spectral move
|-end|p1a: Spectral move|Substitute
|move|p1a: Spectral move|Shell Smash|p1a: Spectral move
|-unboost|p1a: Spectral move|def|1
|-unboost|p1a: Spectral move|spd|1
|-boost|p1a: Spectral move|atk|2
|-boost|p1a: Spectral move|spa|2
|-boost|p1a: Spectral move|spe|2
|
|-weather|DeltaStream|[upkeep]
|-damage|p2a: Rayquaza|63/100 tox|[from] psn
|upkeep
|turn|13
|
|t:|1665719365
|move|p2a: Rayquaza|Extreme Speed|p1a: Spectral move
|-damage|p1a: Spectral move|0 fnt
|faint|p1a: Spectral move
|
|-weather|DeltaStream|[upkeep]
|-damage|p2a: Rayquaza|44/100 tox|[from] psn
|upkeep
|-message|Morale Booster forfeited.
|
|win|Mawm
|raw|Morale Booster's rating: 1679 &rarr; <strong>1667</strong><br />(-12 for losing)
|raw|Mawm's rating: 1816 &rarr; <strong>1828</strong><br />(+12 for winning)
|l|☆Morale Booster
|c|☆Mawm|bruh
