|j|☆iopkj09
|j|☆Obito152001
|t:|1664867886
|gametype|singles
|player|p1|iopkj09|nate|1800
|player|p2|Obito152001|blue-gen3two|1890
|teamsize|p1|6
|teamsize|p2|6
|gen|8
|tier|[Gen 8] National Dex AG
|rated|
|rule|HP Percentage Mod: HP is shown in percentages
|rule|Endless Battle Clause: Forcing endless battles is banned
|clearpoke
|poke|p1|Yveltal|
|poke|p1|Xerneas-*|
|poke|p1|Rayquaza|
|poke|p1|Arceus-*|
|poke|p1|Melmetal|
|poke|p1|Ditto|
|poke|p2|Arceus-*|
|poke|p2|Arceus-*|
|poke|p2|Ditto|
|poke|p2|Grimmsnarl, M|
|poke|p2|Blastoise, M|
|poke|p2|Groudon|
|teampreview
|inactive|Battle timer is ON: inactive players will automatically lose when time's up. (requested by iopkj09)
|inactive|Obito152001 also wants the timer to be on.
|
|t:|1664867894
|start
|switch|p1a: Arceus|Arceus|100/100
|switch|p2a: Grimmsnarl|Grimmsnarl, M|100/100
|turn|1
|
|t:|1664867897
|move|p2a: Grimmsnarl|Taunt|p1a: Arceus
|-start|p1a: Arceus|move: Taunt
|cant|p1a: Arceus|move: Taunt|Swords Dance
|
|upkeep
|turn|2
|
|t:|1664867901
|switch|p1a: Melmetal|Melmetal, shiny|100/100
|move|p2a: Grimmsnarl|Reflect|p2a: Grimmsnarl
|-sidestart|p2: Obito152001|Reflect
|
|upkeep
|turn|3
|
|t:|1664867905
|switch|p2a: Groudon|Groudon|100/100
|detailschange|p2a: Groudon|Groudon-Primal
|-primal|p2a: Groudon
|-weather|DesolateLand|[from] ability: Desolate Land|[of] p2a: Groudon
|move|p1a: Melmetal|Double Iron Bash|p2a: Groudon
|-resisted|p2a: Groudon
|-damage|p2a: Groudon|96/100
|-resisted|p2a: Groudon
|-damage|p2a: Groudon|91/100
|-hitcount|p2a: Groudon|2
|
|-weather|DesolateLand|[upkeep]
|upkeep
|turn|4
|
|t:|1664867909
|switch|p1a: Rayquaza|Rayquaza|100/100
|-ability|p1a: Rayquaza|Air Lock
|move|p2a: Groudon|Stealth Rock|p1a: Rayquaza
|-sidestart|p1: iopkj09|move: Stealth Rock
|
|-weather|DesolateLand|[upkeep]
|upkeep
|turn|5
|
|t:|1664867915
|-weather|none
|switch|p2a: Grimmsnarl|Grimmsnarl, M|100/100
|detailschange|p1a: Rayquaza|Rayquaza-Mega
|-mega|p1a: Rayquaza|Rayquaza|
|-weather|DeltaStream|[from] ability: Delta Stream|[of] p1a: Rayquaza
|move|p1a: Rayquaza|Dragon Dance|p1a: Rayquaza
|-boost|p1a: Rayquaza|atk|1
|-boost|p1a: Rayquaza|spe|1
|
|-weather|DeltaStream|[upkeep]
|upkeep
|turn|6
|
|t:|1664867921
|move|p1a: Rayquaza|Dragon Dance|p1a: Rayquaza
|-boost|p1a: Rayquaza|atk|1
|-boost|p1a: Rayquaza|spe|1
|move|p2a: Grimmsnarl|Play Rough|p1a: Rayquaza
|-supereffective|p1a: Rayquaza
|-damage|p1a: Rayquaza|32/100
|
|-weather|DeltaStream|[upkeep]
|upkeep
|turn|7
|
|t:|1664867925
|move|p2a: Grimmsnarl|Light Screen|p2a: Grimmsnarl
|-sidestart|p2: Obito152001|move: Light Screen
|move|p1a: Rayquaza|Dragon Ascent|p2a: Grimmsnarl
|-damage|p2a: Grimmsnarl|0 fnt
|-unboost|p1a: Rayquaza|def|1
|-unboost|p1a: Rayquaza|spd|1
|faint|p2a: Grimmsnarl
|
|-weather|DeltaStream|[upkeep]
|upkeep
|
|t:|1664867929
|switch|p2a: Ditto|Ditto, shiny|100/100
|-transform|p2a: Ditto|p1a: Rayquaza|[from] ability: Imposter
|turn|8
|
|t:|1664867933
|move|p2a: Ditto|Extreme Speed|p1a: Rayquaza
|-damage|p1a: Rayquaza|0 fnt
|faint|p1a: Rayquaza
|
|-weather|DeltaStream|[upkeep]
|upkeep
|
|t:|1664867939
|switch|p1a: Xerneas|Xerneas, shiny|100/100
|-damage|p1a: Xerneas|88/100|[from] Stealth Rock
|-ability|p1a: Xerneas|Fairy Aura
|turn|9
|
|t:|1664867946
|move|p2a: Ditto|Extreme Speed|p1a: Xerneas
|-damage|p1a: Xerneas|22/100
|move|p1a: Xerneas|Geomancy||[still]
|-prepare|p1a: Xerneas|Geomancy
|-enditem|p1a: Xerneas|Power Herb
|-anim|p1a: Xerneas|Geomancy|p1a: Xerneas
|-boost|p1a: Xerneas|spa|2
|-boost|p1a: Xerneas|spd|2
|-boost|p1a: Xerneas|spe|2
|
|-weather|DeltaStream|[upkeep]
|-sideend|p2: Obito152001|Reflect
|upkeep
|turn|10
|
|t:|1664867950
|-start|p1a: Xerneas|Dynamax|
|-heal|p1a: Xerneas|22/100|[silent]
|move|p2a: Ditto|Extreme Speed|p1a: Xerneas
|-damage|p1a: Xerneas|0 fnt
|faint|p1a: Xerneas
|
|-weather|DeltaStream|[upkeep]
|upkeep
|
|t:|1664867957
|switch|p1a: Ditto|Ditto, shiny|100/100
|-damage|p1a: Ditto|88/100|[from] Stealth Rock
|turn|11
|
|t:|1664867961
|move|p2a: Ditto|Extreme Speed|p1a: Ditto
|-damage|p1a: Ditto|0 fnt
|faint|p1a: Ditto
|
|-weather|DeltaStream|[upkeep]
|upkeep
|
|t:|1664867967
|switch|p1a: Melmetal|Melmetal, shiny|100/100
|-damage|p1a: Melmetal|94/100|[from] Stealth Rock
|turn|12
|
|t:|1664867970
|-weather|none
|switch|p2a: Groudon|Groudon-Primal|91/100
|-weather|DesolateLand|[from] ability: Desolate Land|[of] p2a: Groudon
|move|p1a: Melmetal|Earthquake|p2a: Groudon
|-supereffective|p2a: Groudon
|-damage|p2a: Groudon|57/100
|
|-weather|DesolateLand|[upkeep]
|upkeep
|turn|13
|
|t:|1664867977
|move|p2a: Groudon|Fire Punch|p1a: Melmetal
|-supereffective|p1a: Melmetal
|-damage|p1a: Melmetal|20/100
|move|p1a: Melmetal|Earthquake|p2a: Groudon
|-supereffective|p2a: Groudon
|-damage|p2a: Groudon|23/100
|
|-weather|DesolateLand|[upkeep]
|upkeep
|turn|14
|
|t:|1664867983
|move|p2a: Groudon|Fire Punch|p1a: Melmetal
|-supereffective|p1a: Melmetal
|-damage|p1a: Melmetal|0 fnt
|faint|p1a: Melmetal
|
|-weather|DesolateLand|[upkeep]
|-sideend|p2: Obito152001|move: Light Screen
|upkeep
|
|t:|1664867985
|switch|p1a: Arceus|Arceus|100/100
|-damage|p1a: Arceus|88/100|[from] Stealth Rock
|turn|15
|
|t:|1664867988
|move|p1a: Arceus|Extreme Speed|p2a: Groudon
|-damage|p2a: Groudon|5/100
|move|p2a: Groudon|Dragon Tail|p1a: Arceus
|-damage|p1a: Arceus|72/100
|drag|p1a: Yveltal|Yveltal, shiny|100/100
|-damage|p1a: Yveltal|76/100|[from] Stealth Rock
|-ability|p1a: Yveltal|Dark Aura
|
|-weather|DesolateLand|[upkeep]
|upkeep
|turn|16
|
|t:|1664867991
|move|p1a: Yveltal|Oblivion Wing|p2a: Groudon
|-damage|p2a: Groudon|0 fnt
|-heal|p1a: Yveltal|79/100|[from] drain|[of] p2a: Groudon
|faint|p2a: Groudon
|-weather|none
|
|upkeep
|
|t:|1664867997
|switch|p2a: Blastoise|Blastoise, M|100/100
|turn|17
|
|t:|1664868002
|detailschange|p2a: Blastoise|Blastoise-Mega, M
|-mega|p2a: Blastoise|Blastoise|Blastoisinite
|move|p1a: Yveltal|Dark Pulse|p2a: Blastoise
|-damage|p2a: Blastoise|37/100
|move|p2a: Blastoise|Shell Smash|p2a: Blastoise
|-unboost|p2a: Blastoise|def|1
|-unboost|p2a: Blastoise|spd|1
|-boost|p2a: Blastoise|atk|2
|-boost|p2a: Blastoise|spa|2
|-boost|p2a: Blastoise|spe|2
|
|upkeep
|turn|18
|
|t:|1664868006
|move|p1a: Yveltal|Sucker Punch|p2a: Blastoise
|-damage|p2a: Blastoise|0 fnt
|faint|p2a: Blastoise
|
|upkeep
|
|t:|1664868012
|switch|p2a: Arceus|Arceus-Ground|100/100
|turn|19
|
|t:|1664868014
|move|p2a: Arceus|Ice Beam|p1a: Yveltal
|-supereffective|p1a: Yveltal
|-damage|p1a: Yveltal|47/100
|move|p1a: Yveltal|Oblivion Wing|p2a: Arceus
|-damage|p2a: Arceus|63/100
|-heal|p1a: Yveltal|75/100|[from] drain|[of] p2a: Arceus
|
|upkeep
|turn|20
|
|t:|1664868022
|switch|p1a: Arceus|Arceus|72/100
|-damage|p1a: Arceus|60/100|[from] Stealth Rock
|move|p2a: Arceus|Ice Beam|p1a: Arceus
|-crit|p1a: Arceus
|-damage|p1a: Arceus|31/100
|
|upkeep
|turn|21
|
|t:|1664868025
|move|p2a: Arceus|Will-O-Wisp|p1a: Arceus|[miss]
|-miss|p2a: Arceus|p1a: Arceus
|move|p1a: Arceus|Recover|p1a: Arceus
|-heal|p1a: Arceus|81/100
|
|upkeep
|turn|22
|
|t:|1664868029
|move|p2a: Arceus|Will-O-Wisp|p1a: Arceus|[miss]
|-miss|p2a: Arceus|p1a: Arceus
|move|p1a: Arceus|Swords Dance|p1a: Arceus
|-boost|p1a: Arceus|atk|2
|
|upkeep
|turn|23
|
|t:|1664868031
|move|p1a: Arceus|Extreme Speed|p2a: Arceus
|-damage|p2a: Arceus|0 fnt
|faint|p2a: Arceus
|
|upkeep
|
|t:|1664868035
|switch|p2a: Ditto|Ditto, shiny|100/100
|-transform|p2a: Ditto|p1a: Arceus|[from] ability: Imposter
|turn|24
|
|t:|1664868038
|-start|p2a: Ditto|Dynamax|
|-heal|p2a: Ditto|100/100|[silent]
|move|p2a: Ditto|Max Strike|p1a: Arceus
|-damage|p1a: Arceus|0 fnt
|faint|p1a: Arceus
|
|upkeep
|
|t:|1664868041
|switch|p1a: Yveltal|Yveltal, shiny|75/100
|-damage|p1a: Yveltal|50/100|[from] Stealth Rock
|-ability|p1a: Yveltal|Dark Aura
|turn|25
|
|t:|1664868044
|move|p1a: Yveltal|Oblivion Wing|p2a: Ditto
|-damage|p2a: Ditto|79/100
|-heal|p1a: Yveltal|74/100|[from] drain|[of] p2a: Ditto
|move|p2a: Ditto|Max Strike|p1a: Yveltal
|-damage|p1a: Yveltal|0 fnt
|faint|p1a: Yveltal
|
|win|Obito152001
|raw|iopkj09's rating: 1800 &rarr; <strong>1785</strong><br />(-15 for losing)
|raw|Obito152001's rating: 1890 &rarr; <strong>1905</strong><br />(+15 for winning)
|l|☆iopkj09
