|j|☆Sunorma
|j|☆moyv123
|t:|1667575078
|gametype|singles
|player|p1|Sunorma|roxie|1490
|player|p2|moyv123|169|1614
|teamsize|p1|6
|teamsize|p2|6
|gen|8
|tier|[Gen 8] National Dex AG
|rated|
|rule|HP Percentage Mod: HP is shown in percentages
|rule|Endless Battle Clause: Forcing endless battles is banned
|clearpoke
|poke|p1|Mew|
|poke|p1|Marshadow|
|poke|p1|Dracovish|
|poke|p1|Calyrex-Shadow|
|poke|p1|Scolipede, F|
|poke|p1|Shuckle, L1, F|
|poke|p2|Zacian-*|
|poke|p2|Kyogre|
|poke|p2|Rayquaza|
|poke|p2|Marshadow|
|poke|p2|Ditto|
|poke|p2|Arceus-*|
|teampreview
|inactive|Battle timer is ON: inactive players will automatically lose when time's up. (requested by Sunorma)
|
|t:|1667575109
|start
|switch|p1a: Shuckle|Shuckle, L1, F|100/100
|switch|p2a: Kyogre|Kyogre|100/100
|detailschange|p2a: Kyogre|Kyogre-Primal
|-primal|p2a: Kyogre
|-weather|PrimordialSea|[from] ability: Primordial Sea|[of] p2a: Kyogre
|turn|1
|
|t:|1667575123
|move|p2a: Kyogre|Calm Mind|p2a: Kyogre
|-boost|p2a: Kyogre|spa|1
|-boost|p2a: Kyogre|spd|1
|move|p1a: Shuckle|Sticky Web|p2a: Kyogre
|-sidestart|p2: moyv123|move: Sticky Web
|
|-weather|PrimordialSea|[upkeep]
|upkeep
|turn|2
|
|t:|1667575131
|move|p2a: Kyogre|Scald|p1a: Shuckle
|-supereffective|p1a: Shuckle
|-ability|p1a: Shuckle|Sturdy
|-damage|p1a: Shuckle|10/100
|-status|p1a: Shuckle|brn
|-enditem|p1a: Shuckle|Berry Juice
|-heal|p1a: Shuckle|100/100 brn|[from] item: Berry Juice
|move|p1a: Shuckle|Toxic|p2a: Kyogre
|-status|p2a: Kyogre|tox
|
|-weather|PrimordialSea|[upkeep]
|-damage|p2a: Kyogre|94/100 tox|[from] psn
|-damage|p1a: Shuckle|91/100 brn|[from] brn
|upkeep
|turn|3
|
|t:|1667575146
|move|p2a: Kyogre|Scald|p1a: Shuckle
|-supereffective|p1a: Shuckle
|-damage|p1a: Shuckle|0 fnt
|faint|p1a: Shuckle
|
|-weather|PrimordialSea|[upkeep]
|-damage|p2a: Kyogre|82/100 tox|[from] psn
|upkeep
|
|t:|1667575162
|switch|p1a: Marshadow|Marshadow|100/100
|turn|4
|
|t:|1667575167
|move|p1a: Marshadow|Spectral Thief||[still]
|-clearpositiveboost|p2a: Kyogre|p1a: Marshadow|move: Spectral Thief
|-boost|p1a: Marshadow|spa|1
|-boost|p1a: Marshadow|spd|1
|-anim|p1a: Marshadow|Spectral Thief|p2a: Kyogre
|-damage|p2a: Kyogre|39/100 tox
|move|p2a: Kyogre|Scald|p1a: Marshadow
|-damage|p1a: Marshadow|43/100
|
|-weather|PrimordialSea|[upkeep]
|-damage|p2a: Kyogre|21/100 tox|[from] psn
|upkeep
|turn|5
|inactive|Sunorma has 120 seconds left.
|
|t:|1667575206
|move|p1a: Marshadow|Drain Punch|p2a: Kyogre
|-damage|p2a: Kyogre|0 fnt
|-heal|p1a: Marshadow|56/100|[from] drain|[of] p2a: Kyogre
|faint|p2a: Kyogre
|-weather|none
|
|upkeep
|
|t:|1667575214
|switch|p2a: Rayquaza|Rayquaza|100/100
|-ability|p2a: Rayquaza|Air Lock
|turn|6
|
|t:|1667575219
|detailschange|p2a: Rayquaza|Rayquaza-Mega
|-mega|p2a: Rayquaza|Rayquaza|
|-weather|DeltaStream|[from] ability: Delta Stream|[of] p2a: Rayquaza
|move|p1a: Marshadow|Rock Tomb|p2a: Rayquaza
|-activate||deltastream
|-damage|p2a: Rayquaza|70/100
|-unboost|p2a: Rayquaza|spe|1
|move|p2a: Rayquaza|Defog|p1a: Marshadow
|-unboost|p1a: Marshadow|evasion|1
|-sideend|p2: moyv123|Sticky Web|[from] move: Defog|[of] p2a: Rayquaza
|
|-weather|DeltaStream|[upkeep]
|upkeep
|turn|7
|inactive|Sunorma has 120 seconds left.
|
|t:|1667575236
|-weather|none
|switch|p2a: Arceus|Arceus-Electric|100/100
|move|p1a: Marshadow|Rock Tomb|p2a: Arceus|[miss]
|-miss|p1a: Marshadow|p2a: Arceus
|
|upkeep
|turn|8
|inactive|Sunorma has 120 seconds left.
|
|t:|1667575250
|move|p1a: Marshadow|Rock Tomb|p2a: Arceus
|-crit|p2a: Arceus
|-damage|p2a: Arceus|62/100
|-unboost|p2a: Arceus|spe|1
|move|p2a: Arceus|Stealth Rock|p1a: Marshadow
|-sidestart|p1: Sunorma|move: Stealth Rock
|
|upkeep
|turn|9
|inactive|Sunorma has 120 seconds left.
|
|t:|1667575263
|-start|p2a: Arceus|Dynamax|
|-heal|p2a: Arceus|62/100|[silent]
|move|p1a: Marshadow|Drain Punch|p2a: Arceus
|-damage|p2a: Arceus|48/100
|-heal|p1a: Marshadow|73/100|[from] drain|[of] p2a: Arceus
|move|p2a: Arceus|Max Lightning|p1a: Marshadow
|-damage|p1a: Marshadow|17/100
|-fieldstart|move: Electric Terrain
|
|upkeep
|turn|10
|
|t:|1667575277
|move|p1a: Marshadow|Rock Tomb|p2a: Arceus|[miss]
|-miss|p1a: Marshadow|p2a: Arceus
|move|p2a: Arceus|Max Quake|p1a: Marshadow
|-damage|p1a: Marshadow|0 fnt
|-boost|p2a: Arceus|spd|1
|faint|p1a: Marshadow
|
|upkeep
|inactive|Sunorma has 120 seconds left.
|
|t:|1667575291
|switch|p1a: Scolipede|Scolipede, F|100/100
|-damage|p1a: Scolipede|76/100|[from] Stealth Rock
|turn|11
|
|t:|1667575297
|move|p1a: Scolipede|Substitute|p1a: Scolipede
|-start|p1a: Scolipede|Substitute
|-damage|p1a: Scolipede|51/100
|move|p2a: Arceus|Max Lightning|p1a: Scolipede
|-end|p1a: Scolipede|Substitute
|
|-heal|p1a: Scolipede|57/100|[from] item: Leftovers
|-ability|p1a: Scolipede|Speed Boost|boost
|-boost|p1a: Scolipede|spe|1
|upkeep
|-end|p2a: Arceus|Dynamax
|-heal|p2a: Arceus|48/100|[silent]
|turn|12
|
|t:|1667575310
|move|p1a: Scolipede|Protect|p1a: Scolipede
|-singleturn|p1a: Scolipede|Protect
|move|p2a: Arceus|Judgment|p1a: Scolipede
|-activate|p1a: Scolipede|move: Protect
|
|-heal|p1a: Scolipede|63/100|[from] item: Leftovers
|-ability|p1a: Scolipede|Speed Boost|boost
|-boost|p1a: Scolipede|spe|1
|upkeep
|turn|13
|
|t:|1667575328
|move|p1a: Scolipede|Substitute|p1a: Scolipede
|-start|p1a: Scolipede|Substitute
|-damage|p1a: Scolipede|38/100
|move|p2a: Arceus|Judgment|p1a: Scolipede
|-end|p1a: Scolipede|Substitute
|
|-heal|p1a: Scolipede|44/100|[from] item: Leftovers
|-fieldend|move: Electric Terrain
|-ability|p1a: Scolipede|Speed Boost|boost
|-boost|p1a: Scolipede|spe|1
|upkeep
|turn|14
|
|t:|1667575339
|move|p1a: Scolipede|Protect|p1a: Scolipede
|-singleturn|p1a: Scolipede|Protect
|move|p2a: Arceus|Judgment|p1a: Scolipede
|-activate|p1a: Scolipede|move: Protect
|
|-heal|p1a: Scolipede|50/100|[from] item: Leftovers
|-ability|p1a: Scolipede|Speed Boost|boost
|-boost|p1a: Scolipede|spe|1
|upkeep
|turn|15
|
|t:|1667575349
|move|p1a: Scolipede|Iron Defense|p1a: Scolipede
|-boost|p1a: Scolipede|def|2
|move|p2a: Arceus|Judgment|p1a: Scolipede
|-damage|p1a: Scolipede|0 fnt
|faint|p1a: Scolipede
|
|upkeep
|
|t:|1667575355
|switch|p1a: Calyrex|Calyrex-Shadow|100/100
|-ability|p1a: Calyrex|As One
|-ability|p1a: Calyrex|Unnerve
|-damage|p1a: Calyrex|88/100|[from] Stealth Rock
|turn|16
|
|t:|1667575366
|-start|p1a: Calyrex|Dynamax|
|-heal|p1a: Calyrex|88/100|[silent]
|move|p1a: Calyrex|Max Mindstorm|p2a: Arceus
|-damage|p2a: Arceus|10/100
|-fieldstart|move: Psychic Terrain
|move|p2a: Arceus|Judgment|p1a: Calyrex
|-crit|p1a: Calyrex
|-damage|p1a: Calyrex|42/100
|
|upkeep
|turn|17
|
|t:|1667575377
|move|p1a: Calyrex|Max Phantasm|p2a: Arceus
|-damage|p2a: Arceus|0 fnt
|faint|p2a: Arceus
|-ability|p1a: Calyrex|Grim Neigh|boost
|-boost|p1a: Calyrex|spa|1
|
|upkeep
|
|t:|1667575384
|switch|p2a: Ditto|Ditto|100/100
|-transform|p2a: Ditto|p1a: Calyrex|[from] ability: Imposter
|turn|18
|
|t:|1667575390
|move|p2a: Ditto|Astral Barrage|p1a: Calyrex
|-supereffective|p1a: Calyrex
|-damage|p1a: Calyrex|0 fnt
|faint|p1a: Calyrex
|-ability|p2a: Ditto|Grim Neigh|boost
|-boost|p2a: Ditto|spa|1
|
|upkeep
|
|t:|1667575400
|switch|p1a: Dracovish|Dracovish|100/100
|-damage|p1a: Dracovish|88/100|[from] Stealth Rock
|turn|19
|
|t:|1667575406
|move|p2a: Ditto|Astral Barrage|p1a: Dracovish
|-damage|p1a: Dracovish|0 fnt
|faint|p1a: Dracovish
|-ability|p2a: Ditto|Grim Neigh|boost
|-boost|p2a: Ditto|spa|1
|
|upkeep
|-message|Sunorma forfeited.
|
|win|moyv123
|raw|Sunorma's rating: 1490 &rarr; <strong>1477</strong><br />(-13 for losing)
|raw|moyv123's rating: 1614 &rarr; <strong>1627</strong><br />(+13 for winning)
|l|☆Sunorma
