|j|☆Spectral~Godz9+
|j|☆Horseradisk
|inactive|Battle timer is ON: inactive players will automatically lose when time's up.
|t:|1635584658
|gametype|singles
|player|p1|Spectral~Godz9+|lusamine-nihilego|
|player|p2|Horseradisk|87|
|teamsize|p1|6
|teamsize|p2|6
|gen|8
|tier|[Gen 8] National Dex AG
|rated|Tournament battle
|rule|HP Percentage Mod: HP is shown in percentages
|rule|Endless Battle Clause: Forcing endless battles is banned
|clearpoke
|poke|p1|Arceus-*|
|poke|p1|Ho-Oh|
|poke|p1|Arceus-*|
|poke|p1|Zacian-*|
|poke|p1|Zygarde|
|poke|p1|Calyrex-Shadow|
|poke|p2|Groudon|
|poke|p2|Necrozma-Dusk-Mane|
|poke|p2|Yveltal|
|poke|p2|Rayquaza|
|poke|p2|Yveltal|
|poke|p2|Zacian-*|
|teampreview
|j| ShellBellShedinja
|j| Little Luvie
|j| Anonymous 2357945
|c|☆Horseradisk|Gl hf
|c|☆Spectral~Godz9+|you too man
|
|t:|1635584671
|start
|switch|p1a: Arceus|Arceus-Ground|100/100
|switch|p2a: Groudon|Groudon|100/100
|-weather|SunnyDay|[from] ability: Drought|[of] p2a: Groudon
|turn|1
|
|t:|1635584677
|switch|p2a: Yveltal|Yveltal|100/100
|-ability|p2a: Yveltal|Dark Aura
|move|p1a: Arceus|Calm Mind|p1a: Arceus
|-boost|p1a: Arceus|spa|1
|-boost|p1a: Arceus|spd|1
|
|-weather|SunnyDay|[upkeep]
|upkeep
|turn|2
|
|t:|1635584681
|move|p1a: Arceus|Calm Mind|p1a: Arceus
|-boost|p1a: Arceus|spa|1
|-boost|p1a: Arceus|spd|1
|move|p2a: Yveltal|Snarl|p1a: Arceus
|-damage|p1a: Arceus|92/100
|-unboost|p1a: Arceus|spa|1
|
|-weather|SunnyDay|[upkeep]
|upkeep
|turn|3
|
|t:|1635584685
|move|p1a: Arceus|Ice Beam|p2a: Yveltal
|-supereffective|p2a: Yveltal
|-damage|p2a: Yveltal|59/100
|move|p2a: Yveltal|Toxic|p1a: Arceus
|-status|p1a: Arceus|tox
|
|-weather|SunnyDay|[upkeep]
|-damage|p1a: Arceus|86/100 tox|[from] psn
|upkeep
|turn|4
|
|t:|1635584691
|-start|p1a: Arceus|Dynamax
|-heal|p1a: Arceus|86/100 tox|[silent]
|move|p1a: Arceus|Max Hailstorm|p2a: Yveltal
|-supereffective|p2a: Yveltal
|-damage|p2a: Yveltal|6/100
|-weather|Hail
|move|p2a: Yveltal|Roost|p2a: Yveltal
|-heal|p2a: Yveltal|56/100
|-singleturn|p2a: Yveltal|move: Roost
|
|-weather|Hail|[upkeep]
|-damage|p1a: Arceus|83/100 tox|[from] Hail
|-damage|p2a: Yveltal|50/100|[from] Hail
|-damage|p1a: Arceus|77/100 tox|[from] psn
|upkeep
|turn|5
|j| thedreadedtigerxx
|
|t:|1635584701
|switch|p2a: Necrozma|Necrozma-Dusk-Mane|100/100
|move|p1a: Arceus|Max Quake|p2a: Necrozma
|-supereffective|p2a: Necrozma
|-damage|p2a: Necrozma|0 fnt
|-boost|p1a: Arceus|spd|1
|faint|p2a: Necrozma
|
|-weather|Hail|[upkeep]
|-damage|p1a: Arceus|74/100 tox|[from] Hail
|-damage|p1a: Arceus|65/100 tox|[from] psn
|upkeep
|j| Zifey
|c|☆Spectral~Godz9+|predicted
|c|☆Horseradisk|Shid
|c| thedreadedtigerxx|oh damn its you two
|
|t:|1635584716
|switch|p2a: Zacian|Zacian-Crowned|100/100
|-ability|p2a: Zacian|Intrepid Sword|boost
|-boost|p2a: Zacian|atk|1
|turn|6
|c| Little Luvie|noice
|
|t:|1635584720
|move|p2a: Zacian|Behemoth Blade|p1a: Arceus
|-damage|p1a: Arceus|5/100 tox
|move|p1a: Arceus|Max Quake|p2a: Zacian
|-supereffective|p2a: Zacian
|-damage|p2a: Zacian|0 fnt
|-boost|p1a: Arceus|spd|1
|faint|p2a: Zacian
|
|-weather|Hail|[upkeep]
|-damage|p1a: Arceus|2/100 tox|[from] Hail
|-damage|p1a: Arceus|0 fnt|[from] psn
|faint|p1a: Arceus
|upkeep
|c|☆Spectral~Godz9+|oh niceee
|c|☆Horseradisk|Double shid
|c| Little Luvie|worth it
|l| thedreadedtigerxx
|c|☆Spectral~Godz9+|best dyna ngl
|
|t:|1635584743
|switch|p2a: Groudon|Groudon|100/100
|switch|p1a: Zygarde|Zygarde|100/100
|-weather|SunnyDay|[from] ability: Drought|[of] p2a: Groudon
|turn|7
|
|t:|1635584746
|move|p2a: Groudon|Swords Dance|p2a: Groudon
|-boost|p2a: Groudon|atk|2
|move|p1a: Zygarde|Substitute|p1a: Zygarde
|-start|p1a: Zygarde|Substitute
|-damage|p1a: Zygarde|75/100
|
|-weather|SunnyDay|[upkeep]
|-heal|p1a: Zygarde|82/100|[from] item: Leftovers
|upkeep
|turn|8
|
|t:|1635584749
|-start|p2a: Groudon|Dynamax
|-heal|p2a: Groudon|100/100|[silent]
|move|p2a: Groudon|Max Airstream|p1a: Zygarde
|-end|p1a: Zygarde|Substitute
|-boost|p2a: Groudon|spe|1
|-damage|p2a: Groudon|96/100|[from] item: Life Orb
|move|p1a: Zygarde|Glare|p2a: Groudon
|-status|p2a: Groudon|par
|
|-weather|SunnyDay|[upkeep]
|-heal|p1a: Zygarde|88/100|[from] item: Leftovers
|upkeep
|turn|9
|
|t:|1635584755
|cant|p2a: Groudon|par
|move|p1a: Zygarde|Substitute|p1a: Zygarde
|-start|p1a: Zygarde|Substitute
|-damage|p1a: Zygarde|63/100
|
|-weather|SunnyDay|[upkeep]
|-heal|p1a: Zygarde|69/100|[from] item: Leftovers
|upkeep
|turn|10
|
|t:|1635584758
|cant|p2a: Groudon|par
|move|p1a: Zygarde|Coil|p1a: Zygarde
|-boost|p1a: Zygarde|atk|1
|-boost|p1a: Zygarde|def|1
|-boost|p1a: Zygarde|accuracy|1
|
|-weather|SunnyDay|[upkeep]
|-heal|p1a: Zygarde|75/100|[from] item: Leftovers
|-end|p2a: Groudon|Dynamax
|-heal|p2a: Groudon|96/100 par|[silent]
|upkeep
|turn|11
|c|☆Spectral~Godz9+|sick
|c|☆Horseradisk|Damn welp their goes my chances
|c|☆Horseradisk|Gg
|c| ShellBellShedinja|F. Double para
|
|t:|1635584772
|move|p2a: Groudon|Precipice Blades|p1a: Zygarde
|-end|p1a: Zygarde|Substitute
|-damage|p2a: Groudon|86/100 par|[from] item: Life Orb
|move|p1a: Zygarde|Coil|p1a: Zygarde
|-boost|p1a: Zygarde|atk|1
|-boost|p1a: Zygarde|def|1
|-boost|p1a: Zygarde|accuracy|1
|
|-weather|none
|-heal|p1a: Zygarde|81/100|[from] item: Leftovers
|upkeep
|turn|12
|
|t:|1635584777
|move|p2a: Groudon|Precipice Blades|p1a: Zygarde
|-damage|p1a: Zygarde|36/100
|-damage|p2a: Groudon|76/100 par|[from] item: Life Orb
|move|p1a: Zygarde|Coil|p1a: Zygarde
|-boost|p1a: Zygarde|atk|1
|-boost|p1a: Zygarde|def|1
|-boost|p1a: Zygarde|accuracy|1
|
|-heal|p1a: Zygarde|42/100|[from] item: Leftovers
|-activate|p1a: Zygarde|ability: Power Construct
|detailschange|p1a: Zygarde|Zygarde-Complete
|-heal|p1a: Zygarde|62/100|[silent]
|upkeep
|turn|13
|
|t:|1635584782
|move|p2a: Groudon|Swords Dance|p2a: Groudon
|-boost|p2a: Groudon|atk|2
|move|p1a: Zygarde|Thousand Arrows|p2a: Groudon
|-crit|p2a: Groudon
|-damage|p2a: Groudon|0 fnt
|faint|p2a: Groudon
|
|-heal|p1a: Zygarde|68/100|[from] item: Leftovers
|upkeep
|c| Little Luvie|i used to love coil zyg
|
|t:|1635584787
|switch|p2a: Yveltal|Yveltal|100/100
|-ability|p2a: Yveltal|Dark Aura
|turn|14
|c| Little Luvie|but marsh wrecks it
|
|t:|1635584789
|move|p2a: Yveltal|Dark Pulse|p1a: Zygarde
|-damage|p1a: Zygarde|32/100
|-damage|p2a: Yveltal|91/100|[from] item: Life Orb
|move|p1a: Zygarde|Glare|p2a: Yveltal
|-status|p2a: Yveltal|par
|
|-heal|p1a: Zygarde|38/100|[from] item: Leftovers
|upkeep
|turn|15
|
|t:|1635584797
|move|p1a: Zygarde|Thousand Arrows|p2a: Yveltal
|-damage|p2a: Yveltal|22/100 par
|-start|p2a: Yveltal|Smack Down
|move|p2a: Yveltal|Dark Pulse|p1a: Zygarde
|-damage|p1a: Zygarde|2/100
|-damage|p2a: Yveltal|12/100 par|[from] item: Life Orb
|
|-heal|p1a: Zygarde|8/100|[from] item: Leftovers
|upkeep
|turn|16
|
|t:|1635584804
|move|p1a: Zygarde|Thousand Arrows|p2a: Yveltal
|-damage|p2a: Yveltal|0 fnt
|faint|p2a: Yveltal
|
|-heal|p1a: Zygarde|14/100|[from] item: Leftovers
|upkeep
|
|t:|1635584806
|switch|p2a: Rayquaza|Rayquaza|100/100
|-ability|p2a: Rayquaza|Air Lock
|turn|17
|
|t:|1635584810
|detailschange|p2a: Rayquaza|Rayquaza-Mega
|-mega|p2a: Rayquaza|Rayquaza|
|-weather|DeltaStream|[from] ability: Delta Stream|[of] p2a: Rayquaza
|move|p2a: Rayquaza|Dragon Dance|p2a: Rayquaza
|-boost|p2a: Rayquaza|atk|1
|-boost|p2a: Rayquaza|spe|1
|move|p1a: Zygarde|Glare|p2a: Rayquaza
|-status|p2a: Rayquaza|par
|-enditem|p2a: Rayquaza|Lum Berry|[eat]
|-curestatus|p2a: Rayquaza|par|[msg]
|
|-weather|DeltaStream|[upkeep]
|-heal|p1a: Zygarde|21/100|[from] item: Leftovers
|upkeep
|turn|18
|
|t:|1635584815
|move|p2a: Rayquaza|Dragon Ascent|p1a: Zygarde
|-damage|p1a: Zygarde|4/100
|-unboost|p2a: Rayquaza|def|1
|-unboost|p2a: Rayquaza|spd|1
|move|p1a: Zygarde|Thousand Arrows|p2a: Rayquaza
|-damage|p2a: Rayquaza|0 fnt
|faint|p2a: Rayquaza
|-weather|none
|
|-heal|p1a: Zygarde|10/100|[from] item: Leftovers
|upkeep
|c|☆Spectral~Godz9+|>>
|c|☆Horseradisk|Thicc guy
|c|☆Horseradisk|Gg
|
|t:|1635584824
|switch|p2a: Yveltal|Yveltal|50/100
|-ability|p2a: Yveltal|Dark Aura
|turn|19
|
|t:|1635584827
|move|p2a: Yveltal|Snarl|p1a: Zygarde
|-damage|p1a: Zygarde|0 fnt
|faint|p1a: Zygarde
|
|upkeep
|c| Little Luvie|GGs
|inactive|Spectral~Godz9+ has 120 seconds left.
|c|☆Spectral~Godz9+|!code
|c|☆Spectral~Godz9+|/raw <div class="infobox"><details class="readmore code" style="white-space: pre-wrap; display: table; tab-size: 3"><summary>Zygarde @ Leftovers  <br />Ability: Power Construct  <br />EVs: 252 HP &#x2f; 4 Atk &#x2f; 252 Def  </summary>Impish Nature  <br />- Substitute  <br />- Coil  <br />- Thousand Arrows  <br />- Glare</details></div>
|
|t:|1635584870
|switch|p1a: Zacian|Zacian-Crowned|100/100
|-ability|p1a: Zacian|Intrepid Sword|boost
|-boost|p1a: Zacian|atk|1
|turn|20
|c|☆Spectral~Godz9+|gg
|c| Little Luvie|why max def
|c|☆Spectral~Godz9+|because funny
|c|☆Horseradisk|If don didn suck ass atleast I could have killed zyg lol
|
|t:|1635584894
|move|p1a: Zacian|Play Rough|p2a: Yveltal
|-supereffective|p2a: Yveltal
|-damage|p2a: Yveltal|0 fnt
|faint|p2a: Yveltal
|
|win|Spectral~Godz9+
|n|☆Spectral~Godz9+|spectralgodz9
|n|☆Horseradisk|horseradisk
|n| ShellBellShedinja|shellbellshedinja
|n| Little Luvie|littleluvie
|n| Anonymous 2357945|anonymous2357945
|n| Zifey|zifey
