|j|☆the bugcatcher pr
|j|☆WhiteCapeMarth
|t:|1664223853
|gametype|singles
|player|p1|the bugcatcher pr|sabrina|
|player|p2|WhiteCapeMarth|emmet|
|teamsize|p1|6
|teamsize|p2|6
|gen|8
|tier|[Gen 8] National Dex AG
|rule|HP Percentage Mod: HP is shown in percentages
|rule|Endless Battle Clause: Forcing endless battles is banned
|clearpoke
|poke|p1|Scizor, F|
|poke|p1|Centiskorch, F|
|poke|p1|Volcarona, F|
|poke|p1|Buzzwole|
|poke|p1|Araquanid, M|
|poke|p1|Vikavolt, M|
|poke|p2|Butterfree, F|
|poke|p2|Mew|
|poke|p2|Necrozma-Dawn-Wings|
|poke|p2|Dracovish|
|poke|p2|Volcanion|
|poke|p2|Krookodile, F|
|teampreview
|c|☆the bugcatcher pr|whoa
|c|☆the bugcatcher pr|nice
|c|☆WhiteCapeMarth|u acutally went all bug xD
|c|☆the bugcatcher pr|glhf
|c|☆WhiteCapeMarth|i love it so much
|c|☆the bugcatcher pr|dam i wasnt sure if to bring a lum berry and didnt
|c|☆WhiteCapeMarth|always pack a lum berry
|c|☆WhiteCapeMarth|xD
|
|t:|1664223930
|start
|switch|p1a: Volcarona|Volcarona, F|100/100
|switch|p2a: Butterfree|Butterfree, F, shiny|100/100
|turn|1
|
|t:|1664223935
|move|p1a: Volcarona|Substitute|p1a: Volcarona
|-start|p1a: Volcarona|Substitute
|-damage|p1a: Volcarona|76/100
|move|p2a: Butterfree|Sleep Powder||[still]
|-fail|p2a: Butterfree
|
|upkeep
|turn|2
|c|☆the bugcatcher pr|too slow
|c|☆WhiteCapeMarth|or thta!
|
|t:|1664223947
|move|p1a: Volcarona|Quiver Dance|p1a: Volcarona
|-boost|p1a: Volcarona|spa|1
|-boost|p1a: Volcarona|spd|1
|-boost|p1a: Volcarona|spe|1
|move|p2a: Butterfree|Quiver Dance|p2a: Butterfree
|-boost|p2a: Butterfree|spa|1
|-boost|p2a: Butterfree|spd|1
|-boost|p2a: Butterfree|spe|1
|
|upkeep
|turn|3
|
|t:|1664223971
|move|p1a: Volcarona|Fiery Dance|p2a: Butterfree
|-supereffective|p2a: Butterfree
|-damage|p2a: Butterfree|4/100
|-boost|p1a: Volcarona|spa|1
|move|p2a: Butterfree|Sleep Powder||[still]
|-fail|p2a: Butterfree
|
|upkeep
|turn|4
|c|☆WhiteCapeMarth|oh ym god
|c|☆WhiteCapeMarth|the misclicks
|c|☆WhiteCapeMarth|i am lost
|
|t:|1664223987
|move|p1a: Volcarona|Fiery Dance|p2a: Butterfree
|-supereffective|p2a: Butterfree
|-damage|p2a: Butterfree|0 fnt
|faint|p2a: Butterfree
|
|upkeep
|c|☆WhiteCapeMarth|im so sad
|
|t:|1664223997
|switch|p2a: Dracovish|Dracovish, shiny|100/100
|turn|5
|c|☆the bugcatcher pr|:p
|
|t:|1664224002
|move|p1a: Volcarona|Psychic|p2a: Dracovish
|-damage|p2a: Dracovish|30/100
|move|p2a: Dracovish|Fishious Rend|p1a: Volcarona
|-supereffective|p1a: Volcarona
|-end|p1a: Volcarona|Substitute
|
|upkeep
|turn|6
|
|t:|1664224009
|move|p1a: Volcarona|Psychic|p2a: Dracovish
|-damage|p2a: Dracovish|0 fnt
|faint|p2a: Dracovish
|
|upkeep
|
|t:|1664224015
|switch|p2a: Volcanion|Volcanion|100/100
|turn|7
|c|☆the bugcatcher pr|down unoragon
|c|☆the bugcatcher pr|too much anime...
|
|t:|1664224038
|move|p1a: Volcarona|Substitute|p1a: Volcarona
|-start|p1a: Volcarona|Substitute
|-damage|p1a: Volcarona|51/100
|move|p2a: Volcanion|Steam Eruption|p1a: Volcarona
|-supereffective|p1a: Volcarona
|-end|p1a: Volcarona|Substitute
|
|upkeep
|turn|8
|
|t:|1664224046
|move|p1a: Volcarona|Psychic|p2a: Volcanion
|-damage|p2a: Volcanion|46/100
|move|p2a: Volcanion|Steam Eruption|p1a: Volcarona
|-supereffective|p1a: Volcarona
|-damage|p1a: Volcarona|0 fnt
|faint|p1a: Volcarona
|
|upkeep
|
|t:|1664224054
|switch|p1a: Vikavolt|Vikavolt, M|100/100
|turn|9
|c|☆the bugcatcher pr|:D
|c|☆WhiteCapeMarth|:(
|c|☆the bugcatcher pr|got fire?
|
|t:|1664224072
|-start|p1a: Vikavolt|Dynamax|
|-heal|p1a: Vikavolt|100/100|[silent]
|move|p2a: Volcanion|Rest|p2a: Volcanion
|-status|p2a: Volcanion|slp|[from] move: Rest
|-heal|p2a: Volcanion|100/100 slp|[silent]
|move|p1a: Vikavolt|Max Quake|p2a: Volcanion
|-supereffective|p2a: Volcanion
|-damage|p2a: Volcanion|16/100 slp
|-boost|p1a: Vikavolt|spd|1
|
|upkeep
|turn|10
|
|t:|1664224084
|cant|p2a: Volcanion|slp
|move|p2a: Volcanion|Sleep Talk|p2a: Volcanion
|move|p2a: Volcanion|Fire Blast|p1a: Vikavolt|[from]move: Sleep Talk|[miss]
|-miss|p2a: Volcanion|p1a: Vikavolt
|move|p1a: Vikavolt|Max Quake|p2a: Volcanion
|-supereffective|p2a: Volcanion
|-damage|p2a: Volcanion|0 fnt
|-boost|p1a: Vikavolt|spd|1
|faint|p2a: Volcanion
|
|upkeep
|c|☆the bugcatcher pr|...
|c|☆WhiteCapeMarth|:(
|c|☆the bugcatcher pr|fate
|
|t:|1664224102
|switch|p2a: Mew|Mew, shiny|100/100
|turn|11
|c|☆WhiteCapeMarth|fate!
|
|t:|1664224108
|move|p2a: Mew|Dragon Dance|p2a: Mew
|-boost|p2a: Mew|atk|1
|-boost|p2a: Mew|spe|1
|move|p1a: Vikavolt|Max Flutterby|p2a: Mew
|-supereffective|p2a: Mew
|-damage|p2a: Mew|0 fnt
|faint|p2a: Mew
|
|upkeep
|
|t:|1664224116
|switch|p2a: Necrozma|Necrozma-Dawn-Wings, shiny|100/100
|-end|p1a: Vikavolt|Dynamax
|-heal|p1a: Vikavolt|100/100|[silent]
|turn|12
|
|t:|1664224122
|-start|p2a: Necrozma|Dynamax|
|-heal|p2a: Necrozma|100/100|[silent]
|move|p2a: Necrozma|Max Phantasm|p1a: Vikavolt
|-damage|p1a: Vikavolt|74/100
|-unboost|p1a: Vikavolt|def|1
|move|p1a: Vikavolt|Bug Buzz|p2a: Necrozma
|-damage|p2a: Necrozma|83/100
|
|upkeep
|turn|13
|
|t:|1664224137
|move|p2a: Necrozma|Max Phantasm|p1a: Vikavolt
|-damage|p1a: Vikavolt|50/100
|-unboost|p1a: Vikavolt|def|1
|move|p1a: Vikavolt|Charge Beam|p2a: Necrozma
|-damage|p2a: Necrozma|74/100
|-boost|p1a: Vikavolt|spa|1
|
|upkeep
|turn|14
|
|t:|1664224148
|move|p2a: Necrozma|Max Phantasm|p1a: Vikavolt
|-damage|p1a: Vikavolt|23/100
|-unboost|p1a: Vikavolt|def|1
|move|p1a: Vikavolt|Bug Buzz|p2a: Necrozma
|-damage|p2a: Necrozma|50/100
|
|upkeep
|-end|p2a: Necrozma|Dynamax
|-heal|p2a: Necrozma|50/100|[silent]
|turn|15
|
|t:|1664224158
|move|p2a: Necrozma|Morning Sun|p2a: Necrozma
|-heal|p2a: Necrozma|99/100
|move|p1a: Vikavolt|Bug Buzz|p2a: Necrozma
|-damage|p2a: Necrozma|48/100
|
|upkeep
|turn|16
|c|☆the bugcatcher pr|vika tough
|
|t:|1664224167
|move|p2a: Necrozma|Moongeist Beam|p1a: Vikavolt
|-damage|p1a: Vikavolt|2/100
|move|p1a: Vikavolt|Bug Buzz|p2a: Necrozma
|-damage|p2a: Necrozma|2/100
|
|upkeep
|turn|17
|c|☆WhiteCapeMarth|hes a tough boi
|
|t:|1664224179
|move|p2a: Necrozma|Moongeist Beam|p1a: Vikavolt
|-damage|p1a: Vikavolt|0 fnt
|faint|p1a: Vikavolt
|
|upkeep
|c|☆the bugcatcher pr|i would like to use scisor
|c|☆the bugcatcher pr|but ill just show off :D
|c|☆the bugcatcher pr|what will it cost me tho...
|
|t:|1664224220
|switch|p1a: Centiskorch|Centiskorch, F|100/100
|turn|18
|
|t:|1664224235
|move|p2a: Necrozma|Morning Sun|p2a: Necrozma
|-heal|p2a: Necrozma|52/100
|move|p1a: Centiskorch|Fire Lash|p2a: Necrozma
|-damage|p2a: Necrozma|27/100
|-unboost|p2a: Necrozma|def|1
|
|upkeep
|turn|19
|
|t:|1664224243
|move|p2a: Necrozma|Morning Sun|p2a: Necrozma
|-heal|p2a: Necrozma|77/100
|move|p1a: Centiskorch|Fire Lash|p2a: Necrozma
|-damage|p2a: Necrozma|43/100
|-unboost|p2a: Necrozma|def|1
|
|upkeep
|turn|20
|
|t:|1664224251
|move|p2a: Necrozma|Morning Sun|p2a: Necrozma
|-heal|p2a: Necrozma|93/100
|move|p1a: Centiskorch|Leech Life|p2a: Necrozma
|-damage|p2a: Necrozma|44/100
|
|upkeep
|turn|21
|
|t:|1664224259
|move|p2a: Necrozma|Moongeist Beam|p1a: Centiskorch
|-damage|p1a: Centiskorch|73/100
|move|p1a: Centiskorch|Fire Lash|p2a: Necrozma
|-damage|p2a: Necrozma|0 fnt
|faint|p2a: Necrozma
|
|upkeep
|c|☆the bugcatcher pr|boink
|
|t:|1664224267
|switch|p2a: Krookodile|Krookodile, F|100/100
|turn|22
|
|t:|1664224272
|move|p2a: Krookodile|Hone Claws|p2a: Krookodile
|-boost|p2a: Krookodile|atk|1
|-boost|p2a: Krookodile|accuracy|1
|move|p1a: Centiskorch|Power Whip|p2a: Krookodile|[miss]
|-miss|p1a: Centiskorch|p2a: Krookodile
|
|upkeep
|turn|23
|c|☆the bugcatcher pr|he he
|
|t:|1664224282
|move|p2a: Krookodile|Earthquake|p1a: Centiskorch
|-damage|p1a: Centiskorch|0 fnt
|faint|p1a: Centiskorch
|-ability|p2a: Krookodile|Moxie|boost
|-boost|p2a: Krookodile|atk|1
|
|upkeep
|
|t:|1664224287
|switch|p1a: Buzzwole|Buzzwole|100/100
|turn|24
|c|☆the bugcatcher pr|buff ness
|c|☆WhiteCapeMarth|buzz too swole
|c|☆WhiteCapeMarth|xD
|c|☆the bugcatcher pr|gg
|c|☆WhiteCapeMarth|gg mane
|
|t:|1664224309
|move|p2a: Krookodile|Hone Claws|p2a: Krookodile
|-boost|p2a: Krookodile|atk|1
|-boost|p2a: Krookodile|accuracy|1
|move|p1a: Buzzwole|Bulk Up|p1a: Buzzwole
|-boost|p1a: Buzzwole|atk|1
|-boost|p1a: Buzzwole|def|1
|
|upkeep
|turn|25
|
|t:|1664224319
|move|p2a: Krookodile|Hone Claws|p2a: Krookodile
|-boost|p2a: Krookodile|atk|1
|-boost|p2a: Krookodile|accuracy|1
|move|p1a: Buzzwole|Bulk Up|p1a: Buzzwole
|-boost|p1a: Buzzwole|atk|1
|-boost|p1a: Buzzwole|def|1
|
|upkeep
|turn|26
|c|☆the bugcatcher pr|hit  me!
|
|t:|1664224328
|move|p2a: Krookodile|Power Trip|p1a: Buzzwole
|-resisted|p1a: Buzzwole
|-damage|p1a: Buzzwole|69/100
|move|p1a: Buzzwole|Bulk Up|p1a: Buzzwole
|-boost|p1a: Buzzwole|atk|1
|-boost|p1a: Buzzwole|def|1
|
|upkeep
|turn|27
|c|☆the bugcatcher pr|:/
|c|☆WhiteCapeMarth|:(
|
|t:|1664224339
|move|p2a: Krookodile|Earthquake|p1a: Buzzwole
|-resisted|p1a: Buzzwole
|-damage|p1a: Buzzwole|55/100
|move|p1a: Buzzwole|Drain Punch|p2a: Krookodile
|-supereffective|p2a: Krookodile
|-damage|p2a: Krookodile|0 fnt
|-heal|p1a: Buzzwole|95/100|[from] drain|[of] p2a: Krookodile
|faint|p2a: Krookodile
|
|win|the bugcatcher pr
|c|☆the bugcatcher pr|nice battle
|c|☆the bugcatcher pr|i had luck
|c|☆WhiteCapeMarth|nice battle mane
|l|☆WhiteCapeMarth
|c|☆the bugcatcher pr|monobug tho :D
