|j|☆amnael1
|j|☆testinthisgarbage
|t:|1656074533
|gametype|singles
|player|p1|amnael1|dawn|1909
|player|p2|testinthisgarbage|preschooler|1867
|teamsize|p1|6
|teamsize|p2|6
|gen|8
|tier|[Gen 8] National Dex AG
|rated|
|rule|HP Percentage Mod: HP is shown in percentages
|rule|Endless Battle Clause: Forcing endless battles is banned
|clearpoke
|poke|p1|Smeargle, F|
|poke|p1|Groudon|
|poke|p1|Espeon, M|
|poke|p1|Rayquaza|
|poke|p1|Xerneas-*|
|poke|p1|Zacian-*|
|poke|p2|Krookodile, M|
|poke|p2|Zacian-*|
|poke|p2|Slurpuff, F|
|poke|p2|Urshifu-*, M|
|poke|p2|Kyogre|
|poke|p2|Greninja, M|
|teampreview
|
|t:|1656074542
|start
|switch|p1a: Groudon|Groudon|100/100
|switch|p2a: Krookodile|Krookodile, M|100/100
|-ability|p2a: Krookodile|Intimidate|boost
|-unboost|p1a: Groudon|atk|1
|detailschange|p1a: Groudon|Groudon-Primal
|-primal|p1a: Groudon
|-weather|DesolateLand|[from] ability: Desolate Land|[of] p1a: Groudon
|turn|1
|
|t:|1656074548
|-weather|none
|switch|p1a: Espeon|Espeon, M|100/100
|move|p2a: Krookodile|Earthquake|p1a: Espeon
|-damage|p1a: Espeon|30/100
|
|upkeep
|turn|2
|
|t:|1656074552
|move|p1a: Espeon|Yawn|p2a: Krookodile
|-start|p2a: Krookodile|move: Yawn|[of] p1a: Espeon
|move|p2a: Krookodile|Earthquake|p1a: Espeon
|-damage|p1a: Espeon|0 fnt
|faint|p1a: Espeon
|
|upkeep
|
|t:|1656074555
|switch|p1a: Smeargle|Smeargle, F|100/100
|turn|3
|
|t:|1656074558
|move|p2a: Krookodile|Taunt|p1a: Smeargle
|-start|p1a: Smeargle|move: Taunt
|cant|p1a: Smeargle|move: Taunt|Shift Gear
|
|-end|p2a: Krookodile|move: Yawn|[silent]
|-status|p2a: Krookodile|slp
|-ability|p1a: Smeargle|Moody|boost
|-boost|p1a: Smeargle|spe|2
|-unboost|p1a: Smeargle|spa|1
|upkeep
|turn|4
|
|t:|1656074563
|switch|p1a: Groudon|Groudon-Primal|100/100
|-weather|DesolateLand|[from] ability: Desolate Land|[of] p1a: Groudon
|switch|p2a: Urshifu|Urshifu-Rapid-Strike, M|100/100
|
|-weather|DesolateLand|[upkeep]
|upkeep
|turn|5
|
|t:|1656074567
|switch|p2a: Slurpuff|Slurpuff, F|100/100
|move|p1a: Groudon|Stealth Rock|p2a: Slurpuff
|-sidestart|p2: testinthisgarbage|move: Stealth Rock
|
|-weather|DesolateLand|[upkeep]
|upkeep
|turn|6
|
|t:|1656074573
|-weather|none
|switch|p1a: Xerneas|Xerneas|100/100
|-ability|p1a: Xerneas|Fairy Aura
|move|p2a: Slurpuff|Sticky Web|p1a: Xerneas
|-sidestart|p1: amnael1|move: Sticky Web
|
|upkeep
|turn|7
|
|t:|1656074577
|move|p2a: Slurpuff|Magic Coat|p2a: Slurpuff
|-singleturn|p2a: Slurpuff|move: Magic Coat
|move|p1a: Xerneas|Geomancy||[still]
|-prepare|p1a: Xerneas|Geomancy
|-enditem|p1a: Xerneas|Power Herb
|-anim|p1a: Xerneas|Geomancy|p1a: Xerneas
|-boost|p1a: Xerneas|spa|2
|-boost|p1a: Xerneas|spd|2
|-boost|p1a: Xerneas|spe|2
|
|upkeep
|turn|8
|
|t:|1656074584
|move|p1a: Xerneas|Moonblast|p2a: Slurpuff
|-enditem|p2a: Slurpuff|Focus Sash
|-damage|p2a: Slurpuff|1/100
|-unboost|p2a: Slurpuff|spa|1
|move|p2a: Slurpuff|Endeavor|p1a: Xerneas
|-damage|p1a: Xerneas|1/100
|
|upkeep
|turn|9
|
|t:|1656074587
|move|p2a: Slurpuff|Misty Explosion|p1a: Xerneas
|-damage|p1a: Xerneas|0 fnt
|faint|p2a: Slurpuff
|faint|p1a: Xerneas
|
|upkeep
|
|t:|1656074595
|switch|p2a: Zacian|Zacian-Crowned|100/100
|switch|p1a: Smeargle|Smeargle, F|100/100
|-damage|p2a: Zacian|94/100|[from] Stealth Rock
|-ability|p2a: Zacian|Intrepid Sword|boost
|-boost|p2a: Zacian|atk|1
|-activate|p1a: Smeargle|move: Sticky Web
|-unboost|p1a: Smeargle|spe|1
|turn|10
|
|t:|1656074597
|move|p2a: Zacian|Substitute|p2a: Zacian
|-start|p2a: Zacian|Substitute
|-damage|p2a: Zacian|69/100
|move|p1a: Smeargle|Shift Gear|p1a: Smeargle
|-boost|p1a: Smeargle|spe|2
|-boost|p1a: Smeargle|atk|1
|
|-ability|p1a: Smeargle|Moody|boost
|-boost|p1a: Smeargle|atk|2
|-unboost|p1a: Smeargle|def|1
|upkeep
|turn|11
|
|t:|1656074600
|move|p1a: Smeargle|Spiky Shield|p1a: Smeargle
|-singleturn|p1a: Smeargle|move: Protect
|move|p2a: Zacian|Behemoth Blade|p1a: Smeargle
|-activate|p1a: Smeargle|move: Protect
|-damage|p2a: Zacian|57/100|[from] Spiky Shield|[of] p1a: Smeargle
|
|-ability|p1a: Smeargle|Moody|boost
|-boost|p1a: Smeargle|spa|2
|-unboost|p1a: Smeargle|def|1
|upkeep
|turn|12
|
|t:|1656074602
|move|p1a: Smeargle|Shift Gear|p1a: Smeargle
|-boost|p1a: Smeargle|spe|2
|-boost|p1a: Smeargle|atk|1
|move|p2a: Zacian|Behemoth Blade|p1a: Smeargle
|-enditem|p1a: Smeargle|Focus Sash
|-damage|p1a: Smeargle|1/100
|
|-ability|p1a: Smeargle|Moody|boost
|-boost|p1a: Smeargle|spe|2
|-unboost|p1a: Smeargle|atk|1
|upkeep
|turn|13
|
|t:|1656074606
|move|p1a: Smeargle|Spiky Shield|p1a: Smeargle
|-singleturn|p1a: Smeargle|move: Protect
|move|p2a: Zacian|Close Combat|p1a: Smeargle
|-activate|p1a: Smeargle|move: Protect
|-damage|p2a: Zacian|45/100|[from] Spiky Shield|[of] p1a: Smeargle
|
|-ability|p1a: Smeargle|Moody|boost
|-boost|p1a: Smeargle|spa|2
|-unboost|p1a: Smeargle|spd|1
|upkeep
|turn|14
|
|t:|1656074609
|move|p1a: Smeargle|Spiky Shield|p1a: Smeargle
|-singleturn|p1a: Smeargle|move: Protect
|move|p2a: Zacian|Behemoth Blade|p1a: Smeargle
|-activate|p1a: Smeargle|move: Protect
|-damage|p2a: Zacian|32/100|[from] Spiky Shield|[of] p1a: Smeargle
|
|-ability|p1a: Smeargle|Moody|boost
|-boost|p1a: Smeargle|spa|2
|-unboost|p1a: Smeargle|def|1
|upkeep
|turn|15
|
|t:|1656074614
|move|p1a: Smeargle|Shift Gear|p1a: Smeargle
|-boost|p1a: Smeargle|spe|1
|-boost|p1a: Smeargle|atk|1
|move|p2a: Zacian|Behemoth Blade|p1a: Smeargle
|-damage|p1a: Smeargle|0 fnt
|faint|p1a: Smeargle
|
|upkeep
|c|☆testinthisgarbage|bruh
|
|t:|1656074615
|switch|p1a: Groudon|Groudon-Primal|100/100
|-activate|p1a: Groudon|move: Sticky Web
|-unboost|p1a: Groudon|spe|1
|-weather|DesolateLand|[from] ability: Desolate Land|[of] p1a: Groudon
|turn|16
|
|t:|1656074619
|move|p2a: Zacian|Close Combat|p1a: Groudon
|-damage|p1a: Groudon|41/100
|-unboost|p2a: Zacian|def|1
|-unboost|p2a: Zacian|spd|1
|move|p1a: Groudon|Roar|p2a: Zacian
|drag|p2a: Urshifu|Urshifu-Rapid-Strike, M|100/100
|-damage|p2a: Urshifu|94/100|[from] Stealth Rock
|
|-weather|DesolateLand|[upkeep]
|upkeep
|turn|17
|
|t:|1656074633
|move|p2a: Urshifu|Close Combat|p1a: Groudon
|-damage|p1a: Groudon|0 fnt
|-unboost|p2a: Urshifu|def|1
|-unboost|p2a: Urshifu|spd|1
|faint|p1a: Groudon
|-weather|none
|-damage|p2a: Urshifu|84/100|[from] item: Life Orb
|
|upkeep
|j| ywl19260817
|
|t:|1656074636
|switch|p1a: Rayquaza|Rayquaza|100/100
|-ability|p1a: Rayquaza|Air Lock
|turn|18
|
|t:|1656074639
|switch|p2a: Krookodile|Krookodile, M|100/100 slp
|-damage|p2a: Krookodile|94/100 slp|[from] Stealth Rock
|-ability|p2a: Krookodile|Intimidate|boost
|-unboost|p1a: Rayquaza|atk|1
|detailschange|p1a: Rayquaza|Rayquaza-Mega
|-mega|p1a: Rayquaza|Rayquaza|
|-weather|DeltaStream|[from] ability: Delta Stream|[of] p1a: Rayquaza
|move|p1a: Rayquaza|Dragon Ascent|p2a: Krookodile
|-damage|p2a: Krookodile|38/100 slp
|-unboost|p1a: Rayquaza|def|1
|-unboost|p1a: Rayquaza|spd|1
|-damage|p1a: Rayquaza|84/100|[from] item: Rocky Helmet|[of] p2a: Krookodile
|
|-weather|DeltaStream|[upkeep]
|upkeep
|turn|19
|
|t:|1656074644
|move|p1a: Rayquaza|Dragon Dance|p1a: Rayquaza
|-boost|p1a: Rayquaza|atk|1
|-boost|p1a: Rayquaza|spe|1
|cant|p2a: Krookodile|slp
|
|-weather|DeltaStream|[upkeep]
|upkeep
|turn|20
|j| Zubitop
|
|t:|1656074648
|switch|p2a: Urshifu|Urshifu-Rapid-Strike, M|84/100
|-damage|p2a: Urshifu|78/100|[from] Stealth Rock
|move|p1a: Rayquaza|Dragon Dance|p1a: Rayquaza
|-boost|p1a: Rayquaza|atk|1
|-boost|p1a: Rayquaza|spe|1
|
|-weather|DeltaStream|[upkeep]
|upkeep
|turn|21
|
|t:|1656074653
|switch|p2a: Krookodile|Krookodile, M|38/100 slp
|-damage|p2a: Krookodile|32/100 slp|[from] Stealth Rock
|-ability|p2a: Krookodile|Intimidate|boost
|-unboost|p1a: Rayquaza|atk|1
|move|p1a: Rayquaza|Dragon Ascent|p2a: Krookodile
|-damage|p2a: Krookodile|0 fnt
|-unboost|p1a: Rayquaza|def|1
|-unboost|p1a: Rayquaza|spd|1
|-damage|p1a: Rayquaza|67/100|[from] item: Rocky Helmet|[of] p2a: Krookodile
|faint|p2a: Krookodile
|
|-weather|DeltaStream|[upkeep]
|upkeep
|
|t:|1656074656
|switch|p2a: Kyogre|Kyogre|100/100
|-damage|p2a: Kyogre|88/100|[from] Stealth Rock
|-ability|p2a: Kyogre|Drizzle|[from] deltastream|[fail]
|turn|22
|
|t:|1656074658
|-start|p2a: Kyogre|Dynamax|
|-heal|p2a: Kyogre|88/100|[silent]
|move|p1a: Rayquaza|Dragon Ascent|p2a: Kyogre
|-damage|p2a: Kyogre|47/100
|-unboost|p1a: Rayquaza|def|1
|-unboost|p1a: Rayquaza|spd|1
|move|p2a: Kyogre|Max Airstream|p1a: Rayquaza
|-damage|p1a: Rayquaza|0 fnt
|-boost|p2a: Kyogre|spe|1
|faint|p1a: Rayquaza
|-weather|none
|-damage|p2a: Kyogre|42/100|[from] item: Life Orb
|
|upkeep
|
|t:|1656074661
|switch|p1a: Zacian|Zacian-Crowned|100/100
|-activate|p1a: Zacian|move: Sticky Web
|-unboost|p1a: Zacian|spe|1
|-ability|p1a: Zacian|Intrepid Sword|boost
|-boost|p1a: Zacian|atk|1
|turn|23
|
|t:|1656074663
|move|p2a: Kyogre|Max Geyser|p1a: Zacian
|-damage|p1a: Zacian|3/100
|-weather|RainDance
|-damage|p2a: Kyogre|37/100|[from] item: Life Orb
|move|p1a: Zacian|Wild Charge|p2a: Kyogre
|-supereffective|p2a: Kyogre
|-damage|p2a: Kyogre|0 fnt
|faint|p2a: Kyogre
|-damage|p1a: Zacian|0 fnt|[from] Recoil
|faint|p1a: Zacian
|
|win|testinthisgarbage
|raw|amnael1's rating: 1909 &rarr; <strong>1887</strong><br />(-22 for losing)
|raw|testinthisgarbage's rating: 1867 &rarr; <strong>1889</strong><br />(+22 for winning)
|l|☆amnael1
