|j|‽cyclegreen93
|j|☆Emorawr79
|t:|1641069037
|gametype|singles
|player|p1|cyclegreen93|acerola|1364
|player|p2|Emorawr79|170|1484
|teamsize|p1|6
|teamsize|p2|6
|gen|8
|tier|[Gen 8] National Dex AG
|rated|
|rule|HP Percentage Mod: HP is shown in percentages
|rule|Endless Battle Clause: Forcing endless battles is banned
|clearpoke
|poke|p1|Pyukumuku, M|
|poke|p1|Blissey, F|
|poke|p1|Toxapex, F|
|poke|p1|Quagsire, M|
|poke|p1|Clefable, F|
|poke|p1|Shedinja|
|poke|p2|Calyrex-Shadow|
|poke|p2|Zacian-*|
|poke|p2|Smeargle, M|
|poke|p2|Zygarde|
|poke|p2|Ditto|
|poke|p2|Arceus-*|
|teampreview
|inactive|Battle timer is ON: inactive players will automatically lose when time's up. (requested by Emorawr79)
|inactive|cyclegreen93 also wants the timer to be on.
|inactive|cyclegreen93 has 120 seconds left.
|
|t:|1641069098
|start
|switch|p1a: Pyukumuku|Pyukumuku, M|100/100
|switch|p2a: Smeargle|Smeargle, M|100/100
|turn|1
|
|t:|1641069113
|switch|p1a: Clefable|Clefable, F|100/100
|move|p2a: Smeargle|Spore|p1a: Clefable
|-status|p1a: Clefable|slp|[from] move: Spore
|
|-ability|p2a: Smeargle|Moody|boost
|-boost|p2a: Smeargle|atk|2
|-unboost|p2a: Smeargle|spe|1
|upkeep
|turn|2
|
|t:|1641069118
|move|p2a: Smeargle|Sticky Web|p1a: Clefable
|-sidestart|p1: cyclegreen93|move: Sticky Web
|cant|p1a: Clefable|slp
|
|-ability|p2a: Smeargle|Moody|boost
|-boost|p2a: Smeargle|spe|2
|-unboost|p2a: Smeargle|spd|1
|upkeep
|turn|3
|
|t:|1641069125
|move|p2a: Smeargle|Extreme Speed|p1a: Clefable
|-damage|p1a: Clefable|88/100 slp
|cant|p1a: Clefable|slp
|
|-ability|p2a: Smeargle|Moody|boost
|-boost|p2a: Smeargle|atk|2
|-unboost|p2a: Smeargle|spd|1
|upkeep
|turn|4
|
|t:|1641069131
|switch|p2a: Ditto|Ditto|100/100
|-transform|p2a: Ditto|p1a: Clefable|[from] ability: Imposter
|cant|p1a: Clefable|slp
|
|upkeep
|turn|5
|
|t:|1641069140
|switch|p2a: Zacian|Zacian-Crowned|100/100
|-ability|p2a: Zacian|Intrepid Sword|boost
|-boost|p2a: Zacian|atk|1
|-curestatus|p1a: Clefable|slp|[msg]
|move|p1a: Clefable|Cosmic Power|p1a: Clefable
|-boost|p1a: Clefable|def|1
|-boost|p1a: Clefable|spd|1
|
|upkeep
|turn|6
|
|t:|1641069145
|switch|p1a: Pyukumuku|Pyukumuku, M|100/100
|-activate|p1a: Pyukumuku|move: Sticky Web
|-unboost|p1a: Pyukumuku|spe|1
|move|p2a: Zacian|Behemoth Blade|p1a: Pyukumuku
|-resisted|p1a: Pyukumuku
|-damage|p1a: Pyukumuku|77/100
|
|upkeep
|turn|7
|
|t:|1641069151
|move|p2a: Zacian|Wild Charge|p1a: Pyukumuku
|-supereffective|p1a: Pyukumuku
|-damage|p1a: Pyukumuku|22/100
|-damage|p2a: Zacian|87/100|[from] Recoil
|move|p1a: Pyukumuku|Block|p2a: Zacian
|-activate|p2a: Zacian|trapped
|
|upkeep
|turn|8
|
|t:|1641069156
|move|p2a: Zacian|Play Rough|p1a: Pyukumuku
|-damage|p1a: Pyukumuku|0 fnt
|faint|p1a: Pyukumuku
|
|upkeep
|
|t:|1641069162
|switch|p1a: Quagsire|Quagsire, M|100/100
|-activate|p1a: Quagsire|move: Sticky Web
|-unboost|p1a: Quagsire|spe|1
|turn|9
|
|t:|1641069168
|switch|p2a: Ditto|Ditto|100/100
|-transform|p2a: Ditto|p1a: Quagsire|[from] ability: Imposter
|move|p1a: Quagsire|Protect||[still]
|-fail|p1a: Quagsire
|
|upkeep
|turn|10
|
|t:|1641069197
|switch|p2a: Arceus|Arceus|100/100
|move|p1a: Quagsire|Stockpile|p1a: Quagsire
|-start|p1a: Quagsire|stockpile1
|-boost|p1a: Quagsire|def|1
|-boost|p1a: Quagsire|spd|1
|
|upkeep
|turn|11
|
|t:|1641069208
|move|p1a: Quagsire|Protect|p1a: Quagsire
|-singleturn|p1a: Quagsire|Protect
|move|p2a: Arceus|Extreme Speed|p1a: Quagsire
|-activate|p1a: Quagsire|move: Protect
|
|upkeep
|turn|12
|
|t:|1641069214
|switch|p2a: Calyrex|Calyrex-Shadow|100/100
|-ability|p2a: Calyrex|As One
|-ability|p2a: Calyrex|Unnerve
|move|p1a: Quagsire|Stockpile|p1a: Quagsire
|-start|p1a: Quagsire|stockpile2
|-boost|p1a: Quagsire|def|1
|-boost|p1a: Quagsire|spd|1
|
|upkeep
|turn|13
|
|t:|1641069219
|move|p1a: Quagsire|Protect|p1a: Quagsire
|-singleturn|p1a: Quagsire|Protect
|move|p2a: Calyrex|Astral Barrage|p1a: Quagsire
|-activate|p1a: Quagsire|move: Protect
|
|upkeep
|turn|14
|
|t:|1641069225
|move|p2a: Calyrex|Astral Barrage|p1a: Quagsire
|-damage|p1a: Quagsire|53/100
|move|p1a: Quagsire|Stockpile|p1a: Quagsire
|-start|p1a: Quagsire|stockpile3
|-boost|p1a: Quagsire|def|1
|-boost|p1a: Quagsire|spd|1
|
|-heal|p1a: Quagsire|59/100|[from] item: Leftovers
|upkeep
|turn|15
|
|t:|1641069230
|move|p1a: Quagsire|Protect|p1a: Quagsire
|-singleturn|p1a: Quagsire|Protect
|move|p2a: Calyrex|Astral Barrage|p1a: Quagsire
|-activate|p1a: Quagsire|move: Protect
|
|-heal|p1a: Quagsire|65/100|[from] item: Leftovers
|upkeep
|turn|16
|
|t:|1641069236
|move|p2a: Calyrex|Leaf Storm|p1a: Quagsire
|-supereffective|p1a: Quagsire
|-crit|p1a: Quagsire
|-damage|p1a: Quagsire|0 fnt
|-unboost|p2a: Calyrex|spa|2
|faint|p1a: Quagsire
|-ability|p2a: Calyrex|Grim Neigh|boost
|-boost|p2a: Calyrex|spa|1
|
|upkeep
|
|t:|1641069241
|switch|p1a: Blissey|Blissey, F|100/100
|-activate|p1a: Blissey|move: Sticky Web
|-unboost|p1a: Blissey|spe|1
|turn|17
|
|t:|1641069246
|move|p2a: Calyrex|Baton Pass|p2a: Calyrex
|
|t:|1641069249
|switch|p2a: Zacian|Zacian-Crowned|87/100|[from]move: Baton Pass
|-ability|p2a: Zacian|Intrepid Sword|boost
|-boost|p2a: Zacian|atk|1
|move|p1a: Blissey|Defense Curl|p1a: Blissey
|-boost|p1a: Blissey|def|1
|
|upkeep
|turn|18
|
|t:|1641069255
|switch|p2a: Ditto|Ditto|100/100
|-transform|p2a: Ditto|p1a: Blissey|[from] ability: Imposter
|move|p1a: Blissey|Block|p2a: Ditto
|-activate|p2a: Ditto|trapped
|
|upkeep
|turn|19
|
|t:|1641069270
|move|p2a: Ditto|Stealth Rock|p1a: Blissey
|-sidestart|p1: cyclegreen93|move: Stealth Rock
|move|p1a: Blissey|Defense Curl|p1a: Blissey
|-boost|p1a: Blissey|def|1
|
|upkeep
|turn|20
|
|t:|1641069299
|move|p2a: Ditto|Stealth Rock||[still]
|-fail|p2a: Ditto
|move|p1a: Blissey|Defense Curl|p1a: Blissey
|-boost|p1a: Blissey|def|1
|
|upkeep
|turn|21
|
|t:|1641069307
|move|p2a: Ditto|Stealth Rock||[still]
|-fail|p2a: Ditto
|move|p1a: Blissey|Defense Curl|p1a: Blissey
|-boost|p1a: Blissey|def|1
|
|upkeep
|turn|22
|
|t:|1641069312
|move|p2a: Ditto|Stealth Rock||[still]
|-fail|p2a: Ditto
|move|p1a: Blissey|Defense Curl|p1a: Blissey
|-boost|p1a: Blissey|def|1
|
|upkeep
|turn|23
|
|t:|1641069317
|move|p2a: Ditto|Stealth Rock||[still]
|-fail|p2a: Ditto
|move|p1a: Blissey|Defense Curl|p1a: Blissey
|-boost|p1a: Blissey|def|1
|
|upkeep
|turn|24
|
|t:|1641069323
|-activate|p2a: Ditto|move: Struggle
|move|p2a: Ditto|Struggle|p1a: Blissey
|-damage|p1a: Blissey|99/100
|-damage|p2a: Ditto|75/100|[from] recoil
|move|p1a: Blissey|Defense Curl||[still]
|-boost|p1a: Blissey|def|0
|-fail|p1a: Blissey
|
|-heal|p1a: Blissey|100/100|[from] item: Leftovers
|upkeep
|turn|25
|
|t:|1641069330
|-activate|p2a: Ditto|move: Struggle
|move|p2a: Ditto|Struggle|p1a: Blissey
|-damage|p1a: Blissey|99/100
|-damage|p2a: Ditto|50/100|[from] recoil
|move|p1a: Blissey|Defense Curl||[still]
|-boost|p1a: Blissey|def|0
|-fail|p1a: Blissey
|
|-heal|p1a: Blissey|100/100|[from] item: Leftovers
|upkeep
|turn|26
|
|t:|1641069338
|-activate|p2a: Ditto|move: Struggle
|move|p2a: Ditto|Struggle|p1a: Blissey
|-damage|p1a: Blissey|99/100
|-damage|p2a: Ditto|25/100|[from] recoil
|move|p1a: Blissey|Defense Curl||[still]
|-boost|p1a: Blissey|def|0
|-fail|p1a: Blissey
|
|-heal|p1a: Blissey|100/100|[from] item: Leftovers
|upkeep
|turn|27
|
|t:|1641069348
|-activate|p2a: Ditto|move: Struggle
|move|p2a: Ditto|Struggle|p1a: Blissey
|-damage|p1a: Blissey|99/100
|-damage|p2a: Ditto|0 fnt|[from] recoil
|faint|p2a: Ditto
|move|p1a: Blissey|Defense Curl||[still]
|-boost|p1a: Blissey|def|0
|-fail|p1a: Blissey
|
|-heal|p1a: Blissey|100/100|[from] item: Leftovers
|upkeep
|
|t:|1641069361
|switch|p2a: Arceus|Arceus|100/100
|turn|28
|
|t:|1641069372
|move|p2a: Arceus|Swords Dance|p2a: Arceus
|-boost|p2a: Arceus|atk|2
|move|p1a: Blissey|Block|p2a: Arceus
|-activate|p2a: Arceus|trapped
|
|upkeep
|turn|29
|
|t:|1641069378
|move|p2a: Arceus|Swords Dance|p2a: Arceus
|-boost|p2a: Arceus|atk|2
|move|p1a: Blissey|Defense Curl||[still]
|-boost|p1a: Blissey|def|0
|-fail|p1a: Blissey
|
|upkeep
|turn|30
|inactive|cyclegreen93 has 120 seconds left.
|
|t:|1641069409
|move|p2a: Arceus|Swords Dance|p2a: Arceus
|-boost|p2a: Arceus|atk|2
|move|p1a: Blissey|Defense Curl||[still]
|-boost|p1a: Blissey|def|0
|-fail|p1a: Blissey
|
|upkeep
|turn|31
|
|t:|1641069415
|move|p2a: Arceus|Extreme Speed|p1a: Blissey
|-damage|p1a: Blissey|54/100
|move|p1a: Blissey|Defense Curl||[still]
|-boost|p1a: Blissey|def|0
|-fail|p1a: Blissey
|
|-heal|p1a: Blissey|60/100|[from] item: Leftovers
|upkeep
|turn|32
|
|t:|1641069420
|move|p2a: Arceus|Extreme Speed|p1a: Blissey
|-damage|p1a: Blissey|17/100
|move|p1a: Blissey|Defense Curl||[still]
|-boost|p1a: Blissey|def|0
|-fail|p1a: Blissey
|
|-heal|p1a: Blissey|24/100|[from] item: Leftovers
|upkeep
|turn|33
|
|t:|1641069426
|move|p2a: Arceus|Extreme Speed|p1a: Blissey
|-crit|p1a: Blissey
|-damage|p1a: Blissey|0 fnt
|faint|p1a: Blissey
|
|upkeep
|
|t:|1641069431
|switch|p1a: Clefable|Clefable, F|88/100
|-activate|p1a: Clefable|move: Sticky Web
|-unboost|p1a: Clefable|spe|1
|-damage|p1a: Clefable|75/100|[from] Stealth Rock
|turn|34
|
|t:|1641069436
|move|p2a: Arceus|Extreme Speed|p1a: Clefable
|-damage|p1a: Clefable|37/100
|move|p1a: Clefable|Soft-Boiled|p1a: Clefable
|-heal|p1a: Clefable|88/100
|
|upkeep
|turn|35
|
|t:|1641069452
|move|p2a: Arceus|Earthquake|p1a: Clefable
|-damage|p1a: Clefable|58/100
|move|p1a: Clefable|Cosmic Power|p1a: Clefable
|-boost|p1a: Clefable|def|1
|-boost|p1a: Clefable|spd|1
|
|upkeep
|turn|36
|
|t:|1641069458
|switch|p2a: Zacian|Zacian-Crowned|87/100
|-ability|p2a: Zacian|Intrepid Sword|boost
|-boost|p2a: Zacian|atk|1
|move|p1a: Clefable|Soft-Boiled|p1a: Clefable
|-heal|p1a: Clefable|100/100
|
|upkeep
|turn|37
|
|t:|1641069464
|move|p2a: Zacian|Behemoth Blade|p1a: Clefable
|-supereffective|p1a: Clefable
|-damage|p1a: Clefable|40/100
|move|p1a: Clefable|Cosmic Power|p1a: Clefable
|-boost|p1a: Clefable|def|1
|-boost|p1a: Clefable|spd|1
|
|upkeep
|turn|38
|
|t:|1641069469
|move|p2a: Zacian|Behemoth Blade|p1a: Clefable
|-supereffective|p1a: Clefable
|-damage|p1a: Clefable|0 fnt
|faint|p1a: Clefable
|
|upkeep
|
|t:|1641069475
|switch|p1a: Shedinja|Shedinja|100/100
|turn|39
|c|☆Emorawr79|You have weird stalls
|
|t:|1641069491
|switch|p2a: Calyrex|Calyrex-Shadow|100/100
|-ability|p2a: Calyrex|As One
|-ability|p2a: Calyrex|Unnerve
|move|p1a: Shedinja|Will-O-Wisp|p2a: Calyrex
|-status|p2a: Calyrex|brn
|
|-damage|p2a: Calyrex|94/100 brn|[from] brn
|upkeep
|turn|40
|
|t:|1641069497
|switch|p1a: Toxapex|Toxapex, F|100/100
|-damage|p1a: Toxapex|88/100|[from] Stealth Rock
|-activate|p1a: Toxapex|move: Sticky Web
|-unboost|p1a: Toxapex|spe|1
|move|p2a: Calyrex|Astral Barrage|p1a: Toxapex
|-damage|p1a: Toxapex|24/100
|
|-heal|p1a: Toxapex|30/100|[from] item: Black Sludge
|-damage|p2a: Calyrex|88/100 brn|[from] brn
|upkeep
|turn|41
|
|t:|1641069506
|switch|p1a: Shedinja|Shedinja|100/100
|move|p2a: Calyrex|Astral Barrage|p1a: Shedinja
|-supereffective|p1a: Shedinja
|-damage|p1a: Shedinja|0 fnt
|faint|p1a: Shedinja
|-ability|p2a: Calyrex|Grim Neigh|boost
|-boost|p2a: Calyrex|spa|1
|
|-damage|p2a: Calyrex|82/100 brn|[from] brn
|upkeep
|c|☆Emorawr79|Is more so to pp stall
|
|t:|1641069511
|switch|p1a: Toxapex|Toxapex, F|63/100
|-damage|p1a: Toxapex|51/100|[from] Stealth Rock
|-activate|p1a: Toxapex|move: Sticky Web
|-unboost|p1a: Toxapex|spe|1
|turn|42
|
|t:|1641069518
|move|p2a: Calyrex|Astral Barrage|p1a: Toxapex
|-damage|p1a: Toxapex|0 fnt
|faint|p1a: Toxapex
|
|win|Emorawr79
|raw|cyclegreen93's rating: 1383 &rarr; <strong>1369</strong><br />(-14 for losing)
|raw|Emorawr79's rating: 1484 &rarr; <strong>1498</strong><br />(+14 for winning)
