|j|☆cllout
|j|☆Callymacc
|t:|1668044778
|gametype|singles
|player|p1|cllout|misty-lgpe|1634
|player|p2|Callymacc|266|1682
|teamsize|p1|6
|teamsize|p2|6
|gen|8
|tier|[Gen 8] National Dex AG
|rated|
|rule|HP Percentage Mod: HP is shown in percentages
|rule|Endless Battle Clause: Forcing endless battles is banned
|clearpoke
|poke|p1|Rayquaza|
|poke|p1|Groudon|
|poke|p1|Necrozma-Dusk-Mane|
|poke|p1|Yveltal|
|poke|p1|Calyrex-Shadow|
|poke|p1|Shaymin-Sky|
|poke|p2|Deoxys-Speed|
|poke|p2|Calyrex-Shadow|
|poke|p2|Zacian-*|
|poke|p2|Yveltal|
|poke|p2|Rayquaza|
|poke|p2|Marshadow|
|teampreview
|inactive|Battle timer is ON: inactive players will automatically lose when time's up. (requested by Callymacc)
|inactive|cllout also wants the timer to be on.
|j| Oliku
|
|t:|1668044787
|start
|switch|p1a: Shaymin|Shaymin-Sky|100/100
|switch|p2a: Deoxys|Deoxys-Speed|100/100
|-ability|p2a: Deoxys|Pressure
|turn|1
|
|t:|1668044794
|move|p1a: Shaymin|Air Slash|p2a: Deoxys
|-damage|p2a: Deoxys|50/100
|cant|p2a: Deoxys|flinch
|
|upkeep
|turn|2
|
|t:|1668044800
|switch|p2a: Zacian|Zacian-Crowned|100/100
|-ability|p2a: Zacian|Intrepid Sword|boost
|-boost|p2a: Zacian|atk|1
|move|p1a: Shaymin|Air Slash|p2a: Zacian
|-resisted|p2a: Zacian
|-damage|p2a: Zacian|83/100
|
|upkeep
|turn|3
|
|t:|1668044806
|switch|p1a: Necrozma|Necrozma-Dusk-Mane|100/100
|move|p2a: Zacian|Close Combat|p1a: Necrozma
|-damage|p1a: Necrozma|59/100
|-unboost|p2a: Zacian|def|1
|-unboost|p2a: Zacian|spd|1
|-damage|p2a: Zacian|66/100|[from] item: Rocky Helmet|[of] p1a: Necrozma
|
|upkeep
|turn|4
|
|t:|1668044810
|switch|p2a: Yveltal|Yveltal|100/100
|-ability|p2a: Yveltal|Dark Aura
|move|p1a: Necrozma|Morning Sun|p1a: Necrozma
|-heal|p1a: Necrozma|100/100
|
|upkeep
|turn|5
|
|t:|1668044816
|move|p2a: Yveltal|Dark Pulse|p1a: Necrozma
|-supereffective|p1a: Necrozma
|-damage|p1a: Necrozma|20/100
|-damage|p2a: Yveltal|91/100|[from] item: Life Orb
|move|p1a: Necrozma|Thunder Wave|p2a: Yveltal
|-status|p2a: Yveltal|par
|
|upkeep
|turn|6
|
|t:|1668044827
|switch|p1a: Yveltal|Yveltal, shiny|100/100
|-ability|p1a: Yveltal|Dark Aura
|move|p2a: Yveltal|Dark Pulse|p1a: Yveltal
|-resisted|p1a: Yveltal
|-damage|p1a: Yveltal|76/100
|-damage|p2a: Yveltal|81/100 par|[from] item: Life Orb
|
|upkeep
|turn|7
|
|t:|1668044836
|move|p1a: Yveltal|Oblivion Wing|p2a: Yveltal
|-crit|p2a: Yveltal
|-damage|p2a: Yveltal|33/100 par
|-heal|p1a: Yveltal|100/100|[from] drain|[of] p2a: Yveltal
|move|p2a: Yveltal|Oblivion Wing|p1a: Yveltal
|-damage|p1a: Yveltal|65/100
|-heal|p2a: Yveltal|60/100 par|[from] drain|[of] p1a: Yveltal
|-damage|p2a: Yveltal|50/100 par|[from] item: Life Orb
|
|upkeep
|turn|8
|
|t:|1668044847
|switch|p2a: Zacian|Zacian-Crowned|66/100
|-ability|p2a: Zacian|Intrepid Sword|boost
|-boost|p2a: Zacian|atk|1
|move|p1a: Yveltal|Oblivion Wing|p2a: Zacian
|-resisted|p2a: Zacian
|-crit|p2a: Zacian
|-damage|p2a: Zacian|43/100
|-heal|p1a: Yveltal|79/100|[from] drain|[of] p2a: Zacian
|
|upkeep
|turn|9
|
|t:|1668044857
|switch|p1a: Groudon|Groudon|100/100
|detailschange|p1a: Groudon|Groudon-Primal
|-primal|p1a: Groudon
|-weather|DesolateLand|[from] ability: Desolate Land|[of] p1a: Groudon
|move|p2a: Zacian|Behemoth Blade|p1a: Groudon
|-resisted|p1a: Groudon
|-damage|p1a: Groudon|76/100
|
|-weather|DesolateLand|[upkeep]
|upkeep
|turn|10
|
|t:|1668044865
|move|p2a: Zacian|Close Combat|p1a: Groudon
|-damage|p1a: Groudon|33/100
|-unboost|p2a: Zacian|def|1
|-unboost|p2a: Zacian|spd|1
|move|p1a: Groudon|Stealth Rock|p2a: Zacian
|-sidestart|p2: Callymacc|move: Stealth Rock
|
|-weather|DesolateLand|[upkeep]
|upkeep
|turn|11
|l| Oliku
|
|t:|1668044874
|-weather|none
|switch|p1a: Calyrex|Calyrex-Shadow|100/100
|-ability|p1a: Calyrex|As One
|-ability|p1a: Calyrex|Unnerve
|move|p2a: Zacian|Close Combat|p1a: Calyrex
|-immune|p1a: Calyrex
|
|upkeep
|turn|12
|
|t:|1668044880
|switch|p2a: Yveltal|Yveltal|50/100 par
|-damage|p2a: Yveltal|25/100 par|[from] Stealth Rock
|-ability|p2a: Yveltal|Dark Aura
|move|p1a: Calyrex|Astral Barrage|p2a: Yveltal
|-resisted|p2a: Yveltal
|-damage|p2a: Yveltal|0 fnt
|faint|p2a: Yveltal
|-ability|p1a: Calyrex|Grim Neigh|boost
|-boost|p1a: Calyrex|spa|1
|
|upkeep
|
|t:|1668044884
|switch|p2a: Deoxys|Deoxys-Speed|50/100
|-damage|p2a: Deoxys|38/100|[from] Stealth Rock
|-ability|p2a: Deoxys|Pressure
|turn|13
|
|t:|1668044890
|move|p2a: Deoxys|Knock Off|p1a: Calyrex
|-supereffective|p1a: Calyrex
|-enditem|p1a: Calyrex|Focus Sash
|-damage|p1a: Calyrex|1/100
|move|p1a: Calyrex|Astral Barrage|p2a: Deoxys
|-supereffective|p2a: Deoxys
|-damage|p2a: Deoxys|0 fnt
|faint|p2a: Deoxys
|-ability|p1a: Calyrex|Grim Neigh|boost
|-boost|p1a: Calyrex|spa|1
|
|upkeep
|
|t:|1668044893
|switch|p2a: Marshadow|Marshadow|100/100
|-damage|p2a: Marshadow|94/100|[from] Stealth Rock
|turn|14
|
|t:|1668044901
|switch|p1a: Yveltal|Yveltal, shiny|79/100
|-ability|p1a: Yveltal|Dark Aura
|move|p2a: Marshadow|Shadow Sneak|p1a: Yveltal
|-resisted|p1a: Yveltal
|-damage|p1a: Yveltal|66/100
|
|upkeep
|turn|15
|
|t:|1668044907
|switch|p2a: Zacian|Zacian-Crowned|43/100
|-damage|p2a: Zacian|37/100|[from] Stealth Rock
|-ability|p2a: Zacian|Intrepid Sword|boost
|-boost|p2a: Zacian|atk|1
|move|p1a: Yveltal|Oblivion Wing|p2a: Zacian
|-resisted|p2a: Zacian
|-damage|p2a: Zacian|20/100
|-heal|p1a: Yveltal|77/100|[from] drain|[of] p2a: Zacian
|
|upkeep
|turn|16
|
|t:|1668044926
|move|p2a: Zacian|Behemoth Blade|p1a: Yveltal
|-damage|p1a: Yveltal|0 fnt
|faint|p1a: Yveltal
|
|upkeep
|
|t:|1668044933
|switch|p1a: Shaymin|Shaymin-Sky|100/100
|turn|17
|
|t:|1668044943
|move|p1a: Shaymin|Earth Power|p2a: Zacian
|-supereffective|p2a: Zacian
|-damage|p2a: Zacian|0 fnt
|faint|p2a: Zacian
|
|upkeep
|
|t:|1668044945
|switch|p2a: Rayquaza|Rayquaza|100/100
|-damage|p2a: Rayquaza|76/100|[from] Stealth Rock
|-ability|p2a: Rayquaza|Air Lock
|turn|18
|
|t:|1668044967
|detailschange|p2a: Rayquaza|Rayquaza-Mega
|-mega|p2a: Rayquaza|Rayquaza|
|-weather|DeltaStream|[from] ability: Delta Stream|[of] p2a: Rayquaza
|-start|p1a: Shaymin|Dynamax|
|-heal|p1a: Shaymin|100/100|[silent]
|move|p2a: Rayquaza|Dragon Ascent|p1a: Shaymin
|-supereffective|p1a: Shaymin
|-damage|p1a: Shaymin|0 fnt
|-unboost|p2a: Rayquaza|def|1
|-unboost|p2a: Rayquaza|spd|1
|faint|p1a: Shaymin
|
|-weather|DeltaStream|[upkeep]
|upkeep
|
|t:|1668044977
|switch|p1a: Rayquaza|Rayquaza|100/100
|-ability|p1a: Rayquaza|Air Lock
|turn|19
|
|t:|1668044986
|-weather|none
|switch|p2a: Marshadow|Marshadow|94/100
|-damage|p2a: Marshadow|88/100|[from] Stealth Rock
|detailschange|p1a: Rayquaza|Rayquaza-Mega
|-mega|p1a: Rayquaza|Rayquaza|
|-weather|DeltaStream|[from] ability: Delta Stream|[of] p1a: Rayquaza
|move|p1a: Rayquaza|Dragon Dance|p1a: Rayquaza
|-boost|p1a: Rayquaza|atk|1
|-boost|p1a: Rayquaza|spe|1
|
|-weather|DeltaStream|[upkeep]
|upkeep
|turn|20
|
|t:|1668045003
|move|p2a: Marshadow|Shadow Sneak|p1a: Rayquaza
|-damage|p1a: Rayquaza|70/100
|move|p1a: Rayquaza|Earthquake|p2a: Marshadow
|-damage|p2a: Marshadow|0 fnt
|faint|p2a: Marshadow
|-damage|p1a: Rayquaza|60/100|[from] item: Life Orb
|
|-weather|DeltaStream|[upkeep]
|upkeep
|
|t:|1668045017
|switch|p2a: Rayquaza|Rayquaza-Mega|76/100
|-damage|p2a: Rayquaza|51/100|[from] Stealth Rock
|turn|21
|
|t:|1668045021
|move|p2a: Rayquaza|Extreme Speed|p1a: Rayquaza
|-damage|p1a: Rayquaza|26/100
|move|p1a: Rayquaza|Dragon Ascent|p2a: Rayquaza
|-damage|p2a: Rayquaza|0 fnt
|-unboost|p1a: Rayquaza|def|1
|-unboost|p1a: Rayquaza|spd|1
|faint|p2a: Rayquaza
|-damage|p1a: Rayquaza|16/100|[from] item: Life Orb
|
|-weather|DeltaStream|[upkeep]
|upkeep
|
|t:|1668045026
|switch|p2a: Calyrex|Calyrex-Shadow|100/100
|-ability|p2a: Calyrex|As One
|-ability|p2a: Calyrex|Unnerve
|-damage|p2a: Calyrex|88/100|[from] Stealth Rock
|turn|22
|
|t:|1668045033
|-start|p2a: Calyrex|Dynamax|
|-heal|p2a: Calyrex|88/100|[silent]
|move|p1a: Rayquaza|Dragon Ascent|p2a: Calyrex
|-crit|p2a: Calyrex
|-damage|p2a: Calyrex|0 fnt
|-unboost|p1a: Rayquaza|def|1
|-unboost|p1a: Rayquaza|spd|1
|faint|p2a: Calyrex
|-damage|p1a: Rayquaza|6/100|[from] item: Life Orb
|
|win|cllout
|raw|cllout's rating: 1634 &rarr; <strong>1657</strong><br />(+23 for winning)
|raw|Callymacc's rating: 1682 &rarr; <strong>1659</strong><br />(-23 for losing)
|l|☆Callymacc
