|j|☆Glass101
|j|☆RUiNtheExtinct
|t:|1643290433
|gametype|singles
|player|p1|Glass101|rocketgrunt|1716
|player|p2|RUiNtheExtinct|red-gen7|1697
|teamsize|p1|6
|teamsize|p2|6
|gen|8
|tier|[Gen 8] National Dex AG
|rated|
|rule|HP Percentage Mod: HP is shown in percentages
|rule|Endless Battle Clause: Forcing endless battles is banned
|clearpoke
|poke|p1|Rayquaza|
|poke|p1|Arceus-*|
|poke|p1|Zacian-*|
|poke|p1|Yveltal|
|poke|p1|Groudon|
|poke|p1|Ditto|
|poke|p2|Ditto|
|poke|p2|Yveltal|
|poke|p2|Arceus-*|
|poke|p2|Groudon|
|poke|p2|Rayquaza|
|poke|p2|Zygarde|
|teampreview
|
|t:|1643290440
|start
|switch|p1a: Bidoof-|Zacian-Crowned|100/100
|switch|p2a: Rayquaza|Rayquaza|100/100
|-ability|p1a: Bidoof-|Intrepid Sword|boost
|-boost|p1a: Bidoof-|atk|1
|-ability|p2a: Rayquaza|Air Lock
|turn|1
|inactive|Battle timer is ON: inactive players will automatically lose when time's up. (requested by RUiNtheExtinct)
|
|t:|1643290450
|switch|p2a: Groudon|Groudon|100/100
|detailschange|p2a: Groudon|Groudon-Primal
|-primal|p2a: Groudon
|-weather|DesolateLand|[from] ability: Desolate Land|[of] p2a: Groudon
|move|p1a: Bidoof-|Behemoth Blade|p2a: Groudon
|-resisted|p2a: Groudon
|-damage|p2a: Groudon|73/100
|
|-weather|DesolateLand|[upkeep]
|upkeep
|turn|2
|
|t:|1643290460
|switch|p1a: Gas Powered Stick|Rayquaza|100/100
|-ability|p1a: Gas Powered Stick|Air Lock
|move|p2a: Groudon|Stealth Rock|p1a: Gas Powered Stick
|-sidestart|p1: Glass101|move: Stealth Rock
|
|-weather|DesolateLand|[upkeep]
|upkeep
|turn|3
|c|☆Glass101|Geez, laggy today :/
|
|t:|1643290469
|detailschange|p1a: Gas Powered Stick|Rayquaza-Mega
|-mega|p1a: Gas Powered Stick|Rayquaza|
|-weather|DeltaStream|[from] ability: Delta Stream|[of] p1a: Gas Powered Stick
|move|p1a: Gas Powered Stick|Surf|p2a: Groudon
|-supereffective|p2a: Groudon
|-damage|p2a: Groudon|0 fnt
|faint|p2a: Groudon
|
|-weather|DeltaStream|[upkeep]
|upkeep
|c|☆RUiNtheExtinct|sad
|
|t:|1643290477
|switch|p2a: Zygarde|Zygarde|100/100
|turn|4
|
|t:|1643290481
|move|p1a: Gas Powered Stick|Dragon Ascent|p2a: Zygarde
|-damage|p2a: Zygarde|50/100
|-unboost|p1a: Gas Powered Stick|def|1
|-unboost|p1a: Gas Powered Stick|spd|1
|move|p2a: Zygarde|Glare|p1a: Gas Powered Stick
|-status|p1a: Gas Powered Stick|par
|
|-weather|DeltaStream|[upkeep]
|-heal|p2a: Zygarde|56/100|[from] item: Leftovers
|upkeep
|turn|5
|
|t:|1643290493
|-weather|none
|switch|p1a: Bidoof-|Zacian-Crowned|100/100
|-damage|p1a: Bidoof-|94/100|[from] Stealth Rock
|-ability|p1a: Bidoof-|Intrepid Sword|boost
|-boost|p1a: Bidoof-|atk|1
|move|p2a: Zygarde|Coil|p2a: Zygarde
|-boost|p2a: Zygarde|atk|1
|-boost|p2a: Zygarde|def|1
|-boost|p2a: Zygarde|accuracy|1
|
|-heal|p2a: Zygarde|62/100|[from] item: Leftovers
|upkeep
|turn|6
|
|t:|1643290507
|move|p1a: Bidoof-|Substitute|p1a: Bidoof-
|-start|p1a: Bidoof-|Substitute
|-damage|p1a: Bidoof-|69/100
|move|p2a: Zygarde|Glare||[still]
|-fail|p2a: Zygarde
|
|-heal|p2a: Zygarde|68/100|[from] item: Leftovers
|upkeep
|turn|7
|
|t:|1643290514
|move|p1a: Bidoof-|Play Rough|p2a: Zygarde
|-supereffective|p2a: Zygarde
|-damage|p2a: Zygarde|0 fnt
|faint|p2a: Zygarde
|
|upkeep
|
|t:|1643290521
|switch|p2a: Arceus|Arceus-Flying|100/100
|turn|8
|
|t:|1643290525
|move|p1a: Bidoof-|Behemoth Blade|p2a: Arceus
|-damage|p2a: Arceus|34/100
|move|p2a: Arceus|Earthquake|p1a: Bidoof-
|-supereffective|p1a: Bidoof-
|-end|p1a: Bidoof-|Substitute
|
|upkeep
|turn|9
|
|t:|1643290533
|switch|p1a: Fingers-|Yveltal|100/100
|-damage|p1a: Fingers-|76/100|[from] Stealth Rock
|-ability|p1a: Fingers-|Dark Aura
|move|p2a: Arceus|Earthquake|p1a: Fingers-
|-immune|p1a: Fingers-
|
|upkeep
|turn|10
|
|t:|1643290541
|move|p1a: Fingers-|Dark Pulse|p2a: Arceus
|-damage|p2a: Arceus|0 fnt
|faint|p2a: Arceus
|-damage|p1a: Fingers-|66/100|[from] item: Life Orb
|
|upkeep
|
|t:|1643290546
|switch|p2a: Rayquaza|Rayquaza|100/100
|-ability|p2a: Rayquaza|Air Lock
|turn|11
|
|t:|1643290552
|detailschange|p2a: Rayquaza|Rayquaza-Mega
|-mega|p2a: Rayquaza|Rayquaza|
|-weather|DeltaStream|[from] ability: Delta Stream|[of] p2a: Rayquaza
|move|p2a: Rayquaza|Dragon Dance|p2a: Rayquaza
|-boost|p2a: Rayquaza|atk|1
|-boost|p2a: Rayquaza|spe|1
|move|p1a: Fingers-|Dark Pulse|p2a: Rayquaza
|-damage|p2a: Rayquaza|34/100
|-damage|p1a: Fingers-|56/100|[from] item: Life Orb
|
|-weather|DeltaStream|[upkeep]
|upkeep
|turn|12
|
|t:|1643290575
|move|p2a: Rayquaza|Extreme Speed|p1a: Fingers-
|-damage|p1a: Fingers-|0 fnt
|faint|p1a: Fingers-
|-damage|p2a: Rayquaza|24/100|[from] item: Life Orb
|
|-weather|DeltaStream|[upkeep]
|upkeep
|
|t:|1643290580
|switch|p1a: Ditto|Ditto|100/100
|-damage|p1a: Ditto|88/100|[from] Stealth Rock
|-transform|p1a: Ditto|p2a: Rayquaza|[from] ability: Imposter
|turn|13
|
|t:|1643290598
|move|p1a: Ditto|Extreme Speed|p2a: Rayquaza
|-damage|p2a: Rayquaza|0 fnt
|faint|p2a: Rayquaza
|
|-weather|DeltaStream|[upkeep]
|upkeep
|
|t:|1643290610
|switch|p2a: Yveltal|Yveltal|100/100
|-ability|p2a: Yveltal|Dark Aura
|turn|14
|inactive|RUiNtheExtinct has 120 seconds left.
|
|t:|1643290632
|-weather|none
|switch|p1a: Gas Powered Stick|Rayquaza-Mega|100/100 par
|-damage|p1a: Gas Powered Stick|76/100 par|[from] Stealth Rock
|-weather|DeltaStream|[from] ability: Delta Stream|[of] p1a: Gas Powered Stick
|-start|p2a: Yveltal|Dynamax
|-heal|p2a: Yveltal|100/100|[silent]
|move|p2a: Yveltal|Max Airstream|p1a: Gas Powered Stick
|-damage|p1a: Gas Powered Stick|0 fnt
|-boost|p2a: Yveltal|spe|1
|faint|p1a: Gas Powered Stick
|-weather|none
|-damage|p2a: Yveltal|96/100|[from] item: Life Orb
|
|upkeep
|
|t:|1643290650
|switch|p1a: Just God :I|Arceus|100/100
|-damage|p1a: Just God :I|88/100|[from] Stealth Rock
|turn|15
|
|t:|1643290657
|-start|p1a: Just God :I|Dynamax
|-heal|p1a: Just God :I|88/100|[silent]
|move|p1a: Just God :I|Max Guard|p1a: Just God :I
|-singleturn|p1a: Just God :I|Max Guard
|move|p2a: Yveltal|Max Darkness|p1a: Just God :I
|-activate|p1a: Just God :I|move: Max Guard
|
|-heal|p1a: Just God :I|91/100|[from] item: Leftovers
|upkeep
|turn|16
|
|t:|1643290674
|move|p2a: Yveltal|Max Darkness|p1a: Just God :I
|-damage|p1a: Just God :I|55/100
|-unboost|p1a: Just God :I|spd|1
|-damage|p2a: Yveltal|91/100|[from] item: Life Orb
|move|p1a: Just God :I|Max Strike|p2a: Yveltal
|-damage|p2a: Yveltal|53/100
|-unboost|p2a: Yveltal|spe|1
|
|-heal|p1a: Just God :I|58/100|[from] item: Leftovers
|-end|p2a: Yveltal|Dynamax
|-heal|p2a: Yveltal|53/100|[silent]
|upkeep
|turn|17
|
|t:|1643290689
|move|p2a: Yveltal|Dark Pulse|p1a: Just God :I
|-damage|p1a: Just God :I|22/100
|-damage|p2a: Yveltal|43/100|[from] item: Life Orb
|move|p1a: Just God :I|Max Strike|p2a: Yveltal
|-damage|p2a: Yveltal|0 fnt
|faint|p2a: Yveltal
|
|-heal|p1a: Just God :I|25/100|[from] item: Leftovers
|-end|p1a: Just God :I|Dynamax
|-heal|p1a: Just God :I|25/100|[silent]
|upkeep
|c|☆Glass101|Super laggy today ;-;
|c|☆RUiNtheExtinct|gg
|c|☆Glass101|Gg mate
|inactive|RUiNtheExtinct has 120 seconds left.
|-message|RUiNtheExtinct forfeited.
|
|win|Glass101
|raw|Glass101's rating: 1716 &rarr; <strong>1735</strong><br />(+19 for winning)
|raw|RUiNtheExtinct's rating: 1697 &rarr; <strong>1678</strong><br />(-19 for losing)
|l|☆RUiNtheExtinct
