|j|☆Sneed2theTop
|j|☆CLEAR GEM清瑜
|t:|1665755072
|gametype|singles
|player|p1|Sneed2theTop|n|1501
|player|p2|CLEAR GEM清瑜|skierf|1767
|teamsize|p1|6
|teamsize|p2|6
|gen|8
|tier|[Gen 8] National Dex AG
|rated|
|rule|HP Percentage Mod: HP is shown in percentages
|rule|Endless Battle Clause: Forcing endless battles is banned
|clearpoke
|poke|p1|Deoxys-Speed|
|poke|p1|Zacian-*|
|poke|p1|Necrozma-Dusk-Mane|
|poke|p1|Calyrex-Shadow|
|poke|p1|Arceus-*|
|poke|p1|Yveltal|
|poke|p2|Rayquaza|
|poke|p2|Groudon|
|poke|p2|Necrozma-Dusk-Mane|
|poke|p2|Arceus-*|
|poke|p2|Zacian-*|
|poke|p2|Yveltal|
|teampreview
|inactive|Battle timer is ON: inactive players will automatically lose when time's up. (requested by CLEAR GEM清瑜)
|
|t:|1665755088
|start
|switch|p1a: Deoxys|Deoxys-Speed|100/100
|switch|p2a: 老烈|Rayquaza, shiny|100/100
|-ability|p1a: Deoxys|Pressure
|-ability|p2a: 老烈|Air Lock
|turn|1
|
|t:|1665755103
|detailschange|p2a: 老烈|Rayquaza-Mega, shiny
|-mega|p2a: 老烈|Rayquaza|
|-weather|DeltaStream|[from] ability: Delta Stream|[of] p2a: 老烈
|move|p1a: Deoxys|Stealth Rock|p2a: 老烈
|-sidestart|p2: CLEAR GEM清瑜|move: Stealth Rock
|move|p2a: 老烈|Scale Shot|p1a: Deoxys
|-damage|p1a: Deoxys|72/100
|-damage|p1a: Deoxys|43/100
|-hitcount|p1a: Deoxys|2
|-unboost|p2a: 老烈|def|1
|-boost|p2a: 老烈|spe|1
|-damage|p2a: 老烈|91/100|[from] item: Life Orb
|
|-weather|DeltaStream|[upkeep]
|upkeep
|turn|2
|
|t:|1665755119
|move|p2a: 老烈|Extreme Speed|p1a: Deoxys
|-damage|p1a: Deoxys|0 fnt
|faint|p1a: Deoxys
|-damage|p2a: 老烈|81/100|[from] item: Life Orb
|
|-weather|DeltaStream|[upkeep]
|upkeep
|inactive|Sneed2theTop has 120 seconds left.
|
|t:|1665755140
|switch|p1a: Calyrex|Calyrex-Shadow|100/100
|-ability|p1a: Calyrex|As One
|-ability|p1a: Calyrex|Unnerve
|turn|3
|
|t:|1665755147
|-start|p1a: Calyrex|Dynamax|
|-heal|p1a: Calyrex|100/100|[silent]
|move|p2a: 老烈|Scale Shot|p1a: Calyrex
|-damage|p1a: Calyrex|85/100
|-damage|p1a: Calyrex|70/100
|-damage|p1a: Calyrex|56/100
|-damage|p1a: Calyrex|42/100
|-hitcount|p1a: Calyrex|4
|-unboost|p2a: 老烈|def|1
|-boost|p2a: 老烈|spe|1
|-damage|p2a: 老烈|71/100|[from] item: Life Orb
|move|p1a: Calyrex|Max Starfall|p2a: 老烈
|-supereffective|p2a: 老烈
|-damage|p2a: 老烈|0 fnt
|-fieldstart|move: Misty Terrain
|faint|p2a: 老烈
|-weather|none
|-ability|p1a: Calyrex|Grim Neigh|boost
|-boost|p1a: Calyrex|spa|1
|
|upkeep
|
|t:|1665755156
|switch|p2a: Y鸟|Yveltal|100/100
|-damage|p2a: Y鸟|76/100|[from] Stealth Rock
|-ability|p2a: Y鸟|Dark Aura
|turn|4
|
|t:|1665755174
|-start|p2a: Y鸟|Dynamax|
|-heal|p2a: Y鸟|76/100|[silent]
|move|p1a: Calyrex|Max Starfall|p2a: Y鸟
|-supereffective|p2a: Y鸟
|-damage|p2a: Y鸟|17/100
|move|p2a: Y鸟|Max Airstream|p1a: Calyrex
|-damage|p1a: Calyrex|0 fnt
|-boost|p2a: Y鸟|spe|1
|faint|p1a: Calyrex
|-damage|p2a: Y鸟|12/100|[from] item: Life Orb
|
|upkeep
|inactive|Sneed2theTop has 120 seconds left.
|
|t:|1665755189
|switch|p1a: Zacian|Zacian-Crowned|100/100
|-ability|p1a: Zacian|Intrepid Sword|boost
|-boost|p1a: Zacian|atk|1
|turn|5
|
|t:|1665755193
|move|p2a: Y鸟|Max Flare|p1a: Zacian
|-supereffective|p1a: Zacian
|-damage|p1a: Zacian|0 fnt
|-weather|SunnyDay
|faint|p1a: Zacian
|-damage|p2a: Y鸟|8/100|[from] item: Life Orb
|
|-weather|SunnyDay|[upkeep]
|upkeep
|-message|Sneed2theTop forfeited.
|
|win|CLEAR GEM清瑜
|raw|Sneed2theTop's rating: 1501 &rarr; <strong>1494</strong><br />(-7 for losing)
|raw|CLEAR GEM清瑜's rating: 1767 &rarr; <strong>1774</strong><br />(+7 for winning)
|l|☆Sneed2theTop
||Ladder isn't responding, score probably updated but might not have (Request timeout).
