|j|☆Horseradisk
|j|☆Flynn Watson ^~^
|t:|1641101368
|gametype|singles
|player|p1|Horseradisk|266|1827
|player|p2|Flynn Watson ^~^|lady|1843
|teamsize|p1|6
|teamsize|p2|6
|gen|8
|tier|[Gen 8] National Dex AG
|rated|
|rule|HP Percentage Mod: HP is shown in percentages
|rule|Endless Battle Clause: Forcing endless battles is banned
|clearpoke
|poke|p1|Groudon|
|poke|p1|Zacian-*|
|poke|p1|Yveltal|
|poke|p1|Necrozma-Dusk-Mane|
|poke|p1|Rayquaza|
|poke|p1|Arceus-*|
|poke|p2|Slurpuff, F|
|poke|p2|Rayquaza|
|poke|p2|Calyrex-Shadow|
|poke|p2|Landorus-Therian, M|
|poke|p2|Yveltal|
|poke|p2|Xerneas-*|
|teampreview
|
|t:|1641101381
|start
|switch|p1a: Arceus|Arceus-Steel|100/100
|switch|p2a: Slurpuff|Slurpuff, F|100/100
|turn|1
|
|t:|1641101385
|move|p1a: Arceus|Judgment|p2a: Slurpuff
|-supereffective|p2a: Slurpuff
|-enditem|p2a: Slurpuff|Focus Sash
|-damage|p2a: Slurpuff|1/100
|move|p2a: Slurpuff|Sticky Web|p1a: Arceus
|-sidestart|p1: Horseradisk|move: Sticky Web
|
|upkeep
|turn|2
|
|t:|1641101388
|move|p1a: Arceus|Calm Mind|p1a: Arceus
|-boost|p1a: Arceus|spa|1
|-boost|p1a: Arceus|spd|1
|move|p2a: Slurpuff|Yawn|p1a: Arceus
|-start|p1a: Arceus|move: Yawn|[of] p2a: Slurpuff
|
|upkeep
|turn|3
|
|t:|1641101406
|switch|p1a: Necrozma|Necrozma-Dusk-Mane|100/100
|-activate|p1a: Necrozma|move: Sticky Web
|-unboost|p1a: Necrozma|spe|1
|move|p2a: Slurpuff|Misty Explosion|p1a: Necrozma
|-resisted|p1a: Necrozma
|-damage|p1a: Necrozma|85/100
|faint|p2a: Slurpuff
|
|upkeep
|
|t:|1641101410
|switch|p2a: Landorus|Landorus-Therian, M|100/100
|-ability|p2a: Landorus|Intimidate|boost
|-unboost|p1a: Necrozma|atk|1
|turn|4
|
|t:|1641101416
|switch|p1a: Yveltal|Yveltal|100/100
|-ability|p1a: Yveltal|Dark Aura
|move|p2a: Landorus|Stealth Rock|p1a: Yveltal
|-sidestart|p1: Horseradisk|move: Stealth Rock
|
|upkeep
|turn|5
|
|t:|1641101420
|switch|p1a: Necrozma|Necrozma-Dusk-Mane|85/100
|-activate|p1a: Necrozma|move: Sticky Web
|-unboost|p1a: Necrozma|spe|1
|-damage|p1a: Necrozma|79/100|[from] Stealth Rock
|move|p2a: Landorus|Explosion|p1a: Necrozma
|-resisted|p1a: Necrozma
|-damage|p1a: Necrozma|56/100
|faint|p2a: Landorus
|
|upkeep
|
|t:|1641101423
|switch|p2a: Calyrex|Calyrex-Shadow|100/100
|-ability|p2a: Calyrex|As One
|-ability|p2a: Calyrex|Unnerve
|turn|6
|
|t:|1641101426
|switch|p1a: Yveltal|Yveltal|100/100
|-ability|p1a: Yveltal|Dark Aura
|move|p2a: Calyrex|Nasty Plot|p2a: Calyrex
|-boost|p2a: Calyrex|spa|2
|
|upkeep
|turn|7
|
|t:|1641101429
|move|p2a: Calyrex|Baton Pass|p2a: Calyrex
|
|t:|1641101430
|switch|p2a: Yveltal|Yveltal|100/100|[from]move: Baton Pass
|-ability|p2a: Yveltal|Dark Aura
|move|p1a: Yveltal|Snarl|p2a: Yveltal
|-resisted|p2a: Yveltal
|-damage|p2a: Yveltal|87/100
|-unboost|p2a: Yveltal|spa|1
|
|upkeep
|turn|8
|
|t:|1641101437
|switch|p1a: Necrozma|Necrozma-Dusk-Mane|56/100
|-activate|p1a: Necrozma|move: Sticky Web
|-unboost|p1a: Necrozma|spe|1
|-damage|p1a: Necrozma|49/100|[from] Stealth Rock
|-start|p2a: Yveltal|Dynamax
|-heal|p2a: Yveltal|87/100|[silent]
|move|p2a: Yveltal|Max Airstream|p1a: Necrozma
|-resisted|p1a: Necrozma
|-damage|p1a: Necrozma|0 fnt
|-boost|p2a: Yveltal|spe|1
|faint|p1a: Necrozma
|-damage|p2a: Yveltal|82/100|[from] item: Life Orb
|
|upkeep
|
|t:|1641101447
|switch|p1a: Yveltal|Yveltal|100/100
|-ability|p1a: Yveltal|Dark Aura
|turn|9
|
|t:|1641101451
|move|p2a: Yveltal|Max Airstream|p1a: Yveltal
|-damage|p1a: Yveltal|23/100
|-boost|p2a: Yveltal|spe|1
|-damage|p2a: Yveltal|77/100|[from] item: Life Orb
|move|p1a: Yveltal|Snarl|p2a: Yveltal
|-resisted|p2a: Yveltal
|-damage|p2a: Yveltal|71/100
|-unboost|p2a: Yveltal|spa|1
|
|upkeep
|turn|10
|
|t:|1641101457
|move|p1a: Yveltal|Sucker Punch|p2a: Yveltal
|-resisted|p2a: Yveltal
|-damage|p2a: Yveltal|62/100
|move|p2a: Yveltal|Max Darkness|p1a: Yveltal
|-resisted|p1a: Yveltal
|-damage|p1a: Yveltal|0 fnt
|faint|p1a: Yveltal
|-damage|p2a: Yveltal|57/100|[from] item: Life Orb
|
|-end|p2a: Yveltal|Dynamax
|-heal|p2a: Yveltal|57/100|[silent]
|upkeep
|
|t:|1641101482
|switch|p1a: Groudon|Groudon|100/100
|-damage|p1a: Groudon|94/100|[from] Stealth Rock
|-activate|p1a: Groudon|move: Sticky Web
|-unboost|p1a: Groudon|spe|1
|detailschange|p1a: Groudon|Groudon-Primal
|-primal|p1a: Groudon
|-weather|DesolateLand|[from] ability: Desolate Land|[of] p1a: Groudon
|turn|11
|
|t:|1641101485
|move|p2a: Yveltal|Dark Pulse|p1a: Groudon
|-crit|p1a: Groudon
|-damage|p1a: Groudon|0 fnt
|faint|p1a: Groudon
|-weather|none
|-damage|p2a: Yveltal|47/100|[from] item: Life Orb
|
|upkeep
|c|☆Horseradisk|Bruh
|
|t:|1641101499
|switch|p1a: Arceus|Arceus-Steel|100/100
|-activate|p1a: Arceus|move: Sticky Web
|-unboost|p1a: Arceus|spe|1
|-damage|p1a: Arceus|94/100|[from] Stealth Rock
|turn|12
|c|☆Flynn Watson ^~^|I'm sorry lol
|
|t:|1641101507
|-start|p1a: Arceus|Dynamax
|-heal|p1a: Arceus|94/100|[silent]
|move|p2a: Yveltal|Heat Wave|p1a: Arceus
|-supereffective|p1a: Arceus
|-damage|p1a: Arceus|63/100
|-damage|p2a: Yveltal|38/100|[from] item: Life Orb
|move|p1a: Arceus|Max Steelspike|p2a: Yveltal
|-damage|p2a: Yveltal|0 fnt
|-boost|p1a: Arceus|def|1
|faint|p2a: Yveltal
|
|upkeep
|
|t:|1641101524
|switch|p2a: Rayquaza|Rayquaza|100/100
|-ability|p2a: Rayquaza|Air Lock
|turn|13
|
|t:|1641101527
|detailschange|p2a: Rayquaza|Rayquaza-Mega
|-mega|p2a: Rayquaza|Rayquaza|
|-weather|DeltaStream|[from] ability: Delta Stream|[of] p2a: Rayquaza
|move|p2a: Rayquaza|Dragon Dance|p2a: Rayquaza
|-boost|p2a: Rayquaza|atk|1
|-boost|p2a: Rayquaza|spe|1
|move|p1a: Arceus|Max Steelspike|p2a: Rayquaza
|-damage|p2a: Rayquaza|43/100
|-boost|p1a: Arceus|def|1
|
|-weather|DeltaStream|[upkeep]
|upkeep
|turn|14
|
|t:|1641101530
|move|p2a: Rayquaza|V-create|p1a: Arceus
|-supereffective|p1a: Arceus
|-damage|p1a: Arceus|7/100
|-unboost|p2a: Rayquaza|spe|1
|-unboost|p2a: Rayquaza|def|1
|-unboost|p2a: Rayquaza|spd|1
|-damage|p2a: Rayquaza|33/100|[from] item: Life Orb
|move|p1a: Arceus|Max Steelspike|p2a: Rayquaza
|-damage|p2a: Rayquaza|0 fnt
|-boost|p1a: Arceus|def|1
|faint|p2a: Rayquaza
|-weather|none
|
|-end|p1a: Arceus|Dynamax
|-heal|p1a: Arceus|7/100|[silent]
|upkeep
|
|t:|1641101533
|switch|p2a: Calyrex|Calyrex-Shadow|100/100
|-ability|p2a: Calyrex|As One
|-ability|p2a: Calyrex|Unnerve
|turn|15
|c|☆Flynn Watson ^~^|Ggwp
|
|t:|1641101539
|move|p2a: Calyrex|Astral Barrage|p1a: Arceus
|-crit|p1a: Arceus
|-damage|p1a: Arceus|0 fnt
|faint|p1a: Arceus
|-ability|p2a: Calyrex|Grim Neigh|boost
|-boost|p2a: Calyrex|spa|1
|
|upkeep
|
|t:|1641101544
|switch|p1a: Zacian|Zacian-Crowned|100/100
|-damage|p1a: Zacian|94/100|[from] Stealth Rock
|-activate|p1a: Zacian|move: Sticky Web
|-unboost|p1a: Zacian|spe|1
|-ability|p1a: Zacian|Intrepid Sword|boost
|-boost|p1a: Zacian|atk|1
|turn|16
|
|t:|1641101546
|move|p2a: Calyrex|Astral Barrage|p1a: Zacian
|-damage|p1a: Zacian|0 fnt
|faint|p1a: Zacian
|-ability|p2a: Calyrex|Grim Neigh|boost
|-boost|p2a: Calyrex|spa|1
|
|upkeep
|-message|Horseradisk forfeited.
|
|win|Flynn Watson ^~^
|raw|Horseradisk's rating: 1827 &rarr; <strong>1808</strong><br />(-19 for losing)
|raw|Flynn Watson ^~^'s rating: 1843 &rarr; <strong>1862</strong><br />(+19 for winning)
|l|☆Horseradisk
|c|☆Flynn Watson ^~^|Dual sash lead is Hella op dam
