|j|☆oooossk
|j|☆MiguelRRM
|t:|1667972244
|gametype|singles
|player|p1|oooossk|102|1845
|player|p2|MiguelRRM|lucas|1731
|teamsize|p1|6
|teamsize|p2|6
|gen|8
|tier|[Gen 8] National Dex AG
|rated|
|rule|HP Percentage Mod: HP is shown in percentages
|rule|Endless Battle Clause: Forcing endless battles is banned
|clearpoke
|poke|p1|Yveltal|
|poke|p1|Calyrex-Shadow|
|poke|p1|Marshadow|
|poke|p1|Rayquaza|
|poke|p1|Necrozma-Dusk-Mane|
|poke|p1|Arceus-*|
|poke|p2|Yveltal|
|poke|p2|Ho-Oh|
|poke|p2|Rayquaza|
|poke|p2|Necrozma-Dusk-Mane|
|poke|p2|Calyrex-Shadow|
|poke|p2|Smeargle, M|
|teampreview
|j| in 90
|
|t:|1667972253
|start
|switch|p1a: Calyrex|Calyrex-Shadow|100/100
|switch|p2a: Rayquaza|Rayquaza|100/100
|-ability|p1a: Calyrex|As One
|-ability|p1a: Calyrex|Unnerve
|-ability|p2a: Rayquaza|Air Lock
|turn|1
|
|t:|1667972266
|detailschange|p2a: Rayquaza|Rayquaza-Mega
|-mega|p2a: Rayquaza|Rayquaza|
|-weather|DeltaStream|[from] ability: Delta Stream|[of] p2a: Rayquaza
|-zpower|p1a: Calyrex
|move|p1a: Calyrex|Never-Ending Nightmare|p2a: Rayquaza|[zeffect]
|-crit|p2a: Rayquaza
|-damage|p2a: Rayquaza|0 fnt
|faint|p2a: Rayquaza
|-weather|none
|-ability|p1a: Calyrex|Grim Neigh|boost
|-boost|p1a: Calyrex|spa|1
|
|upkeep
|
|t:|1667972270
|switch|p2a: Smeargle|Smeargle, M|100/100
|turn|2
|
|t:|1667972273
|move|p1a: Calyrex|Taunt|p2a: Smeargle
|-start|p2a: Smeargle|move: Taunt
|cant|p2a: Smeargle|move: Taunt|Encore
|
|upkeep
|turn|3
|
|t:|1667972276
|move|p1a: Calyrex|Substitute|p1a: Calyrex
|-start|p1a: Calyrex|Substitute
|-damage|p1a: Calyrex|76/100
|move|p2a: Smeargle|Nuzzle|p1a: Calyrex
|-activate|p1a: Calyrex|move: Substitute|[damage]
|
|upkeep
|turn|4
|
|t:|1667972279
|switch|p2a: Ho-Oh|Ho-Oh|100/100
|move|p1a: Calyrex|Astral Barrage|p2a: Ho-Oh
|-damage|p2a: Ho-Oh|41/100
|
|upkeep
|turn|5
|
|t:|1667972283
|move|p1a: Calyrex|Astral Barrage|p2a: Ho-Oh
|-damage|p2a: Ho-Oh|0 fnt
|faint|p2a: Ho-Oh
|-ability|p1a: Calyrex|Grim Neigh|boost
|-boost|p1a: Calyrex|spa|1
|
|upkeep
|
|t:|1667972286
|switch|p2a: Yveltal|Yveltal, shiny|100/100
|-ability|p2a: Yveltal|Dark Aura
|turn|6
|
|t:|1667972295
|move|p1a: Calyrex|Baton Pass|p1a: Calyrex
|
|t:|1667972314
|switch|p1a: Yveltal|Yveltal|100/100|[from]move: Baton Pass
|-ability|p1a: Yveltal|Dark Aura
|move|p2a: Yveltal|Knock Off|p1a: Yveltal
|-resisted|p1a: Yveltal
|-end|p1a: Yveltal|Substitute
|-damage|p2a: Yveltal|91/100|[from] item: Life Orb
|
|upkeep
|turn|7
|
|t:|1667972328
|switch|p2a: Necrozma|Necrozma-Dusk-Mane, shiny|100/100
|-start|p1a: Yveltal|Dynamax|
|-heal|p1a: Yveltal|100/100|[silent]
|move|p1a: Yveltal|Max Guard||[still]
|-fail|p1a: Yveltal
|
|upkeep
|turn|8
|
|t:|1667972332
|move|p1a: Yveltal|Max Darkness|p2a: Necrozma
|-supereffective|p2a: Necrozma
|-damage|p2a: Necrozma|0 fnt
|faint|p2a: Necrozma
|-damage|p1a: Yveltal|96/100|[from] item: Life Orb
|
|upkeep
|
|t:|1667972334
|switch|p2a: Smeargle|Smeargle, M|100/100
|turn|9
|
|t:|1667972337
|move|p1a: Yveltal|Max Airstream|p2a: Smeargle
|-enditem|p2a: Smeargle|Focus Sash
|-damage|p2a: Smeargle|1/100
|-boost|p1a: Yveltal|spe|1
|-damage|p1a: Yveltal|91/100|[from] item: Life Orb
|move|p2a: Smeargle|Nuzzle|p1a: Yveltal
|-supereffective|p1a: Yveltal
|-damage|p1a: Yveltal|89/100
|-status|p1a: Yveltal|par
|
|upkeep
|-end|p1a: Yveltal|Dynamax
|-heal|p1a: Yveltal|89/100 par|[silent]
|turn|10
|
|t:|1667972354
|switch|p1a: Calyrex|Calyrex-Shadow|76/100
|-ability|p1a: Calyrex|As One
|-ability|p1a: Calyrex|Unnerve
|move|p2a: Smeargle|Sticky Web|p1a: Calyrex
|-sidestart|p1: oooossk|move: Sticky Web
|
|upkeep
|turn|11
|
|t:|1667972356
|move|p1a: Calyrex|Substitute|p1a: Calyrex
|-start|p1a: Calyrex|Substitute
|-damage|p1a: Calyrex|51/100
|move|p2a: Smeargle|Nuzzle|p1a: Calyrex
|-activate|p1a: Calyrex|move: Substitute|[damage]
|
|upkeep
|turn|12
|
|t:|1667972362
|move|p1a: Calyrex|Taunt|p2a: Smeargle
|-start|p2a: Smeargle|move: Taunt
|cant|p2a: Smeargle|move: Taunt|Encore
|
|upkeep
|turn|13
|
|t:|1667972374
|switch|p2a: Yveltal|Yveltal, shiny|91/100
|-ability|p2a: Yveltal|Dark Aura
|move|p1a: Calyrex|Baton Pass|p1a: Calyrex
|
|t:|1667972393
|switch|p1a: Rayquaza|Rayquaza|100/100|[from]move: Baton Pass
|-ability|p1a: Rayquaza|Air Lock
|
|upkeep
|turn|14
|
|t:|1667972402
|switch|p2a: Smeargle|Smeargle, M|1/100
|detailschange|p1a: Rayquaza|Rayquaza-Mega
|-mega|p1a: Rayquaza|Rayquaza|
|-weather|DeltaStream|[from] ability: Delta Stream|[of] p1a: Rayquaza
|move|p1a: Rayquaza|Dragon Dance|p1a: Rayquaza
|-boost|p1a: Rayquaza|atk|1
|-boost|p1a: Rayquaza|spe|1
|
|-weather|DeltaStream|[upkeep]
|upkeep
|turn|15
|-message|MiguelRRM forfeited.
|
|win|oooossk
|raw|oooossk's rating: 1845 &rarr; <strong>1859</strong><br />(+14 for winning)
|raw|MiguelRRM's rating: 1731 &rarr; <strong>1717</strong><br />(-14 for losing)
|l|☆MiguelRRM
||Ladder isn't responding, score probably updated but might not have (Request timeout).
|l|☆oooossk
