|j|☆Snake of the Moon
|j|☆Glaliegoesboom ❤
|t:|1659778102
|gametype|singles
|player|p1|Snake of the Moon|ethan-masters|
|player|p2|Glaliegoesboom ❤|1|
|teamsize|p1|6
|teamsize|p2|6
|gen|8
|tier|[Gen 8] National Dex AG
|rule|HP Percentage Mod: HP is shown in percentages
|rule|Endless Battle Clause: Forcing endless battles is banned
|clearpoke
|poke|p1|Metagross|
|poke|p1|Lunala|
|poke|p1|Gastrodon, M|
|poke|p1|Corviknight, M|
|poke|p1|Gyarados, M|
|poke|p1|Tapu Fini|
|poke|p2|Camerupt, M|
|poke|p2|Hatterene, F|
|poke|p2|Dracovish|
|poke|p2|Melmetal|
|poke|p2|Calyrex-Ice|
|poke|p2|Alakazam, M|
|teampreview
|inactive|Battle timer is ON: inactive players will automatically lose when time's up. (requested by Snake of the Moon)
|inactive|Glaliegoesboom ❤ also wants the timer to be on.
|
|t:|1659778112
|start
|switch|p1a: Metagross|Metagross|100/100
|switch|p2a: Camerupt|Camerupt, M|100/100
|turn|1
|
|t:|1659778120
|switch|p1a: Tapu Fini|Tapu Fini, shiny|100/100
|-fieldstart|move: Misty Terrain|[from] ability: Misty Surge|[of] p1a: Tapu Fini
|detailschange|p2a: Camerupt|Camerupt-Mega, M
|-mega|p2a: Camerupt|Camerupt|Cameruptite
|move|p2a: Camerupt|Earth Power|p1a: Tapu Fini
|-damage|p1a: Tapu Fini|38/100
|
|-heal|p1a: Tapu Fini|44/100|[from] item: Leftovers
|upkeep
|turn|2
|
|t:|1659778129
|switch|p2a: Melmetal|Melmetal|100/100
|move|p1a: Tapu Fini|Scald|p2a: Melmetal
|-damage|p2a: Melmetal|78/100
|
|-heal|p1a: Tapu Fini|50/100|[from] item: Leftovers
|upkeep
|turn|3
|
|t:|1659778142
|move|p1a: Tapu Fini|Hidden Power|p2a: Melmetal
|-supereffective|p2a: Melmetal
|-damage|p2a: Melmetal|58/100
|move|p2a: Melmetal|Double Iron Bash|p1a: Tapu Fini
|-damage|p1a: Tapu Fini|28/100
|-damage|p1a: Tapu Fini|6/100
|-hitcount|p1a: Tapu Fini|2
|
|-heal|p1a: Tapu Fini|12/100|[from] item: Leftovers
|upkeep
|turn|4
|
|t:|1659778149
|switch|p1a: Gastrodon|Gastrodon, M|100/100
|move|p2a: Melmetal|Double Iron Bash|p1a: Gastrodon
|-resisted|p1a: Gastrodon
|-damage|p1a: Gastrodon|88/100
|-resisted|p1a: Gastrodon
|-damage|p1a: Gastrodon|75/100
|-hitcount|p1a: Gastrodon|2
|
|upkeep
|turn|5
|
|t:|1659778154
|move|p1a: Gastrodon|Earth Power|p2a: Melmetal
|-supereffective|p2a: Melmetal
|-damage|p2a: Melmetal|17/100
|move|p2a: Melmetal|Solar Beam||[still]
|-prepare|p2a: Melmetal|Solar Beam
|-enditem|p2a: Melmetal|Power Herb
|-anim|p2a: Melmetal|Solar Beam|p1a: Gastrodon
|-supereffective|p1a: Gastrodon
|-enditem|p1a: Gastrodon|Rindo Berry|[eat]
|-enditem|p1a: Gastrodon|Rindo Berry|[weaken]
|-damage|p1a: Gastrodon|21/100
|
|-fieldend|Misty Terrain
|upkeep
|turn|6
|c|☆Glaliegoesboom ❤|….
|c|☆Snake of the Moon|Wow
|
|t:|1659778184
|switch|p2a: Hatterene|Hatterene, F|100/100
|move|p1a: Gastrodon|Recover|p1a: Gastrodon
|-heal|p1a: Gastrodon|71/100
|
|upkeep
|turn|7
|
|t:|1659778192
|switch|p1a: Metagross|Metagross|100/100
|move|p2a: Hatterene|Trick Room|p2a: Hatterene
|-fieldstart|move: Trick Room|[of] p2a: Hatterene
|
|upkeep
|turn|8
|
|t:|1659778202
|switch|p2a: Camerupt|Camerupt-Mega, M|100/100
|move|p1a: Metagross|Stealth Rock|p2a: Camerupt
|-sidestart|p2: Glaliegoesboom ❤|move: Stealth Rock
|
|upkeep
|turn|9
|
|t:|1659778208
|move|p1a: Metagross|Protect|p1a: Metagross
|-singleturn|p1a: Metagross|Protect
|move|p2a: Camerupt|Eruption|p1a: Metagross
|-activate|p1a: Metagross|move: Protect
|
|upkeep
|turn|10
|
|t:|1659778216
|switch|p1a: Gyarados|Gyarados, M|100/100
|-ability|p1a: Gyarados|Intimidate|boost
|-unboost|p2a: Camerupt|atk|1
|move|p2a: Camerupt|Eruption|p1a: Gyarados
|-resisted|p1a: Gyarados
|-damage|p1a: Gyarados|57/100
|
|upkeep
|turn|11
|
|t:|1659778227
|detailschange|p1a: Gyarados|Gyarados-Mega, M
|-mega|p1a: Gyarados|Gyarados|Gyaradosite
|-ability|p1a: Gyarados|Mold Breaker
|move|p2a: Camerupt|Ancient Power|p1a: Gyarados
|-damage|p1a: Gyarados|31/100
|move|p1a: Gyarados|Waterfall|p2a: Camerupt
|-supereffective|p2a: Camerupt
|-damage|p2a: Camerupt|0 fnt
|faint|p2a: Camerupt
|
|-fieldend|move: Trick Room
|upkeep
|
|t:|1659778242
|switch|p2a: Hatterene|Hatterene, F|100/100
|-damage|p2a: Hatterene|88/100|[from] Stealth Rock
|turn|12
|
|t:|1659778247
|move|p1a: Gyarados|Waterfall|p2a: Hatterene
|-damage|p2a: Hatterene|34/100
|cant|p2a: Hatterene|flinch
|
|upkeep
|turn|13
|
|t:|1659778253
|move|p1a: Gyarados|Waterfall|p2a: Hatterene
|-damage|p2a: Hatterene|0 fnt
|faint|p2a: Hatterene
|
|upkeep
|
|t:|1659778273
|switch|p2a: Alakazam|Alakazam, M|100/100
|-damage|p2a: Alakazam|88/100|[from] Stealth Rock
|turn|14
|c|☆Glaliegoesboom ❤|I forgot magic guard again
|c|☆Snake of the Moon|Ggwp
|
|t:|1659778292
|move|p2a: Alakazam|Encore|p1a: Gyarados
|-start|p1a: Gyarados|Encore
|move|p1a: Gyarados|Waterfall|p2a: Alakazam
|-damage|p2a: Alakazam|0 fnt
|faint|p2a: Alakazam
|
|upkeep
|
|t:|1659778298
|switch|p2a: Calyrex|Calyrex-Ice|100/100
|-ability|p2a: Calyrex|As One
|-ability|p2a: Calyrex|Unnerve
|-damage|p2a: Calyrex|76/100|[from] Stealth Rock
|turn|15
|
|t:|1659778309
|switch|p1a: Lunala|Lunala|100/100
|move|p2a: Calyrex|Trick Room|p2a: Calyrex
|-fieldstart|move: Trick Room|[of] p2a: Calyrex
|
|upkeep
|turn|16
|inactive|Glaliegoesboom ❤ has 270 seconds left.
|
|t:|1659778329
|move|p2a: Calyrex|Swords Dance|p2a: Calyrex
|-boost|p2a: Calyrex|atk|2
|-zpower|p1a: Lunala
|move|p1a: Lunala|Menacing Moonraze Maelstrom|p2a: Calyrex|[zeffect]
|-supereffective|p2a: Calyrex
|-enditem|p2a: Calyrex|Kasib Berry|[eat]
|-enditem|p2a: Calyrex|Kasib Berry|[weaken]
|-damage|p2a: Calyrex|6/100
|
|upkeep
|turn|17
|inactive|Glaliegoesboom ❤ has 270 seconds left.
|
|t:|1659778348
|switch|p1a: Tapu Fini|Tapu Fini, shiny|12/100
|-fieldstart|move: Misty Terrain|[from] ability: Misty Surge|[of] p1a: Tapu Fini
|move|p2a: Calyrex|Glacial Lance|p1a: Tapu Fini
|-resisted|p1a: Tapu Fini
|-damage|p1a: Tapu Fini|0 fnt
|faint|p1a: Tapu Fini
|-ability|p2a: Calyrex|Chilling Neigh|boost
|-boost|p2a: Calyrex|atk|1
|
|upkeep
|
|t:|1659778351
|switch|p1a: Metagross|Metagross|100/100
|turn|18
|inactive|Glaliegoesboom ❤ has 270 seconds left.
|
|t:|1659778380
|switch|p2a: Melmetal|Melmetal|17/100
|-damage|p2a: Melmetal|11/100|[from] Stealth Rock
|move|p1a: Metagross|Meteor Mash|p2a: Melmetal
|-resisted|p2a: Melmetal
|-damage|p2a: Melmetal|0 fnt
|faint|p2a: Melmetal
|
|upkeep
|
|t:|1659778382
|switch|p2a: Dracovish|Dracovish|100/100
|-damage|p2a: Dracovish|88/100|[from] Stealth Rock
|turn|19
|inactive|Glaliegoesboom ❤ has 270 seconds left.
|
|t:|1659778389
|switch|p2a: Calyrex|Calyrex-Ice|6/100
|-ability|p2a: Calyrex|As One
|-ability|p2a: Calyrex|Unnerve
|-damage|p2a: Calyrex|0 fnt|[from] Stealth Rock
|faint|p2a: Calyrex
|move|p1a: Metagross|Trick|p2: Calyrex|[notarget]
|-fail|p1a: Metagross
|
|-fieldend|move: Trick Room
|upkeep
|inactive|Glaliegoesboom ❤ has 270 seconds left.
|
|t:|1659778399
|switch|p2a: Dracovish|Dracovish|88/100
|-damage|p2a: Dracovish|76/100|[from] Stealth Rock
|turn|20
|inactive|Glaliegoesboom ❤ has 270 seconds left.
|
|t:|1659778407
|move|p2a: Dracovish|Fishious Rend|p1a: Metagross
|-enditem|p1a: Metagross|Focus Sash
|-damage|p1a: Metagross|1/100
|move|p1a: Metagross|Trick|p2a: Dracovish
|-activate|p1a: Metagross|move: Trick|[of] p2a: Dracovish
|-enditem|p2a: Dracovish|Choice Scarf|[silent]|[from] move: Trick
|-item|p1a: Metagross|Choice Scarf|[from] move: Trick
|
|upkeep
|turn|21
|
|t:|1659778414
|move|p1a: Metagross|Protect|p1a: Metagross
|-singleturn|p1a: Metagross|Protect
|move|p2a: Dracovish|Crunch|p1a: Metagross
|-activate|p1a: Metagross|move: Protect
|
|-fieldend|Misty Terrain
|upkeep
|turn|22
|inactive|Glaliegoesboom ❤ has 270 seconds left.
|
|t:|1659778434
|switch|p1a: Gastrodon|Gastrodon, M|71/100
|move|p2a: Dracovish|Crunch|p1a: Gastrodon
|-damage|p1a: Gastrodon|46/100
|
|upkeep
|turn|23
|
|t:|1659778441
|-start|p2a: Dracovish|Dynamax|
|-heal|p2a: Dracovish|76/100|[silent]
|move|p2a: Dracovish|Max Wyrmwind|p1a: Gastrodon
|-damage|p1a: Gastrodon|2/100
|-unboost|p1a: Gastrodon|atk|1
|move|p1a: Gastrodon|Recover|p1a: Gastrodon
|-heal|p1a: Gastrodon|52/100
|
|upkeep
|turn|24
|
|t:|1659778445
|move|p2a: Dracovish|Max Quake|p1a: Gastrodon
|-damage|p1a: Gastrodon|24/100
|-boost|p2a: Dracovish|spd|1
|move|p1a: Gastrodon|Recover|p1a: Gastrodon
|-heal|p1a: Gastrodon|74/100
|
|upkeep
|turn|25
|
|t:|1659778448
|move|p2a: Dracovish|Max Quake|p1a: Gastrodon
|-damage|p1a: Gastrodon|47/100
|-boost|p2a: Dracovish|spd|1
|move|p1a: Gastrodon|Recover|p1a: Gastrodon
|-heal|p1a: Gastrodon|97/100
|
|upkeep
|-end|p2a: Dracovish|Dynamax
|-heal|p2a: Dracovish|76/100|[silent]
|turn|26
|
|t:|1659778451
|-start|p1a: Gastrodon|Dynamax|
|-heal|p1a: Gastrodon|97/100|[silent]
|move|p2a: Dracovish|Outrage|p1a: Gastrodon
|-damage|p1a: Gastrodon|76/100
|move|p1a: Gastrodon|Max Quake|p2a: Dracovish
|-damage|p2a: Dracovish|49/100
|-boost|p1a: Gastrodon|spd|1
|
|upkeep
|turn|27
|
|t:|1659778453
|move|p2a: Dracovish|Outrage|p1a: Gastrodon|[from]lockedmove
|-crit|p1a: Gastrodon
|-damage|p1a: Gastrodon|48/100
|move|p1a: Gastrodon|Max Quake|p2a: Dracovish
|-damage|p2a: Dracovish|24/100
|-boost|p1a: Gastrodon|spd|1
|
|upkeep
|turn|28
|
|t:|1659778456
|move|p2a: Dracovish|Outrage|p1a: Gastrodon|[from]lockedmove
|-damage|p1a: Gastrodon|27/100
|-start|p2a: Dracovish|confusion|[fatigue]
|move|p1a: Gastrodon|Max Quake|p2a: Dracovish
|-damage|p2a: Dracovish|0 fnt
|-boost|p1a: Gastrodon|spd|1
|faint|p2a: Dracovish
|
|win|Snake of the Moon
