|j|☆orange overhaul
|j|☆Scorching Zards
|t:|1640187103
|gametype|singles
|player|p1|orange overhaul|wallace|1413
|player|p2|Scorching Zards|red|1311
|teamsize|p1|6
|teamsize|p2|6
|gen|8
|tier|[Gen 8] National Dex AG
|rated|
|rule|HP Percentage Mod: HP is shown in percentages
|rule|Endless Battle Clause: Forcing endless battles is banned
|clearpoke
|poke|p1|Groudon|
|poke|p1|Kartana|
|poke|p1|Dragapult, M|
|poke|p1|Heatran, M|
|poke|p1|Melmetal|
|poke|p1|Tapu Lele|
|poke|p2|Zacian-*|
|poke|p2|Rayquaza|
|poke|p2|Gliscor, M|
|poke|p2|Greninja, M|
|poke|p2|Serperior, M|
|poke|p2|Volcarona, F|
|teampreview
|inactive|Battle timer is ON: inactive players will automatically lose when time's up. (requested by orange overhaul)
|
|t:|1640187114
|start
|switch|p1a: Kartana|Kartana|100/100
|switch|p2a: Rayquaza|Rayquaza|100/100
|-ability|p2a: Rayquaza|Air Lock
|turn|1
|
|t:|1640187121
|move|p1a: Kartana|Knock Off|p2a: Rayquaza
|-damage|p2a: Rayquaza|56/100
|-enditem|p2a: Rayquaza|Life Orb|[from] move: Knock Off|[of] p1a: Kartana
|move|p2a: Rayquaza|Dragon Dance|p2a: Rayquaza
|-boost|p2a: Rayquaza|atk|1
|-boost|p2a: Rayquaza|spe|1
|
|upkeep
|turn|2
|
|t:|1640187136
|switch|p1a: Melmetal|Melmetal|100/100
|move|p2a: Rayquaza|Dragon Ascent|p1a: Melmetal
|-resisted|p1a: Melmetal
|-damage|p1a: Melmetal|68/100
|-unboost|p2a: Rayquaza|def|1
|-unboost|p2a: Rayquaza|spd|1
|
|upkeep
|turn|3
|
|t:|1640187148
|switch|p2a: Zacian|Zacian-Crowned|100/100
|-ability|p2a: Zacian|Intrepid Sword|boost
|-boost|p2a: Zacian|atk|1
|move|p1a: Melmetal|Double Iron Bash|p2a: Zacian
|-damage|p2a: Zacian|58/100
|-damage|p2a: Zacian|16/100
|-hitcount|p2a: Zacian|2
|
|upkeep
|turn|4
|
|t:|1640187155
|move|p2a: Zacian|Sacred Sword|p1a: Melmetal
|-supereffective|p1a: Melmetal
|-damage|p1a: Melmetal|0 fnt
|faint|p1a: Melmetal
|
|upkeep
|
|t:|1640187161
|switch|p1a: Kartana|Kartana|100/100
|turn|5
|
|t:|1640187166
|move|p1a: Kartana|Sacred Sword|p2a: Zacian
|-damage|p2a: Zacian|0 fnt
|faint|p2a: Zacian
|-ability|p1a: Kartana|Beast Boost|boost
|-boost|p1a: Kartana|atk|1
|
|upkeep
|
|t:|1640187173
|switch|p2a: Greninja|Greninja, M|100/100
|turn|6
|
|t:|1640187182
|switch|p2a: Gliscor|Gliscor, M|100/100
|move|p1a: Kartana|Sacred Sword|p2a: Gliscor
|-resisted|p2a: Gliscor
|-damage|p2a: Gliscor|76/100
|
|-status|p2a: Gliscor|tox|[from] item: Toxic Orb
|upkeep
|turn|7
|
|t:|1640187190
|switch|p1a: Tapu Lele|Tapu Lele|100/100
|-fieldstart|move: Psychic Terrain|[from] ability: Psychic Surge|[of] p1a: Tapu Lele
|move|p2a: Gliscor|Stealth Rock|p1a: Tapu Lele
|-sidestart|p1: orange overhaul|move: Stealth Rock
|
|-heal|p2a: Gliscor|88/100 tox|[from] ability: Poison Heal
|upkeep
|turn|8
|
|t:|1640187200
|move|p1a: Tapu Lele|Moonblast|p2a: Gliscor
|-damage|p2a: Gliscor|0 fnt
|faint|p2a: Gliscor
|
|upkeep
|
|t:|1640187211
|switch|p2a: Volcarona|Volcarona, F|100/100
|turn|9
|
|t:|1640187214
|move|p2a: Volcarona|Quiver Dance|p2a: Volcarona
|-boost|p2a: Volcarona|spa|1
|-boost|p2a: Volcarona|spd|1
|-boost|p2a: Volcarona|spe|1
|move|p1a: Tapu Lele|Moonblast|p2a: Volcarona
|-resisted|p2a: Volcarona
|-damage|p2a: Volcarona|76/100
|
|upkeep
|turn|10
|
|t:|1640187222
|switch|p1a: Heatran|Heatran, M|100/100
|-damage|p1a: Heatran|88/100|[from] Stealth Rock
|-item|p1a: Heatran|Air Balloon
|move|p2a: Volcarona|Quiver Dance|p2a: Volcarona
|-boost|p2a: Volcarona|spa|1
|-boost|p2a: Volcarona|spd|1
|-boost|p2a: Volcarona|spe|1
|
|upkeep
|turn|11
|
|t:|1640187231
|move|p2a: Volcarona|Bug Buzz|p1a: Heatran
|-resisted|p1a: Heatran
|-crit|p1a: Heatran
|-damage|p1a: Heatran|54/100
|-enditem|p1a: Heatran|Air Balloon
|move|p1a: Heatran|Lava Plume|p2a: Volcarona
|-damage|p2a: Volcarona|54/100
|
|-fieldend|move: Psychic Terrain
|upkeep
|turn|12
|
|t:|1640187239
|move|p2a: Volcarona|Fiery Dance|p1a: Heatran
|-start|p1a: Heatran|ability: Flash Fire
|move|p1a: Heatran|Lava Plume|p2a: Volcarona
|-damage|p2a: Volcarona|24/100
|
|upkeep
|turn|13
|
|t:|1640187245
|move|p2a: Volcarona|Bug Buzz|p1a: Heatran
|-resisted|p1a: Heatran
|-damage|p1a: Heatran|31/100
|move|p1a: Heatran|Lava Plume|p2a: Volcarona
|-damage|p2a: Volcarona|0 fnt
|faint|p2a: Volcarona
|
|upkeep
|
|t:|1640187249
|switch|p2a: Greninja|Greninja, M|100/100
|turn|14
|
|t:|1640187256
|move|p2a: Greninja|Surf|p1a: Heatran
|-supereffective|p1a: Heatran
|-damage|p1a: Heatran|0 fnt
|faint|p1a: Heatran
|-activate|p2a: Greninja|ability: Battle Bond
|detailschange|p2a: Greninja|Greninja-Ash, M
|-damage|p2a: Greninja|91/100|[from] item: Life Orb
|
|upkeep
|
|t:|1640187262
|switch|p1a: Dragapult|Dragapult, M, shiny|100/100
|-damage|p1a: Dragapult|88/100|[from] Stealth Rock
|turn|15
|
|t:|1640187272
|-start|p2a: Greninja|Dynamax
|-heal|p2a: Greninja|91/100|[silent]
|move|p1a: Dragapult|U-turn|p2a: Greninja
|-supereffective|p2a: Greninja
|-damage|p2a: Greninja|61/100
|
|t:|1640187277
|switch|p1a: Groudon|Groudon|100/100|[from]move: U-turn
|-damage|p1a: Groudon|94/100|[from] Stealth Rock
|detailschange|p1a: Groudon|Groudon-Primal
|-primal|p1a: Groudon
|-weather|DesolateLand|[from] ability: Desolate Land|[of] p1a: Groudon
|move|p2a: Greninja|Max Darkness|p1a: Groudon
|-damage|p1a: Groudon|0 fnt
|faint|p1a: Groudon
|-weather|none
|-damage|p2a: Greninja|56/100|[from] item: Life Orb
|
|upkeep
|
|t:|1640187292
|switch|p1a: Dragapult|Dragapult, M, shiny|88/100
|-damage|p1a: Dragapult|76/100|[from] Stealth Rock
|turn|16
|
|t:|1640187296
|move|p1a: Dragapult|Thunderbolt|p2a: Greninja
|-supereffective|p2a: Greninja
|-damage|p2a: Greninja|0 fnt
|faint|p2a: Greninja
|
|upkeep
|
|t:|1640187299
|switch|p2a: Serperior|Serperior, M|100/100
|turn|17
|
|t:|1640187303
|switch|p1a: Tapu Lele|Tapu Lele|100/100
|-damage|p1a: Tapu Lele|88/100|[from] Stealth Rock
|-fieldstart|move: Psychic Terrain|[from] ability: Psychic Surge|[of] p1a: Tapu Lele
|move|p2a: Serperior|Dragon Pulse|p1a: Tapu Lele
|-immune|p1a: Tapu Lele
|
|upkeep
|turn|18
|
|t:|1640187313
|move|p2a: Serperior|Leaf Storm|p1a: Tapu Lele
|-damage|p1a: Tapu Lele|36/100
|-boost|p2a: Serperior|spa|2
|move|p1a: Tapu Lele|Moonblast|p2a: Serperior
|-damage|p2a: Serperior|6/100
|
|upkeep
|turn|19
|
|t:|1640187320
|move|p2a: Serperior|Leaf Storm|p1a: Tapu Lele
|-damage|p1a: Tapu Lele|0 fnt
|-boost|p2a: Serperior|spa|2
|faint|p1a: Tapu Lele
|
|upkeep
|
|t:|1640187324
|switch|p1a: Dragapult|Dragapult, M, shiny|76/100
|-damage|p1a: Dragapult|64/100|[from] Stealth Rock
|turn|20
|
|t:|1640187329
|move|p1a: Dragapult|U-turn|p2a: Serperior
|-supereffective|p2a: Serperior
|-damage|p2a: Serperior|0 fnt
|faint|p2a: Serperior
|
|t:|1640187333
|switch|p1a: Kartana|Kartana|100/100|[from]move: U-turn
|-damage|p1a: Kartana|94/100|[from] Stealth Rock
|
|upkeep
|
|t:|1640187335
|switch|p2a: Rayquaza|Rayquaza|56/100
|-ability|p2a: Rayquaza|Air Lock
|turn|21
|
|t:|1640187342
|detailschange|p2a: Rayquaza|Rayquaza-Mega
|-mega|p2a: Rayquaza|Rayquaza|
|-weather|DeltaStream|[from] ability: Delta Stream|[of] p2a: Rayquaza
|move|p1a: Kartana|Knock Off|p2a: Rayquaza
|-damage|p2a: Rayquaza|29/100
|move|p2a: Rayquaza|Dragon Dance|p2a: Rayquaza
|-boost|p2a: Rayquaza|atk|1
|-boost|p2a: Rayquaza|spe|1
|
|-weather|DeltaStream|[upkeep]
|-fieldend|move: Psychic Terrain
|upkeep
|turn|22
|
|t:|1640187365
|move|p2a: Rayquaza|Dragon Dance|p2a: Rayquaza
|-boost|p2a: Rayquaza|atk|1
|-boost|p2a: Rayquaza|spe|1
|move|p1a: Kartana|Knock Off|p2a: Rayquaza
|-damage|p2a: Rayquaza|1/100
|
|-weather|DeltaStream|[upkeep]
|upkeep
|turn|23
|
|t:|1640187374
|move|p2a: Rayquaza|Dragon Ascent|p1a: Kartana
|-damage|p1a: Kartana|0 fnt
|-unboost|p2a: Rayquaza|def|1
|-unboost|p2a: Rayquaza|spd|1
|faint|p1a: Kartana
|
|-weather|DeltaStream|[upkeep]
|upkeep
|
|t:|1640187377
|switch|p1a: Dragapult|Dragapult, M, shiny|64/100
|-damage|p1a: Dragapult|51/100|[from] Stealth Rock
|turn|24
|
|t:|1640187380
|-start|p1a: Dragapult|Dynamax
|-heal|p1a: Dragapult|51/100|[silent]
|move|p2a: Rayquaza|Dragon Claw|p1a: Dragapult
|-supereffective|p1a: Dragapult
|-damage|p1a: Dragapult|0 fnt
|faint|p1a: Dragapult
|
|win|Scorching Zards
|raw|orange overhaul's rating: 1413 &rarr; <strong>1387</strong><br />(-26 for losing)
|raw|Scorching Zards's rating: 1311 &rarr; <strong>1337</strong><br />(+26 for winning)
|c|☆orange overhaul|gg
|l|☆Scorching Zards
|l|☆orange overhaul
|j|☆Scorching Zards
|player|p2|Scorching Zards|red
||Ladder isn't responding, score probably updated but might not have (Request timeout).
|l|☆Scorching Zards
|player|p2|
|j|☆Scorching Zards
|player|p2|Scorching Zards|red
