|j|☆beatboxing_phantom
|j|☆rajof
|t:|1613628007
|player|p1|beatboxing_phantom|shadowtriad|1917
|player|p2|rajof|youngster-gen4|1957
|teamsize|p1|6
|teamsize|p2|6
|gametype|singles
|gen|8
|tier|[Gen 8] National Dex AG
|rated|
|clearpoke
|poke|p1|Skarmory, M|
|poke|p1|Marshadow|
|poke|p1|Rayquaza|
|poke|p1|Smeargle, F|
|poke|p1|Yveltal|
|poke|p1|Arceus-*|
|poke|p2|Arceus-*|
|poke|p2|Ditto|
|poke|p2|Chansey, F|
|poke|p2|Lugia|
|poke|p2|Groudon|
|poke|p2|Arceus-*|
|rule|HP Percentage Mod: HP is shown in percentages
|rule|Endless Battle Clause: Forcing endless battles is banned
|teampreview
|inactive|Battle timer is ON: inactive players will automatically lose when time's up. (requested by beatboxing_phantom)
|
|t:|1613628029
|start
|switch|p1a: FAT BOI|Arceus|100/100
|switch|p2a: 악르세우스|Arceus-Dark|100/100
|turn|1
|
|t:|1613628033
|move|p2a: 악르세우스|Judgment|p1a: FAT BOI
|-damage|p1a: FAT BOI|68/100
|move|p1a: FAT BOI|Substitute|p1a: FAT BOI
|-start|p1a: FAT BOI|Substitute
|-damage|p1a: FAT BOI|43/100
|
|-heal|p1a: FAT BOI|49/100|[from] item: Leftovers
|upkeep
|turn|2
|
|t:|1613628039
|move|p2a: 악르세우스|Judgment|p1a: FAT BOI
|-end|p1a: FAT BOI|Substitute
|move|p1a: FAT BOI|Swords Dance|p1a: FAT BOI
|-boost|p1a: FAT BOI|atk|2
|
|-heal|p1a: FAT BOI|55/100|[from] item: Leftovers
|upkeep
|turn|3
|
|t:|1613628046
|move|p2a: 악르세우스|Judgment|p1a: FAT BOI
|-damage|p1a: FAT BOI|21/100
|move|p1a: FAT BOI|Swords Dance|p1a: FAT BOI
|-boost|p1a: FAT BOI|atk|2
|
|-heal|p1a: FAT BOI|27/100|[from] item: Leftovers
|upkeep
|turn|4
|
|t:|1613628050
|move|p1a: FAT BOI|Extreme Speed|p2a: 악르세우스
|-damage|p2a: 악르세우스|22/100
|move|p2a: 악르세우스|Judgment|p1a: FAT BOI
|-damage|p1a: FAT BOI|0 fnt
|faint|p1a: FAT BOI
|
|upkeep
|
|t:|1613628053
|switch|p1a: Juggernaut|Rayquaza, shiny|100/100
|-ability|p1a: Juggernaut|Air Lock
|turn|5
|
|t:|1613628057
|switch|p2a: 루기아|Lugia|100/100
|detailschange|p1a: Juggernaut|Rayquaza-Mega, shiny
|-mega|p1a: Juggernaut|Rayquaza|
|-weather|DeltaStream|[from] ability: Delta Stream|[of] p1a: Juggernaut
|move|p1a: Juggernaut|Dragon Dance|p1a: Juggernaut
|-boost|p1a: Juggernaut|atk|1
|-boost|p1a: Juggernaut|spe|1
|
|-weather|DeltaStream|[upkeep]
|upkeep
|turn|6
|
|t:|1613628067
|move|p1a: Juggernaut|Dragon Ascent|p2a: 루기아
|-damage|p2a: 루기아|68/100
|-unboost|p1a: Juggernaut|def|1
|-unboost|p1a: Juggernaut|spd|1
|-damage|p1a: Juggernaut|84/100|[from] item: Rocky Helmet|[of] p2a: 루기아
|move|p2a: 루기아|Aeroblast|p1a: Juggernaut
|-damage|p1a: Juggernaut|38/100
|
|-weather|DeltaStream|[upkeep]
|upkeep
|turn|7
|
|t:|1613628075
|move|p1a: Juggernaut|Dragon Ascent|p2a: 루기아
|-damage|p2a: 루기아|0 fnt
|-unboost|p1a: Juggernaut|def|1
|-unboost|p1a: Juggernaut|spd|1
|-damage|p1a: Juggernaut|21/100|[from] item: Rocky Helmet|[of] p2a: 루기아
|faint|p2a: 루기아
|
|-weather|DeltaStream|[upkeep]
|upkeep
|
|t:|1613628078
|switch|p2a: 메타몽|Ditto|100/100
|-transform|p2a: 메타몽|p1a: Juggernaut|[from] ability: Imposter
|turn|8
|
|t:|1613628081
|move|p2a: 메타몽|Extreme Speed|p1a: Juggernaut
|-damage|p1a: Juggernaut|0 fnt
|faint|p1a: Juggernaut
|
|-weather|DeltaStream|[upkeep]
|upkeep
|j| Jefff 369421 ★❤❤️
|
|t:|1613628087
|switch|p1a: im quite spooky|Marshadow|100/100
|turn|9
|
|t:|1613628093
|-weather|none
|switch|p2a: 아르세우스|Arceus-Fairy|100/100
|switch|p1a: ☣Very Toxic☣|Smeargle, F|100/100
|
|-ability|p1a: ☣Very Toxic☣|Moody|boost
|-boost|p1a: ☣Very Toxic☣|spa|2
|-unboost|p1a: ☣Very Toxic☣|atk|1
|upkeep
|turn|10
|
|t:|1613628099
|move|p2a: 아르세우스|Judgment|p1a: ☣Very Toxic☣
|-damage|p1a: ☣Very Toxic☣|3/100
|move|p1a: ☣Very Toxic☣|Shell Smash|p1a: ☣Very Toxic☣
|-unboost|p1a: ☣Very Toxic☣|def|1
|-unboost|p1a: ☣Very Toxic☣|spd|1
|-boost|p1a: ☣Very Toxic☣|atk|2
|-boost|p1a: ☣Very Toxic☣|spa|2
|-boost|p1a: ☣Very Toxic☣|spe|2
|
|-ability|p1a: ☣Very Toxic☣|Moody|boost
|-boost|p1a: ☣Very Toxic☣|def|2
|-unboost|p1a: ☣Very Toxic☣|spe|1
|upkeep
|turn|11
|
|t:|1613628104
|move|p1a: ☣Very Toxic☣|Spore|p2a: 아르세우스
|-status|p2a: 아르세우스|slp|[from] move: Spore
|cant|p2a: 아르세우스|slp
|
|-ability|p1a: ☣Very Toxic☣|Moody|boost
|-boost|p1a: ☣Very Toxic☣|spe|2
|-unboost|p1a: ☣Very Toxic☣|spd|1
|upkeep
|turn|12
|j| Lider Meliodas
|c| Jefff 369421 ★❤❤️|~~ditto~~
|
|t:|1613628116
|move|p1a: ☣Very Toxic☣|Baton Pass|p1a: ☣Very Toxic☣
|
|t:|1613628117
|switch|p1a: Evil Bacon|Yveltal|100/100|[from]move: Baton Pass
|-ability|p1a: Evil Bacon|Dark Aura
|-curestatus|p2a: 아르세우스|slp|[msg]
|move|p2a: 아르세우스|Judgment|p1a: Evil Bacon
|-supereffective|p1a: Evil Bacon
|-damage|p1a: Evil Bacon|0 fnt
|faint|p1a: Evil Bacon
|
|upkeep
|c|☆beatboxing_phantom|BRUH
|c|☆beatboxing_phantom|I KNEW THAT SHIT WOULD HAPPEN
|c|☆beatboxing_phantom|THAT IS BS
|
|t:|1613628133
|switch|p1a: bird is the word|Skarmory, M|100/100
|turn|13
|c| Lider Meliodas|gosh
|c|☆beatboxing_phantom|;-;
|c|☆beatboxing_phantom|i cri
|
|t:|1613628141
|switch|p2a: 악르세우스|Arceus-Dark|22/100
|move|p1a: bird is the word|Rock Tomb|p2a: 악르세우스
|-damage|p2a: 악르세우스|14/100
|-unboost|p2a: 악르세우스|spe|1
|
|upkeep
|turn|14
|c| Jefff 369421 ★❤❤️|CAPS LOCK
|c|☆beatboxing_phantom|i instantly lost
|c|☆beatboxing_phantom|one turn of luck
|c|☆beatboxing_phantom|and i instantly lost
|
|t:|1613628153
|move|p2a: 악르세우스|Recover|p2a: 악르세우스
|-heal|p2a: 악르세우스|64/100
|move|p1a: bird is the word|Stealth Rock|p2a: 악르세우스
|-sidestart|p2: rajof|move: Stealth Rock
|
|upkeep
|turn|15
|c| Jefff 369421 ★❤❤️|~~ditto~~
|
|t:|1613628159
|move|p2a: 악르세우스|Judgment|p1a: bird is the word
|-damage|p1a: bird is the word|32/100
|move|p1a: bird is the word|Rock Tomb|p2a: 악르세우스
|-damage|p2a: 악르세우스|56/100
|-unboost|p2a: 악르세우스|spe|1
|
|upkeep
|turn|16
|c|☆beatboxing_phantom|im not scared of ditto
|
|t:|1613628166
|move|p2a: 악르세우스|Recover|p2a: 악르세우스
|-heal|p2a: 악르세우스|100/100
|move|p1a: bird is the word|Rock Tomb|p2a: 악르세우스
|-damage|p2a: 악르세우스|93/100
|-unboost|p2a: 악르세우스|spe|1
|
|upkeep
|turn|17
|c| Jefff 369421 ★❤❤️|~~ Ditto was there~~
|j| Alain the expert
|
|t:|1613628170
|move|p1a: bird is the word|Rock Tomb|p2a: 악르세우스
|-damage|p2a: 악르세우스|85/100
|-unboost|p2a: 악르세우스|spe|1
|move|p2a: 악르세우스|Judgment|p1a: bird is the word
|-damage|p1a: bird is the word|0 fnt
|faint|p1a: bird is the word
|
|upkeep
|c|☆beatboxing_phantom|i had solutions
|
|t:|1613628180
|switch|p1a: ☣Very Toxic☣|Smeargle, F|3/100
|turn|18
|
|t:|1613628186
|move|p1a: ☣Very Toxic☣|Spore|p2a: 악르세우스
|-status|p2a: 악르세우스|slp|[from] move: Spore
|cant|p2a: 악르세우스|slp
|
|-ability|p1a: ☣Very Toxic☣|Moody|boost
|-boost|p1a: ☣Very Toxic☣|def|2
|-unboost|p1a: ☣Very Toxic☣|spd|1
|upkeep
|turn|19
|
|t:|1613628188
|move|p1a: ☣Very Toxic☣|Shell Smash|p1a: ☣Very Toxic☣
|-unboost|p1a: ☣Very Toxic☣|def|1
|-unboost|p1a: ☣Very Toxic☣|spd|1
|-boost|p1a: ☣Very Toxic☣|atk|2
|-boost|p1a: ☣Very Toxic☣|spa|2
|-boost|p1a: ☣Very Toxic☣|spe|2
|-curestatus|p2a: 악르세우스|slp|[msg]
|move|p2a: 악르세우스|Judgment|p1a: ☣Very Toxic☣
|-damage|p1a: ☣Very Toxic☣|0 fnt
|faint|p1a: ☣Very Toxic☣
|
|upkeep
|c| Jefff 369421 ★❤❤️|~~He could max arc~~
|c|☆beatboxing_phantom|bruhhhhhhhhhhh
|c|☆beatboxing_phantom|stop waking up first turn
|c|☆beatboxing_phantom|this happens EVERY time we fight
|c| Jefff 369421 ★❤❤️|Stop using smeargle
|c|☆beatboxing_phantom|it pisses me off
|
|t:|1613628212
|switch|p1a: im quite spooky|Marshadow|100/100
|turn|20
|
|t:|1613628215
|move|p1a: im quite spooky|Close Combat|p2a: 악르세우스
|-supereffective|p2a: 악르세우스
|-damage|p2a: 악르세우스|3/100
|-unboost|p1a: im quite spooky|def|1
|-unboost|p1a: im quite spooky|spd|1
|move|p2a: 악르세우스|Judgment|p1a: im quite spooky
|-damage|p1a: im quite spooky|19/100
|
|upkeep
|turn|21
|-message|beatboxing_phantom forfeited.
|
|win|rajof
|l|☆beatboxing_phantom
|raw|beatboxing_phantom's rating: 1917 &rarr; <strong>1899</strong><br />(-18 for losing)
|raw|rajof's rating: 1958 &rarr; <strong>1975</strong><br />(+17 for winning)
|l|☆rajof
|n| Jefff 369421 ★❤❤️@!|jefff369421
|l| Alain the expert
|l| Lider Meliodas
