|j|☆High ladder bros
|j|☆Maki7
|inactive|Battle timer is ON: inactive players will automatically lose when time's up.
|t:|1663534908
|gametype|singles
|player|p1|High ladder bros|adaman|
|player|p2|Maki7|ash-kalos|
|teamsize|p1|6
|teamsize|p2|6
|gen|8
|tier|[Gen 8] National Dex AG
|rated|Tournament battle
|rule|HP Percentage Mod: HP is shown in percentages
|rule|Endless Battle Clause: Forcing endless battles is banned
|clearpoke
|poke|p1|Rayquaza|
|poke|p1|Arceus-*|
|poke|p1|Arceus-*|
|poke|p1|Tyranitar, M|
|poke|p1|Ho-Oh|
|poke|p1|Necrozma-Dusk-Mane|
|poke|p2|Aerodactyl, M|
|poke|p2|Rayquaza|
|poke|p2|Groudon|
|poke|p2|Smeargle, M|
|poke|p2|Yveltal|
|poke|p2|Arceus-*|
|teampreview
|inactive|Maki7 also wants the timer to be on.
|inactive|High ladder bros also wants the timer to be on.
|
|t:|1663534915
|start
|switch|p1a: Arceus|Arceus-Ground, shiny|100/100
|switch|p2a: Aerodactyl|Aerodactyl, M|100/100
|-ability|p2a: Aerodactyl|Pressure
|turn|1
|
|t:|1663534918
|move|p1a: Arceus|Magic Coat|p1a: Arceus
|-singleturn|p1a: Arceus|move: Magic Coat
|move|p2a: Aerodactyl|Rock Tomb|p1a: Arceus
|-resisted|p1a: Arceus
|-damage|p1a: Arceus|92/100
|-unboost|p1a: Arceus|spe|1
|
|upkeep
|turn|2
|
|t:|1663534923
|move|p2a: Aerodactyl|Rock Tomb|p1a: Arceus
|-resisted|p1a: Arceus
|-damage|p1a: Arceus|83/100
|-unboost|p1a: Arceus|spe|1
|move|p1a: Arceus|Judgment|p2a: Aerodactyl
|-immune|p2a: Aerodactyl
|
|upkeep
|turn|3
|j| Bunrphenix
|
|t:|1663534934
|move|p1a: Arceus|Magic Coat|p1a: Arceus
|-singleturn|p1a: Arceus|move: Magic Coat
|move|p2a: Aerodactyl|Rock Tomb|p1a: Arceus
|-resisted|p1a: Arceus
|-damage|p1a: Arceus|75/100
|-unboost|p1a: Arceus|spe|1
|
|upkeep
|turn|4
|
|t:|1663534947
|move|p2a: Aerodactyl|Rock Tomb|p1a: Arceus
|-resisted|p1a: Arceus
|-damage|p1a: Arceus|66/100
|-unboost|p1a: Arceus|spe|1
|move|p1a: Arceus|Ice Beam|p2a: Aerodactyl
|-supereffective|p2a: Aerodactyl
|-damage|p2a: Aerodactyl|34/100
|
|upkeep
|turn|5
|
|t:|1663534950
|move|p1a: Arceus|Magic Coat|p1a: Arceus
|-singleturn|p1a: Arceus|move: Magic Coat
|move|p2a: Aerodactyl|Rock Tomb|p1a: Arceus
|-resisted|p1a: Arceus
|-damage|p1a: Arceus|58/100
|-unboost|p1a: Arceus|spe|1
|
|upkeep
|turn|6
|
|t:|1663534956
|move|p2a: Aerodactyl|Rock Tomb|p1a: Arceus
|-resisted|p1a: Arceus
|-damage|p1a: Arceus|49/100
|-unboost|p1a: Arceus|spe|1
|move|p1a: Arceus|Recover|p1a: Arceus
|-heal|p1a: Arceus|99/100
|
|upkeep
|turn|7
|
|t:|1663534959
|move|p1a: Arceus|Magic Coat|p1a: Arceus
|-singleturn|p1a: Arceus|move: Magic Coat
|move|p2a: Aerodactyl|Rock Tomb|p1a: Arceus
|-resisted|p1a: Arceus
|-damage|p1a: Arceus|91/100
|
|upkeep
|turn|8
|
|t:|1663534963
|move|p2a: Aerodactyl|Stealth Rock|p1a: Arceus
|-sidestart|p1: High ladder bros|move: Stealth Rock
|move|p1a: Arceus|Ice Beam|p2a: Aerodactyl
|-supereffective|p2a: Aerodactyl
|-damage|p2a: Aerodactyl|0 fnt
|faint|p2a: Aerodactyl
|
|upkeep
|
|t:|1663534966
|switch|p2a: Smeargle|Smeargle, M|100/100
|turn|9
|
|t:|1663534968
|move|p1a: Arceus|Magic Coat|p1a: Arceus
|-singleturn|p1a: Arceus|move: Magic Coat
|move|p2a: Smeargle|Substitute|p2a: Smeargle
|-start|p2a: Smeargle|Substitute
|-damage|p2a: Smeargle|76/100
|
|-ability|p2a: Smeargle|Moody|boost
|-boost|p2a: Smeargle|spd|2
|-unboost|p2a: Smeargle|spe|1
|upkeep
|turn|10
|
|t:|1663534974
|switch|p1a: Ho-Oh|Ho-Oh, shiny|100/100
|move|p2a: Smeargle|Lovely Kiss|p1a: Ho-Oh|[miss]
|-miss|p2a: Smeargle|p1a: Ho-Oh
|
|-ability|p2a: Smeargle|Moody|boost
|-boost|p2a: Smeargle|atk|2
|-unboost|p2a: Smeargle|spd|1
|upkeep
|turn|11
|
|t:|1663534978
|move|p2a: Smeargle|Lovely Kiss|p1a: Ho-Oh
|-status|p1a: Ho-Oh|slp|[from] move: Lovely Kiss
|cant|p1a: Ho-Oh|slp
|
|-ability|p2a: Smeargle|Moody|boost
|-boost|p2a: Smeargle|def|2
|-unboost|p2a: Smeargle|spa|1
|upkeep
|turn|12
|
|t:|1663534980
|move|p2a: Smeargle|Baton Pass|p2a: Smeargle
|
|t:|1663534985
|switch|p2a: Groudon|Groudon|100/100|[from]move: Baton Pass
|detailschange|p2a: Groudon|Groudon-Primal
|-primal|p2a: Groudon
|-weather|DesolateLand|[from] ability: Desolate Land|[of] p2a: Groudon
|cant|p1a: Ho-Oh|slp
|
|-weather|DesolateLand|[upkeep]
|upkeep
|turn|13
|
|t:|1663534991
|move|p2a: Groudon|Stone Edge|p1a: Ho-Oh|[miss]
|-miss|p2a: Groudon|p1a: Ho-Oh
|cant|p1a: Ho-Oh|slp
|
|-weather|DesolateLand|[upkeep]
|upkeep
|turn|14
|
|t:|1663535001
|move|p2a: Groudon|Stone Edge|p1a: Ho-Oh
|-supereffective|p1a: Ho-Oh
|-damage|p1a: Ho-Oh|0 fnt
|faint|p1a: Ho-Oh
|
|-weather|DesolateLand|[upkeep]
|upkeep
|
|t:|1663535004
|switch|p1a: Arceus|Arceus-Water, shiny|100/100
|-damage|p1a: Arceus|88/100|[from] Stealth Rock
|turn|15
|-message|High ladder bros forfeited.
|
|win|Maki7
|n|☆High ladder bros|highladderbros
|n|☆Maki7|maki7
|n| Bunrphenix|bunrphenix
|l|☆High ladder bros
|l| Bunrphenix
