|j|☆Asterric_
|j|☆moyv123
|t:|1665896153
|gametype|singles
|player|p1|Asterric_|siebold|1600
|player|p2|moyv123|265|1733
|teamsize|p1|6
|teamsize|p2|6
|gen|8
|tier|[Gen 8] National Dex AG
|rated|
|rule|HP Percentage Mod: HP is shown in percentages
|rule|Endless Battle Clause: Forcing endless battles is banned
|clearpoke
|poke|p1|Ditto|
|poke|p1|Rayquaza|
|poke|p1|Giratina-Origin|
|poke|p1|Wynaut, M|
|poke|p1|Groudon|
|poke|p1|Marshadow|
|poke|p2|Arceus-*|
|poke|p2|Arceus-*|
|poke|p2|Rayquaza|
|poke|p2|Lugia|
|poke|p2|Zacian-*|
|poke|p2|Eternatus|
|teampreview
|inactive|Battle timer is ON: inactive players will automatically lose when time's up. (requested by Asterric_)
|
|t:|1665896163
|start
|switch|p1a: Groudon|Groudon, shiny|100/100
|switch|p2a: Arceus|Arceus|100/100
|detailschange|p1a: Groudon|Groudon-Primal, shiny
|-primal|p1a: Groudon
|-weather|DesolateLand|[from] ability: Desolate Land|[of] p1a: Groudon
|turn|1
|
|t:|1665896178
|move|p1a: Groudon|Precipice Blades|p2a: Arceus
|-damage|p2a: Arceus|44/100
|move|p2a: Arceus|Swords Dance|p2a: Arceus
|-boost|p2a: Arceus|atk|2
|
|-weather|DesolateLand|[upkeep]
|upkeep
|turn|2
|
|t:|1665896186
|-weather|none
|switch|p1a: Giratina|Giratina-Origin|100/100
|-start|p2a: Arceus|Dynamax|
|-heal|p2a: Arceus|44/100|[silent]
|move|p2a: Arceus|Max Strike|p1a: Giratina
|-immune|p1a: Giratina
|
|upkeep
|turn|3
|
|t:|1665896203
|switch|p1a: Groudon|Groudon-Primal, shiny|100/100
|-weather|DesolateLand|[from] ability: Desolate Land|[of] p1a: Groudon
|move|p2a: Arceus|Max Phantasm|p1a: Groudon
|-damage|p1a: Groudon|48/100
|-unboost|p1a: Groudon|def|1
|
|-weather|DesolateLand|[upkeep]
|upkeep
|turn|4
|
|t:|1665896215
|-weather|none
|switch|p1a: Marshadow|Marshadow|100/100
|move|p2a: Arceus|Max Strike|p1a: Marshadow
|-immune|p1a: Marshadow
|
|upkeep
|-end|p2a: Arceus|Dynamax
|-heal|p2a: Arceus|44/100|[silent]
|turn|5
|-message|moyv123 forfeited.
|
|win|Asterric_
|raw|Asterric_'s rating: 1600 &rarr; <strong>1627</strong><br />(+27 for winning)
|raw|moyv123's rating: 1733 &rarr; <strong>1706</strong><br />(-27 for losing)
|l|☆moyv123
