|j|☆TaxFraud094
|j|☆carlitos385
|inactive|Battle timer is ON: inactive players will automatically lose when time's up.
|t:|1668018756
|gametype|singles
|player|p1|TaxFraud094|acetrainerf-gen4|
|player|p2|carlitos385|cynthia-gen4|
|teamsize|p1|6
|teamsize|p2|6
|gen|8
|tier|[Gen 8] National Dex AG
|rated|Tournament battle
|rule|HP Percentage Mod: HP is shown in percentages
|rule|Endless Battle Clause: Forcing endless battles is banned
|clearpoke
|poke|p1|Deoxys-Speed|
|poke|p1|Yveltal|
|poke|p1|Necrozma-Dusk-Mane|
|poke|p1|Kyogre|
|poke|p1|Calyrex-Shadow|
|poke|p1|Arceus-*|
|poke|p2|Zygarde|
|poke|p2|Zygarde|
|poke|p2|Necrozma-Dusk-Mane|
|poke|p2|Kyogre|
|poke|p2|Ditto|
|poke|p2|Arceus-*|
|teampreview
|inactive|TaxFraud094 also wants the timer to be on.
|j| Random Bullsht
|c|☆carlitos385|hf :)
|
|t:|1668018765
|start
|switch|p1a: Calyrex|Calyrex-Shadow|100/100
|switch|p2a: Arceus|Arceus-Fairy|100/100
|-ability|p1a: Calyrex|As One
|-ability|p1a: Calyrex|Unnerve
|turn|1
|
|t:|1668018773
|move|p1a: Calyrex|Nasty Plot|p1a: Calyrex
|-boost|p1a: Calyrex|spa|2
|move|p2a: Arceus|Judgment|p1a: Calyrex
|-damage|p1a: Calyrex|53/100
|
|upkeep
|turn|2
|j| Dunsparcius sweep
|c|☆TaxFraud094|u2
|
|t:|1668018791
|move|p1a: Calyrex|Astral Barrage|p2a: Arceus
|-crit|p2a: Arceus
|-damage|p2a: Arceus|0 fnt
|faint|p2a: Arceus
|-ability|p1a: Calyrex|Grim Neigh|boost
|-boost|p1a: Calyrex|spa|1
|
|upkeep
|
|t:|1668018797
|switch|p2a: Ditto|Ditto, shiny|100/100
|-transform|p2a: Ditto|p1a: Calyrex|[from] ability: Imposter
|turn|3
|
|t:|1668018805
|move|p2a: Ditto|Astral Barrage|p1a: Calyrex
|-supereffective|p1a: Calyrex
|-damage|p1a: Calyrex|0 fnt
|faint|p1a: Calyrex
|-ability|p2a: Ditto|Grim Neigh|boost
|-boost|p2a: Ditto|spa|1
|
|upkeep
|
|t:|1668018807
|switch|p1a: Deoxys|Deoxys-Speed|100/100
|-ability|p1a: Deoxys|Pressure
|turn|4
|
|t:|1668018815
|move|p2a: Ditto|Astral Barrage|p1a: Deoxys
|-supereffective|p1a: Deoxys
|-enditem|p1a: Deoxys|Focus Sash
|-damage|p1a: Deoxys|1/100
|move|p1a: Deoxys|Stealth Rock|p2a: Ditto
|-sidestart|p2: carlitos385|move: Stealth Rock
|
|upkeep
|turn|5
|
|t:|1668018823
|move|p2a: Ditto|Astral Barrage|p1a: Deoxys
|-supereffective|p1a: Deoxys
|-damage|p1a: Deoxys|0 fnt
|faint|p1a: Deoxys
|-ability|p2a: Ditto|Grim Neigh|boost
|-boost|p2a: Ditto|spa|1
|
|upkeep
|j| PlayinMite
|l| PlayinMite
|
|t:|1668018841
|switch|p1a: Necrozma|Necrozma-Dusk-Mane|100/100
|turn|6
|
|t:|1668018848
|switch|p2a: Necrozma|Necrozma-Dusk-Mane|100/100
|-damage|p2a: Necrozma|94/100|[from] Stealth Rock
|detailschange|p1a: Necrozma|Necrozma-Ultra
|-burst|p1a: Necrozma|Necrozma|Ultranecrozium Z
|move|p1a: Necrozma|Dragon Dance|p1a: Necrozma
|-boost|p1a: Necrozma|atk|1
|-boost|p1a: Necrozma|spe|1
|
|-heal|p2a: Necrozma|100/100|[from] item: Leftovers
|upkeep
|turn|7
|j| sussybaka4321
|
|t:|1668018858
|move|p1a: Necrozma|Earthquake|p2a: Necrozma
|-supereffective|p2a: Necrozma
|-damage|p2a: Necrozma|22/100
|move|p2a: Necrozma|Stealth Rock|p1a: Necrozma
|-sidestart|p1: TaxFraud094|move: Stealth Rock
|
|-heal|p2a: Necrozma|28/100|[from] item: Leftovers
|upkeep
|turn|8
|
|t:|1668018864
|move|p1a: Necrozma|Earthquake|p2a: Necrozma
|-supereffective|p2a: Necrozma
|-damage|p2a: Necrozma|0 fnt
|faint|p2a: Necrozma
|
|upkeep
|
|t:|1668018870
|switch|p2a: Zygarde|Zygarde|100/100
|-damage|p2a: Zygarde|94/100|[from] Stealth Rock
|turn|9
|
|t:|1668018874
|-zpower|p1a: Necrozma
|move|p1a: Necrozma|Light That Burns the Sky|p2a: Zygarde|[zeffect]
|-damage|p2a: Zygarde|0 fnt
|faint|p2a: Zygarde
|
|upkeep
|j|+Frozoid
|
|t:|1668018882
|switch|p2a: Ditto|Ditto, shiny|100/100
|-damage|p2a: Ditto|88/100|[from] Stealth Rock
|-transform|p2a: Ditto|p1a: Necrozma|[from] ability: Imposter
|turn|10
|c|☆carlitos385|oh didn't remember that
|
|t:|1668018896
|move|p2a: Ditto|Earthquake|p1a: Necrozma
|-damage|p1a: Necrozma|31/100
|move|p1a: Necrozma|Earthquake|p2a: Ditto
|-damage|p2a: Ditto|13/100
|
|upkeep
|turn|11
|
|t:|1668018901
|move|p2a: Ditto|Earthquake|p1a: Necrozma
|-damage|p1a: Necrozma|0 fnt
|faint|p1a: Necrozma
|
|upkeep
|
|t:|1668018911
|switch|p1a: Yveltal|Yveltal|100/100
|-damage|p1a: Yveltal|76/100|[from] Stealth Rock
|-ability|p1a: Yveltal|Dark Aura
|turn|12
|
|t:|1668018917
|move|p2a: Ditto|Earthquake|p1a: Yveltal
|-immune|p1a: Yveltal
|move|p1a: Yveltal|Oblivion Wing|p2a: Ditto
|-damage|p2a: Ditto|0 fnt
|-heal|p1a: Yveltal|83/100|[from] drain|[of] p2a: Ditto
|faint|p2a: Ditto
|-damage|p1a: Yveltal|73/100|[from] item: Life Orb
|
|upkeep
|
|t:|1668018925
|switch|p2a: Kyogre|Kyogre|100/100
|-damage|p2a: Kyogre|88/100|[from] Stealth Rock
|detailschange|p2a: Kyogre|Kyogre-Primal
|-primal|p2a: Kyogre
|-weather|PrimordialSea|[from] ability: Primordial Sea|[of] p2a: Kyogre
|turn|13
|
|t:|1668018931
|-start|p1a: Yveltal|Dynamax|
|-heal|p1a: Yveltal|73/100|[silent]
|move|p1a: Yveltal|Max Darkness|p2a: Kyogre
|-damage|p2a: Kyogre|19/100
|-unboost|p2a: Kyogre|spd|1
|-damage|p1a: Yveltal|68/100|[from] item: Life Orb
|move|p2a: Kyogre|Calm Mind|p2a: Kyogre
|-boost|p2a: Kyogre|spa|1
|-boost|p2a: Kyogre|spd|1
|
|-weather|PrimordialSea|[upkeep]
|upkeep
|turn|14
|c|☆carlitos385|well i think is gg
|
|t:|1668018942
|move|p1a: Yveltal|Max Airstream|p2a: Kyogre
|-damage|p2a: Kyogre|0 fnt
|-boost|p1a: Yveltal|spe|1
|faint|p2a: Kyogre
|-weather|none
|-damage|p1a: Yveltal|63/100|[from] item: Life Orb
|
|upkeep
|
|t:|1668018949
|switch|p2a: Zygarde|Zygarde|100/100
|-damage|p2a: Zygarde|94/100|[from] Stealth Rock
|turn|15
|
|t:|1668018953
|-start|p2a: Zygarde|Dynamax|
|-heal|p2a: Zygarde|94/100|[silent]
|move|p2a: Zygarde|Max Guard|p2a: Zygarde
|-singleturn|p2a: Zygarde|Max Guard
|move|p1a: Yveltal|Max Darkness|p2a: Zygarde
|-activate|p2a: Zygarde|move: Max Guard
|
|-heal|p2a: Zygarde|97/100|[from] item: Leftovers
|upkeep
|-end|p1a: Yveltal|Dynamax
|-heal|p1a: Yveltal|63/100|[silent]
|turn|16
|
|t:|1668018964
|move|p1a: Yveltal|Oblivion Wing|p2a: Zygarde
|-damage|p2a: Zygarde|69/100
|-heal|p1a: Yveltal|100/100|[from] drain|[of] p2a: Zygarde
|-damage|p1a: Yveltal|91/100|[from] item: Life Orb
|move|p2a: Zygarde|Max Wyrmwind|p1a: Yveltal
|-damage|p1a: Yveltal|41/100
|-unboost|p1a: Yveltal|atk|1
|
|-heal|p2a: Zygarde|72/100|[from] item: Leftovers
|upkeep
|turn|17
|
|t:|1668018983
|move|p1a: Yveltal|Heat Wave|p2a: Zygarde
|-resisted|p2a: Zygarde
|-damage|p2a: Zygarde|60/100
|-damage|p1a: Yveltal|32/100|[from] item: Life Orb
|move|p2a: Zygarde|Max Wyrmwind|p1a: Yveltal
|-damage|p1a: Yveltal|0 fnt
|faint|p1a: Yveltal
|
|-heal|p2a: Zygarde|63/100|[from] item: Leftovers
|upkeep
|
|t:|1668018985
|switch|p1a: Kyogre|Kyogre|100/100
|-damage|p1a: Kyogre|88/100|[from] Stealth Rock
|-weather|RainDance|[from] ability: Drizzle|[of] p1a: Kyogre
|-end|p2a: Zygarde|Dynamax
|-heal|p2a: Zygarde|63/100|[silent]
|turn|18
|j| Wrathoftheleopard
|c|☆TaxFraud094|gg
|
|t:|1668018997
|move|p1a: Kyogre|Ice Beam|p2a: Zygarde
|-supereffective|p2a: Zygarde
|-crit|p2a: Zygarde
|-damage|p2a: Zygarde|0 fnt
|faint|p2a: Zygarde
|-damage|p1a: Kyogre|78/100|[from] item: Life Orb
|
|win|TaxFraud094
|n|☆TaxFraud094|taxfraud094
|n|☆carlitos385|carlitos385
|n| Random Bullsht|randombullsht
|n| Dunsparcius sweep|dunsparciussweep
|n| sussybaka4321|sussybaka4321
|n| Frozoid|frozoid
|n| Wrathoftheleopard|wrathoftheleopard
