|j|☆wolfie_olson
|j|‽PlatinumEA
|t:|1648729922
|gametype|singles
|player|p1|wolfie_olson|170|
|player|p2|PlatinumEA|266|
|teamsize|p1|6
|teamsize|p2|6
|gen|8
|tier|[Gen 8] National Dex AG
|rule|HP Percentage Mod: HP is shown in percentages
|rule|Endless Battle Clause: Forcing endless battles is banned
|clearpoke
|poke|p1|Buzzwole|
|poke|p1|Whimsicott, L1, F|
|poke|p1|Zacian-*|
|poke|p1|Uxie|
|poke|p1|Magnemite, L1|
|poke|p1|Pyukumuku, M|
|poke|p2|Arceus-*|
|poke|p2|Rayquaza|
|poke|p2|Necrozma-Dusk-Mane|
|poke|p2|Yveltal|
|poke|p2|Ditto|
|poke|p2|Arceus-*|
|teampreview
|inactive|Battle timer is ON: inactive players will automatically lose when time's up. (requested by wolfie_olson)
|
|t:|1648729939
|start
|switch|p1a: Uxie|Uxie|100/100
|switch|p2a: Yveltal|Yveltal|100/100
|-ability|p2a: Yveltal|Dark Aura
|turn|1
|
|t:|1648729952
|move|p2a: Yveltal|U-turn|p1a: Uxie
|-supereffective|p1a: Uxie
|-damage|p1a: Uxie|71/100
|
|t:|1648729960
|switch|p2a: Necrozma|Necrozma-Dusk-Mane|100/100|[from]move: U-turn
|move|p1a: Uxie|Stealth Rock|p2a: Necrozma
|-sidestart|p2: PlatinumEA|move: Stealth Rock
|
|upkeep
|turn|2
|
|t:|1648729965
|move|p1a: Uxie|Reflect|p1a: Uxie
|-sidestart|p1: wolfie_olson|Reflect
|move|p2a: Necrozma|Stealth Rock|p1a: Uxie
|-sidestart|p1: wolfie_olson|move: Stealth Rock
|
|upkeep
|turn|3
|
|t:|1648729969
|move|p1a: Uxie|Light Screen|p1a: Uxie
|-sidestart|p1: wolfie_olson|move: Light Screen
|move|p2a: Necrozma|Thunder Wave|p1a: Uxie
|-status|p1a: Uxie|par
|
|upkeep
|turn|4
|
|t:|1648729991
|switch|p2a: Yveltal|Yveltal|100/100
|-ability|p2a: Yveltal|Dark Aura
|move|p1a: Uxie|Memento|p2a: Yveltal
|-unboost|p2a: Yveltal|atk|2
|-unboost|p2a: Yveltal|spa|2
|faint|p1a: Uxie
|
|upkeep
|
|t:|1648730011
|switch|p1a: Buzzwole|Buzzwole|100/100
|-damage|p1a: Buzzwole|88/100|[from] Stealth Rock
|turn|5
|
|t:|1648730020
|-start|p1a: Buzzwole|Dynamax|
|-heal|p1a: Buzzwole|88/100|[silent]
|move|p1a: Buzzwole|Max Airstream|p2a: Yveltal
|-damage|p2a: Yveltal|70/100
|-boost|p1a: Buzzwole|spe|1
|move|p2a: Yveltal|Defog|p1a: Buzzwole
|-unboost|p1a: Buzzwole|evasion|1
|-sideend|p1: wolfie_olson|Reflect
|-sideend|p1: wolfie_olson|move: Light Screen
|-sideend|p1: wolfie_olson|Stealth Rock|[from] move: Defog|[of] p2a: Yveltal
|-sideend|p2: PlatinumEA|Stealth Rock|[from] move: Defog|[of] p2a: Yveltal
|
|upkeep
|turn|6
|
|t:|1648730028
|move|p1a: Buzzwole|Max Airstream|p2a: Yveltal
|-damage|p2a: Yveltal|36/100
|-boost|p1a: Buzzwole|spe|1
|move|p2a: Yveltal|Roost|p2a: Yveltal
|-heal|p2a: Yveltal|86/100
|-singleturn|p2a: Yveltal|move: Roost
|
|upkeep
|turn|7
|
|t:|1648730035
|move|p1a: Buzzwole|Max Knuckle|p2a: Yveltal
|-damage|p2a: Yveltal|54/100
|-boost|p1a: Buzzwole|atk|1
|move|p2a: Yveltal|U-turn|p1a: Buzzwole
|-resisted|p1a: Buzzwole
|-damage|p1a: Buzzwole|87/100
|
|t:|1648730040
|switch|p2a: Ditto|Ditto|100/100|[from]move: U-turn
|-transform|p2a: Ditto|p1a: Buzzwole|[from] ability: Imposter
|
|-end|p1a: Buzzwole|Dynamax
|-heal|p1a: Buzzwole|87/100|[silent]
|upkeep
|turn|8
|
|t:|1648730051
|move|p2a: Ditto|Dual Wingbeat|p1a: Buzzwole
|-supereffective|p1a: Buzzwole
|-damage|p1a: Buzzwole|40/100
|-enditem|p1a: Buzzwole|Weakness Policy
|-boost|p1a: Buzzwole|atk|2|[from] item: Weakness Policy
|-boost|p1a: Buzzwole|spa|2|[from] item: Weakness Policy
|-supereffective|p1a: Buzzwole
|-damage|p1a: Buzzwole|0 fnt
|faint|p1a: Buzzwole
|-ability|p2a: Ditto|Beast Boost|boost
|-boost|p2a: Ditto|atk|1
|-hitcount|p1: Buzzwole|2
|
|upkeep
|
|t:|1648730067
|switch|p1a: Pyukumuku|Pyukumuku, M|100/100
|turn|9
|
|t:|1648730076
|switch|p2a: Yveltal|Yveltal|54/100
|-ability|p2a: Yveltal|Dark Aura
|move|p1a: Pyukumuku|Toxic|p2a: Yveltal
|-status|p2a: Yveltal|tox
|
|-damage|p2a: Yveltal|48/100 tox|[from] psn
|upkeep
|turn|10
|
|t:|1648730084
|move|p2a: Yveltal|Roost|p2a: Yveltal
|-heal|p2a: Yveltal|98/100 tox
|-singleturn|p2a: Yveltal|move: Roost
|move|p1a: Pyukumuku|Block|p2a: Yveltal
|-activate|p2a: Yveltal|trapped
|
|-damage|p2a: Yveltal|86/100 tox|[from] psn
|upkeep
|turn|11
|
|t:|1648730093
|move|p2a: Yveltal|U-turn|p1a: Pyukumuku
|-damage|p1a: Pyukumuku|89/100
|
|t:|1648730100
|switch|p2a: Necrozma|Necrozma-Dusk-Mane|100/100|[from]move: U-turn
|move|p1a: Pyukumuku|Soak|p2a: Necrozma
|-start|p2a: Necrozma|typechange|Water
|
|-heal|p1a: Pyukumuku|95/100|[from] item: Leftovers
|upkeep
|turn|12
|
|t:|1648730105
|switch|p2a: Yveltal|Yveltal|86/100 tox
|-ability|p2a: Yveltal|Dark Aura
|move|p1a: Pyukumuku|Toxic|p2a: Yveltal
|-fail|p2a: Yveltal|tox
|
|-heal|p1a: Pyukumuku|100/100|[from] item: Leftovers
|-damage|p2a: Yveltal|80/100 tox|[from] psn
|upkeep
|turn|13
|
|t:|1648730111
|switch|p2a: Necrozma|Necrozma-Dusk-Mane|100/100
|move|p1a: Pyukumuku|Soak|p2a: Necrozma
|-start|p2a: Necrozma|typechange|Water
|
|upkeep
|turn|14
|
|t:|1648730117
|switch|p2a: Yveltal|Yveltal|80/100 tox
|-ability|p2a: Yveltal|Dark Aura
|move|p1a: Pyukumuku|Block|p2a: Yveltal
|-activate|p2a: Yveltal|trapped
|
|-damage|p2a: Yveltal|73/100 tox|[from] psn
|upkeep
|turn|15
|
|t:|1648730131
|move|p2a: Yveltal|Snarl|p1a: Pyukumuku
|-damage|p1a: Pyukumuku|73/100
|-unboost|p1a: Pyukumuku|spa|1
|move|p1a: Pyukumuku|Block||[still]
|-fail|p1a: Pyukumuku
|
|-heal|p1a: Pyukumuku|79/100|[from] item: Leftovers
|-damage|p2a: Yveltal|61/100 tox|[from] psn
|upkeep
|turn|16
|
|t:|1648730140
|move|p2a: Yveltal|Roost|p2a: Yveltal
|-heal|p2a: Yveltal|100/100 tox
|-singleturn|p2a: Yveltal|move: Roost
|move|p1a: Pyukumuku|Soak|p2a: Yveltal
|-start|p2a: Yveltal|typechange|Water
|
|-heal|p1a: Pyukumuku|85/100|[from] item: Leftovers
|-damage|p2a: Yveltal|82/100 tox|[from] psn
|upkeep
|turn|17
|
|t:|1648730155
|move|p2a: Yveltal|U-turn|p1a: Pyukumuku
|-damage|p1a: Pyukumuku|73/100
|
|t:|1648730165
|switch|p2a: Arceus|Arceus-Fairy|100/100|[from]move: U-turn
|move|p1a: Pyukumuku|Recover|p1a: Pyukumuku
|-heal|p1a: Pyukumuku|100/100
|
|upkeep
|turn|18
|
|t:|1648730173
|switch|p2a: Yveltal|Yveltal|82/100 tox
|-ability|p2a: Yveltal|Dark Aura
|move|p1a: Pyukumuku|Block|p2a: Yveltal
|-activate|p2a: Yveltal|trapped
|
|-damage|p2a: Yveltal|76/100 tox|[from] psn
|upkeep
|turn|19
|
|t:|1648730183
|move|p2a: Yveltal|U-turn|p1a: Pyukumuku
|-damage|p1a: Pyukumuku|88/100
|
|t:|1648730189
|switch|p2a: Arceus|Arceus-Fairy|100/100|[from]move: U-turn
|move|p1a: Pyukumuku|Soak|p2a: Arceus
|-fail|p2a: Arceus
|
|-heal|p1a: Pyukumuku|94/100|[from] item: Leftovers
|upkeep
|turn|20
|
|t:|1648730199
|switch|p2a: Yveltal|Yveltal|76/100 tox
|-ability|p2a: Yveltal|Dark Aura
|move|p1a: Pyukumuku|Soak|p2a: Yveltal
|-start|p2a: Yveltal|typechange|Water
|
|-heal|p1a: Pyukumuku|99/100|[from] item: Leftovers
|-damage|p2a: Yveltal|70/100 tox|[from] psn
|upkeep
|turn|21
|
|t:|1648730208
|switch|p1a: Whimsicott|Whimsicott, L1, F|100/100
|move|p2a: Yveltal|Roost|p2a: Yveltal
|-heal|p2a: Yveltal|100/100 tox
|-singleturn|p2a: Yveltal|move: Roost
|
|-damage|p2a: Yveltal|88/100 tox|[from] psn
|upkeep
|turn|22
|
|t:|1648730224
|move|p1a: Whimsicott|Leech Seed|p2a: Yveltal
|-start|p2a: Yveltal|move: Leech Seed
|move|p2a: Yveltal|U-turn|p1a: Whimsicott
|-crit|p1a: Whimsicott
|-enditem|p1a: Whimsicott|Focus Sash
|-damage|p1a: Whimsicott|8/100
|
|t:|1648730233
|switch|p2a: Rayquaza|Rayquaza|100/100|[from]move: U-turn
|-ability|p2a: Rayquaza|Air Lock
|
|upkeep
|turn|23
|
|t:|1648730245
|detailschange|p2a: Rayquaza|Rayquaza-Mega
|-mega|p2a: Rayquaza|Rayquaza|
|-weather|DeltaStream|[from] ability: Delta Stream|[of] p2a: Rayquaza
|move|p2a: Rayquaza|Extreme Speed|p1a: Whimsicott
|-damage|p1a: Whimsicott|0 fnt
|faint|p1a: Whimsicott
|-damage|p2a: Rayquaza|91/100|[from] item: Life Orb
|
|-weather|DeltaStream|[upkeep]
|upkeep
|
|t:|1648730260
|switch|p1a: Magnemite|Magnemite, L1|100/100
|turn|24
|
|t:|1648730263
|move|p2a: Rayquaza|Scale Shot|p1a: Magnemite
|-resisted|p1a: Magnemite
|-ability|p1a: Magnemite|Sturdy
|-damage|p1a: Magnemite|9/100
|-enditem|p1a: Magnemite|Berry Juice
|-heal|p1a: Magnemite|100/100|[from] item: Berry Juice
|-resisted|p1a: Magnemite
|-ability|p1a: Magnemite|Sturdy
|-damage|p1a: Magnemite|9/100
|-hitcount|p1a: Magnemite|2
|-unboost|p2a: Rayquaza|def|1
|-boost|p2a: Rayquaza|spe|1
|-damage|p2a: Rayquaza|81/100|[from] item: Life Orb
|move|p1a: Magnemite|Toxic|p2a: Rayquaza
|-status|p2a: Rayquaza|tox
|
|-weather|DeltaStream|[upkeep]
|-damage|p2a: Rayquaza|75/100 tox|[from] psn
|upkeep
|turn|25
|
|t:|1648730289
|move|p1a: Magnemite|Protect|p1a: Magnemite
|-singleturn|p1a: Magnemite|Protect
|move|p2a: Rayquaza|Dragon Ascent|p1a: Magnemite
|-activate|p1a: Magnemite|move: Protect
|
|-weather|DeltaStream|[upkeep]
|-damage|p2a: Rayquaza|63/100 tox|[from] psn
|upkeep
|turn|26
|
|t:|1648730299
|switch|p1a: Pyukumuku|Pyukumuku, M|99/100
|move|p2a: Rayquaza|Dragon Ascent|p1a: Pyukumuku
|-damage|p1a: Pyukumuku|32/100
|-unboost|p2a: Rayquaza|def|1
|-unboost|p2a: Rayquaza|spd|1
|-damage|p2a: Rayquaza|53/100 tox|[from] item: Life Orb
|
|-weather|DeltaStream|[upkeep]
|-heal|p1a: Pyukumuku|38/100|[from] item: Leftovers
|-damage|p2a: Rayquaza|35/100 tox|[from] psn
|upkeep
|turn|27
|
|t:|1648730311
|switch|p1a: Magnemite|Magnemite, L1|9/100
|move|p2a: Rayquaza|Dragon Ascent|p1a: Magnemite
|-resisted|p1a: Magnemite
|-damage|p1a: Magnemite|0 fnt
|-unboost|p2a: Rayquaza|def|1
|-unboost|p2a: Rayquaza|spd|1
|faint|p1a: Magnemite
|-damage|p2a: Rayquaza|25/100 tox|[from] item: Life Orb
|
|-weather|DeltaStream|[upkeep]
|-damage|p2a: Rayquaza|1/100 tox|[from] psn
|upkeep
|inactive|wolfie_olson has 270 seconds left.
|
|t:|1648730330
|switch|p1a: Zacian|Zacian-Crowned|100/100
|-ability|p1a: Zacian|Intrepid Sword|boost
|-boost|p1a: Zacian|atk|1
|turn|28
|inactive|wolfie_olson has 270 seconds left.
|
|t:|1648730342
|move|p2a: Rayquaza|V-create|p1a: Zacian
|-supereffective|p1a: Zacian
|-damage|p1a: Zacian|0 fnt
|-unboost|p2a: Rayquaza|spe|1
|-unboost|p2a: Rayquaza|def|1
|-unboost|p2a: Rayquaza|spd|1
|faint|p1a: Zacian
|-damage|p2a: Rayquaza|0 fnt|[from] item: Life Orb
|faint|p2a: Rayquaza
|-weather|none
|
|upkeep
|
|t:|1648730362
|switch|p1a: Pyukumuku|Pyukumuku, M|38/100
|switch|p2a: Necrozma|Necrozma-Dusk-Mane|100/100
|turn|29
|
|t:|1648730370
|switch|p2a: Ditto|Ditto|100/100
|-transform|p2a: Ditto|p1a: Pyukumuku|[from] ability: Imposter
|move|p1a: Pyukumuku|Block|p2a: Ditto
|-activate|p2a: Ditto|trapped
|
|-heal|p1a: Pyukumuku|44/100|[from] item: Leftovers
|upkeep
|turn|30
|
|t:|1648730375
|move|p2a: Ditto|Toxic|p1a: Pyukumuku
|-status|p1a: Pyukumuku|tox
|move|p1a: Pyukumuku|Toxic|p2a: Ditto
|-status|p2a: Ditto|tox
|
|-heal|p1a: Pyukumuku|50/100 tox|[from] item: Leftovers
|-damage|p2a: Ditto|94/100 tox|[from] psn
|-damage|p1a: Pyukumuku|44/100 tox|[from] psn
|upkeep
|turn|31
|
|t:|1648730381
|move|p2a: Ditto|Toxic|p1a: Pyukumuku
|-fail|p1a: Pyukumuku|tox
|move|p1a: Pyukumuku|Recover|p1a: Pyukumuku
|-heal|p1a: Pyukumuku|94/100 tox
|
|-heal|p1a: Pyukumuku|100/100 tox|[from] item: Leftovers
|-damage|p2a: Ditto|82/100 tox|[from] psn
|-damage|p1a: Pyukumuku|88/100 tox|[from] psn
|upkeep
|turn|32
|
|t:|1648730387
|move|p2a: Ditto|Toxic|p1a: Pyukumuku
|-fail|p1a: Pyukumuku|tox
|move|p1a: Pyukumuku|Block||[still]
|-fail|p1a: Pyukumuku
|
|-heal|p1a: Pyukumuku|94/100 tox|[from] item: Leftovers
|-damage|p2a: Ditto|64/100 tox|[from] psn
|-damage|p1a: Pyukumuku|76/100 tox|[from] psn
|upkeep
|turn|33
|c|☆wolfie_olson|gg
|c|☆wolfie_olson|this game is hard
|-message|wolfie_olson forfeited.
|
|win|PlatinumEA
|l|☆wolfie_olson
