|j|☆85792195wwww
|j|☆MVP2536
|t:|1663594547
|gametype|singles
|player|p1|85792195wwww|lady|1727
|player|p2|MVP2536|giovanni|1884
|teamsize|p1|6
|teamsize|p2|6
|gen|8
|tier|[Gen 8] National Dex AG
|rated|
|rule|HP Percentage Mod: HP is shown in percentages
|rule|Endless Battle Clause: Forcing endless battles is banned
|clearpoke
|poke|p1|Rayquaza|
|poke|p1|Zacian-*|
|poke|p1|Kyogre|
|poke|p1|Arceus-*|
|poke|p1|Marshadow|
|poke|p1|Ditto|
|poke|p2|Groudon|
|poke|p2|Aegislash, M|
|poke|p2|Rotom-Wash|
|poke|p2|Scrafty, M|
|poke|p2|Whimsicott, F|
|poke|p2|Ditto|
|teampreview
|
|t:|1663594562
|start
|switch|p1a: Rayquaza|Rayquaza|100/100
|switch|p2a: Ditto|Ditto|100/100
|-transform|p2a: Ditto|p1a: Rayquaza|[from] ability: Imposter
|-ability|p1a: Rayquaza|Air Lock
|turn|1
|
|t:|1663594576
|switch|p1a: Zacian|Zacian-Crowned|100/100
|-ability|p1a: Zacian|Intrepid Sword|boost
|-boost|p1a: Zacian|atk|1
|-start|p2a: Ditto|Dynamax|
|-heal|p2a: Ditto|100/100|[silent]
|move|p2a: Ditto|Max Airstream|p1a: Zacian
|-resisted|p1a: Zacian
|-damage|p1a: Zacian|60/100
|-boost|p2a: Ditto|spe|1
|
|upkeep
|turn|2
|
|t:|1663594599
|switch|p1a: Kyogre|Kyogre|100/100
|detailschange|p1a: Kyogre|Kyogre-Primal
|-primal|p1a: Kyogre
|-weather|PrimordialSea|[from] ability: Primordial Sea|[of] p1a: Kyogre
|move|p2a: Ditto|Max Flare|p1a: Kyogre
|-resisted|p1a: Kyogre
|-damage|p1a: Kyogre|72/100
|
|-weather|PrimordialSea|[upkeep]
|upkeep
|turn|3
|
|t:|1663594612
|move|p2a: Ditto|Max Airstream|p1a: Kyogre
|-damage|p1a: Kyogre|0 fnt
|-boost|p2a: Ditto|spe|1
|faint|p1a: Kyogre
|-weather|none
|
|upkeep
|
|t:|1663594619
|switch|p1a: Arceus|Arceus-Electric|100/100
|-end|p2a: Ditto|Dynamax
|-heal|p2a: Ditto|100/100|[silent]
|turn|4
|
|t:|1663594625
|switch|p2a: garbage|Groudon|100/100
|detailschange|p2a: garbage|Groudon-Primal
|-primal|p2a: garbage
|-weather|DesolateLand|[from] ability: Desolate Land|[of] p2a: garbage
|move|p1a: Arceus|Stealth Rock|p2a: garbage
|-sidestart|p2: MVP2536|move: Stealth Rock
|
|-weather|DesolateLand|[upkeep]
|upkeep
|turn|5
|
|t:|1663594634
|switch|p1a: Rayquaza|Rayquaza|100/100
|-ability|p1a: Rayquaza|Air Lock
|move|p2a: garbage|Heat Crash|p1a: Rayquaza
|-resisted|p1a: Rayquaza
|-damage|p1a: Rayquaza|72/100
|
|-weather|DesolateLand|[upkeep]
|upkeep
|turn|6
|
|t:|1663594643
|-weather|none
|switch|p2a: Rotom|Rotom-Wash|100/100
|-damage|p2a: Rotom|88/100|[from] Stealth Rock
|detailschange|p1a: Rayquaza|Rayquaza-Mega
|-mega|p1a: Rayquaza|Rayquaza|
|-weather|DeltaStream|[from] ability: Delta Stream|[of] p1a: Rayquaza
|move|p1a: Rayquaza|Dragon Ascent|p2a: Rotom
|-resisted|p2a: Rotom
|-damage|p2a: Rotom|42/100
|-unboost|p1a: Rayquaza|def|1
|-unboost|p1a: Rayquaza|spd|1
|-damage|p1a: Rayquaza|55/100|[from] item: Rocky Helmet|[of] p2a: Rotom
|
|-weather|DeltaStream|[upkeep]
|upkeep
|turn|7
|
|t:|1663594657
|move|p1a: Rayquaza|Dragon Ascent|p2a: Rotom
|-resisted|p2a: Rotom
|-crit|p2a: Rotom
|-damage|p2a: Rotom|0 fnt
|-unboost|p1a: Rayquaza|def|1
|-unboost|p1a: Rayquaza|spd|1
|-damage|p1a: Rayquaza|39/100|[from] item: Rocky Helmet|[of] p2a: Rotom
|faint|p2a: Rotom
|
|-weather|DeltaStream|[upkeep]
|upkeep
|
|t:|1663594665
|switch|p2a: Aegislash|Aegislash, M|100/100
|-damage|p2a: Aegislash|94/100|[from] Stealth Rock
|turn|8
|
|t:|1663594672
|-weather|none
|switch|p1a: Zacian|Zacian-Crowned|60/100
|-ability|p1a: Zacian|Intrepid Sword|boost
|-boost|p1a: Zacian|atk|1
|-formechange|p2a: Aegislash|Aegislash-Blade||[from] ability: Stance Change
|move|p2a: Aegislash|Shadow Sneak|p1a: Zacian
|-damage|p1a: Zacian|39/100
|
|-heal|p2a: Aegislash|100/100|[from] item: Leftovers
|upkeep
|turn|9
|
|t:|1663594682
|-formechange|p2a: Aegislash|Aegislash||[from] ability: Stance Change
|move|p2a: Aegislash|King's Shield|p2a: Aegislash
|-singleturn|p2a: Aegislash|Protect
|move|p1a: Zacian|Substitute|p1a: Zacian
|-start|p1a: Zacian|Substitute
|-damage|p1a: Zacian|14/100
|
|upkeep
|turn|10
|
|t:|1663594701
|move|p1a: Zacian|Assurance|p2a: Aegislash
|-supereffective|p2a: Aegislash
|-damage|p2a: Aegislash|35/100
|-formechange|p2a: Aegislash|Aegislash-Blade||[from] ability: Stance Change
|move|p2a: Aegislash|Iron Head|p1a: Zacian
|-end|p1a: Zacian|Substitute
|
|-heal|p2a: Aegislash|41/100|[from] item: Leftovers
|upkeep
|turn|11
|
|t:|1663594714
|move|p2a: Aegislash|Shadow Sneak|p1a: Zacian
|-damage|p1a: Zacian|0 fnt
|faint|p1a: Zacian
|
|-heal|p2a: Aegislash|47/100|[from] item: Leftovers
|upkeep
|
|t:|1663594729
|switch|p1a: Marshadow|Marshadow|100/100
|turn|12
|
|t:|1663594733
|-formechange|p2a: Aegislash|Aegislash||[from] ability: Stance Change
|move|p2a: Aegislash|King's Shield|p2a: Aegislash
|-singleturn|p2a: Aegislash|Protect
|move|p1a: Marshadow|Poltergeist|p2a: Aegislash
|-activate|p2a: Aegislash|move: Protect
|
|-heal|p2a: Aegislash|54/100|[from] item: Leftovers
|upkeep
|turn|13
|
|t:|1663594744
|-formechange|p2a: Aegislash|Aegislash-Blade||[from] ability: Stance Change
|move|p2a: Aegislash|Shadow Sneak|p1a: Marshadow
|-supereffective|p1a: Marshadow
|-damage|p1a: Marshadow|38/100
|move|p1a: Marshadow|Pursuit|p2a: Aegislash
|-supereffective|p2a: Aegislash
|-damage|p2a: Aegislash|0 fnt
|faint|p2a: Aegislash
|-damage|p1a: Marshadow|28/100|[from] item: Life Orb
|
|upkeep
|inactive|Battle timer is ON: inactive players will automatically lose when time's up. (requested by MVP2536)
|
|t:|1663594752
|switch|p2a: Ditto|Ditto|100/100
|-damage|p2a: Ditto|88/100|[from] Stealth Rock
|-transform|p2a: Ditto|p1a: Marshadow|[from] ability: Imposter
|turn|14
|
|t:|1663594758
|switch|p1a: Ditto|Ditto|100/100
|move|p2a: Ditto|Shadow Sneak|p1a: Ditto
|-immune|p1a: Ditto
|
|upkeep
|turn|15
|
|t:|1663594769
|switch|p1a: Rayquaza|Rayquaza-Mega|39/100
|-weather|DeltaStream|[from] ability: Delta Stream|[of] p1a: Rayquaza
|move|p2a: Ditto|Shadow Sneak|p1a: Rayquaza
|-damage|p1a: Rayquaza|10/100
|
|-weather|DeltaStream|[upkeep]
|upkeep
|turn|16
|
|t:|1663594777
|-weather|none
|switch|p1a: Ditto|Ditto|100/100
|move|p2a: Ditto|Shadow Sneak|p1a: Ditto
|-immune|p1a: Ditto
|
|upkeep
|turn|17
|
|t:|1663594786
|switch|p2a: Scrafty|Scrafty, M|100/100
|-damage|p2a: Scrafty|95/100|[from] Stealth Rock
|move|p1a: Ditto|Transform|p2a: Scrafty
|-transform|p1a: Ditto|p2a: Scrafty
|
|upkeep
|turn|18
|
|t:|1663594803
|switch|p2a: garbage|Groudon-Primal|100/100
|-damage|p2a: garbage|88/100|[from] Stealth Rock
|-weather|DesolateLand|[from] ability: Desolate Land|[of] p2a: garbage
|move|p1a: Ditto|Drain Punch|p2a: garbage
|-damage|p2a: garbage|73/100
|
|-weather|DesolateLand|[upkeep]
|upkeep
|turn|19
|
|t:|1663594815
|switch|p1a: Rayquaza|Rayquaza-Mega|10/100
|-weather|DeltaStream|[from] ability: Delta Stream|[of] p1a: Rayquaza
|move|p2a: garbage|Heat Crash|p1a: Rayquaza
|-resisted|p1a: Rayquaza
|-damage|p1a: Rayquaza|0 fnt
|faint|p1a: Rayquaza
|-weather|none
|
|upkeep
|
|t:|1663594823
|switch|p1a: Marshadow|Marshadow|28/100
|turn|20
|
|t:|1663594830
|move|p1a: Marshadow|Force Palm|p2a: garbage
|-damage|p2a: garbage|39/100
|-damage|p1a: Marshadow|18/100|[from] item: Life Orb
|move|p2a: garbage|Rest|p2a: garbage
|-status|p2a: garbage|slp|[from] move: Rest
|-heal|p2a: garbage|100/100 slp|[silent]
|
|upkeep
|turn|21
|
|t:|1663594839
|switch|p1a: Ditto|Ditto|100/100
|-transform|p1a: Ditto|p2a: garbage|[from] ability: Imposter
|-weather|DesolateLand|[from] ability: Desolate Land|[of] p1a: Ditto
|cant|p2a: garbage|slp
|move|p2a: garbage|Sleep Talk|p2a: garbage
|move|p2a: garbage|Precipice Blades|p1a: Ditto|[from]move: Sleep Talk
|-supereffective|p1a: Ditto
|-damage|p1a: Ditto|0 fnt
|faint|p1a: Ditto
|
|-weather|DesolateLand|[upkeep]
|upkeep
|
|t:|1663594852
|switch|p1a: Marshadow|Marshadow|18/100
|turn|22
|
|t:|1663594865
|-weather|none
|switch|p2a: Scrafty|Scrafty, M|95/100
|-damage|p2a: Scrafty|89/100|[from] Stealth Rock
|move|p1a: Marshadow|Poltergeist|p2a: Scrafty
|-activate|p2a: Scrafty|move: Poltergeist|Assault Vest
|-resisted|p2a: Scrafty
|-damage|p2a: Scrafty|58/100
|-damage|p1a: Marshadow|8/100|[from] item: Life Orb
|
|upkeep
|turn|23
|
|t:|1663594876
|switch|p2a: Whimsicott|Whimsicott, F|100/100
|move|p1a: Marshadow|Force Palm|p2a: Whimsicott
|-resisted|p2a: Whimsicott
|-damage|p2a: Whimsicott|60/100
|-status|p2a: Whimsicott|par
|-damage|p1a: Marshadow|0 fnt|[from] item: Life Orb
|faint|p1a: Marshadow
|
|upkeep
|
|t:|1663594886
|switch|p1a: Arceus|Arceus-Electric|100/100
|turn|24
|
|t:|1663594896
|move|p1a: Arceus|Ice Beam|p2a: Whimsicott
|-supereffective|p2a: Whimsicott
|-damage|p2a: Whimsicott|0 fnt
|faint|p2a: Whimsicott
|
|upkeep
|
|t:|1663594904
|switch|p2a: garbage|Groudon-Primal|100/100 slp
|-damage|p2a: garbage|88/100 slp|[from] Stealth Rock
|-weather|DesolateLand|[from] ability: Desolate Land|[of] p2a: garbage
|turn|25
|
|t:|1663594911
|-start|p1a: Arceus|Dynamax|
|-heal|p1a: Arceus|100/100|[silent]
|move|p1a: Arceus|Max Quake|p2a: garbage
|-supereffective|p2a: garbage
|-damage|p2a: garbage|32/100 slp
|-boost|p1a: Arceus|spd|1
|cant|p2a: garbage|slp
|move|p2a: garbage|Sleep Talk|p2a: garbage
|move|p2a: garbage|Heat Crash||[from]move: Sleep Talk|[still]
|-fail|p2a: garbage|Dynamax
|
|-weather|DesolateLand|[upkeep]
|upkeep
|turn|26
|inactive|MVP2536 has 120 seconds left.
|
|t:|1663594944
|move|p1a: Arceus|Max Quake|p2a: garbage
|-supereffective|p2a: garbage
|-damage|p2a: garbage|0 fnt
|-boost|p1a: Arceus|spd|1
|faint|p2a: garbage
|-weather|none
|
|upkeep
|inactive|MVP2536 has 120 seconds left.
|
|t:|1663594951
|switch|p2a: Scrafty|Scrafty, M|58/100
|-damage|p2a: Scrafty|52/100|[from] Stealth Rock
|turn|27
|
|t:|1663594955
|move|p1a: Arceus|Max Lightning|p2a: Scrafty
|-damage|p2a: Scrafty|11/100
|-fieldstart|move: Electric Terrain
|move|p2a: Scrafty|Dig||[still]
|-prepare|p2a: Scrafty|Dig
|
|upkeep
|-end|p1a: Arceus|Dynamax
|-heal|p1a: Arceus|100/100|[silent]
|turn|28
|
|t:|1663594966
|move|p1a: Arceus|Judgment|p2a: Scrafty|[miss]
|-miss|p1a: Arceus|p2a: Scrafty
|move|p2a: Scrafty|Dig|p1a: Arceus|[from]lockedmove
|-supereffective|p1a: Arceus
|-damage|p1a: Arceus|71/100
|
|upkeep
|turn|29
|
|t:|1663594975
|move|p1a: Arceus|Earth Power|p2a: Scrafty
|-damage|p2a: Scrafty|0 fnt
|faint|p2a: Scrafty
|
|upkeep
|
|t:|1663594978
|switch|p2a: Ditto|Ditto|88/100
|-damage|p2a: Ditto|76/100|[from] Stealth Rock
|-transform|p2a: Ditto|p1a: Arceus|[from] ability: Imposter
|turn|30
|
|t:|1663594986
|move|p2a: Ditto|Earth Power|p1a: Arceus
|-supereffective|p1a: Arceus
|-damage|p1a: Arceus|46/100
|move|p1a: Arceus|Earth Power|p2a: Ditto
|-supereffective|p2a: Ditto
|-damage|p2a: Ditto|44/100
|
|upkeep
|turn|31
|
|t:|1663594997
|move|p2a: Ditto|Earth Power|p1a: Arceus
|-supereffective|p1a: Arceus
|-damage|p1a: Arceus|24/100
|move|p1a: Arceus|Earth Power|p2a: Ditto
|-supereffective|p2a: Ditto
|-damage|p2a: Ditto|16/100
|
|-fieldend|move: Electric Terrain
|upkeep
|turn|32
|
|t:|1663595005
|move|p2a: Ditto|Earth Power|p1a: Arceus
|-supereffective|p1a: Arceus
|-damage|p1a: Arceus|1/100
|move|p1a: Arceus|Earth Power|p2a: Ditto
|-supereffective|p2a: Ditto
|-damage|p2a: Ditto|0 fnt
|faint|p2a: Ditto
|
|win|85792195wwww
|raw|85792195wwww's rating: 1727 &rarr; <strong>1755</strong><br />(+28 for winning)
|raw|MVP2536's rating: 1884 &rarr; <strong>1856</strong><br />(-28 for losing)
|c|☆MVP2536|bruh
|c|☆MVP2536|gg
|l|☆MVP2536
||Ladder isn't responding, score probably updated but might not have (Request timeout).
