|j|☆agdp
|j|☆Dominator296
|t:|1643711004
|gametype|singles
|player|p1|agdp|hilbert|1662
|player|p2|Dominator296|alder|1867
|teamsize|p1|6
|teamsize|p2|6
|gen|8
|tier|[Gen 8] National Dex AG
|rated|
|rule|HP Percentage Mod: HP is shown in percentages
|rule|Endless Battle Clause: Forcing endless battles is banned
|clearpoke
|poke|p1|Giratina-Origin|
|poke|p1|Ditto|
|poke|p1|Yveltal|
|poke|p1|Arceus-*|
|poke|p1|Groudon|
|poke|p1|Regigigas|
|poke|p2|Kyogre|
|poke|p2|Groudon|
|poke|p2|Ho-Oh|
|poke|p2|Necrozma-Dusk-Mane|
|poke|p2|Arceus-*|
|poke|p2|Arceus-*|
|teampreview
|inactive|Battle timer is ON: inactive players will automatically lose when time's up. (requested by agdp)
|
|t:|1643711028
|start
|switch|p1a: Giratina|Giratina-Origin, shiny|100/100
|switch|p2a: Necrozma|Necrozma-Dusk-Mane|100/100
|turn|1
|
|t:|1643711042
|detailschange|p2a: Necrozma|Necrozma-Ultra
|-burst|p2a: Necrozma|Necrozma|Ultranecrozium Z
|move|p2a: Necrozma|Thunder Wave|p1a: Giratina
|-status|p1a: Giratina|par
|cant|p1a: Giratina|par
|
|upkeep
|turn|2
|
|t:|1643711051
|-zpower|p2a: Necrozma
|move|p2a: Necrozma|Light That Burns the Sky|p1a: Giratina|[zeffect]
|-damage|p1a: Giratina|0 fnt
|faint|p1a: Giratina
|
|upkeep
|
|t:|1643711066
|switch|p1a: Yveltal|Yveltal, shiny|100/100
|-ability|p1a: Yveltal|Dark Aura
|turn|3
|
|t:|1643711083
|move|p1a: Yveltal|Sucker Punch||[still]
|-fail|p1a: Yveltal
|move|p2a: Necrozma|Thunder Wave|p1a: Yveltal
|-status|p1a: Yveltal|par
|
|upkeep
|turn|4
|
|t:|1643711090
|switch|p2a: Ho-Oh|Ho-Oh, shiny|100/100
|move|p1a: Yveltal|Sucker Punch||[still]
|-fail|p1a: Yveltal
|
|upkeep
|turn|5
|
|t:|1643711098
|move|p2a: Ho-Oh|Curse|p2a: Ho-Oh
|-unboost|p2a: Ho-Oh|spe|1
|-boost|p2a: Ho-Oh|atk|1
|-boost|p2a: Ho-Oh|def|1
|cant|p1a: Yveltal|par
|
|upkeep
|turn|6
|
|t:|1643711119
|move|p1a: Yveltal|Taunt|p2a: Ho-Oh
|-start|p2a: Ho-Oh|move: Taunt
|cant|p2a: Ho-Oh|move: Taunt|Curse
|
|upkeep
|turn|7
|
|t:|1643711126
|-start|p2a: Ho-Oh|Dynamax
|-heal|p2a: Ho-Oh|100/100|[silent]
|move|p1a: Yveltal|Foul Play|p2a: Ho-Oh
|-damage|p2a: Ho-Oh|73/100
|move|p2a: Ho-Oh|Max Airstream|p1a: Yveltal
|-damage|p1a: Yveltal|16/100 par
|-boost|p2a: Ho-Oh|spe|1
|
|upkeep
|turn|8
|
|t:|1643711139
|move|p1a: Yveltal|Sucker Punch|p2a: Ho-Oh
|-damage|p2a: Ho-Oh|63/100
|move|p2a: Ho-Oh|Max Airstream|p1a: Yveltal
|-damage|p1a: Yveltal|0 fnt
|-boost|p2a: Ho-Oh|spe|1
|faint|p1a: Yveltal
|
|-end|p2a: Ho-Oh|move: Taunt
|upkeep
|
|t:|1643711155
|switch|p1a: Groudon|Groudon, shiny|100/100
|detailschange|p1a: Groudon|Groudon-Primal, shiny
|-primal|p1a: Groudon
|-weather|DesolateLand|[from] ability: Desolate Land|[of] p1a: Groudon
|turn|9
|
|t:|1643711160
|move|p2a: Ho-Oh|Max Airstream|p1a: Groudon
|-damage|p1a: Groudon|48/100
|-boost|p2a: Ho-Oh|spe|1
|move|p1a: Groudon|Rock Tomb|p2a: Ho-Oh
|-supereffective|p2a: Ho-Oh
|-damage|p2a: Ho-Oh|27/100
|-unboost|p2a: Ho-Oh|spe|1
|
|-weather|DesolateLand|[upkeep]
|-end|p2a: Ho-Oh|Dynamax
|-heal|p2a: Ho-Oh|27/100|[silent]
|upkeep
|turn|10
|
|t:|1643711181
|move|p2a: Ho-Oh|Brave Bird|p1a: Groudon
|-damage|p1a: Groudon|4/100
|-damage|p2a: Ho-Oh|13/100|[from] Recoil
|move|p1a: Groudon|Rock Tomb|p2a: Ho-Oh
|-supereffective|p2a: Ho-Oh
|-damage|p2a: Ho-Oh|0 fnt
|faint|p2a: Ho-Oh
|
|-weather|DesolateLand|[upkeep]
|upkeep
|
|t:|1643711189
|switch|p2a: Arceus|Arceus, shiny|100/100
|turn|11
|
|t:|1643711192
|move|p2a: Arceus|Extreme Speed|p1a: Groudon
|-damage|p1a: Groudon|0 fnt
|faint|p1a: Groudon
|-weather|none
|
|upkeep
|
|t:|1643711199
|switch|p1a: Arceus|Arceus|100/100
|turn|12
|
|t:|1643711204
|move|p1a: Arceus|Swords Dance|p1a: Arceus
|-boost|p1a: Arceus|atk|2
|move|p2a: Arceus|Swords Dance|p2a: Arceus
|-boost|p2a: Arceus|atk|2
|
|upkeep
|turn|13
|
|t:|1643711211
|-start|p1a: Arceus|Dynamax
|-heal|p1a: Arceus|100/100|[silent]
|move|p2a: Arceus|Extreme Speed|p1a: Arceus
|-damage|p1a: Arceus|58/100
|move|p1a: Arceus|Max Strike|p2a: Arceus
|-damage|p2a: Arceus|0 fnt
|faint|p2a: Arceus
|-damage|p1a: Arceus|54/100|[from] item: Life Orb
|
|upkeep
|
|t:|1643711225
|switch|p2a: Necrozma|Necrozma-Ultra|100/100
|turn|14
|
|t:|1643711230
|move|p1a: Arceus|Max Strike|p2a: Necrozma
|-damage|p2a: Necrozma|0 fnt
|faint|p2a: Necrozma
|-damage|p1a: Arceus|49/100|[from] item: Life Orb
|
|upkeep
|
|t:|1643711236
|switch|p2a: Kyogre|Kyogre|100/100
|-weather|RainDance|[from] ability: Drizzle|[of] p2a: Kyogre
|turn|15
|
|t:|1643711242
|move|p1a: Arceus|Max Guard|p1a: Arceus
|-singleturn|p1a: Arceus|Max Guard
|move|p2a: Kyogre|Water Spout|p1a: Arceus
|-activate|p1a: Arceus|move: Max Guard
|
|-weather|RainDance|[upkeep]
|-end|p1a: Arceus|Dynamax
|-heal|p1a: Arceus|49/100|[silent]
|upkeep
|turn|16
|
|t:|1643711251
|switch|p2a: Arceus|Arceus-Flying|100/100
|move|p1a: Arceus|Extreme Speed|p2a: Arceus
|-damage|p2a: Arceus|50/100
|-damage|p1a: Arceus|39/100|[from] item: Life Orb
|
|-weather|RainDance|[upkeep]
|upkeep
|turn|17
|
|t:|1643711260
|move|p1a: Arceus|Extreme Speed|p2a: Arceus
|-damage|p2a: Arceus|0 fnt
|faint|p2a: Arceus
|-damage|p1a: Arceus|29/100|[from] item: Life Orb
|
|-weather|RainDance|[upkeep]
|upkeep
|
|t:|1643711265
|switch|p2a: Groudon|Groudon|100/100
|detailschange|p2a: Groudon|Groudon-Primal
|-primal|p2a: Groudon
|-weather|DesolateLand|[from] ability: Desolate Land|[of] p2a: Groudon
|turn|18
|
|t:|1643711272
|move|p1a: Arceus|Earthquake|p2a: Groudon
|-supereffective|p2a: Groudon
|-damage|p2a: Groudon|5/100
|-damage|p1a: Arceus|19/100|[from] item: Life Orb
|move|p2a: Groudon|Fire Punch|p1a: Arceus
|-damage|p1a: Arceus|0 fnt
|faint|p1a: Arceus
|
|-weather|DesolateLand|[upkeep]
|upkeep
|
|t:|1643711281
|switch|p1a: Ditto|Ditto, shiny|100/100
|-transform|p1a: Ditto|p2a: Groudon|[from] ability: Imposter
|turn|19
|
|t:|1643711288
|move|p1a: Ditto|Precipice Blades|p2a: Groudon|[miss]
|-miss|p1a: Ditto|p2a: Groudon
|move|p2a: Groudon|Precipice Blades|p1a: Ditto
|-supereffective|p1a: Ditto
|-damage|p1a: Ditto|0 fnt
|faint|p1a: Ditto
|
|-weather|DesolateLand|[upkeep]
|upkeep
|
|t:|1643711296
|switch|p1a: Regigigas|Regigigas|100/100
|-start|p1a: Regigigas|ability: Slow Start
|turn|20
|
|t:|1643711313
|move|p1a: Regigigas|Protect|p1a: Regigigas
|-singleturn|p1a: Regigigas|Protect
|move|p2a: Groudon|Fire Punch|p1a: Regigigas
|-activate|p1a: Regigigas|move: Protect
|
|-weather|DesolateLand|[upkeep]
|upkeep
|turn|21
|
|t:|1643711321
|move|p2a: Groudon|Fire Punch|p1a: Regigigas
|-damage|p1a: Regigigas|44/100
|move|p1a: Regigigas|Drain Punch|p2a: Groudon
|-damage|p2a: Groudon|0 fnt
|-heal|p1a: Regigigas|46/100|[from] drain|[of] p2a: Groudon
|faint|p2a: Groudon
|-weather|none
|
|-heal|p1a: Regigigas|52/100|[from] item: Leftovers
|upkeep
|
|t:|1643711325
|switch|p2a: Kyogre|Kyogre|100/100
|-weather|RainDance|[from] ability: Drizzle|[of] p2a: Kyogre
|turn|22
|
|t:|1643711339
|move|p1a: Regigigas|Protect|p1a: Regigigas
|-singleturn|p1a: Regigigas|Protect
|move|p2a: Kyogre|Water Spout|p1a: Regigigas
|-activate|p1a: Regigigas|move: Protect
|
|-weather|RainDance|[upkeep]
|-heal|p1a: Regigigas|58/100|[from] item: Leftovers
|upkeep
|turn|23
|
|t:|1643711351
|move|p2a: Kyogre|Water Spout|p1a: Regigigas
|-damage|p1a: Regigigas|0 fnt
|faint|p1a: Regigigas
|-end|p1a: Regigigas|Slow Start|[silent]
|
|win|Dominator296
|raw|agdp's rating: 1662 &rarr; <strong>1653</strong><br />(-9 for losing)
|raw|Dominator296's rating: 1867 &rarr; <strong>1876</strong><br />(+9 for winning)
|l|☆Dominator296
