|j|☆Alpha28056
|j|☆cllout
|t:|1668728553
|gametype|singles
|player|p1|Alpha28056|red|1551
|player|p2|cllout|misty-lgpe|1620
|teamsize|p1|6
|teamsize|p2|6
|gen|8
|tier|[Gen 8] National Dex AG
|rated|
|rule|HP Percentage Mod: HP is shown in percentages
|rule|Endless Battle Clause: Forcing endless battles is banned
|clearpoke
|poke|p1|Volcarona, M|
|poke|p1|Salamence, F|
|poke|p1|Landorus, M|
|poke|p1|Metagross|
|poke|p1|Marshadow|
|poke|p1|Zekrom|
|poke|p2|Shaymin-Sky|
|poke|p2|Marshadow|
|poke|p2|Smeargle, F|
|poke|p2|Necrozma-Dusk-Mane|
|poke|p2|Calyrex-Shadow|
|poke|p2|Arceus-*|
|teampreview
|inactive|Battle timer is ON: inactive players will automatically lose when time's up. (requested by cllout)
|
|t:|1668728577
|start
|switch|p1a: Landorus|Landorus, M|100/100
|switch|p2a: Shaymin|Shaymin-Sky|100/100
|turn|1
|
|t:|1668728585
|move|p2a: Shaymin|Air Slash|p1a: Landorus
|-damage|p1a: Landorus|45/100
|cant|p1a: Landorus|flinch
|
|upkeep
|turn|2
|
|t:|1668728592
|move|p2a: Shaymin|Air Slash|p1a: Landorus
|-damage|p1a: Landorus|0 fnt
|faint|p1a: Landorus
|
|upkeep
|
|t:|1668728598
|switch|p1a: Metagross|Metagross|100/100
|turn|3
|
|t:|1668728619
|switch|p2a: Necrozma|Necrozma-Dusk-Mane|100/100
|detailschange|p1a: Metagross|Metagross-Mega
|-mega|p1a: Metagross|Metagross|Metagrossite
|move|p1a: Metagross|Ice Punch|p2a: Necrozma
|-resisted|p2a: Necrozma
|-damage|p2a: Necrozma|92/100
|
|upkeep
|turn|4
|
|t:|1668728628
|move|p1a: Metagross|Thunder Punch|p2a: Necrozma
|-damage|p2a: Necrozma|75/100
|move|p2a: Necrozma|Stealth Rock|p1a: Metagross
|-sidestart|p1: Alpha28056|move: Stealth Rock
|
|upkeep
|turn|5
|
|t:|1668728634
|move|p1a: Metagross|Thunder Punch|p2a: Necrozma
|-damage|p2a: Necrozma|57/100
|-status|p2a: Necrozma|par
|move|p2a: Necrozma|Cosmic Power|p2a: Necrozma
|-boost|p2a: Necrozma|def|1
|-boost|p2a: Necrozma|spd|1
|
|upkeep
|turn|6
|
|t:|1668728644
|switch|p1a: Volcarona|Volcarona, M|100/100
|-damage|p1a: Volcarona|51/100|[from] Stealth Rock
|move|p2a: Necrozma|Morning Sun|p2a: Necrozma
|-heal|p2a: Necrozma|100/100 par
|
|upkeep
|turn|7
|
|t:|1668728652
|move|p1a: Volcarona|Quiver Dance|p1a: Volcarona
|-boost|p1a: Volcarona|spa|1
|-boost|p1a: Volcarona|spd|1
|-boost|p1a: Volcarona|spe|1
|move|p2a: Necrozma|Sunsteel Strike|p1a: Volcarona
|-resisted|p1a: Volcarona
|-damage|p1a: Volcarona|9/100
|
|upkeep
|turn|8
|
|t:|1668728661
|move|p1a: Volcarona|Roost|p1a: Volcarona
|-heal|p1a: Volcarona|59/100
|-singleturn|p1a: Volcarona|move: Roost
|move|p2a: Necrozma|Sunsteel Strike|p1a: Volcarona
|-resisted|p1a: Volcarona
|-damage|p1a: Volcarona|11/100
|
|upkeep
|turn|9
|
|t:|1668728684
|switch|p2a: Shaymin|Shaymin-Sky|100/100
|move|p1a: Volcarona|Roost|p1a: Volcarona
|-heal|p1a: Volcarona|62/100
|-singleturn|p1a: Volcarona|move: Roost
|
|upkeep
|turn|10
|
|t:|1668728691
|move|p2a: Shaymin|Air Slash|p1a: Volcarona
|-supereffective|p1a: Volcarona
|-damage|p1a: Volcarona|2/100
|move|p1a: Volcarona|Flamethrower|p2a: Shaymin
|-supereffective|p2a: Shaymin
|-damage|p2a: Shaymin|0 fnt
|faint|p2a: Shaymin
|
|upkeep
|
|t:|1668728706
|switch|p2a: Marshadow|Marshadow|100/100
|turn|11
|
|t:|1668728717
|move|p2a: Marshadow|Shadow Sneak|p1a: Volcarona
|-damage|p1a: Volcarona|0 fnt
|-status|p2a: Marshadow|brn|[from] ability: Flame Body|[of] p1a: Volcarona
|faint|p1a: Volcarona
|
|-damage|p2a: Marshadow|94/100 brn|[from] brn
|upkeep
|
|t:|1668728737
|switch|p1a: Salamence|Salamence, F|100/100
|-damage|p1a: Salamence|75/100|[from] Stealth Rock
|turn|12
|inactive|Alpha28056 has 120 seconds left.
|
|t:|1668728754
|switch|p2a: Necrozma|Necrozma-Dusk-Mane|100/100 par
|move|p1a: Salamence|Dragon Dance|p1a: Salamence
|-boost|p1a: Salamence|atk|1
|-boost|p1a: Salamence|spe|1
|
|upkeep
|turn|13
|
|t:|1668728764
|-start|p1a: Salamence|Dynamax|
|-heal|p1a: Salamence|75/100|[silent]
|move|p1a: Salamence|Max Flare|p2a: Necrozma
|-supereffective|p2a: Necrozma
|-damage|p2a: Necrozma|36/100 par
|-weather|SunnyDay
|-enditem|p2a: Necrozma|Weakness Policy
|-boost|p2a: Necrozma|atk|2|[from] item: Weakness Policy
|-boost|p2a: Necrozma|spa|2|[from] item: Weakness Policy
|-damage|p1a: Salamence|71/100|[from] item: Life Orb
|move|p2a: Necrozma|Cosmic Power|p2a: Necrozma
|-boost|p2a: Necrozma|def|1
|-boost|p2a: Necrozma|spd|1
|
|-weather|SunnyDay|[upkeep]
|upkeep
|turn|14
|
|t:|1668728781
|-start|p2a: Necrozma|Dynamax|
|-heal|p2a: Necrozma|36/100 par|[silent]
|move|p1a: Salamence|Max Flare|p2a: Necrozma
|-supereffective|p2a: Necrozma
|-damage|p2a: Necrozma|4/100 par
|-damage|p1a: Salamence|66/100|[from] item: Life Orb
|move|p2a: Necrozma|Max Steelspike|p1a: Salamence
|-damage|p1a: Salamence|0 fnt
|-boost|p2a: Necrozma|def|1
|faint|p1a: Salamence
|
|-weather|SunnyDay|[upkeep]
|upkeep
|inactive|Alpha28056 has 120 seconds left.
|
|t:|1668728819
|switch|p1a: Marshadow|Marshadow|100/100
|-damage|p1a: Marshadow|94/100|[from] Stealth Rock
|turn|15
|
|t:|1668728845
|-end|p2a: Necrozma|Dynamax
|-heal|p2a: Necrozma|4/100 par|[silent]
|switch|p2a: Smeargle|Smeargle, F|100/100
|move|p1a: Marshadow|Spectral Thief|p2a: Smeargle
|-immune|p2a: Smeargle
|
|-weather|SunnyDay|[upkeep]
|-ability|p2a: Smeargle|Moody|boost
|-boost|p2a: Smeargle|spe|2
|-unboost|p2a: Smeargle|spd|1
|upkeep
|turn|16
|
|t:|1668728854
|move|p2a: Smeargle|Spore|p1a: Marshadow
|-status|p1a: Marshadow|slp|[from] move: Spore
|cant|p1a: Marshadow|slp
|
|-weather|SunnyDay|[upkeep]
|-ability|p2a: Smeargle|Moody|boost
|-boost|p2a: Smeargle|atk|2
|-unboost|p2a: Smeargle|spd|1
|upkeep
|turn|17
|
|t:|1668728870
|move|p2a: Smeargle|Baton Pass|p2a: Smeargle
|
|t:|1668728874
|switch|p2a: Arceus|Arceus-Ghost|100/100|[from]move: Baton Pass
|cant|p1a: Marshadow|slp
|
|-weather|none
|upkeep
|turn|18
|
|t:|1668728885
|-curestatus|p1a: Marshadow|slp|[msg]
|move|p1a: Marshadow|Shadow Sneak|p2a: Arceus
|-supereffective|p2a: Arceus
|-damage|p2a: Arceus|38/100
|-damage|p1a: Marshadow|84/100|[from] item: Life Orb
|move|p2a: Arceus|Shadow Force||[still]
|-prepare|p2a: Arceus|Shadow Force
|
|upkeep
|turn|19
|
|t:|1668728893
|switch|p1a: Metagross|Metagross-Mega|100/100
|-damage|p1a: Metagross|94/100|[from] Stealth Rock
|move|p2a: Arceus|Shadow Force|p1a: Metagross|[from]lockedmove
|-supereffective|p1a: Metagross
|-damage|p1a: Metagross|0 fnt
|faint|p1a: Metagross
|
|upkeep
|
|t:|1668728895
|switch|p1a: Marshadow|Marshadow|84/100
|-damage|p1a: Marshadow|78/100|[from] Stealth Rock
|turn|20
|
|t:|1668728910
|switch|p2a: Smeargle|Smeargle, F|100/100
|move|p1a: Marshadow|Shadow Sneak|p2a: Smeargle
|-immune|p2a: Smeargle
|
|-ability|p2a: Smeargle|Moody|boost
|-boost|p2a: Smeargle|spe|2
|-unboost|p2a: Smeargle|spa|1
|upkeep
|turn|21
|
|t:|1668728921
|move|p2a: Smeargle|Spore|p1a: Marshadow
|-status|p1a: Marshadow|slp|[from] move: Spore
|cant|p1a: Marshadow|slp
|
|-ability|p2a: Smeargle|Moody|boost
|-boost|p2a: Smeargle|spa|2
|-unboost|p2a: Smeargle|spd|1
|upkeep
|turn|22
|inactive|Alpha28056 has 120 seconds left.
|
|t:|1668728952
|cant|p1a: Marshadow|slp
|move|p2a: Smeargle|Baton Pass|p2a: Smeargle
|
|t:|1668728956
|switch|p2a: Calyrex|Calyrex-Shadow|100/100|[from]move: Baton Pass
|-ability|p2a: Calyrex|As One
|-ability|p2a: Calyrex|Unnerve
|
|upkeep
|turn|23
|
|t:|1668728962
|cant|p1a: Marshadow|slp
|move|p2a: Calyrex|Astral Barrage|p1a: Marshadow
|-supereffective|p1a: Marshadow
|-damage|p1a: Marshadow|0 fnt
|faint|p1a: Marshadow
|-ability|p2a: Calyrex|Grim Neigh|boost
|-boost|p2a: Calyrex|spa|1
|
|upkeep
|-message|Alpha28056 forfeited.
|
|win|cllout
|raw|Alpha28056's rating: 1551 &rarr; <strong>1535</strong><br />(-16 for losing)
|raw|cllout's rating: 1620 &rarr; <strong>1636</strong><br />(+16 for winning)
|l|☆Alpha28056
||Ladder isn't responding, score probably updated but might not have (Request timeout).
