|j|☆Lord Rekkuza
|j|☆soda49
|t:|1641519102
|gametype|singles
|player|p1|Lord Rekkuza|lance|1634
|player|p2|soda49|101|1699
|teamsize|p1|6
|teamsize|p2|6
|gen|8
|tier|[Gen 8] National Dex AG
|rated|
|rule|HP Percentage Mod: HP is shown in percentages
|rule|Endless Battle Clause: Forcing endless battles is banned
|clearpoke
|poke|p1|Arceus-*|
|poke|p1|Arceus-*|
|poke|p1|Necrozma-Dusk-Mane|
|poke|p1|Yveltal|
|poke|p1|Zacian-*|
|poke|p1|Rayquaza|
|poke|p2|Smeargle, M|
|poke|p2|Charizard, M|
|poke|p2|Mimikyu, F|
|poke|p2|Calyrex-Shadow|
|poke|p2|Forretress, F|
|poke|p2|Rayquaza|
|teampreview
|inactive|Battle timer is ON: inactive players will automatically lose when time's up. (requested by soda49)
|inactive|Lord Rekkuza has 120 seconds left.
|
|t:|1641519145
|start
|switch|p1a: Yveltal|Yveltal|100/100
|switch|p2a: Charizard|Charizard, M|100/100
|-ability|p1a: Yveltal|Dark Aura
|turn|1
|
|t:|1641519162
|switch|p1a: Rayquaza|Rayquaza|100/100
|-ability|p1a: Rayquaza|Air Lock
|-start|p2a: Charizard|Dynamax
|-formechange|p2a: Charizard|Charizard-Gmax
|-heal|p2a: Charizard|100/100|[silent]
|move|p2a: Charizard|Max Airstream|p1a: Rayquaza
|-damage|p1a: Rayquaza|33/100
|-boost|p2a: Charizard|spe|1
|
|upkeep
|turn|2
|
|t:|1641519183
|detailschange|p1a: Rayquaza|Rayquaza-Mega
|-mega|p1a: Rayquaza|Rayquaza|
|-weather|DeltaStream|[from] ability: Delta Stream|[of] p1a: Rayquaza
|move|p1a: Rayquaza|Extreme Speed|p2a: Charizard
|-damage|p2a: Charizard|65/100
|-damage|p1a: Rayquaza|23/100|[from] item: Life Orb
|move|p2a: Charizard|G-Max Wildfire|p1a: Rayquaza
|-resisted|p1a: Rayquaza
|-damage|p1a: Rayquaza|0 fnt
|-sidestart|p1: Lord Rekkuza|G-Max Wildfire
|faint|p1a: Rayquaza
|-weather|none
|
|upkeep
|inactive|Lord Rekkuza has 120 seconds left.
|
|t:|1641519221
|switch|p1a: Arceus|Arceus-Ground|100/100
|turn|3
|
|t:|1641519229
|-start|p1a: Arceus|Dynamax
|-heal|p1a: Arceus|100/100|[silent]
|move|p1a: Arceus|Max Guard|p1a: Arceus
|-singleturn|p1a: Arceus|Max Guard
|move|p2a: Charizard|G-Max Wildfire|p1a: Arceus
|-activate|p1a: Arceus|move: Max Guard
|
|-damage|p1a: Arceus|92/100|[from] G-Max Wildfire
|-end|p2a: Charizard|Dynamax
|-formechange|p2a: Charizard|Charizard
|-heal|p2a: Charizard|65/100|[silent]
|upkeep
|turn|4
|
|t:|1641519238
|move|p2a: Charizard|Tailwind|p2a: Charizard
|-sidestart|p2: soda49|move: Tailwind
|move|p1a: Arceus|Max Rockfall|p2a: Charizard
|-supereffective|p2a: Charizard
|-damage|p2a: Charizard|0 fnt
|-weather|Sandstorm
|faint|p2a: Charizard
|
|-weather|Sandstorm|[upkeep]
|-damage|p1a: Arceus|84/100|[from] G-Max Wildfire
|upkeep
|
|t:|1641519244
|switch|p2a: The wobbler|Smeargle, M|100/100
|turn|5
|
|t:|1641519251
|move|p2a: The wobbler|Spore|p1a: Arceus
|-status|p1a: Arceus|slp|[from] move: Spore
|cant|p1a: Arceus|slp
|
|-weather|Sandstorm|[upkeep]
|-damage|p2a: The wobbler|95/100|[from] Sandstorm
|-heal|p2a: The wobbler|100/100|[from] item: Leftovers
|-damage|p1a: Arceus|76/100 slp|[from] G-Max Wildfire
|-sideend|p1: Lord Rekkuza|G-Max Wildfire
|-ability|p2a: The wobbler|Moody|boost
|-boost|p2a: The wobbler|spd|2
|-unboost|p2a: The wobbler|atk|1
|-end|p1a: Arceus|Dynamax
|-heal|p1a: Arceus|76/100 slp|[silent]
|upkeep
|turn|6
|inactive|Lord Rekkuza has 120 seconds left.
|
|t:|1641519268
|move|p2a: The wobbler|Substitute|p2a: The wobbler
|-start|p2a: The wobbler|Substitute
|-damage|p2a: The wobbler|76/100
|cant|p1a: Arceus|slp
|
|-weather|Sandstorm|[upkeep]
|-damage|p2a: The wobbler|70/100|[from] Sandstorm
|-heal|p2a: The wobbler|76/100|[from] item: Leftovers
|-ability|p2a: The wobbler|Moody|boost
|-boost|p2a: The wobbler|spa|2
|-unboost|p2a: The wobbler|atk|1
|upkeep
|turn|7
|
|t:|1641519278
|move|p2a: The wobbler|Shell Smash|p2a: The wobbler
|-unboost|p2a: The wobbler|def|1
|-unboost|p2a: The wobbler|spd|1
|-boost|p2a: The wobbler|atk|2
|-boost|p2a: The wobbler|spa|2
|-boost|p2a: The wobbler|spe|2
|cant|p1a: Arceus|slp
|
|-weather|Sandstorm|[upkeep]
|-damage|p2a: The wobbler|70/100|[from] Sandstorm
|-heal|p2a: The wobbler|76/100|[from] item: Leftovers
|-sideend|p2: soda49|move: Tailwind
|-ability|p2a: The wobbler|Moody|boost
|-boost|p2a: The wobbler|def|2
|-unboost|p2a: The wobbler|spe|1
|upkeep
|turn|8
|
|t:|1641519295
|move|p2a: The wobbler|Shell Smash|p2a: The wobbler
|-unboost|p2a: The wobbler|def|1
|-unboost|p2a: The wobbler|spd|1
|-boost|p2a: The wobbler|atk|2
|-boost|p2a: The wobbler|spa|2
|-boost|p2a: The wobbler|spe|2
|-curestatus|p1a: Arceus|slp|[msg]
|move|p1a: Arceus|Earthquake|p2a: The wobbler
|-end|p2a: The wobbler|Substitute
|
|-weather|none
|-heal|p2a: The wobbler|82/100|[from] item: Leftovers
|-ability|p2a: The wobbler|Moody|boost
|-boost|p2a: The wobbler|def|2
|-unboost|p2a: The wobbler|spe|1
|upkeep
|turn|9
|
|t:|1641519309
|move|p2a: The wobbler|Spore|p1a: Arceus
|-status|p1a: Arceus|slp|[from] move: Spore
|cant|p1a: Arceus|slp
|
|-heal|p2a: The wobbler|88/100|[from] item: Leftovers
|-ability|p2a: The wobbler|Moody|boost
|-boost|p2a: The wobbler|spd|2
|-unboost|p2a: The wobbler|atk|1
|upkeep
|turn|10
|
|t:|1641519326
|switch|p1a: Arceus|Arceus-Steel|100/100
|move|p2a: The wobbler|Substitute|p2a: The wobbler
|-start|p2a: The wobbler|Substitute
|-damage|p2a: The wobbler|63/100
|
|-heal|p2a: The wobbler|69/100|[from] item: Leftovers
|-ability|p2a: The wobbler|Moody|boost
|-boost|p2a: The wobbler|spd|2
|-unboost|p2a: The wobbler|spe|1
|upkeep
|turn|11
|
|t:|1641519339
|move|p2a: The wobbler|Spore|p1a: Arceus
|-status|p1a: Arceus|slp|[from] move: Spore
|cant|p1a: Arceus|slp
|
|-heal|p2a: The wobbler|75/100|[from] item: Leftovers
|-ability|p2a: The wobbler|Moody|boost
|-boost|p2a: The wobbler|atk|2
|-unboost|p2a: The wobbler|spd|1
|upkeep
|turn|12
|c|☆Lord Rekkuza|Ah forgot no sleep clause here
|
|t:|1641519359
|move|p2a: The wobbler|Power Trip|p1a: Arceus
|-damage|p1a: Arceus|25/100 slp
|cant|p1a: Arceus|slp
|
|-heal|p2a: The wobbler|81/100|[from] item: Leftovers
|-ability|p2a: The wobbler|Moody|boost
|-boost|p2a: The wobbler|spe|2
|-unboost|p2a: The wobbler|spa|1
|upkeep
|turn|13
|
|t:|1641519368
|switch|p1a: Yveltal|Yveltal|100/100
|-ability|p1a: Yveltal|Dark Aura
|move|p2a: The wobbler|Power Trip|p1a: Yveltal
|-resisted|p1a: Yveltal
|-damage|p1a: Yveltal|39/100
|
|-heal|p2a: The wobbler|87/100|[from] item: Leftovers
|-ability|p2a: The wobbler|Moody|boost
|-boost|p2a: The wobbler|atk|2
|-unboost|p2a: The wobbler|spe|1
|upkeep
|turn|14
|c|☆soda49|Yeah
|
|t:|1641519389
|switch|p1a: Zacian|Zacian-Crowned|100/100
|-ability|p1a: Zacian|Intrepid Sword|boost
|-boost|p1a: Zacian|atk|1
|move|p2a: The wobbler|Spore|p1a: Zacian
|-status|p1a: Zacian|slp|[from] move: Spore
|
|-heal|p2a: The wobbler|93/100|[from] item: Leftovers
|-ability|p2a: The wobbler|Moody|boost
|-boost|p2a: The wobbler|atk|1
|-unboost|p2a: The wobbler|spd|1
|upkeep
|turn|15
|inactive|Lord Rekkuza has 90 seconds left.
|
|t:|1641519406
|move|p2a: The wobbler|Power Trip|p1a: Zacian
|-resisted|p1a: Zacian
|-damage|p1a: Zacian|6/100 slp
|cant|p1a: Zacian|slp
|
|-heal|p2a: The wobbler|99/100|[from] item: Leftovers
|-ability|p2a: The wobbler|Moody|boost
|-boost|p2a: The wobbler|def|2
|-unboost|p2a: The wobbler|spd|1
|upkeep
|turn|16
|c|☆Lord Rekkuza|Oh to lose to a smeargle
|c|☆Lord Rekkuza|gg lol
|inactive|Lord Rekkuza has 90 seconds left.
|c|☆soda49|Gg
|-message|Lord Rekkuza forfeited.
|
|win|soda49
|raw|Lord Rekkuza's rating: 1634 &rarr; <strong>1618</strong><br />(-16 for losing)
|raw|soda49's rating: 1699 &rarr; <strong>1715</strong><br />(+16 for winning)
|l|☆Lord Rekkuza
|l|☆soda49
|j|☆soda49
|player|p2|soda49|101
|inactive|Battle timer is ON: inactive players will automatically lose when time's up. (requested by soda49)
||Ladder isn't responding, score probably updated but might not have (Request timeout).
