|j|☆pA Pa pAnDa/k
|j|☆RandomLuckyBoi
|t:|1629887523
|gametype|singles
|player|p1|pA Pa pAnDa/k|unknown|1703
|player|p2|RandomLuckyBoi|pokemaniac|1747
|teamsize|p1|6
|teamsize|p2|6
|gen|8
|tier|[Gen 8] National Dex AG
|rated|
|rule|HP Percentage Mod: HP is shown in percentages
|rule|Endless Battle Clause: Forcing endless battles is banned
|clearpoke
|poke|p1|Calyrex-Shadow|
|poke|p1|Groudon|
|poke|p1|Rayquaza|
|poke|p1|Zacian-*|
|poke|p1|Ditto|
|poke|p1|Yveltal|
|poke|p2|Quagsire, M|
|poke|p2|Arceus-*|
|poke|p2|Rayquaza|
|poke|p2|Zacian-*|
|poke|p2|Chansey, F|
|poke|p2|Zygarde|
|teampreview
|inactive|Battle timer is ON: inactive players will automatically lose when time's up. (requested by RandomLuckyBoi)
|
|t:|1629887538
|start
|switch|p1a: panda girl|Rayquaza|100/100
|switch|p2a: Arceus|Arceus-Dark|100/100
|-ability|p1a: panda girl|Air Lock
|turn|1
|
|t:|1629887547
|switch|p2a: Zacian|Zacian-Crowned|100/100
|-ability|p2a: Zacian|Intrepid Sword|boost
|-boost|p2a: Zacian|atk|1
|detailschange|p1a: panda girl|Rayquaza-Mega
|-mega|p1a: panda girl|Rayquaza|
|-weather|DeltaStream|[from] ability: Delta Stream|[of] p1a: panda girl
|move|p1a: panda girl|Dragon Dance|p1a: panda girl
|-boost|p1a: panda girl|atk|1
|-boost|p1a: panda girl|spe|1
|
|-weather|DeltaStream|[upkeep]
|upkeep
|turn|2
|
|t:|1629887556
|move|p1a: panda girl|Earthquake|p2a: Zacian
|-supereffective|p2a: Zacian
|-damage|p2a: Zacian|0 fnt
|faint|p2a: Zacian
|
|-weather|DeltaStream|[upkeep]
|upkeep
|
|t:|1629887562
|switch|p2a: Rayquaza|Rayquaza|100/100
|-ability|p2a: Rayquaza|Air Lock
|turn|3
|
|t:|1629887588
|detailschange|p2a: Rayquaza|Rayquaza-Mega
|-mega|p2a: Rayquaza|Rayquaza|
|move|p1a: panda girl|Dragon Ascent|p2a: Rayquaza
|-enditem|p2a: Rayquaza|Focus Sash
|-damage|p2a: Rayquaza|1/100
|-unboost|p1a: panda girl|def|1
|-unboost|p1a: panda girl|spd|1
|move|p2a: Rayquaza|Dragon Ascent|p1a: panda girl
|-enditem|p1a: panda girl|Focus Sash
|-damage|p1a: panda girl|1/100
|-unboost|p2a: Rayquaza|def|1
|-unboost|p2a: Rayquaza|spd|1
|
|-weather|DeltaStream|[upkeep]
|upkeep
|turn|4
|
|t:|1629887610
|switch|p2a: Quagsire|Quagsire, M|100/100
|move|p1a: panda girl|Extreme Speed|p2a: Quagsire
|-damage|p2a: Quagsire|75/100
|-damage|p1a: panda girl|0 fnt|[from] item: Rocky Helmet|[of] p2a: Quagsire
|faint|p1a: panda girl
|-weather|none
|
|upkeep
|inactive|pA Pa pAnDa/k has 120 seconds left.
|
|t:|1629887638
|switch|p1a: batman|Yveltal|100/100
|-ability|p1a: batman|Dark Aura
|turn|5
|j| Lowell
|
|t:|1629887644
|switch|p2a: Arceus|Arceus-Dark|100/100
|-start|p1a: batman|Dynamax
|-heal|p1a: batman|100/100|[silent]
|move|p1a: batman|Max Airstream|p2a: Arceus
|-damage|p2a: Arceus|42/100
|-boost|p1a: batman|spe|1
|-damage|p1a: batman|96/100|[from] item: Life Orb
|
|upkeep
|turn|6
|
|t:|1629887655
|switch|p2a: Chansey|Chansey, F|100/100
|move|p1a: batman|Max Airstream|p2a: Chansey
|-damage|p2a: Chansey|77/100
|-boost|p1a: batman|spe|1
|-damage|p1a: batman|91/100|[from] item: Life Orb
|
|upkeep
|turn|7
|
|t:|1629887659
|move|p1a: batman|Max Darkness|p2a: Chansey
|-damage|p2a: Chansey|10/100
|-unboost|p2a: Chansey|spd|1
|-damage|p1a: batman|86/100|[from] item: Life Orb
|move|p2a: Chansey|Soft-Boiled|p2a: Chansey
|-heal|p2a: Chansey|60/100
|
|-end|p1a: batman|Dynamax
|-heal|p1a: batman|86/100|[silent]
|upkeep
|turn|8
|inactive|RandomLuckyBoi has 120 seconds left.
|
|t:|1629887693
|move|p1a: batman|Knock Off|p2a: Chansey
|-damage|p2a: Chansey|1/100
|-enditem|p2a: Chansey|Eviolite|[from] move: Knock Off|[of] p1a: batman
|-damage|p1a: batman|76/100|[from] item: Life Orb
|move|p2a: Chansey|Toxic|p1a: batman
|-status|p1a: batman|tox
|
|-damage|p1a: batman|70/100 tox|[from] psn
|upkeep
|turn|9
|
|t:|1629887700
|move|p1a: batman|Oblivion Wing|p2a: Chansey
|-damage|p2a: Chansey|0 fnt
|-heal|p1a: batman|70/100 tox|[from] drain|[of] p2a: Chansey
|faint|p2a: Chansey
|-damage|p1a: batman|60/100 tox|[from] item: Life Orb
|
|-damage|p1a: batman|48/100 tox|[from] psn
|upkeep
|
|t:|1629887702
|switch|p2a: Arceus|Arceus-Dark|42/100
|turn|10
|
|t:|1629887711
|move|p1a: batman|Oblivion Wing|p2a: Arceus
|-damage|p2a: Arceus|9/100
|-heal|p1a: batman|76/100 tox|[from] drain|[of] p2a: Arceus
|-damage|p1a: batman|66/100 tox|[from] item: Life Orb
|move|p2a: Arceus|Recover|p2a: Arceus
|-heal|p2a: Arceus|59/100
|
|-damage|p1a: batman|48/100 tox|[from] psn
|upkeep
|turn|11
|
|t:|1629887716
|switch|p1a: steel-type type|Zacian-Crowned|100/100
|-ability|p1a: steel-type type|Intrepid Sword|boost
|-boost|p1a: steel-type type|atk|1
|move|p2a: Arceus|Recover|p2a: Arceus
|-heal|p2a: Arceus|100/100
|
|upkeep
|turn|12
|
|t:|1629887719
|switch|p2a: Quagsire|Quagsire, M|75/100
|move|p1a: steel-type type|Close Combat|p2a: Quagsire
|-damage|p2a: Quagsire|39/100
|-unboost|p1a: steel-type type|def|1
|-unboost|p1a: steel-type type|spd|1
|-damage|p1a: steel-type type|84/100|[from] item: Rocky Helmet|[of] p2a: Quagsire
|
|upkeep
|turn|13
|
|t:|1629887725
|switch|p1a: batman|Yveltal|48/100 tox
|-ability|p1a: batman|Dark Aura
|move|p2a: Quagsire|Recover|p2a: Quagsire
|-heal|p2a: Quagsire|89/100
|
|-damage|p1a: batman|42/100 tox|[from] psn
|upkeep
|turn|14
|
|t:|1629887732
|switch|p2a: Arceus|Arceus-Dark|100/100
|move|p1a: batman|Oblivion Wing|p2a: Arceus
|-damage|p2a: Arceus|61/100
|-heal|p1a: batman|75/100 tox|[from] drain|[of] p2a: Arceus
|-damage|p1a: batman|65/100 tox|[from] item: Life Orb
|
|-damage|p1a: batman|53/100 tox|[from] psn
|upkeep
|turn|15
|
|t:|1629887735
|switch|p1a: steel-type type|Zacian-Crowned|84/100
|-ability|p1a: steel-type type|Intrepid Sword|boost
|-boost|p1a: steel-type type|atk|1
|move|p2a: Arceus|Recover|p2a: Arceus
|-heal|p2a: Arceus|100/100
|
|upkeep
|turn|16
|
|t:|1629887739
|switch|p2a: Quagsire|Quagsire, M|89/100
|move|p1a: steel-type type|Play Rough|p2a: Quagsire
|-damage|p2a: Quagsire|47/100
|-damage|p1a: steel-type type|67/100|[from] item: Rocky Helmet|[of] p2a: Quagsire
|
|upkeep
|turn|17
|
|t:|1629887743
|move|p1a: steel-type type|Play Rough|p2a: Quagsire
|-damage|p2a: Quagsire|8/100
|-damage|p1a: steel-type type|51/100|[from] item: Rocky Helmet|[of] p2a: Quagsire
|move|p2a: Quagsire|Recover|p2a: Quagsire
|-heal|p2a: Quagsire|58/100
|
|upkeep
|turn|18
|inactive|pA Pa pAnDa/k has 120 seconds left.
|
|t:|1629887774
|switch|p1a: depression|Groudon|100/100
|detailschange|p1a: depression|Groudon-Primal
|-primal|p1a: depression
|-weather|DesolateLand|[from] ability: Desolate Land|[of] p1a: depression
|move|p2a: Quagsire|Recover|p2a: Quagsire
|-heal|p2a: Quagsire|100/100
|
|-weather|DesolateLand|[upkeep]
|upkeep
|turn|19
|
|t:|1629887790
|switch|p2a: Rayquaza|Rayquaza-Mega|1/100
|-weather|DeltaStream|[from] ability: Delta Stream|[of] p2a: Rayquaza
|move|p1a: depression|Stealth Rock|p2a: Rayquaza
|-sidestart|p2: RandomLuckyBoi|move: Stealth Rock
|
|-weather|DeltaStream|[upkeep]
|upkeep
|turn|20
|
|t:|1629887795
|move|p2a: Rayquaza|Dragon Ascent|p1a: depression
|-damage|p1a: depression|47/100
|-unboost|p2a: Rayquaza|def|1
|-unboost|p2a: Rayquaza|spd|1
|move|p1a: depression|Fire Punch|p2a: Rayquaza
|-resisted|p2a: Rayquaza
|-damage|p2a: Rayquaza|0 fnt
|faint|p2a: Rayquaza
|-weather|none
|
|upkeep
|
|t:|1629887799
|switch|p2a: Zygarde|Zygarde|100/100
|-damage|p2a: Zygarde|94/100|[from] Stealth Rock
|turn|21
|
|t:|1629887805
|move|p2a: Zygarde|Substitute|p2a: Zygarde
|-start|p2a: Zygarde|Substitute
|-damage|p2a: Zygarde|69/100
|move|p1a: depression|Dragon Tail|p2a: Zygarde
|-supereffective|p2a: Zygarde
|-end|p2a: Zygarde|Substitute
|
|-heal|p2a: Zygarde|76/100|[from] item: Leftovers
|upkeep
|turn|22
|
|t:|1629887815
|switch|p1a: steel-type type|Zacian-Crowned|51/100
|-ability|p1a: steel-type type|Intrepid Sword|boost
|-boost|p1a: steel-type type|atk|1
|move|p2a: Zygarde|Substitute|p2a: Zygarde
|-start|p2a: Zygarde|Substitute
|-damage|p2a: Zygarde|51/100
|
|-heal|p2a: Zygarde|57/100|[from] item: Leftovers
|upkeep
|turn|23
|
|t:|1629887819
|move|p1a: steel-type type|Behemoth Blade|p2a: Zygarde
|-end|p2a: Zygarde|Substitute
|move|p2a: Zygarde|Thousand Arrows|p1a: steel-type type
|-supereffective|p1a: steel-type type
|-damage|p1a: steel-type type|0 fnt
|faint|p1a: steel-type type
|
|-heal|p2a: Zygarde|63/100|[from] item: Leftovers
|upkeep
|
|t:|1629887827
|switch|p1a: batman|Yveltal|53/100 tox
|-ability|p1a: batman|Dark Aura
|turn|24
|
|t:|1629887839
|switch|p2a: Arceus|Arceus-Dark|100/100
|-damage|p2a: Arceus|88/100|[from] Stealth Rock
|move|p1a: batman|Oblivion Wing|p2a: Arceus
|-damage|p2a: Arceus|50/100
|-heal|p1a: batman|85/100 tox|[from] drain|[of] p2a: Arceus
|-damage|p1a: batman|75/100 tox|[from] item: Life Orb
|
|-damage|p1a: batman|69/100 tox|[from] psn
|upkeep
|turn|25
|
|t:|1629887845
|switch|p1a: I'm fast|Ditto|100/100
|-transform|p1a: I'm fast|p2a: Arceus|[from] ability: Imposter
|move|p2a: Arceus|Recover|p2a: Arceus
|-heal|p2a: Arceus|99/100
|
|upkeep
|turn|26
|
|t:|1629887856
|move|p1a: I'm fast|Judgment|p2a: Arceus
|-damage|p2a: Arceus|82/100
|move|p2a: Arceus|Defog|p1a: I'm fast
|-unboost|p1a: I'm fast|evasion|1
|-sideend|p2: RandomLuckyBoi|Stealth Rock|[from] move: Defog|[of] p2a: Arceus
|
|upkeep
|turn|27
|
|t:|1629887866
|switch|p1a: depression|Groudon-Primal|47/100
|-weather|DesolateLand|[from] ability: Desolate Land|[of] p1a: depression
|move|p2a: Arceus|Ice Beam|p1a: depression
|-damage|p1a: depression|20/100
|
|-weather|DesolateLand|[upkeep]
|upkeep
|turn|28
|
|t:|1629887874
|move|p2a: Arceus|Judgment|p1a: depression
|-crit|p1a: depression
|-damage|p1a: depression|0 fnt
|faint|p1a: depression
|-weather|none
|
|upkeep
|c|☆pA Pa pAnDa/k|gg
|-message|pA Pa pAnDa/k forfeited.
|
|win|RandomLuckyBoi
|raw|pA Pa pAnDa&#x2f;k's rating: 1703 &rarr; <strong>1686</strong><br />(-17 for losing)
|raw|RandomLuckyBoi's rating: 1747 &rarr; <strong>1764</strong><br />(+17 for winning)
|l|☆pA Pa pAnDa/k
|c|☆RandomLuckyBoi|gg
