|j|☆NXMBKN Scizor
|j|☆1WeedBeard
|inactive|Battle timer is ON: inactive players will automatically lose when time's up.
|t:|1648595965
|gametype|singles
|player|p1|NXMBKN Scizor|iris-gen5bw2|
|player|p2|1WeedBeard|byron|
|teamsize|p1|6
|teamsize|p2|6
|gen|8
|tier|[Gen 8] National Dex AG
|rated|Tournament battle
|rule|HP Percentage Mod: HP is shown in percentages
|rule|Endless Battle Clause: Forcing endless battles is banned
|clearpoke
|poke|p1|Smeargle, M|
|poke|p1|Groudon|
|poke|p1|Xerneas-*|
|poke|p1|Xurkitree|
|poke|p1|Rayquaza|
|poke|p1|Calyrex-Shadow|
|poke|p2|Smeargle, M|
|poke|p2|Smeargle, M|
|poke|p2|Groudon|
|poke|p2|Calyrex-Shadow|
|poke|p2|Groudon|
|poke|p2|Ditto|
|teampreview
|inactive|1WeedBeard also wants the timer to be on.
|j| valdemar cristino
|c|☆1WeedBeard|glhf
|
|t:|1648595974
|start
|switch|p1a: Xurkitree|Xurkitree|100/100
|switch|p2a: Smeargle|Smeargle, M|100/100
|turn|1
|
|t:|1648595979
|-zpower|p1a: Xurkitree
|move|p1a: Xurkitree|Z-Hypnosis|p2a: Smeargle|[anim]Hypnosis|[miss]
|-boost|p1a: Xurkitree|spe|1|[zeffect]
|-miss|p1a: Xurkitree|p2a: Smeargle
|move|p2a: Smeargle|Minimize|p2a: Smeargle
|-boost|p2a: Smeargle|evasion|2
|
|-ability|p2a: Smeargle|Moody|boost
|-boost|p2a: Smeargle|spe|2
|-unboost|p2a: Smeargle|spa|1
|upkeep
|turn|2
|
|t:|1648595987
|move|p1a: Xurkitree|Thunderbolt|p2a: Smeargle
|-damage|p2a: Smeargle|5/100
|move|p2a: Smeargle|Minimize|p2a: Smeargle
|-boost|p2a: Smeargle|evasion|2
|
|-ability|p2a: Smeargle|Moody|boost
|-boost|p2a: Smeargle|spd|2
|-unboost|p2a: Smeargle|spa|1
|upkeep
|turn|3
|
|t:|1648595992
|move|p1a: Xurkitree|Thunderbolt|p2a: Smeargle|[miss]
|-miss|p1a: Xurkitree|p2a: Smeargle
|move|p2a: Smeargle|Baton Pass|p2a: Smeargle
|
|t:|1648595999
|switch|p2a: Groudon|Groudon, shiny|100/100|[from]move: Baton Pass
|detailschange|p2a: Groudon|Groudon-Primal, shiny
|-primal|p2a: Groudon
|-weather|DesolateLand|[from] ability: Desolate Land|[of] p2a: Groudon
|
|-weather|DesolateLand|[upkeep]
|upkeep
|turn|4
|
|t:|1648596006
|switch|p1a: Rayquaza|Rayquaza|100/100
|-ability|p1a: Rayquaza|Air Lock
|move|p2a: Groudon|Swords Dance|p2a: Groudon
|-boost|p2a: Groudon|atk|2
|
|-weather|DesolateLand|[upkeep]
|upkeep
|turn|5
|
|t:|1648596012
|detailschange|p1a: Rayquaza|Rayquaza-Mega
|-mega|p1a: Rayquaza|Rayquaza|
|-weather|DeltaStream|[from] ability: Delta Stream|[of] p1a: Rayquaza
|move|p2a: Groudon|Thunder Punch|p1a: Rayquaza
|-activate||deltastream
|-resisted|p1a: Rayquaza
|-damage|p1a: Rayquaza|62/100
|move|p1a: Rayquaza|Earthquake|p2a: Groudon|[miss]
|-miss|p1a: Rayquaza|p2a: Groudon
|
|-weather|DeltaStream|[upkeep]
|upkeep
|turn|6
|
|t:|1648596020
|move|p2a: Groudon|Thunder Punch|p1a: Rayquaza
|-activate||deltastream
|-resisted|p1a: Rayquaza
|-damage|p1a: Rayquaza|28/100
|-status|p1a: Rayquaza|par
|cant|p1a: Rayquaza|par
|
|-weather|DeltaStream|[upkeep]
|upkeep
|turn|7
|
|t:|1648596025
|move|p1a: Rayquaza|Extreme Speed|p2a: Groudon|[miss]
|-miss|p1a: Rayquaza|p2a: Groudon
|move|p2a: Groudon|Thunder Punch|p1a: Rayquaza
|-activate||deltastream
|-resisted|p1a: Rayquaza
|-damage|p1a: Rayquaza|0 fnt
|faint|p1a: Rayquaza
|-weather|none
|
|upkeep
|
|t:|1648596034
|switch|p1a: Calyrex|Calyrex-Shadow|100/100
|-ability|p1a: Calyrex|As One
|-ability|p1a: Calyrex|Unnerve
|turn|8
|
|t:|1648596040
|-start|p1a: Calyrex|Dynamax|
|-heal|p1a: Calyrex|100/100|[silent]
|move|p1a: Calyrex|Max Mindstorm|p2a: Groudon
|-damage|p2a: Groudon|45/100
|-fieldstart|move: Psychic Terrain
|-damage|p1a: Calyrex|96/100|[from] item: Life Orb
|move|p2a: Groudon|Fire Punch|p1a: Calyrex
|-crit|p1a: Calyrex
|-damage|p1a: Calyrex|0 fnt
|faint|p1a: Calyrex
|
|upkeep
|
|t:|1648596044
|switch|p1a: Smeargle|Smeargle, M|100/100
|turn|9
|-message|NXMBKN Scizor forfeited.
|
|win|1WeedBeard
|n|☆NXMBKN Scizor|nxmbknscizor
|n|☆1WeedBeard|1weedbeard
|n| valdemar cristino|valdemarcristino
