|j|☆kvm1999
|j|☆EndlessC4lamity
|t:|1660497269
|gametype|singles
|player|p1|kvm1999|falkner|
|player|p2|EndlessC4lamity|ghetsis|
|teamsize|p1|6
|teamsize|p2|6
|gen|8
|tier|[Gen 8] National Dex AG
|rule|HP Percentage Mod: HP is shown in percentages
|rule|Endless Battle Clause: Forcing endless battles is banned
|clearpoke
|poke|p1|Lopunny, F|
|poke|p1|Ditto|
|poke|p1|Porygon-Z|
|poke|p1|Diggersby, F|
|poke|p1|Heliolisk, F|
|poke|p1|Blissey, F|
|poke|p2|Greninja, F|
|poke|p2|Tyranitar, F|
|poke|p2|Scrafty, F|
|poke|p2|Sableye, F|
|poke|p2|Muk-Alola, M|
|poke|p2|Hoopa-Unbound|
|teampreview
|inactive|Battle timer is ON: inactive players will automatically lose when time's up. (requested by kvm1999)
|c|☆EndlessC4lamity|finally
|c|☆EndlessC4lamity|sorry for the wait
|c|☆kvm1999|Hf
|c|☆EndlessC4lamity|glhf
|
|t:|1660497296
|start
|switch|p1a: Βewear|Lopunny, F|100/100
|switch|p2a: Tyranitar|Tyranitar, F|100/100
|-weather|Sandstorm|[from] ability: Sand Stream|[of] p2a: Tyranitar
|turn|1
|inactive|EndlessC4lamity has 270 seconds left.
|inactive|EndlessC4lamity has 240 seconds left.
|
|t:|1660497358
|switch|p2a: Sableye|Sableye, F|100/100
|detailschange|p1a: Βewear|Lopunny-Mega, F
|-mega|p1a: Βewear|Lopunny|Lopunnite
|move|p1a: Βewear|Fake Out|p2a: Sableye
|-crit|p2a: Sableye
|-damage|p2a: Sableye|57/100
|
|-weather|Sandstorm|[upkeep]
|-damage|p1a: Βewear|95/100|[from] Sandstorm
|-damage|p2a: Sableye|51/100|[from] Sandstorm
|upkeep
|turn|2
|
|t:|1660497373
|switch|p1a: Αltaria|Blissey, F|100/100
|move|p2a: Sableye|Will-O-Wisp|p1a: Αltaria
|-status|p1a: Αltaria|brn
|
|-weather|Sandstorm|[upkeep]
|-damage|p1a: Αltaria|94/100 brn|[from] Sandstorm
|-damage|p2a: Sableye|45/100|[from] Sandstorm
|-damage|p1a: Αltaria|88/100 brn|[from] brn
|upkeep
|turn|3
|inactive|EndlessC4lamity has 240 seconds left.
|
|t:|1660497395
|switch|p2a: Muk|Muk-Alola, M|100/100
|move|p1a: Αltaria|Wish|p1a: Αltaria
|
|-weather|Sandstorm|[upkeep]
|-damage|p1a: Αltaria|82/100 brn|[from] Sandstorm
|-damage|p2a: Muk|94/100|[from] Sandstorm
|-damage|p1a: Αltaria|76/100 brn|[from] brn
|upkeep
|turn|4
|inactive|EndlessC4lamity has 240 seconds left.
|
|t:|1660497414
|-curestatus|p1a: Αltaria|brn|[from] ability: Natural Cure
|switch|p1a: Nidοking|Diggersby, F|100/100
|move|p2a: Muk|Poison Jab|p1a: Nidοking
|-resisted|p1a: Nidοking
|-damage|p1a: Nidοking|80/100
|
|-weather|Sandstorm|[upkeep]
|-damage|p2a: Muk|88/100|[from] Sandstorm
|-heal|p1a: Nidοking|100/100|[from] move: Wish|[wisher] Αltaria
|upkeep
|turn|5
|inactive|EndlessC4lamity has 210 seconds left.
|
|t:|1660497460
|switch|p2a: Greninja|Greninja, F|100/100
|move|p1a: Nidοking|Earthquake|p2a: Greninja
|-damage|p2a: Greninja|0 fnt
|faint|p2a: Greninja
|
|-weather|none
|upkeep
|
|t:|1660497467
|switch|p2a: Hoopa|Hoopa-Unbound|100/100
|turn|6
|
|t:|1660497482
|switch|p1a: Raiсhu|Heliolisk, F|100/100
|move|p2a: Hoopa|Psychic|p1a: Raiсhu
|-damage|p1a: Raiсhu|29/100
|
|upkeep
|turn|7
|inactive|EndlessC4lamity has 210 seconds left.
|
|t:|1660497489
|move|p2a: Hoopa|Psychic|p1a: Raiсhu
|-damage|p1a: Raiсhu|0 fnt
|faint|p1a: Raiсhu
|
|upkeep
|
|t:|1660497498
|switch|p1a: Βewear|Lopunny-Mega, F|95/100
|turn|8
|
|t:|1660497501
|move|p1a: Βewear|Fake Out|p2a: Hoopa
|-damage|p2a: Hoopa|57/100
|cant|p2a: Hoopa|flinch
|
|upkeep
|turn|9
|
|t:|1660497505
|move|p2a: Hoopa|Psychic|p1a: Βewear
|-supereffective|p1a: Βewear
|-damage|p1a: Βewear|0 fnt
|faint|p1a: Βewear
|
|upkeep
|
|t:|1660497512
|switch|p1a: Αltaria|Blissey, F|76/100
|turn|10
|
|t:|1660497519
|switch|p2a: Tyranitar|Tyranitar, F|100/100
|-weather|Sandstorm|[from] ability: Sand Stream|[of] p2a: Tyranitar
|move|p1a: Αltaria|Stealth Rock|p2a: Tyranitar
|-sidestart|p2: EndlessC4lamity|move: Stealth Rock
|
|-weather|Sandstorm|[upkeep]
|-damage|p1a: Αltaria|70/100|[from] Sandstorm
|upkeep
|turn|11
|inactive|EndlessC4lamity has 240 seconds left.
|
|t:|1660497536
|move|p2a: Tyranitar|Stealth Rock|p1a: Αltaria
|-sidestart|p1: kvm1999|move: Stealth Rock
|move|p1a: Αltaria|Wish|p1a: Αltaria
|
|-weather|Sandstorm|[upkeep]
|-damage|p1a: Αltaria|64/100|[from] Sandstorm
|upkeep
|turn|12
|
|t:|1660497542
|switch|p1a: Nidοking|Diggersby, F|100/100
|-damage|p1a: Nidοking|94/100|[from] Stealth Rock
|move|p2a: Tyranitar|Thunder Wave|p1a: Nidοking
|-immune|p1a: Nidοking
|
|-weather|Sandstorm|[upkeep]
|-heal|p1a: Nidοking|100/100|[from] move: Wish|[wisher] Αltaria
|upkeep
|turn|13
|inactive|EndlessC4lamity has 240 seconds left.
|inactive|EndlessC4lamity has 210 seconds left.
|
|t:|1660497588
|switch|p2a: Sableye|Sableye, F|45/100
|-damage|p2a: Sableye|33/100|[from] Stealth Rock
|move|p1a: Nidοking|Earthquake|p2a: Sableye
|-damage|p2a: Sableye|0 fnt
|faint|p2a: Sableye
|
|-weather|Sandstorm|[upkeep]
|upkeep
|inactive|EndlessC4lamity has 210 seconds left.
|
|t:|1660497603
|switch|p2a: Scrafty|Scrafty, F|100/100
|-damage|p2a: Scrafty|95/100|[from] Stealth Rock
|turn|14
|
|t:|1660497608
|move|p1a: Nidοking|Earthquake|p2a: Scrafty
|-damage|p2a: Scrafty|0 fnt
|faint|p2a: Scrafty
|
|-weather|none
|upkeep
|
|t:|1660497614
|switch|p2a: Hoopa|Hoopa-Unbound|57/100
|-damage|p2a: Hoopa|45/100|[from] Stealth Rock
|turn|15
|inactive|EndlessC4lamity has 210 seconds left.
|
|t:|1660497623
|switch|p1a: Αltaria|Blissey, F|64/100
|move|p2a: Hoopa|Focus Blast|p1a: Αltaria|[miss]
|-miss|p2a: Hoopa|p1a: Αltaria
|
|upkeep
|turn|16
|
|t:|1660497628
|move|p2a: Hoopa|Focus Blast|p1a: Αltaria|[miss]
|-miss|p2a: Hoopa|p1a: Αltaria
|move|p1a: Αltaria|Wish|p1a: Αltaria
|
|upkeep
|turn|17
|
|t:|1660497632
|move|p2a: Hoopa|Focus Blast|p1a: Αltaria|[miss]
|-miss|p2a: Hoopa|p1a: Αltaria
|move|p1a: Αltaria|Seismic Toss|p2a: Hoopa
|-damage|p2a: Hoopa|12/100
|
|-heal|p1a: Αltaria|100/100|[from] move: Wish|[wisher] Αltaria
|upkeep
|turn|18
|
|t:|1660497641
|move|p2a: Hoopa|Focus Blast|p1a: Αltaria|[miss]
|-miss|p2a: Hoopa|p1a: Αltaria
|move|p1a: Αltaria|Seismic Toss|p2a: Hoopa
|-damage|p2a: Hoopa|0 fnt
|faint|p2a: Hoopa
|
|upkeep
|c|☆kvm1999|Sorry
|c|☆EndlessC4lamity|gaming
|
|t:|1660497658
|switch|p2a: Tyranitar|Tyranitar, F|100/100
|-damage|p2a: Tyranitar|88/100|[from] Stealth Rock
|-weather|Sandstorm|[from] ability: Sand Stream|[of] p2a: Tyranitar
|turn|19
|
|t:|1660497664
|move|p2a: Tyranitar|Crunch|p1a: Αltaria
|-damage|p1a: Αltaria|69/100
|move|p1a: Αltaria|Toxic|p2a: Tyranitar
|-status|p2a: Tyranitar|tox
|
|-weather|Sandstorm|[upkeep]
|-damage|p1a: Αltaria|63/100|[from] Sandstorm
|-heal|p2a: Tyranitar|94/100 tox|[from] item: Leftovers
|-damage|p2a: Tyranitar|88/100 tox|[from] psn
|upkeep
|turn|20
|
|t:|1660497673
|move|p2a: Tyranitar|Crunch|p1a: Αltaria
|-damage|p1a: Αltaria|35/100
|-unboost|p1a: Αltaria|def|1
|move|p1a: Αltaria|Wish|p1a: Αltaria
|
|-weather|Sandstorm|[upkeep]
|-damage|p1a: Αltaria|28/100|[from] Sandstorm
|-heal|p2a: Tyranitar|94/100 tox|[from] item: Leftovers
|-damage|p2a: Tyranitar|82/100 tox|[from] psn
|upkeep
|turn|21
|inactive|EndlessC4lamity has 210 seconds left.
|
|t:|1660497709
|switch|p1a: Nidοking|Diggersby, F|100/100
|-damage|p1a: Nidοking|94/100|[from] Stealth Rock
|move|p2a: Tyranitar|Crunch|p1a: Nidοking
|-damage|p1a: Nidοking|42/100
|
|-weather|Sandstorm|[upkeep]
|-heal|p1a: Nidοking|100/100|[from] move: Wish|[wisher] Αltaria
|-heal|p2a: Tyranitar|88/100 tox|[from] item: Leftovers
|-damage|p2a: Tyranitar|69/100 tox|[from] psn
|upkeep
|turn|22
|inactive|EndlessC4lamity has 210 seconds left.
|
|t:|1660497720
|move|p1a: Nidοking|Earthquake|p2a: Tyranitar
|-supereffective|p2a: Tyranitar
|-damage|p2a: Tyranitar|0 fnt
|faint|p2a: Tyranitar
|
|-weather|Sandstorm|[upkeep]
|upkeep
|
|t:|1660497725
|switch|p2a: Muk|Muk-Alola, M|88/100
|-damage|p2a: Muk|76/100|[from] Stealth Rock
|turn|23
|
|t:|1660497730
|move|p1a: Nidοking|Earthquake|p2a: Muk
|-supereffective|p2a: Muk
|-crit|p2a: Muk
|-damage|p2a: Muk|0 fnt
|faint|p2a: Muk
|
|win|kvm1999
|c|☆kvm1999|Gg
|c|☆EndlessC4lamity|gg
