|j|☆F.A.M.E.246 2nd
|j|☆Nobodi_Nowan
|t:|1662622616
|gametype|singles
|player|p1|F.A.M.E.246 2nd|brawly|1826
|player|p2|Nobodi_Nowan|akari|1860
|teamsize|p1|6
|teamsize|p2|6
|gen|8
|tier|[Gen 8] National Dex AG
|rated|
|rule|HP Percentage Mod: HP is shown in percentages
|rule|Endless Battle Clause: Forcing endless battles is banned
|clearpoke
|poke|p1|Scizor, M|
|poke|p1|Arceus-*|
|poke|p1|Groudon|
|poke|p1|Calyrex-Shadow|
|poke|p1|Yveltal|
|poke|p1|Zacian-*|
|poke|p2|Forretress, F|
|poke|p2|Arceus-*|
|poke|p2|Kyogre|
|poke|p2|Calyrex-Shadow|
|poke|p2|Zacian-*|
|poke|p2|Rayquaza|
|teampreview
|inactive|Battle timer is ON: inactive players will automatically lose when time's up. (requested by F.A.M.E.246 2nd)
|c|☆F.A.M.E.246 2nd|hf
|inactive|Nobodi_Nowan has 120 seconds left.
|inactive|Nobodi_Nowan has 90 seconds left.
|c|☆Nobodi_Nowan|u2
|
|t:|1662622696
|start
|switch|p1a: Arceus|Arceus-Rock|100/100
|switch|p2a: Rayquaza|Rayquaza|100/100
|-ability|p2a: Rayquaza|Air Lock
|turn|1
|
|t:|1662622702
|switch|p2a: Kyogre|Kyogre|100/100
|detailschange|p2a: Kyogre|Kyogre-Primal
|-primal|p2a: Kyogre
|-weather|PrimordialSea|[from] ability: Primordial Sea|[of] p2a: Kyogre
|move|p1a: Arceus|Will-O-Wisp|p2a: Kyogre
|-status|p2a: Kyogre|brn
|
|-weather|PrimordialSea|[upkeep]
|-damage|p2a: Kyogre|94/100 brn|[from] brn
|upkeep
|turn|2
|
|t:|1662622716
|switch|p1a: Groudon|Groudon|100/100
|detailschange|p1a: Groudon|Groudon-Primal
|-primal|p1a: Groudon
|-weather|DesolateLand|[from] ability: Desolate Land|[of] p1a: Groudon
|switch|p2a: Rayquaza|Rayquaza|100/100
|-ability|p2a: Rayquaza|Air Lock
|
|-weather|DesolateLand|[upkeep]
|upkeep
|turn|3
|c|☆F.A.M.E.246 2nd|Yeah I thought you would
|c|☆F.A.M.E.246 2nd|I really didn't want to tho lol
|c|☆F.A.M.E.246 2nd|I didn't know how good you were so I didn't pull the trigger
|
|t:|1662622745
|-weather|none
|switch|p1a: Zacian|Zacian-Crowned|100/100
|-ability|p1a: Zacian|Intrepid Sword|boost
|-boost|p1a: Zacian|atk|1
|detailschange|p2a: Rayquaza|Rayquaza-Mega
|-mega|p2a: Rayquaza|Rayquaza|
|-weather|DeltaStream|[from] ability: Delta Stream|[of] p2a: Rayquaza
|move|p2a: Rayquaza|Surf|p1a: Zacian
|-damage|p1a: Zacian|71/100
|
|-weather|DeltaStream|[upkeep]
|upkeep
|turn|4
|
|t:|1662622764
|-weather|none
|switch|p2a: Forretress|Forretress, F|100/100
|move|p1a: Zacian|Close Combat|p2a: Forretress
|-damage|p2a: Forretress|58/100
|-unboost|p1a: Zacian|def|1
|-unboost|p1a: Zacian|spd|1
|
|-heal|p2a: Forretress|65/100|[from] item: Leftovers
|upkeep
|turn|5
|
|t:|1662622774
|move|p1a: Zacian|Close Combat|p2a: Forretress
|-damage|p2a: Forretress|26/100
|-unboost|p1a: Zacian|def|1
|-unboost|p1a: Zacian|spd|1
|move|p2a: Forretress|Stealth Rock|p1a: Zacian
|-sidestart|p1: F.A.M.E.246 2nd|move: Stealth Rock
|
|-heal|p2a: Forretress|32/100|[from] item: Leftovers
|upkeep
|turn|6
|
|t:|1662622782
|move|p1a: Zacian|Close Combat|p2a: Forretress
|-damage|p2a: Forretress|0 fnt
|-unboost|p1a: Zacian|def|1
|-unboost|p1a: Zacian|spd|1
|faint|p2a: Forretress
|
|upkeep
|c|☆Nobodi_Nowan|i mean
|c|☆Nobodi_Nowan|u can look at my elo
|c|☆F.A.M.E.246 2nd|Elo means nothin fr
|inactive|Nobodi_Nowan has 120 seconds left.
|c|☆F.A.M.E.246 2nd|I've seen many people with high elo make dumbass plays
|c|☆Nobodi_Nowan|i´m on an all time low but its still a high elo
|
|t:|1662622816
|switch|p2a: Calyrex|Calyrex-Shadow|100/100
|-ability|p2a: Calyrex|As One
|-ability|p2a: Calyrex|Unnerve
|turn|7
|c|☆F.A.M.E.246 2nd|Ye I get you,
|c|☆F.A.M.E.246 2nd|but there's also people who got high elo using bitch ass strats and stall
|
|t:|1662622843
|switch|p1a: Yveltal|Yveltal|100/100
|-ability|p1a: Yveltal|Dark Aura
|move|p2a: Calyrex|Astral Barrage|p1a: Yveltal
|-resisted|p1a: Yveltal
|-damage|p1a: Yveltal|81/100
|
|upkeep
|turn|8
|inactive|Nobodi_Nowan has 120 seconds left.
|c|☆Nobodi_Nowan|buck
|c|☆Nobodi_Nowan|lol
|c|☆F.A.M.E.246 2nd|Yup lol
|
|t:|1662622856
|switch|p2a: Kyogre|Kyogre-Primal|94/100 brn
|-weather|PrimordialSea|[from] ability: Primordial Sea|[of] p2a: Kyogre
|move|p1a: Yveltal|U-turn|p2a: Kyogre
|-damage|p2a: Kyogre|71/100 brn
|
|t:|1662622863
|switch|p1a: Zacian|Zacian-Crowned|71/100|[from]move: U-turn
|-damage|p1a: Zacian|65/100|[from] Stealth Rock
|-ability|p1a: Zacian|Intrepid Sword|boost
|-boost|p1a: Zacian|atk|1
|
|-weather|PrimordialSea|[upkeep]
|-damage|p2a: Kyogre|65/100 brn|[from] brn
|upkeep
|turn|9
|
|t:|1662622870
|move|p1a: Zacian|Play Rough|p2a: Kyogre
|-damage|p2a: Kyogre|0 fnt
|faint|p2a: Kyogre
|-weather|none
|
|upkeep
|
|t:|1662622876
|switch|p2a: Zacian|Zacian-Crowned, shiny|100/100
|-ability|p2a: Zacian|Intrepid Sword|boost
|-boost|p2a: Zacian|atk|1
|turn|10
|
|t:|1662622881
|switch|p1a: Groudon|Groudon-Primal|100/100
|-damage|p1a: Groudon|88/100|[from] Stealth Rock
|-weather|DesolateLand|[from] ability: Desolate Land|[of] p1a: Groudon
|move|p2a: Zacian|Behemoth Blade|p1a: Groudon
|-resisted|p1a: Groudon
|-crit|p1a: Groudon
|-damage|p1a: Groudon|45/100
|
|-weather|DesolateLand|[upkeep]
|upkeep
|turn|11
|
|t:|1662622890
|switch|p2a: Rayquaza|Rayquaza-Mega|100/100
|-weather|DeltaStream|[from] ability: Delta Stream|[of] p2a: Rayquaza
|move|p1a: Groudon|Stealth Rock|p2a: Rayquaza
|-sidestart|p2: Nobodi_Nowan|move: Stealth Rock
|
|-weather|DeltaStream|[upkeep]
|upkeep
|turn|12
|
|t:|1662622896
|move|p2a: Rayquaza|V-create|p1a: Groudon
|-resisted|p1a: Groudon
|-damage|p1a: Groudon|20/100
|-unboost|p2a: Rayquaza|spe|1
|-unboost|p2a: Rayquaza|def|1
|-unboost|p2a: Rayquaza|spd|1
|move|p1a: Groudon|Heat Crash|p2a: Rayquaza
|-resisted|p2a: Rayquaza
|-damage|p2a: Rayquaza|73/100
|
|-weather|DeltaStream|[upkeep]
|upkeep
|turn|13
|
|t:|1662622904
|switch|p1a: Arceus|Arceus-Rock|100/100
|-damage|p1a: Arceus|88/100|[from] Stealth Rock
|move|p2a: Rayquaza|V-create|p1a: Arceus|[miss]
|-miss|p2a: Rayquaza|p1a: Arceus
|
|-weather|DeltaStream|[upkeep]
|upkeep
|turn|14
|
|t:|1662622912
|move|p1a: Arceus|Will-O-Wisp|p2a: Rayquaza
|-status|p2a: Rayquaza|brn
|move|p2a: Rayquaza|Surf|p1a: Arceus
|-supereffective|p1a: Arceus
|-damage|p1a: Arceus|41/100
|
|-weather|DeltaStream|[upkeep]
|-damage|p2a: Rayquaza|67/100 brn|[from] brn
|upkeep
|turn|15
|
|t:|1662622921
|move|p1a: Arceus|Recover|p1a: Arceus
|-heal|p1a: Arceus|91/100
|move|p2a: Rayquaza|Surf|p1a: Arceus
|-supereffective|p1a: Arceus
|-damage|p1a: Arceus|48/100
|
|-weather|DeltaStream|[upkeep]
|-damage|p2a: Rayquaza|61/100 brn|[from] brn
|upkeep
|turn|16
|
|t:|1662622934
|move|p1a: Arceus|Recover|p1a: Arceus
|-heal|p1a: Arceus|98/100
|move|p2a: Rayquaza|Surf|p1a: Arceus
|-supereffective|p1a: Arceus
|-damage|p1a: Arceus|56/100
|
|-weather|DeltaStream|[upkeep]
|-damage|p2a: Rayquaza|55/100 brn|[from] brn
|upkeep
|turn|17
|
|t:|1662622943
|move|p1a: Arceus|Recover|p1a: Arceus
|-heal|p1a: Arceus|100/100
|move|p2a: Rayquaza|Surf|p1a: Arceus
|-supereffective|p1a: Arceus
|-damage|p1a: Arceus|53/100
|
|-weather|DeltaStream|[upkeep]
|-damage|p2a: Rayquaza|50/100 brn|[from] brn
|upkeep
|turn|18
|inactive|Nobodi_Nowan has 120 seconds left.
|
|t:|1662622995
|move|p1a: Arceus|Recover|p1a: Arceus
|-heal|p1a: Arceus|100/100
|move|p2a: Rayquaza|Surf|p1a: Arceus
|-supereffective|p1a: Arceus
|-damage|p1a: Arceus|58/100
|
|-weather|DeltaStream|[upkeep]
|-damage|p2a: Rayquaza|44/100 brn|[from] brn
|upkeep
|turn|19
|
|t:|1662623007
|switch|p1a: Calyrex|Calyrex-Shadow|100/100
|-ability|p1a: Calyrex|As One
|-ability|p1a: Calyrex|Unnerve
|-damage|p1a: Calyrex|88/100|[from] Stealth Rock
|-weather|none
|switch|p2a: Zacian|Zacian-Crowned, shiny|100/100
|-damage|p2a: Zacian|94/100|[from] Stealth Rock
|-ability|p2a: Zacian|Intrepid Sword|boost
|-boost|p2a: Zacian|atk|1
|
|upkeep
|turn|20
|c|☆F.A.M.E.246 2nd|There we go
|
|t:|1662623021
|move|p1a: Calyrex|Astral Barrage|p2a: Zacian
|-damage|p2a: Zacian|0 fnt
|faint|p2a: Zacian
|-ability|p1a: Calyrex|Grim Neigh|boost
|-boost|p1a: Calyrex|spa|1
|
|upkeep
|
|t:|1662623030
|switch|p2a: Calyrex|Calyrex-Shadow|100/100
|-ability|p2a: Calyrex|As One
|-ability|p2a: Calyrex|Unnerve
|-damage|p2a: Calyrex|88/100|[from] Stealth Rock
|turn|21
|
|t:|1662623037
|switch|p1a: Yveltal|Yveltal|81/100
|-ability|p1a: Yveltal|Dark Aura
|-start|p2a: Calyrex|Dynamax|
|-heal|p2a: Calyrex|88/100|[silent]
|move|p2a: Calyrex|Max Starfall|p1a: Yveltal
|-supereffective|p1a: Yveltal
|-damage|p1a: Yveltal|37/100
|-fieldstart|move: Misty Terrain
|
|upkeep
|turn|22
|c|☆Nobodi_Nowan|specs caly
|c|☆Nobodi_Nowan|i see
|
|t:|1662623057
|-start|p1a: Yveltal|Dynamax|
|-heal|p1a: Yveltal|37/100|[silent]
|move|p2a: Calyrex|Max Guard|p2a: Calyrex
|-singleturn|p2a: Calyrex|Max Guard
|move|p1a: Yveltal|Max Guard||[still]
|-fail|p1a: Yveltal
|
|upkeep
|turn|23
|c|☆F.A.M.E.246 2nd|mhm
|
|t:|1662623070
|-end|p2a: Calyrex|Dynamax
|-heal|p2a: Calyrex|88/100|[silent]
|switch|p2a: Rayquaza|Rayquaza-Mega|44/100 brn
|-damage|p2a: Rayquaza|19/100 brn|[from] Stealth Rock
|-weather|DeltaStream|[from] ability: Delta Stream|[of] p2a: Rayquaza
|move|p1a: Yveltal|Max Darkness|p2a: Rayquaza
|-damage|p2a: Rayquaza|0 fnt
|faint|p2a: Rayquaza
|-weather|none
|
|upkeep
|c|☆F.A.M.E.246 2nd|And you're scarf?
|
|t:|1662623083
|switch|p2a: Arceus|Arceus|100/100
|-damage|p2a: Arceus|88/100|[from] Stealth Rock
|turn|24
|
|t:|1662623091
|-end|p1a: Yveltal|Dynamax
|-heal|p1a: Yveltal|37/100|[silent]
|switch|p1a: Calyrex|Calyrex-Shadow|88/100
|-ability|p1a: Calyrex|As One
|-ability|p1a: Calyrex|Unnerve
|-damage|p1a: Calyrex|76/100|[from] Stealth Rock
|move|p2a: Arceus|Extreme Speed|p1a: Calyrex
|-immune|p1a: Calyrex
|
|upkeep
|turn|25
|
|t:|1662623101
|move|p1a: Calyrex|Trick|p2a: Arceus
|-activate|p1a: Calyrex|move: Trick|[of] p2a: Arceus
|-item|p2a: Arceus|Choice Specs|[from] move: Trick
|-item|p1a: Calyrex|Lum Berry|[from] move: Trick
|move|p2a: Arceus|Shadow Claw|p1a: Calyrex
|-supereffective|p1a: Calyrex
|-damage|p1a: Calyrex|0 fnt
|faint|p1a: Calyrex
|
|-fieldend|Misty Terrain
|upkeep
|
|t:|1662623108
|switch|p1a: Yveltal|Yveltal|37/100
|-ability|p1a: Yveltal|Dark Aura
|turn|26
|
|t:|1662623112
|switch|p2a: Calyrex|Calyrex-Shadow|88/100
|-ability|p2a: Calyrex|As One
|-ability|p2a: Calyrex|Unnerve
|-damage|p2a: Calyrex|76/100|[from] Stealth Rock
|move|p1a: Yveltal|Roost|p1a: Yveltal
|-heal|p1a: Yveltal|87/100
|-singleturn|p1a: Yveltal|move: Roost
|
|upkeep
|turn|27
|
|t:|1662623122
|switch|p2a: Arceus|Arceus|88/100
|-damage|p2a: Arceus|76/100|[from] Stealth Rock
|move|p1a: Yveltal|Roost|p1a: Yveltal
|-heal|p1a: Yveltal|100/100
|-singleturn|p1a: Yveltal|move: Roost
|
|upkeep
|turn|28
|c|☆F.A.M.E.246 2nd|Ye I'm not knocking that off lol
|
|t:|1662623137
|switch|p2a: Calyrex|Calyrex-Shadow|76/100
|-ability|p2a: Calyrex|As One
|-ability|p2a: Calyrex|Unnerve
|-damage|p2a: Calyrex|64/100|[from] Stealth Rock
|move|p1a: Yveltal|U-turn|p2a: Calyrex
|-damage|p2a: Calyrex|37/100
|
|t:|1662623143
|switch|p1a: Groudon|Groudon-Primal|20/100|[from]move: U-turn
|-damage|p1a: Groudon|7/100|[from] Stealth Rock
|-weather|DesolateLand|[from] ability: Desolate Land|[of] p1a: Groudon
|
|-weather|DesolateLand|[upkeep]
|upkeep
|turn|29
|
|t:|1662623155
|-weather|none
|switch|p1a: Yveltal|Yveltal|100/100
|-ability|p1a: Yveltal|Dark Aura
|move|p2a: Calyrex|Astral Barrage|p1a: Yveltal
|-resisted|p1a: Yveltal
|-crit|p1a: Yveltal
|-damage|p1a: Yveltal|68/100
|
|upkeep
|turn|30
|
|t:|1662623164
|move|p2a: Calyrex|Astral Barrage|p1a: Yveltal
|-resisted|p1a: Yveltal
|-damage|p1a: Yveltal|49/100
|move|p1a: Yveltal|U-turn|p2a: Calyrex
|-damage|p2a: Calyrex|14/100
|c|☆F.A.M.E.246 2nd|gg?
|
|t:|1662623170
|switch|p1a: Scizor|Scizor, M|100/100|[from]move: U-turn
|-damage|p1a: Scizor|88/100|[from] Stealth Rock
|
|upkeep
|turn|31
|
|t:|1662623176
|switch|p2a: Arceus|Arceus|76/100
|-damage|p2a: Arceus|63/100|[from] Stealth Rock
|detailschange|p1a: Scizor|Scizor-Mega, M
|-mega|p1a: Scizor|Scizor|Scizorite
|move|p1a: Scizor|Bullet Punch|p2a: Arceus
|-damage|p2a: Arceus|41/100
|
|upkeep
|turn|32
|
|t:|1662623183
|move|p2a: Arceus|Swords Dance|p2a: Arceus
|-boost|p2a: Arceus|atk|2
|move|p1a: Scizor|Curse|p1a: Scizor
|-unboost|p1a: Scizor|spe|1
|-boost|p1a: Scizor|atk|1
|-boost|p1a: Scizor|def|1
|
|upkeep
|turn|33
|c|☆F.A.M.E.246 2nd|gg then
|c|☆Nobodi_Nowan|fuck
|c|☆Nobodi_Nowan|i forgot scarf
|c|☆F.A.M.E.246 2nd|Did you forget you
|c|☆Nobodi_Nowan|gg anyways
|c|☆F.A.M.E.246 2nd|Yeah lmao
|c|☆F.A.M.E.246 2nd|gg bro
|-message|Nobodi_Nowan forfeited.
|
|win|F.A.M.E.246 2nd
|raw|F.A.M.E.246 2nd's rating: 1826 &rarr; <strong>1848</strong><br />(+22 for winning)
|raw|Nobodi_Nowan's rating: 1860 &rarr; <strong>1838</strong><br />(-22 for losing)
|l|☆Nobodi_Nowan
