|j|☆ReactJS3
|j|☆Obito 2001
|t:|1666508376
|gametype|singles
|player|p1|ReactJS3|102|1868
|player|p2|Obito 2001|teamrocket|1969
|teamsize|p1|6
|teamsize|p2|6
|gen|8
|tier|[Gen 8] National Dex AG
|rated|
|rule|HP Percentage Mod: HP is shown in percentages
|rule|Endless Battle Clause: Forcing endless battles is banned
|clearpoke
|poke|p1|Rayquaza|
|poke|p1|Zacian-*|
|poke|p1|Yveltal|
|poke|p1|Groudon|
|poke|p1|Ho-Oh|
|poke|p1|Ditto|
|poke|p2|Celesteela|
|poke|p2|Arceus-*|
|poke|p2|Necrozma-Dawn-Wings|
|poke|p2|Necrozma-Dusk-Mane|
|poke|p2|Ditto|
|poke|p2|Arceus-*|
|teampreview
|inactive|Battle timer is ON: inactive players will automatically lose when time's up. (requested by Obito 2001)
|
|t:|1666508390
|start
|switch|p1a: Zacian|Zacian-Crowned|100/100
|switch|p2a: Arceus|Arceus-Fairy|100/100
|-ability|p1a: Zacian|Intrepid Sword|boost
|-boost|p1a: Zacian|atk|1
|turn|1
|
|t:|1666508406
|switch|p2a: Necrozma|Necrozma-Dusk-Mane, shiny|100/100
|move|p1a: Zacian|Behemoth Blade|p2a: Necrozma
|-resisted|p2a: Necrozma
|-damage|p2a: Necrozma|62/100
|
|upkeep
|turn|2
|
|t:|1666508414
|switch|p2a: Arceus|Arceus-Fairy|100/100
|move|p1a: Zacian|Behemoth Blade|p2a: Arceus
|-supereffective|p2a: Arceus
|-damage|p2a: Arceus|0 fnt
|faint|p2a: Arceus
|
|upkeep
|
|t:|1666508420
|switch|p2a: Necrozma|Necrozma-Dawn-Wings|100/100
|turn|3
|
|t:|1666508424
|switch|p1a: Ho-Oh|Ho-Oh|100/100
|move|p2a: Necrozma|Thunder Wave|p1a: Ho-Oh
|-status|p1a: Ho-Oh|par
|
|upkeep
|turn|4
|
|t:|1666508443
|switch|p2a: Necrozma|Necrozma-Dusk-Mane, shiny|62/100
|move|p1a: Ho-Oh|Toxic|p2a: Necrozma
|-immune|p2a: Necrozma
|
|upkeep
|turn|5
|
|t:|1666508452
|switch|p1a: Zacian|Zacian-Crowned|100/100
|-ability|p1a: Zacian|Intrepid Sword|boost
|-boost|p1a: Zacian|atk|1
|move|p2a: Necrozma|Rock Slide|p1a: Zacian
|-resisted|p1a: Zacian
|-damage|p1a: Zacian|89/100
|
|upkeep
|turn|6
|
|t:|1666508473
|switch|p1a: Yveltal|Yveltal|100/100
|-ability|p1a: Yveltal|Dark Aura
|move|p2a: Necrozma|Earth Power|p1a: Yveltal
|-immune|p1a: Yveltal
|
|upkeep
|turn|7
|inactive|ReactJS3 has 120 seconds left.
|
|t:|1666508502
|switch|p2a: Necrozma|Necrozma-Dawn-Wings|100/100
|move|p1a: Yveltal|Sucker Punch||[still]
|-fail|p1a: Yveltal
|
|upkeep
|turn|8
|
|t:|1666508508
|-start|p1a: Yveltal|Dynamax|
|-heal|p1a: Yveltal|100/100|[silent]
|move|p1a: Yveltal|Max Darkness|p2a: Necrozma
|-supereffective|p2a: Necrozma
|-damage|p2a: Necrozma|0 fnt
|faint|p2a: Necrozma
|-damage|p1a: Yveltal|96/100|[from] item: Life Orb
|
|upkeep
|
|t:|1666508513
|switch|p2a: Arceus|Arceus|100/100
|turn|9
|
|t:|1666508515
|-start|p2a: Arceus|Dynamax|
|-heal|p2a: Arceus|100/100|[silent]
|move|p1a: Yveltal|Max Darkness|p2a: Arceus
|-damage|p2a: Arceus|59/100
|-unboost|p2a: Arceus|spd|1
|-damage|p1a: Yveltal|91/100|[from] item: Life Orb
|move|p2a: Arceus|Max Strike|p1a: Yveltal
|-damage|p1a: Yveltal|55/100
|-unboost|p1a: Yveltal|spe|1
|
|upkeep
|turn|10
|
|t:|1666508522
|move|p2a: Arceus|Max Guard|p2a: Arceus
|-singleturn|p2a: Arceus|Max Guard
|move|p1a: Yveltal|Max Darkness|p2a: Arceus
|-activate|p2a: Arceus|move: Max Guard
|
|upkeep
|-end|p1a: Yveltal|Dynamax
|-heal|p1a: Yveltal|55/100|[silent]
|turn|11
|
|t:|1666508527
|switch|p1a: Groudon|Groudon|100/100
|detailschange|p1a: Groudon|Groudon-Primal
|-primal|p1a: Groudon
|-weather|DesolateLand|[from] ability: Desolate Land|[of] p1a: Groudon
|move|p2a: Arceus|Max Strike|p1a: Groudon
|-damage|p1a: Groudon|71/100
|-unboost|p1a: Groudon|spe|1
|
|-weather|DesolateLand|[upkeep]
|upkeep
|-end|p2a: Arceus|Dynamax
|-heal|p2a: Arceus|59/100|[silent]
|turn|12
|
|t:|1666508534
|move|p2a: Arceus|Swords Dance|p2a: Arceus
|-boost|p2a: Arceus|atk|2
|move|p1a: Groudon|Overheat|p2a: Arceus|[miss]
|-miss|p1a: Groudon|p2a: Arceus
|
|-weather|DesolateLand|[upkeep]
|upkeep
|turn|13
|
|t:|1666508539
|move|p2a: Arceus|Recover|p2a: Arceus
|-heal|p2a: Arceus|100/100
|move|p1a: Groudon|Overheat|p2a: Arceus
|-damage|p2a: Arceus|5/100
|-unboost|p1a: Groudon|spa|2
|
|-weather|DesolateLand|[upkeep]
|upkeep
|turn|14
|
|t:|1666508546
|move|p2a: Arceus|Recover|p2a: Arceus
|-heal|p2a: Arceus|55/100
|move|p1a: Groudon|Toxic|p2a: Arceus|[miss]
|-miss|p1a: Groudon|p2a: Arceus
|
|-weather|DesolateLand|[upkeep]
|upkeep
|turn|15
|
|t:|1666508551
|move|p2a: Arceus|Recover|p2a: Arceus
|-heal|p2a: Arceus|100/100
|move|p1a: Groudon|Toxic|p2a: Arceus
|-status|p2a: Arceus|tox
|-enditem|p2a: Arceus|Lum Berry|[eat]
|-curestatus|p2a: Arceus|tox|[msg]
|
|-weather|DesolateLand|[upkeep]
|upkeep
|turn|16
|
|t:|1666508554
|move|p2a: Arceus|Extreme Speed|p1a: Groudon
|-damage|p1a: Groudon|30/100
|move|p1a: Groudon|Toxic|p2a: Arceus
|-status|p2a: Arceus|tox
|
|-weather|DesolateLand|[upkeep]
|-damage|p2a: Arceus|94/100 tox|[from] psn
|upkeep
|turn|17
|c|☆ReactJS3|you are one lucky mofo
|
|t:|1666508571
|-weather|none
|switch|p1a: Ho-Oh|Ho-Oh|100/100 par
|move|p2a: Arceus|Extreme Speed|p1a: Ho-Oh
|-damage|p1a: Ho-Oh|47/100 par
|
|-damage|p2a: Arceus|82/100 tox|[from] psn
|upkeep
|turn|18
|
|t:|1666508582
|switch|p1a: Groudon|Groudon-Primal|30/100
|-weather|DesolateLand|[from] ability: Desolate Land|[of] p1a: Groudon
|move|p2a: Arceus|Extreme Speed|p1a: Groudon
|-damage|p1a: Groudon|0 fnt
|faint|p1a: Groudon
|-weather|none
|
|-damage|p2a: Arceus|64/100 tox|[from] psn
|upkeep
|
|t:|1666508590
|switch|p1a: Zacian|Zacian-Crowned|89/100
|-ability|p1a: Zacian|Intrepid Sword|boost
|-boost|p1a: Zacian|atk|1
|turn|19
|
|t:|1666508602
|move|p2a: Arceus|Extreme Speed|p1a: Zacian
|-resisted|p1a: Zacian
|-damage|p1a: Zacian|47/100
|move|p1a: Zacian|Close Combat|p2a: Arceus
|-supereffective|p2a: Arceus
|-damage|p2a: Arceus|0 fnt
|-unboost|p1a: Zacian|def|1
|-unboost|p1a: Zacian|spd|1
|faint|p2a: Arceus
|
|upkeep
|
|t:|1666508604
|switch|p2a: Ditto|Ditto, shiny|100/100
|-transform|p2a: Ditto|p1a: Zacian|[from] ability: Imposter
|-ability|p2a: Ditto|Intrepid Sword|boost
|-boost|p2a: Ditto|atk|1
|turn|20
|
|t:|1666508610
|switch|p1a: Ditto|Ditto|100/100
|move|p2a: Ditto|Wild Charge|p1a: Ditto
|-damage|p1a: Ditto|4/100
|-damage|p2a: Ditto|76/100|[from] Recoil
|
|upkeep
|turn|21
|
|t:|1666508615
|move|p2a: Ditto|Wild Charge|p1a: Ditto
|-damage|p1a: Ditto|0 fnt
|faint|p1a: Ditto
|-damage|p2a: Ditto|75/100|[from] Recoil
|
|upkeep
|
|t:|1666508616
|switch|p1a: Rayquaza|Rayquaza|100/100
|-ability|p1a: Rayquaza|Air Lock
|turn|22
|
|t:|1666508621
|switch|p2a: Celesteela|Celesteela|100/100
|detailschange|p1a: Rayquaza|Rayquaza-Mega
|-mega|p1a: Rayquaza|Rayquaza|
|-weather|DeltaStream|[from] ability: Delta Stream|[of] p1a: Rayquaza
|move|p1a: Rayquaza|V-create|p2a: Celesteela
|-supereffective|p2a: Celesteela
|-damage|p2a: Celesteela|0 fnt
|-unboost|p1a: Rayquaza|spe|1
|-unboost|p1a: Rayquaza|def|1
|-unboost|p1a: Rayquaza|spd|1
|faint|p2a: Celesteela
|
|-weather|DeltaStream|[upkeep]
|upkeep
|
|t:|1666508630
|switch|p2a: Necrozma|Necrozma-Dusk-Mane, shiny|62/100
|turn|23
|
|t:|1666508637
|-weather|none
|switch|p1a: Ho-Oh|Ho-Oh|81/100 par
|detailschange|p2a: Necrozma|Necrozma-Ultra, shiny
|-burst|p2a: Necrozma|Necrozma|Ultranecrozium Z
|move|p2a: Necrozma|Dragon Pulse|p1a: Ho-Oh
|-damage|p1a: Ho-Oh|50/100 par
|
|upkeep
|turn|24
|
|t:|1666508647
|switch|p1a: Zacian|Zacian-Crowned|47/100
|-ability|p1a: Zacian|Intrepid Sword|boost
|-boost|p1a: Zacian|atk|1
|move|p2a: Necrozma|Rock Slide|p1a: Zacian|[miss]
|-miss|p2a: Necrozma|p1a: Zacian
|
|upkeep
|turn|25
|
|t:|1666508653
|move|p1a: Zacian|Behemoth Blade|p2a: Necrozma
|-damage|p2a: Necrozma|0 fnt
|faint|p2a: Necrozma
|
|upkeep
|
|t:|1666508655
|switch|p2a: Ditto|Ditto, shiny|75/100
|-transform|p2a: Ditto|p1a: Zacian|[from] ability: Imposter
|-ability|p2a: Ditto|Intrepid Sword|boost
|-boost|p2a: Ditto|atk|1
|turn|26
|
|t:|1666508666
|move|p2a: Ditto|Behemoth Blade|p1a: Zacian
|-damage|p1a: Zacian|0 fnt
|faint|p1a: Zacian
|
|upkeep
|
|t:|1666508668
|switch|p1a: Ho-Oh|Ho-Oh|83/100 par
|turn|27
|
|t:|1666508671
|move|p2a: Ditto|Behemoth Blade|p1a: Ho-Oh
|-resisted|p1a: Ho-Oh
|-damage|p1a: Ho-Oh|42/100 par
|move|p1a: Ho-Oh|Sacred Fire|p2a: Ditto
|-supereffective|p2a: Ditto
|-damage|p2a: Ditto|0 fnt
|faint|p2a: Ditto
|
|win|ReactJS3
|raw|ReactJS3's rating: 1868 &rarr; <strong>1894</strong><br />(+26 for winning)
|raw|Obito 2001's rating: 1969 &rarr; <strong>1943</strong><br />(-26 for losing)
|l|☆Obito 2001
