|j|☆The Taco Baker
|j|☆aseeasase
|t:|1656404775
|gametype|singles
|player|p1|The Taco Baker|janitor|1616
|player|p2|aseeasase|101|1556
|teamsize|p1|6
|teamsize|p2|6
|gen|8
|tier|[Gen 8] National Dex AG
|rated|
|rule|HP Percentage Mod: HP is shown in percentages
|rule|Endless Battle Clause: Forcing endless battles is banned
|clearpoke
|poke|p1|Rayquaza|
|poke|p1|Ditto|
|poke|p1|Yveltal|
|poke|p1|Xerneas-*|
|poke|p1|Greninja, M|
|poke|p1|Zacian-*|
|poke|p2|Ribombee, F|
|poke|p2|Lugia|
|poke|p2|Genesect-Shock|
|poke|p2|Absol, F|
|poke|p2|Arceus-*|
|poke|p2|Arceus-*|
|teampreview
|
|t:|1656404788
|start
|switch|p1a: Greninja|Greninja, M|100/100
|switch|p2a: Ribombee|Ribombee, F|100/100
|turn|1
|
|t:|1656404800
|move|p2a: Ribombee|Sticky Web|p1a: Greninja
|-sidestart|p1: The Taco Baker|move: Sticky Web
|move|p1a: Greninja|Hydro Pump|p2a: Ribombee
|-damage|p2a: Ribombee|11/100
|-damage|p1a: Greninja|91/100|[from] item: Life Orb
|
|upkeep
|turn|2
|
|t:|1656404816
|move|p1a: Greninja|Water Shuriken|p2a: Ribombee
|-damage|p2a: Ribombee|0 fnt
|faint|p2a: Ribombee
|-activate|p1a: Greninja|ability: Battle Bond
|detailschange|p1a: Greninja|Greninja-Ash, M
|-hitcount|p2: Ribombee|1
|-damage|p1a: Greninja|81/100|[from] item: Life Orb
|
|upkeep
|
|t:|1656404831
|switch|p2a: Genesect|Genesect-Shock|100/100
|-ability|p2a: Genesect|Download|boost
|-boost|p2a: Genesect|atk|1
|turn|3
|
|t:|1656404838
|-start|p1a: Greninja|Dynamax|
|-heal|p1a: Greninja|81/100|[silent]
|move|p1a: Greninja|Max Geyser|p2a: Genesect
|-damage|p2a: Genesect|0 fnt
|-weather|RainDance
|faint|p2a: Genesect
|-damage|p1a: Greninja|76/100|[from] item: Life Orb
|
|-weather|RainDance|[upkeep]
|upkeep
|
|t:|1656404852
|switch|p2a: Arceus|Arceus-Electric|100/100
|turn|4
|
|t:|1656404860
|-start|p2a: Arceus|Dynamax|
|-heal|p2a: Arceus|100/100|[silent]
|move|p1a: Greninja|Max Darkness|p2a: Arceus
|-damage|p2a: Arceus|63/100
|-unboost|p2a: Arceus|spd|1
|-damage|p1a: Greninja|71/100|[from] item: Life Orb
|move|p2a: Arceus|Max Lightning|p1a: Greninja
|-supereffective|p1a: Greninja
|-damage|p1a: Greninja|0 fnt
|-fieldstart|move: Electric Terrain
|faint|p1a: Greninja
|
|-weather|RainDance|[upkeep]
|upkeep
|
|t:|1656404876
|switch|p1a: Yveltal|Yveltal|100/100
|-ability|p1a: Yveltal|Dark Aura
|turn|5
|
|t:|1656404883
|move|p2a: Arceus|Max Lightning|p1a: Yveltal
|-supereffective|p1a: Yveltal
|-damage|p1a: Yveltal|0 fnt
|faint|p1a: Yveltal
|
|-weather|RainDance|[upkeep]
|upkeep
|
|t:|1656404898
|switch|p1a: Ditto|Ditto|100/100
|-activate|p1a: Ditto|move: Sticky Web
|-unboost|p1a: Ditto|spe|1
|-transform|p1a: Ditto|p2a: Arceus|[from] ability: Imposter
|turn|6
|
|t:|1656404912
|move|p1a: Ditto|Ice Beam|p2a: Arceus
|-damage|p2a: Arceus|44/100
|-status|p2a: Arceus|frz
|-curestatus|p2a: Arceus|frz|[msg]
|move|p2a: Arceus|Max Quake|p1a: Ditto
|-supereffective|p1a: Ditto
|-damage|p1a: Ditto|0 fnt
|-boost|p2a: Arceus|spd|1
|faint|p1a: Ditto
|
|-weather|RainDance|[upkeep]
|upkeep
|
|t:|1656404927
|switch|p1a: Rayquaza|Rayquaza|100/100
|-ability|p1a: Rayquaza|Air Lock
|-end|p2a: Arceus|Dynamax
|-heal|p2a: Arceus|44/100|[silent]
|turn|7
|
|t:|1656404940
|detailschange|p1a: Rayquaza|Rayquaza-Mega
|-mega|p1a: Rayquaza|Rayquaza|
|-weather|DeltaStream|[from] ability: Delta Stream|[of] p1a: Rayquaza
|move|p1a: Rayquaza|Extreme Speed|p2a: Arceus
|-damage|p2a: Arceus|5/100
|move|p2a: Arceus|Ice Beam|p1a: Rayquaza
|-activate||deltastream
|-supereffective|p1a: Rayquaza
|-damage|p1a: Rayquaza|42/100
|
|-weather|DeltaStream|[upkeep]
|upkeep
|turn|8
|
|t:|1656404951
|move|p1a: Rayquaza|Extreme Speed|p2a: Arceus
|-damage|p2a: Arceus|0 fnt
|faint|p2a: Arceus
|
|-weather|DeltaStream|[upkeep]
|-fieldend|move: Electric Terrain
|upkeep
|
|t:|1656404966
|switch|p2a: Absol|Absol, F|100/100
|-ability|p2a: Absol|Pressure
|turn|9
|
|t:|1656404975
|-weather|none
|switch|p1a: Xerneas|Xerneas|100/100
|-activate|p1a: Xerneas|move: Sticky Web
|-unboost|p1a: Xerneas|spe|1
|-ability|p1a: Xerneas|Fairy Aura
|detailschange|p2a: Absol|Absol-Mega, F
|-mega|p2a: Absol|Absol|Absolite
|move|p2a: Absol|Will-O-Wisp|p1a: Xerneas
|-status|p1a: Xerneas|brn
|
|-damage|p1a: Xerneas|94/100 brn|[from] brn
|upkeep
|turn|10
|
|t:|1656404990
|move|p2a: Absol|Taunt|p1a: Xerneas
|-start|p1a: Xerneas|move: Taunt
|move|p1a: Xerneas|Moonblast|p2a: Absol
|-supereffective|p2a: Absol
|-damage|p2a: Absol|0 fnt
|faint|p2a: Absol
|
|-damage|p1a: Xerneas|88/100 brn|[from] brn
|upkeep
|
|t:|1656405017
|switch|p2a: Lugia|Lugia|100/100
|turn|11
|
|t:|1656405032
|move|p2a: Lugia|Calm Mind|p2a: Lugia
|-boost|p2a: Lugia|spa|1
|-boost|p2a: Lugia|spd|1
|move|p1a: Xerneas|Thunder|p2a: Lugia|[miss]
|-miss|p1a: Xerneas|p2a: Lugia
|
|-damage|p1a: Xerneas|82/100 brn|[from] brn
|upkeep
|turn|12
|
|t:|1656405043
|move|p2a: Lugia|Calm Mind|p2a: Lugia
|-boost|p2a: Lugia|spa|1
|-boost|p2a: Lugia|spd|1
|move|p1a: Xerneas|Thunder|p2a: Lugia|[miss]
|-miss|p1a: Xerneas|p2a: Lugia
|
|-damage|p1a: Xerneas|76/100 brn|[from] brn
|-end|p1a: Xerneas|move: Taunt
|upkeep
|turn|13
|-message|The Taco Baker forfeited.
|
|win|aseeasase
|raw|The Taco Baker's rating: 1616 &rarr; <strong>1593</strong><br />(-23 for losing)
|raw|aseeasase's rating: 1556 &rarr; <strong>1579</strong><br />(+23 for winning)
|l|☆The Taco Baker
