|j|☆Diancie_hhh
|j|☆kasak
|t:|1667112507
|gametype|singles
|player|p1|Diancie_hhh|marnie|1767
|player|p2|kasak|youngster-gen4dp|1864
|teamsize|p1|6
|teamsize|p2|6
|gen|8
|tier|[Gen 8] National Dex AG
|rated|
|rule|HP Percentage Mod: HP is shown in percentages
|rule|Endless Battle Clause: Forcing endless battles is banned
|clearpoke
|poke|p1|Arceus-*|
|poke|p1|Groudon|
|poke|p1|Ho-Oh|
|poke|p1|Zygarde|
|poke|p1|Weavile, F|
|poke|p1|Calyrex-Shadow|
|poke|p2|Arceus-*|
|poke|p2|Ditto|
|poke|p2|Chansey, F|
|poke|p2|Lugia|
|poke|p2|Groudon|
|poke|p2|Arceus-*|
|teampreview
|c|☆Diancie_hhh|five time
|c|☆Diancie_hhh|and more
|
|t:|1667112537
|start
|switch|p1a: Ho-Oh|Ho-Oh|100/100
|switch|p2a: 그란돈|Groudon|100/100
|detailschange|p2a: 그란돈|Groudon-Primal
|-primal|p2a: 그란돈
|-weather|DesolateLand|[from] ability: Desolate Land|[of] p2a: 그란돈
|turn|1
|
|t:|1667112546
|switch|p1a: Zygarde|Zygarde, shiny|100/100
|move|p2a: 그란돈|Rock Tomb|p1a: Zygarde
|-resisted|p1a: Zygarde
|-damage|p1a: Zygarde|91/100
|-unboost|p1a: Zygarde|spe|1
|
|-weather|DesolateLand|[upkeep]
|upkeep
|turn|2
|
|t:|1667112552
|-weather|none
|switch|p2a: 루기아|Lugia|100/100
|move|p1a: Zygarde|Glare|p2a: 루기아
|-status|p2a: 루기아|par
|
|upkeep
|turn|3
|
|t:|1667112571
|move|p1a: Zygarde|Thousand Arrows|p2a: 루기아
|-damage|p2a: 루기아|93/100 par
|-start|p2a: 루기아|Smack Down
|move|p2a: 루기아|Toxic|p1a: Zygarde
|-status|p1a: Zygarde|tox
|
|-damage|p1a: Zygarde|85/100 tox|[from] psn
|upkeep
|turn|4
|
|t:|1667112580
|move|p1a: Zygarde|Coil|p1a: Zygarde
|-boost|p1a: Zygarde|atk|1
|-boost|p1a: Zygarde|def|1
|-boost|p1a: Zygarde|accuracy|1
|move|p2a: 루기아|Roost|p2a: 루기아
|-heal|p2a: 루기아|100/100 par
|-singleturn|p2a: 루기아|move: Roost
|
|-damage|p1a: Zygarde|73/100 tox|[from] psn
|upkeep
|turn|5
|
|t:|1667112590
|switch|p2a: 아르세우스|Arceus-Fairy|100/100
|move|p1a: Zygarde|Coil|p1a: Zygarde
|-boost|p1a: Zygarde|atk|1
|-boost|p1a: Zygarde|def|1
|-boost|p1a: Zygarde|accuracy|1
|
|-damage|p1a: Zygarde|55/100 tox|[from] psn
|upkeep
|turn|6
|
|t:|1667112598
|switch|p1a: Ho-Oh|Ho-Oh|100/100
|move|p2a: 아르세우스|Judgment|p1a: Ho-Oh
|-resisted|p1a: Ho-Oh
|-damage|p1a: Ho-Oh|89/100
|
|upkeep
|turn|7
|
|t:|1667112604
|switch|p2a: 루기아|Lugia|100/100 par
|switch|p1a: Calyrex|Calyrex-Shadow|100/100
|-ability|p1a: Calyrex|As One
|-ability|p1a: Calyrex|Unnerve
|
|upkeep
|turn|8
|
|t:|1667112618
|move|p1a: Calyrex|Substitute|p1a: Calyrex
|-start|p1a: Calyrex|Substitute
|-damage|p1a: Calyrex|76/100
|cant|p2a: 루기아|par
|
|-heal|p1a: Calyrex|82/100|[from] item: Leftovers
|upkeep
|turn|9
|
|t:|1667112631
|switch|p2a: 악르세우스|Arceus-Dark|100/100
|move|p1a: Calyrex|Leech Seed|p2a: 악르세우스
|-start|p2a: 악르세우스|move: Leech Seed
|
|-heal|p1a: Calyrex|88/100|[from] item: Leftovers
|-damage|p2a: 악르세우스|88/100|[from] Leech Seed|[of] p1a: Calyrex
|-heal|p1a: Calyrex|100/100|[silent]
|upkeep
|turn|10
|
|t:|1667112658
|move|p1a: Calyrex|Astral Barrage|p2a: 악르세우스
|-resisted|p2a: 악르세우스
|-damage|p2a: 악르세우스|63/100
|move|p2a: 악르세우스|Judgment|p1a: Calyrex
|-supereffective|p1a: Calyrex
|-end|p1a: Calyrex|Substitute
|
|-damage|p2a: 악르세우스|51/100|[from] Leech Seed|[of] p1a: Calyrex
|upkeep
|turn|11
|j| Hamster schmamster
|
|t:|1667112666
|move|p1a: Calyrex|Substitute|p1a: Calyrex
|-start|p1a: Calyrex|Substitute
|-damage|p1a: Calyrex|76/100
|move|p2a: 악르세우스|Recover|p2a: 악르세우스
|-heal|p2a: 악르세우스|100/100
|
|-heal|p1a: Calyrex|82/100|[from] item: Leftovers
|-damage|p2a: 악르세우스|88/100|[from] Leech Seed|[of] p1a: Calyrex
|-heal|p1a: Calyrex|97/100|[silent]
|upkeep
|turn|12
|
|t:|1667112685
|switch|p2a: 럭키|Chansey, F|100/100
|move|p1a: Calyrex|Taunt|p2a: 럭키
|-start|p2a: 럭키|move: Taunt
|
|-heal|p1a: Calyrex|100/100|[from] item: Leftovers
|upkeep
|turn|13
|
|t:|1667112696
|switch|p2a: 악르세우스|Arceus-Dark|88/100
|move|p1a: Calyrex|Leech Seed|p2a: 악르세우스
|-start|p2a: 악르세우스|move: Leech Seed
|
|-damage|p2a: 악르세우스|76/100|[from] Leech Seed|[of] p1a: Calyrex
|upkeep
|turn|14
|
|t:|1667112703
|switch|p2a: 럭키|Chansey, F|100/100
|move|p1a: Calyrex|Taunt|p2a: 럭키
|-start|p2a: 럭키|move: Taunt
|
|upkeep
|turn|15
|
|t:|1667112730
|move|p1a: Calyrex|Leech Seed|p2a: 럭키|[miss]
|-miss|p1a: Calyrex|p2a: 럭키
|move|p2a: 럭키|Seismic Toss|p1a: Calyrex
|-immune|p1a: Calyrex
|
|upkeep
|turn|16
|l|☆Diancie_hhh
|player|p1|
|j|☆Diancie_hhh
|player|p1|Diancie_hhh|marnie
|
|t:|1667112793
|move|p1a: Calyrex|Leech Seed|p2a: 럭키|[miss]
|-miss|p1a: Calyrex|p2a: 럭키
|move|p2a: 럭키|Seismic Toss|p1a: Calyrex
|-immune|p1a: Calyrex
|
|-end|p2a: 럭키|move: Taunt
|upkeep
|turn|17
|
|t:|1667112810
|move|p2a: 럭키|Protect|p2a: 럭키
|-singleturn|p2a: 럭키|Protect
|move|p1a: Calyrex|Taunt|p2a: 럭키
|-activate|p2a: 럭키|move: Protect
|
|upkeep
|turn|18
|
|t:|1667112818
|move|p1a: Calyrex|Taunt|p2a: 럭키
|-start|p2a: 럭키|move: Taunt
|cant|p2a: 럭키|move: Taunt|Wish
|
|upkeep
|turn|19
|
|t:|1667112829
|move|p1a: Calyrex|Leech Seed|p2a: 럭키
|-start|p2a: 럭키|move: Leech Seed
|move|p2a: 럭키|Seismic Toss|p1a: Calyrex
|-immune|p1a: Calyrex
|
|-damage|p2a: 럭키|88/100|[from] Leech Seed|[of] p1a: Calyrex
|upkeep
|turn|20
|
|t:|1667112837
|switch|p2a: 악르세우스|Arceus-Dark|76/100
|move|p1a: Calyrex|Astral Barrage|p2a: 악르세우스
|-resisted|p2a: 악르세우스
|-damage|p2a: 악르세우스|53/100
|
|upkeep
|turn|21
|
|t:|1667112851
|move|p1a: Calyrex|Leech Seed|p2a: 악르세우스
|-start|p2a: 악르세우스|move: Leech Seed
|move|p2a: 악르세우스|Recover|p2a: 악르세우스
|-heal|p2a: 악르세우스|100/100
|
|-damage|p2a: 악르세우스|88/100|[from] Leech Seed|[of] p1a: Calyrex
|upkeep
|turn|22
|
|t:|1667112866
|switch|p2a: 메타몽|Ditto|100/100
|move|p1a: Calyrex|Taunt|p2a: 메타몽
|-start|p2a: 메타몽|move: Taunt
|
|upkeep
|turn|23
|
|t:|1667112882
|switch|p2a: 럭키|Chansey, F|88/100
|move|p1a: Calyrex|Leech Seed|p2a: 럭키
|-start|p2a: 럭키|move: Leech Seed
|
|-damage|p2a: 럭키|75/100|[from] Leech Seed|[of] p1a: Calyrex
|upkeep
|turn|24
|
|t:|1667112889
|switch|p2a: 악르세우스|Arceus-Dark|88/100
|move|p1a: Calyrex|Taunt|p2a: 악르세우스
|-start|p2a: 악르세우스|move: Taunt
|
|upkeep
|turn|25
|
|t:|1667112895
|move|p1a: Calyrex|Leech Seed|p2a: 악르세우스
|-start|p2a: 악르세우스|move: Leech Seed
|move|p2a: 악르세우스|Judgment|p1a: Calyrex
|-supereffective|p1a: Calyrex
|-end|p1a: Calyrex|Substitute
|
|-damage|p2a: 악르세우스|76/100|[from] Leech Seed|[of] p1a: Calyrex
|upkeep
|turn|26
|
|t:|1667112927
|switch|p2a: 럭키|Chansey, F|75/100
|move|p1a: Calyrex|Substitute|p1a: Calyrex
|-start|p1a: Calyrex|Substitute
|-damage|p1a: Calyrex|76/100
|
|-heal|p1a: Calyrex|82/100|[from] item: Leftovers
|upkeep
|turn|27
|
|t:|1667112932
|move|p2a: 럭키|Protect|p2a: 럭키
|-singleturn|p2a: 럭키|Protect
|move|p1a: Calyrex|Taunt|p2a: 럭키
|-activate|p2a: 럭키|move: Protect
|
|-heal|p1a: Calyrex|88/100|[from] item: Leftovers
|upkeep
|turn|28
|
|t:|1667112940
|switch|p2a: 악르세우스|Arceus-Dark|76/100
|move|p1a: Calyrex|Taunt|p2a: 악르세우스
|-start|p2a: 악르세우스|move: Taunt
|
|-heal|p1a: Calyrex|94/100|[from] item: Leftovers
|upkeep
|turn|29
|
|t:|1667112949
|move|p1a: Calyrex|Leech Seed|p2a: 악르세우스
|-start|p2a: 악르세우스|move: Leech Seed
|move|p2a: 악르세우스|Judgment|p1a: Calyrex
|-supereffective|p1a: Calyrex
|-end|p1a: Calyrex|Substitute
|
|-heal|p1a: Calyrex|99/100|[from] item: Leftovers
|-damage|p2a: 악르세우스|63/100|[from] Leech Seed|[of] p1a: Calyrex
|-heal|p1a: Calyrex|100/100|[silent]
|upkeep
|turn|30
|
|t:|1667112959
|switch|p2a: 아르세우스|Arceus-Fairy|100/100
|move|p1a: Calyrex|Substitute|p1a: Calyrex
|-start|p1a: Calyrex|Substitute
|-damage|p1a: Calyrex|76/100
|
|-heal|p1a: Calyrex|82/100|[from] item: Leftovers
|upkeep
|turn|31
|
|t:|1667112966
|move|p1a: Calyrex|Leech Seed|p2a: 아르세우스
|-start|p2a: 아르세우스|move: Leech Seed
|move|p2a: 아르세우스|Judgment|p1a: Calyrex
|-end|p1a: Calyrex|Substitute
|
|-heal|p1a: Calyrex|88/100|[from] item: Leftovers
|-damage|p2a: 아르세우스|88/100|[from] Leech Seed|[of] p1a: Calyrex
|-heal|p1a: Calyrex|100/100|[silent]
|upkeep
|turn|32
|
|t:|1667112976
|switch|p2a: 럭키|Chansey, F|75/100
|move|p1a: Calyrex|Substitute|p1a: Calyrex
|-start|p1a: Calyrex|Substitute
|-damage|p1a: Calyrex|76/100
|
|-heal|p1a: Calyrex|82/100|[from] item: Leftovers
|upkeep
|turn|33
|
|t:|1667112981
|move|p2a: 럭키|Protect|p2a: 럭키
|-singleturn|p2a: 럭키|Protect
|move|p1a: Calyrex|Taunt|p2a: 럭키
|-activate|p2a: 럭키|move: Protect
|
|-heal|p1a: Calyrex|88/100|[from] item: Leftovers
|upkeep
|turn|34
|
|t:|1667112987
|move|p1a: Calyrex|Taunt|p2a: 럭키
|-start|p2a: 럭키|move: Taunt
|cant|p2a: 럭키|move: Taunt|Wish
|
|-heal|p1a: Calyrex|94/100|[from] item: Leftovers
|upkeep
|turn|35
|
|t:|1667112999
|switch|p2a: 아르세우스|Arceus-Fairy|88/100
|move|p1a: Calyrex|Leech Seed|p2a: 아르세우스|[miss]
|-miss|p1a: Calyrex|p2a: 아르세우스
|
|-heal|p1a: Calyrex|99/100|[from] item: Leftovers
|upkeep
|turn|36
|
|t:|1667113006
|move|p1a: Calyrex|Astral Barrage|p2a: 아르세우스
|-damage|p2a: 아르세우스|38/100
|move|p2a: 아르세우스|Judgment|p1a: Calyrex
|-end|p1a: Calyrex|Substitute
|
|-heal|p1a: Calyrex|100/100|[from] item: Leftovers
|upkeep
|turn|37
|
|t:|1667113019
|switch|p2a: 럭키|Chansey, F|75/100
|move|p1a: Calyrex|Leech Seed|p2a: 럭키
|-start|p2a: 럭키|move: Leech Seed
|
|-damage|p2a: 럭키|63/100|[from] Leech Seed|[of] p1a: Calyrex
|upkeep
|turn|38
|
|t:|1667113026
|switch|p2a: 악르세우스|Arceus-Dark|63/100
|move|p1a: Calyrex|Taunt|p2a: 악르세우스
|-start|p2a: 악르세우스|move: Taunt
|
|upkeep
|turn|39
|
|t:|1667113031
|switch|p1a: Ho-Oh|Ho-Oh|100/100
|move|p2a: 악르세우스|Judgment|p1a: Ho-Oh
|-damage|p1a: Ho-Oh|77/100
|
|upkeep
|turn|40
|
|t:|1667113039
|switch|p2a: 루기아|Lugia|100/100 par
|move|p1a: Ho-Oh|Sacred Fire|p2a: 루기아
|-damage|p2a: 루기아|89/100 par
|
|upkeep
|turn|41
|
|t:|1667113046
|switch|p1a: Zygarde|Zygarde, shiny|55/100 tox
|move|p2a: 루기아|Toxic|p1a: Zygarde
|-fail|p1a: Zygarde|tox
|
|-damage|p1a: Zygarde|49/100 tox|[from] psn
|-activate|p1a: Zygarde|ability: Power Construct
|detailschange|p1a: Zygarde|Zygarde-Complete, shiny
|-heal|p1a: Zygarde|67/100 tox|[silent]
|upkeep
|turn|42
|
|t:|1667113059
|move|p1a: Zygarde|Glare|p2a: 루기아
|-fail|p2a: 루기아|par
|cant|p2a: 루기아|par
|
|-damage|p1a: Zygarde|54/100 tox|[from] psn
|upkeep
|turn|43
|
|t:|1667113065
|move|p1a: Zygarde|Rest|p1a: Zygarde
|-status|p1a: Zygarde|slp|[from] move: Rest
|-heal|p1a: Zygarde|100/100 slp|[silent]
|-enditem|p1a: Zygarde|Chesto Berry|[eat]
|-curestatus|p1a: Zygarde|slp|[msg]
|move|p2a: 루기아|Roost|p2a: 루기아
|-heal|p2a: 루기아|100/100 par
|-singleturn|p2a: 루기아|move: Roost
|
|upkeep
|turn|44
|
|t:|1667113077
|move|p1a: Zygarde|Thousand Arrows|p2a: 루기아
|-damage|p2a: 루기아|91/100 par
|-start|p2a: 루기아|Smack Down
|move|p2a: 루기아|Toxic|p1a: Zygarde
|-status|p1a: Zygarde|tox
|
|-damage|p1a: Zygarde|94/100 tox|[from] psn
|upkeep
|turn|45
|
|t:|1667113090
|switch|p1a: Arceus|Arceus, shiny|100/100
|move|p2a: 루기아|Roost|p2a: 루기아
|-heal|p2a: 루기아|100/100 par
|-singleturn|p2a: 루기아|move: Roost
|
|upkeep
|turn|46
|
|t:|1667113098
|switch|p1a: Zygarde|Zygarde-Complete, shiny|94/100 tox
|move|p2a: 루기아|Toxic|p1a: Zygarde
|-fail|p1a: Zygarde|tox
|
|-damage|p1a: Zygarde|88/100 tox|[from] psn
|upkeep
|turn|47
|
|t:|1667113107
|move|p1a: Zygarde|Thousand Arrows|p2a: 루기아
|-damage|p2a: 루기아|93/100 par
|move|p2a: 루기아|Aeroblast|p1a: Zygarde
|-damage|p1a: Zygarde|72/100 tox
|
|-damage|p1a: Zygarde|60/100 tox|[from] psn
|upkeep
|turn|48
|
|t:|1667113114
|move|p1a: Zygarde|Rest|p1a: Zygarde
|-status|p1a: Zygarde|slp|[from] move: Rest
|-heal|p1a: Zygarde|100/100 slp|[silent]
|move|p2a: 루기아|Roost|p2a: 루기아
|-heal|p2a: 루기아|100/100 par
|-singleturn|p2a: 루기아|move: Roost
|
|upkeep
|turn|49
|
|t:|1667113120
|switch|p2a: 아르세우스|Arceus-Fairy|38/100
|cant|p1a: Zygarde|slp
|
|upkeep
|turn|50
|
|t:|1667113135
|switch|p1a: Arceus|Arceus, shiny|100/100
|move|p2a: 아르세우스|Recover|p2a: 아르세우스
|-heal|p2a: 아르세우스|88/100
|
|upkeep
|turn|51
|
|t:|1667113140
|switch|p2a: 루기아|Lugia|100/100 par
|move|p1a: Arceus|Swords Dance|p1a: Arceus
|-boost|p1a: Arceus|atk|2
|
|upkeep
|turn|52
|
|t:|1667113156
|move|p1a: Arceus|Extreme Speed|p2a: 루기아
|-damage|p2a: 루기아|73/100 par
|-damage|p1a: Arceus|84/100|[from] item: Rocky Helmet|[of] p2a: 루기아
|-damage|p1a: Arceus|74/100|[from] item: Life Orb
|move|p2a: 루기아|Toxic|p1a: Arceus
|-status|p1a: Arceus|tox
|
|-damage|p1a: Arceus|68/100 tox|[from] psn
|upkeep
|turn|53
|
|t:|1667113167
|-start|p1a: Arceus|Dynamax|
|-heal|p1a: Arceus|68/100 tox|[silent]
|move|p1a: Arceus|Max Strike|p2a: 루기아
|-crit|p2a: 루기아
|-damage|p2a: 루기아|0 fnt
|faint|p2a: 루기아
|-damage|p1a: Arceus|63/100 tox|[from] item: Life Orb
|
|-damage|p1a: Arceus|56/100 tox|[from] psn
|upkeep
|
|t:|1667113173
|switch|p2a: 메타몽|Ditto|100/100
|-transform|p2a: 메타몽|p1a: Arceus|[from] ability: Imposter
|turn|54
|
|t:|1667113181
|move|p2a: 메타몽|Fly||[still]
|-prepare|p2a: 메타몽|Fly
|move|p1a: Arceus|Max Strike|p2a: 메타몽|[miss]
|-miss|p1a: Arceus|p2a: 메타몽
|
|-damage|p1a: Arceus|47/100 tox|[from] psn
|upkeep
|turn|55
|
|t:|1667113186
|move|p2a: 메타몽|Fly|p1a: Arceus|[from]lockedmove
|-damage|p1a: Arceus|26/100 tox
|move|p1a: Arceus|Max Strike|p2a: 메타몽
|-damage|p2a: 메타몽|0 fnt
|faint|p2a: 메타몽
|-damage|p1a: Arceus|21/100 tox|[from] item: Life Orb
|
|-damage|p1a: Arceus|9/100 tox|[from] psn
|upkeep
|
|t:|1667113191
|switch|p2a: 럭키|Chansey, F|63/100
|-end|p1a: Arceus|Dynamax
|-heal|p1a: Arceus|9/100 tox|[silent]
|turn|56
|
|t:|1667113202
|move|p2a: 럭키|Protect|p2a: 럭키
|-singleturn|p2a: 럭키|Protect
|move|p1a: Arceus|Recover|p1a: Arceus
|-heal|p1a: Arceus|59/100 tox
|
|-damage|p1a: Arceus|28/100 tox|[from] psn
|upkeep
|turn|57
|
|t:|1667113212
|move|p1a: Arceus|Extreme Speed|p2a: 럭키
|-damage|p2a: 럭키|0 fnt
|faint|p2a: 럭키
|-damage|p1a: Arceus|18/100 tox|[from] item: Life Orb
|
|-damage|p1a: Arceus|0 fnt|[from] psn
|faint|p1a: Arceus
|upkeep
|
|t:|1667113227
|switch|p1a: Zygarde|Zygarde-Complete, shiny|100/100 slp
|switch|p2a: 그란돈|Groudon-Primal|100/100
|-weather|DesolateLand|[from] ability: Desolate Land|[of] p2a: 그란돈
|turn|58
|
|t:|1667113236
|move|p2a: 그란돈|Precipice Blades|p1a: Zygarde
|-damage|p1a: Zygarde|66/100 slp
|cant|p1a: Zygarde|slp
|
|-weather|DesolateLand|[upkeep]
|upkeep
|turn|59
|
|t:|1667113243
|-weather|none
|switch|p2a: 아르세우스|Arceus-Fairy|88/100
|-curestatus|p1a: Zygarde|slp|[msg]
|move|p1a: Zygarde|Glare|p2a: 아르세우스
|-status|p2a: 아르세우스|par
|
|upkeep
|turn|60
|
|t:|1667113256
|switch|p1a: Ho-Oh|Ho-Oh|100/100
|move|p2a: 아르세우스|Judgment|p1a: Ho-Oh
|-resisted|p1a: Ho-Oh
|-damage|p1a: Ho-Oh|89/100
|
|upkeep
|turn|61
|
|t:|1667113261
|move|p1a: Ho-Oh|Sacred Fire|p2a: 아르세우스
|-damage|p2a: 아르세우스|64/100 par
|cant|p2a: 아르세우스|par
|
|upkeep
|turn|62
|
|t:|1667113267
|switch|p1a: Calyrex|Calyrex-Shadow|100/100
|-ability|p1a: Calyrex|As One
|-ability|p1a: Calyrex|Unnerve
|move|p2a: 아르세우스|Recover|p2a: 아르세우스
|-heal|p2a: 아르세우스|100/100 par
|
|upkeep
|turn|63
|
|t:|1667113288
|move|p1a: Calyrex|Substitute|p1a: Calyrex
|-start|p1a: Calyrex|Substitute
|-damage|p1a: Calyrex|76/100
|cant|p2a: 아르세우스|par
|
|-heal|p1a: Calyrex|82/100|[from] item: Leftovers
|upkeep
|turn|64
|
|t:|1667113302
|-start|p2a: 아르세우스|Dynamax|
|-heal|p2a: 아르세우스|100/100 par|[silent]
|move|p1a: Calyrex|Astral Barrage|p2a: 아르세우스
|-damage|p2a: 아르세우스|77/100 par
|move|p2a: 아르세우스|Max Quake|p1a: Calyrex
|-end|p1a: Calyrex|Substitute
|-boost|p2a: 아르세우스|spd|1
|
|-heal|p1a: Calyrex|88/100|[from] item: Leftovers
|upkeep
|turn|65
|
|t:|1667113313
|move|p1a: Calyrex|Substitute|p1a: Calyrex
|-start|p1a: Calyrex|Substitute
|-damage|p1a: Calyrex|63/100
|move|p2a: 아르세우스|Max Starfall|p1a: Calyrex
|-end|p1a: Calyrex|Substitute
|-fieldstart|move: Misty Terrain
|
|-heal|p1a: Calyrex|69/100|[from] item: Leftovers
|upkeep
|turn|66
|
|t:|1667113320
|move|p1a: Calyrex|Substitute|p1a: Calyrex
|-start|p1a: Calyrex|Substitute
|-damage|p1a: Calyrex|44/100
|cant|p2a: 아르세우스|par
|
|-heal|p1a: Calyrex|50/100|[from] item: Leftovers
|upkeep
|-end|p2a: 아르세우스|Dynamax
|-heal|p2a: 아르세우스|78/100 par|[silent]
|turn|67
|
|t:|1667113326
|move|p1a: Calyrex|Leech Seed|p2a: 아르세우스
|-start|p2a: 아르세우스|move: Leech Seed
|cant|p2a: 아르세우스|par
|
|-heal|p1a: Calyrex|56/100|[from] item: Leftovers
|-damage|p2a: 아르세우스|65/100 par|[from] Leech Seed|[of] p1a: Calyrex
|-heal|p1a: Calyrex|72/100|[silent]
|upkeep
|turn|68
|
|t:|1667113333
|switch|p2a: 악르세우스|Arceus-Dark|63/100
|move|p1a: Calyrex|Taunt|p2a: 악르세우스
|-start|p2a: 악르세우스|move: Taunt
|
|-heal|p1a: Calyrex|78/100|[from] item: Leftovers
|upkeep
|turn|69
|
|t:|1667113342
|move|p1a: Calyrex|Leech Seed|p2a: 악르세우스
|-start|p2a: 악르세우스|move: Leech Seed
|move|p2a: 악르세우스|Judgment|p1a: Calyrex
|-supereffective|p1a: Calyrex
|-end|p1a: Calyrex|Substitute
|
|-heal|p1a: Calyrex|84/100|[from] item: Leftovers
|-damage|p2a: 악르세우스|51/100|[from] Leech Seed|[of] p1a: Calyrex
|-heal|p1a: Calyrex|99/100|[silent]
|-fieldend|Misty Terrain
|upkeep
|turn|70
|
|t:|1667113352
|switch|p2a: 그란돈|Groudon-Primal|100/100
|-weather|DesolateLand|[from] ability: Desolate Land|[of] p2a: 그란돈
|move|p1a: Calyrex|Substitute|p1a: Calyrex
|-start|p1a: Calyrex|Substitute
|-damage|p1a: Calyrex|74/100
|
|-weather|DesolateLand|[upkeep]
|-heal|p1a: Calyrex|80/100|[from] item: Leftovers
|upkeep
|turn|71
|
|t:|1667113367
|move|p1a: Calyrex|Leech Seed|p2a: 그란돈|[miss]
|-miss|p1a: Calyrex|p2a: 그란돈
|move|p2a: 그란돈|Fire Punch|p1a: Calyrex
|-end|p1a: Calyrex|Substitute
|
|-weather|DesolateLand|[upkeep]
|-heal|p1a: Calyrex|86/100|[from] item: Leftovers
|upkeep
|turn|72
|
|t:|1667113376
|switch|p1a: Zygarde|Zygarde-Complete, shiny|66/100
|move|p2a: 그란돈|Fire Punch|p1a: Zygarde
|-resisted|p1a: Zygarde
|-damage|p1a: Zygarde|49/100
|
|-weather|DesolateLand|[upkeep]
|upkeep
|turn|73
|
|t:|1667113383
|-weather|none
|switch|p2a: 아르세우스|Arceus-Fairy|65/100 par
|move|p1a: Zygarde|Thousand Arrows|p2a: 아르세우스
|-damage|p2a: 아르세우스|48/100 par
|
|upkeep
|turn|74
|
|t:|1667113394
|switch|p1a: Calyrex|Calyrex-Shadow|86/100
|-ability|p1a: Calyrex|As One
|-ability|p1a: Calyrex|Unnerve
|move|p2a: 아르세우스|Recover|p2a: 아르세우스
|-heal|p2a: 아르세우스|98/100 par
|
|-heal|p1a: Calyrex|92/100|[from] item: Leftovers
|upkeep
|turn|75
|
|t:|1667113410
|switch|p1a: 大地之神|Groudon, shiny|100/100
|detailschange|p1a: 大地之神|Groudon-Primal, shiny
|-primal|p1a: 大地之神
|-weather|DesolateLand|[from] ability: Desolate Land|[of] p1a: 大地之神
|cant|p2a: 아르세우스|par
|
|-weather|DesolateLand|[upkeep]
|upkeep
|turn|76
|
|t:|1667113419
|move|p1a: 大地之神|Stealth Rock|p2a: 아르세우스
|-sidestart|p2: kasak|move: Stealth Rock
|cant|p2a: 아르세우스|par
|
|-weather|DesolateLand|[upkeep]
|upkeep
|turn|77
|
|t:|1667113425
|move|p1a: 大地之神|Earthquake|p2a: 아르세우스
|-damage|p2a: 아르세우스|60/100 par
|cant|p2a: 아르세우스|par
|
|-weather|DesolateLand|[upkeep]
|upkeep
|turn|78
|
|t:|1667113430
|move|p1a: 大地之神|Fire Punch|p2a: 아르세우스
|-damage|p2a: 아르세우스|20/100 par
|move|p2a: 아르세우스|Recover|p2a: 아르세우스
|-heal|p2a: 아르세우스|70/100 par
|
|-weather|DesolateLand|[upkeep]
|upkeep
|turn|79
|
|t:|1667113437
|move|p1a: 大地之神|Fire Punch|p2a: 아르세우스
|-damage|p2a: 아르세우스|30/100 par
|move|p2a: 아르세우스|Recover|p2a: 아르세우스
|-heal|p2a: 아르세우스|80/100 par
|
|-weather|DesolateLand|[upkeep]
|upkeep
|turn|80
|
|t:|1667113443
|move|p1a: 大地之神|Fire Punch|p2a: 아르세우스
|-damage|p2a: 아르세우스|42/100 par
|move|p2a: 아르세우스|Earth Power|p1a: 大地之神
|-supereffective|p1a: 大地之神
|-damage|p1a: 大地之神|58/100
|
|-weather|DesolateLand|[upkeep]
|upkeep
|turn|81
|
|t:|1667113450
|move|p1a: 大地之神|Fire Punch|p2a: 아르세우스
|-damage|p2a: 아르세우스|0 fnt
|faint|p2a: 아르세우스
|
|-weather|DesolateLand|[upkeep]
|upkeep
|
|t:|1667113453
|switch|p2a: 그란돈|Groudon-Primal|100/100
|-damage|p2a: 그란돈|88/100|[from] Stealth Rock
|turn|82
|
|t:|1667113459
|move|p1a: 大地之神|Earthquake|p2a: 그란돈
|-supereffective|p2a: 그란돈
|-damage|p2a: 그란돈|10/100
|move|p2a: 그란돈|Precipice Blades|p1a: 大地之神
|-supereffective|p1a: 大地之神
|-damage|p1a: 大地之神|0 fnt
|faint|p1a: 大地之神
|
|-weather|DesolateLand|[upkeep]
|upkeep
|
|t:|1667113472
|switch|p1a: 相信三旋击!|Weavile, F, shiny|100/100
|-ability|p1a: 相信三旋击!|Pressure
|turn|83
|
|t:|1667113477
|move|p1a: 相信三旋击!|Low Kick|p2a: 그란돈
|-damage|p2a: 그란돈|0 fnt
|faint|p2a: 그란돈
|-weather|none
|
|upkeep
|
|t:|1667113479
|switch|p2a: 악르세우스|Arceus-Dark|51/100
|-damage|p2a: 악르세우스|38/100|[from] Stealth Rock
|turn|84
|
|t:|1667113482
|move|p1a: 相信三旋击!|Low Kick|p2a: 악르세우스
|-supereffective|p2a: 악르세우스
|-damage|p2a: 악르세우스|0 fnt
|faint|p2a: 악르세우스
|
|win|Diancie_hhh
|raw|Diancie_hhh's rating: 1767 &rarr; <strong>1792</strong><br />(+25 for winning)
|raw|kasak's rating: 1864 &rarr; <strong>1839</strong><br />(-25 for losing)
|l|☆kasak
