|j|☆GigaBrainPlays
|j|☆Hogwashimperial
|player|p1|GigaBrainPlays|cynthia|1556
|player|p2|Hogwashimperial|swimmer-gen4dp|1489
|teamsize|p1|6
|teamsize|p2|6
|gametype|singles
|gen|8
|tier|[Gen 8] National Dex AG
|rated|
|clearpoke
|poke|p1|Rayquaza|
|poke|p1|Yveltal|
|poke|p1|Yveltal|
|poke|p1|Necrozma-Dusk-Mane|
|poke|p1|Groudon|
|poke|p1|Arceus-*|
|poke|p2|Rayquaza|
|poke|p2|Zacian-Crowned|
|poke|p2|Groudon|
|poke|p2|Smeargle, M|
|poke|p2|Necrozma-Dusk-Mane|
|poke|p2|Yveltal|
|rule|HP Percentage Mod: HP is shown in percentages
|rule|Endless Battle Clause: Forcing endless battles is banned
|teampreview
|
|start
|switch|p1a: Yveltal|Yveltal|100/100
|switch|p2a: Smeargle|Smeargle, M|100/100
|-ability|p1a: Yveltal|Dark Aura
|turn|1
|
|move|p2a: Smeargle|Magic Coat|p2a: Smeargle
|-singleturn|p2a: Smeargle|move: Magic Coat
|move|p1a: Yveltal|Taunt|p2a: Smeargle
|move|p2a: Smeargle|Taunt|p1a: Yveltal|[from]Magic Coat
|-start|p1a: Yveltal|move: Taunt
|
|-ability|p2a: Smeargle|Moody|boost
|-boost|p2a: Smeargle|spa|2
|-unboost|p2a: Smeargle|atk|1
|upkeep
|turn|2
|
|-start|p1a: Yveltal|Dynamax
|-heal|p1a: Yveltal|100/100|[silent]
|move|p1a: Yveltal|Max Airstream|p2a: Smeargle
|-enditem|p2a: Smeargle|Focus Sash
|-damage|p2a: Smeargle|1/100
|-boost|p1a: Yveltal|spe|1
|-damage|p1a: Yveltal|96/100|[from] item: Life Orb
|move|p2a: Smeargle|Spore|p1a: Yveltal
|-status|p1a: Yveltal|slp|[from] move: Spore
|
|-ability|p2a: Smeargle|Moody|boost
|-boost|p2a: Smeargle|def|2
|-unboost|p2a: Smeargle|atk|1
|upkeep
|turn|3
|
|cant|p1a: Yveltal|slp
|move|p2a: Smeargle|Shell Smash|p2a: Smeargle
|-unboost|p2a: Smeargle|def|1
|-unboost|p2a: Smeargle|spd|1
|-boost|p2a: Smeargle|atk|2
|-boost|p2a: Smeargle|spa|2
|-boost|p2a: Smeargle|spe|2
|
|-ability|p2a: Smeargle|Moody|boost
|-boost|p2a: Smeargle|spd|2
|-unboost|p2a: Smeargle|def|1
|upkeep
|turn|4
|
|move|p2a: Smeargle|Baton Pass|p2a: Smeargle
|
|switch|p2a: Groudon|Groudon|100/100|[from]move: Baton Pass
|detailschange|p2a: Groudon|Groudon-Primal
|-primal|p2a: Groudon
|-weather|DesolateLand|[from] ability: Desolate Land|[of] p2a: Groudon
|-curestatus|p1a: Yveltal|slp|[msg]
|move|p1a: Yveltal|Max Darkness|p2a: Groudon
|-damage|p2a: Groudon|22/100
|-unboost|p2a: Groudon|spd|1
|-damage|p1a: Yveltal|91/100|[from] item: Life Orb
|
|-weather|DesolateLand|[upkeep]
|-end|p1a: Yveltal|move: Taunt
|-end|p1a: Yveltal|Dynamax
|-heal|p1a: Yveltal|91/100|[silent]
|upkeep
|turn|5
|
|move|p1a: Yveltal|Oblivion Wing|p2a: Groudon
|-damage|p2a: Groudon|0 fnt
|-heal|p1a: Yveltal|100/100|[from] drain|[of] p2a: Groudon
|-damage|p1a: Yveltal|91/100|[from] item: Life Orb
|faint|p2a: Groudon
|-weather|none
|
|upkeep
|
|switch|p2a: Zacian|Zacian-Crowned|100/100
|-ability|p2a: Zacian|Intrepid Sword|boost
|-boost|p2a: Zacian|atk|1
|turn|6
|
|move|p1a: Yveltal|Heat Wave|p2a: Zacian
|-supereffective|p2a: Zacian
|-damage|p2a: Zacian|19/100
|-damage|p1a: Yveltal|81/100|[from] item: Life Orb
|move|p2a: Zacian|Play Rough|p1a: Yveltal
|-supereffective|p1a: Yveltal
|-damage|p1a: Yveltal|0 fnt
|faint|p1a: Yveltal
|
|upkeep
|
|switch|p1a: Groudon|Groudon|100/100
|detailschange|p1a: Groudon|Groudon-Primal
|-primal|p1a: Groudon
|-weather|DesolateLand|[from] ability: Desolate Land|[of] p1a: Groudon
|turn|7
|
|move|p2a: Zacian|Behemoth Blade|p1a: Groudon
|-resisted|p1a: Groudon
|-damage|p1a: Groudon|73/100
|move|p1a: Groudon|Stealth Rock|p2a: Zacian
|-sidestart|p2: Hogwashimperial|move: Stealth Rock
|
|-weather|DesolateLand|[upkeep]
|upkeep
|turn|8
|
|move|p2a: Zacian|Behemoth Blade|p1a: Groudon
|-resisted|p1a: Groudon
|-damage|p1a: Groudon|48/100
|move|p1a: Groudon|Earthquake|p2a: Zacian
|-supereffective|p2a: Zacian
|-damage|p2a: Zacian|0 fnt
|faint|p2a: Zacian
|
|-weather|DesolateLand|[upkeep]
|upkeep
|
|switch|p2a: Yveltal|Yveltal|100/100
|-damage|p2a: Yveltal|76/100|[from] Stealth Rock
|-ability|p2a: Yveltal|Dark Aura
|turn|9
|
|-start|p2a: Yveltal|Dynamax
|-heal|p2a: Yveltal|76/100|[silent]
|move|p2a: Yveltal|Max Airstream|p1a: Groudon
|-damage|p1a: Groudon|0 fnt
|-boost|p2a: Yveltal|spe|1
|faint|p1a: Groudon
|-weather|none
|
|upkeep
|
|switch|p1a: Arceus|Arceus-Poison|100/100
|turn|10
|
|move|p2a: Yveltal|Max Darkness|p1a: Arceus
|-damage|p1a: Arceus|49/100
|-unboost|p1a: Arceus|spd|1
|move|p1a: Arceus|Psych Up|p2a: Yveltal
|-copyboost|p1a: Arceus|p2a: Yveltal|[from] move: Psych Up
|
|upkeep
|turn|11
|
|switch|p1a: Yveltal|Yveltal|100/100
|-ability|p1a: Yveltal|Dark Aura
|move|p2a: Yveltal|Max Darkness|p1a: Yveltal
|-resisted|p1a: Yveltal
|-damage|p1a: Yveltal|65/100
|-unboost|p1a: Yveltal|spd|1
|
|-end|p2a: Yveltal|Dynamax
|-heal|p2a: Yveltal|76/100|[silent]
|upkeep
|turn|12
|
|move|p2a: Yveltal|Oblivion Wing|p1a: Yveltal
|-damage|p1a: Yveltal|18/100
|-heal|p2a: Yveltal|100/100|[from] drain|[of] p1a: Yveltal
|move|p1a: Yveltal|U-turn|p2a: Yveltal
|-damage|p2a: Yveltal|81/100
|
|switch|p1a: Arceus|Arceus-Poison|49/100|[from]move: U-turn
|
|upkeep
|turn|13
|
|move|p2a: Yveltal|Taunt|p1a: Arceus
|-start|p1a: Arceus|move: Taunt
|cant|p1a: Arceus|move: Taunt|Recover
|
|upkeep
|turn|14
|
|move|p2a: Yveltal|Oblivion Wing|p1a: Arceus
|-damage|p1a: Arceus|25/100
|-heal|p2a: Yveltal|100/100|[from] drain|[of] p1a: Arceus
|move|p1a: Arceus|Judgment|p2a: Yveltal
|-damage|p2a: Yveltal|60/100
|
|upkeep
|turn|15
|
|move|p2a: Yveltal|Oblivion Wing|p1a: Arceus
|-damage|p1a: Arceus|2/100
|-heal|p2a: Yveltal|80/100|[from] drain|[of] p1a: Arceus
|move|p1a: Arceus|Judgment|p2a: Yveltal
|-damage|p2a: Yveltal|35/100
|
|-end|p1a: Arceus|move: Taunt
|upkeep
|turn|16
|
|switch|p1a: Yveltal|Yveltal|18/100
|-ability|p1a: Yveltal|Dark Aura
|move|p2a: Yveltal|Oblivion Wing|p1a: Yveltal
|-damage|p1a: Yveltal|0 fnt
|-heal|p2a: Yveltal|50/100|[from] drain|[of] p1a: Yveltal
|faint|p1a: Yveltal
|
|upkeep
|
|switch|p1a: Rayquaza|Rayquaza|100/100
|-ability|p1a: Rayquaza|Air Lock
|turn|17
|
|detailschange|p1a: Rayquaza|Rayquaza-Mega
|-mega|p1a: Rayquaza|Rayquaza|
|-weather|DeltaStream|[from] ability: Delta Stream|[of] p1a: Rayquaza
|move|p1a: Rayquaza|Extreme Speed|p2a: Yveltal
|-damage|p2a: Yveltal|7/100
|-damage|p1a: Rayquaza|91/100|[from] item: Life Orb
|move|p2a: Yveltal|Dark Pulse|p1a: Rayquaza
|-damage|p1a: Rayquaza|39/100
|
|-weather|DeltaStream|[upkeep]
|upkeep
|turn|18
|
|move|p1a: Rayquaza|Extreme Speed|p2a: Yveltal
|-damage|p2a: Yveltal|0 fnt
|-damage|p1a: Rayquaza|29/100|[from] item: Life Orb
|faint|p2a: Yveltal
|
|-weather|DeltaStream|[upkeep]
|upkeep
|
|switch|p2a: Rayquaza|Rayquaza|100/100
|-damage|p2a: Rayquaza|76/100|[from] Stealth Rock
|-ability|p2a: Rayquaza|Air Lock
|turn|19
|
|detailschange|p2a: Rayquaza|Rayquaza-Mega
|-mega|p2a: Rayquaza|Rayquaza|
|move|p2a: Rayquaza|Extreme Speed|p1a: Rayquaza
|-damage|p1a: Rayquaza|0 fnt
|-damage|p2a: Rayquaza|66/100|[from] item: Life Orb
|faint|p1a: Rayquaza
|
|-weather|DeltaStream|[upkeep]
|upkeep
|
|switch|p1a: Necrozma|Necrozma-Dusk-Mane|100/100
|turn|20
|
|move|p2a: Rayquaza|V-create|p1a: Necrozma
|-supereffective|p1a: Necrozma
|-damage|p1a: Necrozma|0 fnt
|-unboost|p2a: Rayquaza|spe|1
|-unboost|p2a: Rayquaza|def|1
|-unboost|p2a: Rayquaza|spd|1
|-damage|p2a: Rayquaza|56/100|[from] item: Life Orb
|faint|p1a: Necrozma
|
|-weather|DeltaStream|[upkeep]
|upkeep
|-message|GigaBrainPlays forfeited.
|
|win|Hogwashimperial
|l|☆GigaBrainPlays
|l|☆Hogwashimperial
|raw|GigaBrainPlays's rating: 1556 &rarr; <strong>1532</strong><br />(-24 for losing)
|raw|Hogwashimperial's rating: 1490 &rarr; <strong>1514</strong><br />(+24 for winning)
