|j|☆ChaosChips
|j|☆Deiblack16
|t:|1667864561
|gametype|singles
|player|p1|ChaosChips|red|1556
|player|p2|Deiblack16|hilbert-masters|1780
|teamsize|p1|6
|teamsize|p2|6
|gen|8
|tier|[Gen 8] National Dex AG
|rated|
|rule|HP Percentage Mod: HP is shown in percentages
|rule|Endless Battle Clause: Forcing endless battles is banned
|clearpoke
|poke|p1|Gengar, M|
|poke|p1|Cinderace, M|
|poke|p1|Ditto|
|poke|p1|Zacian-*|
|poke|p1|Groudon|
|poke|p1|Yveltal|
|poke|p2|Zacian-*|
|poke|p2|Calyrex-Shadow|
|poke|p2|Groudon|
|poke|p2|Zygarde|
|poke|p2|Klefki, F|
|poke|p2|Yveltal|
|teampreview
|inactive|Battle timer is ON: inactive players will automatically lose when time's up. (requested by ChaosChips)
|inactive|Deiblack16 also wants the timer to be on.
|
|t:|1667864568
|start
|switch|p1a: Ground-Beef|Groudon|100/100
|switch|p2a: Zygarde|Zygarde|100/100
|detailschange|p1a: Ground-Beef|Groudon-Primal
|-primal|p1a: Ground-Beef
|-weather|DesolateLand|[from] ability: Desolate Land|[of] p1a: Ground-Beef
|turn|1
|
|t:|1667864575
|move|p2a: Zygarde|Glare|p1a: Ground-Beef
|-status|p1a: Ground-Beef|par
|move|p1a: Ground-Beef|Precipice Blades|p2a: Zygarde|[miss]
|-miss|p1a: Ground-Beef|p2a: Zygarde
|
|-weather|DesolateLand|[upkeep]
|upkeep
|turn|2
|
|t:|1667864579
|move|p2a: Zygarde|Dragon Dance|p2a: Zygarde
|-boost|p2a: Zygarde|atk|1
|-boost|p2a: Zygarde|spe|1
|cant|p1a: Ground-Beef|par
|
|-weather|DesolateLand|[upkeep]
|upkeep
|turn|3
|
|t:|1667864583
|move|p2a: Zygarde|Dragon Dance|p2a: Zygarde
|-boost|p2a: Zygarde|atk|1
|-boost|p2a: Zygarde|spe|1
|move|p1a: Ground-Beef|Precipice Blades|p2a: Zygarde
|-damage|p2a: Zygarde|34/100
|
|-weather|DesolateLand|[upkeep]
|-activate|p2a: Zygarde|ability: Power Construct
|detailschange|p2a: Zygarde|Zygarde-Complete
|-heal|p2a: Zygarde|59/100|[silent]
|upkeep
|turn|4
|
|t:|1667864589
|move|p2a: Zygarde|Thousand Arrows|p1a: Ground-Beef
|-supereffective|p1a: Ground-Beef
|-damage|p1a: Ground-Beef|0 fnt
|faint|p1a: Ground-Beef
|-weather|none
|
|upkeep
|
|t:|1667864593
|switch|p1a: Ditto|Ditto, shiny|100/100
|-transform|p1a: Ditto|p2a: Zygarde|[from] ability: Imposter
|turn|5
|
|t:|1667864600
|-start|p2a: Zygarde|Dynamax|
|-heal|p2a: Zygarde|59/100|[silent]
|move|p1a: Ditto|Thousand Arrows|p2a: Zygarde
|-damage|p2a: Zygarde|38/100
|move|p2a: Zygarde|Max Quake|p1a: Ditto
|-damage|p1a: Ditto|0 fnt
|-boost|p2a: Zygarde|spd|1
|faint|p1a: Ditto
|
|upkeep
|-message|ChaosChips forfeited.
|
|win|Deiblack16
|raw|ChaosChips's rating: 1556 &rarr; <strong>1547</strong><br />(-9 for losing)
|raw|Deiblack16's rating: 1780 &rarr; <strong>1789</strong><br />(+9 for winning)
|l|☆ChaosChips
||Ladder isn't responding, score probably updated but might not have (Request timeout).
