|j|☆amnael01
|j|☆Leafstorm121❤
|t:|1597766839
|player|p1|amnael01|1|1674
|player|p2|Leafstorm121❤|sina|1764
|teamsize|p1|6
|teamsize|p2|6
|gametype|singles
|gen|8
|tier|[Gen 8] National Dex AG
|rated|
|clearpoke
|poke|p1|Smeargle, M|
|poke|p1|Espeon, M|
|poke|p1|Zacian-Crowned|
|poke|p1|Rayquaza|
|poke|p1|Groudon|
|poke|p1|Xerneas|
|poke|p2|Giratina|
|poke|p2|Quagsire, M|
|poke|p2|Chansey, F|
|poke|p2|Arceus-*|
|poke|p2|Lugia|
|poke|p2|Sableye, M|
|rule|HP Percentage Mod: HP is shown in percentages
|rule|Endless Battle Clause: Forcing endless battles is banned
|teampreview
|
|t:|1597766855
|start
|switch|p1a: Groudon|Groudon|100/100
|switch|p2a: Sableye|Sableye, M|100/100
|detailschange|p1a: Groudon|Groudon-Primal
|-primal|p1a: Groudon
|-weather|DesolateLand|[from] ability: Desolate Land|[of] p1a: Groudon
|turn|1
|
|t:|1597766860
|detailschange|p2a: Sableye|Sableye-Mega, M
|-mega|p2a: Sableye|Sableye|Sablenite
|move|p2a: Sableye|Fake Out|p1a: Groudon
|-damage|p1a: Groudon|95/100
|cant|p1a: Groudon|flinch
|
|-weather|DesolateLand|[upkeep]
|upkeep
|turn|2
|
|t:|1597766864
|switch|p2a: Giratina|Giratina|100/100
|-ability|p2a: Giratina|Pressure
|move|p1a: Groudon|Fire Punch|p2a: Giratina
|-resisted|p2a: Giratina
|-damage|p2a: Giratina|85/100
|
|-weather|DesolateLand|[upkeep]
|-heal|p2a: Giratina|91/100|[from] item: Leftovers
|upkeep
|turn|3
|
|t:|1597766868
|move|p1a: Groudon|Stealth Rock|p2a: Giratina
|-sidestart|p2: Leafstorm121❤|move: Stealth Rock
|move|p2a: Giratina|Toxic|p1a: Groudon
|-status|p1a: Groudon|tox
|
|-weather|DesolateLand|[upkeep]
|-heal|p2a: Giratina|97/100|[from] item: Leftovers
|-damage|p1a: Groudon|89/100 tox|[from] psn
|upkeep
|turn|4
|
|t:|1597766872
|-weather|none
|switch|p1a: Smeargle|Smeargle, M|100/100
|move|p2a: Giratina|Defog|p1a: Smeargle
|-unboost|p1a: Smeargle|evasion|1
|-sideend|p2: Leafstorm121❤|Stealth Rock|[from] move: Defog|[of] p2a: Giratina
|
|-heal|p2a: Giratina|100/100|[from] item: Leftovers
|-ability|p1a: Smeargle|Moody|boost
|-boost|p1a: Smeargle|spd|2
|-unboost|p1a: Smeargle|spe|1
|upkeep
|turn|5
|
|t:|1597766878
|switch|p2a: Quagsire|Quagsire, M|100/100
|move|p1a: Smeargle|Shift Gear|p1a: Smeargle
|-boost|p1a: Smeargle|spe|2
|-boost|p1a: Smeargle|atk|1
|
|-ability|p1a: Smeargle|Moody|boost
|-boost|p1a: Smeargle|spa|2
|-unboost|p1a: Smeargle|spd|1
|upkeep
|turn|6
|
|t:|1597766887
|move|p1a: Smeargle|Baton Pass|p1a: Smeargle
|
|t:|1597766888
|switch|p1a: Espeon|Espeon, M|100/100|[from]move: Baton Pass
|move|p2a: Quagsire|Haze|p2a: Quagsire
|-clearallboost
|
|upkeep
|turn|7
|
|t:|1597766901
|switch|p2a: Arceus|Arceus-Fairy|100/100
|move|p1a: Espeon|Grass Knot|p2a: Arceus
|-damage|p2a: Arceus|78/100
|
|upkeep
|turn|8
|
|t:|1597766907
|switch|p1a: Groudon|Groudon-Primal|89/100 tox
|-weather|DesolateLand|[from] ability: Desolate Land|[of] p1a: Groudon
|move|p2a: Arceus|Judgment|p1a: Groudon
|-resisted|p1a: Groudon
|-damage|p1a: Groudon|62/100 tox
|
|-weather|DesolateLand|[upkeep]
|-damage|p1a: Groudon|56/100 tox|[from] psn
|upkeep
|turn|9
|
|t:|1597766913
|switch|p2a: Giratina|Giratina|100/100
|-ability|p2a: Giratina|Pressure
|move|p1a: Groudon|Earthquake|p2a: Giratina
|-damage|p2a: Giratina|70/100
|
|-weather|DesolateLand|[upkeep]
|-heal|p2a: Giratina|76/100|[from] item: Leftovers
|-damage|p1a: Groudon|43/100 tox|[from] psn
|upkeep
|turn|10
|
|t:|1597766929
|-weather|none
|switch|p1a: Smeargle|Smeargle, M|100/100
|move|p2a: Giratina|Defog|p1a: Smeargle
|-unboost|p1a: Smeargle|evasion|1
|
|-heal|p2a: Giratina|82/100|[from] item: Leftovers
|-ability|p1a: Smeargle|Moody|boost
|-boost|p1a: Smeargle|spe|2
|-unboost|p1a: Smeargle|spd|1
|upkeep
|turn|11
|
|t:|1597766940
|switch|p2a: Quagsire|Quagsire, M|100/100
|move|p1a: Smeargle|Shift Gear|p1a: Smeargle
|-boost|p1a: Smeargle|spe|2
|-boost|p1a: Smeargle|atk|1
|
|-ability|p1a: Smeargle|Moody|boost
|-boost|p1a: Smeargle|atk|2
|-unboost|p1a: Smeargle|spd|1
|upkeep
|turn|12
|
|t:|1597766967
|move|p1a: Smeargle|Baton Pass|p1a: Smeargle
|
|t:|1597766969
|switch|p1a: Xerneas|Xerneas|100/100|[from]move: Baton Pass
|-ability|p1a: Xerneas|Fairy Aura
|move|p2a: Quagsire|Haze|p2a: Quagsire
|-clearallboost
|
|upkeep
|turn|13
|
|t:|1597766972
|switch|p2a: Chansey|Chansey, F|100/100
|move|p1a: Xerneas|Grass Knot|p2a: Chansey
|-damage|p2a: Chansey|95/100
|
|upkeep
|turn|14
|
|t:|1597766979
|switch|p1a: Smeargle|Smeargle, M|100/100
|move|p2a: Chansey|Seismic Toss|p1a: Smeargle
|-damage|p1a: Smeargle|69/100
|
|-ability|p1a: Smeargle|Moody|boost
|-boost|p1a: Smeargle|spd|2
|-unboost|p1a: Smeargle|def|1
|upkeep
|turn|15
|
|t:|1597766984
|switch|p2a: Quagsire|Quagsire, M|100/100
|move|p1a: Smeargle|Shift Gear|p1a: Smeargle
|-boost|p1a: Smeargle|spe|2
|-boost|p1a: Smeargle|atk|1
|
|-ability|p1a: Smeargle|Moody|boost
|-boost|p1a: Smeargle|atk|2
|-unboost|p1a: Smeargle|def|1
|upkeep
|turn|16
|
|t:|1597766999
|move|p1a: Smeargle|Baton Pass|p1a: Smeargle
|
|t:|1597767001
|switch|p1a: Xerneas|Xerneas|100/100|[from]move: Baton Pass
|-ability|p1a: Xerneas|Fairy Aura
|move|p2a: Quagsire|Haze|p2a: Quagsire
|-clearallboost
|
|upkeep
|turn|17
|
|t:|1597767004
|switch|p2a: Chansey|Chansey, F|95/100
|move|p1a: Xerneas|Geomancy||[still]
|-prepare|p1a: Xerneas|Geomancy
|-enditem|p1a: Xerneas|Power Herb
|-anim|p1a: Xerneas|Geomancy|p1a: Xerneas
|-boost|p1a: Xerneas|spa|2
|-boost|p1a: Xerneas|spd|2
|-boost|p1a: Xerneas|spe|2
|
|upkeep
|turn|18
|
|t:|1597767008
|-start|p1a: Xerneas|Dynamax
|-heal|p1a: Xerneas|100/100|[silent]
|move|p1a: Xerneas|Max Starfall|p2a: Chansey
|-damage|p2a: Chansey|45/100
|-fieldstart|move: Misty Terrain
|move|p2a: Chansey|Confide|p1a: Xerneas
|-unboost|p1a: Xerneas|spa|1
|
|upkeep
|turn|19
|
|t:|1597767011
|move|p1a: Xerneas|Max Starfall|p2a: Chansey
|-damage|p2a: Chansey|7/100
|move|p2a: Chansey|Soft-Boiled|p2a: Chansey
|-heal|p2a: Chansey|57/100
|
|upkeep
|turn|20
|
|t:|1597767015
|move|p1a: Xerneas|Max Starfall|p2a: Chansey
|-damage|p2a: Chansey|19/100
|move|p2a: Chansey|Soft-Boiled|p2a: Chansey
|-heal|p2a: Chansey|69/100
|
|-end|p1a: Xerneas|Dynamax
|-heal|p1a: Xerneas|100/100|[silent]
|upkeep
|turn|21
|
|t:|1597767018
|move|p1a: Xerneas|Geomancy||[still]
|-prepare|p1a: Xerneas|Geomancy
|move|p2a: Chansey|Soft-Boiled|p2a: Chansey
|-heal|p2a: Chansey|100/100
|
|upkeep
|turn|22
|
|t:|1597767020
|move|p1a: Xerneas|Geomancy|p1a: Xerneas|[from]lockedmove
|-boost|p1a: Xerneas|spa|2
|-boost|p1a: Xerneas|spd|2
|-boost|p1a: Xerneas|spe|2
|move|p2a: Chansey|Confide|p1a: Xerneas
|-unboost|p1a: Xerneas|spa|1
|
|-fieldend|Misty Terrain
|upkeep
|turn|23
|
|t:|1597767026
|move|p1a: Xerneas|Moonblast|p2a: Chansey
|-damage|p2a: Chansey|64/100
|-unboost|p2a: Chansey|spa|1
|move|p2a: Chansey|Confide|p1a: Xerneas
|-unboost|p1a: Xerneas|spa|1
|
|upkeep
|turn|24
|
|t:|1597767032
|move|p1a: Xerneas|Moonblast|p2a: Chansey
|-damage|p2a: Chansey|39/100
|move|p2a: Chansey|Soft-Boiled|p2a: Chansey
|-heal|p2a: Chansey|89/100
|
|upkeep
|turn|25
|
|t:|1597767034
|move|p1a: Xerneas|Moonblast|p2a: Chansey
|-damage|p2a: Chansey|60/100
|-unboost|p2a: Chansey|spa|1
|move|p2a: Chansey|Confide|p1a: Xerneas
|-unboost|p1a: Xerneas|spa|1
|
|upkeep
|turn|26
|
|t:|1597767038
|switch|p1a: Smeargle|Smeargle, M|69/100
|move|p2a: Chansey|Soft-Boiled|p2a: Chansey
|-heal|p2a: Chansey|100/100
|
|-ability|p1a: Smeargle|Moody|boost
|-boost|p1a: Smeargle|spe|2
|-unboost|p1a: Smeargle|spd|1
|upkeep
|turn|27
|
|t:|1597767041
|switch|p2a: Quagsire|Quagsire, M|100/100
|move|p1a: Smeargle|Baton Pass|p1a: Smeargle
|
|t:|1597767044
|switch|p1a: Espeon|Espeon, M|100/100|[from]move: Baton Pass
|
|upkeep
|turn|28
|
|t:|1597767047
|switch|p2a: Chansey|Chansey, F|100/100
|move|p1a: Espeon|Grass Knot|p2a: Chansey
|-damage|p2a: Chansey|95/100
|
|upkeep
|turn|29
|
|t:|1597767051
|switch|p1a: Smeargle|Smeargle, M|69/100
|move|p2a: Chansey|Seismic Toss|p1a: Smeargle
|-damage|p1a: Smeargle|37/100
|
|-ability|p1a: Smeargle|Moody|boost
|-boost|p1a: Smeargle|spd|2
|-unboost|p1a: Smeargle|spa|1
|upkeep
|turn|30
|
|t:|1597767056
|switch|p2a: Quagsire|Quagsire, M|100/100
|move|p1a: Smeargle|Shift Gear|p1a: Smeargle
|-boost|p1a: Smeargle|spe|2
|-boost|p1a: Smeargle|atk|1
|
|-ability|p1a: Smeargle|Moody|boost
|-boost|p1a: Smeargle|spa|2
|-unboost|p1a: Smeargle|atk|1
|upkeep
|turn|31
|
|t:|1597767060
|move|p1a: Smeargle|Shift Gear|p1a: Smeargle
|-boost|p1a: Smeargle|spe|2
|-boost|p1a: Smeargle|atk|1
|move|p2a: Quagsire|Haze|p2a: Quagsire
|-clearallboost
|
|-ability|p1a: Smeargle|Moody|boost
|-boost|p1a: Smeargle|spe|2
|-unboost|p1a: Smeargle|atk|1
|upkeep
|turn|32
|
|t:|1597767064
|move|p1a: Smeargle|Shift Gear|p1a: Smeargle
|-boost|p1a: Smeargle|spe|2
|-boost|p1a: Smeargle|atk|1
|move|p2a: Quagsire|Earthquake|p1a: Smeargle
|-damage|p1a: Smeargle|0 fnt
|faint|p1a: Smeargle
|
|upkeep
|-message|amnael01 forfeited.
|
|win|Leafstorm121❤
|l|☆amnael01
|raw|amnael01's rating: 1693 &rarr; <strong>1677</strong><br />(-16 for losing)
|raw|Leafstorm121❤'s rating: 1765 &rarr; <strong>1781</strong><br />(+16 for winning)
