|j|☆iHaveAsthma
|j|☆Adil
|t:|1665354470
|gametype|singles
|player|p1|iHaveAsthma|doctor|1854
|player|p2|Adil|169|1882
|teamsize|p1|6
|teamsize|p2|6
|gen|8
|tier|[Gen 8] National Dex AG
|rated|
|rule|HP Percentage Mod: HP is shown in percentages
|rule|Endless Battle Clause: Forcing endless battles is banned
|clearpoke
|poke|p1|Rayquaza|
|poke|p1|Groudon|
|poke|p1|Arceus-*|
|poke|p1|Lugia|
|poke|p1|Arceus-*|
|poke|p1|Tyranitar, M|
|poke|p2|Zacian-*|
|poke|p2|Calyrex-Shadow|
|poke|p2|Zygarde|
|poke|p2|Tyranitar, M|
|poke|p2|Rayquaza|
|poke|p2|Necrozma-Dusk-Mane|
|teampreview
|inactive|Battle timer is ON: inactive players will automatically lose when time's up. (requested by iHaveAsthma)
|
|t:|1665354478
|start
|switch|p1a: Groudon|Groudon|100/100
|switch|p2a: Rayquaza|Rayquaza|100/100
|-ability|p2a: Rayquaza|Air Lock
|detailschange|p1a: Groudon|Groudon-Primal
|-primal|p1a: Groudon
|-weather|DesolateLand|[from] ability: Desolate Land|[of] p1a: Groudon
|turn|1
|inactive|iHaveAsthma has 120 seconds left.
|
|t:|1665354515
|-weather|none
|switch|p1a: Lugia|Lugia|100/100
|detailschange|p2a: Rayquaza|Rayquaza-Mega
|-mega|p2a: Rayquaza|Rayquaza|
|-weather|DeltaStream|[from] ability: Delta Stream|[of] p2a: Rayquaza
|move|p2a: Rayquaza|Draco Meteor|p1a: Lugia|[miss]
|-miss|p2a: Rayquaza|p1a: Lugia
|
|-weather|DeltaStream|[upkeep]
|upkeep
|turn|2
|j| PSaddict123
|c| PSaddict123|PLEASE WEAR A MASK
|
|t:|1665354534
|-weather|none
|switch|p2a: Tyranitar|Tyranitar, M|100/100
|-weather|Sandstorm|[from] ability: Sand Stream|[of] p2a: Tyranitar
|move|p1a: Lugia|Thunder Wave|p2a: Tyranitar
|-status|p2a: Tyranitar|par
|
|-weather|Sandstorm|[upkeep]
|-damage|p1a: Lugia|94/100|[from] Sandstorm
|upkeep
|turn|3
|inactive|iHaveAsthma has 120 seconds left.
|
|t:|1665354559
|switch|p1a: Groudon|Groudon-Primal|100/100
|-weather|DesolateLand|[from] ability: Desolate Land|[of] p1a: Groudon
|switch|p2a: Zygarde|Zygarde|100/100
|
|-weather|DesolateLand|[upkeep]
|upkeep
|turn|4
|
|t:|1665354561
|move|p1a: Groudon|Toxic|p2a: Zygarde
|-status|p2a: Zygarde|tox
|move|p2a: Zygarde|Substitute|p2a: Zygarde
|-start|p2a: Zygarde|Substitute
|-damage|p2a: Zygarde|76/100 tox
|
|-weather|DesolateLand|[upkeep]
|-heal|p2a: Zygarde|82/100 tox|[from] item: Leftovers
|-damage|p2a: Zygarde|76/100 tox|[from] psn
|upkeep
|turn|5
|
|t:|1665354564
|move|p1a: Groudon|Earth Power|p2a: Zygarde
|-end|p2a: Zygarde|Substitute
|move|p2a: Zygarde|Glare|p1a: Groudon
|-status|p1a: Groudon|par
|
|-weather|DesolateLand|[upkeep]
|-heal|p2a: Zygarde|82/100 tox|[from] item: Leftovers
|-damage|p2a: Zygarde|69/100 tox|[from] psn
|upkeep
|turn|6
|
|t:|1665354568
|move|p2a: Zygarde|Thousand Arrows|p1a: Groudon
|-supereffective|p1a: Groudon
|-damage|p1a: Groudon|61/100 par
|move|p1a: Groudon|Earth Power|p2a: Zygarde
|-damage|p2a: Zygarde|25/100 tox
|
|-weather|DesolateLand|[upkeep]
|-heal|p2a: Zygarde|32/100 tox|[from] item: Leftovers
|-damage|p2a: Zygarde|13/100 tox|[from] psn
|-activate|p2a: Zygarde|ability: Power Construct
|detailschange|p2a: Zygarde|Zygarde-Complete
|-heal|p2a: Zygarde|43/100 tox|[silent]
|upkeep
|turn|7
|
|t:|1665354573
|switch|p2a: Rayquaza|Rayquaza-Mega|100/100
|-weather|DeltaStream|[from] ability: Delta Stream|[of] p2a: Rayquaza
|move|p1a: Groudon|Stealth Rock|p2a: Rayquaza
|-sidestart|p2: Adil|move: Stealth Rock
|
|-weather|DeltaStream|[upkeep]
|upkeep
|turn|8
|
|t:|1665354577
|move|p2a: Rayquaza|Draco Meteor|p1a: Groudon
|-damage|p1a: Groudon|0 fnt
|-unboost|p2a: Rayquaza|spa|2
|faint|p1a: Groudon
|
|-weather|DeltaStream|[upkeep]
|upkeep
|
|t:|1665354582
|switch|p1a: Rayquaza|Rayquaza|100/100
|-ability|p1a: Rayquaza|Air Lock
|turn|9
|
|t:|1665354585
|detailschange|p1a: Rayquaza|Rayquaza-Mega
|-mega|p1a: Rayquaza|Rayquaza|
|move|p1a: Rayquaza|Scale Shot|p2a: Rayquaza|[miss]
|-miss|p1a: Rayquaza|p2a: Rayquaza
|move|p2a: Rayquaza|Dragon Ascent|p1a: Rayquaza
|-damage|p1a: Rayquaza|18/100
|-unboost|p2a: Rayquaza|def|1
|-unboost|p2a: Rayquaza|spd|1
|
|-weather|DeltaStream|[upkeep]
|upkeep
|turn|10
|
|t:|1665354593
|move|p2a: Rayquaza|Extreme Speed|p1a: Rayquaza
|-damage|p1a: Rayquaza|0 fnt
|faint|p1a: Rayquaza
|
|-weather|DeltaStream|[upkeep]
|upkeep
|
|t:|1665354597
|switch|p1a: Tyranitar|Tyranitar, M|100/100
|-ability|p1a: Tyranitar|Sand Stream|[from] deltastream|[fail]
|turn|11
|
|t:|1665354602
|-weather|none
|switch|p2a: Zacian|Zacian-Crowned|100/100
|-damage|p2a: Zacian|94/100|[from] Stealth Rock
|-ability|p2a: Zacian|Intrepid Sword|boost
|-boost|p2a: Zacian|atk|1
|switch|p1a: Lugia|Lugia|94/100
|
|upkeep
|turn|12
|
|t:|1665354607
|switch|p2a: Tyranitar|Tyranitar, M|100/100 par
|-damage|p2a: Tyranitar|88/100 par|[from] Stealth Rock
|-weather|Sandstorm|[from] ability: Sand Stream|[of] p2a: Tyranitar
|move|p1a: Lugia|Thunder Wave|p2a: Tyranitar
|-fail|p2a: Tyranitar|par
|
|-weather|Sandstorm|[upkeep]
|-damage|p1a: Lugia|88/100|[from] Sandstorm
|upkeep
|turn|13
|
|t:|1665354613
|switch|p1a: Arceus|Arceus-Ground|100/100
|cant|p2a: Tyranitar|par
|
|-weather|Sandstorm|[upkeep]
|upkeep
|turn|14
|
|t:|1665354621
|switch|p2a: Rayquaza|Rayquaza-Mega|100/100
|-damage|p2a: Rayquaza|76/100|[from] Stealth Rock
|-weather|DeltaStream|[from] ability: Delta Stream|[of] p2a: Rayquaza
|move|p1a: Arceus|Calm Mind|p1a: Arceus
|-boost|p1a: Arceus|spa|1
|-boost|p1a: Arceus|spd|1
|
|-weather|DeltaStream|[upkeep]
|upkeep
|turn|15
|
|t:|1665354624
|move|p2a: Rayquaza|Dragon Ascent|p1a: Arceus
|-damage|p1a: Arceus|57/100
|-unboost|p2a: Rayquaza|def|1
|-unboost|p2a: Rayquaza|spd|1
|move|p1a: Arceus|Ice Beam|p2a: Rayquaza
|-activate||deltastream
|-supereffective|p2a: Rayquaza
|-damage|p2a: Rayquaza|0 fnt
|faint|p2a: Rayquaza
|-weather|none
|
|upkeep
|
|t:|1665354630
|switch|p2a: Zacian|Zacian-Crowned|94/100
|-damage|p2a: Zacian|88/100|[from] Stealth Rock
|-ability|p2a: Zacian|Intrepid Sword|boost
|-boost|p2a: Zacian|atk|1
|turn|16
|
|t:|1665354636
|move|p2a: Zacian|Behemoth Blade|p1a: Arceus
|-damage|p1a: Arceus|3/100
|move|p1a: Arceus|Judgment|p2a: Zacian
|-supereffective|p2a: Zacian
|-damage|p2a: Zacian|0 fnt
|faint|p2a: Zacian
|
|upkeep
|
|t:|1665354641
|switch|p2a: Calyrex|Calyrex-Shadow|100/100
|-ability|p2a: Calyrex|As One
|-ability|p2a: Calyrex|Unnerve
|-damage|p2a: Calyrex|88/100|[from] Stealth Rock
|turn|17
|
|t:|1665354647
|switch|p1a: Tyranitar|Tyranitar, M|100/100
|-weather|Sandstorm|[from] ability: Sand Stream|[of] p1a: Tyranitar
|move|p2a: Calyrex|Trick|p1a: Tyranitar
|-activate|p2a: Calyrex|move: Trick|[of] p1a: Tyranitar
|-item|p1a: Tyranitar|Choice Scarf|[from] move: Trick
|-item|p2a: Calyrex|Leftovers|[from] move: Trick
|
|-weather|Sandstorm|[upkeep]
|-damage|p2a: Calyrex|82/100|[from] Sandstorm
|-heal|p2a: Calyrex|88/100|[from] item: Leftovers
|upkeep
|turn|18
|
|t:|1665354651
|move|p2a: Calyrex|Baton Pass|p2a: Calyrex
|
|t:|1665354656
|switch|p2a: Necrozma|Necrozma-Dusk-Mane|100/100|[from]move: Baton Pass
|-damage|p2a: Necrozma|94/100|[from] Stealth Rock
|move|p1a: Tyranitar|Pursuit|p2a: Necrozma
|-supereffective|p2a: Necrozma
|-damage|p2a: Necrozma|79/100
|-damage|p1a: Tyranitar|84/100|[from] item: Rocky Helmet|[of] p2a: Necrozma
|
|-weather|Sandstorm|[upkeep]
|upkeep
|turn|19
|
|t:|1665354661
|switch|p1a: Lugia|Lugia|88/100
|move|p2a: Necrozma|Earthquake|p1a: Lugia
|-immune|p1a: Lugia
|
|-weather|Sandstorm|[upkeep]
|-damage|p1a: Lugia|82/100|[from] Sandstorm
|upkeep
|turn|20
|
|t:|1665354663
|move|p1a: Lugia|Thunder Wave|p2a: Necrozma
|-status|p2a: Necrozma|par
|move|p2a: Necrozma|Stealth Rock|p1a: Lugia
|-sidestart|p1: iHaveAsthma|move: Stealth Rock
|
|-weather|Sandstorm|[upkeep]
|-damage|p1a: Lugia|75/100|[from] Sandstorm
|upkeep
|turn|21
|
|t:|1665354671
|move|p1a: Lugia|Roost|p1a: Lugia
|-heal|p1a: Lugia|100/100
|-singleturn|p1a: Lugia|move: Roost
|move|p2a: Necrozma|Sunsteel Strike|p1a: Lugia
|-crit|p1a: Lugia
|-damage|p1a: Lugia|61/100
|
|-weather|none
|upkeep
|turn|22
|
|t:|1665354677
|switch|p2a: Tyranitar|Tyranitar, M|88/100 par
|-damage|p2a: Tyranitar|76/100 par|[from] Stealth Rock
|-weather|Sandstorm|[from] ability: Sand Stream|[of] p2a: Tyranitar
|move|p1a: Lugia|Roost|p1a: Lugia
|-heal|p1a: Lugia|100/100
|-singleturn|p1a: Lugia|move: Roost
|
|-weather|Sandstorm|[upkeep]
|-damage|p1a: Lugia|94/100|[from] Sandstorm
|upkeep
|turn|23
|
|t:|1665354686
|move|p1a: Lugia|Defog|p2a: Tyranitar
|-unboost|p2a: Tyranitar|evasion|1
|-sideend|p2: Adil|Stealth Rock|[from] move: Defog|[of] p1a: Lugia
|-sideend|p1: iHaveAsthma|Stealth Rock|[from] move: Defog|[of] p1a: Lugia
|move|p2a: Tyranitar|Rock Blast|p1a: Lugia
|-supereffective|p1a: Lugia
|-damage|p1a: Lugia|83/100
|-supereffective|p1a: Lugia
|-damage|p1a: Lugia|71/100
|-hitcount|p1a: Lugia|2
|
|-weather|Sandstorm|[upkeep]
|-damage|p1a: Lugia|65/100|[from] Sandstorm
|upkeep
|turn|24
|
|t:|1665354698
|switch|p2a: Calyrex|Calyrex-Shadow|88/100
|-ability|p2a: Calyrex|As One
|-ability|p2a: Calyrex|Unnerve
|move|p1a: Lugia|Thunder Wave|p2a: Calyrex
|-status|p2a: Calyrex|par
|
|-weather|Sandstorm|[upkeep]
|-damage|p1a: Lugia|59/100|[from] Sandstorm
|-damage|p2a: Calyrex|82/100 par|[from] Sandstorm
|-heal|p2a: Calyrex|88/100 par|[from] item: Leftovers
|upkeep
|turn|25
|
|t:|1665354702
|move|p1a: Lugia|Roost|p1a: Lugia
|-heal|p1a: Lugia|100/100
|-singleturn|p1a: Lugia|move: Roost
|move|p2a: Calyrex|Astral Barrage|p1a: Lugia
|-supereffective|p1a: Lugia
|-damage|p1a: Lugia|63/100
|
|-weather|Sandstorm|[upkeep]
|-damage|p1a: Lugia|57/100|[from] Sandstorm
|-damage|p2a: Calyrex|82/100 par|[from] Sandstorm
|-heal|p2a: Calyrex|88/100 par|[from] item: Leftovers
|upkeep
|turn|26
|
|t:|1665354713
|switch|p2a: Tyranitar|Tyranitar, M|76/100 par
|move|p1a: Lugia|Roost|p1a: Lugia
|-heal|p1a: Lugia|100/100
|-singleturn|p1a: Lugia|move: Roost
|
|-weather|none
|upkeep
|turn|27
|
|t:|1665354721
|switch|p1a: Tyranitar|Tyranitar, M|84/100
|-weather|Sandstorm|[from] ability: Sand Stream|[of] p1a: Tyranitar
|move|p2a: Tyranitar|Rock Blast|p1a: Tyranitar
|-damage|p1a: Tyranitar|76/100
|-damage|p1a: Tyranitar|69/100
|-damage|p1a: Tyranitar|60/100
|-damage|p1a: Tyranitar|53/100
|-damage|p1a: Tyranitar|44/100
|-hitcount|p1a: Tyranitar|5
|
|-weather|Sandstorm|[upkeep]
|upkeep
|turn|28
|
|t:|1665354732
|switch|p2a: Necrozma|Necrozma-Dusk-Mane|79/100 par
|move|p1a: Tyranitar|Rock Tomb|p2a: Necrozma
|-resisted|p2a: Necrozma
|-damage|p2a: Necrozma|72/100 par
|-unboost|p2a: Necrozma|spe|1
|
|-weather|Sandstorm|[upkeep]
|upkeep
|turn|29
|
|t:|1665354735
|move|p1a: Tyranitar|Rock Tomb|p2a: Necrozma
|-resisted|p2a: Necrozma
|-damage|p2a: Necrozma|64/100 par
|-unboost|p2a: Necrozma|spe|1
|move|p2a: Necrozma|Stealth Rock|p1a: Tyranitar
|-sidestart|p1: iHaveAsthma|move: Stealth Rock
|
|-weather|Sandstorm|[upkeep]
|upkeep
|turn|30
|
|t:|1665354748
|switch|p1a: Lugia|Lugia|100/100
|cant|p2a: Necrozma|par
|
|-weather|Sandstorm|[upkeep]
|-damage|p1a: Lugia|94/100|[from] Sandstorm
|upkeep
|turn|31
|
|t:|1665354758
|move|p1a: Lugia|Defog|p2a: Necrozma
|-unboost|p2a: Necrozma|evasion|1
|-sideend|p1: iHaveAsthma|Stealth Rock|[from] move: Defog|[of] p1a: Lugia
|move|p2a: Necrozma|Sunsteel Strike|p1a: Lugia
|-damage|p1a: Lugia|67/100
|
|-weather|none
|upkeep
|turn|32
|
|t:|1665354767
|move|p1a: Lugia|Roost|p1a: Lugia
|-heal|p1a: Lugia|100/100
|-singleturn|p1a: Lugia|move: Roost
|move|p2a: Necrozma|Stealth Rock|p1a: Lugia
|-sidestart|p1: iHaveAsthma|move: Stealth Rock
|
|upkeep
|turn|33
|j|+Dragonillis
|
|t:|1665354792
|switch|p2a: Tyranitar|Tyranitar, M|76/100 par
|-weather|Sandstorm|[from] ability: Sand Stream|[of] p2a: Tyranitar
|move|p1a: Lugia|Defog|p2a: Tyranitar
|-unboost|p2a: Tyranitar|evasion|1
|-sideend|p1: iHaveAsthma|Stealth Rock|[from] move: Defog|[of] p1a: Lugia
|
|-weather|Sandstorm|[upkeep]
|-damage|p1a: Lugia|94/100|[from] Sandstorm
|upkeep
|turn|34
|
|t:|1665354797
|switch|p1a: Tyranitar|Tyranitar, M|44/100
|cant|p2a: Tyranitar|par
|
|-weather|Sandstorm|[upkeep]
|upkeep
|turn|35
|
|t:|1665354806
|move|p1a: Tyranitar|Earthquake|p2a: Tyranitar
|-supereffective|p2a: Tyranitar
|-damage|p2a: Tyranitar|24/100 par
|move|p2a: Tyranitar|Rock Blast|p1a: Tyranitar
|-damage|p1a: Tyranitar|37/100
|-damage|p1a: Tyranitar|29/100
|-damage|p1a: Tyranitar|21/100
|-damage|p1a: Tyranitar|12/100
|-hitcount|p1a: Tyranitar|4
|
|-weather|Sandstorm|[upkeep]
|upkeep
|turn|36
|
|t:|1665354819
|switch|p1a: Lugia|Lugia|94/100
|switch|p2a: Zygarde|Zygarde-Complete|43/100 tox
|
|-weather|Sandstorm|[upkeep]
|-damage|p1a: Lugia|88/100|[from] Sandstorm
|-heal|p2a: Zygarde|50/100 tox|[from] item: Leftovers
|-damage|p2a: Zygarde|43/100 tox|[from] psn
|upkeep
|turn|37
|
|t:|1665354825
|switch|p1a: Tyranitar|Tyranitar, M|12/100
|move|p2a: Zygarde|Glare|p1a: Tyranitar
|-status|p1a: Tyranitar|par
|
|-weather|none
|-heal|p2a: Zygarde|50/100 tox|[from] item: Leftovers
|-damage|p2a: Zygarde|37/100 tox|[from] psn
|upkeep
|turn|38
|
|t:|1665354832
|move|p2a: Zygarde|Substitute|p2a: Zygarde
|-start|p2a: Zygarde|Substitute
|-damage|p2a: Zygarde|12/100 tox
|cant|p1a: Tyranitar|par
|
|-heal|p2a: Zygarde|18/100 tox|[from] item: Leftovers
|-damage|p2a: Zygarde|0 fnt|[from] psn
|faint|p2a: Zygarde
|upkeep
|
|t:|1665354843
|switch|p2a: Calyrex|Calyrex-Shadow|88/100 par
|-ability|p2a: Calyrex|As One
|-ability|p2a: Calyrex|Unnerve
|turn|39
|
|t:|1665354846
|move|p2a: Calyrex|Astral Barrage|p1a: Tyranitar
|-resisted|p1a: Tyranitar
|-damage|p1a: Tyranitar|0 fnt
|faint|p1a: Tyranitar
|-ability|p2a: Calyrex|Grim Neigh|boost
|-boost|p2a: Calyrex|spa|1
|
|-heal|p2a: Calyrex|94/100 par|[from] item: Leftovers
|upkeep
|
|t:|1665354849
|switch|p1a: Arceus|Arceus-Flying|100/100
|turn|40
|
|t:|1665354856
|-start|p1a: Arceus|Dynamax|
|-heal|p1a: Arceus|100/100|[silent]
|-start|p2a: Calyrex|Dynamax|
|-heal|p2a: Calyrex|94/100 par|[silent]
|move|p1a: Arceus|Max Airstream|p2a: Calyrex
|-damage|p2a: Calyrex|45/100 par
|-boost|p1a: Arceus|spe|1
|move|p2a: Calyrex|Max Phantasm|p1a: Arceus
|-damage|p1a: Arceus|57/100
|-unboost|p1a: Arceus|def|1
|
|-heal|p2a: Calyrex|48/100 par|[from] item: Leftovers
|upkeep
|turn|41
|
|t:|1665354861
|cant|p2a: Calyrex|par
|move|p1a: Arceus|Max Quake|p2a: Calyrex
|-damage|p2a: Calyrex|22/100 par
|-boost|p1a: Arceus|spd|1
|
|-heal|p2a: Calyrex|25/100 par|[from] item: Leftovers
|upkeep
|turn|42
|
|t:|1665354876
|-end|p2a: Calyrex|Dynamax
|-heal|p2a: Calyrex|25/100 par|[silent]
|switch|p2a: Tyranitar|Tyranitar, M|24/100 par
|-weather|Sandstorm|[from] ability: Sand Stream|[of] p2a: Tyranitar
|move|p1a: Arceus|Max Quake|p2a: Tyranitar
|-supereffective|p2a: Tyranitar
|-damage|p2a: Tyranitar|0 fnt
|-boost|p1a: Arceus|spd|1
|faint|p2a: Tyranitar
|
|-weather|Sandstorm|[upkeep]
|-damage|p1a: Arceus|53/100|[from] Sandstorm
|upkeep
|
|t:|1665354883
|switch|p2a: Calyrex|Calyrex-Shadow|25/100 par
|-ability|p2a: Calyrex|As One
|-ability|p2a: Calyrex|Unnerve
|-end|p1a: Arceus|Dynamax
|-heal|p1a: Arceus|54/100|[silent]
|turn|43
|c|☆iHaveAsthma|gg wp
|
|t:|1665354887
|move|p1a: Arceus|Swords Dance|p1a: Arceus
|-boost|p1a: Arceus|atk|2
|move|p2a: Calyrex|Psyshock|p1a: Arceus
|-damage|p1a: Arceus|4/100
|
|-weather|Sandstorm|[upkeep]
|-damage|p1a: Arceus|0 fnt|[from] Sandstorm
|-damage|p2a: Calyrex|19/100 par|[from] Sandstorm
|faint|p1a: Arceus
|-heal|p2a: Calyrex|25/100 par|[from] item: Leftovers
|upkeep
|
|t:|1665354891
|switch|p1a: Arceus|Arceus-Ground|3/100
|turn|44
|
|t:|1665354916
|move|p1a: Arceus|Judgment|p2a: Calyrex
|-crit|p2a: Calyrex
|-damage|p2a: Calyrex|0 fnt
|faint|p2a: Calyrex
|
|-weather|Sandstorm|[upkeep]
|upkeep
|
|t:|1665354918
|switch|p2a: Necrozma|Necrozma-Dusk-Mane|64/100 par
|turn|45
|
|t:|1665354922
|move|p1a: Arceus|Judgment|p2a: Necrozma
|-supereffective|p2a: Necrozma
|-damage|p2a: Necrozma|11/100 par
|move|p2a: Necrozma|Sunsteel Strike|p1a: Arceus
|-damage|p1a: Arceus|0 fnt
|faint|p1a: Arceus
|
|-weather|Sandstorm|[upkeep]
|upkeep
|
|t:|1665354927
|switch|p1a: Lugia|Lugia|88/100
|turn|46
|
|t:|1665354930
|move|p1a: Lugia|Thunder Wave|p2a: Necrozma
|-fail|p2a: Necrozma|par
|move|p2a: Necrozma|Morning Sun|p2a: Necrozma
|-heal|p2a: Necrozma|36/100 par
|
|-weather|none
|upkeep
|turn|47
|
|t:|1665354937
|move|p1a: Lugia|Thunder Wave|p2a: Necrozma
|-fail|p2a: Necrozma|par
|move|p2a: Necrozma|Morning Sun|p2a: Necrozma
|-heal|p2a: Necrozma|85/100 par
|
|upkeep
|turn|48
|
|t:|1665354942
|move|p1a: Lugia|Thunder Wave|p2a: Necrozma|[miss]
|-miss|p1a: Lugia|p2a: Necrozma
|move|p2a: Necrozma|Stealth Rock|p1a: Lugia
|-sidestart|p1: iHaveAsthma|move: Stealth Rock
|
|upkeep
|turn|49
|c|☆iHaveAsthma|this
|c|☆iHaveAsthma|is
|c|☆iHaveAsthma|about to get
|c|☆iHaveAsthma|sooo boring
|c|☆iHaveAsthma|hahahaha
|
|t:|1665354957
|move|p1a: Lugia|Thunder Wave|p2a: Necrozma
|-fail|p2a: Necrozma|par
|move|p2a: Necrozma|Stealth Rock||[still]
|-fail|p2a: Necrozma
|
|upkeep
|turn|50
|
|t:|1665354965
|move|p1a: Lugia|Thunder Wave|p2a: Necrozma
|-fail|p2a: Necrozma|par
|move|p2a: Necrozma|Stealth Rock||[still]
|-fail|p2a: Necrozma
|
|upkeep
|turn|51
|
|t:|1665354970
|move|p2a: Necrozma|Stealth Rock||[still]
|-fail|p2a: Necrozma
|move|p1a: Lugia|Roar||[still]
|-fail|p1a: Lugia
|
|upkeep
|turn|52
|
|t:|1665354974
|move|p1a: Lugia|Defog|p2a: Necrozma
|-unboost|p2a: Necrozma|evasion|1
|-sideend|p1: iHaveAsthma|Stealth Rock|[from] move: Defog|[of] p1a: Lugia
|move|p2a: Necrozma|Stealth Rock|p1a: Lugia
|-sidestart|p1: iHaveAsthma|move: Stealth Rock
|
|upkeep
|turn|53
|
|t:|1665354978
|move|p1a: Lugia|Thunder Wave|p2a: Necrozma
|-fail|p2a: Necrozma|par
|move|p2a: Necrozma|Stealth Rock||[still]
|-fail|p2a: Necrozma
|
|upkeep
|turn|54
|
|t:|1665354982
|move|p1a: Lugia|Thunder Wave|p2a: Necrozma
|-fail|p2a: Necrozma|par
|move|p2a: Necrozma|Stealth Rock||[still]
|-fail|p2a: Necrozma
|
|upkeep
|turn|55
|
|t:|1665354996
|move|p1a: Lugia|Thunder Wave|p2a: Necrozma
|-fail|p2a: Necrozma|par
|move|p2a: Necrozma|Stealth Rock||[still]
|-fail|p2a: Necrozma
|
|upkeep
|turn|56
|
|t:|1665355001
|move|p1a: Lugia|Thunder Wave|p2a: Necrozma
|-fail|p2a: Necrozma|par
|move|p2a: Necrozma|Stealth Rock||[still]
|-fail|p2a: Necrozma
|
|upkeep
|turn|57
|
|t:|1665355004
|move|p1a: Lugia|Thunder Wave|p2a: Necrozma
|-fail|p2a: Necrozma|par
|move|p2a: Necrozma|Stealth Rock||[still]
|-fail|p2a: Necrozma
|
|upkeep
|turn|58
|
|t:|1665355007
|move|p1a: Lugia|Thunder Wave|p2a: Necrozma
|-fail|p2a: Necrozma|par
|move|p2a: Necrozma|Stealth Rock||[still]
|-fail|p2a: Necrozma
|
|upkeep
|turn|59
|
|t:|1665355009
|move|p1a: Lugia|Thunder Wave|p2a: Necrozma
|-fail|p2a: Necrozma|par
|move|p2a: Necrozma|Stealth Rock||[still]
|-fail|p2a: Necrozma
|
|upkeep
|turn|60
|
|t:|1665355014
|move|p1a: Lugia|Thunder Wave|p2a: Necrozma
|-fail|p2a: Necrozma|par
|cant|p2a: Necrozma|par
|
|upkeep
|turn|61
|
|t:|1665355016
|move|p1a: Lugia|Thunder Wave|p2a: Necrozma
|-fail|p2a: Necrozma|par
|move|p2a: Necrozma|Stealth Rock||[still]
|-fail|p2a: Necrozma
|
|upkeep
|turn|62
|
|t:|1665355020
|move|p1a: Lugia|Thunder Wave|p2a: Necrozma
|-fail|p2a: Necrozma|par
|move|p2a: Necrozma|Stealth Rock||[still]
|-fail|p2a: Necrozma
|
|upkeep
|turn|63
|
|t:|1665355022
|move|p1a: Lugia|Thunder Wave|p2a: Necrozma
|-fail|p2a: Necrozma|par
|move|p2a: Necrozma|Stealth Rock||[still]
|-fail|p2a: Necrozma
|
|upkeep
|turn|64
|
|t:|1665355024
|move|p1a: Lugia|Thunder Wave|p2a: Necrozma
|-fail|p2a: Necrozma|par
|move|p2a: Necrozma|Stealth Rock||[still]
|-fail|p2a: Necrozma
|
|upkeep
|turn|65
|
|t:|1665355027
|move|p1a: Lugia|Thunder Wave|p2a: Necrozma
|-fail|p2a: Necrozma|par
|cant|p2a: Necrozma|par
|
|upkeep
|turn|66
|n| werwerwerwe|psaddict123
|
|t:|1665355030
|move|p1a: Lugia|Thunder Wave|p2a: Necrozma
|-fail|p2a: Necrozma|par
|cant|p2a: Necrozma|par
|
|upkeep
|turn|67
|
|t:|1665355033
|move|p1a: Lugia|Thunder Wave|p2a: Necrozma
|-fail|p2a: Necrozma|par
|move|p2a: Necrozma|Stealth Rock||[still]
|-fail|p2a: Necrozma
|
|upkeep
|turn|68
|
|t:|1665355035
|move|p1a: Lugia|Thunder Wave|p2a: Necrozma
|-fail|p2a: Necrozma|par
|move|p2a: Necrozma|Stealth Rock||[still]
|-fail|p2a: Necrozma
|
|upkeep
|turn|69
|
|t:|1665355040
|move|p1a: Lugia|Thunder Wave|p2a: Necrozma
|-fail|p2a: Necrozma|par
|move|p2a: Necrozma|Stealth Rock||[still]
|-fail|p2a: Necrozma
|
|upkeep
|turn|70
|
|t:|1665355042
|move|p1a: Lugia|Thunder Wave|p2a: Necrozma
|-fail|p2a: Necrozma|par
|cant|p2a: Necrozma|par
|
|upkeep
|turn|71
|
|t:|1665355045
|move|p1a: Lugia|Thunder Wave|p2a: Necrozma
|-fail|p2a: Necrozma|par
|move|p2a: Necrozma|Stealth Rock||[still]
|-fail|p2a: Necrozma
|
|upkeep
|turn|72
|
|t:|1665355048
|move|p1a: Lugia|Thunder Wave|p2a: Necrozma
|-fail|p2a: Necrozma|par
|move|p2a: Necrozma|Stealth Rock||[still]
|-fail|p2a: Necrozma
|
|upkeep
|turn|73
|
|t:|1665355051
|move|p1a: Lugia|Thunder Wave|p2a: Necrozma
|-fail|p2a: Necrozma|par
|move|p2a: Necrozma|Stealth Rock||[still]
|-fail|p2a: Necrozma
|
|upkeep
|turn|74
|
|t:|1665355053
|move|p1a: Lugia|Thunder Wave|p2a: Necrozma
|-fail|p2a: Necrozma|par
|move|p2a: Necrozma|Stealth Rock||[still]
|-fail|p2a: Necrozma
|
|upkeep
|turn|75
|
|t:|1665355055
|move|p1a: Lugia|Thunder Wave|p2a: Necrozma
|-fail|p2a: Necrozma|par
|cant|p2a: Necrozma|par
|
|upkeep
|turn|76
|
|t:|1665355058
|move|p1a: Lugia|Defog|p2a: Necrozma
|-unboost|p2a: Necrozma|evasion|1
|-sideend|p1: iHaveAsthma|Stealth Rock|[from] move: Defog|[of] p1a: Lugia
|move|p2a: Necrozma|Stealth Rock|p1a: Lugia
|-sidestart|p1: iHaveAsthma|move: Stealth Rock
|
|upkeep
|turn|77
|
|t:|1665355060
|move|p1a: Lugia|Defog|p2a: Necrozma
|-unboost|p2a: Necrozma|evasion|1
|-sideend|p1: iHaveAsthma|Stealth Rock|[from] move: Defog|[of] p1a: Lugia
|move|p2a: Necrozma|Stealth Rock|p1a: Lugia
|-sidestart|p1: iHaveAsthma|move: Stealth Rock
|
|upkeep
|turn|78
|
|t:|1665355062
|move|p1a: Lugia|Defog|p2a: Necrozma
|-unboost|p2a: Necrozma|evasion|1
|-sideend|p1: iHaveAsthma|Stealth Rock|[from] move: Defog|[of] p1a: Lugia
|move|p2a: Necrozma|Stealth Rock|p1a: Lugia
|-sidestart|p1: iHaveAsthma|move: Stealth Rock
|
|upkeep
|turn|79
|
|t:|1665355064
|move|p1a: Lugia|Defog|p2a: Necrozma
|-unboost|p2a: Necrozma|evasion|1
|-sideend|p1: iHaveAsthma|Stealth Rock|[from] move: Defog|[of] p1a: Lugia
|move|p2a: Necrozma|Stealth Rock|p1a: Lugia
|-sidestart|p1: iHaveAsthma|move: Stealth Rock
|
|upkeep
|turn|80
|
|t:|1665355067
|move|p1a: Lugia|Defog|p2a: Necrozma
|-unboost|p2a: Necrozma|evasion|1
|-sideend|p1: iHaveAsthma|Stealth Rock|[from] move: Defog|[of] p1a: Lugia
|move|p2a: Necrozma|Stealth Rock|p1a: Lugia
|-sidestart|p1: iHaveAsthma|move: Stealth Rock
|
|upkeep
|turn|81
|
|t:|1665355071
|move|p1a: Lugia|Defog|p2a: Necrozma
|-unboost|p2a: Necrozma|evasion|0
|-sideend|p1: iHaveAsthma|Stealth Rock|[from] move: Defog|[of] p1a: Lugia
|move|p2a: Necrozma|Stealth Rock|p1a: Lugia
|-sidestart|p1: iHaveAsthma|move: Stealth Rock
|
|upkeep
|turn|82
|c|☆iHaveAsthma|you do know you lost right?
|c|☆iHaveAsthma|do you still wanna continue this or?
|
|t:|1665355089
|move|p1a: Lugia|Defog|p2a: Necrozma
|-unboost|p2a: Necrozma|evasion|0
|-sideend|p1: iHaveAsthma|Stealth Rock|[from] move: Defog|[of] p1a: Lugia
|cant|p2a: Necrozma|par
|
|upkeep
|turn|83
|
|t:|1665355091
|move|p1a: Lugia|Defog||[still]
|-unboost|p2a: Necrozma|evasion|0
|-fail|p1a: Lugia
|move|p2a: Necrozma|Morning Sun|p2a: Necrozma
|-heal|p2a: Necrozma|100/100 par
|
|upkeep
|turn|84
|c|☆Adil|yuh
|
|t:|1665355099
|move|p1a: Lugia|Defog||[still]
|-unboost|p2a: Necrozma|evasion|0
|-fail|p1a: Lugia
|move|p2a: Necrozma|Morning Sun|p2a: Necrozma
|-fail|p2a: Necrozma|heal
|
|upkeep
|turn|85
|c|☆iHaveAsthma|aight
|
|t:|1665355104
|move|p1a: Lugia|Defog||[still]
|-unboost|p2a: Necrozma|evasion|0
|-fail|p1a: Lugia
|cant|p2a: Necrozma|par
|
|upkeep
|turn|86
|
|t:|1665355111
|move|p1a: Lugia|Defog||[still]
|-unboost|p2a: Necrozma|evasion|0
|-fail|p1a: Lugia
|move|p2a: Necrozma|Morning Sun|p2a: Necrozma
|-fail|p2a: Necrozma|heal
|
|upkeep
|turn|87
|
|t:|1665355117
|move|p1a: Lugia|Defog||[still]
|-unboost|p2a: Necrozma|evasion|0
|-fail|p1a: Lugia
|move|p2a: Necrozma|Morning Sun|p2a: Necrozma
|-fail|p2a: Necrozma|heal
|
|upkeep
|turn|88
|
|t:|1665355122
|move|p1a: Lugia|Defog||[still]
|-unboost|p2a: Necrozma|evasion|0
|-fail|p1a: Lugia
|cant|p2a: Necrozma|par
|
|upkeep
|turn|89
|
|t:|1665355124
|move|p1a: Lugia|Defog||[still]
|-unboost|p2a: Necrozma|evasion|0
|-fail|p1a: Lugia
|move|p2a: Necrozma|Morning Sun|p2a: Necrozma
|-fail|p2a: Necrozma|heal
|
|upkeep
|turn|90
|
|t:|1665355125
|move|p1a: Lugia|Defog||[still]
|-unboost|p2a: Necrozma|evasion|0
|-fail|p1a: Lugia
|cant|p2a: Necrozma|par
|
|upkeep
|turn|91
|
|t:|1665355130
|move|p1a: Lugia|Defog||[still]
|-unboost|p2a: Necrozma|evasion|0
|-fail|p1a: Lugia
|cant|p2a: Necrozma|par
|
|upkeep
|turn|92
|
|t:|1665355135
|move|p1a: Lugia|Defog||[still]
|-unboost|p2a: Necrozma|evasion|0
|-fail|p1a: Lugia
|move|p2a: Necrozma|Morning Sun|p2a: Necrozma
|-fail|p2a: Necrozma|heal
|
|upkeep
|turn|93
|
|t:|1665355149
|move|p1a: Lugia|Roost|p1a: Lugia
|-heal|p1a: Lugia|100/100
|-singleturn|p1a: Lugia|move: Roost
|move|p2a: Necrozma|Sunsteel Strike|p1a: Lugia
|-damage|p1a: Lugia|72/100
|
|upkeep
|turn|94
|
|t:|1665355154
|move|p1a: Lugia|Roost|p1a: Lugia
|-heal|p1a: Lugia|100/100
|-singleturn|p1a: Lugia|move: Roost
|cant|p2a: Necrozma|par
|
|upkeep
|turn|95
|
|t:|1665355156
|move|p1a: Lugia|Defog||[still]
|-unboost|p2a: Necrozma|evasion|0
|-fail|p1a: Lugia
|cant|p2a: Necrozma|par
|
|upkeep
|turn|96
|
|t:|1665355160
|move|p1a: Lugia|Defog||[still]
|-unboost|p2a: Necrozma|evasion|0
|-fail|p1a: Lugia
|move|p2a: Necrozma|Sunsteel Strike|p1a: Lugia
|-damage|p1a: Lugia|76/100
|
|upkeep
|turn|97
|
|t:|1665355164
|move|p1a: Lugia|Defog||[still]
|-unboost|p2a: Necrozma|evasion|0
|-fail|p1a: Lugia
|move|p2a: Necrozma|Earthquake|p1a: Lugia
|-immune|p1a: Lugia
|
|upkeep
|turn|98
|
|t:|1665355171
|move|p1a: Lugia|Roost|p1a: Lugia
|-heal|p1a: Lugia|100/100
|-singleturn|p1a: Lugia|move: Roost
|cant|p2a: Necrozma|par
|
|upkeep
|turn|99
|
|t:|1665355174
|move|p2a: Necrozma|Earthquake|p1a: Lugia
|-immune|p1a: Lugia
|move|p1a: Lugia|Roar||[still]
|-fail|p1a: Lugia
|
|upkeep
|turn|100
|
|t:|1665355178
|move|p2a: Necrozma|Earthquake|p1a: Lugia
|-immune|p1a: Lugia
|move|p1a: Lugia|Roar||[still]
|-fail|p1a: Lugia
|
|upkeep
|turn|101
|
|t:|1665355181
|move|p2a: Necrozma|Earthquake|p1a: Lugia
|-immune|p1a: Lugia
|move|p1a: Lugia|Roar||[still]
|-fail|p1a: Lugia
|
|upkeep
|turn|102
|
|t:|1665355184
|move|p2a: Necrozma|Sunsteel Strike|p1a: Lugia
|-damage|p1a: Lugia|75/100
|move|p1a: Lugia|Roar||[still]
|-fail|p1a: Lugia
|
|upkeep
|turn|103
|
|t:|1665355189
|move|p1a: Lugia|Roost|p1a: Lugia
|-heal|p1a: Lugia|100/100
|-singleturn|p1a: Lugia|move: Roost
|move|p2a: Necrozma|Earthquake|p1a: Lugia
|-damage|p1a: Lugia|92/100
|
|upkeep
|turn|104
|
|t:|1665355195
|cant|p2a: Necrozma|par
|move|p1a: Lugia|Roar||[still]
|-fail|p1a: Lugia
|
|upkeep
|turn|105
|
|t:|1665355198
|move|p1a: Lugia|Roost|p1a: Lugia
|-heal|p1a: Lugia|100/100
|-singleturn|p1a: Lugia|move: Roost
|move|p2a: Necrozma|Sunsteel Strike|p1a: Lugia
|-damage|p1a: Lugia|74/100
|
|upkeep
|turn|106
|
|t:|1665355202
|move|p2a: Necrozma|Earthquake|p1a: Lugia
|-immune|p1a: Lugia
|move|p1a: Lugia|Roar||[still]
|-fail|p1a: Lugia
|
|upkeep
|turn|107
|
|t:|1665355204
|move|p1a: Lugia|Roost|p1a: Lugia
|-heal|p1a: Lugia|100/100
|-singleturn|p1a: Lugia|move: Roost
|cant|p2a: Necrozma|par
|
|upkeep
|turn|108
|
|t:|1665355208
|move|p2a: Necrozma|Sunsteel Strike|p1a: Lugia
|-damage|p1a: Lugia|73/100
|move|p1a: Lugia|Roar||[still]
|-fail|p1a: Lugia
|
|upkeep
|turn|109
|
|t:|1665355215
|move|p1a: Lugia|Roost|p1a: Lugia
|-heal|p1a: Lugia|100/100
|-singleturn|p1a: Lugia|move: Roost
|move|p2a: Necrozma|Earthquake|p1a: Lugia
|-damage|p1a: Lugia|92/100
|
|upkeep
|turn|110
|
|t:|1665355218
|cant|p2a: Necrozma|par
|move|p1a: Lugia|Roar||[still]
|-fail|p1a: Lugia
|
|upkeep
|turn|111
|
|t:|1665355228
|move|p2a: Necrozma|Earthquake|p1a: Lugia
|-immune|p1a: Lugia
|move|p1a: Lugia|Roar||[still]
|-fail|p1a: Lugia
|
|upkeep
|turn|112
|
|t:|1665355231
|move|p2a: Necrozma|Earthquake|p1a: Lugia
|-immune|p1a: Lugia
|move|p1a: Lugia|Roar||[still]
|-fail|p1a: Lugia
|
|upkeep
|turn|113
|
|t:|1665355235
|move|p2a: Necrozma|Earthquake|p1a: Lugia
|-immune|p1a: Lugia
|move|p1a: Lugia|Roar||[still]
|-fail|p1a: Lugia
|
|upkeep
|turn|114
|
|t:|1665355237
|move|p2a: Necrozma|Earthquake|p1a: Lugia
|-immune|p1a: Lugia
|move|p1a: Lugia|Roar||[still]
|-fail|p1a: Lugia
|
|upkeep
|turn|115
|
|t:|1665355239
|move|p2a: Necrozma|Earthquake|p1a: Lugia
|-immune|p1a: Lugia
|move|p1a: Lugia|Roar||[still]
|-fail|p1a: Lugia
|
|upkeep
|turn|116
|
|t:|1665355241
|move|p2a: Necrozma|Earthquake|p1a: Lugia
|-immune|p1a: Lugia
|move|p1a: Lugia|Roar||[still]
|-fail|p1a: Lugia
|
|upkeep
|turn|117
|
|t:|1665355245
|move|p2a: Necrozma|Earthquake|p1a: Lugia
|-immune|p1a: Lugia
|move|p1a: Lugia|Roar||[still]
|-fail|p1a: Lugia
|
|upkeep
|turn|118
|
|t:|1665355248
|move|p2a: Necrozma|Earthquake|p1a: Lugia
|-immune|p1a: Lugia
|move|p1a: Lugia|Roar||[still]
|-fail|p1a: Lugia
|
|upkeep
|turn|119
|c|☆iHaveAsthma|gg wp
|
|t:|1665355254
|move|p1a: Lugia|Roost|p1a: Lugia
|-heal|p1a: Lugia|100/100
|-singleturn|p1a: Lugia|move: Roost
|-activate|p2a: Necrozma|move: Struggle
|move|p2a: Necrozma|Struggle|p1a: Lugia
|-damage|p1a: Lugia|96/100
|-damage|p2a: Necrozma|76/100 par|[from] recoil
|
|upkeep
|turn|120
|
|t:|1665355257
|move|p1a: Lugia|Roost|p1a: Lugia
|-heal|p1a: Lugia|100/100
|-singleturn|p1a: Lugia|move: Roost
|cant|p2a: Necrozma|par
|
|upkeep
|turn|121
|
|t:|1665355259
|-activate|p2a: Necrozma|move: Struggle
|move|p2a: Necrozma|Struggle|p1a: Lugia
|-damage|p1a: Lugia|96/100
|-damage|p2a: Necrozma|51/100 par|[from] recoil
|move|p1a: Lugia|Roar||[still]
|-fail|p1a: Lugia
|
|upkeep
|turn|122
|
|t:|1665355263
|cant|p2a: Necrozma|par
|move|p1a: Lugia|Roar||[still]
|-fail|p1a: Lugia
|
|upkeep
|turn|123
|
|t:|1665355265
|-activate|p2a: Necrozma|move: Struggle
|move|p2a: Necrozma|Struggle|p1a: Lugia
|-damage|p1a: Lugia|87/100
|-damage|p2a: Necrozma|26/100 par|[from] recoil
|move|p1a: Lugia|Roar||[still]
|-fail|p1a: Lugia
|
|upkeep
|turn|124
|
|t:|1665355267
|move|p1a: Lugia|Roost|p1a: Lugia
|-heal|p1a: Lugia|100/100
|-singleturn|p1a: Lugia|move: Roost
|-activate|p2a: Necrozma|move: Struggle
|move|p2a: Necrozma|Struggle|p1a: Lugia
|-damage|p1a: Lugia|96/100
|-damage|p2a: Necrozma|1/100 par|[from] recoil
|
|upkeep
|turn|125
|
|t:|1665355269
|move|p1a: Lugia|Roost|p1a: Lugia
|-heal|p1a: Lugia|100/100
|-singleturn|p1a: Lugia|move: Roost
|-activate|p2a: Necrozma|move: Struggle
|move|p2a: Necrozma|Struggle|p1a: Lugia
|-damage|p1a: Lugia|96/100
|-damage|p2a: Necrozma|0 fnt|[from] recoil
|faint|p2a: Necrozma
|
|win|iHaveAsthma
|raw|iHaveAsthma's rating: 1854 &rarr; <strong>1876</strong><br />(+22 for winning)
|raw|Adil's rating: 1890 &rarr; <strong>1868</strong><br />(-22 for losing)
|l|☆Adil
|l|☆iHaveAsthma
||Ladder isn't responding, score probably updated but might not have (Request timeout).
