|j|☆lmisdreavus
|j|☆NameSome2Better
|t:|1658168396
|gametype|singles
|player|p1|lmisdreavus|1|1774
|player|p2|NameSome2Better|hugh|1694
|teamsize|p1|6
|teamsize|p2|6
|gen|8
|tier|[Gen 8] National Dex AG
|rated|
|rule|HP Percentage Mod: HP is shown in percentages
|rule|Endless Battle Clause: Forcing endless battles is banned
|clearpoke
|poke|p1|Rayquaza|
|poke|p1|Deoxys-Speed|
|poke|p1|Zacian-*|
|poke|p1|Xerneas-*|
|poke|p1|Greninja, M|
|poke|p1|Calyrex-Shadow|
|poke|p2|Yveltal|
|poke|p2|Necrozma-Dusk-Mane|
|poke|p2|Zacian-*|
|poke|p2|Chansey, F|
|poke|p2|Arceus-*|
|poke|p2|Zygarde|
|teampreview
|inactive|Battle timer is ON: inactive players will automatically lose when time's up. (requested by lmisdreavus)
|
|t:|1658168403
|start
|switch|p1a: Deoxys|Deoxys-Speed|100/100
|switch|p2a: Shindai Akuma|Yveltal|100/100
|-ability|p1a: Deoxys|Pressure
|-ability|p2a: Shindai Akuma|Dark Aura
|turn|1
|
|t:|1658168409
|move|p1a: Deoxys|Stealth Rock|p2a: Shindai Akuma
|-sidestart|p2: NameSome2Better|move: Stealth Rock
|move|p2a: Shindai Akuma|Foul Play|p1a: Deoxys
|-supereffective|p1a: Deoxys
|-enditem|p1a: Deoxys|Focus Sash
|-damage|p1a: Deoxys|1/100
|
|upkeep
|turn|2
|
|t:|1658168412
|move|p1a: Deoxys|Knock Off|p2a: Shindai Akuma
|-resisted|p2a: Shindai Akuma
|-damage|p2a: Shindai Akuma|87/100
|-enditem|p2a: Shindai Akuma|Heavy-Duty Boots|[from] move: Knock Off|[of] p1a: Deoxys
|move|p2a: Shindai Akuma|Foul Play|p1a: Deoxys
|-supereffective|p1a: Deoxys
|-damage|p1a: Deoxys|0 fnt
|faint|p1a: Deoxys
|
|upkeep
|
|t:|1658168415
|switch|p1a: Greninja|Greninja, M|100/100
|turn|3
|
|t:|1658168420
|move|p1a: Greninja|Taunt|p2a: Shindai Akuma
|-start|p1a: Greninja|typechange|Dark|[from] ability: Protean
|-start|p2a: Shindai Akuma|move: Taunt
|cant|p2a: Shindai Akuma|move: Taunt|Defog
|
|upkeep
|turn|4
|
|t:|1658168425
|switch|p2a: Yang|Arceus-Fairy|100/100
|-damage|p2a: Yang|88/100|[from] Stealth Rock
|move|p1a: Greninja|Toxic Spikes|p2a: Yang
|-start|p1a: Greninja|typechange|Poison|[from] ability: Protean
|-sidestart|p2: NameSome2Better|move: Toxic Spikes
|
|upkeep
|turn|5
|
|t:|1658168435
|switch|p2a: Sun Knight|Zacian-Crowned|100/100
|-damage|p2a: Sun Knight|94/100|[from] Stealth Rock
|-ability|p2a: Sun Knight|Intrepid Sword|boost
|-boost|p2a: Sun Knight|atk|1
|move|p1a: Greninja|Taunt|p2a: Sun Knight
|-start|p1a: Greninja|typechange|Dark|[from] ability: Protean
|-start|p2a: Sun Knight|move: Taunt
|
|upkeep
|turn|6
|
|t:|1658168442
|move|p1a: Greninja|Spikes|p2a: Sun Knight
|-start|p1a: Greninja|typechange|Ground|[from] ability: Protean
|-sidestart|p2: NameSome2Better|Spikes
|move|p2a: Sun Knight|Behemoth Blade|p1a: Greninja
|-enditem|p1a: Greninja|Focus Sash
|-damage|p1a: Greninja|1/100
|
|upkeep
|turn|7
|
|t:|1658168463
|move|p1a: Greninja|Spikes|p2a: Sun Knight
|-sidestart|p2: NameSome2Better|Spikes
|move|p2a: Sun Knight|Behemoth Blade|p1a: Greninja
|-damage|p1a: Greninja|0 fnt
|faint|p1a: Greninja
|
|-end|p2a: Sun Knight|move: Taunt
|upkeep
|
|t:|1658168468
|switch|p1a: Calyrex|Calyrex-Shadow|100/100
|-ability|p1a: Calyrex|As One
|-ability|p1a: Calyrex|Unnerve
|turn|8
|
|t:|1658168488
|-start|p1a: Calyrex|Dynamax|
|-heal|p1a: Calyrex|100/100|[silent]
|move|p1a: Calyrex|Max Starfall|p2a: Sun Knight
|-resisted|p2a: Sun Knight
|-damage|p2a: Sun Knight|75/100
|-fieldstart|move: Misty Terrain
|move|p2a: Sun Knight|Behemoth Blade|p1a: Calyrex
|-damage|p1a: Calyrex|0 fnt
|faint|p1a: Calyrex
|
|upkeep
|
|t:|1658168493
|switch|p1a: Zacian|Zacian-Crowned|100/100
|-ability|p1a: Zacian|Intrepid Sword|boost
|-boost|p1a: Zacian|atk|1
|turn|9
|inactive|NameSome2Better has 120 seconds left.
|
|t:|1658168529
|move|p1a: Zacian|Behemoth Blade|p2a: Sun Knight
|-damage|p2a: Sun Knight|0 fnt
|faint|p2a: Sun Knight
|
|upkeep
|
|t:|1658168537
|switch|p2a: Forged Rengoku|Necrozma-Dusk-Mane|100/100
|-damage|p2a: Forged Rengoku|94/100|[from] Stealth Rock
|-damage|p2a: Forged Rengoku|78/100|[from] Spikes
|turn|10
|
|t:|1658168539
|-start|p2a: Forged Rengoku|Dynamax|
|-heal|p2a: Forged Rengoku|78/100|[silent]
|move|p1a: Zacian|Crunch|p2a: Forged Rengoku
|-supereffective|p2a: Forged Rengoku
|-damage|p2a: Forged Rengoku|57/100
|-damage|p1a: Zacian|84/100|[from] item: Rocky Helmet|[of] p2a: Forged Rengoku
|move|p2a: Forged Rengoku|Max Steelspike|p1a: Zacian
|-damage|p1a: Zacian|26/100
|-boost|p2a: Forged Rengoku|def|1
|
|upkeep
|turn|11
|
|t:|1658168548
|move|p1a: Zacian|Crunch|p2a: Forged Rengoku
|-supereffective|p2a: Forged Rengoku
|-damage|p2a: Forged Rengoku|43/100
|-damage|p1a: Zacian|10/100|[from] item: Rocky Helmet|[of] p2a: Forged Rengoku
|move|p2a: Forged Rengoku|Max Steelspike|p1a: Zacian
|-damage|p1a: Zacian|0 fnt
|-boost|p2a: Forged Rengoku|def|1
|faint|p1a: Zacian
|
|upkeep
|
|t:|1658168554
|switch|p1a: Rayquaza|Rayquaza|100/100
|-ability|p1a: Rayquaza|Air Lock
|turn|12
|
|t:|1658168557
|detailschange|p1a: Rayquaza|Rayquaza-Mega
|-mega|p1a: Rayquaza|Rayquaza|
|-weather|DeltaStream|[from] ability: Delta Stream|[of] p1a: Rayquaza
|move|p1a: Rayquaza|Dragon Dance|p1a: Rayquaza
|-boost|p1a: Rayquaza|atk|1
|-boost|p1a: Rayquaza|spe|1
|move|p2a: Forged Rengoku|Max Steelspike|p1a: Rayquaza
|-damage|p1a: Rayquaza|36/100
|-boost|p2a: Forged Rengoku|def|1
|
|-weather|DeltaStream|[upkeep]
|-fieldend|Misty Terrain
|upkeep
|-end|p2a: Forged Rengoku|Dynamax
|-heal|p2a: Forged Rengoku|43/100|[silent]
|turn|13
|
|t:|1658168560
|move|p1a: Rayquaza|Earthquake|p2a: Forged Rengoku
|-supereffective|p2a: Forged Rengoku
|-damage|p2a: Forged Rengoku|22/100
|move|p2a: Forged Rengoku|Moonlight|p2a: Forged Rengoku
|-heal|p2a: Forged Rengoku|72/100
|
|-weather|DeltaStream|[upkeep]
|upkeep
|turn|14
|
|t:|1658168564
|move|p1a: Rayquaza|Earthquake|p2a: Forged Rengoku
|-supereffective|p2a: Forged Rengoku
|-damage|p2a: Forged Rengoku|53/100
|move|p2a: Forged Rengoku|Sunsteel Strike|p1a: Rayquaza
|-damage|p1a: Rayquaza|0 fnt
|faint|p1a: Rayquaza
|-weather|none
|
|upkeep
|
|t:|1658168566
|switch|p1a: Xerneas|Xerneas|100/100
|-ability|p1a: Xerneas|Fairy Aura
|turn|15
|
|t:|1658168568
|move|p1a: Xerneas|Geomancy||[still]
|-prepare|p1a: Xerneas|Geomancy
|-enditem|p1a: Xerneas|Power Herb
|-anim|p1a: Xerneas|Geomancy|p1a: Xerneas
|-boost|p1a: Xerneas|spa|2
|-boost|p1a: Xerneas|spd|2
|-boost|p1a: Xerneas|spe|2
|move|p2a: Forged Rengoku|Thunder Wave|p1a: Xerneas
|-status|p1a: Xerneas|par
|
|upkeep
|turn|16
|
|t:|1658168571
|cant|p1a: Xerneas|par
|move|p2a: Forged Rengoku|Sunsteel Strike|p1a: Xerneas
|-supereffective|p1a: Xerneas
|-damage|p1a: Xerneas|11/100 par
|
|upkeep
|turn|17
|-message|lmisdreavus forfeited.
|
|win|NameSome2Better
|raw|lmisdreavus's rating: 1774 &rarr; <strong>1749</strong><br />(-25 for losing)
|raw|NameSome2Better's rating: 1694 &rarr; <strong>1719</strong><br />(+25 for winning)
|l|☆lmisdreavus
||Ladder isn't responding, score probably updated but might not have (Request timeout).
