|j|☆rock thunder bird
|j|☆YLong
|t:|1668863602
|gametype|singles
|player|p1|rock thunder bird|riley|
|player|p2|YLong|darach-caitlin|
|teamsize|p1|6
|teamsize|p2|6
|gen|8
|tier|[Gen 8] National Dex AG
|rule|HP Percentage Mod: HP is shown in percentages
|rule|Endless Battle Clause: Forcing endless battles is banned
|clearpoke
|poke|p1|Latios, M|
|poke|p1|Magearna|
|poke|p1|Dragapult, F|
|poke|p1|Garchomp, F|
|poke|p1|Tyranitar, M|
|poke|p1|Salamence, M|
|poke|p2|Volcanion|
|poke|p2|Charizard, M|
|poke|p2|Zarude|
|poke|p2|Espeon, M|
|poke|p2|Cinderace, F|
|poke|p2|Victini|
|teampreview
|inactive|Battle timer is ON: inactive players will automatically lose when time's up. (requested by rock thunder bird)
|c|☆rock thunder bird|队伍合法吗
|c|☆rock thunder bird|不合法我换一个
|
|t:|1668863630
|start
|switch|p1a: Dragapult|Dragapult, F|100/100
|switch|p2a: Victini|Victini|100/100
|turn|1
|
|t:|1668863638
|-zpower|p1a: Dragapult
|move|p1a: Dragapult|Never-Ending Nightmare|p2a: Victini|[zeffect]
|-supereffective|p2a: Victini
|-enditem|p2a: Victini|Focus Sash
|-damage|p2a: Victini|1/100
|move|p2a: Victini|Fusion Bolt|p1a: Dragapult
|-resisted|p1a: Dragapult
|-damage|p1a: Dragapult|83/100
|
|upkeep
|turn|2
|
|t:|1668863652
|move|p1a: Dragapult|U-turn|p2a: Victini
|-damage|p2a: Victini|0 fnt
|faint|p2a: Victini
|
|t:|1668863660
|switch|p1a: Latios|Latios, M|100/100|[from]move: U-turn
|
|upkeep
|
|t:|1668863683
|switch|p2a: Espeon|Espeon, M|100/100
|turn|3
|
|t:|1668863691
|switch|p1a: Tyranitar|Tyranitar, M|100/100
|-weather|Sandstorm|[from] ability: Sand Stream|[of] p1a: Tyranitar
|move|p2a: Espeon|Light Screen|p2a: Espeon
|-sidestart|p2: YLong|move: Light Screen
|
|-weather|Sandstorm|[upkeep]
|-damage|p2a: Espeon|94/100|[from] Sandstorm
|upkeep
|turn|4
|
|t:|1668863700
|switch|p2a: Volcanion|Volcanion|100/100
|move|p1a: Tyranitar|Rock Tomb|p2a: Volcanion
|-supereffective|p2a: Volcanion
|-damage|p2a: Volcanion|49/100
|-unboost|p2a: Volcanion|spe|1
|
|-weather|Sandstorm|[upkeep]
|-damage|p2a: Volcanion|43/100|[from] Sandstorm
|upkeep
|turn|5
|
|t:|1668863706
|move|p2a: Volcanion|Steam Eruption|p1a: Tyranitar
|-supereffective|p1a: Tyranitar
|-damage|p1a: Tyranitar|34/100
|move|p1a: Tyranitar|Rock Tomb|p2a: Volcanion
|-supereffective|p2a: Volcanion
|-damage|p2a: Volcanion|0 fnt
|faint|p2a: Volcanion
|
|-weather|Sandstorm|[upkeep]
|-heal|p1a: Tyranitar|40/100|[from] item: Leftovers
|upkeep
|
|t:|1668863713
|switch|p2a: Charizard|Charizard, M, shiny|100/100
|turn|6
|
|t:|1668863722
|-start|p2a: Charizard|Dynamax|Gmax
|-heal|p2a: Charizard|100/100|[silent]
|move|p2a: Charizard|G-Max Wildfire|p1a: Tyranitar
|-resisted|p1a: Tyranitar
|-damage|p1a: Tyranitar|26/100
|-sidestart|p1: rock thunder bird|G-Max Wildfire
|move|p1a: Tyranitar|Rock Tomb|p2a: Charizard|[miss]
|-miss|p1a: Tyranitar|p2a: Charizard
|
|-weather|Sandstorm|[upkeep]
|-damage|p2a: Charizard|97/100|[from] Sandstorm
|-damage|p1a: Tyranitar|9/100|[from] G-Max Wildfire
|-heal|p1a: Tyranitar|16/100|[from] item: Leftovers
|upkeep
|turn|7
|
|t:|1668863736
|move|p2a: Charizard|Max Airstream|p1a: Tyranitar
|-resisted|p1a: Tyranitar
|-damage|p1a: Tyranitar|2/100
|-boost|p2a: Charizard|spe|1
|move|p1a: Tyranitar|Rock Tomb|p2a: Charizard
|-supereffective|p2a: Charizard
|-damage|p2a: Charizard|22/100
|-unboost|p2a: Charizard|spe|1
|
|-weather|none
|-damage|p1a: Tyranitar|0 fnt|[from] G-Max Wildfire
|faint|p1a: Tyranitar
|upkeep
|
|t:|1668863747
|switch|p1a: Dragapult|Dragapult, F|83/100
|turn|8
|
|t:|1668863756
|move|p1a: Dragapult|Dragon Darts|p2a: Charizard
|-damage|p2a: Charizard|6/100
|-anim|p1a: Dragapult|Dragon Darts|p2a: Charizard
|-damage|p2a: Charizard|0 fnt
|faint|p2a: Charizard
|
|-damage|p1a: Dragapult|66/100|[from] G-Max Wildfire
|upkeep
|
|t:|1668863762
|switch|p2a: Espeon|Espeon, M|94/100
|turn|9
|
|t:|1668863768
|move|p1a: Dragapult|Phantom Force||[still]
|-prepare|p1a: Dragapult|Phantom Force
|move|p2a: Espeon|Reflect|p2a: Espeon
|-sidestart|p2: YLong|Reflect
|
|-damage|p1a: Dragapult|50/100|[from] G-Max Wildfire
|-sideend|p1: rock thunder bird|G-Max Wildfire
|upkeep
|turn|10
|inactive|YLong has 270 seconds left.
|
|t:|1668863798
|move|p2a: Espeon|Protect|p2a: Espeon
|-singleturn|p2a: Espeon|Protect
|move|p1a: Dragapult|Phantom Force|p2a: Espeon|[from]lockedmove
|-activate|p2a: Espeon|move: Phantom Force|[broken]
|-supereffective|p2a: Espeon
|-damage|p2a: Espeon|29/100
|
|-sideend|p2: YLong|move: Light Screen
|upkeep
|turn|11
|inactive|YLong has 270 seconds left.
|inactive|rock thunder bird has 270 seconds left.
|
|t:|1668863854
|move|p1a: Dragapult|Dragon Darts|p2a: Espeon
|-damage|p2a: Espeon|13/100
|-anim|p1a: Dragapult|Dragon Darts|p2a: Espeon
|-damage|p2a: Espeon|0 fnt
|faint|p2a: Espeon
|
|upkeep
|inactive|YLong has 270 seconds left.
|
|t:|1668863860
|switch|p2a: Zarude|Zarude|100/100
|turn|12
|
|t:|1668863876
|move|p1a: Dragapult|U-turn|p2a: Zarude
|-supereffective|p2a: Zarude
|-damage|p2a: Zarude|58/100
|
|t:|1668863879
|switch|p1a: Salamence|Salamence, M|100/100|[from]move: U-turn
|-ability|p1a: Salamence|Intimidate|boost
|-unboost|p2a: Zarude|atk|1
|move|p2a: Zarude|Growth|p2a: Zarude
|-boost|p2a: Zarude|atk|1
|-boost|p2a: Zarude|spa|1
|
|-heal|p2a: Zarude|65/100|[from] item: Leftovers
|upkeep
|turn|13
|inactive|YLong has 270 seconds left.
|
|t:|1668863912
|move|p2a: Zarude|Darkest Lariat|p1a: Salamence
|-damage|p1a: Salamence|57/100
|move|p1a: Salamence|Dragon Dance|p1a: Salamence
|-boost|p1a: Salamence|atk|1
|-boost|p1a: Salamence|spe|1
|
|-heal|p2a: Zarude|71/100|[from] item: Leftovers
|upkeep
|turn|14
|inactive|YLong has 270 seconds left.
|
|t:|1668863936
|move|p1a: Salamence|Roost|p1a: Salamence
|-heal|p1a: Salamence|100/100
|-singleturn|p1a: Salamence|move: Roost
|move|p2a: Zarude|Darkest Lariat|p1a: Salamence
|-damage|p1a: Salamence|58/100
|
|-heal|p2a: Zarude|77/100|[from] item: Leftovers
|upkeep
|turn|15
|
|t:|1668863940
|move|p1a: Salamence|Protect|p1a: Salamence
|-singleturn|p1a: Salamence|Protect
|move|p2a: Zarude|Growth|p2a: Zarude
|-boost|p2a: Zarude|atk|1
|-boost|p2a: Zarude|spa|1
|
|-heal|p2a: Zarude|83/100|[from] item: Leftovers
|upkeep
|turn|16
|
|t:|1668863945
|move|p1a: Salamence|Return|p2a: Zarude
|-damage|p2a: Zarude|61/100
|move|p2a: Zarude|Darkest Lariat|p1a: Salamence
|-damage|p1a: Salamence|0 fnt
|faint|p1a: Salamence
|
|-heal|p2a: Zarude|67/100|[from] item: Leftovers
|-sideend|p2: YLong|Reflect
|upkeep
|
|t:|1668863955
|switch|p1a: Dragapult|Dragapult, F|50/100
|turn|17
|
|t:|1668863959
|move|p1a: Dragapult|U-turn|p2a: Zarude
|-supereffective|p2a: Zarude
|-damage|p2a: Zarude|0 fnt
|faint|p2a: Zarude
|
|t:|1668863963
|switch|p1a: Latios|Latios, M|100/100|[from]move: U-turn
|
|upkeep
|
|t:|1668863981
|switch|p2a: Cinderace|Cinderace, F|100/100
|turn|18
|
|t:|1668863991
|move|p2a: Cinderace|Sucker Punch|p1a: Latios
|-start|p2a: Cinderace|typechange|Dark|[from] ability: Libero
|-supereffective|p1a: Latios
|-damage|p1a: Latios|0 fnt
|faint|p1a: Latios
|-damage|p2a: Cinderace|91/100|[from] item: Life Orb
|
|upkeep
|
|t:|1668863996
|switch|p1a: Dragapult|Dragapult, F|50/100
|turn|19
|
|t:|1668864002
|move|p1a: Dragapult|Sucker Punch|p2a: Cinderace
|-resisted|p2a: Cinderace
|-damage|p2a: Cinderace|73/100
|move|p2a: Cinderace|Sucker Punch||[still]
|-fail|p2a: Cinderace
|
|upkeep
|turn|20
|
|t:|1668864014
|move|p1a: Dragapult|Dragon Darts|p2a: Cinderace
|-damage|p2a: Cinderace|38/100
|-anim|p1a: Dragapult|Dragon Darts|p2a: Cinderace
|-damage|p2a: Cinderace|0 fnt
|faint|p2a: Cinderace
|
|win|rock thunder bird
|l|☆YLong
