|j|☆Enjoy enjoy
|j|☆Lana99
|player|p1|Enjoy enjoy|cilan|1486
|player|p2|Lana99|zinnia|1529
|teamsize|p1|6
|teamsize|p2|6
|gametype|singles
|gen|8
|tier|[Gen 8] National Dex AG
|rated|
|clearpoke
|poke|p1|Smeargle, M|
|poke|p1|Rayquaza|
|poke|p1|Groudon|
|poke|p1|Kyogre|
|poke|p1|Yveltal|
|poke|p1|Shaymin-Sky|
|poke|p2|Marshadow|
|poke|p2|Groudon|
|poke|p2|Rayquaza|
|poke|p2|Arceus-*|
|poke|p2|Zacian-Crowned|
|poke|p2|Yveltal|
|rule|HP Percentage Mod: HP is shown in percentages
|rule|Endless Battle Clause: Forcing endless battles is banned
|teampreview
|inactive|Battle timer is ON: inactive players will automatically lose when time's up. (requested by Enjoy enjoy)
|
|start
|switch|p1a: Smeargle|Smeargle, M|100/100
|switch|p2a: Primo Grounionne|Groudon, shiny|100/100
|detailschange|p2a: Primo Grounionne|Groudon-Primal, shiny
|-primal|p2a: Primo Grounionne
|-weather|DesolateLand|[from] ability: Desolate Land|[of] p2a: Primo Grounionne
|turn|1
|
|move|p1a: Smeargle|Magic Coat|p1a: Smeargle
|-singleturn|p1a: Smeargle|move: Magic Coat
|move|p2a: Primo Grounionne|Eruption|p1a: Smeargle
|-enditem|p1a: Smeargle|Focus Sash
|-damage|p1a: Smeargle|1/100
|
|-weather|DesolateLand|[upkeep]
|upkeep
|turn|2
|
|switch|p1a: Kyogre|Kyogre|100/100
|detailschange|p1a: Kyogre|Kyogre-Primal
|-primal|p1a: Kyogre
|-weather|PrimordialSea|[from] ability: Primordial Sea|[of] p1a: Kyogre
|move|p2a: Primo Grounionne|Eruption||[still]
|-fail|p2a: Primo Grounionne|Eruption|[from] Primordial Sea
|
|-weather|PrimordialSea|[upkeep]
|upkeep
|turn|3
|
|switch|p2a: Tout Shyney|Rayquaza|100/100
|-ability|p2a: Tout Shyney|Air Lock
|move|p1a: Kyogre|Water Spout|p2a: Tout Shyney
|-resisted|p2a: Tout Shyney
|-damage|p2a: Tout Shyney|49/100
|
|-weather|PrimordialSea|[upkeep]
|upkeep
|turn|4
|
|-weather|none
|switch|p1a: Smeargle|Smeargle, M|1/100
|detailschange|p2a: Tout Shyney|Rayquaza-Mega
|-mega|p2a: Tout Shyney|Rayquaza|
|-weather|DeltaStream|[from] ability: Delta Stream|[of] p2a: Tout Shyney
|move|p2a: Tout Shyney|Dragon Ascent|p1a: Smeargle
|-damage|p1a: Smeargle|0 fnt
|-unboost|p2a: Tout Shyney|def|1
|-unboost|p2a: Tout Shyney|spd|1
|-damage|p2a: Tout Shyney|39/100|[from] item: Life Orb
|faint|p1a: Smeargle
|
|-weather|DeltaStream|[upkeep]
|upkeep
|
|switch|p1a: Rayquaza|Rayquaza|100/100
|-ability|p1a: Rayquaza|Air Lock
|turn|5
|
|move|p2a: Tout Shyney|Outrage|p1a: Rayquaza
|-supereffective|p1a: Rayquaza
|-enditem|p1a: Rayquaza|Focus Sash
|-damage|p1a: Rayquaza|1/100
|-damage|p2a: Tout Shyney|29/100|[from] item: Life Orb
|move|p1a: Rayquaza|Dragon Ascent|p2a: Tout Shyney
|-damage|p2a: Tout Shyney|0 fnt
|-unboost|p1a: Rayquaza|def|1
|-unboost|p1a: Rayquaza|spd|1
|faint|p2a: Tout Shyney
|-weather|none
|
|upkeep
|
|switch|p2a: Primo Grounionne|Groudon-Primal, shiny|100/100
|-weather|DesolateLand|[from] ability: Desolate Land|[of] p2a: Primo Grounionne
|turn|6
|
|move|p1a: Rayquaza|Dragon Ascent|p2a: Primo Grounionne
|-damage|p2a: Primo Grounionne|50/100
|-unboost|p1a: Rayquaza|def|1
|-unboost|p1a: Rayquaza|spd|1
|move|p2a: Primo Grounionne|Stealth Rock|p1a: Rayquaza
|-sidestart|p1: Enjoy enjoy|move: Stealth Rock
|
|-weather|DesolateLand|[upkeep]
|upkeep
|turn|7
|
|move|p1a: Rayquaza|Dragon Ascent|p2a: Primo Grounionne
|-damage|p2a: Primo Grounionne|1/100
|-unboost|p1a: Rayquaza|def|1
|-unboost|p1a: Rayquaza|spd|1
|move|p2a: Primo Grounionne|Eruption|p1a: Rayquaza
|-resisted|p1a: Rayquaza
|-damage|p1a: Rayquaza|0 fnt
|faint|p1a: Rayquaza
|
|-weather|DesolateLand|[upkeep]
|upkeep
|
|switch|p1a: Yveltal|Yveltal|100/100
|-damage|p1a: Yveltal|76/100|[from] Stealth Rock
|-ability|p1a: Yveltal|Dark Aura
|turn|8
|
|move|p1a: Yveltal|U-turn|p2a: Primo Grounionne
|-resisted|p2a: Primo Grounionne
|-damage|p2a: Primo Grounionne|0 fnt
|faint|p2a: Primo Grounionne
|-weather|none
|
|switch|p1a: Groudon|Groudon|100/100|[from]move: U-turn
|-damage|p1a: Groudon|94/100|[from] Stealth Rock
|detailschange|p1a: Groudon|Groudon-Primal
|-primal|p1a: Groudon
|-weather|DesolateLand|[from] ability: Desolate Land|[of] p1a: Groudon
|
|-weather|DesolateLand|[upkeep]
|upkeep
|
|switch|p2a: Mortailes|Yveltal, shiny|100/100
|-ability|p2a: Mortailes|Dark Aura
|turn|9
|
|move|p2a: Mortailes|Oblivion Wing|p1a: Groudon
|-damage|p1a: Groudon|34/100
|-damage|p2a: Mortailes|91/100|[from] item: Life Orb
|move|p1a: Groudon|Fire Punch|p2a: Mortailes
|-damage|p2a: Mortailes|21/100
|
|-weather|DesolateLand|[upkeep]
|upkeep
|turn|10
|
|move|p2a: Mortailes|Oblivion Wing|p1a: Groudon
|-damage|p1a: Groudon|0 fnt
|-heal|p2a: Mortailes|42/100|[from] drain|[of] p1a: Groudon
|-damage|p2a: Mortailes|33/100|[from] item: Life Orb
|faint|p1a: Groudon
|-weather|none
|
|upkeep
|
|switch|p1a: Shaymin|Shaymin-Sky|100/100
|-damage|p1a: Shaymin|76/100|[from] Stealth Rock
|turn|11
|
|-start|p1a: Shaymin|Dynamax
|-heal|p1a: Shaymin|76/100|[silent]
|move|p1a: Shaymin|Max Airstream|p2a: Mortailes
|-damage|p2a: Mortailes|0 fnt
|-boost|p1a: Shaymin|spe|1
|faint|p2a: Mortailes
|
|upkeep
|
|switch|p2a: Princesse|Arceus-Fairy|100/100
|turn|12
|
|-start|p2a: Princesse|Dynamax
|-heal|p2a: Princesse|100/100|[silent]
|move|p1a: Shaymin|Max Overgrowth|p2a: Princesse
|-damage|p2a: Princesse|77/100
|-fieldstart|move: Grassy Terrain
|move|p2a: Princesse|Max Lightning|p1a: Shaymin
|-crit|p1a: Shaymin
|-damage|p1a: Shaymin|35/100
|-fieldstart|move: Electric Terrain
|
|upkeep
|turn|13
|
|move|p1a: Shaymin|Max Guard|p1a: Shaymin
|-singleturn|p1a: Shaymin|Max Guard
|move|p2a: Princesse|Max Lightning|p1a: Shaymin
|-activate|p1a: Shaymin|move: Max Guard
|
|-end|p1a: Shaymin|Dynamax
|-heal|p1a: Shaymin|35/100|[silent]
|upkeep
|turn|14
|
|move|p1a: Shaymin|Air Slash|p2a: Princesse
|-damage|p2a: Princesse|65/100
|move|p2a: Princesse|Max Lightning|p1a: Shaymin
|-damage|p1a: Shaymin|0 fnt
|faint|p1a: Shaymin
|
|-end|p2a: Princesse|Dynamax
|-heal|p2a: Princesse|65/100|[silent]
|upkeep
|
|switch|p1a: Kyogre|Kyogre-Primal|100/100
|-damage|p1a: Kyogre|88/100|[from] Stealth Rock
|-weather|PrimordialSea|[from] ability: Primordial Sea|[of] p1a: Kyogre
|turn|15
|
|move|p1a: Kyogre|Origin Pulse|p2a: Princesse
|-damage|p2a: Princesse|0 fnt
|faint|p2a: Princesse
|
|-weather|PrimordialSea|[upkeep]
|upkeep
|
|switch|p2a: Zacian|Zacian-Crowned|100/100
|-ability|p2a: Zacian|Intrepid Sword|boost
|-boost|p2a: Zacian|atk|1
|turn|16
|
|move|p2a: Zacian|Wild Charge|p1a: Kyogre
|-supereffective|p1a: Kyogre
|-damage|p1a: Kyogre|0 fnt
|-damage|p2a: Zacian|77/100|[from] Recoil
|faint|p1a: Kyogre
|-weather|none
|
|-fieldend|move: Electric Terrain
|upkeep
|
|switch|p1a: Yveltal|Yveltal|76/100
|-damage|p1a: Yveltal|51/100|[from] Stealth Rock
|-ability|p1a: Yveltal|Dark Aura
|turn|17
|
|move|p2a: Zacian|Wild Charge|p1a: Yveltal
|-supereffective|p1a: Yveltal
|-damage|p1a: Yveltal|0 fnt
|-damage|p2a: Zacian|62/100|[from] Recoil
|faint|p1a: Yveltal
|
|win|Lana99
|raw|Enjoy enjoy's rating: 1497 &rarr; <strong>1479</strong><br />(-18 for losing)
|raw|Lana99's rating: 1529 &rarr; <strong>1548</strong><br />(+19 for winning)
|l|☆Enjoy enjoy
