|j|☆shisky
|j|☆MadMagikarp_24
|t:|1661412502
|gametype|singles
|player|p1|shisky|169|1358
|player|p2|MadMagikarp_24|swimmer-gen4dp|1515
|teamsize|p1|6
|teamsize|p2|6
|gen|8
|tier|[Gen 8] National Dex AG
|rated|
|rule|HP Percentage Mod: HP is shown in percentages
|rule|Endless Battle Clause: Forcing endless battles is banned
|clearpoke
|poke|p1|Arceus-*|
|poke|p1|Arceus-*|
|poke|p1|Arceus-*|
|poke|p1|Rayquaza|
|poke|p1|Ditto|
|poke|p1|Arceus-*|
|poke|p2|Cottonee, L1, F|
|poke|p2|Calyrex-Shadow|
|poke|p2|Arceus-*|
|poke|p2|Arceus-*|
|poke|p2|Aron, L1, F|
|poke|p2|Yveltal|
|teampreview
|
|t:|1661412510
|start
|switch|p1a: Arceus|Arceus-Electric|100/100
|switch|p2a: Satan|Cottonee, L1, F, shiny|100/100
|turn|1
|inactive|Battle timer is ON: inactive players will automatically lose when time's up. (requested by MadMagikarp_24)
|
|t:|1661412520
|switch|p1a: Ditto|Ditto|100/100
|-transform|p1a: Ditto|p2a: Satan|[from] ability: Imposter
|move|p2a: Satan|Leech Seed|p1a: Ditto
|-immune|p1a: Ditto
|
|upkeep
|turn|2
|
|t:|1661412531
|move|p1a: Ditto|Encore|p2a: Satan
|-start|p2a: Satan|Encore
|move|p2a: Satan|Leech Seed|p1a: Ditto
|-immune|p1a: Ditto
|
|upkeep
|turn|3
|
|t:|1661412538
|switch|p1a: Arceus|Arceus-Grass|100/100
|move|p2a: Satan|Leech Seed|p1a: Arceus
|-immune|p1a: Arceus
|
|upkeep
|turn|4
|
|t:|1661412546
|switch|p2a: Tupac|Yveltal|100/100
|-ability|p2a: Tupac|Dark Aura
|move|p1a: Arceus|Swords Dance|p1a: Arceus
|-boost|p1a: Arceus|atk|2
|
|upkeep
|turn|5
|
|t:|1661412556
|-start|p1a: Arceus|Dynamax|
|-heal|p1a: Arceus|100/100|[silent]
|-start|p2a: Tupac|Dynamax|
|-heal|p2a: Tupac|100/100|[silent]
|move|p1a: Arceus|Max Rockfall|p2a: Tupac
|-supereffective|p2a: Tupac
|-damage|p2a: Tupac|7/100
|-weather|Sandstorm
|move|p2a: Tupac|Max Airstream|p1a: Arceus
|-supereffective|p1a: Arceus
|-damage|p1a: Arceus|35/100
|-boost|p2a: Tupac|spe|1
|-damage|p2a: Tupac|2/100|[from] item: Life Orb
|
|-weather|Sandstorm|[upkeep]
|-damage|p2a: Tupac|0 fnt|[from] Sandstorm
|-damage|p1a: Arceus|32/100|[from] Sandstorm
|faint|p2a: Tupac
|upkeep
|
|t:|1661412576
|switch|p2a: Onward STEED!|Calyrex-Shadow|100/100
|-ability|p2a: Onward STEED!|As One
|-ability|p2a: Onward STEED!|Unnerve
|turn|6
|
|t:|1661412588
|-end|p1a: Arceus|Dynamax
|-heal|p1a: Arceus|32/100|[silent]
|switch|p1a: Ditto|Ditto|100/100
|-transform|p1a: Ditto|p2a: Onward STEED!|[from] ability: Imposter
|move|p2a: Onward STEED!|Astral Barrage|p1a: Ditto
|-supereffective|p1a: Ditto
|-damage|p1a: Ditto|0 fnt
|faint|p1a: Ditto
|-ability|p2a: Onward STEED!|Grim Neigh|boost
|-boost|p2a: Onward STEED!|spa|1
|
|-weather|Sandstorm|[upkeep]
|-damage|p2a: Onward STEED!|94/100|[from] Sandstorm
|upkeep
|
|t:|1661412606
|switch|p1a: Arceus|Arceus-Ground|100/100
|turn|7
|
|t:|1661412612
|move|p2a: Onward STEED!|Astral Barrage|p1a: Arceus
|-damage|p1a: Arceus|14/100
|-zpower|p1a: Arceus
|move|p1a: Arceus|Tectonic Rage|p2a: Onward STEED!|[zeffect]
|-crit|p2a: Onward STEED!
|-damage|p2a: Onward STEED!|0 fnt
|faint|p2a: Onward STEED!
|
|-weather|Sandstorm|[upkeep]
|upkeep
|
|t:|1661412624
|switch|p2a: Speedy Mcgee|Arceus|100/100
|turn|8
|
|t:|1661412632
|move|p1a: Arceus|Earthquake|p2a: Speedy Mcgee
|-damage|p2a: Speedy Mcgee|69/100
|move|p2a: Speedy Mcgee|Shadow Claw|p1a: Arceus
|-damage|p1a: Arceus|0 fnt
|faint|p1a: Arceus
|
|-weather|Sandstorm|[upkeep]
|-damage|p2a: Speedy Mcgee|63/100|[from] Sandstorm
|upkeep
|
|t:|1661412642
|switch|p1a: Rayquaza|Rayquaza|100/100
|-ability|p1a: Rayquaza|Air Lock
|turn|9
|
|t:|1661412649
|switch|p2a: StoneyBologna|Aron, L1, F, shiny|100/100
|detailschange|p1a: Rayquaza|Rayquaza-Mega
|-mega|p1a: Rayquaza|Rayquaza|
|-weather|DeltaStream|[from] ability: Delta Stream|[of] p1a: Rayquaza
|move|p1a: Rayquaza|Scale Shot|p2a: StoneyBologna
|-resisted|p2a: StoneyBologna
|-ability|p2a: StoneyBologna|Sturdy
|-damage|p2a: StoneyBologna|9/100
|-resisted|p2a: StoneyBologna
|-damage|p2a: StoneyBologna|0 fnt
|faint|p2a: StoneyBologna
|-hitcount|p2: StoneyBologna|2
|-unboost|p1a: Rayquaza|def|1
|-boost|p1a: Rayquaza|spe|1
|-damage|p1a: Rayquaza|91/100|[from] item: Life Orb
|
|-weather|DeltaStream|[upkeep]
|upkeep
|
|t:|1661412666
|switch|p2a: Satan|Cottonee, L1, F, shiny|100/100
|turn|10
|
|t:|1661412672
|-weather|none
|switch|p1a: Arceus|Arceus-Grass|32/100
|move|p2a: Satan|Encore||[still]
|-fail|p2a: Satan
|
|upkeep
|turn|11
|
|t:|1661412682
|move|p2a: Satan|Substitute|p2a: Satan
|-start|p2a: Satan|Substitute
|-damage|p2a: Satan|75/100
|move|p1a: Arceus|Bullet Seed|p2a: Satan
|-resisted|p2a: Satan
|-end|p2a: Satan|Substitute
|-resisted|p2a: Satan
|-damage|p2a: Satan|0 fnt
|faint|p2a: Satan
|-hitcount|p2: Satan|2
|
|upkeep
|
|t:|1661412692
|switch|p2a: Speedy Mcgee|Arceus|63/100
|turn|12
|
|t:|1661412697
|move|p2a: Speedy Mcgee|Extreme Speed|p1a: Arceus
|-damage|p1a: Arceus|0 fnt
|faint|p1a: Arceus
|
|upkeep
|
|t:|1661412702
|switch|p1a: Rayquaza|Rayquaza-Mega|91/100
|-weather|DeltaStream|[from] ability: Delta Stream|[of] p1a: Rayquaza
|turn|13
|
|t:|1661412708
|move|p2a: Speedy Mcgee|Extreme Speed|p1a: Rayquaza
|-damage|p1a: Rayquaza|30/100
|move|p1a: Rayquaza|Dragon Ascent|p2a: Speedy Mcgee
|-damage|p2a: Speedy Mcgee|0 fnt
|-unboost|p1a: Rayquaza|def|1
|-unboost|p1a: Rayquaza|spd|1
|faint|p2a: Speedy Mcgee
|-damage|p1a: Rayquaza|20/100|[from] item: Life Orb
|
|-weather|DeltaStream|[upkeep]
|upkeep
|j| Asdggvbb
|
|t:|1661412720
|switch|p2a: Iceman69|Arceus-Water|100/100
|turn|14
|
|t:|1661412726
|-weather|none
|switch|p1a: Arceus|Arceus-Fairy|100/100
|move|p2a: Iceman69|Judgment|p1a: Arceus
|-damage|p1a: Arceus|61/100
|
|upkeep
|turn|15
|
|t:|1661412734
|move|p1a: Arceus|Judgment|p2a: Iceman69
|-damage|p2a: Iceman69|67/100
|move|p2a: Iceman69|Toxic|p1a: Arceus
|-status|p1a: Arceus|tox
|
|-damage|p1a: Arceus|55/100 tox|[from] psn
|upkeep
|turn|16
|
|t:|1661412745
|move|p1a: Arceus|Judgment|p2a: Iceman69
|-damage|p2a: Iceman69|29/100
|move|p2a: Iceman69|Judgment|p1a: Arceus
|-damage|p1a: Arceus|18/100 tox
|
|-damage|p1a: Arceus|6/100 tox|[from] psn
|upkeep
|turn|17
|
|t:|1661412754
|move|p1a: Arceus|Judgment|p2a: Iceman69
|-damage|p2a: Iceman69|0 fnt
|faint|p2a: Iceman69
|
|win|shisky
|raw|shisky's rating: 1358 &rarr; <strong>1386</strong><br />(+28 for winning)
|raw|MadMagikarp_24's rating: 1515 &rarr; <strong>1487</strong><br />(-28 for losing)
|l|☆MadMagikarp_24
