|j|☆Sunorma
|j|☆Adam&Evedotcom
|t:|1667542581
|gametype|singles
|player|p1|Sunorma|roxie|1407
|player|p2|Adam&Evedotcom|clerkf|1506
|teamsize|p1|6
|teamsize|p2|6
|gen|8
|tier|[Gen 8] National Dex AG
|rated|
|rule|HP Percentage Mod: HP is shown in percentages
|rule|Endless Battle Clause: Forcing endless battles is banned
|clearpoke
|poke|p1|Scolipede, M|
|poke|p1|Mew|
|poke|p1|Kartana|
|poke|p1|Marshadow|
|poke|p1|Dracovish|
|poke|p1|Hoopa-Unbound|
|poke|p2|Mewtwo|
|poke|p2|Blaziken, F|
|poke|p2|Calyrex-Shadow|
|poke|p2|Zapdos|
|poke|p2|Garchomp, M|
|poke|p2|Incineroar, M|
|teampreview
|
|t:|1667542600
|start
|switch|p1a: Scolipede|Scolipede, M|100/100
|switch|p2a: Garchomp|Garchomp, M, shiny|100/100
|turn|1
|
|t:|1667542610
|move|p1a: Scolipede|Iron Defense|p1a: Scolipede
|-boost|p1a: Scolipede|def|2
|move|p2a: Garchomp|Swords Dance|p2a: Garchomp
|-boost|p2a: Garchomp|atk|2
|
|-ability|p1a: Scolipede|Speed Boost|boost
|-boost|p1a: Scolipede|spe|1
|upkeep
|turn|2
|
|t:|1667542640
|-start|p2a: Garchomp|Dynamax|
|-heal|p2a: Garchomp|100/100|[silent]
|move|p1a: Scolipede|Iron Defense|p1a: Scolipede
|-boost|p1a: Scolipede|def|2
|move|p2a: Garchomp|Max Airstream|p1a: Scolipede
|-supereffective|p1a: Scolipede
|-damage|p1a: Scolipede|37/100
|-boost|p2a: Garchomp|spe|1
|
|-heal|p1a: Scolipede|43/100|[from] item: Leftovers
|-ability|p1a: Scolipede|Speed Boost|boost
|-boost|p1a: Scolipede|spe|1
|upkeep
|turn|3
|
|t:|1667542661
|move|p1a: Scolipede|Substitute|p1a: Scolipede
|-start|p1a: Scolipede|Substitute
|-damage|p1a: Scolipede|18/100
|move|p2a: Garchomp|Max Airstream|p1a: Scolipede
|-supereffective|p1a: Scolipede
|-end|p1a: Scolipede|Substitute
|-boost|p2a: Garchomp|spe|1
|
|-heal|p1a: Scolipede|24/100|[from] item: Leftovers
|-ability|p1a: Scolipede|Speed Boost|boost
|-boost|p1a: Scolipede|spe|1
|upkeep
|turn|4
|
|t:|1667542687
|move|p1a: Scolipede|Baton Pass|p1a: Scolipede
|
|t:|1667542698
|switch|p1a: Mew|Mew|100/100|[from]move: Baton Pass
|move|p2a: Garchomp|Max Airstream|p1a: Mew
|-damage|p1a: Mew|79/100
|-boost|p2a: Garchomp|spe|1
|
|upkeep
|-end|p2a: Garchomp|Dynamax
|-heal|p2a: Garchomp|100/100|[silent]
|turn|5
|
|t:|1667542714
|move|p2a: Garchomp|Earthquake|p1a: Mew
|-damage|p1a: Mew|54/100
|move|p1a: Mew|Cosmic Power|p1a: Mew
|-boost|p1a: Mew|def|1
|-boost|p1a: Mew|spd|1
|
|upkeep
|turn|6
|
|t:|1667542736
|switch|p2a: Calyrex|Calyrex-Shadow|100/100
|-ability|p2a: Calyrex|As One
|-ability|p2a: Calyrex|Unnerve
|move|p1a: Mew|Soft-Boiled|p1a: Mew
|-heal|p1a: Mew|100/100
|
|upkeep
|turn|7
|
|t:|1667542746
|move|p2a: Calyrex|Astral Barrage|p1a: Mew
|-supereffective|p1a: Mew
|-damage|p1a: Mew|23/100
|-enditem|p1a: Mew|Weakness Policy
|-boost|p1a: Mew|atk|2|[from] item: Weakness Policy
|-boost|p1a: Mew|spa|2|[from] item: Weakness Policy
|move|p1a: Mew|Stored Power|p2a: Calyrex
|-resisted|p2a: Calyrex
|-damage|p2a: Calyrex|8/100
|
|upkeep
|turn|8
|
|t:|1667542760
|move|p2a: Calyrex|Astral Barrage|p1a: Mew
|-supereffective|p1a: Mew
|-damage|p1a: Mew|0 fnt
|faint|p1a: Mew
|-ability|p2a: Calyrex|Grim Neigh|boost
|-boost|p2a: Calyrex|spa|1
|
|upkeep
|
|t:|1667542763
|switch|p1a: Marshadow|Marshadow|100/100
|turn|9
|
|t:|1667542770
|switch|p2a: Incineroar|Incineroar, M|100/100
|-ability|p2a: Incineroar|Intimidate|boost
|-unboost|p1a: Marshadow|atk|1
|move|p1a: Marshadow|Shadow Sneak|p2a: Incineroar
|-resisted|p2a: Incineroar
|-damage|p2a: Incineroar|93/100
|
|upkeep
|turn|10
|
|t:|1667542784
|move|p1a: Marshadow|Rock Tomb|p2a: Incineroar
|-supereffective|p2a: Incineroar
|-damage|p2a: Incineroar|64/100
|-unboost|p2a: Incineroar|spe|1
|move|p2a: Incineroar|Knock Off|p1a: Marshadow
|-damage|p1a: Marshadow|50/100
|-enditem|p1a: Marshadow|Focus Sash|[from] move: Knock Off|[of] p2a: Incineroar
|
|upkeep
|turn|11
|
|t:|1667542797
|move|p1a: Marshadow|Rock Tomb|p2a: Incineroar
|-supereffective|p2a: Incineroar
|-damage|p2a: Incineroar|37/100
|-unboost|p2a: Incineroar|spe|1
|move|p2a: Incineroar|Knock Off|p1a: Marshadow
|-damage|p1a: Marshadow|16/100
|
|upkeep
|turn|12
|
|t:|1667542809
|move|p1a: Marshadow|Rock Tomb|p2a: Incineroar
|-supereffective|p2a: Incineroar
|-damage|p2a: Incineroar|7/100
|-unboost|p2a: Incineroar|spe|1
|move|p2a: Incineroar|Flare Blitz|p1a: Marshadow
|-damage|p1a: Marshadow|0 fnt
|faint|p1a: Marshadow
|-damage|p2a: Incineroar|3/100|[from] Recoil
|
|upkeep
|
|t:|1667542821
|switch|p1a: Kartana|Kartana|100/100
|turn|13
|
|t:|1667542837
|switch|p2a: Garchomp|Garchomp, M, shiny|100/100
|-start|p1a: Kartana|Dynamax|
|-heal|p1a: Kartana|100/100|[silent]
|move|p1a: Kartana|Max Knuckle|p2a: Garchomp
|-damage|p2a: Garchomp|57/100
|-boost|p1a: Kartana|atk|1
|
|upkeep
|turn|14
|
|t:|1667542858
|move|p2a: Garchomp|Earthquake|p1a: Kartana
|-damage|p1a: Kartana|73/100
|move|p1a: Kartana|Max Overgrowth|p2a: Garchomp
|-damage|p2a: Garchomp|0 fnt
|-fieldstart|move: Grassy Terrain
|faint|p2a: Garchomp
|-ability|p1a: Kartana|Beast Boost|boost
|-boost|p1a: Kartana|atk|1
|
|-heal|p1a: Kartana|76/100|[from] Grassy Terrain
|upkeep
|
|t:|1667542874
|switch|p2a: Incineroar|Incineroar, M|3/100
|-ability|p2a: Incineroar|Intimidate|boost
|-unboost|p1a: Kartana|atk|1
|turn|15
|
|t:|1667542881
|move|p2a: Incineroar|Fake Out|p1a: Kartana
|-resisted|p1a: Kartana
|-damage|p1a: Kartana|72/100
|move|p1a: Kartana|Max Steelspike|p2a: Incineroar
|-resisted|p2a: Incineroar
|-damage|p2a: Incineroar|0 fnt
|-boost|p1a: Kartana|def|1
|faint|p2a: Incineroar
|-ability|p1a: Kartana|Beast Boost|boost
|-boost|p1a: Kartana|atk|1
|
|-heal|p1a: Kartana|75/100|[from] Grassy Terrain
|upkeep
|
|t:|1667542908
|switch|p2a: Calyrex|Calyrex-Shadow|8/100
|-ability|p2a: Calyrex|As One
|-ability|p2a: Calyrex|Unnerve
|-end|p1a: Kartana|Dynamax
|-heal|p1a: Kartana|75/100|[silent]
|turn|16
|
|t:|1667542922
|move|p2a: Calyrex|Astral Barrage|p1a: Kartana
|-damage|p1a: Kartana|0 fnt
|faint|p1a: Kartana
|-ability|p2a: Calyrex|Grim Neigh|boost
|-boost|p2a: Calyrex|spa|1
|
|-heal|p2a: Calyrex|14/100|[from] Grassy Terrain
|upkeep
|
|t:|1667542930
|switch|p1a: Hoopa|Hoopa-Unbound|100/100
|turn|17
|
|t:|1667542939
|switch|p2a: Zapdos|Zapdos, shiny|100/100
|move|p1a: Hoopa|Dark Pulse|p2a: Zapdos
|-damage|p2a: Zapdos|33/100
|
|upkeep
|turn|18
|
|t:|1667542949
|move|p2a: Zapdos|Thunderbolt|p1a: Hoopa
|-damage|p1a: Hoopa|57/100
|-status|p1a: Hoopa|par
|cant|p1a: Hoopa|par
|
|-heal|p1a: Hoopa|63/100 par|[from] Grassy Terrain
|-fieldend|move: Grassy Terrain
|upkeep
|turn|19
|
|t:|1667542965
|move|p2a: Zapdos|Thunderbolt|p1a: Hoopa
|-damage|p1a: Hoopa|24/100 par
|move|p1a: Hoopa|Dark Pulse|p2a: Zapdos
|-damage|p2a: Zapdos|0 fnt
|faint|p2a: Zapdos
|
|upkeep
|
|t:|1667542977
|switch|p2a: Blaziken|Blaziken, F, shiny|100/100
|turn|20
|
|t:|1667542992
|move|p2a: Blaziken|Close Combat|p1a: Hoopa
|-damage|p1a: Hoopa|0 fnt
|-unboost|p2a: Blaziken|def|1
|-unboost|p2a: Blaziken|spd|1
|faint|p1a: Hoopa
|
|-ability|p2a: Blaziken|Speed Boost|boost
|-boost|p2a: Blaziken|spe|1
|upkeep
|
|t:|1667542999
|switch|p1a: Scolipede|Scolipede, M|24/100
|turn|21
|
|t:|1667543009
|move|p1a: Scolipede|Protect|p1a: Scolipede
|-singleturn|p1a: Scolipede|Protect
|move|p2a: Blaziken|Blaze Kick|p1a: Scolipede
|-activate|p1a: Scolipede|move: Protect
|
|-heal|p1a: Scolipede|31/100|[from] item: Leftovers
|-ability|p2a: Blaziken|Speed Boost|boost
|-boost|p2a: Blaziken|spe|1
|-ability|p1a: Scolipede|Speed Boost|boost
|-boost|p1a: Scolipede|spe|1
|upkeep
|turn|22
|
|t:|1667543021
|move|p1a: Scolipede|Substitute|p1a: Scolipede
|-start|p1a: Scolipede|Substitute
|-damage|p1a: Scolipede|6/100
|move|p2a: Blaziken|Blaze Kick|p1a: Scolipede
|-supereffective|p1a: Scolipede
|-end|p1a: Scolipede|Substitute
|
|-heal|p1a: Scolipede|12/100|[from] item: Leftovers
|-ability|p1a: Scolipede|Speed Boost|boost
|-boost|p1a: Scolipede|spe|1
|-ability|p2a: Blaziken|Speed Boost|boost
|-boost|p2a: Blaziken|spe|1
|upkeep
|turn|23
|
|t:|1667543034
|move|p1a: Scolipede|Protect|p1a: Scolipede
|-singleturn|p1a: Scolipede|Protect
|move|p2a: Blaziken|Blaze Kick|p1a: Scolipede
|-activate|p1a: Scolipede|move: Protect
|
|-heal|p1a: Scolipede|18/100|[from] item: Leftovers
|-ability|p1a: Scolipede|Speed Boost|boost
|-boost|p1a: Scolipede|spe|1
|-ability|p2a: Blaziken|Speed Boost|boost
|-boost|p2a: Blaziken|spe|1
|upkeep
|turn|24
|
|t:|1667543047
|move|p1a: Scolipede|Baton Pass|p1a: Scolipede
|
|t:|1667543049
|switch|p1a: Dracovish|Dracovish|100/100|[from]move: Baton Pass
|move|p2a: Blaziken|Blaze Kick|p1a: Dracovish
|-resisted|p1a: Dracovish
|-damage|p1a: Dracovish|88/100
|
|-ability|p2a: Blaziken|Speed Boost|boost
|-boost|p2a: Blaziken|spe|1
|upkeep
|turn|25
|
|t:|1667543060
|move|p1a: Dracovish|Fishious Rend|p2a: Blaziken
|-supereffective|p2a: Blaziken
|-enditem|p2a: Blaziken|Focus Sash
|-damage|p2a: Blaziken|1/100
|move|p2a: Blaziken|Swords Dance|p2a: Blaziken
|-boost|p2a: Blaziken|atk|2
|
|-ability|p2a: Blaziken|Speed Boost|boost
|-boost|p2a: Blaziken|spe|1
|upkeep
|turn|26
|
|t:|1667543071
|move|p2a: Blaziken|Close Combat|p1a: Dracovish
|-damage|p1a: Dracovish|0 fnt
|-unboost|p2a: Blaziken|def|1
|-unboost|p2a: Blaziken|spd|1
|faint|p1a: Dracovish
|
|upkeep
|-message|Sunorma forfeited.
|
|win|Adam&Evedotcom
|raw|Sunorma's rating: 1407 &rarr; <strong>1393</strong><br />(-14 for losing)
|raw|Adam&amp;Evedotcom's rating: 1506 &rarr; <strong>1520</strong><br />(+14 for winning)
|l|☆Sunorma
