|j|☆Beefnation
|j|☆F.A.M.E.246 2nd
|t:|1660072497
|gametype|singles
|player|p1|Beefnation|cynthia|1627
|player|p2|F.A.M.E.246 2nd|1|1823
|teamsize|p1|6
|teamsize|p2|6
|gen|8
|tier|[Gen 8] National Dex AG
|rated|
|rule|HP Percentage Mod: HP is shown in percentages
|rule|Endless Battle Clause: Forcing endless battles is banned
|clearpoke
|poke|p1|Zacian-*|
|poke|p1|Rayquaza|
|poke|p1|Ditto|
|poke|p1|Groudon|
|poke|p1|Xerneas-*|
|poke|p1|Lugia|
|poke|p2|Scizor, F|
|poke|p2|Arceus-*|
|poke|p2|Groudon|
|poke|p2|Calyrex-Shadow|
|poke|p2|Yveltal|
|poke|p2|Zacian-*|
|teampreview
|inactive|Battle timer is ON: inactive players will automatically lose when time's up. (requested by Beefnation)
|c|☆Beefnation|glhf
|
|t:|1660072507
|start
|switch|p1a: The Big One|Groudon, shiny|100/100
|switch|p2a: Calyrex|Calyrex-Shadow|100/100
|-ability|p2a: Calyrex|As One
|-ability|p2a: Calyrex|Unnerve
|detailschange|p1a: The Big One|Groudon-Primal, shiny
|-primal|p1a: The Big One
|-weather|DesolateLand|[from] ability: Desolate Land|[of] p1a: The Big One
|turn|1
|inactive|F.A.M.E.246 2nd has 120 seconds left.
|
|t:|1660072538
|move|p2a: Calyrex|Astral Barrage|p1a: The Big One
|-damage|p1a: The Big One|0 fnt
|faint|p1a: The Big One
|-weather|none
|-ability|p2a: Calyrex|Grim Neigh|boost
|-boost|p2a: Calyrex|spa|1
|
|upkeep
|c|☆F.A.M.E.246 2nd|hf
|
|t:|1660072543
|switch|p1a: Thickums|Lugia, shiny|100/100
|turn|2
|c|☆F.A.M.E.246 2nd|Sorry,
|c|☆F.A.M.E.246 2nd|playin 2 games at once
|c|☆Beefnation|ur good, take ur time
|inactive|F.A.M.E.246 2nd has 120 seconds left.
|c|☆F.A.M.E.246 2nd|Like, a game on my phone lol
|inactive|F.A.M.E.246 2nd has 90 seconds left.
|
|t:|1660072594
|switch|p2a: Arceus|Arceus-Rock|100/100
|move|p1a: Thickums|Ice Beam|p2a: Arceus
|-damage|p2a: Arceus|87/100
|
|upkeep
|turn|3
|c|☆Beefnation|lol just dont time out here
|
|t:|1660072602
|move|p2a: Arceus|Will-O-Wisp|p1a: Thickums
|-status|p1a: Thickums|brn
|move|p1a: Thickums|Toxic|p2a: Arceus
|-status|p2a: Arceus|tox
|
|-damage|p2a: Arceus|81/100 tox|[from] psn
|-damage|p1a: Thickums|94/100 brn|[from] brn
|upkeep
|turn|4
|
|t:|1660072607
|move|p2a: Arceus|Will-O-Wisp|p1a: Thickums
|-fail|p1a: Thickums|brn
|move|p1a: Thickums|Roost|p1a: Thickums
|-heal|p1a: Thickums|100/100 brn
|-singleturn|p1a: Thickums|move: Roost
|
|-damage|p2a: Arceus|69/100 tox|[from] psn
|-damage|p1a: Thickums|94/100 brn|[from] brn
|upkeep
|turn|5
|
|t:|1660072612
|switch|p2a: Scizor|Scizor, F|100/100
|move|p1a: Thickums|Roost|p1a: Thickums
|-heal|p1a: Thickums|100/100 brn
|-singleturn|p1a: Thickums|move: Roost
|
|-damage|p1a: Thickums|94/100 brn|[from] brn
|upkeep
|turn|6
|
|t:|1660072615
|detailschange|p2a: Scizor|Scizor-Mega, F
|-mega|p2a: Scizor|Scizor|Scizorite
|move|p1a: Thickums|Ice Beam|p2a: Scizor
|-resisted|p2a: Scizor
|-damage|p2a: Scizor|91/100
|move|p2a: Scizor|U-turn|p1a: Thickums
|-damage|p1a: Thickums|76/100 brn
|inactive|F.A.M.E.246 2nd has 120 seconds left.
|
|t:|1660072629
|switch|p2a: Arceus|Arceus-Rock|69/100 tox|[from]move: U-turn
|
|-damage|p2a: Arceus|63/100 tox|[from] psn
|-damage|p1a: Thickums|70/100 brn|[from] brn
|upkeep
|turn|7
|
|t:|1660072632
|move|p2a: Arceus|Refresh|p2a: Arceus
|-curestatus|p2a: Arceus|tox|[msg]
|move|p1a: Thickums|Roost|p1a: Thickums
|-heal|p1a: Thickums|100/100 brn
|-singleturn|p1a: Thickums|move: Roost
|
|-damage|p1a: Thickums|94/100 brn|[from] brn
|upkeep
|turn|8
|
|t:|1660072640
|move|p2a: Arceus|Recover|p2a: Arceus
|-heal|p2a: Arceus|100/100
|move|p1a: Thickums|Ice Beam|p2a: Arceus
|-damage|p2a: Arceus|87/100
|
|-damage|p1a: Thickums|88/100 brn|[from] brn
|upkeep
|turn|9
|
|t:|1660072651
|switch|p2a: Scizor|Scizor-Mega, F|91/100
|move|p1a: Thickums|Toxic|p2a: Scizor
|-immune|p2a: Scizor
|
|-damage|p1a: Thickums|82/100 brn|[from] brn
|upkeep
|turn|10
|
|t:|1660072666
|move|p1a: Thickums|Ice Beam|p2a: Scizor
|-resisted|p2a: Scizor
|-damage|p2a: Scizor|82/100
|move|p2a: Scizor|Curse|p2a: Scizor
|-unboost|p2a: Scizor|spe|1
|-boost|p2a: Scizor|atk|1
|-boost|p2a: Scizor|def|1
|
|-damage|p1a: Thickums|76/100 brn|[from] brn
|upkeep
|turn|11
|
|t:|1660072680
|move|p1a: Thickums|Ice Beam|p2a: Scizor
|-resisted|p2a: Scizor
|-damage|p2a: Scizor|73/100
|move|p2a: Scizor|U-turn|p1a: Thickums
|-damage|p1a: Thickums|51/100 brn
|
|t:|1660072686
|switch|p2a: Groudon|Groudon|100/100|[from]move: U-turn
|detailschange|p2a: Groudon|Groudon-Primal
|-primal|p2a: Groudon
|-weather|DesolateLand|[from] ability: Desolate Land|[of] p2a: Groudon
|
|-weather|DesolateLand|[upkeep]
|-damage|p1a: Thickums|45/100 brn|[from] brn
|upkeep
|turn|12
|
|t:|1660072691
|move|p1a: Thickums|Roost|p1a: Thickums
|-heal|p1a: Thickums|95/100 brn
|-singleturn|p1a: Thickums|move: Roost
|move|p2a: Groudon|Stealth Rock|p1a: Thickums
|-sidestart|p1: Beefnation|move: Stealth Rock
|
|-weather|DesolateLand|[upkeep]
|-damage|p1a: Thickums|89/100 brn|[from] brn
|upkeep
|turn|13
|
|t:|1660072697
|-weather|none
|switch|p2a: Scizor|Scizor-Mega, F|73/100
|move|p1a: Thickums|Toxic|p2a: Scizor|[miss]
|-miss|p1a: Thickums|p2a: Scizor
|
|-damage|p1a: Thickums|83/100 brn|[from] brn
|upkeep
|turn|14
|
|t:|1660072701
|move|p1a: Thickums|Ice Beam|p2a: Scizor
|-resisted|p2a: Scizor
|-damage|p2a: Scizor|63/100
|move|p2a: Scizor|Curse|p2a: Scizor
|-unboost|p2a: Scizor|spe|1
|-boost|p2a: Scizor|atk|1
|-boost|p2a: Scizor|def|1
|
|-damage|p1a: Thickums|77/100 brn|[from] brn
|upkeep
|turn|15
|
|t:|1660072705
|move|p1a: Thickums|Ice Beam|p2a: Scizor
|-resisted|p2a: Scizor
|-damage|p2a: Scizor|54/100
|move|p2a: Scizor|Roost|p2a: Scizor
|-heal|p2a: Scizor|100/100
|-singleturn|p2a: Scizor|move: Roost
|
|-damage|p1a: Thickums|71/100 brn|[from] brn
|upkeep
|turn|16
|
|t:|1660072714
|move|p1a: Thickums|Defog|p2a: Scizor
|-unboost|p2a: Scizor|evasion|1
|-sideend|p1: Beefnation|Stealth Rock|[from] move: Defog|[of] p1a: Thickums
|move|p2a: Scizor|Curse|p2a: Scizor
|-unboost|p2a: Scizor|spe|1
|-boost|p2a: Scizor|atk|1
|-boost|p2a: Scizor|def|1
|
|-damage|p1a: Thickums|65/100 brn|[from] brn
|upkeep
|turn|17
|
|t:|1660072721
|move|p2a: Scizor|Bullet Punch|p1a: Thickums
|-damage|p1a: Thickums|32/100 brn
|move|p1a: Thickums|Ice Beam|p2a: Scizor
|-resisted|p2a: Scizor
|-damage|p2a: Scizor|91/100
|
|-damage|p1a: Thickums|26/100 brn|[from] brn
|upkeep
|turn|18
|
|t:|1660072727
|move|p2a: Scizor|Bullet Punch|p1a: Thickums
|-damage|p1a: Thickums|0 fnt
|faint|p1a: Thickums
|
|upkeep
|
|t:|1660072730
|switch|p1a: Solid Snake|Rayquaza|100/100
|-ability|p1a: Solid Snake|Air Lock
|turn|19
|
|t:|1660072735
|switch|p2a: Arceus|Arceus-Rock|87/100
|move|p1a: Solid Snake|V-create|p2a: Arceus
|-resisted|p2a: Arceus
|-damage|p2a: Arceus|54/100
|-unboost|p1a: Solid Snake|spe|1
|-unboost|p1a: Solid Snake|def|1
|-unboost|p1a: Solid Snake|spd|1
|-damage|p1a: Solid Snake|91/100|[from] item: Life Orb
|
|upkeep
|turn|20
|
|t:|1660072742
|switch|p1a: Scooby-Doo + sword|Zacian-Crowned, shiny|100/100
|-ability|p1a: Scooby-Doo + sword|Intrepid Sword|boost
|-boost|p1a: Scooby-Doo + sword|atk|1
|move|p2a: Arceus|Will-O-Wisp|p1a: Scooby-Doo + sword
|-status|p1a: Scooby-Doo + sword|brn
|
|-damage|p1a: Scooby-Doo + sword|94/100 brn|[from] brn
|upkeep
|turn|21
|
|t:|1660072748
|switch|p2a: Scizor|Scizor-Mega, F|91/100
|move|p1a: Scooby-Doo + sword|Swords Dance|p1a: Scooby-Doo + sword
|-boost|p1a: Scooby-Doo + sword|atk|2
|
|-damage|p1a: Scooby-Doo + sword|88/100 brn|[from] brn
|upkeep
|turn|22
|
|t:|1660072751
|move|p1a: Scooby-Doo + sword|Swords Dance|p1a: Scooby-Doo + sword
|-boost|p1a: Scooby-Doo + sword|atk|2
|move|p2a: Scizor|Curse|p2a: Scizor
|-unboost|p2a: Scizor|spe|1
|-boost|p2a: Scizor|atk|1
|-boost|p2a: Scizor|def|1
|
|-damage|p1a: Scooby-Doo + sword|82/100 brn|[from] brn
|upkeep
|turn|23
|
|t:|1660072757
|move|p1a: Scooby-Doo + sword|Sacred Sword|p2a: Scizor
|-damage|p2a: Scizor|53/100
|move|p2a: Scizor|Curse|p2a: Scizor
|-unboost|p2a: Scizor|spe|1
|-boost|p2a: Scizor|atk|1
|-boost|p2a: Scizor|def|1
|
|-damage|p1a: Scooby-Doo + sword|76/100 brn|[from] brn
|upkeep
|turn|24
|
|t:|1660072761
|move|p1a: Scooby-Doo + sword|Sacred Sword|p2a: Scizor
|-damage|p2a: Scizor|15/100
|move|p2a: Scizor|Roost|p2a: Scizor
|-heal|p2a: Scizor|66/100
|-singleturn|p2a: Scizor|move: Roost
|
|-damage|p1a: Scooby-Doo + sword|70/100 brn|[from] brn
|upkeep
|turn|25
|c|☆F.A.M.E.246 2nd|That burn is doin the Lord's work
|
|t:|1660072773
|move|p1a: Scooby-Doo + sword|Sacred Sword|p2a: Scizor
|-damage|p2a: Scizor|26/100
|move|p2a: Scizor|Curse|p2a: Scizor
|-unboost|p2a: Scizor|spe|1
|-boost|p2a: Scizor|atk|1
|-boost|p2a: Scizor|def|1
|
|-damage|p1a: Scooby-Doo + sword|64/100 brn|[from] brn
|upkeep
|turn|26
|c|☆Beefnation|fr fr
|c|☆F.A.M.E.246 2nd|WTF
|c|☆F.A.M.E.246 2nd|I THOUGHT I CLICKED ROOST
|
|t:|1660072786
|move|p2a: Scizor|Bullet Punch|p1a: Scooby-Doo + sword
|-damage|p1a: Scooby-Doo + sword|3/100 brn
|move|p1a: Scooby-Doo + sword|Sacred Sword|p2a: Scizor
|-damage|p2a: Scizor|0 fnt
|faint|p2a: Scizor
|
|-damage|p1a: Scooby-Doo + sword|0 fnt|[from] brn
|faint|p1a: Scooby-Doo + sword
|upkeep
|c|☆F.A.M.E.246 2nd|Omfg...
|c|☆Beefnation|well at least u took it out
|
|t:|1660072802
|switch|p1a: Super Deer|Xerneas, shiny|100/100
|switch|p2a: Calyrex|Calyrex-Shadow|100/100
|-ability|p2a: Calyrex|As One
|-ability|p2a: Calyrex|Unnerve
|-ability|p1a: Super Deer|Fairy Aura
|turn|27
|c|☆F.A.M.E.246 2nd|I did,
|c|☆F.A.M.E.246 2nd|but at what cost
|
|t:|1660072808
|move|p2a: Calyrex|Astral Barrage|p1a: Super Deer
|-damage|p1a: Super Deer|5/100
|move|p1a: Super Deer|Geomancy||[still]
|-prepare|p1a: Super Deer|Geomancy
|-enditem|p1a: Super Deer|Power Herb
|-anim|p1a: Super Deer|Geomancy|p1a: Super Deer
|-boost|p1a: Super Deer|spa|2
|-boost|p1a: Super Deer|spd|2
|-boost|p1a: Super Deer|spe|2
|
|upkeep
|turn|28
|
|t:|1660072823
|switch|p2a: Zacian|Zacian-Crowned|100/100
|-ability|p2a: Zacian|Intrepid Sword|boost
|-boost|p2a: Zacian|atk|1
|-start|p1a: Super Deer|Dynamax|
|-heal|p1a: Super Deer|5/100|[silent]
|move|p1a: Super Deer|Max Starfall|p2a: Zacian
|-resisted|p2a: Zacian
|-damage|p2a: Zacian|12/100
|-fieldstart|move: Misty Terrain
|
|upkeep
|turn|29
|
|t:|1660072828
|move|p1a: Super Deer|Max Flare|p2a: Zacian
|-supereffective|p2a: Zacian
|-damage|p2a: Zacian|0 fnt
|-weather|SunnyDay
|faint|p2a: Zacian
|
|-weather|SunnyDay|[upkeep]
|upkeep
|
|t:|1660072830
|switch|p2a: Groudon|Groudon-Primal|100/100
|-weather|DesolateLand|[from] ability: Desolate Land|[of] p2a: Groudon
|turn|30
|
|t:|1660072833
|move|p1a: Super Deer|Max Starfall|p2a: Groudon
|-resisted|p2a: Groudon
|-damage|p2a: Groudon|25/100
|move|p2a: Groudon|Precipice Blades|p1a: Super Deer
|-damage|p1a: Super Deer|0 fnt
|faint|p1a: Super Deer
|
|-weather|DesolateLand|[upkeep]
|upkeep
|
|t:|1660072838
|switch|p1a: Solid Snake|Rayquaza|91/100
|-ability|p1a: Solid Snake|Air Lock
|turn|31
|
|t:|1660072845
|move|p1a: Solid Snake|Dragon Ascent|p2a: Groudon
|-damage|p2a: Groudon|0 fnt
|-unboost|p1a: Solid Snake|def|1
|-unboost|p1a: Solid Snake|spd|1
|faint|p2a: Groudon
|-weather|none
|-damage|p1a: Solid Snake|81/100|[from] item: Life Orb
|
|upkeep
|
|t:|1660072848
|switch|p2a: Arceus|Arceus-Rock|54/100
|turn|32
|
|t:|1660072854
|move|p2a: Arceus|Judgment|p1a: Solid Snake
|-supereffective|p1a: Solid Snake
|-damage|p1a: Solid Snake|0 fnt
|faint|p1a: Solid Snake
|
|-fieldend|Misty Terrain
|upkeep
|c|☆F.A.M.E.246 2nd|Why not mega?
|
|t:|1660072856
|switch|p1a: Among Us|Ditto, shiny|100/100
|-transform|p1a: Among Us|p2a: Arceus|[from] ability: Imposter
|turn|33
|
|t:|1660072861
|move|p1a: Among Us|Will-O-Wisp|p2a: Arceus
|-status|p2a: Arceus|brn
|move|p2a: Arceus|Will-O-Wisp|p1a: Among Us
|-status|p1a: Among Us|brn
|
|-damage|p1a: Among Us|95/100 brn|[from] brn
|-damage|p2a: Arceus|48/100 brn|[from] brn
|upkeep
|turn|34
|c|☆Beefnation|all honesty, I completely forgot to click it
|
|t:|1660072875
|move|p1a: Among Us|Will-O-Wisp|p2a: Arceus
|-fail|p2a: Arceus|brn
|move|p2a: Arceus|Recover|p2a: Arceus
|-heal|p2a: Arceus|98/100 brn
|
|-damage|p1a: Among Us|89/100 brn|[from] brn
|-damage|p2a: Arceus|92/100 brn|[from] brn
|upkeep
|turn|35
|c|☆F.A.M.E.246 2nd|Lol
|c|☆F.A.M.E.246 2nd|gg then
|c|☆Beefnation|lol gg
|-message|Beefnation forfeited.
|
|win|F.A.M.E.246 2nd
|raw|Beefnation's rating: 1627 &rarr; <strong>1617</strong><br />(-10 for losing)
|raw|F.A.M.E.246 2nd's rating: 1823 &rarr; <strong>1833</strong><br />(+10 for winning)
|l|☆Beefnation
|l|☆F.A.M.E.246 2nd
||Ladder isn't responding, score probably updated but might not have (Request timeout).
|j|☆F.A.M.E.246 2nd
|player|p2|F.A.M.E.246 2nd|1
