|j|☆PepsiPHD
|j|☆amnael1
|t:|1663908708
|gametype|singles
|player|p1|PepsiPHD|li|1620
|player|p2|amnael1|101|1787
|teamsize|p1|6
|teamsize|p2|6
|gen|8
|tier|[Gen 8] National Dex AG
|rated|
|rule|HP Percentage Mod: HP is shown in percentages
|rule|Endless Battle Clause: Forcing endless battles is banned
|clearpoke
|poke|p1|Flygon, M|
|poke|p1|Banette, F|
|poke|p1|Scizor, F|
|poke|p1|Moltres-Galar|
|poke|p1|Lugia|
|poke|p1|Regieleki|
|poke|p2|Smeargle, M|
|poke|p2|Groudon|
|poke|p2|Espeon, M|
|poke|p2|Rayquaza|
|poke|p2|Xerneas-*|
|poke|p2|Zacian-*|
|teampreview
|
|t:|1663908715
|start
|switch|p1a: Flygon|Flygon, M|100/100
|switch|p2a: Groudon|Groudon|100/100
|detailschange|p2a: Groudon|Groudon-Primal
|-primal|p2a: Groudon
|-weather|DesolateLand|[from] ability: Desolate Land|[of] p2a: Groudon
|turn|1
|
|t:|1663908720
|-weather|none
|switch|p2a: Rayquaza|Rayquaza|100/100
|-ability|p2a: Rayquaza|Air Lock
|move|p1a: Flygon|Earthquake|p2a: Rayquaza
|-immune|p2a: Rayquaza
|
|upkeep
|turn|2
|
|t:|1663908725
|switch|p1a: Lugia|Lugia|100/100
|-ability|p1a: Lugia|Pressure
|switch|p2a: Smeargle|Smeargle, M|100/100
|
|-ability|p2a: Smeargle|Moody|boost
|-boost|p2a: Smeargle|spa|2
|-unboost|p2a: Smeargle|atk|1
|upkeep
|turn|3
|
|t:|1663908738
|move|p1a: Lugia|Aeroblast|p2a: Smeargle
|-enditem|p2a: Smeargle|Focus Sash
|-damage|p2a: Smeargle|1/100
|move|p2a: Smeargle|Baton Pass|p2a: Smeargle
|
|t:|1663908743
|switch|p2a: Xerneas|Xerneas|100/100|[from]move: Baton Pass
|-ability|p2a: Xerneas|Fairy Aura
|
|upkeep
|turn|4
|
|t:|1663908754
|switch|p1a: Scizor|Scizor, F|100/100
|move|p2a: Xerneas|Geomancy||[still]
|-prepare|p2a: Xerneas|Geomancy
|-enditem|p2a: Xerneas|Power Herb
|-anim|p2a: Xerneas|Geomancy|p2a: Xerneas
|-boost|p2a: Xerneas|spa|2
|-boost|p2a: Xerneas|spd|2
|-boost|p2a: Xerneas|spe|2
|
|upkeep
|turn|5
|
|t:|1663908757
|-start|p2a: Xerneas|Dynamax|
|-heal|p2a: Xerneas|100/100|[silent]
|move|p1a: Scizor|Bullet Punch|p2a: Xerneas
|-supereffective|p2a: Xerneas
|-damage|p2a: Xerneas|75/100
|move|p2a: Xerneas|Max Flare|p1a: Scizor
|-supereffective|p1a: Scizor
|-damage|p1a: Scizor|0 fnt
|-weather|SunnyDay
|faint|p1a: Scizor
|
|-weather|SunnyDay|[upkeep]
|upkeep
|
|t:|1663908759
|switch|p1a: Banette|Banette, F|100/100
|turn|6
|
|t:|1663908761
|detailschange|p1a: Banette|Banette-Mega, F
|-mega|p1a: Banette|Banette|Banettite
|move|p1a: Banette|Substitute|p1a: Banette
|-start|p1a: Banette|Substitute
|-damage|p1a: Banette|76/100
|move|p2a: Xerneas|Max Starfall|p1a: Banette
|-end|p1a: Banette|Substitute
|-fieldstart|move: Misty Terrain
|
|-weather|SunnyDay|[upkeep]
|upkeep
|turn|7
|
|t:|1663908766
|move|p1a: Banette|Substitute|p1a: Banette
|-start|p1a: Banette|Substitute
|-damage|p1a: Banette|51/100
|move|p2a: Xerneas|Max Starfall|p1a: Banette
|-end|p1a: Banette|Substitute
|
|-weather|SunnyDay|[upkeep]
|upkeep
|-end|p2a: Xerneas|Dynamax
|-heal|p2a: Xerneas|75/100|[silent]
|turn|8
|
|t:|1663908769
|move|p1a: Banette|Destiny Bond|p1a: Banette
|-singlemove|p1a: Banette|Destiny Bond
|move|p2a: Xerneas|Moonblast|p1a: Banette
|-damage|p1a: Banette|0 fnt
|faint|p1a: Banette
|-activate|p1a: Banette|move: Destiny Bond
|faint|p2a: Xerneas
|
|-weather|SunnyDay|[upkeep]
|upkeep
|
|t:|1663908775
|switch|p1a: Flygon|Flygon, M|100/100
|switch|p2a: Zacian|Zacian-Crowned|100/100
|-ability|p2a: Zacian|Intrepid Sword|boost
|-boost|p2a: Zacian|atk|1
|turn|9
|
|t:|1663908779
|move|p1a: Flygon|Earthquake|p2a: Zacian
|-supereffective|p2a: Zacian
|-damage|p2a: Zacian|19/100
|move|p2a: Zacian|Play Rough|p1a: Flygon
|-supereffective|p1a: Flygon
|-damage|p1a: Flygon|0 fnt
|faint|p1a: Flygon
|
|-weather|none
|upkeep
|
|t:|1663908782
|switch|p1a: Regieleki|Regieleki|100/100
|turn|10
|
|t:|1663908787
|switch|p1a: Lugia|Lugia|100/100
|-ability|p1a: Lugia|Pressure
|switch|p2a: Groudon|Groudon-Primal|100/100
|-weather|DesolateLand|[from] ability: Desolate Land|[of] p2a: Groudon
|
|-weather|DesolateLand|[upkeep]
|-fieldend|Misty Terrain
|upkeep
|turn|11
|
|t:|1663908794
|move|p1a: Lugia|Aeroblast|p2a: Groudon
|-crit|p2a: Groudon
|-damage|p2a: Groudon|7/100
|move|p2a: Groudon|Stealth Rock|p1a: Lugia
|-sidestart|p1: PepsiPHD|move: Stealth Rock
|
|-weather|DesolateLand|[upkeep]
|upkeep
|turn|12
|
|t:|1663908796
|move|p1a: Lugia|Aeroblast|p2a: Groudon
|-damage|p2a: Groudon|0 fnt
|faint|p2a: Groudon
|-weather|none
|
|upkeep
|
|t:|1663908799
|switch|p2a: Zacian|Zacian-Crowned|19/100
|-ability|p2a: Zacian|Intrepid Sword|boost
|-boost|p2a: Zacian|atk|1
|turn|13
|
|t:|1663908801
|move|p2a: Zacian|Play Rough|p1a: Lugia
|-damage|p1a: Lugia|38/100
|move|p1a: Lugia|Aeroblast|p2a: Zacian
|-resisted|p2a: Zacian
|-damage|p2a: Zacian|0 fnt
|faint|p2a: Zacian
|
|upkeep
|
|t:|1663908805
|switch|p2a: Espeon|Espeon, M|100/100
|turn|14
|
|t:|1663908807
|move|p2a: Espeon|Shadow Ball|p1a: Lugia
|-supereffective|p1a: Lugia
|-damage|p1a: Lugia|0 fnt
|faint|p1a: Lugia
|
|upkeep
|
|t:|1663908816
|switch|p1a: Moltres|Moltres-Galar|100/100
|-damage|p1a: Moltres|76/100|[from] Stealth Rock
|turn|15
|
|t:|1663908820
|move|p2a: Espeon|Yawn|p1a: Moltres
|-start|p1a: Moltres|move: Yawn|[of] p2a: Espeon
|move|p1a: Moltres|Fiery Wrath|p2a: Espeon
|-supereffective|p2a: Espeon
|-enditem|p2a: Espeon|Focus Sash
|-damage|p2a: Espeon|1/100
|
|-heal|p1a: Moltres|82/100|[from] item: Leftovers
|upkeep
|turn|16
|
|t:|1663908823
|switch|p1a: Regieleki|Regieleki|100/100
|-damage|p1a: Regieleki|88/100|[from] Stealth Rock
|move|p2a: Espeon|Baton Pass|p2a: Espeon
|
|t:|1663908825
|switch|p2a: Rayquaza|Rayquaza|100/100|[from]move: Baton Pass
|-ability|p2a: Rayquaza|Air Lock
|
|upkeep
|turn|17
|
|t:|1663908827
|detailschange|p2a: Rayquaza|Rayquaza-Mega
|-mega|p2a: Rayquaza|Rayquaza|
|-weather|DeltaStream|[from] ability: Delta Stream|[of] p2a: Rayquaza
|move|p1a: Regieleki|Volt Switch|p2a: Rayquaza
|-activate||deltastream
|-resisted|p2a: Rayquaza
|-damage|p2a: Rayquaza|73/100
|
|t:|1663908830
|switch|p1a: Moltres|Moltres-Galar|82/100|[from]move: Volt Switch
|-damage|p1a: Moltres|57/100|[from] Stealth Rock
|move|p2a: Rayquaza|Earthquake|p1a: Moltres
|-immune|p1a: Moltres
|
|-weather|DeltaStream|[upkeep]
|-heal|p1a: Moltres|63/100|[from] item: Leftovers
|upkeep
|turn|18
|
|t:|1663908833
|-weather|none
|switch|p2a: Smeargle|Smeargle, M|1/100
|move|p1a: Moltres|Fiery Wrath|p2a: Smeargle
|-damage|p2a: Smeargle|0 fnt
|faint|p2a: Smeargle
|
|-heal|p1a: Moltres|69/100|[from] item: Leftovers
|upkeep
|
|t:|1663908835
|switch|p2a: Espeon|Espeon, M|1/100
|turn|19
|
|t:|1663908839
|switch|p1a: Regieleki|Regieleki|88/100
|-damage|p1a: Regieleki|76/100|[from] Stealth Rock
|move|p2a: Espeon|Yawn|p1a: Regieleki
|-start|p1a: Regieleki|move: Yawn|[of] p2a: Espeon
|
|upkeep
|turn|20
|
|t:|1663908842
|move|p1a: Regieleki|Volt Switch|p2a: Espeon
|-damage|p2a: Espeon|0 fnt
|faint|p2a: Espeon
|
|t:|1663908869
|switch|p1a: Moltres|Moltres-Galar|69/100|[from]move: Volt Switch
|-damage|p1a: Moltres|44/100|[from] Stealth Rock
|
|-heal|p1a: Moltres|51/100|[from] item: Leftovers
|upkeep
|
|t:|1663908874
|switch|p2a: Rayquaza|Rayquaza-Mega|73/100
|-weather|DeltaStream|[from] ability: Delta Stream|[of] p2a: Rayquaza
|turn|21
|
|t:|1663908877
|-start|p1a: Moltres|Dynamax|
|-heal|p1a: Moltres|51/100|[silent]
|move|p2a: Rayquaza|Dragon Ascent|p1a: Moltres
|-damage|p1a: Moltres|3/100
|-unboost|p2a: Rayquaza|def|1
|-unboost|p2a: Rayquaza|spd|1
|-ability|p1a: Moltres|Berserk|boost
|-boost|p1a: Moltres|spa|1
|move|p1a: Moltres|Max Airstream|p2a: Rayquaza
|-damage|p2a: Rayquaza|0 fnt
|-boost|p1a: Moltres|spe|1
|faint|p2a: Rayquaza
|-weather|none
|
|win|PepsiPHD
|raw|PepsiPHD's rating: 1620 &rarr; <strong>1649</strong><br />(+29 for winning)
|raw|amnael1's rating: 1787 &rarr; <strong>1758</strong><br />(-29 for losing)
|l|☆amnael1
