|j|☆ShellRaptor556
|j|☆xLeonisx
|t:|1652377315
|gametype|singles
|player|p1|ShellRaptor556|sabrina|1587
|player|p2|xLeonisx|101|1593
|teamsize|p1|6
|teamsize|p2|6
|gen|8
|tier|[Gen 8] National Dex AG
|rated|
|rule|HP Percentage Mod: HP is shown in percentages
|rule|Endless Battle Clause: Forcing endless battles is banned
|clearpoke
|poke|p1|Zacian-*|
|poke|p1|Kyogre|
|poke|p1|Yveltal|
|poke|p1|Ferrothorn, M|
|poke|p1|Salamence, F|
|poke|p1|Groudon|
|poke|p2|Deoxys-Speed|
|poke|p2|Ditto|
|poke|p2|Kyogre|
|poke|p2|Calyrex-Shadow|
|poke|p2|Lugia|
|poke|p2|Zacian-*|
|teampreview
|inactive|Battle timer is ON: inactive players will automatically lose when time's up. (requested by ShellRaptor556)
|c|☆xLeonisx|do u wanna play where i tell u every move lol
|c|☆xLeonisx|i been doing it for fun
|c|☆ShellRaptor556|Yah sure lol
|c|☆ShellRaptor556|Don't lie >:(
|inactive|xLeonisx has 120 seconds left.
|c|☆xLeonisx|ok im gonna start lugia
|c|☆xLeonisx|no i wont
|
|t:|1652377354
|start
|switch|p1a: Ferrothorn|Ferrothorn, M|100/100
|switch|p2a: Lugia|Lugia|100/100
|turn|1
|c|☆xLeonisx|whirlwind
|
|t:|1652377366
|move|p1a: Ferrothorn|Stealth Rock|p2a: Lugia
|-sidestart|p2: xLeonisx|move: Stealth Rock
|move|p2a: Lugia|Whirlwind|p1a: Ferrothorn
|drag|p1a: Groudon|Groudon|100/100
|detailschange|p1a: Groudon|Groudon-Primal
|-primal|p1a: Groudon
|-weather|DesolateLand|[from] ability: Desolate Land|[of] p1a: Groudon
|
|-weather|DesolateLand|[upkeep]
|upkeep
|turn|2
|c|☆xLeonisx|defog
|
|t:|1652377385
|move|p2a: Lugia|Defog|p1a: Groudon
|-unboost|p1a: Groudon|evasion|1
|-sideend|p2: xLeonisx|Stealth Rock|[from] move: Defog|[of] p2a: Lugia
|move|p1a: Groudon|Fire Punch|p2a: Lugia
|-damage|p2a: Lugia|78/100
|
|-weather|DesolateLand|[upkeep]
|upkeep
|turn|3
|c|☆xLeonisx|toxic
|
|t:|1652377395
|-weather|none
|switch|p1a: Ferrothorn|Ferrothorn, M|100/100
|move|p2a: Lugia|Toxic|p1a: Ferrothorn
|-immune|p1a: Ferrothorn
|
|upkeep
|turn|4
|c|☆xLeonisx|swap into zacian
|
|t:|1652377404
|switch|p2a: Zacian|Zacian-Crowned|100/100
|-ability|p2a: Zacian|Intrepid Sword|boost
|-boost|p2a: Zacian|atk|1
|move|p1a: Ferrothorn|Leech Seed|p2a: Zacian
|-start|p2a: Zacian|move: Leech Seed
|
|-damage|p2a: Zacian|88/100|[from] Leech Seed|[of] p1a: Ferrothorn
|upkeep
|turn|5
|c|☆xLeonisx|cc
|
|t:|1652377416
|switch|p1a: Salamence|Salamence, F|100/100
|-ability|p1a: Salamence|Intimidate|boost
|-unboost|p2a: Zacian|atk|1
|move|p2a: Zacian|Close Combat|p1a: Salamence
|-resisted|p1a: Salamence
|-damage|p1a: Salamence|66/100
|-unboost|p2a: Zacian|def|1
|-unboost|p2a: Zacian|spd|1
|
|-damage|p2a: Zacian|76/100|[from] Leech Seed|[of] p1a: Salamence
|-heal|p1a: Salamence|78/100|[silent]
|upkeep
|turn|6
|c|☆xLeonisx|play rough
|
|t:|1652377428
|switch|p1a: Ferrothorn|Ferrothorn, M|100/100
|move|p2a: Zacian|Play Rough|p1a: Ferrothorn
|-resisted|p1a: Ferrothorn
|-damage|p1a: Ferrothorn|84/100
|-damage|p2a: Zacian|64/100|[from] ability: Iron Barbs|[of] p1a: Ferrothorn
|-damage|p2a: Zacian|47/100|[from] item: Rocky Helmet|[of] p1a: Ferrothorn
|
|-damage|p2a: Zacian|35/100|[from] Leech Seed|[of] p1a: Ferrothorn
|-heal|p1a: Ferrothorn|95/100|[silent]
|upkeep
|turn|7
|c|☆xLeonisx|swap into lugia
|
|t:|1652377451
|switch|p2a: Lugia|Lugia|78/100
|move|p1a: Ferrothorn|Knock Off|p2a: Lugia
|-supereffective|p2a: Lugia
|-damage|p2a: Lugia|50/100
|-enditem|p2a: Lugia|Heavy-Duty Boots|[from] move: Knock Off|[of] p1a: Ferrothorn
|
|upkeep
|turn|8
|c|☆xLeonisx|see its no fun when the person is good lol
|c|☆xLeonisx|roost lol
|c|☆ShellRaptor556|Lmao
|inactive|ShellRaptor556 has 120 seconds left.
|
|t:|1652377474
|move|p2a: Lugia|Roost|p2a: Lugia
|-heal|p2a: Lugia|99/100
|-singleturn|p2a: Lugia|move: Roost
|move|p1a: Ferrothorn|Stealth Rock|p2a: Lugia
|-sidestart|p2: xLeonisx|move: Stealth Rock
|
|upkeep
|turn|9
|c|☆xLeonisx|whirlwinf
|
|t:|1652377484
|move|p1a: Ferrothorn|Leech Seed|p2a: Lugia
|-start|p2a: Lugia|move: Leech Seed
|move|p2a: Lugia|Whirlwind|p1a: Ferrothorn
|drag|p1a: Zacian|Zacian-Crowned|100/100
|-ability|p1a: Zacian|Intrepid Sword|boost
|-boost|p1a: Zacian|atk|1
|
|-damage|p2a: Lugia|87/100|[from] Leech Seed|[of] p1a: Zacian
|upkeep
|turn|10
|c|☆xLeonisx|defog
|
|t:|1652377501
|move|p1a: Zacian|Behemoth Blade|p2a: Lugia
|-damage|p2a: Lugia|22/100
|move|p2a: Lugia|Defog|p1a: Zacian
|-unboost|p1a: Zacian|evasion|1
|-sideend|p2: xLeonisx|Stealth Rock|[from] move: Defog|[of] p2a: Lugia
|
|-damage|p2a: Lugia|9/100|[from] Leech Seed|[of] p1a: Zacian
|upkeep
|turn|11
|c|☆xLeonisx|lol
|c|☆xLeonisx|roost
|inactive|ShellRaptor556 has 120 seconds left.
|c|☆ShellRaptor556|This is stupid I love it
|c|☆xLeonisx|lol
|
|t:|1652377530
|move|p1a: Zacian|Behemoth Blade|p2a: Lugia
|-damage|p2a: Lugia|0 fnt
|faint|p2a: Lugia
|
|upkeep
|c|☆xLeonisx|doexys
|
|t:|1652377535
|switch|p2a: Deoxys|Deoxys-Speed|100/100
|-ability|p2a: Deoxys|Pressure
|turn|12
|inactive|ShellRaptor556 has 120 seconds left.
|c|☆xLeonisx|stealth rock
|
|t:|1652377549
|move|p2a: Deoxys|Stealth Rock|p1a: Zacian
|-sidestart|p1: ShellRaptor556|move: Stealth Rock
|move|p1a: Zacian|Behemoth Blade|p2a: Deoxys
|-enditem|p2a: Deoxys|Focus Sash
|-damage|p2a: Deoxys|1/100
|
|upkeep
|turn|13
|c|☆xLeonisx|t wave
|inactive|ShellRaptor556 has 120 seconds left.
|
|t:|1652377556
|switch|p1a: Ferrothorn|Ferrothorn, M|95/100
|-damage|p1a: Ferrothorn|89/100|[from] Stealth Rock
|move|p2a: Deoxys|Thunder Wave|p1a: Ferrothorn
|-status|p1a: Ferrothorn|par
|
|upkeep
|turn|14
|c|☆xLeonisx|knock off
|
|t:|1652377563
|move|p2a: Deoxys|Knock Off|p1a: Ferrothorn
|-damage|p1a: Ferrothorn|72/100 par
|-damage|p2a: Deoxys|0 fnt|[from] ability: Iron Barbs|[of] p1a: Ferrothorn
|faint|p2a: Deoxys
|cant|p1a: Ferrothorn|par
|
|upkeep
|
|t:|1652377570
|switch|p2a: Zacian|Zacian-Crowned|35/100
|-ability|p2a: Zacian|Intrepid Sword|boost
|-boost|p2a: Zacian|atk|1
|turn|15
|c|☆xLeonisx|swords dance
|
|t:|1652377583
|move|p2a: Zacian|Swords Dance|p2a: Zacian
|-boost|p2a: Zacian|atk|2
|cant|p1a: Ferrothorn|par
|
|upkeep
|turn|16
|c|☆xLeonisx|swords dance
|c|☆ShellRaptor556|Nooooo
|
|t:|1652377598
|move|p2a: Zacian|Swords Dance|p2a: Zacian
|-boost|p2a: Zacian|atk|2
|move|p1a: Ferrothorn|Gyro Ball|p2a: Zacian
|-damage|p2a: Zacian|0 fnt
|faint|p2a: Zacian
|
|upkeep
|c|☆xLeonisx|lollll
|c|☆xLeonisx|calyrex?
|
|t:|1652377622
|switch|p2a: Calyrex|Calyrex-Shadow|100/100
|-ability|p2a: Calyrex|As One
|-ability|p2a: Calyrex|Unnerve
|turn|17
|c|☆xLeonisx|astral
|
|t:|1652377634
|move|p2a: Calyrex|Astral Barrage|p1a: Ferrothorn
|-damage|p1a: Ferrothorn|10/100 par
|move|p1a: Ferrothorn|Knock Off|p2a: Calyrex
|-supereffective|p2a: Calyrex
|-damage|p2a: Calyrex|1/100
|-enditem|p2a: Calyrex|Focus Sash|[from] move: Knock Off|[of] p1a: Ferrothorn
|
|upkeep
|turn|18
|c|☆xLeonisx|astral
|
|t:|1652377643
|move|p2a: Calyrex|Astral Barrage|p1a: Ferrothorn
|-damage|p1a: Ferrothorn|0 fnt
|faint|p1a: Ferrothorn
|-ability|p2a: Calyrex|Grim Neigh|boost
|-boost|p2a: Calyrex|spa|1
|
|upkeep
|
|t:|1652377656
|switch|p1a: Kyogre|Kyogre|100/100
|-damage|p1a: Kyogre|88/100|[from] Stealth Rock
|detailschange|p1a: Kyogre|Kyogre-Primal
|-primal|p1a: Kyogre
|-weather|PrimordialSea|[from] ability: Primordial Sea|[of] p1a: Kyogre
|turn|19
|c|☆xLeonisx|astral
|
|t:|1652377665
|move|p2a: Calyrex|Astral Barrage|p1a: Kyogre
|-damage|p1a: Kyogre|10/100
|move|p1a: Kyogre|Thunder|p2a: Calyrex
|-damage|p2a: Calyrex|0 fnt
|faint|p2a: Calyrex
|
|-weather|PrimordialSea|[upkeep]
|upkeep
|
|t:|1652377670
|switch|p2a: Ditto|Ditto|100/100
|-transform|p2a: Ditto|p1a: Kyogre|[from] ability: Imposter
|turn|20
|
|t:|1652377693
|move|p1a: Kyogre|Protect|p1a: Kyogre
|-singleturn|p1a: Kyogre|Protect
|move|p2a: Ditto|Ice Beam|p1a: Kyogre
|-activate|p1a: Kyogre|move: Protect
|
|-weather|PrimordialSea|[upkeep]
|upkeep
|turn|21
|c|☆ShellRaptor556|I'm sending this to my friends if you are ok with it?
|
|t:|1652377715
|switch|p1a: Zacian|Zacian-Crowned|100/100
|-damage|p1a: Zacian|94/100|[from] Stealth Rock
|-ability|p1a: Zacian|Intrepid Sword|boost
|-boost|p1a: Zacian|atk|1
|move|p2a: Ditto|Ice Beam|p1a: Zacian
|-resisted|p1a: Zacian
|-damage|p1a: Zacian|75/100
|
|-weather|PrimordialSea|[upkeep]
|upkeep
|turn|22
|c|☆xLeonisx|swap into kyogre
|
|t:|1652377739
|-weather|none
|switch|p2a: Kyogre|Kyogre|100/100
|detailschange|p2a: Kyogre|Kyogre-Primal
|-primal|p2a: Kyogre
|-weather|PrimordialSea|[from] ability: Primordial Sea|[of] p2a: Kyogre
|move|p1a: Zacian|Play Rough|p2a: Kyogre
|-damage|p2a: Kyogre|1/100
|
|-weather|PrimordialSea|[upkeep]
|upkeep
|turn|23
|c|☆xLeonisx|sure
|c|☆xLeonisx|thunder
|c|☆xLeonisx|sorry
|c|☆xLeonisx|op
|inactive|xLeonisx has 120 seconds left.
|c|☆ShellRaptor556|Chop dat fish
|
|t:|1652377785
|move|p1a: Zacian|Sacred Sword|p2a: Kyogre
|-damage|p2a: Kyogre|0 fnt
|faint|p2a: Kyogre
|-weather|none
|
|upkeep
|
|t:|1652377790
|switch|p2a: Ditto|Ditto|100/100
|-transform|p2a: Ditto|p1a: Zacian|[from] ability: Imposter
|-ability|p2a: Ditto|Intrepid Sword|boost
|-boost|p2a: Ditto|atk|1
|turn|24
|c|☆xLeonisx|bb
|
|t:|1652377801
|move|p2a: Ditto|Behemoth Blade|p1a: Zacian
|-damage|p1a: Zacian|0 fnt
|faint|p1a: Zacian
|
|upkeep
|
|t:|1652377810
|switch|p1a: Salamence|Salamence, F|78/100
|-damage|p1a: Salamence|54/100|[from] Stealth Rock
|-ability|p1a: Salamence|Intimidate|boost
|-unboost|p2a: Ditto|atk|1
|turn|25
|c|☆xLeonisx|bb
|
|t:|1652377821
|switch|p1a: Kyogre|Kyogre-Primal|10/100
|-damage|p1a: Kyogre|0 fnt|[from] Stealth Rock
|faint|p1a: Kyogre
|move|p2a: Ditto|Behemoth Blade|p1: Kyogre|[notarget]
|-fail|p2a: Ditto
|
|upkeep
|
|t:|1652377824
|switch|p1a: Salamence|Salamence, F|54/100
|-damage|p1a: Salamence|29/100|[from] Stealth Rock
|-ability|p1a: Salamence|Intimidate|boost
|-unboost|p2a: Ditto|atk|1
|turn|26
|c|☆xLeonisx|bb
|
|t:|1652377843
|switch|p1a: Yveltal|Yveltal|100/100
|-damage|p1a: Yveltal|76/100|[from] Stealth Rock
|-ability|p1a: Yveltal|Dark Aura
|move|p2a: Ditto|Behemoth Blade|p1a: Yveltal
|-damage|p1a: Yveltal|18/100
|
|upkeep
|turn|27
|
|t:|1652377847
|move|p2a: Ditto|Behemoth Blade|p1a: Yveltal
|-damage|p1a: Yveltal|0 fnt
|faint|p1a: Yveltal
|
|upkeep
|
|t:|1652377850
|switch|p1a: Salamence|Salamence, F|29/100
|-damage|p1a: Salamence|4/100|[from] Stealth Rock
|-ability|p1a: Salamence|Intimidate|boost
|-unboost|p2a: Ditto|atk|1
|turn|28
|c|☆xLeonisx|well i only have 1 option rn
|
|t:|1652377860
|detailschange|p1a: Salamence|Salamence-Mega, F
|-mega|p1a: Salamence|Salamence|Salamencite
|move|p2a: Ditto|Behemoth Blade|p1a: Salamence
|-damage|p1a: Salamence|0 fnt
|faint|p1a: Salamence
|
|upkeep
|
|t:|1652377864
|switch|p1a: Groudon|Groudon-Primal|100/100
|-damage|p1a: Groudon|88/100|[from] Stealth Rock
|-weather|DesolateLand|[from] ability: Desolate Land|[of] p1a: Groudon
|turn|29
|c|☆ShellRaptor556|The struggle is real
|
|t:|1652377873
|-activate|p2a: Ditto|move: Struggle
|move|p2a: Ditto|Struggle|p1a: Groudon
|-damage|p1a: Groudon|78/100
|-damage|p2a: Ditto|75/100|[from] recoil
|move|p1a: Groudon|Fire Punch|p2a: Ditto
|-supereffective|p2a: Ditto
|-damage|p2a: Ditto|0 fnt
|faint|p2a: Ditto
|
|win|ShellRaptor556
|raw|ShellRaptor556's rating: 1587 &rarr; <strong>1607</strong><br />(+20 for winning)
|raw|xLeonisx's rating: 1593 &rarr; <strong>1573</strong><br />(-20 for losing)
|c|☆xLeonisx|lol
|c|☆xLeonisx|gg
|c|☆ShellRaptor556|Gg
|c|☆xLeonisx|y u gonna send to ur friend lol?
|c|☆ShellRaptor556|Yep
|c|☆xLeonisx|why tho lol
|c|☆ShellRaptor556|Thanks for the battle XD
|c|☆ShellRaptor556|idk
||Ladder isn't responding, score probably updated but might not have (Request timeout).
|c|☆xLeonisx|np lol
|l|☆xLeonisx
|c|☆ShellRaptor556|For the laughs ig?
