|j|☆iopkj09
|j|☆CLEAR GEM清瑜
|t:|1665058669
|gametype|singles
|player|p1|iopkj09|nate|1838
|player|p2|CLEAR GEM清瑜|skierf|1889
|teamsize|p1|6
|teamsize|p2|6
|gen|8
|tier|[Gen 8] National Dex AG
|rated|
|rule|HP Percentage Mod: HP is shown in percentages
|rule|Endless Battle Clause: Forcing endless battles is banned
|clearpoke
|poke|p1|Yveltal|
|poke|p1|Xerneas-*|
|poke|p1|Rayquaza|
|poke|p1|Arceus-*|
|poke|p1|Melmetal|
|poke|p1|Ditto|
|poke|p2|Rayquaza|
|poke|p2|Groudon|
|poke|p2|Necrozma-Dusk-Mane|
|poke|p2|Arceus-*|
|poke|p2|Zacian-*|
|poke|p2|Yveltal|
|teampreview
|inactive|Battle timer is ON: inactive players will automatically lose when time's up. (requested by iopkj09)
|
|t:|1665058680
|start
|switch|p1a: Yveltal|Yveltal, shiny|100/100
|switch|p2a: 老烈|Rayquaza, shiny|100/100
|-ability|p1a: Yveltal|Dark Aura
|-ability|p2a: 老烈|Air Lock
|turn|1
|
|t:|1665058683
|detailschange|p2a: 老烈|Rayquaza-Mega, shiny
|-mega|p2a: 老烈|Rayquaza|
|-weather|DeltaStream|[from] ability: Delta Stream|[of] p2a: 老烈
|-start|p1a: Yveltal|Dynamax|
|-heal|p1a: Yveltal|100/100|[silent]
|move|p2a: 老烈|Dragon Ascent|p1a: Yveltal
|-damage|p1a: Yveltal|49/100
|-unboost|p2a: 老烈|def|1
|-unboost|p2a: 老烈|spd|1
|-damage|p2a: 老烈|91/100|[from] item: Life Orb
|move|p1a: Yveltal|Max Airstream|p2a: 老烈
|-damage|p2a: 老烈|0 fnt
|-boost|p1a: Yveltal|spe|1
|faint|p2a: 老烈
|-weather|none
|
|upkeep
|
|t:|1665058690
|switch|p2a: 嘉然小姐的狗|Zacian-Crowned|100/100
|-ability|p2a: 嘉然小姐的狗|Intrepid Sword|boost
|-boost|p2a: 嘉然小姐的狗|atk|1
|turn|2
|
|t:|1665058693
|move|p1a: Yveltal|Max Flare|p2a: 嘉然小姐的狗
|-supereffective|p2a: 嘉然小姐的狗
|-damage|p2a: 嘉然小姐的狗|35/100
|-weather|SunnyDay
|move|p2a: 嘉然小姐的狗|Behemoth Blade|p1a: Yveltal
|-damage|p1a: Yveltal|0 fnt
|faint|p1a: Yveltal
|
|-weather|SunnyDay|[upkeep]
|upkeep
|
|t:|1665058702
|switch|p1a: Ditto|Ditto, shiny|100/100
|-transform|p1a: Ditto|p2a: 嘉然小姐的狗|[from] ability: Imposter
|-ability|p1a: Ditto|Intrepid Sword|boost
|-boost|p1a: Ditto|atk|1
|turn|3
|
|t:|1665058709
|switch|p2a: 不会(?)|Groudon|100/100
|detailschange|p2a: 不会(?)|Groudon-Primal
|-primal|p2a: 不会(?)
|-weather|DesolateLand|[from] ability: Desolate Land|[of] p2a: 不会(?)
|move|p1a: Ditto|Close Combat|p2a: 不会(?)
|-damage|p2a: 不会(?)|59/100
|-unboost|p1a: Ditto|def|1
|-unboost|p1a: Ditto|spd|1
|
|-weather|DesolateLand|[upkeep]
|upkeep
|turn|4
|
|t:|1665058714
|switch|p1a: Rayquaza|Rayquaza|100/100
|-ability|p1a: Rayquaza|Air Lock
|move|p2a: 不会(?)|Stealth Rock|p1a: Rayquaza
|-sidestart|p1: iopkj09|move: Stealth Rock
|
|-weather|DesolateLand|[upkeep]
|upkeep
|turn|5
|
|t:|1665058717
|detailschange|p1a: Rayquaza|Rayquaza-Mega
|-mega|p1a: Rayquaza|Rayquaza|
|-weather|DeltaStream|[from] ability: Delta Stream|[of] p1a: Rayquaza
|move|p1a: Rayquaza|Dragon Dance|p1a: Rayquaza
|-boost|p1a: Rayquaza|atk|1
|-boost|p1a: Rayquaza|spe|1
|move|p2a: 不会(?)|Thunder Wave|p1a: Rayquaza
|-status|p1a: Rayquaza|par
|
|-weather|DeltaStream|[upkeep]
|upkeep
|turn|6
|
|t:|1665058719
|move|p1a: Rayquaza|Dragon Dance|p1a: Rayquaza
|-boost|p1a: Rayquaza|atk|1
|-boost|p1a: Rayquaza|spe|1
|move|p2a: 不会(?)|Roar|p1a: Rayquaza
|-weather|none
|drag|p1a: Arceus|Arceus|100/100
|-damage|p1a: Arceus|88/100|[from] Stealth Rock
|
|upkeep
|turn|7
|
|t:|1665058722
|move|p1a: Arceus|Swords Dance|p1a: Arceus
|-boost|p1a: Arceus|atk|2
|move|p2a: 不会(?)|Thunder Wave|p1a: Arceus
|-status|p1a: Arceus|par
|
|upkeep
|turn|8
|
|t:|1665058724
|move|p1a: Arceus|Extreme Speed|p2a: 不会(?)
|-damage|p2a: 不会(?)|21/100
|move|p2a: 不会(?)|Roar|p1a: Arceus
|drag|p1a: Xerneas|Xerneas, shiny|100/100
|-damage|p1a: Xerneas|88/100|[from] Stealth Rock
|-ability|p1a: Xerneas|Fairy Aura
|
|upkeep
|turn|9
|
|t:|1665058729
|move|p1a: Xerneas|Draining Kiss|p2a: 不会(?)
|-resisted|p2a: 不会(?)
|-damage|p2a: 不会(?)|3/100
|-heal|p1a: Xerneas|100/100|[from] drain|[of] p2a: 不会(?)
|move|p2a: 不会(?)|Roar|p1a: Xerneas
|drag|p1a: Arceus|Arceus|88/100 par
|-damage|p1a: Arceus|76/100 par|[from] Stealth Rock
|
|upkeep
|turn|10
|
|t:|1665058734
|move|p2a: 不会(?)|Fire Punch|p1a: Arceus
|-damage|p1a: Arceus|48/100 par
|move|p1a: Arceus|Swords Dance|p1a: Arceus
|-boost|p1a: Arceus|atk|2
|
|upkeep
|turn|11
|
|t:|1665058736
|move|p1a: Arceus|Extreme Speed|p2a: 不会(?)
|-damage|p2a: 不会(?)|0 fnt
|faint|p2a: 不会(?)
|
|upkeep
|
|t:|1665058742
|switch|p2a: Y鸟|Yveltal|100/100
|-ability|p2a: Y鸟|Dark Aura
|turn|12
|
|t:|1665058744
|-start|p2a: Y鸟|Dynamax|
|-heal|p2a: Y鸟|100/100|[silent]
|move|p2a: Y鸟|Max Airstream|p1a: Arceus
|-damage|p1a: Arceus|0 fnt
|-boost|p2a: Y鸟|spe|1
|faint|p1a: Arceus
|-damage|p2a: Y鸟|96/100|[from] item: Life Orb
|
|upkeep
|
|t:|1665058749
|switch|p1a: Melmetal|Melmetal, shiny|100/100
|-damage|p1a: Melmetal|94/100|[from] Stealth Rock
|turn|13
|
|t:|1665058752
|move|p2a: Y鸟|Max Darkness|p1a: Melmetal
|-damage|p1a: Melmetal|7/100
|-unboost|p1a: Melmetal|spd|1
|-damage|p2a: Y鸟|91/100|[from] item: Life Orb
|move|p1a: Melmetal|Double Iron Bash|p2a: Y鸟
|-damage|p2a: Y鸟|72/100
|-damage|p2a: Y鸟|52/100
|-hitcount|p2a: Y鸟|2
|
|upkeep
|turn|14
|
|t:|1665058755
|move|p2a: Y鸟|Max Airstream|p1a: Melmetal
|-resisted|p1a: Melmetal
|-damage|p1a: Melmetal|0 fnt
|-boost|p2a: Y鸟|spe|1
|faint|p1a: Melmetal
|-damage|p2a: Y鸟|47/100|[from] item: Life Orb
|
|upkeep
|
|t:|1665058757
|switch|p1a: Xerneas|Xerneas, shiny|100/100
|-damage|p1a: Xerneas|88/100|[from] Stealth Rock
|-ability|p1a: Xerneas|Fairy Aura
|-end|p2a: Y鸟|Dynamax
|-heal|p2a: Y鸟|48/100|[silent]
|turn|15
|
|t:|1665058759
|move|p2a: Y鸟|Hurricane|p1a: Xerneas
|-damage|p1a: Xerneas|15/100
|-start|p1a: Xerneas|confusion
|-damage|p2a: Y鸟|38/100|[from] item: Life Orb
|-activate|p1a: Xerneas|confusion
|-damage|p1a: Xerneas|7/100|[from] confusion
|
|upkeep
|turn|16
|
|t:|1665058763
|move|p2a: Y鸟|Dark Pulse|p1a: Xerneas
|-resisted|p1a: Xerneas
|-damage|p1a: Xerneas|0 fnt
|faint|p1a: Xerneas
|-damage|p2a: Y鸟|28/100|[from] item: Life Orb
|
|upkeep
|
|t:|1665058767
|switch|p1a: Ditto|Ditto, shiny|100/100
|-damage|p1a: Ditto|88/100|[from] Stealth Rock
|-transform|p1a: Ditto|p2a: Y鸟|[from] ability: Imposter
|-ability|p1a: Ditto|Dark Aura
|turn|17
|
|t:|1665058770
|move|p1a: Ditto|Hurricane|p2a: Y鸟
|-damage|p2a: Y鸟|0 fnt
|faint|p2a: Y鸟
|
|upkeep
|
|t:|1665058773
|switch|p2a: 嘉然小姐的狗|Zacian-Crowned|35/100
|-ability|p2a: 嘉然小姐的狗|Intrepid Sword|boost
|-boost|p2a: 嘉然小姐的狗|atk|1
|turn|18
|
|t:|1665058775
|move|p1a: Ditto|Hurricane|p2a: 嘉然小姐的狗|[miss]
|-miss|p1a: Ditto|p2a: 嘉然小姐的狗
|move|p2a: 嘉然小姐的狗|Behemoth Blade|p1a: Ditto
|-damage|p1a: Ditto|0 fnt
|faint|p1a: Ditto
|
|upkeep
|
|t:|1665058777
|switch|p1a: Rayquaza|Rayquaza-Mega|100/100 par
|-damage|p1a: Rayquaza|75/100 par|[from] Stealth Rock
|-weather|DeltaStream|[from] ability: Delta Stream|[of] p1a: Rayquaza
|turn|19
|
|t:|1665058780
|move|p1a: Rayquaza|Extreme Speed|p2a: 嘉然小姐的狗
|-resisted|p2a: 嘉然小姐的狗
|-damage|p2a: 嘉然小姐的狗|21/100
|move|p2a: 嘉然小姐的狗|Behemoth Blade|p1a: Rayquaza
|-damage|p1a: Rayquaza|0 fnt
|faint|p1a: Rayquaza
|-weather|none
|
|win|CLEAR GEM清瑜
|raw|iopkj09's rating: 1838 &rarr; <strong>1821</strong><br />(-17 for losing)
|raw|CLEAR GEM清瑜's rating: 1889 &rarr; <strong>1906</strong><br />(+17 for winning)
|l|☆iopkj09
||Ladder isn't responding, score probably updated but might not have (Request timeout).
