|j|☆Gohansenju
|j|☆MurderousMantyke
|t:|1665423255
|gametype|singles
|player|p1|Gohansenju|blue-gen3two|1870
|player|p2|MurderousMantyke|#helpstaffxmas|1725
|teamsize|p1|6
|teamsize|p2|6
|gen|8
|tier|[Gen 8] National Dex AG
|rated|
|rule|HP Percentage Mod: HP is shown in percentages
|rule|Endless Battle Clause: Forcing endless battles is banned
|clearpoke
|poke|p1|Rayquaza|
|poke|p1|Rayquaza|
|poke|p1|Ditto|
|poke|p1|Necrozma-Dusk-Mane|
|poke|p1|Arceus-*|
|poke|p1|Groudon|
|poke|p2|Groudon|
|poke|p2|Rayquaza|
|poke|p2|Calyrex-Shadow|
|poke|p2|Arceus-*|
|poke|p2|Yveltal|
|poke|p2|Marshadow|
|teampreview
|inactive|Battle timer is ON: inactive players will automatically lose when time's up. (requested by Gohansenju)
|c|☆MurderousMantyke|hf
|
|t:|1665423275
|start
|switch|p1a: Rayquaza|Rayquaza|100/100
|switch|p2a: Groudon|Groudon|100/100
|-ability|p1a: Rayquaza|Air Lock
|detailschange|p2a: Groudon|Groudon-Primal
|-primal|p2a: Groudon
|-weather|DesolateLand|[from] ability: Desolate Land|[of] p2a: Groudon
|turn|1
|
|t:|1665423278
|detailschange|p1a: Rayquaza|Rayquaza-Mega
|-mega|p1a: Rayquaza|Rayquaza|
|-weather|DeltaStream|[from] ability: Delta Stream|[of] p1a: Rayquaza
|move|p1a: Rayquaza|Draco Meteor|p2a: Groudon
|-damage|p2a: Groudon|0 fnt
|-unboost|p1a: Rayquaza|spa|2
|faint|p2a: Groudon
|-damage|p1a: Rayquaza|91/100|[from] item: Life Orb
|
|-weather|DeltaStream|[upkeep]
|upkeep
|
|t:|1665423285
|switch|p2a: Calyrex|Calyrex-Shadow|100/100
|-ability|p2a: Calyrex|As One
|-ability|p2a: Calyrex|Unnerve
|turn|2
|
|t:|1665423288
|-weather|none
|switch|p1a: Arceus|Arceus|100/100
|move|p2a: Calyrex|Substitute|p2a: Calyrex
|-start|p2a: Calyrex|Substitute
|-damage|p2a: Calyrex|76/100
|
|upkeep
|turn|3
|
|t:|1665423291
|move|p2a: Calyrex|Nasty Plot|p2a: Calyrex
|-boost|p2a: Calyrex|spa|2
|move|p1a: Arceus|Shadow Claw|p2a: Calyrex
|-supereffective|p2a: Calyrex
|-end|p2a: Calyrex|Substitute
|
|upkeep
|turn|4
|
|t:|1665423296
|move|p2a: Calyrex|Baton Pass|p2a: Calyrex
|
|t:|1665423297
|switch|p2a: Yveltal|Yveltal|100/100|[from]move: Baton Pass
|-ability|p2a: Yveltal|Dark Aura
|move|p1a: Arceus|Shadow Claw|p2a: Yveltal
|-resisted|p2a: Yveltal
|-damage|p2a: Yveltal|88/100
|
|upkeep
|turn|5
|
|t:|1665423303
|move|p1a: Arceus|Extreme Speed|p2a: Yveltal
|-damage|p2a: Yveltal|47/100
|move|p2a: Yveltal|Dark Pulse|p1a: Arceus
|-damage|p1a: Arceus|0 fnt
|faint|p1a: Arceus
|-damage|p2a: Yveltal|37/100|[from] item: Life Orb
|
|upkeep
|
|t:|1665423313
|switch|p1a: Rayquaza|Rayquaza-Mega|91/100
|-weather|DeltaStream|[from] ability: Delta Stream|[of] p1a: Rayquaza
|turn|6
|j| LocalMantyke
|
|t:|1665423322
|move|p1a: Rayquaza|Dragon Ascent|p2a: Yveltal
|-damage|p2a: Yveltal|0 fnt
|-unboost|p1a: Rayquaza|def|1
|-unboost|p1a: Rayquaza|spd|1
|faint|p2a: Yveltal
|-damage|p1a: Rayquaza|81/100|[from] item: Life Orb
|
|-weather|DeltaStream|[upkeep]
|upkeep
|
|t:|1665423327
|switch|p2a: Calyrex|Calyrex-Shadow|76/100
|-ability|p2a: Calyrex|As One
|-ability|p2a: Calyrex|Unnerve
|turn|7
|
|t:|1665423338
|-weather|none
|switch|p1a: Groudon|Groudon|100/100
|detailschange|p1a: Groudon|Groudon-Primal
|-primal|p1a: Groudon
|-weather|DesolateLand|[from] ability: Desolate Land|[of] p1a: Groudon
|move|p2a: Calyrex|Astral Barrage|p1a: Groudon
|-damage|p1a: Groudon|30/100
|
|-weather|DesolateLand|[upkeep]
|upkeep
|turn|8
|
|t:|1665423341
|move|p2a: Calyrex|Astral Barrage|p1a: Groudon
|-damage|p1a: Groudon|0 fnt
|faint|p1a: Groudon
|-weather|none
|-ability|p2a: Calyrex|Grim Neigh|boost
|-boost|p2a: Calyrex|spa|1
|
|upkeep
|
|t:|1665423343
|switch|p1a: Ditto|Ditto, shiny|100/100
|-transform|p1a: Ditto|p2a: Calyrex|[from] ability: Imposter
|turn|9
|
|t:|1665423348
|switch|p2a: Arceus|Arceus|100/100
|move|p1a: Ditto|Baton Pass|p1a: Ditto
|
|t:|1665423357
|switch|p1a: Necrozma|Necrozma-Dusk-Mane, shiny|100/100|[from]move: Baton Pass
|
|upkeep
|turn|10
|
|t:|1665423362
|detailschange|p1a: Necrozma|Necrozma-Ultra, shiny
|-burst|p1a: Necrozma|Necrozma|Ultranecrozium Z
|move|p1a: Necrozma|Photon Geyser|p2a: Arceus
|-damage|p2a: Arceus|26/100
|move|p2a: Arceus|Swords Dance|p2a: Arceus
|-boost|p2a: Arceus|atk|2
|
|upkeep
|turn|11
|c| LocalMantyke|Lmfao murderous Mantyke
|
|t:|1665423373
|move|p2a: Arceus|Extreme Speed|p1a: Necrozma
|-damage|p1a: Necrozma|0 fnt
|faint|p1a: Necrozma
|-damage|p2a: Arceus|16/100|[from] item: Life Orb
|
|upkeep
|
|t:|1665423376
|switch|p1a: Ditto|Ditto, shiny|100/100
|-transform|p1a: Ditto|p2a: Arceus|[from] ability: Imposter
|turn|12
|c| LocalMantyke|U just witnessed
|
|t:|1665423379
|move|p1a: Ditto|Extreme Speed|p2a: Arceus
|-damage|p2a: Arceus|0 fnt
|faint|p2a: Arceus
|
|upkeep
|c| LocalMantyke|The supremacy of
|
|t:|1665423382
|switch|p2a: Marshadow|Marshadow|100/100
|turn|13
|c| LocalMantyke|Non scarf Ditto
|c| LocalMantyke|LOL
|
|t:|1665423393
|switch|p1a: Rayquaza|Rayquaza-Mega|81/100
|-weather|DeltaStream|[from] ability: Delta Stream|[of] p1a: Rayquaza
|move|p2a: Marshadow|Close Combat|p1a: Rayquaza
|-resisted|p1a: Rayquaza
|-damage|p1a: Rayquaza|34/100
|-unboost|p2a: Marshadow|def|1
|-unboost|p2a: Marshadow|spd|1
|-damage|p2a: Marshadow|91/100|[from] item: Life Orb
|
|-weather|DeltaStream|[upkeep]
|upkeep
|turn|14
|c|☆MurderousMantyke|nah it was scarfed
|c|☆MurderousMantyke|they just clicked bp on the swap
|
|t:|1665423403
|move|p2a: Marshadow|Shadow Sneak|p1a: Rayquaza
|-damage|p1a: Rayquaza|0 fnt
|faint|p1a: Rayquaza
|-weather|none
|-damage|p2a: Marshadow|81/100|[from] item: Life Orb
|
|upkeep
|c| LocalMantyke|Oh fr?
|
|t:|1665423410
|switch|p1a: Rayquaza|Rayquaza|100/100
|-ability|p1a: Rayquaza|Air Lock
|turn|15
|c| LocalMantyke|Zam
|c|☆MurderousMantyke|fantastic play
|
|t:|1665423421
|-start|p1a: Rayquaza|Dynamax|
|-heal|p1a: Rayquaza|100/100|[silent]
|move|p2a: Marshadow|Shadow Sneak|p1a: Rayquaza
|-damage|p1a: Rayquaza|78/100
|-damage|p2a: Marshadow|71/100|[from] item: Life Orb
|move|p1a: Rayquaza|Max Airstream|p2a: Marshadow
|-supereffective|p2a: Marshadow
|-damage|p2a: Marshadow|0 fnt
|-boost|p1a: Rayquaza|spe|1
|faint|p2a: Marshadow
|-damage|p1a: Rayquaza|73/100|[from] item: Life Orb
|
|upkeep
|c| LocalMantyke|True then
|
|t:|1665423425
|switch|p2a: Rayquaza|Rayquaza|100/100
|-ability|p2a: Rayquaza|Air Lock
|turn|16
|c| LocalMantyke|AYOOOOOO
|c|☆MurderousMantyke|nahh i thought it'd be scarf ray or smth lol
|
|t:|1665423437
|detailschange|p2a: Rayquaza|Rayquaza-Mega
|-mega|p2a: Rayquaza|Rayquaza|
|-weather|DeltaStream|[from] ability: Delta Stream|[of] p2a: Rayquaza
|move|p1a: Rayquaza|Max Wyrmwind|p2a: Rayquaza
|-supereffective|p2a: Rayquaza
|-damage|p2a: Rayquaza|0 fnt
|faint|p2a: Rayquaza
|-weather|none
|-damage|p1a: Rayquaza|68/100|[from] item: Life Orb
|
|upkeep
|c| LocalMantyke|Non mega ray
|c| LocalMantyke|LMAO
|
|t:|1665423442
|switch|p2a: Calyrex|Calyrex-Shadow|76/100
|-ability|p2a: Calyrex|As One
|-ability|p2a: Calyrex|Unnerve
|turn|17
|c|☆MurderousMantyke|gg
|
|t:|1665423451
|move|p1a: Rayquaza|Max Wyrmwind|p2a: Calyrex
|-damage|p2a: Calyrex|0 fnt
|faint|p2a: Calyrex
|-damage|p1a: Rayquaza|63/100|[from] item: Life Orb
|
|win|Gohansenju
|raw|Gohansenju's rating: 1870 &rarr; <strong>1882</strong><br />(+12 for winning)
|raw|MurderousMantyke's rating: 1725 &rarr; <strong>1713</strong><br />(-12 for losing)
|l| LocalMantyke
|l|☆MurderousMantyke
