|j|☆Matsui_Miyako
|j|☆Blackstar152001
|t:|1665175319
|gametype|singles
|player|p1|Matsui_Miyako|allister|1866
|player|p2|Blackstar152001|blue-gen3two|1875
|teamsize|p1|6
|teamsize|p2|6
|gen|8
|tier|[Gen 8] National Dex AG
|rated|
|rule|HP Percentage Mod: HP is shown in percentages
|rule|Endless Battle Clause: Forcing endless battles is banned
|clearpoke
|poke|p1|Yveltal|
|poke|p1|Deoxys-Attack|
|poke|p1|Marshadow|
|poke|p1|Arceus-*|
|poke|p1|Calyrex-Shadow|
|poke|p1|Arceus-*|
|poke|p2|Darkrai|
|poke|p2|Mewtwo|
|poke|p2|Ditto|
|poke|p2|Arceus-*|
|poke|p2|Arceus-*|
|poke|p2|Arceus-*|
|teampreview
|inactive|Battle timer is ON: inactive players will automatically lose when time's up. (requested by Blackstar152001)
|
|t:|1665175333
|start
|switch|p1a: Deoxys|Deoxys-Attack|100/100
|switch|p2a: Arceus|Arceus-Fairy|100/100
|-ability|p1a: Deoxys|Pressure
|turn|1
|
|t:|1665175337
|move|p1a: Deoxys|Stealth Rock|p2a: Arceus
|-sidestart|p2: Blackstar152001|move: Stealth Rock
|move|p2a: Arceus|Stealth Rock|p1a: Deoxys
|-sidestart|p1: Matsui_Miyako|move: Stealth Rock
|
|upkeep
|turn|2
|
|t:|1665175343
|move|p1a: Deoxys|Extreme Speed|p2a: Arceus
|-crit|p2a: Arceus
|-damage|p2a: Arceus|64/100
|move|p2a: Arceus|Judgment|p1a: Deoxys
|-enditem|p1a: Deoxys|Focus Sash
|-damage|p1a: Deoxys|1/100
|
|upkeep
|turn|3
|
|t:|1665175349
|move|p1a: Deoxys|Taunt|p2a: Arceus
|-start|p2a: Arceus|move: Taunt
|cant|p2a: Arceus|move: Taunt|Recover
|
|upkeep
|turn|4
|
|t:|1665175357
|move|p1a: Deoxys|Extreme Speed|p2a: Arceus
|-damage|p2a: Arceus|39/100
|move|p2a: Arceus|Judgment|p1a: Deoxys
|-damage|p1a: Deoxys|0 fnt
|faint|p1a: Deoxys
|
|upkeep
|
|t:|1665175362
|switch|p1a: Titã|Arceus-Ground|100/100
|-damage|p1a: Titã|94/100|[from] Stealth Rock
|turn|5
|
|t:|1665175372
|switch|p2a: Arceus|Arceus-Water|100/100
|-damage|p2a: Arceus|88/100|[from] Stealth Rock
|move|p1a: Titã|Earth Power|p2a: Arceus
|-damage|p2a: Arceus|57/100
|
|upkeep
|turn|6
|
|t:|1665175376
|-zpower|p1a: Titã
|move|p1a: Titã|Tectonic Rage|p2a: Arceus|[zeffect]
|-damage|p2a: Arceus|0 fnt
|faint|p2a: Arceus
|
|upkeep
|
|t:|1665175380
|switch|p2a: Arceus|Arceus-Fairy|39/100
|-damage|p2a: Arceus|26/100|[from] Stealth Rock
|turn|7
|
|t:|1665175382
|move|p1a: Titã|Earth Power|p2a: Arceus
|-damage|p2a: Arceus|2/100
|-unboost|p2a: Arceus|spd|1
|move|p2a: Arceus|Recover|p2a: Arceus
|-heal|p2a: Arceus|52/100
|
|upkeep
|turn|8
|
|t:|1665175388
|move|p1a: Titã|Ice Beam|p2a: Arceus
|-damage|p2a: Arceus|30/100
|move|p2a: Arceus|Recover|p2a: Arceus
|-heal|p2a: Arceus|80/100
|
|upkeep
|turn|9
|
|t:|1665175393
|move|p1a: Titã|Ice Beam|p2a: Arceus
|-damage|p2a: Arceus|54/100
|move|p2a: Arceus|Toxic|p1a: Titã
|-status|p1a: Titã|tox
|
|-damage|p1a: Titã|88/100 tox|[from] psn
|upkeep
|turn|10
|
|t:|1665175397
|move|p1a: Titã|Ice Beam|p2a: Arceus
|-damage|p2a: Arceus|29/100
|move|p2a: Arceus|Recover|p2a: Arceus
|-heal|p2a: Arceus|79/100
|
|-damage|p1a: Titã|76/100 tox|[from] psn
|upkeep
|turn|11
|
|t:|1665175401
|move|p1a: Titã|Ice Beam|p2a: Arceus
|-damage|p2a: Arceus|54/100
|move|p2a: Arceus|Recover|p2a: Arceus
|-heal|p2a: Arceus|100/100
|
|-damage|p1a: Titã|58/100 tox|[from] psn
|upkeep
|turn|12
|
|t:|1665175407
|switch|p2a: Arceus|Arceus|100/100
|-damage|p2a: Arceus|88/100|[from] Stealth Rock
|move|p1a: Titã|Ice Beam|p2a: Arceus
|-damage|p2a: Arceus|67/100
|
|-damage|p1a: Titã|34/100 tox|[from] psn
|upkeep
|turn|13
|
|t:|1665175411
|move|p1a: Titã|Earth Power|p2a: Arceus
|-damage|p2a: Arceus|35/100
|move|p2a: Arceus|Recover|p2a: Arceus
|-heal|p2a: Arceus|85/100
|
|-damage|p1a: Titã|4/100 tox|[from] psn
|upkeep
|turn|14
|
|t:|1665175416
|move|p1a: Titã|Ice Beam|p2a: Arceus
|-damage|p2a: Arceus|63/100
|move|p2a: Arceus|Recover|p2a: Arceus
|-heal|p2a: Arceus|100/100
|
|-damage|p1a: Titã|0 fnt|[from] psn
|faint|p1a: Titã
|upkeep
|
|t:|1665175426
|switch|p1a: Deus|Arceus|100/100
|-damage|p1a: Deus|88/100|[from] Stealth Rock
|turn|15
|
|t:|1665175440
|switch|p2a: Mewtwo|Mewtwo|100/100
|-damage|p2a: Mewtwo|88/100|[from] Stealth Rock
|-ability|p2a: Mewtwo|Pressure
|move|p1a: Deus|Swords Dance|p1a: Deus
|-boost|p1a: Deus|atk|2
|
|-heal|p2a: Mewtwo|94/100|[from] item: Leftovers
|-heal|p1a: Deus|94/100|[from] item: Leftovers
|upkeep
|turn|16
|
|t:|1665175449
|move|p1a: Deus|Extreme Speed|p2a: Mewtwo
|-damage|p2a: Mewtwo|10/100
|move|p2a: Mewtwo|Will-O-Wisp|p1a: Deus
|-status|p1a: Deus|brn
|
|-heal|p2a: Mewtwo|17/100|[from] item: Leftovers
|-heal|p1a: Deus|99/100 brn|[from] item: Leftovers
|-damage|p1a: Deus|94/100 brn|[from] brn
|upkeep
|turn|17
|
|t:|1665175458
|move|p1a: Deus|Extreme Speed|p2a: Mewtwo
|-crit|p2a: Mewtwo
|-damage|p2a: Mewtwo|0 fnt
|faint|p2a: Mewtwo
|
|-heal|p1a: Deus|99/100 brn|[from] item: Leftovers
|-damage|p1a: Deus|94/100 brn|[from] brn
|upkeep
|
|t:|1665175468
|switch|p2a: Ditto|Ditto, shiny|100/100
|-damage|p2a: Ditto|88/100|[from] Stealth Rock
|-transform|p2a: Ditto|p1a: Deus|[from] ability: Imposter
|turn|18
|
|t:|1665175474
|-start|p1a: Deus|Dynamax|
|-heal|p1a: Deus|94/100 brn|[silent]
|move|p2a: Ditto|Earthquake|p1a: Deus
|-damage|p1a: Deus|66/100 brn
|move|p1a: Deus|Max Strike|p2a: Ditto
|-damage|p2a: Ditto|24/100
|-unboost|p2a: Ditto|spe|1
|
|-heal|p1a: Deus|69/100 brn|[from] item: Leftovers
|-damage|p1a: Deus|66/100 brn|[from] brn
|upkeep
|turn|19
|
|t:|1665175487
|move|p1a: Deus|Max Strike|p2a: Ditto
|-damage|p2a: Ditto|0 fnt
|faint|p2a: Ditto
|
|-heal|p1a: Deus|69/100 brn|[from] item: Leftovers
|-damage|p1a: Deus|66/100 brn|[from] brn
|upkeep
|
|t:|1665175497
|switch|p2a: Arceus|Arceus|100/100
|-damage|p2a: Arceus|88/100|[from] Stealth Rock
|turn|20
|
|t:|1665175503
|move|p1a: Deus|Max Strike|p2a: Arceus
|-damage|p2a: Arceus|45/100
|-unboost|p2a: Arceus|spe|1
|move|p2a: Arceus|Recover|p2a: Arceus
|-heal|p2a: Arceus|95/100
|
|-heal|p1a: Deus|69/100 brn|[from] item: Leftovers
|-damage|p1a: Deus|66/100 brn|[from] brn
|upkeep
|-end|p1a: Deus|Dynamax
|-heal|p1a: Deus|66/100 brn|[silent]
|turn|21
|
|t:|1665175508
|move|p1a: Deus|Swords Dance|p1a: Deus
|-boost|p1a: Deus|atk|2
|move|p2a: Arceus|Swords Dance|p2a: Arceus
|-boost|p2a: Arceus|atk|2
|
|-heal|p1a: Deus|72/100 brn|[from] item: Leftovers
|-damage|p1a: Deus|66/100 brn|[from] brn
|upkeep
|turn|22
|
|t:|1665175514
|move|p1a: Deus|Extreme Speed|p2a: Arceus
|-damage|p2a: Arceus|52/100
|move|p2a: Arceus|Extreme Speed|p1a: Deus
|-damage|p1a: Deus|0 fnt
|faint|p1a: Deus
|
|upkeep
|
|t:|1665175524
|switch|p1a: Sombra|Marshadow|100/100
|-damage|p1a: Sombra|94/100|[from] Stealth Rock
|turn|23
|
|t:|1665175529
|-start|p2a: Arceus|Dynamax|
|-heal|p2a: Arceus|52/100|[silent]
|move|p1a: Sombra|Low Kick||[still]
|-fail|p1a: Sombra|Dynamax
|move|p2a: Arceus|Max Phantasm|p1a: Sombra
|-supereffective|p1a: Sombra
|-damage|p1a: Sombra|0 fnt
|faint|p1a: Sombra
|
|upkeep
|
|t:|1665175535
|switch|p1a: Pássaro das Trevas|Yveltal|100/100
|-damage|p1a: Pássaro das Trevas|76/100|[from] Stealth Rock
|-ability|p1a: Pássaro das Trevas|Dark Aura
|turn|24
|
|t:|1665175539
|move|p1a: Pássaro das Trevas|Dark Pulse|p2a: Arceus
|-damage|p2a: Arceus|31/100
|move|p2a: Arceus|Max Strike|p1a: Pássaro das Trevas
|-damage|p1a: Pássaro das Trevas|0 fnt
|faint|p1a: Pássaro das Trevas
|
|upkeep
|
|t:|1665175543
|switch|p1a: Cavaleiro Fantasma|Calyrex-Shadow|100/100
|-ability|p1a: Cavaleiro Fantasma|As One
|-ability|p1a: Cavaleiro Fantasma|Unnerve
|-damage|p1a: Cavaleiro Fantasma|88/100|[from] Stealth Rock
|turn|25
|
|t:|1665175556
|move|p1a: Cavaleiro Fantasma|Energy Ball|p2a: Arceus
|-damage|p2a: Arceus|16/100
|move|p2a: Arceus|Max Phantasm|p1a: Cavaleiro Fantasma
|-supereffective|p1a: Cavaleiro Fantasma
|-damage|p1a: Cavaleiro Fantasma|0 fnt
|faint|p1a: Cavaleiro Fantasma
|
|win|Blackstar152001
|raw|Matsui_Miyako's rating: 1866 &rarr; <strong>1847</strong><br />(-19 for losing)
|raw|Blackstar152001's rating: 1875 &rarr; <strong>1894</strong><br />(+19 for winning)
