|j|☆Glaliegoesboom ❤
|j|☆RUiNtheExtinct
|t:|1643258148
|gametype|singles
|player|p1|Glaliegoesboom ❤|ingo|1741
|player|p2|RUiNtheExtinct|red-gen7|1664
|teamsize|p1|6
|teamsize|p2|6
|gen|8
|tier|[Gen 8] National Dex AG
|rated|
|rule|HP Percentage Mod: HP is shown in percentages
|rule|Endless Battle Clause: Forcing endless battles is banned
|clearpoke
|poke|p1|Necrozma-Dusk-Mane|
|poke|p1|Yveltal|
|poke|p1|Blissey, F|
|poke|p1|Zygarde|
|poke|p1|Giratina-Origin|
|poke|p1|Marshadow|
|poke|p2|Ditto|
|poke|p2|Yveltal|
|poke|p2|Arceus-*|
|poke|p2|Groudon|
|poke|p2|Rayquaza|
|poke|p2|Zygarde|
|teampreview
|inactive|Battle timer is ON: inactive players will automatically lose when time's up. (requested by Glaliegoesboom ❤)
|
|t:|1643258160
|start
|switch|p1a: Giratina|Giratina-Origin|100/100
|switch|p2a: Rayquaza|Rayquaza|100/100
|-ability|p2a: Rayquaza|Air Lock
|turn|1
|
|t:|1643258169
|switch|p2a: Groudon|Groudon|100/100
|detailschange|p2a: Groudon|Groudon-Primal
|-primal|p2a: Groudon
|-weather|DesolateLand|[from] ability: Desolate Land|[of] p2a: Groudon
|move|p1a: Giratina|Will-O-Wisp|p2a: Groudon
|-immune|p2a: Groudon
|
|-weather|DesolateLand|[upkeep]
|upkeep
|turn|2
|
|t:|1643258178
|move|p1a: Giratina|Toxic|p2a: Groudon
|-status|p2a: Groudon|tox
|move|p2a: Groudon|Stealth Rock|p1a: Giratina
|-sidestart|p1: Glaliegoesboom ❤|move: Stealth Rock
|
|-weather|DesolateLand|[upkeep]
|-damage|p2a: Groudon|94/100 tox|[from] psn
|upkeep
|turn|3
|
|t:|1643258185
|move|p1a: Giratina|Defog|p2a: Groudon
|-unboost|p2a: Groudon|evasion|1
|-sideend|p1: Glaliegoesboom ❤|Stealth Rock|[from] move: Defog|[of] p1a: Giratina
|move|p2a: Groudon|Rock Tomb|p1a: Giratina
|-damage|p1a: Giratina|86/100
|-unboost|p1a: Giratina|spe|1
|
|-weather|DesolateLand|[upkeep]
|-damage|p2a: Groudon|82/100 tox|[from] psn
|upkeep
|turn|4
|
|t:|1643258194
|-weather|none
|switch|p2a: Yveltal|Yveltal|100/100
|-ability|p2a: Yveltal|Dark Aura
|move|p1a: Giratina|Defog|p2a: Yveltal
|-unboost|p2a: Yveltal|evasion|1
|
|upkeep
|turn|5
|
|t:|1643258209
|switch|p1a: Yveltal|Yveltal, shiny|100/100
|-ability|p1a: Yveltal|Dark Aura
|move|p2a: Yveltal|Knock Off|p1a: Yveltal
|-resisted|p1a: Yveltal
|-damage|p1a: Yveltal|70/100
|-enditem|p1a: Yveltal|Heavy-Duty Boots|[from] move: Knock Off|[of] p2a: Yveltal
|-damage|p2a: Yveltal|91/100|[from] item: Life Orb
|
|upkeep
|turn|6
|
|t:|1643258217
|move|p2a: Yveltal|Oblivion Wing|p1a: Yveltal
|-damage|p1a: Yveltal|40/100
|-heal|p2a: Yveltal|100/100|[from] drain|[of] p1a: Yveltal
|-damage|p2a: Yveltal|91/100|[from] item: Life Orb
|move|p1a: Yveltal|Roost|p1a: Yveltal
|-heal|p1a: Yveltal|90/100
|-singleturn|p1a: Yveltal|move: Roost
|
|upkeep
|turn|7
|
|t:|1643258228
|switch|p2a: Groudon|Groudon-Primal|82/100 tox
|-weather|DesolateLand|[from] ability: Desolate Land|[of] p2a: Groudon
|move|p1a: Yveltal|U-turn|p2a: Groudon
|-resisted|p2a: Groudon
|-damage|p2a: Groudon|76/100 tox
|
|t:|1643258233
|switch|p1a: Giratina|Giratina-Origin|86/100|[from]move: U-turn
|
|-weather|DesolateLand|[upkeep]
|-damage|p2a: Groudon|70/100 tox|[from] psn
|upkeep
|turn|8
|
|t:|1643258239
|-weather|none
|switch|p2a: Yveltal|Yveltal|91/100
|-ability|p2a: Yveltal|Dark Aura
|move|p1a: Giratina|Will-O-Wisp|p2a: Yveltal
|-status|p2a: Yveltal|brn
|
|-damage|p2a: Yveltal|84/100 brn|[from] brn
|upkeep
|turn|9
|
|t:|1643258248
|switch|p1a: Yveltal|Yveltal, shiny|90/100
|-ability|p1a: Yveltal|Dark Aura
|move|p2a: Yveltal|Dark Pulse|p1a: Yveltal
|-resisted|p1a: Yveltal
|-damage|p1a: Yveltal|71/100
|-damage|p2a: Yveltal|75/100 brn|[from] item: Life Orb
|
|-damage|p2a: Yveltal|68/100 brn|[from] brn
|upkeep
|turn|10
|
|t:|1643258258
|move|p2a: Yveltal|Oblivion Wing|p1a: Yveltal
|-damage|p1a: Yveltal|42/100
|-heal|p2a: Yveltal|94/100 brn|[from] drain|[of] p1a: Yveltal
|-damage|p2a: Yveltal|84/100 brn|[from] item: Life Orb
|move|p1a: Yveltal|Roost|p1a: Yveltal
|-heal|p1a: Yveltal|92/100
|-singleturn|p1a: Yveltal|move: Roost
|
|-damage|p2a: Yveltal|78/100 brn|[from] brn
|upkeep
|turn|11
|
|t:|1643258270
|switch|p2a: Rayquaza|Rayquaza|100/100
|-ability|p2a: Rayquaza|Air Lock
|move|p1a: Yveltal|U-turn|p2a: Rayquaza
|-resisted|p2a: Rayquaza
|-damage|p2a: Rayquaza|90/100
|
|t:|1643258276
|switch|p1a: Zygarde|Zygarde, shiny|100/100|[from]move: U-turn
|
|upkeep
|turn|12
|
|t:|1643258282
|switch|p2a: Yveltal|Yveltal|78/100 brn
|-ability|p2a: Yveltal|Dark Aura
|move|p1a: Zygarde|Dragon Tail|p2a: Yveltal
|-damage|p2a: Yveltal|59/100 brn
|drag|p2a: Ditto|Ditto|100/100
|-transform|p2a: Ditto|p1a: Zygarde|[from] ability: Imposter
|
|upkeep
|turn|13
|
|t:|1643258293
|move|p2a: Ditto|Dragon Tail|p1a: Zygarde
|-supereffective|p1a: Zygarde
|-damage|p1a: Zygarde|80/100
|drag|p1a: Yveltal|Yveltal, shiny|92/100
|-ability|p1a: Yveltal|Dark Aura
|
|upkeep
|turn|14
|
|t:|1643258300
|switch|p1a: Necrozma|Necrozma-Dusk-Mane|100/100
|move|p2a: Ditto|Dragon Tail|p1a: Necrozma
|-resisted|p1a: Necrozma
|-damage|p1a: Necrozma|95/100
|-damage|p2a: Ditto|84/100|[from] item: Rocky Helmet|[of] p1a: Necrozma
|drag|p1a: Yveltal|Yveltal, shiny|92/100
|-ability|p1a: Yveltal|Dark Aura
|
|upkeep
|turn|15
|
|t:|1643258312
|switch|p1a: Necrozma|Necrozma-Dusk-Mane|95/100
|move|p2a: Ditto|Dragon Tail|p1a: Necrozma
|-resisted|p1a: Necrozma
|-damage|p1a: Necrozma|90/100
|-damage|p2a: Ditto|67/100|[from] item: Rocky Helmet|[of] p1a: Necrozma
|drag|p1a: Giratina|Giratina-Origin|86/100
|
|upkeep
|turn|16
|
|t:|1643258331
|switch|p2a: Groudon|Groudon-Primal|70/100 tox
|-weather|DesolateLand|[from] ability: Desolate Land|[of] p2a: Groudon
|move|p1a: Giratina|Will-O-Wisp||[still]
|-fail|p1a: Giratina
|
|-weather|DesolateLand|[upkeep]
|-damage|p2a: Groudon|64/100 tox|[from] psn
|upkeep
|turn|17
|
|t:|1643258342
|move|p1a: Giratina|Defog|p2a: Groudon
|-unboost|p2a: Groudon|evasion|1
|move|p2a: Groudon|Rock Tomb|p1a: Giratina
|-damage|p1a: Giratina|72/100
|-unboost|p1a: Giratina|spe|1
|
|-weather|DesolateLand|[upkeep]
|-damage|p2a: Groudon|52/100 tox|[from] psn
|upkeep
|turn|18
|
|t:|1643258352
|move|p2a: Groudon|Stealth Rock|p1a: Giratina
|-sidestart|p1: Glaliegoesboom ❤|move: Stealth Rock
|move|p1a: Giratina|Defog|p2a: Groudon
|-unboost|p2a: Groudon|evasion|1
|-sideend|p1: Glaliegoesboom ❤|Stealth Rock|[from] move: Defog|[of] p1a: Giratina
|
|-weather|DesolateLand|[upkeep]
|-damage|p2a: Groudon|33/100 tox|[from] psn
|upkeep
|turn|19
|
|t:|1643258367
|move|p2a: Groudon|Rock Tomb|p1a: Giratina
|-damage|p1a: Giratina|56/100
|-unboost|p1a: Giratina|spe|1
|move|p1a: Giratina|Toxic|p2a: Groudon
|-fail|p2a: Groudon|tox
|
|-weather|DesolateLand|[upkeep]
|-damage|p2a: Groudon|9/100 tox|[from] psn
|upkeep
|turn|20
|
|t:|1643258377
|move|p2a: Groudon|Rock Tomb|p1a: Giratina
|-damage|p1a: Giratina|42/100
|-unboost|p1a: Giratina|spe|1
|move|p1a: Giratina|Defog|p2a: Groudon
|-unboost|p2a: Groudon|evasion|1
|
|-weather|DesolateLand|[upkeep]
|-damage|p2a: Groudon|0 fnt|[from] psn
|faint|p2a: Groudon
|-weather|none
|upkeep
|
|t:|1643258395
|switch|p2a: Zygarde|Zygarde|100/100
|turn|21
|
|t:|1643258403
|move|p2a: Zygarde|Glare|p1a: Giratina
|-status|p1a: Giratina|par
|move|p1a: Giratina|Toxic|p2a: Zygarde
|-status|p2a: Zygarde|tox
|
|-damage|p2a: Zygarde|94/100 tox|[from] psn
|upkeep
|turn|22
|
|t:|1643258411
|move|p2a: Zygarde|Coil|p2a: Zygarde
|-boost|p2a: Zygarde|atk|1
|-boost|p2a: Zygarde|def|1
|-boost|p2a: Zygarde|accuracy|1
|move|p1a: Giratina|Rest|p1a: Giratina
|-status|p1a: Giratina|slp|[from] move: Rest
|-heal|p1a: Giratina|100/100 slp|[silent]
|
|-heal|p2a: Zygarde|100/100 tox|[from] item: Leftovers
|-damage|p2a: Zygarde|88/100 tox|[from] psn
|upkeep
|turn|23
|
|t:|1643258421
|switch|p2a: Rayquaza|Rayquaza|90/100
|-ability|p2a: Rayquaza|Air Lock
|switch|p1a: Zygarde|Zygarde, shiny|80/100
|
|upkeep
|turn|24
|
|t:|1643258431
|switch|p2a: Yveltal|Yveltal|59/100 brn
|-ability|p2a: Yveltal|Dark Aura
|move|p1a: Zygarde|Dragon Tail|p2a: Yveltal|[miss]
|-miss|p1a: Zygarde|p2a: Yveltal
|
|-damage|p2a: Yveltal|53/100 brn|[from] brn
|upkeep
|turn|25
|
|t:|1643258441
|switch|p2a: Rayquaza|Rayquaza|90/100
|-ability|p2a: Rayquaza|Air Lock
|switch|p1a: Yveltal|Yveltal, shiny|92/100
|-ability|p1a: Yveltal|Dark Aura
|
|upkeep
|turn|26
|
|t:|1643258450
|switch|p1a: Zygarde|Zygarde, shiny|80/100
|detailschange|p2a: Rayquaza|Rayquaza-Mega
|-mega|p2a: Rayquaza|Rayquaza|
|-weather|DeltaStream|[from] ability: Delta Stream|[of] p2a: Rayquaza
|move|p2a: Rayquaza|Dragon Dance|p2a: Rayquaza
|-boost|p2a: Rayquaza|atk|1
|-boost|p2a: Rayquaza|spe|1
|
|-weather|DeltaStream|[upkeep]
|upkeep
|turn|27
|
|t:|1643258458
|-start|p1a: Zygarde|Dynamax
|-heal|p1a: Zygarde|80/100|[silent]
|move|p2a: Rayquaza|Dragon Ascent|p1a: Zygarde
|-damage|p1a: Zygarde|40/100
|-unboost|p2a: Rayquaza|def|1
|-unboost|p2a: Rayquaza|spd|1
|-damage|p2a: Rayquaza|80/100|[from] item: Life Orb
|move|p1a: Zygarde|Max Wyrmwind|p2a: Rayquaza
|-supereffective|p2a: Rayquaza
|-crit|p2a: Rayquaza
|-damage|p2a: Rayquaza|0 fnt
|faint|p2a: Rayquaza
|-weather|none
|
|-activate|p1a: Zygarde|ability: Power Construct
|detailschange|p1a: Zygarde|Zygarde-Complete, shiny
|-heal|p1a: Zygarde|61/100|[silent]
|upkeep
|
|t:|1643258474
|switch|p2a: Arceus|Arceus-Flying|100/100
|turn|28
|
|t:|1643258478
|move|p2a: Arceus|Swords Dance|p2a: Arceus
|-boost|p2a: Arceus|atk|2
|move|p1a: Zygarde|Max Wyrmwind|p2a: Arceus
|-damage|p2a: Arceus|74/100
|-unboost|p2a: Arceus|atk|1
|
|upkeep
|turn|29
|
|t:|1643258485
|move|p2a: Arceus|Swords Dance|p2a: Arceus
|-boost|p2a: Arceus|atk|2
|move|p1a: Zygarde|Max Wyrmwind|p2a: Arceus
|-damage|p2a: Arceus|46/100
|-unboost|p2a: Arceus|atk|1
|
|-end|p1a: Zygarde|Dynamax
|-heal|p1a: Zygarde|61/100|[silent]
|upkeep
|turn|30
|
|t:|1643258498
|move|p2a: Arceus|Fly||[still]
|-prepare|p2a: Arceus|Fly
|move|p1a: Zygarde|Haze|p1a: Zygarde
|-clearallboost
|
|upkeep
|turn|31
|c|☆RUiNtheExtinct|wait
|c|☆RUiNtheExtinct|f
|
|t:|1643258505
|switch|p1a: Necrozma|Necrozma-Dusk-Mane|90/100
|move|p2a: Arceus|Fly|p1a: Necrozma|[from]lockedmove
|-resisted|p1a: Necrozma
|-damage|p1a: Necrozma|75/100
|-damage|p2a: Arceus|29/100|[from] item: Rocky Helmet|[of] p1a: Necrozma
|
|upkeep
|turn|32
|
|t:|1643258512
|move|p2a: Arceus|Recover|p2a: Arceus
|-heal|p2a: Arceus|79/100
|move|p1a: Necrozma|Sunsteel Strike|p2a: Arceus
|-damage|p2a: Arceus|45/100
|
|upkeep
|turn|33
|
|t:|1643258519
|switch|p1a: Giratina|Giratina-Origin|100/100 slp
|move|p2a: Arceus|Swords Dance|p2a: Arceus
|-boost|p2a: Arceus|atk|2
|
|upkeep
|turn|34
|
|t:|1643258525
|move|p2a: Arceus|Recover|p2a: Arceus
|-heal|p2a: Arceus|95/100
|cant|p1a: Giratina|slp
|
|upkeep
|turn|35
|
|t:|1643258532
|-start|p2a: Arceus|Dynamax
|-heal|p2a: Arceus|95/100|[silent]
|move|p2a: Arceus|Max Airstream|p1a: Giratina
|-damage|p1a: Giratina|17/100 slp
|-boost|p2a: Arceus|spe|1
|cant|p1a: Giratina|slp
|
|upkeep
|turn|36
|
|t:|1643258542
|move|p2a: Arceus|Max Airstream|p1a: Giratina
|-crit|p1a: Giratina
|-damage|p1a: Giratina|0 fnt
|-boost|p2a: Arceus|spe|1
|faint|p1a: Giratina
|
|upkeep
|
|t:|1643258545
|switch|p1a: Blissey|Blissey, F|100/100
|turn|37
|
|t:|1643258550
|move|p2a: Arceus|Max Airstream|p1a: Blissey
|-damage|p1a: Blissey|0 fnt
|-boost|p2a: Arceus|spe|1
|faint|p1a: Blissey
|
|-end|p2a: Arceus|Dynamax
|-heal|p2a: Arceus|95/100|[silent]
|upkeep
|
|t:|1643258553
|switch|p1a: Zygarde|Zygarde-Complete, shiny|61/100
|turn|38
|
|t:|1643258560
|move|p2a: Arceus|Earthquake|p1a: Zygarde
|-damage|p1a: Zygarde|35/100
|move|p1a: Zygarde|Haze|p1a: Zygarde
|-clearallboost
|
|upkeep
|turn|39
|
|t:|1643258568
|move|p2a: Arceus|Swords Dance|p2a: Arceus
|-boost|p2a: Arceus|atk|2
|move|p1a: Zygarde|Haze|p1a: Zygarde
|-clearallboost
|
|upkeep
|turn|40
|
|t:|1643258577
|move|p2a: Arceus|Earthquake|p1a: Zygarde
|-damage|p1a: Zygarde|24/100
|move|p1a: Zygarde|Rest|p1a: Zygarde
|-status|p1a: Zygarde|slp|[from] move: Rest
|-heal|p1a: Zygarde|100/100 slp|[silent]
|
|upkeep
|turn|41
|
|t:|1643258585
|switch|p2a: Zygarde|Zygarde|88/100 tox
|switch|p1a: Marshadow|Marshadow|100/100
|
|-heal|p2a: Zygarde|94/100 tox|[from] item: Leftovers
|-damage|p2a: Zygarde|88/100 tox|[from] psn
|upkeep
|turn|42
|
|t:|1643258593
|switch|p1a: Zygarde|Zygarde-Complete, shiny|100/100 slp
|move|p2a: Zygarde|Glare||[still]
|-fail|p2a: Zygarde
|
|-heal|p2a: Zygarde|94/100 tox|[from] item: Leftovers
|-damage|p2a: Zygarde|82/100 tox|[from] psn
|upkeep
|turn|43
|
|t:|1643258601
|move|p2a: Zygarde|Rest|p2a: Zygarde
|-status|p2a: Zygarde|slp|[from] move: Rest
|-heal|p2a: Zygarde|100/100 slp|[silent]
|cant|p1a: Zygarde|slp
|
|upkeep
|turn|44
|
|t:|1643258607
|switch|p1a: Necrozma|Necrozma-Dusk-Mane|75/100
|cant|p2a: Zygarde|slp
|
|upkeep
|turn|45
|
|t:|1643258612
|cant|p2a: Zygarde|slp
|move|p1a: Necrozma|Stealth Rock|p2a: Zygarde
|-sidestart|p2: RUiNtheExtinct|move: Stealth Rock
|
|upkeep
|turn|46
|
|t:|1643258616
|switch|p1a: Marshadow|Marshadow|100/100
|-curestatus|p2a: Zygarde|slp|[msg]
|move|p2a: Zygarde|Glare|p1a: Marshadow
|-status|p1a: Marshadow|par
|
|upkeep
|turn|47
|
|t:|1643258630
|move|p2a: Zygarde|Thousand Arrows|p1a: Marshadow
|-damage|p1a: Marshadow|49/100 par
|move|p1a: Marshadow|Spectral Thief|p2a: Zygarde
|-damage|p2a: Zygarde|51/100
|
|-heal|p2a: Zygarde|57/100|[from] item: Leftovers
|upkeep
|turn|48
|
|t:|1643258639
|switch|p1a: Zygarde|Zygarde-Complete, shiny|100/100 slp
|move|p2a: Zygarde|Thousand Arrows|p1a: Zygarde
|-damage|p1a: Zygarde|87/100 slp
|
|-heal|p2a: Zygarde|63/100|[from] item: Leftovers
|upkeep
|turn|49
|
|t:|1643258646
|move|p2a: Zygarde|Coil|p2a: Zygarde
|-boost|p2a: Zygarde|atk|1
|-boost|p2a: Zygarde|def|1
|-boost|p2a: Zygarde|accuracy|1
|cant|p1a: Zygarde|slp
|
|-heal|p2a: Zygarde|70/100|[from] item: Leftovers
|upkeep
|turn|50
|
|t:|1643258654
|move|p2a: Zygarde|Glare||[still]
|-fail|p2a: Zygarde
|-curestatus|p1a: Zygarde|slp|[msg]
|move|p1a: Zygarde|Dragon Tail|p2a: Zygarde
|-supereffective|p2a: Zygarde
|-damage|p2a: Zygarde|49/100
|drag|p2a: Ditto|Ditto|67/100
|-damage|p2a: Ditto|55/100|[from] Stealth Rock
|-transform|p2a: Ditto|p1a: Zygarde|[from] ability: Imposter
|
|upkeep
|turn|51
|
|t:|1643258664
|switch|p1a: Necrozma|Necrozma-Dusk-Mane|75/100
|move|p2a: Ditto|Dragon Tail|p1a: Necrozma
|-resisted|p1a: Necrozma
|-damage|p1a: Necrozma|69/100
|-damage|p2a: Ditto|38/100|[from] item: Rocky Helmet|[of] p1a: Necrozma
|drag|p1a: Zygarde|Zygarde-Complete, shiny|87/100
|
|upkeep
|turn|52
|
|t:|1643258673
|switch|p2a: Zygarde|Zygarde|49/100
|-damage|p2a: Zygarde|43/100|[from] Stealth Rock
|switch|p1a: Necrozma|Necrozma-Dusk-Mane|69/100
|
|-heal|p2a: Zygarde|49/100|[from] item: Leftovers
|-activate|p2a: Zygarde|ability: Power Construct
|detailschange|p2a: Zygarde|Zygarde-Complete
|-heal|p2a: Zygarde|67/100|[silent]
|upkeep
|turn|53
|
|t:|1643258684
|switch|p1a: Zygarde|Zygarde-Complete, shiny|87/100
|move|p2a: Zygarde|Glare|p1a: Zygarde
|-status|p1a: Zygarde|par
|
|-heal|p2a: Zygarde|73/100|[from] item: Leftovers
|upkeep
|turn|54
|
|t:|1643258694
|move|p2a: Zygarde|Coil|p2a: Zygarde
|-boost|p2a: Zygarde|atk|1
|-boost|p2a: Zygarde|def|1
|-boost|p2a: Zygarde|accuracy|1
|move|p1a: Zygarde|Dragon Tail|p2a: Zygarde|[miss]
|-miss|p1a: Zygarde|p2a: Zygarde
|
|-heal|p2a: Zygarde|79/100|[from] item: Leftovers
|upkeep
|turn|55
|
|t:|1643258702
|move|p2a: Zygarde|Thousand Arrows|p1a: Zygarde
|-damage|p1a: Zygarde|67/100 par
|move|p1a: Zygarde|Dragon Tail|p2a: Zygarde
|-supereffective|p2a: Zygarde
|-damage|p2a: Zygarde|65/100
|drag|p2a: Ditto|Ditto|38/100
|-damage|p2a: Ditto|26/100|[from] Stealth Rock
|-transform|p2a: Ditto|p1a: Zygarde|[from] ability: Imposter
|
|upkeep
|turn|56
|
|t:|1643258720
|switch|p1a: Marshadow|Marshadow|49/100 par
|move|p2a: Ditto|Rest|p2a: Ditto
|-status|p2a: Ditto|slp|[from] move: Rest
|-heal|p2a: Ditto|100/100 slp|[silent]
|
|upkeep
|turn|57
|
|t:|1643258730
|switch|p2a: Yveltal|Yveltal|53/100 brn
|-damage|p2a: Yveltal|28/100 brn|[from] Stealth Rock
|-ability|p2a: Yveltal|Dark Aura
|cant|p1a: Marshadow|par
|
|-damage|p2a: Yveltal|22/100 brn|[from] brn
|upkeep
|turn|58
|
|t:|1643258743
|cant|p1a: Marshadow|par
|move|p2a: Yveltal|Oblivion Wing|p1a: Marshadow
|-supereffective|p1a: Marshadow
|-damage|p1a: Marshadow|0 fnt
|-heal|p2a: Yveltal|51/100 brn|[from] drain|[of] p1a: Marshadow
|faint|p1a: Marshadow
|-damage|p2a: Yveltal|41/100 brn|[from] item: Life Orb
|
|-damage|p2a: Yveltal|35/100 brn|[from] brn
|upkeep
|
|t:|1643258764
|switch|p1a: Yveltal|Yveltal, shiny|92/100
|-ability|p1a: Yveltal|Dark Aura
|turn|59
|
|t:|1643258769
|move|p2a: Yveltal|Oblivion Wing|p1a: Yveltal
|-damage|p1a: Yveltal|63/100
|-heal|p2a: Yveltal|61/100 brn|[from] drain|[of] p1a: Yveltal
|-damage|p2a: Yveltal|51/100 brn|[from] item: Life Orb
|move|p1a: Yveltal|Snarl|p2a: Yveltal
|-resisted|p2a: Yveltal
|-damage|p2a: Yveltal|37/100 brn
|-unboost|p2a: Yveltal|spa|1
|
|-damage|p2a: Yveltal|31/100 brn|[from] brn
|upkeep
|turn|60
|
|t:|1643258791
|switch|p2a: Zygarde|Zygarde-Complete|65/100
|-damage|p2a: Zygarde|59/100|[from] Stealth Rock
|move|p1a: Yveltal|Snarl|p2a: Zygarde
|-damage|p2a: Zygarde|42/100
|-unboost|p2a: Zygarde|spa|1
|
|-heal|p2a: Zygarde|48/100|[from] item: Leftovers
|upkeep
|turn|61
|
|t:|1643258801
|move|p2a: Zygarde|Coil|p2a: Zygarde
|-boost|p2a: Zygarde|atk|1
|-boost|p2a: Zygarde|def|1
|-boost|p2a: Zygarde|accuracy|1
|move|p1a: Yveltal|Taunt|p2a: Zygarde
|-start|p2a: Zygarde|move: Taunt
|
|-heal|p2a: Zygarde|54/100|[from] item: Leftovers
|upkeep
|turn|62
|
|t:|1643258809
|move|p2a: Zygarde|Thousand Arrows|p1a: Yveltal
|-damage|p1a: Yveltal|15/100
|-start|p1a: Yveltal|Smack Down
|move|p1a: Yveltal|Roost|p1a: Yveltal
|-heal|p1a: Yveltal|65/100
|-singleturn|p1a: Yveltal|move: Roost
|
|-heal|p2a: Zygarde|60/100|[from] item: Leftovers
|upkeep
|turn|63
|
|t:|1643258819
|move|p2a: Zygarde|Thousand Arrows|p1a: Yveltal
|-damage|p1a: Yveltal|19/100
|move|p1a: Yveltal|Roost|p1a: Yveltal
|-heal|p1a: Yveltal|69/100
|-singleturn|p1a: Yveltal|move: Roost
|
|-heal|p2a: Zygarde|66/100|[from] item: Leftovers
|upkeep
|turn|64
|
|t:|1643258831
|move|p2a: Zygarde|Thousand Arrows|p1a: Yveltal
|-damage|p1a: Yveltal|16/100
|move|p1a: Yveltal|Roost|p1a: Yveltal
|-heal|p1a: Yveltal|66/100
|-singleturn|p1a: Yveltal|move: Roost
|
|-heal|p2a: Zygarde|72/100|[from] item: Leftovers
|-end|p2a: Zygarde|move: Taunt
|upkeep
|turn|65
|
|t:|1643258843
|switch|p1a: Zygarde|Zygarde-Complete, shiny|67/100 par
|move|p2a: Zygarde|Thousand Arrows|p1a: Zygarde
|-damage|p1a: Zygarde|44/100 par
|
|-heal|p2a: Zygarde|78/100|[from] item: Leftovers
|upkeep
|turn|66
|
|t:|1643258851
|move|p2a: Zygarde|Coil|p2a: Zygarde
|-boost|p2a: Zygarde|atk|1
|-boost|p2a: Zygarde|def|1
|-boost|p2a: Zygarde|accuracy|1
|move|p1a: Zygarde|Haze|p1a: Zygarde
|-clearallboost
|
|-heal|p2a: Zygarde|84/100|[from] item: Leftovers
|upkeep
|turn|67
|
|t:|1643258867
|switch|p2a: Arceus|Arceus-Flying|95/100
|-damage|p2a: Arceus|70/100|[from] Stealth Rock
|cant|p1a: Zygarde|par
|
|upkeep
|turn|68
|
|t:|1643258873
|move|p2a: Arceus|Fly||[still]
|-prepare|p2a: Arceus|Fly
|move|p1a: Zygarde|Rest|p1a: Zygarde
|-status|p1a: Zygarde|slp|[from] move: Rest
|-heal|p1a: Zygarde|100/100 slp|[silent]
|
|upkeep
|turn|69
|
|t:|1643258879
|switch|p1a: Necrozma|Necrozma-Dusk-Mane|69/100
|move|p2a: Arceus|Fly|p1a: Necrozma|[from]lockedmove
|-resisted|p1a: Necrozma
|-damage|p1a: Necrozma|55/100
|-damage|p2a: Arceus|54/100|[from] item: Rocky Helmet|[of] p1a: Necrozma
|
|upkeep
|turn|70
|
|t:|1643258886
|switch|p1a: Zygarde|Zygarde-Complete, shiny|100/100 slp
|move|p2a: Arceus|Swords Dance|p2a: Arceus
|-boost|p2a: Arceus|atk|2
|
|upkeep
|turn|71
|
|t:|1643258892
|move|p2a: Arceus|Swords Dance|p2a: Arceus
|-boost|p2a: Arceus|atk|2
|cant|p1a: Zygarde|slp
|
|upkeep
|turn|72
|
|t:|1643258897
|move|p2a: Arceus|Swords Dance|p2a: Arceus
|-boost|p2a: Arceus|atk|2
|cant|p1a: Zygarde|slp
|
|upkeep
|turn|73
|
|t:|1643258902
|move|p2a: Arceus|Fly||[still]
|-prepare|p2a: Arceus|Fly
|-curestatus|p1a: Zygarde|slp|[msg]
|move|p1a: Zygarde|Haze|p1a: Zygarde
|-clearallboost
|
|upkeep
|turn|74
|c|☆RUiNtheExtinct|ffff
|
|t:|1643258912
|move|p2a: Arceus|Fly|p1a: Zygarde|[from]lockedmove
|-damage|p1a: Zygarde|81/100
|move|p1a: Zygarde|Dragon Tail|p2a: Arceus
|-damage|p2a: Arceus|40/100
|drag|p2a: Ditto|Ditto|100/100 slp
|-damage|p2a: Ditto|88/100 slp|[from] Stealth Rock
|-transform|p2a: Ditto|p1a: Zygarde|[from] ability: Imposter
|
|upkeep
|turn|75
|
|t:|1643258926
|switch|p1a: Yveltal|Yveltal, shiny|66/100
|-ability|p1a: Yveltal|Dark Aura
|cant|p2a: Ditto|slp
|
|upkeep
|turn|76
|j| nujack
|
|t:|1643258933
|move|p1a: Yveltal|Roost|p1a: Yveltal
|-heal|p1a: Yveltal|100/100
|-singleturn|p1a: Yveltal|move: Roost
|cant|p2a: Ditto|slp
|
|upkeep
|turn|77
|
|t:|1643258942
|switch|p1a: Zygarde|Zygarde-Complete, shiny|81/100
|-curestatus|p2a: Ditto|slp|[msg]
|move|p2a: Ditto|Dragon Tail|p1a: Zygarde
|-supereffective|p1a: Zygarde
|-damage|p1a: Zygarde|66/100
|drag|p1a: Necrozma|Necrozma-Dusk-Mane|55/100
|
|upkeep
|turn|78
|
|t:|1643258952
|switch|p2a: Zygarde|Zygarde-Complete|84/100
|-damage|p2a: Zygarde|78/100|[from] Stealth Rock
|move|p1a: Necrozma|Morning Sun|p1a: Necrozma
|-heal|p1a: Necrozma|100/100
|
|-heal|p2a: Zygarde|84/100|[from] item: Leftovers
|upkeep
|turn|79
|
|t:|1643258960
|switch|p1a: Zygarde|Zygarde-Complete, shiny|66/100
|move|p2a: Zygarde|Glare|p1a: Zygarde
|-status|p1a: Zygarde|par
|
|-heal|p2a: Zygarde|91/100|[from] item: Leftovers
|upkeep
|turn|80
|
|t:|1643258967
|move|p2a: Zygarde|Coil|p2a: Zygarde
|-boost|p2a: Zygarde|atk|1
|-boost|p2a: Zygarde|def|1
|-boost|p2a: Zygarde|accuracy|1
|cant|p1a: Zygarde|par
|
|-heal|p2a: Zygarde|97/100|[from] item: Leftovers
|upkeep
|turn|81
|
|t:|1643258974
|move|p2a: Zygarde|Coil|p2a: Zygarde
|-boost|p2a: Zygarde|atk|1
|-boost|p2a: Zygarde|def|1
|-boost|p2a: Zygarde|accuracy|1
|move|p1a: Zygarde|Haze|p1a: Zygarde
|-clearallboost
|
|-heal|p2a: Zygarde|100/100|[from] item: Leftovers
|upkeep
|turn|82
|
|t:|1643258987
|switch|p2a: Arceus|Arceus-Flying|40/100
|-damage|p2a: Arceus|15/100|[from] Stealth Rock
|move|p1a: Zygarde|Haze|p1a: Zygarde
|-clearallboost
|
|upkeep
|turn|83
|
|t:|1643258999
|move|p2a: Arceus|Recover|p2a: Arceus
|-heal|p2a: Arceus|65/100
|move|p1a: Zygarde|Dragon Tail|p2a: Arceus
|-damage|p2a: Arceus|52/100
|drag|p2a: Yveltal|Yveltal|31/100 brn
|-damage|p2a: Yveltal|6/100 brn|[from] Stealth Rock
|-ability|p2a: Yveltal|Dark Aura
|
|-damage|p2a: Yveltal|0 fnt|[from] brn
|faint|p2a: Yveltal
|upkeep
|
|t:|1643259011
|switch|p2a: Arceus|Arceus-Flying|52/100
|-damage|p2a: Arceus|27/100|[from] Stealth Rock
|turn|84
|
|t:|1643259016
|move|p2a: Arceus|Recover|p2a: Arceus
|-heal|p2a: Arceus|77/100
|cant|p1a: Zygarde|par
|
|upkeep
|turn|85
|
|t:|1643259027
|move|p2a: Arceus|Earthquake|p1a: Zygarde
|-damage|p1a: Zygarde|54/100 par
|move|p1a: Zygarde|Dragon Tail|p2a: Arceus
|-damage|p2a: Arceus|61/100
|drag|p2a: Ditto|Ditto|88/100
|-damage|p2a: Ditto|76/100|[from] Stealth Rock
|-transform|p2a: Ditto|p1a: Zygarde|[from] ability: Imposter
|
|upkeep
|turn|86
|
|t:|1643259037
|move|p1a: Zygarde|Thousand Arrows|p2a: Ditto
|-damage|p2a: Ditto|53/100
|move|p2a: Ditto|Dragon Tail|p1a: Zygarde
|-supereffective|p1a: Zygarde
|-damage|p1a: Zygarde|41/100 par
|drag|p1a: Necrozma|Necrozma-Dusk-Mane|100/100
|
|upkeep
|turn|87
|
|t:|1643259045
|switch|p2a: Zygarde|Zygarde-Complete|100/100
|-damage|p2a: Zygarde|94/100|[from] Stealth Rock
|move|p1a: Necrozma|Sunsteel Strike|p2a: Zygarde
|-damage|p2a: Zygarde|71/100
|
|-heal|p2a: Zygarde|77/100|[from] item: Leftovers
|upkeep
|turn|88
|
|t:|1643259054
|switch|p1a: Zygarde|Zygarde-Complete, shiny|41/100 par
|move|p2a: Zygarde|Coil|p2a: Zygarde
|-boost|p2a: Zygarde|atk|1
|-boost|p2a: Zygarde|def|1
|-boost|p2a: Zygarde|accuracy|1
|
|-heal|p2a: Zygarde|84/100|[from] item: Leftovers
|upkeep
|turn|89
|
|t:|1643259063
|move|p2a: Zygarde|Thousand Arrows|p1a: Zygarde
|-damage|p1a: Zygarde|18/100 par
|move|p1a: Zygarde|Haze|p1a: Zygarde
|-clearallboost
|
|-heal|p2a: Zygarde|90/100|[from] item: Leftovers
|upkeep
|turn|90
|
|t:|1643259071
|move|p2a: Zygarde|Coil|p2a: Zygarde
|-boost|p2a: Zygarde|atk|1
|-boost|p2a: Zygarde|def|1
|-boost|p2a: Zygarde|accuracy|1
|move|p1a: Zygarde|Rest|p1a: Zygarde
|-status|p1a: Zygarde|slp|[from] move: Rest
|-heal|p1a: Zygarde|100/100 slp|[silent]
|
|-heal|p2a: Zygarde|96/100|[from] item: Leftovers
|upkeep
|turn|91
|
|t:|1643259079
|move|p2a: Zygarde|Coil|p2a: Zygarde
|-boost|p2a: Zygarde|atk|1
|-boost|p2a: Zygarde|def|1
|-boost|p2a: Zygarde|accuracy|1
|cant|p1a: Zygarde|slp
|
|-heal|p2a: Zygarde|100/100|[from] item: Leftovers
|upkeep
|turn|92
|
|t:|1643259086
|cant|p1a: Zygarde|slp
|move|p2a: Zygarde|Coil|p2a: Zygarde
|-boost|p2a: Zygarde|atk|1
|-boost|p2a: Zygarde|def|1
|-boost|p2a: Zygarde|accuracy|1
|
|upkeep
|turn|93
|
|t:|1643259092
|-curestatus|p1a: Zygarde|slp|[msg]
|move|p1a: Zygarde|Haze|p1a: Zygarde
|-clearallboost
|move|p2a: Zygarde|Thousand Arrows|p1a: Zygarde
|-damage|p1a: Zygarde|86/100
|
|upkeep
|turn|94
|
|t:|1643259099
|switch|p1a: Yveltal|Yveltal, shiny|100/100
|-ability|p1a: Yveltal|Dark Aura
|move|p2a: Zygarde|Glare|p1a: Yveltal
|-status|p1a: Yveltal|par
|
|upkeep
|turn|95
|
|t:|1643259106
|move|p2a: Zygarde|Coil|p2a: Zygarde
|-boost|p2a: Zygarde|atk|1
|-boost|p2a: Zygarde|def|1
|-boost|p2a: Zygarde|accuracy|1
|move|p1a: Yveltal|Taunt|p2a: Zygarde
|-start|p2a: Zygarde|move: Taunt
|
|upkeep
|turn|96
|
|t:|1643259113
|move|p2a: Zygarde|Thousand Arrows|p1a: Yveltal
|-damage|p1a: Yveltal|53/100 par
|-start|p1a: Yveltal|Smack Down
|move|p1a: Yveltal|Roost|p1a: Yveltal
|-heal|p1a: Yveltal|100/100 par
|-singleturn|p1a: Yveltal|move: Roost
|
|upkeep
|turn|97
|
|t:|1643259124
|switch|p2a: Arceus|Arceus-Flying|61/100
|-damage|p2a: Arceus|36/100|[from] Stealth Rock
|switch|p1a: Zygarde|Zygarde-Complete, shiny|86/100
|
|upkeep
|turn|98
|
|t:|1643259131
|move|p2a: Arceus|Recover|p2a: Arceus
|-heal|p2a: Arceus|86/100
|move|p1a: Zygarde|Dragon Tail|p2a: Arceus
|-damage|p2a: Arceus|72/100
|drag|p2a: Ditto|Ditto|53/100
|-damage|p2a: Ditto|40/100|[from] Stealth Rock
|-transform|p2a: Ditto|p1a: Zygarde|[from] ability: Imposter
|
|upkeep
|turn|99
|
|t:|1643259141
|move|p2a: Ditto|Rest|p2a: Ditto
|-status|p2a: Ditto|slp|[from] move: Rest
|-heal|p2a: Ditto|100/100 slp|[silent]
|move|p1a: Zygarde|Dragon Tail|p2a: Ditto
|-supereffective|p2a: Ditto
|-damage|p2a: Ditto|72/100 slp
|drag|p2a: Zygarde|Zygarde-Complete|100/100
|-damage|p2a: Zygarde|94/100|[from] Stealth Rock
|
|-heal|p2a: Zygarde|100/100|[from] item: Leftovers
|upkeep
|turn|100
|
|t:|1643259155
|move|p1a: Zygarde|Thousand Arrows|p2a: Zygarde
|-damage|p2a: Zygarde|87/100
|move|p2a: Zygarde|Glare|p1a: Zygarde
|-status|p1a: Zygarde|par
|
|-heal|p2a: Zygarde|93/100|[from] item: Leftovers
|upkeep
|turn|101
|
|t:|1643259163
|move|p2a: Zygarde|Coil|p2a: Zygarde
|-boost|p2a: Zygarde|atk|1
|-boost|p2a: Zygarde|def|1
|-boost|p2a: Zygarde|accuracy|1
|move|p1a: Zygarde|Haze|p1a: Zygarde
|-clearallboost
|
|-heal|p2a: Zygarde|99/100|[from] item: Leftovers
|upkeep
|turn|102
|l| nujack
|
|t:|1643259179
|move|p2a: Zygarde|Coil|p2a: Zygarde
|-boost|p2a: Zygarde|atk|1
|-boost|p2a: Zygarde|def|1
|-boost|p2a: Zygarde|accuracy|1
|move|p1a: Zygarde|Haze|p1a: Zygarde
|-clearallboost
|
|-heal|p2a: Zygarde|100/100|[from] item: Leftovers
|upkeep
|turn|103
|
|t:|1643259188
|switch|p2a: Arceus|Arceus-Flying|72/100
|-damage|p2a: Arceus|47/100|[from] Stealth Rock
|switch|p1a: Yveltal|Yveltal, shiny|100/100 par
|-ability|p1a: Yveltal|Dark Aura
|
|upkeep
|turn|104
|
|t:|1643259200
|switch|p1a: Zygarde|Zygarde-Complete, shiny|86/100 par
|move|p2a: Arceus|Swords Dance|p2a: Arceus
|-boost|p2a: Arceus|atk|2
|
|upkeep
|turn|105
|
|t:|1643259207
|move|p2a: Arceus|Recover|p2a: Arceus
|-heal|p2a: Arceus|97/100
|move|p1a: Zygarde|Dragon Tail|p2a: Arceus
|-damage|p2a: Arceus|84/100
|drag|p2a: Zygarde|Zygarde-Complete|100/100
|-damage|p2a: Zygarde|94/100|[from] Stealth Rock
|
|-heal|p2a: Zygarde|100/100|[from] item: Leftovers
|upkeep
|turn|106
|
|t:|1643259218
|switch|p2a: Arceus|Arceus-Flying|84/100
|-damage|p2a: Arceus|59/100|[from] Stealth Rock
|switch|p1a: Yveltal|Yveltal, shiny|100/100 par
|-ability|p1a: Yveltal|Dark Aura
|
|upkeep
|turn|107
|
|t:|1643259226
|move|p2a: Arceus|Recover|p2a: Arceus
|-heal|p2a: Arceus|100/100
|move|p1a: Yveltal|Snarl|p2a: Arceus
|-damage|p2a: Arceus|80/100
|-unboost|p2a: Arceus|spa|1
|
|upkeep
|turn|108
|
|t:|1643259232
|move|p2a: Arceus|Swords Dance|p2a: Arceus
|-boost|p2a: Arceus|atk|2
|move|p1a: Yveltal|Taunt|p2a: Arceus
|-start|p2a: Arceus|move: Taunt
|
|upkeep
|turn|109
|
|t:|1643259241
|move|p2a: Arceus|Fly||[still]
|-prepare|p2a: Arceus|Fly
|move|p1a: Yveltal|Snarl|p2a: Arceus|[miss]
|-miss|p1a: Yveltal|p2a: Arceus
|
|upkeep
|turn|110
|
|t:|1643259246
|switch|p1a: Necrozma|Necrozma-Dusk-Mane|100/100
|move|p2a: Arceus|Fly|p1a: Necrozma|[from]lockedmove
|-resisted|p1a: Necrozma
|-damage|p1a: Necrozma|70/100
|-damage|p2a: Arceus|63/100|[from] item: Rocky Helmet|[of] p1a: Necrozma
|
|upkeep
|turn|111
|
|t:|1643259260
|switch|p1a: Yveltal|Yveltal, shiny|100/100 par
|-ability|p1a: Yveltal|Dark Aura
|move|p2a: Arceus|Earthquake|p1a: Yveltal
|-immune|p1a: Yveltal
|
|-end|p2a: Arceus|move: Taunt
|upkeep
|turn|112
|
|t:|1643259269
|move|p2a: Arceus|Swords Dance|p2a: Arceus
|-boost|p2a: Arceus|atk|2
|move|p1a: Yveltal|Taunt|p2a: Arceus
|-start|p2a: Arceus|move: Taunt
|
|upkeep
|turn|113
|
|t:|1643259276
|switch|p1a: Necrozma|Necrozma-Dusk-Mane|70/100
|move|p2a: Arceus|Earthquake|p1a: Necrozma
|-supereffective|p1a: Necrozma
|-damage|p1a: Necrozma|0 fnt
|faint|p1a: Necrozma
|
|upkeep
|
|t:|1643259278
|switch|p1a: Zygarde|Zygarde-Complete, shiny|86/100 par
|turn|114
|
|t:|1643259285
|move|p2a: Arceus|Fly||[still]
|-prepare|p2a: Arceus|Fly
|move|p1a: Zygarde|Haze|p1a: Zygarde
|-clearallboost
|
|upkeep
|turn|115
|
|t:|1643259292
|move|p2a: Arceus|Fly|p1a: Zygarde|[from]lockedmove
|-damage|p1a: Zygarde|66/100 par
|move|p1a: Zygarde|Thousand Arrows|p2a: Arceus
|-damage|p2a: Arceus|41/100
|-start|p2a: Arceus|Smack Down
|
|-end|p2a: Arceus|move: Taunt
|upkeep
|turn|116
|
|t:|1643259301
|move|p2a: Arceus|Recover|p2a: Arceus
|-heal|p2a: Arceus|91/100
|move|p1a: Zygarde|Dragon Tail|p2a: Arceus
|-damage|p2a: Arceus|76/100
|drag|p2a: Ditto|Ditto|72/100 slp
|-damage|p2a: Ditto|60/100 slp|[from] Stealth Rock
|-transform|p2a: Ditto|p1a: Zygarde|[from] ability: Imposter
|
|upkeep
|turn|117
|
|t:|1643259310
|cant|p2a: Ditto|slp
|cant|p1a: Zygarde|par
|
|upkeep
|turn|118
|
|t:|1643259315
|switch|p1a: Yveltal|Yveltal, shiny|100/100 par
|-ability|p1a: Yveltal|Dark Aura
|cant|p2a: Ditto|slp
|
|upkeep
|turn|119
|-message|Glaliegoesboom ❤ forfeited.
|
|win|RUiNtheExtinct
|raw|Glaliegoesboom ❤'s rating: 1741 &rarr; <strong>1717</strong><br />(-24 for losing)
|raw|RUiNtheExtinct's rating: 1664 &rarr; <strong>1688</strong><br />(+24 for winning)
|l|☆Glaliegoesboom ❤
|c|☆RUiNtheExtinct|gg
