|j|☆AdamPadum
|j|☆PepsiPHD
|t:|1663710299
|gametype|singles
|player|p1|AdamPadum|n-masters|
|player|p2|PepsiPHD|li|
|teamsize|p1|6
|teamsize|p2|6
|gen|8
|tier|[Gen 8] National Dex AG
|rule|HP Percentage Mod: HP is shown in percentages
|rule|Endless Battle Clause: Forcing endless battles is banned
|clearpoke
|poke|p1|Mewtwo|
|poke|p1|Whimsicott, F|
|poke|p1|Necrozma-Dusk-Mane|
|poke|p1|Diancie|
|poke|p1|Zygarde|
|poke|p1|Groudon|
|poke|p2|Flygon, M|
|poke|p2|Banette, F|
|poke|p2|Scizor, F|
|poke|p2|Moltres-Galar|
|poke|p2|Lugia|
|poke|p2|Regieleki|
|teampreview
|
|t:|1663710312
|start
|switch|p1a: Groudon|Groudon, shiny|100/100
|switch|p2a: Flygon|Flygon, M|100/100
|detailschange|p1a: Groudon|Groudon-Primal, shiny
|-primal|p1a: Groudon
|-weather|DesolateLand|[from] ability: Desolate Land|[of] p1a: Groudon
|turn|1
|
|t:|1663710330
|-weather|none
|switch|p1a: Mewtwo|Mewtwo, shiny|100/100
|-ability|p1a: Mewtwo|Pressure
|move|p2a: Flygon|Earthquake|p1a: Mewtwo
|-damage|p1a: Mewtwo|50/100
|
|upkeep
|turn|2
|
|t:|1663710334
|move|p1a: Mewtwo|Disable|p2a: Flygon
|-start|p2a: Flygon|Disable|Earthquake
|cant|p2a: Flygon|Disable|Earthquake
|
|upkeep
|turn|3
|
|t:|1663710344
|switch|p1a: Zygarde|Zygarde, shiny|100/100
|switch|p2a: Lugia|Lugia|100/100
|-ability|p2a: Lugia|Pressure
|
|upkeep
|turn|4
|
|t:|1663710353
|switch|p1a: Necrozma|Necrozma-Dusk-Mane, shiny|100/100
|move|p2a: Lugia|Ice Beam|p1a: Necrozma
|-resisted|p1a: Necrozma
|-damage|p1a: Necrozma|86/100
|
|upkeep
|turn|5
|
|t:|1663710361
|switch|p2a: Moltres|Moltres-Galar|100/100
|move|p1a: Necrozma|Stealth Rock|p2a: Moltres
|-sidestart|p2: PepsiPHD|move: Stealth Rock
|
|upkeep
|turn|6
|
|t:|1663710371
|switch|p1a: Diancie|Diancie, shiny|100/100
|move|p2a: Moltres|Fiery Wrath|p1a: Diancie
|-resisted|p1a: Diancie
|-damage|p1a: Diancie|81/100
|
|upkeep
|turn|7
|
|t:|1663710380
|switch|p2a: Scizor|Scizor, F|100/100
|-damage|p2a: Scizor|88/100|[from] Stealth Rock
|detailschange|p1a: Diancie|Diancie-Mega, shiny
|-mega|p1a: Diancie|Diancie|Diancite
|move|p1a: Diancie|Moonblast|p2a: Scizor
|-resisted|p2a: Scizor
|-damage|p2a: Scizor|56/100
|-unboost|p2a: Scizor|spa|1
|
|upkeep
|turn|8
|
|t:|1663710390
|switch|p1a: Groudon|Groudon-Primal, shiny|100/100
|-weather|DesolateLand|[from] ability: Desolate Land|[of] p1a: Groudon
|switch|p2a: Flygon|Flygon, M|100/100
|-damage|p2a: Flygon|95/100|[from] Stealth Rock
|
|-weather|DesolateLand|[upkeep]
|upkeep
|turn|9
|
|t:|1663710400
|move|p2a: Flygon|U-turn|p1a: Groudon
|-resisted|p1a: Groudon
|-damage|p1a: Groudon|94/100
|
|t:|1663710406
|switch|p2a: Moltres|Moltres-Galar|100/100|[from]move: U-turn
|-damage|p2a: Moltres|76/100|[from] Stealth Rock
|move|p1a: Groudon|Dragon Claw|p2a: Moltres
|-damage|p2a: Moltres|36/100
|-ability|p2a: Moltres|Berserk|boost
|-boost|p2a: Moltres|spa|1
|
|-weather|DesolateLand|[upkeep]
|-heal|p2a: Moltres|43/100|[from] item: Leftovers
|upkeep
|turn|10
|
|t:|1663710413
|move|p2a: Moltres|Fiery Wrath|p1a: Groudon
|-damage|p1a: Groudon|30/100
|move|p1a: Groudon|Thunder Punch|p2a: Moltres
|-supereffective|p2a: Moltres
|-damage|p2a: Moltres|0 fnt
|faint|p2a: Moltres
|
|-weather|DesolateLand|[upkeep]
|upkeep
|
|t:|1663710421
|switch|p2a: Flygon|Flygon, M|95/100
|-damage|p2a: Flygon|89/100|[from] Stealth Rock
|turn|11
|
|t:|1663710437
|-weather|none
|switch|p1a: Mewtwo|Mewtwo, shiny|50/100
|-ability|p1a: Mewtwo|Pressure
|move|p2a: Flygon|Earthquake|p1a: Mewtwo
|-damage|p1a: Mewtwo|8/100
|
|upkeep
|turn|12
|c|☆AdamPadum|disabled
|
|t:|1663710443
|switch|p2a: Scizor|Scizor, F|56/100
|-damage|p2a: Scizor|44/100|[from] Stealth Rock
|move|p1a: Mewtwo|Disable||[still]
|-fail|p1a: Mewtwo
|
|upkeep
|turn|13
|
|t:|1663710450
|switch|p1a: Necrozma|Necrozma-Dusk-Mane, shiny|86/100
|move|p2a: Scizor|Dual Wingbeat|p1a: Necrozma
|-resisted|p1a: Necrozma
|-damage|p1a: Necrozma|78/100
|-resisted|p1a: Necrozma
|-damage|p1a: Necrozma|69/100
|-hitcount|p1a: Necrozma|2
|
|upkeep
|turn|14
|
|t:|1663710454
|move|p1a: Necrozma|Earthquake|p2a: Scizor
|-damage|p2a: Scizor|3/100
|move|p2a: Scizor|Bug Bite|p1a: Necrozma
|-damage|p1a: Necrozma|33/100
|
|upkeep
|turn|15
|
|t:|1663710460
|move|p2a: Scizor|Bullet Punch|p1a: Necrozma
|-resisted|p1a: Necrozma
|-damage|p1a: Necrozma|20/100
|move|p1a: Necrozma|Sunsteel Strike|p2a: Scizor
|-resisted|p2a: Scizor
|-damage|p2a: Scizor|0 fnt
|faint|p2a: Scizor
|
|upkeep
|
|t:|1663710469
|switch|p2a: Flygon|Flygon, M|89/100
|-damage|p2a: Flygon|83/100|[from] Stealth Rock
|turn|16
|
|t:|1663710472
|switch|p1a: Whimsicott|Whimsicott, F, shiny|100/100
|move|p2a: Flygon|Earthquake|p1a: Whimsicott
|-resisted|p1a: Whimsicott
|-damage|p1a: Whimsicott|73/100
|
|upkeep
|turn|17
|
|t:|1663710479
|switch|p2a: Banette|Banette, F|100/100
|-damage|p2a: Banette|88/100|[from] Stealth Rock
|move|p1a: Whimsicott|Toxic|p2a: Banette
|-status|p2a: Banette|tox
|
|-damage|p2a: Banette|82/100 tox|[from] psn
|upkeep
|turn|18
|
|t:|1663710482
|detailschange|p2a: Banette|Banette-Mega, F
|-mega|p2a: Banette|Banette|Banettite
|move|p1a: Whimsicott|Taunt|p2a: Banette
|-start|p2a: Banette|move: Taunt
|move|p2a: Banette|Gunk Shot|p1a: Whimsicott
|-supereffective|p1a: Whimsicott
|-damage|p1a: Whimsicott|0 fnt
|faint|p1a: Whimsicott
|
|-damage|p2a: Banette|70/100 tox|[from] psn
|upkeep
|
|t:|1663710491
|switch|p1a: Groudon|Groudon-Primal, shiny|30/100
|-weather|DesolateLand|[from] ability: Desolate Land|[of] p1a: Groudon
|turn|19
|
|t:|1663710498
|move|p2a: Banette|Shadow Sneak|p1a: Groudon
|-damage|p1a: Groudon|13/100
|move|p1a: Groudon|Earthquake|p2a: Banette
|-damage|p2a: Banette|0 fnt
|faint|p2a: Banette
|
|-weather|DesolateLand|[upkeep]
|upkeep
|
|t:|1663710505
|switch|p2a: Flygon|Flygon, M|83/100
|-damage|p2a: Flygon|77/100|[from] Stealth Rock
|turn|20
|
|t:|1663710512
|move|p2a: Flygon|Earthquake|p1a: Groudon
|-supereffective|p1a: Groudon
|-damage|p1a: Groudon|0 fnt
|faint|p1a: Groudon
|-weather|none
|
|upkeep
|
|t:|1663710515
|switch|p1a: Zygarde|Zygarde, shiny|100/100
|turn|21
|
|t:|1663710519
|switch|p2a: Lugia|Lugia|100/100
|-damage|p2a: Lugia|76/100|[from] Stealth Rock
|-ability|p2a: Lugia|Pressure
|move|p1a: Zygarde|Dragon Dance|p1a: Zygarde
|-boost|p1a: Zygarde|atk|1
|-boost|p1a: Zygarde|spe|1
|
|upkeep
|turn|22
|
|t:|1663710523
|move|p1a: Zygarde|Dragon Dance|p1a: Zygarde
|-boost|p1a: Zygarde|atk|1
|-boost|p1a: Zygarde|spe|1
|move|p2a: Lugia|Ice Beam|p1a: Zygarde
|-supereffective|p1a: Zygarde
|-enditem|p1a: Zygarde|Focus Sash
|-damage|p1a: Zygarde|1/100
|-status|p1a: Zygarde|frz
|
|-activate|p1a: Zygarde|ability: Power Construct
|detailschange|p1a: Zygarde|Zygarde-Complete, shiny
|-heal|p1a: Zygarde|38/100 frz|[silent]
|upkeep
|turn|23
|
|t:|1663710527
|cant|p1a: Zygarde|frz
|move|p2a: Lugia|Ice Beam|p1a: Zygarde
|-supereffective|p1a: Zygarde
|-damage|p1a: Zygarde|0 fnt
|faint|p1a: Zygarde
|
|upkeep
|
|t:|1663710530
|switch|p1a: Diancie|Diancie-Mega, shiny|81/100
|turn|24
|
|t:|1663710534
|move|p2a: Lugia|Ice Beam|p1a: Diancie
|-damage|p1a: Diancie|34/100
|move|p1a: Diancie|Diamond Storm|p2a: Lugia
|-supereffective|p2a: Lugia
|-damage|p2a: Lugia|0 fnt
|-boost|p1a: Diancie|def|2
|faint|p2a: Lugia
|
|upkeep
|
|t:|1663710539
|switch|p2a: Regieleki|Regieleki|100/100
|-damage|p2a: Regieleki|88/100|[from] Stealth Rock
|turn|25
|
|t:|1663710552
|move|p2a: Regieleki|Volt Switch|p1a: Diancie
|-damage|p1a: Diancie|0 fnt
|faint|p1a: Diancie
|
|t:|1663710555
|switch|p2a: Flygon|Flygon, M|77/100|[from]move: Volt Switch
|-damage|p2a: Flygon|71/100|[from] Stealth Rock
|
|upkeep
|-message|AdamPadum forfeited.
|
|win|PepsiPHD
|l|☆AdamPadum
|j|☆AdamPadum
|player|p1|AdamPadum|n-masters
|l|☆PepsiPHD
|l|☆AdamPadum
|player|p1|
|j|☆PepsiPHD
|player|p2|PepsiPHD|li
