|j|☆PathOfSolitude
|j|☆ThyKingCharles
|t:|1648823681
|gametype|singles
|player|p1|PathOfSolitude|li|1582
|player|p2|ThyKingCharles|zinnia|1840
|teamsize|p1|6
|teamsize|p2|6
|gen|8
|tier|[Gen 8] National Dex AG
|rated|
|rule|HP Percentage Mod: HP is shown in percentages
|rule|Endless Battle Clause: Forcing endless battles is banned
|clearpoke
|poke|p1|Runerigus, F|
|poke|p1|Xerneas-*|
|poke|p1|Necrozma-Dusk-Mane|
|poke|p1|Arceus-*|
|poke|p1|Mewtwo|
|poke|p1|Tyranitar, M|
|poke|p2|Rayquaza|
|poke|p2|Arceus-*|
|poke|p2|Yveltal|
|poke|p2|Zacian-*|
|poke|p2|Necrozma-Dusk-Mane|
|poke|p2|Marshadow|
|teampreview
|
|t:|1648823692
|start
|switch|p1a: Tyranitar|Tyranitar, M|100/100
|switch|p2a: Arceus|Arceus|100/100
|-weather|Sandstorm|[from] ability: Sand Stream|[of] p1a: Tyranitar
|turn|1
|
|t:|1648823702
|move|p2a: Arceus|Swords Dance|p2a: Arceus
|-boost|p2a: Arceus|atk|2
|move|p1a: Tyranitar|Stealth Rock|p2a: Arceus
|-sidestart|p2: ThyKingCharles|move: Stealth Rock
|
|-weather|Sandstorm|[upkeep]
|-damage|p2a: Arceus|94/100|[from] Sandstorm
|upkeep
|turn|2
|
|t:|1648823704
|move|p2a: Arceus|Earthquake|p1a: Tyranitar
|-supereffective|p1a: Tyranitar
|-damage|p1a: Tyranitar|0 fnt
|faint|p1a: Tyranitar
|
|-weather|Sandstorm|[upkeep]
|-damage|p2a: Arceus|88/100|[from] Sandstorm
|upkeep
|
|t:|1648823708
|switch|p1a: Runerigus|Runerigus, F|100/100
|turn|3
|
|t:|1648823713
|move|p2a: Arceus|Shadow Claw|p1a: Runerigus
|-supereffective|p1a: Runerigus
|-damage|p1a: Runerigus|20/100
|move|p1a: Runerigus|Will-O-Wisp|p2a: Arceus
|-status|p2a: Arceus|brn
|
|-weather|Sandstorm|[upkeep]
|-damage|p2a: Arceus|82/100 brn|[from] Sandstorm
|-damage|p2a: Arceus|76/100 brn|[from] brn
|upkeep
|turn|4
|-enditem|p1a: Runerigus|Custap Berry|[eat]
|-activate|p1a: Runerigus|item: Custap Berry|[consumed]
|
|t:|1648823719
|move|p1a: Runerigus|Endure|p1a: Runerigus
|-singleturn|p1a: Runerigus|move: Endure
|move|p2a: Arceus|Shadow Claw|p1a: Runerigus
|-supereffective|p1a: Runerigus
|-crit|p1a: Runerigus
|-activate|p1a: Runerigus|move: Endure
|-damage|p1a: Runerigus|1/100
|
|-weather|Sandstorm|[upkeep]
|-damage|p2a: Arceus|70/100 brn|[from] Sandstorm
|-damage|p2a: Arceus|64/100 brn|[from] brn
|upkeep
|turn|5
|
|t:|1648823723
|move|p2a: Arceus|Shadow Claw|p1a: Runerigus
|-supereffective|p1a: Runerigus
|-damage|p1a: Runerigus|0 fnt
|faint|p1a: Runerigus
|
|-weather|none
|-damage|p2a: Arceus|58/100 brn|[from] brn
|upkeep
|
|t:|1648823733
|switch|p1a: Xerneas|Xerneas|100/100
|-ability|p1a: Xerneas|Fairy Aura
|turn|6
|
|t:|1648823741
|switch|p2a: Zacian|Zacian-Crowned|100/100
|-damage|p2a: Zacian|94/100|[from] Stealth Rock
|-ability|p2a: Zacian|Intrepid Sword|boost
|-boost|p2a: Zacian|atk|1
|-zpower|p1a: Xerneas
|move|p1a: Xerneas|Z-Geomancy||[anim]Geomancy|[still]
|-boost|p1a: Xerneas|atk|1|[zeffect]
|-boost|p1a: Xerneas|def|1|[zeffect]
|-boost|p1a: Xerneas|spa|1|[zeffect]
|-boost|p1a: Xerneas|spd|1|[zeffect]
|-boost|p1a: Xerneas|spe|1|[zeffect]
|-prepare|p1a: Xerneas|Geomancy
|
|upkeep
|turn|7
|
|t:|1648823742
|move|p2a: Zacian|Behemoth Blade|p1a: Xerneas
|-supereffective|p1a: Xerneas
|-damage|p1a: Xerneas|23/100
|move|p1a: Xerneas|Geomancy|p1a: Xerneas|[from]lockedmove
|-boost|p1a: Xerneas|spa|2
|-boost|p1a: Xerneas|spd|2
|-boost|p1a: Xerneas|spe|2
|
|upkeep
|turn|8
|
|t:|1648823747
|move|p1a: Xerneas|Moonblast|p2a: Zacian
|-resisted|p2a: Zacian
|-damage|p2a: Zacian|32/100
|move|p2a: Zacian|Behemoth Blade|p1a: Xerneas
|-supereffective|p1a: Xerneas
|-damage|p1a: Xerneas|0 fnt
|faint|p1a: Xerneas
|
|upkeep
|
|t:|1648823750
|switch|p1a: Necrozma|Necrozma-Dusk-Mane|100/100
|turn|9
|
|t:|1648823756
|move|p2a: Zacian|Close Combat|p1a: Necrozma
|-damage|p1a: Necrozma|32/100
|-unboost|p2a: Zacian|def|1
|-unboost|p2a: Zacian|spd|1
|move|p1a: Necrozma|Dragon Dance|p1a: Necrozma
|-boost|p1a: Necrozma|atk|1
|-boost|p1a: Necrozma|spe|1
|
|upkeep
|turn|10
|
|t:|1648823763
|detailschange|p1a: Necrozma|Necrozma-Ultra
|-burst|p1a: Necrozma|Necrozma|Ultranecrozium Z
|move|p1a: Necrozma|Earthquake|p2a: Zacian
|-supereffective|p2a: Zacian
|-damage|p2a: Zacian|0 fnt
|faint|p2a: Zacian
|
|upkeep
|
|t:|1648823765
|switch|p2a: Yveltal|Yveltal|100/100
|-ability|p2a: Yveltal|Dark Aura
|turn|11
|
|t:|1648823768
|move|p2a: Yveltal|Sucker Punch|p1a: Necrozma
|-supereffective|p1a: Necrozma
|-damage|p1a: Necrozma|0 fnt
|faint|p1a: Necrozma
|
|upkeep
|
|t:|1648823770
|switch|p1a: Arceus|Arceus|100/100
|turn|12
|
|t:|1648823772
|move|p1a: Arceus|Swords Dance|p1a: Arceus
|-boost|p1a: Arceus|atk|2
|move|p2a: Yveltal|Defog|p1a: Arceus
|-unboost|p1a: Arceus|evasion|1
|-sideend|p2: ThyKingCharles|Stealth Rock|[from] move: Defog|[of] p2a: Yveltal
|
|upkeep
|turn|13
|
|t:|1648823776
|move|p1a: Arceus|Extreme Speed|p2a: Yveltal
|-damage|p2a: Yveltal|32/100
|move|p2a: Yveltal|Dark Pulse|p1a: Arceus
|-damage|p1a: Arceus|60/100
|
|-heal|p1a: Arceus|66/100|[from] item: Leftovers
|upkeep
|turn|14
|
|t:|1648823783
|switch|p2a: Arceus|Arceus|58/100 brn
|move|p1a: Arceus|Extreme Speed|p2a: Arceus
|-damage|p2a: Arceus|13/100 brn
|
|-heal|p1a: Arceus|72/100|[from] item: Leftovers
|-damage|p2a: Arceus|7/100 brn|[from] brn
|upkeep
|turn|15
|
|t:|1648823788
|move|p2a: Arceus|Extreme Speed|p1a: Arceus
|-damage|p1a: Arceus|62/100
|move|p1a: Arceus|Recover|p1a: Arceus
|-heal|p1a: Arceus|100/100
|
|-damage|p2a: Arceus|1/100 brn|[from] brn
|upkeep
|turn|16
|
|t:|1648823799
|move|p2a: Arceus|Extreme Speed|p1a: Arceus
|-damage|p1a: Arceus|89/100
|move|p1a: Arceus|Swords Dance|p1a: Arceus
|-boost|p1a: Arceus|atk|2
|
|-heal|p1a: Arceus|95/100|[from] item: Leftovers
|-damage|p2a: Arceus|0 fnt|[from] brn
|faint|p2a: Arceus
|upkeep
|
|t:|1648823801
|switch|p2a: Rayquaza|Rayquaza|100/100
|-ability|p2a: Rayquaza|Air Lock
|turn|17
|
|t:|1648823806
|detailschange|p2a: Rayquaza|Rayquaza-Mega
|-mega|p2a: Rayquaza|Rayquaza|
|-weather|DeltaStream|[from] ability: Delta Stream|[of] p2a: Rayquaza
|move|p2a: Rayquaza|Extreme Speed|p1a: Arceus
|-damage|p1a: Arceus|70/100
|-damage|p2a: Rayquaza|91/100|[from] item: Life Orb
|move|p1a: Arceus|Extreme Speed|p2a: Rayquaza
|-damage|p2a: Rayquaza|2/100
|
|-weather|DeltaStream|[upkeep]
|-heal|p1a: Arceus|76/100|[from] item: Leftovers
|upkeep
|turn|18
|
|t:|1648823814
|move|p2a: Rayquaza|Extreme Speed|p1a: Arceus
|-damage|p1a: Arceus|47/100
|-damage|p2a: Rayquaza|0 fnt|[from] item: Life Orb
|faint|p2a: Rayquaza
|-weather|none
|move|p1a: Arceus|Recover|p1a: Arceus
|-heal|p1a: Arceus|97/100
|
|-heal|p1a: Arceus|100/100|[from] item: Leftovers
|upkeep
|
|t:|1648823817
|switch|p2a: Marshadow|Marshadow|100/100
|turn|19
|
|t:|1648823823
|-start|p1a: Arceus|Dynamax|
|-heal|p1a: Arceus|100/100|[silent]
|move|p2a: Marshadow|Close Combat|p1a: Arceus
|-supereffective|p1a: Arceus
|-damage|p1a: Arceus|70/100
|-unboost|p2a: Marshadow|def|1
|-unboost|p2a: Marshadow|spd|1
|move|p1a: Arceus|Max Phantasm|p2a: Marshadow
|-supereffective|p2a: Marshadow
|-enditem|p2a: Marshadow|Focus Sash
|-damage|p2a: Marshadow|1/100
|-unboost|p2a: Marshadow|def|1
|
|-heal|p1a: Arceus|73/100|[from] item: Leftovers
|upkeep
|turn|20
|
|t:|1648823828
|move|p2a: Marshadow|Close Combat|p1a: Arceus
|-supereffective|p1a: Arceus
|-crit|p1a: Arceus
|-damage|p1a: Arceus|24/100
|-unboost|p2a: Marshadow|def|1
|-unboost|p2a: Marshadow|spd|1
|move|p1a: Arceus|Max Phantasm|p2a: Marshadow
|-supereffective|p2a: Marshadow
|-damage|p2a: Marshadow|0 fnt
|faint|p2a: Marshadow
|
|-heal|p1a: Arceus|27/100|[from] item: Leftovers
|upkeep
|
|t:|1648823832
|switch|p2a: Yveltal|Yveltal|32/100
|-ability|p2a: Yveltal|Dark Aura
|turn|21
|
|t:|1648823835
|-start|p2a: Yveltal|Dynamax|
|-heal|p2a: Yveltal|32/100|[silent]
|move|p1a: Arceus|Max Guard|p1a: Arceus
|-singleturn|p1a: Arceus|Max Guard
|move|p2a: Yveltal|Max Darkness|p1a: Arceus
|-activate|p1a: Arceus|move: Max Guard
|
|-heal|p1a: Arceus|30/100|[from] item: Leftovers
|-end|p1a: Arceus|Dynamax
|-heal|p1a: Arceus|30/100|[silent]
|upkeep
|turn|22
|
|t:|1648823837
|move|p1a: Arceus|Extreme Speed|p2a: Yveltal
|-damage|p2a: Yveltal|0 fnt
|faint|p2a: Yveltal
|
|-heal|p1a: Arceus|36/100|[from] item: Leftovers
|upkeep
|
|t:|1648823839
|switch|p2a: Necrozma|Necrozma-Dusk-Mane|100/100
|turn|23
|
|t:|1648823841
|move|p1a: Arceus|Shadow Force||[still]
|-prepare|p1a: Arceus|Shadow Force
|move|p2a: Necrozma|Photon Geyser|p1a: Arceus|[miss]
|-miss|p2a: Necrozma|p1a: Arceus
|
|-heal|p1a: Arceus|43/100|[from] item: Leftovers
|upkeep
|turn|24
|
|t:|1648823844
|move|p1a: Arceus|Shadow Force|p2a: Necrozma|[from]lockedmove
|-supereffective|p2a: Necrozma
|-damage|p2a: Necrozma|0 fnt
|faint|p2a: Necrozma
|
|win|PathOfSolitude
|raw|PathOfSolitude's rating: 1582 &rarr; <strong>1615</strong><br />(+33 for winning)
|raw|ThyKingCharles's rating: 1840 &rarr; <strong>1807</strong><br />(-33 for losing)
|c|☆PathOfSolitude|bonk
|l|☆ThyKingCharles
