|j|☆TaxFraud094
|j|☆Glaliegoesboom ❤
|t:|1663092615
|gametype|singles
|player|p1|TaxFraud094|skyla-masters2|1929
|player|p2|Glaliegoesboom ❤|cynthia-masters|2001
|teamsize|p1|6
|teamsize|p2|6
|gen|8
|tier|[Gen 8] National Dex AG
|rated|
|rule|HP Percentage Mod: HP is shown in percentages
|rule|Endless Battle Clause: Forcing endless battles is banned
|clearpoke
|poke|p1|Calyrex-Shadow|
|poke|p1|Necrozma-Dusk-Mane|
|poke|p1|Groudon|
|poke|p1|Zygarde|
|poke|p1|Ho-Oh|
|poke|p1|Arceus-*|
|poke|p2|Necrozma-Dusk-Mane|
|poke|p2|Zygarde|
|poke|p2|Arceus-*|
|poke|p2|Chansey, F|
|poke|p2|Marshadow|
|poke|p2|Yveltal|
|teampreview
|inactive|Battle timer is ON: inactive players will automatically lose when time's up. (requested by Glaliegoesboom ❤)
|inactive|TaxFraud094 also wants the timer to be on.
|c|☆TaxFraud094|glhf
|c|☆Glaliegoesboom ❤|U2
|
|t:|1663092642
|start
|switch|p1a: Sabotage|Zygarde, shiny|100/100
|switch|p2a: Zygarde|Zygarde, shiny|100/100
|turn|1
|
|t:|1663092655
|move|p1a: Sabotage|Glare|p2a: Zygarde
|-status|p2a: Zygarde|par
|move|p2a: Zygarde|Glare|p1a: Sabotage
|-status|p1a: Sabotage|par
|
|upkeep
|turn|2
|c|☆TaxFraud094|great minds think alike I guess
|
|t:|1663092676
|switch|p1a: Holier Than Thou|Arceus-Dark|100/100
|switch|p2a: Arceus|Arceus-Fairy|100/100
|
|upkeep
|turn|3
|
|t:|1663092687
|switch|p1a: Black Smoke Rising|Ho-Oh, shiny|100/100
|move|p2a: Arceus|Toxic|p1a: Black Smoke Rising
|-status|p1a: Black Smoke Rising|tox
|
|-damage|p1a: Black Smoke Rising|94/100 tox|[from] psn
|upkeep
|turn|4
|inactive|TaxFraud094 has 120 seconds left.
|
|t:|1663092719
|switch|p2a: Zygarde|Zygarde, shiny|100/100 par
|switch|p1a: Metal Health|Necrozma-Dusk-Mane|100/100
|
|upkeep
|turn|5
|
|t:|1663092728
|switch|p1a: Sabotage|Zygarde, shiny|100/100 par
|move|p2a: Zygarde|Glare|p1a: Sabotage
|-fail|p1a: Sabotage|par
|
|upkeep
|turn|6
|inactive|TaxFraud094 has 120 seconds left.
|
|t:|1663092734
|move|p1a: Sabotage|Glare|p2a: Zygarde
|-fail|p2a: Zygarde|par
|move|p2a: Zygarde|Thousand Arrows|p1a: Sabotage
|-damage|p1a: Sabotage|85/100 par
|
|-heal|p1a: Sabotage|91/100 par|[from] item: Leftovers
|upkeep
|turn|7
|
|t:|1663092737
|switch|p2a: Chansey|Chansey, F|100/100
|move|p1a: Sabotage|Glare|p2a: Chansey
|-status|p2a: Chansey|par
|
|-heal|p1a: Sabotage|97/100 par|[from] item: Leftovers
|upkeep
|turn|8
|
|t:|1663092750
|switch|p1a: Holier Than Thou|Arceus-Dark|100/100
|-curestatus|p2a: Chansey|par|[from] ability: Natural Cure
|switch|p2a: Arceus|Arceus-Fairy|100/100
|
|upkeep
|turn|9
|
|t:|1663092761
|switch|p1a: Black Smoke Rising|Ho-Oh, shiny|100/100 tox
|move|p2a: Arceus|Judgment|p1a: Black Smoke Rising
|-resisted|p1a: Black Smoke Rising
|-damage|p1a: Black Smoke Rising|88/100 tox
|
|-damage|p1a: Black Smoke Rising|82/100 tox|[from] psn
|upkeep
|turn|10
|
|t:|1663092767
|switch|p2a: Zygarde|Zygarde, shiny|100/100 par
|switch|p1a: Sabotage|Zygarde, shiny|97/100 par
|
|-heal|p1a: Sabotage|100/100 par|[from] item: Leftovers
|upkeep
|turn|11
|
|t:|1663092772
|switch|p2a: Arceus|Arceus-Fairy|100/100
|move|p1a: Sabotage|Coil|p1a: Sabotage
|-boost|p1a: Sabotage|atk|1
|-boost|p1a: Sabotage|def|1
|-boost|p1a: Sabotage|accuracy|1
|
|upkeep
|turn|12
|
|t:|1663092779
|switch|p2a: Necrozma|Necrozma-Dusk-Mane|100/100
|switch|p1a: Black Smoke Rising|Ho-Oh, shiny|100/100 tox
|
|-damage|p1a: Black Smoke Rising|94/100 tox|[from] psn
|upkeep
|turn|13
|
|t:|1663092792
|switch|p1a: Sabotage|Zygarde, shiny|100/100 par
|move|p2a: Necrozma|Stealth Rock|p1a: Sabotage
|-sidestart|p1: TaxFraud094|move: Stealth Rock
|
|upkeep
|turn|14
|
|t:|1663092805
|switch|p2a: Zygarde|Zygarde, shiny|100/100 par
|move|p1a: Sabotage|Glare|p2a: Zygarde
|-fail|p2a: Zygarde|par
|
|upkeep
|turn|15
|
|t:|1663092811
|switch|p1a: Black Smoke Rising|Ho-Oh, shiny|100/100 tox
|switch|p2a: Arceus|Arceus-Fairy|100/100
|
|-damage|p1a: Black Smoke Rising|94/100 tox|[from] psn
|upkeep
|turn|16
|
|t:|1663092825
|switch|p2a: Necrozma|Necrozma-Dusk-Mane|100/100
|move|p1a: Black Smoke Rising|Toxic|p2a: Necrozma
|-immune|p2a: Necrozma
|
|-damage|p1a: Black Smoke Rising|82/100 tox|[from] psn
|upkeep
|turn|17
|
|t:|1663092835
|switch|p1a: Hellfire|Groudon|100/100
|-damage|p1a: Hellfire|94/100|[from] Stealth Rock
|detailschange|p1a: Hellfire|Groudon-Primal
|-primal|p1a: Hellfire
|-weather|DesolateLand|[from] ability: Desolate Land|[of] p1a: Hellfire
|move|p2a: Necrozma|Knock Off|p1a: Hellfire
|-crit|p1a: Hellfire
|-damage|p1a: Hellfire|77/100
|
|-weather|DesolateLand|[upkeep]
|upkeep
|turn|18
|
|t:|1663092855
|switch|p2a: Zygarde|Zygarde, shiny|100/100 par
|move|p1a: Hellfire|Stealth Rock|p2a: Zygarde
|-sidestart|p2: Glaliegoesboom ❤|move: Stealth Rock
|
|-weather|DesolateLand|[upkeep]
|upkeep
|turn|19
|
|t:|1663092861
|-weather|none
|switch|p1a: Sabotage|Zygarde, shiny|100/100 par
|-damage|p1a: Sabotage|94/100 par|[from] Stealth Rock
|move|p2a: Zygarde|Thousand Arrows|p1a: Sabotage
|-damage|p1a: Sabotage|77/100 par
|
|-heal|p1a: Sabotage|83/100 par|[from] item: Leftovers
|upkeep
|turn|20
|
|t:|1663092870
|switch|p2a: Necrozma|Necrozma-Dusk-Mane|100/100
|-damage|p2a: Necrozma|94/100|[from] Stealth Rock
|move|p1a: Sabotage|Glare|p2a: Necrozma
|-status|p2a: Necrozma|par
|
|-heal|p1a: Sabotage|90/100 par|[from] item: Leftovers
|upkeep
|turn|21
|
|t:|1663092875
|move|p1a: Sabotage|Coil|p1a: Sabotage
|-boost|p1a: Sabotage|atk|1
|-boost|p1a: Sabotage|def|1
|-boost|p1a: Sabotage|accuracy|1
|move|p2a: Necrozma|Knock Off|p1a: Sabotage
|-damage|p1a: Sabotage|78/100 par
|-enditem|p1a: Sabotage|Leftovers|[from] move: Knock Off|[of] p2a: Necrozma
|
|upkeep
|turn|22
|
|t:|1663092882
|switch|p2a: Zygarde|Zygarde, shiny|100/100 par
|-damage|p2a: Zygarde|94/100 par|[from] Stealth Rock
|move|p1a: Sabotage|Glare|p2a: Zygarde
|-fail|p2a: Zygarde|par
|
|upkeep
|turn|23
|
|t:|1663092886
|cant|p1a: Sabotage|par
|cant|p2a: Zygarde|par
|
|upkeep
|turn|24
|
|t:|1663092891
|move|p1a: Sabotage|Thousand Arrows|p2a: Zygarde
|-damage|p2a: Zygarde|72/100 par
|move|p2a: Zygarde|Haze|p2a: Zygarde
|-clearallboost
|
|upkeep
|turn|25
|
|t:|1663092900
|move|p1a: Sabotage|Coil|p1a: Sabotage
|-boost|p1a: Sabotage|atk|1
|-boost|p1a: Sabotage|def|1
|-boost|p1a: Sabotage|accuracy|1
|cant|p2a: Zygarde|par
|
|upkeep
|turn|26
|
|t:|1663092905
|move|p1a: Sabotage|Thousand Arrows|p2a: Zygarde
|-damage|p2a: Zygarde|46/100 par
|cant|p2a: Zygarde|par
|
|-activate|p2a: Zygarde|ability: Power Construct
|detailschange|p2a: Zygarde|Zygarde-Complete, shiny
|-heal|p2a: Zygarde|65/100 par|[silent]
|upkeep
|turn|27
|
|t:|1663092915
|move|p1a: Sabotage|Thousand Arrows|p2a: Zygarde
|-damage|p2a: Zygarde|48/100 par
|move|p2a: Zygarde|Haze|p2a: Zygarde
|-clearallboost
|
|upkeep
|turn|28
|
|t:|1663092930
|move|p1a: Sabotage|Coil|p1a: Sabotage
|-boost|p1a: Sabotage|atk|1
|-boost|p1a: Sabotage|def|1
|-boost|p1a: Sabotage|accuracy|1
|move|p2a: Zygarde|Rest|p2a: Zygarde
|-status|p2a: Zygarde|slp|[from] move: Rest
|-heal|p2a: Zygarde|100/100 slp|[silent]
|
|upkeep
|turn|29
|
|t:|1663092941
|cant|p2a: Zygarde|slp
|move|p1a: Sabotage|Glare||[still]
|-fail|p1a: Sabotage
|
|upkeep
|turn|30
|
|t:|1663092952
|cant|p2a: Zygarde|slp
|move|p1a: Sabotage|Rest|p1a: Sabotage
|-status|p1a: Sabotage|slp|[from] move: Rest
|-heal|p1a: Sabotage|100/100 slp|[silent]
|
|upkeep
|turn|31
|
|t:|1663092965
|cant|p1a: Sabotage|slp
|-curestatus|p2a: Zygarde|slp|[msg]
|move|p2a: Zygarde|Haze|p2a: Zygarde
|-clearallboost
|
|upkeep
|turn|32
|
|t:|1663092984
|switch|p2a: Chansey|Chansey, F|100/100
|-damage|p2a: Chansey|88/100|[from] Stealth Rock
|cant|p1a: Sabotage|slp
|
|upkeep
|turn|33
|
|t:|1663092993
|-curestatus|p1a: Sabotage|slp|[msg]
|move|p1a: Sabotage|Coil|p1a: Sabotage
|-boost|p1a: Sabotage|atk|1
|-boost|p1a: Sabotage|def|1
|-boost|p1a: Sabotage|accuracy|1
|move|p2a: Chansey|Aromatherapy|p2a: Chansey
|-activate|p2a: Chansey|move: Aromatherapy
|-curestatus|p2: Necrozma|par|[msg]
|
|upkeep
|turn|34
|
|t:|1663093006
|switch|p2a: Zygarde|Zygarde-Complete, shiny|100/100
|-damage|p2a: Zygarde|94/100|[from] Stealth Rock
|move|p1a: Sabotage|Thousand Arrows|p2a: Zygarde
|-damage|p2a: Zygarde|80/100
|
|upkeep
|turn|35
|
|t:|1663093012
|move|p1a: Sabotage|Glare|p2a: Zygarde
|-status|p2a: Zygarde|par
|move|p2a: Zygarde|Haze|p2a: Zygarde
|-clearallboost
|
|upkeep
|turn|36
|
|t:|1663093016
|move|p1a: Sabotage|Coil|p1a: Sabotage
|-boost|p1a: Sabotage|atk|1
|-boost|p1a: Sabotage|def|1
|-boost|p1a: Sabotage|accuracy|1
|move|p2a: Zygarde|Rest|p2a: Zygarde
|-status|p2a: Zygarde|slp|[from] move: Rest
|-heal|p2a: Zygarde|100/100 slp|[silent]
|
|upkeep
|turn|37
|
|t:|1663093023
|move|p1a: Sabotage|Coil|p1a: Sabotage
|-boost|p1a: Sabotage|atk|1
|-boost|p1a: Sabotage|def|1
|-boost|p1a: Sabotage|accuracy|1
|cant|p2a: Zygarde|slp
|
|upkeep
|turn|38
|
|t:|1663093038
|move|p1a: Sabotage|Thousand Arrows|p2a: Zygarde
|-damage|p2a: Zygarde|78/100 slp
|cant|p2a: Zygarde|slp
|
|upkeep
|turn|39
|
|t:|1663093043
|move|p1a: Sabotage|Thousand Arrows|p2a: Zygarde
|-damage|p2a: Zygarde|57/100 slp
|-curestatus|p2a: Zygarde|slp|[msg]
|move|p2a: Zygarde|Haze|p2a: Zygarde
|-clearallboost
|
|upkeep
|turn|40
|
|t:|1663093060
|switch|p1a: Holier Than Thou|Arceus-Dark|100/100
|-damage|p1a: Holier Than Thou|88/100|[from] Stealth Rock
|move|p2a: Zygarde|Glare|p1a: Holier Than Thou
|-status|p1a: Holier Than Thou|par
|
|upkeep
|turn|41
|
|t:|1663093068
|switch|p2a: Yveltal|Yveltal|100/100
|-ability|p2a: Yveltal|Dark Aura
|move|p1a: Holier Than Thou|Refresh|p1a: Holier Than Thou
|-curestatus|p1a: Holier Than Thou|par|[msg]
|
|upkeep
|turn|42
|
|t:|1663093078
|move|p1a: Holier Than Thou|Calm Mind|p1a: Holier Than Thou
|-boost|p1a: Holier Than Thou|spa|1
|-boost|p1a: Holier Than Thou|spd|1
|move|p2a: Yveltal|U-turn|p1a: Holier Than Thou
|-supereffective|p1a: Holier Than Thou
|-damage|p1a: Holier Than Thou|66/100
|
|t:|1663093098
|switch|p2a: Marshadow|Marshadow|100/100|[from]move: U-turn
|-damage|p2a: Marshadow|94/100|[from] Stealth Rock
|
|upkeep
|turn|43
|
|t:|1663093111
|switch|p2a: Yveltal|Yveltal|100/100
|-ability|p2a: Yveltal|Dark Aura
|switch|p1a: Sabotage|Zygarde, shiny|100/100
|-damage|p1a: Sabotage|94/100|[from] Stealth Rock
|
|upkeep
|turn|44
|
|t:|1663093132
|move|p1a: Sabotage|Glare|p2a: Yveltal
|-status|p2a: Yveltal|par
|move|p2a: Yveltal|U-turn|p1a: Sabotage
|-damage|p1a: Sabotage|85/100
|inactive|Glaliegoesboom ❤ has 120 seconds left.
|
|t:|1663093149
|switch|p2a: Arceus|Arceus-Fairy|100/100|[from]move: U-turn
|-damage|p2a: Arceus|88/100|[from] Stealth Rock
|
|upkeep
|turn|45
|inactive|Glaliegoesboom ❤ has 120 seconds left.
|
|t:|1663093159
|switch|p1a: Metal Health|Necrozma-Dusk-Mane|100/100
|-damage|p1a: Metal Health|94/100|[from] Stealth Rock
|move|p2a: Arceus|Judgment|p1a: Metal Health
|-resisted|p1a: Metal Health
|-damage|p1a: Metal Health|76/100
|
|-heal|p1a: Metal Health|82/100|[from] item: Leftovers
|upkeep
|turn|46
|inactive|TaxFraud094 has 120 seconds left.
|
|t:|1663093194
|move|p2a: Arceus|Will-O-Wisp|p1a: Metal Health
|-status|p1a: Metal Health|brn
|move|p1a: Metal Health|Dragon Dance|p1a: Metal Health
|-boost|p1a: Metal Health|atk|1
|-boost|p1a: Metal Health|spe|1
|
|-heal|p1a: Metal Health|89/100 brn|[from] item: Leftovers
|-damage|p1a: Metal Health|82/100 brn|[from] brn
|upkeep
|turn|47
|
|t:|1663093202
|switch|p2a: Zygarde|Zygarde-Complete, shiny|57/100
|-damage|p2a: Zygarde|51/100|[from] Stealth Rock
|move|p1a: Metal Health|Dragon Dance|p1a: Metal Health
|-boost|p1a: Metal Health|atk|1
|-boost|p1a: Metal Health|spe|1
|
|-heal|p1a: Metal Health|89/100 brn|[from] item: Leftovers
|-damage|p1a: Metal Health|82/100 brn|[from] brn
|upkeep
|turn|48
|
|t:|1663093211
|move|p1a: Metal Health|Sunsteel Strike|p2a: Zygarde
|-damage|p2a: Zygarde|34/100
|move|p2a: Zygarde|Haze|p2a: Zygarde
|-clearallboost
|
|-heal|p1a: Metal Health|89/100 brn|[from] item: Leftovers
|-damage|p1a: Metal Health|82/100 brn|[from] brn
|upkeep
|turn|49
|
|t:|1663093217
|switch|p1a: Twilight Zone|Calyrex-Shadow|100/100
|-ability|p1a: Twilight Zone|As One
|-ability|p1a: Twilight Zone|Unnerve
|-damage|p1a: Twilight Zone|88/100|[from] Stealth Rock
|move|p2a: Zygarde|Rest|p2a: Zygarde
|-status|p2a: Zygarde|slp|[from] move: Rest
|-heal|p2a: Zygarde|100/100 slp|[silent]
|
|upkeep
|turn|50
|
|t:|1663093238
|switch|p2a: Yveltal|Yveltal|100/100 par
|-ability|p2a: Yveltal|Dark Aura
|move|p1a: Twilight Zone|Astral Barrage|p2a: Yveltal
|-resisted|p2a: Yveltal
|-damage|p2a: Yveltal|82/100 par
|
|upkeep
|turn|51
|
|t:|1663093245
|switch|p1a: Sabotage|Zygarde, shiny|85/100
|-damage|p1a: Sabotage|79/100|[from] Stealth Rock
|move|p2a: Yveltal|U-turn|p1a: Sabotage
|-damage|p1a: Sabotage|68/100
|
|t:|1663093256
|switch|p2a: Arceus|Arceus-Fairy|88/100|[from]move: U-turn
|-damage|p2a: Arceus|76/100|[from] Stealth Rock
|
|upkeep
|turn|52
|
|t:|1663093259
|switch|p1a: Black Smoke Rising|Ho-Oh, shiny|100/100 tox
|move|p2a: Arceus|Judgment|p1a: Black Smoke Rising
|-resisted|p1a: Black Smoke Rising
|-damage|p1a: Black Smoke Rising|87/100 tox
|
|-damage|p1a: Black Smoke Rising|81/100 tox|[from] psn
|upkeep
|turn|53
|inactive|Glaliegoesboom ❤ has 120 seconds left.
|
|t:|1663093313
|switch|p2a: Zygarde|Zygarde-Complete, shiny|100/100 slp
|-damage|p2a: Zygarde|94/100 slp|[from] Stealth Rock
|move|p1a: Black Smoke Rising|Toxic|p2a: Zygarde|[miss]
|-miss|p1a: Black Smoke Rising|p2a: Zygarde
|
|-damage|p1a: Black Smoke Rising|69/100 tox|[from] psn
|upkeep
|turn|54
|j| inoion
|
|t:|1663093324
|switch|p1a: Twilight Zone|Calyrex-Shadow|88/100
|-ability|p1a: Twilight Zone|As One
|-ability|p1a: Twilight Zone|Unnerve
|-damage|p1a: Twilight Zone|76/100|[from] Stealth Rock
|cant|p2a: Zygarde|slp
|
|upkeep
|turn|55
|
|t:|1663093346
|switch|p2a: Yveltal|Yveltal|82/100 par
|-ability|p2a: Yveltal|Dark Aura
|move|p1a: Twilight Zone|Nasty Plot|p1a: Twilight Zone
|-boost|p1a: Twilight Zone|spa|2
|
|upkeep
|turn|56
|
|t:|1663093360
|switch|p1a: Holier Than Thou|Arceus-Dark|66/100
|-damage|p1a: Holier Than Thou|54/100|[from] Stealth Rock
|move|p2a: Yveltal|U-turn|p1a: Holier Than Thou
|-supereffective|p1a: Holier Than Thou
|-crit|p1a: Holier Than Thou
|-damage|p1a: Holier Than Thou|23/100
|
|t:|1663093367
|switch|p2a: Marshadow|Marshadow|94/100|[from]move: U-turn
|-damage|p2a: Marshadow|88/100|[from] Stealth Rock
|
|upkeep
|turn|57
|
|t:|1663093387
|switch|p1a: Black Smoke Rising|Ho-Oh, shiny|100/100 tox
|move|p2a: Marshadow|Close Combat|p1a: Black Smoke Rising
|-resisted|p1a: Black Smoke Rising
|-damage|p1a: Black Smoke Rising|71/100 tox
|-unboost|p2a: Marshadow|def|1
|-unboost|p2a: Marshadow|spd|1
|
|-damage|p1a: Black Smoke Rising|65/100 tox|[from] psn
|upkeep
|turn|58
|
|t:|1663093407
|switch|p2a: Zygarde|Zygarde-Complete, shiny|94/100 slp
|-damage|p2a: Zygarde|88/100 slp|[from] Stealth Rock
|move|p1a: Black Smoke Rising|Sacred Fire|p2a: Zygarde
|-resisted|p2a: Zygarde
|-damage|p2a: Zygarde|81/100 slp
|
|-damage|p1a: Black Smoke Rising|53/100 tox|[from] psn
|upkeep
|turn|59
|
|t:|1663093417
|switch|p1a: Holier Than Thou|Arceus-Dark|23/100
|-damage|p1a: Holier Than Thou|10/100|[from] Stealth Rock
|switch|p2a: Marshadow|Marshadow|88/100
|-damage|p2a: Marshadow|82/100|[from] Stealth Rock
|
|upkeep
|turn|60
|
|t:|1663093429
|-activate|p1a: Holier Than Thou|move: Pursuit
|move|p2a: Marshadow|Pursuit|p1a: Holier Than Thou|[from]Pursuit
|-resisted|p1a: Holier Than Thou
|-damage|p1a: Holier Than Thou|0 fnt
|faint|p1a: Holier Than Thou
|-hint|A Pokemon can't switch between when it runs out of HP and when it faints
|
|upkeep
|
|t:|1663093433
|switch|p1a: Twilight Zone|Calyrex-Shadow|76/100
|-ability|p1a: Twilight Zone|As One
|-ability|p1a: Twilight Zone|Unnerve
|-damage|p1a: Twilight Zone|64/100|[from] Stealth Rock
|turn|61
|
|t:|1663093450
|switch|p2a: Yveltal|Yveltal|82/100 par
|-ability|p2a: Yveltal|Dark Aura
|move|p1a: Twilight Zone|Nasty Plot|p1a: Twilight Zone
|-boost|p1a: Twilight Zone|spa|2
|
|upkeep
|turn|62
|inactive|TaxFraud094 has 120 seconds left.
|j| Pyzzeen
|inactive|TaxFraud094 has 90 seconds left.
|
|t:|1663093521
|switch|p1a: Sabotage|Zygarde, shiny|68/100
|-damage|p1a: Sabotage|62/100|[from] Stealth Rock
|cant|p2a: Yveltal|par
|
|upkeep
|turn|63
|inactive|TaxFraud094 has 90 seconds left.
|inactive|Glaliegoesboom ❤ has 90 seconds left.
|inactive|TaxFraud094 has 60 seconds left.
|
|t:|1663093561
|switch|p2a: Zygarde|Zygarde-Complete, shiny|81/100 slp
|-damage|p2a: Zygarde|75/100 slp|[from] Stealth Rock
|move|p1a: Sabotage|Thousand Arrows|p2a: Zygarde
|-damage|p2a: Zygarde|65/100 slp
|
|upkeep
|turn|64
|inactive|TaxFraud094 has 60 seconds left.
|inactive|Glaliegoesboom ❤ has 90 seconds left.
|
|t:|1663093595
|move|p1a: Sabotage|Coil|p1a: Sabotage
|-boost|p1a: Sabotage|atk|1
|-boost|p1a: Sabotage|def|1
|-boost|p1a: Sabotage|accuracy|1
|cant|p2a: Zygarde|slp
|
|upkeep
|turn|65
|
|t:|1663093609
|move|p1a: Sabotage|Glare||[still]
|-fail|p1a: Sabotage
|-curestatus|p2a: Zygarde|slp|[msg]
|move|p2a: Zygarde|Haze|p2a: Zygarde
|-clearallboost
|
|upkeep
|turn|66
|
|t:|1663093619
|move|p1a: Sabotage|Glare|p2a: Zygarde
|-status|p2a: Zygarde|par
|move|p2a: Zygarde|Glare|p1a: Sabotage
|-status|p1a: Sabotage|par
|
|upkeep
|turn|67
|inactive|TaxFraud094 has 60 seconds left.
|inactive|Glaliegoesboom ❤ has 90 seconds left.
|
|t:|1663093625
|switch|p1a: Black Smoke Rising|Ho-Oh, shiny|87/100 tox
|cant|p2a: Zygarde|par
|
|-damage|p1a: Black Smoke Rising|80/100 tox|[from] psn
|upkeep
|turn|68
|inactive|Glaliegoesboom ❤ has 90 seconds left.
|inactive|TaxFraud094 has 60 seconds left.
|inactive|TaxFraud094 has 30 seconds left.
|inactive|TaxFraud094 has 20 seconds left.
|inactive|TaxFraud094 has 15 seconds left.
|inactive|TaxFraud094 has 10 seconds left.
|inactive|TaxFraud094 has 5 seconds left.
|-message|TaxFraud094 lost due to inactivity.
|
|win|Glaliegoesboom ❤
|raw|TaxFraud094's rating: 1929 &rarr; <strong>1913</strong><br />(-16 for losing)
|raw|Glaliegoesboom ❤'s rating: 2001 &rarr; <strong>2017</strong><br />(+16 for winning)
|c|☆TaxFraud094|fuck me
|c|☆TaxFraud094|I had to do something
|l|☆TaxFraud094
|l|☆Glaliegoesboom ❤
||Ladder isn't responding, score probably updated but might not have (Request timeout).
|c| inoion|F
|l| Pyzzeen
|l| inoion
|j|☆Glaliegoesboom ❤
|player|p2|Glaliegoesboom ❤|cynthia-masters
