|j|☆VsP 2969
|j|☆MPG/Equi
|t:|1663315448
|gametype|singles
|player|p1|VsP 2969|cynthia|1403
|player|p2|MPG/Equi|steven|1372
|teamsize|p1|6
|teamsize|p2|6
|gen|8
|tier|[Gen 8] National Dex AG
|rated|
|rule|HP Percentage Mod: HP is shown in percentages
|rule|Endless Battle Clause: Forcing endless battles is banned
|clearpoke
|poke|p1|Kommo-o, F|
|poke|p1|Hawlucha, M|
|poke|p1|Breloom, F|
|poke|p1|Lucario, F|
|poke|p1|Marshadow|
|poke|p1|Pheromosa|
|poke|p2|Necrozma-Dusk-Mane|
|poke|p2|Marshadow|
|poke|p2|Slowbro, M|
|poke|p2|Tapu Lele|
|poke|p2|Hawlucha, M|
|poke|p2|Latias, F|
|teampreview
|j| Blair but funnier?
|
|t:|1663315460
|start
|switch|p1a: Pheromosa|Pheromosa|100/100
|switch|p2a: Tapu Lele|Tapu Lele|100/100
|-fieldstart|move: Psychic Terrain|[from] ability: Psychic Surge|[of] p2a: Tapu Lele
|turn|1
|
|t:|1663315471
|move|p2a: Tapu Lele|Psychic|p1a: Pheromosa
|-supereffective|p1a: Pheromosa
|-damage|p1a: Pheromosa|0 fnt
|faint|p1a: Pheromosa
|
|upkeep
|c| Blair but funnier?|This is gonna be easy
|
|t:|1663315488
|switch|p1a: Breloom|Breloom, F|100/100
|turn|2
|
|t:|1663315498
|move|p2a: Tapu Lele|Psychic|p1a: Breloom
|-supereffective|p1a: Breloom
|-enditem|p1a: Breloom|Focus Sash
|-damage|p1a: Breloom|1/100
|move|p1a: Breloom|Spore|p2a: Tapu Lele
|-status|p2a: Tapu Lele|slp|[from] move: Spore
|
|upkeep
|turn|3
|
|t:|1663315508
|switch|p2a: Zorro The Gayblade|Hawlucha, M, shiny|100/100
|-enditem|p2a: Zorro The Gayblade|Psychic Seed
|-boost|p2a: Zorro The Gayblade|spd|1|[from] item: Psychic Seed
|move|p1a: Breloom|Rock Tomb|p2a: Zorro The Gayblade
|-damage|p2a: Zorro The Gayblade|53/100
|-unboost|p2a: Zorro The Gayblade|spe|1
|
|upkeep
|turn|4
|
|t:|1663315524
|move|p2a: Zorro The Gayblade|Acrobatics|p1a: Breloom
|-supereffective|p1a: Breloom
|-damage|p1a: Breloom|0 fnt
|faint|p1a: Breloom
|
|upkeep
|
|t:|1663315542
|switch|p1a: Lucario|Lucario, F|100/100
|turn|5
|
|t:|1663315549
|detailschange|p1a: Lucario|Lucario-Mega, F
|-mega|p1a: Lucario|Lucario|Lucarionite
|move|p2a: Zorro The Gayblade|Close Combat|p1a: Lucario
|-supereffective|p1a: Lucario
|-crit|p1a: Lucario
|-damage|p1a: Lucario|0 fnt
|-unboost|p2a: Zorro The Gayblade|def|1
|-unboost|p2a: Zorro The Gayblade|spd|1
|faint|p1a: Lucario
|
|-fieldend|move: Psychic Terrain
|upkeep
|-message|VsP 2969 forfeited.
|
|win|MPG/Equi
|raw|VsP 2969's rating: 1403 &rarr; <strong>1381</strong><br />(-22 for losing)
|raw|MPG&#x2f;Equi's rating: 1372 &rarr; <strong>1394</strong><br />(+22 for winning)
|l|☆VsP 2969
