|j|☆Temp6t Student
|j|☆Glass101
|t:|1665970863
|gametype|singles
|player|p1|Temp6t Student|ash-johto|1509
|player|p2|Glass101|mira|1707
|teamsize|p1|6
|teamsize|p2|6
|gen|8
|tier|[Gen 8] National Dex AG
|rated|
|rule|HP Percentage Mod: HP is shown in percentages
|rule|Endless Battle Clause: Forcing endless battles is banned
|clearpoke
|poke|p1|Golem, F|
|poke|p1|Galvantula, F|
|poke|p1|Breloom, M|
|poke|p1|Ditto|
|poke|p1|Mew|
|poke|p1|Regieleki|
|poke|p2|Groudon|
|poke|p2|Zacian-*|
|poke|p2|Arceus-*|
|poke|p2|Yveltal|
|poke|p2|Shedinja|
|poke|p2|Rayquaza|
|teampreview
|inactive|Battle timer is ON: inactive players will automatically lose when time's up. (requested by Temp6t Student)
|
|t:|1665970871
|start
|switch|p1a: Golden Annoyance|Golem, F, shiny|100/100
|switch|p2a: Groudon|Groudon, shiny|100/100
|detailschange|p2a: Groudon|Groudon-Primal, shiny
|-primal|p2a: Groudon
|-weather|DesolateLand|[from] ability: Desolate Land|[of] p2a: Groudon
|turn|1
|
|t:|1665970878
|move|p2a: Groudon|Earthquake|p1a: Golden Annoyance
|-supereffective|p1a: Golden Annoyance
|-ability|p1a: Golden Annoyance|Sturdy
|-damage|p1a: Golden Annoyance|1/100
|move|p1a: Golden Annoyance|Stealth Rock|p2a: Groudon
|-sidestart|p2: Glass101|move: Stealth Rock
|
|-weather|DesolateLand|[upkeep]
|upkeep
|turn|2
|-enditem|p1a: Golden Annoyance|Custap Berry|[eat]
|-activate|p1a: Golden Annoyance|item: Custap Berry|[consumed]
|
|t:|1665970886
|move|p1a: Golden Annoyance|Earthquake|p2a: Groudon
|-supereffective|p2a: Groudon
|-damage|p2a: Groudon|45/100
|move|p2a: Groudon|Earthquake|p1a: Golden Annoyance
|-supereffective|p1a: Golden Annoyance
|-damage|p1a: Golden Annoyance|0 fnt
|faint|p1a: Golden Annoyance
|
|-weather|DesolateLand|[upkeep]
|upkeep
|
|t:|1665970893
|switch|p1a: Regieleki|Regieleki|100/100
|turn|3
|
|t:|1665970896
|move|p1a: Regieleki|Explosion|p2a: Groudon
|-crit|p2a: Groudon
|-damage|p2a: Groudon|0 fnt
|faint|p1a: Regieleki
|faint|p2a: Groudon
|-weather|none
|
|upkeep
|
|t:|1665970902
|switch|p1a: Galvantula|Galvantula, F, shiny|100/100
|switch|p2a: Yveltal|Yveltal|100/100
|-ability|p2a: Yveltal|Dark Aura
|turn|4
|
|t:|1665970907
|move|p1a: Galvantula|Thunder Wave|p2a: Yveltal
|-status|p2a: Yveltal|par
|move|p2a: Yveltal|Defog|p1a: Galvantula
|-unboost|p1a: Galvantula|evasion|1
|-sideend|p2: Glass101|Stealth Rock|[from] move: Defog|[of] p2a: Yveltal
|
|upkeep
|turn|5
|
|t:|1665970915
|move|p1a: Galvantula|Sticky Web|p2a: Yveltal
|-sidestart|p2: Glass101|move: Sticky Web
|move|p2a: Yveltal|Oblivion Wing|p1a: Galvantula
|-damage|p1a: Galvantula|12/100
|
|upkeep
|turn|6
|
|t:|1665970922
|move|p1a: Galvantula|Thunder|p2a: Yveltal
|-supereffective|p2a: Yveltal
|-damage|p2a: Yveltal|12/100 par
|move|p2a: Yveltal|Dark Pulse|p1a: Galvantula
|-crit|p1a: Galvantula
|-damage|p1a: Galvantula|0 fnt
|faint|p1a: Galvantula
|
|upkeep
|
|t:|1665970933
|switch|p1a: Breloom|Breloom, M|100/100
|turn|7
|
|t:|1665970936
|switch|p2a: Normal|Arceus|100/100
|-activate|p2a: Normal|move: Sticky Web
|-unboost|p2a: Normal|spe|1
|move|p1a: Breloom|Brick Break|p2a: Normal
|-supereffective|p2a: Normal
|-damage|p2a: Normal|57/100
|
|-status|p1a: Breloom|tox|[from] item: Toxic Orb
|upkeep
|turn|8
|
|t:|1665970946
|-start|p2a: Normal|Dynamax|
|-heal|p2a: Normal|57/100|[silent]
|move|p1a: Breloom|Spore|p2a: Normal
|-activate|p2a: Normal|item: Safety Goggles|Spore
|move|p2a: Normal|Max Strike|p1a: Breloom
|-damage|p1a: Breloom|36/100 tox
|-unboost|p1a: Breloom|spe|1
|
|-heal|p1a: Breloom|49/100 tox|[from] ability: Poison Heal
|upkeep
|turn|9
|
|t:|1665970958
|switch|p1a: Mew|Mew|100/100
|move|p2a: Normal|Max Strike|p1a: Mew
|-damage|p1a: Mew|57/100
|-unboost|p1a: Mew|spe|1
|
|-heal|p1a: Mew|63/100|[from] item: Leftovers
|upkeep
|turn|10
|
|t:|1665970965
|move|p1a: Mew|Roost|p1a: Mew
|-heal|p1a: Mew|100/100
|-singleturn|p1a: Mew|move: Roost
|move|p2a: Normal|Max Phantasm|p1a: Mew
|-supereffective|p1a: Mew
|-damage|p1a: Mew|47/100
|-unboost|p1a: Mew|def|1
|
|-heal|p1a: Mew|53/100|[from] item: Leftovers
|upkeep
|-end|p2a: Normal|Dynamax
|-heal|p2a: Normal|57/100|[silent]
|turn|11
|
|t:|1665970976
|move|p2a: Normal|Extreme Speed|p1a: Mew
|-damage|p1a: Mew|13/100
|move|p1a: Mew|Cosmic Power|p1a: Mew
|-boost|p1a: Mew|def|1
|-boost|p1a: Mew|spd|1
|
|-heal|p1a: Mew|19/100|[from] item: Leftovers
|upkeep
|turn|12
|
|t:|1665970983
|move|p2a: Normal|Extreme Speed|p1a: Mew
|-damage|p1a: Mew|0 fnt
|faint|p1a: Mew
|
|upkeep
|
|t:|1665970987
|switch|p1a: Breloom|Breloom, M|49/100 tox
|turn|13
|
|t:|1665970989
|move|p2a: Normal|Extreme Speed|p1a: Breloom
|-damage|p1a: Breloom|9/100 tox
|move|p1a: Breloom|Leech Seed|p2a: Normal
|-start|p2a: Normal|move: Leech Seed
|
|-damage|p2a: Normal|45/100|[from] Leech Seed|[of] p1a: Breloom
|-heal|p1a: Breloom|24/100 tox|[silent]
|-heal|p1a: Breloom|36/100 tox|[from] ability: Poison Heal
|upkeep
|turn|14
|
|t:|1665970998
|switch|p1a: Ditto|Ditto, shiny|100/100
|-transform|p1a: Ditto|p2a: Normal|[from] ability: Imposter
|move|p2a: Normal|Extreme Speed|p1a: Ditto
|-damage|p1a: Ditto|75/100
|
|-damage|p2a: Normal|33/100|[from] Leech Seed|[of] p1a: Ditto
|-heal|p1a: Ditto|91/100|[silent]
|upkeep
|turn|15
|
|t:|1665971007
|switch|p2a: Sturdinja|Shedinja|100/100
|-activate|p2a: Sturdinja|move: Sticky Web
|-unboost|p2a: Sturdinja|spe|1
|move|p1a: Ditto|Swords Dance|p1a: Ditto
|-boost|p1a: Ditto|atk|2
|
|upkeep
|turn|16
|
|t:|1665971016
|-start|p1a: Ditto|Dynamax|
|-heal|p1a: Ditto|91/100|[silent]
|move|p1a: Ditto|Max Phantasm|p2a: Sturdinja
|-supereffective|p2a: Sturdinja
|-enditem|p2a: Sturdinja|Focus Sash
|-damage|p2a: Sturdinja|100/100
|-unboost|p2a: Sturdinja|def|1
|move|p2a: Sturdinja|Toxic|p1a: Ditto
|-status|p1a: Ditto|tox
|
|-damage|p1a: Ditto|88/100 tox|[from] psn
|upkeep
|turn|17
|
|t:|1665971028
|switch|p2a: Yveltal|Yveltal|12/100 par
|-ability|p2a: Yveltal|Dark Aura
|move|p1a: Ditto|Max Phantasm|p2a: Yveltal
|-resisted|p2a: Yveltal
|-damage|p2a: Yveltal|0 fnt
|faint|p2a: Yveltal
|
|-damage|p1a: Ditto|82/100 tox|[from] psn
|upkeep
|
|t:|1665971039
|switch|p2a: Rayquaza|Rayquaza|100/100
|-ability|p2a: Rayquaza|Air Lock
|turn|18
|
|t:|1665971046
|switch|p2a: Sturdinja|Shedinja|100/100
|-activate|p2a: Sturdinja|move: Sticky Web
|-unboost|p2a: Sturdinja|spe|1
|move|p1a: Ditto|Max Strike|p2a: Sturdinja
|-immune|p2a: Sturdinja|[from] ability: Wonder Guard
|
|-damage|p1a: Ditto|73/100 tox|[from] psn
|upkeep
|-end|p1a: Ditto|Dynamax
|-heal|p1a: Ditto|73/100 tox|[silent]
|turn|19
|
|t:|1665971057
|switch|p1a: Breloom|Breloom, M|36/100 tox
|switch|p2a: Normal|Arceus|33/100
|-activate|p2a: Normal|move: Sticky Web
|-unboost|p2a: Normal|spe|1
|
|-heal|p1a: Breloom|49/100 tox|[from] ability: Poison Heal
|upkeep
|turn|20
|
|t:|1665971064
|move|p2a: Normal|Extreme Speed|p1a: Breloom
|-damage|p1a: Breloom|9/100 tox
|move|p1a: Breloom|Brick Break|p2a: Normal
|-supereffective|p2a: Normal
|-damage|p2a: Normal|0 fnt
|faint|p2a: Normal
|
|-heal|p1a: Breloom|21/100 tox|[from] ability: Poison Heal
|upkeep
|
|t:|1665971073
|switch|p2a: Rayquaza|Rayquaza|100/100
|-ability|p2a: Rayquaza|Air Lock
|turn|21
|
|t:|1665971079
|switch|p1a: Ditto|Ditto, shiny|73/100 tox
|-transform|p1a: Ditto|p2a: Rayquaza|[from] ability: Imposter
|detailschange|p2a: Rayquaza|Rayquaza-Mega
|-mega|p2a: Rayquaza|Rayquaza|
|-weather|DeltaStream|[from] ability: Delta Stream|[of] p2a: Rayquaza
|move|p2a: Rayquaza|Dragon Ascent|p1a: Ditto
|-crit|p1a: Ditto
|-damage|p1a: Ditto|0 fnt
|-unboost|p2a: Rayquaza|def|1
|-unboost|p2a: Rayquaza|spd|1
|faint|p1a: Ditto
|
|-weather|DeltaStream|[upkeep]
|upkeep
|
|t:|1665971088
|switch|p1a: Breloom|Breloom, M|21/100 tox
|turn|22
|c|☆Glass101|And thats all folks
|
|t:|1665971093
|move|p2a: Rayquaza|Dragon Ascent|p1a: Breloom
|-supereffective|p1a: Breloom
|-damage|p1a: Breloom|0 fnt
|-unboost|p2a: Rayquaza|def|1
|-unboost|p2a: Rayquaza|spd|1
|faint|p1a: Breloom
|
|win|Glass101
|raw|Temp6t Student's rating: 1509 &rarr; <strong>1499</strong><br />(-10 for losing)
|raw|Glass101's rating: 1707 &rarr; <strong>1717</strong><br />(+10 for winning)
|c|☆Temp6t Student|fat ass
|c|☆Glass101|gg
|l|☆Temp6t Student
