|j|☆caprisong
|j|☆mardydu
|t:|1658360153
|gametype|singles
|player|p1|caprisong|diantha|1643
|player|p2|mardydu|veteran-gen4|1802
|teamsize|p1|6
|teamsize|p2|6
|gen|8
|tier|[Gen 8] National Dex AG
|rated|
|rule|HP Percentage Mod: HP is shown in percentages
|rule|Endless Battle Clause: Forcing endless battles is banned
|clearpoke
|poke|p1|Ditto|
|poke|p1|Arceus-*|
|poke|p1|Ho-Oh|
|poke|p1|Ferrothorn, F|
|poke|p1|Zygarde|
|poke|p1|Necrozma-Dusk-Mane|
|poke|p2|Kyurem-White|
|poke|p2|Calyrex-Shadow|
|poke|p2|Zacian-*|
|poke|p2|Regieleki|
|poke|p2|Smeargle, F|
|poke|p2|Skarmory, M|
|teampreview
|inactive|Battle timer is ON: inactive players will automatically lose when time's up. (requested by mardydu)
|
|t:|1658360169
|start
|switch|p1a: PLAY GOD|Zygarde, shiny|100/100
|switch|p2a: Birb|Skarmory, M|100/100
|turn|1
|
|t:|1658360172
|move|p1a: PLAY GOD|Substitute|p1a: PLAY GOD
|-start|p1a: PLAY GOD|Substitute
|-damage|p1a: PLAY GOD|76/100
|move|p2a: Birb|Stealth Rock|p1a: PLAY GOD
|-sidestart|p1: caprisong|move: Stealth Rock
|
|-heal|p1a: PLAY GOD|82/100|[from] item: Leftovers
|upkeep
|turn|2
|
|t:|1658360176
|move|p1a: PLAY GOD|Thousand Arrows|p2a: Birb
|-damage|p2a: Birb|80/100
|-start|p2a: Birb|Smack Down
|move|p2a: Birb|Whirlwind|p1a: PLAY GOD
|drag|p1a: NORTHERN LIGHTS|Necrozma-Dusk-Mane, shiny|100/100
|-damage|p1a: NORTHERN LIGHTS|94/100|[from] Stealth Rock
|
|-heal|p1a: NORTHERN LIGHTS|100/100|[from] item: Leftovers
|upkeep
|turn|3
|
|t:|1658360180
|move|p1a: NORTHERN LIGHTS|Stealth Rock|p2a: Birb
|-sidestart|p2: mardydu|move: Stealth Rock
|move|p2a: Birb|Spikes|p1a: NORTHERN LIGHTS
|-sidestart|p1: caprisong|Spikes
|
|upkeep
|turn|4
|
|t:|1658360185
|switch|p1a: BLACK NEON|Ho-Oh, shiny|100/100
|move|p2a: Birb|Spikes|p1a: BLACK NEON
|-sidestart|p1: caprisong|Spikes
|
|upkeep
|turn|5
|
|t:|1658360188
|move|p1a: BLACK NEON|Sacred Fire|p2a: Birb
|-supereffective|p2a: Birb
|-damage|p2a: Birb|28/100
|move|p2a: Birb|Stealth Rock||[still]
|-fail|p2a: Birb
|
|upkeep
|turn|6
|
|t:|1658360194
|move|p1a: BLACK NEON|Defog|p2a: Birb
|-unboost|p2a: Birb|evasion|1
|-sideend|p2: mardydu|Stealth Rock|[from] move: Defog|[of] p1a: BLACK NEON
|-sideend|p1: caprisong|Spikes|[from] move: Defog|[of] p1a: BLACK NEON
|-sideend|p1: caprisong|Stealth Rock|[from] move: Defog|[of] p1a: BLACK NEON
|move|p2a: Birb|Stealth Rock|p1a: BLACK NEON
|-sidestart|p1: caprisong|move: Stealth Rock
|
|upkeep
|turn|7
|
|t:|1658360199
|move|p1a: BLACK NEON|Sacred Fire|p2a: Birb
|-supereffective|p2a: Birb
|-damage|p2a: Birb|0 fnt
|faint|p2a: Birb
|
|upkeep
|
|t:|1658360202
|switch|p2a: JumpingMan|Regieleki|100/100
|turn|8
|
|t:|1658360210
|switch|p1a: NO CONTROL|Arceus-Ground|100/100
|-damage|p1a: NO CONTROL|94/100|[from] Stealth Rock
|move|p2a: JumpingMan|Thunder Cage|p1a: NO CONTROL
|-immune|p1a: NO CONTROL
|
|upkeep
|turn|9
|
|t:|1658360217
|switch|p2a: Kurem|Kyurem-White, shiny|100/100
|-ability|p2a: Kurem|Turboblaze
|move|p1a: NO CONTROL|Judgment|p2a: Kurem
|-damage|p2a: Kurem|61/100
|
|upkeep
|turn|10
|
|t:|1658360223
|switch|p1a: BLACK NEON|Ho-Oh, shiny|100/100
|move|p2a: Kurem|Ice Beam|p1a: BLACK NEON
|-damage|p1a: BLACK NEON|69/100
|
|upkeep
|turn|11
|
|t:|1658360230
|move|p2a: Kurem|Ice Beam|p1a: BLACK NEON
|-damage|p1a: BLACK NEON|38/100
|move|p1a: BLACK NEON|Toxic|p2a: Kurem
|-status|p2a: Kurem|tox
|
|-damage|p2a: Kurem|55/100 tox|[from] psn
|upkeep
|turn|12
|
|t:|1658360237
|switch|p1a: NORTHERN LIGHTS|Necrozma-Dusk-Mane, shiny|100/100
|-damage|p1a: NORTHERN LIGHTS|94/100|[from] Stealth Rock
|move|p2a: Kurem|Ice Beam|p1a: NORTHERN LIGHTS
|-resisted|p1a: NORTHERN LIGHTS
|-damage|p1a: NORTHERN LIGHTS|70/100
|
|-heal|p1a: NORTHERN LIGHTS|76/100|[from] item: Leftovers
|-damage|p2a: Kurem|43/100 tox|[from] psn
|upkeep
|turn|13
|
|t:|1658360245
|switch|p2a: JumpingMan|Regieleki|100/100
|move|p1a: NORTHERN LIGHTS|Sunsteel Strike|p2a: JumpingMan
|-resisted|p2a: JumpingMan
|-damage|p2a: JumpingMan|48/100
|
|-heal|p1a: NORTHERN LIGHTS|82/100|[from] item: Leftovers
|upkeep
|turn|14
|
|t:|1658360251
|switch|p1a: NO CONTROL|Arceus-Ground|94/100
|-damage|p1a: NO CONTROL|88/100|[from] Stealth Rock
|move|p2a: JumpingMan|Thunder Cage|p1a: NO CONTROL
|-immune|p1a: NO CONTROL
|
|upkeep
|turn|15
|
|t:|1658360256
|move|p2a: JumpingMan|Extreme Speed|p1a: NO CONTROL
|-damage|p1a: NO CONTROL|80/100
|move|p1a: NO CONTROL|Judgment|p2a: JumpingMan
|-supereffective|p2a: JumpingMan
|-damage|p2a: JumpingMan|0 fnt
|faint|p2a: JumpingMan
|
|upkeep
|
|t:|1658360261
|switch|p2a: Smeargle|Smeargle, F|100/100
|turn|16
|
|t:|1658360266
|move|p1a: NO CONTROL|Judgment|p2a: Smeargle
|-enditem|p2a: Smeargle|Focus Sash
|-damage|p2a: Smeargle|1/100
|move|p2a: Smeargle|Spore|p1a: NO CONTROL
|-status|p1a: NO CONTROL|slp|[from] move: Spore
|
|-ability|p2a: Smeargle|Moody|boost
|-boost|p2a: Smeargle|spa|2
|-unboost|p2a: Smeargle|atk|1
|upkeep
|turn|17
|
|t:|1658360273
|switch|p1a: KNOTTY PINE|Ferrothorn, F|100/100
|-damage|p1a: KNOTTY PINE|94/100|[from] Stealth Rock
|move|p2a: Smeargle|Shell Smash|p2a: Smeargle
|-unboost|p2a: Smeargle|def|1
|-unboost|p2a: Smeargle|spd|1
|-boost|p2a: Smeargle|atk|2
|-boost|p2a: Smeargle|spa|2
|-boost|p2a: Smeargle|spe|2
|
|-heal|p1a: KNOTTY PINE|100/100|[from] item: Leftovers
|-ability|p2a: Smeargle|Moody|boost
|-boost|p2a: Smeargle|spe|2
|-unboost|p2a: Smeargle|spa|1
|upkeep
|turn|18
|
|t:|1658360281
|move|p2a: Smeargle|Baton Pass|p2a: Smeargle
|
|t:|1658360283
|switch|p2a: Horse in cali|Calyrex-Shadow|100/100|[from]move: Baton Pass
|-ability|p2a: Horse in cali|As One
|-ability|p2a: Horse in cali|Unnerve
|move|p1a: KNOTTY PINE|Knock Off|p2a: Horse in cali
|-supereffective|p2a: Horse in cali
|-enditem|p2a: Horse in cali|Focus Sash
|-damage|p2a: Horse in cali|1/100
|
|upkeep
|turn|19
|inactive|mardydu has 120 seconds left.
|
|t:|1658360328
|switch|p1a: NO CONTROL|Arceus-Ground|80/100 slp
|-damage|p1a: NO CONTROL|73/100 slp|[from] Stealth Rock
|move|p2a: Horse in cali|Astral Barrage|p1a: NO CONTROL
|-damage|p1a: NO CONTROL|0 fnt
|faint|p1a: NO CONTROL
|-ability|p2a: Horse in cali|Grim Neigh|boost
|-boost|p2a: Horse in cali|spa|1
|
|upkeep
|
|t:|1658360336
|switch|p1a: MY FAVORITE MESS|Ditto, shiny|100/100
|-damage|p1a: MY FAVORITE MESS|88/100|[from] Stealth Rock
|-transform|p1a: MY FAVORITE MESS|p2a: Horse in cali|[from] ability: Imposter
|turn|20
|inactive|mardydu has 120 seconds left.
|
|t:|1658360346
|-start|p2a: Horse in cali|Dynamax|
|-heal|p2a: Horse in cali|1/100|[silent]
|move|p2a: Horse in cali|Max Guard|p2a: Horse in cali
|-singleturn|p2a: Horse in cali|Max Guard
|move|p1a: MY FAVORITE MESS|Psychic|p2a: Horse in cali
|-activate|p2a: Horse in cali|move: Max Guard
|
|upkeep
|turn|21
|inactive|mardydu has 120 seconds left.
|
|t:|1658360356
|move|p1a: MY FAVORITE MESS|Psychic|p2a: Horse in cali
|-resisted|p2a: Horse in cali
|-damage|p2a: Horse in cali|0 fnt
|faint|p2a: Horse in cali
|-ability|p1a: MY FAVORITE MESS|Grim Neigh|boost
|-boost|p1a: MY FAVORITE MESS|spa|1
|
|upkeep
|inactive|mardydu has 120 seconds left.
|
|t:|1658360364
|switch|p2a: Zacian|Zacian-Crowned|100/100
|-ability|p2a: Zacian|Intrepid Sword|boost
|-boost|p2a: Zacian|atk|1
|turn|22
|
|t:|1658360368
|-start|p1a: MY FAVORITE MESS|Dynamax|
|-heal|p1a: MY FAVORITE MESS|88/100|[silent]
|move|p1a: MY FAVORITE MESS|Max Phantasm|p2a: Zacian
|-crit|p2a: Zacian
|-damage|p2a: Zacian|0 fnt
|faint|p2a: Zacian
|-ability|p1a: MY FAVORITE MESS|Grim Neigh|boost
|-boost|p1a: MY FAVORITE MESS|spa|1
|
|upkeep
|c|☆caprisong|gg
|
|t:|1658360375
|switch|p2a: Kurem|Kyurem-White, shiny|43/100 tox
|-ability|p2a: Kurem|Turboblaze
|turn|23
|
|t:|1658360379
|move|p1a: MY FAVORITE MESS|Max Starfall|p2a: Kurem
|-supereffective|p2a: Kurem
|-damage|p2a: Kurem|0 fnt
|-fieldstart|move: Misty Terrain
|faint|p2a: Kurem
|
|upkeep
|
|t:|1658360383
|switch|p2a: Smeargle|Smeargle, F|1/100
|turn|24
|
|t:|1658360385
|move|p1a: MY FAVORITE MESS|Max Mindstorm|p2a: Smeargle
|-damage|p2a: Smeargle|0 fnt
|-fieldstart|move: Psychic Terrain
|faint|p2a: Smeargle
|
|win|caprisong
|raw|caprisong's rating: 1643 &rarr; <strong>1672</strong><br />(+29 for winning)
|raw|mardydu's rating: 1802 &rarr; <strong>1773</strong><br />(-29 for losing)
|l|☆mardydu
||Ladder isn't responding, score probably updated but might not have (Request timeout).
