|j|☆chillandbetter
|j|☆MariaReynoldsBitch
|t:|1646061299
|gametype|singles
|player|p1|chillandbetter|parasollady-gen4|1526
|player|p2|MariaReynoldsBitch|chuck|1576
|teamsize|p1|6
|teamsize|p2|6
|gen|8
|tier|[Gen 8] National Dex AG
|rated|
|rule|HP Percentage Mod: HP is shown in percentages
|rule|Endless Battle Clause: Forcing endless battles is banned
|clearpoke
|poke|p1|Zacian-*|
|poke|p1|Ho-Oh|
|poke|p1|Groudon|
|poke|p1|Yveltal|
|poke|p1|Marshadow|
|poke|p1|Ditto|
|poke|p2|Zacian-*|
|poke|p2|Rayquaza|
|poke|p2|Ditto|
|poke|p2|Groudon|
|poke|p2|Zygarde|
|poke|p2|Yveltal|
|teampreview
|inactive|Battle timer is ON: inactive players will automatically lose when time's up. (requested by MariaReynoldsBitch)
|
|t:|1646061304
|start
|switch|p1a: Groudon|Groudon|100/100
|switch|p2a: Iguana Lord|Groudon|100/100
|detailschange|p2a: Iguana Lord|Groudon-Primal
|-primal|p2a: Iguana Lord
|-weather|DesolateLand|[from] ability: Desolate Land|[of] p2a: Iguana Lord
|detailschange|p1a: Groudon|Groudon-Primal
|-primal|p1a: Groudon
|turn|1
|
|t:|1646061321
|move|p2a: Iguana Lord|Precipice Blades|p1a: Groudon
|-supereffective|p1a: Groudon
|-damage|p1a: Groudon|8/100
|move|p1a: Groudon|Stealth Rock|p2a: Iguana Lord
|-sidestart|p2: MariaReynoldsBitch|move: Stealth Rock
|
|-weather|DesolateLand|[upkeep]
|upkeep
|turn|2
|
|t:|1646061326
|move|p2a: Iguana Lord|Precipice Blades|p1a: Groudon
|-supereffective|p1a: Groudon
|-damage|p1a: Groudon|0 fnt
|faint|p1a: Groudon
|
|-weather|DesolateLand|[upkeep]
|upkeep
|
|t:|1646061333
|switch|p1a: Ditto|Ditto|100/100
|-transform|p1a: Ditto|p2a: Iguana Lord|[from] ability: Imposter
|turn|3
|
|t:|1646061337
|switch|p2a: Lil Yachty|Yveltal, shiny|100/100
|-ability|p2a: Lil Yachty|Dark Aura
|move|p1a: Ditto|Precipice Blades|p2a: Lil Yachty
|-immune|p2a: Lil Yachty
|
|-weather|DesolateLand|[upkeep]
|upkeep
|turn|4
|
|t:|1646061342
|-weather|none
|switch|p1a: Zacian|Zacian-Crowned|100/100
|-ability|p1a: Zacian|Intrepid Sword|boost
|-boost|p1a: Zacian|atk|1
|move|p2a: Lil Yachty|Defog|p1a: Zacian
|-unboost|p1a: Zacian|evasion|1
|-sideend|p2: MariaReynoldsBitch|Stealth Rock|[from] move: Defog|[of] p2a: Lil Yachty
|
|upkeep
|turn|5
|
|t:|1646061353
|switch|p2a: Iguana Lord|Groudon-Primal|100/100
|-weather|DesolateLand|[from] ability: Desolate Land|[of] p2a: Iguana Lord
|move|p1a: Zacian|Behemoth Blade|p2a: Iguana Lord
|-resisted|p2a: Iguana Lord
|-damage|p2a: Iguana Lord|71/100
|
|-weather|DesolateLand|[upkeep]
|upkeep
|turn|6
|
|t:|1646061359
|switch|p1a: Ho-Oh|Ho-Oh|100/100
|move|p2a: Iguana Lord|Stealth Rock|p1a: Ho-Oh
|-sidestart|p1: chillandbetter|move: Stealth Rock
|
|-weather|DesolateLand|[upkeep]
|upkeep
|turn|7
|
|t:|1646061364
|move|p2a: Iguana Lord|Heat Crash|p1a: Ho-Oh
|-resisted|p1a: Ho-Oh
|-damage|p1a: Ho-Oh|54/100
|move|p1a: Ho-Oh|Defog|p2a: Iguana Lord
|-unboost|p2a: Iguana Lord|evasion|1
|-sideend|p1: chillandbetter|Stealth Rock|[from] move: Defog|[of] p1a: Ho-Oh
|
|-weather|DesolateLand|[upkeep]
|upkeep
|turn|8
|
|t:|1646061370
|move|p2a: Iguana Lord|Thunder Wave|p1a: Ho-Oh
|-status|p1a: Ho-Oh|par
|move|p1a: Ho-Oh|Toxic|p2a: Iguana Lord
|-status|p2a: Iguana Lord|tox
|
|-weather|DesolateLand|[upkeep]
|-damage|p2a: Iguana Lord|65/100 tox|[from] psn
|upkeep
|turn|9
|
|t:|1646061377
|move|p2a: Iguana Lord|Stealth Rock|p1a: Ho-Oh
|-sidestart|p1: chillandbetter|move: Stealth Rock
|move|p1a: Ho-Oh|Whirlwind|p2a: Iguana Lord
|-weather|none
|drag|p2a: Chief Keef|Ditto, shiny|100/100
|-transform|p2a: Chief Keef|p1a: Ho-Oh|[from] ability: Imposter
|
|upkeep
|turn|10
|
|t:|1646061387
|switch|p2a: Lil Yachty|Yveltal, shiny|100/100
|-ability|p2a: Lil Yachty|Dark Aura
|move|p1a: Ho-Oh|Defog|p2a: Lil Yachty
|-unboost|p2a: Lil Yachty|evasion|1
|-sideend|p1: chillandbetter|Stealth Rock|[from] move: Defog|[of] p1a: Ho-Oh
|
|upkeep
|turn|11
|
|t:|1646061402
|move|p2a: Lil Yachty|Dark Pulse|p1a: Ho-Oh
|-damage|p1a: Ho-Oh|23/100 par
|move|p1a: Ho-Oh|Toxic|p2a: Lil Yachty
|-status|p2a: Lil Yachty|tox
|
|-damage|p2a: Lil Yachty|94/100 tox|[from] psn
|upkeep
|turn|12
|
|t:|1646061408
|switch|p1a: Zacian|Zacian-Crowned|100/100
|-ability|p1a: Zacian|Intrepid Sword|boost
|-boost|p1a: Zacian|atk|1
|move|p2a: Lil Yachty|Dark Pulse|p1a: Zacian
|-resisted|p1a: Zacian
|-damage|p1a: Zacian|73/100
|
|-damage|p2a: Lil Yachty|82/100 tox|[from] psn
|upkeep
|turn|13
|
|t:|1646061418
|switch|p2a: Iguana Lord|Groudon-Primal|65/100 tox
|-weather|DesolateLand|[from] ability: Desolate Land|[of] p2a: Iguana Lord
|move|p1a: Zacian|Play Rough|p2a: Iguana Lord
|-resisted|p2a: Iguana Lord
|-damage|p2a: Iguana Lord|37/100 tox
|
|-weather|DesolateLand|[upkeep]
|-damage|p2a: Iguana Lord|30/100 tox|[from] psn
|upkeep
|turn|14
|
|t:|1646061422
|move|p1a: Zacian|Close Combat|p2a: Iguana Lord
|-damage|p2a: Iguana Lord|0 fnt
|-unboost|p1a: Zacian|def|1
|-unboost|p1a: Zacian|spd|1
|faint|p2a: Iguana Lord
|-weather|none
|
|upkeep
|
|t:|1646061426
|switch|p2a: Chief Keef|Ditto, shiny|100/100
|-transform|p2a: Chief Keef|p1a: Zacian|[from] ability: Imposter
|-ability|p2a: Chief Keef|Intrepid Sword|boost
|-boost|p2a: Chief Keef|atk|1
|turn|15
|
|t:|1646061432
|switch|p1a: Ho-Oh|Ho-Oh|57/100 par
|move|p2a: Chief Keef|Behemoth Blade|p1a: Ho-Oh
|-resisted|p1a: Ho-Oh
|-damage|p1a: Ho-Oh|14/100 par
|
|upkeep
|turn|16
|
|t:|1646061438
|move|p2a: Chief Keef|Behemoth Blade|p1a: Ho-Oh
|-resisted|p1a: Ho-Oh
|-damage|p1a: Ho-Oh|0 fnt
|faint|p1a: Ho-Oh
|
|upkeep
|
|t:|1646061442
|switch|p1a: Marshadow|Marshadow|100/100
|turn|17
|
|t:|1646061447
|move|p2a: Chief Keef|Behemoth Blade|p1a: Marshadow
|-enditem|p1a: Marshadow|Focus Sash
|-damage|p1a: Marshadow|1/100
|move|p1a: Marshadow|Spectral Thief||[still]
|-clearpositiveboost|p2a: Chief Keef|p1a: Marshadow|move: Spectral Thief
|-boost|p1a: Marshadow|atk|2
|-anim|p1a: Marshadow|Spectral Thief|p2a: Chief Keef
|-damage|p2a: Chief Keef|0 fnt
|faint|p2a: Chief Keef
|
|upkeep
|
|t:|1646061460
|switch|p2a: Wormy Worm|Zygarde|100/100
|turn|18
|
|t:|1646061465
|move|p1a: Marshadow|Close Combat|p2a: Wormy Worm
|-damage|p2a: Wormy Worm|12/100
|-unboost|p1a: Marshadow|def|1
|-unboost|p1a: Marshadow|spd|1
|-enditem|p2a: Wormy Worm|Iapapa Berry|[eat]
|-heal|p2a: Wormy Worm|45/100|[from] item: Iapapa Berry
|move|p2a: Wormy Worm|Thousand Arrows|p1a: Marshadow
|-damage|p1a: Marshadow|0 fnt
|faint|p1a: Marshadow
|
|-activate|p2a: Wormy Worm|ability: Power Construct
|detailschange|p2a: Wormy Worm|Zygarde-Complete
|-heal|p2a: Wormy Worm|64/100|[silent]
|upkeep
|
|t:|1646061472
|switch|p1a: Zacian|Zacian-Crowned|73/100
|-ability|p1a: Zacian|Intrepid Sword|boost
|-boost|p1a: Zacian|atk|1
|turn|19
|
|t:|1646061479
|move|p1a: Zacian|Play Rough|p2a: Wormy Worm
|-supereffective|p2a: Wormy Worm
|-damage|p2a: Wormy Worm|0 fnt
|faint|p2a: Wormy Worm
|
|upkeep
|
|t:|1646061491
|switch|p2a: Unicorn Dog|Zacian-Crowned, shiny|100/100
|-ability|p2a: Unicorn Dog|Intrepid Sword|boost
|-boost|p2a: Unicorn Dog|atk|1
|turn|20
|
|t:|1646061495
|move|p1a: Zacian|Behemoth Blade|p2a: Unicorn Dog
|-damage|p2a: Unicorn Dog|16/100
|move|p2a: Unicorn Dog|Behemoth Blade|p1a: Zacian
|-damage|p1a: Zacian|0 fnt
|faint|p1a: Zacian
|
|upkeep
|
|t:|1646061500
|switch|p1a: Ditto|Ditto|100/100
|-transform|p1a: Ditto|p2a: Unicorn Dog|[from] ability: Imposter
|-ability|p1a: Ditto|Intrepid Sword|boost
|-boost|p1a: Ditto|atk|1
|turn|21
|
|t:|1646061507
|move|p1a: Ditto|Play Rough|p2a: Unicorn Dog
|-resisted|p2a: Unicorn Dog
|-damage|p2a: Unicorn Dog|0 fnt
|faint|p2a: Unicorn Dog
|
|upkeep
|
|t:|1646061510
|switch|p2a: Lil Yachty|Yveltal, shiny|82/100 tox
|-ability|p2a: Lil Yachty|Dark Aura
|turn|22
|
|t:|1646061513
|-start|p2a: Lil Yachty|Dynamax
|-heal|p2a: Lil Yachty|82/100 tox|[silent]
|move|p1a: Ditto|Play Rough|p2a: Lil Yachty
|-supereffective|p2a: Lil Yachty
|-damage|p2a: Lil Yachty|0 fnt
|faint|p2a: Lil Yachty
|
|upkeep
|c|☆MariaReynoldsBitch|gg
|
|t:|1646061520
|switch|p2a: Danger Noodle|Rayquaza|100/100
|-ability|p2a: Danger Noodle|Air Lock
|turn|23
|c|☆chillandbetter|gg wp
|
|t:|1646061525
|detailschange|p2a: Danger Noodle|Rayquaza-Mega
|-mega|p2a: Danger Noodle|Rayquaza|
|-weather|DeltaStream|[from] ability: Delta Stream|[of] p2a: Danger Noodle
|move|p1a: Ditto|Play Rough|p2a: Danger Noodle
|-supereffective|p2a: Danger Noodle
|-enditem|p2a: Danger Noodle|Focus Sash
|-damage|p2a: Danger Noodle|1/100
|move|p2a: Danger Noodle|V-create|p1a: Ditto
|-supereffective|p1a: Ditto
|-damage|p1a: Ditto|0 fnt
|-unboost|p2a: Danger Noodle|spe|1
|-unboost|p2a: Danger Noodle|def|1
|-unboost|p2a: Danger Noodle|spd|1
|faint|p1a: Ditto
|
|-weather|DeltaStream|[upkeep]
|upkeep
|c|☆MariaReynoldsBitch|wait no
|c|☆MariaReynoldsBitch|I could've won
|c|☆MariaReynoldsBitch|fuck
|
|t:|1646061533
|switch|p1a: Yveltal|Yveltal|100/100
|-ability|p1a: Yveltal|Dark Aura
|turn|24
|c|☆chillandbetter|F
|c|☆MariaReynoldsBitch|I forgot I had sash
|
|t:|1646061544
|move|p1a: Yveltal|Oblivion Wing|p2a: Danger Noodle
|-damage|p2a: Danger Noodle|0 fnt
|faint|p2a: Danger Noodle
|-weather|none
|-damage|p1a: Yveltal|91/100|[from] item: Life Orb
|
|win|chillandbetter
|raw|chillandbetter's rating: 1526 &rarr; <strong>1549</strong><br />(+23 for winning)
|raw|MariaReynoldsBitch's rating: 1576 &rarr; <strong>1553</strong><br />(-23 for losing)
|c|☆MariaReynoldsBitch|gg
|l|☆MariaReynoldsBitch
|c|☆chillandbetter|ggs
||Ladder isn't responding, score probably updated but might not have (Request timeout).
