|j|☆orange overhaul
|j|☆octskill
|t:|1631456627
|gametype|singles
|player|p1|orange overhaul|wallace|1338
|player|p2|octskill|101|1388
|teamsize|p1|6
|teamsize|p2|6
|gen|8
|tier|[Gen 8] National Dex AG
|rated|
|rule|HP Percentage Mod: HP is shown in percentages
|rule|Endless Battle Clause: Forcing endless battles is banned
|clearpoke
|poke|p1|Dragapult, M|
|poke|p1|Crustle, F|
|poke|p1|Zacian-*|
|poke|p1|Dustox, F|
|poke|p1|Hippowdon, F|
|poke|p1|Monferno, M|
|poke|p2|Charizard, F|
|poke|p2|Xerneas-*|
|poke|p2|Gastrodon, F|
|poke|p2|Grimmsnarl, M|
|poke|p2|Darmanitan-Galar, F|
|poke|p2|Tapu Fini|
|teampreview
|inactive|Battle timer is ON: inactive players will automatically lose when time's up. (requested by orange overhaul)
|inactive|octskill has 120 seconds left.
|
|t:|1631456658
|start
|switch|p1a: Crustle|Crustle, F|100/100
|switch|p2a: Xerneas|Xerneas|100/100
|-ability|p2a: Xerneas|Fairy Aura
|turn|1
|c|☆octskill|hf
|inactive|octskill also wants the timer to be on.
|
|t:|1631456677
|move|p2a: Xerneas|Moonblast|p1a: Crustle
|-ability|p1a: Crustle|Sturdy
|-damage|p1a: Crustle|1/100
|-unboost|p1a: Crustle|spa|1
|move|p1a: Crustle|Shell Smash|p1a: Crustle
|-unboost|p1a: Crustle|def|1
|-unboost|p1a: Crustle|spd|1
|-boost|p1a: Crustle|atk|2
|-boost|p1a: Crustle|spa|2
|-boost|p1a: Crustle|spe|2
|
|upkeep
|turn|2
|
|t:|1631456691
|move|p1a: Crustle|Rock Blast|p2a: Xerneas
|-damage|p2a: Xerneas|78/100
|-damage|p2a: Xerneas|57/100
|-hitcount|p2a: Xerneas|2
|move|p2a: Xerneas|Thunderbolt|p1a: Crustle
|-damage|p1a: Crustle|0 fnt
|faint|p1a: Crustle
|
|upkeep
|
|t:|1631456703
|switch|p1a: Zacian|Zacian-Crowned|100/100
|-ability|p1a: Zacian|Intrepid Sword|boost
|-boost|p1a: Zacian|atk|1
|turn|3
|
|t:|1631456707
|switch|p2a: tapufini|Tapu Fini|100/100
|-fieldstart|move: Misty Terrain|[from] ability: Misty Surge|[of] p2a: tapufini
|move|p1a: Zacian|Behemoth Blade|p2a: tapufini
|-damage|p2a: tapufini|44/100
|-damage|p1a: Zacian|84/100|[from] item: Rocky Helmet|[of] p2a: tapufini
|
|upkeep
|turn|4
|inactive|orange overhaul has 120 seconds left.
|
|t:|1631456743
|move|p1a: Zacian|Behemoth Blade|p2a: tapufini
|-damage|p2a: tapufini|0 fnt
|-damage|p1a: Zacian|67/100|[from] item: Rocky Helmet|[of] p2a: tapufini
|faint|p2a: tapufini
|
|upkeep
|
|t:|1631456746
|switch|p2a: Gastrodon|Gastrodon, F|100/100
|turn|5
|
|t:|1631456755
|switch|p1a: Dragapult|Dragapult, M, shiny|100/100
|move|p2a: Gastrodon|Recover||[still]
|-fail|p2a: Gastrodon|heal
|
|upkeep
|turn|6
|inactive|orange overhaul has 120 seconds left.
|
|t:|1631456770
|move|p1a: Dragapult|Shadow Ball|p2a: Gastrodon
|-damage|p2a: Gastrodon|55/100
|-unboost|p2a: Gastrodon|spd|1
|move|p2a: Gastrodon|Earth Power|p1a: Dragapult
|-damage|p1a: Dragapult|58/100
|
|upkeep
|turn|7
|
|t:|1631456777
|switch|p2a: darmanitangalar|Darmanitan-Galar, F|100/100
|move|p1a: Dragapult|Shadow Ball|p2a: darmanitangalar
|-crit|p2a: darmanitangalar
|-damage|p2a: darmanitangalar|0 fnt
|faint|p2a: darmanitangalar
|
|-fieldend|Misty Terrain
|upkeep
|
|t:|1631456779
|switch|p2a: Xerneas|Xerneas|57/100
|-ability|p2a: Xerneas|Fairy Aura
|turn|8
|
|t:|1631456787
|move|p1a: Dragapult|Shadow Ball|p2a: Xerneas
|-damage|p2a: Xerneas|10/100
|move|p2a: Xerneas|Geomancy||[still]
|-prepare|p2a: Xerneas|Geomancy
|-enditem|p2a: Xerneas|Power Herb
|-anim|p2a: Xerneas|Geomancy|p2a: Xerneas
|-boost|p2a: Xerneas|spa|2
|-boost|p2a: Xerneas|spd|2
|-boost|p2a: Xerneas|spe|2
|
|upkeep
|turn|9
|
|t:|1631456795
|move|p2a: Xerneas|Moonblast|p1a: Dragapult
|-supereffective|p1a: Dragapult
|-damage|p1a: Dragapult|0 fnt
|faint|p1a: Dragapult
|
|upkeep
|
|t:|1631456799
|switch|p1a: Monferno|Monferno, M|100/100
|turn|10
|
|t:|1631456803
|move|p1a: Monferno|Vacuum Wave|p2a: Xerneas
|-resisted|p2a: Xerneas
|-damage|p2a: Xerneas|6/100
|move|p2a: Xerneas|Moonblast|p1a: Monferno
|-damage|p1a: Monferno|0 fnt
|faint|p1a: Monferno
|
|upkeep
|
|t:|1631456814
|switch|p1a: Dustox|Dustox, F|100/100
|turn|11
|
|t:|1631456817
|move|p2a: Xerneas|Moonblast|p1a: Dustox
|-resisted|p1a: Dustox
|-damage|p1a: Dustox|0 fnt
|faint|p1a: Dustox
|
|upkeep
|
|t:|1631456822
|switch|p1a: Zacian|Zacian-Crowned|67/100
|-ability|p1a: Zacian|Intrepid Sword|boost
|-boost|p1a: Zacian|atk|1
|turn|12
|
|t:|1631456827
|move|p2a: Xerneas|Moonblast|p1a: Zacian
|-resisted|p1a: Zacian
|-damage|p1a: Zacian|0 fnt
|faint|p1a: Zacian
|
|upkeep
|
|t:|1631456831
|switch|p1a: Hippowdon|Hippowdon, F|100/100
|-weather|Sandstorm|[from] ability: Sand Stream|[of] p1a: Hippowdon
|turn|13
|
|t:|1631456841
|move|p2a: Xerneas|Moonblast|p1a: Hippowdon
|-damage|p1a: Hippowdon|0 fnt
|faint|p1a: Hippowdon
|
|win|octskill
|raw|orange overhaul's rating: 1338 &rarr; <strong>1321</strong><br />(-17 for losing)
|raw|octskill's rating: 1388 &rarr; <strong>1405</strong><br />(+17 for winning)
|c|☆octskill|gg
