|j|☆moyv123
|j|☆CLEAR GEM清瑜
|t:|1665832248
|gametype|singles
|player|p1|moyv123|265|1740
|player|p2|CLEAR GEM清瑜|skierf|1833
|teamsize|p1|6
|teamsize|p2|6
|gen|8
|tier|[Gen 8] National Dex AG
|rated|
|rule|HP Percentage Mod: HP is shown in percentages
|rule|Endless Battle Clause: Forcing endless battles is banned
|clearpoke
|poke|p1|Arceus-*|
|poke|p1|Arceus-*|
|poke|p1|Rayquaza|
|poke|p1|Lugia|
|poke|p1|Zacian-*|
|poke|p1|Zygarde|
|poke|p2|Rayquaza|
|poke|p2|Groudon|
|poke|p2|Necrozma-Dusk-Mane|
|poke|p2|Arceus-*|
|poke|p2|Zacian-*|
|poke|p2|Yveltal|
|teampreview
|inactive|Battle timer is ON: inactive players will automatically lose when time's up. (requested by CLEAR GEM清瑜)
|
|t:|1665832259
|start
|switch|p1a: Zygarde|Zygarde|100/100
|switch|p2a: 老烈|Rayquaza, shiny|100/100
|-ability|p2a: 老烈|Air Lock
|turn|1
|
|t:|1665832274
|switch|p1a: Lugia|Lugia|100/100
|detailschange|p2a: 老烈|Rayquaza-Mega, shiny
|-mega|p2a: 老烈|Rayquaza|
|-weather|DeltaStream|[from] ability: Delta Stream|[of] p2a: 老烈
|move|p2a: 老烈|Scale Shot|p1a: Lugia
|-damage|p1a: Lugia|94/100
|-damage|p1a: Lugia|82/100
|-hitcount|p1a: Lugia|2
|-unboost|p2a: 老烈|def|1
|-boost|p2a: 老烈|spe|1
|-damage|p2a: 老烈|91/100|[from] item: Life Orb
|
|-weather|DeltaStream|[upkeep]
|upkeep
|turn|2
|
|t:|1665832291
|move|p2a: 老烈|Dragon Ascent|p1a: Lugia
|-damage|p1a: Lugia|22/100
|-unboost|p2a: 老烈|def|1
|-unboost|p2a: 老烈|spd|1
|-damage|p2a: 老烈|81/100|[from] item: Life Orb
|move|p1a: Lugia|Roost|p1a: Lugia
|-heal|p1a: Lugia|72/100
|-singleturn|p1a: Lugia|move: Roost
|
|-weather|DeltaStream|[upkeep]
|upkeep
|turn|3
|inactive|moyv123 has 120 seconds left.
|
|t:|1665832338
|switch|p1a: Arceus|Arceus|100/100
|move|p2a: 老烈|Dragon Ascent|p1a: Arceus
|-damage|p1a: Arceus|21/100
|-unboost|p2a: 老烈|def|1
|-unboost|p2a: 老烈|spd|1
|-damage|p2a: 老烈|71/100|[from] item: Life Orb
|
|-weather|DeltaStream|[upkeep]
|upkeep
|turn|4
|
|t:|1665832349
|move|p2a: 老烈|Extreme Speed|p1a: Arceus
|-crit|p1a: Arceus
|-damage|p1a: Arceus|0 fnt
|faint|p1a: Arceus
|-damage|p2a: 老烈|61/100|[from] item: Life Orb
|
|-weather|DeltaStream|[upkeep]
|upkeep
|
|t:|1665832362
|switch|p1a: Rayquaza|Rayquaza, shiny|100/100
|-ability|p1a: Rayquaza|Air Lock
|turn|5
|
|t:|1665832367
|detailschange|p1a: Rayquaza|Rayquaza-Mega, shiny
|-mega|p1a: Rayquaza|Rayquaza|
|move|p1a: Rayquaza|Extreme Speed|p2a: 老烈
|-damage|p2a: 老烈|0 fnt
|faint|p2a: 老烈
|-damage|p1a: Rayquaza|91/100|[from] item: Life Orb
|
|-weather|DeltaStream|[upkeep]
|upkeep
|
|t:|1665832371
|switch|p2a: 不会(?)|Groudon|100/100
|detailschange|p2a: 不会(?)|Groudon-Primal
|-primal|p2a: 不会(?)
|-weather|DesolateLand|[from] ability: Desolate Land|[of] p2a: 不会(?)
|turn|6
|
|t:|1665832380
|move|p1a: Rayquaza|Dragon Dance|p1a: Rayquaza
|-boost|p1a: Rayquaza|atk|1
|-boost|p1a: Rayquaza|spe|1
|move|p2a: 不会(?)|Thunder Wave|p1a: Rayquaza
|-status|p1a: Rayquaza|par
|
|-weather|DesolateLand|[upkeep]
|upkeep
|turn|7
|inactive|moyv123 has 120 seconds left.
|
|t:|1665832389
|move|p1a: Rayquaza|Dragon Ascent|p2a: 不会(?)
|-damage|p2a: 不会(?)|29/100
|-unboost|p1a: Rayquaza|def|1
|-unboost|p1a: Rayquaza|spd|1
|-damage|p1a: Rayquaza|81/100 par|[from] item: Life Orb
|move|p2a: 不会(?)|Stealth Rock|p1a: Rayquaza
|-sidestart|p1: moyv123|move: Stealth Rock
|
|-weather|DesolateLand|[upkeep]
|upkeep
|turn|8
|
|t:|1665832398
|cant|p1a: Rayquaza|par
|move|p2a: 不会(?)|Roar|p1a: Rayquaza
|drag|p1a: Zacian|Zacian-Crowned, shiny|100/100
|-damage|p1a: Zacian|94/100|[from] Stealth Rock
|-ability|p1a: Zacian|Intrepid Sword|boost
|-boost|p1a: Zacian|atk|1
|
|-weather|DesolateLand|[upkeep]
|upkeep
|turn|9
|
|t:|1665832409
|move|p1a: Zacian|Close Combat|p2a: 不会(?)
|-damage|p2a: 不会(?)|0 fnt
|-unboost|p1a: Zacian|def|1
|-unboost|p1a: Zacian|spd|1
|faint|p2a: 不会(?)
|-weather|none
|
|upkeep
|
|t:|1665832412
|switch|p2a: 钢铁之躯|Necrozma-Dusk-Mane|100/100
|turn|10
|
|t:|1665832420
|switch|p1a: Zygarde|Zygarde|100/100
|-damage|p1a: Zygarde|94/100|[from] Stealth Rock
|detailschange|p2a: 钢铁之躯|Necrozma-Ultra
|-burst|p2a: 钢铁之躯|Necrozma|Ultranecrozium Z
|move|p2a: 钢铁之躯|Dragon Dance|p2a: 钢铁之躯
|-boost|p2a: 钢铁之躯|atk|1
|-boost|p2a: 钢铁之躯|spe|1
|
|upkeep
|turn|11
|
|t:|1665832434
|-zpower|p2a: 钢铁之躯
|move|p2a: 钢铁之躯|Light That Burns the Sky|p1a: Zygarde|[zeffect]
|-damage|p1a: Zygarde|0 fnt
|faint|p1a: Zygarde
|
|upkeep
|-message|moyv123 forfeited.
|
|win|CLEAR GEM清瑜
|raw|moyv123's rating: 1740 &rarr; <strong>1725</strong><br />(-15 for losing)
|raw|CLEAR GEM清瑜's rating: 1833 &rarr; <strong>1848</strong><br />(+15 for winning)
|l|☆moyv123
