|j|☆GultyLuxury
|j|☆justznic
|t:|1668648786
|gametype|singles
|player|p1|GultyLuxury|bellelba|1364
|player|p2|justznic|preschooler|1647
|teamsize|p1|6
|teamsize|p2|6
|gen|8
|tier|[Gen 8] National Dex AG
|rated|
|rule|HP Percentage Mod: HP is shown in percentages
|rule|Endless Battle Clause: Forcing endless battles is banned
|clearpoke
|poke|p1|Deoxys-Speed|
|poke|p1|Zacian-*|
|poke|p1|Eevee, M|
|poke|p1|Calyrex-Shadow|
|poke|p1|Marshadow|
|poke|p1|Talonflame, F|
|poke|p2|Klefki, M|
|poke|p2|Ditto|
|poke|p2|Mewtwo|
|poke|p2|Calyrex-Shadow|
|poke|p2|Zacian-*|
|poke|p2|Charizard, M|
|teampreview
|inactive|Battle timer is ON: inactive players will automatically lose when time's up. (requested by justznic)
|inactive|GultyLuxury also wants the timer to be on.
|inactive|justznic has 120 seconds left.
|
|t:|1668648823
|start
|switch|p1a: Screw Fake Out|Deoxys-Speed|100/100
|switch|p2a: Klefki|Klefki, M, shiny|100/100
|-ability|p1a: Screw Fake Out|Pressure
|turn|1
|
|t:|1668648838
|move|p2a: Klefki|Toxic|p1a: Screw Fake Out|[miss]
|-miss|p2a: Klefki|p1a: Screw Fake Out
|move|p1a: Screw Fake Out|Taunt|p2a: Klefki
|-start|p2a: Klefki|move: Taunt
|
|upkeep
|turn|2
|
|t:|1668648849
|move|p1a: Screw Fake Out|Thunder Wave|p2a: Klefki|[miss]
|-miss|p1a: Screw Fake Out|p2a: Klefki
|-activate|p2a: Klefki|move: Struggle
|move|p2a: Klefki|Struggle|p1a: Screw Fake Out
|-damage|p1a: Screw Fake Out|90/100
|-damage|p2a: Klefki|76/100|[from] recoil
|
|-heal|p2a: Klefki|82/100|[from] item: Leftovers
|upkeep
|turn|3
|
|t:|1668648859
|switch|p2a: Calyrex|Calyrex-Shadow|100/100
|-ability|p2a: Calyrex|As One
|-ability|p2a: Calyrex|Unnerve
|move|p1a: Screw Fake Out|Thunder Wave|p2a: Calyrex
|-status|p2a: Calyrex|par
|
|upkeep
|turn|4
|
|t:|1668648869
|move|p1a: Screw Fake Out|Stealth Rock|p2a: Calyrex
|-sidestart|p2: justznic|move: Stealth Rock
|cant|p2a: Calyrex|par
|
|upkeep
|turn|5
|
|t:|1668648874
|move|p1a: Screw Fake Out|Knock Off|p2a: Calyrex
|-supereffective|p2a: Calyrex
|-damage|p2a: Calyrex|7/100 par
|-enditem|p2a: Calyrex|Focus Sash|[from] move: Knock Off|[of] p1a: Screw Fake Out
|move|p2a: Calyrex|Aromatherapy|p2a: Calyrex
|-activate|p2a: Calyrex|move: Aromatherapy
|-curestatus|p2a: Calyrex|par|[msg]
|
|upkeep
|turn|6
|
|t:|1668648879
|move|p1a: Screw Fake Out|Knock Off|p2a: Calyrex
|-supereffective|p2a: Calyrex
|-damage|p2a: Calyrex|0 fnt
|faint|p2a: Calyrex
|
|upkeep
|c|☆GultyLuxury|What
|
|t:|1668648888
|switch|p2a: Zacian|Zacian-Crowned, shiny|100/100
|-damage|p2a: Zacian|94/100|[from] Stealth Rock
|-ability|p2a: Zacian|Intrepid Sword|boost
|-boost|p2a: Zacian|atk|1
|turn|7
|c|☆justznic|mis click
|
|t:|1668648901
|move|p1a: Screw Fake Out|Thunder Wave|p2a: Zacian
|-status|p2a: Zacian|par
|move|p2a: Zacian|Behemoth Blade|p1a: Screw Fake Out
|-damage|p1a: Screw Fake Out|0 fnt
|faint|p1a: Screw Fake Out
|
|upkeep
|inactive|GultyLuxury has 120 seconds left.
|
|t:|1668648935
|switch|p1a: Marshadow|Marshadow|100/100
|turn|8
|
|t:|1668648943
|move|p1a: Marshadow|Spectral Thief||[still]
|-clearpositiveboost|p2a: Zacian|p1a: Marshadow|move: Spectral Thief
|-boost|p1a: Marshadow|atk|1
|-anim|p1a: Marshadow|Spectral Thief|p2a: Zacian
|-damage|p2a: Zacian|35/100 par
|cant|p2a: Zacian|par
|
|upkeep
|turn|9
|
|t:|1668648955
|move|p1a: Marshadow|Close Combat|p2a: Zacian
|-damage|p2a: Zacian|0 fnt
|-unboost|p1a: Marshadow|def|1
|-unboost|p1a: Marshadow|spd|1
|faint|p2a: Zacian
|
|upkeep
|
|t:|1668648960
|switch|p2a: Klefki|Klefki, M, shiny|82/100
|-damage|p2a: Klefki|76/100|[from] Stealth Rock
|turn|10
|inactive|GultyLuxury has 120 seconds left.
|
|t:|1668648986
|move|p1a: Marshadow|Shadow Sneak|p2a: Klefki
|-damage|p2a: Klefki|22/100
|move|p2a: Klefki|Thunder Wave|p1a: Marshadow
|-status|p1a: Marshadow|par
|
|-heal|p2a: Klefki|28/100|[from] item: Leftovers
|upkeep
|turn|11
|inactive|GultyLuxury has 120 seconds left.
|
|t:|1668649000
|move|p1a: Marshadow|Shadow Sneak|p2a: Klefki
|-damage|p2a: Klefki|0 fnt
|faint|p2a: Klefki
|
|upkeep
|
|t:|1668649015
|switch|p2a: Charizard|Charizard, M|100/100
|-damage|p2a: Charizard|51/100|[from] Stealth Rock
|turn|12
|inactive|GultyLuxury has 120 seconds left.
|inactive|GultyLuxury has 90 seconds left.
|inactive|GultyLuxury has 60 seconds left.
|
|t:|1668649095
|-start|p2a: Charizard|Dynamax|Gmax
|-heal|p2a: Charizard|51/100|[silent]
|move|p1a: Marshadow|Shadow Sneak|p2a: Charizard
|-damage|p2a: Charizard|16/100
|move|p2a: Charizard|Max Airstream|p1a: Marshadow
|-supereffective|p1a: Marshadow
|-enditem|p1a: Marshadow|Focus Sash
|-damage|p1a: Marshadow|1/100 par
|-boost|p2a: Charizard|spe|1
|-damage|p2a: Charizard|11/100|[from] item: Life Orb
|
|upkeep
|turn|13
|
|t:|1668649107
|move|p1a: Marshadow|Shadow Sneak|p2a: Charizard
|-crit|p2a: Charizard
|-damage|p2a: Charizard|0 fnt
|faint|p2a: Charizard
|
|upkeep
|
|t:|1668649112
|switch|p2a: Mewtwo|Mewtwo|100/100
|-ability|p2a: Mewtwo|Unnerve
|-damage|p2a: Mewtwo|88/100|[from] Stealth Rock
|turn|14
|
|t:|1668649122
|detailschange|p2a: Mewtwo|Mewtwo-Mega-Y
|-mega|p2a: Mewtwo|Mewtwo|Mewtwonite Y
|move|p1a: Marshadow|Shadow Sneak|p2a: Mewtwo
|-supereffective|p2a: Mewtwo
|-damage|p2a: Mewtwo|0 fnt
|faint|p2a: Mewtwo
|
|upkeep
|
|t:|1668649129
|switch|p2a: Ditto|Ditto|100/100
|-damage|p2a: Ditto|88/100|[from] Stealth Rock
|-transform|p2a: Ditto|p1a: Marshadow|[from] ability: Imposter
|turn|15
|
|t:|1668649140
|move|p1a: Marshadow|Sucker Punch|p2a: Ditto
|-damage|p2a: Ditto|11/100
|move|p2a: Ditto|Spectral Thief||[still]
|-clearpositiveboost|p1a: Marshadow|p2a: Ditto|move: Spectral Thief
|-boost|p2a: Ditto|atk|1
|-anim|p2a: Ditto|Spectral Thief|p1a: Marshadow
|-supereffective|p1a: Marshadow
|-damage|p1a: Marshadow|0 fnt
|faint|p1a: Marshadow
|
|upkeep
|
|t:|1668649148
|switch|p1a: Talonflame|Talonflame, F|100/100
|turn|16
|
|t:|1668649153
|move|p1a: Talonflame|Tailwind|p1a: Talonflame
|-sidestart|p1: GultyLuxury|move: Tailwind
|move|p2a: Ditto|Spectral Thief|p1a: Talonflame
|-damage|p1a: Talonflame|0 fnt
|faint|p1a: Talonflame
|
|upkeep
|
|t:|1668649159
|switch|p1a: Screw Marshadow|Calyrex-Shadow|100/100
|-ability|p1a: Screw Marshadow|As One
|-ability|p1a: Screw Marshadow|Unnerve
|turn|17
|
|t:|1668649162
|-start|p1a: Screw Marshadow|Dynamax|
|-heal|p1a: Screw Marshadow|100/100|[silent]
|move|p1a: Screw Marshadow|Max Phantasm|p2a: Ditto
|-supereffective|p2a: Ditto
|-damage|p2a: Ditto|0 fnt
|faint|p2a: Ditto
|
|win|GultyLuxury
|raw|GultyLuxury's rating: 1364 &rarr; <strong>1397</strong><br />(+33 for winning)
|raw|justznic's rating: 1647 &rarr; <strong>1614</strong><br />(-33 for losing)
|l|☆justznic
||Ladder isn't responding, score probably updated but might not have (Request timeout).
