|j|☆MVP2536
|j|☆Allen Uzumaki
|t:|1661433658
|gametype|singles
|player|p1|MVP2536|giovanni|1691
|player|p2|Allen Uzumaki|red|1549
|teamsize|p1|6
|teamsize|p2|6
|gen|8
|tier|[Gen 8] National Dex AG
|rated|
|rule|HP Percentage Mod: HP is shown in percentages
|rule|Endless Battle Clause: Forcing endless battles is banned
|clearpoke
|poke|p1|Groudon|
|poke|p1|Aegislash, M|
|poke|p1|Rotom-Wash|
|poke|p1|Scrafty, M|
|poke|p1|Whimsicott, F|
|poke|p1|Ditto|
|poke|p2|Rayquaza|
|poke|p2|Ditto|
|poke|p2|Calyrex-Shadow|
|poke|p2|Marshadow|
|poke|p2|Zygarde|
|poke|p2|Vivillon, F|
|teampreview
|
|t:|1661433664
|start
|switch|p1a: Ditto|Ditto|100/100
|switch|p2a: Zygarde|Zygarde|100/100
|-transform|p1a: Ditto|p2a: Zygarde|[from] ability: Imposter
|turn|1
|
|t:|1661433673
|switch|p1a: Rotom|Rotom-Wash|100/100
|move|p2a: Zygarde|Outrage|p1a: Rotom
|-damage|p1a: Rotom|71/100
|-damage|p2a: Zygarde|84/100|[from] item: Rocky Helmet|[of] p1a: Rotom
|
|-heal|p2a: Zygarde|90/100|[from] item: Leftovers
|upkeep
|turn|2
|
|t:|1661433692
|move|p2a: Zygarde|Outrage|p1a: Rotom|[from]lockedmove
|-damage|p1a: Rotom|38/100
|-damage|p2a: Zygarde|73/100|[from] item: Rocky Helmet|[of] p1a: Rotom
|move|p1a: Rotom|Toxic|p2a: Zygarde
|-status|p2a: Zygarde|tox
|
|-heal|p2a: Zygarde|80/100 tox|[from] item: Leftovers
|-damage|p2a: Zygarde|73/100 tox|[from] psn
|upkeep
|turn|3
|
|t:|1661433701
|switch|p1a: Whimsicott|Whimsicott, F|100/100
|move|p2a: Zygarde|Outrage|p1a: Whimsicott|[from]lockedmove
|-immune|p1a: Whimsicott
|-start|p2a: Zygarde|confusion|[fatigue]
|
|-heal|p2a: Zygarde|80/100 tox|[from] item: Leftovers
|-damage|p2a: Zygarde|67/100 tox|[from] psn
|upkeep
|turn|4
|
|t:|1661433713
|move|p1a: Whimsicott|Moonblast|p2a: Zygarde
|-supereffective|p2a: Zygarde
|-damage|p2a: Zygarde|7/100 tox
|-unboost|p2a: Zygarde|spa|1
|-activate|p2a: Zygarde|confusion
|move|p2a: Zygarde|Glare|p1a: Whimsicott
|-status|p1a: Whimsicott|par
|
|-heal|p2a: Zygarde|13/100 tox|[from] item: Leftovers
|-damage|p2a: Zygarde|0 fnt|[from] psn
|faint|p2a: Zygarde
|upkeep
|
|t:|1661433738
|switch|p2a: Rayquaza|Rayquaza|100/100
|-ability|p2a: Rayquaza|Air Lock
|turn|5
|
|t:|1661433744
|switch|p1a: Rotom|Rotom-Wash|38/100
|detailschange|p2a: Rayquaza|Rayquaza-Mega
|-mega|p2a: Rayquaza|Rayquaza|
|-weather|DeltaStream|[from] ability: Delta Stream|[of] p2a: Rayquaza
|move|p2a: Rayquaza|Dragon Ascent|p1a: Rotom
|-resisted|p1a: Rotom
|-crit|p1a: Rotom
|-damage|p1a: Rotom|0 fnt
|-unboost|p2a: Rayquaza|def|1
|-unboost|p2a: Rayquaza|spd|1
|-damage|p2a: Rayquaza|84/100|[from] item: Rocky Helmet|[of] p1a: Rotom
|faint|p1a: Rotom
|
|-weather|DeltaStream|[upkeep]
|upkeep
|
|t:|1661433763
|switch|p1a: garbage|Groudon|100/100
|detailschange|p1a: garbage|Groudon-Primal
|-primal|p1a: garbage
|-weather|DesolateLand|[from] ability: Desolate Land|[of] p1a: garbage
|turn|6
|inactive|Battle timer is ON: inactive players will automatically lose when time's up. (requested by MVP2536)
|
|t:|1661433773
|switch|p2a: Calyrex|Calyrex-Shadow|100/100
|-ability|p2a: Calyrex|As One
|-ability|p2a: Calyrex|Unnerve
|move|p1a: garbage|Heat Crash|p2a: Calyrex
|-enditem|p2a: Calyrex|Focus Sash
|-damage|p2a: Calyrex|1/100
|
|-weather|DesolateLand|[upkeep]
|upkeep
|turn|7
|
|t:|1661433783
|-weather|none
|switch|p1a: Scrafty|Scrafty, M|100/100
|move|p2a: Calyrex|Astral Barrage|p1a: Scrafty
|-resisted|p1a: Scrafty
|-damage|p1a: Scrafty|82/100
|
|upkeep
|turn|8
|
|t:|1661433791
|move|p2a: Calyrex|Draining Kiss|p1a: Scrafty
|-supereffective|p1a: Scrafty
|-damage|p1a: Scrafty|39/100
|-heal|p2a: Calyrex|32/100|[from] drain|[of] p1a: Scrafty
|move|p1a: Scrafty|Knock Off|p2a: Calyrex
|-supereffective|p2a: Calyrex
|-damage|p2a: Calyrex|0 fnt
|faint|p2a: Calyrex
|
|upkeep
|
|t:|1661433807
|switch|p2a: Vivillon|Vivillon, F|100/100
|turn|9
|
|t:|1661433810
|switch|p1a: Whimsicott|Whimsicott, F|100/100 par
|move|p2a: Vivillon|Sleep Powder|p1a: Whimsicott
|-immune|p1a: Whimsicott
|
|upkeep
|turn|10
|
|t:|1661433819
|move|p2a: Vivillon|Hurricane|p1a: Whimsicott
|-supereffective|p1a: Whimsicott
|-damage|p1a: Whimsicott|0 fnt
|faint|p1a: Whimsicott
|
|upkeep
|
|t:|1661433824
|switch|p1a: Ditto|Ditto|100/100
|-transform|p1a: Ditto|p2a: Vivillon|[from] ability: Imposter
|turn|11
|
|t:|1661433846
|-start|p2a: Vivillon|Dynamax|
|-heal|p2a: Vivillon|100/100|[silent]
|move|p1a: Ditto|Sleep Powder|p2a: Vivillon
|-status|p2a: Vivillon|slp|[from] move: Sleep Powder
|cant|p2a: Vivillon|slp
|
|upkeep
|turn|12
|
|t:|1661433857
|switch|p1a: Aegislash|Aegislash, M|100/100
|cant|p2a: Vivillon|slp
|
|upkeep
|turn|13
|
|t:|1661433863
|cant|p2a: Vivillon|slp
|-formechange|p1a: Aegislash|Aegislash-Blade||[from] ability: Stance Change
|move|p1a: Aegislash|Iron Head|p2a: Vivillon
|-damage|p2a: Vivillon|63/100 slp
|
|-heal|p2a: Vivillon|66/100 slp|[from] item: Leftovers
|upkeep
|-end|p2a: Vivillon|Dynamax
|-heal|p2a: Vivillon|66/100 slp|[silent]
|turn|14
|
|t:|1661433882
|move|p1a: Aegislash|Shadow Sneak|p2a: Vivillon
|-damage|p2a: Vivillon|28/100 slp
|-curestatus|p2a: Vivillon|slp|[msg]
|move|p2a: Vivillon|Sleep Powder|p1a: Aegislash
|-status|p1a: Aegislash|slp|[from] move: Sleep Powder
|
|-heal|p2a: Vivillon|34/100|[from] item: Leftovers
|upkeep
|turn|15
|
|t:|1661433890
|cant|p1a: Aegislash|slp
|move|p2a: Vivillon|Substitute|p2a: Vivillon
|-start|p2a: Vivillon|Substitute
|-damage|p2a: Vivillon|9/100
|
|-heal|p2a: Vivillon|15/100|[from] item: Leftovers
|upkeep
|turn|16
|
|t:|1661433898
|move|p2a: Vivillon|Quiver Dance|p2a: Vivillon
|-boost|p2a: Vivillon|spa|1
|-boost|p2a: Vivillon|spd|1
|-boost|p2a: Vivillon|spe|1
|-curestatus|p1a: Aegislash|slp|[msg]
|move|p1a: Aegislash|Iron Head|p2a: Vivillon
|-end|p2a: Vivillon|Substitute
|
|-heal|p2a: Vivillon|21/100|[from] item: Leftovers
|upkeep
|turn|17
|j| Takemitchy kun
|
|t:|1661433909
|move|p1a: Aegislash|Shadow Sneak|p2a: Vivillon
|-damage|p2a: Vivillon|0 fnt
|faint|p2a: Vivillon
|
|upkeep
|
|t:|1661433918
|switch|p2a: Marshadow|Marshadow|100/100
|turn|18
|n| Buck X|takemitchykun
|
|t:|1661433923
|-formechange|p1a: Aegislash|Aegislash||[from] ability: Stance Change
|move|p1a: Aegislash|King's Shield|p1a: Aegislash
|-singleturn|p1a: Aegislash|Protect
|move|p2a: Marshadow|Shadow Sneak|p1a: Aegislash
|-activate|p1a: Aegislash|move: Protect
|-unboost|p2a: Marshadow|atk|1
|
|upkeep
|turn|19
|
|t:|1661433944
|move|p2a: Marshadow|Shadow Sneak|p1a: Aegislash
|-supereffective|p1a: Aegislash
|-damage|p1a: Aegislash|58/100
|-damage|p2a: Marshadow|91/100|[from] item: Life Orb
|-formechange|p1a: Aegislash|Aegislash-Blade||[from] ability: Stance Change
|move|p1a: Aegislash|Iron Head|p2a: Marshadow
|-damage|p2a: Marshadow|18/100
|
|-heal|p1a: Aegislash|64/100|[from] item: Leftovers
|upkeep
|turn|20
|
|t:|1661433960
|switch|p2a: Ditto|Ditto|100/100
|-transform|p2a: Ditto|p1a: Aegislash|[from] ability: Imposter
|-formechange|p1a: Aegislash|Aegislash||[from] ability: Stance Change
|move|p1a: Aegislash|King's Shield||[still]
|-fail|p1a: Aegislash
|
|-heal|p1a: Aegislash|70/100|[from] item: Leftovers
|upkeep
|turn|21
|inactive|MVP2536 has 120 seconds left.
|
|t:|1661433986
|move|p1a: Aegislash|King's Shield|p1a: Aegislash
|-singleturn|p1a: Aegislash|Protect
|move|p2a: Ditto|Shadow Sneak|p1a: Aegislash
|-activate|p1a: Aegislash|move: Protect
|-unboost|p2a: Ditto|atk|1
|
|-heal|p1a: Aegislash|76/100|[from] item: Leftovers
|upkeep
|turn|22
|
|t:|1661433995
|move|p2a: Ditto|Shadow Sneak|p1a: Aegislash
|-supereffective|p1a: Aegislash
|-damage|p1a: Aegislash|47/100
|-formechange|p1a: Aegislash|Aegislash-Blade||[from] ability: Stance Change
|move|p1a: Aegislash|Iron Head|p2a: Ditto
|-resisted|p2a: Ditto
|-damage|p2a: Ditto|52/100
|
|-heal|p1a: Aegislash|53/100|[from] item: Leftovers
|upkeep
|turn|23
|inactive|MVP2536 has 120 seconds left.
|
|t:|1661434006
|switch|p2a: Marshadow|Marshadow|18/100
|-formechange|p1a: Aegislash|Aegislash||[from] ability: Stance Change
|move|p1a: Aegislash|King's Shield||[still]
|-fail|p1a: Aegislash
|
|-heal|p1a: Aegislash|59/100|[from] item: Leftovers
|upkeep
|turn|24
|inactive|MVP2536 has 120 seconds left.
|
|t:|1661434016
|switch|p1a: Scrafty|Scrafty, M|39/100
|move|p2a: Marshadow|Shadow Sneak|p1a: Scrafty
|-resisted|p1a: Scrafty
|-damage|p1a: Scrafty|22/100
|-damage|p2a: Marshadow|8/100|[from] item: Life Orb
|
|upkeep
|turn|25
|inactive|MVP2536 has 120 seconds left.
|
|t:|1661434029
|move|p2a: Marshadow|Ice Punch|p1a: Scrafty
|-damage|p1a: Scrafty|0 fnt
|faint|p1a: Scrafty
|-damage|p2a: Marshadow|0 fnt|[from] item: Life Orb
|faint|p2a: Marshadow
|
|upkeep
|
|t:|1661434042
|switch|p2a: Ditto|Ditto|52/100
|switch|p1a: Ditto|Ditto|100/100
|-transform|p2a: Ditto|p1a: Ditto|[from] ability: Imposter
|turn|26
|c|☆Allen Uzumaki|ok this is funny
|
|t:|1661434058
|switch|p1a: Aegislash|Aegislash, M|59/100
|move|p2a: Ditto|Transform||[still]
|-fail|p2a: Ditto
|
|-heal|p1a: Aegislash|65/100|[from] item: Leftovers
|upkeep
|turn|27
|c| Buck X|Try
|c| Buck X|tru
|c|☆MVP2536|damn
|
|t:|1661434070
|switch|p2a: Rayquaza|Rayquaza-Mega|84/100
|-weather|DeltaStream|[from] ability: Delta Stream|[of] p2a: Rayquaza
|-formechange|p1a: Aegislash|Aegislash-Blade||[from] ability: Stance Change
|move|p1a: Aegislash|Iron Head|p2a: Rayquaza
|-damage|p2a: Rayquaza|37/100
|
|-weather|DeltaStream|[upkeep]
|-heal|p1a: Aegislash|71/100|[from] item: Leftovers
|upkeep
|turn|28
|c|☆MVP2536|well this a gg
|
|t:|1661434084
|-formechange|p1a: Aegislash|Aegislash||[from] ability: Stance Change
|move|p1a: Aegislash|King's Shield|p1a: Aegislash
|-singleturn|p1a: Aegislash|Protect
|move|p2a: Rayquaza|Waterfall|p1a: Aegislash
|-activate|p1a: Aegislash|move: Protect
|-unboost|p2a: Rayquaza|atk|1
|
|-weather|DeltaStream|[upkeep]
|-heal|p1a: Aegislash|77/100|[from] item: Leftovers
|upkeep
|turn|29
|c|☆MVP2536|im pretty sure
|
|t:|1661434095
|switch|p1a: garbage|Groudon-Primal|100/100
|-weather|DesolateLand|[from] ability: Desolate Land|[of] p1a: garbage
|move|p2a: Rayquaza|Waterfall||[still]
|-fail|p2a: Rayquaza|Waterfall|[from] Desolate Land
|
|-weather|DesolateLand|[upkeep]
|upkeep
|turn|30
|
|t:|1661434102
|switch|p2a: Ditto|Ditto|52/100
|-transform|p2a: Ditto|p1a: garbage|[from] ability: Imposter
|switch|p1a: Aegislash|Aegislash, M|77/100
|
|-weather|DesolateLand|[upkeep]
|-heal|p1a: Aegislash|83/100|[from] item: Leftovers
|upkeep
|turn|31
|c| Buck X|Why didn’t you attack?
|c| Buck X|Why switch into don
|
|t:|1661434131
|move|p1a: Aegislash|King's Shield|p1a: Aegislash
|-singleturn|p1a: Aegislash|Protect
|move|p2a: Ditto|Heat Crash|p1a: Aegislash
|-activate|p1a: Aegislash|move: Protect
|-unboost|p2a: Ditto|atk|1
|
|-weather|DesolateLand|[upkeep]
|-heal|p1a: Aegislash|89/100|[from] item: Leftovers
|upkeep
|turn|32
|c|☆MVP2536|havent played for a month so i wanted to mess around a bit
|
|t:|1661434148
|-start|p1a: Aegislash|Dynamax|
|-heal|p1a: Aegislash|89/100|[silent]
|move|p2a: Ditto|Heat Crash||[still]
|-fail|p2a: Ditto|Dynamax
|-formechange|p1a: Aegislash|Aegislash-Blade||[from] ability: Stance Change
|move|p1a: Aegislash|Max Steelspike|p2a: Ditto
|-resisted|p2a: Ditto
|-damage|p2a: Ditto|24/100
|-boost|p1a: Aegislash|def|1
|
|-weather|DesolateLand|[upkeep]
|-heal|p1a: Aegislash|92/100|[from] item: Leftovers
|upkeep
|turn|33
|
|t:|1661434163
|move|p2a: Ditto|Heat Crash||[still]
|-fail|p2a: Ditto|Dynamax
|move|p1a: Aegislash|Max Knuckle|p2a: Ditto
|-damage|p2a: Ditto|0 fnt
|-boost|p1a: Aegislash|atk|1
|faint|p2a: Ditto
|-weather|none
|
|-heal|p1a: Aegislash|95/100|[from] item: Leftovers
|upkeep
|inactive|Allen Uzumaki has 120 seconds left.
|
|t:|1661434174
|switch|p2a: Rayquaza|Rayquaza-Mega|37/100
|-weather|DeltaStream|[from] ability: Delta Stream|[of] p2a: Rayquaza
|turn|34
|inactive|Allen Uzumaki has 120 seconds left.
|
|t:|1661434184
|move|p1a: Aegislash|Max Guard|p1a: Aegislash
|-singleturn|p1a: Aegislash|Max Guard
|move|p2a: Rayquaza|Dragon Ascent|p1a: Aegislash
|-activate|p1a: Aegislash|move: Max Guard
|
|-weather|DeltaStream|[upkeep]
|-heal|p1a: Aegislash|98/100|[from] item: Leftovers
|upkeep
|-end|p1a: Aegislash|Dynamax
|-heal|p1a: Aegislash|98/100|[silent]
|turn|35
|
|t:|1661434194
|move|p1a: Aegislash|Shadow Sneak|p2a: Rayquaza
|-damage|p2a: Rayquaza|0 fnt
|faint|p2a: Rayquaza
|-weather|none
|
|win|MVP2536
|raw|MVP2536's rating: 1691 &rarr; <strong>1703</strong><br />(+12 for winning)
|raw|Allen Uzumaki's rating: 1549 &rarr; <strong>1537</strong><br />(-12 for losing)
|c| Buck X|Lol
|c|☆MVP2536|gg
|l|☆Allen Uzumaki
||Ladder isn't responding, score probably updated but might not have (Request timeout).
