|j|☆Quick top 500 tho
|j|☆FenixFyre04
|t:|1649635992
|gametype|singles
|player|p1|Quick top 500 tho|xerosic|1797
|player|p2|FenixFyre04|benga|1961
|teamsize|p1|6
|teamsize|p2|6
|gen|8
|tier|[Gen 8] National Dex AG
|rated|
|rule|HP Percentage Mod: HP is shown in percentages
|rule|Endless Battle Clause: Forcing endless battles is banned
|clearpoke
|poke|p1|Tyranitar, F|
|poke|p1|Zacian-*|
|poke|p1|Rayquaza|
|poke|p1|Necrozma-Dusk-Mane|
|poke|p1|Ho-Oh|
|poke|p1|Calyrex-Shadow|
|poke|p2|Tyranitar, F|
|poke|p2|Ho-Oh|
|poke|p2|Zacian-*|
|poke|p2|Necrozma-Dusk-Mane|
|poke|p2|Rayquaza|
|poke|p2|Calyrex-Shadow|
|teampreview
|inactive|Battle timer is ON: inactive players will automatically lose when time's up. (requested by Quick top 500 tho)
|
|t:|1649636019
|start
|switch|p1a: Hybrid kaido|Rayquaza|100/100
|switch|p2a: Rayquaza|Rayquaza|100/100
|-ability|p2a: Rayquaza|Air Lock
|-ability|p1a: Hybrid kaido|Air Lock
|turn|1
|
|t:|1649636031
|switch|p2a: Tyranitar|Tyranitar, F, shiny|100/100
|-weather|Sandstorm|[from] ability: Sand Stream|[of] p2a: Tyranitar
|detailschange|p1a: Hybrid kaido|Rayquaza-Mega
|-mega|p1a: Hybrid kaido|Rayquaza|
|-weather|DeltaStream|[from] ability: Delta Stream|[of] p1a: Hybrid kaido
|move|p1a: Hybrid kaido|Dragon Dance|p1a: Hybrid kaido
|-boost|p1a: Hybrid kaido|atk|1
|-boost|p1a: Hybrid kaido|spe|1
|
|-weather|DeltaStream|[upkeep]
|upkeep
|turn|2
|
|t:|1649636038
|-weather|none
|switch|p1a: Sun's greatest|Necrozma-Dusk-Mane, shiny|100/100
|move|p2a: Tyranitar|Thunder Wave|p1a: Sun's greatest
|-status|p1a: Sun's greatest|par
|
|upkeep
|turn|3
|
|t:|1649636045
|switch|p2a: Necrozma|Necrozma-Dusk-Mane|100/100
|move|p1a: Sun's greatest|Stealth Rock|p2a: Necrozma
|-sidestart|p2: FenixFyre04|move: Stealth Rock
|
|upkeep
|turn|4
|
|t:|1649636048
|move|p2a: Necrozma|Knock Off|p1a: Sun's greatest
|-supereffective|p1a: Sun's greatest
|-damage|p1a: Sun's greatest|70/100 par
|-damage|p2a: Necrozma|84/100|[from] item: Rocky Helmet|[of] p1a: Sun's greatest
|-enditem|p1a: Sun's greatest|Rocky Helmet|[from] move: Knock Off|[of] p2a: Necrozma
|move|p1a: Sun's greatest|Knock Off|p2a: Necrozma
|-supereffective|p2a: Necrozma
|-damage|p2a: Necrozma|57/100
|-damage|p1a: Sun's greatest|54/100 par|[from] item: Rocky Helmet|[of] p2a: Necrozma
|-enditem|p2a: Necrozma|Rocky Helmet|[from] move: Knock Off|[of] p1a: Sun's greatest
|
|upkeep
|turn|5
|
|t:|1649636060
|move|p2a: Necrozma|Stealth Rock|p1a: Sun's greatest
|-sidestart|p1: Quick top 500 tho|move: Stealth Rock
|move|p1a: Sun's greatest|Morning Sun|p1a: Sun's greatest
|-heal|p1a: Sun's greatest|100/100 par
|
|upkeep
|turn|6
|
|t:|1649636068
|move|p2a: Necrozma|Moonlight|p2a: Necrozma
|-heal|p2a: Necrozma|100/100
|cant|p1a: Sun's greatest|par
|
|upkeep
|turn|7
|
|t:|1649636072
|switch|p2a: Ho-Oh|Ho-Oh, shiny|100/100
|cant|p1a: Sun's greatest|par
|
|upkeep
|turn|8
|
|t:|1649636087
|switch|p1a: Gurren lagen|Tyranitar, F, shiny|100/100
|-damage|p1a: Gurren lagen|88/100|[from] Stealth Rock
|-weather|Sandstorm|[from] ability: Sand Stream|[of] p1a: Gurren lagen
|move|p2a: Ho-Oh|Sacred Fire|p1a: Gurren lagen
|-resisted|p1a: Gurren lagen
|-damage|p1a: Gurren lagen|70/100
|-status|p1a: Gurren lagen|brn
|
|-weather|Sandstorm|[upkeep]
|-damage|p2a: Ho-Oh|94/100|[from] Sandstorm
|-heal|p1a: Gurren lagen|76/100 brn|[from] item: Leftovers
|-damage|p1a: Gurren lagen|70/100 brn|[from] brn
|upkeep
|turn|9
|
|t:|1649636099
|switch|p2a: Zacian|Zacian-Crowned|100/100
|-damage|p2a: Zacian|94/100|[from] Stealth Rock
|-ability|p2a: Zacian|Intrepid Sword|boost
|-boost|p2a: Zacian|atk|1
|move|p1a: Gurren lagen|Thunder Wave|p2a: Zacian
|-status|p2a: Zacian|par
|
|-weather|Sandstorm|[upkeep]
|-heal|p1a: Gurren lagen|76/100 brn|[from] item: Leftovers
|-damage|p1a: Gurren lagen|70/100 brn|[from] brn
|upkeep
|turn|10
|
|t:|1649636106
|switch|p1a: Sun's greatest|Necrozma-Dusk-Mane, shiny|100/100 par
|-damage|p1a: Sun's greatest|94/100 par|[from] Stealth Rock
|move|p2a: Zacian|Close Combat|p1a: Sun's greatest
|-damage|p1a: Sun's greatest|46/100 par
|-unboost|p2a: Zacian|def|1
|-unboost|p2a: Zacian|spd|1
|
|-weather|Sandstorm|[upkeep]
|upkeep
|turn|11
|
|t:|1649636119
|switch|p1a: Ghost rider|Calyrex-Shadow|100/100
|-ability|p1a: Ghost rider|As One
|-ability|p1a: Ghost rider|Unnerve
|-damage|p1a: Ghost rider|88/100|[from] Stealth Rock
|cant|p2a: Zacian|par
|
|-weather|Sandstorm|[upkeep]
|-damage|p1a: Ghost rider|82/100|[from] Sandstorm
|upkeep
|turn|12
|
|t:|1649636124
|switch|p1a: Sun's greatest|Necrozma-Dusk-Mane, shiny|46/100 par
|-damage|p1a: Sun's greatest|40/100 par|[from] Stealth Rock
|switch|p2a: Tyranitar|Tyranitar, F, shiny|100/100
|-damage|p2a: Tyranitar|88/100|[from] Stealth Rock
|
|-weather|none
|-heal|p2a: Tyranitar|94/100|[from] item: Leftovers
|upkeep
|turn|13
|
|t:|1649636131
|switch|p2a: Calyrex|Calyrex-Shadow|100/100
|-ability|p2a: Calyrex|As One
|-ability|p2a: Calyrex|Unnerve
|-damage|p2a: Calyrex|88/100|[from] Stealth Rock
|move|p1a: Sun's greatest|Morning Sun|p1a: Sun's greatest
|-heal|p1a: Sun's greatest|90/100 par
|
|upkeep
|turn|14
|
|t:|1649636147
|switch|p2a: Necrozma|Necrozma-Dusk-Mane|100/100
|-damage|p2a: Necrozma|94/100|[from] Stealth Rock
|switch|p1a: Finger Lik N good|Ho-Oh, shiny|100/100
|
|upkeep
|turn|15
|
|t:|1649636165
|switch|p1a: Ssj God gogeta|Zacian-Crowned, shiny|100/100
|-damage|p1a: Ssj God gogeta|94/100|[from] Stealth Rock
|-ability|p1a: Ssj God gogeta|Intrepid Sword|boost
|-boost|p1a: Ssj God gogeta|atk|1
|move|p2a: Necrozma|Knock Off|p1a: Ssj God gogeta
|-resisted|p1a: Ssj God gogeta
|-damage|p1a: Ssj God gogeta|83/100
|
|upkeep
|turn|16
|
|t:|1649636170
|move|p1a: Ssj God gogeta|Crunch|p2a: Necrozma
|-supereffective|p2a: Necrozma
|-damage|p2a: Necrozma|49/100
|-unboost|p2a: Necrozma|def|1
|move|p2a: Necrozma|Sunsteel Strike|p1a: Ssj God gogeta
|-damage|p1a: Ssj God gogeta|39/100
|
|upkeep
|turn|17
|
|t:|1649636182
|switch|p2a: Ho-Oh|Ho-Oh, shiny|100/100
|move|p1a: Ssj God gogeta|Crunch|p2a: Ho-Oh
|-damage|p2a: Ho-Oh|61/100
|-unboost|p2a: Ho-Oh|def|1
|
|upkeep
|turn|18
|
|t:|1649636189
|switch|p2a: Necrozma|Necrozma-Dusk-Mane|49/100
|-damage|p2a: Necrozma|43/100|[from] Stealth Rock
|move|p1a: Ssj God gogeta|Wild Charge|p2a: Necrozma
|-damage|p2a: Necrozma|9/100
|-damage|p1a: Ssj God gogeta|28/100|[from] Recoil
|
|upkeep
|turn|19
|
|t:|1649636194
|move|p1a: Ssj God gogeta|Crunch|p2a: Necrozma
|-supereffective|p2a: Necrozma
|-damage|p2a: Necrozma|0 fnt
|faint|p2a: Necrozma
|
|upkeep
|
|t:|1649636221
|switch|p2a: Ho-Oh|Ho-Oh, shiny|94/100
|turn|20
|
|t:|1649636230
|move|p1a: Ssj God gogeta|Wild Charge|p2a: Ho-Oh
|-supereffective|p2a: Ho-Oh
|-damage|p2a: Ho-Oh|4/100
|-damage|p1a: Ssj God gogeta|0 fnt|[from] Recoil
|faint|p1a: Ssj God gogeta
|move|p2a: Ho-Oh|Whirlwind|p1: Ssj God gogeta|[notarget]
|-fail|p2a: Ho-Oh
|
|upkeep
|
|t:|1649636242
|switch|p1a: Gurren lagen|Tyranitar, F, shiny|70/100 brn
|-damage|p1a: Gurren lagen|57/100 brn|[from] Stealth Rock
|-weather|Sandstorm|[from] ability: Sand Stream|[of] p1a: Gurren lagen
|turn|21
|
|t:|1649636250
|-activate|p2a: Ho-Oh|move: Pursuit
|move|p1a: Gurren lagen|Pursuit|p2a: Ho-Oh|[from]Pursuit
|-damage|p2a: Ho-Oh|0 fnt
|faint|p2a: Ho-Oh
|-hint|A Pokemon can't switch between when it runs out of HP and when it faints
|
|-weather|Sandstorm|[upkeep]
|-heal|p1a: Gurren lagen|64/100 brn|[from] item: Leftovers
|-damage|p1a: Gurren lagen|57/100 brn|[from] brn
|upkeep
|
|t:|1649636268
|switch|p2a: Zacian|Zacian-Crowned|94/100 par
|-damage|p2a: Zacian|88/100 par|[from] Stealth Rock
|-ability|p2a: Zacian|Intrepid Sword|boost
|-boost|p2a: Zacian|atk|1
|turn|22
|
|t:|1649636288
|move|p2a: Zacian|Close Combat|p1a: Gurren lagen
|-supereffective|p1a: Gurren lagen
|-damage|p1a: Gurren lagen|0 fnt
|-unboost|p2a: Zacian|def|1
|-unboost|p2a: Zacian|spd|1
|faint|p1a: Gurren lagen
|
|-weather|Sandstorm|[upkeep]
|upkeep
|
|t:|1649636291
|switch|p1a: Ghost rider|Calyrex-Shadow|82/100
|-ability|p1a: Ghost rider|As One
|-ability|p1a: Ghost rider|Unnerve
|-damage|p1a: Ghost rider|70/100|[from] Stealth Rock
|turn|23
|
|t:|1649636298
|switch|p1a: Sun's greatest|Necrozma-Dusk-Mane, shiny|90/100 par
|-damage|p1a: Sun's greatest|84/100 par|[from] Stealth Rock
|switch|p2a: Tyranitar|Tyranitar, F, shiny|94/100
|-damage|p2a: Tyranitar|82/100|[from] Stealth Rock
|
|-weather|Sandstorm|[upkeep]
|-heal|p2a: Tyranitar|88/100|[from] item: Leftovers
|upkeep
|turn|24
|
|t:|1649636326
|switch|p2a: Calyrex|Calyrex-Shadow|88/100
|-ability|p2a: Calyrex|As One
|-ability|p2a: Calyrex|Unnerve
|-damage|p2a: Calyrex|76/100|[from] Stealth Rock
|-start|p1a: Sun's greatest|Dynamax|
|-heal|p1a: Sun's greatest|84/100 par|[silent]
|move|p1a: Sun's greatest|Max Steelspike|p2a: Calyrex
|-damage|p2a: Calyrex|3/100
|-boost|p1a: Sun's greatest|def|1
|
|-weather|Sandstorm|[upkeep]
|-damage|p2a: Calyrex|0 fnt|[from] Sandstorm
|faint|p2a: Calyrex
|upkeep
|inactive|FenixFyre04 has 120 seconds left.
|
|t:|1649636347
|switch|p2a: Tyranitar|Tyranitar, F, shiny|88/100
|-damage|p2a: Tyranitar|76/100|[from] Stealth Rock
|turn|25
|
|t:|1649636356
|-start|p2a: Tyranitar|Dynamax|
|-heal|p2a: Tyranitar|76/100|[silent]
|move|p2a: Tyranitar|Max Guard|p2a: Tyranitar
|-singleturn|p2a: Tyranitar|Max Guard
|move|p1a: Sun's greatest|Max Steelspike|p2a: Tyranitar
|-activate|p2a: Tyranitar|move: Max Guard
|
|-weather|none
|-heal|p2a: Tyranitar|79/100|[from] item: Leftovers
|upkeep
|turn|26
|
|t:|1649636358
|move|p2a: Tyranitar|Max Darkness|p1a: Sun's greatest
|-supereffective|p1a: Sun's greatest
|-damage|p1a: Sun's greatest|73/100 par
|-unboost|p1a: Sun's greatest|spd|1
|move|p1a: Sun's greatest|Max Steelspike|p2a: Tyranitar
|-supereffective|p2a: Tyranitar
|-damage|p2a: Tyranitar|29/100
|-boost|p1a: Sun's greatest|def|1
|
|-heal|p2a: Tyranitar|32/100|[from] item: Leftovers
|-end|p1a: Sun's greatest|Dynamax
|-heal|p1a: Sun's greatest|73/100 par|[silent]
|upkeep
|turn|27
|
|t:|1649636381
|move|p2a: Tyranitar|Max Darkness|p1a: Sun's greatest
|-supereffective|p1a: Sun's greatest
|-damage|p1a: Sun's greatest|56/100 par
|-unboost|p1a: Sun's greatest|spd|1
|move|p1a: Sun's greatest|Sunsteel Strike|p2a: Tyranitar
|-supereffective|p2a: Tyranitar
|-damage|p2a: Tyranitar|0 fnt
|faint|p2a: Tyranitar
|
|upkeep
|
|t:|1649636391
|switch|p2a: Rayquaza|Rayquaza|100/100
|-damage|p2a: Rayquaza|76/100|[from] Stealth Rock
|-ability|p2a: Rayquaza|Air Lock
|turn|28
|
|t:|1649636395
|detailschange|p2a: Rayquaza|Rayquaza-Mega
|-mega|p2a: Rayquaza|Rayquaza|
|-weather|DeltaStream|[from] ability: Delta Stream|[of] p2a: Rayquaza
|move|p2a: Rayquaza|V-create|p1a: Sun's greatest
|-supereffective|p1a: Sun's greatest
|-damage|p1a: Sun's greatest|0 fnt
|-unboost|p2a: Rayquaza|spe|1
|-unboost|p2a: Rayquaza|def|1
|-unboost|p2a: Rayquaza|spd|1
|faint|p1a: Sun's greatest
|
|-weather|DeltaStream|[upkeep]
|upkeep
|
|t:|1649636397
|switch|p1a: Ghost rider|Calyrex-Shadow|70/100
|-ability|p1a: Ghost rider|As One
|-ability|p1a: Ghost rider|Unnerve
|-damage|p1a: Ghost rider|57/100|[from] Stealth Rock
|turn|29
|
|t:|1649636403
|move|p1a: Ghost rider|Astral Barrage|p2a: Rayquaza
|-damage|p2a: Rayquaza|0 fnt
|faint|p2a: Rayquaza
|-weather|none
|-ability|p1a: Ghost rider|Grim Neigh|boost
|-boost|p1a: Ghost rider|spa|1
|
|upkeep
|
|t:|1649636405
|switch|p2a: Zacian|Zacian-Crowned|88/100 par
|-damage|p2a: Zacian|82/100 par|[from] Stealth Rock
|-ability|p2a: Zacian|Intrepid Sword|boost
|-boost|p2a: Zacian|atk|1
|turn|30
|
|t:|1649636409
|move|p1a: Ghost rider|Astral Barrage|p2a: Zacian
|-damage|p2a: Zacian|0 fnt
|faint|p2a: Zacian
|
|win|Quick top 500 tho
|raw|Quick top 500 tho's rating: 1797 &rarr; <strong>1826</strong><br />(+29 for winning)
|raw|FenixFyre04's rating: 1961 &rarr; <strong>1932</strong><br />(-29 for losing)
|c|☆Quick top 500 tho|Ggs
|l|☆FenixFyre04
||Ladder isn't responding, score probably updated but might not have (Request timeout).
