|j|☆Opnoob 598
|j|☆wafflecone67
|t:|1658818269
|gametype|singles
|player|p1|Opnoob 598|supernerd|1886
|player|p2|wafflecone67|101|1691
|teamsize|p1|6
|teamsize|p2|6
|gen|8
|tier|[Gen 8] National Dex AG
|rated|
|rule|HP Percentage Mod: HP is shown in percentages
|rule|Endless Battle Clause: Forcing endless battles is banned
|clearpoke
|poke|p1|Arceus-*|
|poke|p1|Arceus-*|
|poke|p1|Necrozma-Dusk-Mane|
|poke|p1|Zygarde|
|poke|p1|Rayquaza|
|poke|p1|Ho-Oh|
|poke|p2|Scolipede, M|
|poke|p2|Smeargle, M|
|poke|p2|Magearna|
|poke|p2|Smeargle, F|
|poke|p2|Espeon, M|
|poke|p2|Mr. Mime, F|
|teampreview
|inactive|Battle timer is ON: inactive players will automatically lose when time's up. (requested by wafflecone67)
|inactive|Opnoob 598 has 120 seconds left.
|
|t:|1658818373
|start
|switch|p1a: Ho-Oh|Ho-Oh|100/100
|switch|p2a: Scolipede|Scolipede, M|100/100
|turn|1
|
|t:|1658818386
|move|p2a: Scolipede|Substitute|p2a: Scolipede
|-start|p2a: Scolipede|Substitute
|-damage|p2a: Scolipede|76/100
|move|p1a: Ho-Oh|Whirlwind|p2a: Scolipede
|drag|p2a: Espeon|Espeon, M|100/100
|
|upkeep
|turn|2
|
|t:|1658818392
|move|p2a: Espeon|Double Team|p2a: Espeon
|-boost|p2a: Espeon|evasion|1
|move|p1a: Ho-Oh|Sacred Fire|p2a: Espeon
|-damage|p2a: Espeon|32/100
|-enditem|p2a: Espeon|Red Card|[of] p1a: Ho-Oh
|drag|p1a: Zygarde|Zygarde, shiny|100/100
|
|upkeep
|turn|3
|
|t:|1658818400
|move|p2a: Espeon|Toxic|p1a: Zygarde
|-status|p1a: Zygarde|tox
|move|p1a: Zygarde|Substitute|p1a: Zygarde
|-start|p1a: Zygarde|Substitute
|-damage|p1a: Zygarde|76/100 tox
|
|-heal|p1a: Zygarde|82/100 tox|[from] item: Leftovers
|-damage|p1a: Zygarde|76/100 tox|[from] psn
|upkeep
|turn|4
|
|t:|1658818405
|move|p2a: Espeon|Substitute|p2a: Espeon
|-start|p2a: Espeon|Substitute
|-damage|p2a: Espeon|7/100
|move|p1a: Zygarde|Thousand Arrows|p2a: Espeon
|-end|p2a: Espeon|Substitute
|
|-heal|p1a: Zygarde|82/100 tox|[from] item: Leftovers
|-damage|p1a: Zygarde|69/100 tox|[from] psn
|upkeep
|turn|5
|
|t:|1658818410
|move|p2a: Espeon|Baton Pass|p2a: Espeon
|
|t:|1658818415
|switch|p2a: Mr. Mime|Mr. Mime, F|100/100|[from]move: Baton Pass
|move|p1a: Zygarde|Thousand Arrows|p2a: Mr. Mime|[miss]
|-miss|p1a: Zygarde|p2a: Mr. Mime
|
|-heal|p1a: Zygarde|76/100 tox|[from] item: Leftovers
|-damage|p1a: Zygarde|57/100 tox|[from] psn
|upkeep
|turn|6
|
|t:|1658818420
|move|p2a: Mr. Mime|Reflect|p2a: Mr. Mime
|-sidestart|p2: wafflecone67|Reflect
|move|p1a: Zygarde|Glare|p2a: Mr. Mime
|-status|p2a: Mr. Mime|par
|
|-heal|p1a: Zygarde|63/100 tox|[from] item: Leftovers
|-damage|p1a: Zygarde|38/100 tox|[from] psn
|-activate|p1a: Zygarde|ability: Power Construct
|detailschange|p1a: Zygarde|Zygarde-Complete, shiny
|-heal|p1a: Zygarde|59/100 tox|[silent]
|upkeep
|turn|7
|
|t:|1658818424
|switch|p1a: Necrozma|Necrozma-Dusk-Mane|100/100
|move|p2a: Mr. Mime|Baton Pass|p2a: Mr. Mime
|
|t:|1658818429
|switch|p2a: Smeargle|Smeargle, M|100/100|[from]move: Baton Pass
|
|-ability|p2a: Smeargle|Moody|boost
|-boost|p2a: Smeargle|spa|2
|-unboost|p2a: Smeargle|spe|1
|upkeep
|turn|8
|
|t:|1658818434
|switch|p1a: Zygarde|Zygarde-Complete, shiny|59/100 tox
|move|p2a: Smeargle|Spore||[still]
|-fail|p2a: Smeargle
|
|-heal|p1a: Zygarde|66/100 tox|[from] item: Leftovers
|-damage|p1a: Zygarde|59/100 tox|[from] psn
|-ability|p2a: Smeargle|Moody|boost
|-boost|p2a: Smeargle|def|2
|-unboost|p2a: Smeargle|spd|1
|upkeep
|turn|9
|
|t:|1658818438
|move|p1a: Zygarde|Thousand Arrows|p2a: Smeargle
|-damage|p2a: Smeargle|85/100
|move|p2a: Smeargle|Ingrain|p2a: Smeargle
|-start|p2a: Smeargle|move: Ingrain
|
|-heal|p1a: Zygarde|66/100 tox|[from] item: Leftovers
|-heal|p2a: Smeargle|92/100|[from] Ingrain
|-damage|p1a: Zygarde|53/100 tox|[from] psn
|-ability|p2a: Smeargle|Moody|boost
|-boost|p2a: Smeargle|spe|2
|-unboost|p2a: Smeargle|atk|1
|upkeep
|turn|10
|
|t:|1658818442
|move|p2a: Smeargle|Baton Pass|p2a: Smeargle
|
|t:|1658818444
|switch|p2a: Scolipede|Scolipede, M|76/100|[from]move: Baton Pass
|move|p1a: Zygarde|Glare|p2a: Scolipede
|-status|p2a: Scolipede|par
|
|-heal|p1a: Zygarde|59/100 tox|[from] item: Leftovers
|-heal|p2a: Scolipede|82/100 par|[from] Ingrain
|-damage|p1a: Zygarde|41/100 tox|[from] psn
|-sideend|p2: wafflecone67|Reflect
|upkeep
|turn|11
|
|t:|1658818448
|switch|p1a: Rayquaza|Rayquaza|100/100
|-ability|p1a: Rayquaza|Air Lock
|move|p2a: Scolipede|Iron Defense|p2a: Scolipede
|-boost|p2a: Scolipede|def|2
|
|-heal|p2a: Scolipede|88/100 par|[from] Ingrain
|-ability|p2a: Scolipede|Speed Boost|boost
|-boost|p2a: Scolipede|spe|1
|upkeep
|turn|12
|
|t:|1658818453
|detailschange|p1a: Rayquaza|Rayquaza-Mega
|-mega|p1a: Rayquaza|Rayquaza|
|-weather|DeltaStream|[from] ability: Delta Stream|[of] p1a: Rayquaza
|move|p1a: Rayquaza|Extreme Speed|p2a: Scolipede
|-damage|p2a: Scolipede|67/100 par
|move|p2a: Scolipede|Iron Defense|p2a: Scolipede
|-boost|p2a: Scolipede|def|2
|
|-weather|DeltaStream|[upkeep]
|-heal|p2a: Scolipede|73/100 par|[from] Ingrain
|-ability|p2a: Scolipede|Speed Boost|boost
|-boost|p2a: Scolipede|spe|1
|upkeep
|turn|13
|
|t:|1658818460
|move|p1a: Rayquaza|Extreme Speed|p2a: Scolipede
|-damage|p2a: Scolipede|58/100 par
|move|p2a: Scolipede|Baton Pass|p2a: Scolipede
|
|t:|1658818463
|switch|p2a: labrys|Magearna|100/100|[from]move: Baton Pass
|
|-weather|DeltaStream|[upkeep]
|upkeep
|turn|14
|
|t:|1658818467
|-weather|none
|switch|p1a: Zygarde|Zygarde-Complete, shiny|41/100 tox
|move|p2a: labrys|Substitute|p2a: labrys
|-start|p2a: labrys|Substitute
|-damage|p2a: labrys|76/100
|
|-heal|p1a: Zygarde|47/100 tox|[from] item: Leftovers
|-heal|p2a: labrys|82/100|[from] Ingrain
|-damage|p1a: Zygarde|41/100 tox|[from] psn
|upkeep
|turn|15
|
|t:|1658818470
|move|p2a: labrys|Stored Power|p1a: Zygarde
|-damage|p1a: Zygarde|0 fnt
|faint|p1a: Zygarde
|-ability|p2a: labrys|Soul-Heart|boost
|-boost|p2a: labrys|spa|1
|
|-heal|p2a: labrys|88/100|[from] Ingrain
|upkeep
|
|t:|1658818475
|switch|p1a: Ho-Oh|Ho-Oh|100/100
|turn|16
|
|t:|1658818480
|move|p2a: labrys|Stored Power|p1a: Ho-Oh
|-damage|p1a: Ho-Oh|0 fnt
|faint|p1a: Ho-Oh
|-ability|p2a: labrys|Soul-Heart|boost
|-boost|p2a: labrys|spa|1
|
|-heal|p2a: labrys|94/100|[from] Ingrain
|upkeep
|
|t:|1658818483
|switch|p1a: Necrozma|Necrozma-Dusk-Mane|100/100
|turn|17
|
|t:|1658818487
|-start|p1a: Necrozma|Dynamax|
|-heal|p1a: Necrozma|100/100|[silent]
|move|p2a: labrys|Stored Power|p1a: Necrozma
|-resisted|p1a: Necrozma
|-damage|p1a: Necrozma|69/100
|move|p1a: Necrozma|Max Quake|p2a: labrys
|-supereffective|p2a: labrys
|-activate|p2a: labrys|move: Substitute|[damage]
|-boost|p1a: Necrozma|spd|1
|
|-heal|p2a: labrys|99/100|[from] Ingrain
|upkeep
|turn|18
|
|t:|1658818491
|move|p2a: labrys|Baton Pass|p2a: labrys
|
|t:|1658818492
|switch|p2a: Smeargle|Smeargle, F|100/100|[from]move: Baton Pass
|move|p1a: Necrozma|Max Quake|p2a: Smeargle
|-end|p2a: Smeargle|Substitute
|-boost|p1a: Necrozma|spd|1
|
|-ability|p2a: Smeargle|Moody|boost
|-boost|p2a: Smeargle|spe|2
|-unboost|p2a: Smeargle|spa|1
|upkeep
|turn|19
|-message|Opnoob 598 forfeited.
|
|win|wafflecone67
|raw|Opnoob 598's rating: 1886 &rarr; <strong>1856</strong><br />(-30 for losing)
|raw|wafflecone67's rating: 1691 &rarr; <strong>1721</strong><br />(+30 for winning)
