|j|☆caprisong
|j|☆CLEAR GEM清瑜
|t:|1662003507
|gametype|singles
|player|p1|caprisong|nessa-masters|1726
|player|p2|CLEAR GEM清瑜|skierf|1721
|teamsize|p1|6
|teamsize|p2|6
|gen|8
|tier|[Gen 8] National Dex AG
|rated|
|rule|HP Percentage Mod: HP is shown in percentages
|rule|Endless Battle Clause: Forcing endless battles is banned
|clearpoke
|poke|p1|Arceus-*|
|poke|p1|Zacian-*|
|poke|p1|Necrozma-Dusk-Mane|
|poke|p1|Lugia|
|poke|p1|Eternatus|
|poke|p1|Arceus-*|
|poke|p2|Rayquaza|
|poke|p2|Groudon|
|poke|p2|Necrozma-Dusk-Mane|
|poke|p2|Arceus-*|
|poke|p2|Arceus-*|
|poke|p2|Arceus-*|
|teampreview
|inactive|Battle timer is ON: inactive players will automatically lose when time's up. (requested by caprisong)
|
|t:|1662003514
|start
|switch|p1a: UNDER THE SUN|Necrozma-Dusk-Mane, shiny|100/100
|switch|p2a: 乱杀P古|Arceus-Ground|100/100
|turn|1
|
|t:|1662003531
|move|p2a: 乱杀P古|Judgment|p1a: UNDER THE SUN
|-supereffective|p1a: UNDER THE SUN
|-damage|p1a: UNDER THE SUN|23/100
|move|p1a: UNDER THE SUN|Toxic|p2a: 乱杀P古
|-status|p2a: 乱杀P古|tox
|
|-damage|p2a: 乱杀P古|94/100 tox|[from] psn
|upkeep
|turn|2
|
|t:|1662003536
|switch|p1a: SECRET THREAD|Lugia, shiny|100/100
|move|p2a: 乱杀P古|Ice Beam|p1a: SECRET THREAD
|-supereffective|p1a: SECRET THREAD
|-damage|p1a: SECRET THREAD|81/100
|
|-damage|p2a: 乱杀P古|82/100 tox|[from] psn
|upkeep
|turn|3
|
|t:|1662003542
|move|p2a: 乱杀P古|Ice Beam|p1a: SECRET THREAD
|-supereffective|p1a: SECRET THREAD
|-damage|p1a: SECRET THREAD|43/100
|move|p1a: SECRET THREAD|Roost|p1a: SECRET THREAD
|-heal|p1a: SECRET THREAD|93/100
|-singleturn|p1a: SECRET THREAD|move: Roost
|
|-damage|p2a: 乱杀P古|64/100 tox|[from] psn
|upkeep
|turn|4
|
|t:|1662003547
|switch|p1a: MELTED WINGS|Eternatus|100/100
|-ability|p1a: MELTED WINGS|Pressure
|move|p2a: 乱杀P古|Ice Beam|p1a: MELTED WINGS
|-supereffective|p1a: MELTED WINGS
|-damage|p1a: MELTED WINGS|43/100
|
|-damage|p2a: 乱杀P古|40/100 tox|[from] psn
|upkeep
|turn|5
|
|t:|1662003553
|move|p1a: MELTED WINGS|Dynamax Cannon|p2a: 乱杀P古
|-damage|p2a: 乱杀P古|0 fnt
|faint|p2a: 乱杀P古
|-damage|p1a: MELTED WINGS|34/100|[from] item: Life Orb
|
|upkeep
|
|t:|1662003557
|switch|p2a: 烈龙无敌|Rayquaza, shiny|100/100
|-ability|p2a: 烈龙无敌|Air Lock
|turn|6
|
|t:|1662003562
|switch|p1a: UNDER THE SUN|Necrozma-Dusk-Mane, shiny|23/100
|detailschange|p2a: 烈龙无敌|Rayquaza-Mega, shiny
|-mega|p2a: 烈龙无敌|Rayquaza|
|-weather|DeltaStream|[from] ability: Delta Stream|[of] p2a: 烈龙无敌
|move|p2a: 烈龙无敌|Dragon Dance|p2a: 烈龙无敌
|-boost|p2a: 烈龙无敌|atk|1
|-boost|p2a: 烈龙无敌|spe|1
|
|-weather|DeltaStream|[upkeep]
|upkeep
|turn|7
|
|t:|1662003565
|move|p2a: 烈龙无敌|Earthquake|p1a: UNDER THE SUN
|-supereffective|p1a: UNDER THE SUN
|-damage|p1a: UNDER THE SUN|0 fnt
|faint|p1a: UNDER THE SUN
|
|-weather|DeltaStream|[upkeep]
|upkeep
|
|t:|1662003584
|switch|p1a: DIRTY DESERT DREAM|Arceus-Ground|100/100
|turn|8
|
|t:|1662003590
|move|p2a: 烈龙无敌|Dragon Ascent|p1a: DIRTY DESERT DREAM
|-damage|p1a: DIRTY DESERT DREAM|31/100
|-unboost|p2a: 烈龙无敌|def|1
|-unboost|p2a: 烈龙无敌|spd|1
|move|p1a: DIRTY DESERT DREAM|Toxic|p2a: 烈龙无敌|[miss]
|-miss|p1a: DIRTY DESERT DREAM|p2a: 烈龙无敌
|
|-weather|DeltaStream|[upkeep]
|upkeep
|turn|9
|
|t:|1662003598
|move|p2a: 烈龙无敌|Earthquake|p1a: DIRTY DESERT DREAM
|-damage|p1a: DIRTY DESERT DREAM|0 fnt
|faint|p1a: DIRTY DESERT DREAM
|
|-weather|DeltaStream|[upkeep]
|upkeep
|
|t:|1662003600
|switch|p1a: SECRET THREAD|Lugia, shiny|93/100
|turn|10
|
|t:|1662003602
|move|p2a: 烈龙无敌|Dragon Ascent|p1a: SECRET THREAD
|-damage|p1a: SECRET THREAD|26/100
|-unboost|p2a: 烈龙无敌|def|1
|-unboost|p2a: 烈龙无敌|spd|1
|move|p1a: SECRET THREAD|Ice Beam|p2a: 烈龙无敌
|-activate||deltastream
|-supereffective|p2a: 烈龙无敌
|-damage|p2a: 烈龙无敌|43/100
|
|-weather|DeltaStream|[upkeep]
|upkeep
|turn|11
|-message|caprisong forfeited.
|
|win|CLEAR GEM清瑜
|raw|caprisong's rating: 1726 &rarr; <strong>1706</strong><br />(-20 for losing)
|raw|CLEAR GEM清瑜's rating: 1721 &rarr; <strong>1741</strong><br />(+20 for winning)
|l|☆caprisong
||Ladder isn't responding, score probably updated but might not have (Request timeout).
