|j|☆85792195wwww
|j|☆dasort
|player|p1|85792195wwww|lady|1770
|player|p2|dasort|marlon|1658
|teamsize|p1|6
|teamsize|p2|6
|gametype|singles
|gen|8
|tier|[Gen 8] National Dex AG
|rated|
|clearpoke
|poke|p1|Rayquaza|
|poke|p1|Zacian-Crowned|
|poke|p1|Ditto|
|poke|p1|Kyogre|
|poke|p1|Excadrill, F|
|poke|p1|Arceus-*|
|poke|p2|Zacian-Crowned|
|poke|p2|Rayquaza|
|poke|p2|Ditto|
|poke|p2|Xerneas|
|poke|p2|Ho-Oh|
|poke|p2|Necrozma-Dusk-Mane|
|rule|HP Percentage Mod: HP is shown in percentages
|rule|Endless Battle Clause: Forcing endless battles is banned
|teampreview
|inactive|Battle timer is ON: inactive players will automatically lose when time's up. (requested by dasort)
|
|start
|switch|p1a: Excadrill|Excadrill, F|100/100
|switch|p2a: Rayquaza|Rayquaza|100/100
|-ability|p2a: Rayquaza|Air Lock
|-ability|p1a: Excadrill|Mold Breaker
|turn|1
|
|detailschange|p2a: Rayquaza|Rayquaza-Mega
|-mega|p2a: Rayquaza|Rayquaza|
|-weather|DeltaStream|[from] ability: Delta Stream|[of] p2a: Rayquaza
|move|p2a: Rayquaza|Dragon Ascent|p1a: Excadrill
|-resisted|p1a: Excadrill
|-damage|p1a: Excadrill|41/100
|-unboost|p2a: Rayquaza|def|1
|-unboost|p2a: Rayquaza|spd|1
|move|p1a: Excadrill|Stealth Rock|p2a: Rayquaza
|-sidestart|p2: dasort|move: Stealth Rock
|
|-weather|DeltaStream|[upkeep]
|upkeep
|turn|2
|
|move|p2a: Rayquaza|Dragon Ascent|p1a: Excadrill
|-resisted|p1a: Excadrill
|-damage|p1a: Excadrill|0 fnt
|-unboost|p2a: Rayquaza|def|1
|-unboost|p2a: Rayquaza|spd|1
|faint|p1a: Excadrill
|
|-weather|DeltaStream|[upkeep]
|upkeep
|inactive|85792195wwww has 120 seconds left.
|
|switch|p1a: Zacian|Zacian-Crowned|100/100
|-ability|p1a: Zacian|Intrepid Sword|boost
|-boost|p1a: Zacian|atk|1
|turn|3
|inactive|85792195wwww has 120 seconds left.
|
|-weather|none
|switch|p2a: Necrozma|Necrozma-Dusk-Mane|100/100
|-damage|p2a: Necrozma|94/100|[from] Stealth Rock
|move|p1a: Zacian|Behemoth Blade|p2a: Necrozma
|-resisted|p2a: Necrozma
|-damage|p2a: Necrozma|66/100
|
|-heal|p2a: Necrozma|72/100|[from] item: Leftovers
|upkeep
|turn|4
|inactive|85792195wwww has 120 seconds left.
|
|switch|p1a: Kyogre|Kyogre|100/100
|detailschange|p1a: Kyogre|Kyogre-Primal
|-primal|p1a: Kyogre
|-weather|PrimordialSea|[from] ability: Primordial Sea|[of] p1a: Kyogre
|move|p2a: Necrozma|Stealth Rock|p1a: Kyogre
|-sidestart|p1: 85792195wwww|move: Stealth Rock
|
|-weather|PrimordialSea|[upkeep]
|-heal|p2a: Necrozma|78/100|[from] item: Leftovers
|upkeep
|turn|5
|inactive|85792195wwww has 120 seconds left.
|
|switch|p2a: Rayquaza|Rayquaza-Mega|100/100
|-damage|p2a: Rayquaza|76/100|[from] Stealth Rock
|-weather|DeltaStream|[from] ability: Delta Stream|[of] p2a: Rayquaza
|move|p1a: Kyogre|Ice Beam|p2a: Rayquaza
|-activate||deltastream
|-supereffective|p2a: Rayquaza
|-damage|p2a: Rayquaza|0 fnt
|faint|p2a: Rayquaza
|-weather|none
|
|upkeep
|inactive|dasort has 120 seconds left.
|
|switch|p2a: Zacian|Zacian-Crowned|100/100
|-damage|p2a: Zacian|94/100|[from] Stealth Rock
|-ability|p2a: Zacian|Intrepid Sword|boost
|-boost|p2a: Zacian|atk|1
|turn|6
|
|switch|p1a: Zacian|Zacian-Crowned|100/100
|-damage|p1a: Zacian|94/100|[from] Stealth Rock
|-ability|p1a: Zacian|Intrepid Sword|boost
|-boost|p1a: Zacian|atk|1
|move|p2a: Zacian|Wild Charge|p1a: Zacian
|-damage|p1a: Zacian|38/100
|-damage|p2a: Zacian|80/100|[from] Recoil
|
|upkeep
|turn|7
|
|switch|p2a: Necrozma|Necrozma-Dusk-Mane|78/100
|-damage|p2a: Necrozma|72/100|[from] Stealth Rock
|move|p1a: Zacian|Behemoth Blade|p2a: Necrozma
|-resisted|p2a: Necrozma
|-damage|p2a: Necrozma|45/100
|
|-heal|p2a: Necrozma|52/100|[from] item: Leftovers
|upkeep
|turn|8
|inactive|dasort has 120 seconds left.
|
|switch|p1a: Kyogre|Kyogre-Primal|100/100
|-damage|p1a: Kyogre|88/100|[from] Stealth Rock
|-weather|PrimordialSea|[from] ability: Primordial Sea|[of] p1a: Kyogre
|move|p2a: Necrozma|Morning Sun|p2a: Necrozma
|-heal|p2a: Necrozma|76/100
|
|-weather|PrimordialSea|[upkeep]
|-heal|p2a: Necrozma|82/100|[from] item: Leftovers
|upkeep
|turn|9
|
|move|p1a: Kyogre|Water Spout|p2a: Necrozma
|-damage|p2a: Necrozma|0 fnt
|faint|p2a: Necrozma
|
|-weather|PrimordialSea|[upkeep]
|upkeep
|
|switch|p2a: Zacian|Zacian-Crowned|80/100
|-damage|p2a: Zacian|74/100|[from] Stealth Rock
|-ability|p2a: Zacian|Intrepid Sword|boost
|-boost|p2a: Zacian|atk|1
|turn|10
|
|move|p2a: Zacian|Wild Charge|p1a: Kyogre
|-supereffective|p1a: Kyogre
|-damage|p1a: Kyogre|0 fnt
|-damage|p2a: Zacian|49/100|[from] Recoil
|faint|p1a: Kyogre
|-weather|none
|
|upkeep
|
|switch|p1a: Ditto|Ditto|100/100
|-damage|p1a: Ditto|88/100|[from] Stealth Rock
|-transform|p1a: Ditto|p2a: Zacian|[from] ability: Imposter
|-ability|p1a: Ditto|Intrepid Sword|boost
|-boost|p1a: Ditto|atk|1
|turn|11
|
|move|p1a: Ditto|Wild Charge|p2a: Zacian
|-damage|p2a: Zacian|0 fnt
|-damage|p1a: Ditto|75/100|[from] Recoil
|faint|p2a: Zacian
|
|upkeep
|inactive|dasort has 120 seconds left.
|inactive|dasort has 90 seconds left.
|
|switch|p2a: Xerneas|Xerneas|100/100
|-damage|p2a: Xerneas|88/100|[from] Stealth Rock
|-ability|p2a: Xerneas|Fairy Aura
|turn|12
|inactive|dasort has 90 seconds left.
|
|-start|p2a: Xerneas|Dynamax
|-heal|p2a: Xerneas|88/100|[silent]
|move|p1a: Ditto|Wild Charge|p2a: Xerneas
|-damage|p2a: Xerneas|56/100
|-damage|p1a: Ditto|54/100|[from] Recoil
|move|p2a: Xerneas|Max Flare|p1a: Ditto
|-supereffective|p1a: Ditto
|-damage|p1a: Ditto|0 fnt
|-weather|SunnyDay
|faint|p1a: Ditto
|
|-weather|SunnyDay|[upkeep]
|upkeep
|inactive|85792195wwww has 120 seconds left.
|
|switch|p1a: Zacian|Zacian-Crowned|38/100
|-damage|p1a: Zacian|32/100|[from] Stealth Rock
|-ability|p1a: Zacian|Intrepid Sword|boost
|-boost|p1a: Zacian|atk|1
|turn|13
|inactive|85792195wwww has 120 seconds left.
|
|move|p1a: Zacian|Substitute|p1a: Zacian
|-start|p1a: Zacian|Substitute
|-damage|p1a: Zacian|7/100
|move|p2a: Xerneas|Max Starfall|p1a: Zacian
|-resisted|p1a: Zacian
|-end|p1a: Zacian|Substitute
|-fieldstart|move: Misty Terrain
|
|-weather|SunnyDay|[upkeep]
|upkeep
|turn|14
|
|move|p1a: Zacian|Wild Charge|p2a: Xerneas
|-damage|p2a: Xerneas|30/100
|-damage|p1a: Zacian|0 fnt|[from] Recoil
|faint|p1a: Zacian
|move|p2a: Xerneas|Max Starfall|p1: Zacian|[notarget]
|-fail|p2a: Xerneas
|
|-weather|SunnyDay|[upkeep]
|-end|p2a: Xerneas|Dynamax
|-heal|p2a: Xerneas|30/100|[silent]
|upkeep
|inactive|85792195wwww has 120 seconds left.
|
|switch|p1a: Rayquaza|Rayquaza|100/100
|-damage|p1a: Rayquaza|76/100|[from] Stealth Rock
|-ability|p1a: Rayquaza|Air Lock
|turn|15
|
|detailschange|p1a: Rayquaza|Rayquaza-Mega
|-mega|p1a: Rayquaza|Rayquaza|
|-weather|DeltaStream|[from] ability: Delta Stream|[of] p1a: Rayquaza
|move|p1a: Rayquaza|Earthquake|p2a: Xerneas
|-damage|p2a: Xerneas|0 fnt
|-damage|p1a: Rayquaza|66/100|[from] item: Life Orb
|faint|p2a: Xerneas
|
|-weather|DeltaStream|[upkeep]
|upkeep
|inactive|dasort has 90 seconds left.
|
|switch|p2a: Ditto|Ditto, shiny|100/100
|-damage|p2a: Ditto|88/100|[from] Stealth Rock
|-transform|p2a: Ditto|p1a: Rayquaza|[from] ability: Imposter
|turn|16
|
|move|p1a: Rayquaza|Extreme Speed|p2a: Ditto
|-damage|p2a: Ditto|27/100
|-damage|p1a: Rayquaza|56/100|[from] item: Life Orb
|move|p2a: Ditto|Dragon Ascent|p1a: Rayquaza
|-damage|p1a: Rayquaza|0 fnt
|-unboost|p2a: Ditto|def|1
|-unboost|p2a: Ditto|spd|1
|faint|p1a: Rayquaza
|
|-weather|DeltaStream|[upkeep]
|upkeep
|
|switch|p1a: Arceus|Arceus|100/100
|-damage|p1a: Arceus|88/100|[from] Stealth Rock
|turn|17
|
|move|p1a: Arceus|Extreme Speed|p2a: Ditto
|-damage|p2a: Ditto|0 fnt
|-damage|p1a: Arceus|78/100|[from] item: Life Orb
|faint|p2a: Ditto
|-weather|none
|
|-fieldend|Misty Terrain
|upkeep
|
|switch|p2a: Ho-Oh|Ho-Oh|100/100
|turn|18
|
|move|p1a: Arceus|Substitute|p1a: Arceus
|-start|p1a: Arceus|Substitute
|-damage|p1a: Arceus|53/100
|move|p2a: Ho-Oh|Sacred Fire|p1a: Arceus
|-crit|p1a: Arceus
|-end|p1a: Arceus|Substitute
|
|upkeep
|turn|19
|
|-start|p1a: Arceus|Dynamax
|-heal|p1a: Arceus|53/100|[silent]
|move|p1a: Arceus|Max Strike|p2a: Ho-Oh
|-damage|p2a: Ho-Oh|38/100
|-unboost|p2a: Ho-Oh|spe|1
|-damage|p1a: Arceus|48/100|[from] item: Life Orb
|move|p2a: Ho-Oh|Sacred Fire|p1a: Arceus
|-damage|p1a: Arceus|32/100
|
|upkeep
|turn|20
|
|move|p1a: Arceus|Max Strike|p2a: Ho-Oh
|-damage|p2a: Ho-Oh|0 fnt
|-damage|p1a: Arceus|27/100|[from] item: Life Orb
|faint|p2a: Ho-Oh
|
|win|85792195wwww
|l|☆dasort
|raw|85792195wwww's rating: 1770 &rarr; <strong>1784</strong><br />(+14 for winning)
|raw|dasort's rating: 1659 &rarr; <strong>1645</strong><br />(-14 for losing)
