|j|☆Solar power duel
|j|☆c u soon boi
|t:|1667535369
|gametype|singles
|player|p1|Solar power duel|alain|1669
|player|p2|c u soon boi|266|1780
|teamsize|p1|6
|teamsize|p2|6
|gen|8
|tier|[Gen 8] National Dex AG
|rated|
|rule|HP Percentage Mod: HP is shown in percentages
|rule|Endless Battle Clause: Forcing endless battles is banned
|clearpoke
|poke|p1|Ditto|
|poke|p1|Deoxys-Speed|
|poke|p1|Calyrex-Shadow|
|poke|p1|Yveltal|
|poke|p1|Zacian-*|
|poke|p1|Marshadow|
|poke|p2|Deoxys-Speed|
|poke|p2|Smeargle, M|
|poke|p2|Calyrex-Shadow|
|poke|p2|Marshadow|
|poke|p2|Blastoise, F|
|poke|p2|Butterfree, M|
|teampreview
|inactive|Battle timer is ON: inactive players will automatically lose when time's up. (requested by Solar power duel)
|inactive|Solar power duel has 120 seconds left.
|
|t:|1667535404
|start
|switch|p1a: Deoxys|Deoxys-Speed, shiny|100/100
|switch|p2a: Deoxys|Deoxys-Speed|100/100
|-ability|p2a: Deoxys|Pressure
|-ability|p1a: Deoxys|Pressure
|turn|1
|
|t:|1667535411
|move|p1a: Deoxys|Magic Coat|p1a: Deoxys
|-singleturn|p1a: Deoxys|move: Magic Coat
|move|p2a: Deoxys|Taunt|p1a: Deoxys
|move|p1a: Deoxys|Taunt|p2a: Deoxys|[from]Magic Coat
|-start|p2a: Deoxys|move: Taunt
|
|upkeep
|turn|2
|
|t:|1667535419
|switch|p2a: Butterfree|Butterfree, M|100/100
|move|p1a: Deoxys|Stealth Rock|p2a: Butterfree
|-sidestart|p2: c u soon boi|move: Stealth Rock
|
|upkeep
|turn|3
|
|t:|1667535424
|move|p1a: Deoxys|Taunt|p2a: Butterfree
|-start|p2a: Butterfree|move: Taunt
|cant|p2a: Butterfree|move: Taunt|Sleep Powder
|
|upkeep
|turn|4
|
|t:|1667535434
|move|p1a: Deoxys|Skill Swap|p2a: Butterfree
|-activate|p1a: Deoxys|move: Skill Swap|Compound Eyes|Pressure|[of] p2a: Butterfree
|-ability|p2a: Butterfree|Pressure
|move|p2a: Butterfree|Bug Buzz|p1a: Deoxys
|-supereffective|p1a: Deoxys
|-enditem|p1a: Deoxys|Focus Sash
|-damage|p1a: Deoxys|1/100
|-unboost|p1a: Deoxys|spd|1
|
|upkeep
|turn|5
|
|t:|1667535444
|move|p1a: Deoxys|Magic Coat|p1a: Deoxys
|-singleturn|p1a: Deoxys|move: Magic Coat
|move|p2a: Butterfree|Bug Buzz|p1a: Deoxys
|-supereffective|p1a: Deoxys
|-damage|p1a: Deoxys|0 fnt
|faint|p1a: Deoxys
|
|-end|p2a: Butterfree|move: Taunt
|upkeep
|
|t:|1667535468
|switch|p1a: Zacian|Zacian-Crowned, shiny|100/100
|-ability|p1a: Zacian|Intrepid Sword|boost
|-boost|p1a: Zacian|atk|1
|turn|6
|
|t:|1667535472
|move|p1a: Zacian|Substitute|p1a: Zacian
|-start|p1a: Zacian|Substitute
|-damage|p1a: Zacian|76/100
|move|p2a: Butterfree|Sleep Powder||[still]
|-fail|p2a: Butterfree
|
|upkeep
|turn|7
|
|t:|1667535479
|move|p1a: Zacian|Psychic Fangs|p2a: Butterfree
|-enditem|p2a: Butterfree|Focus Sash
|-damage|p2a: Butterfree|1/100
|move|p2a: Butterfree|Bug Buzz|p1a: Zacian
|-resisted|p1a: Zacian
|-damage|p1a: Zacian|67/100
|
|upkeep
|turn|8
|inactive|Solar power duel has 120 seconds left.
|inactive|Solar power duel has 90 seconds left.
|
|t:|1667535541
|move|p1a: Zacian|Psychic Fangs|p2a: Butterfree
|-damage|p2a: Butterfree|0 fnt
|faint|p2a: Butterfree
|
|upkeep
|inactive|c u soon boi has 120 seconds left.
|
|t:|1667535585
|switch|p2a: Calyrex|Calyrex-Shadow|100/100
|-ability|p2a: Calyrex|As One
|-ability|p2a: Calyrex|Unnerve
|-damage|p2a: Calyrex|88/100|[from] Stealth Rock
|turn|9
|
|t:|1667535596
|move|p2a: Calyrex|Astral Barrage|p1a: Zacian
|-end|p1a: Zacian|Substitute
|move|p1a: Zacian|Behemoth Blade|p2a: Calyrex
|-damage|p2a: Calyrex|0 fnt
|faint|p2a: Calyrex
|
|upkeep
|
|t:|1667535617
|switch|p2a: Deoxys|Deoxys-Speed|100/100
|-damage|p2a: Deoxys|88/100|[from] Stealth Rock
|-ability|p2a: Deoxys|Pressure
|turn|10
|
|t:|1667535621
|move|p2a: Deoxys|Thunder Wave|p1a: Zacian
|-status|p1a: Zacian|par
|move|p1a: Zacian|Behemoth Blade|p2a: Deoxys
|-damage|p2a: Deoxys|0 fnt
|faint|p2a: Deoxys
|
|upkeep
|
|t:|1667535628
|switch|p2a: Smeargle|Smeargle, M|100/100
|-damage|p2a: Smeargle|88/100|[from] Stealth Rock
|turn|11
|
|t:|1667535632
|move|p2a: Smeargle|Sticky Web|p1a: Zacian
|-sidestart|p1: Solar power duel|move: Sticky Web
|move|p1a: Zacian|Behemoth Blade|p2a: Smeargle
|-damage|p2a: Smeargle|0 fnt
|faint|p2a: Smeargle
|
|upkeep
|inactive|c u soon boi has 120 seconds left.
|
|t:|1667535638
|switch|p2a: Blastoise|Blastoise, F|100/100
|-damage|p2a: Blastoise|88/100|[from] Stealth Rock
|turn|12
|
|t:|1667535642
|move|p2a: Blastoise|Shell Smash|p2a: Blastoise
|-unboost|p2a: Blastoise|def|1
|-unboost|p2a: Blastoise|spd|1
|-boost|p2a: Blastoise|atk|2
|-boost|p2a: Blastoise|spa|2
|-boost|p2a: Blastoise|spe|2
|-enditem|p2a: Blastoise|White Herb
|-clearnegativeboost|p2a: Blastoise|[silent]
|move|p1a: Zacian|Behemoth Blade|p2a: Blastoise
|-resisted|p2a: Blastoise
|-damage|p2a: Blastoise|23/100
|
|upkeep
|turn|13
|inactive|c u soon boi has 120 seconds left.
|c|☆Solar power duel|Gg??
|
|t:|1667535670
|-start|p2a: Blastoise|Dynamax|Gmax
|-heal|p2a: Blastoise|23/100|[silent]
|move|p2a: Blastoise|G-Max Cannonade|p1a: Zacian
|-damage|p1a: Zacian|0 fnt
|-sidestart|p1: Solar power duel|G-Max Cannonade
|faint|p1a: Zacian
|
|upkeep
|-message|c u soon boi forfeited.
|
|win|Solar power duel
|raw|Solar power duel's rating: 1669 &rarr; <strong>1695</strong><br />(+26 for winning)
|raw|c u soon boi's rating: 1780 &rarr; <strong>1754</strong><br />(-26 for losing)
|l|☆c u soon boi
