|j|☆bruhbruhlol9
|j|☆theChikunEater
|t:|1665611055
|gametype|singles
|player|p1|bruhbruhlol9|hilbert-wonderlauncher|1337
|player|p2|theChikunEater|flannery|1335
|teamsize|p1|6
|teamsize|p2|6
|gen|8
|tier|[Gen 8] National Dex AG
|rated|
|rule|HP Percentage Mod: HP is shown in percentages
|rule|Endless Battle Clause: Forcing endless battles is banned
|clearpoke
|poke|p1|Wobbuffet, M|
|poke|p1|Golduck, F|
|poke|p1|Lopunny, F|
|poke|p1|Marshadow|
|poke|p1|Ditto|
|poke|p1|Magearna|
|poke|p2|Shuckle, L1, F|
|poke|p2|Sableye, F|
|poke|p2|Heatran, M|
|poke|p2|Gyarados, M|
|poke|p2|Groudon|
|poke|p2|Blacephalon|
|teampreview
|inactive|Battle timer is ON: inactive players will automatically lose when time's up. (requested by theChikunEater)
|inactive|bruhbruhlol9 also wants the timer to be on.
|c|☆theChikunEater|glhf
|
|t:|1665611065
|start
|switch|p1a: Lopunny|Lopunny, F|100/100
|switch|p2a: Shuckle|Shuckle, L1, F|100/100
|turn|1
|c|☆bruhbruhlol9|gl hf
|
|t:|1665611074
|detailschange|p1a: Lopunny|Lopunny-Mega, F
|-mega|p1a: Lopunny|Lopunny|Lopunnite
|move|p1a: Lopunny|Fake Out|p2a: Shuckle
|-resisted|p2a: Shuckle
|-ability|p2a: Shuckle|Sturdy
|-damage|p2a: Shuckle|10/100
|-enditem|p2a: Shuckle|Berry Juice
|-heal|p2a: Shuckle|100/100|[from] item: Berry Juice
|cant|p2a: Shuckle|flinch
|
|upkeep
|turn|2
|
|t:|1665611079
|move|p1a: Lopunny|Double Kick|p2a: Shuckle
|-ability|p2a: Shuckle|Sturdy
|-damage|p2a: Shuckle|10/100
|-damage|p2a: Shuckle|0 fnt
|faint|p2a: Shuckle
|-hitcount|p2: Shuckle|2
|
|upkeep
|
|t:|1665611083
|switch|p2a: Sableye|Sableye, F|100/100
|turn|3
|c|☆bruhbruhlol9|I come prepared for smeargle/shuckle
|
|t:|1665611101
|move|p2a: Sableye|Will-O-Wisp|p1a: Lopunny
|-status|p1a: Lopunny|brn
|move|p1a: Lopunny|High Jump Kick|p2a: Sableye
|-supereffective|p2a: Sableye
|-damage|p2a: Sableye|18/100
|
|-damage|p1a: Lopunny|95/100 brn|[from] brn
|upkeep
|turn|4
|c|☆theChikunEater|indeed
|
|t:|1665611111
|move|p2a: Sableye|Disable|p1a: Lopunny
|-start|p1a: Lopunny|Disable|High Jump Kick
|move|p1a: Lopunny|Double Kick|p2a: Sableye
|-supereffective|p2a: Sableye
|-damage|p2a: Sableye|0 fnt
|faint|p2a: Sableye
|-hitcount|p2: Sableye|1
|
|-damage|p1a: Lopunny|89/100 brn|[from] brn
|upkeep
|
|t:|1665611123
|switch|p2a: Gyarados|Gyarados, M|100/100
|turn|5
|
|t:|1665611127
|move|p1a: Lopunny|Frustration|p2a: Gyarados
|-damage|p2a: Gyarados|64/100
|move|p2a: Gyarados|Dragon Dance|p2a: Gyarados
|-boost|p2a: Gyarados|atk|1
|-boost|p2a: Gyarados|spe|1
|
|-damage|p1a: Lopunny|83/100 brn|[from] brn
|upkeep
|turn|6
|
|t:|1665611132
|-start|p2a: Gyarados|Dynamax|
|-heal|p2a: Gyarados|64/100|[silent]
|move|p1a: Lopunny|Frustration|p2a: Gyarados
|-damage|p2a: Gyarados|47/100
|move|p2a: Gyarados|Max Hailstorm|p1a: Lopunny
|-damage|p1a: Lopunny|0 fnt
|-weather|Hail
|faint|p1a: Lopunny
|-ability|p2a: Gyarados|Moxie|boost
|-boost|p2a: Gyarados|atk|1
|
|-weather|Hail|[upkeep]
|-damage|p2a: Gyarados|44/100|[from] Hail
|upkeep
|
|t:|1665611140
|switch|p1a: Ditto|Ditto|100/100
|-transform|p1a: Ditto|p2a: Gyarados|[from] ability: Imposter
|turn|7
|
|t:|1665611146
|move|p1a: Ditto|Power Whip|p2a: Gyarados
|-damage|p2a: Gyarados|0 fnt
|faint|p2a: Gyarados
|-ability|p1a: Ditto|Moxie|boost
|-boost|p1a: Ditto|atk|1
|
|-weather|Hail|[upkeep]
|-damage|p1a: Ditto|94/100|[from] Hail
|upkeep
|c|☆bruhbruhlol9|gg
|
|t:|1665611162
|switch|p2a: Groudon|Groudon|100/100
|detailschange|p2a: Groudon|Groudon-Primal
|-primal|p2a: Groudon
|-weather|DesolateLand|[from] ability: Desolate Land|[of] p2a: Groudon
|turn|8
|
|t:|1665611169
|move|p1a: Ditto|Power Whip|p2a: Groudon
|-damage|p2a: Groudon|27/100
|move|p2a: Groudon|Heat Crash|p1a: Ditto
|-resisted|p1a: Ditto
|-damage|p1a: Ditto|17/100
|
|-weather|DesolateLand|[upkeep]
|upkeep
|turn|9
|
|t:|1665611174
|move|p1a: Ditto|Power Whip|p2a: Groudon
|-damage|p2a: Groudon|0 fnt
|faint|p2a: Groudon
|-weather|none
|-ability|p1a: Ditto|Moxie|boost
|-boost|p1a: Ditto|atk|1
|
|upkeep
|
|t:|1665611176
|switch|p2a: Blacephalon|Blacephalon|100/100
|turn|10
|
|t:|1665611181
|-start|p1a: Ditto|Dynamax|
|-heal|p1a: Ditto|17/100|[silent]
|move|p1a: Ditto|Max Geyser|p2a: Blacephalon
|-supereffective|p2a: Blacephalon
|-enditem|p2a: Blacephalon|Focus Sash
|-damage|p2a: Blacephalon|1/100
|-weather|RainDance
|move|p2a: Blacephalon|Shadow Ball|p1a: Ditto
|-damage|p1a: Ditto|0 fnt
|faint|p1a: Ditto
|-ability|p2a: Blacephalon|Beast Boost|boost
|-boost|p2a: Blacephalon|spa|1
|
|-weather|RainDance|[upkeep]
|upkeep
|
|t:|1665611187
|switch|p1a: Marshadow|Marshadow|100/100
|turn|11
|
|t:|1665611189
|move|p1a: Marshadow|Shadow Sneak|p2a: Blacephalon
|-supereffective|p2a: Blacephalon
|-crit|p2a: Blacephalon
|-damage|p2a: Blacephalon|0 fnt
|faint|p2a: Blacephalon
|
|-weather|RainDance|[upkeep]
|upkeep
|
|t:|1665611191
|switch|p2a: Heatran|Heatran, M|100/100
|turn|12
|c|☆theChikunEater|gg
|
|t:|1665611199
|move|p1a: Marshadow|Close Combat|p2a: Heatran
|-supereffective|p2a: Heatran
|-damage|p2a: Heatran|0 fnt
|-unboost|p1a: Marshadow|def|1
|-unboost|p1a: Marshadow|spd|1
|faint|p2a: Heatran
|
|win|bruhbruhlol9
|raw|bruhbruhlol9's rating: 1337 &rarr; <strong>1357</strong><br />(+20 for winning)
|raw|theChikunEater's rating: 1335 &rarr; <strong>1315</strong><br />(-20 for losing)
|c|☆theChikunEater|wanna rematch
|c|☆bruhbruhlol9|suuure
|l|☆theChikunEater
|l|☆bruhbruhlol9
||Ladder isn't responding, score probably updated but might not have (Request timeout).
|j|☆bruhbruhlol9
|player|p1|bruhbruhlol9|hilbert-wonderlauncher
