|j|☆cosmowarriorzero
|j|☆ReactJS3
|t:|1660027417
|gametype|singles
|player|p1|cosmowarriorzero|1|1785
|player|p2|ReactJS3|266|1879
|teamsize|p1|6
|teamsize|p2|6
|gen|8
|tier|[Gen 8] National Dex AG
|rated|
|rule|HP Percentage Mod: HP is shown in percentages
|rule|Endless Battle Clause: Forcing endless battles is banned
|clearpoke
|poke|p1|Deoxys-Speed|
|poke|p1|Arceus-*|
|poke|p1|Arceus-*|
|poke|p1|Arceus-*|
|poke|p1|Arceus-*|
|poke|p1|Arceus-*|
|poke|p2|Rayquaza|
|poke|p2|Zacian-*|
|poke|p2|Yveltal|
|poke|p2|Groudon|
|poke|p2|Ho-Oh|
|poke|p2|Ditto|
|teampreview
|
|t:|1660027422
|start
|switch|p1a: Deoxys|Deoxys-Speed|100/100
|switch|p2a: Rayquaza|Rayquaza|100/100
|-ability|p1a: Deoxys|Pressure
|-ability|p2a: Rayquaza|Air Lock
|turn|1
|
|t:|1660027427
|detailschange|p2a: Rayquaza|Rayquaza-Mega
|-mega|p2a: Rayquaza|Rayquaza|
|-weather|DeltaStream|[from] ability: Delta Stream|[of] p2a: Rayquaza
|move|p1a: Deoxys|Reflect|p1a: Deoxys
|-sidestart|p1: cosmowarriorzero|Reflect
|move|p2a: Rayquaza|Dragon Ascent|p1a: Deoxys
|-damage|p1a: Deoxys|48/100
|-unboost|p2a: Rayquaza|def|1
|-unboost|p2a: Rayquaza|spd|1
|
|-weather|DeltaStream|[upkeep]
|upkeep
|turn|2
|inactive|Battle timer is ON: inactive players will automatically lose when time's up. (requested by ReactJS3)
|
|t:|1660027436
|move|p1a: Deoxys|Stealth Rock|p2a: Rayquaza
|-sidestart|p2: ReactJS3|move: Stealth Rock
|move|p2a: Rayquaza|Dragon Ascent|p1a: Deoxys
|-damage|p1a: Deoxys|0 fnt
|-unboost|p2a: Rayquaza|def|1
|-unboost|p2a: Rayquaza|spd|1
|faint|p1a: Deoxys
|
|-weather|DeltaStream|[upkeep]
|upkeep
|
|t:|1660027439
|switch|p1a: Arceus|Arceus-Steel|100/100
|turn|3
|inactive|ReactJS3 has 120 seconds left.
|
|t:|1660027476
|move|p2a: Rayquaza|Dragon Dance|p2a: Rayquaza
|-boost|p2a: Rayquaza|atk|1
|-boost|p2a: Rayquaza|spe|1
|move|p1a: Arceus|Calm Mind|p1a: Arceus
|-boost|p1a: Arceus|spa|1
|-boost|p1a: Arceus|spd|1
|
|-weather|DeltaStream|[upkeep]
|upkeep
|turn|4
|inactive|ReactJS3 has 120 seconds left.
|
|t:|1660027485
|move|p2a: Rayquaza|V-create|p1a: Arceus
|-supereffective|p1a: Arceus
|-damage|p1a: Arceus|28/100
|-unboost|p2a: Rayquaza|spe|1
|-unboost|p2a: Rayquaza|def|1
|-unboost|p2a: Rayquaza|spd|1
|move|p1a: Arceus|Iron Defense|p1a: Arceus
|-boost|p1a: Arceus|def|2
|
|-weather|DeltaStream|[upkeep]
|upkeep
|turn|5
|
|t:|1660027498
|move|p2a: Rayquaza|V-create|p1a: Arceus
|-supereffective|p1a: Arceus
|-damage|p1a: Arceus|0 fnt
|-unboost|p2a: Rayquaza|spe|1
|-unboost|p2a: Rayquaza|def|1
|-unboost|p2a: Rayquaza|spd|1
|faint|p1a: Arceus
|
|-weather|DeltaStream|[upkeep]
|upkeep
|inactive|cosmowarriorzero has 120 seconds left.
|
|t:|1660027536
|switch|p1a: Arceus|Arceus|100/100
|turn|6
|
|t:|1660027544
|-weather|none
|switch|p2a: Ditto|Ditto|100/100
|-damage|p2a: Ditto|88/100|[from] Stealth Rock
|-transform|p2a: Ditto|p1a: Arceus|[from] ability: Imposter
|move|p1a: Arceus|Extreme Speed|p2a: Ditto
|-damage|p2a: Ditto|46/100
|
|upkeep
|turn|7
|inactive|cosmowarriorzero has 120 seconds left.
|
|t:|1660027552
|switch|p2a: Ho-Oh|Ho-Oh|100/100
|move|p1a: Arceus|Swords Dance|p1a: Arceus
|-boost|p1a: Arceus|atk|2
|
|upkeep
|turn|8
|
|t:|1660027558
|move|p1a: Arceus|Extreme Speed|p2a: Ho-Oh
|-damage|p2a: Ho-Oh|42/100
|move|p2a: Ho-Oh|Defog|p1a: Arceus
|-unboost|p1a: Arceus|evasion|1
|-sideend|p1: cosmowarriorzero|Reflect
|-sideend|p2: ReactJS3|Stealth Rock|[from] move: Defog|[of] p2a: Ho-Oh
|
|upkeep
|turn|9
|
|t:|1660027563
|switch|p2a: Groudon|Groudon|100/100
|detailschange|p2a: Groudon|Groudon-Primal
|-primal|p2a: Groudon
|-weather|DesolateLand|[from] ability: Desolate Land|[of] p2a: Groudon
|move|p1a: Arceus|Extreme Speed|p2a: Groudon
|-damage|p2a: Groudon|63/100
|
|-weather|DesolateLand|[upkeep]
|upkeep
|turn|10
|
|t:|1660027568
|move|p1a: Arceus|Earthquake|p2a: Groudon
|-supereffective|p2a: Groudon
|-damage|p2a: Groudon|0 fnt
|faint|p2a: Groudon
|-weather|none
|
|upkeep
|
|t:|1660027571
|switch|p2a: Zacian|Zacian-Crowned|100/100
|-ability|p2a: Zacian|Intrepid Sword|boost
|-boost|p2a: Zacian|atk|1
|turn|11
|
|t:|1660027581
|move|p2a: Zacian|Close Combat|p1a: Arceus
|-supereffective|p1a: Arceus
|-enditem|p1a: Arceus|Chople Berry|[eat]
|-enditem|p1a: Arceus|Chople Berry|[weaken]
|-damage|p1a: Arceus|49/100
|-unboost|p2a: Zacian|def|1
|-unboost|p2a: Zacian|spd|1
|move|p1a: Arceus|Earthquake|p2a: Zacian
|-supereffective|p2a: Zacian
|-crit|p2a: Zacian
|-damage|p2a: Zacian|0 fnt
|faint|p2a: Zacian
|
|upkeep
|
|t:|1660027587
|switch|p2a: Ditto|Ditto|46/100
|-transform|p2a: Ditto|p1a: Arceus|[from] ability: Imposter
|turn|12
|
|t:|1660027593
|-start|p1a: Arceus|Dynamax|
|-heal|p1a: Arceus|49/100|[silent]
|move|p2a: Ditto|Extreme Speed|p1a: Arceus
|-damage|p1a: Arceus|19/100
|move|p1a: Arceus|Max Strike|p2a: Ditto
|-damage|p2a: Ditto|0 fnt
|faint|p2a: Ditto
|
|upkeep
|
|t:|1660027601
|switch|p2a: Rayquaza|Rayquaza-Mega|100/100
|-weather|DeltaStream|[from] ability: Delta Stream|[of] p2a: Rayquaza
|turn|13
|
|t:|1660027610
|move|p1a: Arceus|Max Guard|p1a: Arceus
|-singleturn|p1a: Arceus|Max Guard
|move|p2a: Rayquaza|Dragon Ascent|p1a: Arceus
|-activate|p1a: Arceus|move: Max Guard
|
|-weather|DeltaStream|[upkeep]
|upkeep
|turn|14
|
|t:|1660027614
|move|p2a: Rayquaza|Dragon Ascent|p1a: Arceus
|-damage|p1a: Arceus|0 fnt
|-unboost|p2a: Rayquaza|def|1
|-unboost|p2a: Rayquaza|spd|1
|faint|p1a: Arceus
|
|-weather|DeltaStream|[upkeep]
|upkeep
|
|t:|1660027624
|switch|p1a: Arceus|Arceus-Fire|100/100
|turn|15
|
|t:|1660027630
|-weather|none
|switch|p2a: Ho-Oh|Ho-Oh|76/100
|move|p1a: Arceus|Ice Beam|p2a: Ho-Oh
|-damage|p2a: Ho-Oh|58/100
|
|upkeep
|turn|16
|
|t:|1660027634
|move|p1a: Arceus|Calm Mind|p1a: Arceus
|-boost|p1a: Arceus|spa|1
|-boost|p1a: Arceus|spd|1
|move|p2a: Ho-Oh|Toxic|p1a: Arceus
|-status|p1a: Arceus|tox
|
|-damage|p1a: Arceus|94/100 tox|[from] psn
|upkeep
|turn|17
|
|t:|1660027642
|move|p1a: Arceus|Thunder|p2a: Ho-Oh|[miss]
|-miss|p1a: Arceus|p2a: Ho-Oh
|move|p2a: Ho-Oh|Sacred Fire|p1a: Arceus
|-resisted|p1a: Arceus
|-damage|p1a: Arceus|76/100 tox
|
|-damage|p1a: Arceus|64/100 tox|[from] psn
|upkeep
|turn|18
|
|t:|1660027649
|-zpower|p1a: Arceus
|move|p1a: Arceus|Inferno Overdrive|p2a: Ho-Oh|[zeffect]
|-resisted|p2a: Ho-Oh
|-damage|p2a: Ho-Oh|15/100
|move|p2a: Ho-Oh|Sacred Fire|p1a: Arceus
|-resisted|p1a: Arceus
|-damage|p1a: Arceus|47/100 tox
|
|-damage|p1a: Arceus|29/100 tox|[from] psn
|upkeep
|turn|19
|
|t:|1660027660
|move|p1a: Arceus|Ice Beam|p2a: Ho-Oh
|-crit|p2a: Ho-Oh
|-damage|p2a: Ho-Oh|0 fnt
|faint|p2a: Ho-Oh
|
|-damage|p1a: Arceus|4/100 tox|[from] psn
|upkeep
|
|t:|1660027663
|switch|p2a: Rayquaza|Rayquaza-Mega|100/100
|-weather|DeltaStream|[from] ability: Delta Stream|[of] p2a: Rayquaza
|turn|20
|
|t:|1660027669
|move|p2a: Rayquaza|Extreme Speed|p1a: Arceus
|-damage|p1a: Arceus|0 fnt
|faint|p1a: Arceus
|
|-weather|DeltaStream|[upkeep]
|upkeep
|
|t:|1660027674
|switch|p1a: Arceus|Arceus-Ground|100/100
|turn|21
|
|t:|1660027682
|move|p1a: Arceus|Stone Edge|p2a: Rayquaza
|-activate||deltastream
|-damage|p2a: Rayquaza|64/100
|move|p2a: Rayquaza|Dragon Dance|p2a: Rayquaza
|-boost|p2a: Rayquaza|atk|1
|-boost|p2a: Rayquaza|spe|1
|
|-weather|DeltaStream|[upkeep]
|upkeep
|turn|22
|
|t:|1660027690
|move|p1a: Arceus|Extreme Speed|p2a: Rayquaza
|-damage|p2a: Rayquaza|36/100
|move|p2a: Rayquaza|Dragon Ascent|p1a: Arceus
|-damage|p1a: Arceus|0 fnt
|-unboost|p2a: Rayquaza|def|1
|-unboost|p2a: Rayquaza|spd|1
|faint|p1a: Arceus
|
|-weather|DeltaStream|[upkeep]
|upkeep
|
|t:|1660027694
|switch|p1a: Arceus|Arceus-Electric|100/100
|turn|23
|
|t:|1660027698
|move|p2a: Rayquaza|V-create|p1a: Arceus
|-damage|p1a: Arceus|0 fnt
|-unboost|p2a: Rayquaza|spe|1
|-unboost|p2a: Rayquaza|def|1
|-unboost|p2a: Rayquaza|spd|1
|faint|p1a: Arceus
|
|win|ReactJS3
|raw|cosmowarriorzero's rating: 1785 &rarr; <strong>1770</strong><br />(-15 for losing)
|raw|ReactJS3's rating: 1879 &rarr; <strong>1894</strong><br />(+15 for winning)
|l|☆ReactJS3
|l|☆cosmowarriorzero
