|j|☆Apprenti Buck
|j|☆rajof
|t:|1662736266
|gametype|singles
|player|p1|Apprenti Buck|ethan|1845
|player|p2|rajof|youngster-gen4|1943
|teamsize|p1|6
|teamsize|p2|6
|gen|8
|tier|[Gen 8] National Dex AG
|rated|
|rule|HP Percentage Mod: HP is shown in percentages
|rule|Endless Battle Clause: Forcing endless battles is banned
|clearpoke
|poke|p1|Toxapex, M|
|poke|p1|Ho-Oh|
|poke|p1|Quagsire, M|
|poke|p1|Giratina|
|poke|p1|Ferrothorn, M|
|poke|p1|Tyranitar, M|
|poke|p2|Arceus-*|
|poke|p2|Ditto|
|poke|p2|Chansey, F|
|poke|p2|Lugia|
|poke|p2|Groudon|
|poke|p2|Arceus-*|
|teampreview
|inactive|Battle timer is ON: inactive players will automatically lose when time's up. (requested by Apprenti Buck)
|
|t:|1662736277
|start
|switch|p1a: Giratina|Giratina|100/100
|switch|p2a: 그란돈|Groudon|100/100
|-ability|p1a: Giratina|Pressure
|detailschange|p2a: 그란돈|Groudon-Primal
|-primal|p2a: 그란돈
|-weather|DesolateLand|[from] ability: Desolate Land|[of] p2a: 그란돈
|turn|1
|
|t:|1662736289
|-weather|none
|switch|p2a: 악르세우스|Arceus-Dark|100/100
|move|p1a: Giratina|Toxic|p2a: 악르세우스|[miss]
|-miss|p1a: Giratina|p2a: 악르세우스
|
|upkeep
|turn|2
|
|t:|1662736299
|switch|p1a: Ho-Oh|Ho-Oh|100/100
|move|p2a: 악르세우스|Calm Mind|p2a: 악르세우스
|-boost|p2a: 악르세우스|spa|1
|-boost|p2a: 악르세우스|spd|1
|
|upkeep
|turn|3
|
|t:|1662736313
|move|p2a: 악르세우스|Judgment|p1a: Ho-Oh
|-damage|p1a: Ho-Oh|62/100
|move|p1a: Ho-Oh|Toxic|p2a: 악르세우스
|-status|p2a: 악르세우스|tox
|
|-damage|p2a: 악르세우스|94/100 tox|[from] psn
|upkeep
|turn|4
|
|t:|1662736317
|move|p2a: 악르세우스|Refresh|p2a: 악르세우스
|-curestatus|p2a: 악르세우스|tox|[msg]
|move|p1a: Ho-Oh|Whirlwind|p2a: 악르세우스
|drag|p2a: 아르세우스|Arceus-Fairy|100/100
|
|upkeep
|turn|5
|
|t:|1662736324
|switch|p2a: 악르세우스|Arceus-Dark|94/100
|move|p1a: Ho-Oh|Toxic|p2a: 악르세우스
|-status|p2a: 악르세우스|tox
|
|-damage|p2a: 악르세우스|88/100 tox|[from] psn
|upkeep
|turn|6
|
|t:|1662736331
|switch|p1a: Ferrothorn|Ferrothorn, M|100/100
|move|p2a: 악르세우스|Refresh|p2a: 악르세우스
|-curestatus|p2a: 악르세우스|tox|[msg]
|
|upkeep
|turn|7
|j| Nate2017
|
|t:|1662736345
|move|p2a: 악르세우스|Judgment|p1a: Ferrothorn
|-damage|p1a: Ferrothorn|71/100
|move|p1a: Ferrothorn|Stealth Rock|p2a: 악르세우스
|-sidestart|p2: rajof|move: Stealth Rock
|
|-heal|p1a: Ferrothorn|77/100|[from] item: Leftovers
|upkeep
|turn|8
|
|t:|1662736353
|move|p2a: 악르세우스|Judgment|p1a: Ferrothorn
|-damage|p1a: Ferrothorn|45/100
|move|p1a: Ferrothorn|Leech Seed|p2a: 악르세우스
|-start|p2a: 악르세우스|move: Leech Seed
|
|-heal|p1a: Ferrothorn|52/100|[from] item: Leftovers
|-damage|p2a: 악르세우스|76/100|[from] Leech Seed|[of] p1a: Ferrothorn
|-heal|p1a: Ferrothorn|67/100|[silent]
|upkeep
|turn|9
|
|t:|1662736359
|switch|p2a: 그란돈|Groudon-Primal|100/100
|-damage|p2a: 그란돈|88/100|[from] Stealth Rock
|-weather|DesolateLand|[from] ability: Desolate Land|[of] p2a: 그란돈
|move|p1a: Ferrothorn|Protect||[still]
|-fail|p1a: Ferrothorn
|
|-weather|DesolateLand|[upkeep]
|-heal|p1a: Ferrothorn|74/100|[from] item: Leftovers
|upkeep
|turn|10
|
|t:|1662736375
|switch|p1a: Giratina|Giratina|100/100
|-ability|p1a: Giratina|Pressure
|move|p2a: 그란돈|Swords Dance|p2a: 그란돈
|-boost|p2a: 그란돈|atk|2
|
|-weather|DesolateLand|[upkeep]
|upkeep
|turn|11
|
|t:|1662736378
|move|p1a: Giratina|Toxic|p2a: 그란돈
|-status|p2a: 그란돈|tox
|move|p2a: 그란돈|Precipice Blades|p1a: Giratina
|-crit|p1a: Giratina
|-damage|p1a: Giratina|0 fnt
|faint|p1a: Giratina
|
|-weather|DesolateLand|[upkeep]
|-damage|p2a: 그란돈|82/100 tox|[from] psn
|upkeep
|c|☆Apprenti Buck|FUCK
|c|☆Apprenti Buck|FUCK IT
|
|t:|1662736395
|switch|p1a: Quagsire|Quagsire, M|100/100
|turn|12
|
|t:|1662736403
|-weather|none
|switch|p2a: 럭키|Chansey, F|100/100
|-damage|p2a: 럭키|88/100|[from] Stealth Rock
|move|p1a: Quagsire|Earthquake|p2a: 럭키
|-damage|p2a: 럭키|69/100
|
|upkeep
|turn|13
|
|t:|1662736407
|switch|p1a: Ferrothorn|Ferrothorn, M|74/100
|move|p2a: 럭키|Wish|p2a: 럭키
|
|-heal|p1a: Ferrothorn|80/100|[from] item: Leftovers
|upkeep
|turn|14
|
|t:|1662736422
|switch|p2a: 루기아|Lugia|100/100
|-damage|p2a: 루기아|75/100|[from] Stealth Rock
|move|p1a: Ferrothorn|Leech Seed|p2a: 루기아
|-start|p2a: 루기아|move: Leech Seed
|
|-heal|p2a: 루기아|100/100|[from] move: Wish|[wisher] 럭키
|-heal|p1a: Ferrothorn|86/100|[from] item: Leftovers
|-damage|p2a: 루기아|88/100|[from] Leech Seed|[of] p1a: Ferrothorn
|-heal|p1a: Ferrothorn|100/100|[silent]
|upkeep
|turn|15
|
|t:|1662736427
|move|p2a: 루기아|Defog|p1a: Ferrothorn
|-unboost|p1a: Ferrothorn|evasion|1
|-sideend|p2: rajof|Stealth Rock|[from] move: Defog|[of] p2a: 루기아
|move|p1a: Ferrothorn|Knock Off|p2a: 루기아
|-supereffective|p2a: 루기아
|-damage|p2a: 루기아|67/100
|-damage|p1a: Ferrothorn|84/100|[from] item: Rocky Helmet|[of] p2a: 루기아
|-enditem|p2a: 루기아|Rocky Helmet|[from] move: Knock Off|[of] p1a: Ferrothorn
|
|-heal|p1a: Ferrothorn|90/100|[from] item: Leftovers
|-damage|p2a: 루기아|54/100|[from] Leech Seed|[of] p1a: Ferrothorn
|-heal|p1a: Ferrothorn|100/100|[silent]
|upkeep
|turn|16
|
|t:|1662736433
|switch|p2a: 그란돈|Groudon-Primal|82/100 tox
|-weather|DesolateLand|[from] ability: Desolate Land|[of] p2a: 그란돈
|move|p1a: Ferrothorn|Stealth Rock|p2a: 그란돈
|-sidestart|p2: rajof|move: Stealth Rock
|
|-weather|DesolateLand|[upkeep]
|-damage|p2a: 그란돈|76/100 tox|[from] psn
|upkeep
|turn|17
|
|t:|1662736438
|move|p2a: 그란돈|Swords Dance|p2a: 그란돈
|-boost|p2a: 그란돈|atk|2
|move|p1a: Ferrothorn|Leech Seed|p2a: 그란돈
|-start|p2a: 그란돈|move: Leech Seed
|
|-weather|DesolateLand|[upkeep]
|-damage|p2a: 그란돈|63/100 tox|[from] Leech Seed|[of] p1a: Ferrothorn
|-damage|p2a: 그란돈|51/100 tox|[from] psn
|upkeep
|turn|18
|
|t:|1662736441
|switch|p1a: Quagsire|Quagsire, M|100/100
|move|p2a: 그란돈|Rock Tomb|p1a: Quagsire
|-resisted|p1a: Quagsire
|-damage|p1a: Quagsire|90/100
|-unboost|p1a: Quagsire|spe|1
|
|-weather|DesolateLand|[upkeep]
|-damage|p2a: 그란돈|38/100 tox|[from] Leech Seed|[of] p1a: Quagsire
|-heal|p1a: Quagsire|100/100|[silent]
|-damage|p2a: 그란돈|20/100 tox|[from] psn
|upkeep
|turn|19
|
|t:|1662736449
|-weather|none
|switch|p2a: 루기아|Lugia|54/100
|-damage|p2a: 루기아|29/100|[from] Stealth Rock
|move|p1a: Quagsire|Earthquake|p2a: 루기아
|-immune|p2a: 루기아
|
|upkeep
|turn|20
|
|t:|1662736452
|move|p2a: 루기아|Defog|p1a: Quagsire
|-unboost|p1a: Quagsire|evasion|1
|-sideend|p2: rajof|Stealth Rock|[from] move: Defog|[of] p2a: 루기아
|move|p1a: Quagsire|Toxic|p2a: 루기아
|-status|p2a: 루기아|tox
|
|-damage|p2a: 루기아|23/100 tox|[from] psn
|upkeep
|turn|21
|
|t:|1662736454
|switch|p1a: Ferrothorn|Ferrothorn, M|100/100
|move|p2a: 루기아|Roost|p2a: 루기아
|-heal|p2a: 루기아|73/100 tox
|-singleturn|p2a: 루기아|move: Roost
|
|-damage|p2a: 루기아|61/100 tox|[from] psn
|upkeep
|turn|22
|
|t:|1662736459
|move|p2a: 루기아|Roost|p2a: 루기아
|-heal|p2a: 루기아|100/100 tox
|-singleturn|p2a: 루기아|move: Roost
|move|p1a: Ferrothorn|Stealth Rock|p2a: 루기아
|-sidestart|p2: rajof|move: Stealth Rock
|
|-damage|p2a: 루기아|82/100 tox|[from] psn
|upkeep
|turn|23
|
|t:|1662736461
|move|p2a: 루기아|Defog|p1a: Ferrothorn
|-unboost|p1a: Ferrothorn|evasion|1
|-sideend|p2: rajof|Stealth Rock|[from] move: Defog|[of] p2a: 루기아
|move|p1a: Ferrothorn|Stealth Rock|p2a: 루기아
|-sidestart|p2: rajof|move: Stealth Rock
|
|-damage|p2a: 루기아|57/100 tox|[from] psn
|upkeep
|turn|24
|
|t:|1662736475
|switch|p2a: 악르세우스|Arceus-Dark|76/100
|-damage|p2a: 악르세우스|63/100|[from] Stealth Rock
|move|p1a: Ferrothorn|Stealth Rock||[still]
|-fail|p1a: Ferrothorn
|
|upkeep
|turn|25
|
|t:|1662736477
|move|p2a: 악르세우스|Calm Mind|p2a: 악르세우스
|-boost|p2a: 악르세우스|spa|1
|-boost|p2a: 악르세우스|spd|1
|move|p1a: Ferrothorn|Leech Seed|p2a: 악르세우스
|-start|p2a: 악르세우스|move: Leech Seed
|
|-damage|p2a: 악르세우스|51/100|[from] Leech Seed|[of] p1a: Ferrothorn
|upkeep
|turn|26
|
|t:|1662736479
|switch|p1a: Quagsire|Quagsire, M|100/100
|move|p2a: 악르세우스|Recover|p2a: 악르세우스
|-heal|p2a: 악르세우스|100/100
|
|-damage|p2a: 악르세우스|88/100|[from] Leech Seed|[of] p1a: Quagsire
|upkeep
|turn|27
|
|t:|1662736495
|move|p2a: 악르세우스|Judgment|p1a: Quagsire
|-damage|p1a: Quagsire|46/100
|move|p1a: Quagsire|Toxic|p2a: 악르세우스
|-status|p2a: 악르세우스|tox
|
|-damage|p2a: 악르세우스|76/100 tox|[from] Leech Seed|[of] p1a: Quagsire
|-heal|p1a: Quagsire|60/100|[silent]
|-damage|p2a: 악르세우스|70/100 tox|[from] psn
|upkeep
|turn|28
|
|t:|1662736498
|move|p2a: 악르세우스|Refresh|p2a: 악르세우스
|-curestatus|p2a: 악르세우스|tox|[msg]
|move|p1a: Quagsire|Recover|p1a: Quagsire
|-heal|p1a: Quagsire|100/100
|
|-damage|p2a: 악르세우스|57/100|[from] Leech Seed|[of] p1a: Quagsire
|upkeep
|turn|29
|
|t:|1662736513
|move|p2a: 악르세우스|Recover|p2a: 악르세우스
|-heal|p2a: 악르세우스|100/100
|move|p1a: Quagsire|Haze|p1a: Quagsire
|-clearallboost
|
|-damage|p2a: 악르세우스|88/100|[from] Leech Seed|[of] p1a: Quagsire
|upkeep
|turn|30
|-message|rajof forfeited.
|
|win|Apprenti Buck
|raw|Apprenti Buck's rating: 1845 &rarr; <strong>1870</strong><br />(+25 for winning)
|raw|rajof's rating: 1943 &rarr; <strong>1918</strong><br />(-25 for losing)
|l|☆rajof
|c|☆Apprenti Buck|Lol
