|j|☆CLEAR GEM清瑜
|j|☆NOAH MK2
|t:|1661131495
|gametype|singles
|player|p1|CLEAR GEM清瑜|skierf|1916
|player|p2|NOAH MK2|170|1770
|teamsize|p1|6
|teamsize|p2|6
|gen|8
|tier|[Gen 8] National Dex AG
|rated|
|rule|HP Percentage Mod: HP is shown in percentages
|rule|Endless Battle Clause: Forcing endless battles is banned
|clearpoke
|poke|p1|Rayquaza|
|poke|p1|Groudon|
|poke|p1|Necrozma-Dusk-Mane|
|poke|p1|Arceus-*|
|poke|p1|Arceus-*|
|poke|p1|Arceus-*|
|poke|p2|Necrozma-Dusk-Mane|
|poke|p2|Whimsicott, M|
|poke|p2|Ho-Oh|
|poke|p2|Groudon|
|poke|p2|Kyogre|
|poke|p2|Zygarde|
|teampreview
|inactive|Battle timer is ON: inactive players will automatically lose when time's up. (requested by CLEAR GEM清瑜)
|
|t:|1661131513
|start
|switch|p1a: 乱杀P古|Arceus-Ground|100/100
|switch|p2a: Kyogre|Kyogre|100/100
|detailschange|p2a: Kyogre|Kyogre-Primal
|-primal|p2a: Kyogre
|-weather|PrimordialSea|[from] ability: Primordial Sea|[of] p2a: Kyogre
|turn|1
|
|t:|1661131519
|switch|p1a: 不会(?)|Groudon|100/100
|detailschange|p1a: 不会(?)|Groudon-Primal
|-primal|p1a: 不会(?)
|-weather|DesolateLand|[from] ability: Desolate Land|[of] p1a: 不会(?)
|move|p2a: Kyogre|Ice Beam|p1a: 不会(?)
|-damage|p1a: 不会(?)|65/100
|
|-weather|DesolateLand|[upkeep]
|upkeep
|turn|2
|
|t:|1661131526
|switch|p2a: Zygarde|Zygarde|100/100
|move|p1a: 不会(?)|Stealth Rock|p2a: Zygarde
|-sidestart|p2: NOAH MK2|move: Stealth Rock
|
|-weather|DesolateLand|[upkeep]
|upkeep
|turn|3
|
|t:|1661131529
|move|p2a: Zygarde|Glare|p1a: 不会(?)
|-status|p1a: 不会(?)|par
|move|p1a: 不会(?)|Roar|p2a: Zygarde
|drag|p2a: Groudon|Groudon|100/100
|-damage|p2a: Groudon|94/100|[from] Stealth Rock
|detailschange|p2a: Groudon|Groudon-Primal
|-primal|p2a: Groudon
|
|-weather|DesolateLand|[upkeep]
|upkeep
|turn|4
|
|t:|1661131534
|move|p2a: Groudon|Precipice Blades|p1a: 不会(?)
|-supereffective|p1a: 不会(?)
|-damage|p1a: 不会(?)|0 fnt
|faint|p1a: 不会(?)
|
|-weather|DesolateLand|[upkeep]
|upkeep
|
|t:|1661131537
|switch|p1a: 乱杀P古|Arceus-Ground|100/100
|turn|5
|
|t:|1661131543
|-weather|none
|switch|p2a: Kyogre|Kyogre-Primal|100/100
|-damage|p2a: Kyogre|88/100|[from] Stealth Rock
|-weather|PrimordialSea|[from] ability: Primordial Sea|[of] p2a: Kyogre
|move|p1a: 乱杀P古|Ice Beam|p2a: Kyogre
|-resisted|p2a: Kyogre
|-damage|p2a: Kyogre|77/100
|
|-weather|PrimordialSea|[upkeep]
|upkeep
|turn|6
|
|t:|1661131551
|move|p1a: 乱杀P古|Judgment|p2a: Kyogre
|-damage|p2a: Kyogre|32/100
|move|p2a: Kyogre|Ice Beam|p1a: 乱杀P古
|-supereffective|p1a: 乱杀P古
|-damage|p1a: 乱杀P古|49/100
|
|-weather|PrimordialSea|[upkeep]
|upkeep
|turn|7
|
|t:|1661131555
|move|p1a: 乱杀P古|Judgment|p2a: Kyogre
|-damage|p2a: Kyogre|0 fnt
|faint|p2a: Kyogre
|-weather|none
|
|upkeep
|
|t:|1661131563
|switch|p2a: Whimsicott|Whimsicott, M|100/100
|-damage|p2a: Whimsicott|88/100|[from] Stealth Rock
|turn|8
|
|t:|1661131569
|move|p2a: Whimsicott|Encore|p1a: 乱杀P古
|-start|p1a: 乱杀P古|Encore
|move|p1a: 乱杀P古|Judgment|p2a: Whimsicott
|-resisted|p2a: Whimsicott
|-damage|p2a: Whimsicott|39/100
|
|upkeep
|turn|9
|
|t:|1661131576
|move|p2a: Whimsicott|Stun Spore|p1a: 乱杀P古
|-status|p1a: 乱杀P古|par
|move|p1a: 乱杀P古|Judgment|p2a: Whimsicott
|-resisted|p2a: Whimsicott
|-damage|p2a: Whimsicott|0 fnt
|faint|p2a: Whimsicott
|
|upkeep
|
|t:|1661131578
|switch|p2a: Zygarde|Zygarde|100/100
|-damage|p2a: Zygarde|94/100|[from] Stealth Rock
|turn|10
|
|t:|1661131585
|switch|p1a: 究极辅助|Arceus-Dark|100/100
|move|p2a: Zygarde|Dragon Dance|p2a: Zygarde
|-boost|p2a: Zygarde|atk|1
|-boost|p2a: Zygarde|spe|1
|
|-heal|p2a: Zygarde|100/100|[from] item: Leftovers
|upkeep
|turn|11
|
|t:|1661131597
|move|p2a: Zygarde|Outrage|p1a: 究极辅助
|-damage|p1a: 究极辅助|63/100
|move|p1a: 究极辅助|Roar|p2a: Zygarde
|drag|p2a: Ho-Oh|Ho-Oh|100/100
|
|upkeep
|turn|12
|
|t:|1661131605
|move|p2a: Ho-Oh|Sacred Fire|p1a: 究极辅助
|-damage|p1a: 究极辅助|35/100
|-status|p1a: 究极辅助|brn
|move|p1a: 究极辅助|Roar|p2a: Ho-Oh
|drag|p2a: Zygarde|Zygarde|100/100
|-damage|p2a: Zygarde|94/100|[from] Stealth Rock
|
|-heal|p2a: Zygarde|100/100|[from] item: Leftovers
|-damage|p1a: 究极辅助|28/100 brn|[from] brn
|upkeep
|turn|13
|
|t:|1661131612
|move|p1a: 究极辅助|Recover|p1a: 究极辅助
|-heal|p1a: 究极辅助|78/100 brn
|move|p2a: Zygarde|Thousand Arrows|p1a: 究极辅助
|-damage|p1a: 究极辅助|58/100 brn
|
|-damage|p1a: 究极辅助|52/100 brn|[from] brn
|upkeep
|turn|14
|
|t:|1661131617
|move|p1a: 究极辅助|Judgment|p2a: Zygarde
|-damage|p2a: Zygarde|52/100
|move|p2a: Zygarde|Dragon Dance|p2a: Zygarde
|-boost|p2a: Zygarde|atk|1
|-boost|p2a: Zygarde|spe|1
|
|-heal|p2a: Zygarde|58/100|[from] item: Leftovers
|-damage|p1a: 究极辅助|46/100 brn|[from] brn
|upkeep
|turn|15
|
|t:|1661131627
|-start|p2a: Zygarde|Dynamax|
|-heal|p2a: Zygarde|58/100|[silent]
|move|p2a: Zygarde|Max Quake|p1a: 究极辅助
|-damage|p1a: 究极辅助|5/100 brn
|-boost|p2a: Zygarde|spd|1
|move|p1a: 究极辅助|Roar|p2a: Zygarde
|-block|p2a: Zygarde|Dynamax
|
|-heal|p2a: Zygarde|61/100|[from] item: Leftovers
|-damage|p1a: 究极辅助|0 fnt|[from] brn
|faint|p1a: 究极辅助
|upkeep
|
|t:|1661131634
|switch|p1a: 乱杀P古|Arceus-Ground|49/100 par
|turn|16
|
|t:|1661131655
|-start|p1a: 乱杀P古|Dynamax|
|-heal|p1a: 乱杀P古|49/100 par|[silent]
|move|p2a: Zygarde|Max Quake|p1a: 乱杀P古
|-damage|p1a: 乱杀P古|27/100 par
|-boost|p2a: Zygarde|spd|1
|move|p1a: 乱杀P古|Max Hailstorm|p2a: Zygarde
|-supereffective|p2a: Zygarde
|-damage|p2a: Zygarde|23/100
|-weather|Hail
|
|-weather|Hail|[upkeep]
|-damage|p2a: Zygarde|20/100|[from] Hail
|-damage|p1a: 乱杀P古|24/100 par|[from] Hail
|-heal|p2a: Zygarde|23/100|[from] item: Leftovers
|-activate|p2a: Zygarde|ability: Power Construct
|detailschange|p2a: Zygarde|Zygarde-Complete
|-heal|p2a: Zygarde|49/100|[silent]
|upkeep
|turn|17
|
|t:|1661131665
|move|p2a: Zygarde|Max Wyrmwind|p1a: 乱杀P古
|-damage|p1a: 乱杀P古|0 fnt
|faint|p1a: 乱杀P古
|
|-weather|Hail|[upkeep]
|-damage|p2a: Zygarde|46/100|[from] Hail
|-heal|p2a: Zygarde|49/100|[from] item: Leftovers
|upkeep
|
|t:|1661131670
|switch|p1a: 钢铁之躯|Necrozma-Dusk-Mane|100/100
|-end|p2a: Zygarde|Dynamax
|-heal|p2a: Zygarde|49/100|[silent]
|turn|18
|
|t:|1661131675
|detailschange|p1a: 钢铁之躯|Necrozma-Ultra
|-burst|p1a: 钢铁之躯|Necrozma|Ultranecrozium Z
|move|p2a: Zygarde|Dragon Dance|p2a: Zygarde
|-boost|p2a: Zygarde|atk|1
|-boost|p2a: Zygarde|spe|1
|move|p1a: 钢铁之躯|Dragon Dance|p1a: 钢铁之躯
|-boost|p1a: 钢铁之躯|atk|1
|-boost|p1a: 钢铁之躯|spe|1
|
|-weather|Hail|[upkeep]
|-damage|p1a: 钢铁之躯|94/100|[from] Hail
|-damage|p2a: Zygarde|43/100|[from] Hail
|-heal|p2a: Zygarde|49/100|[from] item: Leftovers
|upkeep
|turn|19
|
|t:|1661131681
|-zpower|p1a: 钢铁之躯
|move|p1a: 钢铁之躯|Light That Burns the Sky|p2a: Zygarde|[zeffect]
|-damage|p2a: Zygarde|0 fnt
|faint|p2a: Zygarde
|
|-weather|Hail|[upkeep]
|-damage|p1a: 钢铁之躯|88/100|[from] Hail
|upkeep
|
|t:|1661131685
|switch|p2a: Necrozma|Necrozma-Dusk-Mane|100/100
|-damage|p2a: Necrozma|94/100|[from] Stealth Rock
|turn|20
|
|t:|1661131691
|move|p1a: 钢铁之躯|Earthquake|p2a: Necrozma
|-supereffective|p2a: Necrozma
|-damage|p2a: Necrozma|25/100
|move|p2a: Necrozma|Thunder Wave|p1a: 钢铁之躯
|-status|p1a: 钢铁之躯|par
|
|-weather|none
|upkeep
|turn|21
|
|t:|1661131700
|cant|p1a: 钢铁之躯|par
|move|p2a: Necrozma|Sunsteel Strike|p1a: 钢铁之躯
|-damage|p1a: 钢铁之躯|41/100 par
|
|upkeep
|turn|22
|
|t:|1661131702
|move|p1a: 钢铁之躯|Earthquake|p2a: Necrozma
|-supereffective|p2a: Necrozma
|-damage|p2a: Necrozma|0 fnt
|faint|p2a: Necrozma
|
|upkeep
|
|t:|1661131710
|switch|p2a: Groudon|Groudon-Primal|94/100
|-damage|p2a: Groudon|82/100|[from] Stealth Rock
|-weather|DesolateLand|[from] ability: Desolate Land|[of] p2a: Groudon
|turn|23
|
|t:|1661131726
|move|p2a: Groudon|Precipice Blades|p1a: 钢铁之躯
|-damage|p1a: 钢铁之躯|0 fnt
|faint|p1a: 钢铁之躯
|
|-weather|DesolateLand|[upkeep]
|upkeep
|
|t:|1661131732
|switch|p1a: 悬空羊驼|Arceus-Flying|100/100
|turn|24
|
|t:|1661131735
|-weather|none
|switch|p2a: Ho-Oh|Ho-Oh|100/100
|move|p1a: 悬空羊驼|Calm Mind|p1a: 悬空羊驼
|-boost|p1a: 悬空羊驼|spa|1
|-boost|p1a: 悬空羊驼|spd|1
|
|upkeep
|turn|25
|
|t:|1661131740
|move|p1a: 悬空羊驼|Judgment|p2a: Ho-Oh
|-damage|p2a: Ho-Oh|59/100
|move|p2a: Ho-Oh|Sacred Fire|p1a: 悬空羊驼
|-damage|p1a: 悬空羊驼|68/100
|
|upkeep
|turn|26
|-message|NOAH MK2 forfeited.
|
|win|CLEAR GEM清瑜
|raw|CLEAR GEM清瑜's rating: 1916 &rarr; <strong>1928</strong><br />(+12 for winning)
|raw|NOAH MK2's rating: 1770 &rarr; <strong>1758</strong><br />(-12 for losing)
|l|☆NOAH MK2
