|j|☆Pawnnel
|j|☆Ford Prefect
|t:|1664294849
|gametype|singles
|player|p1|Pawnnel|psychic-gen4|1598
|player|p2|Ford Prefect|169|1557
|teamsize|p1|6
|teamsize|p2|6
|gen|8
|tier|[Gen 8] National Dex AG
|rated|
|rule|HP Percentage Mod: HP is shown in percentages
|rule|Endless Battle Clause: Forcing endless battles is banned
|clearpoke
|poke|p1|Quagsire, M|
|poke|p1|Tyranitar, M|
|poke|p1|Torkoal, M|
|poke|p1|Venusaur, M|
|poke|p1|Garchomp, M|
|poke|p1|Scizor, M|
|poke|p2|Rayquaza|
|poke|p2|Groudon|
|poke|p2|Kyogre|
|poke|p2|Necrozma-Dawn-Wings|
|poke|p2|Arceus-*|
|poke|p2|Zacian-*|
|teampreview
|
|t:|1664294872
|start
|switch|p1a: Rex|Garchomp, M|100/100
|switch|p2a: Kyogre|Kyogre|100/100
|detailschange|p2a: Kyogre|Kyogre-Primal
|-primal|p2a: Kyogre
|-weather|PrimordialSea|[from] ability: Primordial Sea|[of] p2a: Kyogre
|turn|1
|
|t:|1664294895
|-zpower|p1a: Rex
|move|p1a: Rex|Tectonic Rage|p2a: Kyogre|[zeffect]
|-damage|p2a: Kyogre|0 fnt
|faint|p2a: Kyogre
|-weather|none
|
|upkeep
|
|t:|1664294904
|switch|p2a: Zacian|Zacian-Crowned|100/100
|-ability|p2a: Zacian|Intrepid Sword|boost
|-boost|p2a: Zacian|atk|1
|turn|2
|
|t:|1664294909
|switch|p1a: Flop|Quagsire, M|100/100
|move|p2a: Zacian|Play Rough|p1a: Flop
|-damage|p1a: Flop|63/100
|
|-heal|p1a: Flop|69/100|[from] item: Leftovers
|upkeep
|turn|3
|
|t:|1664294918
|switch|p2a: Necrozma|Necrozma-Dawn-Wings|100/100
|move|p1a: Flop|Curse|p1a: Flop
|-unboost|p1a: Flop|spe|1
|-boost|p1a: Flop|atk|1
|-boost|p1a: Flop|def|1
|
|-heal|p1a: Flop|75/100|[from] item: Leftovers
|upkeep
|turn|4
|
|t:|1664294927
|switch|p1a: Buddy|Torkoal, M|100/100
|-weather|SunnyDay|[from] ability: Drought|[of] p1a: Buddy
|detailschange|p2a: Necrozma|Necrozma-Ultra
|-burst|p2a: Necrozma|Necrozma|Ultranecrozium Z
|move|p2a: Necrozma|Substitute|p2a: Necrozma
|-start|p2a: Necrozma|Substitute
|-damage|p2a: Necrozma|75/100
|
|-weather|SunnyDay|[upkeep]
|upkeep
|turn|5
|
|t:|1664294938
|switch|p1a: Yusuke|Scizor, M|100/100
|move|p2a: Necrozma|Photon Geyser|p1a: Yusuke
|-resisted|p1a: Yusuke
|-damage|p1a: Yusuke|66/100
|
|-weather|SunnyDay|[upkeep]
|upkeep
|turn|6
|
|t:|1664294949
|detailschange|p1a: Yusuke|Scizor-Mega, M
|-mega|p1a: Yusuke|Scizor|Scizorite
|move|p2a: Necrozma|Moongeist Beam|p1a: Yusuke
|-damage|p1a: Yusuke|24/100
|move|p1a: Yusuke|U-turn|p2a: Necrozma
|-supereffective|p2a: Necrozma
|-end|p2a: Necrozma|Substitute
|
|t:|1664294959
|switch|p1a: Bobsor|Venusaur, M|100/100|[from]move: U-turn
|
|-weather|SunnyDay|[upkeep]
|upkeep
|turn|7
|j| 123456789thai
|
|t:|1664294966
|switch|p1a: Toguro|Tyranitar, M|100/100
|-weather|Sandstorm|[from] ability: Sand Stream|[of] p1a: Toguro
|move|p2a: Necrozma|Photon Geyser|p1a: Toguro
|-immune|p1a: Toguro
|
|-weather|Sandstorm|[upkeep]
|-damage|p2a: Necrozma|69/100|[from] Sandstorm
|upkeep
|turn|8
|
|t:|1664294978
|switch|p2a: Groudon|Groudon|100/100
|detailschange|p2a: Groudon|Groudon-Primal
|-primal|p2a: Groudon
|-weather|DesolateLand|[from] ability: Desolate Land|[of] p2a: Groudon
|move|p1a: Toguro|Crunch|p2a: Groudon
|-damage|p2a: Groudon|73/100
|-unboost|p2a: Groudon|def|1
|
|-weather|DesolateLand|[upkeep]
|upkeep
|turn|9
|
|t:|1664294988
|switch|p1a: Rex|Garchomp, M|100/100
|move|p2a: Groudon|Stealth Rock|p1a: Rex
|-sidestart|p1: Pawnnel|move: Stealth Rock
|
|-weather|DesolateLand|[upkeep]
|upkeep
|turn|10
|
|t:|1664294995
|-weather|none
|switch|p2a: Rayquaza|Rayquaza|100/100
|-ability|p2a: Rayquaza|Air Lock
|move|p1a: Rex|Swords Dance|p1a: Rex
|-boost|p1a: Rex|atk|2
|
|upkeep
|turn|11
|
|t:|1664295003
|detailschange|p2a: Rayquaza|Rayquaza-Mega
|-mega|p2a: Rayquaza|Rayquaza|
|-weather|DeltaStream|[from] ability: Delta Stream|[of] p2a: Rayquaza
|move|p2a: Rayquaza|Draco Meteor|p1a: Rex
|-supereffective|p1a: Rex
|-damage|p1a: Rex|0 fnt
|-unboost|p2a: Rayquaza|spa|2
|faint|p1a: Rex
|
|-weather|DeltaStream|[upkeep]
|upkeep
|
|t:|1664295020
|switch|p1a: Buddy|Torkoal, M|100/100
|-damage|p1a: Buddy|76/100|[from] Stealth Rock
|-ability|p1a: Buddy|Drought|[from] deltastream|[fail]
|turn|12
|
|t:|1664295028
|-weather|none
|switch|p2a: Groudon|Groudon-Primal|73/100
|-weather|DesolateLand|[from] ability: Desolate Land|[of] p2a: Groudon
|move|p1a: Buddy|Rapid Spin|p2a: Groudon
|-damage|p2a: Groudon|68/100
|-boost|p1a: Buddy|spe|1
|-sideend|p1: Pawnnel|Stealth Rock|[from] move: Rapid Spin|[of] p1a: Buddy
|
|-weather|DesolateLand|[upkeep]
|upkeep
|turn|13
|
|t:|1664295051
|switch|p1a: Yusuke|Scizor-Mega, M|24/100
|move|p2a: Groudon|Stealth Rock|p1a: Yusuke
|-sidestart|p1: Pawnnel|move: Stealth Rock
|
|-weather|DesolateLand|[upkeep]
|upkeep
|turn|14
|
|t:|1664295057
|move|p2a: Groudon|Earthquake|p1a: Yusuke
|-damage|p1a: Yusuke|0 fnt
|faint|p1a: Yusuke
|
|-weather|DesolateLand|[upkeep]
|upkeep
|
|t:|1664295063
|switch|p1a: Bobsor|Venusaur, M|100/100
|-damage|p1a: Bobsor|88/100|[from] Stealth Rock
|turn|15
|
|t:|1664295067
|move|p1a: Bobsor|Earth Power|p2a: Groudon
|-supereffective|p2a: Groudon
|-damage|p2a: Groudon|0 fnt
|faint|p2a: Groudon
|-weather|none
|-damage|p1a: Bobsor|78/100|[from] item: Life Orb
|
|upkeep
|
|t:|1664295073
|switch|p2a: Rayquaza|Rayquaza-Mega|100/100
|-weather|DeltaStream|[from] ability: Delta Stream|[of] p2a: Rayquaza
|turn|16
|
|t:|1664295082
|switch|p1a: Flop|Quagsire, M|75/100
|-damage|p1a: Flop|69/100|[from] Stealth Rock
|move|p2a: Rayquaza|Dragon Ascent|p1a: Flop
|-damage|p1a: Flop|14/100
|-unboost|p2a: Rayquaza|def|1
|-unboost|p2a: Rayquaza|spd|1
|
|-weather|DeltaStream|[upkeep]
|-heal|p1a: Flop|20/100|[from] item: Leftovers
|upkeep
|turn|17
|
|t:|1664295093
|move|p2a: Rayquaza|Dragon Ascent|p1a: Flop
|-damage|p1a: Flop|0 fnt
|-unboost|p2a: Rayquaza|def|1
|-unboost|p2a: Rayquaza|spd|1
|faint|p1a: Flop
|
|-weather|DeltaStream|[upkeep]
|upkeep
|
|t:|1664295101
|switch|p1a: Toguro|Tyranitar, M|100/100
|-damage|p1a: Toguro|88/100|[from] Stealth Rock
|-ability|p1a: Toguro|Sand Stream|[from] deltastream|[fail]
|turn|18
|
|t:|1664295109
|-weather|none
|switch|p2a: Zacian|Zacian-Crowned|100/100
|-ability|p2a: Zacian|Intrepid Sword|boost
|-boost|p2a: Zacian|atk|1
|move|p1a: Toguro|Dragon Dance|p1a: Toguro
|-boost|p1a: Toguro|atk|1
|-boost|p1a: Toguro|spe|1
|
|-heal|p1a: Toguro|94/100|[from] item: Leftovers
|upkeep
|turn|19
|
|t:|1664295120
|switch|p1a: Buddy|Torkoal, M|76/100
|-damage|p1a: Buddy|51/100|[from] Stealth Rock
|-weather|SunnyDay|[from] ability: Drought|[of] p1a: Buddy
|move|p2a: Zacian|Close Combat|p1a: Buddy
|-damage|p1a: Buddy|3/100
|-unboost|p2a: Zacian|def|1
|-unboost|p2a: Zacian|spd|1
|
|-weather|SunnyDay|[upkeep]
|upkeep
|turn|20
|
|t:|1664295133
|move|p2a: Zacian|Behemoth Blade|p1a: Buddy
|-resisted|p1a: Buddy
|-damage|p1a: Buddy|0 fnt
|faint|p1a: Buddy
|
|-weather|SunnyDay|[upkeep]
|upkeep
|
|t:|1664295154
|switch|p1a: Bobsor|Venusaur, M|78/100
|-damage|p1a: Bobsor|66/100|[from] Stealth Rock
|turn|21
|
|t:|1664295161
|switch|p2a: Necrozma|Necrozma-Ultra|69/100
|-start|p1a: Bobsor|Dynamax|Gmax
|-heal|p1a: Bobsor|66/100|[silent]
|move|p1a: Bobsor|Max Flare|p2a: Necrozma
|-resisted|p2a: Necrozma
|-damage|p2a: Necrozma|29/100
|-damage|p1a: Bobsor|61/100|[from] item: Life Orb
|
|-weather|SunnyDay|[upkeep]
|upkeep
|turn|22
|
|t:|1664295172
|move|p1a: Bobsor|Max Ooze|p2a: Necrozma
|-damage|p2a: Necrozma|0 fnt
|-boost|p1a: Bobsor|spa|1
|faint|p2a: Necrozma
|-damage|p1a: Bobsor|56/100|[from] item: Life Orb
|
|-weather|SunnyDay|[upkeep]
|upkeep
|
|t:|1664295182
|switch|p2a: Arceus|Arceus-Dark|100/100
|turn|23
|c| 123456789thai|?
|
|t:|1664295188
|-start|p2a: Arceus|Dynamax|
|-heal|p2a: Arceus|100/100|[silent]
|move|p1a: Bobsor|G-Max Vine Lash|p2a: Arceus
|-damage|p2a: Arceus|64/100
|-sidestart|p2: Ford Prefect|G-Max Vine Lash
|-damage|p1a: Bobsor|51/100|[from] item: Life Orb
|move|p2a: Arceus|Max Darkness|p1a: Bobsor
|-damage|p1a: Bobsor|10/100
|-unboost|p1a: Bobsor|spd|1
|
|-weather|SunnyDay|[upkeep]
|-damage|p2a: Arceus|56/100|[from] G-Max Vine Lash
|upkeep
|-end|p1a: Bobsor|Dynamax
|-heal|p1a: Bobsor|10/100|[silent]
|turn|24
|c| 123456789thai|mega ray ?
|c|☆Ford Prefect|was only like 80% sure ascent killed
|c|☆Ford Prefect|no reason to risk it
|
|t:|1664295212
|move|p1a: Bobsor|Giga Drain|p2a: Arceus
|-damage|p2a: Arceus|34/100
|-heal|p1a: Bobsor|43/100|[from] drain|[of] p2a: Arceus
|-damage|p1a: Bobsor|33/100|[from] item: Life Orb
|move|p2a: Arceus|Max Strike|p1a: Bobsor
|-damage|p1a: Bobsor|0 fnt
|faint|p1a: Bobsor
|
|-weather|SunnyDay|[upkeep]
|-damage|p2a: Arceus|26/100|[from] G-Max Vine Lash
|upkeep
|
|t:|1664295223
|switch|p1a: Toguro|Tyranitar, M|94/100
|-damage|p1a: Toguro|82/100|[from] Stealth Rock
|-weather|Sandstorm|[from] ability: Sand Stream|[of] p1a: Toguro
|turn|25
|
|t:|1664295232
|move|p2a: Arceus|Max Strike|p1a: Toguro
|-resisted|p1a: Toguro
|-damage|p1a: Toguro|65/100
|-unboost|p1a: Toguro|spe|1
|move|p1a: Toguro|Dragon Dance|p1a: Toguro
|-boost|p1a: Toguro|atk|1
|-boost|p1a: Toguro|spe|1
|
|-weather|Sandstorm|[upkeep]
|-damage|p2a: Arceus|23/100|[from] Sandstorm
|-damage|p2a: Arceus|14/100|[from] G-Max Vine Lash
|-heal|p1a: Toguro|71/100|[from] item: Leftovers
|upkeep
|-end|p2a: Arceus|Dynamax
|-heal|p2a: Arceus|14/100|[silent]
|turn|26
|c| 123456789thai|your ray is a spatker ?
|
|t:|1664295248
|switch|p2a: Zacian|Zacian-Crowned|100/100
|-ability|p2a: Zacian|Intrepid Sword|boost
|-boost|p2a: Zacian|atk|1
|move|p1a: Toguro|Earthquake|p2a: Zacian
|-supereffective|p2a: Zacian
|-damage|p2a: Zacian|0 fnt
|faint|p2a: Zacian
|
|-weather|Sandstorm|[upkeep]
|-heal|p1a: Toguro|78/100|[from] item: Leftovers
|-sideend|p2: Ford Prefect|G-Max Vine Lash
|upkeep
|
|t:|1664295258
|switch|p2a: Rayquaza|Rayquaza-Mega|100/100
|-weather|DeltaStream|[from] ability: Delta Stream|[of] p2a: Rayquaza
|turn|27
|
|t:|1664295264
|move|p2a: Rayquaza|Surf|p1a: Toguro
|-supereffective|p1a: Toguro
|-damage|p1a: Toguro|4/100
|move|p1a: Toguro|Crunch|p2a: Rayquaza
|-damage|p2a: Rayquaza|18/100
|
|-weather|DeltaStream|[upkeep]
|-heal|p1a: Toguro|10/100|[from] item: Leftovers
|upkeep
|turn|28
|c|☆Ford Prefect|gg
|
|t:|1664295273
|move|p2a: Rayquaza|Surf|p1a: Toguro
|-supereffective|p1a: Toguro
|-damage|p1a: Toguro|0 fnt
|faint|p1a: Toguro
|
|win|Ford Prefect
|raw|Pawnnel's rating: 1598 &rarr; <strong>1576</strong><br />(-22 for losing)
|raw|Ford Prefect's rating: 1557 &rarr; <strong>1579</strong><br />(+22 for winning)
