|j|☆MiguelRRM
|j|☆ThenoJSZ
|t:|1667267671
|gametype|singles
|player|p1|MiguelRRM|lucas|1826
|player|p2|ThenoJSZ|ash|1926
|teamsize|p1|6
|teamsize|p2|6
|gen|8
|tier|[Gen 8] National Dex AG
|rated|
|rule|HP Percentage Mod: HP is shown in percentages
|rule|Endless Battle Clause: Forcing endless battles is banned
|clearpoke
|poke|p1|Smeargle, F|
|poke|p1|Arceus-*|
|poke|p1|Smeargle, M|
|poke|p1|Groudon|
|poke|p1|Smeargle, F|
|poke|p1|Smeargle, F|
|poke|p2|Rayquaza|
|poke|p2|Zacian-*|
|poke|p2|Arceus-*|
|poke|p2|Kyogre|
|poke|p2|Marshadow|
|poke|p2|Ditto|
|teampreview
|inactive|Battle timer is ON: inactive players will automatically lose when time's up. (requested by ThenoJSZ)
|
|t:|1667267676
|start
|switch|p1a: Groudon|Groudon|100/100
|switch|p2a: Rayquaza|Rayquaza|100/100
|-ability|p2a: Rayquaza|Air Lock
|detailschange|p1a: Groudon|Groudon-Primal
|-primal|p1a: Groudon
|-weather|DesolateLand|[from] ability: Desolate Land|[of] p1a: Groudon
|turn|1
|j| Astro Nation Rises
|
|t:|1667267681
|detailschange|p2a: Rayquaza|Rayquaza-Mega
|-mega|p2a: Rayquaza|Rayquaza|
|-weather|DeltaStream|[from] ability: Delta Stream|[of] p2a: Rayquaza
|move|p2a: Rayquaza|Dragon Ascent|p1a: Groudon
|-damage|p1a: Groudon|40/100
|-unboost|p2a: Rayquaza|def|1
|-unboost|p2a: Rayquaza|spd|1
|move|p1a: Groudon|Dragon Tail|p2a: Rayquaza
|-supereffective|p2a: Rayquaza
|-damage|p2a: Rayquaza|39/100
|-weather|none
|drag|p2a: Ditto|Ditto|100/100
|-transform|p2a: Ditto|p1a: Groudon|[from] ability: Imposter
|-weather|DesolateLand|[from] ability: Desolate Land|[of] p2a: Ditto
|
|-weather|DesolateLand|[upkeep]
|upkeep
|turn|2
|
|t:|1667267696
|move|p2a: Ditto|Stealth Rock|p1a: Groudon
|-sidestart|p1: MiguelRRM|move: Stealth Rock
|move|p1a: Groudon|Rock Tomb|p2a: Ditto
|-crit|p2a: Ditto
|-damage|p2a: Ditto|80/100
|-unboost|p2a: Ditto|spe|1
|
|-weather|DesolateLand|[upkeep]
|upkeep
|turn|3
|
|t:|1667267708
|switch|p2a: Arceus|Arceus-Electric|100/100
|move|p1a: Groudon|Rock Tomb|p2a: Arceus
|-damage|p2a: Arceus|89/100
|-unboost|p2a: Arceus|spe|1
|
|-weather|DesolateLand|[upkeep]
|upkeep
|turn|4
|
|t:|1667267714
|move|p1a: Groudon|Rock Tomb|p2a: Arceus
|-damage|p2a: Arceus|78/100
|-unboost|p2a: Arceus|spe|1
|move|p2a: Arceus|Ice Beam|p1a: Groudon
|-damage|p1a: Groudon|16/100
|
|-weather|DesolateLand|[upkeep]
|upkeep
|turn|5
|l| Astro Nation Rises
|
|t:|1667267722
|switch|p2a: Zacian|Zacian-Crowned|100/100
|-ability|p2a: Zacian|Intrepid Sword|boost
|-boost|p2a: Zacian|atk|1
|move|p1a: Groudon|Rock Tomb|p2a: Zacian
|-resisted|p2a: Zacian
|-damage|p2a: Zacian|91/100
|-unboost|p2a: Zacian|spe|1
|
|-weather|DesolateLand|[upkeep]
|upkeep
|turn|6
|
|t:|1667267728
|move|p1a: Groudon|Rock Tomb|p2a: Zacian
|-resisted|p2a: Zacian
|-damage|p2a: Zacian|82/100
|-unboost|p2a: Zacian|spe|1
|move|p2a: Zacian|Behemoth Blade|p1a: Groudon
|-resisted|p1a: Groudon
|-damage|p1a: Groudon|0 fnt
|faint|p1a: Groudon
|-weather|none
|
|upkeep
|
|t:|1667267737
|switch|p1a: Smeargle|Smeargle, F|100/100
|-damage|p1a: Smeargle|88/100|[from] Stealth Rock
|turn|7
|
|t:|1667267743
|move|p1a: Smeargle|Substitute|p1a: Smeargle
|-start|p1a: Smeargle|Substitute
|-damage|p1a: Smeargle|63/100
|move|p2a: Zacian|Behemoth Blade|p1a: Smeargle
|-end|p1a: Smeargle|Substitute
|
|-heal|p1a: Smeargle|69/100|[from] item: Leftovers
|-ability|p1a: Smeargle|Moody|boost
|-boost|p1a: Smeargle|def|2
|-unboost|p1a: Smeargle|spd|1
|upkeep
|turn|8
|
|t:|1667267747
|move|p1a: Smeargle|Court Change|p1a: Smeargle
|-swapsideconditions
|-activate|p1a: Smeargle|move: Court Change
|move|p2a: Zacian|Substitute|p2a: Zacian
|-start|p2a: Zacian|Substitute
|-damage|p2a: Zacian|57/100
|
|-heal|p1a: Smeargle|75/100|[from] item: Leftovers
|-ability|p1a: Smeargle|Moody|boost
|-boost|p1a: Smeargle|spa|2
|-unboost|p1a: Smeargle|spd|1
|upkeep
|turn|9
|
|t:|1667267752
|move|p1a: Smeargle|Substitute|p1a: Smeargle
|-start|p1a: Smeargle|Substitute
|-damage|p1a: Smeargle|50/100
|move|p2a: Zacian|Behemoth Blade|p1a: Smeargle
|-end|p1a: Smeargle|Substitute
|
|-heal|p1a: Smeargle|57/100|[from] item: Leftovers
|-ability|p1a: Smeargle|Moody|boost
|-boost|p1a: Smeargle|def|2
|-unboost|p1a: Smeargle|spa|1
|upkeep
|turn|10
|
|t:|1667267757
|move|p1a: Smeargle|Substitute|p1a: Smeargle
|-start|p1a: Smeargle|Substitute
|-damage|p1a: Smeargle|32/100
|move|p2a: Zacian|Close Combat|p1a: Smeargle
|-supereffective|p1a: Smeargle
|-crit|p1a: Smeargle
|-end|p1a: Smeargle|Substitute
|-unboost|p2a: Zacian|def|1
|-unboost|p2a: Zacian|spd|1
|
|-heal|p1a: Smeargle|38/100|[from] item: Leftovers
|-ability|p1a: Smeargle|Moody|boost
|-boost|p1a: Smeargle|spe|2
|-unboost|p1a: Smeargle|spd|1
|upkeep
|turn|11
|
|t:|1667267760
|move|p1a: Smeargle|Baton Pass|p1a: Smeargle
|
|t:|1667267762
|switch|p1a: Arceus|Arceus-Flying|100/100|[from]move: Baton Pass
|move|p2a: Zacian|Close Combat|p1a: Arceus
|-resisted|p1a: Arceus
|-damage|p1a: Arceus|92/100
|-unboost|p2a: Zacian|def|1
|-unboost|p2a: Zacian|spd|1
|
|upkeep
|turn|12
|
|t:|1667267766
|move|p1a: Arceus|Calm Mind|p1a: Arceus
|-boost|p1a: Arceus|spa|1
|-boost|p1a: Arceus|spd|1
|move|p2a: Zacian|Behemoth Blade|p1a: Arceus
|-damage|p1a: Arceus|71/100
|
|upkeep
|turn|13
|
|t:|1667267770
|move|p1a: Arceus|Calm Mind|p1a: Arceus
|-boost|p1a: Arceus|spa|1
|-boost|p1a: Arceus|spd|1
|move|p2a: Zacian|Behemoth Blade|p1a: Arceus
|-damage|p1a: Arceus|50/100
|
|upkeep
|turn|14
|
|t:|1667267773
|move|p1a: Arceus|Recover|p1a: Arceus
|-heal|p1a: Arceus|99/100
|move|p2a: Zacian|Behemoth Blade|p1a: Arceus
|-crit|p1a: Arceus
|-damage|p1a: Arceus|9/100
|
|upkeep
|turn|15
|
|t:|1667267779
|switch|p2a: Ditto|Ditto|80/100
|-damage|p2a: Ditto|68/100|[from] Stealth Rock
|-transform|p2a: Ditto|p1a: Arceus|[from] ability: Imposter
|move|p1a: Arceus|Recover|p1a: Arceus
|-heal|p1a: Arceus|59/100
|
|upkeep
|turn|16
|
|t:|1667267804
|switch|p2a: Arceus|Arceus-Electric|78/100
|-damage|p2a: Arceus|65/100|[from] Stealth Rock
|switch|p1a: Smeargle|Smeargle, F|38/100
|
|-heal|p1a: Smeargle|44/100|[from] item: Leftovers
|-ability|p1a: Smeargle|Moody|boost
|-boost|p1a: Smeargle|spd|2
|-unboost|p1a: Smeargle|spe|1
|upkeep
|turn|17
|
|t:|1667267812
|move|p2a: Arceus|Judgment|p1a: Smeargle
|-damage|p1a: Smeargle|0 fnt
|faint|p1a: Smeargle
|
|upkeep
|
|t:|1667267818
|switch|p1a: Smeargle|Smeargle, M|100/100
|turn|18
|
|t:|1667267820
|-start|p2a: Arceus|Dynamax|
|-heal|p2a: Arceus|65/100|[silent]
|move|p1a: Smeargle|Spore|p2a: Arceus
|-status|p2a: Arceus|slp|[from] move: Spore
|cant|p2a: Arceus|slp
|
|-ability|p1a: Smeargle|Moody|boost
|-boost|p1a: Smeargle|spd|2
|-unboost|p1a: Smeargle|def|1
|upkeep
|turn|19
|
|t:|1667267832
|switch|p1a: Smeargle|Smeargle, F|100/100
|-curestatus|p2a: Arceus|slp|[msg]
|move|p2a: Arceus|Max Lightning|p1a: Smeargle
|-enditem|p1a: Smeargle|Focus Sash
|-damage|p1a: Smeargle|1/100
|-fieldstart|move: Electric Terrain
|
|-ability|p1a: Smeargle|Moody|boost
|-boost|p1a: Smeargle|def|2
|-unboost|p1a: Smeargle|spa|1
|upkeep
|turn|20
|
|t:|1667267839
|move|p2a: Arceus|Max Hailstorm|p1a: Smeargle
|-damage|p1a: Smeargle|0 fnt
|-weather|Hail
|faint|p1a: Smeargle
|
|-weather|Hail|[upkeep]
|-damage|p2a: Arceus|62/100|[from] Hail
|upkeep
|
|t:|1667267858
|switch|p1a: Smeargle|Smeargle, F|100/100
|-end|p2a: Arceus|Dynamax
|-heal|p2a: Arceus|63/100|[silent]
|turn|21
|
|t:|1667267866
|move|p1a: Smeargle|Spiky Shield|p1a: Smeargle
|-singleturn|p1a: Smeargle|move: Protect
|move|p2a: Arceus|Judgment|p1a: Smeargle
|-activate|p1a: Smeargle|move: Protect
|
|-weather|Hail|[upkeep]
|-damage|p2a: Arceus|56/100|[from] Hail
|-damage|p1a: Smeargle|95/100|[from] Hail
|-ability|p1a: Smeargle|Moody|boost
|-boost|p1a: Smeargle|atk|2
|-unboost|p1a: Smeargle|spe|1
|upkeep
|turn|22
|
|t:|1667267871
|switch|p1a: Smeargle|Smeargle, M|100/100
|move|p2a: Arceus|Judgment|p1a: Smeargle
|-damage|p1a: Smeargle|0 fnt
|faint|p1a: Smeargle
|
|-weather|Hail|[upkeep]
|-damage|p2a: Arceus|50/100|[from] Hail
|upkeep
|
|t:|1667267872
|switch|p1a: Smeargle|Smeargle, F|95/100
|turn|23
|
|t:|1667267883
|move|p2a: Arceus|Judgment|p1a: Smeargle
|-damage|p1a: Smeargle|0 fnt
|faint|p1a: Smeargle
|
|-weather|Hail|[upkeep]
|-damage|p2a: Arceus|44/100|[from] Hail
|-fieldend|move: Electric Terrain
|upkeep
|
|t:|1667267884
|switch|p1a: Arceus|Arceus-Flying|59/100
|turn|24
|
|t:|1667267887
|move|p1a: Arceus|Calm Mind|p1a: Arceus
|-boost|p1a: Arceus|spa|1
|-boost|p1a: Arceus|spd|1
|move|p2a: Arceus|Judgment|p1a: Arceus
|-supereffective|p1a: Arceus
|-damage|p1a: Arceus|17/100
|
|-weather|none
|upkeep
|turn|25
|
|t:|1667267895
|move|p1a: Arceus|Recover|p1a: Arceus
|-heal|p1a: Arceus|67/100
|move|p2a: Arceus|Judgment|p1a: Arceus
|-supereffective|p1a: Arceus
|-damage|p1a: Arceus|24/100
|
|upkeep
|turn|26
|
|t:|1667267904
|switch|p2a: Marshadow|Marshadow|100/100
|-damage|p2a: Marshadow|94/100|[from] Stealth Rock
|move|p1a: Arceus|Recover|p1a: Arceus
|-heal|p1a: Arceus|74/100
|
|upkeep
|turn|27
|
|t:|1667267910
|move|p1a: Arceus|Recover|p1a: Arceus
|-heal|p1a: Arceus|100/100
|-zpower|p2a: Marshadow
|move|p2a: Marshadow|Never-Ending Nightmare|p1a: Arceus|[zeffect]
|-damage|p1a: Arceus|32/100
|
|upkeep
|turn|28
|
|t:|1667267914
|move|p2a: Marshadow|Shadow Sneak|p1a: Arceus
|-damage|p1a: Arceus|9/100
|move|p1a: Arceus|Recover|p1a: Arceus
|-heal|p1a: Arceus|59/100
|
|upkeep
|turn|29
|
|t:|1667267918
|switch|p2a: Kyogre|Kyogre|100/100
|-damage|p2a: Kyogre|88/100|[from] Stealth Rock
|detailschange|p2a: Kyogre|Kyogre-Primal
|-primal|p2a: Kyogre
|-weather|PrimordialSea|[from] ability: Primordial Sea|[of] p2a: Kyogre
|move|p1a: Arceus|Recover|p1a: Arceus
|-heal|p1a: Arceus|100/100
|
|-weather|PrimordialSea|[upkeep]
|upkeep
|turn|30
|
|t:|1667267923
|move|p1a: Arceus|Calm Mind|p1a: Arceus
|-boost|p1a: Arceus|spa|1
|-boost|p1a: Arceus|spd|1
|move|p2a: Kyogre|Thunder|p1a: Arceus
|-supereffective|p1a: Arceus
|-damage|p1a: Arceus|64/100
|-status|p1a: Arceus|par
|
|-weather|PrimordialSea|[upkeep]
|upkeep
|turn|31
|
|t:|1667267925
|move|p2a: Kyogre|Thunder|p1a: Arceus
|-supereffective|p1a: Arceus
|-damage|p1a: Arceus|26/100 par
|move|p1a: Arceus|Refresh|p1a: Arceus
|-curestatus|p1a: Arceus|par|[msg]
|
|-weather|PrimordialSea|[upkeep]
|upkeep
|turn|32
|
|t:|1667267927
|move|p1a: Arceus|Recover|p1a: Arceus
|-heal|p1a: Arceus|76/100
|move|p2a: Kyogre|Thunder|p1a: Arceus
|-supereffective|p1a: Arceus
|-damage|p1a: Arceus|40/100
|
|-weather|PrimordialSea|[upkeep]
|upkeep
|turn|33
|
|t:|1667267929
|move|p1a: Arceus|Recover|p1a: Arceus
|-heal|p1a: Arceus|90/100
|move|p2a: Kyogre|Thunder|p1a: Arceus
|-supereffective|p1a: Arceus
|-damage|p1a: Arceus|51/100
|-status|p1a: Arceus|par
|
|-weather|PrimordialSea|[upkeep]
|upkeep
|turn|34
|
|t:|1667267932
|move|p2a: Kyogre|Thunder|p1a: Arceus
|-supereffective|p1a: Arceus
|-damage|p1a: Arceus|13/100 par
|move|p1a: Arceus|Refresh|p1a: Arceus
|-curestatus|p1a: Arceus|par|[msg]
|
|-weather|PrimordialSea|[upkeep]
|upkeep
|turn|35
|
|t:|1667267935
|move|p1a: Arceus|Recover|p1a: Arceus
|-heal|p1a: Arceus|63/100
|move|p2a: Kyogre|Thunder|p1a: Arceus
|-supereffective|p1a: Arceus
|-damage|p1a: Arceus|28/100
|
|-weather|PrimordialSea|[upkeep]
|upkeep
|turn|36
|
|t:|1667267937
|move|p1a: Arceus|Recover|p1a: Arceus
|-heal|p1a: Arceus|78/100
|move|p2a: Kyogre|Water Spout|p1a: Arceus
|-damage|p1a: Arceus|28/100
|
|-weather|PrimordialSea|[upkeep]
|upkeep
|turn|37
|
|t:|1667267943
|-start|p1a: Arceus|Dynamax|
|-heal|p1a: Arceus|28/100|[silent]
|move|p1a: Arceus|Max Airstream|p2a: Kyogre
|-damage|p2a: Kyogre|14/100
|-boost|p1a: Arceus|spe|1
|move|p2a: Kyogre|Thunder|p1a: Arceus
|-supereffective|p1a: Arceus
|-damage|p1a: Arceus|10/100
|
|-weather|PrimordialSea|[upkeep]
|upkeep
|turn|38
|
|t:|1667267952
|move|p1a: Arceus|Max Guard|p1a: Arceus
|-singleturn|p1a: Arceus|Max Guard
|move|p2a: Kyogre|Thunder|p1a: Arceus
|-activate|p1a: Arceus|move: Max Guard
|
|-weather|PrimordialSea|[upkeep]
|upkeep
|turn|39
|
|t:|1667267954
|move|p1a: Arceus|Max Airstream|p2a: Kyogre
|-damage|p2a: Kyogre|0 fnt
|-boost|p1a: Arceus|spe|1
|faint|p2a: Kyogre
|-weather|none
|
|upkeep
|
|t:|1667267958
|switch|p2a: Ditto|Ditto|68/100
|-damage|p2a: Ditto|56/100|[from] Stealth Rock
|-transform|p2a: Ditto|p1a: Arceus|[from] ability: Imposter
|-end|p1a: Arceus|Dynamax
|-heal|p1a: Arceus|10/100|[silent]
|turn|40
|
|t:|1667267961
|move|p2a: Ditto|Judgment|p1a: Arceus
|-damage|p1a: Arceus|0 fnt
|faint|p1a: Arceus
|
|win|ThenoJSZ
|raw|MiguelRRM's rating: 1826 &rarr; <strong>1812</strong><br />(-14 for losing)
|raw|ThenoJSZ's rating: 1926 &rarr; <strong>1940</strong><br />(+14 for winning)
||Ladder isn't responding, score probably updated but might not have (Request timeout).
