|j|☆EdgyHedgy
|j|☆maple_syrup689hoe
|t:|1649070679
|gametype|singles
|player|p1|EdgyHedgy|dawn-gen4pt|1527
|player|p2|maple_syrup689hoe|lyra|1575
|teamsize|p1|6
|teamsize|p2|6
|gen|8
|tier|[Gen 8] National Dex AG
|rated|
|rule|HP Percentage Mod: HP is shown in percentages
|rule|Endless Battle Clause: Forcing endless battles is banned
|clearpoke
|poke|p1|Arceus-*|
|poke|p1|Rayquaza|
|poke|p1|Groudon|
|poke|p1|Necrozma-Dusk-Mane|
|poke|p1|Yveltal|
|poke|p1|Zacian-*|
|poke|p2|Arceus-*|
|poke|p2|Calyrex-Shadow|
|poke|p2|Necrozma-Dusk-Mane|
|poke|p2|Xerneas-*|
|poke|p2|Zacian-*|
|poke|p2|Diancie|
|teampreview
|inactive|Battle timer is ON: inactive players will automatically lose when time's up. (requested by maple_syrup689hoe)
|
|t:|1649070684
|start
|switch|p1a: Arceus|Arceus-Fairy|100/100
|switch|p2a: Diancie|Diancie|100/100
|turn|1
|
|t:|1649070689
|detailschange|p2a: Diancie|Diancie-Mega
|-mega|p2a: Diancie|Diancie|Diancite
|move|p2a: Diancie|Stealth Rock|p1a: Arceus
|-sidestart|p1: EdgyHedgy|move: Stealth Rock
|move|p1a: Arceus|Roar|p2a: Diancie
|move|p2a: Diancie|Roar|p1a: Arceus|[from]ability: Magic Bounce
|drag|p1a: Zacian|Zacian-Crowned, shiny|100/100
|-damage|p1a: Zacian|94/100|[from] Stealth Rock
|-ability|p1a: Zacian|Intrepid Sword|boost
|-boost|p1a: Zacian|atk|1
|
|upkeep
|turn|2
|
|t:|1649070699
|switch|p2a: Necrozma|Necrozma-Dusk-Mane|100/100
|move|p1a: Zacian|Behemoth Blade|p2a: Necrozma
|-resisted|p2a: Necrozma
|-damage|p2a: Necrozma|55/100
|
|upkeep
|turn|3
|
|t:|1649070706
|switch|p1a: Groudon|Groudon, shiny|100/100
|-damage|p1a: Groudon|94/100|[from] Stealth Rock
|detailschange|p1a: Groudon|Groudon-Primal, shiny
|-primal|p1a: Groudon
|-weather|DesolateLand|[from] ability: Desolate Land|[of] p1a: Groudon
|move|p2a: Necrozma|Dragon Dance|p2a: Necrozma
|-boost|p2a: Necrozma|atk|1
|-boost|p2a: Necrozma|spe|1
|
|-weather|DesolateLand|[upkeep]
|upkeep
|turn|4
|
|t:|1649070714
|detailschange|p2a: Necrozma|Necrozma-Ultra
|-burst|p2a: Necrozma|Necrozma|Ultranecrozium Z
|move|p2a: Necrozma|Earthquake|p1a: Groudon
|-supereffective|p1a: Groudon
|-damage|p1a: Groudon|0 fnt
|faint|p1a: Groudon
|-weather|none
|
|upkeep
|
|t:|1649070718
|switch|p1a: Rayquaza|Rayquaza|100/100
|-damage|p1a: Rayquaza|76/100|[from] Stealth Rock
|-ability|p1a: Rayquaza|Air Lock
|turn|5
|
|t:|1649070723
|detailschange|p1a: Rayquaza|Rayquaza-Mega
|-mega|p1a: Rayquaza|Rayquaza|
|-weather|DeltaStream|[from] ability: Delta Stream|[of] p1a: Rayquaza
|move|p1a: Rayquaza|Extreme Speed|p2a: Necrozma
|-damage|p2a: Necrozma|0 fnt
|faint|p2a: Necrozma
|
|-weather|DeltaStream|[upkeep]
|upkeep
|
|t:|1649070732
|switch|p2a: Xerneas|Xerneas|100/100
|-ability|p2a: Xerneas|Fairy Aura
|turn|6
|
|t:|1649070736
|-weather|none
|switch|p1a: Necrozma|Necrozma-Dusk-Mane|100/100
|-damage|p1a: Necrozma|94/100|[from] Stealth Rock
|move|p2a: Xerneas|Moonblast|p1a: Necrozma
|-resisted|p1a: Necrozma
|-damage|p1a: Necrozma|62/100
|
|upkeep
|turn|7
|
|t:|1649070743
|switch|p2a: Zacian|Zacian-Crowned|100/100
|-ability|p2a: Zacian|Intrepid Sword|boost
|-boost|p2a: Zacian|atk|1
|move|p1a: Necrozma|Sunsteel Strike|p2a: Zacian
|-damage|p2a: Zacian|41/100
|
|upkeep
|turn|8
|
|t:|1649070747
|move|p2a: Zacian|Close Combat|p1a: Necrozma
|-damage|p1a: Necrozma|1/100
|-unboost|p2a: Zacian|def|1
|-unboost|p2a: Zacian|spd|1
|move|p1a: Necrozma|Earthquake|p2a: Zacian
|-supereffective|p2a: Zacian
|-damage|p2a: Zacian|0 fnt
|faint|p2a: Zacian
|
|upkeep
|c|☆EdgyHedgy|lol
|
|t:|1649070754
|switch|p2a: Arceus|Arceus|100/100
|turn|9
|
|t:|1649070759
|move|p2a: Arceus|Shadow Claw|p1a: Necrozma
|-supereffective|p1a: Necrozma
|-crit|p1a: Necrozma
|-damage|p1a: Necrozma|0 fnt
|faint|p1a: Necrozma
|
|upkeep
|
|t:|1649070762
|switch|p1a: Arceus|Arceus-Fairy|100/100
|-damage|p1a: Arceus|88/100|[from] Stealth Rock
|turn|10
|
|t:|1649070766
|move|p1a: Arceus|Stealth Rock|p2a: Arceus
|-sidestart|p2: maple_syrup689hoe|move: Stealth Rock
|move|p2a: Arceus|Swords Dance|p2a: Arceus
|-boost|p2a: Arceus|atk|2
|
|upkeep
|turn|11
|
|t:|1649070769
|move|p2a: Arceus|Extreme Speed|p1a: Arceus
|-damage|p1a: Arceus|19/100
|move|p1a: Arceus|Toxic|p2a: Arceus
|-status|p2a: Arceus|tox
|
|-damage|p2a: Arceus|94/100 tox|[from] psn
|upkeep
|turn|12
|
|t:|1649070773
|move|p2a: Arceus|Extreme Speed|p1a: Arceus
|-damage|p1a: Arceus|0 fnt
|faint|p1a: Arceus
|
|-damage|p2a: Arceus|82/100 tox|[from] psn
|upkeep
|
|t:|1649070776
|switch|p1a: Yveltal|Yveltal, shiny|100/100
|-damage|p1a: Yveltal|76/100|[from] Stealth Rock
|-ability|p1a: Yveltal|Dark Aura
|turn|13
|
|t:|1649070779
|-start|p1a: Yveltal|Dynamax|
|-heal|p1a: Yveltal|76/100|[silent]
|move|p2a: Arceus|Extreme Speed|p1a: Yveltal
|-damage|p1a: Yveltal|26/100
|move|p1a: Yveltal|Max Airstream|p2a: Arceus
|-damage|p2a: Arceus|34/100 tox
|-boost|p1a: Yveltal|spe|1
|
|-damage|p2a: Arceus|16/100 tox|[from] psn
|upkeep
|turn|14
|
|t:|1649070786
|move|p2a: Arceus|Extreme Speed|p1a: Yveltal
|-damage|p1a: Yveltal|0 fnt
|faint|p1a: Yveltal
|
|-damage|p2a: Arceus|0 fnt|[from] psn
|faint|p2a: Arceus
|upkeep
|
|t:|1649070790
|switch|p2a: Diancie|Diancie-Mega|100/100
|switch|p1a: Zacian|Zacian-Crowned, shiny|94/100
|-damage|p1a: Zacian|88/100|[from] Stealth Rock
|-ability|p1a: Zacian|Intrepid Sword|boost
|-boost|p1a: Zacian|atk|1
|-damage|p2a: Diancie|88/100|[from] Stealth Rock
|turn|15
|
|t:|1649070794
|move|p1a: Zacian|Behemoth Blade|p2a: Diancie
|-supereffective|p2a: Diancie
|-damage|p2a: Diancie|0 fnt
|faint|p2a: Diancie
|
|upkeep
|
|t:|1649070796
|switch|p2a: Calyrex|Calyrex-Shadow|100/100
|-ability|p2a: Calyrex|As One
|-ability|p2a: Calyrex|Unnerve
|-damage|p2a: Calyrex|88/100|[from] Stealth Rock
|turn|16
|
|t:|1649070806
|-start|p2a: Calyrex|Dynamax|
|-heal|p2a: Calyrex|88/100|[silent]
|move|p2a: Calyrex|Max Phantasm|p1a: Zacian
|-damage|p1a: Zacian|9/100
|-unboost|p1a: Zacian|def|1
|move|p1a: Zacian|Behemoth Blade|p2a: Calyrex
|-damage|p2a: Calyrex|0 fnt
|faint|p2a: Calyrex
|
|upkeep
|
|t:|1649070809
|switch|p2a: Xerneas|Xerneas|100/100
|-damage|p2a: Xerneas|88/100|[from] Stealth Rock
|-ability|p2a: Xerneas|Fairy Aura
|turn|17
|
|t:|1649070815
|move|p1a: Zacian|Behemoth Blade|p2a: Xerneas
|-supereffective|p2a: Xerneas
|-damage|p2a: Xerneas|0 fnt
|faint|p2a: Xerneas
|
|win|EdgyHedgy
|raw|EdgyHedgy's rating: 1527 &rarr; <strong>1550</strong><br />(+23 for winning)
|raw|maple_syrup689hoe's rating: 1575 &rarr; <strong>1552</strong><br />(-23 for losing)
