|j|☆MasterDylanBowDown
|j|☆the thin mints lad
|t:|1663001414
|gametype|singles
|player|p1|MasterDylanBowDown|roxie|1720
|player|p2|the thin mints lad|cress|1662
|teamsize|p1|6
|teamsize|p2|6
|gen|8
|tier|[Gen 8] National Dex AG
|rated|
|rule|HP Percentage Mod: HP is shown in percentages
|rule|Endless Battle Clause: Forcing endless battles is banned
|clearpoke
|poke|p1|Sableye, M|
|poke|p1|Chansey, F|
|poke|p1|Giratina|
|poke|p1|Lugia|
|poke|p1|Tyranitar, M|
|poke|p1|Quagsire, M|
|poke|p2|Marshadow|
|poke|p2|Ditto|
|poke|p2|Zygarde|
|poke|p2|Xerneas-*|
|poke|p2|Murkrow, F|
|poke|p2|Deoxys-Speed|
|teampreview
|inactive|Battle timer is ON: inactive players will automatically lose when time's up. (requested by MasterDylanBowDown)
|
|t:|1663001422
|start
|switch|p1a: Sableye|Sableye, M|100/100
|switch|p2a: noodle... uh dude.|Deoxys-Speed|100/100
|-ability|p2a: noodle... uh dude.|Pressure
|turn|1
|
|t:|1663001428
|detailschange|p1a: Sableye|Sableye-Mega, M
|-mega|p1a: Sableye|Sableye|Sablenite
|move|p1a: Sableye|Protect|p1a: Sableye
|-singleturn|p1a: Sableye|Protect
|move|p2a: noodle... uh dude.|Skill Swap|p1a: Sableye
|-activate|p1a: Sableye|move: Protect
|
|upkeep
|turn|2
|
|t:|1663001454
|switch|p1a: Giratina|Giratina, shiny|100/100
|-ability|p1a: Giratina|Pressure
|move|p2a: noodle... uh dude.|Skill Swap|p1a: Giratina
|-activate|p2a: noodle... uh dude.|move: Skill Swap|Pressure|Pressure|[of] p1a: Giratina
|-ability|p2a: noodle... uh dude.|Pressure
|-ability|p1a: Giratina|Pressure
|
|upkeep
|turn|3
|
|t:|1663001461
|move|p2a: noodle... uh dude.|Skill Swap|p1a: Giratina
|-activate|p2a: noodle... uh dude.|move: Skill Swap|Pressure|Pressure|[of] p1a: Giratina
|-ability|p2a: noodle... uh dude.|Pressure
|-ability|p1a: Giratina|Pressure
|move|p1a: Giratina|Toxic|p2a: noodle... uh dude.
|-status|p2a: noodle... uh dude.|tox
|
|-damage|p2a: noodle... uh dude.|94/100 tox|[from] psn
|upkeep
|turn|4
|
|t:|1663001470
|move|p2a: noodle... uh dude.|Taunt|p1a: Giratina
|-start|p1a: Giratina|move: Taunt
|cant|p1a: Giratina|move: Taunt|Defog
|
|-damage|p2a: noodle... uh dude.|82/100 tox|[from] psn
|upkeep
|turn|5
|
|t:|1663001481
|switch|p1a: Sableye|Sableye-Mega, M|100/100
|move|p2a: noodle... uh dude.|Spikes|p1a: Sableye
|move|p1a: Sableye|Spikes|p2a: noodle... uh dude.|[from]ability: Magic Bounce
|-sidestart|p2: the thin mints lad|Spikes
|
|-damage|p2a: noodle... uh dude.|63/100 tox|[from] psn
|upkeep
|turn|6
|
|t:|1663001486
|move|p1a: Sableye|Protect|p1a: Sableye
|-singleturn|p1a: Sableye|Protect
|move|p2a: noodle... uh dude.|Spikes|p1a: Sableye
|move|p1a: Sableye|Spikes|p2a: noodle... uh dude.|[from]ability: Magic Bounce
|-sidestart|p2: the thin mints lad|Spikes
|
|-damage|p2a: noodle... uh dude.|38/100 tox|[from] psn
|upkeep
|turn|7
|
|t:|1663001501
|switch|p2a: The better Yoinker|Ditto|100/100
|-damage|p2a: The better Yoinker|84/100|[from] Spikes
|-transform|p2a: The better Yoinker|p1a: Sableye|[from] ability: Imposter
|move|p1a: Sableye|Foul Play|p2a: The better Yoinker
|-damage|p2a: The better Yoinker|69/100
|
|upkeep
|turn|8
|
|t:|1663001516
|switch|p1a: Tyranitar|Tyranitar, M|100/100
|-weather|Sandstorm|[from] ability: Sand Stream|[of] p1a: Tyranitar
|move|p2a: The better Yoinker|Recover|p2a: The better Yoinker
|-heal|p2a: The better Yoinker|100/100
|
|-weather|Sandstorm|[upkeep]
|-damage|p2a: The better Yoinker|94/100|[from] Sandstorm
|upkeep
|turn|9
|
|t:|1663001522
|move|p1a: Tyranitar|Pursuit|p2a: The better Yoinker
|-damage|p2a: The better Yoinker|81/100
|move|p2a: The better Yoinker|Will-O-Wisp|p1a: Tyranitar
|-status|p1a: Tyranitar|brn
|
|-weather|Sandstorm|[upkeep]
|-damage|p2a: The better Yoinker|75/100|[from] Sandstorm
|-damage|p1a: Tyranitar|94/100 brn|[from] brn
|upkeep
|turn|10
|
|t:|1663001533
|move|p1a: Tyranitar|Rest|p1a: Tyranitar
|-status|p1a: Tyranitar|slp|[from] move: Rest
|-heal|p1a: Tyranitar|100/100 slp|[silent]
|move|p2a: The better Yoinker|Foul Play|p1a: Tyranitar
|-resisted|p1a: Tyranitar
|-damage|p1a: Tyranitar|84/100 slp
|
|-weather|Sandstorm|[upkeep]
|-damage|p2a: The better Yoinker|69/100|[from] Sandstorm
|-heal|p1a: Tyranitar|90/100 slp|[from] item: Leftovers
|upkeep
|turn|11
|
|t:|1663001537
|switch|p2a: Yoinker|Marshadow|100/100
|-damage|p2a: Yoinker|84/100|[from] Spikes
|cant|p1a: Tyranitar|slp
|
|-weather|Sandstorm|[upkeep]
|-damage|p2a: Yoinker|78/100|[from] Sandstorm
|-heal|p1a: Tyranitar|97/100 slp|[from] item: Leftovers
|upkeep
|turn|12
|
|t:|1663001548
|switch|p1a: Quagsire|Quagsire, M, shiny|100/100
|move|p2a: Yoinker|Poltergeist|p1a: Quagsire
|-activate|p1a: Quagsire|move: Poltergeist|Rocky Helmet
|-damage|p1a: Quagsire|47/100
|
|-weather|none
|upkeep
|turn|13
|inactive|MasterDylanBowDown has 120 seconds left.
|
|t:|1663001579
|switch|p1a: Tyranitar|Tyranitar, M|97/100 slp
|-weather|Sandstorm|[from] ability: Sand Stream|[of] p1a: Tyranitar
|move|p2a: Yoinker|Poltergeist|p1a: Tyranitar
|-activate|p1a: Tyranitar|move: Poltergeist|Leftovers
|-resisted|p1a: Tyranitar
|-damage|p1a: Tyranitar|67/100 slp
|
|-weather|Sandstorm|[upkeep]
|-damage|p2a: Yoinker|72/100|[from] Sandstorm
|-heal|p1a: Tyranitar|73/100 slp|[from] item: Leftovers
|upkeep
|turn|14
|inactive|MasterDylanBowDown has 120 seconds left.
|
|t:|1663001590
|switch|p1a: Quagsire|Quagsire, M, shiny|47/100
|move|p2a: Yoinker|Poltergeist|p1a: Quagsire
|-activate|p1a: Quagsire|move: Poltergeist|Rocky Helmet
|-damage|p1a: Quagsire|0 fnt
|faint|p1a: Quagsire
|
|-weather|Sandstorm|[upkeep]
|-damage|p2a: Yoinker|65/100|[from] Sandstorm
|upkeep
|inactive|MasterDylanBowDown has 120 seconds left.
|
|t:|1663001599
|switch|p1a: Sableye|Sableye-Mega, M|100/100
|turn|15
|
|t:|1663001604
|switch|p2a: The better Yoinker|Ditto|69/100
|-damage|p2a: The better Yoinker|53/100|[from] Spikes
|-transform|p2a: The better Yoinker|p1a: Sableye|[from] ability: Imposter
|move|p1a: Sableye|Foul Play|p2a: The better Yoinker
|-damage|p2a: The better Yoinker|38/100
|
|-weather|Sandstorm|[upkeep]
|-damage|p1a: Sableye|94/100|[from] Sandstorm
|-damage|p2a: The better Yoinker|32/100|[from] Sandstorm
|upkeep
|turn|16
|
|t:|1663001609
|move|p1a: Sableye|Foul Play|p2a: The better Yoinker
|-damage|p2a: The better Yoinker|15/100
|move|p2a: The better Yoinker|Recover|p2a: The better Yoinker
|-heal|p2a: The better Yoinker|65/100
|
|-weather|Sandstorm|[upkeep]
|-damage|p1a: Sableye|88/100|[from] Sandstorm
|-damage|p2a: The better Yoinker|59/100|[from] Sandstorm
|upkeep
|turn|17
|
|t:|1663001616
|switch|p1a: Chansey|Chansey, F|100/100
|move|p2a: The better Yoinker|Recover|p2a: The better Yoinker
|-heal|p2a: The better Yoinker|100/100
|
|-weather|none
|upkeep
|turn|18
|
|t:|1663001627
|switch|p2a: Yoinker|Marshadow|65/100
|-damage|p2a: Yoinker|49/100|[from] Spikes
|move|p1a: Chansey|Heal Bell|p1a: Chansey
|-activate|p1a: Chansey|move: Heal Bell
|-curestatus|p1: Tyranitar|slp|[msg]
|
|upkeep
|turn|19
|
|t:|1663001632
|switch|p2a: The better Yoinker|Ditto|100/100
|-damage|p2a: The better Yoinker|84/100|[from] Spikes
|-transform|p2a: The better Yoinker|p1a: Chansey|[from] ability: Imposter
|switch|p1a: Tyranitar|Tyranitar, M|73/100
|-weather|Sandstorm|[from] ability: Sand Stream|[of] p1a: Tyranitar
|
|-weather|Sandstorm|[upkeep]
|-damage|p2a: The better Yoinker|78/100|[from] Sandstorm
|-heal|p1a: Tyranitar|79/100|[from] item: Leftovers
|upkeep
|turn|20
|
|t:|1663001661
|switch|p2a: 10 literal dogs|Zygarde|100/100
|-damage|p2a: 10 literal dogs|84/100|[from] Spikes
|move|p1a: Tyranitar|Stealth Rock|p2a: 10 literal dogs
|-sidestart|p2: the thin mints lad|move: Stealth Rock
|
|-weather|Sandstorm|[upkeep]
|-heal|p1a: Tyranitar|85/100|[from] item: Leftovers
|upkeep
|turn|21
|
|t:|1663001671
|switch|p1a: Lugia|Lugia, shiny|100/100
|move|p2a: 10 literal dogs|Coil|p2a: 10 literal dogs
|-boost|p2a: 10 literal dogs|atk|1
|-boost|p2a: 10 literal dogs|def|1
|-boost|p2a: 10 literal dogs|accuracy|1
|
|-weather|Sandstorm|[upkeep]
|-damage|p1a: Lugia|94/100|[from] Sandstorm
|-heal|p1a: Lugia|100/100|[from] item: Leftovers
|upkeep
|turn|22
|
|t:|1663001677
|move|p2a: 10 literal dogs|Glare|p1a: Lugia
|-status|p1a: Lugia|par
|move|p1a: Lugia|Whirlwind|p2a: 10 literal dogs
|drag|p2a: smeargle hater|Murkrow, F|100/100
|-damage|p2a: smeargle hater|76/100|[from] Stealth Rock
|
|-weather|Sandstorm|[upkeep]
|-damage|p2a: smeargle hater|70/100|[from] Sandstorm
|-damage|p1a: Lugia|94/100 par|[from] Sandstorm
|-heal|p1a: Lugia|100/100 par|[from] item: Leftovers
|upkeep
|turn|23
|
|t:|1663001685
|switch|p1a: Chansey|Chansey, F|100/100
|move|p2a: smeargle hater|Taunt|p1a: Chansey
|-start|p1a: Chansey|move: Taunt
|
|-weather|none
|upkeep
|turn|24
|
|t:|1663001694
|switch|p1a: Tyranitar|Tyranitar, M|85/100
|-weather|Sandstorm|[from] ability: Sand Stream|[of] p1a: Tyranitar
|move|p2a: smeargle hater|Roost|p2a: smeargle hater
|-heal|p2a: smeargle hater|100/100
|-singleturn|p2a: smeargle hater|move: Roost
|
|-weather|Sandstorm|[upkeep]
|-damage|p2a: smeargle hater|94/100|[from] Sandstorm
|-heal|p1a: Tyranitar|92/100|[from] item: Leftovers
|upkeep
|turn|25
|
|t:|1663001701
|switch|p2a: 10 literal dogs|Zygarde|84/100
|-damage|p2a: 10 literal dogs|67/100|[from] Spikes
|-damage|p2a: 10 literal dogs|61/100|[from] Stealth Rock
|move|p1a: Tyranitar|Rock Blast|p2a: 10 literal dogs
|-resisted|p2a: 10 literal dogs
|-damage|p2a: 10 literal dogs|58/100
|-resisted|p2a: 10 literal dogs
|-damage|p2a: 10 literal dogs|54/100
|-hitcount|p2a: 10 literal dogs|2
|
|-weather|Sandstorm|[upkeep]
|-heal|p1a: Tyranitar|98/100|[from] item: Leftovers
|upkeep
|turn|26
|
|t:|1663001713
|switch|p1a: Lugia|Lugia, shiny|100/100 par
|move|p2a: 10 literal dogs|Thousand Arrows|p1a: Lugia
|-damage|p1a: Lugia|93/100 par
|-start|p1a: Lugia|Smack Down
|
|-weather|Sandstorm|[upkeep]
|-damage|p1a: Lugia|87/100 par|[from] Sandstorm
|-heal|p1a: Lugia|93/100 par|[from] item: Leftovers
|upkeep
|turn|27
|
|t:|1663001727
|move|p2a: 10 literal dogs|Thousand Arrows|p1a: Lugia
|-damage|p1a: Lugia|77/100 par
|cant|p1a: Lugia|par
|
|-weather|Sandstorm|[upkeep]
|-damage|p1a: Lugia|70/100 par|[from] Sandstorm
|-heal|p1a: Lugia|77/100 par|[from] item: Leftovers
|upkeep
|turn|28
|
|t:|1663001734
|move|p2a: 10 literal dogs|Thousand Arrows|p1a: Lugia
|-damage|p1a: Lugia|62/100 par
|cant|p1a: Lugia|par
|
|-weather|none
|-heal|p1a: Lugia|68/100 par|[from] item: Leftovers
|upkeep
|turn|29
|
|t:|1663001746
|move|p2a: 10 literal dogs|Coil|p2a: 10 literal dogs
|-boost|p2a: 10 literal dogs|atk|1
|-boost|p2a: 10 literal dogs|def|1
|-boost|p2a: 10 literal dogs|accuracy|1
|move|p1a: Lugia|Roost|p1a: Lugia
|-heal|p1a: Lugia|100/100 par
|-singleturn|p1a: Lugia|move: Roost
|
|upkeep
|turn|30
|
|t:|1663001753
|-start|p2a: 10 literal dogs|Dynamax|
|-heal|p2a: 10 literal dogs|54/100|[silent]
|move|p2a: 10 literal dogs|Max Quake|p1a: Lugia
|-damage|p1a: Lugia|84/100 par
|-boost|p2a: 10 literal dogs|spd|1
|move|p1a: Lugia|Whirlwind|p2a: 10 literal dogs
|-block|p2a: 10 literal dogs|Dynamax
|
|-heal|p1a: Lugia|90/100 par|[from] item: Leftovers
|upkeep
|turn|31
|
|t:|1663001758
|move|p2a: 10 literal dogs|Max Quake|p1a: Lugia
|-damage|p1a: Lugia|58/100 par
|-boost|p2a: 10 literal dogs|spd|1
|cant|p1a: Lugia|par
|
|-heal|p1a: Lugia|64/100 par|[from] item: Leftovers
|upkeep
|turn|32
|
|t:|1663001763
|move|p2a: 10 literal dogs|Max Quake|p1a: Lugia
|-damage|p1a: Lugia|30/100 par
|-boost|p2a: 10 literal dogs|spd|1
|move|p1a: Lugia|Roost|p1a: Lugia
|-heal|p1a: Lugia|80/100 par
|-singleturn|p1a: Lugia|move: Roost
|
|-heal|p1a: Lugia|86/100 par|[from] item: Leftovers
|upkeep
|-end|p2a: 10 literal dogs|Dynamax
|-heal|p2a: 10 literal dogs|54/100|[silent]
|turn|33
|c|☆MasterDylanBowDown|you never kill lugia
|c|☆MasterDylanBowDown|btw
|c|☆the thin mints lad|welp aight
|c|☆MasterDylanBowDown|maybe if your +3
|c|☆MasterDylanBowDown|def if +4
|c|☆the thin mints lad|not like it'll kill me anytime soon
|c|☆MasterDylanBowDown|but other wise
|inactive|the thin mints lad has 120 seconds left.
|c|☆MasterDylanBowDown|well spikes
|
|t:|1663001797
|move|p2a: 10 literal dogs|Thousand Arrows|p1a: Lugia
|-damage|p1a: Lugia|61/100 par
|move|p1a: Lugia|Whirlwind|p2a: 10 literal dogs
|drag|p2a: Yoinker|Marshadow|49/100
|-damage|p2a: Yoinker|32/100|[from] Spikes
|-damage|p2a: Yoinker|26/100|[from] Stealth Rock
|
|-heal|p1a: Lugia|67/100 par|[from] item: Leftovers
|upkeep
|turn|34
|c|☆MasterDylanBowDown|and i have ice bea,
|inactive|the thin mints lad has 120 seconds left.
|j| Apprenti Buck
|
|t:|1663001813
|switch|p1a: Tyranitar|Tyranitar, M|98/100
|-weather|Sandstorm|[from] ability: Sand Stream|[of] p1a: Tyranitar
|move|p2a: Yoinker|Poltergeist|p1a: Tyranitar
|-activate|p1a: Tyranitar|move: Poltergeist|Leftovers
|-resisted|p1a: Tyranitar
|-damage|p1a: Tyranitar|67/100
|
|-weather|Sandstorm|[upkeep]
|-damage|p2a: Yoinker|20/100|[from] Sandstorm
|-heal|p1a: Tyranitar|73/100|[from] item: Leftovers
|upkeep
|turn|35
|inactive|the thin mints lad has 120 seconds left.
|
|t:|1663001827
|-activate|p2a: Yoinker|move: Pursuit
|move|p1a: Tyranitar|Pursuit|p2a: Yoinker|[from]Pursuit
|-damage|p2a: Yoinker|0 fnt
|faint|p2a: Yoinker
|-hint|A Pokemon can't switch between when it runs out of HP and when it faints
|
|-weather|Sandstorm|[upkeep]
|-heal|p1a: Tyranitar|79/100|[from] item: Leftovers
|upkeep
|
|t:|1663001831
|switch|p2a: LooksLikeaYToMeNgl|Xerneas|100/100
|-damage|p2a: LooksLikeaYToMeNgl|84/100|[from] Spikes
|-damage|p2a: LooksLikeaYToMeNgl|72/100|[from] Stealth Rock
|-ability|p2a: LooksLikeaYToMeNgl|Fairy Aura
|turn|36
|c|☆MasterDylanBowDown|gemon wont help either tbh
|inactive|the thin mints lad has 120 seconds left.
|
|t:|1663001847
|switch|p2a: 10 literal dogs|Zygarde|54/100
|-damage|p2a: 10 literal dogs|38/100|[from] Spikes
|-damage|p2a: 10 literal dogs|31/100|[from] Stealth Rock
|switch|p1a: Chansey|Chansey, F|100/100
|
|-weather|Sandstorm|[upkeep]
|-damage|p1a: Chansey|94/100|[from] Sandstorm
|-activate|p2a: 10 literal dogs|ability: Power Construct
|detailschange|p2a: 10 literal dogs|Zygarde-Complete
|-heal|p2a: 10 literal dogs|55/100|[silent]
|upkeep
|turn|37
|inactive|the thin mints lad has 120 seconds left.
|
|t:|1663001872
|switch|p1a: Lugia|Lugia, shiny|67/100 par
|move|p2a: 10 literal dogs|Rest|p2a: 10 literal dogs
|-status|p2a: 10 literal dogs|slp|[from] move: Rest
|-heal|p2a: 10 literal dogs|100/100 slp|[silent]
|
|-weather|Sandstorm|[upkeep]
|-damage|p1a: Lugia|61/100 par|[from] Sandstorm
|-heal|p1a: Lugia|67/100 par|[from] item: Leftovers
|upkeep
|turn|38
|
|t:|1663001877
|cant|p2a: 10 literal dogs|slp
|move|p1a: Lugia|Ice Beam|p2a: 10 literal dogs
|-supereffective|p2a: 10 literal dogs
|-damage|p2a: 10 literal dogs|60/100 slp
|
|-weather|none
|-heal|p1a: Lugia|74/100 par|[from] item: Leftovers
|upkeep
|turn|39
|inactive|the thin mints lad has 120 seconds left.
|
|t:|1663001890
|switch|p2a: smeargle hater|Murkrow, F|94/100
|-damage|p2a: smeargle hater|70/100|[from] Stealth Rock
|cant|p1a: Lugia|par
|
|-heal|p1a: Lugia|80/100 par|[from] item: Leftovers
|upkeep
|turn|40
|inactive|the thin mints lad has 120 seconds left.
|
|t:|1663001904
|switch|p1a: Tyranitar|Tyranitar, M|79/100
|-weather|Sandstorm|[from] ability: Sand Stream|[of] p1a: Tyranitar
|move|p2a: smeargle hater|Taunt|p1a: Tyranitar
|-hint|Since gen 7, Dark is immune to Prankster moves.
|-immune|p1a: Tyranitar
|
|-weather|Sandstorm|[upkeep]
|-damage|p2a: smeargle hater|63/100|[from] Sandstorm
|-heal|p1a: Tyranitar|85/100|[from] item: Leftovers
|upkeep
|turn|41
|
|t:|1663001909
|move|p2a: smeargle hater|Roost|p2a: smeargle hater
|-heal|p2a: smeargle hater|100/100
|-singleturn|p2a: smeargle hater|move: Roost
|move|p1a: Tyranitar|Rock Blast|p2a: smeargle hater|[miss]
|-miss|p1a: Tyranitar|p2a: smeargle hater
|
|-weather|Sandstorm|[upkeep]
|-damage|p2a: smeargle hater|94/100|[from] Sandstorm
|-heal|p1a: Tyranitar|91/100|[from] item: Leftovers
|upkeep
|turn|42
|
|t:|1663001917
|switch|p2a: 10 literal dogs|Zygarde-Complete|60/100 slp
|-damage|p2a: 10 literal dogs|43/100 slp|[from] Spikes
|-damage|p2a: 10 literal dogs|37/100 slp|[from] Stealth Rock
|move|p1a: Tyranitar|Rock Blast|p2a: 10 literal dogs
|-resisted|p2a: 10 literal dogs
|-damage|p2a: 10 literal dogs|35/100 slp
|-resisted|p2a: 10 literal dogs
|-damage|p2a: 10 literal dogs|33/100 slp
|-resisted|p2a: 10 literal dogs
|-damage|p2a: 10 literal dogs|31/100 slp
|-resisted|p2a: 10 literal dogs
|-damage|p2a: 10 literal dogs|28/100 slp
|-hitcount|p2a: 10 literal dogs|4
|
|-weather|Sandstorm|[upkeep]
|-heal|p1a: Tyranitar|98/100|[from] item: Leftovers
|upkeep
|turn|43
|
|t:|1663001922
|switch|p1a: Lugia|Lugia, shiny|80/100 par
|cant|p2a: 10 literal dogs|slp
|
|-weather|Sandstorm|[upkeep]
|-damage|p1a: Lugia|74/100 par|[from] Sandstorm
|-heal|p1a: Lugia|80/100 par|[from] item: Leftovers
|upkeep
|turn|44
|
|t:|1663001926
|-curestatus|p2a: 10 literal dogs|slp|[msg]
|move|p2a: 10 literal dogs|Rest|p2a: 10 literal dogs
|-status|p2a: 10 literal dogs|slp|[from] move: Rest
|-heal|p2a: 10 literal dogs|100/100 slp|[silent]
|move|p1a: Lugia|Ice Beam|p2a: 10 literal dogs
|-supereffective|p2a: 10 literal dogs
|-damage|p2a: 10 literal dogs|55/100 slp
|
|-weather|none
|-heal|p1a: Lugia|86/100 par|[from] item: Leftovers
|upkeep
|turn|45
|
|t:|1663001931
|switch|p2a: LooksLikeaYToMeNgl|Xerneas|72/100
|-damage|p2a: LooksLikeaYToMeNgl|55/100|[from] Spikes
|-damage|p2a: LooksLikeaYToMeNgl|43/100|[from] Stealth Rock
|-ability|p2a: LooksLikeaYToMeNgl|Fairy Aura
|move|p1a: Lugia|Ice Beam|p2a: LooksLikeaYToMeNgl
|-damage|p2a: LooksLikeaYToMeNgl|24/100
|
|-heal|p1a: Lugia|92/100 par|[from] item: Leftovers
|upkeep
|turn|46
|
|t:|1663001946
|switch|p1a: Chansey|Chansey, F|94/100
|move|p2a: LooksLikeaYToMeNgl|Moonblast|p1a: Chansey
|-damage|p1a: Chansey|77/100
|
|upkeep
|turn|47
|c|☆MasterDylanBowDown|forfeit?
|-message|the thin mints lad forfeited.
|
|win|MasterDylanBowDown
|raw|MasterDylanBowDown's rating: 1720 &rarr; <strong>1737</strong><br />(+17 for winning)
|raw|the thin mints lad's rating: 1662 &rarr; <strong>1645</strong><br />(-17 for losing)
|l|☆the thin mints lad
|c|☆MasterDylanBowDown|ty
|c|☆MasterDylanBowDown|gg
||Ladder isn't responding, score probably updated but might not have (Request timeout).
