|j|☆rajof
|j|☆CLEAR GEM清瑜
|t:|1622904980
|gametype|singles
|player|p1|rajof|youngster-gen4|1658
|player|p2|CLEAR GEM清瑜|skierf|1775
|teamsize|p1|6
|teamsize|p2|6
|gen|8
|tier|[Gen 8] National Dex AG
|rated|
|rule|HP Percentage Mod: HP is shown in percentages
|rule|Endless Battle Clause: Forcing endless battles is banned
|clearpoke
|poke|p1|Arceus-*|
|poke|p1|Ditto|
|poke|p1|Chansey, F|
|poke|p1|Lugia|
|poke|p1|Groudon|
|poke|p1|Arceus-*|
|poke|p2|Rayquaza|
|poke|p2|Groudon|
|poke|p2|Kyurem-Black|
|poke|p2|Yveltal|
|poke|p2|Zacian-*|
|poke|p2|Calyrex-Shadow|
|teampreview
|inactive|Battle timer is ON: inactive players will automatically lose when time's up. (requested by CLEAR GEM清瑜)
|
|t:|1622905003
|start
|switch|p1a: 아르세우스|Arceus-Fairy|100/100
|switch|p2a: Groudon|Groudon|100/100
|detailschange|p2a: Groudon|Groudon-Primal
|-primal|p2a: Groudon
|-weather|DesolateLand|[from] ability: Desolate Land|[of] p2a: Groudon
|turn|1
|
|t:|1622905008
|move|p1a: 아르세우스|Earth Power|p2a: Groudon
|-supereffective|p2a: Groudon
|-damage|p2a: Groudon|56/100
|-unboost|p2a: Groudon|spd|1
|move|p2a: Groudon|Stealth Rock|p1a: 아르세우스
|-sidestart|p1: rajof|move: Stealth Rock
|
|-weather|DesolateLand|[upkeep]
|upkeep
|turn|2
|
|t:|1622905018
|switch|p1a: 루기아|Lugia|100/100
|-damage|p1a: 루기아|75/100|[from] Stealth Rock
|-weather|none
|switch|p2a: Yveltal|Yveltal|100/100
|-ability|p2a: Yveltal|Dark Aura
|
|upkeep
|turn|3
|
|t:|1622905021
|switch|p1a: 럭키|Chansey, F|100/100
|-damage|p1a: 럭키|88/100|[from] Stealth Rock
|move|p2a: Yveltal|Dark Pulse|p1a: 럭키
|-damage|p1a: 럭키|71/100
|
|upkeep
|turn|4
|
|t:|1622905027
|move|p2a: Yveltal|Taunt|p1a: 럭키
|-start|p1a: 럭키|move: Taunt
|cant|p1a: 럭키|move: Taunt|Wish
|
|upkeep
|turn|5
|
|t:|1622905032
|move|p2a: Yveltal|Dark Pulse|p1a: 럭키
|-crit|p1a: 럭키
|-damage|p1a: 럭키|42/100
|move|p1a: 럭키|Seismic Toss|p2a: Yveltal
|-damage|p2a: Yveltal|75/100
|
|upkeep
|turn|6
|
|t:|1622905038
|move|p2a: Yveltal|Oblivion Wing|p1a: 럭키
|-crit|p1a: 럭키
|-damage|p1a: 럭키|23/100
|-heal|p2a: Yveltal|99/100|[from] drain|[of] p1a: 럭키
|move|p1a: 럭키|Seismic Toss|p2a: Yveltal
|-damage|p2a: Yveltal|75/100
|
|-end|p1a: 럭키|move: Taunt
|upkeep
|turn|7
|
|t:|1622905046
|switch|p1a: 아르세우스|Arceus-Fairy|100/100
|-damage|p1a: 아르세우스|88/100|[from] Stealth Rock
|move|p2a: Yveltal|Taunt|p1a: 아르세우스
|-start|p1a: 아르세우스|move: Taunt
|
|upkeep
|turn|8
|
|t:|1622905048
|move|p2a: Yveltal|Oblivion Wing|p1a: 아르세우스
|-damage|p1a: 아르세우스|60/100
|-heal|p2a: Yveltal|98/100|[from] drain|[of] p1a: 아르세우스
|move|p1a: 아르세우스|Judgment|p2a: Yveltal
|-supereffective|p2a: Yveltal
|-damage|p2a: Yveltal|19/100
|-enditem|p2a: Yveltal|Weakness Policy
|-boost|p2a: Yveltal|atk|2|[from] item: Weakness Policy
|-boost|p2a: Yveltal|spa|2|[from] item: Weakness Policy
|
|upkeep
|turn|9
|
|t:|1622905057
|move|p2a: Yveltal|Oblivion Wing|p1a: 아르세우스
|-damage|p1a: 아르세우스|3/100
|-heal|p2a: Yveltal|67/100|[from] drain|[of] p1a: 아르세우스
|move|p1a: 아르세우스|Judgment|p2a: Yveltal
|-supereffective|p2a: Yveltal
|-damage|p2a: Yveltal|0 fnt
|faint|p2a: Yveltal
|
|-end|p1a: 아르세우스|move: Taunt
|upkeep
|
|t:|1622905066
|switch|p2a: Calyrex|Calyrex-Shadow|100/100
|-ability|p2a: Calyrex|As One
|-ability|p2a: Calyrex|Unnerve
|turn|10
|
|t:|1622905076
|switch|p1a: 악르세우스|Arceus-Dark|100/100
|-damage|p1a: 악르세우스|88/100|[from] Stealth Rock
|move|p2a: Calyrex|Psyshock|p1a: 악르세우스
|-immune|p1a: 악르세우스
|
|upkeep
|turn|11
|
|t:|1622905085
|switch|p2a: Zacian|Zacian-Crowned|100/100
|-ability|p2a: Zacian|Intrepid Sword|boost
|-boost|p2a: Zacian|atk|1
|move|p1a: 악르세우스|Judgment|p2a: Zacian
|-resisted|p2a: Zacian
|-damage|p2a: Zacian|82/100
|
|upkeep
|turn|12
|
|t:|1622905097
|switch|p1a: 루기아|Lugia|75/100
|-damage|p1a: 루기아|50/100|[from] Stealth Rock
|move|p2a: Zacian|Close Combat|p1a: 루기아
|-resisted|p1a: 루기아
|-damage|p1a: 루기아|42/100
|-unboost|p2a: Zacian|def|1
|-unboost|p2a: Zacian|spd|1
|-damage|p2a: Zacian|66/100|[from] item: Rocky Helmet|[of] p1a: 루기아
|
|upkeep
|turn|13
|
|t:|1622905103
|move|p2a: Zacian|Behemoth Blade|p1a: 루기아
|-crit|p1a: 루기아
|-damage|p1a: 루기아|0 fnt
|-damage|p2a: Zacian|49/100|[from] item: Rocky Helmet|[of] p1a: 루기아
|faint|p1a: 루기아
|
|upkeep
|
|t:|1622905106
|switch|p1a: 메타몽|Ditto|100/100
|-damage|p1a: 메타몽|88/100|[from] Stealth Rock
|-transform|p1a: 메타몽|p2a: Zacian|[from] ability: Imposter
|-ability|p1a: 메타몽|Intrepid Sword|boost
|-boost|p1a: 메타몽|atk|1
|turn|14
|
|t:|1622905113
|move|p2a: Zacian|Quick Attack|p1a: 메타몽
|-resisted|p1a: 메타몽
|-damage|p1a: 메타몽|68/100
|move|p1a: 메타몽|Behemoth Blade|p2a: Zacian
|-damage|p2a: Zacian|0 fnt
|faint|p2a: Zacian
|
|upkeep
|
|t:|1622905132
|switch|p2a: Rayquaza|Rayquaza|100/100
|-ability|p2a: Rayquaza|Air Lock
|turn|15
|
|t:|1622905141
|detailschange|p2a: Rayquaza|Rayquaza-Mega
|-mega|p2a: Rayquaza|Rayquaza|
|-weather|DeltaStream|[from] ability: Delta Stream|[of] p2a: Rayquaza
|move|p1a: 메타몽|Behemoth Blade|p2a: Rayquaza
|-enditem|p2a: Rayquaza|Focus Sash
|-damage|p2a: Rayquaza|1/100
|move|p2a: Rayquaza|Earthquake|p1a: 메타몽
|-supereffective|p1a: 메타몽
|-damage|p1a: 메타몽|0 fnt
|faint|p1a: 메타몽
|
|-weather|DeltaStream|[upkeep]
|upkeep
|
|t:|1622905151
|switch|p1a: 악르세우스|Arceus-Dark|88/100
|-damage|p1a: 악르세우스|76/100|[from] Stealth Rock
|turn|16
|
|t:|1622905154
|move|p1a: 악르세우스|Judgment|p2a: Rayquaza
|-damage|p2a: Rayquaza|0 fnt
|faint|p2a: Rayquaza
|-weather|none
|
|upkeep
|
|t:|1622905156
|switch|p2a: Groudon|Groudon-Primal|56/100
|-weather|DesolateLand|[from] ability: Desolate Land|[of] p2a: Groudon
|turn|17
|
|t:|1622905164
|switch|p1a: 아르세우스|Arceus-Fairy|3/100
|-damage|p1a: 아르세우스|0 fnt|[from] Stealth Rock
|faint|p1a: 아르세우스
|move|p2a: Groudon|Precipice Blades|p1: 아르세우스|[notarget]
|-fail|p2a: Groudon
|
|-weather|DesolateLand|[upkeep]
|upkeep
|
|t:|1622905181
|switch|p1a: 악르세우스|Arceus-Dark|76/100
|-damage|p1a: 악르세우스|63/100|[from] Stealth Rock
|turn|18
|
|t:|1622905189
|move|p1a: 악르세우스|Judgment|p2a: Groudon
|-damage|p2a: Groudon|15/100
|move|p2a: Groudon|Precipice Blades|p1a: 악르세우스
|-damage|p1a: 악르세우스|5/100
|
|-weather|DesolateLand|[upkeep]
|upkeep
|turn|19
|
|t:|1622905205
|move|p1a: 악르세우스|Judgment|p2a: Groudon
|-damage|p2a: Groudon|0 fnt
|faint|p2a: Groudon
|-weather|none
|
|upkeep
|
|t:|1622905232
|switch|p2a: Calyrex|Calyrex-Shadow|100/100
|-ability|p2a: Calyrex|As One
|-ability|p2a: Calyrex|Unnerve
|turn|20
|
|t:|1622905235
|move|p2a: Calyrex|Grass Knot|p1a: 악르세우스
|-damage|p1a: 악르세우스|0 fnt
|faint|p1a: 악르세우스
|-ability|p2a: Calyrex|Grim Neigh|boost
|-boost|p2a: Calyrex|spa|1
|
|upkeep
|
|t:|1622905239
|switch|p1a: 럭키|Chansey, F|23/100
|-damage|p1a: 럭키|10/100|[from] Stealth Rock
|turn|21
|
|t:|1622905242
|move|p2a: Calyrex|Psyshock|p1a: 럭키
|-damage|p1a: 럭키|0 fnt
|faint|p1a: 럭키
|-ability|p2a: Calyrex|Grim Neigh|boost
|-boost|p2a: Calyrex|spa|1
|
|upkeep
|-message|rajof forfeited.
|
|win|CLEAR GEM清瑜
|raw|rajof's rating: 1658 &rarr; <strong>1644</strong><br />(-14 for losing)
|raw|CLEAR GEM清瑜's rating: 1775 &rarr; <strong>1789</strong><br />(+14 for winning)
|l|☆rajof
