|j|☆Hoenn Militian
|j|☆Emorawr79
|t:|1651782236
|gametype|singles
|player|p1|Hoenn Militian|ingo|1739
|player|p2|Emorawr79|ghetsis|1779
|teamsize|p1|6
|teamsize|p2|6
|gen|8
|tier|[Gen 8] National Dex AG
|rated|
|rule|HP Percentage Mod: HP is shown in percentages
|rule|Endless Battle Clause: Forcing endless battles is banned
|clearpoke
|poke|p1|Yveltal|
|poke|p1|Quagsire, F|
|poke|p1|Mamoswine, F|
|poke|p1|Shedinja|
|poke|p1|Kyogre|
|poke|p1|Zacian-*|
|poke|p2|Calyrex-Shadow|
|poke|p2|Smeargle, M|
|poke|p2|Ditto|
|poke|p2|Zygarde|
|poke|p2|Yveltal|
|poke|p2|Arceus-*|
|teampreview
|
|t:|1651782258
|start
|switch|p1a: Kyogre|Kyogre|100/100
|switch|p2a: Smeargle|Smeargle, M|100/100
|-weather|RainDance|[from] ability: Drizzle|[of] p1a: Kyogre
|turn|1
|inactive|Battle timer is ON: inactive players will automatically lose when time's up. (requested by Emorawr79)
|
|t:|1651782266
|move|p1a: Kyogre|Surf|p2a: Smeargle
|-enditem|p2a: Smeargle|Focus Sash
|-damage|p2a: Smeargle|1/100
|move|p2a: Smeargle|Spore|p1a: Kyogre
|-activate|p1a: Kyogre|item: Safety Goggles|Spore
|
|-weather|RainDance|[upkeep]
|-ability|p2a: Smeargle|Moody|boost
|-boost|p2a: Smeargle|spa|2
|-unboost|p2a: Smeargle|spe|1
|upkeep
|turn|2
|
|t:|1651782275
|move|p1a: Kyogre|Surf|p2a: Smeargle
|-damage|p2a: Smeargle|0 fnt
|faint|p2a: Smeargle
|
|-weather|RainDance|[upkeep]
|upkeep
|
|t:|1651782284
|switch|p2a: Calyrex|Calyrex-Shadow|100/100
|-ability|p2a: Calyrex|As One
|-ability|p2a: Calyrex|Unnerve
|turn|3
|
|t:|1651782294
|switch|p1a: Yveltal|Yveltal|100/100
|-ability|p1a: Yveltal|Dark Aura
|move|p2a: Calyrex|Astral Barrage|p1a: Yveltal
|-resisted|p1a: Yveltal
|-damage|p1a: Yveltal|72/100
|
|-weather|RainDance|[upkeep]
|upkeep
|turn|4
|
|t:|1651782304
|switch|p2a: Arceus|Arceus-Ground|100/100
|move|p1a: Yveltal|Knock Off|p2a: Arceus
|-damage|p2a: Arceus|76/100
|
|-weather|RainDance|[upkeep]
|upkeep
|turn|5
|inactive|Emorawr79 has 120 seconds left.
|
|t:|1651782339
|switch|p2a: Ditto|Ditto|100/100
|-transform|p2a: Ditto|p1a: Yveltal|[from] ability: Imposter
|-ability|p2a: Ditto|Dark Aura
|move|p1a: Yveltal|Oblivion Wing|p2a: Ditto
|-damage|p2a: Ditto|58/100
|-heal|p1a: Yveltal|95/100|[from] drain|[of] p2a: Ditto
|
|-weather|none
|upkeep
|turn|6
|
|t:|1651782350
|move|p2a: Ditto|Knock Off|p1a: Yveltal
|-resisted|p1a: Yveltal
|-damage|p1a: Yveltal|67/100
|-enditem|p1a: Yveltal|Heavy-Duty Boots|[from] move: Knock Off|[of] p2a: Ditto
|move|p1a: Yveltal|Oblivion Wing|p2a: Ditto
|-damage|p2a: Ditto|14/100
|-heal|p1a: Yveltal|92/100|[from] drain|[of] p2a: Ditto
|
|upkeep
|turn|7
|
|t:|1651782358
|move|p1a: Yveltal|Oblivion Wing|p2a: Ditto
|-damage|p2a: Ditto|0 fnt
|-heal|p1a: Yveltal|99/100|[from] drain|[of] p2a: Ditto
|faint|p2a: Ditto
|
|upkeep
|
|t:|1651782361
|switch|p2a: Yveltal|Yveltal|100/100
|-ability|p2a: Yveltal|Dark Aura
|turn|8
|
|t:|1651782372
|-start|p2a: Yveltal|Dynamax|
|-heal|p2a: Yveltal|100/100|[silent]
|move|p2a: Yveltal|Max Airstream|p1a: Yveltal
|-damage|p1a: Yveltal|24/100
|-boost|p2a: Yveltal|spe|1
|-damage|p2a: Yveltal|96/100|[from] item: Life Orb
|move|p1a: Yveltal|Oblivion Wing|p2a: Yveltal
|-damage|p2a: Yveltal|78/100
|-heal|p1a: Yveltal|50/100|[from] drain|[of] p2a: Yveltal
|
|upkeep
|turn|9
|inactive|Hoenn Militian has 120 seconds left.
|
|t:|1651782404
|switch|p1a: Quagsire|Quagsire, F|100/100
|move|p2a: Yveltal|Max Airstream|p1a: Quagsire
|-damage|p1a: Quagsire|0 fnt
|-boost|p2a: Yveltal|spe|1
|faint|p1a: Quagsire
|-damage|p2a: Yveltal|73/100|[from] item: Life Orb
|
|upkeep
|inactive|Hoenn Militian has 120 seconds left.
|
|t:|1651782414
|switch|p1a: Yveltal|Yveltal|50/100
|-ability|p1a: Yveltal|Dark Aura
|turn|10
|
|t:|1651782418
|move|p2a: Yveltal|Max Airstream|p1a: Yveltal
|-damage|p1a: Yveltal|0 fnt
|-boost|p2a: Yveltal|spe|1
|faint|p1a: Yveltal
|-damage|p2a: Yveltal|68/100|[from] item: Life Orb
|
|upkeep
|
|t:|1651782426
|switch|p1a: Kyogre|Kyogre|100/100
|-weather|RainDance|[from] ability: Drizzle|[of] p1a: Kyogre
|-end|p2a: Yveltal|Dynamax
|-heal|p2a: Yveltal|68/100|[silent]
|turn|11
|
|t:|1651782433
|-start|p1a: Kyogre|Dynamax|
|-heal|p1a: Kyogre|100/100|[silent]
|move|p2a: Yveltal|Dark Pulse|p1a: Kyogre
|-damage|p1a: Kyogre|75/100
|-damage|p2a: Yveltal|58/100|[from] item: Life Orb
|move|p1a: Kyogre|Max Geyser|p2a: Yveltal
|-crit|p2a: Yveltal
|-damage|p2a: Yveltal|0 fnt
|faint|p2a: Yveltal
|
|-weather|RainDance|[upkeep]
|upkeep
|
|t:|1651782437
|switch|p2a: Arceus|Arceus-Ground|76/100
|turn|12
|
|t:|1651782445
|move|p1a: Kyogre|Max Geyser|p2a: Arceus
|-supereffective|p2a: Arceus
|-damage|p2a: Arceus|0 fnt
|faint|p2a: Arceus
|
|-weather|RainDance|[upkeep]
|upkeep
|
|t:|1651782448
|switch|p2a: Zygarde|Zygarde|100/100
|turn|13
|
|t:|1651782452
|move|p1a: Kyogre|Max Hailstorm|p2a: Zygarde
|-supereffective|p2a: Zygarde
|-damage|p2a: Zygarde|0 fnt
|-weather|Hail
|faint|p2a: Zygarde
|
|-weather|Hail|[upkeep]
|upkeep
|
|t:|1651782454
|switch|p2a: Calyrex|Calyrex-Shadow|100/100
|-ability|p2a: Calyrex|As One
|-ability|p2a: Calyrex|Unnerve
|-end|p1a: Kyogre|Dynamax
|-heal|p1a: Kyogre|75/100|[silent]
|turn|14
|
|t:|1651782464
|move|p2a: Calyrex|Astral Barrage|p1a: Kyogre
|-damage|p1a: Kyogre|24/100
|move|p1a: Kyogre|Surf|p2a: Calyrex
|-damage|p2a: Calyrex|51/100
|
|-weather|Hail|[upkeep]
|-damage|p2a: Calyrex|45/100|[from] Hail
|upkeep
|turn|15
|-message|Emorawr79 forfeited.
|
|win|Hoenn Militian
|raw|Hoenn Militian's rating: 1739 &rarr; <strong>1761</strong><br />(+22 for winning)
|raw|Emorawr79's rating: 1779 &rarr; <strong>1757</strong><br />(-22 for losing)
|l|☆Emorawr79
||Ladder isn't responding, score probably updated but might not have (Request timeout).
