|j|☆SnowyDrat
|j|☆Supplement
|t:|1666577830
|gametype|singles
|player|p1|SnowyDrat|1|1532
|player|p2|Supplement|skyla|1629
|teamsize|p1|6
|teamsize|p2|6
|gen|8
|tier|[Gen 8] National Dex AG
|rated|
|rule|HP Percentage Mod: HP is shown in percentages
|rule|Endless Battle Clause: Forcing endless battles is banned
|clearpoke
|poke|p1|Ditto|
|poke|p1|Yveltal|
|poke|p1|Dragapult, M|
|poke|p1|Serperior, M|
|poke|p1|Zacian-*|
|poke|p1|Cinderace, M|
|poke|p2|Excadrill, M|
|poke|p2|Marshadow|
|poke|p2|Yveltal|
|poke|p2|Calyrex-Shadow|
|poke|p2|Arceus-*|
|poke|p2|Rayquaza|
|teampreview
|inactive|Battle timer is ON: inactive players will automatically lose when time's up. (requested by Supplement)
|inactive|SnowyDrat also wants the timer to be on.
|
|t:|1666577839
|start
|switch|p1a: Bacon|Yveltal, shiny|100/100
|switch|p2a: Excadrill|Excadrill, M|100/100
|-ability|p2a: Excadrill|Mold Breaker
|-ability|p1a: Bacon|Dark Aura
|turn|1
|
|t:|1666577843
|-start|p1a: Bacon|Dynamax|
|-heal|p1a: Bacon|100/100|[silent]
|move|p2a: Excadrill|Rock Tomb|p1a: Bacon
|-supereffective|p1a: Bacon
|-damage|p1a: Bacon|83/100
|-unboost|p1a: Bacon|spe|1
|-enditem|p1a: Bacon|Weakness Policy
|-boost|p1a: Bacon|atk|2|[from] item: Weakness Policy
|-boost|p1a: Bacon|spa|2|[from] item: Weakness Policy
|move|p1a: Bacon|Max Airstream|p2a: Excadrill
|-resisted|p2a: Excadrill
|-damage|p2a: Excadrill|5/100
|-boost|p1a: Bacon|spe|1
|
|upkeep
|turn|2
|
|t:|1666577853
|move|p2a: Excadrill|Stealth Rock|p1a: Bacon
|-sidestart|p1: SnowyDrat|move: Stealth Rock
|move|p1a: Bacon|Max Airstream|p2a: Excadrill
|-resisted|p2a: Excadrill
|-crit|p2a: Excadrill
|-damage|p2a: Excadrill|0 fnt
|-boost|p1a: Bacon|spe|1
|faint|p2a: Excadrill
|
|upkeep
|
|t:|1666577869
|switch|p2a: Marshadow|Marshadow|100/100
|turn|3
|
|t:|1666577873
|move|p1a: Bacon|Max Airstream|p2a: Marshadow
|-supereffective|p2a: Marshadow
|-enditem|p2a: Marshadow|Focus Sash
|-damage|p2a: Marshadow|1/100
|-boost|p1a: Bacon|spe|1
|move|p2a: Marshadow|Spectral Thief||[still]
|-clearpositiveboost|p1a: Bacon|p2a: Marshadow|move: Spectral Thief
|-boost|p2a: Marshadow|atk|2
|-boost|p2a: Marshadow|spa|2
|-boost|p2a: Marshadow|spe|2
|-anim|p2a: Marshadow|Spectral Thief|p1a: Bacon
|-resisted|p1a: Bacon
|-damage|p1a: Bacon|65/100
|
|upkeep
|-end|p1a: Bacon|Dynamax
|-heal|p1a: Bacon|65/100|[silent]
|turn|4
|
|t:|1666577885
|move|p2a: Marshadow|Close Combat|p1a: Bacon
|-crit|p1a: Bacon
|-damage|p1a: Bacon|0 fnt
|-unboost|p2a: Marshadow|def|1
|-unboost|p2a: Marshadow|spd|1
|faint|p1a: Bacon
|
|upkeep
|
|t:|1666577890
|switch|p1a: Kymera|Ditto, shiny|100/100
|-damage|p1a: Kymera|88/100|[from] Stealth Rock
|-transform|p1a: Kymera|p2a: Marshadow|[from] ability: Imposter
|turn|5
|
|t:|1666577898
|move|p2a: Marshadow|Shadow Sneak|p1a: Kymera
|-supereffective|p1a: Kymera
|-damage|p1a: Kymera|0 fnt
|faint|p1a: Kymera
|
|upkeep
|
|t:|1666577903
|switch|p1a: Dragapult|Dragapult, M, shiny|100/100
|-damage|p1a: Dragapult|88/100|[from] Stealth Rock
|turn|6
|
|t:|1666577906
|move|p2a: Marshadow|Shadow Sneak|p1a: Dragapult
|-supereffective|p1a: Dragapult
|-damage|p1a: Dragapult|0 fnt
|faint|p1a: Dragapult
|
|upkeep
|
|t:|1666577912
|switch|p1a: Serenade|Zacian-Crowned|100/100
|-damage|p1a: Serenade|94/100|[from] Stealth Rock
|-ability|p1a: Serenade|Intrepid Sword|boost
|-boost|p1a: Serenade|atk|1
|turn|7
|
|t:|1666577921
|move|p2a: Marshadow|Spectral Thief||[still]
|-clearpositiveboost|p1a: Serenade|p2a: Marshadow|move: Spectral Thief
|-boost|p2a: Marshadow|atk|1
|-anim|p2a: Marshadow|Spectral Thief|p1a: Serenade
|-damage|p1a: Serenade|0 fnt
|faint|p1a: Serenade
|
|upkeep
|
|t:|1666577931
|switch|p1a: Bugs|Cinderace, M, shiny|100/100
|turn|8
|
|t:|1666577940
|move|p2a: Marshadow|Shadow Sneak|p1a: Bugs
|-damage|p1a: Bugs|0 fnt
|faint|p1a: Bugs
|
|upkeep
|
|t:|1666577944
|switch|p1a: Corona|Serperior, M, shiny|100/100
|-damage|p1a: Corona|88/100|[from] Stealth Rock
|turn|9
|
|t:|1666577948
|move|p2a: Marshadow|Spectral Thief|p1a: Corona
|-damage|p1a: Corona|0 fnt
|faint|p1a: Corona
|
|win|Supplement
|raw|SnowyDrat's rating: 1532 &rarr; <strong>1517</strong><br />(-15 for losing)
|raw|Supplement's rating: 1629 &rarr; <strong>1644</strong><br />(+15 for winning)
||Ladder isn't responding, score probably updated but might not have (Request timeout).
