|j|☆CLEAR GEM清瑜
|j|☆froy 18
|t:|1661671863
|gametype|singles
|player|p1|CLEAR GEM清瑜|skierf|1677
|player|p2|froy 18|ethan|1583
|teamsize|p1|6
|teamsize|p2|6
|gen|8
|tier|[Gen 8] National Dex AG
|rated|
|rule|HP Percentage Mod: HP is shown in percentages
|rule|Endless Battle Clause: Forcing endless battles is banned
|clearpoke
|poke|p1|Rayquaza|
|poke|p1|Groudon|
|poke|p1|Necrozma-Dusk-Mane|
|poke|p1|Arceus-*|
|poke|p1|Arceus-*|
|poke|p1|Arceus-*|
|poke|p2|Yveltal|
|poke|p2|Zacian-*|
|poke|p2|Ditto|
|poke|p2|Arceus-*|
|poke|p2|Cinderace, M|
|poke|p2|Gengar, F|
|teampreview
|inactive|Battle timer is ON: inactive players will automatically lose when time's up. (requested by CLEAR GEM清瑜)
|
|t:|1661671887
|start
|switch|p1a: 乱杀P古|Arceus-Ground|100/100
|switch|p2a: Gengar|Gengar, F|100/100
|turn|1
|
|t:|1661671894
|detailschange|p2a: Gengar|Gengar-Mega, F
|-mega|p2a: Gengar|Gengar|Gengarite
|move|p2a: Gengar|Destiny Bond|p2a: Gengar
|-singlemove|p2a: Gengar|Destiny Bond
|move|p1a: 乱杀P古|Judgment|p2a: Gengar
|-supereffective|p2a: Gengar
|-damage|p2a: Gengar|0 fnt
|faint|p2a: Gengar
|-activate|p2a: Gengar|move: Destiny Bond
|faint|p1a: 乱杀P古
|
|upkeep
|
|t:|1661671904
|switch|p2a: Arceus|Arceus-Steel|100/100
|switch|p1a: 不会(?)|Groudon|100/100
|detailschange|p1a: 不会(?)|Groudon-Primal
|-primal|p1a: 不会(?)
|-weather|DesolateLand|[from] ability: Desolate Land|[of] p1a: 不会(?)
|turn|2
|
|t:|1661671916
|move|p2a: Arceus|Toxic|p1a: 不会(?)
|-status|p1a: 不会(?)|tox
|move|p1a: 不会(?)|Stealth Rock|p2a: Arceus
|-sidestart|p2: froy 18|move: Stealth Rock
|
|-weather|DesolateLand|[upkeep]
|-damage|p1a: 不会(?)|94/100 tox|[from] psn
|upkeep
|turn|3
|
|t:|1661671925
|switch|p2a: Yveltal|Yveltal|100/100
|-damage|p2a: Yveltal|76/100|[from] Stealth Rock
|-ability|p2a: Yveltal|Dark Aura
|move|p1a: 不会(?)|Heat Crash|p2a: Yveltal
|-damage|p2a: Yveltal|0 fnt
|faint|p2a: Yveltal
|
|-weather|DesolateLand|[upkeep]
|-damage|p1a: 不会(?)|82/100 tox|[from] psn
|upkeep
|
|t:|1661671934
|switch|p2a: Cinderace|Cinderace, M|100/100
|turn|4
|
|t:|1661671943
|move|p2a: Cinderace|Court Change|p2a: Cinderace
|-start|p2a: Cinderace|typechange|Normal|[from] ability: Libero
|-swapsideconditions
|-activate|p2a: Cinderace|move: Court Change
|move|p1a: 不会(?)|Heat Crash|p2a: Cinderace
|-damage|p2a: Cinderace|0 fnt
|faint|p2a: Cinderace
|
|-weather|DesolateLand|[upkeep]
|-damage|p1a: 不会(?)|63/100 tox|[from] psn
|upkeep
|
|t:|1661671951
|switch|p2a: Ditto|Ditto|100/100
|-transform|p2a: Ditto|p1a: 不会(?)|[from] ability: Imposter
|turn|5
|
|t:|1661671954
|move|p2a: Ditto|Precipice Blades|p1a: 不会(?)|[miss]
|-miss|p2a: Ditto|p1a: 不会(?)
|move|p1a: 不会(?)|Stealth Rock|p2a: Ditto
|-sidestart|p2: froy 18|move: Stealth Rock
|
|-weather|DesolateLand|[upkeep]
|-damage|p1a: 不会(?)|39/100 tox|[from] psn
|upkeep
|turn|6
|
|t:|1661671958
|move|p2a: Ditto|Precipice Blades|p1a: 不会(?)
|-supereffective|p1a: 不会(?)
|-damage|p1a: 不会(?)|0 fnt
|faint|p1a: 不会(?)
|
|-weather|DesolateLand|[upkeep]
|upkeep
|
|t:|1661671964
|switch|p1a: 悬空羊驼|Arceus-Flying|100/100
|-damage|p1a: 悬空羊驼|76/100|[from] Stealth Rock
|turn|7
|
|t:|1661671975
|-weather|none
|switch|p2a: Arceus|Arceus-Steel|100/100
|-damage|p2a: Arceus|94/100|[from] Stealth Rock
|-start|p1a: 悬空羊驼|Dynamax|
|-heal|p1a: 悬空羊驼|76/100|[silent]
|move|p1a: 悬空羊驼|Max Airstream|p2a: Arceus
|-resisted|p2a: Arceus
|-damage|p2a: Arceus|64/100
|-boost|p1a: 悬空羊驼|spe|1
|
|upkeep
|turn|8
|
|t:|1661671981
|move|p1a: 悬空羊驼|Max Quake|p2a: Arceus
|-supereffective|p2a: Arceus
|-damage|p2a: Arceus|8/100
|-boost|p1a: 悬空羊驼|spd|1
|move|p2a: Arceus|Toxic|p1a: 悬空羊驼
|-status|p1a: 悬空羊驼|tox
|
|-damage|p1a: 悬空羊驼|73/100 tox|[from] psn
|upkeep
|turn|9
|
|t:|1661671987
|move|p1a: 悬空羊驼|Max Quake|p2a: Arceus
|-supereffective|p2a: Arceus
|-damage|p2a: Arceus|0 fnt
|-boost|p1a: 悬空羊驼|spd|1
|faint|p2a: Arceus
|
|-damage|p1a: 悬空羊驼|67/100 tox|[from] psn
|upkeep
|
|t:|1661671989
|switch|p2a: Ditto|Ditto|100/100
|-damage|p2a: Ditto|88/100|[from] Stealth Rock
|-transform|p2a: Ditto|p1a: 悬空羊驼|[from] ability: Imposter
|-end|p1a: 悬空羊驼|Dynamax
|-heal|p1a: 悬空羊驼|67/100 tox|[silent]
|turn|10
|
|t:|1661671999
|move|p2a: Ditto|Calm Mind|p2a: Ditto
|-boost|p2a: Ditto|spa|1
|-boost|p2a: Ditto|spd|1
|move|p1a: 悬空羊驼|Recover|p1a: 悬空羊驼
|-heal|p1a: 悬空羊驼|100/100 tox
|
|-damage|p1a: 悬空羊驼|82/100 tox|[from] psn
|upkeep
|turn|11
|
|t:|1661672003
|switch|p1a: 究极辅助|Arceus-Dark|100/100
|-damage|p1a: 究极辅助|88/100|[from] Stealth Rock
|move|p2a: Ditto|Calm Mind|p2a: Ditto
|-boost|p2a: Ditto|spa|1
|-boost|p2a: Ditto|spd|1
|
|upkeep
|turn|12
|
|t:|1661672010
|-start|p2a: Ditto|Dynamax|
|-heal|p2a: Ditto|88/100|[silent]
|move|p2a: Ditto|Max Strike|p1a: 究极辅助
|-damage|p1a: 究极辅助|30/100
|-unboost|p1a: 究极辅助|spe|1
|move|p1a: 究极辅助|Roar|p2a: Ditto
|-block|p2a: Ditto|Dynamax
|
|upkeep
|turn|13
|
|t:|1661672013
|move|p2a: Ditto|Max Quake|p1a: 究极辅助
|-damage|p1a: 究极辅助|0 fnt
|-boost|p2a: Ditto|spd|1
|faint|p1a: 究极辅助
|
|upkeep
|
|t:|1661672015
|switch|p1a: 悬空羊驼|Arceus-Flying|82/100 tox
|-damage|p1a: 悬空羊驼|58/100 tox|[from] Stealth Rock
|turn|14
|
|t:|1661672017
|move|p2a: Ditto|Max Strike|p1a: 悬空羊驼
|-damage|p1a: 悬空羊驼|0 fnt
|faint|p1a: 悬空羊驼
|
|upkeep
|
|t:|1661672020
|switch|p1a: 钢铁之躯|Necrozma-Dusk-Mane|100/100
|-damage|p1a: 钢铁之躯|94/100|[from] Stealth Rock
|-end|p2a: Ditto|Dynamax
|-heal|p2a: Ditto|88/100|[silent]
|turn|15
|
|t:|1661672027
|switch|p2a: Zacian|Zacian-Crowned|100/100
|-damage|p2a: Zacian|94/100|[from] Stealth Rock
|-ability|p2a: Zacian|Intrepid Sword|boost
|-boost|p2a: Zacian|atk|1
|move|p1a: 钢铁之躯|Earthquake|p2a: Zacian
|-supereffective|p2a: Zacian
|-damage|p2a: Zacian|14/100
|
|upkeep
|turn|16
|
|t:|1661672033
|move|p2a: Zacian|Close Combat|p1a: 钢铁之躯
|-damage|p1a: 钢铁之躯|40/100
|-unboost|p2a: Zacian|def|1
|-unboost|p2a: Zacian|spd|1
|move|p1a: 钢铁之躯|Earthquake|p2a: Zacian
|-supereffective|p2a: Zacian
|-damage|p2a: Zacian|0 fnt
|faint|p2a: Zacian
|
|upkeep
|
|t:|1661672037
|switch|p2a: Ditto|Ditto|88/100
|-damage|p2a: Ditto|76/100|[from] Stealth Rock
|-transform|p2a: Ditto|p1a: 钢铁之躯|[from] ability: Imposter
|turn|17
|
|t:|1661672042
|detailschange|p1a: 钢铁之躯|Necrozma-Ultra
|-burst|p1a: 钢铁之躯|Necrozma|Ultranecrozium Z
|move|p1a: 钢铁之躯|Earthquake|p2a: Ditto
|-supereffective|p2a: Ditto
|-damage|p2a: Ditto|0 fnt
|faint|p2a: Ditto
|
|win|CLEAR GEM清瑜
|raw|CLEAR GEM清瑜's rating: 1677 &rarr; <strong>1692</strong><br />(+15 for winning)
|raw|froy 18's rating: 1583 &rarr; <strong>1568</strong><br />(-15 for losing)
|l|☆froy 18
