|j|☆jlsdfhpjksdhfni
|j|☆Blackstar152001
|t:|1664634251
|gametype|singles
|player|p1|jlsdfhpjksdhfni|102|1680
|player|p2|Blackstar152001|blue-gen3two|1620
|teamsize|p1|6
|teamsize|p2|6
|gen|8
|tier|[Gen 8] National Dex AG
|rated|
|rule|HP Percentage Mod: HP is shown in percentages
|rule|Endless Battle Clause: Forcing endless battles is banned
|clearpoke
|poke|p1|Eternatus|
|poke|p1|Xerneas-*|
|poke|p1|Necrozma-Dusk-Mane|
|poke|p1|Calyrex-Shadow|
|poke|p1|Rayquaza|
|poke|p1|Arceus-*|
|poke|p2|Rayquaza|
|poke|p2|Ditto|
|poke|p2|Rayquaza|
|poke|p2|Arceus-*|
|poke|p2|Arceus-*|
|poke|p2|Zygarde|
|teampreview
|inactive|Battle timer is ON: inactive players will automatically lose when time's up. (requested by Blackstar152001)
|inactive|jlsdfhpjksdhfni has 120 seconds left.
|inactive|Blackstar152001 has 120 seconds left.
|
|t:|1664634283
|start
|switch|p1a: Rayquaza|Rayquaza|100/100
|switch|p2a: Arceus|Arceus-Fairy|100/100
|-ability|p1a: Rayquaza|Air Lock
|turn|1
|
|t:|1664634302
|switch|p1a: Necrozma|Necrozma-Dusk-Mane|100/100
|move|p2a: Arceus|Judgment|p1a: Necrozma
|-resisted|p1a: Necrozma
|-damage|p1a: Necrozma|83/100
|
|upkeep
|turn|2
|
|t:|1664634306
|move|p2a: Arceus|Stealth Rock|p1a: Necrozma
|-sidestart|p1: jlsdfhpjksdhfni|move: Stealth Rock
|move|p1a: Necrozma|Stealth Rock|p2a: Arceus
|-sidestart|p2: Blackstar152001|move: Stealth Rock
|
|upkeep
|turn|3
|
|t:|1664634316
|switch|p2a: Zygarde|Zygarde, shiny|100/100
|-damage|p2a: Zygarde|94/100|[from] Stealth Rock
|switch|p1a: Calyrex|Calyrex-Shadow|100/100
|-ability|p1a: Calyrex|As One
|-ability|p1a: Calyrex|Unnerve
|-damage|p1a: Calyrex|88/100|[from] Stealth Rock
|
|upkeep
|turn|4
|
|t:|1664634321
|move|p1a: Calyrex|Astral Barrage|p2a: Zygarde
|-damage|p2a: Zygarde|44/100
|move|p2a: Zygarde|Glare|p1a: Calyrex
|-status|p1a: Calyrex|par
|
|-activate|p2a: Zygarde|ability: Power Construct
|detailschange|p2a: Zygarde|Zygarde-Complete, shiny
|-heal|p2a: Zygarde|63/100|[silent]
|upkeep
|turn|5
|
|t:|1664634336
|switch|p2a: Arceus|Arceus|100/100
|-damage|p2a: Arceus|88/100|[from] Stealth Rock
|move|p1a: Calyrex|Astral Barrage|p2a: Arceus
|-immune|p2a: Arceus
|
|upkeep
|turn|6
|
|t:|1664634343
|switch|p1a: Necrozma|Necrozma-Dusk-Mane|83/100
|-damage|p1a: Necrozma|77/100|[from] Stealth Rock
|move|p2a: Arceus|Swords Dance|p2a: Arceus
|-boost|p2a: Arceus|atk|2
|
|upkeep
|turn|7
|
|t:|1664634359
|-start|p1a: Necrozma|Dynamax|
|-heal|p1a: Necrozma|77/100|[silent]
|move|p2a: Arceus|Swords Dance|p2a: Arceus
|-boost|p2a: Arceus|atk|2
|move|p1a: Necrozma|Max Steelspike|p2a: Arceus
|-damage|p2a: Arceus|41/100
|-boost|p1a: Necrozma|def|1
|
|upkeep
|turn|8
|
|t:|1664634363
|move|p2a: Arceus|Recover|p2a: Arceus
|-heal|p2a: Arceus|91/100
|move|p1a: Necrozma|Max Steelspike|p2a: Arceus
|-damage|p2a: Arceus|49/100
|-boost|p1a: Necrozma|def|1
|
|upkeep
|turn|9
|
|t:|1664634366
|move|p2a: Arceus|Recover|p2a: Arceus
|-heal|p2a: Arceus|99/100
|move|p1a: Necrozma|Max Steelspike|p2a: Arceus
|-damage|p2a: Arceus|54/100
|-boost|p1a: Necrozma|def|1
|
|upkeep
|-end|p1a: Necrozma|Dynamax
|-heal|p1a: Necrozma|77/100|[silent]
|turn|10
|
|t:|1664634371
|move|p2a: Arceus|Recover|p2a: Arceus
|-heal|p2a: Arceus|100/100
|move|p1a: Necrozma|Thunder Wave|p2a: Arceus
|-status|p2a: Arceus|par
|-enditem|p2a: Arceus|Lum Berry|[eat]
|-curestatus|p2a: Arceus|par|[msg]
|
|upkeep
|turn|11
|
|t:|1664634377
|switch|p2a: Zygarde|Zygarde-Complete, shiny|63/100
|-damage|p2a: Zygarde|57/100|[from] Stealth Rock
|move|p1a: Necrozma|Thunder Wave|p2a: Zygarde
|-immune|p2a: Zygarde
|
|upkeep
|turn|12
|
|t:|1664634386
|switch|p1a: Calyrex|Calyrex-Shadow|88/100 par
|-ability|p1a: Calyrex|As One
|-ability|p1a: Calyrex|Unnerve
|-damage|p1a: Calyrex|76/100 par|[from] Stealth Rock
|move|p2a: Zygarde|Glare|p1a: Calyrex
|-fail|p1a: Calyrex|par
|
|upkeep
|turn|13
|
|t:|1664634391
|move|p1a: Calyrex|Trick|p2a: Zygarde
|-activate|p1a: Calyrex|move: Trick|[of] p2a: Zygarde
|-item|p2a: Zygarde|Choice Scarf|[from] move: Trick
|-item|p1a: Calyrex|Chesto Berry|[from] move: Trick
|move|p2a: Zygarde|Coil|p2a: Zygarde
|-boost|p2a: Zygarde|atk|1
|-boost|p2a: Zygarde|def|1
|-boost|p2a: Zygarde|accuracy|1
|
|upkeep
|turn|14
|
|t:|1664634400
|move|p2a: Zygarde|Coil|p2a: Zygarde
|-boost|p2a: Zygarde|atk|1
|-boost|p2a: Zygarde|def|1
|-boost|p2a: Zygarde|accuracy|1
|move|p1a: Calyrex|Psyshock|p2a: Zygarde
|-damage|p2a: Zygarde|44/100
|
|upkeep
|turn|15
|
|t:|1664634408
|switch|p2a: Arceus|Arceus|100/100
|-damage|p2a: Arceus|88/100|[from] Stealth Rock
|move|p1a: Calyrex|Psyshock|p2a: Arceus
|-damage|p2a: Arceus|53/100
|
|upkeep
|turn|16
|
|t:|1664634414
|move|p2a: Arceus|Swords Dance|p2a: Arceus
|-boost|p2a: Arceus|atk|2
|move|p1a: Calyrex|Psyshock|p2a: Arceus
|-damage|p2a: Arceus|15/100
|
|upkeep
|turn|17
|inactive|jlsdfhpjksdhfni has 120 seconds left.
|
|t:|1664634448
|switch|p1a: Necrozma|Necrozma-Dusk-Mane|77/100
|-damage|p1a: Necrozma|71/100|[from] Stealth Rock
|move|p2a: Arceus|Recover|p2a: Arceus
|-heal|p2a: Arceus|65/100
|
|upkeep
|turn|18
|
|t:|1664634451
|-start|p2a: Arceus|Dynamax|
|-heal|p2a: Arceus|65/100|[silent]
|move|p2a: Arceus|Max Phantasm|p1a: Necrozma
|-supereffective|p1a: Necrozma
|-damage|p1a: Necrozma|3/100
|-unboost|p1a: Necrozma|def|1
|move|p1a: Necrozma|Thunder Wave|p2a: Arceus
|-status|p2a: Arceus|par
|
|upkeep
|turn|19
|
|t:|1664634462
|move|p1a: Necrozma|Sunsteel Strike|p2a: Arceus
|-crit|p2a: Arceus
|-damage|p2a: Arceus|38/100 par
|move|p2a: Arceus|Max Strike|p1a: Necrozma
|-resisted|p1a: Necrozma
|-damage|p1a: Necrozma|0 fnt
|faint|p1a: Necrozma
|
|upkeep
|inactive|jlsdfhpjksdhfni has 120 seconds left.
|
|t:|1664634484
|switch|p1a: Eternatus|Eternatus|100/100
|-damage|p1a: Eternatus|88/100|[from] Stealth Rock
|-ability|p1a: Eternatus|Pressure
|turn|20
|
|t:|1664634492
|move|p1a: Eternatus|Dynamax Cannon|p2a: Arceus
|-damage|p2a: Arceus|0 fnt
|faint|p2a: Arceus
|-damage|p1a: Eternatus|78/100|[from] item: Life Orb
|
|upkeep
|
|t:|1664634502
|switch|p2a: Zygarde|Zygarde-Complete, shiny|44/100
|-damage|p2a: Zygarde|37/100|[from] Stealth Rock
|turn|21
|
|t:|1664634510
|switch|p2a: Arceus|Arceus-Fairy|100/100
|-damage|p2a: Arceus|88/100|[from] Stealth Rock
|move|p1a: Eternatus|Dynamax Cannon|p2a: Arceus
|-immune|p2a: Arceus
|
|upkeep
|turn|22
|
|t:|1664634514
|switch|p2a: Ditto|Ditto, shiny|100/100
|-damage|p2a: Ditto|88/100|[from] Stealth Rock
|-transform|p2a: Ditto|p1a: Eternatus|[from] ability: Imposter
|-ability|p2a: Ditto|Pressure
|move|p1a: Eternatus|Sludge Bomb|p2a: Ditto
|-resisted|p2a: Ditto
|-damage|p2a: Ditto|45/100
|-damage|p1a: Eternatus|68/100|[from] item: Life Orb
|
|upkeep
|turn|23
|
|t:|1664634521
|switch|p1a: Arceus|Arceus-Dark|100/100
|-damage|p1a: Arceus|88/100|[from] Stealth Rock
|move|p2a: Ditto|Recover|p2a: Ditto
|-heal|p2a: Ditto|95/100
|
|upkeep
|turn|24
|
|t:|1664634527
|switch|p2a: Zygarde|Zygarde-Complete, shiny|37/100
|-damage|p2a: Zygarde|31/100|[from] Stealth Rock
|move|p1a: Arceus|Toxic|p2a: Zygarde
|-status|p2a: Zygarde|tox
|
|-damage|p2a: Zygarde|25/100 tox|[from] psn
|upkeep
|turn|25
|
|t:|1664634530
|switch|p1a: Calyrex|Calyrex-Shadow|76/100 par
|-ability|p1a: Calyrex|As One
|-ability|p1a: Calyrex|Unnerve
|-damage|p1a: Calyrex|64/100 par|[from] Stealth Rock
|move|p2a: Zygarde|Thousand Arrows|p1a: Calyrex
|-damage|p1a: Calyrex|29/100 par
|
|-damage|p2a: Zygarde|13/100 tox|[from] psn
|upkeep
|turn|26
|
|t:|1664634545
|switch|p1a: Arceus|Arceus-Dark|88/100
|-damage|p1a: Arceus|76/100|[from] Stealth Rock
|move|p2a: Zygarde|Thousand Arrows|p1a: Arceus
|-damage|p1a: Arceus|54/100
|
|-damage|p2a: Zygarde|0 fnt|[from] psn
|faint|p2a: Zygarde
|upkeep
|
|t:|1664634549
|switch|p2a: Rayquaza|Rayquaza|100/100
|-damage|p2a: Rayquaza|76/100|[from] Stealth Rock
|-ability|p2a: Rayquaza|Air Lock
|turn|27
|
|t:|1664634555
|detailschange|p2a: Rayquaza|Rayquaza-Mega
|-mega|p2a: Rayquaza|Rayquaza|
|-weather|DeltaStream|[from] ability: Delta Stream|[of] p2a: Rayquaza
|move|p2a: Rayquaza|Dragon Ascent|p1a: Arceus
|-damage|p1a: Arceus|0 fnt
|-unboost|p2a: Rayquaza|def|1
|-unboost|p2a: Rayquaza|spd|1
|faint|p1a: Arceus
|-damage|p2a: Rayquaza|66/100|[from] item: Life Orb
|
|-weather|DeltaStream|[upkeep]
|upkeep
|
|t:|1664634564
|switch|p1a: Eternatus|Eternatus|68/100
|-damage|p1a: Eternatus|56/100|[from] Stealth Rock
|-ability|p1a: Eternatus|Pressure
|turn|28
|
|t:|1664634576
|-weather|none
|switch|p2a: Arceus|Arceus-Fairy|88/100
|-damage|p2a: Arceus|76/100|[from] Stealth Rock
|move|p1a: Eternatus|Sludge Bomb|p2a: Arceus
|-supereffective|p2a: Arceus
|-damage|p2a: Arceus|7/100
|-damage|p1a: Eternatus|46/100|[from] item: Life Orb
|
|upkeep
|turn|29
|
|t:|1664634584
|move|p1a: Eternatus|Recover|p1a: Eternatus
|-heal|p1a: Eternatus|96/100
|move|p2a: Arceus|Judgment|p1a: Eternatus
|-damage|p1a: Eternatus|53/100
|
|upkeep
|turn|30
|
|t:|1664634591
|move|p1a: Eternatus|Sludge Bomb|p2a: Arceus
|-supereffective|p2a: Arceus
|-damage|p2a: Arceus|0 fnt
|faint|p2a: Arceus
|-damage|p1a: Eternatus|43/100|[from] item: Life Orb
|
|upkeep
|
|t:|1664634605
|switch|p2a: Ditto|Ditto, shiny|95/100
|-damage|p2a: Ditto|83/100|[from] Stealth Rock
|-transform|p2a: Ditto|p1a: Eternatus|[from] ability: Imposter
|-ability|p2a: Ditto|Pressure
|turn|31
|
|t:|1664634614
|move|p2a: Ditto|Dynamax Cannon|p1a: Eternatus
|-supereffective|p1a: Eternatus
|-damage|p1a: Eternatus|0 fnt
|faint|p1a: Eternatus
|
|upkeep
|
|t:|1664634616
|switch|p1a: Xerneas|Xerneas|100/100
|-damage|p1a: Xerneas|88/100|[from] Stealth Rock
|-ability|p1a: Xerneas|Fairy Aura
|turn|32
|c|☆jlsdfhpjksdhfni|gg
|
|t:|1664634620
|switch|p2a: Rayquaza|Rayquaza-Mega|66/100
|-damage|p2a: Rayquaza|41/100|[from] Stealth Rock
|-weather|DeltaStream|[from] ability: Delta Stream|[of] p2a: Rayquaza
|move|p1a: Xerneas|Geomancy||[still]
|-prepare|p1a: Xerneas|Geomancy
|-enditem|p1a: Xerneas|Power Herb
|-anim|p1a: Xerneas|Geomancy|p1a: Xerneas
|-boost|p1a: Xerneas|spa|2
|-boost|p1a: Xerneas|spd|2
|-boost|p1a: Xerneas|spe|2
|
|-weather|DeltaStream|[upkeep]
|upkeep
|turn|33
|
|t:|1664634623
|move|p2a: Rayquaza|Extreme Speed|p1a: Xerneas
|-damage|p1a: Xerneas|44/100
|-damage|p2a: Rayquaza|31/100|[from] item: Life Orb
|move|p1a: Xerneas|Moonblast|p2a: Rayquaza
|-supereffective|p2a: Rayquaza
|-damage|p2a: Rayquaza|0 fnt
|faint|p2a: Rayquaza
|-weather|none
|
|upkeep
|
|t:|1664634626
|switch|p2a: Ditto|Ditto, shiny|83/100
|-damage|p2a: Ditto|70/100|[from] Stealth Rock
|-transform|p2a: Ditto|p1a: Xerneas|[from] ability: Imposter
|-ability|p2a: Ditto|Fairy Aura
|turn|34
|
|t:|1664634634
|move|p2a: Ditto|Moonblast|p1a: Xerneas
|-damage|p1a: Xerneas|0 fnt
|faint|p1a: Xerneas
|
|upkeep
|
|t:|1664634641
|switch|p1a: Calyrex|Calyrex-Shadow|29/100 par
|-ability|p1a: Calyrex|As One
|-ability|p1a: Calyrex|Unnerve
|-damage|p1a: Calyrex|17/100 par|[from] Stealth Rock
|turn|35
|
|t:|1664634655
|move|p2a: Ditto|Moonblast|p1a: Calyrex
|-damage|p1a: Calyrex|0 fnt
|faint|p1a: Calyrex
|
|upkeep
|-message|jlsdfhpjksdhfni forfeited.
|
|win|Blackstar152001
|raw|jlsdfhpjksdhfni's rating: 1687 &rarr; <strong>1663</strong><br />(-24 for losing)
|raw|Blackstar152001's rating: 1620 &rarr; <strong>1644</strong><br />(+24 for winning)
|l|☆jlsdfhpjksdhfni
