|j|☆NDAG 4pros
|j|☆carlandpaul
|t:|1643874637
|gametype|singles
|player|p1|NDAG 4pros|dawn|1636
|player|p2|carlandpaul|101|1634
|teamsize|p1|6
|teamsize|p2|6
|gen|8
|tier|[Gen 8] National Dex AG
|rated|
|rule|HP Percentage Mod: HP is shown in percentages
|rule|Endless Battle Clause: Forcing endless battles is banned
|clearpoke
|poke|p1|Ditto|
|poke|p1|Rayquaza|
|poke|p1|Yveltal|
|poke|p1|Calyrex-Shadow|
|poke|p1|Zacian-*|
|poke|p1|Groudon|
|poke|p2|Zygarde|
|poke|p2|Calyrex-Shadow|
|poke|p2|Rayquaza|
|poke|p2|Deoxys-Speed|
|poke|p2|Genesect-Chill|
|poke|p2|Groudon|
|teampreview
|
|t:|1643874640
|start
|switch|p1a: Groudon|Groudon|100/100
|switch|p2a: Deoxys|Deoxys-Speed|100/100
|-ability|p2a: Deoxys|Pressure
|detailschange|p1a: Groudon|Groudon-Primal
|-primal|p1a: Groudon
|-weather|DesolateLand|[from] ability: Desolate Land|[of] p1a: Groudon
|turn|1
|inactive|Battle timer is ON: inactive players will automatically lose when time's up. (requested by NDAG 4pros)
|
|t:|1643874643
|move|p2a: Deoxys|Taunt|p1a: Groudon
|-start|p1a: Groudon|move: Taunt
|move|p1a: Groudon|Precipice Blades|p2a: Deoxys|[miss]
|-miss|p1a: Groudon|p2a: Deoxys
|
|-weather|DesolateLand|[upkeep]
|upkeep
|turn|2
|
|t:|1643874648
|move|p2a: Deoxys|Stealth Rock|p1a: Groudon
|-sidestart|p1: NDAG 4pros|move: Stealth Rock
|move|p1a: Groudon|Precipice Blades|p2a: Deoxys
|-enditem|p2a: Deoxys|Focus Sash
|-damage|p2a: Deoxys|1/100
|
|-weather|DesolateLand|[upkeep]
|upkeep
|turn|3
|c|☆NDAG 4pros|...
|
|t:|1643874652
|move|p2a: Deoxys|Spikes|p1a: Groudon
|-sidestart|p1: NDAG 4pros|Spikes
|move|p1a: Groudon|Precipice Blades|p2a: Deoxys
|-damage|p2a: Deoxys|0 fnt
|faint|p2a: Deoxys
|
|-weather|DesolateLand|[upkeep]
|-end|p1a: Groudon|move: Taunt
|upkeep
|
|t:|1643874655
|switch|p2a: Rayquaza|Rayquaza|100/100
|-ability|p2a: Rayquaza|Air Lock
|turn|4
|
|t:|1643874657
|detailschange|p2a: Rayquaza|Rayquaza-Mega
|-mega|p2a: Rayquaza|Rayquaza|
|-weather|DeltaStream|[from] ability: Delta Stream|[of] p2a: Rayquaza
|move|p2a: Rayquaza|Surf|p1a: Groudon
|-supereffective|p1a: Groudon
|-damage|p1a: Groudon|0 fnt
|faint|p1a: Groudon
|-damage|p2a: Rayquaza|91/100|[from] item: Life Orb
|
|-weather|DeltaStream|[upkeep]
|upkeep
|c|☆NDAG 4pros|...
|
|t:|1643874669
|switch|p1a: Zacian|Zacian-Crowned|100/100
|-damage|p1a: Zacian|88/100|[from] Spikes
|-damage|p1a: Zacian|82/100|[from] Stealth Rock
|-ability|p1a: Zacian|Intrepid Sword|boost
|-boost|p1a: Zacian|atk|1
|turn|5
|
|t:|1643874675
|move|p1a: Zacian|Behemoth Blade|p2a: Rayquaza
|-damage|p2a: Rayquaza|0 fnt
|faint|p2a: Rayquaza
|-weather|none
|
|upkeep
|
|t:|1643874682
|switch|p2a: Groudon|Groudon|100/100
|detailschange|p2a: Groudon|Groudon-Primal
|-primal|p2a: Groudon
|-weather|DesolateLand|[from] ability: Desolate Land|[of] p2a: Groudon
|turn|6
|
|t:|1643874690
|move|p1a: Zacian|Close Combat|p2a: Groudon
|-crit|p2a: Groudon
|-damage|p2a: Groudon|22/100
|-unboost|p1a: Zacian|def|1
|-unboost|p1a: Zacian|spd|1
|move|p2a: Groudon|Flamethrower|p1a: Zacian
|-supereffective|p1a: Zacian
|-crit|p1a: Zacian
|-damage|p1a: Zacian|0 fnt
|faint|p1a: Zacian
|
|-weather|DesolateLand|[upkeep]
|upkeep
|
|t:|1643874693
|switch|p1a: Calyrex|Calyrex-Shadow|100/100
|-ability|p1a: Calyrex|As One
|-ability|p1a: Calyrex|Unnerve
|-damage|p1a: Calyrex|88/100|[from] Spikes
|-damage|p1a: Calyrex|76/100|[from] Stealth Rock
|turn|7
|
|t:|1643874695
|move|p1a: Calyrex|Astral Barrage|p2a: Groudon
|-damage|p2a: Groudon|0 fnt
|faint|p2a: Groudon
|-weather|none
|-ability|p1a: Calyrex|Grim Neigh|boost
|-boost|p1a: Calyrex|spa|1
|
|upkeep
|
|t:|1643874698
|switch|p2a: Calyrex|Calyrex-Shadow|100/100
|-ability|p2a: Calyrex|As One
|-ability|p2a: Calyrex|Unnerve
|turn|8
|
|t:|1643874703
|move|p2a: Calyrex|Astral Barrage|p1a: Calyrex
|-supereffective|p1a: Calyrex
|-damage|p1a: Calyrex|0 fnt
|faint|p1a: Calyrex
|-ability|p2a: Calyrex|Grim Neigh|boost
|-boost|p2a: Calyrex|spa|1
|
|upkeep
|
|t:|1643874705
|switch|p1a: Ditto|Ditto|100/100
|-damage|p1a: Ditto|88/100|[from] Spikes
|-damage|p1a: Ditto|76/100|[from] Stealth Rock
|-transform|p1a: Ditto|p2a: Calyrex|[from] ability: Imposter
|turn|9
|
|t:|1643874708
|move|p2a: Calyrex|Astral Barrage|p1a: Ditto
|-supereffective|p1a: Ditto
|-damage|p1a: Ditto|0 fnt
|faint|p1a: Ditto
|-ability|p2a: Calyrex|Grim Neigh|boost
|-boost|p2a: Calyrex|spa|1
|
|upkeep
|
|t:|1643874710
|switch|p1a: Yveltal|Yveltal|100/100
|-damage|p1a: Yveltal|76/100|[from] Stealth Rock
|-ability|p1a: Yveltal|Dark Aura
|turn|10
|
|t:|1643874713
|-start|p2a: Calyrex|Dynamax
|-heal|p2a: Calyrex|100/100|[silent]
|move|p1a: Yveltal|Sucker Punch|p2a: Calyrex
|-supereffective|p2a: Calyrex
|-damage|p2a: Calyrex|0 fnt
|faint|p2a: Calyrex
|-damage|p1a: Yveltal|66/100|[from] item: Life Orb
|
|upkeep
|
|t:|1643874718
|switch|p2a: Zygarde|Zygarde|100/100
|turn|11
|
|t:|1643874721
|-start|p1a: Yveltal|Dynamax
|-heal|p1a: Yveltal|66/100|[silent]
|move|p1a: Yveltal|Max Airstream|p2a: Zygarde
|-damage|p2a: Zygarde|39/100
|-boost|p1a: Yveltal|spe|1
|-damage|p1a: Yveltal|61/100|[from] item: Life Orb
|move|p2a: Zygarde|Glare|p1a: Yveltal
|-status|p1a: Yveltal|par
|
|-heal|p2a: Zygarde|45/100|[from] item: Leftovers
|-activate|p2a: Zygarde|ability: Power Construct
|detailschange|p2a: Zygarde|Zygarde-Complete
|-heal|p2a: Zygarde|64/100|[silent]
|upkeep
|turn|12
|
|t:|1643874726
|move|p1a: Yveltal|Max Airstream|p2a: Zygarde
|-damage|p2a: Zygarde|24/100
|-boost|p1a: Yveltal|spe|1
|-damage|p1a: Yveltal|56/100 par|[from] item: Life Orb
|move|p2a: Zygarde|Substitute|p2a: Zygarde
|-fail|p2a: Zygarde|move: Substitute|[weak]
|
|-heal|p2a: Zygarde|30/100|[from] item: Leftovers
|upkeep
|turn|13
|c|☆NDAG 4pros|...
|
|t:|1643874730
|move|p1a: Yveltal|Max Airstream|p2a: Zygarde
|-crit|p2a: Zygarde
|-damage|p2a: Zygarde|0 fnt
|-boost|p1a: Yveltal|spe|1
|faint|p2a: Zygarde
|-damage|p1a: Yveltal|51/100 par|[from] item: Life Orb
|
|-end|p1a: Yveltal|Dynamax
|-heal|p1a: Yveltal|51/100 par|[silent]
|upkeep
|
|t:|1643874732
|switch|p2a: Genesect|Genesect-Chill|100/100
|-ability|p2a: Genesect|Download|boost
|-boost|p2a: Genesect|spa|1
|turn|14
|
|t:|1643874734
|move|p1a: Yveltal|Heat Wave|p2a: Genesect
|-supereffective|p2a: Genesect
|-damage|p2a: Genesect|0 fnt
|faint|p2a: Genesect
|-damage|p1a: Yveltal|41/100 par|[from] item: Life Orb
|
|win|NDAG 4pros
|raw|NDAG 4pros's rating: 1636 &rarr; <strong>1656</strong><br />(+20 for winning)
|raw|carlandpaul's rating: 1634 &rarr; <strong>1614</strong><br />(-20 for losing)
