|j|☆AZaLzAN
|j|☆cheziqua
|t:|1596632099
|player|p1|AZaLzAN|hilda|1397
|player|p2|cheziqua|hilbert-dueldisk|1242
|teamsize|p1|6
|teamsize|p2|6
|gametype|singles
|gen|8
|tier|[Gen 8] National Dex AG
|rated|
|clearpoke
|poke|p1|Groudon|
|poke|p1|Zacian-Crowned|
|poke|p1|Greninja, M|
|poke|p1|Gardevoir, F|
|poke|p1|Breloom, F|
|poke|p1|Thundurus, M|
|poke|p2|Alomomola, M|
|poke|p2|Amoonguss, M|
|poke|p2|Blissey, F|
|poke|p2|Reuniclus, M|
|poke|p2|Clefable, M|
|poke|p2|Hydreigon, F|
|rule|HP Percentage Mod: HP is shown in percentages
|rule|Endless Battle Clause: Forcing endless battles is banned
|teampreview
|inactive|Battle timer is ON: inactive players will automatically lose when time's up. (requested by AZaLzAN)
|
|t:|1596632131
|start
|switch|p1a: Breloom|Breloom, F|100/100
|switch|p2a: Alomomola|Alomomola, M|100/100
|turn|1
|
|t:|1596632140
|move|p1a: Breloom|Spore|p2a: Alomomola
|-status|p2a: Alomomola|slp|[from] move: Spore
|cant|p2a: Alomomola|slp
|
|upkeep
|turn|2
|
|t:|1596632148
|move|p1a: Breloom|Bullet Seed|p2a: Alomomola
|-supereffective|p2a: Alomomola
|-damage|p2a: Alomomola|71/100 slp
|-supereffective|p2a: Alomomola
|-damage|p2a: Alomomola|40/100 slp
|-hitcount|p2a: Alomomola|2
|cant|p2a: Alomomola|slp
|
|upkeep
|turn|3
|
|t:|1596632156
|move|p1a: Breloom|Bullet Seed|p2a: Alomomola
|-supereffective|p2a: Alomomola
|-damage|p2a: Alomomola|8/100 slp
|-supereffective|p2a: Alomomola
|-damage|p2a: Alomomola|0 fnt
|-hitcount|p2a: Alomomola|2
|faint|p2a: Alomomola
|
|upkeep
|
|t:|1596632163
|switch|p2a: Amoonguss|Amoonguss, M|100/100
|turn|4
|
|t:|1596632172
|switch|p1a: Thundurus|Thundurus, M|100/100
|move|p2a: Amoonguss|Toxic|p1a: Thundurus
|-status|p1a: Thundurus|tox
|
|-damage|p1a: Thundurus|94/100 tox|[from] psn
|upkeep
|turn|5
|
|t:|1596632183
|move|p2a: Amoonguss|Protect|p2a: Amoonguss
|-singleturn|p2a: Amoonguss|Protect
|move|p1a: Thundurus|Taunt|p2a: Amoonguss
|-activate|p2a: Amoonguss|move: Protect
|
|-damage|p1a: Thundurus|82/100 tox|[from] psn
|upkeep
|turn|6
|
|t:|1596632206
|switch|p1a: Gardevoir|Gardevoir, F|100/100
|-ability|p1a: Gardevoir|Regenerator|[from] ability: Trace|[of] p2a: Amoonguss
|move|p2a: Amoonguss|Clear Smog|p1a: Gardevoir
|-supereffective|p1a: Gardevoir
|-damage|p1a: Gardevoir|82/100
|-clearboost|p1a: Gardevoir
|
|upkeep
|turn|7
|
|t:|1596632222
|detailschange|p1a: Gardevoir|Gardevoir-Mega, F
|-mega|p1a: Gardevoir|Gardevoir|Gardevoirite
|move|p1a: Gardevoir|Thunder Wave|p2a: Amoonguss
|-status|p2a: Amoonguss|par
|move|p2a: Amoonguss|Toxic|p1a: Gardevoir
|-status|p1a: Gardevoir|tox
|
|-damage|p1a: Gardevoir|76/100 tox|[from] psn
|upkeep
|turn|8
|
|t:|1596632240
|switch|p1a: Groudon|Groudon|100/100
|-weather|SunnyDay|[from] ability: Drought|[of] p1a: Groudon
|move|p2a: Amoonguss|Protect||[still]
|-fail|p2a: Amoonguss
|
|-weather|SunnyDay|[upkeep]
|upkeep
|turn|9
|
|t:|1596632255
|move|p1a: Groudon|Fire Punch|p2a: Amoonguss
|-supereffective|p2a: Amoonguss
|-damage|p2a: Amoonguss|14/100 par
|move|p2a: Amoonguss|Toxic|p1a: Groudon
|-status|p1a: Groudon|tox
|
|-weather|SunnyDay|[upkeep]
|-heal|p2a: Amoonguss|21/100 par|[from] item: Black Sludge
|-damage|p1a: Groudon|94/100 tox|[from] psn
|upkeep
|turn|10
|
|t:|1596632272
|switch|p1a: Gardevoir|Gardevoir-Mega, F|76/100 tox
|switch|p2a: Hydreigon|Hydreigon, F|100/100
|
|-weather|SunnyDay|[upkeep]
|-damage|p1a: Gardevoir|70/100 tox|[from] psn
|upkeep
|turn|11
|inactive|cheziqua has 120 seconds left.
|
|t:|1596632299
|-zpower|p2a: Hydreigon
|move|p2a: Hydreigon|Black Hole Eclipse|p1a: Gardevoir|[zeffect]
|-damage|p1a: Gardevoir|23/100 tox
|move|p1a: Gardevoir|Hyper Voice|p2a: Hydreigon
|-supereffective|p2a: Hydreigon
|-damage|p2a: Hydreigon|0 fnt
|faint|p2a: Hydreigon
|
|-weather|SunnyDay|[upkeep]
|-damage|p1a: Gardevoir|11/100 tox|[from] psn
|upkeep
|
|t:|1596632313
|switch|p2a: Amoonguss|Amoonguss, M|54/100 par
|turn|12
|
|t:|1596632331
|switch|p1a: Groudon|Groudon|94/100 tox
|move|p2a: Amoonguss|Protect||[still]
|-fail|p2a: Amoonguss
|
|-weather|none
|-heal|p2a: Amoonguss|60/100 par|[from] item: Black Sludge
|-damage|p1a: Groudon|88/100 tox|[from] psn
|upkeep
|turn|13
|
|t:|1596632343
|switch|p2a: Clefable|Clefable, M|100/100
|move|p1a: Groudon|Fire Punch|p2a: Clefable
|-damage|p2a: Clefable|69/100
|-status|p2a: Clefable|brn
|
|-damage|p1a: Groudon|76/100 tox|[from] psn
|-damage|p2a: Clefable|62/100 brn|[from] brn
|upkeep
|turn|14
|inactive|cheziqua has 120 seconds left.
|
|t:|1596632369
|-start|p1a: Groudon|Dynamax
|-heal|p1a: Groudon|76/100 tox|[silent]
|move|p1a: Groudon|Max Quake|p2a: Clefable
|-damage|p2a: Clefable|5/100 brn
|-boost|p1a: Groudon|spd|1
|move|p2a: Clefable|Moonlight|p2a: Clefable
|-heal|p2a: Clefable|55/100 brn
|
|-damage|p1a: Groudon|67/100 tox|[from] psn
|-damage|p2a: Clefable|49/100 brn|[from] brn
|upkeep
|turn|15
|inactive|AZaLzAN has 120 seconds left.
|inactive|cheziqua has 90 seconds left.
|
|t:|1596632398
|move|p1a: Groudon|Max Quake|p2a: Clefable
|-damage|p2a: Clefable|0 fnt
|-boost|p1a: Groudon|spd|1
|faint|p2a: Clefable
|
|-damage|p1a: Groudon|54/100 tox|[from] psn
|upkeep
|
|t:|1596632405
|switch|p2a: Blissey|Blissey, F|100/100
|turn|16
|
|t:|1596632413
|move|p1a: Groudon|Max Quake|p2a: Blissey
|-damage|p2a: Blissey|26/100
|-boost|p1a: Groudon|spd|1
|move|p2a: Blissey|Heal Bell|p2a: Blissey
|-activate|p2a: Blissey|move: Heal Bell
|-curestatus|p2: Amoonguss|par|[msg]
|
|-heal|p2a: Blissey|32/100|[from] item: Leftovers
|-damage|p1a: Groudon|39/100 tox|[from] psn
|-end|p1a: Groudon|Dynamax
|-heal|p1a: Groudon|39/100 tox|[silent]
|upkeep
|turn|17
|inactive|cheziqua has 90 seconds left.
|
|t:|1596632433
|move|p2a: Blissey|Protect|p2a: Blissey
|-singleturn|p2a: Blissey|Protect
|move|p1a: Groudon|Fire Punch|p2a: Blissey
|-activate|p2a: Blissey|move: Protect
|
|-heal|p2a: Blissey|38/100|[from] item: Leftovers
|-damage|p1a: Groudon|2/100 tox|[from] psn
|upkeep
|turn|18
|inactive|cheziqua has 90 seconds left.
|
|t:|1596632455
|switch|p1a: Gardevoir|Gardevoir-Mega, F|11/100 tox
|move|p2a: Blissey|Wish|p2a: Blissey
|
|-heal|p2a: Blissey|45/100|[from] item: Leftovers
|-damage|p1a: Gardevoir|5/100 tox|[from] psn
|upkeep
|turn|19
|
|t:|1596632465
|move|p2a: Blissey|Protect|p2a: Blissey
|-singleturn|p2a: Blissey|Protect
|move|p1a: Gardevoir|Healing Wish|p1a: Gardevoir
|faint|p1a: Gardevoir
|
|-heal|p2a: Blissey|95/100|[from] move: Wish|[wisher] Blissey
|-heal|p2a: Blissey|100/100|[from] item: Leftovers
|upkeep
|
|t:|1596632476
|switch|p1a: Groudon|Groudon|2/100 tox
|-heal|p1a: Groudon|100/100|[from] move: Healing Wish
|-weather|SunnyDay|[from] ability: Drought|[of] p1a: Groudon
|turn|20
|
|t:|1596632482
|move|p1a: Groudon|Precipice Blades|p2a: Blissey
|-damage|p2a: Blissey|15/100
|move|p2a: Blissey|Toxic|p1a: Groudon
|-status|p1a: Groudon|tox
|
|-weather|SunnyDay|[upkeep]
|-heal|p2a: Blissey|21/100|[from] item: Leftovers
|-damage|p1a: Groudon|94/100 tox|[from] psn
|upkeep
|turn|21
|
|t:|1596632497
|move|p1a: Groudon|Precipice Blades|p2a: Blissey
|-damage|p2a: Blissey|0 fnt
|faint|p2a: Blissey
|
|-weather|SunnyDay|[upkeep]
|-damage|p1a: Groudon|82/100 tox|[from] psn
|upkeep
|
|t:|1596632501
|switch|p2a: Reuniclus|Reuniclus, M|100/100
|turn|22
|
|t:|1596632524
|move|p1a: Groudon|Precipice Blades|p2a: Reuniclus
|-damage|p2a: Reuniclus|23/100
|move|p2a: Reuniclus|Skill Swap|p1a: Groudon
|-activate|p2a: Reuniclus|move: Skill Swap|Drought|Regenerator|[of] p1a: Groudon
|
|-weather|SunnyDay|[upkeep]
|-damage|p1a: Groudon|64/100 tox|[from] psn
|upkeep
|turn|23
|
|t:|1596632536
|move|p1a: Groudon|Precipice Blades|p2a: Reuniclus|[miss]
|-miss|p1a: Groudon|p2a: Reuniclus
|move|p2a: Reuniclus|Recover|p2a: Reuniclus
|-heal|p2a: Reuniclus|73/100
|
|-weather|SunnyDay|[upkeep]
|-damage|p1a: Groudon|39/100 tox|[from] psn
|upkeep
|turn|24
|inactive|cheziqua has 90 seconds left.
|
|t:|1596632584
|move|p1a: Groudon|Precipice Blades|p2a: Reuniclus
|-damage|p2a: Reuniclus|0 fnt
|faint|p2a: Reuniclus
|
|-weather|none
|-damage|p1a: Groudon|8/100 tox|[from] psn
|upkeep
|
|t:|1596632590
|switch|p2a: Amoonguss|Amoonguss, M|94/100
|turn|25
|
|t:|1596632596
|switch|p1a: Greninja|Greninja, M|100/100
|move|p2a: Amoonguss|Toxic|p1a: Greninja
|-status|p1a: Greninja|tox
|
|-heal|p2a: Amoonguss|99/100|[from] item: Black Sludge
|-damage|p1a: Greninja|95/100 tox|[from] psn
|upkeep
|turn|26
|
|t:|1596632603
|move|p2a: Amoonguss|Protect|p2a: Amoonguss
|-singleturn|p2a: Amoonguss|Protect
|move|p1a: Greninja|Ice Beam|p2a: Amoonguss
|-activate|p2a: Amoonguss|move: Protect
|
|-heal|p2a: Amoonguss|100/100|[from] item: Black Sludge
|-damage|p1a: Greninja|83/100 tox|[from] psn
|upkeep
|turn|27
|inactive|cheziqua has 90 seconds left.
|
|t:|1596632614
|move|p1a: Greninja|Ice Beam|p2a: Amoonguss
|-supereffective|p2a: Amoonguss
|-damage|p2a: Amoonguss|54/100
|move|p2a: Amoonguss|Clear Smog|p1a: Greninja
|-damage|p1a: Greninja|59/100 tox
|-clearboost|p1a: Greninja
|
|-heal|p2a: Amoonguss|60/100|[from] item: Black Sludge
|-damage|p1a: Greninja|42/100 tox|[from] psn
|upkeep
|turn|28
|inactive|cheziqua has 90 seconds left.
|
|t:|1596632624
|switch|p1a: Zacian|Zacian-Crowned|100/100
|-ability|p1a: Zacian|Intrepid Sword|boost
|-boost|p1a: Zacian|atk|1
|move|p2a: Amoonguss|Protect||[still]
|-fail|p2a: Amoonguss
|
|-heal|p2a: Amoonguss|66/100|[from] item: Black Sludge
|upkeep
|turn|29
|inactive|cheziqua has 90 seconds left.
|
|t:|1596632644
|move|p1a: Zacian|Behemoth Blade|p2a: Amoonguss
|-damage|p2a: Amoonguss|0 fnt
|faint|p2a: Amoonguss
|
|win|AZaLzAN
|l|☆cheziqua
|raw|AZaLzAN's rating: 1397 &rarr; <strong>1409</strong><br />(+12 for winning)
|raw|cheziqua's rating: 1242 &rarr; <strong>1227</strong><br />(-15 for losing)
