|j|‽85792195wwww
|j|☆AnimeZZZZ5
|t:|1623606871
|gametype|singles
|player|p1|85792195wwww|lady|1810
|player|p2|AnimeZZZZ5|bugcatcher|1927
|teamsize|p1|6
|teamsize|p2|6
|gen|8
|tier|[Gen 8] National Dex AG
|rated|
|rule|HP Percentage Mod: HP is shown in percentages
|rule|Endless Battle Clause: Forcing endless battles is banned
|clearpoke
|poke|p1|Rayquaza|
|poke|p1|Arceus-*|
|poke|p1|Zacian-*|
|poke|p1|Marshadow|
|poke|p1|Kyogre|
|poke|p1|Ditto|
|poke|p2|Rayquaza|
|poke|p2|Yveltal|
|poke|p2|Groudon|
|poke|p2|Arceus-*|
|poke|p2|Ditto|
|poke|p2|Yveltal|
|teampreview
|j| SuperNUTZ126
|
|t:|1623606888
|start
|switch|p1a: Rayquaza|Rayquaza|100/100
|switch|p2a: Yveltal|Yveltal|100/100
|-ability|p1a: Rayquaza|Air Lock
|-ability|p2a: Yveltal|Dark Aura
|turn|1
|
|t:|1623606900
|detailschange|p1a: Rayquaza|Rayquaza-Mega
|-mega|p1a: Rayquaza|Rayquaza|
|-weather|DeltaStream|[from] ability: Delta Stream|[of] p1a: Rayquaza
|move|p1a: Rayquaza|Dragon Ascent|p2a: Yveltal
|-damage|p2a: Yveltal|22/100
|-unboost|p1a: Rayquaza|def|1
|-unboost|p1a: Rayquaza|spd|1
|move|p2a: Yveltal|Foul Play|p1a: Rayquaza
|-damage|p1a: Rayquaza|0 fnt
|faint|p1a: Rayquaza
|-weather|none
|
|upkeep
|l| SuperNUTZ126
|
|t:|1623606924
|switch|p1a: Marshadow|Marshadow|100/100
|turn|2
|
|t:|1623606927
|move|p1a: Marshadow|Close Combat|p2a: Yveltal
|-damage|p2a: Yveltal|0 fnt
|-unboost|p1a: Marshadow|def|1
|-unboost|p1a: Marshadow|spd|1
|faint|p2a: Yveltal
|-damage|p1a: Marshadow|91/100|[from] item: Life Orb
|
|upkeep
|
|t:|1623606932
|switch|p2a: Arceus|Arceus-Ground|100/100
|turn|3
|
|t:|1623606939
|move|p1a: Marshadow|Close Combat|p2a: Arceus
|-damage|p2a: Arceus|64/100
|-unboost|p1a: Marshadow|def|1
|-unboost|p1a: Marshadow|spd|1
|-damage|p1a: Marshadow|81/100|[from] item: Life Orb
|-zpower|p2a: Arceus
|move|p2a: Arceus|Tectonic Rage|p1a: Marshadow|[zeffect]
|-damage|p1a: Marshadow|0 fnt
|faint|p1a: Marshadow
|
|upkeep
|
|t:|1623606951
|switch|p1a: Arceus|Arceus-Water|100/100
|turn|4
|
|t:|1623606956
|switch|p2a: Groudon|Groudon|100/100
|detailschange|p2a: Groudon|Groudon-Primal
|-primal|p2a: Groudon
|-weather|DesolateLand|[from] ability: Desolate Land|[of] p2a: Groudon
|move|p1a: Arceus|Stealth Rock|p2a: Groudon
|-sidestart|p2: AnimeZZZZ5|move: Stealth Rock
|
|-weather|DesolateLand|[upkeep]
|upkeep
|turn|5
|
|t:|1623606965
|switch|p1a: Kyogre|Kyogre|100/100
|detailschange|p1a: Kyogre|Kyogre-Primal
|-primal|p1a: Kyogre
|-weather|PrimordialSea|[from] ability: Primordial Sea|[of] p1a: Kyogre
|move|p2a: Groudon|Stealth Rock|p1a: Kyogre
|-sidestart|p1: 85792195wwww|move: Stealth Rock
|
|-weather|PrimordialSea|[upkeep]
|upkeep
|turn|6
|
|t:|1623606974
|switch|p2a: Rayquaza|Rayquaza|100/100
|-damage|p2a: Rayquaza|76/100|[from] Stealth Rock
|-ability|p2a: Rayquaza|Air Lock
|move|p1a: Kyogre|Water Spout|p2a: Rayquaza
|-resisted|p2a: Rayquaza
|-damage|p2a: Rayquaza|16/100
|
|-weather|PrimordialSea|[upkeep]
|upkeep
|turn|7
|
|t:|1623606984
|-weather|none
|switch|p1a: Zacian|Zacian-Crowned|100/100
|-damage|p1a: Zacian|94/100|[from] Stealth Rock
|-ability|p1a: Zacian|Intrepid Sword|boost
|-boost|p1a: Zacian|atk|1
|detailschange|p2a: Rayquaza|Rayquaza-Mega
|-mega|p2a: Rayquaza|Rayquaza|
|-weather|DeltaStream|[from] ability: Delta Stream|[of] p2a: Rayquaza
|move|p2a: Rayquaza|Dragon Ascent|p1a: Zacian
|-resisted|p1a: Zacian
|-damage|p1a: Zacian|37/100
|-unboost|p2a: Rayquaza|def|1
|-unboost|p2a: Rayquaza|spd|1
|
|-weather|DeltaStream|[upkeep]
|upkeep
|turn|8
|
|t:|1623607002
|move|p1a: Zacian|Substitute|p1a: Zacian
|-start|p1a: Zacian|Substitute
|-damage|p1a: Zacian|12/100
|move|p2a: Rayquaza|Dragon Ascent|p1a: Zacian
|-resisted|p1a: Zacian
|-end|p1a: Zacian|Substitute
|-unboost|p2a: Rayquaza|def|1
|-unboost|p2a: Rayquaza|spd|1
|
|-weather|DeltaStream|[upkeep]
|upkeep
|turn|9
|
|t:|1623607011
|move|p1a: Zacian|Substitute|p1a: Zacian
|-fail|p1a: Zacian|move: Substitute|[weak]
|move|p2a: Rayquaza|Dragon Ascent|p1a: Zacian
|-resisted|p1a: Zacian
|-damage|p1a: Zacian|0 fnt
|-unboost|p2a: Rayquaza|def|1
|-unboost|p2a: Rayquaza|spd|1
|faint|p1a: Zacian
|
|-weather|DeltaStream|[upkeep]
|upkeep
|
|t:|1623607020
|switch|p1a: Arceus|Arceus-Water|100/100
|-damage|p1a: Arceus|88/100|[from] Stealth Rock
|turn|10
|
|t:|1623607026
|move|p1a: Arceus|Ice Beam|p2a: Rayquaza
|-activate||deltastream
|-supereffective|p2a: Rayquaza
|-damage|p2a: Rayquaza|0 fnt
|faint|p2a: Rayquaza
|-weather|none
|
|upkeep
|
|t:|1623607029
|switch|p2a: Groudon|Groudon-Primal|100/100
|-damage|p2a: Groudon|88/100|[from] Stealth Rock
|-weather|DesolateLand|[from] ability: Desolate Land|[of] p2a: Groudon
|turn|11
|l|‽85792195wwww
|player|p1|
|j|‽85792195wwww
|player|p1|85792195wwww|lady
|
|t:|1623607067
|switch|p1a: Kyogre|Kyogre-Primal|100/100
|-damage|p1a: Kyogre|88/100|[from] Stealth Rock
|-weather|PrimordialSea|[from] ability: Primordial Sea|[of] p1a: Kyogre
|move|p2a: Groudon|Toxic|p1a: Kyogre
|-status|p1a: Kyogre|tox
|
|-weather|PrimordialSea|[upkeep]
|-damage|p1a: Kyogre|82/100 tox|[from] psn
|upkeep
|turn|12
|
|t:|1623607078
|switch|p2a: Arceus|Arceus-Ground|64/100
|-damage|p2a: Arceus|58/100|[from] Stealth Rock
|move|p1a: Kyogre|Water Spout|p2a: Arceus
|-supereffective|p2a: Arceus
|-damage|p2a: Arceus|0 fnt
|faint|p2a: Arceus
|
|-weather|PrimordialSea|[upkeep]
|-damage|p1a: Kyogre|69/100 tox|[from] psn
|upkeep
|
|t:|1623607085
|switch|p2a: Ditto|Ditto|100/100
|-damage|p2a: Ditto|88/100|[from] Stealth Rock
|-transform|p2a: Ditto|p1a: Kyogre|[from] ability: Imposter
|turn|13
|
|t:|1623607097
|move|p2a: Ditto|Water Spout|p1a: Kyogre
|-resisted|p1a: Kyogre
|-damage|p1a: Kyogre|28/100 tox
|move|p1a: Kyogre|Ice Beam|p2a: Ditto
|-resisted|p2a: Ditto
|-damage|p2a: Ditto|72/100
|
|-weather|PrimordialSea|[upkeep]
|-damage|p1a: Kyogre|9/100 tox|[from] psn
|upkeep
|turn|14
|
|t:|1623607107
|move|p2a: Ditto|Water Spout|p1a: Kyogre
|-resisted|p1a: Kyogre
|-damage|p1a: Kyogre|0 fnt
|faint|p1a: Kyogre
|
|-weather|PrimordialSea|[upkeep]
|upkeep
|
|t:|1623607114
|switch|p1a: Arceus|Arceus-Water|88/100
|-damage|p1a: Arceus|76/100|[from] Stealth Rock
|turn|15
|
|t:|1623607122
|-weather|none
|switch|p2a: Groudon|Groudon-Primal|88/100
|-damage|p2a: Groudon|76/100|[from] Stealth Rock
|-weather|DesolateLand|[from] ability: Desolate Land|[of] p2a: Groudon
|-start|p1a: Arceus|Dynamax
|-heal|p1a: Arceus|76/100|[silent]
|move|p1a: Arceus|Max Quake|p2a: Groudon
|-supereffective|p2a: Groudon
|-damage|p2a: Groudon|21/100
|-boost|p1a: Arceus|spd|1
|
|-weather|DesolateLand|[upkeep]
|upkeep
|turn|16
|
|t:|1623607154
|-weather|none
|switch|p2a: Ditto|Ditto|72/100
|-damage|p2a: Ditto|60/100|[from] Stealth Rock
|-transform|p2a: Ditto|p1a: Arceus|[from] ability: Imposter
|move|p1a: Arceus|Max Hailstorm|p2a: Ditto
|-resisted|p2a: Ditto
|-damage|p2a: Ditto|45/100
|-weather|Hail
|
|-weather|Hail|[upkeep]
|-damage|p2a: Ditto|39/100|[from] Hail
|-damage|p1a: Arceus|73/100|[from] Hail
|upkeep
|turn|17
|
|t:|1623607168
|move|p2a: Ditto|Judgment|p1a: Arceus
|-damage|p1a: Arceus|64/100
|move|p1a: Arceus|Max Quake|p2a: Ditto
|-damage|p2a: Ditto|11/100
|-boost|p1a: Arceus|spd|1
|
|-weather|Hail|[upkeep]
|-damage|p2a: Ditto|5/100|[from] Hail
|-damage|p1a: Arceus|61/100|[from] Hail
|-end|p1a: Arceus|Dynamax
|-heal|p1a: Arceus|61/100|[silent]
|upkeep
|turn|18
|
|t:|1623607185
|move|p2a: Ditto|Judgment|p1a: Arceus
|-damage|p1a: Arceus|49/100
|move|p1a: Arceus|Ice Beam|p2a: Ditto
|-resisted|p2a: Ditto
|-damage|p2a: Ditto|0 fnt
|faint|p2a: Ditto
|
|-weather|Hail|[upkeep]
|-damage|p1a: Arceus|42/100|[from] Hail
|upkeep
|
|t:|1623607188
|switch|p2a: Yveltal|Yveltal|100/100
|-damage|p2a: Yveltal|76/100|[from] Stealth Rock
|-ability|p2a: Yveltal|Dark Aura
|turn|19
|
|t:|1623607205
|-start|p2a: Yveltal|Dynamax
|-heal|p2a: Yveltal|76/100|[silent]
|move|p1a: Arceus|Ice Beam|p2a: Yveltal
|-supereffective|p2a: Yveltal
|-damage|p2a: Yveltal|48/100
|-status|p2a: Yveltal|frz
|cant|p2a: Yveltal|frz
|
|-weather|Hail|[upkeep]
|-damage|p1a: Arceus|36/100|[from] Hail
|-damage|p2a: Yveltal|45/100 frz|[from] Hail
|upkeep
|turn|20
|
|t:|1623607218
|move|p1a: Arceus|Ice Beam|p2a: Yveltal
|-supereffective|p2a: Yveltal
|-damage|p2a: Yveltal|17/100 frz
|cant|p2a: Yveltal|frz
|
|-weather|none
|upkeep
|turn|21
|-message|AnimeZZZZ5 forfeited.
|
|win|85792195wwww
|raw|85792195wwww's rating: 1810 &rarr; <strong>1836</strong><br />(+26 for winning)
|raw|AnimeZZZZ5's rating: 1927 &rarr; <strong>1901</strong><br />(-26 for losing)
|l|☆AnimeZZZZ5
