|j|☆doot_underscore
|j|☆thepoopidoopi
|t:|1664121990
|gametype|singles
|player|p1|doot_underscore|blue|
|player|p2|thepoopidoopi|firebreather-gen2|
|teamsize|p1|6
|teamsize|p2|6
|gen|8
|tier|[Gen 8] National Dex AG
|rule|HP Percentage Mod: HP is shown in percentages
|rule|Endless Battle Clause: Forcing endless battles is banned
|clearpoke
|poke|p1|Landorus-Therian, M|
|poke|p1|Dragapult, M|
|poke|p1|Darmanitan-Galar, F|
|poke|p1|Necrozma-Dusk-Mane|
|poke|p1|Weavile, F|
|poke|p1|Calyrex-Shadow|
|poke|p2|Groudon|
|poke|p2|Groudon|
|poke|p2|Groudon|
|poke|p2|Groudon|
|poke|p2|Groudon|
|poke|p2|Groudon|
|teampreview
|
|t:|1664122003
|start
|switch|p1a: wallbreaker|Dragapult, M|100/100
|switch|p2a: Groudon|Groudon|100/100
|-weather|SunnyDay|[from] ability: Drought|[of] p2a: Groudon
|turn|1
|
|t:|1664122007
|move|p1a: wallbreaker|Reflect|p1a: wallbreaker
|-sidestart|p1: doot_underscore|Reflect
|move|p2a: Groudon|Stealth Rock|p1a: wallbreaker
|-sidestart|p1: doot_underscore|move: Stealth Rock
|
|-weather|SunnyDay|[upkeep]
|upkeep
|turn|2
|
|t:|1664122011
|move|p1a: wallbreaker|Light Screen|p1a: wallbreaker
|-sidestart|p1: doot_underscore|move: Light Screen
|move|p2a: Groudon|Toxic|p1a: wallbreaker
|-status|p1a: wallbreaker|tox
|
|-weather|SunnyDay|[upkeep]
|-damage|p1a: wallbreaker|94/100 tox|[from] psn
|upkeep
|turn|3
|j| appletun's apples
|
|t:|1664122017
|move|p1a: wallbreaker|U-turn|p2a: Groudon
|-damage|p2a: Groudon|92/100
|
|t:|1664122021
|switch|p1a: darm it|Darmanitan-Galar, F|100/100|[from]move: U-turn
|-damage|p1a: darm it|76/100|[from] Stealth Rock
|move|p2a: Groudon|Precipice Blades|p1a: darm it
|-crit|p1a: darm it
|-damage|p1a: darm it|0 fnt
|faint|p1a: darm it
|
|-weather|SunnyDay|[upkeep]
|-heal|p2a: Groudon|98/100|[from] item: Leftovers
|upkeep
|
|t:|1664122032
|switch|p1a: wait this isnt ou|Landorus-Therian, M|100/100
|-damage|p1a: wait this isnt ou|88/100|[from] Stealth Rock
|-ability|p1a: wait this isnt ou|Intimidate|boost
|-unboost|p2a: Groudon|atk|1
|turn|4
|
|t:|1664122036
|move|p1a: wait this isnt ou|Swords Dance|p1a: wait this isnt ou
|-boost|p1a: wait this isnt ou|atk|2
|move|p2a: Groudon|Precipice Blades|p1a: wait this isnt ou
|-immune|p1a: wait this isnt ou
|
|-weather|SunnyDay|[upkeep]
|-heal|p2a: Groudon|100/100|[from] item: Leftovers
|upkeep
|turn|5
|
|t:|1664122053
|-start|p1a: wait this isnt ou|Dynamax|
|-heal|p1a: wait this isnt ou|88/100|[silent]
|move|p1a: wait this isnt ou|Max Airstream|p2a: Groudon
|-damage|p2a: Groudon|3/100
|-boost|p1a: wait this isnt ou|spe|1
|-damage|p1a: wait this isnt ou|83/100|[from] item: Life Orb
|move|p2a: Groudon|Toxic|p1a: wait this isnt ou
|-status|p1a: wait this isnt ou|tox
|
|-weather|none
|-heal|p2a: Groudon|9/100|[from] item: Leftovers
|-damage|p1a: wait this isnt ou|80/100 tox|[from] psn
|upkeep
|turn|6
|
|t:|1664122058
|move|p1a: wait this isnt ou|Max Quake|p2a: Groudon
|-damage|p2a: Groudon|0 fnt
|-boost|p1a: wait this isnt ou|spd|1
|faint|p2a: Groudon
|-damage|p1a: wait this isnt ou|76/100 tox|[from] item: Life Orb
|
|-damage|p1a: wait this isnt ou|70/100 tox|[from] psn
|upkeep
|
|t:|1664122061
|switch|p2a: Groudon|Groudon|100/100
|detailschange|p2a: Groudon|Groudon-Primal
|-primal|p2a: Groudon
|-weather|DesolateLand|[from] ability: Desolate Land|[of] p2a: Groudon
|turn|7
|
|t:|1664122064
|move|p1a: wait this isnt ou|Max Quake|p2a: Groudon
|-supereffective|p2a: Groudon
|-damage|p2a: Groudon|0 fnt
|-boost|p1a: wait this isnt ou|spd|1
|faint|p2a: Groudon
|-weather|none
|-damage|p1a: wait this isnt ou|65/100 tox|[from] item: Life Orb
|
|-damage|p1a: wait this isnt ou|56/100 tox|[from] psn
|upkeep
|
|t:|1664122067
|switch|p2a: Groudon|Groudon|100/100
|detailschange|p2a: Groudon|Groudon-Primal
|-primal|p2a: Groudon
|-weather|DesolateLand|[from] ability: Desolate Land|[of] p2a: Groudon
|-end|p1a: wait this isnt ou|Dynamax
|-heal|p1a: wait this isnt ou|56/100 tox|[silent]
|turn|8
|
|t:|1664122069
|move|p1a: wait this isnt ou|Earthquake|p2a: Groudon
|-supereffective|p2a: Groudon
|-damage|p2a: Groudon|0 fnt
|faint|p2a: Groudon
|-weather|none
|-damage|p1a: wait this isnt ou|46/100 tox|[from] item: Life Orb
|
|-damage|p1a: wait this isnt ou|22/100 tox|[from] psn
|-sideend|p1: doot_underscore|Reflect
|upkeep
|
|t:|1664122074
|switch|p2a: Groudon|Groudon|100/100
|detailschange|p2a: Groudon|Groudon-Primal
|-primal|p2a: Groudon
|-weather|DesolateLand|[from] ability: Desolate Land|[of] p2a: Groudon
|turn|9
|c|☆doot_underscore|its worse against regular groudon
|
|t:|1664122086
|move|p1a: wait this isnt ou|Earthquake|p2a: Groudon
|-supereffective|p2a: Groudon
|-damage|p2a: Groudon|0 fnt
|faint|p2a: Groudon
|-weather|none
|-damage|p1a: wait this isnt ou|13/100 tox|[from] item: Life Orb
|
|-damage|p1a: wait this isnt ou|0 fnt|[from] psn
|faint|p1a: wait this isnt ou
|-sideend|p1: doot_underscore|move: Light Screen
|upkeep
|
|t:|1664122096
|switch|p1a: nemo|Necrozma-Dusk-Mane|100/100
|switch|p2a: Groudon|Groudon|100/100
|-damage|p1a: nemo|95/100|[from] Stealth Rock
|detailschange|p2a: Groudon|Groudon-Primal
|-primal|p2a: Groudon
|-weather|DesolateLand|[from] ability: Desolate Land|[of] p2a: Groudon
|turn|10
|
|t:|1664122100
|detailschange|p1a: nemo|Necrozma-Ultra
|-burst|p1a: nemo|Necrozma|Ultranecrozium Z
|move|p1a: nemo|Dragon Dance|p1a: nemo
|-boost|p1a: nemo|atk|1
|-boost|p1a: nemo|spe|1
|move|p2a: Groudon|Rock Polish|p2a: Groudon
|-boost|p2a: Groudon|spe|2
|
|-weather|DesolateLand|[upkeep]
|upkeep
|turn|11
|
|t:|1664122104
|move|p2a: Groudon|Swords Dance|p2a: Groudon
|-boost|p2a: Groudon|atk|2
|move|p1a: nemo|Earthquake|p2a: Groudon
|-supereffective|p2a: Groudon
|-damage|p2a: Groudon|0 fnt
|faint|p2a: Groudon
|-weather|none
|
|upkeep
|
|t:|1664122106
|switch|p2a: Groudon|Groudon|100/100
|detailschange|p2a: Groudon|Groudon-Primal
|-primal|p2a: Groudon
|-weather|DesolateLand|[from] ability: Desolate Land|[of] p2a: Groudon
|turn|12
|
|t:|1664122108
|move|p1a: nemo|Earthquake|p2a: Groudon
|-supereffective|p2a: Groudon
|-crit|p2a: Groudon
|-damage|p2a: Groudon|0 fnt
|faint|p2a: Groudon
|-weather|none
|
|win|doot_underscore
|l| appletun's apples
|c|☆doot_underscore|welp
|c|☆doot_underscore|gg
|c|☆thepoopidoopi|gg
