|j|☆PM77Switch
|j|☆Dankyul
|t:|1638996397
|gametype|singles
|player|p1|PM77Switch|dawn|1711
|player|p2|Dankyul|lucas-gen4pt|1614
|teamsize|p1|6
|teamsize|p2|6
|gen|8
|tier|[Gen 8] National Dex AG
|rated|
|rule|HP Percentage Mod: HP is shown in percentages
|rule|Endless Battle Clause: Forcing endless battles is banned
|clearpoke
|poke|p1|Swampert, F|
|poke|p1|Arceus-*|
|poke|p1|Marshadow|
|poke|p1|Thundurus, M|
|poke|p1|Rayquaza|
|poke|p1|Zacian-*|
|poke|p2|Xerneas-*|
|poke|p2|Ditto|
|poke|p2|Arceus-*|
|poke|p2|Calyrex-Shadow|
|poke|p2|Zacian-*|
|poke|p2|Blaziken, M|
|teampreview
|inactive|Battle timer is ON: inactive players will automatically lose when time's up. (requested by PM77Switch)
|j| NoLackLuster
|
|t:|1638996402
|start
|switch|p1a: Arceus|Arceus|100/100
|switch|p2a: Arceus|Arceus|100/100
|turn|1
|
|t:|1638996408
|move|p1a: Arceus|Judgment|p2a: Arceus
|-damage|p2a: Arceus|56/100
|-damage|p1a: Arceus|91/100|[from] item: Life Orb
|move|p2a: Arceus|Toxic|p1a: Arceus
|-status|p1a: Arceus|tox
|
|-damage|p1a: Arceus|84/100 tox|[from] psn
|upkeep
|turn|2
|
|t:|1638996417
|switch|p1a: Swampert|Swampert, F|100/100
|move|p2a: Arceus|Recover|p2a: Arceus
|-heal|p2a: Arceus|100/100
|
|upkeep
|turn|3
|
|t:|1638996426
|move|p2a: Arceus|Toxic|p1a: Swampert
|-status|p1a: Swampert|tox
|move|p1a: Swampert|Stealth Rock|p2a: Arceus
|-sidestart|p2: Dankyul|move: Stealth Rock
|
|-damage|p1a: Swampert|94/100 tox|[from] psn
|upkeep
|turn|4
|
|t:|1638996432
|move|p2a: Arceus|Defog|p1a: Swampert
|-unboost|p1a: Swampert|evasion|1
|-sideend|p2: Dankyul|Stealth Rock|[from] move: Defog|[of] p2a: Arceus
|move|p1a: Swampert|Yawn|p2a: Arceus
|-start|p2a: Arceus|move: Yawn|[of] p1a: Swampert
|
|-damage|p1a: Swampert|82/100 tox|[from] psn
|upkeep
|turn|5
|
|t:|1638996443
|switch|p2a: Blaziken|Blaziken, M|100/100
|move|p1a: Swampert|Stealth Rock|p2a: Blaziken
|-sidestart|p2: Dankyul|move: Stealth Rock
|
|-damage|p1a: Swampert|63/100 tox|[from] psn
|upkeep
|turn|6
|
|t:|1638996451
|detailschange|p2a: Blaziken|Blaziken-Mega, M
|-mega|p2a: Blaziken|Blaziken|Blazikenite
|move|p2a: Blaziken|Protect|p2a: Blaziken
|-singleturn|p2a: Blaziken|Protect
|move|p1a: Swampert|Liquidation|p2a: Blaziken
|-activate|p2a: Blaziken|move: Protect
|
|-damage|p1a: Swampert|39/100 tox|[from] psn
|-ability|p2a: Blaziken|Speed Boost|boost
|-boost|p2a: Blaziken|spe|1
|upkeep
|turn|7
|
|t:|1638996460
|move|p2a: Blaziken|Close Combat|p1a: Swampert
|-damage|p1a: Swampert|0 fnt
|-unboost|p2a: Blaziken|def|1
|-unboost|p2a: Blaziken|spd|1
|faint|p1a: Swampert
|
|-ability|p2a: Blaziken|Speed Boost|boost
|-boost|p2a: Blaziken|spe|1
|upkeep
|
|t:|1638996471
|switch|p1a: Thundurus|Thundurus, M|100/100
|turn|8
|
|t:|1638996475
|move|p1a: Thundurus|Thunder Wave|p2a: Blaziken
|-status|p2a: Blaziken|par
|cant|p2a: Blaziken|par
|
|-ability|p2a: Blaziken|Speed Boost|boost
|-boost|p2a: Blaziken|spe|1
|upkeep
|turn|9
|
|t:|1638996495
|switch|p1a: Arceus|Arceus|84/100 tox
|move|p2a: Blaziken|Protect||[still]
|-fail|p2a: Blaziken
|
|-damage|p1a: Arceus|78/100 tox|[from] psn
|-ability|p2a: Blaziken|Speed Boost|boost
|-boost|p2a: Blaziken|spe|1
|upkeep
|turn|10
|
|t:|1638996503
|switch|p2a: Arceus|Arceus|100/100
|move|p1a: Arceus|Judgment|p2a: Arceus
|-damage|p2a: Arceus|59/100
|-damage|p1a: Arceus|68/100 tox|[from] item: Life Orb
|
|-damage|p1a: Arceus|56/100 tox|[from] psn
|upkeep
|turn|11
|
|t:|1638996520
|switch|p1a: Marshadow|Marshadow|100/100
|move|p2a: Arceus|Defog|p1a: Marshadow
|-unboost|p1a: Marshadow|evasion|1
|-sideend|p2: Dankyul|Stealth Rock|[from] move: Defog|[of] p2a: Arceus
|
|upkeep
|turn|12
|
|t:|1638996528
|move|p1a: Marshadow|Close Combat|p2a: Arceus
|-supereffective|p2a: Arceus
|-damage|p2a: Arceus|0 fnt
|-unboost|p1a: Marshadow|def|1
|-unboost|p1a: Marshadow|spd|1
|faint|p2a: Arceus
|
|upkeep
|
|t:|1638996534
|switch|p2a: Ditto|Ditto|100/100
|-transform|p2a: Ditto|p1a: Marshadow|[from] ability: Imposter
|turn|13
|
|t:|1638996539
|switch|p1a: Arceus|Arceus|56/100 tox
|move|p2a: Ditto|Shadow Sneak|p1a: Arceus
|-immune|p1a: Arceus
|
|-damage|p1a: Arceus|50/100 tox|[from] psn
|upkeep
|turn|14
|
|t:|1638996554
|switch|p2a: Zacian|Zacian-Crowned|100/100
|-ability|p2a: Zacian|Intrepid Sword|boost
|-boost|p2a: Zacian|atk|1
|switch|p1a: Thundurus|Thundurus, M|100/100
|
|upkeep
|turn|15
|
|t:|1638996561
|switch|p2a: Blaziken|Blaziken-Mega, M|100/100 par
|move|p1a: Thundurus|Thunder Wave|p2a: Blaziken
|-fail|p2a: Blaziken|par
|
|upkeep
|turn|16
|
|t:|1638996568
|switch|p1a: Rayquaza|Rayquaza|100/100
|-ability|p1a: Rayquaza|Air Lock
|cant|p2a: Blaziken|par
|
|-ability|p2a: Blaziken|Speed Boost|boost
|-boost|p2a: Blaziken|spe|1
|upkeep
|turn|17
|
|t:|1638996583
|detailschange|p1a: Rayquaza|Rayquaza-Mega
|-mega|p1a: Rayquaza|Rayquaza|
|-weather|DeltaStream|[from] ability: Delta Stream|[of] p1a: Rayquaza
|move|p1a: Rayquaza|Dragon Ascent|p2a: Blaziken
|-supereffective|p2a: Blaziken
|-damage|p2a: Blaziken|0 fnt
|-unboost|p1a: Rayquaza|def|1
|-unboost|p1a: Rayquaza|spd|1
|faint|p2a: Blaziken
|
|-weather|DeltaStream|[upkeep]
|upkeep
|
|t:|1638996591
|switch|p2a: Xerneas|Xerneas|100/100
|-ability|p2a: Xerneas|Fairy Aura
|turn|18
|
|t:|1638996594
|move|p1a: Rayquaza|Dragon Ascent|p2a: Xerneas
|-damage|p2a: Xerneas|0 fnt
|-unboost|p1a: Rayquaza|def|1
|-unboost|p1a: Rayquaza|spd|1
|faint|p2a: Xerneas
|
|-weather|DeltaStream|[upkeep]
|upkeep
|
|t:|1638996601
|switch|p2a: Calyrex|Calyrex-Shadow|100/100
|-ability|p2a: Calyrex|As One
|-ability|p2a: Calyrex|Unnerve
|turn|19
|
|t:|1638996611
|-weather|none
|switch|p1a: Arceus|Arceus|50/100 tox
|move|p2a: Calyrex|Astral Barrage|p1a: Arceus
|-immune|p1a: Arceus
|
|-damage|p1a: Arceus|44/100 tox|[from] psn
|upkeep
|turn|20
|
|t:|1638996620
|-start|p2a: Calyrex|Dynamax
|-heal|p2a: Calyrex|100/100|[silent]
|move|p2a: Calyrex|Max Mindstorm|p1a: Arceus
|-damage|p1a: Arceus|0 fnt
|-fieldstart|move: Psychic Terrain
|faint|p1a: Arceus
|-ability|p2a: Calyrex|Grim Neigh|boost
|-boost|p2a: Calyrex|spa|1
|
|upkeep
|
|t:|1638996632
|switch|p1a: Thundurus|Thundurus, M|100/100
|turn|21
|
|t:|1638996656
|move|p1a: Thundurus|Thunder Wave|p2a: Calyrex
|-activate|p2a: Calyrex|move: Psychic Terrain
|move|p2a: Calyrex|Max Phantasm|p1a: Thundurus
|-damage|p1a: Thundurus|0 fnt
|faint|p1a: Thundurus
|-ability|p2a: Calyrex|Grim Neigh|boost
|-boost|p2a: Calyrex|spa|1
|
|upkeep
|
|t:|1638996679
|switch|p1a: Rayquaza|Rayquaza-Mega|100/100
|-weather|DeltaStream|[from] ability: Delta Stream|[of] p1a: Rayquaza
|turn|22
|
|t:|1638996685
|move|p2a: Calyrex|Max Phantasm|p1a: Rayquaza
|-damage|p1a: Rayquaza|0 fnt
|faint|p1a: Rayquaza
|-weather|none
|-ability|p2a: Calyrex|Grim Neigh|boost
|-boost|p2a: Calyrex|spa|1
|
|-end|p2a: Calyrex|Dynamax
|-heal|p2a: Calyrex|100/100|[silent]
|upkeep
|
|t:|1638996697
|switch|p1a: Marshadow|Marshadow|100/100
|turn|23
|
|t:|1638996700
|move|p2a: Calyrex|Astral Barrage|p1a: Marshadow
|-supereffective|p1a: Marshadow
|-enditem|p1a: Marshadow|Focus Sash
|-damage|p1a: Marshadow|1/100
|move|p1a: Marshadow|Spectral Thief||[still]
|-clearpositiveboost|p2a: Calyrex|p1a: Marshadow|move: Spectral Thief
|-boost|p1a: Marshadow|spa|3
|-anim|p1a: Marshadow|Spectral Thief|p2a: Calyrex
|-supereffective|p2a: Calyrex
|-crit|p2a: Calyrex
|-damage|p2a: Calyrex|0 fnt
|faint|p2a: Calyrex
|
|upkeep
|
|t:|1638996709
|switch|p2a: Zacian|Zacian-Crowned|100/100
|-ability|p2a: Zacian|Intrepid Sword|boost
|-boost|p2a: Zacian|atk|1
|turn|24
|
|t:|1638996724
|move|p2a: Zacian|Behemoth Blade|p1a: Marshadow
|-damage|p1a: Marshadow|0 fnt
|faint|p1a: Marshadow
|
|-fieldend|move: Psychic Terrain
|upkeep
|
|t:|1638996728
|switch|p1a: Zacian|Zacian-Crowned|100/100
|-ability|p1a: Zacian|Intrepid Sword|boost
|-boost|p1a: Zacian|atk|1
|turn|25
|
|t:|1638996732
|move|p1a: Zacian|Behemoth Blade|p2a: Zacian
|-damage|p2a: Zacian|12/100
|move|p2a: Zacian|Behemoth Blade|p1a: Zacian
|-damage|p1a: Zacian|12/100
|
|upkeep
|turn|26
|
|t:|1638996738
|move|p2a: Zacian|Quick Attack|p1a: Zacian
|-resisted|p1a: Zacian
|-damage|p1a: Zacian|0 fnt
|faint|p1a: Zacian
|
|win|Dankyul
|raw|PM77Switch's rating: 1711 &rarr; <strong>1687</strong><br />(-24 for losing)
|raw|Dankyul's rating: 1637 &rarr; <strong>1661</strong><br />(+24 for winning)
|l|☆PM77Switch
