|j|☆Cringe'ntMan
|j|☆iMysticLeafeon
|t:|1668707469
|gametype|singles
|player|p1|Cringe'ntMan|policeman|1642
|player|p2|iMysticLeafeon|ethan-masters|1616
|teamsize|p1|6
|teamsize|p2|6
|gen|8
|tier|[Gen 8] National Dex AG
|rated|
|rule|HP Percentage Mod: HP is shown in percentages
|rule|Endless Battle Clause: Forcing endless battles is banned
|clearpoke
|poke|p1|Tyranitar, M|
|poke|p1|Garchomp, F|
|poke|p1|Excadrill, M|
|poke|p1|Kommo-o, F|
|poke|p1|Aegislash, F|
|poke|p1|Nihilego|
|poke|p2|Rayquaza|
|poke|p2|Ditto|
|poke|p2|Yveltal|
|poke|p2|Zacian-*|
|poke|p2|Deoxys-Speed|
|poke|p2|Arceus-*|
|teampreview
|inactive|Battle timer is ON: inactive players will automatically lose when time's up. (requested by iMysticLeafeon)
|
|t:|1668707481
|start
|switch|p1a: Fodder|Tyranitar, M|100/100
|switch|p2a: Royalty|Zacian-Crowned, shiny|100/100
|-ability|p2a: Royalty|Intrepid Sword|boost
|-boost|p2a: Royalty|atk|1
|-weather|Sandstorm|[from] ability: Sand Stream|[of] p1a: Fodder
|turn|1
|
|t:|1668707485
|move|p2a: Royalty|Behemoth Blade|p1a: Fodder
|-supereffective|p1a: Fodder
|-damage|p1a: Fodder|0 fnt
|faint|p1a: Fodder
|
|-weather|Sandstorm|[upkeep]
|upkeep
|
|t:|1668707489
|switch|p1a: Keeper|Aegislash, F|100/100
|turn|2
|
|t:|1668707494
|move|p1a: Keeper|King's Shield|p1a: Keeper
|-singleturn|p1a: Keeper|Protect
|move|p2a: Royalty|Substitute|p2a: Royalty
|-start|p2a: Royalty|Substitute
|-damage|p2a: Royalty|76/100
|
|-weather|Sandstorm|[upkeep]
|upkeep
|turn|3
|
|t:|1668707505
|move|p2a: Royalty|Behemoth Blade|p1a: Keeper
|-resisted|p1a: Keeper
|-damage|p1a: Keeper|58/100
|-formechange|p1a: Keeper|Aegislash-Blade||[from] ability: Stance Change
|move|p1a: Keeper|Iron Head|p2a: Royalty
|-crit|p2a: Royalty
|-end|p2a: Royalty|Substitute
|
|-weather|Sandstorm|[upkeep]
|upkeep
|turn|4
|
|t:|1668707514
|switch|p2a: imu|Ditto, shiny|100/100
|-transform|p2a: imu|p1a: Keeper|[from] ability: Imposter
|-formechange|p1a: Keeper|Aegislash||[from] ability: Stance Change
|move|p1a: Keeper|King's Shield||[still]
|-fail|p1a: Keeper
|
|-weather|Sandstorm|[upkeep]
|upkeep
|turn|5
|
|t:|1668707522
|move|p1a: Keeper|King's Shield|p1a: Keeper
|-singleturn|p1a: Keeper|Protect
|move|p2a: imu|Shadow Sneak|p1a: Keeper
|-activate|p1a: Keeper|move: Protect
|-unboost|p2a: imu|atk|1
|
|-weather|Sandstorm|[upkeep]
|upkeep
|turn|6
|
|t:|1668707532
|switch|p2a: Bone Broth|Yveltal, shiny|100/100
|-ability|p2a: Bone Broth|Dark Aura
|move|p1a: Keeper|Swords Dance|p1a: Keeper
|-boost|p1a: Keeper|atk|2
|
|-weather|Sandstorm|[upkeep]
|-damage|p2a: Bone Broth|94/100|[from] Sandstorm
|upkeep
|turn|7
|
|t:|1668707537
|move|p1a: Keeper|King's Shield|p1a: Keeper
|-singleturn|p1a: Keeper|Protect
|move|p2a: Bone Broth|Dark Pulse|p1a: Keeper
|-activate|p1a: Keeper|move: Protect
|
|-weather|Sandstorm|[upkeep]
|-damage|p2a: Bone Broth|88/100|[from] Sandstorm
|upkeep
|turn|8
|
|t:|1668707543
|move|p2a: Bone Broth|Oblivion Wing|p1a: Keeper
|-resisted|p1a: Keeper
|-damage|p1a: Keeper|37/100
|-heal|p2a: Bone Broth|99/100|[from] drain|[of] p1a: Keeper
|-formechange|p1a: Keeper|Aegislash-Blade||[from] ability: Stance Change
|move|p1a: Keeper|Iron Head|p2a: Bone Broth
|-damage|p2a: Bone Broth|8/100
|
|-weather|none
|upkeep
|turn|9
|
|t:|1668707553
|move|p2a: Bone Broth|Sucker Punch|p1a: Keeper
|-supereffective|p1a: Keeper
|-damage|p1a: Keeper|0 fnt
|faint|p1a: Keeper
|
|upkeep
|
|t:|1668707559
|switch|p1a: Idk|Nihilego|100/100
|turn|10
|
|t:|1668707562
|move|p2a: Bone Broth|Sucker Punch|p1a: Idk
|-damage|p1a: Idk|30/100
|move|p1a: Idk|Power Gem|p2a: Bone Broth
|-supereffective|p2a: Bone Broth
|-damage|p2a: Bone Broth|0 fnt
|faint|p2a: Bone Broth
|-ability|p1a: Idk|Beast Boost|boost
|-boost|p1a: Idk|spa|1
|
|upkeep
|
|t:|1668707570
|switch|p2a: sonic|Deoxys-Speed|100/100
|-ability|p2a: sonic|Pressure
|turn|11
|
|t:|1668707575
|move|p2a: sonic|Stealth Rock|p1a: Idk
|-sidestart|p1: Cringe'ntMan|move: Stealth Rock
|move|p1a: Idk|Power Gem|p2a: sonic
|-damage|p2a: sonic|21/100
|
|upkeep
|turn|12
|
|t:|1668707579
|move|p2a: sonic|Spikes|p1a: Idk
|-sidestart|p1: Cringe'ntMan|Spikes
|move|p1a: Idk|Power Gem|p2a: sonic
|-damage|p2a: sonic|0 fnt
|faint|p2a: sonic
|-ability|p1a: Idk|Beast Boost|boost
|-boost|p1a: Idk|spa|1
|
|upkeep
|
|t:|1668707583
|switch|p2a: Dark Lightning|Rayquaza, shiny|100/100
|-ability|p2a: Dark Lightning|Air Lock
|turn|13
|
|t:|1668707588
|detailschange|p2a: Dark Lightning|Rayquaza-Mega, shiny
|-mega|p2a: Dark Lightning|Rayquaza|
|-weather|DeltaStream|[from] ability: Delta Stream|[of] p2a: Dark Lightning
|move|p1a: Idk|Power Gem|p2a: Dark Lightning
|-activate||deltastream
|-damage|p2a: Dark Lightning|27/100
|move|p2a: Dark Lightning|Dragon Dance|p2a: Dark Lightning
|-boost|p2a: Dark Lightning|atk|1
|-boost|p2a: Dark Lightning|spe|1
|
|-weather|DeltaStream|[upkeep]
|upkeep
|turn|14
|
|t:|1668707597
|move|p1a: Idk|Power Gem|p2a: Dark Lightning
|-activate||deltastream
|-damage|p2a: Dark Lightning|0 fnt
|faint|p2a: Dark Lightning
|-weather|none
|-ability|p1a: Idk|Beast Boost|boost
|-boost|p1a: Idk|spa|1
|
|upkeep
|
|t:|1668707602
|switch|p2a: imu|Ditto, shiny|100/100
|-transform|p2a: imu|p1a: Idk|[from] ability: Imposter
|turn|15
|
|t:|1668707606
|move|p2a: imu|Psychic|p1a: Idk
|-supereffective|p1a: Idk
|-damage|p1a: Idk|0 fnt
|faint|p1a: Idk
|-ability|p2a: imu|Beast Boost|boost
|-boost|p2a: imu|spa|1
|
|upkeep
|
|t:|1668707612
|switch|p1a: Sweeper|Excadrill, M|100/100
|-damage|p1a: Sweeper|97/100|[from] Stealth Rock
|-item|p1a: Sweeper|Air Balloon
|turn|16
|
|t:|1668707624
|-start|p2a: imu|Dynamax|
|-heal|p2a: imu|100/100|[silent]
|move|p2a: imu|Max Lightning|p1a: Sweeper
|-immune|p1a: Sweeper
|move|p1a: Sweeper|Rapid Spin|p2a: imu
|-resisted|p2a: imu
|-damage|p2a: imu|91/100
|-boost|p1a: Sweeper|spe|1
|-sideend|p1: Cringe'ntMan|Spikes|[from] move: Rapid Spin|[of] p1a: Sweeper
|-sideend|p1: Cringe'ntMan|Stealth Rock|[from] move: Rapid Spin|[of] p1a: Sweeper
|
|upkeep
|turn|17
|
|t:|1668707637
|-start|p1a: Sweeper|Dynamax|
|-heal|p1a: Sweeper|97/100|[silent]
|move|p1a: Sweeper|Max Quake|p2a: imu
|-supereffective|p2a: imu
|-damage|p2a: imu|0 fnt
|-boost|p1a: Sweeper|spd|1
|faint|p2a: imu
|
|upkeep
|
|t:|1668707641
|switch|p2a: Arceus|Arceus-Ghost|100/100
|turn|18
|c|☆Cringe'ntMan|Uhm
|c|☆Cringe'ntMan|Ok
|
|t:|1668707654
|move|p1a: Sweeper|Max Quake|p2a: Arceus
|-damage|p2a: Arceus|48/100
|-boost|p1a: Sweeper|spd|1
|move|p2a: Arceus|Recover|p2a: Arceus
|-heal|p2a: Arceus|98/100
|
|upkeep
|turn|19
|
|t:|1668707657
|move|p1a: Sweeper|Max Quake|p2a: Arceus
|-damage|p2a: Arceus|50/100
|-boost|p1a: Sweeper|spd|1
|move|p2a: Arceus|Recover|p2a: Arceus
|-heal|p2a: Arceus|99/100
|
|upkeep
|-end|p1a: Sweeper|Dynamax
|-heal|p1a: Sweeper|97/100|[silent]
|turn|20
|
|t:|1668707667
|move|p1a: Sweeper|Swords Dance|p1a: Sweeper
|-boost|p1a: Sweeper|atk|2
|move|p2a: Arceus|Swords Dance|p2a: Arceus
|-boost|p2a: Arceus|atk|2
|
|upkeep
|turn|21
|
|t:|1668707671
|move|p1a: Sweeper|Earthquake|p2a: Arceus
|-crit|p2a: Arceus
|-damage|p2a: Arceus|0 fnt
|faint|p2a: Arceus
|
|upkeep
|-message|iMysticLeafeon forfeited.
|
|win|Cringe'ntMan
|raw|Cringe&apos;ntMan's rating: 1642 &rarr; <strong>1661</strong><br />(+19 for winning)
|raw|iMysticLeafeon's rating: 1616 &rarr; <strong>1597</strong><br />(-19 for losing)
|l|☆iMysticLeafeon
