|j|☆Diancie_hhh
|j|☆DarkboiJ
|t:|1665934527
|gametype|singles
|player|p1|Diancie_hhh|marnie|1880
|player|p2|DarkboiJ|blue-gen3two|1846
|teamsize|p1|6
|teamsize|p2|6
|gen|8
|tier|[Gen 8] National Dex AG
|rated|
|rule|HP Percentage Mod: HP is shown in percentages
|rule|Endless Battle Clause: Forcing endless battles is banned
|clearpoke
|poke|p1|Arceus-*|
|poke|p1|Zacian-*|
|poke|p1|Groudon|
|poke|p1|Ho-Oh|
|poke|p1|Zygarde|
|poke|p1|Weavile, F|
|poke|p2|Beheeyem, M|
|poke|p2|Gliscor, F|
|poke|p2|Rillaboom, M|
|poke|p2|Slowbro, F|
|poke|p2|Tyranitar, M|
|poke|p2|Ditto|
|teampreview
|inactive|Battle timer is ON: inactive players will automatically lose when time's up. (requested by DarkboiJ)
|inactive|DarkboiJ has 120 seconds left.
|
|t:|1665934562
|start
|switch|p1a: Zygarde|Zygarde, shiny|100/100
|switch|p2a: Beheeyem|Beheeyem, M, shiny|100/100
|turn|1
|
|t:|1665934570
|move|p1a: Zygarde|Coil|p1a: Zygarde
|-boost|p1a: Zygarde|atk|1
|-boost|p1a: Zygarde|def|1
|-boost|p1a: Zygarde|accuracy|1
|move|p2a: Beheeyem|Calm Mind|p2a: Beheeyem
|-boost|p2a: Beheeyem|spa|1
|-boost|p2a: Beheeyem|spd|1
|
|upkeep
|turn|2
|
|t:|1665934581
|move|p1a: Zygarde|Thousand Arrows|p2a: Beheeyem
|-damage|p2a: Beheeyem|56/100
|-enditem|p2a: Beheeyem|Kee Berry|[eat]
|-boost|p2a: Beheeyem|def|1|[from] item: Kee Berry
|move|p2a: Beheeyem|Calm Mind|p2a: Beheeyem
|-boost|p2a: Beheeyem|spa|1
|-boost|p2a: Beheeyem|spd|1
|
|upkeep
|turn|3
|j| lightdarks
|
|t:|1665934593
|move|p1a: Zygarde|Coil|p1a: Zygarde
|-boost|p1a: Zygarde|atk|1
|-boost|p1a: Zygarde|def|1
|-boost|p1a: Zygarde|accuracy|1
|move|p2a: Beheeyem|Recover|p2a: Beheeyem
|-heal|p2a: Beheeyem|100/100
|
|upkeep
|turn|4
|l| lightdarks
|
|t:|1665934603
|move|p1a: Zygarde|Thousand Arrows|p2a: Beheeyem
|-damage|p2a: Beheeyem|66/100
|move|p2a: Beheeyem|Calm Mind|p2a: Beheeyem
|-boost|p2a: Beheeyem|spa|1
|-boost|p2a: Beheeyem|spd|1
|
|upkeep
|turn|5
|
|t:|1665934616
|-start|p1a: Zygarde|Dynamax|
|-heal|p1a: Zygarde|100/100|[silent]
|move|p1a: Zygarde|Max Quake|p2a: Beheeyem
|-damage|p2a: Beheeyem|15/100
|-boost|p1a: Zygarde|spd|1
|move|p2a: Beheeyem|Recover|p2a: Beheeyem
|-heal|p2a: Beheeyem|65/100
|
|upkeep
|turn|6
|
|t:|1665934627
|move|p1a: Zygarde|Max Quake|p2a: Beheeyem
|-damage|p2a: Beheeyem|14/100
|-boost|p1a: Zygarde|spd|1
|move|p2a: Beheeyem|Recover|p2a: Beheeyem
|-heal|p2a: Beheeyem|64/100
|
|upkeep
|turn|7
|
|t:|1665934636
|move|p1a: Zygarde|Max Quake|p2a: Beheeyem
|-damage|p2a: Beheeyem|7/100
|-boost|p1a: Zygarde|spd|1
|move|p2a: Beheeyem|Recover|p2a: Beheeyem
|-heal|p2a: Beheeyem|57/100
|
|upkeep
|-end|p1a: Zygarde|Dynamax
|-heal|p1a: Zygarde|100/100|[silent]
|turn|8
|
|t:|1665934648
|move|p1a: Zygarde|Coil|p1a: Zygarde
|-boost|p1a: Zygarde|atk|1
|-boost|p1a: Zygarde|def|1
|-boost|p1a: Zygarde|accuracy|1
|move|p2a: Beheeyem|Recover|p2a: Beheeyem
|-heal|p2a: Beheeyem|100/100
|
|upkeep
|turn|9
|
|t:|1665934657
|move|p1a: Zygarde|Coil|p1a: Zygarde
|-boost|p1a: Zygarde|atk|1
|-boost|p1a: Zygarde|def|1
|-boost|p1a: Zygarde|accuracy|1
|move|p2a: Beheeyem|Calm Mind|p2a: Beheeyem
|-boost|p2a: Beheeyem|spa|1
|-boost|p2a: Beheeyem|spd|1
|
|upkeep
|turn|10
|
|t:|1665934668
|move|p1a: Zygarde|Coil|p1a: Zygarde
|-boost|p1a: Zygarde|atk|1
|-boost|p1a: Zygarde|def|1
|-boost|p1a: Zygarde|accuracy|1
|move|p2a: Beheeyem|Stored Power|p1a: Zygarde
|-damage|p1a: Zygarde|0 fnt
|faint|p1a: Zygarde
|
|upkeep
|
|t:|1665934680
|switch|p1a: Weavile|Weavile, F, shiny|100/100
|-ability|p1a: Weavile|Pressure
|turn|11
|
|t:|1665934686
|-start|p2a: Beheeyem|Dynamax|
|-heal|p2a: Beheeyem|100/100|[silent]
|move|p1a: Weavile|Beat Up|p2a: Beheeyem
|-supereffective|p2a: Beheeyem
|-damage|p2a: Beheeyem|95/100
|-supereffective|p2a: Beheeyem
|-damage|p2a: Beheeyem|89/100
|-supereffective|p2a: Beheeyem
|-damage|p2a: Beheeyem|82/100
|-supereffective|p2a: Beheeyem
|-damage|p2a: Beheeyem|77/100
|-supereffective|p2a: Beheeyem
|-damage|p2a: Beheeyem|72/100
|-hitcount|p2a: Beheeyem|5
|move|p2a: Beheeyem|Max Steelspike|p1a: Weavile
|-supereffective|p1a: Weavile
|-damage|p1a: Weavile|0 fnt
|-boost|p2a: Beheeyem|def|1
|faint|p1a: Weavile
|
|upkeep
|inactive|Diancie_hhh has 120 seconds left.
|
|t:|1665934712
|switch|p1a: Ho-Oh|Ho-Oh|100/100
|turn|12
|
|t:|1665934723
|move|p1a: Ho-Oh|Toxic|p2a: Beheeyem
|-status|p2a: Beheeyem|tox
|move|p2a: Beheeyem|Max Mindstorm|p1a: Ho-Oh
|-damage|p1a: Ho-Oh|0 fnt
|-fieldstart|move: Psychic Terrain
|faint|p1a: Ho-Oh
|
|-damage|p2a: Beheeyem|69/100 tox|[from] psn
|upkeep
|inactive|Diancie_hhh has 120 seconds left.
|
|t:|1665934751
|switch|p1a: Arceus|Arceus, shiny|100/100
|turn|13
|
|t:|1665934757
|move|p1a: Arceus|Fly||[still]
|-prepare|p1a: Arceus|Fly
|move|p2a: Beheeyem|Max Mindstorm|p1a: Arceus|[miss]
|-miss|p2a: Beheeyem|p1a: Arceus
|
|-damage|p2a: Beheeyem|63/100 tox|[from] psn
|upkeep
|-end|p2a: Beheeyem|Dynamax
|-heal|p2a: Beheeyem|63/100 tox|[silent]
|turn|14
|inactive|Diancie_hhh has 120 seconds left.
|
|t:|1665934767
|move|p1a: Arceus|Fly|p2a: Beheeyem|[from]lockedmove
|-damage|p2a: Beheeyem|46/100 tox
|-damage|p1a: Arceus|91/100|[from] item: Life Orb
|move|p2a: Beheeyem|Stored Power|p1a: Arceus
|-damage|p1a: Arceus|0 fnt
|faint|p1a: Arceus
|
|-damage|p2a: Beheeyem|27/100 tox|[from] psn
|upkeep
|inactive|Diancie_hhh has 120 seconds left.
|
|t:|1665934781
|switch|p1a: 大地之神|Groudon, shiny|100/100
|detailschange|p1a: 大地之神|Groudon-Primal, shiny
|-primal|p1a: 大地之神
|-weather|DesolateLand|[from] ability: Desolate Land|[of] p1a: 大地之神
|turn|15
|inactive|Diancie_hhh has 120 seconds left.
|
|t:|1665934787
|move|p1a: 大地之神|Fire Punch|p2a: Beheeyem
|-damage|p2a: Beheeyem|0 fnt
|faint|p2a: Beheeyem
|
|-weather|DesolateLand|[upkeep]
|upkeep
|
|t:|1665934796
|switch|p2a: Slowbro|Slowbro, F, shiny|100/100
|turn|16
|
|t:|1665934804
|-weather|none
|switch|p1a: Zacian|Zacian-Crowned|100/100
|-ability|p1a: Zacian|Intrepid Sword|boost
|-boost|p1a: Zacian|atk|1
|detailschange|p2a: Slowbro|Slowbro-Mega, F, shiny
|-mega|p2a: Slowbro|Slowbro|Slowbronite
|move|p2a: Slowbro|Iron Defense|p2a: Slowbro
|-boost|p2a: Slowbro|def|2
|
|-fieldend|move: Psychic Terrain
|upkeep
|turn|17
|
|t:|1665934817
|move|p1a: Zacian|Swords Dance|p1a: Zacian
|-boost|p1a: Zacian|atk|2
|move|p2a: Slowbro|Iron Defense|p2a: Slowbro
|-boost|p2a: Slowbro|def|2
|
|upkeep
|turn|18
|
|t:|1665934825
|move|p1a: Zacian|Swords Dance|p1a: Zacian
|-boost|p1a: Zacian|atk|2
|move|p2a: Slowbro|Iron Defense|p2a: Slowbro
|-boost|p2a: Slowbro|def|2
|
|upkeep
|turn|19
|
|t:|1665934837
|move|p1a: Zacian|Behemoth Blade|p2a: Slowbro
|-resisted|p2a: Slowbro
|-damage|p2a: Slowbro|86/100
|move|p2a: Slowbro|Stored Power|p1a: Zacian
|-resisted|p1a: Zacian
|-damage|p1a: Zacian|74/100
|
|upkeep
|turn|20
|
|t:|1665934847
|move|p1a: Zacian|Wild Charge|p2a: Slowbro
|-supereffective|p2a: Slowbro
|-damage|p2a: Slowbro|49/100
|-damage|p1a: Zacian|63/100|[from] Recoil
|move|p2a: Slowbro|Calm Mind|p2a: Slowbro
|-boost|p2a: Slowbro|spa|1
|-boost|p2a: Slowbro|spd|1
|
|upkeep
|turn|21
|
|t:|1665934858
|move|p1a: Zacian|Wild Charge|p2a: Slowbro
|-supereffective|p2a: Slowbro
|-damage|p2a: Slowbro|12/100
|-damage|p1a: Zacian|52/100|[from] Recoil
|move|p2a: Slowbro|Slack Off|p2a: Slowbro
|-heal|p2a: Slowbro|62/100
|
|upkeep
|turn|22
|
|t:|1665934867
|move|p1a: Zacian|Swords Dance|p1a: Zacian
|-boost|p1a: Zacian|atk|1
|move|p2a: Slowbro|Slack Off|p2a: Slowbro
|-heal|p2a: Slowbro|100/100
|
|upkeep
|turn|23
|
|t:|1665934875
|move|p1a: Zacian|Wild Charge|p2a: Slowbro
|-supereffective|p2a: Slowbro
|-damage|p2a: Slowbro|63/100
|-damage|p1a: Zacian|40/100|[from] Recoil
|move|p2a: Slowbro|Stored Power|p1a: Zacian
|-resisted|p1a: Zacian
|-damage|p1a: Zacian|0 fnt
|faint|p1a: Zacian
|
|upkeep
|-message|Diancie_hhh forfeited.
|
|win|DarkboiJ
|raw|Diancie_hhh's rating: 1880 &rarr; <strong>1858</strong><br />(-22 for losing)
|raw|DarkboiJ's rating: 1846 &rarr; <strong>1868</strong><br />(+22 for winning)
|l|☆DarkboiJ
||Ladder isn't responding, score probably updated but might not have (Request timeout).
|j| sleepdrawrnig无敌吧主乙
|l| sleepdrawrnig无敌吧主乙
|l|☆Diancie_hhh
|j|☆Diancie_hhh
|player|p1|Diancie_hhh|marnie
