|j|☆SlayerArceus25
|j|☆rknrthnjkgh
|t:|1668145885
|gametype|singles
|player|p1|SlayerArceus25|lusamine-nihilego|1607
|player|p2|rknrthnjkgh|169|1451
|teamsize|p1|6
|teamsize|p2|6
|gen|8
|tier|[Gen 8] National Dex AG
|rated|
|rule|HP Percentage Mod: HP is shown in percentages
|rule|Endless Battle Clause: Forcing endless battles is banned
|clearpoke
|poke|p1|Deoxys-Attack|
|poke|p1|Ditto|
|poke|p1|Zygarde|
|poke|p1|Forretress, F|
|poke|p1|Rayquaza|
|poke|p1|Naganadel|
|poke|p2|Ninjask, F|
|poke|p2|Diancie|
|poke|p2|Dubwool, M|
|poke|p2|Xatu, F|
|poke|p2|Smeargle, F|
|poke|p2|Clefable, F|
|teampreview
|
|t:|1668145888
|start
|switch|p1a: Forretress|Forretress, F|100/100
|switch|p2a: Ninjask|Ninjask, F|100/100
|turn|1
|inactive|Battle timer is ON: inactive players will automatically lose when time's up. (requested by SlayerArceus25)
|
|t:|1668145892
|move|p2a: Ninjask|Substitute|p2a: Ninjask
|-start|p2a: Ninjask|Substitute
|-damage|p2a: Ninjask|76/100
|move|p1a: Forretress|Rapid Spin|p2a: Ninjask
|-activate|p2a: Ninjask|move: Substitute|[damage]
|-boost|p1a: Forretress|spe|1
|
|-ability|p2a: Ninjask|Speed Boost|boost
|-boost|p2a: Ninjask|spe|1
|upkeep
|turn|2
|
|t:|1668145895
|move|p2a: Ninjask|Protect|p2a: Ninjask
|-singleturn|p2a: Ninjask|Protect
|move|p1a: Forretress|Stealth Rock|p2a: Ninjask
|-sidestart|p2: rknrthnjkgh|move: Stealth Rock
|
|-ability|p2a: Ninjask|Speed Boost|boost
|-boost|p2a: Ninjask|spe|1
|upkeep
|turn|3
|
|t:|1668145899
|move|p2a: Ninjask|Defog|p1a: Forretress
|-unboost|p1a: Forretress|evasion|1
|-sideend|p2: rknrthnjkgh|Stealth Rock|[from] move: Defog|[of] p2a: Ninjask
|move|p1a: Forretress|Rapid Spin|p2a: Ninjask
|-end|p2a: Ninjask|Substitute
|-boost|p1a: Forretress|spe|1
|
|-ability|p2a: Ninjask|Speed Boost|boost
|-boost|p2a: Ninjask|spe|1
|upkeep
|turn|4
|
|t:|1668145905
|move|p2a: Ninjask|Substitute|p2a: Ninjask
|-start|p2a: Ninjask|Substitute
|-damage|p2a: Ninjask|51/100
|move|p1a: Forretress|Explosion|p2a: Ninjask
|-end|p2a: Ninjask|Substitute
|faint|p1a: Forretress
|
|-ability|p2a: Ninjask|Speed Boost|boost
|-boost|p2a: Ninjask|spe|1
|upkeep
|
|t:|1668145924
|switch|p1a: Zygarde|Zygarde|100/100
|turn|5
|
|t:|1668145927
|move|p2a: Ninjask|Baton Pass|p2a: Ninjask
|
|t:|1668145935
|switch|p2a: Dubwool|Dubwool, M|100/100|[from]move: Baton Pass
|move|p1a: Zygarde|Substitute|p1a: Zygarde
|-start|p1a: Zygarde|Substitute
|-damage|p1a: Zygarde|76/100
|
|-heal|p1a: Zygarde|82/100|[from] item: Leftovers
|upkeep
|turn|6
|
|t:|1668145939
|move|p2a: Dubwool|Substitute|p2a: Dubwool
|-start|p2a: Dubwool|Substitute
|-damage|p2a: Dubwool|76/100
|move|p1a: Zygarde|Dragon Dance|p1a: Zygarde
|-boost|p1a: Zygarde|atk|1
|-boost|p1a: Zygarde|spe|1
|
|-heal|p2a: Dubwool|82/100|[from] item: Leftovers
|-heal|p1a: Zygarde|88/100|[from] item: Leftovers
|upkeep
|turn|7
|
|t:|1668145941
|move|p2a: Dubwool|Cotton Guard|p2a: Dubwool
|-boost|p2a: Dubwool|def|3
|move|p1a: Zygarde|Dragon Dance|p1a: Zygarde
|-boost|p1a: Zygarde|atk|1
|-boost|p1a: Zygarde|spe|1
|
|-heal|p2a: Dubwool|88/100|[from] item: Leftovers
|-heal|p1a: Zygarde|94/100|[from] item: Leftovers
|upkeep
|turn|8
|
|t:|1668145945
|move|p2a: Dubwool|Cotton Guard|p2a: Dubwool
|-boost|p2a: Dubwool|def|3
|move|p1a: Zygarde|Dragon Dance|p1a: Zygarde
|-boost|p1a: Zygarde|atk|1
|-boost|p1a: Zygarde|spe|1
|
|-heal|p1a: Zygarde|99/100|[from] item: Leftovers
|-heal|p2a: Dubwool|94/100|[from] item: Leftovers
|upkeep
|turn|9
|
|t:|1668145946
|move|p1a: Zygarde|Dragon Dance|p1a: Zygarde
|-boost|p1a: Zygarde|atk|1
|-boost|p1a: Zygarde|spe|1
|move|p2a: Dubwool|Baton Pass|p2a: Dubwool
|
|t:|1668145952
|switch|p2a: Smeargle|Smeargle, F|100/100|[from]move: Baton Pass
|
|-heal|p1a: Zygarde|100/100|[from] item: Leftovers
|-ability|p2a: Smeargle|Moody|boost
|-boost|p2a: Smeargle|spa|2
|-unboost|p2a: Smeargle|atk|1
|upkeep
|turn|10
|
|t:|1668145956
|move|p1a: Zygarde|Thousand Arrows|p2a: Smeargle
|-end|p2a: Smeargle|Substitute
|move|p2a: Smeargle|Spectral Thief||[still]
|-clearpositiveboost|p1a: Zygarde|p2a: Smeargle|move: Spectral Thief
|-boost|p2a: Smeargle|atk|4
|-boost|p2a: Smeargle|spe|2
|-anim|p2a: Smeargle|Spectral Thief|p1a: Zygarde
|-damage|p1a: Zygarde|88/100
|
|-heal|p1a: Zygarde|94/100|[from] item: Leftovers
|-ability|p2a: Smeargle|Moody|boost
|-boost|p2a: Smeargle|spd|2
|-unboost|p2a: Smeargle|def|1
|upkeep
|turn|11
|
|t:|1668145961
|move|p2a: Smeargle|Spore||[still]
|-fail|p2a: Smeargle
|move|p1a: Zygarde|Thousand Arrows|p2a: Smeargle
|-damage|p2a: Smeargle|72/100
|
|-heal|p1a: Zygarde|99/100|[from] item: Leftovers
|-ability|p2a: Smeargle|Moody|boost
|-boost|p2a: Smeargle|def|1
|-unboost|p2a: Smeargle|spd|1
|upkeep
|turn|12
|
|t:|1668145964
|move|p2a: Smeargle|Baton Pass|p2a: Smeargle
|
|t:|1668145967
|switch|p2a: Xatu|Xatu, F|100/100|[from]move: Baton Pass
|move|p1a: Zygarde|Thousand Arrows|p2a: Xatu
|-crit|p2a: Xatu
|-damage|p2a: Xatu|28/100
|-start|p2a: Xatu|Smack Down
|
|-heal|p1a: Zygarde|100/100|[from] item: Leftovers
|upkeep
|turn|13
|
|t:|1668145973
|move|p2a: Xatu|Imprison|p2a: Xatu
|-start|p2a: Xatu|move: Imprison
|move|p1a: Zygarde|Thousand Arrows|p2a: Xatu
|-damage|p2a: Xatu|15/100
|
|upkeep
|turn|14
|
|t:|1668145980
|move|p2a: Xatu|Stored Power|p1a: Zygarde
|-end|p1a: Zygarde|Substitute
|move|p1a: Zygarde|Thousand Arrows|p2a: Xatu
|-damage|p2a: Xatu|1/100
|
|upkeep
|turn|15
|
|t:|1668145984
|move|p2a: Xatu|Stored Power|p1a: Zygarde
|-damage|p1a: Zygarde|0 fnt
|faint|p1a: Zygarde
|-heal|p2a: Xatu|16/100|[from] item: Shell Bell|[of] p1: Zygarde
|
|upkeep
|
|t:|1668146003
|switch|p1a: Deoxys|Deoxys-Attack|100/100
|-ability|p1a: Deoxys|Pressure
|turn|16
|
|t:|1668146006
|-start|p2a: Xatu|Dynamax|
|-heal|p2a: Xatu|16/100|[silent]
|move|p2a: Xatu|Max Mindstorm|p1a: Deoxys
|-resisted|p1a: Deoxys
|-enditem|p1a: Deoxys|Focus Sash
|-damage|p1a: Deoxys|1/100
|-fieldstart|move: Psychic Terrain
|-heal|p2a: Xatu|20/100|[from] item: Shell Bell|[of] p1a: Deoxys
|move|p1a: Deoxys|Knock Off|p2a: Xatu
|-supereffective|p2a: Xatu
|-damage|p2a: Xatu|6/100
|-enditem|p2a: Xatu|Shell Bell|[from] move: Knock Off|[of] p1a: Deoxys
|
|upkeep
|turn|17
|
|t:|1668146024
|move|p2a: Xatu|Max Mindstorm|p1a: Deoxys
|-resisted|p1a: Deoxys
|-damage|p1a: Deoxys|0 fnt
|faint|p1a: Deoxys
|
|upkeep
|
|t:|1668146041
|switch|p1a: Rayquaza|Rayquaza|100/100
|-ability|p1a: Rayquaza|Air Lock
|turn|18
|
|t:|1668146046
|detailschange|p1a: Rayquaza|Rayquaza-Mega
|-mega|p1a: Rayquaza|Rayquaza|
|-weather|DeltaStream|[from] ability: Delta Stream|[of] p1a: Rayquaza
|move|p2a: Xatu|Max Starfall|p1a: Rayquaza
|-supereffective|p1a: Rayquaza
|-enditem|p1a: Rayquaza|Focus Sash
|-damage|p1a: Rayquaza|1/100
|-fieldstart|move: Misty Terrain
|move|p1a: Rayquaza|Dragon Ascent|p2a: Xatu
|-damage|p2a: Xatu|0 fnt
|-unboost|p1a: Rayquaza|def|1
|-unboost|p1a: Rayquaza|spd|1
|faint|p2a: Xatu
|
|-weather|DeltaStream|[upkeep]
|upkeep
|
|t:|1668146053
|switch|p2a: Dubwool|Dubwool, M|94/100
|turn|19
|
|t:|1668146056
|move|p1a: Rayquaza|Dragon Ascent|p2a: Dubwool
|-damage|p2a: Dubwool|64/100
|-unboost|p1a: Rayquaza|def|1
|-unboost|p1a: Rayquaza|spd|1
|move|p2a: Dubwool|Cotton Guard|p2a: Dubwool
|-boost|p2a: Dubwool|def|3
|
|-weather|DeltaStream|[upkeep]
|-heal|p2a: Dubwool|70/100|[from] item: Leftovers
|upkeep
|turn|20
|
|t:|1668146064
|move|p1a: Rayquaza|Dragon Dance|p1a: Rayquaza
|-boost|p1a: Rayquaza|atk|1
|-boost|p1a: Rayquaza|spe|1
|move|p2a: Dubwool|Substitute|p2a: Dubwool
|-start|p2a: Dubwool|Substitute
|-damage|p2a: Dubwool|45/100
|
|-weather|DeltaStream|[upkeep]
|-heal|p2a: Dubwool|52/100|[from] item: Leftovers
|upkeep
|turn|21
|
|t:|1668146066
|move|p1a: Rayquaza|Dragon Ascent|p2a: Dubwool
|-activate|p2a: Dubwool|move: Substitute|[damage]
|-unboost|p1a: Rayquaza|def|1
|-unboost|p1a: Rayquaza|spd|1
|move|p2a: Dubwool|Cotton Guard|p2a: Dubwool
|-boost|p2a: Dubwool|def|3
|
|-weather|DeltaStream|[upkeep]
|-heal|p2a: Dubwool|58/100|[from] item: Leftovers
|upkeep
|turn|22
|
|t:|1668146069
|move|p1a: Rayquaza|Dragon Ascent|p2a: Dubwool
|-end|p2a: Dubwool|Substitute
|-unboost|p1a: Rayquaza|def|1
|-unboost|p1a: Rayquaza|spd|1
|move|p2a: Dubwool|Baton Pass|p2a: Dubwool
|
|t:|1668146071
|switch|p2a: Clefable|Clefable, F|100/100|[from]move: Baton Pass
|
|-weather|DeltaStream|[upkeep]
|-fieldend|Misty Terrain
|upkeep
|turn|23
|
|t:|1668146078
|move|p1a: Rayquaza|Dragon Ascent|p2a: Clefable
|-damage|p2a: Clefable|75/100
|-unboost|p1a: Rayquaza|def|1
|-unboost|p1a: Rayquaza|spd|1
|move|p2a: Clefable|Amnesia|p2a: Clefable
|-boost|p2a: Clefable|spd|2
|
|-weather|DeltaStream|[upkeep]
|upkeep
|turn|24
|
|t:|1668146082
|move|p1a: Rayquaza|Dragon Ascent|p2a: Clefable
|-damage|p2a: Clefable|51/100
|-unboost|p1a: Rayquaza|def|1
|-unboost|p1a: Rayquaza|spd|1
|move|p2a: Clefable|Soft-Boiled|p2a: Clefable
|-heal|p2a: Clefable|100/100
|
|-weather|DeltaStream|[upkeep]
|upkeep
|turn|25
|
|t:|1668146087
|move|p1a: Rayquaza|Dragon Dance|p1a: Rayquaza
|-boost|p1a: Rayquaza|atk|1
|-boost|p1a: Rayquaza|spe|1
|move|p2a: Clefable|Amnesia|p2a: Clefable
|-boost|p2a: Clefable|spd|2
|
|-weather|DeltaStream|[upkeep]
|upkeep
|turn|26
|
|t:|1668146089
|move|p1a: Rayquaza|Dragon Dance|p1a: Rayquaza
|-boost|p1a: Rayquaza|atk|1
|-boost|p1a: Rayquaza|spe|1
|move|p2a: Clefable|Minimize|p2a: Clefable
|-boost|p2a: Clefable|evasion|2
|
|-weather|DeltaStream|[upkeep]
|upkeep
|turn|27
|
|t:|1668146091
|move|p1a: Rayquaza|Dragon Dance|p1a: Rayquaza
|-boost|p1a: Rayquaza|atk|1
|-boost|p1a: Rayquaza|spe|1
|move|p2a: Clefable|Minimize|p2a: Clefable
|-boost|p2a: Clefable|evasion|2
|
|-weather|DeltaStream|[upkeep]
|upkeep
|turn|28
|
|t:|1668146093
|move|p1a: Rayquaza|Dragon Dance|p1a: Rayquaza
|-boost|p1a: Rayquaza|atk|1
|-boost|p1a: Rayquaza|spe|1
|move|p2a: Clefable|Minimize|p2a: Clefable
|-boost|p2a: Clefable|evasion|2
|
|-weather|DeltaStream|[upkeep]
|upkeep
|turn|29
|
|t:|1668146097
|move|p1a: Rayquaza|Dragon Ascent|p2a: Clefable|[miss]
|-miss|p1a: Rayquaza|p2a: Clefable
|move|p2a: Clefable|Amnesia|p2a: Clefable
|-boost|p2a: Clefable|spd|2
|
|-weather|DeltaStream|[upkeep]
|upkeep
|turn|30
|
|t:|1668146103
|move|p1a: Rayquaza|Dragon Ascent|p2a: Clefable|[miss]
|-miss|p1a: Rayquaza|p2a: Clefable
|move|p2a: Clefable|Baton Pass|p2a: Clefable
|
|t:|1668146108
|switch|p2a: Dubwool|Dubwool, M|58/100|[from]move: Baton Pass
|
|-weather|DeltaStream|[upkeep]
|-heal|p2a: Dubwool|64/100|[from] item: Leftovers
|upkeep
|turn|31
|
|t:|1668146112
|move|p1a: Rayquaza|Earthquake|p2a: Dubwool|[miss]
|-miss|p1a: Rayquaza|p2a: Dubwool
|move|p2a: Dubwool|Substitute|p2a: Dubwool
|-start|p2a: Dubwool|Substitute
|-damage|p2a: Dubwool|39/100
|
|-weather|DeltaStream|[upkeep]
|-heal|p2a: Dubwool|45/100|[from] item: Leftovers
|upkeep
|turn|32
|
|t:|1668146114
|move|p1a: Rayquaza|Earthquake|p2a: Dubwool|[miss]
|-miss|p1a: Rayquaza|p2a: Dubwool
|move|p2a: Dubwool|Baton Pass|p2a: Dubwool
|
|t:|1668146116
|switch|p2a: Smeargle|Smeargle, F|72/100|[from]move: Baton Pass
|
|-weather|DeltaStream|[upkeep]
|-ability|p2a: Smeargle|Moody|boost
|-boost|p2a: Smeargle|spe|2
|-unboost|p2a: Smeargle|spa|1
|upkeep
|turn|33
|
|t:|1668146119
|move|p1a: Rayquaza|Earthquake|p2a: Smeargle
|-end|p2a: Smeargle|Substitute
|move|p2a: Smeargle|Spectral Thief||[still]
|-clearpositiveboost|p1a: Rayquaza|p2a: Smeargle|move: Spectral Thief
|-boost|p2a: Smeargle|atk|5
|-boost|p2a: Smeargle|spe|4
|-anim|p2a: Smeargle|Spectral Thief|p1a: Rayquaza
|-damage|p1a: Rayquaza|0 fnt
|faint|p1a: Rayquaza
|-weather|none
|
|-ability|p2a: Smeargle|Moody|boost
|-boost|p2a: Smeargle|atk|1
|-unboost|p2a: Smeargle|spa|1
|upkeep
|
|t:|1668146123
|switch|p1a: Ditto|Ditto|100/100
|-transform|p1a: Ditto|p2a: Smeargle|[from] ability: Imposter
|turn|34
|
|t:|1668146137
|move|p1a: Ditto|Baton Pass|p1a: Ditto
|
|t:|1668146138
|switch|p1a: Naganadel|Naganadel|100/100|[from]move: Baton Pass
|move|p2a: Smeargle|Ingrain|p2a: Smeargle
|-start|p2a: Smeargle|move: Ingrain
|
|-heal|p2a: Smeargle|79/100|[from] Ingrain
|-ability|p2a: Smeargle|Moody|boost
|-boost|p2a: Smeargle|spa|2
|-unboost|p2a: Smeargle|atk|1
|upkeep
|turn|35
|
|t:|1668146149
|switch|p1a: Ditto|Ditto|100/100
|-transform|p1a: Ditto|p2a: Smeargle|[from] ability: Imposter
|move|p2a: Smeargle|Baton Pass|p2a: Smeargle
|
|t:|1668146153
|switch|p2a: Ninjask|Ninjask, F|51/100|[from]move: Baton Pass
|
|-heal|p2a: Ninjask|57/100|[from] Ingrain
|-ability|p1a: Ditto|Moody|boost
|-boost|p1a: Ditto|atk|1
|-unboost|p1a: Ditto|spd|1
|upkeep
|turn|36
|
|t:|1668146160
|move|p2a: Ninjask|Substitute|p2a: Ninjask
|-start|p2a: Ninjask|Substitute
|-damage|p2a: Ninjask|32/100
|move|p1a: Ditto|Baton Pass|p1a: Ditto
|
|t:|1668146162
|switch|p1a: Naganadel|Naganadel|100/100|[from]move: Baton Pass
|
|-heal|p2a: Ninjask|38/100|[from] Ingrain
|upkeep
|turn|37
|
|t:|1668146168
|-start|p1a: Naganadel|Dynamax|
|-heal|p1a: Naganadel|100/100|[silent]
|move|p2a: Ninjask|Baton Pass|p2a: Ninjask
|
|t:|1668146176
|switch|p2a: Smeargle|Smeargle, F|79/100|[from]move: Baton Pass
|move|p1a: Naganadel|Max Ooze|p2a: Smeargle
|-end|p2a: Smeargle|Substitute
|-boost|p1a: Naganadel|spa|1
|-damage|p1a: Naganadel|96/100|[from] item: Life Orb
|
|-heal|p2a: Smeargle|85/100|[from] Ingrain
|-ability|p2a: Smeargle|Moody|boost
|-boost|p2a: Smeargle|atk|1
|-unboost|p2a: Smeargle|spa|1
|upkeep
|turn|38
|
|t:|1668146180
|move|p1a: Naganadel|Max Ooze|p2a: Smeargle
|-crit|p2a: Smeargle
|-damage|p2a: Smeargle|0 fnt
|-boost|p1a: Naganadel|spa|1
|faint|p2a: Smeargle
|-damage|p1a: Naganadel|91/100|[from] item: Life Orb
|
|upkeep
|-message|rknrthnjkgh forfeited.
|
|win|SlayerArceus25
|raw|SlayerArceus25's rating: 1607 &rarr; <strong>1619</strong><br />(+12 for winning)
|raw|rknrthnjkgh's rating: 1451 &rarr; <strong>1439</strong><br />(-12 for losing)
|l|☆rknrthnjkgh
|c|☆SlayerArceus25|kek
||Ladder isn't responding, score probably updated but might not have (Request timeout).
