|j|☆DarkboiJ
|j|☆utvsutvs
|t:|1664438046
|gametype|singles
|player|p1|DarkboiJ|blue-gen3two|1867
|player|p2|utvsutvs|265|1759
|teamsize|p1|6
|teamsize|p2|6
|gen|8
|tier|[Gen 8] National Dex AG
|rated|
|rule|HP Percentage Mod: HP is shown in percentages
|rule|Endless Battle Clause: Forcing endless battles is banned
|clearpoke
|poke|p1|Deoxys-Speed|
|poke|p1|Necrozma-Dusk-Mane|
|poke|p1|Ditto|
|poke|p1|Urshifu-*, M|
|poke|p1|Arceus-*|
|poke|p1|Yveltal|
|poke|p2|Diancie|
|poke|p2|Marshadow|
|poke|p2|Calyrex-Shadow|
|poke|p2|Zacian-*|
|poke|p2|Arceus-*|
|poke|p2|Yveltal|
|teampreview
|inactive|Battle timer is ON: inactive players will automatically lose when time's up. (requested by DarkboiJ)
|
|t:|1664438056
|start
|switch|p1a: 👽|Deoxys-Speed|100/100
|switch|p2a: Diancie|Diancie|100/100
|-ability|p1a: 👽|Pressure
|turn|1
|
|t:|1664438064
|switch|p1a: 🦁|Necrozma-Dusk-Mane|100/100
|detailschange|p2a: Diancie|Diancie-Mega
|-mega|p2a: Diancie|Diancie|Diancite
|move|p2a: Diancie|Substitute|p2a: Diancie
|-start|p2a: Diancie|Substitute
|-damage|p2a: Diancie|76/100
|
|upkeep
|turn|2
|
|t:|1664438068
|move|p2a: Diancie|Stealth Rock|p1a: 🦁
|-sidestart|p1: DarkboiJ|move: Stealth Rock
|move|p1a: 🦁|Earthquake|p2a: Diancie
|-supereffective|p2a: Diancie
|-end|p2a: Diancie|Substitute
|
|upkeep
|turn|3
|
|t:|1664438075
|move|p2a: Diancie|Earth Power|p1a: 🦁
|-supereffective|p1a: 🦁
|-damage|p1a: 🦁|53/100
|-unboost|p1a: 🦁|spd|1
|-enditem|p1a: 🦁|Weakness Policy
|-boost|p1a: 🦁|atk|2|[from] item: Weakness Policy
|-boost|p1a: 🦁|spa|2|[from] item: Weakness Policy
|move|p1a: 🦁|Sunsteel Strike|p2a: Diancie
|-supereffective|p2a: Diancie
|-damage|p2a: Diancie|0 fnt
|faint|p2a: Diancie
|
|upkeep
|
|t:|1664438078
|switch|p2a: Calyrex|Calyrex-Shadow|100/100
|-ability|p2a: Calyrex|As One
|-ability|p2a: Calyrex|Unnerve
|turn|4
|
|t:|1664438087
|switch|p1a: 😈|Yveltal|100/100
|-ability|p1a: 😈|Dark Aura
|move|p2a: Calyrex|Substitute|p2a: Calyrex
|-start|p2a: Calyrex|Substitute
|-damage|p2a: Calyrex|76/100
|
|upkeep
|turn|5
|
|t:|1664438095
|move|p2a: Calyrex|Leech Seed|p1a: 😈
|-start|p1a: 😈|move: Leech Seed
|move|p1a: 😈|Oblivion Wing|p2a: Calyrex
|-end|p2a: Calyrex|Substitute
|
|-damage|p1a: 😈|88/100|[from] Leech Seed|[of] p2a: Calyrex
|-heal|p2a: Calyrex|90/100|[silent]
|upkeep
|turn|6
|
|t:|1664438102
|switch|p2a: Zacian|Zacian-Crowned|100/100
|-ability|p2a: Zacian|Intrepid Sword|boost
|-boost|p2a: Zacian|atk|1
|switch|p1a: 👽|Deoxys-Speed|100/100
|-damage|p1a: 👽|88/100|[from] Stealth Rock
|-ability|p1a: 👽|Pressure
|
|upkeep
|turn|7
|
|t:|1664438106
|move|p1a: 👽|Stealth Rock|p2a: Zacian
|-sidestart|p2: utvsutvs|move: Stealth Rock
|move|p2a: Zacian|Substitute|p2a: Zacian
|-start|p2a: Zacian|Substitute
|-damage|p2a: Zacian|76/100
|
|upkeep
|turn|8
|
|t:|1664438119
|move|p1a: 👽|Spikes|p2a: Zacian
|-sidestart|p2: utvsutvs|Spikes
|move|p2a: Zacian|Behemoth Blade|p1a: 👽
|-damage|p1a: 👽|0 fnt
|faint|p1a: 👽
|
|upkeep
|
|t:|1664438126
|switch|p1a: 😈|Yveltal|88/100
|-ability|p1a: 😈|Dark Aura
|turn|9
|
|t:|1664438128
|move|p1a: 😈|Sucker Punch|p2a: Zacian
|-resisted|p2a: Zacian
|-activate|p2a: Zacian|move: Substitute|[damage]
|move|p2a: Zacian|Behemoth Blade|p1a: 😈
|-damage|p1a: 😈|18/100
|
|upkeep
|turn|10
|
|t:|1664438133
|move|p2a: Zacian|Substitute|p2a: Zacian
|-fail|p2a: Zacian|move: Substitute
|move|p1a: 😈|Oblivion Wing|p2a: Zacian
|-resisted|p2a: Zacian
|-crit|p2a: Zacian
|-end|p2a: Zacian|Substitute
|-heal|p1a: 😈|20/100|[from] drain|[of] p2a: Zacian
|
|upkeep
|turn|11
|
|t:|1664438136
|move|p2a: Zacian|Substitute|p2a: Zacian
|-start|p2a: Zacian|Substitute
|-damage|p2a: Zacian|51/100
|move|p1a: 😈|Oblivion Wing|p2a: Zacian
|-resisted|p2a: Zacian
|-crit|p2a: Zacian
|-activate|p2a: Zacian|move: Substitute|[damage]
|-heal|p1a: 😈|34/100|[from] drain|[of] p2a: Zacian
|
|upkeep
|turn|12
|
|t:|1664438144
|move|p1a: 😈|Sucker Punch||[still]
|-fail|p1a: 😈
|move|p2a: Zacian|Substitute|p2a: Zacian
|-fail|p2a: Zacian|move: Substitute
|
|upkeep
|turn|13
|
|t:|1664438148
|move|p1a: 😈|Sucker Punch||[still]
|-fail|p1a: 😈
|move|p2a: Zacian|Substitute|p2a: Zacian
|-fail|p2a: Zacian|move: Substitute
|
|upkeep
|turn|14
|
|t:|1664438158
|move|p1a: 😈|Sucker Punch||[still]
|-fail|p1a: 😈
|move|p2a: Zacian|Substitute|p2a: Zacian
|-fail|p2a: Zacian|move: Substitute
|
|upkeep
|turn|15
|
|t:|1664438162
|move|p1a: 😈|Sucker Punch||[still]
|-fail|p1a: 😈
|move|p2a: Zacian|Substitute|p2a: Zacian
|-fail|p2a: Zacian|move: Substitute
|
|upkeep
|turn|16
|
|t:|1664438164
|move|p2a: Zacian|Substitute|p2a: Zacian
|-fail|p2a: Zacian|move: Substitute
|move|p1a: 😈|Oblivion Wing|p2a: Zacian
|-resisted|p2a: Zacian
|-end|p2a: Zacian|Substitute
|-heal|p1a: 😈|36/100|[from] drain|[of] p2a: Zacian
|
|upkeep
|turn|17
|
|t:|1664438168
|move|p2a: Zacian|Substitute|p2a: Zacian
|-start|p2a: Zacian|Substitute
|-damage|p2a: Zacian|26/100
|move|p1a: 😈|Oblivion Wing|p2a: Zacian
|-resisted|p2a: Zacian
|-activate|p2a: Zacian|move: Substitute|[damage]
|-heal|p1a: 😈|46/100|[from] drain|[of] p2a: Zacian
|
|upkeep
|turn|18
|
|t:|1664438173
|move|p1a: 😈|Sucker Punch||[still]
|-fail|p1a: 😈
|move|p2a: Zacian|Substitute|p2a: Zacian
|-fail|p2a: Zacian|move: Substitute
|
|upkeep
|turn|19
|
|t:|1664438176
|move|p2a: Zacian|Substitute|p2a: Zacian
|-fail|p2a: Zacian|move: Substitute
|move|p1a: 😈|Oblivion Wing|p2a: Zacian
|-resisted|p2a: Zacian
|-end|p2a: Zacian|Substitute
|-heal|p1a: 😈|51/100|[from] drain|[of] p2a: Zacian
|
|upkeep
|turn|20
|
|t:|1664438179
|move|p2a: Zacian|Substitute|p2a: Zacian
|-start|p2a: Zacian|Substitute
|-damage|p2a: Zacian|1/100
|move|p1a: 😈|Oblivion Wing|p2a: Zacian
|-resisted|p2a: Zacian
|-activate|p2a: Zacian|move: Substitute|[damage]
|-heal|p1a: 😈|61/100|[from] drain|[of] p2a: Zacian
|
|upkeep
|turn|21
|
|t:|1664438187
|move|p1a: 😈|Sucker Punch||[still]
|-fail|p1a: 😈
|move|p2a: Zacian|Substitute|p2a: Zacian
|-fail|p2a: Zacian|move: Substitute
|
|upkeep
|turn|22
|
|t:|1664438189
|move|p2a: Zacian|Substitute|p2a: Zacian
|-fail|p2a: Zacian|move: Substitute
|move|p1a: 😈|Oblivion Wing|p2a: Zacian
|-resisted|p2a: Zacian
|-end|p2a: Zacian|Substitute
|-heal|p1a: 😈|67/100|[from] drain|[of] p2a: Zacian
|
|upkeep
|turn|23
|
|t:|1664438194
|move|p1a: 😈|Sucker Punch||[still]
|-fail|p1a: 😈
|move|p2a: Zacian|Substitute|p2a: Zacian
|-fail|p2a: Zacian|move: Substitute|[weak]
|
|upkeep
|turn|24
|
|t:|1664438199
|move|p2a: Zacian|Substitute|p2a: Zacian
|-fail|p2a: Zacian|move: Substitute|[weak]
|move|p1a: 😈|Oblivion Wing|p2a: Zacian
|-resisted|p2a: Zacian
|-damage|p2a: Zacian|0 fnt
|-heal|p1a: 😈|67/100|[from] drain|[of] p2a: Zacian
|faint|p2a: Zacian
|
|upkeep
|c|☆utvsutvs|i hate ditto
|inactive|utvsutvs has 120 seconds left.
|
|t:|1664438229
|switch|p2a: Marshadow|Marshadow|100/100
|-damage|p2a: Marshadow|94/100|[from] Stealth Rock
|-damage|p2a: Marshadow|82/100|[from] Spikes
|turn|25
|c|☆DarkboiJ|I hate Marshadow
|
|t:|1664438237
|move|p2a: Marshadow|Rock Tomb|p1a: 😈
|-supereffective|p1a: 😈
|-damage|p1a: 😈|6/100
|-unboost|p1a: 😈|spe|1
|-damage|p2a: Marshadow|72/100|[from] item: Life Orb
|move|p1a: 😈|Oblivion Wing|p2a: Marshadow
|-supereffective|p2a: Marshadow
|-damage|p2a: Marshadow|0 fnt
|-heal|p1a: 😈|50/100|[from] drain|[of] p2a: Marshadow
|faint|p2a: Marshadow
|
|upkeep
|
|t:|1664438242
|switch|p2a: Yveltal|Yveltal|100/100
|-damage|p2a: Yveltal|76/100|[from] Stealth Rock
|-ability|p2a: Yveltal|Dark Aura
|turn|26
|inactive|utvsutvs has 120 seconds left.
|
|t:|1664438263
|-start|p2a: Yveltal|Dynamax|
|-heal|p2a: Yveltal|76/100|[silent]
|move|p2a: Yveltal|Max Airstream|p1a: 😈
|-damage|p1a: 😈|0 fnt
|-boost|p2a: Yveltal|spe|1
|faint|p1a: 😈
|-damage|p2a: Yveltal|71/100|[from] item: Life Orb
|
|upkeep
|
|t:|1664438276
|switch|p1a: 🦁|Necrozma-Dusk-Mane|53/100
|-damage|p1a: 🦁|47/100|[from] Stealth Rock
|turn|27
|
|t:|1664438281
|move|p2a: Yveltal|Max Darkness|p1a: 🦁
|-supereffective|p1a: 🦁
|-damage|p1a: 🦁|0 fnt
|faint|p1a: 🦁
|-damage|p2a: Yveltal|66/100|[from] item: Life Orb
|
|upkeep
|
|t:|1664438290
|switch|p1a: 👑|Arceus|100/100
|-damage|p1a: 👑|88/100|[from] Stealth Rock
|turn|28
|
|t:|1664438294
|move|p2a: Yveltal|Max Darkness|p1a: 👑
|-damage|p1a: 👑|10/100
|-unboost|p1a: 👑|spd|1
|-damage|p2a: Yveltal|61/100|[from] item: Life Orb
|move|p1a: 👑|Recover|p1a: 👑
|-heal|p1a: 👑|60/100
|
|upkeep
|-end|p2a: Yveltal|Dynamax
|-heal|p2a: Yveltal|61/100|[silent]
|turn|29
|
|t:|1664438305
|switch|p1a: Bruce Lee 🥋|Urshifu, M|100/100
|-damage|p1a: Bruce Lee 🥋|94/100|[from] Stealth Rock
|move|p2a: Yveltal|Knock Off|p1a: Bruce Lee 🥋
|-resisted|p1a: Bruce Lee 🥋
|-damage|p1a: Bruce Lee 🥋|70/100
|-enditem|p1a: Bruce Lee 🥋|Life Orb|[from] move: Knock Off|[of] p2a: Yveltal
|-damage|p2a: Yveltal|51/100|[from] item: Life Orb
|
|upkeep
|turn|30
|
|t:|1664438322
|move|p1a: Bruce Lee 🥋|Sucker Punch|p2a: Yveltal
|-resisted|p2a: Yveltal
|-damage|p2a: Yveltal|30/100
|move|p2a: Yveltal|Dual Wingbeat|p1a: Bruce Lee 🥋
|-supereffective|p1a: Bruce Lee 🥋
|-damage|p1a: Bruce Lee 🥋|6/100
|-supereffective|p1a: Bruce Lee 🥋
|-damage|p1a: Bruce Lee 🥋|0 fnt
|faint|p1a: Bruce Lee 🥋
|-hitcount|p1: Bruce Lee 🥋|2
|-damage|p2a: Yveltal|20/100|[from] item: Life Orb
|
|upkeep
|
|t:|1664438326
|switch|p1a: Kriti Sanon💋|Ditto|100/100
|-damage|p1a: Kriti Sanon💋|88/100|[from] Stealth Rock
|-transform|p1a: Kriti Sanon💋|p2a: Yveltal|[from] ability: Imposter
|-ability|p1a: Kriti Sanon💋|Dark Aura
|turn|31
|
|t:|1664438332
|move|p1a: Kriti Sanon💋|Knock Off|p2a: Yveltal
|-resisted|p2a: Yveltal
|-damage|p2a: Yveltal|0 fnt
|-enditem|p2a: Yveltal|Life Orb|[from] move: Knock Off|[of] p1a: Kriti Sanon💋
|faint|p2a: Yveltal
|
|upkeep
|
|t:|1664438335
|switch|p2a: Arceus|Arceus|100/100
|-damage|p2a: Arceus|88/100|[from] Stealth Rock
|-damage|p2a: Arceus|76/100|[from] Spikes
|turn|32
|
|t:|1664438347
|-start|p1a: Kriti Sanon💋|Dynamax|
|-heal|p1a: Kriti Sanon💋|88/100|[silent]
|move|p2a: Arceus|Extreme Speed|p1a: Kriti Sanon💋
|-damage|p1a: Kriti Sanon💋|62/100
|move|p1a: Kriti Sanon💋|Max Knuckle|p2a: Arceus
|-supereffective|p2a: Arceus
|-enditem|p2a: Arceus|Chople Berry|[eat]
|-enditem|p2a: Arceus|Chople Berry|[weaken]
|-damage|p2a: Arceus|60/100
|-boost|p1a: Kriti Sanon💋|atk|1
|
|upkeep
|turn|33
|
|t:|1664438351
|move|p2a: Arceus|Extreme Speed|p1a: Kriti Sanon💋
|-damage|p1a: Kriti Sanon💋|34/100
|move|p1a: Kriti Sanon💋|Max Darkness|p2a: Arceus
|-damage|p2a: Arceus|0 fnt
|faint|p2a: Arceus
|
|upkeep
|
|t:|1664438352
|switch|p2a: Calyrex|Calyrex-Shadow|90/100
|-ability|p2a: Calyrex|As One
|-ability|p2a: Calyrex|Unnerve
|-damage|p2a: Calyrex|78/100|[from] Stealth Rock
|-damage|p2a: Calyrex|65/100|[from] Spikes
|turn|34
|
|t:|1664438355
|move|p1a: Kriti Sanon💋|Max Darkness|p2a: Calyrex
|-supereffective|p2a: Calyrex
|-damage|p2a: Calyrex|0 fnt
|faint|p2a: Calyrex
|
|win|DarkboiJ
|raw|DarkboiJ's rating: 1867 &rarr; <strong>1881</strong><br />(+14 for winning)
|raw|utvsutvs's rating: 1759 &rarr; <strong>1745</strong><br />(-14 for losing)
|l|☆utvsutvs
