|j|☆Xgeniz
|j|☆09-10a
|t:|1655108157
|gametype|singles
|player|p1|Xgeniz|ghetsis-gen5bw|1601
|player|p2|09-10a|schoolkid-gen4dp|1814
|teamsize|p1|6
|teamsize|p2|6
|gen|8
|tier|[Gen 8] National Dex AG
|rated|
|rule|HP Percentage Mod: HP is shown in percentages
|rule|Endless Battle Clause: Forcing endless battles is banned
|clearpoke
|poke|p1|Ditto|
|poke|p1|Yveltal|
|poke|p1|Rayquaza|
|poke|p1|Zacian-*|
|poke|p1|Necrozma-Dusk-Mane|
|poke|p1|Zygarde|
|poke|p2|Necrozma-Dusk-Mane|
|poke|p2|Zygarde|
|poke|p2|Calyrex-Shadow|
|poke|p2|Marshadow|
|poke|p2|Xerneas-*|
|poke|p2|Skarmory, F|
|teampreview
|inactive|Battle timer is ON: inactive players will automatically lose when time's up. (requested by 09-10a)
|
|t:|1655108174
|start
|switch|p1a: Zacian|Zacian-Crowned|100/100
|switch|p2a: Skarmory|Skarmory, F|100/100
|-ability|p1a: Zacian|Intrepid Sword|boost
|-boost|p1a: Zacian|atk|1
|turn|1
|
|t:|1655108186
|move|p1a: Zacian|Wild Charge|p2a: Skarmory
|-supereffective|p2a: Skarmory
|-ability|p2a: Skarmory|Sturdy
|-damage|p2a: Skarmory|1/100
|-damage|p1a: Zacian|84/100|[from] item: Rocky Helmet|[of] p2a: Skarmory
|-damage|p1a: Zacian|63/100|[from] Recoil
|move|p2a: Skarmory|Spikes|p1a: Zacian
|-sidestart|p1: Xgeniz|Spikes
|
|upkeep
|turn|2
|
|t:|1655108197
|move|p1a: Zacian|Close Combat|p2a: Skarmory
|-damage|p2a: Skarmory|0 fnt
|-unboost|p1a: Zacian|def|1
|-unboost|p1a: Zacian|spd|1
|-damage|p1a: Zacian|46/100|[from] item: Rocky Helmet|[of] p2a: Skarmory
|faint|p2a: Skarmory
|
|upkeep
|inactive|09-10a has 120 seconds left.
|
|t:|1655108223
|switch|p2a: Calyrex|Calyrex-Shadow|100/100
|-ability|p2a: Calyrex|As One
|-ability|p2a: Calyrex|Unnerve
|turn|3
|
|t:|1655108229
|switch|p1a: Yveltal|Yveltal|100/100
|-ability|p1a: Yveltal|Dark Aura
|move|p2a: Calyrex|Astral Barrage|p1a: Yveltal
|-resisted|p1a: Yveltal
|-damage|p1a: Yveltal|68/100
|
|upkeep
|turn|4
|
|t:|1655108237
|switch|p2a: Xerneas|Xerneas|100/100
|-ability|p2a: Xerneas|Fairy Aura
|move|p1a: Yveltal|Oblivion Wing|p2a: Xerneas
|-damage|p2a: Xerneas|65/100
|-heal|p1a: Yveltal|98/100|[from] drain|[of] p2a: Xerneas
|
|upkeep
|turn|5
|
|t:|1655108245
|switch|p1a: Necrozma|Necrozma-Dusk-Mane|100/100
|-damage|p1a: Necrozma|88/100|[from] Spikes
|move|p2a: Xerneas|Moonblast|p1a: Necrozma
|-resisted|p1a: Necrozma
|-damage|p1a: Necrozma|62/100
|
|upkeep
|turn|6
|
|t:|1655108262
|switch|p2a: Zygarde|Zygarde|100/100
|move|p1a: Necrozma|Toxic|p2a: Zygarde
|-status|p2a: Zygarde|tox
|
|-damage|p2a: Zygarde|94/100 tox|[from] psn
|upkeep
|turn|7
|c|☆Xgeniz|bingo!
|
|t:|1655108275
|move|p2a: Zygarde|Dragon Dance|p2a: Zygarde
|-boost|p2a: Zygarde|atk|1
|-boost|p2a: Zygarde|spe|1
|move|p1a: Necrozma|Morning Sun|p1a: Necrozma
|-heal|p1a: Necrozma|100/100
|
|-damage|p2a: Zygarde|82/100 tox|[from] psn
|upkeep
|turn|8
|
|t:|1655108283
|move|p2a: Zygarde|Earthquake|p1a: Necrozma
|-supereffective|p1a: Necrozma
|-damage|p1a: Necrozma|10/100
|-damage|p2a: Zygarde|72/100 tox|[from] item: Life Orb
|move|p1a: Necrozma|Iron Defense|p1a: Necrozma
|-boost|p1a: Necrozma|def|2
|
|-damage|p2a: Zygarde|54/100 tox|[from] psn
|upkeep
|turn|9
|
|t:|1655108294
|switch|p1a: Rayquaza|Rayquaza|100/100
|-ability|p1a: Rayquaza|Air Lock
|move|p2a: Zygarde|Earthquake|p1a: Rayquaza
|-immune|p1a: Rayquaza
|
|-damage|p2a: Zygarde|30/100 tox|[from] psn
|-activate|p2a: Zygarde|ability: Power Construct
|detailschange|p2a: Zygarde|Zygarde-Complete
|-heal|p2a: Zygarde|56/100 tox|[silent]
|upkeep
|turn|10
|
|t:|1655108314
|switch|p1a: Zacian|Zacian-Crowned|46/100
|-damage|p1a: Zacian|34/100|[from] Spikes
|-ability|p1a: Zacian|Intrepid Sword|boost
|-boost|p1a: Zacian|atk|1
|move|p2a: Zygarde|Outrage|p1a: Zacian
|-immune|p1a: Zacian
|
|-damage|p2a: Zygarde|25/100 tox|[from] psn
|upkeep
|turn|11
|
|t:|1655108331
|move|p1a: Zacian|Close Combat|p2a: Zygarde
|-damage|p2a: Zygarde|0 fnt
|-unboost|p1a: Zacian|def|1
|-unboost|p1a: Zacian|spd|1
|faint|p2a: Zygarde
|
|upkeep
|
|t:|1655108344
|switch|p2a: Calyrex|Calyrex-Shadow|100/100
|-ability|p2a: Calyrex|As One
|-ability|p2a: Calyrex|Unnerve
|turn|12
|
|t:|1655108357
|switch|p1a: Yveltal|Yveltal|98/100
|-ability|p1a: Yveltal|Dark Aura
|move|p2a: Calyrex|Astral Barrage|p1a: Yveltal
|-resisted|p1a: Yveltal
|-damage|p1a: Yveltal|65/100
|
|upkeep
|turn|13
|inactive|09-10a has 120 seconds left.
|
|t:|1655108399
|switch|p2a: Necrozma|Necrozma-Dusk-Mane|100/100
|move|p1a: Yveltal|Dark Pulse|p2a: Necrozma
|-supereffective|p2a: Necrozma
|-damage|p2a: Necrozma|17/100
|
|upkeep
|turn|14
|
|t:|1655108409
|detailschange|p2a: Necrozma|Necrozma-Ultra
|-burst|p2a: Necrozma|Necrozma|Ultranecrozium Z
|move|p2a: Necrozma|Outrage|p1a: Yveltal
|-damage|p1a: Yveltal|0 fnt
|faint|p1a: Yveltal
|
|upkeep
|
|t:|1655108416
|switch|p1a: Zacian|Zacian-Crowned|34/100
|-damage|p1a: Zacian|22/100|[from] Spikes
|-ability|p1a: Zacian|Intrepid Sword|boost
|-boost|p1a: Zacian|atk|1
|turn|15
|
|t:|1655108425
|switch|p1a: Necrozma|Necrozma-Dusk-Mane|10/100
|-damage|p1a: Necrozma|0 fnt|[from] Spikes
|faint|p1a: Necrozma
|move|p2a: Necrozma|Outrage|p1: Necrozma|[from]lockedmove|[notarget]
|-fail|p2a: Necrozma
|
|upkeep
|
|t:|1655108432
|switch|p1a: Rayquaza|Rayquaza|100/100
|-ability|p1a: Rayquaza|Air Lock
|turn|16
|
|t:|1655108439
|detailschange|p1a: Rayquaza|Rayquaza-Mega
|-mega|p1a: Rayquaza|Rayquaza|
|-weather|DeltaStream|[from] ability: Delta Stream|[of] p1a: Rayquaza
|move|p1a: Rayquaza|Extreme Speed|p2a: Necrozma
|-damage|p2a: Necrozma|0 fnt
|faint|p2a: Necrozma
|
|-weather|DeltaStream|[upkeep]
|upkeep
|
|t:|1655108443
|switch|p2a: Xerneas|Xerneas|65/100
|-ability|p2a: Xerneas|Fairy Aura
|turn|17
|
|t:|1655108452
|-start|p2a: Xerneas|Dynamax|
|-heal|p2a: Xerneas|65/100|[silent]
|move|p1a: Rayquaza|Dragon Ascent|p2a: Xerneas
|-damage|p2a: Xerneas|30/100
|-unboost|p1a: Rayquaza|def|1
|-unboost|p1a: Rayquaza|spd|1
|move|p2a: Xerneas|Max Starfall|p1a: Rayquaza
|-supereffective|p1a: Rayquaza
|-enditem|p1a: Rayquaza|Focus Sash
|-damage|p1a: Rayquaza|1/100
|-fieldstart|move: Misty Terrain
|
|-weather|DeltaStream|[upkeep]
|upkeep
|turn|18
|
|t:|1655108465
|move|p1a: Rayquaza|Dragon Ascent|p2a: Xerneas
|-damage|p2a: Xerneas|0 fnt
|-unboost|p1a: Rayquaza|def|1
|-unboost|p1a: Rayquaza|spd|1
|faint|p2a: Xerneas
|
|-weather|DeltaStream|[upkeep]
|upkeep
|
|t:|1655108476
|switch|p2a: Calyrex|Calyrex-Shadow|100/100
|-ability|p2a: Calyrex|As One
|-ability|p2a: Calyrex|Unnerve
|turn|19
|
|t:|1655108491
|move|p1a: Rayquaza|Extreme Speed|p2a: Calyrex
|-immune|p2a: Calyrex
|move|p2a: Calyrex|Astral Barrage|p1a: Rayquaza
|-damage|p1a: Rayquaza|0 fnt
|faint|p1a: Rayquaza
|-weather|none
|-ability|p2a: Calyrex|Grim Neigh|boost
|-boost|p2a: Calyrex|spa|1
|
|upkeep
|
|t:|1655108501
|switch|p1a: Zygarde|Zygarde|100/100
|-damage|p1a: Zygarde|88/100|[from] Spikes
|turn|20
|
|t:|1655108506
|-start|p1a: Zygarde|Dynamax|
|-heal|p1a: Zygarde|88/100|[silent]
|move|p2a: Calyrex|Nasty Plot|p2a: Calyrex
|-boost|p2a: Calyrex|spa|2
|move|p1a: Zygarde|Max Quake|p2a: Calyrex
|-damage|p2a: Calyrex|32/100
|-boost|p1a: Zygarde|spd|1
|
|-heal|p1a: Zygarde|91/100|[from] item: Leftovers
|upkeep
|turn|21
|
|t:|1655108516
|move|p2a: Calyrex|Astral Barrage|p1a: Zygarde
|-damage|p1a: Zygarde|37/100
|move|p1a: Zygarde|Max Quake|p2a: Calyrex
|-damage|p2a: Calyrex|0 fnt
|-boost|p1a: Zygarde|spd|1
|faint|p2a: Calyrex
|
|-heal|p1a: Zygarde|40/100|[from] item: Leftovers
|-fieldend|Misty Terrain
|-activate|p1a: Zygarde|ability: Power Construct
|detailschange|p1a: Zygarde|Zygarde-Complete
|-heal|p1a: Zygarde|60/100|[silent]
|upkeep
|c|☆09-10a|gg wp
|-message|09-10a forfeited.
|
|win|Xgeniz
|raw|Xgeniz's rating: 1601 &rarr; <strong>1632</strong><br />(+31 for winning)
|raw|09-10a's rating: 1814 &rarr; <strong>1783</strong><br />(-31 for losing)
|c|☆Xgeniz|ggwp
