|j|☆shisky
|j|☆granit10
|t:|1661413123
|gametype|singles
|player|p1|shisky|169|1415
|player|p2|granit10|red|1458
|teamsize|p1|6
|teamsize|p2|6
|gen|8
|tier|[Gen 8] National Dex AG
|rated|
|rule|HP Percentage Mod: HP is shown in percentages
|rule|Endless Battle Clause: Forcing endless battles is banned
|clearpoke
|poke|p1|Arceus-*|
|poke|p1|Arceus-*|
|poke|p1|Arceus-*|
|poke|p1|Rayquaza|
|poke|p1|Ditto|
|poke|p1|Arceus-*|
|poke|p2|Zacian-*|
|poke|p2|Groudon|
|poke|p2|Xerneas-*|
|poke|p2|Arceus-*|
|poke|p2|Necrozma-Dusk-Mane|
|poke|p2|Gyarados, M|
|teampreview
|inactive|Battle timer is ON: inactive players will automatically lose when time's up. (requested by granit10)
|
|t:|1661413133
|start
|switch|p1a: Arceus|Arceus-Ground|100/100
|switch|p2a: Necrozma|Necrozma-Dusk-Mane|100/100
|turn|1
|inactive|granit10 has 120 seconds left.
|
|t:|1661413173
|switch|p2a: Gyarados|Gyarados, M|100/100
|-ability|p2a: Gyarados|Intimidate|boost
|-unboost|p1a: Arceus|atk|1
|move|p1a: Arceus|Swords Dance|p1a: Arceus
|-boost|p1a: Arceus|atk|2
|
|upkeep
|turn|2
|
|t:|1661413187
|detailschange|p2a: Gyarados|Gyarados-Mega, M
|-mega|p2a: Gyarados|Gyarados|Gyaradosite
|-ability|p2a: Gyarados|Mold Breaker
|move|p1a: Arceus|Stone Edge|p2a: Gyarados
|-damage|p2a: Gyarados|56/100
|move|p2a: Gyarados|Waterfall|p1a: Arceus
|-supereffective|p1a: Arceus
|-damage|p1a: Arceus|33/100
|
|upkeep
|turn|3
|
|t:|1661413203
|move|p1a: Arceus|Earthquake|p2a: Gyarados
|-damage|p2a: Gyarados|0 fnt
|faint|p2a: Gyarados
|
|upkeep
|
|t:|1661413213
|switch|p2a: Zacian|Zacian-Crowned|100/100
|-ability|p2a: Zacian|Intrepid Sword|boost
|-boost|p2a: Zacian|atk|1
|turn|4
|
|t:|1661413231
|switch|p1a: Arceus|Arceus-Electric|100/100
|move|p2a: Zacian|Close Combat|p1a: Arceus
|-damage|p1a: Arceus|46/100
|-unboost|p2a: Zacian|def|1
|-unboost|p2a: Zacian|spd|1
|
|upkeep
|turn|5
|
|t:|1661413241
|move|p2a: Zacian|Close Combat|p1a: Arceus
|-damage|p1a: Arceus|0 fnt
|-unboost|p2a: Zacian|def|1
|-unboost|p2a: Zacian|spd|1
|faint|p1a: Arceus
|
|upkeep
|
|t:|1661413256
|switch|p1a: Ditto|Ditto|100/100
|-transform|p1a: Ditto|p2a: Zacian|[from] ability: Imposter
|-ability|p1a: Ditto|Intrepid Sword|boost
|-boost|p1a: Ditto|atk|1
|turn|6
|inactive|granit10 has 120 seconds left.
|inactive|granit10 has 90 seconds left.
|
|t:|1661413292
|switch|p1a: Arceus|Arceus-Ground|33/100
|switch|p2a: Necrozma|Necrozma-Dusk-Mane|100/100
|
|upkeep
|turn|7
|inactive|granit10 has 90 seconds left.
|
|t:|1661413318
|-start|p2a: Necrozma|Dynamax|
|-heal|p2a: Necrozma|100/100|[silent]
|-zpower|p1a: Arceus
|move|p1a: Arceus|Tectonic Rage|p2a: Necrozma|[zeffect]
|-supereffective|p2a: Necrozma
|-damage|p2a: Necrozma|61/100
|move|p2a: Necrozma|Max Quake|p1a: Arceus
|-damage|p1a: Arceus|0 fnt
|-boost|p2a: Necrozma|spd|1
|faint|p1a: Arceus
|
|-heal|p2a: Necrozma|64/100|[from] item: Leftovers
|upkeep
|
|t:|1661413333
|switch|p1a: Rayquaza|Rayquaza|100/100
|-ability|p1a: Rayquaza|Air Lock
|turn|8
|l|☆shisky
|inactive|shisky disconnected and has a minute to reconnect!
|player|p1|
|j|☆shisky
|inactive|shisky reconnected and has 135 seconds left.
|player|p1|shisky|169
|
|t:|1661413347
|detailschange|p1a: Rayquaza|Rayquaza-Mega
|-mega|p1a: Rayquaza|Rayquaza|
|-weather|DeltaStream|[from] ability: Delta Stream|[of] p1a: Rayquaza
|move|p1a: Rayquaza|V-create|p2a: Necrozma
|-supereffective|p2a: Necrozma
|-damage|p2a: Necrozma|20/100
|-unboost|p1a: Rayquaza|spe|1
|-unboost|p1a: Rayquaza|def|1
|-unboost|p1a: Rayquaza|spd|1
|-damage|p1a: Rayquaza|91/100|[from] item: Life Orb
|move|p2a: Necrozma|Max Steelspike|p1a: Rayquaza
|-damage|p1a: Rayquaza|0 fnt
|-boost|p2a: Necrozma|def|1
|faint|p1a: Rayquaza
|-weather|none
|
|-heal|p2a: Necrozma|23/100|[from] item: Leftovers
|upkeep
|inactive|shisky has 120 seconds left.
|
|t:|1661413367
|switch|p1a: Ditto|Ditto|100/100
|-transform|p1a: Ditto|p2a: Necrozma|[from] ability: Imposter
|turn|9
|inactive|granit10 has 90 seconds left.
|
|t:|1661413377
|-start|p1a: Ditto|Dynamax|
|-heal|p1a: Ditto|100/100|[silent]
|move|p1a: Ditto|Max Quake|p2a: Necrozma
|-supereffective|p2a: Necrozma
|-damage|p2a: Necrozma|8/100
|-boost|p1a: Ditto|spd|1
|move|p2a: Necrozma|Max Quake|p1a: Ditto
|-supereffective|p1a: Ditto
|-damage|p1a: Ditto|81/100
|-boost|p2a: Necrozma|spd|1
|
|-heal|p2a: Necrozma|11/100|[from] item: Leftovers
|upkeep
|-end|p2a: Necrozma|Dynamax
|-heal|p2a: Necrozma|11/100|[silent]
|turn|10
|inactive|granit10 has 90 seconds left.
|inactive|shisky has 120 seconds left.
|
|t:|1661413398
|move|p1a: Ditto|Max Steelspike|p2a: Necrozma
|-resisted|p2a: Necrozma
|-damage|p2a: Necrozma|0 fnt
|-boost|p1a: Ditto|def|1
|faint|p2a: Necrozma
|
|upkeep
|
|t:|1661413409
|switch|p2a: Arceus|Arceus-Fire, shiny|100/100
|turn|11
|
|t:|1661413414
|-zpower|p2a: Arceus
|move|p2a: Arceus|Inferno Overdrive|p1a: Ditto|[zeffect]
|-supereffective|p1a: Ditto
|-damage|p1a: Ditto|48/100
|move|p1a: Ditto|Max Quake|p2a: Arceus
|-supereffective|p2a: Arceus
|-damage|p2a: Arceus|31/100
|-boost|p1a: Ditto|spd|1
|
|upkeep
|-end|p1a: Ditto|Dynamax
|-heal|p1a: Ditto|48/100|[silent]
|turn|12
|inactive|granit10 has 90 seconds left.
|
|t:|1661413430
|move|p1a: Ditto|Earthquake|p2a: Arceus
|-supereffective|p2a: Arceus
|-damage|p2a: Arceus|0 fnt
|faint|p2a: Arceus
|
|upkeep
|
|t:|1661413454
|switch|p2a: Groudon|Groudon, shiny|100/100
|detailschange|p2a: Groudon|Groudon-Primal, shiny
|-primal|p2a: Groudon
|-weather|DesolateLand|[from] ability: Desolate Land|[of] p2a: Groudon
|turn|13
|
|t:|1661413460
|move|p1a: Ditto|Earthquake|p2a: Groudon
|-supereffective|p2a: Groudon
|-damage|p2a: Groudon|57/100
|move|p2a: Groudon|Fire Punch|p1a: Ditto
|-supereffective|p1a: Ditto
|-damage|p1a: Ditto|1/100
|
|-weather|DesolateLand|[upkeep]
|upkeep
|turn|14
|
|t:|1661413475
|switch|p1a: Arceus|Arceus-Fairy|100/100
|move|p2a: Groudon|Fire Punch|p1a: Arceus
|-damage|p1a: Arceus|39/100
|
|-weather|DesolateLand|[upkeep]
|upkeep
|turn|15
|
|t:|1661413483
|move|p1a: Arceus|Earth Power|p2a: Groudon
|-supereffective|p2a: Groudon
|-crit|p2a: Groudon
|-damage|p2a: Groudon|0 fnt
|faint|p2a: Groudon
|-weather|none
|
|upkeep
|
|t:|1661413495
|switch|p2a: Zacian|Zacian-Crowned|100/100
|-ability|p2a: Zacian|Intrepid Sword|boost
|-boost|p2a: Zacian|atk|1
|turn|16
|
|t:|1661413500
|move|p2a: Zacian|Behemoth Blade|p1a: Arceus
|-supereffective|p1a: Arceus
|-damage|p1a: Arceus|0 fnt
|faint|p1a: Arceus
|
|upkeep
|
|t:|1661413506
|switch|p1a: Ditto|Ditto|1/100
|-transform|p1a: Ditto|p2a: Zacian|[from] ability: Imposter
|-ability|p1a: Ditto|Intrepid Sword|boost
|-boost|p1a: Ditto|atk|1
|turn|17
|
|t:|1661413514
|move|p1a: Ditto|Behemoth Blade|p2a: Zacian
|-damage|p2a: Zacian|0 fnt
|faint|p2a: Zacian
|
|upkeep
|
|t:|1661413520
|switch|p2a: Xerneas|Xerneas, shiny|100/100
|-ability|p2a: Xerneas|Fairy Aura
|turn|18
|
|t:|1661413531
|move|p1a: Ditto|Behemoth Blade|p2a: Xerneas
|-supereffective|p2a: Xerneas
|-damage|p2a: Xerneas|0 fnt
|faint|p2a: Xerneas
|
|win|shisky
|raw|shisky's rating: 1415 &rarr; <strong>1437</strong><br />(+22 for winning)
|raw|granit10's rating: 1458 &rarr; <strong>1436</strong><br />(-22 for losing)
|l|☆granit10
