|j|☆Dominator296
|j|☆soda49
|t:|1640819371
|gametype|singles
|player|p1|Dominator296|alder|1890
|player|p2|soda49|102|1821
|teamsize|p1|6
|teamsize|p2|6
|gen|8
|tier|[Gen 8] National Dex AG
|rated|
|rule|HP Percentage Mod: HP is shown in percentages
|rule|Endless Battle Clause: Forcing endless battles is banned
|clearpoke
|poke|p1|Kyogre|
|poke|p1|Groudon|
|poke|p1|Ho-Oh|
|poke|p1|Necrozma-Dusk-Mane|
|poke|p1|Arceus-*|
|poke|p1|Arceus-*|
|poke|p2|Smeargle, F|
|poke|p2|Charizard, F|
|poke|p2|Mimikyu, F|
|poke|p2|Calyrex-Shadow|
|poke|p2|Thundurus, M|
|poke|p2|Gengar, F|
|teampreview
|inactive|Battle timer is ON: inactive players will automatically lose when time's up. (requested by soda49)
|
|t:|1640819385
|start
|switch|p1a: Necrozma|Necrozma-Dusk-Mane|100/100
|switch|p2a: Charizard|Charizard, F|100/100
|turn|1
|
|t:|1640819398
|detailschange|p1a: Necrozma|Necrozma-Ultra
|-burst|p1a: Necrozma|Necrozma|Ultranecrozium Z
|-start|p2a: Charizard|Dynamax
|-formechange|p2a: Charizard|Charizard-Gmax
|-heal|p2a: Charizard|100/100|[silent]
|move|p1a: Necrozma|Dragon Dance|p1a: Necrozma
|-boost|p1a: Necrozma|atk|1
|-boost|p1a: Necrozma|spe|1
|move|p2a: Charizard|G-Max Wildfire|p1a: Necrozma
|-resisted|p1a: Necrozma
|-damage|p1a: Necrozma|67/100
|-sidestart|p1: Dominator296|G-Max Wildfire
|
|-damage|p1a: Necrozma|50/100|[from] G-Max Wildfire
|upkeep
|turn|2
|j| in 91
|c| in 91|?
|
|t:|1640819411
|move|p2a: Charizard|Max Guard|p2a: Charizard
|-singleturn|p2a: Charizard|Max Guard
|-zpower|p1a: Necrozma
|move|p1a: Necrozma|Light That Burns the Sky|p2a: Charizard|[zeffect]
|-activate|p2a: Charizard|move: Max Guard
|
|-damage|p1a: Necrozma|34/100|[from] G-Max Wildfire
|upkeep
|turn|3
|
|t:|1640819417
|move|p1a: Necrozma|Photon Geyser|p2a: Charizard
|-damage|p2a: Charizard|26/100
|move|p2a: Charizard|Max Airstream|p1a: Necrozma
|-damage|p1a: Necrozma|0 fnt
|-boost|p2a: Charizard|spe|1
|faint|p1a: Necrozma
|
|-end|p2a: Charizard|Dynamax
|-formechange|p2a: Charizard|Charizard
|-heal|p2a: Charizard|26/100|[silent]
|upkeep
|j| iWatchU⊙_⊙
|
|t:|1640819438
|switch|p1a: Arceus|Arceus, shiny|100/100
|turn|4
|
|t:|1640819449
|move|p1a: Arceus|Extreme Speed|p2a: Charizard
|-damage|p2a: Charizard|0 fnt
|faint|p2a: Charizard
|
|-damage|p1a: Arceus|84/100|[from] G-Max Wildfire
|-sideend|p1: Dominator296|G-Max Wildfire
|upkeep
|
|t:|1640819466
|switch|p2a: Mimikyu|Mimikyu, F|100/100
|turn|5
|
|t:|1640819473
|move|p1a: Arceus|Shadow Claw|p2a: Mimikyu
|-activate|p2a: Mimikyu|ability: Disguise
|-damage|p2a: Mimikyu|100/100
|detailschange|p2a: Mimikyu|Mimikyu-Busted, F
|-damage|p2a: Mimikyu|88/100|[from] pokemon: Mimikyu-Busted
|move|p2a: Mimikyu|Trick Room|p2a: Mimikyu
|-fieldstart|move: Trick Room|[of] p2a: Mimikyu
|
|upkeep
|turn|6
|
|t:|1640819481
|move|p2a: Mimikyu|Destiny Bond|p2a: Mimikyu
|-singlemove|p2a: Mimikyu|Destiny Bond
|move|p1a: Arceus|Shadow Claw|p2a: Mimikyu
|-supereffective|p2a: Mimikyu
|-damage|p2a: Mimikyu|25/100
|
|upkeep
|turn|7
|
|t:|1640819501
|switch|p1a: Ho-Oh|Ho-Oh, shiny|100/100
|-zpower|p2a: Mimikyu
|move|p2a: Mimikyu|Z-Curse|p1a: Ho-Oh|[anim]Curse
|-heal|p2a: Mimikyu|100/100|[zeffect]
|-start|p1a: Ho-Oh|Curse|[of] p2a: Mimikyu
|-damage|p2a: Mimikyu|50/100
|
|-damage|p1a: Ho-Oh|76/100|[from] Curse
|upkeep
|turn|8
|
|t:|1640819517
|switch|p1a: Arceus|Arceus, shiny|84/100
|move|p2a: Mimikyu|Phantom Force||[still]
|-prepare|p2a: Mimikyu|Phantom Force
|
|upkeep
|turn|9
|
|t:|1640819534
|move|p2a: Mimikyu|Phantom Force|p1a: Arceus|[from]lockedmove
|-immune|p1a: Arceus
|move|p1a: Arceus|Shadow Claw|p2a: Mimikyu
|-supereffective|p2a: Mimikyu
|-damage|p2a: Mimikyu|0 fnt
|faint|p2a: Mimikyu
|
|-fieldend|move: Trick Room
|upkeep
|
|t:|1640819550
|switch|p2a: Calyrex|Calyrex-Shadow|100/100
|-ability|p2a: Calyrex|As One
|-ability|p2a: Calyrex|Unnerve
|turn|10
|
|t:|1640819553
|move|p2a: Calyrex|Psyshock|p1a: Arceus
|-damage|p1a: Arceus|52/100
|move|p1a: Arceus|Shadow Claw|p2a: Calyrex
|-supereffective|p2a: Calyrex
|-enditem|p2a: Calyrex|Focus Sash
|-damage|p2a: Calyrex|1/100
|
|upkeep
|turn|11
|
|t:|1640819563
|move|p2a: Calyrex|Psyshock|p1a: Arceus
|-crit|p1a: Arceus
|-damage|p1a: Arceus|7/100
|move|p1a: Arceus|Shadow Claw|p2a: Calyrex
|-supereffective|p2a: Calyrex
|-damage|p2a: Calyrex|0 fnt
|faint|p2a: Calyrex
|
|upkeep
|
|t:|1640819572
|switch|p2a: Thundurus|Thundurus, M|100/100
|turn|12
|
|t:|1640819577
|move|p1a: Arceus|Extreme Speed|p2a: Thundurus
|-damage|p2a: Thundurus|30/100
|move|p2a: Thundurus|Knock Off|p1a: Arceus
|-damage|p1a: Arceus|0 fnt
|-enditem|p1a: Arceus|Silk Scarf|[from] move: Knock Off|[of] p2a: Thundurus
|faint|p1a: Arceus
|
|upkeep
|
|t:|1640819594
|switch|p1a: Groudon|Groudon|100/100
|detailschange|p1a: Groudon|Groudon-Primal
|-primal|p1a: Groudon
|-weather|DesolateLand|[from] ability: Desolate Land|[of] p1a: Groudon
|turn|13
|
|t:|1640819599
|move|p2a: Thundurus|Scary Face|p1a: Groudon
|-unboost|p1a: Groudon|spe|2
|move|p1a: Groudon|Fire Punch|p2a: Thundurus
|-damage|p2a: Thundurus|0 fnt
|faint|p2a: Thundurus
|
|-weather|DesolateLand|[upkeep]
|upkeep
|
|t:|1640819606
|switch|p2a: The wobbler|Smeargle, F|100/100
|turn|14
|
|t:|1640819613
|move|p2a: The wobbler|Spore|p1a: Groudon
|-status|p1a: Groudon|slp|[from] move: Spore
|cant|p1a: Groudon|slp
|
|-weather|DesolateLand|[upkeep]
|-ability|p2a: The wobbler|Moody|boost
|-boost|p2a: The wobbler|spe|2
|-unboost|p2a: The wobbler|atk|1
|upkeep
|turn|15
|
|t:|1640819617
|move|p2a: The wobbler|Substitute|p2a: The wobbler
|-start|p2a: The wobbler|Substitute
|-damage|p2a: The wobbler|76/100
|-curestatus|p1a: Groudon|slp|[msg]
|move|p1a: Groudon|Fire Punch|p2a: The wobbler
|-end|p2a: The wobbler|Substitute
|
|-weather|DesolateLand|[upkeep]
|-heal|p2a: The wobbler|82/100|[from] item: Leftovers
|-ability|p2a: The wobbler|Moody|boost
|-boost|p2a: The wobbler|spe|2
|-unboost|p2a: The wobbler|spa|1
|upkeep
|turn|16
|
|t:|1640819628
|move|p2a: The wobbler|Spore|p1a: Groudon
|-status|p1a: Groudon|slp|[from] move: Spore
|cant|p1a: Groudon|slp
|
|-weather|DesolateLand|[upkeep]
|-heal|p2a: The wobbler|88/100|[from] item: Leftovers
|-ability|p2a: The wobbler|Moody|boost
|-boost|p2a: The wobbler|spe|2
|-unboost|p2a: The wobbler|spd|1
|upkeep
|turn|17
|
|t:|1640819630
|move|p2a: The wobbler|Substitute|p2a: The wobbler
|-start|p2a: The wobbler|Substitute
|-damage|p2a: The wobbler|63/100
|-curestatus|p1a: Groudon|slp|[msg]
|move|p1a: Groudon|Fire Punch|p2a: The wobbler
|-end|p2a: The wobbler|Substitute
|
|-weather|DesolateLand|[upkeep]
|-heal|p2a: The wobbler|69/100|[from] item: Leftovers
|-ability|p2a: The wobbler|Moody|boost
|-boost|p2a: The wobbler|spd|2
|-unboost|p2a: The wobbler|atk|1
|upkeep
|turn|18
|
|t:|1640819640
|move|p2a: The wobbler|Spore|p1a: Groudon
|-status|p1a: Groudon|slp|[from] move: Spore
|cant|p1a: Groudon|slp
|
|-weather|DesolateLand|[upkeep]
|-heal|p2a: The wobbler|75/100|[from] item: Leftovers
|-ability|p2a: The wobbler|Moody|boost
|-boost|p2a: The wobbler|def|2
|-unboost|p2a: The wobbler|atk|1
|upkeep
|turn|19
|
|t:|1640819644
|move|p2a: The wobbler|Substitute|p2a: The wobbler
|-start|p2a: The wobbler|Substitute
|-damage|p2a: The wobbler|50/100
|-curestatus|p1a: Groudon|slp|[msg]
|move|p1a: Groudon|Fire Punch|p2a: The wobbler
|-end|p2a: The wobbler|Substitute
|
|-weather|DesolateLand|[upkeep]
|-heal|p2a: The wobbler|56/100|[from] item: Leftovers
|-ability|p2a: The wobbler|Moody|boost
|-boost|p2a: The wobbler|def|2
|-unboost|p2a: The wobbler|spd|1
|upkeep
|turn|20
|c| in 91|1st turn sleep kekw
|
|t:|1640819658
|-weather|none
|switch|p1a: Kyogre|Kyogre|100/100
|-weather|RainDance|[from] ability: Drizzle|[of] p1a: Kyogre
|move|p2a: The wobbler|Spore|p1a: Kyogre
|-status|p1a: Kyogre|slp|[from] move: Spore
|
|-weather|RainDance|[upkeep]
|-heal|p2a: The wobbler|62/100|[from] item: Leftovers
|-ability|p2a: The wobbler|Moody|boost
|-boost|p2a: The wobbler|atk|2
|-unboost|p2a: The wobbler|spd|1
|upkeep
|turn|21
|
|t:|1640819663
|move|p2a: The wobbler|Substitute|p2a: The wobbler
|-start|p2a: The wobbler|Substitute
|-damage|p2a: The wobbler|38/100
|cant|p1a: Kyogre|slp
|
|-weather|RainDance|[upkeep]
|-heal|p2a: The wobbler|44/100|[from] item: Leftovers
|-ability|p2a: The wobbler|Moody|boost
|-boost|p2a: The wobbler|spa|2
|-unboost|p2a: The wobbler|atk|1
|upkeep
|turn|22
|
|t:|1640819670
|move|p2a: The wobbler|Shell Smash|p2a: The wobbler
|-unboost|p2a: The wobbler|def|1
|-unboost|p2a: The wobbler|spd|1
|-boost|p2a: The wobbler|atk|2
|-boost|p2a: The wobbler|spa|2
|-boost|p2a: The wobbler|spe|0
|-curestatus|p1a: Kyogre|slp|[msg]
|move|p1a: Kyogre|Water Spout|p2a: The wobbler
|-end|p2a: The wobbler|Substitute
|
|-weather|RainDance|[upkeep]
|-heal|p2a: The wobbler|50/100|[from] item: Leftovers
|-ability|p2a: The wobbler|Moody|boost
|-boost|p2a: The wobbler|spd|2
|-unboost|p2a: The wobbler|spa|1
|upkeep
|turn|23
|
|t:|1640819674
|move|p2a: The wobbler|Spore|p1a: Kyogre
|-status|p1a: Kyogre|slp|[from] move: Spore
|cant|p1a: Kyogre|slp
|
|-weather|RainDance|[upkeep]
|-heal|p2a: The wobbler|55/100|[from] item: Leftovers
|-ability|p2a: The wobbler|Moody|boost
|-boost|p2a: The wobbler|atk|2
|-unboost|p2a: The wobbler|spd|1
|upkeep
|turn|24
|
|t:|1640819676
|move|p2a: The wobbler|Substitute|p2a: The wobbler
|-start|p2a: The wobbler|Substitute
|-damage|p2a: The wobbler|31/100
|cant|p1a: Kyogre|slp
|
|-weather|none
|-heal|p2a: The wobbler|37/100|[from] item: Leftovers
|-ability|p2a: The wobbler|Moody|boost
|-boost|p2a: The wobbler|def|2
|-unboost|p2a: The wobbler|atk|1
|upkeep
|turn|25
|
|t:|1640819691
|move|p2a: The wobbler|Power Trip|p1a: Kyogre
|-damage|p1a: Kyogre|30/100 slp
|cant|p1a: Kyogre|slp
|
|-heal|p2a: The wobbler|43/100|[from] item: Leftovers
|-ability|p2a: The wobbler|Moody|boost
|-boost|p2a: The wobbler|spa|2
|-unboost|p2a: The wobbler|atk|1
|upkeep
|turn|26
|l|☆Dominator296
|inactive|Dominator296 disconnected and has a minute to reconnect!
|player|p1|
|j|☆Dominator296
|inactive|Dominator296 reconnected and has 140 seconds left.
|player|p1|Dominator296|alder
|c| in 91|damn
|
|t:|1640819709
|move|p2a: The wobbler|Power Trip|p1a: Kyogre
|-crit|p1a: Kyogre
|-damage|p1a: Kyogre|0 fnt
|faint|p1a: Kyogre
|
|-heal|p2a: The wobbler|49/100|[from] item: Leftovers
|-ability|p2a: The wobbler|Moody|boost
|-boost|p2a: The wobbler|spd|2
|-unboost|p2a: The wobbler|def|1
|upkeep
|inactive|Dominator296 has 120 seconds left.
|
|t:|1640819731
|switch|p1a: Arceus|Arceus-Flying|100/100
|turn|27
|
|t:|1640819740
|-start|p1a: Arceus|Dynamax
|-heal|p1a: Arceus|100/100|[silent]
|move|p2a: The wobbler|Spore|p1a: Arceus
|-status|p1a: Arceus|slp|[from] move: Spore
|cant|p1a: Arceus|slp
|
|-heal|p2a: The wobbler|55/100|[from] item: Leftovers
|-ability|p2a: The wobbler|Moody|boost
|-boost|p2a: The wobbler|atk|2
|-unboost|p2a: The wobbler|spd|1
|upkeep
|turn|28
|
|t:|1640819758
|move|p2a: The wobbler|Power Trip|p1a: Arceus
|-damage|p1a: Arceus|78/100 slp
|cant|p1a: Arceus|slp
|
|-heal|p2a: The wobbler|61/100|[from] item: Leftovers
|-ability|p2a: The wobbler|Moody|boost
|-boost|p2a: The wobbler|atk|2
|-unboost|p2a: The wobbler|spa|1
|upkeep
|turn|29
|
|t:|1640819765
|move|p2a: The wobbler|Power Trip|p1a: Arceus
|-crit|p1a: Arceus
|-damage|p1a: Arceus|24/100 slp
|cant|p1a: Arceus|slp
|
|-heal|p2a: The wobbler|67/100|[from] item: Leftovers
|-ability|p2a: The wobbler|Moody|boost
|-boost|p2a: The wobbler|spd|2
|-unboost|p2a: The wobbler|atk|1
|-end|p1a: Arceus|Dynamax
|-heal|p1a: Arceus|24/100 slp|[silent]
|upkeep
|turn|30
|
|t:|1640819772
|move|p2a: The wobbler|Power Trip|p1a: Arceus
|-damage|p1a: Arceus|0 fnt
|faint|p1a: Arceus
|
|-heal|p2a: The wobbler|73/100|[from] item: Leftovers
|-ability|p2a: The wobbler|Moody|boost
|-boost|p2a: The wobbler|def|2
|-unboost|p2a: The wobbler|spa|1
|upkeep
|
|t:|1640819778
|switch|p1a: Ho-Oh|Ho-Oh, shiny|100/100
|turn|31
|
|t:|1640819783
|move|p2a: The wobbler|Spore|p1a: Ho-Oh
|-status|p1a: Ho-Oh|slp|[from] move: Spore
|cant|p1a: Ho-Oh|slp
|
|-heal|p2a: The wobbler|79/100|[from] item: Leftovers
|-ability|p2a: The wobbler|Moody|boost
|-boost|p2a: The wobbler|spa|2
|-unboost|p2a: The wobbler|spd|1
|upkeep
|turn|32
|
|t:|1640819793
|move|p2a: The wobbler|Power Trip|p1a: Ho-Oh
|-damage|p1a: Ho-Oh|0 fnt
|faint|p1a: Ho-Oh
|
|-heal|p2a: The wobbler|85/100|[from] item: Leftovers
|-ability|p2a: The wobbler|Moody|boost
|-boost|p2a: The wobbler|atk|2
|-unboost|p2a: The wobbler|spa|1
|upkeep
|
|t:|1640819795
|switch|p1a: Groudon|Groudon-Primal|100/100
|-weather|DesolateLand|[from] ability: Desolate Land|[of] p1a: Groudon
|turn|33
|
|t:|1640819799
|move|p2a: The wobbler|Spore|p1a: Groudon
|-status|p1a: Groudon|slp|[from] move: Spore
|cant|p1a: Groudon|slp
|
|-weather|DesolateLand|[upkeep]
|-heal|p2a: The wobbler|91/100|[from] item: Leftovers
|-ability|p2a: The wobbler|Moody|boost
|-boost|p2a: The wobbler|spa|2
|-unboost|p2a: The wobbler|spd|1
|upkeep
|turn|34
|
|t:|1640819802
|move|p2a: The wobbler|Power Trip|p1a: Groudon
|-damage|p1a: Groudon|0 fnt
|faint|p1a: Groudon
|-weather|none
|
|win|soda49
|raw|Dominator296's rating: 1890 &rarr; <strong>1866</strong><br />(-24 for losing)
|raw|soda49's rating: 1821 &rarr; <strong>1845</strong><br />(+24 for winning)
|c|☆soda49|Gg
|l|☆Dominator296
||Ladder isn't responding, score probably updated but might not have (Request timeout).
