|j|☆Better Alone
|j|☆iroeweuio
|t:|1662497418
|gametype|singles
|player|p1|Better Alone|swimmerf-gen4|1759
|player|p2|iroeweuio|2|1631
|teamsize|p1|6
|teamsize|p2|6
|gen|8
|tier|[Gen 8] National Dex AG
|rated|
|rule|HP Percentage Mod: HP is shown in percentages
|rule|Endless Battle Clause: Forcing endless battles is banned
|clearpoke
|poke|p1|Ditto|
|poke|p1|Calyrex-Shadow|
|poke|p1|Groudon|
|poke|p1|Rayquaza|
|poke|p1|Tyranitar, M|
|poke|p1|Arceus-*|
|poke|p2|Chatot, F|
|poke|p2|Weavile, M|
|poke|p2|Giratina-Origin|
|poke|p2|Ditto|
|poke|p2|Breloom, F|
|poke|p2|Wobbuffet, M|
|teampreview
|
|t:|1662497427
|start
|switch|p1a: Arceus|Arceus-Ground|100/100
|switch|p2a: Weavile|Weavile, M|100/100
|-ability|p2a: Weavile|Pressure
|turn|1
|
|t:|1662497432
|move|p2a: Weavile|Substitute|p2a: Weavile
|-start|p2a: Weavile|Substitute
|-damage|p2a: Weavile|76/100
|move|p1a: Arceus|Stealth Rock|p2a: Weavile
|-sidestart|p2: iroeweuio|move: Stealth Rock
|
|-heal|p2a: Weavile|82/100|[from] item: Leftovers
|upkeep
|turn|2
|
|t:|1662497435
|move|p2a: Weavile|Assist|p2a: Weavile
|move|p2a: Weavile|Spore|p1a: Arceus|[from]move: Assist
|-status|p1a: Arceus|slp|[from] move: Spore
|cant|p1a: Arceus|slp
|
|-heal|p2a: Weavile|88/100|[from] item: Leftovers
|upkeep
|turn|3
|
|t:|1662497440
|move|p2a: Weavile|Swords Dance|p2a: Weavile
|-boost|p2a: Weavile|atk|2
|-curestatus|p1a: Arceus|slp|[msg]
|move|p1a: Arceus|Judgment|p2a: Weavile
|-end|p2a: Weavile|Substitute
|
|-heal|p2a: Weavile|94/100|[from] item: Leftovers
|upkeep
|turn|4
|
|t:|1662497445
|move|p2a: Weavile|Substitute|p2a: Weavile
|-start|p2a: Weavile|Substitute
|-damage|p2a: Weavile|69/100
|move|p1a: Arceus|Judgment|p2a: Weavile
|-end|p2a: Weavile|Substitute
|
|-heal|p2a: Weavile|75/100|[from] item: Leftovers
|upkeep
|turn|5
|
|t:|1662497449
|move|p2a: Weavile|Assist|p2a: Weavile
|move|p2a: Weavile|Spore|p1a: Arceus|[from]move: Assist
|-status|p1a: Arceus|slp|[from] move: Spore
|cant|p1a: Arceus|slp
|
|-heal|p2a: Weavile|81/100|[from] item: Leftovers
|upkeep
|turn|6
|
|t:|1662497453
|move|p2a: Weavile|Substitute|p2a: Weavile
|-start|p2a: Weavile|Substitute
|-damage|p2a: Weavile|56/100
|-curestatus|p1a: Arceus|slp|[msg]
|move|p1a: Arceus|Judgment|p2a: Weavile
|-end|p2a: Weavile|Substitute
|
|-heal|p2a: Weavile|62/100|[from] item: Leftovers
|upkeep
|turn|7
|
|t:|1662497457
|move|p2a: Weavile|Assist|p2a: Weavile
|move|p2a: Weavile|Spore|p1a: Arceus|[from]move: Assist
|-status|p1a: Arceus|slp|[from] move: Spore
|cant|p1a: Arceus|slp
|
|-heal|p2a: Weavile|68/100|[from] item: Leftovers
|upkeep
|turn|8
|
|t:|1662497459
|move|p2a: Weavile|Substitute|p2a: Weavile
|-start|p2a: Weavile|Substitute
|-damage|p2a: Weavile|43/100
|cant|p1a: Arceus|slp
|
|-heal|p2a: Weavile|49/100|[from] item: Leftovers
|upkeep
|turn|9
|
|t:|1662497461
|move|p2a: Weavile|Triple Axel|p1a: Arceus
|-supereffective|p1a: Arceus
|-damage|p1a: Arceus|78/100 slp
|-supereffective|p1a: Arceus
|-damage|p1a: Arceus|36/100 slp
|-supereffective|p1a: Arceus
|-damage|p1a: Arceus|0 fnt
|faint|p1a: Arceus
|-hitcount|p1: Arceus|3
|
|-heal|p2a: Weavile|55/100|[from] item: Leftovers
|upkeep
|
|t:|1662497474
|switch|p1a: Groudon|Groudon, shiny|100/100
|detailschange|p1a: Groudon|Groudon-Primal, shiny
|-primal|p1a: Groudon
|-weather|DesolateLand|[from] ability: Desolate Land|[of] p1a: Groudon
|turn|10
|
|t:|1662497477
|move|p2a: Weavile|Assist|p2a: Weavile
|move|p2a: Weavile|Spore|p1a: Groudon|[from]move: Assist
|-status|p1a: Groudon|slp|[from] move: Spore
|cant|p1a: Groudon|slp
|
|-weather|DesolateLand|[upkeep]
|-heal|p2a: Weavile|61/100|[from] item: Leftovers
|upkeep
|turn|11
|
|t:|1662497479
|move|p2a: Weavile|Triple Axel|p1a: Groudon
|-damage|p1a: Groudon|91/100 slp
|-damage|p1a: Groudon|71/100 slp
|-damage|p1a: Groudon|37/100 slp
|-hitcount|p1a: Groudon|3
|cant|p1a: Groudon|slp
|
|-weather|DesolateLand|[upkeep]
|-heal|p2a: Weavile|67/100|[from] item: Leftovers
|upkeep
|turn|12
|
|t:|1662497482
|move|p2a: Weavile|Triple Axel|p1a: Groudon
|-damage|p1a: Groudon|27/100 slp
|-damage|p1a: Groudon|6/100 slp
|-damage|p1a: Groudon|0 fnt
|faint|p1a: Groudon
|-weather|none
|-hitcount|p1: Groudon|3
|
|-heal|p2a: Weavile|73/100|[from] item: Leftovers
|upkeep
|
|t:|1662497486
|switch|p1a: Rayquaza|Rayquaza|100/100
|-ability|p1a: Rayquaza|Air Lock
|turn|13
|
|t:|1662497489
|detailschange|p1a: Rayquaza|Rayquaza-Mega
|-mega|p1a: Rayquaza|Rayquaza|
|-weather|DeltaStream|[from] ability: Delta Stream|[of] p1a: Rayquaza
|move|p1a: Rayquaza|Extreme Speed|p2a: Weavile
|-end|p2a: Weavile|Substitute
|move|p2a: Weavile|Assist|p2a: Weavile
|move|p2a: Weavile|Spore|p1a: Rayquaza|[from]move: Assist
|-status|p1a: Rayquaza|slp|[from] move: Spore
|
|-weather|DeltaStream|[upkeep]
|-heal|p2a: Weavile|80/100|[from] item: Leftovers
|upkeep
|turn|14
|
|t:|1662497491
|move|p2a: Weavile|Substitute|p2a: Weavile
|-start|p2a: Weavile|Substitute
|-damage|p2a: Weavile|55/100
|cant|p1a: Rayquaza|slp
|
|-weather|DeltaStream|[upkeep]
|-heal|p2a: Weavile|61/100|[from] item: Leftovers
|upkeep
|turn|15
|
|t:|1662497494
|-curestatus|p1a: Rayquaza|slp|[msg]
|move|p1a: Rayquaza|Extreme Speed|p2a: Weavile
|-end|p2a: Weavile|Substitute
|move|p2a: Weavile|Triple Axel|p1a: Rayquaza
|-activate||deltastream
|-supereffective|p1a: Rayquaza
|-damage|p1a: Rayquaza|63/100
|-activate||deltastream
|-supereffective|p1a: Rayquaza
|-damage|p1a: Rayquaza|0 fnt
|faint|p1a: Rayquaza
|-weather|none
|-hitcount|p1: Rayquaza|2
|
|-heal|p2a: Weavile|67/100|[from] item: Leftovers
|upkeep
|
|t:|1662497499
|switch|p1a: Ditto|Ditto|100/100
|-transform|p1a: Ditto|p2a: Weavile|[from] ability: Imposter
|-ability|p1a: Ditto|Pressure
|turn|16
|
|t:|1662497510
|switch|p2a: Wobbuffet|Wobbuffet, M|100/100
|-damage|p2a: Wobbuffet|88/100|[from] Stealth Rock
|move|p1a: Ditto|Triple Axel|p2a: Wobbuffet
|-damage|p2a: Wobbuffet|70/100
|-damage|p2a: Wobbuffet|33/100
|-damage|p2a: Wobbuffet|0 fnt
|faint|p2a: Wobbuffet
|-hitcount|p2: Wobbuffet|3
|
|upkeep
|
|t:|1662497516
|switch|p2a: Breloom|Breloom, F|100/100
|-damage|p2a: Breloom|94/100|[from] Stealth Rock
|turn|17
|
|t:|1662497521
|move|p2a: Breloom|Protect|p2a: Breloom
|-singleturn|p2a: Breloom|Protect
|move|p1a: Ditto|Triple Axel|p2a: Breloom
|-activate|p2a: Breloom|move: Protect
|
|-status|p2a: Breloom|tox|[from] item: Toxic Orb
|upkeep
|turn|18
|
|t:|1662497530
|switch|p2a: Giratina|Giratina-Origin|100/100
|-damage|p2a: Giratina|88/100|[from] Stealth Rock
|move|p1a: Ditto|Triple Axel|p2a: Giratina
|-supereffective|p2a: Giratina
|-damage|p2a: Giratina|57/100
|-supereffective|p2a: Giratina
|-damage|p2a: Giratina|0 fnt
|faint|p2a: Giratina
|-hitcount|p2: Giratina|2
|
|upkeep
|
|t:|1662497533
|switch|p2a: Breloom|Breloom, F|94/100 tox
|-damage|p2a: Breloom|88/100 tox|[from] Stealth Rock
|turn|19
|
|t:|1662497536
|move|p2a: Breloom|Protect|p2a: Breloom
|-singleturn|p2a: Breloom|Protect
|move|p1a: Ditto|Triple Axel|p2a: Breloom
|-activate|p2a: Breloom|move: Protect
|
|-heal|p2a: Breloom|100/100 tox|[from] ability: Poison Heal
|upkeep
|turn|20
|
|t:|1662497538
|move|p1a: Ditto|Triple Axel|p2a: Breloom
|-supereffective|p2a: Breloom
|-damage|p2a: Breloom|35/100 tox
|-supereffective|p2a: Breloom
|-damage|p2a: Breloom|0 fnt
|faint|p2a: Breloom
|-hitcount|p2: Breloom|2
|
|upkeep
|
|t:|1662497541
|switch|p2a: Weavile|Weavile, M|67/100
|-damage|p2a: Weavile|42/100|[from] Stealth Rock
|-ability|p2a: Weavile|Pressure
|turn|21
|
|t:|1662497544
|switch|p1a: Tyranitar|Tyranitar, M|100/100
|-weather|Sandstorm|[from] ability: Sand Stream|[of] p1a: Tyranitar
|move|p2a: Weavile|Assist|p2a: Weavile
|move|p2a: Weavile|Spore|p1a: Tyranitar|[from]move: Assist
|-status|p1a: Tyranitar|slp|[from] move: Spore
|
|-weather|Sandstorm|[upkeep]
|-damage|p2a: Weavile|36/100|[from] Sandstorm
|-heal|p2a: Weavile|42/100|[from] item: Leftovers
|upkeep
|turn|22
|
|t:|1662497550
|move|p2a: Weavile|Substitute|p2a: Weavile
|-start|p2a: Weavile|Substitute
|-damage|p2a: Weavile|17/100
|cant|p1a: Tyranitar|slp
|
|-weather|Sandstorm|[upkeep]
|-damage|p2a: Weavile|11/100|[from] Sandstorm
|-heal|p2a: Weavile|17/100|[from] item: Leftovers
|upkeep
|turn|23
|
|t:|1662497552
|move|p2a: Weavile|Swords Dance|p2a: Weavile
|-boost|p2a: Weavile|atk|2
|cant|p1a: Tyranitar|slp
|
|-weather|Sandstorm|[upkeep]
|-damage|p2a: Weavile|11/100|[from] Sandstorm
|-heal|p2a: Weavile|17/100|[from] item: Leftovers
|upkeep
|turn|24
|
|t:|1662497555
|move|p2a: Weavile|Triple Axel|p1a: Tyranitar
|-damage|p1a: Tyranitar|84/100 slp
|-damage|p1a: Tyranitar|52/100 slp
|-damage|p1a: Tyranitar|6/100 slp
|-hitcount|p1a: Tyranitar|3
|cant|p1a: Tyranitar|slp
|
|-weather|Sandstorm|[upkeep]
|-damage|p2a: Weavile|11/100|[from] Sandstorm
|-heal|p2a: Weavile|17/100|[from] item: Leftovers
|upkeep
|turn|25
|
|t:|1662497562
|move|p2a: Weavile|Triple Axel|p1a: Tyranitar
|-damage|p1a: Tyranitar|0 fnt
|faint|p1a: Tyranitar
|-hitcount|p1: Tyranitar|1
|
|-weather|none
|-heal|p2a: Weavile|23/100|[from] item: Leftovers
|upkeep
|
|t:|1662497565
|switch|p1a: Calyrex|Calyrex-Shadow|100/100
|-ability|p1a: Calyrex|As One
|-ability|p1a: Calyrex|Unnerve
|turn|26
|
|t:|1662497568
|-start|p1a: Calyrex|Dynamax|
|-heal|p1a: Calyrex|100/100|[silent]
|move|p1a: Calyrex|Max Starfall|p2a: Weavile
|-supereffective|p2a: Weavile
|-end|p2a: Weavile|Substitute
|-fieldstart|move: Misty Terrain
|move|p2a: Weavile|Assist|p2a: Weavile
|move|p2a: Weavile|Spore|p1a: Calyrex|[from]move: Assist
|-activate|p1a: Calyrex|move: Misty Terrain
|
|-heal|p2a: Weavile|29/100|[from] item: Leftovers
|upkeep
|turn|27
|
|t:|1662497574
|move|p1a: Calyrex|Max Starfall|p2a: Weavile
|-supereffective|p2a: Weavile
|-damage|p2a: Weavile|0 fnt
|faint|p2a: Weavile
|-ability|p1a: Calyrex|Grim Neigh|boost
|-boost|p1a: Calyrex|spa|1
|
|upkeep
|
|t:|1662497577
|switch|p2a: Ditto|Ditto|100/100
|-damage|p2a: Ditto|88/100|[from] Stealth Rock
|-transform|p2a: Ditto|p1a: Calyrex|[from] ability: Imposter
|turn|28
|
|t:|1662497579
|-end|p1a: Calyrex|Dynamax
|-heal|p1a: Calyrex|100/100|[silent]
|switch|p1a: Ditto|Ditto|100/100
|move|p2a: Ditto|Astral Barrage|p1a: Ditto
|-immune|p1a: Ditto
|
|upkeep
|turn|29
|
|t:|1662497583
|-start|p2a: Ditto|Dynamax|
|-heal|p2a: Ditto|88/100|[silent]
|move|p2a: Ditto|Max Mindstorm|p1a: Ditto
|-damage|p1a: Ditto|0 fnt
|-fieldstart|move: Psychic Terrain
|faint|p1a: Ditto
|-ability|p2a: Ditto|Grim Neigh|boost
|-boost|p2a: Ditto|spa|1
|
|upkeep
|
|t:|1662497585
|switch|p1a: Calyrex|Calyrex-Shadow|100/100
|-ability|p1a: Calyrex|As One
|-ability|p1a: Calyrex|Unnerve
|turn|30
|
|t:|1662497586
|-end|p2a: Ditto|Dynamax
|-heal|p2a: Ditto|88/100|[silent]
|switch|p2a: Chatot|Chatot, F|100/100
|-damage|p2a: Chatot|76/100|[from] Stealth Rock
|move|p1a: Calyrex|Astral Barrage|p2a: Chatot
|-immune|p2a: Chatot
|
|upkeep
|turn|31
|
|t:|1662497589
|move|p1a: Calyrex|Astral Barrage|p2a: Chatot
|-immune|p2a: Chatot
|move|p2a: Chatot|Chatter|p1a: Calyrex
|-damage|p1a: Calyrex|69/100
|-start|p1a: Calyrex|confusion
|
|upkeep
|turn|32
|-message|Better Alone forfeited.
|
|win|iroeweuio
|raw|Better Alone's rating: 1759 &rarr; <strong>1732</strong><br />(-27 for losing)
|raw|iroeweuio's rating: 1631 &rarr; <strong>1658</strong><br />(+27 for winning)
|l|☆Better Alone
||Ladder isn't responding, score probably updated but might not have (Request timeout).
