|j|☆Determewnation
|j|☆amnael1
|t:|1657063744
|gametype|singles
|player|p1|Determewnation|2|1616
|player|p2|amnael1|dawn|1857
|teamsize|p1|6
|teamsize|p2|6
|gen|8
|tier|[Gen 8] National Dex AG
|rated|
|rule|HP Percentage Mod: HP is shown in percentages
|rule|Endless Battle Clause: Forcing endless battles is banned
|clearpoke
|poke|p1|Gourgeist-*, F|
|poke|p1|Diancie|
|poke|p1|Manaphy|
|poke|p1|Groudon|
|poke|p1|Yveltal|
|poke|p1|Mew|
|poke|p2|Smeargle, M|
|poke|p2|Groudon|
|poke|p2|Espeon, M|
|poke|p2|Rayquaza|
|poke|p2|Xerneas-*|
|poke|p2|Zacian-*|
|teampreview
|
|t:|1657063749
|start
|switch|p1a: Diancie|Diancie|100/100
|switch|p2a: Groudon|Groudon|100/100
|detailschange|p2a: Groudon|Groudon-Primal
|-primal|p2a: Groudon
|-weather|DesolateLand|[from] ability: Desolate Land|[of] p2a: Groudon
|turn|1
|
|t:|1657063763
|detailschange|p1a: Diancie|Diancie-Mega
|-mega|p1a: Diancie|Diancie|Diancite
|move|p1a: Diancie|Earth Power|p2a: Groudon
|-supereffective|p2a: Groudon
|-damage|p2a: Groudon|27/100
|move|p2a: Groudon|Earthquake|p1a: Diancie
|-supereffective|p1a: Diancie
|-damage|p1a: Diancie|0 fnt
|faint|p1a: Diancie
|
|-weather|DesolateLand|[upkeep]
|upkeep
|inactive|Battle timer is ON: inactive players will automatically lose when time's up. (requested by amnael1)
|
|t:|1657063775
|switch|p1a: Groudon|Groudon|100/100
|detailschange|p1a: Groudon|Groudon-Primal
|-primal|p1a: Groudon
|turn|2
|
|t:|1657063780
|move|p2a: Groudon|Earthquake|p1a: Groudon
|-supereffective|p1a: Groudon
|-damage|p1a: Groudon|15/100
|move|p1a: Groudon|Precipice Blades|p2a: Groudon
|-supereffective|p2a: Groudon
|-crit|p2a: Groudon
|-damage|p2a: Groudon|0 fnt
|faint|p2a: Groudon
|
|-weather|DesolateLand|[upkeep]
|upkeep
|
|t:|1657063786
|switch|p2a: Espeon|Espeon, M|100/100
|turn|3
|
|t:|1657063789
|move|p2a: Espeon|Psychic|p1a: Groudon
|-damage|p1a: Groudon|0 fnt
|faint|p1a: Groudon
|-weather|none
|
|upkeep
|
|t:|1657063791
|switch|p1a: Yveltal|Yveltal|100/100
|-ability|p1a: Yveltal|Dark Aura
|turn|4
|
|t:|1657063795
|move|p1a: Yveltal|U-turn|p2a: Espeon
|-supereffective|p2a: Espeon
|-damage|p2a: Espeon|2/100
|
|t:|1657063803
|switch|p1a: Mew|Mew, shiny|100/100|[from]move: U-turn
|move|p2a: Espeon|Yawn|p1a: Mew
|-start|p1a: Mew|move: Yawn|[of] p2a: Espeon
|
|upkeep
|turn|5
|
|t:|1657063811
|switch|p1a: Yveltal|Yveltal|100/100
|-ability|p1a: Yveltal|Dark Aura
|move|p2a: Espeon|Baton Pass|p2a: Espeon
|
|t:|1657063813
|switch|p2a: Smeargle|Smeargle, M|100/100|[from]move: Baton Pass
|
|-ability|p2a: Smeargle|Moody|boost
|-boost|p2a: Smeargle|spa|2
|-unboost|p2a: Smeargle|def|1
|upkeep
|turn|6
|
|t:|1657063820
|move|p2a: Smeargle|Spiky Shield|p2a: Smeargle
|-singleturn|p2a: Smeargle|move: Protect
|move|p1a: Yveltal|U-turn|p2a: Smeargle
|-activate|p2a: Smeargle|move: Protect
|-damage|p1a: Yveltal|88/100|[from] Spiky Shield|[of] p2a: Smeargle
|
|-ability|p2a: Smeargle|Moody|boost
|-boost|p2a: Smeargle|def|2
|-unboost|p2a: Smeargle|spe|1
|upkeep
|turn|7
|
|t:|1657063825
|move|p1a: Yveltal|U-turn|p2a: Smeargle
|-damage|p2a: Smeargle|62/100
|
|t:|1657063827
|switch|p1a: Gourgeist|Gourgeist-Super, F, shiny|100/100|[from]move: U-turn
|-item|p2a: Smeargle|Focus Sash|[from] ability: Frisk|[of] p1a: Gourgeist|[identify]
|move|p2a: Smeargle|Shift Gear|p2a: Smeargle
|-boost|p2a: Smeargle|spe|2
|-boost|p2a: Smeargle|atk|1
|
|-ability|p2a: Smeargle|Moody|boost
|-boost|p2a: Smeargle|spd|2
|-unboost|p2a: Smeargle|spa|1
|upkeep
|turn|8
|
|t:|1657063838
|move|p2a: Smeargle|Shift Gear|p2a: Smeargle
|-boost|p2a: Smeargle|spe|2
|-boost|p2a: Smeargle|atk|1
|move|p1a: Gourgeist|Will-O-Wisp|p2a: Smeargle
|-status|p2a: Smeargle|brn
|
|-damage|p2a: Smeargle|56/100 brn|[from] brn
|-ability|p2a: Smeargle|Moody|boost
|-boost|p2a: Smeargle|spa|2
|-unboost|p2a: Smeargle|atk|1
|upkeep
|turn|9
|
|t:|1657063845
|move|p2a: Smeargle|Baton Pass|p2a: Smeargle
|
|t:|1657063846
|switch|p2a: Xerneas|Xerneas|100/100|[from]move: Baton Pass
|-ability|p2a: Xerneas|Fairy Aura
|move|p1a: Gourgeist|Will-O-Wisp|p2a: Xerneas
|-status|p2a: Xerneas|brn
|
|-damage|p2a: Xerneas|94/100 brn|[from] brn
|upkeep
|turn|10
|
|t:|1657063869
|switch|p1a: Yveltal|Yveltal|88/100
|-ability|p1a: Yveltal|Dark Aura
|-start|p2a: Xerneas|Dynamax|
|-heal|p2a: Xerneas|94/100 brn|[silent]
|move|p2a: Xerneas|Max Starfall|p1a: Yveltal
|-supereffective|p1a: Yveltal
|-damage|p1a: Yveltal|0 fnt
|-fieldstart|move: Misty Terrain
|faint|p1a: Yveltal
|
|-damage|p2a: Xerneas|91/100 brn|[from] brn
|upkeep
|
|t:|1657063874
|switch|p1a: Manaphy|Manaphy|100/100
|turn|11
|
|t:|1657063881
|move|p2a: Xerneas|Max Overgrowth|p1a: Manaphy
|-supereffective|p1a: Manaphy
|-enditem|p1a: Manaphy|Focus Sash
|-damage|p1a: Manaphy|1/100
|-fieldstart|move: Grassy Terrain
|move|p1a: Manaphy|Heart Swap|p2a: Xerneas
|-swapboost|p1a: Manaphy|p2a: Xerneas|[from] move: Heart Swap
|
|-heal|p1a: Manaphy|7/100|[from] Grassy Terrain
|-heal|p2a: Xerneas|94/100 brn|[from] Grassy Terrain
|-damage|p2a: Xerneas|91/100 brn|[from] brn
|upkeep
|turn|12
|
|t:|1657063893
|-start|p1a: Manaphy|Dynamax|
|-heal|p1a: Manaphy|7/100|[silent]
|move|p1a: Manaphy|Max Guard|p1a: Manaphy
|-singleturn|p1a: Manaphy|Max Guard
|move|p2a: Xerneas|Max Overgrowth|p1a: Manaphy
|-activate|p1a: Manaphy|move: Max Guard
|
|-heal|p1a: Manaphy|10/100|[from] Grassy Terrain
|-heal|p2a: Xerneas|94/100 brn|[from] Grassy Terrain
|-damage|p2a: Xerneas|91/100 brn|[from] brn
|upkeep
|-end|p2a: Xerneas|Dynamax
|-heal|p2a: Xerneas|91/100 brn|[silent]
|turn|13
|
|t:|1657063897
|move|p1a: Manaphy|Max Geyser|p2a: Xerneas
|-crit|p2a: Xerneas
|-damage|p2a: Xerneas|0 fnt
|-weather|RainDance
|faint|p2a: Xerneas
|
|-weather|RainDance|[upkeep]
|-heal|p1a: Manaphy|13/100|[from] Grassy Terrain
|upkeep
|
|t:|1657063904
|switch|p2a: Espeon|Espeon, M|2/100
|turn|14
|
|t:|1657063907
|move|p1a: Manaphy|Max Geyser|p2a: Espeon
|-damage|p2a: Espeon|0 fnt
|faint|p2a: Espeon
|
|-weather|RainDance|[upkeep]
|-heal|p1a: Manaphy|16/100|[from] Grassy Terrain
|upkeep
|
|t:|1657063909
|switch|p2a: Rayquaza|Rayquaza|100/100
|-ability|p2a: Rayquaza|Air Lock
|-end|p1a: Manaphy|Dynamax
|-heal|p1a: Manaphy|16/100|[silent]
|turn|15
|
|t:|1657063914
|detailschange|p2a: Rayquaza|Rayquaza-Mega
|-mega|p2a: Rayquaza|Rayquaza|
|-weather|DeltaStream|[from] ability: Delta Stream|[of] p2a: Rayquaza
|move|p1a: Manaphy|Ice Beam|p2a: Rayquaza
|-activate||deltastream
|-supereffective|p2a: Rayquaza
|-enditem|p2a: Rayquaza|Focus Sash
|-damage|p2a: Rayquaza|1/100
|move|p2a: Rayquaza|Dragon Ascent|p1a: Manaphy
|-damage|p1a: Manaphy|0 fnt
|-unboost|p2a: Rayquaza|def|1
|-unboost|p2a: Rayquaza|spd|1
|faint|p1a: Manaphy
|
|-weather|DeltaStream|[upkeep]
|-fieldend|move: Grassy Terrain
|upkeep
|
|t:|1657063936
|switch|p1a: Mew|Mew, shiny|100/100
|turn|16
|
|t:|1657063941
|move|p2a: Rayquaza|Dragon Ascent|p1a: Mew
|-damage|p1a: Mew|28/100
|-unboost|p2a: Rayquaza|def|1
|-unboost|p2a: Rayquaza|spd|1
|-zpower|p1a: Mew
|move|p1a: Mew|Z-Transform|p2a: Rayquaza|[anim]Transform
|-heal|p1a: Mew|100/100|[zeffect]
|-transform|p1a: Mew|p2a: Rayquaza
|
|-weather|DeltaStream|[upkeep]
|upkeep
|turn|17
|
|t:|1657063946
|move|p1a: Mew|Extreme Speed|p2a: Rayquaza
|-damage|p2a: Rayquaza|0 fnt
|faint|p2a: Rayquaza
|
|-weather|DeltaStream|[upkeep]
|upkeep
|
|t:|1657063950
|switch|p2a: Zacian|Zacian-Crowned|100/100
|-ability|p2a: Zacian|Intrepid Sword|boost
|-boost|p2a: Zacian|atk|1
|turn|18
|
|t:|1657063953
|move|p2a: Zacian|Behemoth Blade|p1a: Mew
|-damage|p1a: Mew|0 fnt
|faint|p1a: Mew
|-weather|none
|
|upkeep
|
|t:|1657063956
|switch|p1a: Gourgeist|Gourgeist-Super, F, shiny|100/100
|-item|p2a: Zacian|Rusted Sword|[from] ability: Frisk|[of] p1a: Gourgeist|[identify]
|turn|19
|
|t:|1657063960
|move|p2a: Zacian|Behemoth Blade|p1a: Gourgeist
|-damage|p1a: Gourgeist|46/100
|move|p1a: Gourgeist|Will-O-Wisp|p2a: Zacian
|-status|p2a: Zacian|brn
|
|-heal|p1a: Gourgeist|52/100|[from] item: Leftovers
|-damage|p2a: Zacian|94/100 brn|[from] brn
|upkeep
|turn|20
|
|t:|1657063967
|move|p2a: Zacian|Behemoth Blade|p1a: Gourgeist
|-damage|p1a: Gourgeist|24/100
|move|p1a: Gourgeist|Synthesis|p1a: Gourgeist
|-heal|p1a: Gourgeist|74/100
|
|-heal|p1a: Gourgeist|80/100|[from] item: Leftovers
|-damage|p2a: Zacian|88/100 brn|[from] brn
|upkeep
|turn|21
|
|t:|1657063972
|switch|p2a: Smeargle|Smeargle, M|56/100 brn
|move|p1a: Gourgeist|Poltergeist|p2a: Smeargle
|-immune|p2a: Smeargle
|
|-heal|p1a: Gourgeist|86/100|[from] item: Leftovers
|-damage|p2a: Smeargle|50/100 brn|[from] brn
|-ability|p2a: Smeargle|Moody|boost
|-boost|p2a: Smeargle|spa|2
|-unboost|p2a: Smeargle|atk|1
|upkeep
|turn|22
|
|t:|1657063975
|move|p2a: Smeargle|Shift Gear|p2a: Smeargle
|-boost|p2a: Smeargle|spe|2
|-boost|p2a: Smeargle|atk|1
|move|p1a: Gourgeist|Power Whip|p2a: Smeargle
|-damage|p2a: Smeargle|0 fnt
|faint|p2a: Smeargle
|
|-heal|p1a: Gourgeist|92/100|[from] item: Leftovers
|upkeep
|
|t:|1657063977
|switch|p2a: Zacian|Zacian-Crowned|88/100 brn
|-ability|p2a: Zacian|Intrepid Sword|boost
|-boost|p2a: Zacian|atk|1
|turn|23
|
|t:|1657063980
|move|p2a: Zacian|Play Rough|p1a: Gourgeist|[miss]
|-miss|p2a: Zacian|p1a: Gourgeist
|move|p1a: Gourgeist|Poltergeist|p2a: Zacian
|-activate|p2a: Zacian|move: Poltergeist|Rusted Sword
|-damage|p2a: Zacian|54/100 brn
|
|-heal|p1a: Gourgeist|99/100|[from] item: Leftovers
|-damage|p2a: Zacian|48/100 brn|[from] brn
|upkeep
|turn|24
|
|t:|1657063984
|move|p2a: Zacian|Play Rough|p1a: Gourgeist
|-damage|p1a: Gourgeist|76/100
|move|p1a: Gourgeist|Poltergeist|p2a: Zacian
|-activate|p2a: Zacian|move: Poltergeist|Rusted Sword
|-damage|p2a: Zacian|10/100 brn
|
|-heal|p1a: Gourgeist|82/100|[from] item: Leftovers
|-damage|p2a: Zacian|4/100 brn|[from] brn
|upkeep
|turn|25
|
|t:|1657063988
|move|p2a: Zacian|Play Rough|p1a: Gourgeist
|-damage|p1a: Gourgeist|57/100
|move|p1a: Gourgeist|Synthesis|p1a: Gourgeist
|-heal|p1a: Gourgeist|100/100
|
|-damage|p2a: Zacian|0 fnt|[from] brn
|faint|p2a: Zacian
|
|win|Determewnation
|upkeep
|raw|Determewnation's rating: 1616 &rarr; <strong>1648</strong><br />(+32 for winning)
|raw|amnael1's rating: 1857 &rarr; <strong>1825</strong><br />(-32 for losing)
|l|☆amnael1
