|j|☆RadiationSlayer
|j|☆Better Alone
|t:|1655336026
|gametype|singles
|player|p1|RadiationSlayer|lucas-gen4pt|1653
|player|p2|Better Alone|swimmerf-gen4|1665
|teamsize|p1|6
|teamsize|p2|6
|gen|8
|tier|[Gen 8] National Dex AG
|rated|
|rule|HP Percentage Mod: HP is shown in percentages
|rule|Endless Battle Clause: Forcing endless battles is banned
|clearpoke
|poke|p1|Necrozma-Dusk-Mane|
|poke|p1|Groudon|
|poke|p1|Yveltal|
|poke|p1|Cinderace, M|
|poke|p1|Xerneas-*|
|poke|p1|Zacian-*|
|poke|p2|Calyrex-Shadow|
|poke|p2|Zacian-*|
|poke|p2|Groudon|
|poke|p2|Ho-Oh|
|poke|p2|Diancie|
|poke|p2|Murkrow, M|
|teampreview
|inactive|Battle timer is ON: inactive players will automatically lose when time's up. (requested by RadiationSlayer)
|
|t:|1655336041
|start
|switch|p1a: Groudon|Groudon|100/100
|switch|p2a: Groudon|Groudon|100/100
|detailschange|p2a: Groudon|Groudon-Primal
|-primal|p2a: Groudon
|-weather|DesolateLand|[from] ability: Desolate Land|[of] p2a: Groudon
|detailschange|p1a: Groudon|Groudon-Primal
|-primal|p1a: Groudon
|turn|1
|
|t:|1655336047
|move|p2a: Groudon|Precipice Blades|p1a: Groudon
|-supereffective|p1a: Groudon
|-damage|p1a: Groudon|24/100
|move|p1a: Groudon|Precipice Blades|p2a: Groudon
|-supereffective|p2a: Groudon
|-damage|p2a: Groudon|28/100
|
|-weather|DesolateLand|[upkeep]
|upkeep
|turn|2
|
|t:|1655336051
|switch|p1a: Yveltal|Yveltal|100/100
|-ability|p1a: Yveltal|Dark Aura
|move|p2a: Groudon|Fire Punch|p1a: Yveltal
|-damage|p1a: Yveltal|41/100
|
|-weather|DesolateLand|[upkeep]
|upkeep
|turn|3
|
|t:|1655336059
|move|p1a: Yveltal|Oblivion Wing|p2a: Groudon
|-damage|p2a: Groudon|0 fnt
|-heal|p1a: Yveltal|57/100|[from] drain|[of] p2a: Groudon
|faint|p2a: Groudon
|-weather|none
|
|upkeep
|
|t:|1655336064
|switch|p2a: Diancie|Diancie|100/100
|turn|4
|
|t:|1655336073
|switch|p1a: Groudon|Groudon-Primal|24/100
|-weather|DesolateLand|[from] ability: Desolate Land|[of] p1a: Groudon
|detailschange|p2a: Diancie|Diancie-Mega
|-mega|p2a: Diancie|Diancie|Diancite
|move|p2a: Diancie|Moonblast|p1a: Groudon
|-resisted|p1a: Groudon
|-damage|p1a: Groudon|0 fnt
|faint|p1a: Groudon
|-weather|none
|
|upkeep
|
|t:|1655336076
|switch|p1a: Zacian|Zacian-Crowned|100/100
|-ability|p1a: Zacian|Intrepid Sword|boost
|-boost|p1a: Zacian|atk|1
|turn|5
|
|t:|1655336081
|switch|p2a: Ho-Oh|Ho-Oh|100/100
|move|p1a: Zacian|Behemoth Blade|p2a: Ho-Oh
|-resisted|p2a: Ho-Oh
|-damage|p2a: Ho-Oh|59/100
|
|upkeep
|turn|6
|
|t:|1655336091
|switch|p1a: Yveltal|Yveltal|57/100
|-ability|p1a: Yveltal|Dark Aura
|switch|p2a: Murkrow|Murkrow, M|100/100
|
|upkeep
|turn|7
|
|t:|1655336099
|switch|p2a: Diancie|Diancie-Mega|100/100
|move|p1a: Yveltal|Oblivion Wing|p2a: Diancie
|-resisted|p2a: Diancie
|-damage|p2a: Diancie|76/100
|-heal|p1a: Yveltal|67/100|[from] drain|[of] p2a: Diancie
|
|upkeep
|turn|8
|
|t:|1655336102
|switch|p1a: Zacian|Zacian-Crowned|100/100
|-ability|p1a: Zacian|Intrepid Sword|boost
|-boost|p1a: Zacian|atk|1
|move|p2a: Diancie|Mystical Fire|p1a: Zacian
|-supereffective|p1a: Zacian
|-damage|p1a: Zacian|46/100
|-unboost|p1a: Zacian|spa|1
|
|upkeep
|turn|9
|
|t:|1655336109
|move|p1a: Zacian|Behemoth Blade|p2a: Diancie
|-supereffective|p2a: Diancie
|-damage|p2a: Diancie|0 fnt
|faint|p2a: Diancie
|
|upkeep
|
|t:|1655336111
|switch|p2a: Calyrex|Calyrex-Shadow|100/100
|-ability|p2a: Calyrex|As One
|-ability|p2a: Calyrex|Unnerve
|turn|10
|
|t:|1655336119
|switch|p1a: Yveltal|Yveltal|67/100
|-ability|p1a: Yveltal|Dark Aura
|-start|p2a: Calyrex|Dynamax|
|-heal|p2a: Calyrex|100/100|[silent]
|move|p2a: Calyrex|Max Phantasm|p1a: Yveltal
|-resisted|p1a: Yveltal
|-damage|p1a: Yveltal|47/100
|-unboost|p1a: Yveltal|def|1
|
|upkeep
|turn|11
|
|t:|1655336124
|move|p2a: Calyrex|Max Strike|p1a: Yveltal
|-damage|p1a: Yveltal|21/100
|-unboost|p1a: Yveltal|spe|1
|move|p1a: Yveltal|Dark Pulse|p2a: Calyrex
|-supereffective|p2a: Calyrex
|-damage|p2a: Calyrex|3/100
|
|upkeep
|turn|12
|
|t:|1655336148
|move|p2a: Calyrex|Max Strike|p1a: Yveltal
|-damage|p1a: Yveltal|0 fnt
|faint|p1a: Yveltal
|-ability|p2a: Calyrex|Grim Neigh|boost
|-boost|p2a: Calyrex|spa|1
|
|upkeep
|
|t:|1655336150
|switch|p1a: Cinderace|Cinderace, M|100/100
|-end|p2a: Calyrex|Dynamax
|-heal|p2a: Calyrex|3/100|[silent]
|turn|13
|
|t:|1655336157
|switch|p2a: Zacian|Zacian-Crowned|100/100
|-ability|p2a: Zacian|Intrepid Sword|boost
|-boost|p2a: Zacian|atk|1
|move|p1a: Cinderace|Sucker Punch||[still]
|-fail|p1a: Cinderace
|
|upkeep
|turn|14
|
|t:|1655336167
|move|p2a: Zacian|Behemoth Blade|p1a: Cinderace
|-resisted|p1a: Cinderace
|-damage|p1a: Cinderace|36/100
|move|p1a: Cinderace|Pyro Ball|p2a: Zacian
|-supereffective|p2a: Zacian
|-damage|p2a: Zacian|0 fnt
|faint|p2a: Zacian
|
|upkeep
|
|t:|1655336172
|switch|p2a: Calyrex|Calyrex-Shadow|3/100
|-ability|p2a: Calyrex|As One
|-ability|p2a: Calyrex|Unnerve
|turn|15
|
|t:|1655336177
|switch|p2a: Ho-Oh|Ho-Oh|92/100
|move|p1a: Cinderace|Sucker Punch||[still]
|-fail|p1a: Cinderace
|
|upkeep
|turn|16
|
|t:|1655336181
|move|p1a: Cinderace|Pyro Ball|p2a: Ho-Oh
|-resisted|p2a: Ho-Oh
|-damage|p2a: Ho-Oh|65/100
|move|p2a: Ho-Oh|Sacred Fire|p1a: Cinderace
|-resisted|p1a: Cinderace
|-damage|p1a: Cinderace|6/100
|
|upkeep
|turn|17
|
|t:|1655336186
|switch|p1a: Zacian|Zacian-Crowned|46/100
|-ability|p1a: Zacian|Intrepid Sword|boost
|-boost|p1a: Zacian|atk|1
|move|p2a: Ho-Oh|Sacred Fire|p1a: Zacian
|-supereffective|p1a: Zacian
|-damage|p1a: Zacian|0 fnt
|faint|p1a: Zacian
|
|upkeep
|
|t:|1655336190
|switch|p1a: Nebby|Necrozma-Dusk-Mane|100/100
|turn|18
|
|t:|1655336194
|move|p1a: Nebby|Dragon Dance|p1a: Nebby
|-boost|p1a: Nebby|atk|1
|-boost|p1a: Nebby|spe|1
|move|p2a: Ho-Oh|Sacred Fire|p1a: Nebby
|-supereffective|p1a: Nebby
|-damage|p1a: Nebby|57/100
|-status|p1a: Nebby|brn
|-enditem|p1a: Nebby|Weakness Policy
|-boost|p1a: Nebby|atk|2|[from] item: Weakness Policy
|-boost|p1a: Nebby|spa|2|[from] item: Weakness Policy
|
|-damage|p1a: Nebby|51/100 brn|[from] brn
|upkeep
|turn|19
|
|t:|1655336201
|move|p1a: Nebby|Photon Geyser|p2a: Ho-Oh
|-damage|p2a: Ho-Oh|2/100
|move|p2a: Ho-Oh|Sacred Fire|p1a: Nebby
|-supereffective|p1a: Nebby
|-damage|p1a: Nebby|3/100 brn
|
|-damage|p1a: Nebby|0 fnt|[from] brn
|faint|p1a: Nebby
|upkeep
|
|t:|1655336205
|switch|p1a: Cinderace|Cinderace, M|6/100
|turn|20
|
|t:|1655336216
|switch|p2a: Murkrow|Murkrow, M|100/100
|move|p1a: Cinderace|Pyro Ball|p2a: Murkrow
|-enditem|p2a: Murkrow|Focus Sash
|-damage|p2a: Murkrow|1/100
|
|upkeep
|turn|21
|
|t:|1655336223
|move|p2a: Murkrow|Tailwind|p2a: Murkrow
|-sidestart|p2: Better Alone|move: Tailwind
|move|p1a: Cinderace|Pyro Ball|p2a: Murkrow
|-damage|p2a: Murkrow|0 fnt
|faint|p2a: Murkrow
|
|upkeep
|
|t:|1655336226
|switch|p2a: Ho-Oh|Ho-Oh|36/100
|turn|22
|
|t:|1655336234
|switch|p2a: Calyrex|Calyrex-Shadow|3/100
|-ability|p2a: Calyrex|As One
|-ability|p2a: Calyrex|Unnerve
|move|p1a: Cinderace|Sucker Punch||[still]
|-fail|p1a: Cinderace
|
|upkeep
|turn|23
|
|t:|1655336243
|switch|p2a: Ho-Oh|Ho-Oh|69/100
|move|p1a: Cinderace|Sucker Punch||[still]
|-fail|p1a: Cinderace
|
|upkeep
|turn|24
|
|t:|1655336251
|move|p1a: Cinderace|Sucker Punch|p2a: Ho-Oh
|-start|p1a: Cinderace|typechange|Dark|[from] ability: Libero
|-damage|p2a: Ho-Oh|38/100
|move|p2a: Ho-Oh|Brave Bird|p1a: Cinderace
|-damage|p1a: Cinderace|0 fnt
|faint|p1a: Cinderace
|-damage|p2a: Ho-Oh|37/100|[from] Recoil
|
|-sideend|p2: Better Alone|move: Tailwind
|upkeep
|
|t:|1655336253
|switch|p1a: Xerneas|Xerneas|100/100
|-ability|p1a: Xerneas|Fairy Aura
|turn|25
|
|t:|1655336259
|switch|p2a: Calyrex|Calyrex-Shadow|3/100
|-ability|p2a: Calyrex|As One
|-ability|p2a: Calyrex|Unnerve
|move|p1a: Xerneas|Geomancy||[still]
|-prepare|p1a: Xerneas|Geomancy
|-enditem|p1a: Xerneas|Power Herb
|-anim|p1a: Xerneas|Geomancy|p1a: Xerneas
|-boost|p1a: Xerneas|spa|2
|-boost|p1a: Xerneas|spd|2
|-boost|p1a: Xerneas|spe|2
|
|upkeep
|turn|26
|
|t:|1655336265
|move|p1a: Xerneas|Geomancy||[still]
|-prepare|p1a: Xerneas|Geomancy
|move|p2a: Calyrex|Psyshock|p1a: Xerneas
|-damage|p1a: Xerneas|61/100
|
|upkeep
|turn|27
|
|t:|1655336270
|move|p1a: Xerneas|Geomancy|p1a: Xerneas|[from]lockedmove
|-boost|p1a: Xerneas|spa|2
|-boost|p1a: Xerneas|spd|2
|-boost|p1a: Xerneas|spe|2
|move|p2a: Calyrex|Psyshock|p1a: Xerneas
|-damage|p1a: Xerneas|19/100
|
|upkeep
|turn|28
|
|t:|1655336276
|-start|p1a: Xerneas|Dynamax|
|-heal|p1a: Xerneas|19/100|[silent]
|move|p1a: Xerneas|Max Mindstorm|p2a: Calyrex
|-resisted|p2a: Calyrex
|-damage|p2a: Calyrex|0 fnt
|-fieldstart|move: Psychic Terrain
|faint|p2a: Calyrex
|
|upkeep
|
|t:|1655336280
|switch|p2a: Ho-Oh|Ho-Oh|70/100
|turn|29
|
|t:|1655336282
|move|p1a: Xerneas|Max Mindstorm|p2a: Ho-Oh
|-damage|p2a: Ho-Oh|19/100
|move|p2a: Ho-Oh|Brave Bird|p1a: Xerneas
|-damage|p1a: Xerneas|0 fnt
|faint|p1a: Xerneas
|-damage|p2a: Ho-Oh|6/100|[from] Recoil
|
|win|Better Alone
|raw|RadiationSlayer's rating: 1667 &rarr; <strong>1647</strong><br />(-20 for losing)
|raw|Better Alone's rating: 1665 &rarr; <strong>1685</strong><br />(+20 for winning)
|l|☆RadiationSlayer
|c|☆Better Alone|ggwp
||Ladder isn't responding, score probably updated but might not have (Request timeout).
