|j|☆VsP 2969
|j|☆rafrick<
|t:|1649654491
|gametype|singles
|player|p1|VsP 2969|hilbert|1106
|player|p2|rafrick<|juggler|1130
|teamsize|p1|6
|teamsize|p2|3
|gen|8
|tier|[Gen 8] National Dex AG
|rated|
|rule|HP Percentage Mod: HP is shown in percentages
|rule|Endless Battle Clause: Forcing endless battles is banned
|clearpoke
|poke|p1|Deoxys-Speed|
|poke|p1|Deoxys-Speed|
|poke|p1|Eternatus|
|poke|p1|Xerneas-*|
|poke|p1|Necrozma-Dusk-Mane|
|poke|p1|Rayquaza|
|poke|p2|Mew|
|poke|p2|Blaziken, M|
|poke|p2|Kartana|
|teampreview
|inactive|Battle timer is ON: inactive players will automatically lose when time's up. (requested by rafrick<)
|
|t:|1649654500
|start
|switch|p1a: Deoxys|Deoxys-Speed|100/100
|switch|p2a: Mew|Mew|100/100
|-ability|p1a: Deoxys|Pressure
|turn|1
|c|☆rafrick<|oh no legendary spammer
|
|t:|1649654506
|move|p1a: Deoxys|Reflect|p1a: Deoxys
|-sidestart|p1: VsP 2969|Reflect
|move|p2a: Mew|Substitute|p2a: Mew
|-start|p2a: Mew|Substitute
|-damage|p2a: Mew|75/100
|
|-heal|p2a: Mew|82/100|[from] item: Leftovers
|upkeep
|turn|2
|
|t:|1649654512
|move|p1a: Deoxys|Light Screen|p1a: Deoxys
|-sidestart|p1: VsP 2969|move: Light Screen
|move|p2a: Mew|Agility|p2a: Mew
|-boost|p2a: Mew|spe|2
|
|-heal|p2a: Mew|88/100|[from] item: Leftovers
|upkeep
|turn|3
|
|t:|1649654520
|switch|p1a: Necrozma|Necrozma-Dusk-Mane|100/100
|move|p2a: Mew|Baton Pass|p2a: Mew
|
|t:|1649654522
|switch|p2a: Blaziken|Blaziken, M|100/100|[from]move: Baton Pass
|
|upkeep
|turn|4
|
|t:|1649654529
|detailschange|p2a: Blaziken|Blaziken-Mega, M
|-mega|p2a: Blaziken|Blaziken|Blazikenite
|move|p2a: Blaziken|Bulk Up|p2a: Blaziken
|-boost|p2a: Blaziken|atk|1
|-boost|p2a: Blaziken|def|1
|move|p1a: Necrozma|Rock Blast|p2a: Blaziken
|-activate|p2a: Blaziken|move: Substitute|[damage]
|-activate|p2a: Blaziken|move: Substitute|[damage]
|-hitcount|p2a: Blaziken|2
|
|-ability|p2a: Blaziken|Speed Boost|boost
|-boost|p2a: Blaziken|spe|1
|upkeep
|turn|5
|
|t:|1649654539
|move|p2a: Blaziken|Bulk Up|p2a: Blaziken
|-boost|p2a: Blaziken|atk|1
|-boost|p2a: Blaziken|def|1
|move|p1a: Necrozma|Rock Blast|p2a: Blaziken
|-activate|p2a: Blaziken|move: Substitute|[damage]
|-end|p2a: Blaziken|Substitute
|-damage|p2a: Blaziken|94/100
|-hitcount|p2a: Blaziken|3
|
|-ability|p2a: Blaziken|Speed Boost|boost
|-boost|p2a: Blaziken|spe|1
|upkeep
|turn|6
|
|t:|1649654554
|move|p2a: Blaziken|Substitute|p2a: Blaziken
|-start|p2a: Blaziken|Substitute
|-damage|p2a: Blaziken|70/100
|move|p1a: Necrozma|Photon Geyser|p2a: Blaziken
|-supereffective|p2a: Blaziken
|-end|p2a: Blaziken|Substitute
|
|-ability|p2a: Blaziken|Speed Boost|boost
|-boost|p2a: Blaziken|spe|1
|upkeep
|turn|7
|
|t:|1649654566
|move|p2a: Blaziken|Baton Pass|p2a: Blaziken
|
|t:|1649654568
|switch|p2a: Mew|Mew|88/100|[from]move: Baton Pass
|move|p1a: Necrozma|Photon Geyser|p2a: Mew
|-resisted|p2a: Mew
|-damage|p2a: Mew|75/100
|
|-heal|p2a: Mew|81/100|[from] item: Leftovers
|upkeep
|turn|8
|
|t:|1649654582
|move|p2a: Mew|Substitute|p2a: Mew
|-start|p2a: Mew|Substitute
|-damage|p2a: Mew|56/100
|move|p1a: Necrozma|Earthquake|p2a: Mew
|-activate|p2a: Mew|move: Substitute|[damage]
|
|-heal|p2a: Mew|62/100|[from] item: Leftovers
|-sideend|p1: VsP 2969|Reflect
|upkeep
|turn|9
|
|t:|1649654592
|move|p2a: Mew|Baton Pass|p2a: Mew
|
|t:|1649654594
|switch|p2a: Kartana|Kartana|100/100|[from]move: Baton Pass
|move|p1a: Necrozma|Rock Blast|p2a: Kartana
|-resisted|p2a: Kartana
|-activate|p2a: Kartana|move: Substitute|[damage]
|-resisted|p2a: Kartana
|-activate|p2a: Kartana|move: Substitute|[damage]
|-hitcount|p2a: Kartana|2
|
|-sideend|p1: VsP 2969|move: Light Screen
|upkeep
|turn|10
|c|☆rafrick<|BE GONE
|
|t:|1649654612
|switch|p1a: Deoxys|Deoxys-Speed|100/100
|-ability|p1a: Deoxys|Pressure
|move|p2a: Kartana|X-Scissor|p1a: Deoxys
|-supereffective|p1a: Deoxys
|-enditem|p1a: Deoxys|Focus Sash
|-damage|p1a: Deoxys|1/100
|
|upkeep
|turn|11
|
|t:|1649654621
|move|p2a: Kartana|X-Scissor|p1a: Deoxys
|-supereffective|p1a: Deoxys
|-damage|p1a: Deoxys|0 fnt
|faint|p1a: Deoxys
|-ability|p2a: Kartana|Beast Boost|boost
|-boost|p2a: Kartana|atk|1
|
|upkeep
|
|t:|1649654634
|switch|p1a: Deoxys|Deoxys-Speed|100/100
|-ability|p1a: Deoxys|Pressure
|turn|12
|
|t:|1649654639
|move|p2a: Kartana|X-Scissor|p1a: Deoxys
|-supereffective|p1a: Deoxys
|-damage|p1a: Deoxys|0 fnt
|faint|p1a: Deoxys
|-ability|p2a: Kartana|Beast Boost|boost
|-boost|p2a: Kartana|atk|1
|
|upkeep
|
|t:|1649654655
|switch|p1a: Rayquaza|Rayquaza|100/100
|-ability|p1a: Rayquaza|Air Lock
|turn|13
|
|t:|1649654659
|move|p1a: Rayquaza|Extreme Speed|p2a: Kartana
|-resisted|p2a: Kartana
|-end|p2a: Kartana|Substitute
|move|p2a: Kartana|Smart Strike|p1a: Rayquaza
|-damage|p1a: Rayquaza|0 fnt
|faint|p1a: Rayquaza
|-ability|p2a: Kartana|Beast Boost|boost
|-boost|p2a: Kartana|atk|1
|
|upkeep
|
|t:|1649654675
|switch|p1a: Xerneas|Xerneas|100/100
|-ability|p1a: Xerneas|Fairy Aura
|turn|14
|
|t:|1649654685
|move|p2a: Kartana|Smart Strike|p1a: Xerneas
|-supereffective|p1a: Xerneas
|-damage|p1a: Xerneas|0 fnt
|faint|p1a: Xerneas
|-ability|p2a: Kartana|Beast Boost|boost
|-boost|p2a: Kartana|atk|1
|
|upkeep
|
|t:|1649654692
|switch|p1a: Necrozma|Necrozma-Dusk-Mane|100/100
|turn|15
|
|t:|1649654699
|move|p2a: Kartana|X-Scissor|p1a: Necrozma
|-damage|p1a: Necrozma|0 fnt
|faint|p1a: Necrozma
|
|upkeep
|
|t:|1649654704
|switch|p1a: Eternatus|Eternatus|100/100
|-ability|p1a: Eternatus|Pressure
|turn|16
|
|t:|1649654713
|-start|p2a: Kartana|Dynamax|
|-heal|p2a: Kartana|100/100|[silent]
|move|p2a: Kartana|Max Steelspike|p1a: Eternatus
|-damage|p1a: Eternatus|0 fnt
|-boost|p2a: Kartana|def|1
|faint|p1a: Eternatus
|
|win|rafrick<
|raw|VsP 2969's rating: 1106 &rarr; <strong>1083</strong><br />(-23 for losing)
|raw|rafrick&lt;'s rating: 1130 &rarr; <strong>1153</strong><br />(+23 for winning)
