|j|☆Pkmn3443
|j|☆Alkir
|t:|1615494463
|player|p1|Pkmn3443|1|1777
|player|p2|Alkir|grimsley|1601
|teamsize|p1|6
|teamsize|p2|6
|gametype|singles
|gen|8
|tier|[Gen 8] National Dex AG
|rated|
|clearpoke
|poke|p1|Zacian-Crowned|
|poke|p1|Necrozma-Dusk-Mane|
|poke|p1|Ditto|
|poke|p1|Ho-Oh|
|poke|p1|Rayquaza|
|poke|p1|Yveltal|
|poke|p2|Zacian-Crowned|
|poke|p2|Xerneas|
|poke|p2|Rayquaza|
|poke|p2|Lugia|
|poke|p2|Marshadow|
|poke|p2|Groudon|
|rule|HP Percentage Mod: HP is shown in percentages
|rule|Endless Battle Clause: Forcing endless battles is banned
|teampreview
|inactive|Battle timer is ON: inactive players will automatically lose when time's up. (requested by Alkir)
|
|t:|1615494473
|start
|switch|p1a: Rayquaza|Rayquaza|100/100
|switch|p2a: Groudon|Groudon|100/100
|-ability|p1a: Rayquaza|Air Lock
|detailschange|p2a: Groudon|Groudon-Primal
|-primal|p2a: Groudon
|-weather|DesolateLand|[from] ability: Desolate Land|[of] p2a: Groudon
|turn|1
|
|t:|1615494495
|detailschange|p1a: Rayquaza|Rayquaza-Mega
|-mega|p1a: Rayquaza|Rayquaza|
|-weather|DeltaStream|[from] ability: Delta Stream|[of] p1a: Rayquaza
|move|p1a: Rayquaza|Draco Meteor|p2a: Groudon
|-damage|p2a: Groudon|38/100
|-unboost|p1a: Rayquaza|spa|2
|-damage|p1a: Rayquaza|91/100|[from] item: Life Orb
|move|p2a: Groudon|Stealth Rock|p1a: Rayquaza
|-sidestart|p1: Pkmn3443|move: Stealth Rock
|
|-weather|DeltaStream|[upkeep]
|upkeep
|turn|2
|
|t:|1615494505
|move|p1a: Rayquaza|Dragon Ascent|p2a: Groudon
|-damage|p2a: Groudon|0 fnt
|-unboost|p1a: Rayquaza|def|1
|-unboost|p1a: Rayquaza|spd|1
|-damage|p1a: Rayquaza|81/100|[from] item: Life Orb
|faint|p2a: Groudon
|
|-weather|DeltaStream|[upkeep]
|upkeep
|
|t:|1615494513
|switch|p2a: Rayquaza|Rayquaza|100/100
|-ability|p2a: Rayquaza|Air Lock
|turn|3
|
|t:|1615494519
|-weather|none
|switch|p1a: Necrozma|Necrozma-Dusk-Mane|100/100
|-damage|p1a: Necrozma|94/100|[from] Stealth Rock
|detailschange|p2a: Rayquaza|Rayquaza-Mega
|-mega|p2a: Rayquaza|Rayquaza|
|-weather|DeltaStream|[from] ability: Delta Stream|[of] p2a: Rayquaza
|move|p2a: Rayquaza|Dragon Ascent|p1a: Necrozma
|-resisted|p1a: Necrozma
|-damage|p1a: Necrozma|70/100
|-unboost|p2a: Rayquaza|def|1
|-unboost|p2a: Rayquaza|spd|1
|-damage|p2a: Rayquaza|84/100|[from] item: Rocky Helmet|[of] p1a: Necrozma
|
|-weather|DeltaStream|[upkeep]
|upkeep
|turn|4
|
|t:|1615494542
|-weather|none
|switch|p2a: Marshadow|Marshadow|100/100
|switch|p1a: Ho-Oh|Ho-Oh|100/100
|
|upkeep
|turn|5
|
|t:|1615494548
|switch|p2a: Lugia|Lugia|100/100
|move|p1a: Ho-Oh|Sacred Fire|p2a: Lugia
|-damage|p2a: Lugia|89/100
|
|upkeep
|turn|6
|
|t:|1615494556
|move|p2a: Lugia|Toxic|p1a: Ho-Oh|[miss]
|-miss|p2a: Lugia|p1a: Ho-Oh
|move|p1a: Ho-Oh|Toxic|p2a: Lugia
|-status|p2a: Lugia|tox
|
|-damage|p2a: Lugia|83/100 tox|[from] psn
|upkeep
|turn|7
|j| Makaai(pokechamp)
|
|t:|1615494568
|move|p2a: Lugia|Toxic|p1a: Ho-Oh
|-status|p1a: Ho-Oh|tox
|move|p1a: Ho-Oh|Defog|p2a: Lugia
|-unboost|p2a: Lugia|evasion|1
|-sideend|p1: Pkmn3443|Stealth Rock|[from] move: Defog|[of] p1a: Ho-Oh
|
|-damage|p2a: Lugia|71/100 tox|[from] psn
|-damage|p1a: Ho-Oh|94/100 tox|[from] psn
|upkeep
|turn|8
|
|t:|1615494587
|switch|p2a: Rayquaza|Rayquaza-Mega|84/100
|-weather|DeltaStream|[from] ability: Delta Stream|[of] p2a: Rayquaza
|switch|p1a: Necrozma|Necrozma-Dusk-Mane|70/100
|
|-weather|DeltaStream|[upkeep]
|upkeep
|turn|9
|
|t:|1615494598
|-start|p1a: Necrozma|Dynamax
|-heal|p1a: Necrozma|70/100|[silent]
|move|p2a: Rayquaza|V-create|p1a: Necrozma
|-supereffective|p1a: Necrozma
|-damage|p1a: Necrozma|33/100
|-unboost|p2a: Rayquaza|spe|1
|-unboost|p2a: Rayquaza|def|1
|-unboost|p2a: Rayquaza|spd|1
|-damage|p2a: Rayquaza|67/100|[from] item: Rocky Helmet|[of] p1a: Necrozma
|move|p1a: Necrozma|Max Steelspike|p2a: Rayquaza
|-damage|p2a: Rayquaza|0 fnt
|-boost|p1a: Necrozma|def|1
|faint|p2a: Rayquaza
|-weather|none
|
|upkeep
|
|t:|1615494607
|switch|p2a: Marshadow|Marshadow|100/100
|turn|10
|
|t:|1615494615
|move|p2a: Marshadow|Spectral Thief||[still]
|-clearpositiveboost|p1a: Necrozma|p2a: Marshadow|move: Spectral Thief
|-boost|p2a: Marshadow|def|1
|-anim|p2a: Marshadow|Spectral Thief|p1a: Necrozma
|-supereffective|p1a: Necrozma
|-damage|p1a: Necrozma|15/100
|-damage|p2a: Marshadow|84/100|[from] item: Rocky Helmet|[of] p1a: Necrozma
|move|p1a: Necrozma|Max Steelspike|p2a: Marshadow
|-damage|p2a: Marshadow|17/100
|-boost|p1a: Necrozma|def|1
|
|upkeep
|turn|11
|
|t:|1615494627
|move|p2a: Marshadow|Spectral Thief||[still]
|-clearpositiveboost|p1a: Necrozma|p2a: Marshadow|move: Spectral Thief
|-boost|p2a: Marshadow|def|1
|-anim|p2a: Marshadow|Spectral Thief|p1a: Necrozma
|-supereffective|p1a: Necrozma
|-damage|p1a: Necrozma|0 fnt
|-damage|p2a: Marshadow|1/100|[from] item: Rocky Helmet|[of] p1a: Necrozma
|faint|p1a: Necrozma
|
|upkeep
|
|t:|1615494632
|switch|p1a: Ditto|Ditto|100/100
|-transform|p1a: Ditto|p2a: Marshadow|[from] ability: Imposter
|turn|12
|
|t:|1615494644
|move|p2a: Marshadow|Shadow Sneak|p1a: Ditto
|-supereffective|p1a: Ditto
|-damage|p1a: Ditto|56/100
|move|p1a: Ditto|Spectral Thief||[still]
|-clearpositiveboost|p2a: Marshadow|p1a: Ditto|move: Spectral Thief
|-boost|p1a: Ditto|def|2
|-anim|p1a: Ditto|Spectral Thief|p2a: Marshadow
|-supereffective|p2a: Marshadow
|-damage|p2a: Marshadow|0 fnt
|faint|p2a: Marshadow
|
|upkeep
|
|t:|1615494649
|switch|p2a: Zacian|Zacian-Crowned|100/100
|-ability|p2a: Zacian|Intrepid Sword|boost
|-boost|p2a: Zacian|atk|1
|turn|13
|
|t:|1615494662
|switch|p1a: Zacian|Zacian-Crowned|100/100
|-ability|p1a: Zacian|Intrepid Sword|boost
|-boost|p1a: Zacian|atk|1
|move|p2a: Zacian|Play Rough|p1a: Zacian
|-resisted|p1a: Zacian
|-damage|p1a: Zacian|61/100
|
|upkeep
|turn|14
|
|t:|1615494667
|switch|p2a: Lugia|Lugia|71/100 tox
|move|p1a: Zacian|Behemoth Blade|p2a: Lugia
|-damage|p2a: Lugia|21/100 tox
|
|-damage|p2a: Lugia|15/100 tox|[from] psn
|upkeep
|turn|15
|
|t:|1615494670
|move|p1a: Zacian|Behemoth Blade|p2a: Lugia
|-crit|p2a: Lugia
|-damage|p2a: Lugia|0 fnt
|faint|p2a: Lugia
|
|upkeep
|
|t:|1615494676
|switch|p2a: Zacian|Zacian-Crowned|100/100
|-ability|p2a: Zacian|Intrepid Sword|boost
|-boost|p2a: Zacian|atk|1
|turn|16
|
|t:|1615494681
|move|p2a: Zacian|Behemoth Blade|p1a: Zacian
|-crit|p1a: Zacian
|-damage|p1a: Zacian|0 fnt
|faint|p1a: Zacian
|
|upkeep
|
|t:|1615494686
|switch|p1a: Ditto|Ditto|56/100
|-transform|p1a: Ditto|p2a: Zacian|[from] ability: Imposter
|-ability|p1a: Ditto|Intrepid Sword|boost
|-boost|p1a: Ditto|atk|1
|turn|17
|
|t:|1615494693
|move|p1a: Ditto|Behemoth Blade|p2a: Zacian
|-damage|p2a: Zacian|0 fnt
|faint|p2a: Zacian
|
|upkeep
|
|t:|1615494696
|switch|p2a: Xerneas|Xerneas|100/100
|-ability|p2a: Xerneas|Fairy Aura
|turn|18
|
|t:|1615494700
|move|p1a: Ditto|Behemoth Blade|p2a: Xerneas
|-supereffective|p2a: Xerneas
|-damage|p2a: Xerneas|0 fnt
|faint|p2a: Xerneas
|
|win|Pkmn3443
|raw|Pkmn3443's rating: 1778 &rarr; <strong>1786</strong><br />(+8 for winning)
|raw|Alkir's rating: 1595 &rarr; <strong>1585</strong><br />(-10 for losing)
|l|☆Alkir
