|j|☆SamcosmiK
|j|☆RRRRRRRRRRex
|t:|1646038715
|gametype|singles
|player|p1|SamcosmiK|170|1334
|player|p2|RRRRRRRRRRex|266|1441
|teamsize|p1|6
|teamsize|p2|6
|gen|8
|tier|[Gen 8] National Dex AG
|rated|
|rule|HP Percentage Mod: HP is shown in percentages
|rule|Endless Battle Clause: Forcing endless battles is banned
|clearpoke
|poke|p1|Yveltal|
|poke|p1|Giratina-Origin|
|poke|p1|Greninja, M|
|poke|p1|Calyrex-Shadow|
|poke|p1|Zacian-*|
|poke|p1|Xerneas-*|
|poke|p2|Groudon|
|poke|p2|Zygarde|
|poke|p2|Necrozma-Dusk-Mane|
|poke|p2|Yveltal|
|poke|p2|Rayquaza|
|poke|p2|Zacian-*|
|teampreview
|
|t:|1646038740
|start
|switch|p1a: Yveltal|Yveltal|100/100
|switch|p2a: Yveltal|Yveltal|100/100
|-ability|p1a: Yveltal|Dark Aura
|-ability|p2a: Yveltal|Dark Aura
|turn|1
|
|t:|1646038750
|switch|p2a: Zacian|Zacian-Crowned|100/100
|-ability|p2a: Zacian|Intrepid Sword|boost
|-boost|p2a: Zacian|atk|1
|move|p1a: Yveltal|Oblivion Wing|p2a: Zacian
|-resisted|p2a: Zacian
|-damage|p2a: Zacian|82/100
|
|upkeep
|turn|2
|
|t:|1646038768
|move|p2a: Zacian|Behemoth Blade|p1a: Yveltal
|-damage|p1a: Yveltal|21/100
|move|p1a: Yveltal|Dark Pulse|p2a: Zacian
|-resisted|p2a: Zacian
|-damage|p2a: Zacian|57/100
|
|upkeep
|turn|3
|
|t:|1646038782
|move|p2a: Zacian|Behemoth Blade|p1a: Yveltal
|-damage|p1a: Yveltal|0 fnt
|faint|p1a: Yveltal
|
|upkeep
|
|t:|1646038797
|switch|p1a: Calyrex|Calyrex-Shadow|100/100
|-ability|p1a: Calyrex|As One
|-ability|p1a: Calyrex|Unnerve
|turn|4
|inactive|Battle timer is ON: inactive players will automatically lose when time's up. (requested by RRRRRRRRRRex)
|
|t:|1646038810
|switch|p2a: Yveltal|Yveltal|100/100
|-ability|p2a: Yveltal|Dark Aura
|move|p1a: Calyrex|Nasty Plot|p1a: Calyrex
|-boost|p1a: Calyrex|spa|2
|
|upkeep
|turn|5
|inactive|RRRRRRRRRRex has 120 seconds left.
|
|t:|1646038840
|-start|p1a: Calyrex|Dynamax
|-heal|p1a: Calyrex|100/100|[silent]
|move|p1a: Calyrex|Max Phantasm|p2a: Yveltal
|-resisted|p2a: Yveltal
|-damage|p2a: Yveltal|57/100
|-unboost|p2a: Yveltal|def|1
|move|p2a: Yveltal|Toxic|p1a: Calyrex
|-status|p1a: Calyrex|tox
|
|-damage|p1a: Calyrex|97/100 tox|[from] psn
|upkeep
|turn|6
|
|t:|1646038854
|move|p1a: Calyrex|Max Phantasm|p2a: Yveltal
|-resisted|p2a: Yveltal
|-damage|p2a: Yveltal|5/100
|-unboost|p2a: Yveltal|def|1
|move|p2a: Yveltal|Roost|p2a: Yveltal
|-heal|p2a: Yveltal|55/100
|-singleturn|p2a: Yveltal|move: Roost
|
|-damage|p1a: Calyrex|91/100 tox|[from] psn
|upkeep
|turn|7
|
|t:|1646038866
|move|p1a: Calyrex|Max Phantasm|p2a: Yveltal
|-resisted|p2a: Yveltal
|-damage|p2a: Yveltal|8/100
|-unboost|p2a: Yveltal|def|1
|move|p2a: Yveltal|Roost|p2a: Yveltal
|-heal|p2a: Yveltal|58/100
|-singleturn|p2a: Yveltal|move: Roost
|
|-damage|p1a: Calyrex|82/100 tox|[from] psn
|-end|p1a: Calyrex|Dynamax
|-heal|p1a: Calyrex|82/100 tox|[silent]
|upkeep
|turn|8
|
|t:|1646038882
|move|p1a: Calyrex|Astral Barrage|p2a: Yveltal
|-resisted|p2a: Yveltal
|-crit|p2a: Yveltal
|-damage|p2a: Yveltal|0 fnt
|faint|p2a: Yveltal
|-ability|p1a: Calyrex|Grim Neigh|boost
|-boost|p1a: Calyrex|spa|1
|
|-damage|p1a: Calyrex|58/100 tox|[from] psn
|upkeep
|c|☆RRRRRRRRRRex|?
|inactive|RRRRRRRRRRex has 120 seconds left.
|c|☆SamcosmiK|Hmm
|inactive|RRRRRRRRRRex has 90 seconds left.
|
|t:|1646038934
|switch|p2a: Zygarde|Zygarde|100/100
|turn|9
|inactive|RRRRRRRRRRex has 90 seconds left.
|
|t:|1646038946
|-start|p2a: Zygarde|Dynamax
|-heal|p2a: Zygarde|100/100|[silent]
|move|p2a: Zygarde|Max Guard|p2a: Zygarde
|-singleturn|p2a: Zygarde|Max Guard
|move|p1a: Calyrex|Astral Barrage|p2a: Zygarde
|-activate|p2a: Zygarde|move: Max Guard
|
|-damage|p1a: Calyrex|27/100 tox|[from] psn
|upkeep
|turn|10
|
|t:|1646038958
|move|p2a: Zygarde|Max Guard||[still]
|-fail|p2a: Zygarde
|move|p1a: Calyrex|Astral Barrage|p2a: Zygarde
|-damage|p2a: Zygarde|19/100
|
|-heal|p2a: Zygarde|22/100|[from] item: Leftovers
|-damage|p1a: Calyrex|0 fnt|[from] psn
|faint|p1a: Calyrex
|-activate|p2a: Zygarde|ability: Power Construct
|detailschange|p2a: Zygarde|Zygarde-Complete
|-heal|p2a: Zygarde|49/100|[silent]
|upkeep
|
|t:|1646038974
|switch|p1a: Greninja|Greninja, M|100/100
|turn|11
|
|t:|1646038985
|move|p2a: Zygarde|Max Guard|p2a: Zygarde
|-singleturn|p2a: Zygarde|Max Guard
|move|p1a: Greninja|Ice Beam|p2a: Zygarde
|-activate|p2a: Zygarde|move: Max Guard
|
|-heal|p2a: Zygarde|52/100|[from] item: Leftovers
|-end|p2a: Zygarde|Dynamax
|-heal|p2a: Zygarde|52/100|[silent]
|upkeep
|turn|12
|
|t:|1646038994
|switch|p2a: Necrozma|Necrozma-Dusk-Mane|100/100
|move|p1a: Greninja|Ice Beam|p2a: Necrozma
|-resisted|p2a: Necrozma
|-damage|p2a: Necrozma|87/100
|-damage|p1a: Greninja|91/100|[from] item: Life Orb
|
|upkeep
|turn|13
|
|t:|1646039005
|switch|p2a: Zacian|Zacian-Crowned|57/100
|-ability|p2a: Zacian|Intrepid Sword|boost
|-boost|p2a: Zacian|atk|1
|move|p1a: Greninja|Dark Pulse|p2a: Zacian
|-resisted|p2a: Zacian
|-damage|p2a: Zacian|35/100
|-damage|p1a: Greninja|81/100|[from] item: Life Orb
|
|upkeep
|turn|14
|
|t:|1646039021
|switch|p1a: Giratina|Giratina-Origin|100/100
|move|p2a: Zacian|Close Combat|p1a: Giratina
|-immune|p1a: Giratina
|
|upkeep
|turn|15
|
|t:|1646039035
|switch|p2a: Groudon|Groudon|100/100
|detailschange|p2a: Groudon|Groudon-Primal
|-primal|p2a: Groudon
|-weather|DesolateLand|[from] ability: Desolate Land|[of] p2a: Groudon
|move|p1a: Giratina|Earth Power|p2a: Groudon
|-supereffective|p2a: Groudon
|-damage|p2a: Groudon|43/100
|
|-weather|DesolateLand|[upkeep]
|upkeep
|turn|16
|
|t:|1646039049
|move|p2a: Groudon|Toxic|p1a: Giratina
|-status|p1a: Giratina|tox
|move|p1a: Giratina|Toxic|p2a: Groudon
|-status|p2a: Groudon|tox
|
|-weather|DesolateLand|[upkeep]
|-damage|p2a: Groudon|37/100 tox|[from] psn
|-damage|p1a: Giratina|94/100 tox|[from] psn
|upkeep
|turn|17
|inactive|RRRRRRRRRRex has 120 seconds left.
|
|t:|1646039059
|move|p2a: Groudon|Stone Edge|p1a: Giratina
|-damage|p1a: Giratina|71/100 tox
|move|p1a: Giratina|Hex|p2a: Groudon
|-damage|p2a: Groudon|0 fnt
|faint|p2a: Groudon
|-weather|none
|
|-damage|p1a: Giratina|59/100 tox|[from] psn
|upkeep
|
|t:|1646039066
|switch|p2a: Zacian|Zacian-Crowned|35/100
|-ability|p2a: Zacian|Intrepid Sword|boost
|-boost|p2a: Zacian|atk|1
|turn|18
|
|t:|1646039076
|move|p2a: Zacian|Behemoth Blade|p1a: Giratina
|-damage|p1a: Giratina|4/100 tox
|move|p1a: Giratina|Hex|p2a: Zacian
|-damage|p2a: Zacian|1/100
|
|-damage|p1a: Giratina|0 fnt|[from] psn
|faint|p1a: Giratina
|upkeep
|
|t:|1646039090
|switch|p1a: Zacian|Zacian-Crowned, shiny|100/100
|-ability|p1a: Zacian|Intrepid Sword|boost
|-boost|p1a: Zacian|atk|1
|turn|19
|
|t:|1646039106
|move|p2a: Zacian|Behemoth Blade|p1a: Zacian
|-damage|p1a: Zacian|6/100
|move|p1a: Zacian|Play Rough|p2a: Zacian|[miss]
|-miss|p1a: Zacian|p2a: Zacian
|
|upkeep
|turn|20
|
|t:|1646039114
|move|p2a: Zacian|Behemoth Blade|p1a: Zacian
|-damage|p1a: Zacian|0 fnt
|faint|p1a: Zacian
|
|upkeep
|
|t:|1646039129
|switch|p1a: Greninja|Greninja, M|81/100
|turn|21
|
|t:|1646039151
|switch|p2a: Rayquaza|Rayquaza|100/100
|-ability|p2a: Rayquaza|Air Lock
|move|p1a: Greninja|Water Shuriken|p2a: Rayquaza
|-resisted|p2a: Rayquaza
|-damage|p2a: Rayquaza|96/100
|-resisted|p2a: Rayquaza
|-damage|p2a: Rayquaza|91/100
|-resisted|p2a: Rayquaza
|-damage|p2a: Rayquaza|87/100
|-resisted|p2a: Rayquaza
|-damage|p2a: Rayquaza|82/100
|-resisted|p2a: Rayquaza
|-damage|p2a: Rayquaza|77/100
|-hitcount|p2a: Rayquaza|5
|-damage|p1a: Greninja|71/100|[from] item: Life Orb
|
|upkeep
|turn|22
|
|t:|1646039168
|detailschange|p2a: Rayquaza|Rayquaza-Mega
|-mega|p2a: Rayquaza|Rayquaza|
|-weather|DeltaStream|[from] ability: Delta Stream|[of] p2a: Rayquaza
|move|p2a: Rayquaza|Extreme Speed|p1a: Greninja
|-damage|p1a: Greninja|0 fnt
|faint|p1a: Greninja
|
|-weather|DeltaStream|[upkeep]
|upkeep
|
|t:|1646039177
|switch|p1a: Xerneas|Xerneas|100/100
|-ability|p1a: Xerneas|Fairy Aura
|turn|23
|
|t:|1646039191
|move|p2a: Rayquaza|Extreme Speed|p1a: Xerneas
|-damage|p1a: Xerneas|50/100
|move|p1a: Xerneas|Geomancy||[still]
|-prepare|p1a: Xerneas|Geomancy
|-enditem|p1a: Xerneas|Power Herb
|-anim|p1a: Xerneas|Geomancy|p1a: Xerneas
|-boost|p1a: Xerneas|spa|2
|-boost|p1a: Xerneas|spd|2
|-boost|p1a: Xerneas|spe|2
|
|-weather|DeltaStream|[upkeep]
|upkeep
|turn|24
|
|t:|1646039203
|move|p2a: Rayquaza|Extreme Speed|p1a: Xerneas
|-damage|p1a: Xerneas|0 fnt
|faint|p1a: Xerneas
|
|win|RRRRRRRRRRex
|raw|SamcosmiK's rating: 1334 &rarr; <strong>1320</strong><br />(-14 for losing)
|raw|RRRRRRRRRRex's rating: 1441 &rarr; <strong>1455</strong><br />(+14 for winning)
|l|☆SamcosmiK
