|j|☆Testing Teams 596
|j|☆KingOfAG2
|t:|1655660202
|gametype|singles
|player|p1|Testing Teams 596|schoolkid-gen4dp|
|player|p2|KingOfAG2|burglar|
|teamsize|p1|6
|teamsize|p2|6
|gen|8
|tier|[Gen 8] National Dex AG
|rule|HP Percentage Mod: HP is shown in percentages
|rule|Endless Battle Clause: Forcing endless battles is banned
|clearpoke
|poke|p1|Mew|
|poke|p1|Groudon|
|poke|p1|Stakataka|
|poke|p1|Stakataka|
|poke|p1|Rayquaza|
|poke|p1|Lunala|
|poke|p2|Rayquaza|
|poke|p2|Arceus-*|
|poke|p2|Ditto|
|poke|p2|Lugia|
|poke|p2|Yveltal|
|poke|p2|Groudon|
|teampreview
|inactive|Battle timer is ON: inactive players will automatically lose when time's up. (requested by Testing Teams 596)
|c|☆KingOfAG2|fuck no
|c|☆KingOfAG2|tr
|inactive|KingOfAG2 has 270 seconds left.
|
|t:|1655660239
|start
|switch|p1a: Mew|Mew|100/100
|switch|p2a: Yveltal|Yveltal|100/100
|-ability|p2a: Yveltal|Dark Aura
|turn|1
|
|t:|1655660249
|move|p1a: Mew|Magic Coat|p1a: Mew
|-singleturn|p1a: Mew|move: Magic Coat
|move|p2a: Yveltal|Dark Pulse|p1a: Mew
|-supereffective|p1a: Mew
|-damage|p1a: Mew|14/100
|-damage|p2a: Yveltal|91/100|[from] item: Life Orb
|
|upkeep
|turn|2
|
|t:|1655660254
|move|p2a: Yveltal|Oblivion Wing|p1a: Mew
|-damage|p1a: Mew|0 fnt
|-heal|p2a: Yveltal|100/100|[from] drain|[of] p1a: Mew
|faint|p1a: Mew
|-damage|p2a: Yveltal|91/100|[from] item: Life Orb
|
|upkeep
|
|t:|1655660258
|switch|p1a: Rayquaza|Rayquaza|100/100
|-ability|p1a: Rayquaza|Air Lock
|turn|3
|c|☆KingOfAG2|gottem
|
|t:|1655660263
|switch|p2a: Snaggy hoes|Lugia, shiny|100/100
|detailschange|p1a: Rayquaza|Rayquaza-Mega
|-mega|p1a: Rayquaza|Rayquaza|
|-weather|DeltaStream|[from] ability: Delta Stream|[of] p1a: Rayquaza
|move|p1a: Rayquaza|Dragon Ascent|p2a: Snaggy hoes
|-damage|p2a: Snaggy hoes|81/100
|-unboost|p1a: Rayquaza|def|1
|-unboost|p1a: Rayquaza|spd|1
|
|-weather|DeltaStream|[upkeep]
|upkeep
|turn|4
|
|t:|1655660267
|-weather|none
|switch|p1a: Groudon|Groudon|100/100
|detailschange|p1a: Groudon|Groudon-Primal
|-primal|p1a: Groudon
|-weather|DesolateLand|[from] ability: Desolate Land|[of] p1a: Groudon
|move|p2a: Snaggy hoes|Roost|p2a: Snaggy hoes
|-heal|p2a: Snaggy hoes|100/100
|-singleturn|p2a: Snaggy hoes|move: Roost
|
|-weather|DesolateLand|[upkeep]
|upkeep
|turn|5
|
|t:|1655660272
|-weather|none
|switch|p1a: Stakataka|Stakataka|100/100
|-item|p1a: Stakataka|Air Balloon
|move|p2a: Snaggy hoes|Toxic|p1a: Stakataka
|-immune|p1a: Stakataka
|
|upkeep
|turn|6
|
|t:|1655660288
|move|p2a: Snaggy hoes|Whirlwind|p1a: Stakataka
|drag|p1a: Lunala|Lunala|100/100
|
|upkeep
|turn|7
|
|t:|1655660292
|switch|p1a: Stakataka|Stakataka|100/100
|-item|p1a: Stakataka|Air Balloon
|move|p2a: Snaggy hoes|Toxic|p1a: Stakataka
|-immune|p1a: Stakataka
|
|upkeep
|turn|8
|
|t:|1655660295
|switch|p2a: Flight Reacts|Groudon, shiny|100/100
|detailschange|p2a: Flight Reacts|Groudon-Primal, shiny
|-primal|p2a: Flight Reacts
|-weather|DesolateLand|[from] ability: Desolate Land|[of] p2a: Flight Reacts
|move|p1a: Stakataka|Rock Blast|p2a: Flight Reacts
|-damage|p2a: Flight Reacts|91/100
|-damage|p2a: Flight Reacts|82/100
|-damage|p2a: Flight Reacts|72/100
|-damage|p2a: Flight Reacts|63/100
|-crit|p2a: Flight Reacts
|-damage|p2a: Flight Reacts|49/100
|-hitcount|p2a: Flight Reacts|5
|
|-weather|DesolateLand|[upkeep]
|upkeep
|turn|9
|
|t:|1655660302
|move|p2a: Flight Reacts|Eruption|p1a: Stakataka
|-damage|p1a: Stakataka|30/100
|-enditem|p1a: Stakataka|Air Balloon
|move|p1a: Stakataka|Trick Room|p1a: Stakataka
|-fieldstart|move: Trick Room|[of] p1a: Stakataka
|
|-weather|DesolateLand|[upkeep]
|upkeep
|turn|10
|
|t:|1655660318
|move|p1a: Stakataka|Earthquake|p2a: Flight Reacts
|-supereffective|p2a: Flight Reacts
|-damage|p2a: Flight Reacts|0 fnt
|faint|p2a: Flight Reacts
|-weather|none
|-ability|p1a: Stakataka|Beast Boost|boost
|-boost|p1a: Stakataka|atk|1
|
|upkeep
|
|t:|1655660329
|switch|p2a: Snaggy hoes|Lugia, shiny|100/100
|turn|11
|
|t:|1655660332
|move|p1a: Stakataka|Rock Blast|p2a: Snaggy hoes
|-supereffective|p2a: Snaggy hoes
|-damage|p2a: Snaggy hoes|90/100
|-supereffective|p2a: Snaggy hoes
|-damage|p2a: Snaggy hoes|68/100
|-supereffective|p2a: Snaggy hoes
|-damage|p2a: Snaggy hoes|46/100
|-supereffective|p2a: Snaggy hoes
|-damage|p2a: Snaggy hoes|23/100
|-hitcount|p2a: Snaggy hoes|4
|move|p2a: Snaggy hoes|Roost|p2a: Snaggy hoes
|-heal|p2a: Snaggy hoes|73/100
|-singleturn|p2a: Snaggy hoes|move: Roost
|
|upkeep
|turn|12
|
|t:|1655660343
|move|p1a: Stakataka|Gyro Ball|p2a: Snaggy hoes
|-damage|p2a: Snaggy hoes|14/100
|move|p2a: Snaggy hoes|Roost|p2a: Snaggy hoes
|-heal|p2a: Snaggy hoes|64/100
|-singleturn|p2a: Snaggy hoes|move: Roost
|
|upkeep
|turn|13
|
|t:|1655660346
|move|p1a: Stakataka|Rock Blast|p2a: Snaggy hoes
|-supereffective|p2a: Snaggy hoes
|-damage|p2a: Snaggy hoes|42/100
|-supereffective|p2a: Snaggy hoes
|-damage|p2a: Snaggy hoes|20/100
|-hitcount|p2a: Snaggy hoes|2
|move|p2a: Snaggy hoes|Roost|p2a: Snaggy hoes
|-heal|p2a: Snaggy hoes|70/100
|-singleturn|p2a: Snaggy hoes|move: Roost
|
|-fieldend|move: Trick Room
|upkeep
|turn|14
|
|t:|1655660352
|move|p1a: Stakataka|Rock Blast|p2a: Snaggy hoes
|-supereffective|p2a: Snaggy hoes
|-damage|p2a: Snaggy hoes|47/100
|-supereffective|p2a: Snaggy hoes
|-crit|p2a: Snaggy hoes
|-damage|p2a: Snaggy hoes|18/100
|-supereffective|p2a: Snaggy hoes
|-damage|p2a: Snaggy hoes|0 fnt
|faint|p2a: Snaggy hoes
|-ability|p1a: Stakataka|Beast Boost|boost
|-boost|p1a: Stakataka|atk|1
|-hitcount|p2: Snaggy hoes|3
|
|upkeep
|
|t:|1655660379
|switch|p2a: Yveltal|Yveltal|91/100
|-ability|p2a: Yveltal|Dark Aura
|turn|15
|
|t:|1655660382
|-start|p2a: Yveltal|Dynamax|
|-heal|p2a: Yveltal|91/100|[silent]
|move|p2a: Yveltal|Max Airstream|p1a: Stakataka
|-resisted|p1a: Stakataka
|-damage|p1a: Stakataka|7/100
|-boost|p2a: Yveltal|spe|1
|-damage|p2a: Yveltal|86/100|[from] item: Life Orb
|move|p1a: Stakataka|Trick Room|p1a: Stakataka
|-fieldstart|move: Trick Room|[of] p1a: Stakataka
|
|upkeep
|turn|16
|c|☆KingOfAG2|bro what
|c|☆KingOfAG2|it should not live that
|c|☆KingOfAG2|like what
|
|t:|1655660401
|move|p1a: Stakataka|Gyro Ball|p2a: Yveltal
|-damage|p2a: Yveltal|0 fnt
|faint|p2a: Yveltal
|-ability|p1a: Stakataka|Beast Boost|boost
|-boost|p1a: Stakataka|atk|1
|
|upkeep
|c|☆Testing Teams 596|Max hp
|c|☆Testing Teams 596|Dub
|c|☆KingOfAG2|w/e
|
|t:|1655660415
|switch|p2a: Tyrone baby|Rayquaza, shiny|100/100
|-ability|p2a: Tyrone baby|Air Lock
|turn|17
|
|t:|1655660417
|detailschange|p2a: Tyrone baby|Rayquaza-Mega, shiny
|-mega|p2a: Tyrone baby|Rayquaza|
|-weather|DeltaStream|[from] ability: Delta Stream|[of] p2a: Tyrone baby
|move|p2a: Tyrone baby|Extreme Speed|p1a: Stakataka
|-resisted|p1a: Stakataka
|-damage|p1a: Stakataka|0 fnt
|faint|p1a: Stakataka
|-damage|p2a: Tyrone baby|91/100|[from] item: Life Orb
|
|-weather|DeltaStream|[upkeep]
|upkeep
|
|t:|1655660425
|switch|p1a: Stakataka|Stakataka|100/100
|-item|p1a: Stakataka|Air Balloon
|turn|18
|
|t:|1655660429
|move|p2a: Tyrone baby|Extreme Speed|p1a: Stakataka
|-resisted|p1a: Stakataka
|-damage|p1a: Stakataka|94/100
|-enditem|p1a: Stakataka|Air Balloon
|-damage|p2a: Tyrone baby|81/100|[from] item: Life Orb
|move|p1a: Stakataka|Gyro Ball|p2a: Tyrone baby
|-damage|p2a: Tyrone baby|0 fnt
|faint|p2a: Tyrone baby
|-weather|none
|-ability|p1a: Stakataka|Beast Boost|boost
|-boost|p1a: Stakataka|atk|1
|
|upkeep
|
|t:|1655660438
|switch|p2a: AKUMPO|Arceus-Dark|100/100
|turn|19
|
|t:|1655660442
|move|p1a: Stakataka|Gyro Ball|p2a: AKUMPO
|-damage|p2a: AKUMPO|21/100
|move|p2a: AKUMPO|Stealth Rock|p1a: Stakataka
|-sidestart|p1: Testing Teams 596|move: Stealth Rock
|
|-fieldend|move: Trick Room
|upkeep
|turn|20
|
|t:|1655660446
|move|p2a: AKUMPO|Judgment|p1a: Stakataka
|-damage|p1a: Stakataka|43/100
|move|p1a: Stakataka|Substitute|p1a: Stakataka
|-start|p1a: Stakataka|Substitute
|-damage|p1a: Stakataka|19/100
|
|upkeep
|turn|21
|
|t:|1655660449
|move|p2a: AKUMPO|Judgment|p1a: Stakataka
|-end|p1a: Stakataka|Substitute
|move|p1a: Stakataka|Trick Room|p1a: Stakataka
|-fieldstart|move: Trick Room|[of] p1a: Stakataka
|
|upkeep
|turn|22
|
|t:|1655660451
|move|p1a: Stakataka|Gyro Ball|p2a: AKUMPO
|-damage|p2a: AKUMPO|0 fnt
|faint|p2a: AKUMPO
|-ability|p1a: Stakataka|Beast Boost|boost
|-boost|p1a: Stakataka|atk|1
|
|upkeep
|
|t:|1655660452
|switch|p2a: Mimic|Ditto|100/100
|-transform|p2a: Mimic|p1a: Stakataka|[from] ability: Imposter
|turn|23
|
|t:|1655660454
|-start|p1a: Stakataka|Dynamax|
|-heal|p1a: Stakataka|19/100|[silent]
|move|p1a: Stakataka|Max Quake|p2a: Mimic
|-supereffective|p2a: Mimic
|-damage|p2a: Mimic|0 fnt
|-boost|p1a: Stakataka|spd|1
|faint|p2a: Mimic
|
|win|Testing Teams 596
|c|☆KingOfAG2|meh
|c|☆Testing Teams 596|Overkill
|c|☆KingOfAG2|i coulda won easily
|c|☆Testing Teams 596|How
|c|☆KingOfAG2|if i just didn’t mess around
|c|☆Testing Teams 596|Bruh
|c|☆KingOfAG2|by clicking judge on the stak
|c|☆Testing Teams 596|I had to set up tr
|c|☆Testing Teams 596|And dont forget band ray
|c|☆KingOfAG2|??
|c|☆KingOfAG2|it wouldn’t have been close
|c|☆KingOfAG2|if i didn’t click airstream
|c|☆KingOfAG2|lmao
|c|☆Testing Teams 596|Band ray
|c|☆KingOfAG2|didn’t do anything
|c|☆KingOfAG2|lol
|c|☆Testing Teams 596|Is it mixed?
|c|☆Testing Teams 596|Tal
|c|☆Testing Teams 596|?
|c|☆KingOfAG2|no
|c|☆KingOfAG2|that was special airstream
|c|☆Testing Teams 596|252+ Atk Choice Band Rayquaza-Mega Dragon Ascent vs. 0 HP / 0 Def Dynamax Yveltal: 432-508 (54.9 - 64.6%) -- guaranteed 2HKO
|c|☆KingOfAG2|so u were gonna sack ur ray
|c|☆KingOfAG2|?
|c|☆KingOfAG2|for 54-64
|c|☆Testing Teams 596|If only i didn't cluck mcoat
|c|☆KingOfAG2|lmao
|c|☆KingOfAG2|but if i was taunt
|j| Buck X
|c| Buck X|Gg
|l|☆KingOfAG2
|c| Buck X|monkey
|c| Buck X|u lost
