|j|☆Wiso
|j|☆MiguelRRM
|t:|1631646581
|gametype|singles
|player|p1|Wiso|acerola|1744
|player|p2|MiguelRRM|lucas|1900
|teamsize|p1|6
|teamsize|p2|6
|gen|8
|tier|[Gen 8] National Dex AG
|rated|
|rule|HP Percentage Mod: HP is shown in percentages
|rule|Endless Battle Clause: Forcing endless battles is banned
|clearpoke
|poke|p1|Yveltal|
|poke|p1|Necrozma-Dusk-Mane|
|poke|p1|Kyogre|
|poke|p1|Smeargle, M|
|poke|p1|Marshadow|
|poke|p1|Calyrex-Shadow|
|poke|p2|Marshadow|
|poke|p2|Yveltal|
|poke|p2|Rayquaza|
|poke|p2|Zacian-*|
|poke|p2|Arceus-*|
|poke|p2|Groudon|
|teampreview
|inactive|Battle timer is ON: inactive players will automatically lose when time's up. (requested by Wiso)
|inactive|MiguelRRM has 120 seconds left.
|inactive|MiguelRRM has 90 seconds left.
|
|t:|1631646747
|start
|switch|p1a: Smeargle|Smeargle, M|100/100
|switch|p2a: Rayquaza|Rayquaza|100/100
|-ability|p2a: Rayquaza|Air Lock
|turn|1
|
|t:|1631646755
|detailschange|p2a: Rayquaza|Rayquaza-Mega
|-mega|p2a: Rayquaza|Rayquaza|
|-weather|DeltaStream|[from] ability: Delta Stream|[of] p2a: Rayquaza
|move|p2a: Rayquaza|Scale Shot|p1a: Smeargle
|-damage|p1a: Smeargle|16/100
|-damage|p1a: Smeargle|0 fnt
|faint|p1a: Smeargle
|-hitcount|p1: Smeargle|2
|-unboost|p2a: Rayquaza|def|1
|-boost|p2a: Rayquaza|spe|1
|
|-weather|DeltaStream|[upkeep]
|upkeep
|
|t:|1631646763
|switch|p1a: Yveltal|Yveltal|100/100
|-ability|p1a: Yveltal|Dark Aura
|turn|2
|
|t:|1631646766
|-weather|none
|switch|p2a: Zacian|Zacian-Crowned|100/100
|-ability|p2a: Zacian|Intrepid Sword|boost
|-boost|p2a: Zacian|atk|1
|-start|p1a: Yveltal|Dynamax
|-heal|p1a: Yveltal|100/100|[silent]
|move|p1a: Yveltal|Max Airstream|p2a: Zacian
|-resisted|p2a: Zacian
|-damage|p2a: Zacian|57/100
|-boost|p1a: Yveltal|spe|1
|-damage|p1a: Yveltal|96/100|[from] item: Life Orb
|
|upkeep
|turn|3
|
|t:|1631646768
|switch|p2a: Groudon|Groudon|100/100
|detailschange|p2a: Groudon|Groudon-Primal
|-primal|p2a: Groudon
|-weather|DesolateLand|[from] ability: Desolate Land|[of] p2a: Groudon
|move|p1a: Yveltal|Max Flare|p2a: Groudon
|-resisted|p2a: Groudon
|-damage|p2a: Groudon|56/100
|-damage|p1a: Yveltal|91/100|[from] item: Life Orb
|
|-weather|DesolateLand|[upkeep]
|upkeep
|turn|4
|
|t:|1631646774
|-weather|none
|switch|p2a: Zacian|Zacian-Crowned|57/100
|-ability|p2a: Zacian|Intrepid Sword|boost
|-boost|p2a: Zacian|atk|1
|move|p1a: Yveltal|Max Darkness|p2a: Zacian
|-resisted|p2a: Zacian
|-damage|p2a: Zacian|0 fnt
|faint|p2a: Zacian
|-damage|p1a: Yveltal|86/100|[from] item: Life Orb
|
|-end|p1a: Yveltal|Dynamax
|-heal|p1a: Yveltal|86/100|[silent]
|upkeep
|
|t:|1631646777
|switch|p2a: Rayquaza|Rayquaza-Mega|100/100
|-weather|DeltaStream|[from] ability: Delta Stream|[of] p2a: Rayquaza
|turn|5
|
|t:|1631646781
|move|p1a: Yveltal|Dark Pulse|p2a: Rayquaza
|-damage|p2a: Rayquaza|26/100
|-damage|p1a: Yveltal|76/100|[from] item: Life Orb
|move|p2a: Rayquaza|Dragon Ascent|p1a: Yveltal
|-damage|p1a: Yveltal|0 fnt
|-unboost|p2a: Rayquaza|def|1
|-unboost|p2a: Rayquaza|spd|1
|faint|p1a: Yveltal
|
|-weather|DeltaStream|[upkeep]
|upkeep
|
|t:|1631646784
|switch|p1a: Marshadow|Marshadow|100/100
|turn|6
|
|t:|1631646787
|-weather|none
|switch|p2a: Arceus|Arceus-Ground|100/100
|move|p1a: Marshadow|Shadow Sneak|p2a: Arceus
|-damage|p2a: Arceus|78/100
|
|upkeep
|turn|7
|
|t:|1631646791
|switch|p1a: Kyogre|Kyogre|100/100
|-weather|RainDance|[from] ability: Drizzle|[of] p1a: Kyogre
|move|p2a: Arceus|Rock Tomb|p1a: Kyogre
|-damage|p1a: Kyogre|84/100
|-unboost|p1a: Kyogre|spe|1
|
|-weather|RainDance|[upkeep]
|upkeep
|turn|8
|
|t:|1631646798
|switch|p2a: Rayquaza|Rayquaza-Mega|26/100
|-weather|DeltaStream|[from] ability: Delta Stream|[of] p2a: Rayquaza
|move|p1a: Kyogre|Ice Beam|p2a: Rayquaza
|-activate||deltastream
|-supereffective|p2a: Rayquaza
|-damage|p2a: Rayquaza|0 fnt
|faint|p2a: Rayquaza
|-weather|none
|
|upkeep
|
|t:|1631646801
|switch|p2a: Groudon|Groudon-Primal|56/100
|-weather|DesolateLand|[from] ability: Desolate Land|[of] p2a: Groudon
|turn|9
|
|t:|1631646804
|move|p1a: Kyogre|Ice Beam|p2a: Groudon
|-damage|p2a: Groudon|24/100
|move|p2a: Groudon|Stealth Rock|p1a: Kyogre
|-sidestart|p1: Wiso|move: Stealth Rock
|
|-weather|DesolateLand|[upkeep]
|upkeep
|turn|10
|
|t:|1631646808
|move|p1a: Kyogre|Ice Beam|p2a: Groudon
|-damage|p2a: Groudon|0 fnt
|faint|p2a: Groudon
|-weather|none
|
|upkeep
|
|t:|1631646811
|switch|p2a: Marshadow|Marshadow|100/100
|turn|11
|
|t:|1631646814
|move|p2a: Marshadow|Rock Tomb|p1a: Kyogre
|-damage|p1a: Kyogre|50/100
|-unboost|p1a: Kyogre|spe|1
|move|p1a: Kyogre|Ice Beam|p2a: Marshadow
|-damage|p2a: Marshadow|61/100
|
|upkeep
|turn|12
|
|t:|1631646818
|move|p2a: Marshadow|Drain Punch|p1a: Kyogre
|-damage|p1a: Kyogre|10/100
|-heal|p2a: Marshadow|83/100|[from] drain|[of] p1a: Kyogre
|move|p1a: Kyogre|Ice Beam|p2a: Marshadow
|-damage|p2a: Marshadow|43/100
|
|upkeep
|turn|13
|
|t:|1631646821
|move|p2a: Marshadow|Drain Punch|p1a: Kyogre
|-damage|p1a: Kyogre|0 fnt
|-heal|p2a: Marshadow|48/100|[from] drain|[of] p1a: Kyogre
|faint|p1a: Kyogre
|
|upkeep
|
|t:|1631646824
|switch|p1a: Necrozma|Necrozma-Dusk-Mane|100/100
|-damage|p1a: Necrozma|94/100|[from] Stealth Rock
|turn|14
|
|t:|1631646826
|move|p2a: Marshadow|Rock Tomb|p1a: Necrozma
|-resisted|p1a: Necrozma
|-damage|p1a: Necrozma|83/100
|-unboost|p1a: Necrozma|spe|1
|move|p1a: Necrozma|Stealth Rock|p2a: Marshadow
|-sidestart|p2: MiguelRRM|move: Stealth Rock
|
|upkeep
|turn|15
|
|t:|1631646832
|move|p2a: Marshadow|Spectral Thief|p1a: Necrozma
|-supereffective|p1a: Necrozma
|-damage|p1a: Necrozma|34/100
|-damage|p2a: Marshadow|31/100|[from] item: Rocky Helmet|[of] p1a: Necrozma
|move|p1a: Necrozma|Moonlight|p1a: Necrozma
|-heal|p1a: Necrozma|84/100
|
|upkeep
|turn|16
|
|t:|1631646835
|switch|p2a: Yveltal|Yveltal|100/100
|-damage|p2a: Yveltal|76/100|[from] Stealth Rock
|-ability|p2a: Yveltal|Dark Aura
|move|p1a: Necrozma|Moonlight|p1a: Necrozma
|-heal|p1a: Necrozma|100/100
|
|upkeep
|turn|17
|
|t:|1631646837
|move|p2a: Yveltal|Dark Pulse|p1a: Necrozma
|-supereffective|p1a: Necrozma
|-damage|p1a: Necrozma|7/100
|-damage|p2a: Yveltal|66/100|[from] item: Life Orb
|move|p1a: Necrozma|Rock Tomb|p2a: Yveltal
|-supereffective|p2a: Yveltal
|-crit|p2a: Yveltal
|-damage|p2a: Yveltal|0 fnt
|faint|p2a: Yveltal
|
|upkeep
|
|t:|1631646842
|switch|p2a: Marshadow|Marshadow|31/100
|-damage|p2a: Marshadow|25/100|[from] Stealth Rock
|turn|18
|
|t:|1631646845
|move|p2a: Marshadow|Drain Punch|p1a: Necrozma
|-damage|p1a: Necrozma|0 fnt
|-heal|p2a: Marshadow|29/100|[from] drain|[of] p1a: Necrozma
|-damage|p2a: Marshadow|12/100|[from] item: Rocky Helmet|[of] p1a: Necrozma
|faint|p1a: Necrozma
|
|upkeep
|
|t:|1631646847
|switch|p1a: Marshadow|Marshadow|100/100
|-damage|p1a: Marshadow|94/100|[from] Stealth Rock
|turn|19
|
|t:|1631646849
|switch|p2a: Arceus|Arceus-Ground|78/100
|-damage|p2a: Arceus|72/100|[from] Stealth Rock
|move|p1a: Marshadow|Shadow Sneak|p2a: Arceus
|-damage|p2a: Arceus|52/100
|
|upkeep
|turn|20
|
|t:|1631646854
|switch|p1a: Calyrex|Calyrex-Shadow|100/100
|-ability|p1a: Calyrex|As One
|-ability|p1a: Calyrex|Unnerve
|-damage|p1a: Calyrex|88/100|[from] Stealth Rock
|move|p2a: Arceus|Recover|p2a: Arceus
|-heal|p2a: Arceus|100/100
|
|upkeep
|turn|21
|
|t:|1631646858
|move|p1a: Calyrex|Astral Barrage|p2a: Arceus
|-crit|p2a: Arceus
|-damage|p2a: Arceus|19/100
|move|p2a: Arceus|Rock Tomb|p1a: Calyrex
|-damage|p1a: Calyrex|70/100
|-unboost|p1a: Calyrex|spe|1
|
|upkeep
|turn|22
|
|t:|1631646862
|move|p2a: Arceus|Judgment|p1a: Calyrex
|-damage|p1a: Calyrex|13/100
|move|p1a: Calyrex|Astral Barrage|p2a: Arceus
|-damage|p2a: Arceus|0 fnt
|faint|p2a: Arceus
|-ability|p1a: Calyrex|Grim Neigh|boost
|-boost|p1a: Calyrex|spa|1
|
|upkeep
|
|t:|1631646864
|switch|p2a: Marshadow|Marshadow|12/100
|-damage|p2a: Marshadow|6/100|[from] Stealth Rock
|turn|23
|
|t:|1631646866
|move|p2a: Marshadow|Shadow Sneak|p1a: Calyrex
|-supereffective|p1a: Calyrex
|-damage|p1a: Calyrex|0 fnt
|faint|p1a: Calyrex
|
|upkeep
|
|t:|1631646867
|switch|p1a: Marshadow|Marshadow|94/100
|-damage|p1a: Marshadow|88/100|[from] Stealth Rock
|turn|24
|
|t:|1631646870
|move|p2a: Marshadow|Shadow Sneak|p1a: Marshadow
|-supereffective|p1a: Marshadow
|-damage|p1a: Marshadow|8/100
|move|p1a: Marshadow|Shadow Sneak|p2a: Marshadow
|-supereffective|p2a: Marshadow
|-damage|p2a: Marshadow|0 fnt
|faint|p2a: Marshadow
|
|win|Wiso
|raw|Wiso's rating: 1744 &rarr; <strong>1772</strong><br />(+28 for winning)
|raw|MiguelRRM's rating: 1900 &rarr; <strong>1872</strong><br />(-28 for losing)
|c|☆Wiso|Gg
