|j|☆SpaceTemmie
|j|‽Mawm
|t:|1665778471
|gametype|singles
|player|p1|SpaceTemmie|proton|1804
|player|p2|Mawm|beauty-gen6xy|1840
|teamsize|p1|6
|teamsize|p2|6
|gen|8
|tier|[Gen 8] National Dex AG
|rated|
|rule|HP Percentage Mod: HP is shown in percentages
|rule|Endless Battle Clause: Forcing endless battles is banned
|clearpoke
|poke|p1|Arceus-*|
|poke|p1|Kyogre|
|poke|p1|Necrozma-Dusk-Mane|
|poke|p1|Ditto|
|poke|p1|Calyrex-Shadow|
|poke|p1|Sableye, F|
|poke|p2|Arceus-*|
|poke|p2|Genesect|
|poke|p2|Yveltal|
|poke|p2|Necrozma-Dusk-Mane|
|poke|p2|Rayquaza|
|poke|p2|Groudon|
|teampreview
|inactive|Battle timer is ON: inactive players will automatically lose when time's up. (requested by Mawm)
|inactive|SpaceTemmie also wants the timer to be on.
|
|t:|1665778491
|start
|switch|p1a: Groudon reflector|Sableye, F|100/100
|switch|p2a: Groudon|Groudon|100/100
|detailschange|p2a: Groudon|Groudon-Primal
|-primal|p2a: Groudon
|-weather|DesolateLand|[from] ability: Desolate Land|[of] p2a: Groudon
|turn|1
|
|t:|1665778501
|detailschange|p1a: Groudon reflector|Sableye-Mega, F
|-mega|p1a: Groudon reflector|Sableye|Sablenite
|move|p2a: Groudon|Eruption|p1a: Groudon reflector
|-damage|p1a: Groudon reflector|12/100
|move|p1a: Groudon reflector|Moonlight|p1a: Groudon reflector
|-heal|p1a: Groudon reflector|79/100
|
|-weather|DesolateLand|[upkeep]
|upkeep
|turn|2
|
|t:|1665778505
|switch|p1a: I HATE GROUDON|Kyogre, shiny|100/100
|detailschange|p1a: I HATE GROUDON|Kyogre-Primal, shiny
|-primal|p1a: I HATE GROUDON
|-weather|PrimordialSea|[from] ability: Primordial Sea|[of] p1a: I HATE GROUDON
|move|p2a: Groudon|Precipice Blades|p1a: I HATE GROUDON
|-damage|p1a: I HATE GROUDON|35/100
|
|-weather|PrimordialSea|[upkeep]
|upkeep
|turn|3
|c|☆SpaceTemmie|Nice
|
|t:|1665778511
|move|p2a: Groudon|Precipice Blades|p1a: I HATE GROUDON
|-damage|p1a: I HATE GROUDON|0 fnt
|faint|p1a: I HATE GROUDON
|-weather|none
|
|upkeep
|
|t:|1665778513
|switch|p1a: I despise groudon|Arceus-Ground|100/100
|turn|4
|
|t:|1665778516
|move|p2a: Groudon|Eruption|p1a: I despise groudon
|-damage|p1a: I despise groudon|44/100
|move|p1a: I despise groudon|Whirlpool|p2a: Groudon
|-supereffective|p2a: Groudon
|-damage|p2a: Groudon|57/100
|-activate|p2a: Groudon|move: Whirlpool|[of] p1a: I despise groudon
|
|-damage|p2a: Groudon|45/100|[from] move: Whirlpool|[partiallytrapped]
|upkeep
|turn|5
|
|t:|1665778520
|move|p2a: Groudon|Stealth Rock|p1a: I despise groudon
|-sidestart|p1: SpaceTemmie|move: Stealth Rock
|move|p1a: I despise groudon|Recover|p1a: I despise groudon
|-heal|p1a: I despise groudon|94/100
|
|-damage|p2a: Groudon|32/100|[from] move: Whirlpool|[partiallytrapped]
|upkeep
|turn|6
|
|t:|1665778522
|move|p2a: Groudon|Rock Tomb|p1a: I despise groudon
|-resisted|p1a: I despise groudon
|-damage|p1a: I despise groudon|87/100
|-unboost|p1a: I despise groudon|spe|1
|move|p1a: I despise groudon|Reflect|p1a: I despise groudon
|-sidestart|p1: SpaceTemmie|Reflect
|
|-damage|p2a: Groudon|20/100|[from] move: Whirlpool|[partiallytrapped]
|upkeep
|turn|7
|
|t:|1665778524
|move|p2a: Groudon|Rock Tomb|p1a: I despise groudon
|-resisted|p1a: I despise groudon
|-damage|p1a: I despise groudon|85/100
|-unboost|p1a: I despise groudon|spe|1
|move|p1a: I despise groudon|Whirlpool|p2a: Groudon|[miss]
|-miss|p1a: I despise groudon|p2a: Groudon
|
|-damage|p2a: Groudon|8/100|[from] move: Whirlpool|[partiallytrapped]
|upkeep
|turn|8
|
|t:|1665778528
|move|p2a: Groudon|Rock Tomb|p1a: I despise groudon
|-resisted|p1a: I despise groudon
|-damage|p1a: I despise groudon|81/100
|-unboost|p1a: I despise groudon|spe|1
|move|p1a: I despise groudon|Recover|p1a: I despise groudon
|-heal|p1a: I despise groudon|100/100
|
|-end|p2a: Groudon|Whirlpool|[partiallytrapped]
|upkeep
|turn|9
|
|t:|1665778532
|move|p2a: Groudon|Rock Tomb|p1a: I despise groudon
|-resisted|p1a: I despise groudon
|-damage|p1a: I despise groudon|98/100
|-unboost|p1a: I despise groudon|spe|1
|move|p1a: I despise groudon|Whirlpool|p2a: Groudon
|-supereffective|p2a: Groudon
|-damage|p2a: Groudon|0 fnt
|faint|p2a: Groudon
|
|upkeep
|
|t:|1665778544
|switch|p2a: Necrozma|Necrozma-Dusk-Mane, shiny|100/100
|turn|10
|
|t:|1665778548
|move|p2a: Necrozma|Toxic|p1a: I despise groudon
|-status|p1a: I despise groudon|tox
|move|p1a: I despise groudon|Whirlpool|p2a: Necrozma
|-damage|p2a: Necrozma|93/100
|-activate|p2a: Necrozma|move: Whirlpool|[of] p1a: I despise groudon
|
|-damage|p1a: I despise groudon|92/100 tox|[from] psn
|-damage|p2a: Necrozma|80/100|[from] move: Whirlpool|[partiallytrapped]
|-sideend|p1: SpaceTemmie|Reflect
|upkeep
|turn|11
|j| Buck is stallish
|
|t:|1665778555
|move|p2a: Necrozma|Iron Head|p1a: I despise groudon
|-damage|p1a: I despise groudon|71/100 tox
|move|p1a: I despise groudon|Perish Song|p1a: I despise groudon
|-start|p1a: I despise groudon|perish3|[silent]
|-start|p2a: Necrozma|perish3|[silent]
|-fieldactivate|move: Perish Song
|
|-damage|p1a: I despise groudon|58/100 tox|[from] psn
|-damage|p2a: Necrozma|68/100|[from] move: Whirlpool|[partiallytrapped]
|-start|p2a: Necrozma|perish3
|-start|p1a: I despise groudon|perish3
|upkeep
|turn|12
|
|t:|1665778559
|move|p2a: Necrozma|Iron Head|p1a: I despise groudon
|-damage|p1a: I despise groudon|36/100 tox
|cant|p1a: I despise groudon|flinch
|
|-damage|p1a: I despise groudon|18/100 tox|[from] psn
|-damage|p2a: Necrozma|56/100|[from] move: Whirlpool|[partiallytrapped]
|-start|p2a: Necrozma|perish2
|-start|p1a: I despise groudon|perish2
|upkeep
|turn|13
|
|t:|1665778569
|switch|p1a: Idk groudon ugly|Necrozma-Dusk-Mane|100/100
|-damage|p1a: Idk groudon ugly|94/100|[from] Stealth Rock
|move|p2a: Necrozma|Iron Head|p1a: Idk groudon ugly
|-resisted|p1a: Idk groudon ugly
|-damage|p1a: Idk groudon ugly|84/100
|-damage|p2a: Necrozma|39/100|[from] item: Rocky Helmet|[of] p1a: Idk groudon ugly
|
|-end|p2a: Necrozma|Whirlpool|[partiallytrapped]|[silent]
|-start|p2a: Necrozma|perish1
|upkeep
|turn|14
|
|t:|1665778578
|move|p2a: Necrozma|Thunder Wave|p1a: Idk groudon ugly
|-status|p1a: Idk groudon ugly|par
|move|p1a: Idk groudon ugly|Thunder Wave|p2a: Necrozma
|-status|p2a: Necrozma|par
|
|-start|p2a: Necrozma|perish0
|upkeep
|faint|p2a: Necrozma
|
|t:|1665778580
|switch|p2a: Yveltal|Yveltal, shiny|100/100
|-ability|p2a: Yveltal|Dark Aura
|turn|15
|
|t:|1665778594
|-start|p2a: Yveltal|Dynamax|
|-heal|p2a: Yveltal|100/100|[silent]
|move|p2a: Yveltal|Max Darkness|p1a: Idk groudon ugly
|-supereffective|p1a: Idk groudon ugly
|-crit|p1a: Idk groudon ugly
|-damage|p1a: Idk groudon ugly|0 fnt
|faint|p1a: Idk groudon ugly
|
|upkeep
|
|t:|1665778607
|switch|p1a: I despise groudon|Arceus-Ground|18/100 tox
|-damage|p1a: I despise groudon|12/100 tox|[from] Stealth Rock
|turn|16
|
|t:|1665778614
|move|p2a: Yveltal|Max Ooze|p1a: I despise groudon
|-resisted|p1a: I despise groudon
|-damage|p1a: I despise groudon|0 fnt
|-boost|p2a: Yveltal|spa|1
|faint|p1a: I despise groudon
|
|upkeep
|
|t:|1665778620
|switch|p1a: Just hates groudon|Ditto, shiny|100/100
|-damage|p1a: Just hates groudon|88/100|[from] Stealth Rock
|-transform|p1a: Just hates groudon|p2a: Yveltal|[from] ability: Imposter
|-ability|p1a: Just hates groudon|Dark Aura
|turn|17
|
|t:|1665778625
|-start|p1a: Just hates groudon|Dynamax|
|-heal|p1a: Just hates groudon|88/100|[silent]
|move|p2a: Yveltal|Max Airstream|p1a: Just hates groudon
|-damage|p1a: Just hates groudon|28/100
|-boost|p2a: Yveltal|spe|1
|move|p1a: Just hates groudon|Max Darkness|p2a: Yveltal
|-resisted|p2a: Yveltal
|-damage|p2a: Yveltal|80/100
|-unboost|p2a: Yveltal|spd|1
|
|upkeep
|-end|p2a: Yveltal|Dynamax
|-heal|p2a: Yveltal|80/100|[silent]
|turn|18
|
|t:|1665778627
|move|p2a: Yveltal|Oblivion Wing|p1a: Just hates groudon
|-damage|p1a: Just hates groudon|0 fnt
|-heal|p2a: Yveltal|100/100|[from] drain|[of] p1a: Just hates groudon
|faint|p1a: Just hates groudon
|
|upkeep
|-message|SpaceTemmie forfeited.
|
|win|Mawm
|raw|SpaceTemmie's rating: 1804 &rarr; <strong>1786</strong><br />(-18 for losing)
|raw|Mawm's rating: 1840 &rarr; <strong>1858</strong><br />(+18 for winning)
|l|☆SpaceTemmie
