|j|☆cllout
|j|☆Night cOluusum
|t:|1668734841
|gametype|singles
|player|p1|cllout|misty-lgpe|1600
|player|p2|Night cOluusum|acerola|1559
|teamsize|p1|6
|teamsize|p2|6
|gen|8
|tier|[Gen 8] National Dex AG
|rated|
|rule|HP Percentage Mod: HP is shown in percentages
|rule|Endless Battle Clause: Forcing endless battles is banned
|clearpoke
|poke|p1|Shaymin-Sky|
|poke|p1|Marshadow|
|poke|p1|Necrozma-Dusk-Mane|
|poke|p1|Eternatus|
|poke|p1|Yveltal|
|poke|p1|Calyrex-Shadow|
|poke|p2|Yveltal|
|poke|p2|Necrozma-Dusk-Mane|
|poke|p2|Calyrex-Shadow|
|poke|p2|Arceus-*|
|poke|p2|Lopunny, F|
|poke|p2|Arceus-*|
|teampreview
|inactive|Battle timer is ON: inactive players will automatically lose when time's up. (requested by cllout)
|inactive|cllout has 120 seconds left.
|
|t:|1668734884
|start
|switch|p1a: Shaymin|Shaymin-Sky, shiny|100/100
|switch|p2a: metal clifford|Necrozma-Dusk-Mane|100/100
|turn|1
|
|t:|1668734913
|switch|p1a: Yveltal|Yveltal, shiny|100/100
|-ability|p1a: Yveltal|Dark Aura
|move|p2a: metal clifford|Sunsteel Strike|p1a: Yveltal
|-damage|p1a: Yveltal|58/100
|
|upkeep
|turn|2
|inactive|cllout has 120 seconds left.
|
|t:|1668734932
|switch|p1a: Necrozma|Necrozma-Dusk-Mane|100/100
|move|p2a: metal clifford|Toxic|p1a: Necrozma
|-immune|p1a: Necrozma
|
|upkeep
|turn|3
|inactive|cllout has 120 seconds left.
|
|t:|1668734942
|move|p1a: Necrozma|Stealth Rock|p2a: metal clifford
|-sidestart|p2: Night cOluusum|move: Stealth Rock
|move|p2a: metal clifford|Earthquake|p1a: Necrozma
|-supereffective|p1a: Necrozma
|-damage|p1a: Necrozma|76/100
|
|upkeep
|turn|4
|inactive|cllout has 120 seconds left.
|
|t:|1668734954
|switch|p2a: baconbirb|Yveltal|100/100
|-damage|p2a: baconbirb|76/100|[from] Stealth Rock
|-ability|p2a: baconbirb|Dark Aura
|move|p1a: Necrozma|Thunder Wave|p2a: baconbirb
|-status|p2a: baconbirb|par
|
|upkeep
|turn|5
|inactive|cllout has 120 seconds left.
|
|t:|1668734976
|move|p1a: Necrozma|Sunsteel Strike|p2a: baconbirb
|-damage|p2a: baconbirb|26/100 par
|move|p2a: baconbirb|Dark Pulse|p1a: Necrozma
|-supereffective|p1a: Necrozma
|-damage|p1a: Necrozma|0 fnt
|faint|p1a: Necrozma
|-damage|p2a: baconbirb|16/100 par|[from] item: Life Orb
|
|upkeep
|
|t:|1668734996
|switch|p1a: Calyrex|Calyrex-Shadow|100/100
|-ability|p1a: Calyrex|As One
|-ability|p1a: Calyrex|Unnerve
|turn|6
|
|t:|1668735008
|move|p1a: Calyrex|Nasty Plot|p1a: Calyrex
|-boost|p1a: Calyrex|spa|2
|move|p2a: baconbirb|Dark Pulse|p1a: Calyrex
|-supereffective|p1a: Calyrex
|-enditem|p1a: Calyrex|Focus Sash
|-damage|p1a: Calyrex|1/100
|-damage|p2a: baconbirb|6/100 par|[from] item: Life Orb
|
|upkeep
|turn|7
|
|t:|1668735017
|move|p1a: Calyrex|Draining Kiss|p2a: baconbirb
|-supereffective|p2a: baconbirb
|-damage|p2a: baconbirb|0 fnt
|-heal|p1a: Calyrex|6/100|[from] drain|[of] p2a: baconbirb
|faint|p2a: baconbirb
|-ability|p1a: Calyrex|Grim Neigh|boost
|-boost|p1a: Calyrex|spa|1
|
|upkeep
|
|t:|1668735024
|switch|p2a: Lopunny|Lopunny, F|100/100
|-damage|p2a: Lopunny|88/100|[from] Stealth Rock
|turn|8
|
|t:|1668735040
|switch|p1a: Eternatus|Eternatus|100/100
|-ability|p1a: Eternatus|Pressure
|detailschange|p2a: Lopunny|Lopunny-Mega, F
|-mega|p2a: Lopunny|Lopunny|Lopunnite
|move|p2a: Lopunny|Fake Out|p1a: Eternatus
|-damage|p1a: Eternatus|87/100
|
|-heal|p1a: Eternatus|93/100|[from] item: Black Sludge
|upkeep
|turn|9
|
|t:|1668735046
|switch|p2a: metal clifford|Necrozma-Dusk-Mane|100/100
|-damage|p2a: metal clifford|94/100|[from] Stealth Rock
|move|p1a: Eternatus|Cosmic Power|p1a: Eternatus
|-boost|p1a: Eternatus|def|1
|-boost|p1a: Eternatus|spd|1
|
|-heal|p1a: Eternatus|99/100|[from] item: Black Sludge
|upkeep
|turn|10
|
|t:|1668735064
|move|p1a: Eternatus|Mystical Fire|p2a: metal clifford
|-supereffective|p2a: metal clifford
|-damage|p2a: metal clifford|67/100
|-unboost|p2a: metal clifford|spa|1
|move|p2a: metal clifford|Earthquake|p1a: Eternatus
|-supereffective|p1a: Eternatus
|-damage|p1a: Eternatus|66/100
|
|-heal|p1a: Eternatus|72/100|[from] item: Black Sludge
|upkeep
|turn|11
|
|t:|1668735070
|move|p1a: Eternatus|Cosmic Power|p1a: Eternatus
|-boost|p1a: Eternatus|def|1
|-boost|p1a: Eternatus|spd|1
|move|p2a: metal clifford|Earthquake|p1a: Eternatus
|-supereffective|p1a: Eternatus
|-damage|p1a: Eternatus|49/100
|
|-heal|p1a: Eternatus|55/100|[from] item: Black Sludge
|upkeep
|turn|12
|
|t:|1668735073
|move|p1a: Eternatus|Recover|p1a: Eternatus
|-heal|p1a: Eternatus|100/100
|move|p2a: metal clifford|Earthquake|p1a: Eternatus
|-supereffective|p1a: Eternatus
|-damage|p1a: Eternatus|79/100
|
|-heal|p1a: Eternatus|85/100|[from] item: Black Sludge
|upkeep
|turn|13
|
|t:|1668735080
|switch|p2a: Arceus|Arceus-Fairy|100/100
|-damage|p2a: Arceus|88/100|[from] Stealth Rock
|move|p1a: Eternatus|Cosmic Power|p1a: Eternatus
|-boost|p1a: Eternatus|def|1
|-boost|p1a: Eternatus|spd|1
|
|-heal|p1a: Eternatus|91/100|[from] item: Black Sludge
|upkeep
|turn|14
|
|t:|1668735087
|move|p2a: Arceus|Defog|p1a: Eternatus
|-unboost|p1a: Eternatus|evasion|1
|-sideend|p2: Night cOluusum|Stealth Rock|[from] move: Defog|[of] p2a: Arceus
|move|p1a: Eternatus|Mystical Fire|p2a: Arceus
|-damage|p2a: Arceus|72/100
|-unboost|p2a: Arceus|spa|1
|
|-heal|p1a: Eternatus|98/100|[from] item: Black Sludge
|upkeep
|turn|15
|c|☆Night cOluusum|deep breath
|c|☆Night cOluusum|SIGHHH
|c|☆Night cOluusum|SIGHHHHHH
|
|t:|1668735098
|move|p2a: Arceus|Calm Mind|p2a: Arceus
|-boost|p2a: Arceus|spa|1
|-boost|p2a: Arceus|spd|1
|move|p1a: Eternatus|Mystical Fire|p2a: Arceus
|-damage|p2a: Arceus|62/100
|-unboost|p2a: Arceus|spa|1
|
|-heal|p1a: Eternatus|100/100|[from] item: Black Sludge
|upkeep
|turn|16
|
|t:|1668735105
|move|p2a: Arceus|Calm Mind|p2a: Arceus
|-boost|p2a: Arceus|spa|1
|-boost|p2a: Arceus|spd|1
|move|p1a: Eternatus|Cosmic Power|p1a: Eternatus
|-boost|p1a: Eternatus|def|1
|-boost|p1a: Eternatus|spd|1
|
|upkeep
|turn|17
|
|t:|1668735113
|move|p2a: Arceus|Calm Mind|p2a: Arceus
|-boost|p2a: Arceus|spa|1
|-boost|p2a: Arceus|spd|1
|move|p1a: Eternatus|Mystical Fire|p2a: Arceus
|-damage|p2a: Arceus|56/100
|-unboost|p2a: Arceus|spa|1
|
|upkeep
|turn|18
|
|t:|1668735130
|move|p2a: Arceus|Calm Mind|p2a: Arceus
|-boost|p2a: Arceus|spa|1
|-boost|p2a: Arceus|spd|1
|move|p1a: Eternatus|Mystical Fire|p2a: Arceus
|-damage|p2a: Arceus|51/100
|-unboost|p2a: Arceus|spa|1
|
|upkeep
|turn|19
|
|t:|1668735136
|move|p2a: Arceus|Calm Mind|p2a: Arceus
|-boost|p2a: Arceus|spa|1
|-boost|p2a: Arceus|spd|1
|move|p1a: Eternatus|Cosmic Power|p1a: Eternatus
|-boost|p1a: Eternatus|def|1
|-boost|p1a: Eternatus|spd|1
|
|upkeep
|turn|20
|
|t:|1668735144
|move|p2a: Arceus|Calm Mind|p2a: Arceus
|-boost|p2a: Arceus|spa|1
|-boost|p2a: Arceus|spd|1
|move|p1a: Eternatus|Mystical Fire|p2a: Arceus
|-damage|p2a: Arceus|47/100
|-unboost|p2a: Arceus|spa|1
|
|upkeep
|turn|21
|
|t:|1668735148
|move|p2a: Arceus|Calm Mind|p2a: Arceus
|-boost|p2a: Arceus|spa|1
|-boost|p2a: Arceus|spd|0
|move|p1a: Eternatus|Cosmic Power|p1a: Eternatus
|-boost|p1a: Eternatus|def|1
|-boost|p1a: Eternatus|spd|1
|
|upkeep
|turn|22
|
|t:|1668735155
|move|p2a: Arceus|Judgment|p1a: Eternatus
|-damage|p1a: Eternatus|84/100
|move|p1a: Eternatus|Mystical Fire|p2a: Arceus
|-damage|p2a: Arceus|43/100
|-unboost|p2a: Arceus|spa|1
|
|-heal|p1a: Eternatus|90/100|[from] item: Black Sludge
|upkeep
|turn|23
|
|t:|1668735172
|move|p2a: Arceus|Recover|p2a: Arceus
|-heal|p2a: Arceus|93/100
|move|p1a: Eternatus|Mystical Fire|p2a: Arceus
|-damage|p2a: Arceus|89/100
|-unboost|p2a: Arceus|spa|1
|
|-heal|p1a: Eternatus|96/100|[from] item: Black Sludge
|upkeep
|turn|24
|
|t:|1668735198
|move|p2a: Arceus|Judgment|p1a: Eternatus
|-damage|p1a: Eternatus|88/100
|move|p1a: Eternatus|Mystical Fire|p2a: Arceus
|-crit|p2a: Arceus
|-damage|p2a: Arceus|66/100
|-unboost|p2a: Arceus|spa|1
|
|-heal|p1a: Eternatus|95/100|[from] item: Black Sludge
|upkeep
|turn|25
|inactive|Night cOluusum has 120 seconds left.
|
|t:|1668735253
|move|p2a: Arceus|Judgment|p1a: Eternatus
|-damage|p1a: Eternatus|89/100
|move|p1a: Eternatus|Mystical Fire|p2a: Arceus
|-damage|p2a: Arceus|62/100
|-unboost|p2a: Arceus|spa|1
|
|-heal|p1a: Eternatus|95/100|[from] item: Black Sludge
|upkeep
|turn|26
|
|t:|1668735268
|move|p2a: Arceus|Calm Mind|p2a: Arceus
|-boost|p2a: Arceus|spa|1
|-boost|p2a: Arceus|spd|0
|move|p1a: Eternatus|Mystical Fire|p2a: Arceus
|-damage|p2a: Arceus|58/100
|-unboost|p2a: Arceus|spa|1
|
|-heal|p1a: Eternatus|100/100|[from] item: Black Sludge
|upkeep
|turn|27
|
|t:|1668735278
|move|p2a: Arceus|Calm Mind|p2a: Arceus
|-boost|p2a: Arceus|spa|1
|-boost|p2a: Arceus|spd|0
|move|p1a: Eternatus|Mystical Fire|p2a: Arceus
|-damage|p2a: Arceus|54/100
|-unboost|p2a: Arceus|spa|1
|
|upkeep
|turn|28
|
|t:|1668735289
|move|p2a: Arceus|Calm Mind|p2a: Arceus
|-boost|p2a: Arceus|spa|1
|-boost|p2a: Arceus|spd|0
|move|p1a: Eternatus|Mystical Fire|p2a: Arceus
|-damage|p2a: Arceus|49/100
|-unboost|p2a: Arceus|spa|1
|
|upkeep
|turn|29
|inactive|Night cOluusum has 120 seconds left.
|
|t:|1668735311
|move|p2a: Arceus|Recover|p2a: Arceus
|-heal|p2a: Arceus|99/100
|move|p1a: Eternatus|Mystical Fire|p2a: Arceus
|-damage|p2a: Arceus|96/100
|-unboost|p2a: Arceus|spa|1
|
|upkeep
|turn|30
|
|t:|1668735319
|move|p2a: Arceus|Calm Mind|p2a: Arceus
|-boost|p2a: Arceus|spa|1
|-boost|p2a: Arceus|spd|0
|move|p1a: Eternatus|Mystical Fire|p2a: Arceus
|-damage|p2a: Arceus|91/100
|-unboost|p2a: Arceus|spa|1
|
|upkeep
|turn|31
|
|t:|1668735326
|move|p2a: Arceus|Calm Mind|p2a: Arceus
|-boost|p2a: Arceus|spa|1
|-boost|p2a: Arceus|spd|0
|move|p1a: Eternatus|Mystical Fire|p2a: Arceus
|-damage|p2a: Arceus|87/100
|-unboost|p2a: Arceus|spa|1
|
|upkeep
|turn|32
|
|t:|1668735333
|switch|p1a: Marshadow|Marshadow|100/100
|move|p2a: Arceus|Calm Mind|p2a: Arceus
|-boost|p2a: Arceus|spa|1
|-boost|p2a: Arceus|spd|0
|
|upkeep
|turn|33
|c|☆Night cOluusum|finally
|
|t:|1668735343
|move|p1a: Marshadow|Swagger|p2a: Arceus
|-boost|p2a: Arceus|atk|2
|-start|p2a: Arceus|confusion
|-activate|p2a: Arceus|confusion
|move|p2a: Arceus|Judgment|p1a: Marshadow
|-supereffective|p1a: Marshadow
|-damage|p1a: Marshadow|48/100
|
|upkeep
|turn|34
|
|t:|1668735348
|move|p1a: Marshadow|Spectral Thief||[still]
|-clearpositiveboost|p2a: Arceus|p1a: Marshadow|move: Spectral Thief
|-boost|p1a: Marshadow|atk|2
|-boost|p1a: Marshadow|spd|6
|-anim|p1a: Marshadow|Spectral Thief|p2a: Arceus
|-damage|p2a: Arceus|32/100
|-activate|p2a: Arceus|confusion
|-damage|p2a: Arceus|26/100|[from] confusion
|
|upkeep
|turn|35
|
|t:|1668735357
|move|p1a: Marshadow|Shadow Sneak|p2a: Arceus
|-damage|p2a: Arceus|0 fnt
|faint|p2a: Arceus
|
|upkeep
|
|t:|1668735361
|switch|p2a: Lopunny|Lopunny-Mega, F|88/100
|turn|36
|
|t:|1668735380
|-start|p1a: Marshadow|Dynamax|
|-heal|p1a: Marshadow|48/100|[silent]
|move|p2a: Lopunny|Fake Out|p1a: Marshadow
|-damage|p1a: Marshadow|32/100
|move|p1a: Marshadow|Max Knuckle|p2a: Lopunny
|-supereffective|p2a: Lopunny
|-damage|p2a: Lopunny|0 fnt
|-boost|p1a: Marshadow|atk|1
|faint|p2a: Lopunny
|
|upkeep
|
|t:|1668735385
|switch|p2a: 5yroldridinghorse|Calyrex-Shadow|100/100
|-ability|p2a: 5yroldridinghorse|As One
|-ability|p2a: 5yroldridinghorse|Unnerve
|turn|37
|
|t:|1668735393
|move|p2a: 5yroldridinghorse|Astral Barrage|p1a: Marshadow
|-supereffective|p1a: Marshadow
|-damage|p1a: Marshadow|10/100
|move|p1a: Marshadow|Max Phantasm|p2a: 5yroldridinghorse
|-supereffective|p2a: 5yroldridinghorse
|-enditem|p2a: 5yroldridinghorse|Focus Sash
|-damage|p2a: 5yroldridinghorse|1/100
|-unboost|p2a: 5yroldridinghorse|def|1
|
|upkeep
|turn|38
|c|☆Night cOluusum|i swear if it doesnt die
|c|☆Night cOluusum|breh
|
|t:|1668735401
|move|p1a: Marshadow|Max Guard|p1a: Marshadow
|-singleturn|p1a: Marshadow|Max Guard
|move|p2a: 5yroldridinghorse|Astral Barrage|p1a: Marshadow
|-activate|p1a: Marshadow|move: Max Guard
|
|upkeep
|-end|p1a: Marshadow|Dynamax
|-heal|p1a: Marshadow|10/100|[silent]
|turn|39
|
|t:|1668735409
|switch|p2a: NotRealGod|Arceus|100/100
|move|p1a: Marshadow|Shadow Sneak|p2a: NotRealGod
|-immune|p2a: NotRealGod
|
|upkeep
|turn|40
|
|t:|1668735418
|move|p1a: Marshadow|Close Combat|p2a: NotRealGod
|-supereffective|p2a: NotRealGod
|-damage|p2a: NotRealGod|0 fnt
|-unboost|p1a: Marshadow|def|1
|-unboost|p1a: Marshadow|spd|1
|faint|p2a: NotRealGod
|
|upkeep
|-message|Night cOluusum forfeited.
|
|win|cllout
|raw|cllout's rating: 1600 &rarr; <strong>1618</strong><br />(+18 for winning)
|raw|Night cOluusum's rating: 1559 &rarr; <strong>1541</strong><br />(-18 for losing)
|l|☆Night cOluusum
|c|☆cllout|gg
||Ladder isn't responding, score probably updated but might not have (Request timeout).
