|j|☆RRRRRRRRRRex
|j|☆Tianf
|t:|1649746347
|gametype|singles
|player|p1|RRRRRRRRRRex|101|1663
|player|p2|Tianf|pryce|1799
|teamsize|p1|6
|teamsize|p2|6
|gen|8
|tier|[Gen 8] National Dex AG
|rated|
|rule|HP Percentage Mod: HP is shown in percentages
|rule|Endless Battle Clause: Forcing endless battles is banned
|clearpoke
|poke|p1|Ho-Oh|
|poke|p1|Ho-Oh|
|poke|p1|Yveltal|
|poke|p1|Necrozma-Dusk-Mane|
|poke|p1|Zygarde|
|poke|p1|Groudon|
|poke|p2|Groudon|
|poke|p2|Yveltal|
|poke|p2|Rayquaza|
|poke|p2|Marshadow|
|poke|p2|Calyrex-Shadow|
|poke|p2|Arceus-*|
|teampreview
|inactive|Battle timer is ON: inactive players will automatically lose when time's up. (requested by Tianf)
|
|t:|1649746361
|start
|switch|p1a: Zygarde|Zygarde|100/100
|switch|p2a: Rayquaza|Rayquaza|100/100
|-ability|p2a: Rayquaza|Air Lock
|turn|1
|
|t:|1649746374
|switch|p2a: Arceus|Arceus-Fairy|100/100
|switch|p1a: Necrozma|Necrozma-Dusk-Mane|100/100
|
|upkeep
|turn|2
|
|t:|1649746386
|switch|p2a: Rayquaza|Rayquaza|100/100
|-ability|p2a: Rayquaza|Air Lock
|move|p1a: Necrozma|Stealth Rock|p2a: Rayquaza
|-sidestart|p2: Tianf|move: Stealth Rock
|
|upkeep
|turn|3
|
|t:|1649746391
|switch|p1a: Zygarde|Zygarde|100/100
|detailschange|p2a: Rayquaza|Rayquaza-Mega
|-mega|p2a: Rayquaza|Rayquaza|
|-weather|DeltaStream|[from] ability: Delta Stream|[of] p2a: Rayquaza
|move|p2a: Rayquaza|Dragon Ascent|p1a: Zygarde
|-damage|p1a: Zygarde|25/100
|-unboost|p2a: Rayquaza|def|1
|-unboost|p2a: Rayquaza|spd|1
|
|-weather|DeltaStream|[upkeep]
|-heal|p1a: Zygarde|31/100|[from] item: Leftovers
|-activate|p1a: Zygarde|ability: Power Construct
|detailschange|p1a: Zygarde|Zygarde-Complete
|-heal|p1a: Zygarde|55/100|[silent]
|upkeep
|turn|4
|
|t:|1649746400
|-weather|none
|switch|p2a: Arceus|Arceus-Fairy|100/100
|-damage|p2a: Arceus|88/100|[from] Stealth Rock
|switch|p1a: Necrozma|Necrozma-Dusk-Mane|100/100
|
|upkeep
|turn|5
|
|t:|1649746408
|move|p2a: Arceus|Defog|p1a: Necrozma
|-unboost|p1a: Necrozma|evasion|1
|-sideend|p2: Tianf|Stealth Rock|[from] move: Defog|[of] p2a: Arceus
|move|p1a: Necrozma|Sunsteel Strike|p2a: Arceus
|-supereffective|p2a: Arceus
|-damage|p2a: Arceus|40/100
|
|upkeep
|turn|6
|
|t:|1649746412
|switch|p2a: Rayquaza|Rayquaza-Mega|100/100
|-weather|DeltaStream|[from] ability: Delta Stream|[of] p2a: Rayquaza
|move|p1a: Necrozma|Stealth Rock|p2a: Rayquaza
|-sidestart|p2: Tianf|move: Stealth Rock
|
|-weather|DeltaStream|[upkeep]
|upkeep
|turn|7
|
|t:|1649746415
|move|p2a: Rayquaza|V-create|p1a: Necrozma
|-supereffective|p1a: Necrozma
|-damage|p1a: Necrozma|0 fnt
|-unboost|p2a: Rayquaza|spe|1
|-unboost|p2a: Rayquaza|def|1
|-unboost|p2a: Rayquaza|spd|1
|-damage|p2a: Rayquaza|84/100|[from] item: Rocky Helmet|[of] p1a: Necrozma
|faint|p1a: Necrozma
|
|-weather|DeltaStream|[upkeep]
|upkeep
|
|t:|1649746421
|switch|p1a: Zygarde|Zygarde-Complete|55/100
|turn|8
|
|t:|1649746428
|-weather|none
|switch|p2a: Arceus|Arceus-Fairy|40/100
|-damage|p2a: Arceus|28/100|[from] Stealth Rock
|move|p1a: Zygarde|Glare|p2a: Arceus
|-status|p2a: Arceus|par
|
|-heal|p1a: Zygarde|62/100|[from] item: Leftovers
|upkeep
|turn|9
|
|t:|1649746435
|move|p1a: Zygarde|Thousand Arrows|p2a: Arceus
|-damage|p2a: Arceus|13/100 par
|move|p2a: Arceus|Recover|p2a: Arceus
|-heal|p2a: Arceus|63/100 par
|
|-heal|p1a: Zygarde|68/100|[from] item: Leftovers
|upkeep
|turn|10
|
|t:|1649746455
|switch|p1a: Groudon|Groudon|100/100
|detailschange|p1a: Groudon|Groudon-Primal
|-primal|p1a: Groudon
|-weather|DesolateLand|[from] ability: Desolate Land|[of] p1a: Groudon
|cant|p2a: Arceus|par
|
|-weather|DesolateLand|[upkeep]
|upkeep
|turn|11
|
|t:|1649746463
|move|p1a: Groudon|Swords Dance|p1a: Groudon
|-boost|p1a: Groudon|atk|2
|move|p2a: Arceus|Defog|p1a: Groudon
|-unboost|p1a: Groudon|evasion|1
|-sideend|p2: Tianf|Stealth Rock|[from] move: Defog|[of] p2a: Arceus
|
|-weather|DesolateLand|[upkeep]
|upkeep
|turn|12
|
|t:|1649746468
|move|p1a: Groudon|Stone Edge|p2a: Arceus|[miss]
|-miss|p1a: Groudon|p2a: Arceus
|move|p2a: Arceus|Toxic|p1a: Groudon
|-status|p1a: Groudon|tox
|
|-weather|DesolateLand|[upkeep]
|-damage|p1a: Groudon|94/100 tox|[from] psn
|upkeep
|turn|13
|
|t:|1649746478
|move|p1a: Groudon|Precipice Blades|p2a: Arceus
|-damage|p2a: Arceus|0 fnt
|faint|p2a: Arceus
|
|-weather|DesolateLand|[upkeep]
|-damage|p1a: Groudon|82/100 tox|[from] psn
|upkeep
|
|t:|1649746481
|switch|p2a: Rayquaza|Rayquaza-Mega|84/100
|-weather|DeltaStream|[from] ability: Delta Stream|[of] p2a: Rayquaza
|turn|14
|
|t:|1649746487
|move|p2a: Rayquaza|Dragon Ascent|p1a: Groudon
|-crit|p1a: Groudon
|-damage|p1a: Groudon|0 fnt
|-unboost|p2a: Rayquaza|def|1
|-unboost|p2a: Rayquaza|spd|1
|faint|p1a: Groudon
|
|-weather|DeltaStream|[upkeep]
|upkeep
|
|t:|1649746491
|switch|p1a: Yveltal|Yveltal|100/100
|-ability|p1a: Yveltal|Dark Aura
|turn|15
|
|t:|1649746502
|-weather|none
|switch|p2a: Groudon|Groudon|100/100
|detailschange|p2a: Groudon|Groudon-Primal
|-primal|p2a: Groudon
|-weather|DesolateLand|[from] ability: Desolate Land|[of] p2a: Groudon
|move|p1a: Yveltal|Foul Play|p2a: Groudon
|-damage|p2a: Groudon|59/100
|
|-weather|DesolateLand|[upkeep]
|upkeep
|turn|16
|
|t:|1649746508
|switch|p1a: Zygarde|Zygarde-Complete|68/100
|move|p2a: Groudon|Stealth Rock|p1a: Zygarde
|-sidestart|p1: RRRRRRRRRRex|move: Stealth Rock
|
|-weather|DesolateLand|[upkeep]
|-heal|p1a: Zygarde|74/100|[from] item: Leftovers
|upkeep
|turn|17
|
|t:|1649746516
|move|p1a: Zygarde|Glare|p2a: Groudon
|-status|p2a: Groudon|par
|cant|p2a: Groudon|par
|
|-weather|DesolateLand|[upkeep]
|-heal|p1a: Zygarde|80/100|[from] item: Leftovers
|upkeep
|turn|18
|
|t:|1649746524
|move|p1a: Zygarde|Coil|p1a: Zygarde
|-boost|p1a: Zygarde|atk|1
|-boost|p1a: Zygarde|def|1
|-boost|p1a: Zygarde|accuracy|1
|move|p2a: Groudon|Toxic|p1a: Zygarde
|-status|p1a: Zygarde|tox
|
|-weather|DesolateLand|[upkeep]
|-heal|p1a: Zygarde|87/100 tox|[from] item: Leftovers
|-damage|p1a: Zygarde|80/100 tox|[from] psn
|upkeep
|turn|19
|
|t:|1649746530
|move|p1a: Zygarde|Thousand Arrows|p2a: Groudon
|-supereffective|p2a: Groudon
|-damage|p2a: Groudon|11/100 par
|move|p2a: Groudon|Precipice Blades|p1a: Zygarde
|-damage|p1a: Zygarde|65/100 tox
|
|-weather|DesolateLand|[upkeep]
|-heal|p1a: Zygarde|72/100 tox|[from] item: Leftovers
|-damage|p1a: Zygarde|59/100 tox|[from] psn
|upkeep
|turn|20
|
|t:|1649746533
|move|p1a: Zygarde|Rest|p1a: Zygarde
|-status|p1a: Zygarde|slp|[from] move: Rest
|-heal|p1a: Zygarde|100/100 slp|[silent]
|cant|p2a: Groudon|par
|
|-weather|DesolateLand|[upkeep]
|upkeep
|turn|21
|
|t:|1649746536
|-weather|none
|switch|p2a: Marshadow|Marshadow|100/100
|cant|p1a: Zygarde|slp
|
|upkeep
|turn|22
|
|t:|1649746544
|switch|p1a: Yveltal|Yveltal|100/100
|-damage|p1a: Yveltal|75/100|[from] Stealth Rock
|-ability|p1a: Yveltal|Dark Aura
|move|p2a: Marshadow|Spectral Thief|p1a: Yveltal
|-resisted|p1a: Yveltal
|-damage|p1a: Yveltal|59/100
|
|upkeep
|turn|23
|
|t:|1649746546
|switch|p2a: Groudon|Groudon-Primal|11/100 par
|-weather|DesolateLand|[from] ability: Desolate Land|[of] p2a: Groudon
|move|p1a: Yveltal|Oblivion Wing|p2a: Groudon
|-damage|p2a: Groudon|0 fnt
|-heal|p1a: Yveltal|66/100|[from] drain|[of] p2a: Groudon
|faint|p2a: Groudon
|-weather|none
|
|upkeep
|
|t:|1649746557
|switch|p2a: Rayquaza|Rayquaza-Mega|84/100
|-weather|DeltaStream|[from] ability: Delta Stream|[of] p2a: Rayquaza
|turn|24
|
|t:|1649746577
|switch|p1a: Zygarde|Zygarde-Complete|100/100 slp
|-damage|p1a: Zygarde|94/100 slp|[from] Stealth Rock
|move|p2a: Rayquaza|Dragon Ascent|p1a: Zygarde
|-damage|p1a: Zygarde|46/100 slp
|-unboost|p2a: Rayquaza|def|1
|-unboost|p2a: Rayquaza|spd|1
|
|-weather|DeltaStream|[upkeep]
|-heal|p1a: Zygarde|52/100 slp|[from] item: Leftovers
|upkeep
|turn|25
|
|t:|1649746582
|move|p2a: Rayquaza|Dragon Ascent|p1a: Zygarde
|-damage|p1a: Zygarde|10/100 slp
|-unboost|p2a: Rayquaza|def|1
|-unboost|p2a: Rayquaza|spd|1
|cant|p1a: Zygarde|slp
|
|-weather|DeltaStream|[upkeep]
|-heal|p1a: Zygarde|16/100 slp|[from] item: Leftovers
|upkeep
|turn|26
|
|t:|1649746585
|move|p2a: Rayquaza|Dragon Ascent|p1a: Zygarde
|-damage|p1a: Zygarde|0 fnt
|-unboost|p2a: Rayquaza|def|1
|-unboost|p2a: Rayquaza|spd|1
|faint|p1a: Zygarde
|
|-weather|DeltaStream|[upkeep]
|upkeep
|
|t:|1649746587
|switch|p1a: Yveltal|Yveltal|66/100
|-damage|p1a: Yveltal|41/100|[from] Stealth Rock
|-ability|p1a: Yveltal|Dark Aura
|turn|27
|
|t:|1649746590
|move|p1a: Yveltal|Oblivion Wing|p2a: Rayquaza
|-damage|p2a: Rayquaza|0 fnt
|-heal|p1a: Yveltal|90/100|[from] drain|[of] p2a: Rayquaza
|faint|p2a: Rayquaza
|-weather|none
|
|upkeep
|
|t:|1649746598
|switch|p2a: Yveltal|Yveltal|100/100
|-ability|p2a: Yveltal|Dark Aura
|turn|28
|
|t:|1649746603
|switch|p1a: Ho-Oh|Ho-Oh|100/100
|-start|p2a: Yveltal|Dynamax|
|-heal|p2a: Yveltal|100/100|[silent]
|move|p2a: Yveltal|Max Airstream|p1a: Ho-Oh
|-damage|p1a: Ho-Oh|64/100
|-boost|p2a: Yveltal|spe|1
|-damage|p2a: Yveltal|96/100|[from] item: Life Orb
|
|upkeep
|turn|29
|
|t:|1649746607
|move|p1a: Ho-Oh|Protect|p1a: Ho-Oh
|-singleturn|p1a: Ho-Oh|Protect
|move|p2a: Yveltal|Max Darkness|p1a: Ho-Oh
|-zbroken|p1a: Ho-Oh
|-damage|p1a: Ho-Oh|52/100
|-unboost|p1a: Ho-Oh|spd|1
|-damage|p2a: Yveltal|91/100|[from] item: Life Orb
|
|upkeep
|turn|30
|
|t:|1649746611
|switch|p1a: Ho-Oh|Ho-Oh|100/100
|move|p2a: Yveltal|Max Darkness|p1a: Ho-Oh
|-damage|p1a: Ho-Oh|37/100
|-unboost|p1a: Ho-Oh|spd|1
|-damage|p2a: Yveltal|86/100|[from] item: Life Orb
|
|-end|p2a: Yveltal|Dynamax
|-heal|p2a: Yveltal|86/100|[silent]
|upkeep
|turn|31
|j| serestens
|
|t:|1649746616
|switch|p1a: Ho-Oh|Ho-Oh|85/100
|move|p2a: Yveltal|Dark Pulse|p1a: Ho-Oh
|-damage|p1a: Ho-Oh|56/100
|-damage|p2a: Yveltal|76/100|[from] item: Life Orb
|
|upkeep
|turn|32
|
|t:|1649746620
|move|p1a: Ho-Oh|Protect|p1a: Ho-Oh
|-singleturn|p1a: Ho-Oh|Protect
|move|p2a: Yveltal|Dark Pulse|p1a: Ho-Oh
|-activate|p1a: Ho-Oh|move: Protect
|
|upkeep
|turn|33
|
|t:|1649746624
|move|p2a: Yveltal|Dark Pulse|p1a: Ho-Oh
|-damage|p1a: Ho-Oh|23/100
|-damage|p2a: Yveltal|66/100|[from] item: Life Orb
|move|p1a: Ho-Oh|Toxic|p2a: Yveltal
|-status|p2a: Yveltal|tox
|
|-damage|p2a: Yveltal|60/100 tox|[from] psn
|upkeep
|turn|34
|
|t:|1649746630
|switch|p2a: Calyrex|Calyrex-Shadow|100/100
|-ability|p2a: Calyrex|As One
|-ability|p2a: Calyrex|Unnerve
|move|p1a: Ho-Oh|Protect||[still]
|-fail|p1a: Ho-Oh
|
|upkeep
|turn|35
|
|t:|1649746638
|switch|p1a: Ho-Oh|Ho-Oh|70/100
|move|p2a: Calyrex|Substitute|p2a: Calyrex
|-start|p2a: Calyrex|Substitute
|-damage|p2a: Calyrex|76/100
|
|upkeep
|turn|36
|
|t:|1649746642
|move|p2a: Calyrex|Nasty Plot|p2a: Calyrex
|-boost|p2a: Calyrex|spa|2
|move|p1a: Ho-Oh|Sacred Fire|p2a: Calyrex
|-end|p2a: Calyrex|Substitute
|
|upkeep
|turn|37
|
|t:|1649746650
|move|p2a: Calyrex|Substitute|p2a: Calyrex
|-start|p2a: Calyrex|Substitute
|-damage|p2a: Calyrex|51/100
|move|p1a: Ho-Oh|Sacred Fire|p2a: Calyrex
|-end|p2a: Calyrex|Substitute
|
|upkeep
|turn|38
|
|t:|1649746657
|move|p2a: Calyrex|Astral Barrage|p1a: Ho-Oh
|-damage|p1a: Ho-Oh|0 fnt
|faint|p1a: Ho-Oh
|-ability|p2a: Calyrex|Grim Neigh|boost
|-boost|p2a: Calyrex|spa|1
|
|upkeep
|
|t:|1649746661
|switch|p1a: Yveltal|Yveltal|90/100
|-damage|p1a: Yveltal|65/100|[from] Stealth Rock
|-ability|p1a: Yveltal|Dark Aura
|turn|39
|
|t:|1649746665
|move|p1a: Yveltal|Knock Off|p2a: Calyrex
|-supereffective|p2a: Calyrex
|-damage|p2a: Calyrex|0 fnt
|-enditem|p2a: Calyrex|Focus Sash|[from] move: Knock Off|[of] p1a: Yveltal
|faint|p2a: Calyrex
|
|upkeep
|
|t:|1649746669
|switch|p2a: Marshadow|Marshadow|100/100
|turn|40
|
|t:|1649746674
|-start|p1a: Yveltal|Dynamax|
|-heal|p1a: Yveltal|65/100|[silent]
|move|p2a: Marshadow|Spectral Thief|p1a: Yveltal
|-resisted|p1a: Yveltal
|-damage|p1a: Yveltal|56/100
|move|p1a: Yveltal|Max Airstream|p2a: Marshadow
|-supereffective|p2a: Marshadow
|-enditem|p2a: Marshadow|Focus Sash
|-damage|p2a: Marshadow|1/100
|-boost|p1a: Yveltal|spe|1
|
|upkeep
|turn|41
|
|t:|1649746679
|move|p2a: Marshadow|Shadow Sneak|p1a: Yveltal
|-resisted|p1a: Yveltal
|-damage|p1a: Yveltal|50/100
|move|p1a: Yveltal|Max Airstream|p2a: Marshadow
|-supereffective|p2a: Marshadow
|-damage|p2a: Marshadow|0 fnt
|-boost|p1a: Yveltal|spe|1
|faint|p2a: Marshadow
|
|upkeep
|
|t:|1649746681
|switch|p2a: Yveltal|Yveltal|60/100 tox
|-ability|p2a: Yveltal|Dark Aura
|turn|42
|
|t:|1649746689
|move|p1a: Yveltal|Max Flutterby|p2a: Yveltal
|-damage|p2a: Yveltal|30/100 tox
|-unboost|p2a: Yveltal|spa|1
|move|p2a: Yveltal|Oblivion Wing|p1a: Yveltal
|-damage|p1a: Yveltal|36/100
|-heal|p2a: Yveltal|54/100 tox|[from] drain|[of] p1a: Yveltal
|-damage|p2a: Yveltal|44/100 tox|[from] item: Life Orb
|
|-damage|p2a: Yveltal|38/100 tox|[from] psn
|-end|p1a: Yveltal|Dynamax
|-heal|p1a: Yveltal|36/100|[silent]
|upkeep
|turn|43
|
|t:|1649746697
|move|p1a: Yveltal|Knock Off|p2a: Yveltal
|-resisted|p2a: Yveltal
|-damage|p2a: Yveltal|15/100 tox
|-enditem|p2a: Yveltal|Life Orb|[from] move: Knock Off|[of] p1a: Yveltal
|move|p2a: Yveltal|Oblivion Wing|p1a: Yveltal
|-damage|p1a: Yveltal|15/100
|-heal|p2a: Yveltal|33/100 tox|[from] drain|[of] p1a: Yveltal
|
|-damage|p2a: Yveltal|21/100 tox|[from] psn
|upkeep
|turn|44
|
|t:|1649746702
|move|p1a: Yveltal|Knock Off|p2a: Yveltal
|-resisted|p2a: Yveltal
|-damage|p2a: Yveltal|7/100 tox
|move|p2a: Yveltal|Oblivion Wing|p1a: Yveltal
|-damage|p1a: Yveltal|0 fnt
|-heal|p2a: Yveltal|20/100 tox|[from] drain|[of] p1a: Yveltal
|faint|p1a: Yveltal
|
|-damage|p2a: Yveltal|2/100 tox|[from] psn
|upkeep
|
|t:|1649746705
|switch|p1a: Ho-Oh|Ho-Oh|56/100
|turn|45
|
|t:|1649746707
|move|p1a: Ho-Oh|Protect|p1a: Ho-Oh
|-singleturn|p1a: Ho-Oh|Protect
|move|p2a: Yveltal|Dark Pulse|p1a: Ho-Oh
|-activate|p1a: Ho-Oh|move: Protect
|
|-damage|p2a: Yveltal|0 fnt|[from] psn
|faint|p2a: Yveltal
|
|win|RRRRRRRRRRex
|upkeep
|raw|RRRRRRRRRRex's rating: 1663 &rarr; <strong>1690</strong><br />(+27 for winning)
|raw|Tianf's rating: 1799 &rarr; <strong>1772</strong><br />(-27 for losing)
|l|☆Tianf
|l| serestens
