|j|☆Profe$$or Oak
|j|☆Renegaze'd
|inactive|Battle timer is ON: inactive players will automatically lose when time's up.
|t:|1629310431
|gametype|singles
|player|p1|Profe$$or Oak|oak-gen1|
|player|p2|Renegaze'd|artist|
|teamsize|p1|6
|teamsize|p2|6
|gen|8
|tier|[Gen 8] National Dex AG
|rated|Tournament battle
|rule|HP Percentage Mod: HP is shown in percentages
|rule|Endless Battle Clause: Forcing endless battles is banned
|clearpoke
|poke|p1|Rayquaza|
|poke|p1|Arceus-*|
|poke|p1|Necrozma-Dusk-Mane|
|poke|p1|Arceus-*|
|poke|p1|Ho-Oh|
|poke|p1|Ditto|
|poke|p2|Arceus-*|
|poke|p2|Necrozma-Dusk-Mane|
|poke|p2|Arceus-*|
|poke|p2|Gengar, M|
|poke|p2|Yveltal|
|poke|p2|Groudon|
|teampreview
|inactive|Profe$$or Oak also wants the timer to be on.
|j|%Frito135 ♡
|
|t:|1629310442
|start
|switch|p1a: Rayquaza|Rayquaza|100/100
|switch|p2a: Yveltal|Yveltal|100/100
|-ability|p2a: Yveltal|Dark Aura
|-ability|p1a: Rayquaza|Air Lock
|turn|1
|
|t:|1629310455
|switch|p1a: Arceus|Arceus-Dark|100/100
|move|p2a: Yveltal|Foul Play|p1a: Arceus
|-resisted|p1a: Arceus
|-damage|p1a: Arceus|88/100
|
|upkeep
|turn|2
|
|t:|1629310461
|switch|p2a: Arceus|Arceus-Fairy|100/100
|move|p1a: Arceus|Calm Mind|p1a: Arceus
|-boost|p1a: Arceus|spa|1
|-boost|p1a: Arceus|spd|1
|
|upkeep
|turn|3
|
|t:|1629310465
|switch|p1a: Necrozma|Necrozma-Dusk-Mane|100/100
|move|p2a: Arceus|Judgment|p1a: Necrozma
|-resisted|p1a: Necrozma
|-damage|p1a: Necrozma|81/100
|
|upkeep
|turn|4
|
|t:|1629310468
|switch|p2a: Groudon|Groudon|100/100
|detailschange|p2a: Groudon|Groudon-Primal
|-primal|p2a: Groudon
|-weather|DesolateLand|[from] ability: Desolate Land|[of] p2a: Groudon
|move|p1a: Necrozma|Stealth Rock|p2a: Groudon
|-sidestart|p2: Renegaze'd|move: Stealth Rock
|
|-weather|DesolateLand|[upkeep]
|upkeep
|turn|5
|
|t:|1629310470
|switch|p1a: Rayquaza|Rayquaza|100/100
|-ability|p1a: Rayquaza|Air Lock
|move|p2a: Groudon|Stealth Rock|p1a: Rayquaza
|-sidestart|p1: Profe$$or Oak|move: Stealth Rock
|
|-weather|DesolateLand|[upkeep]
|upkeep
|turn|6
|
|t:|1629310473
|detailschange|p1a: Rayquaza|Rayquaza-Mega
|-mega|p1a: Rayquaza|Rayquaza|
|-weather|DeltaStream|[from] ability: Delta Stream|[of] p1a: Rayquaza
|move|p1a: Rayquaza|Dragon Ascent|p2a: Groudon
|-damage|p2a: Groudon|48/100
|-unboost|p1a: Rayquaza|def|1
|-unboost|p1a: Rayquaza|spd|1
|-damage|p1a: Rayquaza|91/100|[from] item: Life Orb
|move|p2a: Groudon|Toxic|p1a: Rayquaza
|-status|p1a: Rayquaza|tox
|
|-weather|DeltaStream|[upkeep]
|-damage|p1a: Rayquaza|85/100 tox|[from] psn
|upkeep
|turn|7
|
|t:|1629310481
|move|p1a: Rayquaza|Dragon Ascent|p2a: Groudon
|-damage|p2a: Groudon|0 fnt
|-unboost|p1a: Rayquaza|def|1
|-unboost|p1a: Rayquaza|spd|1
|faint|p2a: Groudon
|-damage|p1a: Rayquaza|75/100 tox|[from] item: Life Orb
|
|-weather|DeltaStream|[upkeep]
|-damage|p1a: Rayquaza|63/100 tox|[from] psn
|upkeep
|
|t:|1629310484
|switch|p2a: Gengar|Gengar, M|100/100
|-damage|p2a: Gengar|88/100|[from] Stealth Rock
|turn|8
|
|t:|1629310492
|-weather|none
|switch|p1a: Ho-Oh|Ho-Oh|100/100
|detailschange|p2a: Gengar|Gengar-Mega, M
|-mega|p2a: Gengar|Gengar|Gengarite
|move|p2a: Gengar|Shadow Ball|p1a: Ho-Oh
|-damage|p1a: Ho-Oh|75/100
|
|upkeep
|turn|9
|
|t:|1629310497
|move|p2a: Gengar|Nasty Plot|p2a: Gengar
|-boost|p2a: Gengar|spa|2
|move|p1a: Ho-Oh|Sacred Fire|p2a: Gengar
|-damage|p2a: Gengar|16/100
|
|upkeep
|turn|10
|
|t:|1629310503
|move|p2a: Gengar|Shadow Ball|p1a: Ho-Oh
|-damage|p1a: Ho-Oh|27/100
|move|p1a: Ho-Oh|Sacred Fire|p2a: Gengar
|-damage|p2a: Gengar|0 fnt
|faint|p2a: Gengar
|
|upkeep
|
|t:|1629310512
|switch|p2a: Arceus|Arceus|100/100
|-damage|p2a: Arceus|88/100|[from] Stealth Rock
|turn|11
|
|t:|1629310514
|move|p2a: Arceus|Swords Dance|p2a: Arceus
|-boost|p2a: Arceus|atk|2
|move|p1a: Ho-Oh|Sacred Fire|p2a: Arceus
|-damage|p2a: Arceus|61/100
|-status|p2a: Arceus|brn
|-enditem|p2a: Arceus|Lum Berry|[eat]
|-curestatus|p2a: Arceus|brn|[msg]
|
|upkeep
|turn|12
|c|☆Profe$$or Oak|Lum Berry Nice
|
|t:|1629310526
|move|p2a: Arceus|Extreme Speed|p1a: Ho-Oh
|-damage|p1a: Ho-Oh|0 fnt
|faint|p1a: Ho-Oh
|
|upkeep
|
|t:|1629310544
|switch|p1a: Ditto|Ditto|100/100
|-damage|p1a: Ditto|88/100|[from] Stealth Rock
|-transform|p1a: Ditto|p2a: Arceus|[from] ability: Imposter
|turn|13
|
|t:|1629310564
|-start|p1a: Ditto|Dynamax
|-heal|p1a: Ditto|88/100|[silent]
|move|p2a: Arceus|Extreme Speed|p1a: Ditto
|-damage|p1a: Ditto|47/100
|move|p1a: Ditto|Max Strike|p2a: Arceus
|-damage|p2a: Arceus|0 fnt
|faint|p2a: Arceus
|
|upkeep
|
|t:|1629310569
|switch|p2a: Yveltal|Yveltal|100/100
|-damage|p2a: Yveltal|76/100|[from] Stealth Rock
|-ability|p2a: Yveltal|Dark Aura
|turn|14
|
|t:|1629310575
|-end|p1a: Ditto|Dynamax
|-heal|p1a: Ditto|47/100|[silent]
|switch|p1a: Arceus|Arceus-Dark|88/100
|-damage|p1a: Arceus|75/100|[from] Stealth Rock
|move|p2a: Yveltal|Foul Play|p1a: Arceus
|-resisted|p1a: Arceus
|-damage|p1a: Arceus|62/100
|
|upkeep
|turn|15
|
|t:|1629310582
|switch|p2a: Arceus|Arceus-Fairy|100/100
|-damage|p2a: Arceus|88/100|[from] Stealth Rock
|move|p1a: Arceus|Calm Mind|p1a: Arceus
|-boost|p1a: Arceus|spa|1
|-boost|p1a: Arceus|spd|1
|
|upkeep
|turn|16
|
|t:|1629310593
|switch|p1a: Necrozma|Necrozma-Dusk-Mane|81/100
|-damage|p1a: Necrozma|75/100|[from] Stealth Rock
|move|p2a: Arceus|Judgment|p1a: Necrozma
|-resisted|p1a: Necrozma
|-damage|p1a: Necrozma|57/100
|
|upkeep
|turn|17
|
|t:|1629310598
|switch|p2a: Necrozma|Necrozma-Dusk-Mane|100/100
|-damage|p2a: Necrozma|94/100|[from] Stealth Rock
|move|p1a: Necrozma|Knock Off|p2a: Necrozma
|-supereffective|p2a: Necrozma
|-damage|p2a: Necrozma|67/100
|-enditem|p2a: Necrozma|Leftovers|[from] move: Knock Off|[of] p1a: Necrozma
|
|upkeep
|turn|18
|
|t:|1629310603
|switch|p1a: Arceus|Arceus-Dark|62/100
|-damage|p1a: Arceus|50/100|[from] Stealth Rock
|move|p2a: Necrozma|Swords Dance|p2a: Necrozma
|-boost|p2a: Necrozma|atk|2
|
|upkeep
|turn|19
|
|t:|1629310610
|-start|p2a: Necrozma|Dynamax
|-heal|p2a: Necrozma|67/100|[silent]
|move|p1a: Arceus|Judgment|p2a: Necrozma
|-supereffective|p2a: Necrozma
|-damage|p2a: Necrozma|41/100
|move|p2a: Necrozma|Max Quake|p1a: Arceus
|-damage|p1a: Arceus|0 fnt
|-boost|p2a: Necrozma|spd|1
|faint|p1a: Arceus
|
|upkeep
|
|t:|1629310618
|switch|p1a: Rayquaza|Rayquaza-Mega|63/100 tox
|-damage|p1a: Rayquaza|38/100 tox|[from] Stealth Rock
|-weather|DeltaStream|[from] ability: Delta Stream|[of] p1a: Rayquaza
|turn|20
|
|t:|1629310623
|move|p1a: Rayquaza|V-create|p2a: Necrozma
|-supereffective|p2a: Necrozma
|-damage|p2a: Necrozma|0 fnt
|-unboost|p1a: Rayquaza|spe|1
|-unboost|p1a: Rayquaza|def|1
|-unboost|p1a: Rayquaza|spd|1
|faint|p2a: Necrozma
|-damage|p1a: Rayquaza|28/100 tox|[from] item: Life Orb
|
|-weather|DeltaStream|[upkeep]
|-damage|p1a: Rayquaza|22/100 tox|[from] psn
|upkeep
|
|t:|1629310640
|switch|p2a: Arceus|Arceus-Fairy|88/100
|-damage|p2a: Arceus|76/100|[from] Stealth Rock
|turn|21
|j| Dockiva ❦︎
|
|t:|1629310644
|move|p1a: Rayquaza|Extreme Speed|p2a: Arceus
|-damage|p2a: Arceus|44/100
|-damage|p1a: Rayquaza|12/100 tox|[from] item: Life Orb
|move|p2a: Arceus|Judgment|p1a: Rayquaza
|-supereffective|p1a: Rayquaza
|-damage|p1a: Rayquaza|0 fnt
|faint|p1a: Rayquaza
|-weather|none
|
|upkeep
|
|t:|1629310651
|switch|p1a: Necrozma|Necrozma-Dusk-Mane|57/100
|-damage|p1a: Necrozma|51/100|[from] Stealth Rock
|turn|22
|
|t:|1629310665
|switch|p2a: Yveltal|Yveltal|76/100
|-damage|p2a: Yveltal|51/100|[from] Stealth Rock
|-ability|p2a: Yveltal|Dark Aura
|move|p1a: Necrozma|Sunsteel Strike|p2a: Yveltal
|-damage|p2a: Yveltal|8/100
|
|upkeep
|turn|23
|
|t:|1629310676
|switch|p1a: Ditto|Ditto|47/100
|-damage|p1a: Ditto|34/100|[from] Stealth Rock
|-transform|p1a: Ditto|p2a: Yveltal|[from] ability: Imposter
|-ability|p1a: Ditto|Dark Aura
|move|p2a: Yveltal|Oblivion Wing|p1a: Ditto
|-damage|p1a: Ditto|0 fnt
|-heal|p2a: Yveltal|25/100|[from] drain|[of] p1a: Ditto
|faint|p1a: Ditto
|
|upkeep
|
|t:|1629310678
|switch|p1a: Arceus|Arceus-Fairy|100/100
|-damage|p1a: Arceus|88/100|[from] Stealth Rock
|turn|24
|
|t:|1629310682
|move|p2a: Yveltal|Oblivion Wing|p1a: Arceus
|-damage|p1a: Arceus|64/100
|-heal|p2a: Yveltal|43/100|[from] drain|[of] p1a: Arceus
|move|p1a: Arceus|Calm Mind|p1a: Arceus
|-boost|p1a: Arceus|spa|1
|-boost|p1a: Arceus|spd|1
|
|upkeep
|turn|25
|
|t:|1629310685
|switch|p2a: Arceus|Arceus-Fairy|44/100
|-damage|p2a: Arceus|31/100|[from] Stealth Rock
|move|p1a: Arceus|Recover|p1a: Arceus
|-heal|p1a: Arceus|100/100
|
|upkeep
|turn|26
|
|t:|1629310687
|move|p2a: Arceus|Recover|p2a: Arceus
|-heal|p2a: Arceus|81/100
|move|p1a: Arceus|Judgment|p2a: Arceus
|-damage|p2a: Arceus|30/100
|
|upkeep
|turn|27
|
|t:|1629310693
|move|p2a: Arceus|Calm Mind|p2a: Arceus
|-boost|p2a: Arceus|spa|1
|-boost|p2a: Arceus|spd|1
|move|p1a: Arceus|Calm Mind|p1a: Arceus
|-boost|p1a: Arceus|spa|1
|-boost|p1a: Arceus|spd|1
|
|upkeep
|turn|28
|
|t:|1629310698
|move|p2a: Arceus|Calm Mind|p2a: Arceus
|-boost|p2a: Arceus|spa|1
|-boost|p2a: Arceus|spd|1
|move|p1a: Arceus|Judgment|p2a: Arceus
|-damage|p2a: Arceus|0 fnt
|faint|p2a: Arceus
|
|upkeep
|-message|Renegaze'd forfeited.
|
|win|Profe$$or Oak
|n|☆Profe$$or Oak|profeoroak
|n|☆Renegaze'd|renegazed
|n| Frito135 ♡|frito135
|n| Dockiva ❦︎|dockiva
|c|☆Profe$$or Oak|Gg
|l|☆Renegaze'd
