|j|☆svaccato
|j|☆justznic
|t:|1668014888
|gametype|singles
|player|p1|svaccato|1|1401
|player|p2|justznic|170|1514
|teamsize|p1|6
|teamsize|p2|6
|gen|8
|tier|[Gen 8] National Dex AG
|rated|
|rule|HP Percentage Mod: HP is shown in percentages
|rule|Endless Battle Clause: Forcing endless battles is banned
|clearpoke
|poke|p1|Purugly, F|
|poke|p1|Galvantula, M|
|poke|p1|Slurpuff, F|
|poke|p1|Tangrowth, F|
|poke|p1|Drampa, F|
|poke|p1|Gastrodon, F|
|poke|p2|Klefki, M|
|poke|p2|Ditto|
|poke|p2|Mewtwo|
|poke|p2|Kyogre|
|poke|p2|Calyrex-Shadow|
|poke|p2|Articuno|
|teampreview
|inactive|Battle timer is ON: inactive players will automatically lose when time's up. (requested by svaccato)
|inactive|justznic also wants the timer to be on.
|
|t:|1668014901
|start
|switch|p1a: Purugly|Purugly, F, shiny|100/100
|switch|p2a: Ditto|Ditto|100/100
|-transform|p2a: Ditto|p1a: Purugly|[from] ability: Imposter
|turn|1
|
|t:|1668014910
|switch|p1a: Tangrowth|Tangrowth, F, shiny|100/100
|move|p2a: Ditto|Fake Out|p1a: Tangrowth
|-damage|p1a: Tangrowth|93/100
|-damage|p2a: Ditto|84/100|[from] item: Rocky Helmet|[of] p1a: Tangrowth
|
|upkeep
|turn|2
|
|t:|1668014925
|switch|p2a: Klefki|Klefki, M|100/100
|move|p1a: Tangrowth|Stun Spore|p2a: Klefki|[miss]
|-miss|p1a: Tangrowth|p2a: Klefki
|
|upkeep
|turn|3
|
|t:|1668014930
|move|p2a: Klefki|Substitute|p2a: Klefki
|-start|p2a: Klefki|Substitute
|-damage|p2a: Klefki|76/100
|move|p1a: Tangrowth|Leech Seed||[still]
|-fail|p1a: Tangrowth
|
|-heal|p2a: Klefki|82/100|[from] item: Leftovers
|upkeep
|turn|4
|
|t:|1668014935
|move|p2a: Klefki|Toxic|p1a: Tangrowth
|-status|p1a: Tangrowth|tox
|move|p1a: Tangrowth|Power Whip|p2a: Klefki|[miss]
|-miss|p1a: Tangrowth|p2a: Klefki
|
|-heal|p2a: Klefki|88/100|[from] item: Leftovers
|-damage|p1a: Tangrowth|87/100 tox|[from] psn
|upkeep
|turn|5
|
|t:|1668014940
|switch|p1a: Drampa|Drampa, F, shiny|100/100
|move|p2a: Klefki|Spikes|p1a: Drampa
|-sidestart|p1: svaccato|Spikes
|
|-heal|p2a: Klefki|94/100|[from] item: Leftovers
|upkeep
|turn|6
|
|t:|1668014950
|move|p2a: Klefki|Play Rough|p1a: Drampa
|-supereffective|p1a: Drampa
|-damage|p1a: Drampa|48/100
|move|p1a: Drampa|Hyper Voice|p2a: Klefki
|-resisted|p2a: Klefki
|-damage|p2a: Klefki|71/100
|
|-heal|p2a: Klefki|77/100|[from] item: Leftovers
|-heal|p1a: Drampa|54/100|[from] item: Leftovers
|upkeep
|turn|7
|
|t:|1668014961
|switch|p1a: Galvantula|Galvantula, M, shiny|100/100
|-damage|p1a: Galvantula|88/100|[from] Spikes
|move|p2a: Klefki|Play Rough|p1a: Galvantula
|-damage|p1a: Galvantula|43/100
|
|-heal|p2a: Klefki|83/100|[from] item: Leftovers
|upkeep
|turn|8
|
|t:|1668014971
|move|p1a: Galvantula|Sticky Web|p2a: Klefki
|-sidestart|p2: justznic|move: Sticky Web
|move|p2a: Klefki|Play Rough|p1a: Galvantula
|-damage|p1a: Galvantula|0 fnt
|faint|p1a: Galvantula
|
|-heal|p2a: Klefki|89/100|[from] item: Leftovers
|upkeep
|
|t:|1668014979
|switch|p1a: Drampa|Drampa, F, shiny|54/100
|-damage|p1a: Drampa|42/100|[from] Spikes
|turn|9
|
|t:|1668014985
|move|p2a: Klefki|Toxic|p1a: Drampa
|-status|p1a: Drampa|tox
|move|p1a: Drampa|Flamethrower|p2a: Klefki
|-supereffective|p2a: Klefki
|-end|p2a: Klefki|Substitute
|
|-heal|p2a: Klefki|95/100|[from] item: Leftovers
|-heal|p1a: Drampa|48/100 tox|[from] item: Leftovers
|-damage|p1a: Drampa|42/100 tox|[from] psn
|upkeep
|turn|10
|
|t:|1668014990
|move|p2a: Klefki|Substitute|p2a: Klefki
|-start|p2a: Klefki|Substitute
|-damage|p2a: Klefki|70/100
|move|p1a: Drampa|Flamethrower|p2a: Klefki
|-supereffective|p2a: Klefki
|-end|p2a: Klefki|Substitute
|
|-heal|p2a: Klefki|76/100|[from] item: Leftovers
|-heal|p1a: Drampa|48/100 tox|[from] item: Leftovers
|-damage|p1a: Drampa|36/100 tox|[from] psn
|upkeep
|turn|11
|
|t:|1668015000
|switch|p2a: Kyogre|Kyogre|100/100
|-activate|p2a: Kyogre|move: Sticky Web
|-unboost|p2a: Kyogre|spe|1
|detailschange|p2a: Kyogre|Kyogre-Primal
|-primal|p2a: Kyogre
|-weather|PrimordialSea|[from] ability: Primordial Sea|[of] p2a: Kyogre
|move|p1a: Drampa|Flamethrower||[still]
|-fail|p1a: Drampa|Flamethrower|[from] Primordial Sea
|
|-weather|PrimordialSea|[upkeep]
|-heal|p1a: Drampa|42/100 tox|[from] item: Leftovers
|-damage|p1a: Drampa|24/100 tox|[from] psn
|upkeep
|turn|12
|
|t:|1668015007
|-weather|none
|switch|p2a: Klefki|Klefki, M|76/100
|-activate|p2a: Klefki|move: Sticky Web
|-unboost|p2a: Klefki|spe|1
|move|p1a: Drampa|Glare|p2a: Klefki
|-status|p2a: Klefki|par
|
|-heal|p1a: Drampa|30/100 tox|[from] item: Leftovers
|-heal|p2a: Klefki|82/100 par|[from] item: Leftovers
|-damage|p1a: Drampa|5/100 tox|[from] psn
|upkeep
|turn|13
|
|t:|1668015021
|move|p2a: Klefki|Substitute|p2a: Klefki
|-start|p2a: Klefki|Substitute
|-damage|p2a: Klefki|57/100 par
|move|p1a: Drampa|Flamethrower|p2a: Klefki
|-supereffective|p2a: Klefki
|-end|p2a: Klefki|Substitute
|
|-heal|p1a: Drampa|11/100 tox|[from] item: Leftovers
|-heal|p2a: Klefki|63/100 par|[from] item: Leftovers
|-damage|p1a: Drampa|0 fnt|[from] psn
|faint|p1a: Drampa
|upkeep
|
|t:|1668015024
|switch|p1a: Slurpuff|Slurpuff, F, shiny|100/100
|-damage|p1a: Slurpuff|88/100|[from] Spikes
|turn|14
|
|t:|1668015030
|move|p2a: Klefki|Toxic|p1a: Slurpuff
|-status|p1a: Slurpuff|tox
|move|p1a: Slurpuff|Belly Drum|p1a: Slurpuff
|-damage|p1a: Slurpuff|38/100 tox
|-setboost|p1a: Slurpuff|atk|6|[from] move: Belly Drum
|-enditem|p1a: Slurpuff|Sitrus Berry|[eat]
|-heal|p1a: Slurpuff|63/100 tox|[from] item: Sitrus Berry
|
|-heal|p2a: Klefki|69/100 par|[from] item: Leftovers
|-damage|p1a: Slurpuff|57/100 tox|[from] psn
|upkeep
|turn|15
|
|t:|1668015038
|cant|p2a: Klefki|par
|move|p1a: Slurpuff|Drain Punch|p2a: Klefki
|-damage|p2a: Klefki|0 fnt
|-heal|p1a: Slurpuff|86/100 tox|[from] drain|[of] p2a: Klefki
|faint|p2a: Klefki
|
|-damage|p1a: Slurpuff|74/100 tox|[from] psn
|upkeep
|
|t:|1668015046
|switch|p2a: Articuno|Articuno|100/100
|turn|16
|
|t:|1668015054
|move|p1a: Slurpuff|Facade|p2a: Articuno
|-enditem|p2a: Articuno|Focus Sash
|-damage|p2a: Articuno|1/100
|move|p2a: Articuno|Mind Reader|p1a: Slurpuff
|-activate|p2a: Articuno|move: Mind Reader|[of] p1a: Slurpuff
|
|-damage|p1a: Slurpuff|55/100 tox|[from] psn
|upkeep
|turn|17
|
|t:|1668015061
|move|p1a: Slurpuff|Drain Punch|p2a: Articuno
|-damage|p2a: Articuno|0 fnt
|-heal|p1a: Slurpuff|55/100 tox|[from] drain|[of] p2a: Articuno
|faint|p2a: Articuno
|
|-damage|p1a: Slurpuff|30/100 tox|[from] psn
|upkeep
|
|t:|1668015066
|switch|p2a: Ditto|Ditto|84/100
|-activate|p2a: Ditto|move: Sticky Web
|-unboost|p2a: Ditto|spe|1
|-transform|p2a: Ditto|p1a: Slurpuff|[from] ability: Imposter
|turn|18
|
|t:|1668015081
|-start|p1a: Slurpuff|Dynamax|
|-heal|p1a: Slurpuff|30/100 tox|[silent]
|move|p1a: Slurpuff|Max Starfall|p2a: Ditto
|-damage|p2a: Ditto|0 fnt
|-fieldstart|move: Misty Terrain
|faint|p2a: Ditto
|
|-damage|p1a: Slurpuff|15/100 tox|[from] psn
|upkeep
|
|t:|1668015094
|switch|p2a: Calyrex|Calyrex-Shadow|100/100
|-ability|p2a: Calyrex|As One
|-ability|p2a: Calyrex|Unnerve
|-activate|p2a: Calyrex|move: Sticky Web
|-unboost|p2a: Calyrex|spe|1
|turn|19
|
|t:|1668015097
|-start|p2a: Calyrex|Dynamax|
|-heal|p2a: Calyrex|100/100|[silent]
|move|p1a: Slurpuff|Max Starfall|p2a: Calyrex
|-enditem|p2a: Calyrex|Focus Sash
|-damage|p2a: Calyrex|1/100
|move|p2a: Calyrex|Max Mindstorm|p1a: Slurpuff
|-damage|p1a: Slurpuff|0 fnt
|-fieldstart|move: Psychic Terrain
|faint|p1a: Slurpuff
|-ability|p2a: Calyrex|Grim Neigh|boost
|-boost|p2a: Calyrex|spa|1
|
|upkeep
|
|t:|1668015109
|switch|p1a: Purugly|Purugly, F, shiny|100/100
|-damage|p1a: Purugly|88/100|[from] Spikes
|turn|20
|
|t:|1668015118
|move|p1a: Purugly|Foul Play|p2a: Calyrex
|-supereffective|p2a: Calyrex
|-damage|p2a: Calyrex|0 fnt
|faint|p2a: Calyrex
|
|upkeep
|
|t:|1668015122
|switch|p2a: Kyogre|Kyogre-Primal|100/100
|-activate|p2a: Kyogre|move: Sticky Web
|-unboost|p2a: Kyogre|spe|1
|-weather|PrimordialSea|[from] ability: Primordial Sea|[of] p2a: Kyogre
|turn|21
|
|t:|1668015127
|switch|p1a: Gastrodon|Gastrodon, F, shiny|100/100
|-damage|p1a: Gastrodon|88/100|[from] Spikes
|move|p2a: Kyogre|Origin Pulse|p1a: Gastrodon
|-ability|p1a: Gastrodon|Storm Drain|boost
|-boost|p1a: Gastrodon|spa|1
|
|-weather|PrimordialSea|[upkeep]
|-heal|p1a: Gastrodon|94/100|[from] item: Leftovers
|upkeep
|turn|22
|
|t:|1668015138
|move|p2a: Kyogre|Ice Beam|p1a: Gastrodon
|-damage|p1a: Gastrodon|65/100
|move|p1a: Gastrodon|Scald|p2a: Kyogre
|-resisted|p2a: Kyogre
|-damage|p2a: Kyogre|81/100
|
|-weather|PrimordialSea|[upkeep]
|-heal|p1a: Gastrodon|71/100|[from] item: Leftovers
|upkeep
|turn|23
|
|t:|1668015144
|move|p2a: Kyogre|Ice Beam|p1a: Gastrodon
|-damage|p1a: Gastrodon|42/100
|move|p1a: Gastrodon|Recover|p1a: Gastrodon
|-heal|p1a: Gastrodon|92/100
|
|-weather|PrimordialSea|[upkeep]
|-heal|p1a: Gastrodon|98/100|[from] item: Leftovers
|-fieldend|move: Psychic Terrain
|upkeep
|turn|24
|
|t:|1668015150
|move|p2a: Kyogre|Ice Beam|p1a: Gastrodon
|-damage|p1a: Gastrodon|71/100
|move|p1a: Gastrodon|Scald|p2a: Kyogre
|-resisted|p2a: Kyogre
|-damage|p2a: Kyogre|61/100
|
|-weather|PrimordialSea|[upkeep]
|-heal|p1a: Gastrodon|77/100|[from] item: Leftovers
|upkeep
|turn|25
|
|t:|1668015155
|move|p2a: Kyogre|Ice Beam|p1a: Gastrodon
|-damage|p1a: Gastrodon|49/100
|move|p1a: Gastrodon|Scald|p2a: Kyogre
|-resisted|p2a: Kyogre
|-damage|p2a: Kyogre|42/100
|
|-weather|PrimordialSea|[upkeep]
|-heal|p1a: Gastrodon|55/100|[from] item: Leftovers
|upkeep
|turn|26
|
|t:|1668015159
|move|p2a: Kyogre|Ice Beam|p1a: Gastrodon
|-damage|p1a: Gastrodon|28/100
|move|p1a: Gastrodon|Recover|p1a: Gastrodon
|-heal|p1a: Gastrodon|78/100
|
|-weather|PrimordialSea|[upkeep]
|-heal|p1a: Gastrodon|85/100|[from] item: Leftovers
|upkeep
|turn|27
|
|t:|1668015166
|move|p2a: Kyogre|Ice Beam|p1a: Gastrodon
|-damage|p1a: Gastrodon|57/100
|-status|p1a: Gastrodon|frz
|cant|p1a: Gastrodon|frz
|
|-weather|PrimordialSea|[upkeep]
|-heal|p1a: Gastrodon|63/100 frz|[from] item: Leftovers
|upkeep
|turn|28
|
|t:|1668015173
|-weather|none
|switch|p2a: Mewtwo|Mewtwo|100/100
|-ability|p2a: Mewtwo|Unnerve
|-activate|p2a: Mewtwo|move: Sticky Web
|-unboost|p2a: Mewtwo|spe|1
|-curestatus|p1a: Gastrodon|frz|[from] move: Scald
|move|p1a: Gastrodon|Scald|p2a: Mewtwo
|-damage|p2a: Mewtwo|62/100
|
|-heal|p1a: Gastrodon|69/100|[from] item: Leftovers
|upkeep
|turn|29
|
|t:|1668015182
|detailschange|p2a: Mewtwo|Mewtwo-Mega-Y
|-mega|p2a: Mewtwo|Mewtwo|Mewtwonite Y
|move|p2a: Mewtwo|Calm Mind|p2a: Mewtwo
|-boost|p2a: Mewtwo|spa|1
|-boost|p2a: Mewtwo|spd|1
|move|p1a: Gastrodon|Recover|p1a: Gastrodon
|-heal|p1a: Gastrodon|100/100
|
|upkeep
|turn|30
|
|t:|1668015189
|move|p2a: Mewtwo|Calm Mind|p2a: Mewtwo
|-boost|p2a: Mewtwo|spa|1
|-boost|p2a: Mewtwo|spd|1
|move|p1a: Gastrodon|Clear Smog|p2a: Mewtwo
|-damage|p2a: Mewtwo|54/100
|-clearboost|p2a: Mewtwo
|
|upkeep
|turn|31
|
|t:|1668015197
|move|p2a: Mewtwo|Calm Mind|p2a: Mewtwo
|-boost|p2a: Mewtwo|spa|1
|-boost|p2a: Mewtwo|spd|1
|move|p1a: Gastrodon|Scald|p2a: Mewtwo
|-damage|p2a: Mewtwo|32/100
|
|upkeep
|turn|32
|
|t:|1668015202
|move|p2a: Mewtwo|Psystrike|p1a: Gastrodon
|-damage|p1a: Gastrodon|0 fnt
|faint|p1a: Gastrodon
|
|upkeep
|
|t:|1668015205
|switch|p1a: Purugly|Purugly, F, shiny|88/100
|-damage|p1a: Purugly|76/100|[from] Spikes
|turn|33
|
|t:|1668015215
|move|p1a: Purugly|Fake Out|p2a: Mewtwo
|-damage|p2a: Mewtwo|11/100
|cant|p2a: Mewtwo|flinch
|
|upkeep
|turn|34
|
|t:|1668015219
|switch|p1a: Tangrowth|Tangrowth, F, shiny|100/100 tox
|-damage|p1a: Tangrowth|88/100 tox|[from] Spikes
|move|p2a: Mewtwo|Psystrike|p1a: Tangrowth
|-damage|p1a: Tangrowth|31/100 tox
|
|-damage|p1a: Tangrowth|25/100 tox|[from] psn
|upkeep
|turn|35
|
|t:|1668015229
|move|p2a: Mewtwo|Ice Beam|p1a: Tangrowth
|-supereffective|p1a: Tangrowth
|-damage|p1a: Tangrowth|0 fnt
|faint|p1a: Tangrowth
|
|upkeep
|
|t:|1668015231
|switch|p1a: Purugly|Purugly, F, shiny|76/100
|-damage|p1a: Purugly|63/100|[from] Spikes
|turn|36
|
|t:|1668015238
|move|p1a: Purugly|Fake Out|p2a: Mewtwo
|-crit|p2a: Mewtwo
|-damage|p2a: Mewtwo|0 fnt
|faint|p2a: Mewtwo
|
|upkeep
|
|t:|1668015240
|switch|p2a: Kyogre|Kyogre-Primal|42/100
|-activate|p2a: Kyogre|move: Sticky Web
|-unboost|p2a: Kyogre|spe|1
|-weather|PrimordialSea|[from] ability: Primordial Sea|[of] p2a: Kyogre
|turn|37
|
|t:|1668015244
|move|p1a: Purugly|Body Slam|p2a: Kyogre
|-damage|p2a: Kyogre|0 fnt
|faint|p2a: Kyogre
|-weather|none
|
|win|svaccato
|raw|svaccato's rating: 1401 &rarr; <strong>1427</strong><br />(+26 for winning)
|raw|justznic's rating: 1514 &rarr; <strong>1488</strong><br />(-26 for losing)
|l|☆justznic
|c|☆svaccato|GG
||Ladder isn't responding, score probably updated but might not have (Request timeout).
