|j|☆TomoTaco69
|j|☆diggersboy660
|t:|1668434005
|gametype|singles
|player|p1|TomoTaco69|1|1624
|player|p2|diggersboy660|n|1791
|teamsize|p1|6
|teamsize|p2|6
|gen|8
|tier|[Gen 8] National Dex AG
|rated|
|rule|HP Percentage Mod: HP is shown in percentages
|rule|Endless Battle Clause: Forcing endless battles is banned
|clearpoke
|poke|p1|Arceus-*|
|poke|p1|Yveltal|
|poke|p1|Ditto|
|poke|p1|Necrozma-Dusk-Mane|
|poke|p1|Kyogre|
|poke|p1|Rayquaza|
|poke|p2|Ditto|
|poke|p2|Relicanth, M|
|poke|p2|Yveltal|
|poke|p2|Arceus-*|
|poke|p2|Xerneas-*|
|poke|p2|Eternatus|
|teampreview
|inactive|Battle timer is ON: inactive players will automatically lose when time's up. (requested by diggersboy660)
|
|t:|1668434013
|start
|switch|p1a: Rayquaza|Rayquaza, shiny|100/100
|switch|p2a: Relicanth|Relicanth, M|100/100
|-ability|p1a: Rayquaza|Air Lock
|turn|1
|
|t:|1668434021
|move|p1a: Rayquaza|Substitute|p1a: Rayquaza
|-start|p1a: Rayquaza|Substitute
|-damage|p1a: Rayquaza|75/100
|move|p2a: Relicanth|Stealth Rock|p1a: Rayquaza
|-sidestart|p1: TomoTaco69|move: Stealth Rock
|
|-heal|p1a: Rayquaza|82/100|[from] item: Leftovers
|upkeep
|turn|2
|
|t:|1668434024
|detailschange|p1a: Rayquaza|Rayquaza-Mega, shiny
|-mega|p1a: Rayquaza|Rayquaza|
|-weather|DeltaStream|[from] ability: Delta Stream|[of] p1a: Rayquaza
|move|p1a: Rayquaza|Earthquake|p2a: Relicanth
|-supereffective|p2a: Relicanth
|-damage|p2a: Relicanth|27/100
|move|p2a: Relicanth|Rock Tomb|p1a: Rayquaza
|-activate||deltastream
|-activate|p1a: Rayquaza|move: Substitute|[damage]
|
|-weather|DeltaStream|[upkeep]
|-heal|p1a: Rayquaza|88/100|[from] item: Leftovers
|upkeep
|turn|3
|
|t:|1668434027
|move|p1a: Rayquaza|Earthquake|p2a: Relicanth
|-supereffective|p2a: Relicanth
|-crit|p2a: Relicanth
|-damage|p2a: Relicanth|0 fnt
|faint|p2a: Relicanth
|
|-weather|DeltaStream|[upkeep]
|-heal|p1a: Rayquaza|94/100|[from] item: Leftovers
|upkeep
|
|t:|1668434033
|switch|p2a: Arceus|Arceus|100/100
|turn|4
|
|t:|1668434036
|move|p2a: Arceus|Extreme Speed|p1a: Rayquaza
|-end|p1a: Rayquaza|Substitute
|move|p1a: Rayquaza|Dragon Ascent|p2a: Arceus
|-damage|p2a: Arceus|50/100
|-unboost|p1a: Rayquaza|def|1
|-unboost|p1a: Rayquaza|spd|1
|-enditem|p2a: Arceus|Sitrus Berry|[eat]
|-heal|p2a: Arceus|75/100|[from] item: Sitrus Berry
|
|-weather|DeltaStream|[upkeep]
|-heal|p1a: Rayquaza|99/100|[from] item: Leftovers
|upkeep
|turn|5
|
|t:|1668434043
|move|p2a: Arceus|Extreme Speed|p1a: Rayquaza
|-damage|p1a: Rayquaza|37/100
|move|p1a: Rayquaza|Substitute|p1a: Rayquaza
|-start|p1a: Rayquaza|Substitute
|-damage|p1a: Rayquaza|12/100
|
|-weather|DeltaStream|[upkeep]
|-heal|p1a: Rayquaza|18/100|[from] item: Leftovers
|upkeep
|turn|6
|
|t:|1668434047
|move|p2a: Arceus|Extreme Speed|p1a: Rayquaza
|-end|p1a: Rayquaza|Substitute
|move|p1a: Rayquaza|Dragon Ascent|p2a: Arceus
|-damage|p2a: Arceus|22/100
|-unboost|p1a: Rayquaza|def|1
|-unboost|p1a: Rayquaza|spd|1
|
|-weather|DeltaStream|[upkeep]
|-heal|p1a: Rayquaza|24/100|[from] item: Leftovers
|upkeep
|turn|7
|
|t:|1668434050
|move|p1a: Rayquaza|Extreme Speed|p2a: Arceus
|-damage|p2a: Arceus|0 fnt
|faint|p2a: Arceus
|
|-weather|DeltaStream|[upkeep]
|-heal|p1a: Rayquaza|30/100|[from] item: Leftovers
|upkeep
|
|t:|1668434052
|switch|p2a: Xerneas|Xerneas|100/100
|-ability|p2a: Xerneas|Fairy Aura
|turn|8
|
|t:|1668434056
|move|p1a: Rayquaza|Substitute|p1a: Rayquaza
|-start|p1a: Rayquaza|Substitute
|-damage|p1a: Rayquaza|5/100
|move|p2a: Xerneas|Geomancy||[still]
|-prepare|p2a: Xerneas|Geomancy
|-enditem|p2a: Xerneas|Power Herb
|-anim|p2a: Xerneas|Geomancy|p2a: Xerneas
|-boost|p2a: Xerneas|spa|2
|-boost|p2a: Xerneas|spd|2
|-boost|p2a: Xerneas|spe|2
|
|-weather|DeltaStream|[upkeep]
|-heal|p1a: Rayquaza|11/100|[from] item: Leftovers
|upkeep
|turn|9
|
|t:|1668434057
|move|p2a: Xerneas|Draining Kiss|p1a: Rayquaza
|-supereffective|p1a: Rayquaza
|-end|p1a: Rayquaza|Substitute
|move|p1a: Rayquaza|Dragon Ascent|p2a: Xerneas
|-crit|p2a: Xerneas
|-damage|p2a: Xerneas|19/100
|-unboost|p1a: Rayquaza|def|1
|-unboost|p1a: Rayquaza|spd|1
|
|-weather|DeltaStream|[upkeep]
|-heal|p1a: Rayquaza|17/100|[from] item: Leftovers
|upkeep
|turn|10
|
|t:|1668434060
|move|p1a: Rayquaza|Extreme Speed|p2a: Xerneas
|-damage|p2a: Xerneas|0 fnt
|faint|p2a: Xerneas
|
|-weather|DeltaStream|[upkeep]
|-heal|p1a: Rayquaza|23/100|[from] item: Leftovers
|upkeep
|
|t:|1668434062
|switch|p2a: Yveltal|Yveltal|100/100
|-ability|p2a: Yveltal|Dark Aura
|turn|11
|
|t:|1668434064
|-start|p2a: Yveltal|Dynamax|
|-heal|p2a: Yveltal|100/100|[silent]
|move|p1a: Rayquaza|Extreme Speed|p2a: Yveltal
|-damage|p2a: Yveltal|86/100
|move|p2a: Yveltal|Max Airstream|p1a: Rayquaza
|-damage|p1a: Rayquaza|0 fnt
|-boost|p2a: Yveltal|spe|1
|faint|p1a: Rayquaza
|-weather|none
|
|upkeep
|
|t:|1668434071
|switch|p1a: Yveltal|Yveltal|100/100
|-damage|p1a: Yveltal|75/100|[from] Stealth Rock
|-ability|p1a: Yveltal|Dark Aura
|turn|12
|
|t:|1668434074
|-start|p1a: Yveltal|Dynamax|
|-heal|p1a: Yveltal|75/100|[silent]
|move|p2a: Yveltal|Max Airstream|p1a: Yveltal
|-damage|p1a: Yveltal|45/100
|-boost|p2a: Yveltal|spe|1
|move|p1a: Yveltal|Max Flutterby|p2a: Yveltal
|-damage|p2a: Yveltal|67/100
|-unboost|p2a: Yveltal|spa|1
|-damage|p1a: Yveltal|40/100|[from] item: Life Orb
|
|upkeep
|turn|13
|
|t:|1668434079
|move|p2a: Yveltal|Max Airstream|p1a: Yveltal
|-damage|p1a: Yveltal|19/100
|-boost|p2a: Yveltal|spe|1
|move|p1a: Yveltal|Max Airstream|p2a: Yveltal
|-damage|p2a: Yveltal|31/100
|-boost|p1a: Yveltal|spe|1
|-damage|p1a: Yveltal|14/100|[from] item: Life Orb
|
|upkeep
|-end|p2a: Yveltal|Dynamax
|-heal|p2a: Yveltal|31/100|[silent]
|turn|14
|
|t:|1668434082
|move|p2a: Yveltal|Oblivion Wing|p1a: Yveltal
|-damage|p1a: Yveltal|2/100
|-heal|p2a: Yveltal|50/100|[from] drain|[of] p1a: Yveltal
|move|p1a: Yveltal|Max Airstream|p2a: Yveltal
|-damage|p2a: Yveltal|0 fnt
|-boost|p1a: Yveltal|spe|1
|faint|p2a: Yveltal
|-damage|p1a: Yveltal|0 fnt|[from] item: Life Orb
|faint|p1a: Yveltal
|
|upkeep
|
|t:|1668434087
|switch|p1a: Necrozma|Necrozma-Dusk-Mane|100/100
|switch|p2a: Eternatus|Eternatus|100/100
|-ability|p2a: Eternatus|Pressure
|-damage|p1a: Necrozma|94/100|[from] Stealth Rock
|turn|15
|
|t:|1668434090
|move|p2a: Eternatus|Cosmic Power|p2a: Eternatus
|-boost|p2a: Eternatus|def|1
|-boost|p2a: Eternatus|spd|1
|move|p1a: Necrozma|Knock Off|p2a: Eternatus
|-damage|p2a: Eternatus|85/100
|-enditem|p2a: Eternatus|Black Sludge|[from] move: Knock Off|[of] p1a: Necrozma
|
|upkeep
|turn|16
|
|t:|1668434093
|move|p2a: Eternatus|Cosmic Power|p2a: Eternatus
|-boost|p2a: Eternatus|def|1
|-boost|p2a: Eternatus|spd|1
|move|p1a: Necrozma|Stealth Rock|p2a: Eternatus
|-sidestart|p2: diggersboy660|move: Stealth Rock
|
|upkeep
|turn|17
|
|t:|1668434096
|switch|p1a: Arceus|Arceus-Ground|100/100
|-damage|p1a: Arceus|94/100|[from] Stealth Rock
|move|p2a: Eternatus|Cosmic Power|p2a: Eternatus
|-boost|p2a: Eternatus|def|1
|-boost|p2a: Eternatus|spd|1
|
|upkeep
|turn|18
|
|t:|1668434099
|move|p2a: Eternatus|Toxic|p1a: Arceus
|-status|p1a: Arceus|tox
|move|p1a: Arceus|Rock Tomb|p2a: Eternatus
|-damage|p2a: Eternatus|79/100
|-unboost|p2a: Eternatus|spe|1
|
|-damage|p1a: Arceus|88/100 tox|[from] psn
|upkeep
|turn|19
|
|t:|1668434102
|-zpower|p1a: Arceus
|move|p1a: Arceus|Tectonic Rage|p2a: Eternatus|[zeffect]
|-supereffective|p2a: Eternatus
|-damage|p2a: Eternatus|27/100
|move|p2a: Eternatus|Recover|p2a: Eternatus
|-heal|p2a: Eternatus|77/100
|
|-damage|p1a: Arceus|76/100 tox|[from] psn
|upkeep
|turn|20
|
|t:|1668434107
|move|p1a: Arceus|Earthquake|p2a: Eternatus
|-supereffective|p2a: Eternatus
|-damage|p2a: Eternatus|48/100
|move|p2a: Eternatus|Recover|p2a: Eternatus
|-heal|p2a: Eternatus|98/100
|
|-damage|p1a: Arceus|57/100 tox|[from] psn
|upkeep
|turn|21
|
|t:|1668434109
|move|p1a: Arceus|Earthquake|p2a: Eternatus
|-supereffective|p2a: Eternatus
|-damage|p2a: Eternatus|68/100
|move|p2a: Eternatus|Cosmic Power|p2a: Eternatus
|-boost|p2a: Eternatus|def|1
|-boost|p2a: Eternatus|spd|1
|
|-damage|p1a: Arceus|33/100 tox|[from] psn
|upkeep
|turn|22
|
|t:|1668434111
|move|p1a: Arceus|Earthquake|p2a: Eternatus
|-supereffective|p2a: Eternatus
|-damage|p2a: Eternatus|46/100
|move|p2a: Eternatus|Recover|p2a: Eternatus
|-heal|p2a: Eternatus|96/100
|
|-damage|p1a: Arceus|2/100 tox|[from] psn
|upkeep
|turn|23
|
|t:|1668434115
|move|p1a: Arceus|Earthquake|p2a: Eternatus
|-supereffective|p2a: Eternatus
|-damage|p2a: Eternatus|72/100
|move|p2a: Eternatus|Recover|p2a: Eternatus
|-heal|p2a: Eternatus|100/100
|
|-damage|p1a: Arceus|0 fnt|[from] psn
|faint|p1a: Arceus
|upkeep
|
|t:|1668434121
|switch|p1a: Kyogre|Kyogre|100/100
|-damage|p1a: Kyogre|88/100|[from] Stealth Rock
|-weather|RainDance|[from] ability: Drizzle|[of] p1a: Kyogre
|turn|24
|
|t:|1668434123
|move|p1a: Kyogre|Thunder Wave|p2a: Eternatus
|-status|p2a: Eternatus|par
|move|p2a: Eternatus|Toxic|p1a: Kyogre
|-status|p1a: Kyogre|tox
|
|-weather|RainDance|[upkeep]
|-damage|p1a: Kyogre|82/100 tox|[from] psn
|upkeep
|turn|25
|
|t:|1668434131
|switch|p1a: Necrozma|Necrozma-Dusk-Mane|94/100
|-damage|p1a: Necrozma|88/100|[from] Stealth Rock
|move|p2a: Eternatus|Cosmic Power|p2a: Eternatus
|-boost|p2a: Eternatus|def|1
|-boost|p2a: Eternatus|spd|1
|
|-weather|RainDance|[upkeep]
|upkeep
|turn|26
|
|t:|1668434135
|move|p1a: Necrozma|Sunsteel Strike|p2a: Eternatus
|-damage|p2a: Eternatus|89/100 par
|cant|p2a: Eternatus|par
|
|-weather|RainDance|[upkeep]
|upkeep
|turn|27
|
|t:|1668434139
|move|p1a: Necrozma|Sunsteel Strike|p2a: Eternatus
|-damage|p2a: Eternatus|77/100 par
|move|p2a: Eternatus|Mystical Fire|p1a: Necrozma
|-supereffective|p1a: Necrozma
|-damage|p1a: Necrozma|78/100
|-unboost|p1a: Necrozma|spa|1
|
|-weather|RainDance|[upkeep]
|upkeep
|turn|28
|
|t:|1668434145
|move|p1a: Necrozma|Sunsteel Strike|p2a: Eternatus
|-damage|p2a: Eternatus|66/100 par
|cant|p2a: Eternatus|par
|
|-weather|none
|upkeep
|turn|29
|
|t:|1668434147
|move|p1a: Necrozma|Sunsteel Strike|p2a: Eternatus
|-damage|p2a: Eternatus|54/100 par
|move|p2a: Eternatus|Recover|p2a: Eternatus
|-heal|p2a: Eternatus|100/100 par
|
|upkeep
|turn|30
|
|t:|1668434150
|move|p1a: Necrozma|Knock Off|p2a: Eternatus
|-damage|p2a: Eternatus|96/100 par
|move|p2a: Eternatus|Mystical Fire|p1a: Necrozma
|-supereffective|p1a: Necrozma
|-damage|p1a: Necrozma|55/100
|-unboost|p1a: Necrozma|spa|1
|
|upkeep
|turn|31
|
|t:|1668434153
|move|p1a: Necrozma|Knock Off|p2a: Eternatus
|-damage|p2a: Eternatus|91/100 par
|cant|p2a: Eternatus|par
|
|upkeep
|turn|32
|
|t:|1668434155
|move|p1a: Necrozma|Knock Off|p2a: Eternatus
|-damage|p2a: Eternatus|86/100 par
|cant|p2a: Eternatus|par
|
|upkeep
|turn|33
|
|t:|1668434157
|move|p1a: Necrozma|Knock Off|p2a: Eternatus
|-damage|p2a: Eternatus|82/100 par
|move|p2a: Eternatus|Mystical Fire|p1a: Necrozma
|-supereffective|p1a: Necrozma
|-damage|p1a: Necrozma|31/100
|-unboost|p1a: Necrozma|spa|1
|
|upkeep
|turn|34
|
|t:|1668434160
|move|p1a: Necrozma|Moonlight|p1a: Necrozma
|-heal|p1a: Necrozma|81/100
|move|p2a: Eternatus|Mystical Fire|p1a: Necrozma
|-supereffective|p1a: Necrozma
|-damage|p1a: Necrozma|59/100
|-unboost|p1a: Necrozma|spa|1
|
|upkeep
|turn|35
|
|t:|1668434167
|move|p1a: Necrozma|Moonlight|p1a: Necrozma
|-heal|p1a: Necrozma|100/100
|move|p2a: Eternatus|Mystical Fire|p1a: Necrozma
|-supereffective|p1a: Necrozma
|-damage|p1a: Necrozma|78/100
|-unboost|p1a: Necrozma|spa|1
|
|upkeep
|turn|36
|
|t:|1668434170
|move|p1a: Necrozma|Knock Off|p2a: Eternatus
|-damage|p2a: Eternatus|77/100 par
|move|p2a: Eternatus|Cosmic Power|p2a: Eternatus
|-boost|p2a: Eternatus|def|1
|-boost|p2a: Eternatus|spd|1
|
|upkeep
|turn|37
|
|t:|1668434181
|move|p1a: Necrozma|Knock Off|p2a: Eternatus
|-damage|p2a: Eternatus|73/100 par
|cant|p2a: Eternatus|par
|
|upkeep
|turn|38
|
|t:|1668434183
|move|p1a: Necrozma|Knock Off|p2a: Eternatus
|-damage|p2a: Eternatus|69/100 par
|cant|p2a: Eternatus|par
|
|upkeep
|turn|39
|
|t:|1668434185
|move|p1a: Necrozma|Knock Off|p2a: Eternatus
|-damage|p2a: Eternatus|65/100 par
|cant|p2a: Eternatus|par
|
|upkeep
|turn|40
|
|t:|1668434187
|move|p1a: Necrozma|Knock Off|p2a: Eternatus
|-damage|p2a: Eternatus|60/100 par
|move|p2a: Eternatus|Recover|p2a: Eternatus
|-heal|p2a: Eternatus|100/100 par
|
|upkeep
|turn|41
|
|t:|1668434189
|move|p1a: Necrozma|Knock Off|p2a: Eternatus
|-damage|p2a: Eternatus|96/100 par
|move|p2a: Eternatus|Cosmic Power|p2a: Eternatus
|-boost|p2a: Eternatus|def|0
|-boost|p2a: Eternatus|spd|0
|
|upkeep
|turn|42
|
|t:|1668434192
|move|p1a: Necrozma|Knock Off|p2a: Eternatus
|-damage|p2a: Eternatus|92/100 par
|move|p2a: Eternatus|Cosmic Power|p2a: Eternatus
|-boost|p2a: Eternatus|def|0
|-boost|p2a: Eternatus|spd|0
|
|upkeep
|turn|43
|
|t:|1668434196
|move|p1a: Necrozma|Knock Off|p2a: Eternatus
|-damage|p2a: Eternatus|88/100 par
|move|p2a: Eternatus|Cosmic Power|p2a: Eternatus
|-boost|p2a: Eternatus|def|0
|-boost|p2a: Eternatus|spd|0
|
|upkeep
|turn|44
|
|t:|1668434198
|move|p1a: Necrozma|Knock Off|p2a: Eternatus
|-damage|p2a: Eternatus|84/100 par
|move|p2a: Eternatus|Cosmic Power|p2a: Eternatus
|-boost|p2a: Eternatus|def|0
|-boost|p2a: Eternatus|spd|0
|
|upkeep
|turn|45
|
|t:|1668434200
|move|p1a: Necrozma|Knock Off|p2a: Eternatus
|-damage|p2a: Eternatus|79/100 par
|cant|p2a: Eternatus|par
|
|upkeep
|turn|46
|
|t:|1668434205
|switch|p1a: Ditto|Ditto|100/100
|-damage|p1a: Ditto|88/100|[from] Stealth Rock
|-transform|p1a: Ditto|p2a: Eternatus|[from] ability: Imposter
|-ability|p1a: Ditto|Pressure
|cant|p2a: Eternatus|par
|
|upkeep
|turn|47
|
|t:|1668434210
|move|p1a: Ditto|Mystical Fire|p2a: Eternatus
|-resisted|p2a: Eternatus
|-damage|p2a: Eternatus|77/100 par
|-unboost|p2a: Eternatus|spa|1
|move|p2a: Eternatus|Cosmic Power|p2a: Eternatus
|-boost|p2a: Eternatus|def|0
|-boost|p2a: Eternatus|spd|0
|
|upkeep
|turn|48
|
|t:|1668434213
|move|p1a: Ditto|Mystical Fire|p2a: Eternatus
|-resisted|p2a: Eternatus
|-damage|p2a: Eternatus|75/100 par
|-unboost|p2a: Eternatus|spa|1
|move|p2a: Eternatus|Recover|p2a: Eternatus
|-heal|p2a: Eternatus|100/100 par
|
|upkeep
|turn|49
|
|t:|1668434216
|move|p1a: Ditto|Mystical Fire|p2a: Eternatus
|-resisted|p2a: Eternatus
|-damage|p2a: Eternatus|98/100 par
|-unboost|p2a: Eternatus|spa|1
|move|p2a: Eternatus|Mystical Fire|p1a: Ditto
|-resisted|p1a: Ditto
|-damage|p1a: Ditto|86/100
|-unboost|p1a: Ditto|spa|1
|
|upkeep
|turn|50
|
|t:|1668434219
|switch|p1a: Necrozma|Necrozma-Dusk-Mane|78/100
|-damage|p1a: Necrozma|72/100|[from] Stealth Rock
|switch|p2a: Ditto|Ditto|100/100
|-damage|p2a: Ditto|88/100|[from] Stealth Rock
|-transform|p2a: Ditto|p1a: Necrozma|[from] ability: Imposter
|
|upkeep
|turn|51
|
|t:|1668434224
|switch|p2a: Eternatus|Eternatus|98/100 par
|-damage|p2a: Eternatus|86/100 par|[from] Stealth Rock
|-ability|p2a: Eternatus|Pressure
|move|p1a: Necrozma|Knock Off|p2a: Eternatus
|-damage|p2a: Eternatus|71/100 par
|
|upkeep
|turn|52
|
|t:|1668434228
|switch|p2a: Ditto|Ditto|88/100
|-damage|p2a: Ditto|76/100|[from] Stealth Rock
|-transform|p2a: Ditto|p1a: Necrozma|[from] ability: Imposter
|switch|p1a: Kyogre|Kyogre|82/100 tox
|-damage|p1a: Kyogre|69/100 tox|[from] Stealth Rock
|-weather|RainDance|[from] ability: Drizzle|[of] p1a: Kyogre
|
|-weather|RainDance|[upkeep]
|-damage|p1a: Kyogre|63/100 tox|[from] psn
|upkeep
|turn|53
|
|t:|1668434233
|switch|p2a: Eternatus|Eternatus|71/100 par
|-damage|p2a: Eternatus|59/100 par|[from] Stealth Rock
|-ability|p2a: Eternatus|Pressure
|move|p1a: Kyogre|Origin Pulse|p2a: Eternatus
|-resisted|p2a: Eternatus
|-damage|p2a: Eternatus|26/100 par
|
|-weather|RainDance|[upkeep]
|-damage|p1a: Kyogre|51/100 tox|[from] psn
|upkeep
|turn|54
|
|t:|1668434235
|move|p1a: Kyogre|Origin Pulse|p2a: Eternatus
|-resisted|p2a: Eternatus
|-damage|p2a: Eternatus|0 fnt
|faint|p2a: Eternatus
|
|-weather|RainDance|[upkeep]
|-damage|p1a: Kyogre|32/100 tox|[from] psn
|upkeep
|
|t:|1668434237
|switch|p2a: Ditto|Ditto|76/100
|-damage|p2a: Ditto|63/100|[from] Stealth Rock
|-transform|p2a: Ditto|p1a: Kyogre|[from] ability: Imposter
|turn|55
|
|t:|1668434240
|switch|p1a: Ditto|Ditto|86/100
|-damage|p1a: Ditto|74/100|[from] Stealth Rock
|move|p2a: Ditto|Origin Pulse|p1a: Ditto|[miss]
|-miss|p2a: Ditto|p1a: Ditto
|
|-weather|RainDance|[upkeep]
|upkeep
|turn|56
|
|t:|1668434244
|move|p2a: Ditto|Origin Pulse|p1a: Ditto
|-damage|p1a: Ditto|0 fnt
|faint|p1a: Ditto
|
|-weather|none
|upkeep
|
|t:|1668434247
|switch|p1a: Necrozma|Necrozma-Dusk-Mane|72/100
|-damage|p1a: Necrozma|66/100|[from] Stealth Rock
|turn|57
|
|t:|1668434249
|move|p2a: Ditto|Origin Pulse|p1a: Necrozma
|-damage|p1a: Necrozma|23/100
|move|p1a: Necrozma|Moonlight|p1a: Necrozma
|-heal|p1a: Necrozma|73/100
|
|upkeep
|turn|58
|
|t:|1668434251
|move|p2a: Ditto|Origin Pulse|p1a: Necrozma
|-damage|p1a: Necrozma|33/100
|move|p1a: Necrozma|Moonlight|p1a: Necrozma
|-heal|p1a: Necrozma|83/100
|
|upkeep
|turn|59
|-message|diggersboy660 forfeited.
|
|win|TomoTaco69
|raw|TomoTaco69's rating: 1624 &rarr; <strong>1653</strong><br />(+29 for winning)
|raw|diggersboy660's rating: 1791 &rarr; <strong>1762</strong><br />(-29 for losing)
|l|☆diggersboy660
