|j|☆Lord Rekkuza
|j|☆MRH1106
|inactive|Battle timer is ON: inactive players will automatically lose when time's up.
|t:|1663534627
|gametype|singles
|player|p1|Lord Rekkuza|lance-lgpe|
|player|p2|MRH1106|ghetsis|
|teamsize|p1|6
|teamsize|p2|6
|gen|8
|tier|[Gen 8] National Dex AG
|rated|Tournament battle
|rule|HP Percentage Mod: HP is shown in percentages
|rule|Endless Battle Clause: Forcing endless battles is banned
|clearpoke
|poke|p1|Chansey, F|
|poke|p1|Arceus-*|
|poke|p1|Necrozma-Dusk-Mane|
|poke|p1|Arceus-*|
|poke|p1|Yveltal|
|poke|p1|Arceus-*|
|poke|p2|Zacian-*|
|poke|p2|Calyrex-Shadow|
|poke|p2|Rayquaza|
|poke|p2|Ditto|
|poke|p2|Yveltal|
|poke|p2|Arceus-*|
|teampreview
|inactive|MRH1106 also wants the timer to be on.
|c|☆MRH1106|yoooo
|c|☆MRH1106|ew stall :(
|inactive|MRH1106 has 120 seconds left.
|
|t:|1663534657
|start
|switch|p1a: Arceus|Arceus-Water|100/100
|switch|p2a: YeeHaw~|Calyrex-Shadow|100/100
|-ability|p2a: YeeHaw~|As One
|-ability|p2a: YeeHaw~|Unnerve
|turn|1
|
|t:|1663534663
|switch|p1a: Yveltal|Yveltal, shiny|100/100
|-ability|p1a: Yveltal|Dark Aura
|move|p2a: YeeHaw~|Nasty Plot|p2a: YeeHaw~
|-boost|p2a: YeeHaw~|spa|2
|
|upkeep
|turn|2
|
|t:|1663534670
|move|p2a: YeeHaw~|Baton Pass|p2a: YeeHaw~
|
|t:|1663534671
|switch|p2a: Legit god|Arceus-Ground|100/100|[from]move: Baton Pass
|move|p1a: Yveltal|Knock Off|p2a: Legit god
|-damage|p2a: Legit god|75/100
|
|upkeep
|turn|3
|
|t:|1663534676
|switch|p1a: Chansey|Chansey, F|100/100
|move|p2a: Legit god|Ice Beam|p1a: Chansey
|-damage|p1a: Chansey|88/100
|
|upkeep
|turn|4
|
|t:|1663534680
|switch|p2a: Hells dragon|Yveltal, shiny|100/100
|-ability|p2a: Hells dragon|Dark Aura
|move|p1a: Chansey|Toxic|p2a: Hells dragon
|-status|p2a: Hells dragon|tox
|
|-damage|p2a: Hells dragon|94/100 tox|[from] psn
|upkeep
|turn|5
|
|t:|1663534699
|switch|p2a: Knifepuppy|Zacian-Crowned|100/100
|-ability|p2a: Knifepuppy|Intrepid Sword|boost
|-boost|p2a: Knifepuppy|atk|1
|switch|p1a: Yveltal|Yveltal, shiny|100/100
|-ability|p1a: Yveltal|Dark Aura
|
|upkeep
|turn|6
|
|t:|1663534704
|switch|p1a: Necrozma|Necrozma-Dusk-Mane|100/100
|move|p2a: Knifepuppy|Crunch|p1a: Necrozma
|-supereffective|p1a: Necrozma
|-damage|p1a: Necrozma|59/100
|-damage|p2a: Knifepuppy|84/100|[from] item: Rocky Helmet|[of] p1a: Necrozma
|
|upkeep
|turn|7
|
|t:|1663534718
|move|p2a: Knifepuppy|Crunch|p1a: Necrozma
|-supereffective|p1a: Necrozma
|-damage|p1a: Necrozma|21/100
|-damage|p2a: Knifepuppy|67/100|[from] item: Rocky Helmet|[of] p1a: Necrozma
|move|p1a: Necrozma|Morning Sun|p1a: Necrozma
|-heal|p1a: Necrozma|71/100
|
|upkeep
|turn|8
|
|t:|1663534720
|move|p2a: Knifepuppy|Crunch|p1a: Necrozma
|-supereffective|p1a: Necrozma
|-damage|p1a: Necrozma|31/100
|-damage|p2a: Knifepuppy|51/100|[from] item: Rocky Helmet|[of] p1a: Necrozma
|move|p1a: Necrozma|Morning Sun|p1a: Necrozma
|-heal|p1a: Necrozma|81/100
|
|upkeep
|turn|9
|
|t:|1663534723
|move|p2a: Knifepuppy|Crunch|p1a: Necrozma
|-supereffective|p1a: Necrozma
|-damage|p1a: Necrozma|43/100
|-unboost|p1a: Necrozma|def|1
|-damage|p2a: Knifepuppy|34/100|[from] item: Rocky Helmet|[of] p1a: Necrozma
|move|p1a: Necrozma|Morning Sun|p1a: Necrozma
|-heal|p1a: Necrozma|93/100
|
|upkeep
|turn|10
|
|t:|1663534732
|switch|p1a: Arceus|Arceus-Water|100/100
|move|p2a: Knifepuppy|Crunch|p1a: Arceus
|-damage|p1a: Arceus|73/100
|
|upkeep
|turn|11
|
|t:|1663534738
|switch|p2a: YeeHaw~|Calyrex-Shadow|100/100
|-ability|p2a: YeeHaw~|As One
|-ability|p2a: YeeHaw~|Unnerve
|switch|p1a: Necrozma|Necrozma-Dusk-Mane|93/100
|
|upkeep
|turn|12
|
|t:|1663534740
|switch|p1a: Yveltal|Yveltal, shiny|100/100
|-ability|p1a: Yveltal|Dark Aura
|move|p2a: YeeHaw~|Nasty Plot|p2a: YeeHaw~
|-boost|p2a: YeeHaw~|spa|2
|
|upkeep
|turn|13
|
|t:|1663534748
|move|p1a: Yveltal|Sucker Punch||[still]
|-fail|p1a: Yveltal
|move|p2a: YeeHaw~|Baton Pass|p2a: YeeHaw~
|
|t:|1663534751
|switch|p2a: Hells dragon|Yveltal, shiny|94/100 tox|[from]move: Baton Pass
|-ability|p2a: Hells dragon|Dark Aura
|
|-damage|p2a: Hells dragon|88/100 tox|[from] psn
|upkeep
|turn|14
|inactive|Lord Rekkuza has 120 seconds left.
|
|t:|1663534805
|switch|p1a: Arceus|Arceus-Fairy|100/100
|-start|p2a: Hells dragon|Dynamax|
|-heal|p2a: Hells dragon|88/100 tox|[silent]
|move|p2a: Hells dragon|Max Airstream|p1a: Arceus
|-damage|p1a: Arceus|5/100
|-boost|p2a: Hells dragon|spe|1
|-damage|p2a: Hells dragon|83/100 tox|[from] item: Life Orb
|
|-damage|p2a: Hells dragon|77/100 tox|[from] psn
|upkeep
|turn|15
|
|t:|1663534814
|move|p2a: Hells dragon|Max Darkness|p1a: Arceus
|-resisted|p1a: Arceus
|-damage|p1a: Arceus|0 fnt
|faint|p1a: Arceus
|-damage|p2a: Hells dragon|72/100 tox|[from] item: Life Orb
|
|-damage|p2a: Hells dragon|63/100 tox|[from] psn
|upkeep
|
|t:|1663534826
|switch|p1a: Yveltal|Yveltal, shiny|100/100
|-ability|p1a: Yveltal|Dark Aura
|turn|16
|
|t:|1663534831
|-start|p1a: Yveltal|Dynamax|
|-heal|p1a: Yveltal|100/100|[silent]
|move|p1a: Yveltal|Max Guard|p1a: Yveltal
|-singleturn|p1a: Yveltal|Max Guard
|move|p2a: Hells dragon|Max Airstream|p1a: Yveltal
|-activate|p1a: Yveltal|move: Max Guard
|
|-damage|p2a: Hells dragon|51/100 tox|[from] psn
|upkeep
|-end|p2a: Hells dragon|Dynamax
|-heal|p2a: Hells dragon|51/100 tox|[silent]
|turn|17
|
|t:|1663534838
|move|p2a: Hells dragon|Oblivion Wing|p1a: Yveltal
|-damage|p1a: Yveltal|71/100
|-heal|p2a: Hells dragon|100/100 tox|[from] drain|[of] p1a: Yveltal
|-damage|p2a: Hells dragon|91/100 tox|[from] item: Life Orb
|move|p1a: Yveltal|Max Darkness|p2a: Hells dragon
|-resisted|p2a: Hells dragon
|-damage|p2a: Hells dragon|57/100 tox
|-unboost|p2a: Hells dragon|spd|1
|
|-damage|p2a: Hells dragon|27/100 tox|[from] psn
|upkeep
|turn|18
|inactive|Lord Rekkuza has 120 seconds left.
|
|t:|1663534860
|switch|p2a: Knifepuppy|Zacian-Crowned|34/100
|-ability|p2a: Knifepuppy|Intrepid Sword|boost
|-boost|p2a: Knifepuppy|atk|1
|move|p1a: Yveltal|Max Guard||[still]
|-fail|p1a: Yveltal
|
|upkeep
|-end|p1a: Yveltal|Dynamax
|-heal|p1a: Yveltal|71/100|[silent]
|turn|19
|
|t:|1663534868
|switch|p2a: Rayyyy|Rayquaza|100/100
|-ability|p2a: Rayyyy|Air Lock
|switch|p1a: Necrozma|Necrozma-Dusk-Mane|93/100
|
|upkeep
|turn|20
|inactive|Lord Rekkuza has 120 seconds left.
|
|t:|1663534881
|detailschange|p2a: Rayyyy|Rayquaza-Mega
|-mega|p2a: Rayyyy|Rayquaza|
|-weather|DeltaStream|[from] ability: Delta Stream|[of] p2a: Rayyyy
|move|p2a: Rayyyy|Dragon Dance|p2a: Rayyyy
|-boost|p2a: Rayyyy|atk|1
|-boost|p2a: Rayyyy|spe|1
|move|p1a: Necrozma|Sunsteel Strike|p2a: Rayyyy
|-damage|p2a: Rayyyy|51/100
|
|-weather|DeltaStream|[upkeep]
|upkeep
|turn|21
|inactive|Lord Rekkuza has 120 seconds left.
|
|t:|1663534892
|switch|p1a: Yveltal|Yveltal, shiny|71/100
|-ability|p1a: Yveltal|Dark Aura
|move|p2a: Rayyyy|Earthquake|p1a: Yveltal
|-immune|p1a: Yveltal
|
|-weather|DeltaStream|[upkeep]
|upkeep
|turn|22
|inactive|Lord Rekkuza has 120 seconds left.
|
|t:|1663534899
|move|p2a: Rayyyy|Extreme Speed|p1a: Yveltal
|-damage|p1a: Yveltal|25/100
|move|p1a: Yveltal|Knock Off|p2a: Rayyyy
|-damage|p2a: Rayyyy|0 fnt
|-enditem|p2a: Rayyyy|Focus Sash|[from] move: Knock Off|[of] p1a: Yveltal
|faint|p2a: Rayyyy
|-weather|none
|
|upkeep
|
|t:|1663534920
|switch|p2a: Hells dragon|Yveltal, shiny|27/100 tox
|-ability|p2a: Hells dragon|Dark Aura
|turn|23
|inactive|Lord Rekkuza has 120 seconds left.
|
|t:|1663534950
|move|p1a: Yveltal|Sucker Punch|p2a: Hells dragon
|-resisted|p2a: Hells dragon
|-damage|p2a: Hells dragon|7/100 tox
|move|p2a: Hells dragon|Oblivion Wing|p1a: Yveltal
|-damage|p1a: Yveltal|0 fnt
|-heal|p2a: Hells dragon|28/100 tox|[from] drain|[of] p1a: Yveltal
|faint|p1a: Yveltal
|-damage|p2a: Hells dragon|19/100 tox|[from] item: Life Orb
|
|-damage|p2a: Hells dragon|12/100 tox|[from] psn
|upkeep
|inactive|Lord Rekkuza has 90 seconds left.
|
|t:|1663534973
|switch|p1a: Arceus|Arceus-Dark|100/100
|turn|24
|inactive|Lord Rekkuza has 90 seconds left.
|
|t:|1663534992
|switch|p2a: Fuck you <3|Ditto, shiny|100/100
|-transform|p2a: Fuck you <3|p1a: Arceus|[from] ability: Imposter
|move|p1a: Arceus|Recover||[still]
|-fail|p1a: Arceus|heal
|
|upkeep
|turn|25
|inactive|Lord Rekkuza has 90 seconds left.
|
|t:|1663535008
|switch|p2a: Legit god|Arceus-Ground|75/100
|switch|p1a: Chansey|Chansey, F|88/100
|
|upkeep
|turn|26
|
|t:|1663535014
|switch|p2a: YeeHaw~|Calyrex-Shadow|100/100
|-ability|p2a: YeeHaw~|As One
|-ability|p2a: YeeHaw~|Unnerve
|move|p1a: Chansey|Toxic|p2a: YeeHaw~|[miss]
|-miss|p1a: Chansey|p2a: YeeHaw~
|
|upkeep
|turn|27
|
|t:|1663535024
|switch|p2a: Fuck you <3|Ditto, shiny|100/100
|-transform|p2a: Fuck you <3|p1a: Chansey|[from] ability: Imposter
|switch|p1a: Arceus|Arceus-Dark|100/100
|
|upkeep
|turn|28
|
|t:|1663535038
|move|p1a: Arceus|Substitute|p1a: Arceus
|-start|p1a: Arceus|Substitute
|-damage|p1a: Arceus|76/100
|move|p2a: Fuck you <3|Aromatherapy|p2a: Fuck you <3
|-activate|p2a: Fuck you <3|move: Aromatherapy
|-curestatus|p2: Hells dragon|tox|[msg]
|
|upkeep
|turn|29
|
|t:|1663535045
|switch|p2a: Legit god|Arceus-Ground|75/100
|move|p1a: Arceus|Recover|p1a: Arceus
|-heal|p1a: Arceus|100/100
|
|upkeep
|turn|30
|
|t:|1663535047
|move|p2a: Legit god|Judgment|p1a: Arceus
|-end|p1a: Arceus|Substitute
|move|p1a: Arceus|Judgment|p2a: Legit god
|-damage|p2a: Legit god|41/100
|
|upkeep
|turn|31
|
|t:|1663535051
|switch|p1a: Chansey|Chansey, F|88/100
|move|p2a: Legit god|Recover|p2a: Legit god
|-heal|p2a: Legit god|91/100
|
|upkeep
|turn|32
|
|t:|1663535055
|switch|p2a: Fuck you <3|Ditto, shiny|100/100
|-transform|p2a: Fuck you <3|p1a: Chansey|[from] ability: Imposter
|move|p1a: Chansey|Toxic|p2a: Fuck you <3|[miss]
|-miss|p1a: Chansey|p2a: Fuck you <3
|
|upkeep
|turn|33
|
|t:|1663535066
|switch|p1a: Necrozma|Necrozma-Dusk-Mane|93/100
|move|p2a: Fuck you <3|Toxic|p1a: Necrozma
|-immune|p1a: Necrozma
|
|upkeep
|turn|34
|
|t:|1663535068
|switch|p2a: Legit god|Arceus-Ground|91/100
|move|p1a: Necrozma|Stealth Rock|p2a: Legit god
|-sidestart|p2: MRH1106|move: Stealth Rock
|
|upkeep
|turn|35
|
|t:|1663535072
|switch|p1a: Chansey|Chansey, F|88/100
|move|p2a: Legit god|Defog|p1a: Chansey
|-unboost|p1a: Chansey|evasion|1
|-sideend|p2: MRH1106|Stealth Rock|[from] move: Defog|[of] p2a: Legit god
|
|upkeep
|turn|36
|
|t:|1663535074
|move|p2a: Legit god|Recover|p2a: Legit god
|-heal|p2a: Legit god|100/100
|move|p1a: Chansey|Toxic|p2a: Legit god
|-status|p2a: Legit god|tox
|
|-damage|p2a: Legit god|94/100 tox|[from] psn
|upkeep
|turn|37
|
|t:|1663535089
|switch|p2a: Fuck you <3|Ditto, shiny|100/100
|-transform|p2a: Fuck you <3|p1a: Chansey|[from] ability: Imposter
|switch|p1a: Arceus|Arceus-Water|73/100
|
|upkeep
|turn|38
|c|☆MRH1106|you cant kill me
|
|t:|1663535096
|switch|p1a: Necrozma|Necrozma-Dusk-Mane|93/100
|move|p2a: Fuck you <3|Aromatherapy|p2a: Fuck you <3
|-activate|p2a: Fuck you <3|move: Aromatherapy
|-curestatus|p2: Legit god|tox|[msg]
|
|upkeep
|turn|39
|
|t:|1663535105
|switch|p2a: Legit god|Arceus-Ground|94/100
|move|p1a: Necrozma|Stealth Rock|p2a: Legit god
|-sidestart|p2: MRH1106|move: Stealth Rock
|
|upkeep
|turn|40
|
|t:|1663535108
|switch|p1a: Chansey|Chansey, F|88/100
|move|p2a: Legit god|Defog|p1a: Chansey
|-unboost|p1a: Chansey|evasion|1
|-sideend|p2: MRH1106|Stealth Rock|[from] move: Defog|[of] p2a: Legit god
|
|upkeep
|turn|41
|
|t:|1663535114
|switch|p2a: Fuck you <3|Ditto, shiny|100/100
|-transform|p2a: Fuck you <3|p1a: Chansey|[from] ability: Imposter
|move|p1a: Chansey|Toxic|p2a: Fuck you <3
|-status|p2a: Fuck you <3|tox
|
|-damage|p2a: Fuck you <3|94/100 tox|[from] psn
|upkeep
|turn|42
|
|t:|1663535119
|switch|p1a: Necrozma|Necrozma-Dusk-Mane|93/100
|move|p2a: Fuck you <3|Aromatherapy|p2a: Fuck you <3
|-activate|p2a: Fuck you <3|move: Aromatherapy
|-curestatus|p2a: Fuck you <3|tox|[msg]
|
|upkeep
|turn|43
|
|t:|1663535123
|switch|p2a: Legit god|Arceus-Ground|94/100
|move|p1a: Necrozma|Stealth Rock|p2a: Legit god
|-sidestart|p2: MRH1106|move: Stealth Rock
|
|upkeep
|turn|44
|
|t:|1663535129
|switch|p1a: Chansey|Chansey, F|88/100
|move|p2a: Legit god|Defog|p1a: Chansey
|-unboost|p1a: Chansey|evasion|1
|-sideend|p2: MRH1106|Stealth Rock|[from] move: Defog|[of] p2a: Legit god
|
|upkeep
|turn|45
|
|t:|1663535135
|switch|p2a: Fuck you <3|Ditto, shiny|94/100
|-transform|p2a: Fuck you <3|p1a: Chansey|[from] ability: Imposter
|switch|p1a: Necrozma|Necrozma-Dusk-Mane|93/100
|
|upkeep
|turn|46
|
|t:|1663535146
|switch|p2a: Legit god|Arceus-Ground|94/100
|move|p1a: Necrozma|Stealth Rock|p2a: Legit god
|-sidestart|p2: MRH1106|move: Stealth Rock
|
|upkeep
|turn|47
|
|t:|1663535148
|switch|p1a: Chansey|Chansey, F|88/100
|move|p2a: Legit god|Defog|p1a: Chansey
|-unboost|p1a: Chansey|evasion|1
|-sideend|p2: MRH1106|Stealth Rock|[from] move: Defog|[of] p2a: Legit god
|
|upkeep
|turn|48
|
|t:|1663535158
|move|p2a: Legit god|Judgment|p1a: Chansey
|-damage|p1a: Chansey|74/100
|move|p1a: Chansey|Toxic|p2a: Legit god
|-status|p2a: Legit god|tox
|
|-damage|p2a: Legit god|88/100 tox|[from] psn
|upkeep
|turn|49
|
|t:|1663535167
|move|p2a: Legit god|Recover|p2a: Legit god
|-heal|p2a: Legit god|100/100 tox
|move|p1a: Chansey|Soft-Boiled|p1a: Chansey
|-heal|p1a: Chansey|100/100
|
|-damage|p2a: Legit god|88/100 tox|[from] psn
|upkeep
|turn|50
|
|t:|1663535172
|switch|p1a: Necrozma|Necrozma-Dusk-Mane|93/100
|move|p2a: Legit god|Recover|p2a: Legit god
|-heal|p2a: Legit god|100/100 tox
|
|-damage|p2a: Legit god|82/100 tox|[from] psn
|upkeep
|turn|51
|
|t:|1663535179
|switch|p1a: Chansey|Chansey, F|100/100
|move|p2a: Legit god|Judgment|p1a: Chansey
|-damage|p1a: Chansey|86/100
|
|-damage|p2a: Legit god|58/100 tox|[from] psn
|upkeep
|turn|52
|j| Bunrphenix
|l| Bunrphenix
|
|t:|1663535188
|switch|p2a: Fuck you <3|Ditto, shiny|94/100
|-transform|p2a: Fuck you <3|p1a: Chansey|[from] ability: Imposter
|switch|p1a: Necrozma|Necrozma-Dusk-Mane|93/100
|
|upkeep
|turn|53
|
|t:|1663535194
|move|p2a: Fuck you <3|Aromatherapy|p2a: Fuck you <3
|-activate|p2a: Fuck you <3|move: Aromatherapy
|-curestatus|p2: Legit god|tox|[msg]
|move|p1a: Necrozma|Sunsteel Strike|p2a: Fuck you <3
|-damage|p2a: Fuck you <3|0 fnt
|faint|p2a: Fuck you <3
|
|upkeep
|
|t:|1663535198
|switch|p2a: Legit god|Arceus-Ground|58/100
|turn|54
|
|t:|1663535200
|switch|p1a: Chansey|Chansey, F|86/100
|move|p2a: Legit god|Recover|p2a: Legit god
|-heal|p2a: Legit god|100/100
|
|upkeep
|turn|55
|
|t:|1663535207
|switch|p2a: Knifepuppy|Zacian-Crowned|34/100
|-ability|p2a: Knifepuppy|Intrepid Sword|boost
|-boost|p2a: Knifepuppy|atk|1
|move|p1a: Chansey|Toxic|p2a: Knifepuppy
|-immune|p2a: Knifepuppy
|
|upkeep
|turn|56
|
|t:|1663535216
|switch|p2a: YeeHaw~|Calyrex-Shadow|100/100
|-ability|p2a: YeeHaw~|As One
|-ability|p2a: YeeHaw~|Unnerve
|switch|p1a: Necrozma|Necrozma-Dusk-Mane|93/100
|
|upkeep
|turn|57
|
|t:|1663535221
|switch|p1a: Arceus|Arceus-Dark|100/100
|move|p2a: YeeHaw~|Nasty Plot|p2a: YeeHaw~
|-boost|p2a: YeeHaw~|spa|2
|
|upkeep
|turn|58
|inactive|MRH1106 has 120 seconds left.
|
|t:|1663535252
|move|p2a: YeeHaw~|Draining Kiss|p1a: Arceus
|-supereffective|p1a: Arceus
|-damage|p1a: Arceus|44/100
|move|p1a: Arceus|Judgment|p2a: YeeHaw~
|-supereffective|p2a: YeeHaw~
|-enditem|p2a: YeeHaw~|Focus Sash
|-damage|p2a: YeeHaw~|1/100
|
|upkeep
|turn|59
|inactive|MRH1106 has 120 seconds left.
|inactive|Lord Rekkuza has 120 seconds left.
|
|t:|1663535288
|switch|p1a: Chansey|Chansey, F|86/100
|move|p2a: YeeHaw~|Astral Barrage|p1a: Chansey
|-immune|p1a: Chansey
|
|upkeep
|turn|60
|
|t:|1663535297
|move|p2a: YeeHaw~|Draining Kiss|p1a: Chansey
|-crit|p1a: Chansey
|-damage|p1a: Chansey|68/100
|-heal|p2a: YeeHaw~|26/100|[from] drain|[of] p1a: Chansey
|move|p1a: Chansey|Toxic|p2a: YeeHaw~
|-status|p2a: YeeHaw~|tox
|
|-damage|p2a: YeeHaw~|20/100 tox|[from] psn
|upkeep
|turn|61
|
|t:|1663535303
|move|p2a: YeeHaw~|Baton Pass|p2a: YeeHaw~
|
|t:|1663535307
|switch|p2a: Hells dragon|Yveltal, shiny|12/100|[from]move: Baton Pass
|-ability|p2a: Hells dragon|Dark Aura
|move|p1a: Chansey|Soft-Boiled|p1a: Chansey
|-heal|p1a: Chansey|100/100
|
|upkeep
|turn|62
|
|t:|1663535310
|move|p2a: Hells dragon|Oblivion Wing|p1a: Chansey
|-damage|p1a: Chansey|73/100
|-heal|p2a: Hells dragon|46/100|[from] drain|[of] p1a: Chansey
|-damage|p2a: Hells dragon|36/100|[from] item: Life Orb
|move|p1a: Chansey|Toxic|p2a: Hells dragon
|-status|p2a: Hells dragon|tox
|
|-damage|p2a: Hells dragon|30/100 tox|[from] psn
|upkeep
|turn|63
|
|t:|1663535317
|move|p2a: Hells dragon|Taunt|p1a: Chansey
|-start|p1a: Chansey|move: Taunt
|cant|p1a: Chansey|move: Taunt|Soft-Boiled
|
|-damage|p2a: Hells dragon|18/100 tox|[from] psn
|upkeep
|turn|64
|inactive|Lord Rekkuza has 120 seconds left.
|
|t:|1663535351
|switch|p1a: Arceus|Arceus-Dark|44/100
|move|p2a: Hells dragon|Oblivion Wing|p1a: Arceus
|-damage|p1a: Arceus|0 fnt
|-heal|p2a: Hells dragon|55/100 tox|[from] drain|[of] p1a: Arceus
|faint|p1a: Arceus
|-damage|p2a: Hells dragon|45/100 tox|[from] item: Life Orb
|
|-damage|p2a: Hells dragon|27/100 tox|[from] psn
|upkeep
|inactive|Lord Rekkuza has 120 seconds left.
|c|☆MRH1106|give up
|c|☆MRH1106|i will win
|inactive|Lord Rekkuza has 90 seconds left.
|
|t:|1663535396
|switch|p1a: Chansey|Chansey, F|73/100
|turn|65
|
|t:|1663535409
|move|p2a: Hells dragon|Oblivion Wing|p1a: Chansey
|-damage|p1a: Chansey|43/100
|-heal|p2a: Hells dragon|63/100 tox|[from] drain|[of] p1a: Chansey
|-damage|p2a: Hells dragon|53/100 tox|[from] item: Life Orb
|move|p1a: Chansey|Confide|p2a: Hells dragon
|-unboost|p2a: Hells dragon|spa|1
|
|-damage|p2a: Hells dragon|29/100 tox|[from] psn
|upkeep
|turn|66
|j| entrocefalo
|l| entrocefalo
|inactive|MRH1106 has 120 seconds left.
|
|t:|1663535447
|switch|p2a: Knifepuppy|Zacian-Crowned|34/100
|-ability|p2a: Knifepuppy|Intrepid Sword|boost
|-boost|p2a: Knifepuppy|atk|1
|switch|p1a: Arceus|Arceus-Water|73/100
|
|upkeep
|turn|67
|inactive|MRH1106 has 120 seconds left.
|
|t:|1663535462
|switch|p2a: YeeHaw~|Calyrex-Shadow|20/100 tox
|-ability|p2a: YeeHaw~|As One
|-ability|p2a: YeeHaw~|Unnerve
|switch|p1a: Necrozma|Necrozma-Dusk-Mane|93/100
|
|-damage|p2a: YeeHaw~|14/100 tox|[from] psn
|upkeep
|turn|68
|
|t:|1663535466
|switch|p1a: Chansey|Chansey, F|43/100
|move|p2a: YeeHaw~|Nasty Plot|p2a: YeeHaw~
|-boost|p2a: YeeHaw~|spa|2
|
|-damage|p2a: YeeHaw~|2/100 tox|[from] psn
|upkeep
|turn|69
|
|t:|1663535481
|move|p2a: YeeHaw~|Draining Kiss|p1a: Chansey
|-damage|p1a: Chansey|32/100
|-heal|p2a: YeeHaw~|17/100 tox|[from] drain|[of] p1a: Chansey
|move|p1a: Chansey|Soft-Boiled|p1a: Chansey
|-heal|p1a: Chansey|82/100
|
|-damage|p2a: YeeHaw~|0 fnt|[from] psn
|faint|p2a: YeeHaw~
|upkeep
|inactive|MRH1106 has 120 seconds left.
|-message|MRH1106 forfeited.
|
|win|Lord Rekkuza
|n|☆Lord Rekkuza|lordrekkuza
|n|☆MRH1106|mrh1106
|l|☆MRH1106
|c|☆Lord Rekkuza|Lmao
