|j|☆TRRABenx7
|j|☆Eby Sobak
|t:|1649879071
|gametype|singles
|player|p1|TRRABenx7|unknown|1497
|player|p2|Eby Sobak|unknownf|1807
|teamsize|p1|6
|teamsize|p2|6
|gen|8
|tier|[Gen 8] National Dex AG
|rated|
|rule|HP Percentage Mod: HP is shown in percentages
|rule|Endless Battle Clause: Forcing endless battles is banned
|clearpoke
|poke|p1|Galvantula, M|
|poke|p1|Diancie|
|poke|p1|Calyrex-Shadow|
|poke|p1|Marshadow|
|poke|p1|Reshiram|
|poke|p1|Necrozma-Dusk-Mane|
|poke|p2|Zacian-*|
|poke|p2|Arceus-*|
|poke|p2|Arceus-*|
|poke|p2|Rayquaza|
|poke|p2|Groudon|
|poke|p2|Ditto|
|teampreview
|inactive|Battle timer is ON: inactive players will automatically lose when time's up. (requested by Eby Sobak)
|
|t:|1649879079
|start
|switch|p1a: gohma|Galvantula, M, shiny|100/100
|switch|p2a: Groudon|Groudon|100/100
|detailschange|p2a: Groudon|Groudon-Primal
|-primal|p2a: Groudon
|-weather|DesolateLand|[from] ability: Desolate Land|[of] p2a: Groudon
|turn|1
|c|☆TRRABenx7|glhf
|
|t:|1649879084
|move|p1a: gohma|Sticky Web|p2a: Groudon
|-sidestart|p2: Eby Sobak|move: Sticky Web
|move|p2a: Groudon|Eruption|p1a: gohma
|-supereffective|p1a: gohma
|-enditem|p1a: gohma|Focus Sash
|-damage|p1a: gohma|1/100
|
|-weather|DesolateLand|[upkeep]
|upkeep
|turn|2
|
|t:|1649879086
|move|p1a: gohma|Bug Buzz|p2a: Groudon
|-resisted|p2a: Groudon
|-damage|p2a: Groudon|86/100
|move|p2a: Groudon|Eruption|p1a: gohma
|-supereffective|p1a: gohma
|-damage|p1a: gohma|0 fnt
|faint|p1a: gohma
|
|-weather|DesolateLand|[upkeep]
|upkeep
|
|t:|1649879091
|switch|p1a: ganondorfhorse|Calyrex-Shadow|100/100
|-ability|p1a: ganondorfhorse|As One
|-ability|p1a: ganondorfhorse|Unnerve
|turn|3
|
|t:|1649879093
|-weather|none
|switch|p2a: Arceus|Arceus-Dark|100/100
|-activate|p2a: Arceus|move: Sticky Web
|-unboost|p2a: Arceus|spe|1
|-start|p1a: ganondorfhorse|Dynamax|
|-heal|p1a: ganondorfhorse|100/100|[silent]
|move|p1a: ganondorfhorse|Max Mindstorm|p2a: Arceus
|-immune|p2a: Arceus
|
|upkeep
|turn|4
|
|t:|1649879100
|-start|p2a: Arceus|Dynamax|
|-heal|p2a: Arceus|100/100|[silent]
|move|p1a: ganondorfhorse|Max Starfall|p2a: Arceus
|-supereffective|p2a: Arceus
|-crit|p2a: Arceus
|-damage|p2a: Arceus|67/100
|-fieldstart|move: Misty Terrain
|move|p2a: Arceus|Max Darkness|p1a: ganondorfhorse
|-supereffective|p1a: ganondorfhorse
|-enditem|p1a: ganondorfhorse|Focus Sash
|-damage|p1a: ganondorfhorse|1/100
|-unboost|p1a: ganondorfhorse|spd|1
|
|upkeep
|turn|5
|
|t:|1649879105
|move|p1a: ganondorfhorse|Max Starfall|p2a: Arceus
|-supereffective|p2a: Arceus
|-damage|p2a: Arceus|48/100
|move|p2a: Arceus|Max Darkness|p1a: ganondorfhorse
|-supereffective|p1a: ganondorfhorse
|-damage|p1a: ganondorfhorse|0 fnt
|faint|p1a: ganondorfhorse
|
|upkeep
|
|t:|1649879110
|switch|p1a: the great fairy|Diancie|100/100
|turn|6
|
|t:|1649879113
|detailschange|p1a: the great fairy|Diancie-Mega
|-mega|p1a: the great fairy|Diancie|Diancite
|move|p2a: Arceus|Max Guard|p2a: Arceus
|-singleturn|p2a: Arceus|Max Guard
|move|p1a: the great fairy|Moonblast|p2a: Arceus
|-activate|p2a: Arceus|move: Max Guard
|
|-end|p2a: Arceus|Dynamax
|-heal|p2a: Arceus|48/100|[silent]
|upkeep
|turn|7
|
|t:|1649879119
|move|p1a: the great fairy|Moonblast|p2a: Arceus
|-supereffective|p2a: Arceus
|-damage|p2a: Arceus|0 fnt
|faint|p2a: Arceus
|
|upkeep
|
|t:|1649879121
|switch|p2a: Zacian|Zacian-Crowned|100/100
|-activate|p2a: Zacian|move: Sticky Web
|-unboost|p2a: Zacian|spe|1
|-ability|p2a: Zacian|Intrepid Sword|boost
|-boost|p2a: Zacian|atk|1
|turn|8
|
|t:|1649879134
|move|p1a: the great fairy|Earth Power|p2a: Zacian
|-supereffective|p2a: Zacian
|-damage|p2a: Zacian|33/100
|move|p2a: Zacian|Behemoth Blade|p1a: the great fairy
|-supereffective|p1a: the great fairy
|-damage|p1a: the great fairy|0 fnt
|faint|p1a: the great fairy
|
|-fieldend|Misty Terrain
|upkeep
|
|t:|1649879138
|switch|p1a: ganondorf|Marshadow|100/100
|turn|9
|
|t:|1649879140
|switch|p2a: Arceus|Arceus-Electric|100/100
|-activate|p2a: Arceus|move: Sticky Web
|-unboost|p2a: Arceus|spe|1
|move|p1a: ganondorf|Spectral Thief|p2a: Arceus
|-damage|p2a: Arceus|78/100
|
|upkeep
|turn|10
|
|t:|1649879147
|move|p1a: ganondorf|Rock Tomb|p2a: Arceus
|-damage|p2a: Arceus|64/100
|-unboost|p2a: Arceus|spe|1
|move|p2a: Arceus|Defog|p1a: ganondorf
|-unboost|p1a: ganondorf|evasion|1
|-sideend|p2: Eby Sobak|Sticky Web|[from] move: Defog|[of] p2a: Arceus
|
|upkeep
|turn|11
|
|t:|1649879150
|move|p1a: ganondorf|Rock Tomb|p2a: Arceus
|-damage|p2a: Arceus|48/100
|-unboost|p2a: Arceus|spe|1
|move|p2a: Arceus|Toxic|p1a: ganondorf
|-status|p1a: ganondorf|tox
|
|-damage|p1a: ganondorf|94/100 tox|[from] psn
|upkeep
|turn|12
|
|t:|1649879153
|move|p1a: ganondorf|Rock Tomb|p2a: Arceus|[miss]
|-miss|p1a: ganondorf|p2a: Arceus
|move|p2a: Arceus|Recover|p2a: Arceus
|-heal|p2a: Arceus|98/100
|
|-damage|p1a: ganondorf|82/100 tox|[from] psn
|upkeep
|turn|13
|
|t:|1649879155
|move|p1a: ganondorf|Rock Tomb|p2a: Arceus
|-damage|p2a: Arceus|83/100
|-unboost|p2a: Arceus|spe|1
|move|p2a: Arceus|Judgment|p1a: ganondorf
|-damage|p1a: ganondorf|21/100 tox
|
|-damage|p1a: ganondorf|2/100 tox|[from] psn
|upkeep
|turn|14
|
|t:|1649879158
|move|p1a: ganondorf|Rock Tomb|p2a: Arceus
|-damage|p2a: Arceus|66/100
|-unboost|p2a: Arceus|spe|1
|move|p2a: Arceus|Recover|p2a: Arceus
|-heal|p2a: Arceus|100/100
|
|-damage|p1a: ganondorf|0 fnt|[from] psn
|faint|p1a: ganondorf
|upkeep
|
|t:|1649879160
|switch|p1a: kingofredlions|Necrozma-Dusk-Mane, shiny|100/100
|turn|15
|
|t:|1649879164
|switch|p2a: Groudon|Groudon-Primal|86/100
|-weather|DesolateLand|[from] ability: Desolate Land|[of] p2a: Groudon
|move|p1a: kingofredlions|Dragon Dance|p1a: kingofredlions
|-boost|p1a: kingofredlions|atk|1
|-boost|p1a: kingofredlions|spe|1
|
|-weather|DesolateLand|[upkeep]
|upkeep
|turn|16
|
|t:|1649879166
|move|p1a: kingofredlions|Earthquake|p2a: Groudon
|-supereffective|p2a: Groudon
|-damage|p2a: Groudon|6/100
|move|p2a: Groudon|Eruption|p1a: kingofredlions
|-supereffective|p1a: kingofredlions
|-damage|p1a: kingofredlions|89/100
|-enditem|p1a: kingofredlions|Weakness Policy
|-boost|p1a: kingofredlions|atk|2|[from] item: Weakness Policy
|-boost|p1a: kingofredlions|spa|2|[from] item: Weakness Policy
|
|-weather|DesolateLand|[upkeep]
|upkeep
|turn|17
|
|t:|1649879171
|move|p1a: kingofredlions|Earthquake|p2a: Groudon
|-supereffective|p2a: Groudon
|-damage|p2a: Groudon|0 fnt
|faint|p2a: Groudon
|-weather|none
|
|upkeep
|
|t:|1649879173
|switch|p2a: Ditto|Ditto|100/100
|-transform|p2a: Ditto|p1a: kingofredlions|[from] ability: Imposter
|turn|18
|
|t:|1649879177
|switch|p2a: Arceus|Arceus-Electric|100/100
|move|p1a: kingofredlions|Earthquake|p2a: Arceus
|-supereffective|p2a: Arceus
|-damage|p2a: Arceus|0 fnt
|faint|p2a: Arceus
|
|upkeep
|
|t:|1649879180
|switch|p2a: Ditto|Ditto|100/100
|-transform|p2a: Ditto|p1a: kingofredlions|[from] ability: Imposter
|turn|19
|
|t:|1649879182
|move|p2a: Ditto|Earthquake|p1a: kingofredlions
|-supereffective|p1a: kingofredlions
|-damage|p1a: kingofredlions|0 fnt
|faint|p1a: kingofredlions
|
|upkeep
|
|t:|1649879184
|switch|p1a: volgalgia|Reshiram|100/100
|-ability|p1a: volgalgia|Turboblaze
|turn|20
|
|t:|1649879186
|move|p2a: Ditto|Earthquake|p1a: volgalgia
|-supereffective|p1a: volgalgia
|-damage|p1a: volgalgia|0 fnt
|faint|p1a: volgalgia
|
|win|Eby Sobak
|raw|TRRABenx7's rating: 1497 &rarr; <strong>1491</strong><br />(-6 for losing)
|raw|Eby Sobak's rating: 1807 &rarr; <strong>1813</strong><br />(+6 for winning)
|c|☆TRRABenx7|gg
|l|☆Eby Sobak
||Ladder isn't responding, score probably updated but might not have (Request timeout).
