|j|☆akari822
|j|☆IAmJklol
|inactive|Battle timer is ON: inactive players will automatically lose when time's up.
|t:|1661184971
|gametype|singles
|player|p1|akari822|lillie-masters2|
|player|p2|IAmJklol|red|
|teamsize|p1|6
|teamsize|p2|6
|gen|8
|tier|[Gen 8] National Dex AG
|rated|Tournament battle
|rule|HP Percentage Mod: HP is shown in percentages
|rule|Endless Battle Clause: Forcing endless battles is banned
|clearpoke
|poke|p1|Arceus-*|
|poke|p1|Giratina|
|poke|p1|Arceus-*|
|poke|p1|Chansey, F|
|poke|p1|Quagsire, M|
|poke|p1|Ditto|
|poke|p2|Ho-Oh|
|poke|p2|Necrozma-Dusk-Mane|
|poke|p2|Zygarde|
|poke|p2|Rayquaza|
|poke|p2|Calyrex-Shadow|
|poke|p2|Arceus-*|
|teampreview
|inactive|akari822 also wants the timer to be on.
|inactive|IAmJklol also wants the timer to be on.
|
|t:|1661184978
|start
|switch|p1a: Arceus|Arceus-Fairy, shiny|100/100
|switch|p2a: Rayquaza|Rayquaza|100/100
|-ability|p2a: Rayquaza|Air Lock
|turn|1
|
|t:|1661184983
|switch|p2a: Ho-Oh|Ho-Oh|100/100
|move|p1a: Arceus|Will-O-Wisp|p2a: Ho-Oh
|-immune|p2a: Ho-Oh
|
|upkeep
|turn|2
|
|t:|1661184988
|switch|p1a: Giratina|Giratina, shiny|100/100
|-ability|p1a: Giratina|Pressure
|move|p2a: Ho-Oh|Thunder Wave|p1a: Giratina
|-status|p1a: Giratina|par
|
|upkeep
|turn|3
|
|t:|1661184993
|cant|p1a: Giratina|par
|move|p2a: Ho-Oh|Whirlwind|p1a: Giratina
|drag|p1a: Arceus|Arceus-Dark, shiny|100/100
|
|upkeep
|turn|4
|
|t:|1661185000
|switch|p1a: Giratina|Giratina, shiny|100/100 par
|-ability|p1a: Giratina|Pressure
|move|p2a: Ho-Oh|Whirlwind|p1a: Giratina
|drag|p1a: Chansey|Chansey, F, shiny|100/100
|
|upkeep
|turn|5
|c|☆akari822|poor giratina
|c|☆akari822|glhf btw
|c|☆IAmJklol|glhf
|
|t:|1661185014
|switch|p1a: Giratina|Giratina, shiny|100/100 par
|-ability|p1a: Giratina|Pressure
|move|p2a: Ho-Oh|Sacred Fire|p1a: Giratina
|-resisted|p1a: Giratina
|-damage|p1a: Giratina|91/100 par
|
|-heal|p1a: Giratina|98/100 par|[from] item: Leftovers
|upkeep
|turn|6
|
|t:|1661185020
|move|p1a: Giratina|Will-O-Wisp|p2a: Ho-Oh
|-immune|p2a: Ho-Oh
|move|p2a: Ho-Oh|Whirlwind|p1a: Giratina
|drag|p1a: Quagsire|Quagsire, M, shiny|100/100
|
|upkeep
|turn|7
|j| kaasmolens
|
|t:|1661185026
|switch|p1a: Giratina|Giratina, shiny|98/100 par
|-ability|p1a: Giratina|Pressure
|move|p2a: Ho-Oh|Whirlwind|p1a: Giratina
|drag|p1a: Quagsire|Quagsire, M, shiny|100/100
|
|upkeep
|turn|8
|l| kaasmolens
|c|☆IAmJklol|ugh
|c|☆akari822|this is just a tragedy
|
|t:|1661185041
|switch|p2a: Necrozma|Necrozma-Dusk-Mane|100/100
|move|p1a: Quagsire|Toxic|p2a: Necrozma
|-immune|p2a: Necrozma
|
|upkeep
|turn|9
|c|☆akari822|I got farmed so hard
|
|t:|1661185051
|switch|p1a: Giratina|Giratina, shiny|98/100 par
|-ability|p1a: Giratina|Pressure
|move|p2a: Necrozma|Stealth Rock|p1a: Giratina
|-sidestart|p1: akari822|move: Stealth Rock
|
|-heal|p1a: Giratina|100/100 par|[from] item: Leftovers
|upkeep
|turn|10
|
|t:|1661185055
|move|p2a: Necrozma|Knock Off|p1a: Giratina
|-supereffective|p1a: Giratina
|-damage|p1a: Giratina|73/100 par
|-enditem|p1a: Giratina|Leftovers|[from] move: Knock Off|[of] p2a: Necrozma
|move|p1a: Giratina|Defog|p2a: Necrozma
|-unboost|p2a: Necrozma|evasion|1
|-sideend|p1: akari822|Stealth Rock|[from] move: Defog|[of] p1a: Giratina
|
|upkeep
|turn|11
|
|t:|1661185063
|switch|p2a: Ho-Oh|Ho-Oh|100/100
|move|p1a: Giratina|Will-O-Wisp|p2a: Ho-Oh|[miss]
|-miss|p1a: Giratina|p2a: Ho-Oh
|
|upkeep
|turn|12
|c|☆IAmJklol|;)
|c|☆akari822|hmm I probably should have just used my normal team
|c|☆akari822|but like you where watching so ehh
|
|t:|1661185081
|switch|p2a: Calyrex|Calyrex-Shadow|100/100
|-ability|p2a: Calyrex|As One
|-ability|p2a: Calyrex|Unnerve
|cant|p1a: Giratina|par
|
|upkeep
|turn|13
|c|☆akari822|sadge
|c|☆IAmJklol|I have no idea what to do here ;-;
|
|t:|1661185101
|switch|p1a: Arceus|Arceus-Dark, shiny|100/100
|move|p2a: Calyrex|Astral Barrage|p1a: Arceus
|-resisted|p1a: Arceus
|-damage|p1a: Arceus|82/100
|
|upkeep
|turn|14
|c|☆akari822|oh.... is it choiced
|
|t:|1661185114
|switch|p2a: Ho-Oh|Ho-Oh|100/100
|move|p1a: Arceus|Recover|p1a: Arceus
|-heal|p1a: Arceus|100/100
|
|upkeep
|turn|15
|
|t:|1661185120
|switch|p1a: Giratina|Giratina, shiny|73/100 par
|-ability|p1a: Giratina|Pressure
|move|p2a: Ho-Oh|Thunder Wave|p1a: Giratina
|-fail|p1a: Giratina|par
|
|upkeep
|turn|16
|c|☆akari822|massive rip
|c|☆IAmJklol|just darkceus counters
|
|t:|1661185131
|move|p1a: Giratina|Toxic|p2a: Ho-Oh
|-status|p2a: Ho-Oh|tox
|move|p2a: Ho-Oh|Whirlwind|p1a: Giratina
|drag|p1a: Arceus|Arceus-Dark, shiny|100/100
|
|-damage|p2a: Ho-Oh|94/100 tox|[from] psn
|upkeep
|turn|17
|c|☆akari822|yea I should have used the other team lol you clearly wheren't Cteaming me rip
|
|t:|1661185149
|switch|p1a: Giratina|Giratina, shiny|73/100 par
|-ability|p1a: Giratina|Pressure
|switch|p2a: Calyrex|Calyrex-Shadow|100/100
|-ability|p2a: Calyrex|As One
|-ability|p2a: Calyrex|Unnerve
|
|upkeep
|turn|18
|j| 0.9mirror
|
|t:|1661185158
|switch|p2a: Rayquaza|Rayquaza|100/100
|-ability|p2a: Rayquaza|Air Lock
|switch|p1a: Arceus|Arceus-Dark, shiny|100/100
|
|upkeep
|turn|19
|
|t:|1661185163
|switch|p1a: Arceus|Arceus-Fairy, shiny|100/100
|detailschange|p2a: Rayquaza|Rayquaza-Mega
|-mega|p2a: Rayquaza|Rayquaza|
|-weather|DeltaStream|[from] ability: Delta Stream|[of] p2a: Rayquaza
|move|p2a: Rayquaza|Dragon Ascent|p1a: Arceus
|-damage|p1a: Arceus|46/100
|-unboost|p2a: Rayquaza|def|1
|-unboost|p2a: Rayquaza|spd|1
|
|-weather|DeltaStream|[upkeep]
|upkeep
|turn|20
|
|t:|1661185168
|-start|p1a: Arceus|Dynamax|
|-heal|p1a: Arceus|46/100|[silent]
|move|p2a: Rayquaza|Dragon Ascent|p1a: Arceus
|-damage|p1a: Arceus|18/100
|-unboost|p2a: Rayquaza|def|1
|-unboost|p2a: Rayquaza|spd|1
|move|p1a: Arceus|Max Starfall|p2a: Rayquaza
|-supereffective|p2a: Rayquaza
|-damage|p2a: Rayquaza|0 fnt
|-fieldstart|move: Misty Terrain
|faint|p2a: Rayquaza
|-weather|none
|
|upkeep
|c|☆akari822|I love dynamax
|c|☆IAmJklol|fvuck
|
|t:|1661185186
|switch|p2a: Calyrex|Calyrex-Shadow|100/100
|-ability|p2a: Calyrex|As One
|-ability|p2a: Calyrex|Unnerve
|turn|21
|
|t:|1661185193
|-end|p1a: Arceus|Dynamax
|-heal|p1a: Arceus|18/100|[silent]
|switch|p1a: Arceus|Arceus-Dark, shiny|100/100
|move|p2a: Calyrex|Astral Barrage|p1a: Arceus
|-resisted|p1a: Arceus
|-damage|p1a: Arceus|80/100
|
|upkeep
|turn|22
|
|t:|1661185198
|-start|p2a: Calyrex|Dynamax|
|-heal|p2a: Calyrex|100/100|[silent]
|move|p2a: Calyrex|Max Starfall|p1a: Arceus
|-supereffective|p1a: Arceus
|-damage|p1a: Arceus|32/100
|move|p1a: Arceus|Recover|p1a: Arceus
|-heal|p1a: Arceus|82/100
|
|upkeep
|turn|23
|
|t:|1661185203
|move|p2a: Calyrex|Max Starfall|p1a: Arceus
|-supereffective|p1a: Arceus
|-damage|p1a: Arceus|35/100
|move|p1a: Arceus|Recover|p1a: Arceus
|-heal|p1a: Arceus|85/100
|
|upkeep
|turn|24
|
|t:|1661185206
|move|p2a: Calyrex|Max Starfall|p1a: Arceus
|-supereffective|p1a: Arceus
|-damage|p1a: Arceus|40/100
|move|p1a: Arceus|Recover|p1a: Arceus
|-heal|p1a: Arceus|91/100
|
|-fieldend|Misty Terrain
|upkeep
|-end|p2a: Calyrex|Dynamax
|-heal|p2a: Calyrex|100/100|[silent]
|turn|25
|c|☆IAmJklol|that was useless
|
|t:|1661185214
|switch|p2a: Zygarde|Zygarde|100/100
|move|p1a: Arceus|Judgment|p2a: Zygarde
|-damage|p2a: Zygarde|73/100
|
|-heal|p2a: Zygarde|80/100|[from] item: Leftovers
|upkeep
|turn|26
|c|☆akari822|you should've saved it for zygod
|j| Biscotte62
|c|☆IAmJklol|quag walls :/
|c|☆akari822|not in max
|c|☆akari822|sometimes
|c|☆IAmJklol|rlly?
|j| kaasmolens
|c|☆akari822|it depends
|inactive|akari822 has 120 seconds left.
|c| Biscotte62|hey, just use this start
|l| kaasmolens
|c|☆akari822|are you offensive or defensive
|c| Biscotte62|start https://replay.pokemonshowdown.com/gen8anythinggoes-1645560465
|c|☆IAmJklol|defensive .-.
|c| Biscotte62|strat
|
|t:|1661185253
|switch|p1a: Quagsire|Quagsire, M, shiny|100/100
|switch|p2a: Calyrex|Calyrex-Shadow|100/100
|-ability|p2a: Calyrex|As One
|-ability|p2a: Calyrex|Unnerve
|
|upkeep
|turn|27
|c| Biscotte62|ahhhh
|inactive|akari822 has 120 seconds left.
|c|☆akari822|big rip
|c|☆IAmJklol|I hate this back and forth
|
|t:|1661185278
|switch|p2a: Zygarde|Zygarde|80/100
|switch|p1a: Arceus|Arceus-Dark, shiny|91/100
|
|-heal|p2a: Zygarde|86/100|[from] item: Leftovers
|upkeep
|turn|28
|inactive|akari822 has 120 seconds left.
|
|t:|1661185292
|switch|p1a: Giratina|Giratina, shiny|73/100 par
|-ability|p1a: Giratina|Pressure
|move|p2a: Zygarde|Coil|p2a: Zygarde
|-boost|p2a: Zygarde|atk|1
|-boost|p2a: Zygarde|def|1
|-boost|p2a: Zygarde|accuracy|1
|
|-heal|p2a: Zygarde|92/100|[from] item: Leftovers
|upkeep
|turn|29
|c| Biscotte62|ohko moves = 6-0
|c|☆akari822|I wanna heal arceus up but can't find a turn ><
|inactive|akari822 has 120 seconds left.
|
|t:|1661185305
|move|p2a: Zygarde|Thousand Arrows|p1a: Giratina
|-damage|p1a: Giratina|54/100 par
|move|p1a: Giratina|Toxic|p2a: Zygarde
|-status|p2a: Zygarde|tox
|
|-heal|p2a: Zygarde|98/100 tox|[from] item: Leftovers
|-damage|p2a: Zygarde|92/100 tox|[from] psn
|upkeep
|turn|30
|
|t:|1661185312
|move|p2a: Zygarde|Coil|p2a: Zygarde
|-boost|p2a: Zygarde|atk|1
|-boost|p2a: Zygarde|def|1
|-boost|p2a: Zygarde|accuracy|1
|move|p1a: Giratina|Rest|p1a: Giratina
|-status|p1a: Giratina|slp|[from] move: Rest
|-heal|p1a: Giratina|100/100 slp|[silent]
|
|-heal|p2a: Zygarde|98/100 tox|[from] item: Leftovers
|-damage|p2a: Zygarde|86/100 tox|[from] psn
|upkeep
|turn|31
|
|t:|1661185318
|move|p2a: Zygarde|Coil|p2a: Zygarde
|-boost|p2a: Zygarde|atk|1
|-boost|p2a: Zygarde|def|1
|-boost|p2a: Zygarde|accuracy|1
|cant|p1a: Giratina|slp
|
|-heal|p2a: Zygarde|92/100 tox|[from] item: Leftovers
|-damage|p2a: Zygarde|73/100 tox|[from] psn
|upkeep
|turn|32
|
|t:|1661185322
|move|p2a: Zygarde|Thousand Arrows|p1a: Giratina
|-damage|p1a: Giratina|70/100 slp
|cant|p1a: Giratina|slp
|
|-heal|p2a: Zygarde|80/100 tox|[from] item: Leftovers
|-damage|p2a: Zygarde|55/100 tox|[from] psn
|upkeep
|turn|33
|c|☆IAmJklol|go for it
|
|t:|1661185328
|switch|p1a: Quagsire|Quagsire, M, shiny|100/100
|move|p2a: Zygarde|Rest|p2a: Zygarde
|-status|p2a: Zygarde|slp|[from] move: Rest
|-heal|p2a: Zygarde|100/100 slp|[silent]
|
|upkeep
|turn|34
|c|☆akari822|use rest and i will
|c|☆akari822|oh okay
|
|t:|1661185337
|switch|p2a: Arceus|Arceus-Water|100/100
|switch|p1a: Arceus|Arceus-Fairy, shiny|18/100
|
|upkeep
|turn|35
|c|☆akari822|:((
|
|t:|1661185346
|switch|p1a: Chansey|Chansey, F, shiny|100/100
|move|p2a: Arceus|Substitute|p2a: Arceus
|-start|p2a: Arceus|Substitute
|-damage|p2a: Arceus|75/100
|
|upkeep
|turn|36
|c|☆akari822|oh shit is this
|c|☆akari822|my favorite arceus
|c|☆IAmJklol|maybe
|c|☆akari822|SD watereus >>>>>><<<<<
|
|t:|1661185372
|switch|p1a: Quagsire|Quagsire, M, shiny|100/100
|move|p2a: Arceus|Recover|p2a: Arceus
|-heal|p2a: Arceus|100/100
|
|upkeep
|turn|37
|c|☆IAmJklol|recover <3
|
|t:|1661185383
|switch|p1a: Chansey|Chansey, F, shiny|100/100
|move|p2a: Arceus|Judgment|p1a: Chansey
|-damage|p1a: Chansey|88/100
|
|upkeep
|turn|38
|c|☆akari822|oh it's not
|c|☆akari822|rip
|c|☆IAmJklol|HA
|c|☆IAmJklol|dang
|
|t:|1661185395
|move|p2a: Arceus|Substitute|p2a: Arceus
|-fail|p2a: Arceus|move: Substitute
|move|p1a: Chansey|Seismic Toss|p2a: Arceus
|-activate|p2a: Arceus|move: Substitute|[damage]
|
|upkeep
|turn|39
|c|☆IAmJklol|where's confide
|c|☆IAmJklol|;(
|c| Biscotte62|do you love to play stall ?
|c|☆akari822|welp this is a thing
|c|☆akari822|and yes I do tbh
|
|t:|1661185412
|switch|p1a: Giratina|Giratina, shiny|70/100 slp
|-ability|p1a: Giratina|Pressure
|move|p2a: Arceus|Calm Mind|p2a: Arceus
|-boost|p2a: Arceus|spa|1
|-boost|p2a: Arceus|spd|1
|
|upkeep
|turn|40
|
|t:|1661185416
|switch|p1a: Chansey|Chansey, F, shiny|88/100
|move|p2a: Arceus|Calm Mind|p2a: Arceus
|-boost|p2a: Arceus|spa|1
|-boost|p2a: Arceus|spd|1
|
|upkeep
|turn|41
|c|☆akari822|interestng
|c|☆akari822|sub over recover ig
|c|☆akari822|i mean refresh
|c|☆akari822|oof
|
|t:|1661185434
|move|p2a: Arceus|Recover||[still]
|-fail|p2a: Arceus|heal
|move|p1a: Chansey|Confide|p2a: Arceus
|-unboost|p2a: Arceus|spa|1
|
|upkeep
|turn|42
|c|☆IAmJklol|woo there is is
|j| inoion
|c|☆IAmJklol|my favorite move
|
|t:|1661185447
|switch|p2a: Zygarde|Zygarde|100/100 slp
|move|p1a: Chansey|Confide|p2a: Zygarde
|-unboost|p2a: Zygarde|spa|1
|
|upkeep
|turn|43
|c|☆akari822|lol fr
|
|t:|1661185453
|switch|p1a: Arceus|Arceus-Fairy, shiny|18/100
|cant|p2a: Zygarde|slp
|move|p2a: Zygarde|Sleep Talk|p2a: Zygarde
|move|p2a: Zygarde|Rest||[from]move: Sleep Talk|[still]
|-fail|p2a: Zygarde
|
|upkeep
|turn|44
|c|☆akari822|omg
|c|☆IAmJklol|damn I went for it
|c|☆akari822|sorry mon
|c|☆akari822|man*
|
|t:|1661185465
|switch|p2a: Necrozma|Necrozma-Dusk-Mane|100/100
|move|p1a: Arceus|Recover|p1a: Arceus
|-heal|p1a: Arceus|68/100
|
|upkeep
|turn|45
|c|☆akari822|to be fair I don't think you even killed
|c|☆akari822|but
|c|☆akari822|yea
|
|t:|1661185474
|switch|p2a: Ho-Oh|Ho-Oh|100/100 tox
|move|p1a: Arceus|Will-O-Wisp||[still]
|-fail|p1a: Arceus
|
|-damage|p2a: Ho-Oh|94/100 tox|[from] psn
|upkeep
|turn|46
|c|☆IAmJklol|yeah probs
|c|☆IAmJklol|this is pretty mjuch a pp stall game
|
|t:|1661185493
|switch|p1a: Giratina|Giratina, shiny|70/100 slp
|-ability|p1a: Giratina|Pressure
|move|p2a: Ho-Oh|Whirlwind|p1a: Giratina
|drag|p1a: Quagsire|Quagsire, M, shiny|100/100
|
|-damage|p2a: Ho-Oh|82/100 tox|[from] psn
|upkeep
|turn|47
|c| Biscotte62|can you just stop to troll and play normaly ?
|
|t:|1661185501
|switch|p2a: Calyrex|Calyrex-Shadow|100/100
|-ability|p2a: Calyrex|As One
|-ability|p2a: Calyrex|Unnerve
|switch|p1a: Giratina|Giratina, shiny|70/100 slp
|-ability|p1a: Giratina|Pressure
|
|upkeep
|turn|48
|c|☆IAmJklol|if I wait long enough maybe his internet will cut out
|c|☆akari822|lol
|
|t:|1661185515
|switch|p2a: Zygarde|Zygarde|100/100 slp
|switch|p1a: Arceus|Arceus-Dark, shiny|91/100
|
|upkeep
|turn|49
|c| Biscotte62|Endless Battle Clause: Forcing endless battles is banned
|
|t:|1661185523
|move|p1a: Arceus|Calm Mind|p1a: Arceus
|-boost|p1a: Arceus|spa|1
|-boost|p1a: Arceus|spd|1
|cant|p2a: Zygarde|slp
|
|upkeep
|turn|50
|
|t:|1661185528
|move|p1a: Arceus|Calm Mind|p1a: Arceus
|-boost|p1a: Arceus|spa|1
|-boost|p1a: Arceus|spd|1
|-curestatus|p2a: Zygarde|slp|[msg]
|move|p2a: Zygarde|Coil|p2a: Zygarde
|-boost|p2a: Zygarde|atk|1
|-boost|p2a: Zygarde|def|1
|-boost|p2a: Zygarde|accuracy|1
|
|upkeep
|turn|51
|
|t:|1661185536
|move|p1a: Arceus|Judgment|p2a: Zygarde
|-damage|p2a: Zygarde|37/100
|move|p2a: Zygarde|Thousand Arrows|p1a: Arceus
|-damage|p1a: Arceus|61/100
|
|-heal|p2a: Zygarde|44/100|[from] item: Leftovers
|-activate|p2a: Zygarde|ability: Power Construct
|detailschange|p2a: Zygarde|Zygarde-Complete
|-heal|p2a: Zygarde|63/100|[silent]
|upkeep
|turn|52
|
|t:|1661185544
|move|p1a: Arceus|Recover|p1a: Arceus
|-heal|p1a: Arceus|100/100
|move|p2a: Zygarde|Coil|p2a: Zygarde
|-boost|p2a: Zygarde|atk|1
|-boost|p2a: Zygarde|def|1
|-boost|p2a: Zygarde|accuracy|1
|
|-heal|p2a: Zygarde|69/100|[from] item: Leftovers
|upkeep
|turn|53
|
|t:|1661185559
|switch|p1a: Quagsire|Quagsire, M, shiny|100/100
|move|p2a: Zygarde|Thousand Arrows|p1a: Quagsire
|-damage|p1a: Quagsire|80/100
|
|-heal|p2a: Zygarde|75/100|[from] item: Leftovers
|upkeep
|turn|54
|c|☆IAmJklol|geko
|c|☆IAmJklol|help
|c|☆akari822|I wonder how low I can go and still beat calyrex ><
|
|t:|1661185574
|switch|p2a: Ho-Oh|Ho-Oh|100/100 tox
|move|p1a: Quagsire|Haze|p1a: Quagsire
|-clearallboost
|
|-damage|p2a: Ho-Oh|94/100 tox|[from] psn
|upkeep
|turn|55
|c|☆akari822|it's scarf so funny blob is a 50/50
|c|☆akari822|rip
|
|t:|1661185587
|switch|p1a: Giratina|Giratina, shiny|70/100 slp
|-ability|p1a: Giratina|Pressure
|move|p2a: Ho-Oh|Sacred Fire|p1a: Giratina
|-resisted|p1a: Giratina
|-damage|p1a: Giratina|60/100 slp
|
|-damage|p2a: Ho-Oh|82/100 tox|[from] psn
|upkeep
|turn|56
|
|t:|1661185598
|switch|p2a: Zygarde|Zygarde-Complete|75/100
|-curestatus|p1a: Giratina|slp|[msg]
|move|p1a: Giratina|Rest|p1a: Giratina
|-status|p1a: Giratina|slp|[from] move: Rest
|-heal|p1a: Giratina|100/100 slp|[silent]
|
|-heal|p2a: Zygarde|81/100|[from] item: Leftovers
|upkeep
|turn|57
|c|☆IAmJklol|aw cmonn
|
|t:|1661185604
|switch|p1a: Arceus|Arceus-Fairy, shiny|68/100
|switch|p2a: Necrozma|Necrozma-Dusk-Mane|100/100
|
|upkeep
|turn|58
|
|t:|1661185612
|switch|p2a: Ho-Oh|Ho-Oh|100/100 tox
|move|p1a: Arceus|Will-O-Wisp||[still]
|-fail|p1a: Arceus
|
|-damage|p2a: Ho-Oh|94/100 tox|[from] psn
|upkeep
|turn|59
|
|t:|1661185618
|switch|p2a: Necrozma|Necrozma-Dusk-Mane|100/100
|move|p1a: Arceus|Stealth Rock|p2a: Necrozma
|-sidestart|p2: IAmJklol|move: Stealth Rock
|
|upkeep
|turn|60
|
|t:|1661185623
|switch|p1a: Giratina|Giratina, shiny|100/100 slp
|-ability|p1a: Giratina|Pressure
|switch|p2a: Ho-Oh|Ho-Oh|100/100 tox
|
|-damage|p2a: Ho-Oh|94/100 tox|[from] psn
|upkeep
|turn|61
|j| GamingWithSceptile
|
|t:|1661185630
|cant|p1a: Giratina|slp
|move|p2a: Ho-Oh|Defog|p1a: Giratina
|-unboost|p1a: Giratina|evasion|1
|-sideend|p2: IAmJklol|Stealth Rock|[from] move: Defog|[of] p2a: Ho-Oh
|
|-damage|p2a: Ho-Oh|82/100 tox|[from] psn
|upkeep
|turn|62
|
|t:|1661185635
|switch|p1a: Arceus|Arceus-Fairy, shiny|68/100
|switch|p2a: Necrozma|Necrozma-Dusk-Mane|100/100
|
|upkeep
|turn|63
|c|☆IAmJklol|im so pissed rn
|
|t:|1661185641
|move|p1a: Arceus|Will-O-Wisp|p2a: Necrozma
|-status|p2a: Necrozma|brn
|move|p2a: Necrozma|Sunsteel Strike|p1a: Arceus
|-supereffective|p1a: Arceus
|-damage|p1a: Arceus|43/100
|
|-damage|p2a: Necrozma|94/100 brn|[from] brn
|upkeep
|turn|64
|
|t:|1661185647
|move|p1a: Arceus|Recover|p1a: Arceus
|-heal|p1a: Arceus|93/100
|move|p2a: Necrozma|Stealth Rock|p1a: Arceus
|-sidestart|p1: akari822|move: Stealth Rock
|
|-damage|p2a: Necrozma|88/100 brn|[from] brn
|upkeep
|turn|65
|
|t:|1661185650
|switch|p2a: Calyrex|Calyrex-Shadow|100/100
|-ability|p2a: Calyrex|As One
|-ability|p2a: Calyrex|Unnerve
|move|p1a: Arceus|Stealth Rock|p2a: Calyrex
|-sidestart|p2: IAmJklol|move: Stealth Rock
|
|upkeep
|turn|66
|c|☆IAmJklol|I shouldve done this when I had dmax
|c|☆IAmJklol|..
|
|t:|1661185679
|switch|p1a: Arceus|Arceus-Dark, shiny|100/100
|-damage|p1a: Arceus|88/100|[from] Stealth Rock
|move|p2a: Calyrex|Draining Kiss|p1a: Arceus
|-supereffective|p1a: Arceus
|-damage|p1a: Arceus|65/100
|
|upkeep
|turn|67
|c| 0.9mirror|too stall
|
|t:|1661185686
|switch|p2a: Ho-Oh|Ho-Oh|100/100 tox
|move|p1a: Arceus|Recover|p1a: Arceus
|-heal|p1a: Arceus|100/100
|
|-damage|p2a: Ho-Oh|94/100 tox|[from] psn
|upkeep
|turn|68
|
|t:|1661185695
|switch|p1a: Giratina|Giratina, shiny|100/100 slp
|-damage|p1a: Giratina|88/100 slp|[from] Stealth Rock
|-ability|p1a: Giratina|Pressure
|move|p2a: Ho-Oh|Thunder Wave||[still]
|-fail|p2a: Ho-Oh
|
|-damage|p2a: Ho-Oh|82/100 tox|[from] psn
|upkeep
|turn|69
|c| Biscotte62|y
|c| Biscotte62|its sad
|c|☆IAmJklol|this is hell
|
|t:|1661185708
|switch|p2a: Zygarde|Zygarde-Complete|81/100
|-damage|p2a: Zygarde|75/100|[from] Stealth Rock
|cant|p1a: Giratina|slp
|
|-heal|p2a: Zygarde|81/100|[from] item: Leftovers
|upkeep
|turn|70
|c| GamingWithSceptile|I faced him and decided to forfeit
|
|t:|1661185718
|-curestatus|p1a: Giratina|slp|[msg]
|move|p1a: Giratina|Will-O-Wisp|p2a: Zygarde
|-status|p2a: Zygarde|brn
|move|p2a: Zygarde|Rest|p2a: Zygarde
|-status|p2a: Zygarde|slp|[from] move: Rest
|-heal|p2a: Zygarde|100/100 slp|[silent]
|
|upkeep
|turn|71
|c|☆IAmJklol|LOL
|c| 0.9mirror|zygarde： let me sleep
|c|☆akari822|:((
|
|t:|1661185729
|switch|p1a: Arceus|Arceus-Fairy, shiny|93/100
|-damage|p1a: Arceus|80/100|[from] Stealth Rock
|cant|p2a: Zygarde|slp
|
|upkeep
|turn|72
|c| 0.9mirror|arceus： nooooooooo
|c| Biscotte62|i'm just gonna report them if they dont respect the clause
|c| Biscotte62|"Endless Battle Clause: Forcing endless battles is banned"
|
|t:|1661185740
|move|p1a: Arceus|Judgment|p2a: Zygarde
|-supereffective|p2a: Zygarde
|-damage|p2a: Zygarde|63/100 slp
|cant|p2a: Zygarde|slp
|
|-heal|p2a: Zygarde|69/100 slp|[from] item: Leftovers
|upkeep
|turn|73
|c|☆akari822|I'm not forcing anything
|c|☆IAmJklol|its endable
|c|☆IAmJklol|lol
|c|☆IAmJklol|pp stall
|c|☆akari822|they could let me win at any moment
|
|t:|1661185757
|switch|p1a: Giratina|Giratina, shiny|88/100
|-damage|p1a: Giratina|75/100|[from] Stealth Rock
|-ability|p1a: Giratina|Pressure
|switch|p2a: Ho-Oh|Ho-Oh|100/100 tox
|
|-damage|p2a: Ho-Oh|94/100 tox|[from] psn
|upkeep
|turn|74
|c|☆IAmJklol|I could
|c|☆IAmJklol|but so could you
|c|☆akari822|true
|
|t:|1661185766
|switch|p2a: Zygarde|Zygarde-Complete|69/100 slp
|-damage|p2a: Zygarde|63/100 slp|[from] Stealth Rock
|move|p1a: Giratina|Rest|p1a: Giratina
|-status|p1a: Giratina|slp|[from] move: Rest
|-heal|p1a: Giratina|100/100 slp|[silent]
|
|-heal|p2a: Zygarde|69/100 slp|[from] item: Leftovers
|upkeep
|turn|75
|c| 0.9mirror|pp and me only life one
|c|☆IAmJklol|oml
|
|t:|1661185778
|switch|p2a: Ho-Oh|Ho-Oh|100/100 tox
|cant|p1a: Giratina|slp
|
|-damage|p2a: Ho-Oh|94/100 tox|[from] psn
|upkeep
|turn|76
|l| inoion
|
|t:|1661185784
|move|p2a: Ho-Oh|Defog|p1a: Giratina
|-unboost|p1a: Giratina|evasion|1
|-sideend|p1: akari822|Stealth Rock|[from] move: Defog|[of] p2a: Ho-Oh
|-sideend|p2: IAmJklol|Stealth Rock|[from] move: Defog|[of] p2a: Ho-Oh
|cant|p1a: Giratina|slp
|
|-damage|p2a: Ho-Oh|82/100 tox|[from] psn
|upkeep
|turn|77
|c|☆IAmJklol|wanna just tie?
|
|t:|1661185788
|switch|p2a: Zygarde|Zygarde-Complete|69/100 slp
|switch|p1a: Arceus|Arceus-Fairy, shiny|80/100
|
|-heal|p2a: Zygarde|75/100 slp|[from] item: Leftovers
|upkeep
|turn|78
|c|☆IAmJklol|idk how it works
|
|t:|1661185797
|switch|p2a: Ho-Oh|Ho-Oh|100/100 tox
|move|p1a: Arceus|Stealth Rock|p2a: Ho-Oh
|-sidestart|p2: IAmJklol|move: Stealth Rock
|
|-damage|p2a: Ho-Oh|94/100 tox|[from] psn
|upkeep
|turn|79
|c| GamingWithSceptile|Akari ur not even damaging him
|
|t:|1661185801
|switch|p1a: Giratina|Giratina, shiny|100/100 slp
|-ability|p1a: Giratina|Pressure
|move|p2a: Ho-Oh|Thunder Wave|p1a: Giratina|[miss]
|-miss|p2a: Ho-Oh|p1a: Giratina
|
|-damage|p2a: Ho-Oh|82/100 tox|[from] psn
|upkeep
|turn|80
|c|☆akari822|true
|
|t:|1661185808
|switch|p1a: Arceus|Arceus-Fairy, shiny|80/100
|switch|p2a: Zygarde|Zygarde-Complete|75/100 slp
|-damage|p2a: Zygarde|69/100 slp|[from] Stealth Rock
|
|-heal|p2a: Zygarde|75/100 slp|[from] item: Leftovers
|upkeep
|turn|81
|
|t:|1661185814
|switch|p1a: Arceus|Arceus-Dark, shiny|100/100
|switch|p2a: Necrozma|Necrozma-Dusk-Mane|88/100 brn
|-damage|p2a: Necrozma|82/100 brn|[from] Stealth Rock
|
|-damage|p2a: Necrozma|76/100 brn|[from] brn
|upkeep
|turn|82
|
|t:|1661185820
|switch|p2a: Ho-Oh|Ho-Oh|100/100 tox
|move|p1a: Arceus|Calm Mind|p1a: Arceus
|-boost|p1a: Arceus|spa|1
|-boost|p1a: Arceus|spd|1
|
|-damage|p2a: Ho-Oh|94/100 tox|[from] psn
|upkeep
|turn|83
|j| TaxFraud094
|
|t:|1661185825
|switch|p2a: Necrozma|Necrozma-Dusk-Mane|76/100 brn
|-damage|p2a: Necrozma|70/100 brn|[from] Stealth Rock
|move|p1a: Arceus|Judgment|p2a: Necrozma
|-supereffective|p2a: Necrozma
|-damage|p2a: Necrozma|0 fnt
|faint|p2a: Necrozma
|
|upkeep
|
|t:|1661185829
|switch|p2a: Ho-Oh|Ho-Oh|100/100 tox
|turn|84
|c| 0.9mirror|come on everyone
|
|t:|1661185833
|move|p1a: Arceus|Judgment|p2a: Ho-Oh
|-damage|p2a: Ho-Oh|70/100 tox
|move|p2a: Ho-Oh|Thunder Wave|p1a: Arceus|[miss]
|-miss|p2a: Ho-Oh|p1a: Arceus
|
|-damage|p2a: Ho-Oh|64/100 tox|[from] psn
|upkeep
|turn|85
|c|☆IAmJklol|oh no he's getting somehwere
|c|☆akari822|sorry man
|
|t:|1661185842
|move|p1a: Arceus|Judgment|p2a: Ho-Oh
|-damage|p2a: Ho-Oh|33/100 tox
|move|p2a: Ho-Oh|Whirlwind|p1a: Arceus
|drag|p1a: Ditto|Ditto, shiny|100/100
|-transform|p1a: Ditto|p2a: Ho-Oh|[from] ability: Imposter
|
|-damage|p2a: Ho-Oh|20/100 tox|[from] psn
|upkeep
|turn|86
|c|☆akari822|damn
|c|☆IAmJklol|anyways
|
|t:|1661185853
|switch|p1a: Arceus|Arceus-Dark, shiny|100/100
|switch|p2a: Zygarde|Zygarde-Complete|75/100 slp
|-damage|p2a: Zygarde|69/100 slp|[from] Stealth Rock
|
|-heal|p2a: Zygarde|75/100 slp|[from] item: Leftovers
|upkeep
|turn|87
|
|t:|1661185859
|move|p1a: Arceus|Calm Mind|p1a: Arceus
|-boost|p1a: Arceus|spa|1
|-boost|p1a: Arceus|spd|1
|-curestatus|p2a: Zygarde|slp|[msg]
|move|p2a: Zygarde|Coil|p2a: Zygarde
|-boost|p2a: Zygarde|atk|1
|-boost|p2a: Zygarde|def|1
|-boost|p2a: Zygarde|accuracy|1
|
|-heal|p2a: Zygarde|81/100|[from] item: Leftovers
|upkeep
|turn|88
|
|t:|1661185866
|move|p1a: Arceus|Judgment|p2a: Zygarde
|-damage|p2a: Zygarde|52/100
|move|p2a: Zygarde|Coil|p2a: Zygarde
|-boost|p2a: Zygarde|atk|1
|-boost|p2a: Zygarde|def|1
|-boost|p2a: Zygarde|accuracy|1
|
|-heal|p2a: Zygarde|59/100|[from] item: Leftovers
|upkeep
|turn|89
|c|☆akari822|the sheer damage
|c|☆IAmJklol|ikr
|
|t:|1661185887
|switch|p1a: Quagsire|Quagsire, M, shiny|80/100
|move|p2a: Zygarde|Rest|p2a: Zygarde
|-status|p2a: Zygarde|slp|[from] move: Rest
|-heal|p2a: Zygarde|100/100 slp|[silent]
|
|upkeep
|turn|90
|
|t:|1661185891
|cant|p2a: Zygarde|slp
|move|p1a: Quagsire|Haze|p1a: Quagsire
|-clearallboost
|
|upkeep
|turn|91
|
|t:|1661185898
|cant|p2a: Zygarde|slp
|move|p1a: Quagsire|Haze|p1a: Quagsire
|-clearallboost
|
|upkeep
|turn|92
|c|☆IAmJklol|sleep talk is just a waste
|
|t:|1661185906
|switch|p2a: Ho-Oh|Ho-Oh|54/100 tox
|move|p1a: Quagsire|Toxic|p2a: Ho-Oh
|-fail|p2a: Ho-Oh|tox
|
|-damage|p2a: Ho-Oh|48/100 tox|[from] psn
|upkeep
|turn|93
|c|☆IAmJklol|time to heal up hooh
|c|☆akari822|yo fr whenever you use it it ends up as rest again and if the opponent uses it they get the perfect move lol
|
|t:|1661185930
|switch|p2a: Zygarde|Zygarde-Complete|100/100 slp
|-damage|p2a: Zygarde|94/100 slp|[from] Stealth Rock
|switch|p1a: Giratina|Giratina, shiny|100/100 slp
|-ability|p1a: Giratina|Pressure
|
|-heal|p2a: Zygarde|100/100 slp|[from] item: Leftovers
|upkeep
|turn|94
|
|t:|1661185954
|switch|p1a: Arceus|Arceus-Fairy, shiny|80/100
|switch|p2a: Ho-Oh|Ho-Oh|81/100 tox
|
|-damage|p2a: Ho-Oh|75/100 tox|[from] psn
|upkeep
|turn|95
|c|☆IAmJklol|probs gonna reach 500 turns
|c|☆IAmJklol|:/
|c| TaxFraud094|this is why you run D-Tail on Coil Zygarde
|
|t:|1661185969
|switch|p1a: Giratina|Giratina, shiny|100/100 slp
|-ability|p1a: Giratina|Pressure
|switch|p2a: Zygarde|Zygarde-Complete|100/100 slp
|-damage|p2a: Zygarde|94/100 slp|[from] Stealth Rock
|
|-heal|p2a: Zygarde|100/100 slp|[from] item: Leftovers
|upkeep
|turn|96
|c|☆akari822|it wouldn't help
|c| 0.9mirror|sleep sleep sleep！
|c|☆IAmJklol|if I perfectly predict it might
|inactive|IAmJklol has 120 seconds left.
|
|t:|1661185991
|switch|p1a: Arceus|Arceus-Fairy, shiny|80/100
|switch|p2a: Ho-Oh|Ho-Oh|100/100 tox
|
|-damage|p2a: Ho-Oh|94/100 tox|[from] psn
|upkeep
|turn|97
|c|☆akari822|nah funny quag momento
|
|t:|1661185998
|switch|p1a: Giratina|Giratina, shiny|100/100 slp
|-ability|p1a: Giratina|Pressure
|move|p2a: Ho-Oh|Thunder Wave||[still]
|-fail|p2a: Ho-Oh
|
|-damage|p2a: Ho-Oh|82/100 tox|[from] psn
|upkeep
|turn|98
|c|☆akari822|omg
|c|☆akari822|a move was used
|
|t:|1661186008
|switch|p2a: Zygarde|Zygarde-Complete|100/100 slp
|-damage|p2a: Zygarde|94/100 slp|[from] Stealth Rock
|switch|p1a: Arceus|Arceus-Dark, shiny|100/100
|
|-heal|p2a: Zygarde|100/100 slp|[from] item: Leftovers
|upkeep
|turn|99
|c|☆IAmJklol|no way
|
|t:|1661186016
|switch|p2a: Ho-Oh|Ho-Oh|100/100 tox
|move|p1a: Arceus|Calm Mind|p1a: Arceus
|-boost|p1a: Arceus|spa|1
|-boost|p1a: Arceus|spd|1
|
|-damage|p2a: Ho-Oh|94/100 tox|[from] psn
|upkeep
|turn|100
|
|t:|1661186019
|move|p1a: Arceus|Judgment|p2a: Ho-Oh
|-damage|p2a: Ho-Oh|62/100 tox
|move|p2a: Ho-Oh|Thunder Wave|p1a: Arceus
|-status|p1a: Arceus|par
|
|-damage|p2a: Ho-Oh|50/100 tox|[from] psn
|upkeep
|turn|101
|
|t:|1661186026
|cant|p1a: Arceus|par
|move|p2a: Ho-Oh|Whirlwind|p1a: Arceus
|drag|p1a: Quagsire|Quagsire, M, shiny|80/100
|
|-damage|p2a: Ho-Oh|32/100 tox|[from] psn
|upkeep
|turn|102
|
|t:|1661186030
|switch|p2a: Zygarde|Zygarde-Complete|100/100 slp
|-damage|p2a: Zygarde|94/100 slp|[from] Stealth Rock
|switch|p1a: Arceus|Arceus-Dark, shiny|100/100 par
|
|-heal|p2a: Zygarde|100/100 slp|[from] item: Leftovers
|upkeep
|turn|103
|c|☆akari822|rude
|c|☆IAmJklol|funny para
|
|t:|1661186048
|-curestatus|p2a: Zygarde|slp|[msg]
|move|p2a: Zygarde|Coil|p2a: Zygarde
|-boost|p2a: Zygarde|atk|1
|-boost|p2a: Zygarde|def|1
|-boost|p2a: Zygarde|accuracy|1
|move|p1a: Arceus|Refresh|p1a: Arceus
|-curestatus|p1a: Arceus|par|[msg]
|
|upkeep
|turn|104
|c|☆IAmJklol|i will thousand arrows u
|
|t:|1661186065
|switch|p1a: Quagsire|Quagsire, M, shiny|80/100
|move|p2a: Zygarde|Coil|p2a: Zygarde
|-boost|p2a: Zygarde|atk|1
|-boost|p2a: Zygarde|def|1
|-boost|p2a: Zygarde|accuracy|1
|
|upkeep
|turn|105
|c|☆akari822|I'm gonna go blob funny
|
|t:|1661186070
|switch|p2a: Ho-Oh|Ho-Oh|65/100 tox
|move|p1a: Quagsire|Haze|p1a: Quagsire
|-clearallboost
|
|-damage|p2a: Ho-Oh|59/100 tox|[from] psn
|upkeep
|turn|106
|l| 0.9mirror
|c|☆IAmJklol|so pro
|
|t:|1661186078
|switch|p2a: Zygarde|Zygarde-Complete|100/100
|-damage|p2a: Zygarde|94/100|[from] Stealth Rock
|switch|p1a: Giratina|Giratina, shiny|100/100 slp
|-ability|p1a: Giratina|Pressure
|
|-heal|p2a: Zygarde|100/100|[from] item: Leftovers
|upkeep
|turn|107
|c|☆IAmJklol|this gameplay
|
|t:|1661186086
|switch|p2a: Arceus|Arceus-Water|100/100
|-damage|p2a: Arceus|88/100|[from] Stealth Rock
|-curestatus|p1a: Giratina|slp|[msg]
|move|p1a: Giratina|Will-O-Wisp|p2a: Arceus
|-status|p2a: Arceus|brn
|
|-damage|p2a: Arceus|82/100 brn|[from] brn
|upkeep
|turn|108
|
|t:|1661186091
|switch|p2a: Ho-Oh|Ho-Oh|92/100 tox
|switch|p1a: Chansey|Chansey, F, shiny|88/100
|
|-damage|p2a: Ho-Oh|86/100 tox|[from] psn
|upkeep
|turn|109
|
|t:|1661186098
|move|p2a: Ho-Oh|Defog|p1a: Chansey
|-unboost|p1a: Chansey|evasion|1
|-sideend|p2: IAmJklol|Stealth Rock|[from] move: Defog|[of] p2a: Ho-Oh
|move|p1a: Chansey|Seismic Toss|p2a: Ho-Oh
|-damage|p2a: Ho-Oh|62/100 tox
|
|-damage|p2a: Ho-Oh|50/100 tox|[from] psn
|upkeep
|turn|110
|
|t:|1661186102
|switch|p2a: Zygarde|Zygarde-Complete|100/100
|switch|p1a: Arceus|Arceus-Fairy, shiny|80/100
|
|upkeep
|turn|111
|
|t:|1661186110
|switch|p2a: Calyrex|Calyrex-Shadow|100/100
|-ability|p2a: Calyrex|As One
|-ability|p2a: Calyrex|Unnerve
|move|p1a: Arceus|Stealth Rock|p2a: Calyrex
|-sidestart|p2: IAmJklol|move: Stealth Rock
|
|upkeep
|turn|112
|
|t:|1661186119
|switch|p2a: Ho-Oh|Ho-Oh|83/100 tox
|switch|p1a: Arceus|Arceus-Dark, shiny|100/100
|
|-damage|p2a: Ho-Oh|77/100 tox|[from] psn
|upkeep
|turn|113
|
|t:|1661186123
|move|p1a: Arceus|Calm Mind|p1a: Arceus
|-boost|p1a: Arceus|spa|1
|-boost|p1a: Arceus|spd|1
|move|p2a: Ho-Oh|Whirlwind|p1a: Arceus
|drag|p1a: Chansey|Chansey, F, shiny|88/100
|
|-damage|p2a: Ho-Oh|65/100 tox|[from] psn
|upkeep
|turn|114
|
|t:|1661186127
|switch|p2a: Zygarde|Zygarde-Complete|100/100
|-damage|p2a: Zygarde|94/100|[from] Stealth Rock
|move|p1a: Chansey|Seismic Toss|p2a: Zygarde
|-damage|p2a: Zygarde|79/100
|
|-heal|p2a: Zygarde|85/100|[from] item: Leftovers
|upkeep
|turn|115
|c|☆akari822|sadge
|c|☆IAmJklol|leavee
|c|☆akari822|welp
|
|t:|1661186143
|switch|p2a: Calyrex|Calyrex-Shadow|100/100
|-ability|p2a: Calyrex|As One
|-ability|p2a: Calyrex|Unnerve
|-damage|p2a: Calyrex|88/100|[from] Stealth Rock
|switch|p1a: Arceus|Arceus-Fairy, shiny|80/100
|
|upkeep
|turn|116
|c|☆akari822|i have something in like a little bit and need to get some breakfast >< driving test today
|c|☆akari822|gg my friend
|c|☆IAmJklol|.-.
|inactive|akari822 has 120 seconds left.
|c|☆IAmJklol|well ggs
|c|☆akari822|I hope you have a good day <3
|c|☆IAmJklol|u too
|c|☆akari822|(sorry those of the USPT I didn't win *shrug*
|-message|akari822 forfeited.
|
|win|IAmJklol
|n|☆akari822|akari822
|n|☆IAmJklol|iamjklol
|n| Biscotte62|biscotte62
|n| GamingWithSceptile|gamingwithsceptile
|n| TaxFraud094|taxfraud094
