|j|☆Pikaslayer2001
|j|☆Fly Milk
|t:|1663644580
|gametype|singles
|player|p1|Pikaslayer2001|brendan-contest|1772
|player|p2|Fly Milk|170|1660
|teamsize|p1|6
|teamsize|p2|6
|gen|8
|tier|[Gen 8] National Dex AG
|rated|
|rule|HP Percentage Mod: HP is shown in percentages
|rule|Endless Battle Clause: Forcing endless battles is banned
|clearpoke
|poke|p1|Arceus-*|
|poke|p1|Groudon|
|poke|p1|Necrozma-Dusk-Mane|
|poke|p1|Yveltal|
|poke|p1|Rayquaza|
|poke|p1|Marshadow|
|poke|p2|Arceus-*|
|poke|p2|Giratina|
|poke|p2|Arceus-*|
|poke|p2|Chansey, F|
|poke|p2|Quagsire, M|
|poke|p2|Arceus-*|
|teampreview
|inactive|Battle timer is ON: inactive players will automatically lose when time's up. (requested by Fly Milk)
|c|☆Pikaslayer2001|Bruh I just wanted one more game and it’s against stall
|
|t:|1663644601
|start
|switch|p1a: Groudon|Groudon, shiny|100/100
|switch|p2a: I Wanna|Arceus-Fairy, shiny|100/100
|detailschange|p1a: Groudon|Groudon-Primal, shiny
|-primal|p1a: Groudon
|-weather|DesolateLand|[from] ability: Desolate Land|[of] p1a: Groudon
|turn|1
|
|t:|1663644613
|move|p1a: Groudon|Eruption|p2a: I Wanna
|-damage|p2a: I Wanna|7/100
|move|p2a: I Wanna|Stealth Rock|p1a: Groudon
|-sidestart|p1: Pikaslayer2001|move: Stealth Rock
|
|-weather|DesolateLand|[upkeep]
|upkeep
|turn|2
|
|t:|1663644619
|switch|p2a: Like|Chansey, F, shiny|100/100
|move|p1a: Groudon|Precipice Blades|p2a: Like|[miss]
|-miss|p1a: Groudon|p2a: Like
|
|-weather|DesolateLand|[upkeep]
|upkeep
|turn|3
|
|t:|1663644641
|switch|p2a: Be|Giratina, shiny|100/100
|-ability|p2a: Be|Pressure
|move|p1a: Groudon|Swords Dance|p1a: Groudon
|-boost|p1a: Groudon|atk|2
|
|-weather|DesolateLand|[upkeep]
|upkeep
|turn|4
|
|t:|1663644646
|move|p1a: Groudon|Swords Dance|p1a: Groudon
|-boost|p1a: Groudon|atk|2
|move|p2a: Be|Toxic|p1a: Groudon
|-status|p1a: Groudon|tox
|
|-weather|DesolateLand|[upkeep]
|-damage|p1a: Groudon|94/100 tox|[from] psn
|upkeep
|turn|5
|
|t:|1663644654
|switch|p2a: I Wanna|Arceus-Fairy, shiny|7/100
|move|p1a: Groudon|Precipice Blades|p2a: I Wanna
|-damage|p2a: I Wanna|0 fnt
|faint|p2a: I Wanna
|
|-weather|DesolateLand|[upkeep]
|-damage|p1a: Groudon|82/100 tox|[from] psn
|upkeep
|
|t:|1663644659
|switch|p2a: No One Ever|Quagsire, M, shiny|100/100
|turn|6
|
|t:|1663644664
|-weather|none
|switch|p1a: Necrozma|Necrozma-Dusk-Mane|100/100
|-damage|p1a: Necrozma|94/100|[from] Stealth Rock
|move|p2a: No One Ever|Recover||[still]
|-fail|p2a: No One Ever|heal
|
|upkeep
|turn|7
|
|t:|1663644673
|move|p1a: Necrozma|Toxic|p2a: No One Ever
|-status|p2a: No One Ever|tox
|move|p2a: No One Ever|Earthquake|p1a: Necrozma
|-supereffective|p1a: Necrozma
|-crit|p1a: Necrozma
|-damage|p1a: Necrozma|60/100
|
|-damage|p2a: No One Ever|94/100 tox|[from] psn
|upkeep
|turn|8
|
|t:|1663644683
|switch|p2a: Be|Giratina, shiny|100/100
|-ability|p2a: Be|Pressure
|move|p1a: Necrozma|Stealth Rock|p2a: Be
|-sidestart|p2: Fly Milk|move: Stealth Rock
|
|upkeep
|turn|9
|
|t:|1663644689
|switch|p1a: Groudon|Groudon-Primal, shiny|82/100 tox
|-damage|p1a: Groudon|70/100 tox|[from] Stealth Rock
|-weather|DesolateLand|[from] ability: Desolate Land|[of] p1a: Groudon
|move|p2a: Be|Will-O-Wisp|p1a: Groudon|[miss]
|-miss|p2a: Be|p1a: Groudon
|
|-weather|DesolateLand|[upkeep]
|-damage|p1a: Groudon|64/100 tox|[from] psn
|upkeep
|turn|10
|
|t:|1663644701
|-weather|none
|switch|p1a: Marshadow|Marshadow|100/100
|-damage|p1a: Marshadow|94/100|[from] Stealth Rock
|move|p2a: Be|Toxic|p1a: Marshadow
|-status|p1a: Marshadow|tox
|
|-damage|p1a: Marshadow|88/100 tox|[from] psn
|upkeep
|turn|11
|
|t:|1663644711
|switch|p2a: No One Ever|Quagsire, M, shiny|94/100 tox
|-damage|p2a: No One Ever|88/100 tox|[from] Stealth Rock
|move|p1a: Marshadow|Poltergeist|p2a: No One Ever
|-activate|p2a: No One Ever|move: Poltergeist|Rocky Helmet
|-damage|p2a: No One Ever|40/100 tox
|-damage|p1a: Marshadow|78/100 tox|[from] item: Life Orb
|
|-damage|p1a: Marshadow|66/100 tox|[from] psn
|-damage|p2a: No One Ever|34/100 tox|[from] psn
|upkeep
|turn|12
|
|t:|1663644718
|-start|p1a: Marshadow|Dynamax|
|-heal|p1a: Marshadow|66/100 tox|[silent]
|move|p1a: Marshadow|Max Knuckle|p2a: No One Ever
|-damage|p2a: No One Ever|0 fnt
|-boost|p1a: Marshadow|atk|1
|faint|p2a: No One Ever
|-damage|p1a: Marshadow|61/100 tox|[from] item: Life Orb
|
|-damage|p1a: Marshadow|51/100 tox|[from] psn
|upkeep
|
|t:|1663644724
|switch|p2a: Was|Arceus-Fairy, shiny|100/100
|-damage|p2a: Was|88/100|[from] Stealth Rock
|turn|13
|
|t:|1663644734
|move|p1a: Marshadow|Max Phantasm|p2a: Was
|-damage|p2a: Was|13/100
|-unboost|p2a: Was|def|1
|-damage|p1a: Marshadow|46/100 tox|[from] item: Life Orb
|move|p2a: Was|Judgment|p1a: Marshadow
|-supereffective|p1a: Marshadow
|-damage|p1a: Marshadow|0 fnt
|faint|p1a: Marshadow
|
|upkeep
|
|t:|1663644746
|switch|p1a: Arceus|Arceus-Ground|100/100
|-damage|p1a: Arceus|94/100|[from] Stealth Rock
|turn|14
|
|t:|1663644750
|move|p1a: Arceus|Judgment|p2a: Was
|-damage|p2a: Was|0 fnt
|faint|p2a: Was
|
|upkeep
|
|t:|1663644752
|switch|p2a: The Very Best|Arceus-Dark, shiny|100/100
|-damage|p2a: The Very Best|88/100|[from] Stealth Rock
|turn|15
|
|t:|1663644757
|move|p1a: Arceus|Calm Mind|p1a: Arceus
|-boost|p1a: Arceus|spa|1
|-boost|p1a: Arceus|spd|1
|move|p2a: The Very Best|Toxic|p1a: Arceus
|-status|p1a: Arceus|tox
|
|-damage|p1a: Arceus|88/100 tox|[from] psn
|upkeep
|turn|16
|
|t:|1663644760
|move|p1a: Arceus|Judgment|p2a: The Very Best
|-damage|p2a: The Very Best|43/100
|move|p2a: The Very Best|Roar|p1a: Arceus
|drag|p1a: Groudon|Groudon-Primal, shiny|64/100 tox
|-damage|p1a: Groudon|51/100 tox|[from] Stealth Rock
|-weather|DesolateLand|[from] ability: Desolate Land|[of] p1a: Groudon
|
|-weather|DesolateLand|[upkeep]
|-damage|p1a: Groudon|45/100 tox|[from] psn
|upkeep
|turn|17
|
|t:|1663644767
|move|p1a: Groudon|Precipice Blades|p2a: The Very Best
|-damage|p2a: The Very Best|0 fnt
|faint|p2a: The Very Best
|
|-weather|DesolateLand|[upkeep]
|-damage|p1a: Groudon|33/100 tox|[from] psn
|upkeep
|-message|Fly Milk forfeited.
|
|win|Pikaslayer2001
|raw|Pikaslayer2001's rating: 1772 &rarr; <strong>1786</strong><br />(+14 for winning)
|raw|Fly Milk's rating: 1660 &rarr; <strong>1646</strong><br />(-14 for losing)
|l|☆Fly Milk
