|j|☆NOAH MK2
|j|☆Obito152001
|t:|1664860259
|gametype|singles
|player|p1|NOAH MK2|2|1794
|player|p2|Obito152001|blue-gen3two|1988
|teamsize|p1|6
|teamsize|p2|6
|gen|8
|tier|[Gen 8] National Dex AG
|rated|
|rule|HP Percentage Mod: HP is shown in percentages
|rule|Endless Battle Clause: Forcing endless battles is banned
|clearpoke
|poke|p1|Whimsicott, M|
|poke|p1|Groudon|
|poke|p1|Klefki, F|
|poke|p1|Xerneas-*|
|poke|p1|Rayquaza|
|poke|p1|Zygarde|
|poke|p2|Arceus-*|
|poke|p2|Ditto|
|poke|p2|Kyogre|
|poke|p2|Zygarde|
|poke|p2|Salamence, M|
|poke|p2|Groudon|
|teampreview
|inactive|Battle timer is ON: inactive players will automatically lose when time's up. (requested by Obito152001)
|
|t:|1664860268
|start
|switch|p1a: Klefki|Klefki, F|100/100
|switch|p2a: Kyogre|Kyogre|100/100
|detailschange|p2a: Kyogre|Kyogre-Primal
|-primal|p2a: Kyogre
|-weather|PrimordialSea|[from] ability: Primordial Sea|[of] p2a: Kyogre
|turn|1
|
|t:|1664860278
|switch|p1a: Groudon|Groudon|100/100
|detailschange|p1a: Groudon|Groudon-Primal
|-primal|p1a: Groudon
|-weather|DesolateLand|[from] ability: Desolate Land|[of] p1a: Groudon
|move|p2a: Kyogre|Water Spout||[still]
|-fail|p2a: Kyogre|Water Spout|[from] Desolate Land
|
|-weather|DesolateLand|[upkeep]
|upkeep
|turn|2
|
|t:|1664860282
|switch|p2a: Zygarde|Zygarde, shiny|100/100
|move|p1a: Groudon|Stealth Rock|p2a: Zygarde
|-sidestart|p2: Obito152001|move: Stealth Rock
|
|-weather|DesolateLand|[upkeep]
|upkeep
|turn|3
|
|t:|1664860285
|-weather|none
|switch|p1a: Whimsicott|Whimsicott, M|100/100
|move|p2a: Zygarde|Glare|p1a: Whimsicott
|-status|p1a: Whimsicott|par
|
|upkeep
|turn|4
|
|t:|1664860293
|switch|p2a: Groudon|Groudon|100/100
|-damage|p2a: Groudon|94/100|[from] Stealth Rock
|detailschange|p2a: Groudon|Groudon-Primal
|-primal|p2a: Groudon
|-weather|DesolateLand|[from] ability: Desolate Land|[of] p2a: Groudon
|cant|p1a: Whimsicott|par
|
|-weather|DesolateLand|[upkeep]
|upkeep
|turn|5
|
|t:|1664860300
|move|p1a: Whimsicott|Substitute|p1a: Whimsicott
|-start|p1a: Whimsicott|Substitute
|-damage|p1a: Whimsicott|76/100 par
|move|p2a: Groudon|Stealth Rock|p1a: Whimsicott
|-sidestart|p1: NOAH MK2|move: Stealth Rock
|
|-weather|DesolateLand|[upkeep]
|-heal|p1a: Whimsicott|82/100 par|[from] item: Leftovers
|upkeep
|turn|6
|
|t:|1664860311
|-weather|none
|switch|p2a: Kyogre|Kyogre-Primal|100/100
|-damage|p2a: Kyogre|88/100|[from] Stealth Rock
|-weather|PrimordialSea|[from] ability: Primordial Sea|[of] p2a: Kyogre
|move|p1a: Whimsicott|Leech Seed|p2a: Kyogre
|-start|p2a: Kyogre|move: Leech Seed
|
|-weather|PrimordialSea|[upkeep]
|-heal|p1a: Whimsicott|88/100 par|[from] item: Leftovers
|-damage|p2a: Kyogre|76/100|[from] Leech Seed|[of] p1a: Whimsicott
|-heal|p1a: Whimsicott|100/100 par|[silent]
|upkeep
|turn|7
|
|t:|1664860322
|move|p2a: Kyogre|Ice Beam|p1a: Whimsicott
|-supereffective|p1a: Whimsicott
|-end|p1a: Whimsicott|Substitute
|move|p1a: Whimsicott|Moonblast|p2a: Kyogre
|-damage|p2a: Kyogre|51/100
|
|-weather|PrimordialSea|[upkeep]
|-damage|p2a: Kyogre|39/100|[from] Leech Seed|[of] p1a: Whimsicott
|upkeep
|turn|8
|
|t:|1664860336
|switch|p1a: Klefki|Klefki, F|100/100
|-damage|p1a: Klefki|95/100|[from] Stealth Rock
|move|p2a: Kyogre|Ice Beam|p1a: Klefki
|-resisted|p1a: Klefki
|-damage|p1a: Klefki|72/100
|
|-weather|PrimordialSea|[upkeep]
|-damage|p2a: Kyogre|26/100|[from] Leech Seed|[of] p1a: Klefki
|-heal|p1a: Klefki|85/100|[silent]
|upkeep
|turn|9
|
|t:|1664860345
|-weather|none
|switch|p2a: Groudon|Groudon-Primal|94/100
|-damage|p2a: Groudon|82/100|[from] Stealth Rock
|-weather|DesolateLand|[from] ability: Desolate Land|[of] p2a: Groudon
|move|p1a: Klefki|Light Screen|p1a: Klefki
|-sidestart|p1: NOAH MK2|move: Light Screen
|
|-weather|DesolateLand|[upkeep]
|upkeep
|turn|10
|
|t:|1664860351
|switch|p1a: Zygarde|Zygarde|100/100
|-damage|p1a: Zygarde|94/100|[from] Stealth Rock
|move|p2a: Groudon|Fire Punch|p1a: Zygarde
|-resisted|p1a: Zygarde
|-damage|p1a: Zygarde|76/100
|
|-weather|DesolateLand|[upkeep]
|upkeep
|turn|11
|
|t:|1664860366
|-weather|none
|switch|p2a: Kyogre|Kyogre-Primal|26/100
|-damage|p2a: Kyogre|14/100|[from] Stealth Rock
|-weather|PrimordialSea|[from] ability: Primordial Sea|[of] p2a: Kyogre
|move|p1a: Zygarde|Glare|p2a: Kyogre
|-status|p2a: Kyogre|par
|
|-weather|PrimordialSea|[upkeep]
|upkeep
|turn|12
|
|t:|1664860373
|move|p1a: Zygarde|Thousand Arrows|p2a: Kyogre
|-damage|p2a: Kyogre|0 fnt
|faint|p2a: Kyogre
|-weather|none
|
|upkeep
|
|t:|1664860388
|switch|p2a: Zygarde|Zygarde, shiny|100/100
|-damage|p2a: Zygarde|94/100|[from] Stealth Rock
|turn|13
|
|t:|1664860395
|switch|p1a: Whimsicott|Whimsicott, M|100/100 par
|-damage|p1a: Whimsicott|88/100 par|[from] Stealth Rock
|move|p2a: Zygarde|Glare|p1a: Whimsicott
|-fail|p1a: Whimsicott|par
|
|-heal|p1a: Whimsicott|94/100 par|[from] item: Leftovers
|upkeep
|turn|14
|
|t:|1664860400
|switch|p2a: Groudon|Groudon-Primal|82/100
|-damage|p2a: Groudon|70/100|[from] Stealth Rock
|-weather|DesolateLand|[from] ability: Desolate Land|[of] p2a: Groudon
|cant|p1a: Whimsicott|par
|
|-weather|DesolateLand|[upkeep]
|-heal|p1a: Whimsicott|100/100 par|[from] item: Leftovers
|upkeep
|turn|15
|
|t:|1664860409
|switch|p1a: Zygarde|Zygarde|76/100
|-damage|p1a: Zygarde|70/100|[from] Stealth Rock
|move|p2a: Groudon|Fire Punch|p1a: Zygarde
|-resisted|p1a: Zygarde
|-damage|p1a: Zygarde|54/100
|
|-weather|DesolateLand|[upkeep]
|upkeep
|turn|16
|
|t:|1664860416
|move|p1a: Zygarde|Coil|p1a: Zygarde
|-boost|p1a: Zygarde|atk|1
|-boost|p1a: Zygarde|def|1
|-boost|p1a: Zygarde|accuracy|1
|move|p2a: Groudon|Dragon Tail|p1a: Zygarde
|-supereffective|p1a: Zygarde
|-damage|p1a: Zygarde|37/100
|drag|p1a: Klefki|Klefki, F|85/100
|-damage|p1a: Klefki|79/100|[from] Stealth Rock
|
|-weather|DesolateLand|[upkeep]
|-sideend|p1: NOAH MK2|move: Light Screen
|upkeep
|turn|17
|
|t:|1664860424
|move|p1a: Klefki|Reflect|p1a: Klefki
|-sidestart|p1: NOAH MK2|Reflect
|move|p2a: Groudon|Fire Punch|p1a: Klefki
|-supereffective|p1a: Klefki
|-damage|p1a: Klefki|29/100
|
|-weather|DesolateLand|[upkeep]
|upkeep
|turn|18
|
|t:|1664860434
|switch|p1a: Zygarde|Zygarde|37/100
|-damage|p1a: Zygarde|31/100|[from] Stealth Rock
|move|p2a: Groudon|Dragon Tail|p1a: Zygarde
|-supereffective|p1a: Zygarde
|-damage|p1a: Zygarde|19/100
|-enditem|p1a: Zygarde|Aguav Berry|[eat]
|-heal|p1a: Zygarde|52/100|[from] item: Aguav Berry
|drag|p1a: Whimsicott|Whimsicott, M|100/100 par
|-damage|p1a: Whimsicott|88/100 par|[from] Stealth Rock
|
|-weather|DesolateLand|[upkeep]
|-heal|p1a: Whimsicott|94/100 par|[from] item: Leftovers
|upkeep
|turn|19
|
|t:|1664860438
|move|p1a: Whimsicott|Leech Seed|p2a: Groudon
|-start|p2a: Groudon|move: Leech Seed
|move|p2a: Groudon|Fire Punch|p1a: Whimsicott
|-supereffective|p1a: Whimsicott
|-damage|p1a: Whimsicott|0 fnt
|faint|p1a: Whimsicott
|
|-weather|DesolateLand|[upkeep]
|upkeep
|
|t:|1664860441
|switch|p1a: Zygarde|Zygarde|52/100
|-damage|p1a: Zygarde|45/100|[from] Stealth Rock
|turn|20
|
|t:|1664860449
|move|p1a: Zygarde|Glare|p2a: Groudon
|-status|p2a: Groudon|par
|cant|p2a: Groudon|par
|
|-weather|DesolateLand|[upkeep]
|-damage|p2a: Groudon|57/100 par|[from] Leech Seed|[of] p1a: Zygarde
|-heal|p1a: Zygarde|57/100|[silent]
|upkeep
|turn|21
|
|t:|1664860458
|move|p1a: Zygarde|Substitute|p1a: Zygarde
|-start|p1a: Zygarde|Substitute
|-damage|p1a: Zygarde|32/100
|cant|p2a: Groudon|par
|
|-weather|DesolateLand|[upkeep]
|-damage|p2a: Groudon|45/100 par|[from] Leech Seed|[of] p1a: Zygarde
|-heal|p1a: Zygarde|44/100|[silent]
|-activate|p1a: Zygarde|ability: Power Construct
|detailschange|p1a: Zygarde|Zygarde-Complete
|-heal|p1a: Zygarde|63/100|[silent]
|upkeep
|turn|22
|
|t:|1664860464
|move|p1a: Zygarde|Coil|p1a: Zygarde
|-boost|p1a: Zygarde|atk|1
|-boost|p1a: Zygarde|def|1
|-boost|p1a: Zygarde|accuracy|1
|cant|p2a: Groudon|par
|
|-weather|DesolateLand|[upkeep]
|-damage|p2a: Groudon|32/100 par|[from] Leech Seed|[of] p1a: Zygarde
|-heal|p1a: Zygarde|71/100|[silent]
|upkeep
|turn|23
|
|t:|1664860470
|-weather|none
|switch|p2a: Zygarde|Zygarde, shiny|94/100
|-damage|p2a: Zygarde|88/100|[from] Stealth Rock
|move|p1a: Zygarde|Coil|p1a: Zygarde
|-boost|p1a: Zygarde|atk|1
|-boost|p1a: Zygarde|def|1
|-boost|p1a: Zygarde|accuracy|1
|
|upkeep
|turn|24
|
|t:|1664860473
|move|p2a: Zygarde|Coil|p2a: Zygarde
|-boost|p2a: Zygarde|atk|1
|-boost|p2a: Zygarde|def|1
|-boost|p2a: Zygarde|accuracy|1
|move|p1a: Zygarde|Glare|p2a: Zygarde
|-status|p2a: Zygarde|par
|
|-sideend|p1: NOAH MK2|Reflect
|upkeep
|turn|25
|
|t:|1664860479
|move|p1a: Zygarde|Coil|p1a: Zygarde
|-boost|p1a: Zygarde|atk|1
|-boost|p1a: Zygarde|def|1
|-boost|p1a: Zygarde|accuracy|1
|move|p2a: Zygarde|Coil|p2a: Zygarde
|-boost|p2a: Zygarde|atk|1
|-boost|p2a: Zygarde|def|1
|-boost|p2a: Zygarde|accuracy|1
|
|upkeep
|turn|26
|
|t:|1664860482
|move|p1a: Zygarde|Coil|p1a: Zygarde
|-boost|p1a: Zygarde|atk|1
|-boost|p1a: Zygarde|def|1
|-boost|p1a: Zygarde|accuracy|1
|move|p2a: Zygarde|Coil|p2a: Zygarde
|-boost|p2a: Zygarde|atk|1
|-boost|p2a: Zygarde|def|1
|-boost|p2a: Zygarde|accuracy|1
|
|upkeep
|turn|27
|
|t:|1664860485
|move|p1a: Zygarde|Coil|p1a: Zygarde
|-boost|p1a: Zygarde|atk|1
|-boost|p1a: Zygarde|def|1
|-boost|p1a: Zygarde|accuracy|1
|move|p2a: Zygarde|Coil|p2a: Zygarde
|-boost|p2a: Zygarde|atk|1
|-boost|p2a: Zygarde|def|1
|-boost|p2a: Zygarde|accuracy|1
|
|upkeep
|turn|28
|
|t:|1664860489
|move|p1a: Zygarde|Coil|p1a: Zygarde
|-boost|p1a: Zygarde|atk|1
|-boost|p1a: Zygarde|def|1
|-boost|p1a: Zygarde|accuracy|1
|move|p2a: Zygarde|Coil|p2a: Zygarde
|-boost|p2a: Zygarde|atk|1
|-boost|p2a: Zygarde|def|1
|-boost|p2a: Zygarde|accuracy|1
|
|upkeep
|turn|29
|
|t:|1664860493
|move|p1a: Zygarde|Thousand Arrows|p2a: Zygarde
|-damage|p2a: Zygarde|65/100 par
|move|p2a: Zygarde|Coil|p2a: Zygarde
|-boost|p2a: Zygarde|atk|1
|-boost|p2a: Zygarde|def|1
|-boost|p2a: Zygarde|accuracy|1
|
|upkeep
|turn|30
|
|t:|1664860500
|move|p1a: Zygarde|Thousand Arrows|p2a: Zygarde
|-damage|p2a: Zygarde|46/100 par
|move|p2a: Zygarde|Rest|p2a: Zygarde
|-status|p2a: Zygarde|slp|[from] move: Rest
|-heal|p2a: Zygarde|100/100 slp|[silent]
|-enditem|p2a: Zygarde|Chesto Berry|[eat]
|-curestatus|p2a: Zygarde|slp|[msg]
|
|upkeep
|turn|31
|
|t:|1664860512
|move|p2a: Zygarde|Thousand Arrows|p1a: Zygarde
|-activate|p1a: Zygarde|move: Substitute|[damage]
|move|p1a: Zygarde|Glare|p2a: Zygarde
|-status|p2a: Zygarde|par
|
|upkeep
|turn|32
|
|t:|1664860524
|move|p1a: Zygarde|Thousand Arrows|p2a: Zygarde
|-damage|p2a: Zygarde|78/100 par
|cant|p2a: Zygarde|par
|
|upkeep
|turn|33
|
|t:|1664860531
|move|p1a: Zygarde|Thousand Arrows|p2a: Zygarde
|-damage|p2a: Zygarde|56/100 par
|move|p2a: Zygarde|Thousand Arrows|p1a: Zygarde
|-end|p1a: Zygarde|Substitute
|
|upkeep
|turn|34
|
|t:|1664860550
|move|p1a: Zygarde|Thousand Arrows|p2a: Zygarde
|-damage|p2a: Zygarde|36/100 par
|cant|p2a: Zygarde|par
|
|-activate|p2a: Zygarde|ability: Power Construct
|detailschange|p2a: Zygarde|Zygarde-Complete, shiny
|-heal|p2a: Zygarde|58/100 par|[silent]
|upkeep
|turn|35
|
|t:|1664860578
|move|p1a: Zygarde|Substitute|p1a: Zygarde
|-start|p1a: Zygarde|Substitute
|-damage|p1a: Zygarde|46/100
|move|p2a: Zygarde|Rest|p2a: Zygarde
|-status|p2a: Zygarde|slp|[from] move: Rest
|-heal|p2a: Zygarde|100/100 slp|[silent]
|
|upkeep
|turn|36
|
|t:|1664860586
|switch|p1a: Xerneas|Xerneas|100/100
|-damage|p1a: Xerneas|88/100|[from] Stealth Rock
|-ability|p1a: Xerneas|Fairy Aura
|cant|p2a: Zygarde|slp
|
|upkeep
|turn|37
|
|t:|1664860598
|move|p1a: Xerneas|Moonblast|p2a: Zygarde
|-supereffective|p2a: Zygarde
|-damage|p2a: Zygarde|40/100 slp
|cant|p2a: Zygarde|slp
|
|upkeep
|turn|38
|j| AGsuperstar
|inactive|Obito152001 has 120 seconds left.
|
|t:|1664860624
|switch|p2a: Groudon|Groudon-Primal|32/100 par
|-damage|p2a: Groudon|20/100 par|[from] Stealth Rock
|-weather|DesolateLand|[from] ability: Desolate Land|[of] p2a: Groudon
|move|p1a: Xerneas|Moonblast|p2a: Groudon
|-resisted|p2a: Groudon
|-damage|p2a: Groudon|0 fnt
|faint|p2a: Groudon
|-weather|none
|
|upkeep
|inactive|Obito152001 has 120 seconds left.
|
|t:|1664860630
|switch|p2a: Arceus|Arceus|100/100
|-damage|p2a: Arceus|88/100|[from] Stealth Rock
|turn|39
|
|t:|1664860648
|-start|p1a: Xerneas|Dynamax|
|-heal|p1a: Xerneas|88/100|[silent]
|move|p1a: Xerneas|Max Starfall|p2a: Arceus
|-damage|p2a: Arceus|21/100
|-fieldstart|move: Misty Terrain
|move|p2a: Arceus|Swords Dance|p2a: Arceus
|-boost|p2a: Arceus|atk|2
|
|upkeep
|turn|40
|
|t:|1664860658
|move|p2a: Arceus|Extreme Speed|p1a: Xerneas
|-damage|p1a: Xerneas|51/100
|move|p1a: Xerneas|Max Starfall|p2a: Arceus
|-damage|p2a: Arceus|0 fnt
|faint|p2a: Arceus
|
|upkeep
|inactive|Obito152001 has 120 seconds left.
|
|t:|1664860678
|switch|p2a: Zygarde|Zygarde-Complete, shiny|40/100 slp
|-damage|p2a: Zygarde|34/100 slp|[from] Stealth Rock
|turn|41
|
|t:|1664860692
|move|p1a: Xerneas|Max Quake|p2a: Zygarde
|-damage|p2a: Zygarde|17/100 slp
|-boost|p1a: Xerneas|spd|1
|-curestatus|p2a: Zygarde|slp|[msg]
|move|p2a: Zygarde|Thousand Arrows|p1a: Xerneas
|-damage|p1a: Xerneas|37/100
|
|upkeep
|-end|p1a: Xerneas|Dynamax
|-heal|p1a: Xerneas|37/100|[silent]
|turn|42
|
|t:|1664860699
|move|p1a: Xerneas|Geomancy||[still]
|-prepare|p1a: Xerneas|Geomancy
|-enditem|p1a: Xerneas|Power Herb
|-anim|p1a: Xerneas|Geomancy|p1a: Xerneas
|-boost|p1a: Xerneas|spa|2
|-boost|p1a: Xerneas|spd|2
|-boost|p1a: Xerneas|spe|2
|move|p2a: Zygarde|Thousand Arrows|p1a: Xerneas
|-damage|p1a: Xerneas|10/100
|
|upkeep
|turn|43
|
|t:|1664860705
|move|p1a: Xerneas|Moonblast|p2a: Zygarde
|-supereffective|p2a: Zygarde
|-damage|p2a: Zygarde|0 fnt
|faint|p2a: Zygarde
|
|-fieldend|Misty Terrain
|upkeep
|
|t:|1664860707
|switch|p2a: Ditto|Ditto, shiny|100/100
|-damage|p2a: Ditto|88/100|[from] Stealth Rock
|-transform|p2a: Ditto|p1a: Xerneas|[from] ability: Imposter
|-ability|p2a: Ditto|Fairy Aura
|turn|44
|
|t:|1664860711
|move|p2a: Ditto|Moonblast|p1a: Xerneas
|-damage|p1a: Xerneas|0 fnt
|faint|p1a: Xerneas
|
|upkeep
|
|t:|1664860713
|switch|p1a: Klefki|Klefki, F|29/100
|-damage|p1a: Klefki|23/100|[from] Stealth Rock
|turn|45
|
|t:|1664860717
|move|p1a: Klefki|Light Screen|p1a: Klefki
|-sidestart|p1: NOAH MK2|move: Light Screen
|move|p2a: Ditto|Moonblast|p1a: Klefki
|-resisted|p1a: Klefki
|-damage|p1a: Klefki|0 fnt
|faint|p1a: Klefki
|
|upkeep
|
|t:|1664860725
|switch|p1a: Groudon|Groudon-Primal|100/100
|-damage|p1a: Groudon|88/100|[from] Stealth Rock
|-weather|DesolateLand|[from] ability: Desolate Land|[of] p1a: Groudon
|turn|46
|
|t:|1664860749
|-weather|none
|switch|p1a: Rayquaza|Rayquaza|100/100
|-damage|p1a: Rayquaza|76/100|[from] Stealth Rock
|-ability|p1a: Rayquaza|Air Lock
|-start|p2a: Ditto|Dynamax|
|-heal|p2a: Ditto|88/100|[silent]
|move|p2a: Ditto|Max Wyrmwind|p1a: Rayquaza
|-supereffective|p1a: Rayquaza
|-damage|p1a: Rayquaza|0 fnt
|faint|p1a: Rayquaza
|
|upkeep
|inactive|NOAH MK2 has 120 seconds left.
|
|t:|1664860764
|switch|p1a: Groudon|Groudon-Primal|88/100
|-damage|p1a: Groudon|76/100|[from] Stealth Rock
|-weather|DesolateLand|[from] ability: Desolate Land|[of] p1a: Groudon
|turn|47
|
|t:|1664860771
|move|p2a: Ditto|Max Starfall|p1a: Groudon
|-resisted|p1a: Groudon
|-damage|p1a: Groudon|26/100
|-fieldstart|move: Misty Terrain
|move|p1a: Groudon|Precipice Blades|p2a: Ditto
|-damage|p2a: Ditto|43/100
|
|-weather|DesolateLand|[upkeep]
|upkeep
|turn|48
|
|t:|1664860779
|move|p2a: Ditto|Max Starfall|p1a: Groudon
|-resisted|p1a: Groudon
|-damage|p1a: Groudon|0 fnt
|faint|p1a: Groudon
|-weather|none
|
|upkeep
|
|t:|1664860784
|switch|p1a: Zygarde|Zygarde-Complete|46/100
|-damage|p1a: Zygarde|40/100|[from] Stealth Rock
|-end|p2a: Ditto|Dynamax
|-heal|p2a: Ditto|43/100|[silent]
|turn|49
|
|t:|1664860787
|move|p2a: Ditto|Moonblast|p1a: Zygarde
|-supereffective|p1a: Zygarde
|-damage|p1a: Zygarde|0 fnt
|faint|p1a: Zygarde
|
|win|Obito152001
|raw|NOAH MK2's rating: 1794 &rarr; <strong>1784</strong><br />(-10 for losing)
|raw|Obito152001's rating: 1988 &rarr; <strong>1998</strong><br />(+10 for winning)
|l|☆NOAH MK2
