|j|☆Agdp
|j|☆amnael1
|t:|1647700213
|gametype|singles
|player|p1|Agdp|266|1641
|player|p2|amnael1|dawn|1839
|teamsize|p1|6
|teamsize|p2|6
|gen|8
|tier|[Gen 8] National Dex AG
|rated|
|rule|HP Percentage Mod: HP is shown in percentages
|rule|Endless Battle Clause: Forcing endless battles is banned
|clearpoke
|poke|p1|Arceus-*|
|poke|p1|Giratina-Origin|
|poke|p1|Dialga|
|poke|p1|Palkia|
|poke|p1|Groudon|
|poke|p1|Ditto|
|poke|p2|Smeargle, F|
|poke|p2|Groudon|
|poke|p2|Espeon, F|
|poke|p2|Rayquaza|
|poke|p2|Xerneas-*|
|poke|p2|Zacian-*|
|teampreview
|inactive|Battle timer is ON: inactive players will automatically lose when time's up. (requested by amnael1)
|
|t:|1647700226
|start
|switch|p1a: 펄기아|Palkia, shiny|100/100
|switch|p2a: Groudon|Groudon|100/100
|-ability|p1a: 펄기아|Pressure
|detailschange|p2a: Groudon|Groudon-Primal
|-primal|p2a: Groudon
|-weather|DesolateLand|[from] ability: Desolate Land|[of] p2a: Groudon
|turn|1
|
|t:|1647700235
|move|p1a: 펄기아|Spacial Rend|p2a: Groudon
|-damage|p2a: Groudon|34/100
|move|p2a: Groudon|Earthquake|p1a: 펄기아
|-damage|p1a: 펄기아|28/100
|
|-weather|DesolateLand|[upkeep]
|upkeep
|turn|2
|
|t:|1647700247
|move|p1a: 펄기아|Spacial Rend|p2a: Groudon
|-damage|p2a: Groudon|0 fnt
|faint|p2a: Groudon
|-weather|none
|
|upkeep
|
|t:|1647700251
|switch|p2a: Espeon|Espeon, F|100/100
|turn|3
|
|t:|1647700257
|move|p2a: Espeon|Psychic|p1a: 펄기아
|-damage|p1a: 펄기아|0 fnt
|faint|p1a: 펄기아
|
|upkeep
|
|t:|1647700276
|switch|p1a: 그란돈|Groudon, shiny|100/100
|detailschange|p1a: 그란돈|Groudon-Primal, shiny
|-primal|p1a: 그란돈
|-weather|DesolateLand|[from] ability: Desolate Land|[of] p1a: 그란돈
|turn|4
|
|t:|1647700281
|move|p2a: Espeon|Psychic|p1a: 그란돈
|-crit|p1a: 그란돈
|-damage|p1a: 그란돈|40/100
|move|p1a: 그란돈|Heat Crash|p2a: Espeon
|-enditem|p2a: Espeon|Focus Sash
|-damage|p2a: Espeon|1/100
|
|-weather|DesolateLand|[upkeep]
|upkeep
|turn|5
|
|t:|1647700289
|move|p2a: Espeon|Psychic|p1a: 그란돈
|-damage|p1a: 그란돈|0 fnt
|faint|p1a: 그란돈
|-weather|none
|
|upkeep
|
|t:|1647700294
|switch|p1a: 아르세우스|Arceus|100/100
|turn|6
|
|t:|1647700299
|move|p1a: 아르세우스|Extreme Speed|p2a: Espeon
|-damage|p2a: Espeon|0 fnt
|faint|p2a: Espeon
|-damage|p1a: 아르세우스|91/100|[from] item: Life Orb
|
|upkeep
|
|t:|1647700306
|switch|p2a: Zacian|Zacian-Crowned|100/100
|-ability|p2a: Zacian|Intrepid Sword|boost
|-boost|p2a: Zacian|atk|1
|turn|7
|
|t:|1647700318
|move|p1a: 아르세우스|Extreme Speed|p2a: Zacian
|-resisted|p2a: Zacian
|-damage|p2a: Zacian|75/100
|-damage|p1a: 아르세우스|81/100|[from] item: Life Orb
|move|p2a: Zacian|Close Combat|p1a: 아르세우스
|-supereffective|p1a: 아르세우스
|-damage|p1a: 아르세우스|0 fnt
|-unboost|p2a: Zacian|def|1
|-unboost|p2a: Zacian|spd|1
|faint|p1a: 아르세우스
|
|upkeep
|
|t:|1647700329
|switch|p1a: 메타몽|Ditto, shiny|100/100
|-transform|p1a: 메타몽|p2a: Zacian|[from] ability: Imposter
|-ability|p1a: 메타몽|Intrepid Sword|boost
|-boost|p1a: 메타몽|atk|1
|turn|8
|
|t:|1647700336
|move|p1a: 메타몽|Behemoth Blade|p2a: Zacian
|-damage|p2a: Zacian|0 fnt
|faint|p2a: Zacian
|
|upkeep
|
|t:|1647700338
|switch|p2a: Smeargle|Smeargle, F|100/100
|turn|9
|
|t:|1647700343
|move|p2a: Smeargle|Spiky Shield|p2a: Smeargle
|-singleturn|p2a: Smeargle|move: Protect
|move|p1a: 메타몽|Behemoth Blade|p2a: Smeargle
|-activate|p2a: Smeargle|move: Protect
|-damage|p1a: 메타몽|88/100|[from] Spiky Shield|[of] p2a: Smeargle
|
|-ability|p2a: Smeargle|Moody|boost
|-boost|p2a: Smeargle|spe|2
|-unboost|p2a: Smeargle|atk|1
|upkeep
|turn|10
|
|t:|1647700354
|move|p1a: 메타몽|Behemoth Blade|p2a: Smeargle
|-enditem|p2a: Smeargle|Focus Sash
|-damage|p2a: Smeargle|1/100
|move|p2a: Smeargle|Spore|p1a: 메타몽
|-status|p1a: 메타몽|slp|[from] move: Spore
|
|-ability|p2a: Smeargle|Moody|boost
|-boost|p2a: Smeargle|def|2
|-unboost|p2a: Smeargle|spd|1
|upkeep
|turn|11
|
|t:|1647700365
|cant|p1a: 메타몽|slp
|move|p2a: Smeargle|Shift Gear|p2a: Smeargle
|-boost|p2a: Smeargle|spe|2
|-boost|p2a: Smeargle|atk|1
|
|-ability|p2a: Smeargle|Moody|boost
|-boost|p2a: Smeargle|def|2
|-unboost|p2a: Smeargle|spe|1
|upkeep
|turn|12
|
|t:|1647700374
|move|p2a: Smeargle|Shift Gear|p2a: Smeargle
|-boost|p2a: Smeargle|spe|2
|-boost|p2a: Smeargle|atk|1
|cant|p1a: 메타몽|slp
|
|-ability|p2a: Smeargle|Moody|boost
|-boost|p2a: Smeargle|atk|2
|-unboost|p2a: Smeargle|spa|1
|upkeep
|turn|13
|
|t:|1647700383
|move|p2a: Smeargle|Spiky Shield|p2a: Smeargle
|-singleturn|p2a: Smeargle|move: Protect
|-curestatus|p1a: 메타몽|slp|[msg]
|move|p1a: 메타몽|Behemoth Blade|p2a: Smeargle
|-activate|p2a: Smeargle|move: Protect
|-damage|p1a: 메타몽|76/100|[from] Spiky Shield|[of] p2a: Smeargle
|
|-ability|p2a: Smeargle|Moody|boost
|-boost|p2a: Smeargle|spe|1
|-unboost|p2a: Smeargle|def|1
|upkeep
|turn|14
|
|t:|1647700396
|switch|p1a: 기라티나|Giratina-Origin, shiny|100/100
|move|p2a: Smeargle|Spore|p1a: 기라티나
|-status|p1a: 기라티나|slp|[from] move: Spore
|
|-ability|p2a: Smeargle|Moody|boost
|-boost|p2a: Smeargle|spd|2
|-unboost|p2a: Smeargle|def|1
|upkeep
|turn|15
|
|t:|1647700407
|move|p2a: Smeargle|Baton Pass|p2a: Smeargle
|
|t:|1647700408
|switch|p2a: Rayquaza|Rayquaza|100/100|[from]move: Baton Pass
|-ability|p2a: Rayquaza|Air Lock
|cant|p1a: 기라티나|slp
|
|upkeep
|turn|16
|
|t:|1647700416
|detailschange|p2a: Rayquaza|Rayquaza-Mega
|-mega|p2a: Rayquaza|Rayquaza|
|-weather|DeltaStream|[from] ability: Delta Stream|[of] p2a: Rayquaza
|-curestatus|p1a: 기라티나|slp|[msg]
|move|p1a: 기라티나|Shadow Sneak|p2a: Rayquaza
|-damage|p2a: Rayquaza|87/100
|move|p2a: Rayquaza|Dragon Ascent|p1a: 기라티나
|-damage|p1a: 기라티나|0 fnt
|-unboost|p2a: Rayquaza|def|1
|-unboost|p2a: Rayquaza|spd|1
|faint|p1a: 기라티나
|
|-weather|DeltaStream|[upkeep]
|upkeep
|
|t:|1647700432
|switch|p1a: 메타몽|Ditto, shiny|76/100
|-transform|p1a: 메타몽|p2a: Rayquaza|[from] ability: Imposter
|turn|17
|
|t:|1647700438
|move|p1a: 메타몽|Dragon Ascent|p2a: Rayquaza
|-damage|p2a: Rayquaza|0 fnt
|-unboost|p1a: 메타몽|def|1
|-unboost|p1a: 메타몽|spd|1
|faint|p2a: Rayquaza
|
|-weather|DeltaStream|[upkeep]
|upkeep
|
|t:|1647700441
|switch|p2a: Smeargle|Smeargle, F|1/100
|turn|18
|
|t:|1647700447
|move|p2a: Smeargle|Spiky Shield|p2a: Smeargle
|-singleturn|p2a: Smeargle|move: Protect
|move|p1a: 메타몽|Dragon Ascent|p2a: Smeargle
|-activate|p2a: Smeargle|move: Protect
|-damage|p1a: 메타몽|63/100|[from] Spiky Shield|[of] p2a: Smeargle
|
|-weather|DeltaStream|[upkeep]
|-ability|p2a: Smeargle|Moody|boost
|-boost|p2a: Smeargle|atk|2
|-unboost|p2a: Smeargle|spd|1
|upkeep
|turn|19
|
|t:|1647700458
|move|p2a: Smeargle|Spiky Shield||[still]
|-fail|p2a: Smeargle
|move|p1a: 메타몽|Dragon Ascent|p2a: Smeargle
|-damage|p2a: Smeargle|0 fnt
|-unboost|p1a: 메타몽|def|1
|-unboost|p1a: 메타몽|spd|1
|faint|p2a: Smeargle
|
|-weather|DeltaStream|[upkeep]
|upkeep
|
|t:|1647700460
|switch|p2a: Xerneas|Xerneas|100/100
|-ability|p2a: Xerneas|Fairy Aura
|turn|20
|
|t:|1647700469
|-start|p2a: Xerneas|Dynamax
|-heal|p2a: Xerneas|100/100|[silent]
|move|p1a: 메타몽|Dragon Ascent|p2a: Xerneas
|-damage|p2a: Xerneas|27/100
|-unboost|p1a: 메타몽|def|1
|-unboost|p1a: 메타몽|spd|1
|move|p2a: Xerneas|Max Starfall|p1a: 메타몽
|-supereffective|p1a: 메타몽
|-damage|p1a: 메타몽|0 fnt
|-fieldstart|move: Misty Terrain
|faint|p1a: 메타몽
|-weather|none
|
|upkeep
|
|t:|1647700483
|switch|p1a: 디아루가|Dialga, shiny|100/100
|-ability|p1a: 디아루가|Pressure
|turn|21
|
|t:|1647700488
|-start|p1a: 디아루가|Dynamax
|-heal|p1a: 디아루가|100/100|[silent]
|move|p2a: Xerneas|Max Starfall|p1a: 디아루가
|-damage|p1a: 디아루가|66/100
|move|p1a: 디아루가|Max Steelspike|p2a: Xerneas
|-supereffective|p2a: Xerneas
|-damage|p2a: Xerneas|0 fnt
|-boost|p1a: 디아루가|def|1
|faint|p2a: Xerneas
|
|win|Agdp
|raw|Agdp's rating: 1641 &rarr; <strong>1671</strong><br />(+30 for winning)
|raw|amnael1's rating: 1839 &rarr; <strong>1809</strong><br />(-30 for losing)
|c|☆Agdp|Gg
