|j|☆ToxicMini
|j|☆PepsiPHD
|t:|1664253385
|gametype|singles
|player|p1|ToxicMini|1|1524
|player|p2|PepsiPHD|li|1586
|teamsize|p1|6
|teamsize|p2|6
|gen|8
|tier|[Gen 8] National Dex AG
|rated|
|rule|HP Percentage Mod: HP is shown in percentages
|rule|Endless Battle Clause: Forcing endless battles is banned
|clearpoke
|poke|p1|Polteageist-Antique|
|poke|p1|Ditto|
|poke|p1|Excadrill, M|
|poke|p1|Kyogre|
|poke|p1|Zacian-*|
|poke|p1|Rayquaza|
|poke|p2|Flygon, M|
|poke|p2|Banette, M|
|poke|p2|Scizor, M|
|poke|p2|Moltres-Galar|
|poke|p2|Lugia|
|poke|p2|Regieleki|
|teampreview
|inactive|Battle timer is ON: inactive players will automatically lose when time's up. (requested by ToxicMini)
|
|t:|1664253389
|start
|switch|p1a: Excadrill|Excadrill, M|100/100
|switch|p2a: Flygon|Flygon, M|100/100
|-ability|p1a: Excadrill|Mold Breaker
|turn|1
|
|t:|1664253397
|move|p2a: Flygon|Earthquake|p1a: Excadrill
|-supereffective|p1a: Excadrill
|-enditem|p1a: Excadrill|Focus Sash
|-damage|p1a: Excadrill|1/100
|move|p1a: Excadrill|Stealth Rock|p2a: Flygon
|-sidestart|p2: PepsiPHD|move: Stealth Rock
|
|upkeep
|turn|2
|
|t:|1664253406
|move|p2a: Flygon|Earthquake|p1a: Excadrill
|-supereffective|p1a: Excadrill
|-damage|p1a: Excadrill|0 fnt
|faint|p1a: Excadrill
|
|upkeep
|
|t:|1664253412
|switch|p1a: Kyogre|Kyogre|100/100
|detailschange|p1a: Kyogre|Kyogre-Primal
|-primal|p1a: Kyogre
|-weather|PrimordialSea|[from] ability: Primordial Sea|[of] p1a: Kyogre
|turn|3
|
|t:|1664253419
|move|p2a: Flygon|Earthquake|p1a: Kyogre
|-damage|p1a: Kyogre|50/100
|move|p1a: Kyogre|Ice Beam|p2a: Flygon
|-supereffective|p2a: Flygon
|-damage|p2a: Flygon|0 fnt
|faint|p2a: Flygon
|
|-weather|PrimordialSea|[upkeep]
|upkeep
|
|t:|1664253421
|switch|p2a: Regieleki|Regieleki|100/100
|-damage|p2a: Regieleki|88/100|[from] Stealth Rock
|turn|4
|j| roy donk
|c| roy donk|pepsi!?
|
|t:|1664253435
|move|p2a: Regieleki|Rising Voltage|p1a: Kyogre
|-supereffective|p1a: Kyogre
|-damage|p1a: Kyogre|0 fnt
|faint|p1a: Kyogre
|-weather|none
|
|upkeep
|j| omnifinity
|
|t:|1664253445
|switch|p1a: Rayquaza|Rayquaza|100/100
|-ability|p1a: Rayquaza|Air Lock
|turn|5
|c|☆PepsiPHD|?
|c| omnifinity|Pepsi
|
|t:|1664253450
|detailschange|p1a: Rayquaza|Rayquaza-Mega
|-mega|p1a: Rayquaza|Rayquaza|
|-weather|DeltaStream|[from] ability: Delta Stream|[of] p1a: Rayquaza
|move|p2a: Regieleki|Rapid Spin|p1a: Rayquaza
|-damage|p1a: Rayquaza|89/100
|-boost|p2a: Regieleki|spe|1
|-sideend|p2: PepsiPHD|Stealth Rock|[from] move: Rapid Spin|[of] p2a: Regieleki
|move|p1a: Rayquaza|Earthquake|p2a: Regieleki
|-supereffective|p2a: Regieleki
|-damage|p2a: Regieleki|0 fnt
|faint|p2a: Regieleki
|
|-weather|DeltaStream|[upkeep]
|upkeep
|
|t:|1664253457
|switch|p2a: Lugia|Lugia|100/100
|-ability|p2a: Lugia|Pressure
|turn|6
|c| omnifinity|omg go
|c| omnifinity|you can win this
|
|t:|1664253468
|move|p2a: Lugia|Ice Beam|p1a: Rayquaza
|-activate||deltastream
|-supereffective|p1a: Rayquaza
|-damage|p1a: Rayquaza|20/100
|move|p1a: Rayquaza|Dragon Dance|p1a: Rayquaza
|-boost|p1a: Rayquaza|atk|1
|-boost|p1a: Rayquaza|spe|1
|
|-weather|DeltaStream|[upkeep]
|upkeep
|turn|7
|c| omnifinity|not talking to anyone in particular
|
|t:|1664253478
|switch|p2a: Moltres|Moltres-Galar|100/100
|move|p1a: Rayquaza|Dragon Dance|p1a: Rayquaza
|-boost|p1a: Rayquaza|atk|1
|-boost|p1a: Rayquaza|spe|1
|
|-weather|DeltaStream|[upkeep]
|upkeep
|turn|8
|
|t:|1664253485
|move|p1a: Rayquaza|Dragon Ascent|p2a: Moltres
|-damage|p2a: Moltres|0 fnt
|-unboost|p1a: Rayquaza|def|1
|-unboost|p1a: Rayquaza|spd|1
|faint|p2a: Moltres
|
|-weather|DeltaStream|[upkeep]
|upkeep
|
|t:|1664253488
|switch|p2a: Banette|Banette, M|100/100
|turn|9
|c| omnifinity|omg !!!
|c| omnifinity|shadow sneak his ass
|
|t:|1664253495
|detailschange|p2a: Banette|Banette-Mega, M
|-mega|p2a: Banette|Banette|Banettite
|move|p2a: Banette|Shadow Sneak|p1a: Rayquaza
|-damage|p1a: Rayquaza|0 fnt
|faint|p1a: Rayquaza
|-weather|none
|
|upkeep
|c| omnifinity|YEAHHH
|c| omnifinity|LETS GO
|
|t:|1664253503
|switch|p1a: Zacian|Zacian-Crowned|100/100
|-ability|p1a: Zacian|Intrepid Sword|boost
|-boost|p1a: Zacian|atk|1
|turn|10
|
|t:|1664253509
|move|p2a: Banette|Destiny Bond|p2a: Banette
|-singlemove|p2a: Banette|Destiny Bond
|move|p1a: Zacian|Behemoth Blade|p2a: Banette
|-damage|p2a: Banette|0 fnt
|faint|p2a: Banette
|-activate|p2a: Banette|move: Destiny Bond
|faint|p1a: Zacian
|
|upkeep
|
|t:|1664253519
|switch|p1a: Polteageist|Polteageist-Antique|100/100
|switch|p2a: Scizor|Scizor, M|100/100
|turn|11
|c| omnifinity|SHELL SMAHS HIS ASS!!!!
|
|t:|1664253525
|move|p1a: Polteageist|Shell Smash|p1a: Polteageist
|-unboost|p1a: Polteageist|def|1
|-unboost|p1a: Polteageist|spd|1
|-boost|p1a: Polteageist|atk|2
|-boost|p1a: Polteageist|spa|2
|-boost|p1a: Polteageist|spe|2
|move|p2a: Scizor|Dual Wingbeat|p1a: Polteageist
|-damage|p1a: Polteageist|39/100
|-ability|p1a: Polteageist|Weak Armor|boost
|-unboost|p1a: Polteageist|def|1
|-boost|p1a: Polteageist|spe|2
|-damage|p1a: Polteageist|0 fnt
|faint|p1a: Polteageist
|-hitcount|p1: Polteageist|2
|
|upkeep
|c| omnifinity|GO GIRL
|c| omnifinity|YEAHHH
|-message|ToxicMini forfeited.
|
|win|PepsiPHD
|raw|ToxicMini's rating: 1524 &rarr; <strong>1508</strong><br />(-16 for losing)
|raw|PepsiPHD's rating: 1586 &rarr; <strong>1602</strong><br />(+16 for winning)
|l|☆ToxicMini
|c|☆PepsiPHD|gg
|c| omnifinity|lmao
|l| omnifinity
