|j|☆yeezusbeverly
|j|☆FireFlareFlame
|t:|1661753317
|gametype|singles
|player|p1|yeezusbeverly|wallace-gen6|1463
|player|p2|FireFlareFlame|170|1688
|teamsize|p1|6
|teamsize|p2|6
|gen|8
|tier|[Gen 8] National Dex AG
|rated|
|rule|HP Percentage Mod: HP is shown in percentages
|rule|Endless Battle Clause: Forcing endless battles is banned
|clearpoke
|poke|p1|Rayquaza|
|poke|p1|Yveltal|
|poke|p1|Calyrex-Shadow|
|poke|p1|Groudon|
|poke|p1|Arceus-*|
|poke|p1|Arceus-*|
|poke|p2|Rayquaza|
|poke|p2|Zacian-*|
|poke|p2|Kyogre|
|poke|p2|Arceus-*|
|poke|p2|Marshadow|
|poke|p2|Ditto|
|teampreview
|
|t:|1661753337
|start
|switch|p1a: Rayquaza|Rayquaza|100/100
|switch|p2a: Arceus|Arceus-Electric|100/100
|-ability|p1a: Rayquaza|Air Lock
|turn|1
|
|t:|1661753368
|detailschange|p1a: Rayquaza|Rayquaza-Mega
|-mega|p1a: Rayquaza|Rayquaza|
|-weather|DeltaStream|[from] ability: Delta Stream|[of] p1a: Rayquaza
|move|p2a: Arceus|Stealth Rock|p1a: Rayquaza
|-sidestart|p1: yeezusbeverly|move: Stealth Rock
|move|p1a: Rayquaza|Dragon Dance|p1a: Rayquaza
|-boost|p1a: Rayquaza|atk|1
|-boost|p1a: Rayquaza|spe|1
|
|-weather|DeltaStream|[upkeep]
|upkeep
|turn|2
|inactive|Battle timer is ON: inactive players will automatically lose when time's up. (requested by yeezusbeverly)
|
|t:|1661753417
|-start|p2a: Arceus|Dynamax|
|-heal|p2a: Arceus|100/100|[silent]
|move|p1a: Rayquaza|Earthquake|p2a: Arceus
|-supereffective|p2a: Arceus
|-crit|p2a: Arceus
|-damage|p2a: Arceus|12/100
|move|p2a: Arceus|Max Hailstorm|p1a: Rayquaza
|-activate||deltastream
|-supereffective|p1a: Rayquaza
|-damage|p1a: Rayquaza|16/100
|
|-weather|DeltaStream|[upkeep]
|upkeep
|turn|3
|
|t:|1661753443
|-end|p2a: Arceus|Dynamax
|-heal|p2a: Arceus|12/100|[silent]
|switch|p2a: Ditto|Ditto|100/100
|-transform|p2a: Ditto|p1a: Rayquaza|[from] ability: Imposter
|move|p1a: Rayquaza|Earthquake|p2a: Ditto
|-immune|p2a: Ditto
|
|-weather|DeltaStream|[upkeep]
|upkeep
|turn|4
|inactive|FireFlareFlame has 120 seconds left.
|
|t:|1661753460
|move|p1a: Rayquaza|Extreme Speed|p2a: Ditto
|-damage|p2a: Ditto|35/100
|move|p2a: Ditto|Dragon Ascent|p1a: Rayquaza
|-damage|p1a: Rayquaza|0 fnt
|-unboost|p2a: Ditto|def|1
|-unboost|p2a: Ditto|spd|1
|faint|p1a: Rayquaza
|
|-weather|DeltaStream|[upkeep]
|upkeep
|
|t:|1661753467
|switch|p1a: Arceus|Arceus-Steel|100/100
|-damage|p1a: Arceus|94/100|[from] Stealth Rock
|turn|5
|inactive|FireFlareFlame has 120 seconds left.
|
|t:|1661753500
|-weather|none
|switch|p2a: Kyogre|Kyogre|100/100
|detailschange|p2a: Kyogre|Kyogre-Primal
|-primal|p2a: Kyogre
|-weather|PrimordialSea|[from] ability: Primordial Sea|[of] p2a: Kyogre
|move|p1a: Arceus|Defog|p2a: Kyogre
|-unboost|p2a: Kyogre|evasion|1
|-sideend|p1: yeezusbeverly|Stealth Rock|[from] move: Defog|[of] p1a: Arceus
|
|-weather|PrimordialSea|[upkeep]
|upkeep
|turn|6
|inactive|FireFlareFlame has 90 seconds left.
|
|t:|1661753526
|switch|p1a: Groudon|Groudon|100/100
|detailschange|p1a: Groudon|Groudon-Primal
|-primal|p1a: Groudon
|-weather|DesolateLand|[from] ability: Desolate Land|[of] p1a: Groudon
|move|p2a: Kyogre|Ice Beam|p1a: Groudon
|-crit|p1a: Groudon
|-damage|p1a: Groudon|48/100
|
|-weather|DesolateLand|[upkeep]
|upkeep
|turn|7
|inactive|FireFlareFlame has 90 seconds left.
|inactive|yeezusbeverly has 120 seconds left.
|
|t:|1661753574
|switch|p2a: Arceus|Arceus-Electric|12/100
|move|p1a: Groudon|Stone Edge|p2a: Arceus
|-damage|p2a: Arceus|0 fnt
|faint|p2a: Arceus
|
|-weather|DesolateLand|[upkeep]
|upkeep
|
|t:|1661753587
|switch|p2a: Kyogre|Kyogre-Primal|100/100
|-weather|PrimordialSea|[from] ability: Primordial Sea|[of] p2a: Kyogre
|turn|8
|
|t:|1661753599
|switch|p1a: Arceus|Arceus-Steel|94/100
|move|p2a: Kyogre|Water Spout|p1a: Arceus
|-damage|p1a: Arceus|0 fnt
|faint|p1a: Arceus
|
|-weather|PrimordialSea|[upkeep]
|upkeep
|
|t:|1661753602
|switch|p1a: Groudon|Groudon-Primal|48/100
|-weather|DesolateLand|[from] ability: Desolate Land|[of] p1a: Groudon
|turn|9
|inactive|yeezusbeverly has 120 seconds left.
|inactive|FireFlareFlame has 90 seconds left.
|
|t:|1661753631
|switch|p2a: Rayquaza|Rayquaza|100/100
|-ability|p2a: Rayquaza|Air Lock
|move|p1a: Groudon|Precipice Blades|p2a: Rayquaza
|-immune|p2a: Rayquaza
|
|-weather|DesolateLand|[upkeep]
|upkeep
|turn|10
|
|t:|1661753650
|detailschange|p2a: Rayquaza|Rayquaza-Mega
|-mega|p2a: Rayquaza|Rayquaza|
|-weather|DeltaStream|[from] ability: Delta Stream|[of] p2a: Rayquaza
|move|p2a: Rayquaza|Dragon Ascent|p1a: Groudon
|-damage|p1a: Groudon|0 fnt
|-unboost|p2a: Rayquaza|def|1
|-unboost|p2a: Rayquaza|spd|1
|faint|p1a: Groudon
|
|-weather|DeltaStream|[upkeep]
|upkeep
|
|t:|1661753656
|switch|p1a: Calyrex|Calyrex-Shadow|100/100
|-ability|p1a: Calyrex|As One
|-ability|p1a: Calyrex|Unnerve
|turn|11
|inactive|FireFlareFlame has 60 seconds left.
|
|t:|1661753679
|move|p1a: Calyrex|Astral Barrage|p2a: Rayquaza
|-damage|p2a: Rayquaza|0 fnt
|faint|p2a: Rayquaza
|-weather|none
|-ability|p1a: Calyrex|Grim Neigh|boost
|-boost|p1a: Calyrex|spa|1
|
|upkeep
|inactive|FireFlareFlame has 60 seconds left.
|
|t:|1661753689
|switch|p2a: Marshadow|Marshadow|100/100
|turn|12
|
|t:|1661753695
|move|p2a: Marshadow|Shadow Sneak|p1a: Calyrex
|-supereffective|p1a: Calyrex
|-enditem|p1a: Calyrex|Focus Sash
|-damage|p1a: Calyrex|1/100
|-damage|p2a: Marshadow|91/100|[from] item: Life Orb
|move|p1a: Calyrex|Baton Pass|p1a: Calyrex
|
|t:|1661753697
|switch|p1a: Yveltal|Yveltal|100/100|[from]move: Baton Pass
|-ability|p1a: Yveltal|Dark Aura
|
|upkeep
|turn|13
|
|t:|1661753714
|switch|p2a: Zacian|Zacian-Crowned|100/100
|-ability|p2a: Zacian|Intrepid Sword|boost
|-boost|p2a: Zacian|atk|1
|-start|p1a: Yveltal|Dynamax|
|-heal|p1a: Yveltal|100/100|[silent]
|move|p1a: Yveltal|Max Airstream|p2a: Zacian
|-resisted|p2a: Zacian
|-crit|p2a: Zacian
|-damage|p2a: Zacian|41/100
|-boost|p1a: Yveltal|spe|1
|
|upkeep
|turn|14
|inactive|FireFlareFlame has 60 seconds left.
|
|t:|1661753729
|move|p2a: Zacian|Behemoth Blade|p1a: Yveltal
|-damage|p1a: Yveltal|37/100
|move|p1a: Yveltal|Max Airstream|p2a: Zacian
|-resisted|p2a: Zacian
|-damage|p2a: Zacian|0 fnt
|-boost|p1a: Yveltal|spe|1
|faint|p2a: Zacian
|
|upkeep
|inactive|FireFlareFlame has 60 seconds left.
|
|t:|1661753740
|switch|p2a: Ditto|Ditto|35/100
|-transform|p2a: Ditto|p1a: Yveltal|[from] ability: Imposter
|-ability|p2a: Ditto|Dark Aura
|turn|15
|inactive|FireFlareFlame has 60 seconds left.
|
|t:|1661753750
|move|p2a: Ditto|Oblivion Wing|p1a: Yveltal
|-damage|p1a: Yveltal|18/100
|-heal|p2a: Ditto|77/100|[from] drain|[of] p1a: Yveltal
|move|p1a: Yveltal|Max Airstream|p2a: Ditto
|-damage|p2a: Ditto|0 fnt
|-boost|p1a: Yveltal|spe|1
|faint|p2a: Ditto
|
|upkeep
|inactive|FireFlareFlame has 60 seconds left.
|
|t:|1661753764
|switch|p2a: Kyogre|Kyogre-Primal|100/100
|-weather|PrimordialSea|[from] ability: Primordial Sea|[of] p2a: Kyogre
|-end|p1a: Yveltal|Dynamax
|-heal|p1a: Yveltal|19/100|[silent]
|turn|16
|inactive|FireFlareFlame has 60 seconds left.
|
|t:|1661753771
|move|p1a: Yveltal|Dark Pulse|p2a: Kyogre
|-damage|p2a: Kyogre|57/100
|move|p2a: Kyogre|Ice Beam|p1a: Yveltal
|-supereffective|p1a: Yveltal
|-damage|p1a: Yveltal|0 fnt
|faint|p1a: Yveltal
|
|-weather|PrimordialSea|[upkeep]
|upkeep
|
|t:|1661753779
|switch|p1a: Calyrex|Calyrex-Shadow|1/100
|-ability|p1a: Calyrex|As One
|-ability|p1a: Calyrex|Unnerve
|turn|17
|
|t:|1661753786
|move|p1a: Calyrex|Astral Barrage|p2a: Kyogre
|-damage|p2a: Kyogre|15/100
|move|p2a: Kyogre|Water Spout|p1a: Calyrex
|-damage|p1a: Calyrex|0 fnt
|faint|p1a: Calyrex
|
|-weather|PrimordialSea|[upkeep]
|upkeep
|
|t:|1661753791
|switch|p1a: Arceus|Arceus|100/100
|turn|18
|
|t:|1661753803
|move|p1a: Arceus|Extreme Speed|p2a: Kyogre
|-damage|p2a: Kyogre|0 fnt
|faint|p2a: Kyogre
|-weather|none
|-damage|p1a: Arceus|91/100|[from] item: Life Orb
|
|upkeep
|
|t:|1661753810
|switch|p2a: Marshadow|Marshadow|91/100
|turn|19
|
|t:|1661753815
|move|p2a: Marshadow|Close Combat|p1a: Arceus
|-supereffective|p1a: Arceus
|-damage|p1a: Arceus|0 fnt
|-unboost|p2a: Marshadow|def|1
|-unboost|p2a: Marshadow|spd|1
|faint|p1a: Arceus
|-damage|p2a: Marshadow|81/100|[from] item: Life Orb
|
|win|FireFlareFlame
|raw|yeezusbeverly's rating: 1463 &rarr; <strong>1454</strong><br />(-9 for losing)
|raw|FireFlareFlame's rating: 1688 &rarr; <strong>1697</strong><br />(+9 for winning)
|l|☆yeezusbeverly
