|j|‽Tahz
|j|☆Wyvern.xyz
|t:|1667081148
|gametype|singles
|player|p1|Tahz|2|1777
|player|p2|Wyvern.xyz|hugh|1778
|teamsize|p1|6
|teamsize|p2|6
|gen|8
|tier|[Gen 8] National Dex AG
|rated|
|rule|HP Percentage Mod: HP is shown in percentages
|rule|Endless Battle Clause: Forcing endless battles is banned
|clearpoke
|poke|p1|Necrozma-Dusk-Mane|
|poke|p1|Zygarde|
|poke|p1|Yveltal|
|poke|p1|Zacian-*|
|poke|p1|Kyogre|
|poke|p1|Rayquaza|
|poke|p2|Rayquaza|
|poke|p2|Yveltal|
|poke|p2|Groudon|
|poke|p2|Arceus-*|
|poke|p2|Ditto|
|poke|p2|Yveltal|
|teampreview
|
|t:|1667081173
|start
|switch|p1a: Necrozma|Necrozma-Dusk-Mane|100/100
|switch|p2a: Yveltal|Yveltal|100/100
|-ability|p2a: Yveltal|Dark Aura
|turn|1
|
|t:|1667081177
|move|p2a: Yveltal|Dark Pulse|p1a: Necrozma
|-supereffective|p1a: Necrozma
|-damage|p1a: Necrozma|12/100
|-damage|p2a: Yveltal|91/100|[from] item: Life Orb
|cant|p1a: Necrozma|flinch
|
|upkeep
|turn|2
|
|t:|1667081182
|move|p2a: Yveltal|Dark Pulse|p1a: Necrozma
|-supereffective|p1a: Necrozma
|-damage|p1a: Necrozma|0 fnt
|faint|p1a: Necrozma
|-damage|p2a: Yveltal|81/100|[from] item: Life Orb
|
|upkeep
|
|t:|1667081188
|switch|p1a: Kyogre|Kyogre|100/100
|detailschange|p1a: Kyogre|Kyogre-Primal
|-primal|p1a: Kyogre
|-weather|PrimordialSea|[from] ability: Primordial Sea|[of] p1a: Kyogre
|turn|3
|
|t:|1667081193
|switch|p2a: Groudon|Groudon|100/100
|detailschange|p2a: Groudon|Groudon-Primal
|-primal|p2a: Groudon
|-weather|DesolateLand|[from] ability: Desolate Land|[of] p2a: Groudon
|move|p1a: Kyogre|Thunder|p2a: Groudon
|-immune|p2a: Groudon
|
|-weather|DesolateLand|[upkeep]
|upkeep
|turn|4
|
|t:|1667081212
|switch|p1a: Yveltal|Yveltal|100/100
|-ability|p1a: Yveltal|Dark Aura
|move|p2a: Groudon|Stealth Rock|p1a: Yveltal
|-sidestart|p1: Tahz|move: Stealth Rock
|
|-weather|DesolateLand|[upkeep]
|upkeep
|turn|5
|inactive|Battle timer is ON: inactive players will automatically lose when time's up. (requested by Tahz)
|
|t:|1667081216
|move|p1a: Yveltal|U-turn|p2a: Groudon
|-resisted|p2a: Groudon
|-damage|p2a: Groudon|96/100
|
|t:|1667081221
|switch|p1a: Kyogre|Kyogre-Primal|100/100|[from]move: U-turn
|-damage|p1a: Kyogre|88/100|[from] Stealth Rock
|-weather|PrimordialSea|[from] ability: Primordial Sea|[of] p1a: Kyogre
|move|p2a: Groudon|Toxic|p1a: Kyogre
|-status|p1a: Kyogre|tox
|
|-weather|PrimordialSea|[upkeep]
|-damage|p1a: Kyogre|82/100 tox|[from] psn
|upkeep
|turn|6
|j| ThisIsntHilarious
|
|t:|1667081225
|move|p1a: Kyogre|Water Spout|p2a: Groudon
|-supereffective|p2a: Groudon
|-damage|p2a: Groudon|0 fnt
|faint|p2a: Groudon
|
|-weather|PrimordialSea|[upkeep]
|-damage|p1a: Kyogre|70/100 tox|[from] psn
|upkeep
|
|t:|1667081227
|switch|p2a: Rayquaza|Rayquaza|100/100
|-ability|p2a: Rayquaza|Air Lock
|turn|7
|
|t:|1667081229
|detailschange|p2a: Rayquaza|Rayquaza-Mega
|-mega|p2a: Rayquaza|Rayquaza|
|-weather|DeltaStream|[from] ability: Delta Stream|[of] p2a: Rayquaza
|move|p2a: Rayquaza|Dragon Ascent|p1a: Kyogre
|-damage|p1a: Kyogre|0 fnt
|-unboost|p2a: Rayquaza|def|1
|-unboost|p2a: Rayquaza|spd|1
|faint|p1a: Kyogre
|
|-weather|DeltaStream|[upkeep]
|upkeep
|
|t:|1667081235
|switch|p1a: Zacian|Zacian-Crowned|100/100
|-damage|p1a: Zacian|94/100|[from] Stealth Rock
|-ability|p1a: Zacian|Intrepid Sword|boost
|-boost|p1a: Zacian|atk|1
|turn|8
|
|t:|1667081253
|-weather|none
|switch|p2a: Yveltal|Yveltal|100/100
|-ability|p2a: Yveltal|Dark Aura
|move|p1a: Zacian|Behemoth Blade|p2a: Yveltal
|-damage|p2a: Yveltal|50/100
|
|upkeep
|turn|9
|
|t:|1667081256
|move|p1a: Zacian|Behemoth Blade|p2a: Yveltal
|-damage|p2a: Yveltal|0 fnt
|faint|p2a: Yveltal
|
|upkeep
|
|t:|1667081262
|switch|p2a: Ditto|Ditto|100/100
|-transform|p2a: Ditto|p1a: Zacian|[from] ability: Imposter
|-ability|p2a: Ditto|Intrepid Sword|boost
|-boost|p2a: Ditto|atk|1
|turn|10
|
|t:|1667081273
|move|p2a: Ditto|Behemoth Blade|p1a: Zacian
|-damage|p1a: Zacian|0 fnt
|faint|p1a: Zacian
|
|upkeep
|
|t:|1667081276
|switch|p1a: Rayquaza|Rayquaza|100/100
|-ability|p1a: Rayquaza|Air Lock
|turn|11
|
|t:|1667081282
|switch|p2a: Arceus|Arceus-Ground|100/100
|detailschange|p1a: Rayquaza|Rayquaza-Mega
|-mega|p1a: Rayquaza|Rayquaza|
|-weather|DeltaStream|[from] ability: Delta Stream|[of] p1a: Rayquaza
|move|p1a: Rayquaza|Earthquake|p2a: Arceus
|-damage|p2a: Arceus|80/100
|
|-weather|DeltaStream|[upkeep]
|upkeep
|turn|12
|
|t:|1667081291
|move|p1a: Rayquaza|Dragon Ascent|p2a: Arceus
|-damage|p2a: Arceus|41/100
|-unboost|p1a: Rayquaza|def|1
|-unboost|p1a: Rayquaza|spd|1
|move|p2a: Arceus|Stone Edge|p1a: Rayquaza|[miss]
|-miss|p2a: Arceus|p1a: Rayquaza
|
|-weather|DeltaStream|[upkeep]
|upkeep
|turn|13
|
|t:|1667081307
|move|p1a: Rayquaza|Dragon Ascent|p2a: Arceus
|-damage|p2a: Arceus|1/100
|-unboost|p1a: Rayquaza|def|1
|-unboost|p1a: Rayquaza|spd|1
|move|p2a: Arceus|Stone Edge|p1a: Rayquaza
|-activate||deltastream
|-damage|p1a: Rayquaza|51/100
|
|-weather|DeltaStream|[upkeep]
|upkeep
|turn|14
|
|t:|1667081317
|move|p1a: Rayquaza|Dragon Ascent|p2a: Arceus
|-damage|p2a: Arceus|0 fnt
|-unboost|p1a: Rayquaza|def|1
|-unboost|p1a: Rayquaza|spd|1
|faint|p2a: Arceus
|
|-weather|DeltaStream|[upkeep]
|upkeep
|
|t:|1667081319
|switch|p2a: Rayquaza|Rayquaza-Mega|100/100
|turn|15
|
|t:|1667081324
|switch|p1a: Zygarde|Zygarde|100/100
|-damage|p1a: Zygarde|94/100|[from] Stealth Rock
|move|p2a: Rayquaza|Extreme Speed|p1a: Zygarde
|-damage|p1a: Zygarde|61/100
|
|-weather|DeltaStream|[upkeep]
|upkeep
|turn|16
|
|t:|1667081329
|move|p2a: Rayquaza|Extreme Speed|p1a: Zygarde
|-damage|p1a: Zygarde|32/100
|move|p1a: Zygarde|Glare|p2a: Rayquaza
|-status|p2a: Rayquaza|par
|
|-weather|DeltaStream|[upkeep]
|-activate|p1a: Zygarde|ability: Power Construct
|detailschange|p1a: Zygarde|Zygarde-Complete
|-heal|p1a: Zygarde|55/100|[silent]
|upkeep
|turn|17
|
|t:|1667081332
|-weather|none
|switch|p2a: Yveltal|Yveltal|81/100
|-ability|p2a: Yveltal|Dark Aura
|move|p1a: Zygarde|Thousand Arrows|p2a: Yveltal
|-damage|p2a: Yveltal|48/100
|-start|p2a: Yveltal|Smack Down
|
|upkeep
|turn|18
|
|t:|1667081336
|-start|p2a: Yveltal|Dynamax|
|-heal|p2a: Yveltal|48/100|[silent]
|move|p2a: Yveltal|Max Darkness|p1a: Zygarde
|-damage|p1a: Zygarde|0 fnt
|faint|p1a: Zygarde
|-damage|p2a: Yveltal|43/100|[from] item: Life Orb
|
|upkeep
|
|t:|1667081339
|switch|p1a: Yveltal|Yveltal|100/100
|-ability|p1a: Yveltal|Dark Aura
|turn|19
|
|t:|1667081348
|move|p2a: Yveltal|Max Airstream|p1a: Yveltal
|-damage|p1a: Yveltal|46/100
|-boost|p2a: Yveltal|spe|1
|-damage|p2a: Yveltal|38/100|[from] item: Life Orb
|move|p1a: Yveltal|Snarl|p2a: Yveltal
|-resisted|p2a: Yveltal
|-damage|p2a: Yveltal|31/100
|-unboost|p2a: Yveltal|spa|1
|
|upkeep
|turn|20
|
|t:|1667081357
|move|p2a: Yveltal|Max Airstream|p1a: Yveltal
|-damage|p1a: Yveltal|10/100
|-boost|p2a: Yveltal|spe|1
|-damage|p2a: Yveltal|26/100|[from] item: Life Orb
|move|p1a: Yveltal|Roost|p1a: Yveltal
|-heal|p1a: Yveltal|60/100
|-singleturn|p1a: Yveltal|move: Roost
|
|upkeep
|-end|p2a: Yveltal|Dynamax
|-heal|p2a: Yveltal|26/100|[silent]
|turn|21
|
|t:|1667081363
|move|p2a: Yveltal|Oblivion Wing|p1a: Yveltal
|-damage|p1a: Yveltal|39/100
|-heal|p2a: Yveltal|45/100|[from] drain|[of] p1a: Yveltal
|-damage|p2a: Yveltal|35/100|[from] item: Life Orb
|move|p1a: Yveltal|Roost|p1a: Yveltal
|-heal|p1a: Yveltal|89/100
|-singleturn|p1a: Yveltal|move: Roost
|
|upkeep
|turn|22
|
|t:|1667081368
|switch|p2a: Rayquaza|Rayquaza-Mega|100/100 par
|-weather|DeltaStream|[from] ability: Delta Stream|[of] p2a: Rayquaza
|move|p1a: Yveltal|Snarl|p2a: Rayquaza
|-damage|p2a: Rayquaza|71/100 par
|-unboost|p2a: Rayquaza|spa|1
|
|-weather|DeltaStream|[upkeep]
|upkeep
|turn|23
|
|t:|1667081378
|move|p1a: Yveltal|U-turn|p2a: Rayquaza
|-resisted|p2a: Rayquaza
|-damage|p2a: Rayquaza|61/100 par
|
|t:|1667081381
|switch|p1a: Rayquaza|Rayquaza-Mega|51/100|[from]move: U-turn
|move|p2a: Rayquaza|Dragon Ascent|p1a: Rayquaza
|-damage|p1a: Rayquaza|0 fnt
|-unboost|p2a: Rayquaza|def|1
|-unboost|p2a: Rayquaza|spd|1
|faint|p1a: Rayquaza
|
|-weather|DeltaStream|[upkeep]
|upkeep
|
|t:|1667081384
|switch|p1a: Yveltal|Yveltal|89/100
|-ability|p1a: Yveltal|Dark Aura
|turn|24
|
|t:|1667081387
|-weather|none
|switch|p2a: Yveltal|Yveltal|35/100
|-ability|p2a: Yveltal|Dark Aura
|move|p1a: Yveltal|Snarl|p2a: Yveltal
|-resisted|p2a: Yveltal
|-damage|p2a: Yveltal|21/100
|-unboost|p2a: Yveltal|spa|1
|
|upkeep
|turn|25
|
|t:|1667081390
|move|p2a: Yveltal|Oblivion Wing|p1a: Yveltal
|-damage|p1a: Yveltal|68/100
|-heal|p2a: Yveltal|39/100|[from] drain|[of] p1a: Yveltal
|-damage|p2a: Yveltal|29/100|[from] item: Life Orb
|move|p1a: Yveltal|Snarl|p2a: Yveltal
|-resisted|p2a: Yveltal
|-damage|p2a: Yveltal|16/100
|-unboost|p2a: Yveltal|spa|1
|
|upkeep
|turn|26
|j| rakesh_88
|
|t:|1667081393
|move|p2a: Yveltal|Oblivion Wing|p1a: Yveltal
|-damage|p1a: Yveltal|53/100
|-heal|p2a: Yveltal|29/100|[from] drain|[of] p1a: Yveltal
|-damage|p2a: Yveltal|19/100|[from] item: Life Orb
|move|p1a: Yveltal|Snarl|p2a: Yveltal
|-resisted|p2a: Yveltal
|-damage|p2a: Yveltal|6/100
|-unboost|p2a: Yveltal|spa|1
|
|upkeep
|turn|27
|l| rakesh_88
|
|t:|1667081396
|move|p2a: Yveltal|Oblivion Wing|p1a: Yveltal
|-damage|p1a: Yveltal|39/100
|-heal|p2a: Yveltal|18/100|[from] drain|[of] p1a: Yveltal
|-damage|p2a: Yveltal|8/100|[from] item: Life Orb
|move|p1a: Yveltal|Snarl|p2a: Yveltal
|-resisted|p2a: Yveltal
|-damage|p2a: Yveltal|0 fnt
|faint|p2a: Yveltal
|
|upkeep
|
|t:|1667081404
|switch|p2a: Rayquaza|Rayquaza-Mega|61/100 par
|-weather|DeltaStream|[from] ability: Delta Stream|[of] p2a: Rayquaza
|turn|28
|
|t:|1667081414
|-start|p1a: Yveltal|Dynamax|
|-heal|p1a: Yveltal|39/100|[silent]
|move|p1a: Yveltal|Max Guard|p1a: Yveltal
|-singleturn|p1a: Yveltal|Max Guard
|move|p2a: Rayquaza|Extreme Speed|p1a: Yveltal
|-activate|p1a: Yveltal|move: Max Guard
|
|-weather|DeltaStream|[upkeep]
|upkeep
|turn|29
|
|t:|1667081420
|-weather|none
|switch|p2a: Ditto|Ditto|100/100
|-transform|p2a: Ditto|p1a: Yveltal|[from] ability: Imposter
|-ability|p2a: Ditto|Dark Aura
|move|p1a: Yveltal|Max Darkness|p2a: Ditto
|-resisted|p2a: Ditto
|-damage|p2a: Ditto|75/100
|-unboost|p2a: Ditto|spd|1
|
|upkeep
|turn|30
|
|t:|1667081425
|move|p2a: Ditto|Roost|p2a: Ditto
|-heal|p2a: Ditto|100/100
|-singleturn|p2a: Ditto|move: Roost
|move|p1a: Yveltal|Max Darkness|p2a: Ditto
|-resisted|p2a: Ditto
|-damage|p2a: Ditto|62/100
|-unboost|p2a: Ditto|spd|1
|
|upkeep
|-end|p1a: Yveltal|Dynamax
|-heal|p1a: Yveltal|39/100|[silent]
|turn|31
|
|t:|1667081429
|move|p2a: Ditto|Roost|p2a: Ditto
|-heal|p2a: Ditto|100/100
|-singleturn|p2a: Ditto|move: Roost
|move|p1a: Yveltal|Roost|p1a: Yveltal
|-heal|p1a: Yveltal|89/100
|-singleturn|p1a: Yveltal|move: Roost
|
|upkeep
|turn|32
|
|t:|1667081433
|move|p2a: Ditto|Roost||[still]
|-fail|p2a: Ditto|heal
|move|p1a: Yveltal|Snarl|p2a: Ditto|[miss]
|-miss|p1a: Yveltal|p2a: Ditto
|
|upkeep
|turn|33
|
|t:|1667081436
|switch|p2a: Rayquaza|Rayquaza-Mega|61/100 par
|-weather|DeltaStream|[from] ability: Delta Stream|[of] p2a: Rayquaza
|move|p1a: Yveltal|U-turn|p2a: Rayquaza
|-resisted|p2a: Rayquaza
|-damage|p2a: Rayquaza|52/100 par
|
|-weather|DeltaStream|[upkeep]
|upkeep
|turn|34
|
|t:|1667081442
|move|p1a: Yveltal|Snarl|p2a: Rayquaza
|-damage|p2a: Rayquaza|20/100 par
|-unboost|p2a: Rayquaza|spa|1
|cant|p2a: Rayquaza|par
|
|-weather|DeltaStream|[upkeep]
|upkeep
|turn|35
|
|t:|1667081450
|move|p2a: Rayquaza|Extreme Speed|p1a: Yveltal
|-damage|p1a: Yveltal|41/100
|move|p1a: Yveltal|Snarl|p2a: Rayquaza
|-damage|p2a: Rayquaza|0 fnt
|faint|p2a: Rayquaza
|-weather|none
|
|upkeep
|
|t:|1667081453
|switch|p2a: Ditto|Ditto|100/100
|-transform|p2a: Ditto|p1a: Yveltal|[from] ability: Imposter
|-ability|p2a: Ditto|Dark Aura
|turn|36
|
|t:|1667081456
|move|p2a: Ditto|U-turn|p1a: Yveltal
|-damage|p1a: Yveltal|26/100
|move|p1a: Yveltal|Roost|p1a: Yveltal
|-heal|p1a: Yveltal|76/100
|-singleturn|p1a: Yveltal|move: Roost
|
|upkeep
|turn|37
|-message|Wyvern.xyz forfeited.
|
|win|Tahz
|raw|Tahz's rating: 1777 &rarr; <strong>1797</strong><br />(+20 for winning)
|raw|Wyvern.xyz's rating: 1778 &rarr; <strong>1758</strong><br />(-20 for losing)
|l|☆Wyvern.xyz
|l| ThisIsntHilarious
||Ladder isn't responding, score probably updated but might not have (Request timeout).
