|j|☆Isnezhny
|j|☆Hoenn Militian
|t:|1653559164
|gametype|singles
|player|p1|Isnezhny|grimsley-gen7|1728
|player|p2|Hoenn Militian|ingo|1600
|teamsize|p1|6
|teamsize|p2|6
|gen|8
|tier|[Gen 8] National Dex AG
|rated|
|rule|HP Percentage Mod: HP is shown in percentages
|rule|Endless Battle Clause: Forcing endless battles is banned
|clearpoke
|poke|p1|Hatterene, F|
|poke|p1|Melmetal|
|poke|p1|Porygon2|
|poke|p1|Xerneas-*|
|poke|p1|Arceus-*|
|poke|p1|Palkia|
|poke|p2|Yveltal|
|poke|p2|Quagsire, M|
|poke|p2|Mamoswine, M|
|poke|p2|Shedinja|
|poke|p2|Kyogre|
|poke|p2|Zacian-*|
|teampreview
|
|t:|1653559210
|start
|switch|p1a: Wizz|Hatterene, F|100/100
|switch|p2a: Mamoswine|Mamoswine, M|100/100
|turn|1
|
|t:|1653559253
|move|p2a: Mamoswine|Earthquake|p1a: Wizz
|-damage|p1a: Wizz|35/100
|move|p1a: Wizz|Trick Room|p1a: Wizz
|-fieldstart|move: Trick Room|[of] p1a: Wizz
|
|upkeep
|turn|2
|
|t:|1653559265
|switch|p2a: Quagsire|Quagsire, M|100/100
|move|p1a: Wizz|Healing Wish|p1a: Wizz
|faint|p1a: Wizz
|
|upkeep
|
|t:|1653559287
|switch|p1a: Collapse|Palkia|100/100
|-ability|p1a: Collapse|Pressure
|turn|3
|
|t:|1653559296
|move|p2a: Quagsire|Toxic|p1a: Collapse
|-status|p1a: Collapse|tox
|move|p1a: Collapse|Hydro Pump|p2a: Quagsire|[miss]
|-miss|p1a: Collapse|p2a: Quagsire
|
|-damage|p1a: Collapse|94/100 tox|[from] psn
|upkeep
|turn|4
|
|t:|1653559309
|move|p2a: Quagsire|Earthquake|p1a: Collapse
|-damage|p1a: Collapse|67/100 tox
|move|p1a: Collapse|Hydro Pump|p2a: Quagsire
|-damage|p2a: Quagsire|0 fnt
|faint|p2a: Quagsire
|
|-damage|p1a: Collapse|55/100 tox|[from] psn
|upkeep
|
|t:|1653559330
|switch|p2a: Shedinja|Shedinja|100/100
|turn|5
|
|t:|1653559333
|switch|p2a: Mamoswine|Mamoswine, M|100/100
|switch|p1a: 3.14 Two|Porygon2|100/100
|-ability|p1a: 3.14 Two|Oblivious|[from] ability: Trace|[of] p2a: Mamoswine
|
|-fieldend|move: Trick Room
|upkeep
|turn|6
|
|t:|1653559346
|move|p2a: Mamoswine|Stealth Rock|p1a: 3.14 Two
|-sidestart|p1: Isnezhny|move: Stealth Rock
|move|p1a: 3.14 Two|Trick Room|p1a: 3.14 Two
|-fieldstart|move: Trick Room|[of] p1a: 3.14 Two
|
|upkeep
|turn|7
|
|t:|1653559352
|move|p1a: 3.14 Two|Foul Play|p2a: Mamoswine
|-damage|p2a: Mamoswine|63/100
|move|p2a: Mamoswine|Earthquake|p1a: 3.14 Two
|-damage|p1a: 3.14 Two|64/100
|
|upkeep
|turn|8
|
|t:|1653559361
|switch|p1a: Moonlight|Xerneas|100/100
|-damage|p1a: Moonlight|88/100|[from] Stealth Rock
|-ability|p1a: Moonlight|Fairy Aura
|move|p2a: Mamoswine|Earthquake|p1a: Moonlight
|-damage|p1a: Moonlight|45/100
|
|upkeep
|turn|9
|
|t:|1653559371
|move|p1a: Moonlight|Hidden Power|p2a: Mamoswine
|-supereffective|p2a: Mamoswine
|-damage|p2a: Mamoswine|0 fnt
|faint|p2a: Mamoswine
|
|upkeep
|
|t:|1653559381
|switch|p2a: Kyogre|Kyogre|100/100
|-weather|RainDance|[from] ability: Drizzle|[of] p2a: Kyogre
|turn|10
|
|t:|1653559388
|switch|p2a: Zacian|Zacian-Crowned|100/100
|-ability|p2a: Zacian|Intrepid Sword|boost
|-boost|p2a: Zacian|atk|1
|move|p1a: Moonlight|Hidden Power|p2a: Zacian
|-supereffective|p2a: Zacian
|-damage|p2a: Zacian|70/100
|
|-weather|RainDance|[upkeep]
|-fieldend|move: Trick Room
|upkeep
|turn|11
|
|t:|1653559396
|move|p2a: Zacian|Behemoth Blade|p1a: Moonlight
|-supereffective|p1a: Moonlight
|-damage|p1a: Moonlight|0 fnt
|faint|p1a: Moonlight
|
|-weather|RainDance|[upkeep]
|upkeep
|
|t:|1653559400
|switch|p1a: Antarctica|Arceus-Ground|100/100
|-damage|p1a: Antarctica|94/100|[from] Stealth Rock
|turn|12
|
|t:|1653559416
|move|p2a: Zacian|Behemoth Blade|p1a: Antarctica
|-damage|p1a: Antarctica|46/100
|move|p1a: Antarctica|Judgment|p2a: Zacian
|-supereffective|p2a: Zacian
|-damage|p2a: Zacian|0 fnt
|faint|p2a: Zacian
|
|-weather|RainDance|[upkeep]
|upkeep
|
|t:|1653559427
|switch|p2a: Kyogre|Kyogre|100/100
|turn|13
|
|t:|1653559442
|move|p2a: Kyogre|Water Spout|p1a: Antarctica
|-supereffective|p1a: Antarctica
|-damage|p1a: Antarctica|0 fnt
|faint|p1a: Antarctica
|
|-weather|RainDance|[upkeep]
|upkeep
|
|t:|1653559447
|switch|p1a: Collapse|Palkia|55/100 tox
|-heal|p1a: Collapse|100/100|[from] move: Healing Wish
|-damage|p1a: Collapse|88/100|[from] Stealth Rock
|-ability|p1a: Collapse|Pressure
|turn|14
|
|t:|1653559454
|switch|p2a: Shedinja|Shedinja|100/100
|move|p1a: Collapse|Trick Room|p1a: Collapse
|-fieldstart|move: Trick Room|[of] p1a: Collapse
|
|-weather|none
|upkeep
|turn|15
|
|t:|1653559463
|switch|p1a: 3.14 Two|Porygon2|64/100
|-damage|p1a: 3.14 Two|52/100|[from] Stealth Rock
|-ability|p1a: 3.14 Two|Wonder Guard|[from] ability: Trace|[of] p2a: Shedinja
|move|p2a: Shedinja|Will-O-Wisp|p1a: 3.14 Two
|-status|p1a: 3.14 Two|brn
|
|-damage|p1a: 3.14 Two|46/100 brn|[from] brn
|upkeep
|turn|16
|
|t:|1653559483
|switch|p2a: Yveltal|Yveltal|100/100
|-ability|p2a: Yveltal|Dark Aura
|move|p1a: 3.14 Two|Recover|p1a: 3.14 Two
|-heal|p1a: 3.14 Two|96/100 brn
|
|-damage|p1a: 3.14 Two|90/100 brn|[from] brn
|upkeep
|turn|17
|
|t:|1653559506
|switch|p2a: Kyogre|Kyogre|100/100
|-weather|RainDance|[from] ability: Drizzle|[of] p2a: Kyogre
|move|p1a: 3.14 Two|Teleport|p1a: 3.14 Two
|
|t:|1653559513
|switch|p1a: Blacksmith|Melmetal|100/100|[from]move: Teleport
|-damage|p1a: Blacksmith|94/100|[from] Stealth Rock
|
|-weather|RainDance|[upkeep]
|upkeep
|turn|18
|
|t:|1653559521
|-start|p2a: Kyogre|Dynamax|
|-heal|p2a: Kyogre|100/100|[silent]
|move|p1a: Blacksmith|Thunder Punch|p2a: Kyogre
|-supereffective|p2a: Kyogre
|-damage|p2a: Kyogre|46/100
|-damage|p1a: Blacksmith|84/100|[from] item: Life Orb
|move|p2a: Kyogre|Max Geyser|p1a: Blacksmith
|-damage|p1a: Blacksmith|0 fnt
|faint|p1a: Blacksmith
|
|-weather|RainDance|[upkeep]
|-fieldend|move: Trick Room
|upkeep
|
|t:|1653559528
|switch|p1a: Collapse|Palkia|88/100
|-damage|p1a: Collapse|75/100|[from] Stealth Rock
|-ability|p1a: Collapse|Pressure
|turn|19
|
|t:|1653559536
|-end|p2a: Kyogre|Dynamax
|-heal|p2a: Kyogre|47/100|[silent]
|switch|p2a: Shedinja|Shedinja|100/100
|move|p1a: Collapse|Trick Room|p1a: Collapse
|-fieldstart|move: Trick Room|[of] p1a: Collapse
|
|-weather|RainDance|[upkeep]
|upkeep
|turn|20
|
|t:|1653559550
|switch|p2a: Kyogre|Kyogre|47/100
|switch|p1a: 3.14 Two|Porygon2|90/100 brn
|-damage|p1a: 3.14 Two|78/100 brn|[from] Stealth Rock
|-ability|p1a: 3.14 Two|Drizzle|[from] ability: Trace|[of] p2a: Kyogre
|
|-weather|RainDance|[upkeep]
|-damage|p1a: 3.14 Two|71/100 brn|[from] brn
|upkeep
|turn|21
|
|t:|1653559562
|move|p1a: 3.14 Two|Foul Play|p2a: Kyogre
|-damage|p2a: Kyogre|38/100
|move|p2a: Kyogre|Surf|p1a: 3.14 Two
|-damage|p1a: 3.14 Two|34/100 brn
|
|-weather|none
|-damage|p1a: 3.14 Two|28/100 brn|[from] brn
|upkeep
|turn|22
|c|☆Hoenn Militian|when you traced Wonder Guard you had won
|
|t:|1653559592
|move|p1a: 3.14 Two|Recover|p1a: 3.14 Two
|-heal|p1a: 3.14 Two|78/100 brn
|move|p2a: Kyogre|Surf|p1a: 3.14 Two
|-damage|p1a: 3.14 Two|53/100 brn
|
|-damage|p1a: 3.14 Two|47/100 brn|[from] brn
|upkeep
|turn|23
|
|t:|1653559599
|switch|p1a: Collapse|Palkia|75/100
|-damage|p1a: Collapse|63/100|[from] Stealth Rock
|-ability|p1a: Collapse|Pressure
|move|p2a: Kyogre|Surf|p1a: Collapse
|-resisted|p1a: Collapse
|-damage|p1a: Collapse|53/100
|
|-fieldend|move: Trick Room
|upkeep
|turn|24
|c|☆Isnezhny|Oh. Yea ;D
|
|t:|1653559625
|switch|p1a: 3.14 Two|Porygon2|47/100 brn
|-damage|p1a: 3.14 Two|34/100 brn|[from] Stealth Rock
|-ability|p1a: 3.14 Two|Drizzle|[from] ability: Trace|[of] p2a: Kyogre
|-weather|RainDance|[from] ability: Drizzle|[of] p1a: 3.14 Two
|move|p2a: Kyogre|Thunder|p1a: 3.14 Two
|-damage|p1a: 3.14 Two|15/100 brn
|
|-weather|RainDance|[upkeep]
|-damage|p1a: 3.14 Two|9/100 brn|[from] brn
|upkeep
|turn|25
|
|t:|1653559636
|switch|p1a: Collapse|Palkia|53/100
|-damage|p1a: Collapse|40/100|[from] Stealth Rock
|-ability|p1a: Collapse|Pressure
|move|p2a: Kyogre|Surf|p1a: Collapse
|-resisted|p1a: Collapse
|-damage|p1a: Collapse|24/100
|
|-weather|RainDance|[upkeep]
|upkeep
|turn|26
|c|☆Isnezhny|gg
|
|t:|1653559645
|switch|p2a: Shedinja|Shedinja|100/100
|move|p1a: Collapse|Trick Room|p1a: Collapse
|-fieldstart|move: Trick Room|[of] p1a: Collapse
|
|-weather|RainDance|[upkeep]
|upkeep
|turn|27
|
|t:|1653559661
|move|p2a: Shedinja|Shadow Sneak|p1a: Collapse
|-damage|p1a: Collapse|9/100
|move|p1a: Collapse|Thunder|p2a: Shedinja
|-immune|p2a: Shedinja|[from] ability: Wonder Guard
|
|-weather|RainDance|[upkeep]
|upkeep
|turn|28
|c|☆Hoenn Militian|gg
|
|t:|1653559689
|move|p2a: Shedinja|Shadow Sneak|p1a: Collapse
|-damage|p1a: Collapse|0 fnt
|faint|p1a: Collapse
|
|-weather|none
|upkeep
|
|t:|1653559693
|switch|p1a: 3.14 Two|Porygon2|9/100 brn
|-damage|p1a: 3.14 Two|0 fnt|[from] Stealth Rock
|faint|p1a: 3.14 Two
|
|win|Hoenn Militian
|raw|Isnezhny's rating: 1728 &rarr; <strong>1701</strong><br />(-27 for losing)
|raw|Hoenn Militian's rating: 1600 &rarr; <strong>1627</strong><br />(+27 for winning)
