|j|☆Waveman29
|j|☆Purrglar
|t:|1654760043
|gametype|singles
|player|p1|Waveman29|1|1085
|player|p2|Purrglar|petrel|1183
|teamsize|p1|6
|teamsize|p2|6
|gen|8
|tier|[Gen 8] National Dex AG
|rated|
|rule|HP Percentage Mod: HP is shown in percentages
|rule|Endless Battle Clause: Forcing endless battles is banned
|clearpoke
|poke|p1|Charizard, M|
|poke|p1|Pikachu-World, M|
|poke|p1|Greninja, M|
|poke|p1|Gengar, F|
|poke|p1|Lucario, M|
|poke|p1|Sceptile, M|
|poke|p2|Aerodactyl, F|
|poke|p2|Omastar, F|
|poke|p2|Dracovish|
|poke|p2|Tyrantrum, F|
|poke|p2|Rampardos, F|
|poke|p2|Carracosta, M|
|teampreview
|inactive|Battle timer is ON: inactive players will automatically lose when time's up. (requested by Purrglar)
|
|t:|1654760051
|start
|switch|p1a: Sceptile|Sceptile, M|100/100
|switch|p2a: Aerodactyl|Aerodactyl, F|100/100
|-ability|p2a: Aerodactyl|Unnerve
|-item|p1a: Sceptile|Air Balloon
|turn|1
|
|t:|1654760056
|detailschange|p2a: Aerodactyl|Aerodactyl-Mega, F
|-mega|p2a: Aerodactyl|Aerodactyl|Aerodactylite
|move|p2a: Aerodactyl|Dual Wingbeat|p1a: Sceptile
|-supereffective|p1a: Sceptile
|-damage|p1a: Sceptile|0 fnt
|-enditem|p1a: Sceptile|Air Balloon
|faint|p1a: Sceptile
|-hitcount|p1: Sceptile|1
|
|upkeep
|
|t:|1654760060
|switch|p1a: Pikachu|Pikachu-World, M|100/100
|turn|2
|
|t:|1654760066
|move|p2a: Aerodactyl|Stone Edge|p1a: Pikachu
|-damage|p1a: Pikachu|0 fnt
|faint|p1a: Pikachu
|
|upkeep
|
|t:|1654760072
|switch|p1a: Charizard|Charizard, M|100/100
|turn|3
|
|t:|1654760079
|-start|p1a: Charizard|Dynamax|
|-heal|p1a: Charizard|100/100|[silent]
|move|p2a: Aerodactyl|Stone Edge|p1a: Charizard
|-supereffective|p1a: Charizard
|-damage|p1a: Charizard|0 fnt
|faint|p1a: Charizard
|
|upkeep
|
|t:|1654760087
|switch|p1a: Greninja|Greninja, M|100/100
|turn|4
|
|t:|1654760090
|move|p2a: Aerodactyl|Dual Wingbeat|p1a: Greninja
|-damage|p1a: Greninja|52/100
|-damage|p1a: Greninja|0 fnt
|faint|p1a: Greninja
|-hitcount|p1: Greninja|2
|
|upkeep
|
|t:|1654760095
|switch|p1a: Gengar|Gengar, F|100/100
|turn|5
|
|t:|1654760100
|move|p2a: Aerodactyl|Stone Edge|p1a: Gengar
|-crit|p1a: Gengar
|-damage|p1a: Gengar|0 fnt
|faint|p1a: Gengar
|
|upkeep
|
|t:|1654760102
|switch|p1a: Lucario|Lucario, M|100/100
|turn|6
|c|☆Waveman29|damn
|c|☆Waveman29|gg
|
|t:|1654760111
|detailschange|p1a: Lucario|Lucario-Mega, M
|-mega|p1a: Lucario|Lucario|Lucarionite
|move|p2a: Aerodactyl|Dual Wingbeat|p1a: Lucario
|-crit|p1a: Lucario
|-damage|p1a: Lucario|40/100
|-damage|p1a: Lucario|0 fnt
|faint|p1a: Lucario
|-hitcount|p1: Lucario|2
|
|win|Purrglar
|raw|Waveman29's rating: 1085 &rarr; <strong>1069</strong><br />(-16 for losing)
|raw|Purrglar's rating: 1183 &rarr; <strong>1201</strong><br />(+18 for winning)
|c|☆Purrglar|gg
|l|☆Waveman29
