|j|☆Snake of the Moon
|j|☆Glaliegoesboom ❤
|t:|1659749909
|gametype|singles
|player|p1|Snake of the Moon|ethan-masters|
|player|p2|Glaliegoesboom ❤|101|
|teamsize|p1|6
|teamsize|p2|6
|gen|8
|tier|[Gen 8] National Dex AG
|rule|HP Percentage Mod: HP is shown in percentages
|rule|Endless Battle Clause: Forcing endless battles is banned
|clearpoke
|poke|p1|Metagross|
|poke|p1|Lunala|
|poke|p1|Gastrodon, F|
|poke|p1|Corviknight, M|
|poke|p1|Gyarados, M|
|poke|p1|Tapu Fini|
|poke|p2|Dragonite, F|
|poke|p2|Gyarados, F|
|poke|p2|Ferrothorn, M|
|poke|p2|Mawile, M|
|poke|p2|Dialga|
|poke|p2|Lunala|
|teampreview
|inactive|Battle timer is ON: inactive players will automatically lose when time's up. (requested by Snake of the Moon)
|inactive|Glaliegoesboom ❤ also wants the timer to be on.
|
|t:|1659749927
|start
|switch|p1a: Metagross|Metagross|100/100
|switch|p2a: Dragonite|Dragonite, F|100/100
|turn|1
|
|t:|1659749935
|move|p2a: Dragonite|Thunder Wave|p1a: Metagross
|-status|p1a: Metagross|par
|move|p1a: Metagross|Stealth Rock|p2a: Dragonite
|-sidestart|p2: Glaliegoesboom ❤|move: Stealth Rock
|
|upkeep
|turn|2
|
|t:|1659749938
|move|p2a: Dragonite|Defog|p1a: Metagross
|-fail|p1a: Metagross|unboost|[from] ability: Clear Body|[of] p1a: Metagross
|-sideend|p2: Glaliegoesboom ❤|Stealth Rock|[from] move: Defog|[of] p2a: Dragonite
|move|p1a: Metagross|Ice Punch|p2a: Dragonite
|-supereffective|p2a: Dragonite
|-damage|p2a: Dragonite|60/100
|
|upkeep
|turn|3
|
|t:|1659749949
|move|p2a: Dragonite|Roost|p2a: Dragonite
|-heal|p2a: Dragonite|100/100
|-singleturn|p2a: Dragonite|move: Roost
|move|p1a: Metagross|Rock Tomb|p2a: Dragonite
|-damage|p2a: Dragonite|92/100
|-unboost|p2a: Dragonite|spe|1
|
|upkeep
|turn|4
|
|t:|1659749958
|move|p2a: Dragonite|Roost|p2a: Dragonite
|-heal|p2a: Dragonite|100/100
|-singleturn|p2a: Dragonite|move: Roost
|cant|p1a: Metagross|par
|
|upkeep
|turn|5
|
|t:|1659749971
|switch|p2a: Lunala|Lunala|100/100
|move|p1a: Metagross|Stealth Rock|p2a: Lunala
|-sidestart|p2: Glaliegoesboom ❤|move: Stealth Rock
|
|upkeep
|turn|6
|c|☆Snake of the Moon|Nice prep
|
|t:|1659749979
|switch|p1a: Tapu Fini|Tapu Fini|100/100
|-fieldstart|move: Misty Terrain|[from] ability: Misty Surge|[of] p1a: Tapu Fini
|move|p2a: Lunala|Moongeist Beam|p1a: Tapu Fini
|-damage|p1a: Tapu Fini|64/100
|
|upkeep
|turn|7
|
|t:|1659749992
|switch|p2a: Ferrothorn|Ferrothorn, M|100/100
|-damage|p2a: Ferrothorn|95/100|[from] Stealth Rock
|move|p1a: Tapu Fini|Trick|p2a: Ferrothorn
|-activate|p1a: Tapu Fini|move: Trick|[of] p2a: Ferrothorn
|-item|p2a: Ferrothorn|Choice Scarf|[from] move: Trick
|-item|p1a: Tapu Fini|Occa Berry|[from] move: Trick
|
|upkeep
|turn|8
|
|t:|1659750010
|switch|p1a: Corviknight|Corviknight, M|100/100
|-ability|p1a: Corviknight|Pressure
|move|p2a: Ferrothorn|Knock Off|p1a: Corviknight
|-damage|p1a: Corviknight|82/100
|-enditem|p1a: Corviknight|Leftovers|[from] move: Knock Off|[of] p2a: Ferrothorn
|
|upkeep
|turn|9
|
|t:|1659750018
|switch|p1a: Lunala|Lunala|100/100
|switch|p2a: Dragonite|Dragonite, F|100/100
|
|upkeep
|turn|10
|
|t:|1659750022
|move|p1a: Lunala|Thunder Wave|p2a: Dragonite
|-status|p2a: Dragonite|par
|move|p2a: Dragonite|Defog|p1a: Lunala
|-unboost|p1a: Lunala|evasion|1
|-sideend|p2: Glaliegoesboom ❤|Stealth Rock|[from] move: Defog|[of] p2a: Dragonite
|-fieldend|Misty Terrain
|
|upkeep
|turn|11
|
|t:|1659750034
|switch|p1a: Gastrodon|Gastrodon, F|100/100
|move|p2a: Dragonite|Thunder Wave|p1a: Gastrodon
|-immune|p1a: Gastrodon
|
|upkeep
|turn|12
|
|t:|1659750046
|move|p1a: Gastrodon|Ice Beam|p2a: Dragonite
|-supereffective|p2a: Dragonite
|-damage|p2a: Dragonite|69/100 par
|move|p2a: Dragonite|Light Screen|p2a: Dragonite
|-sidestart|p2: Glaliegoesboom ❤|move: Light Screen
|
|upkeep
|turn|13
|
|t:|1659750053
|switch|p2a: Gyarados|Gyarados, F|100/100
|-ability|p2a: Gyarados|Intimidate|boost
|-unboost|p1a: Gastrodon|atk|1
|move|p1a: Gastrodon|Ice Beam|p2a: Gyarados
|-damage|p2a: Gyarados|91/100
|
|upkeep
|turn|14
|
|t:|1659750065
|switch|p1a: Corviknight|Corviknight, M|82/100
|-ability|p1a: Corviknight|Pressure
|detailschange|p2a: Gyarados|Gyarados-Mega, F
|-mega|p2a: Gyarados|Gyarados|Gyaradosite
|-ability|p2a: Gyarados|Mold Breaker
|move|p2a: Gyarados|Dragon Dance|p2a: Gyarados
|-boost|p2a: Gyarados|atk|1
|-boost|p2a: Gyarados|spe|1
|
|upkeep
|turn|15
|
|t:|1659750071
|move|p2a: Gyarados|Waterfall|p1a: Corviknight
|-damage|p1a: Corviknight|37/100
|move|p1a: Corviknight|Iron Defense|p1a: Corviknight
|-boost|p1a: Corviknight|def|2
|
|upkeep
|turn|16
|
|t:|1659750079
|move|p2a: Gyarados|Waterfall|p1a: Corviknight
|-damage|p1a: Corviknight|16/100
|move|p1a: Corviknight|Roost|p1a: Corviknight
|-heal|p1a: Corviknight|66/100
|-singleturn|p1a: Corviknight|move: Roost
|
|-sideend|p2: Glaliegoesboom ❤|move: Light Screen
|upkeep
|turn|17
|
|t:|1659750090
|switch|p2a: Dialga|Dialga|100/100
|-ability|p2a: Dialga|Pressure
|move|p1a: Corviknight|Roost|p1a: Corviknight
|-heal|p1a: Corviknight|100/100
|-singleturn|p1a: Corviknight|move: Roost
|
|upkeep
|turn|18
|
|t:|1659750099
|switch|p1a: Gastrodon|Gastrodon, F|100/100
|move|p2a: Dialga|Thunder|p1a: Gastrodon
|-immune|p1a: Gastrodon
|
|upkeep
|turn|19
|
|t:|1659750106
|switch|p2a: Ferrothorn|Ferrothorn, M|95/100
|move|p1a: Gastrodon|Earth Power|p2a: Ferrothorn
|-damage|p2a: Ferrothorn|69/100
|
|upkeep
|turn|20
|
|t:|1659750111
|switch|p1a: Corviknight|Corviknight, M|100/100
|-ability|p1a: Corviknight|Pressure
|move|p2a: Ferrothorn|Leech Seed|p1a: Corviknight
|-start|p1a: Corviknight|move: Leech Seed
|
|-damage|p1a: Corviknight|88/100|[from] Leech Seed|[of] p2a: Ferrothorn
|-heal|p2a: Ferrothorn|83/100|[silent]
|upkeep
|turn|21
|
|t:|1659750117
|switch|p2a: Dialga|Dialga|100/100
|-ability|p2a: Dialga|Pressure
|move|p1a: Corviknight|Body Press|p2a: Dialga
|-supereffective|p2a: Dialga
|-damage|p2a: Dialga|63/100
|
|-damage|p1a: Corviknight|75/100|[from] Leech Seed|[of] p2a: Dialga
|-heal|p2a: Dialga|75/100|[silent]
|upkeep
|turn|22
|
|t:|1659750126
|switch|p1a: Metagross|Metagross|100/100 par
|move|p2a: Dialga|Dragon Pulse|p1a: Metagross
|-resisted|p1a: Metagross
|-damage|p1a: Metagross|72/100 par
|
|upkeep
|turn|23
|
|t:|1659750132
|move|p2a: Dialga|Earth Power|p1a: Metagross
|-supereffective|p1a: Metagross
|-damage|p1a: Metagross|0 fnt
|faint|p1a: Metagross
|
|upkeep
|
|t:|1659750137
|switch|p1a: Lunala|Lunala|100/100
|turn|24
|
|t:|1659750143
|switch|p2a: Ferrothorn|Ferrothorn, M|83/100
|move|p1a: Lunala|Thunder Wave|p2a: Ferrothorn
|-status|p2a: Ferrothorn|par
|
|upkeep
|turn|25
|
|t:|1659750150
|move|p1a: Lunala|Hidden Power|p2a: Ferrothorn
|-supereffective|p2a: Ferrothorn
|-damage|p2a: Ferrothorn|6/100 par
|move|p2a: Ferrothorn|Knock Off|p1a: Lunala
|-supereffective|p1a: Lunala
|-crit|p1a: Lunala
|-damage|p1a: Lunala|32/100
|-enditem|p1a: Lunala|Heavy-Duty Boots|[from] move: Knock Off|[of] p2a: Ferrothorn
|
|upkeep
|turn|26
|
|t:|1659750161
|switch|p2a: Dialga|Dialga|75/100
|-ability|p2a: Dialga|Pressure
|move|p1a: Lunala|Roost|p1a: Lunala
|-heal|p1a: Lunala|82/100
|-singleturn|p1a: Lunala|move: Roost
|
|upkeep
|turn|27
|
|t:|1659750175
|switch|p1a: Tapu Fini|Tapu Fini|64/100
|-fieldstart|move: Misty Terrain|[from] ability: Misty Surge|[of] p1a: Tapu Fini
|move|p2a: Dialga|Dragon Pulse|p1a: Tapu Fini
|-immune|p1a: Tapu Fini
|
|upkeep
|turn|28
|
|t:|1659750183
|move|p2a: Dialga|Thunder|p1a: Tapu Fini
|-supereffective|p1a: Tapu Fini
|-damage|p1a: Tapu Fini|9/100
|move|p1a: Tapu Fini|Moonblast|p2a: Dialga
|-damage|p2a: Dialga|58/100
|
|upkeep
|turn|29
|
|t:|1659750186
|switch|p1a: Gastrodon|Gastrodon, F|100/100
|move|p2a: Dialga|Earth Power|p1a: Gastrodon
|-damage|p1a: Gastrodon|63/100
|
|upkeep
|turn|30
|
|t:|1659750189
|move|p2a: Dialga|Hidden Power|p1a: Gastrodon
|-supereffective|p1a: Gastrodon
|-enditem|p1a: Gastrodon|Rindo Berry|[eat]
|-enditem|p1a: Gastrodon|Rindo Berry|[weaken]
|-damage|p1a: Gastrodon|13/100
|move|p1a: Gastrodon|Recover|p1a: Gastrodon
|-heal|p1a: Gastrodon|63/100
|
|upkeep
|turn|31
|
|t:|1659750207
|switch|p1a: Gyarados|Gyarados, M|100/100
|-ability|p1a: Gyarados|Intimidate|boost
|-unboost|p2a: Dialga|atk|1
|move|p2a: Dialga|Hidden Power|p1a: Gyarados
|-damage|p1a: Gyarados|74/100
|
|-fieldend|Misty Terrain
|upkeep
|turn|32
|
|t:|1659750213
|detailschange|p1a: Gyarados|Gyarados-Mega, M
|-mega|p1a: Gyarados|Gyarados|Gyaradosite
|-ability|p1a: Gyarados|Mold Breaker
|move|p1a: Gyarados|Earthquake|p2a: Dialga
|-supereffective|p2a: Dialga
|-crit|p2a: Dialga
|-damage|p2a: Dialga|0 fnt
|faint|p2a: Dialga
|
|upkeep
|
|t:|1659750221
|switch|p2a: Mawile|Mawile, M|100/100
|-ability|p2a: Mawile|Intimidate|boost
|-unboost|p1a: Gyarados|atk|1
|turn|33
|
|t:|1659750235
|switch|p1a: Corviknight|Corviknight, M|75/100
|-ability|p1a: Corviknight|Pressure
|move|p2a: Mawile|Knock Off|p1a: Corviknight
|-damage|p1a: Corviknight|65/100
|
|upkeep
|turn|34
|
|t:|1659750248
|switch|p2a: Dragonite|Dragonite, F|69/100 par
|move|p1a: Corviknight|Roost|p1a: Corviknight
|-heal|p1a: Corviknight|100/100
|-singleturn|p1a: Corviknight|move: Roost
|
|upkeep
|turn|35
|
|t:|1659750254
|switch|p1a: Tapu Fini|Tapu Fini|9/100
|-fieldstart|move: Misty Terrain|[from] ability: Misty Surge|[of] p1a: Tapu Fini
|cant|p2a: Dragonite|par
|
|upkeep
|turn|36
|
|t:|1659750262
|switch|p2a: Mawile|Mawile, M|100/100
|-ability|p2a: Mawile|Intimidate|boost
|-unboost|p1a: Tapu Fini|atk|1
|move|p1a: Tapu Fini|Moonblast|p2a: Mawile
|-resisted|p2a: Mawile
|-damage|p2a: Mawile|68/100
|-unboost|p2a: Mawile|spa|1
|
|upkeep
|turn|37
|
|t:|1659750274
|switch|p1a: Gastrodon|Gastrodon, F|63/100
|switch|p2a: Dragonite|Dragonite, F|69/100 par
|
|upkeep
|turn|38
|
|t:|1659750290
|switch|p2a: Gyarados|Gyarados-Mega, F|91/100
|-ability|p2a: Gyarados|Mold Breaker
|move|p1a: Gastrodon|Ice Beam|p2a: Gyarados
|-resisted|p2a: Gyarados
|-damage|p2a: Gyarados|82/100
|
|upkeep
|turn|39
|
|t:|1659750297
|switch|p1a: Corviknight|Corviknight, M|100/100
|-ability|p1a: Corviknight|Pressure
|move|p2a: Gyarados|Dragon Dance|p2a: Gyarados
|-boost|p2a: Gyarados|atk|1
|-boost|p2a: Gyarados|spe|1
|
|-fieldend|Misty Terrain
|upkeep
|turn|40
|
|t:|1659750313
|move|p2a: Gyarados|Waterfall|p1a: Corviknight
|-damage|p1a: Corviknight|50/100
|move|p1a: Corviknight|Iron Defense|p1a: Corviknight
|-boost|p1a: Corviknight|def|2
|
|upkeep
|turn|41
|
|t:|1659750320
|move|p2a: Gyarados|Waterfall|p1a: Corviknight
|-damage|p1a: Corviknight|25/100
|cant|p1a: Corviknight|flinch
|
|upkeep
|turn|42
|c|☆Snake of the Moon|Yh that was meant to happen at some point
|c|☆Snake of the Moon|ggwp
|inactive|Snake of the Moon has 270 seconds left.
|
|t:|1659750351
|switch|p1a: Gastrodon|Gastrodon, F|63/100
|move|p2a: Gyarados|Waterfall|p1a: Gastrodon
|-damage|p1a: Gastrodon|9/100
|
|upkeep
|turn|43
|inactive|Snake of the Moon has 270 seconds left.
|c|☆Snake of the Moon|Fuck. mold breaker
|
|t:|1659750374
|move|p2a: Gyarados|Waterfall|p1a: Gastrodon
|-damage|p1a: Gastrodon|0 fnt
|faint|p1a: Gastrodon
|
|upkeep
|
|t:|1659750380
|switch|p1a: Gyarados|Gyarados-Mega, M|74/100
|-ability|p1a: Gyarados|Mold Breaker
|turn|44
|c|☆Glaliegoesboom ❤|I forgot that mawile couldn’t mega if I use gyra
|
|t:|1659750387
|move|p2a: Gyarados|Power Whip|p1a: Gyarados
|-supereffective|p1a: Gyarados
|-damage|p1a: Gyarados|0 fnt
|faint|p1a: Gyarados
|
|upkeep
|c|☆Snake of the Moon|Lol. Happened to me to
|
|t:|1659750407
|switch|p1a: Corviknight|Corviknight, M|25/100
|-ability|p1a: Corviknight|Pressure
|turn|45
|
|t:|1659750413
|move|p2a: Gyarados|Waterfall|p1a: Corviknight
|-damage|p1a: Corviknight|0 fnt
|faint|p1a: Corviknight
|
|upkeep
|c|☆Glaliegoesboom ❤|Gg
|
|t:|1659750417
|switch|p1a: Lunala|Lunala|82/100
|turn|46
|
|t:|1659750419
|move|p2a: Gyarados|Crunch|p1a: Lunala
|-supereffective|p1a: Lunala
|-damage|p1a: Lunala|0 fnt
|faint|p1a: Lunala
|
|upkeep
|
|t:|1659750422
|switch|p1a: Tapu Fini|Tapu Fini|9/100
|-fieldstart|move: Misty Terrain|[from] ability: Misty Surge|[of] p1a: Tapu Fini
|turn|47
|c|☆Snake of the Moon|Ggs
|inactive|Snake of the Moon has 270 seconds left.
|c|☆Snake of the Moon|Ill remove water on my Gyarados since half ur team resists it
|inactive|Snake of the Moon has 240 seconds left.
|
|t:|1659750473
|-start|p1a: Tapu Fini|Dynamax|
|-heal|p1a: Tapu Fini|9/100|[silent]
|move|p2a: Gyarados|Waterfall|p1a: Tapu Fini
|-resisted|p1a: Tapu Fini
|-damage|p1a: Tapu Fini|0 fnt
|faint|p1a: Tapu Fini
|
|win|Glaliegoesboom ❤
