|j|☆Apprenti Buck
|j|☆MRH1106
|t:|1664755878
|gametype|singles
|player|p1|Apprenti Buck|265|1853
|player|p2|MRH1106|red|2053
|teamsize|p1|6
|teamsize|p2|6
|gen|8
|tier|[Gen 8] National Dex AG
|rated|
|rule|HP Percentage Mod: HP is shown in percentages
|rule|Endless Battle Clause: Forcing endless battles is banned
|clearpoke
|poke|p1|Groudon|
|poke|p1|Rayquaza|
|poke|p1|Calyrex-Shadow|
|poke|p1|Arceus-*|
|poke|p1|Yveltal|
|poke|p1|Marshadow|
|poke|p2|Zacian-*|
|poke|p2|Calyrex-Shadow|
|poke|p2|Rayquaza|
|poke|p2|Ditto|
|poke|p2|Yveltal|
|poke|p2|Arceus-*|
|teampreview
|inactive|Battle timer is ON: inactive players will automatically lose when time's up. (requested by MRH1106)
|inactive|Apprenti Buck also wants the timer to be on.
|c|☆MRH1106|BUCK
|c|☆MRH1106|IM 1 WIN AWAY FROM #1 ON LADDER
|c|☆MRH1106|BE COOL
|c|☆Apprenti Buck|If i ff then trust mr
|inactive|MRH1106 has 120 seconds left.
|c|☆Apprenti Buck|me
|c|☆Apprenti Buck|it doesnt count
|c|☆Apprenti Buck|at all
|c|☆Apprenti Buck|Just hurry please
|inactive|MRH1106 has 90 seconds left.
|c|☆MRH1106|ight
|inactive|MRH1106 has 60 seconds left.
|
|t:|1664755994
|start
|switch|p1a: Ziz|Rayquaza, shiny|100/100
|switch|p2a: Legit god|Arceus-Ground|100/100
|-ability|p1a: Ziz|Air Lock
|turn|1
|
|t:|1664755999
|detailschange|p1a: Ziz|Rayquaza-Mega, shiny
|-mega|p1a: Ziz|Rayquaza|
|-weather|DeltaStream|[from] ability: Delta Stream|[of] p1a: Ziz
|move|p2a: Legit god|Ice Beam|p1a: Ziz
|-activate||deltastream
|-supereffective|p1a: Ziz
|-damage|p1a: Ziz|57/100
|move|p1a: Ziz|Dragon Dance|p1a: Ziz
|-boost|p1a: Ziz|atk|1
|-boost|p1a: Ziz|spe|1
|
|-weather|DeltaStream|[upkeep]
|upkeep
|turn|2
|
|t:|1664756002
|move|p1a: Ziz|Dragon Ascent|p2a: Legit god
|-damage|p2a: Legit god|0 fnt
|-unboost|p1a: Ziz|def|1
|-unboost|p1a: Ziz|spd|1
|faint|p2a: Legit god
|-damage|p1a: Ziz|47/100|[from] item: Life Orb
|
|-weather|DeltaStream|[upkeep]
|upkeep
|
|t:|1664756006
|switch|p2a: Fuck you <3|Ditto, shiny|100/100
|-transform|p2a: Fuck you <3|p1a: Ziz|[from] ability: Imposter
|turn|3
|
|t:|1664756008
|move|p2a: Fuck you <3|Extreme Speed|p1a: Ziz
|-damage|p1a: Ziz|0 fnt
|faint|p1a: Ziz
|
|-weather|DeltaStream|[upkeep]
|upkeep
|
|t:|1664756011
|switch|p1a: Behemoth|Groudon, shiny|100/100
|detailschange|p1a: Behemoth|Groudon-Primal, shiny
|-primal|p1a: Behemoth
|-weather|DesolateLand|[from] ability: Desolate Land|[of] p1a: Behemoth
|turn|4
|
|t:|1664756016
|switch|p2a: YeeHaw~|Calyrex-Shadow|100/100
|-ability|p2a: YeeHaw~|As One
|-ability|p2a: YeeHaw~|Unnerve
|move|p1a: Behemoth|Stealth Rock|p2a: YeeHaw~
|-sidestart|p2: MRH1106|move: Stealth Rock
|
|-weather|DesolateLand|[upkeep]
|upkeep
|turn|5
|
|t:|1664756019
|move|p2a: YeeHaw~|Astral Barrage|p1a: Behemoth
|-damage|p1a: Behemoth|25/100
|move|p1a: Behemoth|Rock Tomb|p2a: YeeHaw~
|-damage|p2a: YeeHaw~|70/100
|-unboost|p2a: YeeHaw~|spe|1
|
|-weather|DesolateLand|[upkeep]
|upkeep
|turn|6
|
|t:|1664756023
|move|p1a: Behemoth|Precipice Blades|p2a: YeeHaw~
|-damage|p2a: YeeHaw~|0 fnt
|faint|p2a: YeeHaw~
|
|-weather|DesolateLand|[upkeep]
|upkeep
|
|t:|1664756037
|switch|p2a: Knifepuppy|Zacian-Crowned|100/100
|-damage|p2a: Knifepuppy|94/100|[from] Stealth Rock
|-ability|p2a: Knifepuppy|Intrepid Sword|boost
|-boost|p2a: Knifepuppy|atk|1
|turn|7
|
|t:|1664756041
|move|p2a: Knifepuppy|Crunch|p1a: Behemoth
|-damage|p1a: Behemoth|0 fnt
|faint|p1a: Behemoth
|-weather|none
|
|upkeep
|
|t:|1664756044
|switch|p1a: Dawn|Calyrex-Shadow|100/100
|-ability|p1a: Dawn|As One
|-ability|p1a: Dawn|Unnerve
|turn|8
|
|t:|1664756048
|switch|p2a: Hells dragon|Yveltal, shiny|100/100
|-damage|p2a: Hells dragon|76/100|[from] Stealth Rock
|-ability|p2a: Hells dragon|Dark Aura
|-zpower|p1a: Dawn
|move|p1a: Dawn|Never-Ending Nightmare|p2a: Hells dragon|[zeffect]
|-resisted|p2a: Hells dragon
|-damage|p2a: Hells dragon|27/100
|
|upkeep
|turn|9
|
|t:|1664756055
|move|p2a: Hells dragon|Sucker Punch|p1a: Dawn
|-supereffective|p1a: Dawn
|-damage|p1a: Dawn|0 fnt
|faint|p1a: Dawn
|-damage|p2a: Hells dragon|17/100|[from] item: Life Orb
|
|upkeep
|
|t:|1664756061
|switch|p1a: Twilight|Yveltal|100/100
|-ability|p1a: Twilight|Dark Aura
|turn|10
|
|t:|1664756064
|-start|p1a: Twilight|Dynamax|
|-heal|p1a: Twilight|100/100|[silent]
|move|p2a: Hells dragon|Oblivion Wing|p1a: Twilight
|-damage|p1a: Twilight|77/100
|-heal|p2a: Hells dragon|52/100|[from] drain|[of] p1a: Twilight
|-damage|p2a: Hells dragon|42/100|[from] item: Life Orb
|move|p1a: Twilight|Max Airstream|p2a: Hells dragon
|-damage|p2a: Hells dragon|0 fnt
|-boost|p1a: Twilight|spe|1
|faint|p2a: Hells dragon
|-damage|p1a: Twilight|72/100|[from] item: Life Orb
|
|upkeep
|
|t:|1664756069
|switch|p2a: Fuck you <3|Ditto, shiny|100/100
|-damage|p2a: Fuck you <3|88/100|[from] Stealth Rock
|-transform|p2a: Fuck you <3|p1a: Twilight|[from] ability: Imposter
|-ability|p2a: Fuck you <3|Dark Aura
|turn|11
|j| ddddddabai
|
|t:|1664756076
|-start|p2a: Fuck you <3|Dynamax|
|-heal|p2a: Fuck you <3|88/100|[silent]
|move|p2a: Fuck you <3|Max Guard|p2a: Fuck you <3
|-singleturn|p2a: Fuck you <3|Max Guard
|move|p1a: Twilight|Max Airstream|p2a: Fuck you <3
|-activate|p2a: Fuck you <3|move: Max Guard
|
|upkeep
|turn|12
|
|t:|1664756080
|move|p2a: Fuck you <3|Max Darkness|p1a: Twilight
|-resisted|p1a: Twilight
|-damage|p1a: Twilight|51/100
|-unboost|p1a: Twilight|spd|1
|move|p1a: Twilight|Max Airstream|p2a: Fuck you <3
|-damage|p2a: Fuck you <3|30/100
|-boost|p1a: Twilight|spe|1
|-damage|p1a: Twilight|46/100|[from] item: Life Orb
|
|upkeep
|-end|p1a: Twilight|Dynamax
|-heal|p1a: Twilight|46/100|[silent]
|turn|13
|
|t:|1664756084
|move|p1a: Twilight|Oblivion Wing|p2a: Fuck you <3
|-damage|p2a: Fuck you <3|0 fnt
|-heal|p1a: Twilight|80/100|[from] drain|[of] p2a: Fuck you <3
|faint|p2a: Fuck you <3
|-damage|p1a: Twilight|70/100|[from] item: Life Orb
|
|upkeep
|c|☆MRH1106|HUH
|
|t:|1664756092
|switch|p2a: Knifepuppy|Zacian-Crowned|94/100
|-damage|p2a: Knifepuppy|88/100|[from] Stealth Rock
|-ability|p2a: Knifepuppy|Intrepid Sword|boost
|-boost|p2a: Knifepuppy|atk|1
|turn|14
|
|t:|1664756093
|move|p1a: Twilight|Heat Wave|p2a: Knifepuppy
|-supereffective|p2a: Knifepuppy
|-crit|p2a: Knifepuppy
|-damage|p2a: Knifepuppy|0 fnt
|faint|p2a: Knifepuppy
|-damage|p1a: Twilight|60/100|[from] item: Life Orb
|
|upkeep
|c|☆MRH1106|dam
|c|☆Apprenti Buck|LMAO 🤣
|c|☆MRH1106|this shit annoying ashell
|
|t:|1664756105
|switch|p2a: Rayyyy|Rayquaza|100/100
|-damage|p2a: Rayyyy|76/100|[from] Stealth Rock
|-ability|p2a: Rayyyy|Air Lock
|turn|15
|c|☆Apprenti Buck|sry man
|c|☆MRH1106|hear me out
|c|☆MRH1106|be cool
|c|☆MRH1106|LMAO
|c|☆Apprenti Buck|imma go offline anyway so try again
|
|t:|1664756124
|detailschange|p2a: Rayyyy|Rayquaza-Mega
|-mega|p2a: Rayyyy|Rayquaza|
|-weather|DeltaStream|[from] ability: Delta Stream|[of] p2a: Rayyyy
|move|p1a: Twilight|Dark Pulse|p2a: Rayyyy
|-crit|p2a: Rayyyy
|-damage|p2a: Rayyyy|0 fnt
|faint|p2a: Rayyyy
|-weather|none
|-damage|p1a: Twilight|50/100|[from] item: Life Orb
|
|win|Apprenti Buck
|raw|Apprenti Buck's rating: 1853 &rarr; <strong>1883</strong><br />(+30 for winning)
|raw|MRH1106's rating: 2053 &rarr; <strong>2023</strong><br />(-30 for losing)
|l| ddddddabai
|c|☆MRH1106|BRUH
|c|☆MRH1106|AND THE CRIT
|c|☆Apprenti Buck|Cmon
|c|☆Apprenti Buck|didnt matter
|c|☆Apprenti Buck|i got like 2 revenge killers
