|j|☆vi3beswithchanell1
|j|☆NOAH MK2
|t:|1653761883
|gametype|singles
|player|p1|vi3beswithchanell1|allister|1710
|player|p2|NOAH MK2|102|1728
|teamsize|p1|6
|teamsize|p2|6
|gen|8
|tier|[Gen 8] National Dex AG
|rated|
|rule|HP Percentage Mod: HP is shown in percentages
|rule|Endless Battle Clause: Forcing endless battles is banned
|clearpoke
|poke|p1|Calyrex-Shadow|
|poke|p1|Arceus-*|
|poke|p1|Necrozma-Dusk-Mane|
|poke|p1|Arceus-*|
|poke|p1|Rayquaza|
|poke|p1|Groudon|
|poke|p2|Necrozma-Dusk-Mane|
|poke|p2|Tyranitar, M|
|poke|p2|Rayquaza|
|poke|p2|Giratina-Origin|
|poke|p2|Groudon|
|poke|p2|Grimmsnarl, M|
|teampreview
|j| ds des chats
|
|t:|1653761934
|start
|switch|p1a: Rayquaza|Rayquaza|100/100
|switch|p2a: Grimmsnarl|Grimmsnarl, M|100/100
|-ability|p1a: Rayquaza|Air Lock
|turn|1
|
|t:|1653761941
|switch|p1a: Arceus|Arceus-Dark|100/100
|move|p2a: Grimmsnarl|Reflect|p2a: Grimmsnarl
|-sidestart|p2: NOAH MK2|Reflect
|
|upkeep
|turn|2
|
|t:|1653761948
|move|p2a: Grimmsnarl|Light Screen|p2a: Grimmsnarl
|-sidestart|p2: NOAH MK2|move: Light Screen
|move|p1a: Arceus|Will-O-Wisp|p2a: Grimmsnarl|[miss]
|-miss|p1a: Arceus|p2a: Grimmsnarl
|
|upkeep
|turn|3
|
|t:|1653761955
|switch|p1a: Rayquaza|Rayquaza|100/100
|-ability|p1a: Rayquaza|Air Lock
|switch|p2a: Groudon|Groudon|100/100
|detailschange|p2a: Groudon|Groudon-Primal
|-primal|p2a: Groudon
|-weather|DesolateLand|[from] ability: Desolate Land|[of] p2a: Groudon
|
|-weather|DesolateLand|[upkeep]
|upkeep
|turn|4
|
|t:|1653761964
|-weather|none
|switch|p2a: Necrozma|Necrozma-Dusk-Mane|100/100
|detailschange|p1a: Rayquaza|Rayquaza-Mega
|-mega|p1a: Rayquaza|Rayquaza|
|-weather|DeltaStream|[from] ability: Delta Stream|[of] p1a: Rayquaza
|move|p1a: Rayquaza|Dragon Ascent|p2a: Necrozma
|-resisted|p2a: Necrozma
|-crit|p2a: Necrozma
|-damage|p2a: Necrozma|51/100
|-unboost|p1a: Rayquaza|def|1
|-unboost|p1a: Rayquaza|spd|1
|-damage|p1a: Rayquaza|84/100|[from] item: Rocky Helmet|[of] p2a: Necrozma
|
|-weather|DeltaStream|[upkeep]
|upkeep
|turn|5
|
|t:|1653761977
|-weather|none
|switch|p1a: Arceus|Arceus-Dark|100/100
|move|p2a: Necrozma|Morning Sun|p2a: Necrozma
|-heal|p2a: Necrozma|100/100
|
|upkeep
|turn|6
|
|t:|1653761983
|switch|p2a: Groudon|Groudon-Primal|100/100
|-weather|DesolateLand|[from] ability: Desolate Land|[of] p2a: Groudon
|move|p1a: Arceus|Defog|p2a: Groudon
|-unboost|p2a: Groudon|evasion|1
|-sideend|p2: NOAH MK2|Reflect
|-sideend|p2: NOAH MK2|move: Light Screen
|
|-weather|DesolateLand|[upkeep]
|upkeep
|turn|7
|
|t:|1653761989
|switch|p1a: Rayquaza|Rayquaza-Mega|84/100
|-weather|DeltaStream|[from] ability: Delta Stream|[of] p1a: Rayquaza
|switch|p2a: Necrozma|Necrozma-Dusk-Mane|100/100
|
|-weather|DeltaStream|[upkeep]
|upkeep
|turn|8
|
|t:|1653761996
|move|p1a: Rayquaza|V-create|p2a: Necrozma
|-supereffective|p2a: Necrozma
|-damage|p2a: Necrozma|0 fnt
|-unboost|p1a: Rayquaza|spe|1
|-unboost|p1a: Rayquaza|def|1
|-unboost|p1a: Rayquaza|spd|1
|-damage|p1a: Rayquaza|67/100|[from] item: Rocky Helmet|[of] p2a: Necrozma
|faint|p2a: Necrozma
|
|-weather|DeltaStream|[upkeep]
|upkeep
|
|t:|1653762019
|switch|p2a: Tyranitar|Tyranitar, M|100/100
|-ability|p2a: Tyranitar|Sand Stream|[from] deltastream|[fail]
|turn|9
|
|t:|1653762025
|-activate|p1a: Rayquaza|move: Pursuit
|move|p2a: Tyranitar|Pursuit|p1a: Rayquaza|[from]Pursuit
|-damage|p1a: Rayquaza|0 fnt
|faint|p1a: Rayquaza
|-weather|none
|-hint|A Pokemon can't switch between when it runs out of HP and when it faints
|
|upkeep
|
|t:|1653762029
|switch|p1a: Arceus|Arceus-Fairy|100/100
|turn|10
|
|t:|1653762047
|switch|p2a: Groudon|Groudon-Primal|100/100
|-weather|DesolateLand|[from] ability: Desolate Land|[of] p2a: Groudon
|move|p1a: Arceus|Calm Mind|p1a: Arceus
|-boost|p1a: Arceus|spa|1
|-boost|p1a: Arceus|spd|1
|
|-weather|DesolateLand|[upkeep]
|upkeep
|turn|11
|
|t:|1653762056
|-weather|none
|switch|p2a: Grimmsnarl|Grimmsnarl, M|100/100
|move|p1a: Arceus|Earth Power|p2a: Grimmsnarl
|-damage|p2a: Grimmsnarl|67/100
|-unboost|p2a: Grimmsnarl|spd|1
|
|upkeep
|turn|12
|
|t:|1653762063
|move|p2a: Grimmsnarl|Light Screen|p2a: Grimmsnarl
|-sidestart|p2: NOAH MK2|move: Light Screen
|move|p1a: Arceus|Judgment|p2a: Grimmsnarl
|-supereffective|p2a: Grimmsnarl
|-damage|p2a: Grimmsnarl|0 fnt
|faint|p2a: Grimmsnarl
|
|upkeep
|
|t:|1653762072
|switch|p2a: Giratina|Giratina-Origin|100/100
|turn|13
|
|t:|1653762076
|move|p1a: Arceus|Judgment|p2a: Giratina
|-supereffective|p2a: Giratina
|-crit|p2a: Giratina
|-damage|p2a: Giratina|0 fnt
|faint|p2a: Giratina
|
|upkeep
|-message|NOAH MK2 forfeited.
|
|win|vi3beswithchanell1
|raw|vi3beswithchanell1's rating: 1710 &rarr; <strong>1731</strong><br />(+21 for winning)
|raw|NOAH MK2's rating: 1728 &rarr; <strong>1707</strong><br />(-21 for losing)
|l|☆NOAH MK2
