|j|☆TokiUwU
|j|☆Hikhanh123
|t:|1608051848
|player|p1|TokiUwU|caitlin|1340
|player|p2|Hikhanh123|red|1256
|teamsize|p1|6
|teamsize|p2|6
|gametype|singles
|gen|8
|tier|[Gen 8] National Dex AG
|rated|
|clearpoke
|poke|p1|Mewtwo|
|poke|p1|Urshifu-*, M|
|poke|p1|Zacian-Crowned|
|poke|p1|Dracovish|
|poke|p1|Tyranitar, M|
|poke|p1|Calyrex-Shadow|
|poke|p2|Lopunny, M|
|poke|p2|Klefki, F|
|poke|p2|Xurkitree|
|poke|p2|Kartana|
|poke|p2|Bronzong|
|poke|p2|Araquanid, M|
|rule|HP Percentage Mod: HP is shown in percentages
|rule|Endless Battle Clause: Forcing endless battles is banned
|teampreview
|inactive|Battle timer is ON: inactive players will automatically lose when time's up. (requested by TokiUwU)
|
|t:|1608051860
|start
|switch|p1a: Tyranitar|Tyranitar, M|100/100
|switch|p2a: Araquanid|Araquanid, M|100/100
|-weather|Sandstorm|[from] ability: Sand Stream|[of] p1a: Tyranitar
|turn|1
|
|t:|1608051872
|move|p1a: Tyranitar|Crunch|p2a: Araquanid
|-damage|p2a: Araquanid|73/100
|move|p2a: Araquanid|Sticky Web|p1a: Tyranitar
|-sidestart|p1: TokiUwU|move: Sticky Web
|
|-weather|Sandstorm|[upkeep]
|-damage|p2a: Araquanid|67/100|[from] Sandstorm
|upkeep
|turn|2
|
|t:|1608051880
|move|p1a: Tyranitar|Rock Slide|p2a: Araquanid
|-supereffective|p2a: Araquanid
|-crit|p2a: Araquanid
|-damage|p2a: Araquanid|0 fnt
|faint|p2a: Araquanid
|
|-weather|Sandstorm|[upkeep]
|upkeep
|
|t:|1608051886
|switch|p2a: Kartana|Kartana|100/100
|turn|3
|
|t:|1608051893
|move|p2a: Kartana|Sacred Sword|p1a: Tyranitar
|-supereffective|p1a: Tyranitar
|-damage|p1a: Tyranitar|0 fnt
|faint|p1a: Tyranitar
|-ability|p2a: Kartana|Beast Boost|boost
|-boost|p2a: Kartana|atk|1
|
|-weather|Sandstorm|[upkeep]
|upkeep
|
|t:|1608051904
|switch|p1a: Urshifu|Urshifu, M, shiny|100/100
|-activate|p1a: Urshifu|move: Sticky Web
|-unboost|p1a: Urshifu|spe|1
|turn|4
|j| Yandre
|
|t:|1608051910
|move|p2a: Kartana|Sacred Sword|p1a: Urshifu
|-supereffective|p1a: Urshifu
|-damage|p1a: Urshifu|0 fnt
|faint|p1a: Urshifu
|-ability|p2a: Kartana|Beast Boost|boost
|-boost|p2a: Kartana|atk|1
|
|-weather|Sandstorm|[upkeep]
|upkeep
|
|t:|1608051926
|switch|p1a: Zacian|Zacian-Crowned|100/100
|-activate|p1a: Zacian|move: Sticky Web
|-unboost|p1a: Zacian|spe|1
|-ability|p1a: Zacian|Intrepid Sword|boost
|-boost|p1a: Zacian|atk|1
|turn|5
|
|t:|1608051938
|move|p2a: Kartana|Sacred Sword|p1a: Zacian
|-damage|p1a: Zacian|32/100
|move|p1a: Zacian|Behemoth Blade|p2a: Kartana
|-resisted|p2a: Kartana
|-damage|p2a: Kartana|48/100
|
|-weather|none
|upkeep
|turn|6
|
|t:|1608051948
|move|p2a: Kartana|Sacred Sword|p1a: Zacian
|-damage|p1a: Zacian|0 fnt
|faint|p1a: Zacian
|-ability|p2a: Kartana|Beast Boost|boost
|-boost|p2a: Kartana|atk|1
|
|upkeep
|
|t:|1608051955
|switch|p1a: Calyrex|Calyrex-Shadow|100/100
|-ability|p1a: Calyrex|As One
|-ability|p1a: Calyrex|Unnerve|p2: Hikhanh123
|-activate|p1a: Calyrex|move: Sticky Web
|-unboost|p1a: Calyrex|spe|1
|turn|7
|
|t:|1608051967
|-start|p2a: Kartana|Dynamax
|-heal|p2a: Kartana|48/100|[silent]
|move|p2a: Kartana|Max Darkness|p1a: Calyrex
|-supereffective|p1a: Calyrex
|-damage|p1a: Calyrex|0 fnt
|faint|p1a: Calyrex
|-ability|p2a: Kartana|Beast Boost|boost
|-boost|p2a: Kartana|atk|1
|
|upkeep
|
|t:|1608051983
|switch|p1a: Mewtwo|Mewtwo|100/100
|-ability|p1a: Mewtwo|Unnerve|p2: Hikhanh123
|-activate|p1a: Mewtwo|move: Sticky Web
|-unboost|p1a: Mewtwo|spe|1
|turn|8
|l| Yandre
|
|t:|1608051990
|move|p2a: Kartana|Max Darkness|p1a: Mewtwo
|-supereffective|p1a: Mewtwo
|-damage|p1a: Mewtwo|0 fnt
|faint|p1a: Mewtwo
|-ability|p2a: Kartana|Beast Boost|boost
|-boost|p2a: Kartana|atk|1
|
|upkeep
|
|t:|1608051999
|switch|p1a: Dracovish|Dracovish|100/100
|-activate|p1a: Dracovish|move: Sticky Web
|-unboost|p1a: Dracovish|spe|1
|turn|9
|
|t:|1608052004
|-start|p1a: Dracovish|Dynamax
|-heal|p1a: Dracovish|100/100|[silent]
|move|p2a: Kartana|Max Overgrowth|p1a: Dracovish
|-damage|p1a: Dracovish|0 fnt
|-fieldstart|move: Grassy Terrain
|faint|p1a: Dracovish
|
|win|Hikhanh123
|l|☆TokiUwU
