|j|☆RafikRoflan
|j|☆alt1445645
|t:|1661490709
|gametype|singles
|player|p1|RafikRoflan|marnie-masters2|1734
|player|p2|alt1445645|265|1888
|teamsize|p1|6
|teamsize|p2|6
|gen|8
|tier|[Gen 8] National Dex AG
|rated|
|rule|HP Percentage Mod: HP is shown in percentages
|rule|Endless Battle Clause: Forcing endless battles is banned
|clearpoke
|poke|p1|Quagsire, F|
|poke|p1|Salamence, M|
|poke|p1|Ferrothorn, F|
|poke|p1|Zacian-*|
|poke|p1|Tyranitar, F|
|poke|p1|Ditto|
|poke|p2|Arceus-*|
|poke|p2|Groudon|
|poke|p2|Zacian-*|
|poke|p2|Rayquaza|
|poke|p2|Calyrex-Shadow|
|poke|p2|Yveltal|
|teampreview
|inactive|Battle timer is ON: inactive players will automatically lose when time's up. (requested by RafikRoflan)
|
|t:|1661490715
|start
|switch|p1a: Ferrothorn|Ferrothorn, F|100/100
|switch|p2a: Calyrex|Calyrex-Shadow|100/100
|-ability|p2a: Calyrex|As One
|-ability|p2a: Calyrex|Unnerve
|turn|1
|
|t:|1661490718
|switch|p1a: Tyranitar|Tyranitar, F|100/100
|-weather|Sandstorm|[from] ability: Sand Stream|[of] p1a: Tyranitar
|move|p2a: Calyrex|Substitute|p2a: Calyrex
|-start|p2a: Calyrex|Substitute
|-damage|p2a: Calyrex|76/100
|
|-weather|Sandstorm|[upkeep]
|-damage|p2a: Calyrex|69/100|[from] Sandstorm
|-heal|p2a: Calyrex|76/100|[from] item: Leftovers
|upkeep
|turn|2
|
|t:|1661490722
|move|p2a: Calyrex|Leech Seed|p1a: Tyranitar|[miss]
|-miss|p2a: Calyrex|p1a: Tyranitar
|move|p1a: Tyranitar|Stealth Rock|p2a: Calyrex
|-sidestart|p2: alt1445645|move: Stealth Rock
|
|-weather|Sandstorm|[upkeep]
|-damage|p2a: Calyrex|69/100|[from] Sandstorm
|-heal|p2a: Calyrex|76/100|[from] item: Leftovers
|upkeep
|turn|3
|
|t:|1661490725
|move|p2a: Calyrex|Leech Seed|p1a: Tyranitar
|-start|p1a: Tyranitar|move: Leech Seed
|move|p1a: Tyranitar|Pursuit|p2a: Calyrex
|-supereffective|p2a: Calyrex
|-crit|p2a: Calyrex
|-end|p2a: Calyrex|Substitute
|
|-weather|Sandstorm|[upkeep]
|-damage|p2a: Calyrex|69/100|[from] Sandstorm
|-heal|p2a: Calyrex|76/100|[from] item: Leftovers
|-damage|p1a: Tyranitar|88/100|[from] Leech Seed|[of] p2a: Calyrex
|-heal|p2a: Calyrex|90/100|[silent]
|upkeep
|turn|4
|
|t:|1661490727
|move|p2a: Calyrex|Substitute|p2a: Calyrex
|-start|p2a: Calyrex|Substitute
|-damage|p2a: Calyrex|65/100
|move|p1a: Tyranitar|Pursuit|p2a: Calyrex
|-supereffective|p2a: Calyrex
|-end|p2a: Calyrex|Substitute
|
|-weather|Sandstorm|[upkeep]
|-damage|p2a: Calyrex|59/100|[from] Sandstorm
|-heal|p2a: Calyrex|65/100|[from] item: Leftovers
|-heal|p1a: Tyranitar|94/100|[from] item: Leftovers
|-damage|p1a: Tyranitar|82/100|[from] Leech Seed|[of] p2a: Calyrex
|-heal|p2a: Calyrex|80/100|[silent]
|upkeep
|turn|5
|
|t:|1661490730
|switch|p1a: Ferrothorn|Ferrothorn, F|100/100
|move|p2a: Calyrex|Substitute|p2a: Calyrex
|-start|p2a: Calyrex|Substitute
|-damage|p2a: Calyrex|55/100
|
|-weather|none
|-heal|p2a: Calyrex|61/100|[from] item: Leftovers
|upkeep
|turn|6
|
|t:|1661490735
|move|p2a: Calyrex|Astral Barrage|p1a: Ferrothorn
|-damage|p1a: Ferrothorn|51/100
|move|p1a: Ferrothorn|Knock Off|p2a: Calyrex
|-supereffective|p2a: Calyrex
|-end|p2a: Calyrex|Substitute
|
|-heal|p2a: Calyrex|67/100|[from] item: Leftovers
|-heal|p1a: Ferrothorn|57/100|[from] item: Leftovers
|upkeep
|turn|7
|
|t:|1661490743
|switch|p2a: Zacian|Zacian-Crowned|100/100
|-damage|p2a: Zacian|94/100|[from] Stealth Rock
|-ability|p2a: Zacian|Intrepid Sword|boost
|-boost|p2a: Zacian|atk|1
|move|p1a: Ferrothorn|Leech Seed|p2a: Zacian
|-start|p2a: Zacian|move: Leech Seed
|
|-heal|p1a: Ferrothorn|63/100|[from] item: Leftovers
|-damage|p2a: Zacian|82/100|[from] Leech Seed|[of] p1a: Ferrothorn
|-heal|p1a: Ferrothorn|75/100|[silent]
|upkeep
|turn|8
|
|t:|1661490750
|switch|p2a: Calyrex|Calyrex-Shadow|67/100
|-ability|p2a: Calyrex|As One
|-ability|p2a: Calyrex|Unnerve
|-damage|p2a: Calyrex|55/100|[from] Stealth Rock
|move|p1a: Ferrothorn|Protect||[still]
|-fail|p1a: Ferrothorn
|
|-heal|p2a: Calyrex|61/100|[from] item: Leftovers
|-heal|p1a: Ferrothorn|81/100|[from] item: Leftovers
|upkeep
|turn|9
|
|t:|1661490753
|switch|p1a: Tyranitar|Tyranitar, F|82/100
|-weather|Sandstorm|[from] ability: Sand Stream|[of] p1a: Tyranitar
|move|p2a: Calyrex|Substitute|p2a: Calyrex
|-start|p2a: Calyrex|Substitute
|-damage|p2a: Calyrex|36/100
|
|-weather|Sandstorm|[upkeep]
|-damage|p2a: Calyrex|30/100|[from] Sandstorm
|-heal|p2a: Calyrex|36/100|[from] item: Leftovers
|-heal|p1a: Tyranitar|88/100|[from] item: Leftovers
|upkeep
|turn|10
|
|t:|1661490755
|switch|p1a: Ferrothorn|Ferrothorn, F|81/100
|move|p2a: Calyrex|Leech Seed|p1a: Ferrothorn
|-immune|p1a: Ferrothorn
|
|-weather|Sandstorm|[upkeep]
|-damage|p2a: Calyrex|30/100|[from] Sandstorm
|-heal|p2a: Calyrex|36/100|[from] item: Leftovers
|-heal|p1a: Ferrothorn|87/100|[from] item: Leftovers
|upkeep
|turn|11
|
|t:|1661490761
|switch|p1a: Tyranitar|Tyranitar, F|88/100
|move|p2a: Calyrex|Astral Barrage|p1a: Tyranitar
|-resisted|p1a: Tyranitar
|-damage|p1a: Tyranitar|72/100
|
|-weather|Sandstorm|[upkeep]
|-damage|p2a: Calyrex|30/100|[from] Sandstorm
|-heal|p2a: Calyrex|36/100|[from] item: Leftovers
|-heal|p1a: Tyranitar|78/100|[from] item: Leftovers
|upkeep
|turn|12
|
|t:|1661490764
|move|p2a: Calyrex|Leech Seed|p1a: Tyranitar
|-start|p1a: Tyranitar|move: Leech Seed
|move|p1a: Tyranitar|Pursuit|p2a: Calyrex
|-supereffective|p2a: Calyrex
|-end|p2a: Calyrex|Substitute
|
|-weather|Sandstorm|[upkeep]
|-damage|p2a: Calyrex|30/100|[from] Sandstorm
|-heal|p2a: Calyrex|36/100|[from] item: Leftovers
|-heal|p1a: Tyranitar|84/100|[from] item: Leftovers
|-damage|p1a: Tyranitar|72/100|[from] Leech Seed|[of] p2a: Calyrex
|-heal|p2a: Calyrex|51/100|[silent]
|upkeep
|turn|13
|
|t:|1661490768
|switch|p1a: Ferrothorn|Ferrothorn, F|87/100
|move|p2a: Calyrex|Substitute|p2a: Calyrex
|-start|p2a: Calyrex|Substitute
|-damage|p2a: Calyrex|26/100
|
|-weather|none
|-heal|p2a: Calyrex|32/100|[from] item: Leftovers
|-heal|p1a: Ferrothorn|93/100|[from] item: Leftovers
|upkeep
|turn|14
|
|t:|1661490772
|move|p2a: Calyrex|Astral Barrage|p1a: Ferrothorn
|-damage|p1a: Ferrothorn|50/100
|move|p1a: Ferrothorn|Knock Off|p2a: Calyrex
|-supereffective|p2a: Calyrex
|-end|p2a: Calyrex|Substitute
|
|-heal|p2a: Calyrex|38/100|[from] item: Leftovers
|-heal|p1a: Ferrothorn|56/100|[from] item: Leftovers
|upkeep
|turn|15
|
|t:|1661490774
|move|p2a: Calyrex|Substitute|p2a: Calyrex
|-start|p2a: Calyrex|Substitute
|-damage|p2a: Calyrex|13/100
|move|p1a: Ferrothorn|Knock Off|p2a: Calyrex
|-supereffective|p2a: Calyrex
|-end|p2a: Calyrex|Substitute
|
|-heal|p2a: Calyrex|20/100|[from] item: Leftovers
|-heal|p1a: Ferrothorn|62/100|[from] item: Leftovers
|upkeep
|turn|16
|
|t:|1661490776
|move|p2a: Calyrex|Astral Barrage|p1a: Ferrothorn
|-damage|p1a: Ferrothorn|11/100
|move|p1a: Ferrothorn|Knock Off|p2a: Calyrex
|-supereffective|p2a: Calyrex
|-damage|p2a: Calyrex|0 fnt
|-enditem|p2a: Calyrex|Leftovers|[from] move: Knock Off|[of] p1a: Ferrothorn
|faint|p2a: Calyrex
|
|-heal|p1a: Ferrothorn|17/100|[from] item: Leftovers
|upkeep
|
|t:|1661490782
|switch|p2a: Zacian|Zacian-Crowned|82/100
|-damage|p2a: Zacian|76/100|[from] Stealth Rock
|-ability|p2a: Zacian|Intrepid Sword|boost
|-boost|p2a: Zacian|atk|1
|turn|17
|
|t:|1661490785
|switch|p1a: Quagsire|Quagsire, F|100/100
|move|p2a: Zacian|Play Rough|p1a: Quagsire
|-damage|p1a: Quagsire|59/100
|-damage|p2a: Zacian|59/100|[from] item: Rocky Helmet|[of] p1a: Quagsire
|
|upkeep
|turn|18
|
|t:|1661490789
|switch|p2a: Arceus|Arceus|100/100
|-damage|p2a: Arceus|88/100|[from] Stealth Rock
|move|p1a: Quagsire|Recover|p1a: Quagsire
|-heal|p1a: Quagsire|100/100
|
|upkeep
|turn|19
|
|t:|1661490792
|switch|p1a: Ferrothorn|Ferrothorn, F|17/100
|move|p2a: Arceus|Defog|p1a: Ferrothorn
|-unboost|p1a: Ferrothorn|evasion|1
|-sideend|p2: alt1445645|Stealth Rock|[from] move: Defog|[of] p2a: Arceus
|
|-heal|p1a: Ferrothorn|24/100|[from] item: Leftovers
|upkeep
|turn|20
|
|t:|1661490796
|switch|p2a: Groudon|Groudon|100/100
|detailschange|p2a: Groudon|Groudon-Primal
|-primal|p2a: Groudon
|-weather|DesolateLand|[from] ability: Desolate Land|[of] p2a: Groudon
|move|p1a: Ferrothorn|Leech Seed|p2a: Groudon
|-start|p2a: Groudon|move: Leech Seed
|
|-weather|DesolateLand|[upkeep]
|-heal|p1a: Ferrothorn|30/100|[from] item: Leftovers
|-damage|p2a: Groudon|88/100|[from] Leech Seed|[of] p1a: Ferrothorn
|-heal|p1a: Ferrothorn|44/100|[silent]
|upkeep
|turn|21
|
|t:|1661490803
|switch|p1a: Salamence|Salamence, M|100/100
|-ability|p1a: Salamence|Intimidate|boost
|-unboost|p2a: Groudon|atk|1
|move|p2a: Groudon|Stealth Rock|p1a: Salamence
|-sidestart|p1: RafikRoflan|move: Stealth Rock
|
|-weather|DesolateLand|[upkeep]
|-damage|p2a: Groudon|76/100|[from] Leech Seed|[of] p1a: Salamence
|upkeep
|turn|22
|
|t:|1661490805
|move|p1a: Salamence|Defog|p2a: Groudon
|-unboost|p2a: Groudon|evasion|1
|-sideend|p1: RafikRoflan|Stealth Rock|[from] move: Defog|[of] p1a: Salamence
|move|p2a: Groudon|Thunder Wave|p1a: Salamence
|-status|p1a: Salamence|par
|
|-weather|DesolateLand|[upkeep]
|-damage|p2a: Groudon|63/100|[from] Leech Seed|[of] p1a: Salamence
|upkeep
|turn|23
|
|t:|1661490809
|-weather|none
|switch|p2a: Zacian|Zacian-Crowned|59/100
|-ability|p2a: Zacian|Intrepid Sword|boost
|-boost|p2a: Zacian|atk|1
|move|p1a: Salamence|Body Slam|p2a: Zacian
|-resisted|p2a: Zacian
|-damage|p2a: Zacian|47/100
|-status|p2a: Zacian|par
|
|upkeep
|turn|24
|
|t:|1661490815
|switch|p2a: Yveltal|Yveltal|100/100
|-ability|p2a: Yveltal|Dark Aura
|switch|p1a: Quagsire|Quagsire, F|100/100
|
|upkeep
|turn|25
|
|t:|1661490819
|switch|p2a: Groudon|Groudon-Primal|63/100
|-weather|DesolateLand|[from] ability: Desolate Land|[of] p2a: Groudon
|switch|p1a: Tyranitar|Tyranitar, F|72/100
|-ability|p1a: Tyranitar|Sand Stream|[from] desolateland|[fail]
|
|-weather|DesolateLand|[upkeep]
|-heal|p1a: Tyranitar|78/100|[from] item: Leftovers
|upkeep
|turn|26
|
|t:|1661490824
|switch|p1a: Salamence|Salamence, M|100/100 par
|-ability|p1a: Salamence|Intimidate|boost
|-unboost|p2a: Groudon|atk|1
|move|p2a: Groudon|Stone Edge|p1a: Salamence
|-supereffective|p1a: Salamence
|-damage|p1a: Salamence|52/100 par
|
|-weather|DesolateLand|[upkeep]
|upkeep
|turn|27
|
|t:|1661490827
|move|p2a: Groudon|Stone Edge|p1a: Salamence|[miss]
|-miss|p2a: Groudon|p1a: Salamence
|cant|p1a: Salamence|par
|
|-weather|DesolateLand|[upkeep]
|upkeep
|turn|28
|
|t:|1661490831
|move|p2a: Groudon|Stone Edge|p1a: Salamence
|-supereffective|p1a: Salamence
|-damage|p1a: Salamence|4/100 par
|cant|p1a: Salamence|par
|
|-weather|DesolateLand|[upkeep]
|upkeep
|turn|29
|
|t:|1661490842
|switch|p1a: Quagsire|Quagsire, F|100/100
|move|p2a: Groudon|Stone Edge|p1a: Quagsire
|-resisted|p1a: Quagsire
|-damage|p1a: Quagsire|88/100
|
|-weather|DesolateLand|[upkeep]
|upkeep
|turn|30
|
|t:|1661490846
|switch|p1a: Salamence|Salamence, M|4/100 par
|-ability|p1a: Salamence|Intimidate|boost
|-unboost|p2a: Groudon|atk|1
|move|p2a: Groudon|Stealth Rock|p1a: Salamence
|-sidestart|p1: RafikRoflan|move: Stealth Rock
|
|-weather|DesolateLand|[upkeep]
|upkeep
|turn|31
|
|t:|1661490849
|detailschange|p1a: Salamence|Salamence-Mega, M
|-mega|p1a: Salamence|Salamence|Salamencite
|move|p2a: Groudon|Stone Edge|p1a: Salamence
|-supereffective|p1a: Salamence
|-damage|p1a: Salamence|0 fnt
|faint|p1a: Salamence
|
|-weather|DesolateLand|[upkeep]
|upkeep
|
|t:|1661490852
|switch|p1a: Ditto|Ditto|100/100
|-damage|p1a: Ditto|88/100|[from] Stealth Rock
|-transform|p1a: Ditto|p2a: Groudon|[from] ability: Imposter
|turn|32
|
|t:|1661490864
|switch|p2a: Rayquaza|Rayquaza|100/100
|-ability|p2a: Rayquaza|Air Lock
|move|p1a: Ditto|Precipice Blades|p2a: Rayquaza
|-immune|p2a: Rayquaza
|
|-weather|DesolateLand|[upkeep]
|upkeep
|turn|33
|
|t:|1661490878
|-weather|none
|switch|p1a: Ferrothorn|Ferrothorn, F|44/100
|-damage|p1a: Ferrothorn|38/100|[from] Stealth Rock
|detailschange|p2a: Rayquaza|Rayquaza-Mega
|-mega|p2a: Rayquaza|Rayquaza|
|-weather|DeltaStream|[from] ability: Delta Stream|[of] p2a: Rayquaza
|move|p2a: Rayquaza|Dragon Ascent|p1a: Ferrothorn
|-damage|p1a: Ferrothorn|0 fnt
|-unboost|p2a: Rayquaza|def|1
|-unboost|p2a: Rayquaza|spd|1
|-damage|p2a: Rayquaza|88/100|[from] ability: Iron Barbs|[of] p1a: Ferrothorn
|faint|p1a: Ferrothorn
|
|-weather|DeltaStream|[upkeep]
|upkeep
|
|t:|1661490881
|switch|p1a: Zacian|Zacian-Crowned|100/100
|-damage|p1a: Zacian|94/100|[from] Stealth Rock
|-ability|p1a: Zacian|Intrepid Sword|boost
|-boost|p1a: Zacian|atk|1
|turn|34
|
|t:|1661490884
|move|p1a: Zacian|Substitute|p1a: Zacian
|-start|p1a: Zacian|Substitute
|-damage|p1a: Zacian|69/100
|move|p2a: Rayquaza|Earthquake|p1a: Zacian
|-supereffective|p1a: Zacian
|-end|p1a: Zacian|Substitute
|
|-weather|DeltaStream|[upkeep]
|upkeep
|turn|35
|
|t:|1661490887
|move|p1a: Zacian|Play Rough|p2a: Rayquaza
|-supereffective|p2a: Rayquaza
|-damage|p2a: Rayquaza|0 fnt
|faint|p2a: Rayquaza
|-weather|none
|
|upkeep
|
|t:|1661490889
|switch|p2a: Groudon|Groudon-Primal|63/100
|-weather|DesolateLand|[from] ability: Desolate Land|[of] p2a: Groudon
|turn|36
|
|t:|1661490891
|switch|p1a: Quagsire|Quagsire, F|88/100
|-damage|p1a: Quagsire|82/100|[from] Stealth Rock
|move|p2a: Groudon|Precipice Blades|p1a: Quagsire
|-damage|p1a: Quagsire|32/100
|
|-weather|DesolateLand|[upkeep]
|upkeep
|turn|37
|
|t:|1661490895
|move|p2a: Groudon|Precipice Blades|p1a: Quagsire
|-damage|p1a: Quagsire|0 fnt
|faint|p1a: Quagsire
|
|-weather|DesolateLand|[upkeep]
|upkeep
|
|t:|1661490897
|switch|p1a: Ditto|Ditto|88/100
|-damage|p1a: Ditto|76/100|[from] Stealth Rock
|-transform|p1a: Ditto|p2a: Groudon|[from] ability: Imposter
|turn|38
|
|t:|1661490904
|switch|p2a: Yveltal|Yveltal|100/100
|-ability|p2a: Yveltal|Dark Aura
|move|p1a: Ditto|Stone Edge|p2a: Yveltal
|-supereffective|p2a: Yveltal
|-damage|p2a: Yveltal|20/100
|
|-weather|DesolateLand|[upkeep]
|upkeep
|turn|39
|
|t:|1661490907
|move|p2a: Yveltal|Sucker Punch|p1a: Ditto
|-damage|p1a: Ditto|44/100
|-damage|p2a: Yveltal|10/100|[from] item: Life Orb
|move|p1a: Ditto|Stone Edge|p2a: Yveltal
|-supereffective|p2a: Yveltal
|-crit|p2a: Yveltal
|-damage|p2a: Yveltal|0 fnt
|faint|p2a: Yveltal
|
|-weather|DesolateLand|[upkeep]
|upkeep
|
|t:|1661490914
|switch|p2a: Zacian|Zacian-Crowned|47/100 par
|-ability|p2a: Zacian|Intrepid Sword|boost
|-boost|p2a: Zacian|atk|1
|turn|40
|
|t:|1661490917
|-weather|none
|switch|p1a: Tyranitar|Tyranitar, F|78/100
|-damage|p1a: Tyranitar|66/100|[from] Stealth Rock
|-weather|Sandstorm|[from] ability: Sand Stream|[of] p1a: Tyranitar
|move|p2a: Zacian|Close Combat|p1a: Tyranitar
|-supereffective|p1a: Tyranitar
|-damage|p1a: Tyranitar|0 fnt
|-unboost|p2a: Zacian|def|1
|-unboost|p2a: Zacian|spd|1
|faint|p1a: Tyranitar
|
|-weather|Sandstorm|[upkeep]
|upkeep
|
|t:|1661490919
|switch|p1a: Ditto|Ditto|44/100
|-damage|p1a: Ditto|32/100|[from] Stealth Rock
|-transform|p1a: Ditto|p2a: Zacian|[from] ability: Imposter
|-ability|p1a: Ditto|Intrepid Sword|boost
|-boost|p1a: Ditto|atk|1
|turn|41
|
|t:|1661490922
|move|p1a: Ditto|Close Combat|p2a: Zacian
|-damage|p2a: Zacian|0 fnt
|-unboost|p1a: Ditto|def|1
|-unboost|p1a: Ditto|spd|1
|faint|p2a: Zacian
|
|-weather|Sandstorm|[upkeep]
|upkeep
|
|t:|1661490924
|switch|p2a: Arceus|Arceus|88/100
|turn|42
|
|t:|1661490940
|switch|p1a: Zacian|Zacian-Crowned|69/100
|-damage|p1a: Zacian|63/100|[from] Stealth Rock
|-ability|p1a: Zacian|Intrepid Sword|boost
|-boost|p1a: Zacian|atk|1
|move|p2a: Arceus|Swords Dance|p2a: Arceus
|-boost|p2a: Arceus|atk|2
|
|-weather|Sandstorm|[upkeep]
|-damage|p2a: Arceus|82/100|[from] Sandstorm
|upkeep
|turn|43
|
|t:|1661490944
|-start|p2a: Arceus|Dynamax|
|-heal|p2a: Arceus|82/100|[silent]
|move|p1a: Zacian|Close Combat|p2a: Arceus
|-supereffective|p2a: Arceus
|-enditem|p2a: Arceus|Chople Berry|[eat]
|-enditem|p2a: Arceus|Chople Berry|[weaken]
|-damage|p2a: Arceus|57/100
|-unboost|p1a: Zacian|def|1
|-unboost|p1a: Zacian|spd|1
|move|p2a: Arceus|Max Phantasm|p1a: Zacian
|-damage|p1a: Zacian|0 fnt
|faint|p1a: Zacian
|
|-weather|Sandstorm|[upkeep]
|-damage|p2a: Arceus|54/100|[from] Sandstorm
|upkeep
|
|t:|1661490946
|switch|p1a: Ditto|Ditto|32/100
|-damage|p1a: Ditto|19/100|[from] Stealth Rock
|-transform|p1a: Ditto|p2a: Arceus|[from] ability: Imposter
|turn|44
|
|t:|1661490951
|-start|p1a: Ditto|Dynamax|
|-heal|p1a: Ditto|19/100|[silent]
|move|p1a: Ditto|Max Guard|p1a: Ditto
|-singleturn|p1a: Ditto|Max Guard
|move|p2a: Arceus|Max Strike|p1a: Ditto
|-activate|p1a: Ditto|move: Max Guard
|
|-weather|none
|upkeep
|turn|45
|
|t:|1661490957
|move|p2a: Arceus|Max Guard|p2a: Arceus
|-singleturn|p2a: Arceus|Max Guard
|move|p1a: Ditto|Max Strike|p2a: Arceus
|-activate|p2a: Arceus|move: Max Guard
|
|upkeep
|-end|p2a: Arceus|Dynamax
|-heal|p2a: Arceus|54/100|[silent]
|turn|46
|
|t:|1661490960
|move|p1a: Ditto|Max Guard|p1a: Ditto
|-singleturn|p1a: Ditto|Max Guard
|move|p2a: Arceus|Extreme Speed|p1a: Ditto
|-activate|p1a: Ditto|move: Max Guard
|
|upkeep
|-end|p1a: Ditto|Dynamax
|-heal|p1a: Ditto|19/100|[silent]
|turn|47
|
|t:|1661490967
|move|p1a: Ditto|Extreme Speed|p2a: Arceus
|-damage|p2a: Arceus|0 fnt
|faint|p2a: Arceus
|
|upkeep
|
|t:|1661490968
|switch|p2a: Groudon|Groudon-Primal|63/100
|-weather|DesolateLand|[from] ability: Desolate Land|[of] p2a: Groudon
|turn|48
|
|t:|1661490971
|move|p1a: Ditto|Extreme Speed|p2a: Groudon
|-damage|p2a: Groudon|25/100
|move|p2a: Groudon|Precipice Blades|p1a: Ditto|[miss]
|-miss|p2a: Groudon|p1a: Ditto
|
|-weather|DesolateLand|[upkeep]
|upkeep
|turn|49
|c|☆alt1445645|you dont deserve it
|
|t:|1661490985
|move|p1a: Ditto|Extreme Speed|p2a: Groudon
|-damage|p2a: Groudon|0 fnt
|faint|p2a: Groudon
|-weather|none
|
|win|RafikRoflan
|raw|RafikRoflan's rating: 1734 &rarr; <strong>1762</strong><br />(+28 for winning)
|raw|alt1445645's rating: 1888 &rarr; <strong>1860</strong><br />(-28 for losing)
