|j|☆Tmurda
|j|☆moyv123
|t:|1667547139
|gametype|singles
|player|p1|Tmurda|swimmerf|1496
|player|p2|moyv123|102|1617
|teamsize|p1|6
|teamsize|p2|6
|gen|8
|tier|[Gen 8] National Dex AG
|rated|
|rule|HP Percentage Mod: HP is shown in percentages
|rule|Endless Battle Clause: Forcing endless battles is banned
|clearpoke
|poke|p1|Groudon|
|poke|p1|Calyrex-Shadow|
|poke|p1|Xerneas-*|
|poke|p1|Blissey, F|
|poke|p1|Incineroar, M|
|poke|p1|Slurpuff, M|
|poke|p2|Zacian-*|
|poke|p2|Kyogre|
|poke|p2|Rayquaza|
|poke|p2|Marshadow|
|poke|p2|Ditto|
|poke|p2|Arceus-*|
|teampreview
|inactive|Battle timer is ON: inactive players will automatically lose when time's up. (requested by Tmurda)
|inactive|moyv123 has 120 seconds left.
|
|t:|1667547183
|start
|switch|p1a: Blissey|Blissey, F, shiny|100/100
|switch|p2a: Zacian|Zacian-Crowned|100/100
|-ability|p2a: Zacian|Intrepid Sword|boost
|-boost|p2a: Zacian|atk|1
|turn|1
|
|t:|1667547194
|move|p2a: Zacian|Substitute|p2a: Zacian
|-start|p2a: Zacian|Substitute
|-damage|p2a: Zacian|76/100
|move|p1a: Blissey|Stealth Rock|p2a: Zacian
|-sidestart|p2: moyv123|move: Stealth Rock
|
|upkeep
|turn|2
|
|t:|1667547202
|move|p2a: Zacian|Close Combat|p1a: Blissey
|-supereffective|p1a: Blissey
|-damage|p1a: Blissey|0 fnt
|-unboost|p2a: Zacian|def|1
|-unboost|p2a: Zacian|spd|1
|faint|p1a: Blissey
|
|upkeep
|
|t:|1667547210
|switch|p1a: Incineroar|Incineroar, M, shiny|100/100
|-ability|p1a: Incineroar|Intimidate|boost
|-immune|p2a: Zacian
|turn|3
|
|t:|1667547214
|move|p2a: Zacian|Close Combat|p1a: Incineroar
|-supereffective|p1a: Incineroar
|-damage|p1a: Incineroar|0 fnt
|-unboost|p2a: Zacian|def|1
|-unboost|p2a: Zacian|spd|1
|faint|p1a: Incineroar
|
|upkeep
|
|t:|1667547224
|switch|p1a: Calyrex|Calyrex-Shadow|100/100
|-ability|p1a: Calyrex|As One
|-ability|p1a: Calyrex|Unnerve
|turn|4
|
|t:|1667547234
|move|p1a: Calyrex|Astral Barrage|p2a: Zacian
|-end|p2a: Zacian|Substitute
|move|p2a: Zacian|Behemoth Blade|p1a: Calyrex
|-crit|p1a: Calyrex
|-damage|p1a: Calyrex|0 fnt
|faint|p1a: Calyrex
|
|upkeep
|
|t:|1667547236
|switch|p1a: Slurpuff|Slurpuff, M, shiny|100/100
|turn|5
|
|t:|1667547245
|move|p2a: Zacian|Behemoth Blade|p1a: Slurpuff
|-supereffective|p1a: Slurpuff
|-enditem|p1a: Slurpuff|Focus Sash
|-damage|p1a: Slurpuff|1/100
|move|p1a: Slurpuff|Yawn|p2a: Zacian
|-start|p2a: Zacian|move: Yawn|[of] p1a: Slurpuff
|
|upkeep
|turn|6
|
|t:|1667547256
|move|p2a: Zacian|Behemoth Blade|p1a: Slurpuff
|-supereffective|p1a: Slurpuff
|-damage|p1a: Slurpuff|0 fnt
|faint|p1a: Slurpuff
|
|-end|p2a: Zacian|move: Yawn|[silent]
|-status|p2a: Zacian|slp
|upkeep
|
|t:|1667547260
|switch|p1a: Groudon|Groudon|100/100
|-weather|SunnyDay|[from] ability: Drought|[of] p1a: Groudon
|turn|7
|
|t:|1667547268
|switch|p2a: Kyogre|Kyogre|100/100
|-damage|p2a: Kyogre|88/100|[from] Stealth Rock
|detailschange|p2a: Kyogre|Kyogre-Primal
|-primal|p2a: Kyogre
|-weather|PrimordialSea|[from] ability: Primordial Sea|[of] p2a: Kyogre
|move|p1a: Groudon|Swords Dance|p1a: Groudon
|-boost|p1a: Groudon|atk|2
|
|-weather|PrimordialSea|[upkeep]
|upkeep
|turn|8
|
|t:|1667547282
|move|p2a: Kyogre|Scald|p1a: Groudon
|-supereffective|p1a: Groudon
|-damage|p1a: Groudon|0 fnt
|faint|p1a: Groudon
|
|-weather|PrimordialSea|[upkeep]
|upkeep
|
|t:|1667547286
|switch|p1a: Xerneas|Xerneas, shiny|100/100
|-ability|p1a: Xerneas|Fairy Aura
|turn|9
|
|t:|1667547291
|move|p2a: Kyogre|Water Spout|p1a: Xerneas
|-damage|p1a: Xerneas|7/100
|move|p1a: Xerneas|Geomancy||[still]
|-prepare|p1a: Xerneas|Geomancy
|-enditem|p1a: Xerneas|Power Herb
|-anim|p1a: Xerneas|Geomancy|p1a: Xerneas
|-boost|p1a: Xerneas|spa|2
|-boost|p1a: Xerneas|spd|2
|-boost|p1a: Xerneas|spe|2
|
|-weather|PrimordialSea|[upkeep]
|upkeep
|turn|10
|
|t:|1667547301
|move|p1a: Xerneas|Thunderbolt|p2a: Kyogre
|-supereffective|p2a: Kyogre
|-damage|p2a: Kyogre|11/100
|move|p2a: Kyogre|Scald|p1a: Xerneas
|-damage|p1a: Xerneas|0 fnt
|faint|p1a: Xerneas
|
|win|moyv123
|raw|Tmurda's rating: 1496 &rarr; <strong>1483</strong><br />(-13 for losing)
|raw|moyv123's rating: 1617 &rarr; <strong>1630</strong><br />(+13 for winning)
|l|☆Tmurda
