|j|☆TaxFraud094
|j|☆High ladder bros
|inactive|Battle timer is ON: inactive players will automatically lose when time's up.
|t:|1662602988
|gametype|singles
|player|p1|TaxFraud094|skyla-masters2|
|player|p2|High ladder bros|adaman|
|teamsize|p1|6
|teamsize|p2|6
|gen|8
|tier|[Gen 8] National Dex AG
|rated|Tournament battle
|rule|HP Percentage Mod: HP is shown in percentages
|rule|Endless Battle Clause: Forcing endless battles is banned
|clearpoke
|poke|p1|Arceus-*|
|poke|p1|Groudon|
|poke|p1|Necrozma-Dusk-Mane|
|poke|p1|Yveltal|
|poke|p1|Marshadow|
|poke|p1|Rayquaza|
|poke|p2|Arceus-*|
|poke|p2|Groudon|
|poke|p2|Necrozma-Dusk-Mane|
|poke|p2|Rayquaza|
|poke|p2|Arceus-*|
|poke|p2|Arceus-*|
|teampreview
|inactive|High ladder bros also wants the timer to be on.
|inactive|TaxFraud094 also wants the timer to be on.
|c|☆TaxFraud094|glhf
|j| BrillaintStar
|c|☆High ladder bros|Likewise
|
|t:|1662603005
|start
|switch|p1a: Rayquaza|Rayquaza|100/100
|switch|p2a: Rayquaza|Rayquaza|100/100
|-ability|p2a: Rayquaza|Air Lock
|-ability|p1a: Rayquaza|Air Lock
|turn|1
|
|t:|1662603011
|detailschange|p1a: Rayquaza|Rayquaza-Mega
|-mega|p1a: Rayquaza|Rayquaza|
|-weather|DeltaStream|[from] ability: Delta Stream|[of] p1a: Rayquaza
|detailschange|p2a: Rayquaza|Rayquaza-Mega
|-mega|p2a: Rayquaza|Rayquaza|
|move|p1a: Rayquaza|Dragon Ascent|p2a: Rayquaza
|-damage|p2a: Rayquaza|0 fnt
|-unboost|p1a: Rayquaza|def|1
|-unboost|p1a: Rayquaza|spd|1
|faint|p2a: Rayquaza
|
|-weather|DeltaStream|[upkeep]
|upkeep
|
|t:|1662603016
|switch|p2a: Groudon|Groudon, shiny|100/100
|detailschange|p2a: Groudon|Groudon-Primal, shiny
|-primal|p2a: Groudon
|-weather|DesolateLand|[from] ability: Desolate Land|[of] p2a: Groudon
|turn|2
|
|t:|1662603020
|switch|p1a: Arceus|Arceus-Ground|100/100
|move|p2a: Groudon|Stealth Rock|p1a: Arceus
|-sidestart|p1: TaxFraud094|move: Stealth Rock
|
|-weather|DesolateLand|[upkeep]
|upkeep
|turn|3
|
|t:|1662603024
|move|p1a: Arceus|Calm Mind|p1a: Arceus
|-boost|p1a: Arceus|spa|1
|-boost|p1a: Arceus|spd|1
|move|p2a: Groudon|Toxic|p1a: Arceus
|-status|p1a: Arceus|tox
|
|-weather|DesolateLand|[upkeep]
|-damage|p1a: Arceus|94/100 tox|[from] psn
|upkeep
|turn|4
|
|t:|1662603026
|move|p1a: Arceus|Judgment|p2a: Groudon
|-supereffective|p2a: Groudon
|-damage|p2a: Groudon|0 fnt
|faint|p2a: Groudon
|-weather|none
|
|-damage|p1a: Arceus|82/100 tox|[from] psn
|upkeep
|
|t:|1662603029
|switch|p2a: Ole reliable|Arceus-Ground, shiny|100/100
|turn|5
|
|t:|1662603032
|move|p1a: Arceus|Ice Beam|p2a: Ole reliable
|-supereffective|p2a: Ole reliable
|-damage|p2a: Ole reliable|35/100
|move|p2a: Ole reliable|Calm Mind|p2a: Ole reliable
|-boost|p2a: Ole reliable|spa|1
|-boost|p2a: Ole reliable|spd|1
|
|-damage|p1a: Arceus|64/100 tox|[from] psn
|upkeep
|turn|6
|
|t:|1662603036
|move|p1a: Arceus|Ice Beam|p2a: Ole reliable
|-supereffective|p2a: Ole reliable
|-damage|p2a: Ole reliable|0 fnt
|faint|p2a: Ole reliable
|
|-damage|p1a: Arceus|40/100 tox|[from] psn
|upkeep
|c|☆TaxFraud094|tie?
|
|t:|1662603051
|switch|p2a: Woe|Arceus-Water, shiny|100/100
|turn|7
|j| KayKris320+1
|
|t:|1662603055
|move|p1a: Arceus|Recover|p1a: Arceus
|-heal|p1a: Arceus|90/100 tox
|move|p2a: Woe|Judgment|p1a: Arceus
|-supereffective|p1a: Arceus
|-damage|p1a: Arceus|38/100 tox
|
|-damage|p1a: Arceus|8/100 tox|[from] psn
|upkeep
|turn|8
|j| F0wl Play
|
|t:|1662603058
|move|p1a: Arceus|Judgment|p2a: Woe
|-damage|p2a: Woe|37/100
|move|p2a: Woe|Ice Beam|p1a: Arceus
|-supereffective|p1a: Arceus
|-damage|p1a: Arceus|0 fnt
|faint|p1a: Arceus
|
|upkeep
|
|t:|1662603062
|switch|p1a: Rayquaza|Rayquaza-Mega|100/100
|-damage|p1a: Rayquaza|76/100|[from] Stealth Rock
|-weather|DeltaStream|[from] ability: Delta Stream|[of] p1a: Rayquaza
|turn|9
|
|t:|1662603066
|move|p1a: Rayquaza|Earthquake|p2a: Woe
|-damage|p2a: Woe|0 fnt
|faint|p2a: Woe
|
|-weather|DeltaStream|[upkeep]
|upkeep
|
|t:|1662603069
|switch|p2a: Necrozma|Necrozma-Dusk-Mane, shiny|100/100
|turn|10
|
|t:|1662603072
|move|p1a: Rayquaza|Earthquake|p2a: Necrozma
|-supereffective|p2a: Necrozma
|-damage|p2a: Necrozma|40/100
|move|p2a: Necrozma|Dragon Dance|p2a: Necrozma
|-boost|p2a: Necrozma|atk|1
|-boost|p2a: Necrozma|spe|1
|
|-weather|DeltaStream|[upkeep]
|upkeep
|turn|11
|
|t:|1662603077
|move|p1a: Rayquaza|Earthquake|p2a: Necrozma
|-supereffective|p2a: Necrozma
|-damage|p2a: Necrozma|0 fnt
|faint|p2a: Necrozma
|
|-weather|DeltaStream|[upkeep]
|upkeep
|-message|High ladder bros forfeited.
|
|win|TaxFraud094
|n|☆TaxFraud094|taxfraud094
|n|☆High ladder bros|highladderbros
|n| BrillaintStar|brillaintstar
|n| KayKris320+1|kaykris3201
|n| F0wl Play|f0wlplay
|l|☆High ladder bros
|j| Baby Yoko
|c|☆TaxFraud094|ggwp
