|j|☆Adil
|j|☆Lone Thief
|t:|1599919473
|player|p1|Adil|266|1683
|player|p2|Lone Thief|gambler|1542
|teamsize|p1|6
|teamsize|p2|6
|gametype|singles
|gen|8
|tier|[Gen 8] National Dex AG
|rated|
|clearpoke
|poke|p1|Yveltal|
|poke|p1|Necrozma-Dusk-Mane|
|poke|p1|Zacian-Crowned|
|poke|p1|Ho-Oh|
|poke|p1|Rayquaza|
|poke|p1|Xerneas|
|poke|p2|Tyranitar, M|
|poke|p2|Rayquaza|
|poke|p2|Greninja, M|
|poke|p2|Zacian-Crowned|
|poke|p2|Groudon|
|poke|p2|Deoxys-Attack|
|rule|HP Percentage Mod: HP is shown in percentages
|rule|Endless Battle Clause: Forcing endless battles is banned
|teampreview
|inactive|Battle timer is ON: inactive players will automatically lose when time's up. (requested by Lone Thief)
|
|t:|1599919479
|start
|switch|p1a: Ho-Oh|Ho-Oh|100/100
|switch|p2a: Groudon|Groudon|100/100
|detailschange|p2a: Groudon|Groudon-Primal
|-primal|p2a: Groudon
|-weather|DesolateLand|[from] ability: Desolate Land|[of] p2a: Groudon
|turn|1
|
|t:|1599919486
|move|p2a: Groudon|Rock Slide|p1a: Ho-Oh
|-supereffective|p1a: Ho-Oh
|-damage|p1a: Ho-Oh|7/100
|cant|p1a: Ho-Oh|flinch
|
|-weather|DesolateLand|[upkeep]
|upkeep
|turn|2
|
|t:|1599919495
|switch|p1a: Necrozma|Necrozma-Dusk-Mane|100/100
|move|p2a: Groudon|Fire Punch|p1a: Necrozma
|-supereffective|p1a: Necrozma
|-damage|p1a: Necrozma|36/100
|-damage|p2a: Groudon|84/100|[from] item: Rocky Helmet|[of] p1a: Necrozma
|
|-weather|DesolateLand|[upkeep]
|upkeep
|turn|3
|
|t:|1599919501
|move|p2a: Groudon|Fire Punch|p1a: Necrozma
|-supereffective|p1a: Necrozma
|-damage|p1a: Necrozma|0 fnt
|-damage|p2a: Groudon|67/100|[from] item: Rocky Helmet|[of] p1a: Necrozma
|faint|p1a: Necrozma
|
|-weather|DesolateLand|[upkeep]
|upkeep
|
|t:|1599919504
|switch|p1a: Rayquaza|Rayquaza|100/100
|-ability|p1a: Rayquaza|Air Lock
|turn|4
|
|t:|1599919510
|-weather|none
|switch|p2a: Tyranitar|Tyranitar, M|100/100
|-weather|Sandstorm|[from] ability: Sand Stream|[of] p2a: Tyranitar
|detailschange|p1a: Rayquaza|Rayquaza-Mega
|-mega|p1a: Rayquaza|Rayquaza|
|-weather|DeltaStream|[from] ability: Delta Stream|[of] p1a: Rayquaza
|move|p1a: Rayquaza|Dragon Ascent|p2a: Tyranitar
|-resisted|p2a: Tyranitar
|-damage|p2a: Tyranitar|56/100
|-unboost|p1a: Rayquaza|def|1
|-unboost|p1a: Rayquaza|spd|1
|
|-weather|DeltaStream|[upkeep]
|-heal|p2a: Tyranitar|62/100|[from] item: Leftovers
|upkeep
|turn|5
|
|t:|1599919526
|-weather|none
|switch|p1a: Zacian|Zacian-Crowned|100/100
|-ability|p1a: Zacian|Intrepid Sword|boost
|-boost|p1a: Zacian|atk|1
|move|p2a: Tyranitar|Stealth Rock|p1a: Zacian
|-sidestart|p1: Adil|move: Stealth Rock
|
|-heal|p2a: Tyranitar|68/100|[from] item: Leftovers
|upkeep
|turn|6
|
|t:|1599919534
|move|p2a: Tyranitar|Protect|p2a: Tyranitar
|-singleturn|p2a: Tyranitar|Protect
|move|p1a: Zacian|Behemoth Blade|p2a: Tyranitar
|-activate|p2a: Tyranitar|move: Protect
|
|-heal|p2a: Tyranitar|75/100|[from] item: Leftovers
|upkeep
|turn|7
|
|t:|1599919550
|move|p1a: Zacian|Behemoth Blade|p2a: Tyranitar
|-supereffective|p2a: Tyranitar
|-damage|p2a: Tyranitar|0 fnt
|faint|p2a: Tyranitar
|
|upkeep
|
|t:|1599919554
|switch|p2a: Deoxys|Deoxys-Attack|100/100
|-ability|p2a: Deoxys|Pressure
|turn|8
|
|t:|1599919581
|-start|p2a: Deoxys|Dynamax
|-heal|p2a: Deoxys|100/100|[silent]
|move|p2a: Deoxys|Max Flare|p1a: Zacian
|-supereffective|p1a: Zacian
|-damage|p1a: Zacian|0 fnt
|-weather|SunnyDay
|faint|p1a: Zacian
|
|-weather|SunnyDay|[upkeep]
|upkeep
|inactive|Adil has 120 seconds left.
|
|t:|1599919592
|switch|p1a: Yveltal|Yveltal|100/100
|-damage|p1a: Yveltal|76/100|[from] Stealth Rock
|-ability|p1a: Yveltal|Dark Aura
|turn|9
|
|t:|1599919597
|-start|p1a: Yveltal|Dynamax
|-heal|p1a: Yveltal|76/100|[silent]
|move|p2a: Deoxys|Max Flare|p1a: Yveltal
|-damage|p1a: Yveltal|38/100
|move|p1a: Yveltal|Max Airstream|p2a: Deoxys
|-enditem|p2a: Deoxys|Focus Sash
|-damage|p2a: Deoxys|1/100
|-boost|p1a: Yveltal|spe|1
|-damage|p1a: Yveltal|33/100|[from] item: Life Orb
|
|-weather|SunnyDay|[upkeep]
|upkeep
|turn|10
|
|t:|1599919611
|move|p1a: Yveltal|Max Airstream|p2a: Deoxys
|-damage|p2a: Deoxys|0 fnt
|-boost|p1a: Yveltal|spe|1
|-damage|p1a: Yveltal|28/100|[from] item: Life Orb
|faint|p2a: Deoxys
|
|-weather|SunnyDay|[upkeep]
|upkeep
|
|t:|1599919623
|switch|p2a: Zacian|Zacian-Crowned|100/100
|-ability|p2a: Zacian|Intrepid Sword|boost
|-boost|p2a: Zacian|atk|1
|turn|11
|
|t:|1599919627
|switch|p2a: Groudon|Groudon-Primal|67/100
|-weather|DesolateLand|[from] ability: Desolate Land|[of] p2a: Groudon
|move|p1a: Yveltal|Max Flare|p2a: Groudon
|-resisted|p2a: Groudon
|-damage|p2a: Groudon|20/100
|-damage|p1a: Yveltal|23/100|[from] item: Life Orb
|
|-weather|DesolateLand|[upkeep]
|-end|p1a: Yveltal|Dynamax
|-heal|p1a: Yveltal|23/100|[silent]
|upkeep
|turn|12
|
|t:|1599919638
|move|p1a: Yveltal|Oblivion Wing|p2a: Groudon
|-damage|p2a: Groudon|0 fnt
|-heal|p1a: Yveltal|38/100|[from] drain|[of] p2a: Groudon
|-damage|p1a: Yveltal|28/100|[from] item: Life Orb
|faint|p2a: Groudon
|-weather|none
|
|upkeep
|
|t:|1599919655
|switch|p2a: Rayquaza|Rayquaza|100/100
|-ability|p2a: Rayquaza|Air Lock
|turn|13
|
|t:|1599919661
|detailschange|p2a: Rayquaza|Rayquaza-Mega
|-mega|p2a: Rayquaza|Rayquaza|
|-weather|DeltaStream|[from] ability: Delta Stream|[of] p2a: Rayquaza
|move|p2a: Rayquaza|Extreme Speed|p1a: Yveltal
|-damage|p1a: Yveltal|0 fnt
|-damage|p2a: Rayquaza|91/100|[from] item: Life Orb
|faint|p1a: Yveltal
|
|-weather|DeltaStream|[upkeep]
|upkeep
|
|t:|1599919680
|switch|p1a: Xerneas|Xerneas|100/100
|-damage|p1a: Xerneas|88/100|[from] Stealth Rock
|-ability|p1a: Xerneas|Fairy Aura
|turn|14
|
|t:|1599919686
|move|p2a: Rayquaza|Dragon Ascent|p1a: Xerneas
|-damage|p1a: Xerneas|0 fnt
|-unboost|p2a: Rayquaza|def|1
|-unboost|p2a: Rayquaza|spd|1
|-damage|p2a: Rayquaza|81/100|[from] item: Life Orb
|faint|p1a: Xerneas
|
|-weather|DeltaStream|[upkeep]
|upkeep
|
|t:|1599919688
|switch|p1a: Rayquaza|Rayquaza-Mega|100/100
|-damage|p1a: Rayquaza|76/100|[from] Stealth Rock
|turn|15
|
|t:|1599919697
|move|p2a: Rayquaza|Extreme Speed|p1a: Rayquaza
|-damage|p1a: Rayquaza|33/100
|-damage|p2a: Rayquaza|71/100|[from] item: Life Orb
|move|p1a: Rayquaza|Dragon Ascent|p2a: Rayquaza
|-damage|p2a: Rayquaza|0 fnt
|-unboost|p1a: Rayquaza|def|1
|-unboost|p1a: Rayquaza|spd|1
|faint|p2a: Rayquaza
|
|-weather|DeltaStream|[upkeep]
|upkeep
|
|t:|1599919708
|switch|p2a: Greninja|Greninja, M|100/100
|turn|16
|
|t:|1599919711
|-weather|none
|switch|p1a: Ho-Oh|Ho-Oh|40/100
|move|p2a: Greninja|Ice Beam|p1a: Ho-Oh
|-damage|p1a: Ho-Oh|20/100
|-damage|p2a: Greninja|91/100|[from] item: Life Orb
|
|upkeep
|turn|17
|
|t:|1599919719
|move|p2a: Greninja|Dark Pulse|p1a: Ho-Oh
|-damage|p1a: Ho-Oh|0 fnt
|-damage|p2a: Greninja|81/100|[from] item: Life Orb
|faint|p1a: Ho-Oh
|-activate|p2a: Greninja|ability: Battle Bond
|detailschange|p2a: Greninja|Greninja-Ash, M
|
|upkeep
|
|t:|1599919721
|switch|p1a: Rayquaza|Rayquaza-Mega|33/100
|-damage|p1a: Rayquaza|8/100|[from] Stealth Rock
|-weather|DeltaStream|[from] ability: Delta Stream|[of] p1a: Rayquaza
|turn|18
|
|t:|1599919730
|move|p2a: Greninja|Ice Beam|p1a: Rayquaza
|-activate||deltastream
|-supereffective|p1a: Rayquaza
|-damage|p1a: Rayquaza|0 fnt
|-damage|p2a: Greninja|71/100|[from] item: Life Orb
|faint|p1a: Rayquaza
|-weather|none
|
|win|Lone Thief
|l|☆Adil
