|j|☆wheelien
|j|☆Hisoka_Enoshima
|player|p1|wheelien|214|1350
|player|p2|Hisoka_Enoshima|acetrainerf|1383
|teamsize|p1|6
|teamsize|p2|6
|gametype|singles
|gen|8
|tier|[Gen 8] National Dex AG
|rated|
|clearpoke
|poke|p1|Arceus-*|
|poke|p1|Arceus-*|
|poke|p1|Arceus-*|
|poke|p1|Arceus-*|
|poke|p1|Arceus-*|
|poke|p1|Arceus-*|
|poke|p2|Arceus-*|
|poke|p2|Necrozma-Dusk-Mane|
|poke|p2|Gengar, M|
|poke|p2|Ho-Oh|
|poke|p2|Zacian-Crowned|
|poke|p2|Zygarde|
|rule|HP Percentage Mod: HP is shown in percentages
|rule|Endless Battle Clause: Forcing endless battles is banned
|teampreview
|
|start
|switch|p1a: Love|Arceus|100/100
|switch|p2a: Dio !|Arceus-Ground|100/100
|turn|1
|
|move|p1a: Love|Stealth Rock|p2a: Dio !
|-sidestart|p2: Hisoka_Enoshima|move: Stealth Rock
|move|p2a: Dio !|Stealth Rock|p1a: Love
|-sidestart|p1: wheelien|move: Stealth Rock
|
|upkeep
|turn|2
|
|move|p1a: Love|Light Screen|p1a: Love
|-sidestart|p1: wheelien|move: Light Screen
|move|p2a: Dio !|Judgment|p1a: Love
|-damage|p1a: Love|81/100
|
|upkeep
|turn|3
|
|move|p1a: Love|Reflect|p1a: Love
|-sidestart|p1: wheelien|Reflect
|move|p2a: Dio !|Ice Beam|p1a: Love
|-damage|p1a: Love|70/100
|
|upkeep
|turn|4
|
|switch|p1a: Sacrifice|Arceus|100/100
|-damage|p1a: Sacrifice|88/100|[from] Stealth Rock
|move|p2a: Dio !|Judgment|p1a: Sacrifice
|-damage|p1a: Sacrifice|66/100
|
|upkeep
|turn|5
|
|move|p2a: Dio !|Judgment|p1a: Sacrifice
|-damage|p1a: Sacrifice|43/100
|move|p1a: Sacrifice|Substitute|p1a: Sacrifice
|-start|p1a: Sacrifice|Substitute
|-damage|p1a: Sacrifice|18/100
|
|upkeep
|turn|6
|
|move|p2a: Dio !|Judgment|p1a: Sacrifice
|-activate|p1a: Sacrifice|move: Substitute|[damage]
|move|p1a: Sacrifice|Swords Dance|p1a: Sacrifice
|-boost|p1a: Sacrifice|atk|2
|
|upkeep
|turn|7
|
|move|p1a: Sacrifice|Extreme Speed|p2a: Dio !
|-damage|p2a: Dio !|39/100
|move|p2a: Dio !|Judgment|p1a: Sacrifice
|-end|p1a: Sacrifice|Substitute
|
|upkeep
|turn|8
|
|move|p1a: Sacrifice|Extreme Speed|p2a: Dio !
|-damage|p2a: Dio !|0 fnt
|faint|p2a: Dio !
|
|upkeep
|
|switch|p2a: Je vais te baiser|Zygarde|100/100
|-damage|p2a: Je vais te baiser|94/100|[from] Stealth Rock
|turn|9
|inactive|Battle timer is ON: inactive players will automatically lose when time's up. (requested by Hisoka_Enoshima)
|
|move|p1a: Sacrifice|Extreme Speed|p2a: Je vais te baiser
|-damage|p2a: Je vais te baiser|38/100
|move|p2a: Je vais te baiser|Extreme Speed|p1a: Sacrifice
|-damage|p1a: Sacrifice|11/100
|
|-heal|p2a: Je vais te baiser|45/100|[from] item: Leftovers
|-sideend|p1: wheelien|move: Light Screen
|-activate|p2a: Je vais te baiser|ability: Power Construct
|detailschange|p2a: Je vais te baiser|Zygarde-Complete
|-heal|p2a: Je vais te baiser|64/100|[silent]
|upkeep
|turn|10
|
|move|p1a: Sacrifice|Extreme Speed|p2a: Je vais te baiser
|-damage|p2a: Je vais te baiser|28/100
|move|p2a: Je vais te baiser|Extreme Speed|p1a: Sacrifice
|-damage|p1a: Sacrifice|3/100
|
|-heal|p2a: Je vais te baiser|34/100|[from] item: Leftovers
|-sideend|p1: wheelien|Reflect
|upkeep
|turn|11
|
|move|p1a: Sacrifice|Extreme Speed|p2a: Je vais te baiser
|-damage|p2a: Je vais te baiser|0 fnt
|faint|p2a: Je vais te baiser
|
|upkeep
|
|switch|p2a: Prepare ton anus|Gengar, M, shiny|100/100
|-damage|p2a: Prepare ton anus|88/100|[from] Stealth Rock
|turn|12
|
|detailschange|p2a: Prepare ton anus|Gengar-Mega, M, shiny
|-mega|p2a: Prepare ton anus|Gengar|Gengarite
|move|p2a: Prepare ton anus|Shadow Ball|p1a: Sacrifice
|-immune|p1a: Sacrifice
|move|p1a: Sacrifice|Shadow Claw|p2a: Prepare ton anus
|-supereffective|p2a: Prepare ton anus
|-damage|p2a: Prepare ton anus|0 fnt
|faint|p2a: Prepare ton anus
|
|upkeep
|
|switch|p2a: Bourin.com|Zacian-Crowned|100/100
|-damage|p2a: Bourin.com|94/100|[from] Stealth Rock
|-ability|p2a: Bourin.com|Intrepid Sword|boost
|-boost|p2a: Bourin.com|atk|1
|turn|13
|
|move|p1a: Sacrifice|Extreme Speed|p2a: Bourin.com
|-resisted|p2a: Bourin.com
|-damage|p2a: Bourin.com|55/100
|move|p2a: Bourin.com|Play Rough|p1a: Sacrifice|[miss]
|-miss|p2a: Bourin.com|p1a: Sacrifice
|
|upkeep
|turn|14
|
|move|p1a: Sacrifice|Extreme Speed|p2a: Bourin.com
|-resisted|p2a: Bourin.com
|-damage|p2a: Bourin.com|13/100
|move|p2a: Bourin.com|Behemoth Blade|p1a: Sacrifice
|-damage|p1a: Sacrifice|0 fnt
|faint|p1a: Sacrifice
|
|upkeep
|
|switch|p1a: Miracle|Arceus|100/100
|-damage|p1a: Miracle|88/100|[from] Stealth Rock
|turn|15
|
|move|p1a: Miracle|Extreme Speed|p2a: Bourin.com
|-resisted|p2a: Bourin.com
|-damage|p2a: Bourin.com|0 fnt
|faint|p2a: Bourin.com
|
|upkeep
|
|switch|p2a: Ho-Oh tu vas mouri|Ho-Oh|100/100
|-damage|p2a: Ho-Oh tu vas mouri|51/100|[from] Stealth Rock
|turn|16
|
|move|p2a: Ho-Oh tu vas mouri|Sacred Fire|p1a: Miracle
|-damage|p1a: Miracle|51/100
|-zpower|p1a: Miracle
|move|p1a: Miracle|Breakneck Blitz|p2a: Ho-Oh tu vas mouri|[zeffect]
|-damage|p2a: Ho-Oh tu vas mouri|0 fnt
|faint|p2a: Ho-Oh tu vas mouri
|
|upkeep
|
|switch|p2a: Bonsoir|Necrozma-Dusk-Mane, shiny|100/100
|-damage|p2a: Bonsoir|95/100|[from] Stealth Rock
|turn|17
|
|detailschange|p2a: Bonsoir|Necrozma-Ultra, shiny
|-burst|p2a: Bonsoir|Necrozma|Ultranecrozium Z
|move|p2a: Bonsoir|Rock Polish|p2a: Bonsoir
|-boost|p2a: Bonsoir|spe|2
|move|p1a: Miracle|Shadow Force||[still]
|-prepare|p1a: Miracle|Shadow Force|p2a: Bonsoir
|
|upkeep
|turn|18
|
|move|p2a: Bonsoir|Rock Polish|p2a: Bonsoir
|-boost|p2a: Bonsoir|spe|2
|move|p1a: Miracle|Shadow Force|p2a: Bonsoir|[from]lockedmove
|-supereffective|p2a: Bonsoir
|-damage|p2a: Bonsoir|0 fnt
|faint|p2a: Bonsoir
|
|win|wheelien
|c|☆wheelien|gg
|l|☆Hisoka_Enoshima
||Ladder (probably) updated, but score could not be retrieved (Response not received).
