|j|☆TwentyTwan
|j|☆MeaTCaT
|t:|1598896273
|player|p1|TwentyTwan|169|
|player|p2|MeaTCaT|53|
|teamsize|p1|6
|teamsize|p2|6
|gametype|singles
|gen|8
|tier|[Gen 8] National Dex AG
|clearpoke
|poke|p1|Garchomp, M|
|poke|p1|Diancie|
|poke|p1|Corviknight, F|
|poke|p1|Cinderace, M|
|poke|p1|Vaporeon, F|
|poke|p1|Corsola-Galar, F|
|poke|p2|Piloswine, M|
|poke|p2|Flygon, F|
|poke|p2|Scizor, M|
|poke|p2|Manectric, M|
|poke|p2|Skarmory, F|
|poke|p2|Toxapex, M|
|rule|HP Percentage Mod: HP is shown in percentages
|rule|Endless Battle Clause: Forcing endless battles is banned
|teampreview
|j| raiho_blackflame
|c| raiho_blackflame|gutentag
|c|☆MeaTCaT|arvin
|c|☆MeaTCaT|ples stuur link
|c|☆MeaTCaT|xd
|j| AerialBanana
|j| Tientje007
|j| Curseroy1990
|c|☆MeaTCaT|gl hf
|c| Curseroy1990|Gl hf
|c| Tientje007|Gl hf
|j| Bitsy the Slayer
|c| AerialBanana|good luck
|c| Bitsy the Slayer|Get out there and don't suck
|j| Reyggor
|c|☆MeaTCaT|is iedereen er?
|
|t:|1598896423
|start
|switch|p1a: Living Rock|Diancie|100/100
|switch|p2a: John|Manectric, M|100/100
|turn|1
|
|t:|1598896459
|detailschange|p2a: John|Manectric-Mega, M
|-mega|p2a: John|Manectric|Manectite
|-ability|p2a: John|Intimidate|boost
|-fail|p1a: Living Rock|unboost|[from] ability: Clear Body|[of] p1a: Living Rock
|detailschange|p1a: Living Rock|Diancie-Mega
|-mega|p1a: Living Rock|Diancie|Diancite
|move|p1a: Living Rock|Protect|p1a: Living Rock
|-singleturn|p1a: Living Rock|Protect
|move|p2a: John|Hidden Power|p1a: Living Rock
|-activate|p1a: Living Rock|move: Protect
|
|upkeep
|turn|2
|
|t:|1598896476
|switch|p1a: Corsola|Corsola-Galar, F|100/100
|move|p2a: John|Hidden Power|p1a: Corsola
|-damage|p1a: Corsola|85/100
|
|upkeep
|turn|3
|
|t:|1598896490
|move|p2a: John|Overheat|p1a: Corsola
|-damage|p1a: Corsola|54/100
|-unboost|p2a: John|spa|2
|-start|p2a: John|Disable|Overheat|[from] ability: Cursed Body|[of] p1a: Corsola
|move|p1a: Corsola|Stealth Rock|p2a: John
|-sidestart|p2: MeaTCaT|move: Stealth Rock
|
|upkeep
|turn|4
|
|t:|1598896520
|switch|p1a: Footbalman|Cinderace, M|100/100
|move|p2a: John|Volt Switch|p1a: Footbalman
|-damage|p1a: Footbalman|72/100
|j| piemelboer
|
|t:|1598896537
|switch|p2a: Fluffy Pillowswine|Piloswine, M|100/100|[from]move: Volt Switch
|-damage|p2a: Fluffy Pillowswine|88/100|[from] Stealth Rock
|
|upkeep
|turn|5
|
|t:|1598896549
|move|p1a: Footbalman|High Jump Kick|p2a: Fluffy Pillowswine
|-supereffective|p2a: Fluffy Pillowswine
|-damage|p2a: Fluffy Pillowswine|16/100
|-damage|p1a: Footbalman|62/100|[from] item: Life Orb
|move|p2a: Fluffy Pillowswine|Earthquake|p1a: Footbalman
|-supereffective|p1a: Footbalman
|-damage|p1a: Footbalman|0 fnt
|faint|p1a: Footbalman
|
|upkeep
|
|t:|1598896563
|switch|p1a: Better Scarm|Corviknight, F, shiny|100/100
|turn|6
|
|t:|1598896584
|move|p1a: Better Scarm|Bulk Up|p1a: Better Scarm
|-boost|p1a: Better Scarm|atk|1
|-boost|p1a: Better Scarm|def|1
|move|p2a: Fluffy Pillowswine|Icicle Crash|p1a: Better Scarm
|-damage|p1a: Better Scarm|80/100
|
|-heal|p1a: Better Scarm|86/100|[from] item: Leftovers
|upkeep
|turn|7
|
|t:|1598896596
|switch|p2a: Joey|Toxapex, M|100/100
|-damage|p2a: Joey|88/100|[from] Stealth Rock
|move|p1a: Better Scarm|Bulk Up|p1a: Better Scarm
|-boost|p1a: Better Scarm|atk|1
|-boost|p1a: Better Scarm|def|1
|
|-heal|p1a: Better Scarm|92/100|[from] item: Leftovers
|-heal|p2a: Joey|94/100|[from] item: Leftovers
|upkeep
|turn|8
|
|t:|1598896617
|move|p1a: Better Scarm|Bulk Up|p1a: Better Scarm
|-boost|p1a: Better Scarm|atk|1
|-boost|p1a: Better Scarm|def|1
|move|p2a: Joey|Haze|p2a: Joey
|-clearallboost
|
|-heal|p1a: Better Scarm|99/100|[from] item: Leftovers
|-heal|p2a: Joey|100/100|[from] item: Leftovers
|upkeep
|turn|9
|
|t:|1598896629
|switch|p1a: Vaporeon|Vaporeon, F|100/100
|move|p2a: Joey|Baneful Bunker||[still]
|-fail|p2a: Joey
|
|upkeep
|turn|10
|
|t:|1598896637
|move|p2a: Joey|Magic Coat|p2a: Joey
|-singleturn|p2a: Joey|move: Magic Coat
|move|p1a: Vaporeon|Yawn|p2a: Joey
|move|p2a: Joey|Yawn|p1a: Vaporeon|[from]Magic Coat
|-start|p1a: Vaporeon|move: Yawn|[of] p2a: Joey
|
|upkeep
|turn|11
|
|t:|1598896663
|switch|p1a: Corsola|Corsola-Galar, F|54/100
|move|p2a: Joey|Scald|p1a: Corsola
|-damage|p1a: Corsola|43/100
|-status|p1a: Corsola|brn
|
|-damage|p1a: Corsola|37/100 brn|[from] brn
|upkeep
|turn|12
|
|t:|1598896704
|move|p2a: Joey|Scald|p1a: Corsola
|-damage|p1a: Corsola|26/100 brn
|move|p1a: Corsola|Strength Sap|p2a: Joey
|-unboost|p2a: Joey|atk|1
|-heal|p1a: Corsola|71/100 brn
|
|-damage|p1a: Corsola|65/100 brn|[from] brn
|upkeep
|turn|13
|
|t:|1598896730
|switch|p1a: Da CHOMP|Garchomp, M, shiny|100/100
|move|p2a: Joey|Scald|p1a: Da CHOMP
|-damage|p1a: Da CHOMP|83/100
|
|upkeep
|turn|14
|
|t:|1598896742
|move|p2a: Joey|Baneful Bunker|p2a: Joey
|-singleturn|p2a: Joey|move: Protect
|move|p1a: Da CHOMP|Rock Slide|p2a: Joey
|-activate|p2a: Joey|move: Protect
|
|upkeep
|turn|15
|
|t:|1598896762
|move|p1a: Da CHOMP|Fire Fang|p2a: Joey
|-resisted|p2a: Joey
|-damage|p2a: Joey|92/100
|-damage|p1a: Da CHOMP|74/100|[from] item: Life Orb
|move|p2a: Joey|Scald|p1a: Da CHOMP
|-damage|p1a: Da CHOMP|56/100
|
|-heal|p2a: Joey|98/100|[from] item: Leftovers
|upkeep
|turn|16
|
|t:|1598896777
|move|p2a: Joey|Baneful Bunker|p2a: Joey
|-singleturn|p2a: Joey|move: Protect
|move|p1a: Da CHOMP|Rock Slide|p2a: Joey
|-activate|p2a: Joey|move: Protect
|
|-heal|p2a: Joey|100/100|[from] item: Leftovers
|upkeep
|turn|17
|
|t:|1598896786
|move|p1a: Da CHOMP|Earthquake|p2a: Joey
|-supereffective|p2a: Joey
|-damage|p2a: Joey|24/100
|-damage|p1a: Da CHOMP|46/100|[from] item: Life Orb
|move|p2a: Joey|Scald|p1a: Da CHOMP
|-damage|p1a: Da CHOMP|29/100
|
|-heal|p2a: Joey|30/100|[from] item: Leftovers
|upkeep
|turn|18
|
|t:|1598896811
|move|p2a: Joey|Baneful Bunker|p2a: Joey
|-singleturn|p2a: Joey|move: Protect
|move|p1a: Da CHOMP|Rock Slide|p2a: Joey
|-activate|p2a: Joey|move: Protect
|
|-heal|p2a: Joey|36/100|[from] item: Leftovers
|upkeep
|turn|19
|
|t:|1598896827
|move|p1a: Da CHOMP|Rock Slide|p2a: Joey|[miss]
|-miss|p1a: Da CHOMP|p2a: Joey
|move|p2a: Joey|Scald|p1a: Da CHOMP
|-damage|p1a: Da CHOMP|12/100
|
|-heal|p2a: Joey|42/100|[from] item: Leftovers
|upkeep
|turn|20
|
|t:|1598896840
|switch|p1a: Living Rock|Diancie-Mega|100/100
|move|p2a: Joey|Baneful Bunker||[still]
|-fail|p2a: Joey
|
|-heal|p2a: Joey|49/100|[from] item: Leftovers
|upkeep
|turn|21
|
|t:|1598896849
|move|p2a: Joey|Magic Coat|p2a: Joey
|-singleturn|p2a: Joey|move: Magic Coat
|move|p1a: Living Rock|Earth Power|p2a: Joey
|-supereffective|p2a: Joey
|-damage|p2a: Joey|0 fnt
|faint|p2a: Joey
|
|upkeep
|
|t:|1598896856
|switch|p2a: John|Manectric-Mega, M|100/100
|-damage|p2a: John|88/100|[from] Stealth Rock
|-ability|p2a: John|Intimidate|boost
|-unboost|p1a: Living Rock|atk|1
|turn|22
|
|t:|1598896878
|switch|p1a: Better Scarm|Corviknight, F, shiny|99/100
|move|p2a: John|Volt Switch|p1a: Better Scarm
|-supereffective|p1a: Better Scarm
|-damage|p1a: Better Scarm|44/100
|
|t:|1598896886
|switch|p2a: Fluffy Pillowswine|Piloswine, M|16/100|[from]move: Volt Switch
|-damage|p2a: Fluffy Pillowswine|4/100|[from] Stealth Rock
|
|-heal|p1a: Better Scarm|50/100|[from] item: Leftovers
|upkeep
|turn|23
|
|t:|1598896898
|move|p1a: Better Scarm|Roost|p1a: Better Scarm
|-heal|p1a: Better Scarm|100/100
|-singleturn|p1a: Better Scarm|move: Roost
|move|p2a: Fluffy Pillowswine|Stealth Rock|p1a: Better Scarm
|-sidestart|p1: TwentyTwan|move: Stealth Rock
|
|upkeep
|turn|24
|
|t:|1598896913
|move|p1a: Better Scarm|Defog|p2a: Fluffy Pillowswine
|-unboost|p2a: Fluffy Pillowswine|evasion|1
|-sideend|p2: MeaTCaT|Stealth Rock|[from] move: Defog|[of] p1a: Better Scarm
|-sideend|p1: TwentyTwan|Stealth Rock|[from] move: Defog|[of] p1a: Better Scarm
|move|p2a: Fluffy Pillowswine|Icicle Crash|p1a: Better Scarm
|-damage|p1a: Better Scarm|68/100
|
|-heal|p1a: Better Scarm|74/100|[from] item: Leftovers
|upkeep
|turn|25
|
|t:|1598896930
|switch|p1a: Living Rock|Diancie-Mega|100/100
|move|p2a: Fluffy Pillowswine|Stealth Rock|p1a: Living Rock
|move|p1a: Living Rock|Stealth Rock|p2a: Fluffy Pillowswine|[from]Magic Bounce
|-sidestart|p2: MeaTCaT|move: Stealth Rock
|
|upkeep
|turn|26
|
|t:|1598896942
|move|p1a: Living Rock|Earth Power|p2a: Fluffy Pillowswine
|-damage|p2a: Fluffy Pillowswine|0 fnt
|faint|p2a: Fluffy Pillowswine
|
|upkeep
|
|t:|1598896950
|switch|p2a: John|Manectric-Mega, M|88/100
|-damage|p2a: John|76/100|[from] Stealth Rock
|-ability|p2a: John|Intimidate|boost
|-unboost|p1a: Living Rock|atk|1
|turn|27
|
|t:|1598896956
|switch|p1a: Da CHOMP|Garchomp, M, shiny|12/100
|move|p2a: John|Hidden Power|p1a: Da CHOMP
|-crit|p1a: Da CHOMP
|-damage|p1a: Da CHOMP|0 fnt
|faint|p1a: Da CHOMP
|
|upkeep
|
|t:|1598896966
|switch|p1a: Corsola|Corsola-Galar, F|65/100 brn
|turn|28
|
|t:|1598896985
|move|p2a: John|Overheat|p1a: Corsola
|-damage|p1a: Corsola|31/100 brn
|-unboost|p2a: John|spa|2
|move|p1a: Corsola|Strength Sap|p2a: John
|-unboost|p2a: John|atk|1
|-heal|p1a: Corsola|84/100 brn
|
|-damage|p1a: Corsola|78/100 brn|[from] brn
|upkeep
|turn|29
|
|t:|1598897004
|move|p2a: John|Volt Switch|p1a: Corsola
|-damage|p1a: Corsola|65/100 brn
|
|t:|1598897007
|switch|p2a: Joseph|Skarmory, F|100/100|[from]move: Volt Switch
|-damage|p2a: Joseph|88/100|[from] Stealth Rock
|move|p1a: Corsola|Will-O-Wisp|p2a: Joseph
|-status|p2a: Joseph|brn
|
|-heal|p2a: Joseph|94/100 brn|[from] item: Leftovers
|-damage|p2a: Joseph|88/100 brn|[from] brn
|-damage|p1a: Corsola|59/100 brn|[from] brn
|upkeep
|turn|30
|
|t:|1598897021
|switch|p1a: Better Scarm|Corviknight, F, shiny|74/100
|move|p2a: Joseph|Stealth Rock|p1a: Better Scarm
|-sidestart|p1: TwentyTwan|move: Stealth Rock
|
|-heal|p2a: Joseph|94/100 brn|[from] item: Leftovers
|-heal|p1a: Better Scarm|81/100|[from] item: Leftovers
|-damage|p2a: Joseph|88/100 brn|[from] brn
|upkeep
|turn|31
|
|t:|1598897082
|switch|p2a: Flygone|Flygon, F|100/100
|-damage|p2a: Flygone|95/100|[from] Stealth Rock
|move|p1a: Better Scarm|Bulk Up|p1a: Better Scarm
|-boost|p1a: Better Scarm|atk|1
|-boost|p1a: Better Scarm|def|1
|
|-heal|p1a: Better Scarm|87/100|[from] item: Leftovers
|upkeep
|turn|32
|
|t:|1598897102
|move|p2a: Flygone|Outrage|p1a: Better Scarm
|-resisted|p1a: Better Scarm
|-damage|p1a: Better Scarm|73/100
|move|p1a: Better Scarm|Bulk Up|p1a: Better Scarm
|-boost|p1a: Better Scarm|atk|1
|-boost|p1a: Better Scarm|def|1
|
|-heal|p1a: Better Scarm|80/100|[from] item: Leftovers
|upkeep
|turn|33
|
|t:|1598897119
|move|p2a: Flygone|Outrage|p1a: Better Scarm|[from]lockedmove
|-resisted|p1a: Better Scarm
|-damage|p1a: Better Scarm|69/100
|move|p1a: Better Scarm|Bulk Up|p1a: Better Scarm
|-boost|p1a: Better Scarm|atk|1
|-boost|p1a: Better Scarm|def|1
|
|-heal|p1a: Better Scarm|75/100|[from] item: Leftovers
|upkeep
|turn|34
|
|t:|1598897129
|move|p2a: Flygone|Outrage|p1a: Better Scarm|[from]lockedmove
|-resisted|p1a: Better Scarm
|-damage|p1a: Better Scarm|67/100
|-start|p2a: Flygone|confusion|[fatigue]
|move|p1a: Better Scarm|Bulk Up|p1a: Better Scarm
|-boost|p1a: Better Scarm|atk|1
|-boost|p1a: Better Scarm|def|1
|
|-heal|p1a: Better Scarm|74/100|[from] item: Leftovers
|upkeep
|turn|35
|
|t:|1598897149
|-activate|p2a: Flygone|confusion
|move|p2a: Flygone|Outrage|p1a: Better Scarm
|-resisted|p1a: Better Scarm
|-damage|p1a: Better Scarm|66/100
|move|p1a: Better Scarm|Bulk Up|p1a: Better Scarm
|-boost|p1a: Better Scarm|atk|1
|-boost|p1a: Better Scarm|def|1
|
|-heal|p1a: Better Scarm|73/100|[from] item: Leftovers
|upkeep
|turn|36
|
|t:|1598897162
|-activate|p2a: Flygone|confusion
|move|p2a: Flygone|Outrage|p1a: Better Scarm|[from]lockedmove
|-resisted|p1a: Better Scarm
|-damage|p1a: Better Scarm|66/100
|move|p1a: Better Scarm|Bulk Up|p1a: Better Scarm
|-boost|p1a: Better Scarm|atk|1
|-boost|p1a: Better Scarm|def|1
|
|-heal|p1a: Better Scarm|73/100|[from] item: Leftovers
|upkeep
|turn|37
|
|t:|1598897171
|-activate|p2a: Flygone|confusion
|move|p2a: Flygone|Outrage|p1a: Better Scarm|[from]lockedmove
|-resisted|p1a: Better Scarm
|-damage|p1a: Better Scarm|67/100
|move|p1a: Better Scarm|Roost|p1a: Better Scarm
|-heal|p1a: Better Scarm|100/100
|-singleturn|p1a: Better Scarm|move: Roost
|
|upkeep
|turn|38
|
|t:|1598897181
|-activate|p2a: Flygone|confusion
|move|p2a: Flygone|Outrage|p1a: Better Scarm
|-resisted|p1a: Better Scarm
|-damage|p1a: Better Scarm|96/100
|move|p1a: Better Scarm|Body Press|p2a: Flygone
|-damage|p2a: Flygone|0 fnt
|faint|p2a: Flygone
|
|-heal|p1a: Better Scarm|100/100|[from] item: Leftovers
|upkeep
|
|t:|1598897190
|switch|p2a: John|Manectric-Mega, M|76/100
|-damage|p2a: John|63/100|[from] Stealth Rock
|-ability|p2a: John|Intimidate|boost
|-ability|p1a: Better Scarm|Mirror Armor
|-unboost|p2a: John|atk|1
|turn|39
|
|t:|1598897203
|move|p2a: John|Overheat|p1a: Better Scarm
|-supereffective|p1a: Better Scarm
|-damage|p1a: Better Scarm|27/100
|-unboost|p2a: John|spa|2
|move|p1a: Better Scarm|Body Press|p2a: John
|-damage|p2a: John|0 fnt
|faint|p2a: John
|
|-heal|p1a: Better Scarm|34/100|[from] item: Leftovers
|upkeep
|
|t:|1598897213
|switch|p2a: Jeff|Scizor, M|100/100
|-damage|p2a: Jeff|88/100|[from] Stealth Rock
|turn|40
|
|t:|1598897227
|move|p2a: Jeff|Bullet Punch|p1a: Better Scarm
|-resisted|p1a: Better Scarm
|-damage|p1a: Better Scarm|31/100
|move|p1a: Better Scarm|Roost|p1a: Better Scarm
|-heal|p1a: Better Scarm|81/100
|-singleturn|p1a: Better Scarm|move: Roost
|
|-heal|p1a: Better Scarm|88/100|[from] item: Leftovers
|-heal|p2a: Jeff|94/100|[from] item: Leftovers
|upkeep
|turn|41
|l| raiho_blackflame
|
|t:|1598897242
|move|p1a: Better Scarm|Body Press|p2a: Jeff
|-damage|p2a: Jeff|28/100
|move|p2a: Jeff|Swords Dance|p2a: Jeff
|-boost|p2a: Jeff|atk|2
|
|-heal|p1a: Better Scarm|94/100|[from] item: Leftovers
|-heal|p2a: Jeff|34/100|[from] item: Leftovers
|upkeep
|turn|42
|l| Bitsy the Slayer
|
|t:|1598897284
|move|p2a: Jeff|Bullet Punch|p1a: Better Scarm
|-resisted|p1a: Better Scarm
|-damage|p1a: Better Scarm|89/100
|move|p1a: Better Scarm|Body Press|p2a: Jeff
|-damage|p2a: Jeff|0 fnt
|faint|p2a: Jeff
|
|-heal|p1a: Better Scarm|95/100|[from] item: Leftovers
|upkeep
|
|t:|1598897292
|switch|p2a: Joseph|Skarmory, F|88/100 brn
|-damage|p2a: Joseph|76/100 brn|[from] Stealth Rock
|turn|43
|
|t:|1598897320
|move|p2a: Joseph|Iron Head|p1a: Better Scarm
|-resisted|p1a: Better Scarm
|-damage|p1a: Better Scarm|94/100
|cant|p1a: Better Scarm|flinch
|
|-heal|p2a: Joseph|82/100 brn|[from] item: Leftovers
|-heal|p1a: Better Scarm|100/100|[from] item: Leftovers
|-damage|p2a: Joseph|76/100 brn|[from] brn
|upkeep
|turn|44
|
|t:|1598897337
|move|p2a: Joseph|Iron Head|p1a: Better Scarm
|-resisted|p1a: Better Scarm
|-damage|p1a: Better Scarm|99/100
|move|p1a: Better Scarm|Body Press|p2a: Joseph
|-damage|p2a: Joseph|16/100 brn
|
|-heal|p2a: Joseph|22/100 brn|[from] item: Leftovers
|-heal|p1a: Better Scarm|100/100|[from] item: Leftovers
|-damage|p2a: Joseph|16/100 brn|[from] brn
|upkeep
|turn|45
|j| Lucartes@!
|l| Lucartes
|
|t:|1598897390
|move|p2a: Joseph|Iron Head|p1a: Better Scarm
|-resisted|p1a: Better Scarm
|-damage|p1a: Better Scarm|99/100
|move|p1a: Better Scarm|Bulk Up|p1a: Better Scarm
|-boost|p1a: Better Scarm|atk|0
|-boost|p1a: Better Scarm|def|0
|
|-heal|p2a: Joseph|22/100 brn|[from] item: Leftovers
|-heal|p1a: Better Scarm|100/100|[from] item: Leftovers
|-damage|p2a: Joseph|16/100 brn|[from] brn
|upkeep
|turn|46
|
|t:|1598897401
|move|p2a: Joseph|Iron Head|p1a: Better Scarm
|-resisted|p1a: Better Scarm
|-damage|p1a: Better Scarm|99/100
|move|p1a: Better Scarm|Defog|p2a: Joseph
|-unboost|p2a: Joseph|evasion|1
|-sideend|p2: MeaTCaT|Stealth Rock|[from] move: Defog|[of] p1a: Better Scarm
|-sideend|p1: TwentyTwan|Stealth Rock|[from] move: Defog|[of] p1a: Better Scarm
|
|-heal|p2a: Joseph|22/100 brn|[from] item: Leftovers
|-heal|p1a: Better Scarm|100/100|[from] item: Leftovers
|-damage|p2a: Joseph|16/100 brn|[from] brn
|upkeep
|turn|47
|
|t:|1598897424
|move|p2a: Joseph|Iron Head|p1a: Better Scarm
|-resisted|p1a: Better Scarm
|-damage|p1a: Better Scarm|99/100
|cant|p1a: Better Scarm|flinch
|
|-heal|p2a: Joseph|22/100 brn|[from] item: Leftovers
|-heal|p1a: Better Scarm|100/100|[from] item: Leftovers
|-damage|p2a: Joseph|16/100 brn|[from] brn
|upkeep
|turn|48
|c|☆TwentyTwan|I mean hij moet ff zijn moves flexen
|c|☆TwentyTwan|Want anders kan hij niet de beter scarm zijn
|
|t:|1598897437
|move|p2a: Joseph|Iron Head|p1a: Better Scarm
|-resisted|p1a: Better Scarm
|-damage|p1a: Better Scarm|99/100
|move|p1a: Better Scarm|Roost|p1a: Better Scarm
|-heal|p1a: Better Scarm|100/100
|-singleturn|p1a: Better Scarm|move: Roost
|
|-heal|p2a: Joseph|22/100 brn|[from] item: Leftovers
|-damage|p2a: Joseph|16/100 brn|[from] brn
|upkeep
|turn|49
|
|t:|1598897448
|move|p2a: Joseph|Roost|p2a: Joseph
|-heal|p2a: Joseph|66/100 brn
|-singleturn|p2a: Joseph|move: Roost
|move|p1a: Better Scarm|Body Press|p2a: Joseph
|-supereffective|p2a: Joseph
|-damage|p2a: Joseph|0 fnt
|faint|p2a: Joseph
|
|win|TwentyTwan
|c| AerialBanana|gg?
|c| Tientje007|Sad
|c| Tientje007|Gg
|l| AerialBanana
|l| Tientje007
