|j|☆JAY100064
|j|☆123Ayan
|t:|1624647185
|gametype|singles
|player|p1|JAY100064|preschooler|1373
|player|p2|123Ayan|red|1527
|teamsize|p1|6
|teamsize|p2|6
|gen|8
|tier|[Gen 8] National Dex AG
|rated|
|rule|HP Percentage Mod: HP is shown in percentages
|rule|Endless Battle Clause: Forcing endless battles is banned
|clearpoke
|poke|p1|Arceus-*|
|poke|p1|Ferrothorn, M|
|poke|p1|Giratina|
|poke|p1|Sableye, F|
|poke|p1|Clefable, F|
|poke|p1|Ho-Oh|
|poke|p2|Mewtwo|
|poke|p2|Yveltal|
|poke|p2|Marshadow|
|poke|p2|Zacian-*|
|poke|p2|Ditto|
|poke|p2|Greninja, F|
|teampreview
|inactive|Battle timer is ON: inactive players will automatically lose when time's up. (requested by JAY100064)
|
|t:|1624647207
|start
|switch|p1a: Sableye|Sableye, F, shiny|100/100
|switch|p2a: Greninja|Greninja, F|100/100
|turn|1
|
|t:|1624647219
|move|p1a: Sableye|Fake Out|p2a: Greninja
|-damage|p2a: Greninja|87/100
|cant|p2a: Greninja|flinch
|
|upkeep
|turn|2
|
|t:|1624647227
|switch|p1a: Ferrothorn|Ferrothorn, M|100/100
|move|p2a: Greninja|Toxic Spikes|p1a: Ferrothorn
|-start|p2a: Greninja|typechange|Poison|[from] ability: Protean
|-sidestart|p1: JAY100064|move: Toxic Spikes
|
|upkeep
|turn|3
|
|t:|1624647239
|move|p2a: Greninja|Spikes|p1a: Ferrothorn
|-start|p2a: Greninja|typechange|Ground|[from] ability: Protean
|-sidestart|p1: JAY100064|Spikes
|move|p1a: Ferrothorn|Leech Seed|p2a: Greninja
|-start|p2a: Greninja|move: Leech Seed
|
|-damage|p2a: Greninja|75/100|[from] Leech Seed|[of] p1a: Ferrothorn
|upkeep
|turn|4
|
|t:|1624647253
|move|p1a: Ferrothorn|Protect|p1a: Ferrothorn
|-singleturn|p1a: Ferrothorn|Protect
|move|p2a: Greninja|Dark Pulse|p1a: Ferrothorn
|-start|p2a: Greninja|typechange|Dark|[from] ability: Protean
|-activate|p1a: Ferrothorn|move: Protect
|
|-damage|p2a: Greninja|63/100|[from] Leech Seed|[of] p1a: Ferrothorn
|upkeep
|turn|5
|
|t:|1624647278
|switch|p1a: Ho-Oh|Ho-Oh, shiny|100/100
|move|p2a: Greninja|Spikes|p1a: Ho-Oh
|-start|p2a: Greninja|typechange|Ground|[from] ability: Protean
|-sidestart|p1: JAY100064|Spikes
|
|-damage|p2a: Greninja|50/100|[from] Leech Seed|[of] p1a: Ho-Oh
|upkeep
|turn|6
|
|t:|1624647288
|move|p2a: Greninja|Water Shuriken|p1a: Ho-Oh
|-start|p2a: Greninja|typechange|Water|[from] ability: Protean
|-supereffective|p1a: Ho-Oh
|-damage|p1a: Ho-Oh|93/100
|-supereffective|p1a: Ho-Oh
|-damage|p1a: Ho-Oh|86/100
|-supereffective|p1a: Ho-Oh
|-damage|p1a: Ho-Oh|78/100
|-hitcount|p1a: Ho-Oh|3
|cant|p1a: Ho-Oh|flinch
|
|-damage|p2a: Greninja|38/100|[from] Leech Seed|[of] p1a: Ho-Oh
|-heal|p1a: Ho-Oh|86/100|[silent]
|upkeep
|turn|7
|
|t:|1624647304
|move|p2a: Greninja|Water Shuriken|p1a: Ho-Oh
|-supereffective|p1a: Ho-Oh
|-damage|p1a: Ho-Oh|79/100
|-supereffective|p1a: Ho-Oh
|-damage|p1a: Ho-Oh|71/100
|-supereffective|p1a: Ho-Oh
|-damage|p1a: Ho-Oh|64/100
|-hitcount|p1a: Ho-Oh|3
|cant|p1a: Ho-Oh|flinch
|
|-damage|p2a: Greninja|26/100|[from] Leech Seed|[of] p1a: Ho-Oh
|-heal|p1a: Ho-Oh|72/100|[silent]
|upkeep
|turn|8
|inactive|JAY100064 has 120 seconds left.
|
|t:|1624647325
|move|p2a: Greninja|Water Shuriken|p1a: Ho-Oh
|-supereffective|p1a: Ho-Oh
|-damage|p1a: Ho-Oh|65/100
|-supereffective|p1a: Ho-Oh
|-damage|p1a: Ho-Oh|58/100
|-supereffective|p1a: Ho-Oh
|-damage|p1a: Ho-Oh|50/100
|-supereffective|p1a: Ho-Oh
|-damage|p1a: Ho-Oh|42/100
|-supereffective|p1a: Ho-Oh
|-crit|p1a: Ho-Oh
|-damage|p1a: Ho-Oh|31/100
|-hitcount|p1a: Ho-Oh|5
|cant|p1a: Ho-Oh|flinch
|
|-damage|p2a: Greninja|13/100|[from] Leech Seed|[of] p1a: Ho-Oh
|-heal|p1a: Ho-Oh|39/100|[silent]
|upkeep
|turn|9
|inactive|JAY100064 has 120 seconds left.
|
|t:|1624647355
|switch|p1a: Giratina|Giratina, shiny|100/100
|-status|p1a: Giratina|psn
|-damage|p1a: Giratina|84/100 psn|[from] Spikes
|-ability|p1a: Giratina|Pressure
|move|p2a: Greninja|Dark Pulse|p1a: Giratina
|-start|p2a: Greninja|typechange|Dark|[from] ability: Protean
|-supereffective|p1a: Giratina
|-damage|p1a: Giratina|41/100 psn
|
|-heal|p1a: Giratina|47/100 psn|[from] item: Leftovers
|-damage|p2a: Greninja|1/100|[from] Leech Seed|[of] p1a: Giratina
|-heal|p1a: Giratina|54/100 psn|[silent]
|-damage|p1a: Giratina|42/100 psn|[from] psn
|upkeep
|turn|10
|
|t:|1624647374
|switch|p1a: Ho-Oh|Ho-Oh, shiny|72/100
|move|p2a: Greninja|Dark Pulse|p1a: Ho-Oh
|-damage|p1a: Ho-Oh|54/100
|
|-damage|p2a: Greninja|0 fnt|[from] Leech Seed|[of] p1a: Ho-Oh
|-heal|p1a: Ho-Oh|54/100|[silent]
|faint|p2a: Greninja
|upkeep
|
|t:|1624647391
|switch|p2a: Magin bu|Mewtwo|100/100
|-ability|p2a: Magin bu|Pressure
|turn|11
|
|t:|1624647405
|detailschange|p2a: Magin bu|Mewtwo-Mega-Y
|-mega|p2a: Magin bu|Mewtwo|Mewtwonite Y
|move|p2a: Magin bu|Calm Mind|p2a: Magin bu
|-boost|p2a: Magin bu|spa|1
|-boost|p2a: Magin bu|spd|1
|move|p1a: Ho-Oh|Recover|p1a: Ho-Oh
|-heal|p1a: Ho-Oh|100/100
|
|upkeep
|turn|12
|
|t:|1624647415
|move|p2a: Magin bu|Calm Mind|p2a: Magin bu
|-boost|p2a: Magin bu|spa|1
|-boost|p2a: Magin bu|spd|1
|move|p1a: Ho-Oh|Toxic|p2a: Magin bu
|-status|p2a: Magin bu|tox
|
|-damage|p2a: Magin bu|94/100 tox|[from] psn
|upkeep
|turn|13
|
|t:|1624647424
|switch|p1a: Clefable|Clefable, F, shiny|100/100
|-damage|p1a: Clefable|84/100|[from] Spikes
|-status|p1a: Clefable|psn
|move|p2a: Magin bu|Psystrike|p1a: Clefable
|-damage|p1a: Clefable|10/100 psn
|
|-heal|p1a: Clefable|16/100 psn|[from] item: Leftovers
|-damage|p2a: Magin bu|82/100 tox|[from] psn
|-damage|p1a: Clefable|4/100 psn|[from] psn
|upkeep
|turn|14
|
|t:|1624647452
|switch|p1a: Sableye|Sableye, F, shiny|100/100
|-status|p1a: Sableye|psn
|-damage|p1a: Sableye|84/100 psn|[from] Spikes
|move|p2a: Magin bu|Shadow Ball|p1a: Sableye
|-damage|p1a: Sableye|0 fnt
|faint|p1a: Sableye
|
|-damage|p2a: Magin bu|63/100 tox|[from] psn
|upkeep
|inactive|JAY100064 has 90 seconds left.
|
|t:|1624647466
|switch|p1a: Clefable|Clefable, F, shiny|4/100 psn
|-damage|p1a: Clefable|0 fnt|[from] Spikes
|faint|p1a: Clefable
|inactive|JAY100064 has 90 seconds left.
|
|t:|1624647483
|switch|p1a: Ho-Oh|Ho-Oh, shiny|100/100
|turn|15
|
|t:|1624647500
|-start|p1a: Ho-Oh|Dynamax
|-heal|p1a: Ho-Oh|100/100|[silent]
|move|p2a: Magin bu|Psystrike|p1a: Ho-Oh
|-damage|p1a: Ho-Oh|51/100
|move|p1a: Ho-Oh|Max Flare|p2a: Magin bu
|-damage|p2a: Magin bu|0 fnt
|-weather|SunnyDay
|faint|p2a: Magin bu
|
|-weather|SunnyDay|[upkeep]
|upkeep
|
|t:|1624647515
|switch|p2a: Ayo watsup homie|Yveltal|100/100
|-ability|p2a: Ayo watsup homie|Dark Aura
|turn|16
|
|t:|1624647527
|move|p2a: Ayo watsup homie|Knock Off|p1a: Ho-Oh
|-damage|p1a: Ho-Oh|30/100
|-enditem|p1a: Ho-Oh|Heavy-Duty Boots|[from] move: Knock Off|[of] p2a: Ayo watsup homie
|move|p1a: Ho-Oh|Max Flare|p2a: Ayo watsup homie
|-damage|p2a: Ayo watsup homie|26/100
|
|-weather|SunnyDay|[upkeep]
|-heal|p2a: Ayo watsup homie|32/100|[from] item: Leftovers
|upkeep
|turn|17
|
|t:|1624647542
|-start|p2a: Ayo watsup homie|Dynamax
|-heal|p2a: Ayo watsup homie|32/100|[silent]
|move|p2a: Ayo watsup homie|Max Airstream|p1a: Ho-Oh
|-damage|p1a: Ho-Oh|7/100
|-boost|p2a: Ayo watsup homie|spe|1
|move|p1a: Ho-Oh|Max Flare|p2a: Ayo watsup homie
|-damage|p2a: Ayo watsup homie|0 fnt
|faint|p2a: Ayo watsup homie
|
|-weather|SunnyDay|[upkeep]
|-end|p1a: Ho-Oh|Dynamax
|-heal|p1a: Ho-Oh|7/100|[silent]
|upkeep
|
|t:|1624647563
|switch|p2a: Iron sword|Zacian-Crowned|100/100
|-ability|p2a: Iron sword|Intrepid Sword|boost
|-boost|p2a: Iron sword|atk|1
|turn|18
|inactive|JAY100064 has 90 seconds left.
|
|t:|1624647584
|move|p2a: Iron sword|Behemoth Blade|p1a: Ho-Oh
|-resisted|p1a: Ho-Oh
|-damage|p1a: Ho-Oh|0 fnt
|faint|p1a: Ho-Oh
|
|-weather|SunnyDay|[upkeep]
|upkeep
|
|t:|1624647603
|switch|p1a: Arceus|Arceus|100/100
|-status|p1a: Arceus|psn
|-damage|p1a: Arceus|84/100 psn|[from] Spikes
|turn|19
|inactive|JAY100064 has 60 seconds left.
|
|t:|1624647621
|move|p2a: Iron sword|Close Combat|p1a: Arceus
|-supereffective|p1a: Arceus
|-damage|p1a: Arceus|0 fnt
|-unboost|p2a: Iron sword|def|1
|-unboost|p2a: Iron sword|spd|1
|faint|p1a: Arceus
|
|-weather|none
|upkeep
|inactive|JAY100064 has 60 seconds left.
|
|t:|1624647631
|switch|p1a: Ferrothorn|Ferrothorn, M|100/100
|-damage|p1a: Ferrothorn|84/100|[from] Spikes
|turn|20
|
|t:|1624647636
|switch|p1a: Giratina|Giratina, shiny|42/100 psn
|-damage|p1a: Giratina|25/100 psn|[from] Spikes
|-ability|p1a: Giratina|Pressure
|move|p2a: Iron sword|Close Combat|p1a: Giratina
|-immune|p1a: Giratina
|
|-heal|p1a: Giratina|32/100 psn|[from] item: Leftovers
|-damage|p1a: Giratina|19/100 psn|[from] psn
|upkeep
|turn|21
|c|☆123Ayan|Nice tricks
|-message|JAY100064 forfeited.
|
|win|123Ayan
|l|☆JAY100064
|raw|JAY100064's rating: 1373 &rarr; <strong>1361</strong><br />(-12 for losing)
|raw|123Ayan's rating: 1527 &rarr; <strong>1539</strong><br />(+12 for winning)
|c|☆123Ayan|XD
|c|☆123Ayan|ANYWAYS
