|j|☆BrixStillNotLuvin
|j|☆MRH1106
|t:|1667964129
|gametype|singles
|player|p1|BrixStillNotLuvin|linebacker|1631
|player|p2|MRH1106|red|1881
|teamsize|p1|6
|teamsize|p2|6
|gen|8
|tier|[Gen 8] National Dex AG
|rated|
|rule|HP Percentage Mod: HP is shown in percentages
|rule|Endless Battle Clause: Forcing endless battles is banned
|clearpoke
|poke|p1|Zapdos|
|poke|p1|Kyogre|
|poke|p1|Arceus-*|
|poke|p1|Arceus-*|
|poke|p1|Ditto|
|poke|p1|Darkrai|
|poke|p2|Zacian-*|
|poke|p2|Calyrex-Shadow|
|poke|p2|Rayquaza|
|poke|p2|Ditto|
|poke|p2|Yveltal|
|poke|p2|Arceus-*|
|teampreview
|inactive|Battle timer is ON: inactive players will automatically lose when time's up. (requested by MRH1106)
|inactive|BrixStillNotLuvin also wants the timer to be on.
|inactive|MRH1106 has 120 seconds left.
|
|t:|1667964171
|start
|switch|p1a: Kyogre|Kyogre, shiny|100/100
|switch|p2a: Legit god|Arceus-Ground|100/100
|detailschange|p1a: Kyogre|Kyogre-Primal, shiny
|-primal|p1a: Kyogre
|-weather|PrimordialSea|[from] ability: Primordial Sea|[of] p1a: Kyogre
|turn|1
|inactive|MRH1106 has 120 seconds left.
|inactive|MRH1106 has 90 seconds left.
|
|t:|1667964243
|move|p2a: Legit god|Judgment|p1a: Kyogre
|-crit|p1a: Kyogre
|-damage|p1a: Kyogre|62/100
|move|p1a: Kyogre|Water Spout|p2a: Legit god
|-supereffective|p2a: Legit god
|-damage|p2a: Legit god|0 fnt
|faint|p2a: Legit god
|
|-weather|PrimordialSea|[upkeep]
|upkeep
|
|t:|1667964246
|switch|p2a: Rayyyy|Rayquaza|100/100
|-ability|p2a: Rayyyy|Air Lock
|turn|2
|
|t:|1667964253
|detailschange|p2a: Rayyyy|Rayquaza-Mega
|-mega|p2a: Rayyyy|Rayquaza|
|-weather|DeltaStream|[from] ability: Delta Stream|[of] p2a: Rayyyy
|move|p2a: Rayyyy|Dragon Ascent|p1a: Kyogre
|-damage|p1a: Kyogre|0 fnt
|-unboost|p2a: Rayyyy|def|1
|-unboost|p2a: Rayyyy|spd|1
|faint|p1a: Kyogre
|
|-weather|DeltaStream|[upkeep]
|upkeep
|
|t:|1667964262
|switch|p1a: Arceus|Arceus-Fairy|100/100
|turn|3
|inactive|MRH1106 has 90 seconds left.
|
|t:|1667964295
|move|p1a: Arceus|Stealth Rock|p2a: Rayyyy
|-sidestart|p2: MRH1106|move: Stealth Rock
|move|p2a: Rayyyy|Dragon Ascent|p1a: Arceus
|-damage|p1a: Arceus|44/100
|-unboost|p2a: Rayyyy|def|1
|-unboost|p2a: Rayyyy|spd|1
|
|-weather|DeltaStream|[upkeep]
|upkeep
|turn|4
|
|t:|1667964301
|move|p1a: Arceus|Judgment|p2a: Rayyyy
|-supereffective|p2a: Rayyyy
|-enditem|p2a: Rayyyy|Focus Sash
|-damage|p2a: Rayyyy|1/100
|move|p2a: Rayyyy|Dragon Dance|p2a: Rayyyy
|-boost|p2a: Rayyyy|atk|1
|-boost|p2a: Rayyyy|spe|1
|
|-weather|DeltaStream|[upkeep]
|upkeep
|turn|5
|
|t:|1667964306
|switch|p1a: Zapdos|Zapdos, shiny|100/100
|move|p2a: Rayyyy|Dragon Ascent|p1a: Zapdos
|-resisted|p1a: Zapdos
|-damage|p1a: Zapdos|48/100
|-unboost|p2a: Rayyyy|def|1
|-unboost|p2a: Rayyyy|spd|1
|-damage|p2a: Rayyyy|0 fnt|[from] item: Rocky Helmet|[of] p1a: Zapdos
|faint|p2a: Rayyyy
|-weather|none
|
|upkeep
|
|t:|1667964313
|switch|p2a: YeeHaw~|Calyrex-Shadow|100/100
|-ability|p2a: YeeHaw~|As One
|-ability|p2a: YeeHaw~|Unnerve
|-damage|p2a: YeeHaw~|88/100|[from] Stealth Rock
|turn|6
|
|t:|1667964316
|switch|p1a: Arceus|Arceus|100/100
|move|p2a: YeeHaw~|Astral Barrage|p1a: Arceus
|-immune|p1a: Arceus
|
|upkeep
|turn|7
|
|t:|1667964319
|move|p2a: YeeHaw~|Nasty Plot|p2a: YeeHaw~
|-boost|p2a: YeeHaw~|spa|2
|move|p1a: Arceus|Earthquake|p2a: YeeHaw~
|-damage|p2a: YeeHaw~|58/100
|
|upkeep
|turn|8
|
|t:|1667964329
|move|p2a: YeeHaw~|Baton Pass|p2a: YeeHaw~
|
|t:|1667964331
|switch|p2a: Hells dragon|Yveltal, shiny|100/100|[from]move: Baton Pass
|-damage|p2a: Hells dragon|76/100|[from] Stealth Rock
|-ability|p2a: Hells dragon|Dark Aura
|move|p1a: Arceus|Earthquake|p2a: Hells dragon
|-immune|p2a: Hells dragon
|
|upkeep
|turn|9
|
|t:|1667964336
|move|p1a: Arceus|Swords Dance|p1a: Arceus
|-boost|p1a: Arceus|atk|2
|move|p2a: Hells dragon|Oblivion Wing|p1a: Arceus
|-damage|p1a: Arceus|26/100
|-heal|p2a: Hells dragon|100/100|[from] drain|[of] p1a: Arceus
|-damage|p2a: Hells dragon|91/100|[from] item: Life Orb
|
|-heal|p1a: Arceus|32/100|[from] item: Leftovers
|upkeep
|turn|10
|
|t:|1667964349
|-start|p2a: Hells dragon|Dynamax|
|-heal|p2a: Hells dragon|91/100|[silent]
|move|p1a: Arceus|Extreme Speed|p2a: Hells dragon
|-damage|p2a: Hells dragon|59/100
|move|p2a: Hells dragon|Max Airstream|p1a: Arceus
|-crit|p1a: Arceus
|-damage|p1a: Arceus|0 fnt
|-boost|p2a: Hells dragon|spe|1
|faint|p1a: Arceus
|-damage|p2a: Hells dragon|54/100|[from] item: Life Orb
|
|upkeep
|
|t:|1667964358
|switch|p1a: Ditto|Ditto, shiny|100/100
|-transform|p1a: Ditto|p2a: Hells dragon|[from] ability: Imposter
|-ability|p1a: Ditto|Dark Aura
|turn|11
|
|t:|1667964366
|-start|p1a: Ditto|Dynamax|
|-heal|p1a: Ditto|100/100|[silent]
|move|p1a: Ditto|Max Airstream|p2a: Hells dragon
|-damage|p2a: Hells dragon|0 fnt
|-boost|p1a: Ditto|spe|1
|faint|p2a: Hells dragon
|
|upkeep
|c|☆MRH1106|fuck
|
|t:|1667964379
|switch|p2a: Fuck you <3|Ditto, shiny|100/100
|-damage|p2a: Fuck you <3|88/100|[from] Stealth Rock
|turn|12
|
|t:|1667964382
|move|p1a: Ditto|Max Airstream|p2a: Fuck you <3
|-damage|p2a: Fuck you <3|0 fnt
|-boost|p1a: Ditto|spe|1
|faint|p2a: Fuck you <3
|
|upkeep
|
|t:|1667964386
|switch|p2a: YeeHaw~|Calyrex-Shadow|58/100
|-ability|p2a: YeeHaw~|As One
|-ability|p2a: YeeHaw~|Unnerve
|-damage|p2a: YeeHaw~|46/100|[from] Stealth Rock
|turn|13
|c|☆BrixStillNotLuvin|Fuck indeed
|
|t:|1667964397
|move|p1a: Ditto|Max Flare|p2a: YeeHaw~
|-damage|p2a: YeeHaw~|0 fnt
|-weather|SunnyDay
|faint|p2a: YeeHaw~
|
|-weather|SunnyDay|[upkeep]
|upkeep
|
|t:|1667964399
|switch|p2a: Knifepuppy|Zacian-Crowned|100/100
|-damage|p2a: Knifepuppy|94/100|[from] Stealth Rock
|-ability|p2a: Knifepuppy|Intrepid Sword|boost
|-boost|p2a: Knifepuppy|atk|1
|-end|p1a: Ditto|Dynamax
|-heal|p1a: Ditto|100/100|[silent]
|turn|14
|c|☆BrixStillNotLuvin|Gg
|c|☆MRH1106|da,
|c|☆MRH1106|dam
|c|☆MRH1106|just miss the 95% LMAO
|
|t:|1667964411
|move|p1a: Ditto|Heat Wave|p2a: Knifepuppy
|-supereffective|p2a: Knifepuppy
|-damage|p2a: Knifepuppy|0 fnt
|faint|p2a: Knifepuppy
|
|win|BrixStillNotLuvin
|raw|BrixStillNotLuvin's rating: 1631 &rarr; <strong>1663</strong><br />(+32 for winning)
|raw|MRH1106's rating: 1881 &rarr; <strong>1849</strong><br />(-32 for losing)
|l|☆MRH1106
|c|☆BrixStillNotLuvin|Lol
|c|☆BrixStillNotLuvin|Wp m8
