|j|☆gotei 14
|j|☆FloomFlooms
|t:|1665765638
|gametype|singles
|player|p1|gotei 14|266|1408
|player|p2|FloomFlooms|flannery|1483
|teamsize|p1|6
|teamsize|p2|6
|gen|8
|tier|[Gen 8] National Dex AG
|rated|
|rule|HP Percentage Mod: HP is shown in percentages
|rule|Endless Battle Clause: Forcing endless battles is banned
|clearpoke
|poke|p1|Kyogre|
|poke|p1|Manaphy|
|poke|p1|Gengar, F|
|poke|p1|Salamence, M|
|poke|p1|Calyrex-Shadow|
|poke|p1|Zapdos|
|poke|p2|Buzzwole|
|poke|p2|Cinccino, F|
|poke|p2|Magearna|
|poke|p2|Smeargle, M|
|poke|p2|Grimmsnarl, M|
|poke|p2|Cinderace, F|
|teampreview
|
|t:|1665765690
|start
|switch|p1a: Manaphy|Manaphy|100/100
|switch|p2a: Snarl|Grimmsnarl, M|100/100
|turn|1
|
|t:|1665765700
|move|p2a: Snarl|Taunt|p1a: Manaphy
|-start|p1a: Manaphy|move: Taunt
|-zpower|p1a: Manaphy
|move|p1a: Manaphy|Z-Rain Dance|p1a: Manaphy|[anim]Rain Dance
|-boost|p1a: Manaphy|spe|1|[zeffect]
|-weather|RainDance
|
|-weather|RainDance|[upkeep]
|upkeep
|turn|2
|c|☆FloomFlooms|WOw
|c|☆FloomFlooms|Wow
|
|t:|1665765708
|move|p1a: Manaphy|Surf|p2a: Snarl
|-damage|p2a: Snarl|58/100
|move|p2a: Snarl|Spirit Break|p1a: Manaphy
|-crit|p1a: Manaphy
|-damage|p1a: Manaphy|54/100
|-unboost|p1a: Manaphy|spa|1
|
|-weather|RainDance|[upkeep]
|upkeep
|turn|3
|
|t:|1665765717
|move|p1a: Manaphy|Surf|p2a: Snarl
|-damage|p2a: Snarl|28/100
|move|p2a: Snarl|Spirit Break|p1a: Manaphy
|-damage|p1a: Manaphy|23/100
|-unboost|p1a: Manaphy|spa|1
|
|-weather|RainDance|[upkeep]
|-end|p1a: Manaphy|move: Taunt
|upkeep
|turn|4
|
|t:|1665765726
|move|p1a: Manaphy|Surf|p2a: Snarl
|-damage|p2a: Snarl|4/100
|move|p2a: Snarl|Spirit Break|p1a: Manaphy
|-damage|p1a: Manaphy|0 fnt
|faint|p1a: Manaphy
|
|-weather|RainDance|[upkeep]
|upkeep
|
|t:|1665765753
|switch|p1a: Gengar|Gengar, F|100/100
|turn|5
|
|t:|1665765756
|detailschange|p1a: Gengar|Gengar-Mega, F
|-mega|p1a: Gengar|Gengar|Gengarite
|move|p2a: Snarl|Thunder Wave|p1a: Gengar
|-status|p1a: Gengar|par
|move|p1a: Gengar|Shadow Ball|p2a: Snarl
|-resisted|p2a: Snarl
|-damage|p2a: Snarl|0 fnt
|faint|p2a: Snarl
|
|-weather|none
|upkeep
|
|t:|1665765762
|switch|p2a: Mawa|Magearna|100/100
|turn|6
|
|t:|1665765768
|move|p1a: Gengar|Shadow Ball|p2a: Mawa
|-damage|p2a: Mawa|70/100
|move|p2a: Mawa|Shift Gear|p2a: Mawa
|-boost|p2a: Mawa|spe|2
|-boost|p2a: Mawa|atk|1
|
|upkeep
|turn|7
|
|t:|1665765775
|move|p2a: Mawa|Shift Gear|p2a: Mawa
|-boost|p2a: Mawa|spe|2
|-boost|p2a: Mawa|atk|1
|move|p1a: Gengar|Shadow Ball|p2a: Mawa
|-damage|p2a: Mawa|36/100
|
|upkeep
|turn|8
|
|t:|1665765782
|move|p2a: Mawa|Baton Pass|p2a: Mawa
|
|t:|1665765785
|switch|p2a: Painty|Smeargle, M|100/100|[from]move: Baton Pass
|move|p1a: Gengar|Shadow Ball|p2a: Painty
|-immune|p2a: Painty
|
|-ability|p2a: Painty|Moody|boost
|-boost|p2a: Painty|spd|2
|-unboost|p2a: Painty|spa|1
|upkeep
|turn|9
|
|t:|1665765791
|move|p2a: Painty|Baton Pass|p2a: Painty
|
|t:|1665765793
|switch|p2a: Hulkskito|Buzzwole, shiny|100/100|[from]move: Baton Pass
|move|p1a: Gengar|Destiny Bond|p1a: Gengar
|-singlemove|p1a: Gengar|Destiny Bond
|
|upkeep
|turn|10
|
|t:|1665765798
|move|p2a: Hulkskito|Drain Punch|p1a: Gengar
|-immune|p1a: Gengar
|cant|p1a: Gengar|par
|
|upkeep
|turn|11
|
|t:|1665765805
|move|p2a: Hulkskito|Earthquake|p1a: Gengar
|-supereffective|p1a: Gengar
|-damage|p1a: Gengar|0 fnt
|faint|p1a: Gengar
|-ability|p2a: Hulkskito|Beast Boost|boost
|-boost|p2a: Hulkskito|atk|1
|
|upkeep
|
|t:|1665765816
|switch|p1a: Kyogre|Kyogre|100/100
|detailschange|p1a: Kyogre|Kyogre-Primal
|-primal|p1a: Kyogre
|-weather|PrimordialSea|[from] ability: Primordial Sea|[of] p1a: Kyogre
|turn|12
|
|t:|1665765819
|move|p2a: Hulkskito|Drain Punch|p1a: Kyogre
|-damage|p1a: Kyogre|0 fnt
|faint|p1a: Kyogre
|-weather|none
|-ability|p2a: Hulkskito|Beast Boost|boost
|-boost|p2a: Hulkskito|atk|1
|
|upkeep
|
|t:|1665765825
|switch|p1a: Zapdos|Zapdos|100/100
|turn|13
|
|t:|1665765829
|-start|p2a: Hulkskito|Dynamax|
|-heal|p2a: Hulkskito|100/100|[silent]
|move|p2a: Hulkskito|Max Hailstorm|p1a: Zapdos
|-supereffective|p1a: Zapdos
|-damage|p1a: Zapdos|0 fnt
|-weather|Hail
|faint|p1a: Zapdos
|-ability|p2a: Hulkskito|Beast Boost|boost
|-boost|p2a: Hulkskito|atk|1
|
|-weather|Hail|[upkeep]
|-damage|p2a: Hulkskito|97/100|[from] Hail
|upkeep
|
|t:|1665765835
|switch|p1a: Salamence|Salamence, M|100/100
|turn|14
|
|t:|1665765844
|-start|p1a: Salamence|Dynamax|
|-heal|p1a: Salamence|100/100|[silent]
|move|p1a: Salamence|Max Guard|p1a: Salamence
|-singleturn|p1a: Salamence|Max Guard
|move|p2a: Hulkskito|Max Hailstorm|p1a: Salamence
|-activate|p1a: Salamence|move: Max Guard
|
|-weather|Hail|[upkeep]
|-damage|p2a: Hulkskito|94/100|[from] Hail
|-damage|p1a: Salamence|97/100|[from] Hail
|upkeep
|turn|15
|
|t:|1665765853
|move|p1a: Salamence|Max Guard|p1a: Salamence
|-singleturn|p1a: Salamence|Max Guard
|move|p2a: Hulkskito|Max Hailstorm|p1a: Salamence
|-activate|p1a: Salamence|move: Max Guard
|
|-weather|Hail|[upkeep]
|-damage|p2a: Hulkskito|91/100|[from] Hail
|-damage|p1a: Salamence|94/100|[from] Hail
|upkeep
|-end|p2a: Hulkskito|Dynamax
|-heal|p2a: Hulkskito|91/100|[silent]
|turn|16
|c|☆FloomFlooms|Hmmm
|
|t:|1665765864
|move|p2a: Hulkskito|Ice Punch|p1a: Salamence
|-supereffective|p1a: Salamence
|-damage|p1a: Salamence|0 fnt
|faint|p1a: Salamence
|-ability|p2a: Hulkskito|Beast Boost|boost
|-boost|p2a: Hulkskito|atk|1
|
|-weather|Hail|[upkeep]
|-damage|p2a: Hulkskito|85/100|[from] Hail
|upkeep
|
|t:|1665765867
|switch|p1a: Calyrex|Calyrex-Shadow|100/100
|-ability|p1a: Calyrex|As One
|-ability|p1a: Calyrex|Unnerve
|turn|17
|
|t:|1665765871
|move|p2a: Hulkskito|Earthquake|p1a: Calyrex
|-damage|p1a: Calyrex|0 fnt
|faint|p1a: Calyrex
|
|win|FloomFlooms
|raw|gotei 14's rating: 1408 &rarr; <strong>1392</strong><br />(-16 for losing)
|raw|FloomFlooms's rating: 1483 &rarr; <strong>1499</strong><br />(+16 for winning)
|c|☆FloomFlooms|GG
