|j|☆Truthankamon
|j|☆Pokemetros OP....!
|t:|1651393098
|gametype|singles
|player|p1|Truthankamon|2|1735
|player|p2|Pokemetros OP....!|leon|1619
|teamsize|p1|6
|teamsize|p2|6
|gen|8
|tier|[Gen 8] National Dex AG
|rated|
|rule|HP Percentage Mod: HP is shown in percentages
|rule|Endless Battle Clause: Forcing endless battles is banned
|clearpoke
|poke|p1|Zacian-*|
|poke|p1|Zygarde|
|poke|p1|Necrozma-Dusk-Mane|
|poke|p1|Ditto|
|poke|p1|Rayquaza|
|poke|p1|Arceus-*|
|poke|p2|Arceus-*|
|poke|p2|Arceus-*|
|poke|p2|Necrozma-Dusk-Mane|
|poke|p2|Yveltal|
|poke|p2|Marshadow|
|poke|p2|Ditto|
|teampreview
|inactive|Battle timer is ON: inactive players will automatically lose when time's up. (requested by Pokemetros OP....!)
|inactive|Pokemetros OP....! has 120 seconds left.
|
|t:|1651393152
|start
|switch|p1a: Necrozma|Necrozma-Dusk-Mane|100/100
|switch|p2a: Arceus|Arceus-Ground|100/100
|turn|1
|j| Opnoob 598
|
|t:|1651393160
|move|p2a: Arceus|Stealth Rock|p1a: Necrozma
|-sidestart|p1: Truthankamon|move: Stealth Rock
|move|p1a: Necrozma|Stealth Rock|p2a: Arceus
|-sidestart|p2: Pokemetros OP....!|move: Stealth Rock
|
|upkeep
|turn|2
|
|t:|1651393165
|switch|p1a: Arceus|Arceus-Water|100/100
|-damage|p1a: Arceus|88/100|[from] Stealth Rock
|move|p2a: Arceus|Stone Edge|p1a: Arceus
|-damage|p1a: Arceus|72/100
|
|upkeep
|turn|3
|
|t:|1651393170
|move|p2a: Arceus|Earthquake|p1a: Arceus
|-damage|p1a: Arceus|46/100
|move|p1a: Arceus|Judgment|p2a: Arceus
|-supereffective|p2a: Arceus
|-damage|p2a: Arceus|32/100
|
|upkeep
|turn|4
|
|t:|1651393174
|-zpower|p2a: Arceus
|move|p2a: Arceus|Tectonic Rage|p1a: Arceus|[zeffect]
|-damage|p1a: Arceus|0 fnt
|faint|p1a: Arceus
|
|upkeep
|
|t:|1651393187
|switch|p1a: Rayquaza|Rayquaza|100/100
|-damage|p1a: Rayquaza|76/100|[from] Stealth Rock
|-ability|p1a: Rayquaza|Air Lock
|turn|5
|
|t:|1651393189
|detailschange|p1a: Rayquaza|Rayquaza-Mega
|-mega|p1a: Rayquaza|Rayquaza|
|-weather|DeltaStream|[from] ability: Delta Stream|[of] p1a: Rayquaza
|move|p1a: Rayquaza|Dragon Ascent|p2a: Arceus
|-damage|p2a: Arceus|0 fnt
|-unboost|p1a: Rayquaza|def|1
|-unboost|p1a: Rayquaza|spd|1
|faint|p2a: Arceus
|-damage|p1a: Rayquaza|66/100|[from] item: Life Orb
|
|-weather|DeltaStream|[upkeep]
|upkeep
|
|t:|1651393210
|switch|p2a: Marshadow|Marshadow|100/100
|-damage|p2a: Marshadow|94/100|[from] Stealth Rock
|turn|6
|
|t:|1651393218
|-weather|none
|switch|p1a: Necrozma|Necrozma-Dusk-Mane|100/100
|-damage|p1a: Necrozma|94/100|[from] Stealth Rock
|move|p2a: Marshadow|Poltergeist|p1a: Necrozma
|-activate|p1a: Necrozma|move: Poltergeist|Rocky Helmet
|-supereffective|p1a: Necrozma
|-crit|p1a: Necrozma
|-damage|p1a: Necrozma|8/100
|-damage|p2a: Marshadow|84/100|[from] item: Life Orb
|
|upkeep
|turn|7
|j| immarickrollyou
|
|t:|1651393229
|move|p2a: Marshadow|Shadow Sneak|p1a: Necrozma
|-supereffective|p1a: Necrozma
|-damage|p1a: Necrozma|0 fnt
|-damage|p2a: Marshadow|68/100|[from] item: Rocky Helmet|[of] p1a: Necrozma
|faint|p1a: Necrozma
|-damage|p2a: Marshadow|58/100|[from] item: Life Orb
|
|upkeep
|c| immarickrollyou|UMM HI AND BYE
|
|t:|1651393243
|switch|p1a: Zygarde|Zygarde|100/100
|-damage|p1a: Zygarde|94/100|[from] Stealth Rock
|turn|8
|l| immarickrollyou
|
|t:|1651393258
|switch|p2a: Arceus|Arceus-Electric|100/100
|-damage|p2a: Arceus|88/100|[from] Stealth Rock
|move|p1a: Zygarde|Thousand Arrows|p2a: Arceus
|-supereffective|p2a: Arceus
|-damage|p2a: Arceus|32/100
|
|-heal|p1a: Zygarde|100/100|[from] item: Leftovers
|upkeep
|turn|9
|
|t:|1651393271
|switch|p1a: Zacian|Zacian-Crowned|100/100
|-damage|p1a: Zacian|94/100|[from] Stealth Rock
|-ability|p1a: Zacian|Intrepid Sword|boost
|-boost|p1a: Zacian|atk|1
|move|p2a: Arceus|Ice Beam|p1a: Zacian
|-resisted|p1a: Zacian
|-crit|p1a: Zacian
|-damage|p1a: Zacian|76/100
|-status|p1a: Zacian|frz
|
|upkeep
|turn|10
|c|☆Truthankamon|3dgxkavzzkxabzkv
|c| Opnoob 598|LOL
|c|☆Truthankamon|What
|c|☆Truthankamon|Are you serious
|inactive|Truthankamon has 120 seconds left.
|inactive|Pokemetros OP....! has 120 seconds left.
|
|t:|1651393322
|switch|p1a: Ditto|Ditto|100/100
|-damage|p1a: Ditto|88/100|[from] Stealth Rock
|-transform|p1a: Ditto|p2a: Arceus|[from] ability: Imposter
|move|p2a: Arceus|Recover|p2a: Arceus
|-heal|p2a: Arceus|82/100
|
|upkeep
|turn|11
|inactive|Truthankamon has 120 seconds left.
|
|t:|1651393339
|move|p1a: Ditto|Ice Beam|p2a: Arceus
|-damage|p2a: Arceus|62/100
|move|p2a: Arceus|Calm Mind|p2a: Arceus
|-boost|p2a: Arceus|spa|1
|-boost|p2a: Arceus|spd|1
|
|upkeep
|turn|12
|
|t:|1651393343
|move|p1a: Ditto|Ice Beam|p2a: Arceus
|-damage|p2a: Arceus|49/100
|move|p2a: Arceus|Recover|p2a: Arceus
|-heal|p2a: Arceus|99/100
|
|upkeep
|turn|13
|
|t:|1651393346
|move|p1a: Ditto|Ice Beam|p2a: Arceus
|-damage|p2a: Arceus|86/100
|move|p2a: Arceus|Calm Mind|p2a: Arceus
|-boost|p2a: Arceus|spa|1
|-boost|p2a: Arceus|spd|1
|
|upkeep
|turn|14
|
|t:|1651393349
|switch|p1a: Zacian|Zacian-Crowned|76/100 frz
|-damage|p1a: Zacian|70/100 frz|[from] Stealth Rock
|-ability|p1a: Zacian|Intrepid Sword|boost
|-boost|p1a: Zacian|atk|1
|move|p2a: Arceus|Judgment|p1a: Zacian
|-damage|p1a: Zacian|0 fnt
|faint|p1a: Zacian
|
|upkeep
|
|t:|1651393354
|switch|p1a: Rayquaza|Rayquaza-Mega|66/100
|-damage|p1a: Rayquaza|41/100|[from] Stealth Rock
|-weather|DeltaStream|[from] ability: Delta Stream|[of] p1a: Rayquaza
|turn|15
|
|t:|1651393359
|move|p2a: Arceus|Ice Beam|p1a: Rayquaza
|-activate||deltastream
|-supereffective|p1a: Rayquaza
|-damage|p1a: Rayquaza|0 fnt
|faint|p1a: Rayquaza
|-weather|none
|
|upkeep
|c| Opnoob 598|Gg
|inactive|Truthankamon has 120 seconds left.
|
|t:|1651393395
|switch|p1a: Zygarde|Zygarde|100/100
|-damage|p1a: Zygarde|94/100|[from] Stealth Rock
|turn|16
|
|t:|1651393403
|-start|p1a: Zygarde|Dynamax|
|-heal|p1a: Zygarde|94/100|[silent]
|move|p2a: Arceus|Ice Beam|p1a: Zygarde
|-supereffective|p1a: Zygarde
|-damage|p1a: Zygarde|0 fnt
|faint|p1a: Zygarde
|
|upkeep
|
|t:|1651393405
|switch|p1a: Ditto|Ditto|88/100
|-damage|p1a: Ditto|76/100|[from] Stealth Rock
|-transform|p1a: Ditto|p2a: Arceus|[from] ability: Imposter
|turn|17
|
|t:|1651393408
|move|p1a: Ditto|Calm Mind|p1a: Ditto
|-boost|p1a: Ditto|spa|1
|-boost|p1a: Ditto|spd|1
|move|p2a: Arceus|Judgment|p1a: Ditto
|-resisted|p1a: Ditto
|-damage|p1a: Ditto|55/100
|
|upkeep
|turn|18
|
|t:|1651393414
|move|p1a: Ditto|Calm Mind|p1a: Ditto
|-boost|p1a: Ditto|spa|1
|-boost|p1a: Ditto|spd|1
|move|p2a: Arceus|Judgment|p1a: Ditto
|-resisted|p1a: Ditto
|-crit|p1a: Ditto
|-damage|p1a: Ditto|0 fnt
|faint|p1a: Ditto
|
|win|Pokemetros OP....!
|raw|Truthankamon's rating: 1735 &rarr; <strong>1709</strong><br />(-26 for losing)
|raw|Pokemetros OP....!'s rating: 1619 &rarr; <strong>1645</strong><br />(+26 for winning)
|c| Opnoob 598|L
|c|☆Pokemetros OP....!|Gg
