|j|☆LeftRayquaza
|j|☆rajof
|t:|1660973650
|gametype|singles
|player|p1|LeftRayquaza|steven|1793
|player|p2|rajof|youngster-gen4|1783
|teamsize|p1|6
|teamsize|p2|6
|gen|8
|tier|[Gen 8] National Dex AG
|rated|
|rule|HP Percentage Mod: HP is shown in percentages
|rule|Endless Battle Clause: Forcing endless battles is banned
|clearpoke
|poke|p1|Rayquaza|
|poke|p1|Groudon|
|poke|p1|Yveltal|
|poke|p1|Ditto|
|poke|p1|Kyogre|
|poke|p1|Zacian-*|
|poke|p2|Arceus-*|
|poke|p2|Ditto|
|poke|p2|Chansey, F|
|poke|p2|Lugia|
|poke|p2|Groudon|
|poke|p2|Arceus-*|
|teampreview
|inactive|Battle timer is ON: inactive players will automatically lose when time's up. (requested by LeftRayquaza)
|
|t:|1660973691
|start
|switch|p1a: Yveltal|Yveltal|100/100
|switch|p2a: 루기아|Lugia|100/100
|-ability|p1a: Yveltal|Dark Aura
|turn|1
|
|t:|1660973695
|move|p1a: Yveltal|Dark Pulse|p2a: 루기아
|-supereffective|p2a: 루기아
|-damage|p2a: 루기아|53/100
|-damage|p1a: Yveltal|91/100|[from] item: Life Orb
|move|p2a: 루기아|Toxic|p1a: Yveltal
|-status|p1a: Yveltal|tox
|
|-damage|p1a: Yveltal|85/100 tox|[from] psn
|upkeep
|turn|2
|
|t:|1660973705
|switch|p2a: 럭키|Chansey, F|100/100
|move|p1a: Yveltal|Knock Off|p2a: 럭키
|-damage|p2a: 럭키|54/100
|-enditem|p2a: 럭키|Eviolite|[from] move: Knock Off|[of] p1a: Yveltal
|-damage|p1a: Yveltal|75/100 tox|[from] item: Life Orb
|
|-damage|p1a: Yveltal|62/100 tox|[from] psn
|upkeep
|turn|3
|
|t:|1660973723
|switch|p1a: Zacian|Zacian-Crowned|100/100
|-ability|p1a: Zacian|Intrepid Sword|boost
|-boost|p1a: Zacian|atk|1
|move|p2a: 럭키|Wish|p2a: 럭키
|
|upkeep
|turn|4
|
|t:|1660973726
|switch|p2a: 루기아|Lugia|53/100
|move|p1a: Zacian|Substitute|p1a: Zacian
|-start|p1a: Zacian|Substitute
|-damage|p1a: Zacian|76/100
|
|-heal|p2a: 루기아|100/100|[from] move: Wish|[wisher] 럭키
|upkeep
|turn|5
|
|t:|1660973731
|move|p1a: Zacian|Behemoth Blade|p2a: 루기아
|-damage|p2a: 루기아|78/100
|-damage|p1a: Zacian|59/100|[from] item: Rocky Helmet|[of] p2a: 루기아
|move|p2a: 루기아|Roost|p2a: 루기아
|-heal|p2a: 루기아|100/100
|-singleturn|p2a: 루기아|move: Roost
|
|upkeep
|turn|6
|
|t:|1660973737
|move|p1a: Zacian|Behemoth Blade|p2a: 루기아
|-damage|p2a: 루기아|77/100
|-damage|p1a: Zacian|43/100|[from] item: Rocky Helmet|[of] p2a: 루기아
|move|p2a: 루기아|Roost|p2a: 루기아
|-heal|p2a: 루기아|100/100
|-singleturn|p2a: 루기아|move: Roost
|
|upkeep
|turn|7
|
|t:|1660973743
|switch|p1a: Yveltal|Yveltal|62/100 tox
|-ability|p1a: Yveltal|Dark Aura
|move|p2a: 루기아|Roost||[still]
|-fail|p2a: 루기아|heal
|
|-damage|p1a: Yveltal|56/100 tox|[from] psn
|upkeep
|turn|8
|
|t:|1660973749
|switch|p2a: 아르세우스|Arceus-Fairy|100/100
|move|p1a: Yveltal|Oblivion Wing|p2a: 아르세우스
|-damage|p2a: 아르세우스|60/100
|-heal|p1a: Yveltal|91/100 tox|[from] drain|[of] p2a: 아르세우스
|-damage|p1a: Yveltal|81/100 tox|[from] item: Life Orb
|
|-damage|p1a: Yveltal|69/100 tox|[from] psn
|upkeep
|turn|9
|
|t:|1660973761
|switch|p1a: Zacian|Zacian-Crowned|43/100
|-ability|p1a: Zacian|Intrepid Sword|boost
|-boost|p1a: Zacian|atk|1
|move|p2a: 아르세우스|Recover|p2a: 아르세우스
|-heal|p2a: 아르세우스|100/100
|
|upkeep
|turn|10
|inactive|rajof has 120 seconds left.
|
|t:|1660973817
|switch|p2a: 루기아|Lugia|100/100
|move|p1a: Zacian|Behemoth Blade|p2a: 루기아
|-damage|p2a: 루기아|78/100
|-damage|p1a: Zacian|26/100|[from] item: Rocky Helmet|[of] p2a: 루기아
|
|upkeep
|turn|11
|
|t:|1660973825
|switch|p1a: Yveltal|Yveltal|69/100 tox
|-ability|p1a: Yveltal|Dark Aura
|move|p2a: 루기아|Roost|p2a: 루기아
|-heal|p2a: 루기아|100/100
|-singleturn|p2a: 루기아|move: Roost
|
|-damage|p1a: Yveltal|63/100 tox|[from] psn
|upkeep
|turn|12
|inactive|rajof has 90 seconds left.
|
|t:|1660973861
|switch|p2a: 아르세우스|Arceus-Fairy|100/100
|move|p1a: Yveltal|Dark Pulse|p2a: 아르세우스
|-resisted|p2a: 아르세우스
|-damage|p2a: 아르세우스|73/100
|-damage|p1a: Yveltal|53/100 tox|[from] item: Life Orb
|
|-damage|p1a: Yveltal|41/100 tox|[from] psn
|upkeep
|turn|13
|
|t:|1660973868
|move|p1a: Yveltal|Oblivion Wing|p2a: 아르세우스
|-damage|p2a: 아르세우스|36/100
|-heal|p1a: Yveltal|72/100 tox|[from] drain|[of] p2a: 아르세우스
|-damage|p1a: Yveltal|62/100 tox|[from] item: Life Orb
|move|p2a: 아르세우스|Recover|p2a: 아르세우스
|-heal|p2a: 아르세우스|86/100
|
|-damage|p1a: Yveltal|44/100 tox|[from] psn
|upkeep
|turn|14
|
|t:|1660973874
|switch|p1a: Zacian|Zacian-Crowned|26/100
|-ability|p1a: Zacian|Intrepid Sword|boost
|-boost|p1a: Zacian|atk|1
|move|p2a: 아르세우스|Recover|p2a: 아르세우스
|-heal|p2a: 아르세우스|100/100
|
|upkeep
|turn|15
|
|t:|1660973886
|switch|p1a: Groudon|Groudon|100/100
|detailschange|p1a: Groudon|Groudon-Primal
|-primal|p1a: Groudon
|-weather|DesolateLand|[from] ability: Desolate Land|[of] p1a: Groudon
|switch|p2a: 루기아|Lugia|100/100
|
|-weather|DesolateLand|[upkeep]
|upkeep
|turn|16
|
|t:|1660973899
|move|p2a: 루기아|Toxic|p1a: Groudon
|-status|p1a: Groudon|tox
|move|p1a: Groudon|Stealth Rock|p2a: 루기아
|-sidestart|p2: rajof|move: Stealth Rock
|
|-weather|DesolateLand|[upkeep]
|-damage|p1a: Groudon|94/100 tox|[from] psn
|upkeep
|turn|17
|
|t:|1660973903
|-weather|none
|switch|p1a: Yveltal|Yveltal|44/100 tox
|-ability|p1a: Yveltal|Dark Aura
|move|p2a: 루기아|Defog|p1a: Yveltal
|-unboost|p1a: Yveltal|evasion|1
|-sideend|p2: rajof|Stealth Rock|[from] move: Defog|[of] p2a: 루기아
|
|-damage|p1a: Yveltal|38/100 tox|[from] psn
|upkeep
|turn|18
|
|t:|1660973909
|switch|p2a: 아르세우스|Arceus-Fairy|100/100
|move|p1a: Yveltal|Oblivion Wing|p2a: 아르세우스
|-damage|p2a: 아르세우스|61/100
|-heal|p1a: Yveltal|72/100 tox|[from] drain|[of] p2a: 아르세우스
|-damage|p1a: Yveltal|62/100 tox|[from] item: Life Orb
|
|-damage|p1a: Yveltal|49/100 tox|[from] psn
|upkeep
|turn|19
|
|t:|1660973914
|switch|p1a: Groudon|Groudon-Primal|94/100 tox
|-weather|DesolateLand|[from] ability: Desolate Land|[of] p1a: Groudon
|move|p2a: 아르세우스|Recover|p2a: 아르세우스
|-heal|p2a: 아르세우스|100/100
|
|-weather|DesolateLand|[upkeep]
|-damage|p1a: Groudon|88/100 tox|[from] psn
|upkeep
|turn|20
|
|t:|1660973917
|switch|p2a: 루기아|Lugia|100/100
|move|p1a: Groudon|Stone Edge|p2a: 루기아
|-supereffective|p2a: 루기아
|-damage|p2a: 루기아|79/100
|
|-weather|DesolateLand|[upkeep]
|-damage|p1a: Groudon|76/100 tox|[from] psn
|upkeep
|turn|21
|
|t:|1660973922
|-weather|none
|switch|p1a: Yveltal|Yveltal|49/100 tox
|-ability|p1a: Yveltal|Dark Aura
|move|p2a: 루기아|Roost|p2a: 루기아
|-heal|p2a: 루기아|100/100
|-singleturn|p2a: 루기아|move: Roost
|
|-damage|p1a: Yveltal|43/100 tox|[from] psn
|upkeep
|turn|22
|
|t:|1660973925
|switch|p2a: 아르세우스|Arceus-Fairy|100/100
|move|p1a: Yveltal|Oblivion Wing|p2a: 아르세우스
|-damage|p2a: 아르세우스|61/100
|-heal|p1a: Yveltal|77/100 tox|[from] drain|[of] p2a: 아르세우스
|-damage|p1a: Yveltal|67/100 tox|[from] item: Life Orb
|
|-damage|p1a: Yveltal|55/100 tox|[from] psn
|upkeep
|turn|23
|
|t:|1660973928
|switch|p1a: Groudon|Groudon-Primal|76/100 tox
|-weather|DesolateLand|[from] ability: Desolate Land|[of] p1a: Groudon
|move|p2a: 아르세우스|Recover|p2a: 아르세우스
|-heal|p2a: 아르세우스|100/100
|
|-weather|DesolateLand|[upkeep]
|-damage|p1a: Groudon|70/100 tox|[from] psn
|upkeep
|turn|24
|
|t:|1660973933
|-weather|none
|switch|p1a: Yveltal|Yveltal|55/100 tox
|-ability|p1a: Yveltal|Dark Aura
|move|p2a: 아르세우스|Earth Power|p1a: Yveltal
|-immune|p1a: Yveltal
|
|-damage|p1a: Yveltal|49/100 tox|[from] psn
|upkeep
|turn|25
|
|t:|1660973938
|move|p1a: Yveltal|Oblivion Wing|p2a: 아르세우스
|-damage|p2a: 아르세우스|60/100
|-heal|p1a: Yveltal|83/100 tox|[from] drain|[of] p2a: 아르세우스
|-damage|p1a: Yveltal|73/100 tox|[from] item: Life Orb
|move|p2a: 아르세우스|Judgment|p1a: Yveltal
|-supereffective|p1a: Yveltal
|-damage|p1a: Yveltal|0 fnt
|faint|p1a: Yveltal
|
|upkeep
|
|t:|1660973940
|switch|p1a: Rayquaza|Rayquaza|100/100
|-ability|p1a: Rayquaza|Air Lock
|turn|26
|
|t:|1660973946
|switch|p2a: 루기아|Lugia|100/100
|detailschange|p1a: Rayquaza|Rayquaza-Mega
|-mega|p1a: Rayquaza|Rayquaza|
|-weather|DeltaStream|[from] ability: Delta Stream|[of] p1a: Rayquaza
|move|p1a: Rayquaza|Dragon Ascent|p2a: 루기아
|-damage|p2a: 루기아|80/100
|-unboost|p1a: Rayquaza|def|1
|-unboost|p1a: Rayquaza|spd|1
|-damage|p1a: Rayquaza|84/100|[from] item: Rocky Helmet|[of] p2a: 루기아
|
|-weather|DeltaStream|[upkeep]
|upkeep
|turn|27
|
|t:|1660973952
|move|p1a: Rayquaza|Dragon Dance|p1a: Rayquaza
|-boost|p1a: Rayquaza|atk|1
|-boost|p1a: Rayquaza|spe|1
|move|p2a: 루기아|Roost|p2a: 루기아
|-heal|p2a: 루기아|100/100
|-singleturn|p2a: 루기아|move: Roost
|
|-weather|DeltaStream|[upkeep]
|upkeep
|turn|28
|
|t:|1660973966
|move|p1a: Rayquaza|Dragon Ascent|p2a: 루기아
|-damage|p2a: 루기아|67/100
|-unboost|p1a: Rayquaza|def|1
|-unboost|p1a: Rayquaza|spd|1
|-damage|p1a: Rayquaza|68/100|[from] item: Rocky Helmet|[of] p2a: 루기아
|move|p2a: 루기아|Roost|p2a: 루기아
|-heal|p2a: 루기아|100/100
|-singleturn|p2a: 루기아|move: Roost
|
|-weather|DeltaStream|[upkeep]
|upkeep
|turn|29
|
|t:|1660973969
|move|p1a: Rayquaza|Dragon Dance|p1a: Rayquaza
|-boost|p1a: Rayquaza|atk|1
|-boost|p1a: Rayquaza|spe|1
|move|p2a: 루기아|Aeroblast|p1a: Rayquaza
|-damage|p1a: Rayquaza|4/100
|
|-weather|DeltaStream|[upkeep]
|upkeep
|turn|30
|
|t:|1660973975
|move|p1a: Rayquaza|Dragon Ascent|p2a: 루기아
|-damage|p2a: 루기아|61/100
|-unboost|p1a: Rayquaza|def|1
|-unboost|p1a: Rayquaza|spd|1
|-damage|p1a: Rayquaza|0 fnt|[from] item: Rocky Helmet|[of] p2a: 루기아
|faint|p1a: Rayquaza
|-weather|none
|move|p2a: 루기아|Roost|p2a: 루기아
|-heal|p2a: 루기아|100/100
|-singleturn|p2a: 루기아|move: Roost
|
|upkeep
|
|t:|1660973983
|switch|p1a: Kyogre|Kyogre|100/100
|-weather|RainDance|[from] ability: Drizzle|[of] p1a: Kyogre
|turn|31
|
|t:|1660973994
|move|p1a: Kyogre|Ice Beam|p2a: 루기아
|-supereffective|p2a: 루기아
|-damage|p2a: 루기아|81/100
|move|p2a: 루기아|Toxic|p1a: Kyogre
|-status|p1a: Kyogre|tox
|
|-weather|RainDance|[upkeep]
|-damage|p1a: Kyogre|94/100 tox|[from] psn
|upkeep
|turn|32
|
|t:|1660973998
|switch|p2a: 그란돈|Groudon|100/100
|detailschange|p2a: 그란돈|Groudon-Primal
|-primal|p2a: 그란돈
|-weather|DesolateLand|[from] ability: Desolate Land|[of] p2a: 그란돈
|move|p1a: Kyogre|Ice Beam|p2a: 그란돈
|-damage|p2a: 그란돈|68/100
|
|-weather|DesolateLand|[upkeep]
|-damage|p1a: Kyogre|82/100 tox|[from] psn
|upkeep
|turn|33
|
|t:|1660974001
|switch|p1a: Groudon|Groudon-Primal|70/100 tox
|switch|p2a: 럭키|Chansey, F|54/100
|
|-weather|DesolateLand|[upkeep]
|-damage|p1a: Groudon|63/100 tox|[from] psn
|upkeep
|turn|34
|
|t:|1660974007
|switch|p2a: 루기아|Lugia|81/100
|move|p1a: Groudon|Stone Edge|p2a: 루기아
|-supereffective|p2a: 루기아
|-damage|p2a: 루기아|34/100
|
|-weather|DesolateLand|[upkeep]
|-damage|p1a: Groudon|51/100 tox|[from] psn
|upkeep
|turn|35
|
|t:|1660974011
|move|p2a: 루기아|Roost|p2a: 루기아
|-heal|p2a: 루기아|84/100
|-singleturn|p2a: 루기아|move: Roost
|move|p1a: Groudon|Precipice Blades|p2a: 루기아|[miss]
|-miss|p1a: Groudon|p2a: 루기아
|
|-weather|DesolateLand|[upkeep]
|-damage|p1a: Groudon|32/100 tox|[from] psn
|upkeep
|turn|36
|
|t:|1660974035
|move|p2a: 루기아|Aeroblast|p1a: Groudon
|-damage|p1a: Groudon|2/100 tox
|move|p1a: Groudon|Precipice Blades|p2a: 루기아
|-immune|p2a: 루기아
|
|-weather|DesolateLand|[upkeep]
|-damage|p1a: Groudon|0 fnt|[from] psn
|faint|p1a: Groudon
|-weather|none
|upkeep
|
|t:|1660974041
|switch|p1a: Zacian|Zacian-Crowned|26/100
|-ability|p1a: Zacian|Intrepid Sword|boost
|-boost|p1a: Zacian|atk|1
|turn|37
|
|t:|1660974068
|move|p1a: Zacian|Behemoth Blade|p2a: 루기아
|-damage|p2a: 루기아|35/100
|-damage|p1a: Zacian|9/100|[from] item: Rocky Helmet|[of] p2a: 루기아
|move|p2a: 루기아|Roost|p2a: 루기아
|-heal|p2a: 루기아|85/100
|-singleturn|p2a: 루기아|move: Roost
|
|upkeep
|turn|38
|
|t:|1660974072
|move|p1a: Zacian|Behemoth Blade|p2a: 루기아
|-damage|p2a: 루기아|37/100
|-damage|p1a: Zacian|0 fnt|[from] item: Rocky Helmet|[of] p2a: 루기아
|faint|p1a: Zacian
|move|p2a: 루기아|Roost|p2a: 루기아
|-heal|p2a: 루기아|87/100
|-singleturn|p2a: 루기아|move: Roost
|
|upkeep
|
|t:|1660974076
|switch|p1a: Ditto|Ditto|100/100
|-transform|p1a: Ditto|p2a: 루기아|[from] ability: Imposter
|turn|39
|
|t:|1660974081
|switch|p2a: 럭키|Chansey, F|54/100
|move|p1a: Ditto|Toxic|p2a: 럭키|[miss]
|-miss|p1a: Ditto|p2a: 럭키
|
|upkeep
|turn|40
|
|t:|1660974086
|switch|p1a: Kyogre|Kyogre|82/100 tox
|-weather|RainDance|[from] ability: Drizzle|[of] p1a: Kyogre
|move|p2a: 럭키|Wish|p2a: 럭키
|
|-weather|RainDance|[upkeep]
|-damage|p1a: Kyogre|76/100 tox|[from] psn
|upkeep
|turn|41
|
|t:|1660974090
|move|p2a: 럭키|Protect|p2a: 럭키
|-singleturn|p2a: 럭키|Protect
|move|p1a: Kyogre|Origin Pulse|p2a: 럭키
|-activate|p2a: 럭키|move: Protect
|
|-weather|RainDance|[upkeep]
|-heal|p2a: 럭키|100/100|[from] move: Wish|[wisher] 럭키
|-damage|p1a: Kyogre|64/100 tox|[from] psn
|upkeep
|turn|42
|
|t:|1660974096
|-start|p1a: Kyogre|Dynamax|
|-heal|p1a: Kyogre|64/100 tox|[silent]
|move|p1a: Kyogre|Max Hailstorm|p2a: 럭키
|-damage|p2a: 럭키|78/100
|-weather|Hail
|move|p2a: 럭키|Wish|p2a: 럭키
|
|-weather|Hail|[upkeep]
|-damage|p1a: Kyogre|60/100 tox|[from] Hail
|-damage|p2a: 럭키|72/100|[from] Hail
|-damage|p1a: Kyogre|51/100 tox|[from] psn
|upkeep
|turn|43
|
|t:|1660974100
|move|p2a: 럭키|Protect|p2a: 럭키
|-singleturn|p2a: 럭키|Protect
|move|p1a: Kyogre|Max Geyser|p2a: 럭키
|-zbroken|p2a: 럭키
|-damage|p2a: 럭키|63/100
|-weather|RainDance
|
|-weather|RainDance|[upkeep]
|-heal|p2a: 럭키|100/100|[from] move: Wish|[wisher] 럭키
|-damage|p1a: Kyogre|39/100 tox|[from] psn
|upkeep
|turn|44
|
|t:|1660974106
|switch|p2a: 그란돈|Groudon-Primal|68/100
|-weather|DesolateLand|[from] ability: Desolate Land|[of] p2a: 그란돈
|move|p1a: Kyogre|Max Geyser||[still]
|-fail|p1a: Kyogre|Max Geyser|[from] Desolate Land
|
|-weather|DesolateLand|[upkeep]
|-damage|p1a: Kyogre|24/100 tox|[from] psn
|upkeep
|-end|p1a: Kyogre|Dynamax
|-heal|p1a: Kyogre|24/100 tox|[silent]
|turn|45
|
|t:|1660974110
|switch|p1a: Ditto|Ditto|100/100
|-transform|p1a: Ditto|p2a: 그란돈|[from] ability: Imposter
|switch|p2a: 럭키|Chansey, F|100/100
|
|-weather|DesolateLand|[upkeep]
|upkeep
|turn|46
|
|t:|1660974116
|move|p1a: Ditto|Rock Tomb|p2a: 럭키
|-damage|p2a: 럭키|70/100
|-unboost|p2a: 럭키|spe|1
|move|p2a: 럭키|Wish|p2a: 럭키
|
|-weather|DesolateLand|[upkeep]
|upkeep
|turn|47
|
|t:|1660974122
|-weather|none
|switch|p1a: Kyogre|Kyogre|24/100 tox
|-weather|RainDance|[from] ability: Drizzle|[of] p1a: Kyogre
|move|p2a: 럭키|Toxic|p1a: Kyogre|[miss]
|-miss|p2a: 럭키|p1a: Kyogre
|
|-weather|RainDance|[upkeep]
|-heal|p2a: 럭키|100/100|[from] move: Wish|[wisher] 럭키
|-damage|p1a: Kyogre|18/100 tox|[from] psn
|upkeep
|turn|48
|
|t:|1660974126
|move|p1a: Kyogre|Origin Pulse|p2a: 럭키
|-damage|p2a: 럭키|57/100
|move|p2a: 럭키|Seismic Toss|p1a: Kyogre
|-damage|p1a: Kyogre|0 fnt
|faint|p1a: Kyogre
|
|-weather|RainDance|[upkeep]
|upkeep
|
|t:|1660974130
|switch|p1a: Ditto|Ditto|100/100
|-transform|p1a: Ditto|p2a: 럭키|[from] ability: Imposter
|turn|49
|
|t:|1660974132
|move|p2a: 럭키|Protect|p2a: 럭키
|-singleturn|p2a: 럭키|Protect
|move|p1a: Ditto|Seismic Toss|p2a: 럭키
|-activate|p2a: 럭키|move: Protect
|
|-weather|RainDance|[upkeep]
|upkeep
|turn|50
|
|t:|1660974136
|move|p1a: Ditto|Seismic Toss|p2a: 럭키
|-damage|p2a: 럭키|42/100
|move|p2a: 럭키|Wish|p2a: 럭키
|
|-weather|RainDance|[upkeep]
|upkeep
|turn|51
|
|t:|1660974141
|switch|p2a: 그란돈|Groudon-Primal|68/100
|-weather|DesolateLand|[from] ability: Desolate Land|[of] p2a: 그란돈
|move|p1a: Ditto|Seismic Toss|p2a: 그란돈
|-damage|p2a: 그란돈|43/100
|
|-weather|DesolateLand|[upkeep]
|-heal|p2a: 그란돈|100/100|[from] move: Wish|[wisher] 럭키
|upkeep
|turn|52
|inactive|LeftRayquaza has 120 seconds left.
|
|t:|1660974176
|-weather|none
|switch|p2a: 루기아|Lugia|87/100
|move|p1a: Ditto|Seismic Toss|p2a: 루기아
|-damage|p2a: 루기아|63/100
|-damage|p1a: Ditto|84/100|[from] item: Rocky Helmet|[of] p2a: 루기아
|
|upkeep
|turn|53
|
|t:|1660974182
|move|p2a: 루기아|Roost|p2a: 루기아
|-heal|p2a: 루기아|100/100
|-singleturn|p2a: 루기아|move: Roost
|move|p1a: Ditto|Seismic Toss|p2a: 루기아
|-damage|p2a: 루기아|76/100
|-damage|p1a: Ditto|67/100|[from] item: Rocky Helmet|[of] p2a: 루기아
|
|upkeep
|turn|54
|
|t:|1660974191
|move|p2a: 루기아|Roost|p2a: 루기아
|-heal|p2a: 루기아|100/100
|-singleturn|p2a: 루기아|move: Roost
|-activate|p1a: Ditto|move: Struggle
|move|p1a: Ditto|Struggle|p2a: 루기아
|-damage|p2a: 루기아|99/100
|-damage|p1a: Ditto|50/100|[from] item: Rocky Helmet|[of] p2a: 루기아
|-damage|p1a: Ditto|25/100|[from] recoil
|
|upkeep
|turn|55
|
|t:|1660974194
|move|p2a: 루기아|Roost|p2a: 루기아
|-heal|p2a: 루기아|100/100
|-singleturn|p2a: 루기아|move: Roost
|-activate|p1a: Ditto|move: Struggle
|move|p1a: Ditto|Struggle|p2a: 루기아
|-damage|p2a: 루기아|99/100
|-damage|p1a: Ditto|9/100|[from] item: Rocky Helmet|[of] p2a: 루기아
|-damage|p1a: Ditto|0 fnt|[from] recoil
|faint|p1a: Ditto
|
|win|rajof
|raw|LeftRayquaza's rating: 1793 &rarr; <strong>1772</strong><br />(-21 for losing)
|raw|rajof's rating: 1783 &rarr; <strong>1804</strong><br />(+21 for winning)
|l|☆rajof
|l|☆LeftRayquaza
|j|☆LeftRayquaza
|player|p1|LeftRayquaza|steven
