|j|☆hubowenwoerzi
|j|☆Defensive0
|t:|1668689031
|gametype|singles
|player|p1|hubowenwoerzi|leon-masters|1676
|player|p2|Defensive0|riley|1900
|teamsize|p1|6
|teamsize|p2|6
|gen|8
|tier|[Gen 8] National Dex AG
|rated|
|rule|HP Percentage Mod: HP is shown in percentages
|rule|Endless Battle Clause: Forcing endless battles is banned
|clearpoke
|poke|p1|Calyrex-Shadow|
|poke|p1|Necrozma-Dusk-Mane|
|poke|p1|Groudon|
|poke|p1|Zacian-*|
|poke|p1|Yveltal|
|poke|p1|Ditto|
|poke|p2|Blaziken, M|
|poke|p2|Ditto|
|poke|p2|Arceus-*|
|poke|p2|Arceus-*|
|poke|p2|Yveltal|
|poke|p2|Mewtwo|
|teampreview
|inactive|Battle timer is ON: inactive players will automatically lose when time's up. (requested by Defensive0)
|
|t:|1668689056
|start
|switch|p1a: Yveltal|Yveltal|100/100
|switch|p2a: Arceus|Arceus-Fairy|100/100
|-ability|p1a: Yveltal|Dark Aura
|turn|1
|
|t:|1668689064
|switch|p1a: Necrozma|Necrozma-Dusk-Mane|100/100
|move|p2a: Arceus|Stealth Rock|p1a: Necrozma
|-sidestart|p1: hubowenwoerzi|move: Stealth Rock
|
|upkeep
|turn|2
|
|t:|1668689068
|switch|p2a: Blaziken|Blaziken, M, shiny|100/100
|move|p1a: Necrozma|Sunsteel Strike|p2a: Blaziken
|-resisted|p2a: Blaziken
|-damage|p2a: Blaziken|60/100
|
|upkeep
|turn|3
|j| Heavenly_Xs
|
|t:|1668689072
|move|p2a: Blaziken|Flare Blitz|p1a: Necrozma
|-supereffective|p1a: Necrozma
|-damage|p1a: Necrozma|38/100
|-damage|p2a: Blaziken|43/100|[from] item: Rocky Helmet|[of] p1a: Necrozma
|-damage|p2a: Blaziken|17/100|[from] Recoil
|-damage|p2a: Blaziken|7/100|[from] item: Life Orb
|move|p1a: Necrozma|Earthquake|p2a: Blaziken
|-supereffective|p2a: Blaziken
|-damage|p2a: Blaziken|0 fnt
|faint|p2a: Blaziken
|
|upkeep
|l| Heavenly_Xs
|
|t:|1668689080
|switch|p2a: Yveltal|Yveltal, shiny|100/100
|-ability|p2a: Yveltal|Dark Aura
|turn|4
|
|t:|1668689084
|move|p2a: Yveltal|Foul Play|p1a: Necrozma
|-supereffective|p1a: Necrozma
|-crit|p1a: Necrozma
|-damage|p1a: Necrozma|0 fnt
|-damage|p2a: Yveltal|84/100|[from] item: Rocky Helmet|[of] p1a: Necrozma
|faint|p1a: Necrozma
|
|upkeep
|
|t:|1668689109
|switch|p1a: Groudon|Groudon|100/100
|-damage|p1a: Groudon|94/100|[from] Stealth Rock
|detailschange|p1a: Groudon|Groudon-Primal
|-primal|p1a: Groudon
|-weather|DesolateLand|[from] ability: Desolate Land|[of] p1a: Groudon
|turn|5
|
|t:|1668689116
|move|p2a: Yveltal|Foul Play|p1a: Groudon
|-damage|p1a: Groudon|52/100
|move|p1a: Groudon|Stone Edge|p2a: Yveltal
|-supereffective|p2a: Yveltal
|-damage|p2a: Yveltal|40/100
|
|-weather|DesolateLand|[upkeep]
|upkeep
|turn|6
|
|t:|1668689121
|move|p2a: Yveltal|Roost|p2a: Yveltal
|-heal|p2a: Yveltal|90/100
|-singleturn|p2a: Yveltal|move: Roost
|move|p1a: Groudon|Stone Edge|p2a: Yveltal
|-damage|p2a: Yveltal|70/100
|
|-weather|DesolateLand|[upkeep]
|upkeep
|turn|7
|
|t:|1668689126
|move|p2a: Yveltal|Foul Play|p1a: Groudon
|-damage|p1a: Groudon|10/100
|move|p1a: Groudon|Overheat|p2a: Yveltal
|-damage|p2a: Yveltal|0 fnt
|-unboost|p1a: Groudon|spa|2
|faint|p2a: Yveltal
|
|-weather|DesolateLand|[upkeep]
|upkeep
|
|t:|1668689138
|switch|p2a: Ditto|Ditto, shiny|100/100
|-transform|p2a: Ditto|p1a: Groudon|[from] ability: Imposter
|turn|8
|j| lmp2
|
|t:|1668689148
|move|p2a: Ditto|Precipice Blades|p1a: Groudon
|-supereffective|p1a: Groudon
|-damage|p1a: Groudon|0 fnt
|faint|p1a: Groudon
|
|-weather|DesolateLand|[upkeep]
|upkeep
|inactive|hubowenwoerzi has 120 seconds left.
|
|t:|1668689198
|switch|p1a: Yveltal|Yveltal|100/100
|-damage|p1a: Yveltal|76/100|[from] Stealth Rock
|-ability|p1a: Yveltal|Dark Aura
|turn|9
|l| lmp2
|
|t:|1668689203
|-weather|none
|switch|p2a: Arceus|Arceus-Fairy|100/100
|-start|p1a: Yveltal|Dynamax|
|-heal|p1a: Yveltal|76/100|[silent]
|move|p1a: Yveltal|Max Airstream|p2a: Arceus
|-damage|p2a: Arceus|59/100
|-boost|p1a: Yveltal|spe|1
|-damage|p1a: Yveltal|71/100|[from] item: Life Orb
|
|upkeep
|turn|10
|
|t:|1668689209
|move|p1a: Yveltal|Max Flare|p2a: Arceus
|-damage|p2a: Arceus|31/100
|-weather|SunnyDay
|-damage|p1a: Yveltal|66/100|[from] item: Life Orb
|move|p2a: Arceus|Recover|p2a: Arceus
|-heal|p2a: Arceus|81/100
|
|-weather|SunnyDay|[upkeep]
|upkeep
|turn|11
|
|t:|1668689215
|move|p1a: Yveltal|Max Airstream|p2a: Arceus
|-damage|p2a: Arceus|36/100
|-boost|p1a: Yveltal|spe|1
|-damage|p1a: Yveltal|61/100|[from] item: Life Orb
|move|p2a: Arceus|Recover|p2a: Arceus
|-heal|p2a: Arceus|86/100
|
|-weather|SunnyDay|[upkeep]
|upkeep
|-end|p1a: Yveltal|Dynamax
|-heal|p1a: Yveltal|61/100|[silent]
|turn|12
|
|t:|1668689220
|move|p1a: Yveltal|Heat Wave|p2a: Arceus
|-crit|p2a: Arceus
|-damage|p2a: Arceus|36/100
|-damage|p1a: Yveltal|51/100|[from] item: Life Orb
|move|p2a: Arceus|Judgment|p1a: Yveltal
|-supereffective|p1a: Yveltal
|-damage|p1a: Yveltal|0 fnt
|faint|p1a: Yveltal
|
|-weather|SunnyDay|[upkeep]
|upkeep
|
|t:|1668689223
|switch|p1a: Zacian|Zacian-Crowned|100/100
|-damage|p1a: Zacian|94/100|[from] Stealth Rock
|-ability|p1a: Zacian|Intrepid Sword|boost
|-boost|p1a: Zacian|atk|1
|turn|13
|
|t:|1668689226
|move|p1a: Zacian|Behemoth Blade|p2a: Arceus
|-supereffective|p2a: Arceus
|-damage|p2a: Arceus|0 fnt
|faint|p2a: Arceus
|
|-weather|SunnyDay|[upkeep]
|upkeep
|
|t:|1668689228
|switch|p2a: Ditto|Ditto, shiny|100/100
|-transform|p2a: Ditto|p1a: Zacian|[from] ability: Imposter
|-ability|p2a: Ditto|Intrepid Sword|boost
|-boost|p2a: Ditto|atk|1
|turn|14
|
|t:|1668689232
|move|p2a: Ditto|Behemoth Blade|p1a: Zacian
|-damage|p1a: Zacian|0 fnt
|faint|p1a: Zacian
|
|-weather|none
|upkeep
|j| jivbnbnb
|inactive|hubowenwoerzi has 120 seconds left.
|
|t:|1668689276
|switch|p1a: Calyrex|Calyrex-Shadow|100/100
|-ability|p1a: Calyrex|As One
|-ability|p1a: Calyrex|Unnerve
|-damage|p1a: Calyrex|88/100|[from] Stealth Rock
|turn|15
|
|t:|1668689283
|move|p1a: Calyrex|Astral Barrage|p2a: Ditto
|-damage|p2a: Ditto|31/100
|move|p2a: Ditto|Behemoth Blade|p1a: Calyrex
|-damage|p1a: Calyrex|0 fnt
|faint|p1a: Calyrex
|
|upkeep
|
|t:|1668689286
|switch|p1a: Ditto|Ditto|100/100
|-damage|p1a: Ditto|88/100|[from] Stealth Rock
|turn|16
|
|t:|1668689290
|move|p2a: Ditto|Behemoth Blade|p1a: Ditto
|-damage|p1a: Ditto|0 fnt
|faint|p1a: Ditto
|
|win|Defensive0
|raw|hubowenwoerzi's rating: 1676 &rarr; <strong>1667</strong><br />(-9 for losing)
|raw|Defensive0's rating: 1900 &rarr; <strong>1909</strong><br />(+9 for winning)
|l|☆Defensive0
|j|☆Defensive0
|player|p2|Defensive0|riley
|l|☆hubowenwoerzi
||Ladder isn't responding, score probably updated but might not have (Request timeout).
