|j|☆kaksoispiste ddddd
|j|☆sadvoid
|t:|1667326782
|gametype|singles
|player|p1|kaksoispiste ddddd|dawn-gen4pt|1491
|player|p2|sadvoid|unknownf|1582
|teamsize|p1|6
|teamsize|p2|6
|gen|8
|tier|[Gen 8] National Dex AG
|rated|
|rule|HP Percentage Mod: HP is shown in percentages
|rule|Endless Battle Clause: Forcing endless battles is banned
|clearpoke
|poke|p1|Gengar, M|
|poke|p1|Lugia|
|poke|p1|Blaziken, M|
|poke|p1|Bastiodon, M|
|poke|p1|Galvantula, F|
|poke|p1|Diggersby, M|
|poke|p2|Landorus-Therian, M|
|poke|p2|Landorus-Therian, M|
|poke|p2|Landorus-Therian, M|
|poke|p2|Landorus-Therian, M|
|poke|p2|Landorus-Therian, M|
|poke|p2|Landorus-Therian, M|
|teampreview
|
|t:|1667326787
|start
|switch|p1a: Bastiodon|Bastiodon, M|100/100
|switch|p2a: Landorus|Landorus-Therian, M|100/100
|-ability|p2a: Landorus|Intimidate|boost
|-unboost|p1a: Bastiodon|atk|1
|-item|p1a: Bastiodon|Air Balloon
|turn|1
|
|t:|1667326796
|move|p2a: Landorus|Superpower|p1a: Bastiodon
|-supereffective|p1a: Bastiodon
|-ability|p1a: Bastiodon|Sturdy
|-damage|p1a: Bastiodon|1/100
|-unboost|p2a: Landorus|atk|1
|-unboost|p2a: Landorus|def|1
|-enditem|p1a: Bastiodon|Air Balloon
|move|p1a: Bastiodon|Stealth Rock|p2a: Landorus
|-sidestart|p2: sadvoid|move: Stealth Rock
|
|upkeep
|turn|2
|
|t:|1667326805
|switch|p2a: Landorus|Landorus-Therian, M|100/100
|-damage|p2a: Landorus|88/100|[from] Stealth Rock
|-ability|p2a: Landorus|Intimidate|boost
|-unboost|p1a: Bastiodon|atk|1
|switch|p1a: Lugia|Lugia|100/100
|
|upkeep
|turn|3
|
|t:|1667326813
|move|p2a: Landorus|U-turn|p1a: Lugia
|-damage|p1a: Lugia|92/100
|
|t:|1667326827
|switch|p2a: Landorus|Landorus-Therian, M|100/100|[from]move: U-turn
|-damage|p2a: Landorus|88/100|[from] Stealth Rock
|-ability|p2a: Landorus|Intimidate|boost
|-unboost|p1a: Lugia|atk|1
|move|p1a: Lugia|Aeroblast|p2a: Landorus
|-damage|p2a: Landorus|46/100
|
|-heal|p1a: Lugia|98/100|[from] item: Leftovers
|upkeep
|turn|4
|
|t:|1667326842
|switch|p1a: Bastiodon|Bastiodon, M|1/100
|move|p2a: Landorus|Stone Edge|p1a: Bastiodon
|-resisted|p1a: Bastiodon
|-damage|p1a: Bastiodon|0 fnt
|faint|p1a: Bastiodon
|
|upkeep
|
|t:|1667326848
|switch|p1a: Diggersby|Diggersby, M, shiny|100/100
|turn|5
|
|t:|1667326852
|switch|p2a: Landorus|Landorus-Therian, M|88/100
|-damage|p2a: Landorus|76/100|[from] Stealth Rock
|-ability|p2a: Landorus|Intimidate|boost
|-unboost|p1a: Diggersby|atk|1
|move|p1a: Diggersby|Ice Punch|p2a: Landorus
|-supereffective|p2a: Landorus
|-damage|p2a: Landorus|0 fnt
|faint|p2a: Landorus
|
|upkeep
|
|t:|1667326856
|switch|p2a: Landorus|Landorus-Therian, M|46/100
|-damage|p2a: Landorus|34/100|[from] Stealth Rock
|-ability|p2a: Landorus|Intimidate|boost
|-unboost|p1a: Diggersby|atk|1
|turn|6
|
|t:|1667326865
|switch|p1a: Lugia|Lugia|98/100
|move|p2a: Landorus|U-turn|p1a: Lugia
|-damage|p1a: Lugia|80/100
|
|t:|1667326868
|switch|p2a: Landorus|Landorus-Therian, M|100/100|[from]move: U-turn
|-damage|p2a: Landorus|88/100|[from] Stealth Rock
|-ability|p2a: Landorus|Intimidate|boost
|-unboost|p1a: Lugia|atk|1
|
|-heal|p1a: Lugia|86/100|[from] item: Leftovers
|upkeep
|turn|7
|
|t:|1667326898
|move|p2a: Landorus|Stone Edge|p1a: Lugia
|-supereffective|p1a: Lugia
|-damage|p1a: Lugia|34/100
|move|p1a: Lugia|Roost|p1a: Lugia
|-heal|p1a: Lugia|84/100
|-singleturn|p1a: Lugia|move: Roost
|
|-heal|p1a: Lugia|90/100|[from] item: Leftovers
|upkeep
|turn|8
|
|t:|1667326906
|move|p2a: Landorus|Stone Edge|p1a: Lugia
|-supereffective|p1a: Lugia
|-damage|p1a: Lugia|43/100
|move|p1a: Lugia|Roost|p1a: Lugia
|-heal|p1a: Lugia|93/100
|-singleturn|p1a: Lugia|move: Roost
|
|-heal|p1a: Lugia|99/100|[from] item: Leftovers
|upkeep
|turn|9
|
|t:|1667326914
|move|p2a: Landorus|Stone Edge|p1a: Lugia
|-supereffective|p1a: Lugia
|-damage|p1a: Lugia|52/100
|move|p1a: Lugia|Roost|p1a: Lugia
|-heal|p1a: Lugia|100/100
|-singleturn|p1a: Lugia|move: Roost
|
|upkeep
|turn|10
|
|t:|1667326921
|move|p2a: Landorus|Stone Edge|p1a: Lugia
|-supereffective|p1a: Lugia
|-damage|p1a: Lugia|75/100
|move|p1a: Lugia|Aeroblast|p2a: Landorus
|-damage|p2a: Landorus|48/100
|
|-heal|p1a: Lugia|81/100|[from] item: Leftovers
|upkeep
|turn|11
|
|t:|1667326928
|move|p2a: Landorus|Stone Edge|p1a: Lugia|[miss]
|-miss|p2a: Landorus|p1a: Lugia
|move|p1a: Lugia|Roost|p1a: Lugia
|-heal|p1a: Lugia|100/100
|-singleturn|p1a: Lugia|move: Roost
|
|upkeep
|turn|12
|
|t:|1667326934
|move|p2a: Landorus|Stone Edge|p1a: Lugia|[miss]
|-miss|p2a: Landorus|p1a: Lugia
|move|p1a: Lugia|Aeroblast|p2a: Landorus|[miss]
|-miss|p1a: Lugia|p2a: Landorus
|
|upkeep
|turn|13
|
|t:|1667326950
|move|p2a: Landorus|Stone Edge|p1a: Lugia|[miss]
|-miss|p2a: Landorus|p1a: Lugia
|move|p1a: Lugia|Aeroblast|p2a: Landorus
|-damage|p2a: Landorus|11/100
|
|upkeep
|turn|14
|
|t:|1667326955
|move|p2a: Landorus|Stone Edge|p1a: Lugia
|-supereffective|p1a: Lugia
|-damage|p1a: Lugia|74/100
|move|p1a: Lugia|Whirlwind|p2a: Landorus
|drag|p2a: Landorus|Landorus-Therian, M|100/100
|-damage|p2a: Landorus|88/100|[from] Stealth Rock
|-ability|p2a: Landorus|Intimidate|boost
|-unboost|p1a: Lugia|atk|1
|
|-heal|p1a: Lugia|81/100|[from] item: Leftovers
|upkeep
|turn|15
|
|t:|1667326972
|-start|p2a: Landorus|Dynamax|
|-heal|p2a: Landorus|88/100|[silent]
|move|p2a: Landorus|Max Airstream|p1a: Lugia
|-damage|p1a: Lugia|34/100
|-boost|p2a: Landorus|spe|1
|move|p1a: Lugia|Roost|p1a: Lugia
|-heal|p1a: Lugia|84/100
|-singleturn|p1a: Lugia|move: Roost
|
|-heal|p1a: Lugia|90/100|[from] item: Leftovers
|upkeep
|turn|16
|
|t:|1667326986
|-start|p1a: Lugia|Dynamax|
|-heal|p1a: Lugia|90/100|[silent]
|move|p1a: Lugia|Max Guard|p1a: Lugia
|-singleturn|p1a: Lugia|Max Guard
|move|p2a: Landorus|Max Knuckle|p1a: Lugia
|-activate|p1a: Lugia|move: Max Guard
|
|-heal|p1a: Lugia|93/100|[from] item: Leftovers
|upkeep
|turn|17
|
|t:|1667326995
|move|p2a: Landorus|Max Knuckle|p1a: Lugia
|-resisted|p1a: Lugia
|-damage|p1a: Lugia|90/100
|-boost|p2a: Landorus|atk|1
|move|p1a: Lugia|Max Airstream|p2a: Landorus
|-damage|p2a: Landorus|60/100
|-boost|p1a: Lugia|spe|1
|
|-heal|p1a: Lugia|93/100|[from] item: Leftovers
|upkeep
|-end|p2a: Landorus|Dynamax
|-heal|p2a: Landorus|60/100|[silent]
|turn|18
|
|t:|1667327020
|move|p2a: Landorus|Fly||[still]
|-prepare|p2a: Landorus|Fly
|move|p1a: Lugia|Max Airstream|p2a: Landorus|[miss]
|-miss|p1a: Lugia|p2a: Landorus
|
|-heal|p1a: Lugia|97/100|[from] item: Leftovers
|upkeep
|-end|p1a: Lugia|Dynamax
|-heal|p1a: Lugia|97/100|[silent]
|turn|19
|
|t:|1667327030
|move|p2a: Landorus|Fly|p1a: Lugia|[from]lockedmove
|-damage|p1a: Lugia|44/100
|move|p1a: Lugia|Whirlwind|p2a: Landorus
|drag|p2a: Landorus|Landorus-Therian, M|100/100
|-damage|p2a: Landorus|88/100|[from] Stealth Rock
|-ability|p2a: Landorus|Intimidate|boost
|-unboost|p1a: Lugia|atk|1
|
|-heal|p1a: Lugia|50/100|[from] item: Leftovers
|upkeep
|turn|20
|
|t:|1667327039
|move|p2a: Landorus|Stone Edge|p1a: Lugia
|-supereffective|p1a: Lugia
|-damage|p1a: Lugia|0 fnt
|faint|p1a: Lugia
|
|upkeep
|
|t:|1667327044
|switch|p1a: Diggersby|Diggersby, M, shiny|100/100
|turn|21
|
|t:|1667327047
|switch|p2a: Landorus|Landorus-Therian, M|34/100
|-damage|p2a: Landorus|22/100|[from] Stealth Rock
|-ability|p2a: Landorus|Intimidate|boost
|-unboost|p1a: Diggersby|atk|1
|move|p1a: Diggersby|Ice Punch|p2a: Landorus
|-supereffective|p2a: Landorus
|-damage|p2a: Landorus|0 fnt
|faint|p2a: Landorus
|
|upkeep
|
|t:|1667327056
|switch|p2a: Landorus|Landorus-Therian, M|60/100
|-damage|p2a: Landorus|48/100|[from] Stealth Rock
|-ability|p2a: Landorus|Intimidate|boost
|-unboost|p1a: Diggersby|atk|1
|turn|22
|
|t:|1667327061
|switch|p1a: Galvantula|Galvantula, F, shiny|100/100
|move|p2a: Landorus|Earthquake|p1a: Galvantula
|-damage|p1a: Galvantula|1/100
|
|upkeep
|turn|23
|
|t:|1667327066
|move|p2a: Landorus|Earthquake|p1a: Galvantula
|-damage|p1a: Galvantula|0 fnt
|faint|p1a: Galvantula
|
|upkeep
|
|t:|1667327070
|switch|p1a: Diggersby|Diggersby, M, shiny|100/100
|turn|24
|
|t:|1667327073
|move|p2a: Landorus|Earthquake|p1a: Diggersby
|-damage|p1a: Diggersby|25/100
|move|p1a: Diggersby|Ice Punch|p2a: Landorus
|-supereffective|p2a: Landorus
|-damage|p2a: Landorus|0 fnt
|faint|p2a: Landorus
|
|upkeep
|
|t:|1667327078
|switch|p2a: Landorus|Landorus-Therian, M|88/100
|-damage|p2a: Landorus|76/100|[from] Stealth Rock
|-ability|p2a: Landorus|Intimidate|boost
|-unboost|p1a: Diggersby|atk|1
|turn|25
|
|t:|1667327083
|move|p2a: Landorus|Earthquake|p1a: Diggersby
|-damage|p1a: Diggersby|0 fnt
|faint|p1a: Diggersby
|
|upkeep
|
|t:|1667327087
|switch|p1a: Blaziken|Blaziken, M|100/100
|turn|26
|
|t:|1667327119
|detailschange|p1a: Blaziken|Blaziken-Mega, M
|-mega|p1a: Blaziken|Blaziken|Blazikenite
|move|p1a: Blaziken|Protect|p1a: Blaziken
|-singleturn|p1a: Blaziken|Protect
|move|p2a: Landorus|Earthquake|p1a: Blaziken
|-activate|p1a: Blaziken|move: Protect
|
|-ability|p1a: Blaziken|Speed Boost|boost
|-boost|p1a: Blaziken|spe|1
|upkeep
|turn|27
|j| luisYR_a
|l| luisYR_a
|
|t:|1667327129
|move|p1a: Blaziken|Protect||[still]
|-fail|p1a: Blaziken
|move|p2a: Landorus|Earthquake|p1a: Blaziken
|-supereffective|p1a: Blaziken
|-damage|p1a: Blaziken|0 fnt
|faint|p1a: Blaziken
|
|upkeep
|c|☆kaksoispiste ddddd|Fuck genies lol
|-message|kaksoispiste ddddd forfeited.
|
|win|sadvoid
|raw|kaksoispiste ddddd's rating: 1491 &rarr; <strong>1476</strong><br />(-15 for losing)
|raw|sadvoid's rating: 1582 &rarr; <strong>1597</strong><br />(+15 for winning)
|l|☆kaksoispiste ddddd
