|j|☆showdownplayer#1
|j|☆Neru 1
|t:|1663077481
|gametype|singles
|player|p1|showdownplayer#1|lucian|1504
|player|p2|Neru 1|cynthia|1503
|teamsize|p1|6
|teamsize|p2|6
|gen|8
|tier|[Gen 8] National Dex AG
|rated|
|rule|HP Percentage Mod: HP is shown in percentages
|rule|Endless Battle Clause: Forcing endless battles is banned
|clearpoke
|poke|p1|Deoxys-Attack|
|poke|p1|Necrozma-Dusk-Mane|
|poke|p1|Yveltal|
|poke|p1|Arceus-*|
|poke|p1|Calyrex-Shadow|
|poke|p1|Kyogre|
|poke|p2|Mawile, M|
|poke|p2|Ferrothorn, F|
|poke|p2|Gyarados, F|
|poke|p2|Kyogre|
|poke|p2|Yveltal|
|poke|p2|Pheromosa|
|teampreview
|
|t:|1663077485
|start
|switch|p1a: Deoxys|Deoxys-Attack|100/100
|switch|p2a: Ferrothorn|Ferrothorn, F|100/100
|-ability|p1a: Deoxys|Pressure
|turn|1
|
|t:|1663077489
|move|p1a: Deoxys|Stealth Rock|p2a: Ferrothorn
|-sidestart|p2: Neru 1|move: Stealth Rock
|move|p2a: Ferrothorn|Leech Seed|p1a: Deoxys
|-start|p1a: Deoxys|move: Leech Seed
|
|-damage|p1a: Deoxys|88/100|[from] Leech Seed|[of] p2a: Ferrothorn
|upkeep
|turn|2
|
|t:|1663077492
|move|p1a: Deoxys|Knock Off|p2a: Ferrothorn
|-damage|p2a: Ferrothorn|66/100
|-damage|p1a: Deoxys|76/100|[from] ability: Iron Barbs|[of] p2a: Ferrothorn
|-enditem|p2a: Ferrothorn|Leftovers|[from] move: Knock Off|[of] p1a: Deoxys
|move|p2a: Ferrothorn|Stealth Rock|p1a: Deoxys
|-sidestart|p1: showdownplayer#1|move: Stealth Rock
|
|-damage|p1a: Deoxys|63/100|[from] Leech Seed|[of] p2a: Ferrothorn
|-heal|p2a: Ferrothorn|75/100|[silent]
|upkeep
|turn|3
|
|t:|1663077495
|move|p1a: Deoxys|Psycho Boost|p2a: Ferrothorn
|-resisted|p2a: Ferrothorn
|-damage|p2a: Ferrothorn|50/100
|-unboost|p1a: Deoxys|spa|2
|move|p2a: Ferrothorn|Spikes|p1a: Deoxys
|-sidestart|p1: showdownplayer#1|Spikes
|
|-damage|p1a: Deoxys|51/100|[from] Leech Seed|[of] p2a: Ferrothorn
|-heal|p2a: Ferrothorn|58/100|[silent]
|upkeep
|turn|4
|
|t:|1663077499
|move|p1a: Deoxys|Knock Off|p2a: Ferrothorn
|-damage|p2a: Ferrothorn|34/100
|-damage|p1a: Deoxys|38/100|[from] ability: Iron Barbs|[of] p2a: Ferrothorn
|move|p2a: Ferrothorn|Spikes|p1a: Deoxys
|-sidestart|p1: showdownplayer#1|Spikes
|
|-damage|p1a: Deoxys|26/100|[from] Leech Seed|[of] p2a: Ferrothorn
|-heal|p2a: Ferrothorn|43/100|[silent]
|upkeep
|turn|5
|
|t:|1663077501
|move|p1a: Deoxys|Knock Off|p2a: Ferrothorn
|-damage|p2a: Ferrothorn|21/100
|-damage|p1a: Deoxys|13/100|[from] ability: Iron Barbs|[of] p2a: Ferrothorn
|move|p2a: Ferrothorn|Spikes|p1a: Deoxys
|-sidestart|p1: showdownplayer#1|Spikes
|
|-damage|p1a: Deoxys|1/100|[from] Leech Seed|[of] p2a: Ferrothorn
|-heal|p2a: Ferrothorn|30/100|[silent]
|upkeep
|turn|6
|
|t:|1663077505
|move|p1a: Deoxys|Knock Off|p2a: Ferrothorn
|-damage|p2a: Ferrothorn|9/100
|-damage|p1a: Deoxys|0 fnt|[from] ability: Iron Barbs|[of] p2a: Ferrothorn
|faint|p1a: Deoxys
|move|p2a: Ferrothorn|Gyro Ball|p1: Deoxys|[notarget]
|-fail|p2a: Ferrothorn
|
|upkeep
|
|t:|1663077516
|switch|p1a: Kyogre|Kyogre|100/100
|-damage|p1a: Kyogre|88/100|[from] Stealth Rock
|-damage|p1a: Kyogre|63/100|[from] Spikes
|-weather|RainDance|[from] ability: Drizzle|[of] p1a: Kyogre
|turn|7
|
|t:|1663077519
|move|p1a: Kyogre|Calm Mind|p1a: Kyogre
|-boost|p1a: Kyogre|spa|1
|-boost|p1a: Kyogre|spd|1
|move|p2a: Ferrothorn|Leech Seed|p1a: Kyogre
|-start|p1a: Kyogre|move: Leech Seed
|
|-weather|RainDance|[upkeep]
|-damage|p1a: Kyogre|51/100|[from] Leech Seed|[of] p2a: Ferrothorn
|-heal|p2a: Ferrothorn|21/100|[silent]
|upkeep
|turn|8
|
|t:|1663077521
|-start|p1a: Kyogre|Dynamax|
|-heal|p1a: Kyogre|51/100|[silent]
|move|p1a: Kyogre|Max Airstream|p2a: Ferrothorn
|-damage|p2a: Ferrothorn|0 fnt
|-boost|p1a: Kyogre|spe|1
|faint|p2a: Ferrothorn
|-damage|p1a: Kyogre|46/100|[from] item: Life Orb
|
|-weather|RainDance|[upkeep]
|upkeep
|
|t:|1663077530
|switch|p2a: Pheromosa|Pheromosa, shiny|100/100
|turn|9
|
|t:|1663077534
|move|p1a: Kyogre|Max Airstream|p2a: Pheromosa
|-supereffective|p2a: Pheromosa
|-damage|p2a: Pheromosa|0 fnt
|-boost|p1a: Kyogre|spe|1
|faint|p2a: Pheromosa
|-damage|p1a: Kyogre|41/100|[from] item: Life Orb
|
|-weather|RainDance|[upkeep]
|upkeep
|
|t:|1663077542
|switch|p2a: Kyogre|Kyogre, shiny|100/100
|-damage|p2a: Kyogre|88/100|[from] Stealth Rock
|detailschange|p2a: Kyogre|Kyogre-Primal, shiny
|-primal|p2a: Kyogre
|-weather|PrimordialSea|[from] ability: Primordial Sea|[of] p2a: Kyogre
|turn|10
|
|t:|1663077546
|move|p1a: Kyogre|Max Geyser|p2a: Kyogre
|-resisted|p2a: Kyogre
|-damage|p2a: Kyogre|18/100
|-damage|p1a: Kyogre|36/100|[from] item: Life Orb
|move|p2a: Kyogre|Thunder|p1a: Kyogre
|-supereffective|p1a: Kyogre
|-damage|p1a: Kyogre|10/100
|-status|p1a: Kyogre|par
|
|-weather|PrimordialSea|[upkeep]
|-damage|p1a: Kyogre|4/100 par|[from] Leech Seed|[of] p2a: Kyogre
|-heal|p2a: Kyogre|28/100|[silent]
|upkeep
|-end|p1a: Kyogre|Dynamax
|-heal|p1a: Kyogre|4/100 par|[silent]
|turn|11
|
|t:|1663077558
|move|p1a: Kyogre|Origin Pulse|p2a: Kyogre
|-resisted|p2a: Kyogre
|-damage|p2a: Kyogre|0 fnt
|faint|p2a: Kyogre
|-weather|none
|-damage|p1a: Kyogre|0 fnt|[from] item: Life Orb
|faint|p1a: Kyogre
|
|upkeep
|
|t:|1663077569
|switch|p1a: Arceus|Arceus-Ground|100/100
|switch|p2a: Gyarados|Gyarados, F, shiny|100/100
|-damage|p1a: Arceus|94/100|[from] Stealth Rock
|-damage|p1a: Arceus|70/100|[from] Spikes
|-damage|p2a: Gyarados|75/100|[from] Stealth Rock
|turn|12
|
|t:|1663077574
|move|p1a: Arceus|Stone Edge|p2a: Gyarados
|-supereffective|p2a: Gyarados
|-damage|p2a: Gyarados|0 fnt
|faint|p2a: Gyarados
|
|upkeep
|
|t:|1663077577
|switch|p2a: Yveltal|Yveltal|100/100
|-damage|p2a: Yveltal|76/100|[from] Stealth Rock
|-ability|p2a: Yveltal|Dark Aura
|turn|13
|
|t:|1663077580
|-start|p2a: Yveltal|Dynamax|
|-heal|p2a: Yveltal|76/100|[silent]
|move|p1a: Arceus|Stone Edge|p2a: Yveltal
|-supereffective|p2a: Yveltal
|-damage|p2a: Yveltal|43/100
|-enditem|p2a: Yveltal|Weakness Policy
|-boost|p2a: Yveltal|atk|2|[from] item: Weakness Policy
|-boost|p2a: Yveltal|spa|2|[from] item: Weakness Policy
|move|p2a: Yveltal|Max Airstream|p1a: Arceus
|-damage|p1a: Arceus|0 fnt
|-boost|p2a: Yveltal|spe|1
|faint|p1a: Arceus
|
|upkeep
|
|t:|1663077586
|switch|p1a: Yveltal|Yveltal|100/100
|-damage|p1a: Yveltal|76/100|[from] Stealth Rock
|-ability|p1a: Yveltal|Dark Aura
|turn|14
|
|t:|1663077589
|move|p1a: Yveltal|Sucker Punch|p2a: Yveltal
|-resisted|p2a: Yveltal
|-damage|p2a: Yveltal|29/100
|-damage|p1a: Yveltal|66/100|[from] item: Life Orb
|move|p2a: Yveltal|Max Airstream|p1a: Yveltal
|-damage|p1a: Yveltal|0 fnt
|-boost|p2a: Yveltal|spe|1
|faint|p1a: Yveltal
|
|upkeep
|
|t:|1663077591
|switch|p1a: Necrozma|Necrozma-Dusk-Mane|100/100
|-damage|p1a: Necrozma|95/100|[from] Stealth Rock
|-damage|p1a: Necrozma|70/100|[from] Spikes
|turn|15
|
|t:|1663077595
|detailschange|p1a: Necrozma|Necrozma-Ultra
|-burst|p1a: Necrozma|Necrozma|Ultranecrozium Z
|move|p2a: Yveltal|Max Flare|p1a: Necrozma
|-resisted|p1a: Necrozma
|-damage|p1a: Necrozma|20/100
|-weather|SunnyDay
|move|p1a: Necrozma|Stone Edge|p2a: Yveltal
|-supereffective|p2a: Yveltal
|-damage|p2a: Yveltal|0 fnt
|faint|p2a: Yveltal
|
|-weather|SunnyDay|[upkeep]
|upkeep
|
|t:|1663077602
|switch|p2a: Mawile|Mawile, M|100/100
|-damage|p2a: Mawile|95/100|[from] Stealth Rock
|-ability|p2a: Mawile|Intimidate|boost
|-unboost|p1a: Necrozma|atk|1
|turn|16
|
|t:|1663077607
|detailschange|p2a: Mawile|Mawile-Mega, M
|-mega|p2a: Mawile|Mawile|Mawilite
|move|p2a: Mawile|Sucker Punch|p1a: Necrozma
|-supereffective|p1a: Necrozma
|-damage|p1a: Necrozma|0 fnt
|faint|p1a: Necrozma
|
|-weather|SunnyDay|[upkeep]
|upkeep
|
|t:|1663077611
|switch|p1a: Calyrex|Calyrex-Shadow|100/100
|-ability|p1a: Calyrex|As One
|-ability|p1a: Calyrex|Unnerve
|-damage|p1a: Calyrex|88/100|[from] Stealth Rock
|-damage|p1a: Calyrex|63/100|[from] Spikes
|turn|17
|
|t:|1663077613
|move|p2a: Mawile|Sucker Punch||[still]
|-fail|p2a: Mawile
|move|p1a: Calyrex|Nasty Plot|p1a: Calyrex
|-boost|p1a: Calyrex|spa|2
|
|-weather|SunnyDay|[upkeep]
|upkeep
|turn|18
|
|t:|1663077616
|move|p2a: Mawile|Sucker Punch||[still]
|-fail|p2a: Mawile
|move|p1a: Calyrex|Nasty Plot|p1a: Calyrex
|-boost|p1a: Calyrex|spa|2
|
|-weather|SunnyDay|[upkeep]
|upkeep
|turn|19
|
|t:|1663077619
|move|p2a: Mawile|Sucker Punch||[still]
|-fail|p2a: Mawile
|move|p1a: Calyrex|Nasty Plot|p1a: Calyrex
|-boost|p1a: Calyrex|spa|2
|
|-weather|none
|upkeep
|turn|20
|
|t:|1663077621
|move|p2a: Mawile|Sucker Punch||[still]
|-fail|p2a: Mawile
|move|p1a: Calyrex|Nasty Plot|p1a: Calyrex
|-boost|p1a: Calyrex|spa|0
|
|upkeep
|turn|21
|
|t:|1663077626
|move|p1a: Calyrex|Astral Barrage|p2a: Mawile
|-crit|p2a: Mawile
|-damage|p2a: Mawile|0 fnt
|faint|p2a: Mawile
|
|win|showdownplayer#1
|raw|showdownplayer#1's rating: 1504 &rarr; <strong>1524</strong><br />(+20 for winning)
|raw|Neru 1's rating: 1503 &rarr; <strong>1483</strong><br />(-20 for losing)
|c|☆showdownplayer#1|GGEZ
||Ladder isn't responding, score probably updated but might not have (Request timeout).
