|j|☆JAY100064
|j|☆The amphinobi
|t:|1624832572
|gametype|singles
|player|p1|JAY100064|preschooler|1364
|player|p2|The amphinobi|ash-kalos|1528
|teamsize|p1|6
|teamsize|p2|6
|gen|8
|tier|[Gen 8] National Dex AG
|rated|
|rule|HP Percentage Mod: HP is shown in percentages
|rule|Endless Battle Clause: Forcing endless battles is banned
|clearpoke
|poke|p1|Arceus-*|
|poke|p1|Ferrothorn, F|
|poke|p1|Giratina|
|poke|p1|Sableye, M|
|poke|p1|Clefable, M|
|poke|p1|Ho-Oh|
|poke|p2|Deoxys-Speed|
|poke|p2|Xerneas-*|
|poke|p2|Zacian-*|
|poke|p2|Calyrex-Shadow|
|poke|p2|Marshadow|
|poke|p2|Rayquaza|
|teampreview
|inactive|Battle timer is ON: inactive players will automatically lose when time's up. (requested by The amphinobi)
|c|☆JAY100064|i see this team everywhere
|
|t:|1624832588
|start
|switch|p1a: Sableye|Sableye, M, shiny|100/100
|switch|p2a: Deoxys|Deoxys-Speed, shiny|100/100
|-ability|p2a: Deoxys|Pressure
|turn|1
|
|t:|1624832608
|switch|p2a: Calyrex|Calyrex-Shadow|100/100
|-ability|p2a: Calyrex|As One
|-ability|p2a: Calyrex|Unnerve
|move|p1a: Sableye|Fake Out|p2a: Calyrex
|-immune|p2a: Calyrex
|
|upkeep
|turn|2
|
|t:|1624832622
|switch|p1a: Clefable|Clefable, M, shiny|100/100
|move|p2a: Calyrex|Trick|p1a: Clefable
|-activate|p2a: Calyrex|move: Trick|[of] p1a: Clefable
|-item|p1a: Clefable|Choice Specs|[from] move: Trick
|-item|p2a: Calyrex|Leftovers|[from] move: Trick
|
|upkeep
|turn|3
|
|t:|1624832636
|switch|p2a: Deoxys|Deoxys-Speed, shiny|100/100
|-ability|p2a: Deoxys|Pressure
|move|p1a: Clefable|Moonblast|p2a: Deoxys
|-damage|p2a: Deoxys|44/100
|
|upkeep
|turn|4
|
|t:|1624832646
|move|p2a: Deoxys|Stealth Rock|p1a: Clefable
|-sidestart|p1: JAY100064|move: Stealth Rock
|move|p1a: Clefable|Moonblast|p2a: Deoxys
|-damage|p2a: Deoxys|0 fnt
|faint|p2a: Deoxys
|
|upkeep
|
|t:|1624832654
|switch|p2a: Zacian|Zacian-Crowned|100/100
|-ability|p2a: Zacian|Intrepid Sword|boost
|-boost|p2a: Zacian|atk|1
|turn|5
|
|t:|1624832665
|switch|p1a: Ferrothorn|Ferrothorn, F|100/100
|-damage|p1a: Ferrothorn|95/100|[from] Stealth Rock
|move|p2a: Zacian|Swords Dance|p2a: Zacian
|-boost|p2a: Zacian|atk|2
|
|-heal|p1a: Ferrothorn|100/100|[from] item: Leftovers
|upkeep
|turn|6
|
|t:|1624832688
|switch|p1a: Sableye|Sableye, M, shiny|100/100
|-damage|p1a: Sableye|88/100|[from] Stealth Rock
|move|p2a: Zacian|Behemoth Blade|p1a: Sableye
|-damage|p1a: Sableye|0 fnt
|faint|p1a: Sableye
|
|upkeep
|
|t:|1624832703
|switch|p1a: Ho-Oh|Ho-Oh, shiny|100/100
|turn|7
|c|☆The amphinobi|Dude I buld this team
|inactive|The amphinobi has 120 seconds left.
|c|☆JAY100064|girl bye
|c|☆JAY100064|thats a copy team
|
|t:|1624832741
|switch|p2a: Rayquaza|Rayquaza|100/100
|-ability|p2a: Rayquaza|Air Lock
|move|p1a: Ho-Oh|Sacred Fire|p2a: Rayquaza
|-resisted|p2a: Rayquaza
|-damage|p2a: Rayquaza|79/100
|
|upkeep
|turn|8
|
|t:|1624832752
|switch|p1a: Arceus|Arceus|100/100
|-damage|p1a: Arceus|88/100|[from] Stealth Rock
|detailschange|p2a: Rayquaza|Rayquaza-Mega
|-mega|p2a: Rayquaza|Rayquaza|
|-weather|DeltaStream|[from] ability: Delta Stream|[of] p2a: Rayquaza
|move|p2a: Rayquaza|Dragon Dance|p2a: Rayquaza
|-boost|p2a: Rayquaza|atk|1
|-boost|p2a: Rayquaza|spe|1
|
|-weather|DeltaStream|[upkeep]
|-heal|p1a: Arceus|94/100|[from] item: Leftovers
|upkeep
|turn|9
|c|☆The amphinobi|Ofc not i no my lofe
|c|☆The amphinobi|life*
|c|☆The amphinobi|Know*
|c|☆JAY100064|._.
|inactive|The amphinobi has 90 seconds left.
|
|t:|1624832789
|-start|p1a: Arceus|Dynamax
|-heal|p1a: Arceus|94/100|[silent]
|move|p2a: Rayquaza|Dragon Ascent|p1a: Arceus
|-crit|p1a: Arceus
|-damage|p1a: Arceus|10/100
|-unboost|p2a: Rayquaza|def|1
|-unboost|p2a: Rayquaza|spd|1
|-damage|p2a: Rayquaza|69/100|[from] item: Life Orb
|move|p1a: Arceus|Max Hailstorm|p2a: Rayquaza
|-activate||deltastream
|-supereffective|p2a: Rayquaza
|-damage|p2a: Rayquaza|0 fnt
|faint|p2a: Rayquaza
|-weather|none
|
|-heal|p1a: Arceus|13/100|[from] item: Leftovers
|upkeep
|
|t:|1624832812
|switch|p2a: Zacian|Zacian-Crowned|100/100
|-ability|p2a: Zacian|Intrepid Sword|boost
|-boost|p2a: Zacian|atk|1
|turn|10
|
|t:|1624832841
|move|p1a: Arceus|Max Guard|p1a: Arceus
|-singleturn|p1a: Arceus|Max Guard
|move|p2a: Zacian|Behemoth Blade|p1a: Arceus
|-activate|p1a: Arceus|move: Max Guard
|
|-heal|p1a: Arceus|16/100|[from] item: Leftovers
|upkeep
|turn|11
|inactive|The amphinobi has 60 seconds left.
|
|t:|1624832895
|move|p2a: Zacian|Behemoth Blade|p1a: Arceus
|-damage|p1a: Arceus|0 fnt
|faint|p1a: Arceus
|
|upkeep
|
|t:|1624832901
|switch|p1a: Ho-Oh|Ho-Oh, shiny|100/100
|turn|12
|
|t:|1624832911
|switch|p2a: Marshadow|Marshadow|100/100
|move|p1a: Ho-Oh|Toxic|p2a: Marshadow
|-status|p2a: Marshadow|tox
|
|-damage|p2a: Marshadow|94/100 tox|[from] psn
|upkeep
|turn|13
|
|t:|1624832921
|switch|p1a: Giratina|Giratina, shiny|100/100
|-damage|p1a: Giratina|88/100|[from] Stealth Rock
|-ability|p1a: Giratina|Pressure
|move|p2a: Marshadow|Close Combat|p1a: Giratina
|-immune|p1a: Giratina
|
|-heal|p1a: Giratina|94/100|[from] item: Leftovers
|-damage|p2a: Marshadow|82/100 tox|[from] psn
|upkeep
|turn|14
|
|t:|1624832934
|move|p2a: Marshadow|Spectral Thief|p1a: Giratina
|-supereffective|p1a: Giratina
|-damage|p1a: Giratina|55/100
|move|p1a: Giratina|Defog|p2a: Marshadow
|-unboost|p2a: Marshadow|evasion|1
|-sideend|p1: JAY100064|Stealth Rock|[from] move: Defog|[of] p1a: Giratina
|
|-heal|p1a: Giratina|61/100|[from] item: Leftovers
|-damage|p2a: Marshadow|63/100 tox|[from] psn
|upkeep
|turn|15
|inactive|The amphinobi has 60 seconds left.
|
|t:|1624832948
|move|p2a: Marshadow|Spectral Thief|p1a: Giratina
|-supereffective|p1a: Giratina
|-damage|p1a: Giratina|23/100
|move|p1a: Giratina|Rest|p1a: Giratina
|-status|p1a: Giratina|slp|[from] move: Rest
|-heal|p1a: Giratina|100/100 slp|[silent]
|
|-damage|p2a: Marshadow|38/100 tox|[from] psn
|upkeep
|turn|16
|inactive|The amphinobi has 60 seconds left.
|
|t:|1624832965
|switch|p2a: Calyrex|Calyrex-Shadow|100/100
|-ability|p2a: Calyrex|As One
|-ability|p2a: Calyrex|Unnerve
|switch|p1a: Ho-Oh|Ho-Oh, shiny|100/100
|
|upkeep
|turn|17
|inactive|The amphinobi has 60 seconds left.
|
|t:|1624832983
|-start|p2a: Calyrex|Dynamax
|-heal|p2a: Calyrex|100/100|[silent]
|move|p2a: Calyrex|Max Phantasm|p1a: Ho-Oh
|-damage|p1a: Ho-Oh|57/100
|-unboost|p1a: Ho-Oh|def|1
|move|p1a: Ho-Oh|Toxic|p2a: Calyrex
|-status|p2a: Calyrex|tox
|
|-damage|p2a: Calyrex|97/100 tox|[from] psn
|upkeep
|turn|18
|inactive|The amphinobi has 60 seconds left.
|
|t:|1624832998
|switch|p1a: Clefable|Clefable, M, shiny|100/100
|move|p2a: Calyrex|Max Phantasm|p1a: Clefable
|-damage|p1a: Clefable|45/100
|-unboost|p1a: Clefable|def|1
|
|-heal|p2a: Calyrex|100/100 tox|[from] item: Leftovers
|-damage|p2a: Calyrex|94/100 tox|[from] psn
|upkeep
|turn|19
|inactive|JAY100064 has 120 seconds left.
|
|t:|1624833019
|switch|p1a: Ho-Oh|Ho-Oh, shiny|90/100
|move|p2a: Calyrex|Max Phantasm|p1a: Ho-Oh
|-damage|p1a: Ho-Oh|43/100
|-unboost|p1a: Ho-Oh|def|1
|
|-heal|p2a: Calyrex|97/100 tox|[from] item: Leftovers
|-damage|p2a: Calyrex|88/100 tox|[from] psn
|-end|p2a: Calyrex|Dynamax
|-heal|p2a: Calyrex|88/100 tox|[silent]
|upkeep
|turn|20
|inactive|JAY100064 has 120 seconds left.
|inactive|The amphinobi has 60 seconds left.
|
|t:|1624833053
|switch|p2a: Marshadow|Marshadow|38/100 tox
|move|p1a: Ho-Oh|Recover|p1a: Ho-Oh
|-heal|p1a: Ho-Oh|93/100
|
|-damage|p2a: Marshadow|32/100 tox|[from] psn
|upkeep
|turn|21
|inactive|The amphinobi has 60 seconds left.
|
|t:|1624833067
|switch|p1a: Giratina|Giratina, shiny|100/100 slp
|-ability|p1a: Giratina|Pressure
|move|p2a: Marshadow|Close Combat|p1a: Giratina
|-immune|p1a: Giratina
|
|-damage|p2a: Marshadow|20/100 tox|[from] psn
|upkeep
|turn|22
|
|t:|1624833079
|move|p2a: Marshadow|Spectral Thief|p1a: Giratina
|-supereffective|p1a: Giratina
|-damage|p1a: Giratina|62/100 slp
|cant|p1a: Giratina|slp
|
|-heal|p1a: Giratina|68/100 slp|[from] item: Leftovers
|-damage|p2a: Marshadow|1/100 tox|[from] psn
|upkeep
|turn|23
|
|t:|1624833090
|move|p2a: Marshadow|Spectral Thief|p1a: Giratina
|-supereffective|p1a: Giratina
|-damage|p1a: Giratina|30/100 slp
|cant|p1a: Giratina|slp
|
|-heal|p1a: Giratina|36/100 slp|[from] item: Leftovers
|-damage|p2a: Marshadow|0 fnt|[from] psn
|faint|p2a: Marshadow
|upkeep
|
|t:|1624833106
|switch|p2a: Calyrex|Calyrex-Shadow|88/100 tox
|-ability|p2a: Calyrex|As One
|-ability|p2a: Calyrex|Unnerve
|turn|24
|
|t:|1624833121
|switch|p1a: Ho-Oh|Ho-Oh, shiny|100/100
|move|p2a: Calyrex|Astral Barrage|p1a: Ho-Oh
|-damage|p1a: Ho-Oh|61/100
|
|-heal|p2a: Calyrex|94/100 tox|[from] item: Leftovers
|-damage|p2a: Calyrex|88/100 tox|[from] psn
|upkeep
|turn|25
|
|t:|1624833131
|move|p2a: Calyrex|Psychic|p1a: Ho-Oh
|-damage|p1a: Ho-Oh|28/100
|move|p1a: Ho-Oh|Recover|p1a: Ho-Oh
|-heal|p1a: Ho-Oh|78/100
|
|-heal|p2a: Calyrex|94/100 tox|[from] item: Leftovers
|-damage|p2a: Calyrex|82/100 tox|[from] psn
|upkeep
|turn|26
|
|t:|1624833143
|switch|p2a: Zacian|Zacian-Crowned|100/100
|-ability|p2a: Zacian|Intrepid Sword|boost
|-boost|p2a: Zacian|atk|1
|move|p1a: Ho-Oh|Recover|p1a: Ho-Oh
|-heal|p1a: Ho-Oh|100/100
|
|upkeep
|turn|27
|
|t:|1624833152
|move|p2a: Zacian|Crunch|p1a: Ho-Oh
|-damage|p1a: Ho-Oh|68/100
|move|p1a: Ho-Oh|Sacred Fire|p2a: Zacian
|-supereffective|p2a: Zacian
|-damage|p2a: Zacian|21/100
|-status|p2a: Zacian|brn
|
|-damage|p2a: Zacian|15/100 brn|[from] brn
|upkeep
|turn|28
|
|t:|1624833163
|move|p2a: Zacian|Crunch|p1a: Ho-Oh
|-damage|p1a: Ho-Oh|51/100
|-unboost|p1a: Ho-Oh|def|1
|move|p1a: Ho-Oh|Recover|p1a: Ho-Oh
|-heal|p1a: Ho-Oh|100/100
|
|-damage|p2a: Zacian|9/100 brn|[from] brn
|upkeep
|turn|29
|inactive|The amphinobi has 90 seconds left.
|
|t:|1624833173
|switch|p1a: Ferrothorn|Ferrothorn, F|100/100
|move|p2a: Zacian|Behemoth Blade|p1a: Ferrothorn
|-resisted|p1a: Ferrothorn
|-damage|p1a: Ferrothorn|82/100
|-damage|p2a: Zacian|0 fnt|[from] ability: Iron Barbs|[of] p1a: Ferrothorn
|faint|p2a: Zacian
|
|-heal|p1a: Ferrothorn|88/100|[from] item: Leftovers
|upkeep
|
|t:|1624833184
|switch|p2a: Calyrex|Calyrex-Shadow|82/100 tox
|-ability|p2a: Calyrex|As One
|-ability|p2a: Calyrex|Unnerve
|turn|30
|
|t:|1624833191
|switch|p1a: Ho-Oh|Ho-Oh, shiny|100/100
|move|p2a: Calyrex|Astral Barrage|p1a: Ho-Oh
|-damage|p1a: Ho-Oh|59/100
|
|-heal|p2a: Calyrex|88/100 tox|[from] item: Leftovers
|-damage|p2a: Calyrex|82/100 tox|[from] psn
|upkeep
|turn|31
|
|t:|1624833202
|move|p2a: Calyrex|Astral Barrage|p1a: Ho-Oh
|-damage|p1a: Ho-Oh|16/100
|move|p1a: Ho-Oh|Recover|p1a: Ho-Oh
|-heal|p1a: Ho-Oh|66/100
|
|-heal|p2a: Calyrex|88/100 tox|[from] item: Leftovers
|-damage|p2a: Calyrex|76/100 tox|[from] psn
|upkeep
|turn|32
|
|t:|1624833212
|move|p2a: Calyrex|Astral Barrage|p1a: Ho-Oh
|-damage|p1a: Ho-Oh|23/100
|move|p1a: Ho-Oh|Recover|p1a: Ho-Oh
|-heal|p1a: Ho-Oh|73/100
|
|-heal|p2a: Calyrex|82/100 tox|[from] item: Leftovers
|-damage|p2a: Calyrex|64/100 tox|[from] psn
|upkeep
|turn|33
|
|t:|1624833229
|move|p2a: Calyrex|Astral Barrage|p1a: Ho-Oh
|-damage|p1a: Ho-Oh|30/100
|move|p1a: Ho-Oh|Recover|p1a: Ho-Oh
|-heal|p1a: Ho-Oh|80/100
|
|-heal|p2a: Calyrex|70/100 tox|[from] item: Leftovers
|-damage|p2a: Calyrex|45/100 tox|[from] psn
|upkeep
|turn|34
|
|t:|1624833240
|move|p2a: Calyrex|Draining Kiss|p1a: Ho-Oh
|-resisted|p1a: Ho-Oh
|-damage|p1a: Ho-Oh|74/100
|-heal|p2a: Calyrex|50/100 tox|[from] drain|[of] p1a: Ho-Oh
|move|p1a: Ho-Oh|Recover|p1a: Ho-Oh
|-heal|p1a: Ho-Oh|100/100
|
|-heal|p2a: Calyrex|56/100 tox|[from] item: Leftovers
|-damage|p2a: Calyrex|25/100 tox|[from] psn
|upkeep
|turn|35
|
|t:|1624833253
|move|p2a: Calyrex|Draining Kiss|p1a: Ho-Oh
|-resisted|p1a: Ho-Oh
|-damage|p1a: Ho-Oh|95/100
|-heal|p2a: Calyrex|30/100 tox|[from] drain|[of] p1a: Ho-Oh
|move|p1a: Ho-Oh|Recover|p1a: Ho-Oh
|-heal|p1a: Ho-Oh|100/100
|
|-heal|p2a: Calyrex|37/100 tox|[from] item: Leftovers
|-damage|p2a: Calyrex|0 fnt|[from] psn
|faint|p2a: Calyrex
|upkeep
|
|t:|1624833255
|switch|p2a: Xerneas|Xerneas, shiny|100/100
|-ability|p2a: Xerneas|Fairy Aura
|turn|36
|
|t:|1624833268
|move|p2a: Xerneas|Geomancy||[still]
|-prepare|p2a: Xerneas|Geomancy
|-enditem|p2a: Xerneas|Power Herb
|-anim|p2a: Xerneas|Geomancy|p2a: Xerneas
|-boost|p2a: Xerneas|spa|2
|-boost|p2a: Xerneas|spd|2
|-boost|p2a: Xerneas|spe|2
|move|p1a: Ho-Oh|Toxic|p2a: Xerneas
|-status|p2a: Xerneas|tox
|
|-damage|p2a: Xerneas|94/100 tox|[from] psn
|upkeep
|turn|37
|inactive|The amphinobi has 120 seconds left.
|
|t:|1624833282
|move|p2a: Xerneas|Thunder|p1a: Ho-Oh
|-supereffective|p1a: Ho-Oh
|-damage|p1a: Ho-Oh|10/100
|move|p1a: Ho-Oh|Recover|p1a: Ho-Oh
|-heal|p1a: Ho-Oh|60/100
|
|-damage|p2a: Xerneas|82/100 tox|[from] psn
|upkeep
|turn|38
|
|t:|1624833296
|switch|p1a: Giratina|Giratina, shiny|36/100 slp
|-ability|p1a: Giratina|Pressure
|move|p2a: Xerneas|Thunder|p1a: Giratina
|-resisted|p1a: Giratina
|-damage|p1a: Giratina|15/100 slp
|
|-heal|p1a: Giratina|21/100 slp|[from] item: Leftovers
|-damage|p2a: Xerneas|64/100 tox|[from] psn
|upkeep
|turn|39
|
|t:|1624833308
|move|p2a: Xerneas|Moonblast|p1a: Giratina
|-supereffective|p1a: Giratina
|-damage|p1a: Giratina|0 fnt
|faint|p1a: Giratina
|
|-damage|p2a: Xerneas|39/100 tox|[from] psn
|upkeep
|
|t:|1624833316
|switch|p1a: Clefable|Clefable, M, shiny|45/100
|turn|40
|inactive|The amphinobi has 120 seconds left.
|inactive|The amphinobi has 90 seconds left.
|inactive|The amphinobi has 60 seconds left.
|inactive|The amphinobi has 30 seconds left.
|inactive|The amphinobi has 20 seconds left.
|inactive|The amphinobi has 15 seconds left.
|inactive|The amphinobi has 10 seconds left.
|inactive|The amphinobi has 5 seconds left.
|-message|The amphinobi lost due to inactivity.
|
|win|JAY100064
|raw|JAY100064's rating: 1364 &rarr; <strong>1393</strong><br />(+29 for winning)
|raw|The amphinobi's rating: 1528 &rarr; <strong>1499</strong><br />(-29 for losing)
