|j|☆starkorea74
|j|☆Qanon420
|t:|1603232820
|player|p1|starkorea74|101|1804
|player|p2|Qanon420|blue|1527
|teamsize|p1|6
|teamsize|p2|6
|gametype|singles
|gen|8
|tier|[Gen 8] National Dex AG
|rated|
|clearpoke
|poke|p1|Necrozma-Dusk-Mane|
|poke|p1|Ho-Oh|
|poke|p1|Ditto|
|poke|p1|Arceus-*|
|poke|p1|Rayquaza|
|poke|p1|Yveltal|
|poke|p2|Kyogre|
|poke|p2|Gengar, F|
|poke|p2|Arceus-*|
|poke|p2|Zacian-Crowned|
|poke|p2|Ho-Oh|
|poke|p2|Groudon|
|rule|HP Percentage Mod: HP is shown in percentages
|rule|Endless Battle Clause: Forcing endless battles is banned
|teampreview
|
|t:|1603232866
|start
|switch|p1a: Rayquaza|Rayquaza|100/100
|switch|p2a: Kyogre|Kyogre|100/100
|-ability|p1a: Rayquaza|Air Lock
|detailschange|p2a: Kyogre|Kyogre-Primal
|-primal|p2a: Kyogre
|-weather|PrimordialSea|[from] ability: Primordial Sea|[of] p2a: Kyogre
|turn|1
|
|t:|1603232898
|detailschange|p1a: Rayquaza|Rayquaza-Mega
|-mega|p1a: Rayquaza|Rayquaza|
|-weather|DeltaStream|[from] ability: Delta Stream|[of] p1a: Rayquaza
|move|p1a: Rayquaza|Dragon Ascent|p2a: Kyogre
|-damage|p2a: Kyogre|29/100
|-unboost|p1a: Rayquaza|def|1
|-unboost|p1a: Rayquaza|spd|1
|-damage|p1a: Rayquaza|91/100|[from] item: Life Orb
|move|p2a: Kyogre|Toxic|p1a: Rayquaza
|-status|p1a: Rayquaza|tox
|
|-weather|DeltaStream|[upkeep]
|-damage|p1a: Rayquaza|85/100 tox|[from] psn
|upkeep
|turn|2
|
|t:|1603232918
|switch|p2a: Zacian|Zacian-Crowned|100/100
|-ability|p2a: Zacian|Intrepid Sword|boost
|-boost|p2a: Zacian|atk|1
|move|p1a: Rayquaza|Dragon Ascent|p2a: Zacian
|-resisted|p2a: Zacian
|-damage|p2a: Zacian|49/100
|-unboost|p1a: Rayquaza|def|1
|-unboost|p1a: Rayquaza|spd|1
|-damage|p1a: Rayquaza|75/100 tox|[from] item: Life Orb
|
|-weather|DeltaStream|[upkeep]
|-damage|p1a: Rayquaza|63/100 tox|[from] psn
|upkeep
|turn|3
|
|t:|1603232939
|-weather|none
|switch|p1a: Necrozma|Necrozma-Dusk-Mane|100/100
|move|p2a: Zacian|Behemoth Blade|p1a: Necrozma
|-resisted|p1a: Necrozma
|-damage|p1a: Necrozma|77/100
|
|-heal|p1a: Necrozma|83/100|[from] item: Leftovers
|upkeep
|turn|4
|
|t:|1603232950
|switch|p2a: Groudon|Groudon|100/100
|detailschange|p2a: Groudon|Groudon-Primal
|-primal|p2a: Groudon
|-weather|DesolateLand|[from] ability: Desolate Land|[of] p2a: Groudon
|move|p1a: Necrozma|Sunsteel Strike|p2a: Groudon
|-resisted|p2a: Groudon
|-damage|p2a: Groudon|86/100
|
|-weather|DesolateLand|[upkeep]
|-heal|p1a: Necrozma|89/100|[from] item: Leftovers
|upkeep
|turn|5
|
|t:|1603232966
|switch|p1a: Rayquaza|Rayquaza-Mega|63/100 tox
|-weather|DeltaStream|[from] ability: Delta Stream|[of] p1a: Rayquaza
|move|p2a: Groudon|Stealth Rock|p1a: Rayquaza
|-sidestart|p1: starkorea74|move: Stealth Rock
|
|-weather|DeltaStream|[upkeep]
|-damage|p1a: Rayquaza|57/100 tox|[from] psn
|upkeep
|turn|6
|
|t:|1603232978
|move|p1a: Rayquaza|Draco Meteor|p2a: Groudon
|-damage|p2a: Groudon|26/100
|-unboost|p1a: Rayquaza|spa|2
|-damage|p1a: Rayquaza|47/100 tox|[from] item: Life Orb
|move|p2a: Groudon|Dragon Tail|p1a: Rayquaza
|-supereffective|p1a: Rayquaza
|-damage|p1a: Rayquaza|0 fnt
|faint|p1a: Rayquaza
|-weather|none
|
|upkeep
|
|t:|1603232988
|switch|p1a: Arceus|Arceus-Dark|100/100
|-damage|p1a: Arceus|88/100|[from] Stealth Rock
|turn|7
|
|t:|1603232998
|move|p1a: Arceus|Judgment|p2a: Groudon
|-damage|p2a: Groudon|0 fnt
|faint|p2a: Groudon
|
|upkeep
|
|t:|1603233003
|switch|p2a: Zacian|Zacian-Crowned|49/100
|-ability|p2a: Zacian|Intrepid Sword|boost
|-boost|p2a: Zacian|atk|1
|turn|8
|
|t:|1603233009
|switch|p1a: Ho-Oh|Ho-Oh|100/100
|move|p2a: Zacian|Close Combat|p1a: Ho-Oh
|-resisted|p1a: Ho-Oh
|-damage|p1a: Ho-Oh|75/100
|-unboost|p2a: Zacian|def|1
|-unboost|p2a: Zacian|spd|1
|
|upkeep
|turn|9
|
|t:|1603233022
|switch|p2a: Kyogre|Kyogre-Primal|29/100
|-weather|PrimordialSea|[from] ability: Primordial Sea|[of] p2a: Kyogre
|move|p1a: Ho-Oh|Defog|p2a: Kyogre
|-unboost|p2a: Kyogre|evasion|1
|-sideend|p1: starkorea74|Stealth Rock|[from] move: Defog|[of] p1a: Ho-Oh
|
|-weather|PrimordialSea|[upkeep]
|upkeep
|turn|10
|
|t:|1603233030
|switch|p1a: Arceus|Arceus-Dark|88/100
|move|p2a: Kyogre|Rest|p2a: Kyogre
|-status|p2a: Kyogre|slp|[from] move: Rest
|-heal|p2a: Kyogre|100/100 slp|[silent]
|
|-weather|PrimordialSea|[upkeep]
|upkeep
|turn|11
|
|t:|1603233036
|move|p1a: Arceus|Calm Mind|p1a: Arceus
|-boost|p1a: Arceus|spa|1
|-boost|p1a: Arceus|spd|1
|cant|p2a: Kyogre|slp
|move|p2a: Kyogre|Sleep Talk|p2a: Kyogre
|move|p2a: Kyogre|Scald|p1a: Arceus|[from]Sleep Talk
|-damage|p1a: Arceus|64/100
|-status|p1a: Arceus|brn
|
|-weather|PrimordialSea|[upkeep]
|-damage|p1a: Arceus|58/100 brn|[from] brn
|upkeep
|turn|12
|
|t:|1603233049
|move|p1a: Arceus|Judgment|p2a: Kyogre
|-damage|p2a: Kyogre|57/100 slp
|cant|p2a: Kyogre|slp
|move|p2a: Kyogre|Sleep Talk|p2a: Kyogre
|move|p2a: Kyogre|Rest|p2a: Kyogre|[from]Sleep Talk
|-fail|p2a: Kyogre
|
|-weather|PrimordialSea|[upkeep]
|-damage|p1a: Arceus|52/100 brn|[from] brn
|upkeep
|turn|13
|
|t:|1603233061
|move|p1a: Arceus|Recover|p1a: Arceus
|-heal|p1a: Arceus|100/100 brn
|-curestatus|p2a: Kyogre|slp|[msg]
|move|p2a: Kyogre|Scald|p1a: Arceus
|-damage|p1a: Arceus|77/100 brn
|
|-weather|PrimordialSea|[upkeep]
|-damage|p1a: Arceus|71/100 brn|[from] brn
|upkeep
|turn|14
|
|t:|1603233074
|move|p1a: Arceus|Calm Mind|p1a: Arceus
|-boost|p1a: Arceus|spa|1
|-boost|p1a: Arceus|spd|1
|move|p2a: Kyogre|Scald|p1a: Arceus
|-damage|p1a: Arceus|54/100 brn
|
|-weather|PrimordialSea|[upkeep]
|-damage|p1a: Arceus|48/100 brn|[from] brn
|upkeep
|turn|15
|
|t:|1603233085
|-weather|none
|switch|p2a: Ho-Oh|Ho-Oh|100/100
|move|p1a: Arceus|Recover|p1a: Arceus
|-heal|p1a: Arceus|98/100 brn
|
|-damage|p1a: Arceus|92/100 brn|[from] brn
|upkeep
|turn|16
|
|t:|1603233092
|move|p1a: Arceus|Judgment|p2a: Ho-Oh
|-damage|p2a: Ho-Oh|45/100
|move|p2a: Ho-Oh|Whirlwind|p1a: Arceus
|drag|p1a: Necrozma|Necrozma-Dusk-Mane|89/100
|
|-heal|p1a: Necrozma|95/100|[from] item: Leftovers
|upkeep
|turn|17
|
|t:|1603233102
|move|p1a: Necrozma|Toxic|p2a: Ho-Oh
|-status|p2a: Ho-Oh|tox
|move|p2a: Ho-Oh|Sacred Fire|p1a: Necrozma
|-supereffective|p1a: Necrozma
|-damage|p1a: Necrozma|62/100
|-status|p1a: Necrozma|brn
|
|-heal|p1a: Necrozma|68/100 brn|[from] item: Leftovers
|-damage|p1a: Necrozma|62/100 brn|[from] brn
|-damage|p2a: Ho-Oh|39/100 tox|[from] psn
|upkeep
|turn|18
|
|t:|1603233127
|move|p1a: Necrozma|Stealth Rock|p2a: Ho-Oh
|-sidestart|p2: Qanon420|move: Stealth Rock
|move|p2a: Ho-Oh|Sacred Fire|p1a: Necrozma
|-supereffective|p1a: Necrozma
|-damage|p1a: Necrozma|28/100 brn
|
|-heal|p1a: Necrozma|34/100 brn|[from] item: Leftovers
|-damage|p1a: Necrozma|28/100 brn|[from] brn
|-damage|p2a: Ho-Oh|27/100 tox|[from] psn
|upkeep
|turn|19
|
|t:|1603233137
|move|p1a: Necrozma|Morning Sun|p1a: Necrozma
|-heal|p1a: Necrozma|78/100 brn
|move|p2a: Ho-Oh|Sacred Fire|p1a: Necrozma
|-supereffective|p1a: Necrozma
|-damage|p1a: Necrozma|45/100 brn
|
|-heal|p1a: Necrozma|51/100 brn|[from] item: Leftovers
|-damage|p1a: Necrozma|45/100 brn|[from] brn
|-damage|p2a: Ho-Oh|9/100 tox|[from] psn
|upkeep
|turn|20
|
|t:|1603233152
|switch|p2a: Kyogre|Kyogre-Primal|57/100
|-damage|p2a: Kyogre|45/100|[from] Stealth Rock
|-weather|PrimordialSea|[from] ability: Primordial Sea|[of] p2a: Kyogre
|move|p1a: Necrozma|Morning Sun|p1a: Necrozma
|-heal|p1a: Necrozma|70/100 brn
|
|-weather|PrimordialSea|[upkeep]
|-heal|p1a: Necrozma|76/100 brn|[from] item: Leftovers
|-damage|p1a: Necrozma|70/100 brn|[from] brn
|upkeep
|turn|21
|
|t:|1603233163
|switch|p1a: Arceus|Arceus-Dark|92/100 brn
|move|p2a: Kyogre|Scald|p1a: Arceus
|-damage|p1a: Arceus|55/100 brn
|
|-weather|PrimordialSea|[upkeep]
|-damage|p1a: Arceus|49/100 brn|[from] brn
|upkeep
|turn|22
|
|t:|1603233173
|move|p1a: Arceus|Recover|p1a: Arceus
|-heal|p1a: Arceus|99/100 brn
|move|p2a: Kyogre|Scald|p1a: Arceus
|-damage|p1a: Arceus|67/100 brn
|
|-weather|PrimordialSea|[upkeep]
|-damage|p1a: Arceus|61/100 brn|[from] brn
|upkeep
|turn|23
|
|t:|1603233183
|move|p1a: Arceus|Calm Mind|p1a: Arceus
|-boost|p1a: Arceus|spa|1
|-boost|p1a: Arceus|spd|1
|move|p2a: Kyogre|Scald|p1a: Arceus
|-damage|p1a: Arceus|37/100 brn
|
|-weather|PrimordialSea|[upkeep]
|-damage|p1a: Arceus|31/100 brn|[from] brn
|upkeep
|turn|24
|
|t:|1603233190
|move|p1a: Arceus|Recover|p1a: Arceus
|-heal|p1a: Arceus|81/100 brn
|move|p2a: Kyogre|Scald|p1a: Arceus
|-damage|p1a: Arceus|59/100 brn
|
|-weather|PrimordialSea|[upkeep]
|-damage|p1a: Arceus|53/100 brn|[from] brn
|upkeep
|turn|25
|
|t:|1603233203
|move|p1a: Arceus|Recover|p1a: Arceus
|-heal|p1a: Arceus|100/100 brn
|move|p2a: Kyogre|Rest|p2a: Kyogre
|-status|p2a: Kyogre|slp|[from] move: Rest
|-heal|p2a: Kyogre|100/100 slp|[silent]
|
|-weather|PrimordialSea|[upkeep]
|-damage|p1a: Arceus|94/100 brn|[from] brn
|upkeep
|turn|26
|
|t:|1603233214
|-weather|none
|switch|p2a: Ho-Oh|Ho-Oh|42/100 tox
|move|p1a: Arceus|Calm Mind|p1a: Arceus
|-boost|p1a: Arceus|spa|1
|-boost|p1a: Arceus|spd|1
|
|-damage|p1a: Arceus|88/100 brn|[from] brn
|-damage|p2a: Ho-Oh|36/100 tox|[from] psn
|upkeep
|turn|27
|
|t:|1603233231
|move|p1a: Arceus|Judgment|p2a: Ho-Oh
|-damage|p2a: Ho-Oh|0 fnt
|faint|p2a: Ho-Oh
|
|-damage|p1a: Arceus|82/100 brn|[from] brn
|upkeep
|
|t:|1603233238
|switch|p2a: Gengar|Gengar, F|100/100
|-damage|p2a: Gengar|88/100|[from] Stealth Rock
|turn|28
|
|t:|1603233246
|detailschange|p2a: Gengar|Gengar-Mega, F
|-mega|p2a: Gengar|Gengar|Gengarite
|move|p2a: Gengar|Destiny Bond|p2a: Gengar
|-singlemove|p2a: Gengar|Destiny Bond
|move|p1a: Arceus|Judgment|p2a: Gengar
|-supereffective|p2a: Gengar
|-damage|p2a: Gengar|0 fnt
|faint|p2a: Gengar
|-activate|p2a: Gengar|move: Destiny Bond
|faint|p1a: Arceus
|
|upkeep
|
|t:|1603233262
|switch|p2a: Kyogre|Kyogre-Primal|100/100 slp
|switch|p1a: Ditto|Ditto|100/100
|-damage|p2a: Kyogre|88/100 slp|[from] Stealth Rock
|-weather|PrimordialSea|[from] ability: Primordial Sea|[of] p2a: Kyogre
|-transform|p1a: Ditto|p2a: Kyogre|[from] ability: Imposter
|turn|29
|
|t:|1603233277
|switch|p1a: Yveltal|Yveltal, shiny|100/100
|-ability|p1a: Yveltal|Dark Aura
|cant|p2a: Kyogre|slp
|
|-weather|PrimordialSea|[upkeep]
|upkeep
|turn|30
|
|t:|1603233286
|-start|p1a: Yveltal|Dynamax
|-heal|p1a: Yveltal|100/100|[silent]
|move|p1a: Yveltal|Max Airstream|p2a: Kyogre
|-damage|p2a: Kyogre|38/100 slp
|-boost|p1a: Yveltal|spe|1
|-damage|p1a: Yveltal|96/100|[from] item: Life Orb
|cant|p2a: Kyogre|slp
|move|p2a: Kyogre|Sleep Talk|p2a: Kyogre
|move|p2a: Kyogre|Rest|p2a: Kyogre|[from]Sleep Talk
|-fail|p2a: Kyogre
|
|-weather|PrimordialSea|[upkeep]
|upkeep
|turn|31
|
|t:|1603233306
|move|p1a: Yveltal|Max Airstream|p2a: Kyogre
|-damage|p2a: Kyogre|0 fnt
|-boost|p1a: Yveltal|spe|1
|-damage|p1a: Yveltal|91/100|[from] item: Life Orb
|faint|p2a: Kyogre
|-weather|none
|
|upkeep
|
|t:|1603233308
|switch|p2a: Zacian|Zacian-Crowned|49/100
|-damage|p2a: Zacian|43/100|[from] Stealth Rock
|-ability|p2a: Zacian|Intrepid Sword|boost
|-boost|p2a: Zacian|atk|1
|turn|32
|
|t:|1603233318
|move|p1a: Yveltal|Max Darkness|p2a: Zacian
|-resisted|p2a: Zacian
|-damage|p2a: Zacian|0 fnt
|-damage|p1a: Yveltal|86/100|[from] item: Life Orb
|faint|p2a: Zacian
|
|-end|p1a: Yveltal|Dynamax
|-heal|p1a: Yveltal|86/100|[silent]
|upkeep
|
|t:|1603233328
|switch|p2a: Arceus|Arceus-Ground|100/100
|-damage|p2a: Arceus|94/100|[from] Stealth Rock
|turn|33
|
|t:|1603233333
|move|p1a: Yveltal|Dark Pulse|p2a: Arceus
|-damage|p2a: Arceus|44/100
|-damage|p1a: Yveltal|76/100|[from] item: Life Orb
|move|p2a: Arceus|Ice Beam|p1a: Yveltal
|-supereffective|p1a: Yveltal
|-damage|p1a: Yveltal|35/100
|
|upkeep
|turn|34
|
|t:|1603233340
|move|p1a: Yveltal|Dark Pulse|p2a: Arceus
|-damage|p2a: Arceus|0 fnt
|-damage|p1a: Yveltal|25/100|[from] item: Life Orb
|faint|p2a: Arceus
|
|win|starkorea74
|l|☆Qanon420
|l|☆starkorea74
|j|☆Qanon420
|player|p2|Qanon420|blue
