|j|☆flygoner818
|j|☆hjk0hr1
|t:|1664240569
|gametype|singles
|player|p1|flygoner818|richboy|1746
|player|p2|hjk0hr1|lucas|1926
|teamsize|p1|6
|teamsize|p2|6
|gen|8
|tier|[Gen 8] National Dex AG
|rated|
|rule|HP Percentage Mod: HP is shown in percentages
|rule|Endless Battle Clause: Forcing endless battles is banned
|clearpoke
|poke|p1|Arceus-*|
|poke|p1|Arceus-*|
|poke|p1|Arceus-*|
|poke|p1|Arceus-*|
|poke|p1|Arceus-*|
|poke|p1|Arceus-*|
|poke|p2|Zacian-*|
|poke|p2|Necrozma-Dusk-Mane|
|poke|p2|Eternatus|
|poke|p2|Arceus-*|
|poke|p2|Arceus-*|
|poke|p2|Rayquaza|
|teampreview
|inactive|Battle timer is ON: inactive players will automatically lose when time's up. (requested by flygoner818)
|
|t:|1664240581
|start
|switch|p1a: Merciful|Arceus|100/100
|switch|p2a: Necrozma|Necrozma-Dusk-Mane, shiny|100/100
|turn|1
|
|t:|1664240586
|move|p1a: Merciful|Stealth Rock|p2a: Necrozma
|-sidestart|p2: hjk0hr1|move: Stealth Rock
|move|p2a: Necrozma|Thunder Wave|p1a: Merciful
|-status|p1a: Merciful|par
|
|upkeep
|turn|2
|
|t:|1664240590
|move|p2a: Necrozma|Sunsteel Strike|p1a: Merciful
|-damage|p1a: Merciful|73/100 par
|cant|p1a: Merciful|par
|
|upkeep
|turn|3
|
|t:|1664240595
|move|p2a: Necrozma|Sunsteel Strike|p1a: Merciful
|-damage|p1a: Merciful|47/100 par
|move|p1a: Merciful|Light Screen|p1a: Merciful
|-sidestart|p1: flygoner818|move: Light Screen
|
|upkeep
|turn|4
|
|t:|1664240600
|switch|p2a: Arceus|Arceus-Fairy|100/100
|-damage|p2a: Arceus|88/100|[from] Stealth Rock
|move|p1a: Merciful|Reflect|p1a: Merciful
|-sidestart|p1: flygoner818|Reflect
|
|upkeep
|turn|5
|
|t:|1664240603
|move|p2a: Arceus|Defog|p1a: Merciful
|-unboost|p1a: Merciful|evasion|1
|-sideend|p1: flygoner818|Reflect
|-sideend|p1: flygoner818|move: Light Screen
|-sideend|p2: hjk0hr1|Stealth Rock|[from] move: Defog|[of] p2a: Arceus
|move|p1a: Merciful|Perish Song|p1a: Merciful
|-start|p1a: Merciful|perish3|[silent]
|-start|p2a: Arceus|perish3|[silent]
|-fieldactivate|move: Perish Song
|
|-start|p2a: Arceus|perish3
|-start|p1a: Merciful|perish3
|upkeep
|turn|6
|
|t:|1664240606
|move|p2a: Arceus|Judgment|p1a: Merciful
|-damage|p1a: Merciful|13/100 par
|move|p1a: Merciful|Stealth Rock|p2a: Arceus
|-sidestart|p2: hjk0hr1|move: Stealth Rock
|
|-start|p2a: Arceus|perish2
|-start|p1a: Merciful|perish2
|upkeep
|turn|7
|
|t:|1664240611
|move|p2a: Arceus|Defog|p1a: Merciful
|-unboost|p1a: Merciful|evasion|1
|-sideend|p2: hjk0hr1|Stealth Rock|[from] move: Defog|[of] p2a: Arceus
|move|p1a: Merciful|Stealth Rock|p2a: Arceus
|-sidestart|p2: hjk0hr1|move: Stealth Rock
|
|-start|p2a: Arceus|perish1
|-start|p1a: Merciful|perish1
|upkeep
|turn|8
|
|t:|1664240618
|switch|p2a: Necrozma|Necrozma-Dusk-Mane, shiny|100/100
|-damage|p2a: Necrozma|94/100|[from] Stealth Rock
|move|p1a: Merciful|Perish Song|p1a: Merciful
|-start|p2a: Necrozma|perish3|[silent]
|-fieldactivate|move: Perish Song
|
|-start|p2a: Necrozma|perish3
|-start|p1a: Merciful|perish0
|upkeep
|faint|p1a: Merciful
|
|t:|1664240624
|switch|p1a: Meek|Arceus|100/100
|turn|9
|
|t:|1664240627
|move|p1a: Meek|Substitute|p1a: Meek
|-start|p1a: Meek|Substitute
|-damage|p1a: Meek|76/100
|move|p2a: Necrozma|Thunder Wave||[still]
|-fail|p2a: Necrozma
|
|-heal|p1a: Meek|82/100|[from] item: Leftovers
|-start|p2a: Necrozma|perish2
|upkeep
|turn|10
|
|t:|1664240629
|move|p1a: Meek|Swords Dance|p1a: Meek
|-boost|p1a: Meek|atk|2
|move|p2a: Necrozma|Sunsteel Strike|p1a: Meek
|-end|p1a: Meek|Substitute
|
|-heal|p1a: Meek|88/100|[from] item: Leftovers
|-start|p2a: Necrozma|perish1
|upkeep
|turn|11
|
|t:|1664240635
|switch|p2a: Rayquaza|Rayquaza|100/100
|-damage|p2a: Rayquaza|76/100|[from] Stealth Rock
|-ability|p2a: Rayquaza|Air Lock
|move|p1a: Meek|Substitute|p1a: Meek
|-start|p1a: Meek|Substitute
|-damage|p1a: Meek|63/100
|
|-heal|p1a: Meek|69/100|[from] item: Leftovers
|upkeep
|turn|12
|
|t:|1664240640
|detailschange|p2a: Rayquaza|Rayquaza-Mega
|-mega|p2a: Rayquaza|Rayquaza|
|-weather|DeltaStream|[from] ability: Delta Stream|[of] p2a: Rayquaza
|move|p1a: Meek|Extreme Speed|p2a: Rayquaza
|-damage|p2a: Rayquaza|0 fnt
|faint|p2a: Rayquaza
|-weather|none
|
|-heal|p1a: Meek|75/100|[from] item: Leftovers
|upkeep
|
|t:|1664240644
|switch|p2a: Necrozma|Necrozma-Dusk-Mane, shiny|94/100
|-damage|p2a: Necrozma|88/100|[from] Stealth Rock
|turn|13
|
|t:|1664240648
|-start|p2a: Necrozma|Dynamax|
|-heal|p2a: Necrozma|88/100|[silent]
|move|p1a: Meek|Shadow Force||[still]
|-prepare|p1a: Meek|Shadow Force
|move|p2a: Necrozma|Max Steelspike|p1a: Meek|[miss]
|-miss|p2a: Necrozma|p1a: Meek
|
|-heal|p1a: Meek|81/100|[from] item: Leftovers
|upkeep
|turn|14
|
|t:|1664240653
|move|p1a: Meek|Shadow Force|p2a: Necrozma|[from]lockedmove
|-supereffective|p2a: Necrozma
|-damage|p2a: Necrozma|55/100
|-damage|p1a: Meek|65/100|[from] item: Rocky Helmet|[of] p2a: Necrozma
|move|p2a: Necrozma|Max Steelspike|p1a: Meek
|-end|p1a: Meek|Substitute
|-boost|p2a: Necrozma|def|1
|
|-heal|p1a: Meek|71/100|[from] item: Leftovers
|upkeep
|turn|15
|
|t:|1664240669
|-start|p1a: Meek|Dynamax|
|-heal|p1a: Meek|71/100|[silent]
|move|p1a: Meek|Max Phantasm|p2a: Necrozma
|-supereffective|p2a: Necrozma
|-damage|p2a: Necrozma|29/100
|-unboost|p2a: Necrozma|def|1
|move|p2a: Necrozma|Max Steelspike|p1a: Meek
|-damage|p1a: Meek|49/100
|-boost|p2a: Necrozma|def|1
|
|-heal|p1a: Meek|52/100|[from] item: Leftovers
|upkeep
|-end|p2a: Necrozma|Dynamax
|-heal|p2a: Necrozma|29/100|[silent]
|turn|16
|
|t:|1664240673
|move|p1a: Meek|Max Phantasm|p2a: Necrozma
|-supereffective|p2a: Necrozma
|-damage|p2a: Necrozma|0 fnt
|faint|p2a: Necrozma
|
|-heal|p1a: Meek|55/100|[from] item: Leftovers
|upkeep
|
|t:|1664240677
|switch|p2a: Zacian|Zacian-Crowned|100/100
|-damage|p2a: Zacian|94/100|[from] Stealth Rock
|-ability|p2a: Zacian|Intrepid Sword|boost
|-boost|p2a: Zacian|atk|1
|turn|17
|
|t:|1664240682
|move|p2a: Zacian|Behemoth Blade|p1a: Meek
|-damage|p1a: Meek|0 fnt
|faint|p1a: Meek
|
|upkeep
|
|t:|1664240687
|switch|p1a: Those Who Mourn|Arceus|100/100
|turn|18
|
|t:|1664240690
|move|p2a: Zacian|Substitute|p2a: Zacian
|-start|p2a: Zacian|Substitute
|-damage|p2a: Zacian|69/100
|move|p1a: Those Who Mourn|Earthquake|p2a: Zacian
|-supereffective|p2a: Zacian
|-end|p2a: Zacian|Substitute
|
|upkeep
|turn|19
|
|t:|1664240695
|move|p2a: Zacian|Close Combat|p1a: Those Who Mourn
|-supereffective|p1a: Those Who Mourn
|-enditem|p1a: Those Who Mourn|Chople Berry|[eat]
|-enditem|p1a: Those Who Mourn|Chople Berry|[weaken]
|-damage|p1a: Those Who Mourn|49/100
|-unboost|p2a: Zacian|def|1
|-unboost|p2a: Zacian|spd|1
|move|p1a: Those Who Mourn|Earthquake|p2a: Zacian
|-supereffective|p2a: Zacian
|-damage|p2a: Zacian|0 fnt
|faint|p2a: Zacian
|
|upkeep
|
|t:|1664240703
|switch|p2a: Eternatus|Eternatus|100/100
|-damage|p2a: Eternatus|88/100|[from] Stealth Rock
|-ability|p2a: Eternatus|Pressure
|turn|20
|
|t:|1664240707
|move|p2a: Eternatus|Dynamax Cannon|p1a: Those Who Mourn
|-damage|p1a: Those Who Mourn|9/100
|move|p1a: Those Who Mourn|Swords Dance|p1a: Those Who Mourn
|-boost|p1a: Those Who Mourn|atk|2
|
|upkeep
|turn|21
|
|t:|1664240710
|move|p1a: Those Who Mourn|Extreme Speed|p2a: Eternatus
|-damage|p2a: Eternatus|10/100
|move|p2a: Eternatus|Dynamax Cannon|p1a: Those Who Mourn
|-damage|p1a: Those Who Mourn|0 fnt
|faint|p1a: Those Who Mourn
|
|upkeep
|
|t:|1664240716
|switch|p1a: Pure in Heart|Arceus|100/100
|turn|22
|
|t:|1664240719
|move|p1a: Pure in Heart|Extreme Speed|p2a: Eternatus
|-damage|p2a: Eternatus|0 fnt
|faint|p2a: Eternatus
|
|upkeep
|-message|hjk0hr1 forfeited.
|
|win|flygoner818
|raw|flygoner818's rating: 1746 &rarr; <strong>1776</strong><br />(+30 for winning)
|raw|hjk0hr1's rating: 1926 &rarr; <strong>1896</strong><br />(-30 for losing)
|l|☆hjk0hr1
||Ladder isn't responding, score probably updated but might not have (Request timeout).
