|j|☆Snakethey
|j|☆RuttoInPubblico
|t:|1653666357
|gametype|singles
|player|p1|Snakethey|flint|1250
|player|p2|RuttoInPubblico|2|1147
|teamsize|p1|6
|teamsize|p2|6
|gen|8
|tier|[Gen 8] National Dex AG
|rated|
|rule|HP Percentage Mod: HP is shown in percentages
|rule|Endless Battle Clause: Forcing endless battles is banned
|clearpoke
|poke|p1|Tapu Koko|
|poke|p1|Blastoise, F|
|poke|p1|Hitmonlee, M|
|poke|p1|Serperior, M|
|poke|p1|Raichu-Alola, F|
|poke|p1|Darmanitan-Galar, M|
|poke|p2|Barraskewda, M|
|poke|p2|Lilligant, F|
|poke|p2|Beedrill, M|
|poke|p2|Cursola, F|
|poke|p2|Klinklang|
|poke|p2|Florges-White, F|
|teampreview
|
|t:|1653666381
|start
|switch|p1a: Tapu Koko|Tapu Koko|100/100
|switch|p2a: Roh intak|Cursola, F|100/100
|-fieldstart|move: Electric Terrain|[from] ability: Electric Surge|[of] p1a: Tapu Koko
|turn|1
|
|t:|1653666391
|move|p2a: Roh intak|Endure|p2a: Roh intak
|-singleturn|p2a: Roh intak|move: Endure
|move|p1a: Tapu Koko|Light Screen|p1a: Tapu Koko
|-sidestart|p1: Snakethey|move: Light Screen
|
|upkeep
|turn|2
|
|t:|1653666395
|move|p2a: Roh intak|Endure||[still]
|-fail|p2a: Roh intak
|move|p1a: Tapu Koko|Reflect|p1a: Tapu Koko
|-sidestart|p1: Snakethey|Reflect
|
|upkeep
|turn|3
|
|t:|1653666401
|move|p2a: Roh intak|Endure|p2a: Roh intak
|-singleturn|p2a: Roh intak|move: Endure
|move|p1a: Tapu Koko|U-turn|p2a: Roh intak
|-resisted|p2a: Roh intak
|-damage|p2a: Roh intak|84/100
|-ability|p2a: Roh intak|Weak Armor|boost
|-unboost|p2a: Roh intak|def|1
|-boost|p2a: Roh intak|spe|2
|
|t:|1653666420
|switch|p1a: Blastoise|Blastoise, F|100/100|[from]move: U-turn
|
|upkeep
|turn|4
|
|t:|1653666432
|detailschange|p1a: Blastoise|Blastoise-Mega, F
|-mega|p1a: Blastoise|Blastoise|Blastoisinite
|move|p2a: Roh intak|Shadow Ball|p1a: Blastoise
|-damage|p1a: Blastoise|79/100
|move|p1a: Blastoise|Shell Smash|p1a: Blastoise
|-unboost|p1a: Blastoise|def|1
|-unboost|p1a: Blastoise|spd|1
|-boost|p1a: Blastoise|atk|2
|-boost|p1a: Blastoise|spa|2
|-boost|p1a: Blastoise|spe|2
|
|upkeep
|turn|5
|
|t:|1653666448
|move|p2a: Roh intak|Endure|p2a: Roh intak
|-singleturn|p2a: Roh intak|move: Endure
|move|p1a: Blastoise|Dark Pulse|p2a: Roh intak
|-supereffective|p2a: Roh intak
|-activate|p2a: Roh intak|move: Endure
|-damage|p2a: Roh intak|1/100
|
|-sideend|p1: Snakethey|move: Light Screen
|upkeep
|turn|6
|
|t:|1653666461
|move|p1a: Blastoise|Dark Pulse|p2a: Roh intak
|-supereffective|p2a: Roh intak
|-damage|p2a: Roh intak|0 fnt
|faint|p2a: Roh intak
|
|-sideend|p1: Snakethey|Reflect
|upkeep
|
|t:|1653666477
|switch|p2a: Kos oktak|Florges-White, F|100/100
|turn|7
|
|t:|1653666496
|move|p1a: Blastoise|Water Spout|p2a: Kos oktak
|-damage|p2a: Kos oktak|28/100
|move|p2a: Kos oktak|Moonblast|p1a: Blastoise
|-damage|p1a: Blastoise|22/100
|
|-heal|p2a: Kos oktak|34/100|[from] item: Leftovers
|upkeep
|turn|8
|
|t:|1653666523
|move|p1a: Blastoise|Water Pulse|p2a: Kos oktak
|-damage|p2a: Kos oktak|0 fnt
|faint|p2a: Kos oktak
|
|-fieldend|move: Electric Terrain
|upkeep
|
|t:|1653666549
|switch|p2a: Kos immak|Barraskewda, M, shiny|100/100
|turn|9
|
|t:|1653666558
|move|p1a: Blastoise|Dark Pulse|p2a: Kos immak
|-damage|p2a: Kos immak|0 fnt
|faint|p2a: Kos immak
|
|upkeep
|
|t:|1653666565
|switch|p2a: Ako Sharmootah|Klinklang|100/100
|turn|10
|
|t:|1653666572
|move|p1a: Blastoise|Water Pulse|p2a: Ako Sharmootah
|-damage|p2a: Ako Sharmootah|0 fnt
|faint|p2a: Ako Sharmootah
|
|upkeep
|
|t:|1653666575
|switch|p2a: Suzumebachi|Beedrill, M|100/100
|turn|11
|
|t:|1653666582
|detailschange|p2a: Suzumebachi|Beedrill-Mega, M
|-mega|p2a: Suzumebachi|Beedrill|Beedrillite
|move|p1a: Blastoise|Water Pulse|p2a: Suzumebachi
|-damage|p2a: Suzumebachi|0 fnt
|faint|p2a: Suzumebachi
|
|upkeep
|
|t:|1653666586
|switch|p2a: Helweh|Lilligant, F|100/100
|turn|12
|
|t:|1653666591
|move|p1a: Blastoise|Dark Pulse|p2a: Helweh
|-damage|p2a: Helweh|0 fnt
|faint|p2a: Helweh
|
|win|Snakethey
|raw|Snakethey's rating: 1250 &rarr; <strong>1268</strong><br />(+18 for winning)
|raw|RuttoInPubblico's rating: 1147 &rarr; <strong>1129</strong><br />(-18 for losing)
|c|☆Snakethey|Gg
|c|☆RuttoInPubblico|quanti cazzi ha succhiato tua madre oggi? chiedo per un indagine statistica
|n|‽RuttoInPubblico|ruttoinpubblico
|c|&|/log RuttoInPubblico was locked from talking by Artemis (☆RuttoInPubblico: quanti cazzi ha succhiato tua madre oggi? chiedo per un indagine statistica)
|c|&|/raw <small>This action was done automatically. Want to learn more about the AI? <a href="https://www.smogon.com/forums/threads/3570628/#post-9056769">Visit the information thread</a>.</small>
|l|‽RuttoInPubblico
|c|☆Snakethey|Lol
||Ladder isn't responding, score probably updated but might not have (Request timeout).
