|j|☆soviet glonk
|j|☆Dragomer Ayaren
|t:|1635865288
|gametype|singles
|player|p1|soviet glonk|ghetsis|1643
|player|p2|Dragomer Ayaren|firebreather|1695
|teamsize|p1|6
|teamsize|p2|6
|gen|8
|tier|[Gen 8] National Dex AG
|rated|
|rule|HP Percentage Mod: HP is shown in percentages
|rule|Endless Battle Clause: Forcing endless battles is banned
|clearpoke
|poke|p1|Zacian-*|
|poke|p1|Arceus-*|
|poke|p1|Yveltal|
|poke|p1|Necrozma-Dusk-Mane|
|poke|p1|Ditto|
|poke|p1|Calyrex-Shadow|
|poke|p2|Arceus-*|
|poke|p2|Deoxys-Attack|
|poke|p2|Arceus-*|
|poke|p2|Ditto|
|poke|p2|Marshadow|
|poke|p2|Yveltal|
|teampreview
|inactive|Battle timer is ON: inactive players will automatically lose when time's up. (requested by Dragomer Ayaren)
|inactive|soviet glonk also wants the timer to be on.
|
|t:|1635865304
|start
|switch|p1a: Zacian|Zacian|100/100
|switch|p2a: DNA|Deoxys-Attack|100/100
|-ability|p2a: DNA|Pressure
|-ability|p1a: Zacian|Intrepid Sword|boost
|-boost|p1a: Zacian|atk|1
|turn|1
|
|t:|1635865314
|switch|p1a: Yveltal|Yveltal|100/100
|-ability|p1a: Yveltal|Dark Aura
|move|p2a: DNA|Stealth Rock|p1a: Yveltal
|-sidestart|p1: soviet glonk|move: Stealth Rock
|
|upkeep
|turn|2
|
|t:|1635865320
|move|p2a: DNA|Ice Beam|p1a: Yveltal
|-supereffective|p1a: Yveltal
|-damage|p1a: Yveltal|55/100
|move|p1a: Yveltal|Foul Play|p2a: DNA
|-supereffective|p2a: DNA
|-enditem|p2a: DNA|Focus Sash
|-damage|p2a: DNA|1/100
|
|upkeep
|turn|3
|
|t:|1635865328
|move|p2a: DNA|Extreme Speed|p1a: Yveltal
|-damage|p1a: Yveltal|31/100
|move|p1a: Yveltal|U-turn|p2a: DNA
|-supereffective|p2a: DNA
|-damage|p2a: DNA|0 fnt
|faint|p2a: DNA
|
|t:|1635865336
|switch|p1a: Necrozma|Necrozma-Dusk-Mane|100/100|[from]move: U-turn
|-damage|p1a: Necrozma|94/100|[from] Stealth Rock
|
|upkeep
|
|t:|1635865344
|switch|p2a: Titã|Arceus-Ground|100/100
|turn|4
|
|t:|1635865349
|move|p2a: Titã|Ice Beam|p1a: Necrozma
|-resisted|p1a: Necrozma
|-damage|p1a: Necrozma|81/100
|move|p1a: Necrozma|Toxic|p2a: Titã
|-status|p2a: Titã|tox
|
|-damage|p2a: Titã|94/100 tox|[from] psn
|upkeep
|turn|5
|
|t:|1635865363
|switch|p1a: Yveltal|Yveltal|31/100
|-ability|p1a: Yveltal|Dark Aura
|move|p2a: Titã|Ice Beam|p1a: Yveltal
|-supereffective|p1a: Yveltal
|-damage|p1a: Yveltal|0 fnt
|faint|p1a: Yveltal
|
|-damage|p2a: Titã|82/100 tox|[from] psn
|upkeep
|
|t:|1635865366
|switch|p1a: Zacian|Zacian|100/100
|-damage|p1a: Zacian|88/100|[from] Stealth Rock
|-ability|p1a: Zacian|Intrepid Sword|boost
|-boost|p1a: Zacian|atk|1
|turn|6
|
|t:|1635865376
|move|p1a: Zacian|Play Rough|p2a: Titã
|-damage|p2a: Titã|0 fnt
|faint|p2a: Titã
|
|upkeep
|
|t:|1635865393
|switch|p2a: Deus|Arceus, shiny|100/100
|turn|7
|
|t:|1635865401
|move|p2a: Deus|Extreme Speed|p1a: Zacian
|-damage|p1a: Zacian|32/100
|-damage|p2a: Deus|91/100|[from] item: Life Orb
|move|p1a: Zacian|Play Rough|p2a: Deus
|-damage|p2a: Deus|9/100
|
|upkeep
|turn|8
|
|t:|1635865413
|switch|p1a: Necrozma|Necrozma-Dusk-Mane|81/100
|-damage|p1a: Necrozma|75/100|[from] Stealth Rock
|move|p2a: Deus|Shadow Claw|p1a: Necrozma
|-supereffective|p1a: Necrozma
|-damage|p1a: Necrozma|50/100
|-damage|p2a: Deus|0 fnt|[from] item: Rocky Helmet|[of] p1a: Necrozma
|faint|p2a: Deus
|
|upkeep
|
|t:|1635865424
|switch|p2a: Pássaro das Trevas|Yveltal|100/100
|-ability|p2a: Pássaro das Trevas|Dark Aura
|turn|9
|
|t:|1635865431
|-start|p2a: Pássaro das Trevas|Dynamax
|-heal|p2a: Pássaro das Trevas|100/100|[silent]
|move|p2a: Pássaro das Trevas|Max Airstream|p1a: Necrozma
|-resisted|p1a: Necrozma
|-damage|p1a: Necrozma|13/100
|-boost|p2a: Pássaro das Trevas|spe|1
|-damage|p2a: Pássaro das Trevas|96/100|[from] item: Life Orb
|move|p1a: Necrozma|Morning Sun|p1a: Necrozma
|-heal|p1a: Necrozma|63/100
|
|upkeep
|turn|10
|
|t:|1635865442
|move|p2a: Pássaro das Trevas|Max Darkness|p1a: Necrozma
|-supereffective|p1a: Necrozma
|-damage|p1a: Necrozma|0 fnt
|faint|p1a: Necrozma
|-damage|p2a: Pássaro das Trevas|91/100|[from] item: Life Orb
|
|upkeep
|
|t:|1635865447
|switch|p1a: Ditto|Ditto|100/100
|-damage|p1a: Ditto|88/100|[from] Stealth Rock
|-transform|p1a: Ditto|p2a: Pássaro das Trevas|[from] ability: Imposter
|-ability|p1a: Ditto|Dark Aura
|turn|11
|
|t:|1635865454
|-start|p1a: Ditto|Dynamax
|-heal|p1a: Ditto|88/100|[silent]
|move|p1a: Ditto|Max Airstream|p2a: Pássaro das Trevas
|-damage|p2a: Pássaro das Trevas|58/100
|-boost|p1a: Ditto|spe|1
|move|p2a: Pássaro das Trevas|Max Airstream|p1a: Ditto
|-damage|p1a: Ditto|27/100
|-boost|p2a: Pássaro das Trevas|spe|1
|-damage|p2a: Pássaro das Trevas|53/100|[from] item: Life Orb
|
|-end|p2a: Pássaro das Trevas|Dynamax
|-heal|p2a: Pássaro das Trevas|53/100|[silent]
|upkeep
|turn|12
|
|t:|1635865468
|move|p2a: Pássaro das Trevas|Oblivion Wing|p1a: Ditto
|-damage|p1a: Ditto|0 fnt
|-heal|p2a: Pássaro das Trevas|84/100|[from] drain|[of] p1a: Ditto
|faint|p1a: Ditto
|-damage|p2a: Pássaro das Trevas|74/100|[from] item: Life Orb
|
|upkeep
|
|t:|1635865474
|switch|p1a: Arceus|Arceus-Ground|100/100
|-damage|p1a: Arceus|94/100|[from] Stealth Rock
|turn|13
|inactive|Dragomer Ayaren has 120 seconds left.
|
|t:|1635865504
|move|p2a: Pássaro das Trevas|Oblivion Wing|p1a: Arceus
|-damage|p1a: Arceus|53/100
|-heal|p2a: Pássaro das Trevas|100/100|[from] drain|[of] p1a: Arceus
|-damage|p2a: Pássaro das Trevas|91/100|[from] item: Life Orb
|move|p1a: Arceus|Calm Mind|p1a: Arceus
|-boost|p1a: Arceus|spa|1
|-boost|p1a: Arceus|spd|1
|
|upkeep
|turn|14
|
|t:|1635865519
|move|p2a: Pássaro das Trevas|Dark Pulse|p1a: Arceus
|-damage|p1a: Arceus|15/100
|-damage|p2a: Pássaro das Trevas|81/100|[from] item: Life Orb
|move|p1a: Arceus|Ice Beam|p2a: Pássaro das Trevas
|-supereffective|p2a: Pássaro das Trevas
|-damage|p2a: Pássaro das Trevas|15/100
|
|upkeep
|turn|15
|
|t:|1635865526
|move|p2a: Pássaro das Trevas|Dark Pulse|p1a: Arceus
|-damage|p1a: Arceus|0 fnt
|faint|p1a: Arceus
|-damage|p2a: Pássaro das Trevas|5/100|[from] item: Life Orb
|
|upkeep
|
|t:|1635865531
|switch|p1a: Zacian|Zacian|32/100
|-damage|p1a: Zacian|20/100|[from] Stealth Rock
|-ability|p1a: Zacian|Intrepid Sword|boost
|-boost|p1a: Zacian|atk|1
|turn|16
|
|t:|1635865539
|move|p2a: Pássaro das Trevas|Oblivion Wing|p1a: Zacian
|-damage|p1a: Zacian|0 fnt
|-heal|p2a: Pássaro das Trevas|17/100|[from] drain|[of] p1a: Zacian
|faint|p1a: Zacian
|-damage|p2a: Pássaro das Trevas|7/100|[from] item: Life Orb
|
|upkeep
|-message|soviet glonk forfeited.
|
|win|Dragomer Ayaren
|raw|soviet glonk's rating: 1643 &rarr; <strong>1626</strong><br />(-17 for losing)
|raw|Dragomer Ayaren's rating: 1695 &rarr; <strong>1712</strong><br />(+17 for winning)
|l|☆soviet glonk
||Ladder isn't responding, score probably updated but might not have (Request timeout).
