|j|☆BijouMode
|j|☆C0ld as Ice
|inactive|Battle timer is ON: inactive players will automatically lose when time's up.
|t:|1650022852
|gametype|singles
|player|p1|BijouMode|veteran|
|player|p2|C0ld as Ice|schoolkid-gen4dp|
|teamsize|p1|6
|teamsize|p2|6
|gen|8
|tier|[Gen 8] National Dex AG
|rated|Tournament battle
|rule|HP Percentage Mod: HP is shown in percentages
|rule|Endless Battle Clause: Forcing endless battles is banned
|clearpoke
|poke|p1|Zacian-*|
|poke|p1|Ho-Oh|
|poke|p1|Arceus-*|
|poke|p1|Rayquaza|
|poke|p1|Zygarde|
|poke|p1|Necrozma-Dusk-Mane|
|poke|p2|Arceus-*|
|poke|p2|Tyranitar, M|
|poke|p2|Ho-Oh|
|poke|p2|Necrozma-Dusk-Mane|
|poke|p2|Eternatus|
|poke|p2|Groudon|
|teampreview
|inactive|C0ld as Ice also wants the timer to be on.
|j| KingAlpha207
|
|t:|1650022872
|start
|switch|p1a: Necrozma|Necrozma-Dusk-Mane, shiny|100/100
|switch|p2a: Ho-Oh|Ho-Oh|100/100
|turn|1
|
|t:|1650022888
|move|p1a: Necrozma|Stone Edge|p2a: Ho-Oh
|-supereffective|p2a: Ho-Oh
|-damage|p2a: Ho-Oh|0 fnt
|faint|p2a: Ho-Oh
|
|upkeep
|
|t:|1650022900
|switch|p2a: Groudon|Groudon|100/100
|detailschange|p2a: Groudon|Groudon-Primal
|-primal|p2a: Groudon
|-weather|DesolateLand|[from] ability: Desolate Land|[of] p2a: Groudon
|turn|2
|
|t:|1650022911
|detailschange|p1a: Necrozma|Necrozma-Ultra, shiny
|-burst|p1a: Necrozma|Necrozma|Ultranecrozium Z
|move|p1a: Necrozma|Dragon Dance|p1a: Necrozma
|-boost|p1a: Necrozma|atk|1
|-boost|p1a: Necrozma|spe|1
|move|p2a: Groudon|Swords Dance|p2a: Groudon
|-boost|p2a: Groudon|atk|2
|
|-weather|DesolateLand|[upkeep]
|upkeep
|turn|3
|
|t:|1650022934
|-weather|none
|switch|p2a: Arceus|Arceus-Water|100/100
|move|p1a: Necrozma|Earthquake|p2a: Arceus
|-damage|p2a: Arceus|64/100
|
|upkeep
|turn|4
|
|t:|1650022941
|switch|p2a: Tyranitar|Tyranitar, M|100/100
|-weather|Sandstorm|[from] ability: Sand Stream|[of] p2a: Tyranitar
|-zpower|p1a: Necrozma
|move|p1a: Necrozma|Light That Burns the Sky|p2a: Tyranitar|[zeffect]
|-immune|p2a: Tyranitar
|
|-weather|Sandstorm|[upkeep]
|-damage|p1a: Necrozma|95/100|[from] Sandstorm
|upkeep
|turn|5
|
|t:|1650022953
|move|p1a: Necrozma|Earthquake|p2a: Tyranitar
|-supereffective|p2a: Tyranitar
|-enditem|p2a: Tyranitar|Shuca Berry|[eat]
|-enditem|p2a: Tyranitar|Shuca Berry|[weaken]
|-damage|p2a: Tyranitar|35/100
|move|p2a: Tyranitar|Foul Play|p1a: Necrozma
|-supereffective|p1a: Necrozma
|-damage|p1a: Necrozma|0 fnt
|faint|p1a: Necrozma
|
|-weather|Sandstorm|[upkeep]
|upkeep
|
|t:|1650022963
|switch|p1a: Arceus|Arceus-Water, shiny|100/100
|turn|6
|
|t:|1650022969
|move|p1a: Arceus|Judgment|p2a: Tyranitar
|-supereffective|p2a: Tyranitar
|-damage|p2a: Tyranitar|0 fnt
|faint|p2a: Tyranitar
|
|-weather|Sandstorm|[upkeep]
|-damage|p1a: Arceus|94/100|[from] Sandstorm
|upkeep
|
|t:|1650022973
|switch|p2a: Eternatus|Eternatus|100/100
|-ability|p2a: Eternatus|Pressure
|turn|7
|
|t:|1650022989
|switch|p1a: Zygarde|Zygarde, shiny|100/100
|move|p2a: Eternatus|Flamethrower|p1a: Zygarde
|-resisted|p1a: Zygarde
|-damage|p1a: Zygarde|82/100
|-damage|p2a: Eternatus|91/100|[from] item: Life Orb
|
|-weather|Sandstorm|[upkeep]
|-damage|p2a: Eternatus|84/100|[from] Sandstorm
|-heal|p1a: Zygarde|88/100|[from] item: Leftovers
|upkeep
|turn|8
|
|t:|1650022992
|move|p2a: Eternatus|Dynamax Cannon|p1a: Zygarde
|-supereffective|p1a: Zygarde
|-damage|p1a: Zygarde|0 fnt
|faint|p1a: Zygarde
|-damage|p2a: Eternatus|74/100|[from] item: Life Orb
|
|-weather|none
|upkeep
|
|t:|1650022996
|switch|p1a: Zacian|Zacian-Crowned, shiny|100/100
|-ability|p1a: Zacian|Intrepid Sword|boost
|-boost|p1a: Zacian|atk|1
|turn|9
|
|t:|1650023006
|switch|p2a: Necrozma|Necrozma-Dusk-Mane|100/100
|move|p1a: Zacian|Behemoth Blade|p2a: Necrozma
|-resisted|p2a: Necrozma
|-damage|p2a: Necrozma|73/100
|-damage|p1a: Zacian|84/100|[from] item: Rocky Helmet|[of] p2a: Necrozma
|
|upkeep
|turn|10
|
|t:|1650023014
|switch|p1a: Arceus|Arceus-Water, shiny|94/100
|move|p2a: Necrozma|Thunder Wave|p1a: Arceus
|-status|p1a: Arceus|par
|
|upkeep
|turn|11
|
|t:|1650023026
|switch|p2a: Groudon|Groudon-Primal|100/100
|-weather|DesolateLand|[from] ability: Desolate Land|[of] p2a: Groudon
|move|p1a: Arceus|Refresh|p1a: Arceus
|-curestatus|p1a: Arceus|par|[msg]
|
|-weather|DesolateLand|[upkeep]
|upkeep
|turn|12
|
|t:|1650023043
|move|p1a: Arceus|Toxic|p2a: Groudon
|-status|p2a: Groudon|tox
|move|p2a: Groudon|Swords Dance|p2a: Groudon
|-boost|p2a: Groudon|atk|2
|
|-weather|DesolateLand|[upkeep]
|-damage|p2a: Groudon|94/100 tox|[from] psn
|upkeep
|turn|13
|
|t:|1650023067
|switch|p1a: Rayquaza|Rayquaza, shiny|100/100
|-ability|p1a: Rayquaza|Air Lock
|move|p2a: Groudon|Stone Edge|p1a: Rayquaza|[miss]
|-miss|p2a: Groudon|p1a: Rayquaza
|
|-weather|DesolateLand|[upkeep]
|-damage|p2a: Groudon|82/100 tox|[from] psn
|upkeep
|turn|14
|inactive|BijouMode has 120 seconds left.
|j| Orbanian
|
|t:|1650023106
|detailschange|p1a: Rayquaza|Rayquaza-Mega, shiny
|-mega|p1a: Rayquaza|Rayquaza|
|-weather|DeltaStream|[from] ability: Delta Stream|[of] p1a: Rayquaza
|move|p1a: Rayquaza|Dragon Dance|p1a: Rayquaza
|-boost|p1a: Rayquaza|atk|1
|-boost|p1a: Rayquaza|spe|1
|move|p2a: Groudon|Stone Edge|p1a: Rayquaza|[miss]
|-miss|p2a: Groudon|p1a: Rayquaza
|
|-weather|DeltaStream|[upkeep]
|-damage|p2a: Groudon|63/100 tox|[from] psn
|upkeep
|turn|15
|
|t:|1650023122
|move|p1a: Rayquaza|Earthquake|p2a: Groudon
|-supereffective|p2a: Groudon
|-damage|p2a: Groudon|0 fnt
|faint|p2a: Groudon
|
|-weather|DeltaStream|[upkeep]
|upkeep
|
|t:|1650023134
|switch|p2a: Arceus|Arceus-Water|64/100
|turn|16
|
|t:|1650023148
|-start|p2a: Arceus|Dynamax|
|-heal|p2a: Arceus|64/100|[silent]
|move|p1a: Rayquaza|Dragon Ascent|p2a: Arceus
|-damage|p2a: Arceus|31/100
|-unboost|p1a: Rayquaza|def|1
|-unboost|p1a: Rayquaza|spd|1
|move|p2a: Arceus|Max Hailstorm|p1a: Rayquaza
|-activate||deltastream
|-supereffective|p1a: Rayquaza
|-damage|p1a: Rayquaza|7/100
|
|-weather|DeltaStream|[upkeep]
|upkeep
|turn|17
|
|t:|1650023161
|-end|p2a: Arceus|Dynamax
|-heal|p2a: Arceus|31/100|[silent]
|switch|p2a: Necrozma|Necrozma-Dusk-Mane|73/100
|move|p1a: Rayquaza|Dragon Ascent|p2a: Necrozma
|-resisted|p2a: Necrozma
|-damage|p2a: Necrozma|38/100
|-unboost|p1a: Rayquaza|def|1
|-unboost|p1a: Rayquaza|spd|1
|-damage|p1a: Rayquaza|0 fnt|[from] item: Rocky Helmet|[of] p2a: Necrozma
|faint|p1a: Rayquaza
|-weather|none
|
|upkeep
|inactive|BijouMode has 90 seconds left.
|
|t:|1650023211
|switch|p1a: Zacian|Zacian-Crowned, shiny|84/100
|-ability|p1a: Zacian|Intrepid Sword|boost
|-boost|p1a: Zacian|atk|1
|turn|18
|inactive|C0ld as Ice has 120 seconds left.
|
|t:|1650023249
|move|p1a: Zacian|Close Combat|p2a: Necrozma
|-crit|p2a: Necrozma
|-damage|p2a: Necrozma|0 fnt
|-unboost|p1a: Zacian|def|1
|-unboost|p1a: Zacian|spd|1
|-damage|p1a: Zacian|67/100|[from] item: Rocky Helmet|[of] p2a: Necrozma
|faint|p2a: Necrozma
|
|upkeep
|
|t:|1650023251
|switch|p2a: Eternatus|Eternatus|74/100
|-ability|p2a: Eternatus|Pressure
|turn|19
|
|t:|1650023256
|move|p1a: Zacian|Behemoth Blade|p2a: Eternatus
|-damage|p2a: Eternatus|0 fnt
|faint|p2a: Eternatus
|
|upkeep
|
|t:|1650023258
|switch|p2a: Arceus|Arceus-Water|31/100
|turn|20
|
|t:|1650023261
|move|p1a: Zacian|Wild Charge|p2a: Arceus
|-supereffective|p2a: Arceus
|-damage|p2a: Arceus|0 fnt
|faint|p2a: Arceus
|-damage|p1a: Zacian|57/100|[from] Recoil
|
|win|BijouMode
|n|☆BijouMode|bijoumode
|n|☆C0ld as Ice|c0ldasice
|n| KingAlpha207|kingalpha207
|n| Orbanian|orbanian
