|j|☆sadvoid
|j|☆Pr3ssur3
|t:|1652665967
|gametype|singles
|player|p1|sadvoid|unknownf|1750
|player|p2|Pr3ssur3|schoolkid-gen4dp|1809
|teamsize|p1|6
|teamsize|p2|6
|gen|8
|tier|[Gen 8] National Dex AG
|rated|
|rule|HP Percentage Mod: HP is shown in percentages
|rule|Endless Battle Clause: Forcing endless battles is banned
|clearpoke
|poke|p1|Ditto|
|poke|p1|Landorus-Therian, M|
|poke|p1|Calyrex-Shadow|
|poke|p1|Arceus-*|
|poke|p1|Groudon|
|poke|p1|Zacian-*|
|poke|p2|Yveltal|
|poke|p2|Necrozma-Dusk-Mane|
|poke|p2|Eternatus|
|poke|p2|Arceus-*|
|poke|p2|Zygarde|
|poke|p2|Zygarde|
|teampreview
|inactive|Battle timer is ON: inactive players will automatically lose when time's up. (requested by Pr3ssur3)
|inactive|sadvoid has 120 seconds left.
|c|☆sadvoid|this already feels like a nightmare to deal with
|
|t:|1652666010
|start
|switch|p1a: Landorus|Landorus-Therian, M|100/100
|switch|p2a: Zygarde|Zygarde, shiny|100/100
|-ability|p1a: Landorus|Intimidate|boost
|-unboost|p2a: Zygarde|atk|1
|turn|1
|inactive|Pr3ssur3 has 120 seconds left.
|inactive|Pr3ssur3 has 90 seconds left.
|
|t:|1652666072
|move|p1a: Landorus|U-turn|p2a: Zygarde
|-damage|p2a: Zygarde|86/100
|
|t:|1652666093
|switch|p1a: God|Arceus|100/100|[from]move: U-turn
|move|p2a: Zygarde|Glare|p1a: God
|-status|p1a: God|par
|
|upkeep
|turn|2
|inactive|Pr3ssur3 has 90 seconds left.
|
|t:|1652666135
|move|p2a: Zygarde|Thousand Arrows|p1a: God
|-damage|p1a: God|86/100 par
|cant|p1a: God|par
|
|-heal|p1a: God|92/100 par|[from] item: Leftovers
|upkeep
|turn|3
|
|t:|1652666144
|move|p2a: Zygarde|Thousand Arrows|p1a: God
|-damage|p1a: God|77/100 par
|move|p1a: God|Toxic|p2a: Zygarde
|-status|p2a: Zygarde|tox
|
|-heal|p1a: God|83/100 par|[from] item: Leftovers
|-damage|p2a: Zygarde|80/100 tox|[from] psn
|upkeep
|turn|4
|
|t:|1652666157
|move|p2a: Zygarde|Rest|p2a: Zygarde
|-status|p2a: Zygarde|slp|[from] move: Rest
|-heal|p2a: Zygarde|100/100 slp|[silent]
|move|p1a: God|Refresh|p1a: God
|-curestatus|p1a: God|par|[msg]
|
|-heal|p1a: God|89/100|[from] item: Leftovers
|upkeep
|turn|5
|
|t:|1652666172
|switch|p1a: BARK!|Zacian-Crowned|100/100
|-ability|p1a: BARK!|Intrepid Sword|boost
|-boost|p1a: BARK!|atk|1
|switch|p2a: Arceus|Arceus-Water|100/100
|
|upkeep
|turn|6
|
|t:|1652666182
|switch|p2a: Necrozma|Necrozma-Dusk-Mane|100/100
|move|p1a: BARK!|Swords Dance|p1a: BARK!
|-boost|p1a: BARK!|atk|2
|
|upkeep
|turn|7
|
|t:|1652666198
|switch|p1a: Godzilla|Groudon, shiny|100/100
|detailschange|p1a: Godzilla|Groudon-Primal, shiny
|-primal|p1a: Godzilla
|-weather|DesolateLand|[from] ability: Desolate Land|[of] p1a: Godzilla
|move|p2a: Necrozma|Thunder Wave|p1a: Godzilla
|-immune|p1a: Godzilla
|
|-weather|DesolateLand|[upkeep]
|upkeep
|turn|8
|inactive|Pr3ssur3 has 90 seconds left.
|
|t:|1652666210
|switch|p2a: Zygarde|Zygarde, shiny|100/100 slp
|move|p1a: Godzilla|Stealth Rock|p2a: Zygarde
|-sidestart|p2: Pr3ssur3|move: Stealth Rock
|
|-weather|DesolateLand|[upkeep]
|upkeep
|turn|9
|
|t:|1652666215
|cant|p2a: Zygarde|slp
|move|p1a: Godzilla|Earth Power|p2a: Zygarde
|-damage|p2a: Zygarde|52/100 slp
|
|-weather|DesolateLand|[upkeep]
|upkeep
|turn|10
|
|t:|1652666227
|cant|p2a: Zygarde|slp
|move|p1a: Godzilla|Earth Power|p2a: Zygarde
|-damage|p2a: Zygarde|5/100 slp
|
|-weather|DesolateLand|[upkeep]
|-activate|p2a: Zygarde|ability: Power Construct
|detailschange|p2a: Zygarde|Zygarde-Complete, shiny
|-heal|p2a: Zygarde|38/100 slp|[silent]
|upkeep
|turn|11
|
|t:|1652666237
|-curestatus|p2a: Zygarde|slp|[msg]
|move|p2a: Zygarde|Glare|p1a: Godzilla
|-status|p1a: Godzilla|par
|move|p1a: Godzilla|Toxic|p2a: Zygarde
|-status|p2a: Zygarde|tox
|
|-weather|DesolateLand|[upkeep]
|-damage|p2a: Zygarde|31/100 tox|[from] psn
|upkeep
|turn|12
|
|t:|1652666246
|move|p2a: Zygarde|Rest|p2a: Zygarde
|-status|p2a: Zygarde|slp|[from] move: Rest
|-heal|p2a: Zygarde|100/100 slp|[silent]
|move|p1a: Godzilla|Earth Power|p2a: Zygarde
|-damage|p2a: Zygarde|70/100 slp
|
|-weather|DesolateLand|[upkeep]
|upkeep
|turn|13
|inactive|Pr3ssur3 has 90 seconds left.
|
|t:|1652666273
|cant|p2a: Zygarde|slp
|cant|p1a: Godzilla|par
|
|-weather|DesolateLand|[upkeep]
|upkeep
|turn|14
|inactive|Pr3ssur3 has 90 seconds left.
|
|t:|1652666297
|-weather|none
|switch|p1a: Landorus|Landorus-Therian, M|100/100
|-ability|p1a: Landorus|Intimidate|boost
|-unboost|p2a: Zygarde|atk|1
|cant|p2a: Zygarde|slp
|
|upkeep
|turn|15
|
|t:|1652666303
|move|p1a: Landorus|U-turn|p2a: Zygarde
|-damage|p2a: Zygarde|61/100 slp
|
|t:|1652666317
|switch|p1a: Godzilla|Groudon-Primal, shiny|100/100 par|[from]move: U-turn
|-weather|DesolateLand|[from] ability: Desolate Land|[of] p1a: Godzilla
|-curestatus|p2a: Zygarde|slp|[msg]
|move|p2a: Zygarde|Glare|p1a: Godzilla
|-fail|p1a: Godzilla|par
|
|-weather|DesolateLand|[upkeep]
|upkeep
|turn|16
|inactive|Pr3ssur3 has 90 seconds left.
|
|t:|1652666334
|move|p2a: Zygarde|Thousand Arrows|p1a: Godzilla
|-supereffective|p1a: Godzilla
|-damage|p1a: Godzilla|77/100 par
|move|p1a: Godzilla|Toxic|p2a: Zygarde
|-status|p2a: Zygarde|tox
|
|-weather|DesolateLand|[upkeep]
|-damage|p2a: Zygarde|55/100 tox|[from] psn
|upkeep
|turn|17
|inactive|Pr3ssur3 has 90 seconds left.
|
|t:|1652666345
|move|p2a: Zygarde|Thousand Arrows|p1a: Godzilla
|-supereffective|p1a: Godzilla
|-damage|p1a: Godzilla|53/100 par
|move|p1a: Godzilla|Earth Power|p2a: Zygarde
|-damage|p2a: Zygarde|25/100 tox
|
|-weather|DesolateLand|[upkeep]
|-damage|p2a: Zygarde|12/100 tox|[from] psn
|upkeep
|turn|18
|
|t:|1652666352
|move|p2a: Zygarde|Rest|p2a: Zygarde
|-status|p2a: Zygarde|slp|[from] move: Rest
|-heal|p2a: Zygarde|100/100 slp|[silent]
|move|p1a: Godzilla|Earth Power|p2a: Zygarde
|-damage|p2a: Zygarde|68/100 slp
|
|-weather|DesolateLand|[upkeep]
|upkeep
|turn|19
|
|t:|1652666365
|-weather|none
|switch|p1a: Landorus|Landorus-Therian, M|100/100
|-ability|p1a: Landorus|Intimidate|boost
|-unboost|p2a: Zygarde|atk|1
|cant|p2a: Zygarde|slp
|
|upkeep
|turn|20
|
|t:|1652666379
|switch|p2a: Zygarde|Zygarde, shiny|100/100
|-damage|p2a: Zygarde|94/100|[from] Stealth Rock
|move|p1a: Landorus|Knock Off|p2a: Zygarde
|-damage|p2a: Zygarde|67/100
|-enditem|p2a: Zygarde|Leftovers|[from] move: Knock Off|[of] p1a: Landorus
|
|upkeep
|turn|21
|
|t:|1652666390
|-start|p1a: Landorus|Dynamax|
|-heal|p1a: Landorus|100/100|[silent]
|move|p1a: Landorus|Max Quake|p2a: Zygarde
|-damage|p2a: Zygarde|11/100
|-boost|p1a: Landorus|spd|1
|move|p2a: Zygarde|Substitute|p2a: Zygarde
|-fail|p2a: Zygarde|move: Substitute|[weak]
|
|-activate|p2a: Zygarde|ability: Power Construct
|detailschange|p2a: Zygarde|Zygarde-Complete, shiny
|-heal|p2a: Zygarde|44/100|[silent]
|upkeep
|turn|22
|
|t:|1652666400
|switch|p2a: Zygarde|Zygarde-Complete, shiny|68/100 slp
|-damage|p2a: Zygarde|62/100 slp|[from] Stealth Rock
|move|p1a: Landorus|Max Quake|p2a: Zygarde
|-damage|p2a: Zygarde|35/100 slp
|-boost|p1a: Landorus|spd|1
|
|upkeep
|turn|23
|
|t:|1652666406
|switch|p2a: Arceus|Arceus-Water|100/100
|-damage|p2a: Arceus|88/100|[from] Stealth Rock
|move|p1a: Landorus|Max Quake|p2a: Arceus
|-damage|p2a: Arceus|54/100
|-boost|p1a: Landorus|spd|1
|
|upkeep
|-end|p1a: Landorus|Dynamax
|-heal|p1a: Landorus|100/100|[silent]
|turn|24
|
|t:|1652666410
|switch|p1a: Godzilla|Groudon-Primal, shiny|53/100 par
|-weather|DesolateLand|[from] ability: Desolate Land|[of] p1a: Godzilla
|move|p2a: Arceus|Recover|p2a: Arceus
|-heal|p2a: Arceus|100/100
|
|-weather|DesolateLand|[upkeep]
|upkeep
|turn|25
|inactive|Pr3ssur3 has 120 seconds left.
|
|t:|1652666446
|switch|p2a: Zygarde|Zygarde-Complete, shiny|35/100 slp
|-damage|p2a: Zygarde|29/100 slp|[from] Stealth Rock
|move|p1a: Godzilla|Toxic||[still]
|-fail|p1a: Godzilla
|
|-weather|DesolateLand|[upkeep]
|upkeep
|turn|26
|inactive|Pr3ssur3 has 90 seconds left.
|
|t:|1652666475
|-weather|none
|switch|p1a: Landorus|Landorus-Therian, M|100/100
|-ability|p1a: Landorus|Intimidate|boost
|-unboost|p2a: Zygarde|atk|1
|-start|p2a: Zygarde|Dynamax|
|-heal|p2a: Zygarde|29/100 slp|[silent]
|cant|p2a: Zygarde|slp
|
|upkeep
|turn|27
|
|t:|1652666500
|-curestatus|p2a: Zygarde|slp|[msg]
|move|p2a: Zygarde|Max Guard|p2a: Zygarde
|-singleturn|p2a: Zygarde|Max Guard
|move|p1a: Landorus|Earthquake|p2a: Zygarde
|-activate|p2a: Zygarde|move: Max Guard
|
|upkeep
|turn|28
|
|t:|1652666506
|move|p2a: Zygarde|Max Guard|p2a: Zygarde
|-singleturn|p2a: Zygarde|Max Guard
|move|p1a: Landorus|Earthquake|p2a: Zygarde
|-activate|p2a: Zygarde|move: Max Guard
|
|upkeep
|-end|p2a: Zygarde|Dynamax
|-heal|p2a: Zygarde|29/100|[silent]
|turn|29
|
|t:|1652666511
|move|p1a: Landorus|Earthquake|p2a: Zygarde
|-damage|p2a: Zygarde|7/100
|move|p2a: Zygarde|Rest|p2a: Zygarde
|-status|p2a: Zygarde|slp|[from] move: Rest
|-heal|p2a: Zygarde|100/100 slp|[silent]
|
|upkeep
|turn|30
|
|t:|1652666520
|switch|p1a: BARK!|Zacian-Crowned|100/100
|-ability|p1a: BARK!|Intrepid Sword|boost
|-boost|p1a: BARK!|atk|1
|cant|p2a: Zygarde|slp
|
|upkeep
|turn|31
|
|t:|1652666524
|switch|p2a: Necrozma|Necrozma-Dusk-Mane|100/100
|-damage|p2a: Necrozma|94/100|[from] Stealth Rock
|move|p1a: BARK!|Swords Dance|p1a: BARK!
|-boost|p1a: BARK!|atk|2
|
|upkeep
|turn|32
|
|t:|1652666532
|move|p1a: BARK!|Close Combat|p2a: Necrozma
|-damage|p2a: Necrozma|22/100
|-unboost|p1a: BARK!|def|1
|-unboost|p1a: BARK!|spd|1
|-damage|p1a: BARK!|84/100|[from] item: Rocky Helmet|[of] p2a: Necrozma
|move|p2a: Necrozma|Thunder Wave|p1a: BARK!|[miss]
|-miss|p2a: Necrozma|p1a: BARK!
|
|upkeep
|turn|33
|c|☆sadvoid|thank god
|
|t:|1652666542
|move|p1a: BARK!|Close Combat|p2a: Necrozma
|-damage|p2a: Necrozma|0 fnt
|-unboost|p1a: BARK!|def|1
|-unboost|p1a: BARK!|spd|1
|-damage|p1a: BARK!|67/100|[from] item: Rocky Helmet|[of] p2a: Necrozma
|faint|p2a: Necrozma
|
|upkeep
|
|t:|1652666544
|switch|p2a: Arceus|Arceus-Water|100/100
|-damage|p2a: Arceus|88/100|[from] Stealth Rock
|turn|34
|
|t:|1652666551
|move|p1a: BARK!|Wild Charge|p2a: Arceus
|-supereffective|p2a: Arceus
|-damage|p2a: Arceus|0 fnt
|faint|p2a: Arceus
|-damage|p1a: BARK!|38/100|[from] Recoil
|
|upkeep
|-message|Pr3ssur3 forfeited.
|
|win|sadvoid
|raw|sadvoid's rating: 1750 &rarr; <strong>1774</strong><br />(+24 for winning)
|raw|Pr3ssur3's rating: 1822 &rarr; <strong>1798</strong><br />(-24 for losing)
|l|☆Pr3ssur3
||Ladder isn't responding, score probably updated but might not have (Request timeout).
