|j|☆Jv2k
|j|☆rarh2
|t:|1643407049
|gametype|singles
|player|p1|Jv2k|alder|1430
|player|p2|rarh2|colress|1643
|teamsize|p1|6
|teamsize|p2|6
|gen|8
|tier|[Gen 8] National Dex AG
|rated|
|rule|HP Percentage Mod: HP is shown in percentages
|rule|Endless Battle Clause: Forcing endless battles is banned
|clearpoke
|poke|p1|Marshadow|
|poke|p1|Zacian-*|
|poke|p1|Calyrex-Shadow|
|poke|p1|Rayquaza|
|poke|p1|Yveltal|
|poke|p1|Necrozma-Dusk-Mane|
|poke|p2|Calyrex-Shadow|
|poke|p2|Zacian-*|
|poke|p2|Ditto|
|poke|p2|Rayquaza|
|poke|p2|Xerneas-*|
|poke|p2|Smeargle, M|
|teampreview
|inactive|Battle timer is ON: inactive players will automatically lose when time's up. (requested by Jv2k)
|inactive|rarh2 has 120 seconds left.
|
|t:|1643407083
|start
|switch|p1a: Calyrex|Calyrex-Shadow|100/100
|switch|p2a: Smeargle|Smeargle, M|100/100
|-ability|p1a: Calyrex|As One
|-ability|p1a: Calyrex|Unnerve
|turn|1
|
|t:|1643407092
|move|p1a: Calyrex|Trick|p2a: Smeargle
|-activate|p1a: Calyrex|move: Trick|[of] p2a: Smeargle
|-item|p2a: Smeargle|Choice Scarf|[from] move: Trick
|-item|p1a: Calyrex|Focus Sash|[from] move: Trick
|move|p2a: Smeargle|Nuzzle|p1a: Calyrex
|-damage|p1a: Calyrex|96/100
|-status|p1a: Calyrex|par
|
|upkeep
|turn|2
|
|t:|1643407100
|switch|p2a: Zacian|Zacian-Crowned|100/100
|-ability|p2a: Zacian|Intrepid Sword|boost
|-boost|p2a: Zacian|atk|1
|cant|p1a: Calyrex|par
|
|upkeep
|turn|3
|
|t:|1643407108
|move|p2a: Zacian|Behemoth Blade|p1a: Calyrex
|-damage|p1a: Calyrex|0 fnt
|faint|p1a: Calyrex
|
|upkeep
|
|t:|1643407113
|switch|p1a: Marshadow|Marshadow|100/100
|turn|4
|
|t:|1643407116
|switch|p2a: Smeargle|Smeargle, M|100/100
|move|p1a: Marshadow|Close Combat|p2a: Smeargle
|-supereffective|p2a: Smeargle
|-damage|p2a: Smeargle|0 fnt
|-unboost|p1a: Marshadow|def|1
|-unboost|p1a: Marshadow|spd|1
|faint|p2a: Smeargle
|
|upkeep
|
|t:|1643407136
|switch|p2a: Xerneas|Xerneas|100/100
|-ability|p2a: Xerneas|Fairy Aura
|turn|5
|
|t:|1643407142
|switch|p1a: Necrozma|Necrozma-Dusk-Mane|100/100
|move|p2a: Xerneas|Geomancy||[still]
|-prepare|p2a: Xerneas|Geomancy
|-enditem|p2a: Xerneas|Power Herb
|-anim|p2a: Xerneas|Geomancy|p2a: Xerneas
|-boost|p2a: Xerneas|spa|2
|-boost|p2a: Xerneas|spd|2
|-boost|p2a: Xerneas|spe|2
|
|upkeep
|turn|6
|
|t:|1643407144
|move|p2a: Xerneas|Substitute|p2a: Xerneas
|-start|p2a: Xerneas|Substitute
|-damage|p2a: Xerneas|76/100
|move|p1a: Necrozma|Toxic||[still]
|-fail|p1a: Necrozma
|
|upkeep
|turn|7
|
|t:|1643407146
|move|p2a: Xerneas|Thunder|p1a: Necrozma
|-damage|p1a: Necrozma|31/100
|move|p1a: Necrozma|Sunsteel Strike|p2a: Xerneas
|-supereffective|p2a: Xerneas
|-end|p2a: Xerneas|Substitute
|
|upkeep
|turn|8
|
|t:|1643407149
|move|p2a: Xerneas|Moonblast|p1a: Necrozma
|-resisted|p1a: Necrozma
|-damage|p1a: Necrozma|0 fnt
|faint|p1a: Necrozma
|
|upkeep
|
|t:|1643407155
|switch|p1a: Zacian|Zacian-Crowned|100/100
|-ability|p1a: Zacian|Intrepid Sword|boost
|-boost|p1a: Zacian|atk|1
|turn|9
|
|t:|1643407163
|-start|p2a: Xerneas|Dynamax
|-heal|p2a: Xerneas|76/100|[silent]
|move|p2a: Xerneas|Max Lightning|p1a: Zacian
|-damage|p1a: Zacian|0 fnt
|-fieldstart|move: Electric Terrain
|faint|p1a: Zacian
|
|upkeep
|
|t:|1643407167
|switch|p1a: Rayquaza|Rayquaza|100/100
|-ability|p1a: Rayquaza|Air Lock
|turn|10
|
|t:|1643407187
|detailschange|p1a: Rayquaza|Rayquaza-Mega
|-mega|p1a: Rayquaza|Rayquaza|
|-weather|DeltaStream|[from] ability: Delta Stream|[of] p1a: Rayquaza
|move|p2a: Xerneas|Max Starfall|p1a: Rayquaza
|-supereffective|p1a: Rayquaza
|-damage|p1a: Rayquaza|0 fnt
|-fieldstart|move: Misty Terrain
|faint|p1a: Rayquaza
|-weather|none
|
|upkeep
|
|t:|1643407191
|switch|p1a: Marshadow|Marshadow|100/100
|turn|11
|
|t:|1643407193
|move|p2a: Xerneas|Max Starfall|p1a: Marshadow
|-supereffective|p1a: Marshadow
|-enditem|p1a: Marshadow|Focus Sash
|-damage|p1a: Marshadow|1/100
|move|p1a: Marshadow|Spectral Thief||[still]
|-clearpositiveboost|p2a: Xerneas|p1a: Marshadow|move: Spectral Thief
|-boost|p1a: Marshadow|spa|2
|-boost|p1a: Marshadow|spd|2
|-boost|p1a: Marshadow|spe|2
|-anim|p1a: Marshadow|Spectral Thief|p2a: Xerneas
|-damage|p2a: Xerneas|54/100
|
|-end|p2a: Xerneas|Dynamax
|-heal|p2a: Xerneas|54/100|[silent]
|upkeep
|turn|12
|
|t:|1643407204
|-start|p1a: Marshadow|Dynamax
|-heal|p1a: Marshadow|1/100|[silent]
|move|p1a: Marshadow|Max Phantasm|p2a: Xerneas
|-damage|p2a: Xerneas|0 fnt
|faint|p2a: Xerneas
|
|upkeep
|
|t:|1643407207
|switch|p2a: Ditto|Ditto|100/100
|-transform|p2a: Ditto|p1a: Marshadow|[from] ability: Imposter
|turn|13
|
|t:|1643407212
|move|p2a: Ditto|Spectral Thief||[still]
|-clearpositiveboost|p1a: Marshadow|p2a: Ditto|move: Spectral Thief
|-boost|p2a: Ditto|spa|2
|-boost|p2a: Ditto|spd|2
|-boost|p2a: Ditto|spe|2
|-anim|p2a: Ditto|Spectral Thief|p1a: Marshadow
|-supereffective|p1a: Marshadow
|-damage|p1a: Marshadow|0 fnt
|faint|p1a: Marshadow
|
|upkeep
|
|t:|1643407232
|switch|p1a: Yveltal|Yveltal|100/100
|-ability|p1a: Yveltal|Dark Aura
|turn|14
|
|t:|1643407236
|move|p2a: Ditto|Spectral Thief|p1a: Yveltal
|-resisted|p1a: Yveltal
|-damage|p1a: Yveltal|83/100
|move|p1a: Yveltal|Snarl|p2a: Ditto
|-damage|p2a: Ditto|87/100
|-unboost|p2a: Ditto|spa|1
|
|-fieldend|Misty Terrain
|upkeep
|turn|15
|-message|Jv2k forfeited.
|
|win|rarh2
|raw|Jv2k's rating: 1444 &rarr; <strong>1434</strong><br />(-10 for losing)
|raw|rarh2's rating: 1643 &rarr; <strong>1653</strong><br />(+10 for winning)
|l|☆Jv2k
||Ladder isn't responding, score probably updated but might not have (Request timeout).
