|j|☆Eurybie
|j|☆AdamHaziq
|t:|1661874358
|gametype|singles
|player|p1|Eurybie|ingo|1652
|player|p2|AdamHaziq|unknown|1684
|teamsize|p1|6
|teamsize|p2|6
|gen|8
|tier|[Gen 8] National Dex AG
|rated|
|rule|HP Percentage Mod: HP is shown in percentages
|rule|Endless Battle Clause: Forcing endless battles is banned
|clearpoke
|poke|p1|Mamoswine, M|
|poke|p1|Xerneas-*|
|poke|p1|Quagsire, M|
|poke|p1|Shedinja|
|poke|p1|Kyogre|
|poke|p1|Yveltal|
|poke|p2|Rayquaza|
|poke|p2|Ditto|
|poke|p2|Breloom, F|
|poke|p2|Calyrex-Shadow|
|poke|p2|Zacian-*|
|poke|p2|Darkrai|
|teampreview
|inactive|Battle timer is ON: inactive players will automatically lose when time's up. (requested by AdamHaziq)
|
|t:|1661874369
|start
|switch|p1a: Xerneas|Xerneas|100/100
|switch|p2a: Darkrai|Darkrai|100/100
|-ability|p1a: Xerneas|Fairy Aura
|turn|1
|
|t:|1661874375
|-zpower|p2a: Darkrai
|move|p2a: Darkrai|Z-Hypnosis|p1a: Xerneas|[anim]Hypnosis|[miss]
|-boost|p2a: Darkrai|spe|1|[zeffect]
|-miss|p2a: Darkrai|p1a: Xerneas
|move|p1a: Xerneas|Moonblast|p2a: Darkrai
|-supereffective|p2a: Darkrai
|-damage|p2a: Darkrai|0 fnt
|faint|p2a: Darkrai
|
|upkeep
|
|t:|1661874381
|switch|p2a: Zoro|Zacian-Crowned|100/100
|-ability|p2a: Zoro|Intrepid Sword|boost
|-boost|p2a: Zoro|atk|1
|turn|2
|
|t:|1661874388
|switch|p1a: Quagsire|Quagsire, M|100/100
|move|p2a: Zoro|Behemoth Blade|p1a: Quagsire
|-resisted|p1a: Quagsire
|-damage|p1a: Quagsire|77/100
|-damage|p2a: Zoro|84/100|[from] item: Rocky Helmet|[of] p1a: Quagsire
|
|upkeep
|turn|3
|
|t:|1661874403
|switch|p2a: Breloom|Breloom, F|100/100
|move|p1a: Quagsire|Toxic|p2a: Breloom
|-status|p2a: Breloom|tox
|
|upkeep
|turn|4
|
|t:|1661874409
|switch|p1a: Xerneas|Xerneas|100/100
|-ability|p1a: Xerneas|Fairy Aura
|move|p2a: Breloom|Substitute|p2a: Breloom
|-start|p2a: Breloom|Substitute
|-damage|p2a: Breloom|76/100 tox
|
|-heal|p2a: Breloom|88/100 tox|[from] ability: Poison Heal
|upkeep
|turn|5
|
|t:|1661874418
|move|p1a: Xerneas|Moonblast|p2a: Breloom
|-supereffective|p2a: Breloom
|-end|p2a: Breloom|Substitute
|move|p2a: Breloom|Spore|p1a: Xerneas
|-activate|p1a: Xerneas|item: Safety Goggles|Spore
|
|-heal|p2a: Breloom|100/100 tox|[from] ability: Poison Heal
|upkeep
|turn|6
|
|t:|1661874433
|switch|p2a: Ditto|Ditto|100/100
|-transform|p2a: Ditto|p1a: Xerneas|[from] ability: Imposter
|-ability|p2a: Ditto|Fairy Aura
|move|p1a: Xerneas|Moonblast|p2a: Ditto
|-damage|p2a: Ditto|26/100
|-unboost|p2a: Ditto|spa|1
|
|upkeep
|turn|7
|
|t:|1661874442
|switch|p2a: Zoro|Zacian-Crowned|84/100
|-ability|p2a: Zoro|Intrepid Sword|boost
|-boost|p2a: Zoro|atk|1
|move|p1a: Xerneas|Moonblast|p2a: Zoro
|-resisted|p2a: Zoro
|-damage|p2a: Zoro|55/100
|-unboost|p2a: Zoro|spa|1
|
|upkeep
|turn|8
|
|t:|1661874453
|switch|p1a: Shedinja|Shedinja|100/100
|move|p2a: Zoro|Behemoth Blade|p1a: Shedinja
|-immune|p1a: Shedinja|[from] ability: Wonder Guard
|
|upkeep
|turn|9
|
|t:|1661874464
|switch|p2a: Ditto|Ditto|26/100
|-transform|p2a: Ditto|p1a: Shedinja|[from] ability: Imposter
|switch|p1a: Xerneas|Xerneas|100/100
|-ability|p1a: Xerneas|Fairy Aura
|
|upkeep
|turn|10
|
|t:|1661874475
|switch|p2a: Zoro|Zacian-Crowned|55/100
|-ability|p2a: Zoro|Intrepid Sword|boost
|-boost|p2a: Zoro|atk|1
|move|p1a: Xerneas|Rock Slide|p2a: Zoro
|-resisted|p2a: Zoro
|-damage|p2a: Zoro|42/100
|
|upkeep
|turn|11
|
|t:|1661874483
|switch|p2a: Rayquaza|Rayquaza, shiny|100/100
|-ability|p2a: Rayquaza|Air Lock
|switch|p1a: Quagsire|Quagsire, M|77/100
|
|upkeep
|turn|12
|
|t:|1661874490
|detailschange|p2a: Rayquaza|Rayquaza-Mega, shiny
|-mega|p2a: Rayquaza|Rayquaza|
|-weather|DeltaStream|[from] ability: Delta Stream|[of] p2a: Rayquaza
|move|p2a: Rayquaza|Dragon Ascent|p1a: Quagsire
|-damage|p1a: Quagsire|18/100
|-unboost|p2a: Rayquaza|def|1
|-unboost|p2a: Rayquaza|spd|1
|-damage|p2a: Rayquaza|84/100|[from] item: Rocky Helmet|[of] p1a: Quagsire
|move|p1a: Quagsire|Recover|p1a: Quagsire
|-heal|p1a: Quagsire|68/100
|
|-weather|DeltaStream|[upkeep]
|-heal|p2a: Rayquaza|90/100|[from] item: Leftovers
|upkeep
|turn|13
|
|t:|1661874502
|-weather|none
|switch|p2a: Calyrex|Calyrex-Shadow|100/100
|-ability|p2a: Calyrex|As One
|-ability|p2a: Calyrex|Unnerve
|move|p1a: Quagsire|Recover|p1a: Quagsire
|-heal|p1a: Quagsire|100/100
|
|upkeep
|turn|14
|
|t:|1661874511
|switch|p1a: Yveltal|Yveltal|100/100
|-ability|p1a: Yveltal|Dark Aura
|-start|p2a: Calyrex|Dynamax|
|-heal|p2a: Calyrex|100/100|[silent]
|move|p2a: Calyrex|Max Starfall|p1a: Yveltal
|-supereffective|p1a: Yveltal
|-damage|p1a: Yveltal|50/100
|-fieldstart|move: Misty Terrain
|
|upkeep
|turn|15
|
|t:|1661874526
|-start|p1a: Yveltal|Dynamax|
|-heal|p1a: Yveltal|50/100|[silent]
|move|p1a: Yveltal|Max Guard|p1a: Yveltal
|-singleturn|p1a: Yveltal|Max Guard
|move|p2a: Calyrex|Max Starfall|p1a: Yveltal
|-activate|p1a: Yveltal|move: Max Guard
|
|upkeep
|turn|16
|
|t:|1661874534
|move|p2a: Calyrex|Max Starfall|p1a: Yveltal
|-supereffective|p1a: Yveltal
|-damage|p1a: Yveltal|24/100
|move|p1a: Yveltal|Max Darkness|p2a: Calyrex
|-supereffective|p2a: Calyrex
|-enditem|p2a: Calyrex|Focus Sash
|-damage|p2a: Calyrex|1/100
|-unboost|p2a: Calyrex|spd|1
|
|upkeep
|-end|p2a: Calyrex|Dynamax
|-heal|p2a: Calyrex|1/100|[silent]
|turn|17
|
|t:|1661874549
|switch|p2a: Zoro|Zacian-Crowned|42/100
|-ability|p2a: Zoro|Intrepid Sword|boost
|-boost|p2a: Zoro|atk|1
|move|p1a: Yveltal|Max Darkness|p2a: Zoro
|-resisted|p2a: Zoro
|-damage|p2a: Zoro|12/100
|-unboost|p2a: Zoro|spd|1
|
|upkeep
|-end|p1a: Yveltal|Dynamax
|-heal|p1a: Yveltal|24/100|[silent]
|turn|18
|
|t:|1661874561
|switch|p1a: Shedinja|Shedinja|100/100
|move|p2a: Zoro|Behemoth Blade|p1a: Shedinja
|-immune|p1a: Shedinja|[from] ability: Wonder Guard
|
|-fieldend|Misty Terrain
|upkeep
|turn|19
|
|t:|1661874572
|switch|p2a: Breloom|Breloom, F|100/100 tox
|move|p1a: Shedinja|Will-O-Wisp||[still]
|-fail|p1a: Shedinja
|
|upkeep
|turn|20
|
|t:|1661874581
|switch|p1a: Xerneas|Xerneas|100/100
|-ability|p1a: Xerneas|Fairy Aura
|switch|p2a: Rayquaza|Rayquaza-Mega, shiny|90/100
|-weather|DeltaStream|[from] ability: Delta Stream|[of] p2a: Rayquaza
|
|-weather|DeltaStream|[upkeep]
|-heal|p2a: Rayquaza|96/100|[from] item: Leftovers
|upkeep
|turn|21
|
|t:|1661874592
|switch|p1a: Yveltal|Yveltal|24/100
|-ability|p1a: Yveltal|Dark Aura
|move|p2a: Rayquaza|Dragon Ascent|p1a: Yveltal
|-damage|p1a: Yveltal|0 fnt
|-unboost|p2a: Rayquaza|def|1
|-unboost|p2a: Rayquaza|spd|1
|faint|p1a: Yveltal
|
|-weather|DeltaStream|[upkeep]
|-heal|p2a: Rayquaza|100/100|[from] item: Leftovers
|upkeep
|
|t:|1661874603
|switch|p1a: Mamoswine|Mamoswine, M|100/100
|turn|22
|
|t:|1661874612
|-weather|none
|switch|p2a: Breloom|Breloom, F|100/100 tox
|move|p1a: Mamoswine|Stealth Rock|p2a: Breloom
|-sidestart|p2: AdamHaziq|move: Stealth Rock
|
|upkeep
|turn|23
|
|t:|1661874618
|switch|p1a: Xerneas|Xerneas|100/100
|-ability|p1a: Xerneas|Fairy Aura
|move|p2a: Breloom|Drain Punch|p1a: Xerneas
|-resisted|p1a: Xerneas
|-damage|p1a: Xerneas|84/100
|
|upkeep
|turn|24
|
|t:|1661874625
|switch|p2a: Zoro|Zacian-Crowned|12/100
|-damage|p2a: Zoro|5/100|[from] Stealth Rock
|-ability|p2a: Zoro|Intrepid Sword|boost
|-boost|p2a: Zoro|atk|1
|move|p1a: Xerneas|Moonblast|p2a: Zoro
|-resisted|p2a: Zoro
|-damage|p2a: Zoro|0 fnt
|faint|p2a: Zoro
|
|upkeep
|
|t:|1661874630
|switch|p2a: Rayquaza|Rayquaza-Mega, shiny|100/100
|-damage|p2a: Rayquaza|76/100|[from] Stealth Rock
|-weather|DeltaStream|[from] ability: Delta Stream|[of] p2a: Rayquaza
|turn|25
|-message|AdamHaziq forfeited.
|
|win|Eurybie
|raw|Eurybie's rating: 1652 &rarr; <strong>1675</strong><br />(+23 for winning)
|raw|AdamHaziq's rating: 1708 &rarr; <strong>1685</strong><br />(-23 for losing)
|l|☆AdamHaziq
