|j|☆kabutobruh
|j|☆garagaming7490
|inactive|Battle timer is ON: inactive players will automatically lose when time's up.
|t:|1667314969
|gametype|singles
|player|p1|kabutobruh|266|
|player|p2|garagaming7490|nate|
|teamsize|p1|6
|teamsize|p2|6
|gen|8
|tier|[Gen 8] National Dex AG
|rated|Tournament battle
|rule|HP Percentage Mod: HP is shown in percentages
|rule|Endless Battle Clause: Forcing endless battles is banned
|clearpoke
|poke|p1|Rayquaza|
|poke|p1|Arceus-*|
|poke|p1|Arceus-*|
|poke|p1|Marshadow|
|poke|p1|Necrozma-Dusk-Mane|
|poke|p1|Groudon|
|poke|p2|Arceus-*|
|poke|p2|Arceus-*|
|poke|p2|Necrozma-Dusk-Mane|
|poke|p2|Zygarde|
|poke|p2|Rayquaza|
|poke|p2|Ho-Oh|
|teampreview
|j| ore bakadesu̯⊙︿⊙
|
|t:|1667314983
|start
|switch|p1a: Necrozma|Necrozma-Dusk-Mane|100/100
|switch|p2a: Zygarde|Zygarde|100/100
|turn|1
|
|t:|1667314990
|move|p2a: Zygarde|Substitute|p2a: Zygarde
|-start|p2a: Zygarde|Substitute
|-damage|p2a: Zygarde|76/100
|move|p1a: Necrozma|Stealth Rock|p2a: Zygarde
|-sidestart|p2: garagaming7490|move: Stealth Rock
|
|-heal|p2a: Zygarde|82/100|[from] item: Leftovers
|upkeep
|turn|2
|l| ore bakadesu̯⊙︿⊙
|
|t:|1667315001
|switch|p1a: Arceus|Arceus-Ground|100/100
|move|p2a: Zygarde|Coil|p2a: Zygarde
|-boost|p2a: Zygarde|atk|1
|-boost|p2a: Zygarde|def|1
|-boost|p2a: Zygarde|accuracy|1
|
|-heal|p2a: Zygarde|88/100|[from] item: Leftovers
|upkeep
|turn|3
|
|t:|1667315012
|move|p1a: Arceus|Ice Beam|p2a: Zygarde
|-supereffective|p2a: Zygarde
|-end|p2a: Zygarde|Substitute
|move|p2a: Zygarde|Glare|p1a: Arceus
|-status|p1a: Arceus|par
|
|-heal|p2a: Zygarde|94/100|[from] item: Leftovers
|upkeep
|turn|4
|
|t:|1667315020
|move|p2a: Zygarde|Substitute|p2a: Zygarde
|-start|p2a: Zygarde|Substitute
|-damage|p2a: Zygarde|69/100
|move|p1a: Arceus|Ice Beam|p2a: Zygarde
|-supereffective|p2a: Zygarde
|-end|p2a: Zygarde|Substitute
|
|-heal|p2a: Zygarde|75/100|[from] item: Leftovers
|upkeep
|turn|5
|
|t:|1667315034
|switch|p1a: Marshadow|Marshadow|100/100
|move|p2a: Zygarde|Substitute|p2a: Zygarde
|-start|p2a: Zygarde|Substitute
|-damage|p2a: Zygarde|50/100
|
|-heal|p2a: Zygarde|57/100|[from] item: Leftovers
|upkeep
|turn|6
|
|t:|1667315042
|switch|p2a: Arceus|Arceus-Water|100/100
|-damage|p2a: Arceus|88/100|[from] Stealth Rock
|move|p1a: Marshadow|Spectral Thief|p2a: Arceus
|-damage|p2a: Arceus|61/100
|-damage|p1a: Marshadow|91/100|[from] item: Life Orb
|
|upkeep
|turn|7
|j| kip en patat
|
|t:|1667315052
|switch|p1a: Groudon|Groudon|100/100
|detailschange|p1a: Groudon|Groudon-Primal
|-primal|p1a: Groudon
|-weather|DesolateLand|[from] ability: Desolate Land|[of] p1a: Groudon
|move|p2a: Arceus|Recover|p2a: Arceus
|-heal|p2a: Arceus|100/100
|
|-weather|DesolateLand|[upkeep]
|upkeep
|turn|8
|
|t:|1667315067
|move|p2a: Arceus|Ice Beam|p1a: Groudon
|-damage|p1a: Groudon|76/100
|move|p1a: Groudon|Swords Dance|p1a: Groudon
|-boost|p1a: Groudon|atk|2
|
|-weather|DesolateLand|[upkeep]
|upkeep
|turn|9
|
|t:|1667315073
|move|p2a: Arceus|Ice Beam|p1a: Groudon
|-damage|p1a: Groudon|55/100
|move|p1a: Groudon|Earthquake|p2a: Arceus
|-damage|p2a: Arceus|42/100
|
|-weather|DesolateLand|[upkeep]
|upkeep
|turn|10
|
|t:|1667315079
|move|p2a: Arceus|Ice Beam|p1a: Groudon
|-damage|p1a: Groudon|34/100
|move|p1a: Groudon|Earthquake|p2a: Arceus
|-damage|p2a: Arceus|0 fnt
|faint|p2a: Arceus
|
|-weather|DesolateLand|[upkeep]
|upkeep
|c|☆garagaming7490|freeze if pro
|c|☆garagaming7490|damm
|
|t:|1667315086
|switch|p2a: Rayquaza|Rayquaza|100/100
|-damage|p2a: Rayquaza|76/100|[from] Stealth Rock
|-ability|p2a: Rayquaza|Air Lock
|turn|11
|
|t:|1667315092
|detailschange|p2a: Rayquaza|Rayquaza-Mega
|-mega|p2a: Rayquaza|Rayquaza|
|-weather|DeltaStream|[from] ability: Delta Stream|[of] p2a: Rayquaza
|move|p2a: Rayquaza|Earthquake|p1a: Groudon
|-supereffective|p1a: Groudon
|-damage|p1a: Groudon|0 fnt
|faint|p1a: Groudon
|
|-weather|DeltaStream|[upkeep]
|upkeep
|
|t:|1667315118
|switch|p1a: Rayquaza|Rayquaza|100/100
|-ability|p1a: Rayquaza|Air Lock
|turn|12
|
|t:|1667315131
|-weather|none
|switch|p2a: Zygarde|Zygarde|57/100
|-damage|p2a: Zygarde|50/100|[from] Stealth Rock
|detailschange|p1a: Rayquaza|Rayquaza-Mega
|-mega|p1a: Rayquaza|Rayquaza|
|-weather|DeltaStream|[from] ability: Delta Stream|[of] p1a: Rayquaza
|move|p1a: Rayquaza|Dragon Dance|p1a: Rayquaza
|-boost|p1a: Rayquaza|atk|1
|-boost|p1a: Rayquaza|spe|1
|
|-weather|DeltaStream|[upkeep]
|-heal|p2a: Zygarde|57/100|[from] item: Leftovers
|upkeep
|turn|13
|
|t:|1667315144
|move|p1a: Rayquaza|Dragon Ascent|p2a: Zygarde
|-damage|p2a: Zygarde|0 fnt
|-unboost|p1a: Rayquaza|def|1
|-unboost|p1a: Rayquaza|spd|1
|faint|p2a: Zygarde
|-damage|p1a: Rayquaza|91/100|[from] item: Life Orb
|
|-weather|DeltaStream|[upkeep]
|upkeep
|
|t:|1667315150
|switch|p2a: Rayquaza|Rayquaza-Mega|76/100
|-damage|p2a: Rayquaza|51/100|[from] Stealth Rock
|turn|14
|
|t:|1667315155
|move|p1a: Rayquaza|Extreme Speed|p2a: Rayquaza
|-damage|p2a: Rayquaza|0 fnt
|faint|p2a: Rayquaza
|-damage|p1a: Rayquaza|81/100|[from] item: Life Orb
|
|-weather|DeltaStream|[upkeep]
|upkeep
|
|t:|1667315158
|switch|p2a: Arceus|Arceus-Dark|100/100
|-damage|p2a: Arceus|88/100|[from] Stealth Rock
|turn|15
|
|t:|1667315172
|-start|p2a: Arceus|Dynamax|
|-heal|p2a: Arceus|88/100|[silent]
|move|p1a: Rayquaza|Dragon Ascent|p2a: Arceus
|-damage|p2a: Arceus|30/100
|-unboost|p1a: Rayquaza|def|1
|-unboost|p1a: Rayquaza|spd|1
|-damage|p1a: Rayquaza|71/100|[from] item: Life Orb
|move|p2a: Arceus|Max Darkness|p1a: Rayquaza
|-damage|p1a: Rayquaza|0 fnt
|faint|p1a: Rayquaza
|-weather|none
|
|upkeep
|
|t:|1667315186
|switch|p1a: Marshadow|Marshadow|91/100
|turn|16
|
|t:|1667315190
|move|p1a: Marshadow|Close Combat|p2a: Arceus
|-supereffective|p2a: Arceus
|-damage|p2a: Arceus|0 fnt
|-unboost|p1a: Marshadow|def|1
|-unboost|p1a: Marshadow|spd|1
|faint|p2a: Arceus
|-damage|p1a: Marshadow|81/100|[from] item: Life Orb
|
|upkeep
|
|t:|1667315192
|switch|p2a: Ho-Oh|Ho-Oh|100/100
|turn|17
|
|t:|1667315207
|switch|p1a: Arceus|Arceus-Ground|100/100 par
|move|p2a: Ho-Oh|Sacred Fire|p1a: Arceus
|-damage|p1a: Arceus|67/100 par
|
|upkeep
|turn|18
|
|t:|1667315215
|move|p2a: Ho-Oh|Defog|p1a: Arceus
|-unboost|p1a: Arceus|evasion|1
|-sideend|p2: garagaming7490|Stealth Rock|[from] move: Defog|[of] p2a: Ho-Oh
|move|p1a: Arceus|Toxic|p2a: Ho-Oh
|-status|p2a: Ho-Oh|tox
|
|-damage|p2a: Ho-Oh|94/100 tox|[from] psn
|upkeep
|turn|19
|
|t:|1667315225
|switch|p2a: Necrozma|Necrozma-Dusk-Mane|100/100
|move|p1a: Arceus|Ice Beam|p2a: Necrozma
|-resisted|p2a: Necrozma
|-damage|p2a: Necrozma|88/100
|
|upkeep
|turn|20
|
|t:|1667315232
|move|p2a: Necrozma|Stealth Rock|p1a: Arceus
|-sidestart|p1: kabutobruh|move: Stealth Rock
|cant|p1a: Arceus|par
|
|upkeep
|turn|21
|inactive|garagaming7490 has 120 seconds left.
|
|t:|1667315262
|move|p2a: Necrozma|Sunsteel Strike|p1a: Arceus
|-damage|p1a: Arceus|30/100 par
|cant|p1a: Arceus|par
|
|upkeep
|turn|22
|
|t:|1667315273
|move|p2a: Necrozma|Sunsteel Strike|p1a: Arceus
|-damage|p1a: Arceus|0 fnt
|faint|p1a: Arceus
|
|upkeep
|
|t:|1667315280
|switch|p1a: Arceus|Arceus-Dark|100/100
|-damage|p1a: Arceus|88/100|[from] Stealth Rock
|turn|23
|
|t:|1667315302
|switch|p2a: Ho-Oh|Ho-Oh|100/100 tox
|move|p1a: Arceus|Defog|p2a: Ho-Oh
|-unboost|p2a: Ho-Oh|evasion|1
|-sideend|p1: kabutobruh|Stealth Rock|[from] move: Defog|[of] p1a: Arceus
|
|-damage|p2a: Ho-Oh|94/100 tox|[from] psn
|upkeep
|turn|24
|
|t:|1667315310
|move|p1a: Arceus|Judgment|p2a: Ho-Oh
|-damage|p2a: Ho-Oh|72/100 tox
|move|p2a: Ho-Oh|Thunder Wave|p1a: Arceus
|-status|p1a: Arceus|par
|
|-damage|p2a: Ho-Oh|60/100 tox|[from] psn
|upkeep
|turn|25
|
|t:|1667315319
|move|p2a: Ho-Oh|Sacred Fire|p1a: Arceus
|-damage|p1a: Arceus|60/100 par
|cant|p1a: Arceus|par
|
|-damage|p2a: Ho-Oh|42/100 tox|[from] psn
|upkeep
|turn|26
|
|t:|1667315326
|switch|p2a: Necrozma|Necrozma-Dusk-Mane|88/100
|cant|p1a: Arceus|par
|
|upkeep
|turn|27
|
|t:|1667315332
|move|p2a: Necrozma|Sunsteel Strike|p1a: Arceus
|-damage|p1a: Arceus|23/100 par
|move|p1a: Arceus|Recover|p1a: Arceus
|-heal|p1a: Arceus|73/100 par
|
|upkeep
|turn|28
|
|t:|1667315342
|-start|p1a: Arceus|Dynamax|
|-heal|p1a: Arceus|73/100 par|[silent]
|move|p2a: Necrozma|Sunsteel Strike|p1a: Arceus
|-damage|p1a: Arceus|55/100 par
|move|p1a: Arceus|Max Darkness|p2a: Necrozma
|-supereffective|p2a: Necrozma
|-damage|p2a: Necrozma|8/100
|-unboost|p2a: Necrozma|spd|1
|
|upkeep
|turn|29
|inactive|garagaming7490 has 120 seconds left.
|
|t:|1667315380
|switch|p2a: Ho-Oh|Ho-Oh|75/100 tox
|cant|p1a: Arceus|par
|
|-damage|p2a: Ho-Oh|69/100 tox|[from] psn
|upkeep
|turn|30
|inactive|garagaming7490 has 120 seconds left.
|
|t:|1667315387
|move|p2a: Ho-Oh|Sacred Fire|p1a: Arceus
|-damage|p1a: Arceus|42/100 par
|cant|p1a: Arceus|par
|
|-damage|p2a: Ho-Oh|57/100 tox|[from] psn
|upkeep
|-end|p1a: Arceus|Dynamax
|-heal|p1a: Arceus|42/100 par|[silent]
|turn|31
|
|t:|1667315396
|switch|p2a: Necrozma|Necrozma-Dusk-Mane|8/100
|move|p1a: Arceus|Recover|p1a: Arceus
|-heal|p1a: Arceus|92/100 par
|
|upkeep
|turn|32
|
|t:|1667315416
|move|p2a: Necrozma|Morning Sun|p2a: Necrozma
|-heal|p2a: Necrozma|58/100
|move|p1a: Arceus|Judgment|p2a: Necrozma
|-supereffective|p2a: Necrozma
|-damage|p2a: Necrozma|3/100
|
|upkeep
|turn|33
|
|t:|1667315426
|switch|p2a: Ho-Oh|Ho-Oh|90/100 tox
|move|p1a: Arceus|Judgment|p2a: Ho-Oh
|-damage|p2a: Ho-Oh|68/100 tox
|
|-damage|p2a: Ho-Oh|62/100 tox|[from] psn
|upkeep
|turn|34
|inactive|garagaming7490 has 120 seconds left.
|
|t:|1667315459
|move|p2a: Ho-Oh|Sacred Fire|p1a: Arceus
|-damage|p1a: Arceus|63/100 par
|move|p1a: Arceus|Judgment|p2a: Ho-Oh
|-damage|p2a: Ho-Oh|37/100 tox
|
|-damage|p2a: Ho-Oh|24/100 tox|[from] psn
|upkeep
|turn|35
|
|t:|1667315487
|switch|p2a: Necrozma|Necrozma-Dusk-Mane|3/100
|switch|p1a: Marshadow|Marshadow|81/100
|
|upkeep
|turn|36
|inactive|garagaming7490 has 90 seconds left.
|
|t:|1667315513
|move|p1a: Marshadow|Shadow Sneak|p2a: Necrozma
|-supereffective|p2a: Necrozma
|-damage|p2a: Necrozma|0 fnt
|-damage|p1a: Marshadow|64/100|[from] item: Rocky Helmet|[of] p2a: Necrozma
|faint|p2a: Necrozma
|-damage|p1a: Marshadow|54/100|[from] item: Life Orb
|
|upkeep
|inactive|garagaming7490 has 60 seconds left.
|
|t:|1667315557
|switch|p2a: Ho-Oh|Ho-Oh|58/100 tox
|turn|37
|
|t:|1667315564
|move|p1a: Marshadow|Spectral Thief|p2a: Ho-Oh
|-damage|p2a: Ho-Oh|13/100 tox
|-damage|p1a: Marshadow|44/100|[from] item: Life Orb
|move|p2a: Ho-Oh|Sacred Fire|p1a: Marshadow
|-damage|p1a: Marshadow|0 fnt
|faint|p1a: Marshadow
|
|-damage|p2a: Ho-Oh|7/100 tox|[from] psn
|upkeep
|c|☆garagaming7490|gg
|-message|garagaming7490 forfeited.
|
|win|kabutobruh
|n|☆kabutobruh|kabutobruh
|n|☆garagaming7490|garagaming7490
|n| kip en patat|kipenpatat
|l|☆garagaming7490
|c|☆kabutobruh|gg
