|j|☆IamHrrimann
|j|☆123Ayan
|t:|1628591318
|gametype|singles
|player|p1|IamHrrimann|266|
|player|p2|123Ayan|red|
|teamsize|p1|6
|teamsize|p2|6
|gen|8
|tier|[Gen 8] National Dex AG
|rule|HP Percentage Mod: HP is shown in percentages
|rule|Endless Battle Clause: Forcing endless battles is banned
|clearpoke
|poke|p1|Tapu Koko|
|poke|p1|Calyrex-Shadow|
|poke|p1|Medicham, F|
|poke|p1|Smeargle, F|
|poke|p1|Ho-Oh|
|poke|p1|Hoopa-Unbound|
|poke|p2|Hippowdon, F|
|poke|p2|Jellicent, M|
|poke|p2|Salamence, M|
|poke|p2|Lycanroc, M|
|poke|p2|Kyogre|
|poke|p2|Grimmsnarl, M|
|teampreview
|
|t:|1628591344
|start
|switch|p1a: Medicham|Medicham, F|100/100
|switch|p2a: Hippowdon|Hippowdon, F, shiny|100/100
|-weather|Sandstorm|[from] ability: Sand Stream|[of] p2a: Hippowdon
|turn|1
|
|t:|1628591354
|switch|p1a: Smeargle|Smeargle, F|100/100
|switch|p2a: Jellicent|Jellicent, M, shiny|100/100
|
|-weather|Sandstorm|[upkeep]
|-damage|p1a: Smeargle|94/100|[from] Sandstorm
|-damage|p2a: Jellicent|94/100|[from] Sandstorm
|-ability|p1a: Smeargle|Moody|boost
|-boost|p1a: Smeargle|atk|2
|-unboost|p1a: Smeargle|spe|1
|upkeep
|turn|2
|
|t:|1628591367
|switch|p2a: Hippowdon|Hippowdon, F, shiny|100/100
|move|p1a: Smeargle|Baton Pass|p1a: Smeargle
|
|t:|1628591381
|switch|p1a: Ho-Oh|Ho-Oh|100/100|[from]move: Baton Pass
|
|-weather|Sandstorm|[upkeep]
|-damage|p1a: Ho-Oh|94/100|[from] Sandstorm
|upkeep
|turn|3
|
|t:|1628591392
|move|p1a: Ho-Oh|Brave Bird|p2a: Hippowdon
|-damage|p2a: Hippowdon|46/100
|-damage|p1a: Ho-Oh|76/100|[from] Recoil
|move|p2a: Hippowdon|Stealth Rock|p1a: Ho-Oh
|-sidestart|p1: IamHrrimann|move: Stealth Rock
|
|-weather|Sandstorm|[upkeep]
|-damage|p1a: Ho-Oh|70/100|[from] Sandstorm
|upkeep
|turn|4
|
|t:|1628591406
|switch|p2a: Lycanroc|Lycanroc, M, shiny|100/100
|move|p1a: Ho-Oh|Brave Bird|p2a: Lycanroc
|-resisted|p2a: Lycanroc
|-damage|p2a: Lycanroc|15/100
|-damage|p1a: Ho-Oh|50/100|[from] Recoil
|
|-weather|Sandstorm|[upkeep]
|-damage|p1a: Ho-Oh|44/100|[from] Sandstorm
|upkeep
|turn|5
|
|t:|1628591428
|switch|p1a: Medicham|Medicham, F|100/100
|-damage|p1a: Medicham|94/100|[from] Stealth Rock
|-zpower|p2a: Lycanroc
|move|p2a: Lycanroc|Splintered Stormshards|p1a: Medicham|[zeffect]
|-resisted|p1a: Medicham
|-damage|p1a: Medicham|10/100
|
|-weather|none
|upkeep
|turn|6
|
|t:|1628591443
|detailschange|p1a: Medicham|Medicham-Mega, F
|-mega|p1a: Medicham|Medicham|Medichamite
|move|p1a: Medicham|Fake Out|p2a: Lycanroc
|-resisted|p2a: Lycanroc
|-damage|p2a: Lycanroc|0 fnt
|faint|p2a: Lycanroc
|
|upkeep
|
|t:|1628591453
|switch|p2a: Hippowdon|Hippowdon, F, shiny|46/100
|-weather|Sandstorm|[from] ability: Sand Stream|[of] p2a: Hippowdon
|turn|7
|
|t:|1628591458
|move|p1a: Medicham|Ice Punch|p2a: Hippowdon
|-supereffective|p2a: Hippowdon
|-damage|p2a: Hippowdon|0 fnt
|faint|p2a: Hippowdon
|
|-weather|Sandstorm|[upkeep]
|-damage|p1a: Medicham|4/100|[from] Sandstorm
|upkeep
|
|t:|1628591465
|switch|p2a: Grimmsnarl|Grimmsnarl, M|100/100
|turn|8
|
|t:|1628591471
|move|p1a: Medicham|Bullet Punch|p2a: Grimmsnarl
|-supereffective|p2a: Grimmsnarl
|-damage|p2a: Grimmsnarl|56/100
|move|p2a: Grimmsnarl|Reflect|p2a: Grimmsnarl
|-sidestart|p2: 123Ayan|Reflect
|
|-weather|Sandstorm|[upkeep]
|-damage|p1a: Medicham|0 fnt|[from] Sandstorm
|-damage|p2a: Grimmsnarl|50/100|[from] Sandstorm
|faint|p1a: Medicham
|upkeep
|
|t:|1628591481
|switch|p1a: Smeargle|Smeargle, F|94/100
|-damage|p1a: Smeargle|82/100|[from] Stealth Rock
|turn|9
|
|t:|1628591489
|move|p2a: Grimmsnarl|Light Screen|p2a: Grimmsnarl
|-sidestart|p2: 123Ayan|move: Light Screen
|move|p1a: Smeargle|Baton Pass|p1a: Smeargle
|
|t:|1628591493
|switch|p1a: Calyrex|Calyrex-Shadow|100/100|[from]move: Baton Pass
|-ability|p1a: Calyrex|As One
|-ability|p1a: Calyrex|Unnerve
|-damage|p1a: Calyrex|88/100|[from] Stealth Rock
|
|-weather|Sandstorm|[upkeep]
|-damage|p1a: Calyrex|82/100|[from] Sandstorm
|-damage|p2a: Grimmsnarl|44/100|[from] Sandstorm
|upkeep
|turn|10
|
|t:|1628591506
|-start|p1a: Calyrex|Dynamax
|-heal|p1a: Calyrex|82/100|[silent]
|-start|p2a: Grimmsnarl|Dynamax
|-heal|p2a: Grimmsnarl|44/100|[silent]
|move|p1a: Calyrex|Max Starfall|p2a: Grimmsnarl
|-supereffective|p2a: Grimmsnarl
|-damage|p2a: Grimmsnarl|24/100
|-fieldstart|move: Misty Terrain
|move|p2a: Grimmsnarl|Max Starfall|p1a: Calyrex
|-damage|p1a: Calyrex|50/100
|
|-weather|Sandstorm|[upkeep]
|-damage|p1a: Calyrex|47/100|[from] Sandstorm
|-damage|p2a: Grimmsnarl|21/100|[from] Sandstorm
|upkeep
|turn|11
|
|t:|1628591523
|move|p1a: Calyrex|Max Starfall|p2a: Grimmsnarl
|-supereffective|p2a: Grimmsnarl
|-damage|p2a: Grimmsnarl|1/100
|move|p2a: Grimmsnarl|Max Darkness|p1a: Calyrex
|-supereffective|p1a: Calyrex
|-damage|p1a: Calyrex|0 fnt
|faint|p1a: Calyrex
|
|-weather|none
|upkeep
|c|☆123Ayan|Max darkness teke missclick
|
|t:|1628591545
|switch|p1a: Ho-Oh|Ho-Oh|77/100
|turn|12
|
|t:|1628591555
|move|p1a: Ho-Oh|Brave Bird|p2a: Grimmsnarl
|-damage|p2a: Grimmsnarl|0 fnt
|faint|p2a: Grimmsnarl
|-damage|p1a: Ho-Oh|77/100|[from] Recoil
|
|upkeep
|
|t:|1628591560
|switch|p2a: Salamence|Salamence, M, shiny|100/100
|turn|13
|c|☆IamHrrimann|Oh
|
|t:|1628591570
|move|p2a: Salamence|Dragon Dance|p2a: Salamence
|-boost|p2a: Salamence|atk|1
|-boost|p2a: Salamence|spe|1
|move|p1a: Ho-Oh|Toxic|p2a: Salamence
|-status|p2a: Salamence|tox
|
|-damage|p2a: Salamence|94/100 tox|[from] psn
|upkeep
|turn|14
|
|t:|1628591582
|move|p2a: Salamence|Dual Wingbeat|p1a: Ho-Oh
|-damage|p1a: Ho-Oh|44/100
|-damage|p1a: Ho-Oh|10/100
|-hitcount|p1a: Ho-Oh|2
|move|p1a: Ho-Oh|Brave Bird|p2a: Salamence
|-damage|p2a: Salamence|63/100 tox
|-damage|p1a: Ho-Oh|2/100|[from] Recoil
|
|-damage|p2a: Salamence|51/100 tox|[from] psn
|-fieldend|Misty Terrain
|upkeep
|turn|15
|
|t:|1628591597
|switch|p1a: Smeargle|Smeargle, F|82/100
|-damage|p1a: Smeargle|70/100|[from] Stealth Rock
|move|p2a: Salamence|Dual Wingbeat|p1a: Smeargle
|-damage|p1a: Smeargle|0 fnt
|faint|p1a: Smeargle
|-ability|p2a: Salamence|Moxie|boost
|-boost|p2a: Salamence|atk|1
|-hitcount|p1: Smeargle|1
|
|-damage|p2a: Salamence|33/100 tox|[from] psn
|-sideend|p2: 123Ayan|Reflect
|upkeep
|
|t:|1628591615
|switch|p1a: Hoopa|Hoopa-Unbound|100/100
|-damage|p1a: Hoopa|88/100|[from] Stealth Rock
|turn|16
|
|t:|1628591622
|move|p2a: Salamence|Dual Wingbeat|p1a: Hoopa
|-damage|p1a: Hoopa|12/100
|-damage|p1a: Hoopa|0 fnt
|faint|p1a: Hoopa
|-ability|p2a: Salamence|Moxie|boost
|-boost|p2a: Salamence|atk|1
|-hitcount|p1: Hoopa|2
|
|-damage|p2a: Salamence|9/100 tox|[from] psn
|-sideend|p2: 123Ayan|move: Light Screen
|upkeep
|
|t:|1628591633
|switch|p1a: Ho-Oh|Ho-Oh|35/100
|turn|17
|
|t:|1628591639
|move|p2a: Salamence|Outrage|p1a: Ho-Oh
|-damage|p1a: Ho-Oh|0 fnt
|faint|p1a: Ho-Oh
|-ability|p2a: Salamence|Moxie|boost
|-boost|p2a: Salamence|atk|1
|
|-damage|p2a: Salamence|0 fnt|[from] psn
|faint|p2a: Salamence
|upkeep
|
|t:|1628591649
|switch|p2a: Kyogre|Kyogre, shiny|100/100
|switch|p1a: Tapu Koko|Tapu Koko|100/100
|-damage|p1a: Tapu Koko|88/100|[from] Stealth Rock
|-fieldstart|move: Electric Terrain|[from] ability: Electric Surge|[of] p1a: Tapu Koko
|detailschange|p2a: Kyogre|Kyogre-Primal, shiny
|-primal|p2a: Kyogre
|-weather|PrimordialSea|[from] ability: Primordial Sea|[of] p2a: Kyogre
|turn|18
|
|t:|1628591663
|-zpower|p1a: Tapu Koko
|move|p1a: Tapu Koko|Gigavolt Havoc|p2a: Kyogre|[zeffect]
|-supereffective|p2a: Kyogre
|-damage|p2a: Kyogre|0 fnt
|faint|p2a: Kyogre
|-weather|none
|
|upkeep
|
|t:|1628591665
|switch|p2a: Jellicent|Jellicent, M, shiny|94/100
|turn|19
|
|t:|1628591676
|move|p1a: Tapu Koko|Wild Charge|p2a: Jellicent
|-supereffective|p2a: Jellicent
|-enditem|p2a: Jellicent|Wacan Berry|[eat]
|-enditem|p2a: Jellicent|Wacan Berry|[weaken]
|-damage|p2a: Jellicent|55/100
|-damage|p1a: Tapu Koko|74/100|[from] Recoil
|move|p2a: Jellicent|Strength Sap|p1a: Tapu Koko
|-unboost|p1a: Tapu Koko|atk|1
|-heal|p2a: Jellicent|100/100
|
|upkeep
|turn|20
|c|☆123Ayan|Finally
|
|t:|1628591690
|move|p1a: Tapu Koko|Wild Charge|p2a: Jellicent
|-supereffective|p2a: Jellicent
|-damage|p2a: Jellicent|44/100
|-damage|p1a: Tapu Koko|53/100|[from] Recoil
|move|p2a: Jellicent|Strength Sap|p1a: Tapu Koko
|-unboost|p1a: Tapu Koko|atk|1
|-heal|p2a: Jellicent|98/100
|
|upkeep
|turn|21
|
|t:|1628591702
|move|p1a: Tapu Koko|Iron Head|p2a: Jellicent
|-resisted|p2a: Jellicent
|-damage|p2a: Jellicent|93/100
|move|p2a: Jellicent|Strength Sap|p1a: Tapu Koko
|-unboost|p1a: Tapu Koko|atk|1
|-heal|p2a: Jellicent|100/100
|
|upkeep
|turn|22
|
|t:|1628591711
|move|p1a: Tapu Koko|Wild Charge|p2a: Jellicent
|-supereffective|p2a: Jellicent
|-damage|p2a: Jellicent|68/100
|-damage|p1a: Tapu Koko|41/100|[from] Recoil
|move|p2a: Jellicent|Toxic|p1a: Tapu Koko|[miss]
|-miss|p2a: Jellicent|p1a: Tapu Koko
|
|-fieldend|move: Electric Terrain
|upkeep
|turn|23
|c|☆IamHrrimann|Gg
|
|t:|1628591722
|move|p1a: Tapu Koko|Wild Charge|p2a: Jellicent
|-supereffective|p2a: Jellicent
|-damage|p2a: Jellicent|44/100
|-damage|p1a: Tapu Koko|33/100|[from] Recoil
|move|p2a: Jellicent|Strength Sap|p1a: Tapu Koko
|-unboost|p1a: Tapu Koko|atk|1
|-heal|p2a: Jellicent|76/100
|
|upkeep
|turn|24
|
|t:|1628591734
|move|p1a: Tapu Koko|Wild Charge|p2a: Jellicent
|-supereffective|p2a: Jellicent
|-damage|p2a: Jellicent|55/100
|-damage|p1a: Tapu Koko|25/100|[from] Recoil
|move|p2a: Jellicent|Toxic|p1a: Tapu Koko
|-status|p1a: Tapu Koko|tox
|
|-damage|p1a: Tapu Koko|19/100 tox|[from] psn
|upkeep
|turn|25
|
|t:|1628591745
|move|p1a: Tapu Koko|Wild Charge|p2a: Jellicent
|-supereffective|p2a: Jellicent
|-damage|p2a: Jellicent|31/100
|-damage|p1a: Tapu Koko|10/100 tox|[from] Recoil
|move|p2a: Jellicent|Strength Sap|p1a: Tapu Koko
|-unboost|p1a: Tapu Koko|atk|1
|-heal|p2a: Jellicent|58/100
|
|-damage|p1a: Tapu Koko|0 fnt|[from] psn
|faint|p1a: Tapu Koko
|
|win|123Ayan
|upkeep
|c|☆123Ayan|Finally
|c|☆123Ayan|Ggs
