|j|☆SaintLaplace
|j|☆CLEAR GEM清瑜
|t:|1664702794
|gametype|singles
|player|p1|SaintLaplace|hilda-wonderlauncher|1822
|player|p2|CLEAR GEM清瑜|skierf|1890
|teamsize|p1|6
|teamsize|p2|6
|gen|8
|tier|[Gen 8] National Dex AG
|rated|
|rule|HP Percentage Mod: HP is shown in percentages
|rule|Endless Battle Clause: Forcing endless battles is banned
|clearpoke
|poke|p1|Zygarde|
|poke|p1|Rayquaza|
|poke|p1|Marshadow|
|poke|p1|Necrozma-Dusk-Mane|
|poke|p1|Smeargle, M|
|poke|p1|Calyrex-Shadow|
|poke|p2|Zacian-*|
|poke|p2|Yveltal|
|poke|p2|Necrozma-Dusk-Mane|
|poke|p2|Arceus-*|
|poke|p2|Tyranitar, F|
|poke|p2|Arceus-*|
|teampreview
|inactive|Battle timer is ON: inactive players will automatically lose when time's up. (requested by SaintLaplace)
|
|t:|1664702805
|start
|switch|p1a: Smeargle|Smeargle, M|100/100
|switch|p2a: Arceus|Arceus-Ground|100/100
|turn|1
|
|t:|1664702810
|move|p2a: Arceus|Bullet Seed|p1a: Smeargle
|-damage|p1a: Smeargle|82/100
|-damage|p1a: Smeargle|63/100
|-hitcount|p1a: Smeargle|2
|move|p1a: Smeargle|Spore|p2a: Arceus
|-status|p2a: Arceus|slp|[from] move: Spore
|
|upkeep
|turn|2
|
|t:|1664702815
|cant|p2a: Arceus|slp
|move|p1a: Smeargle|Shell Smash|p1a: Smeargle
|-unboost|p1a: Smeargle|def|1
|-unboost|p1a: Smeargle|spd|1
|-boost|p1a: Smeargle|atk|2
|-boost|p1a: Smeargle|spa|2
|-boost|p1a: Smeargle|spe|2
|
|upkeep
|turn|3
|
|t:|1664702818
|move|p1a: Smeargle|Baton Pass|p1a: Smeargle
|
|t:|1664702823
|switch|p1a: Necrozma|Necrozma-Dusk-Mane, shiny|100/100|[from]move: Baton Pass
|-curestatus|p2a: Arceus|slp|[msg]
|move|p2a: Arceus|Earthquake|p1a: Necrozma
|-supereffective|p1a: Necrozma
|-damage|p1a: Necrozma|2/100
|
|upkeep
|turn|4
|
|t:|1664702828
|detailschange|p1a: Necrozma|Necrozma-Ultra, shiny
|-burst|p1a: Necrozma|Necrozma|Ultranecrozium Z
|move|p1a: Necrozma|Photon Geyser|p2a: Arceus
|-damage|p2a: Arceus|0 fnt
|faint|p2a: Arceus
|
|upkeep
|j| Tsukishirohinami
|
|t:|1664702830
|switch|p2a: 嘉然小姐的狗|Zacian-Crowned|100/100
|-ability|p2a: 嘉然小姐的狗|Intrepid Sword|boost
|-boost|p2a: 嘉然小姐的狗|atk|1
|turn|5
|
|t:|1664702836
|move|p2a: 嘉然小姐的狗|Quick Attack|p1a: Necrozma
|-damage|p1a: Necrozma|0 fnt
|faint|p1a: Necrozma
|
|upkeep
|
|t:|1664702841
|switch|p1a: Calyrex|Calyrex-Shadow|100/100
|-ability|p1a: Calyrex|As One
|-ability|p1a: Calyrex|Unnerve
|turn|6
|
|t:|1664702844
|switch|p2a: Tyranitar|Tyranitar, F|100/100
|-weather|Sandstorm|[from] ability: Sand Stream|[of] p2a: Tyranitar
|move|p1a: Calyrex|Nasty Plot|p1a: Calyrex
|-boost|p1a: Calyrex|spa|2
|
|-weather|Sandstorm|[upkeep]
|-damage|p1a: Calyrex|94/100|[from] Sandstorm
|upkeep
|turn|7
|
|t:|1664702853
|detailschange|p2a: Tyranitar|Tyranitar-Mega, F
|-mega|p2a: Tyranitar|Tyranitar|Tyranitarite
|move|p1a: Calyrex|Draining Kiss|p2a: Tyranitar
|-supereffective|p2a: Tyranitar
|-damage|p2a: Tyranitar|70/100
|-heal|p1a: Calyrex|100/100|[from] drain|[of] p2a: Tyranitar
|move|p2a: Tyranitar|Pursuit|p1a: Calyrex
|-supereffective|p1a: Calyrex
|-enditem|p1a: Calyrex|Focus Sash
|-damage|p1a: Calyrex|1/100
|
|-weather|Sandstorm|[upkeep]
|-damage|p1a: Calyrex|0 fnt|[from] Sandstorm
|faint|p1a: Calyrex
|upkeep
|
|t:|1664702866
|switch|p1a: Smeargle|Smeargle, M|63/100
|turn|8
|
|t:|1664702873
|move|p1a: Smeargle|Spore|p2a: Tyranitar
|-status|p2a: Tyranitar|slp|[from] move: Spore
|cant|p2a: Tyranitar|slp
|
|-weather|Sandstorm|[upkeep]
|-damage|p1a: Smeargle|57/100|[from] Sandstorm
|upkeep
|turn|9
|
|t:|1664702875
|move|p1a: Smeargle|Shell Smash|p1a: Smeargle
|-unboost|p1a: Smeargle|def|1
|-unboost|p1a: Smeargle|spd|1
|-boost|p1a: Smeargle|atk|2
|-boost|p1a: Smeargle|spa|2
|-boost|p1a: Smeargle|spe|2
|cant|p2a: Tyranitar|slp
|
|-weather|Sandstorm|[upkeep]
|-damage|p1a: Smeargle|51/100|[from] Sandstorm
|upkeep
|turn|10
|
|t:|1664702879
|move|p1a: Smeargle|Baton Pass|p1a: Smeargle
|
|t:|1664702882
|switch|p1a: Zygarde|Zygarde, shiny|100/100|[from]move: Baton Pass
|cant|p2a: Tyranitar|slp
|
|-weather|none
|upkeep
|turn|11
|
|t:|1664702885
|move|p1a: Zygarde|Thousand Arrows|p2a: Tyranitar
|-supereffective|p2a: Tyranitar
|-damage|p2a: Tyranitar|0 fnt
|faint|p2a: Tyranitar
|
|upkeep
|
|t:|1664702889
|switch|p2a: Y鸟|Yveltal|100/100
|-ability|p2a: Y鸟|Dark Aura
|turn|12
|
|t:|1664702892
|-start|p1a: Zygarde|Dynamax|
|-heal|p1a: Zygarde|100/100|[silent]
|-start|p2a: Y鸟|Dynamax|
|-heal|p2a: Y鸟|100/100|[silent]
|move|p1a: Zygarde|Max Rockfall|p2a: Y鸟
|-supereffective|p2a: Y鸟
|-damage|p2a: Y鸟|31/100
|-weather|Sandstorm
|move|p2a: Y鸟|Max Airstream|p1a: Zygarde
|-damage|p1a: Zygarde|29/100
|-boost|p2a: Y鸟|spe|1
|-damage|p2a: Y鸟|26/100|[from] item: Life Orb
|
|-weather|Sandstorm|[upkeep]
|-damage|p2a: Y鸟|23/100|[from] Sandstorm
|-activate|p1a: Zygarde|ability: Power Construct
|detailschange|p1a: Zygarde|Zygarde-Complete, shiny
|-heal|p1a: Zygarde|53/100|[silent]
|upkeep
|turn|13
|
|t:|1664702907
|move|p2a: Y鸟|Max Darkness|p1a: Zygarde
|-damage|p1a: Zygarde|0 fnt
|faint|p1a: Zygarde
|-damage|p2a: Y鸟|18/100|[from] item: Life Orb
|
|-weather|Sandstorm|[upkeep]
|-damage|p2a: Y鸟|15/100|[from] Sandstorm
|upkeep
|
|t:|1664702917
|switch|p1a: Rayquaza|Rayquaza|100/100
|-ability|p1a: Rayquaza|Air Lock
|turn|14
|
|t:|1664702920
|detailschange|p1a: Rayquaza|Rayquaza-Mega
|-mega|p1a: Rayquaza|Rayquaza|
|-weather|DeltaStream|[from] ability: Delta Stream|[of] p1a: Rayquaza
|move|p2a: Y鸟|Max Darkness|p1a: Rayquaza
|-enditem|p1a: Rayquaza|Focus Sash
|-damage|p1a: Rayquaza|1/100
|-unboost|p1a: Rayquaza|spd|1
|-damage|p2a: Y鸟|10/100|[from] item: Life Orb
|move|p1a: Rayquaza|Scale Shot|p2a: Y鸟|[miss]
|-miss|p1a: Rayquaza|p2a: Y鸟
|
|-weather|DeltaStream|[upkeep]
|upkeep
|-end|p2a: Y鸟|Dynamax
|-heal|p2a: Y鸟|10/100|[silent]
|turn|15
|
|t:|1664702927
|move|p1a: Rayquaza|Extreme Speed|p2a: Y鸟
|-damage|p2a: Y鸟|0 fnt
|faint|p2a: Y鸟
|
|-weather|DeltaStream|[upkeep]
|upkeep
|
|t:|1664702930
|switch|p2a: 嘉然小姐的狗|Zacian-Crowned|100/100
|-ability|p2a: 嘉然小姐的狗|Intrepid Sword|boost
|-boost|p2a: 嘉然小姐的狗|atk|1
|turn|16
|
|t:|1664702935
|move|p1a: Rayquaza|Extreme Speed|p2a: 嘉然小姐的狗
|-resisted|p2a: 嘉然小姐的狗
|-damage|p2a: 嘉然小姐的狗|82/100
|move|p2a: 嘉然小姐的狗|Behemoth Blade|p1a: Rayquaza
|-damage|p1a: Rayquaza|0 fnt
|faint|p1a: Rayquaza
|-weather|none
|
|upkeep
|
|t:|1664702937
|switch|p1a: Marshadow|Marshadow|100/100
|turn|17
|
|t:|1664702940
|switch|p2a: Arceus|Arceus-Water|100/100
|move|p1a: Marshadow|Spectral Thief|p2a: Arceus
|-damage|p2a: Arceus|74/100
|
|upkeep
|turn|18
|-message|SaintLaplace forfeited.
|
|win|CLEAR GEM清瑜
|raw|SaintLaplace's rating: 1822 &rarr; <strong>1806</strong><br />(-16 for losing)
|raw|CLEAR GEM清瑜's rating: 1890 &rarr; <strong>1906</strong><br />(+16 for winning)
|l|☆SaintLaplace
||Ladder isn't responding, score probably updated but might not have (Request timeout).
