|j|☆dexagon
|j|☆Direhands
|t:|1650626408
|gametype|singles
|player|p1|dexagon|fisherman|1596
|player|p2|Direhands|whitney|1531
|teamsize|p1|6
|teamsize|p2|6
|gen|8
|tier|[Gen 8] National Dex AG
|rated|
|rule|HP Percentage Mod: HP is shown in percentages
|rule|Endless Battle Clause: Forcing endless battles is banned
|clearpoke
|poke|p1|Groudon|
|poke|p1|Zekrom|
|poke|p1|Xerneas-*|
|poke|p1|Zacian-*|
|poke|p1|Calyrex-Shadow|
|poke|p1|Muk-Alola, F|
|poke|p2|Hatterene, F|
|poke|p2|Hatterene, F|
|poke|p2|Calyrex-Ice|
|poke|p2|Melmetal|
|poke|p2|Gigalith, M|
|poke|p2|Yveltal|
|teampreview
|inactive|Battle timer is ON: inactive players will automatically lose when time's up. (requested by Direhands)
|
|t:|1650626427
|start
|switch|p1a: Zacian|Zacian-Crowned|100/100
|switch|p2a: Hatterene|Hatterene, F|100/100
|-ability|p1a: Zacian|Intrepid Sword|boost
|-boost|p1a: Zacian|atk|1
|turn|1
|
|t:|1650626433
|move|p1a: Zacian|Substitute|p1a: Zacian
|-start|p1a: Zacian|Substitute
|-damage|p1a: Zacian|76/100
|move|p2a: Hatterene|Trick Room|p2a: Hatterene
|-fieldstart|move: Trick Room|[of] p2a: Hatterene
|
|upkeep
|turn|2
|
|t:|1650626439
|move|p2a: Hatterene|Misty Explosion|p1a: Zacian
|-resisted|p1a: Zacian
|-end|p1a: Zacian|Substitute
|faint|p2a: Hatterene
|move|p1a: Zacian|Behemoth Blade|p2: Hatterene|[notarget]
|-fail|p1a: Zacian
|
|upkeep
|
|t:|1650626446
|switch|p2a: Melmetal|Melmetal|100/100
|turn|3
|
|t:|1650626450
|switch|p1a: Zekrom|Zekrom|100/100
|-ability|p1a: Zekrom|Teravolt
|move|p2a: Melmetal|Double Iron Bash|p1a: Zekrom
|-resisted|p1a: Zekrom
|-damage|p1a: Zekrom|72/100
|-resisted|p1a: Zekrom
|-damage|p1a: Zekrom|41/100
|-hitcount|p1a: Zekrom|2
|
|upkeep
|turn|4
|
|t:|1650626460
|move|p2a: Melmetal|Double Iron Bash|p1a: Zekrom
|-resisted|p1a: Zekrom
|-damage|p1a: Zekrom|14/100
|-resisted|p1a: Zekrom
|-damage|p1a: Zekrom|0 fnt
|faint|p1a: Zekrom
|-hitcount|p1: Zekrom|2
|
|upkeep
|
|t:|1650626472
|switch|p1a: Muk|Muk-Alola, F|100/100
|turn|5
|
|t:|1650626475
|move|p1a: Muk|Shadow Sneak|p2a: Melmetal
|-damage|p2a: Melmetal|93/100
|move|p2a: Melmetal|Double Iron Bash|p1a: Muk
|-damage|p1a: Muk|25/100
|-damage|p1a: Muk|0 fnt
|faint|p1a: Muk
|-hitcount|p1: Muk|2
|
|-fieldend|move: Trick Room
|upkeep
|
|t:|1650626483
|switch|p1a: Groudon|Groudon|100/100
|detailschange|p1a: Groudon|Groudon-Primal
|-primal|p1a: Groudon
|-weather|DesolateLand|[from] ability: Desolate Land|[of] p1a: Groudon
|turn|6
|
|t:|1650626488
|move|p1a: Groudon|Fire Punch|p2a: Melmetal
|-supereffective|p2a: Melmetal
|-damage|p2a: Melmetal|16/100
|move|p2a: Melmetal|Double Iron Bash|p1a: Groudon
|-resisted|p1a: Groudon
|-damage|p1a: Groudon|83/100
|-resisted|p1a: Groudon
|-damage|p1a: Groudon|66/100
|-hitcount|p1a: Groudon|2
|
|-weather|DesolateLand|[upkeep]
|upkeep
|turn|7
|
|t:|1650626497
|move|p1a: Groudon|Fire Punch|p2a: Melmetal
|-supereffective|p2a: Melmetal
|-damage|p2a: Melmetal|0 fnt
|faint|p2a: Melmetal
|
|-weather|DesolateLand|[upkeep]
|upkeep
|
|t:|1650626500
|switch|p2a: Hatterene|Hatterene, F|100/100
|turn|8
|
|t:|1650626504
|move|p1a: Groudon|Fire Punch|p2a: Hatterene
|-damage|p2a: Hatterene|17/100
|move|p2a: Hatterene|Trick Room|p2a: Hatterene
|-fieldstart|move: Trick Room|[of] p2a: Hatterene
|
|-weather|DesolateLand|[upkeep]
|upkeep
|turn|9
|
|t:|1650626509
|move|p2a: Hatterene|Misty Explosion|p1a: Groudon
|-resisted|p1a: Groudon
|-damage|p1a: Groudon|35/100
|faint|p2a: Hatterene
|move|p1a: Groudon|Earthquake|p2: Hatterene|[notarget]
|-fail|p1a: Groudon
|
|-weather|DesolateLand|[upkeep]
|upkeep
|
|t:|1650626512
|switch|p2a: Juan|Calyrex-Ice|100/100
|-ability|p2a: Juan|As One
|-ability|p2a: Juan|Unnerve
|turn|10
|
|t:|1650626518
|move|p2a: Juan|Glacial Lance|p1a: Groudon
|-damage|p1a: Groudon|0 fnt
|faint|p1a: Groudon
|-weather|none
|-ability|p2a: Juan|Chilling Neigh|boost
|-boost|p2a: Juan|atk|1
|
|upkeep
|
|t:|1650626524
|switch|p1a: Xerneas|Xerneas|100/100
|-ability|p1a: Xerneas|Fairy Aura
|turn|11
|j| SpaceSpeakers
|
|t:|1650626532
|-start|p1a: Xerneas|Dynamax|
|-heal|p1a: Xerneas|100/100|[silent]
|move|p2a: Juan|Glacial Lance|p1a: Xerneas
|-damage|p1a: Xerneas|39/100
|move|p1a: Xerneas|Max Starfall|p2a: Juan
|-damage|p2a: Juan|57/100
|-fieldstart|move: Misty Terrain
|
|upkeep
|turn|12
|
|t:|1650626541
|move|p1a: Xerneas|Max Guard|p1a: Xerneas
|-singleturn|p1a: Xerneas|Max Guard
|move|p2a: Juan|Glacial Lance|p1a: Xerneas
|-activate|p1a: Xerneas|move: Max Guard
|
|-fieldend|move: Trick Room
|upkeep
|turn|13
|
|t:|1650626544
|move|p1a: Xerneas|Max Starfall|p2a: Juan
|-damage|p2a: Juan|18/100
|move|p2a: Juan|Glacial Lance|p1a: Xerneas
|-damage|p1a: Xerneas|0 fnt
|faint|p1a: Xerneas
|-ability|p2a: Juan|Chilling Neigh|boost
|-boost|p2a: Juan|atk|1
|
|upkeep
|
|t:|1650626549
|switch|p1a: Zacian|Zacian-Crowned|76/100
|-ability|p1a: Zacian|Intrepid Sword|boost
|-boost|p1a: Zacian|atk|1
|turn|14
|
|t:|1650626553
|move|p1a: Zacian|Behemoth Blade|p2a: Juan
|-supereffective|p2a: Juan
|-damage|p2a: Juan|0 fnt
|faint|p2a: Juan
|
|upkeep
|
|t:|1650626555
|switch|p2a: Gigalith|Gigalith, M|100/100
|turn|15
|
|t:|1650626560
|switch|p1a: Calyrex|Calyrex-Shadow|100/100
|-ability|p1a: Calyrex|As One
|-ability|p1a: Calyrex|Unnerve
|move|p2a: Gigalith|Earthquake|p1a: Calyrex
|-damage|p1a: Calyrex|50/100
|
|-fieldend|Misty Terrain
|upkeep
|turn|16
|
|t:|1650626569
|move|p1a: Calyrex|Nasty Plot|p1a: Calyrex
|-boost|p1a: Calyrex|spa|2
|move|p2a: Gigalith|Earthquake|p1a: Calyrex
|-damage|p1a: Calyrex|1/100
|
|upkeep
|turn|17
|
|t:|1650626577
|move|p1a: Calyrex|Astral Barrage|p2a: Gigalith
|-ability|p2a: Gigalith|Sturdy
|-damage|p2a: Gigalith|1/100
|move|p2a: Gigalith|Earthquake|p1a: Calyrex
|-damage|p1a: Calyrex|0 fnt
|faint|p1a: Calyrex
|
|upkeep
|
|t:|1650626584
|switch|p1a: Zacian|Zacian-Crowned|76/100
|-ability|p1a: Zacian|Intrepid Sword|boost
|-boost|p1a: Zacian|atk|1
|turn|18
|-enditem|p2a: Gigalith|Custap Berry|[eat]
|-activate|p2a: Gigalith|item: Custap Berry|[consumed]
|
|t:|1650626589
|-start|p2a: Gigalith|Dynamax|
|-heal|p2a: Gigalith|1/100|[silent]
|move|p2a: Gigalith|Max Quake|p1a: Zacian
|-supereffective|p1a: Zacian
|-damage|p1a: Zacian|0 fnt
|-boost|p2a: Gigalith|spd|1
|faint|p1a: Zacian
|
|win|Direhands
|raw|dexagon's rating: 1596 &rarr; <strong>1572</strong><br />(-24 for losing)
|raw|Direhands's rating: 1531 &rarr; <strong>1555</strong><br />(+24 for winning)
|c|☆dexagon|oh
|c|☆dexagon|clever
|c|☆dexagon|gg
|l|☆Direhands
