|j|☆Dr4g0n1tEtr4in4r
|j|☆Hikhanh123
|t:|1602618563
|player|p1|Dr4g0n1tEtr4in4r|lance|1356
|player|p2|Hikhanh123|red|1268
|teamsize|p1|6
|teamsize|p2|6
|gametype|singles
|gen|8
|tier|[Gen 8] National Dex AG
|rated|
|clearpoke
|poke|p1|Necrozma-Dusk-Mane|
|poke|p1|Garchomp, M|
|poke|p1|Groudon|
|poke|p1|Metagross|
|poke|p1|Mewtwo|
|poke|p1|Dragonite, M|
|poke|p2|Xurkitree|
|poke|p2|Lopunny, M|
|poke|p2|Gigalith, F|
|poke|p2|Shuckle, F|
|poke|p2|Eiscue, F|
|poke|p2|Barbaracle, F|
|rule|HP Percentage Mod: HP is shown in percentages
|rule|Endless Battle Clause: Forcing endless battles is banned
|teampreview
|inactive|Battle timer is ON: inactive players will automatically lose when time's up. (requested by Hikhanh123)
|
|t:|1602618570
|start
|switch|p1a: Mewtwo|Mewtwo|100/100
|switch|p2a: Shuckle|Shuckle, F|100/100
|-ability|p1a: Mewtwo|Unnerve|p2: Hikhanh123
|turn|1
|
|t:|1602618577
|detailschange|p1a: Mewtwo|Mewtwo-Mega-Y
|-mega|p1a: Mewtwo|Mewtwo|Mewtwonite Y
|move|p1a: Mewtwo|Taunt|p2a: Shuckle
|-start|p2a: Shuckle|move: Taunt
|move|p2a: Shuckle|Gyro Ball|p1a: Mewtwo
|-damage|p1a: Mewtwo|74/100
|
|upkeep
|turn|2
|
|t:|1602618586
|switch|p1a: Necrozma|Necrozma-Dusk-Mane|100/100
|move|p2a: Shuckle|Gyro Ball|p1a: Necrozma
|-resisted|p1a: Necrozma
|-damage|p1a: Necrozma|93/100
|
|upkeep
|turn|3
|
|t:|1602618591
|move|p1a: Necrozma|Dragon Dance|p1a: Necrozma
|-boost|p1a: Necrozma|atk|1
|-boost|p1a: Necrozma|spe|1
|move|p2a: Shuckle|Gyro Ball|p1a: Necrozma
|-resisted|p1a: Necrozma
|-damage|p1a: Necrozma|85/100
|
|-end|p2a: Shuckle|move: Taunt
|upkeep
|turn|4
|
|t:|1602618598
|move|p1a: Necrozma|Dragon Dance|p1a: Necrozma
|-boost|p1a: Necrozma|atk|1
|-boost|p1a: Necrozma|spe|1
|move|p2a: Shuckle|Sticky Web|p1a: Necrozma
|-sidestart|p1: Dr4g0n1tEtr4in4r|move: Sticky Web
|
|upkeep
|turn|5
|
|t:|1602618603
|move|p1a: Necrozma|Dragon Dance|p1a: Necrozma
|-boost|p1a: Necrozma|atk|1
|-boost|p1a: Necrozma|spe|1
|move|p2a: Shuckle|Stealth Rock|p1a: Necrozma
|-sidestart|p1: Dr4g0n1tEtr4in4r|move: Stealth Rock
|
|upkeep
|turn|6
|
|t:|1602618608
|move|p1a: Necrozma|Dragon Dance|p1a: Necrozma
|-boost|p1a: Necrozma|atk|1
|-boost|p1a: Necrozma|spe|1
|move|p2a: Shuckle|Gyro Ball|p1a: Necrozma
|-resisted|p1a: Necrozma
|-crit|p1a: Necrozma
|-damage|p1a: Necrozma|72/100
|
|upkeep
|turn|7
|
|t:|1602618617
|move|p1a: Necrozma|Sunsteel Strike|p2a: Shuckle
|-supereffective|p2a: Shuckle
|-damage|p2a: Shuckle|0 fnt
|-damage|p1a: Necrozma|56/100|[from] item: Rocky Helmet|[of] p2a: Shuckle
|faint|p2a: Shuckle
|
|upkeep
|
|t:|1602618622
|switch|p2a: Eiscue|Eiscue, F|100/100
|turn|8
|
|t:|1602618634
|move|p1a: Necrozma|Sunsteel Strike|p2a: Eiscue
|-supereffective|p2a: Eiscue
|-damage|p2a: Eiscue|0 fnt
|faint|p2a: Eiscue
|
|upkeep
|
|t:|1602618640
|switch|p2a: Lopunny|Lopunny, M|100/100
|turn|9
|
|t:|1602618648
|detailschange|p1a: Necrozma|Necrozma-Ultra
|-burst|p1a: Necrozma|Necrozma|Ultranecrozium Z
|detailschange|p2a: Lopunny|Lopunny-Mega, M
|-mega|p2a: Lopunny|Lopunny|Lopunnite
|move|p2a: Lopunny|Fake Out|p1a: Necrozma
|-damage|p1a: Necrozma|32/100
|cant|p1a: Necrozma|flinch
|
|upkeep
|turn|10
|
|t:|1602618659
|move|p1a: Necrozma|Photon Geyser|p2a: Lopunny
|-supereffective|p2a: Lopunny
|-crit|p2a: Lopunny
|-damage|p2a: Lopunny|0 fnt
|faint|p2a: Lopunny
|
|upkeep
|
|t:|1602618666
|switch|p2a: Gigalith|Gigalith, F|100/100
|turn|11
|
|t:|1602618669
|move|p1a: Necrozma|Photon Geyser|p2a: Gigalith
|-damage|p2a: Gigalith|0 fnt
|faint|p2a: Gigalith
|
|upkeep
|
|t:|1602618676
|switch|p2a: Xurkitree|Xurkitree|100/100
|turn|12
|
|t:|1602618679
|-start|p2a: Xurkitree|Dynamax
|-heal|p2a: Xurkitree|100/100|[silent]
|-zpower|p1a: Necrozma
|move|p1a: Necrozma|Light That Burns the Sky|p2a: Xurkitree|[zeffect]
|-damage|p2a: Xurkitree|0 fnt
|faint|p2a: Xurkitree
|
|upkeep
|
|t:|1602618682
|switch|p2a: Barbaracle|Barbaracle, F|100/100
|turn|13
|
|t:|1602618688
|move|p1a: Necrozma|Outrage|p2a: Barbaracle
|-damage|p2a: Barbaracle|0 fnt
|faint|p2a: Barbaracle
|
|win|Dr4g0n1tEtr4in4r
|l|☆Hikhanh123
