|j|☆BigDuckie
|j|☆Diancie_hhh
|t:|1659326119
|gametype|singles
|player|p1|BigDuckie|169|1609
|player|p2|Diancie_hhh|steven|1707
|teamsize|p1|6
|teamsize|p2|6
|gen|8
|tier|[Gen 8] National Dex AG
|rated|
|rule|HP Percentage Mod: HP is shown in percentages
|rule|Endless Battle Clause: Forcing endless battles is banned
|clearpoke
|poke|p1|Zacian-*|
|poke|p1|Necrozma-Dusk-Mane|
|poke|p1|Yveltal|
|poke|p1|Zygarde|
|poke|p1|Diancie|
|poke|p1|Ditto|
|poke|p2|Arceus-*|
|poke|p2|Zacian-*|
|poke|p2|Groudon|
|poke|p2|Ho-Oh|
|poke|p2|Zygarde|
|poke|p2|Weavile, F|
|teampreview
|
|t:|1659326143
|start
|switch|p1a: Diancie|Diancie|100/100
|switch|p2a: Zygarde|Zygarde, shiny|100/100
|turn|1
|
|t:|1659326171
|detailschange|p1a: Diancie|Diancie-Mega
|-mega|p1a: Diancie|Diancie|Diancite
|move|p1a: Diancie|Stealth Rock|p2a: Zygarde
|-sidestart|p2: Diancie_hhh|move: Stealth Rock
|move|p2a: Zygarde|Coil|p2a: Zygarde
|-boost|p2a: Zygarde|atk|1
|-boost|p2a: Zygarde|def|1
|-boost|p2a: Zygarde|accuracy|1
|
|upkeep
|turn|2
|inactive|Battle timer is ON: inactive players will automatically lose when time's up. (requested by Diancie_hhh)
|
|t:|1659326186
|move|p1a: Diancie|Diamond Storm|p2a: Zygarde
|-resisted|p2a: Zygarde
|-damage|p2a: Zygarde|91/100
|-boost|p1a: Diancie|def|2
|move|p2a: Zygarde|Thousand Arrows|p1a: Diancie
|-supereffective|p1a: Diancie
|-damage|p1a: Diancie|56/100
|
|upkeep
|turn|3
|
|t:|1659326203
|move|p1a: Diancie|Protect|p1a: Diancie
|-singleturn|p1a: Diancie|Protect
|move|p2a: Zygarde|Coil|p2a: Zygarde
|-boost|p2a: Zygarde|atk|1
|-boost|p2a: Zygarde|def|1
|-boost|p2a: Zygarde|accuracy|1
|
|upkeep
|turn|4
|
|t:|1659326225
|switch|p1a: Necrozma|Necrozma-Dusk-Mane|100/100
|move|p2a: Zygarde|Thousand Arrows|p1a: Necrozma
|-supereffective|p1a: Necrozma
|-damage|p1a: Necrozma|45/100
|
|upkeep
|turn|5
|
|t:|1659326233
|move|p2a: Zygarde|Thousand Arrows|p1a: Necrozma
|-supereffective|p1a: Necrozma
|-damage|p1a: Necrozma|0 fnt
|faint|p1a: Necrozma
|
|upkeep
|
|t:|1659326239
|switch|p1a: Ditto|Ditto|100/100
|-transform|p1a: Ditto|p2a: Zygarde|[from] ability: Imposter
|turn|6
|
|t:|1659326251
|move|p1a: Ditto|Glare|p2a: Zygarde
|-status|p2a: Zygarde|par
|move|p2a: Zygarde|Glare|p1a: Ditto
|-status|p1a: Ditto|par
|
|upkeep
|turn|7
|
|t:|1659326266
|switch|p1a: Yveltal|Yveltal|100/100
|-ability|p1a: Yveltal|Dark Aura
|move|p2a: Zygarde|Thousand Arrows|p1a: Yveltal
|-damage|p1a: Yveltal|30/100
|-start|p1a: Yveltal|Smack Down
|
|upkeep
|turn|8
|
|t:|1659326278
|-start|p1a: Yveltal|Dynamax|
|-heal|p1a: Yveltal|30/100|[silent]
|move|p1a: Yveltal|Max Airstream|p2a: Zygarde
|-damage|p2a: Zygarde|22/100 par
|-boost|p1a: Yveltal|spe|1
|-damage|p1a: Yveltal|25/100|[from] item: Life Orb
|move|p2a: Zygarde|Thousand Arrows|p1a: Yveltal
|-damage|p1a: Yveltal|0 fnt
|faint|p1a: Yveltal
|
|-activate|p2a: Zygarde|ability: Power Construct
|detailschange|p2a: Zygarde|Zygarde-Complete, shiny
|-heal|p2a: Zygarde|49/100 par|[silent]
|upkeep
|
|t:|1659326290
|switch|p1a: Zacian|Zacian-Crowned|100/100
|-ability|p1a: Zacian|Intrepid Sword|boost
|-boost|p1a: Zacian|atk|1
|turn|9
|
|t:|1659326297
|-start|p2a: Zygarde|Dynamax|
|-heal|p2a: Zygarde|49/100 par|[silent]
|move|p1a: Zacian|Play Rough|p2a: Zygarde
|-supereffective|p2a: Zygarde
|-damage|p2a: Zygarde|33/100 par
|move|p2a: Zygarde|Max Quake|p1a: Zacian
|-supereffective|p1a: Zacian
|-damage|p1a: Zacian|0 fnt
|-boost|p2a: Zygarde|spd|1
|faint|p1a: Zacian
|
|upkeep
|-message|BigDuckie forfeited.
|
|win|Diancie_hhh
|raw|BigDuckie's rating: 1609 &rarr; <strong>1594</strong><br />(-15 for losing)
|raw|Diancie_hhh's rating: 1707 &rarr; <strong>1722</strong><br />(+15 for winning)
|l|☆BigDuckie
|j| Albert hyyt
||Ladder isn't responding, score probably updated but might not have (Request timeout).
