|j|☆agdp
|j|☆ChunkyRat
|t:|1629956497
|gametype|singles
|player|p1|agdp|102|1688
|player|p2|ChunkyRat|gentleman|1838
|teamsize|p1|6
|teamsize|p2|6
|gen|8
|tier|[Gen 8] National Dex AG
|rated|
|rule|HP Percentage Mod: HP is shown in percentages
|rule|Endless Battle Clause: Forcing endless battles is banned
|clearpoke
|poke|p1|Arceus-*|
|poke|p1|Giratina-Origin|
|poke|p1|Ditto|
|poke|p1|Groudon|
|poke|p1|Rayquaza|
|poke|p1|Yveltal|
|poke|p2|Rayquaza|
|poke|p2|Arceus-*|
|poke|p2|Groudon|
|poke|p2|Calyrex-Shadow|
|poke|p2|Arceus-*|
|poke|p2|Lugia|
|teampreview
|inactive|Battle timer is ON: inactive players will automatically lose when time's up. (requested by agdp)
|
|t:|1629956513
|start
|switch|p1a: Groudon|Groudon|100/100
|switch|p2a: Groudon|Groudon|100/100
|detailschange|p2a: Groudon|Groudon-Primal
|-primal|p2a: Groudon
|-weather|DesolateLand|[from] ability: Desolate Land|[of] p2a: Groudon
|detailschange|p1a: Groudon|Groudon-Primal
|-primal|p1a: Groudon
|turn|1
|
|t:|1629956523
|move|p2a: Groudon|Earth Power|p1a: Groudon
|-supereffective|p1a: Groudon
|-damage|p1a: Groudon|5/100
|move|p1a: Groudon|Precipice Blades|p2a: Groudon
|-supereffective|p2a: Groudon
|-damage|p2a: Groudon|0 fnt
|faint|p2a: Groudon
|
|-weather|DesolateLand|[upkeep]
|upkeep
|
|t:|1629956528
|switch|p2a: Rayquaza|Rayquaza|100/100
|-ability|p2a: Rayquaza|Air Lock
|turn|2
|
|t:|1629956536
|detailschange|p2a: Rayquaza|Rayquaza-Mega
|-mega|p2a: Rayquaza|Rayquaza|
|-weather|DeltaStream|[from] ability: Delta Stream|[of] p2a: Rayquaza
|move|p2a: Rayquaza|Scale Shot|p1a: Groudon
|-damage|p1a: Groudon|0 fnt
|faint|p1a: Groudon
|-hitcount|p1: Groudon|1
|-unboost|p2a: Rayquaza|def|1
|-boost|p2a: Rayquaza|spe|1
|-damage|p2a: Rayquaza|91/100|[from] item: Life Orb
|
|-weather|DeltaStream|[upkeep]
|upkeep
|
|t:|1629956551
|switch|p1a: Rayquaza|Rayquaza|100/100
|-ability|p1a: Rayquaza|Air Lock
|turn|3
|
|t:|1629956558
|detailschange|p1a: Rayquaza|Rayquaza-Mega
|-mega|p1a: Rayquaza|Rayquaza|
|move|p2a: Rayquaza|Scale Shot|p1a: Rayquaza
|-supereffective|p1a: Rayquaza
|-damage|p1a: Rayquaza|57/100
|-supereffective|p1a: Rayquaza
|-damage|p1a: Rayquaza|19/100
|-supereffective|p1a: Rayquaza
|-damage|p1a: Rayquaza|0 fnt
|faint|p1a: Rayquaza
|-hitcount|p1: Rayquaza|3
|-unboost|p2a: Rayquaza|def|1
|-boost|p2a: Rayquaza|spe|1
|-damage|p2a: Rayquaza|81/100|[from] item: Life Orb
|
|-weather|DeltaStream|[upkeep]
|upkeep
|
|t:|1629956577
|switch|p1a: Ditto|Ditto|100/100
|-transform|p1a: Ditto|p2a: Rayquaza|[from] ability: Imposter
|turn|4
|
|t:|1629956583
|move|p2a: Rayquaza|Extreme Speed|p1a: Ditto
|-damage|p1a: Ditto|0 fnt
|faint|p1a: Ditto
|-damage|p2a: Rayquaza|71/100|[from] item: Life Orb
|
|-weather|DeltaStream|[upkeep]
|upkeep
|
|t:|1629956592
|switch|p1a: Arceus|Arceus|100/100
|turn|5
|
|t:|1629956596
|-weather|none
|switch|p2a: Calyrex|Calyrex-Shadow|100/100
|-ability|p2a: Calyrex|As One
|-ability|p2a: Calyrex|Unnerve
|move|p1a: Arceus|Extreme Speed|p2a: Calyrex
|-immune|p2a: Calyrex
|
|upkeep
|turn|6
|
|t:|1629956616
|move|p2a: Calyrex|Encore|p1a: Arceus
|-start|p1a: Arceus|Encore
|move|p1a: Arceus|Extreme Speed|p2a: Calyrex
|-immune|p2a: Calyrex
|
|upkeep
|turn|7
|
|t:|1629956624
|switch|p2a: Lugia|Lugia|100/100
|switch|p1a: Yveltal|Yveltal|100/100
|-ability|p1a: Yveltal|Dark Aura
|
|upkeep
|turn|8
|
|t:|1629956632
|move|p1a: Yveltal|Taunt|p2a: Lugia
|-start|p2a: Lugia|move: Taunt
|cant|p2a: Lugia|move: Taunt|Thunder Wave
|
|upkeep
|turn|9
|
|t:|1629956637
|switch|p2a: Arceus|Arceus|100/100
|move|p1a: Yveltal|Foul Play|p2a: Arceus
|-damage|p2a: Arceus|55/100
|
|-heal|p2a: Arceus|61/100|[from] item: Leftovers
|upkeep
|turn|10
|
|t:|1629956646
|move|p1a: Yveltal|Foul Play|p2a: Arceus
|-damage|p2a: Arceus|12/100
|move|p2a: Arceus|Toxic|p1a: Yveltal
|-status|p1a: Yveltal|tox
|
|-heal|p2a: Arceus|19/100|[from] item: Leftovers
|-damage|p1a: Yveltal|94/100 tox|[from] psn
|upkeep
|turn|11
|
|t:|1629956655
|move|p2a: Arceus|Extreme Speed|p1a: Yveltal
|-damage|p1a: Yveltal|53/100 tox
|-damage|p2a: Arceus|2/100|[from] item: Rocky Helmet|[of] p1a: Yveltal
|move|p1a: Yveltal|Oblivion Wing|p2a: Arceus
|-damage|p2a: Arceus|0 fnt
|-heal|p1a: Yveltal|54/100 tox|[from] drain|[of] p2a: Arceus
|faint|p2a: Arceus
|
|-damage|p1a: Yveltal|42/100 tox|[from] psn
|upkeep
|
|t:|1629956666
|switch|p2a: Arceus|Arceus-Flying|100/100
|turn|12
|
|t:|1629956670
|-start|p2a: Arceus|Dynamax
|-heal|p2a: Arceus|100/100|[silent]
|move|p1a: Yveltal|Taunt|p2a: Arceus
|-start|p2a: Arceus|move: Taunt
|move|p2a: Arceus|Max Airstream|p1a: Yveltal
|-damage|p1a: Yveltal|0 fnt
|-boost|p2a: Arceus|spe|1
|faint|p1a: Yveltal
|
|upkeep
|
|t:|1629956682
|switch|p1a: Giratina|Giratina-Origin, shiny|100/100
|turn|13
|
|t:|1629956687
|move|p2a: Arceus|Max Airstream|p1a: Giratina
|-damage|p1a: Giratina|41/100
|-boost|p2a: Arceus|spe|1
|move|p1a: Giratina|Shadow Force||[still]
|-prepare|p1a: Giratina|Shadow Force
|
|upkeep
|turn|14
|
|t:|1629956694
|move|p2a: Arceus|Max Airstream|p1a: Giratina|[miss]
|-miss|p2a: Arceus|p1a: Giratina
|move|p1a: Giratina|Shadow Force|p2a: Arceus|[from]lockedmove
|-damage|p2a: Arceus|72/100
|
|-end|p2a: Arceus|move: Taunt
|-end|p2a: Arceus|Dynamax
|-heal|p2a: Arceus|72/100|[silent]
|upkeep
|turn|15
|
|t:|1629956709
|move|p2a: Arceus|Swords Dance|p2a: Arceus
|-boost|p2a: Arceus|atk|2
|move|p1a: Giratina|Hone Claws|p1a: Giratina
|-boost|p1a: Giratina|atk|1
|-boost|p1a: Giratina|accuracy|1
|
|upkeep
|turn|16
|
|t:|1629956720
|move|p1a: Giratina|Shadow Sneak|p2a: Arceus
|-damage|p2a: Arceus|46/100
|move|p2a: Arceus|Fly||[still]
|-prepare|p2a: Arceus|Fly
|
|upkeep
|turn|17
|
|t:|1629956737
|move|p2a: Arceus|Fly|p1a: Giratina|[from]lockedmove
|-damage|p1a: Giratina|0 fnt
|faint|p1a: Giratina
|
|upkeep
|
|t:|1629956742
|switch|p1a: Arceus|Arceus|100/100
|turn|18
|
|t:|1629956748
|move|p2a: Arceus|Recover|p2a: Arceus
|-heal|p2a: Arceus|97/100
|move|p1a: Arceus|Swords Dance|p1a: Arceus
|-boost|p1a: Arceus|atk|2
|
|upkeep
|turn|19
|
|t:|1629956755
|move|p2a: Arceus|Fly||[still]
|-prepare|p2a: Arceus|Fly
|move|p1a: Arceus|Swords Dance|p1a: Arceus
|-boost|p1a: Arceus|atk|2
|
|upkeep
|turn|20
|
|t:|1629956773
|-start|p1a: Arceus|Dynamax
|-heal|p1a: Arceus|100/100|[silent]
|move|p2a: Arceus|Fly|p1a: Arceus|[from]lockedmove
|-damage|p1a: Arceus|63/100
|move|p1a: Arceus|Max Strike|p2a: Arceus
|-damage|p2a: Arceus|0 fnt
|faint|p2a: Arceus
|-damage|p1a: Arceus|58/100|[from] item: Life Orb
|
|upkeep
|
|t:|1629956791
|switch|p2a: Lugia|Lugia|100/100
|turn|21
|
|t:|1629956795
|move|p1a: Arceus|Max Phantasm|p2a: Lugia
|-supereffective|p2a: Lugia
|-damage|p2a: Lugia|0 fnt
|faint|p2a: Lugia
|-damage|p1a: Arceus|53/100|[from] item: Life Orb
|
|upkeep
|
|t:|1629956808
|switch|p2a: Rayquaza|Rayquaza-Mega|71/100
|-weather|DeltaStream|[from] ability: Delta Stream|[of] p2a: Rayquaza
|turn|22
|
|t:|1629956823
|move|p2a: Rayquaza|Extreme Speed|p1a: Arceus
|-damage|p1a: Arceus|36/100
|-damage|p2a: Rayquaza|61/100|[from] item: Life Orb
|move|p1a: Arceus|Max Strike|p2a: Rayquaza
|-damage|p2a: Rayquaza|0 fnt
|faint|p2a: Rayquaza
|-weather|none
|-damage|p1a: Arceus|31/100|[from] item: Life Orb
|
|-end|p1a: Arceus|Dynamax
|-heal|p1a: Arceus|32/100|[silent]
|upkeep
|
|t:|1629956830
|switch|p2a: Calyrex|Calyrex-Shadow|100/100
|-ability|p2a: Calyrex|As One
|-ability|p2a: Calyrex|Unnerve
|turn|23
|
|t:|1629956841
|move|p2a: Calyrex|Draining Kiss|p1a: Arceus
|-damage|p1a: Arceus|18/100
|move|p1a: Arceus|Shadow Force||[still]
|-prepare|p1a: Arceus|Shadow Force
|
|upkeep
|turn|24
|
|t:|1629956857
|move|p2a: Calyrex|Nasty Plot|p2a: Calyrex
|-boost|p2a: Calyrex|spa|2
|move|p1a: Arceus|Shadow Force|p2a: Calyrex|[from]lockedmove
|-supereffective|p2a: Calyrex
|-enditem|p2a: Calyrex|Focus Sash
|-damage|p2a: Calyrex|1/100
|-damage|p1a: Arceus|8/100|[from] item: Life Orb
|
|upkeep
|turn|25
|c|☆ChunkyRat|gg wp
|
|t:|1629956868
|move|p2a: Calyrex|Draining Kiss|p1a: Arceus
|-damage|p1a: Arceus|0 fnt
|-heal|p2a: Calyrex|8/100|[from] drain|[of] p1a: Arceus
|faint|p1a: Arceus
|
|win|ChunkyRat
|raw|agdp's rating: 1688 &rarr; <strong>1676</strong><br />(-12 for losing)
|raw|ChunkyRat's rating: 1838 &rarr; <strong>1850</strong><br />(+12 for winning)
