|j|☆NykterStein
|j|☆Shad0Water
|t:|1663581668
|gametype|singles
|player|p1|NykterStein|lady|1286
|player|p2|Shad0Water|hilbert-wonderlauncher|1241
|teamsize|p1|6
|teamsize|p2|6
|gen|8
|tier|[Gen 8] National Dex AG
|rated|
|rule|HP Percentage Mod: HP is shown in percentages
|rule|Endless Battle Clause: Forcing endless battles is banned
|clearpoke
|poke|p1|Ho-Oh|
|poke|p1|Klefki, F|
|poke|p1|Dracozolt|
|poke|p1|Xerneas-*|
|poke|p1|Quagsire, M|
|poke|p1|Ferrothorn, F|
|poke|p2|Sandslash-Alola, M|
|poke|p2|Ninetales-Alola, F|
|poke|p2|Lapras, M|
|poke|p2|Vanilluxe, F|
|poke|p2|Glalie, M|
|poke|p2|Kommo-o, F|
|teampreview
|inactive|Battle timer is ON: inactive players will automatically lose when time's up. (requested by Shad0Water)
|inactive|NykterStein also wants the timer to be on.
|
|t:|1663581676
|start
|switch|p1a: Ferrothorn|Ferrothorn, F|100/100
|switch|p2a: Vanilluxe|Vanilluxe, F|100/100
|-weather|Hail|[from] ability: Snow Warning|[of] p2a: Vanilluxe
|turn|1
|
|t:|1663581685
|move|p2a: Vanilluxe|Taunt|p1a: Ferrothorn
|-start|p1a: Ferrothorn|move: Taunt
|move|p1a: Ferrothorn|Gyro Ball|p2a: Vanilluxe
|-supereffective|p2a: Vanilluxe
|-damage|p2a: Vanilluxe|0 fnt
|faint|p2a: Vanilluxe
|
|-weather|Hail|[upkeep]
|-damage|p1a: Ferrothorn|95/100|[from] Hail
|upkeep
|j| NoobAndroiduser
|c| NoobAndroiduser|Šhìţ
|
|t:|1663581699
|switch|p2a: Kommo-o|Kommo-o, F|100/100
|turn|2
|
|t:|1663581708
|-zpower|p2a: Kommo-o
|move|p2a: Kommo-o|Clangorous Soulblaze|p1a: Ferrothorn|[zeffect]
|-resisted|p1a: Ferrothorn
|-damage|p1a: Ferrothorn|65/100
|-boost|p2a: Kommo-o|atk|1
|-boost|p2a: Kommo-o|def|1
|-boost|p2a: Kommo-o|spa|1
|-boost|p2a: Kommo-o|spd|1
|-boost|p2a: Kommo-o|spe|1
|move|p1a: Ferrothorn|Gyro Ball|p2a: Kommo-o
|-damage|p2a: Kommo-o|65/100
|
|-weather|Hail|[upkeep]
|-damage|p1a: Ferrothorn|59/100|[from] Hail
|upkeep
|turn|3
|c| NoobAndroiduser|ßìțçh
|c|☆NykterStein|ferrothorn solos
|
|t:|1663581728
|move|p2a: Kommo-o|Aura Sphere|p1a: Ferrothorn
|-supereffective|p1a: Ferrothorn
|-crit|p1a: Ferrothorn
|-damage|p1a: Ferrothorn|0 fnt
|faint|p1a: Ferrothorn
|
|-weather|Hail|[upkeep]
|upkeep
|
|t:|1663581735
|switch|p1a: Quagsire|Quagsire, M|100/100
|turn|4
|
|t:|1663581742
|move|p2a: Kommo-o|Clanging Scales|p1a: Quagsire
|-crit|p1a: Quagsire
|-damage|p1a: Quagsire|30/100
|-unboost|p2a: Kommo-o|def|1
|move|p1a: Quagsire|Haze|p1a: Quagsire
|-clearallboost
|
|-weather|Hail|[upkeep]
|-damage|p1a: Quagsire|24/100|[from] Hail
|-heal|p1a: Quagsire|30/100|[from] item: Leftovers
|upkeep
|turn|5
|
|t:|1663581756
|move|p2a: Kommo-o|Clangorous Soul|p2a: Kommo-o
|-boost|p2a: Kommo-o|atk|1
|-boost|p2a: Kommo-o|def|1
|-boost|p2a: Kommo-o|spa|1
|-boost|p2a: Kommo-o|spd|1
|-boost|p2a: Kommo-o|spe|1
|-damage|p2a: Kommo-o|32/100
|move|p1a: Quagsire|Recover|p1a: Quagsire
|-heal|p1a: Quagsire|80/100
|
|-weather|none
|-heal|p1a: Quagsire|86/100|[from] item: Leftovers
|upkeep
|turn|6
|
|t:|1663581766
|move|p2a: Kommo-o|Clanging Scales|p1a: Quagsire
|-damage|p1a: Quagsire|41/100
|-unboost|p2a: Kommo-o|def|1
|move|p1a: Quagsire|Haze|p1a: Quagsire
|-clearallboost
|
|-heal|p1a: Quagsire|47/100|[from] item: Leftovers
|upkeep
|turn|7
|c| NoobAndroiduser|HɪHɪ
|
|t:|1663581777
|move|p2a: Kommo-o|Clanging Scales|p1a: Quagsire
|-damage|p1a: Quagsire|0 fnt
|faint|p1a: Quagsire
|-unboost|p2a: Kommo-o|def|1
|
|upkeep
|c| NoobAndroiduser|𝓖𝓮𝓽 𝓖𝓾𝓭
|
|t:|1663581783
|switch|p1a: Xerneas|Xerneas|100/100
|-ability|p1a: Xerneas|Fairy Aura
|turn|8
|c|☆NykterStein|It's sweepin time
|
|t:|1663581798
|move|p2a: Kommo-o|Flash Cannon|p1a: Xerneas
|-supereffective|p1a: Xerneas
|-damage|p1a: Xerneas|73/100
|move|p1a: Xerneas|Geomancy||[still]
|-prepare|p1a: Xerneas|Geomancy
|-enditem|p1a: Xerneas|Power Herb
|-anim|p1a: Xerneas|Geomancy|p1a: Xerneas
|-boost|p1a: Xerneas|spa|2
|-boost|p1a: Xerneas|spd|2
|-boost|p1a: Xerneas|spe|2
|
|upkeep
|turn|9
|c| NoobAndroiduser|🇸 🇼 🇪 🇪 🇵 🇮 🇳  🇹 🇮 🇲 🇪
|
|t:|1663581810
|move|p1a: Xerneas|Moonblast|p2a: Kommo-o
|-supereffective|p2a: Kommo-o
|-damage|p2a: Kommo-o|0 fnt
|faint|p2a: Kommo-o
|
|upkeep
|c| NoobAndroiduser|ꪗꪮꪊ𝘳 ꪑꪮꪑ
|
|t:|1663581822
|switch|p2a: Sandslash|Sandslash-Alola, M|100/100
|turn|10
|c|☆NykterStein|this ones good for content
|c| NoobAndroiduser|卂卂卂卂卂
|
|t:|1663581832
|move|p1a: Xerneas|Moonblast|p2a: Sandslash
|-resisted|p2a: Sandslash
|-enditem|p2a: Sandslash|Focus Sash
|-damage|p2a: Sandslash|1/100
|-unboost|p2a: Sandslash|spa|1
|move|p2a: Sandslash|Iron Head|p1a: Xerneas
|-supereffective|p1a: Xerneas
|-damage|p1a: Xerneas|11/100
|
|upkeep
|turn|11
|
|t:|1663581843
|switch|p2a: Ninetales|Ninetales-Alola, F|100/100
|-weather|Hail|[from] ability: Snow Warning|[of] p2a: Ninetales
|move|p1a: Xerneas|Moonblast|p2a: Ninetales
|-damage|p2a: Ninetales|0 fnt
|faint|p2a: Ninetales
|
|-weather|Hail|[upkeep]
|-damage|p1a: Xerneas|5/100|[from] Hail
|upkeep
|c| NoobAndroiduser|卂爪ㄖ几ᘜㄩ丂
|
|t:|1663581848
|switch|p2a: Glalie|Glalie, M|100/100
|turn|12
|
|t:|1663581855
|move|p2a: Glalie|Protect|p2a: Glalie
|-singleturn|p2a: Glalie|Protect
|move|p1a: Xerneas|Moonblast|p2a: Glalie
|-activate|p2a: Glalie|move: Protect
|
|-weather|Hail|[upkeep]
|-damage|p1a: Xerneas|0 fnt|[from] Hail
|faint|p1a: Xerneas
|-ability|p2a: Glalie|Moody|boost
|-boost|p2a: Glalie|spd|2
|-unboost|p2a: Glalie|spe|1
|upkeep
|
|t:|1663581866
|switch|p1a: Klefki|Klefki, F|100/100
|turn|13
|c| NoobAndroiduser|ꀍꀤꀍꀤꀍꀤꀍꀤꀍꀤ
|
|t:|1663581873
|detailschange|p2a: Glalie|Glalie-Mega, M
|-mega|p2a: Glalie|Glalie|Glalitite
|move|p1a: Klefki|Toxic|p2a: Glalie
|-status|p2a: Glalie|tox
|move|p2a: Glalie|Return|p1a: Klefki
|-resisted|p1a: Klefki
|-damage|p1a: Klefki|77/100
|
|-weather|Hail|[upkeep]
|-damage|p1a: Klefki|71/100|[from] Hail
|-heal|p1a: Klefki|77/100|[from] item: Leftovers
|-damage|p2a: Glalie|95/100 tox|[from] psn
|upkeep
|turn|14
|c| NoobAndroiduser|T҉h҉e҉ h҉a҉i҉l҉ i҉s҉ c҉r҉a҉s҉h҉i҉n҉g҉ d҉o҉w҉n҉
|
|t:|1663581900
|switch|p1a: Dracozolt|Dracozolt|100/100
|move|p2a: Glalie|Return|p1a: Dracozolt
|-supereffective|p1a: Dracozolt
|-damage|p1a: Dracozolt|0 fnt
|faint|p1a: Dracozolt
|
|-weather|Hail|[upkeep]
|-damage|p2a: Glalie|83/100 tox|[from] psn
|upkeep
|
|t:|1663581909
|switch|p1a: Ho-Oh|Ho-Oh|100/100
|turn|15
|
|t:|1663581913
|-start|p1a: Ho-Oh|Dynamax|
|-heal|p1a: Ho-Oh|100/100|[silent]
|move|p2a: Glalie|Explosion|p1a: Ho-Oh
|-damage|p1a: Ho-Oh|37/100
|faint|p2a: Glalie
|move|p1a: Ho-Oh|Max Flare|p2: Glalie|[notarget]
|-fail|p1a: Ho-Oh
|
|-weather|Hail|[upkeep]
|-damage|p1a: Ho-Oh|34/100|[from] Hail
|upkeep
|c| NoobAndroiduser|B҉y҉p҉a҉s҉s҉ c҉h҉a҉t҉?
|c| NoobAndroiduser|s҉h҉i҉t҉
|
|t:|1663581922
|switch|p2a: Sandslash|Sandslash-Alola, M|1/100
|turn|16
|c| NoobAndroiduser|n҉i҉g҉
|
|t:|1663581925
|move|p2a: Sandslash|Triple Axel|p1a: Ho-Oh
|-damage|p1a: Ho-Oh|30/100
|-damage|p1a: Ho-Oh|23/100
|-damage|p1a: Ho-Oh|11/100
|-hitcount|p1a: Ho-Oh|3
|move|p1a: Ho-Oh|Max Flare|p2a: Sandslash
|-supereffective|p2a: Sandslash
|-damage|p2a: Sandslash|0 fnt
|-weather|SunnyDay
|faint|p2a: Sandslash
|
|-weather|SunnyDay|[upkeep]
|upkeep
|
|t:|1663581933
|switch|p2a: Lapras|Lapras, M|100/100
|turn|17
|c| NoobAndroiduser|b҉r҉u҉h҉ b҉y҉p҉a҉s҉s҉ c҉h҉a҉t҉ f҉i҉l҉t҉e҉r҉ l҉m҉a҉o҉o҉o҉o҉
|
|t:|1663581941
|-start|p2a: Lapras|Dynamax|Gmax
|-heal|p2a: Lapras|100/100|[silent]
|move|p2a: Lapras|G-Max Resonance|p1a: Ho-Oh
|-damage|p1a: Ho-Oh|0 fnt
|-sidestart|p2: Shad0Water|move: Aurora Veil
|faint|p1a: Ho-Oh
|
|-weather|SunnyDay|[upkeep]
|upkeep
|
|t:|1663581949
|switch|p1a: Klefki|Klefki, F|77/100
|turn|18
|c| NoobAndroiduser|N҈i҈g҈g҈a҈ N҈i҈g҈g҈a҈
|
|t:|1663581953
|move|p1a: Klefki|Toxic|p2a: Lapras|[miss]
|-miss|p1a: Klefki|p2a: Lapras
|move|p2a: Lapras|Max Geyser|p1a: Klefki
|-damage|p1a: Klefki|54/100
|-weather|RainDance
|
|-weather|RainDance|[upkeep]
|-heal|p1a: Klefki|60/100|[from] item: Leftovers
|upkeep
|turn|19
|c| NoobAndroiduser|N̸i̸g̸g̸a̸
|c| NoobAndroiduser|N̸i̸g̸g̸a̸
|
|t:|1663581961
|move|p1a: Klefki|Toxic|p2a: Lapras
|-status|p2a: Lapras|tox
|move|p2a: Lapras|Max Geyser|p1a: Klefki
|-damage|p1a: Klefki|0 fnt
|faint|p1a: Klefki
|
|win|Shad0Water
|raw|NykterStein's rating: 1286 &rarr; <strong>1258</strong><br />(-28 for losing)
|raw|Shad0Water's rating: 1241 &rarr; <strong>1269</strong><br />(+28 for winning)
|l|☆NykterStein
|c| NoobAndroiduser|F̸u̸c̸k̸ y̸o̸u̸ g̸o̸t̸ l̸u̸c̸k̸y̸
|l| NoobAndroiduser
