|j|☆thicsucttv
|j|☆karakura_red
|t:|1662154903
|gametype|singles
|player|p1|thicsucttv|169|1599
|player|p2|karakura_red|265|1609
|teamsize|p1|6
|teamsize|p2|6
|gen|8
|tier|[Gen 8] National Dex AG
|rated|
|rule|HP Percentage Mod: HP is shown in percentages
|rule|Endless Battle Clause: Forcing endless battles is banned
|clearpoke
|poke|p1|Shuckle, F|
|poke|p1|Marshadow|
|poke|p1|Yveltal|
|poke|p1|Necrozma-Dusk-Mane|
|poke|p1|Ditto|
|poke|p1|Lucario, M|
|poke|p2|Arceus-*|
|poke|p2|Arceus-*|
|poke|p2|Arceus-*|
|poke|p2|Arceus-*|
|poke|p2|Arceus-*|
|poke|p2|Arceus-*|
|teampreview
|inactive|Battle timer is ON: inactive players will automatically lose when time's up. (requested by thicsucttv)
|
|t:|1662154911
|start
|switch|p1a: Shuckle|Shuckle, F, shiny|100/100
|switch|p2a: Joy|Arceus|100/100
|turn|1
|c|☆thicsucttv|Ok
|
|t:|1662154918
|move|p2a: Joy|Substitute|p2a: Joy
|-start|p2a: Joy|Substitute
|-damage|p2a: Joy|76/100
|move|p1a: Shuckle|Knock Off|p2a: Joy
|-activate|p2a: Joy|move: Substitute|[damage]
|
|-heal|p2a: Joy|82/100|[from] item: Leftovers
|upkeep
|turn|2
|
|t:|1662154928
|move|p2a: Joy|Swords Dance|p2a: Joy
|-boost|p2a: Joy|atk|2
|move|p1a: Shuckle|Stealth Rock|p2a: Joy
|-sidestart|p2: karakura_red|move: Stealth Rock
|
|-heal|p2a: Joy|88/100|[from] item: Leftovers
|upkeep
|turn|3
|
|t:|1662154936
|move|p2a: Joy|Shadow Force||[still]
|-prepare|p2a: Joy|Shadow Force
|move|p1a: Shuckle|Encore|p2a: Joy|[miss]
|-miss|p1a: Shuckle|p2a: Joy
|
|-heal|p2a: Joy|94/100|[from] item: Leftovers
|upkeep
|turn|4
|
|t:|1662154943
|move|p2a: Joy|Shadow Force|p1a: Shuckle|[from]lockedmove
|-damage|p1a: Shuckle|53/100
|move|p1a: Shuckle|Sticky Web|p2a: Joy
|-sidestart|p2: karakura_red|move: Sticky Web
|
|-heal|p2a: Joy|99/100|[from] item: Leftovers
|upkeep
|turn|5
|
|t:|1662154955
|move|p2a: Joy|Shadow Force||[still]
|-prepare|p2a: Joy|Shadow Force
|move|p1a: Shuckle|Encore|p2a: Joy|[miss]
|-miss|p1a: Shuckle|p2a: Joy
|
|-heal|p2a: Joy|100/100|[from] item: Leftovers
|upkeep
|turn|6
|
|t:|1662154962
|move|p2a: Joy|Shadow Force|p1a: Shuckle|[from]lockedmove
|-damage|p1a: Shuckle|10/100
|move|p1a: Shuckle|Encore|p2a: Joy
|-start|p2a: Joy|Encore
|
|upkeep
|turn|7
|
|t:|1662154969
|move|p2a: Joy|Shadow Force||[still]
|-prepare|p2a: Joy|Shadow Force
|move|p1a: Shuckle|Knock Off|p2a: Joy|[miss]
|-miss|p1a: Shuckle|p2a: Joy
|
|upkeep
|turn|8
|
|t:|1662154976
|move|p2a: Joy|Shadow Force|p1a: Shuckle|[from]lockedmove
|-damage|p1a: Shuckle|0 fnt
|faint|p1a: Shuckle
|
|upkeep
|
|t:|1662154982
|switch|p1a: Lucario|Lucario, M|100/100
|turn|9
|
|t:|1662154986
|detailschange|p1a: Lucario|Lucario-Mega, M
|-mega|p1a: Lucario|Lucario|Lucarionite
|move|p1a: Lucario|Bullet Punch|p2a: Joy
|-activate|p2a: Joy|move: Substitute|[damage]
|move|p2a: Joy|Shadow Force||[still]
|-prepare|p2a: Joy|Shadow Force
|
|-end|p2a: Joy|Encore
|upkeep
|turn|10
|
|t:|1662154995
|move|p1a: Lucario|Bullet Punch|p2a: Joy|[miss]
|-miss|p1a: Lucario|p2a: Joy
|move|p2a: Joy|Shadow Force|p1a: Lucario|[from]lockedmove
|-damage|p1a: Lucario|0 fnt
|faint|p1a: Lucario
|
|upkeep
|
|t:|1662155007
|switch|p1a: Necrozma|Necrozma-Dusk-Mane|100/100
|turn|11
|
|t:|1662155013
|move|p2a: Joy|Shadow Force||[still]
|-prepare|p2a: Joy|Shadow Force
|move|p1a: Necrozma|Trick Room|p1a: Necrozma
|-fieldstart|move: Trick Room|[of] p1a: Necrozma
|
|upkeep
|turn|12
|
|t:|1662155022
|move|p1a: Necrozma|Sunsteel Strike|p2a: Joy|[miss]
|-miss|p1a: Necrozma|p2a: Joy
|move|p2a: Joy|Shadow Force|p1a: Necrozma|[from]lockedmove
|-supereffective|p1a: Necrozma
|-damage|p1a: Necrozma|21/100
|-damage|p2a: Joy|84/100|[from] item: Rocky Helmet|[of] p1a: Necrozma
|
|-heal|p2a: Joy|90/100|[from] item: Leftovers
|upkeep
|turn|13
|
|t:|1662155035
|move|p2a: Joy|Extreme Speed|p1a: Necrozma
|-resisted|p1a: Necrozma
|-damage|p1a: Necrozma|0 fnt
|-damage|p2a: Joy|74/100|[from] item: Rocky Helmet|[of] p1a: Necrozma
|faint|p1a: Necrozma
|
|-heal|p2a: Joy|80/100|[from] item: Leftovers
|upkeep
|
|t:|1662155045
|switch|p1a: Marshadow|Marshadow|100/100
|turn|14
|
|t:|1662155050
|move|p2a: Joy|Shadow Force||[still]
|-prepare|p2a: Joy|Shadow Force
|move|p1a: Marshadow|Close Combat|p2a: Joy|[miss]
|-miss|p1a: Marshadow|p2a: Joy
|
|-heal|p2a: Joy|86/100|[from] item: Leftovers
|upkeep
|turn|15
|
|t:|1662155058
|move|p2a: Joy|Shadow Force|p1a: Marshadow|[from]lockedmove
|-supereffective|p1a: Marshadow
|-enditem|p1a: Marshadow|Focus Sash
|-damage|p1a: Marshadow|1/100
|move|p1a: Marshadow|Close Combat|p2a: Joy
|-supereffective|p2a: Joy
|-end|p2a: Joy|Substitute
|-unboost|p1a: Marshadow|def|1
|-unboost|p1a: Marshadow|spd|1
|
|-heal|p2a: Joy|92/100|[from] item: Leftovers
|-fieldend|move: Trick Room
|upkeep
|turn|16
|
|t:|1662155075
|move|p1a: Marshadow|Close Combat|p2a: Joy
|-supereffective|p2a: Joy
|-damage|p2a: Joy|12/100
|-unboost|p1a: Marshadow|def|1
|-unboost|p1a: Marshadow|spd|1
|move|p2a: Joy|Shadow Force||[still]
|-prepare|p2a: Joy|Shadow Force
|
|-heal|p2a: Joy|18/100|[from] item: Leftovers
|upkeep
|turn|17
|
|t:|1662155088
|move|p1a: Marshadow|Close Combat|p2a: Joy|[miss]
|-miss|p1a: Marshadow|p2a: Joy
|move|p2a: Joy|Shadow Force|p1a: Marshadow|[from]lockedmove
|-supereffective|p1a: Marshadow
|-damage|p1a: Marshadow|0 fnt
|faint|p1a: Marshadow
|
|-heal|p2a: Joy|24/100|[from] item: Leftovers
|upkeep
|
|t:|1662155099
|switch|p1a: Ditto|Ditto|100/100
|-transform|p1a: Ditto|p2a: Joy|[from] ability: Imposter
|turn|18
|
|t:|1662155105
|move|p1a: Ditto|Extreme Speed|p2a: Joy
|-damage|p2a: Joy|0 fnt
|faint|p2a: Joy
|
|upkeep
|
|t:|1662155112
|switch|p2a: Peace|Arceus|100/100
|-damage|p2a: Peace|88/100|[from] Stealth Rock
|-activate|p2a: Peace|move: Sticky Web
|-unboost|p2a: Peace|spe|1
|turn|19
|
|t:|1662155121
|move|p1a: Ditto|Extreme Speed|p2a: Peace
|-damage|p2a: Peace|47/100
|move|p2a: Peace|Reflect|p2a: Peace
|-sidestart|p2: karakura_red|Reflect
|
|upkeep
|turn|20
|
|t:|1662155127
|move|p1a: Ditto|Extreme Speed|p2a: Peace
|-damage|p2a: Peace|25/100
|move|p2a: Peace|Light Screen|p2a: Peace
|-sidestart|p2: karakura_red|move: Light Screen
|
|upkeep
|turn|21
|
|t:|1662155133
|move|p1a: Ditto|Extreme Speed|p2a: Peace
|-damage|p2a: Peace|3/100
|move|p2a: Peace|Perish Song|p2a: Peace
|-start|p1a: Ditto|perish3|[silent]
|-start|p2a: Peace|perish3|[silent]
|-fieldactivate|move: Perish Song
|
|-start|p1a: Ditto|perish3
|-start|p2a: Peace|perish3
|upkeep
|turn|22
|
|t:|1662155142
|move|p1a: Ditto|Extreme Speed|p2a: Peace
|-damage|p2a: Peace|0 fnt
|faint|p2a: Peace
|
|-start|p1a: Ditto|perish2
|upkeep
|
|t:|1662155147
|switch|p2a: Patience|Arceus|100/100
|-damage|p2a: Patience|88/100|[from] Stealth Rock
|-activate|p2a: Patience|move: Sticky Web
|-unboost|p2a: Patience|spe|1
|turn|23
|
|t:|1662155155
|switch|p1a: Yveltal|Yveltal|100/100
|-ability|p1a: Yveltal|Dark Aura
|move|p2a: Patience|Swords Dance|p2a: Patience
|-boost|p2a: Patience|atk|2
|
|upkeep
|turn|24
|
|t:|1662155164
|move|p1a: Yveltal|Knock Off|p2a: Patience
|-damage|p2a: Patience|65/100
|-damage|p1a: Yveltal|91/100|[from] item: Life Orb
|-zpower|p2a: Patience
|move|p2a: Patience|Breakneck Blitz|p1a: Yveltal|[zeffect]
|-damage|p1a: Yveltal|0 fnt
|faint|p1a: Yveltal
|
|upkeep
|
|t:|1662155175
|switch|p1a: Ditto|Ditto|100/100
|-transform|p1a: Ditto|p2a: Patience|[from] ability: Imposter
|turn|25
|
|t:|1662155184
|-start|p1a: Ditto|Dynamax|
|-heal|p1a: Ditto|100/100|[silent]
|move|p2a: Patience|Extreme Speed|p1a: Ditto
|-damage|p1a: Ditto|47/100
|move|p1a: Ditto|Max Strike|p2a: Patience
|-damage|p2a: Patience|17/100
|-unboost|p2a: Patience|spe|1
|
|upkeep
|turn|26
|
|t:|1662155195
|move|p2a: Patience|Extreme Speed|p1a: Ditto
|-damage|p1a: Ditto|0 fnt
|faint|p1a: Ditto
|
|win|karakura_red
|raw|thicsucttv's rating: 1599 &rarr; <strong>1580</strong><br />(-19 for losing)
|raw|karakura_red's rating: 1609 &rarr; <strong>1628</strong><br />(+19 for winning)
|c|☆karakura_red|Gg
|l|☆thicsucttv
||Ladder isn't responding, score probably updated but might not have (Request timeout).
