|j|☆Crystraco
|j|‽pokemh
|t:|1618565034
|gametype|singles
|player|p1|Crystraco|101|1788
|player|p2|pokemh|leaf-gen3|1784
|teamsize|p1|6
|teamsize|p2|6
|gen|8
|tier|[Gen 8] National Dex AG
|rated|
|clearpoke
|poke|p1|Kyogre|
|poke|p1|Excadrill, M|
|poke|p1|Arceus-*|
|poke|p1|Ditto|
|poke|p1|Salamence, F|
|poke|p1|Xerneas|
|poke|p2|Yveltal|
|poke|p2|Rayquaza|
|poke|p2|Necrozma-Dusk-Mane|
|poke|p2|Ditto|
|poke|p2|Calyrex-Shadow|
|poke|p2|Ho-Oh|
|rule|HP Percentage Mod: HP is shown in percentages
|rule|Endless Battle Clause: Forcing endless battles is banned
|teampreview
|
|t:|1618565045
|start
|switch|p1a: Excadrill|Excadrill, M|100/100
|switch|p2a: Necrozma|Necrozma-Dusk-Mane|100/100
|-ability|p1a: Excadrill|Mold Breaker
|turn|1
|
|t:|1618565048
|move|p1a: Excadrill|Stealth Rock|p2a: Necrozma
|-sidestart|p2: pokemh|move: Stealth Rock
|move|p2a: Necrozma|Stealth Rock|p1a: Excadrill
|-sidestart|p1: Crystraco|move: Stealth Rock
|
|upkeep
|turn|2
|
|t:|1618565053
|move|p1a: Excadrill|Rapid Spin|p2a: Necrozma
|-resisted|p2a: Necrozma
|-damage|p2a: Necrozma|96/100
|-boost|p1a: Excadrill|spe|1
|-damage|p1a: Excadrill|84/100|[from] item: Rocky Helmet|[of] p2a: Necrozma
|-sideend|p1: Crystraco|Stealth Rock|[from] move: Rapid Spin|[of] p1a: Excadrill
|move|p2a: Necrozma|Stealth Rock|p1a: Excadrill
|-sidestart|p1: Crystraco|move: Stealth Rock
|
|upkeep
|turn|3
|
|t:|1618565057
|move|p1a: Excadrill|Stealth Rock||[still]
|-fail|p1a: Excadrill
|move|p2a: Necrozma|Stealth Rock||[still]
|-fail|p2a: Necrozma
|
|upkeep
|turn|4
|
|t:|1618565060
|move|p1a: Excadrill|Earthquake|p2a: Necrozma
|-supereffective|p2a: Necrozma
|-damage|p2a: Necrozma|50/100
|move|p2a: Necrozma|Stealth Rock||[still]
|-fail|p2a: Necrozma
|
|upkeep
|turn|5
|
|t:|1618565068
|move|p1a: Excadrill|Rapid Spin|p2a: Necrozma
|-resisted|p2a: Necrozma
|-damage|p2a: Necrozma|45/100
|-boost|p1a: Excadrill|spe|1
|-damage|p1a: Excadrill|67/100|[from] item: Rocky Helmet|[of] p2a: Necrozma
|-sideend|p1: Crystraco|Stealth Rock|[from] move: Rapid Spin|[of] p1a: Excadrill
|move|p2a: Necrozma|Earthquake|p1a: Excadrill
|-supereffective|p1a: Excadrill
|-damage|p1a: Excadrill|0 fnt
|faint|p1a: Excadrill
|
|upkeep
|
|t:|1618565070
|switch|p1a: Kyogre|Kyogre|100/100
|detailschange|p1a: Kyogre|Kyogre-Primal
|-primal|p1a: Kyogre
|-weather|PrimordialSea|[from] ability: Primordial Sea|[of] p1a: Kyogre
|turn|6
|
|t:|1618565074
|move|p1a: Kyogre|Origin Pulse|p2a: Necrozma
|-damage|p2a: Necrozma|0 fnt
|faint|p2a: Necrozma
|
|-weather|PrimordialSea|[upkeep]
|upkeep
|
|t:|1618565075
|switch|p2a: Rayquaza|Rayquaza|100/100
|-damage|p2a: Rayquaza|75/100|[from] Stealth Rock
|-ability|p2a: Rayquaza|Air Lock
|turn|7
|inactive|Battle timer is ON: inactive players will automatically lose when time's up. (requested by pokemh)
|
|t:|1618565113
|-weather|none
|switch|p1a: Arceus|Arceus|100/100
|detailschange|p2a: Rayquaza|Rayquaza-Mega
|-mega|p2a: Rayquaza|Rayquaza|
|-weather|DeltaStream|[from] ability: Delta Stream|[of] p2a: Rayquaza
|move|p2a: Rayquaza|Extreme Speed|p1a: Arceus
|-damage|p1a: Arceus|69/100
|-damage|p2a: Rayquaza|66/100|[from] item: Life Orb
|
|-weather|DeltaStream|[upkeep]
|upkeep
|turn|8
|
|t:|1618565118
|move|p1a: Arceus|Extreme Speed|p2a: Rayquaza
|-damage|p2a: Rayquaza|18/100
|move|p2a: Rayquaza|Dragon Ascent|p1a: Arceus
|-damage|p1a: Arceus|0 fnt
|-unboost|p2a: Rayquaza|def|1
|-unboost|p2a: Rayquaza|spd|1
|-damage|p2a: Rayquaza|8/100|[from] item: Life Orb
|faint|p1a: Arceus
|
|-weather|DeltaStream|[upkeep]
|upkeep
|
|t:|1618565122
|switch|p1a: Xerneas|Xerneas|100/100
|-ability|p1a: Xerneas|Fairy Aura
|turn|9
|
|t:|1618565135
|move|p1a: Xerneas|Moonblast|p2a: Rayquaza
|-supereffective|p2a: Rayquaza
|-damage|p2a: Rayquaza|0 fnt
|faint|p2a: Rayquaza
|-weather|none
|
|upkeep
|
|t:|1618565138
|switch|p2a: Ho-Oh|Ho-Oh|100/100
|turn|10
|
|t:|1618565145
|switch|p1a: Kyogre|Kyogre-Primal|100/100
|-weather|PrimordialSea|[from] ability: Primordial Sea|[of] p1a: Kyogre
|move|p2a: Ho-Oh|Toxic|p1a: Kyogre
|-status|p1a: Kyogre|tox
|
|-weather|PrimordialSea|[upkeep]
|-damage|p1a: Kyogre|94/100 tox|[from] psn
|upkeep
|turn|11
|
|t:|1618565160
|switch|p2a: Ditto|Ditto|100/100
|-damage|p2a: Ditto|88/100|[from] Stealth Rock
|-transform|p2a: Ditto|p1a: Kyogre|[from] ability: Imposter
|move|p1a: Kyogre|Origin Pulse|p2a: Ditto
|-resisted|p2a: Ditto
|-damage|p2a: Ditto|40/100
|
|-weather|PrimordialSea|[upkeep]
|-damage|p1a: Kyogre|82/100 tox|[from] psn
|upkeep
|turn|12
|
|t:|1618565173
|move|p2a: Ditto|Origin Pulse|p1a: Kyogre
|-resisted|p1a: Kyogre
|-damage|p1a: Kyogre|50/100 tox
|move|p1a: Kyogre|Origin Pulse|p2a: Ditto
|-resisted|p2a: Ditto
|-damage|p2a: Ditto|0 fnt
|faint|p2a: Ditto
|
|-weather|PrimordialSea|[upkeep]
|-damage|p1a: Kyogre|32/100 tox|[from] psn
|upkeep
|
|t:|1618565177
|switch|p2a: Calyrex|Calyrex-Shadow|100/100
|-ability|p2a: Calyrex|As One
|-ability|p2a: Calyrex|Unnerve
|-damage|p2a: Calyrex|88/100|[from] Stealth Rock
|turn|13
|
|t:|1618565184
|move|p2a: Calyrex|Astral Barrage|p1a: Kyogre
|-crit|p1a: Kyogre
|-damage|p1a: Kyogre|0 fnt
|faint|p1a: Kyogre
|-weather|none
|-ability|p2a: Calyrex|Grim Neigh|boost
|-boost|p2a: Calyrex|spa|1
|
|upkeep
|
|t:|1618565187
|switch|p1a: Ditto|Ditto|100/100
|-transform|p1a: Ditto|p2a: Calyrex|[from] ability: Imposter
|turn|14
|
|t:|1618565205
|switch|p2a: Yveltal|Yveltal|100/100
|-damage|p2a: Yveltal|76/100|[from] Stealth Rock
|-ability|p2a: Yveltal|Dark Aura
|move|p1a: Ditto|Astral Barrage|p2a: Yveltal
|-resisted|p2a: Yveltal
|-damage|p2a: Yveltal|30/100
|
|upkeep
|turn|15
|
|t:|1618565211
|switch|p1a: Xerneas|Xerneas|100/100
|-ability|p1a: Xerneas|Fairy Aura
|-start|p2a: Yveltal|Dynamax
|-heal|p2a: Yveltal|30/100|[silent]
|move|p2a: Yveltal|Max Darkness|p1a: Xerneas
|-resisted|p1a: Xerneas
|-crit|p1a: Xerneas
|-damage|p1a: Xerneas|9/100
|-unboost|p1a: Xerneas|spd|1
|-damage|p2a: Yveltal|25/100|[from] item: Life Orb
|
|upkeep
|turn|16
|
|t:|1618565214
|-end|p2a: Yveltal|Dynamax
|-heal|p2a: Yveltal|25/100|[silent]
|switch|p2a: Ho-Oh|Ho-Oh|100/100
|move|p1a: Xerneas|Moonblast|p2a: Ho-Oh
|-resisted|p2a: Ho-Oh
|-crit|p2a: Ho-Oh
|-damage|p2a: Ho-Oh|72/100
|-unboost|p2a: Ho-Oh|spa|1
|
|upkeep
|turn|17
|
|t:|1618565234
|-start|p1a: Xerneas|Dynamax
|-heal|p1a: Xerneas|9/100|[silent]
|move|p1a: Xerneas|Max Lightning|p2a: Ho-Oh
|-supereffective|p2a: Ho-Oh
|-damage|p2a: Ho-Oh|22/100
|-fieldstart|move: Electric Terrain
|move|p2a: Ho-Oh|Toxic|p1a: Xerneas
|-status|p1a: Xerneas|tox
|
|-damage|p1a: Xerneas|6/100 tox|[from] psn
|upkeep
|turn|18
|j| lanaXtana⨭
|
|t:|1618565248
|switch|p2a: Yveltal|Yveltal|25/100
|-damage|p2a: Yveltal|0 fnt|[from] Stealth Rock
|faint|p2a: Yveltal
|move|p1a: Xerneas|Max Lightning|p2: Yveltal|[notarget]
|-fail|p1a: Xerneas
|
|-damage|p1a: Xerneas|0 fnt|[from] psn
|faint|p1a: Xerneas
|upkeep
|
|t:|1618565254
|switch|p1a: Salamence|Salamence, F|100/100
|switch|p2a: Ho-Oh|Ho-Oh|55/100
|-ability|p1a: Salamence|Intimidate|boost
|-unboost|p2a: Ho-Oh|atk|1
|turn|19
|
|t:|1618565260
|detailschange|p1a: Salamence|Salamence-Mega, F
|-mega|p1a: Salamence|Salamence|Salamencite
|move|p1a: Salamence|Dragon Dance|p1a: Salamence
|-boost|p1a: Salamence|atk|1
|-boost|p1a: Salamence|spe|1
|move|p2a: Ho-Oh|Sacred Fire|p1a: Salamence
|-resisted|p1a: Salamence
|-damage|p1a: Salamence|88/100
|-status|p1a: Salamence|brn
|
|-damage|p1a: Salamence|82/100 brn|[from] brn
|upkeep
|turn|20
|
|t:|1618565263
|move|p1a: Salamence|Dragon Dance|p1a: Salamence
|-boost|p1a: Salamence|atk|1
|-boost|p1a: Salamence|spe|1
|move|p2a: Ho-Oh|Whirlwind|p1a: Salamence
|drag|p1a: Ditto|Ditto|100/100
|-transform|p1a: Ditto|p2a: Ho-Oh|[from] ability: Imposter
|
|upkeep
|turn|21
|
|t:|1618565266
|move|p1a: Ditto|Toxic|p2a: Ho-Oh
|-status|p2a: Ho-Oh|tox
|move|p2a: Ho-Oh|Toxic|p1a: Ditto
|-status|p1a: Ditto|tox
|
|-damage|p1a: Ditto|94/100 tox|[from] psn
|-damage|p2a: Ho-Oh|49/100 tox|[from] psn
|-fieldend|move: Electric Terrain
|upkeep
|turn|22
|
|t:|1618565270
|switch|p1a: Salamence|Salamence-Mega, F|82/100 brn
|move|p2a: Ho-Oh|Whirlwind|p1a: Salamence
|drag|p1a: Ditto|Ditto|100/100 tox
|-transform|p1a: Ditto|p2a: Ho-Oh|[from] ability: Imposter
|
|-damage|p1a: Ditto|94/100 tox|[from] psn
|-damage|p2a: Ho-Oh|37/100 tox|[from] psn
|upkeep
|turn|23
|
|t:|1618565280
|move|p1a: Ditto|Sacred Fire|p2a: Ho-Oh
|-resisted|p2a: Ho-Oh
|-damage|p2a: Ho-Oh|29/100 tox
|move|p2a: Ho-Oh|Defog|p1a: Ditto
|-unboost|p1a: Ditto|evasion|1
|-sideend|p2: pokemh|Stealth Rock|[from] move: Defog|[of] p2a: Ho-Oh
|
|-damage|p1a: Ditto|82/100 tox|[from] psn
|-damage|p2a: Ho-Oh|11/100 tox|[from] psn
|upkeep
|turn|24
|
|t:|1618565287
|move|p1a: Ditto|Sacred Fire|p2a: Ho-Oh
|-resisted|p2a: Ho-Oh
|-damage|p2a: Ho-Oh|1/100 tox
|move|p2a: Ho-Oh|Sacred Fire|p1a: Ditto
|-resisted|p1a: Ditto
|-damage|p1a: Ditto|69/100 tox
|
|-damage|p1a: Ditto|51/100 tox|[from] psn
|-damage|p2a: Ho-Oh|0 fnt|[from] psn
|faint|p2a: Ho-Oh
|upkeep
|
|t:|1618565289
|switch|p2a: Calyrex|Calyrex-Shadow|88/100
|-ability|p2a: Calyrex|As One
|-ability|p2a: Calyrex|Unnerve
|turn|25
|
|t:|1618565296
|switch|p1a: Salamence|Salamence-Mega, F|82/100 brn
|move|p2a: Calyrex|Substitute|p2a: Calyrex
|-start|p2a: Calyrex|Substitute
|-damage|p2a: Calyrex|63/100
|
|-damage|p1a: Salamence|76/100 brn|[from] brn
|upkeep
|turn|26
|
|t:|1618565300
|-zpower|p2a: Calyrex
|move|p2a: Calyrex|Never-Ending Nightmare|p1a: Salamence|[zeffect]
|-damage|p1a: Salamence|0 fnt
|faint|p1a: Salamence
|-ability|p2a: Calyrex|Grim Neigh|boost
|-boost|p2a: Calyrex|spa|1
|
|upkeep
|
|t:|1618565302
|switch|p1a: Ditto|Ditto|84/100 tox
|turn|27
|
|t:|1618565304
|move|p2a: Calyrex|Psyshock|p1a: Ditto
|-damage|p1a: Ditto|0 fnt
|faint|p1a: Ditto
|
|win|pokemh
|raw|Crystraco's rating: 1788 &rarr; <strong>1768</strong><br />(-20 for losing)
|raw|pokemh's rating: 1784 &rarr; <strong>1804</strong><br />(+20 for winning)
|l|☆Crystraco
