|j|☆Nobodi_Nowan
|j|☆Apprenti Buck
|t:|1664395089
|gametype|singles
|player|p1|Nobodi_Nowan|akari|1945
|player|p2|Apprenti Buck|lance-masters|1906
|teamsize|p1|6
|teamsize|p2|6
|gen|8
|tier|[Gen 8] National Dex AG
|rated|
|rule|HP Percentage Mod: HP is shown in percentages
|rule|Endless Battle Clause: Forcing endless battles is banned
|clearpoke
|poke|p1|Forretress, M|
|poke|p1|Arceus-*|
|poke|p1|Kyogre|
|poke|p1|Calyrex-Shadow|
|poke|p1|Zacian-*|
|poke|p1|Rayquaza|
|poke|p2|Groudon|
|poke|p2|Rayquaza|
|poke|p2|Calyrex-Shadow|
|poke|p2|Arceus-*|
|poke|p2|Yveltal|
|poke|p2|Marshadow|
|teampreview
|inactive|Battle timer is ON: inactive players will automatically lose when time's up. (requested by Apprenti Buck)
|c|☆Nobodi_Nowan|well then
|l|☆Apprenti Buck
|inactive|Apprenti Buck disconnected and has a minute to reconnect!
|player|p2|
|inactive|Nobodi_Nowan has 120 seconds left.
|inactive|Apprenti Buck has 30 seconds to reconnect!
|inactive|Apprenti Buck has 20 seconds to reconnect!
|inactive|Nobodi_Nowan has 90 seconds left.
|inactive|Apprenti Buck has 15 seconds to reconnect!
|inactive|Apprenti Buck has 10 seconds to reconnect!
|j|☆Apprenti Buck
|inactive|Apprenti Buck reconnected and has 85 seconds left.
|player|p2|Apprenti Buck|lance-masters
|c|☆Nobodi_Nowan|turn off timer if wifi problems
|inactiveoff|Battle timer is now OFF.
|c|☆Apprenti Buck|thx
|
|t:|1664395185
|start
|switch|p1a: Rayquaza|Rayquaza|100/100
|switch|p2a: Ziz|Rayquaza, shiny|100/100
|-ability|p1a: Rayquaza|Air Lock
|-ability|p2a: Ziz|Air Lock
|turn|1
|
|t:|1664395193
|switch|p1a: Zacian|Zacian-Crowned, shiny|100/100
|-ability|p1a: Zacian|Intrepid Sword|boost
|-boost|p1a: Zacian|atk|1
|detailschange|p2a: Ziz|Rayquaza-Mega, shiny
|-mega|p2a: Ziz|Rayquaza|
|-weather|DeltaStream|[from] ability: Delta Stream|[of] p2a: Ziz
|move|p2a: Ziz|Dragon Ascent|p1a: Zacian
|-resisted|p1a: Zacian
|-damage|p1a: Zacian|46/100
|-unboost|p2a: Ziz|def|1
|-unboost|p2a: Ziz|spd|1
|-damage|p2a: Ziz|91/100|[from] item: Life Orb
|
|-weather|DeltaStream|[upkeep]
|upkeep
|turn|2
|
|t:|1664395209
|move|p1a: Zacian|Substitute|p1a: Zacian
|-start|p1a: Zacian|Substitute
|-damage|p1a: Zacian|21/100
|move|p2a: Ziz|Dragon Ascent|p1a: Zacian
|-resisted|p1a: Zacian
|-end|p1a: Zacian|Substitute
|-unboost|p2a: Ziz|def|1
|-unboost|p2a: Ziz|spd|1
|-damage|p2a: Ziz|81/100|[from] item: Life Orb
|
|-weather|DeltaStream|[upkeep]
|upkeep
|turn|3
|
|t:|1664395218
|-weather|none
|switch|p2a: Behemoth|Groudon, shiny|100/100
|detailschange|p2a: Behemoth|Groudon-Primal, shiny
|-primal|p2a: Behemoth
|-weather|DesolateLand|[from] ability: Desolate Land|[of] p2a: Behemoth
|move|p1a: Zacian|Behemoth Blade|p2a: Behemoth
|-resisted|p2a: Behemoth
|-damage|p2a: Behemoth|70/100
|
|-weather|DesolateLand|[upkeep]
|upkeep
|turn|4
|
|t:|1664395226
|move|p1a: Zacian|Close Combat|p2a: Behemoth
|-damage|p2a: Behemoth|15/100
|-unboost|p1a: Zacian|def|1
|-unboost|p1a: Zacian|spd|1
|move|p2a: Behemoth|Stealth Rock|p1a: Zacian
|-sidestart|p1: Nobodi_Nowan|move: Stealth Rock
|
|-weather|DesolateLand|[upkeep]
|upkeep
|turn|5
|
|t:|1664395237
|move|p1a: Zacian|Behemoth Blade|p2a: Behemoth
|-resisted|p2a: Behemoth
|-damage|p2a: Behemoth|0 fnt
|faint|p2a: Behemoth
|-weather|none
|
|upkeep
|
|t:|1664395245
|switch|p2a: Ziz|Rayquaza-Mega, shiny|81/100
|-weather|DeltaStream|[from] ability: Delta Stream|[of] p2a: Ziz
|turn|6
|
|t:|1664395249
|move|p2a: Ziz|Extreme Speed|p1a: Zacian
|-resisted|p1a: Zacian
|-damage|p1a: Zacian|0 fnt
|faint|p1a: Zacian
|-damage|p2a: Ziz|71/100|[from] item: Life Orb
|
|-weather|DeltaStream|[upkeep]
|upkeep
|
|t:|1664395273
|switch|p1a: Forretress|Forretress, M|100/100
|-damage|p1a: Forretress|88/100|[from] Stealth Rock
|turn|7
|
|t:|1664395285
|move|p2a: Ziz|Dragon Ascent|p1a: Forretress
|-damage|p1a: Forretress|22/100
|-unboost|p2a: Ziz|def|1
|-unboost|p2a: Ziz|spd|1
|-damage|p2a: Ziz|61/100|[from] item: Life Orb
|move|p1a: Forretress|Stealth Rock|p2a: Ziz
|-sidestart|p2: Apprenti Buck|move: Stealth Rock
|
|-weather|DeltaStream|[upkeep]
|-heal|p1a: Forretress|28/100|[from] item: Leftovers
|upkeep
|turn|8
|
|t:|1664395294
|move|p2a: Ziz|Dragon Ascent|p1a: Forretress
|-damage|p1a: Forretress|0 fnt
|-unboost|p2a: Ziz|def|1
|-unboost|p2a: Ziz|spd|1
|faint|p1a: Forretress
|-damage|p2a: Ziz|51/100|[from] item: Life Orb
|
|-weather|DeltaStream|[upkeep]
|upkeep
|
|t:|1664395325
|switch|p1a: Arceus|Arceus|100/100
|-damage|p1a: Arceus|88/100|[from] Stealth Rock
|turn|9
|
|t:|1664395333
|-weather|none
|switch|p2a: Transcendent Deity|Arceus|100/100
|-damage|p2a: Transcendent Deity|88/100|[from] Stealth Rock
|move|p1a: Arceus|Shadow Claw|p2a: Transcendent Deity
|-immune|p2a: Transcendent Deity
|
|upkeep
|turn|10
|
|t:|1664395340
|move|p2a: Transcendent Deity|Swords Dance|p2a: Transcendent Deity
|-boost|p2a: Transcendent Deity|atk|2
|move|p1a: Arceus|Swords Dance|p1a: Arceus
|-boost|p1a: Arceus|atk|2
|
|upkeep
|turn|11
|
|t:|1664395346
|-start|p1a: Arceus|Dynamax|
|-heal|p1a: Arceus|88/100|[silent]
|move|p2a: Transcendent Deity|Extreme Speed|p1a: Arceus
|-damage|p1a: Arceus|53/100
|-damage|p2a: Transcendent Deity|78/100|[from] item: Life Orb
|move|p1a: Arceus|Max Strike|p2a: Transcendent Deity
|-damage|p2a: Transcendent Deity|0 fnt
|faint|p2a: Transcendent Deity
|
|upkeep
|
|t:|1664395355
|switch|p2a: Buck’s alter ego|Marshadow|100/100
|-damage|p2a: Buck’s alter ego|94/100|[from] Stealth Rock
|turn|12
|
|t:|1664395358
|move|p2a: Buck’s alter ego|Close Combat|p1a: Arceus
|-supereffective|p1a: Arceus
|-damage|p1a: Arceus|3/100
|-unboost|p2a: Buck’s alter ego|def|1
|-unboost|p2a: Buck’s alter ego|spd|1
|-damage|p2a: Buck’s alter ego|84/100|[from] item: Life Orb
|move|p1a: Arceus|Max Phantasm|p2a: Buck’s alter ego
|-supereffective|p2a: Buck’s alter ego
|-damage|p2a: Buck’s alter ego|0 fnt
|faint|p2a: Buck’s alter ego
|
|upkeep
|
|t:|1664395378
|switch|p2a: Ziz|Rayquaza-Mega, shiny|51/100
|-damage|p2a: Ziz|26/100|[from] Stealth Rock
|-weather|DeltaStream|[from] ability: Delta Stream|[of] p2a: Ziz
|turn|13
|
|t:|1664395384
|move|p1a: Arceus|Max Guard|p1a: Arceus
|-singleturn|p1a: Arceus|Max Guard
|move|p2a: Ziz|Extreme Speed|p1a: Arceus
|-activate|p1a: Arceus|move: Max Guard
|
|-weather|DeltaStream|[upkeep]
|upkeep
|-end|p1a: Arceus|Dynamax
|-heal|p1a: Arceus|3/100|[silent]
|turn|14
|
|t:|1664395391
|switch|p1a: Calyrex|Calyrex-Shadow|100/100
|-ability|p1a: Calyrex|As One
|-ability|p1a: Calyrex|Unnerve
|-damage|p1a: Calyrex|88/100|[from] Stealth Rock
|move|p2a: Ziz|Extreme Speed|p1a: Calyrex
|-immune|p1a: Calyrex
|
|-weather|DeltaStream|[upkeep]
|upkeep
|turn|15
|
|t:|1664395401
|move|p1a: Calyrex|Draining Kiss|p2a: Ziz
|-supereffective|p2a: Ziz
|-damage|p2a: Ziz|0 fnt
|-heal|p1a: Calyrex|100/100|[from] drain|[of] p2a: Ziz
|faint|p2a: Ziz
|-weather|none
|-ability|p1a: Calyrex|Grim Neigh|boost
|-boost|p1a: Calyrex|spa|1
|
|upkeep
|
|t:|1664395403
|switch|p2a: Dawn|Calyrex-Shadow|100/100
|-ability|p2a: Dawn|As One
|-ability|p2a: Dawn|Unnerve
|-damage|p2a: Dawn|88/100|[from] Stealth Rock
|turn|16
|
|t:|1664395414
|switch|p1a: Arceus|Arceus|3/100
|-damage|p1a: Arceus|0 fnt|[from] Stealth Rock
|faint|p1a: Arceus
|move|p2a: Dawn|Substitute|p2a: Dawn
|-start|p2a: Dawn|Substitute
|-damage|p2a: Dawn|63/100
|
|upkeep
|
|t:|1664395422
|switch|p1a: Kyogre|Kyogre|100/100
|-damage|p1a: Kyogre|88/100|[from] Stealth Rock
|detailschange|p1a: Kyogre|Kyogre-Primal
|-primal|p1a: Kyogre
|-weather|PrimordialSea|[from] ability: Primordial Sea|[of] p1a: Kyogre
|turn|17
|
|t:|1664395432
|-zpower|p2a: Dawn
|move|p2a: Dawn|Never-Ending Nightmare|p1a: Kyogre|[zeffect]
|-damage|p1a: Kyogre|14/100
|move|p1a: Kyogre|Thunder|p2a: Dawn
|-end|p2a: Dawn|Substitute
|
|-weather|PrimordialSea|[upkeep]
|upkeep
|turn|18
|
|t:|1664395441
|move|p2a: Dawn|Astral Barrage|p1a: Kyogre
|-damage|p1a: Kyogre|0 fnt
|faint|p1a: Kyogre
|-weather|none
|-ability|p2a: Dawn|Grim Neigh|boost
|-boost|p2a: Dawn|spa|1
|
|upkeep
|
|t:|1664395447
|switch|p1a: Calyrex|Calyrex-Shadow|100/100
|-ability|p1a: Calyrex|As One
|-ability|p1a: Calyrex|Unnerve
|-damage|p1a: Calyrex|88/100|[from] Stealth Rock
|turn|19
|
|t:|1664395454
|switch|p1a: Rayquaza|Rayquaza|100/100
|-damage|p1a: Rayquaza|76/100|[from] Stealth Rock
|-ability|p1a: Rayquaza|Air Lock
|move|p2a: Dawn|Astral Barrage|p1a: Rayquaza
|-damage|p1a: Rayquaza|0 fnt
|faint|p1a: Rayquaza
|-ability|p2a: Dawn|Grim Neigh|boost
|-boost|p2a: Dawn|spa|1
|
|upkeep
|c|☆Nobodi_Nowan|f
|
|t:|1664395466
|switch|p1a: Calyrex|Calyrex-Shadow|88/100
|-ability|p1a: Calyrex|As One
|-ability|p1a: Calyrex|Unnerve
|-damage|p1a: Calyrex|76/100|[from] Stealth Rock
|turn|20
|c|☆Apprenti Buck|u panicked on this one
|c|☆Nobodi_Nowan|nah
|c|☆Nobodi_Nowan|u played relly well ur caly
|c|☆Nobodi_Nowan|u got me with that sub
|c|☆Apprenti Buck|im not gonna switch if rocks are up
|
|t:|1664395506
|move|p1a: Calyrex|Astral Barrage|p2a: Dawn
|-supereffective|p2a: Dawn
|-damage|p2a: Dawn|0 fnt
|faint|p2a: Dawn
|-ability|p1a: Calyrex|Grim Neigh|boost
|-boost|p1a: Calyrex|spa|1
|
|upkeep
|c|☆Nobodi_Nowan|but u know im scarf
|
|t:|1664395508
|switch|p2a: Twilight|Yveltal|100/100
|-damage|p2a: Twilight|76/100|[from] Stealth Rock
|-ability|p2a: Twilight|Dark Aura
|turn|21
|c|☆Apprenti Buck|u dont know my set?
|
|t:|1664395526
|-start|p2a: Twilight|Dynamax|
|-heal|p2a: Twilight|76/100|[silent]
|move|p1a: Calyrex|Astral Barrage|p2a: Twilight
|-resisted|p2a: Twilight
|-damage|p2a: Twilight|51/100
|move|p2a: Twilight|Max Darkness|p1a: Calyrex
|-supereffective|p1a: Calyrex
|-damage|p1a: Calyrex|0 fnt
|faint|p1a: Calyrex
|-damage|p2a: Twilight|46/100|[from] item: Life Orb
|
|win|Apprenti Buck
|raw|Nobodi_Nowan's rating: 1945 &rarr; <strong>1923</strong><br />(-22 for losing)
|raw|Apprenti Buck's rating: 1906 &rarr; <strong>1928</strong><br />(+22 for winning)
|c|☆Nobodi_Nowan|not really
|c|☆Apprenti Buck|ggwp
