|j|☆TDollas
|j|☆Tusuk
|t:|1661550062
|gametype|singles
|player|p1|TDollas|170|1502
|player|p2|Tusuk|170|1514
|teamsize|p1|6
|teamsize|p2|6
|gen|8
|tier|[Gen 8] National Dex AG
|rated|
|rule|HP Percentage Mod: HP is shown in percentages
|rule|Endless Battle Clause: Forcing endless battles is banned
|clearpoke
|poke|p1|Zacian-*|
|poke|p1|Ho-Oh|
|poke|p1|Groudon|
|poke|p1|Arceus-*|
|poke|p1|Necrozma-Dusk-Mane|
|poke|p1|Smeargle, F|
|poke|p2|Ninjask, M|
|poke|p2|Nihilego|
|poke|p2|Ditto|
|poke|p2|Slowking, M|
|poke|p2|Marowak, F|
|poke|p2|Camerupt, M|
|teampreview
|inactive|Battle timer is ON: inactive players will automatically lose when time's up. (requested by Tusuk)
|inactive|TDollas has 120 seconds left.
|
|t:|1661550097
|start
|switch|p1a: Smeargle|Smeargle, F|100/100
|switch|p2a: Ninjask|Ninjask, M|100/100
|turn|1
|
|t:|1661550102
|move|p2a: Ninjask|Swords Dance|p2a: Ninjask
|-boost|p2a: Ninjask|atk|2
|move|p1a: Smeargle|Nuzzle|p2a: Ninjask
|-supereffective|p2a: Ninjask
|-damage|p2a: Ninjask|92/100
|-status|p2a: Ninjask|par
|
|-ability|p2a: Ninjask|Speed Boost|boost
|-boost|p2a: Ninjask|spe|1
|upkeep
|turn|2
|
|t:|1661550117
|cant|p2a: Ninjask|par
|move|p1a: Smeargle|Sticky Web|p2a: Ninjask
|-sidestart|p2: Tusuk|move: Sticky Web
|
|-ability|p2a: Ninjask|Speed Boost|boost
|-boost|p2a: Ninjask|spe|1
|upkeep
|turn|3
|
|t:|1661550121
|move|p2a: Ninjask|Dual Wingbeat|p1a: Smeargle
|-damage|p1a: Smeargle|36/100
|-damage|p1a: Smeargle|0 fnt
|faint|p1a: Smeargle
|-hitcount|p1: Smeargle|2
|
|-ability|p2a: Ninjask|Speed Boost|boost
|-boost|p2a: Ninjask|spe|1
|upkeep
|inactive|TDollas has 120 seconds left.
|
|t:|1661550156
|switch|p1a: Ho-Oh|Ho-Oh|100/100
|turn|4
|
|t:|1661550164
|move|p2a: Ninjask|Protect|p2a: Ninjask
|-singleturn|p2a: Ninjask|Protect
|move|p1a: Ho-Oh|Sacred Fire|p2a: Ninjask
|-activate|p2a: Ninjask|move: Protect
|
|-ability|p2a: Ninjask|Speed Boost|boost
|-boost|p2a: Ninjask|spe|1
|upkeep
|turn|5
|
|t:|1661550178
|switch|p1a: Necrozma|Necrozma-Dusk-Mane|100/100
|move|p2a: Ninjask|Baton Pass|p2a: Ninjask
|
|t:|1661550182
|switch|p2a: Marowak|Marowak, F, shiny|100/100|[from]move: Baton Pass
|-activate|p2a: Marowak|move: Sticky Web
|-unboost|p2a: Marowak|spe|1
|
|upkeep
|turn|6
|
|t:|1661550194
|move|p2a: Marowak|Earthquake|p1a: Necrozma
|-supereffective|p1a: Necrozma
|-damage|p1a: Necrozma|0 fnt
|faint|p1a: Necrozma
|
|upkeep
|inactive|TDollas has 120 seconds left.
|
|t:|1661550210
|switch|p1a: Arceus|Arceus-Water|100/100
|turn|7
|
|t:|1661550215
|-start|p2a: Marowak|Dynamax|
|-heal|p2a: Marowak|100/100|[silent]
|-start|p1a: Arceus|Dynamax|
|-heal|p1a: Arceus|100/100|[silent]
|move|p2a: Marowak|Max Quake|p1a: Arceus
|-damage|p1a: Arceus|49/100
|-boost|p2a: Marowak|spd|1
|move|p1a: Arceus|Max Geyser|p2a: Marowak
|-supereffective|p2a: Marowak
|-damage|p2a: Marowak|40/100
|-weather|RainDance
|
|-weather|RainDance|[upkeep]
|upkeep
|turn|8
|
|t:|1661550232
|move|p2a: Marowak|Max Quake|p1a: Arceus
|-damage|p1a: Arceus|0 fnt
|-boost|p2a: Marowak|spd|1
|faint|p1a: Arceus
|
|-weather|RainDance|[upkeep]
|upkeep
|inactive|TDollas has 120 seconds left.
|c|☆Tusuk|Marowack>arceus
|
|t:|1661550245
|switch|p1a: Ho-Oh|Ho-Oh|100/100
|turn|9
|
|t:|1661550253
|move|p2a: Marowak|Max Rockfall|p1a: Ho-Oh
|-supereffective|p1a: Ho-Oh
|-damage|p1a: Ho-Oh|0 fnt
|-weather|Sandstorm
|faint|p1a: Ho-Oh
|
|-weather|Sandstorm|[upkeep]
|upkeep
|inactive|TDollas has 120 seconds left.
|c|☆Tusuk|I really hope you didn’t get 6-0’d with full restricteds
|
|t:|1661550282
|switch|p1a: Groudon|Groudon|100/100
|detailschange|p1a: Groudon|Groudon-Primal
|-primal|p1a: Groudon
|-weather|DesolateLand|[from] ability: Desolate Land|[of] p1a: Groudon
|-end|p2a: Marowak|Dynamax
|-heal|p2a: Marowak|40/100|[silent]
|turn|10
|
|t:|1661550286
|move|p2a: Marowak|Earthquake|p1a: Groudon
|-supereffective|p1a: Groudon
|-damage|p1a: Groudon|0 fnt
|faint|p1a: Groudon
|-weather|none
|
|upkeep
|
|t:|1661550288
|switch|p1a: Zacian|Zacian-Crowned|100/100
|-ability|p1a: Zacian|Intrepid Sword|boost
|-boost|p1a: Zacian|atk|1
|turn|11
|c|☆Tusuk|Gg ez
|inactive|TDollas has 120 seconds left.
|n|‽TDollas|tdollas
|inactive|TDollas has 90 seconds left.
|
|t:|1661550329
|move|p2a: Marowak|Earthquake|p1a: Zacian
|-supereffective|p1a: Zacian
|-damage|p1a: Zacian|0 fnt
|faint|p1a: Zacian
|
|win|Tusuk
|raw|TDollas's rating: 1502 &rarr; <strong>1483</strong><br />(-19 for losing)
|raw|Tusuk's rating: 1514 &rarr; <strong>1533</strong><br />(+19 for winning)
|l|☆Tusuk
|j|☆Tusuk
|player|p2|Tusuk|170
||Ladder isn't responding, score probably updated but might not have (Request timeout).
