|j|☆ihateDread
|j|☆LedaoiO
|t:|1661000194
|gametype|singles
|player|p1|ihateDread|n|1094
|player|p2|LedaoiO|101|1048
|teamsize|p1|6
|teamsize|p2|6
|gen|8
|tier|[Gen 8] National Dex AG
|rated|
|rule|HP Percentage Mod: HP is shown in percentages
|rule|Endless Battle Clause: Forcing endless battles is banned
|clearpoke
|poke|p1|Smeargle, F|
|poke|p1|Eevee, M|
|poke|p1|Clefable, M|
|poke|p1|Natu, F|
|poke|p1|Aron, L1, M|
|poke|p1|Lugia|
|poke|p2|Eevee, F|
|poke|p2|Lucario, M|
|poke|p2|Cinderace, M|
|poke|p2|Pheromosa|
|poke|p2|Necrozma-Dawn-Wings|
|poke|p2|Dialga|
|teampreview
|inactive|Battle timer is ON: inactive players will automatically lose when time's up. (requested by ihateDread)
|
|t:|1661000202
|start
|switch|p1a: Da Vinci|Smeargle, F|100/100
|switch|p2a: Dialga|Dialga|100/100
|-ability|p2a: Dialga|Pressure
|turn|1
|
|t:|1661000210
|move|p1a: Da Vinci|Spore|p2a: Dialga
|-status|p2a: Dialga|slp|[from] move: Spore
|cant|p2a: Dialga|slp
|
|-ability|p1a: Da Vinci|Moody|boost
|-boost|p1a: Da Vinci|spe|2
|-unboost|p1a: Da Vinci|def|1
|upkeep
|turn|2
|
|t:|1661000219
|move|p1a: Da Vinci|Shell Smash|p1a: Da Vinci
|-unboost|p1a: Da Vinci|def|1
|-unboost|p1a: Da Vinci|spd|1
|-boost|p1a: Da Vinci|atk|2
|-boost|p1a: Da Vinci|spa|2
|-boost|p1a: Da Vinci|spe|2
|cant|p2a: Dialga|slp
|
|-ability|p1a: Da Vinci|Moody|boost
|-boost|p1a: Da Vinci|spe|2
|-unboost|p1a: Da Vinci|atk|1
|upkeep
|turn|3
|
|t:|1661000230
|move|p1a: Da Vinci|Baton Pass|p1a: Da Vinci
|
|t:|1661000233
|switch|p1a: Dumb|Clefable, M|100/100|[from]move: Baton Pass
|cant|p2a: Dialga|slp
|
|upkeep
|turn|4
|
|t:|1661000239
|move|p1a: Dumb|Substitute|p1a: Dumb
|-start|p1a: Dumb|Substitute
|-damage|p1a: Dumb|76/100
|-curestatus|p2a: Dialga|slp|[msg]
|move|p2a: Dialga|Thunder Wave|p1a: Dumb|[miss]
|-miss|p2a: Dialga|p1a: Dumb
|
|-heal|p1a: Dumb|82/100|[from] item: Leftovers
|upkeep
|turn|5
|
|t:|1661000249
|move|p1a: Dumb|Cosmic Power|p1a: Dumb
|-boost|p1a: Dumb|def|1
|-boost|p1a: Dumb|spd|1
|move|p2a: Dialga|Flamethrower|p1a: Dumb
|-end|p1a: Dumb|Substitute
|
|-heal|p1a: Dumb|88/100|[from] item: Leftovers
|upkeep
|turn|6
|
|t:|1661000258
|move|p1a: Dumb|Cosmic Power|p1a: Dumb
|-boost|p1a: Dumb|def|1
|-boost|p1a: Dumb|spd|1
|move|p2a: Dialga|Thunder Wave|p1a: Dumb
|-status|p1a: Dumb|par
|
|-heal|p1a: Dumb|94/100 par|[from] item: Leftovers
|upkeep
|turn|7
|
|t:|1661000268
|cant|p1a: Dumb|par
|move|p2a: Dialga|Stealth Rock|p1a: Dumb
|-sidestart|p1: ihateDread|move: Stealth Rock
|
|-heal|p1a: Dumb|99/100 par|[from] item: Leftovers
|upkeep
|turn|8
|
|t:|1661000276
|move|p1a: Dumb|Cosmic Power|p1a: Dumb
|-boost|p1a: Dumb|def|1
|-boost|p1a: Dumb|spd|1
|move|p2a: Dialga|Flamethrower|p1a: Dumb
|-damage|p1a: Dumb|83/100 par
|
|-heal|p1a: Dumb|89/100 par|[from] item: Leftovers
|upkeep
|turn|9
|
|t:|1661000285
|move|p1a: Dumb|Cosmic Power|p1a: Dumb
|-boost|p1a: Dumb|def|1
|-boost|p1a: Dumb|spd|1
|move|p2a: Dialga|Flamethrower|p1a: Dumb
|-damage|p1a: Dumb|77/100 par
|
|-heal|p1a: Dumb|83/100 par|[from] item: Leftovers
|upkeep
|turn|10
|
|t:|1661000294
|move|p1a: Dumb|Cosmic Power|p1a: Dumb
|-boost|p1a: Dumb|def|1
|-boost|p1a: Dumb|spd|1
|move|p2a: Dialga|Flamethrower|p1a: Dumb
|-crit|p1a: Dumb
|-damage|p1a: Dumb|34/100 par
|
|-heal|p1a: Dumb|40/100 par|[from] item: Leftovers
|upkeep
|turn|11
|
|t:|1661000303
|move|p1a: Dumb|Soft-Boiled|p1a: Dumb
|-heal|p1a: Dumb|90/100 par
|move|p2a: Dialga|Flamethrower|p1a: Dumb
|-damage|p1a: Dumb|79/100 par
|
|-heal|p1a: Dumb|85/100 par|[from] item: Leftovers
|upkeep
|turn|12
|
|t:|1661000311
|cant|p1a: Dumb|par
|move|p2a: Dialga|Flamethrower|p1a: Dumb
|-damage|p1a: Dumb|73/100 par
|
|-heal|p1a: Dumb|79/100 par|[from] item: Leftovers
|upkeep
|turn|13
|
|t:|1661000319
|cant|p1a: Dumb|par
|move|p2a: Dialga|Flamethrower|p1a: Dumb
|-damage|p1a: Dumb|68/100 par
|
|-heal|p1a: Dumb|74/100 par|[from] item: Leftovers
|upkeep
|turn|14
|
|t:|1661000327
|move|p1a: Dumb|Cosmic Power|p1a: Dumb
|-boost|p1a: Dumb|def|1
|-boost|p1a: Dumb|spd|1
|move|p2a: Dialga|Flamethrower|p1a: Dumb
|-damage|p1a: Dumb|64/100 par
|
|-heal|p1a: Dumb|70/100 par|[from] item: Leftovers
|upkeep
|turn|15
|
|t:|1661000336
|move|p1a: Dumb|Cosmic Power|p1a: Dumb
|-boost|p1a: Dumb|def|1
|-boost|p1a: Dumb|spd|1
|move|p2a: Dialga|Flamethrower|p1a: Dumb
|-damage|p1a: Dumb|62/100 par
|
|-heal|p1a: Dumb|68/100 par|[from] item: Leftovers
|upkeep
|turn|16
|
|t:|1661000345
|move|p1a: Dumb|Baton Pass|p1a: Dumb
|
|t:|1661000347
|switch|p1a: E|Eevee, M|100/100|[from]move: Baton Pass
|-damage|p1a: E|88/100|[from] Stealth Rock
|move|p2a: Dialga|Flamethrower|p1a: E
|-damage|p1a: E|70/100
|
|upkeep
|turn|17
|
|t:|1661000355
|-zpower|p1a: E
|move|p1a: E|Extreme Evoboost|p1a: E
|-boost|p1a: E|atk|2
|-boost|p1a: E|def|1
|-boost|p1a: E|spa|2
|-boost|p1a: E|spd|0
|-boost|p1a: E|spe|0
|move|p2a: Dialga|Draco Meteor|p1a: E
|-damage|p1a: E|24/100
|-unboost|p2a: Dialga|spa|2
|
|upkeep
|turn|18
|
|t:|1661000367
|move|p1a: E|Baton Pass|p1a: E
|
|t:|1661000387
|switch|p1a: Fat Bird|Lugia, shiny|100/100|[from]move: Baton Pass
|move|p2a: Dialga|Flamethrower|p1a: Fat Bird
|-damage|p1a: Fat Bird|99/100
|
|upkeep
|turn|19
|c|☆ihateDread|am toxic
|
|t:|1661000401
|move|p1a: Fat Bird|Ice Beam|p2a: Dialga
|-damage|p2a: Dialga|51/100
|move|p2a: Dialga|Thunder Wave|p1a: Fat Bird
|-status|p1a: Fat Bird|par
|
|upkeep
|turn|20
|
|t:|1661000409
|cant|p1a: Fat Bird|par
|move|p2a: Dialga|Flamethrower|p1a: Fat Bird
|-damage|p1a: Fat Bird|97/100 par
|
|upkeep
|turn|21
|
|t:|1661000415
|cant|p1a: Fat Bird|par
|move|p2a: Dialga|Flamethrower|p1a: Fat Bird
|-damage|p1a: Fat Bird|94/100 par
|
|upkeep
|turn|22
|
|t:|1661000422
|cant|p1a: Fat Bird|par
|move|p2a: Dialga|Flamethrower|p1a: Fat Bird
|-damage|p1a: Fat Bird|92/100 par
|
|upkeep
|turn|23
|
|t:|1661000428
|move|p1a: Fat Bird|Ice Beam|p2a: Dialga
|-damage|p2a: Dialga|1/100
|move|p2a: Dialga|Flamethrower|p1a: Fat Bird
|-damage|p1a: Fat Bird|89/100 par
|
|upkeep
|turn|24
|
|t:|1661000435
|cant|p1a: Fat Bird|par
|move|p2a: Dialga|Flamethrower|p1a: Fat Bird
|-damage|p1a: Fat Bird|86/100 par
|
|upkeep
|turn|25
|
|t:|1661000440
|move|p1a: Fat Bird|Ice Beam|p2a: Dialga
|-damage|p2a: Dialga|0 fnt
|faint|p2a: Dialga
|
|upkeep
|
|t:|1661000445
|switch|p2a: Cinderace|Cinderace, M|100/100
|turn|26
|
|t:|1661000449
|-start|p2a: Cinderace|Dynamax|
|-heal|p2a: Cinderace|100/100|[silent]
|cant|p1a: Fat Bird|par
|move|p2a: Cinderace|Max Darkness|p1a: Fat Bird
|-start|p2a: Cinderace|typechange|Dark|[from] ability: Libero
|-supereffective|p1a: Fat Bird
|-damage|p1a: Fat Bird|70/100 par
|-unboost|p1a: Fat Bird|spd|1
|
|upkeep
|turn|27
|
|t:|1661000471
|move|p1a: Fat Bird|Toxic|p2a: Cinderace
|-status|p2a: Cinderace|tox
|move|p2a: Cinderace|Max Darkness|p1a: Fat Bird
|-supereffective|p1a: Fat Bird
|-damage|p1a: Fat Bird|55/100 par
|-unboost|p1a: Fat Bird|spd|1
|
|-damage|p2a: Cinderace|98/100 tox|[from] psn
|upkeep
|turn|28
|
|t:|1661000481
|move|p1a: Fat Bird|Roost|p1a: Fat Bird
|-heal|p1a: Fat Bird|100/100 par
|-singleturn|p1a: Fat Bird|move: Roost
|move|p2a: Cinderace|Max Darkness|p1a: Fat Bird
|-supereffective|p1a: Fat Bird
|-damage|p1a: Fat Bird|93/100 par
|-unboost|p1a: Fat Bird|spd|1
|
|-damage|p2a: Cinderace|92/100 tox|[from] psn
|upkeep
|-end|p2a: Cinderace|Dynamax
|-heal|p2a: Cinderace|92/100 tox|[silent]
|turn|29
|
|t:|1661000498
|move|p2a: Cinderace|Sucker Punch||[still]
|-fail|p2a: Cinderace
|move|p1a: Fat Bird|Substitute|p1a: Fat Bird
|-start|p1a: Fat Bird|Substitute
|-damage|p1a: Fat Bird|68/100 par
|
|-damage|p2a: Cinderace|74/100 tox|[from] psn
|upkeep
|turn|30
|-message|LedaoiO forfeited.
|
|win|ihateDread
|raw|ihateDread's rating: 1094 &rarr; <strong>1116</strong><br />(+22 for winning)
|raw|LedaoiO's rating: 1048 &rarr; <strong>1033</strong><br />(-15 for losing)
|l|☆LedaoiO
||Ladder isn't responding, score probably updated but might not have (Request timeout).
