|j|☆Bunrphenix
|j|☆iHaveAsthma
|t:|1642352329
|gametype|singles
|player|p1|Bunrphenix|hilda|1615
|player|p2|iHaveAsthma|doctor|1891
|teamsize|p1|6
|teamsize|p2|6
|gen|8
|tier|[Gen 8] National Dex AG
|rated|
|rule|HP Percentage Mod: HP is shown in percentages
|rule|Endless Battle Clause: Forcing endless battles is banned
|clearpoke
|poke|p1|Arceus-*|
|poke|p1|Yveltal|
|poke|p1|Zygarde|
|poke|p1|Necrozma-Dusk-Mane|
|poke|p1|Xerneas-*|
|poke|p1|Groudon|
|poke|p2|Rayquaza|
|poke|p2|Lugia|
|poke|p2|Calyrex-Shadow|
|poke|p2|Groudon|
|poke|p2|Arceus-*|
|poke|p2|Groudon|
|teampreview
|inactive|Battle timer is ON: inactive players will automatically lose when time's up. (requested by iHaveAsthma)
|inactive|Bunrphenix has 120 seconds left.
|
|t:|1642352416
|start
|switch|p1a: Arceus|Arceus-Fairy|100/100
|switch|p2a: Groudon|Groudon, shiny|100/100
|detailschange|p2a: Groudon|Groudon-Primal, shiny
|-primal|p2a: Groudon
|-weather|DesolateLand|[from] ability: Desolate Land|[of] p2a: Groudon
|turn|1
|inactive|iHaveAsthma has 120 seconds left.
|inactive|iHaveAsthma has 90 seconds left.
|
|t:|1642352484
|switch|p1a: Zygarde|Zygarde|100/100
|move|p2a: Groudon|Rock Polish|p2a: Groudon
|-boost|p2a: Groudon|spe|2
|
|-weather|DesolateLand|[upkeep]
|upkeep
|turn|2
|inactive|iHaveAsthma has 90 seconds left.
|
|t:|1642352496
|move|p2a: Groudon|Earthquake|p1a: Zygarde
|-damage|p1a: Zygarde|50/100
|move|p1a: Zygarde|Glare|p2a: Groudon
|-status|p2a: Groudon|par
|
|-weather|DesolateLand|[upkeep]
|-heal|p1a: Zygarde|56/100|[from] item: Leftovers
|upkeep
|turn|3
|
|t:|1642352500
|move|p1a: Zygarde|Substitute|p1a: Zygarde
|-start|p1a: Zygarde|Substitute
|-damage|p1a: Zygarde|31/100
|move|p2a: Groudon|Earthquake|p1a: Zygarde
|-end|p1a: Zygarde|Substitute
|
|-weather|DesolateLand|[upkeep]
|-heal|p1a: Zygarde|37/100|[from] item: Leftovers
|-activate|p1a: Zygarde|ability: Power Construct
|detailschange|p1a: Zygarde|Zygarde-Complete
|-heal|p1a: Zygarde|61/100|[silent]
|upkeep
|turn|4
|
|t:|1642352505
|move|p1a: Zygarde|Dragon Dance|p1a: Zygarde
|-boost|p1a: Zygarde|atk|1
|-boost|p1a: Zygarde|spe|1
|move|p2a: Groudon|Earthquake|p1a: Zygarde
|-damage|p1a: Zygarde|28/100
|
|-weather|DesolateLand|[upkeep]
|-heal|p1a: Zygarde|35/100|[from] item: Leftovers
|upkeep
|turn|5
|
|t:|1642352509
|move|p1a: Zygarde|Thousand Arrows|p2a: Groudon
|-supereffective|p2a: Groudon
|-damage|p2a: Groudon|38/100 par
|move|p2a: Groudon|Earthquake|p1a: Zygarde
|-damage|p1a: Zygarde|0 fnt
|faint|p1a: Zygarde
|
|-weather|DesolateLand|[upkeep]
|upkeep
|
|t:|1642352518
|switch|p1a: Yveltal|Yveltal|100/100
|-ability|p1a: Yveltal|Dark Aura
|turn|6
|inactive|iHaveAsthma has 120 seconds left.
|
|t:|1642352552
|move|p1a: Yveltal|Dark Pulse|p2a: Groudon
|-damage|p2a: Groudon|0 fnt
|faint|p2a: Groudon
|-weather|none
|-damage|p1a: Yveltal|91/100|[from] item: Life Orb
|
|upkeep
|
|t:|1642352558
|switch|p2a: Rayquaza|Rayquaza|100/100
|-ability|p2a: Rayquaza|Air Lock
|turn|7
|
|t:|1642352583
|detailschange|p2a: Rayquaza|Rayquaza-Mega
|-mega|p2a: Rayquaza|Rayquaza|
|-weather|DeltaStream|[from] ability: Delta Stream|[of] p2a: Rayquaza
|-start|p1a: Yveltal|Dynamax
|-heal|p1a: Yveltal|91/100|[silent]
|move|p2a: Rayquaza|Dragon Ascent|p1a: Yveltal
|-damage|p1a: Yveltal|52/100
|-unboost|p2a: Rayquaza|def|1
|-unboost|p2a: Rayquaza|spd|1
|move|p1a: Yveltal|Max Airstream|p2a: Rayquaza
|-enditem|p2a: Rayquaza|Focus Sash
|-damage|p2a: Rayquaza|1/100
|-boost|p1a: Yveltal|spe|1
|-damage|p1a: Yveltal|47/100|[from] item: Life Orb
|
|-weather|DeltaStream|[upkeep]
|upkeep
|turn|8
|inactive|iHaveAsthma has 90 seconds left.
|inactive|iHaveAsthma has 60 seconds left.
|
|t:|1642352639
|move|p2a: Rayquaza|Extreme Speed|p1a: Yveltal
|-damage|p1a: Yveltal|30/100
|move|p1a: Yveltal|Max Darkness|p2a: Rayquaza
|-damage|p2a: Rayquaza|0 fnt
|faint|p2a: Rayquaza
|-weather|none
|-damage|p1a: Yveltal|25/100|[from] item: Life Orb
|
|upkeep
|
|t:|1642352642
|switch|p2a: Lugia|Lugia|100/100
|turn|9
|inactive|Bunrphenix has 120 seconds left.
|
|t:|1642352676
|move|p1a: Yveltal|Max Darkness|p2a: Lugia
|-supereffective|p2a: Lugia
|-damage|p2a: Lugia|36/100
|-unboost|p2a: Lugia|spd|1
|-damage|p1a: Yveltal|20/100|[from] item: Life Orb
|move|p2a: Lugia|Thunder Wave|p1a: Yveltal
|-status|p1a: Yveltal|par
|
|-end|p1a: Yveltal|Dynamax
|-heal|p1a: Yveltal|20/100 par|[silent]
|upkeep
|turn|10
|inactive|iHaveAsthma has 60 seconds left.
|
|t:|1642352701
|move|p2a: Lugia|Roost|p2a: Lugia
|-heal|p2a: Lugia|86/100
|-singleturn|p2a: Lugia|move: Roost
|cant|p1a: Yveltal|par
|
|upkeep
|turn|11
|inactive|Bunrphenix has 120 seconds left.
|
|t:|1642352743
|move|p2a: Lugia|Roost|p2a: Lugia
|-heal|p2a: Lugia|100/100
|-singleturn|p2a: Lugia|move: Roost
|move|p1a: Yveltal|Dark Pulse|p2a: Lugia
|-supereffective|p2a: Lugia
|-damage|p2a: Lugia|42/100
|-damage|p1a: Yveltal|10/100 par|[from] item: Life Orb
|
|upkeep
|turn|12
|inactive|iHaveAsthma has 60 seconds left.
|
|t:|1642352757
|move|p2a: Lugia|Roost|p2a: Lugia
|-heal|p2a: Lugia|92/100
|-singleturn|p2a: Lugia|move: Roost
|cant|p1a: Yveltal|par
|
|upkeep
|turn|13
|inactive|Bunrphenix has 90 seconds left.
|inactive|Bunrphenix has 60 seconds left.
|
|t:|1642352815
|switch|p2a: Groudon|Groudon|100/100
|detailschange|p2a: Groudon|Groudon-Primal
|-primal|p2a: Groudon
|-weather|DesolateLand|[from] ability: Desolate Land|[of] p2a: Groudon
|move|p1a: Yveltal|Knock Off|p2a: Groudon
|-damage|p2a: Groudon|73/100
|-damage|p1a: Yveltal|0 fnt|[from] item: Life Orb
|faint|p1a: Yveltal
|
|-weather|DesolateLand|[upkeep]
|upkeep
|inactive|Bunrphenix has 60 seconds left.
|
|t:|1642352826
|switch|p1a: Groudon|Groudon|100/100
|detailschange|p1a: Groudon|Groudon-Primal
|-primal|p1a: Groudon
|turn|14
|
|t:|1642352829
|move|p2a: Groudon|Earth Power|p1a: Groudon
|-supereffective|p1a: Groudon
|-damage|p1a: Groudon|8/100
|move|p1a: Groudon|Precipice Blades|p2a: Groudon
|-supereffective|p2a: Groudon
|-damage|p2a: Groudon|0 fnt
|faint|p2a: Groudon
|
|-weather|DesolateLand|[upkeep]
|upkeep
|
|t:|1642352838
|switch|p2a: Calyrex|Calyrex-Shadow|100/100
|-ability|p2a: Calyrex|As One
|-ability|p2a: Calyrex|Unnerve
|turn|15
|
|t:|1642352848
|move|p2a: Calyrex|Nasty Plot|p2a: Calyrex
|-boost|p2a: Calyrex|spa|2
|move|p1a: Groudon|Precipice Blades|p2a: Calyrex
|-enditem|p2a: Calyrex|Focus Sash
|-damage|p2a: Calyrex|1/100
|
|-weather|DesolateLand|[upkeep]
|upkeep
|turn|16
|inactive|iHaveAsthma has 90 seconds left.
|
|t:|1642352868
|move|p2a: Calyrex|Draining Kiss|p1a: Groudon
|-resisted|p1a: Groudon
|-damage|p1a: Groudon|0 fnt
|-heal|p2a: Calyrex|8/100|[from] drain|[of] p1a: Groudon
|faint|p1a: Groudon
|-weather|none
|-ability|p2a: Calyrex|Grim Neigh|boost
|-boost|p2a: Calyrex|spa|1
|
|upkeep
|
|t:|1642352872
|switch|p1a: Arceus|Arceus-Fairy|100/100
|turn|17
|
|t:|1642352875
|move|p2a: Calyrex|Astral Barrage|p1a: Arceus
|-damage|p1a: Arceus|4/100
|move|p1a: Arceus|Judgment|p2a: Calyrex
|-damage|p2a: Calyrex|0 fnt
|faint|p2a: Calyrex
|
|upkeep
|
|t:|1642352880
|switch|p2a: Arceus|Arceus-Flying|100/100
|turn|18
|
|t:|1642352885
|switch|p1a: Necrozma|Necrozma-Dusk-Mane|100/100
|move|p2a: Arceus|Swords Dance|p2a: Arceus
|-boost|p2a: Arceus|atk|2
|
|upkeep
|turn|19
|
|t:|1642352888
|move|p2a: Arceus|Swords Dance|p2a: Arceus
|-boost|p2a: Arceus|atk|2
|move|p1a: Necrozma|Swords Dance|p1a: Necrozma
|-boost|p1a: Necrozma|atk|2
|
|upkeep
|turn|20
|
|t:|1642352891
|-start|p2a: Arceus|Dynamax
|-heal|p2a: Arceus|100/100|[silent]
|move|p2a: Arceus|Max Airstream|p1a: Necrozma
|-resisted|p1a: Necrozma
|-damage|p1a: Necrozma|12/100
|-boost|p2a: Arceus|spe|1
|move|p1a: Necrozma|Trick Room|p1a: Necrozma
|-fieldstart|move: Trick Room|[of] p1a: Necrozma
|
|upkeep
|turn|21
|
|t:|1642352899
|move|p1a: Necrozma|Sunsteel Strike|p2a: Arceus
|-damage|p2a: Arceus|52/100
|move|p2a: Arceus|Max Airstream|p1a: Necrozma
|-resisted|p1a: Necrozma
|-damage|p1a: Necrozma|0 fnt
|-boost|p2a: Arceus|spe|1
|faint|p1a: Necrozma
|
|upkeep
|
|t:|1642352906
|switch|p1a: Arceus|Arceus-Fairy|4/100
|turn|22
|
|t:|1642352917
|move|p2a: Arceus|Max Guard|p2a: Arceus
|-singleturn|p2a: Arceus|Max Guard
|move|p1a: Arceus|Will-O-Wisp|p2a: Arceus
|-activate|p2a: Arceus|move: Max Guard
|
|-end|p2a: Arceus|Dynamax
|-heal|p2a: Arceus|52/100|[silent]
|upkeep
|turn|23
|
|t:|1642352924
|switch|p2a: Lugia|Lugia|92/100
|move|p1a: Arceus|Will-O-Wisp|p2a: Lugia|[miss]
|-miss|p1a: Arceus|p2a: Lugia
|
|upkeep
|turn|24
|
|t:|1642352928
|move|p2a: Lugia|Thunder Wave|p1a: Arceus
|-status|p1a: Arceus|par
|move|p1a: Arceus|Recover|p1a: Arceus
|-heal|p1a: Arceus|54/100 par
|
|-fieldend|move: Trick Room
|upkeep
|turn|25
|
|t:|1642352934
|switch|p2a: Arceus|Arceus-Flying|52/100
|move|p1a: Arceus|Will-O-Wisp|p2a: Arceus
|-status|p2a: Arceus|brn
|
|-damage|p2a: Arceus|46/100 brn|[from] brn
|upkeep
|turn|26
|
|t:|1642352940
|move|p2a: Arceus|Swords Dance|p2a: Arceus
|-boost|p2a: Arceus|atk|2
|move|p1a: Arceus|Judgment|p2a: Arceus
|-damage|p2a: Arceus|14/100 brn
|
|-damage|p2a: Arceus|8/100 brn|[from] brn
|upkeep
|turn|27
|
|t:|1642352944
|move|p2a: Arceus|Recover|p2a: Arceus
|-heal|p2a: Arceus|58/100 brn
|move|p1a: Arceus|Recover|p1a: Arceus
|-heal|p1a: Arceus|100/100 par
|
|-damage|p2a: Arceus|52/100 brn|[from] brn
|upkeep
|turn|28
|
|t:|1642352951
|switch|p1a: Xerneas|Xerneas|100/100
|-ability|p1a: Xerneas|Fairy Aura
|move|p2a: Arceus|Swords Dance|p2a: Arceus
|-boost|p2a: Arceus|atk|2
|
|-damage|p2a: Arceus|46/100 brn|[from] brn
|upkeep
|turn|29
|
|t:|1642352956
|move|p2a: Arceus|Fly||[still]
|-prepare|p2a: Arceus|Fly
|move|p1a: Xerneas|Geomancy||[still]
|-prepare|p1a: Xerneas|Geomancy
|-enditem|p1a: Xerneas|Power Herb
|-anim|p1a: Xerneas|Geomancy|p1a: Xerneas
|-boost|p1a: Xerneas|spa|2
|-boost|p1a: Xerneas|spd|2
|-boost|p1a: Xerneas|spe|2
|
|-damage|p2a: Arceus|40/100 brn|[from] brn
|upkeep
|turn|30
|
|t:|1642352960
|move|p1a: Xerneas|Substitute|p1a: Xerneas
|-start|p1a: Xerneas|Substitute
|-damage|p1a: Xerneas|76/100
|move|p2a: Arceus|Fly|p1a: Xerneas|[from]lockedmove
|-end|p1a: Xerneas|Substitute
|
|-damage|p2a: Arceus|34/100 brn|[from] brn
|upkeep
|turn|31
|-message|iHaveAsthma forfeited.
|
|win|Bunrphenix
|raw|Bunrphenix's rating: 1627 &rarr; <strong>1660</strong><br />(+33 for winning)
|raw|iHaveAsthma's rating: 1891 &rarr; <strong>1858</strong><br />(-33 for losing)
|l|☆iHaveAsthma
