|j|☆Fartconsumer
|j|☆Skottles
|player|p1|Fartconsumer|87|1647
|player|p2|Skottles|170|1345
|teamsize|p1|6
|teamsize|p2|6
|gametype|singles
|gen|8
|tier|[Gen 8] National Dex AG
|rated|
|clearpoke
|poke|p1|Groudon|
|poke|p1|Rayquaza|
|poke|p1|Ho-Oh|
|poke|p1|Yveltal|
|poke|p1|Zacian-*|
|poke|p1|Necrozma-Dusk-Mane|
|poke|p2|Xerneas|
|poke|p2|Zacian-*|
|poke|p2|Ditto|
|poke|p2|Ho-Oh|
|poke|p2|Necrozma-Dusk-Mane|
|poke|p2|Rayquaza|
|rule|HP Percentage Mod: HP is shown in percentages
|rule|Endless Battle Clause: Forcing endless battles is banned
|teampreview
|
|start
|switch|p1a: Yveltal|Yveltal|100/100
|switch|p2a: Ho-Oh|Ho-Oh|100/100
|-ability|p1a: Yveltal|Dark Aura
|turn|1
|
|switch|p1a: Ho-Oh|Ho-Oh|100/100
|move|p2a: Ho-Oh|Toxic|p1a: Ho-Oh|[miss]
|-miss|p2a: Ho-Oh|p1a: Ho-Oh
|
|upkeep
|turn|2
|
|move|p2a: Ho-Oh|Toxic|p1a: Ho-Oh
|-status|p1a: Ho-Oh|tox
|move|p1a: Ho-Oh|Toxic|p2a: Ho-Oh
|-status|p2a: Ho-Oh|tox
|
|-damage|p2a: Ho-Oh|94/100 tox|[from] psn
|-damage|p1a: Ho-Oh|94/100 tox|[from] psn
|upkeep
|turn|3
|
|switch|p1a: Necrozma|Necrozma-Dusk-Mane|100/100
|move|p2a: Ho-Oh|Brave Bird|p1a: Necrozma
|-resisted|p1a: Necrozma
|-damage|p1a: Necrozma|76/100
|-damage|p2a: Ho-Oh|86/100 tox|[from] Recoil
|
|-heal|p1a: Necrozma|82/100|[from] item: Leftovers
|-damage|p2a: Ho-Oh|74/100 tox|[from] psn
|upkeep
|turn|4
|
|move|p2a: Ho-Oh|Sacred Fire|p1a: Necrozma
|-supereffective|p1a: Necrozma
|-damage|p1a: Necrozma|24/100
|-status|p1a: Necrozma|brn
|move|p1a: Necrozma|Stealth Rock|p2a: Ho-Oh
|-sidestart|p2: Skottles|move: Stealth Rock
|
|-heal|p1a: Necrozma|30/100 brn|[from] item: Leftovers
|-damage|p2a: Ho-Oh|56/100 tox|[from] psn
|-damage|p1a: Necrozma|24/100 brn|[from] brn
|upkeep
|turn|5
|
|switch|p2a: Zacian|Zacian-Crowned|100/100
|-damage|p2a: Zacian|94/100|[from] Stealth Rock
|-ability|p2a: Zacian|Intrepid Sword|boost
|-boost|p2a: Zacian|atk|1
|switch|p1a: Groudon|Groudon|100/100
|detailschange|p1a: Groudon|Groudon-Primal
|-primal|p1a: Groudon
|-weather|DesolateLand|[from] ability: Desolate Land|[of] p1a: Groudon
|
|-weather|DesolateLand|[upkeep]
|upkeep
|turn|6
|
|move|p2a: Zacian|Close Combat|p1a: Groudon
|-damage|p1a: Groudon|51/100
|-unboost|p2a: Zacian|def|1
|-unboost|p2a: Zacian|spd|1
|move|p1a: Groudon|Rock Slide|p2a: Zacian
|-resisted|p2a: Zacian
|-damage|p2a: Zacian|73/100
|
|-weather|DesolateLand|[upkeep]
|upkeep
|turn|7
|
|move|p2a: Zacian|Close Combat|p1a: Groudon
|-damage|p1a: Groudon|0 fnt
|-unboost|p2a: Zacian|def|1
|-unboost|p2a: Zacian|spd|1
|faint|p1a: Groudon
|-weather|none
|
|upkeep
|
|switch|p1a: Ho-Oh|Ho-Oh|100/100 tox
|turn|8
|
|move|p2a: Zacian|Behemoth Blade|p1a: Ho-Oh
|-resisted|p1a: Ho-Oh
|-damage|p1a: Ho-Oh|67/100 tox
|move|p1a: Ho-Oh|Sacred Fire|p2a: Zacian|[miss]
|-miss|p1a: Ho-Oh|p2a: Zacian
|
|-damage|p1a: Ho-Oh|61/100 tox|[from] psn
|upkeep
|turn|9
|
|switch|p2a: Ho-Oh|Ho-Oh|89/100 tox
|move|p1a: Ho-Oh|Sacred Fire|p2a: Ho-Oh
|-resisted|p2a: Ho-Oh
|-damage|p2a: Ho-Oh|69/100 tox
|
|-damage|p2a: Ho-Oh|63/100 tox|[from] psn
|-damage|p1a: Ho-Oh|49/100 tox|[from] psn
|upkeep
|turn|10
|
|switch|p1a: Necrozma|Necrozma-Dusk-Mane|24/100 brn
|move|p2a: Ho-Oh|Recover|p2a: Ho-Oh
|-heal|p2a: Ho-Oh|100/100 tox
|
|-heal|p1a: Necrozma|30/100 brn|[from] item: Leftovers
|-damage|p2a: Ho-Oh|88/100 tox|[from] psn
|-damage|p1a: Necrozma|24/100 brn|[from] brn
|upkeep
|turn|11
|
|move|p2a: Ho-Oh|Sacred Fire|p1a: Necrozma
|-supereffective|p1a: Necrozma
|-damage|p1a: Necrozma|0 fnt
|faint|p1a: Necrozma
|
|-damage|p2a: Ho-Oh|70/100 tox|[from] psn
|upkeep
|
|switch|p1a: Zacian|Zacian-Crowned|100/100
|-ability|p1a: Zacian|Intrepid Sword|boost
|-boost|p1a: Zacian|atk|1
|turn|12
|
|move|p1a: Zacian|Wild Charge|p2a: Ho-Oh
|-supereffective|p2a: Ho-Oh
|-damage|p2a: Ho-Oh|0 fnt
|-damage|p1a: Zacian|80/100|[from] Recoil
|faint|p2a: Ho-Oh
|
|upkeep
|
|switch|p2a: Ditto|Ditto|100/100
|-damage|p2a: Ditto|88/100|[from] Stealth Rock
|-transform|p2a: Ditto|p1a: Zacian|[from] ability: Imposter
|-ability|p2a: Ditto|Intrepid Sword|boost
|-boost|p2a: Ditto|atk|1
|turn|13
|
|switch|p1a: Ho-Oh|Ho-Oh|82/100 tox
|move|p2a: Ditto|Behemoth Blade|p1a: Ho-Oh
|-resisted|p1a: Ho-Oh
|-damage|p1a: Ho-Oh|43/100 tox
|
|-damage|p1a: Ho-Oh|37/100 tox|[from] psn
|upkeep
|turn|14
|
|move|p2a: Ditto|Behemoth Blade|p1a: Ho-Oh
|-resisted|p1a: Ho-Oh
|-crit|p1a: Ho-Oh
|-damage|p1a: Ho-Oh|0 fnt
|faint|p1a: Ho-Oh
|
|upkeep
|
|switch|p1a: Yveltal|Yveltal|100/100
|-ability|p1a: Yveltal|Dark Aura
|turn|15
|
|-start|p1a: Yveltal|Dynamax
|-heal|p1a: Yveltal|100/100|[silent]
|move|p2a: Ditto|Behemoth Blade|p1a: Yveltal
|-damage|p1a: Yveltal|0 fnt
|faint|p1a: Yveltal
|
|upkeep
|
|switch|p1a: Rayquaza|Rayquaza|100/100
|-ability|p1a: Rayquaza|Air Lock
|turn|16
|
|detailschange|p1a: Rayquaza|Rayquaza-Mega
|-mega|p1a: Rayquaza|Rayquaza|
|-weather|DeltaStream|[from] ability: Delta Stream|[of] p1a: Rayquaza
|move|p2a: Ditto|Behemoth Blade|p1a: Rayquaza
|-damage|p1a: Rayquaza|0 fnt
|faint|p1a: Rayquaza
|-weather|none
|
|upkeep
|-message|Fartconsumer forfeited.
|
|win|Skottles
|l|☆Fartconsumer
|raw|Fartconsumer's rating: 1647 &rarr; <strong>1614</strong><br />(-33 for losing)
|raw|Skottles's rating: 1358 &rarr; <strong>1391</strong><br />(+33 for winning)
