|j|☆dxEcksDeexb
|j|☆iiOptical Freeze
|player|p1|dxEcksDeexb|cynthia|1438
|player|p2|iiOptical Freeze|265|1395
|teamsize|p1|6
|teamsize|p2|6
|gametype|singles
|gen|8
|tier|[Gen 8] National Dex AG
|rated|
|clearpoke
|poke|p1|Zacian-*|
|poke|p1|Ho-Oh|
|poke|p1|Arceus-*|
|poke|p1|Kyogre|
|poke|p1|Necrozma-Dusk-Mane|
|poke|p1|Zekrom|
|poke|p2|Rayquaza|
|poke|p2|Smeargle, F|
|poke|p2|Marshadow|
|poke|p2|Xerneas|
|poke|p2|Necrozma-Dusk-Mane|
|poke|p2|Kyogre|
|rule|HP Percentage Mod: HP is shown in percentages
|rule|Endless Battle Clause: Forcing endless battles is banned
|teampreview
|inactive|Battle timer is ON: inactive players will automatically lose when time's up. (requested by iiOptical Freeze)
|
|start
|switch|p1a: Zekrom|Zekrom|100/100
|switch|p2a: Smeargle|Smeargle, F, shiny|100/100
|-ability|p1a: Zekrom|Teravolt
|turn|1
|
|move|p1a: Zekrom|Substitute|p1a: Zekrom
|-start|p1a: Zekrom|Substitute
|-damage|p1a: Zekrom|76/100
|move|p2a: Smeargle|Spore||[still]
|-fail|p2a: Smeargle
|
|-ability|p2a: Smeargle|Moody|boost
|-boost|p2a: Smeargle|spe|2
|-unboost|p2a: Smeargle|spd|1
|upkeep
|turn|2
|
|move|p2a: Smeargle|Shell Smash|p2a: Smeargle
|-unboost|p2a: Smeargle|def|1
|-unboost|p2a: Smeargle|spd|1
|-boost|p2a: Smeargle|atk|2
|-boost|p2a: Smeargle|spa|2
|-boost|p2a: Smeargle|spe|2
|move|p1a: Zekrom|Fusion Bolt|p2a: Smeargle
|-enditem|p2a: Smeargle|Focus Sash
|-damage|p2a: Smeargle|1/100
|-damage|p1a: Zekrom|66/100|[from] item: Life Orb
|
|-ability|p2a: Smeargle|Moody|boost
|-boost|p2a: Smeargle|spe|2
|-unboost|p2a: Smeargle|def|1
|upkeep
|turn|3
|
|move|p2a: Smeargle|Baton Pass|p2a: Smeargle
|
|switch|p2a: Rayquaza|Rayquaza|100/100|[from]move: Baton Pass
|-ability|p2a: Rayquaza|Air Lock
|move|p1a: Zekrom|Fusion Bolt|p2a: Rayquaza
|-enditem|p2a: Rayquaza|Focus Sash
|-damage|p2a: Rayquaza|1/100
|-damage|p1a: Zekrom|56/100|[from] item: Life Orb
|
|upkeep
|turn|4
|
|detailschange|p2a: Rayquaza|Rayquaza-Mega
|-mega|p2a: Rayquaza|Rayquaza|
|-weather|DeltaStream|[from] ability: Delta Stream|[of] p2a: Rayquaza
|move|p2a: Rayquaza|Dragon Ascent|p1a: Zekrom
|-resisted|p1a: Zekrom
|-end|p1a: Zekrom|Substitute
|-unboost|p2a: Rayquaza|def|1
|-unboost|p2a: Rayquaza|spd|1
|move|p1a: Zekrom|Fusion Bolt|p2a: Rayquaza
|-activate||deltastream
|-resisted|p2a: Rayquaza
|-damage|p2a: Rayquaza|0 fnt
|-damage|p1a: Zekrom|46/100|[from] item: Life Orb
|faint|p2a: Rayquaza
|-weather|none
|
|upkeep
|inactive|iiOptical Freeze has 120 seconds left.
|
|switch|p2a: Necrozma|Necrozma-Dusk-Mane|100/100
|turn|5
|
|switch|p1a: Arceus|Arceus-Ground|100/100
|move|p2a: Necrozma|Trick Room|p2a: Necrozma
|-fieldstart|move: Trick Room|[of] p2a: Necrozma
|
|upkeep
|turn|6
|inactive|iiOptical Freeze has 120 seconds left.
|
|move|p2a: Necrozma|Photon Geyser|p1a: Arceus
|-damage|p1a: Arceus|70/100
|move|p1a: Arceus|Stealth Rock|p2a: Necrozma
|-sidestart|p2: iiOptical Freeze|move: Stealth Rock
|
|upkeep
|turn|7
|
|move|p2a: Necrozma|Photon Geyser|p1a: Arceus
|-damage|p1a: Arceus|42/100
|move|p1a: Arceus|Recover|p1a: Arceus
|-heal|p1a: Arceus|92/100
|
|upkeep
|turn|8
|
|-start|p2a: Necrozma|Dynamax
|-heal|p2a: Necrozma|100/100|[silent]
|move|p2a: Necrozma|Max Mindstorm|p1a: Arceus
|-damage|p1a: Arceus|65/100
|-fieldstart|move: Psychic Terrain
|move|p1a: Arceus|Recover|p1a: Arceus
|-heal|p1a: Arceus|100/100
|
|upkeep
|turn|9
|inactive|iiOptical Freeze has 120 seconds left.
|
|-start|p1a: Arceus|Dynamax
|-heal|p1a: Arceus|100/100|[silent]
|move|p2a: Necrozma|Max Mindstorm|p1a: Arceus
|-damage|p1a: Arceus|82/100
|move|p1a: Arceus|Max Quake|p2a: Necrozma
|-supereffective|p2a: Necrozma
|-damage|p2a: Necrozma|70/100
|-enditem|p2a: Necrozma|Weakness Policy
|-boost|p2a: Necrozma|atk|2
|-boost|p2a: Necrozma|spa|2
|-boost|p1a: Arceus|spd|1
|
|-fieldend|move: Trick Room
|upkeep
|turn|10
|inactive|iiOptical Freeze has 120 seconds left.
|
|move|p1a: Arceus|Max Quake|p2a: Necrozma
|-supereffective|p2a: Necrozma
|-damage|p2a: Necrozma|36/100
|-boost|p1a: Arceus|spd|1
|move|p2a: Necrozma|Max Mindstorm|p1a: Arceus
|-damage|p1a: Arceus|62/100
|
|-end|p2a: Necrozma|Dynamax
|-heal|p2a: Necrozma|36/100|[silent]
|upkeep
|turn|11
|
|move|p1a: Arceus|Max Quake|p2a: Necrozma
|-supereffective|p2a: Necrozma
|-damage|p2a: Necrozma|0 fnt
|-boost|p1a: Arceus|spd|1
|faint|p2a: Necrozma
|
|-end|p1a: Arceus|Dynamax
|-heal|p1a: Arceus|62/100|[silent]
|upkeep
|
|switch|p2a: Smeargle|Smeargle, F, shiny|1/100
|-damage|p2a: Smeargle|0 fnt|[from] Stealth Rock
|faint|p2a: Smeargle
|
|switch|p2a: Xerneas|Xerneas|100/100
|-damage|p2a: Xerneas|88/100|[from] Stealth Rock
|-ability|p2a: Xerneas|Fairy Aura
|turn|12
|
|move|p1a: Arceus|Toxic|p2a: Xerneas
|-status|p2a: Xerneas|tox
|move|p2a: Xerneas|Geomancy||[still]
|-prepare|p2a: Xerneas|Geomancy|p2a: Xerneas
|-enditem|p2a: Xerneas|Power Herb
|-anim|p2a: Xerneas|Geomancy|p2a: Xerneas
|-boost|p2a: Xerneas|spa|2
|-boost|p2a: Xerneas|spd|2
|-boost|p2a: Xerneas|spe|2
|
|-damage|p2a: Xerneas|82/100 tox|[from] psn
|-fieldend|move: Psychic Terrain
|upkeep
|turn|13
|
|move|p2a: Xerneas|Moonblast|p1a: Arceus
|-damage|p1a: Arceus|22/100
|-unboost|p1a: Arceus|spa|1
|move|p1a: Arceus|Recover|p1a: Arceus
|-heal|p1a: Arceus|72/100
|
|-damage|p2a: Xerneas|70/100 tox|[from] psn
|upkeep
|turn|14
|
|move|p2a: Xerneas|Moonblast|p1a: Arceus
|-damage|p1a: Arceus|34/100
|-unboost|p1a: Arceus|spa|1
|move|p1a: Arceus|Recover|p1a: Arceus
|-heal|p1a: Arceus|84/100
|
|-damage|p2a: Xerneas|51/100 tox|[from] psn
|upkeep
|turn|15
|
|move|p2a: Xerneas|Moonblast|p1a: Arceus
|-damage|p1a: Arceus|46/100
|-unboost|p1a: Arceus|spa|1
|move|p1a: Arceus|Recover|p1a: Arceus
|-heal|p1a: Arceus|96/100
|
|-damage|p2a: Xerneas|27/100 tox|[from] psn
|upkeep
|turn|16
|
|move|p2a: Xerneas|Moonblast|p1a: Arceus
|-damage|p1a: Arceus|56/100
|-unboost|p1a: Arceus|spa|1
|move|p1a: Arceus|Recover|p1a: Arceus
|-heal|p1a: Arceus|100/100
|
|-damage|p2a: Xerneas|0 fnt|[from] psn
|faint|p2a: Xerneas
|upkeep
|-message|iiOptical Freeze forfeited.
|
|win|dxEcksDeexb
|l|☆iiOptical Freeze
||Ladder (probably) updated, but score could not be retrieved (Response not received).
