|j|☆iHaveAsthma
|j|☆Tahz
|t:|1665662209
|gametype|singles
|player|p1|iHaveAsthma|doctor|1845
|player|p2|Tahz|veteran|1704
|teamsize|p1|6
|teamsize|p2|6
|gen|8
|tier|[Gen 8] National Dex AG
|rated|
|rule|HP Percentage Mod: HP is shown in percentages
|rule|Endless Battle Clause: Forcing endless battles is banned
|clearpoke
|poke|p1|Rayquaza|
|poke|p1|Groudon|
|poke|p1|Arceus-*|
|poke|p1|Arceus-*|
|poke|p1|Tyranitar, F|
|poke|p1|Lugia|
|poke|p2|Zygarde|
|poke|p2|Chansey, F|
|poke|p2|Necrozma-Dusk-Mane|
|poke|p2|Yveltal|
|poke|p2|Arceus-*|
|poke|p2|Ferrothorn, F|
|teampreview
|inactive|Battle timer is ON: inactive players will automatically lose when time's up. (requested by Tahz)
|c|☆Tahz|ah shit
|j| Swamp Water
|l| Swamp Water
|
|t:|1665662239
|start
|switch|p1a: Groudon|Groudon|100/100
|switch|p2a: Flare HQ|Yveltal, shiny|100/100
|-ability|p2a: Flare HQ|Dark Aura
|detailschange|p1a: Groudon|Groudon-Primal
|-primal|p1a: Groudon
|-weather|DesolateLand|[from] ability: Desolate Land|[of] p1a: Groudon
|turn|1
|c|☆Tahz|why have i matched up with a 1845
|
|t:|1665662246
|-weather|none
|switch|p1a: Tyranitar|Tyranitar, F|100/100
|-weather|Sandstorm|[from] ability: Sand Stream|[of] p1a: Tyranitar
|move|p2a: Flare HQ|Foul Play|p1a: Tyranitar
|-resisted|p1a: Tyranitar
|-damage|p1a: Tyranitar|81/100
|
|-weather|Sandstorm|[upkeep]
|-damage|p2a: Flare HQ|94/100|[from] Sandstorm
|-heal|p1a: Tyranitar|87/100|[from] item: Leftovers
|upkeep
|turn|2
|c|☆iHaveAsthma|maybe cause you're good?
|
|t:|1665662251
|move|p2a: Flare HQ|U-turn|p1a: Tyranitar
|-supereffective|p1a: Tyranitar
|-damage|p1a: Tyranitar|60/100
|c|☆Tahz|i am ass lmao
|
|t:|1665662259
|switch|p2a: Terminus Cave|Zygarde, shiny|100/100|[from]move: U-turn
|move|p1a: Tyranitar|Rock Tomb|p2a: Terminus Cave|[miss]
|-miss|p1a: Tyranitar|p2a: Terminus Cave
|
|-weather|Sandstorm|[upkeep]
|-heal|p1a: Tyranitar|66/100|[from] item: Leftovers
|upkeep
|turn|3
|
|t:|1665662267
|switch|p1a: Groudon|Groudon-Primal|100/100
|-weather|DesolateLand|[from] ability: Desolate Land|[of] p1a: Groudon
|move|p2a: Terminus Cave|Glare|p1a: Groudon
|-status|p1a: Groudon|par
|
|-weather|DesolateLand|[upkeep]
|upkeep
|turn|4
|
|t:|1665662273
|move|p2a: Terminus Cave|Thousand Arrows|p1a: Groudon
|-supereffective|p1a: Groudon
|-damage|p1a: Groudon|61/100 par
|move|p1a: Groudon|Toxic|p2a: Terminus Cave|[miss]
|-miss|p1a: Groudon|p2a: Terminus Cave
|
|-weather|DesolateLand|[upkeep]
|upkeep
|turn|5
|
|t:|1665662279
|move|p2a: Terminus Cave|Thousand Arrows|p1a: Groudon
|-supereffective|p1a: Groudon
|-damage|p1a: Groudon|20/100 par
|move|p1a: Groudon|Toxic|p2a: Terminus Cave
|-status|p2a: Terminus Cave|tox
|
|-weather|DesolateLand|[upkeep]
|-damage|p2a: Terminus Cave|94/100 tox|[from] psn
|upkeep
|turn|6
|
|t:|1665662282
|move|p2a: Terminus Cave|Thousand Arrows|p1a: Groudon
|-supereffective|p1a: Groudon
|-damage|p1a: Groudon|0 fnt
|faint|p1a: Groudon
|-weather|none
|
|-damage|p2a: Terminus Cave|82/100 tox|[from] psn
|upkeep
|
|t:|1665662287
|switch|p1a: Rayquaza|Rayquaza|100/100
|-ability|p1a: Rayquaza|Air Lock
|turn|7
|
|t:|1665662290
|detailschange|p1a: Rayquaza|Rayquaza-Mega
|-mega|p1a: Rayquaza|Rayquaza|
|-weather|DeltaStream|[from] ability: Delta Stream|[of] p1a: Rayquaza
|move|p1a: Rayquaza|Scale Shot|p2a: Terminus Cave
|-supereffective|p2a: Terminus Cave
|-damage|p2a: Terminus Cave|64/100 tox
|-supereffective|p2a: Terminus Cave
|-damage|p2a: Terminus Cave|44/100 tox
|-supereffective|p2a: Terminus Cave
|-damage|p2a: Terminus Cave|24/100 tox
|-supereffective|p2a: Terminus Cave
|-damage|p2a: Terminus Cave|3/100 tox
|-hitcount|p2a: Terminus Cave|4
|-unboost|p1a: Rayquaza|def|1
|-boost|p1a: Rayquaza|spe|1
|move|p2a: Terminus Cave|Rest|p2a: Terminus Cave
|-status|p2a: Terminus Cave|slp|[from] move: Rest
|-heal|p2a: Terminus Cave|100/100 slp|[silent]
|
|-weather|DeltaStream|[upkeep]
|upkeep
|turn|8
|
|t:|1665662301
|switch|p2a: Altar Of The Sunne|Necrozma-Dusk-Mane|100/100
|move|p1a: Rayquaza|Scale Shot|p2a: Altar Of The Sunne|[miss]
|-miss|p1a: Rayquaza|p2a: Altar Of The Sunne
|
|-weather|DeltaStream|[upkeep]
|upkeep
|turn|9
|
|t:|1665662308
|-weather|none
|switch|p1a: Arceus|Arceus-Ground|100/100
|move|p2a: Altar Of The Sunne|Knock Off|p1a: Arceus
|-damage|p1a: Arceus|89/100
|
|upkeep
|turn|10
|
|t:|1665662313
|move|p1a: Arceus|Judgment|p2a: Altar Of The Sunne
|-supereffective|p2a: Altar Of The Sunne
|-damage|p2a: Altar Of The Sunne|42/100
|move|p2a: Altar Of The Sunne|Stealth Rock|p1a: Arceus
|-sidestart|p1: iHaveAsthma|move: Stealth Rock
|
|upkeep
|turn|11
|
|t:|1665662317
|switch|p2a: Honeycalm Island|Chansey, F, shiny|100/100
|move|p1a: Arceus|Judgment|p2a: Honeycalm Island
|-damage|p2a: Honeycalm Island|87/100
|
|upkeep
|turn|12
|
|t:|1665662324
|switch|p1a: Lugia|Lugia|100/100
|move|p2a: Honeycalm Island|Wish|p2a: Honeycalm Island
|
|upkeep
|turn|13
|
|t:|1665662330
|move|p1a: Lugia|Defog|p2a: Honeycalm Island
|-unboost|p2a: Honeycalm Island|evasion|1
|-sideend|p1: iHaveAsthma|Stealth Rock|[from] move: Defog|[of] p1a: Lugia
|move|p2a: Honeycalm Island|Aromatherapy|p2a: Honeycalm Island
|-activate|p2a: Honeycalm Island|move: Aromatherapy
|-curestatus|p2: Terminus Cave|slp|[msg]
|
|-heal|p2a: Honeycalm Island|100/100|[from] move: Wish|[wisher] Honeycalm Island
|upkeep
|turn|14
|
|t:|1665662339
|switch|p1a: Arceus|Arceus-Flying|100/100
|move|p2a: Honeycalm Island|Wish|p2a: Honeycalm Island
|
|upkeep
|turn|15
|
|t:|1665662348
|move|p1a: Arceus|Swords Dance|p1a: Arceus
|-boost|p1a: Arceus|atk|2
|move|p2a: Honeycalm Island|Confide|p1a: Arceus
|-unboost|p1a: Arceus|spa|1
|
|upkeep
|turn|16
|
|t:|1665662351
|switch|p2a: Terminus Cave|Zygarde, shiny|100/100
|move|p1a: Arceus|Swords Dance|p1a: Arceus
|-boost|p1a: Arceus|atk|2
|
|upkeep
|turn|17
|
|t:|1665662353
|-start|p1a: Arceus|Dynamax|
|-heal|p1a: Arceus|100/100|[silent]
|move|p1a: Arceus|Max Airstream|p2a: Terminus Cave
|-damage|p2a: Terminus Cave|0 fnt
|-boost|p1a: Arceus|spe|1
|faint|p2a: Terminus Cave
|
|upkeep
|
|t:|1665662381
|switch|p2a: Dusty Bowl|Ferrothorn, F|100/100
|turn|18
|
|t:|1665662387
|switch|p2a: Hall Of Origin|Arceus-Rock|100/100
|move|p1a: Arceus|Max Airstream|p2a: Hall Of Origin
|-resisted|p2a: Hall Of Origin
|-damage|p2a: Hall Of Origin|30/100
|-boost|p1a: Arceus|spe|1
|
|upkeep
|turn|19
|
|t:|1665662392
|move|p1a: Arceus|Max Quake|p2a: Hall Of Origin
|-supereffective|p2a: Hall Of Origin
|-damage|p2a: Hall Of Origin|0 fnt
|-boost|p1a: Arceus|spd|1
|faint|p2a: Hall Of Origin
|
|upkeep
|
|t:|1665662396
|switch|p2a: Flare HQ|Yveltal, shiny|94/100
|-ability|p2a: Flare HQ|Dark Aura
|-end|p1a: Arceus|Dynamax
|-heal|p1a: Arceus|100/100|[silent]
|turn|20
|
|t:|1665662422
|move|p1a: Arceus|Fly||[still]
|-prepare|p1a: Arceus|Fly
|move|p2a: Flare HQ|Foul Play|p1a: Arceus|[miss]
|-miss|p2a: Flare HQ|p1a: Arceus
|
|upkeep
|turn|21
|
|t:|1665662431
|switch|p2a: Altar Of The Sunne|Necrozma-Dusk-Mane|42/100
|move|p1a: Arceus|Fly|p2a: Altar Of The Sunne|[from]lockedmove
|-resisted|p2a: Altar Of The Sunne
|-damage|p2a: Altar Of The Sunne|0 fnt
|-damage|p1a: Arceus|84/100|[from] item: Rocky Helmet|[of] p2a: Altar Of The Sunne
|faint|p2a: Altar Of The Sunne
|
|upkeep
|
|t:|1665662434
|switch|p2a: Flare HQ|Yveltal, shiny|94/100
|-ability|p2a: Flare HQ|Dark Aura
|turn|22
|j| mjnjkalijij
|inactive|iHaveAsthma has 120 seconds left.
|
|t:|1665662484
|move|p2a: Flare HQ|Sucker Punch|p1a: Arceus
|-damage|p1a: Arceus|56/100
|move|p1a: Arceus|Fly||[still]
|-prepare|p1a: Arceus|Fly
|
|upkeep
|turn|23
|
|t:|1665662500
|switch|p2a: Dusty Bowl|Ferrothorn, F|100/100
|move|p1a: Arceus|Fly|p2a: Dusty Bowl|[from]lockedmove
|-damage|p2a: Dusty Bowl|0 fnt
|-damage|p1a: Arceus|44/100|[from] ability: Iron Barbs|[of] p2a: Dusty Bowl
|faint|p2a: Dusty Bowl
|
|upkeep
|
|t:|1665662502
|switch|p2a: Flare HQ|Yveltal, shiny|94/100
|-ability|p2a: Flare HQ|Dark Aura
|turn|24
|
|t:|1665662509
|move|p2a: Flare HQ|Sucker Punch||[still]
|-fail|p2a: Flare HQ
|move|p1a: Arceus|Recover|p1a: Arceus
|-heal|p1a: Arceus|94/100
|
|upkeep
|turn|25
|
|t:|1665662512
|move|p1a: Arceus|Fly||[still]
|-prepare|p1a: Arceus|Fly
|move|p2a: Flare HQ|Foul Play|p1a: Arceus|[miss]
|-miss|p2a: Flare HQ|p1a: Arceus
|
|upkeep
|turn|26
|
|t:|1665662515
|move|p1a: Arceus|Fly|p2a: Flare HQ|[from]lockedmove
|-damage|p2a: Flare HQ|0 fnt
|faint|p2a: Flare HQ
|
|upkeep
|c|☆iHaveAsthma|gg wp
|c|☆Tahz|gg wp
|c|☆Tahz|ik it sounds weird but can i get your team
|c|☆Tahz|looks similar to my play style
|c|☆iHaveAsthma|hahaha
|c|☆Tahz|i was experimenting with stall
|inactive|Tahz has 120 seconds left.
|
|t:|1665662547
|switch|p2a: Honeycalm Island|Chansey, F, shiny|100/100
|turn|27
|c|☆iHaveAsthma|I'll give you everything other than Arc flying and ground
|c|☆Tahz|alr
|inactive|Tahz has 120 seconds left.
|c|☆Tahz|i mean air and ground are kinda easy to guess
|
|t:|1665662574
|-start|p2a: Honeycalm Island|Dynamax|
|-heal|p2a: Honeycalm Island|100/100|[silent]
|move|p2a: Honeycalm Island|Max Guard|p2a: Honeycalm Island
|-singleturn|p2a: Honeycalm Island|Max Guard
|move|p1a: Arceus|Fly||[still]
|-prepare|p1a: Arceus|Fly
|
|upkeep
|turn|28
|c|☆iHaveAsthma|yep
|
|t:|1665662578
|move|p2a: Honeycalm Island|Max Guard||[still]
|-fail|p2a: Honeycalm Island
|move|p1a: Arceus|Fly|p2a: Honeycalm Island|[from]lockedmove
|-damage|p2a: Honeycalm Island|34/100
|
|upkeep
|turn|29
|
|t:|1665662583
|move|p2a: Honeycalm Island|Max Guard|p2a: Honeycalm Island
|-singleturn|p2a: Honeycalm Island|Max Guard
|move|p1a: Arceus|Swords Dance|p1a: Arceus
|-boost|p1a: Arceus|atk|2
|
|upkeep
|-end|p2a: Honeycalm Island|Dynamax
|-heal|p2a: Honeycalm Island|34/100|[silent]
|turn|30
|
|t:|1665662586
|move|p1a: Arceus|Earthquake|p2a: Honeycalm Island
|-crit|p2a: Honeycalm Island
|-damage|p2a: Honeycalm Island|0 fnt
|faint|p2a: Honeycalm Island
|
|win|iHaveAsthma
|raw|iHaveAsthma's rating: 1845 &rarr; <strong>1857</strong><br />(+12 for winning)
|raw|Tahz's rating: 1704 &rarr; <strong>1692</strong><br />(-12 for losing)
|l|☆iHaveAsthma
|l| mjnjkalijij
|c|☆Tahz|gg
|l|☆Tahz
|j|☆Tahz
|player|p2|Tahz|veteran
