|j|☆austinstinks
|j|☆Da1mon!
|t:|1668271740
|gametype|singles
|player|p1|austinstinks|cynthia-gen4|1557
|player|p2|Da1mon!|cynthia-masters|1566
|teamsize|p1|6
|teamsize|p2|6
|gen|8
|tier|[Gen 8] National Dex AG
|rated|
|rule|HP Percentage Mod: HP is shown in percentages
|rule|Endless Battle Clause: Forcing endless battles is banned
|clearpoke
|poke|p1|Smeargle, M|
|poke|p1|Ditto|
|poke|p1|Zacian-*|
|poke|p1|Groudon|
|poke|p1|Marshadow|
|poke|p1|Salamence, M|
|poke|p2|Skarmory, F|
|poke|p2|Smeargle, M|
|poke|p2|Lycanroc, M|
|poke|p2|Greninja, M|
|poke|p2|Darmanitan-Galar, M|
|poke|p2|Xerneas-*|
|teampreview
|
|t:|1668271746
|start
|switch|p1a: Groudon|Groudon|100/100
|switch|p2a: Lycanroc|Lycanroc, M|100/100
|detailschange|p1a: Groudon|Groudon-Primal
|-primal|p1a: Groudon
|-weather|DesolateLand|[from] ability: Desolate Land|[of] p1a: Groudon
|turn|1
|
|t:|1668271764
|move|p2a: Lycanroc|Stealth Rock|p1a: Groudon
|-sidestart|p1: austinstinks|move: Stealth Rock
|move|p1a: Groudon|Precipice Blades|p2a: Lycanroc
|-supereffective|p2a: Lycanroc
|-enditem|p2a: Lycanroc|Focus Sash
|-damage|p2a: Lycanroc|1/100
|
|-weather|DesolateLand|[upkeep]
|upkeep
|turn|2
|
|t:|1668271781
|move|p2a: Lycanroc|Endeavor|p1a: Groudon
|-damage|p1a: Groudon|1/100
|move|p1a: Groudon|Fire Punch|p2a: Lycanroc
|-resisted|p2a: Lycanroc
|-damage|p2a: Lycanroc|0 fnt
|faint|p2a: Lycanroc
|
|-weather|DesolateLand|[upkeep]
|upkeep
|
|t:|1668271792
|switch|p2a: Smeargle|Smeargle, M|100/100
|turn|3
|
|t:|1668271811
|move|p1a: Groudon|Stealth Rock|p2a: Smeargle
|-sidestart|p2: Da1mon!|move: Stealth Rock
|move|p2a: Smeargle|Spore|p1a: Groudon
|-status|p1a: Groudon|slp|[from] move: Spore
|
|-weather|DesolateLand|[upkeep]
|-ability|p2a: Smeargle|Moody|boost
|-boost|p2a: Smeargle|spd|2
|-unboost|p2a: Smeargle|spe|1
|upkeep
|turn|4
|
|t:|1668271822
|-weather|none
|switch|p1a: Zacian|Zacian-Crowned|100/100
|-damage|p1a: Zacian|94/100|[from] Stealth Rock
|-ability|p1a: Zacian|Intrepid Sword|boost
|-boost|p1a: Zacian|atk|1
|move|p2a: Smeargle|Substitute|p2a: Smeargle
|-start|p2a: Smeargle|Substitute
|-damage|p2a: Smeargle|76/100
|
|-heal|p2a: Smeargle|82/100|[from] item: Leftovers
|-ability|p2a: Smeargle|Moody|boost
|-boost|p2a: Smeargle|spa|2
|-unboost|p2a: Smeargle|def|1
|upkeep
|turn|5
|
|t:|1668271829
|move|p1a: Zacian|Behemoth Blade|p2a: Smeargle
|-end|p2a: Smeargle|Substitute
|move|p2a: Smeargle|Spore|p1a: Zacian
|-status|p1a: Zacian|slp|[from] move: Spore
|
|-heal|p2a: Smeargle|88/100|[from] item: Leftovers
|-ability|p2a: Smeargle|Moody|boost
|-boost|p2a: Smeargle|def|2
|-unboost|p2a: Smeargle|spa|1
|upkeep
|turn|6
|
|t:|1668271834
|cant|p1a: Zacian|slp
|move|p2a: Smeargle|Substitute|p2a: Smeargle
|-start|p2a: Smeargle|Substitute
|-damage|p2a: Smeargle|63/100
|
|-heal|p2a: Smeargle|69/100|[from] item: Leftovers
|-ability|p2a: Smeargle|Moody|boost
|-boost|p2a: Smeargle|spa|2
|-unboost|p2a: Smeargle|spe|1
|upkeep
|turn|7
|
|t:|1668271836
|cant|p1a: Zacian|slp
|move|p2a: Smeargle|Spore|p1a: Zacian
|-fail|p1a: Zacian|slp
|
|-heal|p2a: Smeargle|75/100|[from] item: Leftovers
|-ability|p2a: Smeargle|Moody|boost
|-boost|p2a: Smeargle|spe|2
|-unboost|p2a: Smeargle|spa|1
|upkeep
|turn|8
|
|t:|1668271839
|cant|p1a: Zacian|slp
|move|p2a: Smeargle|Spore|p1a: Zacian
|-fail|p1a: Zacian|slp
|
|-heal|p2a: Smeargle|81/100|[from] item: Leftovers
|-ability|p2a: Smeargle|Moody|boost
|-boost|p2a: Smeargle|atk|2
|-unboost|p2a: Smeargle|def|1
|upkeep
|turn|9
|
|t:|1668271844
|-curestatus|p1a: Zacian|slp|[msg]
|move|p1a: Zacian|Behemoth Blade|p2a: Smeargle
|-end|p2a: Smeargle|Substitute
|move|p2a: Smeargle|Shell Smash|p2a: Smeargle
|-unboost|p2a: Smeargle|def|1
|-unboost|p2a: Smeargle|spd|1
|-boost|p2a: Smeargle|atk|2
|-boost|p2a: Smeargle|spa|2
|-boost|p2a: Smeargle|spe|2
|
|-heal|p2a: Smeargle|87/100|[from] item: Leftovers
|-ability|p2a: Smeargle|Moody|boost
|-boost|p2a: Smeargle|def|2
|-unboost|p2a: Smeargle|spa|1
|upkeep
|turn|10
|
|t:|1668271847
|move|p2a: Smeargle|Spore|p1a: Zacian
|-status|p1a: Zacian|slp|[from] move: Spore
|cant|p1a: Zacian|slp
|
|-heal|p2a: Smeargle|93/100|[from] item: Leftovers
|-ability|p2a: Smeargle|Moody|boost
|-boost|p2a: Smeargle|def|2
|-unboost|p2a: Smeargle|spa|1
|upkeep
|turn|11
|
|t:|1668271853
|switch|p1a: Ditto|Ditto|100/100
|-damage|p1a: Ditto|88/100|[from] Stealth Rock
|-transform|p1a: Ditto|p2a: Smeargle|[from] ability: Imposter
|move|p2a: Smeargle|Substitute|p2a: Smeargle
|-start|p2a: Smeargle|Substitute
|-damage|p2a: Smeargle|68/100
|
|-heal|p2a: Smeargle|74/100|[from] item: Leftovers
|-ability|p1a: Ditto|Moody|boost
|-boost|p1a: Ditto|spe|2
|-unboost|p1a: Ditto|spa|1
|-ability|p2a: Smeargle|Moody|boost
|-boost|p2a: Smeargle|spe|2
|-unboost|p2a: Smeargle|atk|1
|upkeep
|turn|12
|
|t:|1668271868
|switch|p1a: Marshadow|Marshadow|100/100
|-damage|p1a: Marshadow|94/100|[from] Stealth Rock
|move|p2a: Smeargle|Spore|p1a: Marshadow
|-status|p1a: Marshadow|slp|[from] move: Spore
|
|-heal|p2a: Smeargle|80/100|[from] item: Leftovers
|-ability|p2a: Smeargle|Moody|boost
|-boost|p2a: Smeargle|spe|2
|-unboost|p2a: Smeargle|def|1
|upkeep
|turn|13
|
|t:|1668271876
|switch|p1a: Salamence|Salamence, M|100/100
|-damage|p1a: Salamence|76/100|[from] Stealth Rock
|-ability|p1a: Salamence|Intimidate|boost
|-immune|p2a: Smeargle
|move|p2a: Smeargle|Shell Smash|p2a: Smeargle
|-unboost|p2a: Smeargle|def|1
|-unboost|p2a: Smeargle|spd|1
|-boost|p2a: Smeargle|atk|2
|-boost|p2a: Smeargle|spa|2
|-boost|p2a: Smeargle|spe|0
|
|-heal|p2a: Smeargle|86/100|[from] item: Leftovers
|-ability|p2a: Smeargle|Moody|boost
|-boost|p2a: Smeargle|spd|2
|-unboost|p2a: Smeargle|spe|1
|upkeep
|turn|14
|
|t:|1668271882
|detailschange|p1a: Salamence|Salamence-Mega, M
|-mega|p1a: Salamence|Salamence|Salamencite
|move|p2a: Smeargle|Spore|p1a: Salamence
|-status|p1a: Salamence|slp|[from] move: Spore
|cant|p1a: Salamence|slp
|
|-heal|p2a: Smeargle|93/100|[from] item: Leftovers
|-ability|p2a: Smeargle|Moody|boost
|-boost|p2a: Smeargle|atk|1
|-unboost|p2a: Smeargle|def|1
|upkeep
|turn|15
|
|t:|1668271886
|move|p2a: Smeargle|Power Trip|p1a: Salamence
|-damage|p1a: Salamence|0 fnt
|faint|p1a: Salamence
|
|-heal|p2a: Smeargle|99/100|[from] item: Leftovers
|-ability|p2a: Smeargle|Moody|boost
|-boost|p2a: Smeargle|spe|1
|-unboost|p2a: Smeargle|def|1
|upkeep
|
|t:|1668271889
|switch|p1a: Marshadow|Marshadow|94/100 slp
|-damage|p1a: Marshadow|88/100 slp|[from] Stealth Rock
|turn|16
|
|t:|1668271892
|-start|p1a: Marshadow|Dynamax|
|-heal|p1a: Marshadow|88/100 slp|[silent]
|move|p2a: Smeargle|Power Trip|p1a: Marshadow
|-damage|p1a: Marshadow|18/100 slp
|cant|p1a: Marshadow|slp
|
|-heal|p2a: Smeargle|100/100|[from] item: Leftovers
|-ability|p2a: Smeargle|Moody|boost
|-boost|p2a: Smeargle|spa|2
|-unboost|p2a: Smeargle|spd|1
|upkeep
|turn|17
|
|t:|1668271895
|move|p2a: Smeargle|Power Trip|p1a: Marshadow
|-damage|p1a: Marshadow|0 fnt
|faint|p1a: Marshadow
|
|-ability|p2a: Smeargle|Moody|boost
|-boost|p2a: Smeargle|def|2
|-unboost|p2a: Smeargle|spa|1
|upkeep
|
|t:|1668271901
|switch|p1a: Ditto|Ditto|88/100
|-damage|p1a: Ditto|76/100|[from] Stealth Rock
|turn|18
|
|t:|1668271914
|switch|p1a: Groudon|Groudon-Primal|1/100 slp
|-damage|p1a: Groudon|0 fnt|[from] Stealth Rock
|faint|p1a: Groudon
|move|p2a: Smeargle|Power Trip|p1: Groudon|[notarget]
|-fail|p2a: Smeargle
|
|-ability|p2a: Smeargle|Moody|boost
|-boost|p2a: Smeargle|spd|2
|-unboost|p2a: Smeargle|spe|1
|upkeep
|
|t:|1668271915
|switch|p1a: Zacian|Zacian-Crowned|94/100 slp
|-damage|p1a: Zacian|88/100 slp|[from] Stealth Rock
|-ability|p1a: Zacian|Intrepid Sword|boost
|-boost|p1a: Zacian|atk|1
|turn|19
|
|t:|1668271918
|move|p2a: Smeargle|Power Trip|p1a: Zacian
|-resisted|p1a: Zacian
|-damage|p1a: Zacian|34/100 slp
|cant|p1a: Zacian|slp
|
|-ability|p2a: Smeargle|Moody|boost
|-boost|p2a: Smeargle|spe|1
|-unboost|p2a: Smeargle|def|1
|upkeep
|turn|20
|
|t:|1668271930
|move|p2a: Smeargle|Power Trip|p1a: Zacian
|-resisted|p1a: Zacian
|-damage|p1a: Zacian|0 fnt
|faint|p1a: Zacian
|
|-ability|p2a: Smeargle|Moody|boost
|-boost|p2a: Smeargle|def|2
|-unboost|p2a: Smeargle|atk|1
|upkeep
|-message|austinstinks forfeited.
|
|win|Da1mon!
|raw|austinstinks's rating: 1557 &rarr; <strong>1538</strong><br />(-19 for losing)
|raw|Da1mon!'s rating: 1566 &rarr; <strong>1585</strong><br />(+19 for winning)
|l|☆austinstinks
