|j|☆ThievesBoom
|j|☆ThenoJSZ
|t:|1667205548
|gametype|singles
|player|p1|ThievesBoom|1|1678
|player|p2|ThenoJSZ|ash|1860
|teamsize|p1|6
|teamsize|p2|6
|gen|8
|tier|[Gen 8] National Dex AG
|rated|
|rule|HP Percentage Mod: HP is shown in percentages
|rule|Endless Battle Clause: Forcing endless battles is banned
|clearpoke
|poke|p1|Yveltal|
|poke|p1|Shedinja|
|poke|p1|Magearna|
|poke|p1|Arceus-*|
|poke|p1|Arceus-*|
|poke|p1|Arceus-*|
|poke|p2|Rayquaza|
|poke|p2|Zacian-*|
|poke|p2|Arceus-*|
|poke|p2|Kyogre|
|poke|p2|Marshadow|
|poke|p2|Ditto|
|teampreview
|inactive|Battle timer is ON: inactive players will automatically lose when time's up. (requested by ThenoJSZ)
|
|t:|1667205561
|start
|switch|p1a: Yveltal|Yveltal|100/100
|switch|p2a: Arceus|Arceus-Electric|100/100
|-ability|p1a: Yveltal|Dark Aura
|turn|1
|
|t:|1667205565
|switch|p1a: Arceus|Arceus-Ground|100/100
|move|p2a: Arceus|Stealth Rock|p1a: Arceus
|-sidestart|p1: ThievesBoom|move: Stealth Rock
|
|upkeep
|turn|2
|
|t:|1667205571
|move|p2a: Arceus|Ice Beam|p1a: Arceus
|-supereffective|p1a: Arceus
|-damage|p1a: Arceus|68/100
|move|p1a: Arceus|Judgment|p2a: Arceus
|-supereffective|p2a: Arceus
|-damage|p2a: Arceus|36/100
|
|upkeep
|turn|3
|
|t:|1667205578
|switch|p2a: Kyogre|Kyogre|100/100
|detailschange|p2a: Kyogre|Kyogre-Primal
|-primal|p2a: Kyogre
|-weather|PrimordialSea|[from] ability: Primordial Sea|[of] p2a: Kyogre
|move|p1a: Arceus|Recover|p1a: Arceus
|-heal|p1a: Arceus|100/100
|
|-weather|PrimordialSea|[upkeep]
|upkeep
|turn|4
|
|t:|1667205585
|switch|p1a: Magearna|Magearna|100/100
|-damage|p1a: Magearna|94/100|[from] Stealth Rock
|move|p2a: Kyogre|Water Spout|p1a: Magearna
|-damage|p1a: Magearna|0 fnt
|faint|p1a: Magearna
|
|-weather|PrimordialSea|[upkeep]
|upkeep
|
|t:|1667205599
|switch|p1a: Shedinja|Shedinja|100/100
|turn|5
|j| rahull
|
|t:|1667205602
|-weather|none
|switch|p2a: Marshadow|Marshadow|100/100
|move|p1a: Shedinja|Poltergeist|p2a: Marshadow
|-activate|p2a: Marshadow|move: Poltergeist|Ghostium Z
|-supereffective|p2a: Marshadow
|-damage|p2a: Marshadow|0 fnt
|faint|p2a: Marshadow
|
|upkeep
|
|t:|1667205610
|switch|p2a: Rayquaza|Rayquaza|100/100
|-ability|p2a: Rayquaza|Air Lock
|turn|6
|
|t:|1667205614
|switch|p1a: Arceus|Arceus-Ground|100/100
|-damage|p1a: Arceus|94/100|[from] Stealth Rock
|detailschange|p2a: Rayquaza|Rayquaza-Mega
|-mega|p2a: Rayquaza|Rayquaza|
|-weather|DeltaStream|[from] ability: Delta Stream|[of] p2a: Rayquaza
|move|p2a: Rayquaza|Dragon Ascent|p1a: Arceus
|-damage|p1a: Arceus|32/100
|-unboost|p2a: Rayquaza|def|1
|-unboost|p2a: Rayquaza|spd|1
|
|-weather|DeltaStream|[upkeep]
|upkeep
|turn|7
|j| Araigneeke
|
|t:|1667205633
|move|p2a: Rayquaza|Dragon Ascent|p1a: Arceus
|-damage|p1a: Arceus|0 fnt
|-unboost|p2a: Rayquaza|def|1
|-unboost|p2a: Rayquaza|spd|1
|faint|p1a: Arceus
|
|-weather|DeltaStream|[upkeep]
|upkeep
|
|t:|1667205638
|switch|p1a: Arceus|Arceus-Flying|100/100
|-damage|p1a: Arceus|75/100|[from] Stealth Rock
|turn|8
|
|t:|1667205645
|-weather|none
|switch|p2a: Arceus|Arceus-Electric|36/100
|-start|p1a: Arceus|Dynamax|
|-heal|p1a: Arceus|75/100|[silent]
|move|p1a: Arceus|Max Airstream|p2a: Arceus
|-resisted|p2a: Arceus
|-damage|p2a: Arceus|14/100
|-boost|p1a: Arceus|spe|1
|
|upkeep
|turn|9
|
|t:|1667205651
|move|p1a: Arceus|Max Airstream|p2a: Arceus
|-resisted|p2a: Arceus
|-damage|p2a: Arceus|0 fnt
|-boost|p1a: Arceus|spe|1
|faint|p2a: Arceus
|
|upkeep
|
|t:|1667205654
|switch|p2a: Zacian|Zacian-Crowned|100/100
|-ability|p2a: Zacian|Intrepid Sword|boost
|-boost|p2a: Zacian|atk|1
|turn|10
|
|t:|1667205657
|-end|p1a: Arceus|Dynamax
|-heal|p1a: Arceus|75/100|[silent]
|switch|p1a: Shedinja|Shedinja|100/100
|move|p2a: Zacian|Behemoth Blade|p1a: Shedinja
|-immune|p1a: Shedinja|[from] ability: Wonder Guard
|
|upkeep
|turn|11
|
|t:|1667205665
|switch|p2a: Rayquaza|Rayquaza-Mega|100/100
|-weather|DeltaStream|[from] ability: Delta Stream|[of] p2a: Rayquaza
|move|p1a: Shedinja|Will-O-Wisp|p2a: Rayquaza
|-status|p2a: Rayquaza|brn
|
|-weather|DeltaStream|[upkeep]
|-damage|p2a: Rayquaza|94/100 brn|[from] brn
|upkeep
|turn|12
|
|t:|1667205674
|switch|p1a: Yveltal|Yveltal|100/100
|-ability|p1a: Yveltal|Dark Aura
|move|p2a: Rayquaza|Dragon Ascent|p1a: Yveltal
|-damage|p1a: Yveltal|49/100
|-unboost|p2a: Rayquaza|def|1
|-unboost|p2a: Rayquaza|spd|1
|
|-weather|DeltaStream|[upkeep]
|-damage|p2a: Rayquaza|88/100 brn|[from] brn
|upkeep
|turn|13
|
|t:|1667205685
|move|p2a: Rayquaza|Dragon Ascent|p1a: Yveltal
|-damage|p1a: Yveltal|0 fnt
|-unboost|p2a: Rayquaza|def|1
|-unboost|p2a: Rayquaza|spd|1
|faint|p1a: Yveltal
|
|-weather|DeltaStream|[upkeep]
|-damage|p2a: Rayquaza|82/100 brn|[from] brn
|upkeep
|
|t:|1667205689
|switch|p1a: Arceus|Arceus-Flying|75/100
|-damage|p1a: Arceus|50/100|[from] Stealth Rock
|turn|14
|
|t:|1667205695
|-weather|none
|switch|p2a: Zacian|Zacian-Crowned|100/100
|-ability|p2a: Zacian|Intrepid Sword|boost
|-boost|p2a: Zacian|atk|1
|move|p1a: Arceus|Recover|p1a: Arceus
|-heal|p1a: Arceus|100/100
|
|upkeep
|turn|15
|
|t:|1667205705
|switch|p2a: Rayquaza|Rayquaza-Mega|82/100 brn
|-weather|DeltaStream|[from] ability: Delta Stream|[of] p2a: Rayquaza
|move|p1a: Arceus|Judgment|p2a: Rayquaza
|-damage|p2a: Rayquaza|32/100 brn
|
|-weather|DeltaStream|[upkeep]
|-damage|p2a: Rayquaza|26/100 brn|[from] brn
|upkeep
|turn|16
|
|t:|1667205712
|-weather|none
|switch|p2a: Zacian|Zacian-Crowned|100/100
|-ability|p2a: Zacian|Intrepid Sword|boost
|-boost|p2a: Zacian|atk|1
|move|p1a: Arceus|Judgment|p2a: Zacian
|-resisted|p2a: Zacian
|-damage|p2a: Zacian|80/100
|
|upkeep
|turn|17
|
|t:|1667205717
|switch|p1a: Shedinja|Shedinja|100/100
|move|p2a: Zacian|Behemoth Blade|p1a: Shedinja
|-immune|p1a: Shedinja|[from] ability: Wonder Guard
|
|upkeep
|turn|18
|
|t:|1667205726
|move|p2a: Zacian|Substitute|p2a: Zacian
|-start|p2a: Zacian|Substitute
|-damage|p2a: Zacian|55/100
|move|p1a: Shedinja|Poltergeist|p2a: Zacian|[miss]
|-miss|p1a: Shedinja|p2a: Zacian
|
|upkeep
|turn|19
|
|t:|1667205731
|move|p2a: Zacian|Behemoth Blade|p1a: Shedinja
|-immune|p1a: Shedinja|[from] ability: Wonder Guard
|move|p1a: Shedinja|Poltergeist|p2a: Zacian
|-activate|p2a: Zacian|move: Poltergeist|Rusted Sword
|-end|p2a: Zacian|Substitute
|
|upkeep
|turn|20
|
|t:|1667205734
|move|p2a: Zacian|Behemoth Blade|p1a: Shedinja
|-immune|p1a: Shedinja|[from] ability: Wonder Guard
|move|p1a: Shedinja|Poltergeist|p2a: Zacian
|-activate|p2a: Zacian|move: Poltergeist|Rusted Sword
|-damage|p2a: Zacian|20/100
|
|upkeep
|turn|21
|
|t:|1667205742
|move|p2a: Zacian|Behemoth Blade|p1a: Shedinja
|-immune|p1a: Shedinja|[from] ability: Wonder Guard
|move|p1a: Shedinja|Poltergeist|p2a: Zacian
|-activate|p2a: Zacian|move: Poltergeist|Rusted Sword
|-damage|p2a: Zacian|0 fnt
|faint|p2a: Zacian
|
|upkeep
|
|t:|1667205748
|switch|p2a: Ditto|Ditto|100/100
|-transform|p2a: Ditto|p1a: Shedinja|[from] ability: Imposter
|turn|22
|
|t:|1667205754
|switch|p1a: Arceus|Arceus-Flying|100/100
|-damage|p1a: Arceus|75/100|[from] Stealth Rock
|move|p2a: Ditto|Will-O-Wisp|p1a: Arceus
|-status|p1a: Arceus|brn
|
|-damage|p1a: Arceus|69/100 brn|[from] brn
|upkeep
|turn|23
|
|t:|1667205766
|switch|p2a: Kyogre|Kyogre-Primal|100/100
|-weather|PrimordialSea|[from] ability: Primordial Sea|[of] p2a: Kyogre
|move|p1a: Arceus|Judgment|p2a: Kyogre
|-damage|p2a: Kyogre|72/100
|
|-weather|PrimordialSea|[upkeep]
|-damage|p1a: Arceus|63/100 brn|[from] brn
|upkeep
|turn|24
|
|t:|1667205773
|switch|p1a: Shedinja|Shedinja|100/100
|-weather|none
|switch|p2a: Ditto|Ditto|100/100
|-transform|p2a: Ditto|p1a: Shedinja|[from] ability: Imposter
|
|upkeep
|turn|25
|
|t:|1667205780
|switch|p1a: Arceus|Arceus|100/100
|-damage|p1a: Arceus|88/100|[from] Stealth Rock
|move|p2a: Ditto|Poltergeist|p1a: Arceus
|-immune|p1a: Arceus
|
|upkeep
|turn|26
|
|t:|1667205790
|switch|p2a: Kyogre|Kyogre-Primal|72/100
|-weather|PrimordialSea|[from] ability: Primordial Sea|[of] p2a: Kyogre
|move|p1a: Arceus|Shadow Claw|p2a: Kyogre
|-crit|p2a: Kyogre
|-damage|p2a: Kyogre|39/100
|
|-weather|PrimordialSea|[upkeep]
|upkeep
|turn|27
|
|t:|1667205797
|move|p1a: Arceus|Extreme Speed|p2a: Kyogre
|-damage|p2a: Kyogre|2/100
|move|p2a: Kyogre|Origin Pulse|p1a: Arceus
|-damage|p1a: Arceus|6/100
|
|-weather|PrimordialSea|[upkeep]
|upkeep
|turn|28
|
|t:|1667205805
|move|p1a: Arceus|Shadow Claw|p2a: Kyogre
|-damage|p2a: Kyogre|0 fnt
|faint|p2a: Kyogre
|-weather|none
|
|upkeep
|
|t:|1667205807
|switch|p2a: Ditto|Ditto|100/100
|-transform|p2a: Ditto|p1a: Arceus|[from] ability: Imposter
|turn|29
|
|t:|1667205816
|move|p2a: Ditto|Extreme Speed|p1a: Arceus
|-damage|p1a: Arceus|0 fnt
|faint|p1a: Arceus
|
|upkeep
|
|t:|1667205819
|switch|p1a: Shedinja|Shedinja|100/100
|turn|30
|
|t:|1667205826
|switch|p1a: Arceus|Arceus-Flying|63/100 brn
|-damage|p1a: Arceus|38/100 brn|[from] Stealth Rock
|-start|p2a: Ditto|Dynamax|
|-heal|p2a: Ditto|100/100|[silent]
|move|p2a: Ditto|Max Phantasm|p1a: Arceus
|-damage|p1a: Arceus|14/100 brn
|-unboost|p1a: Arceus|def|1
|
|-damage|p1a: Arceus|8/100 brn|[from] brn
|upkeep
|turn|31
|
|t:|1667205832
|move|p1a: Arceus|Recover|p1a: Arceus
|-heal|p1a: Arceus|58/100 brn
|move|p2a: Ditto|Max Phantasm|p1a: Arceus
|-damage|p1a: Arceus|21/100 brn
|-unboost|p1a: Arceus|def|1
|
|-damage|p1a: Arceus|15/100 brn|[from] brn
|upkeep
|turn|32
|
|t:|1667205839
|-end|p2a: Ditto|Dynamax
|-heal|p2a: Ditto|100/100|[silent]
|switch|p2a: Rayquaza|Rayquaza-Mega|26/100 brn
|-weather|DeltaStream|[from] ability: Delta Stream|[of] p2a: Rayquaza
|move|p1a: Arceus|Recover|p1a: Arceus
|-heal|p1a: Arceus|65/100 brn
|
|-weather|DeltaStream|[upkeep]
|-damage|p2a: Rayquaza|20/100 brn|[from] brn
|-damage|p1a: Arceus|59/100 brn|[from] brn
|upkeep
|turn|33
|
|t:|1667205853
|move|p2a: Rayquaza|Dragon Ascent|p1a: Arceus
|-damage|p1a: Arceus|0 fnt
|-unboost|p2a: Rayquaza|def|1
|-unboost|p2a: Rayquaza|spd|1
|faint|p1a: Arceus
|
|-weather|DeltaStream|[upkeep]
|-damage|p2a: Rayquaza|13/100 brn|[from] brn
|upkeep
|
|t:|1667205856
|switch|p1a: Shedinja|Shedinja|100/100
|turn|34
|
|t:|1667205860
|move|p1a: Shedinja|Sucker Punch|p2a: Rayquaza
|-damage|p2a: Rayquaza|0 fnt
|faint|p2a: Rayquaza
|-weather|none
|
|upkeep
|
|t:|1667205862
|switch|p2a: Ditto|Ditto|100/100
|-transform|p2a: Ditto|p1a: Shedinja|[from] ability: Imposter
|turn|35
|
|t:|1667205873
|move|p2a: Ditto|Will-O-Wisp|p1a: Shedinja
|-status|p1a: Shedinja|brn
|move|p1a: Shedinja|Poltergeist|p2a: Ditto
|-activate|p2a: Ditto|move: Poltergeist|Choice Scarf
|-supereffective|p2a: Ditto
|-damage|p2a: Ditto|3/100
|
|-damage|p1a: Shedinja|0 fnt|[from] brn
|faint|p1a: Shedinja
|
|win|ThenoJSZ
|upkeep
|raw|ThievesBoom's rating: 1678 &rarr; <strong>1668</strong><br />(-10 for losing)
|raw|ThenoJSZ's rating: 1860 &rarr; <strong>1870</strong><br />(+10 for winning)
|c|☆ThievesBoom|XD
|c|☆ThievesBoom|fuck
|l|☆ThievesBoom
|c|☆ThenoJSZ|XD
