|j|☆AGLT VRS LELE
|j|☆OnMaWa
|player|p1|AGLT VRS LELE|dawn|1669
|player|p2|OnMaWa|psychic-gen4|1496
|teamsize|p1|6
|teamsize|p2|6
|gametype|singles
|gen|8
|tier|[Gen 8] National Dex AG
|rated|
|clearpoke
|poke|p1|Yveltal|
|poke|p1|Zacian-Crowned|
|poke|p1|Lunala|
|poke|p1|Groudon|
|poke|p1|Ditto|
|poke|p1|Necrozma-Dusk-Mane|
|poke|p2|Necrozma-Dusk-Mane|
|poke|p2|Arceus-*|
|poke|p2|Xerneas|
|poke|p2|Zacian-Crowned|
|poke|p2|Rayquaza|
|poke|p2|Lugia|
|rule|HP Percentage Mod: HP is shown in percentages
|rule|Endless Battle Clause: Forcing endless battles is banned
|teampreview
|
|start
|switch|p1a: Groudon|Groudon|100/100
|switch|p2a: Zacian|Zacian-Crowned|100/100
|-ability|p2a: Zacian|Intrepid Sword|boost
|-boost|p2a: Zacian|atk|1
|detailschange|p1a: Groudon|Groudon-Primal
|-primal|p1a: Groudon
|-weather|DesolateLand|[from] ability: Desolate Land|[of] p1a: Groudon
|turn|1
|
|switch|p2a: Rayquaza|Rayquaza|100/100
|-ability|p2a: Rayquaza|Air Lock
|move|p1a: Groudon|Stealth Rock|p2a: Rayquaza
|-sidestart|p2: OnMaWa|move: Stealth Rock
|
|-weather|DesolateLand|[upkeep]
|upkeep
|turn|2
|
|detailschange|p2a: Rayquaza|Rayquaza-Mega
|-mega|p2a: Rayquaza|Rayquaza|
|-weather|DeltaStream|[from] ability: Delta Stream|[of] p2a: Rayquaza
|move|p2a: Rayquaza|Dragon Dance|p2a: Rayquaza
|-boost|p2a: Rayquaza|atk|1
|-boost|p2a: Rayquaza|spe|1
|move|p1a: Groudon|Stone Edge|p2a: Rayquaza|[miss]
|-miss|p1a: Groudon|p2a: Rayquaza
|
|-weather|DeltaStream|[upkeep]
|upkeep
|turn|3
|
|move|p2a: Rayquaza|Earthquake|p1a: Groudon
|-supereffective|p1a: Groudon
|-damage|p1a: Groudon|13/100
|move|p1a: Groudon|Stone Edge|p2a: Rayquaza|[miss]
|-miss|p1a: Groudon|p2a: Rayquaza
|
|-weather|DeltaStream|[upkeep]
|upkeep
|turn|4
|
|move|p2a: Rayquaza|Dragon Ascent|p1a: Groudon
|-damage|p1a: Groudon|0 fnt
|-unboost|p2a: Rayquaza|def|1
|-unboost|p2a: Rayquaza|spd|1
|faint|p1a: Groudon
|
|-weather|DeltaStream|[upkeep]
|upkeep
|
|switch|p1a: Lunala|Lunala|100/100
|turn|5
|
|move|p2a: Rayquaza|Dragon Ascent|p1a: Lunala
|-damage|p1a: Lunala|52/100
|-unboost|p2a: Rayquaza|def|1
|-unboost|p2a: Rayquaza|spd|1
|move|p1a: Lunala|Moonblast|p2a: Rayquaza
|-supereffective|p2a: Rayquaza
|-damage|p2a: Rayquaza|0 fnt
|faint|p2a: Rayquaza
|-weather|none
|
|upkeep
|
|switch|p2a: Zacian|Zacian-Crowned|100/100
|-damage|p2a: Zacian|94/100|[from] Stealth Rock
|-ability|p2a: Zacian|Intrepid Sword|boost
|-boost|p2a: Zacian|atk|1
|turn|6
|
|move|p2a: Zacian|Crunch|p1a: Lunala
|-supereffective|p1a: Lunala
|-damage|p1a: Lunala|0 fnt
|faint|p1a: Lunala
|
|upkeep
|
|switch|p1a: Ditto|Ditto|100/100
|-transform|p1a: Ditto|p2a: Zacian|[from] ability: Imposter
|-ability|p1a: Ditto|Intrepid Sword|boost
|-boost|p1a: Ditto|atk|1
|turn|7
|j| EnchantedPuppies
|
|move|p1a: Ditto|Behemoth Blade|p2a: Zacian
|-damage|p2a: Zacian|0 fnt
|faint|p2a: Zacian
|
|upkeep
|l| EnchantedPuppies
|
|switch|p2a: Lugia|Lugia|100/100
|turn|8
|
|switch|p1a: Yveltal|Yveltal|100/100
|-ability|p1a: Yveltal|Dark Aura
|move|p2a: Lugia|Thunder Wave|p1a: Yveltal
|-status|p1a: Yveltal|par
|
|upkeep
|turn|9
|
|switch|p2a: Xerneas|Xerneas|100/100
|-damage|p2a: Xerneas|88/100|[from] Stealth Rock
|-ability|p2a: Xerneas|Fairy Aura
|-start|p1a: Yveltal|Dynamax
|-heal|p1a: Yveltal|100/100 par|[silent]
|move|p1a: Yveltal|Max Darkness|p2a: Xerneas
|-resisted|p2a: Xerneas
|-damage|p2a: Xerneas|42/100
|-unboost|p2a: Xerneas|spd|1
|-damage|p1a: Yveltal|96/100 par|[from] item: Life Orb
|
|upkeep
|turn|10
|
|switch|p2a: Lugia|Lugia|100/100
|-end|p1a: Yveltal|Dynamax
|-heal|p1a: Yveltal|96/100 par|[silent]
|switch|p1a: Necrozma|Necrozma-Dusk-Mane|100/100
|
|upkeep
|turn|11
|
|move|p2a: Lugia|Thunder Wave|p1a: Necrozma|[miss]
|-miss|p2a: Lugia|p1a: Necrozma
|move|p1a: Necrozma|Sunsteel Strike|p2a: Lugia
|-damage|p2a: Lugia|70/100
|
|upkeep
|turn|12
|
|switch|p1a: Yveltal|Yveltal|96/100 par
|-ability|p1a: Yveltal|Dark Aura
|move|p2a: Lugia|Roost|p2a: Lugia
|-heal|p2a: Lugia|100/100
|-singleturn|p2a: Lugia|move: Roost
|
|upkeep
|turn|13
|
|cant|p1a: Yveltal|par
|move|p2a: Lugia|Whirlwind|p1a: Yveltal
|drag|p1a: Necrozma|Necrozma-Dusk-Mane|100/100
|
|upkeep
|turn|14
|
|move|p2a: Lugia|Thunder Wave|p1a: Necrozma
|-status|p1a: Necrozma|par
|move|p1a: Necrozma|Sunsteel Strike|p2a: Lugia
|-damage|p2a: Lugia|73/100
|
|upkeep
|turn|15
|
|switch|p1a: Yveltal|Yveltal|96/100 par
|-ability|p1a: Yveltal|Dark Aura
|move|p2a: Lugia|Whirlwind|p1a: Yveltal
|drag|p1a: Zacian|Zacian-Crowned|100/100
|-ability|p1a: Zacian|Intrepid Sword|boost
|-boost|p1a: Zacian|atk|1
|
|upkeep
|turn|16
|
|move|p1a: Zacian|Wild Charge|p2a: Lugia
|-supereffective|p2a: Lugia
|-crit|p2a: Lugia
|-damage|p2a: Lugia|0 fnt
|-damage|p1a: Zacian|81/100|[from] Recoil
|faint|p2a: Lugia
|
|upkeep
|
|switch|p2a: Necrozma|Necrozma-Dusk-Mane|100/100
|-damage|p2a: Necrozma|94/100|[from] Stealth Rock
|turn|17
|
|switch|p1a: Yveltal|Yveltal|96/100 par
|-ability|p1a: Yveltal|Dark Aura
|move|p2a: Necrozma|Dragon Dance|p2a: Necrozma
|-boost|p2a: Necrozma|atk|1
|-boost|p2a: Necrozma|spe|1
|
|upkeep
|turn|18
|
|detailschange|p2a: Necrozma|Necrozma-Ultra
|-burst|p2a: Necrozma|Necrozma|Ultranecrozium Z
|move|p2a: Necrozma|Stone Edge|p1a: Yveltal|[miss]
|-miss|p2a: Necrozma|p1a: Yveltal
|cant|p1a: Yveltal|par
|
|upkeep
|turn|19
|
|move|p2a: Necrozma|Stone Edge|p1a: Yveltal|[miss]
|-miss|p2a: Necrozma|p1a: Yveltal
|move|p1a: Yveltal|Dark Pulse|p2a: Necrozma
|-supereffective|p2a: Necrozma
|-damage|p2a: Necrozma|0 fnt
|-damage|p1a: Yveltal|86/100 par|[from] item: Life Orb
|faint|p2a: Necrozma
|
|upkeep
|c|☆AGLT VRS LELE|Now we're even
|c|☆OnMaWa|Very lucky
|inactive|Battle timer is ON: inactive players will automatically lose when time's up. (requested by AGLT VRS LELE)
|
|switch|p2a: Xerneas|Xerneas|42/100
|-damage|p2a: Xerneas|29/100|[from] Stealth Rock
|-ability|p2a: Xerneas|Fairy Aura
|turn|20
|c|☆AGLT VRS LELE|So we're you tbh
|
|switch|p1a: Necrozma|Necrozma-Dusk-Mane|100/100 par
|move|p2a: Xerneas|Geomancy||[still]
|-prepare|p2a: Xerneas|Geomancy|p2a: Xerneas
|-enditem|p2a: Xerneas|Power Herb
|-anim|p2a: Xerneas|Geomancy|p2a: Xerneas
|-boost|p2a: Xerneas|spa|2
|-boost|p2a: Xerneas|spd|2
|-boost|p2a: Xerneas|spe|2
|
|upkeep
|turn|21
|
|move|p2a: Xerneas|Hidden Power|p1a: Necrozma
|-supereffective|p1a: Necrozma
|-damage|p1a: Necrozma|52/100 par
|-enditem|p1a: Necrozma|Weakness Policy
|-boost|p1a: Necrozma|atk|2|[from] item: Weakness Policy
|-boost|p1a: Necrozma|spa|2|[from] item: Weakness Policy
|move|p1a: Necrozma|Sunsteel Strike|p2a: Xerneas
|-supereffective|p2a: Xerneas
|-damage|p2a: Xerneas|0 fnt
|faint|p2a: Xerneas
|
|upkeep
|c|☆AGLT VRS LELE|I missed 2 stone edges too
|
|switch|p2a: Arceus|Arceus|100/100
|-damage|p2a: Arceus|88/100|[from] Stealth Rock
|turn|22
|
|-start|p2a: Arceus|Dynamax
|-heal|p2a: Arceus|88/100|[silent]
|move|p2a: Arceus|Max Quake|p1a: Necrozma
|-supereffective|p1a: Necrozma
|-damage|p1a: Necrozma|9/100 par
|-boost|p2a: Arceus|spd|1
|move|p1a: Necrozma|Trick Room|p1a: Necrozma
|-fieldstart|move: Trick Room|[of] p1a: Necrozma
|
|upkeep
|turn|23
|inactive|OnMaWa has 120 seconds left.
|
|move|p1a: Necrozma|Sunsteel Strike|p2a: Arceus
|-damage|p2a: Arceus|50/100
|move|p2a: Arceus|Max Quake|p1a: Necrozma
|-supereffective|p1a: Necrozma
|-damage|p1a: Necrozma|0 fnt
|-boost|p2a: Arceus|spd|1
|faint|p1a: Necrozma
|
|upkeep
|
|switch|p1a: Yveltal|Yveltal|86/100 par
|-ability|p1a: Yveltal|Dark Aura
|turn|24
|inactive|OnMaWa has 120 seconds left.
|
|cant|p1a: Yveltal|par
|move|p2a: Arceus|Max Strike|p1a: Yveltal
|-damage|p1a: Yveltal|14/100 par
|-unboost|p1a: Yveltal|spe|1
|
|-end|p2a: Arceus|Dynamax
|-heal|p2a: Arceus|50/100|[silent]
|upkeep
|turn|25
|inactive|OnMaWa has 120 seconds left.
|
|move|p2a: Arceus|Extreme Speed|p1a: Yveltal
|-damage|p1a: Yveltal|0 fnt
|faint|p1a: Yveltal
|
|upkeep
|
|switch|p1a: Ditto|Ditto|100/100
|-transform|p1a: Ditto|p2a: Arceus|[from] ability: Imposter
|turn|26
|
|move|p2a: Arceus|Extreme Speed|p1a: Ditto
|-damage|p1a: Ditto|45/100
|move|p1a: Ditto|Extreme Speed|p2a: Arceus
|-damage|p2a: Arceus|20/100
|
|-fieldend|move: Trick Room
|upkeep
|turn|27
|
|move|p1a: Ditto|Extreme Speed|p2a: Arceus
|-damage|p2a: Arceus|0 fnt
|faint|p2a: Arceus
|
|win|AGLT VRS LELE
|raw|AGLT VRS LELE's rating: 1669 &rarr; <strong>1680</strong><br />(+11 for winning)
|raw|OnMaWa's rating: 1496 &rarr; <strong>1485</strong><br />(-11 for losing)
|c|☆OnMaWa|Yew but stone edge of groudon was nothing
|c|☆OnMaWa|One stone edge here was all the win
|l|☆OnMaWa
|j| Aglt vrs asuka
