|j|☆Pkmn3443
|j|☆Log4j
|t:|1617998455
|gametype|singles
|player|p1|Pkmn3443|266|1868
|player|p2|Log4j|2|1711
|teamsize|p1|6
|teamsize|p2|6
|gen|8
|tier|[Gen 8] National Dex AG
|rated|
|clearpoke
|poke|p1|Zacian-Crowned|
|poke|p1|Necrozma-Dusk-Mane|
|poke|p1|Ditto|
|poke|p1|Ho-Oh|
|poke|p1|Rayquaza|
|poke|p1|Yveltal|
|poke|p2|Xerneas|
|poke|p2|Zacian-Crowned|
|poke|p2|Yveltal|
|poke|p2|Calyrex-Shadow|
|poke|p2|Ho-Oh|
|poke|p2|Ditto|
|rule|HP Percentage Mod: HP is shown in percentages
|rule|Endless Battle Clause: Forcing endless battles is banned
|teampreview
|
|t:|1617998471
|start
|switch|p1a: Zacian|Zacian-Crowned|100/100
|switch|p2a: Ditto|Ditto|100/100
|-ability|p1a: Zacian|Intrepid Sword|boost
|-boost|p1a: Zacian|atk|1
|-transform|p2a: Ditto|p1a: Zacian|[from] ability: Imposter
|-ability|p2a: Ditto|Intrepid Sword|boost
|-boost|p2a: Ditto|atk|1
|turn|1
|
|t:|1617998479
|switch|p1a: Ho-Oh|Ho-Oh|100/100
|move|p2a: Ditto|Crunch|p1a: Ho-Oh
|-damage|p1a: Ho-Oh|45/100
|-unboost|p1a: Ho-Oh|def|1
|
|upkeep
|turn|2
|
|t:|1617998483
|switch|p1a: Zacian|Zacian-Crowned|100/100
|-ability|p1a: Zacian|Intrepid Sword|boost
|-boost|p1a: Zacian|atk|1
|move|p2a: Ditto|Crunch|p1a: Zacian
|-resisted|p1a: Zacian
|-damage|p1a: Zacian|64/100
|
|upkeep
|turn|3
|
|t:|1617998489
|switch|p2a: Ho-Oh|Ho-Oh|100/100
|move|p1a: Zacian|Behemoth Blade|p2a: Ho-Oh
|-resisted|p2a: Ho-Oh
|-damage|p2a: Ho-Oh|64/100
|
|upkeep
|turn|4
|j| Frostigar479
|
|t:|1617998497
|switch|p1a: Ho-Oh|Ho-Oh|78/100
|switch|p2a: Ditto|Ditto|100/100
|-transform|p2a: Ditto|p1a: Ho-Oh|[from] ability: Imposter
|
|upkeep
|turn|5
|
|t:|1617998503
|switch|p2a: Ho-Oh|Ho-Oh|97/100
|switch|p1a: Necrozma|Necrozma-Dusk-Mane|100/100
|
|upkeep
|turn|6
|
|t:|1617998512
|switch|p1a: Ho-Oh|Ho-Oh|100/100
|move|p2a: Ho-Oh|Sacred Fire|p1a: Ho-Oh
|-resisted|p1a: Ho-Oh
|-damage|p1a: Ho-Oh|86/100
|
|upkeep
|turn|7
|
|t:|1617998516
|move|p2a: Ho-Oh|Toxic|p1a: Ho-Oh
|-status|p1a: Ho-Oh|tox
|move|p1a: Ho-Oh|Toxic|p2a: Ho-Oh
|-status|p2a: Ho-Oh|tox
|
|-damage|p2a: Ho-Oh|91/100 tox|[from] psn
|-damage|p1a: Ho-Oh|79/100 tox|[from] psn
|upkeep
|turn|8
|
|t:|1617998520
|switch|p1a: Ditto|Ditto|100/100
|-transform|p1a: Ditto|p2a: Ho-Oh|[from] ability: Imposter
|move|p2a: Ho-Oh|Sacred Fire|p1a: Ditto
|-resisted|p1a: Ditto
|-damage|p1a: Ditto|82/100
|
|-damage|p2a: Ho-Oh|79/100 tox|[from] psn
|upkeep
|turn|9
|
|t:|1617998526
|switch|p1a: Ho-Oh|Ho-Oh|100/100 tox
|move|p2a: Ho-Oh|Sacred Fire|p1a: Ho-Oh
|-resisted|p1a: Ho-Oh
|-damage|p1a: Ho-Oh|84/100 tox
|
|-damage|p2a: Ho-Oh|61/100 tox|[from] psn
|-damage|p1a: Ho-Oh|78/100 tox|[from] psn
|upkeep
|turn|10
|
|t:|1617998538
|move|p1a: Ho-Oh|Toxic|p2a: Ho-Oh
|-fail|p2a: Ho-Oh|tox
|move|p2a: Ho-Oh|Sacred Fire|p1a: Ho-Oh
|-resisted|p1a: Ho-Oh
|-damage|p1a: Ho-Oh|63/100 tox
|
|-damage|p2a: Ho-Oh|37/100 tox|[from] psn
|-damage|p1a: Ho-Oh|50/100 tox|[from] psn
|upkeep
|turn|11
|
|t:|1617998546
|switch|p1a: Ditto|Ditto|100/100
|-transform|p1a: Ditto|p2a: Ho-Oh|[from] ability: Imposter
|move|p2a: Ho-Oh|Toxic|p1a: Ditto
|-status|p1a: Ditto|tox
|
|-damage|p1a: Ditto|94/100 tox|[from] psn
|-damage|p2a: Ho-Oh|7/100 tox|[from] psn
|upkeep
|turn|12
|
|t:|1617998556
|move|p1a: Ditto|Sacred Fire|p2a: Ho-Oh
|-resisted|p2a: Ho-Oh
|-damage|p2a: Ho-Oh|0 fnt
|faint|p2a: Ho-Oh
|
|-damage|p1a: Ditto|82/100 tox|[from] psn
|upkeep
|
|t:|1617998563
|switch|p2a: Yveltal|Yveltal|100/100
|-ability|p2a: Yveltal|Dark Aura
|turn|13
|
|t:|1617998571
|-start|p2a: Yveltal|Dynamax
|-heal|p2a: Yveltal|100/100|[silent]
|move|p1a: Ditto|Sacred Fire|p2a: Yveltal
|-crit|p2a: Yveltal
|-damage|p2a: Yveltal|70/100
|-status|p2a: Yveltal|brn
|move|p2a: Yveltal|Max Airstream|p1a: Ditto
|-damage|p1a: Ditto|5/100 tox
|-boost|p2a: Yveltal|spe|1
|-damage|p2a: Yveltal|65/100 brn|[from] item: Life Orb
|
|-damage|p2a: Yveltal|62/100 brn|[from] brn
|-damage|p1a: Ditto|0 fnt|[from] psn
|faint|p1a: Ditto
|upkeep
|
|t:|1617998576
|switch|p1a: Zacian|Zacian-Crowned|64/100
|-ability|p1a: Zacian|Intrepid Sword|boost
|-boost|p1a: Zacian|atk|1
|turn|14
|
|t:|1617998582
|switch|p1a: Ho-Oh|Ho-Oh|83/100 tox
|move|p2a: Yveltal|Max Darkness|p1a: Ho-Oh
|-damage|p1a: Ho-Oh|16/100 tox
|-unboost|p1a: Ho-Oh|spd|1
|-damage|p2a: Yveltal|57/100 brn|[from] item: Life Orb
|
|-damage|p2a: Yveltal|54/100 brn|[from] brn
|-damage|p1a: Ho-Oh|9/100 tox|[from] psn
|upkeep
|turn|15
|
|t:|1617998588
|switch|p1a: Zacian|Zacian-Crowned|64/100
|-ability|p1a: Zacian|Intrepid Sword|boost
|-boost|p1a: Zacian|atk|1
|move|p2a: Yveltal|Max Darkness|p1a: Zacian
|-resisted|p1a: Zacian
|-damage|p1a: Zacian|6/100
|-unboost|p1a: Zacian|spd|1
|-damage|p2a: Yveltal|49/100 brn|[from] item: Life Orb
|
|-damage|p2a: Yveltal|46/100 brn|[from] brn
|-end|p2a: Yveltal|Dynamax
|-heal|p2a: Yveltal|46/100 brn|[silent]
|upkeep
|turn|16
|
|t:|1617998594
|move|p2a: Yveltal|Oblivion Wing|p1a: Zacian
|-resisted|p1a: Zacian
|-damage|p1a: Zacian|0 fnt
|-heal|p2a: Yveltal|49/100 brn|[from] drain|[of] p1a: Zacian
|-damage|p2a: Yveltal|40/100 brn|[from] item: Life Orb
|faint|p1a: Zacian
|
|-damage|p2a: Yveltal|33/100 brn|[from] brn
|upkeep
|
|t:|1617998598
|switch|p1a: Rayquaza|Rayquaza|100/100
|-ability|p1a: Rayquaza|Air Lock
|turn|17
|
|t:|1617998604
|switch|p2a: Calyrex|Calyrex-Shadow|100/100
|-ability|p2a: Calyrex|As One
|-ability|p2a: Calyrex|Unnerve
|detailschange|p1a: Rayquaza|Rayquaza-Mega
|-mega|p1a: Rayquaza|Rayquaza|
|-weather|DeltaStream|[from] ability: Delta Stream|[of] p1a: Rayquaza
|move|p1a: Rayquaza|Extreme Speed|p2a: Calyrex
|-immune|p2a: Calyrex
|
|-weather|DeltaStream|[upkeep]
|upkeep
|turn|18
|
|t:|1617998614
|-weather|none
|switch|p1a: Yveltal|Yveltal|100/100
|-ability|p1a: Yveltal|Dark Aura
|move|p2a: Calyrex|Nasty Plot|p2a: Calyrex
|-boost|p2a: Calyrex|spa|2
|
|upkeep
|turn|19
|
|t:|1617998623
|-start|p1a: Yveltal|Dynamax
|-heal|p1a: Yveltal|100/100|[silent]
|move|p2a: Calyrex|Draining Kiss|p1a: Yveltal
|-supereffective|p1a: Yveltal
|-damage|p1a: Yveltal|65/100
|move|p1a: Yveltal|Max Airstream|p2a: Calyrex
|-damage|p2a: Calyrex|5/100
|-boost|p1a: Yveltal|spe|1
|-damage|p1a: Yveltal|60/100|[from] item: Life Orb
|
|upkeep
|turn|20
|
|t:|1617998629
|switch|p2a: Yveltal|Yveltal|33/100 brn
|-ability|p2a: Yveltal|Dark Aura
|move|p1a: Yveltal|Max Flare|p2a: Yveltal
|-damage|p2a: Yveltal|0 fnt
|-weather|SunnyDay
|-damage|p1a: Yveltal|55/100|[from] item: Life Orb
|faint|p2a: Yveltal
|
|-weather|SunnyDay|[upkeep]
|upkeep
|
|t:|1617998635
|switch|p2a: Xerneas|Xerneas|100/100
|-ability|p2a: Xerneas|Fairy Aura
|turn|21
|
|t:|1617998641
|-end|p1a: Yveltal|Dynamax
|-heal|p1a: Yveltal|55/100|[silent]
|switch|p1a: Necrozma|Necrozma-Dusk-Mane|100/100
|move|p2a: Xerneas|Moonblast|p1a: Necrozma
|-resisted|p1a: Necrozma
|-damage|p1a: Necrozma|73/100
|
|-weather|SunnyDay|[upkeep]
|upkeep
|turn|22
|
|t:|1617998648
|switch|p2a: Ditto|Ditto|100/100
|-transform|p2a: Ditto|p1a: Necrozma|[from] ability: Imposter
|move|p1a: Necrozma|Stealth Rock|p2a: Ditto
|-sidestart|p2: Log4j|move: Stealth Rock
|
|-weather|SunnyDay|[upkeep]
|upkeep
|turn|23
|
|t:|1617998656
|move|p2a: Ditto|Stealth Rock|p1a: Necrozma
|-sidestart|p1: Pkmn3443|move: Stealth Rock
|move|p1a: Necrozma|Morning Sun|p1a: Necrozma
|-heal|p1a: Necrozma|100/100
|
|-weather|SunnyDay|[upkeep]
|upkeep
|turn|24
|
|t:|1617998666
|switch|p2a: Calyrex|Calyrex-Shadow|5/100
|-ability|p2a: Calyrex|As One
|-ability|p2a: Calyrex|Unnerve
|-damage|p2a: Calyrex|0 fnt|[from] Stealth Rock
|faint|p2a: Calyrex
|move|p1a: Necrozma|Sunsteel Strike|p2: Calyrex|[notarget]
|-fail|p1a: Necrozma
|
|-weather|none
|upkeep
|
|t:|1617998676
|switch|p2a: Xerneas|Xerneas|100/100
|-damage|p2a: Xerneas|88/100|[from] Stealth Rock
|-ability|p2a: Xerneas|Fairy Aura
|turn|25
|
|t:|1617998681
|move|p2a: Xerneas|Geomancy||[still]
|-prepare|p2a: Xerneas|Geomancy
|-enditem|p2a: Xerneas|Power Herb
|-anim|p2a: Xerneas|Geomancy|p2a: Xerneas
|-boost|p2a: Xerneas|spa|2
|-boost|p2a: Xerneas|spd|2
|-boost|p2a: Xerneas|spe|2
|move|p1a: Necrozma|Sunsteel Strike|p2a: Xerneas
|-supereffective|p2a: Xerneas
|-damage|p2a: Xerneas|0 fnt
|faint|p2a: Xerneas
|
|upkeep
|
|t:|1617998689
|switch|p2a: Ditto|Ditto|100/100
|-damage|p2a: Ditto|88/100|[from] Stealth Rock
|-transform|p2a: Ditto|p1a: Necrozma|[from] ability: Imposter
|turn|26
|
|t:|1617998699
|move|p2a: Ditto|Knock Off|p1a: Necrozma
|-supereffective|p1a: Necrozma
|-damage|p1a: Necrozma|72/100
|-damage|p2a: Ditto|71/100|[from] item: Rocky Helmet|[of] p1a: Necrozma
|-enditem|p1a: Necrozma|Rocky Helmet|[from] move: Knock Off|[of] p2a: Ditto
|move|p1a: Necrozma|Knock Off|p2a: Ditto
|-supereffective|p2a: Ditto
|-damage|p2a: Ditto|29/100
|-enditem|p2a: Ditto|Choice Scarf|[from] move: Knock Off|[of] p1a: Necrozma
|
|upkeep
|turn|27
|
|t:|1617998707
|move|p1a: Necrozma|Knock Off|p2a: Ditto
|-supereffective|p2a: Ditto
|-damage|p2a: Ditto|0 fnt
|faint|p2a: Ditto
|
|upkeep
|
|t:|1617998709
|switch|p2a: Zacian|Zacian-Crowned|100/100
|-damage|p2a: Zacian|94/100|[from] Stealth Rock
|-ability|p2a: Zacian|Intrepid Sword|boost
|-boost|p2a: Zacian|atk|1
|turn|28
|
|t:|1617998715
|move|p2a: Zacian|Close Combat|p1a: Necrozma
|-damage|p1a: Necrozma|29/100
|-unboost|p2a: Zacian|def|1
|-unboost|p2a: Zacian|spd|1
|move|p1a: Necrozma|Sunsteel Strike|p2a: Zacian
|-damage|p2a: Zacian|22/100
|
|upkeep
|turn|29
|
|t:|1617998722
|move|p2a: Zacian|Close Combat|p1a: Necrozma
|-damage|p1a: Necrozma|0 fnt
|-unboost|p2a: Zacian|def|1
|-unboost|p2a: Zacian|spd|1
|faint|p1a: Necrozma
|
|upkeep
|
|t:|1617998724
|switch|p1a: Rayquaza|Rayquaza-Mega|100/100
|-damage|p1a: Rayquaza|76/100|[from] Stealth Rock
|-weather|DeltaStream|[from] ability: Delta Stream|[of] p1a: Rayquaza
|turn|30
|
|t:|1617998727
|move|p1a: Rayquaza|Extreme Speed|p2a: Zacian
|-resisted|p2a: Zacian
|-damage|p2a: Zacian|0 fnt
|-damage|p1a: Rayquaza|66/100|[from] item: Life Orb
|faint|p2a: Zacian
|
|win|Pkmn3443
|raw|Pkmn3443's rating: 1868 &rarr; <strong>1880</strong><br />(+12 for winning)
|raw|Log4j's rating: 1712 &rarr; <strong>1700</strong><br />(-12 for losing)
