|j|☆Snakethey
|j|☆BasakBooster2
|t:|1665382135
|gametype|singles
|player|p1|Snakethey|steven|1776
|player|p2|BasakBooster2|lucas|1864
|teamsize|p1|6
|teamsize|p2|6
|gen|8
|tier|[Gen 8] National Dex AG
|rated|
|rule|HP Percentage Mod: HP is shown in percentages
|rule|Endless Battle Clause: Forcing endless battles is banned
|clearpoke
|poke|p1|Rayquaza|
|poke|p1|Yveltal|
|poke|p1|Ditto|
|poke|p1|Calyrex-Shadow|
|poke|p1|Arceus-*|
|poke|p1|Arceus-*|
|poke|p2|Arceus-*|
|poke|p2|Groudon|
|poke|p2|Zacian-*|
|poke|p2|Rayquaza|
|poke|p2|Calyrex-Shadow|
|poke|p2|Yveltal|
|teampreview
|
|t:|1665382146
|start
|switch|p1a: Arceus|Arceus-Water|100/100
|switch|p2a: Calyrex|Calyrex-Shadow|100/100
|-ability|p2a: Calyrex|As One
|-ability|p2a: Calyrex|Unnerve
|turn|1
|
|t:|1665382170
|move|p2a: Calyrex|Substitute|p2a: Calyrex
|-start|p2a: Calyrex|Substitute
|-damage|p2a: Calyrex|76/100
|move|p1a: Arceus|Judgment|p2a: Calyrex
|-end|p2a: Calyrex|Substitute
|
|-heal|p2a: Calyrex|82/100|[from] item: Leftovers
|upkeep
|turn|2
|
|t:|1665382187
|switch|p2a: Groudon|Groudon|100/100
|detailschange|p2a: Groudon|Groudon-Primal
|-primal|p2a: Groudon
|-weather|DesolateLand|[from] ability: Desolate Land|[of] p2a: Groudon
|move|p1a: Arceus|Judgment||[still]
|-fail|p1a: Arceus|Judgment|[from] Desolate Land
|
|-weather|DesolateLand|[upkeep]
|upkeep
|turn|3
|
|t:|1665382198
|move|p1a: Arceus|Stealth Rock|p2a: Groudon
|-sidestart|p2: BasakBooster2|move: Stealth Rock
|move|p2a: Groudon|Thunder Wave|p1a: Arceus
|-status|p1a: Arceus|par
|
|-weather|DesolateLand|[upkeep]
|upkeep
|turn|4
|
|t:|1665382204
|move|p2a: Groudon|Stealth Rock|p1a: Arceus
|-sidestart|p1: Snakethey|move: Stealth Rock
|cant|p1a: Arceus|par
|
|-weather|DesolateLand|[upkeep]
|upkeep
|turn|5
|inactive|Battle timer is ON: inactive players will automatically lose when time's up. (requested by Snakethey)
|
|t:|1665382261
|move|p2a: Groudon|Precipice Blades|p1a: Arceus
|-damage|p1a: Arceus|63/100 par
|move|p1a: Arceus|Toxic|p2a: Groudon
|-status|p2a: Groudon|tox
|
|-weather|DesolateLand|[upkeep]
|-damage|p2a: Groudon|94/100 tox|[from] psn
|upkeep
|turn|6
|
|t:|1665382267
|-weather|none
|switch|p2a: Zacian|Zacian-Crowned|100/100
|-damage|p2a: Zacian|94/100|[from] Stealth Rock
|-ability|p2a: Zacian|Intrepid Sword|boost
|-boost|p2a: Zacian|atk|1
|move|p1a: Arceus|Ice Beam|p2a: Zacian
|-resisted|p2a: Zacian
|-damage|p2a: Zacian|83/100
|
|upkeep
|turn|7
|inactive|BasakBooster2 has 120 seconds left.
|
|t:|1665382323
|move|p2a: Zacian|Wild Charge|p1a: Arceus
|-supereffective|p1a: Arceus
|-damage|p1a: Arceus|0 fnt
|faint|p1a: Arceus
|-damage|p2a: Zacian|62/100|[from] Recoil
|
|upkeep
|
|t:|1665382333
|switch|p1a: Ditto|Ditto|100/100
|-damage|p1a: Ditto|88/100|[from] Stealth Rock
|-transform|p1a: Ditto|p2a: Zacian|[from] ability: Imposter
|-ability|p1a: Ditto|Intrepid Sword|boost
|-boost|p1a: Ditto|atk|1
|turn|8
|j| Kookoopa
|l| Kookoopa
|inactive|BasakBooster2 has 90 seconds left.
|
|t:|1665382360
|move|p1a: Ditto|Behemoth Blade|p2a: Zacian
|-damage|p2a: Zacian|0 fnt
|faint|p2a: Zacian
|
|upkeep
|
|t:|1665382361
|switch|p2a: Groudon|Groudon-Primal|94/100 tox
|-damage|p2a: Groudon|82/100 tox|[from] Stealth Rock
|-weather|DesolateLand|[from] ability: Desolate Land|[of] p2a: Groudon
|turn|9
|
|t:|1665382371
|move|p1a: Ditto|Behemoth Blade|p2a: Groudon
|-resisted|p2a: Groudon
|-damage|p2a: Groudon|52/100 tox
|move|p2a: Groudon|Thunder Wave|p1a: Ditto
|-status|p1a: Ditto|par
|
|-weather|DesolateLand|[upkeep]
|-damage|p2a: Groudon|46/100 tox|[from] psn
|upkeep
|turn|10
|inactive|BasakBooster2 has 90 seconds left.
|
|t:|1665382406
|switch|p1a: Rayquaza|Rayquaza|100/100
|-damage|p1a: Rayquaza|76/100|[from] Stealth Rock
|-ability|p1a: Rayquaza|Air Lock
|move|p2a: Groudon|Precipice Blades|p1a: Rayquaza
|-immune|p1a: Rayquaza
|
|-weather|DesolateLand|[upkeep]
|-damage|p2a: Groudon|33/100 tox|[from] psn
|upkeep
|turn|11
|
|t:|1665382415
|detailschange|p1a: Rayquaza|Rayquaza-Mega
|-mega|p1a: Rayquaza|Rayquaza|
|-weather|DeltaStream|[from] ability: Delta Stream|[of] p1a: Rayquaza
|move|p1a: Rayquaza|Dragon Dance|p1a: Rayquaza
|-boost|p1a: Rayquaza|atk|1
|-boost|p1a: Rayquaza|spe|1
|move|p2a: Groudon|Thunder Wave|p1a: Rayquaza
|-status|p1a: Rayquaza|par
|-enditem|p1a: Rayquaza|Lum Berry|[eat]
|-curestatus|p1a: Rayquaza|par|[msg]
|
|-weather|DeltaStream|[upkeep]
|-damage|p2a: Groudon|15/100 tox|[from] psn
|upkeep
|turn|12
|inactive|BasakBooster2 has 90 seconds left.
|
|t:|1665382429
|move|p1a: Rayquaza|Extreme Speed|p2a: Groudon
|-damage|p2a: Groudon|0 fnt
|faint|p2a: Groudon
|
|-weather|DeltaStream|[upkeep]
|upkeep
|inactive|BasakBooster2 has 90 seconds left.
|
|t:|1665382435
|switch|p2a: Arceus|Arceus|100/100
|-damage|p2a: Arceus|88/100|[from] Stealth Rock
|turn|13
|
|t:|1665382440
|-start|p2a: Arceus|Dynamax|
|-heal|p2a: Arceus|88/100|[silent]
|move|p1a: Rayquaza|Dragon Ascent|p2a: Arceus
|-damage|p2a: Arceus|40/100
|-unboost|p1a: Rayquaza|def|1
|-unboost|p1a: Rayquaza|spd|1
|move|p2a: Arceus|Max Strike|p1a: Rayquaza
|-damage|p1a: Rayquaza|0 fnt
|faint|p1a: Rayquaza
|-weather|none
|
|upkeep
|j| Shade Master 101
|
|t:|1665382455
|switch|p1a: Arceus|Arceus|100/100
|-damage|p1a: Arceus|88/100|[from] Stealth Rock
|turn|14
|
|t:|1665382460
|-start|p1a: Arceus|Dynamax|
|-heal|p1a: Arceus|88/100|[silent]
|move|p1a: Arceus|Max Guard|p1a: Arceus
|-singleturn|p1a: Arceus|Max Guard
|move|p2a: Arceus|Max Strike|p1a: Arceus
|-activate|p1a: Arceus|move: Max Guard
|
|upkeep
|turn|15
|inactive|BasakBooster2 has 120 seconds left.
|
|t:|1665382466
|move|p2a: Arceus|Max Strike|p1a: Arceus
|-damage|p1a: Arceus|65/100
|-unboost|p1a: Arceus|spe|1
|move|p1a: Arceus|Max Strike|p2a: Arceus
|-damage|p2a: Arceus|16/100
|-unboost|p2a: Arceus|spe|1
|
|upkeep
|-end|p2a: Arceus|Dynamax
|-heal|p2a: Arceus|17/100|[silent]
|turn|16
|
|t:|1665382479
|move|p2a: Arceus|Extreme Speed|p1a: Arceus
|-crit|p1a: Arceus
|-damage|p1a: Arceus|45/100
|move|p1a: Arceus|Max Strike|p2a: Arceus
|-damage|p2a: Arceus|0 fnt
|faint|p2a: Arceus
|
|upkeep
|
|t:|1665382481
|switch|p2a: Rayquaza|Rayquaza|100/100
|-damage|p2a: Rayquaza|76/100|[from] Stealth Rock
|-ability|p2a: Rayquaza|Air Lock
|-end|p1a: Arceus|Dynamax
|-heal|p1a: Arceus|45/100|[silent]
|turn|17
|
|t:|1665382493
|detailschange|p2a: Rayquaza|Rayquaza-Mega
|-mega|p2a: Rayquaza|Rayquaza|
|-weather|DeltaStream|[from] ability: Delta Stream|[of] p2a: Rayquaza
|move|p1a: Arceus|Extreme Speed|p2a: Rayquaza
|-damage|p2a: Rayquaza|36/100
|move|p2a: Rayquaza|Dragon Ascent|p1a: Arceus
|-damage|p1a: Arceus|0 fnt
|-unboost|p2a: Rayquaza|def|1
|-unboost|p2a: Rayquaza|spd|1
|faint|p1a: Arceus
|
|-weather|DeltaStream|[upkeep]
|upkeep
|l| Shade Master 101
|
|t:|1665382508
|switch|p1a: Calyrex|Calyrex-Shadow|100/100
|-ability|p1a: Calyrex|As One
|-ability|p1a: Calyrex|Unnerve
|-damage|p1a: Calyrex|88/100|[from] Stealth Rock
|turn|18
|
|t:|1665382517
|move|p1a: Calyrex|Astral Barrage|p2a: Rayquaza
|-damage|p2a: Rayquaza|0 fnt
|faint|p2a: Rayquaza
|-weather|none
|-ability|p1a: Calyrex|Grim Neigh|boost
|-boost|p1a: Calyrex|spa|1
|
|upkeep
|
|t:|1665382518
|switch|p2a: Yveltal|Yveltal|100/100
|-damage|p2a: Yveltal|76/100|[from] Stealth Rock
|-ability|p2a: Yveltal|Dark Aura
|turn|19
|
|t:|1665382548
|move|p2a: Yveltal|Sucker Punch|p1a: Calyrex
|-supereffective|p1a: Calyrex
|-damage|p1a: Calyrex|0 fnt
|faint|p1a: Calyrex
|-damage|p2a: Yveltal|66/100|[from] item: Life Orb
|
|upkeep
|inactive|Snakethey has 120 seconds left.
|
|t:|1665382563
|switch|p1a: Ditto|Ditto|88/100 par
|-damage|p1a: Ditto|76/100 par|[from] Stealth Rock
|-transform|p1a: Ditto|p2a: Yveltal|[from] ability: Imposter
|-ability|p1a: Ditto|Dark Aura
|turn|20
|l|☆Snakethey
|inactive|Snakethey disconnected and has a minute to reconnect!
|player|p1|
|j|☆Snakethey
|inactive|Snakethey reconnected and has 120 seconds left.
|player|p1|Snakethey|steven
|
|t:|1665382581
|move|p2a: Yveltal|Oblivion Wing|p1a: Ditto
|-damage|p1a: Ditto|8/100 par
|-heal|p2a: Yveltal|100/100|[from] drain|[of] p1a: Ditto
|-damage|p2a: Yveltal|91/100|[from] item: Life Orb
|cant|p1a: Ditto|par
|
|upkeep
|turn|21
|inactive|Snakethey has 120 seconds left.
|
|t:|1665382592
|move|p1a: Ditto|Sucker Punch|p2a: Yveltal
|-resisted|p2a: Yveltal
|-damage|p2a: Yveltal|70/100
|move|p2a: Yveltal|Oblivion Wing|p1a: Ditto
|-damage|p1a: Ditto|0 fnt
|-heal|p2a: Yveltal|74/100|[from] drain|[of] p1a: Ditto
|faint|p1a: Ditto
|-damage|p2a: Yveltal|64/100|[from] item: Life Orb
|
|upkeep
|
|t:|1665382597
|switch|p1a: Yveltal|Yveltal|100/100
|-ability|p1a: Yveltal|Dark Aura
|turn|22
|inactive|Snakethey has 120 seconds left.
|
|t:|1665382603
|move|p2a: Yveltal|Oblivion Wing|p1a: Yveltal
|-damage|p1a: Yveltal|55/100
|-heal|p2a: Yveltal|100/100|[from] drain|[of] p1a: Yveltal
|-damage|p2a: Yveltal|91/100|[from] item: Life Orb
|move|p1a: Yveltal|U-turn|p2a: Yveltal
|-damage|p2a: Yveltal|63/100
|
|upkeep
|turn|23
|
|t:|1665382610
|move|p2a: Yveltal|Oblivion Wing|p1a: Yveltal
|-damage|p1a: Yveltal|5/100
|-heal|p2a: Yveltal|100/100|[from] drain|[of] p1a: Yveltal
|-damage|p2a: Yveltal|91/100|[from] item: Life Orb
|move|p1a: Yveltal|Roost|p1a: Yveltal
|-heal|p1a: Yveltal|55/100
|-singleturn|p1a: Yveltal|move: Roost
|
|upkeep
|turn|24
|
|t:|1665382614
|move|p2a: Yveltal|Dark Pulse|p1a: Yveltal
|-resisted|p1a: Yveltal
|-damage|p1a: Yveltal|28/100
|-damage|p2a: Yveltal|81/100|[from] item: Life Orb
|move|p1a: Yveltal|Roost|p1a: Yveltal
|-heal|p1a: Yveltal|78/100
|-singleturn|p1a: Yveltal|move: Roost
|
|upkeep
|turn|25
|
|t:|1665382617
|move|p2a: Yveltal|Dark Pulse|p1a: Yveltal
|-resisted|p1a: Yveltal
|-damage|p1a: Yveltal|45/100
|-damage|p2a: Yveltal|71/100|[from] item: Life Orb
|cant|p1a: Yveltal|flinch
|
|upkeep
|turn|26
|
|t:|1665382620
|move|p2a: Yveltal|Oblivion Wing|p1a: Yveltal
|-damage|p1a: Yveltal|0 fnt
|-heal|p2a: Yveltal|100/100|[from] drain|[of] p1a: Yveltal
|faint|p1a: Yveltal
|-damage|p2a: Yveltal|91/100|[from] item: Life Orb
|
|win|BasakBooster2
|raw|Snakethey's rating: 1776 &rarr; <strong>1762</strong><br />(-14 for losing)
|raw|BasakBooster2's rating: 1880 &rarr; <strong>1894</strong><br />(+14 for winning)
|c|☆BasakBooster2|gg
|c|☆Snakethey|Gg
|l|☆Snakethey
