|j|☆Kenesitto
|j|☆GreninjaFrench
|t:|1629902198
|gametype|singles
|player|p1|Kenesitto|2|1303
|player|p2|GreninjaFrench|ash|1263
|teamsize|p1|6
|teamsize|p2|6
|gen|8
|tier|[Gen 8] National Dex AG
|rated|
|rule|HP Percentage Mod: HP is shown in percentages
|rule|Endless Battle Clause: Forcing endless battles is banned
|clearpoke
|poke|p1|Dialga|
|poke|p1|Kyogre|
|poke|p1|Gliscor, M|
|poke|p1|Necrozma-Dusk-Mane|
|poke|p1|Sableye, M|
|poke|p1|Darmanitan-Galar, F|
|poke|p2|Urshifu-*, F|
|poke|p2|Mewtwo|
|poke|p2|Aerodactyl, M|
|poke|p2|Marshadow|
|poke|p2|Zacian-*|
|poke|p2|Deoxys-Attack|
|teampreview
|inactive|Battle timer is ON: inactive players will automatically lose when time's up. (requested by GreninjaFrench)
|j| isrrael120
|
|t:|1629902208
|start
|switch|p1a: Sableye|Sableye, M|100/100
|switch|p2a: Deoxys|Deoxys-Attack|100/100
|-ability|p2a: Deoxys|Pressure
|turn|1
|
|t:|1629902220
|switch|p2a: Zacian|Zacian-Crowned|100/100
|-ability|p2a: Zacian|Intrepid Sword|boost
|-boost|p2a: Zacian|atk|1
|move|p1a: Sableye|Fake Out|p2a: Zacian
|-resisted|p2a: Zacian
|-damage|p2a: Zacian|97/100
|
|upkeep
|turn|2
|c|☆Kenesitto|glhf
|
|t:|1629902230
|move|p1a: Sableye|Protect|p1a: Sableye
|-singleturn|p1a: Sableye|Protect
|move|p2a: Zacian|Play Rough|p1a: Sableye
|-activate|p1a: Sableye|move: Protect
|
|upkeep
|turn|3
|
|t:|1629902242
|switch|p1a: Kyogre|Kyogre|100/100
|detailschange|p1a: Kyogre|Kyogre-Primal
|-primal|p1a: Kyogre
|-weather|PrimordialSea|[from] ability: Primordial Sea|[of] p1a: Kyogre
|move|p2a: Zacian|Swords Dance|p2a: Zacian
|-boost|p2a: Zacian|atk|2
|
|-weather|PrimordialSea|[upkeep]
|upkeep
|turn|4
|
|t:|1629902251
|move|p2a: Zacian|Close Combat|p1a: Kyogre
|-damage|p1a: Kyogre|0 fnt
|-unboost|p2a: Zacian|def|1
|-unboost|p2a: Zacian|spd|1
|faint|p1a: Kyogre
|-weather|none
|
|upkeep
|
|t:|1629902261
|switch|p1a: Necrozma|Necrozma-Dusk-Mane, shiny|100/100
|turn|5
|
|t:|1629902276
|move|p2a: Zacian|Close Combat|p1a: Necrozma
|-damage|p1a: Necrozma|9/100
|-unboost|p2a: Zacian|def|1
|-unboost|p2a: Zacian|spd|1
|-zpower|p1a: Necrozma
|move|p1a: Necrozma|Searing Sunraze Smash|p2a: Zacian|[zeffect]
|-damage|p2a: Zacian|0 fnt
|faint|p2a: Zacian
|
|upkeep
|
|t:|1629902292
|switch|p2a: Mewtwo|Mewtwo|100/100
|-ability|p2a: Mewtwo|Pressure
|turn|6
|
|t:|1629902299
|move|p2a: Mewtwo|Psystrike|p1a: Necrozma
|-resisted|p1a: Necrozma
|-damage|p1a: Necrozma|0 fnt
|faint|p1a: Necrozma
|
|upkeep
|
|t:|1629902304
|switch|p1a: Sableye|Sableye, M|100/100
|turn|7
|
|t:|1629902309
|move|p1a: Sableye|Fake Out|p2a: Mewtwo
|-damage|p2a: Mewtwo|93/100
|cant|p2a: Mewtwo|flinch
|
|upkeep
|turn|8
|
|t:|1629902315
|move|p1a: Sableye|Toxic|p2a: Mewtwo
|-status|p2a: Mewtwo|tox
|move|p2a: Mewtwo|Thunder|p1a: Sableye
|-damage|p1a: Sableye|48/100
|-status|p1a: Sableye|par
|
|-heal|p1a: Sableye|54/100 par|[from] item: Leftovers
|-damage|p2a: Mewtwo|87/100 tox|[from] psn
|upkeep
|turn|9
|
|t:|1629902327
|move|p1a: Sableye|Protect|p1a: Sableye
|-singleturn|p1a: Sableye|Protect
|move|p2a: Mewtwo|Thunder|p1a: Sableye
|-activate|p1a: Sableye|move: Protect
|
|-heal|p1a: Sableye|60/100 par|[from] item: Leftovers
|-damage|p2a: Mewtwo|75/100 tox|[from] psn
|upkeep
|turn|10
|
|t:|1629902354
|switch|p1a: Gliscor|Gliscor, M, shiny|100/100
|move|p2a: Mewtwo|Blizzard|p1a: Gliscor|[miss]
|-miss|p2a: Mewtwo|p1a: Gliscor
|
|-damage|p2a: Mewtwo|56/100 tox|[from] psn
|-status|p1a: Gliscor|tox|[from] item: Toxic Orb
|upkeep
|turn|11
|
|t:|1629902364
|move|p2a: Mewtwo|Blizzard|p1a: Gliscor
|-supereffective|p1a: Gliscor
|-damage|p1a: Gliscor|0 fnt
|faint|p1a: Gliscor
|
|-damage|p2a: Mewtwo|31/100 tox|[from] psn
|upkeep
|
|t:|1629902368
|switch|p1a: Dialga|Dialga, shiny|100/100
|-ability|p1a: Dialga|Pressure
|turn|12
|
|t:|1629902375
|move|p2a: Mewtwo|Blizzard|p1a: Dialga
|-damage|p1a: Dialga|54/100
|move|p1a: Dialga|Flash Cannon|p2a: Mewtwo
|-damage|p2a: Mewtwo|0 fnt
|faint|p2a: Mewtwo
|
|upkeep
|
|t:|1629902383
|switch|p2a: Urshifu|Urshifu-Rapid-Strike, F|100/100
|turn|13
|
|t:|1629902393
|-start|p2a: Urshifu|Dynamax
|-formechange|p2a: Urshifu|Urshifu-Rapid-Strike-Gmax
|-heal|p2a: Urshifu|100/100|[silent]
|-start|p1a: Dialga|Dynamax
|-heal|p1a: Dialga|54/100|[silent]
|move|p2a: Urshifu|Max Lightning|p1a: Dialga
|-resisted|p1a: Dialga
|-damage|p1a: Dialga|44/100
|-fieldstart|move: Electric Terrain
|move|p1a: Dialga|Max Wyrmwind|p2a: Urshifu
|-damage|p2a: Urshifu|31/100
|-unboost|p2a: Urshifu|atk|1
|
|upkeep
|turn|14
|
|t:|1629902410
|move|p2a: Urshifu|Max Knuckle|p1a: Dialga
|-supereffective|p1a: Dialga
|-damage|p1a: Dialga|12/100
|-boost|p2a: Urshifu|atk|1
|move|p1a: Dialga|Max Wyrmwind|p2a: Urshifu
|-damage|p2a: Urshifu|0 fnt
|faint|p2a: Urshifu
|
|upkeep
|
|t:|1629902421
|switch|p2a: Marshadow|Marshadow|100/100
|turn|15
|
|t:|1629902426
|move|p2a: Marshadow|Shadow Sneak|p1a: Dialga
|-damage|p1a: Dialga|0 fnt
|faint|p1a: Dialga
|
|upkeep
|
|t:|1629902431
|switch|p1a: Darmanitan|Darmanitan-Galar, F|100/100
|turn|16
|
|t:|1629902435
|move|p2a: Marshadow|Close Combat|p1a: Darmanitan
|-supereffective|p1a: Darmanitan
|-damage|p1a: Darmanitan|0 fnt
|-unboost|p2a: Marshadow|def|1
|-unboost|p2a: Marshadow|spd|1
|faint|p1a: Darmanitan
|
|upkeep
|
|t:|1629902438
|switch|p1a: Sableye|Sableye, M|60/100 par
|turn|17
|
|t:|1629902446
|move|p1a: Sableye|Encore|p2a: Marshadow
|-start|p2a: Marshadow|Encore
|move|p2a: Marshadow|Close Combat|p1a: Sableye
|-immune|p1a: Sableye
|
|-heal|p1a: Sableye|66/100 par|[from] item: Leftovers
|-fieldend|move: Electric Terrain
|upkeep
|turn|18
|
|t:|1629902455
|switch|p2a: Aerodactyl|Aerodactyl, M|100/100
|-ability|p2a: Aerodactyl|Unnerve
|move|p1a: Sableye|Toxic|p2a: Aerodactyl
|-status|p2a: Aerodactyl|tox
|
|-heal|p1a: Sableye|72/100 par|[from] item: Leftovers
|-damage|p2a: Aerodactyl|95/100 tox|[from] psn
|upkeep
|turn|19
|
|t:|1629902466
|detailschange|p2a: Aerodactyl|Aerodactyl-Mega, M
|-mega|p2a: Aerodactyl|Aerodactyl|Aerodactylite
|move|p1a: Sableye|Protect|p1a: Sableye
|-singleturn|p1a: Sableye|Protect
|move|p2a: Aerodactyl|Dragon Dance|p2a: Aerodactyl
|-boost|p2a: Aerodactyl|atk|1
|-boost|p2a: Aerodactyl|spe|1
|
|-heal|p1a: Sableye|79/100 par|[from] item: Leftovers
|-damage|p2a: Aerodactyl|83/100 tox|[from] psn
|upkeep
|turn|20
|
|t:|1629902478
|move|p1a: Sableye|Protect|p1a: Sableye
|-singleturn|p1a: Sableye|Protect
|move|p2a: Aerodactyl|Earthquake|p1a: Sableye
|-activate|p1a: Sableye|move: Protect
|
|-heal|p1a: Sableye|85/100 par|[from] item: Leftovers
|-damage|p2a: Aerodactyl|65/100 tox|[from] psn
|upkeep
|turn|21
|
|t:|1629902488
|move|p1a: Sableye|Toxic|p2a: Aerodactyl
|-fail|p2a: Aerodactyl|tox
|move|p2a: Aerodactyl|Earthquake|p1a: Sableye
|-damage|p1a: Sableye|3/100 par
|
|-heal|p1a: Sableye|10/100 par|[from] item: Leftovers
|-damage|p2a: Aerodactyl|41/100 tox|[from] psn
|upkeep
|turn|22
|
|t:|1629902498
|cant|p1a: Sableye|par
|move|p2a: Aerodactyl|Dragon Dance|p2a: Aerodactyl
|-boost|p2a: Aerodactyl|atk|1
|-boost|p2a: Aerodactyl|spe|1
|
|-heal|p1a: Sableye|16/100 par|[from] item: Leftovers
|-damage|p2a: Aerodactyl|11/100 tox|[from] psn
|upkeep
|turn|23
|
|t:|1629902507
|move|p1a: Sableye|Protect|p1a: Sableye
|-singleturn|p1a: Sableye|Protect
|move|p2a: Aerodactyl|Earthquake|p1a: Sableye
|-activate|p1a: Sableye|move: Protect
|
|-heal|p1a: Sableye|22/100 par|[from] item: Leftovers
|-damage|p2a: Aerodactyl|0 fnt|[from] psn
|faint|p2a: Aerodactyl
|upkeep
|
|t:|1629902517
|switch|p2a: Marshadow|Marshadow|100/100
|turn|24
|
|t:|1629902524
|move|p1a: Sableye|Protect|p1a: Sableye
|-singleturn|p1a: Sableye|Protect
|move|p2a: Marshadow|Spectral Thief|p1a: Sableye
|-activate|p1a: Sableye|move: Protect
|
|-heal|p1a: Sableye|28/100 par|[from] item: Leftovers
|upkeep
|turn|25
|c|☆Kenesitto|ggwp
|
|t:|1629902535
|move|p1a: Sableye|Toxic|p2a: Marshadow
|-status|p2a: Marshadow|tox
|move|p2a: Marshadow|Spectral Thief|p1a: Sableye
|-damage|p1a: Sableye|0 fnt
|faint|p1a: Sableye
|
|win|GreninjaFrench
|raw|Kenesitto's rating: 1303 &rarr; <strong>1281</strong><br />(-22 for losing)
|raw|GreninjaFrench's rating: 1265 &rarr; <strong>1293</strong><br />(+28 for winning)
|l|☆Kenesitto
||Ladder isn't responding, score probably updated but might not have (Request timeout).
