|j|☆CLEAR GEM清瑜
|j|☆amnael01
|t:|1662594445
|gametype|singles
|player|p1|CLEAR GEM清瑜|skierf|1621
|player|p2|amnael01|2|1793
|teamsize|p1|6
|teamsize|p2|6
|gen|8
|tier|[Gen 8] National Dex AG
|rated|
|rule|HP Percentage Mod: HP is shown in percentages
|rule|Endless Battle Clause: Forcing endless battles is banned
|clearpoke
|poke|p1|Rayquaza|
|poke|p1|Groudon|
|poke|p1|Necrozma-Dusk-Mane|
|poke|p1|Arceus-*|
|poke|p1|Arceus-*|
|poke|p1|Arceus-*|
|poke|p2|Smeargle, M|
|poke|p2|Groudon|
|poke|p2|Espeon, F|
|poke|p2|Rayquaza|
|poke|p2|Xerneas-*|
|poke|p2|Zacian-*|
|teampreview
|inactive|Battle timer is ON: inactive players will automatically lose when time's up. (requested by CLEAR GEM清瑜)
|
|t:|1662594451
|start
|switch|p1a: 究极辅助|Arceus-Dark|100/100
|switch|p2a: Rayquaza|Rayquaza|100/100
|-ability|p2a: Rayquaza|Air Lock
|turn|1
|
|t:|1662594457
|detailschange|p2a: Rayquaza|Rayquaza-Mega
|-mega|p2a: Rayquaza|Rayquaza|
|-weather|DeltaStream|[from] ability: Delta Stream|[of] p2a: Rayquaza
|move|p2a: Rayquaza|Dragon Dance|p2a: Rayquaza
|-boost|p2a: Rayquaza|atk|1
|-boost|p2a: Rayquaza|spe|1
|move|p1a: 究极辅助|Judgment|p2a: Rayquaza
|-damage|p2a: Rayquaza|45/100
|
|-weather|DeltaStream|[upkeep]
|upkeep
|turn|2
|
|t:|1662594463
|move|p2a: Rayquaza|Dragon Ascent|p1a: 究极辅助
|-damage|p1a: 究极辅助|24/100
|-unboost|p2a: Rayquaza|def|1
|-unboost|p2a: Rayquaza|spd|1
|move|p1a: 究极辅助|Judgment|p2a: Rayquaza
|-damage|p2a: Rayquaza|0 fnt
|faint|p2a: Rayquaza
|-weather|none
|
|upkeep
|
|t:|1662594468
|switch|p2a: Zacian|Zacian-Crowned|100/100
|-ability|p2a: Zacian|Intrepid Sword|boost
|-boost|p2a: Zacian|atk|1
|turn|3
|
|t:|1662594473
|switch|p1a: 不会(?)|Groudon|100/100
|detailschange|p1a: 不会(?)|Groudon-Primal
|-primal|p1a: 不会(?)
|-weather|DesolateLand|[from] ability: Desolate Land|[of] p1a: 不会(?)
|move|p2a: Zacian|Behemoth Blade|p1a: 不会(?)
|-resisted|p1a: 不会(?)
|-damage|p1a: 不会(?)|72/100
|
|-weather|DesolateLand|[upkeep]
|upkeep
|turn|4
|
|t:|1662594476
|switch|p2a: Espeon|Espeon, F|100/100
|move|p1a: 不会(?)|Stealth Rock|p2a: Espeon
|move|p2a: Espeon|Stealth Rock|p1a: 不会(?)|[from]ability: Magic Bounce
|-sidestart|p1: CLEAR GEM清瑜|move: Stealth Rock
|
|-weather|DesolateLand|[upkeep]
|upkeep
|turn|5
|
|t:|1662594480
|move|p2a: Espeon|Baton Pass|p2a: Espeon
|
|t:|1662594482
|switch|p2a: Smeargle|Smeargle, M|100/100|[from]move: Baton Pass
|move|p1a: 不会(?)|Heat Crash|p2a: Smeargle
|-enditem|p2a: Smeargle|Focus Sash
|-damage|p2a: Smeargle|1/100
|
|-weather|DesolateLand|[upkeep]
|-ability|p2a: Smeargle|Moody|boost
|-boost|p2a: Smeargle|spa|2
|-unboost|p2a: Smeargle|def|1
|upkeep
|turn|6
|
|t:|1662594485
|move|p2a: Smeargle|Spiky Shield|p2a: Smeargle
|-singleturn|p2a: Smeargle|move: Protect
|move|p1a: 不会(?)|Stealth Rock|p2a: Smeargle
|-sidestart|p2: amnael01|move: Stealth Rock
|
|-weather|DesolateLand|[upkeep]
|-ability|p2a: Smeargle|Moody|boost
|-boost|p2a: Smeargle|spa|2
|-unboost|p2a: Smeargle|spe|1
|upkeep
|turn|7
|
|t:|1662594488
|move|p2a: Smeargle|Spiky Shield||[still]
|-fail|p2a: Smeargle
|move|p1a: 不会(?)|Roar|p2a: Smeargle
|drag|p2a: Groudon|Groudon|100/100
|-damage|p2a: Groudon|94/100|[from] Stealth Rock
|detailschange|p2a: Groudon|Groudon-Primal
|-primal|p2a: Groudon
|
|-weather|DesolateLand|[upkeep]
|upkeep
|turn|8
|
|t:|1662594491
|move|p2a: Groudon|Earthquake|p1a: 不会(?)
|-supereffective|p1a: 不会(?)
|-damage|p1a: 不会(?)|0 fnt
|faint|p1a: 不会(?)
|
|-weather|DesolateLand|[upkeep]
|upkeep
|
|t:|1662594495
|switch|p1a: 乱杀P固|Arceus-Ground|100/100
|-damage|p1a: 乱杀P固|94/100|[from] Stealth Rock
|turn|9
|
|t:|1662594498
|-weather|none
|switch|p2a: Smeargle|Smeargle, M|1/100
|-damage|p2a: Smeargle|0 fnt|[from] Stealth Rock
|faint|p2a: Smeargle
|move|p1a: 乱杀P固|Judgment|p2: Smeargle|[notarget]
|-fail|p1a: 乱杀P固
|
|upkeep
|
|t:|1662594500
|switch|p2a: Xerneas|Xerneas|100/100
|-damage|p2a: Xerneas|88/100|[from] Stealth Rock
|-ability|p2a: Xerneas|Fairy Aura
|turn|10
|
|t:|1662594502
|move|p1a: 乱杀P固|Judgment|p2a: Xerneas
|-damage|p2a: Xerneas|42/100
|move|p2a: Xerneas|Geomancy||[still]
|-prepare|p2a: Xerneas|Geomancy
|-enditem|p2a: Xerneas|Power Herb
|-anim|p2a: Xerneas|Geomancy|p2a: Xerneas
|-boost|p2a: Xerneas|spa|2
|-boost|p2a: Xerneas|spd|2
|-boost|p2a: Xerneas|spe|2
|
|upkeep
|turn|11
|
|t:|1662594505
|move|p2a: Xerneas|Grass Knot|p1a: 乱杀P固
|-supereffective|p1a: 乱杀P固
|-damage|p1a: 乱杀P固|0 fnt
|faint|p1a: 乱杀P固
|
|upkeep
|
|t:|1662594512
|switch|p1a: 悬空羊驼|Arceus-Flying|100/100
|-damage|p1a: 悬空羊驼|76/100|[from] Stealth Rock
|turn|12
|
|t:|1662594516
|-start|p2a: Xerneas|Dynamax|
|-heal|p2a: Xerneas|42/100|[silent]
|-start|p1a: 悬空羊驼|Dynamax|
|-heal|p1a: 悬空羊驼|76/100|[silent]
|move|p2a: Xerneas|Max Starfall|p1a: 悬空羊驼
|-damage|p1a: 悬空羊驼|21/100
|-fieldstart|move: Misty Terrain
|move|p1a: 悬空羊驼|Max Airstream|p2a: Xerneas
|-damage|p2a: Xerneas|29/100
|-boost|p1a: 悬空羊驼|spe|1
|
|upkeep
|turn|13
|
|t:|1662594522
|move|p2a: Xerneas|Max Starfall|p1a: 悬空羊驼
|-damage|p1a: 悬空羊驼|0 fnt
|faint|p1a: 悬空羊驼
|
|upkeep
|
|t:|1662594524
|switch|p1a: 钢铁之躯|Necrozma-Dusk-Mane|100/100
|-damage|p1a: 钢铁之躯|94/100|[from] Stealth Rock
|turn|14
|
|t:|1662594526
|move|p2a: Xerneas|Max Starfall|p1a: 钢铁之躯
|-resisted|p1a: 钢铁之躯
|-damage|p1a: 钢铁之躯|27/100
|move|p1a: 钢铁之躯|Photon Geyser|p2a: Xerneas
|-damage|p2a: Xerneas|5/100
|
|upkeep
|-end|p2a: Xerneas|Dynamax
|-heal|p2a: Xerneas|6/100|[silent]
|turn|15
|
|t:|1662594531
|switch|p1a: 究极辅助|Arceus-Dark|24/100
|-damage|p1a: 究极辅助|12/100|[from] Stealth Rock
|move|p2a: Xerneas|Moonblast|p1a: 究极辅助
|-supereffective|p1a: 究极辅助
|-damage|p1a: 究极辅助|0 fnt
|faint|p1a: 究极辅助
|
|upkeep
|
|t:|1662594532
|switch|p1a: 烈龙无敌|Rayquaza|100/100
|-damage|p1a: 烈龙无敌|76/100|[from] Stealth Rock
|-ability|p1a: 烈龙无敌|Air Lock
|turn|16
|
|t:|1662594534
|detailschange|p1a: 烈龙无敌|Rayquaza-Mega
|-mega|p1a: 烈龙无敌|Rayquaza|
|-weather|DeltaStream|[from] ability: Delta Stream|[of] p1a: 烈龙无敌
|move|p1a: 烈龙无敌|Extreme Speed|p2a: Xerneas
|-damage|p2a: Xerneas|0 fnt
|faint|p2a: Xerneas
|
|-weather|DeltaStream|[upkeep]
|-fieldend|Misty Terrain
|upkeep
|
|t:|1662594538
|switch|p2a: Zacian|Zacian-Crowned|100/100
|-damage|p2a: Zacian|94/100|[from] Stealth Rock
|-ability|p2a: Zacian|Intrepid Sword|boost
|-boost|p2a: Zacian|atk|1
|turn|17
|
|t:|1662594543
|move|p2a: Zacian|Behemoth Blade|p1a: 烈龙无敌
|-damage|p1a: 烈龙无敌|0 fnt
|faint|p1a: 烈龙无敌
|-weather|none
|
|upkeep
|
|t:|1662594544
|switch|p1a: 钢铁之躯|Necrozma-Dusk-Mane|27/100
|-damage|p1a: 钢铁之躯|20/100|[from] Stealth Rock
|turn|18
|
|t:|1662594546
|move|p2a: Zacian|Close Combat|p1a: 钢铁之躯
|-damage|p1a: 钢铁之躯|0 fnt
|-unboost|p2a: Zacian|def|1
|-unboost|p2a: Zacian|spd|1
|faint|p1a: 钢铁之躯
|
|win|amnael01
|raw|CLEAR GEM清瑜's rating: 1621 &rarr; <strong>1610</strong><br />(-11 for losing)
|raw|amnael01's rating: 1793 &rarr; <strong>1804</strong><br />(+11 for winning)
