|j|☆AnimeZZZZ5
|j|‽AG Main Infernape
|t:|1629040495
|gametype|singles
|player|p1|AnimeZZZZ5|266|1825
|player|p2|AG Main Infernape|lance|1731
|teamsize|p1|6
|teamsize|p2|6
|gen|8
|tier|[Gen 8] National Dex AG
|rated|
|rule|HP Percentage Mod: HP is shown in percentages
|rule|Endless Battle Clause: Forcing endless battles is banned
|clearpoke
|poke|p1|Rayquaza|
|poke|p1|Yveltal|
|poke|p1|Groudon|
|poke|p1|Arceus-*|
|poke|p1|Ditto|
|poke|p1|Yveltal|
|poke|p2|Sableye, M|
|poke|p2|Quagsire, M|
|poke|p2|Chansey, F|
|poke|p2|Tyranitar, M|
|poke|p2|Lugia|
|poke|p2|Giratina|
|teampreview
|
|t:|1629040508
|start
|switch|p1a: Groudon|Groudon|100/100
|switch|p2a: Sableye|Sableye, M|100/100
|detailschange|p1a: Groudon|Groudon-Primal
|-primal|p1a: Groudon
|-weather|DesolateLand|[from] ability: Desolate Land|[of] p1a: Groudon
|turn|1
|
|t:|1629040517
|detailschange|p2a: Sableye|Sableye-Mega, M
|-mega|p2a: Sableye|Sableye|Sablenite
|move|p2a: Sableye|Protect|p2a: Sableye
|-singleturn|p2a: Sableye|Protect
|move|p1a: Groudon|Overheat|p2a: Sableye
|-activate|p2a: Sableye|move: Protect
|
|-weather|DesolateLand|[upkeep]
|upkeep
|turn|2
|
|t:|1629040526
|switch|p2a: Giratina|Giratina|100/100
|-ability|p2a: Giratina|Pressure
|move|p1a: Groudon|Overheat|p2a: Giratina
|-resisted|p2a: Giratina
|-damage|p2a: Giratina|73/100
|-unboost|p1a: Groudon|spa|2
|
|-weather|DesolateLand|[upkeep]
|-heal|p2a: Giratina|79/100|[from] item: Leftovers
|upkeep
|turn|3
|
|t:|1629040529
|move|p1a: Groudon|Toxic|p2a: Giratina
|-status|p2a: Giratina|tox
|move|p2a: Giratina|Will-O-Wisp|p1a: Groudon
|-immune|p1a: Groudon
|
|-weather|DesolateLand|[upkeep]
|-heal|p2a: Giratina|85/100 tox|[from] item: Leftovers
|-damage|p2a: Giratina|79/100 tox|[from] psn
|upkeep
|turn|4
|
|t:|1629040534
|-weather|none
|switch|p1a: Rayquaza|Rayquaza|100/100
|-ability|p1a: Rayquaza|Air Lock
|move|p2a: Giratina|Toxic|p1a: Rayquaza
|-status|p1a: Rayquaza|tox
|
|-heal|p2a: Giratina|85/100 tox|[from] item: Leftovers
|-damage|p1a: Rayquaza|95/100 tox|[from] psn
|-damage|p2a: Giratina|73/100 tox|[from] psn
|upkeep
|turn|5
|
|t:|1629040538
|switch|p2a: Lugia|Lugia|100/100
|detailschange|p1a: Rayquaza|Rayquaza-Mega
|-mega|p1a: Rayquaza|Rayquaza|
|-weather|DeltaStream|[from] ability: Delta Stream|[of] p1a: Rayquaza
|move|p1a: Rayquaza|Dragon Ascent|p2a: Lugia
|-damage|p2a: Lugia|68/100
|-unboost|p1a: Rayquaza|def|1
|-unboost|p1a: Rayquaza|spd|1
|
|-weather|DeltaStream|[upkeep]
|-heal|p2a: Lugia|74/100|[from] item: Leftovers
|-damage|p1a: Rayquaza|83/100 tox|[from] psn
|upkeep
|turn|6
|
|t:|1629040541
|move|p1a: Rayquaza|Dragon Ascent|p2a: Lugia
|-damage|p2a: Lugia|5/100
|-unboost|p1a: Rayquaza|def|1
|-unboost|p1a: Rayquaza|spd|1
|move|p2a: Lugia|Roost|p2a: Lugia
|-heal|p2a: Lugia|55/100
|-singleturn|p2a: Lugia|move: Roost
|
|-weather|DeltaStream|[upkeep]
|-heal|p2a: Lugia|61/100|[from] item: Leftovers
|-damage|p1a: Rayquaza|65/100 tox|[from] psn
|upkeep
|turn|7
|
|t:|1629040557
|switch|p2a: Sableye|Sableye-Mega, M|100/100
|move|p1a: Rayquaza|Dragon Ascent|p2a: Sableye
|-damage|p2a: Sableye|8/100
|-unboost|p1a: Rayquaza|def|1
|-unboost|p1a: Rayquaza|spd|1
|
|-weather|DeltaStream|[upkeep]
|-damage|p1a: Rayquaza|41/100 tox|[from] psn
|upkeep
|turn|8
|
|t:|1629040567
|-weather|none
|switch|p1a: Yveltal|Yveltal|100/100
|-ability|p1a: Yveltal|Dark Aura
|move|p2a: Sableye|Protect||[still]
|-fail|p2a: Sableye
|
|upkeep
|turn|9
|
|t:|1629040570
|switch|p2a: Tyranitar|Tyranitar, M|100/100
|-weather|Sandstorm|[from] ability: Sand Stream|[of] p2a: Tyranitar
|move|p1a: Yveltal|Oblivion Wing|p2a: Tyranitar
|-resisted|p2a: Tyranitar
|-damage|p2a: Tyranitar|88/100
|-damage|p1a: Yveltal|91/100|[from] item: Life Orb
|
|-weather|Sandstorm|[upkeep]
|-damage|p1a: Yveltal|84/100|[from] Sandstorm
|-heal|p2a: Tyranitar|94/100|[from] item: Leftovers
|upkeep
|turn|10
|
|t:|1629040576
|switch|p1a: Arceus|Arceus-Ground|100/100
|move|p2a: Tyranitar|Rock Tomb|p1a: Arceus
|-resisted|p1a: Arceus
|-damage|p1a: Arceus|94/100
|-unboost|p1a: Arceus|spe|1
|
|-weather|Sandstorm|[upkeep]
|-heal|p2a: Tyranitar|99/100|[from] item: Leftovers
|upkeep
|turn|11
|
|t:|1629040580
|switch|p1a: Rayquaza|Rayquaza-Mega|41/100 tox
|-weather|DeltaStream|[from] ability: Delta Stream|[of] p1a: Rayquaza
|switch|p2a: Chansey|Chansey, F|100/100
|
|-weather|DeltaStream|[upkeep]
|-damage|p1a: Rayquaza|35/100 tox|[from] psn
|upkeep
|turn|12
|
|t:|1629040587
|switch|p2a: Tyranitar|Tyranitar, M|99/100
|-ability|p2a: Tyranitar|Sand Stream|[from] deltastream|[fail]
|move|p1a: Rayquaza|Dragon Ascent|p2a: Tyranitar
|-resisted|p2a: Tyranitar
|-damage|p2a: Tyranitar|48/100
|-unboost|p1a: Rayquaza|def|1
|-unboost|p1a: Rayquaza|spd|1
|
|-weather|DeltaStream|[upkeep]
|-heal|p2a: Tyranitar|54/100|[from] item: Leftovers
|-damage|p1a: Rayquaza|23/100 tox|[from] psn
|upkeep
|turn|13
|
|t:|1629040596
|switch|p2a: Lugia|Lugia|61/100
|move|p1a: Rayquaza|Dragon Ascent|p2a: Lugia
|-damage|p2a: Lugia|0 fnt
|-unboost|p1a: Rayquaza|def|1
|-unboost|p1a: Rayquaza|spd|1
|faint|p2a: Lugia
|
|-weather|DeltaStream|[upkeep]
|-damage|p1a: Rayquaza|5/100 tox|[from] psn
|upkeep
|
|t:|1629040599
|switch|p2a: Sableye|Sableye-Mega, M|8/100
|turn|14
|
|t:|1629040603
|move|p2a: Sableye|Protect|p2a: Sableye
|-singleturn|p2a: Sableye|Protect
|move|p1a: Rayquaza|Dragon Ascent|p2a: Sableye
|-activate|p2a: Sableye|move: Protect
|
|-weather|DeltaStream|[upkeep]
|-damage|p1a: Rayquaza|0 fnt|[from] psn
|faint|p1a: Rayquaza
|-weather|none
|upkeep
|
|t:|1629040622
|switch|p1a: Arceus|Arceus-Ground|94/100
|turn|15
|
|t:|1629040638
|switch|p2a: Chansey|Chansey, F|100/100
|move|p1a: Arceus|Swords Dance|p1a: Arceus
|-boost|p1a: Arceus|atk|2
|
|upkeep
|turn|16
|
|t:|1629040642
|switch|p2a: Quagsire|Quagsire, M|100/100
|-zpower|p1a: Arceus
|move|p1a: Arceus|Tectonic Rage|p2a: Quagsire|[zeffect]
|-damage|p2a: Quagsire|52/100
|
|upkeep
|turn|17
|
|t:|1629040649
|switch|p1a: Groudon|Groudon-Primal|100/100
|-weather|DesolateLand|[from] ability: Desolate Land|[of] p1a: Groudon
|move|p2a: Quagsire|Recover|p2a: Quagsire
|-heal|p2a: Quagsire|100/100
|
|-weather|DesolateLand|[upkeep]
|upkeep
|turn|18
|
|t:|1629040679
|switch|p2a: Giratina|Giratina|73/100 tox
|-ability|p2a: Giratina|Pressure
|move|p1a: Groudon|Toxic|p2a: Giratina
|-fail|p2a: Giratina|tox
|
|-weather|DesolateLand|[upkeep]
|-heal|p2a: Giratina|79/100 tox|[from] item: Leftovers
|-damage|p2a: Giratina|73/100 tox|[from] psn
|upkeep
|turn|19
|
|t:|1629040689
|move|p1a: Groudon|Stealth Rock|p2a: Giratina
|-sidestart|p2: AG Main Infernape|move: Stealth Rock
|move|p2a: Giratina|Toxic|p1a: Groudon
|-status|p1a: Groudon|tox
|
|-weather|DesolateLand|[upkeep]
|-heal|p2a: Giratina|79/100 tox|[from] item: Leftovers
|-damage|p1a: Groudon|94/100 tox|[from] psn
|-damage|p2a: Giratina|67/100 tox|[from] psn
|upkeep
|turn|20
|
|t:|1629040696
|-weather|none
|switch|p1a: Yveltal|Yveltal|84/100
|-ability|p1a: Yveltal|Dark Aura
|move|p2a: Giratina|Defog|p1a: Yveltal
|-unboost|p1a: Yveltal|evasion|1
|-sideend|p2: AG Main Infernape|Stealth Rock|[from] move: Defog|[of] p2a: Giratina
|
|-heal|p2a: Giratina|73/100 tox|[from] item: Leftovers
|-damage|p2a: Giratina|54/100 tox|[from] psn
|upkeep
|turn|21
|
|t:|1629040707
|switch|p2a: Tyranitar|Tyranitar, M|54/100
|-weather|Sandstorm|[from] ability: Sand Stream|[of] p2a: Tyranitar
|-start|p1a: Yveltal|Dynamax
|-heal|p1a: Yveltal|84/100|[silent]
|move|p1a: Yveltal|Max Darkness|p2a: Tyranitar
|-resisted|p2a: Tyranitar
|-damage|p2a: Tyranitar|20/100
|-unboost|p2a: Tyranitar|spd|1
|-damage|p1a: Yveltal|80/100|[from] item: Life Orb
|
|-weather|Sandstorm|[upkeep]
|-damage|p1a: Yveltal|76/100|[from] Sandstorm
|-heal|p2a: Tyranitar|26/100|[from] item: Leftovers
|upkeep
|turn|22
|
|t:|1629040728
|-start|p2a: Tyranitar|Dynamax
|-heal|p2a: Tyranitar|26/100|[silent]
|move|p1a: Yveltal|Max Darkness|p2a: Tyranitar
|-resisted|p2a: Tyranitar
|-damage|p2a: Tyranitar|9/100
|-unboost|p2a: Tyranitar|spd|1
|-damage|p1a: Yveltal|71/100|[from] item: Life Orb
|move|p2a: Tyranitar|Max Rockfall|p1a: Yveltal
|-supereffective|p1a: Yveltal
|-damage|p1a: Yveltal|19/100
|
|-weather|Sandstorm|[upkeep]
|-damage|p1a: Yveltal|16/100|[from] Sandstorm
|-heal|p2a: Tyranitar|12/100|[from] item: Leftovers
|upkeep
|turn|23
|
|t:|1629040746
|move|p2a: Tyranitar|Max Guard|p2a: Tyranitar
|-singleturn|p2a: Tyranitar|Max Guard
|move|p1a: Yveltal|Max Darkness|p2a: Tyranitar
|-activate|p2a: Tyranitar|move: Max Guard
|
|-weather|Sandstorm|[upkeep]
|-damage|p1a: Yveltal|13/100|[from] Sandstorm
|-heal|p2a: Tyranitar|15/100|[from] item: Leftovers
|-end|p1a: Yveltal|Dynamax
|-heal|p1a: Yveltal|13/100|[silent]
|upkeep
|turn|24
|
|t:|1629040756
|switch|p1a: Groudon|Groudon-Primal|94/100 tox
|-weather|DesolateLand|[from] ability: Desolate Land|[of] p1a: Groudon
|move|p2a: Tyranitar|Max Rockfall|p1a: Groudon
|-damage|p1a: Groudon|65/100 tox
|
|-weather|DesolateLand|[upkeep]
|-heal|p2a: Tyranitar|18/100|[from] item: Leftovers
|-damage|p1a: Groudon|58/100 tox|[from] psn
|-end|p2a: Tyranitar|Dynamax
|-heal|p2a: Tyranitar|19/100|[silent]
|upkeep
|turn|25
|
|t:|1629040761
|switch|p2a: Giratina|Giratina|54/100 tox
|-ability|p2a: Giratina|Pressure
|move|p1a: Groudon|Precipice Blades|p2a: Giratina|[miss]
|-miss|p1a: Groudon|p2a: Giratina
|
|-weather|DesolateLand|[upkeep]
|-heal|p2a: Giratina|61/100 tox|[from] item: Leftovers
|-damage|p1a: Groudon|46/100 tox|[from] psn
|-damage|p2a: Giratina|54/100 tox|[from] psn
|upkeep
|turn|26
|
|t:|1629040764
|-weather|none
|switch|p1a: Yveltal|Yveltal|13/100
|-ability|p1a: Yveltal|Dark Aura
|move|p2a: Giratina|Rest|p2a: Giratina
|-status|p2a: Giratina|slp|[from] move: Rest
|-heal|p2a: Giratina|100/100 slp|[silent]
|
|upkeep
|turn|27
|
|t:|1629040770
|switch|p2a: Chansey|Chansey, F|100/100
|move|p1a: Yveltal|Oblivion Wing|p2a: Chansey
|-damage|p2a: Chansey|85/100
|-heal|p1a: Yveltal|32/100|[from] drain|[of] p2a: Chansey
|-damage|p1a: Yveltal|22/100|[from] item: Life Orb
|
|upkeep
|turn|28
|
|t:|1629040773
|switch|p1a: Arceus|Arceus-Ground|94/100
|move|p2a: Chansey|Seismic Toss|p1a: Arceus
|-damage|p1a: Arceus|71/100
|
|upkeep
|turn|29
|
|t:|1629040781
|switch|p2a: Quagsire|Quagsire, M|100/100
|move|p1a: Arceus|Earthquake|p2a: Quagsire
|-damage|p2a: Quagsire|71/100
|
|upkeep
|turn|30
|
|t:|1629040787
|switch|p1a: Yveltal|Yveltal|100/100
|-ability|p1a: Yveltal|Dark Aura
|move|p2a: Quagsire|Toxic|p1a: Yveltal
|-status|p1a: Yveltal|tox
|
|-damage|p1a: Yveltal|94/100 tox|[from] psn
|upkeep
|turn|31
|
|t:|1629040791
|switch|p2a: Chansey|Chansey, F|85/100
|move|p1a: Yveltal|U-turn|p2a: Chansey
|-damage|p2a: Chansey|68/100
|inactive|Battle timer is ON: inactive players will automatically lose when time's up. (requested by AG Main Infernape)
|
|t:|1629040820
|switch|p1a: Groudon|Groudon-Primal|46/100 tox|[from]move: U-turn
|-weather|DesolateLand|[from] ability: Desolate Land|[of] p1a: Groudon
|
|-weather|DesolateLand|[upkeep]
|-damage|p1a: Groudon|40/100 tox|[from] psn
|upkeep
|turn|32
|-message|AnimeZZZZ5 forfeited.
|
|win|AG Main Infernape
|raw|AnimeZZZZ5's rating: 1825 &rarr; <strong>1800</strong><br />(-25 for losing)
|raw|AG Main Infernape's rating: 1732 &rarr; <strong>1757</strong><br />(+25 for winning)
|l|☆AnimeZZZZ5
