|j|☆Freeity
|j|☆Fitz-EU
|t:|1654389808
|gametype|singles
|player|p1|Freeity|hugh|1711
|player|p2|Fitz-EU|red|1649
|teamsize|p1|6
|teamsize|p2|6
|gen|8
|tier|[Gen 8] National Dex AG
|rated|
|rule|HP Percentage Mod: HP is shown in percentages
|rule|Endless Battle Clause: Forcing endless battles is banned
|clearpoke
|poke|p1|Arceus-*|
|poke|p1|Rayquaza|
|poke|p1|Arceus-*|
|poke|p1|Necrozma-Dusk-Mane|
|poke|p1|Kyogre|
|poke|p1|Arceus-*|
|poke|p2|Rayquaza|
|poke|p2|Ditto|
|poke|p2|Marshadow|
|poke|p2|Calyrex-Shadow|
|poke|p2|Kartana|
|poke|p2|Zacian-*|
|teampreview
|
|t:|1654389828
|start
|switch|p1a: Arceus|Arceus-Fairy|100/100
|switch|p2a: Kartana|Kartana|100/100
|turn|1
|
|t:|1654389837
|-start|p2a: Kartana|Dynamax|
|-heal|p2a: Kartana|100/100|[silent]
|move|p1a: Arceus|Will-O-Wisp|p2a: Kartana
|-status|p2a: Kartana|brn
|move|p2a: Kartana|Max Airstream|p1a: Arceus
|-damage|p1a: Arceus|80/100
|-boost|p2a: Kartana|spe|1
|-damage|p2a: Kartana|95/100 brn|[from] item: Life Orb
|
|-damage|p2a: Kartana|92/100 brn|[from] brn
|upkeep
|turn|2
|
|t:|1654389847
|switch|p1a: Necrozma|Necrozma-Dusk-Mane|100/100
|move|p2a: Kartana|Max Knuckle|p1a: Necrozma
|-damage|p1a: Necrozma|86/100
|-boost|p2a: Kartana|atk|1
|-damage|p2a: Kartana|87/100 brn|[from] item: Life Orb
|
|-damage|p2a: Kartana|84/100 brn|[from] brn
|upkeep
|turn|3
|
|t:|1654389858
|move|p2a: Kartana|Max Darkness|p1a: Necrozma
|-supereffective|p1a: Necrozma
|-damage|p1a: Necrozma|42/100
|-unboost|p1a: Necrozma|spd|1
|-damage|p2a: Kartana|79/100 brn|[from] item: Life Orb
|move|p1a: Necrozma|Knock Off|p2a: Kartana
|-damage|p2a: Kartana|63/100 brn
|-enditem|p2a: Kartana|Life Orb|[from] move: Knock Off|[of] p1a: Necrozma
|
|-damage|p2a: Kartana|60/100 brn|[from] brn
|upkeep
|-end|p2a: Kartana|Dynamax
|-heal|p2a: Kartana|60/100 brn|[silent]
|turn|4
|
|t:|1654389865
|move|p2a: Kartana|Knock Off|p1a: Necrozma
|-supereffective|p1a: Necrozma
|-damage|p1a: Necrozma|16/100
|-damage|p2a: Kartana|43/100 brn|[from] item: Rocky Helmet|[of] p1a: Necrozma
|-enditem|p1a: Necrozma|Rocky Helmet|[from] move: Knock Off|[of] p2a: Kartana
|move|p1a: Necrozma|Moonlight|p1a: Necrozma
|-heal|p1a: Necrozma|66/100
|
|-damage|p2a: Kartana|37/100 brn|[from] brn
|upkeep
|turn|5
|
|t:|1654389869
|move|p2a: Kartana|Knock Off|p1a: Necrozma
|-supereffective|p1a: Necrozma
|-damage|p1a: Necrozma|49/100
|move|p1a: Necrozma|Moonlight|p1a: Necrozma
|-heal|p1a: Necrozma|99/100
|
|-damage|p2a: Kartana|31/100 brn|[from] brn
|upkeep
|turn|6
|
|t:|1654389875
|move|p2a: Kartana|Leaf Blade|p1a: Necrozma
|-resisted|p1a: Necrozma
|-crit|p1a: Necrozma
|-damage|p1a: Necrozma|82/100
|move|p1a: Necrozma|Stealth Rock|p2a: Kartana
|-sidestart|p2: Fitz-EU|move: Stealth Rock
|
|-damage|p2a: Kartana|25/100 brn|[from] brn
|upkeep
|turn|7
|
|t:|1654389880
|move|p2a: Kartana|Sacred Sword|p1a: Necrozma
|-damage|p1a: Necrozma|66/100
|move|p1a: Necrozma|Moonlight|p1a: Necrozma
|-heal|p1a: Necrozma|100/100
|
|-damage|p2a: Kartana|19/100 brn|[from] brn
|upkeep
|turn|8
|
|t:|1654389889
|switch|p1a: Lazy|Rayquaza|100/100
|-ability|p1a: Lazy|Air Lock
|move|p2a: Kartana|Knock Off|p1a: Lazy
|-damage|p1a: Lazy|68/100
|-enditem|p1a: Lazy|Life Orb|[from] move: Knock Off|[of] p2a: Kartana
|
|-damage|p2a: Kartana|12/100 brn|[from] brn
|upkeep
|turn|9
|
|t:|1654389900
|detailschange|p1a: Lazy|Rayquaza-Mega
|-mega|p1a: Lazy|Rayquaza|
|-weather|DeltaStream|[from] ability: Delta Stream|[of] p1a: Lazy
|move|p2a: Kartana|Aerial Ace|p1a: Lazy
|-damage|p1a: Lazy|47/100
|move|p1a: Lazy|Scale Shot|p2a: Kartana
|-resisted|p2a: Kartana
|-damage|p2a: Kartana|4/100 brn
|-resisted|p2a: Kartana
|-damage|p2a: Kartana|0 fnt
|faint|p2a: Kartana
|-hitcount|p2: Kartana|2
|-unboost|p1a: Lazy|def|1
|-boost|p1a: Lazy|spe|1
|
|-weather|DeltaStream|[upkeep]
|upkeep
|
|t:|1654389913
|switch|p2a: Ditto|Ditto|100/100
|-damage|p2a: Ditto|88/100|[from] Stealth Rock
|-transform|p2a: Ditto|p1a: Lazy|[from] ability: Imposter
|turn|10
|
|t:|1654389925
|move|p2a: Ditto|Extreme Speed|p1a: Lazy
|-damage|p1a: Lazy|0 fnt
|faint|p1a: Lazy
|
|-weather|DeltaStream|[upkeep]
|upkeep
|
|t:|1654389929
|switch|p1a: Necrozma|Necrozma-Dusk-Mane|100/100
|turn|11
|
|t:|1654389933
|move|p2a: Ditto|Extreme Speed|p1a: Necrozma
|-resisted|p1a: Necrozma
|-damage|p1a: Necrozma|92/100
|move|p1a: Necrozma|Sunsteel Strike|p2a: Ditto
|-damage|p2a: Ditto|0 fnt
|faint|p2a: Ditto
|-weather|none
|
|upkeep
|
|t:|1654389940
|switch|p2a: Calyrex|Calyrex-Shadow|100/100
|-ability|p2a: Calyrex|As One
|-ability|p2a: Calyrex|Unnerve
|-damage|p2a: Calyrex|88/100|[from] Stealth Rock
|turn|12
|
|t:|1654389944
|switch|p1a: Arceus|Arceus-Dark|100/100
|move|p2a: Calyrex|Nasty Plot|p2a: Calyrex
|-boost|p2a: Calyrex|spa|2
|
|upkeep
|turn|13
|
|t:|1654389948
|move|p2a: Calyrex|Giga Drain|p1a: Arceus
|-damage|p1a: Arceus|70/100
|-heal|p2a: Calyrex|100/100|[from] drain|[of] p1a: Arceus
|move|p1a: Arceus|Judgment|p2a: Calyrex
|-supereffective|p2a: Calyrex
|-enditem|p2a: Calyrex|Focus Sash
|-damage|p2a: Calyrex|1/100
|
|upkeep
|turn|14
|
|t:|1654389954
|move|p2a: Calyrex|Astral Barrage|p1a: Arceus
|-resisted|p1a: Arceus
|-damage|p1a: Arceus|33/100
|move|p1a: Arceus|Judgment|p2a: Calyrex
|-supereffective|p2a: Calyrex
|-damage|p2a: Calyrex|0 fnt
|faint|p2a: Calyrex
|
|upkeep
|
|t:|1654389965
|switch|p2a: Marshadow|Marshadow|100/100
|-damage|p2a: Marshadow|94/100|[from] Stealth Rock
|turn|15
|
|t:|1654389970
|switch|p1a: Arceus|Arceus-Fairy|80/100
|move|p2a: Marshadow|Drain Punch|p1a: Arceus
|-resisted|p1a: Arceus
|-damage|p1a: Arceus|67/100
|-heal|p2a: Marshadow|100/100|[from] drain|[of] p1a: Arceus
|
|upkeep
|turn|16
|
|t:|1654389979
|move|p2a: Marshadow|Spectral Thief|p1a: Arceus
|-damage|p1a: Arceus|41/100
|move|p1a: Arceus|Will-O-Wisp|p2a: Marshadow
|-status|p2a: Marshadow|brn
|
|-damage|p2a: Marshadow|94/100 brn|[from] brn
|upkeep
|turn|17
|
|t:|1654389986
|move|p2a: Marshadow|Shadow Sneak|p1a: Arceus
|-damage|p1a: Arceus|30/100
|move|p1a: Arceus|Recover|p1a: Arceus
|-heal|p1a: Arceus|80/100
|
|-damage|p2a: Marshadow|88/100 brn|[from] brn
|upkeep
|turn|18
|
|t:|1654389992
|switch|p2a: Zacian|Zacian-Crowned|100/100
|-damage|p2a: Zacian|94/100|[from] Stealth Rock
|-ability|p2a: Zacian|Intrepid Sword|boost
|-boost|p2a: Zacian|atk|1
|move|p1a: Arceus|Will-O-Wisp|p2a: Zacian
|-status|p2a: Zacian|brn
|
|-damage|p2a: Zacian|88/100 brn|[from] brn
|upkeep
|turn|19
|
|t:|1654389996
|switch|p1a: Necrozma|Necrozma-Dusk-Mane|92/100
|move|p2a: Zacian|Play Rough|p1a: Necrozma|[miss]
|-miss|p2a: Zacian|p1a: Necrozma
|
|-damage|p2a: Zacian|82/100 brn|[from] brn
|upkeep
|turn|20
|
|t:|1654390002
|move|p2a: Zacian|Close Combat|p1a: Necrozma
|-damage|p1a: Necrozma|71/100
|-unboost|p2a: Zacian|def|1
|-unboost|p2a: Zacian|spd|1
|move|p1a: Necrozma|Sunsteel Strike|p2a: Zacian
|-damage|p2a: Zacian|4/100 brn
|
|-damage|p2a: Zacian|0 fnt|[from] brn
|faint|p2a: Zacian
|upkeep
|-message|Fitz-EU forfeited.
|
|win|Freeity
|raw|Freeity's rating: 1711 &rarr; <strong>1727</strong><br />(+16 for winning)
|raw|Fitz-EU's rating: 1649 &rarr; <strong>1633</strong><br />(-16 for losing)
|l|☆Fitz-EU
