|j|☆Defensive0
|j|☆ringlord
|inactive|Battle timer is ON: inactive players will automatically lose when time's up.
|t:|1668713215
|gametype|singles
|player|p1|Defensive0|riley|
|player|p2|ringlord|265|
|teamsize|p1|6
|teamsize|p2|6
|gen|8
|tier|[Gen 8] National Dex AG
|rated|Tournament battle
|rule|HP Percentage Mod: HP is shown in percentages
|rule|Endless Battle Clause: Forcing endless battles is banned
|clearpoke
|poke|p1|Groudon|
|poke|p1|Ditto|
|poke|p1|Arceus-*|
|poke|p1|Mewtwo|
|poke|p1|Arceus-*|
|poke|p1|Yveltal|
|poke|p2|Yveltal|
|poke|p2|Necrozma-Dusk-Mane|
|poke|p2|Ho-Oh|
|poke|p2|Rayquaza|
|poke|p2|Ditto|
|poke|p2|Arceus-*|
|teampreview
|j|*Lady Monita ☽
|inactive|Defensive0 also wants the timer to be on.
|c|☆ringlord|gl hf
|
|t:|1668713225
|start
|switch|p1a: Arceus|Arceus-Fairy|100/100
|switch|p2a: Arceus|Arceus|100/100
|turn|1
|
|t:|1668713232
|move|p2a: Arceus|Swords Dance|p2a: Arceus
|-boost|p2a: Arceus|atk|2
|move|p1a: Arceus|Stealth Rock|p2a: Arceus
|-sidestart|p2: ringlord|move: Stealth Rock
|
|upkeep
|turn|2
|
|t:|1668713240
|switch|p1a: Groudon|Groudon|100/100
|detailschange|p1a: Groudon|Groudon-Primal
|-primal|p1a: Groudon
|-weather|DesolateLand|[from] ability: Desolate Land|[of] p1a: Groudon
|move|p2a: Arceus|Extreme Speed|p1a: Groudon
|-damage|p1a: Groudon|41/100
|
|-weather|DesolateLand|[upkeep]
|upkeep
|turn|3
|j| neckbeard007
|
|t:|1668713243
|move|p2a: Arceus|Extreme Speed|p1a: Groudon
|-damage|p1a: Groudon|0 fnt
|faint|p1a: Groudon
|-weather|none
|
|upkeep
|
|t:|1668713247
|switch|p1a: Yveltal|Yveltal, shiny|100/100
|-ability|p1a: Yveltal|Dark Aura
|turn|4
|
|t:|1668713250
|move|p2a: Arceus|Extreme Speed|p1a: Yveltal
|-damage|p1a: Yveltal|35/100
|move|p1a: Yveltal|Foul Play|p2a: Arceus
|-damage|p2a: Arceus|16/100
|
|upkeep
|turn|5
|
|t:|1668713254
|move|p2a: Arceus|Extreme Speed|p1a: Yveltal
|-damage|p1a: Yveltal|0 fnt
|faint|p1a: Yveltal
|
|upkeep
|
|t:|1668713256
|switch|p1a: Ditto|Ditto, shiny|100/100
|-transform|p1a: Ditto|p2a: Arceus|[from] ability: Imposter
|turn|6
|
|t:|1668713260
|move|p1a: Ditto|Extreme Speed|p2a: Arceus
|-damage|p2a: Arceus|0 fnt
|faint|p2a: Arceus
|
|upkeep
|j| bvance121212
|l| bvance121212
|
|t:|1668713272
|switch|p2a: Necrozma|Necrozma-Dusk-Mane|100/100
|-damage|p2a: Necrozma|94/100|[from] Stealth Rock
|turn|7
|
|t:|1668713275
|switch|p2a: Ho-Oh|Ho-Oh|100/100
|-start|p1a: Ditto|Dynamax|
|-heal|p1a: Ditto|100/100|[silent]
|move|p1a: Ditto|Max Phantasm|p2a: Ho-Oh
|-damage|p2a: Ho-Oh|46/100
|-unboost|p2a: Ho-Oh|def|1
|
|upkeep
|turn|8
|
|t:|1668713284
|move|p1a: Ditto|Max Phantasm|p2a: Ho-Oh
|-damage|p2a: Ho-Oh|0 fnt
|faint|p2a: Ho-Oh
|
|upkeep
|inactive|ringlord has 120 seconds left.
|
|t:|1668713322
|switch|p2a: Rayquaza|Rayquaza|100/100
|-damage|p2a: Rayquaza|76/100|[from] Stealth Rock
|-ability|p2a: Rayquaza|Air Lock
|turn|9
|
|t:|1668713326
|detailschange|p2a: Rayquaza|Rayquaza-Mega
|-mega|p2a: Rayquaza|Rayquaza|
|-weather|DeltaStream|[from] ability: Delta Stream|[of] p2a: Rayquaza
|move|p2a: Rayquaza|Extreme Speed|p1a: Ditto
|-damage|p1a: Ditto|77/100
|-damage|p2a: Rayquaza|66/100|[from] item: Life Orb
|move|p1a: Ditto|Max Phantasm|p2a: Rayquaza
|-damage|p2a: Rayquaza|0 fnt
|faint|p2a: Rayquaza
|-weather|none
|
|upkeep
|
|t:|1668713333
|switch|p2a: Necrozma|Necrozma-Dusk-Mane|94/100
|-damage|p2a: Necrozma|88/100|[from] Stealth Rock
|-end|p1a: Ditto|Dynamax
|-heal|p1a: Ditto|77/100|[silent]
|turn|10
|
|t:|1668713339
|switch|p1a: Arceus|Arceus|100/100
|move|p2a: Necrozma|Knock Off|p1a: Arceus
|-damage|p1a: Arceus|78/100
|-enditem|p1a: Arceus|Lum Berry|[from] move: Knock Off|[of] p2a: Necrozma
|
|upkeep
|turn|11
|
|t:|1668713349
|move|p1a: Arceus|Shadow Claw|p2a: Necrozma
|-supereffective|p2a: Necrozma
|-damage|p2a: Necrozma|67/100
|-damage|p1a: Arceus|61/100|[from] item: Rocky Helmet|[of] p2a: Necrozma
|move|p2a: Necrozma|Sunsteel Strike|p1a: Arceus
|-damage|p1a: Arceus|29/100
|
|upkeep
|turn|12
|
|t:|1668713354
|move|p1a: Arceus|Recover|p1a: Arceus
|-heal|p1a: Arceus|79/100
|move|p2a: Necrozma|Morning Sun|p2a: Necrozma
|-heal|p2a: Necrozma|100/100
|
|upkeep
|turn|13
|
|t:|1668713358
|move|p1a: Arceus|Shadow Claw|p2a: Necrozma
|-supereffective|p2a: Necrozma
|-damage|p2a: Necrozma|79/100
|-damage|p1a: Arceus|63/100|[from] item: Rocky Helmet|[of] p2a: Necrozma
|move|p2a: Necrozma|Stealth Rock|p1a: Arceus
|-sidestart|p1: Defensive0|move: Stealth Rock
|
|upkeep
|turn|14
|
|t:|1668713363
|move|p1a: Arceus|Shadow Claw|p2a: Necrozma
|-supereffective|p2a: Necrozma
|-damage|p2a: Necrozma|59/100
|-damage|p1a: Arceus|46/100|[from] item: Rocky Helmet|[of] p2a: Necrozma
|move|p2a: Necrozma|Sunsteel Strike|p1a: Arceus
|-damage|p1a: Arceus|10/100
|
|upkeep
|turn|15
|
|t:|1668713377
|move|p1a: Arceus|Recover|p1a: Arceus
|-heal|p1a: Arceus|60/100
|move|p2a: Necrozma|Knock Off|p1a: Arceus
|-damage|p1a: Arceus|46/100
|
|upkeep
|turn|16
|
|t:|1668713381
|move|p1a: Arceus|Recover|p1a: Arceus
|-heal|p1a: Arceus|96/100
|move|p2a: Necrozma|Knock Off|p1a: Arceus
|-damage|p1a: Arceus|81/100
|
|upkeep
|turn|17
|
|t:|1668713386
|move|p1a: Arceus|Shadow Claw|p2a: Necrozma
|-supereffective|p2a: Necrozma
|-damage|p2a: Necrozma|41/100
|-damage|p1a: Arceus|65/100|[from] item: Rocky Helmet|[of] p2a: Necrozma
|move|p2a: Necrozma|Morning Sun|p2a: Necrozma
|-heal|p2a: Necrozma|90/100
|
|upkeep
|turn|18
|
|t:|1668713390
|move|p1a: Arceus|Shadow Claw|p2a: Necrozma
|-supereffective|p2a: Necrozma
|-damage|p2a: Necrozma|72/100
|-damage|p1a: Arceus|48/100|[from] item: Rocky Helmet|[of] p2a: Necrozma
|move|p2a: Necrozma|Sunsteel Strike|p1a: Arceus
|-damage|p1a: Arceus|15/100
|
|upkeep
|turn|19
|
|t:|1668713397
|move|p1a: Arceus|Recover|p1a: Arceus
|-heal|p1a: Arceus|65/100
|move|p2a: Necrozma|Knock Off|p1a: Arceus
|-crit|p1a: Arceus
|-damage|p1a: Arceus|42/100
|
|upkeep
|turn|20
|
|t:|1668713401
|move|p1a: Arceus|Recover|p1a: Arceus
|-heal|p1a: Arceus|92/100
|move|p2a: Necrozma|Sunsteel Strike|p1a: Arceus
|-damage|p1a: Arceus|58/100
|
|upkeep
|turn|21
|
|t:|1668713406
|move|p1a: Arceus|Recover|p1a: Arceus
|-heal|p1a: Arceus|100/100
|move|p2a: Necrozma|Knock Off|p1a: Arceus
|-damage|p1a: Arceus|87/100
|
|upkeep
|turn|22
|
|t:|1668713412
|switch|p1a: Ditto|Ditto, shiny|77/100
|-damage|p1a: Ditto|64/100|[from] Stealth Rock
|-transform|p1a: Ditto|p2a: Necrozma|[from] ability: Imposter
|move|p2a: Necrozma|Knock Off|p1a: Ditto
|-supereffective|p1a: Ditto
|-damage|p1a: Ditto|32/100
|-enditem|p1a: Ditto|Choice Scarf|[from] move: Knock Off|[of] p2a: Necrozma
|
|upkeep
|turn|23
|
|t:|1668713423
|move|p2a: Necrozma|Knock Off|p1a: Ditto
|-supereffective|p1a: Ditto
|-damage|p1a: Ditto|7/100
|move|p1a: Ditto|Knock Off|p2a: Necrozma
|-supereffective|p2a: Necrozma
|-damage|p2a: Necrozma|47/100
|-damage|p1a: Ditto|0 fnt|[from] item: Rocky Helmet|[of] p2a: Necrozma
|faint|p1a: Ditto
|
|upkeep
|
|t:|1668713428
|switch|p1a: Mewtwo|Mewtwo|100/100
|-damage|p1a: Mewtwo|88/100|[from] Stealth Rock
|-ability|p1a: Mewtwo|Pressure
|turn|24
|
|t:|1668713434
|detailschange|p1a: Mewtwo|Mewtwo-Mega-X
|-mega|p1a: Mewtwo|Mewtwo|Mewtwonite X
|move|p1a: Mewtwo|Taunt|p2a: Necrozma
|-start|p2a: Necrozma|move: Taunt
|move|p2a: Necrozma|Knock Off|p1a: Mewtwo
|-damage|p1a: Mewtwo|67/100
|
|upkeep
|turn|25
|
|t:|1668713440
|move|p1a: Mewtwo|Low Kick|p2a: Necrozma
|-crit|p2a: Necrozma
|-damage|p2a: Necrozma|0 fnt
|-damage|p1a: Mewtwo|50/100|[from] item: Rocky Helmet|[of] p2a: Necrozma
|faint|p2a: Necrozma
|
|upkeep
|
|t:|1668713446
|switch|p2a: Yveltal|Yveltal|100/100
|-damage|p2a: Yveltal|76/100|[from] Stealth Rock
|-ability|p2a: Yveltal|Dark Aura
|turn|26
|
|t:|1668713449
|-start|p2a: Yveltal|Dynamax|
|-heal|p2a: Yveltal|76/100|[silent]
|move|p1a: Mewtwo|Stone Edge|p2a: Yveltal
|-supereffective|p2a: Yveltal
|-damage|p2a: Yveltal|36/100
|move|p2a: Yveltal|Max Airstream|p1a: Mewtwo
|-supereffective|p1a: Mewtwo
|-damage|p1a: Mewtwo|0 fnt
|-boost|p2a: Yveltal|spe|1
|faint|p1a: Mewtwo
|-damage|p2a: Yveltal|31/100|[from] item: Life Orb
|
|upkeep
|
|t:|1668713453
|switch|p1a: Arceus|Arceus-Fairy|100/100
|-damage|p1a: Arceus|88/100|[from] Stealth Rock
|turn|27
|inactive|ringlord has 120 seconds left.
|
|t:|1668713494
|move|p2a: Yveltal|Max Airstream|p1a: Arceus
|-damage|p1a: Arceus|25/100
|-boost|p2a: Yveltal|spe|1
|-damage|p2a: Yveltal|26/100|[from] item: Life Orb
|move|p1a: Arceus|Judgment|p2a: Yveltal
|-supereffective|p2a: Yveltal
|-damage|p2a: Yveltal|0 fnt
|faint|p2a: Yveltal
|
|upkeep
|
|t:|1668713498
|switch|p2a: Ditto|Ditto|100/100
|-damage|p2a: Ditto|88/100|[from] Stealth Rock
|-transform|p2a: Ditto|p1a: Arceus|[from] ability: Imposter
|turn|28
|inactive|ringlord has 120 seconds left.
|
|t:|1668713505
|move|p2a: Ditto|Judgment|p1a: Arceus
|-damage|p1a: Arceus|10/100
|move|p1a: Arceus|Recover|p1a: Arceus
|-heal|p1a: Arceus|60/100
|
|upkeep
|turn|29
|c|☆Defensive0|Gg
|c|☆ringlord|gg
|-message|ringlord forfeited.
|
|win|Defensive0
|n|☆Defensive0|defensive0
|n|☆ringlord|ringlord
|n|*Lady Monita ☽|ladymonita
|n| neckbeard007|neckbeard007
|l|*Lady Monita ☽
