|j|☆SpookyMareep
|j|☆moyv123
|t:|1665806696
|gametype|singles
|player|p1|SpookyMareep|scientistf|1554
|player|p2|moyv123|101|1757
|teamsize|p1|6
|teamsize|p2|6
|gen|8
|tier|[Gen 8] National Dex AG
|rated|
|rule|HP Percentage Mod: HP is shown in percentages
|rule|Endless Battle Clause: Forcing endless battles is banned
|clearpoke
|poke|p1|Ditto|
|poke|p1|Marshadow|
|poke|p1|Toxapex, F|
|poke|p1|Shedinja|
|poke|p1|Quagsire, M|
|poke|p1|Landorus-Therian, M|
|poke|p2|Arceus-*|
|poke|p2|Arceus-*|
|poke|p2|Rayquaza|
|poke|p2|Lugia|
|poke|p2|Zacian-*|
|poke|p2|Zygarde|
|teampreview
|
|t:|1665806714
|start
|switch|p1a: SpookyMareep(YT)|Marshadow|100/100
|switch|p2a: Arceus|Arceus|100/100
|turn|1
|
|t:|1665806741
|-start|p2a: Arceus|Dynamax|
|-heal|p2a: Arceus|100/100|[silent]
|move|p1a: SpookyMareep(YT)|Drain Punch|p2a: Arceus
|-supereffective|p2a: Arceus
|-damage|p2a: Arceus|66/100
|-damage|p1a: SpookyMareep(YT)|91/100|[from] item: Life Orb
|move|p2a: Arceus|Max Phantasm|p1a: SpookyMareep(YT)
|-supereffective|p1a: SpookyMareep(YT)
|-damage|p1a: SpookyMareep(YT)|0 fnt
|faint|p1a: SpookyMareep(YT)
|
|upkeep
|
|t:|1665806746
|switch|p1a: Yakuza|Toxapex, F|100/100
|turn|2
|
|t:|1665806757
|move|p2a: Arceus|Max Strike|p1a: Yakuza
|-damage|p1a: Yakuza|56/100
|-unboost|p1a: Yakuza|spe|1
|move|p1a: Yakuza|Toxic Spikes|p2a: Arceus
|-sidestart|p2: moyv123|move: Toxic Spikes
|
|upkeep
|turn|3
|
|t:|1665806776
|switch|p1a: :)|Quagsire, M|100/100
|move|p2a: Arceus|Max Strike|p1a: :)
|-damage|p1a: :)|49/100
|-unboost|p1a: :)|spe|1
|
|upkeep
|-end|p2a: Arceus|Dynamax
|-heal|p2a: Arceus|66/100|[silent]
|turn|4
|
|t:|1665806787
|switch|p1a: Yakuza|Toxapex, F|89/100
|move|p2a: Arceus|Defog|p1a: Yakuza
|-unboost|p1a: Yakuza|evasion|1
|-sideend|p2: moyv123|Toxic Spikes|[from] move: Defog|[of] p2a: Arceus
|
|upkeep
|turn|5
|
|t:|1665806799
|move|p2a: Arceus|Swords Dance|p2a: Arceus
|-boost|p2a: Arceus|atk|2
|move|p1a: Yakuza|Toxic|p2a: Arceus
|-status|p2a: Arceus|tox
|-enditem|p2a: Arceus|Lum Berry|[eat]
|-curestatus|p2a: Arceus|tox|[msg]
|
|upkeep
|turn|6
|
|t:|1665806807
|move|p2a: Arceus|Extreme Speed|p1a: Yakuza
|-damage|p1a: Yakuza|37/100
|-damage|p2a: Arceus|50/100|[from] item: Rocky Helmet|[of] p1a: Yakuza
|move|p1a: Yakuza|Toxic|p2a: Arceus
|-status|p2a: Arceus|tox
|
|-damage|p2a: Arceus|44/100 tox|[from] psn
|upkeep
|turn|7
|
|t:|1665806835
|switch|p1a: Yakuza.|Shedinja|100/100
|move|p2a: Arceus|Extreme Speed|p1a: Yakuza.
|-immune|p1a: Yakuza.|[from] ability: Wonder Guard
|
|-damage|p2a: Arceus|31/100 tox|[from] psn
|upkeep
|turn|8
|
|t:|1665806844
|switch|p1a: Yakuza|Toxapex, F|70/100
|move|p2a: Arceus|Shadow Claw|p1a: Yakuza
|-damage|p1a: Yakuza|41/100
|-damage|p2a: Arceus|15/100 tox|[from] item: Rocky Helmet|[of] p1a: Yakuza
|
|-damage|p2a: Arceus|0 fnt|[from] psn
|faint|p2a: Arceus
|upkeep
|
|t:|1665806857
|switch|p2a: Rayquaza|Rayquaza, shiny|100/100
|-ability|p2a: Rayquaza|Air Lock
|turn|9
|
|t:|1665806870
|switch|p1a: :)|Quagsire, M|49/100
|detailschange|p2a: Rayquaza|Rayquaza-Mega, shiny
|-mega|p2a: Rayquaza|Rayquaza|
|-weather|DeltaStream|[from] ability: Delta Stream|[of] p2a: Rayquaza
|move|p2a: Rayquaza|Dragon Ascent|p1a: :)
|-damage|p1a: :)|0 fnt
|-unboost|p2a: Rayquaza|def|1
|-unboost|p2a: Rayquaza|spd|1
|-damage|p2a: Rayquaza|84/100|[from] item: Rocky Helmet|[of] p1a: :)
|faint|p1a: :)
|-damage|p2a: Rayquaza|74/100|[from] item: Life Orb
|
|-weather|DeltaStream|[upkeep]
|upkeep
|
|t:|1665806873
|switch|p1a: Zacian! Wait STOP!|Ditto|100/100
|-transform|p1a: Zacian! Wait STOP!|p2a: Rayquaza|[from] ability: Imposter
|turn|10
|
|t:|1665806891
|switch|p2a: Lugia|Lugia|100/100
|move|p1a: Zacian! Wait STOP!|Dragon Ascent|p2a: Lugia
|-damage|p2a: Lugia|80/100
|-unboost|p1a: Zacian! Wait STOP!|def|1
|-unboost|p1a: Zacian! Wait STOP!|spd|1
|
|-weather|DeltaStream|[upkeep]
|upkeep
|turn|11
|
|t:|1665806902
|-weather|none
|switch|p1a: Yakuza|Toxapex, F|74/100
|move|p2a: Lugia|Roost|p2a: Lugia
|-heal|p2a: Lugia|100/100
|-singleturn|p2a: Lugia|move: Roost
|
|upkeep
|turn|12
|
|t:|1665806918
|switch|p2a: Arceus|Arceus-Dark|100/100
|move|p1a: Yakuza|Toxic|p2a: Arceus
|-status|p2a: Arceus|tox
|
|-damage|p2a: Arceus|94/100 tox|[from] psn
|upkeep
|turn|13
|j| LeoLoga
|
|t:|1665806934
|move|p2a: Arceus|Stealth Rock|p1a: Yakuza
|-sidestart|p1: SpookyMareep|move: Stealth Rock
|move|p1a: Yakuza|Toxic Spikes|p2a: Arceus
|-sidestart|p2: moyv123|move: Toxic Spikes
|
|-damage|p2a: Arceus|82/100 tox|[from] psn
|upkeep
|turn|14
|
|t:|1665806946
|switch|p2a: Rayquaza|Rayquaza-Mega, shiny|74/100
|-weather|DeltaStream|[from] ability: Delta Stream|[of] p2a: Rayquaza
|move|p1a: Yakuza|Toxic Spikes|p2a: Rayquaza
|-sidestart|p2: moyv123|move: Toxic Spikes
|
|-weather|DeltaStream|[upkeep]
|upkeep
|turn|15
|
|t:|1665806975
|move|p2a: Rayquaza|Dragon Ascent|p1a: Yakuza
|-damage|p1a: Yakuza|3/100
|-unboost|p2a: Rayquaza|def|1
|-unboost|p2a: Rayquaza|spd|1
|-damage|p2a: Rayquaza|58/100|[from] item: Rocky Helmet|[of] p1a: Yakuza
|-damage|p2a: Rayquaza|48/100|[from] item: Life Orb
|move|p1a: Yakuza|Toxic|p2a: Rayquaza
|-status|p2a: Rayquaza|tox
|
|-weather|DeltaStream|[upkeep]
|-damage|p2a: Rayquaza|42/100 tox|[from] psn
|upkeep
|turn|16
|j| TomoTaco69
|
|t:|1665806989
|switch|p1a: >1440 ELO TEAM|Landorus-Therian, M|100/100
|-ability|p1a: >1440 ELO TEAM|Intimidate|boost
|-unboost|p2a: Rayquaza|atk|1
|move|p2a: Rayquaza|Dragon Ascent|p1a: >1440 ELO TEAM
|-damage|p1a: >1440 ELO TEAM|5/100
|-unboost|p2a: Rayquaza|def|1
|-unboost|p2a: Rayquaza|spd|1
|-damage|p2a: Rayquaza|32/100 tox|[from] item: Life Orb
|
|-weather|DeltaStream|[upkeep]
|-damage|p2a: Rayquaza|20/100 tox|[from] psn
|upkeep
|turn|17
|
|t:|1665807014
|-weather|none
|switch|p2a: Zacian|Zacian-Crowned, shiny|100/100
|-ability|p2a: Zacian|Intrepid Sword|boost
|-boost|p2a: Zacian|atk|1
|move|p1a: >1440 ELO TEAM|Defog|p2a: Zacian
|-unboost|p2a: Zacian|evasion|1
|-sideend|p2: moyv123|Toxic Spikes|[from] move: Defog|[of] p1a: >1440 ELO TEAM
|-sideend|p1: SpookyMareep|Stealth Rock|[from] move: Defog|[of] p1a: >1440 ELO TEAM
|
|upkeep
|turn|18
|
|t:|1665807039
|switch|p2a: Arceus|Arceus-Dark|82/100 tox
|switch|p1a: Yakuza|Toxapex, F|36/100
|
|-damage|p2a: Arceus|76/100 tox|[from] psn
|upkeep
|turn|19
|
|t:|1665807052
|move|p2a: Arceus|Judgment|p1a: Yakuza
|-damage|p1a: Yakuza|0 fnt
|faint|p1a: Yakuza
|
|-damage|p2a: Arceus|64/100 tox|[from] psn
|upkeep
|-message|SpookyMareep forfeited.
|
|win|moyv123
|raw|SpookyMareep's rating: 1554 &rarr; <strong>1545</strong><br />(-9 for losing)
|raw|moyv123's rating: 1757 &rarr; <strong>1766</strong><br />(+9 for winning)
|l|☆SpookyMareep
