|j|☆Magagarm
|j|☆Chompychipper
|t:|1649355106
|gametype|singles
|player|p1|Magagarm|gambler|1541
|player|p2|Chompychipper|2|1622
|teamsize|p1|6
|teamsize|p2|6
|gen|8
|tier|[Gen 8] National Dex AG
|rated|
|rule|HP Percentage Mod: HP is shown in percentages
|rule|Endless Battle Clause: Forcing endless battles is banned
|clearpoke
|poke|p1|Zacian-*|
|poke|p1|Groudon|
|poke|p1|Arceus-*|
|poke|p1|Arceus-*|
|poke|p1|Yveltal|
|poke|p1|Marshadow|
|poke|p2|Groudon|
|poke|p2|Groudon|
|poke|p2|Groudon|
|poke|p2|Groudon|
|poke|p2|Groudon|
|poke|p2|Groudon|
|teampreview
|c|☆Magagarm|HAHAHAHA
|c|☆Magagarm|BROU
|c|☆Magagarm|AHAHAHA
|
|t:|1649355129
|start
|switch|p1a: Groudon|Groudon|100/100
|switch|p2a: Groudon|Groudon|100/100
|-weather|SunnyDay|[from] ability: Drought|[of] p2a: Groudon
|detailschange|p1a: Groudon|Groudon-Primal
|-primal|p1a: Groudon
|-weather|DesolateLand|[from] ability: Desolate Land|[of] p1a: Groudon
|turn|1
|
|t:|1649355138
|move|p2a: Groudon|Precipice Blades|p1a: Groudon
|-supereffective|p1a: Groudon
|-damage|p1a: Groudon|32/100
|move|p1a: Groudon|Stealth Rock|p2a: Groudon
|-sidestart|p2: Chompychipper|move: Stealth Rock
|
|-weather|DesolateLand|[upkeep]
|upkeep
|turn|2
|
|t:|1649355148
|-weather|none
|switch|p1a: Yveltal|Yveltal|100/100
|-ability|p1a: Yveltal|Dark Aura
|move|p2a: Groudon|Stealth Rock|p1a: Yveltal
|-sidestart|p1: Magagarm|move: Stealth Rock
|
|upkeep
|turn|3
|
|t:|1649355158
|-start|p1a: Yveltal|Dynamax|
|-heal|p1a: Yveltal|100/100|[silent]
|move|p1a: Yveltal|Max Airstream|p2a: Groudon
|-damage|p2a: Groudon|20/100
|-boost|p1a: Yveltal|spe|1
|-damage|p1a: Yveltal|96/100|[from] item: Life Orb
|move|p2a: Groudon|Heat Crash||[still]
|-fail|p2a: Groudon|Dynamax
|
|upkeep
|turn|4
|
|t:|1649355171
|move|p1a: Yveltal|Max Airstream|p2a: Groudon
|-damage|p2a: Groudon|0 fnt
|-boost|p1a: Yveltal|spe|1
|faint|p2a: Groudon
|-damage|p1a: Yveltal|91/100|[from] item: Life Orb
|
|upkeep
|
|t:|1649355184
|switch|p2a: Groudon|Groudon|100/100
|-damage|p2a: Groudon|94/100|[from] Stealth Rock
|-weather|SunnyDay|[from] ability: Drought|[of] p2a: Groudon
|turn|5
|
|t:|1649355192
|move|p1a: Yveltal|Max Darkness|p2a: Groudon
|-damage|p2a: Groudon|0 fnt
|faint|p2a: Groudon
|-damage|p1a: Yveltal|86/100|[from] item: Life Orb
|
|-weather|SunnyDay|[upkeep]
|-end|p1a: Yveltal|Dynamax
|-heal|p1a: Yveltal|86/100|[silent]
|upkeep
|
|t:|1649355208
|switch|p2a: Groudon|Groudon|100/100
|-damage|p2a: Groudon|94/100|[from] Stealth Rock
|turn|6
|
|t:|1649355214
|-start|p2a: Groudon|Dynamax|
|-heal|p2a: Groudon|94/100|[silent]
|move|p1a: Yveltal|Dark Pulse|p2a: Groudon
|-damage|p2a: Groudon|55/100
|-damage|p1a: Yveltal|76/100|[from] item: Life Orb
|move|p2a: Groudon|Max Rockfall|p1a: Yveltal
|-supereffective|p1a: Yveltal
|-damage|p1a: Yveltal|0 fnt
|-weather|Sandstorm
|faint|p1a: Yveltal
|
|-weather|Sandstorm|[upkeep]
|upkeep
|
|t:|1649355240
|switch|p1a: Arceus|Arceus-Ground|100/100
|-damage|p1a: Arceus|94/100|[from] Stealth Rock
|turn|7
|
|t:|1649355252
|move|p1a: Arceus|Judgment|p2a: Groudon
|-damage|p2a: Groudon|21/100
|move|p2a: Groudon|Max Airstream|p1a: Arceus
|-damage|p1a: Arceus|60/100
|-boost|p2a: Groudon|spe|1
|
|-weather|Sandstorm|[upkeep]
|upkeep
|turn|8
|
|t:|1649355262
|move|p2a: Groudon|Max Quake|p1a: Arceus
|-damage|p1a: Arceus|0 fnt
|-boost|p2a: Groudon|spd|1
|faint|p1a: Arceus
|
|-weather|Sandstorm|[upkeep]
|-end|p2a: Groudon|Dynamax
|-heal|p2a: Groudon|22/100|[silent]
|upkeep
|
|t:|1649355273
|switch|p1a: Zacian|Zacian-Crowned|100/100
|-damage|p1a: Zacian|94/100|[from] Stealth Rock
|-ability|p1a: Zacian|Intrepid Sword|boost
|-boost|p1a: Zacian|atk|1
|turn|9
|
|t:|1649355286
|move|p2a: Groudon|Precipice Blades|p1a: Zacian|[miss]
|-miss|p2a: Groudon|p1a: Zacian
|move|p1a: Zacian|Behemoth Blade|p2a: Groudon
|-damage|p2a: Groudon|0 fnt
|faint|p2a: Groudon
|
|-weather|Sandstorm|[upkeep]
|upkeep
|
|t:|1649355296
|switch|p2a: Groudon|Groudon|100/100
|-damage|p2a: Groudon|94/100|[from] Stealth Rock
|detailschange|p2a: Groudon|Groudon-Primal
|-primal|p2a: Groudon
|-weather|DesolateLand|[from] ability: Desolate Land|[of] p2a: Groudon
|turn|10
|c|☆Magagarm|ff pls
|
|t:|1649355311
|move|p1a: Zacian|Sacred Sword|p2a: Groudon
|-damage|p2a: Groudon|49/100
|move|p2a: Groudon|Eruption|p1a: Zacian
|-supereffective|p1a: Zacian
|-damage|p1a: Zacian|0 fnt
|faint|p1a: Zacian
|
|-weather|DesolateLand|[upkeep]
|upkeep
|
|t:|1649355323
|switch|p1a: Arceus|Arceus-Dark|100/100
|-damage|p1a: Arceus|88/100|[from] Stealth Rock
|turn|11
|
|t:|1649355329
|move|p2a: Groudon|Precipice Blades|p1a: Arceus
|-damage|p1a: Arceus|41/100
|move|p1a: Arceus|Toxic|p2a: Groudon
|-status|p2a: Groudon|tox
|
|-weather|DesolateLand|[upkeep]
|-damage|p2a: Groudon|43/100 tox|[from] psn
|upkeep
|turn|12
|
|t:|1649355344
|move|p2a: Groudon|Precipice Blades|p1a: Arceus
|-damage|p1a: Arceus|0 fnt
|faint|p1a: Arceus
|
|-weather|DesolateLand|[upkeep]
|-damage|p2a: Groudon|30/100 tox|[from] psn
|upkeep
|
|t:|1649355355
|switch|p1a: Marshadow|Marshadow|100/100
|-damage|p1a: Marshadow|94/100|[from] Stealth Rock
|turn|13
|
|t:|1649355364
|move|p1a: Marshadow|Spectral Thief|p2a: Groudon
|-damage|p2a: Groudon|0 fnt
|faint|p2a: Groudon
|-weather|none
|
|upkeep
|
|t:|1649355386
|switch|p2a: Groudon|Groudon|100/100
|-damage|p2a: Groudon|94/100|[from] Stealth Rock
|detailschange|p2a: Groudon|Groudon-Primal
|-primal|p2a: Groudon
|-weather|DesolateLand|[from] ability: Desolate Land|[of] p2a: Groudon
|turn|14
|
|t:|1649355395
|move|p1a: Marshadow|Spectral Thief|p2a: Groudon
|-damage|p2a: Groudon|69/100
|move|p2a: Groudon|Precipice Blades|p1a: Marshadow
|-damage|p1a: Marshadow|0 fnt
|faint|p1a: Marshadow
|
|-weather|DesolateLand|[upkeep]
|upkeep
|
|t:|1649355406
|switch|p1a: Groudon|Groudon-Primal|32/100
|-damage|p1a: Groudon|20/100|[from] Stealth Rock
|turn|15
|
|t:|1649355410
|move|p2a: Groudon|Dragon Claw|p1a: Groudon
|-damage|p1a: Groudon|3/100
|move|p1a: Groudon|Precipice Blades|p2a: Groudon|[miss]
|-miss|p1a: Groudon|p2a: Groudon
|
|-weather|DesolateLand|[upkeep]
|upkeep
|turn|16
|
|t:|1649355417
|move|p2a: Groudon|Dragon Claw|p1a: Groudon
|-damage|p1a: Groudon|0 fnt
|faint|p1a: Groudon
|
|win|Chompychipper
|raw|Magagarm's rating: 1541 &rarr; <strong>1526</strong><br />(-15 for losing)
|raw|Chompychipper's rating: 1622 &rarr; <strong>1637</strong><br />(+15 for winning)
|l|☆Magagarm
|c|☆Chompychipper|gg
||Ladder isn't responding, score probably updated but might not have (Request timeout).
