|j|☆ThievesBoom
|j|☆DarkboiJ
|t:|1667387101
|gametype|singles
|player|p1|ThievesBoom|169|1825
|player|p2|DarkboiJ|blue-gen3two|2007
|teamsize|p1|6
|teamsize|p2|6
|gen|8
|tier|[Gen 8] National Dex AG
|rated|
|rule|HP Percentage Mod: HP is shown in percentages
|rule|Endless Battle Clause: Forcing endless battles is banned
|clearpoke
|poke|p1|Yveltal|
|poke|p1|Shedinja|
|poke|p1|Magearna|
|poke|p1|Arceus-*|
|poke|p1|Arceus-*|
|poke|p1|Arceus-*|
|poke|p2|Arceus-*|
|poke|p2|Ditto|
|poke|p2|Darkrai|
|poke|p2|Zygarde|
|poke|p2|Necrozma-Dusk-Mane|
|poke|p2|Arceus-*|
|teampreview
|inactive|Battle timer is ON: inactive players will automatically lose when time's up. (requested by DarkboiJ)
|
|t:|1667387116
|start
|switch|p1a: Magearna|Magearna|100/100
|switch|p2a: Arceus|Arceus-Fairy|100/100
|turn|1
|
|t:|1667387120
|move|p2a: Arceus|Stealth Rock|p1a: Magearna
|-sidestart|p1: ThievesBoom|move: Stealth Rock
|move|p1a: Magearna|Fleur Cannon|p2a: Arceus
|-damage|p2a: Arceus|73/100
|-unboost|p1a: Magearna|spa|2
|
|upkeep
|turn|2
|
|t:|1667387126
|move|p2a: Arceus|Judgment|p1a: Magearna
|-resisted|p1a: Magearna
|-damage|p1a: Magearna|84/100
|move|p1a: Magearna|Heart Swap|p2a: Arceus
|-swapboost|p1a: Magearna|p2a: Arceus|[from] move: Heart Swap
|
|upkeep
|turn|3
|
|t:|1667387133
|switch|p2a: Necrozma|Necrozma-Dusk-Mane|100/100
|switch|p1a: Yveltal|Yveltal|100/100
|-ability|p1a: Yveltal|Dark Aura
|
|upkeep
|turn|4
|
|t:|1667387143
|move|p1a: Yveltal|Defog|p2a: Necrozma
|-unboost|p2a: Necrozma|evasion|1
|-sideend|p1: ThievesBoom|Stealth Rock|[from] move: Defog|[of] p1a: Yveltal
|move|p2a: Necrozma|Toxic|p1a: Yveltal
|-status|p1a: Yveltal|tox
|
|-damage|p1a: Yveltal|94/100 tox|[from] psn
|upkeep
|turn|5
|
|t:|1667387149
|switch|p2a: Arceus|Arceus-Fairy|73/100
|move|p1a: Yveltal|Foul Play|p2a: Arceus
|-resisted|p2a: Arceus
|-damage|p2a: Arceus|60/100
|
|-damage|p1a: Yveltal|82/100 tox|[from] psn
|upkeep
|turn|6
|
|t:|1667387154
|switch|p1a: Magearna|Magearna|84/100
|move|p2a: Arceus|Stealth Rock|p1a: Magearna
|-sidestart|p1: ThievesBoom|move: Stealth Rock
|
|upkeep
|turn|7
|
|t:|1667387158
|move|p2a: Arceus|Recover|p2a: Arceus
|-heal|p2a: Arceus|100/100
|move|p1a: Magearna|Fleur Cannon|p2a: Arceus
|-damage|p2a: Arceus|73/100
|-unboost|p1a: Magearna|spa|2
|
|upkeep
|turn|8
|
|t:|1667387166
|switch|p2a: Necrozma|Necrozma-Dusk-Mane|100/100
|switch|p1a: Shedinja|Shedinja|100/100
|
|upkeep
|turn|9
|
|t:|1667387174
|switch|p1a: Arceus|Arceus-Flying|100/100
|-damage|p1a: Arceus|75/100|[from] Stealth Rock
|move|p2a: Necrozma|Sunsteel Strike|p1a: Arceus
|-damage|p1a: Arceus|50/100
|
|upkeep
|turn|10
|
|t:|1667387179
|move|p1a: Arceus|Recover|p1a: Arceus
|-heal|p1a: Arceus|99/100
|move|p2a: Necrozma|Toxic|p1a: Arceus
|-status|p1a: Arceus|tox
|
|-damage|p1a: Arceus|94/100 tox|[from] psn
|upkeep
|turn|11
|
|t:|1667387184
|switch|p2a: Zygarde|Zygarde, shiny|100/100
|move|p1a: Arceus|Refresh|p1a: Arceus
|-curestatus|p1a: Arceus|tox|[msg]
|
|upkeep
|turn|12
|
|t:|1667387190
|move|p1a: Arceus|Calm Mind|p1a: Arceus
|-boost|p1a: Arceus|spa|1
|-boost|p1a: Arceus|spd|1
|move|p2a: Zygarde|Thousand Arrows|p1a: Arceus
|-damage|p1a: Arceus|78/100
|-start|p1a: Arceus|Smack Down
|
|upkeep
|turn|13
|
|t:|1667387195
|move|p1a: Arceus|Judgment|p2a: Zygarde
|-damage|p2a: Zygarde|43/100
|move|p2a: Zygarde|Haze|p2a: Zygarde
|-clearallboost
|
|-heal|p2a: Zygarde|49/100|[from] item: Leftovers
|-activate|p2a: Zygarde|ability: Power Construct
|detailschange|p2a: Zygarde|Zygarde-Complete, shiny
|-heal|p2a: Zygarde|67/100|[silent]
|upkeep
|turn|14
|
|t:|1667387202
|switch|p2a: Arceus|Arceus|100/100
|move|p1a: Arceus|Judgment|p2a: Arceus
|-crit|p2a: Arceus
|-damage|p2a: Arceus|54/100
|
|upkeep
|turn|15
|
|t:|1667387209
|move|p1a: Arceus|Judgment|p2a: Arceus
|-damage|p2a: Arceus|25/100
|move|p2a: Arceus|Recover|p2a: Arceus
|-heal|p2a: Arceus|75/100
|
|upkeep
|turn|16
|
|t:|1667387216
|move|p1a: Arceus|Calm Mind|p1a: Arceus
|-boost|p1a: Arceus|spa|1
|-boost|p1a: Arceus|spd|1
|move|p2a: Arceus|Swords Dance|p2a: Arceus
|-boost|p2a: Arceus|atk|2
|
|upkeep
|turn|17
|
|t:|1667387224
|-start|p1a: Arceus|Dynamax|
|-heal|p1a: Arceus|78/100|[silent]
|-start|p2a: Arceus|Dynamax|
|-heal|p2a: Arceus|75/100|[silent]
|move|p1a: Arceus|Max Airstream|p2a: Arceus
|-damage|p2a: Arceus|44/100
|-boost|p1a: Arceus|spe|1
|move|p2a: Arceus|Max Strike|p1a: Arceus
|-damage|p1a: Arceus|37/100
|-unboost|p1a: Arceus|spe|1
|
|upkeep
|turn|18
|
|t:|1667387238
|move|p1a: Arceus|Max Guard|p1a: Arceus
|-singleturn|p1a: Arceus|Max Guard
|move|p2a: Arceus|Max Strike|p1a: Arceus
|-activate|p1a: Arceus|move: Max Guard
|
|upkeep
|turn|19
|
|t:|1667387241
|move|p1a: Arceus|Max Airstream|p2a: Arceus
|-damage|p2a: Arceus|12/100
|-boost|p1a: Arceus|spe|1
|move|p2a: Arceus|Max Strike|p1a: Arceus
|-damage|p1a: Arceus|2/100
|-unboost|p1a: Arceus|spe|1
|
|upkeep
|-end|p1a: Arceus|Dynamax
|-heal|p1a: Arceus|3/100|[silent]
|-end|p2a: Arceus|Dynamax
|-heal|p2a: Arceus|12/100|[silent]
|turn|20
|
|t:|1667387249
|switch|p1a: Arceus|Arceus-Ground|100/100
|-damage|p1a: Arceus|94/100|[from] Stealth Rock
|move|p2a: Arceus|Extreme Speed|p1a: Arceus
|-damage|p1a: Arceus|50/100
|
|upkeep
|turn|21
|
|t:|1667387259
|move|p1a: Arceus|Judgment|p2a: Arceus
|-damage|p2a: Arceus|0 fnt
|faint|p2a: Arceus
|
|upkeep
|
|t:|1667387263
|switch|p2a: Darkrai|Darkrai|100/100
|turn|22
|
|t:|1667387267
|switch|p1a: Yveltal|Yveltal|82/100 tox
|-ability|p1a: Yveltal|Dark Aura
|move|p2a: Darkrai|Hypnosis||[still]
|-fail|p2a: Darkrai
|
|-damage|p1a: Yveltal|76/100 tox|[from] psn
|upkeep
|turn|23
|
|t:|1667387276
|switch|p2a: Arceus|Arceus-Fairy|73/100
|move|p1a: Yveltal|Defog|p2a: Arceus
|-unboost|p2a: Arceus|evasion|1
|-sideend|p1: ThievesBoom|Stealth Rock|[from] move: Defog|[of] p1a: Yveltal
|
|-damage|p1a: Yveltal|64/100 tox|[from] psn
|upkeep
|turn|24
|
|t:|1667387283
|switch|p1a: Shedinja|Shedinja|100/100
|move|p2a: Arceus|Judgment|p1a: Shedinja
|-immune|p1a: Shedinja|[from] ability: Wonder Guard
|
|upkeep
|turn|25
|
|t:|1667387293
|switch|p1a: Magearna|Magearna|84/100
|move|p2a: Arceus|Stealth Rock|p1a: Magearna
|-sidestart|p1: ThievesBoom|move: Stealth Rock
|
|upkeep
|turn|26
|
|t:|1667387300
|switch|p2a: Necrozma|Necrozma-Dusk-Mane|100/100
|move|p1a: Magearna|Fleur Cannon|p2a: Necrozma
|-resisted|p2a: Necrozma
|-damage|p2a: Necrozma|77/100
|-unboost|p1a: Magearna|spa|2
|
|upkeep
|turn|27
|
|t:|1667387313
|switch|p1a: Arceus|Arceus-Ground|50/100
|-damage|p1a: Arceus|44/100|[from] Stealth Rock
|move|p2a: Necrozma|Sunsteel Strike|p1a: Arceus
|-damage|p1a: Arceus|20/100
|
|upkeep
|turn|28
|
|t:|1667387324
|switch|p1a: Yveltal|Yveltal|64/100 tox
|-ability|p1a: Yveltal|Dark Aura
|move|p2a: Necrozma|Toxic|p1a: Yveltal
|-fail|p1a: Yveltal|tox
|
|-damage|p1a: Yveltal|57/100 tox|[from] psn
|upkeep
|turn|29
|
|t:|1667387331
|move|p1a: Yveltal|Roost|p1a: Yveltal
|-heal|p1a: Yveltal|100/100 tox
|-singleturn|p1a: Yveltal|move: Roost
|move|p2a: Necrozma|Sunsteel Strike|p1a: Yveltal
|-damage|p1a: Yveltal|58/100 tox
|
|-damage|p1a: Yveltal|45/100 tox|[from] psn
|upkeep
|turn|30
|
|t:|1667387339
|move|p1a: Yveltal|Foul Play|p2a: Necrozma
|-supereffective|p2a: Necrozma
|-damage|p2a: Necrozma|22/100
|-damage|p1a: Yveltal|29/100 tox|[from] item: Rocky Helmet|[of] p2a: Necrozma
|move|p2a: Necrozma|Sunsteel Strike|p1a: Yveltal
|-damage|p1a: Yveltal|0 fnt
|faint|p1a: Yveltal
|
|upkeep
|
|t:|1667387351
|switch|p1a: Arceus|Arceus|100/100
|-damage|p1a: Arceus|88/100|[from] Stealth Rock
|turn|31
|
|t:|1667387356
|switch|p2a: Zygarde|Zygarde-Complete, shiny|67/100
|move|p1a: Arceus|Stealth Rock|p2a: Zygarde
|-sidestart|p2: DarkboiJ|move: Stealth Rock
|
|-heal|p2a: Zygarde|73/100|[from] item: Leftovers
|upkeep
|turn|32
|
|t:|1667387361
|switch|p1a: Shedinja|Shedinja|100/100
|move|p2a: Zygarde|Glare|p1a: Shedinja
|-status|p1a: Shedinja|par
|
|-heal|p2a: Zygarde|79/100|[from] item: Leftovers
|upkeep
|turn|33
|
|t:|1667387366
|switch|p2a: Necrozma|Necrozma-Dusk-Mane|22/100
|-damage|p2a: Necrozma|16/100|[from] Stealth Rock
|move|p1a: Shedinja|Will-O-Wisp|p2a: Necrozma
|-status|p2a: Necrozma|brn
|
|-damage|p2a: Necrozma|10/100 brn|[from] brn
|upkeep
|turn|34
|
|t:|1667387373
|switch|p1a: Arceus|Arceus-Ground|20/100
|-damage|p1a: Arceus|14/100|[from] Stealth Rock
|move|p2a: Necrozma|Moonlight|p2a: Necrozma
|-heal|p2a: Necrozma|60/100 brn
|
|-damage|p2a: Necrozma|54/100 brn|[from] brn
|upkeep
|turn|35
|
|t:|1667387379
|move|p1a: Arceus|Recover|p1a: Arceus
|-heal|p1a: Arceus|64/100
|move|p2a: Necrozma|Toxic|p1a: Arceus
|-status|p1a: Arceus|tox
|
|-damage|p1a: Arceus|57/100 tox|[from] psn
|-damage|p2a: Necrozma|48/100 brn|[from] brn
|upkeep
|turn|36
|
|t:|1667387383
|switch|p2a: Arceus|Arceus-Fairy|73/100
|-damage|p2a: Arceus|61/100|[from] Stealth Rock
|move|p1a: Arceus|Judgment|p2a: Arceus
|-damage|p2a: Arceus|37/100
|
|-damage|p1a: Arceus|45/100 tox|[from] psn
|upkeep
|turn|37
|
|t:|1667387387
|switch|p1a: Shedinja|Shedinja|100/100 par
|move|p2a: Arceus|Recover|p2a: Arceus
|-heal|p2a: Arceus|87/100
|
|upkeep
|turn|38
|
|t:|1667387391
|switch|p2a: Necrozma|Necrozma-Dusk-Mane|48/100 brn
|-damage|p2a: Necrozma|42/100 brn|[from] Stealth Rock
|move|p1a: Shedinja|Poltergeist|p2a: Necrozma
|-activate|p2a: Necrozma|move: Poltergeist|Rocky Helmet
|-supereffective|p2a: Necrozma
|-damage|p2a: Necrozma|7/100 brn
|
|-damage|p2a: Necrozma|1/100 brn|[from] brn
|upkeep
|turn|39
|
|t:|1667387401
|cant|p1a: Shedinja|par
|move|p2a: Necrozma|Moonlight|p2a: Necrozma
|-heal|p2a: Necrozma|51/100 brn
|
|-damage|p2a: Necrozma|45/100 brn|[from] brn
|upkeep
|turn|40
|
|t:|1667387406
|switch|p1a: Arceus|Arceus-Ground|45/100 tox
|-damage|p1a: Arceus|39/100 tox|[from] Stealth Rock
|move|p2a: Necrozma|Moonlight|p2a: Necrozma
|-heal|p2a: Necrozma|95/100 brn
|
|-damage|p1a: Arceus|33/100 tox|[from] psn
|-damage|p2a: Necrozma|89/100 brn|[from] brn
|upkeep
|turn|41
|
|t:|1667387412
|switch|p2a: Arceus|Arceus-Fairy|87/100
|-damage|p2a: Arceus|74/100|[from] Stealth Rock
|move|p1a: Arceus|Recover|p1a: Arceus
|-heal|p1a: Arceus|83/100 tox
|
|-damage|p1a: Arceus|71/100 tox|[from] psn
|upkeep
|turn|42
|
|t:|1667387416
|switch|p1a: Shedinja|Shedinja|100/100 par
|move|p2a: Arceus|Judgment|p1a: Shedinja
|-immune|p1a: Shedinja|[from] ability: Wonder Guard
|
|upkeep
|turn|43
|
|t:|1667387421
|move|p2a: Arceus|Judgment|p1a: Shedinja
|-immune|p1a: Shedinja|[from] ability: Wonder Guard
|cant|p1a: Shedinja|par
|
|upkeep
|turn|44
|
|t:|1667387427
|switch|p2a: Necrozma|Necrozma-Dusk-Mane|89/100 brn
|-damage|p2a: Necrozma|83/100 brn|[from] Stealth Rock
|move|p1a: Shedinja|Toxic||[still]
|-fail|p1a: Shedinja
|
|-damage|p2a: Necrozma|77/100 brn|[from] brn
|upkeep
|turn|45
|
|t:|1667387435
|switch|p1a: Arceus|Arceus-Ground|71/100 tox
|-damage|p1a: Arceus|65/100 tox|[from] Stealth Rock
|move|p2a: Necrozma|Sunsteel Strike|p1a: Arceus
|-damage|p1a: Arceus|53/100 tox
|
|-damage|p1a: Arceus|47/100 tox|[from] psn
|-damage|p2a: Necrozma|71/100 brn|[from] brn
|upkeep
|turn|46
|
|t:|1667387442
|switch|p2a: Arceus|Arceus-Fairy|74/100
|-damage|p2a: Arceus|62/100|[from] Stealth Rock
|move|p1a: Arceus|Recover|p1a: Arceus
|-heal|p1a: Arceus|97/100 tox
|
|-damage|p1a: Arceus|85/100 tox|[from] psn
|upkeep
|turn|47
|
|t:|1667387445
|move|p1a: Arceus|Judgment|p2a: Arceus
|-damage|p2a: Arceus|39/100
|move|p2a: Arceus|Recover|p2a: Arceus
|-heal|p2a: Arceus|89/100
|
|-damage|p1a: Arceus|66/100 tox|[from] psn
|upkeep
|turn|48
|
|t:|1667387451
|switch|p1a: Shedinja|Shedinja|100/100 par
|move|p2a: Arceus|Judgment|p1a: Shedinja
|-immune|p1a: Shedinja|[from] ability: Wonder Guard
|
|upkeep
|turn|49
|
|t:|1667387456
|switch|p2a: Necrozma|Necrozma-Dusk-Mane|71/100 brn
|-damage|p2a: Necrozma|65/100 brn|[from] Stealth Rock
|move|p1a: Shedinja|Poltergeist|p2a: Necrozma
|-activate|p2a: Necrozma|move: Poltergeist|Rocky Helmet
|-supereffective|p2a: Necrozma
|-damage|p2a: Necrozma|28/100 brn
|
|-damage|p2a: Necrozma|22/100 brn|[from] brn
|upkeep
|turn|50
|
|t:|1667387466
|switch|p1a: Arceus|Arceus-Ground|66/100 tox
|-damage|p1a: Arceus|60/100 tox|[from] Stealth Rock
|move|p2a: Necrozma|Moonlight|p2a: Necrozma
|-heal|p2a: Necrozma|72/100 brn
|
|-damage|p1a: Arceus|54/100 tox|[from] psn
|-damage|p2a: Necrozma|66/100 brn|[from] brn
|upkeep
|turn|51
|
|t:|1667387472
|switch|p2a: Arceus|Arceus-Fairy|89/100
|-damage|p2a: Arceus|76/100|[from] Stealth Rock
|move|p1a: Arceus|Recover|p1a: Arceus
|-heal|p1a: Arceus|100/100 tox
|
|-damage|p1a: Arceus|88/100 tox|[from] psn
|upkeep
|turn|52
|
|t:|1667387479
|switch|p1a: Shedinja|Shedinja|100/100 par
|switch|p2a: Darkrai|Darkrai|100/100
|-damage|p2a: Darkrai|88/100|[from] Stealth Rock
|
|-heal|p2a: Darkrai|94/100|[from] item: Leftovers
|upkeep
|turn|53
|
|t:|1667387490
|switch|p1a: Arceus|Arceus|88/100
|-damage|p1a: Arceus|76/100|[from] Stealth Rock
|move|p2a: Darkrai|Substitute|p2a: Darkrai
|-start|p2a: Darkrai|Substitute
|-damage|p2a: Darkrai|69/100
|
|-heal|p2a: Darkrai|75/100|[from] item: Leftovers
|upkeep
|turn|54
|
|t:|1667387496
|move|p1a: Arceus|Extreme Speed|p2a: Darkrai
|-end|p2a: Darkrai|Substitute
|move|p2a: Darkrai|Hypnosis|p1a: Arceus
|-status|p1a: Arceus|slp|[from] move: Hypnosis
|
|-heal|p2a: Darkrai|81/100|[from] item: Leftovers
|-damage|p1a: Arceus|64/100 slp|[from] ability: Bad Dreams|[of] p2a: Darkrai
|upkeep
|turn|55
|
|t:|1667387503
|switch|p1a: Magearna|Magearna|84/100
|-damage|p1a: Magearna|78/100|[from] Stealth Rock
|move|p2a: Darkrai|Nasty Plot|p2a: Darkrai
|-boost|p2a: Darkrai|spa|2
|
|-heal|p2a: Darkrai|87/100|[from] item: Leftovers
|upkeep
|turn|56
|
|t:|1667387509
|move|p2a: Darkrai|Substitute|p2a: Darkrai
|-start|p2a: Darkrai|Substitute
|-damage|p2a: Darkrai|62/100
|move|p1a: Magearna|Fleur Cannon|p2a: Darkrai
|-supereffective|p2a: Darkrai
|-end|p2a: Darkrai|Substitute
|-unboost|p1a: Magearna|spa|2
|
|-heal|p2a: Darkrai|68/100|[from] item: Leftovers
|upkeep
|turn|57
|
|t:|1667387515
|move|p2a: Darkrai|Hypnosis|p1a: Magearna
|-status|p1a: Magearna|slp|[from] move: Hypnosis
|cant|p1a: Magearna|slp
|
|-heal|p2a: Darkrai|75/100|[from] item: Leftovers
|-damage|p1a: Magearna|66/100 slp|[from] ability: Bad Dreams|[of] p2a: Darkrai
|upkeep
|turn|58
|
|t:|1667387518
|move|p2a: Darkrai|Dark Pulse|p1a: Magearna
|-resisted|p1a: Magearna
|-damage|p1a: Magearna|37/100 slp
|cant|p1a: Magearna|slp
|
|-heal|p2a: Darkrai|81/100|[from] item: Leftovers
|-damage|p1a: Magearna|25/100 slp|[from] ability: Bad Dreams|[of] p2a: Darkrai
|upkeep
|turn|59
|
|t:|1667387523
|move|p2a: Darkrai|Dark Pulse|p1a: Magearna
|-resisted|p1a: Magearna
|-damage|p1a: Magearna|0 fnt
|faint|p1a: Magearna
|
|-heal|p2a: Darkrai|87/100|[from] item: Leftovers
|upkeep
|
|t:|1667387529
|switch|p1a: Arceus|Arceus-Ground|88/100 tox
|-damage|p1a: Arceus|82/100 tox|[from] Stealth Rock
|turn|60
|
|t:|1667387534
|move|p2a: Darkrai|Substitute|p2a: Darkrai
|-start|p2a: Darkrai|Substitute
|-damage|p2a: Darkrai|62/100
|move|p1a: Arceus|Judgment|p2a: Darkrai
|-end|p2a: Darkrai|Substitute
|
|-heal|p2a: Darkrai|68/100|[from] item: Leftovers
|-damage|p1a: Arceus|76/100 tox|[from] psn
|upkeep
|turn|61
|
|t:|1667387537
|move|p2a: Darkrai|Substitute|p2a: Darkrai
|-start|p2a: Darkrai|Substitute
|-damage|p2a: Darkrai|43/100
|move|p1a: Arceus|Judgment|p2a: Darkrai
|-end|p2a: Darkrai|Substitute
|
|-heal|p2a: Darkrai|49/100|[from] item: Leftovers
|-damage|p1a: Arceus|64/100 tox|[from] psn
|upkeep
|turn|62
|
|t:|1667387540
|move|p2a: Darkrai|Substitute|p2a: Darkrai
|-start|p2a: Darkrai|Substitute
|-damage|p2a: Darkrai|24/100
|move|p1a: Arceus|Judgment|p2a: Darkrai
|-end|p2a: Darkrai|Substitute
|
|-heal|p2a: Darkrai|30/100|[from] item: Leftovers
|-damage|p1a: Arceus|46/100 tox|[from] psn
|upkeep
|turn|63
|
|t:|1667387543
|move|p2a: Darkrai|Dark Pulse|p1a: Arceus
|-damage|p1a: Arceus|0 fnt
|faint|p1a: Arceus
|
|-heal|p2a: Darkrai|36/100|[from] item: Leftovers
|upkeep
|
|t:|1667387547
|switch|p1a: Arceus|Arceus|64/100 slp
|-damage|p1a: Arceus|51/100 slp|[from] Stealth Rock
|turn|64
|
|t:|1667387550
|cant|p1a: Arceus|slp
|move|p2a: Darkrai|Dark Pulse|p1a: Arceus
|-damage|p1a: Arceus|0 fnt
|faint|p1a: Arceus
|
|-heal|p2a: Darkrai|42/100|[from] item: Leftovers
|upkeep
|c|☆ThievesBoom|wish u didnt hit every hypnosis lol
|c|☆ThievesBoom|gg
|inactive|ThievesBoom has 120 seconds left.
|-message|ThievesBoom forfeited.
|
|win|DarkboiJ
|raw|ThievesBoom's rating: 1825 &rarr; <strong>1815</strong><br />(-10 for losing)
|raw|DarkboiJ's rating: 2007 &rarr; <strong>2017</strong><br />(+10 for winning)
|l|☆ThievesBoom
|c|☆DarkboiJ|Used only 2 lol
