|j|☆NOAH MK2
|j|☆Obito152001
|t:|1664864721
|gametype|singles
|player|p1|NOAH MK2|2|1872
|player|p2|Obito152001|blue-gen3two|1970
|teamsize|p1|6
|teamsize|p2|6
|gen|8
|tier|[Gen 8] National Dex AG
|rated|
|rule|HP Percentage Mod: HP is shown in percentages
|rule|Endless Battle Clause: Forcing endless battles is banned
|clearpoke
|poke|p1|Whimsicott, M|
|poke|p1|Groudon|
|poke|p1|Klefki, F|
|poke|p1|Xerneas-*|
|poke|p1|Rayquaza|
|poke|p1|Zygarde|
|poke|p2|Arceus-*|
|poke|p2|Arceus-*|
|poke|p2|Ditto|
|poke|p2|Grimmsnarl, M|
|poke|p2|Blastoise, F|
|poke|p2|Groudon|
|teampreview
|inactive|Battle timer is ON: inactive players will automatically lose when time's up. (requested by Obito152001)
|inactive|NOAH MK2 has 120 seconds left.
|
|t:|1664864757
|start
|switch|p1a: Xerneas|Xerneas|100/100
|switch|p2a: Arceus|Arceus-Ground|100/100
|-ability|p1a: Xerneas|Fairy Aura
|turn|1
|
|t:|1664864765
|move|p2a: Arceus|Judgment|p1a: Xerneas
|-damage|p1a: Xerneas|51/100
|move|p1a: Xerneas|Geomancy||[still]
|-prepare|p1a: Xerneas|Geomancy
|-enditem|p1a: Xerneas|Power Herb
|-anim|p1a: Xerneas|Geomancy|p1a: Xerneas
|-boost|p1a: Xerneas|spa|2
|-boost|p1a: Xerneas|spd|2
|-boost|p1a: Xerneas|spe|2
|
|upkeep
|turn|2
|
|t:|1664864782
|switch|p2a: Blastoise|Blastoise, F|100/100
|move|p1a: Xerneas|Moonblast|p2a: Blastoise
|-damage|p2a: Blastoise|0 fnt
|faint|p2a: Blastoise
|
|upkeep
|
|t:|1664864789
|switch|p2a: Ditto|Ditto, shiny|100/100
|-transform|p2a: Ditto|p1a: Xerneas|[from] ability: Imposter
|-ability|p2a: Ditto|Fairy Aura
|turn|3
|
|t:|1664864794
|-start|p2a: Ditto|Dynamax|
|-heal|p2a: Ditto|100/100|[silent]
|-start|p1a: Xerneas|Dynamax|
|-heal|p1a: Xerneas|51/100|[silent]
|move|p1a: Xerneas|Max Starfall|p2a: Ditto
|-damage|p2a: Ditto|41/100
|-fieldstart|move: Misty Terrain
|move|p2a: Ditto|Max Starfall|p1a: Xerneas
|-damage|p1a: Xerneas|4/100
|
|upkeep
|turn|4
|
|t:|1664864802
|move|p2a: Ditto|Max Starfall|p1a: Xerneas
|-damage|p1a: Xerneas|0 fnt
|faint|p1a: Xerneas
|
|upkeep
|
|t:|1664864811
|switch|p1a: Whimsicott|Whimsicott, M|100/100
|turn|5
|
|t:|1664864816
|move|p1a: Whimsicott|Substitute|p1a: Whimsicott
|-start|p1a: Whimsicott|Substitute
|-damage|p1a: Whimsicott|76/100
|move|p2a: Ditto|Max Starfall|p1a: Whimsicott
|-end|p1a: Whimsicott|Substitute
|
|-heal|p1a: Whimsicott|82/100|[from] item: Leftovers
|upkeep
|-end|p2a: Ditto|Dynamax
|-heal|p2a: Ditto|41/100|[silent]
|turn|6
|
|t:|1664864821
|move|p1a: Whimsicott|Substitute|p1a: Whimsicott
|-start|p1a: Whimsicott|Substitute
|-damage|p1a: Whimsicott|57/100
|move|p2a: Ditto|Moonblast|p1a: Whimsicott
|-end|p1a: Whimsicott|Substitute
|
|-heal|p1a: Whimsicott|63/100|[from] item: Leftovers
|upkeep
|turn|7
|
|t:|1664864825
|move|p1a: Whimsicott|Substitute|p1a: Whimsicott
|-start|p1a: Whimsicott|Substitute
|-damage|p1a: Whimsicott|38/100
|move|p2a: Ditto|Moonblast|p1a: Whimsicott
|-end|p1a: Whimsicott|Substitute
|
|-heal|p1a: Whimsicott|44/100|[from] item: Leftovers
|-fieldend|Misty Terrain
|upkeep
|turn|8
|
|t:|1664864832
|switch|p2a: Grimmsnarl|Grimmsnarl, M|100/100
|move|p1a: Whimsicott|Substitute|p1a: Whimsicott
|-start|p1a: Whimsicott|Substitute
|-damage|p1a: Whimsicott|19/100
|
|-heal|p1a: Whimsicott|25/100|[from] item: Leftovers
|upkeep
|turn|9
|
|t:|1664864835
|move|p2a: Grimmsnarl|Taunt|p1a: Whimsicott
|-start|p1a: Whimsicott|move: Taunt
|move|p1a: Whimsicott|Moonblast|p2a: Grimmsnarl
|-supereffective|p2a: Grimmsnarl
|-damage|p2a: Grimmsnarl|51/100
|-unboost|p2a: Grimmsnarl|spa|1
|
|-heal|p1a: Whimsicott|32/100|[from] item: Leftovers
|upkeep
|turn|10
|
|t:|1664864840
|move|p2a: Grimmsnarl|Light Screen|p2a: Grimmsnarl
|-sidestart|p2: Obito152001|move: Light Screen
|move|p1a: Whimsicott|Moonblast|p2a: Grimmsnarl
|-supereffective|p2a: Grimmsnarl
|-damage|p2a: Grimmsnarl|25/100
|
|-heal|p1a: Whimsicott|38/100|[from] item: Leftovers
|upkeep
|turn|11
|
|t:|1664864847
|move|p1a: Whimsicott|Moonblast|p2a: Grimmsnarl
|-supereffective|p2a: Grimmsnarl
|-damage|p2a: Grimmsnarl|0 fnt
|faint|p2a: Grimmsnarl
|
|-heal|p1a: Whimsicott|44/100|[from] item: Leftovers
|-end|p1a: Whimsicott|move: Taunt
|upkeep
|
|t:|1664864859
|switch|p2a: Groudon|Groudon|100/100
|detailschange|p2a: Groudon|Groudon-Primal
|-primal|p2a: Groudon
|-weather|DesolateLand|[from] ability: Desolate Land|[of] p2a: Groudon
|turn|12
|
|t:|1664864862
|move|p1a: Whimsicott|Leech Seed|p2a: Groudon
|-start|p2a: Groudon|move: Leech Seed
|move|p2a: Groudon|Fire Punch|p1a: Whimsicott
|-supereffective|p1a: Whimsicott
|-crit|p1a: Whimsicott
|-end|p1a: Whimsicott|Substitute
|
|-weather|DesolateLand|[upkeep]
|-heal|p1a: Whimsicott|50/100|[from] item: Leftovers
|-damage|p2a: Groudon|88/100|[from] Leech Seed|[of] p1a: Whimsicott
|-heal|p1a: Whimsicott|69/100|[silent]
|upkeep
|turn|13
|
|t:|1664864866
|move|p1a: Whimsicott|Substitute|p1a: Whimsicott
|-start|p1a: Whimsicott|Substitute
|-damage|p1a: Whimsicott|44/100
|move|p2a: Groudon|Stealth Rock|p1a: Whimsicott
|-sidestart|p1: NOAH MK2|move: Stealth Rock
|
|-weather|DesolateLand|[upkeep]
|-heal|p1a: Whimsicott|50/100|[from] item: Leftovers
|-damage|p2a: Groudon|76/100|[from] Leech Seed|[of] p1a: Whimsicott
|-heal|p1a: Whimsicott|69/100|[silent]
|upkeep
|turn|14
|
|t:|1664864873
|-weather|none
|switch|p2a: Arceus|Arceus|100/100
|move|p1a: Whimsicott|Moonblast|p2a: Arceus
|-damage|p2a: Arceus|89/100
|-unboost|p2a: Arceus|spa|1
|
|-heal|p1a: Whimsicott|76/100|[from] item: Leftovers
|upkeep
|turn|15
|
|t:|1664864879
|move|p1a: Whimsicott|Leech Seed|p2a: Arceus
|-start|p2a: Arceus|move: Leech Seed
|move|p2a: Arceus|Swords Dance|p2a: Arceus
|-boost|p2a: Arceus|atk|2
|
|-heal|p1a: Whimsicott|82/100|[from] item: Leftovers
|-damage|p2a: Arceus|77/100|[from] Leech Seed|[of] p1a: Whimsicott
|-heal|p1a: Whimsicott|100/100|[silent]
|upkeep
|turn|16
|
|t:|1664864887
|move|p2a: Arceus|Extreme Speed|p1a: Whimsicott
|-end|p1a: Whimsicott|Substitute
|move|p1a: Whimsicott|Substitute|p1a: Whimsicott
|-start|p1a: Whimsicott|Substitute
|-damage|p1a: Whimsicott|76/100
|
|-heal|p1a: Whimsicott|82/100|[from] item: Leftovers
|-damage|p2a: Arceus|64/100|[from] Leech Seed|[of] p1a: Whimsicott
|-heal|p1a: Whimsicott|100/100|[silent]
|upkeep
|turn|17
|
|t:|1664864899
|move|p2a: Arceus|Extreme Speed|p1a: Whimsicott
|-end|p1a: Whimsicott|Substitute
|move|p1a: Whimsicott|Encore|p2a: Arceus
|-start|p2a: Arceus|Encore
|
|-damage|p2a: Arceus|52/100|[from] Leech Seed|[of] p1a: Whimsicott
|-sideend|p2: Obito152001|move: Light Screen
|upkeep
|turn|18
|
|t:|1664864906
|switch|p1a: Klefki|Klefki, F|100/100
|-damage|p1a: Klefki|95/100|[from] Stealth Rock
|move|p2a: Arceus|Extreme Speed|p1a: Klefki
|-resisted|p1a: Klefki
|-damage|p1a: Klefki|62/100
|
|-damage|p2a: Arceus|39/100|[from] Leech Seed|[of] p1a: Klefki
|-heal|p1a: Klefki|79/100|[silent]
|upkeep
|turn|19
|
|t:|1664864922
|switch|p2a: Groudon|Groudon-Primal|76/100
|-weather|DesolateLand|[from] ability: Desolate Land|[of] p2a: Groudon
|move|p1a: Klefki|Reflect|p1a: Klefki
|-sidestart|p1: NOAH MK2|Reflect
|
|-weather|DesolateLand|[upkeep]
|upkeep
|turn|20
|
|t:|1664864927
|switch|p1a: Zygarde|Zygarde|100/100
|-damage|p1a: Zygarde|94/100|[from] Stealth Rock
|move|p2a: Groudon|Precipice Blades|p1a: Zygarde
|-damage|p1a: Zygarde|78/100
|
|-weather|DesolateLand|[upkeep]
|upkeep
|turn|21
|
|t:|1664864934
|move|p1a: Zygarde|Glare|p2a: Groudon
|-status|p2a: Groudon|par
|move|p2a: Groudon|Dragon Tail|p1a: Zygarde
|-supereffective|p1a: Zygarde
|-damage|p1a: Zygarde|65/100
|drag|p1a: Whimsicott|Whimsicott, M|100/100
|-damage|p1a: Whimsicott|88/100|[from] Stealth Rock
|
|-weather|DesolateLand|[upkeep]
|-heal|p1a: Whimsicott|94/100|[from] item: Leftovers
|upkeep
|turn|22
|
|t:|1664864941
|-weather|none
|switch|p2a: Arceus|Arceus-Ground|100/100
|move|p1a: Whimsicott|Substitute|p1a: Whimsicott
|-start|p1a: Whimsicott|Substitute
|-damage|p1a: Whimsicott|69/100
|
|-heal|p1a: Whimsicott|76/100|[from] item: Leftovers
|upkeep
|turn|23
|
|t:|1664864946
|move|p1a: Whimsicott|Leech Seed|p2a: Arceus|[miss]
|-miss|p1a: Whimsicott|p2a: Arceus
|move|p2a: Arceus|Ice Beam|p1a: Whimsicott
|-supereffective|p1a: Whimsicott
|-end|p1a: Whimsicott|Substitute
|
|-heal|p1a: Whimsicott|82/100|[from] item: Leftovers
|upkeep
|turn|24
|
|t:|1664864954
|switch|p1a: Klefki|Klefki, F|79/100
|-damage|p1a: Klefki|73/100|[from] Stealth Rock
|move|p2a: Arceus|Judgment|p1a: Klefki
|-supereffective|p1a: Klefki
|-damage|p1a: Klefki|0 fnt
|faint|p1a: Klefki
|
|upkeep
|
|t:|1664864960
|switch|p1a: Rayquaza|Rayquaza|100/100
|-damage|p1a: Rayquaza|76/100|[from] Stealth Rock
|-ability|p1a: Rayquaza|Air Lock
|turn|25
|
|t:|1664864966
|detailschange|p1a: Rayquaza|Rayquaza-Mega
|-mega|p1a: Rayquaza|Rayquaza|
|-weather|DeltaStream|[from] ability: Delta Stream|[of] p1a: Rayquaza
|move|p2a: Arceus|Will-O-Wisp|p1a: Rayquaza
|-status|p1a: Rayquaza|brn
|move|p1a: Rayquaza|Dragon Ascent|p2a: Arceus
|-damage|p2a: Arceus|62/100
|-unboost|p1a: Rayquaza|def|1
|-unboost|p1a: Rayquaza|spd|1
|-damage|p1a: Rayquaza|66/100 brn|[from] item: Life Orb
|
|-weather|DeltaStream|[upkeep]
|-damage|p1a: Rayquaza|60/100 brn|[from] brn
|upkeep
|turn|26
|
|t:|1664864972
|move|p2a: Arceus|Ice Beam|p1a: Rayquaza
|-activate||deltastream
|-supereffective|p1a: Rayquaza
|-damage|p1a: Rayquaza|0 fnt
|faint|p1a: Rayquaza
|-weather|none
|
|-sideend|p1: NOAH MK2|Reflect
|upkeep
|-message|NOAH MK2 forfeited.
|
|win|Obito152001
|raw|NOAH MK2's rating: 1872 &rarr; <strong>1857</strong><br />(-15 for losing)
|raw|Obito152001's rating: 1970 &rarr; <strong>1985</strong><br />(+15 for winning)
|l|☆NOAH MK2
