|j|☆Mr_kraft_
|j|☆CLEAR GEM清瑜
|t:|1663157114
|gametype|singles
|player|p1|Mr_kraft_|2|1696
|player|p2|CLEAR GEM清瑜|skierf|1814
|teamsize|p1|6
|teamsize|p2|6
|gen|8
|tier|[Gen 8] National Dex AG
|rated|
|rule|HP Percentage Mod: HP is shown in percentages
|rule|Endless Battle Clause: Forcing endless battles is banned
|clearpoke
|poke|p1|Groudon|
|poke|p1|Kyurem-Black|
|poke|p1|Zacian-*|
|poke|p1|Ditto|
|poke|p1|Arceus-*|
|poke|p1|Yveltal|
|poke|p2|Rayquaza|
|poke|p2|Groudon|
|poke|p2|Necrozma-Dusk-Mane|
|poke|p2|Arceus-*|
|poke|p2|Zacian-*|
|poke|p2|Yveltal|
|teampreview
|inactive|Battle timer is ON: inactive players will automatically lose when time's up. (requested by CLEAR GEM清瑜)
|
|t:|1663157119
|start
|switch|p1a: Kyurem|Kyurem-Black|100/100
|switch|p2a: Y鸟|Yveltal|100/100
|-ability|p1a: Kyurem|Teravolt
|-ability|p2a: Y鸟|Dark Aura
|turn|1
|
|t:|1663157122
|move|p1a: Kyurem|Icicle Spear|p2a: Y鸟
|-supereffective|p2a: Y鸟
|-damage|p2a: Y鸟|71/100
|-supereffective|p2a: Y鸟
|-damage|p2a: Y鸟|44/100
|-hitcount|p2a: Y鸟|2
|move|p2a: Y鸟|Dark Pulse|p1a: Kyurem
|-damage|p1a: Kyurem|29/100
|-damage|p2a: Y鸟|34/100|[from] item: Life Orb
|
|upkeep
|turn|2
|
|t:|1663157130
|move|p1a: Kyurem|Icicle Spear|p2a: Y鸟
|-supereffective|p2a: Y鸟
|-damage|p2a: Y鸟|4/100
|-supereffective|p2a: Y鸟
|-damage|p2a: Y鸟|0 fnt
|faint|p2a: Y鸟
|-hitcount|p2: Y鸟|2
|
|upkeep
|
|t:|1663157133
|switch|p2a: 嘉然小姐的狗|Zacian-Crowned|100/100
|-ability|p2a: 嘉然小姐的狗|Intrepid Sword|boost
|-boost|p2a: 嘉然小姐的狗|atk|1
|turn|3
|
|t:|1663157139
|switch|p1a: Groudon|Groudon|100/100
|detailschange|p1a: Groudon|Groudon-Primal
|-primal|p1a: Groudon
|-weather|DesolateLand|[from] ability: Desolate Land|[of] p1a: Groudon
|switch|p2a: 钢铁之躯|Necrozma-Dusk-Mane|100/100
|
|-weather|DesolateLand|[upkeep]
|upkeep
|turn|4
|
|t:|1663157142
|detailschange|p2a: 钢铁之躯|Necrozma-Ultra
|-burst|p2a: 钢铁之躯|Necrozma|Ultranecrozium Z
|move|p2a: 钢铁之躯|Dragon Dance|p2a: 钢铁之躯
|-boost|p2a: 钢铁之躯|atk|1
|-boost|p2a: 钢铁之躯|spe|1
|move|p1a: Groudon|Fire Punch|p2a: 钢铁之躯
|-resisted|p2a: 钢铁之躯
|-damage|p2a: 钢铁之躯|63/100
|
|-weather|DesolateLand|[upkeep]
|upkeep
|turn|5
|
|t:|1663157147
|-weather|none
|switch|p1a: Arceus|Arceus-Fairy|100/100
|move|p2a: 钢铁之躯|Earthquake|p1a: Arceus
|-damage|p1a: Arceus|56/100
|
|upkeep
|turn|6
|
|t:|1663157150
|move|p2a: 钢铁之躯|Photon Geyser|p1a: Arceus
|-damage|p1a: Arceus|0 fnt
|faint|p1a: Arceus
|
|upkeep
|
|t:|1663157152
|switch|p1a: Kyurem|Kyurem-Black|29/100
|-ability|p1a: Kyurem|Teravolt
|turn|7
|
|t:|1663157156
|move|p1a: Kyurem|Icicle Spear|p2a: 钢铁之躯
|-supereffective|p2a: 钢铁之躯
|-damage|p2a: 钢铁之躯|33/100
|-supereffective|p2a: 钢铁之躯
|-damage|p2a: 钢铁之躯|5/100
|-supereffective|p2a: 钢铁之躯
|-damage|p2a: 钢铁之躯|0 fnt
|faint|p2a: 钢铁之躯
|-hitcount|p2: 钢铁之躯|3
|
|upkeep
|
|t:|1663157158
|switch|p2a: 老烈|Rayquaza, shiny|100/100
|-ability|p2a: 老烈|Air Lock
|turn|8
|
|t:|1663157162
|detailschange|p2a: 老烈|Rayquaza-Mega, shiny
|-mega|p2a: 老烈|Rayquaza|
|-weather|DeltaStream|[from] ability: Delta Stream|[of] p2a: 老烈
|move|p2a: 老烈|Extreme Speed|p1a: Kyurem
|-damage|p1a: Kyurem|0 fnt
|faint|p1a: Kyurem
|
|-weather|DeltaStream|[upkeep]
|upkeep
|
|t:|1663157170
|switch|p1a: Yveltal|Yveltal|100/100
|-ability|p1a: Yveltal|Dark Aura
|turn|9
|
|t:|1663157172
|-start|p1a: Yveltal|Dynamax|
|-heal|p1a: Yveltal|100/100|[silent]
|move|p1a: Yveltal|Max Airstream|p2a: 老烈
|-damage|p2a: 老烈|25/100
|-boost|p1a: Yveltal|spe|1
|-damage|p1a: Yveltal|96/100|[from] item: Life Orb
|move|p2a: 老烈|Dragon Ascent|p1a: Yveltal
|-damage|p1a: Yveltal|55/100
|-unboost|p2a: 老烈|def|1
|-unboost|p2a: 老烈|spd|1
|
|-weather|DeltaStream|[upkeep]
|upkeep
|turn|10
|
|t:|1663157178
|move|p2a: 老烈|Extreme Speed|p1a: Yveltal
|-damage|p1a: Yveltal|38/100
|move|p1a: Yveltal|Max Airstream|p2a: 老烈
|-damage|p2a: 老烈|0 fnt
|-boost|p1a: Yveltal|spe|1
|faint|p2a: 老烈
|-weather|none
|-damage|p1a: Yveltal|33/100|[from] item: Life Orb
|
|upkeep
|
|t:|1663157187
|switch|p2a: 嘉然小姐的狗|Zacian-Crowned|100/100
|-ability|p2a: 嘉然小姐的狗|Intrepid Sword|boost
|-boost|p2a: 嘉然小姐的狗|atk|1
|turn|11
|
|t:|1663157192
|move|p1a: Yveltal|Max Flare|p2a: 嘉然小姐的狗
|-supereffective|p2a: 嘉然小姐的狗
|-damage|p2a: 嘉然小姐的狗|17/100
|-weather|SunnyDay
|-damage|p1a: Yveltal|28/100|[from] item: Life Orb
|move|p2a: 嘉然小姐的狗|Behemoth Blade|p1a: Yveltal
|-damage|p1a: Yveltal|0 fnt
|faint|p1a: Yveltal
|
|-weather|SunnyDay|[upkeep]
|upkeep
|
|t:|1663157197
|switch|p1a: Ditto|Ditto|100/100
|-transform|p1a: Ditto|p2a: 嘉然小姐的狗|[from] ability: Imposter
|-ability|p1a: Ditto|Intrepid Sword|boost
|-boost|p1a: Ditto|atk|1
|turn|12
|
|t:|1663157199
|move|p1a: Ditto|Close Combat|p2a: 嘉然小姐的狗
|-damage|p2a: 嘉然小姐的狗|0 fnt
|-unboost|p1a: Ditto|def|1
|-unboost|p1a: Ditto|spd|1
|faint|p2a: 嘉然小姐的狗
|
|-weather|SunnyDay|[upkeep]
|upkeep
|
|t:|1663157202
|switch|p2a: 不会(?)|Groudon|100/100
|detailschange|p2a: 不会(?)|Groudon-Primal
|-primal|p2a: 不会(?)
|-weather|DesolateLand|[from] ability: Desolate Land|[of] p2a: 不会(?)
|turn|13
|
|t:|1663157209
|-weather|none
|switch|p2a: 悬空羊驼|Arceus-Flying|100/100
|move|p1a: Ditto|Close Combat|p2a: 悬空羊驼
|-resisted|p2a: 悬空羊驼
|-damage|p2a: 悬空羊驼|67/100
|-unboost|p1a: Ditto|def|1
|-unboost|p1a: Ditto|spd|1
|
|upkeep
|turn|14
|l|☆Mr_kraft_
|inactive|Mr_kraft_ disconnected and has a minute to reconnect!
|player|p1|
|j|☆Mr_kraft_
|inactive|Mr_kraft_ reconnected and has 105 seconds left.
|player|p1|Mr_kraft_|2
|
|t:|1663157259
|switch|p1a: Zacian|Zacian-Crowned|100/100
|-ability|p1a: Zacian|Intrepid Sword|boost
|-boost|p1a: Zacian|atk|1
|-start|p2a: 悬空羊驼|Dynamax|
|-heal|p2a: 悬空羊驼|67/100|[silent]
|move|p2a: 悬空羊驼|Max Airstream|p1a: Zacian
|-resisted|p1a: Zacian
|-damage|p1a: Zacian|64/100
|-boost|p2a: 悬空羊驼|spe|1
|
|upkeep
|turn|15
|
|t:|1663157262
|move|p2a: 悬空羊驼|Max Quake|p1a: Zacian
|-supereffective|p1a: Zacian
|-damage|p1a: Zacian|0 fnt
|-boost|p2a: 悬空羊驼|spd|1
|faint|p1a: Zacian
|
|upkeep
|
|t:|1663157270
|switch|p1a: Ditto|Ditto|100/100
|-transform|p1a: Ditto|p2a: 悬空羊驼|[from] ability: Imposter
|turn|16
|inactive|Mr_kraft_ has 120 seconds left.
|
|t:|1663157277
|move|p1a: Ditto|Judgment|p2a: 悬空羊驼
|-damage|p2a: 悬空羊驼|58/100
|move|p2a: 悬空羊驼|Max Airstream|p1a: Ditto
|-crit|p1a: Ditto
|-damage|p1a: Ditto|0 fnt
|-boost|p2a: 悬空羊驼|spe|1
|faint|p1a: Ditto
|
|upkeep
|inactive|Mr_kraft_ has 120 seconds left.
|
|t:|1663157284
|switch|p1a: Groudon|Groudon-Primal|100/100
|-weather|DesolateLand|[from] ability: Desolate Land|[of] p1a: Groudon
|-end|p2a: 悬空羊驼|Dynamax
|-heal|p2a: 悬空羊驼|58/100|[silent]
|turn|17
|
|t:|1663157288
|move|p2a: 悬空羊驼|Earth Power|p1a: Groudon
|-supereffective|p1a: Groudon
|-damage|p1a: Groudon|42/100
|move|p1a: Groudon|Fire Punch|p2a: 悬空羊驼
|-damage|p2a: 悬空羊驼|2/100
|
|-weather|DesolateLand|[upkeep]
|upkeep
|turn|18
|
|t:|1663157295
|move|p2a: 悬空羊驼|Earth Power|p1a: Groudon
|-supereffective|p1a: Groudon
|-damage|p1a: Groudon|0 fnt
|faint|p1a: Groudon
|-weather|none
|
|win|CLEAR GEM清瑜
|raw|Mr_kraft_'s rating: 1696 &rarr; <strong>1683</strong><br />(-13 for losing)
|raw|CLEAR GEM清瑜's rating: 1814 &rarr; <strong>1827</strong><br />(+13 for winning)
|l|☆Mr_kraft_
||Ladder isn't responding, score probably updated but might not have (Request timeout).
