|j|☆Supplement
|j|☆wafflecone67
|t:|1665958774
|gametype|singles
|player|p1|Supplement|red|1684
|player|p2|wafflecone67|2|1668
|teamsize|p1|6
|teamsize|p2|6
|gen|8
|tier|[Gen 8] National Dex AG
|rated|
|rule|HP Percentage Mod: HP is shown in percentages
|rule|Endless Battle Clause: Forcing endless battles is banned
|clearpoke
|poke|p1|Rayquaza|
|poke|p1|Necrozma-Dusk-Mane|
|poke|p1|Ho-Oh|
|poke|p1|Zygarde|
|poke|p1|Chansey, F|
|poke|p1|Tyranitar, M|
|poke|p2|Scolipede, F|
|poke|p2|Smeargle, M|
|poke|p2|Magearna|
|poke|p2|Smeargle, F|
|poke|p2|Espeon, F|
|poke|p2|Mr. Mime, F|
|teampreview
|inactive|Battle timer is ON: inactive players will automatically lose when time's up. (requested by Supplement)
|
|t:|1665958805
|start
|switch|p1a: Chansey|Chansey, F|100/100
|switch|p2a: Scolipede|Scolipede, F|100/100
|turn|1
|
|t:|1665958811
|move|p2a: Scolipede|Iron Defense|p2a: Scolipede
|-boost|p2a: Scolipede|def|2
|move|p1a: Chansey|Seismic Toss|p2a: Scolipede
|-damage|p2a: Scolipede|65/100
|
|-ability|p2a: Scolipede|Speed Boost|boost
|-boost|p2a: Scolipede|spe|1
|upkeep
|turn|2
|
|t:|1665958819
|move|p2a: Scolipede|Iron Defense|p2a: Scolipede
|-boost|p2a: Scolipede|def|2
|move|p1a: Chansey|Seismic Toss|p2a: Scolipede
|-damage|p2a: Scolipede|29/100
|
|-ability|p2a: Scolipede|Speed Boost|boost
|-boost|p2a: Scolipede|spe|1
|upkeep
|turn|3
|
|t:|1665958827
|move|p2a: Scolipede|Protect|p2a: Scolipede
|-singleturn|p2a: Scolipede|Protect
|move|p1a: Chansey|Confide|p2a: Scolipede
|-unboost|p2a: Scolipede|spa|1
|
|-ability|p2a: Scolipede|Speed Boost|boost
|-boost|p2a: Scolipede|spe|1
|upkeep
|turn|4
|j| Matsui_Miyako
|
|t:|1665958836
|move|p2a: Scolipede|Baton Pass|p2a: Scolipede
|
|t:|1665958837
|switch|p2a: Smeargle|Smeargle, M|100/100|[from]move: Baton Pass
|move|p1a: Chansey|Confide|p2a: Smeargle
|-unboost|p2a: Smeargle|spa|1
|
|-ability|p2a: Smeargle|Moody|boost
|-boost|p2a: Smeargle|atk|2
|-unboost|p2a: Smeargle|def|1
|upkeep
|turn|5
|
|t:|1665958849
|move|p2a: Smeargle|Spore|p1a: Chansey
|-status|p1a: Chansey|slp|[from] move: Spore
|cant|p1a: Chansey|slp
|
|-ability|p2a: Smeargle|Moody|boost
|-boost|p2a: Smeargle|atk|2
|-unboost|p2a: Smeargle|spd|1
|upkeep
|turn|6
|
|t:|1665958854
|-curestatus|p1a: Chansey|slp|[from] ability: Natural Cure
|switch|p1a: Ho-Oh|Ho-Oh|100/100
|move|p2a: Smeargle|Ingrain|p2a: Smeargle
|-start|p2a: Smeargle|move: Ingrain
|
|-ability|p2a: Smeargle|Moody|boost
|-boost|p2a: Smeargle|def|2
|-unboost|p2a: Smeargle|spa|1
|upkeep
|turn|7
|
|t:|1665958862
|move|p2a: Smeargle|Spore|p1a: Ho-Oh
|-status|p1a: Ho-Oh|slp|[from] move: Spore
|cant|p1a: Ho-Oh|slp
|
|-ability|p2a: Smeargle|Moody|boost
|-boost|p2a: Smeargle|def|1
|-unboost|p2a: Smeargle|spa|1
|upkeep
|turn|8
|
|t:|1665958870
|move|p2a: Smeargle|Baton Pass|p2a: Smeargle
|
|t:|1665958872
|switch|p2a: Smeargle|Smeargle, F|100/100|[from]move: Baton Pass
|-curestatus|p1a: Ho-Oh|slp|[msg]
|move|p1a: Ho-Oh|Whirlwind|p2a: Smeargle
|-activate|p2a: Smeargle|move: Ingrain
|
|-ability|p2a: Smeargle|Moody|boost
|-boost|p2a: Smeargle|atk|2
|-unboost|p2a: Smeargle|def|1
|upkeep
|turn|9
|
|t:|1665958882
|move|p2a: Smeargle|Spore|p1a: Ho-Oh
|-status|p1a: Ho-Oh|slp|[from] move: Spore
|cant|p1a: Ho-Oh|slp
|
|-ability|p2a: Smeargle|Moody|boost
|-boost|p2a: Smeargle|def|1
|-unboost|p2a: Smeargle|spe|1
|upkeep
|turn|10
|
|t:|1665958888
|switch|p1a: Chansey|Chansey, F|100/100
|move|p2a: Smeargle|Substitute|p2a: Smeargle
|-start|p2a: Smeargle|Substitute
|-damage|p2a: Smeargle|76/100
|
|-heal|p2a: Smeargle|82/100|[from] Ingrain
|-ability|p2a: Smeargle|Moody|boost
|-boost|p2a: Smeargle|spd|2
|-unboost|p2a: Smeargle|spa|1
|upkeep
|turn|11
|
|t:|1665958893
|move|p2a: Smeargle|Spore|p1a: Chansey
|-status|p1a: Chansey|slp|[from] move: Spore
|cant|p1a: Chansey|slp
|
|-heal|p2a: Smeargle|88/100|[from] Ingrain
|-ability|p2a: Smeargle|Moody|boost
|-boost|p2a: Smeargle|spa|2
|-unboost|p2a: Smeargle|def|1
|upkeep
|turn|12
|
|t:|1665958896
|-curestatus|p1a: Chansey|slp|[from] ability: Natural Cure
|switch|p1a: Ho-Oh|Ho-Oh|100/100 slp
|move|p2a: Smeargle|Spiky Shield||[still]
|-fail|p2a: Smeargle
|
|-heal|p2a: Smeargle|94/100|[from] Ingrain
|-ability|p2a: Smeargle|Moody|boost
|-boost|p2a: Smeargle|def|1
|-unboost|p2a: Smeargle|spe|1
|upkeep
|turn|13
|
|t:|1665958904
|switch|p1a: Chansey|Chansey, F|100/100
|move|p2a: Smeargle|Spore|p1a: Chansey
|-status|p1a: Chansey|slp|[from] move: Spore
|
|-heal|p2a: Smeargle|99/100|[from] Ingrain
|-ability|p2a: Smeargle|Moody|boost
|-boost|p2a: Smeargle|spa|2
|-unboost|p2a: Smeargle|spd|1
|upkeep
|turn|14
|
|t:|1665958915
|-curestatus|p1a: Chansey|slp|[from] ability: Natural Cure
|switch|p1a: Zygarde|Zygarde|100/100
|move|p2a: Smeargle|Substitute|p2a: Smeargle
|-fail|p2a: Smeargle|move: Substitute
|
|-heal|p2a: Smeargle|100/100|[from] Ingrain
|-ability|p2a: Smeargle|Moody|boost
|-boost|p2a: Smeargle|spa|2
|-unboost|p2a: Smeargle|def|1
|upkeep
|turn|15
|
|t:|1665958921
|move|p2a: Smeargle|Spore|p1a: Zygarde
|-activate|p1a: Zygarde|item: Safety Goggles|Spore
|move|p1a: Zygarde|Haze|p1a: Zygarde
|-clearallboost
|
|-ability|p2a: Smeargle|Moody|boost
|-boost|p2a: Smeargle|spa|2
|-unboost|p2a: Smeargle|spe|1
|upkeep
|turn|16
|
|t:|1665958926
|move|p2a: Smeargle|Spiky Shield|p2a: Smeargle
|-singleturn|p2a: Smeargle|move: Protect
|move|p1a: Zygarde|Haze|p1a: Zygarde
|-clearallboost
|
|-ability|p2a: Smeargle|Moody|boost
|-boost|p2a: Smeargle|def|2
|-unboost|p2a: Smeargle|atk|1
|upkeep
|turn|17
|l| Matsui_Miyako
|
|t:|1665958955
|move|p2a: Smeargle|Baton Pass|p2a: Smeargle
|
|t:|1665958957
|switch|p2a: Scolipede|Scolipede, F|29/100|[from]move: Baton Pass
|move|p1a: Zygarde|Thousand Arrows|p2a: Scolipede
|-activate|p2a: Scolipede|move: Substitute|[damage]
|
|-heal|p2a: Scolipede|35/100|[from] Ingrain
|upkeep
|turn|18
|
|t:|1665958965
|move|p2a: Scolipede|Iron Defense|p2a: Scolipede
|-boost|p2a: Scolipede|def|2
|move|p1a: Zygarde|Haze|p1a: Zygarde
|-clearallboost
|
|-heal|p2a: Scolipede|41/100|[from] Ingrain
|-ability|p2a: Scolipede|Speed Boost|boost
|-boost|p2a: Scolipede|spe|1
|upkeep
|turn|19
|
|t:|1665958972
|move|p2a: Scolipede|Iron Defense|p2a: Scolipede
|-boost|p2a: Scolipede|def|2
|move|p1a: Zygarde|Thousand Arrows|p2a: Scolipede
|-end|p2a: Scolipede|Substitute
|
|-heal|p2a: Scolipede|47/100|[from] Ingrain
|-ability|p2a: Scolipede|Speed Boost|boost
|-boost|p2a: Scolipede|spe|1
|upkeep
|turn|20
|
|t:|1665958977
|move|p2a: Scolipede|Substitute|p2a: Scolipede
|-start|p2a: Scolipede|Substitute
|-damage|p2a: Scolipede|23/100
|move|p1a: Zygarde|Haze|p1a: Zygarde
|-clearallboost
|
|-heal|p2a: Scolipede|29/100|[from] Ingrain
|-ability|p2a: Scolipede|Speed Boost|boost
|-boost|p2a: Scolipede|spe|1
|upkeep
|turn|21
|
|t:|1665958983
|move|p2a: Scolipede|Protect|p2a: Scolipede
|-singleturn|p2a: Scolipede|Protect
|move|p1a: Zygarde|Thousand Arrows|p2a: Scolipede
|-activate|p2a: Scolipede|move: Protect
|
|-heal|p2a: Scolipede|35/100|[from] Ingrain
|-ability|p2a: Scolipede|Speed Boost|boost
|-boost|p2a: Scolipede|spe|1
|upkeep
|turn|22
|
|t:|1665958988
|move|p2a: Scolipede|Iron Defense|p2a: Scolipede
|-boost|p2a: Scolipede|def|2
|move|p1a: Zygarde|Haze|p1a: Zygarde
|-clearallboost
|
|-heal|p2a: Scolipede|41/100|[from] Ingrain
|-ability|p2a: Scolipede|Speed Boost|boost
|-boost|p2a: Scolipede|spe|1
|upkeep
|turn|23
|
|t:|1665958992
|move|p2a: Scolipede|Iron Defense|p2a: Scolipede
|-boost|p2a: Scolipede|def|2
|move|p1a: Zygarde|Thousand Arrows|p2a: Scolipede
|-activate|p2a: Scolipede|move: Substitute|[damage]
|
|-heal|p2a: Scolipede|47/100|[from] Ingrain
|-ability|p2a: Scolipede|Speed Boost|boost
|-boost|p2a: Scolipede|spe|1
|upkeep
|turn|24
|
|t:|1665958997
|move|p2a: Scolipede|Protect|p2a: Scolipede
|-singleturn|p2a: Scolipede|Protect
|move|p1a: Zygarde|Haze|p1a: Zygarde
|-clearallboost
|
|-heal|p2a: Scolipede|53/100|[from] Ingrain
|-ability|p2a: Scolipede|Speed Boost|boost
|-boost|p2a: Scolipede|spe|1
|upkeep
|turn|25
|
|t:|1665959005
|move|p2a: Scolipede|Iron Defense|p2a: Scolipede
|-boost|p2a: Scolipede|def|2
|move|p1a: Zygarde|Haze|p1a: Zygarde
|-clearallboost
|
|-heal|p2a: Scolipede|59/100|[from] Ingrain
|-ability|p2a: Scolipede|Speed Boost|boost
|-boost|p2a: Scolipede|spe|1
|upkeep
|turn|26
|
|t:|1665959012
|move|p2a: Scolipede|Iron Defense|p2a: Scolipede
|-boost|p2a: Scolipede|def|2
|move|p1a: Zygarde|Thousand Arrows|p2a: Scolipede
|-end|p2a: Scolipede|Substitute
|
|-heal|p2a: Scolipede|65/100|[from] Ingrain
|-ability|p2a: Scolipede|Speed Boost|boost
|-boost|p2a: Scolipede|spe|1
|upkeep
|turn|27
|
|t:|1665959020
|move|p2a: Scolipede|Substitute|p2a: Scolipede
|-start|p2a: Scolipede|Substitute
|-damage|p2a: Scolipede|40/100
|move|p1a: Zygarde|Haze|p1a: Zygarde
|-clearallboost
|
|-heal|p2a: Scolipede|46/100|[from] Ingrain
|-ability|p2a: Scolipede|Speed Boost|boost
|-boost|p2a: Scolipede|spe|1
|upkeep
|turn|28
|
|t:|1665959030
|move|p2a: Scolipede|Protect|p2a: Scolipede
|-singleturn|p2a: Scolipede|Protect
|move|p1a: Zygarde|Haze|p1a: Zygarde
|-clearallboost
|
|-heal|p2a: Scolipede|52/100|[from] Ingrain
|-ability|p2a: Scolipede|Speed Boost|boost
|-boost|p2a: Scolipede|spe|1
|upkeep
|turn|29
|
|t:|1665959053
|switch|p1a: Chansey|Chansey, F|100/100
|move|p2a: Scolipede|Iron Defense|p2a: Scolipede
|-boost|p2a: Scolipede|def|2
|
|-heal|p2a: Scolipede|58/100|[from] Ingrain
|-ability|p2a: Scolipede|Speed Boost|boost
|-boost|p2a: Scolipede|spe|1
|upkeep
|turn|30
|
|t:|1665959059
|move|p2a: Scolipede|Protect|p2a: Scolipede
|-singleturn|p2a: Scolipede|Protect
|move|p1a: Chansey|Confide|p2a: Scolipede
|-unboost|p2a: Scolipede|spa|1
|
|-heal|p2a: Scolipede|64/100|[from] Ingrain
|-ability|p2a: Scolipede|Speed Boost|boost
|-boost|p2a: Scolipede|spe|1
|upkeep
|turn|31
|
|t:|1665959065
|move|p2a: Scolipede|Baton Pass|p2a: Scolipede
|
|t:|1665959067
|switch|p2a: Mr. Mime|Mr. Mime, F|100/100|[from]move: Baton Pass
|move|p1a: Chansey|Confide|p2a: Mr. Mime
|-immune|p2a: Mr. Mime|[from] ability: Soundproof
|
|upkeep
|turn|32
|
|t:|1665959077
|move|p2a: Mr. Mime|Calm Mind|p2a: Mr. Mime
|-boost|p2a: Mr. Mime|spa|1
|-boost|p2a: Mr. Mime|spd|1
|move|p1a: Chansey|Seismic Toss|p2a: Mr. Mime
|-end|p2a: Mr. Mime|Substitute
|
|upkeep
|turn|33
|
|t:|1665959084
|switch|p1a: Zygarde|Zygarde|100/100
|move|p2a: Mr. Mime|Calm Mind|p2a: Mr. Mime
|-boost|p2a: Mr. Mime|spa|1
|-boost|p2a: Mr. Mime|spd|1
|
|upkeep
|turn|34
|
|t:|1665959089
|move|p2a: Mr. Mime|Taunt|p1a: Zygarde
|-start|p1a: Zygarde|move: Taunt
|cant|p1a: Zygarde|move: Taunt|Haze
|
|upkeep
|turn|35
|
|t:|1665959095
|switch|p1a: Ho-Oh|Ho-Oh|100/100 slp
|move|p2a: Mr. Mime|Calm Mind|p2a: Mr. Mime
|-boost|p2a: Mr. Mime|spa|1
|-boost|p2a: Mr. Mime|spd|1
|
|upkeep
|turn|36
|
|t:|1665959100
|switch|p1a: Zygarde|Zygarde|100/100
|move|p2a: Mr. Mime|Calm Mind|p2a: Mr. Mime
|-boost|p2a: Mr. Mime|spa|1
|-boost|p2a: Mr. Mime|spd|1
|
|upkeep
|turn|37
|
|t:|1665959111
|switch|p1a: Rayquaza|Rayquaza|100/100
|-ability|p1a: Rayquaza|Air Lock
|move|p2a: Mr. Mime|Taunt|p1a: Rayquaza
|-start|p1a: Rayquaza|move: Taunt
|
|upkeep
|turn|38
|
|t:|1665959116
|detailschange|p1a: Rayquaza|Rayquaza-Mega
|-mega|p1a: Rayquaza|Rayquaza|
|-weather|DeltaStream|[from] ability: Delta Stream|[of] p1a: Rayquaza
|move|p1a: Rayquaza|Extreme Speed|p2a: Mr. Mime
|-damage|p2a: Mr. Mime|54/100
|move|p2a: Mr. Mime|Reflect|p2a: Mr. Mime
|-sidestart|p2: wafflecone67|Reflect
|
|-weather|DeltaStream|[upkeep]
|-heal|p2a: Mr. Mime|60/100|[from] Ingrain
|upkeep
|turn|39
|
|t:|1665959145
|-weather|none
|switch|p1a: Ho-Oh|Ho-Oh|100/100 slp
|move|p2a: Mr. Mime|Baton Pass|p2a: Mr. Mime
|
|t:|1665959149
|switch|p2a: labrys|Magearna|100/100|[from]move: Baton Pass
|
|upkeep
|turn|40
|
|t:|1665959154
|move|p2a: labrys|Substitute|p2a: labrys
|-start|p2a: labrys|Substitute
|-damage|p2a: labrys|76/100
|-curestatus|p1a: Ho-Oh|slp|[msg]
|move|p1a: Ho-Oh|Toxic||[still]
|-fail|p1a: Ho-Oh
|
|-heal|p2a: labrys|82/100|[from] Ingrain
|upkeep
|turn|41
|
|t:|1665959160
|move|p2a: labrys|Stored Power|p1a: Ho-Oh
|-damage|p1a: Ho-Oh|0 fnt
|faint|p1a: Ho-Oh
|-ability|p2a: labrys|Soul-Heart|boost
|-boost|p2a: labrys|spa|1
|
|-heal|p2a: labrys|88/100|[from] Ingrain
|upkeep
|
|t:|1665959166
|switch|p1a: Zygarde|Zygarde|100/100
|turn|42
|
|t:|1665959169
|move|p2a: labrys|Stored Power|p1a: Zygarde
|-damage|p1a: Zygarde|0 fnt
|faint|p1a: Zygarde
|-ability|p2a: labrys|Soul-Heart|boost
|-boost|p2a: labrys|spa|1
|
|-heal|p2a: labrys|94/100|[from] Ingrain
|-sideend|p2: wafflecone67|Reflect
|upkeep
|
|t:|1665959173
|switch|p1a: Chansey|Chansey, F|100/100
|turn|43
|c|☆wafflecone67|gg
|c|☆Supplement|ur bad
|
|t:|1665959182
|move|p2a: labrys|Stored Power|p1a: Chansey
|-damage|p1a: Chansey|9/100
|move|p1a: Chansey|Confide|p2a: labrys
|-unboost|p2a: labrys|spa|1
|
|-heal|p2a: labrys|99/100|[from] Ingrain
|upkeep
|turn|44
|c|☆wafflecone67|lol
|c|☆wafflecone67|EXODIA OBLITHERATE
|c|☆Supplement|noob strat
|c|☆Supplement|anyone can do that
|c|☆wafflecone67|lol
|c|☆Supplement|"lol"
|inactive|Supplement has 120 seconds left.
|c|☆Supplement|u cant even come up with comebacks
|c|☆Supplement|ur literally braindead
|c|☆Supplement|lol
|c|☆wafflecone67|Why woud I need to
|c|☆wafflecone67|I already won
|inactive|Supplement has 90 seconds left.
|c|☆Supplement|that doesnt matter lol
|c|☆wafflecone67|well it clearly matters to you
|c|☆wafflecone67|lol
|c|☆Supplement|how can you not differiate that
|c|☆Supplement|?
|inactive|Supplement has 60 seconds left.
|c|☆Supplement|lol
|c|☆Supplement|u have mental issues
|c|☆wafflecone67|cuz you went on a comment spree for no reason instead of moving on
|c|☆wafflecone67|lol
|c|☆Supplement|cant even tell trashtalking form playing a game
|inactive|Supplement has 30 seconds left.
|c|☆Supplement|lol
|c|☆wafflecone67|lol ok\
|inactive|Supplement has 20 seconds left.
|c|☆Supplement|keep crying for me
|inactive|Supplement has 15 seconds left.
|c|☆wafflecone67|dude this made my week lol
|inactive|Supplement has 10 seconds left.
|c|☆Supplement|lol
|c|☆wafflecone67|salt mine
|inactive|Supplement has 5 seconds left.
|c|☆wafflecone67|gg
|c|☆wafflecone67|g
|c|☆wafflecone67|g
|c|☆wafflecone67|g
|-message|Supplement lost due to inactivity.
|
|win|wafflecone67
|raw|Supplement's rating: 1684 &rarr; <strong>1663</strong><br />(-21 for losing)
|raw|wafflecone67's rating: 1668 &rarr; <strong>1689</strong><br />(+21 for winning)
|c|☆Supplement|and you cant even come up with a good response
|c|☆wafflecone67|g
|c|☆wafflecone67|g
|c|☆Supplement|fail
|c|☆wafflecone67|g
|c|☆wafflecone67|g
|c|☆wafflecone67|g
|c|☆wafflecone67|g
|c|☆wafflecone67|g
|c|☆wafflecone67|g
|c|☆wafflecone67|g
|c|☆wafflecone67|g
|c|☆wafflecone67|g
|c|☆wafflecone67|g
|c|☆wafflecone67|g
|c|☆wafflecone67|g
|c|☆wafflecone67|g
|c|☆wafflecone67|g
|c|☆wafflecone67|g
|c|☆Supplement|absolute fail
|c|☆wafflecone67|g
|c|☆wafflecone67|g
|c|☆wafflecone67|g
|c|☆wafflecone67|g
|c|☆wafflecone67|g
|c|☆wafflecone67|g
|c|☆wafflecone67|g
|c|☆Supplement|this i shis response
|c|☆wafflecone67|g
|c|☆wafflecone67|ggggggggggggggggggggggggggggggggggggggggggggggggggggggggggggggggggggggggggggggggggggggggg
|c|☆Supplement|lol
|c|☆wafflecone67|gggggggggggggggggggggggggggggggggggggggggggggggggggggggggggggggggggggggggggggggggggggggggggggggggggggggggggggggggggggggggggg
|c|☆Supplement|i made him my bitch
|c|☆Supplement|so easy
|c|☆wafflecone67|g
|c|☆wafflecone67|g
|c|☆wafflecone67|g
|c|☆wafflecone67|g
|c|☆wafflecone67|g
|c|☆wafflecone67|g
|c|☆Supplement|lol
|c|☆wafflecone67|g
|c|☆wafflecone67|g
|c|☆wafflecone67|g
|c|☆wafflecone67|g
|c|☆wafflecone67|Im saving thid
|c|☆Supplement|subzero id
|c|☆Supplement|iq
|c|☆Supplement|keep crying for me
||Ladder isn't responding, score probably updated but might not have (Request timeout).
