|j|☆lfdf
|j|☆AnimeZZZZ5
|t:|1622009804
|gametype|singles
|player|p1|lfdf|barry|1650
|player|p2|AnimeZZZZ5|bugcatcher|1880
|teamsize|p1|6
|teamsize|p2|6
|gen|8
|tier|[Gen 8] National Dex AG
|rated|
|rule|HP Percentage Mod: HP is shown in percentages
|rule|Endless Battle Clause: Forcing endless battles is banned
|clearpoke
|poke|p1|Yveltal|
|poke|p1|Rayquaza|
|poke|p1|Necrozma-Dusk-Mane|
|poke|p1|Marshadow|
|poke|p1|Groudon|
|poke|p1|Ferrothorn, M|
|poke|p2|Yveltal|
|poke|p2|Kyurem-Black|
|poke|p2|Marshadow|
|poke|p2|Ditto|
|poke|p2|Ho-Oh|
|poke|p2|Arceus-*|
|teampreview
|inactive|Battle timer is ON: inactive players will automatically lose when time's up. (requested by lfdf)
|
|t:|1622009818
|start
|switch|p1a: Ferrothorn|Ferrothorn, M|100/100
|switch|p2a: Ho-Oh|Ho-Oh|100/100
|turn|1
|
|t:|1622009823
|move|p2a: Ho-Oh|Toxic|p1a: Ferrothorn
|-immune|p1a: Ferrothorn
|move|p1a: Ferrothorn|Stealth Rock|p2a: Ho-Oh
|-sidestart|p2: AnimeZZZZ5|move: Stealth Rock
|
|upkeep
|turn|2
|
|t:|1622009840
|move|p2a: Ho-Oh|Defog|p1a: Ferrothorn
|-unboost|p1a: Ferrothorn|evasion|1
|-sideend|p2: AnimeZZZZ5|Stealth Rock|[from] move: Defog|[of] p2a: Ho-Oh
|move|p1a: Ferrothorn|Leech Seed|p2a: Ho-Oh
|-start|p2a: Ho-Oh|move: Leech Seed
|
|-damage|p2a: Ho-Oh|88/100|[from] Leech Seed|[of] p1a: Ferrothorn
|upkeep
|turn|3
|
|t:|1622009843
|move|p2a: Ho-Oh|Sacred Fire|p1a: Ferrothorn
|-supereffective|p1a: Ferrothorn
|-damage|p1a: Ferrothorn|4/100
|-status|p1a: Ferrothorn|brn
|move|p1a: Ferrothorn|Stealth Rock|p2a: Ho-Oh
|-sidestart|p2: AnimeZZZZ5|move: Stealth Rock
|
|-damage|p2a: Ho-Oh|76/100|[from] Leech Seed|[of] p1a: Ferrothorn
|-heal|p1a: Ferrothorn|18/100 brn|[silent]
|-damage|p1a: Ferrothorn|12/100 brn|[from] brn
|upkeep
|turn|4
|
|t:|1622009849
|move|p1a: Ferrothorn|Protect|p1a: Ferrothorn
|-singleturn|p1a: Ferrothorn|Protect
|move|p2a: Ho-Oh|Defog|p1a: Ferrothorn
|-activate|p1a: Ferrothorn|move: Protect
|
|-damage|p2a: Ho-Oh|64/100|[from] Leech Seed|[of] p1a: Ferrothorn
|-heal|p1a: Ferrothorn|27/100 brn|[silent]
|-damage|p1a: Ferrothorn|21/100 brn|[from] brn
|upkeep
|turn|5
|
|t:|1622009857
|move|p2a: Ho-Oh|Defog|p1a: Ferrothorn
|-unboost|p1a: Ferrothorn|evasion|1
|-sideend|p2: AnimeZZZZ5|Stealth Rock|[from] move: Defog|[of] p2a: Ho-Oh
|move|p1a: Ferrothorn|Stealth Rock|p2a: Ho-Oh
|-sidestart|p2: AnimeZZZZ5|move: Stealth Rock
|
|-damage|p2a: Ho-Oh|51/100|[from] Leech Seed|[of] p1a: Ferrothorn
|-heal|p1a: Ferrothorn|35/100 brn|[silent]
|-damage|p1a: Ferrothorn|29/100 brn|[from] brn
|upkeep
|turn|6
|
|t:|1622009863
|move|p2a: Ho-Oh|Sacred Fire|p1a: Ferrothorn
|-supereffective|p1a: Ferrothorn
|-damage|p1a: Ferrothorn|0 fnt
|faint|p1a: Ferrothorn
|
|upkeep
|
|t:|1622009871
|switch|p1a: Rayquaza|Rayquaza|100/100
|-ability|p1a: Rayquaza|Air Lock
|turn|7
|
|t:|1622009878
|detailschange|p1a: Rayquaza|Rayquaza-Mega
|-mega|p1a: Rayquaza|Rayquaza|
|-weather|DeltaStream|[from] ability: Delta Stream|[of] p1a: Rayquaza
|move|p1a: Rayquaza|Dragon Ascent|p2a: Ho-Oh
|-damage|p2a: Ho-Oh|0 fnt
|-unboost|p1a: Rayquaza|def|1
|-unboost|p1a: Rayquaza|spd|1
|faint|p2a: Ho-Oh
|
|-weather|DeltaStream|[upkeep]
|upkeep
|
|t:|1622009883
|switch|p2a: Arceus|Arceus-Fairy|100/100
|-damage|p2a: Arceus|88/100|[from] Stealth Rock
|turn|8
|
|t:|1622009886
|move|p1a: Rayquaza|Dragon Ascent|p2a: Arceus
|-damage|p2a: Arceus|28/100
|-unboost|p1a: Rayquaza|def|1
|-unboost|p1a: Rayquaza|spd|1
|move|p2a: Arceus|Judgment|p1a: Rayquaza
|-supereffective|p1a: Rayquaza
|-damage|p1a: Rayquaza|0 fnt
|faint|p1a: Rayquaza
|-weather|none
|
|upkeep
|
|t:|1622009894
|switch|p1a: Necrozma|Necrozma-Dusk-Mane|100/100
|turn|9
|
|t:|1622009897
|move|p1a: Necrozma|Sunsteel Strike|p2a: Arceus
|-supereffective|p2a: Arceus
|-damage|p2a: Arceus|0 fnt
|faint|p2a: Arceus
|
|upkeep
|
|t:|1622009904
|switch|p2a: Yveltal|Yveltal|100/100
|-damage|p2a: Yveltal|76/100|[from] Stealth Rock
|-ability|p2a: Yveltal|Dark Aura
|turn|10
|
|t:|1622009913
|-start|p2a: Yveltal|Dynamax
|-heal|p2a: Yveltal|76/100|[silent]
|move|p2a: Yveltal|Max Darkness|p1a: Necrozma
|-supereffective|p1a: Necrozma
|-damage|p1a: Necrozma|0 fnt
|faint|p1a: Necrozma
|-damage|p2a: Yveltal|71/100|[from] item: Life Orb
|
|upkeep
|
|t:|1622009924
|switch|p1a: Yveltal|Yveltal, shiny|100/100
|-ability|p1a: Yveltal|Dark Aura
|turn|11
|
|t:|1622009927
|-start|p1a: Yveltal|Dynamax
|-heal|p1a: Yveltal|100/100|[silent]
|move|p2a: Yveltal|Max Airstream|p1a: Yveltal
|-damage|p1a: Yveltal|59/100
|-boost|p2a: Yveltal|spe|1
|-damage|p2a: Yveltal|66/100|[from] item: Life Orb
|move|p1a: Yveltal|Max Airstream|p2a: Yveltal
|-damage|p2a: Yveltal|27/100
|-boost|p1a: Yveltal|spe|1
|
|upkeep
|turn|12
|
|t:|1622009935
|move|p1a: Yveltal|Max Airstream|p2a: Yveltal
|-damage|p2a: Yveltal|0 fnt
|-boost|p1a: Yveltal|spe|1
|faint|p2a: Yveltal
|
|upkeep
|
|t:|1622009946
|switch|p2a: Marshadow|Marshadow|100/100
|-damage|p2a: Marshadow|94/100|[from] Stealth Rock
|turn|13
|
|t:|1622009951
|move|p1a: Yveltal|Max Airstream|p2a: Marshadow
|-supereffective|p2a: Marshadow
|-damage|p2a: Marshadow|0 fnt
|-boost|p1a: Yveltal|spe|1
|faint|p2a: Marshadow
|
|-end|p1a: Yveltal|Dynamax
|-heal|p1a: Yveltal|59/100|[silent]
|upkeep
|
|t:|1622009955
|switch|p2a: Ditto|Ditto|100/100
|-damage|p2a: Ditto|88/100|[from] Stealth Rock
|-transform|p2a: Ditto|p1a: Yveltal|[from] ability: Imposter
|-ability|p2a: Ditto|Dark Aura
|turn|14
|
|t:|1622009957
|move|p2a: Ditto|Oblivion Wing|p1a: Yveltal
|-damage|p1a: Yveltal|21/100
|-heal|p2a: Ditto|100/100|[from] drain|[of] p1a: Yveltal
|move|p1a: Yveltal|Oblivion Wing|p2a: Ditto
|-damage|p2a: Ditto|49/100
|-heal|p1a: Yveltal|50/100|[from] drain|[of] p2a: Ditto
|
|upkeep
|turn|15
|
|t:|1622009965
|move|p2a: Ditto|Oblivion Wing|p1a: Yveltal
|-damage|p1a: Yveltal|10/100
|-heal|p2a: Ditto|89/100|[from] drain|[of] p1a: Yveltal
|move|p1a: Yveltal|Oblivion Wing|p2a: Ditto
|-damage|p2a: Ditto|31/100
|-heal|p1a: Yveltal|43/100|[from] drain|[of] p2a: Ditto
|
|upkeep
|turn|16
|
|t:|1622009969
|move|p2a: Ditto|Oblivion Wing|p1a: Yveltal
|-damage|p1a: Yveltal|2/100
|-heal|p2a: Ditto|71/100|[from] drain|[of] p1a: Yveltal
|move|p1a: Yveltal|Oblivion Wing|p2a: Ditto
|-damage|p2a: Ditto|17/100
|-heal|p1a: Yveltal|33/100|[from] drain|[of] p2a: Ditto
|
|upkeep
|turn|17
|
|t:|1622009974
|move|p1a: Yveltal|Sucker Punch|p2a: Ditto
|-resisted|p2a: Ditto
|-damage|p2a: Ditto|0 fnt
|faint|p2a: Ditto
|
|upkeep
|
|t:|1622009976
|switch|p2a: Kyurem|Kyurem-Black|100/100
|-damage|p2a: Kyurem|76/100|[from] Stealth Rock
|-ability|p2a: Kyurem|Teravolt
|turn|18
|
|t:|1622009977
|move|p1a: Yveltal|Dark Pulse|p2a: Kyurem
|-damage|p2a: Kyurem|21/100
|move|p2a: Kyurem|Dragon Dance|p2a: Kyurem
|-boost|p2a: Kyurem|atk|1
|-boost|p2a: Kyurem|spe|1
|
|upkeep
|turn|19
|
|t:|1622009992
|move|p1a: Yveltal|Sucker Punch|p2a: Kyurem
|-damage|p2a: Kyurem|0 fnt
|faint|p2a: Kyurem
|
|win|lfdf
|raw|lfdf's rating: 1650 &rarr; <strong>1682</strong><br />(+32 for winning)
|raw|AnimeZZZZ5's rating: 1880 &rarr; <strong>1848</strong><br />(-32 for losing)
