|j|☆tiggi7
|j|☆agdp
|t:|1644521828
|gametype|singles
|player|p1|tiggi7|ethan|1729
|player|p2|agdp|hilbert|1734
|teamsize|p1|6
|teamsize|p2|6
|gen|8
|tier|[Gen 8] National Dex AG
|rated|
|rule|HP Percentage Mod: HP is shown in percentages
|rule|Endless Battle Clause: Forcing endless battles is banned
|clearpoke
|poke|p1|Gengar, F|
|poke|p1|Chansey, F|
|poke|p1|Necrozma-Dusk-Mane|
|poke|p1|Zygarde|
|poke|p1|Tyranitar, M|
|poke|p1|Ho-Oh|
|poke|p2|Giratina-Origin|
|poke|p2|Ditto|
|poke|p2|Yveltal|
|poke|p2|Arceus-*|
|poke|p2|Dialga|
|poke|p2|Groudon|
|teampreview
|j| Bobvino
|inactive|Battle timer is ON: inactive players will automatically lose when time's up. (requested by tiggi7)
|
|t:|1644521838
|start
|switch|p1a: Gengar|Gengar, F|100/100
|switch|p2a: Dialga|Dialga, shiny|100/100
|-ability|p2a: Dialga|Pressure
|turn|1
|
|t:|1644521846
|switch|p2a: Yveltal|Yveltal, shiny|100/100
|-ability|p2a: Yveltal|Dark Aura
|detailschange|p1a: Gengar|Gengar-Mega, F
|-mega|p1a: Gengar|Gengar|Gengarite
|move|p1a: Gengar|Taunt|p2a: Yveltal
|-start|p2a: Yveltal|move: Taunt
|
|upkeep
|turn|2
|
|t:|1644521860
|switch|p1a: Tyranitar|Tyranitar, M|100/100
|-weather|Sandstorm|[from] ability: Sand Stream|[of] p1a: Tyranitar
|move|p2a: Yveltal|Oblivion Wing|p1a: Tyranitar
|-resisted|p1a: Tyranitar
|-damage|p1a: Tyranitar|92/100
|
|-weather|Sandstorm|[upkeep]
|-damage|p2a: Yveltal|94/100|[from] Sandstorm
|-heal|p1a: Tyranitar|99/100|[from] item: Leftovers
|upkeep
|turn|3
|
|t:|1644521872
|switch|p2a: Groudon|Groudon, shiny|100/100
|detailschange|p2a: Groudon|Groudon-Primal, shiny
|-primal|p2a: Groudon
|-weather|DesolateLand|[from] ability: Desolate Land|[of] p2a: Groudon
|move|p1a: Tyranitar|Rock Tomb|p2a: Groudon
|-damage|p2a: Groudon|85/100
|-unboost|p2a: Groudon|spe|1
|
|-weather|DesolateLand|[upkeep]
|-heal|p1a: Tyranitar|100/100|[from] item: Leftovers
|upkeep
|turn|4
|l| Bobvino
|
|t:|1644521885
|switch|p1a: Zygarde|Zygarde|100/100
|-weather|none
|switch|p2a: Dialga|Dialga, shiny|100/100
|-ability|p2a: Dialga|Pressure
|
|upkeep
|turn|5
|
|t:|1644521895
|move|p1a: Zygarde|Glare|p2a: Dialga
|-status|p2a: Dialga|par
|cant|p2a: Dialga|par
|
|upkeep
|turn|6
|
|t:|1644521901
|move|p1a: Zygarde|Thousand Arrows|p2a: Dialga
|-supereffective|p2a: Dialga
|-damage|p2a: Dialga|69/100 par
|move|p2a: Dialga|Ice Beam|p1a: Zygarde
|-supereffective|p1a: Zygarde
|-damage|p1a: Zygarde|4/100
|
|-heal|p1a: Zygarde|10/100|[from] item: Leftovers
|-heal|p2a: Dialga|75/100 par|[from] item: Leftovers
|-activate|p1a: Zygarde|ability: Power Construct
|detailschange|p1a: Zygarde|Zygarde-Complete
|-heal|p1a: Zygarde|41/100|[silent]
|upkeep
|turn|7
|
|t:|1644521915
|switch|p1a: Necrozma|Necrozma-Dusk-Mane|100/100
|move|p2a: Dialga|Ice Beam|p1a: Necrozma
|-resisted|p1a: Necrozma
|-damage|p1a: Necrozma|90/100
|
|-heal|p2a: Dialga|81/100 par|[from] item: Leftovers
|upkeep
|turn|8
|
|t:|1644521923
|move|p1a: Necrozma|Stealth Rock|p2a: Dialga
|-sidestart|p2: agdp|move: Stealth Rock
|move|p2a: Dialga|Iron Defense|p2a: Dialga
|-boost|p2a: Dialga|def|2
|
|-heal|p2a: Dialga|87/100 par|[from] item: Leftovers
|upkeep
|turn|9
|
|t:|1644521936
|switch|p1a: Chansey|Chansey, F|100/100
|cant|p2a: Dialga|par
|
|-heal|p2a: Dialga|93/100 par|[from] item: Leftovers
|upkeep
|turn|10
|
|t:|1644521944
|switch|p1a: Necrozma|Necrozma-Dusk-Mane|90/100
|move|p2a: Dialga|Iron Defense|p2a: Dialga
|-boost|p2a: Dialga|def|2
|
|-heal|p2a: Dialga|99/100 par|[from] item: Leftovers
|upkeep
|turn|11
|
|t:|1644521951
|switch|p1a: Zygarde|Zygarde-Complete|41/100
|cant|p2a: Dialga|par
|
|-heal|p1a: Zygarde|47/100|[from] item: Leftovers
|-heal|p2a: Dialga|100/100 par|[from] item: Leftovers
|upkeep
|turn|12
|
|t:|1644521961
|switch|p1a: Chansey|Chansey, F|100/100
|move|p2a: Dialga|Ice Beam|p1a: Chansey
|-damage|p1a: Chansey|93/100
|
|upkeep
|turn|13
|
|t:|1644521968
|move|p1a: Chansey|Confide|p2a: Dialga
|-unboost|p2a: Dialga|spa|1
|cant|p2a: Dialga|par
|
|upkeep
|turn|14
|
|t:|1644521974
|switch|p1a: Necrozma|Necrozma-Dusk-Mane|90/100
|cant|p2a: Dialga|par
|
|upkeep
|turn|15
|
|t:|1644521980
|switch|p1a: Chansey|Chansey, F|93/100
|move|p2a: Dialga|Iron Defense|p2a: Dialga
|-boost|p2a: Dialga|def|2
|
|upkeep
|turn|16
|
|t:|1644521987
|switch|p1a: Necrozma|Necrozma-Dusk-Mane|90/100
|cant|p2a: Dialga|par
|
|upkeep
|turn|17
|
|t:|1644521992
|move|p1a: Necrozma|Thunder Wave|p2a: Dialga
|-fail|p2a: Dialga|par
|move|p2a: Dialga|Body Press|p1a: Necrozma
|-damage|p1a: Necrozma|28/100
|-damage|p2a: Dialga|84/100 par|[from] item: Rocky Helmet|[of] p1a: Necrozma
|
|-heal|p2a: Dialga|90/100 par|[from] item: Leftovers
|upkeep
|turn|18
|
|t:|1644522002
|move|p1a: Necrozma|Moonlight|p1a: Necrozma
|-heal|p1a: Necrozma|78/100
|cant|p2a: Dialga|par
|
|-heal|p2a: Dialga|96/100 par|[from] item: Leftovers
|upkeep
|turn|19
|
|t:|1644522009
|switch|p1a: Gengar|Gengar-Mega, F|100/100
|cant|p2a: Dialga|par
|
|-heal|p2a: Dialga|100/100 par|[from] item: Leftovers
|upkeep
|turn|20
|
|t:|1644522018
|move|p1a: Gengar|Substitute|p1a: Gengar
|-start|p1a: Gengar|Substitute
|-damage|p1a: Gengar|76/100
|move|p2a: Dialga|Flash Cannon|p1a: Gengar
|-end|p1a: Gengar|Substitute
|
|upkeep
|turn|21
|
|t:|1644522025
|move|p1a: Gengar|Shadow Ball|p2a: Dialga
|-damage|p2a: Dialga|60/100 par
|move|p2a: Dialga|Flash Cannon|p1a: Gengar
|-damage|p1a: Gengar|48/100
|
|-heal|p2a: Dialga|66/100 par|[from] item: Leftovers
|upkeep
|turn|22
|
|t:|1644522043
|-start|p2a: Dialga|Dynamax
|-heal|p2a: Dialga|66/100 par|[silent]
|move|p1a: Gengar|Shadow Ball|p2a: Dialga
|-damage|p2a: Dialga|49/100 par
|move|p2a: Dialga|Max Hailstorm|p1a: Gengar
|-damage|p1a: Gengar|15/100
|-weather|Hail
|
|-weather|Hail|[upkeep]
|-damage|p1a: Gengar|9/100|[from] Hail
|-damage|p2a: Dialga|46/100 par|[from] Hail
|-heal|p2a: Dialga|49/100 par|[from] item: Leftovers
|upkeep
|turn|23
|
|t:|1644522058
|switch|p1a: Necrozma|Necrozma-Dusk-Mane|78/100
|cant|p2a: Dialga|par
|
|-weather|Hail|[upkeep]
|-damage|p1a: Necrozma|72/100|[from] Hail
|-damage|p2a: Dialga|46/100 par|[from] Hail
|-heal|p2a: Dialga|49/100 par|[from] item: Leftovers
|upkeep
|turn|24
|
|t:|1644522074
|switch|p1a: Ho-Oh|Ho-Oh|100/100
|move|p2a: Dialga|Max Guard||[still]
|-fail|p2a: Dialga
|
|-weather|Hail|[upkeep]
|-damage|p1a: Ho-Oh|94/100|[from] Hail
|-damage|p2a: Dialga|46/100 par|[from] Hail
|-heal|p2a: Dialga|49/100 par|[from] item: Leftovers
|-end|p2a: Dialga|Dynamax
|-heal|p2a: Dialga|49/100 par|[silent]
|upkeep
|turn|25
|
|t:|1644522087
|move|p2a: Dialga|Body Press|p1a: Ho-Oh
|-resisted|p1a: Ho-Oh
|-damage|p1a: Ho-Oh|58/100
|move|p1a: Ho-Oh|Whirlwind|p2a: Dialga
|drag|p2a: Yveltal|Yveltal, shiny|94/100
|-damage|p2a: Yveltal|70/100|[from] Stealth Rock
|-ability|p2a: Yveltal|Dark Aura
|
|-weather|Hail|[upkeep]
|-damage|p2a: Yveltal|63/100|[from] Hail
|-damage|p1a: Ho-Oh|52/100|[from] Hail
|upkeep
|turn|26
|
|t:|1644522101
|switch|p1a: Tyranitar|Tyranitar, M|100/100
|-weather|Sandstorm|[from] ability: Sand Stream|[of] p1a: Tyranitar
|move|p2a: Yveltal|Taunt|p1a: Tyranitar
|-start|p1a: Tyranitar|move: Taunt
|
|-weather|Sandstorm|[upkeep]
|-damage|p2a: Yveltal|57/100|[from] Sandstorm
|upkeep
|turn|27
|
|t:|1644522113
|switch|p2a: Dialga|Dialga, shiny|49/100 par
|-damage|p2a: Dialga|43/100 par|[from] Stealth Rock
|-ability|p2a: Dialga|Pressure
|move|p1a: Tyranitar|Rock Tomb|p2a: Dialga
|-resisted|p2a: Dialga
|-damage|p2a: Dialga|36/100 par
|-unboost|p2a: Dialga|spe|1
|
|-weather|Sandstorm|[upkeep]
|-heal|p2a: Dialga|42/100 par|[from] item: Leftovers
|upkeep
|turn|28
|
|t:|1644522129
|switch|p1a: Zygarde|Zygarde-Complete|47/100
|move|p2a: Dialga|Body Press|p1a: Zygarde
|-damage|p1a: Zygarde|37/100
|
|-weather|Sandstorm|[upkeep]
|-heal|p1a: Zygarde|43/100|[from] item: Leftovers
|-heal|p2a: Dialga|48/100 par|[from] item: Leftovers
|upkeep
|turn|29
|
|t:|1644522139
|switch|p1a: Ho-Oh|Ho-Oh|86/100
|move|p2a: Dialga|Ice Beam|p1a: Ho-Oh
|-damage|p1a: Ho-Oh|70/100
|-status|p1a: Ho-Oh|frz
|
|-weather|Sandstorm|[upkeep]
|-damage|p1a: Ho-Oh|64/100 frz|[from] Sandstorm
|-heal|p2a: Dialga|54/100 par|[from] item: Leftovers
|upkeep
|turn|30
|
|t:|1644522159
|switch|p2a: Arceus|Arceus|100/100
|-damage|p2a: Arceus|88/100|[from] Stealth Rock
|-curestatus|p1a: Ho-Oh|frz|[from] move: Sacred Fire
|move|p1a: Ho-Oh|Sacred Fire|p2a: Arceus
|-damage|p2a: Arceus|57/100
|-status|p2a: Arceus|brn
|
|-weather|none
|-damage|p2a: Arceus|51/100 brn|[from] brn
|upkeep
|turn|31
|
|t:|1644522173
|switch|p1a: Necrozma|Necrozma-Dusk-Mane|72/100
|move|p2a: Arceus|Extreme Speed|p1a: Necrozma
|-resisted|p1a: Necrozma
|-damage|p1a: Necrozma|65/100
|-damage|p2a: Arceus|35/100 brn|[from] item: Rocky Helmet|[of] p1a: Necrozma
|-damage|p2a: Arceus|25/100 brn|[from] item: Life Orb
|
|-damage|p2a: Arceus|19/100 brn|[from] brn
|upkeep
|turn|32
|j| Maxwelldj
|
|t:|1644522184
|move|p2a: Arceus|Earthquake|p1a: Necrozma
|-supereffective|p1a: Necrozma
|-damage|p1a: Necrozma|49/100
|-damage|p2a: Arceus|9/100 brn|[from] item: Life Orb
|move|p1a: Necrozma|Moonlight|p1a: Necrozma
|-heal|p1a: Necrozma|99/100
|
|-damage|p2a: Arceus|3/100 brn|[from] brn
|upkeep
|turn|33
|
|t:|1644522194
|switch|p2a: Groudon|Groudon-Primal, shiny|85/100
|-damage|p2a: Groudon|72/100|[from] Stealth Rock
|-weather|DesolateLand|[from] ability: Desolate Land|[of] p2a: Groudon
|switch|p1a: Ho-Oh|Ho-Oh|97/100
|
|-weather|DesolateLand|[upkeep]
|upkeep
|turn|34
|
|t:|1644522203
|switch|p1a: Zygarde|Zygarde-Complete|43/100
|move|p2a: Groudon|Rock Tomb|p1a: Zygarde
|-resisted|p1a: Zygarde
|-damage|p1a: Zygarde|38/100
|-unboost|p1a: Zygarde|spe|1
|
|-weather|DesolateLand|[upkeep]
|-heal|p1a: Zygarde|44/100|[from] item: Leftovers
|upkeep
|turn|35
|
|t:|1644522217
|-weather|none
|switch|p2a: Dialga|Dialga, shiny|54/100 par
|-damage|p2a: Dialga|48/100 par|[from] Stealth Rock
|-ability|p2a: Dialga|Pressure
|move|p1a: Zygarde|Glare|p2a: Dialga
|-fail|p2a: Dialga|par
|
|-heal|p1a: Zygarde|50/100|[from] item: Leftovers
|-heal|p2a: Dialga|54/100 par|[from] item: Leftovers
|upkeep
|turn|36
|
|t:|1644522234
|switch|p1a: Ho-Oh|Ho-Oh|100/100
|cant|p2a: Dialga|par
|
|-heal|p2a: Dialga|60/100 par|[from] item: Leftovers
|upkeep
|turn|37
|
|t:|1644522243
|switch|p2a: Arceus|Arceus|3/100 brn
|-damage|p2a: Arceus|0 fnt|[from] Stealth Rock
|faint|p2a: Arceus
|move|p1a: Ho-Oh|Sacred Fire|p2: Arceus|[notarget]
|-fail|p1a: Ho-Oh
|
|upkeep
|
|t:|1644522259
|switch|p2a: Yveltal|Yveltal, shiny|57/100
|-damage|p2a: Yveltal|32/100|[from] Stealth Rock
|-ability|p2a: Yveltal|Dark Aura
|turn|38
|
|t:|1644522268
|switch|p1a: Tyranitar|Tyranitar, M|100/100
|-weather|Sandstorm|[from] ability: Sand Stream|[of] p1a: Tyranitar
|move|p2a: Yveltal|Oblivion Wing|p1a: Tyranitar
|-resisted|p1a: Tyranitar
|-damage|p1a: Tyranitar|92/100
|-heal|p2a: Yveltal|39/100|[from] drain|[of] p1a: Tyranitar
|
|-weather|Sandstorm|[upkeep]
|-damage|p2a: Yveltal|33/100|[from] Sandstorm
|-heal|p1a: Tyranitar|98/100|[from] item: Leftovers
|upkeep
|turn|39
|
|t:|1644522282
|move|p2a: Yveltal|Foul Play|p1a: Tyranitar
|-resisted|p1a: Tyranitar
|-damage|p1a: Tyranitar|77/100
|move|p1a: Tyranitar|Rock Tomb|p2a: Yveltal
|-supereffective|p2a: Yveltal
|-damage|p2a: Yveltal|0 fnt
|faint|p2a: Yveltal
|
|-weather|Sandstorm|[upkeep]
|-heal|p1a: Tyranitar|83/100|[from] item: Leftovers
|upkeep
|inactive|agdp has 120 seconds left.
|
|t:|1644522298
|switch|p2a: Giratina|Giratina-Origin, shiny|100/100
|-damage|p2a: Giratina|88/100|[from] Stealth Rock
|turn|40
|
|t:|1644522310
|switch|p1a: Chansey|Chansey, F|93/100
|move|p2a: Giratina|Hone Claws|p2a: Giratina
|-boost|p2a: Giratina|atk|1
|-boost|p2a: Giratina|accuracy|1
|
|-weather|Sandstorm|[upkeep]
|-damage|p2a: Giratina|82/100|[from] Sandstorm
|-damage|p1a: Chansey|87/100|[from] Sandstorm
|upkeep
|turn|41
|
|t:|1644522319
|move|p2a: Giratina|Outrage|p1a: Chansey
|-damage|p1a: Chansey|0 fnt
|faint|p1a: Chansey
|
|-weather|Sandstorm|[upkeep]
|-damage|p2a: Giratina|76/100|[from] Sandstorm
|upkeep
|
|t:|1644522334
|switch|p1a: Gengar|Gengar-Mega, F|9/100
|turn|42
|
|t:|1644522338
|move|p1a: Gengar|Shadow Ball|p2a: Giratina
|-supereffective|p2a: Giratina
|-damage|p2a: Giratina|13/100
|move|p2a: Giratina|Outrage|p1a: Gengar|[from]lockedmove
|-damage|p1a: Gengar|0 fnt
|faint|p1a: Gengar
|
|-weather|none
|upkeep
|
|t:|1644522350
|switch|p1a: Necrozma|Necrozma-Dusk-Mane|99/100
|turn|43
|
|t:|1644522353
|move|p2a: Giratina|Outrage|p1a: Necrozma|[from]lockedmove
|-resisted|p1a: Necrozma
|-damage|p1a: Necrozma|69/100
|-damage|p2a: Giratina|0 fnt|[from] item: Rocky Helmet|[of] p1a: Necrozma
|faint|p2a: Giratina
|move|p1a: Necrozma|Thunder Wave|p2: Giratina|[notarget]
|-fail|p1a: Necrozma
|
|upkeep
|
|t:|1644522367
|switch|p2a: Dialga|Dialga, shiny|60/100 par
|-damage|p2a: Dialga|54/100 par|[from] Stealth Rock
|-ability|p2a: Dialga|Pressure
|turn|44
|
|t:|1644522383
|move|p1a: Necrozma|Moonlight|p1a: Necrozma
|-heal|p1a: Necrozma|100/100
|move|p2a: Dialga|Iron Defense|p2a: Dialga
|-boost|p2a: Dialga|def|2
|
|-heal|p2a: Dialga|60/100 par|[from] item: Leftovers
|upkeep
|turn|45
|
|t:|1644522391
|switch|p1a: Ho-Oh|Ho-Oh|100/100
|cant|p2a: Dialga|par
|
|-heal|p2a: Dialga|66/100 par|[from] item: Leftovers
|upkeep
|turn|46
|
|t:|1644522398
|move|p2a: Dialga|Body Press|p1a: Ho-Oh
|-resisted|p1a: Ho-Oh
|-damage|p1a: Ho-Oh|83/100
|move|p1a: Ho-Oh|Whirlwind|p2a: Dialga
|drag|p2a: Ditto|Ditto, shiny|100/100
|-damage|p2a: Ditto|88/100|[from] Stealth Rock
|-transform|p2a: Ditto|p1a: Ho-Oh|[from] ability: Imposter
|
|upkeep
|turn|47
|
|t:|1644522417
|switch|p1a: Tyranitar|Tyranitar, M|83/100
|-weather|Sandstorm|[from] ability: Sand Stream|[of] p1a: Tyranitar
|move|p2a: Ditto|Toxic|p1a: Tyranitar
|-status|p1a: Tyranitar|tox
|
|-weather|Sandstorm|[upkeep]
|-damage|p2a: Ditto|82/100|[from] Sandstorm
|-heal|p1a: Tyranitar|89/100 tox|[from] item: Leftovers
|-damage|p1a: Tyranitar|83/100 tox|[from] psn
|upkeep
|turn|48
|
|t:|1644522429
|switch|p2a: Dialga|Dialga, shiny|66/100 par
|-damage|p2a: Dialga|60/100 par|[from] Stealth Rock
|-ability|p2a: Dialga|Pressure
|move|p1a: Tyranitar|Rest|p1a: Tyranitar
|-status|p1a: Tyranitar|slp|[from] move: Rest
|-heal|p1a: Tyranitar|100/100 slp|[silent]
|
|-weather|Sandstorm|[upkeep]
|-heal|p2a: Dialga|66/100 par|[from] item: Leftovers
|upkeep
|turn|49
|j| zenderviz
|
|t:|1644522442
|switch|p1a: Ho-Oh|Ho-Oh|100/100
|move|p2a: Dialga|Flash Cannon|p1a: Ho-Oh
|-resisted|p1a: Ho-Oh
|-damage|p1a: Ho-Oh|89/100
|
|-weather|Sandstorm|[upkeep]
|-damage|p1a: Ho-Oh|83/100|[from] Sandstorm
|-heal|p2a: Dialga|72/100 par|[from] item: Leftovers
|upkeep
|turn|50
|
|t:|1644522454
|move|p2a: Dialga|Ice Beam|p1a: Ho-Oh
|-damage|p1a: Ho-Oh|67/100
|-status|p1a: Ho-Oh|frz
|cant|p1a: Ho-Oh|frz
|
|-weather|Sandstorm|[upkeep]
|-damage|p1a: Ho-Oh|61/100 frz|[from] Sandstorm
|-heal|p2a: Dialga|79/100 par|[from] item: Leftovers
|upkeep
|turn|51
|
|t:|1644522464
|-curestatus|p1a: Ho-Oh|frz|[from] move: Sacred Fire
|move|p1a: Ho-Oh|Sacred Fire|p2a: Dialga
|-damage|p2a: Dialga|54/100 par
|move|p2a: Dialga|Ice Beam|p1a: Ho-Oh
|-damage|p1a: Ho-Oh|46/100
|
|-weather|none
|-heal|p2a: Dialga|60/100 par|[from] item: Leftovers
|upkeep
|turn|52
|
|t:|1644522476
|switch|p1a: Necrozma|Necrozma-Dusk-Mane|100/100
|move|p2a: Dialga|Iron Defense|p2a: Dialga
|-boost|p2a: Dialga|def|2
|
|-heal|p2a: Dialga|66/100 par|[from] item: Leftovers
|upkeep
|turn|53
|
|t:|1644522484
|switch|p1a: Ho-Oh|Ho-Oh|79/100
|move|p2a: Dialga|Body Press|p1a: Ho-Oh
|-resisted|p1a: Ho-Oh
|-damage|p1a: Ho-Oh|59/100
|
|-heal|p2a: Dialga|72/100 par|[from] item: Leftovers
|upkeep
|turn|54
|
|t:|1644522493
|switch|p1a: Necrozma|Necrozma-Dusk-Mane|100/100
|cant|p2a: Dialga|par
|
|-heal|p2a: Dialga|78/100 par|[from] item: Leftovers
|upkeep
|turn|55
|
|t:|1644522503
|switch|p1a: Zygarde|Zygarde-Complete|50/100
|cant|p2a: Dialga|par
|
|-heal|p1a: Zygarde|56/100|[from] item: Leftovers
|-heal|p2a: Dialga|84/100 par|[from] item: Leftovers
|upkeep
|turn|56
|
|t:|1644522512
|switch|p1a: Ho-Oh|Ho-Oh|93/100
|move|p2a: Dialga|Body Press|p1a: Ho-Oh
|-resisted|p1a: Ho-Oh
|-damage|p1a: Ho-Oh|74/100
|
|-heal|p2a: Dialga|90/100 par|[from] item: Leftovers
|upkeep
|turn|57
|
|t:|1644522521
|move|p2a: Dialga|Iron Defense|p2a: Dialga
|-boost|p2a: Dialga|def|2
|move|p1a: Ho-Oh|Whirlwind|p2a: Dialga
|drag|p2a: Groudon|Groudon-Primal, shiny|72/100
|-damage|p2a: Groudon|60/100|[from] Stealth Rock
|-weather|DesolateLand|[from] ability: Desolate Land|[of] p2a: Groudon
|
|-weather|DesolateLand|[upkeep]
|upkeep
|turn|58
|
|t:|1644522534
|switch|p1a: Necrozma|Necrozma-Dusk-Mane|100/100
|move|p2a: Groudon|Precipice Blades|p1a: Necrozma
|-supereffective|p1a: Necrozma
|-damage|p1a: Necrozma|33/100
|
|-weather|DesolateLand|[upkeep]
|upkeep
|turn|59
|
|t:|1644522541
|move|p2a: Groudon|Heat Crash|p1a: Necrozma
|-supereffective|p1a: Necrozma
|-damage|p1a: Necrozma|0 fnt
|-damage|p2a: Groudon|43/100|[from] item: Rocky Helmet|[of] p1a: Necrozma
|faint|p1a: Necrozma
|
|-weather|DesolateLand|[upkeep]
|upkeep
|
|t:|1644522544
|switch|p1a: Zygarde|Zygarde-Complete|56/100
|turn|60
|
|t:|1644522551
|-weather|none
|switch|p2a: Dialga|Dialga, shiny|90/100 par
|-damage|p2a: Dialga|84/100 par|[from] Stealth Rock
|-ability|p2a: Dialga|Pressure
|-start|p1a: Zygarde|Dynamax
|-heal|p1a: Zygarde|56/100|[silent]
|move|p1a: Zygarde|Max Quake|p2a: Dialga
|-supereffective|p2a: Dialga
|-damage|p2a: Dialga|34/100 par
|-boost|p1a: Zygarde|spd|1
|
|-heal|p1a: Zygarde|59/100|[from] item: Leftovers
|-heal|p2a: Dialga|40/100 par|[from] item: Leftovers
|upkeep
|turn|61
|
|t:|1644522567
|move|p1a: Zygarde|Max Quake|p2a: Dialga
|-supereffective|p2a: Dialga
|-damage|p2a: Dialga|0 fnt
|-boost|p1a: Zygarde|spd|1
|faint|p2a: Dialga
|
|-heal|p1a: Zygarde|62/100|[from] item: Leftovers
|upkeep
|
|t:|1644522576
|switch|p2a: Ditto|Ditto, shiny|100/100
|-damage|p2a: Ditto|88/100|[from] Stealth Rock
|-transform|p2a: Ditto|p1a: Zygarde|[from] ability: Imposter
|turn|62
|
|t:|1644522590
|move|p2a: Ditto|Haze|p2a: Ditto
|-clearallboost
|move|p1a: Zygarde|Max Quake|p2a: Ditto
|-damage|p2a: Ditto|53/100
|-boost|p1a: Zygarde|spd|1
|
|-heal|p1a: Zygarde|65/100|[from] item: Leftovers
|-end|p1a: Zygarde|Dynamax
|-heal|p1a: Zygarde|65/100|[silent]
|upkeep
|turn|63
|
|t:|1644522602
|move|p2a: Ditto|Haze|p2a: Ditto
|-clearallboost
|move|p1a: Zygarde|Thousand Arrows|p2a: Ditto
|-damage|p2a: Ditto|30/100
|
|-heal|p1a: Zygarde|71/100|[from] item: Leftovers
|upkeep
|turn|64
|
|t:|1644522612
|switch|p2a: Groudon|Groudon-Primal, shiny|43/100
|-damage|p2a: Groudon|31/100|[from] Stealth Rock
|-weather|DesolateLand|[from] ability: Desolate Land|[of] p2a: Groudon
|move|p1a: Zygarde|Glare|p2a: Groudon
|-status|p2a: Groudon|par
|
|-weather|DesolateLand|[upkeep]
|-heal|p1a: Zygarde|78/100|[from] item: Leftovers
|upkeep
|turn|65
|
|t:|1644522625
|move|p1a: Zygarde|Thousand Arrows|p2a: Groudon
|-supereffective|p2a: Groudon
|-damage|p2a: Groudon|0 fnt
|faint|p2a: Groudon
|-weather|none
|
|-heal|p1a: Zygarde|84/100|[from] item: Leftovers
|upkeep
|
|t:|1644522632
|switch|p2a: Ditto|Ditto, shiny|30/100
|-damage|p2a: Ditto|18/100|[from] Stealth Rock
|-transform|p2a: Ditto|p1a: Zygarde|[from] ability: Imposter
|turn|66
|
|t:|1644522643
|switch|p1a: Ho-Oh|Ho-Oh|100/100
|move|p2a: Ditto|Thousand Arrows|p1a: Ho-Oh
|-damage|p1a: Ho-Oh|81/100
|-start|p1a: Ho-Oh|Smack Down
|
|upkeep
|turn|67
|
|t:|1644522651
|switch|p1a: Zygarde|Zygarde-Complete|84/100
|move|p2a: Ditto|Thousand Arrows|p1a: Zygarde
|-damage|p1a: Zygarde|72/100
|
|-heal|p1a: Zygarde|78/100|[from] item: Leftovers
|upkeep
|turn|68
|
|t:|1644522659
|move|p2a: Ditto|Thousand Arrows|p1a: Zygarde
|-damage|p1a: Zygarde|67/100
|move|p1a: Zygarde|Thousand Arrows|p2a: Ditto
|-damage|p2a: Ditto|0 fnt
|faint|p2a: Ditto
|
|win|tiggi7
|raw|tiggi7's rating: 1729 &rarr; <strong>1749</strong><br />(+20 for winning)
|raw|agdp's rating: 1734 &rarr; <strong>1714</strong><br />(-20 for losing)
|l|☆tiggi7
