|j|☆Monsterapper
|j|☆09-10a
|t:|1650933073
|gametype|singles
|player|p1|Monsterapper|fisherman-gen4|1572
|player|p2|09-10a|schoolkid-gen4dp|1784
|teamsize|p1|6
|teamsize|p2|6
|gen|8
|tier|[Gen 8] National Dex AG
|rated|
|rule|HP Percentage Mod: HP is shown in percentages
|rule|Endless Battle Clause: Forcing endless battles is banned
|clearpoke
|poke|p1|Deoxys-Attack|
|poke|p1|Calyrex-Shadow|
|poke|p1|Zacian-*|
|poke|p1|Clefable, F|
|poke|p1|Salamence, M|
|poke|p1|Chansey, F|
|poke|p2|Calyrex-Shadow|
|poke|p2|Zacian-*|
|poke|p2|Marshadow|
|poke|p2|Xerneas-*|
|poke|p2|Necrozma-Dusk-Mane|
|poke|p2|Yveltal|
|teampreview
|inactive|Battle timer is ON: inactive players will automatically lose when time's up. (requested by 09-10a)
|c|☆Monsterapper|oh god I'm gonna get clapped
|
|t:|1650933094
|start
|switch|p1a: Zacian|Zacian-Crowned|100/100
|switch|p2a: Zacian|Zacian|100/100
|-ability|p1a: Zacian|Intrepid Sword|boost
|-boost|p1a: Zacian|atk|1
|-ability|p2a: Zacian|Intrepid Sword|boost
|-boost|p2a: Zacian|atk|1
|turn|1
|
|t:|1650933104
|switch|p2a: Necrozma|Necrozma-Dusk-Mane|100/100
|move|p1a: Zacian|Behemoth Blade|p2a: Necrozma
|-resisted|p2a: Necrozma
|-damage|p2a: Necrozma|76/100
|
|upkeep
|turn|2
|
|t:|1650933119
|switch|p1a: Chansey|Chansey, F, shiny|100/100
|move|p2a: Necrozma|Earth Power|p1a: Chansey
|-damage|p1a: Chansey|93/100
|
|upkeep
|turn|3
|
|t:|1650933136
|switch|p2a: Calyrex|Calyrex-Shadow|100/100
|-ability|p2a: Calyrex|As One
|-ability|p2a: Calyrex|Unnerve
|move|p1a: Chansey|Teleport|p1a: Chansey
|
|t:|1650933157
|switch|p1a: Clefable|Clefable, F|100/100|[from]move: Teleport
|
|upkeep
|turn|4
|
|t:|1650933166
|move|p2a: Calyrex|Astral Barrage|p1a: Clefable
|-damage|p1a: Clefable|27/100
|move|p1a: Clefable|Cosmic Power|p1a: Clefable
|-boost|p1a: Clefable|def|1
|-boost|p1a: Clefable|spd|1
|
|-heal|p1a: Clefable|33/100|[from] item: Leftovers
|upkeep
|turn|5
|
|t:|1650933188
|-start|p1a: Clefable|Dynamax|
|-heal|p1a: Clefable|33/100|[silent]
|move|p2a: Calyrex|Astral Barrage|p1a: Clefable
|-damage|p1a: Clefable|11/100
|move|p1a: Clefable|Max Starfall|p2a: Calyrex
|-damage|p2a: Calyrex|59/100
|-fieldstart|move: Misty Terrain
|
|-heal|p1a: Clefable|14/100|[from] item: Leftovers
|upkeep
|turn|6
|
|t:|1650933201
|move|p1a: Clefable|Max Guard|p1a: Clefable
|-singleturn|p1a: Clefable|Max Guard
|move|p2a: Calyrex|Astral Barrage|p1a: Clefable
|-activate|p1a: Clefable|move: Max Guard
|
|-heal|p1a: Clefable|18/100|[from] item: Leftovers
|upkeep
|turn|7
|
|t:|1650933218
|move|p2a: Calyrex|Astral Barrage|p1a: Clefable
|-damage|p1a: Clefable|0 fnt
|faint|p1a: Clefable
|-ability|p2a: Calyrex|Grim Neigh|boost
|-boost|p2a: Calyrex|spa|1
|
|upkeep
|
|t:|1650933225
|switch|p1a: Chansey|Chansey, F, shiny|93/100
|turn|8
|
|t:|1650933237
|move|p2a: Calyrex|Nasty Plot|p2a: Calyrex
|-boost|p2a: Calyrex|spa|2
|move|p1a: Chansey|Teleport|p1a: Chansey
|
|t:|1650933242
|switch|p1a: Calyrex|Calyrex-Shadow|100/100|[from]move: Teleport
|-ability|p1a: Calyrex|As One
|-ability|p1a: Calyrex|Unnerve
|
|upkeep
|turn|9
|
|t:|1650933248
|switch|p2a: Yveltal|Yveltal|100/100
|-ability|p2a: Yveltal|Dark Aura
|move|p1a: Calyrex|Astral Barrage|p2a: Yveltal
|-resisted|p2a: Yveltal
|-damage|p2a: Yveltal|80/100
|
|-fieldend|Misty Terrain
|upkeep
|turn|10
|
|t:|1650933269
|switch|p1a: Chansey|Chansey, F, shiny|93/100
|switch|p2a: Zacian|Zacian|100/100
|-ability|p2a: Zacian|Intrepid Sword|boost
|-boost|p2a: Zacian|atk|1
|
|upkeep
|turn|11
|
|t:|1650933278
|move|p2a: Zacian|Play Rough|p1a: Chansey
|-damage|p1a: Chansey|48/100
|move|p1a: Chansey|Teleport|p1a: Chansey
|
|t:|1650933283
|switch|p1a: Zacian|Zacian-Crowned|100/100|[from]move: Teleport
|-ability|p1a: Zacian|Intrepid Sword|boost
|-boost|p1a: Zacian|atk|1
|
|upkeep
|turn|12
|
|t:|1650933306
|move|p1a: Zacian|Behemoth Blade|p2a: Zacian
|-supereffective|p2a: Zacian
|-damage|p2a: Zacian|0 fnt
|faint|p2a: Zacian
|
|upkeep
|
|t:|1650933309
|switch|p2a: Necrozma|Necrozma-Dusk-Mane|76/100
|turn|13
|
|t:|1650933317
|switch|p2a: Marshadow|Marshadow|100/100
|move|p1a: Zacian|Behemoth Blade|p2a: Marshadow
|-damage|p2a: Marshadow|0 fnt
|faint|p2a: Marshadow
|
|upkeep
|
|t:|1650933322
|switch|p2a: Necrozma|Necrozma-Dusk-Mane|76/100
|turn|14
|
|t:|1650933327
|move|p1a: Zacian|Behemoth Blade|p2a: Necrozma
|-resisted|p2a: Necrozma
|-crit|p2a: Necrozma
|-damage|p2a: Necrozma|37/100
|move|p2a: Necrozma|Moonlight|p2a: Necrozma
|-heal|p2a: Necrozma|86/100
|
|upkeep
|turn|15
|
|t:|1650933343
|switch|p1a: Chansey|Chansey, F, shiny|48/100
|move|p2a: Necrozma|Moonlight|p2a: Necrozma
|-heal|p2a: Necrozma|100/100
|
|upkeep
|turn|16
|j| joiolkngf
|
|t:|1650933349
|switch|p2a: Xerneas|Xerneas|100/100
|-ability|p2a: Xerneas|Fairy Aura
|move|p1a: Chansey|Soft-Boiled|p1a: Chansey
|-heal|p1a: Chansey|98/100
|
|upkeep
|turn|17
|
|t:|1650933358
|move|p2a: Xerneas|Geomancy||[still]
|-prepare|p2a: Xerneas|Geomancy
|-enditem|p2a: Xerneas|Power Herb
|-anim|p2a: Xerneas|Geomancy|p2a: Xerneas
|-boost|p2a: Xerneas|spa|2
|-boost|p2a: Xerneas|spd|2
|-boost|p2a: Xerneas|spe|2
|move|p1a: Chansey|Toxic|p2a: Xerneas
|-status|p2a: Xerneas|tox
|
|-damage|p2a: Xerneas|94/100 tox|[from] psn
|upkeep
|turn|18
|
|t:|1650933372
|move|p2a: Xerneas|Close Combat|p1a: Chansey
|-supereffective|p1a: Chansey
|-damage|p1a: Chansey|50/100
|-unboost|p2a: Xerneas|def|1
|-unboost|p2a: Xerneas|spd|1
|move|p1a: Chansey|Soft-Boiled|p1a: Chansey
|-heal|p1a: Chansey|100/100
|
|-damage|p2a: Xerneas|82/100 tox|[from] psn
|upkeep
|turn|19
|
|t:|1650933381
|-start|p2a: Xerneas|Dynamax|
|-heal|p2a: Xerneas|82/100 tox|[silent]
|move|p2a: Xerneas|Max Knuckle|p1a: Chansey
|-supereffective|p1a: Chansey
|-damage|p1a: Chansey|66/100
|-boost|p2a: Xerneas|atk|1
|move|p1a: Chansey|Soft-Boiled|p1a: Chansey
|-heal|p1a: Chansey|100/100
|
|-damage|p2a: Xerneas|73/100 tox|[from] psn
|upkeep
|turn|20
|
|t:|1650933394
|move|p2a: Xerneas|Max Knuckle|p1a: Chansey
|-supereffective|p1a: Chansey
|-damage|p1a: Chansey|49/100
|-boost|p2a: Xerneas|atk|1
|move|p1a: Chansey|Soft-Boiled|p1a: Chansey
|-heal|p1a: Chansey|99/100
|
|-damage|p2a: Xerneas|61/100 tox|[from] psn
|upkeep
|turn|21
|
|t:|1650933409
|move|p2a: Xerneas|Max Knuckle|p1a: Chansey
|-supereffective|p1a: Chansey
|-damage|p1a: Chansey|24/100
|-boost|p2a: Xerneas|atk|1
|move|p1a: Chansey|Soft-Boiled|p1a: Chansey
|-heal|p1a: Chansey|74/100
|
|-damage|p2a: Xerneas|46/100 tox|[from] psn
|-end|p2a: Xerneas|Dynamax
|-heal|p2a: Xerneas|46/100 tox|[silent]
|upkeep
|turn|22
|
|t:|1650933432
|switch|p1a: Salamence|Salamence, M, shiny|100/100
|-ability|p1a: Salamence|Intimidate|boost
|-unboost|p2a: Xerneas|atk|1
|move|p2a: Xerneas|Close Combat|p1a: Salamence
|-resisted|p1a: Salamence
|-damage|p1a: Salamence|61/100
|-unboost|p2a: Xerneas|def|1
|-unboost|p2a: Xerneas|spd|1
|
|-damage|p2a: Xerneas|9/100 tox|[from] psn
|upkeep
|turn|23
|
|t:|1650933442
|switch|p1a: Chansey|Chansey, F, shiny|74/100
|move|p2a: Xerneas|Draining Kiss|p1a: Chansey
|-damage|p1a: Chansey|49/100
|-heal|p2a: Xerneas|43/100 tox|[from] drain|[of] p1a: Chansey
|
|-damage|p2a: Xerneas|0 fnt|[from] psn
|faint|p2a: Xerneas
|upkeep
|-message|09-10a forfeited.
|
|win|Monsterapper
|raw|Monsterapper's rating: 1572 &rarr; <strong>1603</strong><br />(+31 for winning)
|raw|09-10a's rating: 1784 &rarr; <strong>1753</strong><br />(-31 for losing)
|l|☆09-10a
|l| joiolkngf
||Ladder isn't responding, score probably updated but might not have (Request timeout).
