|j|☆mc_liouli
|j|☆Obito 2001
|t:|1666500210
|gametype|singles
|player|p1|mc_liouli|1|1797
|player|p2|Obito 2001|teamrocket|1930
|teamsize|p1|6
|teamsize|p2|6
|gen|8
|tier|[Gen 8] National Dex AG
|rated|
|rule|HP Percentage Mod: HP is shown in percentages
|rule|Endless Battle Clause: Forcing endless battles is banned
|clearpoke
|poke|p1|Arceus-*|
|poke|p1|Arceus-*|
|poke|p1|Arceus-*|
|poke|p1|Arceus-*|
|poke|p1|Rayquaza|
|poke|p1|Ditto|
|poke|p2|Celesteela|
|poke|p2|Arceus-*|
|poke|p2|Necrozma-Dawn-Wings|
|poke|p2|Necrozma-Dusk-Mane|
|poke|p2|Ditto|
|poke|p2|Arceus-*|
|teampreview
|inactive|Battle timer is ON: inactive players will automatically lose when time's up. (requested by Obito 2001)
|
|t:|1666500232
|start
|switch|p1a: Arceus|Arceus-Fairy|100/100
|switch|p2a: Arceus|Arceus-Fairy|100/100
|turn|1
|
|t:|1666500236
|move|p1a: Arceus|Earth Power|p2a: Arceus
|-damage|p2a: Arceus|87/100
|move|p2a: Arceus|Stealth Rock|p1a: Arceus
|-sidestart|p1: mc_liouli|move: Stealth Rock
|
|upkeep
|turn|2
|j| awslMOR
|
|t:|1666500239
|move|p1a: Arceus|Judgment|p2a: Arceus
|-damage|p2a: Arceus|59/100
|move|p2a: Arceus|Toxic|p1a: Arceus
|-status|p1a: Arceus|tox
|
|-damage|p1a: Arceus|94/100 tox|[from] psn
|upkeep
|turn|3
|
|t:|1666500243
|move|p1a: Arceus|Judgment|p2a: Arceus
|-damage|p2a: Arceus|31/100
|move|p2a: Arceus|Recover|p2a: Arceus
|-heal|p2a: Arceus|81/100
|
|-damage|p1a: Arceus|82/100 tox|[from] psn
|upkeep
|turn|4
|
|t:|1666500248
|move|p1a: Arceus|Judgment|p2a: Arceus
|-damage|p2a: Arceus|55/100
|move|p2a: Arceus|Recover|p2a: Arceus
|-heal|p2a: Arceus|100/100
|
|-damage|p1a: Arceus|64/100 tox|[from] psn
|upkeep
|turn|5
|
|t:|1666500252
|move|p1a: Arceus|Judgment|p2a: Arceus
|-damage|p2a: Arceus|73/100
|move|p2a: Arceus|Judgment|p1a: Arceus
|-damage|p1a: Arceus|27/100 tox
|
|-damage|p1a: Arceus|3/100 tox|[from] psn
|upkeep
|turn|6
|
|t:|1666500254
|move|p1a: Arceus|Defog|p2a: Arceus
|-unboost|p2a: Arceus|evasion|1
|-sideend|p1: mc_liouli|Stealth Rock|[from] move: Defog|[of] p1a: Arceus
|move|p2a: Arceus|Recover|p2a: Arceus
|-heal|p2a: Arceus|100/100
|
|-damage|p1a: Arceus|0 fnt|[from] psn
|faint|p1a: Arceus
|upkeep
|
|t:|1666500261
|switch|p1a: Arceus|Arceus-Grass, shiny|100/100
|turn|7
|
|t:|1666500265
|move|p1a: Arceus|Swords Dance|p1a: Arceus
|-boost|p1a: Arceus|atk|2
|move|p2a: Arceus|Stealth Rock|p1a: Arceus
|-sidestart|p1: mc_liouli|move: Stealth Rock
|
|upkeep
|turn|8
|
|t:|1666500270
|-start|p1a: Arceus|Dynamax|
|-heal|p1a: Arceus|100/100|[silent]
|move|p1a: Arceus|Max Overgrowth|p2a: Arceus
|-damage|p2a: Arceus|0 fnt
|-fieldstart|move: Grassy Terrain
|faint|p2a: Arceus
|
|upkeep
|
|t:|1666500278
|switch|p2a: Ditto|Ditto, shiny|100/100
|-transform|p2a: Ditto|p1a: Arceus|[from] ability: Imposter
|turn|9
|
|t:|1666500293
|-start|p2a: Ditto|Dynamax|
|-heal|p2a: Ditto|100/100|[silent]
|move|p2a: Ditto|Max Guard|p2a: Ditto
|-singleturn|p2a: Ditto|Max Guard
|move|p1a: Arceus|Max Rockfall|p2a: Ditto
|-activate|p2a: Ditto|move: Max Guard
|
|upkeep
|turn|10
|
|t:|1666500301
|move|p1a: Arceus|Max Rockfall|p2a: Ditto
|-damage|p2a: Ditto|55/100
|-weather|Sandstorm
|move|p2a: Ditto|Max Rockfall|p1a: Arceus
|-damage|p1a: Arceus|69/100
|
|-weather|Sandstorm|[upkeep]
|-damage|p2a: Ditto|52/100|[from] Sandstorm
|-damage|p1a: Arceus|66/100|[from] Sandstorm
|-heal|p2a: Ditto|55/100|[from] Grassy Terrain
|-heal|p1a: Arceus|69/100|[from] Grassy Terrain
|upkeep
|-end|p1a: Arceus|Dynamax
|-heal|p1a: Arceus|69/100|[silent]
|turn|11
|
|t:|1666500309
|move|p2a: Ditto|Max Overgrowth|p1a: Arceus
|-resisted|p1a: Arceus
|-damage|p1a: Arceus|1/100
|move|p1a: Arceus|Bullet Seed|p2a: Ditto
|-resisted|p2a: Ditto
|-damage|p2a: Ditto|45/100
|-resisted|p2a: Ditto
|-damage|p2a: Ditto|36/100
|-resisted|p2a: Ditto
|-damage|p2a: Ditto|27/100
|-resisted|p2a: Ditto
|-damage|p2a: Ditto|17/100
|-resisted|p2a: Ditto
|-damage|p2a: Ditto|8/100
|-hitcount|p2a: Ditto|5
|
|-weather|Sandstorm|[upkeep]
|-damage|p1a: Arceus|0 fnt|[from] Sandstorm
|-damage|p2a: Ditto|5/100|[from] Sandstorm
|faint|p1a: Arceus
|-heal|p2a: Ditto|8/100|[from] Grassy Terrain
|upkeep
|
|t:|1666500333
|switch|p1a: Rayquaza|Rayquaza|100/100
|-damage|p1a: Rayquaza|76/100|[from] Stealth Rock
|-ability|p1a: Rayquaza|Air Lock
|-end|p2a: Ditto|Dynamax
|-heal|p2a: Ditto|8/100|[silent]
|turn|12
|
|t:|1666500341
|switch|p2a: Necrozma|Necrozma-Dawn-Wings|100/100
|detailschange|p1a: Rayquaza|Rayquaza-Mega
|-mega|p1a: Rayquaza|Rayquaza|
|-weather|DeltaStream|[from] ability: Delta Stream|[of] p1a: Rayquaza
|move|p1a: Rayquaza|Extreme Speed|p2a: Necrozma
|-immune|p2a: Necrozma
|
|-weather|DeltaStream|[upkeep]
|-fieldend|move: Grassy Terrain
|upkeep
|turn|13
|
|t:|1666500345
|move|p1a: Rayquaza|Dragon Ascent|p2a: Necrozma
|-damage|p2a: Necrozma|10/100
|-unboost|p1a: Rayquaza|def|1
|-unboost|p1a: Rayquaza|spd|1
|-damage|p1a: Rayquaza|66/100|[from] item: Life Orb
|move|p2a: Necrozma|Thunder Wave|p1a: Rayquaza|[miss]
|-miss|p2a: Necrozma|p1a: Rayquaza
|
|-weather|DeltaStream|[upkeep]
|-heal|p2a: Necrozma|16/100|[from] item: Leftovers
|upkeep
|turn|14
|
|t:|1666500354
|move|p1a: Rayquaza|Dragon Ascent|p2a: Necrozma
|-damage|p2a: Necrozma|0 fnt
|-unboost|p1a: Rayquaza|def|1
|-unboost|p1a: Rayquaza|spd|1
|faint|p2a: Necrozma
|-damage|p1a: Rayquaza|56/100|[from] item: Life Orb
|
|-weather|DeltaStream|[upkeep]
|upkeep
|
|t:|1666500357
|switch|p2a: Necrozma|Necrozma-Dusk-Mane, shiny|100/100
|turn|15
|
|t:|1666500359
|detailschange|p2a: Necrozma|Necrozma-Ultra, shiny
|-burst|p2a: Necrozma|Necrozma|Ultranecrozium Z
|move|p2a: Necrozma|Photon Geyser|p1a: Rayquaza
|-damage|p1a: Rayquaza|0 fnt
|faint|p1a: Rayquaza
|-weather|none
|
|upkeep
|
|t:|1666500364
|switch|p1a: Ditto|Ditto, shiny|100/100
|-damage|p1a: Ditto|88/100|[from] Stealth Rock
|-transform|p1a: Ditto|p2a: Necrozma|[from] ability: Imposter
|turn|16
|
|t:|1666500368
|switch|p2a: Celesteela|Celesteela|100/100
|move|p1a: Ditto|Dragon Pulse|p2a: Celesteela
|-resisted|p2a: Celesteela
|-damage|p2a: Celesteela|77/100
|
|-heal|p2a: Celesteela|83/100|[from] item: Leftovers
|upkeep
|turn|17
|
|t:|1666500372
|switch|p1a: Arceus|Arceus-Ground|100/100
|-damage|p1a: Arceus|94/100|[from] Stealth Rock
|move|p2a: Celesteela|Substitute|p2a: Celesteela
|-start|p2a: Celesteela|Substitute
|-damage|p2a: Celesteela|58/100
|
|-heal|p2a: Celesteela|64/100|[from] item: Leftovers
|upkeep
|turn|18
|
|t:|1666500377
|move|p1a: Arceus|Swords Dance|p1a: Arceus
|-boost|p1a: Arceus|atk|2
|move|p2a: Celesteela|Leech Seed|p1a: Arceus
|-start|p1a: Arceus|move: Leech Seed
|
|-heal|p2a: Celesteela|70/100|[from] item: Leftovers
|-damage|p1a: Arceus|82/100|[from] Leech Seed|[of] p2a: Celesteela
|-heal|p2a: Celesteela|82/100|[silent]
|upkeep
|turn|19
|
|t:|1666500380
|move|p2a: Celesteela|Protect|p2a: Celesteela
|-singleturn|p2a: Celesteela|Protect
|move|p1a: Arceus|Stone Edge|p2a: Celesteela
|-activate|p2a: Celesteela|move: Protect
|
|-heal|p2a: Celesteela|88/100|[from] item: Leftovers
|-damage|p1a: Arceus|70/100|[from] Leech Seed|[of] p2a: Celesteela
|-heal|p2a: Celesteela|99/100|[silent]
|upkeep
|turn|20
|
|t:|1666500382
|move|p1a: Arceus|Stone Edge|p2a: Celesteela
|-end|p2a: Celesteela|Substitute
|move|p2a: Celesteela|Substitute|p2a: Celesteela
|-start|p2a: Celesteela|Substitute
|-damage|p2a: Celesteela|75/100
|
|-heal|p2a: Celesteela|81/100|[from] item: Leftovers
|-damage|p1a: Arceus|57/100|[from] Leech Seed|[of] p2a: Celesteela
|-heal|p2a: Celesteela|93/100|[silent]
|upkeep
|turn|21
|
|t:|1666500385
|move|p2a: Celesteela|Protect|p2a: Celesteela
|-singleturn|p2a: Celesteela|Protect
|move|p1a: Arceus|Stone Edge|p2a: Celesteela
|-activate|p2a: Celesteela|move: Protect
|
|-heal|p2a: Celesteela|99/100|[from] item: Leftovers
|-damage|p1a: Arceus|45/100|[from] Leech Seed|[of] p2a: Celesteela
|-heal|p2a: Celesteela|100/100|[silent]
|upkeep
|turn|22
|
|t:|1666500387
|move|p1a: Arceus|Stone Edge|p2a: Celesteela|[miss]
|-miss|p1a: Arceus|p2a: Celesteela
|move|p2a: Celesteela|Substitute|p2a: Celesteela
|-fail|p2a: Celesteela|move: Substitute
|
|-damage|p1a: Arceus|33/100|[from] Leech Seed|[of] p2a: Celesteela
|upkeep
|turn|23
|
|t:|1666500391
|switch|p1a: Arceus|Arceus-Electric|100/100
|-damage|p1a: Arceus|88/100|[from] Stealth Rock
|move|p2a: Celesteela|Protect||[still]
|-fail|p2a: Celesteela
|
|upkeep
|turn|24
|
|t:|1666500395
|move|p1a: Arceus|Ice Beam|p2a: Celesteela
|-end|p2a: Celesteela|Substitute
|move|p2a: Celesteela|Leech Seed|p1a: Arceus
|-start|p1a: Arceus|move: Leech Seed
|
|-damage|p1a: Arceus|76/100|[from] Leech Seed|[of] p2a: Celesteela
|upkeep
|turn|25
|
|t:|1666500398
|move|p2a: Celesteela|Protect|p2a: Celesteela
|-singleturn|p2a: Celesteela|Protect
|move|p1a: Arceus|Judgment|p2a: Celesteela
|-activate|p2a: Celesteela|move: Protect
|
|-damage|p1a: Arceus|63/100|[from] Leech Seed|[of] p2a: Celesteela
|upkeep
|turn|26
|
|t:|1666500402
|switch|p2a: Ditto|Ditto, shiny|8/100
|-transform|p2a: Ditto|p1a: Arceus|[from] ability: Imposter
|move|p1a: Arceus|Calm Mind|p1a: Arceus
|-boost|p1a: Arceus|spa|1
|-boost|p1a: Arceus|spd|1
|
|-damage|p1a: Arceus|51/100|[from] Leech Seed|[of] p2a: Ditto
|-heal|p2a: Ditto|24/100|[silent]
|upkeep
|turn|27
|
|t:|1666500409
|switch|p2a: Arceus|Arceus|100/100
|move|p1a: Arceus|Earth Power|p2a: Arceus
|-damage|p2a: Arceus|71/100
|
|-damage|p1a: Arceus|39/100|[from] Leech Seed|[of] p2a: Arceus
|-heal|p2a: Arceus|81/100|[silent]
|upkeep
|turn|28
|
|t:|1666500414
|move|p1a: Arceus|Judgment|p2a: Arceus
|-damage|p2a: Arceus|20/100
|move|p2a: Arceus|Recover|p2a: Arceus
|-heal|p2a: Arceus|70/100
|
|-damage|p1a: Arceus|26/100|[from] Leech Seed|[of] p2a: Arceus
|-heal|p2a: Arceus|80/100|[silent]
|upkeep
|turn|29
|
|t:|1666500418
|move|p2a: Arceus|Extreme Speed|p1a: Arceus
|-damage|p1a: Arceus|0 fnt
|faint|p1a: Arceus
|
|upkeep
|
|t:|1666500422
|switch|p1a: Arceus|Arceus-Ground|33/100
|-damage|p1a: Arceus|27/100|[from] Stealth Rock
|turn|30
|
|t:|1666500424
|move|p2a: Arceus|Extreme Speed|p1a: Arceus
|-damage|p1a: Arceus|0 fnt
|faint|p1a: Arceus
|
|upkeep
|
|t:|1666500427
|switch|p1a: Ditto|Ditto, shiny|88/100
|-damage|p1a: Ditto|76/100|[from] Stealth Rock
|-transform|p1a: Ditto|p2a: Arceus|[from] ability: Imposter
|turn|31
|
|t:|1666500430
|switch|p2a: Celesteela|Celesteela|100/100
|move|p1a: Ditto|Extreme Speed|p2a: Celesteela
|-resisted|p2a: Celesteela
|-damage|p2a: Celesteela|87/100
|
|-heal|p2a: Celesteela|93/100|[from] item: Leftovers
|upkeep
|turn|32
|-message|mc_liouli forfeited.
|
|win|Obito 2001
|raw|mc_liouli's rating: 1797 &rarr; <strong>1784</strong><br />(-13 for losing)
|raw|Obito 2001's rating: 1930 &rarr; <strong>1943</strong><br />(+13 for winning)
|l|☆mc_liouli
|l|☆Obito 2001
