|j|☆dank_idiot
|j|☆Naofumi_Bakugo_Jax
|t:|1663748594
|gametype|singles
|player|p1|dank_idiot|cynthia-gen4|1494
|player|p2|Naofumi_Bakugo_Jax|blue|1730
|teamsize|p1|6
|teamsize|p2|6
|gen|8
|tier|[Gen 8] National Dex AG
|rated|
|rule|HP Percentage Mod: HP is shown in percentages
|rule|Endless Battle Clause: Forcing endless battles is banned
|clearpoke
|poke|p1|Groudon|
|poke|p1|Marshadow|
|poke|p1|Zacian-*|
|poke|p1|Ditto|
|poke|p1|Eternatus|
|poke|p1|Arceus-*|
|poke|p2|Zacian-*|
|poke|p2|Calyrex-Shadow|
|poke|p2|Yveltal|
|poke|p2|Arceus-*|
|poke|p2|Swampert, M|
|poke|p2|Kyogre|
|teampreview
|inactive|Battle timer is ON: inactive players will automatically lose when time's up. (requested by dank_idiot)
|
|t:|1663748607
|start
|switch|p1a: Arceus|Arceus|100/100
|switch|p2a: Calyrex|Calyrex-Shadow|100/100
|-ability|p2a: Calyrex|As One
|-ability|p2a: Calyrex|Unnerve
|turn|1
|
|t:|1663748614
|move|p2a: Calyrex|Nasty Plot|p2a: Calyrex
|-boost|p2a: Calyrex|spa|2
|move|p1a: Arceus|Swords Dance|p1a: Arceus
|-boost|p1a: Arceus|atk|2
|
|upkeep
|turn|2
|inactive|Naofumi_Bakugo_Jax has 120 seconds left.
|
|t:|1663748644
|move|p2a: Calyrex|Baton Pass|p2a: Calyrex
|
|t:|1663748646
|switch|p2a: Yveltal|Yveltal, shiny|100/100|[from]move: Baton Pass
|-ability|p2a: Yveltal|Dark Aura
|move|p1a: Arceus|Shadow Claw|p2a: Yveltal
|-resisted|p2a: Yveltal
|-damage|p2a: Yveltal|79/100
|
|upkeep
|turn|3
|inactive|Naofumi_Bakugo_Jax has 120 seconds left.
|
|t:|1663748662
|-start|p2a: Yveltal|Dynamax|
|-heal|p2a: Yveltal|79/100|[silent]
|move|p1a: Arceus|Extreme Speed|p2a: Yveltal
|-damage|p2a: Yveltal|31/100
|move|p2a: Yveltal|Max Darkness|p1a: Arceus
|-damage|p1a: Arceus|0 fnt
|faint|p1a: Arceus
|
|upkeep
|
|t:|1663748678
|switch|p1a: Ditto|Ditto|100/100
|-transform|p1a: Ditto|p2a: Yveltal|[from] ability: Imposter
|-ability|p1a: Ditto|Dark Aura
|turn|4
|
|t:|1663748689
|-start|p1a: Ditto|Dynamax|
|-heal|p1a: Ditto|100/100|[silent]
|move|p2a: Yveltal|Max Guard|p2a: Yveltal
|-singleturn|p2a: Yveltal|Max Guard
|move|p1a: Ditto|Max Airstream|p2a: Yveltal
|-activate|p2a: Yveltal|move: Max Guard
|
|upkeep
|turn|5
|
|t:|1663748700
|move|p1a: Ditto|Max Airstream|p2a: Yveltal
|-damage|p2a: Yveltal|0 fnt
|-boost|p1a: Ditto|spe|1
|faint|p2a: Yveltal
|
|upkeep
|inactive|Naofumi_Bakugo_Jax has 120 seconds left.
|
|t:|1663748718
|switch|p2a: Zacian|Zacian-Crowned|100/100
|-ability|p2a: Zacian|Intrepid Sword|boost
|-boost|p2a: Zacian|atk|1
|turn|6
|
|t:|1663748743
|move|p1a: Ditto|Max Airstream|p2a: Zacian
|-resisted|p2a: Zacian
|-damage|p2a: Zacian|41/100
|-boost|p1a: Ditto|spe|1
|move|p2a: Zacian|Behemoth Blade|p1a: Ditto
|-enditem|p1a: Ditto|Focus Sash
|-damage|p1a: Ditto|1/100
|
|upkeep
|-end|p1a: Ditto|Dynamax
|-heal|p1a: Ditto|1/100|[silent]
|turn|7
|c|☆dank_idiot|i pray
|
|t:|1663748763
|move|p2a: Zacian|Quick Attack|p1a: Ditto
|-damage|p1a: Ditto|0 fnt
|faint|p1a: Ditto
|
|upkeep
|
|t:|1663748768
|switch|p1a: Zacian|Zacian-Crowned|100/100
|-ability|p1a: Zacian|Intrepid Sword|boost
|-boost|p1a: Zacian|atk|1
|turn|8
|inactive|Naofumi_Bakugo_Jax has 120 seconds left.
|
|t:|1663748795
|switch|p2a: Calyrex|Calyrex-Shadow|100/100
|-ability|p2a: Calyrex|As One
|-ability|p2a: Calyrex|Unnerve
|move|p1a: Zacian|Behemoth Blade|p2a: Calyrex
|-enditem|p2a: Calyrex|Focus Sash
|-damage|p2a: Calyrex|1/100
|
|upkeep
|turn|9
|
|t:|1663748802
|move|p2a: Calyrex|Astral Barrage|p1a: Zacian
|-damage|p1a: Zacian|32/100
|move|p1a: Zacian|Crunch|p2a: Calyrex
|-supereffective|p2a: Calyrex
|-damage|p2a: Calyrex|0 fnt
|faint|p2a: Calyrex
|
|upkeep
|inactive|Naofumi_Bakugo_Jax has 120 seconds left.
|
|t:|1663748839
|switch|p2a: Kyogre|Kyogre|100/100
|-weather|RainDance|[from] ability: Drizzle|[of] p2a: Kyogre
|turn|10
|
|t:|1663748844
|move|p2a: Kyogre|Ice Beam|p1a: Zacian
|-resisted|p1a: Zacian
|-damage|p1a: Zacian|17/100
|move|p1a: Zacian|Play Rough|p2a: Kyogre
|-damage|p2a: Kyogre|6/100
|
|-weather|RainDance|[upkeep]
|upkeep
|turn|11
|
|t:|1663748872
|switch|p2a: Swampert|Swampert, M|100/100
|move|p1a: Zacian|Play Rough|p2a: Swampert|[miss]
|-miss|p1a: Zacian|p2a: Swampert
|
|-weather|RainDance|[upkeep]
|upkeep
|turn|12
|inactive|Naofumi_Bakugo_Jax has 90 seconds left.
|
|t:|1663748893
|detailschange|p2a: Swampert|Swampert-Mega, M
|-mega|p2a: Swampert|Swampert|Swampertite
|move|p2a: Swampert|Earthquake|p1a: Zacian
|-supereffective|p1a: Zacian
|-damage|p1a: Zacian|0 fnt
|faint|p1a: Zacian
|
|-weather|RainDance|[upkeep]
|upkeep
|
|t:|1663748900
|switch|p1a: Groudon|Groudon|100/100
|detailschange|p1a: Groudon|Groudon-Primal
|-primal|p1a: Groudon
|-weather|DesolateLand|[from] ability: Desolate Land|[of] p1a: Groudon
|turn|13
|inactive|Naofumi_Bakugo_Jax has 90 seconds left.
|
|t:|1663748919
|move|p2a: Swampert|Earthquake|p1a: Groudon
|-supereffective|p1a: Groudon
|-damage|p1a: Groudon|26/100
|move|p1a: Groudon|Rock Polish|p1a: Groudon
|-boost|p1a: Groudon|spe|2
|
|-weather|DesolateLand|[upkeep]
|upkeep
|turn|14
|inactive|Naofumi_Bakugo_Jax has 90 seconds left.
|
|t:|1663748929
|move|p1a: Groudon|Precipice Blades|p2a: Swampert
|-damage|p2a: Swampert|25/100
|move|p2a: Swampert|Stealth Rock|p1a: Groudon
|-sidestart|p1: dank_idiot|move: Stealth Rock
|
|-weather|DesolateLand|[upkeep]
|upkeep
|turn|15
|inactive|Naofumi_Bakugo_Jax has 90 seconds left.
|inactive|Naofumi_Bakugo_Jax has 60 seconds left.
|inactive|Naofumi_Bakugo_Jax has 30 seconds left.
|
|t:|1663748996
|move|p1a: Groudon|Precipice Blades|p2a: Swampert
|-damage|p2a: Swampert|0 fnt
|faint|p2a: Swampert
|
|-weather|DesolateLand|[upkeep]
|upkeep
|inactive|Naofumi_Bakugo_Jax has 30 seconds left.
|
|t:|1663749006
|switch|p2a: Arceus|Arceus, shiny|100/100
|turn|16
|
|t:|1663749018
|move|p1a: Groudon|Precipice Blades|p2a: Arceus
|-damage|p2a: Arceus|45/100
|move|p2a: Arceus|Reflect|p2a: Arceus
|-sidestart|p2: Naofumi_Bakugo_Jax|Reflect
|
|-weather|DesolateLand|[upkeep]
|upkeep
|turn|17
|
|t:|1663749028
|move|p1a: Groudon|Precipice Blades|p2a: Arceus
|-damage|p2a: Arceus|14/100
|move|p2a: Arceus|Tailwind|p2a: Arceus
|-sidestart|p2: Naofumi_Bakugo_Jax|move: Tailwind
|
|-weather|DesolateLand|[upkeep]
|upkeep
|turn|18
|
|t:|1663749032
|move|p2a: Arceus|Extreme Speed|p1a: Groudon
|-damage|p1a: Groudon|3/100
|move|p1a: Groudon|Rock Polish|p1a: Groudon
|-boost|p1a: Groudon|spe|2
|
|-weather|DesolateLand|[upkeep]
|upkeep
|turn|19
|
|t:|1663749037
|move|p2a: Arceus|Extreme Speed|p1a: Groudon
|-damage|p1a: Groudon|0 fnt
|faint|p1a: Groudon
|-weather|none
|
|upkeep
|
|t:|1663749042
|switch|p1a: Eternatus|Eternatus|100/100
|-damage|p1a: Eternatus|88/100|[from] Stealth Rock
|-ability|p1a: Eternatus|Pressure
|turn|20
|inactive|dank_idiot has 120 seconds left.
|
|t:|1663749084
|move|p2a: Arceus|Extreme Speed|p1a: Eternatus
|-damage|p1a: Eternatus|53/100
|move|p1a: Eternatus|Mystical Fire|p2a: Arceus
|-damage|p2a: Arceus|0 fnt
|faint|p2a: Arceus
|
|-heal|p1a: Eternatus|60/100|[from] item: Black Sludge
|-sideend|p2: Naofumi_Bakugo_Jax|move: Tailwind
|upkeep
|inactive|Naofumi_Bakugo_Jax has 60 seconds left.
|c|☆dank_idiot|i lose this
|c|☆dank_idiot|ggs.
|
|t:|1663749108
|switch|p2a: Kyogre|Kyogre|6/100
|-weather|RainDance|[from] ability: Drizzle|[of] p2a: Kyogre
|turn|21
|inactive|dank_idiot has 120 seconds left.
|
|t:|1663749113
|move|p2a: Kyogre|Ice Beam|p1a: Eternatus
|-supereffective|p1a: Eternatus
|-damage|p1a: Eternatus|6/100
|move|p1a: Eternatus|Recover|p1a: Eternatus
|-heal|p1a: Eternatus|56/100
|
|-weather|RainDance|[upkeep]
|-heal|p1a: Eternatus|62/100|[from] item: Black Sludge
|upkeep
|turn|22
|
|t:|1663749121
|move|p2a: Kyogre|Ice Beam|p1a: Eternatus
|-supereffective|p1a: Eternatus
|-crit|p1a: Eternatus
|-damage|p1a: Eternatus|0 fnt
|faint|p1a: Eternatus
|
|-weather|RainDance|[upkeep]
|upkeep
|
|t:|1663749125
|switch|p1a: Marshadow|Marshadow|100/100
|-damage|p1a: Marshadow|94/100|[from] Stealth Rock
|turn|23
|
|t:|1663749132
|move|p1a: Marshadow|Shadow Sneak|p2a: Kyogre
|-damage|p2a: Kyogre|0 fnt
|faint|p2a: Kyogre
|
|-weather|RainDance|[upkeep]
|-sideend|p2: Naofumi_Bakugo_Jax|Reflect
|upkeep
|
|t:|1663749134
|switch|p2a: Zacian|Zacian-Crowned|41/100
|-ability|p2a: Zacian|Intrepid Sword|boost
|-boost|p2a: Zacian|atk|1
|turn|24
|
|t:|1663749138
|move|p1a: Marshadow|Shadow Sneak|p2a: Zacian
|-damage|p2a: Zacian|10/100
|move|p2a: Zacian|Behemoth Blade|p1a: Marshadow
|-damage|p1a: Marshadow|0 fnt
|faint|p1a: Marshadow
|
|win|Naofumi_Bakugo_Jax
|raw|dank_idiot's rating: 1494 &rarr; <strong>1486</strong><br />(-8 for losing)
|raw|Naofumi_Bakugo_Jax's rating: 1730 &rarr; <strong>1738</strong><br />(+8 for winning)
|l|☆dank_idiot
