|j|☆CuriousPlayer
|j|☆Jojoestar belmont
|t:|1657507583
|gametype|singles
|player|p1|CuriousPlayer|cynthia|1443
|player|p2|Jojoestar belmont|waiter|1446
|teamsize|p1|6
|teamsize|p2|6
|gen|8
|tier|[Gen 8] National Dex AG
|rated|
|rule|HP Percentage Mod: HP is shown in percentages
|rule|Endless Battle Clause: Forcing endless battles is banned
|clearpoke
|poke|p1|Excadrill, M|
|poke|p1|Gliscor, M|
|poke|p1|Yveltal|
|poke|p1|Blaziken, F|
|poke|p1|Pheromosa|
|poke|p1|Toxapex, F|
|poke|p2|Marshadow|
|poke|p2|Cinderace, F|
|poke|p2|Ditto|
|poke|p2|Celesteela|
|poke|p2|Venusaur, M|
|poke|p2|Darmanitan-Galar, M|
|teampreview
|
|t:|1657507591
|start
|switch|p1a: Excadrill|Excadrill, M, shiny|100/100
|switch|p2a: Darmanitan|Darmanitan-Galar, M|100/100
|-ability|p1a: Excadrill|Mold Breaker
|turn|1
|
|t:|1657507598
|move|p2a: Darmanitan|U-turn|p1a: Excadrill
|-resisted|p1a: Excadrill
|-damage|p1a: Excadrill|75/100
|
|t:|1657507602
|switch|p2a: Celesteela|Celesteela|100/100|[from]move: U-turn
|move|p1a: Excadrill|Iron Head|p2a: Celesteela
|-resisted|p2a: Celesteela
|-damage|p2a: Celesteela|85/100
|
|-heal|p2a: Celesteela|91/100|[from] item: Leftovers
|upkeep
|turn|2
|inactive|Battle timer is ON: inactive players will automatically lose when time's up. (requested by CuriousPlayer)
|
|t:|1657507612
|move|p1a: Excadrill|Stealth Rock|p2a: Celesteela
|-sidestart|p2: Jojoestar belmont|move: Stealth Rock
|move|p2a: Celesteela|Leech Seed|p1a: Excadrill|[miss]
|-miss|p2a: Celesteela|p1a: Excadrill
|
|-heal|p2a: Celesteela|97/100|[from] item: Leftovers
|upkeep
|turn|3
|
|t:|1657507627
|move|p1a: Excadrill|Iron Head|p2a: Celesteela
|-resisted|p2a: Celesteela
|-damage|p2a: Celesteela|83/100
|move|p2a: Celesteela|Leech Seed|p1a: Excadrill
|-start|p1a: Excadrill|move: Leech Seed
|
|-heal|p2a: Celesteela|89/100|[from] item: Leftovers
|-damage|p1a: Excadrill|62/100|[from] Leech Seed|[of] p2a: Celesteela
|-heal|p2a: Celesteela|100/100|[silent]
|upkeep
|turn|4
|
|t:|1657507639
|move|p1a: Excadrill|Iron Head|p2a: Celesteela
|-resisted|p2a: Celesteela
|-damage|p2a: Celesteela|87/100
|move|p2a: Celesteela|Leech Seed||[still]
|-fail|p2a: Celesteela
|
|-heal|p2a: Celesteela|93/100|[from] item: Leftovers
|-damage|p1a: Excadrill|50/100|[from] Leech Seed|[of] p2a: Celesteela
|-heal|p2a: Celesteela|100/100|[silent]
|upkeep
|turn|5
|
|t:|1657507652
|move|p1a: Excadrill|Iron Head|p2a: Celesteela
|-resisted|p2a: Celesteela
|-damage|p2a: Celesteela|87/100
|move|p2a: Celesteela|Leech Seed||[still]
|-fail|p2a: Celesteela
|
|-heal|p2a: Celesteela|93/100|[from] item: Leftovers
|-damage|p1a: Excadrill|37/100|[from] Leech Seed|[of] p2a: Celesteela
|-heal|p2a: Celesteela|100/100|[silent]
|upkeep
|turn|6
|
|t:|1657507654
|move|p1a: Excadrill|Rapid Spin|p2a: Celesteela
|-resisted|p2a: Celesteela
|-damage|p2a: Celesteela|94/100
|-boost|p1a: Excadrill|spe|1
|-end|p1a: Excadrill|Leech Seed|[from] move: Rapid Spin|[of] p1a: Excadrill
|move|p2a: Celesteela|Leech Seed|p1a: Excadrill
|-start|p1a: Excadrill|move: Leech Seed
|
|-heal|p2a: Celesteela|99/100|[from] item: Leftovers
|-damage|p1a: Excadrill|25/100|[from] Leech Seed|[of] p2a: Celesteela
|-heal|p2a: Celesteela|100/100|[silent]
|upkeep
|turn|7
|
|t:|1657507656
|move|p1a: Excadrill|Rapid Spin|p2a: Celesteela
|-resisted|p2a: Celesteela
|-damage|p2a: Celesteela|94/100
|-boost|p1a: Excadrill|spe|1
|-end|p1a: Excadrill|Leech Seed|[from] move: Rapid Spin|[of] p1a: Excadrill
|move|p2a: Celesteela|Flamethrower|p1a: Excadrill
|-supereffective|p1a: Excadrill
|-damage|p1a: Excadrill|0 fnt
|faint|p1a: Excadrill
|-ability|p2a: Celesteela|Beast Boost|boost
|-boost|p2a: Celesteela|def|1
|
|-heal|p2a: Celesteela|100/100|[from] item: Leftovers
|upkeep
|
|t:|1657507658
|switch|p1a: Yveltal|Yveltal, shiny|100/100
|-ability|p1a: Yveltal|Dark Aura
|turn|8
|
|t:|1657507663
|move|p1a: Yveltal|Taunt|p2a: Celesteela
|-start|p2a: Celesteela|move: Taunt
|cant|p2a: Celesteela|move: Taunt|Leech Seed
|
|upkeep
|turn|9
|
|t:|1657507672
|move|p1a: Yveltal|Dark Pulse|p2a: Celesteela
|-damage|p2a: Celesteela|29/100
|-damage|p1a: Yveltal|91/100|[from] item: Life Orb
|move|p2a: Celesteela|Air Slash|p1a: Yveltal
|-damage|p1a: Yveltal|67/100
|
|-heal|p2a: Celesteela|35/100|[from] item: Leftovers
|upkeep
|turn|10
|
|t:|1657507685
|move|p1a: Yveltal|Dark Pulse|p2a: Celesteela
|-damage|p2a: Celesteela|0 fnt
|faint|p2a: Celesteela
|-damage|p1a: Yveltal|57/100|[from] item: Life Orb
|
|upkeep
|
|t:|1657507689
|switch|p2a: Cinderace|Cinderace, F|100/100
|turn|11
|
|t:|1657507693
|switch|p1a: Toxapex|Toxapex, F, shiny|100/100
|move|p2a: Cinderace|Court Change|p2a: Cinderace
|-start|p2a: Cinderace|typechange|Normal|[from] ability: Libero
|-swapsideconditions
|-activate|p2a: Cinderace|move: Court Change
|
|upkeep
|turn|12
|
|t:|1657507699
|switch|p2a: Venusaur|Venusaur, M|100/100
|move|p1a: Toxapex|Toxic|p2a: Venusaur
|-immune|p2a: Venusaur
|
|upkeep
|turn|13
|
|t:|1657507713
|detailschange|p2a: Venusaur|Venusaur-Mega, M
|-mega|p2a: Venusaur|Venusaur|Venusaurite
|move|p2a: Venusaur|Toxic|p1a: Toxapex
|-immune|p1a: Toxapex
|move|p1a: Toxapex|Toxic|p2a: Venusaur
|-immune|p2a: Venusaur
|
|upkeep
|turn|14
|
|t:|1657507722
|switch|p1a: Sandglide|Gliscor, M, shiny|100/100
|-damage|p1a: Sandglide|88/100|[from] Stealth Rock
|move|p2a: Venusaur|Toxic|p1a: Sandglide
|-status|p1a: Sandglide|tox
|
|-heal|p1a: Sandglide|100/100 tox|[from] ability: Poison Heal
|upkeep
|turn|15
|
|t:|1657507724
|move|p2a: Venusaur|Energy Ball|p1a: Sandglide
|-damage|p1a: Sandglide|58/100 tox
|move|p1a: Sandglide|Defog|p2a: Venusaur
|-unboost|p2a: Venusaur|evasion|1
|-sideend|p1: CuriousPlayer|Stealth Rock|[from] move: Defog|[of] p1a: Sandglide
|
|-heal|p1a: Sandglide|70/100 tox|[from] ability: Poison Heal
|upkeep
|turn|16
|
|t:|1657507727
|move|p2a: Venusaur|Energy Ball|p1a: Sandglide
|-damage|p1a: Sandglide|26/100 tox
|move|p1a: Sandglide|Roost|p1a: Sandglide
|-heal|p1a: Sandglide|76/100 tox
|-singleturn|p1a: Sandglide|move: Roost
|
|-heal|p1a: Sandglide|89/100 tox|[from] ability: Poison Heal
|upkeep
|turn|17
|
|t:|1657507735
|move|p2a: Venusaur|Energy Ball|p1a: Sandglide
|-damage|p1a: Sandglide|44/100 tox
|move|p1a: Sandglide|Toxic|p2a: Venusaur
|-immune|p2a: Venusaur
|
|-heal|p1a: Sandglide|57/100 tox|[from] ability: Poison Heal
|upkeep
|turn|18
|
|t:|1657507745
|move|p2a: Venusaur|Energy Ball|p1a: Sandglide
|-damage|p1a: Sandglide|12/100 tox
|-unboost|p1a: Sandglide|spd|1
|move|p1a: Sandglide|Roost|p1a: Sandglide
|-heal|p1a: Sandglide|62/100 tox
|-singleturn|p1a: Sandglide|move: Roost
|
|-heal|p1a: Sandglide|74/100 tox|[from] ability: Poison Heal
|upkeep
|turn|19
|
|t:|1657507747
|switch|p1a: Blaziken|Blaziken, F, shiny|100/100
|move|p2a: Venusaur|Energy Ball|p1a: Blaziken
|-resisted|p1a: Blaziken
|-damage|p1a: Blaziken|68/100
|
|upkeep
|turn|20
|
|t:|1657507752
|detailschange|p1a: Blaziken|Blaziken-Mega, F, shiny
|-mega|p1a: Blaziken|Blaziken|Blazikenite
|move|p1a: Blaziken|Flare Blitz|p2a: Venusaur
|-supereffective|p2a: Venusaur
|-damage|p2a: Venusaur|24/100
|-damage|p1a: Blaziken|43/100|[from] Recoil
|move|p2a: Venusaur|Toxic|p1a: Blaziken
|-status|p1a: Blaziken|tox
|
|-damage|p1a: Blaziken|37/100 tox|[from] psn
|-ability|p1a: Blaziken|Speed Boost|boost
|-boost|p1a: Blaziken|spe|1
|upkeep
|turn|21
|
|t:|1657507762
|move|p1a: Blaziken|Flare Blitz|p2a: Venusaur
|-supereffective|p2a: Venusaur
|-damage|p2a: Venusaur|0 fnt
|faint|p2a: Venusaur
|-damage|p1a: Blaziken|29/100 tox|[from] Recoil
|
|-damage|p1a: Blaziken|17/100 tox|[from] psn
|-ability|p1a: Blaziken|Speed Boost|boost
|-boost|p1a: Blaziken|spe|1
|upkeep
|
|t:|1657507773
|switch|p2a: Ditto|Ditto|100/100
|-transform|p2a: Ditto|p1a: Blaziken|[from] ability: Imposter
|turn|22
|
|t:|1657507784
|move|p1a: Blaziken|Protect|p1a: Blaziken
|-singleturn|p1a: Blaziken|Protect
|move|p2a: Ditto|High Jump Kick|p1a: Blaziken
|-activate|p1a: Blaziken|move: Protect
|-damage|p2a: Ditto|51/100|[from] highjumpkick
|
|-damage|p1a: Blaziken|0 fnt|[from] psn
|faint|p1a: Blaziken
|-ability|p2a: Ditto|Speed Boost|boost
|-boost|p2a: Ditto|spe|1
|upkeep
|
|t:|1657507792
|switch|p1a: Sandglide|Gliscor, M, shiny|74/100 tox
|turn|23
|
|t:|1657507799
|move|p2a: Ditto|High Jump Kick|p1a: Sandglide
|-resisted|p1a: Sandglide
|-damage|p1a: Sandglide|44/100 tox
|move|p1a: Sandglide|Toxic|p2a: Ditto
|-status|p2a: Ditto|tox
|
|-damage|p2a: Ditto|45/100 tox|[from] psn
|-heal|p1a: Sandglide|57/100 tox|[from] ability: Poison Heal
|-ability|p2a: Ditto|Speed Boost|boost
|-boost|p2a: Ditto|spe|1
|upkeep
|turn|24
|
|t:|1657507811
|switch|p2a: Darmanitan|Darmanitan-Galar, M|100/100
|move|p1a: Sandglide|Roost|p1a: Sandglide
|-heal|p1a: Sandglide|100/100 tox
|-singleturn|p1a: Sandglide|move: Roost
|
|upkeep
|turn|25
|
|t:|1657507816
|switch|p1a: Toxapex|Toxapex, F, shiny|100/100
|move|p2a: Darmanitan|Ice Punch|p1a: Toxapex
|-resisted|p1a: Toxapex
|-damage|p1a: Toxapex|79/100
|
|upkeep
|turn|26
|
|t:|1657507819
|-start|p2a: Darmanitan|Dynamax|
|-heal|p2a: Darmanitan|100/100|[silent]
|move|p2a: Darmanitan|Max Quake|p1a: Toxapex
|-supereffective|p1a: Toxapex
|-damage|p1a: Toxapex|5/100
|-boost|p2a: Darmanitan|spd|1
|move|p1a: Toxapex|Toxic|p2a: Darmanitan
|-status|p2a: Darmanitan|tox
|
|-damage|p2a: Darmanitan|98/100 tox|[from] psn
|upkeep
|turn|27
|
|t:|1657507827
|switch|p1a: Sandglide|Gliscor, M, shiny|100/100 tox
|move|p2a: Darmanitan|Max Hailstorm|p1a: Sandglide
|-supereffective|p1a: Sandglide
|-damage|p1a: Sandglide|0 fnt
|-weather|Hail
|faint|p1a: Sandglide
|
|-weather|Hail|[upkeep]
|-damage|p2a: Darmanitan|92/100 tox|[from] psn
|upkeep
|
|t:|1657507831
|switch|p1a: Pheromosa|Pheromosa, shiny|100/100
|turn|28
|
|t:|1657507835
|move|p1a: Pheromosa|Close Combat|p2a: Darmanitan
|-supereffective|p2a: Darmanitan
|-damage|p2a: Darmanitan|0 fnt
|-unboost|p1a: Pheromosa|def|1
|-unboost|p1a: Pheromosa|spd|1
|faint|p2a: Darmanitan
|-ability|p1a: Pheromosa|Beast Boost|boost
|-boost|p1a: Pheromosa|spe|1
|-damage|p1a: Pheromosa|91/100|[from] item: Life Orb
|
|-weather|Hail|[upkeep]
|-damage|p1a: Pheromosa|85/100|[from] Hail
|upkeep
|
|t:|1657507848
|switch|p2a: Ditto|Ditto|45/100 tox
|-transform|p2a: Ditto|p1a: Pheromosa|[from] ability: Imposter
|turn|29
|
|t:|1657507864
|move|p2a: Ditto|U-turn|p1a: Pheromosa
|-resisted|p1a: Pheromosa
|-damage|p1a: Pheromosa|3/100
|
|t:|1657507867
|switch|p2a: Cinderace|Cinderace, F|100/100|[from]move: U-turn
|move|p1a: Pheromosa|U-turn|p2a: Cinderace
|-resisted|p2a: Cinderace
|-damage|p2a: Cinderace|67/100
|-damage|p1a: Pheromosa|0 fnt|[from] item: Life Orb
|faint|p1a: Pheromosa
|
|-weather|Hail|[upkeep]
|-damage|p2a: Cinderace|61/100|[from] Hail
|upkeep
|
|t:|1657507870
|switch|p1a: Toxapex|Toxapex, F, shiny|38/100
|turn|30
|
|t:|1657507875
|move|p2a: Cinderace|Low Kick|p1a: Toxapex
|-start|p2a: Cinderace|typechange|Fighting|[from] ability: Libero
|-resisted|p1a: Toxapex
|-damage|p1a: Toxapex|31/100
|move|p1a: Toxapex|Recover|p1a: Toxapex
|-heal|p1a: Toxapex|81/100
|
|-weather|Hail|[upkeep]
|-damage|p2a: Cinderace|55/100|[from] Hail
|upkeep
|turn|31
|
|t:|1657507882
|switch|p2a: Ditto|Ditto|45/100 tox
|-transform|p2a: Ditto|p1a: Toxapex|[from] ability: Imposter
|move|p1a: Toxapex|Recover|p1a: Toxapex
|-heal|p1a: Toxapex|100/100
|
|-weather|none
|-damage|p2a: Ditto|39/100 tox|[from] psn
|upkeep
|turn|32
|
|t:|1657507886
|move|p2a: Ditto|Recover|p2a: Ditto
|-heal|p2a: Ditto|89/100 tox
|move|p1a: Toxapex|Scald|p2a: Ditto
|-resisted|p2a: Ditto
|-damage|p2a: Ditto|83/100 tox
|
|-damage|p2a: Ditto|71/100 tox|[from] psn
|upkeep
|turn|33
|
|t:|1657507889
|switch|p2a: Cinderace|Cinderace, F|55/100
|switch|p1a: Yveltal|Yveltal, shiny|57/100
|-ability|p1a: Yveltal|Dark Aura
|
|upkeep
|turn|34
|
|t:|1657507900
|switch|p1a: Toxapex|Toxapex, F, shiny|100/100
|move|p2a: Cinderace|Low Kick|p1a: Toxapex
|-start|p2a: Cinderace|typechange|Fighting|[from] ability: Libero
|-resisted|p1a: Toxapex
|-damage|p1a: Toxapex|94/100
|
|upkeep
|turn|35
|
|t:|1657507908
|move|p2a: Cinderace|Low Kick|p1a: Toxapex
|-resisted|p1a: Toxapex
|-damage|p1a: Toxapex|86/100
|move|p1a: Toxapex|Scald|p2a: Cinderace
|-damage|p2a: Cinderace|33/100
|
|upkeep
|turn|36
|
|t:|1657507914
|switch|p2a: Ditto|Ditto|100/100 tox
|-transform|p2a: Ditto|p1a: Toxapex|[from] ability: Imposter
|switch|p1a: Yveltal|Yveltal, shiny|57/100
|-ability|p1a: Yveltal|Dark Aura
|
|-damage|p2a: Ditto|94/100 tox|[from] psn
|upkeep
|turn|37
|
|t:|1657507920
|move|p1a: Yveltal|Taunt|p2a: Ditto
|-start|p2a: Ditto|move: Taunt
|move|p2a: Ditto|Scald|p1a: Yveltal
|-damage|p1a: Yveltal|41/100
|
|-damage|p2a: Ditto|82/100 tox|[from] psn
|upkeep
|turn|38
|
|t:|1657507923
|move|p1a: Yveltal|Oblivion Wing|p2a: Ditto
|-damage|p2a: Ditto|38/100 tox
|-heal|p1a: Yveltal|67/100|[from] drain|[of] p2a: Ditto
|-damage|p1a: Yveltal|57/100|[from] item: Life Orb
|move|p2a: Ditto|Scald|p1a: Yveltal
|-damage|p1a: Yveltal|42/100
|
|-damage|p2a: Ditto|20/100 tox|[from] psn
|upkeep
|turn|39
|
|t:|1657507927
|move|p1a: Yveltal|Oblivion Wing|p2a: Ditto
|-damage|p2a: Ditto|0 fnt
|-heal|p1a: Yveltal|53/100|[from] drain|[of] p2a: Ditto
|faint|p2a: Ditto
|-damage|p1a: Yveltal|44/100|[from] item: Life Orb
|
|upkeep
|
|t:|1657507929
|switch|p2a: Marshadow|Marshadow|100/100
|turn|40
|
|t:|1657507935
|-start|p1a: Yveltal|Dynamax|
|-heal|p1a: Yveltal|44/100|[silent]
|move|p2a: Marshadow|Drain Punch|p1a: Yveltal
|-damage|p1a: Yveltal|25/100
|move|p1a: Yveltal|Max Airstream|p2a: Marshadow
|-supereffective|p2a: Marshadow
|-enditem|p2a: Marshadow|Focus Sash
|-damage|p2a: Marshadow|1/100
|-boost|p1a: Yveltal|spe|1
|-damage|p1a: Yveltal|20/100|[from] item: Life Orb
|
|upkeep
|turn|41
|
|t:|1657507940
|move|p2a: Marshadow|Shadow Sneak|p1a: Yveltal
|-resisted|p1a: Yveltal
|-damage|p1a: Yveltal|12/100
|move|p1a: Yveltal|Max Airstream|p2a: Marshadow
|-supereffective|p2a: Marshadow
|-damage|p2a: Marshadow|0 fnt
|-boost|p1a: Yveltal|spe|1
|faint|p2a: Marshadow
|-damage|p1a: Yveltal|7/100|[from] item: Life Orb
|
|upkeep
|
|t:|1657507942
|switch|p2a: Cinderace|Cinderace, F|33/100
|turn|42
|
|t:|1657507945
|move|p2a: Cinderace|Sucker Punch|p1a: Yveltal
|-start|p2a: Cinderace|typechange|Dark|[from] ability: Libero
|-resisted|p1a: Yveltal
|-damage|p1a: Yveltal|0 fnt
|faint|p1a: Yveltal
|
|upkeep
|
|t:|1657507947
|switch|p1a: Toxapex|Toxapex, F, shiny|100/100
|turn|43
|
|t:|1657507951
|move|p2a: Cinderace|Low Kick|p1a: Toxapex
|-start|p2a: Cinderace|typechange|Fighting|[from] ability: Libero
|-resisted|p1a: Toxapex
|-damage|p1a: Toxapex|94/100
|move|p1a: Toxapex|Toxic|p2a: Cinderace
|-status|p2a: Cinderace|tox
|
|-damage|p2a: Cinderace|27/100 tox|[from] psn
|upkeep
|turn|44
|
|t:|1657507953
|move|p2a: Cinderace|Low Kick|p1a: Toxapex
|-resisted|p1a: Toxapex
|-damage|p1a: Toxapex|87/100
|move|p1a: Toxapex|Recover|p1a: Toxapex
|-heal|p1a: Toxapex|100/100
|
|-damage|p2a: Cinderace|15/100 tox|[from] psn
|upkeep
|turn|45
|c|☆CuriousPlayer|:)
|c|☆CuriousPlayer|Thanks for the rematch
|
|t:|1657507961
|move|p2a: Cinderace|Pyro Ball|p1a: Toxapex
|-start|p2a: Cinderace|typechange|Fire|[from] ability: Libero
|-resisted|p1a: Toxapex
|-damage|p1a: Toxapex|79/100
|move|p1a: Toxapex|Scald|p2a: Cinderace
|-supereffective|p2a: Cinderace
|-damage|p2a: Cinderace|0 fnt
|faint|p2a: Cinderace
|
|win|CuriousPlayer
|raw|CuriousPlayer's rating: 1443 &rarr; <strong>1463</strong><br />(+20 for winning)
|raw|Jojoestar belmont's rating: 1446 &rarr; <strong>1426</strong><br />(-20 for losing)
|c|☆Jojoestar belmont|1-1
