|j|☆iHaveAsthma
|j|☆aseliatheeternal
|t:|1659269807
|gametype|singles
|player|p1|iHaveAsthma|doctor|1896
|player|p2|aseliatheeternal|1|1865
|teamsize|p1|6
|teamsize|p2|6
|gen|8
|tier|[Gen 8] National Dex AG
|rated|
|rule|HP Percentage Mod: HP is shown in percentages
|rule|Endless Battle Clause: Forcing endless battles is banned
|clearpoke
|poke|p1|Rayquaza|
|poke|p1|Groudon|
|poke|p1|Lugia|
|poke|p1|Arceus-*|
|poke|p1|Calyrex-Shadow|
|poke|p1|Arceus-*|
|poke|p2|Arceus-*|
|poke|p2|Arceus-*|
|poke|p2|Ditto|
|poke|p2|Arceus-*|
|poke|p2|Arceus-*|
|poke|p2|Arceus-*|
|teampreview
|inactive|Battle timer is ON: inactive players will automatically lose when time's up. (requested by iHaveAsthma)
|
|t:|1659269835
|start
|switch|p1a: Rayquaza|Rayquaza|100/100
|switch|p2a: Arceus|Arceus-Ghost|100/100
|-ability|p1a: Rayquaza|Air Lock
|turn|1
|inactive|aseliatheeternal also wants the timer to be on.
|
|t:|1659269842
|detailschange|p1a: Rayquaza|Rayquaza-Mega
|-mega|p1a: Rayquaza|Rayquaza|
|-weather|DeltaStream|[from] ability: Delta Stream|[of] p1a: Rayquaza
|move|p2a: Arceus|Stealth Rock|p1a: Rayquaza
|-sidestart|p1: iHaveAsthma|move: Stealth Rock
|move|p1a: Rayquaza|Scale Shot|p2a: Arceus
|-damage|p2a: Arceus|85/100
|-damage|p2a: Arceus|70/100
|-crit|p2a: Arceus
|-damage|p2a: Arceus|50/100
|-damage|p2a: Arceus|36/100
|-hitcount|p2a: Arceus|4
|-unboost|p1a: Rayquaza|def|1
|-boost|p1a: Rayquaza|spe|1
|
|-weather|DeltaStream|[upkeep]
|upkeep
|turn|2
|
|t:|1659269863
|move|p1a: Rayquaza|Dragon Ascent|p2a: Arceus
|-damage|p2a: Arceus|0 fnt
|-unboost|p1a: Rayquaza|def|1
|-unboost|p1a: Rayquaza|spd|1
|faint|p2a: Arceus
|
|-weather|DeltaStream|[upkeep]
|upkeep
|
|t:|1659269876
|switch|p2a: Arceus|Arceus-Fairy|100/100
|turn|3
|
|t:|1659269883
|-weather|none
|switch|p1a: Lugia|Lugia|100/100
|move|p2a: Arceus|Judgment|p1a: Lugia
|-damage|p1a: Lugia|83/100
|
|upkeep
|turn|4
|
|t:|1659269892
|move|p2a: Arceus|Calm Mind|p2a: Arceus
|-boost|p2a: Arceus|spa|1
|-boost|p2a: Arceus|spd|1
|move|p1a: Lugia|Defog|p2a: Arceus
|-unboost|p2a: Arceus|evasion|1
|-sideend|p1: iHaveAsthma|Stealth Rock|[from] move: Defog|[of] p1a: Lugia
|
|upkeep
|turn|5
|
|t:|1659269922
|move|p2a: Arceus|Judgment|p1a: Lugia
|-damage|p1a: Lugia|34/100
|move|p1a: Lugia|Thunder Wave|p2a: Arceus
|-status|p2a: Arceus|par
|
|upkeep
|turn|6
|
|t:|1659269931
|move|p1a: Lugia|Roost|p1a: Lugia
|-heal|p1a: Lugia|84/100
|-singleturn|p1a: Lugia|move: Roost
|cant|p2a: Arceus|par
|
|upkeep
|turn|7
|
|t:|1659269935
|move|p2a: Arceus|Judgment|p1a: Lugia
|-damage|p1a: Lugia|31/100
|move|p1a: Lugia|Roar|p2a: Arceus
|drag|p2a: Arceus|Arceus-Grass|100/100
|
|upkeep
|turn|8
|
|t:|1659269940
|move|p2a: Arceus|Stone Edge|p1a: Lugia
|-supereffective|p1a: Lugia
|-damage|p1a: Lugia|0 fnt
|faint|p1a: Lugia
|
|upkeep
|
|t:|1659269944
|switch|p1a: Rayquaza|Rayquaza-Mega|100/100
|-weather|DeltaStream|[from] ability: Delta Stream|[of] p1a: Rayquaza
|turn|9
|
|t:|1659269963
|move|p2a: Arceus|Stone Edge|p1a: Rayquaza
|-activate||deltastream
|-damage|p1a: Rayquaza|65/100
|move|p1a: Rayquaza|Scale Shot|p2a: Arceus
|-damage|p2a: Arceus|87/100
|-damage|p2a: Arceus|72/100
|-damage|p2a: Arceus|58/100
|-damage|p2a: Arceus|44/100
|-hitcount|p2a: Arceus|4
|-unboost|p1a: Rayquaza|def|1
|-boost|p1a: Rayquaza|spe|1
|
|-weather|DeltaStream|[upkeep]
|upkeep
|turn|10
|
|t:|1659269970
|move|p1a: Rayquaza|Dragon Ascent|p2a: Arceus
|-supereffective|p2a: Arceus
|-damage|p2a: Arceus|0 fnt
|-unboost|p1a: Rayquaza|def|1
|-unboost|p1a: Rayquaza|spd|1
|faint|p2a: Arceus
|
|-weather|DeltaStream|[upkeep]
|upkeep
|
|t:|1659269972
|switch|p2a: Ditto|Ditto|100/100
|-transform|p2a: Ditto|p1a: Rayquaza|[from] ability: Imposter
|turn|11
|
|t:|1659269978
|move|p1a: Rayquaza|Extreme Speed|p2a: Ditto
|-damage|p2a: Ditto|6/100
|move|p2a: Ditto|Dragon Ascent|p1a: Rayquaza
|-damage|p1a: Rayquaza|0 fnt
|-unboost|p2a: Ditto|def|1
|-unboost|p2a: Ditto|spd|1
|faint|p1a: Rayquaza
|
|-weather|DeltaStream|[upkeep]
|upkeep
|
|t:|1659269983
|switch|p1a: Arceus|Arceus|100/100
|turn|12
|
|t:|1659269997
|move|p1a: Arceus|Extreme Speed|p2a: Ditto
|-damage|p2a: Ditto|0 fnt
|faint|p2a: Ditto
|-weather|none
|-damage|p1a: Arceus|91/100|[from] item: Life Orb
|
|upkeep
|
|t:|1659269999
|switch|p2a: Arceus|Arceus-Fighting|100/100
|turn|13
|
|t:|1659270010
|switch|p1a: Groudon|Groudon|100/100
|detailschange|p1a: Groudon|Groudon-Primal
|-primal|p1a: Groudon
|-weather|DesolateLand|[from] ability: Desolate Land|[of] p1a: Groudon
|move|p2a: Arceus|Judgment|p1a: Groudon
|-damage|p1a: Groudon|29/100
|
|-weather|DesolateLand|[upkeep]
|upkeep
|turn|14
|j| taffy2001
|
|t:|1659270013
|move|p2a: Arceus|Judgment|p1a: Groudon
|-damage|p1a: Groudon|0 fnt
|faint|p1a: Groudon
|-weather|none
|
|upkeep
|
|t:|1659270015
|switch|p1a: Calyrex|Calyrex-Shadow|100/100
|-ability|p1a: Calyrex|As One
|-ability|p1a: Calyrex|Unnerve
|turn|15
|
|t:|1659270017
|move|p1a: Calyrex|Encore|p2a: Arceus
|-start|p2a: Arceus|Encore
|move|p2a: Arceus|Judgment|p1a: Calyrex
|-immune|p1a: Calyrex
|
|upkeep
|turn|16
|
|t:|1659270021
|switch|p2a: Arceus|Arceus-Dark|100/100
|move|p1a: Calyrex|Psyshock|p2a: Arceus
|-immune|p2a: Arceus
|
|upkeep
|turn|17
|
|t:|1659270033
|switch|p1a: Arceus|Arceus|91/100
|move|p2a: Arceus|Calm Mind|p2a: Arceus
|-boost|p2a: Arceus|spa|1
|-boost|p2a: Arceus|spd|1
|
|upkeep
|turn|18
|
|t:|1659270050
|move|p2a: Arceus|Focus Blast|p1a: Arceus
|-supereffective|p1a: Arceus
|-damage|p1a: Arceus|0 fnt
|faint|p1a: Arceus
|
|upkeep
|
|t:|1659270054
|switch|p1a: Calyrex|Calyrex-Shadow|100/100
|-ability|p1a: Calyrex|As One
|-ability|p1a: Calyrex|Unnerve
|turn|19
|
|t:|1659270065
|-start|p2a: Arceus|Dynamax|
|-heal|p2a: Arceus|100/100|[silent]
|move|p1a: Calyrex|Encore||[still]
|-fail|p1a: Calyrex
|move|p2a: Arceus|Max Darkness|p1a: Calyrex
|-supereffective|p1a: Calyrex
|-enditem|p1a: Calyrex|Focus Sash
|-damage|p1a: Calyrex|1/100
|-unboost|p1a: Calyrex|spd|1
|
|upkeep
|turn|20
|
|t:|1659270069
|move|p1a: Calyrex|Draining Kiss|p2a: Arceus
|-supereffective|p2a: Arceus
|-damage|p2a: Arceus|90/100
|-heal|p1a: Calyrex|20/100|[from] drain|[of] p2a: Arceus
|move|p2a: Arceus|Max Darkness|p1a: Calyrex
|-supereffective|p1a: Calyrex
|-damage|p1a: Calyrex|0 fnt
|faint|p1a: Calyrex
|
|upkeep
|
|t:|1659270072
|switch|p1a: Arceus|Arceus-Flying|100/100
|turn|21
|
|t:|1659270075
|-start|p1a: Arceus|Dynamax|
|-heal|p1a: Arceus|100/100|[silent]
|move|p1a: Arceus|Max Guard|p1a: Arceus
|-singleturn|p1a: Arceus|Max Guard
|move|p2a: Arceus|Max Darkness|p1a: Arceus
|-activate|p1a: Arceus|move: Max Guard
|
|upkeep
|-end|p2a: Arceus|Dynamax
|-heal|p2a: Arceus|90/100|[silent]
|turn|22
|
|t:|1659270102
|move|p1a: Arceus|Max Airstream|p2a: Arceus
|-damage|p2a: Arceus|31/100
|-boost|p1a: Arceus|spe|1
|move|p2a: Arceus|Judgment|p1a: Arceus
|-damage|p1a: Arceus|68/100
|
|upkeep
|turn|23
|
|t:|1659270113
|move|p1a: Arceus|Max Airstream|p2a: Arceus
|-damage|p2a: Arceus|0 fnt
|-boost|p1a: Arceus|spe|1
|faint|p2a: Arceus
|
|upkeep
|
|t:|1659270118
|switch|p2a: Arceus|Arceus-Fighting|100/100
|-end|p1a: Arceus|Dynamax
|-heal|p1a: Arceus|68/100|[silent]
|turn|24
|
|t:|1659270146
|move|p1a: Arceus|Swords Dance|p1a: Arceus
|-boost|p1a: Arceus|atk|2
|move|p2a: Arceus|Ice Beam|p1a: Arceus
|-supereffective|p1a: Arceus
|-damage|p1a: Arceus|25/100
|
|upkeep
|turn|25
|inactive|iHaveAsthma has 120 seconds left.
|
|t:|1659270170
|move|p1a: Arceus|Recover|p1a: Arceus
|-heal|p1a: Arceus|75/100
|move|p2a: Arceus|Ice Beam|p1a: Arceus
|-supereffective|p1a: Arceus
|-damage|p1a: Arceus|25/100
|
|upkeep
|turn|26
|
|t:|1659270174
|move|p1a: Arceus|Earthquake|p2a: Arceus
|-crit|p2a: Arceus
|-damage|p2a: Arceus|12/100
|move|p2a: Arceus|Ice Beam|p1a: Arceus
|-supereffective|p1a: Arceus
|-damage|p1a: Arceus|0 fnt
|faint|p1a: Arceus
|
|win|aseliatheeternal
|raw|iHaveAsthma's rating: 1896 &rarr; <strong>1874</strong><br />(-22 for losing)
|raw|aseliatheeternal's rating: 1865 &rarr; <strong>1887</strong><br />(+22 for winning)
|l|☆iHaveAsthma
