|j|☆Testing Teams 596
|j|☆Spirit92!!!
|inactive|Battle timer is ON: inactive players will automatically lose when time's up.
|t:|1655351756
|gametype|singles
|player|p1|Testing Teams 596|schoolkid-gen4dp|
|player|p2|Spirit92!!!|steven|
|teamsize|p1|6
|teamsize|p2|6
|gen|8
|tier|[Gen 8] National Dex AG
|rated|Tournament battle
|rule|HP Percentage Mod: HP is shown in percentages
|rule|Endless Battle Clause: Forcing endless battles is banned
|clearpoke
|poke|p1|Mew|
|poke|p1|Groudon|
|poke|p1|Stakataka|
|poke|p1|Stakataka|
|poke|p1|Rayquaza|
|poke|p1|Lunala|
|poke|p2|Dialga|
|poke|p2|Arceus-*|
|poke|p2|Kyogre|
|poke|p2|Ho-Oh|
|poke|p2|Zekrom|
|poke|p2|Marshadow|
|teampreview
|inactive|Testing Teams 596 also wants the timer to be on.
|
|t:|1655351781
|start
|switch|p1a: Mew|Mew|100/100
|switch|p2a: Arceus|Arceus-Fairy|100/100
|turn|1
|
|t:|1655351800
|move|p2a: Arceus|Toxic|p1a: Mew
|-status|p1a: Mew|tox
|-activate|p1a: Mew|ability: Synchronize
|-status|p2a: Arceus|tox
|move|p1a: Mew|Stealth Rock|p2a: Arceus
|-sidestart|p2: Spirit92!!!|move: Stealth Rock
|
|-damage|p2a: Arceus|94/100 tox|[from] psn
|-damage|p1a: Mew|94/100 tox|[from] psn
|upkeep
|turn|2
|
|t:|1655351813
|move|p2a: Arceus|Judgment|p1a: Mew
|-damage|p1a: Mew|55/100 tox
|move|p1a: Mew|Trick Room|p1a: Mew
|-fieldstart|move: Trick Room|[of] p1a: Mew
|
|-damage|p1a: Mew|43/100 tox|[from] psn
|-damage|p2a: Arceus|82/100 tox|[from] psn
|upkeep
|turn|3
|
|t:|1655351821
|switch|p2a: Ho-Oh|Ho-Oh|100/100
|-damage|p2a: Ho-Oh|50/100|[from] Stealth Rock
|move|p1a: Mew|Explosion|p2a: Ho-Oh
|-damage|p2a: Ho-Oh|0 fnt
|faint|p1a: Mew
|faint|p2a: Ho-Oh
|
|upkeep
|c|☆Testing Teams 596|L
|
|t:|1655351839
|switch|p1a: Groudon|Groudon|100/100
|switch|p2a: Kyogre|Kyogre|100/100
|-damage|p2a: Kyogre|88/100|[from] Stealth Rock
|detailschange|p1a: Groudon|Groudon-Primal
|-primal|p1a: Groudon
|-weather|DesolateLand|[from] ability: Desolate Land|[of] p1a: Groudon
|detailschange|p2a: Kyogre|Kyogre-Primal
|-primal|p2a: Kyogre
|-weather|PrimordialSea|[from] ability: Primordial Sea|[of] p2a: Kyogre
|turn|4
|
|t:|1655351849
|move|p1a: Groudon|Precipice Blades|p2a: Kyogre
|-damage|p2a: Kyogre|12/100
|move|p2a: Kyogre|Surf|p1a: Groudon
|-supereffective|p1a: Groudon
|-damage|p1a: Groudon|0 fnt
|faint|p1a: Groudon
|
|-weather|PrimordialSea|[upkeep]
|upkeep
|
|t:|1655351853
|switch|p1a: Stakataka|Stakataka|100/100
|-item|p1a: Stakataka|Air Balloon
|turn|5
|c|☆Spirit92!!!|ok you were faster I was supposed to move first come on
|c|☆Spirit92!!!|it's trick room
|c|☆Spirit92!!!|I call foul in this tourney lol
|inactive|Spirit92!!! has 120 seconds left.
|
|t:|1655351891
|move|p1a: Stakataka|Gyro Ball|p2a: Kyogre
|-resisted|p2a: Kyogre
|-damage|p2a: Kyogre|0 fnt
|faint|p2a: Kyogre
|-weather|none
|-ability|p1a: Stakataka|Beast Boost|boost
|-boost|p1a: Stakataka|atk|1
|
|upkeep
|
|t:|1655351912
|switch|p2a: Zekrom|Zekrom|100/100
|-damage|p2a: Zekrom|88/100|[from] Stealth Rock
|-ability|p2a: Zekrom|Teravolt
|turn|6
|inactive|Testing Teams 596 has 120 seconds left.
|
|t:|1655351956
|-start|p2a: Zekrom|Dynamax|
|-heal|p2a: Zekrom|88/100|[silent]
|move|p2a: Zekrom|Max Guard|p2a: Zekrom
|-singleturn|p2a: Zekrom|Max Guard
|move|p1a: Stakataka|Earthquake|p2a: Zekrom
|-activate|p2a: Zekrom|move: Max Guard
|
|-heal|p2a: Zekrom|91/100|[from] item: Leftovers
|-fieldend|move: Trick Room
|upkeep
|turn|7
|j| Little Luvie❤
|
|t:|1655351967
|move|p2a: Zekrom|Max Lightning|p1a: Stakataka
|-damage|p1a: Stakataka|48/100
|-fieldstart|move: Electric Terrain
|-enditem|p1a: Stakataka|Air Balloon
|move|p1a: Stakataka|Trick Room|p1a: Stakataka
|-fieldstart|move: Trick Room|[of] p1a: Stakataka
|
|-heal|p2a: Zekrom|94/100|[from] item: Leftovers
|upkeep
|turn|8
|
|t:|1655351976
|-start|p1a: Stakataka|Dynamax|
|-heal|p1a: Stakataka|48/100|[silent]
|move|p1a: Stakataka|Max Quake|p2a: Zekrom
|-supereffective|p2a: Zekrom
|-damage|p2a: Zekrom|41/100
|-boost|p1a: Stakataka|spd|1
|move|p2a: Zekrom|Max Lightning|p1a: Stakataka
|-damage|p1a: Stakataka|15/100
|
|-heal|p2a: Zekrom|44/100|[from] item: Leftovers
|upkeep
|-end|p2a: Zekrom|Dynamax
|-heal|p2a: Zekrom|45/100|[silent]
|turn|9
|
|t:|1655351994
|move|p1a: Stakataka|Max Quake|p2a: Zekrom
|-supereffective|p2a: Zekrom
|-damage|p2a: Zekrom|0 fnt
|-boost|p1a: Stakataka|spd|1
|faint|p2a: Zekrom
|-ability|p1a: Stakataka|Beast Boost|boost
|-boost|p1a: Stakataka|atk|1
|
|upkeep
|inactive|Spirit92!!! has 90 seconds left.
|
|t:|1655352008
|switch|p2a: Arceus|Arceus-Fairy|82/100 tox
|-damage|p2a: Arceus|70/100 tox|[from] Stealth Rock
|turn|10
|
|t:|1655352014
|move|p1a: Stakataka|Max Steelspike|p2a: Arceus
|-supereffective|p2a: Arceus
|-damage|p2a: Arceus|0 fnt
|-boost|p1a: Stakataka|def|1
|faint|p2a: Arceus
|-ability|p1a: Stakataka|Beast Boost|boost
|-boost|p1a: Stakataka|atk|1
|
|upkeep
|inactive|Spirit92!!! has 90 seconds left.
|c|☆Testing Teams 596|This is a usum team
|
|t:|1655352027
|switch|p2a: Dialga|Dialga|100/100
|-damage|p2a: Dialga|94/100|[from] Stealth Rock
|-ability|p2a: Dialga|Pressure
|-end|p1a: Stakataka|Dynamax
|-heal|p1a: Stakataka|15/100|[silent]
|turn|11
|inactive|Spirit92!!! has 90 seconds left.
|l| Little Luvie❤
|
|t:|1655352042
|move|p1a: Stakataka|Earthquake|p2a: Dialga
|-supereffective|p2a: Dialga
|-damage|p2a: Dialga|0 fnt
|faint|p2a: Dialga
|-ability|p1a: Stakataka|Beast Boost|boost
|-boost|p1a: Stakataka|atk|1
|
|-fieldend|move: Trick Room
|-fieldend|move: Electric Terrain
|upkeep
|inactive|Spirit92!!! has 90 seconds left.
|
|t:|1655352049
|switch|p2a: Marshadow|Marshadow|100/100
|-damage|p2a: Marshadow|94/100|[from] Stealth Rock
|turn|12
|inactive|Spirit92!!! has 90 seconds left.
|
|t:|1655352060
|switch|p1a: Rayquaza|Rayquaza|100/100
|-ability|p1a: Rayquaza|Air Lock
|move|p2a: Marshadow|Spectral Thief|p1a: Rayquaza
|-damage|p1a: Rayquaza|54/100
|
|upkeep
|turn|13
|inactive|Spirit92!!! has 90 seconds left.
|
|t:|1655352075
|detailschange|p1a: Rayquaza|Rayquaza-Mega
|-mega|p1a: Rayquaza|Rayquaza|
|-weather|DeltaStream|[from] ability: Delta Stream|[of] p1a: Rayquaza
|move|p1a: Rayquaza|Dragon Ascent|p2a: Marshadow
|-supereffective|p2a: Marshadow
|-damage|p2a: Marshadow|0 fnt
|-unboost|p1a: Rayquaza|def|1
|-unboost|p1a: Rayquaza|spd|1
|faint|p2a: Marshadow
|
|win|Testing Teams 596
|n|☆Testing Teams 596|testingteams596
|n|☆Spirit92!!!|spirit92
|j| New teams testing
|l| New teams testing
|l|☆Spirit92!!!
