|j|☆Justapositiveguy
|j|‽ne_maxsus33
|t:|1651918721
|gametype|singles
|player|p1|Justapositiveguy|argenta|1280
|player|p2|ne_maxsus33|n|1363
|teamsize|p1|6
|teamsize|p2|6
|gen|8
|tier|[Gen 8] National Dex AG
|rated|
|rule|HP Percentage Mod: HP is shown in percentages
|rule|Endless Battle Clause: Forcing endless battles is banned
|clearpoke
|poke|p1|Darmanitan-Galar, M|
|poke|p1|Espeon, F|
|poke|p1|Toxapex, F|
|poke|p1|Blaziken, M|
|poke|p1|Weavile, M|
|poke|p1|Magearna|
|poke|p2|Cottonee, L1, F|
|poke|p2|Taillow, L1, M|
|poke|p2|Whimsicott, L1, F|
|poke|p2|Aron, L1, M|
|poke|p2|Magnemite, L1|
|poke|p2|Pineco, L1, M|
|teampreview
|
|t:|1651918732
|start
|switch|p1a: Toxapex|Toxapex, F|100/100
|switch|p2a: Pineco|Pineco, L1, M|100/100
|turn|1
|
|t:|1651918738
|switch|p1a: Espeon|Espeon, F|100/100
|move|p2a: Pineco|Toxic Spikes|p1a: Espeon
|move|p1a: Espeon|Toxic Spikes|p2a: Pineco|[from]ability: Magic Bounce
|-sidestart|p2: ne_maxsus33|move: Toxic Spikes
|
|upkeep
|turn|2
|
|t:|1651918744
|move|p1a: Espeon|Shadow Ball|p2a: Pineco
|-ability|p2a: Pineco|Sturdy
|-damage|p2a: Pineco|9/100
|-enditem|p2a: Pineco|Berry Juice
|-heal|p2a: Pineco|100/100|[from] item: Berry Juice
|move|p2a: Pineco|Rapid Spin|p1a: Espeon
|-damage|p1a: Espeon|99/100
|-boost|p2a: Pineco|spe|1
|-sideend|p2: ne_maxsus33|Toxic Spikes|[from] move: Rapid Spin|[of] p2a: Pineco
|
|upkeep
|turn|3
|
|t:|1651918758
|switch|p2a: Taillow|Taillow, L1, M|100/100
|move|p1a: Espeon|Shadow Ball|p2a: Taillow
|-immune|p2a: Taillow
|
|upkeep
|turn|4
|
|t:|1651918767
|move|p1a: Espeon|Calm Mind|p1a: Espeon
|-boost|p1a: Espeon|spa|1
|-boost|p1a: Espeon|spd|1
|move|p2a: Taillow|Endeavor|p1a: Espeon
|-damage|p1a: Espeon|5/100
|
|upkeep
|turn|5
|
|t:|1651918778
|switch|p1a: Toxapex|Toxapex, F|100/100
|move|p2a: Taillow|Quick Attack|p1a: Toxapex
|-damage|p1a: Toxapex|99/100
|
|-heal|p1a: Toxapex|100/100|[from] item: Leftovers
|upkeep
|turn|6
|
|t:|1651918786
|switch|p2a: Pineco|Pineco, L1, M|100/100
|move|p1a: Toxapex|Toxic|p2a: Pineco
|-status|p2a: Pineco|tox
|
|-damage|p2a: Pineco|92/100 tox|[from] psn
|upkeep
|turn|7
|
|t:|1651918793
|switch|p1a: Espeon|Espeon, F|5/100
|move|p2a: Pineco|Toxic Spikes|p1a: Espeon
|move|p1a: Espeon|Toxic Spikes|p2a: Pineco|[from]ability: Magic Bounce
|-sidestart|p2: ne_maxsus33|move: Toxic Spikes
|
|-damage|p2a: Pineco|75/100 tox|[from] psn
|upkeep
|turn|8
|
|t:|1651918800
|move|p1a: Espeon|Shadow Ball|p2a: Pineco
|-damage|p2a: Pineco|0 fnt
|faint|p2a: Pineco
|
|upkeep
|
|t:|1651918805
|switch|p2a: Taillow|Taillow, L1, M|100/100
|turn|9
|
|t:|1651918809
|switch|p1a: Toxapex|Toxapex, F|100/100
|move|p2a: Taillow|Quick Attack|p1a: Toxapex
|-damage|p1a: Toxapex|99/100
|
|-heal|p1a: Toxapex|100/100|[from] item: Leftovers
|upkeep
|turn|10
|
|t:|1651918816
|move|p1a: Toxapex|Baneful Bunker|p1a: Toxapex
|-singleturn|p1a: Toxapex|move: Protect
|move|p2a: Taillow|Defog|p1a: Toxapex
|-activate|p1a: Toxapex|move: Protect
|
|upkeep
|turn|11
|
|t:|1651918827
|move|p1a: Toxapex|Toxic|p2a: Taillow
|-status|p2a: Taillow|tox
|move|p2a: Taillow|Defog|p1a: Toxapex
|-unboost|p1a: Toxapex|evasion|1
|-sideend|p2: ne_maxsus33|Toxic Spikes|[from] move: Defog|[of] p2a: Taillow
|
|-damage|p2a: Taillow|92/100 tox|[from] psn
|upkeep
|turn|12
|
|t:|1651918834
|move|p1a: Toxapex|Scald|p2a: Taillow
|-damage|p2a: Taillow|0 fnt
|faint|p2a: Taillow
|
|upkeep
|
|t:|1651918843
|switch|p2a: Whimsicott|Whimsicott, L1, F|100/100
|turn|13
|
|t:|1651918847
|switch|p1a: Weavile|Weavile, M|100/100
|-ability|p1a: Weavile|Pressure
|move|p2a: Whimsicott|Substitute|p2a: Whimsicott
|-start|p2a: Whimsicott|Substitute
|-damage|p2a: Whimsicott|77/100
|
|upkeep
|turn|14
|
|t:|1651918854
|move|p1a: Weavile|Ice Shard|p2a: Whimsicott
|-supereffective|p2a: Whimsicott
|-end|p2a: Whimsicott|Substitute
|-damage|p1a: Weavile|91/100|[from] item: Life Orb
|move|p2a: Whimsicott|Leech Seed|p1a: Weavile
|-hint|Since gen 7, Dark is immune to Prankster moves.
|-immune|p1a: Weavile
|
|upkeep
|turn|15
|
|t:|1651918861
|move|p1a: Weavile|Ice Shard|p2a: Whimsicott
|-supereffective|p2a: Whimsicott
|-crit|p2a: Whimsicott
|-damage|p2a: Whimsicott|0 fnt
|faint|p2a: Whimsicott
|-damage|p1a: Weavile|81/100|[from] item: Life Orb
|
|upkeep
|
|t:|1651918864
|switch|p2a: Aron|Aron, L1, M|100/100
|turn|16
|
|t:|1651918870
|move|p1a: Weavile|Knock Off|p2a: Aron
|-ability|p2a: Aron|Sturdy
|-damage|p2a: Aron|9/100
|-enditem|p2a: Aron|Shell Bell|[from] move: Knock Off|[of] p1a: Weavile
|-damage|p1a: Weavile|71/100|[from] item: Life Orb
|move|p2a: Aron|Sandstorm|p2a: Aron
|-weather|Sandstorm
|
|-weather|Sandstorm|[upkeep]
|-damage|p1a: Weavile|65/100|[from] Sandstorm
|upkeep
|turn|17
|
|t:|1651918880
|move|p1a: Weavile|Knock Off|p2a: Aron
|-damage|p2a: Aron|0 fnt
|faint|p2a: Aron
|-damage|p1a: Weavile|55/100|[from] item: Life Orb
|
|-weather|Sandstorm|[upkeep]
|-damage|p1a: Weavile|49/100|[from] Sandstorm
|upkeep
|
|t:|1651918883
|switch|p2a: Magnemite|Magnemite, L1|100/100
|turn|18
|
|t:|1651918888
|move|p2a: Magnemite|Protect|p2a: Magnemite
|-singleturn|p2a: Magnemite|Protect
|move|p1a: Weavile|Knock Off|p2a: Magnemite
|-activate|p2a: Magnemite|move: Protect
|
|-weather|Sandstorm|[upkeep]
|-damage|p1a: Weavile|42/100|[from] Sandstorm
|upkeep
|turn|19
|
|t:|1651918895
|move|p1a: Weavile|Knock Off|p2a: Magnemite
|-ability|p2a: Magnemite|Sturdy
|-damage|p2a: Magnemite|10/100
|-enditem|p2a: Magnemite|Berry Juice|[from] move: Knock Off|[of] p1a: Weavile
|-damage|p1a: Weavile|33/100|[from] item: Life Orb
|move|p2a: Magnemite|Toxic|p1a: Weavile
|-status|p1a: Weavile|tox
|
|-weather|Sandstorm|[upkeep]
|-damage|p1a: Weavile|26/100 tox|[from] Sandstorm
|-damage|p1a: Weavile|20/100 tox|[from] psn
|upkeep
|turn|20
|
|t:|1651918906
|move|p2a: Magnemite|Protect|p2a: Magnemite
|-singleturn|p2a: Magnemite|Protect
|move|p1a: Weavile|Ice Shard|p2a: Magnemite
|-activate|p2a: Magnemite|move: Protect
|
|-weather|none
|-damage|p1a: Weavile|8/100 tox|[from] psn
|upkeep
|turn|21
|
|t:|1651918932
|move|p1a: Weavile|Ice Shard|p2a: Magnemite
|-resisted|p2a: Magnemite
|-damage|p2a: Magnemite|0 fnt
|faint|p2a: Magnemite
|-damage|p1a: Weavile|0 fnt|[from] item: Life Orb
|faint|p1a: Weavile
|
|upkeep
|
|t:|1651918938
|switch|p1a: Espeon|Espeon, F|5/100
|switch|p2a: Cottonee|Cottonee, L1, F|100/100
|turn|22
|inactive|Battle timer is ON: inactive players will automatically lose when time's up. (requested by Justapositiveguy)
|inactive|ne_maxsus33 has 120 seconds left.
|
|t:|1651919025
|move|p2a: Cottonee|Leech Seed|p1a: Espeon
|move|p1a: Espeon|Leech Seed|p2a: Cottonee|[from]ability: Magic Bounce
|-immune|p2a: Cottonee
|move|p1a: Espeon|Shadow Ball|p2a: Cottonee
|-enditem|p2a: Cottonee|Focus Sash
|-damage|p2a: Cottonee|10/100
|-unboost|p2a: Cottonee|spd|1
|
|upkeep
|turn|23
|
|t:|1651919034
|move|p2a: Cottonee|Protect|p2a: Cottonee
|-singleturn|p2a: Cottonee|Protect
|move|p1a: Espeon|Shadow Ball|p2a: Cottonee
|-activate|p2a: Cottonee|move: Protect
|
|upkeep
|turn|24
|-message|ne_maxsus33 forfeited.
|
|win|Justapositiveguy
|raw|Justapositiveguy's rating: 1280 &rarr; <strong>1311</strong><br />(+31 for winning)
|raw|ne_maxsus33's rating: 1363 &rarr; <strong>1338</strong><br />(-25 for losing)
|l|‽ne_maxsus33
