|j|☆ThePokemonAdviser
|j|☆C0ld as Ice
|inactive|Battle timer is ON: inactive players will automatically lose when time's up.
|t:|1650440980
|gametype|singles
|player|p1|ThePokemonAdviser|li|
|player|p2|C0ld as Ice|schoolkid-gen4dp|
|teamsize|p1|6
|teamsize|p2|6
|gen|8
|tier|[Gen 8] National Dex AG
|rated|Tournament battle
|rule|HP Percentage Mod: HP is shown in percentages
|rule|Endless Battle Clause: Forcing endless battles is banned
|clearpoke
|poke|p1|Calyrex-Shadow|
|poke|p1|Xerneas-*|
|poke|p1|Slurpuff, F|
|poke|p1|Kartana|
|poke|p1|Rayquaza|
|poke|p1|Lycanroc-Midnight, M|
|poke|p2|Calyrex-Shadow|
|poke|p2|Zacian-*|
|poke|p2|Marshadow|
|poke|p2|Xerneas-*|
|poke|p2|Necrozma-Dusk-Mane|
|poke|p2|Yveltal|
|teampreview
|inactive|C0ld as Ice also wants the timer to be on.
|c|☆ThePokemonAdviser|oh nice
|
|t:|1650440998
|start
|switch|p1a: Slurpuff|Slurpuff, F|100/100
|switch|p2a: Xerneas|Xerneas|100/100
|-ability|p2a: Xerneas|Fairy Aura
|turn|1
|
|t:|1650441003
|move|p2a: Xerneas|Geomancy||[still]
|-prepare|p2a: Xerneas|Geomancy
|-enditem|p2a: Xerneas|Power Herb
|-anim|p2a: Xerneas|Geomancy|p2a: Xerneas
|-boost|p2a: Xerneas|spa|2
|-boost|p2a: Xerneas|spd|2
|-boost|p2a: Xerneas|spe|2
|move|p1a: Slurpuff|Yawn|p2a: Xerneas
|-start|p2a: Xerneas|move: Yawn|[of] p1a: Slurpuff
|
|upkeep
|turn|2
|
|t:|1650441009
|-start|p2a: Xerneas|Dynamax|
|-heal|p2a: Xerneas|100/100|[silent]
|move|p2a: Xerneas|Max Starfall|p1a: Slurpuff
|-enditem|p1a: Slurpuff|Focus Sash
|-damage|p1a: Slurpuff|1/100
|-fieldstart|move: Misty Terrain
|move|p1a: Slurpuff|Sticky Web|p2a: Xerneas
|-sidestart|p2: C0ld as Ice|move: Sticky Web
|
|-end|p2a: Xerneas|move: Yawn|[silent]
|-activate|p2a: Xerneas|move: Misty Terrain
|upkeep
|turn|3
|
|t:|1650441019
|move|p2a: Xerneas|Max Knuckle|p1a: Slurpuff
|-resisted|p1a: Slurpuff
|-damage|p1a: Slurpuff|0 fnt
|-boost|p2a: Xerneas|atk|1
|faint|p1a: Slurpuff
|
|upkeep
|
|t:|1650441030
|switch|p1a: Kartana|Kartana|100/100
|turn|4
|inactive|C0ld as Ice has 120 seconds left.
|inactive|C0ld as Ice has 90 seconds left.
|
|t:|1650441107
|-start|p1a: Kartana|Dynamax|
|-heal|p1a: Kartana|100/100|[silent]
|move|p2a: Xerneas|Max Starfall|p1a: Kartana
|-resisted|p1a: Kartana
|-enditem|p1a: Kartana|Focus Sash
|-damage|p1a: Kartana|1/100
|move|p1a: Kartana|Max Steelspike|p2a: Xerneas
|-supereffective|p2a: Xerneas
|-damage|p2a: Xerneas|18/100
|-boost|p1a: Kartana|def|1
|
|-end|p2a: Xerneas|Dynamax
|-heal|p2a: Xerneas|18/100|[silent]
|upkeep
|turn|5
|
|t:|1650441123
|move|p2a: Xerneas|Draining Kiss|p1a: Kartana
|-resisted|p1a: Kartana
|-damage|p1a: Kartana|0 fnt
|-heal|p2a: Xerneas|18/100|[from] drain|[of] p1a: Kartana
|faint|p1a: Kartana
|
|upkeep
|
|t:|1650441127
|switch|p1a: Lycanroc|Lycanroc-Midnight, M|100/100
|turn|6
|
|t:|1650441132
|move|p2a: Xerneas|Draining Kiss|p1a: Lycanroc
|-damage|p1a: Lycanroc|0 fnt
|-heal|p2a: Xerneas|78/100|[from] drain|[of] p1a: Lycanroc
|faint|p1a: Lycanroc
|
|-fieldend|Misty Terrain
|upkeep
|
|t:|1650441136
|switch|p1a: Rayquaza|Rayquaza|100/100
|-ability|p1a: Rayquaza|Air Lock
|turn|7
|
|t:|1650441146
|detailschange|p1a: Rayquaza|Rayquaza-Mega
|-mega|p1a: Rayquaza|Rayquaza|
|-weather|DeltaStream|[from] ability: Delta Stream|[of] p1a: Rayquaza
|move|p2a: Xerneas|Draining Kiss|p1a: Rayquaza
|-supereffective|p1a: Rayquaza
|-enditem|p1a: Rayquaza|Focus Sash
|-damage|p1a: Rayquaza|1/100
|-heal|p2a: Xerneas|100/100|[from] drain|[of] p1a: Rayquaza
|move|p1a: Rayquaza|Dragon Ascent|p2a: Xerneas
|-damage|p2a: Xerneas|25/100
|-unboost|p1a: Rayquaza|def|1
|-unboost|p1a: Rayquaza|spd|1
|
|-weather|DeltaStream|[upkeep]
|upkeep
|turn|8
|inactive|C0ld as Ice has 120 seconds left.
|j| Splaska ka
|j| RosaFlora❤
|inactive|C0ld as Ice has 90 seconds left.
|
|t:|1650441186
|move|p1a: Rayquaza|Extreme Speed|p2a: Xerneas
|-damage|p2a: Xerneas|0 fnt
|faint|p2a: Xerneas
|
|-weather|DeltaStream|[upkeep]
|upkeep
|inactive|C0ld as Ice has 90 seconds left.
|
|t:|1650441198
|switch|p2a: Marshadow|Marshadow|100/100
|-activate|p2a: Marshadow|move: Sticky Web
|-unboost|p2a: Marshadow|spe|1
|turn|9
|l| RosaFlora❤
|inactive|ThePokemonAdviser has 120 seconds left.
|
|t:|1650441233
|move|p2a: Marshadow|Shadow Sneak|p1a: Rayquaza
|-damage|p1a: Rayquaza|0 fnt
|faint|p1a: Rayquaza
|-weather|none
|-damage|p2a: Marshadow|91/100|[from] item: Life Orb
|
|upkeep
|
|t:|1650441237
|switch|p1a: Xerneas|Xerneas, shiny|100/100
|-ability|p1a: Xerneas|Fairy Aura
|turn|10
|
|t:|1650441240
|move|p2a: Marshadow|Bulk Up|p2a: Marshadow
|-boost|p2a: Marshadow|atk|1
|-boost|p2a: Marshadow|def|1
|move|p1a: Xerneas|Geomancy||[still]
|-prepare|p1a: Xerneas|Geomancy
|-enditem|p1a: Xerneas|Power Herb
|-anim|p1a: Xerneas|Geomancy|p1a: Xerneas
|-boost|p1a: Xerneas|spa|2
|-boost|p1a: Xerneas|spd|2
|-boost|p1a: Xerneas|spe|2
|
|upkeep
|turn|11
|
|t:|1650441243
|move|p2a: Marshadow|Shadow Sneak|p1a: Xerneas
|-damage|p1a: Xerneas|56/100
|-damage|p2a: Marshadow|81/100|[from] item: Life Orb
|move|p1a: Xerneas|Moonblast|p2a: Marshadow
|-supereffective|p2a: Marshadow
|-damage|p2a: Marshadow|0 fnt
|faint|p2a: Marshadow
|
|upkeep
|j| SmolBabies
|
|t:|1650441246
|switch|p2a: Necrozma|Necrozma-Dusk-Mane|100/100
|-activate|p2a: Necrozma|move: Sticky Web
|-unboost|p2a: Necrozma|spe|1
|turn|12
|
|t:|1650441250
|move|p1a: Xerneas|Thunderbolt|p2a: Necrozma
|-damage|p2a: Necrozma|45/100
|move|p2a: Necrozma|Trick Room|p2a: Necrozma
|-fieldstart|move: Trick Room|[of] p2a: Necrozma
|
|upkeep
|turn|13
|
|t:|1650441256
|move|p2a: Necrozma|Flash Cannon|p1a: Xerneas
|-supereffective|p1a: Xerneas
|-damage|p1a: Xerneas|31/100
|move|p1a: Xerneas|Thunderbolt|p2a: Necrozma
|-damage|p2a: Necrozma|0 fnt
|faint|p2a: Necrozma
|
|upkeep
|c| SmolBabies|wow this is very 1 sided
|
|t:|1650441260
|switch|p2a: Zacian|Zacian|100/100
|-activate|p2a: Zacian|move: Sticky Web
|-unboost|p2a: Zacian|spe|1
|-ability|p2a: Zacian|Intrepid Sword|boost
|-boost|p2a: Zacian|atk|1
|turn|14
|
|t:|1650441267
|-zpower|p2a: Zacian
|move|p2a: Zacian|Tectonic Rage|p1a: Xerneas|[zeffect]
|-damage|p1a: Xerneas|0 fnt
|faint|p1a: Xerneas
|
|upkeep
|j| howtobemorian?
|
|t:|1650441272
|switch|p1a: Calyrex|Calyrex-Shadow|100/100
|-ability|p1a: Calyrex|As One
|-ability|p1a: Calyrex|Unnerve
|turn|15
|
|t:|1650441275
|move|p2a: Zacian|Wild Charge|p1a: Calyrex
|-damage|p1a: Calyrex|45/100
|-damage|p2a: Zacian|86/100|[from] Recoil
|move|p1a: Calyrex|Astral Barrage|p2a: Zacian
|-damage|p2a: Zacian|20/100
|
|upkeep
|turn|16
|c| SmolBabies|wp c0ld
|
|t:|1650441279
|move|p2a: Zacian|Wild Charge|p1a: Calyrex
|-damage|p1a: Calyrex|0 fnt
|faint|p1a: Calyrex
|-damage|p2a: Zacian|8/100|[from] Recoil
|
|win|C0ld as Ice
|n|☆ThePokemonAdviser|thepokemonadviser
|n|☆C0ld as Ice|c0ldasice
|n| Splaska ka|splaskaka
|n| SmolBabies|smolbabies
|n| howtobemorian?|howtobemorian
