|j|☆Pkmn3443
|j|☆Crystraco
|t:|1618949435
|gametype|singles
|player|p1|Pkmn3443|265|1800
|player|p2|Crystraco|170|1794
|teamsize|p1|6
|teamsize|p2|6
|gen|8
|tier|[Gen 8] National Dex AG
|rated|
|clearpoke
|poke|p1|Zacian-Crowned|
|poke|p1|Necrozma-Dusk-Mane|
|poke|p1|Ditto|
|poke|p1|Ho-Oh|
|poke|p1|Rayquaza|
|poke|p1|Yveltal|
|poke|p2|Kyogre|
|poke|p2|Excadrill, F|
|poke|p2|Arceus-*|
|poke|p2|Ditto|
|poke|p2|Salamence, M|
|poke|p2|Xerneas|
|rule|HP Percentage Mod: HP is shown in percentages
|rule|Endless Battle Clause: Forcing endless battles is banned
|teampreview
|
|t:|1618949450
|start
|switch|p1a: Zacian|Zacian-Crowned|100/100
|switch|p2a: Excadrill|Excadrill, F|100/100
|-ability|p1a: Zacian|Intrepid Sword|boost
|-boost|p1a: Zacian|atk|1
|-ability|p2a: Excadrill|Mold Breaker
|turn|1
|
|t:|1618949453
|move|p1a: Zacian|Behemoth Blade|p2a: Excadrill
|-resisted|p2a: Excadrill
|-damage|p2a: Excadrill|29/100
|move|p2a: Excadrill|Stealth Rock|p1a: Zacian
|-sidestart|p1: Pkmn3443|move: Stealth Rock
|
|upkeep
|turn|2
|
|t:|1618949460
|move|p1a: Zacian|Behemoth Blade|p2a: Excadrill
|-resisted|p2a: Excadrill
|-damage|p2a: Excadrill|0 fnt
|faint|p2a: Excadrill
|
|upkeep
|
|t:|1618949463
|switch|p2a: Ditto|Ditto|100/100
|-transform|p2a: Ditto|p1a: Zacian|[from] ability: Imposter
|-ability|p2a: Ditto|Intrepid Sword|boost
|-boost|p2a: Ditto|atk|1
|turn|3
|
|t:|1618949472
|switch|p1a: Ho-Oh|Ho-Oh|100/100
|move|p2a: Ditto|Behemoth Blade|p1a: Ho-Oh
|-resisted|p1a: Ho-Oh
|-damage|p1a: Ho-Oh|49/100
|
|upkeep
|turn|4
|
|t:|1618949479
|switch|p1a: Necrozma|Necrozma-Dusk-Mane|100/100
|-damage|p1a: Necrozma|94/100|[from] Stealth Rock
|move|p2a: Ditto|Behemoth Blade|p1a: Necrozma
|-resisted|p1a: Necrozma
|-damage|p1a: Necrozma|56/100
|-damage|p2a: Ditto|84/100|[from] item: Rocky Helmet|[of] p1a: Necrozma
|
|upkeep
|turn|5
|
|t:|1618949484
|switch|p2a: Kyogre|Kyogre|100/100
|detailschange|p2a: Kyogre|Kyogre-Primal
|-primal|p2a: Kyogre
|-weather|PrimordialSea|[from] ability: Primordial Sea|[of] p2a: Kyogre
|move|p1a: Necrozma|Morning Sun|p1a: Necrozma
|-heal|p1a: Necrozma|81/100
|
|-weather|PrimordialSea|[upkeep]
|upkeep
|turn|6
|
|t:|1618949492
|switch|p1a: Ditto|Ditto|100/100
|-damage|p1a: Ditto|88/100|[from] Stealth Rock
|-transform|p1a: Ditto|p2a: Kyogre|[from] ability: Imposter
|move|p2a: Kyogre|Origin Pulse|p1a: Ditto
|-resisted|p1a: Ditto
|-damage|p1a: Ditto|45/100
|
|-weather|PrimordialSea|[upkeep]
|upkeep
|turn|7
|
|t:|1618949498
|switch|p1a: Rayquaza|Rayquaza|100/100
|-damage|p1a: Rayquaza|76/100|[from] Stealth Rock
|-ability|p1a: Rayquaza|Air Lock
|move|p2a: Kyogre|Origin Pulse|p1a: Rayquaza|[miss]
|-miss|p2a: Kyogre|p1a: Rayquaza
|
|-weather|PrimordialSea|[upkeep]
|upkeep
|turn|8
|
|t:|1618949509
|-weather|none
|switch|p2a: Arceus|Arceus|100/100
|detailschange|p1a: Rayquaza|Rayquaza-Mega
|-mega|p1a: Rayquaza|Rayquaza|
|-weather|DeltaStream|[from] ability: Delta Stream|[of] p1a: Rayquaza
|move|p1a: Rayquaza|Dragon Ascent|p2a: Arceus
|-damage|p2a: Arceus|25/100
|-unboost|p1a: Rayquaza|def|1
|-unboost|p1a: Rayquaza|spd|1
|-damage|p1a: Rayquaza|66/100|[from] item: Life Orb
|
|-weather|DeltaStream|[upkeep]
|upkeep
|turn|9
|
|t:|1618949521
|-weather|none
|switch|p1a: Zacian|Zacian-Crowned|100/100
|-damage|p1a: Zacian|94/100|[from] Stealth Rock
|-ability|p1a: Zacian|Intrepid Sword|boost
|-boost|p1a: Zacian|atk|1
|move|p2a: Arceus|Extreme Speed|p1a: Zacian
|-resisted|p1a: Zacian
|-damage|p1a: Zacian|69/100
|
|upkeep
|turn|10
|
|t:|1618949527
|move|p1a: Zacian|Behemoth Blade|p2a: Arceus
|-damage|p2a: Arceus|0 fnt
|faint|p2a: Arceus
|
|upkeep
|
|t:|1618949529
|switch|p2a: Ditto|Ditto|84/100
|-transform|p2a: Ditto|p1a: Zacian|[from] ability: Imposter
|-ability|p2a: Ditto|Intrepid Sword|boost
|-boost|p2a: Ditto|atk|1
|turn|11
|
|t:|1618949544
|switch|p1a: Ho-Oh|Ho-Oh|82/100
|move|p2a: Ditto|Behemoth Blade|p1a: Ho-Oh
|-resisted|p1a: Ho-Oh
|-damage|p1a: Ho-Oh|30/100
|
|upkeep
|turn|12
|
|t:|1618949547
|switch|p1a: Necrozma|Necrozma-Dusk-Mane|81/100
|-damage|p1a: Necrozma|75/100|[from] Stealth Rock
|move|p2a: Ditto|Behemoth Blade|p1a: Necrozma
|-resisted|p1a: Necrozma
|-damage|p1a: Necrozma|35/100
|-damage|p2a: Ditto|68/100|[from] item: Rocky Helmet|[of] p1a: Necrozma
|
|upkeep
|turn|13
|
|t:|1618949562
|switch|p1a: Ditto|Ditto|45/100
|-damage|p1a: Ditto|33/100|[from] Stealth Rock
|move|p2a: Ditto|Behemoth Blade|p1a: Ditto
|-damage|p1a: Ditto|0 fnt
|faint|p1a: Ditto
|
|upkeep
|
|t:|1618949566
|switch|p1a: Ho-Oh|Ho-Oh|63/100
|turn|14
|
|t:|1618949574
|switch|p2a: Kyogre|Kyogre-Primal|100/100
|-weather|PrimordialSea|[from] ability: Primordial Sea|[of] p2a: Kyogre
|move|p1a: Ho-Oh|Defog|p2a: Kyogre
|-unboost|p2a: Kyogre|evasion|1
|-sideend|p1: Pkmn3443|Stealth Rock|[from] move: Defog|[of] p1a: Ho-Oh
|
|-weather|PrimordialSea|[upkeep]
|upkeep
|turn|15
|
|t:|1618949584
|switch|p1a: Necrozma|Necrozma-Dusk-Mane|35/100
|move|p2a: Kyogre|Origin Pulse|p1a: Necrozma
|-damage|p1a: Necrozma|0 fnt
|faint|p1a: Necrozma
|
|-weather|PrimordialSea|[upkeep]
|upkeep
|
|t:|1618949587
|switch|p1a: Rayquaza|Rayquaza-Mega|66/100
|-weather|DeltaStream|[from] ability: Delta Stream|[of] p1a: Rayquaza
|turn|16
|
|t:|1618949593
|move|p1a: Rayquaza|Dragon Ascent|p2a: Kyogre
|-damage|p2a: Kyogre|0 fnt
|-unboost|p1a: Rayquaza|def|1
|-unboost|p1a: Rayquaza|spd|1
|-damage|p1a: Rayquaza|56/100|[from] item: Life Orb
|faint|p2a: Kyogre
|
|-weather|DeltaStream|[upkeep]
|upkeep
|
|t:|1618949595
|switch|p2a: Xerneas|Xerneas|100/100
|-ability|p2a: Xerneas|Fairy Aura
|turn|17
|
|t:|1618949607
|-weather|none
|switch|p1a: Ho-Oh|Ho-Oh|96/100
|move|p2a: Xerneas|Moonblast|p1a: Ho-Oh
|-resisted|p1a: Ho-Oh
|-damage|p1a: Ho-Oh|81/100
|-unboost|p1a: Ho-Oh|spa|1
|
|upkeep
|turn|18
|
|t:|1618949617
|switch|p2a: Salamence|Salamence, M|100/100
|-ability|p2a: Salamence|Intimidate|boost
|-unboost|p1a: Ho-Oh|atk|1
|move|p1a: Ho-Oh|Whirlwind|p2a: Salamence
|drag|p2a: Xerneas|Xerneas|100/100
|-ability|p2a: Xerneas|Fairy Aura
|
|upkeep
|turn|19
|
|t:|1618949621
|move|p2a: Xerneas|Toxic|p1a: Ho-Oh
|-status|p1a: Ho-Oh|tox
|move|p1a: Ho-Oh|Toxic|p2a: Xerneas
|-status|p2a: Xerneas|tox
|
|-damage|p2a: Xerneas|94/100 tox|[from] psn
|-damage|p1a: Ho-Oh|74/100 tox|[from] psn
|upkeep
|turn|20
|
|t:|1618949629
|-start|p2a: Xerneas|Dynamax
|-heal|p2a: Xerneas|94/100 tox|[silent]
|move|p2a: Xerneas|Max Lightning|p1a: Ho-Oh
|-supereffective|p1a: Ho-Oh
|-damage|p1a: Ho-Oh|29/100 tox
|-fieldstart|move: Electric Terrain
|move|p1a: Ho-Oh|Whirlwind|p2a: Xerneas
|-block|p2a: Xerneas|Dynamax
|
|-damage|p2a: Xerneas|88/100 tox|[from] psn
|-damage|p1a: Ho-Oh|16/100 tox|[from] psn
|upkeep
|turn|21
|
|t:|1618949634
|switch|p1a: Zacian|Zacian-Crowned|69/100
|-ability|p1a: Zacian|Intrepid Sword|boost
|-boost|p1a: Zacian|atk|1
|move|p2a: Xerneas|Max Starfall|p1a: Zacian
|-resisted|p1a: Zacian
|-damage|p1a: Zacian|31/100
|-fieldstart|move: Misty Terrain
|
|-damage|p2a: Xerneas|79/100 tox|[from] psn
|upkeep
|turn|22
|
|t:|1618949646
|move|p1a: Zacian|Behemoth Blade|p2a: Xerneas
|-supereffective|p2a: Xerneas
|-damage|p2a: Xerneas|0 fnt
|faint|p2a: Xerneas
|
|upkeep
|
|t:|1618949649
|switch|p2a: Ditto|Ditto|68/100
|-transform|p2a: Ditto|p1a: Zacian|[from] ability: Imposter
|-ability|p2a: Ditto|Intrepid Sword|boost
|-boost|p2a: Ditto|atk|1
|turn|23
|
|t:|1618949657
|move|p2a: Ditto|Behemoth Blade|p1a: Zacian
|-damage|p1a: Zacian|0 fnt
|faint|p1a: Zacian
|
|upkeep
|
|t:|1618949663
|switch|p1a: Ho-Oh|Ho-Oh|50/100 tox
|turn|24
|
|t:|1618949670
|switch|p1a: Rayquaza|Rayquaza-Mega|56/100
|-weather|DeltaStream|[from] ability: Delta Stream|[of] p1a: Rayquaza
|move|p2a: Ditto|Behemoth Blade|p1a: Rayquaza
|-damage|p1a: Rayquaza|0 fnt
|faint|p1a: Rayquaza
|-weather|none
|
|upkeep
|
|t:|1618949673
|switch|p1a: Ho-Oh|Ho-Oh|83/100 tox
|turn|25
|
|t:|1618949677
|move|p2a: Ditto|Behemoth Blade|p1a: Ho-Oh
|-resisted|p1a: Ho-Oh
|-damage|p1a: Ho-Oh|35/100 tox
|move|p1a: Ho-Oh|Sacred Fire|p2a: Ditto
|-supereffective|p2a: Ditto
|-damage|p2a: Ditto|0 fnt
|faint|p2a: Ditto
|
|-damage|p1a: Ho-Oh|29/100 tox|[from] psn
|-fieldend|Misty Terrain
|upkeep
|
|t:|1618949683
|switch|p2a: Salamence|Salamence, M|100/100
|-ability|p2a: Salamence|Intimidate|boost
|-unboost|p1a: Ho-Oh|atk|1
|turn|26
|
|t:|1618949686
|detailschange|p2a: Salamence|Salamence-Mega, M
|-mega|p2a: Salamence|Salamence|Salamencite
|move|p2a: Salamence|Dragon Dance|p2a: Salamence
|-boost|p2a: Salamence|atk|1
|-boost|p2a: Salamence|spe|1
|move|p1a: Ho-Oh|Sacred Fire|p2a: Salamence
|-resisted|p2a: Salamence
|-damage|p2a: Salamence|88/100
|-status|p2a: Salamence|brn
|
|-damage|p2a: Salamence|82/100 brn|[from] brn
|-damage|p1a: Ho-Oh|17/100 tox|[from] psn
|upkeep
|turn|27
|
|t:|1618949694
|move|p2a: Salamence|Dragon Dance|p2a: Salamence
|-boost|p2a: Salamence|atk|1
|-boost|p2a: Salamence|spe|1
|move|p1a: Ho-Oh|Sacred Fire|p2a: Salamence
|-resisted|p2a: Salamence
|-damage|p2a: Salamence|71/100 brn
|
|-damage|p2a: Salamence|65/100 brn|[from] brn
|-damage|p1a: Ho-Oh|0 fnt|[from] psn
|faint|p1a: Ho-Oh
|upkeep
|
|t:|1618949697
|switch|p1a: Yveltal|Yveltal|100/100
|-ability|p1a: Yveltal|Dark Aura
|turn|28
|
|t:|1618949701
|-start|p1a: Yveltal|Dynamax
|-heal|p1a: Yveltal|100/100|[silent]
|move|p2a: Salamence|Frustration|p1a: Yveltal
|-damage|p1a: Yveltal|65/100
|move|p1a: Yveltal|Max Airstream|p2a: Salamence
|-crit|p2a: Salamence
|-damage|p2a: Salamence|0 fnt
|-boost|p1a: Yveltal|spe|1
|-damage|p1a: Yveltal|60/100|[from] item: Life Orb
|faint|p2a: Salamence
|
|win|Pkmn3443
|raw|Pkmn3443's rating: 1800 &rarr; <strong>1820</strong><br />(+20 for winning)
|raw|Crystraco's rating: 1794 &rarr; <strong>1774</strong><br />(-20 for losing)
