|j|☆Nosymegahugo
|j|☆OnTheGrindTo1
|t:|1660226041
|gametype|singles
|player|p1|Nosymegahugo|101|1427
|player|p2|OnTheGrindTo1|unknown|1550
|teamsize|p1|6
|teamsize|p2|6
|gen|8
|tier|[Gen 8] National Dex AG
|rated|
|rule|HP Percentage Mod: HP is shown in percentages
|rule|Endless Battle Clause: Forcing endless battles is banned
|clearpoke
|poke|p1|Excadrill, M|
|poke|p1|Gigalith, F|
|poke|p1|Seismitoad, F|
|poke|p1|Chandelure, M|
|poke|p1|Mandibuzz, F|
|poke|p1|Ferrothorn, M|
|poke|p2|Banette, F|
|poke|p2|Krookodile, F|
|poke|p2|Dragapult, M|
|poke|p2|Excadrill, M|
|poke|p2|Blastoise, F|
|poke|p2|Kyogre|
|teampreview
|inactive|Battle timer is ON: inactive players will automatically lose when time's up. (requested by Nosymegahugo)
|
|t:|1660226054
|start
|switch|p1a: Gigalith|Gigalith, F|100/100
|switch|p2a: Excadrill|Excadrill, M|100/100
|-ability|p2a: Excadrill|Mold Breaker
|-weather|Sandstorm|[from] ability: Sand Stream|[of] p1a: Gigalith
|turn|1
|
|t:|1660226059
|switch|p1a: Mandibuzz|Mandibuzz, F|100/100
|move|p2a: Excadrill|Stealth Rock|p1a: Mandibuzz
|-sidestart|p1: Nosymegahugo|move: Stealth Rock
|
|-weather|Sandstorm|[upkeep]
|upkeep
|turn|2
|
|t:|1660226067
|move|p2a: Excadrill|Iron Head|p1a: Mandibuzz
|-damage|p1a: Mandibuzz|76/100
|move|p1a: Mandibuzz|Foul Play|p2a: Excadrill
|-damage|p2a: Excadrill|24/100
|
|-weather|Sandstorm|[upkeep]
|upkeep
|turn|3
|
|t:|1660226074
|move|p2a: Excadrill|Iron Head|p1a: Mandibuzz
|-damage|p1a: Mandibuzz|51/100
|cant|p1a: Mandibuzz|flinch
|
|-weather|Sandstorm|[upkeep]
|upkeep
|turn|4
|
|t:|1660226078
|move|p2a: Excadrill|Iron Head|p1a: Mandibuzz
|-damage|p1a: Mandibuzz|27/100
|move|p1a: Mandibuzz|Roost|p1a: Mandibuzz
|-heal|p1a: Mandibuzz|77/100
|-singleturn|p1a: Mandibuzz|move: Roost
|
|-weather|Sandstorm|[upkeep]
|upkeep
|turn|5
|
|t:|1660226084
|move|p2a: Excadrill|Iron Head|p1a: Mandibuzz
|-damage|p1a: Mandibuzz|53/100
|move|p1a: Mandibuzz|Roost|p1a: Mandibuzz
|-heal|p1a: Mandibuzz|100/100
|-singleturn|p1a: Mandibuzz|move: Roost
|
|-weather|Sandstorm|[upkeep]
|upkeep
|turn|6
|
|t:|1660226087
|move|p2a: Excadrill|Iron Head|p1a: Mandibuzz
|-damage|p1a: Mandibuzz|77/100
|cant|p1a: Mandibuzz|flinch
|
|-weather|Sandstorm|[upkeep]
|upkeep
|turn|7
|
|t:|1660226091
|move|p2a: Excadrill|Iron Head|p1a: Mandibuzz
|-damage|p1a: Mandibuzz|52/100
|move|p1a: Mandibuzz|Roost|p1a: Mandibuzz
|-heal|p1a: Mandibuzz|100/100
|-singleturn|p1a: Mandibuzz|move: Roost
|
|-weather|Sandstorm|[upkeep]
|upkeep
|turn|8
|
|t:|1660226096
|move|p2a: Excadrill|Rapid Spin|p1a: Mandibuzz
|-damage|p1a: Mandibuzz|91/100
|-boost|p2a: Excadrill|spe|1
|move|p1a: Mandibuzz|Foul Play|p2a: Excadrill
|-damage|p2a: Excadrill|0 fnt
|faint|p2a: Excadrill
|
|-weather|none
|upkeep
|
|t:|1660226104
|switch|p2a: Kyogre|Kyogre|100/100
|-weather|RainDance|[from] ability: Drizzle|[of] p2a: Kyogre
|turn|9
|
|t:|1660226107
|switch|p1a: Seismitoad|Seismitoad, F|100/100
|-damage|p1a: Seismitoad|94/100|[from] Stealth Rock
|move|p2a: Kyogre|Water Spout|p1a: Seismitoad
|-heal|p1a: Seismitoad|100/100|[from] ability: Water Absorb|[of] p2a: Kyogre
|
|-weather|RainDance|[upkeep]
|upkeep
|turn|10
|
|t:|1660226115
|switch|p2a: Blastoise|Blastoise, F|100/100
|move|p1a: Seismitoad|Stealth Rock|p2a: Blastoise
|-sidestart|p2: OnTheGrindTo1|move: Stealth Rock
|
|-weather|RainDance|[upkeep]
|upkeep
|turn|11
|
|t:|1660226120
|move|p2a: Blastoise|Shell Smash|p2a: Blastoise
|-unboost|p2a: Blastoise|def|1
|-unboost|p2a: Blastoise|spd|1
|-boost|p2a: Blastoise|atk|2
|-boost|p2a: Blastoise|spa|2
|-boost|p2a: Blastoise|spe|2
|-enditem|p2a: Blastoise|White Herb
|-clearnegativeboost|p2a: Blastoise|[silent]
|move|p1a: Seismitoad|Knock Off|p2a: Blastoise
|-damage|p2a: Blastoise|78/100
|
|-weather|RainDance|[upkeep]
|-heal|p2a: Blastoise|84/100|[from] ability: Rain Dish
|upkeep
|turn|12
|
|t:|1660226130
|-start|p2a: Blastoise|Dynamax|Gmax
|-heal|p2a: Blastoise|84/100|[silent]
|move|p2a: Blastoise|Max Hailstorm|p1a: Seismitoad
|-damage|p1a: Seismitoad|19/100
|-weather|Hail
|move|p1a: Seismitoad|Earthquake|p2a: Blastoise
|-damage|p2a: Blastoise|56/100
|
|-weather|Hail|[upkeep]
|-damage|p2a: Blastoise|53/100|[from] Hail
|-damage|p1a: Seismitoad|13/100|[from] Hail
|-heal|p1a: Seismitoad|19/100|[from] item: Leftovers
|upkeep
|turn|13
|
|t:|1660226136
|move|p2a: Blastoise|Max Hailstorm|p1a: Seismitoad
|-damage|p1a: Seismitoad|0 fnt
|faint|p1a: Seismitoad
|
|-weather|Hail|[upkeep]
|-damage|p2a: Blastoise|50/100|[from] Hail
|upkeep
|
|t:|1660226142
|switch|p1a: Ferrothorn|Ferrothorn, M|100/100
|-damage|p1a: Ferrothorn|94/100|[from] Stealth Rock
|turn|14
|
|t:|1660226144
|switch|p1a: Chandelure|Chandelure, M|100/100
|-damage|p1a: Chandelure|76/100|[from] Stealth Rock
|move|p2a: Blastoise|Max Hailstorm|p1a: Chandelure
|-resisted|p1a: Chandelure
|-damage|p1a: Chandelure|19/100
|
|-weather|Hail|[upkeep]
|-damage|p2a: Blastoise|47/100|[from] Hail
|-damage|p1a: Chandelure|13/100|[from] Hail
|upkeep
|-end|p2a: Blastoise|Dynamax
|-heal|p2a: Blastoise|47/100|[silent]
|turn|15
|
|t:|1660226152
|switch|p1a: Gigalith|Gigalith, F|100/100
|-damage|p1a: Gigalith|88/100|[from] Stealth Rock
|-weather|Sandstorm|[from] ability: Sand Stream|[of] p1a: Gigalith
|move|p2a: Blastoise|Dark Pulse|p1a: Gigalith
|-damage|p1a: Gigalith|55/100
|
|-weather|Sandstorm|[upkeep]
|-damage|p2a: Blastoise|41/100|[from] Sandstorm
|upkeep
|turn|16
|
|t:|1660226158
|move|p2a: Blastoise|Hydro Pump|p1a: Gigalith
|-supereffective|p1a: Gigalith
|-damage|p1a: Gigalith|0 fnt
|faint|p1a: Gigalith
|
|-weather|Sandstorm|[upkeep]
|-damage|p2a: Blastoise|35/100|[from] Sandstorm
|upkeep
|
|t:|1660226160
|switch|p1a: Excadrill|Excadrill, M|100/100
|-damage|p1a: Excadrill|97/100|[from] Stealth Rock
|turn|17
|
|t:|1660226163
|move|p1a: Excadrill|Earthquake|p2a: Blastoise
|-damage|p2a: Blastoise|0 fnt
|faint|p2a: Blastoise
|
|-weather|Sandstorm|[upkeep]
|upkeep
|
|t:|1660226172
|switch|p2a: Kyogre|Kyogre|100/100
|-damage|p2a: Kyogre|88/100|[from] Stealth Rock
|-weather|RainDance|[from] ability: Drizzle|[of] p2a: Kyogre
|turn|18
|
|t:|1660226177
|switch|p1a: Ferrothorn|Ferrothorn, M|94/100
|-damage|p1a: Ferrothorn|88/100|[from] Stealth Rock
|move|p2a: Kyogre|Water Spout|p1a: Ferrothorn
|-resisted|p1a: Ferrothorn
|-damage|p1a: Ferrothorn|55/100
|
|-weather|RainDance|[upkeep]
|-heal|p1a: Ferrothorn|61/100|[from] item: Leftovers
|upkeep
|turn|19
|
|t:|1660226184
|switch|p2a: Banette|Banette, F|100/100
|-damage|p2a: Banette|88/100|[from] Stealth Rock
|-item|p1a: Ferrothorn|Leftovers|[from] ability: Frisk|[of] p2a: Banette|[identify]
|move|p1a: Ferrothorn|Leech Seed|p2a: Banette
|-start|p2a: Banette|move: Leech Seed
|
|-weather|RainDance|[upkeep]
|-heal|p1a: Ferrothorn|68/100|[from] item: Leftovers
|-damage|p2a: Banette|76/100|[from] Leech Seed|[of] p1a: Ferrothorn
|-heal|p1a: Ferrothorn|79/100|[silent]
|upkeep
|turn|20
|
|t:|1660226187
|detailschange|p2a: Banette|Banette-Mega, F
|-mega|p2a: Banette|Banette|Banettite
|move|p1a: Ferrothorn|Protect|p1a: Ferrothorn
|-singleturn|p1a: Ferrothorn|Protect
|move|p2a: Banette|Taunt|p1a: Ferrothorn
|-activate|p1a: Ferrothorn|move: Protect
|
|-weather|RainDance|[upkeep]
|-heal|p1a: Ferrothorn|85/100|[from] item: Leftovers
|-damage|p2a: Banette|63/100|[from] Leech Seed|[of] p1a: Ferrothorn
|-heal|p1a: Ferrothorn|97/100|[silent]
|upkeep
|turn|21
|
|t:|1660226195
|switch|p1a: Mandibuzz|Mandibuzz, F|91/100
|move|p2a: Banette|Taunt|p1a: Mandibuzz
|-hint|Since gen 7, Dark is immune to Prankster moves.
|-immune|p1a: Mandibuzz
|
|-weather|RainDance|[upkeep]
|-damage|p2a: Banette|51/100|[from] Leech Seed|[of] p1a: Mandibuzz
|-heal|p1a: Mandibuzz|100/100|[silent]
|upkeep
|turn|22
|
|t:|1660226212
|switch|p2a: Krookodile|Krookodile, F|100/100
|-damage|p2a: Krookodile|94/100|[from] Stealth Rock
|move|p1a: Mandibuzz|Defog|p2a: Krookodile
|-unboost|p2a: Krookodile|evasion|1
|-sideend|p2: OnTheGrindTo1|Stealth Rock|[from] move: Defog|[of] p1a: Mandibuzz
|-sideend|p1: Nosymegahugo|Stealth Rock|[from] move: Defog|[of] p1a: Mandibuzz
|
|-weather|none
|upkeep
|turn|23
|
|t:|1660226221
|move|p2a: Krookodile|Scale Shot|p1a: Mandibuzz
|-damage|p1a: Mandibuzz|96/100
|-damage|p1a: Mandibuzz|92/100
|-damage|p1a: Mandibuzz|87/100
|-damage|p1a: Mandibuzz|82/100
|-damage|p1a: Mandibuzz|78/100
|-hitcount|p1a: Mandibuzz|5
|-unboost|p2a: Krookodile|def|1
|-boost|p2a: Krookodile|spe|1
|move|p1a: Mandibuzz|Foul Play|p2a: Krookodile
|-resisted|p2a: Krookodile
|-damage|p2a: Krookodile|53/100
|
|upkeep
|turn|24
|
|t:|1660226226
|move|p2a: Krookodile|Stone Edge|p1a: Mandibuzz
|-supereffective|p1a: Mandibuzz
|-damage|p1a: Mandibuzz|41/100
|move|p1a: Mandibuzz|Roost|p1a: Mandibuzz
|-heal|p1a: Mandibuzz|91/100
|-singleturn|p1a: Mandibuzz|move: Roost
|
|upkeep
|turn|25
|
|t:|1660226230
|switch|p1a: Ferrothorn|Ferrothorn, M|97/100
|move|p2a: Krookodile|Knock Off|p1a: Ferrothorn
|-damage|p1a: Ferrothorn|62/100
|-damage|p2a: Krookodile|41/100|[from] ability: Iron Barbs|[of] p1a: Ferrothorn
|-enditem|p1a: Ferrothorn|Leftovers|[from] move: Knock Off|[of] p2a: Krookodile
|
|upkeep
|turn|26
|
|t:|1660226235
|move|p2a: Krookodile|Earthquake|p1a: Ferrothorn
|-damage|p1a: Ferrothorn|23/100
|move|p1a: Ferrothorn|Leech Seed|p2a: Krookodile
|-start|p2a: Krookodile|move: Leech Seed
|
|-damage|p2a: Krookodile|28/100|[from] Leech Seed|[of] p1a: Ferrothorn
|-heal|p1a: Ferrothorn|35/100|[silent]
|upkeep
|turn|27
|
|t:|1660226239
|move|p1a: Ferrothorn|Protect|p1a: Ferrothorn
|-singleturn|p1a: Ferrothorn|Protect
|move|p2a: Krookodile|Stone Edge|p1a: Ferrothorn
|-activate|p1a: Ferrothorn|move: Protect
|
|-damage|p2a: Krookodile|16/100|[from] Leech Seed|[of] p1a: Ferrothorn
|-heal|p1a: Ferrothorn|46/100|[silent]
|upkeep
|turn|28
|
|t:|1660226243
|switch|p1a: Mandibuzz|Mandibuzz, F|91/100
|move|p2a: Krookodile|Knock Off|p1a: Mandibuzz
|-resisted|p1a: Mandibuzz
|-damage|p1a: Mandibuzz|78/100
|-enditem|p1a: Mandibuzz|Heavy-Duty Boots|[from] move: Knock Off|[of] p2a: Krookodile
|
|-damage|p2a: Krookodile|4/100|[from] Leech Seed|[of] p1a: Mandibuzz
|-heal|p1a: Mandibuzz|88/100|[silent]
|upkeep
|turn|29
|
|t:|1660226252
|move|p2a: Krookodile|Stone Edge|p1a: Mandibuzz
|-supereffective|p1a: Mandibuzz
|-damage|p1a: Mandibuzz|54/100
|move|p1a: Mandibuzz|Roost|p1a: Mandibuzz
|-heal|p1a: Mandibuzz|100/100
|-singleturn|p1a: Mandibuzz|move: Roost
|
|-damage|p2a: Krookodile|0 fnt|[from] Leech Seed|[of] p1a: Mandibuzz
|faint|p2a: Krookodile
|upkeep
|
|t:|1660226259
|switch|p2a: Kyogre|Kyogre|88/100
|-weather|RainDance|[from] ability: Drizzle|[of] p2a: Kyogre
|turn|30
|
|t:|1660226264
|switch|p2a: Banette|Banette-Mega, F|51/100
|switch|p1a: Chandelure|Chandelure, M|13/100
|
|-weather|RainDance|[upkeep]
|upkeep
|turn|31
|
|t:|1660226275
|move|p1a: Chandelure|Shadow Ball|p2a: Banette
|-supereffective|p2a: Banette
|-damage|p2a: Banette|0 fnt
|faint|p2a: Banette
|
|-weather|RainDance|[upkeep]
|upkeep
|-message|OnTheGrindTo1 forfeited.
|
|win|Nosymegahugo
|raw|Nosymegahugo's rating: 1427 &rarr; <strong>1454</strong><br />(+27 for winning)
|raw|OnTheGrindTo1's rating: 1550 &rarr; <strong>1523</strong><br />(-27 for losing)
|l|☆OnTheGrindTo1
