|j|☆XamazamaZentu
|j|☆dividing by 0
|t:|1655002436
|gametype|singles
|player|p1|XamazamaZentu|1|1519
|player|p2|dividing by 0|pokemaniac|1611
|teamsize|p1|6
|teamsize|p2|6
|gen|8
|tier|[Gen 8] National Dex AG
|rated|
|rule|HP Percentage Mod: HP is shown in percentages
|rule|Endless Battle Clause: Forcing endless battles is banned
|clearpoke
|poke|p1|Sableye, M|
|poke|p1|Chansey, F|
|poke|p1|Necrozma-Dusk-Mane|
|poke|p1|Tyranitar, M|
|poke|p1|Zygarde|
|poke|p1|Ho-Oh|
|poke|p2|Excadrill, M|
|poke|p2|Kyurem-White|
|poke|p2|Dragonite, M|
|poke|p2|Ditto|
|poke|p2|Arceus-*|
|poke|p2|Pinsir, F|
|teampreview
|inactive|Battle timer is ON: inactive players will automatically lose when time's up. (requested by dividing by 0)
|inactiveoff|Battle timer is now OFF.
|inactive|Battle timer is ON: inactive players will automatically lose when time's up. (requested by XamazamaZentu)
|
|t:|1655002516
|start
|switch|p1a: Sableye|Sableye, M, shiny|100/100
|switch|p2a: Excadrill|Excadrill, M|100/100
|turn|1
|j| Flashybee
|l|☆XamazamaZentu
|inactive|XamazamaZentu disconnected and has a minute to reconnect!
|player|p1|
|
|t:|1655002545
|switch|p2a: Kyurem|Kyurem-White|100/100
|-ability|p2a: Kyurem|Turboblaze
|detailschange|p1a: Sableye|Sableye-Mega, M, shiny
|-mega|p1a: Sableye|Sableye|Sablenite
|move|p1a: Sableye|Will-O-Wisp|p2a: Kyurem
|-status|p2a: Kyurem|brn
|
|-damage|p2a: Kyurem|94/100 brn|[from] brn
|upkeep
|turn|2
|j|☆XamazamaZentu
|inactive|XamazamaZentu reconnected and has 135 seconds left.
|player|p1|XamazamaZentu|1
|
|t:|1655002568
|switch|p1a: Chansey|Chansey, F|100/100
|move|p2a: Kyurem|Sheer Cold|p1a: Chansey
|-damage|p1a: Chansey|0 fnt
|faint|p1a: Chansey
|-ohko
|
|-damage|p2a: Kyurem|88/100 brn|[from] brn
|upkeep
|c| Flashybee|folded fr
|inactive|XamazamaZentu has 120 seconds left.
|
|t:|1655002583
|switch|p1a: Ho-Oh|Ho-Oh|100/100
|turn|3
|
|t:|1655002589
|move|p2a: Kyurem|Sheer Cold|p1a: Ho-Oh|[miss]
|-miss|p2a: Kyurem|p1a: Ho-Oh
|move|p1a: Ho-Oh|Sacred Fire|p2a: Kyurem
|-damage|p2a: Kyurem|45/100 brn
|
|-damage|p2a: Kyurem|39/100 brn|[from] brn
|upkeep
|turn|4
|
|t:|1655002597
|move|p2a: Kyurem|Sheer Cold|p1a: Ho-Oh|[miss]
|-miss|p2a: Kyurem|p1a: Ho-Oh
|move|p1a: Ho-Oh|Sacred Fire|p2a: Kyurem
|-damage|p2a: Kyurem|0 fnt
|faint|p2a: Kyurem
|
|upkeep
|
|t:|1655002610
|switch|p2a: Dragonite|Dragonite, M|100/100
|turn|5
|
|t:|1655002618
|move|p1a: Ho-Oh|Sacred Fire|p2a: Dragonite
|-resisted|p2a: Dragonite
|-damage|p2a: Dragonite|93/100
|-status|p2a: Dragonite|brn
|move|p2a: Dragonite|Fire Spin|p1a: Ho-Oh
|-resisted|p1a: Ho-Oh
|-damage|p1a: Ho-Oh|98/100
|-activate|p1a: Ho-Oh|move: Fire Spin|[of] p2a: Dragonite
|
|-damage|p2a: Dragonite|87/100 brn|[from] brn
|-damage|p1a: Ho-Oh|86/100|[from] move: Fire Spin|[partiallytrapped]
|upkeep
|turn|6
|
|t:|1655002643
|move|p2a: Dragonite|Horn Drill|p1a: Ho-Oh|[miss]
|-miss|p2a: Dragonite|p1a: Ho-Oh
|move|p1a: Ho-Oh|Whirlwind|p2a: Dragonite
|drag|p2a: Ditto|Ditto|100/100
|-transform|p2a: Ditto|p1a: Ho-Oh|[from] ability: Imposter
|
|-end|p1a: Ho-Oh|Fire Spin|[partiallytrapped]|[silent]
|upkeep
|turn|7
|
|t:|1655002659
|switch|p1a: Sableye|Sableye-Mega, M, shiny|100/100
|move|p2a: Ditto|Whirlwind|p1a: Sableye
|move|p1a: Sableye|Whirlwind|p2a: Ditto|[from]ability: Magic Bounce
|drag|p2a: Excadrill|Excadrill, M|100/100
|
|upkeep
|turn|8
|inactive|dividing by 0 has 120 seconds left.
|
|t:|1655002684
|switch|p2a: Pinsir|Pinsir, F|100/100
|move|p1a: Sableye|Foul Play|p2a: Pinsir
|-damage|p2a: Pinsir|34/100
|
|upkeep
|turn|9
|
|t:|1655002691
|detailschange|p2a: Pinsir|Pinsir-Mega, F
|-mega|p2a: Pinsir|Pinsir|Pinsirite
|move|p2a: Pinsir|Guillotine|p1a: Sableye|[miss]
|-miss|p2a: Pinsir|p1a: Sableye
|move|p1a: Sableye|Foul Play|p2a: Pinsir
|-damage|p2a: Pinsir|0 fnt
|faint|p2a: Pinsir
|
|upkeep
|
|t:|1655002701
|switch|p2a: Arceus|Arceus-Fairy|100/100
|turn|10
|
|t:|1655002717
|switch|p1a: Ho-Oh|Ho-Oh|100/100
|move|p2a: Arceus|Whirlpool|p1a: Ho-Oh|[miss]
|-miss|p2a: Arceus|p1a: Ho-Oh
|
|upkeep
|turn|11
|
|t:|1655002732
|switch|p2a: Dragonite|Dragonite, M|87/100 brn
|move|p1a: Ho-Oh|Toxic||[still]
|-fail|p1a: Ho-Oh
|
|-damage|p2a: Dragonite|81/100 brn|[from] brn
|upkeep
|turn|12
|
|t:|1655002738
|switch|p1a: Sableye|Sableye-Mega, M, shiny|100/100
|move|p2a: Dragonite|Fire Spin|p1a: Sableye
|-damage|p1a: Sableye|94/100
|-activate|p1a: Sableye|move: Fire Spin|[of] p2a: Dragonite
|
|-damage|p2a: Dragonite|75/100 brn|[from] brn
|-damage|p1a: Sableye|81/100|[from] move: Fire Spin|[partiallytrapped]
|upkeep
|turn|13
|
|t:|1655002747
|move|p2a: Dragonite|Roost|p2a: Dragonite
|-heal|p2a: Dragonite|100/100 brn
|-singleturn|p2a: Dragonite|move: Roost
|move|p1a: Sableye|Foul Play|p2a: Dragonite
|-damage|p2a: Dragonite|88/100 brn
|
|-damage|p2a: Dragonite|81/100 brn|[from] brn
|-damage|p1a: Sableye|69/100|[from] move: Fire Spin|[partiallytrapped]
|upkeep
|turn|14
|
|t:|1655002768
|switch|p2a: Arceus|Arceus-Fairy|100/100
|switch|p1a: Ho-Oh|Ho-Oh|100/100
|
|upkeep
|turn|15
|
|t:|1655002774
|move|p2a: Arceus|Perish Song|p2a: Arceus
|-start|p1a: Ho-Oh|perish3|[silent]
|-start|p2a: Arceus|perish3|[silent]
|-fieldactivate|move: Perish Song
|move|p1a: Ho-Oh|Toxic|p2a: Arceus
|-status|p2a: Arceus|tox
|
|-damage|p2a: Arceus|94/100 tox|[from] psn
|-start|p2a: Arceus|perish3
|-start|p1a: Ho-Oh|perish3
|upkeep
|turn|16
|
|t:|1655002782
|move|p2a: Arceus|Whirlpool|p1a: Ho-Oh
|-supereffective|p1a: Ho-Oh
|-damage|p1a: Ho-Oh|91/100
|-activate|p1a: Ho-Oh|move: Whirlpool|[of] p2a: Arceus
|move|p1a: Ho-Oh|Sacred Fire|p2a: Arceus
|-damage|p2a: Arceus|69/100 tox
|
|-damage|p2a: Arceus|57/100 tox|[from] psn
|-damage|p1a: Ho-Oh|79/100|[from] move: Whirlpool|[partiallytrapped]
|-start|p2a: Arceus|perish2
|-start|p1a: Ho-Oh|perish2
|upkeep
|turn|17
|
|t:|1655002793
|move|p2a: Arceus|Recover|p2a: Arceus
|-heal|p2a: Arceus|100/100 tox
|move|p1a: Ho-Oh|Whirlwind|p2a: Arceus
|drag|p2a: Ditto|Ditto|100/100
|-transform|p2a: Ditto|p1a: Ho-Oh|[from] ability: Imposter
|
|-end|p1a: Ho-Oh|Whirlpool|[partiallytrapped]|[silent]
|-start|p1a: Ho-Oh|perish1
|upkeep
|turn|18
|
|t:|1655002804
|switch|p1a: Sableye|Sableye-Mega, M, shiny|69/100
|move|p2a: Ditto|Sacred Fire|p1a: Sableye
|-damage|p1a: Sableye|40/100
|
|upkeep
|turn|19
|
|t:|1655002811
|-start|p2a: Ditto|Dynamax|
|-heal|p2a: Ditto|100/100|[silent]
|move|p1a: Sableye|Fake Out|p2a: Ditto
|-damage|p2a: Ditto|97/100
|move|p2a: Ditto|Max Flare|p1a: Sableye
|-damage|p1a: Sableye|3/100
|-weather|SunnyDay
|
|-weather|SunnyDay|[upkeep]
|upkeep
|turn|20
|
|t:|1655002819
|switch|p1a: Tyranitar|Tyranitar, M|100/100
|-weather|Sandstorm|[from] ability: Sand Stream|[of] p1a: Tyranitar
|move|p2a: Ditto|Max Flare|p1a: Tyranitar
|-resisted|p1a: Tyranitar
|-damage|p1a: Tyranitar|80/100
|-weather|SunnyDay
|
|-weather|SunnyDay|[upkeep]
|-heal|p1a: Tyranitar|86/100|[from] item: Leftovers
|upkeep
|turn|21
|-message|dividing by 0 forfeited.
|
|win|XamazamaZentu
|raw|XamazamaZentu's rating: 1519 &rarr; <strong>1544</strong><br />(+25 for winning)
|raw|dividing by 0's rating: 1611 &rarr; <strong>1586</strong><br />(-25 for losing)
|l|☆dividing by 0
|l| Flashybee
|j| Flashybee
|l| Flashybee
|l|☆XamazamaZentu
||Ladder isn't responding, score probably updated but might not have (Request timeout).
|j|☆XamazamaZentu
|player|p1|XamazamaZentu|1
|l|☆XamazamaZentu
|player|p1|
|j|☆XamazamaZentu
|player|p1|XamazamaZentu|1
|l|☆XamazamaZentu
|player|p1|
|j|☆XamazamaZentu
|player|p1|XamazamaZentu|1
