|j|☆Solar power duel
|j|☆DarkboiJ
|t:|1666775742
|gametype|singles
|player|p1|Solar power duel|leon|1550
|player|p2|DarkboiJ|blue-gen3two|1821
|teamsize|p1|6
|teamsize|p2|6
|gen|8
|tier|[Gen 8] National Dex AG
|rated|
|rule|HP Percentage Mod: HP is shown in percentages
|rule|Endless Battle Clause: Forcing endless battles is banned
|clearpoke
|poke|p1|Rayquaza|
|poke|p1|Ditto|
|poke|p1|Deoxys-Speed|
|poke|p1|Calyrex-Shadow|
|poke|p1|Yveltal|
|poke|p1|Zacian-*|
|poke|p2|Deoxys-Speed|
|poke|p2|Yveltal|
|poke|p2|Xerneas-*|
|poke|p2|Celesteela|
|poke|p2|Genesect|
|poke|p2|Ditto|
|teampreview
|inactive|Battle timer is ON: inactive players will automatically lose when time's up. (requested by DarkboiJ)
|inactive|Solar power duel also wants the timer to be on.
|
|t:|1666775748
|start
|switch|p1a: Deoxys|Deoxys-Speed, shiny|100/100
|switch|p2a: Deoxys|Deoxys-Speed, shiny|100/100
|-ability|p2a: Deoxys|Pressure
|-ability|p1a: Deoxys|Pressure
|turn|1
|
|t:|1666775752
|move|p1a: Deoxys|Magic Coat|p1a: Deoxys
|-singleturn|p1a: Deoxys|move: Magic Coat
|move|p2a: Deoxys|Taunt|p1a: Deoxys
|move|p1a: Deoxys|Taunt|p2a: Deoxys|[from]Magic Coat
|-start|p2a: Deoxys|move: Taunt
|
|upkeep
|turn|2
|
|t:|1666775761
|switch|p2a: Ditto|Ditto, shiny|100/100
|-transform|p2a: Ditto|p1a: Deoxys|[from] ability: Imposter
|-ability|p2a: Ditto|Pressure
|move|p1a: Deoxys|Stealth Rock|p2a: Ditto
|-sidestart|p2: DarkboiJ|move: Stealth Rock
|
|upkeep
|turn|3
|
|t:|1666775776
|switch|p2a: Genesect|Genesect, shiny|100/100
|-damage|p2a: Genesect|88/100|[from] Stealth Rock
|-ability|p2a: Genesect|Download|boost
|-boost|p2a: Genesect|atk|1
|move|p1a: Deoxys|Magic Coat|p1a: Deoxys
|-singleturn|p1a: Deoxys|move: Magic Coat
|
|-heal|p2a: Genesect|94/100|[from] item: Leftovers
|upkeep
|turn|4
|
|t:|1666775782
|move|p1a: Deoxys|Taunt|p2a: Genesect
|-start|p2a: Genesect|move: Taunt
|cant|p2a: Genesect|move: Taunt|Shift Gear
|
|-heal|p2a: Genesect|99/100|[from] item: Leftovers
|upkeep
|turn|5
|
|t:|1666775788
|move|p1a: Deoxys|Skill Swap|p2a: Genesect
|-activate|p1a: Deoxys|move: Skill Swap|Download|Pressure|[of] p2a: Genesect
|-ability|p1a: Deoxys|Download|boost
|-boost|p1a: Deoxys|spa|1
|-ability|p2a: Genesect|Pressure
|move|p2a: Genesect|Leech Life|p1a: Deoxys
|-supereffective|p1a: Deoxys
|-enditem|p1a: Deoxys|Focus Sash
|-damage|p1a: Deoxys|1/100
|-heal|p2a: Genesect|100/100|[from] drain|[of] p1a: Deoxys
|
|upkeep
|turn|6
|
|t:|1666775798
|move|p1a: Deoxys|Magic Coat|p1a: Deoxys
|-singleturn|p1a: Deoxys|move: Magic Coat
|move|p2a: Genesect|Leech Life|p1a: Deoxys
|-supereffective|p1a: Deoxys
|-damage|p1a: Deoxys|0 fnt
|faint|p1a: Deoxys
|
|-end|p2a: Genesect|move: Taunt
|upkeep
|
|t:|1666775806
|switch|p1a: Yveltal|Yveltal, shiny|100/100
|-ability|p1a: Yveltal|Dark Aura
|turn|7
|
|t:|1666775814
|-start|p2a: Genesect|Dynamax|
|-heal|p2a: Genesect|100/100|[silent]
|move|p1a: Yveltal|Heat Wave|p2a: Genesect
|-supereffective|p2a: Genesect
|-damage|p2a: Genesect|0 fnt
|faint|p2a: Genesect
|-damage|p1a: Yveltal|91/100|[from] item: Life Orb
|
|upkeep
|
|t:|1666775822
|switch|p2a: Xerneas|Xerneas, shiny|100/100
|-damage|p2a: Xerneas|88/100|[from] Stealth Rock
|-ability|p2a: Xerneas|Fairy Aura
|turn|8
|
|t:|1666775830
|-start|p1a: Yveltal|Dynamax|
|-heal|p1a: Yveltal|91/100|[silent]
|move|p2a: Xerneas|Moonblast|p1a: Yveltal
|-supereffective|p1a: Yveltal
|-damage|p1a: Yveltal|32/100
|move|p1a: Yveltal|Max Airstream|p2a: Xerneas
|-damage|p2a: Xerneas|9/100
|-boost|p1a: Yveltal|spe|1
|-damage|p1a: Yveltal|27/100|[from] item: Life Orb
|
|upkeep
|turn|9
|
|t:|1666775844
|move|p2a: Xerneas|Moonblast|p1a: Yveltal
|-supereffective|p1a: Yveltal
|-damage|p1a: Yveltal|0 fnt
|faint|p1a: Yveltal
|
|upkeep
|
|t:|1666775851
|switch|p1a: Rayquaza|Rayquaza, shiny|100/100
|-ability|p1a: Rayquaza|Air Lock
|turn|10
|
|t:|1666775854
|move|p1a: Rayquaza|Extreme Speed|p2a: Xerneas
|-damage|p2a: Xerneas|0 fnt
|faint|p2a: Xerneas
|-damage|p1a: Rayquaza|91/100|[from] item: Life Orb
|
|upkeep
|
|t:|1666775862
|switch|p2a: Yveltal|Yveltal, shiny|100/100
|-ability|p2a: Yveltal|Dark Aura
|turn|11
|
|t:|1666775874
|switch|p1a: Zacian|Zacian-Crowned, shiny|100/100
|-ability|p1a: Zacian|Intrepid Sword|boost
|-boost|p1a: Zacian|atk|1
|move|p2a: Yveltal|Oblivion Wing|p1a: Zacian
|-resisted|p1a: Zacian
|-damage|p1a: Zacian|82/100
|
|upkeep
|turn|12
|
|t:|1666775886
|switch|p2a: Celesteela|Celesteela|100/100
|-damage|p2a: Celesteela|88/100|[from] Stealth Rock
|move|p1a: Zacian|Substitute|p1a: Zacian
|-start|p1a: Zacian|Substitute
|-damage|p1a: Zacian|57/100
|
|upkeep
|turn|13
|
|t:|1666775890
|move|p1a: Zacian|Close Combat|p2a: Celesteela
|-damage|p2a: Celesteela|5/100
|-unboost|p1a: Zacian|def|1
|-unboost|p1a: Zacian|spd|1
|move|p2a: Celesteela|Flash Cannon|p1a: Zacian
|-end|p1a: Zacian|Substitute
|
|upkeep
|turn|14
|
|t:|1666775896
|move|p1a: Zacian|Close Combat|p2a: Celesteela
|-damage|p2a: Celesteela|0 fnt
|-unboost|p1a: Zacian|def|1
|-unboost|p1a: Zacian|spd|1
|faint|p2a: Celesteela
|
|upkeep
|
|t:|1666775899
|switch|p2a: Deoxys|Deoxys-Speed, shiny|100/100
|-damage|p2a: Deoxys|88/100|[from] Stealth Rock
|-ability|p2a: Deoxys|Pressure
|turn|15
|
|t:|1666775907
|move|p2a: Deoxys|Stealth Rock|p1a: Zacian
|-sidestart|p1: Solar power duel|move: Stealth Rock
|move|p1a: Zacian|Behemoth Blade|p2a: Deoxys
|-damage|p2a: Deoxys|0 fnt
|faint|p2a: Deoxys
|
|upkeep
|
|t:|1666775912
|switch|p2a: Ditto|Ditto, shiny|100/100
|-damage|p2a: Ditto|88/100|[from] Stealth Rock
|-transform|p2a: Ditto|p1a: Zacian|[from] ability: Imposter
|-ability|p2a: Ditto|Intrepid Sword|boost
|-boost|p2a: Ditto|atk|1
|turn|16
|
|t:|1666775919
|switch|p1a: Rayquaza|Rayquaza, shiny|91/100
|-damage|p1a: Rayquaza|66/100|[from] Stealth Rock
|-ability|p1a: Rayquaza|Air Lock
|move|p2a: Ditto|Behemoth Blade|p1a: Rayquaza
|-damage|p1a: Rayquaza|0 fnt
|faint|p1a: Rayquaza
|
|upkeep
|
|t:|1666775928
|switch|p1a: Calyrex|Calyrex-Shadow|100/100
|-ability|p1a: Calyrex|As One
|-ability|p1a: Calyrex|Unnerve
|-damage|p1a: Calyrex|88/100|[from] Stealth Rock
|turn|17
|
|t:|1666775936
|switch|p2a: Yveltal|Yveltal, shiny|100/100
|-ability|p2a: Yveltal|Dark Aura
|move|p1a: Calyrex|Astral Barrage|p2a: Yveltal
|-resisted|p2a: Yveltal
|-damage|p2a: Yveltal|67/100
|
|upkeep
|turn|18
|
|t:|1666775946
|switch|p1a: Zacian|Zacian-Crowned, shiny|57/100
|-damage|p1a: Zacian|51/100|[from] Stealth Rock
|-ability|p1a: Zacian|Intrepid Sword|boost
|-boost|p1a: Zacian|atk|1
|move|p2a: Yveltal|Oblivion Wing|p1a: Zacian
|-resisted|p1a: Zacian
|-damage|p1a: Zacian|32/100
|-heal|p2a: Yveltal|79/100|[from] drain|[of] p1a: Zacian
|
|upkeep
|turn|19
|
|t:|1666775950
|move|p1a: Zacian|Behemoth Blade|p2a: Yveltal
|-damage|p2a: Yveltal|0 fnt
|faint|p2a: Yveltal
|
|upkeep
|
|t:|1666775953
|switch|p2a: Ditto|Ditto, shiny|88/100
|-damage|p2a: Ditto|76/100|[from] Stealth Rock
|-transform|p2a: Ditto|p1a: Zacian|[from] ability: Imposter
|-ability|p2a: Ditto|Intrepid Sword|boost
|-boost|p2a: Ditto|atk|1
|turn|20
|
|t:|1666775955
|move|p2a: Ditto|Behemoth Blade|p1a: Zacian
|-damage|p1a: Zacian|0 fnt
|faint|p1a: Zacian
|
|upkeep
|
|t:|1666775960
|switch|p1a: Calyrex|Calyrex-Shadow|88/100
|-ability|p1a: Calyrex|As One
|-ability|p1a: Calyrex|Unnerve
|-damage|p1a: Calyrex|76/100|[from] Stealth Rock
|turn|21
|
|t:|1666775963
|move|p1a: Calyrex|Astral Barrage|p2a: Ditto
|-damage|p2a: Ditto|0 fnt
|faint|p2a: Ditto
|
|win|Solar power duel
|raw|Solar power duel's rating: 1550 &rarr; <strong>1583</strong><br />(+33 for winning)
|raw|DarkboiJ's rating: 1821 &rarr; <strong>1788</strong><br />(-33 for losing)
|l|☆DarkboiJ
||Ladder isn't responding, score probably updated but might not have (Request timeout).
