|j|☆saifu.mp4
|j|☆xLeonisx
|t:|1651433455
|gametype|singles
|player|p1|saifu.mp4|hugh|1401
|player|p2|xLeonisx|265|1601
|teamsize|p1|6
|teamsize|p2|6
|gen|8
|tier|[Gen 8] National Dex AG
|rated|
|rule|HP Percentage Mod: HP is shown in percentages
|rule|Endless Battle Clause: Forcing endless battles is banned
|clearpoke
|poke|p1|Absol, F|
|poke|p1|Hatterene, F|
|poke|p1|Celesteela|
|poke|p1|Gengar, F|
|poke|p1|Calyrex-Ice|
|poke|p1|Darmanitan-Galar, F|
|poke|p2|Kyogre|
|poke|p2|Ditto|
|poke|p2|Lugia|
|poke|p2|Calyrex-Shadow|
|poke|p2|Deoxys-Speed|
|poke|p2|Zacian-*|
|teampreview
|inactive|Battle timer is ON: inactive players will automatically lose when time's up. (requested by xLeonisx)
|
|t:|1651433477
|start
|switch|p1a: She/They|Hatterene, F, shiny|100/100
|switch|p2a: Kyogre|Kyogre|100/100
|detailschange|p2a: Kyogre|Kyogre-Primal
|-primal|p2a: Kyogre
|-weather|PrimordialSea|[from] ability: Primordial Sea|[of] p2a: Kyogre
|turn|1
|
|t:|1651433483
|switch|p1a: Houraisan|Celesteela, shiny|100/100
|move|p2a: Kyogre|Water Spout|p1a: Houraisan
|-damage|p1a: Houraisan|0 fnt
|faint|p1a: Houraisan
|
|-weather|PrimordialSea|[upkeep]
|upkeep
|c|☆saifu.mp4|oh no
|
|t:|1651433502
|switch|p1a: fuck your buffs|Gengar, F, shiny|100/100
|turn|2
|c|☆xLeonisx|is ur haterene with magic bounce and trick room not sashed
|c|☆saifu.mp4|no
|
|t:|1651433526
|-weather|none
|switch|p2a: Lugia|Lugia|100/100
|move|p1a: fuck your buffs|Shadow Ball|p2a: Lugia
|-supereffective|p2a: Lugia
|-damage|p2a: Lugia|79/100
|
|upkeep
|turn|3
|
|t:|1651433533
|move|p1a: fuck your buffs|Taunt|p2a: Lugia
|-start|p2a: Lugia|move: Taunt
|cant|p2a: Lugia|move: Taunt|Thunder Wave
|
|upkeep
|turn|4
|c|☆xLeonisx|y
|
|t:|1651433550
|switch|p2a: Ditto|Ditto|100/100
|-transform|p2a: Ditto|p1a: fuck your buffs|[from] ability: Imposter
|move|p1a: fuck your buffs|Shadow Ball|p2a: Ditto
|-supereffective|p2a: Ditto
|-damage|p2a: Ditto|0 fnt
|-start|p1a: fuck your buffs|Disable|Shadow Ball|[from] ability: Cursed Body|[of] p2a: Ditto
|faint|p2a: Ditto
|
|upkeep
|
|t:|1651433563
|switch|p2a: Calyrex|Calyrex-Shadow|100/100
|-ability|p2a: Calyrex|As One
|-ability|p2a: Calyrex|Unnerve
|turn|5
|
|t:|1651433573
|move|p1a: fuck your buffs|Protect|p1a: fuck your buffs
|-singleturn|p1a: fuck your buffs|Protect
|move|p2a: Calyrex|Astral Barrage|p1a: fuck your buffs
|-activate|p1a: fuck your buffs|move: Protect
|
|upkeep
|turn|6
|
|t:|1651433597
|move|p2a: Calyrex|Astral Barrage|p1a: fuck your buffs
|-supereffective|p1a: fuck your buffs
|-enditem|p1a: fuck your buffs|Focus Sash
|-damage|p1a: fuck your buffs|1/100
|move|p1a: fuck your buffs|Clear Smog|p2a: Calyrex
|-resisted|p2a: Calyrex
|-damage|p2a: Calyrex|86/100
|-clearboost|p2a: Calyrex
|
|upkeep
|turn|7
|
|t:|1651433608
|move|p1a: fuck your buffs|Protect|p1a: fuck your buffs
|-singleturn|p1a: fuck your buffs|Protect
|move|p2a: Calyrex|Astral Barrage|p1a: fuck your buffs
|-activate|p1a: fuck your buffs|move: Protect
|
|-end|p1a: fuck your buffs|Disable
|upkeep
|turn|8
|
|t:|1651433611
|move|p2a: Calyrex|Astral Barrage|p1a: fuck your buffs
|-supereffective|p1a: fuck your buffs
|-damage|p1a: fuck your buffs|0 fnt
|faint|p1a: fuck your buffs
|-ability|p2a: Calyrex|Grim Neigh|boost
|-boost|p2a: Calyrex|spa|1
|
|upkeep
|
|t:|1651433620
|switch|p1a: 1996 Toyota Celica|Darmanitan-Galar, F, shiny|100/100
|turn|9
|
|t:|1651433625
|switch|p2a: Kyogre|Kyogre-Primal|100/100
|-weather|PrimordialSea|[from] ability: Primordial Sea|[of] p2a: Kyogre
|move|p1a: 1996 Toyota Celica|U-turn|p2a: Kyogre
|-damage|p2a: Kyogre|57/100
|
|t:|1651433644
|switch|p1a: watch yo tone mf|Calyrex-Ice|100/100|[from]move: U-turn
|-ability|p1a: watch yo tone mf|As One
|-ability|p1a: watch yo tone mf|Unnerve
|
|-weather|PrimordialSea|[upkeep]
|upkeep
|turn|10
|
|t:|1651433667
|move|p2a: Kyogre|Water Spout|p1a: watch yo tone mf
|-damage|p1a: watch yo tone mf|40/100
|move|p1a: watch yo tone mf|Trick Room|p1a: watch yo tone mf
|-fieldstart|move: Trick Room|[of] p1a: watch yo tone mf
|
|-weather|PrimordialSea|[upkeep]
|upkeep
|turn|11
|
|t:|1651433675
|-start|p1a: watch yo tone mf|Dynamax|
|-heal|p1a: watch yo tone mf|40/100|[silent]
|move|p1a: watch yo tone mf|Max Quake|p2a: Kyogre
|-damage|p2a: Kyogre|0 fnt
|-boost|p1a: watch yo tone mf|spd|1
|faint|p2a: Kyogre
|-weather|none
|-ability|p1a: watch yo tone mf|Chilling Neigh|boost
|-boost|p1a: watch yo tone mf|atk|1
|
|upkeep
|
|t:|1651433688
|switch|p2a: Lugia|Lugia|79/100
|turn|12
|
|t:|1651433705
|move|p1a: watch yo tone mf|Max Hailstorm|p2a: Lugia
|-supereffective|p2a: Lugia
|-damage|p2a: Lugia|0 fnt
|-weather|Hail
|faint|p2a: Lugia
|-ability|p1a: watch yo tone mf|Chilling Neigh|boost
|-boost|p1a: watch yo tone mf|atk|1
|
|-weather|Hail|[upkeep]
|upkeep
|
|t:|1651433710
|switch|p2a: Zacian|Zacian-Crowned|100/100
|-ability|p2a: Zacian|Intrepid Sword|boost
|-boost|p2a: Zacian|atk|1
|turn|13
|
|t:|1651433715
|move|p1a: watch yo tone mf|Max Quake|p2a: Zacian
|-supereffective|p2a: Zacian
|-damage|p2a: Zacian|0 fnt
|-boost|p1a: watch yo tone mf|spd|1
|faint|p2a: Zacian
|-ability|p1a: watch yo tone mf|Chilling Neigh|boost
|-boost|p1a: watch yo tone mf|atk|1
|
|-weather|Hail|[upkeep]
|upkeep
|
|t:|1651433718
|switch|p2a: Deoxys|Deoxys-Speed|100/100
|-ability|p2a: Deoxys|Pressure
|-end|p1a: watch yo tone mf|Dynamax
|-heal|p1a: watch yo tone mf|40/100|[silent]
|turn|14
|
|t:|1651433732
|switch|p1a: She/They|Hatterene, F, shiny|100/100
|move|p2a: Deoxys|Thunder Wave|p1a: She/They
|move|p1a: She/They|Thunder Wave|p2a: Deoxys|[from]ability: Magic Bounce
|-status|p2a: Deoxys|par
|
|-weather|Hail|[upkeep]
|-damage|p1a: She/They|95/100|[from] Hail
|-damage|p2a: Deoxys|94/100 par|[from] Hail
|-heal|p1a: She/They|100/100|[from] item: Leftovers
|-fieldend|move: Trick Room
|upkeep
|turn|15
|c|☆saifu.mp4|SIKE BITCH
|c|☆xLeonisx|gg
|c|☆saifu.mp4|ggs
|
|t:|1651433749
|move|p2a: Deoxys|Knock Off|p1a: She/They
|-damage|p1a: She/They|70/100
|-enditem|p1a: She/They|Leftovers|[from] move: Knock Off|[of] p2a: Deoxys
|move|p1a: She/They|Trick Room|p1a: She/They
|-fieldstart|move: Trick Room|[of] p1a: She/They
|
|-weather|Hail|[upkeep]
|-damage|p1a: She/They|64/100|[from] Hail
|-damage|p2a: Deoxys|88/100 par|[from] Hail
|upkeep
|turn|16
|
|t:|1651433761
|switch|p1a: Hakurei|Absol, F, shiny|100/100
|move|p2a: Deoxys|Knock Off|p1a: Hakurei
|-resisted|p1a: Hakurei
|-damage|p1a: Hakurei|82/100
|
|-weather|none
|upkeep
|turn|17
|c|☆xLeonisx|i didny have many optiosn tbh
|
|t:|1651433780
|detailschange|p1a: Hakurei|Absol-Mega, F, shiny
|-mega|p1a: Hakurei|Absol|Absolite
|move|p2a: Deoxys|Stealth Rock|p1a: Hakurei
|move|p1a: Hakurei|Stealth Rock|p2a: Deoxys|[from]ability: Magic Bounce
|-sidestart|p2: xLeonisx|move: Stealth Rock
|move|p1a: Hakurei|Knock Off|p2a: Deoxys
|-supereffective|p2a: Deoxys
|-damage|p2a: Deoxys|0 fnt
|-enditem|p2a: Deoxys|Focus Sash|[from] move: Knock Off|[of] p1a: Hakurei
|faint|p2a: Deoxys
|
|upkeep
|c|☆xLeonisx|lol absol mega has mahoig bounce?
|c|☆saifu.mp4|ye
|inactive|xLeonisx has 120 seconds left.
|c|☆xLeonisx|didnt no that
|
|t:|1651433807
|switch|p2a: Calyrex|Calyrex-Shadow|86/100
|-ability|p2a: Calyrex|As One
|-ability|p2a: Calyrex|Unnerve
|-damage|p2a: Calyrex|74/100|[from] Stealth Rock
|turn|18
|inactive|xLeonisx has 120 seconds left.
|
|t:|1651433814
|move|p1a: Hakurei|Knock Off|p2a: Calyrex
|-supereffective|p2a: Calyrex
|-damage|p2a: Calyrex|0 fnt
|-enditem|p2a: Calyrex|Focus Sash|[from] move: Knock Off|[of] p1a: Hakurei
|faint|p2a: Calyrex
|
|win|saifu.mp4
|raw|saifu.mp4's rating: 1401 &rarr; <strong>1431</strong><br />(+30 for winning)
|raw|xLeonisx's rating: 1601 &rarr; <strong>1571</strong><br />(-30 for losing)
