|j|☆Birds27
|j|☆Soda49
|t:|1657165957
|gametype|singles
|player|p1|Birds27|1|1815
|player|p2|Soda49|170|1862
|teamsize|p1|6
|teamsize|p2|6
|gen|8
|tier|[Gen 8] National Dex AG
|rated|
|rule|HP Percentage Mod: HP is shown in percentages
|rule|Endless Battle Clause: Forcing endless battles is banned
|clearpoke
|poke|p1|Rayquaza|
|poke|p1|Groudon|
|poke|p1|Arceus-*|
|poke|p1|Ditto|
|poke|p1|Lugia|
|poke|p1|Yveltal|
|poke|p2|Charizard, M|
|poke|p2|Mimikyu, F|
|poke|p2|Smeargle, M|
|poke|p2|Calyrex-Shadow|
|poke|p2|Thundurus, M|
|poke|p2|Darkrai|
|teampreview
|inactive|Battle timer is ON: inactive players will automatically lose when time's up. (requested by Birds27)
|
|t:|1657165971
|start
|switch|p1a: Rayquaza|Rayquaza|100/100
|switch|p2a: Darkrai|Darkrai|100/100
|-ability|p1a: Rayquaza|Air Lock
|turn|1
|j| Pokemh
|
|t:|1657165986
|detailschange|p1a: Rayquaza|Rayquaza-Mega
|-mega|p1a: Rayquaza|Rayquaza|
|-weather|DeltaStream|[from] ability: Delta Stream|[of] p1a: Rayquaza
|move|p1a: Rayquaza|Extreme Speed|p2a: Darkrai
|-damage|p2a: Darkrai|35/100
|-damage|p1a: Rayquaza|91/100|[from] item: Life Orb
|-zpower|p2a: Darkrai
|move|p2a: Darkrai|Z-Hypnosis|p1a: Rayquaza|[anim]Hypnosis
|-boost|p2a: Darkrai|spe|1|[zeffect]
|-status|p1a: Rayquaza|slp|[from] move: Hypnosis
|
|-weather|DeltaStream|[upkeep]
|-damage|p1a: Rayquaza|78/100 slp|[from] ability: Bad Dreams|[of] p2a: Darkrai
|upkeep
|turn|2
|c|☆Birds27|Well
|c|☆Birds27|its a good set
|
|t:|1657166005
|cant|p1a: Rayquaza|slp
|move|p2a: Darkrai|Nasty Plot|p2a: Darkrai
|-boost|p2a: Darkrai|spa|2
|
|-weather|DeltaStream|[upkeep]
|-damage|p1a: Rayquaza|66/100 slp|[from] ability: Bad Dreams|[of] p2a: Darkrai
|upkeep
|turn|3
|
|t:|1657166009
|cant|p1a: Rayquaza|slp
|move|p2a: Darkrai|Dark Pulse|p1a: Rayquaza
|-damage|p1a: Rayquaza|0 fnt
|faint|p1a: Rayquaza
|-weather|none
|
|upkeep
|c|☆Birds27|…
|
|t:|1657166025
|switch|p1a: Ditto|Ditto|100/100
|-transform|p1a: Ditto|p2a: Darkrai|[from] ability: Imposter
|turn|4
|
|t:|1657166030
|move|p1a: Ditto|Focus Blast|p2a: Darkrai|[miss]
|-miss|p1a: Ditto|p2a: Darkrai
|move|p2a: Darkrai|Dark Pulse|p1a: Ditto
|-resisted|p1a: Ditto
|-damage|p1a: Ditto|47/100
|
|upkeep
|turn|5
|c|☆Birds27|Ok
|
|t:|1657166037
|move|p1a: Ditto|Focus Blast|p2a: Darkrai|[miss]
|-miss|p1a: Ditto|p2a: Darkrai
|move|p2a: Darkrai|Dark Pulse|p1a: Ditto
|-resisted|p1a: Ditto
|-damage|p1a: Ditto|0 fnt
|faint|p1a: Ditto
|
|upkeep
|c|☆Birds27|Um
|
|t:|1657166051
|switch|p1a: Arceus|Arceus-Dark|100/100
|turn|6
|c|☆Birds27|That’s cool
|c|☆Birds27|ig
|
|t:|1657166059
|move|p2a: Darkrai|Focus Blast|p1a: Arceus|[miss]
|-miss|p2a: Darkrai|p1a: Arceus
|move|p1a: Arceus|Stealth Rock|p2a: Darkrai
|-sidestart|p2: Soda49|move: Stealth Rock
|
|upkeep
|turn|7
|
|t:|1657166066
|move|p2a: Darkrai|Hypnosis|p1a: Arceus
|-status|p1a: Arceus|slp|[from] move: Hypnosis
|cant|p1a: Arceus|slp
|
|-damage|p1a: Arceus|88/100 slp|[from] ability: Bad Dreams|[of] p2a: Darkrai
|upkeep
|turn|8
|
|t:|1657166070
|move|p2a: Darkrai|Focus Blast|p1a: Arceus
|-supereffective|p1a: Arceus
|-damage|p1a: Arceus|5/100 slp
|cant|p1a: Arceus|slp
|
|-damage|p1a: Arceus|0 fnt|[from] ability: Bad Dreams|[of] p2a: Darkrai
|faint|p1a: Arceus
|upkeep
|
|t:|1657166077
|switch|p1a: Yveltal|Yveltal|100/100
|-ability|p1a: Yveltal|Dark Aura
|turn|9
|
|t:|1657166083
|-start|p1a: Yveltal|Dynamax|
|-heal|p1a: Yveltal|100/100|[silent]
|move|p2a: Darkrai|Hypnosis|p1a: Yveltal
|-status|p1a: Yveltal|slp|[from] move: Hypnosis
|cant|p1a: Yveltal|slp
|
|-damage|p1a: Yveltal|94/100 slp|[from] ability: Bad Dreams|[of] p2a: Darkrai
|upkeep
|turn|10
|c|☆Birds27|Dude
|j| Leafstorm121❤
|c|☆Birds27|can u not hit every fucking 1
|
|t:|1657166095
|move|p2a: Darkrai|Focus Blast|p1a: Yveltal
|-damage|p1a: Yveltal|57/100 slp
|cant|p1a: Yveltal|slp
|
|-damage|p1a: Yveltal|51/100 slp|[from] ability: Bad Dreams|[of] p2a: Darkrai
|upkeep
|turn|11
|
|t:|1657166105
|move|p2a: Darkrai|Focus Blast|p1a: Yveltal
|-damage|p1a: Yveltal|15/100 slp
|cant|p1a: Yveltal|slp
|
|-damage|p1a: Yveltal|9/100 slp|[from] ability: Bad Dreams|[of] p2a: Darkrai
|upkeep
|-end|p1a: Yveltal|Dynamax
|-heal|p1a: Yveltal|9/100 slp|[silent]
|turn|12
|
|t:|1657166111
|move|p2a: Darkrai|Dark Pulse|p1a: Yveltal
|-resisted|p1a: Yveltal
|-damage|p1a: Yveltal|0 fnt
|faint|p1a: Yveltal
|
|upkeep
|
|t:|1657166124
|switch|p1a: Groudon|Groudon|100/100
|detailschange|p1a: Groudon|Groudon-Primal
|-primal|p1a: Groudon
|-weather|DesolateLand|[from] ability: Desolate Land|[of] p1a: Groudon
|turn|13
|c| Pokemh|evil team
|c|☆Birds27|It’s just luck
|
|t:|1657166138
|move|p2a: Darkrai|Dark Pulse|p1a: Groudon
|-damage|p1a: Groudon|1/100
|move|p1a: Groudon|Eruption|p2a: Darkrai
|-damage|p2a: Darkrai|33/100
|
|-weather|DesolateLand|[upkeep]
|upkeep
|turn|14
|
|t:|1657166147
|move|p2a: Darkrai|Dark Pulse|p1a: Groudon
|-damage|p1a: Groudon|0 fnt
|faint|p1a: Groudon
|-weather|none
|
|upkeep
|l|☆Soda49
|inactive|Soda49 disconnected and has a minute to reconnect!
|player|p2|
|c| Pokemh|nooo
|c|☆Birds27|My dittorai missed 2 focus misses
|
|t:|1657166176
|switch|p1a: Lugia|Lugia|100/100
|turn|15
|j|☆Soda49
|inactive|Soda49 reconnected and has 140 seconds left.
|player|p2|Soda49|170
|inactive|Birds27 has 120 seconds left.
|
|t:|1657166195
|move|p2a: Darkrai|Dark Pulse|p1a: Lugia
|-supereffective|p1a: Lugia
|-damage|p1a: Lugia|49/100
|move|p1a: Lugia|Ice Beam|p2a: Darkrai
|-damage|p2a: Darkrai|8/100
|
|upkeep
|turn|16
|inactive|Birds27 has 120 seconds left.
|c|☆Birds27|Really well played soda49
|
|t:|1657166208
|move|p2a: Darkrai|Dark Pulse|p1a: Lugia
|-supereffective|p1a: Lugia
|-damage|p1a: Lugia|0 fnt
|faint|p1a: Lugia
|
|win|Soda49
|raw|Birds27's rating: 1815 &rarr; <strong>1798</strong><br />(-17 for losing)
|raw|Soda49's rating: 1862 &rarr; <strong>1879</strong><br />(+17 for winning)
|c|☆Soda49|This was my first game with Darkrai
|l| Pokemh
|c|☆Birds27|Congratulations
|c|☆Soda49|Gg
|c|☆Birds27|U played amazinf
|c|☆Birds27|really
|l|☆Birds27
|c|☆Soda49|Lol
||Ladder isn't responding, score probably updated but might not have (Request timeout).
