|j|☆RUiNtheExtinct
|j|☆TomoTaco69
|t:|1664728038
|gametype|singles
|player|p1|RUiNtheExtinct|red-gen7|1796
|player|p2|TomoTaco69|170|1680
|teamsize|p1|6
|teamsize|p2|6
|gen|8
|tier|[Gen 8] National Dex AG
|rated|
|rule|HP Percentage Mod: HP is shown in percentages
|rule|Endless Battle Clause: Forcing endless battles is banned
|clearpoke
|poke|p1|Groudon|
|poke|p1|Ditto|
|poke|p1|Rayquaza|
|poke|p1|Yveltal|
|poke|p1|Smeargle, F|
|poke|p1|Arceus-*|
|poke|p2|Ho-Oh|
|poke|p2|Marshadow|
|poke|p2|Yveltal|
|poke|p2|Necrozma-Dusk-Mane|
|poke|p2|Eternatus|
|poke|p2|Ditto|
|teampreview
|inactive|Battle timer is ON: inactive players will automatically lose when time's up. (requested by TomoTaco69)
|
|t:|1664728044
|start
|switch|p1a: Groudon|Groudon|100/100
|switch|p2a: Ditto|Ditto, shiny|100/100
|-transform|p2a: Ditto|p1a: Groudon|[from] ability: Imposter
|-weather|SunnyDay|[from] ability: Drought|[of] p2a: Ditto
|detailschange|p1a: Groudon|Groudon-Primal
|-primal|p1a: Groudon
|-weather|DesolateLand|[from] ability: Desolate Land|[of] p1a: Groudon
|turn|1
|
|t:|1664728049
|move|p2a: Ditto|Earthquake|p1a: Groudon
|-supereffective|p1a: Groudon
|-crit|p1a: Groudon
|-damage|p1a: Groudon|0 fnt
|faint|p1a: Groudon
|-weather|none
|
|upkeep
|
|t:|1664728055
|switch|p1a: Smeargle|Smeargle, F|100/100
|turn|2
|
|t:|1664728061
|switch|p2a: Necrozma|Necrozma-Dusk-Mane, shiny|100/100
|move|p1a: Smeargle|Spore|p2a: Necrozma
|-status|p2a: Necrozma|slp|[from] move: Spore
|
|-ability|p1a: Smeargle|Moody|boost
|-boost|p1a: Smeargle|spe|2
|-unboost|p1a: Smeargle|atk|1
|upkeep
|turn|3
|
|t:|1664728066
|switch|p2a: Ditto|Ditto, shiny|100/100
|-transform|p2a: Ditto|p1a: Smeargle|[from] ability: Imposter
|move|p1a: Smeargle|Shell Smash|p1a: Smeargle
|-unboost|p1a: Smeargle|def|1
|-unboost|p1a: Smeargle|spd|1
|-boost|p1a: Smeargle|atk|2
|-boost|p1a: Smeargle|spa|2
|-boost|p1a: Smeargle|spe|2
|
|-ability|p2a: Ditto|Moody|boost
|-boost|p2a: Ditto|def|2
|-unboost|p2a: Ditto|spe|1
|-ability|p1a: Smeargle|Moody|boost
|-boost|p1a: Smeargle|spe|2
|-unboost|p1a: Smeargle|atk|1
|upkeep
|turn|4
|
|t:|1664728075
|switch|p2a: Necrozma|Necrozma-Dusk-Mane, shiny|100/100 slp
|move|p1a: Smeargle|Spore|p2a: Necrozma
|-fail|p2a: Necrozma|slp
|
|-ability|p1a: Smeargle|Moody|boost
|-boost|p1a: Smeargle|spa|2
|-unboost|p1a: Smeargle|spd|1
|upkeep
|turn|5
|
|t:|1664728080
|move|p1a: Smeargle|Substitute|p1a: Smeargle
|-start|p1a: Smeargle|Substitute
|-damage|p1a: Smeargle|76/100
|cant|p2a: Necrozma|slp
|
|-ability|p1a: Smeargle|Moody|boost
|-boost|p1a: Smeargle|spa|2
|-unboost|p1a: Smeargle|spd|1
|upkeep
|turn|6
|
|t:|1664728084
|move|p1a: Smeargle|Shell Smash|p1a: Smeargle
|-unboost|p1a: Smeargle|def|1
|-unboost|p1a: Smeargle|spd|1
|-boost|p1a: Smeargle|atk|2
|-boost|p1a: Smeargle|spa|0
|-boost|p1a: Smeargle|spe|0
|-curestatus|p2a: Necrozma|slp|[msg]
|move|p2a: Necrozma|Sunsteel Strike|p1a: Smeargle
|-end|p1a: Smeargle|Substitute
|
|-ability|p1a: Smeargle|Moody|boost
|-boost|p1a: Smeargle|atk|2
|-unboost|p1a: Smeargle|def|1
|upkeep
|turn|7
|
|t:|1664728089
|move|p1a: Smeargle|Spore|p2a: Necrozma
|-status|p2a: Necrozma|slp|[from] move: Spore
|cant|p2a: Necrozma|slp
|
|-ability|p1a: Smeargle|Moody|boost
|-boost|p1a: Smeargle|atk|2
|-unboost|p1a: Smeargle|spe|1
|upkeep
|turn|8
|
|t:|1664728091
|switch|p2a: Ditto|Ditto, shiny|100/100
|-transform|p2a: Ditto|p1a: Smeargle|[from] ability: Imposter
|move|p1a: Smeargle|Substitute|p1a: Smeargle
|-start|p1a: Smeargle|Substitute
|-damage|p1a: Smeargle|51/100
|
|-ability|p2a: Ditto|Moody|boost
|-boost|p2a: Ditto|def|2
|-unboost|p2a: Ditto|spe|1
|-ability|p1a: Smeargle|Moody|boost
|-boost|p1a: Smeargle|def|2
|-unboost|p1a: Smeargle|atk|1
|upkeep
|turn|9
|
|t:|1664728104
|switch|p2a: Necrozma|Necrozma-Dusk-Mane, shiny|100/100 slp
|move|p1a: Smeargle|Spore|p2a: Necrozma
|-fail|p2a: Necrozma|slp
|
|-ability|p1a: Smeargle|Moody|boost
|-boost|p1a: Smeargle|spe|1
|-unboost|p1a: Smeargle|atk|1
|upkeep
|turn|10
|
|t:|1664728108
|move|p1a: Smeargle|Baton Pass|p1a: Smeargle
|
|t:|1664728110
|switch|p1a: Rayquaza|Rayquaza|100/100|[from]move: Baton Pass
|-ability|p1a: Rayquaza|Air Lock
|cant|p2a: Necrozma|slp
|
|upkeep
|turn|11
|
|t:|1664728113
|detailschange|p1a: Rayquaza|Rayquaza-Mega
|-mega|p1a: Rayquaza|Rayquaza|
|-weather|DeltaStream|[from] ability: Delta Stream|[of] p1a: Rayquaza
|move|p1a: Rayquaza|Earthquake|p2a: Necrozma
|-supereffective|p2a: Necrozma
|-damage|p2a: Necrozma|0 fnt
|faint|p2a: Necrozma
|-damage|p1a: Rayquaza|91/100|[from] item: Life Orb
|
|-weather|DeltaStream|[upkeep]
|upkeep
|
|t:|1664728122
|switch|p2a: Marshadow|Marshadow|100/100
|turn|12
|
|t:|1664728130
|-weather|none
|switch|p1a: Smeargle|Smeargle, F|51/100
|move|p2a: Marshadow|Spectral Thief|p1a: Smeargle
|-immune|p1a: Smeargle
|
|-ability|p1a: Smeargle|Moody|boost
|-boost|p1a: Smeargle|def|2
|-unboost|p1a: Smeargle|atk|1
|upkeep
|turn|13
|
|t:|1664728136
|switch|p1a: Yveltal|Yveltal|100/100
|-ability|p1a: Yveltal|Dark Aura
|move|p2a: Marshadow|Close Combat|p1a: Yveltal
|-damage|p1a: Yveltal|42/100
|-unboost|p2a: Marshadow|def|1
|-unboost|p2a: Marshadow|spd|1
|
|upkeep
|turn|14
|
|t:|1664728140
|move|p2a: Marshadow|Close Combat|p1a: Yveltal
|-damage|p1a: Yveltal|0 fnt
|-unboost|p2a: Marshadow|def|1
|-unboost|p2a: Marshadow|spd|1
|faint|p1a: Yveltal
|
|upkeep
|
|t:|1664728143
|switch|p1a: Arceus|Arceus-Flying|100/100
|turn|15
|
|t:|1664728148
|switch|p2a: Ho-Oh|Ho-Oh, shiny|100/100
|move|p1a: Arceus|Earthquake|p2a: Ho-Oh
|-immune|p2a: Ho-Oh
|
|upkeep
|turn|16
|
|t:|1664728152
|switch|p1a: Smeargle|Smeargle, F|51/100
|move|p2a: Ho-Oh|Sacred Fire|p1a: Smeargle
|-damage|p1a: Smeargle|0 fnt
|faint|p1a: Smeargle
|
|upkeep
|
|t:|1664728158
|switch|p1a: Rayquaza|Rayquaza-Mega|91/100
|-weather|DeltaStream|[from] ability: Delta Stream|[of] p1a: Rayquaza
|turn|17
|
|t:|1664728161
|move|p1a: Rayquaza|Dragon Ascent|p2a: Ho-Oh
|-damage|p2a: Ho-Oh|39/100
|-unboost|p1a: Rayquaza|def|1
|-unboost|p1a: Rayquaza|spd|1
|-damage|p1a: Rayquaza|81/100|[from] item: Life Orb
|move|p2a: Ho-Oh|Whirlwind|p1a: Rayquaza
|-weather|none
|drag|p1a: Arceus|Arceus-Flying|100/100
|
|upkeep
|turn|18
|
|t:|1664728166
|-start|p1a: Arceus|Dynamax|
|-heal|p1a: Arceus|100/100|[silent]
|move|p1a: Arceus|Max Airstream|p2a: Ho-Oh
|-damage|p2a: Ho-Oh|0 fnt
|-boost|p1a: Arceus|spe|1
|faint|p2a: Ho-Oh
|
|upkeep
|
|t:|1664728170
|switch|p2a: Eternatus|Eternatus|100/100
|-ability|p2a: Eternatus|Pressure
|turn|19
|
|t:|1664728175
|move|p1a: Arceus|Max Quake|p2a: Eternatus
|-supereffective|p2a: Eternatus
|-damage|p2a: Eternatus|26/100
|-boost|p1a: Arceus|spd|1
|move|p2a: Eternatus|Recover|p2a: Eternatus
|-heal|p2a: Eternatus|76/100
|
|-heal|p2a: Eternatus|82/100|[from] item: Black Sludge
|upkeep
|turn|20
|
|t:|1664728179
|switch|p2a: Yveltal|Yveltal, shiny|100/100
|-ability|p2a: Yveltal|Dark Aura
|move|p1a: Arceus|Max Quake|p2a: Yveltal
|-immune|p2a: Yveltal
|
|upkeep
|-end|p1a: Arceus|Dynamax
|-heal|p1a: Arceus|100/100|[silent]
|turn|21
|
|t:|1664728192
|-start|p2a: Yveltal|Dynamax|
|-heal|p2a: Yveltal|100/100|[silent]
|move|p1a: Arceus|Fly||[still]
|-prepare|p1a: Arceus|Fly
|move|p2a: Yveltal|Max Airstream|p1a: Arceus|[miss]
|-miss|p2a: Yveltal|p1a: Arceus
|
|upkeep
|turn|22
|
|t:|1664728194
|move|p1a: Arceus|Fly|p2a: Yveltal|[from]lockedmove
|-damage|p2a: Yveltal|75/100
|move|p2a: Yveltal|Max Airstream|p1a: Arceus
|-damage|p1a: Arceus|68/100
|-boost|p2a: Yveltal|spe|1
|
|upkeep
|turn|23
|
|t:|1664728198
|move|p2a: Yveltal|Max Darkness|p1a: Arceus
|-damage|p1a: Arceus|30/100
|-unboost|p1a: Arceus|spd|1
|move|p1a: Arceus|Recover|p1a: Arceus
|-heal|p1a: Arceus|80/100
|
|upkeep
|-end|p2a: Yveltal|Dynamax
|-heal|p2a: Yveltal|75/100|[silent]
|turn|24
|
|t:|1664728204
|move|p2a: Yveltal|Dark Pulse|p1a: Arceus
|-damage|p1a: Arceus|43/100
|move|p1a: Arceus|Recover|p1a: Arceus
|-heal|p1a: Arceus|93/100
|
|upkeep
|turn|25
|
|t:|1664728208
|move|p2a: Yveltal|Dark Pulse|p1a: Arceus
|-damage|p1a: Arceus|55/100
|move|p1a: Arceus|Fly||[still]
|-prepare|p1a: Arceus|Fly
|
|upkeep
|turn|26
|
|t:|1664728211
|move|p2a: Yveltal|Dark Pulse|p1a: Arceus|[miss]
|-miss|p2a: Yveltal|p1a: Arceus
|move|p1a: Arceus|Fly|p2a: Yveltal|[from]lockedmove
|-damage|p2a: Yveltal|21/100
|
|upkeep
|turn|27
|
|t:|1664728214
|move|p2a: Yveltal|Dark Pulse|p1a: Arceus
|-damage|p1a: Arceus|21/100
|cant|p1a: Arceus|flinch
|
|upkeep
|turn|28
|
|t:|1664728221
|switch|p1a: Ditto|Ditto|100/100
|-transform|p1a: Ditto|p2a: Yveltal|[from] ability: Imposter
|-ability|p1a: Ditto|Dark Aura
|move|p2a: Yveltal|Dark Pulse|p1a: Ditto
|-resisted|p1a: Ditto
|-damage|p1a: Ditto|71/100
|
|upkeep
|turn|29
|
|t:|1664728227
|switch|p2a: Eternatus|Eternatus|82/100
|-ability|p2a: Eternatus|Pressure
|move|p1a: Ditto|Oblivion Wing|p2a: Eternatus
|-damage|p2a: Eternatus|49/100
|-heal|p1a: Ditto|100/100|[from] drain|[of] p2a: Eternatus
|
|-heal|p2a: Eternatus|55/100|[from] item: Black Sludge
|upkeep
|turn|30
|
|t:|1664728232
|switch|p1a: Rayquaza|Rayquaza-Mega|81/100
|-weather|DeltaStream|[from] ability: Delta Stream|[of] p1a: Rayquaza
|move|p2a: Eternatus|Recover|p2a: Eternatus
|-heal|p2a: Eternatus|100/100
|
|-weather|DeltaStream|[upkeep]
|upkeep
|turn|31
|
|t:|1664728235
|move|p2a: Eternatus|Dynamax Cannon|p1a: Rayquaza
|-supereffective|p1a: Rayquaza
|-damage|p1a: Rayquaza|0 fnt
|faint|p1a: Rayquaza
|-weather|none
|
|upkeep
|
|t:|1664728238
|switch|p1a: Ditto|Ditto|100/100
|-transform|p1a: Ditto|p2a: Eternatus|[from] ability: Imposter
|-ability|p1a: Ditto|Pressure
|turn|32
|
|t:|1664728242
|move|p1a: Ditto|Dynamax Cannon|p2a: Eternatus
|-supereffective|p2a: Eternatus
|-damage|p2a: Eternatus|20/100
|move|p2a: Eternatus|Dynamax Cannon|p1a: Ditto
|-supereffective|p1a: Ditto
|-damage|p1a: Ditto|0 fnt
|faint|p1a: Ditto
|
|-heal|p2a: Eternatus|26/100|[from] item: Black Sludge
|upkeep
|c|☆RUiNtheExtinct|gg
|-message|RUiNtheExtinct forfeited.
|
|win|TomoTaco69
|raw|RUiNtheExtinct's rating: 1796 &rarr; <strong>1770</strong><br />(-26 for losing)
|raw|TomoTaco69's rating: 1680 &rarr; <strong>1706</strong><br />(+26 for winning)
|c|☆TomoTaco69|gg
|l|☆RUiNtheExtinct
