|j|☆VsP 2969
|j|☆Weaklings Begone!
|t:|1662524852
|gametype|singles
|player|p1|VsP 2969|169|1336
|player|p2|Weaklings Begone!|tucker-gen3|1379
|teamsize|p1|6
|teamsize|p2|6
|gen|8
|tier|[Gen 8] National Dex AG
|rated|
|rule|HP Percentage Mod: HP is shown in percentages
|rule|Endless Battle Clause: Forcing endless battles is banned
|clearpoke
|poke|p1|Arceus-*|
|poke|p1|Rayquaza|
|poke|p1|Kyogre|
|poke|p1|Necrozma-Dusk-Mane|
|poke|p1|Calyrex-Shadow|
|poke|p1|Smeargle, F|
|poke|p2|Gengar, M|
|poke|p2|Marshadow|
|poke|p2|Xerneas-*|
|poke|p2|Zygarde|
|poke|p2|Yveltal|
|poke|p2|Groudon|
|teampreview
|inactive|Battle timer is ON: inactive players will automatically lose when time's up. (requested by Weaklings Begone!)
|
|t:|1662524861
|start
|switch|p1a: Smeargle|Smeargle, F|100/100
|switch|p2a: Dark Brandon|Gengar, M, shiny|100/100
|turn|1
|
|t:|1662524870
|detailschange|p2a: Dark Brandon|Gengar-Mega, M, shiny
|-mega|p2a: Dark Brandon|Gengar|Gengarite
|move|p2a: Dark Brandon|Substitute|p2a: Dark Brandon
|-start|p2a: Dark Brandon|Substitute
|-damage|p2a: Dark Brandon|76/100
|move|p1a: Smeargle|Spore||[still]
|-fail|p1a: Smeargle
|
|-ability|p1a: Smeargle|Moody|boost
|-boost|p1a: Smeargle|spd|2
|-unboost|p1a: Smeargle|atk|1
|upkeep
|turn|2
|
|t:|1662524884
|move|p2a: Dark Brandon|Encore|p1a: Smeargle
|-start|p1a: Smeargle|Encore
|move|p1a: Smeargle|Spore||[still]
|-fail|p1a: Smeargle
|
|-ability|p1a: Smeargle|Moody|boost
|-boost|p1a: Smeargle|spd|2
|-unboost|p1a: Smeargle|spa|1
|upkeep
|turn|3
|
|t:|1662524897
|move|p2a: Dark Brandon|Sludge Wave|p1a: Smeargle
|-damage|p1a: Smeargle|60/100
|move|p1a: Smeargle|Spore||[still]
|-fail|p1a: Smeargle
|
|-ability|p1a: Smeargle|Moody|boost
|-boost|p1a: Smeargle|def|2
|-unboost|p1a: Smeargle|spe|1
|upkeep
|turn|4
|
|t:|1662524909
|move|p2a: Dark Brandon|Sludge Wave|p1a: Smeargle
|-damage|p1a: Smeargle|17/100
|move|p1a: Smeargle|Spore||[still]
|-fail|p1a: Smeargle
|
|-end|p1a: Smeargle|Encore
|-ability|p1a: Smeargle|Moody|boost
|-boost|p1a: Smeargle|def|2
|-unboost|p1a: Smeargle|atk|1
|upkeep
|turn|5
|inactive|VsP 2969 has 120 seconds left.
|
|t:|1662524939
|move|p2a: Dark Brandon|Sludge Wave|p1a: Smeargle
|-damage|p1a: Smeargle|0 fnt
|faint|p1a: Smeargle
|
|upkeep
|inactive|VsP 2969 has 120 seconds left.
|
|t:|1662524946
|switch|p1a: Kyogre|Kyogre|100/100
|detailschange|p1a: Kyogre|Kyogre-Primal
|-primal|p1a: Kyogre
|-weather|PrimordialSea|[from] ability: Primordial Sea|[of] p1a: Kyogre
|turn|6
|
|t:|1662524952
|move|p2a: Dark Brandon|Sludge Wave|p1a: Kyogre
|-damage|p1a: Kyogre|62/100
|move|p1a: Kyogre|Water Spout|p2a: Dark Brandon
|-end|p2a: Dark Brandon|Substitute
|
|-weather|PrimordialSea|[upkeep]
|upkeep
|turn|7
|
|t:|1662524962
|switch|p2a: StolenSun|Groudon|100/100
|detailschange|p2a: StolenSun|Groudon-Primal
|-primal|p2a: StolenSun
|-weather|DesolateLand|[from] ability: Desolate Land|[of] p2a: StolenSun
|move|p1a: Kyogre|Origin Pulse||[still]
|-fail|p1a: Kyogre|Origin Pulse|[from] Desolate Land
|
|-weather|DesolateLand|[upkeep]
|upkeep
|turn|8
|
|t:|1662524978
|switch|p1a: Arceus|Arceus|100/100
|move|p2a: StolenSun|Stealth Rock|p1a: Arceus
|-sidestart|p1: VsP 2969|move: Stealth Rock
|
|-weather|DesolateLand|[upkeep]
|upkeep
|turn|9
|
|t:|1662524985
|move|p1a: Arceus|Swords Dance|p1a: Arceus
|-boost|p1a: Arceus|atk|2
|move|p2a: StolenSun|Precipice Blades|p1a: Arceus|[miss]
|-miss|p2a: StolenSun|p1a: Arceus
|
|-weather|DesolateLand|[upkeep]
|upkeep
|turn|10
|
|t:|1662524997
|-start|p1a: Arceus|Dynamax|
|-heal|p1a: Arceus|100/100|[silent]
|move|p1a: Arceus|Max Quake|p2a: StolenSun
|-supereffective|p2a: StolenSun
|-damage|p2a: StolenSun|0 fnt
|-boost|p1a: Arceus|spd|1
|faint|p2a: StolenSun
|-weather|none
|-damage|p1a: Arceus|96/100|[from] item: Life Orb
|
|upkeep
|
|t:|1662525009
|switch|p2a: Kick Rocks|Yveltal|100/100
|-ability|p2a: Kick Rocks|Dark Aura
|turn|11
|
|t:|1662525015
|-start|p2a: Kick Rocks|Dynamax|
|-heal|p2a: Kick Rocks|100/100|[silent]
|move|p1a: Arceus|Max Strike|p2a: Kick Rocks
|-damage|p2a: Kick Rocks|17/100
|-unboost|p2a: Kick Rocks|spe|1
|-damage|p1a: Arceus|91/100|[from] item: Life Orb
|move|p2a: Kick Rocks|Max Airstream|p1a: Arceus
|-damage|p1a: Arceus|67/100
|-boost|p2a: Kick Rocks|spe|1
|-damage|p2a: Kick Rocks|12/100|[from] item: Life Orb
|
|upkeep
|turn|12
|
|t:|1662525030
|move|p1a: Arceus|Max Strike|p2a: Kick Rocks
|-damage|p2a: Kick Rocks|0 fnt
|faint|p2a: Kick Rocks
|-damage|p1a: Arceus|62/100|[from] item: Life Orb
|
|upkeep
|
|t:|1662525034
|switch|p2a: Dark Brandon|Gengar-Mega, M, shiny|76/100
|-end|p1a: Arceus|Dynamax
|-heal|p1a: Arceus|63/100|[silent]
|turn|13
|
|t:|1662525041
|move|p2a: Dark Brandon|Encore|p1a: Arceus
|-start|p1a: Arceus|Encore
|move|p1a: Arceus|Extreme Speed|p2a: Dark Brandon
|-immune|p2a: Dark Brandon
|
|upkeep
|turn|14
|
|t:|1662525048
|move|p1a: Arceus|Extreme Speed|p2a: Dark Brandon
|-immune|p2a: Dark Brandon
|move|p2a: Dark Brandon|Substitute|p2a: Dark Brandon
|-start|p2a: Dark Brandon|Substitute
|-damage|p2a: Dark Brandon|51/100
|
|upkeep
|turn|15
|
|t:|1662525056
|move|p1a: Arceus|Extreme Speed|p2a: Dark Brandon
|-immune|p2a: Dark Brandon
|move|p2a: Dark Brandon|Sludge Wave|p1a: Arceus
|-damage|p1a: Arceus|32/100
|
|-end|p1a: Arceus|Encore
|upkeep
|turn|16
|
|t:|1662525068
|move|p2a: Dark Brandon|Encore|p1a: Arceus
|-start|p1a: Arceus|Encore
|move|p1a: Arceus|Extreme Speed|p2a: Dark Brandon
|-immune|p2a: Dark Brandon
|
|upkeep
|turn|17
|
|t:|1662525076
|move|p1a: Arceus|Extreme Speed|p2a: Dark Brandon
|-immune|p2a: Dark Brandon
|move|p2a: Dark Brandon|Sludge Wave|p1a: Arceus
|-damage|p1a: Arceus|0 fnt
|faint|p1a: Arceus
|
|upkeep
|
|t:|1662525089
|switch|p1a: Kyogre|Kyogre-Primal|62/100
|-damage|p1a: Kyogre|49/100|[from] Stealth Rock
|-weather|PrimordialSea|[from] ability: Primordial Sea|[of] p1a: Kyogre
|turn|18
|
|t:|1662525096
|move|p2a: Dark Brandon|Sludge Wave|p1a: Kyogre
|-damage|p1a: Kyogre|5/100
|move|p1a: Kyogre|Origin Pulse|p2a: Dark Brandon
|-end|p2a: Dark Brandon|Substitute
|
|-weather|PrimordialSea|[upkeep]
|upkeep
|turn|19
|
|t:|1662525105
|move|p2a: Dark Brandon|Shadow Ball|p1a: Kyogre
|-damage|p1a: Kyogre|0 fnt
|faint|p1a: Kyogre
|-weather|none
|
|upkeep
|
|t:|1662525115
|switch|p1a: Calyrex|Calyrex-Shadow|100/100
|-ability|p1a: Calyrex|As One
|-ability|p1a: Calyrex|Unnerve
|-damage|p1a: Calyrex|88/100|[from] Stealth Rock
|turn|20
|
|t:|1662525142
|switch|p2a: Mambo Slim|Zygarde|100/100
|move|p1a: Calyrex|Astral Barrage|p2a: Mambo Slim
|-crit|p2a: Mambo Slim
|-damage|p2a: Mambo Slim|0 fnt
|faint|p2a: Mambo Slim
|-ability|p1a: Calyrex|Grim Neigh|boost
|-boost|p1a: Calyrex|spa|1
|
|upkeep
|
|t:|1662525144
|switch|p2a: Slizered|Marshadow|100/100
|turn|21
|
|t:|1662525157
|move|p2a: Slizered|Shadow Sneak|p1a: Calyrex
|-supereffective|p1a: Calyrex
|-crit|p1a: Calyrex
|-damage|p1a: Calyrex|0 fnt
|faint|p1a: Calyrex
|-damage|p2a: Slizered|91/100|[from] item: Life Orb
|
|upkeep
|
|t:|1662525166
|switch|p1a: Rayquaza|Rayquaza|100/100
|-damage|p1a: Rayquaza|76/100|[from] Stealth Rock
|-ability|p1a: Rayquaza|Air Lock
|turn|22
|
|t:|1662525178
|move|p2a: Slizered|Poltergeist|p1a: Rayquaza
|-activate|p1a: Rayquaza|move: Poltergeist|Lum Berry
|-damage|p1a: Rayquaza|0 fnt
|faint|p1a: Rayquaza
|-damage|p2a: Slizered|81/100|[from] item: Life Orb
|
|upkeep
|
|t:|1662525186
|switch|p1a: Necrozma|Necrozma-Dusk-Mane|100/100
|-damage|p1a: Necrozma|95/100|[from] Stealth Rock
|turn|23
|
|t:|1662525196
|detailschange|p1a: Necrozma|Necrozma-Ultra
|-burst|p1a: Necrozma|Necrozma|Ultranecrozium Z
|move|p1a: Necrozma|Photon Geyser|p2a: Slizered
|-supereffective|p2a: Slizered
|-damage|p2a: Slizered|0 fnt
|faint|p2a: Slizered
|
|upkeep
|
|t:|1662525208
|switch|p2a: Dark Brandon|Gengar-Mega, M, shiny|51/100
|turn|24
|
|t:|1662525215
|move|p2a: Dark Brandon|Shadow Ball|p1a: Necrozma
|-supereffective|p1a: Necrozma
|-damage|p1a: Necrozma|0 fnt
|faint|p1a: Necrozma
|
|win|Weaklings Begone!
|raw|VsP 2969's rating: 1336 &rarr; <strong>1318</strong><br />(-18 for losing)
|raw|Weaklings Begone!'s rating: 1379 &rarr; <strong>1397</strong><br />(+18 for winning)
|c|☆VsP 2969|Can you show team pls
|c|☆VsP 2969|??
||Ladder isn't responding, score probably updated but might not have (Request timeout).
