|j|☆IamyourmomB)
|j|☆toxic124
|t:|1655293363
|gametype|singles
|player|p1|IamyourmomB)|unknownf|1554
|player|p2|toxic124|jogger|1719
|teamsize|p1|6
|teamsize|p2|6
|gen|8
|tier|[Gen 8] National Dex AG
|rated|
|rule|HP Percentage Mod: HP is shown in percentages
|rule|Endless Battle Clause: Forcing endless battles is banned
|clearpoke
|poke|p1|Galvantula, F|
|poke|p1|Kangaskhan, F|
|poke|p1|Mudkip, M|
|poke|p1|Omastar, F|
|poke|p1|Pheromosa|
|poke|p1|Dragonite, F|
|poke|p2|Calyrex-Shadow|
|poke|p2|Tyranitar, F|
|poke|p2|Marshadow|
|poke|p2|Ho-Oh|
|poke|p2|Groudon|
|poke|p2|Arceus-*|
|teampreview
|inactive|Battle timer is ON: inactive players will automatically lose when time's up. (requested by toxic124)
|inactive|IamyourmomB) also wants the timer to be on.
|
|t:|1655293379
|start
|switch|p1a: Pheromosa|Pheromosa|100/100
|switch|p2a: Arceus|Arceus-Water|100/100
|turn|1
|
|t:|1655293387
|move|p1a: Pheromosa|U-turn|p2a: Arceus
|-damage|p2a: Arceus|80/100
|
|t:|1655293389
|switch|p1a: Galvantula|Galvantula, F|100/100|[from]move: U-turn
|move|p2a: Arceus|Ice Beam|p1a: Galvantula
|-damage|p1a: Galvantula|57/100
|
|upkeep
|turn|2
|
|t:|1655293395
|switch|p2a: Tyranitar|Tyranitar, F|100/100
|-weather|Sandstorm|[from] ability: Sand Stream|[of] p2a: Tyranitar
|move|p1a: Galvantula|Sticky Web|p2a: Tyranitar
|-sidestart|p2: toxic124|move: Sticky Web
|
|-weather|Sandstorm|[upkeep]
|-damage|p1a: Galvantula|51/100|[from] Sandstorm
|upkeep
|turn|3
|
|t:|1655293405
|switch|p1a: Pheromosa|Pheromosa|100/100
|detailschange|p2a: Tyranitar|Tyranitar-Mega, F
|-mega|p2a: Tyranitar|Tyranitar|Tyranitarite
|move|p2a: Tyranitar|Rock Tomb|p1a: Pheromosa
|-damage|p1a: Pheromosa|17/100
|-unboost|p1a: Pheromosa|spe|1
|
|-weather|Sandstorm|[upkeep]
|-damage|p1a: Pheromosa|11/100|[from] Sandstorm
|upkeep
|turn|4
|
|t:|1655293421
|switch|p2a: Arceus|Arceus-Water|80/100
|-activate|p2a: Arceus|move: Sticky Web
|-unboost|p2a: Arceus|spe|1
|move|p1a: Pheromosa|Close Combat|p2a: Arceus
|-damage|p2a: Arceus|40/100
|-unboost|p1a: Pheromosa|def|1
|-unboost|p1a: Pheromosa|spd|1
|
|-weather|Sandstorm|[upkeep]
|-damage|p1a: Pheromosa|5/100|[from] Sandstorm
|-damage|p2a: Arceus|34/100|[from] Sandstorm
|upkeep
|turn|5
|
|t:|1655293435
|switch|p2a: Ho-Oh|Ho-Oh|100/100
|move|p1a: Pheromosa|Close Combat|p2a: Ho-Oh
|-resisted|p2a: Ho-Oh
|-damage|p2a: Ho-Oh|73/100
|-unboost|p1a: Pheromosa|def|1
|-unboost|p1a: Pheromosa|spd|1
|
|-weather|Sandstorm|[upkeep]
|-damage|p1a: Pheromosa|0 fnt|[from] Sandstorm
|-damage|p2a: Ho-Oh|67/100|[from] Sandstorm
|faint|p1a: Pheromosa
|upkeep
|
|t:|1655293444
|switch|p1a: Omastar|Omastar, F|100/100
|turn|6
|
|t:|1655293462
|switch|p2a: Arceus|Arceus-Water|34/100
|-activate|p2a: Arceus|move: Sticky Web
|-unboost|p2a: Arceus|spe|1
|move|p1a: Omastar|Shell Smash|p1a: Omastar
|-unboost|p1a: Omastar|def|1
|-unboost|p1a: Omastar|spd|1
|-boost|p1a: Omastar|atk|2
|-boost|p1a: Omastar|spa|2
|-boost|p1a: Omastar|spe|2
|
|-weather|none
|upkeep
|turn|7
|
|t:|1655293473
|move|p1a: Omastar|Earth Power|p2a: Arceus
|-damage|p2a: Arceus|0 fnt
|faint|p2a: Arceus
|
|upkeep
|
|t:|1655293477
|switch|p2a: Marshadow|Marshadow|100/100
|-activate|p2a: Marshadow|move: Sticky Web
|-unboost|p2a: Marshadow|spe|1
|turn|8
|
|t:|1655293481
|switch|p1a: Kangaskhan|Kangaskhan, F|100/100
|move|p2a: Marshadow|Spectral Thief|p1a: Kangaskhan
|-immune|p1a: Kangaskhan
|
|upkeep
|turn|9
|
|t:|1655293489
|switch|p1a: Galvantula|Galvantula, F|51/100
|switch|p2a: Groudon|Groudon|100/100
|-activate|p2a: Groudon|move: Sticky Web
|-unboost|p2a: Groudon|spe|1
|detailschange|p2a: Groudon|Groudon-Primal
|-primal|p2a: Groudon
|-weather|DesolateLand|[from] ability: Desolate Land|[of] p2a: Groudon
|
|-weather|DesolateLand|[upkeep]
|upkeep
|turn|10
|
|t:|1655293499
|move|p1a: Galvantula|Bug Buzz|p2a: Groudon
|-resisted|p2a: Groudon
|-damage|p2a: Groudon|83/100
|move|p2a: Groudon|Rock Tomb|p1a: Galvantula
|-supereffective|p1a: Galvantula
|-damage|p1a: Galvantula|0 fnt
|faint|p1a: Galvantula
|
|-weather|DesolateLand|[upkeep]
|upkeep
|
|t:|1655293506
|switch|p1a: Dragonite|Dragonite, F|100/100
|turn|11
|
|t:|1655293511
|move|p1a: Dragonite|Dragon Dance|p1a: Dragonite
|-boost|p1a: Dragonite|atk|1
|-boost|p1a: Dragonite|spe|1
|move|p2a: Groudon|Rock Tomb|p1a: Dragonite
|-supereffective|p1a: Dragonite
|-damage|p1a: Dragonite|79/100
|-unboost|p1a: Dragonite|spe|1
|-enditem|p1a: Dragonite|Weakness Policy
|-boost|p1a: Dragonite|atk|2|[from] item: Weakness Policy
|-boost|p1a: Dragonite|spa|2|[from] item: Weakness Policy
|
|-weather|DesolateLand|[upkeep]
|upkeep
|turn|12
|
|t:|1655293521
|-start|p1a: Dragonite|Dynamax|
|-heal|p1a: Dragonite|79/100|[silent]
|move|p1a: Dragonite|Max Wyrmwind|p2a: Groudon
|-damage|p2a: Groudon|0 fnt
|faint|p2a: Groudon
|-weather|none
|
|upkeep
|
|t:|1655293530
|switch|p2a: Marshadow|Marshadow|100/100
|-activate|p2a: Marshadow|move: Sticky Web
|-unboost|p2a: Marshadow|spe|1
|turn|13
|
|t:|1655293535
|move|p2a: Marshadow|Spectral Thief||[still]
|-clearpositiveboost|p1a: Dragonite|p2a: Marshadow|move: Spectral Thief
|-boost|p2a: Marshadow|atk|3
|-boost|p2a: Marshadow|spa|2
|-anim|p2a: Marshadow|Spectral Thief|p1a: Dragonite
|-damage|p1a: Dragonite|22/100
|move|p1a: Dragonite|Max Airstream|p2a: Marshadow
|-supereffective|p2a: Marshadow
|-enditem|p2a: Marshadow|Focus Sash
|-damage|p2a: Marshadow|1/100
|-boost|p1a: Dragonite|spe|1
|
|upkeep
|turn|14
|
|t:|1655293549
|move|p2a: Marshadow|Shadow Sneak|p1a: Dragonite
|-damage|p1a: Dragonite|0 fnt
|faint|p1a: Dragonite
|
|upkeep
|
|t:|1655293551
|switch|p1a: Kangaskhan|Kangaskhan, F|100/100
|turn|15
|
|t:|1655293559
|detailschange|p1a: Kangaskhan|Kangaskhan-Mega, F
|-mega|p1a: Kangaskhan|Kangaskhan|Kangaskhanite
|move|p1a: Kangaskhan|Sucker Punch|p2a: Marshadow
|-damage|p2a: Marshadow|0 fnt
|faint|p2a: Marshadow
|-hitcount|p2: Marshadow|1
|
|upkeep
|
|t:|1655293564
|switch|p2a: Ho-Oh|Ho-Oh|99/100
|turn|16
|
|t:|1655293575
|move|p1a: Kangaskhan|Power-Up Punch|p2a: Ho-Oh
|-resisted|p2a: Ho-Oh
|-damage|p2a: Ho-Oh|94/100
|-boost|p1a: Kangaskhan|atk|1
|-resisted|p2a: Ho-Oh
|-damage|p2a: Ho-Oh|92/100
|-boost|p1a: Kangaskhan|atk|1
|-hitcount|p2a: Ho-Oh|2
|move|p2a: Ho-Oh|Defog|p1a: Kangaskhan
|-unboost|p1a: Kangaskhan|evasion|1
|-sideend|p2: toxic124|Sticky Web|[from] move: Defog|[of] p2a: Ho-Oh
|
|upkeep
|turn|17
|
|t:|1655293585
|move|p1a: Kangaskhan|Frustration|p2a: Ho-Oh
|-damage|p2a: Ho-Oh|16/100
|-damage|p2a: Ho-Oh|0 fnt
|faint|p2a: Ho-Oh
|-hitcount|p2: Ho-Oh|2
|
|upkeep
|
|t:|1655293592
|switch|p2a: Tyranitar|Tyranitar-Mega, F|100/100
|-weather|Sandstorm|[from] ability: Sand Stream|[of] p2a: Tyranitar
|turn|18
|
|t:|1655293596
|move|p1a: Kangaskhan|Drain Punch|p2a: Tyranitar
|-supereffective|p2a: Tyranitar
|-damage|p2a: Tyranitar|0 fnt
|faint|p2a: Tyranitar
|-hitcount|p2: Tyranitar|1
|
|-weather|Sandstorm|[upkeep]
|-damage|p1a: Kangaskhan|95/100|[from] Sandstorm
|upkeep
|-message|toxic124 forfeited.
|
|win|IamyourmomB)
|raw|IamyourmomB)'s rating: 1554 &rarr; <strong>1583</strong><br />(+29 for winning)
|raw|toxic124's rating: 1719 &rarr; <strong>1690</strong><br />(-29 for losing)
|l|☆toxic124
|c|☆IamyourmomB)|Gg
