|j|☆2A6O5++
|j|☆IamHrrimann
|t:|1635682080
|gametype|singles
|player|p1|2A6O5++|blue-gen2|
|player|p2|IamHrrimann|hilbert|
|teamsize|p1|6
|teamsize|p2|6
|gen|8
|tier|[Gen 8] National Dex AG
|rule|HP Percentage Mod: HP is shown in percentages
|rule|Endless Battle Clause: Forcing endless battles is banned
|clearpoke
|poke|p1|Zacian-*|
|poke|p1|Krookodile, F|
|poke|p1|Naganadel|
|poke|p1|Marshadow|
|poke|p1|Mandibuzz, F|
|poke|p1|Metagross|
|poke|p2|Gengar, M|
|poke|p2|Zacian-*|
|poke|p2|Toxapex, M|
|poke|p2|Incineroar, F|
|poke|p2|Naganadel|
|poke|p2|Klefki, M|
|teampreview
|
|t:|1635682126
|start
|switch|p1a: Metagross|Metagross|100/100
|switch|p2a: Klefki|Klefki, M|100/100
|turn|1
|j| Sanjog29
|
|t:|1635682134
|detailschange|p1a: Metagross|Metagross-Mega
|-mega|p1a: Metagross|Metagross|Metagrossite
|move|p2a: Klefki|Reflect|p2a: Klefki
|-sidestart|p2: IamHrrimann|Reflect
|move|p1a: Metagross|Stealth Rock|p2a: Klefki
|-sidestart|p2: IamHrrimann|move: Stealth Rock
|
|upkeep
|turn|2
|
|t:|1635682141
|move|p2a: Klefki|Thunder Wave|p1a: Metagross
|-status|p1a: Metagross|par
|cant|p1a: Metagross|par
|
|upkeep
|turn|3
|
|t:|1635682148
|move|p2a: Klefki|Light Screen|p2a: Klefki
|-sidestart|p2: IamHrrimann|move: Light Screen
|move|p1a: Metagross|Brick Break|p2a: Klefki
|-sideend|p2: IamHrrimann|Reflect
|-sideend|p2: IamHrrimann|move: Light Screen
|-damage|p2a: Klefki|67/100
|
|upkeep
|turn|4
|
|t:|1635682156
|move|p2a: Klefki|Reflect|p2a: Klefki
|-sidestart|p2: IamHrrimann|Reflect
|cant|p1a: Metagross|par
|
|upkeep
|turn|5
|
|t:|1635682175
|switch|p2a: Gengar|Gengar, M, shiny|100/100
|-damage|p2a: Gengar|88/100|[from] Stealth Rock
|move|p1a: Metagross|Brick Break|p2a: Gengar
|-immune|p2a: Gengar
|
|upkeep
|turn|6
|j| Antaraa
|c| Antaraa|Hax
|c| Antaraa|Shadow Ball incoming
|
|t:|1635682273
|switch|p1a: Krookodile|Krookodile, F|100/100
|detailschange|p2a: Gengar|Gengar-Mega, M, shiny
|-mega|p2a: Gengar|Gengar|Gengarite
|move|p2a: Gengar|Shadow Ball|p1a: Krookodile
|-resisted|p1a: Krookodile
|-damage|p1a: Krookodile|67/100
|
|upkeep
|turn|7
|c| Antaraa|Move dao 🙂
|inactive|Battle timer is ON: inactive players will automatically lose when time's up. (requested by IamHrrimann)
|
|t:|1635682333
|switch|p2a: Incineroar|Incineroar, F, shiny|100/100
|-damage|p2a: Incineroar|76/100|[from] Stealth Rock
|-ability|p2a: Incineroar|Intimidate|boost
|-unboost|p1a: Krookodile|atk|1
|move|p1a: Krookodile|Earthquake|p2a: Incineroar
|-supereffective|p2a: Incineroar
|-damage|p2a: Incineroar|45/100
|
|-heal|p2a: Incineroar|51/100|[from] item: Leftovers
|upkeep
|turn|8
|c|☆IamHrrimann|Bhai timer on korlm
|c| Antaraa|Ha Koro
|c| Antaraa|Onk late hoche
|c|☆2A6O5++|Network problem ektu
|inactive|2A6O5++ has 270 seconds left.
|
|t:|1635682363
|switch|p1a: Mandibuzz|Mandibuzz, F|100/100
|move|p2a: Incineroar|Parting Shot|p1a: Mandibuzz
|-unboost|p1a: Mandibuzz|atk|1
|-unboost|p1a: Mandibuzz|spa|1
|inactiveoff|Battle timer is now OFF.
|
|t:|1635682381
|switch|p2a: Zacian|Zacian-Crowned, shiny|100/100|[from]move: Parting Shot
|-damage|p2a: Zacian|94/100|[from] Stealth Rock
|-ability|p2a: Zacian|Intrepid Sword|boost
|-boost|p2a: Zacian|atk|1
|
|upkeep
|turn|9
|
|t:|1635682391
|move|p2a: Zacian|Behemoth Blade|p1a: Mandibuzz
|-damage|p1a: Mandibuzz|46/100
|move|p1a: Mandibuzz|U-turn|p2a: Zacian
|-resisted|p2a: Zacian
|-damage|p2a: Zacian|94/100
|
|t:|1635682402
|switch|p1a: Krookodile|Krookodile, F|67/100|[from]move: U-turn
|
|upkeep
|turn|10
|
|t:|1635682425
|switch|p1a: Metagross|Metagross-Mega|100/100 par
|move|p2a: Zacian|Behemoth Blade|p1a: Metagross
|-resisted|p1a: Metagross
|-damage|p1a: Metagross|61/100 par
|
|upkeep
|turn|11
|
|t:|1635682441
|switch|p2a: Incineroar|Incineroar, F, shiny|51/100
|-damage|p2a: Incineroar|26/100|[from] Stealth Rock
|-ability|p2a: Incineroar|Intimidate|boost
|-unboost|p1a: Metagross|atk|1
|cant|p1a: Metagross|par
|
|-heal|p2a: Incineroar|32/100|[from] item: Leftovers
|-sideend|p2: IamHrrimann|Reflect
|upkeep
|turn|12
|
|t:|1635682464
|switch|p1a: Mandibuzz|Mandibuzz, F|46/100
|move|p2a: Incineroar|Parting Shot|p1a: Mandibuzz
|-unboost|p1a: Mandibuzz|atk|1
|-unboost|p1a: Mandibuzz|spa|1
|
|t:|1635682477
|switch|p2a: Naganadel|Naganadel, shiny|100/100|[from]move: Parting Shot
|-damage|p2a: Naganadel|88/100|[from] Stealth Rock
|
|upkeep
|turn|13
|
|t:|1635682508
|-start|p2a: Naganadel|Dynamax
|-heal|p2a: Naganadel|88/100|[silent]
|move|p2a: Naganadel|Max Airstream|p1a: Mandibuzz
|-damage|p1a: Mandibuzz|0 fnt
|-boost|p2a: Naganadel|spe|1
|faint|p1a: Mandibuzz
|-ability|p2a: Naganadel|Beast Boost|boost
|-boost|p2a: Naganadel|spa|1
|-damage|p2a: Naganadel|83/100|[from] item: Life Orb
|
|upkeep
|
|t:|1635682521
|switch|p1a: Krookodile|Krookodile, F|67/100
|turn|14
|
|t:|1635682532
|move|p2a: Naganadel|Max Flare|p1a: Krookodile
|-damage|p1a: Krookodile|0 fnt
|-weather|SunnyDay
|faint|p1a: Krookodile
|-ability|p2a: Naganadel|Beast Boost|boost
|-boost|p2a: Naganadel|spa|1
|-damage|p2a: Naganadel|79/100|[from] item: Life Orb
|
|-weather|SunnyDay|[upkeep]
|upkeep
|
|t:|1635682547
|switch|p1a: Naganadel|Naganadel|100/100
|turn|15
|
|t:|1635682560
|switch|p1a: Metagross|Metagross-Mega|61/100 par
|move|p2a: Naganadel|Max Airstream|p1a: Metagross
|-resisted|p1a: Metagross
|-damage|p1a: Metagross|0 fnt
|-boost|p2a: Naganadel|spe|1
|faint|p1a: Metagross
|-ability|p2a: Naganadel|Beast Boost|boost
|-boost|p2a: Naganadel|spa|1
|-damage|p2a: Naganadel|74/100|[from] item: Life Orb
|
|-weather|SunnyDay|[upkeep]
|-end|p2a: Naganadel|Dynamax
|-heal|p2a: Naganadel|74/100|[silent]
|upkeep
|
|t:|1635682571
|switch|p1a: Naganadel|Naganadel|100/100
|turn|16
|
|t:|1635682582
|-start|p1a: Naganadel|Dynamax
|-heal|p1a: Naganadel|100/100|[silent]
|move|p2a: Naganadel|Dragon Pulse|p1a: Naganadel
|-supereffective|p1a: Naganadel
|-damage|p1a: Naganadel|0 fnt
|faint|p1a: Naganadel
|-ability|p2a: Naganadel|Beast Boost|boost
|-boost|p2a: Naganadel|spa|1
|-damage|p2a: Naganadel|64/100|[from] item: Life Orb
|
|-weather|SunnyDay|[upkeep]
|upkeep
|
|t:|1635682589
|switch|p1a: Zacian|Zacian-Crowned|100/100
|-ability|p1a: Zacian|Intrepid Sword|boost
|-boost|p1a: Zacian|atk|1
|turn|17
|
|t:|1635682597
|move|p2a: Naganadel|Flamethrower|p1a: Zacian
|-supereffective|p1a: Zacian
|-damage|p1a: Zacian|0 fnt
|faint|p1a: Zacian
|-ability|p2a: Naganadel|Beast Boost|boost
|-boost|p2a: Naganadel|spa|1
|-damage|p2a: Naganadel|54/100|[from] item: Life Orb
|
|-weather|SunnyDay|[upkeep]
|upkeep
|
|t:|1635682601
|switch|p1a: Marshadow|Marshadow|100/100
|turn|18
|
|t:|1635682609
|move|p2a: Naganadel|Air Slash|p1a: Marshadow
|-supereffective|p1a: Marshadow
|-enditem|p1a: Marshadow|Focus Sash
|-damage|p1a: Marshadow|1/100
|-damage|p2a: Naganadel|44/100|[from] item: Life Orb
|cant|p1a: Marshadow|flinch
|
|-weather|none
|upkeep
|turn|19
|c|☆2A6O5++|gg
|
|t:|1635682620
|move|p1a: Marshadow|Shadow Sneak|p2a: Naganadel
|-crit|p2a: Naganadel
|-damage|p2a: Naganadel|0 fnt
|faint|p2a: Naganadel
|
|upkeep
|
|t:|1635682631
|switch|p2a: Zacian|Zacian-Crowned, shiny|94/100
|-damage|p2a: Zacian|88/100|[from] Stealth Rock
|-ability|p2a: Zacian|Intrepid Sword|boost
|-boost|p2a: Zacian|atk|1
|turn|20
|
|t:|1635682640
|move|p1a: Marshadow|Shadow Sneak|p2a: Zacian
|-damage|p2a: Zacian|60/100
|move|p2a: Zacian|Behemoth Blade|p1a: Marshadow
|-damage|p1a: Marshadow|0 fnt
|faint|p1a: Marshadow
|
|win|IamHrrimann
|c|☆IamHrrimann|Gg
|l|☆2A6O5++
