|j|☆aggressive5
|j|☆Jayki11
|player|p1|aggressive5|102|1656
|player|p2|Jayki11|red|1465
|teamsize|p1|6
|teamsize|p2|6
|gametype|singles
|gen|8
|tier|[Gen 8] National Dex AG
|rated|
|clearpoke
|poke|p1|Marshadow|
|poke|p1|Rayquaza|
|poke|p1|Kyogre|
|poke|p1|Togedemaru, L1, M|
|poke|p1|Arceus-*|
|poke|p1|Aerodactyl, F|
|poke|p2|Zacian-Crowned|
|poke|p2|Yveltal|
|poke|p2|Groudon|
|poke|p2|Mewtwo|
|poke|p2|Necrozma-Dusk-Mane|
|poke|p2|Marshadow|
|rule|HP Percentage Mod: HP is shown in percentages
|rule|Endless Battle Clause: Forcing endless battles is banned
|teampreview
|inactive|Battle timer is ON: inactive players will automatically lose when time's up. (requested by Jayki11)
|inactive|aggressive5 also wants the timer to be on.
|
|start
|switch|p1a: Aerodactyl|Aerodactyl, F|100/100
|switch|p2a: Groudon|Groudon|100/100
|-ability|p1a: Aerodactyl|Unnerve|p2: Jayki11
|detailschange|p2a: Groudon|Groudon-Primal
|-primal|p2a: Groudon
|-weather|DesolateLand|[from] ability: Desolate Land|[of] p2a: Groudon
|turn|1
|
|move|p1a: Aerodactyl|Taunt|p2a: Groudon
|-start|p2a: Groudon|move: Taunt
|cant|p2a: Groudon|move: Taunt|Stealth Rock
|
|-weather|DesolateLand|[upkeep]
|upkeep
|turn|2
|
|move|p1a: Aerodactyl|Stealth Rock|p2a: Groudon
|-sidestart|p2: Jayki11|move: Stealth Rock
|move|p2a: Groudon|Overheat|p1a: Aerodactyl
|-resisted|p1a: Aerodactyl
|-damage|p1a: Aerodactyl|35/100
|-unboost|p2a: Groudon|spa|2
|
|-weather|DesolateLand|[upkeep]
|upkeep
|turn|3
|
|move|p1a: Aerodactyl|Rock Tomb|p2a: Groudon
|-damage|p2a: Groudon|85/100
|-unboost|p2a: Groudon|spe|1
|move|p2a: Groudon|Overheat|p1a: Aerodactyl
|-resisted|p1a: Aerodactyl
|-damage|p1a: Aerodactyl|4/100
|-unboost|p2a: Groudon|spa|2
|
|-weather|DesolateLand|[upkeep]
|-end|p2a: Groudon|move: Taunt
|upkeep
|turn|4
|
|move|p1a: Aerodactyl|Taunt|p2a: Groudon
|-start|p2a: Groudon|move: Taunt
|move|p2a: Groudon|Overheat|p1a: Aerodactyl
|-resisted|p1a: Aerodactyl
|-damage|p1a: Aerodactyl|0 fnt
|-unboost|p2a: Groudon|spa|2
|faint|p1a: Aerodactyl
|
|-weather|DesolateLand|[upkeep]
|upkeep
|
|switch|p1a: Arceus|Arceus-Ground|100/100
|turn|5
|
|-weather|none
|switch|p2a: Yveltal|Yveltal|100/100
|-damage|p2a: Yveltal|76/100|[from] Stealth Rock
|-ability|p2a: Yveltal|Dark Aura
|move|p1a: Arceus|Judgment|p2a: Yveltal
|-immune|p2a: Yveltal
|
|upkeep
|turn|6
|
|move|p1a: Arceus|Toxic|p2a: Yveltal|[miss]
|-miss|p1a: Arceus|p2a: Yveltal
|move|p2a: Yveltal|Oblivion Wing|p1a: Arceus
|-damage|p1a: Arceus|51/100
|-heal|p2a: Yveltal|100/100|[from] drain|[of] p1a: Arceus
|-damage|p2a: Yveltal|91/100|[from] item: Life Orb
|
|upkeep
|turn|7
|
|switch|p2a: Necrozma|Necrozma-Dusk-Mane|100/100
|-damage|p2a: Necrozma|94/100|[from] Stealth Rock
|move|p1a: Arceus|Toxic|p2a: Necrozma
|-immune|p2a: Necrozma
|
|-heal|p2a: Necrozma|100/100|[from] item: Leftovers
|upkeep
|turn|8
|
|move|p1a: Arceus|Judgment|p2a: Necrozma
|-supereffective|p2a: Necrozma
|-damage|p2a: Necrozma|57/100
|move|p2a: Necrozma|Toxic|p1a: Arceus
|-status|p1a: Arceus|tox
|
|-heal|p2a: Necrozma|63/100|[from] item: Leftovers
|-damage|p1a: Arceus|45/100 tox|[from] psn
|upkeep
|turn|9
|
|move|p1a: Arceus|Recover|p1a: Arceus
|-heal|p1a: Arceus|96/100 tox
|move|p2a: Necrozma|Morning Sun|p2a: Necrozma
|-heal|p2a: Necrozma|100/100
|
|-damage|p1a: Arceus|83/100 tox|[from] psn
|upkeep
|turn|10
|
|move|p1a: Arceus|Judgment|p2a: Necrozma
|-supereffective|p2a: Necrozma
|-damage|p2a: Necrozma|55/100
|move|p2a: Necrozma|Stealth Rock|p1a: Arceus
|-sidestart|p1: aggressive5|move: Stealth Rock
|
|-heal|p2a: Necrozma|61/100|[from] item: Leftovers
|-damage|p1a: Arceus|65/100 tox|[from] psn
|upkeep
|turn|11
|
|move|p1a: Arceus|Defog|p2a: Necrozma
|-unboost|p2a: Necrozma|evasion|1
|-sideend|p2: Jayki11|Stealth Rock|[from] move: Defog|[of] p1a: Arceus
|-sideend|p1: aggressive5|Stealth Rock|[from] move: Defog|[of] p1a: Arceus
|move|p2a: Necrozma|Morning Sun|p2a: Necrozma
|-heal|p2a: Necrozma|100/100
|
|-damage|p1a: Arceus|41/100 tox|[from] psn
|upkeep
|turn|12
|
|switch|p1a: Marshadow|Marshadow|100/100
|move|p2a: Necrozma|Toxic|p1a: Marshadow
|-status|p1a: Marshadow|tox
|
|-damage|p1a: Marshadow|94/100 tox|[from] psn
|upkeep
|turn|13
|
|switch|p2a: Groudon|Groudon-Primal|85/100
|-weather|DesolateLand|[from] ability: Desolate Land|[of] p2a: Groudon
|-start|p1a: Marshadow|Dynamax
|-heal|p1a: Marshadow|94/100 tox|[silent]
|move|p1a: Marshadow|Max Phantasm|p2a: Groudon
|-damage|p2a: Groudon|50/100
|-unboost|p2a: Groudon|def|1
|
|-weather|DesolateLand|[upkeep]
|-damage|p1a: Marshadow|88/100 tox|[from] psn
|upkeep
|turn|14
|
|move|p1a: Marshadow|Max Knuckle|p2a: Groudon
|-damage|p2a: Groudon|13/100
|-boost|p1a: Marshadow|atk|1
|move|p2a: Groudon|Stealth Rock|p1a: Marshadow
|-sidestart|p1: aggressive5|move: Stealth Rock
|
|-weather|DesolateLand|[upkeep]
|-damage|p1a: Marshadow|79/100 tox|[from] psn
|upkeep
|turn|15
|
|move|p1a: Marshadow|Max Phantasm|p2a: Groudon
|-damage|p2a: Groudon|0 fnt
|faint|p2a: Groudon
|-weather|none
|
|-damage|p1a: Marshadow|66/100 tox|[from] psn
|-end|p1a: Marshadow|Dynamax
|-heal|p1a: Marshadow|66/100 tox|[silent]
|upkeep
|
|switch|p2a: Yveltal|Yveltal|91/100
|-ability|p2a: Yveltal|Dark Aura
|turn|16
|
|-start|p2a: Yveltal|Dynamax
|-heal|p2a: Yveltal|91/100|[silent]
|move|p1a: Marshadow|Close Combat|p2a: Yveltal
|-damage|p2a: Yveltal|44/100
|-unboost|p1a: Marshadow|def|1
|-unboost|p1a: Marshadow|spd|1
|move|p2a: Yveltal|Max Darkness|p1a: Marshadow
|-damage|p1a: Marshadow|0 fnt
|-damage|p2a: Yveltal|39/100|[from] item: Life Orb
|faint|p1a: Marshadow
|
|upkeep
|
|switch|p1a: Arceus|Arceus-Ground|41/100 tox
|-damage|p1a: Arceus|35/100 tox|[from] Stealth Rock
|turn|17
|
|move|p1a: Arceus|Defog|p2a: Yveltal
|-unboost|p2a: Yveltal|evasion|1
|-sideend|p1: aggressive5|Stealth Rock|[from] move: Defog|[of] p1a: Arceus
|move|p2a: Yveltal|Max Airstream|p1a: Arceus
|-damage|p1a: Arceus|0 fnt
|-boost|p2a: Yveltal|spe|1
|-damage|p2a: Yveltal|34/100|[from] item: Life Orb
|faint|p1a: Arceus
|
|upkeep
|
|switch|p1a: Togedemaru|Togedemaru, L1, M|100/100
|turn|18
|
|move|p2a: Yveltal|Max Guard|p2a: Yveltal
|-singleturn|p2a: Yveltal|Max Guard
|move|p1a: Togedemaru|Endeavor|p2a: Yveltal
|-activate|p2a: Yveltal|move: Max Guard
|
|-end|p2a: Yveltal|Dynamax
|-heal|p2a: Yveltal|35/100|[silent]
|upkeep
|turn|19
|
|move|p2a: Yveltal|Taunt|p1a: Togedemaru
|-start|p1a: Togedemaru|move: Taunt
|move|p1a: Togedemaru|Endeavor|p2a: Yveltal
|-damage|p2a: Yveltal|4/100
|
|upkeep
|turn|20
|
|move|p2a: Yveltal|Oblivion Wing|p1a: Togedemaru
|-resisted|p1a: Togedemaru
|-ability|p1a: Togedemaru|Sturdy
|-damage|p1a: Togedemaru|9/100
|-heal|p2a: Yveltal|6/100|[from] drain|[of] p1a: Togedemaru
|-damage|p2a: Yveltal|0 fnt|[from] item: Life Orb
|faint|p2a: Yveltal
|move|p1a: Togedemaru|Endeavor|p2: Yveltal|[notarget]
|-fail|p1a: Togedemaru
|
|upkeep
|
|switch|p2a: Marshadow|Marshadow|100/100
|turn|21
|
|move|p2a: Marshadow|Shadow Sneak|p1a: Togedemaru
|-damage|p1a: Togedemaru|0 fnt
|faint|p1a: Togedemaru
|
|upkeep
|
|switch|p1a: Kyogre|Kyogre|100/100
|-weather|RainDance|[from] ability: Drizzle|[of] p1a: Kyogre
|turn|22
|
|move|p1a: Kyogre|Brine|p2a: Marshadow
|-damage|p2a: Marshadow|40/100
|-zpower|p2a: Marshadow
|move|p2a: Marshadow|Soul-Stealing 7-Star Strike|p1a: Kyogre|[zeffect]
|-damage|p1a: Kyogre|0 fnt
|faint|p1a: Kyogre
|
|-weather|RainDance|[upkeep]
|upkeep
|-message|aggressive5 forfeited.
|
|win|Jayki11
|l|☆aggressive5
|raw|aggressive5's rating: 1656 &rarr; <strong>1626</strong><br />(-30 for losing)
|raw|Jayki11's rating: 1465 &rarr; <strong>1495</strong><br />(+30 for winning)
|l|☆Jayki11
