|j|☆Towtal
|j|☆orange overhaul
|t:|1637953696
|gametype|singles
|player|p1|Towtal|acetrainer|1245
|player|p2|orange overhaul|wallace|1319
|teamsize|p1|4
|teamsize|p2|6
|gen|8
|tier|[Gen 8] National Dex AG
|rated|
|rule|HP Percentage Mod: HP is shown in percentages
|rule|Endless Battle Clause: Forcing endless battles is banned
|clearpoke
|poke|p1|Mewtwo|
|poke|p1|Tapu Bulu|
|poke|p1|Blaziken, F|
|poke|p1|Dracovish|
|poke|p2|Dustox, F|
|poke|p2|Gardevoir, F|
|poke|p2|Dragapult, L69, M|
|poke|p2|Monferno, M|
|poke|p2|Zamazenta-*|
|poke|p2|Sirfetch’d, L96, M|
|teampreview
|inactive|Battle timer is ON: inactive players will automatically lose when time's up. (requested by orange overhaul)
|
|t:|1637953714
|start
|switch|p1a: Blaziken|Blaziken, F|100/100
|switch|p2a: Monferno|Monferno, M|100/100
|turn|1
|
|t:|1637953723
|move|p1a: Blaziken|Substitute|p1a: Blaziken
|-start|p1a: Blaziken|Substitute
|-damage|p1a: Blaziken|75/100
|move|p2a: Monferno|Fling|p1a: Blaziken
|-resisted|p1a: Blaziken
|-activate|p1a: Blaziken|move: Substitute|[damage]
|-enditem|p2a: Monferno|Fossilized Fish|[from] move: Fling
|
|-ability|p1a: Blaziken|Speed Boost|boost
|-boost|p1a: Blaziken|spe|1
|upkeep
|turn|2
|c|☆Towtal|what?
|c|☆Towtal|what does that do?
|
|t:|1637953740
|move|p1a: Blaziken|Swords Dance|p1a: Blaziken
|-boost|p1a: Blaziken|atk|2
|move|p2a: Monferno|Rollout|p1a: Blaziken
|-activate|p1a: Blaziken|move: Substitute|[damage]
|
|-ability|p1a: Blaziken|Speed Boost|boost
|-boost|p1a: Blaziken|spe|1
|upkeep
|turn|3
|c|☆orange overhaul|It's the fossil that becomes dracovish
|
|t:|1637953756
|move|p1a: Blaziken|Swords Dance|p1a: Blaziken
|-boost|p1a: Blaziken|atk|2
|move|p2a: Monferno|Rollout|p1a: Blaziken|[from]lockedmove|[miss]
|-miss|p2a: Monferno|p1a: Blaziken
|
|-ability|p1a: Blaziken|Speed Boost|boost
|-boost|p1a: Blaziken|spe|1
|upkeep
|turn|4
|c|☆Towtal|yeah but what does it do for fling
|inactive|orange overhaul has 120 seconds left.
|c|☆orange overhaul|idk
|
|t:|1637953801
|move|p1a: Blaziken|Swords Dance|p1a: Blaziken
|-boost|p1a: Blaziken|atk|2
|move|p2a: Monferno|Rollout|p1a: Blaziken
|-end|p1a: Blaziken|Substitute
|
|-ability|p1a: Blaziken|Speed Boost|boost
|-boost|p1a: Blaziken|spe|1
|upkeep
|turn|5
|c|☆Towtal|btw this is my first time with this team so it kinda sucks
|
|t:|1637953812
|move|p1a: Blaziken|Substitute|p1a: Blaziken
|-start|p1a: Blaziken|Substitute
|-damage|p1a: Blaziken|50/100
|move|p2a: Monferno|Rollout|p1a: Blaziken|[from]lockedmove
|-activate|p1a: Blaziken|move: Substitute|[damage]
|
|-ability|p1a: Blaziken|Speed Boost|boost
|-boost|p1a: Blaziken|spe|1
|upkeep
|turn|6
|c|☆orange overhaul|don't worry about it my team is designed to suck
|
|t:|1637953834
|move|p1a: Blaziken|Baton Pass|p1a: Blaziken
|c|☆Towtal|ok
|c|☆Towtal|ty
|
|t:|1637953838
|switch|p1a: Dracovish|Dracovish|100/100|[from]move: Baton Pass
|move|p2a: Monferno|Rollout|p1a: Dracovish|[from]lockedmove
|-end|p1a: Dracovish|Substitute
|
|upkeep
|turn|7
|
|t:|1637953845
|move|p1a: Dracovish|Fishious Rend|p2a: Monferno
|-supereffective|p2a: Monferno
|-damage|p2a: Monferno|0 fnt
|faint|p2a: Monferno
|
|upkeep
|
|t:|1637953850
|switch|p2a: Zamazenta|Zamazenta-Crowned, shiny|100/100
|-ability|p2a: Zamazenta|Dauntless Shield|boost
|-boost|p2a: Zamazenta|def|1
|turn|8
|inactive|orange overhaul has 120 seconds left.
|
|t:|1637953860
|move|p1a: Dracovish|Fishious Rend|p2a: Zamazenta
|-damage|p2a: Zamazenta|0 fnt
|faint|p2a: Zamazenta
|
|upkeep
|
|t:|1637953864
|switch|p2a: Sirfetch’d|Sirfetch’d, L96, M|100/100
|turn|9
|c|☆Towtal|so yeah fishious rend should do nothing
|c|☆Towtal|wait...
|
|t:|1637953868
|move|p1a: Dracovish|Fishious Rend|p2a: Sirfetch’d
|-damage|p2a: Sirfetch’d|0 fnt
|faint|p2a: Sirfetch’d
|
|upkeep
|
|t:|1637953871
|switch|p2a: Dragapult|Dragapult, L69, M, shiny|100/100
|turn|10
|
|t:|1637953875
|move|p1a: Dracovish|Fishious Rend|p2a: Dragapult
|-resisted|p2a: Dragapult
|-damage|p2a: Dragapult|0 fnt
|faint|p2a: Dragapult
|
|upkeep
|
|t:|1637953878
|switch|p2a: Dustox|Dustox, F|100/100
|turn|11
|-activate|p2a: Dustox|item: Quick Claw
|
|t:|1637953883
|move|p2a: Dustox|Bug Buzz|p1a: Dracovish
|-damage|p1a: Dracovish|72/100
|move|p1a: Dracovish|Fishious Rend|p2a: Dustox
|-damage|p2a: Dustox|0 fnt
|faint|p2a: Dustox
|
|upkeep
|
|t:|1637953894
|switch|p2a: Gardevoir|Gardevoir, F|100/100
|-ability|p2a: Gardevoir|Water Absorb|[from] ability: Trace|[of] p1a: Dracovish
|turn|12
|c|☆Towtal|ok dracovish just needs to stop existing
|
|t:|1637953901
|move|p1a: Dracovish|Fishious Rend|p2a: Gardevoir
|-immune|p2a: Gardevoir|[from] ability: Water Absorb
|move|p2a: Gardevoir|Psyshock|p1a: Dracovish
|-damage|p1a: Dracovish|26/100
|
|upkeep
|turn|13
|c|☆Towtal|nuuu
|
|t:|1637953915
|-start|p1a: Dracovish|Dynamax
|-heal|p1a: Dracovish|26/100|[silent]
|move|p1a: Dracovish|Max Quake|p2a: Gardevoir
|-damage|p2a: Gardevoir|0 fnt
|-boost|p1a: Dracovish|spd|1
|faint|p2a: Gardevoir
|
|win|Towtal
|raw|Towtal's rating: 1245 &rarr; <strong>1274</strong><br />(+29 for winning)
|raw|orange overhaul's rating: 1302 &rarr; <strong>1279</strong><br />(-23 for losing)
|c|☆Towtal|gg
|c|☆orange overhaul|gg lol
