|j|‽Chrisbensoo
|j|☆MiguelRRM
|t:|1667265827
|gametype|singles
|player|p1|Chrisbensoo|2|1607
|player|p2|MiguelRRM|lucas|1842
|teamsize|p1|6
|teamsize|p2|6
|gen|8
|tier|[Gen 8] National Dex AG
|rated|
|rule|HP Percentage Mod: HP is shown in percentages
|rule|Endless Battle Clause: Forcing endless battles is banned
|clearpoke
|poke|p1|Magearna|
|poke|p1|Calyrex-Shadow|
|poke|p1|Arceus-*|
|poke|p1|Ho-Oh|
|poke|p1|Tyranitar, F|
|poke|p1|Necrozma-Dusk-Mane|
|poke|p2|Yveltal|
|poke|p2|Ho-Oh|
|poke|p2|Rayquaza|
|poke|p2|Necrozma-Dusk-Mane|
|poke|p2|Calyrex-Shadow|
|poke|p2|Arceus-*|
|teampreview
|inactive|Battle timer is ON: inactive players will automatically lose when time's up. (requested by Chrisbensoo)
|
|t:|1667265832
|start
|switch|p1a: Tyranitar|Tyranitar, F, shiny|100/100
|switch|p2a: Yveltal|Yveltal|100/100
|-ability|p2a: Yveltal|Dark Aura
|-weather|Sandstorm|[from] ability: Sand Stream|[of] p1a: Tyranitar
|turn|1
|
|t:|1667265835
|move|p2a: Yveltal|Taunt|p1a: Tyranitar
|-start|p1a: Tyranitar|move: Taunt
|move|p1a: Tyranitar|Rock Tomb|p2a: Yveltal
|-supereffective|p2a: Yveltal
|-damage|p2a: Yveltal|53/100
|-unboost|p2a: Yveltal|spe|1
|
|-weather|Sandstorm|[upkeep]
|-damage|p2a: Yveltal|47/100|[from] Sandstorm
|upkeep
|turn|2
|
|t:|1667265838
|move|p2a: Yveltal|Knock Off|p1a: Tyranitar
|-resisted|p1a: Tyranitar
|-damage|p1a: Tyranitar|68/100
|-enditem|p1a: Tyranitar|Leftovers|[from] move: Knock Off|[of] p2a: Yveltal
|-damage|p2a: Yveltal|37/100|[from] item: Life Orb
|move|p1a: Tyranitar|Rock Tomb|p2a: Yveltal
|-supereffective|p2a: Yveltal
|-damage|p2a: Yveltal|0 fnt
|faint|p2a: Yveltal
|
|-weather|Sandstorm|[upkeep]
|upkeep
|
|t:|1667265842
|switch|p2a: Arceus|Arceus-Dark|100/100
|turn|3
|
|t:|1667265850
|move|p2a: Arceus|Will-O-Wisp|p1a: Tyranitar
|-status|p1a: Tyranitar|brn
|move|p1a: Tyranitar|Rock Tomb|p2a: Arceus
|-damage|p2a: Arceus|91/100
|-unboost|p2a: Arceus|spe|1
|
|-weather|Sandstorm|[upkeep]
|-damage|p2a: Arceus|85/100|[from] Sandstorm
|-damage|p1a: Tyranitar|61/100 brn|[from] brn
|-end|p1a: Tyranitar|move: Taunt
|upkeep
|turn|4
|
|t:|1667265870
|switch|p2a: Necrozma|Necrozma-Dusk-Mane|100/100
|switch|p1a: Arceus|Arceus-Ground|100/100
|
|-weather|Sandstorm|[upkeep]
|upkeep
|turn|5
|
|t:|1667265873
|move|p1a: Arceus|Judgment|p2a: Necrozma
|-supereffective|p2a: Necrozma
|-damage|p2a: Necrozma|47/100
|move|p2a: Necrozma|Stealth Rock|p1a: Arceus
|-sidestart|p1: Chrisbensoo|move: Stealth Rock
|
|-weather|none
|upkeep
|turn|6
|
|t:|1667265876
|switch|p2a: Ho-Oh|Ho-Oh|100/100
|move|p1a: Arceus|Judgment|p2a: Ho-Oh
|-immune|p2a: Ho-Oh
|
|upkeep
|turn|7
|
|t:|1667265880
|switch|p1a: Magearna|Magearna|100/100
|-damage|p1a: Magearna|94/100|[from] Stealth Rock
|move|p2a: Ho-Oh|Toxic|p1a: Magearna
|-immune|p1a: Magearna
|
|-heal|p1a: Magearna|100/100|[from] item: Leftovers
|upkeep
|turn|8
|
|t:|1667265883
|switch|p1a: Ho-Oh|Ho-Oh|100/100
|move|p2a: Ho-Oh|Sacred Fire|p1a: Ho-Oh
|-resisted|p1a: Ho-Oh
|-damage|p1a: Ho-Oh|86/100
|
|upkeep
|turn|9
|
|t:|1667265885
|move|p2a: Ho-Oh|Toxic|p1a: Ho-Oh
|-status|p1a: Ho-Oh|tox
|move|p1a: Ho-Oh|Toxic|p2a: Ho-Oh
|-status|p2a: Ho-Oh|tox
|
|-damage|p2a: Ho-Oh|94/100 tox|[from] psn
|-damage|p1a: Ho-Oh|80/100 tox|[from] psn
|upkeep
|turn|10
|
|t:|1667265889
|switch|p2a: Necrozma|Necrozma-Dusk-Mane|47/100
|move|p1a: Ho-Oh|Defog|p2a: Necrozma
|-unboost|p2a: Necrozma|evasion|1
|-sideend|p1: Chrisbensoo|Stealth Rock|[from] move: Defog|[of] p1a: Ho-Oh
|
|-damage|p1a: Ho-Oh|68/100 tox|[from] psn
|upkeep
|turn|11
|
|t:|1667265890
|move|p1a: Ho-Oh|Sacred Fire|p2a: Necrozma
|-supereffective|p2a: Necrozma
|-damage|p2a: Necrozma|15/100
|-status|p2a: Necrozma|brn
|move|p2a: Necrozma|Morning Sun|p2a: Necrozma
|-heal|p2a: Necrozma|65/100 brn
|
|-damage|p1a: Ho-Oh|50/100 tox|[from] psn
|-damage|p2a: Necrozma|59/100 brn|[from] brn
|upkeep
|turn|12
|
|t:|1667265897
|switch|p1a: Calyrex|Calyrex-Shadow|100/100
|-ability|p1a: Calyrex|As One
|-ability|p1a: Calyrex|Unnerve
|move|p2a: Necrozma|Morning Sun|p2a: Necrozma
|-heal|p2a: Necrozma|100/100 brn
|
|-damage|p2a: Necrozma|94/100 brn|[from] brn
|upkeep
|turn|13
|
|t:|1667265900
|switch|p2a: Arceus|Arceus-Dark|85/100
|move|p1a: Calyrex|Astral Barrage|p2a: Arceus
|-resisted|p2a: Arceus
|-damage|p2a: Arceus|53/100
|
|upkeep
|turn|14
|
|t:|1667265907
|switch|p1a: Magearna|Magearna|100/100
|switch|p2a: Necrozma|Necrozma-Dusk-Mane|94/100 brn
|
|-damage|p2a: Necrozma|88/100 brn|[from] brn
|upkeep
|turn|15
|
|t:|1667265909
|move|p2a: Necrozma|Stealth Rock|p1a: Magearna
|-sidestart|p1: Chrisbensoo|move: Stealth Rock
|move|p1a: Magearna|Volt Switch|p2a: Necrozma
|-damage|p2a: Necrozma|73/100 brn
|
|t:|1667265912
|switch|p1a: Calyrex|Calyrex-Shadow|100/100|[from]move: Volt Switch
|-ability|p1a: Calyrex|As One
|-ability|p1a: Calyrex|Unnerve
|-damage|p1a: Calyrex|88/100|[from] Stealth Rock
|
|-damage|p2a: Necrozma|67/100 brn|[from] brn
|upkeep
|turn|16
|
|t:|1667265916
|move|p1a: Calyrex|Astral Barrage|p2a: Necrozma
|-supereffective|p2a: Necrozma
|-damage|p2a: Necrozma|0 fnt
|faint|p2a: Necrozma
|-ability|p1a: Calyrex|Grim Neigh|boost
|-boost|p1a: Calyrex|spa|1
|
|upkeep
|
|t:|1667265921
|switch|p2a: Arceus|Arceus-Dark|53/100
|turn|17
|
|t:|1667265925
|switch|p1a: Magearna|Magearna|100/100
|-damage|p1a: Magearna|94/100|[from] Stealth Rock
|-zpower|p2a: Arceus
|move|p2a: Arceus|Black Hole Eclipse|p1a: Magearna|[zeffect]
|-resisted|p1a: Magearna
|-damage|p1a: Magearna|82/100
|
|-heal|p1a: Magearna|88/100|[from] item: Leftovers
|upkeep
|turn|18
|
|t:|1667265929
|move|p2a: Arceus|Recover|p2a: Arceus
|-heal|p2a: Arceus|100/100
|move|p1a: Magearna|Fleur Cannon|p2a: Arceus
|-supereffective|p2a: Arceus
|-damage|p2a: Arceus|26/100
|-unboost|p1a: Magearna|spa|2
|
|-heal|p1a: Magearna|94/100|[from] item: Leftovers
|upkeep
|turn|19
|
|t:|1667265931
|move|p2a: Arceus|Recover|p2a: Arceus
|-heal|p2a: Arceus|77/100
|move|p1a: Magearna|Heart Swap|p2a: Arceus
|-swapboost|p1a: Magearna|p2a: Arceus|[from] move: Heart Swap
|
|-heal|p1a: Magearna|99/100|[from] item: Leftovers
|upkeep
|turn|20
|
|t:|1667265937
|move|p2a: Arceus|Snarl|p1a: Magearna
|-resisted|p1a: Magearna
|-crit|p1a: Magearna
|-damage|p1a: Magearna|90/100
|-unboost|p1a: Magearna|spa|1
|move|p1a: Magearna|Volt Switch|p2a: Arceus
|-damage|p2a: Arceus|68/100
|
|t:|1667265943
|switch|p1a: Necrozma|Necrozma-Dusk-Mane, shiny|100/100|[from]move: Volt Switch
|-damage|p1a: Necrozma|94/100|[from] Stealth Rock
|
|upkeep
|turn|21
|
|t:|1667265945
|move|p2a: Arceus|Will-O-Wisp|p1a: Necrozma
|-status|p1a: Necrozma|brn
|move|p1a: Necrozma|Dragon Dance|p1a: Necrozma
|-boost|p1a: Necrozma|atk|1
|-boost|p1a: Necrozma|spe|1
|
|-damage|p1a: Necrozma|88/100 brn|[from] brn
|upkeep
|turn|22
|
|t:|1667265948
|switch|p2a: Ho-Oh|Ho-Oh|100/100 tox
|move|p1a: Necrozma|Dragon Dance|p1a: Necrozma
|-boost|p1a: Necrozma|atk|1
|-boost|p1a: Necrozma|spe|1
|
|-damage|p2a: Ho-Oh|94/100 tox|[from] psn
|-damage|p1a: Necrozma|82/100 brn|[from] brn
|upkeep
|turn|23
|
|t:|1667265966
|detailschange|p1a: Necrozma|Necrozma-Ultra, shiny
|-burst|p1a: Necrozma|Necrozma|Ultranecrozium Z
|move|p1a: Necrozma|Dragon Dance|p1a: Necrozma
|-boost|p1a: Necrozma|atk|1
|-boost|p1a: Necrozma|spe|1
|move|p2a: Ho-Oh|Whirlwind|p1a: Necrozma
|drag|p1a: Tyranitar|Tyranitar, F, shiny|61/100 brn
|-damage|p1a: Tyranitar|49/100 brn|[from] Stealth Rock
|-weather|Sandstorm|[from] ability: Sand Stream|[of] p1a: Tyranitar
|
|-weather|Sandstorm|[upkeep]
|-damage|p2a: Ho-Oh|88/100 tox|[from] Sandstorm
|-damage|p2a: Ho-Oh|76/100 tox|[from] psn
|-damage|p1a: Tyranitar|43/100 brn|[from] brn
|upkeep
|turn|24
|
|t:|1667265979
|switch|p1a: Magearna|Magearna|90/100
|-damage|p1a: Magearna|84/100|[from] Stealth Rock
|move|p2a: Ho-Oh|Whirlwind|p1a: Magearna
|drag|p1a: Ho-Oh|Ho-Oh|83/100 tox
|
|-weather|Sandstorm|[upkeep]
|-damage|p2a: Ho-Oh|70/100 tox|[from] Sandstorm
|-damage|p1a: Ho-Oh|77/100 tox|[from] Sandstorm
|-damage|p2a: Ho-Oh|52/100 tox|[from] psn
|-damage|p1a: Ho-Oh|71/100 tox|[from] psn
|upkeep
|turn|25
|
|t:|1667265985
|switch|p2a: Rayquaza|Rayquaza|100/100
|-ability|p2a: Rayquaza|Air Lock
|switch|p1a: Magearna|Magearna|84/100
|-damage|p1a: Magearna|78/100|[from] Stealth Rock
|
|-weather|Sandstorm|[upkeep]
|-heal|p1a: Magearna|84/100|[from] item: Leftovers
|upkeep
|turn|26
|
|t:|1667265987
|detailschange|p2a: Rayquaza|Rayquaza-Mega
|-mega|p2a: Rayquaza|Rayquaza|
|-weather|DeltaStream|[from] ability: Delta Stream|[of] p2a: Rayquaza
|move|p2a: Rayquaza|V-create|p1a: Magearna
|-supereffective|p1a: Magearna
|-damage|p1a: Magearna|0 fnt
|-unboost|p2a: Rayquaza|spe|1
|-unboost|p2a: Rayquaza|def|1
|-unboost|p2a: Rayquaza|spd|1
|faint|p1a: Magearna
|-damage|p2a: Rayquaza|91/100|[from] item: Life Orb
|
|-weather|DeltaStream|[upkeep]
|upkeep
|
|t:|1667266001
|switch|p1a: Calyrex|Calyrex-Shadow|88/100
|-ability|p1a: Calyrex|As One
|-ability|p1a: Calyrex|Unnerve
|-damage|p1a: Calyrex|76/100|[from] Stealth Rock
|turn|27
|
|t:|1667266006
|-weather|none
|switch|p2a: Ho-Oh|Ho-Oh|86/100 tox
|move|p1a: Calyrex|Astral Barrage|p2a: Ho-Oh
|-damage|p2a: Ho-Oh|21/100 tox
|
|-damage|p2a: Ho-Oh|15/100 tox|[from] psn
|upkeep
|turn|28
|
|t:|1667266009
|move|p1a: Calyrex|Astral Barrage|p2a: Ho-Oh
|-crit|p2a: Ho-Oh
|-damage|p2a: Ho-Oh|0 fnt
|faint|p2a: Ho-Oh
|-ability|p1a: Calyrex|Grim Neigh|boost
|-boost|p1a: Calyrex|spa|1
|
|upkeep
|
|t:|1667266013
|switch|p2a: Arceus|Arceus-Dark|68/100
|turn|29
|
|t:|1667266027
|-start|p1a: Calyrex|Dynamax|
|-heal|p1a: Calyrex|76/100|[silent]
|move|p1a: Calyrex|Max Starfall|p2a: Arceus
|-supereffective|p2a: Arceus
|-damage|p2a: Arceus|0 fnt
|-fieldstart|move: Misty Terrain
|faint|p2a: Arceus
|-ability|p1a: Calyrex|Grim Neigh|boost
|-boost|p1a: Calyrex|spa|1
|
|upkeep
|
|t:|1667266031
|switch|p2a: Calyrex|Calyrex-Shadow|100/100
|-ability|p2a: Calyrex|As One
|-ability|p2a: Calyrex|Unnerve
|turn|30
|
|t:|1667266040
|move|p1a: Calyrex|Max Phantasm|p2a: Calyrex
|-supereffective|p2a: Calyrex
|-enditem|p2a: Calyrex|Focus Sash
|-damage|p2a: Calyrex|1/100
|-unboost|p2a: Calyrex|def|1
|move|p2a: Calyrex|Astral Barrage|p1a: Calyrex
|-supereffective|p1a: Calyrex
|-damage|p1a: Calyrex|0 fnt
|faint|p1a: Calyrex
|-ability|p2a: Calyrex|Grim Neigh|boost
|-boost|p2a: Calyrex|spa|1
|
|upkeep
|
|t:|1667266043
|switch|p1a: Tyranitar|Tyranitar, F, shiny|43/100 brn
|-damage|p1a: Tyranitar|30/100 brn|[from] Stealth Rock
|-weather|Sandstorm|[from] ability: Sand Stream|[of] p1a: Tyranitar
|turn|31
|
|t:|1667266047
|switch|p2a: Rayquaza|Rayquaza-Mega|91/100
|-weather|DeltaStream|[from] ability: Delta Stream|[of] p2a: Rayquaza
|switch|p1a: Arceus|Arceus-Ground|100/100
|-damage|p1a: Arceus|94/100|[from] Stealth Rock
|
|-weather|DeltaStream|[upkeep]
|upkeep
|turn|32
|
|t:|1667266049
|move|p2a: Rayquaza|Scale Shot|p1a: Arceus
|-damage|p1a: Arceus|89/100
|-damage|p1a: Arceus|84/100
|-hitcount|p1a: Arceus|2
|-unboost|p2a: Rayquaza|def|1
|-boost|p2a: Rayquaza|spe|1
|-damage|p2a: Rayquaza|81/100|[from] item: Life Orb
|move|p1a: Arceus|Ice Beam|p2a: Rayquaza
|-activate||deltastream
|-supereffective|p2a: Rayquaza
|-damage|p2a: Rayquaza|34/100
|
|-weather|DeltaStream|[upkeep]
|upkeep
|turn|33
|
|t:|1667266054
|move|p2a: Rayquaza|Dragon Ascent|p1a: Arceus
|-damage|p1a: Arceus|32/100
|-unboost|p2a: Rayquaza|def|1
|-unboost|p2a: Rayquaza|spd|1
|-damage|p2a: Rayquaza|24/100|[from] item: Life Orb
|move|p1a: Arceus|Ice Beam|p2a: Rayquaza
|-activate||deltastream
|-supereffective|p2a: Rayquaza
|-damage|p2a: Rayquaza|0 fnt
|faint|p2a: Rayquaza
|-weather|none
|
|-fieldend|Misty Terrain
|upkeep
|
|t:|1667266056
|switch|p2a: Calyrex|Calyrex-Shadow|1/100
|-ability|p2a: Calyrex|As One
|-ability|p2a: Calyrex|Unnerve
|turn|34
|
|t:|1667266059
|switch|p1a: Tyranitar|Tyranitar, F, shiny|30/100 brn
|-damage|p1a: Tyranitar|18/100 brn|[from] Stealth Rock
|-weather|Sandstorm|[from] ability: Sand Stream|[of] p1a: Tyranitar
|move|p2a: Calyrex|Draining Kiss|p1a: Tyranitar
|-supereffective|p1a: Tyranitar
|-damage|p1a: Tyranitar|1/100 brn
|-heal|p2a: Calyrex|16/100|[from] drain|[of] p1a: Tyranitar
|
|-weather|Sandstorm|[upkeep]
|-damage|p2a: Calyrex|10/100|[from] Sandstorm
|-damage|p1a: Tyranitar|0 fnt|[from] brn
|faint|p1a: Tyranitar
|upkeep
|
|t:|1667266076
|switch|p1a: Ho-Oh|Ho-Oh|100/100 tox
|turn|35
|
|t:|1667266080
|-start|p2a: Calyrex|Dynamax|
|-heal|p2a: Calyrex|10/100|[silent]
|move|p2a: Calyrex|Max Phantasm|p1a: Ho-Oh
|-damage|p1a: Ho-Oh|52/100 tox
|-unboost|p1a: Ho-Oh|def|1
|move|p1a: Ho-Oh|Sacred Fire|p2a: Calyrex
|-damage|p2a: Calyrex|0 fnt
|faint|p2a: Calyrex
|
|win|Chrisbensoo
|raw|Chrisbensoo's rating: 1607 &rarr; <strong>1638</strong><br />(+31 for winning)
|raw|MiguelRRM's rating: 1817 &rarr; <strong>1786</strong><br />(-31 for losing)
||Ladder isn't responding, score probably updated but might not have (Request timeout).
