|j|☆HelloWenston
|j|☆TwTv Bepersch
|t:|1654266869
|gametype|singles
|player|p1|HelloWenston|lenora|
|player|p2|TwTv Bepersch|marnie|
|teamsize|p1|6
|teamsize|p2|6
|gen|8
|tier|[Gen 8] National Dex AG
|rule|HP Percentage Mod: HP is shown in percentages
|rule|Endless Battle Clause: Forcing endless battles is banned
|clearpoke
|poke|p1|Rayquaza|
|poke|p1|Groudon|
|poke|p1|Necrozma-Dusk-Mane|
|poke|p1|Arceus-*|
|poke|p1|Arceus-*|
|poke|p1|Arceus-*|
|poke|p2|Arceus-*|
|poke|p2|Arceus-*|
|poke|p2|Arceus-*|
|poke|p2|Arceus-*|
|poke|p2|Arceus-*|
|poke|p2|Arceus-*|
|teampreview
|inactive|Battle timer is ON: inactive players will automatically lose when time's up. (requested by HelloWenston)
|
|t:|1654266878
|start
|switch|p1a: Necrozma|Necrozma-Dusk-Mane|100/100
|switch|p2a: BloomingRequiem|Arceus-Fairy|100/100
|turn|1
|
|t:|1654266902
|move|p2a: BloomingRequiem|Stealth Rock|p1a: Necrozma
|-sidestart|p1: HelloWenston|move: Stealth Rock
|move|p1a: Necrozma|Stealth Rock|p2a: BloomingRequiem
|-sidestart|p2: TwTv Bepersch|move: Stealth Rock
|
|upkeep
|turn|2
|
|t:|1654266905
|switch|p2a: zLex_|Arceus-Fire|100/100
|-damage|p2a: zLex_|75/100|[from] Stealth Rock
|move|p1a: Necrozma|Sunsteel Strike|p2a: zLex_
|-resisted|p2a: zLex_
|-damage|p2a: zLex_|62/100
|
|upkeep
|turn|3
|
|t:|1654266909
|switch|p1a: Arceus|Arceus-Water|100/100
|-damage|p1a: Arceus|88/100|[from] Stealth Rock
|move|p2a: zLex_|Recover|p2a: zLex_
|-heal|p2a: zLex_|100/100
|
|upkeep
|turn|4
|
|t:|1654266919
|switch|p2a: PromotExLL|Arceus-Dark|100/100
|-damage|p2a: PromotExLL|88/100|[from] Stealth Rock
|move|p1a: Arceus|Calm Mind|p1a: Arceus
|-boost|p1a: Arceus|spa|1
|-boost|p1a: Arceus|spd|1
|
|upkeep
|turn|5
|
|t:|1654266933
|move|p1a: Arceus|Calm Mind|p1a: Arceus
|-boost|p1a: Arceus|spa|1
|-boost|p1a: Arceus|spd|1
|move|p2a: PromotExLL|Toxic|p1a: Arceus
|-status|p1a: Arceus|tox
|
|-damage|p1a: Arceus|82/100 tox|[from] psn
|upkeep
|turn|6
|
|t:|1654266944
|move|p1a: Arceus|Judgment|p2a: PromotExLL
|-damage|p2a: PromotExLL|40/100
|move|p2a: PromotExLL|Judgment|p1a: Arceus
|-damage|p1a: Arceus|66/100 tox
|
|-damage|p1a: Arceus|53/100 tox|[from] psn
|upkeep
|turn|7
|
|t:|1654266959
|move|p1a: Arceus|Judgment|p2a: PromotExLL
|-damage|p2a: PromotExLL|0 fnt
|faint|p2a: PromotExLL
|
|-damage|p1a: Arceus|35/100 tox|[from] psn
|upkeep
|
|t:|1654266966
|switch|p2a: Ursun|Arceus-Ground|100/100
|-damage|p2a: Ursun|94/100|[from] Stealth Rock
|turn|8
|
|t:|1654266974
|move|p2a: Ursun|Earthquake|p1a: Arceus
|-damage|p1a: Arceus|0 fnt
|faint|p1a: Arceus
|
|upkeep
|
|t:|1654266992
|switch|p1a: Rayquaza|Rayquaza|100/100
|-damage|p1a: Rayquaza|76/100|[from] Stealth Rock
|-ability|p1a: Rayquaza|Air Lock
|turn|9
|
|t:|1654267004
|detailschange|p1a: Rayquaza|Rayquaza-Mega
|-mega|p1a: Rayquaza|Rayquaza|
|-weather|DeltaStream|[from] ability: Delta Stream|[of] p1a: Rayquaza
|move|p2a: Ursun|Swords Dance|p2a: Ursun
|-boost|p2a: Ursun|atk|2
|move|p1a: Rayquaza|Outrage|p2a: Ursun
|-damage|p2a: Ursun|0 fnt
|faint|p2a: Ursun
|
|-weather|DeltaStream|[upkeep]
|upkeep
|
|t:|1654267008
|switch|p2a: BloomingRequiem|Arceus-Fairy|100/100
|-damage|p2a: BloomingRequiem|88/100|[from] Stealth Rock
|turn|10
|
|t:|1654267024
|move|p1a: Rayquaza|Outrage|p2a: BloomingRequiem|[from]lockedmove
|-immune|p2a: BloomingRequiem
|-start|p1a: Rayquaza|confusion|[fatigue]
|move|p2a: BloomingRequiem|Judgment|p1a: Rayquaza
|-supereffective|p1a: Rayquaza
|-damage|p1a: Rayquaza|0 fnt
|faint|p1a: Rayquaza
|-weather|none
|
|upkeep
|
|t:|1654267032
|switch|p1a: Arceus|Arceus-Fairy|100/100
|-damage|p1a: Arceus|88/100|[from] Stealth Rock
|turn|11
|
|t:|1654267036
|switch|p2a: zLex_|Arceus-Fire|100/100
|-damage|p2a: zLex_|75/100|[from] Stealth Rock
|move|p1a: Arceus|Will-O-Wisp|p2a: zLex_
|-immune|p2a: zLex_
|
|upkeep
|turn|12
|
|t:|1654267042
|switch|p1a: Groudon|Groudon|100/100
|-damage|p1a: Groudon|94/100|[from] Stealth Rock
|detailschange|p1a: Groudon|Groudon-Primal
|-primal|p1a: Groudon
|-weather|DesolateLand|[from] ability: Desolate Land|[of] p1a: Groudon
|move|p2a: zLex_|Toxic|p1a: Groudon
|-status|p1a: Groudon|tox
|
|-weather|DesolateLand|[upkeep]
|-damage|p1a: Groudon|88/100 tox|[from] psn
|upkeep
|turn|13
|
|t:|1654267050
|switch|p2a: BloomingRequiem|Arceus-Fairy|88/100
|-damage|p2a: BloomingRequiem|76/100|[from] Stealth Rock
|move|p1a: Groudon|Swords Dance|p1a: Groudon
|-boost|p1a: Groudon|atk|2
|
|-weather|DesolateLand|[upkeep]
|-damage|p1a: Groudon|76/100 tox|[from] psn
|upkeep
|turn|14
|
|t:|1654267057
|move|p2a: BloomingRequiem|Recover|p2a: BloomingRequiem
|-heal|p2a: BloomingRequiem|100/100
|move|p1a: Groudon|Swords Dance|p1a: Groudon
|-boost|p1a: Groudon|atk|2
|
|-weather|DesolateLand|[upkeep]
|-damage|p1a: Groudon|57/100 tox|[from] psn
|upkeep
|turn|15
|
|t:|1654267066
|move|p2a: BloomingRequiem|Recover||[still]
|-fail|p2a: BloomingRequiem|heal
|move|p1a: Groudon|Rest|p1a: Groudon
|-status|p1a: Groudon|slp|[from] move: Rest
|-heal|p1a: Groudon|100/100 slp|[silent]
|
|-weather|DesolateLand|[upkeep]
|upkeep
|turn|16
|
|t:|1654267079
|switch|p2a: Jonny|Arceus-Flying|100/100
|-damage|p2a: Jonny|76/100|[from] Stealth Rock
|cant|p1a: Groudon|slp
|
|-weather|DesolateLand|[upkeep]
|upkeep
|turn|17
|
|t:|1654267087
|move|p2a: Jonny|Calm Mind|p2a: Jonny
|-boost|p2a: Jonny|spa|1
|-boost|p2a: Jonny|spd|1
|cant|p1a: Groudon|slp
|
|-weather|DesolateLand|[upkeep]
|upkeep
|turn|18
|
|t:|1654267091
|-start|p2a: Jonny|Dynamax|
|-heal|p2a: Jonny|76/100|[silent]
|move|p2a: Jonny|Max Quake|p1a: Groudon
|-supereffective|p1a: Groudon
|-damage|p1a: Groudon|13/100 slp
|-boost|p2a: Jonny|spd|1
|-curestatus|p1a: Groudon|slp|[msg]
|move|p1a: Groudon|Stone Edge|p2a: Jonny
|-supereffective|p2a: Jonny
|-damage|p2a: Jonny|0 fnt
|faint|p2a: Jonny
|
|-weather|DesolateLand|[upkeep]
|upkeep
|c|☆HelloWenston|не спи
|
|t:|1654267096
|switch|p2a: Bepersch|Arceus-Ghost|100/100
|-damage|p2a: Bepersch|88/100|[from] Stealth Rock
|turn|19
|
|t:|1654267102
|move|p2a: Bepersch|Extreme Speed|p1a: Groudon
|-damage|p1a: Groudon|0 fnt
|faint|p1a: Groudon
|-weather|none
|
|upkeep
|inactive|HelloWenston has 270 seconds left.
|
|t:|1654267132
|switch|p1a: Arceus|Arceus-Dark|100/100
|-damage|p1a: Arceus|88/100|[from] Stealth Rock
|turn|20
|inactive|HelloWenston has 270 seconds left.
|
|t:|1654267153
|move|p2a: Bepersch|Swords Dance|p2a: Bepersch
|-boost|p2a: Bepersch|atk|2
|move|p1a: Arceus|Perish Song|p1a: Arceus
|-start|p1a: Arceus|perish3|[silent]
|-start|p2a: Bepersch|perish3|[silent]
|-fieldactivate|move: Perish Song
|
|-start|p2a: Bepersch|perish3
|-start|p1a: Arceus|perish3
|upkeep
|turn|21
|
|t:|1654267158
|switch|p1a: Arceus|Arceus-Fairy|88/100
|-damage|p1a: Arceus|76/100|[from] Stealth Rock
|move|p2a: Bepersch|Brick Break|p1a: Arceus
|-resisted|p1a: Arceus
|-damage|p1a: Arceus|59/100
|
|-start|p2a: Bepersch|perish2
|upkeep
|turn|22
|
|t:|1654267163
|move|p2a: Bepersch|Extreme Speed|p1a: Arceus
|-crit|p1a: Arceus
|-damage|p1a: Arceus|3/100
|move|p1a: Arceus|Recover|p1a: Arceus
|-heal|p1a: Arceus|53/100
|
|-start|p2a: Bepersch|perish1
|upkeep
|turn|23
|
|t:|1654267174
|switch|p2a: zLex_|Arceus-Fire|75/100
|-damage|p2a: zLex_|50/100|[from] Stealth Rock
|move|p1a: Arceus|Judgment|p2a: zLex_
|-resisted|p2a: zLex_
|-damage|p2a: zLex_|35/100
|
|upkeep
|turn|24
|
|t:|1654267182
|-start|p1a: Arceus|Dynamax|
|-heal|p1a: Arceus|53/100|[silent]
|move|p1a: Arceus|Max Starfall|p2a: zLex_
|-resisted|p2a: zLex_
|-damage|p2a: zLex_|16/100
|-fieldstart|move: Misty Terrain
|move|p2a: zLex_|Recover|p2a: zLex_
|-heal|p2a: zLex_|66/100
|
|upkeep
|turn|25
|c|☆HelloWenston|ошибка анализа
|inactive|HelloWenston has 270 seconds left.
|c|☆TwTv Bepersch|АНАЛиза
|
|t:|1654267214
|-end|p1a: Arceus|Dynamax
|-heal|p1a: Arceus|53/100|[silent]
|switch|p1a: Arceus|Arceus-Dark|88/100
|-damage|p1a: Arceus|76/100|[from] Stealth Rock
|move|p2a: zLex_|Toxic|p1a: Arceus
|-activate|p1a: Arceus|move: Misty Terrain
|
|upkeep
|turn|26
|
|t:|1654267229
|switch|p2a: BloomingRequiem|Arceus-Fairy|100/100
|-damage|p2a: BloomingRequiem|88/100|[from] Stealth Rock
|move|p1a: Arceus|Perish Song|p1a: Arceus
|-start|p1a: Arceus|perish3|[silent]
|-start|p2a: BloomingRequiem|perish3|[silent]
|-fieldactivate|move: Perish Song
|
|-start|p1a: Arceus|perish3
|-start|p2a: BloomingRequiem|perish3
|upkeep
|turn|27
|
|t:|1654267239
|switch|p1a: Necrozma|Necrozma-Dusk-Mane|100/100
|-damage|p1a: Necrozma|94/100|[from] Stealth Rock
|move|p2a: BloomingRequiem|Judgment|p1a: Necrozma
|-resisted|p1a: Necrozma
|-damage|p1a: Necrozma|75/100
|
|-start|p2a: BloomingRequiem|perish2
|upkeep
|turn|28
|inactive|HelloWenston has 270 seconds left.
|
|t:|1654267247
|switch|p2a: zLex_|Arceus-Fire|66/100
|-damage|p2a: zLex_|41/100|[from] Stealth Rock
|move|p1a: Necrozma|Sunsteel Strike|p2a: zLex_
|-resisted|p2a: zLex_
|-damage|p2a: zLex_|28/100
|
|-fieldend|Misty Terrain
|upkeep
|turn|29
|inactive|HelloWenston has 270 seconds left.
|
|t:|1654267261
|switch|p1a: Arceus|Arceus-Dark|76/100
|-damage|p1a: Arceus|63/100|[from] Stealth Rock
|move|p2a: zLex_|Recover|p2a: zLex_
|-heal|p2a: zLex_|78/100
|
|upkeep
|turn|30
|
|t:|1654267269
|move|p1a: Arceus|Recover|p1a: Arceus
|-heal|p1a: Arceus|100/100
|move|p2a: zLex_|Toxic|p1a: Arceus
|-status|p1a: Arceus|tox
|
|-damage|p1a: Arceus|94/100 tox|[from] psn
|upkeep
|turn|31
|
|t:|1654267273
|move|p1a: Arceus|Whirlpool|p2a: zLex_|[miss]
|-miss|p1a: Arceus|p2a: zLex_
|move|p2a: zLex_|Judgment|p1a: Arceus
|-damage|p1a: Arceus|69/100 tox
|
|-damage|p1a: Arceus|57/100 tox|[from] psn
|upkeep
|turn|32
|
|t:|1654267282
|move|p1a: Arceus|Recover|p1a: Arceus
|-heal|p1a: Arceus|100/100 tox
|move|p2a: zLex_|Judgment|p1a: Arceus
|-damage|p1a: Arceus|73/100 tox
|
|-damage|p1a: Arceus|55/100 tox|[from] psn
|upkeep
|turn|33
|
|t:|1654267284
|move|p1a: Arceus|Perish Song|p1a: Arceus
|-start|p1a: Arceus|perish3|[silent]
|-start|p2a: zLex_|perish3|[silent]
|-fieldactivate|move: Perish Song
|move|p2a: zLex_|Judgment|p1a: Arceus
|-damage|p1a: Arceus|28/100 tox
|
|-damage|p1a: Arceus|4/100 tox|[from] psn
|-start|p1a: Arceus|perish3
|-start|p2a: zLex_|perish3
|upkeep
|turn|34
|
|t:|1654267287
|switch|p1a: Necrozma|Necrozma-Dusk-Mane|75/100
|-damage|p1a: Necrozma|69/100|[from] Stealth Rock
|move|p2a: zLex_|Judgment|p1a: Necrozma
|-supereffective|p1a: Necrozma
|-damage|p1a: Necrozma|8/100
|
|-start|p2a: zLex_|perish2
|upkeep
|turn|35
|
|t:|1654267292
|move|p2a: zLex_|Judgment|p1a: Necrozma
|-supereffective|p1a: Necrozma
|-damage|p1a: Necrozma|0 fnt
|faint|p1a: Necrozma
|
|-start|p2a: zLex_|perish1
|upkeep
|
|t:|1654267297
|switch|p1a: Arceus|Arceus-Fairy|53/100
|-damage|p1a: Arceus|41/100|[from] Stealth Rock
|turn|36
|
|t:|1654267301
|switch|p2a: BloomingRequiem|Arceus-Fairy|88/100
|-damage|p2a: BloomingRequiem|76/100|[from] Stealth Rock
|move|p1a: Arceus|Recover|p1a: Arceus
|-heal|p1a: Arceus|91/100
|
|upkeep
|turn|37
|
|t:|1654267305
|switch|p2a: zLex_|Arceus-Fire|78/100
|-damage|p2a: zLex_|53/100|[from] Stealth Rock
|move|p1a: Arceus|Will-O-Wisp|p2a: zLex_
|-immune|p2a: zLex_
|
|upkeep
|turn|38
|
|t:|1654267307
|move|p1a: Arceus|Judgment|p2a: zLex_
|-resisted|p2a: zLex_
|-damage|p2a: zLex_|36/100
|move|p2a: zLex_|Recover|p2a: zLex_
|-heal|p2a: zLex_|86/100
|
|upkeep
|turn|39
|
|t:|1654267313
|move|p1a: Arceus|Judgment|p2a: zLex_
|-resisted|p2a: zLex_
|-damage|p2a: zLex_|71/100
|move|p2a: zLex_|Toxic|p1a: Arceus
|-status|p1a: Arceus|tox
|
|-damage|p1a: Arceus|85/100 tox|[from] psn
|upkeep
|turn|40
|c|☆HelloWenston|а почему
|c|☆HelloWenston|ты зашёл на поле
|c|☆HelloWenston|фаером
|c|☆HelloWenston|и так много хп потерял
|c|☆HelloWenston|от файри
|c|☆HelloWenston|ААААААА
|c|☆HelloWenston|а я подумал
|c|☆HelloWenston|что от файри
|inactive|HelloWenston has 270 seconds left.
|c|☆HelloWenston|и юзнул дмакс
|
|t:|1654267351
|move|p1a: Arceus|Will-O-Wisp|p2a: zLex_
|-immune|p2a: zLex_
|move|p2a: zLex_|Judgment|p1a: Arceus
|-damage|p1a: Arceus|60/100 tox
|
|-damage|p1a: Arceus|48/100 tox|[from] psn
|upkeep
|turn|41
|
|t:|1654267358
|move|p1a: Arceus|Will-O-Wisp|p2a: zLex_
|-immune|p2a: zLex_
|move|p2a: zLex_|Judgment|p1a: Arceus
|-damage|p1a: Arceus|23/100 tox
|
|-damage|p1a: Arceus|5/100 tox|[from] psn
|upkeep
|turn|42
|
|t:|1654267360
|move|p1a: Arceus|Will-O-Wisp|p2a: zLex_
|-immune|p2a: zLex_
|move|p2a: zLex_|Judgment|p1a: Arceus
|-damage|p1a: Arceus|0 fnt
|faint|p1a: Arceus
|
|upkeep
|
|t:|1654267362
|switch|p1a: Arceus|Arceus-Dark|4/100 tox
|-damage|p1a: Arceus|0 fnt|[from] Stealth Rock
|faint|p1a: Arceus
|
|win|TwTv Bepersch
|c|☆HelloWenston|я уже
|c|☆HelloWenston|понял
|l|☆HelloWenston
