|j|☆F.A.M.E.246 2nd
|j|☆TestingIdiotTeams
|t:|1633966692
|gametype|singles
|player|p1|F.A.M.E.246 2nd|brawly|1739
|player|p2|TestingIdiotTeams|gambler|1651
|teamsize|p1|6
|teamsize|p2|6
|gen|8
|tier|[Gen 8] National Dex AG
|rated|
|rule|HP Percentage Mod: HP is shown in percentages
|rule|Endless Battle Clause: Forcing endless battles is banned
|clearpoke
|poke|p1|Blaziken, F|
|poke|p1|Calyrex-Shadow|
|poke|p1|Zygarde|
|poke|p1|Necrozma-Dusk-Mane|
|poke|p1|Yveltal|
|poke|p1|Arceus-*|
|poke|p2|Blaziken, M|
|poke|p2|Shaymin-Sky|
|poke|p2|Calyrex-Shadow|
|poke|p2|Yveltal|
|poke|p2|Alomomola, F|
|poke|p2|Ho-Oh|
|teampreview
|inactive|Battle timer is ON: inactive players will automatically lose when time's up. (requested by TestingIdiotTeams)
|c|☆F.A.M.E.246 2nd|Hf
|
|t:|1633966707
|start
|switch|p1a: Arceus|Arceus-Water|100/100
|switch|p2a: Shaymin|Shaymin-Sky|100/100
|turn|1
|
|t:|1633966712
|switch|p1a: Yveltal|Yveltal|100/100
|-ability|p1a: Yveltal|Dark Aura
|move|p2a: Shaymin|Grass Knot|p1a: Yveltal
|-resisted|p1a: Yveltal
|-damage|p1a: Yveltal|81/100
|
|upkeep
|turn|2
|
|t:|1633966718
|switch|p2a: Ho-Oh|Ho-Oh|100/100
|move|p1a: Yveltal|Knock Off|p2a: Ho-Oh
|-damage|p2a: Ho-Oh|49/100
|-enditem|p2a: Ho-Oh|Heavy-Duty Boots|[from] move: Knock Off|[of] p1a: Yveltal
|
|upkeep
|turn|3
|
|t:|1633966725
|switch|p1a: Arceus|Arceus-Water|100/100
|move|p2a: Ho-Oh|Roost|p2a: Ho-Oh
|-heal|p2a: Ho-Oh|99/100
|-singleturn|p2a: Ho-Oh|move: Roost
|
|upkeep
|turn|4
|
|t:|1633966730
|switch|p2a: Alomomola|Alomomola, F|100/100
|move|p1a: Arceus|Toxic|p2a: Alomomola
|-status|p2a: Alomomola|tox
|
|-damage|p2a: Alomomola|94/100 tox|[from] psn
|upkeep
|turn|5
|
|t:|1633966735
|move|p1a: Arceus|Judgment|p2a: Alomomola
|-resisted|p2a: Alomomola
|-damage|p2a: Alomomola|62/100 tox
|move|p2a: Alomomola|Toxic|p1a: Arceus
|-status|p1a: Arceus|tox
|
|-heal|p2a: Alomomola|68/100 tox|[from] item: Leftovers
|-damage|p1a: Arceus|94/100 tox|[from] psn
|-damage|p2a: Alomomola|56/100 tox|[from] psn
|upkeep
|turn|6
|
|t:|1633966740
|move|p1a: Arceus|Refresh|p1a: Arceus
|-curestatus|p1a: Arceus|tox|[msg]
|move|p2a: Alomomola|Wish|p2a: Alomomola
|
|-heal|p2a: Alomomola|62/100 tox|[from] item: Leftovers
|-damage|p2a: Alomomola|43/100 tox|[from] psn
|upkeep
|turn|7
|
|t:|1633966744
|move|p2a: Alomomola|Protect|p2a: Alomomola
|-singleturn|p2a: Alomomola|Protect
|move|p1a: Arceus|Judgment|p2a: Alomomola
|-activate|p2a: Alomomola|move: Protect
|
|-heal|p2a: Alomomola|93/100 tox|[from] move: Wish|[wisher] Alomomola
|-heal|p2a: Alomomola|99/100 tox|[from] item: Leftovers
|-damage|p2a: Alomomola|75/100 tox|[from] psn
|upkeep
|turn|8
|
|t:|1633966748
|move|p1a: Arceus|Judgment|p2a: Alomomola
|-resisted|p2a: Alomomola
|-damage|p2a: Alomomola|44/100 tox
|move|p2a: Alomomola|Toxic|p1a: Arceus
|-status|p1a: Arceus|tox
|
|-heal|p2a: Alomomola|50/100 tox|[from] item: Leftovers
|-damage|p1a: Arceus|88/100 tox|[from] psn
|-damage|p2a: Alomomola|19/100 tox|[from] psn
|upkeep
|turn|9
|
|t:|1633966755
|switch|p2a: Blaziken|Blaziken, M|100/100
|move|p1a: Arceus|Refresh|p1a: Arceus
|-curestatus|p1a: Arceus|tox|[msg]
|
|upkeep
|turn|10
|
|t:|1633966757
|move|p1a: Arceus|Judgment|p2a: Blaziken
|-supereffective|p2a: Blaziken
|-enditem|p2a: Blaziken|Focus Sash
|-damage|p2a: Blaziken|1/100
|move|p2a: Blaziken|Swords Dance|p2a: Blaziken
|-boost|p2a: Blaziken|atk|2
|
|-ability|p2a: Blaziken|Speed Boost|boost
|-boost|p2a: Blaziken|spe|1
|upkeep
|turn|11
|
|t:|1633966773
|switch|p1a: Zygarde|Zygarde|100/100
|move|p2a: Blaziken|Endure||[still]
|-fail|p2a: Blaziken
|
|-ability|p2a: Blaziken|Speed Boost|boost
|-boost|p2a: Blaziken|spe|1
|upkeep
|turn|12
|
|t:|1633966782
|move|p2a: Blaziken|Reversal|p1a: Zygarde
|-damage|p1a: Zygarde|0 fnt
|faint|p1a: Zygarde
|
|-ability|p2a: Blaziken|Speed Boost|boost
|-boost|p2a: Blaziken|spe|1
|upkeep
|c|☆F.A.M.E.246 2nd|Ahhh
|c|☆F.A.M.E.246 2nd|Nice set
|
|t:|1633966799
|switch|p1a: Necrozma|Necrozma-Dusk-Mane|100/100
|turn|13
|
|t:|1633966806
|-start|p2a: Blaziken|Dynamax
|-heal|p2a: Blaziken|1/100|[silent]
|-start|p1a: Necrozma|Dynamax
|-heal|p1a: Necrozma|100/100|[silent]
|move|p2a: Blaziken|Max Quake|p1a: Necrozma
|-supereffective|p1a: Necrozma
|-damage|p1a: Necrozma|67/100
|-boost|p2a: Blaziken|spd|1
|move|p1a: Necrozma|Max Steelspike|p2a: Blaziken
|-resisted|p2a: Blaziken
|-damage|p2a: Blaziken|0 fnt
|-boost|p1a: Necrozma|def|1
|faint|p2a: Blaziken
|
|-heal|p1a: Necrozma|70/100|[from] item: Leftovers
|upkeep
|
|t:|1633966808
|switch|p2a: Calyrex|Calyrex-Shadow|100/100
|-ability|p2a: Calyrex|As One
|-ability|p2a: Calyrex|Unnerve
|turn|14
|
|t:|1633966815
|-end|p1a: Necrozma|Dynamax
|-heal|p1a: Necrozma|70/100|[silent]
|switch|p1a: Yveltal|Yveltal|81/100
|-ability|p1a: Yveltal|Dark Aura
|move|p2a: Calyrex|Astral Barrage|p1a: Yveltal
|-resisted|p1a: Yveltal
|-damage|p1a: Yveltal|61/100
|
|upkeep
|turn|15
|
|t:|1633966821
|switch|p2a: Ho-Oh|Ho-Oh|100/100
|move|p1a: Yveltal|Roost|p1a: Yveltal
|-heal|p1a: Yveltal|100/100
|-singleturn|p1a: Yveltal|move: Roost
|
|upkeep
|turn|16
|
|t:|1633966825
|switch|p1a: Arceus|Arceus-Water|88/100
|move|p2a: Ho-Oh|Sacred Fire|p1a: Arceus
|-resisted|p1a: Arceus
|-damage|p1a: Arceus|73/100
|-status|p1a: Arceus|brn
|
|-damage|p1a: Arceus|67/100 brn|[from] brn
|upkeep
|turn|17
|
|t:|1633966832
|switch|p2a: Alomomola|Alomomola, F|52/100 tox
|move|p1a: Arceus|Toxic|p2a: Alomomola
|-fail|p2a: Alomomola|tox
|
|-heal|p2a: Alomomola|59/100 tox|[from] item: Leftovers
|-damage|p2a: Alomomola|52/100 tox|[from] psn
|-damage|p1a: Arceus|61/100 brn|[from] brn
|upkeep
|turn|18
|
|t:|1633966837
|move|p1a: Arceus|Judgment|p2a: Alomomola
|-resisted|p2a: Alomomola
|-damage|p2a: Alomomola|18/100 tox
|move|p2a: Alomomola|Wish|p2a: Alomomola
|
|-heal|p2a: Alomomola|24/100 tox|[from] item: Leftovers
|-damage|p2a: Alomomola|11/100 tox|[from] psn
|-damage|p1a: Arceus|55/100 brn|[from] brn
|upkeep
|turn|19
|
|t:|1633966846
|switch|p2a: Shaymin|Shaymin-Sky|100/100
|move|p1a: Arceus|Recover|p1a: Arceus
|-heal|p1a: Arceus|100/100 brn
|
|-damage|p1a: Arceus|94/100 brn|[from] brn
|upkeep
|turn|20
|
|t:|1633966852
|switch|p1a: Yveltal|Yveltal|100/100
|-ability|p1a: Yveltal|Dark Aura
|move|p2a: Shaymin|Air Slash|p1a: Yveltal
|-damage|p1a: Yveltal|77/100
|
|upkeep
|turn|21
|
|t:|1633966858
|switch|p2a: Ho-Oh|Ho-Oh|100/100
|move|p1a: Yveltal|Knock Off|p2a: Ho-Oh
|-damage|p2a: Ho-Oh|66/100
|
|upkeep
|turn|22
|
|t:|1633966864
|switch|p1a: Arceus|Arceus-Water|94/100 brn
|move|p2a: Ho-Oh|Roar|p1a: Arceus
|drag|p1a: Yveltal|Yveltal|77/100
|-ability|p1a: Yveltal|Dark Aura
|
|upkeep
|turn|23
|
|t:|1633966872
|switch|p1a: Arceus|Arceus-Water|94/100 brn
|move|p2a: Ho-Oh|Roar|p1a: Arceus
|drag|p1a: Blaziken|Blaziken, F|100/100
|
|upkeep
|turn|24
|
|t:|1633966882
|switch|p1a: Arceus|Arceus-Water|94/100 brn
|move|p2a: Ho-Oh|Roar|p1a: Arceus
|drag|p1a: Yveltal|Yveltal|77/100
|-ability|p1a: Yveltal|Dark Aura
|
|upkeep
|turn|25
|
|t:|1633966890
|switch|p1a: Arceus|Arceus-Water|94/100 brn
|switch|p2a: Shaymin|Shaymin-Sky|100/100
|
|-damage|p1a: Arceus|88/100 brn|[from] brn
|upkeep
|turn|26
|
|t:|1633966895
|switch|p1a: Yveltal|Yveltal|77/100
|-ability|p1a: Yveltal|Dark Aura
|move|p2a: Shaymin|Air Slash|p1a: Yveltal
|-damage|p1a: Yveltal|56/100
|
|upkeep
|turn|27
|
|t:|1633966901
|switch|p2a: Ho-Oh|Ho-Oh|99/100
|switch|p1a: Necrozma|Necrozma-Dusk-Mane|70/100
|
|-heal|p1a: Necrozma|76/100|[from] item: Leftovers
|upkeep
|turn|28
|
|t:|1633966904
|switch|p1a: Arceus|Arceus-Water|88/100 brn
|move|p2a: Ho-Oh|Sacred Fire|p1a: Arceus
|-resisted|p1a: Arceus
|-damage|p1a: Arceus|72/100 brn
|
|-damage|p1a: Arceus|66/100 brn|[from] brn
|upkeep
|turn|29
|
|t:|1633966913
|switch|p2a: Alomomola|Alomomola, F|45/100 tox
|move|p1a: Arceus|Judgment|p2a: Alomomola
|-resisted|p2a: Alomomola
|-damage|p2a: Alomomola|11/100 tox
|
|-heal|p2a: Alomomola|17/100 tox|[from] item: Leftovers
|-damage|p2a: Alomomola|11/100 tox|[from] psn
|-damage|p1a: Arceus|60/100 brn|[from] brn
|upkeep
|turn|30
|
|t:|1633966919
|switch|p1a: Necrozma|Necrozma-Dusk-Mane|76/100
|move|p2a: Alomomola|Protect||[still]
|-fail|p2a: Alomomola
|
|-heal|p1a: Necrozma|82/100|[from] item: Leftovers
|-heal|p2a: Alomomola|17/100 tox|[from] item: Leftovers
|-damage|p2a: Alomomola|4/100 tox|[from] psn
|upkeep
|turn|31
|
|t:|1633966923
|move|p1a: Necrozma|Stealth Rock|p2a: Alomomola
|-sidestart|p2: TestingIdiotTeams|move: Stealth Rock
|move|p2a: Alomomola|Wish|p2a: Alomomola
|
|-heal|p1a: Necrozma|89/100|[from] item: Leftovers
|-heal|p2a: Alomomola|11/100 tox|[from] item: Leftovers
|-damage|p2a: Alomomola|0 fnt|[from] psn
|faint|p2a: Alomomola
|upkeep
|
|t:|1633966927
|switch|p2a: Yveltal|Yveltal|100/100
|-damage|p2a: Yveltal|75/100|[from] Stealth Rock
|-ability|p2a: Yveltal|Dark Aura
|turn|32
|
|t:|1633966934
|move|p2a: Yveltal|Defog|p1a: Necrozma
|-unboost|p1a: Necrozma|evasion|1
|-sideend|p2: TestingIdiotTeams|Stealth Rock|[from] move: Defog|[of] p2a: Yveltal
|move|p1a: Necrozma|Thunder Wave|p2a: Yveltal
|-status|p2a: Yveltal|par
|
|-heal|p2a: Yveltal|100/100 par|[from] move: Wish|[wisher] Alomomola
|-heal|p1a: Necrozma|95/100|[from] item: Leftovers
|upkeep
|turn|33
|
|t:|1633966941
|move|p1a: Necrozma|Stealth Rock|p2a: Yveltal
|-sidestart|p2: TestingIdiotTeams|move: Stealth Rock
|cant|p2a: Yveltal|par
|
|-heal|p1a: Necrozma|100/100|[from] item: Leftovers
|upkeep
|turn|34
|
|t:|1633966946
|switch|p1a: Yveltal|Yveltal|56/100
|-ability|p1a: Yveltal|Dark Aura
|move|p2a: Yveltal|Snarl|p1a: Yveltal
|-resisted|p1a: Yveltal
|-damage|p1a: Yveltal|44/100
|-unboost|p1a: Yveltal|spa|1
|
|upkeep
|turn|35
|
|t:|1633966951
|move|p1a: Yveltal|Knock Off|p2a: Yveltal
|-resisted|p2a: Yveltal
|-damage|p2a: Yveltal|79/100 par
|-enditem|p2a: Yveltal|Black Glasses|[from] move: Knock Off|[of] p1a: Yveltal
|move|p2a: Yveltal|Snarl|p1a: Yveltal
|-resisted|p1a: Yveltal
|-damage|p1a: Yveltal|35/100
|-unboost|p1a: Yveltal|spa|1
|
|upkeep
|turn|36
|
|t:|1633966961
|move|p1a: Yveltal|Roost|p1a: Yveltal
|-heal|p1a: Yveltal|85/100
|-singleturn|p1a: Yveltal|move: Roost
|move|p2a: Yveltal|Defog|p1a: Yveltal
|-unboost|p1a: Yveltal|evasion|1
|-sideend|p2: TestingIdiotTeams|Stealth Rock|[from] move: Defog|[of] p2a: Yveltal
|
|upkeep
|turn|37
|
|t:|1633966967
|move|p1a: Yveltal|U-turn|p2a: Yveltal
|-damage|p2a: Yveltal|64/100 par
|
|t:|1633966974
|switch|p1a: Necrozma|Necrozma-Dusk-Mane|100/100|[from]move: U-turn
|cant|p2a: Yveltal|par
|
|upkeep
|turn|38
|
|t:|1633966981
|move|p1a: Necrozma|Sunsteel Strike|p2a: Yveltal
|-damage|p2a: Yveltal|24/100 par
|move|p2a: Yveltal|Snarl|p1a: Necrozma|[miss]
|-miss|p2a: Yveltal|p1a: Necrozma
|
|upkeep
|turn|39
|
|t:|1633966985
|move|p1a: Necrozma|Stealth Rock|p2a: Yveltal
|-sidestart|p2: TestingIdiotTeams|move: Stealth Rock
|move|p2a: Yveltal|Roost|p2a: Yveltal
|-heal|p2a: Yveltal|74/100 par
|-singleturn|p2a: Yveltal|move: Roost
|
|upkeep
|turn|40
|
|t:|1633966988
|move|p1a: Necrozma|Sunsteel Strike|p2a: Yveltal
|-damage|p2a: Yveltal|34/100 par
|move|p2a: Yveltal|Roost|p2a: Yveltal
|-heal|p2a: Yveltal|84/100 par
|-singleturn|p2a: Yveltal|move: Roost
|
|upkeep
|turn|41
|
|t:|1633966994
|switch|p1a: Blaziken|Blaziken, F|100/100
|move|p2a: Yveltal|Roost|p2a: Yveltal
|-heal|p2a: Yveltal|100/100 par
|-singleturn|p2a: Yveltal|move: Roost
|
|upkeep
|turn|42
|
|t:|1633967000
|detailschange|p1a: Blaziken|Blaziken-Mega, F
|-mega|p1a: Blaziken|Blaziken|Blazikenite
|move|p1a: Blaziken|Flare Blitz|p2a: Yveltal
|-damage|p2a: Yveltal|33/100 par
|-damage|p1a: Blaziken|67/100|[from] Recoil
|cant|p2a: Yveltal|par
|
|-ability|p1a: Blaziken|Speed Boost|boost
|-boost|p1a: Blaziken|spe|1
|upkeep
|turn|43
|
|t:|1633967010
|move|p2a: Yveltal|Sucker Punch|p1a: Blaziken
|-resisted|p1a: Blaziken
|-damage|p1a: Blaziken|43/100
|move|p1a: Blaziken|Close Combat|p2a: Yveltal
|-damage|p2a: Yveltal|0 fnt
|-unboost|p1a: Blaziken|def|1
|-unboost|p1a: Blaziken|spd|1
|faint|p2a: Yveltal
|
|-ability|p1a: Blaziken|Speed Boost|boost
|-boost|p1a: Blaziken|spe|1
|upkeep
|
|t:|1633967016
|switch|p2a: Shaymin|Shaymin-Sky|100/100
|-damage|p2a: Shaymin|76/100|[from] Stealth Rock
|turn|44
|
|t:|1633967021
|move|p1a: Blaziken|Protect|p1a: Blaziken
|-singleturn|p1a: Blaziken|Protect
|move|p2a: Shaymin|Air Slash|p1a: Blaziken
|-activate|p1a: Blaziken|move: Protect
|
|-ability|p1a: Blaziken|Speed Boost|boost
|-boost|p1a: Blaziken|spe|1
|upkeep
|turn|45
|
|t:|1633967024
|move|p1a: Blaziken|Flare Blitz|p2a: Shaymin
|-supereffective|p2a: Shaymin
|-damage|p2a: Shaymin|0 fnt
|faint|p2a: Shaymin
|-damage|p1a: Blaziken|15/100|[from] Recoil
|
|-ability|p1a: Blaziken|Speed Boost|boost
|-boost|p1a: Blaziken|spe|1
|upkeep
|
|t:|1633967028
|switch|p2a: Ho-Oh|Ho-Oh|100/100
|-damage|p2a: Ho-Oh|50/100|[from] Stealth Rock
|turn|46
|c|☆F.A.M.E.246 2nd|Gg
|
|t:|1633967035
|switch|p1a: Arceus|Arceus-Water|60/100 brn
|move|p2a: Ho-Oh|Roost|p2a: Ho-Oh
|-heal|p2a: Ho-Oh|100/100
|-singleturn|p2a: Ho-Oh|move: Roost
|
|-damage|p1a: Arceus|54/100 brn|[from] brn
|upkeep
|turn|47
|c|☆TestingIdiotTeams|I know the game is arealdy yours
|c|☆TestingIdiotTeams|But dont say gg
|c|☆TestingIdiotTeams|Until
|c|☆TestingIdiotTeams|The last turn
|inactive|TestingIdiotTeams has 120 seconds left.
|c|☆TestingIdiotTeams|Pls, this is so toxic
|-message|TestingIdiotTeams forfeited.
|
|win|F.A.M.E.246 2nd
|raw|F.A.M.E.246 2nd's rating: 1739 &rarr; <strong>1754</strong><br />(+15 for winning)
|raw|TestingIdiotTeams's rating: 1651 &rarr; <strong>1636</strong><br />(-15 for losing)
|c|☆F.A.M.E.246 2nd|Aight
|l|☆TestingIdiotTeams
|c|☆F.A.M.E.246 2nd|I was the last turn tho
||Ladder isn't responding, score probably updated but might not have (Request timeout).
