|j|☆ImHoribleAtPokemon
|j|☆Sanjog29
|t:|1659814137
|gametype|singles
|player|p1|ImHoribleAtPokemon|102|1698
|player|p2|Sanjog29|lance|1712
|teamsize|p1|6
|teamsize|p2|6
|gen|8
|tier|[Gen 8] National Dex AG
|rated|
|rule|HP Percentage Mod: HP is shown in percentages
|rule|Endless Battle Clause: Forcing endless battles is banned
|clearpoke
|poke|p1|Deoxys-Speed|
|poke|p1|Rayquaza|
|poke|p1|Yveltal|
|poke|p1|Ditto|
|poke|p1|Zacian-*|
|poke|p1|Calyrex-Shadow|
|poke|p2|Yveltal|
|poke|p2|Arceus-*|
|poke|p2|Groudon|
|poke|p2|Rayquaza|
|poke|p2|Xerneas-*|
|poke|p2|Ditto|
|teampreview
|inactive|Battle timer is ON: inactive players will automatically lose when time's up. (requested by ImHoribleAtPokemon)
|
|t:|1659814146
|start
|switch|p1a: Deoxys|Deoxys-Speed|100/100
|switch|p2a: Rayquaza|Rayquaza|100/100
|-ability|p1a: Deoxys|Pressure
|-ability|p2a: Rayquaza|Air Lock
|turn|1
|
|t:|1659814154
|detailschange|p2a: Rayquaza|Rayquaza-Mega
|-mega|p2a: Rayquaza|Rayquaza|
|-weather|DeltaStream|[from] ability: Delta Stream|[of] p2a: Rayquaza
|move|p1a: Deoxys|Stealth Rock|p2a: Rayquaza
|-sidestart|p2: Sanjog29|move: Stealth Rock
|move|p2a: Rayquaza|Dragon Ascent|p1a: Deoxys
|-damage|p1a: Deoxys|3/100
|-unboost|p2a: Rayquaza|def|1
|-unboost|p2a: Rayquaza|spd|1
|
|-weather|DeltaStream|[upkeep]
|upkeep
|turn|2
|
|t:|1659814161
|move|p2a: Rayquaza|Extreme Speed|p1a: Deoxys
|-damage|p1a: Deoxys|0 fnt
|faint|p1a: Deoxys
|
|-weather|DeltaStream|[upkeep]
|upkeep
|
|t:|1659814165
|switch|p1a: Yveltal|Yveltal|100/100
|-ability|p1a: Yveltal|Dark Aura
|turn|3
|
|t:|1659814183
|-start|p1a: Yveltal|Dynamax|
|-heal|p1a: Yveltal|100/100|[silent]
|move|p2a: Rayquaza|Dragon Ascent|p1a: Yveltal
|-damage|p1a: Yveltal|62/100
|-unboost|p2a: Rayquaza|def|1
|-unboost|p2a: Rayquaza|spd|1
|move|p1a: Yveltal|Max Airstream|p2a: Rayquaza
|-enditem|p2a: Rayquaza|Focus Sash
|-damage|p2a: Rayquaza|1/100
|-boost|p1a: Yveltal|spe|1
|-damage|p1a: Yveltal|57/100|[from] item: Life Orb
|
|-weather|DeltaStream|[upkeep]
|upkeep
|turn|4
|
|t:|1659814198
|move|p2a: Rayquaza|Extreme Speed|p1a: Yveltal
|-damage|p1a: Yveltal|40/100
|move|p1a: Yveltal|Max Airstream|p2a: Rayquaza
|-crit|p2a: Rayquaza
|-damage|p2a: Rayquaza|0 fnt
|-boost|p1a: Yveltal|spe|1
|faint|p2a: Rayquaza
|-weather|none
|-damage|p1a: Yveltal|35/100|[from] item: Life Orb
|
|upkeep
|inactive|Sanjog29 has 120 seconds left.
|
|t:|1659814220
|switch|p2a: Xerneas|Xerneas|100/100
|-damage|p2a: Xerneas|88/100|[from] Stealth Rock
|-ability|p2a: Xerneas|Fairy Aura
|turn|5
|
|t:|1659814224
|move|p1a: Yveltal|Max Airstream|p2a: Xerneas
|-damage|p2a: Xerneas|11/100
|-boost|p1a: Yveltal|spe|1
|-damage|p1a: Yveltal|30/100|[from] item: Life Orb
|move|p2a: Xerneas|Moonblast|p1a: Yveltal
|-supereffective|p1a: Yveltal
|-damage|p1a: Yveltal|0 fnt
|faint|p1a: Yveltal
|
|upkeep
|
|t:|1659814229
|switch|p1a: Rayquaza|Rayquaza|100/100
|-ability|p1a: Rayquaza|Air Lock
|turn|6
|
|t:|1659814233
|detailschange|p1a: Rayquaza|Rayquaza-Mega
|-mega|p1a: Rayquaza|Rayquaza|
|-weather|DeltaStream|[from] ability: Delta Stream|[of] p1a: Rayquaza
|move|p1a: Rayquaza|Extreme Speed|p2a: Xerneas
|-damage|p2a: Xerneas|0 fnt
|faint|p2a: Xerneas
|-damage|p1a: Rayquaza|91/100|[from] item: Life Orb
|
|-weather|DeltaStream|[upkeep]
|upkeep
|
|t:|1659814252
|switch|p2a: Groudon|Groudon|100/100
|-damage|p2a: Groudon|94/100|[from] Stealth Rock
|detailschange|p2a: Groudon|Groudon-Primal
|-primal|p2a: Groudon
|-weather|DesolateLand|[from] ability: Desolate Land|[of] p2a: Groudon
|turn|7
|
|t:|1659814256
|move|p1a: Rayquaza|Earthquake|p2a: Groudon
|-supereffective|p2a: Groudon
|-damage|p2a: Groudon|36/100
|-damage|p1a: Rayquaza|81/100|[from] item: Life Orb
|move|p2a: Groudon|Stealth Rock|p1a: Rayquaza
|-sidestart|p1: ImHoribleAtPokemon|move: Stealth Rock
|
|-weather|DesolateLand|[upkeep]
|upkeep
|turn|8
|
|t:|1659814264
|move|p1a: Rayquaza|Dragon Dance|p1a: Rayquaza
|-boost|p1a: Rayquaza|atk|1
|-boost|p1a: Rayquaza|spe|1
|move|p2a: Groudon|Toxic|p1a: Rayquaza
|-status|p1a: Rayquaza|tox
|
|-weather|DesolateLand|[upkeep]
|-damage|p1a: Rayquaza|75/100 tox|[from] psn
|upkeep
|turn|9
|
|t:|1659814269
|move|p1a: Rayquaza|Earthquake|p2a: Groudon
|-supereffective|p2a: Groudon
|-damage|p2a: Groudon|0 fnt
|faint|p2a: Groudon
|-weather|none
|-damage|p1a: Rayquaza|65/100 tox|[from] item: Life Orb
|
|-damage|p1a: Rayquaza|53/100 tox|[from] psn
|upkeep
|
|t:|1659814277
|switch|p2a: Ditto|Ditto|100/100
|-damage|p2a: Ditto|88/100|[from] Stealth Rock
|-transform|p2a: Ditto|p1a: Rayquaza|[from] ability: Imposter
|-weather|DeltaStream|[from] ability: Delta Stream|[of] p2a: Ditto
|turn|10
|
|t:|1659814286
|move|p1a: Rayquaza|Extreme Speed|p2a: Ditto
|-damage|p2a: Ditto|0 fnt
|faint|p2a: Ditto
|-damage|p1a: Rayquaza|43/100 tox|[from] item: Life Orb
|
|-weather|DeltaStream|[upkeep]
|-damage|p1a: Rayquaza|25/100 tox|[from] psn
|upkeep
|
|t:|1659814304
|switch|p2a: Yveltal|Yveltal|100/100
|-damage|p2a: Yveltal|76/100|[from] Stealth Rock
|-ability|p2a: Yveltal|Dark Aura
|turn|11
|
|t:|1659814310
|move|p2a: Yveltal|Sucker Punch|p1a: Rayquaza
|-damage|p1a: Rayquaza|0 fnt
|faint|p1a: Rayquaza
|-weather|none
|
|upkeep
|
|t:|1659814314
|switch|p1a: Zacian|Zacian-Crowned|100/100
|-damage|p1a: Zacian|94/100|[from] Stealth Rock
|-ability|p1a: Zacian|Intrepid Sword|boost
|-boost|p1a: Zacian|atk|1
|turn|12
|
|t:|1659814339
|move|p2a: Yveltal|Sucker Punch|p1a: Zacian
|-resisted|p1a: Zacian
|-damage|p1a: Zacian|74/100
|move|p1a: Zacian|Behemoth Blade|p2a: Yveltal
|-damage|p2a: Yveltal|0 fnt
|faint|p2a: Yveltal
|
|upkeep
|
|t:|1659814344
|switch|p2a: Arceus|Arceus|100/100
|-damage|p2a: Arceus|88/100|[from] Stealth Rock
|turn|13
|
|t:|1659814358
|-start|p2a: Arceus|Dynamax|
|-heal|p2a: Arceus|88/100|[silent]
|move|p1a: Zacian|Close Combat|p2a: Arceus
|-supereffective|p2a: Arceus
|-damage|p2a: Arceus|28/100
|-unboost|p1a: Zacian|def|1
|-unboost|p1a: Zacian|spd|1
|move|p2a: Arceus|Max Quake|p1a: Zacian
|-supereffective|p1a: Zacian
|-damage|p1a: Zacian|0 fnt
|-boost|p2a: Arceus|spd|1
|faint|p1a: Zacian
|
|upkeep
|
|t:|1659814364
|switch|p1a: Calyrex|Calyrex-Shadow|100/100
|-ability|p1a: Calyrex|As One
|-ability|p1a: Calyrex|Unnerve
|-damage|p1a: Calyrex|88/100|[from] Stealth Rock
|turn|14
|
|t:|1659814369
|move|p1a: Calyrex|Pollen Puff|p2a: Arceus
|-damage|p2a: Arceus|17/100
|-damage|p1a: Calyrex|78/100|[from] item: Life Orb
|move|p2a: Arceus|Max Phantasm|p1a: Calyrex
|-supereffective|p1a: Calyrex
|-damage|p1a: Calyrex|0 fnt
|faint|p1a: Calyrex
|
|upkeep
|
|t:|1659814373
|switch|p1a: Ditto|Ditto|100/100
|-damage|p1a: Ditto|88/100|[from] Stealth Rock
|-transform|p1a: Ditto|p2a: Arceus|[from] ability: Imposter
|turn|15
|
|t:|1659814378
|move|p1a: Ditto|Extreme Speed|p2a: Arceus
|-damage|p2a: Arceus|2/100
|move|p2a: Arceus|Max Strike|p1a: Ditto
|-damage|p1a: Ditto|21/100
|-unboost|p1a: Ditto|spe|1
|
|upkeep
|-end|p2a: Arceus|Dynamax
|-heal|p2a: Arceus|2/100|[silent]
|turn|16
|
|t:|1659814384
|move|p2a: Arceus|Extreme Speed|p1a: Ditto
|-damage|p1a: Ditto|0 fnt
|faint|p1a: Ditto
|
|win|Sanjog29
|raw|ImHoribleAtPokemon's rating: 1714 &rarr; <strong>1694</strong><br />(-20 for losing)
|raw|Sanjog29's rating: 1712 &rarr; <strong>1732</strong><br />(+20 for winning)
|l|☆ImHoribleAtPokemon
