|j|☆Secret winner$
|j|☆Master kushagra
|t:|1647967736
|gametype|singles
|player|p1|Secret winner$|lucas|
|player|p2|Master kushagra|leon-tower|
|teamsize|p1|6
|teamsize|p2|6
|gen|8
|tier|[Gen 8] National Dex AG
|rule|HP Percentage Mod: HP is shown in percentages
|rule|Endless Battle Clause: Forcing endless battles is banned
|clearpoke
|poke|p1|Archeops, F|
|poke|p1|Calyrex-Shadow|
|poke|p1|Zacian-*|
|poke|p1|Necrozma-Dusk-Mane|
|poke|p1|Yveltal|
|poke|p1|Rayquaza|
|poke|p2|Necrozma-Dusk-Mane|
|poke|p2|Arceus-*|
|poke|p2|Ditto|
|poke|p2|Arceus-*|
|poke|p2|Xerneas-*|
|poke|p2|Marshadow|
|teampreview
|inactive|Battle timer is ON: inactive players will automatically lose when time's up. (requested by Secret winner$)
|
|t:|1647967745
|start
|switch|p1a: Archeops|Archeops, F|100/100
|switch|p2a: Arceus|Arceus-Ground|100/100
|turn|1
|
|t:|1647967754
|move|p1a: Archeops|Taunt|p2a: Arceus
|-start|p2a: Arceus|move: Taunt
|move|p2a: Arceus|Stone Edge|p1a: Archeops
|-supereffective|p1a: Archeops
|-enditem|p1a: Archeops|Focus Sash
|-damage|p1a: Archeops|1/100
|
|upkeep
|turn|2
|
|t:|1647967764
|move|p1a: Archeops|Endeavor|p2a: Arceus
|-damage|p2a: Arceus|1/100
|move|p2a: Arceus|Stone Edge|p1a: Archeops
|-supereffective|p1a: Archeops
|-damage|p1a: Archeops|0 fnt
|faint|p1a: Archeops
|
|upkeep
|
|t:|1647967770
|switch|p1a: Rayquaza|Rayquaza|100/100
|-ability|p1a: Rayquaza|Air Lock
|turn|3
|
|t:|1647967781
|switch|p2a: Thor|Arceus-Electric|100/100
|detailschange|p1a: Rayquaza|Rayquaza-Mega
|-mega|p1a: Rayquaza|Rayquaza|
|-weather|DeltaStream|[from] ability: Delta Stream|[of] p1a: Rayquaza
|move|p1a: Rayquaza|Extreme Speed|p2a: Thor
|-damage|p2a: Thor|74/100
|
|-weather|DeltaStream|[upkeep]
|upkeep
|turn|4
|
|t:|1647967786
|-start|p2a: Thor|Dynamax
|-heal|p2a: Thor|74/100|[silent]
|move|p2a: Thor|Max Hailstorm|p1a: Rayquaza
|-activate||deltastream
|-supereffective|p1a: Rayquaza
|-damage|p1a: Rayquaza|24/100
|move|p1a: Rayquaza|Dragon Dance|p1a: Rayquaza
|-boost|p1a: Rayquaza|atk|1
|-boost|p1a: Rayquaza|spe|1
|
|-weather|DeltaStream|[upkeep]
|upkeep
|turn|5
|
|t:|1647967795
|move|p1a: Rayquaza|V-create|p2a: Thor
|-damage|p2a: Thor|28/100
|-unboost|p1a: Rayquaza|spe|1
|-unboost|p1a: Rayquaza|def|1
|-unboost|p1a: Rayquaza|spd|1
|move|p2a: Thor|Max Hailstorm|p1a: Rayquaza
|-activate||deltastream
|-supereffective|p1a: Rayquaza
|-damage|p1a: Rayquaza|0 fnt
|-weather|Hail
|faint|p1a: Rayquaza
|
|-weather|Hail|[upkeep]
|-damage|p2a: Thor|25/100|[from] Hail
|upkeep
|
|t:|1647967800
|switch|p1a: Calyrex|Calyrex-Shadow|100/100
|-ability|p1a: Calyrex|As One
|-ability|p1a: Calyrex|Unnerve
|turn|6
|
|t:|1647967808
|move|p2a: Thor|Max Guard|p2a: Thor
|-singleturn|p2a: Thor|Max Guard
|move|p1a: Calyrex|Astral Barrage|p2a: Thor
|-activate|p2a: Thor|move: Max Guard
|
|-weather|Hail|[upkeep]
|-damage|p1a: Calyrex|94/100|[from] Hail
|-damage|p2a: Thor|22/100|[from] Hail
|-end|p2a: Thor|Dynamax
|-heal|p2a: Thor|22/100|[silent]
|upkeep
|turn|7
|
|t:|1647967817
|switch|p2a: Xerneas|Xerneas, shiny|100/100
|-ability|p2a: Xerneas|Fairy Aura
|move|p1a: Calyrex|Astral Barrage|p2a: Xerneas
|-damage|p2a: Xerneas|45/100
|
|-weather|Hail|[upkeep]
|-damage|p1a: Calyrex|88/100|[from] Hail
|-damage|p2a: Xerneas|39/100|[from] Hail
|upkeep
|turn|8
|
|t:|1647967821
|move|p1a: Calyrex|Astral Barrage|p2a: Xerneas
|-damage|p2a: Xerneas|0 fnt
|faint|p2a: Xerneas
|-ability|p1a: Calyrex|Grim Neigh|boost
|-boost|p1a: Calyrex|spa|1
|
|-weather|Hail|[upkeep]
|-damage|p1a: Calyrex|82/100|[from] Hail
|upkeep
|
|t:|1647967825
|switch|p2a: Ditto is ditto|Ditto|100/100
|-transform|p2a: Ditto is ditto|p1a: Calyrex|[from] ability: Imposter
|turn|9
|
|t:|1647967828
|move|p2a: Ditto is ditto|Astral Barrage|p1a: Calyrex
|-supereffective|p1a: Calyrex
|-damage|p1a: Calyrex|0 fnt
|faint|p1a: Calyrex
|-ability|p2a: Ditto is ditto|Grim Neigh|boost
|-boost|p2a: Ditto is ditto|spa|1
|
|-weather|none
|upkeep
|
|t:|1647967829
|switch|p1a: Yveltal|Yveltal|100/100
|-ability|p1a: Yveltal|Dark Aura
|turn|10
|
|t:|1647967837
|switch|p2a: Arceus|Arceus-Ground|1/100
|-start|p1a: Yveltal|Dynamax
|-heal|p1a: Yveltal|100/100|[silent]
|move|p1a: Yveltal|Max Airstream|p2a: Arceus
|-damage|p2a: Arceus|0 fnt
|-boost|p1a: Yveltal|spe|1
|faint|p2a: Arceus
|-damage|p1a: Yveltal|96/100|[from] item: Life Orb
|
|upkeep
|
|t:|1647967847
|switch|p2a: Thor|Arceus-Electric|22/100
|turn|11
|
|t:|1647967849
|move|p1a: Yveltal|Max Darkness|p2a: Thor
|-damage|p2a: Thor|0 fnt
|faint|p2a: Thor
|-damage|p1a: Yveltal|91/100|[from] item: Life Orb
|
|upkeep
|
|t:|1647967856
|switch|p2a: Ditto is ditto|Ditto|100/100
|-transform|p2a: Ditto is ditto|p1a: Yveltal|[from] ability: Imposter
|-ability|p2a: Ditto is ditto|Dark Aura
|turn|12
|
|t:|1647967860
|switch|p2a: Marshadow|Marshadow|100/100
|move|p1a: Yveltal|Max Airstream|p2a: Marshadow
|-supereffective|p2a: Marshadow
|-damage|p2a: Marshadow|0 fnt
|-boost|p1a: Yveltal|spe|1
|faint|p2a: Marshadow
|-damage|p1a: Yveltal|86/100|[from] item: Life Orb
|
|-end|p1a: Yveltal|Dynamax
|-heal|p1a: Yveltal|86/100|[silent]
|upkeep
|
|t:|1647967867
|switch|p2a: zacian destroyer|Necrozma-Dusk-Mane|100/100
|turn|13
|c|☆Secret winner$|:)
|
|t:|1647967870
|move|p1a: Yveltal|Dark Pulse|p2a: zacian destroyer
|-supereffective|p2a: zacian destroyer
|-damage|p2a: zacian destroyer|6/100
|-enditem|p2a: zacian destroyer|Weakness Policy
|-boost|p2a: zacian destroyer|atk|2|[from] item: Weakness Policy
|-boost|p2a: zacian destroyer|spa|2|[from] item: Weakness Policy
|-damage|p1a: Yveltal|76/100|[from] item: Life Orb
|move|p2a: zacian destroyer|Sunsteel Strike|p1a: Yveltal
|-damage|p1a: Yveltal|0 fnt
|faint|p1a: Yveltal
|
|upkeep
|
|t:|1647967879
|switch|p1a: Zacian|Zacian-Crowned|100/100
|-ability|p1a: Zacian|Intrepid Sword|boost
|-boost|p1a: Zacian|atk|1
|turn|14
|
|t:|1647967899
|move|p1a: Zacian|Behemoth Blade|p2a: zacian destroyer
|-resisted|p2a: zacian destroyer
|-damage|p2a: zacian destroyer|0 fnt
|faint|p2a: zacian destroyer
|
|upkeep
|c|☆Secret winner$|/log Secret winner$ made this room public.
|
|t:|1647967901
|switch|p2a: Ditto is ditto|Ditto|100/100
|-transform|p2a: Ditto is ditto|p1a: Zacian|[from] ability: Imposter
|-ability|p2a: Ditto is ditto|Intrepid Sword|boost
|-boost|p2a: Ditto is ditto|atk|1
|turn|15
|
|t:|1647967906
|move|p2a: Ditto is ditto|Behemoth Blade|p1a: Zacian
|-damage|p1a: Zacian|0 fnt
|faint|p1a: Zacian
|
|upkeep
|
|t:|1647967908
|switch|p1a: Necrozma|Necrozma-Dusk-Mane|100/100
|turn|16
|c|☆Master kushagra|ggwp
|c|☆Master kushagra|nice
|c|☆Secret winner$|ggwp
|
|t:|1647967915
|move|p2a: Ditto is ditto|Behemoth Blade|p1a: Necrozma
|-resisted|p1a: Necrozma
|-damage|p1a: Necrozma|55/100
|move|p1a: Necrozma|Trick Room|p1a: Necrozma
|-fieldstart|move: Trick Room|[of] p1a: Necrozma
|
|upkeep
|turn|17
|
|t:|1647967921
|move|p1a: Necrozma|Earthquake|p2a: Ditto is ditto
|-supereffective|p2a: Ditto is ditto
|-damage|p2a: Ditto is ditto|11/100
|move|p2a: Ditto is ditto|Behemoth Blade|p1a: Necrozma
|-resisted|p1a: Necrozma
|-damage|p1a: Necrozma|9/100
|
|upkeep
|turn|18
|
|t:|1647967929
|move|p1a: Necrozma|Sunsteel Strike|p2a: Ditto is ditto
|-damage|p2a: Ditto is ditto|0 fnt
|faint|p2a: Ditto is ditto
|
|win|Secret winner$
