|j|☆Adil
|j|☆Blackstar152001
|t:|1665256583
|gametype|singles
|player|p1|Adil|102|1887
|player|p2|Blackstar152001|blue-gen3two|1833
|teamsize|p1|6
|teamsize|p2|6
|gen|8
|tier|[Gen 8] National Dex AG
|rated|
|rule|HP Percentage Mod: HP is shown in percentages
|rule|Endless Battle Clause: Forcing endless battles is banned
|clearpoke
|poke|p1|Zacian-*|
|poke|p1|Calyrex-Shadow|
|poke|p1|Zygarde|
|poke|p1|Tyranitar, F|
|poke|p1|Rayquaza|
|poke|p1|Necrozma-Dusk-Mane|
|poke|p2|Arceus-*|
|poke|p2|Ditto|
|poke|p2|Kyogre|
|poke|p2|Zygarde|
|poke|p2|Salamence, F|
|poke|p2|Groudon|
|teampreview
|inactive|Battle timer is ON: inactive players will automatically lose when time's up. (requested by Blackstar152001)
|inactive|Blackstar152001 has 120 seconds left.
|
|t:|1665256619
|start
|switch|p1a: Rayquaza|Rayquaza|100/100
|switch|p2a: Groudon|Groudon|100/100
|-ability|p1a: Rayquaza|Air Lock
|detailschange|p2a: Groudon|Groudon-Primal
|-primal|p2a: Groudon
|-weather|DesolateLand|[from] ability: Desolate Land|[of] p2a: Groudon
|turn|1
|
|t:|1665256633
|detailschange|p1a: Rayquaza|Rayquaza-Mega
|-mega|p1a: Rayquaza|Rayquaza|
|-weather|DeltaStream|[from] ability: Delta Stream|[of] p1a: Rayquaza
|move|p1a: Rayquaza|Draco Meteor|p2a: Groudon
|-damage|p2a: Groudon|29/100
|-unboost|p1a: Rayquaza|spa|2
|move|p2a: Groudon|Dragon Tail|p1a: Rayquaza
|-supereffective|p1a: Rayquaza
|-damage|p1a: Rayquaza|49/100
|-weather|none
|drag|p1a: Calyrex|Calyrex-Shadow|100/100
|-ability|p1a: Calyrex|As One
|-ability|p1a: Calyrex|Unnerve
|
|upkeep
|turn|2
|
|t:|1665256643
|switch|p2a: Arceus|Arceus|100/100
|move|p1a: Calyrex|Astral Barrage|p2a: Arceus
|-immune|p2a: Arceus
|
|upkeep
|turn|3
|
|t:|1665256652
|switch|p1a: Zygarde|Zygarde|100/100
|switch|p2a: Groudon|Groudon-Primal|29/100
|-weather|DesolateLand|[from] ability: Desolate Land|[of] p2a: Groudon
|
|-weather|DesolateLand|[upkeep]
|upkeep
|turn|4
|
|t:|1665256656
|move|p1a: Zygarde|Substitute|p1a: Zygarde
|-start|p1a: Zygarde|Substitute
|-damage|p1a: Zygarde|76/100
|move|p2a: Groudon|Stealth Rock|p1a: Zygarde
|-sidestart|p1: Adil|move: Stealth Rock
|
|-weather|DesolateLand|[upkeep]
|-heal|p1a: Zygarde|82/100|[from] item: Leftovers
|upkeep
|turn|5
|
|t:|1665256660
|move|p1a: Zygarde|Coil|p1a: Zygarde
|-boost|p1a: Zygarde|atk|1
|-boost|p1a: Zygarde|def|1
|-boost|p1a: Zygarde|accuracy|1
|move|p2a: Groudon|Dragon Tail|p1a: Zygarde
|-supereffective|p1a: Zygarde
|-activate|p1a: Zygarde|move: Substitute|[damage]
|
|-weather|DesolateLand|[upkeep]
|-heal|p1a: Zygarde|88/100|[from] item: Leftovers
|upkeep
|turn|6
|
|t:|1665256665
|move|p1a: Zygarde|Coil|p1a: Zygarde
|-boost|p1a: Zygarde|atk|1
|-boost|p1a: Zygarde|def|1
|-boost|p1a: Zygarde|accuracy|1
|move|p2a: Groudon|Fire Punch|p1a: Zygarde
|-resisted|p1a: Zygarde
|-crit|p1a: Zygarde
|-end|p1a: Zygarde|Substitute
|
|-weather|DesolateLand|[upkeep]
|-heal|p1a: Zygarde|94/100|[from] item: Leftovers
|upkeep
|turn|7
|
|t:|1665256675
|-weather|none
|switch|p2a: Kyogre|Kyogre|100/100
|detailschange|p2a: Kyogre|Kyogre-Primal
|-primal|p2a: Kyogre
|-weather|PrimordialSea|[from] ability: Primordial Sea|[of] p2a: Kyogre
|move|p1a: Zygarde|Substitute|p1a: Zygarde
|-start|p1a: Zygarde|Substitute
|-damage|p1a: Zygarde|69/100
|
|-weather|PrimordialSea|[upkeep]
|-heal|p1a: Zygarde|75/100|[from] item: Leftovers
|upkeep
|turn|8
|
|t:|1665256687
|move|p2a: Kyogre|Water Spout|p1a: Zygarde
|-end|p1a: Zygarde|Substitute
|move|p1a: Zygarde|Glare|p2a: Kyogre
|-status|p2a: Kyogre|par
|
|-weather|PrimordialSea|[upkeep]
|-heal|p1a: Zygarde|81/100|[from] item: Leftovers
|upkeep
|turn|9
|
|t:|1665256693
|move|p1a: Zygarde|Substitute|p1a: Zygarde
|-start|p1a: Zygarde|Substitute
|-damage|p1a: Zygarde|56/100
|cant|p2a: Kyogre|par
|
|-weather|PrimordialSea|[upkeep]
|-heal|p1a: Zygarde|62/100|[from] item: Leftovers
|upkeep
|turn|10
|
|t:|1665256696
|move|p1a: Zygarde|Thousand Arrows|p2a: Kyogre
|-damage|p2a: Kyogre|35/100 par
|move|p2a: Kyogre|Ice Beam|p1a: Zygarde
|-supereffective|p1a: Zygarde
|-end|p1a: Zygarde|Substitute
|
|-weather|PrimordialSea|[upkeep]
|-heal|p1a: Zygarde|68/100|[from] item: Leftovers
|upkeep
|turn|11
|
|t:|1665256712
|move|p1a: Zygarde|Substitute|p1a: Zygarde
|-start|p1a: Zygarde|Substitute
|-damage|p1a: Zygarde|44/100
|cant|p2a: Kyogre|par
|
|-weather|PrimordialSea|[upkeep]
|-heal|p1a: Zygarde|50/100|[from] item: Leftovers
|-activate|p1a: Zygarde|ability: Power Construct
|detailschange|p1a: Zygarde|Zygarde-Complete
|-heal|p1a: Zygarde|67/100|[silent]
|upkeep
|turn|12
|
|t:|1665256717
|move|p1a: Zygarde|Thousand Arrows|p2a: Kyogre
|-damage|p2a: Kyogre|0 fnt
|faint|p2a: Kyogre
|-weather|none
|
|-heal|p1a: Zygarde|73/100|[from] item: Leftovers
|upkeep
|
|t:|1665256719
|switch|p2a: Zygarde|Zygarde, shiny|100/100
|turn|13
|
|t:|1665256733
|move|p2a: Zygarde|Coil|p2a: Zygarde
|-boost|p2a: Zygarde|atk|1
|-boost|p2a: Zygarde|def|1
|-boost|p2a: Zygarde|accuracy|1
|move|p1a: Zygarde|Coil|p1a: Zygarde
|-boost|p1a: Zygarde|atk|1
|-boost|p1a: Zygarde|def|1
|-boost|p1a: Zygarde|accuracy|1
|
|-heal|p1a: Zygarde|80/100|[from] item: Leftovers
|upkeep
|turn|14
|
|t:|1665256762
|switch|p1a: Calyrex|Calyrex-Shadow|100/100
|-ability|p1a: Calyrex|As One
|-ability|p1a: Calyrex|Unnerve
|-damage|p1a: Calyrex|88/100|[from] Stealth Rock
|move|p2a: Zygarde|Coil|p2a: Zygarde
|-boost|p2a: Zygarde|atk|1
|-boost|p2a: Zygarde|def|1
|-boost|p2a: Zygarde|accuracy|1
|
|upkeep
|turn|15
|
|t:|1665256783
|switch|p2a: Groudon|Groudon-Primal|29/100
|-weather|DesolateLand|[from] ability: Desolate Land|[of] p2a: Groudon
|move|p1a: Calyrex|Trick||[still]
|-fail|p1a: Calyrex
|
|-weather|DesolateLand|[upkeep]
|upkeep
|turn|16
|
|t:|1665256790
|switch|p1a: Zygarde|Zygarde-Complete|80/100
|-damage|p1a: Zygarde|73/100|[from] Stealth Rock
|move|p2a: Groudon|Dragon Tail|p1a: Zygarde|[miss]
|-miss|p2a: Groudon|p1a: Zygarde
|
|-weather|DesolateLand|[upkeep]
|-heal|p1a: Zygarde|80/100|[from] item: Leftovers
|upkeep
|turn|17
|inactive|Adil has 120 seconds left.
|
|t:|1665256835
|move|p1a: Zygarde|Substitute|p1a: Zygarde
|-start|p1a: Zygarde|Substitute
|-damage|p1a: Zygarde|55/100
|move|p2a: Groudon|Dragon Tail|p1a: Zygarde
|-supereffective|p1a: Zygarde
|-activate|p1a: Zygarde|move: Substitute|[damage]
|
|-weather|DesolateLand|[upkeep]
|-heal|p1a: Zygarde|61/100|[from] item: Leftovers
|upkeep
|turn|18
|
|t:|1665256845
|move|p1a: Zygarde|Coil|p1a: Zygarde
|-boost|p1a: Zygarde|atk|1
|-boost|p1a: Zygarde|def|1
|-boost|p1a: Zygarde|accuracy|1
|move|p2a: Groudon|Fire Punch|p1a: Zygarde
|-resisted|p1a: Zygarde
|-activate|p1a: Zygarde|move: Substitute|[damage]
|
|-weather|DesolateLand|[upkeep]
|-heal|p1a: Zygarde|67/100|[from] item: Leftovers
|upkeep
|turn|19
|inactive|Adil has 120 seconds left.
|inactive|Adil has 90 seconds left.
|
|t:|1665256882
|-weather|none
|switch|p2a: Zygarde|Zygarde, shiny|100/100
|move|p1a: Zygarde|Coil|p1a: Zygarde
|-boost|p1a: Zygarde|atk|1
|-boost|p1a: Zygarde|def|1
|-boost|p1a: Zygarde|accuracy|1
|
|-heal|p1a: Zygarde|73/100|[from] item: Leftovers
|upkeep
|turn|20
|
|t:|1665256888
|switch|p1a: Calyrex|Calyrex-Shadow|88/100
|-ability|p1a: Calyrex|As One
|-ability|p1a: Calyrex|Unnerve
|-damage|p1a: Calyrex|76/100|[from] Stealth Rock
|move|p2a: Zygarde|Coil|p2a: Zygarde
|-boost|p2a: Zygarde|atk|1
|-boost|p2a: Zygarde|def|1
|-boost|p2a: Zygarde|accuracy|1
|
|upkeep
|turn|21
|
|t:|1665256897
|switch|p2a: Groudon|Groudon-Primal|29/100
|-weather|DesolateLand|[from] ability: Desolate Land|[of] p2a: Groudon
|move|p1a: Calyrex|Trick||[still]
|-fail|p1a: Calyrex
|
|-weather|DesolateLand|[upkeep]
|upkeep
|turn|22
|inactive|Adil has 90 seconds left.
|
|t:|1665256942
|switch|p1a: Zygarde|Zygarde-Complete|73/100
|-damage|p1a: Zygarde|67/100|[from] Stealth Rock
|move|p2a: Groudon|Dragon Tail|p1a: Zygarde
|-supereffective|p1a: Zygarde
|-damage|p1a: Zygarde|52/100
|drag|p1a: Necrozma|Necrozma-Dusk-Mane|100/100
|-damage|p1a: Necrozma|94/100|[from] Stealth Rock
|
|-weather|DesolateLand|[upkeep]
|upkeep
|turn|23
|
|t:|1665256951
|-weather|none
|switch|p2a: Zygarde|Zygarde, shiny|100/100
|move|p1a: Necrozma|Earthquake|p2a: Zygarde
|-damage|p2a: Zygarde|78/100
|
|upkeep
|turn|24
|
|t:|1665256957
|switch|p1a: Calyrex|Calyrex-Shadow|76/100
|-ability|p1a: Calyrex|As One
|-ability|p1a: Calyrex|Unnerve
|-damage|p1a: Calyrex|64/100|[from] Stealth Rock
|move|p2a: Zygarde|Glare|p1a: Calyrex
|-status|p1a: Calyrex|par
|
|upkeep
|turn|25
|inactive|Adil has 90 seconds left.
|
|t:|1665256967
|switch|p2a: Groudon|Groudon-Primal|29/100
|-weather|DesolateLand|[from] ability: Desolate Land|[of] p2a: Groudon
|move|p1a: Calyrex|Astral Barrage|p2a: Groudon
|-damage|p2a: Groudon|0 fnt
|faint|p2a: Groudon
|-weather|none
|-ability|p1a: Calyrex|Grim Neigh|boost
|-boost|p1a: Calyrex|spa|1
|
|upkeep
|
|t:|1665256969
|switch|p2a: Ditto|Ditto, shiny|100/100
|-transform|p2a: Ditto|p1a: Calyrex|[from] ability: Imposter
|turn|26
|inactive|Adil has 90 seconds left.
|inactive|Adil has 60 seconds left.
|
|t:|1665257018
|switch|p1a: Tyranitar|Tyranitar, F|100/100
|-damage|p1a: Tyranitar|88/100|[from] Stealth Rock
|-weather|Sandstorm|[from] ability: Sand Stream|[of] p1a: Tyranitar
|move|p2a: Ditto|Baton Pass|p2a: Ditto
|
|t:|1665257025
|switch|p2a: Zygarde|Zygarde, shiny|78/100|[from]move: Baton Pass
|
|-weather|Sandstorm|[upkeep]
|upkeep
|turn|27
|
|t:|1665257032
|move|p2a: Zygarde|Thousand Arrows|p1a: Tyranitar
|-supereffective|p1a: Tyranitar
|-crit|p1a: Tyranitar
|-damage|p1a: Tyranitar|13/100
|move|p1a: Tyranitar|Roar|p2a: Zygarde
|drag|p2a: Arceus|Arceus|100/100
|
|-weather|Sandstorm|[upkeep]
|-damage|p2a: Arceus|94/100|[from] Sandstorm
|upkeep
|turn|28
|
|t:|1665257038
|switch|p1a: Zygarde|Zygarde-Complete|52/100
|-damage|p1a: Zygarde|46/100|[from] Stealth Rock
|move|p2a: Arceus|Extreme Speed|p1a: Zygarde
|-damage|p1a: Zygarde|30/100
|
|-weather|Sandstorm|[upkeep]
|-damage|p2a: Arceus|88/100|[from] Sandstorm
|-heal|p1a: Zygarde|36/100|[from] item: Leftovers
|upkeep
|turn|29
|inactive|Adil has 60 seconds left.
|
|t:|1665257076
|switch|p2a: Zygarde|Zygarde, shiny|78/100
|move|p1a: Zygarde|Glare|p2a: Zygarde
|-status|p2a: Zygarde|par
|
|-weather|Sandstorm|[upkeep]
|-heal|p1a: Zygarde|43/100|[from] item: Leftovers
|upkeep
|turn|30
|inactive|Adil has 60 seconds left.
|
|t:|1665257084
|switch|p1a: Calyrex|Calyrex-Shadow|64/100 par
|-ability|p1a: Calyrex|As One
|-ability|p1a: Calyrex|Unnerve
|-damage|p1a: Calyrex|51/100 par|[from] Stealth Rock
|move|p2a: Zygarde|Glare|p1a: Calyrex
|-fail|p1a: Calyrex|par
|
|-weather|none
|upkeep
|turn|31
|
|t:|1665257093
|switch|p2a: Salamence|Salamence, F|100/100
|-ability|p2a: Salamence|Intimidate|boost
|-unboost|p1a: Calyrex|atk|1
|move|p1a: Calyrex|Trick||[still]
|-fail|p1a: Calyrex
|
|upkeep
|turn|32
|
|t:|1665257102
|switch|p1a: Necrozma|Necrozma-Dusk-Mane|94/100
|-damage|p1a: Necrozma|88/100|[from] Stealth Rock
|detailschange|p2a: Salamence|Salamence-Mega, F
|-mega|p2a: Salamence|Salamence|Salamencite
|move|p2a: Salamence|Frustration|p1a: Necrozma
|-resisted|p1a: Necrozma
|-crit|p1a: Necrozma
|-damage|p1a: Necrozma|60/100
|-damage|p2a: Salamence|84/100|[from] item: Rocky Helmet|[of] p1a: Necrozma
|
|upkeep
|turn|33
|inactive|Adil has 60 seconds left.
|
|t:|1665257128
|move|p2a: Salamence|Dragon Dance|p2a: Salamence
|-boost|p2a: Salamence|atk|1
|-boost|p2a: Salamence|spe|1
|move|p1a: Necrozma|Stealth Rock|p2a: Salamence
|-sidestart|p2: Blackstar152001|move: Stealth Rock
|
|upkeep
|turn|34
|
|t:|1665257134
|-start|p1a: Necrozma|Dynamax|
|-heal|p1a: Necrozma|60/100|[silent]
|move|p2a: Salamence|Earthquake|p1a: Necrozma
|-supereffective|p1a: Necrozma
|-damage|p1a: Necrozma|38/100
|move|p1a: Necrozma|Max Steelspike|p2a: Salamence
|-damage|p2a: Salamence|29/100
|-boost|p1a: Necrozma|def|1
|
|upkeep
|turn|35
|
|t:|1665257152
|move|p2a: Salamence|Roost|p2a: Salamence
|-heal|p2a: Salamence|79/100
|-singleturn|p2a: Salamence|move: Roost
|move|p1a: Necrozma|Max Steelspike|p2a: Salamence
|-damage|p2a: Salamence|22/100
|-boost|p1a: Necrozma|def|1
|
|upkeep
|turn|36
|inactive|Adil has 60 seconds left.
|inactive|Adil has 30 seconds left.
|
|t:|1665257214
|move|p2a: Salamence|Roost|p2a: Salamence
|-heal|p2a: Salamence|72/100
|-singleturn|p2a: Salamence|move: Roost
|move|p1a: Necrozma|Max Steelspike|p2a: Salamence
|-crit|p2a: Salamence
|-damage|p2a: Salamence|0 fnt
|-boost|p1a: Necrozma|def|1
|faint|p2a: Salamence
|
|upkeep
|inactive|Adil has 30 seconds left this turn.
|
|t:|1665257230
|switch|p2a: Arceus|Arceus|88/100
|-damage|p2a: Arceus|76/100|[from] Stealth Rock
|-end|p1a: Necrozma|Dynamax
|-heal|p1a: Necrozma|39/100|[silent]
|turn|37
|inactive|Adil has 30 seconds left.
|
|t:|1665257246
|move|p2a: Arceus|Swords Dance|p2a: Arceus
|-boost|p2a: Arceus|atk|2
|move|p1a: Necrozma|Sunsteel Strike|p2a: Arceus
|-damage|p2a: Arceus|40/100
|
|upkeep
|turn|38
|inactive|Adil has 30 seconds left.
|
|t:|1665257255
|switch|p1a: Zacian|Zacian-Crowned|100/100
|-damage|p1a: Zacian|94/100|[from] Stealth Rock
|-ability|p1a: Zacian|Intrepid Sword|boost
|-boost|p1a: Zacian|atk|1
|move|p2a: Arceus|Recover|p2a: Arceus
|-heal|p2a: Arceus|90/100
|
|upkeep
|turn|39
|
|t:|1665257267
|-start|p2a: Arceus|Dynamax|
|-heal|p2a: Arceus|90/100|[silent]
|move|p1a: Zacian|Behemoth Blade|p2a: Arceus
|-damage|p2a: Arceus|21/100
|move|p2a: Arceus|Max Phantasm|p1a: Zacian
|-damage|p1a: Zacian|10/100
|-unboost|p1a: Zacian|def|1
|
|upkeep
|turn|40
|inactive|Adil has 30 seconds left.
|inactive|Adil has 20 seconds left.
|inactive|Adil has 15 seconds left.
|
|t:|1665257302
|switch|p1a: Tyranitar|Tyranitar, F|13/100
|-damage|p1a: Tyranitar|1/100|[from] Stealth Rock
|-weather|Sandstorm|[from] ability: Sand Stream|[of] p1a: Tyranitar
|move|p2a: Arceus|Max Guard||[still]
|-fail|p2a: Arceus
|
|-weather|Sandstorm|[upkeep]
|-damage|p2a: Arceus|18/100|[from] Sandstorm
|upkeep
|turn|41
|inactive|Adil has 25 seconds left this turn.
|inactive|Adil has 20 seconds left.
|
|t:|1665257312
|move|p2a: Arceus|Max Phantasm|p1a: Tyranitar
|-resisted|p1a: Tyranitar
|-damage|p1a: Tyranitar|0 fnt
|faint|p1a: Tyranitar
|
|-weather|Sandstorm|[upkeep]
|-damage|p2a: Arceus|15/100|[from] Sandstorm
|upkeep
|inactive|Adil has 25 seconds left this turn.
|inactive|Adil has 20 seconds left.
|
|t:|1665257321
|switch|p1a: Zygarde|Zygarde-Complete|43/100
|-damage|p1a: Zygarde|36/100|[from] Stealth Rock
|-end|p2a: Arceus|Dynamax
|-heal|p2a: Arceus|15/100|[silent]
|turn|42
|inactive|Adil has 30 seconds left this turn.
|
|t:|1665257325
|switch|p1a: Necrozma|Necrozma-Dusk-Mane|39/100
|-damage|p1a: Necrozma|32/100|[from] Stealth Rock
|move|p2a: Arceus|Recover|p2a: Arceus
|-heal|p2a: Arceus|65/100
|
|-weather|Sandstorm|[upkeep]
|-damage|p2a: Arceus|59/100|[from] Sandstorm
|upkeep
|turn|43
|
|t:|1665257334
|move|p2a: Arceus|Shadow Claw|p1a: Necrozma
|-supereffective|p1a: Necrozma
|-damage|p1a: Necrozma|0 fnt
|-damage|p2a: Arceus|42/100|[from] item: Rocky Helmet|[of] p1a: Necrozma
|faint|p1a: Necrozma
|
|-weather|Sandstorm|[upkeep]
|-damage|p2a: Arceus|36/100|[from] Sandstorm
|upkeep
|
|t:|1665257343
|switch|p1a: Calyrex|Calyrex-Shadow|51/100 par
|-ability|p1a: Calyrex|As One
|-ability|p1a: Calyrex|Unnerve
|-damage|p1a: Calyrex|39/100 par|[from] Stealth Rock
|turn|44
|
|t:|1665257351
|move|p1a: Calyrex|Psyshock|p2a: Arceus
|-damage|p2a: Arceus|2/100
|move|p2a: Arceus|Shadow Claw|p1a: Calyrex
|-supereffective|p1a: Calyrex
|-damage|p1a: Calyrex|0 fnt
|faint|p1a: Calyrex
|
|-weather|none
|upkeep
|inactive|Adil has 30 seconds left.
|
|t:|1665257371
|switch|p1a: Rayquaza|Rayquaza-Mega|49/100
|-damage|p1a: Rayquaza|24/100|[from] Stealth Rock
|-weather|DeltaStream|[from] ability: Delta Stream|[of] p1a: Rayquaza
|turn|45
|
|t:|1665257380
|move|p1a: Rayquaza|Extreme Speed|p2a: Arceus
|-damage|p2a: Arceus|0 fnt
|faint|p2a: Arceus
|
|-weather|DeltaStream|[upkeep]
|upkeep
|
|t:|1665257385
|switch|p2a: Ditto|Ditto, shiny|100/100
|-damage|p2a: Ditto|88/100|[from] Stealth Rock
|-transform|p2a: Ditto|p1a: Rayquaza|[from] ability: Imposter
|turn|46
|
|t:|1665257394
|move|p1a: Rayquaza|Extreme Speed|p2a: Ditto
|-damage|p2a: Ditto|38/100
|move|p2a: Ditto|Dragon Ascent|p1a: Rayquaza
|-damage|p1a: Rayquaza|0 fnt
|-unboost|p2a: Ditto|def|1
|-unboost|p2a: Ditto|spd|1
|faint|p1a: Rayquaza
|
|-weather|DeltaStream|[upkeep]
|upkeep
|
|t:|1665257401
|switch|p1a: Zacian|Zacian-Crowned|10/100
|-damage|p1a: Zacian|4/100|[from] Stealth Rock
|-ability|p1a: Zacian|Intrepid Sword|boost
|-boost|p1a: Zacian|atk|1
|turn|47
|
|t:|1665257411
|-weather|none
|switch|p2a: Zygarde|Zygarde, shiny|78/100 par
|-damage|p2a: Zygarde|72/100 par|[from] Stealth Rock
|move|p1a: Zacian|Quick Attack|p2a: Zygarde
|-damage|p2a: Zygarde|54/100 par
|
|upkeep
|turn|48
|inactive|Adil has 60 seconds left.
|
|t:|1665257427
|switch|p1a: Zygarde|Zygarde-Complete|36/100
|-damage|p1a: Zygarde|30/100|[from] Stealth Rock
|move|p2a: Zygarde|Glare|p1a: Zygarde
|-status|p1a: Zygarde|par
|
|-heal|p1a: Zygarde|36/100 par|[from] item: Leftovers
|upkeep
|turn|49
|
|t:|1665257434
|move|p2a: Zygarde|Coil|p2a: Zygarde
|-boost|p2a: Zygarde|atk|1
|-boost|p2a: Zygarde|def|1
|-boost|p2a: Zygarde|accuracy|1
|move|p1a: Zygarde|Coil|p1a: Zygarde
|-boost|p1a: Zygarde|atk|1
|-boost|p1a: Zygarde|def|1
|-boost|p1a: Zygarde|accuracy|1
|
|-heal|p1a: Zygarde|43/100 par|[from] item: Leftovers
|upkeep
|turn|50
|
|t:|1665257438
|move|p2a: Zygarde|Coil|p2a: Zygarde
|-boost|p2a: Zygarde|atk|1
|-boost|p2a: Zygarde|def|1
|-boost|p2a: Zygarde|accuracy|1
|move|p1a: Zygarde|Coil|p1a: Zygarde
|-boost|p1a: Zygarde|atk|1
|-boost|p1a: Zygarde|def|1
|-boost|p1a: Zygarde|accuracy|1
|
|-heal|p1a: Zygarde|49/100 par|[from] item: Leftovers
|upkeep
|turn|51
|
|t:|1665257441
|move|p2a: Zygarde|Coil|p2a: Zygarde
|-boost|p2a: Zygarde|atk|1
|-boost|p2a: Zygarde|def|1
|-boost|p2a: Zygarde|accuracy|1
|move|p1a: Zygarde|Substitute|p1a: Zygarde
|-start|p1a: Zygarde|Substitute
|-damage|p1a: Zygarde|24/100 par
|
|-heal|p1a: Zygarde|30/100 par|[from] item: Leftovers
|upkeep
|turn|52
|
|t:|1665257445
|cant|p2a: Zygarde|par
|move|p1a: Zygarde|Coil|p1a: Zygarde
|-boost|p1a: Zygarde|atk|1
|-boost|p1a: Zygarde|def|1
|-boost|p1a: Zygarde|accuracy|1
|
|-heal|p1a: Zygarde|36/100 par|[from] item: Leftovers
|upkeep
|turn|53
|inactive|Adil has 90 seconds left.
|
|t:|1665257453
|move|p2a: Zygarde|Rest|p2a: Zygarde
|-status|p2a: Zygarde|slp|[from] move: Rest
|-heal|p2a: Zygarde|100/100 slp|[silent]
|-enditem|p2a: Zygarde|Chesto Berry|[eat]
|-curestatus|p2a: Zygarde|slp|[msg]
|move|p1a: Zygarde|Coil|p1a: Zygarde
|-boost|p1a: Zygarde|atk|1
|-boost|p1a: Zygarde|def|1
|-boost|p1a: Zygarde|accuracy|1
|
|-heal|p1a: Zygarde|43/100 par|[from] item: Leftovers
|upkeep
|turn|54
|
|t:|1665257457
|move|p2a: Zygarde|Coil|p2a: Zygarde
|-boost|p2a: Zygarde|atk|1
|-boost|p2a: Zygarde|def|1
|-boost|p2a: Zygarde|accuracy|1
|move|p1a: Zygarde|Coil|p1a: Zygarde
|-boost|p1a: Zygarde|atk|1
|-boost|p1a: Zygarde|def|1
|-boost|p1a: Zygarde|accuracy|1
|
|-heal|p1a: Zygarde|49/100 par|[from] item: Leftovers
|upkeep
|turn|55
|
|t:|1665257463
|move|p2a: Zygarde|Coil|p2a: Zygarde
|-boost|p2a: Zygarde|atk|1
|-boost|p2a: Zygarde|def|1
|-boost|p2a: Zygarde|accuracy|1
|move|p1a: Zygarde|Coil|p1a: Zygarde
|-boost|p1a: Zygarde|atk|1
|-boost|p1a: Zygarde|def|1
|-boost|p1a: Zygarde|accuracy|1
|
|-heal|p1a: Zygarde|55/100 par|[from] item: Leftovers
|upkeep
|turn|56
|
|t:|1665257470
|move|p2a: Zygarde|Coil|p2a: Zygarde
|-boost|p2a: Zygarde|atk|1
|-boost|p2a: Zygarde|def|1
|-boost|p2a: Zygarde|accuracy|1
|move|p1a: Zygarde|Coil|p1a: Zygarde
|-boost|p1a: Zygarde|atk|0
|-boost|p1a: Zygarde|def|0
|-boost|p1a: Zygarde|accuracy|0
|
|-heal|p1a: Zygarde|61/100 par|[from] item: Leftovers
|upkeep
|turn|57
|
|t:|1665257473
|move|p2a: Zygarde|Coil|p2a: Zygarde
|-boost|p2a: Zygarde|atk|0
|-boost|p2a: Zygarde|def|0
|-boost|p2a: Zygarde|accuracy|0
|move|p1a: Zygarde|Coil|p1a: Zygarde
|-boost|p1a: Zygarde|atk|0
|-boost|p1a: Zygarde|def|0
|-boost|p1a: Zygarde|accuracy|0
|
|-heal|p1a: Zygarde|68/100 par|[from] item: Leftovers
|upkeep
|turn|58
|
|t:|1665257477
|move|p2a: Zygarde|Coil|p2a: Zygarde
|-boost|p2a: Zygarde|atk|0
|-boost|p2a: Zygarde|def|0
|-boost|p2a: Zygarde|accuracy|0
|cant|p1a: Zygarde|par
|
|-heal|p1a: Zygarde|74/100 par|[from] item: Leftovers
|upkeep
|turn|59
|
|t:|1665257480
|move|p2a: Zygarde|Coil|p2a: Zygarde
|-boost|p2a: Zygarde|atk|0
|-boost|p2a: Zygarde|def|0
|-boost|p2a: Zygarde|accuracy|0
|move|p1a: Zygarde|Coil|p1a: Zygarde
|-boost|p1a: Zygarde|atk|0
|-boost|p1a: Zygarde|def|0
|-boost|p1a: Zygarde|accuracy|0
|
|-heal|p1a: Zygarde|80/100 par|[from] item: Leftovers
|upkeep
|turn|60
|
|t:|1665257483
|move|p2a: Zygarde|Coil|p2a: Zygarde
|-boost|p2a: Zygarde|atk|0
|-boost|p2a: Zygarde|def|0
|-boost|p2a: Zygarde|accuracy|0
|move|p1a: Zygarde|Coil|p1a: Zygarde
|-boost|p1a: Zygarde|atk|0
|-boost|p1a: Zygarde|def|0
|-boost|p1a: Zygarde|accuracy|0
|
|-heal|p1a: Zygarde|86/100 par|[from] item: Leftovers
|upkeep
|turn|61
|
|t:|1665257489
|move|p2a: Zygarde|Coil|p2a: Zygarde
|-boost|p2a: Zygarde|atk|0
|-boost|p2a: Zygarde|def|0
|-boost|p2a: Zygarde|accuracy|0
|move|p1a: Zygarde|Coil|p1a: Zygarde
|-boost|p1a: Zygarde|atk|0
|-boost|p1a: Zygarde|def|0
|-boost|p1a: Zygarde|accuracy|0
|
|-heal|p1a: Zygarde|92/100 par|[from] item: Leftovers
|upkeep
|turn|62
|
|t:|1665257496
|move|p2a: Zygarde|Coil|p2a: Zygarde
|-boost|p2a: Zygarde|atk|0
|-boost|p2a: Zygarde|def|0
|-boost|p2a: Zygarde|accuracy|0
|cant|p1a: Zygarde|par
|
|-heal|p1a: Zygarde|99/100 par|[from] item: Leftovers
|upkeep
|turn|63
|
|t:|1665257506
|move|p2a: Zygarde|Coil|p2a: Zygarde
|-boost|p2a: Zygarde|atk|0
|-boost|p2a: Zygarde|def|0
|-boost|p2a: Zygarde|accuracy|0
|cant|p1a: Zygarde|par
|
|-heal|p1a: Zygarde|100/100 par|[from] item: Leftovers
|upkeep
|turn|64
|
|t:|1665257513
|move|p2a: Zygarde|Coil|p2a: Zygarde
|-boost|p2a: Zygarde|atk|0
|-boost|p2a: Zygarde|def|0
|-boost|p2a: Zygarde|accuracy|0
|move|p1a: Zygarde|Coil|p1a: Zygarde
|-boost|p1a: Zygarde|atk|0
|-boost|p1a: Zygarde|def|0
|-boost|p1a: Zygarde|accuracy|0
|
|upkeep
|turn|65
|
|t:|1665257516
|move|p2a: Zygarde|Coil|p2a: Zygarde
|-boost|p2a: Zygarde|atk|0
|-boost|p2a: Zygarde|def|0
|-boost|p2a: Zygarde|accuracy|0
|move|p1a: Zygarde|Coil|p1a: Zygarde
|-boost|p1a: Zygarde|atk|0
|-boost|p1a: Zygarde|def|0
|-boost|p1a: Zygarde|accuracy|0
|
|upkeep
|turn|66
|
|t:|1665257518
|move|p2a: Zygarde|Coil|p2a: Zygarde
|-boost|p2a: Zygarde|atk|0
|-boost|p2a: Zygarde|def|0
|-boost|p2a: Zygarde|accuracy|0
|move|p1a: Zygarde|Coil|p1a: Zygarde
|-boost|p1a: Zygarde|atk|0
|-boost|p1a: Zygarde|def|0
|-boost|p1a: Zygarde|accuracy|0
|
|upkeep
|turn|67
|
|t:|1665257524
|move|p2a: Zygarde|Coil|p2a: Zygarde
|-boost|p2a: Zygarde|atk|0
|-boost|p2a: Zygarde|def|0
|-boost|p2a: Zygarde|accuracy|0
|move|p1a: Zygarde|Coil|p1a: Zygarde
|-boost|p1a: Zygarde|atk|0
|-boost|p1a: Zygarde|def|0
|-boost|p1a: Zygarde|accuracy|0
|
|upkeep
|turn|68
|
|t:|1665257528
|move|p2a: Zygarde|Coil|p2a: Zygarde
|-boost|p2a: Zygarde|atk|0
|-boost|p2a: Zygarde|def|0
|-boost|p2a: Zygarde|accuracy|0
|move|p1a: Zygarde|Coil|p1a: Zygarde
|-boost|p1a: Zygarde|atk|0
|-boost|p1a: Zygarde|def|0
|-boost|p1a: Zygarde|accuracy|0
|
|upkeep
|turn|69
|
|t:|1665257529
|move|p2a: Zygarde|Coil|p2a: Zygarde
|-boost|p2a: Zygarde|atk|0
|-boost|p2a: Zygarde|def|0
|-boost|p2a: Zygarde|accuracy|0
|cant|p1a: Zygarde|par
|
|upkeep
|turn|70
|
|t:|1665257533
|move|p2a: Zygarde|Thousand Arrows|p1a: Zygarde
|-activate|p1a: Zygarde|move: Substitute|[damage]
|cant|p1a: Zygarde|par
|
|upkeep
|turn|71
|
|t:|1665257538
|move|p2a: Zygarde|Coil|p2a: Zygarde
|-boost|p2a: Zygarde|atk|0
|-boost|p2a: Zygarde|def|0
|-boost|p2a: Zygarde|accuracy|0
|move|p1a: Zygarde|Coil|p1a: Zygarde
|-boost|p1a: Zygarde|atk|0
|-boost|p1a: Zygarde|def|0
|-boost|p1a: Zygarde|accuracy|0
|
|upkeep
|turn|72
|
|t:|1665257544
|move|p2a: Zygarde|Coil|p2a: Zygarde
|-boost|p2a: Zygarde|atk|0
|-boost|p2a: Zygarde|def|0
|-boost|p2a: Zygarde|accuracy|0
|move|p1a: Zygarde|Coil|p1a: Zygarde
|-boost|p1a: Zygarde|atk|0
|-boost|p1a: Zygarde|def|0
|-boost|p1a: Zygarde|accuracy|0
|
|upkeep
|turn|73
|
|t:|1665257553
|move|p2a: Zygarde|Coil|p2a: Zygarde
|-boost|p2a: Zygarde|atk|0
|-boost|p2a: Zygarde|def|0
|-boost|p2a: Zygarde|accuracy|0
|cant|p1a: Zygarde|par
|
|upkeep
|turn|74
|
|t:|1665257560
|move|p2a: Zygarde|Glare||[still]
|-fail|p2a: Zygarde
|move|p1a: Zygarde|Coil|p1a: Zygarde
|-boost|p1a: Zygarde|atk|0
|-boost|p1a: Zygarde|def|0
|-boost|p1a: Zygarde|accuracy|0
|
|upkeep
|turn|75
|
|t:|1665257570
|move|p2a: Zygarde|Glare||[still]
|-fail|p2a: Zygarde
|move|p1a: Zygarde|Coil|p1a: Zygarde
|-boost|p1a: Zygarde|atk|0
|-boost|p1a: Zygarde|def|0
|-boost|p1a: Zygarde|accuracy|0
|
|upkeep
|turn|76
|
|t:|1665257575
|move|p2a: Zygarde|Glare||[still]
|-fail|p2a: Zygarde
|move|p1a: Zygarde|Coil|p1a: Zygarde
|-boost|p1a: Zygarde|atk|0
|-boost|p1a: Zygarde|def|0
|-boost|p1a: Zygarde|accuracy|0
|
|upkeep
|turn|77
|
|t:|1665257577
|move|p2a: Zygarde|Glare||[still]
|-fail|p2a: Zygarde
|cant|p1a: Zygarde|par
|
|upkeep
|turn|78
|
|t:|1665257582
|move|p2a: Zygarde|Glare||[still]
|-fail|p2a: Zygarde
|move|p1a: Zygarde|Coil|p1a: Zygarde
|-boost|p1a: Zygarde|atk|0
|-boost|p1a: Zygarde|def|0
|-boost|p1a: Zygarde|accuracy|0
|
|upkeep
|turn|79
|
|t:|1665257593
|move|p2a: Zygarde|Glare||[still]
|-fail|p2a: Zygarde
|cant|p1a: Zygarde|par
|
|upkeep
|turn|80
|
|t:|1665257598
|move|p2a: Zygarde|Glare||[still]
|-fail|p2a: Zygarde
|move|p1a: Zygarde|Coil|p1a: Zygarde
|-boost|p1a: Zygarde|atk|0
|-boost|p1a: Zygarde|def|0
|-boost|p1a: Zygarde|accuracy|0
|
|upkeep
|turn|81
|
|t:|1665257603
|move|p2a: Zygarde|Glare||[still]
|-fail|p2a: Zygarde
|move|p1a: Zygarde|Coil|p1a: Zygarde
|-boost|p1a: Zygarde|atk|0
|-boost|p1a: Zygarde|def|0
|-boost|p1a: Zygarde|accuracy|0
|
|upkeep
|turn|82
|
|t:|1665257613
|move|p2a: Zygarde|Glare||[still]
|-fail|p2a: Zygarde
|cant|p1a: Zygarde|par
|
|upkeep
|turn|83
|
|t:|1665257617
|move|p2a: Zygarde|Glare||[still]
|-fail|p2a: Zygarde
|move|p1a: Zygarde|Coil|p1a: Zygarde
|-boost|p1a: Zygarde|atk|0
|-boost|p1a: Zygarde|def|0
|-boost|p1a: Zygarde|accuracy|0
|
|upkeep
|turn|84
|
|t:|1665257622
|move|p2a: Zygarde|Glare||[still]
|-fail|p2a: Zygarde
|move|p1a: Zygarde|Coil|p1a: Zygarde
|-boost|p1a: Zygarde|atk|0
|-boost|p1a: Zygarde|def|0
|-boost|p1a: Zygarde|accuracy|0
|
|upkeep
|turn|85
|
|t:|1665257626
|move|p2a: Zygarde|Glare||[still]
|-fail|p2a: Zygarde
|move|p1a: Zygarde|Coil|p1a: Zygarde
|-boost|p1a: Zygarde|atk|0
|-boost|p1a: Zygarde|def|0
|-boost|p1a: Zygarde|accuracy|0
|
|upkeep
|turn|86
|
|t:|1665257638
|move|p2a: Zygarde|Glare||[still]
|-fail|p2a: Zygarde
|move|p1a: Zygarde|Substitute|p1a: Zygarde
|-fail|p1a: Zygarde|move: Substitute
|
|upkeep
|turn|87
|
|t:|1665257643
|move|p2a: Zygarde|Glare||[still]
|-fail|p2a: Zygarde
|move|p1a: Zygarde|Substitute|p1a: Zygarde
|-fail|p1a: Zygarde|move: Substitute
|
|upkeep
|turn|88
|
|t:|1665257648
|move|p2a: Zygarde|Glare||[still]
|-fail|p2a: Zygarde
|move|p1a: Zygarde|Substitute|p1a: Zygarde
|-fail|p1a: Zygarde|move: Substitute
|
|upkeep
|turn|89
|
|t:|1665257651
|move|p2a: Zygarde|Glare||[still]
|-fail|p2a: Zygarde
|move|p1a: Zygarde|Substitute|p1a: Zygarde
|-fail|p1a: Zygarde|move: Substitute
|
|upkeep
|turn|90
|
|t:|1665257653
|move|p2a: Zygarde|Glare||[still]
|-fail|p2a: Zygarde
|cant|p1a: Zygarde|par
|
|upkeep
|turn|91
|
|t:|1665257657
|move|p2a: Zygarde|Glare||[still]
|-fail|p2a: Zygarde
|move|p1a: Zygarde|Substitute|p1a: Zygarde
|-fail|p1a: Zygarde|move: Substitute
|
|upkeep
|turn|92
|
|t:|1665257663
|move|p2a: Zygarde|Glare||[still]
|-fail|p2a: Zygarde
|move|p1a: Zygarde|Substitute|p1a: Zygarde
|-fail|p1a: Zygarde|move: Substitute
|
|upkeep
|turn|93
|
|t:|1665257667
|move|p2a: Zygarde|Glare||[still]
|-fail|p2a: Zygarde
|move|p1a: Zygarde|Substitute|p1a: Zygarde
|-fail|p1a: Zygarde|move: Substitute
|
|upkeep
|turn|94
|
|t:|1665257671
|move|p2a: Zygarde|Glare||[still]
|-fail|p2a: Zygarde
|cant|p1a: Zygarde|par
|
|upkeep
|turn|95
|
|t:|1665257679
|move|p2a: Zygarde|Glare||[still]
|-fail|p2a: Zygarde
|move|p1a: Zygarde|Glare|p2a: Zygarde
|-status|p2a: Zygarde|par
|
|upkeep
|turn|96
|
|t:|1665257683
|move|p2a: Zygarde|Glare||[still]
|-fail|p2a: Zygarde
|move|p1a: Zygarde|Glare|p2a: Zygarde
|-fail|p2a: Zygarde|par
|
|upkeep
|turn|97
|
|t:|1665257690
|move|p2a: Zygarde|Glare||[still]
|-fail|p2a: Zygarde
|move|p1a: Zygarde|Glare|p2a: Zygarde
|-fail|p2a: Zygarde|par
|
|upkeep
|turn|98
|
|t:|1665257694
|move|p2a: Zygarde|Glare||[still]
|-fail|p2a: Zygarde
|cant|p1a: Zygarde|par
|
|upkeep
|turn|99
|
|t:|1665257698
|cant|p2a: Zygarde|par
|move|p1a: Zygarde|Glare|p2a: Zygarde
|-fail|p2a: Zygarde|par
|
|upkeep
|turn|100
|
|t:|1665257702
|move|p2a: Zygarde|Glare||[still]
|-fail|p2a: Zygarde
|move|p1a: Zygarde|Glare|p2a: Zygarde
|-fail|p2a: Zygarde|par
|
|upkeep
|turn|101
|
|t:|1665257710
|move|p2a: Zygarde|Glare||[still]
|-fail|p2a: Zygarde
|move|p1a: Zygarde|Glare|p2a: Zygarde
|-fail|p2a: Zygarde|par
|
|upkeep
|turn|102
|
|t:|1665257715
|move|p2a: Zygarde|Glare||[still]
|-fail|p2a: Zygarde
|move|p1a: Zygarde|Glare|p2a: Zygarde
|-fail|p2a: Zygarde|par
|
|upkeep
|turn|103
|
|t:|1665257721
|cant|p2a: Zygarde|par
|cant|p1a: Zygarde|par
|
|upkeep
|turn|104
|
|t:|1665257726
|move|p2a: Zygarde|Coil|p2a: Zygarde
|-boost|p2a: Zygarde|atk|0
|-boost|p2a: Zygarde|def|0
|-boost|p2a: Zygarde|accuracy|0
|move|p1a: Zygarde|Glare|p2a: Zygarde
|-fail|p2a: Zygarde|par
|
|upkeep
|turn|105
Adil is offering a tie.
|
|t:|1665257735
|move|p2a: Zygarde|Thousand Arrows|p1a: Zygarde
|-activate|p1a: Zygarde|move: Substitute|[damage]
|move|p1a: Zygarde|Glare|p2a: Zygarde
|-fail|p2a: Zygarde|par
|
|upkeep
|turn|106
|
|t:|1665257745
|move|p2a: Zygarde|Glare||[still]
|-fail|p2a: Zygarde
|move|p1a: Zygarde|Glare|p2a: Zygarde
|-fail|p2a: Zygarde|par
|
|upkeep
|turn|107
|
|t:|1665257751
|move|p2a: Zygarde|Coil|p2a: Zygarde
|-boost|p2a: Zygarde|atk|0
|-boost|p2a: Zygarde|def|0
|-boost|p2a: Zygarde|accuracy|0
|move|p1a: Zygarde|Glare|p2a: Zygarde
|-fail|p2a: Zygarde|par
|
|upkeep
|turn|108
|
|t:|1665257759
|cant|p2a: Zygarde|par
|cant|p1a: Zygarde|par
|
|upkeep
|turn|109
|
|t:|1665257762
|cant|p2a: Zygarde|par
|move|p1a: Zygarde|Glare|p2a: Zygarde
|-fail|p2a: Zygarde|par
|
|upkeep
|turn|110
Adil is offering a tie.
|
|t:|1665257770
|move|p2a: Zygarde|Coil|p2a: Zygarde
|-boost|p2a: Zygarde|atk|0
|-boost|p2a: Zygarde|def|0
|-boost|p2a: Zygarde|accuracy|0
|move|p1a: Zygarde|Glare|p2a: Zygarde
|-fail|p2a: Zygarde|par
|
|upkeep
|turn|111
|
|t:|1665257778
|move|p2a: Zygarde|Coil|p2a: Zygarde
|-boost|p2a: Zygarde|atk|0
|-boost|p2a: Zygarde|def|0
|-boost|p2a: Zygarde|accuracy|0
|move|p1a: Zygarde|Glare|p2a: Zygarde
|-fail|p2a: Zygarde|par
|
|upkeep
|turn|112
|
|t:|1665257783
|move|p2a: Zygarde|Glare||[still]
|-fail|p2a: Zygarde
|move|p1a: Zygarde|Glare|p2a: Zygarde
|-fail|p2a: Zygarde|par
|
|upkeep
|turn|113
|
|t:|1665257794
|move|p2a: Zygarde|Glare||[still]
|-fail|p2a: Zygarde
|move|p1a: Zygarde|Glare|p2a: Zygarde
|-fail|p2a: Zygarde|par
|
|upkeep
|turn|114
|
|t:|1665257798
|cant|p2a: Zygarde|par
|move|p1a: Zygarde|Glare|p2a: Zygarde
|-fail|p2a: Zygarde|par
|
|upkeep
|turn|115
|
|t:|1665257804
|move|p2a: Zygarde|Glare||[still]
|-fail|p2a: Zygarde
|move|p1a: Zygarde|Glare|p2a: Zygarde
|-fail|p2a: Zygarde|par
|
|upkeep
|turn|116
|
|t:|1665257810
|move|p2a: Zygarde|Glare||[still]
|-fail|p2a: Zygarde
|move|p1a: Zygarde|Glare|p2a: Zygarde
|-fail|p2a: Zygarde|par
|
|upkeep
|turn|117
|
|t:|1665257815
|cant|p2a: Zygarde|par
|move|p1a: Zygarde|Glare|p2a: Zygarde
|-fail|p2a: Zygarde|par
|
|upkeep
|turn|118
|
|t:|1665257819
|move|p2a: Zygarde|Glare||[still]
|-fail|p2a: Zygarde
|move|p1a: Zygarde|Glare|p2a: Zygarde
|-fail|p2a: Zygarde|par
|
|upkeep
|turn|119
|c|☆Blackstar152001|It's like metapod vs metapod lol
|
|t:|1665257833
|move|p2a: Zygarde|Glare||[still]
|-fail|p2a: Zygarde
|move|p1a: Zygarde|Glare|p2a: Zygarde
|-fail|p2a: Zygarde|par
|
|upkeep
|turn|120
|
|t:|1665257853
|move|p2a: Zygarde|Glare||[still]
|-fail|p2a: Zygarde
|cant|p1a: Zygarde|par
|
|upkeep
|turn|121
|
|t:|1665257858
|move|p2a: Zygarde|Glare||[still]
|-fail|p2a: Zygarde
|cant|p1a: Zygarde|par
|
|upkeep
|turn|122
|
|t:|1665257862
|move|p2a: Zygarde|Coil|p2a: Zygarde
|-boost|p2a: Zygarde|atk|0
|-boost|p2a: Zygarde|def|0
|-boost|p2a: Zygarde|accuracy|0
|move|p1a: Zygarde|Glare|p2a: Zygarde
|-fail|p2a: Zygarde|par
|
|upkeep
|turn|123
|
|t:|1665257870
|cant|p2a: Zygarde|par
|move|p1a: Zygarde|Glare|p2a: Zygarde
|-fail|p2a: Zygarde|par
|
|upkeep
|turn|124
|
|t:|1665257877
|move|p2a: Zygarde|Coil|p2a: Zygarde
|-boost|p2a: Zygarde|atk|0
|-boost|p2a: Zygarde|def|0
|-boost|p2a: Zygarde|accuracy|0
|move|p1a: Zygarde|Glare|p2a: Zygarde
|-fail|p2a: Zygarde|par
|
|upkeep
|turn|125
|
|t:|1665257891
|move|p2a: Zygarde|Coil|p2a: Zygarde
|-boost|p2a: Zygarde|atk|0
|-boost|p2a: Zygarde|def|0
|-boost|p2a: Zygarde|accuracy|0
|move|p1a: Zygarde|Glare|p2a: Zygarde
|-fail|p2a: Zygarde|par
|
|upkeep
|turn|126
|
|t:|1665257896
|cant|p2a: Zygarde|par
|move|p1a: Zygarde|Glare|p2a: Zygarde
|-fail|p2a: Zygarde|par
|
|upkeep
|turn|127
|
|t:|1665257918
|move|p2a: Zygarde|Glare||[still]
|-fail|p2a: Zygarde
|move|p1a: Zygarde|Glare|p2a: Zygarde
|-fail|p2a: Zygarde|par
|
|upkeep
|turn|128
Adil is offering a tie.
|
|t:|1665257925
|move|p2a: Zygarde|Rest|p2a: Zygarde
|-fail|p2a: Zygarde|heal
|move|p1a: Zygarde|Glare|p2a: Zygarde
|-fail|p2a: Zygarde|par
|
|upkeep
|turn|129
|
|t:|1665257928
|move|p2a: Zygarde|Rest|p2a: Zygarde
|-fail|p2a: Zygarde|heal
|move|p1a: Zygarde|Glare|p2a: Zygarde
|-fail|p2a: Zygarde|par
|
|upkeep
|turn|130
|
|t:|1665257934
|move|p2a: Zygarde|Glare||[still]
|-fail|p2a: Zygarde
|move|p1a: Zygarde|Glare|p2a: Zygarde
|-fail|p2a: Zygarde|par
|
|upkeep
|turn|131
|
|t:|1665257937
|cant|p2a: Zygarde|par
|move|p1a: Zygarde|Glare|p2a: Zygarde
|-fail|p2a: Zygarde|par
|
|upkeep
|turn|132
|
|t:|1665257939
|move|p2a: Zygarde|Glare||[still]
|-fail|p2a: Zygarde
|cant|p1a: Zygarde|par
|
|upkeep
|turn|133
|
|t:|1665257950
|move|p2a: Zygarde|Glare||[still]
|-fail|p2a: Zygarde
|move|p1a: Zygarde|Glare|p2a: Zygarde
|-fail|p2a: Zygarde|par
|
|upkeep
|turn|134
|
|t:|1665257956
|move|p2a: Zygarde|Glare||[still]
|-fail|p2a: Zygarde
|cant|p1a: Zygarde|par
|
|upkeep
|turn|135
|
|t:|1665257960
|cant|p2a: Zygarde|par
|move|p1a: Zygarde|Glare|p2a: Zygarde
|-fail|p2a: Zygarde|par
|
|upkeep
|turn|136
|
|t:|1665257975
|move|p2a: Zygarde|Glare||[still]
|-fail|p2a: Zygarde
|cant|p1a: Zygarde|par
|
|upkeep
|turn|137
|
|t:|1665257982
|cant|p2a: Zygarde|par
|move|p1a: Zygarde|Glare|p2a: Zygarde
|-fail|p2a: Zygarde|par
|
|upkeep
|turn|138
|
|t:|1665257988
|move|p2a: Zygarde|Glare||[still]
|-fail|p2a: Zygarde
|cant|p1a: Zygarde|par
|
|upkeep
|turn|139
|
|t:|1665257994
|cant|p2a: Zygarde|par
|cant|p1a: Zygarde|par
|
|upkeep
|turn|140
|
|t:|1665257998
|cant|p2a: Zygarde|par
|move|p1a: Zygarde|Glare|p2a: Zygarde
|-fail|p2a: Zygarde|par
|
|upkeep
|turn|141
|
|t:|1665258005
|move|p2a: Zygarde|Glare||[still]
|-fail|p2a: Zygarde
|move|p1a: Zygarde|Glare|p2a: Zygarde
|-fail|p2a: Zygarde|par
|
|upkeep
|turn|142
|
|t:|1665258012
|cant|p2a: Zygarde|par
|move|p1a: Zygarde|Glare|p2a: Zygarde
|-fail|p2a: Zygarde|par
|
|upkeep
|turn|143
|
|t:|1665258015
|cant|p2a: Zygarde|par
|cant|p1a: Zygarde|par
|
|upkeep
|turn|144
|
|t:|1665258020
|move|p2a: Zygarde|Rest|p2a: Zygarde
|-fail|p2a: Zygarde|heal
|move|p1a: Zygarde|Glare|p2a: Zygarde
|-fail|p2a: Zygarde|par
|
|upkeep
|turn|145
|
|t:|1665258026
|move|p2a: Zygarde|Thousand Arrows|p1a: Zygarde
|-crit|p1a: Zygarde
|-end|p1a: Zygarde|Substitute
|move|p1a: Zygarde|Glare|p2a: Zygarde
|-fail|p2a: Zygarde|par
|
|upkeep
|turn|146
|
|t:|1665258032
|cant|p2a: Zygarde|par
|cant|p1a: Zygarde|par
|
|upkeep
|turn|147
|
|t:|1665258037
|move|p2a: Zygarde|Thousand Arrows|p1a: Zygarde
|-damage|p1a: Zygarde|89/100 par
|move|p1a: Zygarde|Glare|p2a: Zygarde
|-fail|p2a: Zygarde|par
|
|-heal|p1a: Zygarde|95/100 par|[from] item: Leftovers
|upkeep
|turn|148
|
|t:|1665258042
|move|p2a: Zygarde|Thousand Arrows|p1a: Zygarde
|-damage|p1a: Zygarde|84/100 par
|move|p1a: Zygarde|Glare|p2a: Zygarde
|-fail|p2a: Zygarde|par
|
|-heal|p1a: Zygarde|91/100 par|[from] item: Leftovers
|upkeep
|turn|149
|j| olujnkjjk
|
|t:|1665258049
|move|p2a: Zygarde|Thousand Arrows|p1a: Zygarde
|-damage|p1a: Zygarde|79/100 par
|move|p1a: Zygarde|Glare|p2a: Zygarde
|-fail|p2a: Zygarde|par
|
|-heal|p1a: Zygarde|85/100 par|[from] item: Leftovers
|upkeep
|turn|150
|
|t:|1665258054
|cant|p2a: Zygarde|par
|move|p1a: Zygarde|Substitute|p1a: Zygarde
|-start|p1a: Zygarde|Substitute
|-damage|p1a: Zygarde|60/100 par
|
|-heal|p1a: Zygarde|67/100 par|[from] item: Leftovers
|upkeep
|turn|151
|
|t:|1665258061
|move|p2a: Zygarde|Thousand Arrows|p1a: Zygarde
|-crit|p1a: Zygarde
|-end|p1a: Zygarde|Substitute
|move|p1a: Zygarde|Glare|p2a: Zygarde
|-fail|p2a: Zygarde|par
|
|-heal|p1a: Zygarde|73/100 par|[from] item: Leftovers
|upkeep
|turn|152
|
|t:|1665258065
|cant|p2a: Zygarde|par
|move|p1a: Zygarde|Glare|p2a: Zygarde
|-fail|p2a: Zygarde|par
|
|-heal|p1a: Zygarde|79/100 par|[from] item: Leftovers
|upkeep
|turn|153
|
|t:|1665258069
|move|p2a: Zygarde|Thousand Arrows|p1a: Zygarde
|-damage|p1a: Zygarde|69/100 par
|cant|p1a: Zygarde|par
|
|-heal|p1a: Zygarde|75/100 par|[from] item: Leftovers
|upkeep
|turn|154
|
|t:|1665258076
|move|p2a: Zygarde|Thousand Arrows|p1a: Zygarde
|-damage|p1a: Zygarde|65/100 par
|move|p1a: Zygarde|Substitute|p1a: Zygarde
|-start|p1a: Zygarde|Substitute
|-damage|p1a: Zygarde|40/100 par
|
|-heal|p1a: Zygarde|47/100 par|[from] item: Leftovers
|upkeep
|turn|155
|
|t:|1665258080
|cant|p2a: Zygarde|par
|move|p1a: Zygarde|Glare|p2a: Zygarde
|-fail|p2a: Zygarde|par
|
|-heal|p1a: Zygarde|53/100 par|[from] item: Leftovers
|upkeep
|turn|156
|
|t:|1665258083
|move|p2a: Zygarde|Thousand Arrows|p1a: Zygarde
|-activate|p1a: Zygarde|move: Substitute|[damage]
|move|p1a: Zygarde|Substitute|p1a: Zygarde
|-fail|p1a: Zygarde|move: Substitute
|
|-heal|p1a: Zygarde|59/100 par|[from] item: Leftovers
|upkeep
|turn|157
|
|t:|1665258090
|move|p2a: Zygarde|Thousand Arrows|p1a: Zygarde
|-activate|p1a: Zygarde|move: Substitute|[damage]
|move|p1a: Zygarde|Thousand Arrows|p2a: Zygarde
|-damage|p2a: Zygarde|78/100 par
|
|-heal|p1a: Zygarde|65/100 par|[from] item: Leftovers
|upkeep
|turn|158
|
|t:|1665258099
|move|p2a: Zygarde|Thousand Arrows|p1a: Zygarde
|-end|p1a: Zygarde|Substitute
|move|p1a: Zygarde|Thousand Arrows|p2a: Zygarde
|-damage|p2a: Zygarde|57/100 par
|
|-heal|p1a: Zygarde|72/100 par|[from] item: Leftovers
|upkeep
|turn|159
|
|t:|1665258111
|move|p2a: Zygarde|Thousand Arrows|p1a: Zygarde
|-damage|p1a: Zygarde|60/100 par
|move|p1a: Zygarde|Thousand Arrows|p2a: Zygarde
|-damage|p2a: Zygarde|36/100 par
|
|-heal|p1a: Zygarde|67/100 par|[from] item: Leftovers
|-activate|p2a: Zygarde|ability: Power Construct
|detailschange|p2a: Zygarde|Zygarde-Complete, shiny
|-heal|p2a: Zygarde|58/100 par|[silent]
|upkeep
|turn|160
|
|t:|1665258120
|move|p1a: Zygarde|Thousand Arrows|p2a: Zygarde
|-damage|p2a: Zygarde|43/100 par
|move|p2a: Zygarde|Thousand Arrows|p1a: Zygarde
|-damage|p1a: Zygarde|56/100 par
|
|-heal|p1a: Zygarde|62/100 par|[from] item: Leftovers
|upkeep
|turn|161
|
|t:|1665258133
|move|p1a: Zygarde|Thousand Arrows|p2a: Zygarde
|-damage|p2a: Zygarde|30/100 par
|cant|p2a: Zygarde|par
|
|-heal|p1a: Zygarde|68/100 par|[from] item: Leftovers
|upkeep
|turn|162
|
|t:|1665258142
|move|p1a: Zygarde|Thousand Arrows|p2a: Zygarde
|-damage|p2a: Zygarde|16/100 par
|cant|p2a: Zygarde|par
|
|-heal|p1a: Zygarde|75/100 par|[from] item: Leftovers
|upkeep
|turn|163
|
|t:|1665258147
|move|p1a: Zygarde|Thousand Arrows|p2a: Zygarde
|-damage|p2a: Zygarde|1/100 par
|cant|p2a: Zygarde|par
|
|-heal|p1a: Zygarde|81/100 par|[from] item: Leftovers
|upkeep
|turn|164
|
|t:|1665258154
|move|p1a: Zygarde|Thousand Arrows|p2a: Zygarde
|-damage|p2a: Zygarde|0 fnt
|faint|p2a: Zygarde
|
|-heal|p1a: Zygarde|87/100 par|[from] item: Leftovers
|upkeep
|
|t:|1665258159
|switch|p2a: Ditto|Ditto, shiny|38/100
|-damage|p2a: Ditto|25/100|[from] Stealth Rock
|-transform|p2a: Ditto|p1a: Zygarde|[from] ability: Imposter
|turn|165
|
|t:|1665258167
|move|p2a: Ditto|Thousand Arrows|p1a: Zygarde
|-damage|p1a: Zygarde|76/100 par
|move|p1a: Zygarde|Thousand Arrows|p2a: Ditto
|-damage|p2a: Ditto|3/100
|
|-heal|p1a: Zygarde|82/100 par|[from] item: Leftovers
|upkeep
|turn|166
|
|t:|1665258197
|move|p2a: Ditto|Thousand Arrows|p1a: Zygarde
|-damage|p1a: Zygarde|72/100 par
|move|p1a: Zygarde|Thousand Arrows|p2a: Ditto
|-damage|p2a: Ditto|0 fnt
|faint|p2a: Ditto
|
|win|Adil
|raw|Adil's rating: 1897 &rarr; <strong>1913</strong><br />(+16 for winning)
|raw|Blackstar152001's rating: 1833 &rarr; <strong>1817</strong><br />(-16 for losing)
|l|☆Adil
