|j|☆09-10a
|j|☆LeFunecire
|inactive|Battle timer is ON: inactive players will automatically lose when time's up.
|t:|1652949166
|gametype|singles
|player|p1|09-10a|schoolkid-gen4dp|
|player|p2|LeFunecire|n|
|teamsize|p1|6
|teamsize|p2|6
|gen|8
|tier|[Gen 8] National Dex AG
|rated|Tournament battle
|rule|HP Percentage Mod: HP is shown in percentages
|rule|Endless Battle Clause: Forcing endless battles is banned
|clearpoke
|poke|p1|Arceus-*|
|poke|p1|Necrozma-Dusk-Mane|
|poke|p1|Arceus-*|
|poke|p1|Groudon, L99|
|poke|p1|Rayquaza|
|poke|p1|Yveltal|
|poke|p2|Shuckle, F|
|poke|p2|Yveltal|
|poke|p2|Necrozma-Dusk-Mane|
|poke|p2|Kyogre|
|poke|p2|Zacian-*|
|poke|p2|Rayquaza|
|teampreview
|j| PokemonTrainer596
|inactive|LeFunecire also wants the timer to be on.
|inactive|09-10a also wants the timer to be on.
|j| Frozen Pokemons
|c|☆LeFunecire|gl
|l| Frozen Pokemons
|j| Apprenti Buck
|j| LaprasPlayer
|j| Aurora guy
|c| Apprenti Buck|09-10a
|inactive|LeFunecire has 120 seconds left.
|c| Apprenti Buck|why the 99 level groudon
|c|☆LeFunecire|fun probably
|c| Apprenti Buck|dont get it
|
|t:|1652949226
|start
|switch|p1a: Necrozma|Necrozma-Dusk-Mane|100/100
|switch|p2a: Caratrick|Shuckle, F|100/100
|turn|1
|
|t:|1652949238
|switch|p2a: Vive la pluie|Kyogre|100/100
|detailschange|p2a: Vive la pluie|Kyogre-Primal
|-primal|p2a: Vive la pluie
|-weather|PrimordialSea|[from] ability: Primordial Sea|[of] p2a: Vive la pluie
|move|p1a: Necrozma|Dragon Dance|p1a: Necrozma
|-boost|p1a: Necrozma|atk|1
|-boost|p1a: Necrozma|spe|1
|
|-weather|PrimordialSea|[upkeep]
|upkeep
|turn|2
|
|t:|1652949244
|switch|p1a: Groudon|Groudon, L99, shiny|100/100
|detailschange|p1a: Groudon|Groudon-Primal, L99, shiny
|-primal|p1a: Groudon
|-weather|DesolateLand|[from] ability: Desolate Land|[of] p1a: Groudon
|move|p2a: Vive la pluie|Water Spout||[still]
|-fail|p2a: Vive la pluie|Water Spout|[from] Desolate Land
|
|-weather|DesolateLand|[upkeep]
|upkeep
|turn|3
|j| immarickrollyou
|
|t:|1652949260
|switch|p2a: Caratrick|Shuckle, F|100/100
|-weather|none
|switch|p1a: Necrozma|Necrozma-Dusk-Mane|100/100
|
|upkeep
|turn|4
|c| immarickrollyou|.use rock polish
|c| immarickrollyou|pdon
|
|t:|1652949270
|switch|p2a: Vive la pluie|Kyogre-Primal|100/100
|-weather|PrimordialSea|[from] ability: Primordial Sea|[of] p2a: Vive la pluie
|move|p1a: Necrozma|Dragon Dance|p1a: Necrozma
|-boost|p1a: Necrozma|atk|1
|-boost|p1a: Necrozma|spe|1
|
|-weather|PrimordialSea|[upkeep]
|upkeep
|turn|5
|c| immarickrollyou|sadge
|
|t:|1652949273
|move|p2a: Vive la pluie|Ice Beam|p1a: Necrozma
|-resisted|p1a: Necrozma
|-damage|p1a: Necrozma|90/100
|move|p1a: Necrozma|Knock Off|p2a: Vive la pluie
|-damage|p2a: Vive la pluie|63/100
|
|-weather|PrimordialSea|[upkeep]
|upkeep
|turn|6
|j| skylink42\
|
|t:|1652949289
|move|p2a: Vive la pluie|Origin Pulse|p1a: Necrozma
|-damage|p1a: Necrozma|29/100
|move|p1a: Necrozma|Dragon Dance|p1a: Necrozma
|-boost|p1a: Necrozma|atk|1
|-boost|p1a: Necrozma|spe|1
|
|-weather|PrimordialSea|[upkeep]
|upkeep
|turn|7
|
|t:|1652949298
|-zpower|p1a: Necrozma
|move|p1a: Necrozma|Searing Sunraze Smash|p2a: Vive la pluie|[zeffect]
|-resisted|p2a: Vive la pluie
|-damage|p2a: Vive la pluie|0 fnt
|faint|p2a: Vive la pluie
|-weather|none
|
|upkeep
|
|t:|1652949319
|switch|p2a: El muerte|Yveltal|100/100
|-ability|p2a: El muerte|Dark Aura
|turn|8
|
|t:|1652949328
|move|p1a: Necrozma|Knock Off|p2a: El muerte
|-resisted|p2a: El muerte
|-damage|p2a: El muerte|60/100
|-enditem|p2a: El muerte|Life Orb|[from] move: Knock Off|[of] p1a: Necrozma
|move|p2a: El muerte|Dark Pulse|p1a: Necrozma
|-supereffective|p1a: Necrozma
|-damage|p1a: Necrozma|0 fnt
|faint|p1a: Necrozma
|
|upkeep
|
|t:|1652949332
|switch|p1a: Rayquaza|Rayquaza|100/100
|-ability|p1a: Rayquaza|Air Lock
|turn|9
|
|t:|1652949339
|switch|p2a: Caratrick|Shuckle, F|100/100
|detailschange|p1a: Rayquaza|Rayquaza-Mega
|-mega|p1a: Rayquaza|Rayquaza|
|-weather|DeltaStream|[from] ability: Delta Stream|[of] p1a: Rayquaza
|move|p1a: Rayquaza|V-create|p2a: Caratrick
|-damage|p2a: Caratrick|30/100
|-unboost|p1a: Rayquaza|spe|1
|-unboost|p1a: Rayquaza|def|1
|-unboost|p1a: Rayquaza|spd|1
|
|-weather|DeltaStream|[upkeep]
|upkeep
|turn|10
|
|t:|1652949345
|move|p1a: Rayquaza|V-create|p2a: Caratrick
|-damage|p2a: Caratrick|0 fnt
|-unboost|p1a: Rayquaza|spe|1
|-unboost|p1a: Rayquaza|def|1
|-unboost|p1a: Rayquaza|spd|1
|faint|p2a: Caratrick
|
|-weather|DeltaStream|[upkeep]
|upkeep
|
|t:|1652949353
|switch|p2a: La souffrance|Rayquaza|100/100
|-ability|p2a: La souffrance|Air Lock
|turn|11
|
|t:|1652949361
|-weather|none
|switch|p1a: Arceus|Arceus-Water|100/100
|detailschange|p2a: La souffrance|Rayquaza-Mega
|-mega|p2a: La souffrance|Rayquaza|
|-weather|DeltaStream|[from] ability: Delta Stream|[of] p2a: La souffrance
|move|p2a: La souffrance|Dragon Ascent|p1a: Arceus
|-damage|p1a: Arceus|56/100
|-unboost|p2a: La souffrance|def|1
|-unboost|p2a: La souffrance|spd|1
|
|-weather|DeltaStream|[upkeep]
|upkeep
|turn|12
|inactive|LeFunecire has 120 seconds left.
|
|t:|1652949396
|move|p2a: La souffrance|Draco Meteor|p1a: Arceus
|-damage|p1a: Arceus|11/100
|-unboost|p2a: La souffrance|spa|2
|move|p1a: Arceus|Recover|p1a: Arceus
|-heal|p1a: Arceus|61/100
|
|-weather|DeltaStream|[upkeep]
|upkeep
|turn|13
|l| Apprenti Buck
|
|t:|1652949404
|-weather|none
|switch|p2a: cc mega rayquaza|Zacian-Crowned|100/100
|-ability|p2a: cc mega rayquaza|Intrepid Sword|boost
|-boost|p2a: cc mega rayquaza|atk|1
|move|p1a: Arceus|Recover|p1a: Arceus
|-heal|p1a: Arceus|100/100
|
|upkeep
|turn|14
|
|t:|1652949418
|switch|p1a: Arceus|Arceus-Electric, shiny|100/100
|move|p2a: cc mega rayquaza|Substitute|p2a: cc mega rayquaza
|-start|p2a: cc mega rayquaza|Substitute
|-damage|p2a: cc mega rayquaza|76/100
|
|upkeep
|turn|15
|
|t:|1652949423
|move|p2a: cc mega rayquaza|Close Combat|p1a: Arceus
|-damage|p1a: Arceus|56/100
|-unboost|p2a: cc mega rayquaza|def|1
|-unboost|p2a: cc mega rayquaza|spd|1
|move|p1a: Arceus|Thunder|p2a: cc mega rayquaza
|-end|p2a: cc mega rayquaza|Substitute
|
|upkeep
|turn|16
|
|t:|1652949437
|switch|p2a: La souffrance|Rayquaza-Mega|100/100
|-weather|DeltaStream|[from] ability: Delta Stream|[of] p2a: La souffrance
|move|p1a: Arceus|Recover|p1a: Arceus
|-heal|p1a: Arceus|100/100
|
|-weather|DeltaStream|[upkeep]
|upkeep
|turn|17
|inactive|LeFunecire has 120 seconds left.
|
|t:|1652949463
|switch|p1a: Arceus|Arceus-Water|100/100
|move|p2a: La souffrance|Draco Meteor|p1a: Arceus
|-damage|p1a: Arceus|55/100
|-unboost|p2a: La souffrance|spa|2
|
|-weather|DeltaStream|[upkeep]
|upkeep
|turn|18
|inactive|LeFunecire has 120 seconds left.
|
|t:|1652949478
|-weather|none
|switch|p2a: Anti-Zacian|Necrozma-Dusk-Mane|100/100
|move|p1a: Arceus|Recover|p1a: Arceus
|-heal|p1a: Arceus|100/100
|
|upkeep
|turn|19
|
|t:|1652949485
|move|p1a: Arceus|Will-O-Wisp|p2a: Anti-Zacian
|-status|p2a: Anti-Zacian|brn
|move|p2a: Anti-Zacian|Dragon Dance|p2a: Anti-Zacian
|-boost|p2a: Anti-Zacian|atk|1
|-boost|p2a: Anti-Zacian|spe|1
|
|-damage|p2a: Anti-Zacian|95/100 brn|[from] brn
|upkeep
|turn|20
|
|t:|1652949490
|switch|p1a: Yveltal|Yveltal, shiny|100/100
|-ability|p1a: Yveltal|Dark Aura
|move|p2a: Anti-Zacian|Dragon Dance|p2a: Anti-Zacian
|-boost|p2a: Anti-Zacian|atk|1
|-boost|p2a: Anti-Zacian|spe|1
|
|-damage|p2a: Anti-Zacian|89/100 brn|[from] brn
|upkeep
|turn|21
|
|t:|1652949501
|move|p2a: Anti-Zacian|Sunsteel Strike|p1a: Yveltal
|-damage|p1a: Yveltal|51/100
|move|p1a: Yveltal|Foul Play|p2a: Anti-Zacian
|-supereffective|p2a: Anti-Zacian
|-damage|p2a: Anti-Zacian|0 fnt
|faint|p2a: Anti-Zacian
|
|upkeep
|
|t:|1652949508
|switch|p2a: cc mega rayquaza|Zacian-Crowned|76/100
|-ability|p2a: cc mega rayquaza|Intrepid Sword|boost
|-boost|p2a: cc mega rayquaza|atk|1
|turn|22
|
|t:|1652949516
|move|p2a: cc mega rayquaza|Close Combat|p1a: Yveltal
|-damage|p1a: Yveltal|0 fnt
|-unboost|p2a: cc mega rayquaza|def|1
|-unboost|p2a: cc mega rayquaza|spd|1
|faint|p1a: Yveltal
|
|upkeep
|
|t:|1652949522
|switch|p1a: Arceus|Arceus-Electric, shiny|100/100
|turn|23
|
|t:|1652949526
|switch|p2a: La souffrance|Rayquaza-Mega|100/100
|-weather|DeltaStream|[from] ability: Delta Stream|[of] p2a: La souffrance
|move|p1a: Arceus|Thunder|p2a: La souffrance|[miss]
|-miss|p1a: Arceus|p2a: La souffrance
|
|-weather|DeltaStream|[upkeep]
|upkeep
|turn|24
|l| immarickrollyou
|
|t:|1652949535
|switch|p1a: Arceus|Arceus-Water|100/100
|move|p2a: La souffrance|Draco Meteor|p1a: Arceus
|-damage|p1a: Arceus|52/100
|-unboost|p2a: La souffrance|spa|2
|
|-weather|DeltaStream|[upkeep]
|upkeep
|turn|25
|j| Apprenti Buck
|
|t:|1652949547
|-weather|none
|switch|p2a: El muerte|Yveltal|60/100
|-ability|p2a: El muerte|Dark Aura
|move|p1a: Arceus|Recover|p1a: Arceus
|-heal|p1a: Arceus|100/100
|
|upkeep
|turn|26
|
|t:|1652949557
|-start|p2a: El muerte|Dynamax|
|-heal|p2a: El muerte|60/100|[silent]
|-start|p1a: Arceus|Dynamax|
|-heal|p1a: Arceus|100/100|[silent]
|move|p2a: El muerte|Max Airstream|p1a: Arceus
|-damage|p1a: Arceus|77/100
|-boost|p2a: El muerte|spe|1
|move|p1a: Arceus|Max Hailstorm|p2a: El muerte
|-supereffective|p2a: El muerte
|-damage|p2a: El muerte|28/100
|-weather|Hail
|
|-weather|Hail|[upkeep]
|-damage|p2a: El muerte|25/100|[from] Hail
|-damage|p1a: Arceus|74/100|[from] Hail
|upkeep
|turn|27
|
|t:|1652949565
|move|p2a: El muerte|Max Darkness|p1a: Arceus
|-damage|p1a: Arceus|43/100
|-unboost|p1a: Arceus|spd|1
|move|p1a: Arceus|Max Hailstorm|p2a: El muerte
|-supereffective|p2a: El muerte
|-damage|p2a: El muerte|0 fnt
|faint|p2a: El muerte
|
|-weather|Hail|[upkeep]
|-damage|p1a: Arceus|40/100|[from] Hail
|upkeep
|j| immarickrollyou
|
|t:|1652949582
|switch|p2a: cc mega rayquaza|Zacian-Crowned|76/100
|-ability|p2a: cc mega rayquaza|Intrepid Sword|boost
|-boost|p2a: cc mega rayquaza|atk|1
|turn|28
|
|t:|1652949597
|-end|p1a: Arceus|Dynamax
|-heal|p1a: Arceus|40/100|[silent]
|switch|p1a: Groudon|Groudon-Primal, L99, shiny|100/100
|-weather|DesolateLand|[from] ability: Desolate Land|[of] p1a: Groudon
|move|p2a: cc mega rayquaza|Wild Charge|p1a: Groudon
|-immune|p1a: Groudon
|
|-weather|DesolateLand|[upkeep]
|upkeep
|turn|29
|
|t:|1652949605
|move|p2a: cc mega rayquaza|Close Combat|p1a: Groudon
|-damage|p1a: Groudon|58/100
|-unboost|p2a: cc mega rayquaza|def|1
|-unboost|p2a: cc mega rayquaza|spd|1
|move|p1a: Groudon|Rock Tomb|p2a: cc mega rayquaza
|-resisted|p2a: cc mega rayquaza
|-damage|p2a: cc mega rayquaza|60/100
|-unboost|p2a: cc mega rayquaza|spe|1
|
|-weather|DesolateLand|[upkeep]
|upkeep
|turn|30
|
|t:|1652949610
|switch|p2a: La souffrance|Rayquaza-Mega|100/100
|-weather|DeltaStream|[from] ability: Delta Stream|[of] p2a: La souffrance
|move|p1a: Groudon|Stealth Rock|p2a: La souffrance
|-sidestart|p2: LeFunecire|move: Stealth Rock
|
|-weather|DeltaStream|[upkeep]
|upkeep
|turn|31
|
|t:|1652949616
|move|p2a: La souffrance|Draco Meteor|p1a: Groudon
|-damage|p1a: Groudon|14/100
|-unboost|p2a: La souffrance|spa|2
|move|p1a: Groudon|Rock Tomb|p2a: La souffrance|[miss]
|-miss|p1a: Groudon|p2a: La souffrance
|
|-weather|DeltaStream|[upkeep]
|upkeep
|turn|32
|
|t:|1652949621
|move|p2a: La souffrance|Dragon Ascent|p1a: Groudon
|-damage|p1a: Groudon|0 fnt
|-unboost|p2a: La souffrance|def|1
|-unboost|p2a: La souffrance|spd|1
|faint|p1a: Groudon
|
|-weather|DeltaStream|[upkeep]
|upkeep
|
|t:|1652949634
|switch|p1a: Rayquaza|Rayquaza-Mega|100/100
|turn|33
|
|t:|1652949657
|move|p1a: Rayquaza|Extreme Speed|p2a: La souffrance
|-damage|p2a: La souffrance|17/100
|move|p2a: La souffrance|Dragon Ascent|p1a: Rayquaza
|-damage|p1a: Rayquaza|16/100
|-unboost|p2a: La souffrance|def|1
|-unboost|p2a: La souffrance|spd|1
|
|-weather|DeltaStream|[upkeep]
|upkeep
|turn|34
|
|t:|1652949664
|move|p2a: La souffrance|Extreme Speed|p1a: Rayquaza
|-damage|p1a: Rayquaza|0 fnt
|faint|p1a: Rayquaza
|
|-weather|DeltaStream|[upkeep]
|upkeep
|
|t:|1652949666
|switch|p1a: Arceus|Arceus-Electric, shiny|100/100
|turn|35
|
|t:|1652949670
|move|p2a: La souffrance|Extreme Speed|p1a: Arceus
|-damage|p1a: Arceus|81/100
|move|p1a: Arceus|Ice Beam|p2a: La souffrance
|-activate||deltastream
|-supereffective|p2a: La souffrance
|-damage|p2a: La souffrance|0 fnt
|faint|p2a: La souffrance
|-weather|none
|
|upkeep
|
|t:|1652949672
|switch|p2a: cc mega rayquaza|Zacian-Crowned|60/100
|-damage|p2a: cc mega rayquaza|54/100|[from] Stealth Rock
|-ability|p2a: cc mega rayquaza|Intrepid Sword|boost
|-boost|p2a: cc mega rayquaza|atk|1
|turn|36
|
|t:|1652949675
|move|p2a: cc mega rayquaza|Close Combat|p1a: Arceus
|-crit|p1a: Arceus
|-damage|p1a: Arceus|17/100
|-unboost|p2a: cc mega rayquaza|def|1
|-unboost|p2a: cc mega rayquaza|spd|1
|move|p1a: Arceus|Recover|p1a: Arceus
|-heal|p1a: Arceus|67/100
|
|upkeep
|turn|37
|
|t:|1652949679
|move|p2a: cc mega rayquaza|Close Combat|p1a: Arceus
|-damage|p1a: Arceus|26/100
|-unboost|p2a: cc mega rayquaza|def|1
|-unboost|p2a: cc mega rayquaza|spd|1
|move|p1a: Arceus|Recover|p1a: Arceus
|-heal|p1a: Arceus|77/100
|
|upkeep
|turn|38
|
|t:|1652949682
|move|p2a: cc mega rayquaza|Close Combat|p1a: Arceus
|-damage|p1a: Arceus|34/100
|-unboost|p2a: cc mega rayquaza|def|1
|-unboost|p2a: cc mega rayquaza|spd|1
|move|p1a: Arceus|Recover|p1a: Arceus
|-heal|p1a: Arceus|84/100
|
|upkeep
|turn|39
|
|t:|1652949684
|move|p2a: cc mega rayquaza|Close Combat|p1a: Arceus
|-damage|p1a: Arceus|47/100
|-unboost|p2a: cc mega rayquaza|def|1
|-unboost|p2a: cc mega rayquaza|spd|1
|move|p1a: Arceus|Recover|p1a: Arceus
|-heal|p1a: Arceus|97/100
|
|upkeep
|turn|40
|
|t:|1652949688
|move|p2a: cc mega rayquaza|Close Combat|p1a: Arceus
|-damage|p1a: Arceus|52/100
|-unboost|p2a: cc mega rayquaza|def|1
|-unboost|p2a: cc mega rayquaza|spd|1
|move|p1a: Arceus|Recover|p1a: Arceus
|-heal|p1a: Arceus|100/100
|
|upkeep
|turn|41
|j| Azq2020 ♥❤ ^~^
|
|t:|1652949692
|move|p2a: cc mega rayquaza|Behemoth Blade|p1a: Arceus
|-resisted|p1a: Arceus
|-damage|p1a: Arceus|74/100
|move|p1a: Arceus|Thunder|p2a: cc mega rayquaza
|-damage|p2a: cc mega rayquaza|0 fnt
|faint|p2a: cc mega rayquaza
|
|win|09-10a
|n|☆09-10a|0910a
|n|☆LeFunecire|lefunecire
|n| PokemonTrainer596|pokemontrainer596
|n| LaprasPlayer|laprasplayer
|n| Aurora guy|auroraguy
|n| skylink42\|skylink42
|n| Apprenti Buck|apprentibuck
|n| immarickrollyou|immarickrollyou
|n| Azq2020 ♥❤ ^~^|azq2020
