|j|☆lmisdreavus
|j|‽Whitedevil12345678
|t:|1665740879
|gametype|singles
|player|p1|lmisdreavus|265|1874
|player|p2|Whitedevil12345678|blue-gen3two|2077
|teamsize|p1|6
|teamsize|p2|6
|gen|8
|tier|[Gen 8] National Dex AG
|rated|
|rule|HP Percentage Mod: HP is shown in percentages
|rule|Endless Battle Clause: Forcing endless battles is banned
|clearpoke
|poke|p1|Landorus-Therian, M|
|poke|p1|Ho-Oh|
|poke|p1|Arceus-*|
|poke|p1|Gengar, F|
|poke|p1|Zacian-*|
|poke|p1|Groudon|
|poke|p2|Ferrothorn, M|
|poke|p2|Arceus-*|
|poke|p2|Arceus-*|
|poke|p2|Necrozma-Dusk-Mane|
|poke|p2|Groudon|
|poke|p2|Ditto|
|teampreview
|inactive|Battle timer is ON: inactive players will automatically lose when time's up. (requested by Whitedevil12345678)
|
|t:|1665740908
|start
|switch|p1a: Gengar|Gengar, F, shiny|100/100
|switch|p2a: Arceus|Arceus-Fairy|100/100
|turn|1
|
|t:|1665740920
|switch|p2a: Arceus|Arceus|100/100
|detailschange|p1a: Gengar|Gengar-Mega, F, shiny
|-mega|p1a: Gengar|Gengar|Gengarite
|move|p1a: Gengar|Substitute|p1a: Gengar
|-start|p1a: Gengar|Substitute
|-damage|p1a: Gengar|76/100
|
|upkeep
|turn|2
|
|t:|1665740924
|move|p1a: Gengar|Sludge Bomb|p2a: Arceus
|-damage|p2a: Arceus|70/100
|-status|p2a: Arceus|psn
|-enditem|p2a: Arceus|Lum Berry|[eat]
|-curestatus|p2a: Arceus|psn|[msg]
|move|p2a: Arceus|Shadow Claw|p1a: Gengar
|-supereffective|p1a: Gengar
|-end|p1a: Gengar|Substitute
|
|upkeep
|turn|3
|
|t:|1665740928
|switch|p1a: Landorus|Landorus-Therian, M, shiny|100/100
|-ability|p1a: Landorus|Intimidate|boost
|-unboost|p2a: Arceus|atk|1
|move|p2a: Arceus|Shadow Claw|p1a: Landorus
|-damage|p1a: Landorus|88/100
|-damage|p2a: Arceus|53/100|[from] item: Rocky Helmet|[of] p1a: Landorus
|
|upkeep
|turn|4
|
|t:|1665740937
|switch|p2a: Ferrothorn|Ferrothorn, M|100/100
|move|p1a: Landorus|Stealth Rock|p2a: Ferrothorn
|-sidestart|p2: Whitedevil12345678|move: Stealth Rock
|
|upkeep
|turn|5
|
|t:|1665740946
|move|p1a: Landorus|U-turn|p2a: Ferrothorn
|-damage|p2a: Ferrothorn|87/100
|-damage|p1a: Landorus|76/100|[from] ability: Iron Barbs|[of] p2a: Ferrothorn
|
|t:|1665740947
|switch|p1a: Gengar|Gengar-Mega, F, shiny|76/100|[from]move: U-turn
|move|p2a: Ferrothorn|Gyro Ball|p1a: Gengar
|-damage|p1a: Gengar|12/100
|
|-heal|p2a: Ferrothorn|93/100|[from] item: Leftovers
|upkeep
|turn|6
|
|t:|1665740954
|switch|p1a: Ho-Oh|Ho-Oh, shiny|100/100
|move|p2a: Ferrothorn|Gyro Ball|p1a: Ho-Oh
|-resisted|p1a: Ho-Oh
|-damage|p1a: Ho-Oh|87/100
|
|-heal|p2a: Ferrothorn|99/100|[from] item: Leftovers
|upkeep
|turn|7
|
|t:|1665740966
|switch|p2a: Groudon|Groudon|100/100
|-damage|p2a: Groudon|94/100|[from] Stealth Rock
|detailschange|p2a: Groudon|Groudon-Primal
|-primal|p2a: Groudon
|-weather|DesolateLand|[from] ability: Desolate Land|[of] p2a: Groudon
|move|p1a: Ho-Oh|Toxic|p2a: Groudon
|-status|p2a: Groudon|tox
|
|-weather|DesolateLand|[upkeep]
|-damage|p2a: Groudon|88/100 tox|[from] psn
|upkeep
|turn|8
|
|t:|1665740978
|switch|p1a: Landorus|Landorus-Therian, M, shiny|76/100
|-ability|p1a: Landorus|Intimidate|boost
|-unboost|p2a: Groudon|atk|1
|move|p2a: Groudon|Eruption|p1a: Landorus
|-damage|p1a: Landorus|0 fnt
|faint|p1a: Landorus
|
|-weather|DesolateLand|[upkeep]
|-damage|p2a: Groudon|76/100 tox|[from] psn
|upkeep
|
|t:|1665740989
|switch|p1a: Groudon|Groudon, shiny|100/100
|detailschange|p1a: Groudon|Groudon-Primal, shiny
|-primal|p1a: Groudon
|turn|9
|
|t:|1665740992
|move|p1a: Groudon|Earth Power|p2a: Groudon
|-supereffective|p2a: Groudon
|-damage|p2a: Groudon|0 fnt
|faint|p2a: Groudon
|
|-weather|DesolateLand|[upkeep]
|upkeep
|
|t:|1665741000
|switch|p2a: Arceus|Arceus-Fairy|100/100
|-damage|p2a: Arceus|88/100|[from] Stealth Rock
|turn|10
|
|t:|1665741008
|-weather|none
|switch|p1a: Gengar|Gengar-Mega, F, shiny|12/100
|move|p2a: Arceus|Recover|p2a: Arceus
|-heal|p2a: Arceus|100/100
|
|upkeep
|turn|11
|
|t:|1665741026
|move|p1a: Gengar|Encore|p2a: Arceus
|-start|p2a: Arceus|Encore
|move|p2a: Arceus|Recover||[still]
|-fail|p2a: Arceus|heal
|
|upkeep
|turn|12
|
|t:|1665741030
|move|p1a: Gengar|Sludge Bomb|p2a: Arceus
|-supereffective|p2a: Arceus
|-damage|p2a: Arceus|55/100
|move|p2a: Arceus|Recover|p2a: Arceus
|-heal|p2a: Arceus|100/100
|
|upkeep
|turn|13
|
|t:|1665741032
|move|p1a: Gengar|Sludge Bomb|p2a: Arceus
|-supereffective|p2a: Arceus
|-damage|p2a: Arceus|47/100
|move|p2a: Arceus|Recover|p2a: Arceus
|-heal|p2a: Arceus|97/100
|
|-end|p2a: Arceus|Encore
|upkeep
|turn|14
|
|t:|1665741033
|move|p1a: Gengar|Encore|p2a: Arceus
|-start|p2a: Arceus|Encore
|move|p2a: Arceus|Recover|p2a: Arceus
|-heal|p2a: Arceus|100/100
|
|upkeep
|turn|15
|
|t:|1665741036
|move|p1a: Gengar|Shadow Ball|p2a: Arceus
|-damage|p2a: Arceus|79/100
|-unboost|p2a: Arceus|spd|1
|move|p2a: Arceus|Recover|p2a: Arceus
|-heal|p2a: Arceus|100/100
|
|upkeep
|turn|16
|
|t:|1665741037
|move|p1a: Gengar|Sludge Bomb|p2a: Arceus
|-supereffective|p2a: Arceus
|-damage|p2a: Arceus|28/100
|move|p2a: Arceus|Recover|p2a: Arceus
|-heal|p2a: Arceus|78/100
|
|-end|p2a: Arceus|Encore
|upkeep
|turn|17
|
|t:|1665741066
|move|p1a: Gengar|Encore|p2a: Arceus
|-start|p2a: Arceus|Encore
|move|p2a: Arceus|Recover|p2a: Arceus
|-heal|p2a: Arceus|100/100
|
|upkeep
|turn|18
|
|t:|1665741076
|move|p1a: Gengar|Sludge Bomb|p2a: Arceus
|-supereffective|p2a: Arceus
|-damage|p2a: Arceus|27/100
|move|p2a: Arceus|Recover|p2a: Arceus
|-heal|p2a: Arceus|77/100
|
|upkeep
|turn|19
|
|t:|1665741083
|move|p1a: Gengar|Sludge Bomb|p2a: Arceus
|-supereffective|p2a: Arceus
|-damage|p2a: Arceus|2/100
|move|p2a: Arceus|Recover|p2a: Arceus
|-heal|p2a: Arceus|52/100
|
|-end|p2a: Arceus|Encore
|upkeep
|turn|20
|
|t:|1665741089
|move|p1a: Gengar|Sludge Bomb|p2a: Arceus
|-supereffective|p2a: Arceus
|-damage|p2a: Arceus|0 fnt
|faint|p2a: Arceus
|
|upkeep
|
|t:|1665741102
|switch|p2a: Necrozma|Necrozma-Dusk-Mane|100/100
|-damage|p2a: Necrozma|95/100|[from] Stealth Rock
|turn|21
|
|t:|1665741113
|move|p1a: Gengar|Shadow Ball|p2a: Necrozma
|-supereffective|p2a: Necrozma
|-damage|p2a: Necrozma|27/100
|-enditem|p2a: Necrozma|Weakness Policy
|-boost|p2a: Necrozma|atk|2|[from] item: Weakness Policy
|-boost|p2a: Necrozma|spa|2|[from] item: Weakness Policy
|move|p2a: Necrozma|Dragon Dance|p2a: Necrozma
|-boost|p2a: Necrozma|atk|1
|-boost|p2a: Necrozma|spe|1
|
|upkeep
|turn|22
|
|t:|1665741127
|move|p2a: Necrozma|Earthquake|p1a: Gengar
|-supereffective|p1a: Gengar
|-damage|p1a: Gengar|0 fnt
|faint|p1a: Gengar
|
|upkeep
|
|t:|1665741152
|switch|p1a: Arceus|Arceus-Dark, shiny|100/100
|turn|23
|
|t:|1665741155
|-start|p2a: Necrozma|Dynamax|
|-heal|p2a: Necrozma|27/100|[silent]
|move|p2a: Necrozma|Max Steelspike|p1a: Arceus
|-damage|p1a: Arceus|0 fnt
|-boost|p2a: Necrozma|def|1
|faint|p1a: Arceus
|
|upkeep
|
|t:|1665741164
|switch|p1a: Ho-Oh|Ho-Oh, shiny|100/100
|turn|24
|
|t:|1665741167
|-start|p1a: Ho-Oh|Dynamax|
|-heal|p1a: Ho-Oh|100/100|[silent]
|move|p2a: Necrozma|Max Steelspike|p1a: Ho-Oh
|-resisted|p1a: Ho-Oh
|-damage|p1a: Ho-Oh|68/100
|-boost|p2a: Necrozma|def|1
|move|p1a: Ho-Oh|Max Flare|p2a: Necrozma
|-supereffective|p2a: Necrozma
|-damage|p2a: Necrozma|9/100
|-weather|SunnyDay
|
|-weather|SunnyDay|[upkeep]
|upkeep
|turn|25
|
|t:|1665741186
|move|p2a: Necrozma|Max Guard|p2a: Necrozma
|-singleturn|p2a: Necrozma|Max Guard
|move|p1a: Ho-Oh|Max Flare|p2a: Necrozma
|-activate|p2a: Necrozma|move: Max Guard
|
|-weather|SunnyDay|[upkeep]
|upkeep
|-end|p2a: Necrozma|Dynamax
|-heal|p2a: Necrozma|9/100|[silent]
|turn|26
|
|t:|1665741189
|move|p2a: Necrozma|Morning Sun|p2a: Necrozma
|-heal|p2a: Necrozma|76/100
|move|p1a: Ho-Oh|Max Flare|p2a: Necrozma
|-supereffective|p2a: Necrozma
|-damage|p2a: Necrozma|23/100
|
|-weather|SunnyDay|[upkeep]
|upkeep
|-end|p1a: Ho-Oh|Dynamax
|-heal|p1a: Ho-Oh|68/100|[silent]
|turn|27
|
|t:|1665741197
|move|p2a: Necrozma|Morning Sun|p2a: Necrozma
|-heal|p2a: Necrozma|90/100
|move|p1a: Ho-Oh|Sacred Fire|p2a: Necrozma
|-supereffective|p2a: Necrozma
|-damage|p2a: Necrozma|48/100
|
|-weather|SunnyDay|[upkeep]
|upkeep
|turn|28
|
|t:|1665741213
|move|p2a: Necrozma|Sunsteel Strike|p1a: Ho-Oh
|-resisted|p1a: Ho-Oh
|-damage|p1a: Ho-Oh|22/100
|move|p1a: Ho-Oh|Sacred Fire|p2a: Necrozma|[miss]
|-miss|p1a: Ho-Oh|p2a: Necrozma
|
|-weather|none
|upkeep
|turn|29
|
|t:|1665741221
|move|p2a: Necrozma|Sunsteel Strike|p1a: Ho-Oh
|-resisted|p1a: Ho-Oh
|-damage|p1a: Ho-Oh|0 fnt
|faint|p1a: Ho-Oh
|
|upkeep
|
|t:|1665741224
|switch|p1a: Groudon|Groudon-Primal, shiny|100/100
|-weather|DesolateLand|[from] ability: Desolate Land|[of] p1a: Groudon
|turn|30
|
|t:|1665741227
|move|p2a: Necrozma|Earthquake|p1a: Groudon
|-supereffective|p1a: Groudon
|-damage|p1a: Groudon|0 fnt
|faint|p1a: Groudon
|-weather|none
|
|upkeep
|-message|lmisdreavus forfeited.
|
|win|Whitedevil12345678
|raw|lmisdreavus's rating: 1874 &rarr; <strong>1865</strong><br />(-9 for losing)
|raw|Whitedevil12345678's rating: 2077 &rarr; <strong>2086</strong><br />(+9 for winning)
