|j|☆questetipe
|j|☆Better Alone
|t:|1653768399
|gametype|singles
|player|p1|questetipe|wattson|1042
|player|p2|Better Alone|swimmerf-gen4|1046
|teamsize|p1|6
|teamsize|p2|6
|gen|8
|tier|[Gen 8] National Dex AG
|rated|
|rule|HP Percentage Mod: HP is shown in percentages
|rule|Endless Battle Clause: Forcing endless battles is banned
|clearpoke
|poke|p1|Spectrier|
|poke|p1|Toxapex, F|
|poke|p1|Zygarde|
|poke|p1|Urshifu-*, M|
|poke|p1|Magearna|
|poke|p1|Palkia|
|poke|p2|Calyrex-Shadow|
|poke|p2|Zacian-*|
|poke|p2|Kyogre|
|poke|p2|Murkrow, F|
|poke|p2|Kangaskhan, F|
|poke|p2|Marshadow|
|teampreview
|
|t:|1653768407
|start
|switch|p1a: Urshifu|Urshifu-Rapid-Strike, M|100/100
|switch|p2a: Murkrow|Murkrow, F|100/100
|turn|1
|
|t:|1653768412
|switch|p1a: Magearna|Magearna|100/100
|move|p2a: Murkrow|Thunder Wave|p1a: Magearna
|-status|p1a: Magearna|par
|
|upkeep
|turn|2
|
|t:|1653768422
|switch|p2a: Kyogre|Kyogre|100/100
|detailschange|p2a: Kyogre|Kyogre-Primal
|-primal|p2a: Kyogre
|-weather|PrimordialSea|[from] ability: Primordial Sea|[of] p2a: Kyogre
|move|p1a: Magearna|Fleur Cannon|p2a: Kyogre
|-damage|p2a: Kyogre|53/100
|-unboost|p1a: Magearna|spa|2
|
|-weather|PrimordialSea|[upkeep]
|upkeep
|turn|3
|
|t:|1653768431
|switch|p1a: Palkia|Palkia|100/100
|-ability|p1a: Palkia|Pressure
|move|p2a: Kyogre|Water Spout|p1a: Palkia
|-resisted|p1a: Palkia
|-damage|p1a: Palkia|83/100
|
|-weather|PrimordialSea|[upkeep]
|upkeep
|turn|4
|
|t:|1653768438
|move|p1a: Palkia|Thunder|p2a: Kyogre
|-supereffective|p2a: Kyogre
|-damage|p2a: Kyogre|0 fnt
|faint|p2a: Kyogre
|-weather|none
|
|upkeep
|
|t:|1653768443
|switch|p2a: Kangaskhan|Kangaskhan, F|100/100
|turn|5
|
|t:|1653768452
|switch|p1a: Spectrier|Spectrier|100/100
|detailschange|p2a: Kangaskhan|Kangaskhan-Mega, F
|-mega|p2a: Kangaskhan|Kangaskhan|Kangaskhanite
|move|p2a: Kangaskhan|Fake Out|p1a: Spectrier
|-immune|p1a: Spectrier
|
|upkeep
|turn|6
|
|t:|1653768457
|move|p2a: Kangaskhan|Sucker Punch||[still]
|-fail|p2a: Kangaskhan
|move|p1a: Spectrier|Will-O-Wisp|p2a: Kangaskhan
|-status|p2a: Kangaskhan|brn
|
|-damage|p2a: Kangaskhan|94/100 brn|[from] brn
|upkeep
|turn|7
|-message|Better Alone forfeited.
|
|win|questetipe
|raw|questetipe's rating: 1087 &rarr; <strong>1111</strong><br />(+24 for winning)
|raw|Better Alone's rating: 1046 &rarr; <strong>1031</strong><br />(-15 for losing)
|l|☆Better Alone
