|j|☆T3ch Thieves
|j|☆17(*29+)is56time
|inactive|Battle timer is ON: inactive players will automatically lose when time's up.
|t:|1632546771
|gametype|singles
|player|p1|T3ch Thieves|beauty-gen4dp|
|player|p2|17(*29+)is56time|101|
|teamsize|p1|6
|teamsize|p2|6
|gen|8
|tier|[Gen 8] National Dex AG
|rated|Tournament battle
|rule|HP Percentage Mod: HP is shown in percentages
|rule|Endless Battle Clause: Forcing endless battles is banned
|clearpoke
|poke|p1|Excadrill, F|
|poke|p1|Smeargle, F|
|poke|p1|Rayquaza|
|poke|p1|Mewtwo|
|poke|p1|Zacian-*|
|poke|p1|Marshadow|
|poke|p2|Shuckle, F|
|poke|p2|Yveltal|
|poke|p2|Necrozma-Dusk-Mane|
|poke|p2|Kyogre|
|poke|p2|Zacian-*|
|poke|p2|Rayquaza|
|teampreview
|inactive|17(*29+)is56time also wants the timer to be on.
|j| bigblackman69⍰
|j| Mynameisachampion
|j| Discoii
|l| Discoii
|
|t:|1632546791
|start
|switch|p1a: Excadrill|Excadrill, F|100/100
|switch|p2a: Yveltal|Yveltal|100/100
|-ability|p2a: Yveltal|Dark Aura
|-ability|p1a: Excadrill|Mold Breaker
|turn|1
|inactive|T3ch Thieves has 120 seconds left.
|j|@Nevelle
|
|t:|1632546840
|move|p2a: Yveltal|Taunt|p1a: Excadrill
|-start|p1a: Excadrill|move: Taunt
|move|p1a: Excadrill|Rock Tomb|p2a: Yveltal
|-supereffective|p2a: Yveltal
|-damage|p2a: Yveltal|63/100
|-unboost|p2a: Yveltal|spe|1
|
|upkeep
|turn|2
|j|%Frito135 ♡
|
|t:|1632546853
|switch|p2a: Rayquaza|Rayquaza|100/100
|-ability|p2a: Rayquaza|Air Lock
|move|p1a: Excadrill|Rock Tomb|p2a: Rayquaza
|-supereffective|p2a: Rayquaza
|-damage|p2a: Rayquaza|53/100
|-unboost|p2a: Rayquaza|spe|1
|
|upkeep
|turn|3
|j| Adhiraj8202
|
|t:|1632546860
|detailschange|p2a: Rayquaza|Rayquaza-Mega
|-mega|p2a: Rayquaza|Rayquaza|
|-weather|DeltaStream|[from] ability: Delta Stream|[of] p2a: Rayquaza
|move|p1a: Excadrill|Rock Tomb|p2a: Rayquaza
|-activate||deltastream
|-damage|p2a: Rayquaza|34/100
|-unboost|p2a: Rayquaza|spe|1
|move|p2a: Rayquaza|V-create|p1a: Excadrill
|-supereffective|p1a: Excadrill
|-crit|p1a: Excadrill
|-enditem|p1a: Excadrill|Focus Sash
|-damage|p1a: Excadrill|1/100
|-unboost|p2a: Rayquaza|spe|1
|-unboost|p2a: Rayquaza|def|1
|-unboost|p2a: Rayquaza|spd|1
|-damage|p2a: Rayquaza|24/100|[from] item: Life Orb
|
|-weather|DeltaStream|[upkeep]
|-end|p1a: Excadrill|move: Taunt
|upkeep
|turn|4
|
|t:|1632546878
|move|p2a: Rayquaza|Extreme Speed|p1a: Excadrill
|-resisted|p1a: Excadrill
|-damage|p1a: Excadrill|0 fnt
|faint|p1a: Excadrill
|-damage|p2a: Rayquaza|14/100|[from] item: Life Orb
|
|-weather|DeltaStream|[upkeep]
|upkeep
|
|t:|1632546883
|switch|p1a: Marshadow|Marshadow|100/100
|turn|5
|
|t:|1632546891
|move|p1a: Marshadow|Spectral Thief|p2a: Rayquaza
|-damage|p2a: Rayquaza|0 fnt
|faint|p2a: Rayquaza
|-weather|none
|
|upkeep
|
|t:|1632546894
|switch|p2a: Shuckle|Shuckle, F|100/100
|turn|6
|inactive|T3ch Thieves has 120 seconds left.
|
|t:|1632546901
|switch|p1a: Smeargle|Smeargle, F|100/100
|move|p2a: Shuckle|Stealth Rock|p1a: Smeargle
|-sidestart|p1: T3ch Thieves|move: Stealth Rock
|
|-ability|p1a: Smeargle|Moody|boost
|-boost|p1a: Smeargle|spa|2
|-unboost|p1a: Smeargle|spe|1
|upkeep
|turn|7
|
|t:|1632546906
|move|p1a: Smeargle|Spore|p2a: Shuckle
|-status|p2a: Shuckle|slp|[from] move: Spore
|cant|p2a: Shuckle|slp
|
|-ability|p1a: Smeargle|Moody|boost
|-boost|p1a: Smeargle|spe|2
|-unboost|p1a: Smeargle|spd|1
|upkeep
|turn|8
|
|t:|1632546910
|move|p1a: Smeargle|Substitute|p1a: Smeargle
|-start|p1a: Smeargle|Substitute
|-damage|p1a: Smeargle|75/100
|cant|p2a: Shuckle|slp
|
|-heal|p1a: Smeargle|81/100|[from] item: Leftovers
|-ability|p1a: Smeargle|Moody|boost
|-boost|p1a: Smeargle|atk|2
|-unboost|p1a: Smeargle|def|1
|upkeep
|turn|9
|
|t:|1632546915
|move|p1a: Smeargle|Shell Smash|p1a: Smeargle
|-unboost|p1a: Smeargle|def|1
|-unboost|p1a: Smeargle|spd|1
|-boost|p1a: Smeargle|atk|2
|-boost|p1a: Smeargle|spa|2
|-boost|p1a: Smeargle|spe|2
|cant|p2a: Shuckle|slp
|
|-heal|p1a: Smeargle|87/100|[from] item: Leftovers
|-ability|p1a: Smeargle|Moody|boost
|-boost|p1a: Smeargle|def|2
|-unboost|p1a: Smeargle|spd|1
|upkeep
|turn|10
|
|t:|1632546920
|move|p1a: Smeargle|Spore|p2a: Shuckle
|-fail|p2a: Shuckle|slp
|-curestatus|p2a: Shuckle|slp|[msg]
|move|p2a: Shuckle|Final Gambit|p1a: Smeargle
|-end|p1a: Smeargle|Substitute
|faint|p2a: Shuckle
|
|-heal|p1a: Smeargle|93/100|[from] item: Leftovers
|-ability|p1a: Smeargle|Moody|boost
|-boost|p1a: Smeargle|atk|2
|-unboost|p1a: Smeargle|spd|1
|upkeep
|j|%Mbouchon
|
|t:|1632546933
|switch|p2a: Yveltal|Yveltal|63/100
|-ability|p2a: Yveltal|Dark Aura
|turn|11
|
|t:|1632546936
|move|p1a: Smeargle|Spore|p2a: Yveltal
|-status|p2a: Yveltal|slp|[from] move: Spore
|cant|p2a: Yveltal|slp
|
|-heal|p1a: Smeargle|99/100|[from] item: Leftovers
|-ability|p1a: Smeargle|Moody|boost
|-boost|p1a: Smeargle|def|2
|-unboost|p1a: Smeargle|spd|1
|upkeep
|turn|12
|
|t:|1632546941
|move|p1a: Smeargle|Substitute|p1a: Smeargle
|-start|p1a: Smeargle|Substitute
|-damage|p1a: Smeargle|74/100
|cant|p2a: Yveltal|slp
|
|-heal|p1a: Smeargle|80/100|[from] item: Leftovers
|-ability|p1a: Smeargle|Moody|boost
|-boost|p1a: Smeargle|def|2
|-unboost|p1a: Smeargle|spa|1
|upkeep
|turn|13
|
|t:|1632546944
|move|p1a: Smeargle|Power Trip|p2a: Yveltal
|-resisted|p2a: Yveltal
|-damage|p2a: Yveltal|0 fnt
|faint|p2a: Yveltal
|
|-heal|p1a: Smeargle|86/100|[from] item: Leftovers
|-ability|p1a: Smeargle|Moody|boost
|-boost|p1a: Smeargle|spd|2
|-unboost|p1a: Smeargle|def|1
|upkeep
|
|t:|1632546950
|switch|p2a: Necrozma|Necrozma-Dusk-Mane|100/100
|turn|14
|
|t:|1632546961
|move|p1a: Smeargle|Spore|p2a: Necrozma
|-status|p2a: Necrozma|slp|[from] move: Spore
|cant|p2a: Necrozma|slp
|
|-heal|p1a: Smeargle|92/100|[from] item: Leftovers
|-ability|p1a: Smeargle|Moody|boost
|-boost|p1a: Smeargle|def|2
|-unboost|p1a: Smeargle|atk|1
|upkeep
|turn|15
|
|t:|1632546966
|move|p1a: Smeargle|Power Trip|p2a: Necrozma
|-supereffective|p2a: Necrozma
|-damage|p2a: Necrozma|0 fnt
|faint|p2a: Necrozma
|
|-heal|p1a: Smeargle|98/100|[from] item: Leftovers
|-ability|p1a: Smeargle|Moody|boost
|-boost|p1a: Smeargle|def|1
|-unboost|p1a: Smeargle|spd|1
|upkeep
|-message|17(*29+)is56time forfeited.
|
|win|T3ch Thieves
|n|☆T3ch Thieves|t3chthieves
|n|☆17(*29+)is56time|1729is56time
|n| bigblackman69⍰|bigblackman69
|n| Mynameisachampion|mynameisachampion
|n| Nevelle|nevelle
|n| Frito135 ♡|frito135
|n| Adhiraj8202|adhiraj8202
|n| Mbouchon|mbouchon
