|j|☆BigDuckie
|j|☆Lord Tonii Chan
|t:|1663816232
|gametype|singles
|player|p1|BigDuckie|workerice|1657
|player|p2|Lord Tonii Chan|falkner|1791
|teamsize|p1|6
|teamsize|p2|6
|gen|8
|tier|[Gen 8] National Dex AG
|rated|
|rule|HP Percentage Mod: HP is shown in percentages
|rule|Endless Battle Clause: Forcing endless battles is banned
|clearpoke
|poke|p1|Zygarde|
|poke|p1|Tyranitar, F|
|poke|p1|Ditto|
|poke|p1|Quagsire, F|
|poke|p1|Chansey, F|
|poke|p1|Necrozma-Dusk-Mane|
|poke|p2|Tyranitar, M|
|poke|p2|Yveltal|
|poke|p2|Ferrothorn, M|
|poke|p2|Ho-Oh|
|poke|p2|Rayquaza|
|poke|p2|Arceus-*|
|teampreview
|
|t:|1663816248
|start
|switch|p1a: Tyranitar|Tyranitar, F|100/100
|switch|p2a: Arceus|Arceus-Ghost|100/100
|-weather|Sandstorm|[from] ability: Sand Stream|[of] p1a: Tyranitar
|turn|1
|
|t:|1663816253
|move|p2a: Arceus|Toxic|p1a: Tyranitar
|-status|p1a: Tyranitar|tox
|move|p1a: Tyranitar|Thunder Wave|p2a: Arceus
|-status|p2a: Arceus|par
|
|-weather|Sandstorm|[upkeep]
|-damage|p2a: Arceus|94/100 par|[from] Sandstorm
|-damage|p1a: Tyranitar|94/100 tox|[from] psn
|upkeep
|turn|2
|
|t:|1663816256
|move|p1a: Tyranitar|Pursuit|p2a: Arceus
|-supereffective|p2a: Arceus
|-damage|p2a: Arceus|75/100 par
|cant|p2a: Arceus|par
|
|-weather|Sandstorm|[upkeep]
|-damage|p2a: Arceus|69/100 par|[from] Sandstorm
|-heal|p1a: Tyranitar|100/100 tox|[from] item: Leftovers
|-damage|p1a: Tyranitar|88/100 tox|[from] psn
|upkeep
|turn|3
|
|t:|1663816261
|move|p1a: Tyranitar|Pursuit|p2a: Arceus
|-supereffective|p2a: Arceus
|-damage|p2a: Arceus|49/100 par
|cant|p2a: Arceus|par
|
|-weather|Sandstorm|[upkeep]
|-damage|p2a: Arceus|42/100 par|[from] Sandstorm
|-heal|p1a: Tyranitar|94/100 tox|[from] item: Leftovers
|-damage|p1a: Tyranitar|76/100 tox|[from] psn
|upkeep
|turn|4
|
|t:|1663816265
|move|p1a: Tyranitar|Pursuit|p2a: Arceus
|-supereffective|p2a: Arceus
|-damage|p2a: Arceus|24/100 par
|move|p2a: Arceus|Recover|p2a: Arceus
|-heal|p2a: Arceus|74/100 par
|
|-weather|Sandstorm|[upkeep]
|-damage|p2a: Arceus|68/100 par|[from] Sandstorm
|-heal|p1a: Tyranitar|82/100 tox|[from] item: Leftovers
|-damage|p1a: Tyranitar|57/100 tox|[from] psn
|upkeep
|turn|5
|
|t:|1663816270
|move|p1a: Tyranitar|Rest|p1a: Tyranitar
|-status|p1a: Tyranitar|slp|[from] move: Rest
|-heal|p1a: Tyranitar|100/100 slp|[silent]
|cant|p2a: Arceus|par
|
|-weather|none
|upkeep
|turn|6
|
|t:|1663816277
|switch|p1a: Necrozma|Necrozma-Dusk-Mane|100/100
|switch|p2a: Bloop|Ferrothorn, M|100/100
|
|upkeep
|turn|7
|
|t:|1663816281
|move|p1a: Necrozma|Knock Off|p2a: Bloop
|-damage|p2a: Bloop|74/100
|-damage|p1a: Necrozma|88/100|[from] ability: Iron Barbs|[of] p2a: Bloop
|-enditem|p2a: Bloop|Leftovers|[from] move: Knock Off|[of] p1a: Necrozma
|move|p2a: Bloop|Knock Off|p1a: Necrozma
|-supereffective|p1a: Necrozma
|-damage|p1a: Necrozma|70/100
|-damage|p2a: Bloop|57/100|[from] item: Rocky Helmet|[of] p1a: Necrozma
|-enditem|p1a: Necrozma|Rocky Helmet|[from] move: Knock Off|[of] p2a: Bloop
|
|upkeep
|turn|8
|
|t:|1663816289
|move|p1a: Necrozma|Stealth Rock|p2a: Bloop
|-sidestart|p2: Lord Tonii Chan|move: Stealth Rock
|move|p2a: Bloop|Leech Seed|p1a: Necrozma
|-start|p1a: Necrozma|move: Leech Seed
|
|-damage|p1a: Necrozma|58/100|[from] Leech Seed|[of] p2a: Bloop
|-heal|p2a: Bloop|71/100|[silent]
|upkeep
|turn|9
|
|t:|1663816297
|switch|p1a: Quagsire|Quagsire, F|100/100
|move|p2a: Bloop|Substitute|p2a: Bloop
|-start|p2a: Bloop|Substitute
|-damage|p2a: Bloop|47/100
|
|upkeep
|turn|10
|
|t:|1663816303
|move|p2a: Bloop|Knock Off|p1a: Quagsire
|-damage|p1a: Quagsire|85/100
|-enditem|p1a: Quagsire|Leftovers|[from] move: Knock Off|[of] p2a: Bloop
|move|p1a: Quagsire|Counter|p2a: Bloop
|-end|p2a: Bloop|Substitute
|
|upkeep
|turn|11
|
|t:|1663816308
|move|p1a: Quagsire|Earthquake|p2a: Bloop
|-damage|p2a: Bloop|22/100
|move|p2a: Bloop|Leech Seed|p1a: Quagsire
|-start|p1a: Quagsire|move: Leech Seed
|
|-damage|p1a: Quagsire|72/100|[from] Leech Seed|[of] p2a: Bloop
|-heal|p2a: Bloop|36/100|[silent]
|upkeep
|turn|12
|
|t:|1663816312
|move|p1a: Quagsire|Earthquake|p2a: Bloop
|-damage|p2a: Bloop|13/100
|move|p2a: Bloop|Toxic|p1a: Quagsire|[miss]
|-miss|p2a: Bloop|p1a: Quagsire
|
|-damage|p1a: Quagsire|60/100|[from] Leech Seed|[of] p2a: Bloop
|-heal|p2a: Bloop|27/100|[silent]
|upkeep
|turn|13
|
|t:|1663816326
|-start|p1a: Quagsire|Dynamax|
|-heal|p1a: Quagsire|60/100|[silent]
|move|p1a: Quagsire|Max Quake|p2a: Bloop
|-damage|p2a: Bloop|0 fnt
|-boost|p1a: Quagsire|spd|1
|faint|p2a: Bloop
|
|upkeep
|
|t:|1663816332
|switch|p2a: Oh-No|Ho-Oh|100/100
|turn|14
|
|t:|1663816338
|-end|p1a: Quagsire|Dynamax
|-heal|p1a: Quagsire|60/100|[silent]
|switch|p1a: Tyranitar|Tyranitar, F|100/100 slp
|-weather|Sandstorm|[from] ability: Sand Stream|[of] p1a: Tyranitar
|move|p2a: Oh-No|Defog|p1a: Tyranitar
|-unboost|p1a: Tyranitar|evasion|1
|-sideend|p2: Lord Tonii Chan|Stealth Rock|[from] move: Defog|[of] p2a: Oh-No
|
|-weather|Sandstorm|[upkeep]
|-damage|p2a: Oh-No|94/100|[from] Sandstorm
|upkeep
|turn|15
|
|t:|1663816342
|switch|p2a: Mandy|Yveltal|100/100
|-ability|p2a: Mandy|Dark Aura
|cant|p1a: Tyranitar|slp
|
|-weather|Sandstorm|[upkeep]
|-damage|p2a: Mandy|94/100|[from] Sandstorm
|upkeep
|turn|16
|
|t:|1663816346
|-start|p2a: Mandy|Dynamax|
|-heal|p2a: Mandy|94/100|[silent]
|move|p2a: Mandy|Max Flutterby|p1a: Tyranitar
|-supereffective|p1a: Tyranitar
|-damage|p1a: Tyranitar|32/100 slp
|-unboost|p1a: Tyranitar|spa|1
|-damage|p2a: Mandy|89/100|[from] item: Life Orb
|cant|p1a: Tyranitar|slp
|
|-weather|Sandstorm|[upkeep]
|-damage|p2a: Mandy|86/100|[from] Sandstorm
|-heal|p1a: Tyranitar|38/100 slp|[from] item: Leftovers
|upkeep
|turn|17
|
|t:|1663816352
|switch|p1a: Chansey|Chansey, F|100/100
|move|p2a: Mandy|Max Flutterby|p1a: Chansey
|-damage|p1a: Chansey|30/100
|-unboost|p1a: Chansey|spa|1
|-damage|p2a: Mandy|81/100|[from] item: Life Orb
|
|-weather|Sandstorm|[upkeep]
|-damage|p2a: Mandy|78/100|[from] Sandstorm
|-damage|p1a: Chansey|24/100|[from] Sandstorm
|upkeep
|turn|18
|
|t:|1663816361
|switch|p1a: Zygarde|Zygarde|100/100
|move|p2a: Mandy|Max Darkness|p1a: Zygarde
|-damage|p1a: Zygarde|0 fnt
|faint|p1a: Zygarde
|-damage|p2a: Mandy|73/100|[from] item: Life Orb
|
|-weather|none
|upkeep
|c|☆Lord Tonii Chan|Sweet
|
|t:|1663816369
|switch|p1a: Ditto|Ditto|100/100
|-transform|p1a: Ditto|p2a: Mandy|[from] ability: Imposter
|-ability|p1a: Ditto|Dark Aura
|-end|p2a: Mandy|Dynamax
|-heal|p2a: Mandy|74/100|[silent]
|turn|19
|
|t:|1663816375
|switch|p2a: Terry|Tyranitar, M|100/100
|-weather|Sandstorm|[from] ability: Sand Stream|[of] p2a: Terry
|move|p1a: Ditto|U-turn|p2a: Terry
|-supereffective|p2a: Terry
|-damage|p2a: Terry|70/100
|
|t:|1663816383
|switch|p1a: Necrozma|Necrozma-Dusk-Mane|58/100|[from]move: U-turn
|
|-weather|Sandstorm|[upkeep]
|-heal|p2a: Terry|76/100|[from] item: Leftovers
|upkeep
|turn|20
|
|t:|1663816386
|move|p1a: Necrozma|Sunsteel Strike|p2a: Terry
|-supereffective|p2a: Terry
|-damage|p2a: Terry|0 fnt
|faint|p2a: Terry
|
|-weather|Sandstorm|[upkeep]
|upkeep
|
|t:|1663816388
|switch|p2a: Mandy|Yveltal|74/100
|-ability|p2a: Mandy|Dark Aura
|turn|21
|
|t:|1663816401
|move|p2a: Mandy|Dark Pulse|p1a: Necrozma
|-supereffective|p1a: Necrozma
|-damage|p1a: Necrozma|0 fnt
|faint|p1a: Necrozma
|-damage|p2a: Mandy|64/100|[from] item: Life Orb
|
|-weather|Sandstorm|[upkeep]
|-damage|p2a: Mandy|57/100|[from] Sandstorm
|upkeep
|
|t:|1663816406
|switch|p1a: Tyranitar|Tyranitar, F|38/100 slp
|turn|22
|
|t:|1663816410
|move|p2a: Mandy|U-turn|p1a: Tyranitar
|-supereffective|p1a: Tyranitar
|-damage|p1a: Tyranitar|0 fnt
|faint|p1a: Tyranitar
|-damage|p2a: Mandy|48/100|[from] item: Life Orb
|
|t:|1663816413
|switch|p2a: Desu Desu|Rayquaza|100/100|[from]move: U-turn
|-ability|p2a: Desu Desu|Air Lock
|
|-weather|Sandstorm|[upkeep]
|upkeep
|
|t:|1663816416
|switch|p1a: Quagsire|Quagsire, F|60/100
|turn|23
|
|t:|1663816420
|move|p2a: Desu Desu|Draco Meteor|p1a: Quagsire
|-damage|p1a: Quagsire|0 fnt
|-unboost|p2a: Desu Desu|spa|2
|faint|p1a: Quagsire
|
|-weather|none
|upkeep
|
|t:|1663816423
|switch|p1a: Chansey|Chansey, F|24/100
|turn|24
|
|t:|1663816429
|switch|p2a: Arceus|Arceus-Ghost|68/100 par
|move|p1a: Chansey|Toxic||[still]
|-fail|p1a: Chansey
|
|upkeep
|turn|25
|
|t:|1663816435
|switch|p1a: Ditto|Ditto|100/100
|-transform|p1a: Ditto|p2a: Arceus|[from] ability: Imposter
|move|p2a: Arceus|Toxic|p1a: Ditto
|-status|p1a: Ditto|tox
|
|-damage|p1a: Ditto|94/100 tox|[from] psn
|upkeep
|turn|26
|-message|BigDuckie forfeited.
|
|win|Lord Tonii Chan
|raw|BigDuckie's rating: 1657 &rarr; <strong>1644</strong><br />(-13 for losing)
|raw|Lord Tonii Chan's rating: 1791 &rarr; <strong>1804</strong><br />(+13 for winning)
|l|☆BigDuckie
|j| kizi22122
||Ladder isn't responding, score probably updated but might not have (Request timeout).
