|j|☆amnael1
|j|☆Blackstar152001
|t:|1665505620
|gametype|singles
|player|p1|amnael1|169|1815
|player|p2|Blackstar152001|blue-gen3two|2034
|teamsize|p1|6
|teamsize|p2|6
|gen|8
|tier|[Gen 8] National Dex AG
|rated|
|rule|HP Percentage Mod: HP is shown in percentages
|rule|Endless Battle Clause: Forcing endless battles is banned
|clearpoke
|poke|p1|Smeargle, F|
|poke|p1|Groudon|
|poke|p1|Espeon, M|
|poke|p1|Rayquaza|
|poke|p1|Xerneas-*|
|poke|p1|Zacian-*|
|poke|p2|Yveltal|
|poke|p2|Xerneas-*|
|poke|p2|Arceus-*|
|poke|p2|Ditto|
|poke|p2|Rayquaza|
|poke|p2|Necrozma-Dusk-Mane|
|teampreview
|inactive|Battle timer is ON: inactive players will automatically lose when time's up. (requested by Blackstar152001)
|
|t:|1665505637
|start
|switch|p1a: Rayquaza|Rayquaza|100/100
|switch|p2a: Arceus|Arceus|100/100
|-ability|p1a: Rayquaza|Air Lock
|turn|1
|
|t:|1665505642
|switch|p1a: Zacian|Zacian-Crowned|100/100
|-ability|p1a: Zacian|Intrepid Sword|boost
|-boost|p1a: Zacian|atk|1
|switch|p2a: Necrozma|Necrozma-Dusk-Mane|100/100
|
|upkeep
|turn|2
|
|t:|1665505645
|switch|p1a: Espeon|Espeon, M|100/100
|move|p2a: Necrozma|Sunsteel Strike|p1a: Espeon
|-damage|p1a: Espeon|5/100
|
|upkeep
|turn|3
|
|t:|1665505650
|switch|p2a: Arceus|Arceus|100/100
|move|p1a: Espeon|Yawn|p2a: Arceus
|-start|p2a: Arceus|move: Yawn|[of] p1a: Espeon
|
|upkeep
|turn|4
|
|t:|1665505654
|switch|p2a: Ditto|Ditto|100/100
|-transform|p2a: Ditto|p1a: Espeon|[from] ability: Imposter
|move|p1a: Espeon|Psychic|p2a: Ditto
|-resisted|p2a: Ditto
|-damage|p2a: Ditto|72/100
|
|upkeep
|turn|5
|
|t:|1665505661
|move|p2a: Ditto|Psychic|p1a: Espeon
|-resisted|p1a: Espeon
|-damage|p1a: Espeon|0 fnt
|faint|p1a: Espeon
|
|upkeep
|
|t:|1665505665
|switch|p1a: Xerneas|Xerneas|100/100
|-ability|p1a: Xerneas|Fairy Aura
|turn|6
|
|t:|1665505676
|move|p2a: Ditto|Psychic|p1a: Xerneas
|-damage|p1a: Xerneas|71/100
|move|p1a: Xerneas|Geomancy||[still]
|-prepare|p1a: Xerneas|Geomancy
|-enditem|p1a: Xerneas|Power Herb
|-anim|p1a: Xerneas|Geomancy|p1a: Xerneas
|-boost|p1a: Xerneas|spa|2
|-boost|p1a: Xerneas|spd|2
|-boost|p1a: Xerneas|spe|2
|
|upkeep
|turn|7
|
|t:|1665505684
|switch|p2a: Necrozma|Necrozma-Dusk-Mane|100/100
|move|p1a: Xerneas|Moonblast|p2a: Necrozma
|-resisted|p2a: Necrozma
|-damage|p2a: Necrozma|57/100
|-unboost|p2a: Necrozma|spa|1
|
|upkeep
|turn|8
|
|t:|1665505696
|switch|p2a: Rayquaza|Rayquaza, shiny|100/100
|-ability|p2a: Rayquaza|Air Lock
|-start|p1a: Xerneas|Dynamax|
|-heal|p1a: Xerneas|71/100|[silent]
|move|p1a: Xerneas|Max Flare|p2a: Rayquaza
|-resisted|p2a: Rayquaza
|-damage|p2a: Rayquaza|65/100
|-weather|SunnyDay
|
|-weather|SunnyDay|[upkeep]
|upkeep
|turn|9
|
|t:|1665505715
|detailschange|p2a: Rayquaza|Rayquaza-Mega, shiny
|-mega|p2a: Rayquaza|Rayquaza|
|-weather|DeltaStream|[from] ability: Delta Stream|[of] p2a: Rayquaza
|move|p2a: Rayquaza|Extreme Speed|p1a: Xerneas
|-damage|p1a: Xerneas|54/100
|-damage|p2a: Rayquaza|55/100|[from] item: Life Orb
|move|p1a: Xerneas|Max Starfall|p2a: Rayquaza
|-supereffective|p2a: Rayquaza
|-damage|p2a: Rayquaza|0 fnt
|-fieldstart|move: Misty Terrain
|faint|p2a: Rayquaza
|-weather|none
|
|upkeep
|
|t:|1665505722
|switch|p2a: Ditto|Ditto|72/100
|-transform|p2a: Ditto|p1a: Xerneas|[from] ability: Imposter
|-ability|p2a: Ditto|Fairy Aura
|turn|10
|
|t:|1665505726
|-start|p2a: Ditto|Dynamax|
|-heal|p2a: Ditto|72/100|[silent]
|move|p2a: Ditto|Max Guard|p2a: Ditto
|-singleturn|p2a: Ditto|Max Guard
|move|p1a: Xerneas|Max Starfall|p2a: Ditto
|-activate|p2a: Ditto|move: Max Guard
|
|upkeep
|-end|p1a: Xerneas|Dynamax
|-heal|p1a: Xerneas|54/100|[silent]
|turn|11
|
|t:|1665505729
|move|p2a: Ditto|Max Starfall|p1a: Xerneas
|-damage|p1a: Xerneas|0 fnt
|faint|p1a: Xerneas
|
|upkeep
|
|t:|1665505733
|switch|p1a: Zacian|Zacian-Crowned|100/100
|-ability|p1a: Zacian|Intrepid Sword|boost
|-boost|p1a: Zacian|atk|1
|turn|12
|
|t:|1665505736
|-end|p2a: Ditto|Dynamax
|-heal|p2a: Ditto|72/100|[silent]
|switch|p2a: Necrozma|Necrozma-Dusk-Mane|57/100
|move|p1a: Zacian|Behemoth Blade|p2a: Necrozma
|-resisted|p2a: Necrozma
|-crit|p2a: Necrozma
|-damage|p2a: Necrozma|16/100
|-damage|p1a: Zacian|84/100|[from] item: Rocky Helmet|[of] p2a: Necrozma
|
|upkeep
|turn|13
|
|t:|1665505741
|move|p1a: Zacian|Behemoth Blade|p2a: Necrozma
|-resisted|p2a: Necrozma
|-damage|p2a: Necrozma|0 fnt
|-damage|p1a: Zacian|67/100|[from] item: Rocky Helmet|[of] p2a: Necrozma
|faint|p2a: Necrozma
|
|-fieldend|Misty Terrain
|upkeep
|
|t:|1665505744
|switch|p2a: Ditto|Ditto|72/100
|-transform|p2a: Ditto|p1a: Zacian|[from] ability: Imposter
|-ability|p2a: Ditto|Intrepid Sword|boost
|-boost|p2a: Ditto|atk|1
|turn|14
|
|t:|1665505746
|move|p2a: Ditto|Close Combat|p1a: Zacian
|-damage|p1a: Zacian|0 fnt
|-unboost|p2a: Ditto|def|1
|-unboost|p2a: Ditto|spd|1
|faint|p1a: Zacian
|
|upkeep
|
|t:|1665505749
|switch|p1a: Smeargle|Smeargle, F|100/100
|turn|15
|
|t:|1665505753
|move|p1a: Smeargle|Spiky Shield|p1a: Smeargle
|-singleturn|p1a: Smeargle|move: Protect
|move|p2a: Ditto|Close Combat|p1a: Smeargle
|-activate|p1a: Smeargle|move: Protect
|-damage|p2a: Ditto|60/100|[from] Spiky Shield|[of] p1a: Smeargle
|
|-ability|p1a: Smeargle|Moody|boost
|-boost|p1a: Smeargle|spe|2
|-unboost|p1a: Smeargle|atk|1
|upkeep
|turn|16
|
|t:|1665505756
|move|p2a: Ditto|Close Combat|p1a: Smeargle
|-supereffective|p1a: Smeargle
|-enditem|p1a: Smeargle|Focus Sash
|-damage|p1a: Smeargle|1/100
|-unboost|p2a: Ditto|def|1
|-unboost|p2a: Ditto|spd|1
|move|p1a: Smeargle|Spore|p2a: Ditto
|-status|p2a: Ditto|slp|[from] move: Spore
|
|-ability|p1a: Smeargle|Moody|boost
|-boost|p1a: Smeargle|def|2
|-unboost|p1a: Smeargle|atk|1
|upkeep
|turn|17
|
|t:|1665505762
|switch|p2a: Arceus|Arceus|100/100
|move|p1a: Smeargle|Shift Gear|p1a: Smeargle
|-boost|p1a: Smeargle|spe|2
|-boost|p1a: Smeargle|atk|1
|
|-ability|p1a: Smeargle|Moody|boost
|-boost|p1a: Smeargle|spa|2
|-unboost|p1a: Smeargle|spe|1
|upkeep
|turn|18
|
|t:|1665505765
|move|p1a: Smeargle|Spiky Shield|p1a: Smeargle
|-singleturn|p1a: Smeargle|move: Protect
|move|p2a: Arceus|Extreme Speed|p1a: Smeargle
|-activate|p1a: Smeargle|move: Protect
|-damage|p2a: Arceus|88/100|[from] Spiky Shield|[of] p1a: Smeargle
|
|-ability|p1a: Smeargle|Moody|boost
|-boost|p1a: Smeargle|spe|2
|-unboost|p1a: Smeargle|spa|1
|upkeep
|turn|19
|
|t:|1665505768
|move|p2a: Arceus|Extreme Speed|p1a: Smeargle
|-damage|p1a: Smeargle|0 fnt
|faint|p1a: Smeargle
|
|upkeep
|
|t:|1665505773
|switch|p1a: Groudon|Groudon|100/100
|detailschange|p1a: Groudon|Groudon-Primal
|-primal|p1a: Groudon
|-weather|DesolateLand|[from] ability: Desolate Land|[of] p1a: Groudon
|turn|20
|
|t:|1665505776
|switch|p2a: Ditto|Ditto|60/100 slp
|-transform|p2a: Ditto|p1a: Groudon|[from] ability: Imposter
|move|p1a: Groudon|Fire Punch|p2a: Ditto
|-resisted|p2a: Ditto
|-damage|p2a: Ditto|33/100 slp
|
|-weather|DesolateLand|[upkeep]
|upkeep
|turn|21
|
|t:|1665505782
|switch|p2a: Yveltal|Yveltal, shiny|100/100
|-ability|p2a: Yveltal|Dark Aura
|move|p1a: Groudon|Earthquake|p2a: Yveltal
|-immune|p2a: Yveltal
|
|-weather|DesolateLand|[upkeep]
|upkeep
|turn|22
|
|t:|1665505786
|move|p2a: Yveltal|Dark Pulse|p1a: Groudon
|-damage|p1a: Groudon|39/100
|move|p1a: Groudon|Fire Punch|p2a: Yveltal
|-damage|p2a: Yveltal|27/100
|
|-weather|DesolateLand|[upkeep]
|upkeep
|turn|23
|
|t:|1665505791
|move|p2a: Yveltal|Dark Pulse|p1a: Groudon
|-damage|p1a: Groudon|0 fnt
|faint|p1a: Groudon
|-weather|none
|
|upkeep
|
|t:|1665505794
|switch|p1a: Rayquaza|Rayquaza|100/100
|-ability|p1a: Rayquaza|Air Lock
|turn|24
|
|t:|1665505801
|detailschange|p1a: Rayquaza|Rayquaza-Mega
|-mega|p1a: Rayquaza|Rayquaza|
|-weather|DeltaStream|[from] ability: Delta Stream|[of] p1a: Rayquaza
|move|p1a: Rayquaza|Extreme Speed|p2a: Yveltal
|-damage|p2a: Yveltal|0 fnt
|faint|p2a: Yveltal
|
|-weather|DeltaStream|[upkeep]
|upkeep
|
|t:|1665505805
|switch|p2a: Xerneas|Xerneas, shiny|100/100
|-ability|p2a: Xerneas|Fairy Aura
|turn|25
|
|t:|1665505808
|move|p2a: Xerneas|Moonblast|p1a: Rayquaza
|-supereffective|p1a: Rayquaza
|-enditem|p1a: Rayquaza|Focus Sash
|-damage|p1a: Rayquaza|1/100
|-unboost|p1a: Rayquaza|spa|1
|move|p1a: Rayquaza|Dragon Ascent|p2a: Xerneas
|-damage|p2a: Xerneas|29/100
|-unboost|p1a: Rayquaza|def|1
|-unboost|p1a: Rayquaza|spd|1
|
|-weather|DeltaStream|[upkeep]
|upkeep
|turn|26
|
|t:|1665505811
|move|p1a: Rayquaza|Extreme Speed|p2a: Xerneas
|-damage|p2a: Xerneas|0 fnt
|faint|p2a: Xerneas
|
|-weather|DeltaStream|[upkeep]
|upkeep
|
|t:|1665505813
|switch|p2a: Arceus|Arceus|88/100
|turn|27
|
|t:|1665505816
|move|p2a: Arceus|Extreme Speed|p1a: Rayquaza
|-damage|p1a: Rayquaza|0 fnt
|faint|p1a: Rayquaza
|-weather|none
|
|win|Blackstar152001
|raw|amnael1's rating: 1815 &rarr; <strong>1806</strong><br />(-9 for losing)
|raw|Blackstar152001's rating: 2034 &rarr; <strong>2043</strong><br />(+9 for winning)
|l|☆amnael1
