|j|☆Mori Jin Kato
|j|☆Ungodlykey
|t:|1654527794
|gametype|singles
|player|p1|Mori Jin Kato|red|1555
|player|p2|Ungodlykey|benga|1546
|teamsize|p1|6
|teamsize|p2|6
|gen|8
|tier|[Gen 8] National Dex AG
|rated|
|rule|HP Percentage Mod: HP is shown in percentages
|rule|Endless Battle Clause: Forcing endless battles is banned
|clearpoke
|poke|p1|Cinderace, M|
|poke|p1|Zacian-*|
|poke|p1|Calyrex-Shadow|
|poke|p1|Dragonite, M|
|poke|p1|Regieleki|
|poke|p1|Ditto|
|poke|p2|Yveltal|
|poke|p2|Nihilego|
|poke|p2|Salamence, M|
|poke|p2|Melmetal|
|poke|p2|Regieleki|
|poke|p2|Rillaboom, M|
|teampreview
|inactive|Battle timer is ON: inactive players will automatically lose when time's up. (requested by Mori Jin Kato)
|c|☆Mori Jin Kato|gl hf
|
|t:|1654527806
|start
|switch|p1a: Jaecheondaesong|Cinderace, M|100/100
|switch|p2a: Nihilego|Nihilego, shiny|100/100
|turn|1
|
|t:|1654527816
|-start|p1a: Jaecheondaesong|Dynamax|Gmax
|-heal|p1a: Jaecheondaesong|100/100|[silent]
|move|p2a: Nihilego|Meteor Beam||[still]
|-prepare|p2a: Nihilego|Meteor Beam
|-boost|p2a: Nihilego|spa|1
|-enditem|p2a: Nihilego|Power Herb
|-anim|p2a: Nihilego|Meteor Beam|p1a: Jaecheondaesong
|-supereffective|p1a: Jaecheondaesong
|-damage|p1a: Jaecheondaesong|0 fnt
|faint|p1a: Jaecheondaesong
|-ability|p2a: Nihilego|Beast Boost|boost
|-boost|p2a: Nihilego|spa|1
|
|upkeep
|c|☆Mori Jin Kato|ooo
|
|t:|1654527828
|switch|p1a: Yeoui|Dragonite, M|100/100
|turn|2
|
|t:|1654527838
|move|p2a: Nihilego|Power Gem|p1a: Yeoui
|-supereffective|p1a: Yeoui
|-damage|p1a: Yeoui|16/100
|-enditem|p1a: Yeoui|Weakness Policy
|-boost|p1a: Yeoui|atk|2|[from] item: Weakness Policy
|-boost|p1a: Yeoui|spa|2|[from] item: Weakness Policy
|move|p1a: Yeoui|Dragon Dance|p1a: Yeoui
|-boost|p1a: Yeoui|atk|1
|-boost|p1a: Yeoui|spe|1
|
|upkeep
|turn|3
|
|t:|1654527851
|move|p1a: Yeoui|Earthquake|p2a: Nihilego
|-supereffective|p2a: Nihilego
|-damage|p2a: Nihilego|0 fnt
|faint|p2a: Nihilego
|
|upkeep
|
|t:|1654527866
|switch|p2a: Regieleki|Regieleki|100/100
|turn|4
|
|t:|1654527869
|move|p1a: Yeoui|Extreme Speed|p2a: Regieleki
|-damage|p2a: Regieleki|0 fnt
|faint|p2a: Regieleki
|
|upkeep
|c|☆Mori Jin Kato|lol
|
|t:|1654527880
|switch|p2a: Salamence|Salamence, M|100/100
|turn|5
|
|t:|1654527888
|move|p2a: Salamence|Dual Wingbeat|p1a: Yeoui
|-damage|p1a: Yeoui|0 fnt
|faint|p1a: Yeoui
|-ability|p2a: Salamence|Moxie|boost
|-boost|p2a: Salamence|atk|1
|-hitcount|p1: Yeoui|1
|
|upkeep
|c|☆Mori Jin Kato|noice
|
|t:|1654527913
|switch|p1a: Zacian|Zacian-Crowned|100/100
|-ability|p1a: Zacian|Intrepid Sword|boost
|-boost|p1a: Zacian|atk|1
|turn|6
|
|t:|1654527930
|switch|p2a: Yveltal|Yveltal|100/100
|-ability|p2a: Yveltal|Dark Aura
|move|p1a: Zacian|Play Rough|p2a: Yveltal
|-supereffective|p2a: Yveltal
|-damage|p2a: Yveltal|0 fnt
|faint|p2a: Yveltal
|
|upkeep
|
|t:|1654527939
|switch|p2a: Melmetal|Melmetal|100/100
|turn|7
|c|☆Mori Jin Kato|ohhhhh yes
|
|t:|1654527944
|move|p1a: Zacian|Sacred Sword|p2a: Melmetal
|-supereffective|p2a: Melmetal
|-damage|p2a: Melmetal|40/100
|move|p2a: Melmetal|Double Iron Bash|p1a: Zacian
|-damage|p1a: Zacian|42/100
|-damage|p1a: Zacian|0 fnt
|faint|p1a: Zacian
|-hitcount|p1: Zacian|2
|
|upkeep
|c|☆Mori Jin Kato|touuuchee
|
|t:|1654527961
|switch|p1a: Calyrex|Calyrex-Shadow|100/100
|-ability|p1a: Calyrex|As One
|-ability|p1a: Calyrex|Unnerve
|turn|8
|
|t:|1654527967
|move|p1a: Calyrex|Astral Barrage|p2a: Melmetal
|-damage|p2a: Melmetal|0 fnt
|faint|p2a: Melmetal
|-ability|p1a: Calyrex|Grim Neigh|boost
|-boost|p1a: Calyrex|spa|1
|
|upkeep
|
|t:|1654527976
|switch|p2a: Rillaboom|Rillaboom, M|100/100
|-fieldstart|move: Grassy Terrain|[from] ability: Grassy Surge|[of] p2a: Rillaboom
|turn|9
|
|t:|1654527982
|move|p1a: Calyrex|Astral Barrage|p2a: Rillaboom
|-damage|p2a: Rillaboom|29/100
|move|p2a: Rillaboom|Darkest Lariat|p1a: Calyrex
|-supereffective|p1a: Calyrex
|-damage|p1a: Calyrex|0 fnt
|faint|p1a: Calyrex
|
|-heal|p2a: Rillaboom|35/100|[from] Grassy Terrain
|upkeep
|c|☆Mori Jin Kato|niceee
|
|t:|1654527996
|switch|p1a: Gwendouwin|Regieleki|100/100
|turn|10
|c|☆Ungodlykey|TY
|c|☆Ungodlykey|I think I lose still
|c|☆Mori Jin Kato|maybee
|
|t:|1654528019
|move|p1a: Gwendouwin|Extreme Speed|p2a: Rillaboom
|-damage|p2a: Rillaboom|2/100
|move|p2a: Rillaboom|Grassy Glide|p1a: Gwendouwin
|-damage|p1a: Gwendouwin|2/100
|
|-heal|p1a: Gwendouwin|8/100|[from] Grassy Terrain
|-heal|p2a: Rillaboom|8/100|[from] Grassy Terrain
|upkeep
|turn|11
|c|☆Mori Jin Kato|use grassy
|c|☆Mori Jin Kato|glide
|c|☆Mori Jin Kato|OH DAMN
|c|☆Mori Jin Kato|I LIVE
|c|☆Mori Jin Kato|hell yes
|
|t:|1654528038
|move|p1a: Gwendouwin|Extreme Speed|p2a: Rillaboom
|-damage|p2a: Rillaboom|0 fnt
|faint|p2a: Rillaboom
|
|-heal|p1a: Gwendouwin|14/100|[from] Grassy Terrain
|upkeep
|
|t:|1654528045
|switch|p2a: Salamence|Salamence, M|100/100
|turn|12
|
|t:|1654528050
|move|p1a: Gwendouwin|Extreme Speed|p2a: Salamence
|-damage|p2a: Salamence|60/100
|move|p2a: Salamence|Outrage|p1a: Gwendouwin
|-damage|p1a: Gwendouwin|0 fnt
|faint|p1a: Gwendouwin
|-ability|p2a: Salamence|Moxie|boost
|-boost|p2a: Salamence|atk|1
|
|upkeep
|
|t:|1654528058
|switch|p1a: Seventh Owner|Ditto|100/100
|-transform|p1a: Seventh Owner|p2a: Salamence|[from] ability: Imposter
|turn|13
|c|☆Ungodlykey|Speed tie
|c|☆Mori Jin Kato|gg
|
|t:|1654528063
|move|p2a: Salamence|Outrage|p1a: Seventh Owner|[from]lockedmove
|-supereffective|p1a: Seventh Owner
|-damage|p1a: Seventh Owner|0 fnt
|faint|p1a: Seventh Owner
|-start|p2a: Salamence|confusion|[fatigue]
|
|win|Ungodlykey
|raw|Mori Jin Kato's rating: 1555 &rarr; <strong>1534</strong><br />(-21 for losing)
|raw|Ungodlykey's rating: 1546 &rarr; <strong>1567</strong><br />(+21 for winning)
|c|☆Ungodlykey|Gg
|c|☆Mori Jin Kato|for me
|c|☆Mori Jin Kato|hehe
|c|☆Mori Jin Kato|nice
|l|☆Mori Jin Kato
||Ladder isn't responding, score probably updated but might not have (Request timeout).
