|j|☆ElitetoN
|j|☆flygoner818
|t:|1664541792
|gametype|singles
|player|p1|ElitetoN|sabrina-masters|1841
|player|p2|flygoner818|richboy|1757
|teamsize|p1|6
|teamsize|p2|6
|gen|8
|tier|[Gen 8] National Dex AG
|rated|
|rule|HP Percentage Mod: HP is shown in percentages
|rule|Endless Battle Clause: Forcing endless battles is banned
|clearpoke
|poke|p1|Arceus-*|
|poke|p1|Rayquaza|
|poke|p1|Kyogre|
|poke|p1|Yveltal|
|poke|p1|Tyranitar, M|
|poke|p1|Necrozma-Dusk-Mane|
|poke|p2|Arceus-*|
|poke|p2|Arceus-*|
|poke|p2|Arceus-*|
|poke|p2|Arceus-*|
|poke|p2|Arceus-*|
|poke|p2|Arceus-*|
|teampreview
|inactive|Battle timer is ON: inactive players will automatically lose when time's up. (requested by ElitetoN)
|
|t:|1664541799
|start
|switch|p1a: Kyogre|Kyogre|100/100
|switch|p2a: Merciful|Arceus|100/100
|-weather|RainDance|[from] ability: Drizzle|[of] p1a: Kyogre
|turn|1
|
|t:|1664541802
|move|p1a: Kyogre|Water Spout|p2a: Merciful
|-damage|p2a: Merciful|8/100
|move|p2a: Merciful|Light Screen|p2a: Merciful
|-sidestart|p2: flygoner818|move: Light Screen
|
|-weather|RainDance|[upkeep]
|upkeep
|turn|2
|
|t:|1664541809
|switch|p2a: Poor in Spirit|Arceus-Flying|100/100
|move|p1a: Kyogre|Water Spout|p2a: Poor in Spirit
|-damage|p2a: Poor in Spirit|56/100
|
|-weather|RainDance|[upkeep]
|upkeep
|turn|3
|
|t:|1664541817
|switch|p1a: Tyranitar|Tyranitar, M|100/100
|-weather|Sandstorm|[from] ability: Sand Stream|[of] p1a: Tyranitar
|move|p2a: Poor in Spirit|Safeguard|p2a: Poor in Spirit
|-sidestart|p2: flygoner818|Safeguard
|
|-weather|Sandstorm|[upkeep]
|-damage|p2a: Poor in Spirit|50/100|[from] Sandstorm
|upkeep
|turn|4
|
|t:|1664541821
|switch|p2a: Merciful|Arceus|8/100
|move|p1a: Tyranitar|Stealth Rock|p2a: Merciful
|-sidestart|p2: flygoner818|move: Stealth Rock
|
|-weather|Sandstorm|[upkeep]
|-damage|p2a: Merciful|2/100|[from] Sandstorm
|upkeep
|turn|5
|
|t:|1664541826
|move|p2a: Merciful|Stealth Rock|p1a: Tyranitar
|-sidestart|p1: ElitetoN|move: Stealth Rock
|move|p1a: Tyranitar|Toxic|p2a: Merciful
|-activate|p2a: Merciful|move: Safeguard
|
|-weather|Sandstorm|[upkeep]
|-damage|p2a: Merciful|0 fnt|[from] Sandstorm
|faint|p2a: Merciful
|upkeep
|
|t:|1664541840
|switch|p2a: Pure in Heart|Arceus|100/100
|-damage|p2a: Pure in Heart|88/100|[from] Stealth Rock
|turn|6
|
|t:|1664541843
|move|p2a: Pure in Heart|Swords Dance|p2a: Pure in Heart
|-boost|p2a: Pure in Heart|atk|2
|move|p1a: Tyranitar|Toxic|p2a: Pure in Heart
|-activate|p2a: Pure in Heart|move: Safeguard
|
|-weather|Sandstorm|[upkeep]
|-damage|p2a: Pure in Heart|82/100|[from] Sandstorm
|upkeep
|turn|7
|
|t:|1664541855
|switch|p1a: Necrozma|Necrozma-Dusk-Mane|100/100
|-damage|p1a: Necrozma|94/100|[from] Stealth Rock
|move|p2a: Pure in Heart|Swords Dance|p2a: Pure in Heart
|-boost|p2a: Pure in Heart|atk|2
|
|-weather|none
|-sideend|p2: flygoner818|Safeguard
|upkeep
|turn|8
|
|t:|1664541865
|move|p2a: Pure in Heart|Earthquake|p1a: Necrozma
|-supereffective|p1a: Necrozma
|-damage|p1a: Necrozma|11/100
|move|p1a: Necrozma|Sunsteel Strike|p2a: Pure in Heart
|-damage|p2a: Pure in Heart|49/100
|
|-sideend|p2: flygoner818|move: Light Screen
|upkeep
|turn|9
|
|t:|1664541875
|move|p2a: Pure in Heart|Earthquake|p1a: Necrozma
|-supereffective|p1a: Necrozma
|-damage|p1a: Necrozma|0 fnt
|faint|p1a: Necrozma
|
|upkeep
|
|t:|1664541883
|switch|p1a: Kyogre|Kyogre|100/100
|-damage|p1a: Kyogre|88/100|[from] Stealth Rock
|-weather|RainDance|[from] ability: Drizzle|[of] p1a: Kyogre
|turn|10
|
|t:|1664541886
|move|p2a: Pure in Heart|Extreme Speed|p1a: Kyogre
|-damage|p1a: Kyogre|0 fnt
|faint|p1a: Kyogre
|
|-weather|RainDance|[upkeep]
|upkeep
|
|t:|1664541889
|switch|p1a: Rayquaza|Rayquaza|100/100
|-damage|p1a: Rayquaza|75/100|[from] Stealth Rock
|-ability|p1a: Rayquaza|Air Lock
|turn|11
|
|t:|1664541892
|detailschange|p1a: Rayquaza|Rayquaza-Mega
|-mega|p1a: Rayquaza|Rayquaza|
|-weather|DeltaStream|[from] ability: Delta Stream|[of] p1a: Rayquaza
|move|p1a: Rayquaza|Extreme Speed|p2a: Pure in Heart
|-damage|p2a: Pure in Heart|21/100
|move|p2a: Pure in Heart|Extreme Speed|p1a: Rayquaza
|-damage|p1a: Rayquaza|0 fnt
|faint|p1a: Rayquaza
|-weather|none
|
|upkeep
|
|t:|1664541897
|switch|p1a: Tyranitar|Tyranitar, M|100/100
|-damage|p1a: Tyranitar|88/100|[from] Stealth Rock
|-weather|Sandstorm|[from] ability: Sand Stream|[of] p1a: Tyranitar
|turn|12
|
|t:|1664541902
|move|p2a: Pure in Heart|Earthquake|p1a: Tyranitar
|-supereffective|p1a: Tyranitar
|-damage|p1a: Tyranitar|0 fnt
|faint|p1a: Tyranitar
|
|-weather|Sandstorm|[upkeep]
|-damage|p2a: Pure in Heart|15/100|[from] Sandstorm
|upkeep
|
|t:|1664541904
|switch|p1a: Yveltal|Yveltal, shiny|100/100
|-damage|p1a: Yveltal|76/100|[from] Stealth Rock
|-ability|p1a: Yveltal|Dark Aura
|turn|13
|
|t:|1664541912
|-start|p1a: Yveltal|Dynamax|
|-heal|p1a: Yveltal|76/100|[silent]
|move|p2a: Pure in Heart|Extreme Speed|p1a: Yveltal
|-damage|p1a: Yveltal|18/100
|move|p1a: Yveltal|Max Airstream|p2a: Pure in Heart
|-damage|p2a: Pure in Heart|0 fnt
|-boost|p1a: Yveltal|spe|1
|faint|p2a: Pure in Heart
|-damage|p1a: Yveltal|13/100|[from] item: Life Orb
|
|-weather|Sandstorm|[upkeep]
|-damage|p1a: Yveltal|10/100|[from] Sandstorm
|upkeep
|
|t:|1664541926
|switch|p2a: Those Who Mourn|Arceus|100/100
|-damage|p2a: Those Who Mourn|88/100|[from] Stealth Rock
|turn|14
|
|t:|1664541936
|move|p2a: Those Who Mourn|Extreme Speed|p1a: Yveltal
|-damage|p1a: Yveltal|0 fnt
|faint|p1a: Yveltal
|
|-weather|Sandstorm|[upkeep]
|-damage|p2a: Those Who Mourn|82/100|[from] Sandstorm
|upkeep
|-message|ElitetoN forfeited.
|
|win|flygoner818
|raw|ElitetoN's rating: 1841 &rarr; <strong>1816</strong><br />(-25 for losing)
|raw|flygoner818's rating: 1757 &rarr; <strong>1782</strong><br />(+25 for winning)
|l|☆ElitetoN
||Ladder isn't responding, score probably updated but might not have (Request timeout).
