|j|☆devil's secretary
|j|☆Log4j
|t:|1657337357
|gametype|singles
|player|p1|devil's secretary|blue-gen2|1816
|player|p2|Log4j|101|1982
|teamsize|p1|6
|teamsize|p2|6
|gen|8
|tier|[Gen 8] National Dex AG
|rated|
|rule|HP Percentage Mod: HP is shown in percentages
|rule|Endless Battle Clause: Forcing endless battles is banned
|clearpoke
|poke|p1|Smeargle, M|
|poke|p1|Ditto|
|poke|p1|Arceus-*|
|poke|p1|Zacian-*|
|poke|p1|Deoxys-Speed|
|poke|p1|Marshadow|
|poke|p2|Calyrex-Shadow|
|poke|p2|Groudon|
|poke|p2|Yveltal|
|poke|p2|Ho-Oh|
|poke|p2|Rayquaza|
|poke|p2|Arceus-*|
|teampreview
|
|t:|1657337382
|start
|switch|p1a: Deoxys|Deoxys-Speed, shiny|100/100
|switch|p2a: Ho-Oh|Ho-Oh|100/100
|-ability|p1a: Deoxys|Pressure
|turn|1
|
|t:|1657337390
|move|p1a: Deoxys|Stealth Rock|p2a: Ho-Oh
|-sidestart|p2: Log4j|move: Stealth Rock
|move|p2a: Ho-Oh|Sacred Fire|p1a: Deoxys
|-damage|p1a: Deoxys|31/100
|
|upkeep
|turn|2
|j| tonyrick
|
|t:|1657337400
|move|p1a: Deoxys|Taunt|p2a: Ho-Oh
|-start|p2a: Ho-Oh|move: Taunt
|cant|p2a: Ho-Oh|move: Taunt|Toxic
|
|upkeep
|turn|3
|
|t:|1657337405
|move|p1a: Deoxys|Knock Off|p2a: Ho-Oh
|-damage|p2a: Ho-Oh|84/100
|-enditem|p2a: Ho-Oh|Heavy-Duty Boots|[from] move: Knock Off|[of] p1a: Deoxys
|move|p2a: Ho-Oh|Sacred Fire|p1a: Deoxys
|-damage|p1a: Deoxys|0 fnt
|faint|p1a: Deoxys
|
|upkeep
|
|t:|1657337410
|switch|p1a: Arceus|Arceus|100/100
|turn|4
|
|t:|1657337417
|move|p1a: Arceus|Stone Edge|p2a: Ho-Oh
|-supereffective|p2a: Ho-Oh
|-damage|p2a: Ho-Oh|0 fnt
|faint|p2a: Ho-Oh
|
|upkeep
|
|t:|1657337421
|switch|p2a: Groudon|Groudon|100/100
|-damage|p2a: Groudon|94/100|[from] Stealth Rock
|detailschange|p2a: Groudon|Groudon-Primal
|-primal|p2a: Groudon
|-weather|DesolateLand|[from] ability: Desolate Land|[of] p2a: Groudon
|turn|5
|
|t:|1657337425
|switch|p1a: Smeargle|Smeargle, M|100/100
|move|p2a: Groudon|Stealth Rock|p1a: Smeargle
|-sidestart|p1: devil's secretary|move: Stealth Rock
|
|-weather|DesolateLand|[upkeep]
|-ability|p1a: Smeargle|Moody|boost
|-boost|p1a: Smeargle|def|2
|-unboost|p1a: Smeargle|spa|1
|upkeep
|turn|6
|
|t:|1657337429
|move|p1a: Smeargle|Spore|p2a: Groudon
|-status|p2a: Groudon|slp|[from] move: Spore
|cant|p2a: Groudon|slp
|
|-weather|DesolateLand|[upkeep]
|-ability|p1a: Smeargle|Moody|boost
|-boost|p1a: Smeargle|spa|2
|-unboost|p1a: Smeargle|spe|1
|upkeep
|turn|7
|
|t:|1657337433
|-curestatus|p2a: Groudon|slp|[msg]
|move|p2a: Groudon|Earthquake|p1a: Smeargle
|-damage|p1a: Smeargle|27/100
|move|p1a: Smeargle|Shell Smash|p1a: Smeargle
|-unboost|p1a: Smeargle|def|1
|-unboost|p1a: Smeargle|spd|1
|-boost|p1a: Smeargle|atk|2
|-boost|p1a: Smeargle|spa|2
|-boost|p1a: Smeargle|spe|2
|
|-weather|DesolateLand|[upkeep]
|-ability|p1a: Smeargle|Moody|boost
|-boost|p1a: Smeargle|spd|2
|-unboost|p1a: Smeargle|atk|1
|upkeep
|turn|8
|
|t:|1657337441
|move|p1a: Smeargle|Spore|p2a: Groudon
|-status|p2a: Groudon|slp|[from] move: Spore
|cant|p2a: Groudon|slp
|
|-weather|DesolateLand|[upkeep]
|-ability|p1a: Smeargle|Moody|boost
|-boost|p1a: Smeargle|spa|2
|-unboost|p1a: Smeargle|def|1
|upkeep
|turn|9
|
|t:|1657337445
|-weather|none
|switch|p2a: Rayquaza|Rayquaza|100/100
|-damage|p2a: Rayquaza|75/100|[from] Stealth Rock
|-ability|p2a: Rayquaza|Air Lock
|move|p1a: Smeargle|Substitute|p1a: Smeargle
|-start|p1a: Smeargle|Substitute
|-damage|p1a: Smeargle|2/100
|
|-ability|p1a: Smeargle|Moody|boost
|-boost|p1a: Smeargle|spe|2
|-unboost|p1a: Smeargle|def|1
|upkeep
|turn|10
|
|t:|1657337454
|switch|p2a: Groudon|Groudon-Primal|94/100 slp
|-damage|p2a: Groudon|82/100 slp|[from] Stealth Rock
|-weather|DesolateLand|[from] ability: Desolate Land|[of] p2a: Groudon
|move|p1a: Smeargle|Spore|p2a: Groudon
|-fail|p2a: Groudon|slp
|
|-weather|DesolateLand|[upkeep]
|-ability|p1a: Smeargle|Moody|boost
|-boost|p1a: Smeargle|atk|2
|-unboost|p1a: Smeargle|spe|1
|upkeep
|turn|11
|j| Jonyko_W
|
|t:|1657337459
|move|p1a: Smeargle|Baton Pass|p1a: Smeargle
|
|t:|1657337466
|switch|p1a: Arceus|Arceus|100/100|[from]move: Baton Pass
|-damage|p1a: Arceus|88/100|[from] Stealth Rock
|cant|p2a: Groudon|slp
|
|-weather|DesolateLand|[upkeep]
|upkeep
|turn|12
|
|t:|1657337474
|move|p1a: Arceus|Earthquake|p2a: Groudon
|-supereffective|p2a: Groudon
|-damage|p2a: Groudon|0 fnt
|faint|p2a: Groudon
|-weather|none
|
|upkeep
|
|t:|1657337491
|switch|p2a: Arceus|Arceus-Fairy|100/100
|-damage|p2a: Arceus|88/100|[from] Stealth Rock
|turn|13
|
|t:|1657337505
|-start|p2a: Arceus|Dynamax|
|-heal|p2a: Arceus|88/100|[silent]
|move|p1a: Arceus|Extreme Speed|p2a: Arceus
|-damage|p2a: Arceus|52/100
|move|p2a: Arceus|Max Starfall|p1a: Arceus
|-end|p1a: Arceus|Substitute
|-fieldstart|move: Misty Terrain
|
|upkeep
|turn|14
|
|t:|1657337518
|-start|p1a: Arceus|Dynamax|
|-heal|p1a: Arceus|88/100|[silent]
|move|p1a: Arceus|Max Strike|p2a: Arceus
|-damage|p2a: Arceus|0 fnt
|faint|p2a: Arceus
|
|upkeep
|-message|Log4j forfeited.
|
|win|devil's secretary
|raw|devil&apos;s secretary's rating: 1816 &rarr; <strong>1845</strong><br />(+29 for winning)
|raw|Log4j's rating: 1982 &rarr; <strong>1953</strong><br />(-29 for losing)
|l|☆Log4j
|l| tonyrick
|l| Jonyko_W
||Ladder isn't responding, score probably updated but might not have (Request timeout).
