|j|☆moyv123
|j|☆MiguelRRM
|t:|1668445383
|gametype|singles
|player|p1|moyv123|169|1811
|player|p2|MiguelRRM|lucas|1851
|teamsize|p1|6
|teamsize|p2|6
|gen|8
|tier|[Gen 8] National Dex AG
|rated|
|rule|HP Percentage Mod: HP is shown in percentages
|rule|Endless Battle Clause: Forcing endless battles is banned
|clearpoke
|poke|p1|Zacian-*|
|poke|p1|Kyogre|
|poke|p1|Rayquaza|
|poke|p1|Marshadow|
|poke|p1|Ditto|
|poke|p1|Arceus-*|
|poke|p2|Yveltal|
|poke|p2|Ho-Oh|
|poke|p2|Rayquaza|
|poke|p2|Necrozma-Dusk-Mane|
|poke|p2|Calyrex-Shadow|
|poke|p2|Smeargle, F|
|teampreview
|
|t:|1668445391
|start
|switch|p1a: Arceus|Arceus-Electric|100/100
|switch|p2a: Necrozma|Necrozma-Dusk-Mane, shiny|100/100
|turn|1
|
|t:|1668445398
|switch|p2a: Smeargle|Smeargle, F|100/100
|move|p1a: Arceus|Stealth Rock|p2a: Smeargle
|-sidestart|p2: MiguelRRM|move: Stealth Rock
|
|upkeep
|turn|2
|
|t:|1668445407
|-start|p1a: Arceus|Dynamax|
|-heal|p1a: Arceus|100/100|[silent]
|move|p1a: Arceus|Max Lightning|p2a: Smeargle
|-enditem|p2a: Smeargle|Focus Sash
|-damage|p2a: Smeargle|1/100
|-fieldstart|move: Electric Terrain
|move|p2a: Smeargle|Rapid Spin|p1a: Arceus
|-damage|p1a: Arceus|99/100
|-boost|p2a: Smeargle|spe|1
|-sideend|p2: MiguelRRM|Stealth Rock|[from] move: Rapid Spin|[of] p2a: Smeargle
|
|upkeep
|turn|3
|
|t:|1668445422
|move|p2a: Smeargle|Sticky Web|p1a: Arceus
|-sidestart|p1: moyv123|move: Sticky Web
|move|p1a: Arceus|Max Hailstorm|p2a: Smeargle
|-damage|p2a: Smeargle|0 fnt
|-weather|Hail
|faint|p2a: Smeargle
|
|-weather|Hail|[upkeep]
|-damage|p1a: Arceus|96/100|[from] Hail
|upkeep
|
|t:|1668445427
|switch|p2a: Rayquaza|Rayquaza|100/100
|-ability|p2a: Rayquaza|Air Lock
|turn|4
|
|t:|1668445436
|detailschange|p2a: Rayquaza|Rayquaza-Mega
|-mega|p2a: Rayquaza|Rayquaza|
|-weather|DeltaStream|[from] ability: Delta Stream|[of] p2a: Rayquaza
|move|p1a: Arceus|Max Hailstorm|p2a: Rayquaza
|-activate||deltastream
|-supereffective|p2a: Rayquaza
|-damage|p2a: Rayquaza|22/100
|move|p2a: Rayquaza|Draco Meteor|p1a: Arceus
|-damage|p1a: Arceus|64/100
|-unboost|p2a: Rayquaza|spa|2
|-damage|p2a: Rayquaza|12/100|[from] item: Life Orb
|
|-weather|DeltaStream|[upkeep]
|upkeep
|-end|p1a: Arceus|Dynamax
|-heal|p1a: Arceus|64/100|[silent]
|turn|5
|
|t:|1668445452
|move|p1a: Arceus|Stealth Rock|p2a: Rayquaza
|-sidestart|p2: MiguelRRM|move: Stealth Rock
|move|p2a: Rayquaza|V-create|p1a: Arceus
|-damage|p1a: Arceus|0 fnt
|-unboost|p2a: Rayquaza|spe|1
|-unboost|p2a: Rayquaza|def|1
|-unboost|p2a: Rayquaza|spd|1
|faint|p1a: Arceus
|-damage|p2a: Rayquaza|2/100|[from] item: Life Orb
|
|-weather|DeltaStream|[upkeep]
|upkeep
|j| KIRBY OF DA STARS
|
|t:|1668445465
|switch|p1a: Marshadow|Marshadow|100/100
|-activate|p1a: Marshadow|move: Sticky Web
|-unboost|p1a: Marshadow|spe|1
|turn|6
|
|t:|1668445470
|move|p1a: Marshadow|Shadow Sneak|p2a: Rayquaza
|-damage|p2a: Rayquaza|0 fnt
|faint|p2a: Rayquaza
|-weather|none
|-damage|p1a: Marshadow|91/100|[from] item: Life Orb
|
|-fieldend|move: Electric Terrain
|upkeep
|
|t:|1668445474
|switch|p2a: Necrozma|Necrozma-Dusk-Mane, shiny|100/100
|-damage|p2a: Necrozma|94/100|[from] Stealth Rock
|turn|7
|
|t:|1668445485
|switch|p1a: Kyogre|Kyogre|100/100
|-activate|p1a: Kyogre|move: Sticky Web
|-unboost|p1a: Kyogre|spe|1
|detailschange|p1a: Kyogre|Kyogre-Primal
|-primal|p1a: Kyogre
|-weather|PrimordialSea|[from] ability: Primordial Sea|[of] p1a: Kyogre
|move|p2a: Necrozma|Thunder Wave|p1a: Kyogre|[miss]
|-miss|p2a: Necrozma|p1a: Kyogre
|
|-weather|PrimordialSea|[upkeep]
|upkeep
|turn|8
|
|t:|1668445500
|move|p1a: Kyogre|Water Spout|p2a: Necrozma
|-damage|p2a: Necrozma|0 fnt
|faint|p2a: Necrozma
|
|-weather|PrimordialSea|[upkeep]
|upkeep
|-message|MiguelRRM forfeited.
|
|win|moyv123
|raw|moyv123's rating: 1811 &rarr; <strong>1833</strong><br />(+22 for winning)
|raw|MiguelRRM's rating: 1851 &rarr; <strong>1829</strong><br />(-22 for losing)
|l|☆MiguelRRM
