|j|‽Tahz
|j|☆niun
|t:|1664711019
|gametype|singles
|player|p1|Tahz|veteran|1647
|player|p2|niun|gentleman-gen4dp|1747
|teamsize|p1|6
|teamsize|p2|6
|gen|8
|tier|[Gen 8] National Dex AG
|rated|
|rule|HP Percentage Mod: HP is shown in percentages
|rule|Endless Battle Clause: Forcing endless battles is banned
|clearpoke
|poke|p1|Arceus-*|
|poke|p1|Marshadow|
|poke|p1|Necrozma-Dusk-Mane|
|poke|p1|Arceus-*|
|poke|p1|Ditto|
|poke|p1|Yveltal|
|poke|p2|Zygarde|
|poke|p2|Kyurem-White|
|poke|p2|Ho-Oh|
|poke|p2|Zacian-*|
|poke|p2|Necrozma-Dusk-Mane|
|poke|p2|Arceus-*|
|teampreview
|inactive|Battle timer is ON: inactive players will automatically lose when time's up. (requested by Tahz)
|inactive|niun also wants the timer to be on.
|
|t:|1664711028
|start
|switch|p1a: Arceus|Arceus-Ground|100/100
|switch|p2a: Kyurem|Kyurem-White|100/100
|-ability|p2a: Kyurem|Turboblaze
|turn|1
|
|t:|1664711037
|move|p2a: Kyurem|Ice Beam|p1a: Arceus
|-supereffective|p1a: Arceus
|-damage|p1a: Arceus|0 fnt
|faint|p1a: Arceus
|
|upkeep
|
|t:|1664711041
|switch|p1a: Necrozma|Necrozma-Dusk-Mane|100/100
|turn|2
|
|t:|1664711044
|switch|p2a: Zygarde|Zygarde|100/100
|move|p1a: Necrozma|Dragon Dance|p1a: Necrozma
|-boost|p1a: Necrozma|atk|1
|-boost|p1a: Necrozma|spe|1
|
|upkeep
|turn|3
|
|t:|1664711050
|detailschange|p1a: Necrozma|Necrozma-Ultra
|-burst|p1a: Necrozma|Necrozma|Ultranecrozium Z
|move|p1a: Necrozma|Photon Geyser|p2a: Zygarde
|-damage|p2a: Zygarde|29/100
|move|p2a: Zygarde|Glare|p1a: Necrozma
|-status|p1a: Necrozma|par
|
|-heal|p2a: Zygarde|35/100|[from] item: Leftovers
|-activate|p2a: Zygarde|ability: Power Construct
|detailschange|p2a: Zygarde|Zygarde-Complete
|-heal|p2a: Zygarde|58/100|[silent]
|upkeep
|turn|4
|
|t:|1664711070
|switch|p2a: Zacian|Zacian-Crowned|100/100
|-ability|p2a: Zacian|Intrepid Sword|boost
|-boost|p2a: Zacian|atk|1
|-zpower|p1a: Necrozma
|move|p1a: Necrozma|Light That Burns the Sky|p2a: Zacian|[zeffect]
|-resisted|p2a: Zacian
|-damage|p2a: Zacian|16/100
|
|upkeep
|turn|5
|
|t:|1664711079
|move|p2a: Zacian|Play Rough|p1a: Necrozma
|-supereffective|p1a: Necrozma
|-damage|p1a: Necrozma|0 fnt
|faint|p1a: Necrozma
|
|upkeep
|
|t:|1664711085
|switch|p1a: Ditto|Ditto|100/100
|-transform|p1a: Ditto|p2a: Zacian|[from] ability: Imposter
|-ability|p1a: Ditto|Intrepid Sword|boost
|-boost|p1a: Ditto|atk|1
|turn|6
|
|t:|1664711094
|switch|p2a: Ho-Oh|Ho-Oh|100/100
|move|p1a: Ditto|Close Combat|p2a: Ho-Oh
|-resisted|p2a: Ho-Oh
|-damage|p2a: Ho-Oh|53/100
|-unboost|p1a: Ditto|def|1
|-unboost|p1a: Ditto|spd|1
|
|upkeep
|turn|7
|
|t:|1664711102
|switch|p1a: Arceus|Arceus-Electric|100/100
|move|p2a: Ho-Oh|Sacred Fire|p1a: Arceus
|-damage|p1a: Arceus|68/100
|-status|p1a: Arceus|brn
|
|-damage|p1a: Arceus|62/100 brn|[from] brn
|upkeep
|turn|8
|
|t:|1664711113
|switch|p2a: Arceus|Arceus-Dark|100/100
|move|p1a: Arceus|Calm Mind|p1a: Arceus
|-boost|p1a: Arceus|spa|1
|-boost|p1a: Arceus|spd|1
|
|-damage|p1a: Arceus|56/100 brn|[from] brn
|upkeep
|turn|9
|
|t:|1664711120
|move|p1a: Arceus|Recover|p1a: Arceus
|-heal|p1a: Arceus|100/100 brn
|move|p2a: Arceus|Snarl|p1a: Arceus
|-damage|p1a: Arceus|86/100 brn
|-unboost|p1a: Arceus|spa|1
|
|-damage|p1a: Arceus|80/100 brn|[from] brn
|upkeep
|turn|10
|
|t:|1664711127
|move|p1a: Arceus|Calm Mind|p1a: Arceus
|-boost|p1a: Arceus|spa|1
|-boost|p1a: Arceus|spd|1
|move|p2a: Arceus|Snarl|p1a: Arceus
|-damage|p1a: Arceus|69/100 brn
|-unboost|p1a: Arceus|spa|1
|
|-damage|p1a: Arceus|63/100 brn|[from] brn
|upkeep
|turn|11
|
|t:|1664711135
|move|p1a: Arceus|Judgment|p2a: Arceus
|-damage|p2a: Arceus|70/100
|move|p2a: Arceus|Snarl|p1a: Arceus
|-damage|p1a: Arceus|53/100 brn
|-unboost|p1a: Arceus|spa|1
|
|-damage|p1a: Arceus|47/100 brn|[from] brn
|upkeep
|turn|12
|
|t:|1664711143
|switch|p1a: Marshadow|Marshadow|100/100
|move|p2a: Arceus|Snarl|p1a: Marshadow
|-damage|p1a: Marshadow|72/100
|-unboost|p1a: Marshadow|spa|1
|
|upkeep
|turn|13
|
|t:|1664711150
|switch|p2a: Zygarde|Zygarde-Complete|58/100
|move|p1a: Marshadow|Close Combat|p2a: Zygarde
|-damage|p2a: Zygarde|22/100
|-unboost|p1a: Marshadow|def|1
|-unboost|p1a: Marshadow|spd|1
|-damage|p1a: Marshadow|62/100|[from] item: Life Orb
|
|-heal|p2a: Zygarde|28/100|[from] item: Leftovers
|upkeep
|turn|14
|
|t:|1664711166
|move|p1a: Marshadow|Rock Tomb|p2a: Zygarde
|-resisted|p2a: Zygarde
|-damage|p2a: Zygarde|19/100
|-unboost|p2a: Zygarde|spe|1
|-damage|p1a: Marshadow|52/100|[from] item: Life Orb
|move|p2a: Zygarde|Thousand Arrows|p1a: Marshadow
|-damage|p1a: Marshadow|0 fnt
|faint|p1a: Marshadow
|
|-heal|p2a: Zygarde|26/100|[from] item: Leftovers
|upkeep
|
|t:|1664711172
|switch|p1a: Arceus|Arceus-Electric|47/100 brn
|turn|15
|
|t:|1664711178
|move|p1a: Arceus|Ice Beam|p2a: Zygarde
|-supereffective|p2a: Zygarde
|-damage|p2a: Zygarde|0 fnt
|faint|p2a: Zygarde
|
|-damage|p1a: Arceus|41/100 brn|[from] brn
|upkeep
|
|t:|1664711184
|switch|p2a: Zacian|Zacian-Crowned|16/100
|-ability|p2a: Zacian|Intrepid Sword|boost
|-boost|p2a: Zacian|atk|1
|turn|16
|
|t:|1664711189
|move|p1a: Arceus|Judgment|p2a: Zacian
|-damage|p2a: Zacian|0 fnt
|faint|p2a: Zacian
|
|-damage|p1a: Arceus|35/100 brn|[from] brn
|upkeep
|
|t:|1664711210
|switch|p2a: Kyurem|Kyurem-White|100/100
|-ability|p2a: Kyurem|Turboblaze
|turn|17
|
|t:|1664711218
|move|p1a: Arceus|Judgment|p2a: Kyurem
|-resisted|p2a: Kyurem
|-damage|p2a: Kyurem|74/100
|move|p2a: Kyurem|Ice Beam|p1a: Arceus
|-damage|p1a: Arceus|0 fnt
|faint|p1a: Arceus
|
|upkeep
|
|t:|1664711231
|switch|p1a: Yveltal|Yveltal|100/100
|-ability|p1a: Yveltal|Dark Aura
|turn|18
|
|t:|1664711237
|-start|p1a: Yveltal|Dynamax|
|-heal|p1a: Yveltal|100/100|[silent]
|move|p2a: Kyurem|Ice Beam|p1a: Yveltal
|-supereffective|p1a: Yveltal
|-damage|p1a: Yveltal|9/100
|move|p1a: Yveltal|Max Airstream|p2a: Kyurem
|-damage|p2a: Kyurem|0 fnt
|-boost|p1a: Yveltal|spe|1
|faint|p2a: Kyurem
|-damage|p1a: Yveltal|4/100|[from] item: Life Orb
|
|upkeep
|
|t:|1664711253
|switch|p2a: Arceus|Arceus-Dark|70/100
|turn|19
|
|t:|1664711259
|move|p1a: Yveltal|Max Darkness|p2a: Arceus
|-resisted|p2a: Arceus
|-damage|p2a: Arceus|38/100
|-unboost|p2a: Arceus|spd|1
|-damage|p1a: Yveltal|0 fnt|[from] item: Life Orb
|faint|p1a: Yveltal
|move|p2a: Arceus|Recover|p2a: Arceus
|-heal|p2a: Arceus|88/100
|
|upkeep
|
|t:|1664711263
|switch|p1a: Ditto|Ditto|100/100
|-transform|p1a: Ditto|p2a: Arceus|[from] ability: Imposter
|turn|20
|
|t:|1664711273
|move|p1a: Ditto|Snarl|p2a: Arceus
|-resisted|p2a: Arceus
|-damage|p2a: Arceus|80/100
|-unboost|p2a: Arceus|spa|1
|move|p2a: Arceus|Perish Song|p2a: Arceus
|-start|p1a: Ditto|perish3|[silent]
|-start|p2a: Arceus|perish3|[silent]
|-fieldactivate|move: Perish Song
|
|-start|p1a: Ditto|perish3
|-start|p2a: Arceus|perish3
|upkeep
|turn|21
|
|t:|1664711282
|switch|p2a: Ho-Oh|Ho-Oh|86/100
|move|p1a: Ditto|Snarl|p2a: Ho-Oh
|-damage|p2a: Ho-Oh|77/100
|-unboost|p2a: Ho-Oh|spa|1
|
|-start|p1a: Ditto|perish2
|upkeep
|turn|22
|
|t:|1664711289
|move|p1a: Ditto|Snarl|p2a: Ho-Oh
|-damage|p2a: Ho-Oh|68/100
|-unboost|p2a: Ho-Oh|spa|1
|move|p2a: Ho-Oh|Sacred Fire|p1a: Ditto
|-damage|p1a: Ditto|55/100
|-status|p1a: Ditto|brn
|
|-damage|p1a: Ditto|49/100 brn|[from] brn
|-start|p1a: Ditto|perish1
|upkeep
|turn|23
|
|t:|1664711299
|move|p1a: Ditto|Snarl|p2a: Ho-Oh|[miss]
|-miss|p1a: Ditto|p2a: Ho-Oh
|move|p2a: Ho-Oh|Sacred Fire|p1a: Ditto
|-damage|p1a: Ditto|3/100 brn
|
|-damage|p1a: Ditto|0 fnt|[from] brn
|faint|p1a: Ditto
|
|win|niun
|upkeep
|raw|Tahz's rating: 1647 &rarr; <strong>1633</strong><br />(-14 for losing)
|raw|niun's rating: 1747 &rarr; <strong>1761</strong><br />(+14 for winning)
|l|☆niun
