|j|☆Eby Sobak
|j|☆rowletroost
|t:|1626636071
|gametype|singles
|player|p1|Eby Sobak|unknownf|1630
|player|p2|rowletroost|viola|1732
|teamsize|p1|6
|teamsize|p2|6
|gen|8
|tier|[Gen 8] National Dex AG
|rated|
|rule|HP Percentage Mod: HP is shown in percentages
|rule|Endless Battle Clause: Forcing endless battles is banned
|clearpoke
|poke|p1|Ditto|
|poke|p1|Lugia|
|poke|p1|Necrozma-Dusk-Mane|
|poke|p1|Quagsire, F|
|poke|p1|Chansey, F|
|poke|p1|Calyrex-Shadow|
|poke|p2|Arceus-*|
|poke|p2|Xerneas-*|
|poke|p2|Kyogre|
|poke|p2|Marshadow|
|poke|p2|Ribombee, M|
|poke|p2|Vivillon-Savanna, M|
|teampreview
|inactive|Battle timer is ON: inactive players will automatically lose when time's up. (requested by rowletroost)
|inactive|Eby Sobak also wants the timer to be on.
|c|☆rowletroost|r
|
|t:|1626636082
|start
|switch|p1a: Necrozma|Necrozma-Dusk-Mane|100/100
|switch|p2a: Vivillon|Vivillon-Savanna, M|100/100
|turn|1
|
|t:|1626636086
|move|p2a: Vivillon|Sleep Powder|p1a: Necrozma
|-status|p1a: Necrozma|slp|[from] move: Sleep Powder
|cant|p1a: Necrozma|slp
|
|upkeep
|turn|2
|
|t:|1626636089
|move|p2a: Vivillon|Substitute|p2a: Vivillon
|-start|p2a: Vivillon|Substitute
|-damage|p2a: Vivillon|76/100
|cant|p1a: Necrozma|slp
|
|-heal|p2a: Vivillon|82/100|[from] item: Leftovers
|upkeep
|turn|3
|
|t:|1626636092
|move|p2a: Vivillon|Quiver Dance|p2a: Vivillon
|-boost|p2a: Vivillon|spa|1
|-boost|p2a: Vivillon|spd|1
|-boost|p2a: Vivillon|spe|1
|cant|p1a: Necrozma|slp
|
|-heal|p2a: Vivillon|88/100|[from] item: Leftovers
|upkeep
|turn|4
|
|t:|1626636094
|move|p2a: Vivillon|Quiver Dance|p2a: Vivillon
|-boost|p2a: Vivillon|spa|1
|-boost|p2a: Vivillon|spd|1
|-boost|p2a: Vivillon|spe|1
|-curestatus|p1a: Necrozma|slp|[msg]
|move|p1a: Necrozma|Stealth Rock|p2a: Vivillon
|-sidestart|p2: rowletroost|move: Stealth Rock
|
|-heal|p2a: Vivillon|94/100|[from] item: Leftovers
|upkeep
|turn|5
|
|t:|1626636101
|move|p2a: Vivillon|Sleep Powder|p1a: Necrozma
|-status|p1a: Necrozma|slp|[from] move: Sleep Powder
|cant|p1a: Necrozma|slp
|
|-heal|p2a: Vivillon|99/100|[from] item: Leftovers
|upkeep
|turn|6
|
|t:|1626636103
|move|p2a: Vivillon|Quiver Dance|p2a: Vivillon
|-boost|p2a: Vivillon|spa|1
|-boost|p2a: Vivillon|spd|1
|-boost|p2a: Vivillon|spe|1
|-curestatus|p1a: Necrozma|slp|[msg]
|move|p1a: Necrozma|Sunsteel Strike|p2a: Vivillon
|-end|p2a: Vivillon|Substitute
|
|-heal|p2a: Vivillon|100/100|[from] item: Leftovers
|upkeep
|turn|7
|
|t:|1626636111
|move|p2a: Vivillon|Sleep Powder|p1a: Necrozma
|-status|p1a: Necrozma|slp|[from] move: Sleep Powder
|cant|p1a: Necrozma|slp
|
|upkeep
|turn|8
|
|t:|1626636118
|move|p2a: Vivillon|Substitute|p2a: Vivillon
|-start|p2a: Vivillon|Substitute
|-damage|p2a: Vivillon|76/100
|cant|p1a: Necrozma|slp
|
|-heal|p2a: Vivillon|82/100|[from] item: Leftovers
|upkeep
|turn|9
|
|t:|1626636120
|move|p2a: Vivillon|Quiver Dance|p2a: Vivillon
|-boost|p2a: Vivillon|spa|1
|-boost|p2a: Vivillon|spd|1
|-boost|p2a: Vivillon|spe|1
|-curestatus|p1a: Necrozma|slp|[msg]
|move|p1a: Necrozma|Sunsteel Strike|p2a: Vivillon
|-end|p2a: Vivillon|Substitute
|
|-heal|p2a: Vivillon|88/100|[from] item: Leftovers
|upkeep
|turn|10
|
|t:|1626636123
|move|p2a: Vivillon|Sleep Powder|p1a: Necrozma
|-status|p1a: Necrozma|slp|[from] move: Sleep Powder
|cant|p1a: Necrozma|slp
|
|-heal|p2a: Vivillon|94/100|[from] item: Leftovers
|upkeep
|turn|11
|
|t:|1626636125
|move|p2a: Vivillon|Substitute|p2a: Vivillon
|-start|p2a: Vivillon|Substitute
|-damage|p2a: Vivillon|69/100
|-curestatus|p1a: Necrozma|slp|[msg]
|move|p1a: Necrozma|Sunsteel Strike|p2a: Vivillon
|-end|p2a: Vivillon|Substitute
|
|-heal|p2a: Vivillon|75/100|[from] item: Leftovers
|upkeep
|turn|12
|
|t:|1626636128
|move|p2a: Vivillon|Sleep Powder|p1a: Necrozma
|-status|p1a: Necrozma|slp|[from] move: Sleep Powder
|cant|p1a: Necrozma|slp
|
|-heal|p2a: Vivillon|81/100|[from] item: Leftovers
|upkeep
|turn|13
|
|t:|1626636130
|move|p2a: Vivillon|Substitute|p2a: Vivillon
|-start|p2a: Vivillon|Substitute
|-damage|p2a: Vivillon|56/100
|cant|p1a: Necrozma|slp
|
|-heal|p2a: Vivillon|62/100|[from] item: Leftovers
|upkeep
|turn|14
|
|t:|1626636132
|move|p2a: Vivillon|Quiver Dance|p2a: Vivillon
|-boost|p2a: Vivillon|spa|1
|-boost|p2a: Vivillon|spd|1
|-boost|p2a: Vivillon|spe|1
|cant|p1a: Necrozma|slp
|
|-heal|p2a: Vivillon|68/100|[from] item: Leftovers
|upkeep
|turn|15
|
|t:|1626636134
|move|p2a: Vivillon|Quiver Dance|p2a: Vivillon
|-boost|p2a: Vivillon|spa|1
|-boost|p2a: Vivillon|spd|1
|-boost|p2a: Vivillon|spe|1
|-curestatus|p1a: Necrozma|slp|[msg]
|move|p1a: Necrozma|Sunsteel Strike|p2a: Vivillon
|-end|p2a: Vivillon|Substitute
|
|-heal|p2a: Vivillon|74/100|[from] item: Leftovers
|upkeep
|turn|16
|
|t:|1626636138
|move|p2a: Vivillon|Sleep Powder|p1a: Necrozma
|-status|p1a: Necrozma|slp|[from] move: Sleep Powder
|cant|p1a: Necrozma|slp
|
|-heal|p2a: Vivillon|80/100|[from] item: Leftovers
|upkeep
|turn|17
|
|t:|1626636140
|move|p2a: Vivillon|Substitute|p2a: Vivillon
|-start|p2a: Vivillon|Substitute
|-damage|p2a: Vivillon|55/100
|cant|p1a: Necrozma|slp
|
|-heal|p2a: Vivillon|61/100|[from] item: Leftovers
|upkeep
|turn|18
|
|t:|1626636142
|move|p2a: Vivillon|Hurricane|p1a: Necrozma
|-resisted|p1a: Necrozma
|-damage|p1a: Necrozma|29/100 slp
|-curestatus|p1a: Necrozma|slp|[msg]
|move|p1a: Necrozma|Sunsteel Strike|p2a: Vivillon
|-end|p2a: Vivillon|Substitute
|
|-heal|p2a: Vivillon|67/100|[from] item: Leftovers
|upkeep
|turn|19
|
|t:|1626636148
|move|p2a: Vivillon|Sleep Powder|p1a: Necrozma
|-status|p1a: Necrozma|slp|[from] move: Sleep Powder
|cant|p1a: Necrozma|slp
|
|-heal|p2a: Vivillon|73/100|[from] item: Leftovers
|upkeep
|turn|20
|
|t:|1626636150
|move|p2a: Vivillon|Substitute|p2a: Vivillon
|-start|p2a: Vivillon|Substitute
|-damage|p2a: Vivillon|48/100
|-curestatus|p1a: Necrozma|slp|[msg]
|move|p1a: Necrozma|Sunsteel Strike|p2a: Vivillon
|-end|p2a: Vivillon|Substitute
|
|-heal|p2a: Vivillon|54/100|[from] item: Leftovers
|upkeep
|turn|21
|
|t:|1626636153
|move|p2a: Vivillon|Sleep Powder|p1a: Necrozma
|-status|p1a: Necrozma|slp|[from] move: Sleep Powder
|cant|p1a: Necrozma|slp
|
|-heal|p2a: Vivillon|60/100|[from] item: Leftovers
|upkeep
|turn|22
|
|t:|1626636156
|move|p2a: Vivillon|Substitute|p2a: Vivillon
|-start|p2a: Vivillon|Substitute
|-damage|p2a: Vivillon|35/100
|cant|p1a: Necrozma|slp
|
|-heal|p2a: Vivillon|41/100|[from] item: Leftovers
|upkeep
|turn|23
|
|t:|1626636159
|move|p2a: Vivillon|Hurricane|p1a: Necrozma
|-resisted|p1a: Necrozma
|-damage|p1a: Necrozma|0 fnt
|faint|p1a: Necrozma
|
|-heal|p2a: Vivillon|47/100|[from] item: Leftovers
|upkeep
|
|t:|1626636167
|switch|p1a: Lugia|Lugia|100/100
|turn|24
|
|t:|1626636170
|move|p2a: Vivillon|Sleep Powder|p1a: Lugia
|-status|p1a: Lugia|slp|[from] move: Sleep Powder
|cant|p1a: Lugia|slp
|
|-heal|p2a: Vivillon|53/100|[from] item: Leftovers
|upkeep
|turn|25
|
|t:|1626636172
|move|p2a: Vivillon|Hurricane|p1a: Lugia
|-damage|p1a: Lugia|57/100 slp
|-curestatus|p1a: Lugia|slp|[msg]
|move|p1a: Lugia|Ice Beam|p2a: Vivillon
|-supereffective|p2a: Vivillon
|-activate|p2a: Vivillon|move: Substitute|[damage]
|
|-heal|p2a: Vivillon|59/100|[from] item: Leftovers
|-heal|p1a: Lugia|63/100|[from] item: Leftovers
|upkeep
|turn|26
|
|t:|1626636179
|move|p2a: Vivillon|Sleep Powder|p1a: Lugia
|-status|p1a: Lugia|slp|[from] move: Sleep Powder
|cant|p1a: Lugia|slp
|
|-heal|p2a: Vivillon|65/100|[from] item: Leftovers
|-heal|p1a: Lugia|69/100 slp|[from] item: Leftovers
|upkeep
|turn|27
|
|t:|1626636181
|move|p2a: Vivillon|Hurricane|p1a: Lugia
|-damage|p1a: Lugia|0 fnt
|faint|p1a: Lugia
|
|-heal|p2a: Vivillon|71/100|[from] item: Leftovers
|upkeep
|
|t:|1626636188
|switch|p1a: Chansey|Chansey, F|100/100
|turn|28
|
|t:|1626636191
|move|p2a: Vivillon|Sleep Powder|p1a: Chansey
|-status|p1a: Chansey|slp|[from] move: Sleep Powder
|cant|p1a: Chansey|slp
|
|-heal|p2a: Vivillon|77/100|[from] item: Leftovers
|upkeep
|turn|29
|
|t:|1626636193
|move|p2a: Vivillon|Hurricane|p1a: Chansey
|-damage|p1a: Chansey|35/100 slp
|-start|p1a: Chansey|confusion
|cant|p1a: Chansey|slp
|
|-heal|p2a: Vivillon|83/100|[from] item: Leftovers
|-heal|p1a: Chansey|42/100 slp|[from] item: Leftovers
|upkeep
|turn|30
|
|t:|1626636196
|move|p2a: Vivillon|Hurricane|p1a: Chansey
|-crit|p1a: Chansey
|-damage|p1a: Chansey|0 fnt
|faint|p1a: Chansey
|
|-heal|p2a: Vivillon|89/100|[from] item: Leftovers
|upkeep
|-message|Eby Sobak forfeited.
|
|win|rowletroost
|l|☆Eby Sobak
|raw|Eby Sobak's rating: 1630 &rarr; <strong>1616</strong><br />(-14 for losing)
|raw|rowletroost's rating: 1732 &rarr; <strong>1746</strong><br />(+14 for winning)
||Ladder isn't responding, score probably updated but might not have (Request timeout).
