|j|☆JAY100064
|j|☆rowletroost
|t:|1623023717
|gametype|singles
|player|p1|JAY100064|preschooler|1512
|player|p2|rowletroost|misty-gen1rb|1782
|teamsize|p1|6
|teamsize|p2|6
|gen|8
|tier|[Gen 8] National Dex AG
|rated|
|rule|HP Percentage Mod: HP is shown in percentages
|rule|Endless Battle Clause: Forcing endless battles is banned
|clearpoke
|poke|p1|Arceus-*|
|poke|p1|Ferrothorn, M|
|poke|p1|Giratina|
|poke|p1|Sableye, F|
|poke|p1|Clefable, M|
|poke|p1|Ho-Oh|
|poke|p2|Arceus-*|
|poke|p2|Xerneas-*|
|poke|p2|Kyogre|
|poke|p2|Marshadow|
|poke|p2|Ribombee, M|
|poke|p2|Vivillon-Savanna, M|
|teampreview
|inactive|Battle timer is ON: inactive players will automatically lose when time's up. (requested by rowletroost)
|inactive|JAY100064 has 120 seconds left.
|
|t:|1623023747
|start
|switch|p1a: Ho-Oh|Ho-Oh, shiny|100/100
|switch|p2a: Xerneas|Xerneas, shiny|100/100
|-ability|p2a: Xerneas|Fairy Aura
|turn|1
|
|t:|1623023761
|switch|p2a: Kyogre|Kyogre, shiny|100/100
|detailschange|p2a: Kyogre|Kyogre-Primal, shiny
|-primal|p2a: Kyogre
|-weather|PrimordialSea|[from] ability: Primordial Sea|[of] p2a: Kyogre
|move|p1a: Ho-Oh|Toxic|p2a: Kyogre
|-status|p2a: Kyogre|tox
|
|-weather|PrimordialSea|[upkeep]
|-damage|p2a: Kyogre|94/100 tox|[from] psn
|upkeep
|turn|2
|
|t:|1623023772
|-weather|none
|switch|p2a: Ribombee|Ribombee, M, shiny|100/100
|switch|p1a: Ferrothorn|Ferrothorn, M|100/100
|
|upkeep
|turn|3
|
|t:|1623023785
|move|p2a: Ribombee|Sticky Web|p1a: Ferrothorn
|-sidestart|p1: JAY100064|move: Sticky Web
|move|p1a: Ferrothorn|Gyro Ball|p2a: Ribombee
|-supereffective|p2a: Ribombee
|-enditem|p2a: Ribombee|Focus Sash
|-damage|p2a: Ribombee|1/100
|
|upkeep
|turn|4
|
|t:|1623023792
|switch|p2a: Arceus|Arceus-Ground|100/100
|move|p1a: Ferrothorn|Leech Seed|p2a: Arceus
|-start|p2a: Arceus|move: Leech Seed
|
|-damage|p2a: Arceus|88/100|[from] Leech Seed|[of] p1a: Ferrothorn
|upkeep
|turn|5
|
|t:|1623023806
|switch|p2a: Ribombee|Ribombee, M, shiny|1/100
|move|p1a: Ferrothorn|Protect||[still]
|-fail|p1a: Ferrothorn
|
|upkeep
|turn|6
|
|t:|1623023817
|move|p2a: Ribombee|Moonblast|p1a: Ferrothorn
|-resisted|p1a: Ferrothorn
|-damage|p1a: Ferrothorn|89/100
|-unboost|p1a: Ferrothorn|spa|1
|move|p1a: Ferrothorn|Leech Seed|p2a: Ribombee
|-start|p2a: Ribombee|move: Leech Seed
|
|-heal|p1a: Ferrothorn|95/100|[from] item: Leftovers
|-damage|p2a: Ribombee|0 fnt|[from] Leech Seed|[of] p1a: Ferrothorn
|-heal|p1a: Ferrothorn|95/100|[silent]
|faint|p2a: Ribombee
|upkeep
|
|t:|1623023826
|switch|p2a: Marshadow|Marshadow|100/100
|turn|7
|
|t:|1623023840
|switch|p1a: Ho-Oh|Ho-Oh, shiny|100/100
|move|p2a: Marshadow|Close Combat|p1a: Ho-Oh
|-resisted|p1a: Ho-Oh
|-damage|p1a: Ho-Oh|81/100
|-unboost|p2a: Marshadow|def|1
|-unboost|p2a: Marshadow|spd|1
|
|-heal|p1a: Ho-Oh|87/100|[from] item: Leftovers
|upkeep
|turn|8
|j| Lemonjon
|
|t:|1623023862
|move|p2a: Marshadow|Rock Tomb|p1a: Ho-Oh
|-supereffective|p1a: Ho-Oh
|-damage|p1a: Ho-Oh|8/100
|-unboost|p1a: Ho-Oh|spe|1
|move|p1a: Ho-Oh|Brave Bird|p2a: Marshadow
|-supereffective|p2a: Marshadow
|-enditem|p2a: Marshadow|Focus Sash
|-damage|p2a: Marshadow|1/100
|-damage|p1a: Ho-Oh|0 fnt|[from] Recoil
|faint|p1a: Ho-Oh
|
|upkeep
|inactive|JAY100064 has 120 seconds left.
|
|t:|1623023885
|switch|p1a: Arceus|Arceus-Ground, shiny|100/100
|-activate|p1a: Arceus|move: Sticky Web
|-unboost|p1a: Arceus|spe|1
|turn|9
|inactive|JAY100064 has 120 seconds left.
|
|t:|1623023893
|move|p2a: Marshadow|Close Combat|p1a: Arceus
|-damage|p1a: Arceus|62/100
|-unboost|p2a: Marshadow|def|1
|-unboost|p2a: Marshadow|spd|1
|move|p1a: Arceus|Stealth Rock|p2a: Marshadow
|-sidestart|p2: rowletroost|move: Stealth Rock
|
|upkeep
|turn|10
|inactive|JAY100064 has 120 seconds left.
|
|t:|1623023904
|move|p2a: Marshadow|Close Combat|p1a: Arceus
|-damage|p1a: Arceus|22/100
|-unboost|p2a: Marshadow|def|1
|-unboost|p2a: Marshadow|spd|1
|move|p1a: Arceus|Recover|p1a: Arceus
|-heal|p1a: Arceus|72/100
|
|upkeep
|turn|11
|
|t:|1623023914
|switch|p2a: Arceus|Arceus-Ground|88/100
|-damage|p2a: Arceus|82/100|[from] Stealth Rock
|move|p1a: Arceus|Recover|p1a: Arceus
|-heal|p1a: Arceus|100/100
|
|upkeep
|turn|12
|
|t:|1623023929
|move|p2a: Arceus|Defog|p1a: Arceus
|-unboost|p1a: Arceus|evasion|1
|-sideend|p1: JAY100064|Sticky Web|[from] move: Defog|[of] p2a: Arceus
|-sideend|p2: rowletroost|Stealth Rock|[from] move: Defog|[of] p2a: Arceus
|move|p1a: Arceus|Ice Beam|p2a: Arceus
|-supereffective|p2a: Arceus
|-damage|p2a: Arceus|46/100
|
|upkeep
|turn|13
|
|t:|1623023942
|switch|p1a: Ferrothorn|Ferrothorn, M|95/100
|move|p2a: Arceus|Recover|p2a: Arceus
|-heal|p2a: Arceus|96/100
|
|-heal|p1a: Ferrothorn|100/100|[from] item: Leftovers
|upkeep
|turn|14
|
|t:|1623023950
|move|p2a: Arceus|Judgment|p1a: Ferrothorn
|-damage|p1a: Ferrothorn|69/100
|move|p1a: Ferrothorn|Leech Seed|p2a: Arceus
|-start|p2a: Arceus|move: Leech Seed
|
|-heal|p1a: Ferrothorn|75/100|[from] item: Leftovers
|-damage|p2a: Arceus|84/100|[from] Leech Seed|[of] p1a: Ferrothorn
|-heal|p1a: Ferrothorn|90/100|[silent]
|upkeep
|turn|15
|
|t:|1623023975
|switch|p2a: Kyogre|Kyogre-Primal, shiny|94/100 tox
|-weather|PrimordialSea|[from] ability: Primordial Sea|[of] p2a: Kyogre
|switch|p1a: Sableye|Sableye, F, shiny|100/100
|
|-weather|PrimordialSea|[upkeep]
|-damage|p2a: Kyogre|88/100 tox|[from] psn
|upkeep
|turn|16
|
|t:|1623023984
|move|p1a: Sableye|Fake Out|p2a: Kyogre
|-damage|p2a: Kyogre|81/100 tox
|cant|p2a: Kyogre|flinch
|
|-weather|PrimordialSea|[upkeep]
|-damage|p2a: Kyogre|68/100 tox|[from] psn
|upkeep
|turn|17
|
|t:|1623023994
|switch|p1a: Ferrothorn|Ferrothorn, M|90/100
|move|p2a: Kyogre|Ice Beam|p1a: Ferrothorn
|-damage|p1a: Ferrothorn|64/100
|
|-weather|PrimordialSea|[upkeep]
|-heal|p1a: Ferrothorn|70/100|[from] item: Leftovers
|-damage|p2a: Kyogre|50/100 tox|[from] psn
|upkeep
|turn|18
|
|t:|1623024003
|move|p1a: Ferrothorn|Leech Seed|p2a: Kyogre|[miss]
|-miss|p1a: Ferrothorn|p2a: Kyogre
|move|p2a: Kyogre|Roar|p1a: Ferrothorn
|drag|p1a: Clefable|Clefable, M, shiny|100/100
|
|-weather|PrimordialSea|[upkeep]
|-damage|p2a: Kyogre|25/100 tox|[from] psn
|upkeep
|turn|19
|
|t:|1623024017
|move|p1a: Clefable|Protect|p1a: Clefable
|-singleturn|p1a: Clefable|Protect
|move|p2a: Kyogre|Origin Pulse|p1a: Clefable
|-activate|p1a: Clefable|move: Protect
|
|-weather|PrimordialSea|[upkeep]
|-damage|p2a: Kyogre|0 fnt|[from] psn
|faint|p2a: Kyogre
|-weather|none
|upkeep
|
|t:|1623024031
|switch|p2a: Vivillon|Vivillon-Savanna, M|100/100
|turn|20
|
|t:|1623024050
|move|p2a: Vivillon|Substitute|p2a: Vivillon
|-start|p2a: Vivillon|Substitute
|-damage|p2a: Vivillon|76/100
|move|p1a: Clefable|Moonblast|p2a: Vivillon
|-end|p2a: Vivillon|Substitute
|
|-heal|p2a: Vivillon|82/100|[from] item: Leftovers
|upkeep
|turn|21
|
|t:|1623024059
|move|p2a: Vivillon|Sleep Powder|p1a: Clefable|[miss]
|-miss|p2a: Vivillon|p1a: Clefable
|move|p1a: Clefable|Moonblast|p2a: Vivillon
|-damage|p2a: Vivillon|19/100
|
|-heal|p2a: Vivillon|25/100|[from] item: Leftovers
|upkeep
|turn|22
|
|t:|1623024088
|move|p1a: Clefable|Protect|p1a: Clefable
|-singleturn|p1a: Clefable|Protect
|move|p2a: Vivillon|Sleep Powder|p1a: Clefable
|-activate|p1a: Clefable|move: Protect
|
|-heal|p2a: Vivillon|31/100|[from] item: Leftovers
|upkeep
|turn|23
|inactive|JAY100064 has 120 seconds left.
|inactive|JAY100064 has 90 seconds left.
|inactive|JAY100064 has 60 seconds left.
|
|t:|1623024167
|switch|p1a: Ferrothorn|Ferrothorn, M|70/100
|move|p2a: Vivillon|Sleep Powder|p1a: Ferrothorn
|-immune|p1a: Ferrothorn
|
|-heal|p2a: Vivillon|37/100|[from] item: Leftovers
|-heal|p1a: Ferrothorn|76/100|[from] item: Leftovers
|upkeep
|turn|24
|inactive|JAY100064 has 60 seconds left.
|
|t:|1623024182
|move|p2a: Vivillon|Hurricane|p1a: Ferrothorn
|-damage|p1a: Ferrothorn|46/100
|-start|p1a: Ferrothorn|confusion
|-activate|p1a: Ferrothorn|confusion
|move|p1a: Ferrothorn|Gyro Ball|p2a: Vivillon
|-damage|p2a: Vivillon|0 fnt
|faint|p2a: Vivillon
|
|-heal|p1a: Ferrothorn|52/100|[from] item: Leftovers
|upkeep
|inactive|rowletroost has 120 seconds left.
|
|t:|1623024234
|switch|p2a: Marshadow|Marshadow|1/100
|turn|25
|inactive|JAY100064 has 60 seconds left.
|
|t:|1623024253
|switch|p1a: Giratina|Giratina, shiny|100/100
|-ability|p1a: Giratina|Pressure
|move|p2a: Marshadow|Close Combat|p1a: Giratina
|-immune|p1a: Giratina
|
|upkeep
|turn|26
|inactive|JAY100064 has 60 seconds left.
|
|t:|1623024264
|move|p2a: Marshadow|Spectral Thief|p1a: Giratina
|-supereffective|p1a: Giratina
|-damage|p1a: Giratina|61/100
|move|p1a: Giratina|Toxic|p2a: Marshadow
|-status|p2a: Marshadow|tox
|
|-heal|p1a: Giratina|67/100|[from] item: Leftovers
|-damage|p2a: Marshadow|0 fnt|[from] psn
|faint|p2a: Marshadow
|upkeep
|
|t:|1623024279
|switch|p2a: Arceus|Arceus-Ground|84/100
|turn|27
|
|t:|1623024293
|move|p2a: Arceus|Ice Beam|p1a: Giratina
|-supereffective|p1a: Giratina
|-damage|p1a: Giratina|41/100
|-status|p1a: Giratina|frz
|cant|p1a: Giratina|frz
|
|-heal|p1a: Giratina|48/100 frz|[from] item: Leftovers
|upkeep
|turn|28
|inactive|rowletroost has 120 seconds left.
|
|t:|1623024304
|move|p2a: Arceus|Ice Beam|p1a: Giratina
|-supereffective|p1a: Giratina
|-damage|p1a: Giratina|20/100 frz
|-curestatus|p1a: Giratina|frz|[msg]
|move|p1a: Giratina|Toxic|p2a: Arceus
|-status|p2a: Arceus|tox
|
|-heal|p1a: Giratina|26/100|[from] item: Leftovers
|-damage|p2a: Arceus|78/100 tox|[from] psn
|upkeep
|turn|29
|
|t:|1623024315
|move|p2a: Arceus|Judgment|p1a: Giratina
|-damage|p1a: Giratina|0 fnt
|faint|p1a: Giratina
|
|-damage|p2a: Arceus|66/100 tox|[from] psn
|upkeep
|inactive|JAY100064 has 60 seconds left.
|
|t:|1623024330
|switch|p1a: Sableye|Sableye, F, shiny|100/100
|turn|30
|
|t:|1623024337
|detailschange|p1a: Sableye|Sableye-Mega, F, shiny
|-mega|p1a: Sableye|Sableye|Sablenite
|move|p1a: Sableye|Fake Out|p2a: Arceus
|-damage|p2a: Arceus|62/100 tox
|cant|p2a: Arceus|flinch
|
|-damage|p2a: Arceus|44/100 tox|[from] psn
|upkeep
|turn|31
|
|t:|1623024347
|move|p2a: Arceus|Judgment|p1a: Sableye
|-damage|p1a: Sableye|50/100
|move|p1a: Sableye|Recover|p1a: Sableye
|-heal|p1a: Sableye|99/100
|
|-damage|p2a: Arceus|19/100 tox|[from] psn
|upkeep
|turn|32
|
|t:|1623024356
|move|p2a: Arceus|Judgment|p1a: Sableye
|-damage|p1a: Sableye|52/100
|move|p1a: Sableye|Recover|p1a: Sableye
|-heal|p1a: Sableye|100/100
|
|-damage|p2a: Arceus|0 fnt|[from] psn
|faint|p2a: Arceus
|upkeep
|
|t:|1623024359
|switch|p2a: Xerneas|Xerneas, shiny|100/100
|-ability|p2a: Xerneas|Fairy Aura
|turn|33
|
|t:|1623024370
|switch|p1a: Ferrothorn|Ferrothorn, M|52/100
|-start|p2a: Xerneas|Dynamax
|-heal|p2a: Xerneas|100/100|[silent]
|move|p2a: Xerneas|Max Starfall|p1a: Ferrothorn
|-resisted|p1a: Ferrothorn
|-damage|p1a: Ferrothorn|19/100
|-fieldstart|move: Misty Terrain
|
|-heal|p1a: Ferrothorn|25/100|[from] item: Leftovers
|upkeep
|turn|34
|
|t:|1623024381
|move|p1a: Ferrothorn|Protect|p1a: Ferrothorn
|-singleturn|p1a: Ferrothorn|Protect
|move|p2a: Xerneas|Max Flare|p1a: Ferrothorn
|-supereffective|p1a: Ferrothorn
|-zbroken|p1a: Ferrothorn
|-damage|p1a: Ferrothorn|0 fnt
|-weather|SunnyDay
|faint|p1a: Ferrothorn
|
|-weather|SunnyDay|[upkeep]
|upkeep
|
|t:|1623024393
|switch|p1a: Clefable|Clefable, M, shiny|100/100
|turn|35
|
|t:|1623024399
|-start|p1a: Clefable|Dynamax
|-heal|p1a: Clefable|100/100|[silent]
|move|p2a: Xerneas|Max Starfall|p1a: Clefable
|-damage|p1a: Clefable|70/100
|move|p1a: Clefable|Max Starfall|p2a: Xerneas
|-damage|p2a: Xerneas|73/100
|
|-weather|SunnyDay|[upkeep]
|-heal|p1a: Clefable|73/100|[from] item: Leftovers
|-end|p2a: Xerneas|Dynamax
|-heal|p2a: Xerneas|73/100|[silent]
|upkeep
|turn|36
|
|t:|1623024413
|move|p2a: Xerneas|Geomancy||[still]
|-prepare|p2a: Xerneas|Geomancy
|-enditem|p2a: Xerneas|Power Herb
|-anim|p2a: Xerneas|Geomancy|p2a: Xerneas
|-boost|p2a: Xerneas|spa|2
|-boost|p2a: Xerneas|spd|2
|-boost|p2a: Xerneas|spe|2
|move|p1a: Clefable|Max Starfall|p2a: Xerneas
|-damage|p2a: Xerneas|23/100
|
|-weather|SunnyDay|[upkeep]
|-heal|p1a: Clefable|76/100|[from] item: Leftovers
|upkeep
|turn|37
|
|t:|1623024424
|move|p2a: Xerneas|Moonblast|p1a: Clefable
|-damage|p1a: Clefable|53/100
|-unboost|p1a: Clefable|spa|1
|move|p1a: Clefable|Max Starfall|p2a: Xerneas
|-damage|p2a: Xerneas|0 fnt
|faint|p2a: Xerneas
|
|win|JAY100064
|raw|JAY100064's rating: 1512 &rarr; <strong>1545</strong><br />(+33 for winning)
|raw|rowletroost's rating: 1782 &rarr; <strong>1749</strong><br />(-33 for losing)
|l| Lemonjon
|l|☆rowletroost
|c|☆JAY100064|;3
|l|☆JAY100064
|j|☆JAY100064
|player|p1|JAY100064|preschooler
