|j|☆HP_HJP
|j|☆Cringe'ntMan
|t:|1654009183
|gametype|singles
|player|p1|HP_HJP|unknown|1313
|player|p2|Cringe'ntMan|policeman|1414
|teamsize|p1|6
|teamsize|p2|6
|gen|8
|tier|[Gen 8] National Dex AG
|rated|
|rule|HP Percentage Mod: HP is shown in percentages
|rule|Endless Battle Clause: Forcing endless battles is banned
|clearpoke
|poke|p1|Salamence, F|
|poke|p1|Kommo-o, F|
|poke|p1|Kyogre|
|poke|p1|Calyrex-Shadow|
|poke|p1|Necrozma-Dusk-Mane|
|poke|p1|Gengar, F|
|poke|p2|Pidgeot, M|
|poke|p2|Garchomp, M|
|poke|p2|Tyranitar, M|
|poke|p2|Excadrill, M|
|poke|p2|Aegislash, M|
|poke|p2|Kommo-o, F|
|teampreview
|c|☆HP_HJP|glhf
|c|☆Cringe'ntMan|thanks you 2
|
|t:|1654009195
|start
|switch|p1a: Kyogre|Kyogre, shiny|100/100
|switch|p2a: Piss|Tyranitar, M|100/100
|-weather|Sandstorm|[from] ability: Sand Stream|[of] p2a: Piss
|detailschange|p1a: Kyogre|Kyogre-Primal, shiny
|-primal|p1a: Kyogre
|-weather|PrimordialSea|[from] ability: Primordial Sea|[of] p1a: Kyogre
|turn|1
|
|t:|1654009210
|move|p1a: Kyogre|Scald|p2a: Piss
|-supereffective|p2a: Piss
|-damage|p2a: Piss|0 fnt
|faint|p2a: Piss
|
|-weather|PrimordialSea|[upkeep]
|upkeep
|
|t:|1654009219
|switch|p2a: Heavy from TF2|Kommo-o, F|100/100
|turn|2
|
|t:|1654009235
|-zpower|p2a: Heavy from TF2
|move|p2a: Heavy from TF2|Clangorous Soulblaze|p1a: Kyogre|[zeffect]
|-damage|p1a: Kyogre|52/100
|-boost|p2a: Heavy from TF2|atk|1
|-boost|p2a: Heavy from TF2|def|1
|-boost|p2a: Heavy from TF2|spa|1
|-boost|p2a: Heavy from TF2|spd|1
|-boost|p2a: Heavy from TF2|spe|1
|move|p1a: Kyogre|Ice Beam|p2a: Heavy from TF2
|-supereffective|p2a: Heavy from TF2
|-damage|p2a: Heavy from TF2|46/100
|
|-weather|PrimordialSea|[upkeep]
|upkeep
|turn|3
|
|t:|1654009254
|move|p2a: Heavy from TF2|Clanging Scales|p1a: Kyogre
|-damage|p1a: Kyogre|6/100
|-unboost|p2a: Heavy from TF2|def|1
|move|p1a: Kyogre|Brine|p2a: Heavy from TF2
|-resisted|p2a: Heavy from TF2
|-damage|p2a: Heavy from TF2|0 fnt
|faint|p2a: Heavy from TF2
|
|-weather|PrimordialSea|[upkeep]
|upkeep
|
|t:|1654009266
|switch|p2a: Your mom|Excadrill, M|100/100
|-item|p2a: Your mom|Air Balloon
|turn|4
|
|t:|1654009274
|move|p2a: Your mom|Rapid Spin|p1a: Kyogre
|-damage|p1a: Kyogre|0 fnt
|-boost|p2a: Your mom|spe|1
|faint|p1a: Kyogre
|-weather|none
|
|upkeep
|
|t:|1654009279
|switch|p1a: Kommo-o|Kommo-o, F|100/100
|turn|5
|
|t:|1654009287
|move|p2a: Your mom|Iron Head|p1a: Kommo-o
|-damage|p1a: Kommo-o|54/100
|cant|p1a: Kommo-o|flinch
|
|upkeep
|turn|6
|
|t:|1654009294
|move|p2a: Your mom|Earthquake|p1a: Kommo-o
|-damage|p1a: Kommo-o|0 fnt
|faint|p1a: Kommo-o
|
|upkeep
|
|t:|1654009304
|switch|p1a: Salamence|Salamence, F|100/100
|-ability|p1a: Salamence|Intimidate|boost
|-unboost|p2a: Your mom|atk|1
|turn|7
|
|t:|1654009311
|detailschange|p1a: Salamence|Salamence-Mega, F
|-mega|p1a: Salamence|Salamence|Salamencite
|move|p2a: Your mom|Swords Dance|p2a: Your mom
|-boost|p2a: Your mom|atk|2
|move|p1a: Salamence|Dragon Dance|p1a: Salamence
|-boost|p1a: Salamence|atk|1
|-boost|p1a: Salamence|spe|1
|
|upkeep
|turn|8
|
|t:|1654009329
|move|p1a: Salamence|Air Slash|p2a: Your mom
|-resisted|p2a: Your mom
|-damage|p2a: Your mom|80/100
|-enditem|p2a: Your mom|Air Balloon
|move|p2a: Your mom|Rapid Spin|p1a: Salamence
|-damage|p1a: Salamence|76/100
|-boost|p2a: Your mom|spe|1
|
|upkeep
|turn|9
|
|t:|1654009338
|move|p2a: Your mom|Iron Head|p1a: Salamence
|-damage|p1a: Salamence|22/100
|move|p1a: Salamence|Air Slash|p2a: Your mom
|-resisted|p2a: Your mom
|-damage|p2a: Your mom|59/100
|
|upkeep
|turn|10
|
|t:|1654009344
|move|p2a: Your mom|Iron Head|p1a: Salamence
|-damage|p1a: Salamence|0 fnt
|faint|p1a: Salamence
|
|upkeep
|
|t:|1654009353
|switch|p1a: Calyrex|Calyrex-Shadow|100/100
|-ability|p1a: Calyrex|As One
|-ability|p1a: Calyrex|Unnerve
|turn|11
|
|t:|1654009358
|move|p2a: Your mom|Iron Head|p1a: Calyrex
|-damage|p1a: Calyrex|11/100
|cant|p1a: Calyrex|flinch
|
|upkeep
|turn|12
|
|t:|1654009362
|move|p2a: Your mom|Iron Head|p1a: Calyrex
|-damage|p1a: Calyrex|0 fnt
|faint|p1a: Calyrex
|
|upkeep
|
|t:|1654009368
|switch|p1a: Gengar|Gengar, F, shiny|100/100
|turn|13
|
|t:|1654009373
|-start|p1a: Gengar|Dynamax|Gmax
|-heal|p1a: Gengar|100/100|[silent]
|move|p2a: Your mom|Earthquake|p1a: Gengar
|-supereffective|p1a: Gengar
|-enditem|p1a: Gengar|Focus Sash
|-damage|p1a: Gengar|1/100
|move|p1a: Gengar|Max Hailstorm|p2a: Your mom
|-damage|p2a: Your mom|29/100
|-weather|Hail
|
|-weather|Hail|[upkeep]
|-damage|p2a: Your mom|23/100|[from] Hail
|-damage|p1a: Gengar|0 fnt|[from] Hail
|faint|p1a: Gengar
|upkeep
|
|t:|1654009381
|switch|p1a: Necrozma|Necrozma-Dusk-Mane|100/100
|turn|14
|c|☆Cringe'ntMan|lmao
|
|t:|1654009386
|move|p2a: Your mom|Earthquake|p1a: Necrozma
|-supereffective|p1a: Necrozma
|-damage|p1a: Necrozma|0 fnt
|faint|p1a: Necrozma
|
|win|Cringe'ntMan
|raw|HP_HJP's rating: 1313 &rarr; <strong>1299</strong><br />(-14 for losing)
|raw|Cringe&apos;ntMan's rating: 1414 &rarr; <strong>1428</strong><br />(+14 for winning)
|c|☆Cringe'ntMan|gg
|l|☆HP_HJP
||Ladder isn't responding, score probably updated but might not have (Request timeout).
