|j|☆chippytreatz
|j|☆Remnus
|inactive|Battle timer is ON: inactive players will automatically lose when time's up.
|t:|1658380310
|gametype|singles
|player|p1|chippytreatz|veteran|
|player|p2|Remnus|169|
|teamsize|p1|6
|teamsize|p2|6
|gen|8
|tier|[Gen 8] National Dex AG
|rated|Tournament battle
|rule|HP Percentage Mod: HP is shown in percentages
|rule|Endless Battle Clause: Forcing endless battles is banned
|clearpoke
|poke|p1|Zacian-*|
|poke|p1|Arceus-*|
|poke|p1|Arceus-*|
|poke|p1|Yveltal|
|poke|p1|Ditto|
|poke|p1|Necrozma-Dusk-Mane|
|poke|p2|Calyrex-Shadow|
|poke|p2|Eternatus|
|poke|p2|Kyogre|
|poke|p2|Necrozma-Dusk-Mane|
|poke|p2|Yveltal|
|poke|p2|Groudon|
|teampreview
|j|*Lady Monita ☀
|j| BB-8-NU
|inactive|Remnus also wants the timer to be on.
|j| clefableisgod1
|j| buy yeezus now
|
|t:|1658380327
|start
|switch|p1a: Arceus|Arceus-Ground|100/100
|switch|p2a: Groudon|Groudon|100/100
|-weather|SunnyDay|[from] ability: Drought|[of] p2a: Groudon
|turn|1
|j| MorghynFae
|j| AligningStars
|l| buy yeezus now
|
|t:|1658380334
|move|p1a: Arceus|Magic Coat|p1a: Arceus
|-singleturn|p1a: Arceus|move: Magic Coat
|move|p2a: Groudon|Stealth Rock|p1a: Arceus
|move|p1a: Arceus|Stealth Rock|p2a: Groudon|[from]Magic Coat
|-sidestart|p2: Remnus|move: Stealth Rock
|
|-weather|SunnyDay|[upkeep]
|upkeep
|turn|2
|
|t:|1658380340
|move|p1a: Arceus|Ice Beam|p2a: Groudon
|-supereffective|p2a: Groudon
|-damage|p2a: Groudon|42/100
|move|p2a: Groudon|Stealth Rock|p1a: Arceus
|-sidestart|p1: chippytreatz|move: Stealth Rock
|
|-weather|SunnyDay|[upkeep]
|-heal|p2a: Groudon|48/100|[from] item: Leftovers
|upkeep
|turn|3
|
|t:|1658380349
|switch|p2a: Kyogre|Kyogre|100/100
|-damage|p2a: Kyogre|88/100|[from] Stealth Rock
|-weather|RainDance|[from] ability: Drizzle|[of] p2a: Kyogre
|move|p1a: Arceus|Ice Beam|p2a: Kyogre
|-resisted|p2a: Kyogre
|-damage|p2a: Kyogre|79/100
|
|-weather|RainDance|[upkeep]
|-heal|p2a: Kyogre|85/100|[from] item: Leftovers
|upkeep
|turn|4
|
|t:|1658380360
|move|p1a: Arceus|Earth Power|p2a: Kyogre
|-damage|p2a: Kyogre|57/100
|move|p2a: Kyogre|Roar|p1a: Arceus
|drag|p1a: Ditto|Ditto|100/100
|-damage|p1a: Ditto|88/100|[from] Stealth Rock
|-transform|p1a: Ditto|p2a: Kyogre|[from] ability: Imposter
|
|-weather|RainDance|[upkeep]
|-heal|p2a: Kyogre|63/100|[from] item: Leftovers
|upkeep
|turn|5
|j| dance dance revo
|
|t:|1658380371
|switch|p1a: Arceus|Arceus-Ground|100/100
|-damage|p1a: Arceus|94/100|[from] Stealth Rock
|move|p2a: Kyogre|Roar|p1a: Arceus
|drag|p1a: Zacian|Zacian-Crowned|100/100
|-damage|p1a: Zacian|94/100|[from] Stealth Rock
|-ability|p1a: Zacian|Intrepid Sword|boost
|-boost|p1a: Zacian|atk|1
|
|-weather|RainDance|[upkeep]
|-heal|p2a: Kyogre|69/100|[from] item: Leftovers
|upkeep
|turn|6
|
|t:|1658380381
|move|p1a: Zacian|Wild Charge|p2a: Kyogre
|-supereffective|p2a: Kyogre
|-damage|p2a: Kyogre|0 fnt
|faint|p2a: Kyogre
|-damage|p1a: Zacian|73/100|[from] Recoil
|
|-weather|RainDance|[upkeep]
|upkeep
|j| chrismarswu
|l| chrismarswu
|
|t:|1658380404
|switch|p2a: Groudon|Groudon|48/100
|-damage|p2a: Groudon|42/100|[from] Stealth Rock
|-weather|SunnyDay|[from] ability: Drought|[of] p2a: Groudon
|turn|7
|
|t:|1658380410
|switch|p1a: Arceus|Arceus-Ground|94/100
|-damage|p1a: Arceus|88/100|[from] Stealth Rock
|move|p2a: Groudon|Precipice Blades|p1a: Arceus
|-damage|p1a: Arceus|43/100
|
|-weather|SunnyDay|[upkeep]
|-heal|p2a: Groudon|48/100|[from] item: Leftovers
|upkeep
|turn|8
|
|t:|1658380421
|move|p1a: Arceus|Ice Beam|p2a: Groudon
|-supereffective|p2a: Groudon
|-damage|p2a: Groudon|0 fnt
|faint|p2a: Groudon
|
|-weather|SunnyDay|[upkeep]
|upkeep
|
|t:|1658380429
|switch|p2a: Necrozma|Necrozma-Dusk-Mane|100/100
|-damage|p2a: Necrozma|94/100|[from] Stealth Rock
|turn|9
|
|t:|1658380434
|-zpower|p1a: Arceus
|move|p1a: Arceus|Tectonic Rage|p2a: Necrozma|[zeffect]
|-supereffective|p2a: Necrozma
|-damage|p2a: Necrozma|0 fnt
|faint|p2a: Necrozma
|
|-weather|SunnyDay|[upkeep]
|upkeep
|
|t:|1658380445
|switch|p2a: Calyrex|Calyrex-Shadow|100/100
|-ability|p2a: Calyrex|As One
|-ability|p2a: Calyrex|Unnerve
|-damage|p2a: Calyrex|88/100|[from] Stealth Rock
|turn|10
|
|t:|1658380454
|switch|p1a: Arceus|Arceus|100/100
|-damage|p1a: Arceus|88/100|[from] Stealth Rock
|move|p2a: Calyrex|Astral Barrage|p1a: Arceus
|-immune|p1a: Arceus
|
|-weather|SunnyDay|[upkeep]
|upkeep
|turn|11
|
|t:|1658380467
|switch|p2a: Yveltal|Yveltal|100/100
|-ability|p2a: Yveltal|Dark Aura
|move|p1a: Arceus|Substitute|p1a: Arceus
|-start|p1a: Arceus|Substitute
|-damage|p1a: Arceus|63/100
|
|-weather|none
|upkeep
|turn|12
|
|t:|1658380478
|move|p1a: Arceus|Swords Dance|p1a: Arceus
|-boost|p1a: Arceus|atk|2
|move|p2a: Yveltal|Foul Play|p1a: Arceus
|-end|p1a: Arceus|Substitute
|
|upkeep
|turn|13
|
|t:|1658380484
|-start|p1a: Arceus|Dynamax|
|-heal|p1a: Arceus|63/100|[silent]
|move|p1a: Arceus|Max Strike|p2a: Yveltal
|-damage|p2a: Yveltal|0 fnt
|faint|p2a: Yveltal
|
|upkeep
|
|t:|1658380493
|switch|p2a: Eternatus|Eternatus|100/100
|-ability|p2a: Eternatus|Pressure
|turn|14
|
|t:|1658380500
|-end|p1a: Arceus|Dynamax
|-heal|p1a: Arceus|63/100|[silent]
|switch|p1a: Zacian|Zacian-Crowned|73/100
|-damage|p1a: Zacian|67/100|[from] Stealth Rock
|-ability|p1a: Zacian|Intrepid Sword|boost
|-boost|p1a: Zacian|atk|1
|move|p2a: Eternatus|Dynamax Cannon|p1a: Zacian
|-immune|p1a: Zacian
|
|upkeep
|turn|15
|
|t:|1658380518
|move|p1a: Zacian|Behemoth Blade|p2a: Eternatus
|-damage|p2a: Eternatus|30/100
|move|p2a: Eternatus|Flamethrower|p1a: Zacian
|-supereffective|p1a: Zacian
|-damage|p1a: Zacian|14/100
|
|upkeep
|turn|16
|
|t:|1658380529
|switch|p2a: Calyrex|Calyrex-Shadow|88/100
|-ability|p2a: Calyrex|As One
|-ability|p2a: Calyrex|Unnerve
|-damage|p2a: Calyrex|76/100|[from] Stealth Rock
|move|p1a: Zacian|Behemoth Blade|p2a: Calyrex
|-damage|p2a: Calyrex|0 fnt
|faint|p2a: Calyrex
|
|upkeep
|c|☆Remnus|gg
|
|t:|1658380547
|switch|p2a: Eternatus|Eternatus|30/100
|-ability|p2a: Eternatus|Pressure
|turn|17
|c| dance dance revo|1800 shows up and smashes everyone
|c| dance dance revo|lmao
|inactive|Remnus has 120 seconds left.
|c|☆Remnus|lol its my first ever AG game lol
|
|t:|1658380568
|move|p1a: Zacian|Behemoth Blade|p2a: Eternatus
|-damage|p2a: Eternatus|0 fnt
|faint|p2a: Eternatus
|
|win|chippytreatz
|n|☆chippytreatz|chippytreatz
|n|☆Remnus|remnus
|n|*Lady Monita ☀|ladymonita
|n| BB-8-NU|bb8nu
|n| clefableisgod1|clefableisgod1
|n| MorghynFae|morghynfae
|n| AligningStars|aligningstars
|n| dance dance revo|dancedancerevo
|l|*Lady Monita ☀
|l| BB-8-NU
|c| dance dance revo|gz treatz
|l| MorghynFae
|c|☆Remnus|won't even say gg back :(
|l|☆Remnus
