|j|☆thicsucttv
|j|☆ClickForVictory
|t:|1662406225
|gametype|singles
|player|p1|thicsucttv|266|1790
|player|p2|ClickForVictory|furisodegirl-black|1700
|teamsize|p1|6
|teamsize|p2|6
|gen|8
|tier|[Gen 8] National Dex AG
|rated|
|rule|HP Percentage Mod: HP is shown in percentages
|rule|Endless Battle Clause: Forcing endless battles is banned
|clearpoke
|poke|p1|Shuckle, F|
|poke|p1|Marshadow|
|poke|p1|Yveltal|
|poke|p1|Necrozma-Dusk-Mane|
|poke|p1|Ditto|
|poke|p1|Lucario, F|
|poke|p2|Zacian-*|
|poke|p2|Arceus-*|
|poke|p2|Groudon|
|poke|p2|Yveltal|
|poke|p2|Clefable, F|
|poke|p2|Rayquaza|
|teampreview
|inactive|Battle timer is ON: inactive players will automatically lose when time's up. (requested by thicsucttv)
|c|☆ClickForVictory|have fun!
|
|t:|1662406242
|start
|switch|p1a: Shuckle|Shuckle, F, shiny|100/100
|switch|p2a: Angst Birb|Yveltal|100/100
|-ability|p2a: Angst Birb|Dark Aura
|turn|1
|
|t:|1662406250
|move|p2a: Angst Birb|Taunt|p1a: Shuckle
|-start|p1a: Shuckle|move: Taunt
|-enditem|p1a: Shuckle|Mental Herb
|-end|p1a: Shuckle|move: Taunt
|move|p1a: Shuckle|Stealth Rock|p2a: Angst Birb
|-sidestart|p2: ClickForVictory|move: Stealth Rock
|
|upkeep
|turn|2
|
|t:|1662406277
|switch|p1a: Marshadow|Marshadow|100/100
|move|p2a: Angst Birb|Taunt|p1a: Marshadow
|-start|p1a: Marshadow|move: Taunt
|
|upkeep
|turn|3
|
|t:|1662406284
|move|p1a: Marshadow|Stone Edge|p2a: Angst Birb
|-supereffective|p2a: Angst Birb
|-damage|p2a: Angst Birb|39/100
|move|p2a: Angst Birb|Oblivion Wing|p1a: Marshadow
|-supereffective|p1a: Marshadow
|-enditem|p1a: Marshadow|Focus Sash
|-damage|p1a: Marshadow|1/100
|-heal|p2a: Angst Birb|99/100|[from] drain|[of] p1a: Marshadow
|-damage|p2a: Angst Birb|90/100|[from] item: Life Orb
|
|upkeep
|turn|4
|inactive|thicsucttv has 120 seconds left.
|
|t:|1662406305
|switch|p2a: Eww|Zacian-Crowned|100/100
|-damage|p2a: Eww|94/100|[from] Stealth Rock
|-ability|p2a: Eww|Intrepid Sword|boost
|-boost|p2a: Eww|atk|1
|move|p1a: Marshadow|Shadow Sneak|p2a: Eww
|-crit|p2a: Eww
|-damage|p2a: Eww|49/100
|
|-end|p1a: Marshadow|move: Taunt
|upkeep
|turn|5
|inactive|thicsucttv has 120 seconds left.
|
|t:|1662406318
|switch|p2a: Dark Mode|Groudon, shiny|100/100
|-damage|p2a: Dark Mode|94/100|[from] Stealth Rock
|detailschange|p2a: Dark Mode|Groudon-Primal, shiny
|-primal|p2a: Dark Mode
|-weather|DesolateLand|[from] ability: Desolate Land|[of] p2a: Dark Mode
|move|p1a: Marshadow|Shadow Sneak|p2a: Dark Mode
|-damage|p2a: Dark Mode|76/100
|
|-weather|DesolateLand|[upkeep]
|upkeep
|turn|6
|
|t:|1662406328
|move|p1a: Marshadow|Close Combat|p2a: Dark Mode
|-crit|p2a: Dark Mode
|-damage|p2a: Dark Mode|23/100
|-unboost|p1a: Marshadow|def|1
|-unboost|p1a: Marshadow|spd|1
|move|p2a: Dark Mode|Stealth Rock|p1a: Marshadow
|-sidestart|p1: thicsucttv|move: Stealth Rock
|
|-weather|DesolateLand|[upkeep]
|upkeep
|turn|7
|
|t:|1662406336
|-weather|none
|switch|p2a: Green Top|Clefable, F, shiny|100/100
|move|p1a: Marshadow|Close Combat|p2a: Green Top
|-resisted|p2a: Green Top
|-damage|p2a: Green Top|78/100
|-unboost|p1a: Marshadow|def|1
|-unboost|p1a: Marshadow|spd|1
|
|-heal|p2a: Green Top|85/100|[from] item: Leftovers
|upkeep
|turn|8
|
|t:|1662406348
|move|p1a: Marshadow|Spectral Thief|p2a: Green Top
|-damage|p2a: Green Top|51/100
|move|p2a: Green Top|Wish|p2a: Green Top
|
|-heal|p2a: Green Top|57/100|[from] item: Leftovers
|upkeep
|turn|9
|
|t:|1662406364
|move|p1a: Marshadow|Close Combat|p2a: Green Top
|-resisted|p2a: Green Top
|-damage|p2a: Green Top|32/100
|-unboost|p1a: Marshadow|def|1
|-unboost|p1a: Marshadow|spd|1
|move|p2a: Green Top|Moonblast|p1a: Marshadow
|-supereffective|p1a: Marshadow
|-damage|p1a: Marshadow|0 fnt
|faint|p1a: Marshadow
|
|-heal|p2a: Green Top|82/100|[from] move: Wish|[wisher] Green Top
|-heal|p2a: Green Top|88/100|[from] item: Leftovers
|upkeep
|j| IDOLive
|inactive|thicsucttv has 120 seconds left.
|
|t:|1662406379
|switch|p1a: Lucario|Lucario, F|100/100
|-damage|p1a: Lucario|98/100|[from] Stealth Rock
|turn|10
|inactive|thicsucttv has 120 seconds left.
|
|t:|1662406385
|detailschange|p1a: Lucario|Lucario-Mega, F
|-mega|p1a: Lucario|Lucario|Lucarionite
|move|p1a: Lucario|Meteor Mash|p2a: Green Top
|-supereffective|p2a: Green Top
|-damage|p2a: Green Top|0 fnt
|-boost|p1a: Lucario|atk|1
|faint|p2a: Green Top
|
|upkeep
|
|t:|1662406395
|switch|p2a: Eww|Zacian-Crowned|49/100
|-damage|p2a: Eww|43/100|[from] Stealth Rock
|-ability|p2a: Eww|Intrepid Sword|boost
|-boost|p2a: Eww|atk|1
|turn|11
|
|t:|1662406410
|switch|p1a: Shuckle|Shuckle, F, shiny|100/100
|-damage|p1a: Shuckle|75/100|[from] Stealth Rock
|move|p2a: Eww|Close Combat|p1a: Shuckle
|-damage|p1a: Shuckle|37/100
|-unboost|p2a: Eww|def|1
|-unboost|p2a: Eww|spd|1
|
|upkeep
|turn|12
|
|t:|1662406421
|move|p2a: Eww|Behemoth Blade|p1a: Shuckle
|-supereffective|p1a: Shuckle
|-damage|p1a: Shuckle|0 fnt
|faint|p1a: Shuckle
|
|upkeep
|inactive|thicsucttv has 120 seconds left.
|
|t:|1662406455
|switch|p1a: Ditto|Ditto|100/100
|-damage|p1a: Ditto|88/100|[from] Stealth Rock
|-transform|p1a: Ditto|p2a: Eww|[from] ability: Imposter
|-ability|p1a: Ditto|Intrepid Sword|boost
|-boost|p1a: Ditto|atk|1
|turn|13
|
|t:|1662406463
|move|p1a: Ditto|Behemoth Blade|p2a: Eww
|-crit|p2a: Eww
|-damage|p2a: Eww|0 fnt
|faint|p2a: Eww
|
|upkeep
|
|t:|1662406474
|switch|p2a: Death Noodle|Rayquaza, shiny|100/100
|-damage|p2a: Death Noodle|76/100|[from] Stealth Rock
|-ability|p2a: Death Noodle|Air Lock
|turn|14
|
|t:|1662406498
|switch|p1a: Lucario|Lucario-Mega, F|98/100
|-damage|p1a: Lucario|95/100|[from] Stealth Rock
|detailschange|p2a: Death Noodle|Rayquaza-Mega, shiny
|-mega|p2a: Death Noodle|Rayquaza|
|-weather|DeltaStream|[from] ability: Delta Stream|[of] p2a: Death Noodle
|move|p2a: Death Noodle|Extreme Speed|p1a: Lucario
|-resisted|p1a: Lucario
|-damage|p1a: Lucario|62/100
|-damage|p2a: Death Noodle|66/100|[from] item: Life Orb
|
|-weather|DeltaStream|[upkeep]
|upkeep
|turn|15
|inactive|thicsucttv has 90 seconds left.
|
|t:|1662406532
|move|p2a: Death Noodle|Extreme Speed|p1a: Lucario
|-resisted|p1a: Lucario
|-damage|p1a: Lucario|31/100
|-damage|p2a: Death Noodle|56/100|[from] item: Life Orb
|move|p1a: Lucario|Bullet Punch|p2a: Death Noodle
|-damage|p2a: Death Noodle|24/100
|
|-weather|DeltaStream|[upkeep]
|upkeep
|turn|16
|
|t:|1662406542
|move|p2a: Death Noodle|Extreme Speed|p1a: Lucario
|-resisted|p1a: Lucario
|-damage|p1a: Lucario|0 fnt
|faint|p1a: Lucario
|-damage|p2a: Death Noodle|14/100|[from] item: Life Orb
|
|-weather|DeltaStream|[upkeep]
|upkeep
|
|t:|1662406555
|switch|p1a: Ditto|Ditto|88/100
|-damage|p1a: Ditto|76/100|[from] Stealth Rock
|-transform|p1a: Ditto|p2a: Death Noodle|[from] ability: Imposter
|turn|17
|
|t:|1662406564
|move|p2a: Death Noodle|Extreme Speed|p1a: Ditto
|-damage|p1a: Ditto|5/100
|-damage|p2a: Death Noodle|4/100|[from] item: Life Orb
|move|p1a: Ditto|Dragon Ascent|p2a: Death Noodle
|-damage|p2a: Death Noodle|0 fnt
|-unboost|p1a: Ditto|def|1
|-unboost|p1a: Ditto|spd|1
|faint|p2a: Death Noodle
|
|-weather|DeltaStream|[upkeep]
|upkeep
|
|t:|1662406571
|switch|p2a: Dear Leader|Arceus|100/100
|-damage|p2a: Dear Leader|88/100|[from] Stealth Rock
|turn|18
|
|t:|1662406578
|move|p2a: Dear Leader|Extreme Speed|p1a: Ditto
|-damage|p1a: Ditto|0 fnt
|faint|p1a: Ditto
|-weather|none
|
|upkeep
|inactive|thicsucttv has 90 seconds left.
|
|t:|1662406593
|switch|p1a: Yveltal|Yveltal|100/100
|-damage|p1a: Yveltal|76/100|[from] Stealth Rock
|-ability|p1a: Yveltal|Dark Aura
|turn|19
|inactive|thicsucttv has 90 seconds left.
|
|t:|1662406603
|-start|p1a: Yveltal|Dynamax|
|-heal|p1a: Yveltal|76/100|[silent]
|move|p2a: Dear Leader|Swords Dance|p2a: Dear Leader
|-boost|p2a: Dear Leader|atk|2
|move|p1a: Yveltal|Max Airstream|p2a: Dear Leader
|-damage|p2a: Dear Leader|14/100
|-boost|p1a: Yveltal|spe|1
|-damage|p1a: Yveltal|71/100|[from] item: Life Orb
|
|upkeep
|turn|20
|inactive|thicsucttv has 90 seconds left.
|
|t:|1662406616
|move|p2a: Dear Leader|Extreme Speed|p1a: Yveltal
|-damage|p1a: Yveltal|26/100
|move|p1a: Yveltal|Max Airstream|p2a: Dear Leader
|-damage|p2a: Dear Leader|0 fnt
|-boost|p1a: Yveltal|spe|1
|faint|p2a: Dear Leader
|-damage|p1a: Yveltal|21/100|[from] item: Life Orb
|
|upkeep
|
|t:|1662406623
|switch|p2a: Angst Birb|Yveltal|90/100
|-damage|p2a: Angst Birb|65/100|[from] Stealth Rock
|-ability|p2a: Angst Birb|Dark Aura
|turn|21
|
|t:|1662406632
|-start|p2a: Angst Birb|Dynamax|
|-heal|p2a: Angst Birb|65/100|[silent]
|move|p1a: Yveltal|Max Airstream|p2a: Angst Birb
|-damage|p2a: Angst Birb|25/100
|-boost|p1a: Yveltal|spe|1
|-damage|p1a: Yveltal|16/100|[from] item: Life Orb
|move|p2a: Angst Birb|Max Airstream|p1a: Yveltal
|-damage|p1a: Yveltal|0 fnt
|-boost|p2a: Angst Birb|spe|1
|faint|p1a: Yveltal
|-damage|p2a: Angst Birb|20/100|[from] item: Life Orb
|
|upkeep
|c|☆ClickForVictory|gg
|inactive|thicsucttv has 90 seconds left.
|
|t:|1662406649
|switch|p1a: Necrozma|Necrozma-Dusk-Mane|100/100
|-damage|p1a: Necrozma|95/100|[from] Stealth Rock
|turn|22
|
|t:|1662406657
|move|p2a: Angst Birb|Max Darkness|p1a: Necrozma
|-supereffective|p1a: Necrozma
|-damage|p1a: Necrozma|0 fnt
|faint|p1a: Necrozma
|-damage|p2a: Angst Birb|15/100|[from] item: Life Orb
|
|win|ClickForVictory
|raw|thicsucttv's rating: 1790 &rarr; <strong>1765</strong><br />(-25 for losing)
|raw|ClickForVictory's rating: 1700 &rarr; <strong>1725</strong><br />(+25 for winning)
