|j|☆Ike745
|j|☆Goku Uchiha 2001
|t:|1664548038
|gametype|singles
|player|p1|Ike745|blue|1806
|player|p2|Goku Uchiha 2001|dawn|1839
|teamsize|p1|6
|teamsize|p2|6
|gen|8
|tier|[Gen 8] National Dex AG
|rated|
|rule|HP Percentage Mod: HP is shown in percentages
|rule|Endless Battle Clause: Forcing endless battles is banned
|clearpoke
|poke|p1|Rayquaza|
|poke|p1|Groudon|
|poke|p1|Arceus-*|
|poke|p1|Calyrex-Shadow|
|poke|p1|Yveltal|
|poke|p1|Arceus-*|
|poke|p2|Arceus-*|
|poke|p2|Ditto|
|poke|p2|Kartana|
|poke|p2|Dragapult, F|
|poke|p2|Arceus-*|
|poke|p2|Xerneas-*|
|teampreview
|inactive|Battle timer is ON: inactive players will automatically lose when time's up. (requested by Goku Uchiha 2001)
|inactive|Ike745 also wants the timer to be on.
|
|t:|1664548046
|start
|switch|p1a: Groudon|Groudon, shiny|100/100
|switch|p2a: Dragapult|Dragapult, F|100/100
|detailschange|p1a: Groudon|Groudon-Primal, shiny
|-primal|p1a: Groudon
|-weather|DesolateLand|[from] ability: Desolate Land|[of] p1a: Groudon
|turn|1
|
|t:|1664548056
|switch|p2a: Arceus|Arceus-Fairy|100/100
|move|p1a: Groudon|Stealth Rock|p2a: Arceus
|-sidestart|p2: Goku Uchiha 2001|move: Stealth Rock
|
|-weather|DesolateLand|[upkeep]
|upkeep
|turn|2
|
|t:|1664548059
|move|p2a: Arceus|Stealth Rock|p1a: Groudon
|-sidestart|p1: Ike745|move: Stealth Rock
|move|p1a: Groudon|Thunder Wave|p2a: Arceus|[miss]
|-miss|p1a: Groudon|p2a: Arceus
|
|-weather|DesolateLand|[upkeep]
|upkeep
|turn|3
|
|t:|1664548062
|move|p2a: Arceus|Toxic|p1a: Groudon
|-status|p1a: Groudon|tox
|move|p1a: Groudon|Thunder Wave|p2a: Arceus|[miss]
|-miss|p1a: Groudon|p2a: Arceus
|
|-weather|DesolateLand|[upkeep]
|-damage|p1a: Groudon|94/100 tox|[from] psn
|upkeep
|turn|4
|c|☆Ike745|ayo
|
|t:|1664548070
|move|p2a: Arceus|Judgment|p1a: Groudon
|-resisted|p1a: Groudon
|-damage|p1a: Groudon|72/100 tox
|move|p1a: Groudon|Thunder Wave|p2a: Arceus
|-status|p2a: Arceus|par
|
|-weather|DesolateLand|[upkeep]
|-damage|p1a: Groudon|60/100 tox|[from] psn
|upkeep
|turn|5
|
|t:|1664548076
|-weather|none
|switch|p1a: Arceus|Arceus-Fairy|100/100
|-damage|p1a: Arceus|88/100|[from] Stealth Rock
|cant|p2a: Arceus|par
|
|upkeep
|turn|6
|
|t:|1664548083
|move|p1a: Arceus|Judgment|p2a: Arceus
|-damage|p2a: Arceus|77/100 par
|move|p2a: Arceus|Toxic|p1a: Arceus
|-status|p1a: Arceus|tox
|
|-damage|p1a: Arceus|82/100 tox|[from] psn
|upkeep
|turn|7
|
|t:|1664548098
|move|p1a: Arceus|Judgment|p2a: Arceus
|-damage|p2a: Arceus|53/100 par
|move|p2a: Arceus|Recover|p2a: Arceus
|-heal|p2a: Arceus|100/100 par
|
|-damage|p1a: Arceus|70/100 tox|[from] psn
|upkeep
|turn|8
|
|t:|1664548122
|move|p1a: Arceus|Recover|p1a: Arceus
|-heal|p1a: Arceus|100/100 tox
|move|p2a: Arceus|Judgment|p1a: Arceus
|-damage|p1a: Arceus|74/100 tox
|
|-damage|p1a: Arceus|56/100 tox|[from] psn
|upkeep
|turn|9
|
|t:|1664548134
|switch|p1a: Groudon|Groudon-Primal, shiny|60/100 tox
|-damage|p1a: Groudon|48/100 tox|[from] Stealth Rock
|-weather|DesolateLand|[from] ability: Desolate Land|[of] p1a: Groudon
|move|p2a: Arceus|Judgment|p1a: Groudon
|-resisted|p1a: Groudon
|-damage|p1a: Groudon|26/100 tox
|
|-weather|DesolateLand|[upkeep]
|-damage|p1a: Groudon|20/100 tox|[from] psn
|upkeep
|turn|10
|
|t:|1664548142
|move|p1a: Groudon|Precipice Blades|p2a: Arceus
|-damage|p2a: Arceus|51/100 par
|move|p2a: Arceus|Recover|p2a: Arceus
|-heal|p2a: Arceus|100/100 par
|
|-weather|DesolateLand|[upkeep]
|-damage|p1a: Groudon|7/100 tox|[from] psn
|upkeep
|turn|11
|
|t:|1664548146
|move|p1a: Groudon|Precipice Blades|p2a: Arceus
|-damage|p2a: Arceus|53/100 par
|cant|p2a: Arceus|par
|
|-weather|DesolateLand|[upkeep]
|-damage|p1a: Groudon|0 fnt|[from] psn
|faint|p1a: Groudon
|-weather|none
|upkeep
|
|t:|1664548157
|switch|p1a: Yveltal|Yveltal|100/100
|-damage|p1a: Yveltal|76/100|[from] Stealth Rock
|-ability|p1a: Yveltal|Dark Aura
|turn|12
|
|t:|1664548162
|-start|p1a: Yveltal|Dynamax|
|-heal|p1a: Yveltal|76/100|[silent]
|move|p1a: Yveltal|Max Airstream|p2a: Arceus
|-damage|p2a: Arceus|9/100 par
|-boost|p1a: Yveltal|spe|1
|-damage|p1a: Yveltal|71/100|[from] item: Life Orb
|cant|p2a: Arceus|par
|
|upkeep
|turn|13
|
|t:|1664548168
|move|p1a: Yveltal|Max Airstream|p2a: Arceus
|-damage|p2a: Arceus|0 fnt
|-boost|p1a: Yveltal|spe|1
|faint|p2a: Arceus
|-damage|p1a: Yveltal|66/100|[from] item: Life Orb
|
|upkeep
|
|t:|1664548180
|switch|p2a: Xerneas|Xerneas, shiny|100/100
|-damage|p2a: Xerneas|88/100|[from] Stealth Rock
|-ability|p2a: Xerneas|Fairy Aura
|turn|14
|
|t:|1664548185
|move|p1a: Yveltal|Max Airstream|p2a: Xerneas
|-damage|p2a: Xerneas|9/100
|-boost|p1a: Yveltal|spe|1
|-damage|p1a: Yveltal|61/100|[from] item: Life Orb
|move|p2a: Xerneas|Geomancy||[still]
|-prepare|p2a: Xerneas|Geomancy
|-enditem|p2a: Xerneas|Power Herb
|-anim|p2a: Xerneas|Geomancy|p2a: Xerneas
|-boost|p2a: Xerneas|spa|2
|-boost|p2a: Xerneas|spd|2
|-boost|p2a: Xerneas|spe|2
|
|upkeep
|-end|p1a: Yveltal|Dynamax
|-heal|p1a: Yveltal|61/100|[silent]
|turn|15
|
|t:|1664548191
|move|p1a: Yveltal|Oblivion Wing|p2a: Xerneas
|-crit|p2a: Xerneas
|-damage|p2a: Xerneas|0 fnt
|-heal|p1a: Yveltal|68/100|[from] drain|[of] p2a: Xerneas
|faint|p2a: Xerneas
|-damage|p1a: Yveltal|58/100|[from] item: Life Orb
|
|upkeep
|
|t:|1664548194
|switch|p2a: Arceus|Arceus|100/100
|-damage|p2a: Arceus|88/100|[from] Stealth Rock
|turn|16
|
|t:|1664548198
|move|p1a: Yveltal|Oblivion Wing|p2a: Arceus
|-damage|p2a: Arceus|48/100
|-heal|p1a: Yveltal|92/100|[from] drain|[of] p2a: Arceus
|-damage|p1a: Yveltal|82/100|[from] item: Life Orb
|move|p2a: Arceus|Swords Dance|p2a: Arceus
|-boost|p2a: Arceus|atk|2
|
|upkeep
|turn|17
|
|t:|1664548204
|move|p2a: Arceus|Extreme Speed|p1a: Yveltal
|-damage|p1a: Yveltal|3/100
|move|p1a: Yveltal|Dark Pulse|p2a: Arceus
|-damage|p2a: Arceus|0 fnt
|faint|p2a: Arceus
|-damage|p1a: Yveltal|0 fnt|[from] item: Life Orb
|faint|p1a: Yveltal
|
|upkeep
|
|t:|1664548226
|switch|p1a: Arceus|Arceus, shiny|100/100
|switch|p2a: Kartana|Kartana|100/100
|-damage|p2a: Kartana|94/100|[from] Stealth Rock
|-damage|p1a: Arceus|88/100|[from] Stealth Rock
|turn|18
|inactive|Goku Uchiha 2001 has 120 seconds left.
|
|t:|1664548257
|-start|p2a: Kartana|Dynamax|
|-heal|p2a: Kartana|94/100|[silent]
|move|p2a: Kartana|Max Knuckle|p1a: Arceus
|-supereffective|p1a: Arceus
|-enditem|p1a: Arceus|Chople Berry|[eat]
|-enditem|p1a: Arceus|Chople Berry|[weaken]
|-damage|p1a: Arceus|61/100
|-boost|p2a: Kartana|atk|1
|move|p1a: Arceus|Shadow Claw|p2a: Kartana
|-crit|p2a: Kartana
|-damage|p2a: Kartana|75/100
|
|-heal|p2a: Kartana|78/100|[from] item: Leftovers
|upkeep
|turn|19
|inactive|Ike745 has 120 seconds left.
|
|t:|1664548291
|move|p2a: Kartana|Max Airstream|p1a: Arceus
|-damage|p1a: Arceus|14/100
|-boost|p2a: Kartana|spe|1
|move|p1a: Arceus|Recover|p1a: Arceus
|-heal|p1a: Arceus|64/100
|
|-heal|p2a: Kartana|81/100|[from] item: Leftovers
|upkeep
|turn|20
|inactive|Goku Uchiha 2001 has 120 seconds left.
|
|t:|1664548300
|move|p2a: Kartana|Max Airstream|p1a: Arceus
|-damage|p1a: Arceus|13/100
|-boost|p2a: Kartana|spe|1
|move|p1a: Arceus|Recover|p1a: Arceus
|-heal|p1a: Arceus|63/100
|
|-heal|p2a: Kartana|84/100|[from] item: Leftovers
|upkeep
|-end|p2a: Kartana|Dynamax
|-heal|p2a: Kartana|85/100|[silent]
|turn|21
|inactive|Ike745 has 120 seconds left.
|
|t:|1664548330
|move|p1a: Arceus|Extreme Speed|p2a: Kartana
|-resisted|p2a: Kartana
|-damage|p2a: Kartana|62/100
|move|p2a: Kartana|Sacred Sword|p1a: Arceus
|-supereffective|p1a: Arceus
|-damage|p1a: Arceus|0 fnt
|faint|p1a: Arceus
|-ability|p2a: Kartana|Beast Boost|boost
|-boost|p2a: Kartana|atk|1
|
|-heal|p2a: Kartana|68/100|[from] item: Leftovers
|upkeep
|
|t:|1664548350
|switch|p1a: Rayquaza|Rayquaza|100/100
|-damage|p1a: Rayquaza|76/100|[from] Stealth Rock
|-ability|p1a: Rayquaza|Air Lock
|turn|22
|
|t:|1664548353
|detailschange|p1a: Rayquaza|Rayquaza-Mega
|-mega|p1a: Rayquaza|Rayquaza|
|-weather|DeltaStream|[from] ability: Delta Stream|[of] p1a: Rayquaza
|move|p2a: Kartana|Smart Strike|p1a: Rayquaza
|-damage|p1a: Rayquaza|0 fnt
|faint|p1a: Rayquaza
|-weather|none
|-ability|p2a: Kartana|Beast Boost|boost
|-boost|p2a: Kartana|atk|1
|
|-heal|p2a: Kartana|74/100|[from] item: Leftovers
|upkeep
|
|t:|1664548360
|switch|p1a: Calyrex|Calyrex-Shadow|100/100
|-ability|p1a: Calyrex|As One
|-ability|p1a: Calyrex|Unnerve
|-damage|p1a: Calyrex|88/100|[from] Stealth Rock
|turn|23
|
|t:|1664548371
|move|p2a: Kartana|Leaf Blade|p1a: Calyrex
|-damage|p1a: Calyrex|0 fnt
|faint|p1a: Calyrex
|-ability|p2a: Kartana|Beast Boost|boost
|-boost|p2a: Kartana|atk|1
|
|-heal|p2a: Kartana|80/100|[from] item: Leftovers
|upkeep
|
|t:|1664548377
|switch|p1a: Arceus|Arceus-Fairy|56/100 tox
|-damage|p1a: Arceus|44/100 tox|[from] Stealth Rock
|turn|24
|
|t:|1664548394
|move|p2a: Kartana|Smart Strike|p1a: Arceus
|-supereffective|p1a: Arceus
|-damage|p1a: Arceus|0 fnt
|faint|p1a: Arceus
|
|win|Goku Uchiha 2001
|raw|Ike745's rating: 1806 &rarr; <strong>1788</strong><br />(-18 for losing)
|raw|Goku Uchiha 2001's rating: 1839 &rarr; <strong>1857</strong><br />(+18 for winning)
