|j|☆700club
|j|‽BrixTrynaLuv
|t:|1666370762
|gametype|singles
|player|p1|700club|shadowtriad|1525
|player|p2|BrixTrynaLuv|linebacker|1689
|teamsize|p1|6
|teamsize|p2|6
|gen|8
|tier|[Gen 8] National Dex AG
|rated|
|rule|HP Percentage Mod: HP is shown in percentages
|rule|Endless Battle Clause: Forcing endless battles is banned
|clearpoke
|poke|p1|Unown|
|poke|p1|Rayquaza|
|poke|p1|Necrozma-Dusk-Mane|
|poke|p1|Deoxys-Speed|
|poke|p1|Zacian-*|
|poke|p1|Yveltal|
|poke|p2|Arceus-*|
|poke|p2|Yveltal|
|poke|p2|Calyrex-Shadow|
|poke|p2|Quagsire, M|
|poke|p2|Zygarde|
|poke|p2|Pheromosa|
|teampreview
|inactive|Battle timer is ON: inactive players will automatically lose when time's up. (requested by BrixTrynaLuv)
|c|☆700club|hi
|
|t:|1666370781
|start
|switch|p1a: Deoxys|Deoxys-Speed|100/100
|switch|p2a: Pheromosa|Pheromosa|100/100
|-ability|p1a: Deoxys|Pressure
|turn|1
|
|t:|1666370795
|move|p1a: Deoxys|Reflect|p1a: Deoxys
|-sidestart|p1: 700club|Reflect
|move|p2a: Pheromosa|Foul Play|p1a: Deoxys
|-supereffective|p1a: Deoxys
|-damage|p1a: Deoxys|79/100
|
|upkeep
|turn|2
|
|t:|1666370804
|move|p1a: Deoxys|Stealth Rock|p2a: Pheromosa
|-sidestart|p2: BrixTrynaLuv|move: Stealth Rock
|move|p2a: Pheromosa|Triple Axel|p1a: Deoxys
|-damage|p1a: Deoxys|74/100
|-damage|p1a: Deoxys|65/100
|-damage|p1a: Deoxys|52/100
|-hitcount|p1a: Deoxys|3
|
|upkeep
|turn|3
|
|t:|1666370813
|move|p1a: Deoxys|Light Screen|p1a: Deoxys
|-sidestart|p1: 700club|move: Light Screen
|move|p2a: Pheromosa|Triple Axel|p1a: Deoxys
|-damage|p1a: Deoxys|48/100
|-damage|p1a: Deoxys|40/100
|-damage|p1a: Deoxys|27/100
|-hitcount|p1a: Deoxys|3
|
|upkeep
|turn|4
|
|t:|1666370821
|move|p1a: Deoxys|Taunt|p2a: Pheromosa
|-start|p2a: Pheromosa|move: Taunt
|move|p2a: Pheromosa|Triple Axel|p1a: Deoxys
|-damage|p1a: Deoxys|22/100
|-damage|p1a: Deoxys|13/100
|-damage|p1a: Deoxys|0 fnt
|faint|p1a: Deoxys
|-ability|p2a: Pheromosa|Beast Boost|boost
|-boost|p2a: Pheromosa|spe|1
|-hitcount|p1: Deoxys|3
|
|upkeep
|
|t:|1666370837
|switch|p1a: Rayquaza|Rayquaza|100/100
|-ability|p1a: Rayquaza|Air Lock
|turn|5
|
|t:|1666370848
|detailschange|p1a: Rayquaza|Rayquaza-Mega
|-mega|p1a: Rayquaza|Rayquaza|
|-weather|DeltaStream|[from] ability: Delta Stream|[of] p1a: Rayquaza
|move|p2a: Pheromosa|Triple Axel|p1a: Rayquaza
|-activate||deltastream
|-supereffective|p1a: Rayquaza
|-damage|p1a: Rayquaza|93/100
|-activate||deltastream
|-supereffective|p1a: Rayquaza
|-damage|p1a: Rayquaza|79/100
|-activate||deltastream
|-supereffective|p1a: Rayquaza
|-damage|p1a: Rayquaza|56/100
|-hitcount|p1a: Rayquaza|3
|move|p1a: Rayquaza|Dragon Ascent|p2a: Pheromosa
|-supereffective|p2a: Pheromosa
|-enditem|p2a: Pheromosa|Focus Sash
|-damage|p2a: Pheromosa|1/100
|-unboost|p1a: Rayquaza|def|1
|-unboost|p1a: Rayquaza|spd|1
|-damage|p1a: Rayquaza|46/100|[from] item: Life Orb
|
|-weather|DeltaStream|[upkeep]
|-sideend|p1: 700club|Reflect
|upkeep
|turn|6
|
|t:|1666370866
|move|p1a: Rayquaza|Extreme Speed|p2a: Pheromosa
|-damage|p2a: Pheromosa|0 fnt
|faint|p2a: Pheromosa
|-damage|p1a: Rayquaza|36/100|[from] item: Life Orb
|
|-weather|DeltaStream|[upkeep]
|upkeep
|
|t:|1666370873
|switch|p2a: Arceus|Arceus|100/100
|-damage|p2a: Arceus|88/100|[from] Stealth Rock
|turn|7
|
|t:|1666370878
|move|p2a: Arceus|Extreme Speed|p1a: Rayquaza
|-damage|p1a: Rayquaza|0 fnt
|faint|p1a: Rayquaza
|-weather|none
|
|-heal|p2a: Arceus|94/100|[from] item: Leftovers
|-sideend|p1: 700club|move: Light Screen
|upkeep
|
|t:|1666370895
|switch|p1a: Zacian|Zacian-Crowned|100/100
|-ability|p1a: Zacian|Intrepid Sword|boost
|-boost|p1a: Zacian|atk|1
|turn|8
|
|t:|1666370901
|switch|p2a: Quagsire|Quagsire, M, shiny|100/100
|-damage|p2a: Quagsire|94/100|[from] Stealth Rock
|move|p1a: Zacian|Substitute|p1a: Zacian
|-start|p1a: Zacian|Substitute
|-damage|p1a: Zacian|76/100
|
|upkeep
|turn|9
|
|t:|1666370927
|move|p1a: Zacian|Close Combat|p2a: Quagsire
|-damage|p2a: Quagsire|60/100
|-unboost|p1a: Zacian|def|1
|-unboost|p1a: Zacian|spd|1
|-damage|p1a: Zacian|59/100|[from] item: Rocky Helmet|[of] p2a: Quagsire
|move|p2a: Quagsire|Haze|p2a: Quagsire
|-clearallboost
|
|upkeep
|turn|10
|inactive|700club has 120 seconds left.
|
|t:|1666370949
|switch|p1a: Yveltal|Yveltal|100/100
|-ability|p1a: Yveltal|Dark Aura
|move|p2a: Quagsire|Recover|p2a: Quagsire
|-heal|p2a: Quagsire|100/100
|
|upkeep
|turn|11
|inactive|700club has 120 seconds left.
|inactive|BrixTrynaLuv has 120 seconds left.
|inactive|BrixTrynaLuv has 90 seconds left.
|
|t:|1666371010
|switch|p2a: Yveltal|Yveltal, shiny|100/100
|-damage|p2a: Yveltal|75/100|[from] Stealth Rock
|-ability|p2a: Yveltal|Dark Aura
|-start|p1a: Yveltal|Dynamax|
|-heal|p1a: Yveltal|100/100|[silent]
|move|p1a: Yveltal|Max Darkness|p2a: Yveltal
|-resisted|p2a: Yveltal
|-damage|p2a: Yveltal|47/100
|-unboost|p2a: Yveltal|spd|1
|-damage|p1a: Yveltal|96/100|[from] item: Life Orb
|
|upkeep
|turn|12
|inactive|700club has 120 seconds left.
|
|t:|1666371024
|move|p1a: Yveltal|Max Airstream|p2a: Yveltal
|-damage|p2a: Yveltal|0 fnt
|-boost|p1a: Yveltal|spe|1
|faint|p2a: Yveltal
|-damage|p1a: Yveltal|91/100|[from] item: Life Orb
|
|upkeep
|
|t:|1666371032
|switch|p2a: Arceus|Arceus|94/100
|-damage|p2a: Arceus|82/100|[from] Stealth Rock
|turn|13
|inactive|700club has 120 seconds left.
|
|t:|1666371051
|move|p1a: Yveltal|Max Darkness|p2a: Arceus
|-damage|p2a: Arceus|1/100
|-unboost|p2a: Arceus|spd|1
|-damage|p1a: Yveltal|86/100|[from] item: Life Orb
|move|p2a: Arceus|Swords Dance|p2a: Arceus
|-boost|p2a: Arceus|atk|2
|
|-heal|p2a: Arceus|7/100|[from] item: Leftovers
|upkeep
|-end|p1a: Yveltal|Dynamax
|-heal|p1a: Yveltal|86/100|[silent]
|turn|14
|inactive|700club has 120 seconds left.
|
|t:|1666371064
|move|p2a: Arceus|Extreme Speed|p1a: Yveltal
|-damage|p1a: Yveltal|2/100
|move|p1a: Yveltal|Oblivion Wing|p2a: Arceus
|-damage|p2a: Arceus|0 fnt
|-heal|p1a: Yveltal|7/100|[from] drain|[of] p2a: Arceus
|faint|p2a: Arceus
|-damage|p1a: Yveltal|0 fnt|[from] item: Life Orb
|faint|p1a: Yveltal
|
|upkeep
|inactive|700club has 120 seconds left.
|c|☆700club|wow
|inactive|700club has 90 seconds left.
|
|t:|1666371102
|switch|p1a: Necrozma|Necrozma-Dusk-Mane|100/100
|switch|p2a: Calyrex|Calyrex-Shadow|100/100
|-ability|p2a: Calyrex|As One
|-ability|p2a: Calyrex|Unnerve
|-damage|p2a: Calyrex|88/100|[from] Stealth Rock
|turn|15
|inactive|700club has 90 seconds left.
|
|t:|1666371124
|switch|p2a: Quagsire|Quagsire, M, shiny|100/100
|-damage|p2a: Quagsire|94/100|[from] Stealth Rock
|detailschange|p1a: Necrozma|Necrozma-Ultra
|-burst|p1a: Necrozma|Necrozma|Ultranecrozium Z
|move|p1a: Necrozma|Dragon Dance|p1a: Necrozma
|-boost|p1a: Necrozma|atk|1
|-boost|p1a: Necrozma|spe|1
|
|upkeep
|turn|16
|
|t:|1666371145
|-zpower|p1a: Necrozma
|move|p1a: Necrozma|Light That Burns the Sky|p2a: Quagsire|[zeffect]
|-damage|p2a: Quagsire|0 fnt
|faint|p2a: Quagsire
|
|upkeep
|
|t:|1666371150
|switch|p2a: Calyrex|Calyrex-Shadow|88/100
|-ability|p2a: Calyrex|As One
|-ability|p2a: Calyrex|Unnerve
|-damage|p2a: Calyrex|76/100|[from] Stealth Rock
|turn|17
|inactive|700club has 90 seconds left.
|
|t:|1666371182
|move|p2a: Calyrex|Astral Barrage|p1a: Necrozma
|-supereffective|p1a: Necrozma
|-damage|p1a: Necrozma|0 fnt
|faint|p1a: Necrozma
|-ability|p2a: Calyrex|Grim Neigh|boost
|-boost|p2a: Calyrex|spa|1
|
|upkeep
|c|☆700club|gg
|inactive|700club has 60 seconds left.
|
|t:|1666371198
|switch|p1a: Unown|Unown|100/100
|turn|18
|inactive|BrixTrynaLuv has 120 seconds left.
|
|t:|1666371214
|move|p2a: Calyrex|Astral Barrage|p1a: Unown
|-supereffective|p1a: Unown
|-damage|p1a: Unown|0 fnt
|faint|p1a: Unown
|-ability|p2a: Calyrex|Grim Neigh|boost
|-boost|p2a: Calyrex|spa|1
|
|upkeep
|
|t:|1666371221
|switch|p1a: Zacian|Zacian-Crowned|59/100
|-ability|p1a: Zacian|Intrepid Sword|boost
|-boost|p1a: Zacian|atk|1
|turn|19
|
|t:|1666371226
|move|p2a: Calyrex|Astral Barrage|p1a: Zacian
|-damage|p1a: Zacian|0 fnt
|faint|p1a: Zacian
|
|win|BrixTrynaLuv
|raw|700club's rating: 1525 &rarr; <strong>1514</strong><br />(-11 for losing)
|raw|BrixTrynaLuv's rating: 1689 &rarr; <strong>1700</strong><br />(+11 for winning)
|l|☆700club
||Ladder isn't responding, score probably updated but might not have (Request timeout).
