|j|☆Sir Grandmaster
|j|☆Glaliegoesboom ❤
|t:|1667937459
|gametype|singles
|player|p1|Sir Grandmaster|ghetsis|
|player|p2|Glaliegoesboom ❤|cynthia-masters|
|teamsize|p1|6
|teamsize|p2|6
|gen|8
|tier|[Gen 8] National Dex AG
|rule|HP Percentage Mod: HP is shown in percentages
|rule|Endless Battle Clause: Forcing endless battles is banned
|clearpoke
|poke|p1|Heracross, M|
|poke|p1|Dracovish|
|poke|p1|Porygon2|
|poke|p1|Marowak-Alola, F|
|poke|p1|Rampardos, M|
|poke|p1|Hatterene, F|
|poke|p2|Alomomola, F|
|poke|p2|Sableye, F|
|poke|p2|Cradily, F|
|poke|p2|Toxapex, F|
|poke|p2|Hippowdon, F|
|poke|p2|Corviknight, M|
|teampreview
|inactive|Battle timer is ON: inactive players will automatically lose when time's up. (requested by Glaliegoesboom ❤)
|c|☆Sir Grandmaster|hfgl
|c|☆Glaliegoesboom ❤|U2
|inactive|Glaliegoesboom ❤ has 270 seconds left.
|
|t:|1667937502
|start
|switch|p1a: Heracross|Heracross, M|100/100
|switch|p2a: Cradily|Cradily, F|100/100
|turn|1
|
|t:|1667937513
|switch|p2a: Toxapex|Toxapex, F|100/100
|detailschange|p1a: Heracross|Heracross-Mega, M
|-mega|p1a: Heracross|Heracross|Heracronite
|move|p1a: Heracross|Swords Dance|p1a: Heracross
|-boost|p1a: Heracross|atk|2
|
|upkeep
|turn|2
|
|t:|1667937518
|move|p1a: Heracross|Earthquake|p2a: Toxapex
|-supereffective|p2a: Toxapex
|-crit|p2a: Toxapex
|-damage|p2a: Toxapex|0 fnt
|faint|p2a: Toxapex
|
|upkeep
|
|t:|1667937527
|switch|p2a: Corviknight|Corviknight, M|100/100
|-ability|p2a: Corviknight|Pressure
|turn|3
|
|t:|1667937532
|move|p2a: Corviknight|Iron Defense|p2a: Corviknight
|-boost|p2a: Corviknight|def|2
|move|p1a: Heracross|Close Combat|p2a: Corviknight
|-damage|p2a: Corviknight|24/100
|-unboost|p1a: Heracross|def|1
|-unboost|p1a: Heracross|spd|1
|
|-heal|p2a: Corviknight|31/100|[from] item: Leftovers
|upkeep
|turn|4
|inactive|Glaliegoesboom ❤ has 270 seconds left.
|
|t:|1667937564
|move|p2a: Corviknight|Roost|p2a: Corviknight
|-heal|p2a: Corviknight|81/100
|-singleturn|p2a: Corviknight|move: Roost
|move|p1a: Heracross|Close Combat|p2a: Corviknight
|-supereffective|p2a: Corviknight
|-damage|p2a: Corviknight|0 fnt
|-unboost|p1a: Heracross|def|1
|-unboost|p1a: Heracross|spd|1
|faint|p2a: Corviknight
|
|upkeep
|
|t:|1667937568
|switch|p2a: Hippowdon|Hippowdon, F|100/100
|-weather|Sandstorm|[from] ability: Sand Stream|[of] p2a: Hippowdon
|turn|5
|
|t:|1667937590
|-start|p2a: Hippowdon|Dynamax|
|-heal|p2a: Hippowdon|100/100|[silent]
|move|p1a: Heracross|Close Combat|p2a: Hippowdon
|-damage|p2a: Hippowdon|50/100
|-unboost|p1a: Heracross|def|1
|-unboost|p1a: Heracross|spd|1
|move|p2a: Hippowdon|Max Quake|p1a: Heracross
|-resisted|p1a: Heracross
|-damage|p1a: Heracross|54/100
|-boost|p2a: Hippowdon|spd|1
|
|-weather|Sandstorm|[upkeep]
|-damage|p1a: Heracross|47/100|[from] Sandstorm
|-heal|p2a: Hippowdon|53/100|[from] item: Leftovers
|upkeep
|turn|6
|
|t:|1667937597
|move|p1a: Heracross|Close Combat|p2a: Hippowdon
|-damage|p2a: Hippowdon|4/100
|-unboost|p1a: Heracross|def|1
|-unboost|p1a: Heracross|spd|1
|move|p2a: Hippowdon|Max Quake|p1a: Heracross
|-resisted|p1a: Heracross
|-damage|p1a: Heracross|0 fnt
|-boost|p2a: Hippowdon|spd|1
|faint|p1a: Heracross
|
|-weather|Sandstorm|[upkeep]
|-heal|p2a: Hippowdon|7/100|[from] item: Leftovers
|upkeep
|
|t:|1667937600
|switch|p1a: Dracovish|Dracovish|100/100
|turn|7
|
|t:|1667937604
|-end|p2a: Hippowdon|Dynamax
|-heal|p2a: Hippowdon|7/100|[silent]
|switch|p2a: Cradily|Cradily, F|100/100
|move|p1a: Dracovish|Ice Fang|p2a: Cradily
|-supereffective|p2a: Cradily
|-damage|p2a: Cradily|20/100
|
|-weather|Sandstorm|[upkeep]
|-damage|p1a: Dracovish|94/100|[from] Sandstorm
|-heal|p2a: Cradily|26/100|[from] item: Leftovers
|upkeep
|turn|8
|
|t:|1667937609
|switch|p2a: Alomomola|Alomomola, F|100/100
|move|p1a: Dracovish|Ice Fang|p2a: Alomomola
|-resisted|p2a: Alomomola
|-damage|p2a: Alomomola|89/100
|
|-weather|Sandstorm|[upkeep]
|-damage|p2a: Alomomola|82/100|[from] Sandstorm
|-damage|p1a: Dracovish|88/100|[from] Sandstorm
|-heal|p2a: Alomomola|89/100|[from] item: Leftovers
|upkeep
|turn|9
|
|t:|1667937613
|switch|p1a: Hatterene|Hatterene, F|100/100
|move|p2a: Alomomola|Wish|p2a: Alomomola
|
|-weather|none
|-heal|p2a: Alomomola|95/100|[from] item: Leftovers
|upkeep
|turn|10
|
|t:|1667937623
|switch|p2a: Cradily|Cradily, F|26/100
|move|p1a: Hatterene|Mystical Fire|p2a: Cradily
|-damage|p2a: Cradily|12/100
|-unboost|p2a: Cradily|spa|1
|
|-heal|p2a: Cradily|83/100|[from] move: Wish|[wisher] Alomomola
|-heal|p2a: Cradily|89/100|[from] item: Leftovers
|upkeep
|turn|11
|
|t:|1667937644
|move|p2a: Cradily|Grass Knot|p1a: Hatterene
|-damage|p1a: Hatterene|96/100
|move|p1a: Hatterene|Trick Room|p1a: Hatterene
|-fieldstart|move: Trick Room|[of] p1a: Hatterene
|
|-heal|p2a: Cradily|95/100|[from] item: Leftovers
|upkeep
|turn|12
|
|t:|1667937670
|switch|p1a: Rampardos|Rampardos, M|100/100
|-ability|p1a: Rampardos|Mold Breaker
|move|p2a: Cradily|Leech Seed|p1a: Rampardos
|-start|p1a: Rampardos|move: Leech Seed
|
|-heal|p2a: Cradily|100/100|[from] item: Leftovers
|-damage|p1a: Rampardos|88/100|[from] Leech Seed|[of] p2a: Cradily
|upkeep
|turn|13
|
|t:|1667937680
|switch|p2a: Alomomola|Alomomola, F|100/100
|-start|p1a: Rampardos|Dynamax|
|-heal|p1a: Rampardos|88/100|[silent]
|move|p1a: Rampardos|Max Knuckle|p2a: Alomomola
|-damage|p2a: Alomomola|73/100
|-boost|p1a: Rampardos|atk|1
|-damage|p1a: Rampardos|83/100|[from] item: Life Orb
|
|-heal|p2a: Alomomola|79/100|[from] item: Leftovers
|-damage|p1a: Rampardos|77/100|[from] Leech Seed|[of] p2a: Alomomola
|-heal|p2a: Alomomola|88/100|[silent]
|upkeep
|turn|14
|
|t:|1667937689
|move|p2a: Alomomola|Protect|p2a: Alomomola
|-singleturn|p2a: Alomomola|Protect
|move|p1a: Rampardos|Max Rockfall|p2a: Alomomola
|-zbroken|p2a: Alomomola
|-damage|p2a: Alomomola|62/100
|-weather|Sandstorm
|-damage|p1a: Rampardos|72/100|[from] item: Life Orb
|
|-weather|Sandstorm|[upkeep]
|-damage|p2a: Alomomola|56/100|[from] Sandstorm
|-heal|p2a: Alomomola|62/100|[from] item: Leftovers
|-damage|p1a: Rampardos|66/100|[from] Leech Seed|[of] p2a: Alomomola
|-heal|p2a: Alomomola|71/100|[silent]
|upkeep
|turn|15
|inactive|Glaliegoesboom ❤ has 270 seconds left.
|
|t:|1667937738
|move|p1a: Rampardos|Max Rockfall|p2a: Alomomola
|-damage|p2a: Alomomola|0 fnt
|faint|p2a: Alomomola
|-damage|p1a: Rampardos|61/100|[from] item: Life Orb
|
|-weather|Sandstorm|[upkeep]
|-fieldend|move: Trick Room
|upkeep
|
|t:|1667937743
|switch|p2a: Hippowdon|Hippowdon, F|7/100
|-end|p1a: Rampardos|Dynamax
|-heal|p1a: Rampardos|61/100|[silent]
|turn|16
|
|t:|1667937755
|switch|p1a: Porygon2|Porygon2|100/100
|-ability|p1a: Porygon2|Sand Stream|[from] ability: Trace|[of] p2a: Hippowdon
|move|p2a: Hippowdon|Slack Off|p2a: Hippowdon
|-heal|p2a: Hippowdon|57/100
|
|-weather|Sandstorm|[upkeep]
|-damage|p1a: Porygon2|94/100|[from] Sandstorm
|-heal|p2a: Hippowdon|64/100|[from] item: Leftovers
|upkeep
|turn|17
|inactive|Glaliegoesboom ❤ has 270 seconds left.
|
|t:|1667937768
|switch|p2a: Sableye|Sableye, F|100/100
|move|p1a: Porygon2|Trick Room|p1a: Porygon2
|-fieldstart|move: Trick Room|[of] p1a: Porygon2
|
|-weather|Sandstorm|[upkeep]
|-damage|p1a: Porygon2|88/100|[from] Sandstorm
|-damage|p2a: Sableye|94/100|[from] Sandstorm
|upkeep
|turn|18
|inactive|Glaliegoesboom ❤ has 270 seconds left.
|
|t:|1667937784
|detailschange|p2a: Sableye|Sableye-Mega, F
|-mega|p2a: Sableye|Sableye|Sablenite
|move|p2a: Sableye|Foul Play|p1a: Porygon2
|-damage|p1a: Porygon2|74/100
|move|p1a: Porygon2|Teleport|p1a: Porygon2
|
|t:|1667937792
|switch|p1a: Marowak|Marowak-Alola, F|100/100|[from]move: Teleport
|
|-weather|none
|upkeep
|turn|19
|
|t:|1667937798
|move|p2a: Sableye|Foul Play|p1a: Marowak
|-supereffective|p1a: Marowak
|-damage|p1a: Marowak|27/100
|move|p1a: Marowak|Flare Blitz|p2a: Sableye
|-damage|p2a: Sableye|28/100
|
|upkeep
|turn|20
|
|t:|1667937810
|switch|p1a: Porygon2|Porygon2|74/100
|-ability|p1a: Porygon2|Magic Bounce|[from] ability: Trace|[of] p2a: Sableye
|move|p2a: Sableye|Foul Play|p1a: Porygon2
|-damage|p1a: Porygon2|59/100
|
|upkeep
|turn|21
|
|t:|1667937813
|move|p2a: Sableye|Recover|p2a: Sableye
|-heal|p2a: Sableye|78/100
|move|p1a: Porygon2|Recover|p1a: Porygon2
|-heal|p1a: Porygon2|100/100
|
|-fieldend|move: Trick Room
|upkeep
|turn|22
|
|t:|1667937819
|move|p2a: Sableye|Recover|p2a: Sableye
|-heal|p2a: Sableye|100/100
|move|p1a: Porygon2|Teleport|p1a: Porygon2
|
|t:|1667937824
|switch|p1a: Rampardos|Rampardos, M|61/100|[from]move: Teleport
|-ability|p1a: Rampardos|Mold Breaker
|
|upkeep
|turn|23
|
|t:|1667937835
|switch|p2a: Hippowdon|Hippowdon, F|64/100
|-weather|Sandstorm|[from] ability: Sand Stream|[of] p2a: Hippowdon
|move|p1a: Rampardos|Head Smash|p2a: Hippowdon|[miss]
|-miss|p1a: Rampardos|p2a: Hippowdon
|
|-weather|Sandstorm|[upkeep]
|-heal|p2a: Hippowdon|70/100|[from] item: Leftovers
|upkeep
|turn|24
|
|t:|1667937851
|switch|p1a: Hatterene|Hatterene, F|96/100
|move|p2a: Hippowdon|Stealth Rock|p1a: Hatterene
|move|p1a: Hatterene|Stealth Rock|p2a: Hippowdon|[from]ability: Magic Bounce
|-sidestart|p2: Glaliegoesboom ❤|move: Stealth Rock
|
|-weather|Sandstorm|[upkeep]
|-damage|p1a: Hatterene|90/100|[from] Sandstorm
|-heal|p2a: Hippowdon|76/100|[from] item: Leftovers
|upkeep
|turn|25
|
|t:|1667937859
|move|p2a: Hippowdon|Earthquake|p1a: Hatterene
|-damage|p1a: Hatterene|59/100
|move|p1a: Hatterene|Mystical Fire|p2a: Hippowdon
|-damage|p2a: Hippowdon|52/100
|-unboost|p2a: Hippowdon|spa|1
|
|-weather|Sandstorm|[upkeep]
|-damage|p1a: Hatterene|53/100|[from] Sandstorm
|-heal|p2a: Hippowdon|58/100|[from] item: Leftovers
|upkeep
|turn|26
|
|t:|1667937864
|move|p2a: Hippowdon|Slack Off|p2a: Hippowdon
|-heal|p2a: Hippowdon|100/100
|-zpower|p1a: Hatterene
|move|p1a: Hatterene|Shattered Psyche|p2a: Hippowdon|[zeffect]
|-damage|p2a: Hippowdon|6/100
|
|-weather|Sandstorm|[upkeep]
|-damage|p1a: Hatterene|47/100|[from] Sandstorm
|-heal|p2a: Hippowdon|12/100|[from] item: Leftovers
|upkeep
|turn|27
|
|t:|1667937871
|move|p2a: Hippowdon|Slack Off|p2a: Hippowdon
|-heal|p2a: Hippowdon|62/100
|move|p1a: Hatterene|Trick Room|p1a: Hatterene
|-fieldstart|move: Trick Room|[of] p1a: Hatterene
|
|-weather|none
|-heal|p2a: Hippowdon|69/100|[from] item: Leftovers
|upkeep
|turn|28
|
|t:|1667937892
|switch|p1a: Dracovish|Dracovish|88/100
|move|p2a: Hippowdon|Earthquake|p1a: Dracovish
|-damage|p1a: Dracovish|57/100
|
|-heal|p2a: Hippowdon|75/100|[from] item: Leftovers
|upkeep
|turn|29
|
|t:|1667937899
|switch|p2a: Cradily|Cradily, F|100/100
|-damage|p2a: Cradily|88/100|[from] Stealth Rock
|move|p1a: Dracovish|Ice Fang|p2a: Cradily
|-supereffective|p2a: Cradily
|-damage|p2a: Cradily|12/100
|
|-heal|p2a: Cradily|19/100|[from] item: Leftovers
|upkeep
|turn|30
|
|t:|1667937910
|move|p2a: Cradily|Grass Knot|p1a: Dracovish
|-damage|p1a: Dracovish|22/100
|move|p1a: Dracovish|Ice Fang|p2a: Cradily
|-supereffective|p2a: Cradily
|-damage|p2a: Cradily|0 fnt
|faint|p2a: Cradily
|
|upkeep
|
|t:|1667937914
|switch|p2a: Sableye|Sableye-Mega, F|100/100
|-damage|p2a: Sableye|88/100|[from] Stealth Rock
|turn|31
|
|t:|1667937917
|switch|p1a: Porygon2|Porygon2|100/100
|-ability|p1a: Porygon2|Magic Bounce|[from] ability: Trace|[of] p2a: Sableye
|move|p2a: Sableye|Foul Play|p1a: Porygon2
|-damage|p1a: Porygon2|86/100
|
|-fieldend|move: Trick Room
|upkeep
|turn|32
|
|t:|1667937922
|move|p2a: Sableye|Will-O-Wisp|p1a: Porygon2
|move|p1a: Porygon2|Will-O-Wisp|p2a: Sableye|[from]ability: Magic Bounce
|-status|p2a: Sableye|brn
|move|p1a: Porygon2|Teleport|p1a: Porygon2
|
|t:|1667937931
|switch|p1a: Marowak|Marowak-Alola, F|27/100|[from]move: Teleport
|
|-damage|p2a: Sableye|82/100 brn|[from] brn
|upkeep
|turn|33
|
|t:|1667937941
|move|p1a: Marowak|Flare Blitz|p2a: Sableye
|-damage|p2a: Sableye|11/100 brn
|move|p2a: Sableye|Foul Play|p1a: Marowak
|-supereffective|p1a: Marowak
|-damage|p1a: Marowak|0 fnt
|faint|p1a: Marowak
|
|-damage|p2a: Sableye|4/100 brn|[from] brn
|upkeep
|
|t:|1667937954
|switch|p1a: Dracovish|Dracovish|22/100
|turn|34
|
|t:|1667937958
|move|p1a: Dracovish|Fishious Rend|p2a: Sableye
|-damage|p2a: Sableye|0 fnt
|faint|p2a: Sableye
|
|upkeep
|
|t:|1667937959
|switch|p2a: Hippowdon|Hippowdon, F|75/100
|-damage|p2a: Hippowdon|69/100|[from] Stealth Rock
|-weather|Sandstorm|[from] ability: Sand Stream|[of] p2a: Hippowdon
|turn|35
|
|t:|1667937965
|move|p1a: Dracovish|Fishious Rend|p2a: Hippowdon
|-supereffective|p2a: Hippowdon
|-damage|p2a: Hippowdon|0 fnt
|faint|p2a: Hippowdon
|
|win|Sir Grandmaster
|c|☆Sir Grandmaster|ggs
|c|☆Glaliegoesboom ❤|Gg
|l|☆Glaliegoesboom ❤
