|j|☆moyv123
|j|☆Defensive0
|t:|1667231538
|gametype|singles
|player|p1|moyv123|1|1693
|player|p2|Defensive0|riley|1946
|teamsize|p1|6
|teamsize|p2|6
|gen|8
|tier|[Gen 8] National Dex AG
|rated|
|rule|HP Percentage Mod: HP is shown in percentages
|rule|Endless Battle Clause: Forcing endless battles is banned
|clearpoke
|poke|p1|Zacian-*|
|poke|p1|Kyogre|
|poke|p1|Rayquaza|
|poke|p1|Marshadow|
|poke|p1|Ditto|
|poke|p1|Arceus-*|
|poke|p2|Kyogre|
|poke|p2|Zacian-*|
|poke|p2|Ditto|
|poke|p2|Arceus-*|
|poke|p2|Groudon|
|poke|p2|Arceus-*|
|teampreview
|inactive|Battle timer is ON: inactive players will automatically lose when time's up. (requested by Defensive0)
|
|t:|1667231561
|start
|switch|p1a: Rayquaza|Rayquaza|100/100
|switch|p2a: Groudon|Groudon|100/100
|-ability|p1a: Rayquaza|Air Lock
|detailschange|p2a: Groudon|Groudon-Primal
|-primal|p2a: Groudon
|-weather|DesolateLand|[from] ability: Desolate Land|[of] p2a: Groudon
|turn|1
|inactive|Defensive0 has 120 seconds left.
|c|☆moyv123|。
|inactive|Defensive0 has 90 seconds left.
|
|t:|1667231626
|detailschange|p1a: Rayquaza|Rayquaza-Mega
|-mega|p1a: Rayquaza|Rayquaza|
|-weather|DeltaStream|[from] ability: Delta Stream|[of] p1a: Rayquaza
|move|p1a: Rayquaza|Dragon Ascent|p2a: Groudon
|-damage|p2a: Groudon|39/100
|-unboost|p1a: Rayquaza|def|1
|-unboost|p1a: Rayquaza|spd|1
|move|p2a: Groudon|Stealth Rock|p1a: Rayquaza
|-sidestart|p1: moyv123|move: Stealth Rock
|
|-weather|DeltaStream|[upkeep]
|upkeep
|turn|2
|
|t:|1667231645
|move|p1a: Rayquaza|Dragon Ascent|p2a: Groudon
|-damage|p2a: Groudon|0 fnt
|-unboost|p1a: Rayquaza|def|1
|-unboost|p1a: Rayquaza|spd|1
|faint|p2a: Groudon
|
|-weather|DeltaStream|[upkeep]
|upkeep
|inactive|Defensive0 has 90 seconds left.
|
|t:|1667231659
|switch|p2a: Zacian|Zacian, shiny|100/100
|-ability|p2a: Zacian|Intrepid Sword|boost
|-boost|p2a: Zacian|atk|1
|turn|3
|inactive|moyv123 has 120 seconds left.
|
|t:|1667231708
|-weather|none
|switch|p1a: Kyogre|Kyogre|100/100
|-damage|p1a: Kyogre|88/100|[from] Stealth Rock
|detailschange|p1a: Kyogre|Kyogre-Primal
|-primal|p1a: Kyogre
|-weather|PrimordialSea|[from] ability: Primordial Sea|[of] p1a: Kyogre
|move|p2a: Zacian|Play Rough|p1a: Kyogre
|-crit|p1a: Kyogre
|-damage|p1a: Kyogre|0 fnt
|faint|p1a: Kyogre
|-weather|none
|
|upkeep
|inactive|moyv123 has 90 seconds left.
|
|t:|1667231729
|switch|p1a: Zacian|Zacian-Crowned|100/100
|-damage|p1a: Zacian|94/100|[from] Stealth Rock
|-ability|p1a: Zacian|Intrepid Sword|boost
|-boost|p1a: Zacian|atk|1
|turn|4
|
|t:|1667231737
|switch|p2a: Arceus|Arceus-Fairy|100/100
|move|p1a: Zacian|Substitute|p1a: Zacian
|-start|p1a: Zacian|Substitute
|-damage|p1a: Zacian|69/100
|
|upkeep
|turn|5
|
|t:|1667231745
|move|p1a: Zacian|Behemoth Blade|p2a: Arceus
|-supereffective|p2a: Arceus
|-damage|p2a: Arceus|0 fnt
|faint|p2a: Arceus
|
|upkeep
|
|t:|1667231748
|switch|p2a: Kyogre|Kyogre|100/100
|-weather|RainDance|[from] ability: Drizzle|[of] p2a: Kyogre
|turn|6
|inactive|moyv123 has 90 seconds left.
|
|t:|1667231795
|move|p1a: Zacian|Close Combat|p2a: Kyogre
|-damage|p2a: Kyogre|21/100
|-unboost|p1a: Zacian|def|1
|-unboost|p1a: Zacian|spd|1
|move|p2a: Kyogre|Water Spout|p1a: Zacian
|-end|p1a: Zacian|Substitute
|
|-weather|RainDance|[upkeep]
|upkeep
|turn|7
|
|t:|1667231813
|switch|p1a: Rayquaza|Rayquaza-Mega|100/100
|-damage|p1a: Rayquaza|76/100|[from] Stealth Rock
|-weather|DeltaStream|[from] ability: Delta Stream|[of] p1a: Rayquaza
|move|p2a: Kyogre|Water Spout|p1a: Rayquaza
|-resisted|p1a: Rayquaza
|-damage|p1a: Rayquaza|63/100
|
|-weather|DeltaStream|[upkeep]
|upkeep
|turn|8
|inactive|moyv123 has 60 seconds left.
|c|☆Defensive0|Hmm choice band Ray
|
|t:|1667231855
|move|p1a: Rayquaza|Dragon Ascent|p2a: Kyogre
|-damage|p2a: Kyogre|0 fnt
|-unboost|p1a: Rayquaza|def|1
|-unboost|p1a: Rayquaza|spd|1
|faint|p2a: Kyogre
|
|-weather|DeltaStream|[upkeep]
|upkeep
|
|t:|1667231864
|switch|p2a: Ditto|Ditto, shiny|100/100
|-transform|p2a: Ditto|p1a: Rayquaza|[from] ability: Imposter
|turn|9
|
|t:|1667231880
|move|p2a: Ditto|Dragon Ascent|p1a: Rayquaza
|-damage|p1a: Rayquaza|0 fnt
|-unboost|p2a: Ditto|def|1
|-unboost|p2a: Ditto|spd|1
|faint|p1a: Rayquaza
|
|-weather|DeltaStream|[upkeep]
|upkeep
|
|t:|1667231887
|switch|p1a: Arceus|Arceus-Electric|100/100
|-damage|p1a: Arceus|88/100|[from] Stealth Rock
|turn|10
|
|t:|1667231897
|-weather|none
|switch|p2a: Arceus|Arceus|100/100
|-start|p1a: Arceus|Dynamax|
|-heal|p1a: Arceus|88/100|[silent]
|move|p1a: Arceus|Max Lightning|p2a: Arceus
|-damage|p2a: Arceus|48/100
|-fieldstart|move: Electric Terrain
|
|upkeep
|turn|11
|
|t:|1667231915
|-start|p2a: Arceus|Dynamax|
|-heal|p2a: Arceus|48/100|[silent]
|move|p1a: Arceus|Max Lightning|p2a: Arceus
|-damage|p2a: Arceus|15/100
|move|p2a: Arceus|Max Strike|p1a: Arceus
|-damage|p1a: Arceus|60/100
|-unboost|p1a: Arceus|spe|1
|
|upkeep
|turn|12
|inactive|moyv123 has 30 seconds left.
|inactive|moyv123 has 20 seconds left.
|inactive|moyv123 has 15 seconds left.
|inactive|moyv123 has 10 seconds left.
|
|t:|1667231951
|move|p2a: Arceus|Max Guard|p2a: Arceus
|-singleturn|p2a: Arceus|Max Guard
|move|p1a: Arceus|Max Lightning|p2a: Arceus
|-activate|p2a: Arceus|move: Max Guard
|
|upkeep
|-end|p1a: Arceus|Dynamax
|-heal|p1a: Arceus|60/100|[silent]
|turn|13
|inactive|moyv123 has 20 seconds left this turn.
|inactive|moyv123 has 15 seconds left.
|
|t:|1667231961
|move|p2a: Arceus|Max Strike|p1a: Arceus
|-damage|p1a: Arceus|9/100
|-unboost|p1a: Arceus|spe|1
|move|p1a: Arceus|Judgment|p2a: Arceus
|-damage|p2a: Arceus|0 fnt
|faint|p2a: Arceus
|
|upkeep
|inactive|moyv123 has 20 seconds left this turn.
|
|t:|1667231971
|switch|p2a: Zacian|Zacian, shiny|100/100
|-ability|p2a: Zacian|Intrepid Sword|boost
|-boost|p2a: Zacian|atk|1
|turn|14
|inactive|moyv123 has 30 seconds left this turn.
|
|t:|1667231980
|move|p2a: Zacian|Play Rough|p1a: Arceus
|-damage|p1a: Arceus|0 fnt
|faint|p1a: Arceus
|
|-fieldend|move: Electric Terrain
|upkeep
|inactive|moyv123 has 30 seconds left.
|
|t:|1667231987
|switch|p1a: Ditto|Ditto|100/100
|-damage|p1a: Ditto|88/100|[from] Stealth Rock
|-transform|p1a: Ditto|p2a: Zacian|[from] ability: Imposter
|-ability|p1a: Ditto|Intrepid Sword|boost
|-boost|p1a: Ditto|atk|1
|turn|15
|
|t:|1667231997
|move|p1a: Ditto|Play Rough|p2a: Zacian
|-damage|p2a: Zacian|9/100
|move|p2a: Zacian|Play Rough|p1a: Ditto
|-damage|p1a: Ditto|0 fnt
|faint|p1a: Ditto
|
|upkeep
|inactive|moyv123 has 30 seconds left.
|
|t:|1667232008
|switch|p1a: Marshadow|Marshadow|100/100
|-damage|p1a: Marshadow|94/100|[from] Stealth Rock
|turn|16
|
|t:|1667232015
|switch|p2a: Ditto|Ditto, shiny|100/100
|-transform|p2a: Ditto|p1a: Marshadow|[from] ability: Imposter
|move|p1a: Marshadow|Shadow Sneak|p2a: Ditto
|-supereffective|p2a: Ditto
|-damage|p2a: Ditto|0 fnt
|faint|p2a: Ditto
|-damage|p1a: Marshadow|84/100|[from] item: Life Orb
|
|upkeep
|-message|Defensive0 forfeited.
|
|win|moyv123
|raw|moyv123's rating: 1693 &rarr; <strong>1725</strong><br />(+32 for winning)
|raw|Defensive0's rating: 1946 &rarr; <strong>1914</strong><br />(-32 for losing)
|l|☆Defensive0
|l|☆moyv123
||Ladder isn't responding, score probably updated but might not have (Request timeout).
|j|☆moyv123
|player|p1|moyv123|1
|l|☆moyv123
|player|p1|
|j|☆moyv123
|player|p1|moyv123|1
