|j|☆Lord Rekkuza
|j|☆TomoTaco69
|t:|1665762012
|gametype|singles
|player|p1|Lord Rekkuza|lance-lgpe|1814
|player|p2|TomoTaco69|102|1767
|teamsize|p1|6
|teamsize|p2|6
|gen|8
|tier|[Gen 8] National Dex AG
|rated|
|rule|HP Percentage Mod: HP is shown in percentages
|rule|Endless Battle Clause: Forcing endless battles is banned
|clearpoke
|poke|p1|Necrozma-Dusk-Mane|
|poke|p1|Zygarde|
|poke|p1|Eternatus|
|poke|p1|Arceus-*|
|poke|p1|Yveltal|
|poke|p1|Chansey, F|
|poke|p2|Arceus-*|
|poke|p2|Arceus-*|
|poke|p2|Yveltal|
|poke|p2|Necrozma-Dusk-Mane|
|poke|p2|Ditto|
|poke|p2|Marshadow|
|teampreview
|inactive|Battle timer is ON: inactive players will automatically lose when time's up. (requested by Lord Rekkuza)
|
|t:|1665762022
|start
|switch|p1a: Eternatus|Eternatus|100/100
|switch|p2a: Arceus|Arceus-Flying|100/100
|-ability|p1a: Eternatus|Pressure
|turn|1
|
|t:|1665762026
|switch|p2a: Necrozma|Necrozma-Dusk-Mane|100/100
|move|p1a: Eternatus|Toxic|p2a: Necrozma
|-immune|p2a: Necrozma
|
|upkeep
|turn|2
|
|t:|1665762037
|switch|p1a: Zygarde|Zygarde, shiny|100/100
|move|p2a: Necrozma|Knock Off|p1a: Zygarde
|-damage|p1a: Zygarde|84/100
|-enditem|p1a: Zygarde|Safety Goggles|[from] move: Knock Off|[of] p2a: Necrozma
|
|upkeep
|turn|3
|
|t:|1665762044
|switch|p2a: Arceus|Arceus-Flying|100/100
|move|p1a: Zygarde|Glare|p2a: Arceus
|-status|p2a: Arceus|par
|
|upkeep
|turn|4
|
|t:|1665762051
|switch|p1a: Eternatus|Eternatus|100/100
|-ability|p1a: Eternatus|Pressure
|move|p2a: Arceus|Will-O-Wisp|p1a: Eternatus
|-status|p1a: Eternatus|brn
|
|-damage|p1a: Eternatus|94/100 brn|[from] brn
|upkeep
|turn|5
|
|t:|1665762062
|switch|p2a: Necrozma|Necrozma-Dusk-Mane|100/100
|move|p1a: Eternatus|Toxic|p2a: Necrozma
|-immune|p2a: Necrozma
|
|-heal|p1a: Eternatus|100/100 brn|[from] item: Black Sludge
|-damage|p1a: Eternatus|94/100 brn|[from] brn
|upkeep
|turn|6
|c|☆Lord Rekkuza|Oops
|
|t:|1665762089
|move|p1a: Eternatus|Toxic Spikes|p2a: Necrozma
|-sidestart|p2: TomoTaco69|move: Toxic Spikes
|move|p2a: Necrozma|Stealth Rock|p1a: Eternatus
|-sidestart|p1: Lord Rekkuza|move: Stealth Rock
|
|-heal|p1a: Eternatus|100/100 brn|[from] item: Black Sludge
|-damage|p1a: Eternatus|94/100 brn|[from] brn
|upkeep
|turn|7
|
|t:|1665762098
|switch|p1a: Zygarde|Zygarde, shiny|84/100
|-damage|p1a: Zygarde|78/100|[from] Stealth Rock
|move|p2a: Necrozma|Knock Off|p1a: Zygarde
|-damage|p1a: Zygarde|66/100
|
|upkeep
|turn|8
|
|t:|1665762106
|switch|p2a: Arceus|Arceus-Flying|100/100 par
|move|p1a: Zygarde|Thousand Arrows|p2a: Arceus
|-damage|p2a: Arceus|81/100 par
|-start|p2a: Arceus|Smack Down
|
|upkeep
|turn|9
|
|t:|1665762112
|switch|p1a: Eternatus|Eternatus|94/100 brn
|-damage|p1a: Eternatus|82/100 brn|[from] Stealth Rock
|-ability|p1a: Eternatus|Pressure
|move|p2a: Arceus|Toxic||[still]
|-fail|p2a: Arceus
|
|-heal|p1a: Eternatus|88/100 brn|[from] item: Black Sludge
|-damage|p1a: Eternatus|82/100 brn|[from] brn
|upkeep
|turn|10
|
|t:|1665762119
|move|p1a: Eternatus|Toxic Spikes|p2a: Arceus
|-sidestart|p2: TomoTaco69|move: Toxic Spikes
|cant|p2a: Arceus|par
|
|-heal|p1a: Eternatus|88/100 brn|[from] item: Black Sludge
|-damage|p1a: Eternatus|82/100 brn|[from] brn
|upkeep
|turn|11
|
|t:|1665762126
|switch|p2a: Necrozma|Necrozma-Dusk-Mane|100/100
|move|p1a: Eternatus|Mystical Fire|p2a: Necrozma
|-supereffective|p2a: Necrozma
|-damage|p2a: Necrozma|76/100
|-unboost|p2a: Necrozma|spa|1
|
|-heal|p1a: Eternatus|88/100 brn|[from] item: Black Sludge
|-damage|p1a: Eternatus|82/100 brn|[from] brn
|upkeep
|turn|12
|
|t:|1665762134
|switch|p1a: Zygarde|Zygarde, shiny|66/100
|-damage|p1a: Zygarde|60/100|[from] Stealth Rock
|move|p2a: Necrozma|Moonlight|p2a: Necrozma
|-heal|p2a: Necrozma|100/100
|
|upkeep
|turn|13
|
|t:|1665762140
|switch|p2a: Arceus|Arceus-Flying|81/100 par
|move|p1a: Zygarde|Thousand Arrows|p2a: Arceus
|-damage|p2a: Arceus|57/100 par
|-start|p2a: Arceus|Smack Down
|
|upkeep
|turn|14
|
|t:|1665762145
|switch|p1a: Eternatus|Eternatus|82/100 brn
|-damage|p1a: Eternatus|70/100 brn|[from] Stealth Rock
|-ability|p1a: Eternatus|Pressure
|cant|p2a: Arceus|par
|
|-heal|p1a: Eternatus|76/100 brn|[from] item: Black Sludge
|-damage|p1a: Eternatus|70/100 brn|[from] brn
|upkeep
|turn|15
|
|t:|1665762150
|move|p1a: Eternatus|Mystical Fire|p2a: Arceus
|-damage|p2a: Arceus|41/100 par
|-unboost|p2a: Arceus|spa|1
|move|p2a: Arceus|Recover|p2a: Arceus
|-heal|p2a: Arceus|91/100 par
|
|-heal|p1a: Eternatus|76/100 brn|[from] item: Black Sludge
|-damage|p1a: Eternatus|70/100 brn|[from] brn
|upkeep
|turn|16
|
|t:|1665762176
|switch|p1a: Chansey|Chansey, F|100/100
|-damage|p1a: Chansey|88/100|[from] Stealth Rock
|switch|p2a: Necrozma|Necrozma-Dusk-Mane|100/100
|
|upkeep
|turn|17
|
|t:|1665762184
|switch|p1a: Zygarde|Zygarde, shiny|60/100
|-damage|p1a: Zygarde|54/100|[from] Stealth Rock
|move|p2a: Necrozma|Knock Off|p1a: Zygarde
|-damage|p1a: Zygarde|42/100
|
|-activate|p1a: Zygarde|ability: Power Construct
|detailschange|p1a: Zygarde|Zygarde-Complete, shiny
|-heal|p1a: Zygarde|62/100|[silent]
|upkeep
|turn|18
|
|t:|1665762188
|switch|p2a: Arceus|Arceus-Flying|91/100 par
|move|p1a: Zygarde|Thousand Arrows|p2a: Arceus
|-damage|p2a: Arceus|70/100 par
|-start|p2a: Arceus|Smack Down
|
|upkeep
|turn|19
|
|t:|1665762193
|switch|p1a: Eternatus|Eternatus|70/100 brn
|-damage|p1a: Eternatus|57/100 brn|[from] Stealth Rock
|-ability|p1a: Eternatus|Pressure
|move|p2a: Arceus|Judgment|p1a: Eternatus
|-damage|p1a: Eternatus|31/100 brn
|
|-heal|p1a: Eternatus|37/100 brn|[from] item: Black Sludge
|-damage|p1a: Eternatus|31/100 brn|[from] brn
|upkeep
|turn|20
|
|t:|1665762207
|switch|p2a: Necrozma|Necrozma-Dusk-Mane|100/100
|move|p1a: Eternatus|Recover|p1a: Eternatus
|-heal|p1a: Eternatus|81/100 brn
|
|-heal|p1a: Eternatus|87/100 brn|[from] item: Black Sludge
|-damage|p1a: Eternatus|81/100 brn|[from] brn
|upkeep
|turn|21
|
|t:|1665762213
|switch|p1a: Zygarde|Zygarde-Complete, shiny|62/100
|-damage|p1a: Zygarde|56/100|[from] Stealth Rock
|move|p2a: Necrozma|Sunsteel Strike|p1a: Zygarde
|-damage|p1a: Zygarde|39/100
|
|upkeep
|turn|22
|
|t:|1665762223
|switch|p2a: Arceus|Arceus-Flying|70/100 par
|move|p1a: Zygarde|Rest|p1a: Zygarde
|-status|p1a: Zygarde|slp|[from] move: Rest
|-heal|p1a: Zygarde|100/100 slp|[silent]
|
|upkeep
|turn|23
|
|t:|1665762250
|switch|p1a: Eternatus|Eternatus|81/100 brn
|-damage|p1a: Eternatus|68/100 brn|[from] Stealth Rock
|-ability|p1a: Eternatus|Pressure
|move|p2a: Arceus|Judgment|p1a: Eternatus
|-damage|p1a: Eternatus|40/100 brn
|
|-heal|p1a: Eternatus|46/100 brn|[from] item: Black Sludge
|-damage|p1a: Eternatus|40/100 brn|[from] brn
|upkeep
|turn|24
|
|t:|1665762258
|switch|p2a: Necrozma|Necrozma-Dusk-Mane|100/100
|move|p1a: Eternatus|Recover|p1a: Eternatus
|-heal|p1a: Eternatus|90/100 brn
|
|-heal|p1a: Eternatus|96/100 brn|[from] item: Black Sludge
|-damage|p1a: Eternatus|90/100 brn|[from] brn
|upkeep
|turn|25
|
|t:|1665762265
|switch|p1a: Zygarde|Zygarde-Complete, shiny|100/100 slp
|-damage|p1a: Zygarde|94/100 slp|[from] Stealth Rock
|switch|p2a: Yveltal|Yveltal|100/100
|-ability|p2a: Yveltal|Dark Aura
|
|upkeep
|turn|26
|
|t:|1665762273
|switch|p1a: Yveltal|Yveltal, shiny|100/100
|-ability|p1a: Yveltal|Dark Aura
|move|p2a: Yveltal|U-turn|p1a: Yveltal
|-damage|p1a: Yveltal|81/100
|-damage|p2a: Yveltal|91/100|[from] item: Life Orb
|
|t:|1665762282
|switch|p2a: Arceus|Arceus-Flying|70/100 par|[from]move: U-turn
|
|upkeep
|turn|27
|
|t:|1665762294
|move|p1a: Yveltal|Defog|p2a: Arceus
|-unboost|p2a: Arceus|evasion|1
|-sideend|p2: TomoTaco69|Toxic Spikes|[from] move: Defog|[of] p1a: Yveltal
|-sideend|p1: Lord Rekkuza|Stealth Rock|[from] move: Defog|[of] p1a: Yveltal
|cant|p2a: Arceus|par
|
|upkeep
|turn|28
|
|t:|1665762303
|switch|p1a: Eternatus|Eternatus|90/100 brn
|-ability|p1a: Eternatus|Pressure
|cant|p2a: Arceus|par
|
|-heal|p1a: Eternatus|96/100 brn|[from] item: Black Sludge
|-damage|p1a: Eternatus|90/100 brn|[from] brn
|upkeep
|turn|29
|
|t:|1665762308
|switch|p2a: Necrozma|Necrozma-Dusk-Mane|100/100
|move|p1a: Eternatus|Toxic Spikes|p2a: Necrozma
|-sidestart|p2: TomoTaco69|move: Toxic Spikes
|
|-heal|p1a: Eternatus|96/100 brn|[from] item: Black Sludge
|-damage|p1a: Eternatus|90/100 brn|[from] brn
|upkeep
|turn|30
|
|t:|1665762314
|move|p1a: Eternatus|Mystical Fire|p2a: Necrozma
|-supereffective|p2a: Necrozma
|-damage|p2a: Necrozma|77/100
|-unboost|p2a: Necrozma|spa|1
|move|p2a: Necrozma|Stealth Rock|p1a: Eternatus
|-sidestart|p1: Lord Rekkuza|move: Stealth Rock
|
|-heal|p1a: Eternatus|96/100 brn|[from] item: Black Sludge
|-damage|p1a: Eternatus|90/100 brn|[from] brn
|upkeep
|turn|31
|
|t:|1665762320
|switch|p1a: Zygarde|Zygarde-Complete, shiny|94/100 slp
|-damage|p1a: Zygarde|88/100 slp|[from] Stealth Rock
|move|p2a: Necrozma|Sunsteel Strike|p1a: Zygarde
|-damage|p1a: Zygarde|70/100 slp
|
|upkeep
|turn|32
|
|t:|1665762327
|switch|p1a: Necrozma|Necrozma-Dusk-Mane|100/100
|-damage|p1a: Necrozma|94/100|[from] Stealth Rock
|switch|p2a: Yveltal|Yveltal|91/100
|-ability|p2a: Yveltal|Dark Aura
|
|upkeep
|turn|33
|
|t:|1665762332
|switch|p1a: Yveltal|Yveltal, shiny|81/100
|-ability|p1a: Yveltal|Dark Aura
|move|p2a: Yveltal|Dark Pulse|p1a: Yveltal
|-resisted|p1a: Yveltal
|-damage|p1a: Yveltal|61/100
|-damage|p2a: Yveltal|81/100|[from] item: Life Orb
|
|upkeep
|turn|34
|
|t:|1665762336
|move|p2a: Yveltal|Oblivion Wing|p1a: Yveltal
|-damage|p1a: Yveltal|31/100
|-heal|p2a: Yveltal|100/100|[from] drain|[of] p1a: Yveltal
|-damage|p2a: Yveltal|91/100|[from] item: Life Orb
|move|p1a: Yveltal|Roost|p1a: Yveltal
|-heal|p1a: Yveltal|82/100
|-singleturn|p1a: Yveltal|move: Roost
|
|upkeep
|turn|35
|
|t:|1665762342
|move|p2a: Yveltal|Oblivion Wing|p1a: Yveltal
|-damage|p1a: Yveltal|50/100
|-heal|p2a: Yveltal|100/100|[from] drain|[of] p1a: Yveltal
|-damage|p2a: Yveltal|91/100|[from] item: Life Orb
|move|p1a: Yveltal|Roost|p1a: Yveltal
|-heal|p1a: Yveltal|99/100
|-singleturn|p1a: Yveltal|move: Roost
|
|upkeep
|turn|36
|
|t:|1665762346
|move|p2a: Yveltal|Oblivion Wing|p1a: Yveltal
|-damage|p1a: Yveltal|73/100
|-heal|p2a: Yveltal|100/100|[from] drain|[of] p1a: Yveltal
|-damage|p2a: Yveltal|91/100|[from] item: Life Orb
|move|p1a: Yveltal|Knock Off|p2a: Yveltal
|-resisted|p2a: Yveltal
|-damage|p2a: Yveltal|65/100
|-enditem|p2a: Yveltal|Life Orb|[from] move: Knock Off|[of] p1a: Yveltal
|
|upkeep
|turn|37
|
|t:|1665762350
|-start|p2a: Yveltal|Dynamax|
|-heal|p2a: Yveltal|65/100|[silent]
|move|p2a: Yveltal|Max Airstream|p1a: Yveltal
|-damage|p1a: Yveltal|39/100
|-boost|p2a: Yveltal|spe|1
|move|p1a: Yveltal|Defog|p2a: Yveltal
|-unboost|p2a: Yveltal|evasion|1
|-sideend|p2: TomoTaco69|Toxic Spikes|[from] move: Defog|[of] p1a: Yveltal
|-sideend|p1: Lord Rekkuza|Stealth Rock|[from] move: Defog|[of] p1a: Yveltal
|
|upkeep
|turn|38
|
|t:|1665762353
|move|p2a: Yveltal|Max Darkness|p1a: Yveltal
|-resisted|p1a: Yveltal
|-crit|p1a: Yveltal
|-damage|p1a: Yveltal|2/100
|-unboost|p1a: Yveltal|spd|1
|move|p1a: Yveltal|Roost|p1a: Yveltal
|-heal|p1a: Yveltal|53/100
|-singleturn|p1a: Yveltal|move: Roost
|
|upkeep
|turn|39
|
|t:|1665762361
|switch|p1a: Chansey|Chansey, F|88/100
|move|p2a: Yveltal|Max Flutterby|p1a: Chansey
|-damage|p1a: Chansey|67/100
|-unboost|p1a: Chansey|spa|1
|
|upkeep
|-end|p2a: Yveltal|Dynamax
|-heal|p2a: Yveltal|65/100|[silent]
|turn|40
|
|t:|1665762367
|move|p2a: Yveltal|U-turn|p1a: Chansey
|-damage|p1a: Chansey|55/100
|
|t:|1665762369
|switch|p2a: Necrozma|Necrozma-Dusk-Mane|77/100|[from]move: U-turn
|move|p1a: Chansey|Soft-Boiled|p1a: Chansey
|-heal|p1a: Chansey|100/100
|
|upkeep
|turn|41
|
|t:|1665762381
|switch|p1a: Zygarde|Zygarde-Complete, shiny|70/100 slp
|move|p2a: Necrozma|Stealth Rock|p1a: Zygarde
|-sidestart|p1: Lord Rekkuza|move: Stealth Rock
|
|upkeep
|turn|42
|
|t:|1665762386
|switch|p2a: Yveltal|Yveltal|65/100
|-ability|p2a: Yveltal|Dark Aura
|cant|p1a: Zygarde|slp
|
|upkeep
|turn|43
|
|t:|1665762396
|switch|p1a: Yveltal|Yveltal, shiny|53/100
|-ability|p1a: Yveltal|Dark Aura
|move|p2a: Yveltal|Oblivion Wing|p1a: Yveltal
|-damage|p1a: Yveltal|32/100
|-heal|p2a: Yveltal|82/100|[from] drain|[of] p1a: Yveltal
|
|upkeep
|turn|44
|
|t:|1665762399
|move|p2a: Yveltal|Oblivion Wing|p1a: Yveltal
|-damage|p1a: Yveltal|8/100
|-heal|p2a: Yveltal|100/100|[from] drain|[of] p1a: Yveltal
|move|p1a: Yveltal|Roost|p1a: Yveltal
|-heal|p1a: Yveltal|58/100
|-singleturn|p1a: Yveltal|move: Roost
|
|upkeep
|turn|45
|
|t:|1665762403
|move|p2a: Yveltal|U-turn|p1a: Yveltal
|-damage|p1a: Yveltal|43/100
|
|t:|1665762406
|switch|p2a: Arceus|Arceus-Flying|70/100 par|[from]move: U-turn
|move|p1a: Yveltal|Roost|p1a: Yveltal
|-heal|p1a: Yveltal|93/100
|-singleturn|p1a: Yveltal|move: Roost
|
|upkeep
|turn|46
|inactive|Lord Rekkuza has 120 seconds left.
|
|t:|1665762445
|switch|p1a: Eternatus|Eternatus|90/100 brn
|-damage|p1a: Eternatus|77/100 brn|[from] Stealth Rock
|-ability|p1a: Eternatus|Pressure
|move|p2a: Arceus|Will-O-Wisp|p1a: Eternatus|[miss]
|-miss|p2a: Arceus|p1a: Eternatus
|
|-heal|p1a: Eternatus|84/100 brn|[from] item: Black Sludge
|-damage|p1a: Eternatus|77/100 brn|[from] brn
|upkeep
|turn|47
|inactive|Lord Rekkuza has 120 seconds left.
|
|t:|1665762453
|move|p1a: Eternatus|Toxic Spikes|p2a: Arceus
|-sidestart|p2: TomoTaco69|move: Toxic Spikes
|move|p2a: Arceus|Recover|p2a: Arceus
|-heal|p2a: Arceus|100/100 par
|
|-heal|p1a: Eternatus|84/100 brn|[from] item: Black Sludge
|-damage|p1a: Eternatus|77/100 brn|[from] brn
|upkeep
|turn|48
|
|t:|1665762469
|switch|p2a: Necrozma|Necrozma-Dusk-Mane|77/100
|move|p1a: Eternatus|Mystical Fire|p2a: Necrozma
|-supereffective|p2a: Necrozma
|-damage|p2a: Necrozma|55/100
|-unboost|p2a: Necrozma|spa|1
|
|-heal|p1a: Eternatus|84/100 brn|[from] item: Black Sludge
|-damage|p1a: Eternatus|77/100 brn|[from] brn
|upkeep
|turn|49
|
|t:|1665762484
|switch|p1a: Necrozma|Necrozma-Dusk-Mane|94/100
|-damage|p1a: Necrozma|88/100|[from] Stealth Rock
|move|p2a: Necrozma|Moonlight|p2a: Necrozma
|-heal|p2a: Necrozma|100/100
|
|upkeep
|turn|50
|
|t:|1665762488
|switch|p1a: Zygarde|Zygarde-Complete, shiny|70/100 slp
|-damage|p1a: Zygarde|64/100 slp|[from] Stealth Rock
|move|p2a: Necrozma|Knock Off|p1a: Zygarde
|-damage|p1a: Zygarde|57/100 slp
|
|upkeep
|turn|51
|
|t:|1665762496
|cant|p1a: Zygarde|slp
|move|p2a: Necrozma|Sunsteel Strike|p1a: Zygarde
|-damage|p1a: Zygarde|39/100 slp
|
|upkeep
|turn|52
|
|t:|1665762509
|switch|p2a: Arceus|Arceus-Flying|100/100 par
|-curestatus|p1a: Zygarde|slp|[msg]
|move|p1a: Zygarde|Rest|p1a: Zygarde
|-status|p1a: Zygarde|slp|[from] move: Rest
|-heal|p1a: Zygarde|100/100 slp|[silent]
|
|upkeep
|turn|53
|
|t:|1665762517
|switch|p1a: Necrozma|Necrozma-Dusk-Mane|88/100
|-damage|p1a: Necrozma|82/100|[from] Stealth Rock
|switch|p2a: Yveltal|Yveltal|100/100
|-ability|p2a: Yveltal|Dark Aura
|
|upkeep
|turn|54
|
|t:|1665762522
|switch|p1a: Yveltal|Yveltal, shiny|93/100
|-ability|p1a: Yveltal|Dark Aura
|move|p2a: Yveltal|Dark Pulse|p1a: Yveltal
|-resisted|p1a: Yveltal
|-damage|p1a: Yveltal|77/100
|
|upkeep
|turn|55
|
|t:|1665762533
|move|p2a: Yveltal|U-turn|p1a: Yveltal
|-damage|p1a: Yveltal|63/100
|
|t:|1665762535
|switch|p2a: Arceus|Arceus-Flying|100/100 par|[from]move: U-turn
|move|p1a: Yveltal|Defog|p2a: Arceus
|-unboost|p2a: Arceus|evasion|1
|-sideend|p2: TomoTaco69|Toxic Spikes|[from] move: Defog|[of] p1a: Yveltal
|-sideend|p1: Lord Rekkuza|Stealth Rock|[from] move: Defog|[of] p1a: Yveltal
|
|upkeep
|turn|56
|
|t:|1665762544
|switch|p1a: Necrozma|Necrozma-Dusk-Mane|82/100
|move|p2a: Arceus|Will-O-Wisp|p1a: Necrozma
|-status|p1a: Necrozma|brn
|
|-damage|p1a: Necrozma|76/100 brn|[from] brn
|upkeep
|turn|57
|
|t:|1665762548
|switch|p2a: Necrozma|Necrozma-Dusk-Mane|100/100
|move|p1a: Necrozma|Stealth Rock|p2a: Necrozma
|-sidestart|p2: TomoTaco69|move: Stealth Rock
|
|-damage|p1a: Necrozma|70/100 brn|[from] brn
|upkeep
|turn|58
|
|t:|1665762555
|switch|p1a: Zygarde|Zygarde-Complete, shiny|100/100 slp
|move|p2a: Necrozma|Stealth Rock|p1a: Zygarde
|-sidestart|p1: Lord Rekkuza|move: Stealth Rock
|
|upkeep
|turn|59
|
|t:|1665762559
|switch|p2a: Yveltal|Yveltal|100/100
|-damage|p2a: Yveltal|75/100|[from] Stealth Rock
|-ability|p2a: Yveltal|Dark Aura
|cant|p1a: Zygarde|slp
|
|upkeep
|turn|60
|
|t:|1665762562
|switch|p1a: Yveltal|Yveltal, shiny|63/100
|-ability|p1a: Yveltal|Dark Aura
|move|p2a: Yveltal|Dark Pulse|p1a: Yveltal
|-resisted|p1a: Yveltal
|-damage|p1a: Yveltal|49/100
|
|upkeep
|turn|61
|
|t:|1665762566
|move|p2a: Yveltal|U-turn|p1a: Yveltal
|-damage|p1a: Yveltal|35/100
|
|t:|1665762571
|switch|p2a: Arceus|Arceus-Flying|100/100 par|[from]move: U-turn
|-damage|p2a: Arceus|76/100 par|[from] Stealth Rock
|move|p1a: Yveltal|Roost|p1a: Yveltal
|-heal|p1a: Yveltal|85/100
|-singleturn|p1a: Yveltal|move: Roost
|
|upkeep
|turn|62
|
|t:|1665762574
|switch|p1a: Eternatus|Eternatus|77/100 brn
|-damage|p1a: Eternatus|65/100 brn|[from] Stealth Rock
|-ability|p1a: Eternatus|Pressure
|move|p2a: Arceus|Will-O-Wisp|p1a: Eternatus
|-fail|p1a: Eternatus|brn
|
|-heal|p1a: Eternatus|71/100 brn|[from] item: Black Sludge
|-damage|p1a: Eternatus|65/100 brn|[from] brn
|upkeep
|turn|63
|
|t:|1665762577
|move|p1a: Eternatus|Recover|p1a: Eternatus
|-heal|p1a: Eternatus|100/100 brn
|cant|p2a: Arceus|par
|
|-damage|p1a: Eternatus|94/100 brn|[from] brn
|upkeep
|turn|64
|
|t:|1665762581
|switch|p2a: Necrozma|Necrozma-Dusk-Mane|100/100
|-damage|p2a: Necrozma|94/100|[from] Stealth Rock
|move|p1a: Eternatus|Toxic Spikes|p2a: Necrozma
|-sidestart|p2: TomoTaco69|move: Toxic Spikes
|
|-heal|p1a: Eternatus|100/100 brn|[from] item: Black Sludge
|-damage|p1a: Eternatus|94/100 brn|[from] brn
|upkeep
|turn|65
|
|t:|1665762585
|switch|p1a: Zygarde|Zygarde-Complete, shiny|100/100 slp
|-damage|p1a: Zygarde|94/100 slp|[from] Stealth Rock
|move|p2a: Necrozma|Knock Off|p1a: Zygarde
|-damage|p1a: Zygarde|86/100 slp
|
|upkeep
|turn|66
|
|t:|1665762593
|switch|p2a: Yveltal|Yveltal|75/100
|-damage|p2a: Yveltal|50/100|[from] Stealth Rock
|-ability|p2a: Yveltal|Dark Aura
|cant|p1a: Zygarde|slp
|
|upkeep
|turn|67
|
|t:|1665762595
|switch|p1a: Yveltal|Yveltal, shiny|85/100
|-ability|p1a: Yveltal|Dark Aura
|move|p2a: Yveltal|Oblivion Wing|p1a: Yveltal
|-damage|p1a: Yveltal|63/100
|-heal|p2a: Yveltal|69/100|[from] drain|[of] p1a: Yveltal
|
|upkeep
|turn|68
|
|t:|1665762600
|move|p2a: Yveltal|Oblivion Wing|p1a: Yveltal
|-damage|p1a: Yveltal|41/100
|-heal|p2a: Yveltal|87/100|[from] drain|[of] p1a: Yveltal
|move|p1a: Yveltal|Roost|p1a: Yveltal
|-heal|p1a: Yveltal|91/100
|-singleturn|p1a: Yveltal|move: Roost
|
|upkeep
|turn|69
|
|t:|1665762606
|move|p2a: Yveltal|Oblivion Wing|p1a: Yveltal
|-damage|p1a: Yveltal|69/100
|-heal|p2a: Yveltal|100/100|[from] drain|[of] p1a: Yveltal
|move|p1a: Yveltal|Knock Off|p2a: Yveltal
|-resisted|p2a: Yveltal
|-crit|p2a: Yveltal
|-damage|p2a: Yveltal|74/100
|
|upkeep
|turn|70
|
|t:|1665762610
|move|p2a: Yveltal|Heat Wave|p1a: Yveltal
|-damage|p1a: Yveltal|51/100
|move|p1a: Yveltal|Roost|p1a: Yveltal
|-heal|p1a: Yveltal|100/100
|-singleturn|p1a: Yveltal|move: Roost
|
|upkeep
|turn|71
|
|t:|1665762617
|switch|p1a: Chansey|Chansey, F|100/100
|-damage|p1a: Chansey|88/100|[from] Stealth Rock
|move|p2a: Yveltal|Heat Wave|p1a: Chansey
|-damage|p1a: Chansey|79/100
|
|upkeep
|turn|72
|
|t:|1665762622
|move|p2a: Yveltal|U-turn|p1a: Chansey
|-damage|p1a: Chansey|66/100
|
|t:|1665762625
|switch|p2a: Necrozma|Necrozma-Dusk-Mane|94/100|[from]move: U-turn
|-damage|p2a: Necrozma|88/100|[from] Stealth Rock
|move|p1a: Chansey|Aromatherapy|p1a: Chansey
|-activate|p1a: Chansey|move: Aromatherapy
|-curestatus|p1: Necrozma|brn|[msg]
|-curestatus|p1: Eternatus|brn|[msg]
|-curestatus|p1: Zygarde|slp|[msg]
|
|upkeep
|turn|73
|
|t:|1665762635
|switch|p1a: Zygarde|Zygarde-Complete, shiny|86/100
|-damage|p1a: Zygarde|80/100|[from] Stealth Rock
|move|p2a: Necrozma|Sunsteel Strike|p1a: Zygarde
|-damage|p1a: Zygarde|62/100
|
|upkeep
|turn|74
|
|t:|1665762655
|switch|p2a: Arceus|Arceus-Flying|76/100 par
|-damage|p2a: Arceus|51/100 par|[from] Stealth Rock
|move|p1a: Zygarde|Thousand Arrows|p2a: Arceus
|-damage|p2a: Arceus|28/100 par
|-start|p2a: Arceus|Smack Down
|
|upkeep
|turn|75
|
|t:|1665762659
|move|p1a: Zygarde|Thousand Arrows|p2a: Arceus
|-damage|p2a: Arceus|8/100 par
|move|p2a: Arceus|Recover|p2a: Arceus
|-heal|p2a: Arceus|58/100 par
|
|upkeep
|turn|76
|
|t:|1665762667
|switch|p1a: Chansey|Chansey, F|66/100
|-damage|p1a: Chansey|54/100|[from] Stealth Rock
|move|p2a: Arceus|Will-O-Wisp|p1a: Chansey
|-status|p1a: Chansey|brn
|
|-damage|p1a: Chansey|48/100 brn|[from] brn
|upkeep
|turn|77
|
|t:|1665762670
|move|p2a: Arceus|Recover|p2a: Arceus
|-heal|p2a: Arceus|100/100 par
|move|p1a: Chansey|Soft-Boiled|p1a: Chansey
|-heal|p1a: Chansey|98/100 brn
|
|-damage|p1a: Chansey|92/100 brn|[from] brn
|upkeep
|turn|78
|inactive|Lord Rekkuza has 120 seconds left.
|inactive|Lord Rekkuza has 90 seconds left.
|
|t:|1665762734
|cant|p2a: Arceus|par
|move|p1a: Chansey|Confide|p2a: Arceus
|-unboost|p2a: Arceus|spa|1
|
|-damage|p1a: Chansey|86/100 brn|[from] brn
|upkeep
|turn|79
|
|t:|1665762740
|-curestatus|p1a: Chansey|brn|[from] ability: Natural Cure
|switch|p1a: Eternatus|Eternatus|94/100
|-damage|p1a: Eternatus|82/100|[from] Stealth Rock
|-ability|p1a: Eternatus|Pressure
|move|p2a: Arceus|Toxic|p1a: Eternatus
|-immune|p1a: Eternatus
|
|-heal|p1a: Eternatus|88/100|[from] item: Black Sludge
|upkeep
|turn|80
|
|t:|1665762744
|switch|p1a: Chansey|Chansey, F|86/100
|-damage|p1a: Chansey|73/100|[from] Stealth Rock
|move|p2a: Arceus|Will-O-Wisp|p1a: Chansey
|-status|p1a: Chansey|brn
|
|-damage|p1a: Chansey|67/100 brn|[from] brn
|upkeep
|turn|81
|
|t:|1665762751
|-curestatus|p1a: Chansey|brn|[from] ability: Natural Cure
|switch|p1a: Eternatus|Eternatus|88/100
|-damage|p1a: Eternatus|76/100|[from] Stealth Rock
|-ability|p1a: Eternatus|Pressure
|move|p2a: Arceus|Toxic|p1a: Eternatus
|-immune|p1a: Eternatus
|
|-heal|p1a: Eternatus|82/100|[from] item: Black Sludge
|upkeep
|turn|82
|inactive|Lord Rekkuza has 120 seconds left.
|
|t:|1665762762
|move|p1a: Eternatus|Mystical Fire|p2a: Arceus
|-damage|p2a: Arceus|83/100 par
|-unboost|p2a: Arceus|spa|1
|cant|p2a: Arceus|par
|
|-heal|p1a: Eternatus|88/100|[from] item: Black Sludge
|upkeep
|turn|83
|
|t:|1665762769
|switch|p1a: Chansey|Chansey, F|67/100
|-damage|p1a: Chansey|55/100|[from] Stealth Rock
|cant|p2a: Arceus|par
|
|upkeep
|turn|84
|
|t:|1665762773
|move|p2a: Arceus|Toxic|p1a: Chansey
|-status|p1a: Chansey|tox
|move|p1a: Chansey|Soft-Boiled|p1a: Chansey
|-heal|p1a: Chansey|100/100 tox
|
|-damage|p1a: Chansey|94/100 tox|[from] psn
|upkeep
|turn|85
|
|t:|1665762780
|-curestatus|p1a: Chansey|tox|[from] ability: Natural Cure
|switch|p1a: Eternatus|Eternatus|88/100
|-damage|p1a: Eternatus|76/100|[from] Stealth Rock
|-ability|p1a: Eternatus|Pressure
|move|p2a: Arceus|Toxic|p1a: Eternatus
|-immune|p1a: Eternatus
|
|-heal|p1a: Eternatus|82/100|[from] item: Black Sludge
|upkeep
|turn|86
|
|t:|1665762788
|switch|p1a: Zygarde|Zygarde-Complete, shiny|62/100
|-damage|p1a: Zygarde|56/100|[from] Stealth Rock
|switch|p2a: Necrozma|Necrozma-Dusk-Mane|88/100
|-damage|p2a: Necrozma|82/100|[from] Stealth Rock
|
|upkeep
|turn|87
|
|t:|1665762793
|switch|p2a: Arceus|Arceus-Flying|83/100 par
|-damage|p2a: Arceus|58/100 par|[from] Stealth Rock
|move|p1a: Zygarde|Thousand Arrows|p2a: Arceus
|-damage|p2a: Arceus|38/100 par
|-start|p2a: Arceus|Smack Down
|
|upkeep
|turn|88
|
|t:|1665762805
|move|p1a: Zygarde|Thousand Arrows|p2a: Arceus
|-damage|p2a: Arceus|16/100 par
|move|p2a: Arceus|Recover|p2a: Arceus
|-heal|p2a: Arceus|66/100 par
|
|upkeep
|turn|89
|
|t:|1665762812
|switch|p1a: Eternatus|Eternatus|82/100
|-damage|p1a: Eternatus|70/100|[from] Stealth Rock
|-ability|p1a: Eternatus|Pressure
|move|p2a: Arceus|Recover|p2a: Arceus
|-heal|p2a: Arceus|100/100 par
|
|-heal|p1a: Eternatus|76/100|[from] item: Black Sludge
|upkeep
|turn|90
|
|t:|1665762817
|move|p1a: Eternatus|Toxic Spikes|p2a: Arceus
|-sidestart|p2: TomoTaco69|move: Toxic Spikes
|move|p2a: Arceus|Will-O-Wisp|p1a: Eternatus
|-status|p1a: Eternatus|brn
|
|-heal|p1a: Eternatus|82/100 brn|[from] item: Black Sludge
|-damage|p1a: Eternatus|76/100 brn|[from] brn
|upkeep
|turn|91
|
|t:|1665762822
|move|p1a: Eternatus|Toxic Spikes||[still]
|-fail|p1a: Eternatus
|move|p2a: Arceus|Toxic||[still]
|-fail|p2a: Arceus
|
|-heal|p1a: Eternatus|82/100 brn|[from] item: Black Sludge
|-damage|p1a: Eternatus|76/100 brn|[from] brn
|upkeep
|turn|92
|
|t:|1665762827
|switch|p2a: Necrozma|Necrozma-Dusk-Mane|82/100
|-damage|p2a: Necrozma|76/100|[from] Stealth Rock
|move|p1a: Eternatus|Mystical Fire|p2a: Necrozma
|-supereffective|p2a: Necrozma
|-damage|p2a: Necrozma|54/100
|-unboost|p2a: Necrozma|spa|1
|
|-heal|p1a: Eternatus|82/100 brn|[from] item: Black Sludge
|-damage|p1a: Eternatus|76/100 brn|[from] brn
|upkeep
|turn|93
|
|t:|1665762830
|switch|p1a: Zygarde|Zygarde-Complete, shiny|56/100
|-damage|p1a: Zygarde|50/100|[from] Stealth Rock
|move|p2a: Necrozma|Moonlight|p2a: Necrozma
|-heal|p2a: Necrozma|100/100
|
|upkeep
|turn|94
|
|t:|1665762834
|switch|p2a: Arceus|Arceus-Flying|100/100 par
|-damage|p2a: Arceus|76/100 par|[from] Stealth Rock
|move|p1a: Zygarde|Thousand Arrows|p2a: Arceus
|-damage|p2a: Arceus|55/100 par
|-start|p2a: Arceus|Smack Down
|
|upkeep
|turn|95
|
|t:|1665762838
|switch|p1a: Eternatus|Eternatus|76/100 brn
|-damage|p1a: Eternatus|63/100 brn|[from] Stealth Rock
|-ability|p1a: Eternatus|Pressure
|move|p2a: Arceus|Recover|p2a: Arceus
|-heal|p2a: Arceus|100/100 par
|
|-heal|p1a: Eternatus|70/100 brn|[from] item: Black Sludge
|-damage|p1a: Eternatus|63/100 brn|[from] brn
|upkeep
|turn|96
|
|t:|1665762842
|switch|p2a: Necrozma|Necrozma-Dusk-Mane|100/100
|-damage|p2a: Necrozma|94/100|[from] Stealth Rock
|move|p1a: Eternatus|Toxic Spikes||[still]
|-fail|p1a: Eternatus
|
|-heal|p1a: Eternatus|70/100 brn|[from] item: Black Sludge
|-damage|p1a: Eternatus|63/100 brn|[from] brn
|upkeep
|turn|97
|
|t:|1665762846
|switch|p1a: Zygarde|Zygarde-Complete, shiny|50/100
|-damage|p1a: Zygarde|44/100|[from] Stealth Rock
|switch|p2a: Arceus|Arceus-Flying|100/100 par
|-damage|p2a: Arceus|76/100 par|[from] Stealth Rock
|
|upkeep
|turn|98
|
|t:|1665762851
|switch|p1a: Eternatus|Eternatus|63/100 brn
|-damage|p1a: Eternatus|51/100 brn|[from] Stealth Rock
|-ability|p1a: Eternatus|Pressure
|move|p2a: Arceus|Toxic||[still]
|-fail|p2a: Arceus
|
|-heal|p1a: Eternatus|57/100 brn|[from] item: Black Sludge
|-damage|p1a: Eternatus|51/100 brn|[from] brn
|upkeep
|turn|99
|
|t:|1665762854
|switch|p2a: Necrozma|Necrozma-Dusk-Mane|94/100
|-damage|p2a: Necrozma|88/100|[from] Stealth Rock
|move|p1a: Eternatus|Recover|p1a: Eternatus
|-heal|p1a: Eternatus|100/100 brn
|
|-damage|p1a: Eternatus|94/100 brn|[from] brn
|upkeep
|turn|100
|
|t:|1665762857
|switch|p1a: Zygarde|Zygarde-Complete, shiny|44/100
|-damage|p1a: Zygarde|37/100|[from] Stealth Rock
|move|p2a: Necrozma|Knock Off|p1a: Zygarde
|-damage|p1a: Zygarde|29/100
|
|upkeep
|turn|101
|
|t:|1665762862
|move|p1a: Zygarde|Rest|p1a: Zygarde
|-status|p1a: Zygarde|slp|[from] move: Rest
|-heal|p1a: Zygarde|100/100 slp|[silent]
|move|p2a: Necrozma|Sunsteel Strike|p1a: Zygarde
|-damage|p1a: Zygarde|84/100 slp
|
|upkeep
|turn|102
|
|t:|1665762867
|switch|p2a: Yveltal|Yveltal|74/100
|-damage|p2a: Yveltal|49/100|[from] Stealth Rock
|-ability|p2a: Yveltal|Dark Aura
|cant|p1a: Zygarde|slp
|
|upkeep
|turn|103
|
|t:|1665762869
|switch|p1a: Yveltal|Yveltal, shiny|100/100
|-ability|p1a: Yveltal|Dark Aura
|move|p2a: Yveltal|Oblivion Wing|p1a: Yveltal
|-damage|p1a: Yveltal|79/100
|-heal|p2a: Yveltal|67/100|[from] drain|[of] p1a: Yveltal
|
|upkeep
|turn|104
|
|t:|1665762874
|move|p2a: Yveltal|Oblivion Wing|p1a: Yveltal
|-damage|p1a: Yveltal|57/100
|-heal|p2a: Yveltal|86/100|[from] drain|[of] p1a: Yveltal
|move|p1a: Yveltal|Knock Off|p2a: Yveltal
|-resisted|p2a: Yveltal
|-damage|p2a: Yveltal|69/100
|
|upkeep
|turn|105
|
|t:|1665762877
|move|p2a: Yveltal|Heat Wave|p1a: Yveltal
|-damage|p1a: Yveltal|40/100
|move|p1a: Yveltal|Roost|p1a: Yveltal
|-heal|p1a: Yveltal|90/100
|-singleturn|p1a: Yveltal|move: Roost
|
|upkeep
|turn|106
|
|t:|1665762881
|move|p2a: Yveltal|Oblivion Wing|p1a: Yveltal
|-damage|p1a: Yveltal|67/100
|-heal|p2a: Yveltal|88/100|[from] drain|[of] p1a: Yveltal
|move|p1a: Yveltal|Knock Off|p2a: Yveltal
|-resisted|p2a: Yveltal
|-damage|p2a: Yveltal|70/100
|
|upkeep
|turn|107
|
|t:|1665762884
|move|p2a: Yveltal|Oblivion Wing|p1a: Yveltal
|-crit|p1a: Yveltal
|-damage|p1a: Yveltal|33/100
|-heal|p2a: Yveltal|99/100|[from] drain|[of] p1a: Yveltal
|move|p1a: Yveltal|Knock Off|p2a: Yveltal
|-resisted|p2a: Yveltal
|-damage|p2a: Yveltal|81/100
|
|upkeep
|turn|108
|
|t:|1665762886
|move|p2a: Yveltal|Heat Wave|p1a: Yveltal
|-damage|p1a: Yveltal|14/100
|-status|p1a: Yveltal|brn
|move|p1a: Yveltal|Roost|p1a: Yveltal
|-heal|p1a: Yveltal|64/100 brn
|-singleturn|p1a: Yveltal|move: Roost
|
|-damage|p1a: Yveltal|58/100 brn|[from] brn
|upkeep
|turn|109
|
|t:|1665762890
|move|p2a: Yveltal|Oblivion Wing|p1a: Yveltal
|-damage|p1a: Yveltal|37/100 brn
|-heal|p2a: Yveltal|99/100|[from] drain|[of] p1a: Yveltal
|move|p1a: Yveltal|Roost|p1a: Yveltal
|-heal|p1a: Yveltal|87/100 brn
|-singleturn|p1a: Yveltal|move: Roost
|
|-damage|p1a: Yveltal|81/100 brn|[from] brn
|upkeep
|turn|110
|
|t:|1665762894
|switch|p1a: Eternatus|Eternatus|94/100 brn
|-damage|p1a: Eternatus|82/100 brn|[from] Stealth Rock
|-ability|p1a: Eternatus|Pressure
|move|p2a: Yveltal|U-turn|p1a: Eternatus
|-resisted|p1a: Eternatus
|-damage|p1a: Eternatus|75/100 brn
|
|t:|1665762896
|switch|p2a: Necrozma|Necrozma-Dusk-Mane|88/100|[from]move: U-turn
|-damage|p2a: Necrozma|82/100|[from] Stealth Rock
|
|-heal|p1a: Eternatus|81/100 brn|[from] item: Black Sludge
|-damage|p1a: Eternatus|75/100 brn|[from] brn
|upkeep
|turn|111
|
|t:|1665762899
|switch|p1a: Zygarde|Zygarde-Complete, shiny|84/100 slp
|-damage|p1a: Zygarde|78/100 slp|[from] Stealth Rock
|switch|p2a: Yveltal|Yveltal|99/100
|-damage|p2a: Yveltal|74/100|[from] Stealth Rock
|-ability|p2a: Yveltal|Dark Aura
|
|upkeep
|turn|112
|
|t:|1665762902
|switch|p1a: Eternatus|Eternatus|75/100 brn
|-damage|p1a: Eternatus|62/100 brn|[from] Stealth Rock
|-ability|p1a: Eternatus|Pressure
|move|p2a: Yveltal|Oblivion Wing|p1a: Eternatus
|-damage|p1a: Eternatus|41/100 brn
|-heal|p2a: Yveltal|94/100|[from] drain|[of] p1a: Eternatus
|
|-heal|p1a: Eternatus|47/100 brn|[from] item: Black Sludge
|-damage|p1a: Eternatus|41/100 brn|[from] brn
|upkeep
|turn|113
|
|t:|1665762904
|move|p2a: Yveltal|Dark Pulse|p1a: Eternatus
|-damage|p1a: Eternatus|11/100 brn
|move|p1a: Eternatus|Recover|p1a: Eternatus
|-heal|p1a: Eternatus|61/100 brn
|
|-heal|p1a: Eternatus|68/100 brn|[from] item: Black Sludge
|-damage|p1a: Eternatus|61/100 brn|[from] brn
|upkeep
|turn|114
|
|t:|1665762906
|move|p2a: Yveltal|Dark Pulse|p1a: Eternatus
|-damage|p1a: Eternatus|30/100 brn
|move|p1a: Eternatus|Recover|p1a: Eternatus
|-heal|p1a: Eternatus|80/100 brn
|
|-heal|p1a: Eternatus|86/100 brn|[from] item: Black Sludge
|-damage|p1a: Eternatus|80/100 brn|[from] brn
|upkeep
|turn|115
|
|t:|1665762911
|move|p2a: Yveltal|U-turn|p1a: Eternatus
|-resisted|p1a: Eternatus
|-damage|p1a: Eternatus|73/100 brn
|
|t:|1665762916
|switch|p2a: Necrozma|Necrozma-Dusk-Mane|82/100|[from]move: U-turn
|-damage|p2a: Necrozma|76/100|[from] Stealth Rock
|move|p1a: Eternatus|Toxic|p2a: Necrozma
|-immune|p2a: Necrozma
|
|-heal|p1a: Eternatus|79/100 brn|[from] item: Black Sludge
|-damage|p1a: Eternatus|73/100 brn|[from] brn
|upkeep
|turn|116
|
|t:|1665762920
|switch|p1a: Zygarde|Zygarde-Complete, shiny|78/100 slp
|-damage|p1a: Zygarde|72/100 slp|[from] Stealth Rock
|move|p2a: Necrozma|Knock Off|p1a: Zygarde
|-damage|p1a: Zygarde|64/100 slp
|
|upkeep
|turn|117
|
|t:|1665762923
|cant|p1a: Zygarde|slp
|move|p2a: Necrozma|Sunsteel Strike|p1a: Zygarde
|-damage|p1a: Zygarde|46/100 slp
|
|upkeep
|turn|118
|
|t:|1665762926
|-curestatus|p1a: Zygarde|slp|[msg]
|move|p1a: Zygarde|Rest|p1a: Zygarde
|-status|p1a: Zygarde|slp|[from] move: Rest
|-heal|p1a: Zygarde|100/100 slp|[silent]
|move|p2a: Necrozma|Sunsteel Strike|p1a: Zygarde
|-damage|p1a: Zygarde|81/100 slp
|
|upkeep
|turn|119
|
|t:|1665762931
|switch|p2a: Arceus|Arceus-Flying|76/100 par
|-damage|p2a: Arceus|51/100 par|[from] Stealth Rock
|cant|p1a: Zygarde|slp
|
|upkeep
|turn|120
|
|t:|1665762936
|cant|p1a: Zygarde|slp
|move|p2a: Arceus|Recover|p2a: Arceus
|-heal|p2a: Arceus|100/100 par
|
|upkeep
|turn|121
|
|t:|1665762940
|switch|p1a: Eternatus|Eternatus|73/100 brn
|-damage|p1a: Eternatus|60/100 brn|[from] Stealth Rock
|-ability|p1a: Eternatus|Pressure
|move|p2a: Arceus|Judgment|p1a: Eternatus
|-damage|p1a: Eternatus|34/100 brn
|
|-heal|p1a: Eternatus|40/100 brn|[from] item: Black Sludge
|-damage|p1a: Eternatus|34/100 brn|[from] brn
|upkeep
|turn|122
|
|t:|1665762945
|switch|p2a: Necrozma|Necrozma-Dusk-Mane|76/100
|-damage|p2a: Necrozma|70/100|[from] Stealth Rock
|move|p1a: Eternatus|Recover|p1a: Eternatus
|-heal|p1a: Eternatus|84/100 brn
|
|-heal|p1a: Eternatus|90/100 brn|[from] item: Black Sludge
|-damage|p1a: Eternatus|84/100 brn|[from] brn
|upkeep
|turn|123
|
|t:|1665762948
|switch|p1a: Zygarde|Zygarde-Complete, shiny|81/100 slp
|-damage|p1a: Zygarde|75/100 slp|[from] Stealth Rock
|switch|p2a: Arceus|Arceus-Flying|100/100 par
|-damage|p2a: Arceus|76/100 par|[from] Stealth Rock
|
|upkeep
|turn|124
|
|t:|1665762951
|switch|p1a: Eternatus|Eternatus|84/100 brn
|-damage|p1a: Eternatus|71/100 brn|[from] Stealth Rock
|-ability|p1a: Eternatus|Pressure
|move|p2a: Arceus|Judgment|p1a: Eternatus
|-damage|p1a: Eternatus|41/100 brn
|
|-heal|p1a: Eternatus|47/100 brn|[from] item: Black Sludge
|-damage|p1a: Eternatus|41/100 brn|[from] brn
|upkeep
|turn|125
|
|t:|1665762955
|switch|p2a: Necrozma|Necrozma-Dusk-Mane|70/100
|-damage|p2a: Necrozma|64/100|[from] Stealth Rock
|move|p1a: Eternatus|Recover|p1a: Eternatus
|-heal|p1a: Eternatus|91/100 brn
|
|-heal|p1a: Eternatus|97/100 brn|[from] item: Black Sludge
|-damage|p1a: Eternatus|91/100 brn|[from] brn
|upkeep
|turn|126
|
|t:|1665762957
|switch|p1a: Zygarde|Zygarde-Complete, shiny|75/100 slp
|-damage|p1a: Zygarde|69/100 slp|[from] Stealth Rock
|move|p2a: Necrozma|Moonlight|p2a: Necrozma
|-heal|p2a: Necrozma|100/100
|
|upkeep
|turn|127
|
|t:|1665762960
|switch|p2a: Arceus|Arceus-Flying|76/100 par
|-damage|p2a: Arceus|51/100 par|[from] Stealth Rock
|-curestatus|p1a: Zygarde|slp|[msg]
|move|p1a: Zygarde|Thousand Arrows|p2a: Arceus
|-damage|p2a: Arceus|28/100 par
|-start|p2a: Arceus|Smack Down
|
|upkeep
|turn|128
|
|t:|1665762963
|move|p1a: Zygarde|Thousand Arrows|p2a: Arceus
|-damage|p2a: Arceus|7/100 par
|cant|p2a: Arceus|par
|
|upkeep
|turn|129
|
|t:|1665762967
|move|p1a: Zygarde|Thousand Arrows|p2a: Arceus
|-damage|p2a: Arceus|0 fnt
|faint|p2a: Arceus
|
|upkeep
|-message|TomoTaco69 forfeited.
|
|win|Lord Rekkuza
|raw|Lord Rekkuza's rating: 1814 &rarr; <strong>1831</strong><br />(+17 for winning)
|raw|TomoTaco69's rating: 1767 &rarr; <strong>1750</strong><br />(-17 for losing)
|l|☆TomoTaco69
