|j|☆MVP2536
|j|☆Limit Ubers
|t:|1661796051
|gametype|singles
|player|p1|MVP2536|giovanni|
|player|p2|Limit Ubers|265|
|teamsize|p1|6
|teamsize|p2|6
|gen|8
|tier|[Gen 8] National Dex AG
|rule|HP Percentage Mod: HP is shown in percentages
|rule|Endless Battle Clause: Forcing endless battles is banned
|clearpoke
|poke|p1|Toxapex, M|
|poke|p1|Suicune|
|poke|p1|Salamence, F|
|poke|p1|Dragonite, M|
|poke|p1|Garchomp, F|
|poke|p1|Dialga|
|poke|p2|Masquerain, M|
|poke|p2|Dialga|
|poke|p2|Gyarados, M|
|poke|p2|Kommo-o, M|
|poke|p2|Hoopa-Unbound|
|poke|p2|Steelix, M|
|teampreview
|
|t:|1661796062
|start
|switch|p1a: Dialga|Dialga|100/100
|switch|p2a: Masquerain|Masquerain, M|100/100
|-ability|p1a: Dialga|Pressure
|-ability|p2a: Masquerain|Intimidate|boost
|-unboost|p1a: Dialga|atk|1
|turn|1
|
|t:|1661796070
|move|p1a: Dialga|Flash Cannon|p2a: Masquerain
|-damage|p2a: Masquerain|32/100
|move|p2a: Masquerain|Sticky Web|p1a: Dialga
|-sidestart|p1: MVP2536|move: Sticky Web
|
|upkeep
|turn|2
|
|t:|1661796081
|move|p1a: Dialga|Flash Cannon|p2a: Masquerain
|-damage|p2a: Masquerain|0 fnt
|faint|p2a: Masquerain
|
|upkeep
|
|t:|1661796085
|switch|p2a: Dialga|Dialga|100/100
|-ability|p2a: Dialga|Pressure
|turn|3
|
|t:|1661796090
|-start|p1a: Dialga|Dynamax|
|-heal|p1a: Dialga|100/100|[silent]
|move|p1a: Dialga|Max Quake|p2a: Dialga
|-supereffective|p2a: Dialga
|-damage|p2a: Dialga|0 fnt
|-boost|p1a: Dialga|spd|1
|faint|p2a: Dialga
|
|upkeep
|
|t:|1661796093
|switch|p2a: Steelix|Steelix, M|100/100
|turn|4
|
|t:|1661796099
|move|p1a: Dialga|Max Quake|p2a: Steelix
|-supereffective|p2a: Steelix
|-ability|p2a: Steelix|Sturdy
|-damage|p2a: Steelix|1/100
|-boost|p1a: Dialga|spd|1
|move|p2a: Steelix|Earthquake|p1a: Dialga
|-supereffective|p1a: Dialga
|-damage|p1a: Dialga|76/100
|
|upkeep
|turn|5
|c|☆MVP2536|damn
|-enditem|p2a: Steelix|Custap Berry|[eat]
|-activate|p2a: Steelix|item: Custap Berry|[consumed]
|
|t:|1661796111
|move|p2a: Steelix|Endure|p2a: Steelix
|-singleturn|p2a: Steelix|move: Endure
|move|p1a: Dialga|Max Steelspike|p2a: Steelix
|-resisted|p2a: Steelix
|-activate|p2a: Steelix|move: Endure
|-damage|p2a: Steelix|1/100
|-boost|p1a: Dialga|def|1
|
|upkeep
|-end|p1a: Dialga|Dynamax
|-heal|p1a: Dialga|76/100|[silent]
|turn|6
|
|t:|1661796124
|move|p1a: Dialga|Flash Cannon|p2a: Steelix
|-resisted|p2a: Steelix
|-damage|p2a: Steelix|0 fnt
|faint|p2a: Steelix
|
|upkeep
|
|t:|1661796132
|switch|p2a: Hoopa|Hoopa-Unbound|100/100
|turn|7
|
|t:|1661796138
|-start|p2a: Hoopa|Dynamax|
|-heal|p2a: Hoopa|100/100|[silent]
|move|p1a: Dialga|Dragon Pulse|p2a: Hoopa
|-damage|p2a: Hoopa|75/100
|move|p2a: Hoopa|Max Knuckle|p1a: Dialga
|-supereffective|p1a: Dialga
|-damage|p1a: Dialga|34/100
|-boost|p2a: Hoopa|atk|1
|
|upkeep
|turn|8
|
|t:|1661796151
|move|p1a: Dialga|Dragon Pulse|p2a: Hoopa
|-damage|p2a: Hoopa|49/100
|move|p2a: Hoopa|Max Knuckle|p1a: Dialga
|-supereffective|p1a: Dialga
|-damage|p1a: Dialga|0 fnt
|-boost|p2a: Hoopa|atk|1
|faint|p1a: Dialga
|
|upkeep
|
|t:|1661796164
|switch|p1a: Suicune|Suicune|100/100
|-activate|p1a: Suicune|move: Sticky Web
|-unboost|p1a: Suicune|spe|1
|-ability|p1a: Suicune|Pressure
|turn|9
|
|t:|1661796170
|move|p2a: Hoopa|Max Darkness|p1a: Suicune
|-damage|p1a: Suicune|40/100
|-unboost|p1a: Suicune|spd|1
|move|p1a: Suicune|Scald|p2a: Hoopa
|-crit|p2a: Hoopa
|-damage|p2a: Hoopa|32/100
|
|-heal|p1a: Suicune|47/100|[from] item: Leftovers
|upkeep
|-end|p2a: Hoopa|Dynamax
|-heal|p2a: Hoopa|32/100|[silent]
|turn|10
|c|☆MVP2536|idk why i didnt toxic
|
|t:|1661796183
|move|p2a: Hoopa|Dark Pulse|p1a: Suicune
|-damage|p1a: Suicune|0 fnt
|faint|p1a: Suicune
|
|upkeep
|c|☆Limit Ubers|Oh
|
|t:|1661796198
|switch|p1a: Salamence|Salamence, F|100/100
|-ability|p1a: Salamence|Intimidate|boost
|-unboost|p2a: Hoopa|atk|1
|turn|11
|
|t:|1661796206
|detailschange|p1a: Salamence|Salamence-Mega, F
|-mega|p1a: Salamence|Salamence|Salamencite
|move|p1a: Salamence|Frustration|p2a: Hoopa
|-damage|p2a: Hoopa|0 fnt
|faint|p2a: Hoopa
|
|upkeep
|
|t:|1661796209
|switch|p2a: Gyarados|Gyarados, M|100/100
|-ability|p2a: Gyarados|Intimidate|boost
|-unboost|p1a: Salamence|atk|1
|turn|12
|
|t:|1661796216
|switch|p1a: Garchomp|Garchomp, F|100/100
|-activate|p1a: Garchomp|move: Sticky Web
|-unboost|p1a: Garchomp|spe|1
|detailschange|p2a: Gyarados|Gyarados-Mega, M
|-mega|p2a: Gyarados|Gyarados|Gyaradosite
|-ability|p2a: Gyarados|Mold Breaker
|move|p2a: Gyarados|Dragon Dance|p2a: Gyarados
|-boost|p2a: Gyarados|atk|1
|-boost|p2a: Gyarados|spe|1
|
|upkeep
|turn|13
|
|t:|1661796226
|move|p2a: Gyarados|Crunch|p1a: Garchomp
|-damage|p1a: Garchomp|24/100
|-damage|p2a: Gyarados|88/100|[from] ability: Rough Skin|[of] p1a: Garchomp
|move|p1a: Garchomp|Earthquake|p2a: Gyarados
|-damage|p2a: Gyarados|36/100
|
|-heal|p1a: Garchomp|30/100|[from] item: Leftovers
|upkeep
|turn|14
|
|t:|1661796234
|move|p2a: Gyarados|Earthquake|p1a: Garchomp
|-damage|p1a: Garchomp|0 fnt
|faint|p1a: Garchomp
|
|upkeep
|
|t:|1661796246
|switch|p1a: Salamence|Salamence-Mega, F|100/100
|turn|15
|
|t:|1661796250
|move|p2a: Gyarados|Crunch|p1a: Salamence
|-damage|p1a: Salamence|34/100
|move|p1a: Salamence|Frustration|p2a: Gyarados
|-damage|p2a: Gyarados|0 fnt
|faint|p2a: Gyarados
|
|upkeep
|
|t:|1661796253
|switch|p2a: Kommo-o|Kommo-o, M|100/100
|turn|16
|
|t:|1661796259
|move|p1a: Salamence|Frustration|p2a: Kommo-o
|-supereffective|p2a: Kommo-o
|-damage|p2a: Kommo-o|0 fnt
|faint|p2a: Kommo-o
|
|win|MVP2536
|c|☆Limit Ubers|gg
|c|☆MVP2536|gg
|l|☆Limit Ubers
