|j|☆TaxFraud094
|j|☆Snake of the Moon
|t:|1662131991
|gametype|singles
|player|p1|TaxFraud094|caitlin-masters|1893
|player|p2|Snake of the Moon|lance-masters|1976
|teamsize|p1|6
|teamsize|p2|6
|gen|8
|tier|[Gen 8] National Dex AG
|rated|
|rule|HP Percentage Mod: HP is shown in percentages
|rule|Endless Battle Clause: Forcing endless battles is banned
|clearpoke
|poke|p1|Arceus-*|
|poke|p1|Groudon|
|poke|p1|Necrozma-Dusk-Mane|
|poke|p1|Yveltal|
|poke|p1|Arceus-*|
|poke|p1|Rayquaza|
|poke|p2|Ho-Oh|
|poke|p2|Necrozma-Dusk-Mane|
|poke|p2|Chansey, F|
|poke|p2|Zygarde|
|poke|p2|Lugia|
|poke|p2|Arceus-*|
|teampreview
|inactive|Battle timer is ON: inactive players will automatically lose when time's up. (requested by Snake of the Moon)
|inactive|TaxFraud094 also wants the timer to be on.
|c|☆TaxFraud094|glhf
|c|☆Snake of the Moon|U2
|j| Aguest4
|
|t:|1662132016
|start
|switch|p1a: Yveltal|Yveltal|100/100
|switch|p2a: Lugia|Lugia|100/100
|-ability|p1a: Yveltal|Dark Aura
|turn|1
|
|t:|1662132022
|move|p1a: Yveltal|Taunt|p2a: Lugia
|-start|p2a: Lugia|move: Taunt
|cant|p2a: Lugia|move: Taunt|Toxic
|
|upkeep
|turn|2
|
|t:|1662132032
|switch|p2a: Ho-Oh|Ho-Oh|100/100
|move|p1a: Yveltal|Foul Play|p2a: Ho-Oh
|-damage|p2a: Ho-Oh|63/100
|
|upkeep
|turn|3
|c|☆Snake of the Moon|Ic
|c| Aguest4|Is that the team we were working on?
|
|t:|1662132037
|move|p1a: Yveltal|Foul Play|p2a: Ho-Oh
|-damage|p2a: Ho-Oh|26/100
|move|p2a: Ho-Oh|Sacred Fire|p1a: Yveltal
|-damage|p1a: Yveltal|64/100
|
|upkeep
|turn|4
|
|t:|1662132042
|switch|p2a: Chansey|Chansey, F|100/100
|move|p1a: Yveltal|Foul Play|p2a: Chansey
|-damage|p2a: Chansey|99/100
|
|upkeep
|turn|5
|c|☆TaxFraud094|no
|c| Aguest4|Oh yea I see a ray
|
|t:|1662132058
|switch|p1a: Necrozma|Necrozma-Dusk-Mane|100/100
|switch|p2a: Ho-Oh|Ho-Oh|59/100
|
|upkeep
|turn|6
|c|☆Snake of the Moon|Tf is he?
|
|t:|1662132063
|switch|p2a: Necrozma|Necrozma-Dusk-Mane|100/100
|move|p1a: Necrozma|Knock Off|p2a: Necrozma
|-supereffective|p2a: Necrozma
|-damage|p2a: Necrozma|73/100
|-damage|p1a: Necrozma|84/100|[from] item: Rocky Helmet|[of] p2a: Necrozma
|-enditem|p2a: Necrozma|Rocky Helmet|[from] move: Knock Off|[of] p1a: Necrozma
|
|upkeep
|turn|7
|
|t:|1662132069
|switch|p1a: Groudon|Groudon|100/100
|detailschange|p1a: Groudon|Groudon-Primal
|-primal|p1a: Groudon
|-weather|DesolateLand|[from] ability: Desolate Land|[of] p1a: Groudon
|move|p2a: Necrozma|Stealth Rock|p1a: Groudon
|-sidestart|p1: TaxFraud094|move: Stealth Rock
|
|-weather|DesolateLand|[upkeep]
|upkeep
|turn|8
|c| Aguest4|Hi
|
|t:|1662132078
|switch|p2a: Lugia|Lugia|100/100
|move|p1a: Groudon|Eruption|p2a: Lugia
|-damage|p2a: Lugia|62/100
|
|-weather|DesolateLand|[upkeep]
|upkeep
|turn|9
|c| Aguest4|I’m a person
|
|t:|1662132085
|switch|p2a: Chansey|Chansey, F|99/100
|move|p1a: Groudon|Eruption|p2a: Chansey
|-damage|p2a: Chansey|68/100
|
|-weather|DesolateLand|[upkeep]
|upkeep
|turn|10
|
|t:|1662132091
|move|p1a: Groudon|Swords Dance|p1a: Groudon
|-boost|p1a: Groudon|atk|2
|move|p2a: Chansey|Soft-Boiled|p2a: Chansey
|-heal|p2a: Chansey|100/100
|
|-weather|DesolateLand|[upkeep]
|upkeep
|turn|11
|
|t:|1662132097
|switch|p2a: Ho-Oh|Ho-Oh|92/100
|move|p1a: Groudon|Precipice Blades|p2a: Ho-Oh
|-immune|p2a: Ho-Oh
|
|-weather|DesolateLand|[upkeep]
|upkeep
|turn|12
|
|t:|1662132100
|switch|p2a: Zygarde|Zygarde|100/100
|move|p1a: Groudon|Stone Edge|p2a: Zygarde
|-resisted|p2a: Zygarde
|-crit|p2a: Zygarde
|-damage|p2a: Zygarde|73/100
|
|-weather|DesolateLand|[upkeep]
|-heal|p2a: Zygarde|79/100|[from] item: Leftovers
|upkeep
|turn|13
|
|t:|1662132104
|-start|p2a: Zygarde|Dynamax|
|-heal|p2a: Zygarde|79/100|[silent]
|move|p1a: Groudon|Precipice Blades|p2a: Zygarde
|-damage|p2a: Zygarde|43/100
|move|p2a: Zygarde|Max Quake|p1a: Groudon
|-supereffective|p1a: Groudon
|-damage|p1a: Groudon|44/100
|-boost|p2a: Zygarde|spd|1
|
|-weather|DesolateLand|[upkeep]
|-heal|p2a: Zygarde|46/100|[from] item: Leftovers
|-activate|p2a: Zygarde|ability: Power Construct
|detailschange|p2a: Zygarde|Zygarde-Complete
|-heal|p2a: Zygarde|64/100|[silent]
|upkeep
|turn|14
|
|t:|1662132108
|move|p1a: Groudon|Precipice Blades|p2a: Zygarde
|-damage|p2a: Zygarde|40/100
|move|p2a: Zygarde|Max Quake|p1a: Groudon
|-supereffective|p1a: Groudon
|-damage|p1a: Groudon|0 fnt
|-boost|p2a: Zygarde|spd|1
|faint|p1a: Groudon
|-weather|none
|
|-heal|p2a: Zygarde|43/100|[from] item: Leftovers
|upkeep
|c|☆Snake of the Moon|That was dumb
|
|t:|1662132120
|switch|p1a: Rayquaza|Rayquaza|100/100
|-damage|p1a: Rayquaza|76/100|[from] Stealth Rock
|-ability|p1a: Rayquaza|Air Lock
|turn|15
|
|t:|1662132128
|-end|p2a: Zygarde|Dynamax
|-heal|p2a: Zygarde|43/100|[silent]
|switch|p2a: Ho-Oh|Ho-Oh|100/100
|detailschange|p1a: Rayquaza|Rayquaza-Mega
|-mega|p1a: Rayquaza|Rayquaza|
|-weather|DeltaStream|[from] ability: Delta Stream|[of] p1a: Rayquaza
|move|p1a: Rayquaza|Dragon Dance|p1a: Rayquaza
|-boost|p1a: Rayquaza|atk|1
|-boost|p1a: Rayquaza|spe|1
|
|-weather|DeltaStream|[upkeep]
|upkeep
|turn|16
|
|t:|1662132133
|move|p1a: Rayquaza|Dragon Ascent|p2a: Ho-Oh
|-damage|p2a: Ho-Oh|0 fnt
|-unboost|p1a: Rayquaza|def|1
|-unboost|p1a: Rayquaza|spd|1
|faint|p2a: Ho-Oh
|-damage|p1a: Rayquaza|66/100|[from] item: Life Orb
|
|-weather|DeltaStream|[upkeep]
|upkeep
|c|☆Snake of the Moon|Actually nvm
|
|t:|1662132140
|switch|p2a: Necrozma|Necrozma-Dusk-Mane|73/100
|turn|17
|
|t:|1662132148
|switch|p2a: Zygarde|Zygarde-Complete|43/100
|move|p1a: Rayquaza|V-create|p2a: Zygarde
|-resisted|p2a: Zygarde
|-damage|p2a: Zygarde|15/100
|-unboost|p1a: Rayquaza|spe|1
|-unboost|p1a: Rayquaza|def|1
|-unboost|p1a: Rayquaza|spd|1
|-damage|p1a: Rayquaza|56/100|[from] item: Life Orb
|
|-weather|DeltaStream|[upkeep]
|-heal|p2a: Zygarde|21/100|[from] item: Leftovers
|upkeep
|turn|18
|
|t:|1662132156
|switch|p2a: Necrozma|Necrozma-Dusk-Mane|73/100
|move|p1a: Rayquaza|Dragon Ascent|p2a: Necrozma
|-resisted|p2a: Necrozma
|-damage|p2a: Necrozma|31/100
|-unboost|p1a: Rayquaza|def|1
|-unboost|p1a: Rayquaza|spd|1
|-damage|p1a: Rayquaza|46/100|[from] item: Life Orb
|
|-weather|DeltaStream|[upkeep]
|upkeep
|turn|19
|
|t:|1662132162
|move|p1a: Rayquaza|Dragon Ascent|p2a: Necrozma
|-resisted|p2a: Necrozma
|-damage|p2a: Necrozma|0 fnt
|-unboost|p1a: Rayquaza|def|1
|-unboost|p1a: Rayquaza|spd|1
|faint|p2a: Necrozma
|-damage|p1a: Rayquaza|36/100|[from] item: Life Orb
|
|-weather|DeltaStream|[upkeep]
|upkeep
|c|☆Snake of the Moon|Ggwp
|c|☆TaxFraud094|gg
|c|☆Snake of the Moon|mix don crazy
|c|☆TaxFraud094|fr tho
|inactive|Snake of the Moon has 120 seconds left.
|c|☆Snake of the Moon|Now get that gxe up
|
|t:|1662132202
|switch|p2a: Lugia|Lugia|62/100
|turn|20
|
|t:|1662132205
|move|p1a: Rayquaza|Dragon Ascent|p2a: Lugia
|-damage|p2a: Lugia|0 fnt
|-unboost|p1a: Rayquaza|def|1
|-unboost|p1a: Rayquaza|spd|1
|faint|p2a: Lugia
|-damage|p1a: Rayquaza|26/100|[from] item: Life Orb
|
|-weather|DeltaStream|[upkeep]
|upkeep
|inactive|Snake of the Moon has 120 seconds left.
|
|t:|1662132211
|switch|p2a: Zygarde|Zygarde-Complete|21/100
|turn|21
|
|t:|1662132214
|move|p1a: Rayquaza|Dragon Ascent|p2a: Zygarde
|-damage|p2a: Zygarde|0 fnt
|-unboost|p1a: Rayquaza|def|1
|-unboost|p1a: Rayquaza|spd|1
|faint|p2a: Zygarde
|-damage|p1a: Rayquaza|16/100|[from] item: Life Orb
|
|-weather|DeltaStream|[upkeep]
|upkeep
|
|t:|1662132222
|switch|p2a: Chansey|Chansey, F|100/100
|turn|22
|
|t:|1662132224
|move|p1a: Rayquaza|Dragon Ascent|p2a: Chansey
|-damage|p2a: Chansey|0 fnt
|faint|p2a: Chansey
|-damage|p1a: Rayquaza|6/100|[from] item: Life Orb
|
|-weather|DeltaStream|[upkeep]
|upkeep
|
|t:|1662132227
|switch|p2a: Arceus|Arceus-Dark|100/100
|turn|23
|
|t:|1662132229
|move|p1a: Rayquaza|Dragon Ascent|p2a: Arceus
|-damage|p2a: Arceus|0 fnt
|faint|p2a: Arceus
|-damage|p1a: Rayquaza|0 fnt|[from] item: Life Orb
|faint|p1a: Rayquaza
|-weather|none
|
|win|TaxFraud094
|raw|TaxFraud094's rating: 1893 &rarr; <strong>1918</strong><br />(+25 for winning)
|raw|Snake of the Moon's rating: 1976 &rarr; <strong>1951</strong><br />(-25 for losing)
|c|☆TaxFraud094|gg
|c|☆Snake of the Moon|Ggwp
|c| Aguest4|Wow
|c|☆Snake of the Moon|U rly surprised me
|c|☆Snake of the Moon|next time be prepared
|l|☆Snake of the Moon
|c| Aguest4|Cool fight
||Ladder isn't responding, score probably updated but might not have (Request timeout).
|c| Aguest4|Hi tax
|j| smoolic alt
|l| Aguest4
