|j|☆RUiNtheExtinct
|j|☆rowletroost
|t:|1637298669
|gametype|singles
|player|p1|RUiNtheExtinct|red-gen7|1784
|player|p2|rowletroost|candice|1767
|teamsize|p1|6
|teamsize|p2|6
|gen|8
|tier|[Gen 8] National Dex AG
|rated|
|rule|HP Percentage Mod: HP is shown in percentages
|rule|Endless Battle Clause: Forcing endless battles is banned
|clearpoke
|poke|p1|Groudon|
|poke|p1|Calyrex-Shadow|
|poke|p1|Ditto|
|poke|p1|Zacian-*|
|poke|p1|Yveltal|
|poke|p1|Arceus-*|
|poke|p2|Arceus-*|
|poke|p2|Xerneas-*|
|poke|p2|Kyogre|
|poke|p2|Marshadow|
|poke|p2|Ribombee, F|
|poke|p2|Vivillon-Savanna, M|
|teampreview
|inactive|Battle timer is ON: inactive players will automatically lose when time's up. (requested by rowletroost)
|
|t:|1637298679
|start
|switch|p1a: Groudon|Groudon|100/100
|switch|p2a: Arceus|Arceus-Ground|100/100
|detailschange|p1a: Groudon|Groudon-Primal
|-primal|p1a: Groudon
|-weather|DesolateLand|[from] ability: Desolate Land|[of] p1a: Groudon
|turn|1
|
|t:|1637298687
|move|p2a: Arceus|Judgment|p1a: Groudon
|-supereffective|p1a: Groudon
|-damage|p1a: Groudon|1/100
|move|p1a: Groudon|Stealth Rock|p2a: Arceus
|-sidestart|p2: rowletroost|move: Stealth Rock
|
|-weather|DesolateLand|[upkeep]
|upkeep
|turn|2
|
|t:|1637298695
|-weather|none
|switch|p1a: Yveltal|Yveltal|100/100
|-ability|p1a: Yveltal|Dark Aura
|move|p2a: Arceus|Defog|p1a: Yveltal
|-unboost|p1a: Yveltal|evasion|1
|-sideend|p2: rowletroost|Stealth Rock|[from] move: Defog|[of] p2a: Arceus
|
|upkeep
|turn|3
|
|t:|1637298703
|move|p1a: Yveltal|Dark Pulse|p2a: Arceus
|-damage|p2a: Arceus|54/100
|-damage|p1a: Yveltal|91/100|[from] item: Life Orb
|cant|p2a: Arceus|flinch
|
|upkeep
|turn|4
|
|t:|1637298710
|switch|p2a: Kyogre|Kyogre, shiny|100/100
|detailschange|p2a: Kyogre|Kyogre-Primal, shiny
|-primal|p2a: Kyogre
|-weather|PrimordialSea|[from] ability: Primordial Sea|[of] p2a: Kyogre
|move|p1a: Yveltal|Dark Pulse|p2a: Kyogre
|-damage|p2a: Kyogre|57/100
|-damage|p1a: Yveltal|81/100|[from] item: Life Orb
|
|-weather|PrimordialSea|[upkeep]
|upkeep
|turn|5
|
|t:|1637298719
|move|p1a: Yveltal|Knock Off|p2a: Kyogre
|-damage|p2a: Kyogre|10/100
|-damage|p1a: Yveltal|71/100|[from] item: Life Orb
|move|p2a: Kyogre|Ice Beam|p1a: Yveltal
|-supereffective|p1a: Yveltal
|-damage|p1a: Yveltal|0 fnt
|faint|p1a: Yveltal
|
|-weather|PrimordialSea|[upkeep]
|upkeep
|
|t:|1637298731
|switch|p1a: Calyrex|Calyrex-Shadow|100/100
|-ability|p1a: Calyrex|As One
|-ability|p1a: Calyrex|Unnerve
|turn|6
|
|t:|1637298737
|move|p1a: Calyrex|Astral Barrage|p2a: Kyogre
|-damage|p2a: Kyogre|0 fnt
|faint|p2a: Kyogre
|-weather|none
|-ability|p1a: Calyrex|Grim Neigh|boost
|-boost|p1a: Calyrex|spa|1
|
|upkeep
|
|t:|1637298743
|switch|p2a: Ribombee|Ribombee, F, shiny|100/100
|turn|7
|
|t:|1637298748
|move|p1a: Calyrex|Astral Barrage|p2a: Ribombee
|-enditem|p2a: Ribombee|Focus Sash
|-damage|p2a: Ribombee|1/100
|move|p2a: Ribombee|Sticky Web|p1a: Calyrex
|-sidestart|p1: RUiNtheExtinct|move: Sticky Web
|
|upkeep
|turn|8
|
|t:|1637298754
|move|p1a: Calyrex|Draining Kiss|p2a: Ribombee
|-damage|p2a: Ribombee|0 fnt
|faint|p2a: Ribombee
|-ability|p1a: Calyrex|Grim Neigh|boost
|-boost|p1a: Calyrex|spa|1
|
|upkeep
|
|t:|1637298756
|switch|p2a: Marshadow|Marshadow|100/100
|turn|9
|
|t:|1637298763
|-start|p1a: Calyrex|Dynamax
|-heal|p1a: Calyrex|100/100|[silent]
|move|p1a: Calyrex|Max Mindstorm|p2a: Marshadow
|-supereffective|p2a: Marshadow
|-enditem|p2a: Marshadow|Focus Sash
|-damage|p2a: Marshadow|1/100
|-fieldstart|move: Psychic Terrain
|move|p2a: Marshadow|Rock Tomb|p1a: Calyrex
|-damage|p1a: Calyrex|82/100
|-unboost|p1a: Calyrex|spe|1
|
|upkeep
|turn|10
|
|t:|1637298776
|move|p1a: Calyrex|Max Guard|p1a: Calyrex
|-singleturn|p1a: Calyrex|Max Guard
|move|p2a: Marshadow|Spectral Thief|p1a: Calyrex
|-activate|p1a: Calyrex|move: Max Guard
|
|upkeep
|turn|11
|
|t:|1637298784
|-end|p1a: Calyrex|Dynamax
|-heal|p1a: Calyrex|83/100|[silent]
|switch|p1a: Groudon|Groudon-Primal|1/100
|-activate|p1a: Groudon|move: Sticky Web
|-unboost|p1a: Groudon|spe|1
|-weather|DesolateLand|[from] ability: Desolate Land|[of] p1a: Groudon
|move|p2a: Marshadow|Spectral Thief|p1a: Groudon
|-damage|p1a: Groudon|0 fnt
|faint|p1a: Groudon
|-weather|none
|
|upkeep
|
|t:|1637298804
|switch|p1a: Ditto|Ditto|100/100
|-activate|p1a: Ditto|move: Sticky Web
|-unboost|p1a: Ditto|spe|1
|-transform|p1a: Ditto|p2a: Marshadow|[from] ability: Imposter
|turn|12
|
|t:|1637298810
|switch|p2a: Arceus|Arceus-Ground|54/100
|move|p1a: Ditto|Spectral Thief|p2a: Arceus
|-damage|p2a: Arceus|29/100
|
|upkeep
|turn|13
|
|t:|1637298817
|move|p1a: Ditto|Spectral Thief|p2a: Arceus
|-damage|p2a: Arceus|6/100
|move|p2a: Arceus|Recover|p2a: Arceus
|-heal|p2a: Arceus|56/100
|
|-fieldend|move: Psychic Terrain
|upkeep
|turn|14
|
|t:|1637298826
|switch|p1a: Arceus|Arceus|100/100
|-activate|p1a: Arceus|move: Sticky Web
|-unboost|p1a: Arceus|spe|1
|move|p2a: Arceus|Recover|p2a: Arceus
|-heal|p2a: Arceus|100/100
|
|upkeep
|turn|15
|
|t:|1637298832
|switch|p2a: Marshadow|Marshadow|1/100
|move|p1a: Arceus|Swords Dance|p1a: Arceus
|-boost|p1a: Arceus|atk|2
|
|upkeep
|turn|16
|
|t:|1637298838
|move|p2a: Marshadow|Close Combat|p1a: Arceus
|-supereffective|p1a: Arceus
|-enditem|p1a: Arceus|Chople Berry|[eat]
|-enditem|p1a: Arceus|Chople Berry|[weaken]
|-damage|p1a: Arceus|57/100
|-unboost|p2a: Marshadow|def|1
|-unboost|p2a: Marshadow|spd|1
|move|p1a: Arceus|Earthquake|p2a: Marshadow
|-damage|p2a: Marshadow|0 fnt
|faint|p2a: Marshadow
|
|upkeep
|
|t:|1637298843
|switch|p2a: Xerneas|Xerneas, shiny|100/100
|-ability|p2a: Xerneas|Fairy Aura
|turn|17
|
|t:|1637298853
|-start|p2a: Xerneas|Dynamax
|-heal|p2a: Xerneas|100/100|[silent]
|move|p1a: Arceus|Extreme Speed|p2a: Xerneas
|-damage|p2a: Xerneas|69/100
|move|p2a: Xerneas|Max Starfall|p1a: Arceus
|-damage|p1a: Arceus|0 fnt
|-fieldstart|move: Misty Terrain
|faint|p1a: Arceus
|
|upkeep
|
|t:|1637298863
|switch|p1a: Zacian|Zacian-Crowned|100/100
|-activate|p1a: Zacian|move: Sticky Web
|-unboost|p1a: Zacian|spe|1
|-ability|p1a: Zacian|Intrepid Sword|boost
|-boost|p1a: Zacian|atk|1
|turn|18
|
|t:|1637298869
|move|p1a: Zacian|Behemoth Blade|p2a: Xerneas
|-supereffective|p2a: Xerneas
|-damage|p2a: Xerneas|0 fnt
|faint|p2a: Xerneas
|
|upkeep
|
|t:|1637298872
|switch|p2a: Arceus|Arceus-Ground|100/100
|turn|19
|
|t:|1637298876
|move|p1a: Zacian|Behemoth Blade|p2a: Arceus
|-damage|p2a: Arceus|57/100
|move|p2a: Arceus|Judgment|p1a: Zacian
|-supereffective|p1a: Zacian
|-damage|p1a: Zacian|17/100
|
|upkeep
|turn|20
|
|t:|1637298901
|move|p1a: Zacian|Behemoth Blade|p2a: Arceus
|-damage|p2a: Arceus|12/100
|move|p2a: Arceus|Ice Beam|p1a: Zacian
|-resisted|p1a: Zacian
|-damage|p1a: Zacian|7/100
|
|upkeep
|turn|21
|
|t:|1637298909
|move|p1a: Zacian|Behemoth Blade|p2a: Arceus
|-damage|p2a: Arceus|0 fnt
|faint|p2a: Arceus
|
|-fieldend|Misty Terrain
|upkeep
|
|t:|1637298911
|switch|p2a: Vivillon|Vivillon-Savanna, M|100/100
|turn|22
|c|☆RUiNtheExtinct|wut?
|
|t:|1637298917
|move|p2a: Vivillon|Sleep Powder|p1a: Zacian
|-status|p1a: Zacian|slp|[from] move: Sleep Powder
|cant|p1a: Zacian|slp
|
|upkeep
|turn|23
|
|t:|1637298922
|move|p2a: Vivillon|Substitute|p2a: Vivillon
|-start|p2a: Vivillon|Substitute
|-damage|p2a: Vivillon|76/100
|cant|p1a: Zacian|slp
|
|-heal|p2a: Vivillon|82/100|[from] item: Leftovers
|upkeep
|turn|24
|c|☆rowletroost|so I don't lose to ditto
|
|t:|1637298929
|move|p2a: Vivillon|Quiver Dance|p2a: Vivillon
|-boost|p2a: Vivillon|spa|1
|-boost|p2a: Vivillon|spd|1
|-boost|p2a: Vivillon|spe|1
|-curestatus|p1a: Zacian|slp|[msg]
|move|p1a: Zacian|Wild Charge|p2a: Vivillon
|-supereffective|p2a: Vivillon
|-crit|p2a: Vivillon
|-end|p2a: Vivillon|Substitute
|-damage|p1a: Zacian|1/100|[from] Recoil|[of] p2a: Vivillon
|
|-heal|p2a: Vivillon|88/100|[from] item: Leftovers
|upkeep
|turn|25
|c|☆RUiNtheExtinct|the ice beam
|
|t:|1637298940
|switch|p1a: Ditto|Ditto|100/100
|-activate|p1a: Ditto|move: Sticky Web
|-unboost|p1a: Ditto|spe|1
|-transform|p1a: Ditto|p2a: Vivillon|[from] ability: Imposter
|move|p2a: Vivillon|Sleep Powder|p1a: Ditto
|-status|p1a: Ditto|slp|[from] move: Sleep Powder
|
|-heal|p2a: Vivillon|94/100|[from] item: Leftovers
|upkeep
|turn|26
|
|t:|1637298954
|cant|p1a: Ditto|slp
|move|p2a: Vivillon|Hurricane|p1a: Ditto
|-supereffective|p1a: Ditto
|-crit|p1a: Ditto
|-damage|p1a: Ditto|0 fnt
|faint|p1a: Ditto
|
|-heal|p2a: Vivillon|99/100|[from] item: Leftovers
|upkeep
|c|☆RUiNtheExtinct|F
|
|t:|1637298962
|switch|p1a: Calyrex|Calyrex-Shadow|83/100
|-ability|p1a: Calyrex|As One
|-ability|p1a: Calyrex|Unnerve
|-activate|p1a: Calyrex|move: Sticky Web
|-unboost|p1a: Calyrex|spe|1
|turn|27
|
|t:|1637298970
|move|p2a: Vivillon|Sleep Powder|p1a: Calyrex
|-status|p1a: Calyrex|slp|[from] move: Sleep Powder
|cant|p1a: Calyrex|slp
|
|-heal|p2a: Vivillon|100/100|[from] item: Leftovers
|upkeep
|turn|28
|
|t:|1637298977
|move|p2a: Vivillon|Substitute|p2a: Vivillon
|-start|p2a: Vivillon|Substitute
|-damage|p2a: Vivillon|76/100
|-curestatus|p1a: Calyrex|slp|[msg]
|move|p1a: Calyrex|Astral Barrage|p2a: Vivillon
|-end|p2a: Vivillon|Substitute
|
|-heal|p2a: Vivillon|82/100|[from] item: Leftovers
|upkeep
|turn|29
|
|t:|1637298986
|move|p2a: Vivillon|Sleep Powder|p1a: Calyrex
|-status|p1a: Calyrex|slp|[from] move: Sleep Powder
|cant|p1a: Calyrex|slp
|
|-heal|p2a: Vivillon|88/100|[from] item: Leftovers
|upkeep
|turn|30
|
|t:|1637298993
|move|p2a: Vivillon|Substitute|p2a: Vivillon
|-start|p2a: Vivillon|Substitute
|-damage|p2a: Vivillon|63/100
|cant|p1a: Calyrex|slp
|
|-heal|p2a: Vivillon|69/100|[from] item: Leftovers
|upkeep
|turn|31
|
|t:|1637298999
|move|p2a: Vivillon|Hurricane|p1a: Calyrex
|-damage|p1a: Calyrex|12/100 slp
|cant|p1a: Calyrex|slp
|
|-heal|p2a: Vivillon|75/100|[from] item: Leftovers
|upkeep
|turn|32
|
|t:|1637299005
|move|p2a: Vivillon|Hurricane|p1a: Calyrex|[miss]
|-miss|p2a: Vivillon|p1a: Calyrex
|-curestatus|p1a: Calyrex|slp|[msg]
|move|p1a: Calyrex|Astral Barrage|p2a: Vivillon
|-end|p2a: Vivillon|Substitute
|
|-heal|p2a: Vivillon|81/100|[from] item: Leftovers
|upkeep
|turn|33
|
|t:|1637299016
|move|p2a: Vivillon|Sleep Powder|p1a: Calyrex
|-status|p1a: Calyrex|slp|[from] move: Sleep Powder
|cant|p1a: Calyrex|slp
|
|-heal|p2a: Vivillon|87/100|[from] item: Leftovers
|upkeep
|turn|34
|-message|RUiNtheExtinct forfeited.
|
|win|rowletroost
|raw|RUiNtheExtinct's rating: 1784 &rarr; <strong>1763</strong><br />(-21 for losing)
|raw|rowletroost's rating: 1767 &rarr; <strong>1788</strong><br />(+21 for winning)
|c|☆RUiNtheExtinct|gg
|l|☆RUiNtheExtinct
