|j|☆Heatran192
|j|☆Kypza
|t:|1660768405
|gametype|singles
|player|p1|Heatran192|burglar|
|player|p2|Kypza|brycen|
|teamsize|p1|6
|teamsize|p2|6
|gen|8
|tier|[Gen 8] National Dex AG
|rule|HP Percentage Mod: HP is shown in percentages
|rule|Endless Battle Clause: Forcing endless battles is banned
|clearpoke
|poke|p1|Kingler, M|
|poke|p1|Darkrai|
|poke|p1|Deoxys-Speed|
|poke|p1|Genesect-Burn|
|poke|p1|Kyogre|
|poke|p1|Mewtwo|
|poke|p2|Shuckle, F|
|poke|p2|Gothitelle, M|
|poke|p2|Groudon|
|poke|p2|Palkia|
|poke|p2|Chatot, M|
|poke|p2|Arceus-*|
|teampreview
|inactive|Battle timer is ON: inactive players will automatically lose when time's up. (requested by Heatran192)
|c|☆Kypza|The team my friend gave me
|
|t:|1660768424
|start
|switch|p1a: Deoxys|Deoxys-Speed|100/100
|switch|p2a: Shuckle|Shuckle, F, shiny|100/100
|-ability|p1a: Deoxys|Pressure
|turn|1
|c|☆Heatran192|Looks cool
|
|t:|1660768434
|move|p1a: Deoxys|Calm Mind|p1a: Deoxys
|-boost|p1a: Deoxys|spa|1
|-boost|p1a: Deoxys|spd|1
|move|p2a: Shuckle|Sticky Web|p1a: Deoxys
|-sidestart|p1: Heatran192|move: Sticky Web
|
|upkeep
|turn|2
|
|t:|1660768438
|move|p1a: Deoxys|Thunderbolt|p2a: Shuckle
|-damage|p2a: Shuckle|69/100
|-damage|p1a: Deoxys|91/100|[from] item: Life Orb
|move|p2a: Shuckle|Encore|p1a: Deoxys
|-start|p1a: Deoxys|Encore
|
|upkeep
|turn|3
|
|t:|1660768443
|move|p1a: Deoxys|Thunderbolt|p2a: Shuckle
|-damage|p2a: Shuckle|40/100
|-status|p2a: Shuckle|par
|-damage|p1a: Deoxys|81/100|[from] item: Life Orb
|cant|p2a: Shuckle|par
|
|upkeep
|turn|4
|
|t:|1660768450
|move|p1a: Deoxys|Thunderbolt|p2a: Shuckle
|-damage|p2a: Shuckle|10/100 par
|-damage|p1a: Deoxys|71/100|[from] item: Life Orb
|cant|p2a: Shuckle|par
|
|upkeep
|turn|5
|
|t:|1660768454
|move|p1a: Deoxys|Thunderbolt|p2a: Shuckle
|-damage|p2a: Shuckle|0 fnt
|faint|p2a: Shuckle
|-damage|p1a: Deoxys|61/100|[from] item: Life Orb
|
|-end|p1a: Deoxys|Encore
|upkeep
|
|t:|1660768475
|switch|p2a: Arceus|Arceus, shiny|100/100
|turn|6
|
|t:|1660768485
|move|p1a: Deoxys|Focus Blast|p2a: Arceus
|-supereffective|p2a: Arceus
|-damage|p2a: Arceus|0 fnt
|faint|p2a: Arceus
|-damage|p1a: Deoxys|51/100|[from] item: Life Orb
|
|upkeep
|
|t:|1660768493
|switch|p2a: Groudon|Groudon, shiny|100/100
|-weather|SunnyDay|[from] ability: Drought|[of] p2a: Groudon
|turn|7
|
|t:|1660768496
|move|p1a: Deoxys|Psycho Boost|p2a: Groudon
|-damage|p2a: Groudon|0 fnt
|-unboost|p1a: Deoxys|spa|2
|faint|p2a: Groudon
|-damage|p1a: Deoxys|41/100|[from] item: Life Orb
|
|-weather|SunnyDay|[upkeep]
|upkeep
|
|t:|1660768505
|switch|p2a: Palkia|Palkia, shiny|100/100
|-ability|p2a: Palkia|Pressure
|turn|8
|
|t:|1660768509
|move|p1a: Deoxys|Calm Mind|p1a: Deoxys
|-boost|p1a: Deoxys|spa|1
|-boost|p1a: Deoxys|spd|1
|move|p2a: Palkia|Thunder Wave|p1a: Deoxys
|-status|p1a: Deoxys|par
|
|-weather|SunnyDay|[upkeep]
|upkeep
|turn|9
|
|t:|1660768513
|move|p2a: Palkia|Fire Blast|p1a: Deoxys
|-damage|p1a: Deoxys|0 fnt
|faint|p1a: Deoxys
|
|-weather|SunnyDay|[upkeep]
|upkeep
|
|t:|1660768524
|switch|p1a: Kingler|Kingler, M|100/100
|-activate|p1a: Kingler|move: Sticky Web
|-unboost|p1a: Kingler|spe|1
|turn|10
|
|t:|1660768528
|move|p2a: Palkia|Thunder Wave|p1a: Kingler
|-status|p1a: Kingler|par
|move|p1a: Kingler|Swords Dance|p1a: Kingler
|-boost|p1a: Kingler|atk|2
|
|-weather|SunnyDay|[upkeep]
|upkeep
|turn|11
|
|t:|1660768537
|-start|p1a: Kingler|Dynamax|Gmax
|-heal|p1a: Kingler|100/100 par|[silent]
|move|p2a: Palkia|Spacial Rend|p1a: Kingler
|-damage|p1a: Kingler|26/100 par
|cant|p1a: Kingler|par
|
|-weather|none
|upkeep
|turn|12
|
|t:|1660768544
|move|p2a: Palkia|Spacial Rend|p1a: Kingler
|-damage|p1a: Kingler|0 fnt
|faint|p1a: Kingler
|
|upkeep
|
|t:|1660768551
|switch|p1a: Darkrai|Darkrai|100/100
|-activate|p1a: Darkrai|move: Sticky Web
|-unboost|p1a: Darkrai|spe|1
|turn|13
|
|t:|1660768557
|move|p2a: Palkia|Thunder Wave|p1a: Darkrai
|-status|p1a: Darkrai|par
|move|p1a: Darkrai|Dark Void|p2a: Palkia
|-status|p2a: Palkia|slp|[from] move: Dark Void
|
|-damage|p2a: Palkia|88/100 slp|[from] ability: Bad Dreams|[of] p1a: Darkrai
|upkeep
|turn|14
|
|t:|1660768564
|cant|p2a: Palkia|slp
|move|p1a: Darkrai|Swords Dance|p1a: Darkrai
|-boost|p1a: Darkrai|atk|2
|
|-damage|p2a: Palkia|76/100 slp|[from] ability: Bad Dreams|[of] p1a: Darkrai
|upkeep
|turn|15
|
|t:|1660768575
|cant|p2a: Palkia|slp
|move|p1a: Darkrai|Dark Void|p2a: Palkia|[miss]
|-miss|p1a: Darkrai|p2a: Palkia
|-enditem|p1a: Darkrai|Blunder Policy
|-boost|p1a: Darkrai|spe|2
|
|-damage|p2a: Palkia|63/100 slp|[from] ability: Bad Dreams|[of] p1a: Darkrai
|upkeep
|turn|16
|
|t:|1660768580
|cant|p2a: Palkia|slp
|move|p1a: Darkrai|Drain Punch|p2a: Palkia
|-damage|p2a: Palkia|17/100 slp
|
|-damage|p2a: Palkia|5/100 slp|[from] ability: Bad Dreams|[of] p1a: Darkrai
|upkeep
|turn|17
|
|t:|1660768582
|-curestatus|p2a: Palkia|slp|[msg]
|move|p2a: Palkia|Spacial Rend|p1a: Darkrai
|-damage|p1a: Darkrai|8/100 par
|move|p1a: Darkrai|Drain Punch|p2a: Palkia
|-damage|p2a: Palkia|0 fnt
|-heal|p1a: Darkrai|11/100 par|[from] drain|[of] p2a: Palkia
|faint|p2a: Palkia
|
|upkeep
|
|t:|1660768586
|switch|p2a: Gothitelle|Gothitelle, M, shiny|100/100
|turn|18
|
|t:|1660768594
|cant|p1a: Darkrai|par
|move|p2a: Gothitelle|Taunt|p1a: Darkrai
|-start|p1a: Darkrai|move: Taunt
|
|upkeep
|turn|19
|
|t:|1660768607
|cant|p1a: Darkrai|par
|move|p2a: Gothitelle|Psyshock|p1a: Darkrai
|-immune|p1a: Darkrai
|
|upkeep
|turn|20
|
|t:|1660768610
|cant|p1a: Darkrai|par
|move|p2a: Gothitelle|Psyshock|p1a: Darkrai
|-immune|p1a: Darkrai
|
|upkeep
|turn|21
|
|t:|1660768614
|move|p1a: Darkrai|Shadow Claw|p2a: Gothitelle
|-supereffective|p2a: Gothitelle
|-crit|p2a: Gothitelle
|-damage|p2a: Gothitelle|0 fnt
|faint|p2a: Gothitelle
|
|-end|p1a: Darkrai|move: Taunt
|upkeep
|
|t:|1660768617
|switch|p2a: Chatot|Chatot, M, shiny|100/100
|turn|22
|
|t:|1660768624
|move|p2a: Chatot|Substitute|p2a: Chatot
|-start|p2a: Chatot|Substitute
|-damage|p2a: Chatot|76/100
|cant|p1a: Darkrai|par
|
|-heal|p2a: Chatot|82/100|[from] item: Leftovers
|upkeep
|turn|23
|
|t:|1660768627
|move|p2a: Chatot|Chatter|p1a: Darkrai
|-crit|p1a: Darkrai
|-damage|p1a: Darkrai|0 fnt
|faint|p1a: Darkrai
|
|-heal|p2a: Chatot|88/100|[from] item: Leftovers
|upkeep
|
|t:|1660768635
|switch|p1a: Genesect|Genesect-Burn|100/100
|-activate|p1a: Genesect|move: Sticky Web
|-unboost|p1a: Genesect|spe|1
|-ability|p1a: Genesect|Download|boost
|-boost|p1a: Genesect|spa|1
|turn|24
|
|t:|1660768645
|move|p2a: Chatot|Nasty Plot|p2a: Chatot
|-boost|p2a: Chatot|spa|2
|move|p1a: Genesect|Techno Blast|p2a: Chatot
|-end|p2a: Chatot|Substitute
|
|-heal|p2a: Chatot|94/100|[from] item: Leftovers
|upkeep
|turn|25
|
|t:|1660768652
|move|p2a: Chatot|Chatter|p1a: Genesect
|-damage|p1a: Genesect|31/100
|-start|p1a: Genesect|confusion
|-activate|p1a: Genesect|confusion
|-damage|p1a: Genesect|19/100|[from] confusion
|
|-heal|p2a: Chatot|99/100|[from] item: Leftovers
|upkeep
|turn|26
|c|☆Heatran192|Epic
|
|t:|1660768672
|move|p2a: Chatot|Chatter|p1a: Genesect
|-crit|p1a: Genesect
|-damage|p1a: Genesect|0 fnt
|faint|p1a: Genesect
|
|-heal|p2a: Chatot|100/100|[from] item: Leftovers
|upkeep
|c|☆Kypza|Birb
|
|t:|1660768677
|switch|p1a: Mewtwo|Mewtwo|100/100
|-activate|p1a: Mewtwo|move: Sticky Web
|-unboost|p1a: Mewtwo|spe|1
|-ability|p1a: Mewtwo|Pressure
|turn|27
|
|t:|1660768685
|move|p2a: Chatot|Substitute|p2a: Chatot
|-start|p2a: Chatot|Substitute
|-damage|p2a: Chatot|76/100
|move|p1a: Mewtwo|Thunderbolt|p2a: Chatot
|-supereffective|p2a: Chatot
|-end|p2a: Chatot|Substitute
|
|-heal|p2a: Chatot|82/100|[from] item: Leftovers
|upkeep
|turn|28
|
|t:|1660768702
|detailschange|p1a: Mewtwo|Mewtwo-Mega-X
|-mega|p1a: Mewtwo|Mewtwo|Mewtwonite X
|-start|p2a: Chatot|Dynamax|
|-heal|p2a: Chatot|82/100|[silent]
|move|p2a: Chatot|Max Airstream|p1a: Mewtwo
|-supereffective|p1a: Mewtwo
|-damage|p1a: Mewtwo|0 fnt
|-boost|p2a: Chatot|spe|1
|faint|p1a: Mewtwo
|
|-heal|p2a: Chatot|85/100|[from] item: Leftovers
|upkeep
|
|t:|1660768710
|switch|p1a: Kyogre|Kyogre|100/100
|-activate|p1a: Kyogre|move: Sticky Web
|-unboost|p1a: Kyogre|spe|1
|detailschange|p1a: Kyogre|Kyogre-Primal
|-primal|p1a: Kyogre
|-weather|PrimordialSea|[from] ability: Primordial Sea|[of] p1a: Kyogre
|turn|29
|
|t:|1660768715
|move|p2a: Chatot|Max Airstream|p1a: Kyogre
|-damage|p1a: Kyogre|32/100
|-boost|p2a: Chatot|spe|1
|move|p1a: Kyogre|Waterfall|p2a: Chatot
|-damage|p2a: Chatot|8/100
|
|-weather|PrimordialSea|[upkeep]
|-heal|p2a: Chatot|11/100|[from] item: Leftovers
|upkeep
|turn|30
|
|t:|1660768721
|move|p2a: Chatot|Max Airstream|p1a: Kyogre
|-damage|p1a: Kyogre|0 fnt
|-boost|p2a: Chatot|spe|1
|faint|p1a: Kyogre
|-weather|none
|
|win|Kypza
|c|☆Heatran192|Man
|c|☆Kypza|Birb gaming
