|j|☆yiyi yizi
|j|☆Emorawr79
|t:|1643141651
|gametype|singles
|player|p1|yiyi yizi|hilbert|1511
|player|p2|Emorawr79|170|1641
|teamsize|p1|6
|teamsize|p2|6
|gen|8
|tier|[Gen 8] National Dex AG
|rated|
|rule|HP Percentage Mod: HP is shown in percentages
|rule|Endless Battle Clause: Forcing endless battles is banned
|clearpoke
|poke|p1|Whimsicott, M|
|poke|p1|Gliscor, F|
|poke|p1|Corsola-Galar, F|
|poke|p1|Greninja, F|
|poke|p1|Lugia|
|poke|p1|Magnemite, L1|
|poke|p2|Calyrex-Shadow|
|poke|p2|Smeargle, F|
|poke|p2|Ditto|
|poke|p2|Zygarde|
|poke|p2|Necrozma-Dusk-Mane|
|poke|p2|Yveltal|
|teampreview
|inactive|Battle timer is ON: inactive players will automatically lose when time's up. (requested by yiyi yizi)
|
|t:|1643141661
|start
|switch|p1a: Greninja|Greninja, F|100/100
|switch|p2a: Smeargle|Smeargle, F|100/100
|turn|1
|
|t:|1643141668
|switch|p1a: Whimsicott|Whimsicott, M, shiny|100/100
|move|p2a: Smeargle|Spore|p1a: Whimsicott
|-immune|p1a: Whimsicott
|
|-ability|p2a: Smeargle|Moody|boost
|-boost|p2a: Smeargle|spe|2
|-unboost|p2a: Smeargle|atk|1
|upkeep
|turn|2
|
|t:|1643141671
|move|p1a: Whimsicott|Leech Seed|p2a: Smeargle|[miss]
|-miss|p1a: Whimsicott|p2a: Smeargle
|move|p2a: Smeargle|Sticky Web|p1a: Whimsicott
|-sidestart|p1: yiyi yizi|move: Sticky Web
|
|-ability|p2a: Smeargle|Moody|boost
|-boost|p2a: Smeargle|def|2
|-unboost|p2a: Smeargle|spe|1
|upkeep
|turn|3
|
|t:|1643141674
|switch|p2a: Ditto|Ditto|100/100
|-transform|p2a: Ditto|p1a: Whimsicott|[from] ability: Imposter
|move|p1a: Whimsicott|Leech Seed|p2a: Ditto
|-immune|p2a: Ditto
|
|upkeep
|turn|4
|
|t:|1643141678
|move|p1a: Whimsicott|Protect|p1a: Whimsicott
|-singleturn|p1a: Whimsicott|Protect
|move|p2a: Ditto|Leech Seed|p1a: Whimsicott
|-activate|p1a: Whimsicott|move: Protect
|
|upkeep
|turn|5
|
|t:|1643141681
|switch|p1a: Greninja|Greninja, F|100/100
|-activate|p1a: Greninja|move: Sticky Web
|-unboost|p1a: Greninja|spe|1
|move|p2a: Ditto|Encore|p1a: Greninja
|-hint|Since gen 7, Dark is immune to Prankster moves.
|-immune|p1a: Greninja
|
|upkeep
|turn|6
|
|t:|1643141683
|move|p2a: Ditto|Leech Seed|p1a: Greninja
|-hint|Since gen 7, Dark is immune to Prankster moves.
|-immune|p1a: Greninja
|move|p1a: Greninja|Toxic Spikes|p2a: Ditto
|-sidestart|p2: Emorawr79|move: Toxic Spikes
|
|upkeep
|turn|7
|
|t:|1643141689
|switch|p2a: Necrozma|Necrozma-Dusk-Mane|100/100
|move|p1a: Greninja|Toxic Spikes|p2a: Necrozma
|-sidestart|p2: Emorawr79|move: Toxic Spikes
|
|upkeep
|turn|8
|
|t:|1643141696
|move|p1a: Greninja|Dark Pulse|p2a: Necrozma
|-supereffective|p2a: Necrozma
|-damage|p2a: Necrozma|58/100
|move|p2a: Necrozma|Sunsteel Strike|p1a: Greninja
|-resisted|p1a: Greninja
|-damage|p1a: Greninja|60/100
|
|upkeep
|turn|9
|
|t:|1643141700
|move|p1a: Greninja|Dark Pulse|p2a: Necrozma
|-supereffective|p2a: Necrozma
|-damage|p2a: Necrozma|13/100
|move|p2a: Necrozma|Moonlight|p2a: Necrozma
|-heal|p2a: Necrozma|63/100
|
|upkeep
|turn|10
|
|t:|1643141702
|move|p1a: Greninja|Dark Pulse|p2a: Necrozma
|-supereffective|p2a: Necrozma
|-damage|p2a: Necrozma|22/100
|move|p2a: Necrozma|Toxic|p1a: Greninja
|-status|p1a: Greninja|tox
|
|-damage|p1a: Greninja|54/100 tox|[from] psn
|upkeep
|turn|11
|
|t:|1643141707
|move|p1a: Greninja|Water Shuriken|p2a: Necrozma
|-damage|p2a: Necrozma|17/100
|-damage|p2a: Necrozma|11/100
|-damage|p2a: Necrozma|5/100
|-damage|p2a: Necrozma|0 fnt
|faint|p2a: Necrozma
|-hitcount|p2: Necrozma|4
|
|-damage|p1a: Greninja|42/100 tox|[from] psn
|upkeep
|
|t:|1643141717
|switch|p2a: Yveltal|Yveltal|100/100
|-ability|p2a: Yveltal|Dark Aura
|turn|12
|
|t:|1643141720
|move|p2a: Yveltal|Oblivion Wing|p1a: Greninja
|-damage|p1a: Greninja|0 fnt
|faint|p1a: Greninja
|-damage|p2a: Yveltal|91/100|[from] item: Life Orb
|
|upkeep
|
|t:|1643141724
|switch|p1a: Magnemite|Magnemite, L1, shiny|100/100
|-activate|p1a: Magnemite|move: Sticky Web
|-unboost|p1a: Magnemite|spe|1
|turn|13
|
|t:|1643141729
|switch|p2a: Ditto|Ditto|100/100
|-status|p2a: Ditto|tox
|-transform|p2a: Ditto|p1a: Magnemite|[from] ability: Imposter
|move|p1a: Magnemite|Toxic|p2a: Ditto
|-fail|p2a: Ditto|tox
|
|-damage|p2a: Ditto|94/100 tox|[from] psn
|upkeep
|turn|14
|
|t:|1643141742
|switch|p2a: Calyrex|Calyrex-Shadow|100/100
|-ability|p2a: Calyrex|As One
|-ability|p2a: Calyrex|Unnerve
|-status|p2a: Calyrex|tox
|switch|p1a: Lugia|Lugia, shiny|100/100
|
|-damage|p2a: Calyrex|94/100 tox|[from] psn
|upkeep
|turn|15
|
|t:|1643141748
|move|p2a: Calyrex|Astral Barrage|p1a: Lugia
|-supereffective|p1a: Lugia
|-crit|p1a: Lugia
|-damage|p1a: Lugia|39/100
|move|p1a: Lugia|Substitute|p1a: Lugia
|-start|p1a: Lugia|Substitute
|-damage|p1a: Lugia|14/100
|
|-heal|p1a: Lugia|20/100|[from] item: Leftovers
|-damage|p2a: Calyrex|82/100 tox|[from] psn
|upkeep
|turn|16
|
|t:|1643141752
|move|p1a: Lugia|Protect|p1a: Lugia
|-singleturn|p1a: Lugia|Protect
|move|p2a: Calyrex|Astral Barrage|p1a: Lugia
|-activate|p1a: Lugia|move: Protect
|
|-heal|p1a: Lugia|26/100|[from] item: Leftovers
|-damage|p2a: Calyrex|64/100 tox|[from] psn
|upkeep
|turn|17
|
|t:|1643141756
|move|p2a: Calyrex|Astral Barrage|p1a: Lugia
|-supereffective|p1a: Lugia
|-end|p1a: Lugia|Substitute
|move|p1a: Lugia|Roost|p1a: Lugia
|-heal|p1a: Lugia|76/100
|-singleturn|p1a: Lugia|move: Roost
|
|-heal|p1a: Lugia|83/100|[from] item: Leftovers
|-damage|p2a: Calyrex|39/100 tox|[from] psn
|upkeep
|turn|18
|
|t:|1643141763
|move|p1a: Lugia|Protect|p1a: Lugia
|-singleturn|p1a: Lugia|Protect
|move|p2a: Calyrex|Astral Barrage|p1a: Lugia
|-activate|p1a: Lugia|move: Protect
|
|-heal|p1a: Lugia|89/100|[from] item: Leftovers
|-damage|p2a: Calyrex|8/100 tox|[from] psn
|upkeep
|turn|19
|
|t:|1643141766
|switch|p1a: Magnemite|Magnemite, L1, shiny|100/100
|-activate|p1a: Magnemite|move: Sticky Web
|-unboost|p1a: Magnemite|spe|1
|move|p2a: Calyrex|Astral Barrage|p1a: Magnemite
|-ability|p1a: Magnemite|Sturdy
|-damage|p1a: Magnemite|10/100
|-enditem|p1a: Magnemite|Berry Juice
|-heal|p1a: Magnemite|100/100|[from] item: Berry Juice
|
|-damage|p2a: Calyrex|0 fnt|[from] psn
|faint|p2a: Calyrex
|upkeep
|
|t:|1643141771
|switch|p2a: Zygarde|Zygarde|100/100
|-status|p2a: Zygarde|tox
|turn|20
|
|t:|1643141775
|move|p2a: Zygarde|Thousand Arrows|p1a: Magnemite
|-supereffective|p1a: Magnemite
|-ability|p1a: Magnemite|Sturdy
|-damage|p1a: Magnemite|10/100
|move|p1a: Magnemite|Recycle|p1a: Magnemite
|-item|p1a: Magnemite|Berry Juice|[from] move: Recycle
|-enditem|p1a: Magnemite|Berry Juice
|-heal|p1a: Magnemite|100/100|[from] item: Berry Juice
|
|-damage|p2a: Zygarde|94/100 tox|[from] psn
|upkeep
|turn|21
|-message|Emorawr79 forfeited.
|
|win|yiyi yizi
|raw|yiyi yizi's rating: 1511 &rarr; <strong>1538</strong><br />(+27 for winning)
|raw|Emorawr79's rating: 1641 &rarr; <strong>1614</strong><br />(-27 for losing)
|l|☆Emorawr79
|c|☆yiyi yizi|ISISISISI
