|j|☆Morale Booster
|j|☆Mawm
|t:|1665718734
|gametype|singles
|player|p1|Morale Booster|klara|1711
|player|p2|Mawm|beauty-gen6xy|1779
|teamsize|p1|6
|teamsize|p2|6
|gen|8
|tier|[Gen 8] National Dex AG
|rated|
|rule|HP Percentage Mod: HP is shown in percentages
|rule|Endless Battle Clause: Forcing endless battles is banned
|clearpoke
|poke|p1|Marshadow|
|poke|p1|Lugia|
|poke|p1|Groudon|
|poke|p1|Smeargle, F|
|poke|p1|Xerneas-*|
|poke|p1|Diancie|
|poke|p2|Arceus-*|
|poke|p2|Genesect|
|poke|p2|Yveltal|
|poke|p2|Necrozma-Dusk-Mane|
|poke|p2|Rayquaza|
|poke|p2|Groudon|
|teampreview
|inactive|Battle timer is ON: inactive players will automatically lose when time's up. (requested by Mawm)
|
|t:|1665718746
|start
|switch|p1a: Uno|Diancie|100/100
|switch|p2a: Genesect|Genesect, shiny|100/100
|-ability|p2a: Genesect|Download|boost
|-boost|p2a: Genesect|spa|1
|turn|1
|
|t:|1665718753
|detailschange|p1a: Uno|Diancie-Mega
|-mega|p1a: Uno|Diancie|Diancite
|move|p1a: Uno|Stealth Rock|p2a: Genesect
|-sidestart|p2: Mawm|move: Stealth Rock
|move|p2a: Genesect|Shift Gear|p2a: Genesect
|-boost|p2a: Genesect|spe|2
|-boost|p2a: Genesect|atk|1
|
|upkeep
|turn|2
|
|t:|1665718762
|switch|p1a: Spectral move|Smeargle, F|100/100
|move|p2a: Genesect|Iron Head|p1a: Spectral move
|-enditem|p1a: Spectral move|Focus Sash
|-damage|p1a: Spectral move|1/100
|-damage|p2a: Genesect|91/100|[from] item: Life Orb
|
|upkeep
|turn|3
|
|t:|1665718770
|move|p2a: Genesect|Leech Life|p1a: Spectral move
|-damage|p1a: Spectral move|0 fnt
|-heal|p2a: Genesect|91/100|[from] drain|[of] p1a: Spectral move
|faint|p1a: Spectral move
|-damage|p2a: Genesect|81/100|[from] item: Life Orb
|
|upkeep
|
|t:|1665718776
|switch|p1a: Sack|Groudon|100/100
|detailschange|p1a: Sack|Groudon-Primal
|-primal|p1a: Sack
|-weather|DesolateLand|[from] ability: Desolate Land|[of] p1a: Sack
|turn|4
|
|t:|1665718781
|switch|p2a: Rayquaza|Rayquaza, shiny|100/100
|-ability|p2a: Rayquaza|Air Lock
|move|p1a: Sack|Fire Punch|p2a: Rayquaza
|-resisted|p2a: Rayquaza
|-damage|p2a: Rayquaza|72/100
|
|-weather|DesolateLand|[upkeep]
|upkeep
|turn|5
|
|t:|1665718788
|-weather|none
|switch|p1a: 1000%|Lugia|100/100
|detailschange|p2a: Rayquaza|Rayquaza-Mega, shiny
|-mega|p2a: Rayquaza|Rayquaza|
|-weather|DeltaStream|[from] ability: Delta Stream|[of] p2a: Rayquaza
|move|p2a: Rayquaza|Earthquake|p1a: 1000%
|-immune|p1a: 1000%
|
|-weather|DeltaStream|[upkeep]
|upkeep
|turn|6
|
|t:|1665718797
|move|p2a: Rayquaza|Dragon Ascent|p1a: 1000%
|-damage|p1a: 1000%|78/100
|-unboost|p2a: Rayquaza|def|1
|-unboost|p2a: Rayquaza|spd|1
|move|p1a: 1000%|Calm Mind|p1a: 1000%
|-boost|p1a: 1000%|spa|1
|-boost|p1a: 1000%|spd|1
|
|-weather|DeltaStream|[upkeep]
|-heal|p1a: 1000%|85/100|[from] item: Leftovers
|upkeep
|turn|7
|
|t:|1665718806
|move|p2a: Rayquaza|Dragon Ascent|p1a: 1000%
|-damage|p1a: 1000%|42/100
|-unboost|p2a: Rayquaza|def|1
|-unboost|p2a: Rayquaza|spd|1
|move|p1a: 1000%|Roost|p1a: 1000%
|-heal|p1a: 1000%|92/100
|-singleturn|p1a: 1000%|move: Roost
|
|-weather|DeltaStream|[upkeep]
|-heal|p1a: 1000%|98/100|[from] item: Leftovers
|upkeep
|turn|8
|
|t:|1665718816
|-weather|none
|switch|p2a: Necrozma|Necrozma-Dusk-Mane, shiny|100/100
|-damage|p2a: Necrozma|94/100|[from] Stealth Rock
|move|p1a: 1000%|Calm Mind|p1a: 1000%
|-boost|p1a: 1000%|spa|1
|-boost|p1a: 1000%|spd|1
|
|-heal|p1a: 1000%|100/100|[from] item: Leftovers
|upkeep
|turn|9
|
|t:|1665718825
|switch|p1a: Uno|Diancie-Mega|100/100
|move|p2a: Necrozma|Toxic|p1a: Uno
|move|p1a: Uno|Toxic|p2a: Necrozma|[from]ability: Magic Bounce
|-immune|p2a: Necrozma
|
|upkeep
|turn|10
|
|t:|1665718832
|move|p1a: Uno|Protect|p1a: Uno
|-singleturn|p1a: Uno|Protect
|move|p2a: Necrozma|Toxic|p1a: Uno
|-activate|p1a: Uno|move: Protect
|
|upkeep
|turn|11
|
|t:|1665718838
|move|p1a: Uno|Diamond Storm|p2a: Necrozma
|-resisted|p2a: Necrozma
|-damage|p2a: Necrozma|80/100
|move|p2a: Necrozma|Iron Head|p1a: Uno
|-supereffective|p1a: Uno
|-damage|p1a: Uno|0 fnt
|faint|p1a: Uno
|
|upkeep
|
|t:|1665718845
|switch|p1a: Sack|Groudon-Primal|100/100
|-weather|DesolateLand|[from] ability: Desolate Land|[of] p1a: Sack
|turn|12
|
|t:|1665718849
|switch|p2a: Rayquaza|Rayquaza-Mega, shiny|72/100
|-weather|DeltaStream|[from] ability: Delta Stream|[of] p2a: Rayquaza
|move|p1a: Sack|Roar|p2a: Rayquaza
|-weather|none
|drag|p2a: Yveltal|Yveltal, shiny|100/100
|-damage|p2a: Yveltal|76/100|[from] Stealth Rock
|-ability|p2a: Yveltal|Dark Aura
|
|upkeep
|turn|13
|
|t:|1665718859
|-start|p2a: Yveltal|Dynamax|
|-heal|p2a: Yveltal|76/100|[silent]
|move|p2a: Yveltal|Max Darkness|p1a: Sack
|-damage|p1a: Sack|13/100
|-unboost|p1a: Sack|spd|1
|move|p1a: Sack|Fire Punch|p2a: Yveltal
|-damage|p2a: Yveltal|48/100
|
|upkeep
|turn|14
|
|t:|1665718869
|move|p2a: Yveltal|Max Airstream|p1a: Sack
|-damage|p1a: Sack|0 fnt
|-boost|p2a: Yveltal|spe|1
|faint|p1a: Sack
|
|upkeep
|
|t:|1665718876
|switch|p1a: Watch out|Marshadow|100/100
|turn|15
|
|t:|1665718882
|move|p2a: Yveltal|Max Darkness|p1a: Watch out
|-enditem|p1a: Watch out|Focus Sash
|-damage|p1a: Watch out|1/100
|-unboost|p1a: Watch out|spd|1
|move|p1a: Watch out|Spectral Thief||[still]
|-clearpositiveboost|p2a: Yveltal|p1a: Watch out|move: Spectral Thief
|-boost|p1a: Watch out|spe|1
|-anim|p1a: Watch out|Spectral Thief|p2a: Yveltal
|-resisted|p2a: Yveltal
|-damage|p2a: Yveltal|39/100
|
|upkeep
|-end|p2a: Yveltal|Dynamax
|-heal|p2a: Yveltal|39/100|[silent]
|turn|16
|
|t:|1665718899
|switch|p2a: Necrozma|Necrozma-Dusk-Mane, shiny|80/100
|-damage|p2a: Necrozma|74/100|[from] Stealth Rock
|move|p1a: Watch out|Protect||[still]
|-fail|p1a: Watch out
|
|upkeep
|turn|17
|
|t:|1665718905
|move|p1a: Watch out|Close Combat|p2a: Necrozma
|-damage|p2a: Necrozma|41/100
|-unboost|p1a: Watch out|def|1
|-unboost|p1a: Watch out|spd|1
|-damage|p1a: Watch out|0 fnt|[from] item: Rocky Helmet|[of] p2a: Necrozma
|faint|p1a: Watch out
|move|p2a: Necrozma|Morning Sun|p2a: Necrozma
|-heal|p2a: Necrozma|91/100
|
|upkeep
|-message|Morale Booster forfeited.
|
|win|Mawm
|raw|Morale Booster's rating: 1711 &rarr; <strong>1695</strong><br />(-16 for losing)
|raw|Mawm's rating: 1788 &rarr; <strong>1804</strong><br />(+16 for winning)
|l|☆Morale Booster
