|j|☆ChunkyRat
|j|☆agdp
|t:|1630598993
|gametype|singles
|player|p1|ChunkyRat|schoolkidf|1760
|player|p2|agdp|101|1691
|teamsize|p1|6
|teamsize|p2|6
|gen|8
|tier|[Gen 8] National Dex AG
|rated|
|rule|HP Percentage Mod: HP is shown in percentages
|rule|Endless Battle Clause: Forcing endless battles is banned
|clearpoke
|poke|p1|Rayquaza|
|poke|p1|Arceus-*|
|poke|p1|Groudon|
|poke|p1|Calyrex-Shadow|
|poke|p1|Arceus-*|
|poke|p1|Lugia|
|poke|p2|Giratina-Origin|
|poke|p2|Ditto|
|poke|p2|Groudon|
|poke|p2|Yveltal|
|poke|p2|Eternatus|
|poke|p2|Zacian-*|
|teampreview
|inactive|Battle timer is ON: inactive players will automatically lose when time's up. (requested by ChunkyRat)
|
|t:|1630599012
|start
|switch|p1a: Groudon|Groudon|100/100
|switch|p2a: Giratina|Giratina-Origin, shiny|100/100
|detailschange|p1a: Groudon|Groudon-Primal
|-primal|p1a: Groudon
|-weather|DesolateLand|[from] ability: Desolate Land|[of] p1a: Groudon
|turn|1
|inactive|ChunkyRat has 120 seconds left.
|
|t:|1630599042
|move|p1a: Groudon|Toxic|p2a: Giratina
|-status|p2a: Giratina|tox
|move|p2a: Giratina|Hone Claws|p2a: Giratina
|-boost|p2a: Giratina|atk|1
|-boost|p2a: Giratina|accuracy|1
|
|-weather|DesolateLand|[upkeep]
|-damage|p2a: Giratina|94/100 tox|[from] psn
|upkeep
|turn|2
|
|t:|1630599054
|move|p1a: Groudon|Stealth Rock|p2a: Giratina
|-sidestart|p2: agdp|move: Stealth Rock
|move|p2a: Giratina|Outrage|p1a: Groudon
|-damage|p1a: Groudon|32/100
|
|-weather|DesolateLand|[upkeep]
|-damage|p2a: Giratina|82/100 tox|[from] psn
|upkeep
|turn|3
|
|t:|1630599068
|move|p1a: Groudon|Lava Plume|p2a: Giratina
|-resisted|p2a: Giratina
|-damage|p2a: Giratina|58/100 tox
|move|p2a: Giratina|Outrage|p1a: Groudon|[from]lockedmove
|-damage|p1a: Groudon|0 fnt
|faint|p1a: Groudon
|-weather|none
|
|-damage|p2a: Giratina|40/100 tox|[from] psn
|upkeep
|
|t:|1630599075
|switch|p1a: Calyrex|Calyrex-Shadow|100/100
|-ability|p1a: Calyrex|As One
|-ability|p1a: Calyrex|Unnerve
|turn|4
|
|t:|1630599084
|move|p1a: Calyrex|Astral Barrage|p2a: Giratina
|-supereffective|p2a: Giratina
|-damage|p2a: Giratina|0 fnt
|faint|p2a: Giratina
|-ability|p1a: Calyrex|Grim Neigh|boost
|-boost|p1a: Calyrex|spa|1
|
|upkeep
|
|t:|1630599092
|switch|p2a: Yveltal|Yveltal|100/100
|-damage|p2a: Yveltal|76/100|[from] Stealth Rock
|-ability|p2a: Yveltal|Dark Aura
|turn|5
|
|t:|1630599098
|switch|p1a: Lugia|Lugia|100/100
|move|p2a: Yveltal|Sucker Punch||[still]
|-fail|p2a: Yveltal
|
|upkeep
|turn|6
|
|t:|1630599106
|move|p2a: Yveltal|Taunt|p1a: Lugia
|-start|p1a: Lugia|move: Taunt
|cant|p1a: Lugia|move: Taunt|Thunder Wave
|
|upkeep
|turn|7
|
|t:|1630599111
|switch|p1a: Rayquaza|Rayquaza|100/100
|-ability|p1a: Rayquaza|Air Lock
|move|p2a: Yveltal|Oblivion Wing|p1a: Rayquaza
|-damage|p1a: Rayquaza|53/100
|-heal|p2a: Yveltal|100/100|[from] drain|[of] p1a: Rayquaza
|
|upkeep
|turn|8
|
|t:|1630599122
|detailschange|p1a: Rayquaza|Rayquaza-Mega
|-mega|p1a: Rayquaza|Rayquaza|
|-weather|DeltaStream|[from] ability: Delta Stream|[of] p1a: Rayquaza
|move|p1a: Rayquaza|Dragon Ascent|p2a: Yveltal
|-damage|p2a: Yveltal|10/100
|-unboost|p1a: Rayquaza|def|1
|-unboost|p1a: Rayquaza|spd|1
|-damage|p1a: Rayquaza|37/100|[from] item: Rocky Helmet|[of] p2a: Yveltal
|-damage|p1a: Rayquaza|27/100|[from] item: Life Orb
|move|p2a: Yveltal|Foul Play|p1a: Rayquaza
|-damage|p1a: Rayquaza|0 fnt
|faint|p1a: Rayquaza
|-weather|none
|
|upkeep
|
|t:|1630599135
|switch|p1a: Arceus|Arceus|100/100
|turn|9
|
|t:|1630599139
|move|p1a: Arceus|Extreme Speed|p2a: Yveltal
|-damage|p2a: Yveltal|0 fnt
|-damage|p1a: Arceus|84/100|[from] item: Rocky Helmet|[of] p2a: Yveltal
|faint|p2a: Yveltal
|
|-heal|p1a: Arceus|90/100|[from] item: Leftovers
|upkeep
|
|t:|1630599149
|switch|p2a: Zacian|Zacian-Crowned|100/100
|-damage|p2a: Zacian|94/100|[from] Stealth Rock
|-ability|p2a: Zacian|Intrepid Sword|boost
|-boost|p2a: Zacian|atk|1
|turn|10
|
|t:|1630599157
|switch|p1a: Lugia|Lugia|100/100
|move|p2a: Zacian|Close Combat|p1a: Lugia
|-resisted|p1a: Lugia
|-damage|p1a: Lugia|95/100
|-unboost|p2a: Zacian|def|1
|-unboost|p2a: Zacian|spd|1
|
|upkeep
|turn|11
|
|t:|1630599165
|switch|p2a: Groudon|Groudon|100/100
|-damage|p2a: Groudon|94/100|[from] Stealth Rock
|detailschange|p2a: Groudon|Groudon-Primal
|-primal|p2a: Groudon
|-weather|DesolateLand|[from] ability: Desolate Land|[of] p2a: Groudon
|move|p1a: Lugia|Thunder Wave|p2a: Groudon
|-immune|p2a: Groudon
|
|-weather|DesolateLand|[upkeep]
|upkeep
|turn|12
|
|t:|1630599175
|move|p1a: Lugia|Roost|p1a: Lugia
|-heal|p1a: Lugia|100/100
|-singleturn|p1a: Lugia|move: Roost
|move|p2a: Groudon|Heat Crash|p1a: Lugia
|-damage|p1a: Lugia|74/100
|
|-weather|DesolateLand|[upkeep]
|upkeep
|turn|13
|
|t:|1630599184
|move|p1a: Lugia|Roost|p1a: Lugia
|-heal|p1a: Lugia|100/100
|-singleturn|p1a: Lugia|move: Roost
|move|p2a: Groudon|Rock Tomb|p1a: Lugia
|-damage|p1a: Lugia|93/100
|-unboost|p1a: Lugia|spe|1
|
|-weather|DesolateLand|[upkeep]
|upkeep
|turn|14
|
|t:|1630599193
|switch|p1a: Arceus|Arceus|90/100
|move|p2a: Groudon|Heat Crash|p1a: Arceus
|-damage|p1a: Arceus|29/100
|
|-weather|DesolateLand|[upkeep]
|-heal|p1a: Arceus|35/100|[from] item: Leftovers
|upkeep
|turn|15
|inactive|ChunkyRat has 120 seconds left.
|
|t:|1630599236
|move|p1a: Arceus|Toxic|p2a: Groudon
|-status|p2a: Groudon|tox
|move|p2a: Groudon|Precipice Blades|p1a: Arceus
|-damage|p1a: Arceus|0 fnt
|faint|p1a: Arceus
|
|-weather|DesolateLand|[upkeep]
|-damage|p2a: Groudon|88/100 tox|[from] psn
|upkeep
|
|t:|1630599239
|switch|p1a: Lugia|Lugia|93/100
|turn|16
|
|t:|1630599254
|move|p1a: Lugia|Roost|p1a: Lugia
|-heal|p1a: Lugia|100/100
|-singleturn|p1a: Lugia|move: Roost
|move|p2a: Groudon|Rock Tomb|p1a: Lugia
|-damage|p1a: Lugia|93/100
|-unboost|p1a: Lugia|spe|1
|
|-weather|DesolateLand|[upkeep]
|-damage|p2a: Groudon|76/100 tox|[from] psn
|upkeep
|turn|17
|
|t:|1630599264
|move|p2a: Groudon|Heat Crash|p1a: Lugia
|-damage|p1a: Lugia|32/100
|move|p1a: Lugia|Roost|p1a: Lugia
|-heal|p1a: Lugia|82/100
|-singleturn|p1a: Lugia|move: Roost
|
|-weather|DesolateLand|[upkeep]
|-damage|p2a: Groudon|57/100 tox|[from] psn
|upkeep
|turn|18
|
|t:|1630599277
|move|p2a: Groudon|Heat Crash|p1a: Lugia
|-damage|p1a: Lugia|20/100
|move|p1a: Lugia|Thunder Wave|p2a: Groudon
|-immune|p2a: Groudon
|
|-weather|DesolateLand|[upkeep]
|-damage|p2a: Groudon|32/100 tox|[from] psn
|upkeep
|turn|19
|
|t:|1630599285
|move|p2a: Groudon|Heat Crash|p1a: Lugia
|-damage|p1a: Lugia|0 fnt
|faint|p1a: Lugia
|
|-weather|DesolateLand|[upkeep]
|-damage|p2a: Groudon|1/100 tox|[from] psn
|upkeep
|
|t:|1630599288
|switch|p1a: Calyrex|Calyrex-Shadow|100/100
|-ability|p1a: Calyrex|As One
|-ability|p1a: Calyrex|Unnerve
|turn|20
|inactive|agdp has 120 seconds left.
|
|t:|1630599318
|move|p1a: Calyrex|Astral Barrage|p2a: Groudon
|-damage|p2a: Groudon|0 fnt
|faint|p2a: Groudon
|-weather|none
|-ability|p1a: Calyrex|Grim Neigh|boost
|-boost|p1a: Calyrex|spa|1
|
|upkeep
|inactive|agdp has 120 seconds left.
|
|t:|1630599326
|switch|p2a: Ditto|Ditto|100/100
|-damage|p2a: Ditto|88/100|[from] Stealth Rock
|-transform|p2a: Ditto|p1a: Calyrex|[from] ability: Imposter
|turn|21
|inactive|agdp has 120 seconds left.
|
|t:|1630599345
|move|p2a: Ditto|Astral Barrage|p1a: Calyrex
|-supereffective|p1a: Calyrex
|-enditem|p1a: Calyrex|Focus Sash
|-damage|p1a: Calyrex|1/100
|move|p1a: Calyrex|Astral Barrage|p2a: Ditto
|-supereffective|p2a: Ditto
|-damage|p2a: Ditto|0 fnt
|faint|p2a: Ditto
|-ability|p1a: Calyrex|Grim Neigh|boost
|-boost|p1a: Calyrex|spa|1
|
|upkeep
|
|t:|1630599357
|switch|p2a: Eternatus|Eternatus|100/100
|-damage|p2a: Eternatus|88/100|[from] Stealth Rock
|-ability|p2a: Eternatus|Pressure
|turn|22
|
|t:|1630599364
|move|p1a: Calyrex|Astral Barrage|p2a: Eternatus
|-damage|p2a: Eternatus|0 fnt
|faint|p2a: Eternatus
|-ability|p1a: Calyrex|Grim Neigh|boost
|-boost|p1a: Calyrex|spa|1
|
|upkeep
|c|☆ChunkyRat|gg wp
|
|t:|1630599371
|switch|p2a: Zacian|Zacian-Crowned|94/100
|-damage|p2a: Zacian|88/100|[from] Stealth Rock
|-ability|p2a: Zacian|Intrepid Sword|boost
|-boost|p2a: Zacian|atk|1
|turn|23
|inactive|agdp has 120 seconds left.
|
|t:|1630599377
|-start|p1a: Calyrex|Dynamax
|-heal|p1a: Calyrex|1/100|[silent]
|move|p1a: Calyrex|Max Phantasm|p2a: Zacian
|-damage|p2a: Zacian|0 fnt
|faint|p2a: Zacian
|
|win|ChunkyRat
|raw|ChunkyRat's rating: 1760 &rarr; <strong>1776</strong><br />(+16 for winning)
|raw|agdp's rating: 1691 &rarr; <strong>1675</strong><br />(-16 for losing)
|l|☆ChunkyRat
