|j|☆Master kushagra
|j|☆S.J.I.A.N.
|t:|1648043005
|gametype|singles
|player|p1|Master kushagra|leon-tower|
|player|p2|S.J.I.A.N.|ash-kalos|
|teamsize|p1|6
|teamsize|p2|6
|gen|8
|tier|[Gen 8] National Dex AG
|rule|HP Percentage Mod: HP is shown in percentages
|rule|Endless Battle Clause: Forcing endless battles is banned
|clearpoke
|poke|p1|Calyrex-Shadow|
|poke|p1|Metagross|
|poke|p1|Malamar, F|
|poke|p1|Bronzong|
|poke|p1|Alakazam, F|
|poke|p1|Slowking, M|
|poke|p2|Dracovish|
|poke|p2|Pheromosa|
|poke|p2|Naganadel|
|poke|p2|Smeargle, M|
|poke|p2|Xurkitree|
|poke|p2|Ditto|
|teampreview
|inactive|Battle timer is ON: inactive players will automatically lose when time's up. (requested by S.J.I.A.N.)
|inactive|Master kushagra has 270 seconds left.
|inactive|Master kushagra has 240 seconds left.
|c|☆S.J.I.A.N.|move..
|
|t:|1648043090
|start
|switch|p1a: Bronzong|Bronzong|100/100
|switch|p2a: Smeargle|Smeargle, M|100/100
|turn|1
|c|☆Master kushagra|lol
|
|t:|1648043100
|move|p2a: Smeargle|Baneful Bunker|p2a: Smeargle
|-singleturn|p2a: Smeargle|move: Protect
|move|p1a: Bronzong|Toxic|p2a: Smeargle
|-activate|p2a: Smeargle|move: Protect
|
|-ability|p2a: Smeargle|Moody|boost
|-boost|p2a: Smeargle|spa|2
|-unboost|p2a: Smeargle|atk|1
|upkeep
|turn|2
|
|t:|1648043106
|move|p2a: Smeargle|Spore|p1a: Bronzong
|-activate|p1a: Bronzong|item: Safety Goggles|Spore
|move|p1a: Bronzong|Toxic|p2a: Smeargle
|-status|p2a: Smeargle|tox
|
|-damage|p2a: Smeargle|94/100 tox|[from] psn
|-ability|p2a: Smeargle|Moody|boost
|-boost|p2a: Smeargle|spe|2
|-unboost|p2a: Smeargle|spa|1
|upkeep
|turn|3
|
|t:|1648043116
|move|p2a: Smeargle|Baton Pass|p2a: Smeargle
|
|t:|1648043135
|switch|p2a: Naganadel|Naganadel|100/100|[from]move: Baton Pass
|move|p1a: Bronzong|Earthquake|p2a: Naganadel
|-supereffective|p2a: Naganadel
|-damage|p2a: Naganadel|30/100
|
|upkeep
|turn|4
|
|t:|1648043147
|-zpower|p2a: Naganadel
|move|p2a: Naganadel|Devastating Drake|p1a: Bronzong|[zeffect]
|-resisted|p1a: Bronzong
|-damage|p1a: Bronzong|36/100
|move|p1a: Bronzong|Earthquake|p2a: Naganadel
|-supereffective|p2a: Naganadel
|-damage|p2a: Naganadel|0 fnt
|faint|p2a: Naganadel
|
|upkeep
|c|☆S.J.I.A.N.|damn
|c|☆Master kushagra|lol
|
|t:|1648043158
|switch|p2a: Smeargle|Smeargle, M|94/100 tox
|turn|5
|
|t:|1648043165
|move|p2a: Smeargle|Baneful Bunker|p2a: Smeargle
|-singleturn|p2a: Smeargle|move: Protect
|move|p1a: Bronzong|Earthquake|p2a: Smeargle
|-activate|p2a: Smeargle|move: Protect
|
|-damage|p2a: Smeargle|88/100 tox|[from] psn
|-ability|p2a: Smeargle|Moody|boost
|-boost|p2a: Smeargle|def|2
|-unboost|p2a: Smeargle|spa|1
|upkeep
|turn|6
|
|t:|1648043169
|move|p2a: Smeargle|Shell Smash|p2a: Smeargle
|-unboost|p2a: Smeargle|def|1
|-unboost|p2a: Smeargle|spd|1
|-boost|p2a: Smeargle|atk|2
|-boost|p2a: Smeargle|spa|2
|-boost|p2a: Smeargle|spe|2
|move|p1a: Bronzong|Earthquake|p2a: Smeargle
|-damage|p2a: Smeargle|54/100 tox
|
|-damage|p2a: Smeargle|42/100 tox|[from] psn
|-ability|p2a: Smeargle|Moody|boost
|-boost|p2a: Smeargle|def|2
|-unboost|p2a: Smeargle|spd|1
|upkeep
|turn|7
|
|t:|1648043189
|move|p2a: Smeargle|Baton Pass|p2a: Smeargle
|
|t:|1648043192
|switch|p2a: Dracovish|Dracovish|100/100|[from]move: Baton Pass
|move|p1a: Bronzong|Toxic|p2a: Dracovish
|-status|p2a: Dracovish|tox
|
|-damage|p2a: Dracovish|94/100 tox|[from] psn
|upkeep
|turn|8
|c|☆Master kushagra|:)
|
|t:|1648043202
|move|p2a: Dracovish|Fishious Rend|p1a: Bronzong
|-damage|p1a: Bronzong|0 fnt
|faint|p1a: Bronzong
|
|-damage|p2a: Dracovish|82/100 tox|[from] psn
|upkeep
|
|t:|1648043211
|switch|p1a: Malamar|Malamar, F|100/100
|turn|9
|c|☆S.J.I.A.N.|h'es enough
|
|t:|1648043218
|move|p2a: Dracovish|Fishious Rend|p1a: Malamar
|-damage|p1a: Malamar|0 fnt
|faint|p1a: Malamar
|
|-damage|p2a: Dracovish|63/100 tox|[from] psn
|upkeep
|
|t:|1648043229
|switch|p1a: Slowking|Slowking, M|100/100
|turn|10
|
|t:|1648043243
|-start|p2a: Dracovish|Dynamax
|-heal|p2a: Dracovish|63/100 tox|[silent]
|-start|p1a: Slowking|Dynamax
|-heal|p1a: Slowking|100/100|[silent]
|move|p2a: Dracovish|Max Hailstorm|p1a: Slowking
|-resisted|p1a: Slowking
|-damage|p1a: Slowking|83/100
|-weather|Hail
|move|p1a: Slowking|Max Hailstorm|p2a: Dracovish
|-damage|p2a: Dracovish|23/100 tox
|
|-weather|Hail|[upkeep]
|-damage|p2a: Dracovish|20/100 tox|[from] Hail
|-damage|p1a: Slowking|80/100|[from] Hail
|-damage|p2a: Dracovish|8/100 tox|[from] psn
|upkeep
|turn|11
|c|☆S.J.I.A.N.|damn
|
|t:|1648043256
|move|p2a: Dracovish|Max Strike|p1a: Slowking
|-damage|p1a: Slowking|53/100
|-unboost|p1a: Slowking|spe|1
|move|p1a: Slowking|Max Hailstorm|p2a: Dracovish
|-damage|p2a: Dracovish|0 fnt
|faint|p2a: Dracovish
|
|-weather|Hail|[upkeep]
|-damage|p1a: Slowking|50/100|[from] Hail
|upkeep
|c|☆S.J.I.A.N.|srsly
|c|☆Master kushagra|:)}
|
|t:|1648043270
|switch|p2a: Pheromosa|Pheromosa|100/100
|turn|12
|
|t:|1648043283
|move|p2a: Pheromosa|Bug Buzz|p1a: Slowking
|-supereffective|p1a: Slowking
|-damage|p1a: Slowking|12/100
|-unboost|p1a: Slowking|spd|1
|move|p1a: Slowking|Max Hailstorm|p2a: Pheromosa
|-damage|p2a: Pheromosa|13/100
|
|-weather|Hail|[upkeep]
|-damage|p2a: Pheromosa|7/100|[from] Hail
|-damage|p1a: Slowking|9/100|[from] Hail
|-end|p1a: Slowking|Dynamax
|-heal|p1a: Slowking|9/100|[silent]
|upkeep
|turn|13
|
|t:|1648043293
|move|p2a: Pheromosa|Bug Buzz|p1a: Slowking
|-supereffective|p1a: Slowking
|-damage|p1a: Slowking|0 fnt
|faint|p1a: Slowking
|-ability|p2a: Pheromosa|Beast Boost|boost
|-boost|p2a: Pheromosa|spe|1
|
|-weather|Hail|[upkeep]
|-damage|p2a: Pheromosa|1/100|[from] Hail
|upkeep
|
|t:|1648043303
|switch|p1a: Alakazam|Alakazam, F|100/100
|turn|14
|c|☆S.J.I.A.N.|dam seriously
|c|☆Master kushagra|yes
|
|t:|1648043322
|move|p2a: Pheromosa|Bug Buzz|p1a: Alakazam
|-supereffective|p1a: Alakazam
|-damage|p1a: Alakazam|0 fnt
|faint|p1a: Alakazam
|-ability|p2a: Pheromosa|Beast Boost|boost
|-boost|p2a: Pheromosa|spe|1
|
|-weather|none
|upkeep
|c|☆S.J.I.A.N.|phew
|
|t:|1648043335
|switch|p1a: Metagross|Metagross|100/100
|turn|15
|c|☆S.J.I.A.N.|noooo
|
|t:|1648043348
|detailschange|p1a: Metagross|Metagross-Mega
|-mega|p1a: Metagross|Metagross|Metagrossite
|move|p2a: Pheromosa|Bug Buzz|p1a: Metagross
|-damage|p1a: Metagross|64/100
|-unboost|p1a: Metagross|spd|1
|move|p1a: Metagross|Power-Up Punch|p2a: Pheromosa
|-resisted|p2a: Pheromosa
|-damage|p2a: Pheromosa|0 fnt
|-boost|p1a: Metagross|atk|1
|faint|p2a: Pheromosa
|
|upkeep
|
|t:|1648043370
|switch|p2a: Xurkitree|Xurkitree|100/100
|turn|16
|
|t:|1648043382
|move|p2a: Xurkitree|Magnet Rise|p2a: Xurkitree
|-start|p2a: Xurkitree|Magnet Rise
|move|p1a: Metagross|Earthquake|p2a: Xurkitree
|-immune|p2a: Xurkitree
|
|upkeep
|turn|17
|
|t:|1648043401
|move|p2a: Xurkitree|Electric Terrain|p2a: Xurkitree
|-fieldstart|move: Electric Terrain
|move|p1a: Metagross|Power-Up Punch|p2a: Xurkitree
|-damage|p2a: Xurkitree|63/100
|-boost|p1a: Metagross|atk|1
|
|upkeep
|turn|18
|
|t:|1648043409
|move|p2a: Xurkitree|Rising Voltage|p1a: Metagross
|-damage|p1a: Metagross|0 fnt
|faint|p1a: Metagross
|-ability|p2a: Xurkitree|Beast Boost|boost
|-boost|p2a: Xurkitree|spa|1
|-damage|p2a: Xurkitree|53/100|[from] item: Life Orb
|
|upkeep
|c|☆Master kushagra|lol gg
|
|t:|1648043419
|switch|p1a: Calyrex|Calyrex-Shadow|100/100
|-ability|p1a: Calyrex|As One
|-ability|p1a: Calyrex|Unnerve
|turn|19
|
|t:|1648043426
|move|p1a: Calyrex|Astral Barrage|p2a: Xurkitree
|-damage|p2a: Xurkitree|0 fnt
|faint|p2a: Xurkitree
|-ability|p1a: Calyrex|Grim Neigh|boost
|-boost|p1a: Calyrex|spa|1
|
|upkeep
|c|☆S.J.I.A.N.|gg
|
|t:|1648043434
|switch|p2a: Smeargle|Smeargle, M|42/100 tox
|turn|20
|-message|Master kushagra forfeited.
|
|win|S.J.I.A.N.
|c|☆S.J.I.A.N.|yea!!!
