|j|☆quurindi
|j|☆MariaReynoldsBitch
|t:|1646339889
|gametype|singles
|player|p1|quurindi|twins-gen4|1371
|player|p2|MariaReynoldsBitch|chuck|1417
|teamsize|p1|6
|teamsize|p2|6
|gen|8
|tier|[Gen 8] National Dex AG
|rated|
|rule|HP Percentage Mod: HP is shown in percentages
|rule|Endless Battle Clause: Forcing endless battles is banned
|clearpoke
|poke|p1|Spectrier|
|poke|p1|Toxapex, M|
|poke|p1|Zygarde|
|poke|p1|Urshifu-*, F|
|poke|p1|Magearna|
|poke|p1|Palkia|
|poke|p2|Zacian-*|
|poke|p2|Rayquaza|
|poke|p2|Ditto|
|poke|p2|Groudon|
|poke|p2|Zygarde|
|poke|p2|Yveltal|
|teampreview
|inactive|Battle timer is ON: inactive players will automatically lose when time's up. (requested by MariaReynoldsBitch)
|
|t:|1646339902
|start
|switch|p1a: Urshifu|Urshifu-Rapid-Strike, F|100/100
|switch|p2a: Iguana Lord|Groudon|100/100
|detailschange|p2a: Iguana Lord|Groudon-Primal
|-primal|p2a: Iguana Lord
|-weather|DesolateLand|[from] ability: Desolate Land|[of] p2a: Iguana Lord
|turn|1
|
|t:|1646339918
|move|p1a: Urshifu|U-turn|p2a: Iguana Lord
|-resisted|p2a: Iguana Lord
|-damage|p2a: Iguana Lord|92/100
|
|t:|1646339922
|switch|p1a: Zygarde|Zygarde|100/100|[from]move: U-turn
|move|p2a: Iguana Lord|Stealth Rock|p1a: Zygarde
|-sidestart|p1: quurindi|move: Stealth Rock
|
|-weather|DesolateLand|[upkeep]
|upkeep
|turn|2
|
|t:|1646339928
|-weather|none
|switch|p2a: Lil Yachty|Yveltal, shiny|100/100
|-ability|p2a: Lil Yachty|Dark Aura
|move|p1a: Zygarde|Glare|p2a: Lil Yachty
|-status|p2a: Lil Yachty|par
|
|upkeep
|turn|3
|
|t:|1646339936
|switch|p1a: Magearna|Magearna|100/100
|-damage|p1a: Magearna|94/100|[from] Stealth Rock
|move|p2a: Lil Yachty|Dark Pulse|p1a: Magearna
|-resisted|p1a: Magearna
|-damage|p1a: Magearna|70/100
|
|-heal|p1a: Magearna|76/100|[from] item: Leftovers
|upkeep
|turn|4
|inactive|MariaReynoldsBitch has 120 seconds left.
|
|t:|1646339967
|move|p1a: Magearna|Fleur Cannon|p2a: Lil Yachty
|-supereffective|p2a: Lil Yachty
|-damage|p2a: Lil Yachty|0 fnt
|-unboost|p1a: Magearna|spa|2
|faint|p2a: Lil Yachty
|-ability|p1a: Magearna|Soul-Heart|boost
|-boost|p1a: Magearna|spa|1
|
|-heal|p1a: Magearna|82/100|[from] item: Leftovers
|upkeep
|inactive|MariaReynoldsBitch has 120 seconds left.
|
|t:|1646339980
|switch|p2a: Iguana Lord|Groudon-Primal|92/100
|-weather|DesolateLand|[from] ability: Desolate Land|[of] p2a: Iguana Lord
|turn|5
|
|t:|1646339987
|switch|p1a: Zygarde|Zygarde|100/100
|-damage|p1a: Zygarde|94/100|[from] Stealth Rock
|move|p2a: Iguana Lord|Heat Crash|p1a: Zygarde
|-resisted|p1a: Zygarde
|-damage|p1a: Zygarde|68/100
|
|-weather|DesolateLand|[upkeep]
|-heal|p1a: Zygarde|74/100|[from] item: Leftovers
|upkeep
|turn|6
|
|t:|1646339995
|move|p2a: Iguana Lord|Precipice Blades|p1a: Zygarde|[miss]
|-miss|p2a: Iguana Lord|p1a: Zygarde
|move|p1a: Zygarde|Glare|p2a: Iguana Lord
|-status|p2a: Iguana Lord|par
|
|-weather|DesolateLand|[upkeep]
|-heal|p1a: Zygarde|80/100|[from] item: Leftovers
|upkeep
|turn|7
|c|☆MariaReynoldsBitch|bruh
|
|t:|1646340003
|move|p1a: Zygarde|Glare|p2a: Iguana Lord
|-fail|p2a: Iguana Lord|par
|move|p2a: Iguana Lord|Precipice Blades|p1a: Zygarde
|-damage|p1a: Zygarde|27/100
|
|-weather|DesolateLand|[upkeep]
|-heal|p1a: Zygarde|33/100|[from] item: Leftovers
|-activate|p1a: Zygarde|ability: Power Construct
|detailschange|p1a: Zygarde|Zygarde-Complete
|-heal|p1a: Zygarde|56/100|[silent]
|upkeep
|turn|8
|
|t:|1646340009
|move|p1a: Zygarde|Thousand Arrows|p2a: Iguana Lord
|-supereffective|p2a: Iguana Lord
|-crit|p2a: Iguana Lord
|-damage|p2a: Iguana Lord|20/100 par
|cant|p2a: Iguana Lord|par
|
|-weather|DesolateLand|[upkeep]
|-heal|p1a: Zygarde|62/100|[from] item: Leftovers
|upkeep
|turn|9
|
|t:|1646340016
|move|p1a: Zygarde|Thousand Arrows|p2a: Iguana Lord
|-supereffective|p2a: Iguana Lord
|-damage|p2a: Iguana Lord|0 fnt
|faint|p2a: Iguana Lord
|-weather|none
|
|-heal|p1a: Zygarde|68/100|[from] item: Leftovers
|upkeep
|
|t:|1646340021
|switch|p2a: Unicorn Dog|Zacian-Crowned, shiny|100/100
|-ability|p2a: Unicorn Dog|Intrepid Sword|boost
|-boost|p2a: Unicorn Dog|atk|1
|turn|10
|
|t:|1646340029
|move|p2a: Unicorn Dog|Play Rough|p1a: Zygarde
|-supereffective|p1a: Zygarde
|-damage|p1a: Zygarde|4/100
|move|p1a: Zygarde|Glare|p2a: Unicorn Dog
|-status|p2a: Unicorn Dog|par
|
|-heal|p1a: Zygarde|10/100|[from] item: Leftovers
|upkeep
|turn|11
|
|t:|1646340036
|move|p2a: Unicorn Dog|Play Rough|p1a: Zygarde
|-supereffective|p1a: Zygarde
|-damage|p1a: Zygarde|0 fnt
|faint|p1a: Zygarde
|
|upkeep
|
|t:|1646340048
|switch|p1a: Spectrier|Spectrier|100/100
|-damage|p1a: Spectrier|88/100|[from] Stealth Rock
|turn|12
|
|t:|1646340061
|move|p1a: Spectrier|Hex|p2a: Unicorn Dog
|-damage|p2a: Unicorn Dog|30/100 par
|move|p2a: Unicorn Dog|Play Rough|p1a: Spectrier
|-damage|p1a: Spectrier|0 fnt
|faint|p1a: Spectrier
|
|upkeep
|
|t:|1646340068
|switch|p1a: Urshifu|Urshifu-Rapid-Strike, F|100/100
|-damage|p1a: Urshifu|94/100|[from] Stealth Rock
|turn|13
|
|t:|1646340074
|move|p1a: Urshifu|Surging Strikes|p2a: Unicorn Dog
|-crit|p2a: Unicorn Dog
|-damage|p2a: Unicorn Dog|11/100 par
|-crit|p2a: Unicorn Dog
|-damage|p2a: Unicorn Dog|0 fnt
|faint|p2a: Unicorn Dog
|-hitcount|p2: Unicorn Dog|2
|
|upkeep
|
|t:|1646340087
|switch|p2a: Chief Keef|Ditto, shiny|100/100
|-transform|p2a: Chief Keef|p1a: Urshifu|[from] ability: Imposter
|turn|14
|
|t:|1646340103
|switch|p1a: Toxapex|Toxapex, M|100/100
|-damage|p1a: Toxapex|88/100|[from] Stealth Rock
|move|p2a: Chief Keef|Close Combat|p1a: Toxapex
|-resisted|p1a: Toxapex
|-damage|p1a: Toxapex|69/100
|-unboost|p2a: Chief Keef|def|1
|-unboost|p2a: Chief Keef|spd|1
|
|-heal|p1a: Toxapex|75/100|[from] item: Black Sludge
|upkeep
|turn|15
|
|t:|1646340111
|switch|p2a: Wormy Worm|Zygarde|100/100
|move|p1a: Toxapex|Scald|p2a: Wormy Worm
|-damage|p2a: Wormy Worm|85/100
|
|-heal|p1a: Toxapex|82/100|[from] item: Black Sludge
|upkeep
|turn|16
|
|t:|1646340119
|move|p2a: Wormy Worm|Thousand Arrows|p1a: Toxapex
|-supereffective|p1a: Toxapex
|-damage|p1a: Toxapex|34/100
|move|p1a: Toxapex|Scald|p2a: Wormy Worm
|-damage|p2a: Wormy Worm|70/100
|
|-heal|p1a: Toxapex|40/100|[from] item: Black Sludge
|upkeep
|turn|17
|
|t:|1646340138
|switch|p1a: Urshifu|Urshifu-Rapid-Strike, F|94/100
|-damage|p1a: Urshifu|88/100|[from] Stealth Rock
|move|p2a: Wormy Worm|Thousand Arrows|p1a: Urshifu
|-damage|p1a: Urshifu|47/100
|
|upkeep
|turn|18
|
|t:|1646340142
|move|p1a: Urshifu|Ice Punch|p2a: Wormy Worm
|-supereffective|p2a: Wormy Worm
|-crit|p2a: Wormy Worm
|-damage|p2a: Wormy Worm|0 fnt
|faint|p2a: Wormy Worm
|
|upkeep
|
|t:|1646340148
|switch|p2a: Chief Keef|Ditto, shiny|100/100
|-transform|p2a: Chief Keef|p1a: Urshifu|[from] ability: Imposter
|turn|19
|
|t:|1646340164
|switch|p1a: Toxapex|Toxapex, M|73/100
|-damage|p1a: Toxapex|61/100|[from] Stealth Rock
|-start|p2a: Chief Keef|Dynamax
|-heal|p2a: Chief Keef|100/100|[silent]
|move|p2a: Chief Keef|Max Knuckle|p1a: Toxapex
|-resisted|p1a: Toxapex
|-damage|p1a: Toxapex|47/100
|-boost|p2a: Chief Keef|atk|1
|
|-heal|p1a: Toxapex|53/100|[from] item: Black Sludge
|upkeep
|turn|20
|inactive|MariaReynoldsBitch has 120 seconds left.
|
|t:|1646340204
|move|p2a: Chief Keef|Max Geyser|p1a: Toxapex
|-resisted|p1a: Toxapex
|-damage|p1a: Toxapex|24/100
|-weather|RainDance
|move|p1a: Toxapex|Recover|p1a: Toxapex
|-heal|p1a: Toxapex|74/100
|
|-weather|RainDance|[upkeep]
|-heal|p1a: Toxapex|80/100|[from] item: Black Sludge
|upkeep
|turn|21
|
|t:|1646340211
|move|p2a: Chief Keef|Max Knuckle|p1a: Toxapex
|-resisted|p1a: Toxapex
|-damage|p1a: Toxapex|60/100
|-boost|p2a: Chief Keef|atk|1
|move|p1a: Toxapex|Haze|p1a: Toxapex
|-clearallboost
|
|-weather|RainDance|[upkeep]
|-heal|p1a: Toxapex|66/100|[from] item: Black Sludge
|-end|p2a: Chief Keef|Dynamax
|-heal|p2a: Chief Keef|100/100|[silent]
|upkeep
|turn|22
|
|t:|1646340217
|move|p2a: Chief Keef|Surging Strikes|p1a: Toxapex
|-resisted|p1a: Toxapex
|-crit|p1a: Toxapex
|-damage|p1a: Toxapex|56/100
|-resisted|p1a: Toxapex
|-crit|p1a: Toxapex
|-damage|p1a: Toxapex|48/100
|-resisted|p1a: Toxapex
|-crit|p1a: Toxapex
|-damage|p1a: Toxapex|38/100
|-hitcount|p1a: Toxapex|3
|move|p1a: Toxapex|Scald|p2a: Chief Keef
|-resisted|p2a: Chief Keef
|-damage|p2a: Chief Keef|80/100
|
|-weather|RainDance|[upkeep]
|-heal|p1a: Toxapex|44/100|[from] item: Black Sludge
|upkeep
|turn|23
|
|t:|1646340221
|switch|p2a: Danger Noodle|Rayquaza|100/100
|-ability|p2a: Danger Noodle|Air Lock
|move|p1a: Toxapex|Recover|p1a: Toxapex
|-heal|p1a: Toxapex|94/100
|
|-weather|RainDance|[upkeep]
|-heal|p1a: Toxapex|99/100|[from] item: Black Sludge
|upkeep
|turn|24
|
|t:|1646340234
|detailschange|p2a: Danger Noodle|Rayquaza-Mega
|-mega|p2a: Danger Noodle|Rayquaza|
|-weather|DeltaStream|[from] ability: Delta Stream|[of] p2a: Danger Noodle
|move|p2a: Danger Noodle|Dragon Ascent|p1a: Toxapex
|-damage|p1a: Toxapex|50/100
|-unboost|p2a: Danger Noodle|def|1
|-unboost|p2a: Danger Noodle|spd|1
|move|p1a: Toxapex|Scald|p2a: Danger Noodle
|-resisted|p2a: Danger Noodle
|-damage|p2a: Danger Noodle|88/100
|
|-weather|DeltaStream|[upkeep]
|-heal|p1a: Toxapex|56/100|[from] item: Black Sludge
|upkeep
|turn|25
|
|t:|1646340240
|move|p2a: Danger Noodle|Dragon Ascent|p1a: Toxapex
|-damage|p1a: Toxapex|2/100
|-unboost|p2a: Danger Noodle|def|1
|-unboost|p2a: Danger Noodle|spd|1
|move|p1a: Toxapex|Recover|p1a: Toxapex
|-heal|p1a: Toxapex|52/100
|
|-weather|DeltaStream|[upkeep]
|-heal|p1a: Toxapex|58/100|[from] item: Black Sludge
|upkeep
|turn|26
|
|t:|1646340251
|switch|p1a: Magearna|Magearna|82/100
|-damage|p1a: Magearna|76/100|[from] Stealth Rock
|move|p2a: Danger Noodle|Dragon Ascent|p1a: Magearna
|-resisted|p1a: Magearna
|-damage|p1a: Magearna|38/100
|-unboost|p2a: Danger Noodle|def|1
|-unboost|p2a: Danger Noodle|spd|1
|
|-weather|DeltaStream|[upkeep]
|-heal|p1a: Magearna|44/100|[from] item: Leftovers
|upkeep
|turn|27
|
|t:|1646340258
|move|p2a: Danger Noodle|Extreme Speed|p1a: Magearna
|-resisted|p1a: Magearna
|-damage|p1a: Magearna|27/100
|move|p1a: Magearna|Fleur Cannon|p2a: Danger Noodle
|-supereffective|p2a: Danger Noodle
|-damage|p2a: Danger Noodle|0 fnt
|-unboost|p1a: Magearna|spa|2
|faint|p2a: Danger Noodle
|-ability|p1a: Magearna|Soul-Heart|boost
|-boost|p1a: Magearna|spa|1
|-weather|none
|
|-heal|p1a: Magearna|33/100|[from] item: Leftovers
|upkeep
|
|t:|1646340261
|switch|p2a: Chief Keef|Ditto, shiny|80/100
|-transform|p2a: Chief Keef|p1a: Magearna|[from] ability: Imposter
|turn|28
|c|☆MariaReynoldsBitch|gg
|
|t:|1646340271
|move|p2a: Chief Keef|Fleur Cannon|p1a: Magearna
|-resisted|p1a: Magearna
|-damage|p1a: Magearna|12/100
|-unboost|p2a: Chief Keef|spa|2
|move|p1a: Magearna|Flash Cannon|p2a: Chief Keef
|-damage|p2a: Chief Keef|52/100
|
|-heal|p1a: Magearna|18/100|[from] item: Leftovers
|upkeep
|turn|29
|
|t:|1646340274
|switch|p1a: Toxapex|Toxapex, M|91/100
|-damage|p1a: Toxapex|79/100|[from] Stealth Rock
|move|p2a: Chief Keef|Fleur Cannon|p1a: Toxapex|[miss]
|-miss|p2a: Chief Keef|p1a: Toxapex
|
|-heal|p1a: Toxapex|85/100|[from] item: Black Sludge
|upkeep
|turn|30
|c|☆quurindi|gg
|-message|MariaReynoldsBitch forfeited.
|
|win|quurindi
|raw|quurindi's rating: 1371 &rarr; <strong>1394</strong><br />(+23 for winning)
|raw|MariaReynoldsBitch's rating: 1417 &rarr; <strong>1394</strong><br />(-23 for losing)
|l|☆MariaReynoldsBitch
