|j|☆WoShiAChen
|j|☆CLEAR GEM清瑜
|t:|1667053721
|gametype|singles
|player|p1|WoShiAChen|ghetsis-gen5bw|1575
|player|p2|CLEAR GEM清瑜|skierf|1822
|teamsize|p1|6
|teamsize|p2|6
|gen|8
|tier|[Gen 8] National Dex AG
|rated|
|rule|HP Percentage Mod: HP is shown in percentages
|rule|Endless Battle Clause: Forcing endless battles is banned
|clearpoke
|poke|p1|Necrozma-Dusk-Mane|
|poke|p1|Lugia|
|poke|p1|Rayquaza|
|poke|p1|Ditto|
|poke|p1|Groudon|
|poke|p1|Kyogre|
|poke|p2|Rayquaza|
|poke|p2|Groudon|
|poke|p2|Necrozma-Dusk-Mane|
|poke|p2|Arceus-*|
|poke|p2|Zacian-*|
|poke|p2|Yveltal|
|teampreview
|inactive|Battle timer is ON: inactive players will automatically lose when time's up. (requested by CLEAR GEM清瑜)
|
|t:|1667053731
|start
|switch|p1a: Groudon|Groudon, shiny|100/100
|switch|p2a: 老烈|Rayquaza, shiny|100/100
|-ability|p2a: 老烈|Air Lock
|detailschange|p1a: Groudon|Groudon-Primal, shiny
|-primal|p1a: Groudon
|-weather|DesolateLand|[from] ability: Desolate Land|[of] p1a: Groudon
|turn|1
|
|t:|1667053748
|detailschange|p2a: 老烈|Rayquaza-Mega, shiny
|-mega|p2a: 老烈|Rayquaza|
|-weather|DeltaStream|[from] ability: Delta Stream|[of] p2a: 老烈
|move|p2a: 老烈|Scale Shot|p1a: Groudon
|-damage|p1a: Groudon|89/100
|-damage|p1a: Groudon|77/100
|-crit|p1a: Groudon
|-damage|p1a: Groudon|62/100
|-damage|p1a: Groudon|51/100
|-hitcount|p1a: Groudon|4
|-unboost|p2a: 老烈|def|1
|-boost|p2a: 老烈|spe|1
|-damage|p2a: 老烈|91/100|[from] item: Life Orb
|move|p1a: Groudon|Stealth Rock|p2a: 老烈
|-sidestart|p2: CLEAR GEM清瑜|move: Stealth Rock
|
|-weather|DeltaStream|[upkeep]
|upkeep
|turn|2
|
|t:|1667053753
|move|p2a: 老烈|Earthquake|p1a: Groudon
|-supereffective|p1a: Groudon
|-damage|p1a: Groudon|0 fnt
|faint|p1a: Groudon
|-damage|p2a: 老烈|81/100|[from] item: Life Orb
|
|-weather|DeltaStream|[upkeep]
|upkeep
|
|t:|1667053758
|switch|p1a: Ditto|Ditto|100/100
|-transform|p1a: Ditto|p2a: 老烈|[from] ability: Imposter
|turn|3
|
|t:|1667053761
|move|p1a: Ditto|Dragon Ascent|p2a: 老烈
|-damage|p2a: 老烈|0 fnt
|-unboost|p1a: Ditto|def|1
|-unboost|p1a: Ditto|spd|1
|faint|p2a: 老烈
|
|-weather|DeltaStream|[upkeep]
|upkeep
|
|t:|1667053765
|switch|p2a: 不会(?)|Groudon|100/100
|-damage|p2a: 不会(?)|94/100|[from] Stealth Rock
|detailschange|p2a: 不会(?)|Groudon-Primal
|-primal|p2a: 不会(?)
|-weather|DesolateLand|[from] ability: Desolate Land|[of] p2a: 不会(?)
|turn|4
|
|t:|1667053774
|switch|p1a: Kyogre|Kyogre, shiny|100/100
|detailschange|p1a: Kyogre|Kyogre-Primal, shiny
|-primal|p1a: Kyogre
|-weather|PrimordialSea|[from] ability: Primordial Sea|[of] p1a: Kyogre
|move|p2a: 不会(?)|Thunder Wave|p1a: Kyogre|[miss]
|-miss|p2a: 不会(?)|p1a: Kyogre
|
|-weather|PrimordialSea|[upkeep]
|upkeep
|turn|5
|
|t:|1667053779
|move|p1a: Kyogre|Water Spout|p2a: 不会(?)
|-supereffective|p2a: 不会(?)
|-damage|p2a: 不会(?)|0 fnt
|faint|p2a: 不会(?)
|
|-weather|PrimordialSea|[upkeep]
|upkeep
|
|t:|1667053781
|switch|p2a: 钢铁之躯|Necrozma-Dusk-Mane|100/100
|-damage|p2a: 钢铁之躯|94/100|[from] Stealth Rock
|turn|6
|
|t:|1667053785
|detailschange|p2a: 钢铁之躯|Necrozma-Ultra
|-burst|p2a: 钢铁之躯|Necrozma|Ultranecrozium Z
|move|p2a: 钢铁之躯|Dragon Dance|p2a: 钢铁之躯
|-boost|p2a: 钢铁之躯|atk|1
|-boost|p2a: 钢铁之躯|spe|1
|move|p1a: Kyogre|Water Spout|p2a: 钢铁之躯
|-resisted|p2a: 钢铁之躯
|-damage|p2a: 钢铁之躯|29/100
|
|-weather|PrimordialSea|[upkeep]
|upkeep
|turn|7
|
|t:|1667053789
|-zpower|p2a: 钢铁之躯
|move|p2a: 钢铁之躯|Light That Burns the Sky|p1a: Kyogre|[zeffect]
|-damage|p1a: Kyogre|0 fnt
|faint|p1a: Kyogre
|-weather|none
|
|upkeep
|
|t:|1667053793
|switch|p1a: Lugia|Lugia, shiny|100/100
|turn|8
|
|t:|1667053796
|move|p2a: 钢铁之躯|Stone Edge|p1a: Lugia
|-supereffective|p1a: Lugia
|-damage|p1a: Lugia|57/100
|move|p1a: Lugia|Thunder Wave|p2a: 钢铁之躯|[miss]
|-miss|p1a: Lugia|p2a: 钢铁之躯
|
|upkeep
|turn|9
|
|t:|1667053799
|move|p2a: 钢铁之躯|Stone Edge|p1a: Lugia
|-supereffective|p1a: Lugia
|-crit|p1a: Lugia
|-damage|p1a: Lugia|0 fnt
|faint|p1a: Lugia
|
|upkeep
|
|t:|1667053801
|switch|p1a: Ditto|Ditto|100/100
|-transform|p1a: Ditto|p2a: 钢铁之躯|[from] ability: Imposter
|turn|10
|
|t:|1667053809
|move|p1a: Ditto|Stone Edge|p2a: 钢铁之躯
|-damage|p2a: 钢铁之躯|0 fnt
|faint|p2a: 钢铁之躯
|
|upkeep
|
|t:|1667053811
|switch|p2a: 嘉然小姐的狗|Zacian-Crowned|100/100
|-damage|p2a: 嘉然小姐的狗|94/100|[from] Stealth Rock
|-ability|p2a: 嘉然小姐的狗|Intrepid Sword|boost
|-boost|p2a: 嘉然小姐的狗|atk|1
|turn|11
|
|t:|1667053822
|switch|p1a: Necrozma|Necrozma-Dusk-Mane, shiny|100/100
|move|p2a: 嘉然小姐的狗|Behemoth Blade|p1a: Necrozma
|-resisted|p1a: Necrozma
|-damage|p1a: Necrozma|75/100
|-damage|p2a: 嘉然小姐的狗|78/100|[from] item: Rocky Helmet|[of] p1a: Necrozma
|
|upkeep
|turn|12
|
|t:|1667053831
|switch|p2a: Y鸟|Yveltal|100/100
|-damage|p2a: Y鸟|76/100|[from] Stealth Rock
|-ability|p2a: Y鸟|Dark Aura
|move|p1a: Necrozma|Morning Sun|p1a: Necrozma
|-heal|p1a: Necrozma|100/100
|
|upkeep
|turn|13
|
|t:|1667053848
|switch|p1a: Rayquaza|Rayquaza, shiny|100/100
|-ability|p1a: Rayquaza|Air Lock
|move|p2a: Y鸟|Dark Pulse|p1a: Rayquaza
|-damage|p1a: Rayquaza|10/100
|-damage|p2a: Y鸟|66/100|[from] item: Life Orb
|
|upkeep
|turn|14
|
|t:|1667053854
|detailschange|p1a: Rayquaza|Rayquaza-Mega, shiny
|-mega|p1a: Rayquaza|Rayquaza|
|-weather|DeltaStream|[from] ability: Delta Stream|[of] p1a: Rayquaza
|-start|p2a: Y鸟|Dynamax|
|-heal|p2a: Y鸟|66/100|[silent]
|move|p1a: Rayquaza|Extreme Speed|p2a: Y鸟
|-damage|p2a: Y鸟|43/100
|-damage|p1a: Rayquaza|0 fnt|[from] item: Life Orb
|faint|p1a: Rayquaza
|-weather|none
|move|p2a: Y鸟|Max Airstream|p1: Rayquaza|[notarget]
|-fail|p2a: Y鸟
|
|upkeep
|
|t:|1667053861
|switch|p1a: Ditto|Ditto|100/100
|-transform|p1a: Ditto|p2a: Y鸟|[from] ability: Imposter
|-ability|p1a: Ditto|Dark Aura
|turn|15
|
|t:|1667053871
|move|p1a: Ditto|Focus Blast|p2a: Y鸟|[miss]
|-miss|p1a: Ditto|p2a: Y鸟
|move|p2a: Y鸟|Max Airstream|p1a: Ditto
|-damage|p1a: Ditto|0 fnt
|-boost|p2a: Y鸟|spe|1
|faint|p1a: Ditto
|-damage|p2a: Y鸟|39/100|[from] item: Life Orb
|
|upkeep
|
|t:|1667053874
|switch|p1a: Necrozma|Necrozma-Dusk-Mane, shiny|100/100
|turn|16
|
|t:|1667053877
|-start|p1a: Necrozma|Dynamax|
|-heal|p1a: Necrozma|100/100|[silent]
|move|p2a: Y鸟|Max Darkness|p1a: Necrozma
|-supereffective|p1a: Necrozma
|-damage|p1a: Necrozma|18/100
|-unboost|p1a: Necrozma|spd|1
|-damage|p2a: Y鸟|34/100|[from] item: Life Orb
|move|p1a: Necrozma|Max Steelspike|p2a: Y鸟
|-damage|p2a: Y鸟|3/100
|-boost|p1a: Necrozma|def|1
|
|upkeep
|-end|p2a: Y鸟|Dynamax
|-heal|p2a: Y鸟|4/100|[silent]
|turn|17
|
|t:|1667053880
|move|p2a: Y鸟|Dark Pulse|p1a: Necrozma
|-supereffective|p1a: Necrozma
|-damage|p1a: Necrozma|0 fnt
|faint|p1a: Necrozma
|-damage|p2a: Y鸟|0 fnt|[from] item: Life Orb
|faint|p2a: Y鸟
|
|win|CLEAR GEM清瑜
|raw|WoShiAChen's rating: 1575 &rarr; <strong>1567</strong><br />(-8 for losing)
|raw|CLEAR GEM清瑜's rating: 1822 &rarr; <strong>1830</strong><br />(+8 for winning)
|l|☆WoShiAChen
||Ladder isn't responding, score probably updated but might not have (Request timeout).
