|j|☆utvsutvs
|j|☆FenixFyre04
|t:|1664512311
|gametype|singles
|player|p1|utvsutvs|102|1879
|player|p2|FenixFyre04|benga|2025
|teamsize|p1|6
|teamsize|p2|6
|gen|8
|tier|[Gen 8] National Dex AG
|rated|
|rule|HP Percentage Mod: HP is shown in percentages
|rule|Endless Battle Clause: Forcing endless battles is banned
|clearpoke
|poke|p1|Diancie|
|poke|p1|Marshadow|
|poke|p1|Calyrex-Shadow|
|poke|p1|Arceus-*|
|poke|p1|Arceus-*|
|poke|p1|Yveltal|
|poke|p2|Ho-Oh|
|poke|p2|Calyrex-Shadow|
|poke|p2|Necrozma-Dusk-Mane|
|poke|p2|Zacian-*|
|poke|p2|Rayquaza|
|poke|p2|Tyranitar, F|
|teampreview
|inactive|Battle timer is ON: inactive players will automatically lose when time's up. (requested by FenixFyre04)
|inactive|FenixFyre04 has 120 seconds left.
|
|t:|1664512347
|start
|switch|p1a: Arceus|Arceus-Ground|100/100
|switch|p2a: Rayquaza|Rayquaza|100/100
|-ability|p2a: Rayquaza|Air Lock
|turn|1
|
|t:|1664512355
|switch|p1a: Diancie|Diancie|100/100
|switch|p2a: Ho-Oh|Ho-Oh|100/100
|
|upkeep
|turn|2
|inactive|FenixFyre04 has 120 seconds left.
|
|t:|1664512404
|switch|p2a: Necrozma|Necrozma-Dusk-Mane|100/100
|detailschange|p1a: Diancie|Diancie-Mega
|-mega|p1a: Diancie|Diancie|Diancite
|move|p1a: Diancie|Stealth Rock|p2a: Necrozma
|-sidestart|p2: FenixFyre04|move: Stealth Rock
|
|upkeep
|turn|3
|
|t:|1664512409
|move|p1a: Diancie|Substitute|p1a: Diancie
|-start|p1a: Diancie|Substitute
|-damage|p1a: Diancie|76/100
|move|p2a: Necrozma|Sunsteel Strike|p1a: Diancie
|-supereffective|p1a: Diancie
|-end|p1a: Diancie|Substitute
|
|upkeep
|turn|4
|
|t:|1664512416
|move|p1a: Diancie|Earth Power|p2a: Necrozma
|-supereffective|p2a: Necrozma
|-crit|p2a: Necrozma
|-damage|p2a: Necrozma|32/100
|move|p2a: Necrozma|Stealth Rock|p1a: Diancie
|move|p1a: Diancie|Stealth Rock||[from]ability: Magic Bounce|[still]
|-fail|p1a: Diancie
|
|upkeep
|turn|5
|
|t:|1664512426
|move|p1a: Diancie|Earth Power|p2a: Necrozma
|-supereffective|p2a: Necrozma
|-damage|p2a: Necrozma|0 fnt
|faint|p2a: Necrozma
|
|upkeep
|
|t:|1664512429
|switch|p2a: Zacian|Zacian-Crowned|100/100
|-damage|p2a: Zacian|94/100|[from] Stealth Rock
|-ability|p2a: Zacian|Intrepid Sword|boost
|-boost|p2a: Zacian|atk|1
|turn|6
|
|t:|1664512432
|move|p2a: Zacian|Behemoth Blade|p1a: Diancie
|-supereffective|p1a: Diancie
|-damage|p1a: Diancie|0 fnt
|faint|p1a: Diancie
|
|upkeep
|
|t:|1664512434
|switch|p1a: Calyrex|Calyrex-Shadow|100/100
|-ability|p1a: Calyrex|As One
|-ability|p1a: Calyrex|Unnerve
|turn|7
|
|t:|1664512446
|switch|p2a: Tyranitar|Tyranitar, F, shiny|100/100
|-damage|p2a: Tyranitar|88/100|[from] Stealth Rock
|-weather|Sandstorm|[from] ability: Sand Stream|[of] p2a: Tyranitar
|move|p1a: Calyrex|Substitute|p1a: Calyrex
|-start|p1a: Calyrex|Substitute
|-damage|p1a: Calyrex|76/100
|
|-weather|Sandstorm|[upkeep]
|-damage|p1a: Calyrex|69/100|[from] Sandstorm
|-heal|p2a: Tyranitar|94/100|[from] item: Leftovers
|upkeep
|turn|8
|inactive|utvsutvs has 120 seconds left.
|
|t:|1664512489
|switch|p2a: Ho-Oh|Ho-Oh|100/100
|move|p1a: Calyrex|Leech Seed|p2a: Ho-Oh
|-start|p2a: Ho-Oh|move: Leech Seed
|
|-weather|Sandstorm|[upkeep]
|-damage|p1a: Calyrex|63/100|[from] Sandstorm
|-damage|p2a: Ho-Oh|94/100|[from] Sandstorm
|-damage|p2a: Ho-Oh|82/100|[from] Leech Seed|[of] p1a: Calyrex
|-heal|p1a: Calyrex|78/100|[silent]
|upkeep
|turn|9
|
|t:|1664512492
|move|p1a: Calyrex|Taunt|p2a: Ho-Oh
|-start|p2a: Ho-Oh|move: Taunt
|cant|p2a: Ho-Oh|move: Taunt|Whirlwind
|
|-weather|Sandstorm|[upkeep]
|-damage|p1a: Calyrex|72/100|[from] Sandstorm
|-damage|p2a: Ho-Oh|76/100|[from] Sandstorm
|-damage|p2a: Ho-Oh|64/100|[from] Leech Seed|[of] p1a: Calyrex
|-heal|p1a: Calyrex|87/100|[silent]
|upkeep
|turn|10
|inactive|utvsutvs has 120 seconds left.
|
|t:|1664512504
|switch|p2a: Tyranitar|Tyranitar, F, shiny|94/100
|-damage|p2a: Tyranitar|82/100|[from] Stealth Rock
|move|p1a: Calyrex|Astral Barrage|p2a: Tyranitar
|-resisted|p2a: Tyranitar
|-damage|p2a: Tyranitar|68/100
|
|-weather|Sandstorm|[upkeep]
|-damage|p1a: Calyrex|81/100|[from] Sandstorm
|-heal|p2a: Tyranitar|74/100|[from] item: Leftovers
|upkeep
|turn|11
|
|t:|1664512519
|move|p1a: Calyrex|Leech Seed|p2a: Tyranitar|[miss]
|-miss|p1a: Calyrex|p2a: Tyranitar
|move|p2a: Tyranitar|Pursuit|p1a: Calyrex
|-supereffective|p1a: Calyrex
|-crit|p1a: Calyrex
|-end|p1a: Calyrex|Substitute
|
|-weather|none
|-heal|p2a: Tyranitar|80/100|[from] item: Leftovers
|upkeep
|turn|12
|c|☆utvsutvs|shit
|
|t:|1664512532
|move|p1a: Calyrex|Substitute|p1a: Calyrex
|-start|p1a: Calyrex|Substitute
|-damage|p1a: Calyrex|56/100
|move|p2a: Tyranitar|Pursuit|p1a: Calyrex
|-supereffective|p1a: Calyrex
|-end|p1a: Calyrex|Substitute
|
|-heal|p2a: Tyranitar|86/100|[from] item: Leftovers
|upkeep
|turn|13
|
|t:|1664512536
|-zpower|p1a: Calyrex
|move|p1a: Calyrex|Never-Ending Nightmare|p2a: Tyranitar|[zeffect]
|-resisted|p2a: Tyranitar
|-damage|p2a: Tyranitar|51/100
|move|p2a: Tyranitar|Pursuit|p1a: Calyrex
|-supereffective|p1a: Calyrex
|-damage|p1a: Calyrex|0 fnt
|faint|p1a: Calyrex
|
|-heal|p2a: Tyranitar|58/100|[from] item: Leftovers
|upkeep
|
|t:|1664512545
|switch|p1a: Marshadow|Marshadow|100/100
|turn|14
|
|t:|1664512563
|switch|p2a: Ho-Oh|Ho-Oh|97/100
|move|p1a: Marshadow|Close Combat|p2a: Ho-Oh
|-resisted|p2a: Ho-Oh
|-damage|p2a: Ho-Oh|70/100
|-unboost|p1a: Marshadow|def|1
|-unboost|p1a: Marshadow|spd|1
|-damage|p1a: Marshadow|91/100|[from] item: Life Orb
|
|upkeep
|turn|15
|
|t:|1664512579
|-start|p2a: Ho-Oh|Dynamax|
|-heal|p2a: Ho-Oh|70/100|[silent]
|move|p1a: Marshadow|Rock Tomb|p2a: Ho-Oh
|-supereffective|p2a: Ho-Oh
|-damage|p2a: Ho-Oh|13/100
|-unboost|p2a: Ho-Oh|spe|1
|-damage|p1a: Marshadow|81/100|[from] item: Life Orb
|move|p2a: Ho-Oh|Max Flare|p1a: Marshadow
|-damage|p1a: Marshadow|0 fnt
|-weather|SunnyDay
|faint|p1a: Marshadow
|
|-weather|SunnyDay|[upkeep]
|upkeep
|
|t:|1664512606
|switch|p1a: Yveltal|Yveltal|100/100
|-ability|p1a: Yveltal|Dark Aura
|turn|16
|
|t:|1664512620
|-start|p1a: Yveltal|Dynamax|
|-heal|p1a: Yveltal|100/100|[silent]
|move|p2a: Ho-Oh|Max Guard|p2a: Ho-Oh
|-singleturn|p2a: Ho-Oh|Max Guard
|move|p1a: Yveltal|Max Airstream|p2a: Ho-Oh
|-activate|p2a: Ho-Oh|move: Max Guard
|
|-weather|SunnyDay|[upkeep]
|upkeep
|turn|17
|
|t:|1664512635
|-end|p2a: Ho-Oh|Dynamax
|-heal|p2a: Ho-Oh|13/100|[silent]
|switch|p2a: Tyranitar|Tyranitar, F, shiny|58/100
|-damage|p2a: Tyranitar|45/100|[from] Stealth Rock
|-weather|Sandstorm|[from] ability: Sand Stream|[of] p2a: Tyranitar
|move|p1a: Yveltal|Max Airstream|p2a: Tyranitar
|-resisted|p2a: Tyranitar
|-damage|p2a: Tyranitar|8/100
|-boost|p1a: Yveltal|spe|1
|-damage|p1a: Yveltal|96/100|[from] item: Life Orb
|
|-weather|Sandstorm|[upkeep]
|-damage|p1a: Yveltal|92/100|[from] Sandstorm
|-heal|p2a: Tyranitar|14/100|[from] item: Leftovers
|upkeep
|turn|18
|
|t:|1664512644
|move|p1a: Yveltal|Max Knuckle|p2a: Tyranitar
|-supereffective|p2a: Tyranitar
|-damage|p2a: Tyranitar|0 fnt
|-boost|p1a: Yveltal|atk|1
|faint|p2a: Tyranitar
|-damage|p1a: Yveltal|88/100|[from] item: Life Orb
|
|-weather|Sandstorm|[upkeep]
|-damage|p1a: Yveltal|84/100|[from] Sandstorm
|upkeep
|
|t:|1664512656
|switch|p2a: Rayquaza|Rayquaza|100/100
|-damage|p2a: Rayquaza|76/100|[from] Stealth Rock
|-ability|p2a: Rayquaza|Air Lock
|-end|p1a: Yveltal|Dynamax
|-heal|p1a: Yveltal|84/100|[silent]
|turn|19
|
|t:|1664512659
|detailschange|p2a: Rayquaza|Rayquaza-Mega
|-mega|p2a: Rayquaza|Rayquaza|
|-weather|DeltaStream|[from] ability: Delta Stream|[of] p2a: Rayquaza
|move|p1a: Yveltal|Knock Off|p2a: Rayquaza
|-damage|p2a: Rayquaza|0 fnt
|-enditem|p2a: Rayquaza|Choice Band|[from] move: Knock Off|[of] p1a: Yveltal
|faint|p2a: Rayquaza
|-weather|none
|-damage|p1a: Yveltal|75/100|[from] item: Life Orb
|
|upkeep
|
|t:|1664512663
|switch|p2a: Zacian|Zacian-Crowned|94/100
|-damage|p2a: Zacian|88/100|[from] Stealth Rock
|-ability|p2a: Zacian|Intrepid Sword|boost
|-boost|p2a: Zacian|atk|1
|turn|20
|
|t:|1664512667
|move|p1a: Yveltal|Knock Off|p2a: Zacian
|-resisted|p2a: Zacian
|-damage|p2a: Zacian|42/100
|-damage|p1a: Yveltal|65/100|[from] item: Life Orb
|move|p2a: Zacian|Behemoth Blade|p1a: Yveltal
|-damage|p1a: Yveltal|0 fnt
|faint|p1a: Yveltal
|
|upkeep
|
|t:|1664512681
|switch|p1a: Arceus|Arceus-Ground|100/100
|turn|21
|
|t:|1664512684
|switch|p2a: Ho-Oh|Ho-Oh|46/100
|move|p1a: Arceus|Earthquake|p2a: Ho-Oh
|-immune|p2a: Ho-Oh
|
|upkeep
|turn|22
|
|t:|1664512691
|move|p1a: Arceus|Stone Edge|p2a: Ho-Oh
|-supereffective|p2a: Ho-Oh
|-damage|p2a: Ho-Oh|0 fnt
|faint|p2a: Ho-Oh
|
|upkeep
|
|t:|1664512696
|switch|p2a: Calyrex|Calyrex-Shadow|100/100
|-ability|p2a: Calyrex|As One
|-ability|p2a: Calyrex|Unnerve
|-damage|p2a: Calyrex|88/100|[from] Stealth Rock
|turn|23
|
|t:|1664512698
|switch|p1a: Arceus|Arceus|100/100
|move|p2a: Calyrex|Astral Barrage|p1a: Arceus
|-immune|p1a: Arceus
|
|upkeep
|turn|24
|
|t:|1664512701
|switch|p2a: Zacian|Zacian-Crowned|42/100
|-damage|p2a: Zacian|36/100|[from] Stealth Rock
|-ability|p2a: Zacian|Intrepid Sword|boost
|-boost|p2a: Zacian|atk|1
|move|p1a: Arceus|Shadow Claw|p2a: Zacian
|-damage|p2a: Zacian|13/100
|
|upkeep
|turn|25
|
|t:|1664512705
|move|p1a: Arceus|Extreme Speed|p2a: Zacian
|-resisted|p2a: Zacian
|-damage|p2a: Zacian|0 fnt
|faint|p2a: Zacian
|
|upkeep
|
|t:|1664512708
|switch|p2a: Calyrex|Calyrex-Shadow|88/100
|-ability|p2a: Calyrex|As One
|-ability|p2a: Calyrex|Unnerve
|-damage|p2a: Calyrex|76/100|[from] Stealth Rock
|turn|26
|
|t:|1664512710
|move|p2a: Calyrex|Psyshock|p1a: Arceus
|-damage|p1a: Arceus|65/100
|move|p1a: Arceus|Shadow Claw|p2a: Calyrex
|-supereffective|p2a: Calyrex
|-damage|p2a: Calyrex|0 fnt
|faint|p2a: Calyrex
|
|win|utvsutvs
|raw|utvsutvs's rating: 1879 &rarr; <strong>1907</strong><br />(+28 for winning)
|raw|FenixFyre04's rating: 2025 &rarr; <strong>1997</strong><br />(-28 for losing)
|l|☆FenixFyre04
