|j|☆Corsor
|j|☆Nobodi_Nowan
|t:|1659694865
|gametype|singles
|player|p1|Corsor|clown|
|player|p2|Nobodi_Nowan|byron|
|teamsize|p1|6
|teamsize|p2|6
|gen|8
|tier|[Gen 8] National Dex AG
|rule|HP Percentage Mod: HP is shown in percentages
|rule|Endless Battle Clause: Forcing endless battles is banned
|clearpoke
|poke|p1|Dialga|
|poke|p1|Palkia|
|poke|p1|Greninja, M|
|poke|p1|Blastoise, M|
|poke|p1|Aerodactyl, M|
|poke|p1|Dragonite, M|
|poke|p2|Darmanitan-Galar, M|
|poke|p2|Regieleki|
|poke|p2|Pelipper, F|
|poke|p2|Swampert, F|
|poke|p2|Barraskewda, F|
|poke|p2|Chansey, F|
|teampreview
|inactive|Battle timer is ON: inactive players will automatically lose when time's up. (requested by Corsor)
|inactive|Nobodi_Nowan has 270 seconds left.
|c|☆Nobodi_Nowan|glhf
|c|☆Corsor|Glhf
|
|t:|1659694903
|start
|switch|p1a: Dialga|Dialga|100/100
|switch|p2a: Regieleki|Regieleki|100/100
|-ability|p1a: Dialga|Pressure
|turn|1
|
|t:|1659694911
|switch|p1a: Dragonite|Dragonite, M|100/100
|move|p2a: Regieleki|Volt Switch|p1a: Dragonite
|-damage|p1a: Dragonite|75/100
|
|t:|1659694918
|switch|p2a: Darmanitan|Darmanitan-Galar, M|100/100|[from]move: Volt Switch
|
|upkeep
|turn|2
|
|t:|1659694929
|move|p2a: Darmanitan|Icicle Crash|p1a: Dragonite
|-supereffective|p1a: Dragonite
|-damage|p1a: Dragonite|0 fnt
|faint|p1a: Dragonite
|
|upkeep
|
|t:|1659694932
|switch|p1a: Blastoise|Blastoise, M|100/100
|turn|3
|
|t:|1659694937
|switch|p2a: Chansey|Chansey, F|100/100
|detailschange|p1a: Blastoise|Blastoise-Mega, M
|-mega|p1a: Blastoise|Blastoise|Blastoisinite
|move|p1a: Blastoise|Shell Smash|p1a: Blastoise
|-unboost|p1a: Blastoise|def|1
|-unboost|p1a: Blastoise|spd|1
|-boost|p1a: Blastoise|atk|2
|-boost|p1a: Blastoise|spa|2
|-boost|p1a: Blastoise|spe|2
|
|upkeep
|turn|4
|
|t:|1659694949
|move|p1a: Blastoise|Aura Sphere|p2a: Chansey
|-supereffective|p2a: Chansey
|-damage|p2a: Chansey|56/100
|move|p2a: Chansey|Teleport|p2a: Chansey
|
|t:|1659694954
|switch|p2a: Pelipper|Pelipper, F|100/100|[from]move: Teleport
|
|upkeep
|turn|5
|c|☆Nobodi_Nowan|cant fucking believe this
|c|☆Corsor|Pov: u forget drizzle
|
|t:|1659694978
|move|p1a: Blastoise|Water Pulse|p2a: Pelipper
|-resisted|p2a: Pelipper
|-damage|p2a: Pelipper|28/100
|move|p2a: Pelipper|U-turn|p1a: Blastoise
|-damage|p1a: Blastoise|87/100
|c|☆Corsor|drizzle would do nothing but to help me tho
|inactive|Nobodi_Nowan has 270 seconds left.
|
|t:|1659694995
|switch|p2a: Swampert|Swampert, F|100/100|[from]move: U-turn
|
|upkeep
|turn|6
|c|☆Corsor|Let swampert touch some grass
|inactive|Nobodi_Nowan has 270 seconds left.
|
|t:|1659695017
|switch|p2a: Pelipper|Pelipper, F|28/100
|move|p1a: Blastoise|Hidden Power|p2a: Pelipper
|-damage|p2a: Pelipper|0 fnt
|faint|p2a: Pelipper
|
|upkeep
|
|t:|1659695026
|switch|p2a: Barraskewda|Barraskewda, F|100/100
|turn|7
|
|t:|1659695034
|-start|p2a: Barraskewda|Dynamax|
|-heal|p2a: Barraskewda|100/100|[silent]
|move|p1a: Blastoise|Aura Sphere|p2a: Barraskewda
|-damage|p2a: Barraskewda|0 fnt
|faint|p2a: Barraskewda
|
|upkeep
|
|t:|1659695041
|switch|p2a: Regieleki|Regieleki|100/100
|turn|8
|
|t:|1659695046
|move|p2a: Regieleki|Thunder Cage|p1a: Blastoise
|-supereffective|p1a: Blastoise
|-damage|p1a: Blastoise|0 fnt
|faint|p1a: Blastoise
|
|upkeep
|
|t:|1659695052
|switch|p1a: Dialga|Dialga|100/100
|-ability|p1a: Dialga|Pressure
|turn|9
|
|t:|1659695060
|move|p2a: Regieleki|Volt Switch|p1a: Dialga
|-resisted|p1a: Dialga
|-damage|p1a: Dialga|77/100
|
|t:|1659695068
|switch|p2a: Swampert|Swampert, F|100/100|[from]move: Volt Switch
|move|p1a: Dialga|Aura Sphere|p2a: Swampert
|-damage|p2a: Swampert|53/100
|-damage|p1a: Dialga|67/100|[from] item: Life Orb
|
|upkeep
|turn|10
|
|t:|1659695076
|detailschange|p2a: Swampert|Swampert-Mega, F
|-mega|p2a: Swampert|Swampert|Swampertite
|move|p1a: Dialga|Hidden Power|p2a: Swampert
|-supereffective|p2a: Swampert
|-damage|p2a: Swampert|0 fnt
|faint|p2a: Swampert
|-damage|p1a: Dialga|57/100|[from] item: Life Orb
|
|upkeep
|c|☆Corsor|Swampert still needs to touch some grass fr
|
|t:|1659695086
|switch|p2a: Darmanitan|Darmanitan-Galar, M|100/100
|turn|11
|
|t:|1659695094
|-start|p1a: Dialga|Dynamax|
|-heal|p1a: Dialga|57/100|[silent]
|move|p2a: Darmanitan|Earthquake|p1a: Dialga
|-supereffective|p1a: Dialga
|-damage|p1a: Dialga|11/100
|move|p1a: Dialga|Max Steelspike|p2a: Darmanitan
|-supereffective|p2a: Darmanitan
|-damage|p2a: Darmanitan|0 fnt
|-boost|p1a: Dialga|def|1
|faint|p2a: Darmanitan
|-damage|p1a: Dialga|6/100|[from] item: Life Orb
|
|upkeep
|
|t:|1659695105
|switch|p2a: Regieleki|Regieleki|100/100
|turn|12
|
|t:|1659695112
|move|p2a: Regieleki|Extreme Speed|p1a: Dialga
|-resisted|p1a: Dialga
|-damage|p1a: Dialga|3/100
|move|p1a: Dialga|Max Steelspike|p2a: Regieleki
|-resisted|p2a: Regieleki
|-damage|p2a: Regieleki|1/100
|-boost|p1a: Dialga|def|1
|-damage|p1a: Dialga|0 fnt|[from] item: Life Orb
|faint|p1a: Dialga
|
|upkeep
|c|☆Nobodi_Nowan|ok im done lol
|
|t:|1659695125
|switch|p1a: Greninja|Greninja, M|100/100
|turn|13
|
|t:|1659695129
|switch|p2a: Chansey|Chansey, F|56/100
|move|p1a: Greninja|Water Shuriken|p2a: Chansey
|-start|p1a: Greninja|typechange|Water|[from] ability: Protean
|-damage|p2a: Chansey|53/100
|-damage|p2a: Chansey|51/100
|-damage|p2a: Chansey|49/100
|-damage|p2a: Chansey|47/100
|-damage|p2a: Chansey|45/100
|-hitcount|p2a: Chansey|5
|-damage|p1a: Greninja|91/100|[from] item: Life Orb
|
|upkeep
|turn|14
|
|t:|1659695143
|switch|p1a: Aerodactyl|Aerodactyl, M|100/100
|-ability|p1a: Aerodactyl|Pressure
|move|p2a: Chansey|Soft-Boiled|p2a: Chansey
|-heal|p2a: Chansey|95/100
|
|upkeep
|turn|15
|
|t:|1659695153
|move|p1a: Aerodactyl|Rock Tomb|p2a: Chansey
|-damage|p2a: Chansey|62/100
|-unboost|p2a: Chansey|spe|1
|move|p2a: Chansey|Seismic Toss|p1a: Aerodactyl
|-damage|p1a: Aerodactyl|73/100
|
|upkeep
|turn|16
|
|t:|1659695161
|move|p1a: Aerodactyl|Rock Tomb|p2a: Chansey
|-damage|p2a: Chansey|24/100
|-unboost|p2a: Chansey|spe|1
|move|p2a: Chansey|Teleport|p2a: Chansey
|
|t:|1659695166
|switch|p2a: Regieleki|Regieleki|1/100|[from]move: Teleport
|
|upkeep
|turn|17
|
|t:|1659695171
|move|p2a: Regieleki|Thunder Cage|p1a: Aerodactyl
|-supereffective|p1a: Aerodactyl
|-damage|p1a: Aerodactyl|0 fnt
|faint|p1a: Aerodactyl
|
|upkeep
|
|t:|1659695176
|switch|p1a: Palkia|Palkia|100/100
|-ability|p1a: Palkia|Pressure
|turn|18
|
|t:|1659695181
|move|p2a: Regieleki|Thunder Cage|p1a: Palkia|[miss]
|-miss|p2a: Regieleki|p1a: Palkia
|move|p1a: Palkia|Aura Sphere|p2a: Regieleki
|-damage|p2a: Regieleki|0 fnt
|faint|p2a: Regieleki
|-damage|p1a: Palkia|91/100|[from] item: Life Orb
|
|upkeep
|c|☆Corsor|Ggs man
|c|☆Corsor|close
|c|☆Nobodi_Nowan|yep
|c|☆Nobodi_Nowan|my bad gg
|
|t:|1659695197
|switch|p2a: Chansey|Chansey, F|24/100
|turn|19
|
|t:|1659695200
|move|p1a: Palkia|Aura Sphere|p2a: Chansey
|-supereffective|p2a: Chansey
|-damage|p2a: Chansey|4/100
|-damage|p1a: Palkia|81/100|[from] item: Life Orb
|move|p2a: Chansey|Soft-Boiled|p2a: Chansey
|-heal|p2a: Chansey|54/100
|
|upkeep
|turn|20
|c|☆Corsor|NOOOOOO
|c|☆Corsor|anyawys
|c|☆Corsor|palkia can pressure her
|
|t:|1659695214
|move|p1a: Palkia|Aura Sphere|p2a: Chansey
|-supereffective|p2a: Chansey
|-damage|p2a: Chansey|36/100
|-damage|p1a: Palkia|71/100|[from] item: Life Orb
|move|p2a: Chansey|Soft-Boiled|p2a: Chansey
|-heal|p2a: Chansey|86/100
|
|upkeep
|turn|21
|c|☆Nobodi_Nowan|isnt this possible?
|
|t:|1659695235
|move|p1a: Palkia|Thunderbolt|p2a: Chansey
|-damage|p2a: Chansey|76/100
|-damage|p1a: Palkia|61/100|[from] item: Life Orb
|move|p2a: Chansey|Seismic Toss|p1a: Palkia
|-damage|p1a: Palkia|29/100
|
|upkeep
|turn|22
|
|t:|1659695246
|move|p1a: Palkia|Thunderbolt|p2a: Chansey
|-damage|p2a: Chansey|67/100
|-damage|p1a: Palkia|20/100|[from] item: Life Orb
|move|p2a: Chansey|Stealth Rock|p1a: Palkia
|-sidestart|p1: Corsor|move: Stealth Rock
|
|upkeep
|turn|23
|
|t:|1659695252
|move|p1a: Palkia|Thunderbolt|p2a: Chansey
|-damage|p2a: Chansey|57/100
|-damage|p1a: Palkia|10/100|[from] item: Life Orb
|move|p2a: Chansey|Seismic Toss|p1a: Palkia
|-damage|p1a: Palkia|0 fnt
|faint|p1a: Palkia
|
|upkeep
|
|t:|1659695255
|switch|p1a: Greninja|Greninja, M|91/100
|-damage|p1a: Greninja|78/100|[from] Stealth Rock
|turn|24
|
|t:|1659695262
|move|p1a: Greninja|Dark Pulse|p2a: Chansey
|-start|p1a: Greninja|typechange|Dark|[from] ability: Protean
|-damage|p2a: Chansey|46/100
|-damage|p1a: Greninja|69/100|[from] item: Life Orb
|move|p2a: Chansey|Soft-Boiled|p2a: Chansey
|-heal|p2a: Chansey|96/100
|
|upkeep
|turn|25
|
|t:|1659695271
|move|p1a: Greninja|Dark Pulse|p2a: Chansey
|-damage|p2a: Chansey|85/100
|-damage|p1a: Greninja|59/100|[from] item: Life Orb
|cant|p2a: Chansey|flinch
|
|upkeep
|turn|26
|
|t:|1659695277
|move|p1a: Greninja|Dark Pulse|p2a: Chansey
|-damage|p2a: Chansey|74/100
|-damage|p1a: Greninja|49/100|[from] item: Life Orb
|move|p2a: Chansey|Seismic Toss|p1a: Greninja
|-damage|p1a: Greninja|14/100
|
|upkeep
|turn|27
|c|☆Corsor|İ hate chansey
|c|☆Corsor|ggs
|c|☆Nobodi_Nowan|wow
|-message|Corsor forfeited.
|
|win|Nobodi_Nowan
|c|☆Nobodi_Nowan|ggs
|l|☆Corsor
