|j|☆Mr_kraft_
|j|☆CLEAR GEM清瑜
|t:|1663154839
|gametype|singles
|player|p1|Mr_kraft_|2|1693
|player|p2|CLEAR GEM清瑜|skierf|1814
|teamsize|p1|6
|teamsize|p2|6
|gen|8
|tier|[Gen 8] National Dex AG
|rated|
|rule|HP Percentage Mod: HP is shown in percentages
|rule|Endless Battle Clause: Forcing endless battles is banned
|clearpoke
|poke|p1|Groudon|
|poke|p1|Kyurem-Black|
|poke|p1|Zacian-*|
|poke|p1|Ditto|
|poke|p1|Arceus-*|
|poke|p1|Yveltal|
|poke|p2|Rayquaza|
|poke|p2|Groudon|
|poke|p2|Necrozma-Dusk-Mane|
|poke|p2|Arceus-*|
|poke|p2|Zacian-*|
|poke|p2|Yveltal|
|teampreview
|inactive|Battle timer is ON: inactive players will automatically lose when time's up. (requested by Mr_kraft_)
|
|t:|1663154846
|start
|switch|p1a: Kyurem|Kyurem-Black|100/100
|switch|p2a: Y鸟|Yveltal|100/100
|-ability|p1a: Kyurem|Teravolt
|-ability|p2a: Y鸟|Dark Aura
|turn|1
|
|t:|1663154852
|move|p1a: Kyurem|Icicle Spear|p2a: Y鸟
|-supereffective|p2a: Y鸟
|-damage|p2a: Y鸟|70/100
|-supereffective|p2a: Y鸟
|-damage|p2a: Y鸟|42/100
|-hitcount|p2a: Y鸟|2
|move|p2a: Y鸟|Dark Pulse|p1a: Kyurem
|-damage|p1a: Kyurem|21/100
|-damage|p2a: Y鸟|32/100|[from] item: Life Orb
|
|upkeep
|turn|2
|
|t:|1663154860
|switch|p1a: Arceus|Arceus-Fairy|100/100
|move|p2a: Y鸟|Oblivion Wing|p1a: Arceus
|-damage|p1a: Arceus|71/100
|-heal|p2a: Y鸟|57/100|[from] drain|[of] p1a: Arceus
|-damage|p2a: Y鸟|47/100|[from] item: Life Orb
|
|upkeep
|turn|3
|
|t:|1663154864
|switch|p2a: 不会(?)|Groudon|100/100
|detailschange|p2a: 不会(?)|Groudon-Primal
|-primal|p2a: 不会(?)
|-weather|DesolateLand|[from] ability: Desolate Land|[of] p2a: 不会(?)
|move|p1a: Arceus|Judgment|p2a: 不会(?)
|-resisted|p2a: 不会(?)
|-damage|p2a: 不会(?)|78/100
|
|-weather|DesolateLand|[upkeep]
|upkeep
|turn|4
|
|t:|1663154872
|move|p1a: Arceus|Toxic|p2a: 不会(?)
|-status|p2a: 不会(?)|tox
|move|p2a: 不会(?)|Stealth Rock|p1a: Arceus
|-sidestart|p1: Mr_kraft_|move: Stealth Rock
|
|-weather|DesolateLand|[upkeep]
|-damage|p2a: 不会(?)|72/100 tox|[from] psn
|upkeep
|turn|5
|
|t:|1663154875
|move|p1a: Arceus|Recover|p1a: Arceus
|-heal|p1a: Arceus|100/100
|move|p2a: 不会(?)|Heat Crash|p1a: Arceus
|-damage|p1a: Arceus|40/100
|
|-weather|DesolateLand|[upkeep]
|-damage|p2a: 不会(?)|60/100 tox|[from] psn
|upkeep
|turn|6
|
|t:|1663154879
|move|p1a: Arceus|Recover|p1a: Arceus
|-heal|p1a: Arceus|90/100
|move|p2a: 不会(?)|Heat Crash|p1a: Arceus
|-damage|p1a: Arceus|30/100
|
|-weather|DesolateLand|[upkeep]
|-damage|p2a: 不会(?)|41/100 tox|[from] psn
|upkeep
|turn|7
|
|t:|1663154883
|move|p1a: Arceus|Recover|p1a: Arceus
|-heal|p1a: Arceus|80/100
|move|p2a: 不会(?)|Heat Crash|p1a: Arceus
|-damage|p1a: Arceus|24/100
|
|-weather|DesolateLand|[upkeep]
|-damage|p2a: 不会(?)|17/100 tox|[from] psn
|upkeep
|turn|8
|
|t:|1663154886
|move|p1a: Arceus|Defog|p2a: 不会(?)
|-unboost|p2a: 不会(?)|evasion|1
|-sideend|p1: Mr_kraft_|Stealth Rock|[from] move: Defog|[of] p1a: Arceus
|move|p2a: 不会(?)|Heat Crash|p1a: Arceus
|-damage|p1a: Arceus|0 fnt
|faint|p1a: Arceus
|
|-weather|DesolateLand|[upkeep]
|-damage|p2a: 不会(?)|0 fnt|[from] psn
|faint|p2a: 不会(?)
|-weather|none
|upkeep
|
|t:|1663154892
|switch|p1a: Kyurem|Kyurem-Black|21/100
|switch|p2a: 嘉然小姐的狗|Zacian-Crowned|100/100
|-ability|p1a: Kyurem|Teravolt
|-ability|p2a: 嘉然小姐的狗|Intrepid Sword|boost
|-boost|p2a: 嘉然小姐的狗|atk|1
|turn|9
|
|t:|1663154897
|move|p1a: Kyurem|Fusion Bolt|p2a: 嘉然小姐的狗
|-damage|p2a: 嘉然小姐的狗|66/100
|move|p2a: 嘉然小姐的狗|Close Combat|p1a: Kyurem
|-supereffective|p1a: Kyurem
|-damage|p1a: Kyurem|0 fnt
|-unboost|p2a: 嘉然小姐的狗|def|1
|-unboost|p2a: 嘉然小姐的狗|spd|1
|faint|p1a: Kyurem
|
|upkeep
|
|t:|1663154903
|switch|p1a: Groudon|Groudon|100/100
|detailschange|p1a: Groudon|Groudon-Primal
|-primal|p1a: Groudon
|-weather|DesolateLand|[from] ability: Desolate Land|[of] p1a: Groudon
|turn|10
|
|t:|1663154905
|move|p2a: 嘉然小姐的狗|Close Combat|p1a: Groudon
|-damage|p1a: Groudon|60/100
|-unboost|p2a: 嘉然小姐的狗|def|1
|-unboost|p2a: 嘉然小姐的狗|spd|1
|move|p1a: Groudon|Fire Punch|p2a: 嘉然小姐的狗
|-supereffective|p2a: 嘉然小姐的狗
|-damage|p2a: 嘉然小姐的狗|0 fnt
|faint|p2a: 嘉然小姐的狗
|
|-weather|DesolateLand|[upkeep]
|upkeep
|
|t:|1663154916
|switch|p2a: 悬空羊驼|Arceus-Flying|100/100
|turn|11
|
|t:|1663154921
|-start|p2a: 悬空羊驼|Dynamax|
|-heal|p2a: 悬空羊驼|100/100|[silent]
|move|p2a: 悬空羊驼|Max Airstream|p1a: Groudon
|-damage|p1a: Groudon|0 fnt
|-boost|p2a: 悬空羊驼|spe|1
|faint|p1a: Groudon
|-weather|none
|
|upkeep
|
|t:|1663154926
|switch|p1a: Yveltal|Yveltal|100/100
|-ability|p1a: Yveltal|Dark Aura
|turn|12
|
|t:|1663154929
|-start|p1a: Yveltal|Dynamax|
|-heal|p1a: Yveltal|100/100|[silent]
|move|p2a: 悬空羊驼|Max Airstream|p1a: Yveltal
|-damage|p1a: Yveltal|62/100
|-boost|p2a: 悬空羊驼|spe|1
|move|p1a: Yveltal|Max Airstream|p2a: 悬空羊驼
|-damage|p2a: 悬空羊驼|67/100
|-boost|p1a: Yveltal|spe|1
|-damage|p1a: Yveltal|57/100|[from] item: Life Orb
|
|upkeep
|turn|13
|
|t:|1663154939
|move|p2a: 悬空羊驼|Max Airstream|p1a: Yveltal
|-damage|p1a: Yveltal|20/100
|-boost|p2a: 悬空羊驼|spe|1
|move|p1a: Yveltal|Max Airstream|p2a: 悬空羊驼
|-damage|p2a: 悬空羊驼|34/100
|-boost|p1a: Yveltal|spe|1
|-damage|p1a: Yveltal|15/100|[from] item: Life Orb
|
|upkeep
|-end|p2a: 悬空羊驼|Dynamax
|-heal|p2a: 悬空羊驼|35/100|[silent]
|turn|14
|
|t:|1663154945
|move|p2a: 悬空羊驼|Judgment|p1a: Yveltal
|-damage|p1a: Yveltal|0 fnt
|faint|p1a: Yveltal
|
|upkeep
|
|t:|1663154949
|switch|p1a: Zacian|Zacian-Crowned|100/100
|-ability|p1a: Zacian|Intrepid Sword|boost
|-boost|p1a: Zacian|atk|1
|turn|15
|
|t:|1663154952
|move|p2a: 悬空羊驼|Earth Power|p1a: Zacian
|-supereffective|p1a: Zacian
|-damage|p1a: Zacian|42/100
|move|p1a: Zacian|Wild Charge|p2a: 悬空羊驼
|-supereffective|p2a: 悬空羊驼
|-damage|p2a: 悬空羊驼|0 fnt
|faint|p2a: 悬空羊驼
|-damage|p1a: Zacian|31/100|[from] Recoil
|
|upkeep
|
|t:|1663154956
|switch|p2a: 钢铁之躯|Necrozma-Dusk-Mane|100/100
|turn|16
|
|t:|1663154961
|move|p1a: Zacian|Close Combat|p2a: 钢铁之躯
|-damage|p2a: 钢铁之躯|43/100
|-unboost|p1a: Zacian|def|1
|-unboost|p1a: Zacian|spd|1
|move|p2a: 钢铁之躯|Earthquake|p1a: Zacian
|-supereffective|p1a: Zacian
|-damage|p1a: Zacian|0 fnt
|faint|p1a: Zacian
|
|upkeep
|
|t:|1663154964
|switch|p1a: Ditto|Ditto|100/100
|-transform|p1a: Ditto|p2a: 钢铁之躯|[from] ability: Imposter
|turn|17
|
|t:|1663154970
|detailschange|p2a: 钢铁之躯|Necrozma-Ultra
|-burst|p2a: 钢铁之躯|Necrozma|Ultranecrozium Z
|move|p2a: 钢铁之躯|Earthquake|p1a: Ditto
|-supereffective|p1a: Ditto
|-damage|p1a: Ditto|22/100
|move|p1a: Ditto|Stone Edge|p2a: 钢铁之躯
|-damage|p2a: 钢铁之躯|4/100
|
|upkeep
|turn|18
|
|t:|1663154977
|move|p2a: 钢铁之躯|Earthquake|p1a: Ditto
|-supereffective|p1a: Ditto
|-damage|p1a: Ditto|0 fnt
|faint|p1a: Ditto
|
|win|CLEAR GEM清瑜
|raw|Mr_kraft_'s rating: 1693 &rarr; <strong>1680</strong><br />(-13 for losing)
|raw|CLEAR GEM清瑜's rating: 1814 &rarr; <strong>1827</strong><br />(+13 for winning)
