|j|☆CLEAR GEM清瑜
|j|‽Apprenti Buck
|t:|1664637676
|gametype|singles
|player|p1|CLEAR GEM清瑜|skierf|1826
|player|p2|Apprenti Buck|lance-masters|1990
|teamsize|p1|6
|teamsize|p2|6
|gen|8
|tier|[Gen 8] National Dex AG
|rated|
|rule|HP Percentage Mod: HP is shown in percentages
|rule|Endless Battle Clause: Forcing endless battles is banned
|clearpoke
|poke|p1|Rayquaza|
|poke|p1|Groudon|
|poke|p1|Necrozma-Dusk-Mane|
|poke|p1|Arceus-*|
|poke|p1|Zacian-*|
|poke|p1|Yveltal|
|poke|p2|Groudon|
|poke|p2|Rayquaza|
|poke|p2|Calyrex-Shadow|
|poke|p2|Arceus-*|
|poke|p2|Yveltal|
|poke|p2|Marshadow|
|teampreview
|inactive|Battle timer is ON: inactive players will automatically lose when time's up. (requested by Apprenti Buck)
|
|t:|1664637690
|start
|switch|p1a: 不会(?)|Groudon|100/100
|switch|p2a: Rayquaza|Rayquaza, shiny|100/100
|-ability|p2a: Rayquaza|Air Lock
|detailschange|p1a: 不会(?)|Groudon-Primal
|-primal|p1a: 不会(?)
|-weather|DesolateLand|[from] ability: Desolate Land|[of] p1a: 不会(?)
|turn|1
|
|t:|1664637694
|switch|p2a: Groudon|Groudon, shiny|100/100
|detailschange|p2a: Groudon|Groudon-Primal, shiny
|-primal|p2a: Groudon
|move|p1a: 不会(?)|Stealth Rock|p2a: Groudon
|-sidestart|p2: Apprenti Buck|move: Stealth Rock
|
|-weather|DesolateLand|[upkeep]
|upkeep
|turn|2
|
|t:|1664637696
|move|p2a: Groudon|Stealth Rock|p1a: 不会(?)
|-sidestart|p1: CLEAR GEM清瑜|move: Stealth Rock
|move|p1a: 不会(?)|Precipice Blades|p2a: Groudon
|-supereffective|p2a: Groudon
|-damage|p2a: Groudon|0 fnt
|faint|p2a: Groudon
|
|-weather|DesolateLand|[upkeep]
|upkeep
|
|t:|1664637705
|switch|p2a: Rayquaza|Rayquaza, shiny|100/100
|-damage|p2a: Rayquaza|76/100|[from] Stealth Rock
|-ability|p2a: Rayquaza|Air Lock
|turn|3
|
|t:|1664637707
|switch|p2a: Arceus|Arceus|100/100
|-damage|p2a: Arceus|88/100|[from] Stealth Rock
|move|p1a: 不会(?)|Roar|p2a: Arceus
|drag|p2a: Yveltal|Yveltal|100/100
|-damage|p2a: Yveltal|76/100|[from] Stealth Rock
|-ability|p2a: Yveltal|Dark Aura
|
|-weather|DesolateLand|[upkeep]
|upkeep
|turn|4
|j| haaduki
|
|t:|1664637713
|move|p2a: Yveltal|Oblivion Wing|p1a: 不会(?)
|-damage|p1a: 不会(?)|50/100
|-heal|p2a: Yveltal|100/100|[from] drain|[of] p1a: 不会(?)
|-damage|p2a: Yveltal|91/100|[from] item: Life Orb
|move|p1a: 不会(?)|Heat Crash|p2a: Yveltal
|-damage|p2a: Yveltal|0 fnt
|faint|p2a: Yveltal
|
|-weather|DesolateLand|[upkeep]
|upkeep
|l| haaduki
|
|t:|1664637719
|switch|p2a: Rayquaza|Rayquaza, shiny|76/100
|-damage|p2a: Rayquaza|51/100|[from] Stealth Rock
|-ability|p2a: Rayquaza|Air Lock
|turn|5
|
|t:|1664637724
|detailschange|p2a: Rayquaza|Rayquaza-Mega, shiny
|-mega|p2a: Rayquaza|Rayquaza|
|-weather|DeltaStream|[from] ability: Delta Stream|[of] p2a: Rayquaza
|move|p2a: Rayquaza|Earthquake|p1a: 不会(?)
|-supereffective|p1a: 不会(?)
|-damage|p1a: 不会(?)|0 fnt
|faint|p1a: 不会(?)
|-damage|p2a: Rayquaza|41/100|[from] item: Life Orb
|
|-weather|DeltaStream|[upkeep]
|upkeep
|
|t:|1664637727
|switch|p1a: 老烈|Rayquaza, shiny|100/100
|-damage|p1a: 老烈|76/100|[from] Stealth Rock
|-ability|p1a: 老烈|Air Lock
|turn|6
|
|t:|1664637731
|detailschange|p1a: 老烈|Rayquaza-Mega, shiny
|-mega|p1a: 老烈|Rayquaza|
|move|p1a: 老烈|Extreme Speed|p2a: Rayquaza
|-damage|p2a: Rayquaza|6/100
|move|p2a: Rayquaza|Dragon Ascent|p1a: 老烈
|-damage|p1a: 老烈|0 fnt
|-unboost|p2a: Rayquaza|def|1
|-unboost|p2a: Rayquaza|spd|1
|faint|p1a: 老烈
|-damage|p2a: Rayquaza|0 fnt|[from] item: Life Orb
|faint|p2a: Rayquaza
|-weather|none
|
|upkeep
|
|t:|1664637744
|switch|p2a: Calyrex|Calyrex-Shadow|100/100
|switch|p1a: Y鸟|Yveltal|100/100
|-ability|p2a: Calyrex|As One
|-ability|p2a: Calyrex|Unnerve
|-damage|p2a: Calyrex|88/100|[from] Stealth Rock
|-damage|p1a: Y鸟|76/100|[from] Stealth Rock
|-ability|p1a: Y鸟|Dark Aura
|turn|7
|
|t:|1664637755
|-start|p1a: Y鸟|Dynamax|
|-heal|p1a: Y鸟|76/100|[silent]
|-zpower|p2a: Calyrex
|move|p2a: Calyrex|Never-Ending Nightmare|p1a: Y鸟|[zeffect]
|-resisted|p1a: Y鸟
|-damage|p1a: Y鸟|49/100
|move|p1a: Y鸟|Max Airstream|p2a: Calyrex
|-damage|p2a: Calyrex|0 fnt
|-boost|p1a: Y鸟|spe|1
|faint|p2a: Calyrex
|-damage|p1a: Y鸟|44/100|[from] item: Life Orb
|
|upkeep
|
|t:|1664637763
|switch|p2a: Marshadow|Marshadow|100/100
|-damage|p2a: Marshadow|94/100|[from] Stealth Rock
|turn|8
|
|t:|1664637766
|move|p2a: Marshadow|Shadow Sneak|p1a: Y鸟
|-resisted|p1a: Y鸟
|-damage|p1a: Y鸟|36/100
|-damage|p2a: Marshadow|84/100|[from] item: Life Orb
|move|p1a: Y鸟|Max Airstream|p2a: Marshadow
|-supereffective|p2a: Marshadow
|-damage|p2a: Marshadow|0 fnt
|-boost|p1a: Y鸟|spe|1
|faint|p2a: Marshadow
|-damage|p1a: Y鸟|31/100|[from] item: Life Orb
|
|upkeep
|
|t:|1664637770
|switch|p2a: Arceus|Arceus|88/100
|-damage|p2a: Arceus|76/100|[from] Stealth Rock
|turn|9
|
|t:|1664637772
|move|p2a: Arceus|Extreme Speed|p1a: Y鸟
|-damage|p1a: Y鸟|8/100
|-damage|p2a: Arceus|66/100|[from] item: Life Orb
|move|p1a: Y鸟|Max Darkness|p2a: Arceus
|-damage|p2a: Arceus|0 fnt
|faint|p2a: Arceus
|-damage|p1a: Y鸟|3/100|[from] item: Life Orb
|
|win|CLEAR GEM清瑜
|raw|CLEAR GEM清瑜's rating: 1826 &rarr; <strong>1855</strong><br />(+29 for winning)
|raw|Apprenti Buck's rating: 1990 &rarr; <strong>1961</strong><br />(-29 for losing)
|l|‽Apprenti Buck
||Ladder isn't responding, score probably updated but might not have (Request timeout).
