|j|☆CLEAR GEM清瑜
|j|☆defame TV
|t:|1661785214
|gametype|singles
|player|p1|CLEAR GEM清瑜|skierf|1795
|player|p2|defame TV|hilbert-wonderlauncher|1718
|teamsize|p1|6
|teamsize|p2|6
|gen|8
|tier|[Gen 8] National Dex AG
|rated|
|rule|HP Percentage Mod: HP is shown in percentages
|rule|Endless Battle Clause: Forcing endless battles is banned
|clearpoke
|poke|p1|Rayquaza|
|poke|p1|Groudon|
|poke|p1|Necrozma-Dusk-Mane|
|poke|p1|Arceus-*|
|poke|p1|Arceus-*|
|poke|p1|Arceus-*|
|poke|p2|Excadrill, M|
|poke|p2|Rayquaza|
|poke|p2|Yveltal|
|poke|p2|Arceus-*|
|poke|p2|Marshadow|
|poke|p2|Regieleki|
|teampreview
|inactive|Battle timer is ON: inactive players will automatically lose when time's up. (requested by CLEAR GEM清瑜)
|
|t:|1661785227
|start
|switch|p1a: 究极辅助|Arceus-Dark|100/100
|switch|p2a: Arceus|Arceus-Electric|100/100
|turn|1
|
|t:|1661785232
|move|p2a: Arceus|Toxic|p1a: 究极辅助|[miss]
|-miss|p2a: Arceus|p1a: 究极辅助
|move|p1a: 究极辅助|Judgment|p2a: Arceus
|-damage|p2a: Arceus|61/100
|
|upkeep
|turn|2
|
|t:|1661785237
|move|p1a: 究极辅助|Magic Coat|p1a: 究极辅助
|-singleturn|p1a: 究极辅助|move: Magic Coat
|move|p2a: Arceus|Toxic|p1a: 究极辅助
|move|p1a: 究极辅助|Toxic|p2a: Arceus|[from]Magic Coat
|-status|p2a: Arceus|tox
|
|-damage|p2a: Arceus|55/100 tox|[from] psn
|upkeep
|turn|3
|
|t:|1661785244
|switch|p1a: 钢铁之躯|Necrozma-Dusk-Mane|100/100
|move|p2a: Arceus|Toxic|p1a: 钢铁之躯
|-immune|p1a: 钢铁之躯
|
|-damage|p2a: Arceus|43/100 tox|[from] psn
|upkeep
|turn|4
|
|t:|1661785251
|switch|p2a: Excadrill|Excadrill, M, shiny|100/100
|-ability|p2a: Excadrill|Mold Breaker
|move|p1a: 钢铁之躯|Photon Geyser|p2a: Excadrill
|-resisted|p2a: Excadrill
|-damage|p2a: Excadrill|56/100
|
|upkeep
|turn|5
|
|t:|1661785262
|move|p2a: Excadrill|Stealth Rock|p1a: 钢铁之躯
|-sidestart|p1: CLEAR GEM清瑜|move: Stealth Rock
|move|p1a: 钢铁之躯|Earthquake|p2a: Excadrill
|-supereffective|p2a: Excadrill
|-damage|p2a: Excadrill|0 fnt
|faint|p2a: Excadrill
|
|upkeep
|
|t:|1661785268
|switch|p2a: Yveltal|Yveltal, shiny|100/100
|-ability|p2a: Yveltal|Dark Aura
|turn|6
|
|t:|1661785278
|detailschange|p1a: 钢铁之躯|Necrozma-Ultra
|-burst|p1a: 钢铁之躯|Necrozma|Ultranecrozium Z
|move|p2a: Yveltal|Toxic|p1a: 钢铁之躯
|-status|p1a: 钢铁之躯|tox
|move|p1a: 钢铁之躯|Stone Edge|p2a: Yveltal
|-supereffective|p2a: Yveltal
|-damage|p2a: Yveltal|0 fnt
|faint|p2a: Yveltal
|
|-damage|p1a: 钢铁之躯|94/100 tox|[from] psn
|upkeep
|
|t:|1661785289
|switch|p2a: Marshadow|Marshadow|100/100
|turn|7
|
|t:|1661785292
|move|p2a: Marshadow|Shadow Sneak|p1a: 钢铁之躯
|-supereffective|p1a: 钢铁之躯
|-damage|p1a: 钢铁之躯|28/100 tox
|-damage|p2a: Marshadow|91/100|[from] item: Life Orb
|-zpower|p1a: 钢铁之躯
|move|p1a: 钢铁之躯|Light That Burns the Sky|p2a: Marshadow|[zeffect]
|-supereffective|p2a: Marshadow
|-damage|p2a: Marshadow|0 fnt
|faint|p2a: Marshadow
|
|-damage|p1a: 钢铁之躯|16/100 tox|[from] psn
|upkeep
|
|t:|1661785303
|switch|p2a: Rayquaza|Rayquaza|100/100
|-ability|p2a: Rayquaza|Air Lock
|turn|8
|
|t:|1661785308
|detailschange|p2a: Rayquaza|Rayquaza-Mega
|-mega|p2a: Rayquaza|Rayquaza|
|-weather|DeltaStream|[from] ability: Delta Stream|[of] p2a: Rayquaza
|move|p2a: Rayquaza|Extreme Speed|p1a: 钢铁之躯
|-damage|p1a: 钢铁之躯|0 fnt
|faint|p1a: 钢铁之躯
|
|-weather|DeltaStream|[upkeep]
|upkeep
|
|t:|1661785314
|switch|p1a: 乱杀P古|Arceus-Ground|100/100
|-damage|p1a: 乱杀P古|94/100|[from] Stealth Rock
|turn|9
|
|t:|1661785320
|move|p2a: Rayquaza|Dragon Ascent|p1a: 乱杀P古
|-damage|p1a: 乱杀P古|41/100
|-unboost|p2a: Rayquaza|def|1
|-unboost|p2a: Rayquaza|spd|1
|move|p1a: 乱杀P古|Ice Beam|p2a: Rayquaza
|-activate||deltastream
|-supereffective|p2a: Rayquaza
|-damage|p2a: Rayquaza|7/100
|
|-weather|DeltaStream|[upkeep]
|upkeep
|turn|10
|
|t:|1661785327
|move|p2a: Rayquaza|Dragon Ascent|p1a: 乱杀P古
|-damage|p1a: 乱杀P古|0 fnt
|-unboost|p2a: Rayquaza|def|1
|-unboost|p2a: Rayquaza|spd|1
|faint|p1a: 乱杀P古
|
|-weather|DeltaStream|[upkeep]
|upkeep
|
|t:|1661785330
|switch|p1a: 烈龙无敌|Rayquaza, shiny|100/100
|-damage|p1a: 烈龙无敌|76/100|[from] Stealth Rock
|-ability|p1a: 烈龙无敌|Air Lock
|turn|11
|
|t:|1661785339
|detailschange|p1a: 烈龙无敌|Rayquaza-Mega, shiny
|-mega|p1a: 烈龙无敌|Rayquaza|
|move|p2a: Rayquaza|Extreme Speed|p1a: 烈龙无敌
|-damage|p1a: 烈龙无敌|42/100
|move|p1a: 烈龙无敌|Dragon Dance|p1a: 烈龙无敌
|-boost|p1a: 烈龙无敌|atk|1
|-boost|p1a: 烈龙无敌|spe|1
|
|-weather|DeltaStream|[upkeep]
|upkeep
|turn|12
|
|t:|1661785346
|move|p1a: 烈龙无敌|Extreme Speed|p2a: Rayquaza
|-damage|p2a: Rayquaza|0 fnt
|faint|p2a: Rayquaza
|
|-weather|DeltaStream|[upkeep]
|upkeep
|
|t:|1661785351
|switch|p2a: Regieleki|Regieleki, shiny|100/100
|turn|13
|
|t:|1661785357
|-start|p2a: Regieleki|Dynamax|
|-heal|p2a: Regieleki|100/100|[silent]
|move|p1a: 烈龙无敌|Extreme Speed|p2a: Regieleki
|-damage|p2a: Regieleki|44/100
|move|p2a: Regieleki|Max Strike|p1a: 烈龙无敌
|-damage|p1a: 烈龙无敌|0 fnt
|faint|p1a: 烈龙无敌
|-weather|none
|-damage|p2a: Regieleki|39/100|[from] item: Life Orb
|
|upkeep
|
|t:|1661785370
|switch|p1a: 究极辅助|Arceus-Dark|100/100
|-damage|p1a: 究极辅助|88/100|[from] Stealth Rock
|turn|14
|
|t:|1661785374
|-start|p1a: 究极辅助|Dynamax|
|-heal|p1a: 究极辅助|88/100|[silent]
|move|p2a: Regieleki|Max Lightning|p1a: 究极辅助
|-damage|p1a: 究极辅助|45/100
|-fieldstart|move: Electric Terrain
|-damage|p2a: Regieleki|34/100|[from] item: Life Orb
|move|p1a: 究极辅助|Max Darkness|p2a: Regieleki
|-damage|p2a: Regieleki|0 fnt
|faint|p2a: Regieleki
|
|upkeep
|-message|defame TV forfeited.
|
|win|CLEAR GEM清瑜
|raw|CLEAR GEM清瑜's rating: 1795 &rarr; <strong>1811</strong><br />(+16 for winning)
|raw|defame TV's rating: 1718 &rarr; <strong>1702</strong><br />(-16 for losing)
|l|☆defame TV
||Ladder isn't responding, score probably updated but might not have (Request timeout).
