|j|☆TaxFraud094
|j|☆LocalMetagross
|t:|1666396233
|gametype|singles
|player|p1|TaxFraud094|skyla-masters2|
|player|p2|LocalMetagross|akari|
|teamsize|p1|6
|teamsize|p2|6
|gen|8
|tier|[Gen 8] National Dex AG
|rule|HP Percentage Mod: HP is shown in percentages
|rule|Endless Battle Clause: Forcing endless battles is banned
|clearpoke
|poke|p1|Salamence, M|
|poke|p1|Magnezone|
|poke|p1|Dragonite, F|
|poke|p1|Weavile, M|
|poke|p1|Slowbro, F|
|poke|p1|Ditto|
|poke|p2|Salamence, M|
|poke|p2|Dracovish|
|poke|p2|Cinderace, F|
|poke|p2|Blissey, F|
|poke|p2|Dragapult, M|
|poke|p2|Ferrothorn, M|
|teampreview
|inactive|Battle timer is ON: inactive players will automatically lose when time's up. (requested by LocalMetagross)
|inactive|TaxFraud094 also wants the timer to be on.
|c|☆LocalMetagross|hf
|c|☆TaxFraud094|glhf
|
|t:|1666396245
|start
|switch|p1a: Salamence|Salamence, M|100/100
|switch|p2a: Salamence|Salamence, M|100/100
|-ability|p2a: Salamence|Intimidate|boost
|-unboost|p1a: Salamence|atk|1
|-ability|p1a: Salamence|Intimidate|boost
|-unboost|p2a: Salamence|atk|1
|turn|1
|
|t:|1666396272
|switch|p1a: Weavile|Weavile, M|100/100
|-ability|p1a: Weavile|Pressure
|detailschange|p2a: Salamence|Salamence-Mega, M
|-mega|p2a: Salamence|Salamence|Salamencite
|move|p2a: Salamence|Substitute|p2a: Salamence
|-start|p2a: Salamence|Substitute
|-damage|p2a: Salamence|76/100
|
|upkeep
|turn|2
|j| Pikaslayer2022
|
|t:|1666396282
|switch|p2a: Ferrothorn|Ferrothorn, M|100/100
|move|p1a: Weavile|Triple Axel|p2a: Ferrothorn
|-damage|p2a: Ferrothorn|92/100
|-damage|p1a: Weavile|88/100|[from] ability: Iron Barbs|[of] p2a: Ferrothorn
|-damage|p2a: Ferrothorn|74/100
|-damage|p1a: Weavile|76/100|[from] ability: Iron Barbs|[of] p2a: Ferrothorn
|-damage|p2a: Ferrothorn|46/100
|-damage|p1a: Weavile|63/100|[from] ability: Iron Barbs|[of] p2a: Ferrothorn
|-hitcount|p2a: Ferrothorn|3
|
|-heal|p2a: Ferrothorn|52/100|[from] item: Leftovers
|upkeep
|turn|3
|
|t:|1666396290
|move|p1a: Weavile|Triple Axel|p2a: Ferrothorn
|-damage|p2a: Ferrothorn|44/100
|-damage|p1a: Weavile|51/100|[from] ability: Iron Barbs|[of] p2a: Ferrothorn
|-damage|p2a: Ferrothorn|27/100
|-damage|p1a: Weavile|38/100|[from] ability: Iron Barbs|[of] p2a: Ferrothorn
|-damage|p2a: Ferrothorn|3/100
|-damage|p1a: Weavile|26/100|[from] ability: Iron Barbs|[of] p2a: Ferrothorn
|-hitcount|p2a: Ferrothorn|3
|move|p2a: Ferrothorn|Leech Seed|p1a: Weavile|[miss]
|-miss|p2a: Ferrothorn|p1a: Weavile
|
|-heal|p2a: Ferrothorn|10/100|[from] item: Leftovers
|upkeep
|turn|4
|c|☆LocalMetagross|hax
|
|t:|1666396314
|switch|p1a: Slowbro|Slowbro, F|100/100
|move|p2a: Ferrothorn|Spikes|p1a: Slowbro
|-sidestart|p1: TaxFraud094|Spikes
|
|-heal|p2a: Ferrothorn|16/100|[from] item: Leftovers
|upkeep
|turn|5
|
|t:|1666396321
|move|p2a: Ferrothorn|Knock Off|p1a: Slowbro
|-supereffective|p1a: Slowbro
|-damage|p1a: Slowbro|78/100
|-enditem|p1a: Slowbro|Heavy-Duty Boots|[from] move: Knock Off|[of] p2a: Ferrothorn
|move|p1a: Slowbro|Teleport|p1a: Slowbro
|
|t:|1666396324
|switch|p1a: Salamence|Salamence, M|100/100|[from]move: Teleport
|-ability|p1a: Salamence|Intimidate|boost
|-unboost|p2a: Ferrothorn|atk|1
|
|-heal|p2a: Ferrothorn|22/100|[from] item: Leftovers
|upkeep
|turn|6
|
|t:|1666396332
|switch|p2a: Salamence|Salamence-Mega, M|76/100
|move|p1a: Salamence|Substitute|p1a: Salamence
|-start|p1a: Salamence|Substitute
|-damage|p1a: Salamence|76/100
|
|upkeep
|turn|7
|
|t:|1666396344
|move|p2a: Salamence|Substitute|p2a: Salamence
|-start|p2a: Salamence|Substitute
|-damage|p2a: Salamence|51/100
|move|p1a: Salamence|Dragon Dance|p1a: Salamence
|-boost|p1a: Salamence|atk|1
|-boost|p1a: Salamence|spe|1
|
|upkeep
|turn|8
|
|t:|1666396349
|detailschange|p1a: Salamence|Salamence-Mega, M
|-mega|p1a: Salamence|Salamence|Salamencite
|move|p1a: Salamence|Frustration|p2a: Salamence
|-end|p2a: Salamence|Substitute
|move|p2a: Salamence|Dragon Dance|p2a: Salamence
|-boost|p2a: Salamence|atk|1
|-boost|p2a: Salamence|spe|1
|
|upkeep
|turn|9
|
|t:|1666396360
|move|p2a: Salamence|Roost|p2a: Salamence
|-heal|p2a: Salamence|100/100
|-singleturn|p2a: Salamence|move: Roost
|move|p1a: Salamence|Dragon Dance|p1a: Salamence
|-boost|p1a: Salamence|atk|1
|-boost|p1a: Salamence|spe|1
|
|upkeep
|turn|10
|c|☆TaxFraud094|gg
|
|t:|1666396365
|move|p1a: Salamence|Frustration|p2a: Salamence
|-damage|p2a: Salamence|0 fnt
|faint|p2a: Salamence
|
|upkeep
|c|☆LocalMetagross|gg
|-message|LocalMetagross forfeited.
|
|win|TaxFraud094
|c|☆TaxFraud094|mmence is fine
|c|☆LocalMetagross|real
