|j|☆Buckfromgothamcity
|j|☆DarkboiJ
|t:|1667387627
|gametype|singles
|player|p1|Buckfromgothamcity|169|2103
|player|p2|DarkboiJ|blue-gen3two|2017
|teamsize|p1|6
|teamsize|p2|6
|gen|8
|tier|[Gen 8] National Dex AG
|rated|
|rule|HP Percentage Mod: HP is shown in percentages
|rule|Endless Battle Clause: Forcing endless battles is banned
|clearpoke
|poke|p1|Ho-Oh|
|poke|p1|Zygarde|
|poke|p1|Necrozma-Dusk-Mane|
|poke|p1|Yveltal|
|poke|p1|Chansey, F|
|poke|p1|Arceus-*|
|poke|p2|Eternatus|
|poke|p2|Darkrai|
|poke|p2|Arceus-*|
|poke|p2|Ditto|
|poke|p2|Necrozma-Dusk-Mane|
|poke|p2|Arceus-*|
|teampreview
|inactive|Battle timer is ON: inactive players will automatically lose when time's up. (requested by DarkboiJ)
|
|t:|1667387643
|start
|switch|p1a: Necrozma|Necrozma-Dusk-Mane|100/100
|switch|p2a: Necrozma|Necrozma-Dusk-Mane|100/100
|turn|1
|
|t:|1667387646
|move|p2a: Necrozma|Stealth Rock|p1a: Necrozma
|-sidestart|p1: Buckfromgothamcity|move: Stealth Rock
|move|p1a: Necrozma|Stealth Rock|p2a: Necrozma
|-sidestart|p2: DarkboiJ|move: Stealth Rock
|
|upkeep
|turn|2
|
|t:|1667387656
|switch|p2a: Eternatus|Eternatus|100/100
|-damage|p2a: Eternatus|88/100|[from] Stealth Rock
|-ability|p2a: Eternatus|Pressure
|move|p1a: Necrozma|Knock Off|p2a: Eternatus
|-damage|p2a: Eternatus|62/100
|-enditem|p2a: Eternatus|Black Sludge|[from] move: Knock Off|[of] p1a: Necrozma
|
|upkeep
|turn|3
|
|t:|1667387661
|switch|p1a: Ho-Oh|Ho-Oh|100/100
|move|p2a: Eternatus|Cosmic Power|p2a: Eternatus
|-boost|p2a: Eternatus|def|1
|-boost|p2a: Eternatus|spd|1
|
|upkeep
|turn|4
|
|t:|1667387664
|move|p2a: Eternatus|Sludge Bomb|p1a: Ho-Oh
|-damage|p1a: Ho-Oh|75/100
|-status|p1a: Ho-Oh|psn
|move|p1a: Ho-Oh|Thunder Wave|p2a: Eternatus
|-status|p2a: Eternatus|par
|
|-damage|p1a: Ho-Oh|62/100 psn|[from] psn
|upkeep
|turn|5
|
|t:|1667387675
|move|p1a: Ho-Oh|Brave Bird|p2a: Eternatus
|-damage|p2a: Eternatus|30/100 par
|-damage|p1a: Ho-Oh|50/100 psn|[from] Recoil
|move|p2a: Eternatus|Recover|p2a: Eternatus
|-heal|p2a: Eternatus|80/100 par
|
|-damage|p1a: Ho-Oh|38/100 psn|[from] psn
|upkeep
|turn|6
|
|t:|1667387684
|switch|p1a: Necrozma|Necrozma-Dusk-Mane|100/100
|-damage|p1a: Necrozma|94/100|[from] Stealth Rock
|move|p2a: Eternatus|Cosmic Power|p2a: Eternatus
|-boost|p2a: Eternatus|def|1
|-boost|p2a: Eternatus|spd|1
|
|upkeep
|turn|7
|
|t:|1667387687
|switch|p1a: Ho-Oh|Ho-Oh|71/100 psn
|cant|p2a: Eternatus|par
|
|-damage|p1a: Ho-Oh|59/100 psn|[from] psn
|upkeep
|turn|8
|
|t:|1667387690
|switch|p1a: Necrozma|Necrozma-Dusk-Mane|94/100
|-damage|p1a: Necrozma|88/100|[from] Stealth Rock
|move|p2a: Eternatus|Cosmic Power|p2a: Eternatus
|-boost|p2a: Eternatus|def|1
|-boost|p2a: Eternatus|spd|1
|
|upkeep
|turn|9
|
|t:|1667387693
|switch|p1a: Chansey|Chansey, F|100/100
|-damage|p1a: Chansey|88/100|[from] Stealth Rock
|move|p2a: Eternatus|Cosmic Power|p2a: Eternatus
|-boost|p2a: Eternatus|def|1
|-boost|p2a: Eternatus|spd|1
|
|upkeep
|turn|10
|
|t:|1667387696
|switch|p2a: Ditto|Ditto|100/100
|-damage|p2a: Ditto|88/100|[from] Stealth Rock
|-transform|p2a: Ditto|p1a: Chansey|[from] ability: Imposter
|move|p1a: Chansey|Aromatherapy|p1a: Chansey
|-activate|p1a: Chansey|move: Aromatherapy
|-curestatus|p1: Ho-Oh|psn|[msg]
|
|upkeep
|turn|11
|
|t:|1667387703
|switch|p1a: Ho-Oh|Ho-Oh|92/100
|move|p2a: Ditto|Aromatherapy|p2a: Ditto
|-activate|p2a: Ditto|move: Aromatherapy
|-curestatus|p2: Eternatus|par|[msg]
|
|upkeep
|turn|12
|
|t:|1667387716
|switch|p2a: Necrozma|Necrozma-Dusk-Mane|100/100
|-damage|p2a: Necrozma|94/100|[from] Stealth Rock
|move|p1a: Ho-Oh|Sacred Fire|p2a: Necrozma
|-supereffective|p2a: Necrozma
|-damage|p2a: Necrozma|50/100
|-status|p2a: Necrozma|brn
|
|-damage|p2a: Necrozma|44/100 brn|[from] brn
|upkeep
|turn|13
|
|t:|1667387722
|move|p1a: Ho-Oh|Sacred Fire|p2a: Necrozma
|-supereffective|p2a: Necrozma
|-damage|p2a: Necrozma|3/100 brn
|move|p2a: Necrozma|Toxic|p1a: Ho-Oh
|-status|p1a: Ho-Oh|tox
|
|-damage|p1a: Ho-Oh|86/100 tox|[from] psn
|-damage|p2a: Necrozma|0 fnt|[from] brn
|faint|p2a: Necrozma
|upkeep
|
|t:|1667387729
|switch|p2a: Arceus|Arceus|100/100
|-damage|p2a: Arceus|88/100|[from] Stealth Rock
|turn|14
|
|t:|1667387735
|switch|p1a: Zygarde|Zygarde|100/100
|-damage|p1a: Zygarde|94/100|[from] Stealth Rock
|move|p2a: Arceus|Swords Dance|p2a: Arceus
|-boost|p2a: Arceus|atk|2
|
|upkeep
|turn|15
|
|t:|1667387742
|switch|p2a: Darkrai|Darkrai|100/100
|-damage|p2a: Darkrai|88/100|[from] Stealth Rock
|move|p1a: Zygarde|Haze|p1a: Zygarde
|-clearallboost
|
|-heal|p2a: Darkrai|94/100|[from] item: Leftovers
|upkeep
|turn|16
|
|t:|1667387744
|switch|p1a: Arceus|Arceus-Fairy|100/100
|-damage|p1a: Arceus|88/100|[from] Stealth Rock
|move|p2a: Darkrai|Substitute|p2a: Darkrai
|-start|p2a: Darkrai|Substitute
|-damage|p2a: Darkrai|69/100
|
|-heal|p2a: Darkrai|75/100|[from] item: Leftovers
|upkeep
|turn|17
|
|t:|1667387747
|switch|p1a: Ho-Oh|Ho-Oh|100/100 tox
|move|p2a: Darkrai|Hypnosis||[still]
|-fail|p2a: Darkrai
|
|-heal|p2a: Darkrai|81/100|[from] item: Leftovers
|-damage|p1a: Ho-Oh|94/100 tox|[from] psn
|upkeep
|turn|18
|
|t:|1667387751
|move|p2a: Darkrai|Dark Pulse|p1a: Ho-Oh
|-damage|p1a: Ho-Oh|70/100 tox
|move|p1a: Ho-Oh|Brave Bird|p2a: Darkrai
|-end|p2a: Darkrai|Substitute
|-damage|p1a: Ho-Oh|64/100 tox|[from] Recoil|[of] p2a: Darkrai
|
|-heal|p2a: Darkrai|87/100|[from] item: Leftovers
|-damage|p1a: Ho-Oh|52/100 tox|[from] psn
|upkeep
|turn|19
|
|t:|1667387764
|move|p2a: Darkrai|Substitute|p2a: Darkrai
|-start|p2a: Darkrai|Substitute
|-damage|p2a: Darkrai|62/100
|move|p1a: Ho-Oh|Sacred Fire|p2a: Darkrai
|-end|p2a: Darkrai|Substitute
|
|-heal|p2a: Darkrai|68/100|[from] item: Leftovers
|-damage|p1a: Ho-Oh|34/100 tox|[from] psn
|upkeep
|turn|20
|
|t:|1667387778
|switch|p1a: Chansey|Chansey, F|88/100
|-damage|p1a: Chansey|76/100|[from] Stealth Rock
|move|p2a: Darkrai|Substitute|p2a: Darkrai
|-start|p2a: Darkrai|Substitute
|-damage|p2a: Darkrai|44/100
|
|-heal|p2a: Darkrai|50/100|[from] item: Leftovers
|upkeep
|turn|21
|
|t:|1667387786
|switch|p1a: Ho-Oh|Ho-Oh|67/100 tox
|move|p2a: Darkrai|Nasty Plot|p2a: Darkrai
|-boost|p2a: Darkrai|spa|2
|
|-heal|p2a: Darkrai|56/100|[from] item: Leftovers
|-damage|p1a: Ho-Oh|61/100 tox|[from] psn
|upkeep
|turn|22
|
|t:|1667387793
|-start|p1a: Ho-Oh|Dynamax|
|-heal|p1a: Ho-Oh|61/100 tox|[silent]
|move|p2a: Darkrai|Dark Pulse|p1a: Ho-Oh
|-damage|p1a: Ho-Oh|37/100 tox
|move|p1a: Ho-Oh|Max Airstream|p2a: Darkrai
|-end|p2a: Darkrai|Substitute
|-boost|p1a: Ho-Oh|spe|1
|
|-heal|p2a: Darkrai|62/100|[from] item: Leftovers
|-damage|p1a: Ho-Oh|31/100 tox|[from] psn
|upkeep
|turn|23
|
|t:|1667387811
|switch|p2a: Arceus|Arceus-Fairy|100/100
|-damage|p2a: Arceus|88/100|[from] Stealth Rock
|move|p1a: Ho-Oh|Max Airstream|p2a: Arceus
|-damage|p2a: Arceus|32/100
|-boost|p1a: Ho-Oh|spe|1
|
|-damage|p1a: Ho-Oh|22/100 tox|[from] psn
|upkeep
|turn|24
|
|t:|1667387825
|move|p1a: Ho-Oh|Max Airstream|p2a: Arceus
|-damage|p2a: Arceus|0 fnt
|-boost|p1a: Ho-Oh|spe|1
|faint|p2a: Arceus
|
|-damage|p1a: Ho-Oh|10/100 tox|[from] psn
|upkeep
|
|t:|1667387830
|switch|p2a: Arceus|Arceus|88/100
|-damage|p2a: Arceus|76/100|[from] Stealth Rock
|-end|p1a: Ho-Oh|Dynamax
|-heal|p1a: Ho-Oh|10/100 tox|[silent]
|turn|25
|
|t:|1667387844
|switch|p1a: Zygarde|Zygarde|94/100
|-damage|p1a: Zygarde|88/100|[from] Stealth Rock
|move|p2a: Arceus|Swords Dance|p2a: Arceus
|-boost|p2a: Arceus|atk|2
|
|upkeep
|turn|26
|
|t:|1667387848
|-start|p2a: Arceus|Dynamax|
|-heal|p2a: Arceus|76/100|[silent]
|move|p2a: Arceus|Max Strike|p1a: Zygarde
|-damage|p1a: Zygarde|13/100
|-unboost|p1a: Zygarde|spe|1
|move|p1a: Zygarde|Haze|p1a: Zygarde
|-clearallboost
|
|-activate|p1a: Zygarde|ability: Power Construct
|detailschange|p1a: Zygarde|Zygarde-Complete
|-heal|p1a: Zygarde|43/100|[silent]
|upkeep
|turn|27
|
|t:|1667387858
|switch|p1a: Arceus|Arceus-Fairy|88/100
|-damage|p1a: Arceus|76/100|[from] Stealth Rock
|move|p2a: Arceus|Max Phantasm|p1a: Arceus
|-damage|p1a: Arceus|55/100
|-unboost|p1a: Arceus|def|1
|
|upkeep
|turn|28
|
|t:|1667387862
|switch|p1a: Necrozma|Necrozma-Dusk-Mane|88/100
|-damage|p1a: Necrozma|82/100|[from] Stealth Rock
|move|p2a: Arceus|Max Strike|p1a: Necrozma
|-resisted|p1a: Necrozma
|-damage|p1a: Necrozma|64/100
|-unboost|p1a: Necrozma|spe|1
|
|upkeep
|-end|p2a: Arceus|Dynamax
|-heal|p2a: Arceus|76/100|[silent]
|turn|29
|
|t:|1667387870
|switch|p1a: Yveltal|Yveltal|100/100
|-ability|p1a: Yveltal|Dark Aura
|move|p2a: Arceus|Swords Dance|p2a: Arceus
|-boost|p2a: Arceus|atk|2
|
|upkeep
|turn|30
|
|t:|1667387874
|switch|p2a: Eternatus|Eternatus|80/100
|-damage|p2a: Eternatus|67/100|[from] Stealth Rock
|-ability|p2a: Eternatus|Pressure
|move|p1a: Yveltal|Foul Play|p2a: Eternatus
|-damage|p2a: Eternatus|46/100
|
|upkeep
|turn|31
|
|t:|1667387879
|switch|p1a: Ho-Oh|Ho-Oh|43/100 tox
|move|p2a: Eternatus|Recover|p2a: Eternatus
|-heal|p2a: Eternatus|96/100
|
|-damage|p1a: Ho-Oh|37/100 tox|[from] psn
|upkeep
|turn|32
|
|t:|1667387884
|switch|p2a: Darkrai|Darkrai|62/100
|-damage|p2a: Darkrai|49/100|[from] Stealth Rock
|switch|p1a: Chansey|Chansey, F|76/100
|-damage|p1a: Chansey|63/100|[from] Stealth Rock
|
|-heal|p2a: Darkrai|55/100|[from] item: Leftovers
|upkeep
|turn|33
|
|t:|1667387893
|move|p2a: Darkrai|Substitute|p2a: Darkrai
|-start|p2a: Darkrai|Substitute
|-damage|p2a: Darkrai|30/100
|move|p1a: Chansey|Seismic Toss|p2a: Darkrai
|-end|p2a: Darkrai|Substitute
|
|-heal|p2a: Darkrai|36/100|[from] item: Leftovers
|upkeep
|turn|34
|
|t:|1667387896
|switch|p1a: Ho-Oh|Ho-Oh|70/100 tox
|move|p2a: Darkrai|Hypnosis||[still]
|-fail|p2a: Darkrai
|
|-heal|p2a: Darkrai|42/100|[from] item: Leftovers
|-damage|p1a: Ho-Oh|64/100 tox|[from] psn
|upkeep
|turn|35
|
|t:|1667387903
|switch|p2a: Eternatus|Eternatus|96/100
|-damage|p2a: Eternatus|84/100|[from] Stealth Rock
|-ability|p2a: Eternatus|Pressure
|move|p1a: Ho-Oh|Sacred Fire|p2a: Eternatus
|-resisted|p2a: Eternatus
|-damage|p2a: Eternatus|61/100
|-status|p2a: Eternatus|brn
|
|-damage|p1a: Ho-Oh|52/100 tox|[from] psn
|-damage|p2a: Eternatus|55/100 brn|[from] brn
|upkeep
|turn|36
|
|t:|1667387908
|switch|p1a: Chansey|Chansey, F|63/100
|-damage|p1a: Chansey|51/100|[from] Stealth Rock
|move|p2a: Eternatus|Recover|p2a: Eternatus
|-heal|p2a: Eternatus|100/100 brn
|
|-damage|p2a: Eternatus|94/100 brn|[from] brn
|upkeep
|turn|37
|
|t:|1667387914
|switch|p2a: Arceus|Arceus|76/100
|-damage|p2a: Arceus|63/100|[from] Stealth Rock
|move|p1a: Chansey|Soft-Boiled|p1a: Chansey
|-heal|p1a: Chansey|100/100
|
|upkeep
|turn|38
|
|t:|1667387918
|switch|p1a: Yveltal|Yveltal|100/100
|-ability|p1a: Yveltal|Dark Aura
|move|p2a: Arceus|Swords Dance|p2a: Arceus
|-boost|p2a: Arceus|atk|2
|
|upkeep
|turn|39
|
|t:|1667387925
|switch|p2a: Eternatus|Eternatus|94/100 brn
|-damage|p2a: Eternatus|82/100 brn|[from] Stealth Rock
|-ability|p2a: Eternatus|Pressure
|move|p1a: Yveltal|Foul Play|p2a: Eternatus
|-damage|p2a: Eternatus|61/100 brn
|
|-damage|p2a: Eternatus|54/100 brn|[from] brn
|upkeep
|turn|40
|
|t:|1667387930
|switch|p1a: Necrozma|Necrozma-Dusk-Mane|64/100
|-damage|p1a: Necrozma|58/100|[from] Stealth Rock
|move|p2a: Eternatus|Recover|p2a: Eternatus
|-heal|p2a: Eternatus|100/100 brn
|
|-damage|p2a: Eternatus|94/100 brn|[from] brn
|upkeep
|turn|41
|
|t:|1667387935
|switch|p2a: Arceus|Arceus|63/100
|-damage|p2a: Arceus|51/100|[from] Stealth Rock
|move|p1a: Necrozma|Morning Sun|p1a: Necrozma
|-heal|p1a: Necrozma|100/100
|
|upkeep
|turn|42
|
|t:|1667387939
|switch|p1a: Yveltal|Yveltal|100/100
|-ability|p1a: Yveltal|Dark Aura
|move|p2a: Arceus|Recover|p2a: Arceus
|-heal|p2a: Arceus|100/100
|
|upkeep
|turn|43
|
|t:|1667387942
|switch|p2a: Eternatus|Eternatus|94/100 brn
|-damage|p2a: Eternatus|82/100 brn|[from] Stealth Rock
|-ability|p2a: Eternatus|Pressure
|move|p1a: Yveltal|Foul Play|p2a: Eternatus
|-damage|p2a: Eternatus|60/100 brn
|
|-damage|p2a: Eternatus|53/100 brn|[from] brn
|upkeep
|turn|44
|
|t:|1667387944
|switch|p1a: Necrozma|Necrozma-Dusk-Mane|100/100
|-damage|p1a: Necrozma|94/100|[from] Stealth Rock
|move|p2a: Eternatus|Recover|p2a: Eternatus
|-heal|p2a: Eternatus|100/100 brn
|
|-damage|p2a: Eternatus|94/100 brn|[from] brn
|upkeep
|turn|45
|
|t:|1667387949
|move|p2a: Eternatus|Cosmic Power|p2a: Eternatus
|-boost|p2a: Eternatus|def|1
|-boost|p2a: Eternatus|spd|1
|move|p1a: Necrozma|Knock Off|p2a: Eternatus
|-damage|p2a: Eternatus|84/100 brn
|
|-damage|p2a: Eternatus|77/100 brn|[from] brn
|upkeep
|turn|46
|
|t:|1667387955
|switch|p1a: Chansey|Chansey, F|100/100
|-damage|p1a: Chansey|88/100|[from] Stealth Rock
|move|p2a: Eternatus|Cosmic Power|p2a: Eternatus
|-boost|p2a: Eternatus|def|1
|-boost|p2a: Eternatus|spd|1
|
|-damage|p2a: Eternatus|71/100 brn|[from] brn
|upkeep
|turn|47
|
|t:|1667387963
|switch|p2a: Darkrai|Darkrai|42/100
|-damage|p2a: Darkrai|30/100|[from] Stealth Rock
|switch|p1a: Ho-Oh|Ho-Oh|85/100 tox
|
|-heal|p2a: Darkrai|36/100|[from] item: Leftovers
|-damage|p1a: Ho-Oh|79/100 tox|[from] psn
|upkeep
|turn|48
|
|t:|1667387966
|switch|p2a: Eternatus|Eternatus|71/100 brn
|-damage|p2a: Eternatus|59/100 brn|[from] Stealth Rock
|-ability|p2a: Eternatus|Pressure
|move|p1a: Ho-Oh|Brave Bird|p2a: Eternatus
|-damage|p2a: Eternatus|4/100 brn
|-damage|p1a: Ho-Oh|58/100 tox|[from] Recoil
|
|-damage|p1a: Ho-Oh|46/100 tox|[from] psn
|-damage|p2a: Eternatus|0 fnt|[from] brn
|faint|p2a: Eternatus
|upkeep
|
|t:|1667387974
|switch|p2a: Arceus|Arceus|100/100
|-damage|p2a: Arceus|88/100|[from] Stealth Rock
|turn|49
|
|t:|1667387979
|switch|p1a: Yveltal|Yveltal|100/100
|-ability|p1a: Yveltal|Dark Aura
|move|p2a: Arceus|Swords Dance|p2a: Arceus
|-boost|p2a: Arceus|atk|2
|
|upkeep
|turn|50
|
|t:|1667387983
|move|p2a: Arceus|Extreme Speed|p1a: Yveltal
|-damage|p1a: Yveltal|35/100
|move|p1a: Yveltal|Foul Play|p2a: Arceus
|-crit|p2a: Arceus
|-damage|p2a: Arceus|0 fnt
|faint|p2a: Arceus
|
|upkeep
|
|t:|1667387987
|switch|p2a: Darkrai|Darkrai|36/100
|-damage|p2a: Darkrai|24/100|[from] Stealth Rock
|turn|51
|
|t:|1667387997
|move|p2a: Darkrai|Hypnosis|p1a: Yveltal
|-status|p1a: Yveltal|slp|[from] move: Hypnosis
|cant|p1a: Yveltal|slp
|
|-heal|p2a: Darkrai|30/100|[from] item: Leftovers
|-damage|p1a: Yveltal|23/100 slp|[from] ability: Bad Dreams|[of] p2a: Darkrai
|upkeep
|turn|52
|
|t:|1667388001
|switch|p1a: Ho-Oh|Ho-Oh|79/100 tox
|move|p2a: Darkrai|Nasty Plot|p2a: Darkrai
|-boost|p2a: Darkrai|spa|2
|
|-heal|p2a: Darkrai|36/100|[from] item: Leftovers
|-damage|p1a: Ho-Oh|73/100 tox|[from] psn
|upkeep
|turn|53
|
|t:|1667388007
|move|p2a: Darkrai|Substitute|p2a: Darkrai
|-start|p2a: Darkrai|Substitute
|-damage|p2a: Darkrai|11/100
|move|p1a: Ho-Oh|Brave Bird|p2a: Darkrai
|-end|p2a: Darkrai|Substitute
|-damage|p1a: Ho-Oh|68/100 tox|[from] Recoil|[of] p2a: Darkrai
|
|-heal|p2a: Darkrai|17/100|[from] item: Leftovers
|-damage|p1a: Ho-Oh|56/100 tox|[from] psn
|upkeep
|turn|54
|
|t:|1667388012
|switch|p1a: Yveltal|Yveltal|23/100 slp
|-ability|p1a: Yveltal|Dark Aura
|move|p2a: Darkrai|Dark Pulse|p1a: Yveltal
|-resisted|p1a: Yveltal
|-damage|p1a: Yveltal|0 fnt
|faint|p1a: Yveltal
|
|-heal|p2a: Darkrai|23/100|[from] item: Leftovers
|upkeep
|
|t:|1667388016
|switch|p1a: Ho-Oh|Ho-Oh|89/100 tox
|turn|55
|
|t:|1667388019
|move|p2a: Darkrai|Dark Pulse|p1a: Ho-Oh
|-damage|p1a: Ho-Oh|44/100 tox
|move|p1a: Ho-Oh|Brave Bird|p2a: Darkrai
|-damage|p2a: Darkrai|0 fnt
|faint|p2a: Darkrai
|-damage|p1a: Ho-Oh|39/100 tox|[from] Recoil
|
|-damage|p1a: Ho-Oh|32/100 tox|[from] psn
|upkeep
|
|t:|1667388027
|switch|p2a: Ditto|Ditto|88/100
|-damage|p2a: Ditto|76/100|[from] Stealth Rock
|-transform|p2a: Ditto|p1a: Ho-Oh|[from] ability: Imposter
|turn|56
|-message|DarkboiJ forfeited.
|
|win|Buckfromgothamcity
|raw|Buckfromgothamcity's rating: 2103 &rarr; <strong>2118</strong><br />(+15 for winning)
|raw|DarkboiJ's rating: 2017 &rarr; <strong>2002</strong><br />(-15 for losing)
|c|☆Buckfromgothamcity|Ggwp
|l|☆DarkboiJ
||Ladder isn't responding, score probably updated but might not have (Request timeout).
