|j|☆ThyKingCharles
|j|☆rowletroost
|t:|1637185806
|gametype|singles
|player|p1|ThyKingCharles|zinnia|1799
|player|p2|rowletroost|candice|1709
|teamsize|p1|6
|teamsize|p2|6
|gen|8
|tier|[Gen 8] National Dex AG
|rated|
|rule|HP Percentage Mod: HP is shown in percentages
|rule|Endless Battle Clause: Forcing endless battles is banned
|clearpoke
|poke|p1|Rayquaza|
|poke|p1|Arceus-*|
|poke|p1|Yveltal|
|poke|p1|Zacian-*|
|poke|p1|Necrozma-Dusk-Mane|
|poke|p1|Marshadow|
|poke|p2|Arceus-*|
|poke|p2|Xerneas-*|
|poke|p2|Kyogre|
|poke|p2|Marshadow|
|poke|p2|Ribombee, F|
|poke|p2|Vivillon-Savanna, M|
|teampreview
|inactive|Battle timer is ON: inactive players will automatically lose when time's up. (requested by rowletroost)
|j| Dratini&2electrode
|
|t:|1637185815
|start
|switch|p1a: Zacian|Zacian-Crowned|100/100
|switch|p2a: Arceus|Arceus-Ground|100/100
|-ability|p1a: Zacian|Intrepid Sword|boost
|-boost|p1a: Zacian|atk|1
|turn|1
|
|t:|1637185831
|move|p1a: Zacian|Behemoth Blade|p2a: Arceus
|-damage|p2a: Arceus|52/100
|move|p2a: Arceus|Ice Beam|p1a: Zacian
|-resisted|p1a: Zacian
|-damage|p1a: Zacian|90/100
|
|upkeep
|turn|2
|
|t:|1637185834
|move|p1a: Zacian|Behemoth Blade|p2a: Arceus
|-damage|p2a: Arceus|7/100
|move|p2a: Arceus|Judgment|p1a: Zacian
|-supereffective|p1a: Zacian
|-damage|p1a: Zacian|0 fnt
|faint|p1a: Zacian
|
|upkeep
|
|t:|1637185840
|switch|p1a: Arceus|Arceus|100/100
|turn|3
|
|t:|1637185842
|switch|p2a: Marshadow|Marshadow|100/100
|move|p1a: Arceus|Swords Dance|p1a: Arceus
|-boost|p1a: Arceus|atk|2
|
|upkeep
|turn|4
|
|t:|1637185844
|move|p2a: Marshadow|Close Combat|p1a: Arceus
|-supereffective|p1a: Arceus
|-enditem|p1a: Arceus|Chople Berry|[eat]
|-enditem|p1a: Arceus|Chople Berry|[weaken]
|-damage|p1a: Arceus|61/100
|-unboost|p2a: Marshadow|def|1
|-unboost|p2a: Marshadow|spd|1
|move|p1a: Arceus|Shadow Claw|p2a: Marshadow
|-supereffective|p2a: Marshadow
|-enditem|p2a: Marshadow|Focus Sash
|-damage|p2a: Marshadow|1/100
|
|upkeep
|turn|5
|
|t:|1637185847
|switch|p1a: Marshadow|Marshadow|100/100
|move|p2a: Marshadow|Close Combat|p1a: Marshadow
|-immune|p1a: Marshadow
|
|upkeep
|turn|6
|
|t:|1637185853
|switch|p1a: Yveltal|Yveltal|100/100
|-ability|p1a: Yveltal|Dark Aura
|switch|p2a: Xerneas|Xerneas, shiny|100/100
|-ability|p2a: Xerneas|Fairy Aura
|
|upkeep
|turn|7
|
|t:|1637185858
|switch|p1a: Arceus|Arceus|61/100
|move|p2a: Xerneas|Moonblast|p1a: Arceus
|-damage|p1a: Arceus|10/100
|
|upkeep
|turn|8
|
|t:|1637185861
|switch|p2a: Marshadow|Marshadow|1/100
|move|p1a: Arceus|Extreme Speed|p2a: Marshadow
|-immune|p2a: Marshadow
|
|upkeep
|turn|9
|
|t:|1637185865
|move|p2a: Marshadow|Close Combat|p1a: Arceus
|-supereffective|p1a: Arceus
|-damage|p1a: Arceus|0 fnt
|-unboost|p2a: Marshadow|def|1
|-unboost|p2a: Marshadow|spd|1
|faint|p1a: Arceus
|
|upkeep
|
|t:|1637185870
|switch|p1a: Yveltal|Yveltal|100/100
|-ability|p1a: Yveltal|Dark Aura
|turn|10
|
|t:|1637185873
|move|p1a: Yveltal|Sucker Punch|p2a: Marshadow
|-damage|p2a: Marshadow|0 fnt
|faint|p2a: Marshadow
|
|upkeep
|
|t:|1637185891
|switch|p2a: Kyogre|Kyogre, shiny|100/100
|detailschange|p2a: Kyogre|Kyogre-Primal, shiny
|-primal|p2a: Kyogre
|-weather|PrimordialSea|[from] ability: Primordial Sea|[of] p2a: Kyogre
|turn|11
|
|t:|1637185894
|move|p1a: Yveltal|Dark Pulse|p2a: Kyogre
|-damage|p2a: Kyogre|68/100
|move|p2a: Kyogre|Ice Beam|p1a: Yveltal
|-supereffective|p1a: Yveltal
|-damage|p1a: Yveltal|23/100
|
|-weather|PrimordialSea|[upkeep]
|upkeep
|turn|12
|
|t:|1637185899
|move|p1a: Yveltal|Oblivion Wing|p2a: Kyogre
|-damage|p2a: Kyogre|41/100
|-heal|p1a: Yveltal|44/100|[from] drain|[of] p2a: Kyogre
|move|p2a: Kyogre|Ice Beam|p1a: Yveltal
|-supereffective|p1a: Yveltal
|-damage|p1a: Yveltal|0 fnt
|faint|p1a: Yveltal
|
|-weather|PrimordialSea|[upkeep]
|upkeep
|
|t:|1637185906
|switch|p1a: Marshadow|Marshadow|100/100
|turn|13
|
|t:|1637185915
|move|p1a: Marshadow|Close Combat|p2a: Kyogre
|-damage|p2a: Kyogre|0 fnt
|-unboost|p1a: Marshadow|def|1
|-unboost|p1a: Marshadow|spd|1
|faint|p2a: Kyogre
|-weather|none
|
|upkeep
|
|t:|1637185925
|switch|p2a: Ribombee|Ribombee, F, shiny|100/100
|turn|14
|
|t:|1637185928
|move|p1a: Marshadow|Rock Tomb|p2a: Ribombee
|-supereffective|p2a: Ribombee
|-enditem|p2a: Ribombee|Focus Sash
|-damage|p2a: Ribombee|1/100
|-unboost|p2a: Ribombee|spe|1
|move|p2a: Ribombee|Moonblast|p1a: Marshadow
|-supereffective|p1a: Marshadow
|-crit|p1a: Marshadow
|-enditem|p1a: Marshadow|Focus Sash
|-damage|p1a: Marshadow|1/100
|
|upkeep
|turn|15
|
|t:|1637185932
|move|p1a: Marshadow|Shadow Sneak|p2a: Ribombee
|-damage|p2a: Ribombee|0 fnt
|faint|p2a: Ribombee
|
|upkeep
|
|t:|1637185938
|switch|p2a: Xerneas|Xerneas, shiny|100/100
|-ability|p2a: Xerneas|Fairy Aura
|turn|16
|
|t:|1637185942
|move|p1a: Marshadow|Rock Tomb|p2a: Xerneas
|-damage|p2a: Xerneas|78/100
|-unboost|p2a: Xerneas|spe|1
|move|p2a: Xerneas|Geomancy||[still]
|-prepare|p2a: Xerneas|Geomancy
|-enditem|p2a: Xerneas|Power Herb
|-anim|p2a: Xerneas|Geomancy|p2a: Xerneas
|-boost|p2a: Xerneas|spa|2
|-boost|p2a: Xerneas|spd|2
|-boost|p2a: Xerneas|spe|2
|
|upkeep
|turn|17
|
|t:|1637185948
|move|p1a: Marshadow|Shadow Sneak|p2a: Xerneas
|-damage|p2a: Xerneas|56/100
|move|p2a: Xerneas|Moonblast|p1a: Marshadow
|-supereffective|p1a: Marshadow
|-damage|p1a: Marshadow|0 fnt
|faint|p1a: Marshadow
|
|upkeep
|
|t:|1637185950
|switch|p1a: Necrozma|Necrozma-Dusk-Mane|100/100
|turn|18
|
|t:|1637185957
|-start|p2a: Xerneas|Dynamax
|-heal|p2a: Xerneas|56/100|[silent]
|move|p2a: Xerneas|Max Flare|p1a: Necrozma
|-supereffective|p1a: Necrozma
|-damage|p1a: Necrozma|0 fnt
|-weather|SunnyDay
|faint|p1a: Necrozma
|
|-weather|SunnyDay|[upkeep]
|upkeep
|
|t:|1637185960
|switch|p1a: Rayquaza|Rayquaza|100/100
|-ability|p1a: Rayquaza|Air Lock
|turn|19
|
|t:|1637185964
|detailschange|p1a: Rayquaza|Rayquaza-Mega
|-mega|p1a: Rayquaza|Rayquaza|
|-weather|DeltaStream|[from] ability: Delta Stream|[of] p1a: Rayquaza
|move|p2a: Xerneas|Max Mindstorm|p1a: Rayquaza
|-damage|p1a: Rayquaza|0 fnt
|-fieldstart|move: Psychic Terrain
|faint|p1a: Rayquaza
|-weather|none
|
|win|rowletroost
|raw|ThyKingCharles's rating: 1799 &rarr; <strong>1774</strong><br />(-25 for losing)
|raw|rowletroost's rating: 1718 &rarr; <strong>1743</strong><br />(+25 for winning)
