|j|☆senderinba
|j|☆HelloWenston
|t:|1644084642
|gametype|singles
|player|p1|senderinba|twins-gen4|1113
|player|p2|HelloWenston|lenora|1105
|teamsize|p1|6
|teamsize|p2|6
|gen|8
|tier|[Gen 8] National Dex AG
|rated|
|rule|HP Percentage Mod: HP is shown in percentages
|rule|Endless Battle Clause: Forcing endless battles is banned
|clearpoke
|poke|p1|Blastoise, M|
|poke|p1|Marshadow|
|poke|p1|Excadrill, M|
|poke|p1|Blacephalon|
|poke|p1|Aerodactyl, F|
|poke|p1|Chansey, F|
|poke|p2|Zacian-*|
|poke|p2|Ditto|
|poke|p2|Moltres-Galar|
|poke|p2|Kyogre|
|poke|p2|Deoxys-Speed|
|poke|p2|Yveltal|
|teampreview
|
|t:|1644084649
|start
|switch|p1a: jimmy|Excadrill, M, shiny|100/100
|switch|p2a: Deoxys|Deoxys-Speed|100/100
|-ability|p2a: Deoxys|Pressure
|-ability|p1a: jimmy|Mold Breaker
|turn|1
|
|t:|1644084658
|move|p2a: Deoxys|Taunt|p1a: jimmy
|-start|p1a: jimmy|move: Taunt
|move|p1a: jimmy|Earthquake|p2a: Deoxys
|-damage|p2a: Deoxys|34/100
|
|upkeep
|turn|2
|
|t:|1644084663
|move|p2a: Deoxys|Stealth Rock|p1a: jimmy
|-sidestart|p1: senderinba|move: Stealth Rock
|move|p1a: jimmy|Rapid Spin|p2a: Deoxys
|-damage|p2a: Deoxys|12/100
|-boost|p1a: jimmy|spe|1
|-sideend|p1: senderinba|Stealth Rock|[from] move: Rapid Spin|[of] p1a: jimmy
|
|upkeep
|turn|3
|
|t:|1644084670
|move|p2a: Deoxys|Knock Off|p1a: jimmy
|-damage|p1a: jimmy|68/100
|-enditem|p1a: jimmy|Focus Sash|[from] move: Knock Off|[of] p2a: Deoxys
|move|p1a: jimmy|Rapid Spin|p2a: Deoxys
|-damage|p2a: Deoxys|0 fnt
|-boost|p1a: jimmy|spe|1
|faint|p2a: Deoxys
|
|-end|p1a: jimmy|move: Taunt
|upkeep
|
|t:|1644084680
|switch|p2a: Yveltal|Yveltal|100/100
|-ability|p2a: Yveltal|Dark Aura
|turn|4
|
|t:|1644084683
|move|p1a: jimmy|Stealth Rock|p2a: Yveltal
|-sidestart|p2: HelloWenston|move: Stealth Rock
|move|p2a: Yveltal|Heat Wave|p1a: jimmy
|-supereffective|p1a: jimmy
|-damage|p1a: jimmy|0 fnt
|faint|p1a: jimmy
|-damage|p2a: Yveltal|91/100|[from] item: Life Orb
|
|upkeep
|
|t:|1644084688
|switch|p1a: alice|Aerodactyl, F|100/100
|-ability|p1a: alice|Unnerve
|turn|5
|
|t:|1644084701
|detailschange|p1a: alice|Aerodactyl-Mega, F
|-mega|p1a: alice|Aerodactyl|Aerodactylite
|-start|p2a: Yveltal|Dynamax
|-heal|p2a: Yveltal|91/100|[silent]
|move|p1a: alice|Stone Edge|p2a: Yveltal
|-supereffective|p2a: Yveltal
|-damage|p2a: Yveltal|32/100
|move|p2a: Yveltal|Max Darkness|p1a: alice
|-damage|p1a: alice|0 fnt
|faint|p1a: alice
|-damage|p2a: Yveltal|27/100|[from] item: Life Orb
|
|upkeep
|
|t:|1644084710
|switch|p1a: bradley|Marshadow|100/100
|turn|6
|
|t:|1644084717
|move|p1a: bradley|Close Combat|p2a: Yveltal
|-damage|p2a: Yveltal|0 fnt
|-unboost|p1a: bradley|def|1
|-unboost|p1a: bradley|spd|1
|faint|p2a: Yveltal
|
|upkeep
|
|t:|1644084734
|switch|p2a: Kyogre|Kyogre|100/100
|-damage|p2a: Kyogre|88/100|[from] Stealth Rock
|detailschange|p2a: Kyogre|Kyogre-Primal
|-primal|p2a: Kyogre
|-weather|PrimordialSea|[from] ability: Primordial Sea|[of] p2a: Kyogre
|turn|7
|
|t:|1644084748
|switch|p1a: bob|Blastoise, M|100/100
|move|p2a: Kyogre|Ice Beam|p1a: bob
|-resisted|p1a: bob
|-damage|p1a: bob|77/100
|
|-weather|PrimordialSea|[upkeep]
|upkeep
|turn|8
|
|t:|1644084755
|move|p2a: Kyogre|Thunder|p1a: bob
|-supereffective|p1a: bob
|-damage|p1a: bob|0 fnt
|faint|p1a: bob
|
|-weather|PrimordialSea|[upkeep]
|upkeep
|
|t:|1644084760
|switch|p1a: pamela|Chansey, F|100/100
|turn|9
|
|t:|1644084768
|-weather|none
|switch|p2a: Zacian|Zacian-Crowned|100/100
|-damage|p2a: Zacian|94/100|[from] Stealth Rock
|-ability|p2a: Zacian|Intrepid Sword|boost
|-boost|p2a: Zacian|atk|1
|move|p1a: pamela|Seismic Toss|p2a: Zacian
|-damage|p2a: Zacian|64/100
|
|upkeep
|turn|10
|
|t:|1644084775
|switch|p1a: tommy|Blacephalon, shiny|100/100
|move|p2a: Zacian|Close Combat|p1a: tommy
|-immune|p1a: tommy
|
|upkeep
|turn|11
|
|t:|1644084787
|switch|p2a: Moltres|Moltres-Galar|100/100
|-damage|p2a: Moltres|76/100|[from] Stealth Rock
|move|p1a: tommy|Flamethrower|p2a: Moltres
|-damage|p2a: Moltres|34/100
|-status|p2a: Moltres|brn
|-ability|p2a: Moltres|Berserk|boost
|-boost|p2a: Moltres|spa|1
|
|-damage|p2a: Moltres|27/100 brn|[from] brn
|upkeep
|turn|12
|
|t:|1644084795
|move|p1a: tommy|Flamethrower|p2a: Moltres
|-damage|p2a: Moltres|0 fnt
|faint|p2a: Moltres
|-ability|p1a: tommy|Beast Boost|boost
|-boost|p1a: tommy|spa|1
|
|upkeep
|
|t:|1644084801
|switch|p2a: Kyogre|Kyogre-Primal|88/100
|-damage|p2a: Kyogre|76/100|[from] Stealth Rock
|-weather|PrimordialSea|[from] ability: Primordial Sea|[of] p2a: Kyogre
|turn|13
|
|t:|1644084807
|switch|p1a: pamela|Chansey, F|100/100
|move|p2a: Kyogre|Origin Pulse|p1a: pamela
|-damage|p1a: pamela|66/100
|
|-weather|PrimordialSea|[upkeep]
|upkeep
|turn|14
|
|t:|1644084817
|-weather|none
|switch|p2a: Zacian|Zacian-Crowned|64/100
|-damage|p2a: Zacian|57/100|[from] Stealth Rock
|-ability|p2a: Zacian|Intrepid Sword|boost
|-boost|p2a: Zacian|atk|1
|move|p1a: pamela|Soft-Boiled|p1a: pamela
|-heal|p1a: pamela|100/100
|
|upkeep
|turn|15
|
|t:|1644084822
|move|p2a: Zacian|Behemoth Blade|p1a: pamela
|-damage|p1a: pamela|40/100
|move|p1a: pamela|Seismic Toss|p2a: Zacian
|-damage|p2a: Zacian|27/100
|
|upkeep
|turn|16
|
|t:|1644084826
|move|p2a: Zacian|Behemoth Blade|p1a: pamela
|-damage|p1a: pamela|0 fnt
|faint|p1a: pamela
|
|upkeep
|
|t:|1644084833
|switch|p1a: tommy|Blacephalon, shiny|100/100
|turn|17
|
|t:|1644084849
|switch|p2a: Kyogre|Kyogre-Primal|76/100
|-damage|p2a: Kyogre|64/100|[from] Stealth Rock
|-weather|PrimordialSea|[from] ability: Primordial Sea|[of] p2a: Kyogre
|move|p1a: tommy|Shadow Ball|p2a: Kyogre
|-damage|p2a: Kyogre|32/100
|-unboost|p2a: Kyogre|spd|1
|
|-weather|PrimordialSea|[upkeep]
|upkeep
|turn|18
|
|t:|1644084853
|move|p1a: tommy|Shadow Ball|p2a: Kyogre
|-damage|p2a: Kyogre|0 fnt
|faint|p2a: Kyogre
|-weather|none
|-ability|p1a: tommy|Beast Boost|boost
|-boost|p1a: tommy|spa|1
|
|upkeep
|
|t:|1644084857
|switch|p2a: Ditto|Ditto|100/100
|-damage|p2a: Ditto|88/100|[from] Stealth Rock
|-transform|p2a: Ditto|p1a: tommy|[from] ability: Imposter
|turn|19
|
|t:|1644084862
|move|p1a: tommy|Shadow Ball|p2a: Ditto
|-supereffective|p2a: Ditto
|-damage|p2a: Ditto|0 fnt
|faint|p2a: Ditto
|-ability|p1a: tommy|Beast Boost|boost
|-boost|p1a: tommy|spa|1
|
|upkeep
|
|t:|1644084866
|switch|p2a: Zacian|Zacian-Crowned|27/100
|-damage|p2a: Zacian|20/100|[from] Stealth Rock
|-ability|p2a: Zacian|Intrepid Sword|boost
|-boost|p2a: Zacian|atk|1
|turn|20
|
|t:|1644084869
|move|p1a: tommy|Shadow Ball|p2a: Zacian
|-damage|p2a: Zacian|0 fnt
|faint|p2a: Zacian
|
|win|senderinba
|raw|senderinba's rating: 1136 &rarr; <strong>1159</strong><br />(+23 for winning)
|raw|HelloWenston's rating: 1105 &rarr; <strong>1082</strong><br />(-23 for losing)
