|j|☆Pokeashbattle
|j|☆theCheeseVendor
|t:|1666616635
|gametype|singles
|player|p1|Pokeashbattle|leon|1609
|player|p2|theCheeseVendor|gentleman|1666
|teamsize|p1|6
|teamsize|p2|6
|gen|8
|tier|[Gen 8] National Dex AG
|rated|
|rule|HP Percentage Mod: HP is shown in percentages
|rule|Endless Battle Clause: Forcing endless battles is banned
|clearpoke
|poke|p1|Arceus-*|
|poke|p1|Lugia|
|poke|p1|Marshadow|
|poke|p1|Ditto|
|poke|p1|Genesect-Burn|
|poke|p1|Deoxys-Attack|
|poke|p2|Arceus-*|
|poke|p2|Necrozma-Dusk-Mane|
|poke|p2|Zacian-*|
|poke|p2|Ditto|
|poke|p2|Groudon|
|poke|p2|Zygarde|
|teampreview
|inactive|Battle timer is ON: inactive players will automatically lose when time's up. (requested by Pokeashbattle)
|inactive|theCheeseVendor has 120 seconds left.
|
|t:|1666616676
|start
|switch|p1a: Arceus|Arceus|100/100
|switch|p2a: Ditto|Ditto, shiny|100/100
|-transform|p2a: Ditto|p1a: Arceus|[from] ability: Imposter
|turn|1
|
|t:|1666616692
|switch|p2a: Groudon|Groudon|100/100
|detailschange|p2a: Groudon|Groudon-Primal
|-primal|p2a: Groudon
|-weather|DesolateLand|[from] ability: Desolate Land|[of] p2a: Groudon
|move|p1a: Arceus|Thunder Wave|p2a: Groudon
|-immune|p2a: Groudon
|
|-weather|DesolateLand|[upkeep]
|upkeep
|turn|2
|
|t:|1666616699
|move|p1a: Arceus|Stealth Rock|p2a: Groudon
|-sidestart|p2: theCheeseVendor|move: Stealth Rock
|move|p2a: Groudon|Precipice Blades|p1a: Arceus
|-damage|p1a: Arceus|46/100
|
|-weather|DesolateLand|[upkeep]
|-heal|p1a: Arceus|52/100|[from] item: Leftovers
|upkeep
|turn|3
|inactive|Pokeashbattle has 120 seconds left.
|
|t:|1666616729
|move|p1a: Arceus|Icy Wind|p2a: Groudon
|-damage|p2a: Groudon|88/100
|-unboost|p2a: Groudon|spe|1
|move|p2a: Groudon|Dragon Tail|p1a: Arceus
|-damage|p1a: Arceus|35/100
|drag|p1a: Lugia|Lugia, shiny|100/100
|
|-weather|DesolateLand|[upkeep]
|upkeep
|turn|4
|
|t:|1666616744
|switch|p1a: Arceus|Arceus|35/100
|-weather|none
|switch|p2a: Necrozma|Necrozma-Dusk-Mane, shiny|100/100
|-damage|p2a: Necrozma|94/100|[from] Stealth Rock
|
|-heal|p1a: Arceus|41/100|[from] item: Leftovers
|upkeep
|turn|5
|
|t:|1666616756
|switch|p2a: Groudon|Groudon-Primal|88/100
|-damage|p2a: Groudon|75/100|[from] Stealth Rock
|-weather|DesolateLand|[from] ability: Desolate Land|[of] p2a: Groudon
|move|p1a: Arceus|Thunder Wave|p2a: Groudon
|-immune|p2a: Groudon
|
|-weather|DesolateLand|[upkeep]
|-heal|p1a: Arceus|47/100|[from] item: Leftovers
|upkeep
|turn|6
|
|t:|1666616762
|move|p1a: Arceus|Icy Wind|p2a: Groudon
|-damage|p2a: Groudon|60/100
|-unboost|p2a: Groudon|spe|1
|move|p2a: Groudon|Swords Dance|p2a: Groudon
|-boost|p2a: Groudon|atk|2
|
|-weather|DesolateLand|[upkeep]
|-heal|p1a: Arceus|53/100|[from] item: Leftovers
|upkeep
|turn|7
|inactive|Pokeashbattle has 120 seconds left.
|
|t:|1666616812
|move|p1a: Arceus|Icy Wind|p2a: Groudon
|-damage|p2a: Groudon|47/100
|-unboost|p2a: Groudon|spe|1
|move|p2a: Groudon|Heat Crash|p1a: Arceus
|-damage|p1a: Arceus|0 fnt
|faint|p1a: Arceus
|
|-weather|DesolateLand|[upkeep]
|upkeep
|
|t:|1666616816
|switch|p1a: Marshadow|Marshadow|100/100
|turn|8
|
|t:|1666616825
|move|p1a: Marshadow|Close Combat|p2a: Groudon
|-damage|p2a: Groudon|12/100
|-unboost|p1a: Marshadow|def|1
|-unboost|p1a: Marshadow|spd|1
|move|p2a: Groudon|Heat Crash|p1a: Marshadow
|-enditem|p1a: Marshadow|Focus Sash
|-damage|p1a: Marshadow|1/100
|
|-weather|DesolateLand|[upkeep]
|upkeep
|turn|9
|inactive|Pokeashbattle has 90 seconds left.
|
|t:|1666616880
|move|p1a: Marshadow|Spectral Thief||[still]
|-clearpositiveboost|p2a: Groudon|p1a: Marshadow|move: Spectral Thief
|-boost|p1a: Marshadow|atk|2
|-anim|p1a: Marshadow|Spectral Thief|p2a: Groudon
|-damage|p2a: Groudon|0 fnt
|faint|p2a: Groudon
|-weather|none
|
|upkeep
|
|t:|1666616899
|switch|p2a: Necrozma|Necrozma-Dusk-Mane, shiny|94/100
|-damage|p2a: Necrozma|88/100|[from] Stealth Rock
|turn|10
|c|☆theCheeseVendor|well
|c|☆theCheeseVendor|good ol misclicks
|inactive|Pokeashbattle has 60 seconds left.
|c|☆theCheeseVendor|oops.
|
|t:|1666616928
|move|p1a: Marshadow|Spectral Thief|p2a: Necrozma
|-supereffective|p2a: Necrozma
|-damage|p2a: Necrozma|11/100
|-damage|p1a: Marshadow|0 fnt|[from] item: Rocky Helmet|[of] p2a: Necrozma
|faint|p1a: Marshadow
|move|p2a: Necrozma|Stealth Rock|p1: Marshadow
|-sidestart|p1: Pokeashbattle|move: Stealth Rock
|
|upkeep
|inactive|Pokeashbattle has 60 seconds left.
|
|t:|1666616937
|switch|p1a: Genesect|Genesect-Burn, shiny|100/100
|-damage|p1a: Genesect|88/100|[from] Stealth Rock
|-ability|p1a: Genesect|Download|boost
|-boost|p1a: Genesect|spa|1
|turn|11
|
|t:|1666616941
|move|p1a: Genesect|Shift Gear|p1a: Genesect
|-boost|p1a: Genesect|spe|2
|-boost|p1a: Genesect|atk|1
|move|p2a: Necrozma|Morning Sun|p2a: Necrozma
|-heal|p2a: Necrozma|61/100
|
|upkeep
|turn|12
|
|t:|1666616945
|move|p1a: Genesect|Techno Blast|p2a: Necrozma
|-supereffective|p2a: Necrozma
|-damage|p2a: Necrozma|0 fnt
|faint|p2a: Necrozma
|
|upkeep
|
|t:|1666616958
|switch|p2a: Ditto|Ditto, shiny|100/100
|-damage|p2a: Ditto|88/100|[from] Stealth Rock
|-transform|p2a: Ditto|p1a: Genesect|[from] ability: Imposter
|-ability|p2a: Ditto|Download|boost
|-boost|p2a: Ditto|atk|1
|turn|13
|inactive|Pokeashbattle has 90 seconds left.
|
|t:|1666616966
|-start|p1a: Genesect|Dynamax|
|-heal|p1a: Genesect|88/100|[silent]
|move|p2a: Ditto|Hidden Power|p1a: Genesect
|-supereffective|p1a: Genesect
|-damage|p1a: Genesect|0 fnt
|faint|p1a: Genesect
|
|upkeep
|inactive|Pokeashbattle has 90 seconds left.
|
|t:|1666616978
|switch|p1a: Lugia|Lugia, shiny|100/100
|-damage|p1a: Lugia|75/100|[from] Stealth Rock
|turn|14
|c|☆theCheeseVendor|hidden power fire on a burn genesect?
|
|t:|1666616982
|move|p2a: Ditto|Hidden Power|p1a: Lugia
|-damage|p1a: Lugia|57/100
|move|p1a: Lugia|Calm Mind|p1a: Lugia
|-boost|p1a: Lugia|spa|1
|-boost|p1a: Lugia|spd|1
|
|upkeep
|turn|15
|
|t:|1666616988
|switch|p2a: Zacian|Zacian-Crowned|100/100
|-damage|p2a: Zacian|94/100|[from] Stealth Rock
|-ability|p2a: Zacian|Intrepid Sword|boost
|-boost|p2a: Zacian|atk|1
|move|p1a: Lugia|Recover|p1a: Lugia
|-heal|p1a: Lugia|100/100
|
|upkeep
|turn|16
|
|t:|1666616998
|move|p2a: Zacian|Wild Charge|p1a: Lugia
|-supereffective|p1a: Lugia
|-damage|p1a: Lugia|66/100
|-enditem|p1a: Lugia|Weakness Policy
|-boost|p1a: Lugia|atk|2|[from] item: Weakness Policy
|-boost|p1a: Lugia|spa|2|[from] item: Weakness Policy
|-damage|p2a: Zacian|84/100|[from] Recoil
|move|p1a: Lugia|Earth Power|p2a: Zacian
|-supereffective|p2a: Zacian
|-damage|p2a: Zacian|0 fnt
|faint|p2a: Zacian
|
|upkeep
|
|t:|1666617022
|switch|p2a: Zygarde|Zygarde|100/100
|-damage|p2a: Zygarde|94/100|[from] Stealth Rock
|turn|17
|
|t:|1666617026
|move|p1a: Lugia|Recover|p1a: Lugia
|-heal|p1a: Lugia|100/100
|move|p2a: Zygarde|Glare|p1a: Lugia
|-status|p1a: Lugia|par
|
|-heal|p2a: Zygarde|100/100|[from] item: Leftovers
|upkeep
|turn|18
|
|t:|1666617030
|move|p2a: Zygarde|Substitute|p2a: Zygarde
|-start|p2a: Zygarde|Substitute
|-damage|p2a: Zygarde|75/100
|move|p1a: Lugia|Calm Mind|p1a: Lugia
|-boost|p1a: Lugia|spa|1
|-boost|p1a: Lugia|spd|1
|
|-heal|p2a: Zygarde|82/100|[from] item: Leftovers
|upkeep
|turn|19
|
|t:|1666617035
|move|p2a: Zygarde|Coil|p2a: Zygarde
|-boost|p2a: Zygarde|atk|1
|-boost|p2a: Zygarde|def|1
|-boost|p2a: Zygarde|accuracy|1
|move|p1a: Lugia|Earth Power|p2a: Zygarde
|-end|p2a: Zygarde|Substitute
|
|-heal|p2a: Zygarde|88/100|[from] item: Leftovers
|upkeep
|turn|20
|
|t:|1666617043
|move|p2a: Zygarde|Substitute|p2a: Zygarde
|-start|p2a: Zygarde|Substitute
|-damage|p2a: Zygarde|63/100
|cant|p1a: Lugia|par
|
|-heal|p2a: Zygarde|69/100|[from] item: Leftovers
|upkeep
|turn|21
|
|t:|1666617048
|move|p2a: Zygarde|Thousand Arrows|p1a: Lugia
|-damage|p1a: Lugia|85/100 par
|-start|p1a: Lugia|Smack Down
|move|p1a: Lugia|Earth Power|p2a: Zygarde
|-end|p2a: Zygarde|Substitute
|
|-heal|p2a: Zygarde|75/100|[from] item: Leftovers
|upkeep
|turn|22
|
|t:|1666617054
|move|p2a: Zygarde|Substitute|p2a: Zygarde
|-start|p2a: Zygarde|Substitute
|-damage|p2a: Zygarde|50/100
|move|p1a: Lugia|Earth Power|p2a: Zygarde
|-end|p2a: Zygarde|Substitute
|
|-heal|p2a: Zygarde|56/100|[from] item: Leftovers
|upkeep
|turn|23
|inactive|Pokeashbattle has 120 seconds left.
|
|t:|1666617098
|move|p2a: Zygarde|Substitute|p2a: Zygarde
|-start|p2a: Zygarde|Substitute
|-damage|p2a: Zygarde|31/100
|cant|p1a: Lugia|par
|
|-heal|p2a: Zygarde|38/100|[from] item: Leftovers
|-activate|p2a: Zygarde|ability: Power Construct
|detailschange|p2a: Zygarde|Zygarde-Complete
|-heal|p2a: Zygarde|59/100|[silent]
|upkeep
|turn|24
|
|t:|1666617105
|move|p2a: Zygarde|Thousand Arrows|p1a: Lugia
|-crit|p1a: Lugia
|-damage|p1a: Lugia|37/100 par
|cant|p1a: Lugia|par
|
|-heal|p2a: Zygarde|65/100|[from] item: Leftovers
|upkeep
|turn|25
|
|t:|1666617111
|move|p2a: Zygarde|Coil|p2a: Zygarde
|-boost|p2a: Zygarde|atk|1
|-boost|p2a: Zygarde|def|1
|-boost|p2a: Zygarde|accuracy|1
|move|p1a: Lugia|Earth Power|p2a: Zygarde
|-end|p2a: Zygarde|Substitute
|
|-heal|p2a: Zygarde|71/100|[from] item: Leftovers
|upkeep
|turn|26
|
|t:|1666617116
|move|p2a: Zygarde|Thousand Arrows|p1a: Lugia
|-crit|p1a: Lugia
|-damage|p1a: Lugia|0 fnt
|faint|p1a: Lugia
|
|-heal|p2a: Zygarde|77/100|[from] item: Leftovers
|upkeep
|
|t:|1666617119
|switch|p1a: Ditto|Ditto|100/100
|-damage|p1a: Ditto|88/100|[from] Stealth Rock
|-transform|p1a: Ditto|p2a: Zygarde|[from] ability: Imposter
|turn|27
|
|t:|1666617125
|move|p2a: Zygarde|Glare|p1a: Ditto
|-status|p1a: Ditto|par
|move|p1a: Ditto|Glare|p2a: Zygarde
|-status|p2a: Zygarde|par
|
|-heal|p2a: Zygarde|84/100 par|[from] item: Leftovers
|upkeep
|turn|28
|
|t:|1666617132
|move|p1a: Ditto|Coil|p1a: Ditto
|-boost|p1a: Ditto|atk|1
|-boost|p1a: Ditto|def|1
|-boost|p1a: Ditto|accuracy|1
|cant|p2a: Zygarde|par
|
|-heal|p2a: Zygarde|90/100 par|[from] item: Leftovers
|upkeep
|turn|29
|
|t:|1666617135
|move|p2a: Zygarde|Coil|p2a: Zygarde
|-boost|p2a: Zygarde|atk|1
|-boost|p2a: Zygarde|def|1
|-boost|p2a: Zygarde|accuracy|1
|move|p1a: Ditto|Thousand Arrows|p2a: Zygarde
|-damage|p2a: Zygarde|73/100 par
|
|-heal|p2a: Zygarde|79/100 par|[from] item: Leftovers
|upkeep
|turn|30
|
|t:|1666617143
|switch|p1a: Deoxys|Deoxys-Attack, shiny|100/100
|-damage|p1a: Deoxys|88/100|[from] Stealth Rock
|-ability|p1a: Deoxys|Pressure
|move|p2a: Zygarde|Coil|p2a: Zygarde
|-boost|p2a: Zygarde|atk|1
|-boost|p2a: Zygarde|def|1
|-boost|p2a: Zygarde|accuracy|1
|
|-heal|p2a: Zygarde|85/100 par|[from] item: Leftovers
|upkeep
|turn|31
|
|t:|1666617148
|-start|p2a: Zygarde|Dynamax|
|-heal|p2a: Zygarde|85/100 par|[silent]
|move|p1a: Deoxys|Ice Beam|p2a: Zygarde
|-supereffective|p2a: Zygarde
|-damage|p2a: Zygarde|46/100 par
|-damage|p1a: Deoxys|78/100|[from] item: Life Orb
|cant|p2a: Zygarde|par
|
|-heal|p2a: Zygarde|49/100 par|[from] item: Leftovers
|upkeep
|turn|32
|
|t:|1666617157
|move|p1a: Deoxys|Ice Beam|p2a: Zygarde
|-supereffective|p2a: Zygarde
|-damage|p2a: Zygarde|11/100 par
|-damage|p1a: Deoxys|68/100|[from] item: Life Orb
|move|p2a: Zygarde|Max Quake|p1a: Deoxys
|-damage|p1a: Deoxys|0 fnt
|-boost|p2a: Zygarde|spd|1
|faint|p1a: Deoxys
|
|-heal|p2a: Zygarde|14/100 par|[from] item: Leftovers
|upkeep
|c|☆Pokeashbattle|Haha
|c|☆theCheeseVendor|man
|
|t:|1666617164
|switch|p1a: Ditto|Ditto|88/100 par
|-damage|p1a: Ditto|76/100 par|[from] Stealth Rock
|-transform|p1a: Ditto|p2a: Zygarde|[from] ability: Imposter
|turn|33
|c|☆theCheeseVendor|that sucks
|
|t:|1666617171
|cant|p1a: Ditto|par
|cant|p2a: Zygarde|par
|
|-heal|p2a: Zygarde|17/100 par|[from] item: Leftovers
|upkeep
|-end|p2a: Zygarde|Dynamax
|-heal|p2a: Zygarde|17/100 par|[silent]
|turn|34
|c|☆theCheeseVendor|m a n
|
|t:|1666617179
|move|p2a: Zygarde|Thousand Arrows|p1a: Ditto
|-damage|p1a: Ditto|46/100 par
|move|p1a: Ditto|Thousand Arrows|p2a: Zygarde
|-damage|p2a: Zygarde|1/100 par
|
|-heal|p2a: Zygarde|7/100 par|[from] item: Leftovers
|upkeep
|turn|35
|
|t:|1666617186
|move|p1a: Ditto|Thousand Arrows|p2a: Zygarde
|-damage|p2a: Zygarde|0 fnt
|faint|p2a: Zygarde
|
|upkeep
|
|t:|1666617189
|switch|p2a: Arceus|Arceus-Ground, shiny|100/100
|-damage|p2a: Arceus|94/100|[from] Stealth Rock
|turn|36
|
|t:|1666617193
|move|p2a: Arceus|Ice Beam|p1a: Ditto
|-supereffective|p1a: Ditto
|-crit|p1a: Ditto
|-damage|p1a: Ditto|0 fnt
|faint|p1a: Ditto
|
|win|theCheeseVendor
|raw|Pokeashbattle's rating: 1627 &rarr; <strong>1609</strong><br />(-18 for losing)
|raw|theCheeseVendor's rating: 1666 &rarr; <strong>1684</strong><br />(+18 for winning)
|c|☆theCheeseVendor|rngfest moment
|c|☆theCheeseVendor|lol
|c|☆Pokeashbattle|Huff
|c|☆theCheeseVendor|silly crits
|c|☆theCheeseVendor|gg
