|j|☆Ulxington
|j|☆chopforce8
|t:|1642984779
|gametype|singles
|player|p1|Ulxington|unknown|1627
|player|p2|chopforce8|red|1725
|teamsize|p1|6
|teamsize|p2|6
|gen|8
|tier|[Gen 8] National Dex AG
|rated|
|rule|HP Percentage Mod: HP is shown in percentages
|rule|Endless Battle Clause: Forcing endless battles is banned
|clearpoke
|poke|p1|Rayquaza|
|poke|p1|Zygarde|
|poke|p1|Ferrothorn, M|
|poke|p1|Arceus-*|
|poke|p1|Ditto|
|poke|p1|Swampert, F|
|poke|p2|Ditto|
|poke|p2|Shedinja|
|poke|p2|Ditto|
|poke|p2|Sableye, F|
|poke|p2|Necrozma-Dusk-Mane|
|poke|p2|Arceus-*|
|teampreview
|inactive|Battle timer is ON: inactive players will automatically lose when time's up. (requested by Ulxington)
|l|☆Ulxington
|inactive|Ulxington disconnected and has a minute to reconnect!
|player|p1|
|inactive|chopforce8 has 120 seconds left.
|j|☆Ulxington
|inactive|Ulxington reconnected.
|player|p1|Ulxington|unknown
|
|t:|1642984827
|start
|switch|p1a: Ferrothorn|Ferrothorn, M|100/100
|switch|p2a: Sableye|Sableye, F|100/100
|turn|1
|
|t:|1642984839
|switch|p1a: Swampert|Swampert, F|100/100
|detailschange|p2a: Sableye|Sableye-Mega, F
|-mega|p2a: Sableye|Sableye|Sablenite
|move|p2a: Sableye|Will-O-Wisp|p1a: Swampert
|-status|p1a: Swampert|brn
|
|-damage|p1a: Swampert|94/100 brn|[from] brn
|upkeep
|turn|2
|
|t:|1642984850
|switch|p2a: Shedinja|Shedinja|100/100
|move|p1a: Swampert|Earthquake|p2a: Shedinja
|-immune|p2a: Shedinja|[from] ability: Wonder Guard
|
|-damage|p1a: Swampert|88/100 brn|[from] brn
|upkeep
|turn|3
|
|t:|1642984859
|move|p2a: Shedinja|Toxic||[still]
|-fail|p2a: Shedinja
|move|p1a: Swampert|Toxic|p2a: Shedinja
|-status|p2a: Shedinja|tox
|
|-damage|p2a: Shedinja|0 fnt|[from] psn
|faint|p2a: Shedinja
|-damage|p1a: Swampert|82/100 brn|[from] brn
|upkeep
|
|t:|1642984869
|switch|p2a: Arceus|Arceus-Flying|100/100
|turn|4
|
|t:|1642984872
|move|p2a: Arceus|Calm Mind|p2a: Arceus
|-boost|p2a: Arceus|spa|1
|-boost|p2a: Arceus|spd|1
|move|p1a: Swampert|Toxic|p2a: Arceus
|-status|p2a: Arceus|tox
|
|-damage|p2a: Arceus|94/100 tox|[from] psn
|-damage|p1a: Swampert|76/100 brn|[from] brn
|upkeep
|turn|5
|
|t:|1642984882
|move|p2a: Arceus|Calm Mind|p2a: Arceus
|-boost|p2a: Arceus|spa|1
|-boost|p2a: Arceus|spd|1
|move|p1a: Swampert|Stealth Rock|p2a: Arceus
|-sidestart|p2: chopforce8|move: Stealth Rock
|
|-damage|p2a: Arceus|82/100 tox|[from] psn
|-damage|p1a: Swampert|70/100 brn|[from] brn
|upkeep
|turn|6
|
|t:|1642984890
|-start|p2a: Arceus|Dynamax
|-heal|p2a: Arceus|82/100 tox|[silent]
|move|p2a: Arceus|Max Airstream|p1a: Swampert
|-damage|p1a: Swampert|0 fnt
|-boost|p2a: Arceus|spe|1
|faint|p1a: Swampert
|
|-damage|p2a: Arceus|73/100 tox|[from] psn
|upkeep
|
|t:|1642984900
|switch|p1a: Ferrothorn|Ferrothorn, M|100/100
|turn|7
|
|t:|1642984903
|move|p2a: Arceus|Max Airstream|p1a: Ferrothorn
|-damage|p1a: Ferrothorn|0 fnt
|-boost|p2a: Arceus|spe|1
|faint|p1a: Ferrothorn
|
|-damage|p2a: Arceus|61/100 tox|[from] psn
|upkeep
|
|t:|1642984912
|switch|p1a: Arceus|Arceus|100/100
|turn|8
|
|t:|1642984917
|move|p2a: Arceus|Max Airstream|p1a: Arceus
|-crit|p1a: Arceus
|-damage|p1a: Arceus|0 fnt
|-boost|p2a: Arceus|spe|1
|faint|p1a: Arceus
|
|-damage|p2a: Arceus|46/100 tox|[from] psn
|-end|p2a: Arceus|Dynamax
|-heal|p2a: Arceus|46/100 tox|[silent]
|upkeep
|
|t:|1642984919
|switch|p1a: Ditto|Ditto|100/100
|-transform|p1a: Ditto|p2a: Arceus|[from] ability: Imposter
|turn|9
|
|t:|1642984935
|switch|p2a: Sableye|Sableye-Mega, F|100/100
|-damage|p2a: Sableye|88/100|[from] Stealth Rock
|move|p1a: Ditto|Judgment|p2a: Sableye
|-immune|p2a: Sableye
|
|upkeep
|turn|10
|
|t:|1642984946
|switch|p1a: Zygarde|Zygarde|100/100
|move|p2a: Sableye|Foul Play|p1a: Zygarde
|-damage|p1a: Zygarde|72/100
|
|-heal|p1a: Zygarde|78/100|[from] item: Leftovers
|upkeep
|turn|11
|
|t:|1642984953
|move|p1a: Zygarde|Substitute|p1a: Zygarde
|-start|p1a: Zygarde|Substitute
|-damage|p1a: Zygarde|53/100
|move|p2a: Sableye|Will-O-Wisp||[still]
|-fail|p2a: Sableye
|
|-heal|p1a: Zygarde|59/100|[from] item: Leftovers
|upkeep
|turn|12
|
|t:|1642984959
|move|p1a: Zygarde|Coil|p1a: Zygarde
|-boost|p1a: Zygarde|atk|1
|-boost|p1a: Zygarde|def|1
|-boost|p1a: Zygarde|accuracy|1
|move|p2a: Sableye|Foul Play|p1a: Zygarde
|-end|p1a: Zygarde|Substitute
|
|-heal|p1a: Zygarde|65/100|[from] item: Leftovers
|upkeep
|turn|13
|j| hogwashimperial
|
|t:|1642984968
|switch|p2a: Arceus|Arceus-Flying|46/100 tox
|-damage|p2a: Arceus|21/100 tox|[from] Stealth Rock
|move|p1a: Zygarde|Substitute|p1a: Zygarde
|-start|p1a: Zygarde|Substitute
|-damage|p1a: Zygarde|41/100
|
|-heal|p1a: Zygarde|47/100|[from] item: Leftovers
|-damage|p2a: Arceus|15/100 tox|[from] psn
|-activate|p1a: Zygarde|ability: Power Construct
|detailschange|p1a: Zygarde|Zygarde-Complete
|-heal|p1a: Zygarde|65/100|[silent]
|upkeep
|turn|14
|
|t:|1642984980
|move|p2a: Arceus|Perish Song|p2a: Arceus
|-start|p1a: Zygarde|perish3|[silent]
|-start|p2a: Arceus|perish3|[silent]
|-fieldactivate|move: Perish Song
|move|p1a: Zygarde|Thousand Arrows|p2a: Arceus
|-damage|p2a: Arceus|0 fnt
|faint|p2a: Arceus
|
|-heal|p1a: Zygarde|71/100|[from] item: Leftovers
|-start|p1a: Zygarde|perish3
|upkeep
|
|t:|1642984996
|switch|p2a: Necrozma|Necrozma-Dusk-Mane|100/100
|-damage|p2a: Necrozma|95/100|[from] Stealth Rock
|turn|15
|
|t:|1642985008
|switch|p2a: Ditto|Ditto|100/100
|-damage|p2a: Ditto|88/100|[from] Stealth Rock
|move|p1a: Zygarde|Glare|p2a: Ditto
|-status|p2a: Ditto|par
|
|-heal|p1a: Zygarde|77/100|[from] item: Leftovers
|-start|p1a: Zygarde|perish2
|upkeep
|turn|16
|
|t:|1642985021
|switch|p1a: Rayquaza|Rayquaza|100/100
|-ability|p1a: Rayquaza|Air Lock
|switch|p2a: Necrozma|Necrozma-Dusk-Mane|95/100
|-damage|p2a: Necrozma|89/100|[from] Stealth Rock
|
|upkeep
|turn|17
|
|t:|1642985029
|switch|p2a: Ditto|Ditto|88/100 par
|-damage|p2a: Ditto|76/100 par|[from] Stealth Rock
|-transform|p2a: Ditto|p1a: Rayquaza|[from] ability: Imposter
|detailschange|p1a: Rayquaza|Rayquaza-Mega
|-mega|p1a: Rayquaza|Rayquaza|
|-weather|DeltaStream|[from] ability: Delta Stream|[of] p1a: Rayquaza
|move|p1a: Rayquaza|Earthquake|p2a: Ditto
|-immune|p2a: Ditto
|
|-weather|DeltaStream|[upkeep]
|upkeep
|turn|18
|
|t:|1642985041
|-weather|none
|switch|p1a: Zygarde|Zygarde-Complete|77/100
|move|p2a: Ditto|Earthquake|p1a: Zygarde
|-damage|p1a: Zygarde|61/100
|
|-heal|p1a: Zygarde|67/100|[from] item: Leftovers
|upkeep
|turn|19
|j| swordsdance1231321
|
|t:|1642985056
|move|p1a: Zygarde|Substitute|p1a: Zygarde
|-start|p1a: Zygarde|Substitute
|-damage|p1a: Zygarde|42/100
|move|p2a: Ditto|Outrage|p1a: Zygarde
|-supereffective|p1a: Zygarde
|-end|p1a: Zygarde|Substitute
|
|-heal|p1a: Zygarde|48/100|[from] item: Leftovers
|upkeep
|turn|20
|
|t:|1642985064
|move|p1a: Zygarde|Substitute|p1a: Zygarde
|-start|p1a: Zygarde|Substitute
|-damage|p1a: Zygarde|23/100
|cant|p2a: Ditto|par
|
|-heal|p1a: Zygarde|29/100|[from] item: Leftovers
|-start|p2a: Ditto|confusion|[fatigue]
|upkeep
|turn|21
|
|t:|1642985072
|move|p1a: Zygarde|Coil|p1a: Zygarde
|-boost|p1a: Zygarde|atk|1
|-boost|p1a: Zygarde|def|1
|-boost|p1a: Zygarde|accuracy|1
|-activate|p2a: Ditto|confusion
|move|p2a: Ditto|Outrage|p1a: Zygarde
|-supereffective|p1a: Zygarde
|-end|p1a: Zygarde|Substitute
|
|-heal|p1a: Zygarde|35/100|[from] item: Leftovers
|upkeep
|turn|22
|c| swordsdance1231321|coil once, then strike
|
|t:|1642985082
|move|p1a: Zygarde|Substitute|p1a: Zygarde
|-start|p1a: Zygarde|Substitute
|-damage|p1a: Zygarde|11/100
|-end|p2a: Ditto|confusion
|move|p2a: Ditto|Outrage|p1a: Zygarde|[from]lockedmove
|-supereffective|p1a: Zygarde
|-end|p1a: Zygarde|Substitute
|
|-heal|p1a: Zygarde|17/100|[from] item: Leftovers
|upkeep
|turn|23
|c| swordsdance1231321|dont sub hes gonna hax you out
|
|t:|1642985090
|move|p1a: Zygarde|Thousand Arrows|p2a: Ditto
|-damage|p2a: Ditto|0 fnt
|faint|p2a: Ditto
|
|-heal|p1a: Zygarde|23/100|[from] item: Leftovers
|upkeep
|
|t:|1642985096
|switch|p2a: Ditto|Ditto|100/100
|-damage|p2a: Ditto|88/100|[from] Stealth Rock
|-transform|p2a: Ditto|p1a: Zygarde|[from] ability: Imposter
|turn|24
|
|t:|1642985102
|move|p2a: Ditto|Thousand Arrows|p1a: Zygarde
|-damage|p1a: Zygarde|2/100
|move|p1a: Zygarde|Glare|p2a: Ditto
|-status|p2a: Ditto|par
|
|-heal|p1a: Zygarde|8/100|[from] item: Leftovers
|upkeep
|turn|25
|
|t:|1642985109
|move|p1a: Zygarde|Thousand Arrows|p2a: Ditto
|-damage|p2a: Ditto|45/100 par
|move|p2a: Ditto|Thousand Arrows|p1a: Zygarde
|-damage|p1a: Zygarde|0 fnt
|faint|p1a: Zygarde
|
|upkeep
|
|t:|1642985116
|switch|p1a: Rayquaza|Rayquaza-Mega|100/100
|-weather|DeltaStream|[from] ability: Delta Stream|[of] p1a: Rayquaza
|turn|26
|
|t:|1642985124
|move|p1a: Rayquaza|Dragon Ascent|p2a: Ditto
|-damage|p2a: Ditto|0 fnt
|-unboost|p1a: Rayquaza|def|1
|-unboost|p1a: Rayquaza|spd|1
|faint|p2a: Ditto
|
|-weather|DeltaStream|[upkeep]
|upkeep
|
|t:|1642985131
|switch|p2a: Sableye|Sableye-Mega, F|88/100
|-damage|p2a: Sableye|76/100|[from] Stealth Rock
|turn|27
|
|t:|1642985134
|move|p2a: Sableye|Fake Out|p1a: Rayquaza
|-damage|p1a: Rayquaza|89/100
|cant|p1a: Rayquaza|flinch
|
|-weather|DeltaStream|[upkeep]
|upkeep
|turn|28
|
|t:|1642985139
|move|p1a: Rayquaza|Dragon Ascent|p2a: Sableye
|-damage|p2a: Sableye|0 fnt
|-unboost|p1a: Rayquaza|def|1
|-unboost|p1a: Rayquaza|spd|1
|faint|p2a: Sableye
|
|-weather|DeltaStream|[upkeep]
|upkeep
|
|t:|1642985145
|switch|p2a: Necrozma|Necrozma-Dusk-Mane|89/100
|-damage|p2a: Necrozma|83/100|[from] Stealth Rock
|turn|29
|
|t:|1642985149
|-weather|none
|switch|p1a: Ditto|Ditto|100/100
|-transform|p1a: Ditto|p2a: Necrozma|[from] ability: Imposter
|move|p2a: Necrozma|Dragon Dance|p2a: Necrozma
|-boost|p2a: Necrozma|atk|1
|-boost|p2a: Necrozma|spe|1
|
|upkeep
|turn|30
|
|t:|1642985158
|move|p1a: Ditto|Dragon Dance|p1a: Ditto
|-boost|p1a: Ditto|atk|1
|-boost|p1a: Ditto|spe|1
|move|p2a: Necrozma|Dragon Dance|p2a: Necrozma
|-boost|p2a: Necrozma|atk|1
|-boost|p2a: Necrozma|spe|1
|
|upkeep
|turn|31
|
|t:|1642985164
|-start|p1a: Ditto|Dynamax
|-heal|p1a: Ditto|100/100|[silent]
|move|p2a: Necrozma|Earthquake|p1a: Ditto
|-supereffective|p1a: Ditto
|-damage|p1a: Ditto|46/100
|move|p1a: Ditto|Max Quake|p2a: Necrozma
|-supereffective|p2a: Necrozma
|-damage|p2a: Necrozma|0 fnt
|-boost|p1a: Ditto|spd|1
|faint|p2a: Necrozma
|
|win|Ulxington
|raw|Ulxington's rating: 1627 &rarr; <strong>1652</strong><br />(+25 for winning)
|raw|chopforce8's rating: 1725 &rarr; <strong>1700</strong><br />(-25 for losing)
|c|☆chopforce8|gg
|l|☆Ulxington
