|j|☆soviet glonk
|j|☆GesuCristoBulimico
|t:|1632909302
|gametype|singles
|player|p1|soviet glonk|ghetsis|1579
|player|p2|GesuCristoBulimico|clair|1567
|teamsize|p1|6
|teamsize|p2|6
|gen|8
|tier|[Gen 8] National Dex AG
|rated|
|rule|HP Percentage Mod: HP is shown in percentages
|rule|Endless Battle Clause: Forcing endless battles is banned
|clearpoke
|poke|p1|Kyogre|
|poke|p1|Necrozma-Dusk-Mane|
|poke|p1|Yveltal|
|poke|p1|Zygarde|
|poke|p1|Rayquaza|
|poke|p1|Calyrex-Shadow|
|poke|p2|Rayquaza|
|poke|p2|Groudon|
|poke|p2|Greninja, M|
|poke|p2|Marshadow|
|poke|p2|Zacian-*|
|poke|p2|Ho-Oh|
|teampreview
|inactive|Battle timer is ON: inactive players will automatically lose when time's up. (requested by soviet glonk)
|
|t:|1632909319
|start
|switch|p1a: Zygarde|Zygarde|100/100
|switch|p2a: Greninja|Greninja, M|100/100
|turn|1
|inactive|soviet glonk has 120 seconds left.
|
|t:|1632909357
|switch|p1a: Kyogre|Kyogre|100/100
|detailschange|p1a: Kyogre|Kyogre-Primal
|-primal|p1a: Kyogre
|-weather|PrimordialSea|[from] ability: Primordial Sea|[of] p1a: Kyogre
|move|p2a: Greninja|Taunt|p1a: Kyogre
|-start|p2a: Greninja|typechange|Dark|[from] ability: Protean
|-start|p1a: Kyogre|move: Taunt
|
|-weather|PrimordialSea|[upkeep]
|upkeep
|turn|2
|inactive|soviet glonk has 120 seconds left.
|
|t:|1632909364
|move|p2a: Greninja|Toxic Spikes|p1a: Kyogre
|-start|p2a: Greninja|typechange|Poison|[from] ability: Protean
|-sidestart|p1: soviet glonk|move: Toxic Spikes
|move|p1a: Kyogre|Water Spout|p2a: Greninja
|-enditem|p2a: Greninja|Focus Sash
|-damage|p2a: Greninja|1/100
|
|-weather|PrimordialSea|[upkeep]
|upkeep
|turn|3
|
|t:|1632909368
|move|p2a: Greninja|Spikes|p1a: Kyogre
|-start|p2a: Greninja|typechange|Ground|[from] ability: Protean
|-sidestart|p1: soviet glonk|Spikes
|move|p1a: Kyogre|Water Spout|p2a: Greninja
|-supereffective|p2a: Greninja
|-damage|p2a: Greninja|0 fnt
|faint|p2a: Greninja
|
|-weather|PrimordialSea|[upkeep]
|-end|p1a: Kyogre|move: Taunt
|upkeep
|
|t:|1632909371
|switch|p2a: Groudon|Groudon|100/100
|detailschange|p2a: Groudon|Groudon-Primal
|-primal|p2a: Groudon
|-weather|DesolateLand|[from] ability: Desolate Land|[of] p2a: Groudon
|turn|4
|
|t:|1632909380
|switch|p1a: Yveltal|Yveltal|100/100
|-ability|p1a: Yveltal|Dark Aura
|move|p2a: Groudon|Stealth Rock|p1a: Yveltal
|-sidestart|p1: soviet glonk|move: Stealth Rock
|
|-weather|DesolateLand|[upkeep]
|upkeep
|turn|5
|
|t:|1632909383
|move|p1a: Yveltal|Defog|p2a: Groudon
|-unboost|p2a: Groudon|evasion|1
|-sideend|p1: soviet glonk|Spikes|[from] move: Defog|[of] p1a: Yveltal
|-sideend|p1: soviet glonk|Toxic Spikes|[from] move: Defog|[of] p1a: Yveltal
|-sideend|p1: soviet glonk|Stealth Rock|[from] move: Defog|[of] p1a: Yveltal
|move|p2a: Groudon|Thunder Wave|p1a: Yveltal
|-status|p1a: Yveltal|par
|
|-weather|DesolateLand|[upkeep]
|upkeep
|turn|6
|
|t:|1632909390
|-weather|none
|switch|p2a: Zacian|Zacian-Crowned|100/100
|-ability|p2a: Zacian|Intrepid Sword|boost
|-boost|p2a: Zacian|atk|1
|move|p1a: Yveltal|U-turn|p2a: Zacian
|-resisted|p2a: Zacian
|-damage|p2a: Zacian|96/100
|
|t:|1632909398
|switch|p1a: Necrozma|Necrozma-Dusk-Mane|100/100|[from]move: U-turn
|
|upkeep
|turn|7
|
|t:|1632909401
|switch|p2a: Ho-Oh|Ho-Oh|100/100
|move|p1a: Necrozma|Thunder Wave|p2a: Ho-Oh
|-status|p2a: Ho-Oh|par
|
|upkeep
|turn|8
|
|t:|1632909405
|move|p1a: Necrozma|Stealth Rock|p2a: Ho-Oh
|-sidestart|p2: GesuCristoBulimico|move: Stealth Rock
|move|p2a: Ho-Oh|Sacred Fire|p1a: Necrozma
|-supereffective|p1a: Necrozma
|-damage|p1a: Necrozma|63/100
|-status|p1a: Necrozma|brn
|
|-damage|p1a: Necrozma|57/100 brn|[from] brn
|upkeep
|turn|9
|
|t:|1632909409
|move|p1a: Necrozma|Morning Sun|p1a: Necrozma
|-heal|p1a: Necrozma|100/100 brn
|move|p2a: Ho-Oh|Defog|p1a: Necrozma
|-unboost|p1a: Necrozma|evasion|1
|-sideend|p2: GesuCristoBulimico|Stealth Rock|[from] move: Defog|[of] p2a: Ho-Oh
|
|-damage|p1a: Necrozma|94/100 brn|[from] brn
|upkeep
|turn|10
|j| Yurisum
|
|t:|1632909426
|move|p1a: Necrozma|Stealth Rock|p2a: Ho-Oh
|-sidestart|p2: GesuCristoBulimico|move: Stealth Rock
|cant|p2a: Ho-Oh|par
|
|-damage|p1a: Necrozma|88/100 brn|[from] brn
|upkeep
|turn|11
|
|t:|1632909444
|switch|p1a: Kyogre|Kyogre-Primal|100/100
|-weather|PrimordialSea|[from] ability: Primordial Sea|[of] p1a: Kyogre
|cant|p2a: Ho-Oh|par
|
|-weather|PrimordialSea|[upkeep]
|upkeep
|turn|12
|
|t:|1632909453
|move|p1a: Kyogre|Calm Mind|p1a: Kyogre
|-boost|p1a: Kyogre|spa|1
|-boost|p1a: Kyogre|spd|1
|move|p2a: Ho-Oh|Thunder Wave|p1a: Kyogre
|-status|p1a: Kyogre|par
|
|-weather|PrimordialSea|[upkeep]
|upkeep
|turn|13
|
|t:|1632909457
|move|p1a: Kyogre|Origin Pulse|p2a: Ho-Oh
|-supereffective|p2a: Ho-Oh
|-damage|p2a: Ho-Oh|0 fnt
|faint|p2a: Ho-Oh
|
|-weather|PrimordialSea|[upkeep]
|upkeep
|
|t:|1632909460
|switch|p2a: Groudon|Groudon-Primal|100/100
|-damage|p2a: Groudon|88/100|[from] Stealth Rock
|-weather|DesolateLand|[from] ability: Desolate Land|[of] p2a: Groudon
|turn|14
|
|t:|1632909471
|switch|p1a: Zygarde|Zygarde|100/100
|move|p2a: Groudon|Lava Plume|p1a: Zygarde
|-resisted|p1a: Zygarde
|-damage|p1a: Zygarde|78/100
|
|-weather|DesolateLand|[upkeep]
|-heal|p1a: Zygarde|84/100|[from] item: Leftovers
|upkeep
|turn|15
|
|t:|1632909475
|move|p1a: Zygarde|Glare|p2a: Groudon
|-status|p2a: Groudon|par
|move|p2a: Groudon|Lava Plume|p1a: Zygarde
|-resisted|p1a: Zygarde
|-damage|p1a: Zygarde|60/100
|
|-weather|DesolateLand|[upkeep]
|-heal|p1a: Zygarde|66/100|[from] item: Leftovers
|upkeep
|turn|16
|
|t:|1632909480
|move|p1a: Zygarde|Coil|p1a: Zygarde
|-boost|p1a: Zygarde|atk|1
|-boost|p1a: Zygarde|def|1
|-boost|p1a: Zygarde|accuracy|1
|move|p2a: Groudon|Lava Plume|p1a: Zygarde
|-resisted|p1a: Zygarde
|-crit|p1a: Zygarde
|-damage|p1a: Zygarde|32/100
|
|-weather|DesolateLand|[upkeep]
|-heal|p1a: Zygarde|38/100|[from] item: Leftovers
|-activate|p1a: Zygarde|ability: Power Construct
|detailschange|p1a: Zygarde|Zygarde-Complete
|-heal|p1a: Zygarde|59/100|[silent]
|upkeep
|turn|17
|
|t:|1632909485
|move|p1a: Zygarde|Thousand Arrows|p2a: Groudon
|-supereffective|p2a: Groudon
|-damage|p2a: Groudon|44/100 par
|cant|p2a: Groudon|par
|
|-weather|DesolateLand|[upkeep]
|-heal|p1a: Zygarde|65/100|[from] item: Leftovers
|upkeep
|turn|18
|
|t:|1632909489
|move|p1a: Zygarde|Coil|p1a: Zygarde
|-boost|p1a: Zygarde|atk|1
|-boost|p1a: Zygarde|def|1
|-boost|p1a: Zygarde|accuracy|1
|cant|p2a: Groudon|par
|
|-weather|DesolateLand|[upkeep]
|-heal|p1a: Zygarde|71/100|[from] item: Leftovers
|upkeep
|turn|19
|c|☆GesuCristoBulimico|nothing
|c|☆GesuCristoBulimico|always para and doesn't burn
|c|☆GesuCristoBulimico|why do i even try
|-message|GesuCristoBulimico forfeited.
|
|win|soviet glonk
|raw|soviet glonk's rating: 1579 &rarr; <strong>1598</strong><br />(+19 for winning)
|raw|GesuCristoBulimico's rating: 1567 &rarr; <strong>1548</strong><br />(-19 for losing)
|l|☆GesuCristoBulimico
|c|☆soviet glonk|thats how the game be
|c|☆soviet glonk|oh rip
