|j|☆Glaliegoesboom ❤
|j|☆Raboot Emo
|t:|1659832599
|gametype|singles
|player|p1|Glaliegoesboom ❤|1|
|player|p2|Raboot Emo|iris-gen5bw2|
|teamsize|p1|6
|teamsize|p2|6
|gen|8
|tier|[Gen 8] National Dex AG
|rule|HP Percentage Mod: HP is shown in percentages
|rule|Endless Battle Clause: Forcing endless battles is banned
|clearpoke
|poke|p1|Garchomp, M|
|poke|p1|Hippowdon, F|
|poke|p1|Dialga|
|poke|p1|Jellicent, F|
|poke|p1|Dracozolt|
|poke|p1|Urshifu-*, F|
|poke|p2|Altaria, F|
|poke|p2|Sylveon, M|
|poke|p2|Togekiss, F|
|poke|p2|Heatran, F|
|poke|p2|Tapu Fini|
|poke|p2|Excadrill, M|
|teampreview
|inactive|Battle timer is ON: inactive players will automatically lose when time's up. (requested by Glaliegoesboom ❤)
|inactive|Raboot Emo also wants the timer to be on.
|c|☆Glaliegoesboom ❤|Glhf
|c|☆Raboot Emo|have fun being the champ lmao
|
|t:|1659832623
|start
|switch|p1a: Dialga|Dialga|100/100
|switch|p2a: Bow|Sylveon, M, shiny|100/100
|-ability|p1a: Dialga|Pressure
|turn|1
|
|t:|1659832636
|switch|p2a: Emo Hair|Excadrill, M|100/100
|move|p1a: Dialga|Flash Cannon|p2a: Emo Hair
|-resisted|p2a: Emo Hair
|-damage|p2a: Emo Hair|70/100
|
|upkeep
|turn|2
|
|t:|1659832643
|switch|p1a: Jellicent|Jellicent, F|100/100
|move|p2a: Emo Hair|Sandstorm|p2a: Emo Hair
|-weather|Sandstorm
|
|-weather|Sandstorm|[upkeep]
|-damage|p1a: Jellicent|94/100|[from] Sandstorm
|upkeep
|turn|3
|
|t:|1659832652
|move|p2a: Emo Hair|Protect|p2a: Emo Hair
|-singleturn|p2a: Emo Hair|Protect
|move|p1a: Jellicent|Will-O-Wisp|p2a: Emo Hair
|-activate|p2a: Emo Hair|move: Protect
|
|-weather|Sandstorm|[upkeep]
|-damage|p1a: Jellicent|88/100|[from] Sandstorm
|upkeep
|turn|4
|
|t:|1659832664
|move|p2a: Emo Hair|Iron Head|p1a: Jellicent
|-resisted|p1a: Jellicent
|-crit|p1a: Jellicent
|-damage|p1a: Jellicent|63/100
|move|p1a: Jellicent|Will-O-Wisp|p2a: Emo Hair
|-status|p2a: Emo Hair|brn
|
|-weather|Sandstorm|[upkeep]
|-damage|p1a: Jellicent|56/100|[from] Sandstorm
|-damage|p2a: Emo Hair|64/100 brn|[from] brn
|upkeep
|turn|5
|
|t:|1659832675
|move|p2a: Emo Hair|Protect|p2a: Emo Hair
|-singleturn|p2a: Emo Hair|Protect
|move|p1a: Jellicent|Strength Sap|p2a: Emo Hair
|-activate|p2a: Emo Hair|move: Protect
|
|-weather|Sandstorm|[upkeep]
|-damage|p1a: Jellicent|50/100|[from] Sandstorm
|-enditem|p1a: Jellicent|Sitrus Berry|[eat]
|-heal|p1a: Jellicent|75/100|[from] item: Sitrus Berry
|-damage|p2a: Emo Hair|58/100 brn|[from] brn
|upkeep
|turn|6
|
|t:|1659832684
|move|p2a: Emo Hair|Iron Head|p1a: Jellicent
|-resisted|p1a: Jellicent
|-damage|p1a: Jellicent|66/100
|move|p1a: Jellicent|Hex|p2a: Emo Hair
|-damage|p2a: Emo Hair|8/100 brn
|
|-weather|none
|-damage|p2a: Emo Hair|2/100 brn|[from] brn
|upkeep
|turn|7
|
|t:|1659832696
|move|p2a: Emo Hair|Protect|p2a: Emo Hair
|-singleturn|p2a: Emo Hair|Protect
|move|p1a: Jellicent|Strength Sap|p2a: Emo Hair
|-activate|p2a: Emo Hair|move: Protect
|
|-damage|p2a: Emo Hair|0 fnt|[from] brn
|faint|p2a: Emo Hair
|upkeep
|
|t:|1659832711
|switch|p2a: Da Alola Anime|Tapu Fini, shiny|100/100
|-fieldstart|move: Misty Terrain|[from] ability: Misty Surge|[of] p2a: Da Alola Anime
|turn|8
|
|t:|1659832722
|move|p2a: Da Alola Anime|Taunt|p1a: Jellicent
|-start|p1a: Jellicent|move: Taunt
|cant|p1a: Jellicent|move: Taunt|Strength Sap
|
|upkeep
|turn|9
|
|t:|1659832732
|switch|p1a: Hippowdon|Hippowdon, F|100/100
|-weather|Sandstorm|[from] ability: Sand Stream|[of] p1a: Hippowdon
|move|p2a: Da Alola Anime|Defog|p1a: Hippowdon
|-unboost|p1a: Hippowdon|evasion|1
|-fieldend|Misty Terrain
|
|-weather|Sandstorm|[upkeep]
|-damage|p2a: Da Alola Anime|94/100|[from] Sandstorm
|-heal|p2a: Da Alola Anime|100/100|[from] item: Leftovers
|upkeep
|turn|10
|
|t:|1659832746
|switch|p1a: Jellicent|Jellicent, F|66/100
|move|p2a: Da Alola Anime|Scald|p1a: Jellicent
|-heal|p1a: Jellicent|91/100|[from] ability: Water Absorb|[of] p2a: Da Alola Anime
|
|-weather|Sandstorm|[upkeep]
|-damage|p2a: Da Alola Anime|94/100|[from] Sandstorm
|-damage|p1a: Jellicent|85/100|[from] Sandstorm
|-heal|p2a: Da Alola Anime|100/100|[from] item: Leftovers
|upkeep
|turn|11
|inactive|Raboot Emo has 270 seconds left.
|
|t:|1659832778
|switch|p1a: Dracozolt|Dracozolt|100/100
|move|p2a: Da Alola Anime|Taunt|p1a: Dracozolt
|-start|p1a: Dracozolt|move: Taunt
|
|-weather|Sandstorm|[upkeep]
|-damage|p2a: Da Alola Anime|94/100|[from] Sandstorm
|-heal|p2a: Da Alola Anime|100/100|[from] item: Leftovers
|upkeep
|turn|12
|inactive|Raboot Emo has 270 seconds left.
|
|t:|1659832789
|move|p1a: Dracozolt|Bolt Beak|p2a: Da Alola Anime
|-supereffective|p2a: Da Alola Anime
|-damage|p2a: Da Alola Anime|0 fnt
|faint|p2a: Da Alola Anime
|
|-weather|Sandstorm|[upkeep]
|upkeep
|
|t:|1659832797
|switch|p2a: Braces|Heatran, F|100/100
|turn|13
|
|t:|1659832801
|move|p1a: Dracozolt|Earthquake|p2a: Braces
|-supereffective|p2a: Braces
|-damage|p2a: Braces|0 fnt
|faint|p2a: Braces
|
|-weather|Sandstorm|[upkeep]
|-end|p1a: Dracozolt|move: Taunt
|upkeep
|inactive|Raboot Emo has 270 seconds left.
|
|t:|1659832811
|switch|p2a: Anti-Garchomp|Togekiss, F|100/100
|turn|14
|
|t:|1659832816
|move|p1a: Dracozolt|Bolt Beak|p2a: Anti-Garchomp
|-supereffective|p2a: Anti-Garchomp
|-damage|p2a: Anti-Garchomp|0 fnt
|faint|p2a: Anti-Garchomp
|
|-weather|Sandstorm|[upkeep]
|upkeep
|
|t:|1659832826
|switch|p2a: Loofah|Altaria, F, shiny|100/100
|turn|15
|
|t:|1659832839
|switch|p1a: Dialga|Dialga|100/100
|-ability|p1a: Dialga|Pressure
|detailschange|p2a: Loofah|Altaria-Mega, F, shiny
|-mega|p2a: Loofah|Altaria|Altarianite
|move|p2a: Loofah|Dragon Dance|p2a: Loofah
|-boost|p2a: Loofah|atk|1
|-boost|p2a: Loofah|spe|1
|
|-weather|Sandstorm|[upkeep]
|-damage|p2a: Loofah|94/100|[from] Sandstorm
|upkeep
|turn|16
|
|t:|1659832850
|-start|p1a: Dialga|Dynamax|
|-heal|p1a: Dialga|100/100|[silent]
|move|p2a: Loofah|Fire Blast|p1a: Dialga
|-damage|p1a: Dialga|92/100
|move|p1a: Dialga|Max Steelspike|p2a: Loofah
|-supereffective|p2a: Loofah
|-damage|p2a: Loofah|0 fnt
|-boost|p1a: Dialga|def|1
|faint|p2a: Loofah
|
|-weather|none
|upkeep
|inactive|Raboot Emo has 270 seconds left.
|c|☆Raboot Emo|see im quite the kalos e4
|c|☆Raboot Emo|im not that good lol
|
|t:|1659832873
|switch|p2a: Bow|Sylveon, M, shiny|100/100
|turn|17
|
|t:|1659832878
|move|p2a: Bow|Protect|p2a: Bow
|-singleturn|p2a: Bow|Protect
|move|p1a: Dialga|Max Steelspike|p2a: Bow
|-supereffective|p2a: Bow
|-zbroken|p2a: Bow
|-damage|p2a: Bow|75/100
|-boost|p1a: Dialga|def|1
|
|-heal|p2a: Bow|81/100|[from] item: Leftovers
|upkeep
|turn|18
|inactive|Raboot Emo has 270 seconds left.
|
|t:|1659832897
|move|p1a: Dialga|Max Steelspike|p2a: Bow
|-supereffective|p2a: Bow
|-damage|p2a: Bow|0 fnt
|-boost|p1a: Dialga|def|1
|faint|p2a: Bow
|
|win|Glaliegoesboom ❤
