|j|☆LpZ IV
|j|☆DragoniteSW
|t:|1669475159
|gametype|singles
|player|p1|LpZ IV|#puwcop2021brazil|
|player|p2|DragoniteSW|steven|
|teamsize|p1|6
|teamsize|p2|6
|gen|8
|tier|[Gen 8] National Dex AG
|rule|HP Percentage Mod: HP is shown in percentages
|rule|Endless Battle Clause: Forcing endless battles is banned
|clearpoke
|poke|p1|Kyogre|
|poke|p1|Necrozma-Dusk-Mane|
|poke|p1|Arceus-*|
|poke|p1|Rayquaza|
|poke|p1|Zacian-*|
|poke|p1|Arceus-*|
|poke|p2|Arceus-*|
|poke|p2|Arceus-*|
|poke|p2|Arceus-*|
|poke|p2|Arceus-*|
|poke|p2|Arceus-*|
|poke|p2|Arceus-*|
|teampreview
|c|☆DragoniteSW|Gl
|c|☆LpZ IV|hf
|c|☆DragoniteSW|Hope this game ends before turn 100
|inactive|Battle timer is ON: inactive players will automatically lose when time's up. (requested by DragoniteSW)
|
|t:|1669475188
|start
|switch|p1a: Kyogre|Kyogre|100/100
|switch|p2a: Arceus|Arceus-Water|100/100
|-weather|RainDance|[from] ability: Drizzle|[of] p1a: Kyogre
|turn|1
|j| realpineaplefred
|c| realpineaplefred|Hmmmmmmmmmmmmmm
|c| realpineaplefred|Hmmmmmmmmmmmmm
|inactive|LpZ IV has 270 seconds left.
|inactive|LpZ IV has 240 seconds left.
|
|t:|1669475249
|move|p1a: Kyogre|Calm Mind|p1a: Kyogre
|-boost|p1a: Kyogre|spa|1
|-boost|p1a: Kyogre|spd|1
|move|p2a: Arceus|Will-O-Wisp|p1a: Kyogre
|-status|p1a: Kyogre|brn
|
|-weather|RainDance|[upkeep]
|-damage|p1a: Kyogre|94/100 brn|[from] brn
|upkeep
|turn|2
|c| realpineaplefred|What will he Click
|c| realpineaplefred|Hmmmm
|
|t:|1669475273
|move|p1a: Kyogre|Calm Mind|p1a: Kyogre
|-boost|p1a: Kyogre|spa|1
|-boost|p1a: Kyogre|spd|1
|move|p2a: Arceus|Whirlpool|p1a: Kyogre|[miss]
|-miss|p2a: Arceus|p1a: Kyogre
|
|-weather|RainDance|[upkeep]
|-damage|p1a: Kyogre|88/100 brn|[from] brn
|upkeep
|turn|3
|c| realpineaplefred|Wtf
|c|☆DragoniteSW|Same speed?
|inactive|DragoniteSW has 270 seconds left.
|c|☆DragoniteSW|Oh ur faster sry
|inactive|DragoniteSW has 240 seconds left.
|
|t:|1669475335
|-start|p1a: Kyogre|Dynamax|
|-heal|p1a: Kyogre|88/100 brn|[silent]
|move|p1a: Kyogre|Max Airstream|p2a: Arceus
|-damage|p2a: Arceus|48/100
|-boost|p1a: Kyogre|spe|1
|-damage|p1a: Kyogre|83/100 brn|[from] item: Life Orb
|move|p2a: Arceus|Perish Song|p2a: Arceus
|-start|p1a: Kyogre|perish3|[silent]
|-start|p2a: Arceus|perish3|[silent]
|-fieldactivate|move: Perish Song
|
|-weather|RainDance|[upkeep]
|-damage|p1a: Kyogre|80/100 brn|[from] brn
|-start|p1a: Kyogre|perish3
|-start|p2a: Arceus|perish3
|upkeep
|turn|4
|inactive|DragoniteSW has 210 seconds left.
|inactive|LpZ IV has 240 seconds left.
|inactive|DragoniteSW has 180 seconds left.
|inactive|LpZ IV has 210 seconds left.
|inactive|DragoniteSW has 150 seconds left.
|inactive|LpZ IV has 180 seconds left.
|
|t:|1669475442
|switch|p2a: Ground|Arceus-Ground|100/100
|move|p1a: Kyogre|Max Geyser|p2a: Ground
|-supereffective|p2a: Ground
|-damage|p2a: Ground|0 fnt
|faint|p2a: Ground
|-damage|p1a: Kyogre|75/100 brn|[from] item: Life Orb
|
|-weather|RainDance|[upkeep]
|-damage|p1a: Kyogre|72/100 brn|[from] brn
|-start|p1a: Kyogre|perish2
|upkeep
|inactive|DragoniteSW has 120 seconds left.
|inactive|DragoniteSW has 90 seconds left.
|inactive|DragoniteSW has 60 seconds left.
|
|t:|1669475522
|switch|p2a: Arceus|Arceus-Water|48/100
|turn|5
|c| realpineaplefred|what is he sacking
|inactive|DragoniteSW has 60 seconds left.
|
|t:|1669475535
|move|p1a: Kyogre|Max Geyser|p2a: Arceus
|-resisted|p2a: Arceus
|-damage|p2a: Arceus|0 fnt
|faint|p2a: Arceus
|-damage|p1a: Kyogre|67/100 brn|[from] item: Life Orb
|
|-weather|none
|-damage|p1a: Kyogre|64/100 brn|[from] brn
|-start|p1a: Kyogre|perish1
|upkeep
|inactive|DragoniteSW has 60 seconds left.
|
|t:|1669475560
|switch|p2a: Physical|Arceus-Ground|100/100
|-end|p1a: Kyogre|Dynamax
|-heal|p1a: Kyogre|64/100 brn|[silent]
|turn|6
|inactive|LpZ IV has 180 seconds left.
|
|t:|1669475581
|switch|p2a: Special|Arceus-Dark|100/100
|move|p1a: Kyogre|Origin Pulse|p2a: Special
|-damage|p2a: Special|26/100
|-damage|p1a: Kyogre|54/100 brn|[from] item: Life Orb
|
|-damage|p1a: Kyogre|48/100 brn|[from] brn
|-start|p1a: Kyogre|perish0
|upkeep
|faint|p1a: Kyogre
|
|t:|1669475586
|switch|p1a: Zacian|Zacian-Crowned|100/100
|-ability|p1a: Zacian|Intrepid Sword|boost
|-boost|p1a: Zacian|atk|1
|turn|7
|
|t:|1669475592
|switch|p2a: Physical|Arceus-Ground|100/100
|move|p1a: Zacian|Behemoth Blade|p2a: Physical
|-damage|p2a: Physical|46/100
|
|upkeep
|turn|8
|
|t:|1669475603
|move|p1a: Zacian|Behemoth Blade|p2a: Physical
|-damage|p2a: Physical|0 fnt
|faint|p2a: Physical
|
|upkeep
|
|t:|1669475622
|switch|p2a: Arceus|Arceus|100/100
|turn|9
|
|t:|1669475625
|move|p1a: Zacian|Close Combat|p2a: Arceus
|-supereffective|p2a: Arceus
|-damage|p2a: Arceus|0 fnt
|-unboost|p1a: Zacian|def|1
|-unboost|p1a: Zacian|spd|1
|faint|p2a: Arceus
|
|upkeep
|
|t:|1669475629
|switch|p2a: Sky|Arceus-Flying|100/100
|turn|10
|inactive|LpZ IV has 210 seconds left.
|
|t:|1669475639
|-start|p2a: Sky|Dynamax|
|-heal|p2a: Sky|100/100|[silent]
|move|p1a: Zacian|Wild Charge|p2a: Sky
|-supereffective|p2a: Sky
|-damage|p2a: Sky|61/100
|-damage|p1a: Zacian|74/100|[from] Recoil
|move|p2a: Sky|Max Airstream|p1a: Zacian
|-resisted|p1a: Zacian
|-damage|p1a: Zacian|19/100
|-boost|p2a: Sky|spe|1
|
|upkeep
|turn|11
|c|☆DragoniteSW|Gg
|c|☆LpZ IV|gg
|inactive|LpZ IV has 210 seconds left.
|
|t:|1669475652
|move|p2a: Sky|Max Quake|p1a: Zacian
|-supereffective|p1a: Zacian
|-damage|p1a: Zacian|0 fnt
|-boost|p2a: Sky|spd|1
|faint|p1a: Zacian
|
|upkeep
|inactive|LpZ IV has 210 seconds left.
|
|t:|1669475665
|switch|p1a: Necrozma|Necrozma-Dusk-Mane|100/100
|turn|12
|
|t:|1669475669
|move|p2a: Sky|Max Quake|p1a: Necrozma
|-supereffective|p1a: Necrozma
|-damage|p1a: Necrozma|44/100
|-boost|p2a: Sky|spd|1
|move|p1a: Necrozma|Thunder Wave|p2a: Sky
|-status|p2a: Sky|par
|
|upkeep
|-end|p2a: Sky|Dynamax
|-heal|p2a: Sky|61/100 par|[silent]
|turn|13
|
|t:|1669475677
|move|p2a: Sky|Calm Mind|p2a: Sky
|-boost|p2a: Sky|spa|1
|-boost|p2a: Sky|spd|1
|move|p1a: Necrozma|Sunsteel Strike|p2a: Sky
|-damage|p2a: Sky|29/100 par
|
|upkeep
|turn|14
|inactive|DragoniteSW has 90 seconds left.
|
|t:|1669475684
|move|p2a: Sky|Earth Power|p1a: Necrozma
|-supereffective|p1a: Necrozma
|-damage|p1a: Necrozma|0 fnt
|faint|p1a: Necrozma
|
|upkeep
|
|t:|1669475686
|switch|p1a: Rayquaza|Rayquaza|100/100
|-ability|p1a: Rayquaza|Air Lock
|turn|15
|inactive|LpZ IV has 240 seconds left.
|
|t:|1669475693
|detailschange|p1a: Rayquaza|Rayquaza-Mega
|-mega|p1a: Rayquaza|Rayquaza|
|-weather|DeltaStream|[from] ability: Delta Stream|[of] p1a: Rayquaza
|move|p1a: Rayquaza|Dragon Ascent|p2a: Sky
|-damage|p2a: Sky|0 fnt
|-unboost|p1a: Rayquaza|def|1
|-unboost|p1a: Rayquaza|spd|1
|faint|p2a: Sky
|
|-weather|DeltaStream|[upkeep]
|upkeep
|
|t:|1669475699
|switch|p2a: Special|Arceus-Dark|26/100
|turn|16
|
|t:|1669475702
|move|p1a: Rayquaza|Dragon Ascent|p2a: Special
|-damage|p2a: Special|0 fnt
|-unboost|p1a: Rayquaza|def|1
|-unboost|p1a: Rayquaza|spd|1
|faint|p2a: Special
|
|win|LpZ IV
|c|☆LpZ IV|ggs
|c|☆DragoniteSW|g.
|c| realpineaplefred|g
|l| realpineaplefred
|l|☆DragoniteSW
|j|☆DragoniteSW
|player|p2|DragoniteSW|steven
|l|☆DragoniteSW
|player|p2|
|l|☆LpZ IV
|j| realpineaplefred
