|j|☆xing-ggggg
|j|☆Master kushagra
|t:|1667712407
|gametype|singles
|player|p1|xing-ggggg|hexmaniac-gen6|1655
|player|p2|Master kushagra|leon-masters|1664
|teamsize|p1|6
|teamsize|p2|6
|gen|8
|tier|[Gen 8] National Dex AG
|rated|
|rule|HP Percentage Mod: HP is shown in percentages
|rule|Endless Battle Clause: Forcing endless battles is banned
|clearpoke
|poke|p1|Hatterene, F|
|poke|p1|Hatterene, F|
|poke|p1|Hatterene, F|
|poke|p1|Melmetal|
|poke|p1|Melmetal|
|poke|p1|Melmetal|
|poke|p2|Arceus-*|
|poke|p2|Zacian-*|
|poke|p2|Rayquaza|
|poke|p2|Yveltal|
|poke|p2|Calyrex-Shadow|
|poke|p2|Necrozma-Dusk-Mane|
|teampreview
|
|t:|1667712413
|start
|switch|p1a: Hatterene|Hatterene, F, shiny|100/100
|switch|p2a: Arceus|Arceus-Ground|100/100
|turn|1
|
|t:|1667712419
|move|p2a: Arceus|Stealth Rock|p1a: Hatterene
|move|p1a: Hatterene|Stealth Rock|p2a: Arceus|[from]ability: Magic Bounce
|-sidestart|p2: Master kushagra|move: Stealth Rock
|move|p1a: Hatterene|Trick Room|p1a: Hatterene
|-fieldstart|move: Trick Room|[of] p1a: Hatterene
|
|upkeep
|turn|2
|
|t:|1667712427
|move|p1a: Hatterene|Healing Wish|p1a: Hatterene
|faint|p1a: Hatterene
|move|p2a: Arceus|Earthquake|p1: Hatterene|[notarget]
|-fail|p2a: Arceus
|
|upkeep
|
|t:|1667712431
|switch|p1a: Melmetal|Melmetal|100/100
|turn|3
|
|t:|1667712435
|move|p1a: Melmetal|Double Iron Bash|p2a: Arceus
|-damage|p2a: Arceus|57/100
|-damage|p2a: Arceus|13/100
|-hitcount|p2a: Arceus|2
|cant|p2a: Arceus|flinch
|
|upkeep
|turn|4
|
|t:|1667712442
|move|p1a: Melmetal|Double Iron Bash|p2a: Arceus
|-damage|p2a: Arceus|0 fnt
|faint|p2a: Arceus
|-hitcount|p2: Arceus|1
|
|upkeep
|
|t:|1667712447
|switch|p2a: Necrozma|Necrozma-Dusk-Mane, shiny|100/100
|-damage|p2a: Necrozma|94/100|[from] Stealth Rock
|turn|5
|
|t:|1667712451
|-start|p2a: Necrozma|Dynamax|
|-heal|p2a: Necrozma|94/100|[silent]
|move|p1a: Melmetal|Double Iron Bash|p2a: Necrozma
|-resisted|p2a: Necrozma
|-damage|p2a: Necrozma|83/100
|-resisted|p2a: Necrozma
|-damage|p2a: Necrozma|71/100
|-hitcount|p2a: Necrozma|2
|move|p2a: Necrozma|Max Quake|p1a: Melmetal
|-supereffective|p1a: Melmetal
|-damage|p1a: Melmetal|54/100
|-boost|p2a: Necrozma|spd|1
|
|-fieldend|move: Trick Room
|upkeep
|turn|6
|
|t:|1667712457
|move|p2a: Necrozma|Max Steelspike|p1a: Melmetal
|-resisted|p1a: Melmetal
|-damage|p1a: Melmetal|36/100
|-boost|p2a: Necrozma|def|1
|move|p1a: Melmetal|Double Iron Bash|p2a: Necrozma
|-resisted|p2a: Necrozma
|-damage|p2a: Necrozma|63/100
|-resisted|p2a: Necrozma
|-damage|p2a: Necrozma|56/100
|-hitcount|p2a: Necrozma|2
|
|upkeep
|turn|7
|
|t:|1667712463
|move|p2a: Necrozma|Max Quake|p1a: Melmetal
|-supereffective|p1a: Melmetal
|-damage|p1a: Melmetal|0 fnt
|-boost|p2a: Necrozma|spd|1
|faint|p1a: Melmetal
|
|upkeep
|
|t:|1667712467
|switch|p1a: Hatterene|Hatterene, F, shiny|100/100
|-end|p2a: Necrozma|Dynamax
|-heal|p2a: Necrozma|56/100|[silent]
|turn|8
|
|t:|1667712470
|move|p2a: Necrozma|Morning Sun|p2a: Necrozma
|-heal|p2a: Necrozma|100/100
|move|p1a: Hatterene|Trick Room|p1a: Hatterene
|-fieldstart|move: Trick Room|[of] p1a: Hatterene
|
|upkeep
|turn|9
|
|t:|1667712477
|move|p1a: Hatterene|Healing Wish|p1a: Hatterene
|faint|p1a: Hatterene
|move|p2a: Necrozma|Dragon Dance|p2a: Necrozma
|-boost|p2a: Necrozma|atk|1
|-boost|p2a: Necrozma|spe|1
|
|upkeep
|
|t:|1667712479
|switch|p1a: Melmetal|Melmetal|100/100
|turn|10
|
|t:|1667712486
|-start|p1a: Melmetal|Dynamax|
|-heal|p1a: Melmetal|100/100|[silent]
|move|p1a: Melmetal|Max Knuckle|p2a: Necrozma
|-damage|p2a: Necrozma|82/100
|-boost|p1a: Melmetal|atk|1
|move|p2a: Necrozma|Morning Sun|p2a: Necrozma
|-heal|p2a: Necrozma|100/100
|
|upkeep
|turn|11
|
|t:|1667712492
|move|p1a: Melmetal|Max Quake|p2a: Necrozma
|-supereffective|p2a: Necrozma
|-damage|p2a: Necrozma|49/100
|-boost|p1a: Melmetal|spd|1
|-enditem|p2a: Necrozma|Weakness Policy
|-boost|p2a: Necrozma|atk|2|[from] item: Weakness Policy
|-boost|p2a: Necrozma|spa|2|[from] item: Weakness Policy
|move|p2a: Necrozma|Earthquake|p1a: Melmetal
|-supereffective|p1a: Melmetal
|-damage|p1a: Melmetal|59/100
|
|upkeep
|turn|12
|
|t:|1667712502
|move|p1a: Melmetal|Max Quake|p2a: Necrozma
|-supereffective|p2a: Necrozma
|-damage|p2a: Necrozma|0 fnt
|-boost|p1a: Melmetal|spd|1
|faint|p2a: Necrozma
|
|-fieldend|move: Trick Room
|upkeep
|
|t:|1667712509
|switch|p2a: Zacian|Zacian-Crowned, shiny|100/100
|-damage|p2a: Zacian|94/100|[from] Stealth Rock
|-ability|p2a: Zacian|Intrepid Sword|boost
|-boost|p2a: Zacian|atk|1
|-end|p1a: Melmetal|Dynamax
|-heal|p1a: Melmetal|59/100|[silent]
|turn|13
|
|t:|1667712512
|move|p2a: Zacian|Sacred Sword|p1a: Melmetal
|-supereffective|p1a: Melmetal
|-damage|p1a: Melmetal|0 fnt
|faint|p1a: Melmetal
|
|upkeep
|
|t:|1667712515
|switch|p1a: Hatterene|Hatterene, F, shiny|100/100
|turn|14
|
|t:|1667712520
|move|p2a: Zacian|Behemoth Blade|p1a: Hatterene
|-supereffective|p1a: Hatterene
|-enditem|p1a: Hatterene|Focus Sash
|-damage|p1a: Hatterene|1/100
|move|p1a: Hatterene|Trick Room|p1a: Hatterene
|-fieldstart|move: Trick Room|[of] p1a: Hatterene
|
|upkeep
|turn|15
|
|t:|1667712525
|switch|p2a: Rayquaza|Rayquaza|100/100
|-damage|p2a: Rayquaza|76/100|[from] Stealth Rock
|-ability|p2a: Rayquaza|Air Lock
|move|p1a: Hatterene|Healing Wish|p1a: Hatterene
|faint|p1a: Hatterene
|
|upkeep
|
|t:|1667712527
|switch|p1a: Melmetal|Melmetal|100/100
|turn|16
|
|t:|1667712530
|detailschange|p2a: Rayquaza|Rayquaza-Mega
|-mega|p2a: Rayquaza|Rayquaza|
|-weather|DeltaStream|[from] ability: Delta Stream|[of] p2a: Rayquaza
|move|p1a: Melmetal|Double Iron Bash|p2a: Rayquaza
|-crit|p2a: Rayquaza
|-damage|p2a: Rayquaza|0 fnt
|faint|p2a: Rayquaza
|-weather|none
|-hitcount|p2: Rayquaza|1
|
|upkeep
|
|t:|1667712538
|switch|p2a: Yveltal|Yveltal, shiny|100/100
|-damage|p2a: Yveltal|76/100|[from] Stealth Rock
|-ability|p2a: Yveltal|Dark Aura
|turn|17
|
|t:|1667712541
|move|p2a: Yveltal|Sucker Punch|p1a: Melmetal
|-damage|p1a: Melmetal|68/100
|-damage|p2a: Yveltal|66/100|[from] item: Life Orb
|move|p1a: Melmetal|Double Iron Bash|p2a: Yveltal
|-crit|p2a: Yveltal
|-damage|p2a: Yveltal|0 fnt
|faint|p2a: Yveltal
|-hitcount|p2: Yveltal|1
|
|upkeep
|
|t:|1667712543
|switch|p2a: Calyrex|Calyrex-Shadow|100/100
|-ability|p2a: Calyrex|As One
|-ability|p2a: Calyrex|Unnerve
|-damage|p2a: Calyrex|88/100|[from] Stealth Rock
|turn|18
|
|t:|1667712545
|move|p1a: Melmetal|Double Iron Bash|p2a: Calyrex
|-damage|p2a: Calyrex|5/100
|-damage|p2a: Calyrex|0 fnt
|faint|p2a: Calyrex
|-hitcount|p2: Calyrex|2
|
|-fieldend|move: Trick Room
|upkeep
|
|t:|1667712547
|switch|p2a: Zacian|Zacian-Crowned, shiny|94/100
|-damage|p2a: Zacian|88/100|[from] Stealth Rock
|-ability|p2a: Zacian|Intrepid Sword|boost
|-boost|p2a: Zacian|atk|1
|turn|19
|
|t:|1667712549
|move|p2a: Zacian|Sacred Sword|p1a: Melmetal
|-supereffective|p1a: Melmetal
|-damage|p1a: Melmetal|5/100
|move|p1a: Melmetal|Double Iron Bash|p2a: Zacian
|-damage|p2a: Zacian|25/100
|-damage|p2a: Zacian|0 fnt
|faint|p2a: Zacian
|-hitcount|p2: Zacian|2
|
|win|xing-ggggg
|raw|xing-ggggg's rating: 1655 &rarr; <strong>1676</strong><br />(+21 for winning)
|raw|Master kushagra's rating: 1664 &rarr; <strong>1643</strong><br />(-21 for losing)
