|j|☆TheGirl0nFire
|j|☆SpareAnyCredits6
|t:|1663172098
|gametype|singles
|player|p1|TheGirl0nFire|flannery|1657
|player|p2|SpareAnyCredits6|wattson|1556
|teamsize|p1|6
|teamsize|p2|6
|gen|8
|tier|[Gen 8] National Dex AG
|rated|
|rule|HP Percentage Mod: HP is shown in percentages
|rule|Endless Battle Clause: Forcing endless battles is banned
|clearpoke
|poke|p1|Regieleki|
|poke|p1|Regieleki|
|poke|p1|Regieleki|
|poke|p1|Umbreon, F|
|poke|p1|Buzzwole|
|poke|p1|Dugtrio, F|
|poke|p2|Calyrex-Shadow|
|poke|p2|Kyogre|
|poke|p2|Deoxys-Speed|
|poke|p2|Ho-Oh|
|poke|p2|Kangaskhan, F|
|poke|p2|Blastoise, F|
|teampreview
|
|t:|1663172103
|start
|switch|p1a: Regieleki|Regieleki|100/100
|switch|p2a: Deoxys|Deoxys-Speed, shiny|100/100
|-ability|p2a: Deoxys|Pressure
|turn|1
|inactive|Battle timer is ON: inactive players will automatically lose when time's up. (requested by SpareAnyCredits6)
|
|t:|1663172109
|move|p2a: Deoxys|Stealth Rock|p1a: Regieleki
|-sidestart|p1: TheGirl0nFire|move: Stealth Rock
|move|p1a: Regieleki|Rapid Spin|p2a: Deoxys
|-damage|p2a: Deoxys|83/100
|-boost|p1a: Regieleki|spe|1
|-sideend|p1: TheGirl0nFire|Stealth Rock|[from] move: Rapid Spin|[of] p1a: Regieleki
|
|upkeep
|turn|2
|
|t:|1663172115
|move|p2a: Deoxys|Extreme Speed|p1a: Regieleki
|-damage|p1a: Regieleki|57/100
|move|p1a: Regieleki|Thunderbolt|p2a: Deoxys
|-damage|p2a: Deoxys|0 fnt
|faint|p2a: Deoxys
|
|upkeep
|
|t:|1663172121
|switch|p2a: Kangaskhan|Kangaskhan, F, shiny|100/100
|turn|3
|
|t:|1663172124
|switch|p1a: Buzzwole|Buzzwole|100/100
|detailschange|p2a: Kangaskhan|Kangaskhan-Mega, F, shiny
|-mega|p2a: Kangaskhan|Kangaskhan|Kangaskhanite
|move|p2a: Kangaskhan|Fake Out|p1a: Buzzwole
|-damage|p1a: Buzzwole|90/100
|-damage|p2a: Kangaskhan|84/100|[from] item: Rocky Helmet|[of] p1a: Buzzwole
|-damage|p1a: Buzzwole|88/100
|-damage|p2a: Kangaskhan|67/100|[from] item: Rocky Helmet|[of] p1a: Buzzwole
|-hitcount|p1a: Buzzwole|2
|
|upkeep
|turn|4
|
|t:|1663172134
|switch|p2a: Ho-Oh|Ho-Oh, shiny|100/100
|move|p1a: Buzzwole|Drain Punch|p2a: Ho-Oh
|-resisted|p2a: Ho-Oh
|-damage|p2a: Ho-Oh|86/100
|-heal|p1a: Buzzwole|95/100|[from] drain|[of] p2a: Ho-Oh
|
|-heal|p2a: Ho-Oh|92/100|[from] item: Leftovers
|upkeep
|turn|5
|
|t:|1663172145
|switch|p1a: Regieleki|Regieleki|100/100
|move|p2a: Ho-Oh|Sacred Fire|p1a: Regieleki
|-damage|p1a: Regieleki|0 fnt
|faint|p1a: Regieleki
|
|-heal|p2a: Ho-Oh|99/100|[from] item: Leftovers
|upkeep
|
|t:|1663172147
|switch|p1a: Regieleki|Regieleki|100/100
|turn|6
|
|t:|1663172160
|-start|p2a: Ho-Oh|Dynamax|
|-heal|p2a: Ho-Oh|99/100|[silent]
|move|p1a: Regieleki|Thunderbolt|p2a: Ho-Oh
|-supereffective|p2a: Ho-Oh
|-damage|p2a: Ho-Oh|46/100
|move|p2a: Ho-Oh|Max Flare|p1a: Regieleki
|-damage|p1a: Regieleki|0 fnt
|-weather|SunnyDay
|faint|p1a: Regieleki
|
|-weather|SunnyDay|[upkeep]
|-heal|p2a: Ho-Oh|50/100|[from] item: Leftovers
|upkeep
|
|t:|1663172163
|switch|p1a: Regieleki|Regieleki|57/100
|turn|7
|
|t:|1663172174
|-end|p2a: Ho-Oh|Dynamax
|-heal|p2a: Ho-Oh|50/100|[silent]
|switch|p2a: Kangaskhan|Kangaskhan-Mega, F, shiny|67/100
|-start|p1a: Regieleki|Dynamax|
|-heal|p1a: Regieleki|57/100|[silent]
|move|p1a: Regieleki|Max Lightning|p2a: Kangaskhan
|-damage|p2a: Kangaskhan|0 fnt
|-fieldstart|move: Electric Terrain
|faint|p2a: Kangaskhan
|
|-weather|SunnyDay|[upkeep]
|upkeep
|
|t:|1663172186
|switch|p2a: Calyrex|Calyrex-Shadow|100/100
|-ability|p2a: Calyrex|As One
|-ability|p2a: Calyrex|Unnerve
|turn|8
|
|t:|1663172192
|-end|p1a: Regieleki|Dynamax
|-heal|p1a: Regieleki|57/100|[silent]
|switch|p1a: Umbreon|Umbreon, F|100/100
|move|p2a: Calyrex|Astral Barrage|p1a: Umbreon
|-resisted|p1a: Umbreon
|-damage|p1a: Umbreon|82/100
|
|-weather|SunnyDay|[upkeep]
|-heal|p1a: Umbreon|88/100|[from] item: Leftovers
|upkeep
|turn|9
|
|t:|1663172203
|switch|p2a: Ho-Oh|Ho-Oh, shiny|83/100
|move|p1a: Umbreon|Toxic|p2a: Ho-Oh|[miss]
|-miss|p1a: Umbreon|p2a: Ho-Oh
|
|-weather|SunnyDay|[upkeep]
|-heal|p2a: Ho-Oh|89/100|[from] item: Leftovers
|-heal|p1a: Umbreon|94/100|[from] item: Leftovers
|upkeep
|turn|10
|
|t:|1663172211
|move|p2a: Ho-Oh|Toxic|p1a: Umbreon
|-status|p1a: Umbreon|tox
|-activate|p1a: Umbreon|ability: Synchronize
|-status|p2a: Ho-Oh|tox
|move|p1a: Umbreon|Moonlight|p1a: Umbreon
|-heal|p1a: Umbreon|100/100 tox
|
|-weather|none
|-heal|p2a: Ho-Oh|95/100 tox|[from] item: Leftovers
|-damage|p2a: Ho-Oh|89/100 tox|[from] psn
|-damage|p1a: Umbreon|94/100 tox|[from] psn
|upkeep
|turn|11
|
|t:|1663172223
|move|p2a: Ho-Oh|Brave Bird|p1a: Umbreon
|-damage|p1a: Umbreon|42/100 tox
|-damage|p2a: Ho-Oh|73/100 tox|[from] Recoil
|move|p1a: Umbreon|Baton Pass|p1a: Umbreon
|
|t:|1663172225
|switch|p1a: Regieleki|Regieleki|57/100|[from]move: Baton Pass
|
|-heal|p2a: Ho-Oh|79/100 tox|[from] item: Leftovers
|-damage|p2a: Ho-Oh|66/100 tox|[from] psn
|-fieldend|move: Electric Terrain
|upkeep
|turn|12
|
|t:|1663172233
|switch|p2a: Blastoise|Blastoise, F, shiny|100/100
|move|p1a: Regieleki|Thunderbolt|p2a: Blastoise
|-supereffective|p2a: Blastoise
|-damage|p2a: Blastoise|0 fnt
|faint|p2a: Blastoise
|
|upkeep
|
|t:|1663172239
|switch|p2a: Calyrex|Calyrex-Shadow|100/100
|-ability|p2a: Calyrex|As One
|-ability|p2a: Calyrex|Unnerve
|turn|13
|
|t:|1663172247
|move|p1a: Regieleki|Volt Switch|p2a: Calyrex
|-damage|p2a: Calyrex|39/100
|
|t:|1663172249
|switch|p1a: Umbreon|Umbreon, F|42/100 tox|[from]move: Volt Switch
|move|p2a: Calyrex|Astral Barrage|p1a: Umbreon
|-resisted|p1a: Umbreon
|-damage|p1a: Umbreon|24/100 tox
|
|-heal|p1a: Umbreon|30/100 tox|[from] item: Leftovers
|-damage|p1a: Umbreon|24/100 tox|[from] psn
|upkeep
|turn|14
|
|t:|1663172260
|move|p2a: Calyrex|Astral Barrage|p1a: Umbreon
|-resisted|p1a: Umbreon
|-damage|p1a: Umbreon|4/100 tox
|move|p1a: Umbreon|Moonlight|p1a: Umbreon
|-heal|p1a: Umbreon|54/100 tox
|
|-heal|p1a: Umbreon|60/100 tox|[from] item: Leftovers
|-damage|p1a: Umbreon|48/100 tox|[from] psn
|upkeep
|turn|15
|
|t:|1663172271
|switch|p2a: Ho-Oh|Ho-Oh, shiny|99/100 tox
|move|p1a: Umbreon|Baton Pass|p1a: Umbreon
|
|t:|1663172273
|switch|p1a: Regieleki|Regieleki|57/100|[from]move: Baton Pass
|
|-heal|p2a: Ho-Oh|100/100 tox|[from] item: Leftovers
|-damage|p2a: Ho-Oh|94/100 tox|[from] psn
|upkeep
|turn|16
|
|t:|1663172284
|move|p1a: Regieleki|Volt Switch|p2a: Ho-Oh
|-supereffective|p2a: Ho-Oh
|-damage|p2a: Ho-Oh|23/100 tox
|
|t:|1663172292
|switch|p1a: Buzzwole|Buzzwole|95/100|[from]move: Volt Switch
|move|p2a: Ho-Oh|Sacred Fire|p1a: Buzzwole
|-supereffective|p1a: Buzzwole
|-damage|p1a: Buzzwole|41/100
|-status|p1a: Buzzwole|brn
|
|-heal|p2a: Ho-Oh|29/100 tox|[from] item: Leftovers
|-damage|p2a: Ho-Oh|17/100 tox|[from] psn
|-damage|p1a: Buzzwole|35/100 brn|[from] brn
|upkeep
|turn|17
|
|t:|1663172304
|switch|p2a: Calyrex|Calyrex-Shadow|39/100
|-ability|p2a: Calyrex|As One
|-ability|p2a: Calyrex|Unnerve
|move|p1a: Buzzwole|Roost|p1a: Buzzwole
|-heal|p1a: Buzzwole|85/100 brn
|-singleturn|p1a: Buzzwole|move: Roost
|
|-damage|p1a: Buzzwole|78/100 brn|[from] brn
|upkeep
|turn|18
|
|t:|1663172316
|move|p2a: Calyrex|Giga Drain|p1a: Buzzwole
|-resisted|p1a: Buzzwole
|-damage|p1a: Buzzwole|57/100 brn
|-heal|p2a: Calyrex|52/100|[from] drain|[of] p1a: Buzzwole
|move|p1a: Buzzwole|Ice Punch|p2a: Calyrex
|-damage|p2a: Calyrex|38/100
|
|-damage|p1a: Buzzwole|51/100 brn|[from] brn
|upkeep
|turn|19
|
|t:|1663172324
|move|p2a: Calyrex|Psychic|p1a: Buzzwole
|-supereffective|p1a: Buzzwole
|-damage|p1a: Buzzwole|0 fnt
|faint|p1a: Buzzwole
|-ability|p2a: Calyrex|Grim Neigh|boost
|-boost|p2a: Calyrex|spa|1
|
|upkeep
|
|t:|1663172326
|switch|p1a: Regieleki|Regieleki|57/100
|turn|20
|
|t:|1663172345
|move|p1a: Regieleki|Thunderbolt|p2a: Calyrex
|-damage|p2a: Calyrex|0 fnt
|faint|p2a: Calyrex
|
|upkeep
|
|t:|1663172349
|switch|p2a: Ho-Oh|Ho-Oh, shiny|50/100 tox
|turn|21
|
|t:|1663172352
|switch|p2a: Kyogre|Kyogre, shiny|100/100
|detailschange|p2a: Kyogre|Kyogre-Primal, shiny
|-primal|p2a: Kyogre
|-weather|PrimordialSea|[from] ability: Primordial Sea|[of] p2a: Kyogre
|move|p1a: Regieleki|Thunderbolt|p2a: Kyogre
|-supereffective|p2a: Kyogre
|-damage|p2a: Kyogre|0 fnt
|faint|p2a: Kyogre
|-weather|none
|
|upkeep
|
|t:|1663172361
|switch|p2a: Ho-Oh|Ho-Oh, shiny|83/100 tox
|turn|22
|
|t:|1663172374
|move|p1a: Regieleki|Volt Switch|p2a: Ho-Oh
|-supereffective|p2a: Ho-Oh
|-damage|p2a: Ho-Oh|20/100 tox
|
|t:|1663172377
|switch|p1a: Umbreon|Umbreon, F|48/100 tox|[from]move: Volt Switch
|move|p2a: Ho-Oh|Sacred Fire|p1a: Umbreon
|-damage|p1a: Umbreon|6/100 tox
|
|-heal|p2a: Ho-Oh|26/100 tox|[from] item: Leftovers
|-heal|p1a: Umbreon|12/100 tox|[from] item: Leftovers
|-damage|p2a: Ho-Oh|20/100 tox|[from] psn
|-damage|p1a: Umbreon|6/100 tox|[from] psn
|upkeep
|turn|23
|inactiveoff|Battle timer is now OFF.
|c|☆SpareAnyCredits6|fuk u nooby little man
|l|☆SpareAnyCredits6
|player|p2|
|inactive|Battle timer is ON: inactive players will automatically lose when time's up. (requested by TheGirl0nFire)
|inactive|SpareAnyCredits6 has 30 seconds to reconnect!
|inactive|SpareAnyCredits6 has 20 seconds to reconnect!
|inactive|SpareAnyCredits6 has 15 seconds to reconnect!
|inactive|SpareAnyCredits6 has 10 seconds to reconnect!
|inactive|SpareAnyCredits6 has 5 seconds to reconnect!
|-message|SpareAnyCredits6 lost due to inactivity.
|
|win|TheGirl0nFire
|raw|TheGirl0nFire's rating: 1657 &rarr; <strong>1671</strong><br />(+14 for winning)
|raw|SpareAnyCredits6's rating: 1556 &rarr; <strong>1542</strong><br />(-14 for losing)
||Ladder isn't responding, score probably updated but might not have (Request timeout).
