|j|☆AdamHaziq
|j|☆CLEAR GEM清瑜
|t:|1664703866
|gametype|singles
|player|p1|AdamHaziq|265|1636
|player|p2|CLEAR GEM清瑜|skierf|1863
|teamsize|p1|6
|teamsize|p2|6
|gen|8
|tier|[Gen 8] National Dex AG
|rated|
|rule|HP Percentage Mod: HP is shown in percentages
|rule|Endless Battle Clause: Forcing endless battles is banned
|clearpoke
|poke|p1|Smeargle, F|
|poke|p1|Zacian-*|
|poke|p1|Calyrex-Shadow|
|poke|p1|Necrozma-Dusk-Mane|
|poke|p1|Yveltal|
|poke|p1|Deoxys-Speed|
|poke|p2|Zacian-*|
|poke|p2|Yveltal|
|poke|p2|Necrozma-Dusk-Mane|
|poke|p2|Arceus-*|
|poke|p2|Tyranitar, F|
|poke|p2|Arceus-*|
|teampreview
|inactive|Battle timer is ON: inactive players will automatically lose when time's up. (requested by AdamHaziq)
|
|t:|1664703881
|start
|switch|p1a: Deoxys|Deoxys-Speed|100/100
|switch|p2a: Arceus|Arceus-Ground|100/100
|-ability|p1a: Deoxys|Pressure
|turn|1
|
|t:|1664703885
|move|p1a: Deoxys|Taunt|p2a: Arceus
|-start|p2a: Arceus|move: Taunt
|cant|p2a: Arceus|move: Taunt|Swords Dance
|
|upkeep
|turn|2
|
|t:|1664703889
|move|p1a: Deoxys|Stealth Rock|p2a: Arceus
|-sidestart|p2: CLEAR GEM清瑜|move: Stealth Rock
|move|p2a: Arceus|Bullet Seed|p1a: Deoxys
|-damage|p1a: Deoxys|90/100
|-damage|p1a: Deoxys|79/100
|-damage|p1a: Deoxys|69/100
|-damage|p1a: Deoxys|59/100
|-damage|p1a: Deoxys|49/100
|-hitcount|p1a: Deoxys|5
|
|upkeep
|turn|3
|
|t:|1664703892
|move|p1a: Deoxys|Spikes|p2a: Arceus
|-sidestart|p2: CLEAR GEM清瑜|Spikes
|move|p2a: Arceus|Earthquake|p1a: Deoxys
|-crit|p1a: Deoxys
|-damage|p1a: Deoxys|0 fnt
|faint|p1a: Deoxys
|
|-end|p2a: Arceus|move: Taunt
|upkeep
|
|t:|1664703896
|switch|p1a: Smeargle|Smeargle, F|100/100
|turn|4
|
|t:|1664703899
|move|p2a: Arceus|Bullet Seed|p1a: Smeargle
|-damage|p1a: Smeargle|82/100
|-crit|p1a: Smeargle
|-damage|p1a: Smeargle|51/100
|-damage|p1a: Smeargle|32/100
|-hitcount|p1a: Smeargle|3
|move|p1a: Smeargle|Spore|p2a: Arceus
|-status|p2a: Arceus|slp|[from] move: Spore
|
|-ability|p1a: Smeargle|Moody|boost
|-boost|p1a: Smeargle|spd|2
|-unboost|p1a: Smeargle|atk|1
|upkeep
|turn|5
|
|t:|1664703905
|cant|p2a: Arceus|slp
|move|p1a: Smeargle|Minimize|p1a: Smeargle
|-boost|p1a: Smeargle|evasion|2
|
|-ability|p1a: Smeargle|Moody|boost
|-boost|p1a: Smeargle|def|2
|-unboost|p1a: Smeargle|spe|1
|upkeep
|turn|6
|
|t:|1664703908
|cant|p2a: Arceus|slp
|move|p1a: Smeargle|Minimize|p1a: Smeargle
|-boost|p1a: Smeargle|evasion|2
|
|-ability|p1a: Smeargle|Moody|boost
|-boost|p1a: Smeargle|spe|2
|-unboost|p1a: Smeargle|spd|1
|upkeep
|turn|7
|
|t:|1664703917
|move|p1a: Smeargle|Minimize|p1a: Smeargle
|-boost|p1a: Smeargle|evasion|2
|-curestatus|p2a: Arceus|slp|[msg]
|move|p2a: Arceus|Earthquake|p1a: Smeargle
|-damage|p1a: Smeargle|0 fnt
|faint|p1a: Smeargle
|
|upkeep
|
|t:|1664703924
|switch|p1a: Yveltal|Yveltal|100/100
|-ability|p1a: Yveltal|Dark Aura
|turn|8
|
|t:|1664703927
|move|p2a: Arceus|Stone Edge|p1a: Yveltal
|-supereffective|p1a: Yveltal
|-crit|p1a: Yveltal
|-damage|p1a: Yveltal|18/100
|move|p1a: Yveltal|Dark Pulse|p2a: Arceus
|-damage|p2a: Arceus|60/100
|
|-heal|p1a: Yveltal|24/100|[from] item: Leftovers
|upkeep
|turn|9
|
|t:|1664703933
|switch|p1a: Necrozma|Necrozma-Dusk-Mane|100/100
|move|p2a: Arceus|Bullet Seed|p1a: Necrozma
|-resisted|p1a: Necrozma
|-damage|p1a: Necrozma|97/100
|-resisted|p1a: Necrozma
|-damage|p1a: Necrozma|94/100
|-hitcount|p1a: Necrozma|2
|
|upkeep
|turn|10
|
|t:|1664703937
|move|p2a: Arceus|Earthquake|p1a: Necrozma
|-supereffective|p1a: Necrozma
|-damage|p1a: Necrozma|19/100
|move|p1a: Necrozma|Dragon Dance|p1a: Necrozma
|-boost|p1a: Necrozma|atk|1
|-boost|p1a: Necrozma|spe|1
|
|upkeep
|turn|11
|
|t:|1664703945
|detailschange|p1a: Necrozma|Necrozma-Ultra
|-burst|p1a: Necrozma|Necrozma|Ultranecrozium Z
|move|p1a: Necrozma|Photon Geyser|p2a: Arceus
|-damage|p2a: Arceus|0 fnt
|faint|p2a: Arceus
|
|upkeep
|
|t:|1664703947
|switch|p2a: 嘉然小姐的狗|Zacian-Crowned|100/100
|-damage|p2a: 嘉然小姐的狗|94/100|[from] Stealth Rock
|-damage|p2a: 嘉然小姐的狗|82/100|[from] Spikes
|-ability|p2a: 嘉然小姐的狗|Intrepid Sword|boost
|-boost|p2a: 嘉然小姐的狗|atk|1
|turn|12
|
|t:|1664703950
|move|p2a: 嘉然小姐的狗|Quick Attack|p1a: Necrozma
|-damage|p1a: Necrozma|0 fnt
|faint|p1a: Necrozma
|
|upkeep
|
|t:|1664703960
|switch|p1a: Calyrex|Calyrex-Shadow|100/100
|-ability|p1a: Calyrex|As One
|-ability|p1a: Calyrex|Unnerve
|turn|13
|
|t:|1664703964
|-start|p1a: Calyrex|Dynamax|
|-heal|p1a: Calyrex|100/100|[silent]
|move|p1a: Calyrex|Max Starfall|p2a: 嘉然小姐的狗
|-resisted|p2a: 嘉然小姐的狗
|-damage|p2a: 嘉然小姐的狗|63/100
|-fieldstart|move: Misty Terrain
|move|p2a: 嘉然小姐的狗|Behemoth Blade|p1a: Calyrex
|-enditem|p1a: Calyrex|Focus Sash
|-damage|p1a: Calyrex|1/100
|
|upkeep
|turn|14
|
|t:|1664703971
|switch|p2a: Tyranitar|Tyranitar, F|100/100
|-damage|p2a: Tyranitar|88/100|[from] Stealth Rock
|-damage|p2a: Tyranitar|76/100|[from] Spikes
|-weather|Sandstorm|[from] ability: Sand Stream|[of] p2a: Tyranitar
|move|p1a: Calyrex|Max Phantasm|p2a: Tyranitar
|-resisted|p2a: Tyranitar
|-damage|p2a: Tyranitar|58/100
|-unboost|p2a: Tyranitar|def|1
|
|-weather|Sandstorm|[upkeep]
|-damage|p1a: Calyrex|0 fnt|[from] Sandstorm
|faint|p1a: Calyrex
|upkeep
|
|t:|1664703975
|switch|p1a: Yveltal|Yveltal|24/100
|-ability|p1a: Yveltal|Dark Aura
|turn|15
|-message|AdamHaziq forfeited.
|
|win|CLEAR GEM清瑜
|raw|AdamHaziq's rating: 1636 &rarr; <strong>1627</strong><br />(-9 for losing)
|raw|CLEAR GEM清瑜's rating: 1863 &rarr; <strong>1872</strong><br />(+9 for winning)
|l|☆AdamHaziq
||Ladder isn't responding, score probably updated but might not have (Request timeout).
