|j|☆OnMaWa
|j|☆StoRmOP
|player|p1|OnMaWa|psychic-gen4|1904
|player|p2|StoRmOP|ghetsis|1758
|teamsize|p1|6
|teamsize|p2|6
|gametype|singles
|gen|8
|tier|[Gen 8] National Dex AG
|rated|
|clearpoke
|poke|p1|Necrozma-Dusk-Mane|
|poke|p1|Arceus-*|
|poke|p1|Xerneas|
|poke|p1|Lugia|
|poke|p1|Zacian-Crowned|
|poke|p1|Yveltal|
|poke|p2|Zygarde|
|poke|p2|Zacian-Crowned|
|poke|p2|Groudon|
|poke|p2|Ho-Oh|
|poke|p2|Yveltal|
|poke|p2|Ditto|
|rule|HP Percentage Mod: HP is shown in percentages
|rule|Endless Battle Clause: Forcing endless battles is banned
|teampreview
|c|☆StoRmOP|big fan sir
|c|☆StoRmOP|hf
|inactive|Battle timer is ON: inactive players will automatically lose when time's up. (requested by StoRmOP)
|
|start
|switch|p1a: Xerneas|Xerneas|100/100
|switch|p2a: 強い|Zygarde|100/100
|-ability|p1a: Xerneas|Fairy Aura
|turn|1
|
|switch|p2a: 怪物|Groudon|100/100
|detailschange|p2a: 怪物|Groudon-Primal
|-primal|p2a: 怪物
|-weather|DesolateLand|[from] ability: Desolate Land|[of] p2a: 怪物
|move|p1a: Xerneas|Moonblast|p2a: 怪物
|-resisted|p2a: 怪物
|-damage|p2a: 怪物|76/100
|-unboost|p2a: 怪物|spa|1
|
|-weather|DesolateLand|[upkeep]
|upkeep
|turn|2
|
|switch|p1a: Lugia|Lugia|100/100
|move|p2a: 怪物|Thunder Wave|p1a: Lugia
|-status|p1a: Lugia|par
|
|-weather|DesolateLand|[upkeep]
|upkeep
|turn|3
|
|-weather|none
|switch|p2a: 王様|Zacian-Crowned|100/100
|-ability|p2a: 王様|Intrepid Sword|boost
|-boost|p2a: 王様|atk|1
|move|p1a: Lugia|Toxic|p2a: 王様
|-immune|p2a: 王様
|
|upkeep
|turn|4
|j| Greekgeekmaster
|
|move|p2a: 王様|Crunch|p1a: Lugia
|-supereffective|p1a: Lugia
|-damage|p1a: Lugia|74/100 par
|cant|p1a: Lugia|par
|
|upkeep
|turn|5
|l| Greekgeekmaster
|
|move|p2a: 王様|Wild Charge|p1a: Lugia
|-supereffective|p1a: Lugia
|-damage|p1a: Lugia|17/100 par
|-damage|p2a: 王様|82/100|[from] Recoil
|cant|p1a: Lugia|par
|
|upkeep
|turn|6
|
|move|p2a: 王様|Crunch|p1a: Lugia
|-supereffective|p1a: Lugia
|-damage|p1a: Lugia|0 fnt
|faint|p1a: Lugia
|
|upkeep
|inactive|OnMaWa has 120 seconds left.
|
|switch|p1a: Zacian|Zacian-Crowned|100/100
|-ability|p1a: Zacian|Intrepid Sword|boost
|-boost|p1a: Zacian|atk|1
|turn|7
|inactive|OnMaWa has 120 seconds left.
|
|switch|p2a: 怪物|Groudon-Primal|76/100
|-weather|DesolateLand|[from] ability: Desolate Land|[of] p2a: 怪物
|move|p1a: Zacian|Behemoth Blade|p2a: 怪物
|-resisted|p2a: 怪物
|-damage|p2a: 怪物|46/100
|
|-weather|DesolateLand|[upkeep]
|upkeep
|turn|8
|inactive|OnMaWa has 120 seconds left.
|
|move|p1a: Zacian|Close Combat|p2a: 怪物
|-damage|p2a: 怪物|2/100
|-unboost|p1a: Zacian|def|1
|-unboost|p1a: Zacian|spd|1
|move|p2a: 怪物|Thunder Wave|p1a: Zacian
|-status|p1a: Zacian|par
|
|-weather|DesolateLand|[upkeep]
|upkeep
|turn|9
|
|move|p2a: 怪物|Earthquake|p1a: Zacian
|-supereffective|p1a: Zacian
|-damage|p1a: Zacian|0 fnt
|faint|p1a: Zacian
|
|-weather|DesolateLand|[upkeep]
|upkeep
|inactive|OnMaWa has 90 seconds left.
|
|switch|p1a: Arceus|Arceus|100/100
|turn|10
|
|move|p1a: Arceus|Extreme Speed|p2a: 怪物
|-damage|p2a: 怪物|0 fnt
|faint|p2a: 怪物
|-weather|none
|
|upkeep
|
|switch|p2a: 王様|Zacian-Crowned|82/100
|-ability|p2a: 王様|Intrepid Sword|boost
|-boost|p2a: 王様|atk|1
|turn|11
|inactive|OnMaWa has 90 seconds left.
|
|move|p2a: 王様|Close Combat|p1a: Arceus
|-supereffective|p1a: Arceus
|-damage|p1a: Arceus|0 fnt
|-unboost|p2a: 王様|def|1
|-unboost|p2a: 王様|spd|1
|faint|p1a: Arceus
|
|upkeep
|inactive|OnMaWa has 90 seconds left.
|
|switch|p1a: Necrozma|Necrozma-Dusk-Mane|100/100
|turn|12
|
|switch|p2a: 強い|Zygarde|100/100
|move|p1a: Necrozma|Dragon Dance|p1a: Necrozma
|-boost|p1a: Necrozma|atk|1
|-boost|p1a: Necrozma|spe|1
|
|upkeep
|turn|13
|inactive|OnMaWa has 90 seconds left.
|
|move|p1a: Necrozma|Photon Geyser|p2a: 強い
|-damage|p2a: 強い|51/100
|move|p2a: 強い|Glare|p1a: Necrozma
|-status|p1a: Necrozma|par
|
|upkeep
|turn|14
|inactive|OnMaWa has 90 seconds left.
|
|detailschange|p1a: Necrozma|Necrozma-Ultra
|-burst|p1a: Necrozma|Necrozma|Ultranecrozium Z
|move|p2a: 強い|Coil|p2a: 強い
|-boost|p2a: 強い|atk|1
|-boost|p2a: 強い|def|1
|-boost|p2a: 強い|accuracy|1
|cant|p1a: Necrozma|par
|
|upkeep
|turn|15
|
|move|p2a: 強い|Thousand Arrows|p1a: Necrozma
|-damage|p1a: Necrozma|62/100 par
|cant|p1a: Necrozma|par
|
|upkeep
|turn|16
|
|move|p2a: 強い|Thousand Arrows|p1a: Necrozma
|-damage|p1a: Necrozma|21/100 par
|-zpower|p1a: Necrozma
|move|p1a: Necrozma|Light That Burns the Sky|p2a: 強い|[zeffect]
|-damage|p2a: 強い|0 fnt
|faint|p2a: 強い
|
|upkeep
|
|switch|p2a: 王様|Zacian-Crowned|82/100
|-ability|p2a: 王様|Intrepid Sword|boost
|-boost|p2a: 王様|atk|1
|turn|17
|
|move|p2a: 王様|Behemoth Blade|p1a: Necrozma
|-damage|p1a: Necrozma|0 fnt
|faint|p1a: Necrozma
|
|upkeep
|
|switch|p1a: Yveltal|Yveltal|100/100
|-ability|p1a: Yveltal|Dark Aura
|turn|18
|
|move|p2a: 王様|Behemoth Blade|p1a: Yveltal
|-damage|p1a: Yveltal|19/100
|move|p1a: Yveltal|Heat Wave|p2a: 王様
|-supereffective|p2a: 王様
|-damage|p2a: 王様|0 fnt
|-damage|p1a: Yveltal|9/100|[from] item: Life Orb
|faint|p2a: 王様
|
|upkeep
|
|switch|p2a: 虹の神|Ho-Oh, shiny|100/100
|turn|19
|inactive|OnMaWa has 120 seconds left.
|
|move|p1a: Yveltal|Dark Pulse|p2a: 虹の神
|-damage|p2a: 虹の神|55/100
|-damage|p1a: Yveltal|0 fnt|[from] item: Life Orb
|faint|p1a: Yveltal
|move|p2a: 虹の神|Brave Bird|p1: Yveltal|[notarget]
|-fail|p2a: 虹の神
|
|upkeep
|
|switch|p1a: Xerneas|Xerneas|100/100
|-ability|p1a: Xerneas|Fairy Aura
|turn|20
|
|-start|p1a: Xerneas|Dynamax
|-heal|p1a: Xerneas|100/100|[silent]
|move|p1a: Xerneas|Max Lightning|p2a: 虹の神
|-supereffective|p2a: 虹の神
|-damage|p2a: 虹の神|0 fnt
|-fieldstart|move: Electric Terrain
|faint|p2a: 虹の神
|
|upkeep
|
|switch|p2a: 死亡|Yveltal|100/100
|-ability|p2a: 死亡|Dark Aura
|turn|21
|inactive|OnMaWa has 120 seconds left.
|
|-start|p2a: 死亡|Dynamax
|-heal|p2a: 死亡|100/100|[silent]
|move|p2a: 死亡|Max Airstream|p1a: Xerneas
|-damage|p1a: Xerneas|59/100
|-boost|p2a: 死亡|spe|1
|-damage|p2a: 死亡|96/100|[from] item: Life Orb
|move|p1a: Xerneas|Max Starfall|p2a: 死亡
|-supereffective|p2a: 死亡
|-damage|p2a: 死亡|0 fnt
|-fieldstart|move: Misty Terrain
|faint|p2a: 死亡
|
|upkeep
|
|switch|p2a: 悪魔|Ditto, shiny|100/100
|-transform|p2a: 悪魔|p1a: Xerneas|[from] ability: Imposter
|-ability|p2a: 悪魔|Fairy Aura
|turn|22
|c|☆StoRmOP|i lost
|inactive|OnMaWa has 120 seconds left.
|c|☆StoRmOP|gg
|inactive|OnMaWa has 90 seconds left.
|
|move|p2a: 悪魔|Moonblast|p1a: Xerneas
|-damage|p1a: Xerneas|26/100
|move|p1a: Xerneas|Max Starfall|p2a: 悪魔
|-damage|p2a: 悪魔|0 fnt
|faint|p2a: 悪魔
|
|win|OnMaWa
|raw|OnMaWa's rating: 1904 &rarr; <strong>1916</strong><br />(+12 for winning)
|raw|StoRmOP's rating: 1758 &rarr; <strong>1746</strong><br />(-12 for losing)
|c|☆StoRmOP|ggwp
|l|☆StoRmOP
