|j|☆Master kushagra
|j|☆KunVirgo
|inactive|Battle timer is ON: inactive players will automatically lose when time's up.
|t:|1667829626
|gametype|singles
|player|p1|Master kushagra|leon-masters|
|player|p2|KunVirgo|lisia|
|teamsize|p1|6
|teamsize|p2|6
|gen|8
|tier|[Gen 8] National Dex AG
|rated|Tournament battle
|rule|HP Percentage Mod: HP is shown in percentages
|rule|Endless Battle Clause: Forcing endless battles is banned
|clearpoke
|poke|p1|Arceus-*|
|poke|p1|Zacian-*|
|poke|p1|Yveltal|
|poke|p1|Necrozma-Dusk-Mane|
|poke|p1|Arceus-*|
|poke|p1|Xerneas-*|
|poke|p2|Rayquaza|
|poke|p2|Necrozma-Dusk-Mane|
|poke|p2|Arceus-*|
|poke|p2|Arceus-*|
|poke|p2|Arceus-*|
|poke|p2|Groudon|
|teampreview
|j| Karlaaaaaa
|
|t:|1667829639
|start
|switch|p1a: Arceus|Arceus-Ground|100/100
|switch|p2a: Arceus|Arceus|100/100
|turn|1
|j| DestroyerofDemons
|
|t:|1667829648
|move|p2a: Arceus|Magic Coat|p2a: Arceus
|-singleturn|p2a: Arceus|move: Magic Coat
|-zpower|p1a: Arceus
|move|p1a: Arceus|Tectonic Rage|p2a: Arceus|[zeffect]
|-damage|p2a: Arceus|36/100
|
|upkeep
|turn|2
|
|t:|1667829654
|move|p2a: Arceus|Magic Coat|p2a: Arceus
|-singleturn|p2a: Arceus|move: Magic Coat
|move|p1a: Arceus|Earthquake|p2a: Arceus
|-damage|p2a: Arceus|0 fnt
|faint|p2a: Arceus
|
|upkeep
|
|t:|1667829658
|switch|p2a: Arceus|Arceus-Water|100/100
|turn|3
|j| AlphaPoryInHMCS
|
|t:|1667829662
|move|p1a: Arceus|Magic Coat|p1a: Arceus
|-singleturn|p1a: Arceus|move: Magic Coat
|move|p2a: Arceus|Judgment|p1a: Arceus
|-supereffective|p1a: Arceus
|-damage|p1a: Arceus|34/100
|
|upkeep
|turn|4
|
|t:|1667829667
|move|p1a: Arceus|Stealth Rock|p2a: Arceus
|-sidestart|p2: KunVirgo|move: Stealth Rock
|move|p2a: Arceus|Toxic|p1a: Arceus
|-status|p1a: Arceus|tox
|
|-damage|p1a: Arceus|28/100 tox|[from] psn
|upkeep
|turn|5
|
|t:|1667829670
|move|p1a: Arceus|Earthquake|p2a: Arceus
|-damage|p2a: Arceus|71/100
|move|p2a: Arceus|Defog|p1a: Arceus
|-unboost|p1a: Arceus|evasion|1
|-sideend|p2: KunVirgo|Stealth Rock|[from] move: Defog|[of] p2a: Arceus
|
|-damage|p1a: Arceus|16/100 tox|[from] psn
|upkeep
|turn|6
|
|t:|1667829675
|move|p1a: Arceus|Stealth Rock|p2a: Arceus
|-sidestart|p2: KunVirgo|move: Stealth Rock
|move|p2a: Arceus|Defog|p1a: Arceus
|-unboost|p1a: Arceus|evasion|1
|-sideend|p2: KunVirgo|Stealth Rock|[from] move: Defog|[of] p2a: Arceus
|
|-damage|p1a: Arceus|0 fnt|[from] psn
|faint|p1a: Arceus
|upkeep
|
|t:|1667829678
|switch|p1a: Zacian|Zacian-Crowned, shiny|100/100
|-ability|p1a: Zacian|Intrepid Sword|boost
|-boost|p1a: Zacian|atk|1
|turn|7
|
|t:|1667829684
|move|p1a: Zacian|Wild Charge|p2a: Arceus
|-supereffective|p2a: Arceus
|-damage|p2a: Arceus|0 fnt
|faint|p2a: Arceus
|-damage|p1a: Zacian|76/100|[from] Recoil
|
|upkeep
|
|t:|1667829688
|switch|p2a: Groudon|Groudon|100/100
|detailschange|p2a: Groudon|Groudon-Primal
|-primal|p2a: Groudon
|-weather|DesolateLand|[from] ability: Desolate Land|[of] p2a: Groudon
|turn|8
|
|t:|1667829692
|switch|p1a: Yveltal|Yveltal, shiny|100/100
|-ability|p1a: Yveltal|Dark Aura
|move|p2a: Groudon|Stone Edge|p1a: Yveltal
|-supereffective|p1a: Yveltal
|-damage|p1a: Yveltal|35/100
|
|-weather|DesolateLand|[upkeep]
|upkeep
|turn|9
|
|t:|1667829697
|move|p1a: Yveltal|Oblivion Wing|p2a: Groudon
|-damage|p2a: Groudon|66/100
|-heal|p1a: Yveltal|62/100|[from] drain|[of] p2a: Groudon
|-damage|p1a: Yveltal|52/100|[from] item: Life Orb
|move|p2a: Groudon|Stone Edge|p1a: Yveltal
|-supereffective|p1a: Yveltal
|-damage|p1a: Yveltal|0 fnt
|faint|p1a: Yveltal
|
|-weather|DesolateLand|[upkeep]
|upkeep
|
|t:|1667829710
|switch|p1a: Arceus|Arceus|100/100
|turn|10
|
|t:|1667829716
|move|p1a: Arceus|Swords Dance|p1a: Arceus
|-boost|p1a: Arceus|atk|2
|move|p2a: Groudon|Precipice Blades|p1a: Arceus|[miss]
|-miss|p2a: Groudon|p1a: Arceus
|
|-weather|DesolateLand|[upkeep]
|upkeep
|turn|11
|
|t:|1667829723
|-weather|none
|switch|p2a: Rayquaza|Rayquaza|100/100
|-ability|p2a: Rayquaza|Air Lock
|move|p1a: Arceus|Earthquake|p2a: Rayquaza
|-immune|p2a: Rayquaza
|
|upkeep
|turn|12
|
|t:|1667829731
|detailschange|p2a: Rayquaza|Rayquaza-Mega
|-mega|p2a: Rayquaza|Rayquaza|
|-weather|DeltaStream|[from] ability: Delta Stream|[of] p2a: Rayquaza
|-start|p1a: Arceus|Dynamax|
|-heal|p1a: Arceus|100/100|[silent]
|move|p1a: Arceus|Max Strike|p2a: Rayquaza
|-damage|p2a: Rayquaza|0 fnt
|faint|p2a: Rayquaza
|-weather|none
|
|upkeep
|
|t:|1667829740
|switch|p2a: Arceus|Arceus-Dark|100/100
|turn|13
|
|t:|1667829747
|-start|p2a: Arceus|Dynamax|
|-heal|p2a: Arceus|100/100|[silent]
|move|p2a: Arceus|Max Guard|p2a: Arceus
|-singleturn|p2a: Arceus|Max Guard
|move|p1a: Arceus|Max Strike|p2a: Arceus
|-activate|p2a: Arceus|move: Max Guard
|
|upkeep
|turn|14
|
|t:|1667829752
|move|p1a: Arceus|Max Strike|p2a: Arceus
|-crit|p2a: Arceus
|-damage|p2a: Arceus|27/100
|-unboost|p2a: Arceus|spe|1
|move|p2a: Arceus|Max Darkness|p1a: Arceus
|-damage|p1a: Arceus|76/100
|-unboost|p1a: Arceus|spd|1
|
|upkeep
|-end|p1a: Arceus|Dynamax
|-heal|p1a: Arceus|76/100|[silent]
|turn|15
|
|t:|1667829756
|move|p1a: Arceus|Extreme Speed|p2a: Arceus
|-damage|p2a: Arceus|0 fnt
|faint|p2a: Arceus
|
|upkeep
|
|t:|1667829758
|switch|p2a: Necrozma|Necrozma-Dusk-Mane|100/100
|turn|16
|
|t:|1667829762
|move|p1a: Arceus|Earthquake|p2a: Necrozma
|-supereffective|p2a: Necrozma
|-damage|p2a: Necrozma|41/100
|move|p2a: Necrozma|Sunsteel Strike|p1a: Arceus
|-crit|p1a: Arceus
|-damage|p1a: Arceus|20/100
|
|upkeep
|turn|17
|
|t:|1667829765
|move|p1a: Arceus|Earthquake|p2a: Necrozma
|-supereffective|p2a: Necrozma
|-damage|p2a: Necrozma|0 fnt
|faint|p2a: Necrozma
|
|upkeep
|
|t:|1667829767
|switch|p2a: Groudon|Groudon-Primal|66/100
|-weather|DesolateLand|[from] ability: Desolate Land|[of] p2a: Groudon
|turn|18
|
|t:|1667829770
|move|p1a: Arceus|Earthquake|p2a: Groudon
|-supereffective|p2a: Groudon
|-damage|p2a: Groudon|0 fnt
|faint|p2a: Groudon
|-weather|none
|
|win|Master kushagra
|n|☆Master kushagra|masterkushagra
|n|☆KunVirgo|kunvirgo
|n| Karlaaaaaa|karlaaaaaa
|n| DestroyerofDemons|destroyerofdemons
|n| AlphaPoryInHMCS|alphaporyinhmcs
