|j|☆agdp
|j|☆soviet glonk
|t:|1639221336
|gametype|singles
|player|p1|agdp|101|1655
|player|p2|soviet glonk|ghetsis|1797
|teamsize|p1|6
|teamsize|p2|6
|gen|8
|tier|[Gen 8] National Dex AG
|rated|
|rule|HP Percentage Mod: HP is shown in percentages
|rule|Endless Battle Clause: Forcing endless battles is banned
|clearpoke
|poke|p1|Giratina-Origin|
|poke|p1|Ditto|
|poke|p1|Groudon|
|poke|p1|Yveltal|
|poke|p1|Ho-Oh|
|poke|p1|Arceus-*|
|poke|p2|Marshadow|
|poke|p2|Zacian-*|
|poke|p2|Yveltal|
|poke|p2|Necrozma-Dusk-Mane|
|poke|p2|Arceus-*|
|poke|p2|Arceus-*|
|teampreview
|inactive|Battle timer is ON: inactive players will automatically lose when time's up. (requested by soviet glonk)
|c|☆soviet glonk|hf
|
|t:|1639221361
|start
|switch|p1a: Ho-Oh|Ho-Oh|100/100
|switch|p2a: Manwë|Arceus-Ground|100/100
|turn|1
|inactive|soviet glonk has 120 seconds left.
|
|t:|1639221403
|move|p1a: Ho-Oh|Toxic|p2a: Manwë|[miss]
|-miss|p1a: Ho-Oh|p2a: Manwë
|move|p2a: Manwë|Ice Beam|p1a: Ho-Oh
|-damage|p1a: Ho-Oh|86/100
|
|upkeep
|turn|2
|
|t:|1639221410
|switch|p2a: Morgoth Bauglir|Arceus-Dark|100/100
|move|p1a: Ho-Oh|Sacred Fire|p2a: Morgoth Bauglir
|-damage|p2a: Morgoth Bauglir|73/100
|
|upkeep
|turn|3
|
|t:|1639221416
|move|p1a: Ho-Oh|Toxic|p2a: Morgoth Bauglir
|-status|p2a: Morgoth Bauglir|tox
|move|p2a: Morgoth Bauglir|Roar|p1a: Ho-Oh
|drag|p1a: Groudon|Groudon|100/100
|detailschange|p1a: Groudon|Groudon-Primal
|-primal|p1a: Groudon
|-weather|DesolateLand|[from] ability: Desolate Land|[of] p1a: Groudon
|
|-weather|DesolateLand|[upkeep]
|-damage|p2a: Morgoth Bauglir|67/100 tox|[from] psn
|upkeep
|turn|4
|
|t:|1639221431
|switch|p2a: Manwë|Arceus-Ground|100/100
|move|p1a: Groudon|Heat Crash|p2a: Manwë
|-damage|p2a: Manwë|59/100
|
|-weather|DesolateLand|[upkeep]
|upkeep
|turn|5
|
|t:|1639221443
|switch|p2a: Beren Erchamion|Marshadow|100/100
|-weather|none
|switch|p1a: Ho-Oh|Ho-Oh|100/100
|
|upkeep
|turn|6
|
|t:|1639221450
|move|p2a: Beren Erchamion|Rock Tomb|p1a: Ho-Oh
|-supereffective|p1a: Ho-Oh
|-damage|p1a: Ho-Oh|0 fnt
|faint|p1a: Ho-Oh
|
|upkeep
|
|t:|1639221457
|switch|p1a: Groudon|Groudon-Primal|100/100
|-weather|DesolateLand|[from] ability: Desolate Land|[of] p1a: Groudon
|turn|7
|
|t:|1639221461
|switch|p2a: Manwë|Arceus-Ground|59/100
|move|p1a: Groudon|Heat Crash|p2a: Manwë
|-damage|p2a: Manwë|16/100
|
|-weather|DesolateLand|[upkeep]
|upkeep
|turn|8
|
|t:|1639221471
|-weather|none
|switch|p1a: Yveltal|Yveltal|100/100
|-ability|p1a: Yveltal|Dark Aura
|move|p2a: Manwë|Recover|p2a: Manwë
|-heal|p2a: Manwë|66/100
|
|upkeep
|turn|9
|
|t:|1639221487
|switch|p2a: Morgoth Bauglir|Arceus-Dark|67/100 tox
|move|p1a: Yveltal|Taunt|p2a: Morgoth Bauglir
|-start|p2a: Morgoth Bauglir|move: Taunt
|
|-damage|p2a: Morgoth Bauglir|61/100 tox|[from] psn
|upkeep
|turn|10
|
|t:|1639221495
|move|p1a: Yveltal|Oblivion Wing|p2a: Morgoth Bauglir
|-damage|p2a: Morgoth Bauglir|39/100 tox
|move|p2a: Morgoth Bauglir|Judgment|p1a: Yveltal
|-resisted|p1a: Yveltal
|-damage|p1a: Yveltal|72/100
|
|-damage|p2a: Morgoth Bauglir|27/100 tox|[from] psn
|upkeep
|turn|11
|
|t:|1639221505
|move|p1a: Yveltal|Oblivion Wing|p2a: Morgoth Bauglir
|-damage|p2a: Morgoth Bauglir|3/100 tox
|-heal|p1a: Yveltal|92/100|[from] drain|[of] p2a: Morgoth Bauglir
|move|p2a: Morgoth Bauglir|Judgment|p1a: Yveltal
|-resisted|p1a: Yveltal
|-damage|p1a: Yveltal|66/100
|
|-damage|p2a: Morgoth Bauglir|0 fnt|[from] psn
|faint|p2a: Morgoth Bauglir
|upkeep
|
|t:|1639221515
|switch|p2a: Lúthien Tinúviel|Zacian-Crowned|100/100
|-ability|p2a: Lúthien Tinúviel|Intrepid Sword|boost
|-boost|p2a: Lúthien Tinúviel|atk|1
|turn|12
|
|t:|1639221522
|move|p2a: Lúthien Tinúviel|Close Combat|p1a: Yveltal
|-damage|p1a: Yveltal|0 fnt
|-unboost|p2a: Lúthien Tinúviel|def|1
|-unboost|p2a: Lúthien Tinúviel|spd|1
|-damage|p2a: Lúthien Tinúviel|84/100|[from] item: Rocky Helmet|[of] p1a: Yveltal
|faint|p1a: Yveltal
|
|upkeep
|
|t:|1639221531
|switch|p1a: Ditto|Ditto|100/100
|-transform|p1a: Ditto|p2a: Lúthien Tinúviel|[from] ability: Imposter
|-ability|p1a: Ditto|Intrepid Sword|boost
|-boost|p1a: Ditto|atk|1
|turn|13
|
|t:|1639221542
|move|p1a: Ditto|Close Combat|p2a: Lúthien Tinúviel
|-damage|p2a: Lúthien Tinúviel|0 fnt
|-unboost|p1a: Ditto|def|1
|-unboost|p1a: Ditto|spd|1
|faint|p2a: Lúthien Tinúviel
|
|upkeep
|
|t:|1639221545
|switch|p2a: Beren Erchamion|Marshadow|100/100
|turn|14
|
|t:|1639221553
|switch|p1a: Arceus|Arceus|100/100
|move|p2a: Beren Erchamion|Shadow Sneak|p1a: Arceus
|-immune|p1a: Arceus
|
|upkeep
|turn|15
|
|t:|1639221563
|switch|p2a: Carcharoth|Necrozma-Dusk-Mane|100/100
|-start|p1a: Arceus|Dynamax
|-heal|p1a: Arceus|100/100|[silent]
|move|p1a: Arceus|Max Phantasm|p2a: Carcharoth
|-supereffective|p2a: Carcharoth
|-damage|p2a: Carcharoth|52/100
|-unboost|p2a: Carcharoth|def|1
|-damage|p1a: Arceus|95/100|[from] item: Life Orb
|
|upkeep
|turn|16
|
|t:|1639221575
|move|p1a: Arceus|Max Quake|p2a: Carcharoth
|-supereffective|p2a: Carcharoth
|-damage|p2a: Carcharoth|0 fnt
|-boost|p1a: Arceus|spd|1
|faint|p2a: Carcharoth
|-damage|p1a: Arceus|90/100|[from] item: Life Orb
|
|upkeep
|
|t:|1639221592
|switch|p2a: Manwë|Arceus-Ground|66/100
|turn|17
|
|t:|1639221610
|move|p1a: Arceus|Max Quake|p2a: Manwë
|-damage|p2a: Manwë|37/100
|-boost|p1a: Arceus|spd|1
|-damage|p1a: Arceus|85/100|[from] item: Life Orb
|move|p2a: Manwë|Recover|p2a: Manwë
|-heal|p2a: Manwë|87/100
|
|-end|p1a: Arceus|Dynamax
|-heal|p1a: Arceus|85/100|[silent]
|upkeep
|turn|18
|
|t:|1639221624
|move|p1a: Arceus|Swords Dance|p1a: Arceus
|-boost|p1a: Arceus|atk|2
|move|p2a: Manwë|Judgment|p1a: Arceus
|-damage|p1a: Arceus|69/100
|
|upkeep
|turn|19
|
|t:|1639221631
|move|p1a: Arceus|Extreme Speed|p2a: Manwë
|-crit|p2a: Manwë
|-damage|p2a: Manwë|10/100
|-damage|p1a: Arceus|59/100|[from] item: Life Orb
|move|p2a: Manwë|Judgment|p1a: Arceus
|-damage|p1a: Arceus|44/100
|
|upkeep
|turn|20
|
|t:|1639221653
|switch|p2a: Beren Erchamion|Marshadow|100/100
|move|p1a: Arceus|Earthquake|p2a: Beren Erchamion
|-damage|p2a: Beren Erchamion|0 fnt
|faint|p2a: Beren Erchamion
|-damage|p1a: Arceus|34/100|[from] item: Life Orb
|
|upkeep
|
|t:|1639221661
|switch|p2a: Ancalagon|Yveltal|100/100
|-ability|p2a: Ancalagon|Dark Aura
|turn|21
|
|t:|1639221666
|-start|p2a: Ancalagon|Dynamax
|-heal|p2a: Ancalagon|100/100|[silent]
|move|p1a: Arceus|Extreme Speed|p2a: Ancalagon
|-damage|p2a: Ancalagon|54/100
|-damage|p1a: Arceus|24/100|[from] item: Life Orb
|move|p2a: Ancalagon|Max Airstream|p1a: Arceus
|-damage|p1a: Arceus|0 fnt
|-boost|p2a: Ancalagon|spe|1
|faint|p1a: Arceus
|-damage|p2a: Ancalagon|49/100|[from] item: Life Orb
|
|upkeep
|
|t:|1639221682
|switch|p1a: Groudon|Groudon-Primal|100/100
|-weather|DesolateLand|[from] ability: Desolate Land|[of] p1a: Groudon
|turn|22
|
|t:|1639221689
|move|p2a: Ancalagon|Max Darkness|p1a: Groudon
|-damage|p1a: Groudon|0 fnt
|faint|p1a: Groudon
|-weather|none
|-damage|p2a: Ancalagon|44/100|[from] item: Life Orb
|
|upkeep
|
|t:|1639221707
|switch|p1a: Ditto|Ditto|100/100
|-transform|p1a: Ditto|p2a: Ancalagon|[from] ability: Imposter
|-ability|p1a: Ditto|Dark Aura
|turn|23
|
|t:|1639221717
|move|p1a: Ditto|Oblivion Wing|p2a: Ancalagon
|-damage|p2a: Ancalagon|23/100
|move|p2a: Ancalagon|Max Airstream|p1a: Ditto
|-damage|p1a: Ditto|0 fnt
|-boost|p2a: Ancalagon|spe|1
|faint|p1a: Ditto
|-damage|p2a: Ancalagon|18/100|[from] item: Life Orb
|
|-end|p2a: Ancalagon|Dynamax
|-heal|p2a: Ancalagon|18/100|[silent]
|upkeep
|
|t:|1639221731
|switch|p1a: Giratina|Giratina-Origin, shiny|100/100
|turn|24
|
|t:|1639221735
|move|p1a: Giratina|Shadow Sneak|p2a: Ancalagon
|-resisted|p2a: Ancalagon
|-damage|p2a: Ancalagon|7/100
|move|p2a: Ancalagon|Dark Pulse|p1a: Giratina
|-supereffective|p1a: Giratina
|-damage|p1a: Giratina|0 fnt
|faint|p1a: Giratina
|-damage|p2a: Ancalagon|0 fnt|[from] item: Life Orb
|faint|p2a: Ancalagon
|
|win|soviet glonk
|raw|agdp's rating: 1655 &rarr; <strong>1643</strong><br />(-12 for losing)
|raw|soviet glonk's rating: 1797 &rarr; <strong>1809</strong><br />(+12 for winning)
|c|☆soviet glonk|gg
|c|☆agdp|GG
