|j|☆theChikunEater
|j|☆ThievesBoom
|t:|1667125175
|gametype|singles
|player|p1|theChikunEater|karen|1661
|player|p2|ThievesBoom|2|1553
|teamsize|p1|6
|teamsize|p2|6
|gen|8
|tier|[Gen 8] National Dex AG
|rated|
|rule|HP Percentage Mod: HP is shown in percentages
|rule|Endless Battle Clause: Forcing endless battles is banned
|clearpoke
|poke|p1|Smeargle, F|
|poke|p1|Smeargle, F|
|poke|p1|Lopunny, M|
|poke|p1|Bibarel, F|
|poke|p1|Ditto|
|poke|p1|Arceus-*|
|poke|p2|Gengar, F|
|poke|p2|Wobbuffet, F|
|poke|p2|Gothitelle, F|
|poke|p2|Arceus-*|
|poke|p2|Tyranitar, F|
|poke|p2|Arceus-*|
|teampreview
|inactive|Battle timer is ON: inactive players will automatically lose when time's up. (requested by theChikunEater)
|c|☆theChikunEater|glhf
|
|t:|1667125181
|start
|switch|p1a: Why?|Lopunny, M, shiny|100/100
|switch|p2a: Gothitelle|Gothitelle, F|100/100
|turn|1
|
|t:|1667125186
|switch|p2a: Wobbuffet|Wobbuffet, F|100/100
|detailschange|p1a: Why?|Lopunny-Mega, M, shiny
|-mega|p1a: Why?|Lopunny|Lopunnite
|move|p1a: Why?|Fake Out|p2a: Wobbuffet
|-damage|p2a: Wobbuffet|88/100
|
|upkeep
|turn|2
|
|t:|1667125193
|move|p1a: Why?|Power-Up Punch|p2a: Wobbuffet
|-resisted|p2a: Wobbuffet
|-damage|p2a: Wobbuffet|81/100
|-boost|p1a: Why?|atk|1
|move|p2a: Wobbuffet|Encore|p1a: Why?
|-start|p1a: Why?|Encore
|
|upkeep
|turn|3
|
|t:|1667125198
|move|p1a: Why?|Power-Up Punch|p2a: Wobbuffet
|-resisted|p2a: Wobbuffet
|-damage|p2a: Wobbuffet|72/100
|-boost|p1a: Why?|atk|1
|move|p2a: Wobbuffet|Counter|p1a: Why?
|-damage|p1a: Why?|62/100
|
|upkeep
|turn|4
|c|☆theChikunEater|i dont like where this is going
|
|t:|1667125210
|move|p1a: Why?|Power-Up Punch|p2a: Wobbuffet
|-resisted|p2a: Wobbuffet
|-damage|p2a: Wobbuffet|59/100
|-boost|p1a: Why?|atk|1
|move|p2a: Wobbuffet|Counter|p1a: Why?
|-damage|p1a: Why?|8/100
|
|upkeep
|turn|5
|c|☆ThievesBoom|XD
|
|t:|1667125218
|move|p1a: Why?|Power-Up Punch|p2a: Wobbuffet
|-resisted|p2a: Wobbuffet
|-damage|p2a: Wobbuffet|43/100
|-boost|p1a: Why?|atk|1
|move|p2a: Wobbuffet|Counter|p1a: Why?
|-damage|p1a: Why?|0 fnt
|faint|p1a: Why?
|
|upkeep
|
|t:|1667125222
|switch|p1a: Fuzzy|Smeargle, F|100/100
|turn|6
|
|t:|1667125225
|move|p1a: Fuzzy|Spore|p2a: Wobbuffet
|-status|p2a: Wobbuffet|slp|[from] move: Spore
|cant|p2a: Wobbuffet|slp
|
|-ability|p1a: Fuzzy|Moody|boost
|-boost|p1a: Fuzzy|atk|2
|-unboost|p1a: Fuzzy|def|1
|upkeep
|turn|7
|
|t:|1667125230
|move|p1a: Fuzzy|Substitute|p1a: Fuzzy
|-start|p1a: Fuzzy|Substitute
|-damage|p1a: Fuzzy|76/100
|-curestatus|p2a: Wobbuffet|slp|[msg]
|move|p2a: Wobbuffet|Encore|p1a: Fuzzy
|-start|p1a: Fuzzy|Encore
|
|-heal|p1a: Fuzzy|82/100|[from] item: Leftovers
|-ability|p1a: Fuzzy|Moody|boost
|-boost|p1a: Fuzzy|def|2
|-unboost|p1a: Fuzzy|spa|1
|upkeep
|turn|8
|
|t:|1667125235
|switch|p2a: Gengar|Gengar, F|100/100
|move|p1a: Fuzzy|Substitute|p1a: Fuzzy
|-fail|p1a: Fuzzy|move: Substitute
|
|-heal|p1a: Fuzzy|88/100|[from] item: Leftovers
|-ability|p1a: Fuzzy|Moody|boost
|-boost|p1a: Fuzzy|spe|2
|-unboost|p1a: Fuzzy|def|1
|upkeep
|turn|9
|
|t:|1667125244
|switch|p1a: YES|Bibarel, F|100/100
|detailschange|p2a: Gengar|Gengar-Mega, F
|-mega|p2a: Gengar|Gengar|Gengarite
|move|p2a: Gengar|Shadow Ball|p1a: YES
|-immune|p1a: YES
|
|upkeep
|turn|10
|
|t:|1667125249
|switch|p2a: Gothitelle|Gothitelle, F|100/100
|move|p1a: YES|Crunch|p2a: Gothitelle
|-supereffective|p2a: Gothitelle
|-damage|p2a: Gothitelle|53/100
|
|upkeep
|turn|11
|
|t:|1667125254
|move|p2a: Gothitelle|Trick|p1a: YES
|-activate|p2a: Gothitelle|move: Trick|[of] p1a: YES
|-item|p1a: YES|Choice Scarf|[from] move: Trick
|-item|p2a: Gothitelle|Weakness Policy|[from] move: Trick
|move|p1a: YES|Crunch|p2a: Gothitelle
|-supereffective|p2a: Gothitelle
|-damage|p2a: Gothitelle|2/100
|-enditem|p2a: Gothitelle|Weakness Policy
|-boost|p2a: Gothitelle|atk|2|[from] item: Weakness Policy
|-boost|p2a: Gothitelle|spa|2|[from] item: Weakness Policy
|
|upkeep
|turn|12
|
|t:|1667125263
|move|p1a: YES|Crunch|p2a: Gothitelle
|-supereffective|p2a: Gothitelle
|-damage|p2a: Gothitelle|0 fnt
|faint|p2a: Gothitelle
|
|upkeep
|
|t:|1667125270
|switch|p2a: Wobbuffet|Wobbuffet, F|43/100
|turn|13
|
|t:|1667125273
|move|p1a: YES|Crunch|p2a: Wobbuffet
|-supereffective|p2a: Wobbuffet
|-damage|p2a: Wobbuffet|18/100
|-enditem|p2a: Wobbuffet|Iapapa Berry|[eat]
|-heal|p2a: Wobbuffet|51/100|[from] item: Iapapa Berry
|move|p2a: Wobbuffet|Counter|p1a: YES
|-damage|p1a: YES|0 fnt
|faint|p1a: YES
|
|upkeep
|
|t:|1667125278
|switch|p1a: Fuzzy|Smeargle, F|88/100
|turn|14
|
|t:|1667125289
|move|p1a: Fuzzy|Spore|p2a: Wobbuffet
|-status|p2a: Wobbuffet|slp|[from] move: Spore
|cant|p2a: Wobbuffet|slp
|
|-heal|p1a: Fuzzy|94/100|[from] item: Leftovers
|-ability|p1a: Fuzzy|Moody|boost
|-boost|p1a: Fuzzy|spd|2
|-unboost|p1a: Fuzzy|spa|1
|upkeep
|turn|15
|
|t:|1667125296
|move|p1a: Fuzzy|Substitute|p1a: Fuzzy
|-start|p1a: Fuzzy|Substitute
|-damage|p1a: Fuzzy|69/100
|cant|p2a: Wobbuffet|slp
|
|-heal|p1a: Fuzzy|75/100|[from] item: Leftovers
|-ability|p1a: Fuzzy|Moody|boost
|-boost|p1a: Fuzzy|def|2
|-unboost|p1a: Fuzzy|atk|1
|upkeep
|turn|16
|
|t:|1667125299
|move|p1a: Fuzzy|Shell Smash|p1a: Fuzzy
|-unboost|p1a: Fuzzy|def|1
|-unboost|p1a: Fuzzy|spd|1
|-boost|p1a: Fuzzy|atk|2
|-boost|p1a: Fuzzy|spa|2
|-boost|p1a: Fuzzy|spe|2
|-curestatus|p2a: Wobbuffet|slp|[msg]
|move|p2a: Wobbuffet|Encore|p1a: Fuzzy
|-start|p1a: Fuzzy|Encore
|
|-heal|p1a: Fuzzy|81/100|[from] item: Leftovers
|-ability|p1a: Fuzzy|Moody|boost
|-boost|p1a: Fuzzy|spe|2
|-unboost|p1a: Fuzzy|def|1
|upkeep
|turn|17
|c|☆theChikunEater|ggs
|
|t:|1667125311
|switch|p2a: Tyranitar|Tyranitar, F|100/100
|-weather|Sandstorm|[from] ability: Sand Stream|[of] p2a: Tyranitar
|move|p1a: Fuzzy|Shell Smash|p1a: Fuzzy
|-unboost|p1a: Fuzzy|def|1
|-unboost|p1a: Fuzzy|spd|1
|-boost|p1a: Fuzzy|atk|2
|-boost|p1a: Fuzzy|spa|2
|-boost|p1a: Fuzzy|spe|2
|
|-weather|Sandstorm|[upkeep]
|-damage|p1a: Fuzzy|75/100|[from] Sandstorm
|-heal|p1a: Fuzzy|81/100|[from] item: Leftovers
|-ability|p1a: Fuzzy|Moody|boost
|-boost|p1a: Fuzzy|spd|2
|-unboost|p1a: Fuzzy|spa|1
|upkeep
|turn|18
|c|☆theChikunEater|that encore gettin me good
|
|t:|1667125318
|move|p1a: Fuzzy|Shell Smash|p1a: Fuzzy
|-unboost|p1a: Fuzzy|def|1
|-unboost|p1a: Fuzzy|spd|1
|-boost|p1a: Fuzzy|atk|2
|-boost|p1a: Fuzzy|spa|2
|-boost|p1a: Fuzzy|spe|0
|move|p2a: Tyranitar|Ice Punch|p1a: Fuzzy
|-end|p1a: Fuzzy|Substitute
|
|-weather|Sandstorm|[upkeep]
|-damage|p1a: Fuzzy|75/100|[from] Sandstorm
|-heal|p1a: Fuzzy|81/100|[from] item: Leftovers
|-ability|p1a: Fuzzy|Moody|boost
|-boost|p1a: Fuzzy|spd|2
|-unboost|p1a: Fuzzy|atk|1
|upkeep
|turn|19
|
|t:|1667125328
|-activate|p1a: Fuzzy|move: Pursuit
|move|p2a: Tyranitar|Pursuit|p1a: Fuzzy|[from]Pursuit
|-damage|p1a: Fuzzy|0 fnt
|faint|p1a: Fuzzy
|-hint|A Pokemon can't switch between when it runs out of HP and when it faints
|
|-weather|Sandstorm|[upkeep]
|upkeep
|
|t:|1667125330
|switch|p1a: Wuzzy|Smeargle, F|100/100
|turn|20
|
|t:|1667125337
|switch|p2a: Wobbuffet|Wobbuffet, F|51/100
|move|p1a: Wuzzy|Spore|p2a: Wobbuffet
|-status|p2a: Wobbuffet|slp|[from] move: Spore
|
|-weather|Sandstorm|[upkeep]
|-damage|p1a: Wuzzy|95/100|[from] Sandstorm
|-damage|p2a: Wobbuffet|45/100 slp|[from] Sandstorm
|-ability|p1a: Wuzzy|Moody|boost
|-boost|p1a: Wuzzy|spe|2
|-unboost|p1a: Wuzzy|spa|1
|upkeep
|turn|21
|
|t:|1667125343
|move|p1a: Wuzzy|Shell Smash|p1a: Wuzzy
|-unboost|p1a: Wuzzy|def|1
|-unboost|p1a: Wuzzy|spd|1
|-boost|p1a: Wuzzy|atk|2
|-boost|p1a: Wuzzy|spa|2
|-boost|p1a: Wuzzy|spe|2
|cant|p2a: Wobbuffet|slp
|
|-weather|none
|-ability|p1a: Wuzzy|Moody|boost
|-boost|p1a: Wuzzy|def|2
|-unboost|p1a: Wuzzy|spe|1
|upkeep
|turn|22
|
|t:|1667125349
|move|p1a: Wuzzy|Baton Pass|p1a: Wuzzy
|
|t:|1667125350
|switch|p1a: Horsecokccc|Arceus|100/100|[from]move: Baton Pass
|-curestatus|p2a: Wobbuffet|slp|[msg]
|move|p2a: Wobbuffet|Encore||[still]
|-fail|p2a: Wobbuffet
|
|upkeep
|turn|23
|c|☆theChikunEater|unless
|
|t:|1667125358
|move|p1a: Horsecokccc|Judgment|p2a: Wobbuffet
|-damage|p2a: Wobbuffet|0 fnt
|faint|p2a: Wobbuffet
|
|upkeep
|
|t:|1667125373
|switch|p2a: Arceus|Arceus-Ground|100/100
|turn|24
|
|t:|1667125380
|-start|p1a: Horsecokccc|Dynamax|
|-heal|p1a: Horsecokccc|100/100|[silent]
|-start|p2a: Arceus|Dynamax|
|-heal|p2a: Arceus|100/100|[silent]
|move|p1a: Horsecokccc|Max Strike|p2a: Arceus
|-damage|p2a: Arceus|69/100
|-unboost|p2a: Arceus|spe|1
|move|p2a: Arceus|Max Quake|p1a: Horsecokccc
|-damage|p1a: Horsecokccc|63/100
|-boost|p2a: Arceus|spd|1
|
|upkeep
|turn|25
|
|t:|1667125384
|move|p1a: Horsecokccc|Max Strike|p2a: Arceus
|-damage|p2a: Arceus|48/100
|-unboost|p2a: Arceus|spe|1
|move|p2a: Arceus|Max Quake|p1a: Horsecokccc
|-damage|p1a: Horsecokccc|26/100
|-boost|p2a: Arceus|spd|1
|
|upkeep
|turn|26
|
|t:|1667125395
|move|p1a: Horsecokccc|Max Overgrowth|p2a: Arceus
|-supereffective|p2a: Arceus
|-damage|p2a: Arceus|28/100
|-fieldstart|move: Grassy Terrain
|move|p2a: Arceus|Max Quake|p1a: Horsecokccc
|-damage|p1a: Horsecokccc|0 fnt
|-boost|p2a: Arceus|spd|1
|faint|p1a: Horsecokccc
|
|-heal|p2a: Arceus|31/100|[from] Grassy Terrain
|upkeep
|
|t:|1667125399
|switch|p1a: Wuzzy|Smeargle, F|95/100
|-end|p2a: Arceus|Dynamax
|-heal|p2a: Arceus|31/100|[silent]
|turn|27
|
|t:|1667125406
|move|p1a: Wuzzy|Spore|p2a: Arceus
|-status|p2a: Arceus|slp|[from] move: Spore
|cant|p2a: Arceus|slp
|
|-heal|p1a: Wuzzy|100/100|[from] Grassy Terrain
|-heal|p2a: Arceus|37/100 slp|[from] Grassy Terrain
|-ability|p1a: Wuzzy|Moody|boost
|-boost|p1a: Wuzzy|spe|2
|-unboost|p1a: Wuzzy|spd|1
|upkeep
|turn|28
|
|t:|1667125410
|move|p1a: Wuzzy|Shell Smash|p1a: Wuzzy
|-unboost|p1a: Wuzzy|def|1
|-unboost|p1a: Wuzzy|spd|1
|-boost|p1a: Wuzzy|atk|2
|-boost|p1a: Wuzzy|spa|2
|-boost|p1a: Wuzzy|spe|2
|cant|p2a: Arceus|slp
|
|-heal|p2a: Arceus|43/100 slp|[from] Grassy Terrain
|-ability|p1a: Wuzzy|Moody|boost
|-boost|p1a: Wuzzy|atk|2
|-unboost|p1a: Wuzzy|spa|1
|upkeep
|turn|29
|
|t:|1667125417
|switch|p1a: Pasta|Ditto|100/100
|-transform|p1a: Pasta|p2a: Arceus|[from] ability: Imposter
|-curestatus|p2a: Arceus|slp|[msg]
|move|p2a: Arceus|Will-O-Wisp|p1a: Pasta
|-status|p1a: Pasta|brn
|
|-heal|p2a: Arceus|49/100|[from] Grassy Terrain
|-damage|p1a: Pasta|94/100 brn|[from] brn
|upkeep
|turn|30
|
|t:|1667125427
|move|p1a: Pasta|Judgment|p2a: Arceus
|-damage|p2a: Arceus|41/100
|move|p2a: Arceus|Recover|p2a: Arceus
|-heal|p2a: Arceus|91/100
|
|-heal|p1a: Pasta|100/100 brn|[from] Grassy Terrain
|-heal|p2a: Arceus|97/100|[from] Grassy Terrain
|-damage|p1a: Pasta|94/100 brn|[from] brn
|-fieldend|move: Grassy Terrain
|upkeep
|turn|31
|
|t:|1667125433
|move|p1a: Pasta|Judgment|p2a: Arceus
|-damage|p2a: Arceus|89/100
|move|p2a: Arceus|Judgment|p1a: Pasta
|-damage|p1a: Pasta|75/100 brn
|
|-damage|p1a: Pasta|69/100 brn|[from] brn
|upkeep
|turn|32
|
|t:|1667125437
|move|p1a: Pasta|Judgment|p2a: Arceus
|-damage|p2a: Arceus|82/100
|move|p2a: Arceus|Judgment|p1a: Pasta
|-damage|p1a: Pasta|51/100 brn
|
|-damage|p1a: Pasta|45/100 brn|[from] brn
|upkeep
|turn|33
|
|t:|1667125443
|move|p1a: Pasta|Judgment|p2a: Arceus
|-damage|p2a: Arceus|75/100
|move|p2a: Arceus|Judgment|p1a: Pasta
|-damage|p1a: Pasta|26/100 brn
|
|-damage|p1a: Pasta|20/100 brn|[from] brn
|upkeep
|turn|34
|
|t:|1667125446
|move|p1a: Pasta|Judgment|p2a: Arceus
|-damage|p2a: Arceus|68/100
|move|p2a: Arceus|Judgment|p1a: Pasta
|-damage|p1a: Pasta|1/100 brn
|
|-damage|p1a: Pasta|0 fnt|[from] brn
|faint|p1a: Pasta
|upkeep
|c|☆theChikunEater|gg
|
|t:|1667125452
|switch|p1a: Wuzzy|Smeargle, F|100/100
|turn|35
|c|☆ThievesBoom|gg
|
|t:|1667125457
|move|p1a: Wuzzy|Spore|p2a: Arceus
|-status|p2a: Arceus|slp|[from] move: Spore
|cant|p2a: Arceus|slp
|
|-ability|p1a: Wuzzy|Moody|boost
|-boost|p1a: Wuzzy|spd|2
|-unboost|p1a: Wuzzy|atk|1
|upkeep
|turn|36
|
|t:|1667125464
|move|p1a: Wuzzy|Shell Smash|p1a: Wuzzy
|-unboost|p1a: Wuzzy|def|1
|-unboost|p1a: Wuzzy|spd|1
|-boost|p1a: Wuzzy|atk|2
|-boost|p1a: Wuzzy|spa|2
|-boost|p1a: Wuzzy|spe|2
|-curestatus|p2a: Arceus|slp|[msg]
|move|p2a: Arceus|Judgment|p1a: Wuzzy
|-damage|p1a: Wuzzy|18/100
|
|-ability|p1a: Wuzzy|Moody|boost
|-boost|p1a: Wuzzy|atk|2
|-unboost|p1a: Wuzzy|spd|1
|upkeep
|turn|37
|c|☆ThievesBoom|i got extrem killer in the back gg
|
|t:|1667125490
|move|p1a: Wuzzy|Shell Smash|p1a: Wuzzy
|-unboost|p1a: Wuzzy|def|1
|-unboost|p1a: Wuzzy|spd|1
|-boost|p1a: Wuzzy|atk|2
|-boost|p1a: Wuzzy|spa|2
|-boost|p1a: Wuzzy|spe|2
|move|p2a: Arceus|Will-O-Wisp|p1a: Wuzzy|[miss]
|-miss|p2a: Arceus|p1a: Wuzzy
|
|-ability|p1a: Wuzzy|Moody|boost
|-boost|p1a: Wuzzy|spa|2
|-unboost|p1a: Wuzzy|atk|1
|upkeep
|turn|38
|
|t:|1667125497
|move|p1a: Wuzzy|Spore|p2a: Arceus
|-status|p2a: Arceus|slp|[from] move: Spore
|cant|p2a: Arceus|slp
|
|-ability|p1a: Wuzzy|Moody|boost
|-boost|p1a: Wuzzy|spe|2
|-unboost|p1a: Wuzzy|atk|1
|upkeep
|turn|39
|c|☆ThievesBoom|XD
|c|☆theChikunEater|nah i just cant hit ground
|c|☆theChikunEater|i have an electric attack
|
|t:|1667125520
|move|p1a: Wuzzy|Bolt Beak|p2a: Arceus
|-immune|p2a: Arceus
|cant|p2a: Arceus|slp
|
|-ability|p1a: Wuzzy|Moody|boost
|-boost|p1a: Wuzzy|atk|2
|-unboost|p1a: Wuzzy|spe|1
|upkeep
|turn|40
|c|☆ThievesBoom|XDDDDDDDDDDDDDDDDD
|c|☆theChikunEater|gg
|c|☆ThievesBoom|i thought power trip
|c|☆ThievesBoom|isnt that smarter
|
|t:|1667125533
|move|p1a: Wuzzy|Bolt Beak|p2a: Arceus
|-immune|p2a: Arceus
|-curestatus|p2a: Arceus|slp|[msg]
|move|p2a: Arceus|Will-O-Wisp|p1a: Wuzzy|[miss]
|-miss|p2a: Arceus|p1a: Wuzzy
|
|-ability|p1a: Wuzzy|Moody|boost
|-boost|p1a: Wuzzy|atk|1
|-unboost|p1a: Wuzzy|def|1
|upkeep
|turn|41
|c|☆theChikunEater|prolly
|c|☆theChikunEater|but throws people off
|c|☆theChikunEater|anyways gg
|c|☆ThievesBoom|gg
|-message|theChikunEater forfeited.
|
|win|ThievesBoom
|raw|theChikunEater's rating: 1661 &rarr; <strong>1635</strong><br />(-26 for losing)
|raw|ThievesBoom's rating: 1553 &rarr; <strong>1579</strong><br />(+26 for winning)
|l|☆theChikunEater
