|j|☆Skarvinad
|j|☆rowletroost
|t:|1641776831
|gametype|singles
|player|p1|Skarvinad|maid|1396
|player|p2|rowletroost|lance|1659
|teamsize|p1|6
|teamsize|p2|6
|gen|8
|tier|[Gen 8] National Dex AG
|rated|
|rule|HP Percentage Mod: HP is shown in percentages
|rule|Endless Battle Clause: Forcing endless battles is banned
|clearpoke
|poke|p1|Groudon|
|poke|p1|Kyogre|
|poke|p1|Zekrom|
|poke|p1|Calyrex-Shadow|
|poke|p1|Arceus-*|
|poke|p1|Ditto|
|poke|p2|Arceus-*|
|poke|p2|Xerneas-*|
|poke|p2|Kyogre|
|poke|p2|Marshadow|
|poke|p2|Ribombee, F|
|poke|p2|Vivillon-Savanna, F|
|teampreview
|inactive|Battle timer is ON: inactive players will automatically lose when time's up. (requested by rowletroost)
|
|t:|1641776837
|start
|switch|p1a: Ditto|Ditto|100/100
|switch|p2a: Arceus|Arceus-Ground|100/100
|-transform|p1a: Ditto|p2a: Arceus|[from] ability: Imposter
|turn|1
|
|t:|1641776848
|switch|p2a: Kyogre|Kyogre, shiny|100/100
|detailschange|p2a: Kyogre|Kyogre-Primal, shiny
|-primal|p2a: Kyogre
|-weather|PrimordialSea|[from] ability: Primordial Sea|[of] p2a: Kyogre
|move|p1a: Ditto|Ice Beam|p2a: Kyogre
|-resisted|p2a: Kyogre
|-damage|p2a: Kyogre|93/100
|
|-weather|PrimordialSea|[upkeep]
|upkeep
|turn|2
|
|t:|1641776857
|move|p1a: Ditto|Judgment|p2a: Kyogre
|-damage|p2a: Kyogre|79/100
|move|p2a: Kyogre|Ice Beam|p1a: Ditto
|-supereffective|p1a: Ditto
|-damage|p1a: Ditto|8/100
|
|-weather|PrimordialSea|[upkeep]
|upkeep
|turn|3
|
|t:|1641776869
|move|p1a: Ditto|Judgment|p2a: Kyogre
|-damage|p2a: Kyogre|65/100
|move|p2a: Kyogre|Ice Beam|p1a: Ditto
|-supereffective|p1a: Ditto
|-damage|p1a: Ditto|0 fnt
|faint|p1a: Ditto
|
|-weather|PrimordialSea|[upkeep]
|upkeep
|
|t:|1641776876
|switch|p1a: tdrfgcxtfygh|Calyrex-Shadow|100/100
|-ability|p1a: tdrfgcxtfygh|As One
|-ability|p1a: tdrfgcxtfygh|Unnerve
|turn|4
|
|t:|1641776886
|move|p1a: tdrfgcxtfygh|Substitute|p1a: tdrfgcxtfygh
|-start|p1a: tdrfgcxtfygh|Substitute
|-damage|p1a: tdrfgcxtfygh|75/100
|move|p2a: Kyogre|Thunder|p1a: tdrfgcxtfygh
|-end|p1a: tdrfgcxtfygh|Substitute
|
|-weather|PrimordialSea|[upkeep]
|-heal|p1a: tdrfgcxtfygh|82/100|[from] item: Leftovers
|upkeep
|turn|5
|
|t:|1641776894
|move|p1a: tdrfgcxtfygh|Astral Barrage|p2a: Kyogre
|-damage|p2a: Kyogre|19/100
|move|p2a: Kyogre|Thunder|p1a: tdrfgcxtfygh
|-damage|p1a: tdrfgcxtfygh|33/100
|
|-weather|PrimordialSea|[upkeep]
|-heal|p1a: tdrfgcxtfygh|39/100|[from] item: Leftovers
|upkeep
|turn|6
|
|t:|1641776914
|move|p1a: tdrfgcxtfygh|Astral Barrage|p2a: Kyogre
|-damage|p2a: Kyogre|0 fnt
|faint|p2a: Kyogre
|-weather|none
|-ability|p1a: tdrfgcxtfygh|Grim Neigh|boost
|-boost|p1a: tdrfgcxtfygh|spa|1
|
|-heal|p1a: tdrfgcxtfygh|45/100|[from] item: Leftovers
|upkeep
|
|t:|1641776918
|switch|p2a: Ribombee|Ribombee, F, shiny|100/100
|turn|7
|
|t:|1641776925
|move|p2a: Ribombee|Sticky Web|p1a: tdrfgcxtfygh
|-sidestart|p1: Skarvinad|move: Sticky Web
|move|p1a: tdrfgcxtfygh|Astral Barrage|p2a: Ribombee
|-enditem|p2a: Ribombee|Focus Sash
|-damage|p2a: Ribombee|1/100
|
|-heal|p1a: tdrfgcxtfygh|51/100|[from] item: Leftovers
|upkeep
|turn|8
|
|t:|1641776942
|move|p2a: Ribombee|Moonblast|p1a: tdrfgcxtfygh
|-damage|p1a: tdrfgcxtfygh|15/100
|-unboost|p1a: tdrfgcxtfygh|spa|1
|move|p1a: tdrfgcxtfygh|Astral Barrage|p2a: Ribombee
|-damage|p2a: Ribombee|0 fnt
|faint|p2a: Ribombee
|-ability|p1a: tdrfgcxtfygh|Grim Neigh|boost
|-boost|p1a: tdrfgcxtfygh|spa|1
|
|-heal|p1a: tdrfgcxtfygh|21/100|[from] item: Leftovers
|upkeep
|
|t:|1641776944
|switch|p2a: Marshadow|Marshadow|100/100
|turn|9
|
|t:|1641776954
|move|p2a: Marshadow|Shadow Sneak|p1a: tdrfgcxtfygh
|-supereffective|p1a: tdrfgcxtfygh
|-damage|p1a: tdrfgcxtfygh|0 fnt
|faint|p1a: tdrfgcxtfygh
|
|upkeep
|
|t:|1641776963
|switch|p1a: big dog|Groudon|100/100
|-activate|p1a: big dog|move: Sticky Web
|-unboost|p1a: big dog|spe|1
|detailschange|p1a: big dog|Groudon-Primal
|-primal|p1a: big dog
|-weather|DesolateLand|[from] ability: Desolate Land|[of] p1a: big dog
|turn|10
|
|t:|1641776970
|move|p2a: Marshadow|Close Combat|p1a: big dog
|-damage|p1a: big dog|57/100
|-unboost|p2a: Marshadow|def|1
|-unboost|p2a: Marshadow|spd|1
|move|p1a: big dog|Rock Polish|p1a: big dog
|-boost|p1a: big dog|spe|2
|
|-weather|DesolateLand|[upkeep]
|upkeep
|turn|11
|
|t:|1641776978
|move|p1a: big dog|Earthquake|p2a: Marshadow
|-enditem|p2a: Marshadow|Focus Sash
|-damage|p2a: Marshadow|1/100
|move|p2a: Marshadow|Spectral Thief||[still]
|-clearpositiveboost|p1a: big dog|p2a: Marshadow|move: Spectral Thief
|-boost|p2a: Marshadow|spe|1
|-anim|p2a: Marshadow|Spectral Thief|p1a: big dog
|-damage|p1a: big dog|26/100
|
|-weather|DesolateLand|[upkeep]
|upkeep
|turn|12
|
|t:|1641776990
|move|p2a: Marshadow|Close Combat|p1a: big dog
|-damage|p1a: big dog|0 fnt
|-unboost|p2a: Marshadow|def|1
|-unboost|p2a: Marshadow|spd|1
|faint|p1a: big dog
|-weather|none
|
|upkeep
|
|t:|1641777002
|switch|p1a: Arceus|Arceus-Ground|100/100
|-activate|p1a: Arceus|move: Sticky Web
|-unboost|p1a: Arceus|spe|1
|turn|13
|
|t:|1641777017
|switch|p2a: Arceus|Arceus-Ground|100/100
|-start|p1a: Arceus|Dynamax
|-heal|p1a: Arceus|100/100|[silent]
|move|p1a: Arceus|Max Darkness|p2a: Arceus
|-damage|p2a: Arceus|77/100
|-unboost|p2a: Arceus|spd|1
|
|upkeep
|turn|14
|
|t:|1641777027
|switch|p2a: Xerneas|Xerneas, shiny|100/100
|-ability|p2a: Xerneas|Fairy Aura
|move|p1a: Arceus|Max Quake|p2a: Xerneas
|-damage|p2a: Xerneas|48/100
|-boost|p1a: Arceus|spd|1
|
|upkeep
|turn|15
|
|t:|1641777049
|move|p2a: Xerneas|Geomancy||[still]
|-prepare|p2a: Xerneas|Geomancy
|-enditem|p2a: Xerneas|Power Herb
|-anim|p2a: Xerneas|Geomancy|p2a: Xerneas
|-boost|p2a: Xerneas|spa|2
|-boost|p2a: Xerneas|spd|2
|-boost|p2a: Xerneas|spe|2
|move|p1a: Arceus|Max Quake|p2a: Xerneas
|-damage|p2a: Xerneas|21/100
|-boost|p1a: Arceus|spd|1
|
|-end|p1a: Arceus|Dynamax
|-heal|p1a: Arceus|100/100|[silent]
|upkeep
|turn|16
|
|t:|1641777064
|-start|p2a: Xerneas|Dynamax
|-heal|p2a: Xerneas|21/100|[silent]
|move|p2a: Xerneas|Max Starfall|p1a: Arceus
|-damage|p1a: Arceus|38/100
|-fieldstart|move: Misty Terrain
|move|p1a: Arceus|Judgment|p2a: Xerneas
|-damage|p2a: Xerneas|9/100
|
|upkeep
|turn|17
|
|t:|1641777074
|move|p2a: Xerneas|Max Starfall|p1a: Arceus
|-damage|p1a: Arceus|0 fnt
|faint|p1a: Arceus
|
|upkeep
|
|t:|1641777080
|switch|p1a: Feeling Blue?|Kyogre|100/100
|-activate|p1a: Feeling Blue?|move: Sticky Web
|-unboost|p1a: Feeling Blue?|spe|1
|-weather|RainDance|[from] ability: Drizzle|[of] p1a: Feeling Blue?
|turn|18
|
|t:|1641777088
|move|p2a: Xerneas|Max Starfall|p1a: Feeling Blue?
|-damage|p1a: Feeling Blue?|0 fnt
|faint|p1a: Feeling Blue?
|
|-weather|RainDance|[upkeep]
|-end|p2a: Xerneas|Dynamax
|-heal|p2a: Xerneas|9/100|[silent]
|upkeep
|-message|Skarvinad forfeited.
|
|win|rowletroost
|raw|Skarvinad's rating: 1396 &rarr; <strong>1389</strong><br />(-7 for losing)
|raw|rowletroost's rating: 1659 &rarr; <strong>1666</strong><br />(+7 for winning)
|l|☆Skarvinad
