|j|☆ImAbroom
|j|☆NB402141
|t:|1608748124
|player|p1|ImAbroom|red|
|player|p2|NB402141|red-gen7|
|teamsize|p1|6
|teamsize|p2|6
|gametype|singles
|gen|8
|tier|[Gen 8] National Dex AG
|rated|Tournament battle
|clearpoke
|poke|p1|Rayquaza|
|poke|p1|Xerneas|
|poke|p1|Zacian-Crowned|
|poke|p1|Zygarde|
|poke|p1|Groudon|
|poke|p1|Ho-Oh|
|poke|p2|Regieleki|
|poke|p2|Zacian-Crowned|
|poke|p2|Kyogre|
|poke|p2|Yveltal|
|poke|p2|Calyrex-Shadow|
|poke|p2|Rayquaza|
|rule|HP Percentage Mod: HP is shown in percentages
|rule|Endless Battle Clause: Forcing endless battles is banned
|teampreview
|c|☆NB402141|glhf
|inactive|Battle timer is ON: inactive players will automatically lose when time's up. (requested by ImAbroom)
|
|t:|1608748132
|start
|switch|p1a: Upper Moon 5|Groudon|100/100
|switch|p2a: Regieleki|Regieleki|100/100
|detailschange|p1a: Upper Moon 5|Groudon-Primal
|-primal|p1a: Upper Moon 5
|-weather|DesolateLand|[from] ability: Desolate Land|[of] p1a: Upper Moon 5
|turn|1
|
|t:|1608748135
|move|p2a: Regieleki|Reflect|p2a: Regieleki
|-sidestart|p2: NB402141|Reflect
|move|p1a: Upper Moon 5|Rock Tomb|p2a: Regieleki
|-damage|p2a: Regieleki|74/100
|-unboost|p2a: Regieleki|spe|1
|
|-weather|DesolateLand|[upkeep]
|upkeep
|turn|2
|j| Pokemh
|
|t:|1608748139
|move|p2a: Regieleki|Light Screen|p2a: Regieleki
|-sidestart|p2: NB402141|move: Light Screen
|move|p1a: Upper Moon 5|Stealth Rock|p2a: Regieleki
|-sidestart|p2: NB402141|move: Stealth Rock
|
|-weather|DesolateLand|[upkeep]
|upkeep
|turn|3
|
|t:|1608748141
|move|p2a: Regieleki|Rapid Spin|p1a: Upper Moon 5
|-damage|p1a: Upper Moon 5|95/100
|-boost|p2a: Regieleki|spe|1
|-sideend|p2: NB402141|Stealth Rock|[from] move: Rapid Spin|[of] p2a: Regieleki
|move|p1a: Upper Moon 5|Rock Tomb|p2a: Regieleki
|-damage|p2a: Regieleki|46/100
|-unboost|p2a: Regieleki|spe|1
|
|-weather|DesolateLand|[upkeep]
|upkeep
|turn|4
|
|t:|1608748145
|move|p2a: Regieleki|Rapid Spin|p1a: Upper Moon 5
|-damage|p1a: Upper Moon 5|89/100
|-boost|p2a: Regieleki|spe|1
|move|p1a: Upper Moon 5|Precipice Blades|p2a: Regieleki
|-supereffective|p2a: Regieleki
|-damage|p2a: Regieleki|0 fnt
|faint|p2a: Regieleki
|
|-weather|DesolateLand|[upkeep]
|upkeep
|
|t:|1608748150
|switch|p2a: Calyrex|Calyrex-Shadow|100/100
|-ability|p2a: Calyrex|As One
|-ability|p2a: Calyrex|Unnerve|p1: ImAbroom
|turn|5
|
|t:|1608748154
|-weather|none
|switch|p1a: Upper Moon 6|Ho-Oh|100/100
|move|p2a: Calyrex|Astral Barrage|p1a: Upper Moon 6
|-damage|p1a: Upper Moon 6|62/100
|
|upkeep
|turn|6
|
|t:|1608748157
|move|p2a: Calyrex|Nasty Plot|p2a: Calyrex
|-boost|p2a: Calyrex|spa|2
|move|p1a: Upper Moon 6|Defog|p2a: Calyrex
|-unboost|p2a: Calyrex|evasion|1
|-sideend|p2: NB402141|Reflect
|-sideend|p2: NB402141|move: Light Screen
|
|upkeep
|turn|7
|
|t:|1608748169
|move|p2a: Calyrex|Astral Barrage|p1a: Upper Moon 6
|-damage|p1a: Upper Moon 6|0 fnt
|faint|p1a: Upper Moon 6
|-ability|p2a: Calyrex|Grim Neigh|boost
|-boost|p2a: Calyrex|spa|1
|
|upkeep
|
|t:|1608748171
|switch|p1a: Upper Moon 2|Xerneas|100/100
|-ability|p1a: Upper Moon 2|Fairy Aura
|turn|8
|
|t:|1608748174
|-start|p1a: Upper Moon 2|Dynamax
|-heal|p1a: Upper Moon 2|100/100|[silent]
|move|p2a: Calyrex|Astral Barrage|p1a: Upper Moon 2
|-damage|p1a: Upper Moon 2|25/100
|move|p1a: Upper Moon 2|Max Starfall|p2a: Calyrex
|-damage|p2a: Calyrex|1/100
|-fieldstart|move: Misty Terrain
|
|upkeep
|turn|9
|
|t:|1608748183
|move|p2a: Calyrex|Astral Barrage|p1a: Upper Moon 2
|-damage|p1a: Upper Moon 2|0 fnt
|faint|p1a: Upper Moon 2
|-ability|p2a: Calyrex|Grim Neigh|boost
|-boost|p2a: Calyrex|spa|1
|
|upkeep
|c|☆NB402141|didn't matter
|c|☆NB402141|I had sash
|
|t:|1608748186
|switch|p1a: Upper Moon 1|Rayquaza|100/100
|-ability|p1a: Upper Moon 1|Air Lock
|turn|10
|
|t:|1608748188
|detailschange|p1a: Upper Moon 1|Rayquaza-Mega
|-mega|p1a: Upper Moon 1|Rayquaza|
|-weather|DeltaStream|[from] ability: Delta Stream|[of] p1a: Upper Moon 1
|move|p2a: Calyrex|Draining Kiss|p1a: Upper Moon 1
|-supereffective|p1a: Upper Moon 1
|-enditem|p1a: Upper Moon 1|Focus Sash
|-damage|p1a: Upper Moon 1|1/100
|-heal|p2a: Calyrex|78/100|[from] drain|[of] p1a: Upper Moon 1
|move|p1a: Upper Moon 1|Dragon Dance|p1a: Upper Moon 1
|-boost|p1a: Upper Moon 1|atk|1
|-boost|p1a: Upper Moon 1|spe|1
|
|-weather|DeltaStream|[upkeep]
|upkeep
|turn|11
|
|t:|1608748192
|move|p1a: Upper Moon 1|Dragon Ascent|p2a: Calyrex
|-damage|p2a: Calyrex|0 fnt
|-unboost|p1a: Upper Moon 1|def|1
|-unboost|p1a: Upper Moon 1|spd|1
|faint|p2a: Calyrex
|
|-weather|DeltaStream|[upkeep]
|upkeep
|j| Skylink42
|
|t:|1608748201
|switch|p2a: Zacian|Zacian-Crowned|100/100
|-ability|p2a: Zacian|Intrepid Sword|boost
|-boost|p2a: Zacian|atk|1
|turn|12
|
|t:|1608748204
|move|p1a: Upper Moon 1|Earthquake|p2a: Zacian
|-supereffective|p2a: Zacian
|-crit|p2a: Zacian
|-damage|p2a: Zacian|0 fnt
|faint|p2a: Zacian
|
|-weather|DeltaStream|[upkeep]
|-fieldend|Misty Terrain
|upkeep
|
|t:|1608748207
|switch|p2a: Yveltal|Yveltal, shiny|100/100
|-ability|p2a: Yveltal|Dark Aura
|turn|13
|
|t:|1608748215
|-start|p2a: Yveltal|Dynamax
|-heal|p2a: Yveltal|100/100|[silent]
|move|p1a: Upper Moon 1|Extreme Speed|p2a: Yveltal
|-damage|p2a: Yveltal|76/100
|move|p2a: Yveltal|Max Airstream|p1a: Upper Moon 1
|-damage|p1a: Upper Moon 1|0 fnt
|-boost|p2a: Yveltal|spe|1
|-damage|p2a: Yveltal|71/100|[from] item: Life Orb
|faint|p1a: Upper Moon 1
|-weather|none
|
|upkeep
|
|t:|1608748222
|switch|p1a: Upper Moon 4|Zygarde|100/100
|turn|14
|
|t:|1608748225
|move|p2a: Yveltal|Max Darkness|p1a: Upper Moon 4
|-crit|p1a: Upper Moon 4
|-damage|p1a: Upper Moon 4|0 fnt
|-damage|p2a: Yveltal|66/100|[from] item: Life Orb
|faint|p1a: Upper Moon 4
|
|upkeep
|c| Pokemh|F
|c|☆ImAbroom|.-.
|c|☆NB402141|did that matter
|c| Pokemh|ye
|c|☆NB402141|not sure
|c|☆NB402141|oof
|c| Pokemh|zyg tanky af
|c|☆NB402141|sorry
|
|t:|1608748245
|switch|p1a: Upper Moon 3|Zacian-Crowned|100/100
|-ability|p1a: Upper Moon 3|Intrepid Sword|boost
|-boost|p1a: Upper Moon 3|atk|1
|turn|15
|
|t:|1608748250
|move|p2a: Yveltal|Max Flare|p1a: Upper Moon 3
|-supereffective|p1a: Upper Moon 3
|-damage|p1a: Upper Moon 3|0 fnt
|-weather|SunnyDay
|-damage|p2a: Yveltal|61/100|[from] item: Life Orb
|faint|p1a: Upper Moon 3
|
|-weather|SunnyDay|[upkeep]
|-end|p2a: Yveltal|Dynamax
|-heal|p2a: Yveltal|61/100|[silent]
|upkeep
|
|t:|1608748252
|switch|p1a: Upper Moon 5|Groudon-Primal|89/100
|-weather|DesolateLand|[from] ability: Desolate Land|[of] p1a: Upper Moon 5
|turn|16
|l| Skylink42
|
|t:|1608748254
|move|p2a: Yveltal|Dark Pulse|p1a: Upper Moon 5
|-crit|p1a: Upper Moon 5
|-damage|p1a: Upper Moon 5|0 fnt
|-damage|p2a: Yveltal|51/100|[from] item: Life Orb
|faint|p1a: Upper Moon 5
|-weather|none
|
|win|NB402141
|n|☆ImAbroom|imabroom
|n|☆NB402141|nb402141
|n| Pokemh|pokemh
