|j|☆Pkmn 3443
|j|☆T4nner
|t:|1622234901
|gametype|singles
|player|p1|Pkmn 3443|102|1977
|player|p2|T4nner|red|1891
|teamsize|p1|6
|teamsize|p2|6
|gen|8
|tier|[Gen 8] National Dex AG
|rated|
|rule|HP Percentage Mod: HP is shown in percentages
|rule|Endless Battle Clause: Forcing endless battles is banned
|clearpoke
|poke|p1|Zacian-*|
|poke|p1|Necrozma-Dusk-Mane|
|poke|p1|Ditto|
|poke|p1|Ho-Oh|
|poke|p1|Rayquaza|
|poke|p1|Yveltal|
|poke|p2|Kyogre|
|poke|p2|Groudon|
|poke|p2|Rayquaza|
|poke|p2|Zacian-*|
|poke|p2|Regieleki|
|poke|p2|Calyrex-Shadow|
|teampreview
|inactive|Battle timer is ON: inactive players will automatically lose when time's up. (requested by T4nner)
|j| Beatboxing_Phantom
|
|t:|1622234925
|start
|switch|p1a: Ditto|Ditto|100/100
|switch|p2a: Rayquaza|Rayquaza|100/100
|-ability|p2a: Rayquaza|Air Lock
|-transform|p1a: Ditto|p2a: Rayquaza|[from] ability: Imposter
|turn|1
|
|t:|1622234934
|detailschange|p2a: Rayquaza|Rayquaza-Mega
|-mega|p2a: Rayquaza|Rayquaza|
|-weather|DeltaStream|[from] ability: Delta Stream|[of] p2a: Rayquaza
|move|p1a: Ditto|Scale Shot|p2a: Rayquaza
|-supereffective|p2a: Rayquaza
|-damage|p2a: Rayquaza|68/100
|-supereffective|p2a: Rayquaza
|-damage|p2a: Rayquaza|37/100
|-supereffective|p2a: Rayquaza
|-damage|p2a: Rayquaza|4/100
|-supereffective|p2a: Rayquaza
|-damage|p2a: Rayquaza|0 fnt
|faint|p2a: Rayquaza
|-weather|none
|-hitcount|p2: Rayquaza|4
|-unboost|p1a: Ditto|def|1
|-boost|p1a: Ditto|spe|1
|
|upkeep
|
|t:|1622234953
|switch|p2a: Ditto is 4 Bitches|Zacian-Crowned|100/100
|-ability|p2a: Ditto is 4 Bitches|Intrepid Sword|boost
|-boost|p2a: Ditto is 4 Bitches|atk|1
|turn|2
|
|t:|1622234960
|switch|p1a: Ho-Oh|Ho-Oh|100/100
|switch|p2a: Kyogre|Kyogre|100/100
|detailschange|p2a: Kyogre|Kyogre-Primal
|-primal|p2a: Kyogre
|-weather|PrimordialSea|[from] ability: Primordial Sea|[of] p2a: Kyogre
|
|-weather|PrimordialSea|[upkeep]
|upkeep
|turn|3
|
|t:|1622234970
|switch|p1a: Ditto|Ditto|100/100
|-transform|p1a: Ditto|p2a: Kyogre|[from] ability: Imposter
|move|p2a: Kyogre|Water Spout|p1a: Ditto
|-resisted|p1a: Ditto
|-damage|p1a: Ditto|34/100
|
|-weather|PrimordialSea|[upkeep]
|upkeep
|turn|4
|
|t:|1622234978
|move|p1a: Ditto|Thunder|p2a: Kyogre
|-supereffective|p2a: Kyogre
|-damage|p2a: Kyogre|35/100
|-status|p2a: Kyogre|par
|move|p2a: Kyogre|Thunder|p1a: Ditto
|-supereffective|p1a: Ditto
|-damage|p1a: Ditto|0 fnt
|faint|p1a: Ditto
|
|-weather|PrimordialSea|[upkeep]
|upkeep
|
|t:|1622234984
|switch|p1a: Rayquaza|Rayquaza|100/100
|-ability|p1a: Rayquaza|Air Lock
|turn|5
|
|t:|1622234989
|detailschange|p1a: Rayquaza|Rayquaza-Mega
|-mega|p1a: Rayquaza|Rayquaza|
|-weather|DeltaStream|[from] ability: Delta Stream|[of] p1a: Rayquaza
|move|p1a: Rayquaza|Dragon Ascent|p2a: Kyogre
|-damage|p2a: Kyogre|0 fnt
|-unboost|p1a: Rayquaza|def|1
|-unboost|p1a: Rayquaza|spd|1
|faint|p2a: Kyogre
|-damage|p1a: Rayquaza|91/100|[from] item: Life Orb
|
|-weather|DeltaStream|[upkeep]
|upkeep
|
|t:|1622235003
|switch|p2a: Ditto is 4 Bitches|Zacian-Crowned|100/100
|-ability|p2a: Ditto is 4 Bitches|Intrepid Sword|boost
|-boost|p2a: Ditto is 4 Bitches|atk|1
|turn|6
|
|t:|1622235008
|-weather|none
|switch|p1a: Necrozma|Necrozma-Dusk-Mane|100/100
|move|p2a: Ditto is 4 Bitches|Crunch|p1a: Necrozma
|-supereffective|p1a: Necrozma
|-damage|p1a: Necrozma|56/100
|-unboost|p1a: Necrozma|def|1
|-damage|p2a: Ditto is 4 Bitches|84/100|[from] item: Rocky Helmet|[of] p1a: Necrozma
|
|upkeep
|turn|7
|
|t:|1622235018
|switch|p1a: Ho-Oh|Ho-Oh|100/100
|move|p2a: Ditto is 4 Bitches|Crunch|p1a: Ho-Oh
|-damage|p1a: Ho-Oh|59/100
|
|upkeep
|turn|8
|
|t:|1622235022
|switch|p2a: Groudon|Groudon|100/100
|detailschange|p2a: Groudon|Groudon-Primal
|-primal|p2a: Groudon
|-weather|DesolateLand|[from] ability: Desolate Land|[of] p2a: Groudon
|move|p1a: Ho-Oh|Sacred Fire|p2a: Groudon
|-resisted|p2a: Groudon
|-damage|p2a: Groudon|79/100
|
|-weather|DesolateLand|[upkeep]
|upkeep
|turn|9
|
|t:|1622235026
|switch|p1a: Rayquaza|Rayquaza-Mega|91/100
|-weather|DeltaStream|[from] ability: Delta Stream|[of] p1a: Rayquaza
|move|p2a: Groudon|Rock Tomb|p1a: Rayquaza
|-activate||deltastream
|-damage|p1a: Rayquaza|60/100
|-unboost|p1a: Rayquaza|spe|1
|
|-weather|DeltaStream|[upkeep]
|upkeep
|turn|10
|
|t:|1622235035
|switch|p2a: Ditto is 4 Bitches|Zacian-Crowned|84/100
|-ability|p2a: Ditto is 4 Bitches|Intrepid Sword|boost
|-boost|p2a: Ditto is 4 Bitches|atk|1
|move|p1a: Rayquaza|Dragon Ascent|p2a: Ditto is 4 Bitches
|-resisted|p2a: Ditto is 4 Bitches
|-damage|p2a: Ditto is 4 Bitches|34/100
|-unboost|p1a: Rayquaza|def|1
|-unboost|p1a: Rayquaza|spd|1
|-damage|p1a: Rayquaza|50/100|[from] item: Life Orb
|
|-weather|DeltaStream|[upkeep]
|upkeep
|turn|11
|
|t:|1622235046
|-weather|none
|switch|p1a: Ho-Oh|Ho-Oh|92/100
|move|p2a: Ditto is 4 Bitches|Crunch|p1a: Ho-Oh
|-damage|p1a: Ho-Oh|50/100
|
|upkeep
|turn|12
|
|t:|1622235053
|switch|p2a: Groudon|Groudon-Primal|79/100
|-weather|DesolateLand|[from] ability: Desolate Land|[of] p2a: Groudon
|move|p1a: Ho-Oh|Sacred Fire|p2a: Groudon
|-resisted|p2a: Groudon
|-damage|p2a: Groudon|59/100
|
|-weather|DesolateLand|[upkeep]
|upkeep
|turn|13
|
|t:|1622235063
|move|p2a: Groudon|Rock Tomb|p1a: Ho-Oh
|-supereffective|p1a: Ho-Oh
|-damage|p1a: Ho-Oh|0 fnt
|faint|p1a: Ho-Oh
|
|-weather|DesolateLand|[upkeep]
|upkeep
|
|t:|1622235065
|switch|p1a: Rayquaza|Rayquaza-Mega|50/100
|-weather|DeltaStream|[from] ability: Delta Stream|[of] p1a: Rayquaza
|turn|14
|
|t:|1622235079
|move|p1a: Rayquaza|Dragon Ascent|p2a: Groudon
|-damage|p2a: Groudon|0 fnt
|-unboost|p1a: Rayquaza|def|1
|-unboost|p1a: Rayquaza|spd|1
|faint|p2a: Groudon
|-damage|p1a: Rayquaza|40/100|[from] item: Life Orb
|
|-weather|DeltaStream|[upkeep]
|upkeep
|
|t:|1622235087
|switch|p2a: Ditto is 4 Bitches|Zacian-Crowned|34/100
|-ability|p2a: Ditto is 4 Bitches|Intrepid Sword|boost
|-boost|p2a: Ditto is 4 Bitches|atk|1
|turn|15
|
|t:|1622235095
|-weather|none
|switch|p1a: Zacian|Zacian-Crowned|100/100
|-ability|p1a: Zacian|Intrepid Sword|boost
|-boost|p1a: Zacian|atk|1
|move|p2a: Ditto is 4 Bitches|Behemoth Blade|p1a: Zacian
|-damage|p1a: Zacian|1/100
|
|upkeep
|turn|16
|inactive|T4nner has 120 seconds left.
|c|☆T4nner|you're getting all the right rolls this game :P
|c|☆Pkmn 3443|huh
|c|☆T4nner|the 4 shot scale shot with your ditto
|inactive|T4nner has 90 seconds left.
|c|☆T4nner|the para on kyogre
|c|☆Pkmn 3443|oh
|c|☆T4nner|now this
|c|☆T4nner|not bad
|c|☆T4nner|it happens
|c|☆T4nner|but luck isn't going my way
|
|t:|1622235179
|move|p2a: Ditto is 4 Bitches|Behemoth Blade|p1a: Zacian
|-damage|p1a: Zacian|0 fnt
|faint|p1a: Zacian
|
|upkeep
|c|☆T4nner|well that was lukcy
|
|t:|1622235184
|switch|p1a: Necrozma|Necrozma-Dusk-Mane|56/100
|turn|17
|
|t:|1622235196
|move|p2a: Ditto is 4 Bitches|Crunch|p1a: Necrozma
|-supereffective|p1a: Necrozma
|-damage|p1a: Necrozma|13/100
|-damage|p2a: Ditto is 4 Bitches|17/100|[from] item: Rocky Helmet|[of] p1a: Necrozma
|move|p1a: Necrozma|Morning Sun|p1a: Necrozma
|-heal|p1a: Necrozma|63/100
|
|upkeep
|turn|18
|
|t:|1622235206
|move|p2a: Ditto is 4 Bitches|Crunch|p1a: Necrozma
|-supereffective|p1a: Necrozma
|-damage|p1a: Necrozma|19/100
|-damage|p2a: Ditto is 4 Bitches|0 fnt|[from] item: Rocky Helmet|[of] p1a: Necrozma
|faint|p2a: Ditto is 4 Bitches
|move|p1a: Necrozma|Stealth Rock|p2: Ditto is 4 Bitches
|-sidestart|p2: T4nner|move: Stealth Rock
|
|upkeep
|
|t:|1622235218
|switch|p2a: Regieleki|Regieleki|100/100
|-damage|p2a: Regieleki|88/100|[from] Stealth Rock
|turn|19
|
|t:|1622235228
|-start|p2a: Regieleki|Dynamax
|-heal|p2a: Regieleki|88/100|[silent]
|move|p2a: Regieleki|Max Lightning|p1a: Necrozma
|-damage|p1a: Necrozma|0 fnt
|-fieldstart|move: Electric Terrain
|faint|p1a: Necrozma
|
|upkeep
|
|t:|1622235233
|switch|p1a: Rayquaza|Rayquaza-Mega|40/100
|-weather|DeltaStream|[from] ability: Delta Stream|[of] p1a: Rayquaza
|turn|20
|inactive|T4nner has 90 seconds left.
|
|t:|1622235239
|move|p1a: Rayquaza|Extreme Speed|p2a: Regieleki
|-damage|p2a: Regieleki|37/100
|-damage|p1a: Rayquaza|30/100|[from] item: Life Orb
|move|p2a: Regieleki|Max Lightning|p1a: Rayquaza
|-activate||deltastream
|-resisted|p1a: Rayquaza
|-damage|p1a: Rayquaza|0 fnt
|faint|p1a: Rayquaza
|-weather|none
|
|upkeep
|
|t:|1622235242
|switch|p1a: Yveltal|Yveltal|100/100
|-ability|p1a: Yveltal|Dark Aura
|turn|21
|inactive|T4nner has 90 seconds left.
|
|t:|1622235265
|-start|p1a: Yveltal|Dynamax
|-heal|p1a: Yveltal|100/100|[silent]
|move|p2a: Regieleki|Max Lightning|p1a: Yveltal
|-supereffective|p1a: Yveltal
|-crit|p1a: Yveltal
|-damage|p1a: Yveltal|0 fnt
|faint|p1a: Yveltal
|
|win|T4nner
|raw|Pkmn 3443's rating: 1977 &rarr; <strong>1952</strong><br />(-25 for losing)
|raw|T4nner's rating: 1891 &rarr; <strong>1916</strong><br />(+25 for winning)
|l|☆Pkmn 3443
|c|☆T4nner|that was also lucky i think
|c|☆T4nner|idk
