|j|☆Midimpactassault
|j|☆HelloWenston
|t:|1645912779
|gametype|singles
|player|p1|Midimpactassault|hilda|1475
|player|p2|HelloWenston|lenora|1607
|teamsize|p1|6
|teamsize|p2|6
|gen|8
|tier|[Gen 8] National Dex AG
|rated|
|rule|HP Percentage Mod: HP is shown in percentages
|rule|Endless Battle Clause: Forcing endless battles is banned
|clearpoke
|poke|p1|Tapu Koko|
|poke|p1|Regieleki|
|poke|p1|Raichu-Alola, M|
|poke|p1|Pincurchin, F|
|poke|p1|Dugtrio, M|
|poke|p1|Greninja, M|
|poke|p2|Yveltal|
|poke|p2|Deoxys-Speed|
|poke|p2|Zacian-*|
|poke|p2|Eternatus|
|poke|p2|Ditto|
|poke|p2|Calyrex-Shadow|
|teampreview
|inactive|Battle timer is ON: inactive players will automatically lose when time's up. (requested by Midimpactassault)
|inactive|HelloWenston has 120 seconds left.
|j| TwTv Bepersch
|
|t:|1645912827
|start
|switch|p1a: Tapu Koko|Tapu Koko|100/100
|switch|p2a: Deoxys|Deoxys-Speed|100/100
|-ability|p2a: Deoxys|Pressure
|-fieldstart|move: Electric Terrain|[from] ability: Electric Surge|[of] p1a: Tapu Koko
|turn|1
|
|t:|1645912836
|move|p2a: Deoxys|Taunt|p1a: Tapu Koko
|-start|p1a: Tapu Koko|move: Taunt
|move|p1a: Tapu Koko|U-turn|p2a: Deoxys
|-supereffective|p2a: Deoxys
|-damage|p2a: Deoxys|62/100
|
|t:|1645912839
|switch|p1a: Regieleki|Regieleki|100/100|[from]move: U-turn
|
|upkeep
|turn|2
|
|t:|1645912851
|switch|p2a: Eternatus|Eternatus|100/100
|-ability|p2a: Eternatus|Pressure
|move|p1a: Regieleki|Rising Voltage|p2a: Eternatus
|-resisted|p2a: Eternatus
|-damage|p2a: Eternatus|24/100
|
|upkeep
|turn|3
|
|t:|1645912861
|move|p1a: Regieleki|Rising Voltage|p2a: Eternatus
|-resisted|p2a: Eternatus
|-damage|p2a: Eternatus|0 fnt
|faint|p2a: Eternatus
|
|upkeep
|
|t:|1645912878
|switch|p2a: Deoxys|Deoxys-Speed|62/100
|-ability|p2a: Deoxys|Pressure
|turn|4
|
|t:|1645912883
|move|p1a: Regieleki|Rising Voltage|p2a: Deoxys
|-damage|p2a: Deoxys|0 fnt
|faint|p2a: Deoxys
|
|upkeep
|
|t:|1645912896
|switch|p2a: Ditto|Ditto|100/100
|-transform|p2a: Ditto|p1a: Regieleki|[from] ability: Imposter
|turn|5
|
|t:|1645912901
|switch|p1a: Hi Ditto|Dugtrio, M|100/100
|move|p2a: Ditto|Volt Switch|p1a: Hi Ditto
|-immune|p1a: Hi Ditto
|
|upkeep
|turn|6
|
|t:|1645912921
|move|p2a: Ditto|Volt Switch|p1a: Hi Ditto
|-immune|p1a: Hi Ditto
|move|p1a: Hi Ditto|Earthquake|p2a: Ditto
|-supereffective|p2a: Ditto
|-damage|p2a: Ditto|0 fnt
|faint|p2a: Ditto
|
|upkeep
|inactive|HelloWenston has 120 seconds left.
|
|t:|1645912940
|switch|p2a: Zacian|Zacian-Crowned|100/100
|-ability|p2a: Zacian|Intrepid Sword|boost
|-boost|p2a: Zacian|atk|1
|turn|7
|
|t:|1645912948
|move|p2a: Zacian|Behemoth Blade|p1a: Hi Ditto
|-enditem|p1a: Hi Ditto|Focus Sash
|-damage|p1a: Hi Ditto|1/100
|move|p1a: Hi Ditto|Earthquake|p2a: Zacian
|-supereffective|p2a: Zacian
|-damage|p2a: Zacian|15/100
|
|upkeep
|turn|8
|
|t:|1645912952
|move|p1a: Hi Ditto|Sucker Punch|p2a: Zacian
|-resisted|p2a: Zacian
|-damage|p2a: Zacian|6/100
|move|p2a: Zacian|Behemoth Blade|p1a: Hi Ditto
|-damage|p1a: Hi Ditto|0 fnt
|faint|p1a: Hi Ditto
|
|-fieldend|move: Electric Terrain
|upkeep
|
|t:|1645912959
|switch|p1a: Pincurchin|Pincurchin, F|100/100
|-fieldstart|move: Electric Terrain|[from] ability: Electric Surge|[of] p1a: Pincurchin
|turn|9
|
|t:|1645912968
|move|p2a: Zacian|Behemoth Blade|p1a: Pincurchin
|-resisted|p1a: Pincurchin
|-damage|p1a: Pincurchin|57/100
|move|p1a: Pincurchin|Spikes|p2a: Zacian
|-sidestart|p2: HelloWenston|Spikes
|
|upkeep
|turn|10
|
|t:|1645912974
|move|p2a: Zacian|Close Combat|p1a: Pincurchin
|-damage|p1a: Pincurchin|0 fnt
|-unboost|p2a: Zacian|def|1
|-unboost|p2a: Zacian|spd|1
|faint|p1a: Pincurchin
|
|upkeep
|
|t:|1645912976
|switch|p1a: Regieleki|Regieleki|100/100
|turn|11
|
|t:|1645912986
|move|p1a: Regieleki|Rising Voltage|p2a: Zacian
|-damage|p2a: Zacian|0 fnt
|faint|p2a: Zacian
|
|upkeep
|
|t:|1645912995
|switch|p2a: Calyrex|Calyrex-Shadow|100/100
|-ability|p2a: Calyrex|As One
|-ability|p2a: Calyrex|Unnerve
|-damage|p2a: Calyrex|88/100|[from] Spikes
|turn|12
|
|t:|1645913001
|move|p2a: Calyrex|Astral Barrage|p1a: Regieleki
|-damage|p1a: Regieleki|0 fnt
|faint|p1a: Regieleki
|-ability|p2a: Calyrex|Grim Neigh|boost
|-boost|p2a: Calyrex|spa|1
|
|upkeep
|
|t:|1645913005
|switch|p1a: Raichu|Raichu-Alola, M|100/100
|turn|13
|
|t:|1645913014
|-start|p2a: Calyrex|Dynamax
|-heal|p2a: Calyrex|88/100|[silent]
|move|p1a: Raichu|Rising Voltage|p2a: Calyrex
|-damage|p2a: Calyrex|23/100
|move|p2a: Calyrex|Max Phantasm|p1a: Raichu
|-supereffective|p1a: Raichu
|-damage|p1a: Raichu|0 fnt
|faint|p1a: Raichu
|-ability|p2a: Calyrex|Grim Neigh|boost
|-boost|p2a: Calyrex|spa|1
|
|upkeep
|
|t:|1645913018
|switch|p1a: Greninja|Greninja, M|100/100
|turn|14
|
|t:|1645913036
|move|p1a: Greninja|Dark Pulse|p2a: Calyrex
|-supereffective|p2a: Calyrex
|-damage|p2a: Calyrex|0 fnt
|faint|p2a: Calyrex
|-activate|p1a: Greninja|ability: Battle Bond
|detailschange|p1a: Greninja|Greninja-Ash, M
|
|upkeep
|
|t:|1645913040
|switch|p2a: Yveltal|Yveltal|100/100
|-ability|p2a: Yveltal|Dark Aura
|turn|15
|
|t:|1645913068
|-start|p1a: Greninja|Dynamax
|-heal|p1a: Greninja|100/100|[silent]
|move|p1a: Greninja|Max Hailstorm|p2a: Yveltal
|-supereffective|p2a: Yveltal
|-damage|p2a: Yveltal|15/100
|-weather|Hail
|move|p2a: Yveltal|Oblivion Wing|p1a: Greninja
|-damage|p1a: Greninja|54/100
|-heal|p2a: Yveltal|66/100|[from] drain|[of] p1a: Greninja
|-damage|p2a: Yveltal|56/100|[from] item: Life Orb
|
|-weather|Hail|[upkeep]
|-damage|p1a: Greninja|51/100|[from] Hail
|-damage|p2a: Yveltal|50/100|[from] Hail
|upkeep
|turn|16
|
|t:|1645913078
|move|p1a: Greninja|Max Hailstorm|p2a: Yveltal
|-supereffective|p2a: Yveltal
|-damage|p2a: Yveltal|0 fnt
|faint|p2a: Yveltal
|
|win|Midimpactassault
|raw|Midimpactassault's rating: 1475 &rarr; <strong>1502</strong><br />(+27 for winning)
|raw|HelloWenston's rating: 1607 &rarr; <strong>1580</strong><br />(-27 for losing)
|l|☆HelloWenston
