|j|☆Matsui_Miyako
|j|☆DarkboiJ
|t:|1666212829
|gametype|singles
|player|p1|Matsui_Miyako|allister|1859
|player|p2|DarkboiJ|blue-gen3two|1844
|teamsize|p1|6
|teamsize|p2|6
|gen|8
|tier|[Gen 8] National Dex AG
|rated|
|rule|HP Percentage Mod: HP is shown in percentages
|rule|Endless Battle Clause: Forcing endless battles is banned
|clearpoke
|poke|p1|Yveltal|
|poke|p1|Deoxys-Attack|
|poke|p1|Marshadow|
|poke|p1|Arceus-*|
|poke|p1|Calyrex-Shadow|
|poke|p1|Arceus-*|
|poke|p2|Infernape, F|
|poke|p2|Arceus-*|
|poke|p2|Giratina-Origin|
|poke|p2|Dialga|
|poke|p2|Palkia|
|poke|p2|Garchomp, F|
|teampreview
|inactive|Battle timer is ON: inactive players will automatically lose when time's up. (requested by DarkboiJ)
|
|t:|1666212840
|start
|switch|p1a: Deoxys|Deoxys-Attack|100/100
|switch|p2a: Infernape|Infernape, F|100/100
|-ability|p1a: Deoxys|Pressure
|turn|1
|
|t:|1666212846
|move|p1a: Deoxys|Stealth Rock|p2a: Infernape
|-sidestart|p2: DarkboiJ|move: Stealth Rock
|move|p2a: Infernape|Stealth Rock|p1a: Deoxys
|-sidestart|p1: Matsui_Miyako|move: Stealth Rock
|
|upkeep
|turn|2
|l|☆Matsui_Miyako
|inactive|Matsui_Miyako disconnected and has a minute to reconnect!
|player|p1|
|inactive|Matsui_Miyako has 30 seconds to reconnect!
|j|☆Matsui_Miyako
|inactive|Matsui_Miyako reconnected and has 120 seconds left.
|player|p1|Matsui_Miyako|allister
|l|☆Matsui_Miyako
|inactive|Matsui_Miyako disconnected and has a minute to reconnect!
|player|p1|
|j| luisYR_a
|inactive|Matsui_Miyako has 30 seconds to reconnect!
|j|☆Matsui_Miyako
|inactive|Matsui_Miyako reconnected and has 90 seconds left.
|player|p1|Matsui_Miyako|allister
|
|t:|1666212912
|move|p1a: Deoxys|Knock Off|p2a: Infernape
|-resisted|p2a: Infernape
|-damage|p2a: Infernape|66/100
|-enditem|p2a: Infernape|Focus Sash|[from] move: Knock Off|[of] p1a: Deoxys
|move|p2a: Infernape|Overheat|p1a: Deoxys
|-enditem|p1a: Deoxys|Focus Sash
|-damage|p1a: Deoxys|1/100
|-unboost|p2a: Infernape|spa|2
|
|upkeep
|turn|3
|inactive|Matsui_Miyako has 90 seconds left.
|
|t:|1666212919
|move|p1a: Deoxys|Extreme Speed|p2a: Infernape
|-damage|p2a: Infernape|13/100
|move|p2a: Infernape|Overheat|p1a: Deoxys
|-damage|p1a: Deoxys|0 fnt
|-unboost|p2a: Infernape|spa|2
|faint|p1a: Deoxys
|
|upkeep
|inactive|Matsui_Miyako has 90 seconds left.
|
|t:|1666212924
|switch|p1a: Deus|Arceus|100/100
|-damage|p1a: Deus|88/100|[from] Stealth Rock
|turn|4
|
|t:|1666212930
|move|p2a: Infernape|Toxic|p1a: Deus
|-status|p1a: Deus|tox
|move|p1a: Deus|Swords Dance|p1a: Deus
|-boost|p1a: Deus|atk|2
|
|-heal|p1a: Deus|94/100 tox|[from] item: Leftovers
|-damage|p1a: Deus|88/100 tox|[from] psn
|upkeep
|turn|5
|l| luisYR_a
|
|t:|1666212933
|move|p1a: Deus|Extreme Speed|p2a: Infernape
|-damage|p2a: Infernape|0 fnt
|faint|p2a: Infernape
|
|-heal|p1a: Deus|94/100 tox|[from] item: Leftovers
|-damage|p1a: Deus|82/100 tox|[from] psn
|upkeep
|
|t:|1666212942
|switch|p2a: Garchomp|Garchomp, F, shiny|100/100
|-damage|p2a: Garchomp|94/100|[from] Stealth Rock
|turn|6
|
|t:|1666212951
|switch|p2a: Giratina|Giratina-Origin|100/100
|-damage|p2a: Giratina|88/100|[from] Stealth Rock
|move|p1a: Deus|Extreme Speed|p2a: Giratina
|-immune|p2a: Giratina
|
|-heal|p1a: Deus|88/100 tox|[from] item: Leftovers
|-damage|p1a: Deus|70/100 tox|[from] psn
|upkeep
|turn|7
|
|t:|1666212956
|switch|p2a: Garchomp|Garchomp, F, shiny|94/100
|-damage|p2a: Garchomp|88/100|[from] Stealth Rock
|move|p1a: Deus|Shadow Claw|p2a: Garchomp
|-damage|p2a: Garchomp|56/100
|-damage|p1a: Deus|58/100 tox|[from] ability: Rough Skin|[of] p2a: Garchomp
|-damage|p1a: Deus|41/100 tox|[from] item: Rocky Helmet|[of] p2a: Garchomp
|
|-heal|p1a: Deus|47/100 tox|[from] item: Leftovers
|-damage|p1a: Deus|23/100 tox|[from] psn
|upkeep
|turn|8
|
|t:|1666212962
|move|p1a: Deus|Extreme Speed|p2a: Garchomp
|-damage|p2a: Garchomp|6/100
|-damage|p1a: Deus|11/100 tox|[from] ability: Rough Skin|[of] p2a: Garchomp
|-damage|p1a: Deus|0 fnt|[from] item: Rocky Helmet|[of] p2a: Garchomp
|faint|p1a: Deus
|move|p2a: Garchomp|Earthquake|p1: Deus|[notarget]
|-fail|p2a: Garchomp
|
|upkeep
|
|t:|1666212968
|switch|p1a: Titã|Arceus-Ground|100/100
|-damage|p1a: Titã|94/100|[from] Stealth Rock
|turn|9
|
|t:|1666212972
|move|p1a: Titã|Ice Beam|p2a: Garchomp
|-supereffective|p2a: Garchomp
|-damage|p2a: Garchomp|0 fnt
|faint|p2a: Garchomp
|
|upkeep
|
|t:|1666212983
|switch|p2a: Palkia|Palkia|100/100
|-damage|p2a: Palkia|88/100|[from] Stealth Rock
|-ability|p2a: Palkia|Pressure
|turn|10
|c|☆Matsui_Miyako|!weak palkia
|c| Matsui_Miyako|/raw <div class="infobox">Palkia (ignoring abilities):<br /><span class="message-effect-weak">Weaknesses</span>: Dragon, Fairy<br /><span class="message-effect-resist">Resistances</span>: <b>Fire</b>, Steel, <b>Water</b><br /><span class="message-effect-immune">Immunities</span>: <font color=#999999>None</font></div>
|
|t:|1666212994
|-start|p2a: Palkia|Dynamax|
|-heal|p2a: Palkia|88/100|[silent]
|-zpower|p1a: Titã
|move|p1a: Titã|Tectonic Rage|p2a: Palkia|[zeffect]
|-damage|p2a: Palkia|46/100
|move|p2a: Palkia|Max Airstream|p1a: Titã
|-damage|p1a: Titã|60/100
|-boost|p2a: Palkia|spe|1
|
|upkeep
|turn|11
|
|t:|1666213004
|move|p2a: Palkia|Max Geyser|p1a: Titã
|-supereffective|p1a: Titã
|-damage|p1a: Titã|0 fnt
|-weather|RainDance
|faint|p1a: Titã
|
|-weather|RainDance|[upkeep]
|upkeep
|
|t:|1666213011
|switch|p1a: Pássaro das Trevas|Yveltal|100/100
|-damage|p1a: Pássaro das Trevas|76/100|[from] Stealth Rock
|-ability|p1a: Pássaro das Trevas|Dark Aura
|turn|12
|
|t:|1666213016
|-start|p1a: Pássaro das Trevas|Dynamax|
|-heal|p1a: Pássaro das Trevas|76/100|[silent]
|move|p2a: Palkia|Max Geyser|p1a: Pássaro das Trevas
|-damage|p1a: Pássaro das Trevas|14/100
|move|p1a: Pássaro das Trevas|Max Airstream|p2a: Palkia
|-damage|p2a: Palkia|7/100
|-boost|p1a: Pássaro das Trevas|spe|1
|
|-weather|RainDance|[upkeep]
|upkeep
|-end|p2a: Palkia|Dynamax
|-heal|p2a: Palkia|7/100|[silent]
|turn|13
|j| luisYR_a
|
|t:|1666213022
|move|p2a: Palkia|Surf|p1a: Pássaro das Trevas
|-damage|p1a: Pássaro das Trevas|0 fnt
|faint|p1a: Pássaro das Trevas
|
|-weather|RainDance|[upkeep]
|upkeep
|l| luisYR_a
|
|t:|1666213030
|switch|p1a: Cavaleiro Fantasma|Calyrex-Shadow|100/100
|-ability|p1a: Cavaleiro Fantasma|As One
|-ability|p1a: Cavaleiro Fantasma|Unnerve
|-damage|p1a: Cavaleiro Fantasma|88/100|[from] Stealth Rock
|turn|14
|
|t:|1666213037
|move|p1a: Cavaleiro Fantasma|Astral Barrage|p2a: Palkia
|-damage|p2a: Palkia|0 fnt
|faint|p2a: Palkia
|-ability|p1a: Cavaleiro Fantasma|Grim Neigh|boost
|-boost|p1a: Cavaleiro Fantasma|spa|1
|
|-weather|RainDance|[upkeep]
|upkeep
|
|t:|1666213041
|switch|p2a: Giratina|Giratina-Origin|88/100
|-damage|p2a: Giratina|76/100|[from] Stealth Rock
|turn|15
|
|t:|1666213044
|move|p2a: Giratina|Shadow Sneak|p1a: Cavaleiro Fantasma
|-supereffective|p1a: Cavaleiro Fantasma
|-damage|p1a: Cavaleiro Fantasma|0 fnt
|faint|p1a: Cavaleiro Fantasma
|
|-weather|none
|upkeep
|
|t:|1666213048
|switch|p1a: Sombra|Marshadow|100/100
|-damage|p1a: Sombra|94/100|[from] Stealth Rock
|turn|16
|
|t:|1666213052
|switch|p2a: Arceus|Arceus|100/100
|-damage|p2a: Arceus|88/100|[from] Stealth Rock
|move|p1a: Sombra|Spectral Thief|p2a: Arceus
|-immune|p2a: Arceus
|
|upkeep
|turn|17
|
|t:|1666213060
|move|p1a: Sombra|Low Kick|p2a: Arceus
|-supereffective|p2a: Arceus
|-damage|p2a: Arceus|7/100
|move|p2a: Arceus|Shadow Claw|p1a: Sombra
|-supereffective|p1a: Sombra
|-damage|p1a: Sombra|27/100
|
|upkeep
|turn|18
|
|t:|1666213064
|move|p1a: Sombra|Low Kick|p2a: Arceus
|-supereffective|p2a: Arceus
|-damage|p2a: Arceus|0 fnt
|faint|p2a: Arceus
|
|upkeep
|
|t:|1666213068
|switch|p2a: Giratina|Giratina-Origin|76/100
|-damage|p2a: Giratina|63/100|[from] Stealth Rock
|turn|19
|
|t:|1666213071
|move|p1a: Sombra|Shadow Sneak|p2a: Giratina
|-supereffective|p2a: Giratina
|-damage|p2a: Giratina|12/100
|move|p2a: Giratina|Shadow Sneak|p1a: Sombra
|-supereffective|p1a: Sombra
|-damage|p1a: Sombra|0 fnt
|faint|p1a: Sombra
|
|win|DarkboiJ
|raw|Matsui_Miyako's rating: 1859 &rarr; <strong>1838</strong><br />(-21 for losing)
|raw|DarkboiJ's rating: 1844 &rarr; <strong>1865</strong><br />(+21 for winning)
|l|☆Matsui_Miyako
