|j|☆iopkj09
|j|‽Reincarnation of …
|t:|1665849993
|gametype|singles
|player|p1|iopkj09|nate|1696
|player|p2|Reincarnation of …|blue-gen3two|1962
|teamsize|p1|6
|teamsize|p2|6
|gen|8
|tier|[Gen 8] National Dex AG
|rated|
|rule|HP Percentage Mod: HP is shown in percentages
|rule|Endless Battle Clause: Forcing endless battles is banned
|clearpoke
|poke|p1|Yveltal|
|poke|p1|Xerneas-*|
|poke|p1|Rayquaza|
|poke|p1|Arceus-*|
|poke|p1|Melmetal|
|poke|p1|Ditto|
|poke|p2|Groudon|
|poke|p2|Calyrex-Shadow|
|poke|p2|Rayquaza|
|poke|p2|Arceus-*|
|poke|p2|Arceus-*|
|poke|p2|Ditto|
|teampreview
|inactive|Battle timer is ON: inactive players will automatically lose when time's up. (requested by iopkj09)
|inactive|Reincarnation of … also wants the timer to be on.
|
|t:|1665850017
|start
|switch|p1a: Rayquaza|Rayquaza|100/100
|switch|p2a: Groudon|Groudon|100/100
|-ability|p1a: Rayquaza|Air Lock
|detailschange|p2a: Groudon|Groudon-Primal
|-primal|p2a: Groudon
|-weather|DesolateLand|[from] ability: Desolate Land|[of] p2a: Groudon
|turn|1
|
|t:|1665850024
|-weather|none
|switch|p2a: Arceus|Arceus-Ground|100/100
|detailschange|p1a: Rayquaza|Rayquaza-Mega
|-mega|p1a: Rayquaza|Rayquaza|
|-weather|DeltaStream|[from] ability: Delta Stream|[of] p1a: Rayquaza
|move|p1a: Rayquaza|Dragon Dance|p1a: Rayquaza
|-boost|p1a: Rayquaza|atk|1
|-boost|p1a: Rayquaza|spe|1
|
|-weather|DeltaStream|[upkeep]
|upkeep
|turn|2
|j| adamlwoods
|
|t:|1665850041
|move|p1a: Rayquaza|Dragon Ascent|p2a: Arceus
|-damage|p2a: Arceus|17/100
|-unboost|p1a: Rayquaza|def|1
|-unboost|p1a: Rayquaza|spd|1
|move|p2a: Arceus|Rock Slide|p1a: Rayquaza
|-activate||deltastream
|-damage|p1a: Rayquaza|69/100
|
|-weather|DeltaStream|[upkeep]
|upkeep
|turn|3
|
|t:|1665850047
|move|p1a: Rayquaza|Extreme Speed|p2a: Arceus
|-damage|p2a: Arceus|0 fnt
|faint|p2a: Arceus
|
|-weather|DeltaStream|[upkeep]
|upkeep
|
|t:|1665850055
|switch|p2a: Ditto|Ditto, shiny|100/100
|-transform|p2a: Ditto|p1a: Rayquaza|[from] ability: Imposter
|turn|4
|l| adamlwoods
|
|t:|1665850061
|switch|p1a: Melmetal|Melmetal, shiny|100/100
|move|p2a: Ditto|Extreme Speed|p1a: Melmetal
|-resisted|p1a: Melmetal
|-damage|p1a: Melmetal|85/100
|
|-weather|DeltaStream|[upkeep]
|upkeep
|turn|5
|
|t:|1665850065
|-weather|none
|switch|p2a: Groudon|Groudon-Primal|100/100
|-weather|DesolateLand|[from] ability: Desolate Land|[of] p2a: Groudon
|move|p1a: Melmetal|Earthquake|p2a: Groudon
|-supereffective|p2a: Groudon
|-damage|p2a: Groudon|42/100
|
|-weather|DesolateLand|[upkeep]
|upkeep
|turn|6
|
|t:|1665850070
|move|p2a: Groudon|Stealth Rock|p1a: Melmetal
|-sidestart|p1: iopkj09|move: Stealth Rock
|move|p1a: Melmetal|Earthquake|p2a: Groudon
|-supereffective|p2a: Groudon
|-damage|p2a: Groudon|0 fnt
|faint|p2a: Groudon
|-weather|none
|
|upkeep
|
|t:|1665850075
|switch|p2a: Rayquaza|Rayquaza|100/100
|-ability|p2a: Rayquaza|Air Lock
|turn|7
|
|t:|1665850079
|detailschange|p2a: Rayquaza|Rayquaza-Mega
|-mega|p2a: Rayquaza|Rayquaza|
|-weather|DeltaStream|[from] ability: Delta Stream|[of] p2a: Rayquaza
|move|p2a: Rayquaza|V-create|p1a: Melmetal
|-supereffective|p1a: Melmetal
|-damage|p1a: Melmetal|0 fnt
|-unboost|p2a: Rayquaza|spe|1
|-unboost|p2a: Rayquaza|def|1
|-unboost|p2a: Rayquaza|spd|1
|faint|p1a: Melmetal
|-damage|p2a: Rayquaza|91/100|[from] item: Life Orb
|
|-weather|DeltaStream|[upkeep]
|upkeep
|
|t:|1665850082
|switch|p1a: Ditto|Ditto, shiny|100/100
|-damage|p1a: Ditto|88/100|[from] Stealth Rock
|-transform|p1a: Ditto|p2a: Rayquaza|[from] ability: Imposter
|turn|8
|
|t:|1665850092
|move|p2a: Rayquaza|Extreme Speed|p1a: Ditto
|-damage|p1a: Ditto|0 fnt
|faint|p1a: Ditto
|-damage|p2a: Rayquaza|81/100|[from] item: Life Orb
|
|-weather|DeltaStream|[upkeep]
|upkeep
|
|t:|1665850099
|switch|p1a: Arceus|Arceus|100/100
|-damage|p1a: Arceus|88/100|[from] Stealth Rock
|turn|9
|
|t:|1665850106
|move|p1a: Arceus|Extreme Speed|p2a: Rayquaza
|-damage|p2a: Rayquaza|16/100
|move|p2a: Rayquaza|Dragon Ascent|p1a: Arceus
|-damage|p1a: Arceus|22/100
|-unboost|p2a: Rayquaza|def|1
|-unboost|p2a: Rayquaza|spd|1
|-damage|p2a: Rayquaza|6/100|[from] item: Life Orb
|
|-weather|DeltaStream|[upkeep]
|upkeep
|turn|10
|
|t:|1665850122
|-weather|none
|switch|p2a: Calyrex|Calyrex-Shadow|100/100
|-ability|p2a: Calyrex|As One
|-ability|p2a: Calyrex|Unnerve
|move|p1a: Arceus|Recover|p1a: Arceus
|-heal|p1a: Arceus|72/100
|
|upkeep
|turn|11
|
|t:|1665850137
|move|p2a: Calyrex|Nasty Plot|p2a: Calyrex
|-boost|p2a: Calyrex|spa|2
|move|p1a: Arceus|Shadow Claw|p2a: Calyrex
|-supereffective|p2a: Calyrex
|-crit|p2a: Calyrex
|-enditem|p2a: Calyrex|Focus Sash
|-damage|p2a: Calyrex|1/100
|
|upkeep
|turn|12
|inactive|iopkj09 has 120 seconds left.
|
|t:|1665850193
|move|p2a: Calyrex|Psyshock|p1a: Arceus
|-damage|p1a: Arceus|12/100
|move|p1a: Arceus|Shadow Claw|p2a: Calyrex
|-supereffective|p2a: Calyrex
|-damage|p2a: Calyrex|0 fnt
|faint|p2a: Calyrex
|
|upkeep
|
|t:|1665850199
|switch|p2a: Arceus|Arceus|100/100
|turn|13
|
|t:|1665850204
|move|p1a: Arceus|Recover|p1a: Arceus
|-heal|p1a: Arceus|62/100
|move|p2a: Arceus|Swords Dance|p2a: Arceus
|-boost|p2a: Arceus|atk|2
|
|upkeep
|turn|14
|
|t:|1665850209
|move|p2a: Arceus|Extreme Speed|p1a: Arceus
|-damage|p1a: Arceus|6/100
|move|p1a: Arceus|Extreme Speed|p2a: Arceus
|-damage|p2a: Arceus|71/100
|
|upkeep
|turn|15
|
|t:|1665850219
|move|p1a: Arceus|Extreme Speed|p2a: Arceus
|-damage|p2a: Arceus|41/100
|move|p2a: Arceus|Swords Dance|p2a: Arceus
|-boost|p2a: Arceus|atk|2
|
|upkeep
|turn|16
|
|t:|1665850225
|move|p1a: Arceus|Extreme Speed|p2a: Arceus
|-damage|p2a: Arceus|13/100
|move|p2a: Arceus|Extreme Speed|p1a: Arceus
|-damage|p1a: Arceus|0 fnt
|faint|p1a: Arceus
|
|upkeep
|
|t:|1665850237
|switch|p1a: Yveltal|Yveltal, shiny|100/100
|-damage|p1a: Yveltal|76/100|[from] Stealth Rock
|-ability|p1a: Yveltal|Dark Aura
|turn|17
|
|t:|1665850242
|-start|p1a: Yveltal|Dynamax|
|-heal|p1a: Yveltal|76/100|[silent]
|move|p2a: Arceus|Extreme Speed|p1a: Yveltal
|-damage|p1a: Yveltal|19/100
|move|p1a: Yveltal|Max Airstream|p2a: Arceus
|-damage|p2a: Arceus|0 fnt
|-boost|p1a: Yveltal|spe|1
|faint|p2a: Arceus
|
|upkeep
|
|t:|1665850253
|switch|p2a: Ditto|Ditto, shiny|100/100
|-transform|p2a: Ditto|p1a: Yveltal|[from] ability: Imposter
|-ability|p2a: Ditto|Dark Aura
|turn|18
|
|t:|1665850260
|-start|p2a: Ditto|Dynamax|
|-heal|p2a: Ditto|100/100|[silent]
|move|p2a: Ditto|Max Airstream|p1a: Yveltal
|-damage|p1a: Yveltal|0 fnt
|-boost|p2a: Ditto|spe|1
|faint|p1a: Yveltal
|
|upkeep
|
|t:|1665850272
|switch|p1a: Xerneas|Xerneas, shiny|100/100
|-damage|p1a: Xerneas|88/100|[from] Stealth Rock
|-ability|p1a: Xerneas|Fairy Aura
|turn|19
|
|t:|1665850276
|move|p2a: Ditto|Max Airstream|p1a: Xerneas
|-damage|p1a: Xerneas|17/100
|-boost|p2a: Ditto|spe|1
|move|p1a: Xerneas|Draining Kiss|p2a: Ditto
|-supereffective|p2a: Ditto
|-damage|p2a: Ditto|56/100
|-heal|p1a: Xerneas|68/100|[from] drain|[of] p2a: Ditto
|
|upkeep
|turn|20
|
|t:|1665850286
|switch|p1a: Rayquaza|Rayquaza-Mega|69/100
|-damage|p1a: Rayquaza|44/100|[from] Stealth Rock
|-weather|DeltaStream|[from] ability: Delta Stream|[of] p1a: Rayquaza
|move|p2a: Ditto|Max Airstream|p1a: Rayquaza
|-damage|p1a: Rayquaza|0 fnt
|-boost|p2a: Ditto|spe|1
|faint|p1a: Rayquaza
|-weather|none
|
|upkeep
|
|t:|1665850288
|switch|p1a: Xerneas|Xerneas, shiny|68/100
|-damage|p1a: Xerneas|55/100|[from] Stealth Rock
|-ability|p1a: Xerneas|Fairy Aura
|-end|p2a: Ditto|Dynamax
|-heal|p2a: Ditto|56/100|[silent]
|turn|21
|
|t:|1665850292
|move|p2a: Ditto|Oblivion Wing|p1a: Xerneas
|-damage|p1a: Xerneas|12/100
|-heal|p2a: Ditto|99/100|[from] drain|[of] p1a: Xerneas
|move|p1a: Xerneas|Draining Kiss|p2a: Ditto
|-supereffective|p2a: Ditto
|-crit|p2a: Ditto
|-damage|p2a: Ditto|0 fnt
|-heal|p1a: Xerneas|68/100|[from] drain|[of] p2a: Ditto
|faint|p2a: Ditto
|
|upkeep
|
|t:|1665850297
|switch|p2a: Rayquaza|Rayquaza-Mega|6/100
|-weather|DeltaStream|[from] ability: Delta Stream|[of] p2a: Rayquaza
|turn|22
|
|t:|1665850299
|move|p2a: Rayquaza|Dragon Ascent|p1a: Xerneas
|-damage|p1a: Xerneas|0 fnt
|-unboost|p2a: Rayquaza|def|1
|-unboost|p2a: Rayquaza|spd|1
|faint|p1a: Xerneas
|-damage|p2a: Rayquaza|0 fnt|[from] item: Life Orb
|faint|p2a: Rayquaza
|-weather|none
|
|win|Reincarnation of …
|raw|iopkj09's rating: 1716 &rarr; <strong>1708</strong><br />(-8 for losing)
|raw|Reincarnation of …'s rating: 1962 &rarr; <strong>1970</strong><br />(+8 for winning)
|l|☆iopkj09
