|j|☆DieFunki
|j|☆Isnezhny
|t:|1652687806
|gametype|singles
|player|p1|DieFunki|roughneck-gen4|1618
|player|p2|Isnezhny|grimsley-gen7|1794
|teamsize|p1|6
|teamsize|p2|6
|gen|8
|tier|[Gen 8] National Dex AG
|rated|
|rule|HP Percentage Mod: HP is shown in percentages
|rule|Endless Battle Clause: Forcing endless battles is banned
|clearpoke
|poke|p1|Rayquaza|
|poke|p1|Groudon|
|poke|p1|Arceus-*|
|poke|p1|Giratina-Origin|
|poke|p1|Calyrex-Shadow|
|poke|p1|Xerneas-*|
|poke|p2|Hatterene, F|
|poke|p2|Melmetal|
|poke|p2|Porygon2|
|poke|p2|Xerneas-*|
|poke|p2|Arceus-*|
|poke|p2|Palkia|
|teampreview
|inactive|Battle timer is ON: inactive players will automatically lose when time's up. (requested by DieFunki)
|
|t:|1652687826
|start
|switch|p1a: Calyrex|Calyrex-Shadow|100/100
|switch|p2a: Wizz|Hatterene, F|100/100
|-ability|p1a: Calyrex|As One
|-ability|p1a: Calyrex|Unnerve
|turn|1
|
|t:|1652687844
|move|p1a: Calyrex|Trick|p2a: Wizz
|-activate|p1a: Calyrex|move: Trick|[of] p2a: Wizz
|-item|p2a: Wizz|Choice Scarf|[from] move: Trick
|-item|p1a: Calyrex|Focus Sash|[from] move: Trick
|move|p2a: Wizz|Trick Room|p2a: Wizz
|-fieldstart|move: Trick Room|[of] p2a: Wizz
|
|upkeep
|turn|2
|
|t:|1652687854
|switch|p2a: 3.14 Two|Porygon2|100/100
|move|p1a: Calyrex|Psyshock|p2a: 3.14 Two
|-damage|p2a: 3.14 Two|70/100
|
|upkeep
|turn|3
|
|t:|1652687866
|move|p2a: 3.14 Two|Foul Play|p1a: Calyrex
|-supereffective|p1a: Calyrex
|-damage|p1a: Calyrex|30/100
|move|p1a: Calyrex|Psyshock|p2a: 3.14 Two
|-damage|p2a: 3.14 Two|38/100
|
|upkeep
|turn|4
|
|t:|1652687871
|switch|p1a: Xerneas|Xerneas|100/100
|-ability|p2a: 3.14 Two|Fairy Aura|[from] ability: Trace|[of] p1a: Xerneas
|-ability|p2a: 3.14 Two|Fairy Aura
|-ability|p1a: Xerneas|Fairy Aura
|move|p2a: 3.14 Two|Recover|p2a: 3.14 Two
|-heal|p2a: 3.14 Two|88/100
|
|upkeep
|turn|5
|inactive|Isnezhny has 120 seconds left.
|
|t:|1652687912
|move|p2a: 3.14 Two|Recover|p2a: 3.14 Two
|-heal|p2a: 3.14 Two|100/100
|move|p1a: Xerneas|Substitute|p1a: Xerneas
|-start|p1a: Xerneas|Substitute
|-damage|p1a: Xerneas|75/100
|
|-fieldend|move: Trick Room
|upkeep
|turn|6
|
|t:|1652687917
|move|p1a: Xerneas|Geomancy||[still]
|-prepare|p1a: Xerneas|Geomancy
|-enditem|p1a: Xerneas|Power Herb
|-anim|p1a: Xerneas|Geomancy|p1a: Xerneas
|-boost|p1a: Xerneas|spa|2
|-boost|p1a: Xerneas|spd|2
|-boost|p1a: Xerneas|spe|2
|move|p2a: 3.14 Two|Trick Room|p2a: 3.14 Two
|-fieldstart|move: Trick Room|[of] p2a: 3.14 Two
|
|upkeep
|turn|7
|
|t:|1652687926
|switch|p2a: Wizz|Hatterene, F|100/100
|move|p1a: Xerneas|Moonblast|p2a: Wizz
|-damage|p2a: Wizz|0 fnt
|faint|p2a: Wizz
|
|upkeep
|
|t:|1652687929
|switch|p2a: Blacksmith|Melmetal|100/100
|turn|8
|
|t:|1652687937
|move|p2a: Blacksmith|Double Iron Bash|p1a: Xerneas
|-supereffective|p1a: Xerneas
|-end|p1a: Xerneas|Substitute
|-supereffective|p1a: Xerneas
|-damage|p1a: Xerneas|0 fnt
|faint|p1a: Xerneas
|-hitcount|p1: Xerneas|2
|-damage|p2a: Blacksmith|91/100|[from] item: Life Orb
|
|upkeep
|
|t:|1652687949
|switch|p1a: Groudon|Groudon|100/100
|detailschange|p1a: Groudon|Groudon-Primal
|-primal|p1a: Groudon
|-weather|DesolateLand|[from] ability: Desolate Land|[of] p1a: Groudon
|turn|9
|
|t:|1652687969
|move|p2a: Blacksmith|Earthquake|p1a: Groudon
|-supereffective|p1a: Groudon
|-damage|p1a: Groudon|43/100
|-damage|p2a: Blacksmith|81/100|[from] item: Life Orb
|move|p1a: Groudon|Stealth Rock|p2a: Blacksmith
|-sidestart|p2: Isnezhny|move: Stealth Rock
|
|-weather|DesolateLand|[upkeep]
|upkeep
|turn|10
|
|t:|1652687977
|-weather|none
|switch|p1a: Giratina|Giratina-Origin|100/100
|move|p2a: Blacksmith|Double Iron Bash|p1a: Giratina
|-damage|p1a: Giratina|65/100
|-damage|p1a: Giratina|29/100
|-hitcount|p1a: Giratina|2
|-damage|p2a: Blacksmith|71/100|[from] item: Life Orb
|
|-fieldend|move: Trick Room
|upkeep
|turn|11
|inactive|Isnezhny has 120 seconds left.
|
|t:|1652688006
|move|p1a: Giratina|Dragon Claw|p2a: Blacksmith
|-resisted|p2a: Blacksmith
|-damage|p2a: Blacksmith|58/100
|move|p2a: Blacksmith|Double Iron Bash|p1a: Giratina
|-damage|p1a: Giratina|0 fnt
|faint|p1a: Giratina
|-hitcount|p1: Giratina|1
|-damage|p2a: Blacksmith|48/100|[from] item: Life Orb
|
|upkeep
|
|t:|1652688018
|switch|p1a: Rayquaza|Rayquaza|100/100
|-ability|p1a: Rayquaza|Air Lock
|turn|12
|
|t:|1652688021
|detailschange|p1a: Rayquaza|Rayquaza-Mega
|-mega|p1a: Rayquaza|Rayquaza|
|-weather|DeltaStream|[from] ability: Delta Stream|[of] p1a: Rayquaza
|move|p1a: Rayquaza|V-create|p2a: Blacksmith
|-supereffective|p2a: Blacksmith
|-damage|p2a: Blacksmith|0 fnt
|-unboost|p1a: Rayquaza|spe|1
|-unboost|p1a: Rayquaza|def|1
|-unboost|p1a: Rayquaza|spd|1
|faint|p2a: Blacksmith
|
|-weather|DeltaStream|[upkeep]
|upkeep
|
|t:|1652688041
|switch|p2a: Collapse|Palkia|100/100
|-damage|p2a: Collapse|88/100|[from] Stealth Rock
|-ability|p2a: Collapse|Pressure
|turn|13
|
|t:|1652688051
|move|p1a: Rayquaza|Dragon Ascent|p2a: Collapse
|-damage|p2a: Collapse|11/100
|-unboost|p1a: Rayquaza|def|1
|-unboost|p1a: Rayquaza|spd|1
|move|p2a: Collapse|Trick Room|p2a: Collapse
|-fieldstart|move: Trick Room|[of] p2a: Collapse
|
|-weather|DeltaStream|[upkeep]
|upkeep
|turn|14
|
|t:|1652688059
|move|p1a: Rayquaza|Extreme Speed|p2a: Collapse
|-damage|p2a: Collapse|0 fnt
|faint|p2a: Collapse
|
|-weather|DeltaStream|[upkeep]
|upkeep
|
|t:|1652688077
|switch|p2a: Moonlight|Xerneas|100/100
|-damage|p2a: Moonlight|88/100|[from] Stealth Rock
|-ability|p2a: Moonlight|Fairy Aura
|turn|15
|
|t:|1652688087
|move|p2a: Moonlight|Moonblast|p1a: Rayquaza
|-supereffective|p1a: Rayquaza
|-enditem|p1a: Rayquaza|Focus Sash
|-damage|p1a: Rayquaza|1/100
|-unboost|p1a: Rayquaza|spa|1
|move|p1a: Rayquaza|Dragon Ascent|p2a: Moonlight
|-damage|p2a: Moonlight|25/100
|-unboost|p1a: Rayquaza|def|1
|-unboost|p1a: Rayquaza|spd|1
|
|-weather|DeltaStream|[upkeep]
|upkeep
|turn|16
|
|t:|1652688097
|switch|p2a: Antarctica|Arceus-Ground|100/100
|-damage|p2a: Antarctica|94/100|[from] Stealth Rock
|move|p1a: Rayquaza|Extreme Speed|p2a: Antarctica
|-damage|p2a: Antarctica|76/100
|
|-weather|DeltaStream|[upkeep]
|upkeep
|turn|17
|
|t:|1652688112
|-weather|none
|switch|p1a: Groudon|Groudon-Primal|43/100
|-weather|DesolateLand|[from] ability: Desolate Land|[of] p1a: Groudon
|move|p2a: Antarctica|Ice Beam|p1a: Groudon
|-damage|p1a: Groudon|27/100
|
|-weather|DesolateLand|[upkeep]
|-fieldend|move: Trick Room
|upkeep
|turn|18
|
|t:|1652688127
|move|p2a: Antarctica|Recover|p2a: Antarctica
|-heal|p2a: Antarctica|100/100
|move|p1a: Groudon|Overheat|p2a: Antarctica
|-damage|p2a: Antarctica|43/100
|-unboost|p1a: Groudon|spa|2
|
|-weather|DesolateLand|[upkeep]
|upkeep
|turn|19
|
|t:|1652688137
|-weather|none
|switch|p1a: Arceus|Arceus-Steel|100/100
|move|p2a: Antarctica|Recover|p2a: Antarctica
|-heal|p2a: Antarctica|93/100
|
|upkeep
|turn|20
|
|t:|1652688153
|move|p1a: Arceus|Calm Mind|p1a: Arceus
|-boost|p1a: Arceus|spa|1
|-boost|p1a: Arceus|spd|1
|move|p2a: Antarctica|Trick Room|p2a: Antarctica
|-fieldstart|move: Trick Room|[of] p2a: Antarctica
|
|upkeep
|turn|21
|
|t:|1652688160
|-start|p2a: Antarctica|Dynamax|
|-heal|p2a: Antarctica|93/100|[silent]
|move|p2a: Antarctica|Max Quake|p1a: Arceus
|-supereffective|p1a: Arceus
|-damage|p1a: Arceus|41/100
|-boost|p2a: Antarctica|spd|1
|move|p1a: Arceus|Calm Mind|p1a: Arceus
|-boost|p1a: Arceus|spa|1
|-boost|p1a: Arceus|spd|1
|
|upkeep
|turn|22
|
|t:|1652688171
|move|p2a: Antarctica|Max Quake|p1a: Arceus
|-supereffective|p1a: Arceus
|-damage|p1a: Arceus|0 fnt
|-boost|p2a: Antarctica|spd|1
|faint|p1a: Arceus
|
|upkeep
|-message|DieFunki forfeited.
|
|win|Isnezhny
|raw|DieFunki's rating: 1618 &rarr; <strong>1607</strong><br />(-11 for losing)
|raw|Isnezhny's rating: 1794 &rarr; <strong>1805</strong><br />(+11 for winning)
|l|☆DieFunki
|l|☆Isnezhny
|j|☆Isnezhny
|player|p2|Isnezhny|grimsley-gen7
