|j|☆tyisc00l
|j|☆starkorea74
|player|p1|tyisc00l|birdkeeper-gen4dp|1680
|player|p2|starkorea74|cynthia|1860
|teamsize|p1|6
|teamsize|p2|6
|gametype|singles
|gen|8
|tier|[Gen 8] National Dex AG
|rated|
|clearpoke
|poke|p1|Ho-Oh|
|poke|p1|Arceus-*|
|poke|p1|Shaymin-Sky|
|poke|p1|Rayquaza|
|poke|p1|Hawlucha, M|
|poke|p1|Yveltal|
|poke|p2|Necrozma-Dusk-Mane|
|poke|p2|Ho-Oh|
|poke|p2|Ditto|
|poke|p2|Arceus-*|
|poke|p2|Rayquaza|
|poke|p2|Yveltal|
|rule|HP Percentage Mod: HP is shown in percentages
|rule|Endless Battle Clause: Forcing endless battles is banned
|teampreview
|
|start
|switch|p1a: Arceus|Arceus-Flying|100/100
|switch|p2a: Necrozma|Necrozma-Dusk-Mane|100/100
|turn|1
|
|move|p1a: Arceus|Earth Power|p2a: Necrozma
|-supereffective|p2a: Necrozma
|-damage|p2a: Necrozma|63/100
|move|p2a: Necrozma|Stealth Rock|p1a: Arceus
|-sidestart|p1: tyisc00l|move: Stealth Rock
|
|-heal|p2a: Necrozma|69/100|[from] item: Leftovers
|upkeep
|turn|2
|
|move|p1a: Arceus|Defog|p2a: Necrozma
|-unboost|p2a: Necrozma|evasion|1
|-sideend|p1: tyisc00l|Stealth Rock|[from] move: Defog|[of] p1a: Arceus
|move|p2a: Necrozma|Morning Sun|p2a: Necrozma
|-heal|p2a: Necrozma|100/100
|
|upkeep
|turn|3
|
|move|p1a: Arceus|Earth Power|p2a: Necrozma
|-supereffective|p2a: Necrozma
|-damage|p2a: Necrozma|64/100
|move|p2a: Necrozma|Stealth Rock|p1a: Arceus
|-sidestart|p1: tyisc00l|move: Stealth Rock
|
|-heal|p2a: Necrozma|70/100|[from] item: Leftovers
|upkeep
|turn|4
|
|move|p1a: Arceus|Earth Power|p2a: Necrozma
|-supereffective|p2a: Necrozma
|-damage|p2a: Necrozma|29/100
|move|p2a: Necrozma|Toxic|p1a: Arceus
|-status|p1a: Arceus|tox
|
|-heal|p2a: Necrozma|35/100|[from] item: Leftovers
|-damage|p1a: Arceus|94/100 tox|[from] psn
|upkeep
|turn|5
|
|move|p1a: Arceus|Earth Power|p2a: Necrozma
|-supereffective|p2a: Necrozma
|-damage|p2a: Necrozma|0 fnt
|faint|p2a: Necrozma
|
|-damage|p1a: Arceus|82/100 tox|[from] psn
|upkeep
|
|switch|p2a: Rayquaza|Rayquaza|100/100
|-ability|p2a: Rayquaza|Air Lock
|turn|6
|
|detailschange|p2a: Rayquaza|Rayquaza-Mega
|-mega|p2a: Rayquaza|Rayquaza|
|-weather|DeltaStream|[from] ability: Delta Stream|[of] p2a: Rayquaza
|move|p2a: Rayquaza|Dragon Ascent|p1a: Arceus
|-damage|p1a: Arceus|0 fnt
|-unboost|p2a: Rayquaza|def|1
|-unboost|p2a: Rayquaza|spd|1
|-damage|p2a: Rayquaza|91/100|[from] item: Life Orb
|faint|p1a: Arceus
|
|-weather|DeltaStream|[upkeep]
|upkeep
|
|switch|p1a: Rayquaza|Rayquaza|100/100
|-damage|p1a: Rayquaza|76/100|[from] Stealth Rock
|-ability|p1a: Rayquaza|Air Lock
|turn|7
|
|move|p1a: Rayquaza|Draco Meteor|p2a: Rayquaza
|-supereffective|p2a: Rayquaza
|-damage|p2a: Rayquaza|0 fnt
|-unboost|p1a: Rayquaza|spa|2
|faint|p2a: Rayquaza
|-weather|none
|
|upkeep
|
|switch|p2a: Arceus|Arceus-Fairy|100/100
|turn|8
|
|switch|p1a: Shaymin|Shaymin-Sky, shiny|100/100
|-damage|p1a: Shaymin|76/100|[from] Stealth Rock
|move|p2a: Arceus|Thunder Wave|p1a: Shaymin|[miss]
|-miss|p2a: Arceus|p1a: Shaymin
|
|upkeep
|turn|9
|
|move|p1a: Shaymin|Air Slash|p2a: Arceus
|-crit|p2a: Arceus
|-damage|p2a: Arceus|75/100
|move|p2a: Arceus|Thunder Wave|p1a: Shaymin
|-status|p1a: Shaymin|par
|
|upkeep
|turn|10
|
|move|p2a: Arceus|Judgment|p1a: Shaymin
|-damage|p1a: Shaymin|13/100 par
|move|p1a: Shaymin|Seed Flare|p2a: Arceus
|-damage|p2a: Arceus|46/100
|-unboost|p2a: Arceus|spd|2
|
|upkeep
|turn|11
|
|move|p2a: Arceus|Recover|p2a: Arceus
|-heal|p2a: Arceus|96/100
|cant|p1a: Shaymin|par
|
|upkeep
|turn|12
|
|move|p2a: Arceus|Judgment|p1a: Shaymin
|-damage|p1a: Shaymin|0 fnt
|faint|p1a: Shaymin
|
|upkeep
|
|switch|p1a: Ho-Oh|Ho-Oh|100/100
|-damage|p1a: Ho-Oh|51/100|[from] Stealth Rock
|turn|13
|
|move|p2a: Arceus|Thunder Wave|p1a: Ho-Oh
|-status|p1a: Ho-Oh|par
|cant|p1a: Ho-Oh|par
|
|upkeep
|turn|14
|
|move|p2a: Arceus|Judgment|p1a: Ho-Oh
|-resisted|p1a: Ho-Oh
|-damage|p1a: Ho-Oh|38/100 par
|move|p1a: Ho-Oh|Defog|p2a: Arceus
|-unboost|p2a: Arceus|evasion|1
|-sideend|p1: tyisc00l|Stealth Rock|[from] move: Defog|[of] p1a: Ho-Oh
|
|upkeep
|turn|15
|
|switch|p2a: Ditto|Ditto|100/100
|-transform|p2a: Ditto|p1a: Ho-Oh|[from] ability: Imposter
|move|p1a: Ho-Oh|Toxic|p2a: Ditto
|-status|p2a: Ditto|tox
|
|-damage|p2a: Ditto|94/100 tox|[from] psn
|upkeep
|turn|16
|
|switch|p1a: Hawlucha|Hawlucha, M, shiny|100/100
|move|p2a: Ditto|Brave Bird|p1a: Hawlucha
|-supereffective|p1a: Hawlucha
|-enditem|p1a: Hawlucha|Focus Sash
|-damage|p1a: Hawlucha|1/100
|-damage|p2a: Ditto|62/100 tox|[from] Recoil
|
|-damage|p2a: Ditto|50/100 tox|[from] psn
|upkeep
|turn|17
|
|switch|p2a: Arceus|Arceus-Fairy|96/100
|move|p1a: Hawlucha|Endeavor|p2a: Arceus
|-damage|p2a: Arceus|1/100
|
|upkeep
|turn|18
|
|switch|p2a: Ditto|Ditto|83/100 tox
|-transform|p2a: Ditto|p1a: Hawlucha|[from] ability: Imposter
|move|p1a: Hawlucha|Drain Punch|p2a: Ditto
|-resisted|p2a: Ditto
|-damage|p2a: Ditto|59/100 tox
|-heal|p1a: Hawlucha|13/100|[from] drain|[of] p2a: Ditto
|
|-damage|p2a: Ditto|53/100 tox|[from] psn
|upkeep
|turn|19
|
|move|p1a: Hawlucha|Endeavor|p2a: Ditto
|-damage|p2a: Ditto|13/100 tox
|move|p2a: Ditto|Drain Punch|p1a: Hawlucha
|-resisted|p1a: Hawlucha
|-damage|p1a: Hawlucha|0 fnt
|-heal|p2a: Ditto|19/100 tox|[from] drain|[of] p1a: Hawlucha
|faint|p1a: Hawlucha
|
|-damage|p2a: Ditto|7/100 tox|[from] psn
|upkeep
|
|switch|p1a: Yveltal|Yveltal|100/100
|-ability|p1a: Yveltal|Dark Aura
|turn|20
|
|switch|p2a: Ho-Oh|Ho-Oh|100/100
|move|p1a: Yveltal|Knock Off|p2a: Ho-Oh
|-damage|p2a: Ho-Oh|53/100
|-enditem|p2a: Ho-Oh|Heavy-Duty Boots|[from] move: Knock Off|[of] p1a: Yveltal
|
|upkeep
|turn|21
|
|switch|p2a: Arceus|Arceus-Fairy|1/100
|move|p1a: Yveltal|Foul Play|p2a: Arceus
|-resisted|p2a: Arceus
|-damage|p2a: Arceus|0 fnt
|faint|p2a: Arceus
|
|upkeep
|
|switch|p2a: Ho-Oh|Ho-Oh|87/100
|turn|22
|
|switch|p1a: Ho-Oh|Ho-Oh|71/100 par
|move|p2a: Ho-Oh|Toxic||[still]
|-fail|p2a: Ho-Oh
|
|upkeep
|turn|23
|
|switch|p2a: Ditto|Ditto|7/100 tox
|-transform|p2a: Ditto|p1a: Ho-Oh|[from] ability: Imposter
|move|p1a: Ho-Oh|Brave Bird|p2a: Ditto
|-damage|p2a: Ditto|0 fnt
|-damage|p1a: Ho-Oh|69/100 par|[from] Recoil
|-damage|p1a: Ho-Oh|60/100 par|[from] item: Life Orb
|faint|p2a: Ditto
|
|upkeep
|
|switch|p2a: Yveltal|Yveltal|100/100
|-ability|p2a: Yveltal|Dark Aura
|turn|24
|
|-start|p2a: Yveltal|Dynamax
|-heal|p2a: Yveltal|100/100|[silent]
|-start|p1a: Ho-Oh|Dynamax
|-heal|p1a: Ho-Oh|60/100 par|[silent]
|move|p2a: Yveltal|Max Airstream|p1a: Ho-Oh
|-damage|p1a: Ho-Oh|33/100 par
|-boost|p2a: Yveltal|spe|1
|-damage|p2a: Yveltal|96/100|[from] item: Life Orb
|move|p1a: Ho-Oh|Max Flare|p2a: Yveltal
|-damage|p2a: Yveltal|51/100
|-weather|SunnyDay
|-damage|p1a: Ho-Oh|28/100 par|[from] item: Life Orb
|
|-weather|SunnyDay|[upkeep]
|upkeep
|turn|25
|
|move|p2a: Yveltal|Max Darkness|p1a: Ho-Oh
|-damage|p1a: Ho-Oh|0 fnt
|-damage|p2a: Yveltal|46/100|[from] item: Life Orb
|faint|p1a: Ho-Oh
|
|-weather|SunnyDay|[upkeep]
|upkeep
|
|switch|p1a: Rayquaza|Rayquaza|76/100
|-ability|p1a: Rayquaza|Air Lock
|turn|26
|
|detailschange|p1a: Rayquaza|Rayquaza-Mega
|-mega|p1a: Rayquaza|Rayquaza|
|-weather|DeltaStream|[from] ability: Delta Stream|[of] p1a: Rayquaza
|move|p1a: Rayquaza|Dragon Ascent|p2a: Yveltal
|-damage|p2a: Yveltal|9/100
|-unboost|p1a: Rayquaza|def|1
|-unboost|p1a: Rayquaza|spd|1
|move|p2a: Yveltal|Max Airstream|p1a: Rayquaza
|-damage|p1a: Rayquaza|0 fnt
|-boost|p2a: Yveltal|spe|1
|-damage|p2a: Yveltal|4/100|[from] item: Life Orb
|faint|p1a: Rayquaza
|-weather|none
|
|-end|p2a: Yveltal|Dynamax
|-heal|p2a: Yveltal|4/100|[silent]
|upkeep
|
|switch|p1a: Yveltal|Yveltal|100/100
|-ability|p1a: Yveltal|Dark Aura
|turn|27
|
|move|p1a: Yveltal|Sucker Punch|p2a: Yveltal
|-resisted|p2a: Yveltal
|-damage|p2a: Yveltal|0 fnt
|faint|p2a: Yveltal
|
|upkeep
|
|switch|p2a: Ho-Oh|Ho-Oh|100/100
|turn|28
|
|move|p1a: Yveltal|Foul Play|p2a: Ho-Oh
|-damage|p2a: Ho-Oh|68/100
|move|p2a: Ho-Oh|Toxic|p1a: Yveltal
|-status|p1a: Yveltal|tox
|
|-damage|p1a: Yveltal|94/100 tox|[from] psn
|upkeep
|turn|29
|
|-zpower|p1a: Yveltal
|move|p1a: Yveltal|Supersonic Skystrike|p2a: Ho-Oh|[zeffect]
|-damage|p2a: Ho-Oh|0 fnt
|faint|p2a: Ho-Oh
|
|win|tyisc00l
|c|☆tyisc00l|gg
|c|☆starkorea74|gg
||Ladder (probably) updated, but score could not be retrieved (Response not received).
