|j|☆Thelegendaryssj2
|j|☆SpookyMareep
|t:|1659577181
|gametype|singles
|player|p1|Thelegendaryssj2|blue|1474
|player|p2|SpookyMareep|rocketgruntf|1591
|teamsize|p1|6
|teamsize|p2|6
|gen|8
|tier|[Gen 8] National Dex AG
|rated|
|rule|HP Percentage Mod: HP is shown in percentages
|rule|Endless Battle Clause: Forcing endless battles is banned
|clearpoke
|poke|p1|Sableye, M|
|poke|p1|Malamar, M|
|poke|p1|Greninja, M|
|poke|p1|Urshifu-*, F|
|poke|p1|Umbreon, M|
|poke|p1|Incineroar, F|
|poke|p2|Ditto|
|poke|p2|Marshadow|
|poke|p2|Toxapex, M|
|poke|p2|Shedinja|
|poke|p2|Quagsire, M|
|poke|p2|Landorus-Therian, M|
|teampreview
|inactive|Battle timer is ON: inactive players will automatically lose when time's up. (requested by Thelegendaryssj2)
|
|t:|1659577184
|start
|switch|p1a: Sableye|Sableye, M|100/100
|switch|p2a: >1440 ELO TEAM|Landorus-Therian, M|100/100
|-ability|p2a: >1440 ELO TEAM|Intimidate|boost
|-unboost|p1a: Sableye|atk|1
|turn|1
|
|t:|1659577194
|switch|p2a: Yakuza|Toxapex, M|100/100
|detailschange|p1a: Sableye|Sableye-Mega, M
|-mega|p1a: Sableye|Sableye|Sablenite
|move|p1a: Sableye|Will-O-Wisp|p2a: Yakuza
|-status|p2a: Yakuza|brn
|
|-damage|p2a: Yakuza|95/100 brn|[from] brn
|upkeep
|turn|2
|
|t:|1659577199
|switch|p2a: :)|Quagsire, M|100/100
|move|p1a: Sableye|Taunt|p2a: :)
|-start|p2a: :)|move: Taunt
|
|upkeep
|turn|3
|
|t:|1659577203
|switch|p2a: Zacian is bad|Ditto|100/100
|-transform|p2a: Zacian is bad|p1a: Sableye|[from] ability: Imposter
|move|p1a: Sableye|Night Shade|p2a: Zacian is bad
|-damage|p2a: Zacian is bad|58/100
|
|upkeep
|turn|4
|c|☆SpookyMareep|lol
|c|☆Thelegendaryssj2|I agree zacian is bad
|
|t:|1659577220
|switch|p2a: Yakuza|Toxapex, M|100/100 brn
|move|p1a: Sableye|Night Shade|p2a: Yakuza
|-damage|p2a: Yakuza|67/100 brn
|
|-damage|p2a: Yakuza|62/100 brn|[from] brn
|upkeep
|turn|5
|
|t:|1659577223
|move|p2a: Yakuza|Recover|p2a: Yakuza
|-heal|p2a: Yakuza|100/100 brn
|move|p1a: Sableye|Night Shade|p2a: Yakuza
|-damage|p2a: Yakuza|67/100 brn
|
|-damage|p2a: Yakuza|62/100 brn|[from] brn
|upkeep
|turn|6
|
|t:|1659577231
|move|p2a: Yakuza|Recover|p2a: Yakuza
|-heal|p2a: Yakuza|100/100 brn
|move|p1a: Sableye|Taunt|p2a: Yakuza
|-start|p2a: Yakuza|move: Taunt
|
|-damage|p2a: Yakuza|95/100 brn|[from] brn
|upkeep
|turn|7
|
|t:|1659577236
|move|p2a: Yakuza|Scald|p1a: Sableye
|-damage|p1a: Sableye|88/100
|move|p1a: Sableye|Night Shade|p2a: Yakuza
|-damage|p2a: Yakuza|62/100 brn
|
|-damage|p2a: Yakuza|56/100 brn|[from] brn
|upkeep
|turn|8
|
|t:|1659577246
|switch|p2a: Zacian is bad|Ditto|58/100
|-transform|p2a: Zacian is bad|p1a: Sableye|[from] ability: Imposter
|move|p1a: Sableye|Night Shade|p2a: Zacian is bad
|-damage|p2a: Zacian is bad|16/100
|
|upkeep
|turn|9
|
|t:|1659577251
|switch|p2a: Yakuza|Toxapex, M|89/100 brn
|move|p1a: Sableye|Night Shade|p2a: Yakuza
|-damage|p2a: Yakuza|56/100 brn
|
|-damage|p2a: Yakuza|50/100 brn|[from] brn
|upkeep
|turn|10
|
|t:|1659577255
|move|p2a: Yakuza|Recover|p2a: Yakuza
|-heal|p2a: Yakuza|99/100 brn
|move|p1a: Sableye|Taunt|p2a: Yakuza
|-start|p2a: Yakuza|move: Taunt
|
|-damage|p2a: Yakuza|94/100 brn|[from] brn
|upkeep
|turn|11
|
|t:|1659577261
|move|p2a: Yakuza|Scald|p1a: Sableye
|-damage|p1a: Sableye|75/100
|-status|p1a: Sableye|brn
|move|p1a: Sableye|Night Shade|p2a: Yakuza
|-damage|p2a: Yakuza|61/100 brn
|
|-damage|p2a: Yakuza|55/100 brn|[from] brn
|-damage|p1a: Sableye|69/100 brn|[from] brn
|upkeep
|turn|12
|
|t:|1659577263
|move|p2a: Yakuza|Scald|p1a: Sableye
|-damage|p1a: Sableye|56/100 brn
|move|p1a: Sableye|Night Shade|p2a: Yakuza
|-damage|p2a: Yakuza|22/100 brn
|
|-damage|p2a: Yakuza|16/100 brn|[from] brn
|-damage|p1a: Sableye|50/100 brn|[from] brn
|upkeep
|turn|13
|
|t:|1659577268
|switch|p2a: Yakuza.|Shedinja|100/100
|move|p1a: Sableye|Night Shade|p2a: Yakuza.
|-enditem|p2a: Yakuza.|Focus Sash
|-damage|p2a: Yakuza.|100/100
|
|-damage|p1a: Sableye|44/100 brn|[from] brn
|upkeep
|turn|14
|
|t:|1659577273
|switch|p2a: Yakuza|Toxapex, M|50/100 brn
|move|p1a: Sableye|Will-O-Wisp|p2a: Yakuza
|-fail|p2a: Yakuza|brn
|
|-damage|p2a: Yakuza|44/100 brn|[from] brn
|-damage|p1a: Sableye|38/100 brn|[from] brn
|upkeep
|turn|15
|
|t:|1659577280
|move|p2a: Yakuza|Recover|p2a: Yakuza
|-heal|p2a: Yakuza|94/100 brn
|move|p1a: Sableye|Taunt|p2a: Yakuza
|-start|p2a: Yakuza|move: Taunt
|
|-damage|p2a: Yakuza|88/100 brn|[from] brn
|-damage|p1a: Sableye|32/100 brn|[from] brn
|upkeep
|turn|16
|
|t:|1659577282
|move|p2a: Yakuza|Scald|p1a: Sableye
|-damage|p1a: Sableye|20/100 brn
|move|p1a: Sableye|Night Shade|p2a: Yakuza
|-damage|p2a: Yakuza|55/100 brn
|
|-damage|p2a: Yakuza|49/100 brn|[from] brn
|-damage|p1a: Sableye|14/100 brn|[from] brn
|upkeep
|turn|17
|
|t:|1659577284
|move|p2a: Yakuza|Scald|p1a: Sableye
|-damage|p1a: Sableye|2/100 brn
|move|p1a: Sableye|Night Shade|p2a: Yakuza
|-damage|p2a: Yakuza|16/100 brn
|
|-damage|p2a: Yakuza|10/100 brn|[from] brn
|-damage|p1a: Sableye|0 fnt|[from] brn
|faint|p1a: Sableye
|upkeep
|
|t:|1659577299
|switch|p1a: Urshifu|Urshifu, F|100/100
|turn|18
|
|t:|1659577307
|switch|p2a: :)|Quagsire, M|100/100
|move|p1a: Urshifu|Wicked Blow|p2a: :)
|-crit|p2a: :)
|-damage|p2a: :)|60/100
|-damage|p1a: Urshifu|84/100|[from] item: Rocky Helmet|[of] p2a: :)
|
|upkeep
|turn|19
|
|t:|1659577312
|switch|p1a: Umbreon|Umbreon, M|100/100
|move|p2a: :)|Recover|p2a: :)
|-heal|p2a: :)|100/100
|
|upkeep
|turn|20
|
|t:|1659577318
|switch|p2a: Yakuza|Toxapex, M|43/100 brn
|-zpower|p1a: Umbreon
|move|p1a: Umbreon|Z-Celebrate|p1a: Umbreon|[anim]Celebrate
|-boost|p1a: Umbreon|atk|1|[zeffect]
|-boost|p1a: Umbreon|def|1|[zeffect]
|-boost|p1a: Umbreon|spa|1|[zeffect]
|-boost|p1a: Umbreon|spd|1|[zeffect]
|-boost|p1a: Umbreon|spe|1|[zeffect]
|-activate|p1a: Umbreon|move: Celebrate
|
|-damage|p2a: Yakuza|37/100 brn|[from] brn
|upkeep
|turn|21
|
|t:|1659577326
|move|p1a: Umbreon|Baton Pass|p1a: Umbreon
|
|t:|1659577327
|switch|p1a: Greninja|Greninja, M|100/100|[from]move: Baton Pass
|move|p2a: Yakuza|Toxic Spikes|p1a: Greninja
|-sidestart|p1: Thelegendaryssj2|move: Toxic Spikes
|
|-damage|p2a: Yakuza|32/100 brn|[from] brn
|upkeep
|turn|22
|
|t:|1659577341
|switch|p2a: :)|Quagsire, M|100/100
|-start|p1a: Greninja|Dynamax|
|-heal|p1a: Greninja|100/100|[silent]
|move|p1a: Greninja|Max Mindstorm|p2a: :)
|-damage|p2a: :)|55/100
|-fieldstart|move: Psychic Terrain
|
|upkeep
|turn|23
|
|t:|1659577348
|move|p1a: Greninja|Max Mindstorm|p2a: :)
|-damage|p2a: :)|0 fnt
|faint|p2a: :)
|-activate|p1a: Greninja|ability: Battle Bond
|detailschange|p1a: Greninja|Greninja-Ash, M
|
|upkeep
|
|t:|1659577353
|switch|p2a: >1440 ELO TEAM|Landorus-Therian, M|100/100
|-ability|p2a: >1440 ELO TEAM|Intimidate|boost
|-unboost|p1a: Greninja|atk|1
|turn|24
|
|t:|1659577360
|switch|p2a: Yakuza.|Shedinja|100/100
|move|p1a: Greninja|Max Geyser|p2a: Yakuza.
|-immune|p2a: Yakuza.|[from] ability: Wonder Guard
|
|upkeep
|-end|p1a: Greninja|Dynamax
|-heal|p1a: Greninja|100/100|[silent]
|turn|25
|
|t:|1659577367
|move|p1a: Greninja|Dark Pulse|p2a: Yakuza.
|-supereffective|p2a: Yakuza.
|-damage|p2a: Yakuza.|0 fnt
|faint|p2a: Yakuza.
|
|upkeep
|
|t:|1659577371
|switch|p2a: xXWingsRippedXx|Marshadow|100/100
|turn|26
|
|t:|1659577381
|move|p1a: Greninja|Dark Pulse|p2a: xXWingsRippedXx
|-damage|p2a: xXWingsRippedXx|0 fnt
|faint|p2a: xXWingsRippedXx
|
|-fieldend|move: Psychic Terrain
|upkeep
|c|☆SpookyMareep|lo
|
|t:|1659577385
|switch|p2a: Zacian is bad|Ditto|16/100
|-transform|p2a: Zacian is bad|p1a: Greninja|[from] ability: Imposter
|turn|27
|
|t:|1659577390
|-start|p2a: Zacian is bad|Dynamax|
|-heal|p2a: Zacian is bad|16/100|[silent]
|move|p2a: Zacian is bad|Max Geyser|p1a: Greninja
|-resisted|p1a: Greninja
|-damage|p1a: Greninja|37/100
|-weather|RainDance
|move|p1a: Greninja|Dark Pulse|p2a: Zacian is bad
|-resisted|p2a: Zacian is bad
|-damage|p2a: Zacian is bad|0 fnt
|faint|p2a: Zacian is bad
|
|-weather|RainDance|[upkeep]
|upkeep
|c|☆SpookyMareep|lol
|c|☆SpookyMareep|ok
|-message|SpookyMareep forfeited.
|
|win|Thelegendaryssj2
|raw|Thelegendaryssj2's rating: 1474 &rarr; <strong>1500</strong><br />(+26 for winning)
|raw|SpookyMareep's rating: 1591 &rarr; <strong>1565</strong><br />(-26 for losing)
|l|☆SpookyMareep
||Ladder isn't responding, score probably updated but might not have (Request timeout).
