|j|☆AdamHaziq
|j|☆700club
|t:|1661853925
|gametype|singles
|player|p1|AdamHaziq|unknown|1546
|player|p2|700club|shadowtriad|1413
|teamsize|p1|6
|teamsize|p2|6
|gen|8
|tier|[Gen 8] National Dex AG
|rated|
|rule|HP Percentage Mod: HP is shown in percentages
|rule|Endless Battle Clause: Forcing endless battles is banned
|clearpoke
|poke|p1|Rayquaza|
|poke|p1|Ditto|
|poke|p1|Breloom, M|
|poke|p1|Calyrex-Shadow|
|poke|p1|Zacian-*|
|poke|p1|Darkrai|
|poke|p2|Rayquaza|
|poke|p2|Yveltal|
|poke|p2|Melmetal|
|poke|p2|Necrozma-Dusk-Mane|
|poke|p2|Deoxys-Speed|
|poke|p2|Xerneas-*|
|teampreview
|inactive|Battle timer is ON: inactive players will automatically lose when time's up. (requested by AdamHaziq)
|c|☆700club|hi
|
|t:|1661853937
|start
|switch|p1a: Darkrai|Darkrai|100/100
|switch|p2a: Deoxys|Deoxys-Speed|100/100
|-ability|p2a: Deoxys|Pressure
|turn|1
|
|t:|1661853945
|move|p2a: Deoxys|Taunt|p1a: Darkrai
|-start|p1a: Darkrai|move: Taunt
|-zpower|p1a: Darkrai
|move|p1a: Darkrai|Z-Hypnosis|p2a: Deoxys|[anim]Hypnosis|[miss]
|-boost|p1a: Darkrai|spe|1|[zeffect]
|-miss|p1a: Darkrai|p2a: Deoxys
|
|upkeep
|turn|2
|
|t:|1661853958
|move|p1a: Darkrai|Dark Pulse|p2a: Deoxys
|-supereffective|p2a: Deoxys
|-damage|p2a: Deoxys|1/100
|move|p2a: Deoxys|Stealth Rock|p1a: Darkrai
|-sidestart|p1: AdamHaziq|move: Stealth Rock
|
|upkeep
|turn|3
|
|t:|1661853971
|move|p1a: Darkrai|Dark Pulse|p2a: Deoxys
|-supereffective|p2a: Deoxys
|-damage|p2a: Deoxys|0 fnt
|faint|p2a: Deoxys
|
|-end|p1a: Darkrai|move: Taunt
|upkeep
|inactive|700club has 120 seconds left.
|
|t:|1661854002
|switch|p2a: Rayquaza|Rayquaza|100/100
|-ability|p2a: Rayquaza|Air Lock
|turn|4
|inactive|700club has 120 seconds left.
|
|t:|1661854008
|detailschange|p2a: Rayquaza|Rayquaza-Mega
|-mega|p2a: Rayquaza|Rayquaza|
|-weather|DeltaStream|[from] ability: Delta Stream|[of] p2a: Rayquaza
|move|p2a: Rayquaza|Extreme Speed|p1a: Darkrai
|-damage|p1a: Darkrai|31/100
|-damage|p2a: Rayquaza|91/100|[from] item: Life Orb
|move|p1a: Darkrai|Hypnosis|p2a: Rayquaza
|-status|p2a: Rayquaza|slp|[from] move: Hypnosis
|
|-weather|DeltaStream|[upkeep]
|-damage|p2a: Rayquaza|78/100 slp|[from] ability: Bad Dreams|[of] p1a: Darkrai
|upkeep
|turn|5
|inactive|700club has 120 seconds left.
|
|t:|1661854020
|cant|p2a: Rayquaza|slp
|move|p1a: Darkrai|Substitute|p1a: Darkrai
|-start|p1a: Darkrai|Substitute
|-damage|p1a: Darkrai|6/100
|
|-weather|DeltaStream|[upkeep]
|-damage|p2a: Rayquaza|66/100 slp|[from] ability: Bad Dreams|[of] p1a: Darkrai
|upkeep
|turn|6
|
|t:|1661854027
|-curestatus|p2a: Rayquaza|slp|[msg]
|move|p2a: Rayquaza|Extreme Speed|p1a: Darkrai
|-end|p1a: Darkrai|Substitute
|-damage|p2a: Rayquaza|56/100|[from] item: Life Orb
|move|p1a: Darkrai|Dark Pulse|p2a: Rayquaza
|-damage|p2a: Rayquaza|12/100
|
|-weather|DeltaStream|[upkeep]
|upkeep
|turn|7
|
|t:|1661854040
|move|p2a: Rayquaza|Extreme Speed|p1a: Darkrai
|-damage|p1a: Darkrai|0 fnt
|faint|p1a: Darkrai
|-damage|p2a: Rayquaza|2/100|[from] item: Life Orb
|
|-weather|DeltaStream|[upkeep]
|upkeep
|
|t:|1661854050
|switch|p1a: Rayquaza|Rayquaza, shiny|100/100
|-damage|p1a: Rayquaza|76/100|[from] Stealth Rock
|-ability|p1a: Rayquaza|Air Lock
|turn|8
|
|t:|1661854056
|detailschange|p1a: Rayquaza|Rayquaza-Mega, shiny
|-mega|p1a: Rayquaza|Rayquaza|
|move|p1a: Rayquaza|Extreme Speed|p2a: Rayquaza
|-damage|p2a: Rayquaza|0 fnt
|faint|p2a: Rayquaza
|
|-weather|DeltaStream|[upkeep]
|-heal|p1a: Rayquaza|82/100|[from] item: Leftovers
|upkeep
|
|t:|1661854066
|switch|p2a: Xerneas|Xerneas|100/100
|-ability|p2a: Xerneas|Fairy Aura
|turn|9
|inactive|700club has 120 seconds left.
|
|t:|1661854106
|move|p1a: Rayquaza|Dragon Ascent|p2a: Xerneas
|-damage|p2a: Xerneas|31/100
|-unboost|p1a: Rayquaza|def|1
|-unboost|p1a: Rayquaza|spd|1
|move|p2a: Xerneas|Moonblast|p1a: Rayquaza
|-supereffective|p1a: Rayquaza
|-damage|p1a: Rayquaza|0 fnt
|faint|p1a: Rayquaza
|-weather|none
|
|upkeep
|
|t:|1661854113
|switch|p1a: Zoro|Zacian-Crowned|100/100
|-damage|p1a: Zoro|94/100|[from] Stealth Rock
|-ability|p1a: Zoro|Intrepid Sword|boost
|-boost|p1a: Zoro|atk|1
|turn|10
|
|t:|1661854125
|move|p1a: Zoro|Behemoth Blade|p2a: Xerneas
|-supereffective|p2a: Xerneas
|-damage|p2a: Xerneas|0 fnt
|faint|p2a: Xerneas
|
|upkeep
|
|t:|1661854137
|switch|p2a: Melmetal|Melmetal|100/100
|turn|11
|
|t:|1661854155
|move|p1a: Zoro|Close Combat|p2a: Melmetal
|-supereffective|p2a: Melmetal
|-damage|p2a: Melmetal|25/100
|-unboost|p1a: Zoro|def|1
|-unboost|p1a: Zoro|spd|1
|move|p2a: Melmetal|Earthquake|p1a: Zoro
|-supereffective|p1a: Zoro
|-damage|p1a: Zoro|0 fnt
|faint|p1a: Zoro
|
|upkeep
|
|t:|1661854167
|switch|p1a: Calyrex|Calyrex-Shadow|100/100
|-ability|p1a: Calyrex|As One
|-ability|p1a: Calyrex|Unnerve
|-damage|p1a: Calyrex|88/100|[from] Stealth Rock
|turn|12
|inactive|700club has 90 seconds left.
|
|t:|1661854197
|-start|p1a: Calyrex|Dynamax|
|-heal|p1a: Calyrex|88/100|[silent]
|move|p1a: Calyrex|Max Mindstorm|p2a: Melmetal
|-resisted|p2a: Melmetal
|-damage|p2a: Melmetal|0 fnt
|-fieldstart|move: Psychic Terrain
|faint|p2a: Melmetal
|-ability|p1a: Calyrex|Grim Neigh|boost
|-boost|p1a: Calyrex|spa|1
|
|upkeep
|
|t:|1661854207
|switch|p2a: Yveltal|Yveltal|100/100
|-ability|p2a: Yveltal|Dark Aura
|turn|13
|inactive|700club has 90 seconds left.
|inactive|700club has 60 seconds left.
|
|t:|1661854242
|-start|p2a: Yveltal|Dynamax|
|-heal|p2a: Yveltal|100/100|[silent]
|move|p1a: Calyrex|Max Starfall|p2a: Yveltal
|-supereffective|p2a: Yveltal
|-damage|p2a: Yveltal|46/100
|-fieldstart|move: Misty Terrain
|move|p2a: Yveltal|Max Darkness|p1a: Calyrex
|-supereffective|p1a: Calyrex
|-damage|p1a: Calyrex|0 fnt
|faint|p1a: Calyrex
|-damage|p2a: Yveltal|41/100|[from] item: Life Orb
|
|upkeep
|
|t:|1661854258
|switch|p1a: Breloom|Breloom, M|100/100
|-damage|p1a: Breloom|94/100|[from] Stealth Rock
|turn|14
|
|t:|1661854266
|move|p2a: Yveltal|Max Airstream|p1a: Breloom
|-supereffective|p1a: Breloom
|-damage|p1a: Breloom|0 fnt
|-boost|p2a: Yveltal|spe|1
|faint|p1a: Breloom
|-damage|p2a: Yveltal|36/100|[from] item: Life Orb
|
|upkeep
|
|t:|1661854268
|switch|p1a: Ditto|Ditto|100/100
|-damage|p1a: Ditto|88/100|[from] Stealth Rock
|-transform|p1a: Ditto|p2a: Yveltal|[from] ability: Imposter
|-ability|p1a: Ditto|Dark Aura
|turn|15
|
|t:|1661854280
|move|p1a: Ditto|Dark Pulse|p2a: Yveltal
|-resisted|p2a: Yveltal
|-damage|p2a: Yveltal|22/100
|move|p2a: Yveltal|Max Airstream|p1a: Ditto
|-damage|p1a: Ditto|0 fnt
|-boost|p2a: Yveltal|spe|1
|faint|p1a: Ditto
|-damage|p2a: Yveltal|17/100|[from] item: Life Orb
|
|win|700club
|raw|AdamHaziq's rating: 1560 &rarr; <strong>1532</strong><br />(-28 for losing)
|raw|700club's rating: 1413 &rarr; <strong>1441</strong><br />(+28 for winning)
|c|☆700club|gg
