|j|☆livdisc time uwu
|j|‽PlatinumEA
|t:|1646204511
|gametype|singles
|player|p1|livdisc time uwu|backersf|
|player|p2|PlatinumEA|lady-gen4|
|teamsize|p1|6
|teamsize|p2|6
|gen|8
|tier|[Gen 8] National Dex AG
|rule|HP Percentage Mod: HP is shown in percentages
|rule|Endless Battle Clause: Forcing endless battles is banned
|clearpoke
|poke|p1|Groudon|
|poke|p1|Arceus-*|
|poke|p1|Zacian-*|
|poke|p1|Zygarde|
|poke|p1|Calyrex-Ice|
|poke|p1|Yveltal|
|poke|p2|Calyrex-Ice|
|poke|p2|Melmetal|
|poke|p2|Necrozma-Dusk-Mane|
|poke|p2|Hatterene, F|
|poke|p2|Rayquaza|
|poke|p2|Tyranitar, M|
|teampreview
|inactive|Battle timer is ON: inactive players will automatically lose when time's up. (requested by livdisc time uwu)
|
|t:|1646204533
|start
|switch|p1a: Zacian|Zacian-Crowned|100/100
|switch|p2a: Hatterene|Hatterene, F|100/100
|-ability|p1a: Zacian|Intrepid Sword|boost
|-boost|p1a: Zacian|atk|1
|turn|1
|
|t:|1646204538
|switch|p2a: Necrozma|Necrozma-Dusk-Mane|100/100
|move|p1a: Zacian|Substitute|p1a: Zacian
|-start|p1a: Zacian|Substitute
|-damage|p1a: Zacian|76/100
|
|upkeep
|turn|2
|
|t:|1646204542
|move|p1a: Zacian|Close Combat|p2a: Necrozma
|-damage|p2a: Necrozma|58/100
|-unboost|p1a: Zacian|def|1
|-unboost|p1a: Zacian|spd|1
|move|p2a: Necrozma|Earthquake|p1a: Zacian
|-supereffective|p1a: Zacian
|-end|p1a: Zacian|Substitute
|
|upkeep
|turn|3
|
|t:|1646204549
|switch|p1a: Zygarde|Zygarde|100/100
|move|p2a: Necrozma|Trick Room|p2a: Necrozma
|-fieldstart|move: Trick Room|[of] p2a: Necrozma
|
|upkeep
|turn|4
|
|t:|1646204552
|switch|p2a: Calyrex|Calyrex-Ice|100/100
|-ability|p2a: Calyrex|As One
|-ability|p2a: Calyrex|Unnerve
|move|p1a: Zygarde|Haze|p1a: Zygarde
|-clearallboost
|
|upkeep
|turn|5
|
|t:|1646204556
|switch|p1a: Arceus|Arceus-Water|100/100
|move|p2a: Calyrex|Swords Dance|p2a: Calyrex
|-boost|p2a: Calyrex|atk|2
|
|upkeep
|turn|6
|
|t:|1646204563
|-start|p1a: Arceus|Dynamax
|-heal|p1a: Arceus|100/100|[silent]
|move|p2a: Calyrex|Swords Dance|p2a: Calyrex
|-boost|p2a: Calyrex|atk|2
|move|p1a: Arceus|Max Geyser|p2a: Calyrex
|-damage|p2a: Calyrex|59/100
|-weather|RainDance
|
|-weather|RainDance|[upkeep]
|upkeep
|turn|7
|
|t:|1646204572
|move|p2a: Calyrex|Baton Pass|p2a: Calyrex
|
|t:|1646204573
|switch|p2a: Rayquaza|Rayquaza|100/100|[from]move: Baton Pass
|-ability|p2a: Rayquaza|Air Lock
|move|p1a: Arceus|Max Geyser|p2a: Rayquaza
|-resisted|p2a: Rayquaza
|-damage|p2a: Rayquaza|69/100
|
|-weather|RainDance|[upkeep]
|-fieldend|move: Trick Room
|upkeep
|turn|8
|
|t:|1646204579
|detailschange|p2a: Rayquaza|Rayquaza-Mega
|-mega|p2a: Rayquaza|Rayquaza|
|-weather|DeltaStream|[from] ability: Delta Stream|[of] p2a: Rayquaza
|move|p2a: Rayquaza|Surf|p1a: Arceus
|-resisted|p1a: Arceus
|-damage|p1a: Arceus|95/100
|move|p1a: Arceus|Max Hailstorm|p2a: Rayquaza
|-activate||deltastream
|-supereffective|p2a: Rayquaza
|-damage|p2a: Rayquaza|7/100
|
|-weather|DeltaStream|[upkeep]
|-end|p1a: Arceus|Dynamax
|-heal|p1a: Arceus|95/100|[silent]
|upkeep
|turn|9
|
|t:|1646204584
|move|p2a: Rayquaza|Dragon Ascent|p1a: Arceus
|-damage|p1a: Arceus|0 fnt
|-unboost|p2a: Rayquaza|def|1
|-unboost|p2a: Rayquaza|spd|1
|faint|p1a: Arceus
|
|-weather|DeltaStream|[upkeep]
|upkeep
|
|t:|1646204587
|switch|p1a: Yveltal|Yveltal|100/100
|-ability|p1a: Yveltal|Dark Aura
|turn|10
|
|t:|1646204589
|move|p2a: Rayquaza|Extreme Speed|p1a: Yveltal
|-damage|p1a: Yveltal|0 fnt
|faint|p1a: Yveltal
|
|-weather|DeltaStream|[upkeep]
|upkeep
|
|t:|1646204591
|switch|p1a: Zacian|Zacian-Crowned|76/100
|-ability|p1a: Zacian|Intrepid Sword|boost
|-boost|p1a: Zacian|atk|1
|turn|11
|
|t:|1646204593
|move|p2a: Rayquaza|Extreme Speed|p1a: Zacian
|-resisted|p1a: Zacian
|-damage|p1a: Zacian|30/100
|move|p1a: Zacian|Behemoth Blade|p2a: Rayquaza
|-damage|p2a: Rayquaza|0 fnt
|faint|p2a: Rayquaza
|-weather|none
|
|upkeep
|
|t:|1646204601
|switch|p2a: Necrozma|Necrozma-Dusk-Mane|58/100
|turn|12
|j| 08-11b
|
|t:|1646204608
|switch|p1a: Groudon|Groudon|100/100
|detailschange|p1a: Groudon|Groudon-Primal
|-primal|p1a: Groudon
|-weather|DesolateLand|[from] ability: Desolate Land|[of] p1a: Groudon
|move|p2a: Necrozma|Trick Room|p2a: Necrozma
|-fieldstart|move: Trick Room|[of] p2a: Necrozma
|
|-weather|DesolateLand|[upkeep]
|upkeep
|turn|13
|
|t:|1646204612
|move|p2a: Necrozma|Earthquake|p1a: Groudon
|-supereffective|p1a: Groudon
|-damage|p1a: Groudon|63/100
|move|p1a: Groudon|Overheat|p2a: Necrozma
|-supereffective|p2a: Necrozma
|-damage|p2a: Necrozma|0 fnt
|-unboost|p1a: Groudon|spa|2
|faint|p2a: Necrozma
|
|-weather|DesolateLand|[upkeep]
|upkeep
|
|t:|1646204618
|switch|p2a: Melmetal|Melmetal|100/100
|turn|14
|
|t:|1646204621
|-weather|none
|switch|p1a: Zygarde|Zygarde|100/100
|move|p2a: Melmetal|Double Iron Bash|p1a: Zygarde
|-damage|p1a: Zygarde|68/100
|-damage|p1a: Zygarde|37/100
|-hitcount|p1a: Zygarde|2
|-damage|p2a: Melmetal|91/100|[from] item: Life Orb
|
|-heal|p1a: Zygarde|43/100|[from] item: Leftovers
|-activate|p1a: Zygarde|ability: Power Construct
|detailschange|p1a: Zygarde|Zygarde-Complete
|-heal|p1a: Zygarde|63/100|[silent]
|upkeep
|turn|15
|
|t:|1646204627
|switch|p2a: Calyrex|Calyrex-Ice|59/100
|-ability|p2a: Calyrex|As One
|-ability|p2a: Calyrex|Unnerve
|move|p1a: Zygarde|Glare|p2a: Calyrex
|-status|p2a: Calyrex|par
|-enditem|p2a: Calyrex|Lum Berry|[eat]
|-curestatus|p2a: Calyrex|par|[msg]
|
|-heal|p1a: Zygarde|69/100|[from] item: Leftovers
|upkeep
|turn|16
|
|t:|1646204632
|move|p2a: Calyrex|Baton Pass|p2a: Calyrex
|
|t:|1646204633
|switch|p2a: Hatterene|Hatterene, F|100/100|[from]move: Baton Pass
|move|p1a: Zygarde|Thousand Arrows|p2a: Hatterene
|-damage|p2a: Hatterene|64/100
|
|-heal|p1a: Zygarde|75/100|[from] item: Leftovers
|-fieldend|move: Trick Room
|upkeep
|turn|17
|
|t:|1646204640
|switch|p1a: Zacian|Zacian-Crowned|30/100
|-ability|p1a: Zacian|Intrepid Sword|boost
|-boost|p1a: Zacian|atk|1
|move|p2a: Hatterene|Trick Room|p2a: Hatterene
|-fieldstart|move: Trick Room|[of] p2a: Hatterene
|
|upkeep
|turn|18
|
|t:|1646204643
|move|p2a: Hatterene|Wonder Room|p2a: Hatterene
|-fieldstart|move: Wonder Room|[of] p2a: Hatterene
|move|p1a: Zacian|Substitute|p1a: Zacian
|-start|p1a: Zacian|Substitute
|-damage|p1a: Zacian|5/100
|
|upkeep
|turn|19
|
|t:|1646204646
|move|p2a: Hatterene|Healing Wish|p2a: Hatterene
|faint|p2a: Hatterene
|move|p1a: Zacian|Behemoth Blade|p2: Hatterene|[notarget]
|-fail|p1a: Zacian
|
|upkeep
|
|t:|1646204656
|switch|p2a: Calyrex|Calyrex-Ice|59/100
|-ability|p2a: Calyrex|As One
|-ability|p2a: Calyrex|Unnerve
|-heal|p2a: Calyrex|100/100|[from] move: Healing Wish
|turn|20
|
|t:|1646204658
|move|p2a: Calyrex|Glacial Lance|p1a: Zacian
|-resisted|p1a: Zacian
|-end|p1a: Zacian|Substitute
|move|p1a: Zacian|Behemoth Blade|p2a: Calyrex
|-supereffective|p2a: Calyrex
|-damage|p2a: Calyrex|0 fnt
|faint|p2a: Calyrex
|
|upkeep
|
|t:|1646204660
|switch|p2a: Melmetal|Melmetal|91/100
|turn|21
|
|t:|1646204669
|switch|p1a: Groudon|Groudon-Primal|63/100
|-weather|DesolateLand|[from] ability: Desolate Land|[of] p1a: Groudon
|-start|p2a: Melmetal|Dynamax
|-heal|p2a: Melmetal|91/100|[silent]
|move|p2a: Melmetal|Max Quake|p1a: Groudon
|-supereffective|p1a: Groudon
|-damage|p1a: Groudon|0 fnt
|-boost|p2a: Melmetal|spd|1
|faint|p1a: Groudon
|-weather|none
|-damage|p2a: Melmetal|86/100|[from] item: Life Orb
|
|-fieldend|move: Trick Room
|upkeep
|
|t:|1646204677
|switch|p1a: Zygarde|Zygarde-Complete|75/100
|turn|22
|
|t:|1646204680
|move|p1a: Zygarde|Glare|p2a: Melmetal
|-status|p2a: Melmetal|par
|move|p2a: Melmetal|Max Steelspike|p1a: Zygarde
|-damage|p1a: Zygarde|11/100
|-boost|p2a: Melmetal|def|1
|-damage|p2a: Melmetal|81/100 par|[from] item: Life Orb
|
|-heal|p1a: Zygarde|17/100|[from] item: Leftovers
|-fieldend|move: Wonder Room
|upkeep
|turn|23
|j| 864 melody
|
|t:|1646204685
|move|p1a: Zygarde|Rest|p1a: Zygarde
|-status|p1a: Zygarde|slp|[from] move: Rest
|-heal|p1a: Zygarde|100/100 slp|[silent]
|move|p2a: Melmetal|Max Steelspike|p1a: Zygarde
|-damage|p1a: Zygarde|64/100 slp
|-boost|p2a: Melmetal|def|1
|-damage|p2a: Melmetal|76/100 par|[from] item: Life Orb
|
|-heal|p1a: Zygarde|70/100 slp|[from] item: Leftovers
|-end|p2a: Melmetal|Dynamax
|-heal|p2a: Melmetal|76/100 par|[silent]
|upkeep
|turn|24
|l| 864 melody
|
|t:|1646204694
|cant|p1a: Zygarde|slp
|move|p2a: Melmetal|Double Iron Bash|p1a: Zygarde
|-damage|p1a: Zygarde|50/100 slp
|-damage|p1a: Zygarde|29/100 slp
|-hitcount|p1a: Zygarde|2
|-damage|p2a: Melmetal|66/100 par|[from] item: Life Orb
|
|-heal|p1a: Zygarde|35/100 slp|[from] item: Leftovers
|upkeep
|turn|25
|
|t:|1646204703
|cant|p1a: Zygarde|slp
|cant|p2a: Melmetal|par
|
|-heal|p1a: Zygarde|41/100 slp|[from] item: Leftovers
|upkeep
|turn|26
|c|☆livdisc time uwu|damn
|
|t:|1646204714
|-curestatus|p1a: Zygarde|slp|[msg]
|move|p1a: Zygarde|Haze|p1a: Zygarde
|-clearallboost
|move|p2a: Melmetal|Double Iron Bash|p1a: Zygarde
|-damage|p1a: Zygarde|20/100
|-damage|p1a: Zygarde|0 fnt
|faint|p1a: Zygarde
|-hitcount|p1: Zygarde|2
|-damage|p2a: Melmetal|56/100 par|[from] item: Life Orb
|
|upkeep
|
|t:|1646204720
|switch|p1a: Zacian|Zacian-Crowned|5/100
|-ability|p1a: Zacian|Intrepid Sword|boost
|-boost|p1a: Zacian|atk|1
|turn|27
|
|t:|1646204722
|move|p1a: Zacian|Close Combat|p2a: Melmetal
|-supereffective|p2a: Melmetal
|-damage|p2a: Melmetal|0 fnt
|-unboost|p1a: Zacian|def|1
|-unboost|p1a: Zacian|spd|1
|faint|p2a: Melmetal
|
|upkeep
|
|t:|1646204725
|switch|p2a: Tyranitar|Tyranitar, M|100/100
|-weather|Sandstorm|[from] ability: Sand Stream|[of] p2a: Tyranitar
|turn|28
|-message|PlatinumEA forfeited.
|
|win|livdisc time uwu
