|j|☆kasak
|j|☆Rockstar obstagoon
|t:|1609610235
|player|p1|kasak|youngster-gen4|1403
|player|p2|Rockstar obstagoon|palmer|1473
|teamsize|p1|6
|teamsize|p2|6
|gametype|singles
|gen|8
|tier|[Gen 8] National Dex AG
|rated|
|clearpoke
|poke|p1|Celesteela|
|poke|p1|Lanturn, F|
|poke|p1|Arceus-*|
|poke|p1|Corsola-Galar, F|
|poke|p1|Cresselia, F|
|poke|p1|Blissey, F|
|poke|p2|Regieleki|
|poke|p2|Regidrago|
|poke|p2|Zacian-Crowned|
|poke|p2|Calyrex-Shadow|
|poke|p2|Eternatus|
|poke|p2|Zamazenta-Crowned|
|rule|HP Percentage Mod: HP is shown in percentages
|rule|Endless Battle Clause: Forcing endless battles is banned
|teampreview
|
|t:|1609610246
|start
|switch|p1a: 코산호|Corsola-Galar, F|100/100
|switch|p2a: Eternatus|Eternatus|100/100
|-ability|p2a: Eternatus|Pressure
|turn|1
|
|t:|1609610252
|move|p2a: Eternatus|Eternabeam|p1a: 코산호
|-damage|p1a: 코산호|26/100
|-mustrecharge|p2a: Eternatus
|move|p1a: 코산호|Stealth Rock|p2a: Eternatus
|-sidestart|p2: Rockstar obstagoon|move: Stealth Rock
|
|upkeep
|turn|2
|
|t:|1609610262
|cant|p2a: Eternatus|recharge
|move|p1a: 코산호|Strength Sap|p2a: Eternatus
|-unboost|p2a: Eternatus|atk|1
|-heal|p1a: 코산호|75/100
|
|upkeep
|turn|3
|
|t:|1609610270
|switch|p1a: 해피너스|Blissey, F|100/100
|move|p2a: Eternatus|Eternabeam|p1a: 해피너스
|-damage|p1a: 해피너스|44/100
|-mustrecharge|p2a: Eternatus
|
|-heal|p1a: 해피너스|50/100|[from] item: Leftovers
|upkeep
|turn|4
|
|t:|1609610278
|cant|p2a: Eternatus|recharge
|move|p1a: 해피너스|Soft-Boiled|p1a: 해피너스
|-heal|p1a: 해피너스|100/100
|
|upkeep
|turn|5
|
|t:|1609610288
|switch|p2a: Zamazenta|Zamazenta-Crowned|100/100
|-damage|p2a: Zamazenta|97/100|[from] Stealth Rock
|-ability|p2a: Zamazenta|Dauntless Shield|boost
|-boost|p2a: Zamazenta|def|1
|move|p1a: 해피너스|Calm Mind|p1a: 해피너스
|-boost|p1a: 해피너스|spa|1
|-boost|p1a: 해피너스|spd|1
|
|upkeep
|turn|6
|
|t:|1609610294
|switch|p1a: 철화구야|Celesteela|100/100
|move|p2a: Zamazenta|Close Combat|p1a: 철화구야
|-damage|p1a: 철화구야|61/100
|-unboost|p2a: Zamazenta|def|1
|-unboost|p2a: Zamazenta|spd|1
|-damage|p2a: Zamazenta|81/100|[from] item: Rocky Helmet|[of] p1a: 철화구야
|
|upkeep
|turn|7
|
|t:|1609610301
|switch|p1a: 코산호|Corsola-Galar, F|75/100
|move|p2a: Zamazenta|Wild Charge|p1a: 코산호
|-damage|p1a: 코산호|50/100
|-start|p2a: Zamazenta|Disable|Wild Charge|[from] ability: Cursed Body|[of] p1a: 코산호
|-damage|p2a: Zamazenta|75/100|[from] Recoil
|
|upkeep
|turn|8
|
|t:|1609610309
|move|p2a: Zamazenta|Behemoth Bash|p1a: 코산호
|-damage|p1a: 코산호|8/100
|move|p1a: 코산호|Strength Sap|p2a: Zamazenta
|-unboost|p2a: Zamazenta|atk|1
|-heal|p1a: 코산호|100/100
|
|upkeep
|turn|9
|
|t:|1609610315
|switch|p2a: Eternatus|Eternatus|100/100
|-damage|p2a: Eternatus|88/100|[from] Stealth Rock
|-ability|p2a: Eternatus|Pressure
|move|p1a: 코산호|Will-O-Wisp|p2a: Eternatus
|-status|p2a: Eternatus|brn
|
|-damage|p2a: Eternatus|82/100 brn|[from] brn
|upkeep
|turn|10
|
|t:|1609610341
|switch|p1a: 해피너스|Blissey, F|100/100
|move|p2a: Eternatus|Dynamax Cannon|p1a: 해피너스
|-damage|p1a: 해피너스|67/100
|
|-heal|p1a: 해피너스|73/100|[from] item: Leftovers
|-damage|p2a: Eternatus|76/100 brn|[from] brn
|upkeep
|turn|11
|
|t:|1609610350
|move|p2a: Eternatus|Dynamax Cannon|p1a: 해피너스
|-damage|p1a: 해피너스|37/100
|move|p1a: 해피너스|Tri Attack|p2a: Eternatus
|-damage|p2a: Eternatus|50/100 brn
|
|-heal|p1a: 해피너스|43/100|[from] item: Leftovers
|-damage|p2a: Eternatus|44/100 brn|[from] brn
|upkeep
|turn|12
|
|t:|1609610356
|move|p2a: Eternatus|Dynamax Cannon|p1a: 해피너스
|-damage|p1a: 해피너스|9/100
|move|p1a: 해피너스|Soft-Boiled|p1a: 해피너스
|-heal|p1a: 해피너스|59/100
|
|-heal|p1a: 해피너스|65/100|[from] item: Leftovers
|-damage|p2a: Eternatus|38/100 brn|[from] brn
|upkeep
|turn|13
|
|t:|1609610366
|switch|p2a: Regidrago|Regidrago|100/100
|-damage|p2a: Regidrago|88/100|[from] Stealth Rock
|move|p1a: 해피너스|Soft-Boiled|p1a: 해피너스
|-heal|p1a: 해피너스|100/100
|
|upkeep
|turn|14
|
|t:|1609610372
|switch|p1a: 철화구야|Celesteela|61/100
|-start|p2a: Regidrago|Dynamax
|-heal|p2a: Regidrago|88/100|[silent]
|move|p2a: Regidrago|Max Wyrmwind|p1a: 철화구야
|-resisted|p1a: 철화구야
|-damage|p1a: 철화구야|17/100
|-unboost|p1a: 철화구야|atk|1
|
|upkeep
|turn|15
|
|t:|1609610385
|switch|p1a: 크레세리아|Cresselia, F|100/100
|move|p2a: Regidrago|Max Wyrmwind|p1a: 크레세리아
|-damage|p1a: 크레세리아|32/100
|-unboost|p1a: 크레세리아|atk|1
|
|upkeep
|turn|16
|
|t:|1609610396
|move|p1a: 크레세리아|Lunar Dance|p1a: 크레세리아
|faint|p1a: 크레세리아
|move|p2a: Regidrago|Max Wyrmwind|p1: 크레세리아|[notarget]
|-fail|p2a: Regidrago
|
|-end|p2a: Regidrago|Dynamax
|-heal|p2a: Regidrago|88/100|[silent]
|upkeep
|
|t:|1609610404
|switch|p1a: 철화구야|Celesteela|17/100
|-heal|p1a: 철화구야|100/100|[from] move: Lunar Dance
|turn|17
|
|t:|1609610414
|move|p2a: Regidrago|Dragon Energy|p1a: 철화구야
|-resisted|p1a: 철화구야
|-damage|p1a: 철화구야|60/100
|move|p1a: 철화구야|Leech Seed|p2a: Regidrago
|-start|p2a: Regidrago|move: Leech Seed
|
|-damage|p2a: Regidrago|76/100|[from] Leech Seed|[of] p1a: 철화구야
|-heal|p1a: 철화구야|79/100|[silent]
|upkeep
|turn|18
|
|t:|1609610422
|move|p2a: Regidrago|Dragon Energy|p1a: 철화구야
|-resisted|p1a: 철화구야
|-damage|p1a: 철화구야|43/100
|move|p1a: 철화구야|Leech Seed||[still]
|-fail|p1a: 철화구야
|
|-damage|p2a: Regidrago|63/100|[from] Leech Seed|[of] p1a: 철화구야
|-heal|p1a: 철화구야|62/100|[silent]
|upkeep
|turn|19
|
|t:|1609610429
|move|p1a: 철화구야|Protect|p1a: 철화구야
|-singleturn|p1a: 철화구야|Protect
|move|p2a: Regidrago|Dragon Energy|p1a: 철화구야
|-activate|p1a: 철화구야|move: Protect
|
|-damage|p2a: Regidrago|51/100|[from] Leech Seed|[of] p1a: 철화구야
|-heal|p1a: 철화구야|80/100|[silent]
|upkeep
|turn|20
|
|t:|1609610437
|switch|p2a: Regieleki|Regieleki|100/100
|-damage|p2a: Regieleki|88/100|[from] Stealth Rock
|move|p1a: 철화구야|Flash Cannon|p2a: Regieleki
|-resisted|p2a: Regieleki
|-damage|p2a: Regieleki|61/100
|
|upkeep
|turn|21
|
|t:|1609610443
|switch|p1a: 아르세우스|Arceus-Ground|100/100
|move|p2a: Regieleki|Thunder Cage|p1a: 아르세우스
|-immune|p1a: 아르세우스
|
|upkeep
|turn|22
|
|t:|1609610453
|switch|p2a: Regidrago|Regidrago|51/100
|-damage|p2a: Regidrago|38/100|[from] Stealth Rock
|move|p1a: 아르세우스|Judgment|p2a: Regidrago
|-damage|p2a: Regidrago|0 fnt
|faint|p2a: Regidrago
|
|upkeep
|
|t:|1609610461
|switch|p2a: Calyrex|Calyrex-Shadow|100/100
|-ability|p2a: Calyrex|As One
|-ability|p2a: Calyrex|Unnerve|p1: kasak
|-damage|p2a: Calyrex|88/100|[from] Stealth Rock
|turn|23
|
|t:|1609610464
|switch|p1a: 해피너스|Blissey, F|100/100
|move|p2a: Calyrex|Energy Ball|p1a: 해피너스
|-damage|p1a: 해피너스|79/100
|
|-heal|p1a: 해피너스|86/100|[from] item: Leftovers
|upkeep
|turn|24
|
|t:|1609610472
|switch|p2a: Zacian|Zacian-Crowned|100/100
|-damage|p2a: Zacian|94/100|[from] Stealth Rock
|-ability|p2a: Zacian|Intrepid Sword|boost
|-boost|p2a: Zacian|atk|1
|move|p1a: 해피너스|Ice Beam|p2a: Zacian
|-resisted|p2a: Zacian
|-damage|p2a: Zacian|85/100
|
|-heal|p1a: 해피너스|92/100|[from] item: Leftovers
|upkeep
|turn|25
|j| Yandre
|
|t:|1609610485
|switch|p1a: 철화구야|Celesteela|80/100
|move|p2a: Zacian|Close Combat|p1a: 철화구야
|-damage|p1a: 철화구야|32/100
|-unboost|p2a: Zacian|def|1
|-unboost|p2a: Zacian|spd|1
|-damage|p2a: Zacian|68/100|[from] item: Rocky Helmet|[of] p1a: 철화구야
|
|upkeep
|turn|26
|
|t:|1609610494
|switch|p1a: 코산호|Corsola-Galar, F|100/100
|move|p2a: Zacian|Wild Charge|p1a: 코산호
|-damage|p1a: 코산호|59/100
|-start|p2a: Zacian|Disable|Wild Charge|[from] ability: Cursed Body|[of] p1a: 코산호
|-damage|p2a: Zacian|58/100|[from] Recoil
|
|upkeep
|turn|27
|
|t:|1609610502
|move|p2a: Zacian|Behemoth Blade|p1a: 코산호
|-damage|p1a: 코산호|0 fnt
|faint|p1a: 코산호
|
|upkeep
|
|t:|1609610507
|switch|p1a: 아르세우스|Arceus-Ground|100/100
|turn|28
|
|t:|1609610518
|move|p2a: Zacian|Play Rough|p1a: 아르세우스
|-damage|p1a: 아르세우스|55/100
|move|p1a: 아르세우스|Judgment|p2a: Zacian
|-supereffective|p2a: Zacian
|-damage|p2a: Zacian|0 fnt
|faint|p2a: Zacian
|
|upkeep
|
|t:|1609610532
|switch|p2a: Eternatus|Eternatus|38/100 brn
|-damage|p2a: Eternatus|25/100 brn|[from] Stealth Rock
|-ability|p2a: Eternatus|Pressure
|turn|29
|
|t:|1609610537
|switch|p1a: 해피너스|Blissey, F|92/100
|move|p2a: Eternatus|Eternabeam|p1a: 해피너스
|-damage|p1a: 해피너스|35/100
|-mustrecharge|p2a: Eternatus
|
|-heal|p1a: 해피너스|41/100|[from] item: Leftovers
|-damage|p2a: Eternatus|19/100 brn|[from] brn
|upkeep
|turn|30
|
|t:|1609610545
|cant|p2a: Eternatus|recharge
|move|p1a: 해피너스|Soft-Boiled|p1a: 해피너스
|-heal|p1a: 해피너스|91/100
|
|-heal|p1a: 해피너스|97/100|[from] item: Leftovers
|-damage|p2a: Eternatus|13/100 brn|[from] brn
|upkeep
|turn|31
|
|t:|1609610552
|move|p2a: Eternatus|Eternabeam|p1a: 해피너스
|-damage|p1a: 해피너스|39/100
|-mustrecharge|p2a: Eternatus
|move|p1a: 해피너스|Calm Mind|p1a: 해피너스
|-boost|p1a: 해피너스|spa|1
|-boost|p1a: 해피너스|spd|1
|
|-heal|p1a: 해피너스|45/100|[from] item: Leftovers
|-damage|p2a: Eternatus|7/100 brn|[from] brn
|upkeep
|turn|32
|
|t:|1609610559
|cant|p2a: Eternatus|recharge
|move|p1a: 해피너스|Soft-Boiled|p1a: 해피너스
|-heal|p1a: 해피너스|95/100
|
|-heal|p1a: 해피너스|100/100|[from] item: Leftovers
|-damage|p2a: Eternatus|1/100 brn|[from] brn
|upkeep
|turn|33
|
|t:|1609610571
|switch|p2a: Zamazenta|Zamazenta-Crowned|75/100
|-damage|p2a: Zamazenta|72/100|[from] Stealth Rock
|-ability|p2a: Zamazenta|Dauntless Shield|boost
|-boost|p2a: Zamazenta|def|1
|move|p1a: 해피너스|Soft-Boiled||[still]
|-fail|p1a: 해피너스|heal
|
|upkeep
|turn|34
|
|t:|1609610584
|switch|p1a: 랜턴|Lanturn, F|100/100
|move|p2a: Zamazenta|Close Combat|p1a: 랜턴
|-damage|p1a: 랜턴|28/100
|-unboost|p2a: Zamazenta|def|1
|-unboost|p2a: Zamazenta|spd|1
|
|-heal|p1a: 랜턴|34/100|[from] item: Leftovers
|upkeep
|turn|35
|
|t:|1609610590
|move|p2a: Zamazenta|Close Combat|p1a: 랜턴
|-damage|p1a: 랜턴|0 fnt
|-unboost|p2a: Zamazenta|def|1
|-unboost|p2a: Zamazenta|spd|1
|faint|p1a: 랜턴
|
|upkeep
|
|t:|1609610592
|switch|p1a: 아르세우스|Arceus-Ground|55/100
|turn|36
|
|t:|1609610598
|switch|p2a: Eternatus|Eternatus|1/100 brn
|-damage|p2a: Eternatus|0 fnt|[from] Stealth Rock
|faint|p2a: Eternatus
|move|p1a: 아르세우스|Recover|p1a: 아르세우스
|-heal|p1a: 아르세우스|100/100
|
|upkeep
|
|t:|1609610606
|switch|p2a: Calyrex|Calyrex-Shadow|88/100
|-ability|p2a: Calyrex|As One
|-ability|p2a: Calyrex|Unnerve|p1: kasak
|-damage|p2a: Calyrex|76/100|[from] Stealth Rock
|turn|37
|
|t:|1609610618
|-start|p1a: 아르세우스|Dynamax
|-heal|p1a: 아르세우스|100/100|[silent]
|move|p2a: Calyrex|Energy Ball|p1a: 아르세우스
|-supereffective|p1a: 아르세우스
|-crit|p1a: 아르세우스
|-damage|p1a: 아르세우스|47/100
|move|p1a: 아르세우스|Max Quake|p2a: Calyrex
|-damage|p2a: Calyrex|13/100
|-boost|p1a: 아르세우스|spd|1
|
|upkeep
|turn|38
|
|t:|1609610630
|move|p2a: Calyrex|Energy Ball|p1a: 아르세우스
|-supereffective|p1a: 아르세우스
|-damage|p1a: 아르세우스|22/100
|-unboost|p1a: 아르세우스|spd|1
|move|p1a: 아르세우스|Max Quake|p2a: Calyrex
|-damage|p2a: Calyrex|0 fnt
|-boost|p1a: 아르세우스|spd|1
|faint|p2a: Calyrex
|
|upkeep
|
|t:|1609610643
|switch|p2a: Regieleki|Regieleki|61/100
|-damage|p2a: Regieleki|49/100|[from] Stealth Rock
|turn|39
|
|t:|1609610649
|move|p2a: Regieleki|Hyper Beam|p1a: 아르세우스
|-damage|p1a: 아르세우스|9/100
|-mustrecharge|p2a: Regieleki
|-damage|p2a: Regieleki|39/100|[from] item: Life Orb
|move|p1a: 아르세우스|Max Quake|p2a: Regieleki
|-supereffective|p2a: Regieleki
|-damage|p2a: Regieleki|0 fnt
|-boost|p1a: 아르세우스|spd|1
|faint|p2a: Regieleki
|
|-end|p1a: 아르세우스|Dynamax
|-heal|p1a: 아르세우스|9/100|[silent]
|upkeep
|
|t:|1609610654
|switch|p2a: Zamazenta|Zamazenta-Crowned|72/100
|-damage|p2a: Zamazenta|69/100|[from] Stealth Rock
|-ability|p2a: Zamazenta|Dauntless Shield|boost
|-boost|p2a: Zamazenta|def|1
|turn|40
|
|t:|1609610661
|move|p2a: Zamazenta|Behemoth Bash|p1a: 아르세우스
|-damage|p1a: 아르세우스|0 fnt
|faint|p1a: 아르세우스
|
|upkeep
|
|t:|1609610665
|switch|p1a: 철화구야|Celesteela|32/100
|turn|41
|
|t:|1609610670
|switch|p1a: 해피너스|Blissey, F|100/100
|move|p2a: Zamazenta|Wild Charge|p1a: 해피너스
|-damage|p1a: 해피너스|64/100
|-damage|p2a: Zamazenta|50/100|[from] Recoil
|
|-heal|p1a: 해피너스|70/100|[from] item: Leftovers
|upkeep
|turn|42
|
|t:|1609610677
|move|p2a: Zamazenta|Close Combat|p1a: 해피너스
|-supereffective|p1a: 해피너스
|-damage|p1a: 해피너스|0 fnt
|-unboost|p2a: Zamazenta|def|1
|-unboost|p2a: Zamazenta|spd|1
|faint|p1a: 해피너스
|
|upkeep
|
|t:|1609610679
|switch|p1a: 철화구야|Celesteela|32/100
|turn|43
|
|t:|1609610684
|move|p2a: Zamazenta|Wild Charge|p1a: 철화구야
|-supereffective|p1a: 철화구야
|-damage|p1a: 철화구야|0 fnt
|-damage|p2a: Zamazenta|34/100|[from] item: Rocky Helmet|[of] p1a: 철화구야
|-damage|p2a: Zamazenta|24/100|[from] Recoil
|faint|p1a: 철화구야
|
|win|Rockstar obstagoon
|l|☆kasak
|c|☆Rockstar obstagoon|Gg
|raw|kasak's rating: 1380 &rarr; <strong>1364</strong><br />(-16 for losing)
|raw|Rockstar obstagoon's rating: 1456 &rarr; <strong>1472</strong><br />(+16 for winning)
