|j|☆JiayouOligay666
|j|☆inkbendyakainky
|t:|1651892205
|gametype|singles
|player|p1|JiayouOligay666|unknown|1261
|player|p2|inkbendyakainky|170|1323
|teamsize|p1|6
|teamsize|p2|6
|gen|8
|tier|[Gen 8] National Dex AG
|rated|
|rule|HP Percentage Mod: HP is shown in percentages
|rule|Endless Battle Clause: Forcing endless battles is banned
|clearpoke
|poke|p1|Charizard, M|
|poke|p1|Necrozma-Dusk-Mane|
|poke|p1|Dracovish|
|poke|p1|Umbreon, M|
|poke|p1|Darmanitan-Galar, M|
|poke|p1|Tornadus-Therian, M|
|poke|p2|Kyurem-White|
|poke|p2|Naganadel|
|poke|p2|Rayquaza|
|poke|p2|Necrozma-Dawn-Wings|
|poke|p2|Dragonite, M|
|poke|p2|Garchomp, M|
|teampreview
|inactive|Battle timer is ON: inactive players will automatically lose when time's up. (requested by inkbendyakainky)
|j| Hyjjjjjjjjjj
|inactive|inkbendyakainky has 120 seconds left.
|c|☆inkbendyakainky|hi
|
|t:|1651892252
|start
|switch|p1a: GUERILLA TACTICS|Darmanitan-Galar, M|100/100
|switch|p2a: Dragonite|Dragonite, M|100/100
|turn|1
|
|t:|1651892259
|move|p1a: GUERILLA TACTICS|Icicle Crash|p2a: Dragonite|[miss]
|-miss|p1a: GUERILLA TACTICS|p2a: Dragonite
|move|p2a: Dragonite|Dragon Dance|p2a: Dragonite
|-boost|p2a: Dragonite|atk|1
|-boost|p2a: Dragonite|spe|1
|
|upkeep
|turn|2
|
|t:|1651892269
|move|p1a: GUERILLA TACTICS|Icicle Crash|p2a: Dragonite
|-supereffective|p2a: Dragonite
|-damage|p2a: Dragonite|0 fnt
|faint|p2a: Dragonite
|
|upkeep
|
|t:|1651892277
|switch|p2a: Garchomp|Garchomp, M|100/100
|turn|3
|
|t:|1651892282
|move|p1a: GUERILLA TACTICS|Icicle Crash|p2a: Garchomp
|-supereffective|p2a: Garchomp
|-enditem|p2a: Garchomp|Focus Sash
|-damage|p2a: Garchomp|1/100
|cant|p2a: Garchomp|flinch
|
|upkeep
|turn|4
|c|☆inkbendyakainky|BRUH
|
|t:|1651892296
|move|p1a: GUERILLA TACTICS|Icicle Crash|p2a: Garchomp
|-supereffective|p2a: Garchomp
|-damage|p2a: Garchomp|0 fnt
|faint|p2a: Garchomp
|
|upkeep
|c|☆JiayouOligay666|its a 30% chance
|
|t:|1651892300
|switch|p2a: Kyurem|Kyurem-White|100/100
|-ability|p2a: Kyurem|Turboblaze
|turn|5
|
|t:|1651892305
|move|p2a: Kyurem|Fusion Flare|p1a: GUERILLA TACTICS
|-supereffective|p1a: GUERILLA TACTICS
|-damage|p1a: GUERILLA TACTICS|0 fnt
|faint|p1a: GUERILLA TACTICS
|
|upkeep
|
|t:|1651892317
|switch|p1a: VITAMIN D|Necrozma-Dusk-Mane|100/100
|turn|6
|c|☆inkbendyakainky|dat monke almost swept me
|
|t:|1651892324
|detailschange|p1a: VITAMIN D|Necrozma-Ultra
|-burst|p1a: VITAMIN D|Necrozma|Ultranecrozium Z
|move|p2a: Kyurem|Fusion Flare|p1a: VITAMIN D
|-resisted|p1a: VITAMIN D
|-damage|p1a: VITAMIN D|77/100
|move|p1a: VITAMIN D|Dragon Dance|p1a: VITAMIN D
|-boost|p1a: VITAMIN D|atk|1
|-boost|p1a: VITAMIN D|spe|1
|
|upkeep
|turn|7
|
|t:|1651892353
|move|p1a: VITAMIN D|Stone Edge|p2a: Kyurem
|-supereffective|p2a: Kyurem
|-damage|p2a: Kyurem|0 fnt
|faint|p2a: Kyurem
|
|upkeep
|
|t:|1651892359
|switch|p2a: Naganadel|Naganadel|100/100
|turn|8
|
|t:|1651892364
|move|p1a: VITAMIN D|Photon Geyser|p2a: Naganadel
|-supereffective|p2a: Naganadel
|-enditem|p2a: Naganadel|Focus Sash
|-damage|p2a: Naganadel|1/100
|move|p2a: Naganadel|Draco Meteor|p1a: VITAMIN D
|-supereffective|p1a: VITAMIN D
|-damage|p1a: VITAMIN D|0 fnt
|-unboost|p2a: Naganadel|spa|2
|faint|p1a: VITAMIN D
|-ability|p2a: Naganadel|Beast Boost|boost
|-boost|p2a: Naganadel|spe|1
|
|upkeep
|l| Hyjjjjjjjjjj
|inactive|JiayouOligay666 has 120 seconds left.
|
|t:|1651892396
|switch|p1a: TBNR ZARD|Charizard, M|100/100
|turn|9
|inactive|JiayouOligay666 has 120 seconds left.
|
|t:|1651892407
|detailschange|p1a: TBNR ZARD|Charizard-Mega-X, M
|-mega|p1a: TBNR ZARD|Charizard|Charizardite X
|move|p2a: Naganadel|Sludge Wave|p1a: TBNR ZARD
|-damage|p1a: TBNR ZARD|68/100
|move|p1a: TBNR ZARD|Dragon Claw|p2a: Naganadel
|-supereffective|p2a: Naganadel
|-damage|p2a: Naganadel|0 fnt
|faint|p2a: Naganadel
|
|upkeep
|
|t:|1651892415
|switch|p2a: Necrozma|Necrozma-Dawn-Wings|100/100
|turn|10
|
|t:|1651892420
|move|p1a: TBNR ZARD|Blaze Kick|p2a: Necrozma
|-damage|p2a: Necrozma|50/100
|move|p2a: Necrozma|Calm Mind|p2a: Necrozma
|-boost|p2a: Necrozma|spa|1
|-boost|p2a: Necrozma|spd|1
|
|upkeep
|turn|11
|
|t:|1651892428
|detailschange|p2a: Necrozma|Necrozma-Ultra
|-burst|p2a: Necrozma|Necrozma|Ultranecrozium Z
|move|p2a: Necrozma|Dragon Pulse|p1a: TBNR ZARD
|-supereffective|p1a: TBNR ZARD
|-damage|p1a: TBNR ZARD|0 fnt
|faint|p1a: TBNR ZARD
|
|upkeep
|
|t:|1651892437
|switch|p1a: MOOOOON|Umbreon, M|100/100
|turn|12
|c|☆JiayouOligay666|!dt ultra necrozma
|raw|<div class="message"><ul class="utilichart"><li class="result"><span class="col numcol">800</span> <span class="col iconcol"><psicon pokemon="necrozmaultra"/></span> <span class="col pokemonnamecol" style="white-space:nowrap"><a href="https://dex.pokemonshowdown.com/pokemon/necrozmaultra" target="_blank">Necrozma-Ultra</a></span> <span class="col typecol"><img src="https://play.pokemonshowdown.com/sprites/types/Psychic.png" alt="Psychic" height="14" width="32"><img src="https://play.pokemonshowdown.com/sprites/types/Dragon.png" alt="Dragon" height="14" width="32"></span> <span style="float:left;min-height:26px"><span class="col abilitycol">Neuroforce</span><span class="col abilitycol"></span></span><span style="float:left;min-height:26px"><span class="col statcol"><em>HP</em><br />97</span> <span class="col statcol"><em>Atk</em><br />167</span> <span class="col statcol"><em>Def</em><br />97</span> <span class="col statcol"><em>SpA</em><br />167</span> <span class="col statcol"><em>SpD</em><br />97</span> <span class="col statcol"><em>Spe</em><br />129</span> <span class="col bstcol"><em>BST<br />754</em></span> </span></li><li style="clear:both"></li></ul></div>
|raw|<font size="1"><font color="#686868">Dex#:</font> 800&nbsp;|&ThickSpace;<font color="#686868">Gen:</font> 7&nbsp;|&ThickSpace;<font color="#686868">Height:</font> 7.5 m&nbsp;|&ThickSpace;<font color="#686868">Weight:</font> 230 kg <em>(120 BP)</em>&nbsp;|&ThickSpace;<font color="#686868">Dex Colour:</font> Yellow&nbsp;|&ThickSpace;<font color="#686868">Egg Group(s):</font> Undiscovered&nbsp;|&ThickSpace;<font color="#686868">Does Not Evolve</font></font>

|c|☆JiayouOligay666|oh its atk and spa are same nvm
|
|t:|1651892461
|move|p2a: Necrozma|Calm Mind|p2a: Necrozma
|-boost|p2a: Necrozma|spa|1
|-boost|p2a: Necrozma|spd|1
|move|p1a: MOOOOON|Foul Play|p2a: Necrozma
|-supereffective|p2a: Necrozma
|-damage|p2a: Necrozma|0 fnt
|faint|p2a: Necrozma
|
|upkeep
|c|☆inkbendyakainky|necrozmas tail has a seizure
|
|t:|1651892487
|switch|p2a: Rayquaza|Rayquaza|100/100
|-ability|p2a: Rayquaza|Air Lock
|turn|13
|
|t:|1651892493
|detailschange|p2a: Rayquaza|Rayquaza-Mega
|-mega|p2a: Rayquaza|Rayquaza|
|-weather|DeltaStream|[from] ability: Delta Stream|[of] p2a: Rayquaza
|move|p2a: Rayquaza|Dragon Dance|p2a: Rayquaza
|-boost|p2a: Rayquaza|atk|1
|-boost|p2a: Rayquaza|spe|1
|move|p1a: MOOOOON|Toxic|p2a: Rayquaza
|-status|p2a: Rayquaza|tox
|
|-weather|DeltaStream|[upkeep]
|-damage|p2a: Rayquaza|95/100 tox|[from] psn
|upkeep
|turn|14
|c|☆inkbendyakainky|bruh
|inactive|inkbendyakainky has 120 seconds left.
|c|☆JiayouOligay666|that's why you have a wall
|c|☆inkbendyakainky|why u gotta end it like dat
|
|t:|1651892528
|move|p2a: Rayquaza|Dragon Ascent|p1a: MOOOOON
|-damage|p1a: MOOOOON|0 fnt
|-unboost|p2a: Rayquaza|def|1
|-unboost|p2a: Rayquaza|spd|1
|faint|p1a: MOOOOON
|-damage|p2a: Rayquaza|85/100 tox|[from] item: Life Orb
|
|-weather|DeltaStream|[upkeep]
|-damage|p2a: Rayquaza|73/100 tox|[from] psn
|upkeep
|inactive|JiayouOligay666 has 120 seconds left.
|
|t:|1651892563
|switch|p1a: DRACONIC SALMON|Dracovish|100/100
|turn|15
|
|t:|1651892567
|-start|p1a: DRACONIC SALMON|Dynamax|
|-heal|p1a: DRACONIC SALMON|100/100|[silent]
|move|p2a: Rayquaza|Outrage|p1a: DRACONIC SALMON
|-supereffective|p1a: DRACONIC SALMON
|-damage|p1a: DRACONIC SALMON|0 fnt
|faint|p1a: DRACONIC SALMON
|-damage|p2a: Rayquaza|63/100 tox|[from] item: Life Orb
|
|-weather|DeltaStream|[upkeep]
|-damage|p2a: Rayquaza|45/100 tox|[from] psn
|upkeep
|inactive|JiayouOligay666 has 120 seconds left.
|
|t:|1651892578
|switch|p1a: GOD BIRB|Tornadus-Therian, M|100/100
|turn|16
|c|☆inkbendyakainky|no wonder it’s in AG
|
|t:|1651892588
|move|p2a: Rayquaza|Outrage|p1a: GOD BIRB|[from]lockedmove
|-damage|p1a: GOD BIRB|0 fnt
|faint|p1a: GOD BIRB
|-damage|p2a: Rayquaza|35/100 tox|[from] item: Life Orb
|
|win|inkbendyakainky
|raw|JiayouOligay666's rating: 1261 &rarr; <strong>1240</strong><br />(-21 for losing)
|raw|inkbendyakainky's rating: 1323 &rarr; <strong>1339</strong><br />(+16 for winning)
|c|☆JiayouOligay666|gg wp
|c|☆inkbendyakainky|gg
|c|☆JiayouOligay666|most don't run outrage
|c|☆inkbendyakainky|I do
|c|☆JiayouOligay666|so I thought salmon was safe
|c|☆inkbendyakainky|more power
|c|☆inkbendyakainky|ye
|c|☆inkbendyakainky|bye
|c|☆JiayouOligay666|guts ur last move
