|j|☆AFKChampion
|j|☆Quartzthehybrid
|t:|1651986535
|gametype|singles
|player|p1|AFKChampion|170|1255
|player|p2|Quartzthehybrid|brawly|1287
|teamsize|p1|6
|teamsize|p2|6
|gen|8
|tier|[Gen 8] National Dex AG
|rated|
|rule|HP Percentage Mod: HP is shown in percentages
|rule|Endless Battle Clause: Forcing endless battles is banned
|clearpoke
|poke|p1|Rillaboom, M|
|poke|p1|Ditto|
|poke|p1|Cloyster, F|
|poke|p1|Regieleki|
|poke|p1|Kyogre|
|poke|p1|Rhyperior, F|
|poke|p2|Xerneas-*|
|poke|p2|Yveltal|
|poke|p2|Kyurem-Black|
|poke|p2|Mewtwo|
|poke|p2|Zygarde|
|poke|p2|Necrozma-Dawn-Wings|
|teampreview
|inactive|Battle timer is ON: inactive players will automatically lose when time's up. (requested by Quartzthehybrid)
|
|t:|1651986559
|start
|switch|p1a: Hannah|Cloyster, F|100/100
|switch|p2a: Xena|Xerneas|100/100
|-ability|p2a: Xena|Fairy Aura
|turn|1
|
|t:|1651986567
|move|p1a: Hannah|Shell Smash|p1a: Hannah
|-unboost|p1a: Hannah|def|1
|-unboost|p1a: Hannah|spd|1
|-boost|p1a: Hannah|atk|2
|-boost|p1a: Hannah|spa|2
|-boost|p1a: Hannah|spe|2
|move|p2a: Xena|Geomancy||[still]
|-prepare|p2a: Xena|Geomancy
|-enditem|p2a: Xena|Power Herb
|-anim|p2a: Xena|Geomancy|p2a: Xena
|-boost|p2a: Xena|spa|2
|-boost|p2a: Xena|spd|2
|-boost|p2a: Xena|spe|2
|
|upkeep
|turn|2
|
|t:|1651986579
|move|p1a: Hannah|Icicle Spear|p2a: Xena
|-crit|p2a: Xena
|-damage|p2a: Xena|77/100
|-damage|p2a: Xena|60/100
|-damage|p2a: Xena|44/100
|-damage|p2a: Xena|26/100
|-crit|p2a: Xena
|-damage|p2a: Xena|3/100
|-hitcount|p2a: Xena|5
|move|p2a: Xena|Moonblast|p1a: Hannah
|-enditem|p1a: Hannah|Focus Sash
|-damage|p1a: Hannah|1/100
|
|upkeep
|turn|3
|
|t:|1651986596
|-start|p2a: Xena|Dynamax|
|-heal|p2a: Xena|3/100|[silent]
|move|p2a: Xena|Max Guard|p2a: Xena
|-singleturn|p2a: Xena|Max Guard
|move|p1a: Hannah|Ice Shard|p2a: Xena
|-activate|p2a: Xena|move: Max Guard
|
|upkeep
|turn|4
|
|t:|1651986606
|move|p1a: Hannah|Ice Shard|p2a: Xena
|-damage|p2a: Xena|0 fnt
|faint|p2a: Xena
|
|upkeep
|
|t:|1651986612
|switch|p2a: Iceage|Kyurem-Black|100/100
|-ability|p2a: Iceage|Teravolt
|turn|5
|
|t:|1651986617
|move|p1a: Hannah|Rock Blast|p2a: Iceage
|-supereffective|p2a: Iceage
|-damage|p2a: Iceage|76/100
|-supereffective|p2a: Iceage
|-damage|p2a: Iceage|50/100
|-supereffective|p2a: Iceage
|-damage|p2a: Iceage|27/100
|-supereffective|p2a: Iceage
|-damage|p2a: Iceage|3/100
|-supereffective|p2a: Iceage
|-damage|p2a: Iceage|0 fnt
|faint|p2a: Iceage
|-hitcount|p2: Iceage|5
|
|upkeep
|
|t:|1651986628
|switch|p2a: Order|Zygarde, shiny|100/100
|turn|6
|
|t:|1651986633
|move|p1a: Hannah|Icicle Spear|p2a: Order
|-supereffective|p2a: Order
|-damage|p2a: Order|33/100
|-supereffective|p2a: Order
|-damage|p2a: Order|0 fnt
|faint|p2a: Order
|-hitcount|p2: Order|2
|
|upkeep
|n|!AFKChampion|afkchampion
|inactive|Quartzthehybrid has 120 seconds left.
|
|t:|1651986676
|switch|p2a: boofy|Mewtwo|100/100
|-ability|p2a: boofy|Pressure
|turn|7
|
|t:|1651986681
|detailschange|p2a: boofy|Mewtwo-Mega-Y
|-mega|p2a: boofy|Mewtwo|Mewtwonite Y
|move|p1a: Hannah|Icicle Spear|p2a: boofy
|-damage|p2a: boofy|75/100
|-crit|p2a: boofy
|-damage|p2a: boofy|33/100
|-damage|p2a: boofy|5/100
|-damage|p2a: boofy|0 fnt
|faint|p2a: boofy
|-hitcount|p2: boofy|4
|
|upkeep
|
|t:|1651986691
|switch|p2a: Demi-God|Necrozma-Dawn-Wings|100/100
|turn|8
|
|t:|1651986697
|detailschange|p2a: Demi-God|Necrozma-Ultra
|-burst|p2a: Demi-God|Necrozma|Ultranecrozium Z
|move|p1a: Hannah|Icicle Spear|p2a: Demi-God
|-supereffective|p2a: Demi-God
|-damage|p2a: Demi-God|67/100
|-supereffective|p2a: Demi-God
|-damage|p2a: Demi-God|30/100
|-supereffective|p2a: Demi-God
|-damage|p2a: Demi-God|0 fnt
|faint|p2a: Demi-God
|-hitcount|p2: Demi-God|3
|
|upkeep
|inactive|Quartzthehybrid has 120 seconds left.
|
|t:|1651986731
|switch|p2a: Sychaar|Yveltal, shiny|100/100
|-ability|p2a: Sychaar|Dark Aura
|turn|9
|
|t:|1651986741
|move|p1a: Hannah|Icicle Spear|p2a: Sychaar
|-supereffective|p2a: Sychaar
|-damage|p2a: Sychaar|65/100
|-supereffective|p2a: Sychaar
|-damage|p2a: Sychaar|26/100
|-supereffective|p2a: Sychaar
|-crit|p2a: Sychaar
|-damage|p2a: Sychaar|0 fnt
|faint|p2a: Sychaar
|-hitcount|p2: Sychaar|3
|
|win|AFKChampion
|raw|AFKChampion's rating: 1255 &rarr; <strong>1282</strong><br />(+27 for winning)
|raw|Quartzthehybrid's rating: 1287 &rarr; <strong>1260</strong><br />(-27 for losing)
|l|☆Quartzthehybrid
