|j|☆dividing by 0
|j|☆sheepbacon3
|t:|1659641803
|gametype|singles
|player|p1|dividing by 0|pokemaniac|1572
|player|p2|sheepbacon3|101|1735
|teamsize|p1|6
|teamsize|p2|6
|gen|8
|tier|[Gen 8] National Dex AG
|rated|
|rule|HP Percentage Mod: HP is shown in percentages
|rule|Endless Battle Clause: Forcing endless battles is banned
|clearpoke
|poke|p1|Mew|
|poke|p1|Arceus-*|
|poke|p1|Hawlucha, F|
|poke|p1|Umbreon, M|
|poke|p1|Sceptile, M|
|poke|p1|Zacian-*|
|poke|p2|Slurpuff, M|
|poke|p2|Smeargle, M|
|poke|p2|Arceus-*|
|poke|p2|Necrozma-Dusk-Mane|
|poke|p2|Yveltal|
|poke|p2|Calyrex-Shadow|
|teampreview
|
|t:|1659641806
|start
|switch|p1a: Hawlucha|Hawlucha, F|100/100
|switch|p2a: Slurpuff|Slurpuff, M|100/100
|turn|1
|
|t:|1659641812
|move|p1a: Hawlucha|Mean Look|p2a: Slurpuff
|-activate|p2a: Slurpuff|trapped
|move|p2a: Slurpuff|Sticky Web|p1a: Hawlucha
|-sidestart|p1: dividing by 0|move: Sticky Web
|
|upkeep
|turn|2
|inactive|Battle timer is ON: inactive players will automatically lose when time's up. (requested by sheepbacon3)
|
|t:|1659641817
|move|p1a: Hawlucha|Encore|p2a: Slurpuff
|-start|p2a: Slurpuff|Encore
|move|p2a: Slurpuff|Sticky Web||[still]
|-fail|p2a: Slurpuff
|
|upkeep
|turn|3
|
|t:|1659641822
|move|p1a: Hawlucha|Bulk Up|p1a: Hawlucha
|-boost|p1a: Hawlucha|atk|1
|-boost|p1a: Hawlucha|def|1
|move|p2a: Slurpuff|Sticky Web||[still]
|-fail|p2a: Slurpuff
|
|upkeep
|turn|4
|
|t:|1659641827
|move|p1a: Hawlucha|Bulk Up|p1a: Hawlucha
|-boost|p1a: Hawlucha|atk|1
|-boost|p1a: Hawlucha|def|1
|move|p2a: Slurpuff|Sticky Web||[still]
|-fail|p2a: Slurpuff
|
|-end|p2a: Slurpuff|Encore
|upkeep
|turn|5
|
|t:|1659641833
|move|p2a: Slurpuff|Magic Coat|p2a: Slurpuff
|-singleturn|p2a: Slurpuff|move: Magic Coat
|move|p1a: Hawlucha|Encore|p2a: Slurpuff
|move|p2a: Slurpuff|Encore||[from]Magic Coat|[still]
|-fail|p2a: Slurpuff
|
|upkeep
|turn|6
|
|t:|1659641855
|move|p1a: Hawlucha|Bulk Up|p1a: Hawlucha
|-boost|p1a: Hawlucha|atk|1
|-boost|p1a: Hawlucha|def|1
|move|p2a: Slurpuff|Misty Explosion|p1a: Hawlucha
|-supereffective|p1a: Hawlucha
|-damage|p1a: Hawlucha|0 fnt
|faint|p2a: Slurpuff
|faint|p1a: Hawlucha
|
|upkeep
|-message|dividing by 0 forfeited.
|
|win|sheepbacon3
|raw|dividing by 0's rating: 1572 &rarr; <strong>1561</strong><br />(-11 for losing)
|raw|sheepbacon3's rating: 1735 &rarr; <strong>1746</strong><br />(+11 for winning)
|l|☆dividing by 0
|c|☆sheepbacon3|lmaoo
||Ladder isn't responding, score probably updated but might not have (Request timeout).
