|j|☆Gill_Trainer
|j|☆DJ Phoenix da Poet
|t:|1657768707
|gametype|singles
|player|p1|Gill_Trainer|clown|
|player|p2|DJ Phoenix da Poet|hilbert|
|teamsize|p1|6
|teamsize|p2|6
|gen|8
|tier|[Gen 8] National Dex AG
|rule|HP Percentage Mod: HP is shown in percentages
|rule|Endless Battle Clause: Forcing endless battles is banned
|clearpoke
|poke|p1|Dragonite, M|
|poke|p1|Arceus-*|
|poke|p1|Zacian-*|
|poke|p1|Rayquaza|
|poke|p1|Cinderace, F|
|poke|p1|Ditto|
|poke|p2|Metagross|
|poke|p2|Calyrex-Shadow|
|poke|p2|Zacian-*|
|poke|p2|Cinderace, F|
|poke|p2|Ditto|
|poke|p2|Yveltal|
|teampreview
|
|t:|1657768716
|start
|switch|p1a: Dragonite|Dragonite, M|100/100
|switch|p2a: Yveltal|Yveltal|100/100
|-ability|p2a: Yveltal|Dark Aura
|turn|1
|
|t:|1657768724
|move|p2a: Yveltal|Taunt|p1a: Dragonite
|-start|p1a: Dragonite|move: Taunt
|cant|p1a: Dragonite|move: Taunt|Dragon Dance
|
|upkeep
|turn|2
|
|t:|1657768728
|-start|p2a: Yveltal|Dynamax|
|-heal|p2a: Yveltal|100/100|[silent]
|move|p1a: Dragonite|Extreme Speed|p2a: Yveltal
|-damage|p2a: Yveltal|83/100
|-damage|p1a: Dragonite|91/100|[from] item: Life Orb
|move|p2a: Yveltal|Max Airstream|p1a: Dragonite
|-damage|p1a: Dragonite|1/100
|-boost|p2a: Yveltal|spe|1
|-damage|p2a: Yveltal|78/100|[from] item: Life Orb
|
|upkeep
|turn|3
|
|t:|1657768739
|move|p1a: Dragonite|Extreme Speed|p2a: Yveltal
|-damage|p2a: Yveltal|59/100
|-damage|p1a: Dragonite|0 fnt|[from] item: Life Orb
|faint|p1a: Dragonite
|move|p2a: Yveltal|Max Flare|p1: Dragonite|[notarget]
|-fail|p2a: Yveltal
|
|upkeep
|
|t:|1657768758
|switch|p1a: Arceus|Arceus|100/100
|turn|4
|c|☆DJ Phoenix da Poet|BO1 hay 3 m
|c|☆DJ Phoenix da Poet|?
|
|t:|1657768771
|move|p2a: Yveltal|Max Darkness|p1a: Arceus
|-damage|p1a: Arceus|9/100
|-unboost|p1a: Arceus|spd|1
|-damage|p2a: Yveltal|54/100|[from] item: Life Orb
|move|p1a: Arceus|Swords Dance|p1a: Arceus
|-boost|p1a: Arceus|atk|2
|
|upkeep
|-end|p2a: Yveltal|Dynamax
|-heal|p2a: Yveltal|54/100|[silent]
|turn|5
|c|☆Gill_Trainer|1 đi
|
|t:|1657768783
|move|p1a: Arceus|Extreme Speed|p2a: Yveltal
|-crit|p2a: Yveltal
|-damage|p2a: Yveltal|0 fnt
|faint|p2a: Yveltal
|-damage|p1a: Arceus|0 fnt|[from] item: Life Orb
|faint|p1a: Arceus
|
|upkeep
|c|☆DJ Phoenix da Poet|Hỏi admin
|c|☆Gill_Trainer|Lát hỏi
|
|t:|1657768808
|switch|p1a: Rayquaza|Rayquaza|100/100
|switch|p2a: Calyrex|Calyrex-Shadow|100/100
|-ability|p2a: Calyrex|As One
|-ability|p2a: Calyrex|Unnerve
|-ability|p1a: Rayquaza|Air Lock
|turn|6
|
|t:|1657768816
|detailschange|p1a: Rayquaza|Rayquaza-Mega
|-mega|p1a: Rayquaza|Rayquaza|
|-weather|DeltaStream|[from] ability: Delta Stream|[of] p1a: Rayquaza
|move|p2a: Calyrex|Astral Barrage|p1a: Rayquaza
|-damage|p1a: Rayquaza|25/100
|move|p1a: Rayquaza|Dragon Ascent|p2a: Calyrex
|-enditem|p2a: Calyrex|Focus Sash
|-damage|p2a: Calyrex|1/100
|-unboost|p1a: Rayquaza|def|1
|-unboost|p1a: Rayquaza|spd|1
|
|-weather|DeltaStream|[upkeep]
|upkeep
|turn|7
|
|t:|1657768838
|switch|p2a: Metagross|Metagross|100/100
|move|p1a: Rayquaza|Dragon Ascent|p2a: Metagross
|-resisted|p2a: Metagross
|-damage|p2a: Metagross|59/100
|-unboost|p1a: Rayquaza|def|1
|-unboost|p1a: Rayquaza|spd|1
|
|-weather|DeltaStream|[upkeep]
|upkeep
|turn|8
|
|t:|1657768846
|-weather|none
|switch|p1a: Zacian|Zacian-Crowned|100/100
|-ability|p1a: Zacian|Intrepid Sword|boost
|-boost|p1a: Zacian|atk|1
|detailschange|p2a: Metagross|Metagross-Mega
|-mega|p2a: Metagross|Metagross|Metagrossite
|move|p2a: Metagross|Bullet Punch|p1a: Zacian
|-damage|p1a: Zacian|72/100
|
|upkeep
|turn|9
|
|t:|1657768862
|move|p1a: Zacian|Behemoth Blade|p2a: Metagross
|-resisted|p2a: Metagross
|-damage|p2a: Metagross|23/100
|move|p2a: Metagross|Earthquake|p1a: Zacian
|-supereffective|p1a: Zacian
|-crit|p1a: Zacian
|-damage|p1a: Zacian|0 fnt
|faint|p1a: Zacian
|
|upkeep
|
|t:|1657768869
|switch|p1a: Cinderace|Cinderace, F|100/100
|turn|10
|
|t:|1657768874
|-start|p1a: Cinderace|Dynamax|Gmax
|-heal|p1a: Cinderace|100/100|[silent]
|move|p1a: Cinderace|Max Knuckle|p2a: Metagross
|-start|p1a: Cinderace|typechange|Fighting|[from] ability: Libero
|-damage|p2a: Metagross|0 fnt
|-boost|p1a: Cinderace|atk|1
|faint|p2a: Metagross
|-damage|p1a: Cinderace|96/100|[from] item: Life Orb
|
|upkeep
|
|t:|1657768883
|switch|p2a: Calyrex|Calyrex-Shadow|1/100
|-ability|p2a: Calyrex|As One
|-ability|p2a: Calyrex|Unnerve
|turn|11
|
|t:|1657768889
|move|p2a: Calyrex|Psychic|p1a: Cinderace
|-supereffective|p1a: Cinderace
|-damage|p1a: Cinderace|17/100
|move|p1a: Cinderace|Max Airstream|p2a: Calyrex
|-start|p1a: Cinderace|typechange|Flying|[from] ability: Libero
|-damage|p2a: Calyrex|0 fnt
|-boost|p1a: Cinderace|spe|1
|faint|p2a: Calyrex
|-damage|p1a: Cinderace|12/100|[from] item: Life Orb
|
|upkeep
|
|t:|1657768895
|switch|p2a: Ditto|Ditto|100/100
|-transform|p2a: Ditto|p1a: Cinderace|[from] ability: Imposter
|turn|12
|
|t:|1657768929
|-end|p1a: Cinderace|Dynamax
|-heal|p1a: Cinderace|12/100|[silent]
|switch|p1a: Rayquaza|Rayquaza-Mega|25/100
|-weather|DeltaStream|[from] ability: Delta Stream|[of] p1a: Rayquaza
|move|p2a: Ditto|Sucker Punch||[still]
|-fail|p2a: Ditto
|
|-weather|DeltaStream|[upkeep]
|upkeep
|turn|13
|
|t:|1657768953
|move|p1a: Rayquaza|Extreme Speed|p2a: Ditto
|-damage|p2a: Ditto|41/100
|move|p2a: Ditto|Sucker Punch||[still]
|-fail|p2a: Ditto
|
|-weather|DeltaStream|[upkeep]
|upkeep
|turn|14
|
|t:|1657768959
|switch|p2a: Cinderace|Cinderace, F|100/100
|move|p1a: Rayquaza|Extreme Speed|p2a: Cinderace
|-damage|p2a: Cinderace|47/100
|
|-weather|DeltaStream|[upkeep]
|upkeep
|turn|15
|
|t:|1657768966
|move|p1a: Rayquaza|Extreme Speed|p2a: Cinderace
|-damage|p2a: Cinderace|0 fnt
|faint|p2a: Cinderace
|
|-weather|DeltaStream|[upkeep]
|upkeep
|
|t:|1657768969
|switch|p2a: Ditto|Ditto|41/100
|-transform|p2a: Ditto|p1a: Rayquaza|[from] ability: Imposter
|turn|16
|
|t:|1657768978
|move|p2a: Ditto|Extreme Speed|p1a: Rayquaza
|-damage|p1a: Rayquaza|0 fnt
|faint|p1a: Rayquaza
|
|-weather|DeltaStream|[upkeep]
|upkeep
|
|t:|1657768982
|switch|p1a: Ditto|Ditto|100/100
|turn|17
|
|t:|1657768989
|switch|p1a: Cinderace|Cinderace, F|12/100
|move|p2a: Ditto|Extreme Speed|p1a: Cinderace
|-damage|p1a: Cinderace|0 fnt
|faint|p1a: Cinderace
|
|-weather|DeltaStream|[upkeep]
|upkeep
|c|☆Gill_Trainer|=))
|c|☆Gill_Trainer|Quên
|
|t:|1657769000
|switch|p1a: Ditto|Ditto|100/100
|turn|18
|
|t:|1657769003
|move|p2a: Ditto|Extreme Speed|p1a: Ditto
|-damage|p1a: Ditto|0 fnt
|faint|p1a: Ditto
|
|win|DJ Phoenix da Poet
