|j|☆Scoto13
|j|☆Sunorma
|t:|1666259541
|gametype|singles
|player|p1|Scoto13|ethan|1383
|player|p2|Sunorma|169|1340
|teamsize|p1|6
|teamsize|p2|6
|gen|8
|tier|[Gen 8] National Dex AG
|rated|
|rule|HP Percentage Mod: HP is shown in percentages
|rule|Endless Battle Clause: Forcing endless battles is banned
|clearpoke
|poke|p1|Heatran, M|
|poke|p1|Swellow, F|
|poke|p1|Lucario, M|
|poke|p1|Quagsire, M|
|poke|p1|Krookodile, F|
|poke|p1|Comfey, F|
|poke|p2|Drifblim, F|
|poke|p2|Scolipede, F|
|poke|p2|Mew|
|poke|p2|Bellossom, M|
|poke|p2|Jirachi|
|poke|p2|Marshadow|
|teampreview
|
|t:|1666259545
|start
|switch|p1a: Heatran|Heatran, M|100/100
|switch|p2a: Drifblim|Drifblim, F|100/100
|turn|1
|
|t:|1666259550
|move|p1a: Heatran|Eruption|p2a: Drifblim
|-damage|p2a: Drifblim|8/100
|move|p2a: Drifblim|Minimize|p2a: Drifblim
|-boost|p2a: Drifblim|evasion|2
|
|upkeep
|turn|2
|
|t:|1666259557
|move|p1a: Heatran|Eruption|p2a: Drifblim
|-crit|p2a: Drifblim
|-damage|p2a: Drifblim|0 fnt
|faint|p2a: Drifblim
|
|upkeep
|
|t:|1666259565
|switch|p2a: Scolipede|Scolipede, F|100/100
|turn|3
|
|t:|1666259568
|move|p2a: Scolipede|Protect|p2a: Scolipede
|-singleturn|p2a: Scolipede|Protect
|move|p1a: Heatran|Eruption|p2a: Scolipede
|-activate|p2a: Scolipede|move: Protect
|
|-ability|p2a: Scolipede|Speed Boost|boost
|-boost|p2a: Scolipede|spe|1
|upkeep
|turn|4
|
|t:|1666259571
|move|p2a: Scolipede|Substitute|p2a: Scolipede
|-start|p2a: Scolipede|Substitute
|-damage|p2a: Scolipede|76/100
|move|p1a: Heatran|Eruption|p2a: Scolipede
|-supereffective|p2a: Scolipede
|-end|p2a: Scolipede|Substitute
|
|-heal|p2a: Scolipede|82/100|[from] item: Leftovers
|-ability|p2a: Scolipede|Speed Boost|boost
|-boost|p2a: Scolipede|spe|1
|upkeep
|turn|5
|
|t:|1666259576
|move|p2a: Scolipede|Protect|p2a: Scolipede
|-singleturn|p2a: Scolipede|Protect
|move|p1a: Heatran|Eruption|p2a: Scolipede
|-activate|p2a: Scolipede|move: Protect
|
|-heal|p2a: Scolipede|88/100|[from] item: Leftovers
|-ability|p2a: Scolipede|Speed Boost|boost
|-boost|p2a: Scolipede|spe|1
|upkeep
|turn|6
|
|t:|1666259579
|move|p2a: Scolipede|Substitute|p2a: Scolipede
|-start|p2a: Scolipede|Substitute
|-damage|p2a: Scolipede|63/100
|move|p1a: Heatran|Eruption|p2a: Scolipede
|-supereffective|p2a: Scolipede
|-end|p2a: Scolipede|Substitute
|
|-heal|p2a: Scolipede|70/100|[from] item: Leftovers
|-ability|p2a: Scolipede|Speed Boost|boost
|-boost|p2a: Scolipede|spe|1
|upkeep
|turn|7
|
|t:|1666259583
|move|p2a: Scolipede|Protect|p2a: Scolipede
|-singleturn|p2a: Scolipede|Protect
|move|p1a: Heatran|Eruption|p2a: Scolipede
|-activate|p2a: Scolipede|move: Protect
|
|-heal|p2a: Scolipede|76/100|[from] item: Leftovers
|-ability|p2a: Scolipede|Speed Boost|boost
|-boost|p2a: Scolipede|spe|1
|upkeep
|turn|8
|
|t:|1666259588
|move|p2a: Scolipede|Substitute|p2a: Scolipede
|-start|p2a: Scolipede|Substitute
|-damage|p2a: Scolipede|51/100
|move|p1a: Heatran|Eruption|p2a: Scolipede
|-supereffective|p2a: Scolipede
|-end|p2a: Scolipede|Substitute
|
|-heal|p2a: Scolipede|57/100|[from] item: Leftovers
|-ability|p2a: Scolipede|Speed Boost|boost
|-boost|p2a: Scolipede|spe|1
|upkeep
|turn|9
|
|t:|1666259599
|switch|p1a: Comfey|Comfey, F|100/100
|move|p2a: Scolipede|Substitute|p2a: Scolipede
|-start|p2a: Scolipede|Substitute
|-damage|p2a: Scolipede|32/100
|
|-heal|p2a: Scolipede|39/100|[from] item: Leftovers
|upkeep
|turn|10
|
|t:|1666259603
|move|p2a: Scolipede|Iron Defense|p2a: Scolipede
|-boost|p2a: Scolipede|def|2
|move|p1a: Comfey|Calm Mind|p1a: Comfey
|-boost|p1a: Comfey|spa|1
|-boost|p1a: Comfey|spd|1
|
|-heal|p2a: Scolipede|45/100|[from] item: Leftovers
|upkeep
|turn|11
|
|t:|1666259607
|move|p2a: Scolipede|Iron Defense|p2a: Scolipede
|-boost|p2a: Scolipede|def|2
|move|p1a: Comfey|Calm Mind|p1a: Comfey
|-boost|p1a: Comfey|spa|1
|-boost|p1a: Comfey|spd|1
|
|-heal|p2a: Scolipede|51/100|[from] item: Leftovers
|upkeep
|turn|12
|
|t:|1666259613
|move|p1a: Comfey|Draining Kiss|p2a: Scolipede
|-resisted|p2a: Scolipede
|-end|p2a: Scolipede|Substitute
|-damage|p1a: Comfey|91/100|[from] item: Life Orb
|move|p2a: Scolipede|Iron Defense|p2a: Scolipede
|-boost|p2a: Scolipede|def|2
|
|-heal|p2a: Scolipede|57/100|[from] item: Leftovers
|upkeep
|turn|13
|
|t:|1666259638
|move|p1a: Comfey|Draining Kiss|p2a: Scolipede
|-resisted|p2a: Scolipede
|-damage|p2a: Scolipede|17/100
|-heal|p1a: Comfey|100/100|[from] drain|[of] p2a: Scolipede
|-damage|p1a: Comfey|91/100|[from] item: Life Orb
|move|p2a: Scolipede|Baton Pass|p2a: Scolipede
|
|t:|1666259666
|switch|p2a: Mew|Mew|100/100|[from]move: Baton Pass
|
|upkeep
|turn|14
|
|t:|1666259672
|move|p1a: Comfey|Draining Kiss|p2a: Mew
|-damage|p2a: Mew|46/100
|-heal|p1a: Comfey|100/100|[from] drain|[of] p2a: Mew
|-damage|p1a: Comfey|91/100|[from] item: Life Orb
|move|p2a: Mew|Body Press|p1a: Comfey
|-resisted|p1a: Comfey
|-damage|p1a: Comfey|33/100
|
|upkeep
|turn|15
|inactive|Battle timer is ON: inactive players will automatically lose when time's up. (requested by Scoto13)
|
|t:|1666259692
|-start|p2a: Mew|Dynamax|
|-heal|p2a: Mew|46/100|[silent]
|move|p1a: Comfey|Draining Kiss|p2a: Mew
|-damage|p2a: Mew|19/100
|-heal|p1a: Comfey|79/100|[from] drain|[of] p2a: Mew
|-damage|p1a: Comfey|69/100|[from] item: Life Orb
|move|p2a: Mew|Max Mindstorm|p1a: Comfey
|-damage|p1a: Comfey|46/100
|-fieldstart|move: Psychic Terrain
|
|upkeep
|turn|16
|
|t:|1666259706
|move|p2a: Mew|Max Knuckle|p1a: Comfey
|-resisted|p1a: Comfey
|-damage|p1a: Comfey|34/100
|-boost|p2a: Mew|atk|1
|move|p1a: Comfey|Hidden Power|p2a: Mew
|-damage|p2a: Mew|0 fnt
|faint|p2a: Mew
|-damage|p1a: Comfey|24/100|[from] item: Life Orb
|
|upkeep
|
|t:|1666259717
|switch|p2a: Marshadow|Marshadow|100/100
|turn|17
|
|t:|1666259721
|switch|p1a: Swellow|Swellow, F|100/100
|move|p2a: Marshadow|Spectral Thief|p1a: Swellow
|-immune|p1a: Swellow
|
|-status|p1a: Swellow|brn|[from] item: Flame Orb
|upkeep
|turn|18
|
|t:|1666259726
|move|p2a: Marshadow|Rock Tomb|p1a: Swellow|[miss]
|-miss|p2a: Marshadow|p1a: Swellow
|move|p1a: Swellow|Brave Bird|p2a: Marshadow
|-supereffective|p2a: Marshadow
|-enditem|p2a: Marshadow|Focus Sash
|-damage|p2a: Marshadow|1/100
|-damage|p1a: Swellow|60/100 brn|[from] Recoil
|
|-damage|p1a: Swellow|54/100 brn|[from] brn
|upkeep
|turn|19
|
|t:|1666259732
|move|p2a: Marshadow|Rock Tomb|p1a: Swellow
|-supereffective|p1a: Swellow
|-damage|p1a: Swellow|0 fnt
|faint|p1a: Swellow
|
|-fieldend|move: Psychic Terrain
|upkeep
|
|t:|1666259738
|switch|p1a: Krookodile|Krookodile, F|100/100
|turn|20
|
|t:|1666259744
|move|p1a: Krookodile|Knock Off|p2a: Marshadow
|-damage|p2a: Marshadow|0 fnt
|faint|p2a: Marshadow
|-ability|p1a: Krookodile|Moxie|boost
|-boost|p1a: Krookodile|atk|1
|
|upkeep
|
|t:|1666259748
|switch|p2a: Scolipede|Scolipede, F|17/100
|turn|21
|
|t:|1666259751
|move|p2a: Scolipede|Protect|p2a: Scolipede
|-singleturn|p2a: Scolipede|Protect
|move|p1a: Krookodile|Knock Off|p2a: Scolipede
|-activate|p2a: Scolipede|move: Protect
|
|-heal|p2a: Scolipede|23/100|[from] item: Leftovers
|-ability|p2a: Scolipede|Speed Boost|boost
|-boost|p2a: Scolipede|spe|1
|upkeep
|turn|22
|
|t:|1666259768
|move|p2a: Scolipede|Iron Defense|p2a: Scolipede
|-boost|p2a: Scolipede|def|2
|move|p1a: Krookodile|Knock Off|p2a: Scolipede
|-damage|p2a: Scolipede|0 fnt
|-enditem|p2a: Scolipede|Leftovers|[from] move: Knock Off|[of] p1a: Krookodile
|faint|p2a: Scolipede
|-ability|p1a: Krookodile|Moxie|boost
|-boost|p1a: Krookodile|atk|1
|
|upkeep
|
|t:|1666259773
|switch|p2a: Bellossom|Bellossom, M|100/100
|turn|23
|
|t:|1666259778
|move|p1a: Krookodile|Knock Off|p2a: Bellossom
|-damage|p2a: Bellossom|1/100
|-enditem|p2a: Bellossom|Leftovers|[from] move: Knock Off|[of] p1a: Krookodile
|move|p2a: Bellossom|Quiver Dance|p2a: Bellossom
|-boost|p2a: Bellossom|spa|1
|-boost|p2a: Bellossom|spd|1
|-boost|p2a: Bellossom|spe|1
|
|upkeep
|turn|24
|
|t:|1666259788
|move|p1a: Krookodile|Knock Off|p2a: Bellossom
|-damage|p2a: Bellossom|0 fnt
|faint|p2a: Bellossom
|-ability|p1a: Krookodile|Moxie|boost
|-boost|p1a: Krookodile|atk|1
|
|upkeep
|
|t:|1666259791
|switch|p2a: Jirachi|Jirachi|100/100
|turn|25
|
|t:|1666259794
|move|p1a: Krookodile|Knock Off|p2a: Jirachi|[miss]
|-miss|p1a: Krookodile|p2a: Jirachi
|move|p2a: Jirachi|Ancient Power|p1a: Krookodile
|-resisted|p1a: Krookodile
|-damage|p1a: Krookodile|92/100
|
|upkeep
|turn|26
|
|t:|1666259803
|move|p1a: Krookodile|Knock Off|p2a: Jirachi|[miss]
|-miss|p1a: Krookodile|p2a: Jirachi
|move|p2a: Jirachi|Ancient Power|p1a: Krookodile
|-resisted|p1a: Krookodile
|-damage|p1a: Krookodile|84/100
|
|upkeep
|turn|27
|
|t:|1666259810
|-start|p1a: Krookodile|Dynamax|
|-heal|p1a: Krookodile|84/100|[silent]
|move|p1a: Krookodile|Max Darkness|p2a: Jirachi
|-supereffective|p2a: Jirachi
|-damage|p2a: Jirachi|0 fnt
|faint|p2a: Jirachi
|
|win|Scoto13
|raw|Scoto13's rating: 1383 &rarr; <strong>1401</strong><br />(+18 for winning)
|raw|Sunorma's rating: 1340 &rarr; <strong>1322</strong><br />(-18 for losing)
|l|☆Sunorma
