|j|☆Golem0
|j|☆iHaveAsthma
|t:|1666623396
|gametype|singles
|player|p1|Golem0|gambler|1608
|player|p2|iHaveAsthma|doctor|1823
|teamsize|p1|6
|teamsize|p2|6
|gen|8
|tier|[Gen 8] National Dex AG
|rated|
|rule|HP Percentage Mod: HP is shown in percentages
|rule|Endless Battle Clause: Forcing endless battles is banned
|clearpoke
|poke|p1|Yveltal|
|poke|p1|Excadrill, F|
|poke|p1|Magnezone|
|poke|p1|Mimikyu, M|
|poke|p1|Shedinja|
|poke|p1|Ditto|
|poke|p2|Rayquaza|
|poke|p2|Arceus-*|
|poke|p2|Lugia|
|poke|p2|Groudon|
|poke|p2|Marshadow|
|poke|p2|Arceus-*|
|teampreview
|j| Dark Umbreon 08
|l| Dark Umbreon 08
|inactive|Battle timer is ON: inactive players will automatically lose when time's up. (requested by Golem0)
|
|t:|1666623460
|start
|switch|p1a: Excadrill|Excadrill, F|100/100
|switch|p2a: Rayquaza|Rayquaza, shiny|100/100
|-ability|p1a: Excadrill|Mold Breaker
|-ability|p2a: Rayquaza|Air Lock
|turn|1
|l|☆Golem0
|inactive|Golem0 disconnected and has a minute to reconnect!
|player|p1|
|inactive|Golem0 has 30 seconds to reconnect!
|inactive|Golem0 has 20 seconds to reconnect!
|j|☆Golem0
|inactive|Golem0 reconnected and has 95 seconds left.
|player|p1|Golem0|gambler
|inactive|Golem0 has 90 seconds left.
|
|t:|1666623522
|detailschange|p2a: Rayquaza|Rayquaza-Mega, shiny
|-mega|p2a: Rayquaza|Rayquaza|
|-weather|DeltaStream|[from] ability: Delta Stream|[of] p2a: Rayquaza
|move|p2a: Rayquaza|Scale Shot|p1a: Excadrill
|-resisted|p1a: Excadrill
|-crit|p1a: Excadrill
|-damage|p1a: Excadrill|80/100
|-resisted|p1a: Excadrill
|-damage|p1a: Excadrill|67/100
|-resisted|p1a: Excadrill
|-damage|p1a: Excadrill|54/100
|-hitcount|p1a: Excadrill|3
|-unboost|p2a: Rayquaza|def|1
|-boost|p2a: Rayquaza|spe|1
|move|p1a: Excadrill|Rock Slide|p2a: Rayquaza
|-activate||deltastream
|-damage|p2a: Rayquaza|63/100
|
|-weather|DeltaStream|[upkeep]
|upkeep
|turn|2
|
|t:|1666623530
|move|p2a: Rayquaza|Earthquake|p1a: Excadrill
|-supereffective|p1a: Excadrill
|-damage|p1a: Excadrill|0 fnt
|faint|p1a: Excadrill
|
|-weather|DeltaStream|[upkeep]
|upkeep
|
|t:|1666623534
|switch|p1a: Ditto|Ditto, shiny|100/100
|-transform|p1a: Ditto|p2a: Rayquaza|[from] ability: Imposter
|turn|3
|inactive|Golem0 has 90 seconds left.
|inactive|iHaveAsthma has 120 seconds left.
|
|t:|1666623567
|move|p2a: Rayquaza|Extreme Speed|p1a: Ditto
|-damage|p1a: Ditto|38/100
|move|p1a: Ditto|Dragon Ascent|p2a: Rayquaza
|-damage|p2a: Rayquaza|0 fnt
|-unboost|p1a: Ditto|def|1
|-unboost|p1a: Ditto|spd|1
|faint|p2a: Rayquaza
|
|-weather|DeltaStream|[upkeep]
|upkeep
|
|t:|1666623569
|switch|p2a: Marshadow|Marshadow|100/100
|turn|4
|
|t:|1666623572
|-weather|none
|switch|p1a: Yveltal|Yveltal|100/100
|-ability|p1a: Yveltal|Dark Aura
|move|p2a: Marshadow|Shadow Sneak|p1a: Yveltal
|-resisted|p1a: Yveltal
|-damage|p1a: Yveltal|89/100
|
|upkeep
|turn|5
|inactive|iHaveAsthma has 120 seconds left.
|
|t:|1666623618
|move|p2a: Marshadow|Rock Tomb|p1a: Yveltal
|-supereffective|p1a: Yveltal
|-damage|p1a: Yveltal|42/100
|-unboost|p1a: Yveltal|spe|1
|-enditem|p1a: Yveltal|Weakness Policy
|-boost|p1a: Yveltal|atk|2|[from] item: Weakness Policy
|-boost|p1a: Yveltal|spa|2|[from] item: Weakness Policy
|move|p1a: Yveltal|Oblivion Wing|p2a: Marshadow
|-supereffective|p2a: Marshadow
|-enditem|p2a: Marshadow|Focus Sash
|-damage|p2a: Marshadow|1/100
|-heal|p1a: Yveltal|95/100|[from] drain|[of] p2a: Marshadow
|
|upkeep
|turn|6
|inactive|Golem0 has 120 seconds left.
|
|t:|1666623634
|move|p2a: Marshadow|Rock Tomb|p1a: Yveltal
|-supereffective|p1a: Yveltal
|-damage|p1a: Yveltal|50/100
|-unboost|p1a: Yveltal|spe|1
|move|p1a: Yveltal|Oblivion Wing|p2a: Marshadow
|-supereffective|p2a: Marshadow
|-damage|p2a: Marshadow|0 fnt
|-heal|p1a: Yveltal|50/100|[from] drain|[of] p2a: Marshadow
|faint|p2a: Marshadow
|
|upkeep
|
|t:|1666623650
|switch|p2a: Groudon|Groudon, shiny|100/100
|detailschange|p2a: Groudon|Groudon-Primal, shiny
|-primal|p2a: Groudon
|-weather|DesolateLand|[from] ability: Desolate Land|[of] p2a: Groudon
|turn|7
|inactive|Golem0 has 120 seconds left.
|
|t:|1666623658
|-start|p1a: Yveltal|Dynamax|
|-heal|p1a: Yveltal|50/100|[silent]
|move|p2a: Groudon|Stealth Rock|p1a: Yveltal
|-sidestart|p1: Golem0|move: Stealth Rock
|move|p1a: Yveltal|Max Darkness|p2a: Groudon
|-damage|p2a: Groudon|0 fnt
|faint|p2a: Groudon
|-weather|none
|
|upkeep
|
|t:|1666623669
|switch|p2a: Lugia|Lugia, shiny|100/100
|turn|8
|
|t:|1666623672
|move|p2a: Lugia|Thunder Wave|p1a: Yveltal
|-status|p1a: Yveltal|par
|move|p1a: Yveltal|Max Darkness|p2a: Lugia
|-supereffective|p2a: Lugia
|-damage|p2a: Lugia|0 fnt
|faint|p2a: Lugia
|
|upkeep
|
|t:|1666623675
|switch|p2a: Arceus|Arceus-Ground, shiny|100/100
|turn|9
|
|t:|1666623683
|-start|p2a: Arceus|Dynamax|
|-heal|p2a: Arceus|100/100|[silent]
|move|p2a: Arceus|Max Hailstorm|p1a: Yveltal
|-supereffective|p1a: Yveltal
|-damage|p1a: Yveltal|22/100 par
|-weather|Hail
|move|p1a: Yveltal|Max Airstream|p2a: Arceus
|-damage|p2a: Arceus|47/100
|-boost|p1a: Yveltal|spe|1
|
|-weather|Hail|[upkeep]
|-damage|p2a: Arceus|44/100|[from] Hail
|-damage|p1a: Yveltal|19/100 par|[from] Hail
|upkeep
|-end|p1a: Yveltal|Dynamax
|-heal|p1a: Yveltal|19/100 par|[silent]
|turn|10
|
|t:|1666623697
|move|p2a: Arceus|Max Hailstorm|p1a: Yveltal
|-supereffective|p1a: Yveltal
|-damage|p1a: Yveltal|0 fnt
|faint|p1a: Yveltal
|
|-weather|Hail|[upkeep]
|-damage|p2a: Arceus|41/100|[from] Hail
|upkeep
|
|t:|1666623711
|switch|p1a: Mimikyu|Mimikyu, M|100/100
|turn|11
|
|t:|1666623722
|move|p1a: Mimikyu|Play Rough|p2a: Arceus
|-damage|p2a: Arceus|31/100
|move|p2a: Arceus|Max Quake|p1a: Mimikyu
|-activate|p1a: Mimikyu|ability: Disguise
|-damage|p1a: Mimikyu|100/100
|-boost|p2a: Arceus|spd|1
|detailschange|p1a: Mimikyu|Mimikyu-Busted, M
|-damage|p1a: Mimikyu|88/100|[from] pokemon: Mimikyu-Busted
|
|-weather|Hail|[upkeep]
|-damage|p1a: Mimikyu|82/100|[from] Hail
|-damage|p2a: Arceus|28/100|[from] Hail
|upkeep
|-end|p2a: Arceus|Dynamax
|-heal|p2a: Arceus|28/100|[silent]
|turn|12
|
|t:|1666623739
|move|p1a: Mimikyu|Shadow Sneak|p2a: Arceus
|-damage|p2a: Arceus|19/100
|move|p2a: Arceus|Recover|p2a: Arceus
|-heal|p2a: Arceus|69/100
|
|-weather|Hail|[upkeep]
|-damage|p1a: Mimikyu|76/100|[from] Hail
|-damage|p2a: Arceus|63/100|[from] Hail
|upkeep
|turn|13
|
|t:|1666623743
|move|p1a: Mimikyu|Destiny Bond|p1a: Mimikyu
|-singlemove|p1a: Mimikyu|Destiny Bond
|move|p2a: Arceus|Calm Mind|p2a: Arceus
|-boost|p2a: Arceus|spa|1
|-boost|p2a: Arceus|spd|1
|
|-weather|none
|upkeep
|turn|14
|
|t:|1666623751
|move|p1a: Mimikyu|Play Rough|p2a: Arceus
|-damage|p2a: Arceus|44/100
|move|p2a: Arceus|Recover|p2a: Arceus
|-heal|p2a: Arceus|94/100
|
|upkeep
|turn|15
|
|t:|1666623759
|move|p1a: Mimikyu|Play Rough|p2a: Arceus
|-damage|p2a: Arceus|77/100
|move|p2a: Arceus|Calm Mind|p2a: Arceus
|-boost|p2a: Arceus|spa|1
|-boost|p2a: Arceus|spd|1
|
|upkeep
|turn|16
|
|t:|1666623765
|move|p1a: Mimikyu|Destiny Bond|p1a: Mimikyu
|-singlemove|p1a: Mimikyu|Destiny Bond
|move|p2a: Arceus|Recover|p2a: Arceus
|-heal|p2a: Arceus|100/100
|
|upkeep
|turn|17
|
|t:|1666623772
|move|p1a: Mimikyu|Play Rough|p2a: Arceus
|-damage|p2a: Arceus|83/100
|move|p2a: Arceus|Calm Mind|p2a: Arceus
|-boost|p2a: Arceus|spa|1
|-boost|p2a: Arceus|spd|1
|
|upkeep
|turn|18
|
|t:|1666623786
|move|p1a: Mimikyu|Play Rough|p2a: Arceus|[miss]
|-miss|p1a: Mimikyu|p2a: Arceus
|move|p2a: Arceus|Ice Beam|p1a: Mimikyu
|-damage|p1a: Mimikyu|0 fnt
|faint|p1a: Mimikyu
|
|upkeep
|
|t:|1666623796
|switch|p1a: Ditto|Ditto, shiny|38/100
|-damage|p1a: Ditto|26/100|[from] Stealth Rock
|-transform|p1a: Ditto|p2a: Arceus|[from] ability: Imposter
|turn|19
|
|t:|1666623810
|move|p1a: Ditto|Ice Beam|p2a: Arceus
|-supereffective|p2a: Arceus
|-damage|p2a: Arceus|52/100
|move|p2a: Arceus|Ice Beam|p1a: Ditto
|-supereffective|p1a: Ditto
|-damage|p1a: Ditto|0 fnt
|faint|p1a: Ditto
|
|upkeep
|
|t:|1666623824
|switch|p1a: Shedinja|Shedinja|100/100
|turn|20
|
|t:|1666623831
|move|p2a: Arceus|Ice Beam|p1a: Shedinja
|-immune|p1a: Shedinja|[from] ability: Wonder Guard
|move|p1a: Shedinja|Toxic|p2a: Arceus
|-status|p2a: Arceus|tox
|
|-damage|p2a: Arceus|46/100 tox|[from] psn
|upkeep
|turn|21
|
|t:|1666623839
|switch|p2a: Arceus|Arceus-Flying|100/100
|move|p1a: Shedinja|Toxic|p2a: Arceus
|-status|p2a: Arceus|tox
|
|-damage|p2a: Arceus|94/100 tox|[from] psn
|upkeep
|turn|22
|
|t:|1666623848
|move|p1a: Shedinja|Endure|p1a: Shedinja
|-singleturn|p1a: Shedinja|move: Endure
|move|p2a: Arceus|Earthquake|p1a: Shedinja
|-immune|p1a: Shedinja|[from] ability: Wonder Guard
|
|-damage|p2a: Arceus|82/100 tox|[from] psn
|upkeep
|turn|23
|
|t:|1666623860
|switch|p1a: Magnezone|Magnezone|100/100
|move|p2a: Arceus|Fly||[still]
|-prepare|p2a: Arceus|Fly
|
|-damage|p2a: Arceus|63/100 tox|[from] psn
|upkeep
|turn|24
|-message|iHaveAsthma forfeited.
|
|win|Golem0
|raw|Golem0's rating: 1608 &rarr; <strong>1639</strong><br />(+31 for winning)
|raw|iHaveAsthma's rating: 1823 &rarr; <strong>1792</strong><br />(-31 for losing)
|l|☆iHaveAsthma
|l|☆Golem0
