|j|☆copperspray
|j|☆TheJanardanTiwari
|t:|1625046966
|gametype|singles
|player|p1|copperspray|juan|1681
|player|p2|TheJanardanTiwari|170|1715
|teamsize|p1|6
|teamsize|p2|6
|gen|8
|tier|[Gen 8] National Dex AG
|rated|
|rule|HP Percentage Mod: HP is shown in percentages
|rule|Endless Battle Clause: Forcing endless battles is banned
|clearpoke
|poke|p1|Zacian-*|
|poke|p1|Necrozma-Dusk-Mane|
|poke|p1|Rayquaza|
|poke|p1|Tyranitar, F|
|poke|p1|Zygarde|
|poke|p1|Ho-Oh|
|poke|p2|Rayquaza|
|poke|p2|Arceus-*|
|poke|p2|Arceus-*|
|poke|p2|Ditto|
|poke|p2|Necrozma-Dusk-Mane|
|poke|p2|Yveltal|
|teampreview
|inactive|Battle timer is ON: inactive players will automatically lose when time's up. (requested by copperspray)
|
|t:|1625046996
|start
|switch|p1a: Ho-Oh|Ho-Oh|100/100
|switch|p2a: Arceus|Arceus-Ground|100/100
|turn|1
|
|t:|1625047003
|-start|p2a: Arceus|Dynamax
|-heal|p2a: Arceus|100/100|[silent]
|-start|p1a: Ho-Oh|Dynamax
|-heal|p1a: Ho-Oh|100/100|[silent]
|move|p2a: Arceus|Max Rockfall|p1a: Ho-Oh
|-supereffective|p1a: Ho-Oh
|-damage|p1a: Ho-Oh|25/100
|-weather|Sandstorm
|move|p1a: Ho-Oh|Max Airstream|p2a: Arceus
|-damage|p2a: Arceus|75/100
|-boost|p1a: Ho-Oh|spe|1
|
|-weather|Sandstorm|[upkeep]
|-damage|p1a: Ho-Oh|22/100|[from] Sandstorm
|upkeep
|turn|2
|c|☆TheJanardanTiwari|same mind
|c|☆TheJanardanTiwari|or plan
|
|t:|1625047028
|move|p1a: Ho-Oh|Max Guard|p1a: Ho-Oh
|-singleturn|p1a: Ho-Oh|Max Guard
|move|p2a: Arceus|Max Rockfall|p1a: Ho-Oh
|-activate|p1a: Ho-Oh|move: Max Guard
|
|-weather|Sandstorm|[upkeep]
|-damage|p1a: Ho-Oh|19/100|[from] Sandstorm
|upkeep
|turn|3
|
|t:|1625047036
|-end|p1a: Ho-Oh|Dynamax
|-heal|p1a: Ho-Oh|19/100|[silent]
|switch|p1a: Zygarde|Zygarde|100/100
|move|p2a: Arceus|Max Rockfall|p1a: Zygarde
|-resisted|p1a: Zygarde
|-damage|p1a: Zygarde|89/100
|
|-weather|Sandstorm|[upkeep]
|-heal|p1a: Zygarde|95/100|[from] item: Leftovers
|-end|p2a: Arceus|Dynamax
|-heal|p2a: Arceus|75/100|[silent]
|upkeep
|turn|4
|
|t:|1625047046
|switch|p2a: Arceus|Arceus-Fairy|100/100
|move|p1a: Zygarde|Glare|p2a: Arceus
|-status|p2a: Arceus|par
|
|-weather|Sandstorm|[upkeep]
|-damage|p2a: Arceus|94/100 par|[from] Sandstorm
|-heal|p1a: Zygarde|100/100|[from] item: Leftovers
|upkeep
|turn|5
|j| ulisesdiogenes
|
|t:|1625047060
|switch|p1a: Ho-Oh|Ho-Oh|52/100
|move|p2a: Arceus|Refresh|p2a: Arceus
|-curestatus|p2a: Arceus|par|[msg]
|
|-weather|none
|upkeep
|turn|6
|
|t:|1625047071
|move|p2a: Arceus|Calm Mind|p2a: Arceus
|-boost|p2a: Arceus|spa|1
|-boost|p2a: Arceus|spd|1
|move|p1a: Ho-Oh|Sacred Fire|p2a: Arceus
|-damage|p2a: Arceus|58/100
|
|upkeep
|turn|7
|
|t:|1625047077
|switch|p1a: Zacian|Zacian-Crowned|100/100
|-ability|p1a: Zacian|Intrepid Sword|boost
|-boost|p1a: Zacian|atk|1
|move|p2a: Arceus|Recover|p2a: Arceus
|-heal|p2a: Arceus|100/100
|
|upkeep
|turn|8
|
|t:|1625047085
|switch|p2a: Necrozma|Necrozma-Dusk-Mane|100/100
|move|p1a: Zacian|Behemoth Blade|p2a: Necrozma
|-resisted|p2a: Necrozma
|-damage|p2a: Necrozma|77/100
|-damage|p1a: Zacian|84/100|[from] item: Rocky Helmet|[of] p2a: Necrozma
|
|upkeep
|turn|9
|
|t:|1625047092
|switch|p1a: Necrozma|Necrozma-Dusk-Mane|100/100
|move|p2a: Necrozma|Dragon Dance|p2a: Necrozma
|-boost|p2a: Necrozma|atk|1
|-boost|p2a: Necrozma|spe|1
|
|upkeep
|turn|10
|
|t:|1625047101
|detailschange|p1a: Necrozma|Necrozma-Ultra
|-burst|p1a: Necrozma|Necrozma|Ultranecrozium Z
|move|p1a: Necrozma|Heat Wave|p2a: Necrozma
|-supereffective|p2a: Necrozma
|-damage|p2a: Necrozma|18/100
|move|p2a: Necrozma|Sunsteel Strike|p1a: Necrozma
|-damage|p1a: Necrozma|21/100
|
|upkeep
|turn|11
|
|t:|1625047112
|move|p1a: Necrozma|Heat Wave|p2a: Necrozma|[miss]
|-miss|p1a: Necrozma|p2a: Necrozma
|move|p2a: Necrozma|Morning Sun|p2a: Necrozma
|-heal|p2a: Necrozma|68/100
|
|upkeep
|turn|12
|
|t:|1625047127
|switch|p1a: Ho-Oh|Ho-Oh|85/100
|switch|p2a: Yveltal|Yveltal|100/100
|-ability|p2a: Yveltal|Dark Aura
|
|upkeep
|turn|13
|
|t:|1625047136
|move|p2a: Yveltal|Snarl|p1a: Ho-Oh
|-damage|p1a: Ho-Oh|69/100
|-unboost|p1a: Ho-Oh|spa|1
|move|p1a: Ho-Oh|Sacred Fire|p2a: Yveltal
|-damage|p2a: Yveltal|57/100
|-status|p2a: Yveltal|brn
|
|-damage|p2a: Yveltal|51/100 brn|[from] brn
|upkeep
|turn|14
|
|t:|1625047146
|move|p2a: Yveltal|Roost|p2a: Yveltal
|-heal|p2a: Yveltal|100/100 brn
|-singleturn|p2a: Yveltal|move: Roost
|move|p1a: Ho-Oh|Sacred Fire|p2a: Yveltal|[miss]
|-miss|p1a: Ho-Oh|p2a: Yveltal
|
|-damage|p2a: Yveltal|94/100 brn|[from] brn
|upkeep
|turn|15
|
|t:|1625047153
|move|p2a: Yveltal|Snarl|p1a: Ho-Oh
|-damage|p1a: Ho-Oh|51/100
|-unboost|p1a: Ho-Oh|spa|1
|move|p1a: Ho-Oh|Earthquake|p2a: Yveltal
|-immune|p2a: Yveltal
|
|-damage|p2a: Yveltal|88/100 brn|[from] brn
|upkeep
|turn|16
|
|t:|1625047164
|switch|p1a: Tyranitar|Tyranitar, F|100/100
|-weather|Sandstorm|[from] ability: Sand Stream|[of] p1a: Tyranitar
|move|p2a: Yveltal|U-turn|p1a: Tyranitar
|-supereffective|p1a: Tyranitar
|-damage|p1a: Tyranitar|87/100
|
|t:|1625047174
|switch|p2a: Arceus|Arceus-Ground|75/100|[from]move: U-turn
|
|-weather|Sandstorm|[upkeep]
|upkeep
|turn|17
|inactive|copperspray has 120 seconds left.
|
|t:|1625047208
|switch|p1a: Zygarde|Zygarde|100/100
|move|p2a: Arceus|Swords Dance|p2a: Arceus
|-boost|p2a: Arceus|atk|2
|
|-weather|Sandstorm|[upkeep]
|upkeep
|turn|18
|c|☆TheJanardanTiwari|max sp def
|
|t:|1625047214
|move|p2a: Arceus|Earthquake|p1a: Zygarde
|-damage|p1a: Zygarde|42/100
|move|p1a: Zygarde|Glare|p2a: Arceus
|-status|p2a: Arceus|par
|
|-weather|Sandstorm|[upkeep]
|-heal|p1a: Zygarde|49/100|[from] item: Leftovers
|-activate|p1a: Zygarde|ability: Power Construct
|detailschange|p1a: Zygarde|Zygarde-Complete
|-heal|p1a: Zygarde|66/100|[silent]
|upkeep
|turn|19
|
|t:|1625047222
|switch|p2a: Arceus|Arceus-Fairy|100/100
|move|p1a: Zygarde|Haze|p1a: Zygarde
|-clearallboost
|
|-weather|Sandstorm|[upkeep]
|-damage|p2a: Arceus|94/100|[from] Sandstorm
|-heal|p1a: Zygarde|72/100|[from] item: Leftovers
|upkeep
|turn|20
|
|t:|1625047228
|switch|p1a: Ho-Oh|Ho-Oh|84/100
|move|p2a: Arceus|Judgment|p1a: Ho-Oh
|-resisted|p1a: Ho-Oh
|-damage|p1a: Ho-Oh|70/100
|
|-weather|none
|upkeep
|turn|21
|
|t:|1625047241
|switch|p2a: Arceus|Arceus-Ground|75/100 par
|move|p1a: Ho-Oh|Brave Bird|p2a: Arceus
|-damage|p2a: Arceus|35/100 par
|-damage|p1a: Ho-Oh|56/100|[from] Recoil
|
|upkeep
|turn|22
|
|t:|1625047255
|move|p1a: Ho-Oh|Sacred Fire|p2a: Arceus|[miss]
|-miss|p1a: Ho-Oh|p2a: Arceus
|move|p2a: Arceus|Recover|p2a: Arceus
|-heal|p2a: Arceus|85/100 par
|
|upkeep
|turn|23
|c|☆TheJanardanTiwari|i misplay by dyna in start
|
|t:|1625047266
|switch|p1a: Zygarde|Zygarde-Complete|72/100
|move|p2a: Arceus|Rock Slide|p1a: Zygarde
|-resisted|p1a: Zygarde
|-damage|p1a: Zygarde|68/100
|
|-heal|p1a: Zygarde|75/100|[from] item: Leftovers
|upkeep
|turn|24
|
|t:|1625047274
|move|p1a: Zygarde|Thousand Arrows|p2a: Arceus
|-damage|p2a: Arceus|64/100 par
|move|p2a: Arceus|Earthquake|p1a: Zygarde
|-damage|p1a: Zygarde|55/100
|
|-heal|p1a: Zygarde|61/100|[from] item: Leftovers
|upkeep
|turn|25
|
|t:|1625047280
|move|p1a: Zygarde|Thousand Arrows|p2a: Arceus
|-damage|p2a: Arceus|42/100 par
|move|p2a: Arceus|Recover|p2a: Arceus
|-heal|p2a: Arceus|92/100 par
|
|-heal|p1a: Zygarde|67/100|[from] item: Leftovers
|upkeep
|turn|26
|
|t:|1625047290
|switch|p2a: Rayquaza|Rayquaza|100/100
|-ability|p2a: Rayquaza|Air Lock
|move|p1a: Zygarde|Thousand Arrows|p2a: Rayquaza
|-damage|p2a: Rayquaza|67/100
|-start|p2a: Rayquaza|Smack Down
|
|-heal|p1a: Zygarde|73/100|[from] item: Leftovers
|upkeep
|turn|27
|l| ulisesdiogenes
|
|t:|1625047304
|detailschange|p2a: Rayquaza|Rayquaza-Mega
|-mega|p2a: Rayquaza|Rayquaza|
|-weather|DeltaStream|[from] ability: Delta Stream|[of] p2a: Rayquaza
|move|p2a: Rayquaza|Scale Shot|p1a: Zygarde
|-supereffective|p1a: Zygarde
|-damage|p1a: Zygarde|59/100
|-supereffective|p1a: Zygarde
|-damage|p1a: Zygarde|43/100
|-supereffective|p1a: Zygarde
|-damage|p1a: Zygarde|26/100
|-supereffective|p1a: Zygarde
|-damage|p1a: Zygarde|11/100
|-supereffective|p1a: Zygarde
|-damage|p1a: Zygarde|0 fnt
|faint|p1a: Zygarde
|-hitcount|p1: Zygarde|5
|-unboost|p2a: Rayquaza|def|1
|-boost|p2a: Rayquaza|spe|1
|-damage|p2a: Rayquaza|57/100|[from] item: Life Orb
|
|-weather|DeltaStream|[upkeep]
|upkeep
|c|☆copperspray|Come on
|c|☆TheJanardanTiwari|huh
|c|☆TheJanardanTiwari|thx
|
|t:|1625047323
|switch|p1a: Rayquaza|Rayquaza|100/100
|-ability|p1a: Rayquaza|Air Lock
|turn|28
|c|☆TheJanardanTiwari|nice
|c|☆TheJanardanTiwari|luck
|
|t:|1625047332
|-weather|none
|switch|p2a: Necrozma|Necrozma-Dusk-Mane|68/100
|detailschange|p1a: Rayquaza|Rayquaza-Mega
|-mega|p1a: Rayquaza|Rayquaza|
|-weather|DeltaStream|[from] ability: Delta Stream|[of] p1a: Rayquaza
|move|p1a: Rayquaza|Extreme Speed|p2a: Necrozma
|-resisted|p2a: Necrozma
|-damage|p2a: Necrozma|57/100
|-damage|p1a: Rayquaza|84/100|[from] item: Rocky Helmet|[of] p2a: Necrozma
|-damage|p1a: Rayquaza|74/100|[from] item: Life Orb
|
|-weather|DeltaStream|[upkeep]
|upkeep
|turn|29
|
|t:|1625047340
|switch|p2a: Arceus|Arceus-Ground|92/100 par
|move|p1a: Rayquaza|Earthquake|p2a: Arceus
|-damage|p2a: Arceus|56/100 par
|-damage|p1a: Rayquaza|64/100|[from] item: Life Orb
|
|-weather|DeltaStream|[upkeep]
|upkeep
|turn|30
|
|t:|1625047346
|move|p1a: Rayquaza|Draco Meteor|p2a: Arceus
|-damage|p2a: Arceus|0 fnt
|-unboost|p1a: Rayquaza|spa|2
|faint|p2a: Arceus
|-damage|p1a: Rayquaza|54/100|[from] item: Life Orb
|
|-weather|DeltaStream|[upkeep]
|upkeep
|
|t:|1625047354
|switch|p2a: Arceus|Arceus-Fairy|94/100
|turn|31
|
|t:|1625047366
|switch|p2a: Rayquaza|Rayquaza-Mega|57/100
|switch|p1a: Zacian|Zacian-Crowned|84/100
|-ability|p1a: Zacian|Intrepid Sword|boost
|-boost|p1a: Zacian|atk|1
|
|-weather|DeltaStream|[upkeep]
|upkeep
|turn|32
|
|t:|1625047377
|-weather|none
|switch|p2a: Necrozma|Necrozma-Dusk-Mane|57/100
|move|p1a: Zacian|Play Rough|p2a: Necrozma
|-resisted|p2a: Necrozma
|-damage|p2a: Necrozma|33/100
|-damage|p1a: Zacian|67/100|[from] item: Rocky Helmet|[of] p2a: Necrozma
|
|upkeep
|turn|33
|
|t:|1625047384
|move|p1a: Zacian|Wild Charge|p2a: Necrozma
|-damage|p2a: Necrozma|1/100
|-damage|p1a: Zacian|51/100|[from] item: Rocky Helmet|[of] p2a: Necrozma
|-damage|p1a: Zacian|41/100|[from] Recoil
|move|p2a: Necrozma|Morning Sun|p2a: Necrozma
|-heal|p2a: Necrozma|51/100
|
|upkeep
|turn|34
|
|t:|1625047399
|switch|p1a: Ho-Oh|Ho-Oh|89/100
|move|p2a: Necrozma|Morning Sun|p2a: Necrozma
|-heal|p2a: Necrozma|100/100
|
|upkeep
|turn|35
|
|t:|1625047408
|move|p1a: Ho-Oh|Sacred Fire|p2a: Necrozma
|-supereffective|p2a: Necrozma
|-damage|p2a: Necrozma|55/100
|-status|p2a: Necrozma|brn
|move|p2a: Necrozma|Dragon Dance|p2a: Necrozma
|-boost|p2a: Necrozma|atk|1
|-boost|p2a: Necrozma|spe|1
|
|-damage|p2a: Necrozma|49/100 brn|[from] brn
|upkeep
|turn|36
|
|t:|1625047415
|move|p2a: Necrozma|Dragon Dance|p2a: Necrozma
|-boost|p2a: Necrozma|atk|1
|-boost|p2a: Necrozma|spe|1
|move|p1a: Ho-Oh|Sacred Fire|p2a: Necrozma
|-supereffective|p2a: Necrozma
|-damage|p2a: Necrozma|4/100 brn
|
|-damage|p2a: Necrozma|0 fnt|[from] brn
|faint|p2a: Necrozma
|upkeep
|
|t:|1625047423
|switch|p2a: Rayquaza|Rayquaza-Mega|57/100
|-weather|DeltaStream|[from] ability: Delta Stream|[of] p2a: Rayquaza
|turn|37
|
|t:|1625047431
|move|p2a: Rayquaza|Dragon Ascent|p1a: Ho-Oh
|-damage|p1a: Ho-Oh|3/100
|-unboost|p2a: Rayquaza|def|1
|-unboost|p2a: Rayquaza|spd|1
|-damage|p2a: Rayquaza|47/100|[from] item: Life Orb
|move|p1a: Ho-Oh|Sacred Fire|p2a: Rayquaza
|-resisted|p2a: Rayquaza
|-damage|p2a: Rayquaza|3/100
|
|-weather|DeltaStream|[upkeep]
|upkeep
|turn|38
|inactive|copperspray has 120 seconds left.
|
|t:|1625047473
|move|p2a: Rayquaza|Dragon Ascent|p1a: Ho-Oh
|-crit|p1a: Ho-Oh
|-damage|p1a: Ho-Oh|0 fnt
|-unboost|p2a: Rayquaza|def|1
|-unboost|p2a: Rayquaza|spd|1
|faint|p1a: Ho-Oh
|-damage|p2a: Rayquaza|0 fnt|[from] item: Life Orb
|faint|p2a: Rayquaza
|-weather|none
|
|upkeep
|
|t:|1625047487
|switch|p2a: Yveltal|Yveltal|88/100 brn
|switch|p1a: Necrozma|Necrozma-Ultra|21/100
|-ability|p2a: Yveltal|Dark Aura
|turn|39
|
|t:|1625047493
|move|p1a: Necrozma|Power Gem|p2a: Yveltal
|-supereffective|p2a: Yveltal
|-damage|p2a: Yveltal|41/100 brn
|move|p2a: Yveltal|Snarl|p1a: Necrozma
|-supereffective|p1a: Necrozma
|-damage|p1a: Necrozma|0 fnt
|faint|p1a: Necrozma
|
|-damage|p2a: Yveltal|35/100 brn|[from] brn
|upkeep
|c|☆copperspray|You probably win again
|inactive|copperspray has 90 seconds left.
|c|☆TheJanardanTiwari|if u misplay
|c|☆TheJanardanTiwari|here
|c|☆TheJanardanTiwari|then i  win
|
|t:|1625047545
|switch|p1a: Rayquaza|Rayquaza-Mega|54/100
|-weather|DeltaStream|[from] ability: Delta Stream|[of] p1a: Rayquaza
|turn|40
|c|☆TheJanardanTiwari|u r playing too good
|
|t:|1625047556
|move|p1a: Rayquaza|Dragon Ascent|p2a: Yveltal
|-damage|p2a: Yveltal|0 fnt
|-unboost|p1a: Rayquaza|def|1
|-unboost|p1a: Rayquaza|spd|1
|faint|p2a: Yveltal
|-damage|p1a: Rayquaza|44/100|[from] item: Life Orb
|
|-weather|DeltaStream|[upkeep]
|upkeep
|
|t:|1625047562
|switch|p2a: Arceus|Arceus-Fairy|94/100
|turn|41
|
|t:|1625047588
|-weather|none
|switch|p1a: Tyranitar|Tyranitar, F|87/100
|-weather|Sandstorm|[from] ability: Sand Stream|[of] p1a: Tyranitar
|move|p2a: Arceus|Judgment|p1a: Tyranitar
|-supereffective|p1a: Tyranitar
|-damage|p1a: Tyranitar|61/100
|
|-weather|Sandstorm|[upkeep]
|-damage|p2a: Arceus|88/100|[from] Sandstorm
|upkeep
|turn|42
|
|t:|1625047600
|move|p2a: Arceus|Calm Mind|p2a: Arceus
|-boost|p2a: Arceus|spa|1
|-boost|p2a: Arceus|spd|1
|move|p1a: Tyranitar|Snarl|p2a: Arceus
|-resisted|p2a: Arceus
|-damage|p2a: Arceus|85/100
|-unboost|p2a: Arceus|spa|1
|
|-weather|Sandstorm|[upkeep]
|-damage|p2a: Arceus|79/100|[from] Sandstorm
|upkeep
|turn|43
|
|t:|1625047608
|move|p2a: Arceus|Calm Mind|p2a: Arceus
|-boost|p2a: Arceus|spa|1
|-boost|p2a: Arceus|spd|1
|move|p1a: Tyranitar|Snarl|p2a: Arceus
|-resisted|p2a: Arceus
|-damage|p2a: Arceus|76/100
|-unboost|p2a: Arceus|spa|1
|
|-weather|Sandstorm|[upkeep]
|-damage|p2a: Arceus|70/100|[from] Sandstorm
|upkeep
|turn|44
|
|t:|1625047612
|move|p2a: Arceus|Judgment|p1a: Tyranitar
|-supereffective|p1a: Tyranitar
|-damage|p1a: Tyranitar|36/100
|move|p1a: Tyranitar|Rock Tomb|p2a: Arceus
|-damage|p2a: Arceus|52/100
|-unboost|p2a: Arceus|spe|1
|
|-weather|Sandstorm|[upkeep]
|-damage|p2a: Arceus|46/100|[from] Sandstorm
|upkeep
|turn|45
|inactive|copperspray has 90 seconds left.
|
|t:|1625047645
|move|p2a: Arceus|Recover|p2a: Arceus
|-heal|p2a: Arceus|96/100
|move|p1a: Tyranitar|Snarl|p2a: Arceus
|-resisted|p2a: Arceus
|-damage|p2a: Arceus|94/100
|-unboost|p2a: Arceus|spa|1
|
|-weather|none
|upkeep
|turn|46
|
|t:|1625047652
|switch|p2a: Ditto|Ditto|100/100
|-transform|p2a: Ditto|p1a: Tyranitar|[from] ability: Imposter
|-weather|Sandstorm|[from] ability: Sand Stream|[of] p2a: Ditto
|move|p1a: Tyranitar|Snarl|p2a: Ditto
|-resisted|p2a: Ditto
|-damage|p2a: Ditto|95/100
|-unboost|p2a: Ditto|spa|1
|
|-weather|Sandstorm|[upkeep]
|upkeep
|turn|47
|c|☆TheJanardanTiwari|u have assulet vest
|
|t:|1625047670
|switch|p2a: Arceus|Arceus-Fairy|94/100
|move|p1a: Tyranitar|Rock Tomb|p2a: Arceus
|-damage|p2a: Arceus|75/100
|-unboost|p2a: Arceus|spe|1
|
|-weather|Sandstorm|[upkeep]
|-damage|p2a: Arceus|69/100|[from] Sandstorm
|upkeep
|turn|48
|
|t:|1625047679
|move|p2a: Arceus|Judgment|p1a: Tyranitar
|-supereffective|p1a: Tyranitar
|-damage|p1a: Tyranitar|10/100
|move|p1a: Tyranitar|Snarl|p2a: Arceus
|-resisted|p2a: Arceus
|-crit|p2a: Arceus
|-damage|p2a: Arceus|62/100
|-unboost|p2a: Arceus|spa|1
|
|-weather|Sandstorm|[upkeep]
|-damage|p2a: Arceus|56/100|[from] Sandstorm
|upkeep
|turn|49
|
|t:|1625047688
|move|p2a: Arceus|Judgment|p1a: Tyranitar
|-supereffective|p1a: Tyranitar
|-damage|p1a: Tyranitar|0 fnt
|faint|p1a: Tyranitar
|
|-weather|Sandstorm|[upkeep]
|-damage|p2a: Arceus|50/100|[from] Sandstorm
|upkeep
|
|t:|1625047690
|switch|p1a: Rayquaza|Rayquaza-Mega|44/100
|-weather|DeltaStream|[from] ability: Delta Stream|[of] p1a: Rayquaza
|turn|50
|
|t:|1625047696
|move|p1a: Rayquaza|Dragon Ascent|p2a: Arceus
|-damage|p2a: Arceus|0 fnt
|-unboost|p1a: Rayquaza|def|1
|-unboost|p1a: Rayquaza|spd|1
|faint|p2a: Arceus
|-damage|p1a: Rayquaza|34/100|[from] item: Life Orb
|
|-weather|DeltaStream|[upkeep]
|upkeep
|c|☆TheJanardanTiwari|huh
|c|☆TheJanardanTiwari|ttar play good
|
|t:|1625047715
|switch|p2a: Ditto|Ditto|95/100
|-transform|p2a: Ditto|p1a: Rayquaza|[from] ability: Imposter
|turn|51
|
|t:|1625047736
|move|p1a: Rayquaza|Extreme Speed|p2a: Ditto
|-damage|p2a: Ditto|18/100
|-damage|p1a: Rayquaza|24/100|[from] item: Life Orb
|move|p2a: Ditto|Dragon Ascent|p1a: Rayquaza
|-damage|p1a: Rayquaza|0 fnt
|-unboost|p2a: Ditto|def|1
|-unboost|p2a: Ditto|spd|1
|faint|p1a: Rayquaza
|
|-weather|DeltaStream|[upkeep]
|upkeep
|c|☆TheJanardanTiwari|is this amadent
|
|t:|1625047743
|switch|p1a: Zacian|Zacian-Crowned|41/100
|-ability|p1a: Zacian|Intrepid Sword|boost
|-boost|p1a: Zacian|atk|1
|turn|52
|c|☆copperspray|No
|c|☆TheJanardanTiwari|sad
|c|☆copperspray|Gg
|c|☆TheJanardanTiwari|ditto cant hit him without crit
|inactive|TheJanardanTiwari has 120 seconds left.
|
|t:|1625047773
|move|p2a: Ditto|Dragon Ascent|p1a: Zacian
|-resisted|p1a: Zacian
|-damage|p1a: Zacian|2/100
|-unboost|p2a: Ditto|def|1
|-unboost|p2a: Ditto|spd|1
|move|p1a: Zacian|Behemoth Blade|p2a: Ditto
|-damage|p2a: Ditto|0 fnt
|faint|p2a: Ditto
|-weather|none
|
|win|copperspray
|raw|copperspray's rating: 1681 &rarr; <strong>1703</strong><br />(+22 for winning)
|raw|TheJanardanTiwari's rating: 1715 &rarr; <strong>1693</strong><br />(-22 for losing)
|c|☆TheJanardanTiwari|what
|c|☆TheJanardanTiwari|2%
|c|☆TheJanardanTiwari|lol
|c|☆TheJanardanTiwari|wp
|c|☆TheJanardanTiwari|bro
|c|☆copperspray|Same
