|j|☆Vive Immortale
|j|☆Pawnnel
|t:|1661955538
|gametype|singles
|player|p1|Vive Immortale|mallow|1652
|player|p2|Pawnnel|psychic-gen4|1694
|teamsize|p1|6
|teamsize|p2|6
|gen|8
|tier|[Gen 8] National Dex AG
|rated|
|rule|HP Percentage Mod: HP is shown in percentages
|rule|Endless Battle Clause: Forcing endless battles is banned
|clearpoke
|poke|p1|Kyogre|
|poke|p1|Necrozma-Dusk-Mane|
|poke|p1|Zacian-*|
|poke|p1|Ho-Oh|
|poke|p1|Groudon|
|poke|p1|Arceus-*|
|poke|p2|Snorlax, M|
|poke|p2|Forretress, M|
|poke|p2|Blastoise, M|
|poke|p2|Heracross, M|
|poke|p2|Marshadow|
|poke|p2|Reshiram|
|teampreview
|inactive|Battle timer is ON: inactive players will automatically lose when time's up. (requested by Pawnnel)
|inactive|Vive Immortale also wants the timer to be on.
|inactive|Vive Immortale has 120 seconds left.
|
|t:|1661955583
|start
|switch|p1a: Ho-Oh|Ho-Oh|100/100
|switch|p2a: Blastoise|Blastoise, M|100/100
|turn|1
|j| Pedri Enjoyer
|
|t:|1661955592
|switch|p1a: Groudon|Groudon|100/100
|detailschange|p1a: Groudon|Groudon-Primal
|-primal|p1a: Groudon
|-weather|DesolateLand|[from] ability: Desolate Land|[of] p1a: Groudon
|detailschange|p2a: Blastoise|Blastoise-Mega, M
|-mega|p2a: Blastoise|Blastoise|Blastoisinite
|move|p2a: Blastoise|Water Pulse||[still]
|-fail|p2a: Blastoise|Water Pulse|[from] Desolate Land
|
|-weather|DesolateLand|[upkeep]
|upkeep
|turn|2
|j| KeroE69
|
|t:|1661955602
|move|p2a: Blastoise|Shell Smash|p2a: Blastoise
|-unboost|p2a: Blastoise|def|1
|-unboost|p2a: Blastoise|spd|1
|-boost|p2a: Blastoise|atk|2
|-boost|p2a: Blastoise|spa|2
|-boost|p2a: Blastoise|spe|2
|move|p1a: Groudon|Precipice Blades|p2a: Blastoise|[miss]
|-miss|p1a: Groudon|p2a: Blastoise
|
|-weather|DesolateLand|[upkeep]
|upkeep
|turn|3
|
|t:|1661955611
|move|p2a: Blastoise|Dark Pulse|p1a: Groudon
|-damage|p1a: Groudon|41/100
|move|p1a: Groudon|Precipice Blades|p2a: Blastoise|[miss]
|-miss|p1a: Groudon|p2a: Blastoise
|
|-weather|DesolateLand|[upkeep]
|upkeep
|turn|4
|c| KeroE69|lmao
|
|t:|1661955619
|-weather|none
|switch|p1a: Zacian|Zacian-Crowned|100/100
|-ability|p1a: Zacian|Intrepid Sword|boost
|-boost|p1a: Zacian|atk|1
|move|p2a: Blastoise|Dark Pulse|p1a: Zacian
|-resisted|p1a: Zacian
|-crit|p1a: Zacian
|-damage|p1a: Zacian|40/100
|
|upkeep
|turn|5
|j| NoName6293
|c| KeroE69|missed twice
|c|☆Pawnnel|Bruh
|c|☆Pawnnel|Two misses
|c|☆Vive Immortale|and a crit
|c| KeroE69|ultra luck determined
|c| NoName6293|all part of the plan
|
|t:|1661955646
|move|p2a: Blastoise|Water Pulse|p1a: Zacian
|-damage|p1a: Zacian|0 fnt
|faint|p1a: Zacian
|
|upkeep
|l| KeroE69
|c| Pedri Enjoyer|aint no way u lose to tht shhhit bro
|c|☆Vive Immortale|i lost
|c|☆Vive Immortale|i missed twice and got crit
|c|☆Vive Immortale|i cant win anymore
|c|☆Vive Immortale|lmfao
|
|t:|1661955672
|switch|p1a: Kyogre|Kyogre|100/100
|detailschange|p1a: Kyogre|Kyogre-Primal
|-primal|p1a: Kyogre
|-weather|PrimordialSea|[from] ability: Primordial Sea|[of] p1a: Kyogre
|turn|6
|j| KeroE69
|c|☆Vive Immortale|like i cant win
|c| KeroE69|lmao
|
|t:|1661955683
|move|p2a: Blastoise|Dark Pulse|p1a: Kyogre
|-damage|p1a: Kyogre|52/100
|move|p1a: Kyogre|Origin Pulse|p2a: Blastoise
|-resisted|p2a: Blastoise
|-damage|p2a: Blastoise|9/100
|
|-weather|PrimordialSea|[upkeep]
|upkeep
|turn|7
|c| KeroE69|wait
|
|t:|1661955690
|move|p2a: Blastoise|Dark Pulse|p1a: Kyogre
|-damage|p1a: Kyogre|0 fnt
|faint|p1a: Kyogre
|-weather|none
|
|upkeep
|c| KeroE69|no thunder?
|
|t:|1661955702
|switch|p1a: Necrozma|Necrozma-Dusk-Mane|100/100
|turn|8
|c| NoName6293|rest talk cm set maybe
|
|t:|1661955713
|-start|p1a: Necrozma|Dynamax|
|-heal|p1a: Necrozma|100/100|[silent]
|move|p2a: Blastoise|Water Pulse|p1a: Necrozma
|-damage|p1a: Necrozma|61/100
|move|p1a: Necrozma|Max Steelspike|p2a: Blastoise
|-resisted|p2a: Blastoise
|-damage|p2a: Blastoise|0 fnt
|-boost|p1a: Necrozma|def|1
|faint|p2a: Blastoise
|
|upkeep
|
|t:|1661955725
|switch|p2a: Forretress|Forretress, M|100/100
|turn|9
|
|t:|1661955731
|move|p1a: Necrozma|Max Steelspike|p2a: Forretress
|-resisted|p2a: Forretress
|-damage|p2a: Forretress|84/100
|-boost|p1a: Necrozma|def|1
|move|p2a: Forretress|Stealth Rock|p1a: Necrozma
|-sidestart|p1: Vive Immortale|move: Stealth Rock
|
|upkeep
|turn|10
|c| NoName6293|i thought the confusion would kick in
|c| KeroE69|me too
|
|t:|1661955739
|move|p1a: Necrozma|Max Steelspike|p2a: Forretress
|-resisted|p2a: Forretress
|-damage|p2a: Forretress|67/100
|-boost|p1a: Necrozma|def|1
|move|p2a: Forretress|Spikes|p1a: Necrozma
|-sidestart|p1: Vive Immortale|Spikes
|
|upkeep
|-end|p1a: Necrozma|Dynamax
|-heal|p1a: Necrozma|61/100|[silent]
|turn|11
|
|t:|1661955749
|move|p1a: Necrozma|Knock Off|p2a: Forretress
|-damage|p2a: Forretress|48/100
|-enditem|p2a: Forretress|Custap Berry|[from] move: Knock Off|[of] p1a: Necrozma
|move|p2a: Forretress|Explosion|p1a: Necrozma
|-resisted|p1a: Necrozma
|-damage|p1a: Necrozma|57/100
|faint|p2a: Forretress
|
|upkeep
|
|t:|1661955762
|switch|p2a: Marshadow|Marshadow|100/100
|turn|12
|
|t:|1661955785
|switch|p1a: Ho-Oh|Ho-Oh|100/100
|move|p2a: Marshadow|Swagger|p1a: Ho-Oh
|-boost|p1a: Ho-Oh|atk|2
|-start|p1a: Ho-Oh|confusion
|
|upkeep
|turn|13
|
|t:|1661955804
|move|p2a: Marshadow|Spectral Thief||[still]
|-clearpositiveboost|p1a: Ho-Oh|p2a: Marshadow|move: Spectral Thief
|-boost|p2a: Marshadow|atk|2
|-anim|p2a: Marshadow|Spectral Thief|p1a: Ho-Oh
|-damage|p1a: Ho-Oh|37/100
|-activate|p1a: Ho-Oh|confusion
|move|p1a: Ho-Oh|Sacred Fire|p2a: Marshadow
|-damage|p2a: Marshadow|43/100
|-status|p2a: Marshadow|brn
|
|-damage|p2a: Marshadow|37/100 brn|[from] brn
|upkeep
|turn|14
|
|t:|1661955819
|move|p2a: Marshadow|Spectral Thief|p1a: Ho-Oh
|-damage|p1a: Ho-Oh|5/100
|-activate|p1a: Ho-Oh|confusion
|move|p1a: Ho-Oh|Defog|p2a: Marshadow
|-unboost|p2a: Marshadow|evasion|1
|-sideend|p1: Vive Immortale|Spikes|[from] move: Defog|[of] p1a: Ho-Oh
|-sideend|p1: Vive Immortale|Stealth Rock|[from] move: Defog|[of] p1a: Ho-Oh
|
|-damage|p2a: Marshadow|31/100 brn|[from] brn
|upkeep
|turn|15
|
|t:|1661955832
|switch|p1a: Arceus|Arceus-Ground|100/100
|move|p2a: Marshadow|Close Combat|p1a: Arceus
|-damage|p1a: Arceus|70/100
|-unboost|p2a: Marshadow|def|1
|-unboost|p2a: Marshadow|spd|1
|
|-damage|p2a: Marshadow|25/100 brn|[from] brn
|upkeep
|turn|16
|
|t:|1661955847
|move|p2a: Marshadow|Close Combat|p1a: Arceus
|-damage|p1a: Arceus|41/100
|-unboost|p2a: Marshadow|def|1
|-unboost|p2a: Marshadow|spd|1
|move|p1a: Arceus|Recover|p1a: Arceus
|-heal|p1a: Arceus|91/100
|
|-damage|p2a: Marshadow|19/100 brn|[from] brn
|upkeep
|turn|17
|
|t:|1661955873
|switch|p1a: Ho-Oh|Ho-Oh|38/100
|move|p2a: Marshadow|Swagger|p1a: Ho-Oh
|-boost|p1a: Ho-Oh|atk|2
|-start|p1a: Ho-Oh|confusion
|
|-damage|p2a: Marshadow|12/100 brn|[from] brn
|upkeep
|turn|18
|
|t:|1661955882
|switch|p1a: Arceus|Arceus-Ground|91/100
|move|p2a: Marshadow|Spectral Thief|p1a: Arceus
|-damage|p1a: Arceus|70/100
|
|-damage|p2a: Marshadow|6/100 brn|[from] brn
|upkeep
|turn|19
|c| KeroE69|imagine
|c| KeroE69|protect arceus
|
|t:|1661955903
|move|p2a: Marshadow|Close Combat|p1a: Arceus
|-damage|p1a: Arceus|40/100
|-unboost|p2a: Marshadow|def|1
|-unboost|p2a: Marshadow|spd|1
|move|p1a: Arceus|Recover|p1a: Arceus
|-heal|p1a: Arceus|90/100
|
|-damage|p2a: Marshadow|0 fnt|[from] brn
|faint|p2a: Marshadow
|upkeep
|
|t:|1661955921
|switch|p2a: Snorlax|Snorlax, M|100/100
|turn|20
|
|t:|1661955929
|move|p1a: Arceus|Judgment|p2a: Snorlax
|-damage|p2a: Snorlax|80/100
|move|p2a: Snorlax|Yawn|p1a: Arceus
|-start|p1a: Arceus|move: Yawn|[of] p2a: Snorlax
|
|-heal|p2a: Snorlax|87/100|[from] item: Leftovers
|upkeep
|turn|21
|
|t:|1661955938
|switch|p1a: Necrozma|Necrozma-Dusk-Mane|57/100
|move|p2a: Snorlax|Body Slam|p1a: Necrozma
|-resisted|p1a: Necrozma
|-damage|p1a: Necrozma|48/100
|-status|p1a: Necrozma|par
|-damage|p2a: Snorlax|70/100|[from] item: Rocky Helmet|[of] p1a: Necrozma
|
|-heal|p2a: Snorlax|76/100|[from] item: Leftovers
|upkeep
|turn|22
|c| NoName6293|insane
|l| Pedri Enjoyer
|c| KeroE69|absolute h a x e d
|inactive|Vive Immortale has 120 seconds left.
|
|t:|1661955977
|switch|p2a: Reshiram|Reshiram|100/100
|-ability|p2a: Reshiram|Turboblaze
|cant|p1a: Necrozma|par
|
|upkeep
|turn|23
|inactive|Vive Immortale has 120 seconds left.
|c|☆Vive Immortale|crazy game
|c|☆Pawnnel|V r o
|c|☆Pawnnel|A para
|
|t:|1661955995
|switch|p1a: Ho-Oh|Ho-Oh|71/100
|move|p2a: Reshiram|Blue Flare|p1a: Ho-Oh
|-resisted|p1a: Ho-Oh
|-damage|p1a: Ho-Oh|40/100
|
|upkeep
|turn|24
|inactive|Vive Immortale has 120 seconds left.
|c| KeroE69|i get haxed very hard on regular random battles very frequently
|
|t:|1661956024
|switch|p1a: Arceus|Arceus-Ground|90/100
|-start|p2a: Reshiram|Dynamax|
|-heal|p2a: Reshiram|100/100|[silent]
|move|p2a: Reshiram|Max Wyrmwind|p1a: Arceus
|-damage|p1a: Arceus|35/100
|-unboost|p1a: Arceus|atk|1
|
|upkeep
|turn|25
|
|t:|1661956034
|move|p2a: Reshiram|Max Flare|p1a: Arceus
|-damage|p1a: Arceus|0 fnt
|-weather|SunnyDay
|faint|p1a: Arceus
|
|-weather|SunnyDay|[upkeep]
|upkeep
|
|t:|1661956052
|switch|p1a: Groudon|Groudon-Primal|41/100
|-weather|DesolateLand|[from] ability: Desolate Land|[of] p1a: Groudon
|turn|26
|
|t:|1661956059
|move|p2a: Reshiram|Max Wyrmwind|p1a: Groudon
|-damage|p1a: Groudon|0 fnt
|faint|p1a: Groudon
|-weather|none
|
|upkeep
|-message|Vive Immortale forfeited.
|
|win|Pawnnel
|raw|Vive Immortale's rating: 1652 &rarr; <strong>1634</strong><br />(-18 for losing)
|raw|Pawnnel's rating: 1694 &rarr; <strong>1712</strong><br />(+18 for winning)
|l|☆Vive Immortale
|c| KeroE69|oh
|c| KeroE69|no max quake
|l| KeroE69
|c|☆Pawnnel|I have earth power,just didn't felt like using it
|c|☆Pawnnel|Crazy game
|c|☆Pawnnel|Imma save it
|l| NoName6293
||Ladder isn't responding, score probably updated but might not have (Request timeout).
