|j|☆paradoxthetimelord
|j|☆TheGirl0nFire
|t:|1647716219
|gametype|singles
|player|p1|paradoxthetimelord|266|1601
|player|p2|TheGirl0nFire|flannery|1873
|teamsize|p1|6
|teamsize|p2|6
|gen|8
|tier|[Gen 8] National Dex AG
|rated|
|rule|HP Percentage Mod: HP is shown in percentages
|rule|Endless Battle Clause: Forcing endless battles is banned
|clearpoke
|poke|p1|Rayquaza|
|poke|p1|Marshadow|
|poke|p1|Zacian-*|
|poke|p1|Arceus-*|
|poke|p1|Ditto|
|poke|p1|Lugia|
|poke|p2|Ho-Oh|
|poke|p2|Klefki, F|
|poke|p2|Kyogre|
|poke|p2|Zygarde|
|poke|p2|Regieleki|
|poke|p2|Arceus-*|
|teampreview
|
|t:|1647716236
|start
|switch|p1a: The GOAT..er..deer|Arceus|100/100
|switch|p2a: Regieleki|Regieleki|100/100
|turn|1
|
|t:|1647716242
|switch|p2a: Klefki|Klefki, F|100/100
|move|p1a: The GOAT..er..deer|Extreme Speed|p2a: Klefki
|-resisted|p2a: Klefki
|-damage|p2a: Klefki|83/100
|
|upkeep
|turn|2
|
|t:|1647716245
|move|p2a: Klefki|Reflect|p2a: Klefki
|-sidestart|p2: TheGirl0nFire|Reflect
|move|p1a: The GOAT..er..deer|Substitute|p1a: The GOAT..er..deer
|-start|p1a: The GOAT..er..deer|Substitute
|-damage|p1a: The GOAT..er..deer|76/100
|
|-heal|p1a: The GOAT..er..deer|82/100|[from] item: Leftovers
|upkeep
|turn|3
|
|t:|1647716258
|switch|p2a: Zygarde|Zygarde|100/100
|move|p1a: The GOAT..er..deer|Swords Dance|p1a: The GOAT..er..deer
|-boost|p1a: The GOAT..er..deer|atk|2
|
|-heal|p1a: The GOAT..er..deer|88/100|[from] item: Leftovers
|upkeep
|turn|4
|
|t:|1647716261
|move|p1a: The GOAT..er..deer|Swords Dance|p1a: The GOAT..er..deer
|-boost|p1a: The GOAT..er..deer|atk|2
|move|p2a: Zygarde|Dragon Dance|p2a: Zygarde
|-boost|p2a: Zygarde|atk|1
|-boost|p2a: Zygarde|spe|1
|
|-heal|p1a: The GOAT..er..deer|94/100|[from] item: Leftovers
|upkeep
|turn|5
|
|t:|1647716265
|move|p2a: Zygarde|Thousand Arrows|p1a: The GOAT..er..deer
|-end|p1a: The GOAT..er..deer|Substitute
|move|p1a: The GOAT..er..deer|Swords Dance|p1a: The GOAT..er..deer
|-boost|p1a: The GOAT..er..deer|atk|2
|
|-heal|p1a: The GOAT..er..deer|99/100|[from] item: Leftovers
|upkeep
|turn|6
|
|t:|1647716273
|-start|p2a: Zygarde|Dynamax
|-heal|p2a: Zygarde|100/100|[silent]
|-start|p1a: The GOAT..er..deer|Dynamax
|-heal|p1a: The GOAT..er..deer|99/100|[silent]
|move|p2a: Zygarde|Max Quake|p1a: The GOAT..er..deer
|-damage|p1a: The GOAT..er..deer|78/100
|-boost|p2a: Zygarde|spd|1
|move|p1a: The GOAT..er..deer|Max Strike|p2a: Zygarde
|-damage|p2a: Zygarde|64/100
|-unboost|p2a: Zygarde|spe|1
|
|-heal|p1a: The GOAT..er..deer|81/100|[from] item: Leftovers
|-heal|p2a: Zygarde|67/100|[from] item: Leftovers
|upkeep
|turn|7
|
|t:|1647716284
|move|p1a: The GOAT..er..deer|Max Strike|p2a: Zygarde
|-damage|p2a: Zygarde|31/100
|-unboost|p2a: Zygarde|spe|1
|move|p2a: Zygarde|Max Quake|p1a: The GOAT..er..deer
|-damage|p1a: The GOAT..er..deer|60/100
|-boost|p2a: Zygarde|spd|1
|
|-heal|p1a: The GOAT..er..deer|64/100|[from] item: Leftovers
|-heal|p2a: Zygarde|34/100|[from] item: Leftovers
|-activate|p2a: Zygarde|ability: Power Construct
|detailschange|p2a: Zygarde|Zygarde-Complete
|-heal|p2a: Zygarde|56/100|[silent]
|upkeep
|turn|8
|c|☆paradoxthetimelord|That looks weird as shit
|c|☆paradoxthetimelord|lol
|c|☆paradoxthetimelord|Never seen dynamax zygarde-complete before
|
|t:|1647716310
|move|p1a: The GOAT..er..deer|Max Strike|p2a: Zygarde
|-damage|p2a: Zygarde|33/100
|-unboost|p2a: Zygarde|spe|1
|move|p2a: Zygarde|Max Quake|p1a: The GOAT..er..deer
|-damage|p1a: The GOAT..er..deer|42/100
|-boost|p2a: Zygarde|spd|1
|
|-heal|p1a: The GOAT..er..deer|45/100|[from] item: Leftovers
|-heal|p2a: Zygarde|37/100|[from] item: Leftovers
|-end|p1a: The GOAT..er..deer|Dynamax
|-heal|p1a: The GOAT..er..deer|45/100|[silent]
|-end|p2a: Zygarde|Dynamax
|-heal|p2a: Zygarde|37/100|[silent]
|upkeep
|turn|9
|c|☆TheGirl0nFire|1200 hp lol
|c|☆paradoxthetimelord|JESUS CHRIST
|
|t:|1647716324
|move|p1a: The GOAT..er..deer|Extreme Speed|p2a: Zygarde
|-damage|p2a: Zygarde|7/100
|move|p2a: Zygarde|Thousand Arrows|p1a: The GOAT..er..deer
|-damage|p1a: The GOAT..er..deer|16/100
|
|-heal|p1a: The GOAT..er..deer|22/100|[from] item: Leftovers
|-heal|p2a: Zygarde|13/100|[from] item: Leftovers
|-sideend|p2: TheGirl0nFire|Reflect
|upkeep
|turn|10
|
|t:|1647716329
|move|p1a: The GOAT..er..deer|Extreme Speed|p2a: Zygarde
|-damage|p2a: Zygarde|0 fnt
|faint|p2a: Zygarde
|
|-heal|p1a: The GOAT..er..deer|28/100|[from] item: Leftovers
|upkeep
|
|t:|1647716332
|switch|p2a: Klefki|Klefki, F|83/100
|turn|11
|j| Farce Of The Death
|
|t:|1647716335
|move|p2a: Klefki|Reflect|p2a: Klefki
|-sidestart|p2: TheGirl0nFire|Reflect
|move|p1a: The GOAT..er..deer|Substitute|p1a: The GOAT..er..deer
|-start|p1a: The GOAT..er..deer|Substitute
|-damage|p1a: The GOAT..er..deer|3/100
|
|-heal|p1a: The GOAT..er..deer|9/100|[from] item: Leftovers
|upkeep
|turn|12
|
|t:|1647716338
|move|p1a: The GOAT..er..deer|Extreme Speed|p2a: Klefki
|-resisted|p2a: Klefki
|-damage|p2a: Klefki|50/100
|move|p2a: Klefki|Light Screen|p2a: Klefki
|-sidestart|p2: TheGirl0nFire|move: Light Screen
|
|-heal|p1a: The GOAT..er..deer|15/100|[from] item: Leftovers
|upkeep
|turn|13
|
|t:|1647716355
|move|p1a: The GOAT..er..deer|Extreme Speed|p2a: Klefki
|-resisted|p2a: Klefki
|-damage|p2a: Klefki|13/100
|move|p2a: Klefki|Light Screen||[still]
|-fail|p2a: Klefki
|
|-heal|p1a: The GOAT..er..deer|22/100|[from] item: Leftovers
|upkeep
|turn|14
|
|t:|1647716362
|move|p2a: Klefki|Light Screen||[still]
|-fail|p2a: Klefki
|move|p1a: The GOAT..er..deer|Shadow Claw|p2a: Klefki
|-crit|p2a: Klefki
|-damage|p2a: Klefki|0 fnt
|faint|p2a: Klefki
|
|-heal|p1a: The GOAT..er..deer|28/100|[from] item: Leftovers
|upkeep
|
|t:|1647716366
|switch|p2a: Arceus|Arceus-Dark|100/100
|turn|15
|
|t:|1647716375
|move|p2a: Arceus|Judgment|p1a: The GOAT..er..deer
|-end|p1a: The GOAT..er..deer|Substitute
|move|p1a: The GOAT..er..deer|Shadow Claw|p2a: Arceus
|-resisted|p2a: Arceus
|-damage|p2a: Arceus|81/100
|
|-heal|p1a: The GOAT..er..deer|34/100|[from] item: Leftovers
|upkeep
|turn|16
|
|t:|1647716383
|move|p2a: Arceus|Judgment|p1a: The GOAT..er..deer
|-damage|p1a: The GOAT..er..deer|0 fnt
|faint|p1a: The GOAT..er..deer
|
|upkeep
|
|t:|1647716408
|switch|p1a: sleep paralysis|Marshadow|100/100
|turn|17
|
|t:|1647716412
|move|p1a: sleep paralysis|Close Combat|p2a: Arceus
|-supereffective|p2a: Arceus
|-damage|p2a: Arceus|38/100
|-unboost|p1a: sleep paralysis|def|1
|-unboost|p1a: sleep paralysis|spd|1
|move|p2a: Arceus|Judgment|p1a: sleep paralysis
|-enditem|p1a: sleep paralysis|Focus Sash
|-damage|p1a: sleep paralysis|1/100
|
|upkeep
|turn|18
|
|t:|1647716426
|move|p1a: sleep paralysis|Close Combat|p2a: Arceus
|-supereffective|p2a: Arceus
|-damage|p2a: Arceus|0 fnt
|-unboost|p1a: sleep paralysis|def|1
|-unboost|p1a: sleep paralysis|spd|1
|faint|p2a: Arceus
|
|-sideend|p2: TheGirl0nFire|Reflect
|upkeep
|
|t:|1647716429
|switch|p2a: Ho-Oh|Ho-Oh, shiny|100/100
|turn|19
|
|t:|1647716433
|move|p1a: sleep paralysis|Stone Edge|p2a: Ho-Oh|[miss]
|-miss|p1a: sleep paralysis|p2a: Ho-Oh
|-zpower|p2a: Ho-Oh
|move|p2a: Ho-Oh|Z-Celebrate|p2a: Ho-Oh|[anim]Celebrate
|-boost|p2a: Ho-Oh|atk|1|[zeffect]
|-boost|p2a: Ho-Oh|def|1|[zeffect]
|-boost|p2a: Ho-Oh|spa|1|[zeffect]
|-boost|p2a: Ho-Oh|spd|1|[zeffect]
|-boost|p2a: Ho-Oh|spe|1|[zeffect]
|-activate|p2a: Ho-Oh|move: Celebrate
|
|-sideend|p2: TheGirl0nFire|move: Light Screen
|upkeep
|turn|20
|c|☆TheGirl0nFire|wow
|
|t:|1647716442
|move|p2a: Ho-Oh|Brave Bird|p1a: sleep paralysis
|-supereffective|p1a: sleep paralysis
|-damage|p1a: sleep paralysis|0 fnt
|faint|p1a: sleep paralysis
|-damage|p2a: Ho-Oh|99/100|[from] Recoil
|
|upkeep
|
|t:|1647716444
|switch|p1a: HELLOMYNAMEISYOU|Ditto|100/100
|-transform|p1a: HELLOMYNAMEISYOU|p2a: Ho-Oh|[from] ability: Imposter
|turn|21
|c|☆paradoxthetimelord|Celebrate - "No competitive use"
|c|☆TheGirl0nFire|never seen stone edge marshadow
|
|t:|1647716477
|move|p1a: HELLOMYNAMEISYOU|Brave Bird|p2a: Ho-Oh
|-damage|p2a: Ho-Oh|23/100
|-damage|p1a: HELLOMYNAMEISYOU|70/100|[from] Recoil
|move|p2a: Ho-Oh|Brave Bird|p1a: HELLOMYNAMEISYOU
|-damage|p1a: HELLOMYNAMEISYOU|0 fnt
|faint|p1a: HELLOMYNAMEISYOU
|-damage|p2a: Ho-Oh|3/100|[from] Recoil
|
|upkeep
|c|☆TheGirl0nFire|always rock tomb
|
|t:|1647716484
|switch|p1a: green snek|Rayquaza|100/100
|-ability|p1a: green snek|Air Lock
|turn|22
|
|t:|1647716490
|detailschange|p1a: green snek|Rayquaza-Mega
|-mega|p1a: green snek|Rayquaza|
|-weather|DeltaStream|[from] ability: Delta Stream|[of] p1a: green snek
|move|p2a: Ho-Oh|Dual Wingbeat|p1a: green snek|[miss]
|-miss|p2a: Ho-Oh|p1a: green snek
|move|p1a: green snek|Scale Shot|p2a: Ho-Oh
|-damage|p2a: Ho-Oh|0 fnt
|faint|p2a: Ho-Oh
|-hitcount|p2: Ho-Oh|1
|-unboost|p1a: green snek|def|1
|-boost|p1a: green snek|spe|1
|-damage|p1a: green snek|91/100|[from] item: Life Orb
|
|-weather|DeltaStream|[upkeep]
|upkeep
|
|t:|1647716494
|switch|p2a: Kyogre|Kyogre|100/100
|detailschange|p2a: Kyogre|Kyogre-Primal
|-primal|p2a: Kyogre
|-weather|PrimordialSea|[from] ability: Primordial Sea|[of] p2a: Kyogre
|turn|23
|c|☆paradoxthetimelord|I put stone edge for flying types :P
|
|t:|1647716510
|move|p1a: green snek|Dragon Ascent|p2a: Kyogre
|-damage|p2a: Kyogre|1/100
|-unboost|p1a: green snek|def|1
|-unboost|p1a: green snek|spd|1
|-damage|p1a: green snek|81/100|[from] item: Life Orb
|move|p2a: Kyogre|Ice Beam|p1a: green snek
|-supereffective|p1a: green snek
|-damage|p1a: green snek|0 fnt
|faint|p1a: green snek
|
|-weather|PrimordialSea|[upkeep]
|upkeep
|
|t:|1647716518
|switch|p1a: SWORDINMOUTH|Zacian-Crowned|100/100
|-ability|p1a: SWORDINMOUTH|Intrepid Sword|boost
|-boost|p1a: SWORDINMOUTH|atk|1
|turn|24
|
|t:|1647716521
|move|p1a: SWORDINMOUTH|Behemoth Blade|p2a: Kyogre
|-resisted|p2a: Kyogre
|-damage|p2a: Kyogre|0 fnt
|faint|p2a: Kyogre
|-weather|none
|
|upkeep
|
|t:|1647716523
|switch|p2a: Regieleki|Regieleki|100/100
|turn|25
|c|☆TheGirl0nFire|gg
|
|t:|1647716530
|move|p2a: Regieleki|Thunderbolt|p1a: SWORDINMOUTH
|-damage|p1a: SWORDINMOUTH|34/100
|move|p1a: SWORDINMOUTH|Behemoth Blade|p2a: Regieleki
|-resisted|p2a: Regieleki
|-crit|p2a: Regieleki
|-damage|p2a: Regieleki|0 fnt
|faint|p2a: Regieleki
|
|win|paradoxthetimelord
|raw|paradoxthetimelord's rating: 1601 &rarr; <strong>1634</strong><br />(+33 for winning)
|raw|TheGirl0nFire's rating: 1873 &rarr; <strong>1840</strong><br />(-33 for losing)
|c|☆paradoxthetimelord|gg
|l|☆TheGirl0nFire
|l|☆paradoxthetimelord
