|j|☆soda49
|j|☆turbochargeds2000
|t:|1641860838
|gametype|singles
|player|p1|soda49|101|1551
|player|p2|turbochargeds2000|n|1429
|teamsize|p1|6
|teamsize|p2|6
|gen|8
|tier|[Gen 8] National Dex AG
|rated|
|rule|HP Percentage Mod: HP is shown in percentages
|rule|Endless Battle Clause: Forcing endless battles is banned
|clearpoke
|poke|p1|Smeargle, F|
|poke|p1|Charizard, M|
|poke|p1|Mimikyu, M|
|poke|p1|Thundurus, M|
|poke|p1|Gothitelle, F|
|poke|p1|Calyrex-Shadow|
|poke|p2|Glaceon, M|
|poke|p2|Clefable, M|
|poke|p2|Scolipede, M|
|poke|p2|Magearna|
|poke|p2|Diancie|
|poke|p2|Smeargle, F|
|teampreview
|inactive|Battle timer is ON: inactive players will automatically lose when time's up. (requested by soda49)
|
|t:|1641860849
|start
|switch|p1a: Mimikyu|Mimikyu, M|100/100
|switch|p2a: princess tilde|Diancie|100/100
|turn|1
|
|t:|1641860876
|detailschange|p2a: princess tilde|Diancie-Mega
|-mega|p2a: princess tilde|Diancie|Diancite
|move|p2a: princess tilde|Iron Defense|p2a: princess tilde
|-boost|p2a: princess tilde|def|2
|move|p1a: Mimikyu|Trick Room|p1a: Mimikyu
|-fieldstart|move: Trick Room|[of] p1a: Mimikyu
|
|upkeep
|turn|2
|
|t:|1641860888
|-zpower|p1a: Mimikyu
|move|p1a: Mimikyu|Let's Snuggle Forever|p2a: princess tilde|[zeffect]
|-damage|p2a: princess tilde|57/100
|move|p2a: princess tilde|Iron Defense|p2a: princess tilde
|-boost|p2a: princess tilde|def|2
|
|upkeep
|turn|3
|
|t:|1641860900
|move|p1a: Mimikyu|Curse|p2a: princess tilde
|-start|p2a: princess tilde|Curse|[of] p1a: Mimikyu
|-damage|p1a: Mimikyu|50/100
|move|p2a: princess tilde|Substitute|p2a: princess tilde
|-start|p2a: princess tilde|Substitute
|-damage|p2a: princess tilde|32/100
|
|-damage|p2a: princess tilde|7/100|[from] Curse
|upkeep
|turn|4
|
|t:|1641860918
|move|p1a: Mimikyu|Play Rough|p2a: princess tilde
|-activate|p2a: princess tilde|move: Substitute|[damage]
|move|p2a: princess tilde|Baton Pass|p2a: princess tilde
|
|t:|1641860924
|switch|p2a: stall fairy|Clefable, M|100/100|[from]move: Baton Pass
|
|-damage|p2a: stall fairy|76/100|[from] Curse
|upkeep
|turn|5
|
|t:|1641860932
|move|p2a: stall fairy|Minimize|p2a: stall fairy
|-boost|p2a: stall fairy|evasion|2
|move|p1a: Mimikyu|Play Rough|p2a: stall fairy|[miss]
|-miss|p1a: Mimikyu|p2a: stall fairy
|
|-heal|p2a: stall fairy|82/100|[from] item: Leftovers
|-damage|p2a: stall fairy|57/100|[from] Curse
|-fieldend|move: Trick Room
|upkeep
|turn|6
|
|t:|1641860947
|switch|p1a: Charizard|Charizard, M|100/100
|move|p2a: stall fairy|Calm Mind|p2a: stall fairy
|-boost|p2a: stall fairy|spa|1
|-boost|p2a: stall fairy|spd|1
|
|-heal|p2a: stall fairy|63/100|[from] item: Leftovers
|-damage|p2a: stall fairy|38/100|[from] Curse
|upkeep
|turn|7
|
|t:|1641860964
|-start|p1a: Charizard|Dynamax
|-formechange|p1a: Charizard|Charizard-Gmax
|-heal|p1a: Charizard|100/100|[silent]
|move|p1a: Charizard|G-Max Wildfire|p2a: stall fairy
|-end|p2a: stall fairy|Substitute
|-sidestart|p2: turbochargeds2000|G-Max Wildfire
|move|p2a: stall fairy|Baton Pass|p2a: stall fairy
|-message|turbochargeds2000 forfeited.
|
|win|soda49
|raw|soda49's rating: 1551 &rarr; <strong>1564</strong><br />(+13 for winning)
|raw|turbochargeds2000's rating: 1429 &rarr; <strong>1416</strong><br />(-13 for losing)
|l|☆turbochargeds2000
