|j|☆llmmllmm
|j|☆ihateDread
|t:|1664512598
|gametype|singles
|player|p1|llmmllmm|170|
|player|p2|ihateDread|n|
|teamsize|p1|6
|teamsize|p2|6
|gen|8
|tier|[Gen 8] National Dex AG
|rule|HP Percentage Mod: HP is shown in percentages
|rule|Endless Battle Clause: Forcing endless battles is banned
|clearpoke
|poke|p1|Gothitelle, F|
|poke|p1|Zacian-*|
|poke|p1|Tyranitar, F|
|poke|p1|Necrozma-Dusk-Mane|
|poke|p1|Latios, M|
|poke|p1|Arceus-*|
|poke|p2|Zacian-*|
|poke|p2|Rayquaza|
|poke|p2|Zekrom|
|poke|p2|Necrozma-Dusk-Mane|
|poke|p2|Calyrex-Shadow|
|poke|p2|Grimmsnarl, M|
|teampreview
|inactive|Battle timer is ON: inactive players will automatically lose when time's up. (requested by ihateDread)
|c|☆llmmllmm|i'm robert
|
|t:|1664512611
|start
|switch|p1a: Arceus|Arceus-Ground|100/100
|switch|p2a: Wall Builder|Grimmsnarl, M|100/100
|turn|1
|
|t:|1664512620
|switch|p1a: Zacian|Zacian-Crowned|100/100
|-ability|p1a: Zacian|Intrepid Sword|boost
|-boost|p1a: Zacian|atk|1
|move|p2a: Wall Builder|Taunt|p1a: Zacian
|-start|p1a: Zacian|move: Taunt
|
|upkeep
|turn|2
|
|t:|1664512623
|move|p2a: Wall Builder|Reflect|p2a: Wall Builder
|-sidestart|p2: ihateDread|Reflect
|move|p1a: Zacian|Behemoth Blade|p2a: Wall Builder
|-supereffective|p2a: Wall Builder
|-damage|p2a: Wall Builder|21/100
|
|upkeep
|turn|3
|
|t:|1664512628
|move|p2a: Wall Builder|Light Screen|p2a: Wall Builder
|-sidestart|p2: ihateDread|move: Light Screen
|move|p1a: Zacian|Behemoth Blade|p2a: Wall Builder
|-supereffective|p2a: Wall Builder
|-damage|p2a: Wall Builder|0 fnt
|faint|p2a: Wall Builder
|
|-end|p1a: Zacian|move: Taunt
|upkeep
|
|t:|1664512635
|switch|p2a: Light God|Necrozma-Dusk-Mane, shiny|100/100
|turn|4
|
|t:|1664512645
|move|p1a: Zacian|Substitute|p1a: Zacian
|-start|p1a: Zacian|Substitute
|-damage|p1a: Zacian|76/100
|move|p2a: Light God|Dragon Dance|p2a: Light God
|-boost|p2a: Light God|atk|1
|-boost|p2a: Light God|spe|1
|
|upkeep
|turn|5
|c|☆llmmllmm|i'm losing
|
|t:|1664512668
|move|p1a: Zacian|Close Combat|p2a: Light God
|-damage|p2a: Light God|68/100
|-unboost|p1a: Zacian|def|1
|-unboost|p1a: Zacian|spd|1
|move|p2a: Light God|Earthquake|p1a: Zacian
|-supereffective|p1a: Zacian
|-end|p1a: Zacian|Substitute
|
|upkeep
|turn|6
|c|☆llmmllmm|huh?
|
|t:|1664512696
|detailschange|p2a: Light God|Necrozma-Ultra, shiny
|-burst|p2a: Light God|Necrozma|Ultranecrozium Z
|move|p2a: Light God|Earthquake|p1a: Zacian
|-supereffective|p1a: Zacian
|-damage|p1a: Zacian|0 fnt
|faint|p1a: Zacian
|
|upkeep
|c|☆llmmllmm|huh
|c|☆ihateDread|LMAO
|
|t:|1664512705
|switch|p1a: Necrozma|Necrozma-Dusk-Mane|100/100
|turn|7
|
|t:|1664512710
|switch|p1a: Latios|Latios, M|100/100
|move|p2a: Light God|Earthquake|p1a: Latios
|-immune|p1a: Latios|[from] ability: Levitate
|
|upkeep
|turn|8
|c|☆llmmllmm|i don't feel so good
|
|t:|1664512723
|switch|p1a: Necrozma|Necrozma-Dusk-Mane|100/100
|-zpower|p2a: Light God
|move|p2a: Light God|Light That Burns the Sky|p1a: Necrozma|[zeffect]
|-resisted|p1a: Necrozma
|-damage|p1a: Necrozma|69/100
|
|upkeep
|turn|9
|c|☆ihateDread|gtfo
|c|☆llmmllmm|uh
|inactive|llmmllmm has 270 seconds left.
|inactive|ihateDread has 270 seconds left.
|c|☆llmmllmm|uh
|c|☆llmmllmm|uh
|c|☆llmmllmm|uh
|
|t:|1664512759
|move|p2a: Light God|Rock Blast|p1a: Necrozma|[miss]
|-miss|p2a: Light God|p1a: Necrozma
|move|p1a: Necrozma|Thunder Wave|p2a: Light God|[miss]
|-miss|p1a: Necrozma|p2a: Light God
|
|-sideend|p2: ihateDread|Reflect
|upkeep
|turn|10
|inactive|ihateDread has 270 seconds left.
|c|☆ihateDread|uh
|inactive|llmmllmm has 270 seconds left.
|c|☆llmmllmm|yea
|
|t:|1664512773
|move|p2a: Light God|Earthquake|p1a: Necrozma
|-supereffective|p1a: Necrozma
|-damage|p1a: Necrozma|0 fnt
|faint|p1a: Necrozma
|
|-sideend|p2: ihateDread|move: Light Screen
|upkeep
|
|t:|1664512776
|switch|p1a: Tyranitar|Tyranitar, F|100/100
|-weather|Sandstorm|[from] ability: Sand Stream|[of] p1a: Tyranitar
|turn|11
|
|t:|1664512783
|-start|p1a: Tyranitar|Dynamax|
|-heal|p1a: Tyranitar|100/100|[silent]
|move|p2a: Light God|Earthquake|p1a: Tyranitar
|-supereffective|p1a: Tyranitar
|-damage|p1a: Tyranitar|34/100
|move|p1a: Tyranitar|Max Darkness|p2a: Light God
|-supereffective|p2a: Light God
|-damage|p2a: Light God|0 fnt
|faint|p2a: Light God
|
|-weather|Sandstorm|[upkeep]
|-heal|p1a: Tyranitar|37/100|[from] item: Leftovers
|upkeep
|c|☆llmmllmm|i don't feel so good
|
|t:|1664512794
|switch|p2a: Sword|Zacian-Crowned|100/100
|-ability|p2a: Sword|Intrepid Sword|boost
|-boost|p2a: Sword|atk|1
|turn|12
|c|☆ihateDread|true
|
|t:|1664512804
|move|p1a: Tyranitar|Max Guard|p1a: Tyranitar
|-singleturn|p1a: Tyranitar|Max Guard
|move|p2a: Sword|Behemoth Blade|p1a: Tyranitar
|-activate|p1a: Tyranitar|move: Max Guard
|
|-weather|Sandstorm|[upkeep]
|-heal|p1a: Tyranitar|40/100|[from] item: Leftovers
|upkeep
|turn|13
|inactive|ihateDread has 270 seconds left.
|
|t:|1664512847
|-end|p1a: Tyranitar|Dynamax
|-heal|p1a: Tyranitar|40/100|[silent]
|switch|p1a: Arceus|Arceus-Ground|100/100
|move|p2a: Sword|Behemoth Blade|p1a: Arceus
|-damage|p1a: Arceus|50/100
|
|-weather|Sandstorm|[upkeep]
|upkeep
|turn|14
|c|☆llmmllmm|i don't feel so great
|
|t:|1664512862
|move|p2a: Sword|Behemoth Blade|p1a: Arceus
|-damage|p1a: Arceus|2/100
|move|p1a: Arceus|Judgment|p2a: Sword
|-supereffective|p2a: Sword
|-damage|p2a: Sword|9/100
|
|-weather|Sandstorm|[upkeep]
|upkeep
|turn|15
|
|t:|1664512868
|move|p2a: Sword|Play Rough|p1a: Arceus
|-damage|p1a: Arceus|0 fnt
|faint|p1a: Arceus
|
|-weather|none
|upkeep
|
|t:|1664512872
|switch|p1a: Gothitelle|Gothitelle, F|100/100
|turn|16
|c|☆ihateDread|wahhhh
|inactive|ihateDread has 270 seconds left.
|
|t:|1664512877
|move|p2a: Sword|Behemoth Blade|p1a: Gothitelle
|-damage|p1a: Gothitelle|0 fnt
|faint|p1a: Gothitelle
|
|upkeep
|c|☆ihateDread|ok
|c|☆llmmllmm|leave me and my family alone
|
|t:|1664512885
|switch|p1a: Latios|Latios, M|100/100
|turn|17
|
|t:|1664512888
|detailschange|p1a: Latios|Latios-Mega, M
|-mega|p1a: Latios|Latios|Latiosite
|move|p2a: Sword|Play Rough|p1a: Latios
|-supereffective|p1a: Latios
|-damage|p1a: Latios|0 fnt
|faint|p1a: Latios
|
|upkeep
|c|☆ihateDread|what family
|
|t:|1664512913
|switch|p1a: Tyranitar|Tyranitar, F|40/100
|-weather|Sandstorm|[from] ability: Sand Stream|[of] p1a: Tyranitar
|turn|18
|c|☆llmmllmm|wronge
|
|t:|1664512918
|move|p2a: Sword|Play Rough|p1a: Tyranitar
|-supereffective|p1a: Tyranitar
|-damage|p1a: Tyranitar|0 fnt
|faint|p1a: Tyranitar
|
|win|ihateDread
