|j|☆Naofumi_Bakugo_Jax
|j|☆Purrglar
|t:|1665833620
|gametype|singles
|player|p1|Naofumi_Bakugo_Jax|blue|1573
|player|p2|Purrglar|beauty|1627
|teamsize|p1|6
|teamsize|p2|6
|gen|8
|tier|[Gen 8] National Dex AG
|rated|
|rule|HP Percentage Mod: HP is shown in percentages
|rule|Endless Battle Clause: Forcing endless battles is banned
|clearpoke
|poke|p1|Zacian-*|
|poke|p1|Calyrex-Shadow|
|poke|p1|Yveltal|
|poke|p1|Arceus-*|
|poke|p1|Swampert, M|
|poke|p1|Kyogre|
|poke|p2|Ditto|
|poke|p2|Forretress, F|
|poke|p2|Arceus-*|
|poke|p2|Rayquaza|
|poke|p2|Zacian-*|
|poke|p2|Calyrex-Shadow|
|teampreview
|inactive|Battle timer is ON: inactive players will automatically lose when time's up. (requested by Purrglar)
|
|t:|1665833632
|start
|switch|p1a: Calyrex|Calyrex-Shadow|100/100
|switch|p2a: Forretress|Forretress, F|100/100
|-ability|p1a: Calyrex|As One
|-ability|p1a: Calyrex|Unnerve
|turn|1
|
|t:|1665833647
|move|p1a: Calyrex|Nasty Plot|p1a: Calyrex
|-boost|p1a: Calyrex|spa|2
|move|p2a: Forretress|Gyro Ball|p1a: Calyrex
|-damage|p1a: Calyrex|25/100
|
|upkeep
|turn|2
|
|t:|1665833659
|move|p1a: Calyrex|Baton Pass|p1a: Calyrex
|
|t:|1665833667
|switch|p1a: Yveltal|Yveltal, shiny|100/100|[from]move: Baton Pass
|-ability|p1a: Yveltal|Dark Aura
|move|p2a: Forretress|Stealth Rock|p1a: Yveltal
|-sidestart|p1: Naofumi_Bakugo_Jax|move: Stealth Rock
|
|upkeep
|turn|3
|inactive|Naofumi_Bakugo_Jax has 120 seconds left.
|
|t:|1665833699
|-start|p1a: Yveltal|Dynamax|
|-heal|p1a: Yveltal|100/100|[silent]
|move|p1a: Yveltal|Max Darkness|p2a: Forretress
|-ability|p2a: Forretress|Sturdy
|-damage|p2a: Forretress|1/100
|-unboost|p2a: Forretress|spd|1
|move|p2a: Forretress|Gyro Ball|p1a: Yveltal
|-crit|p1a: Yveltal
|-damage|p1a: Yveltal|73/100
|
|upkeep
|turn|4
|inactive|Naofumi_Bakugo_Jax has 120 seconds left.
|-enditem|p2a: Forretress|Custap Berry|[eat]
|-activate|p2a: Forretress|item: Custap Berry|[consumed]
|
|t:|1665833714
|move|p2a: Forretress|Explosion|p1a: Yveltal
|-damage|p1a: Yveltal|37/100
|faint|p2a: Forretress
|move|p1a: Yveltal|Max Airstream|p2: Forretress|[notarget]
|-fail|p1a: Yveltal
|
|upkeep
|
|t:|1665833730
|switch|p2a: Zacian|Zacian-Crowned|100/100
|-ability|p2a: Zacian|Intrepid Sword|boost
|-boost|p2a: Zacian|atk|1
|turn|5
|
|t:|1665833734
|move|p1a: Yveltal|Max Guard|p1a: Yveltal
|-singleturn|p1a: Yveltal|Max Guard
|move|p2a: Zacian|Wild Charge|p1a: Yveltal
|-activate|p1a: Yveltal|move: Max Guard
|
|upkeep
|-end|p1a: Yveltal|Dynamax
|-heal|p1a: Yveltal|37/100|[silent]
|turn|6
|
|t:|1665833742
|move|p1a: Yveltal|Tailwind|p1a: Yveltal
|-sidestart|p1: Naofumi_Bakugo_Jax|move: Tailwind
|move|p2a: Zacian|Behemoth Blade|p1a: Yveltal
|-damage|p1a: Yveltal|0 fnt
|faint|p1a: Yveltal
|
|upkeep
|inactive|Naofumi_Bakugo_Jax has 120 seconds left.
|
|t:|1665833775
|switch|p1a: Zacian|Zacian-Crowned|100/100
|-damage|p1a: Zacian|94/100|[from] Stealth Rock
|-ability|p1a: Zacian|Intrepid Sword|boost
|-boost|p1a: Zacian|atk|1
|turn|7
|inactive|Purrglar has 120 seconds left.
|
|t:|1665833810
|move|p1a: Zacian|Behemoth Blade|p2a: Zacian
|-damage|p2a: Zacian|3/100
|move|p2a: Zacian|Behemoth Blade|p1a: Zacian
|-damage|p1a: Zacian|8/100
|
|upkeep
|turn|8
|inactive|Naofumi_Bakugo_Jax has 120 seconds left.
|inactive|Purrglar has 120 seconds left.
|
|t:|1665833826
|move|p1a: Zacian|Quick Attack|p2a: Zacian
|-resisted|p2a: Zacian
|-crit|p2a: Zacian
|-damage|p2a: Zacian|0 fnt
|faint|p2a: Zacian
|
|upkeep
|inactive|Purrglar has 120 seconds left.
|
|t:|1665833835
|switch|p2a: Ditto|Ditto|100/100
|-transform|p2a: Ditto|p1a: Zacian|[from] ability: Imposter
|-ability|p2a: Ditto|Intrepid Sword|boost
|-boost|p2a: Ditto|atk|1
|turn|9
|inactive|Purrglar has 120 seconds left.
|inactive|Naofumi_Bakugo_Jax has 120 seconds left.
|
|t:|1665833858
|move|p2a: Ditto|Quick Attack|p1a: Zacian
|-resisted|p1a: Zacian
|-damage|p1a: Zacian|0 fnt
|faint|p1a: Zacian
|
|-sideend|p1: Naofumi_Bakugo_Jax|move: Tailwind
|upkeep
|inactive|Naofumi_Bakugo_Jax has 120 seconds left.
|
|t:|1665833870
|switch|p1a: Kyogre|Kyogre|100/100
|-damage|p1a: Kyogre|88/100|[from] Stealth Rock
|-weather|RainDance|[from] ability: Drizzle|[of] p1a: Kyogre
|turn|10
|inactive|Naofumi_Bakugo_Jax has 120 seconds left.
|
|t:|1665833879
|switch|p2a: Rayquaza|Rayquaza|100/100
|-ability|p2a: Rayquaza|Air Lock
|move|p1a: Kyogre|Thunder Wave|p2a: Rayquaza
|-status|p2a: Rayquaza|par
|
|-weather|RainDance|[upkeep]
|upkeep
|turn|11
|inactive|Naofumi_Bakugo_Jax has 120 seconds left.
|
|t:|1665833895
|switch|p1a: Calyrex|Calyrex-Shadow|25/100
|-ability|p1a: Calyrex|As One
|-ability|p1a: Calyrex|Unnerve
|-damage|p1a: Calyrex|13/100|[from] Stealth Rock
|detailschange|p2a: Rayquaza|Rayquaza-Mega
|-mega|p2a: Rayquaza|Rayquaza|
|-weather|DeltaStream|[from] ability: Delta Stream|[of] p2a: Rayquaza
|cant|p2a: Rayquaza|par
|
|-weather|DeltaStream|[upkeep]
|upkeep
|turn|12
|
|t:|1665833900
|move|p1a: Calyrex|Astral Barrage|p2a: Rayquaza
|-damage|p2a: Rayquaza|32/100 par
|move|p2a: Rayquaza|Dragon Ascent|p1a: Calyrex
|-damage|p1a: Calyrex|0 fnt
|-unboost|p2a: Rayquaza|def|1
|-unboost|p2a: Rayquaza|spd|1
|faint|p1a: Calyrex
|-damage|p2a: Rayquaza|22/100 par|[from] item: Life Orb
|
|-weather|DeltaStream|[upkeep]
|upkeep
|inactive|Naofumi_Bakugo_Jax has 120 seconds left.
|
|t:|1665833934
|switch|p1a: Kyogre|Kyogre|88/100
|-damage|p1a: Kyogre|76/100|[from] Stealth Rock
|-ability|p1a: Kyogre|Drizzle|[from] deltastream|[fail]
|turn|13
|
|t:|1665833941
|cant|p2a: Rayquaza|par
|move|p1a: Kyogre|Ice Beam|p2a: Rayquaza
|-activate||deltastream
|-supereffective|p2a: Rayquaza
|-damage|p2a: Rayquaza|0 fnt
|faint|p2a: Rayquaza
|-weather|none
|
|upkeep
|inactive|Purrglar has 120 seconds left.
|
|t:|1665833986
|switch|p2a: Arceus|Arceus|100/100
|turn|14
|
|t:|1665834000
|switch|p1a: Arceus|Arceus, shiny|100/100
|-damage|p1a: Arceus|88/100|[from] Stealth Rock
|move|p2a: Arceus|Swords Dance|p2a: Arceus
|-boost|p2a: Arceus|atk|2
|
|upkeep
|turn|15
|
|t:|1665834008
|move|p2a: Arceus|Extreme Speed|p1a: Arceus
|-damage|p1a: Arceus|16/100
|-damage|p2a: Arceus|91/100|[from] item: Life Orb
|move|p1a: Arceus|Reflect|p1a: Arceus
|-sidestart|p1: Naofumi_Bakugo_Jax|Reflect
|
|upkeep
|turn|16
|inactive|Naofumi_Bakugo_Jax has 120 seconds left.
|
|t:|1665834016
|move|p1a: Arceus|Extreme Speed|p2a: Arceus
|-damage|p2a: Arceus|57/100
|move|p2a: Arceus|Swords Dance|p2a: Arceus
|-boost|p2a: Arceus|atk|2
|
|upkeep
|turn|17
|inactive|Naofumi_Bakugo_Jax has 120 seconds left.
|
|t:|1665834030
|move|p2a: Arceus|Extreme Speed|p1a: Arceus
|-damage|p1a: Arceus|0 fnt
|faint|p1a: Arceus
|-damage|p2a: Arceus|47/100|[from] item: Life Orb
|
|upkeep
|inactive|Naofumi_Bakugo_Jax has 120 seconds left.
|
|t:|1665834039
|switch|p1a: Kyogre|Kyogre|76/100
|-damage|p1a: Kyogre|64/100|[from] Stealth Rock
|-weather|RainDance|[from] ability: Drizzle|[of] p1a: Kyogre
|turn|18
|
|t:|1665834049
|-start|p2a: Arceus|Dynamax|
|-heal|p2a: Arceus|47/100|[silent]
|move|p1a: Kyogre|Origin Pulse|p2a: Arceus|[miss]
|-miss|p1a: Kyogre|p2a: Arceus
|move|p2a: Arceus|Max Quake|p1a: Kyogre
|-damage|p1a: Kyogre|0 fnt
|-boost|p2a: Arceus|spd|1
|faint|p1a: Kyogre
|-damage|p2a: Arceus|42/100|[from] item: Life Orb
|
|-weather|RainDance|[upkeep]
|upkeep
|
|t:|1665834053
|switch|p1a: Swampert|Swampert, M|100/100
|-damage|p1a: Swampert|94/100|[from] Stealth Rock
|turn|19
|
|t:|1665834059
|detailschange|p1a: Swampert|Swampert-Mega, M
|-mega|p1a: Swampert|Swampert|Swampertite
|move|p1a: Swampert|Liquidation|p2a: Arceus
|-damage|p2a: Arceus|14/100
|move|p2a: Arceus|Max Strike|p1a: Swampert
|-damage|p1a: Swampert|0 fnt
|faint|p1a: Swampert
|-damage|p2a: Arceus|9/100|[from] item: Life Orb
|
|win|Purrglar
|raw|Naofumi_Bakugo_Jax's rating: 1573 &rarr; <strong>1556</strong><br />(-17 for losing)
|raw|Purrglar's rating: 1627 &rarr; <strong>1644</strong><br />(+17 for winning)
|l|☆Purrglar
|j|☆Purrglar
|player|p2|Purrglar|beauty
