|j|☆Jayki11
|j|☆C0ld as Ice
|t:|1667948597
|gametype|singles
|player|p1|Jayki11|red|1801
|player|p2|C0ld as Ice|schoolkid-gen4dp|1911
|teamsize|p1|6
|teamsize|p2|6
|gen|8
|tier|[Gen 8] National Dex AG
|rated|
|rule|HP Percentage Mod: HP is shown in percentages
|rule|Endless Battle Clause: Forcing endless battles is banned
|clearpoke
|poke|p1|Yveltal|
|poke|p1|Ho-Oh|
|poke|p1|Groudon|
|poke|p1|Necrozma-Dusk-Mane|
|poke|p1|Zacian-*|
|poke|p1|Ditto|
|poke|p2|Yveltal|
|poke|p2|Rayquaza|
|poke|p2|Arceus-*|
|poke|p2|Calyrex-Shadow|
|poke|p2|Donphan, M|
|poke|p2|Marshadow|
|teampreview
|inactive|Battle timer is ON: inactive players will automatically lose when time's up. (requested by C0ld as Ice)
|
|t:|1667948615
|start
|switch|p1a: Necrozma|Necrozma-Dusk-Mane|100/100
|switch|p2a: Donphan|Donphan, M|100/100
|turn|1
|
|t:|1667948623
|move|p1a: Necrozma|Stealth Rock|p2a: Donphan
|-sidestart|p2: C0ld as Ice|move: Stealth Rock
|move|p2a: Donphan|Stealth Rock|p1a: Necrozma
|-sidestart|p1: Jayki11|move: Stealth Rock
|
|upkeep
|turn|2
|j| Abbiezsoft
|
|t:|1667948634
|move|p1a: Necrozma|Iron Head|p2a: Donphan
|-damage|p2a: Donphan|73/100
|move|p2a: Donphan|Bulldoze|p1a: Necrozma
|-supereffective|p1a: Necrozma
|-damage|p1a: Necrozma|75/100
|-unboost|p1a: Necrozma|spe|1
|
|-heal|p1a: Necrozma|81/100|[from] item: Leftovers
|upkeep
|turn|3
|
|t:|1667948648
|switch|p1a: Ho-Oh|Ho-Oh|100/100
|move|p2a: Donphan|Rapid Spin|p1a: Ho-Oh
|-damage|p1a: Ho-Oh|92/100
|-boost|p2a: Donphan|spe|1
|-sideend|p2: C0ld as Ice|Stealth Rock|[from] move: Rapid Spin|[of] p2a: Donphan
|
|upkeep
|turn|4
|j| rowletroost
|
|t:|1667948661
|switch|p2a: Rayquaza|Rayquaza|100/100
|-ability|p2a: Rayquaza|Air Lock
|move|p1a: Ho-Oh|Toxic|p2a: Rayquaza
|-status|p2a: Rayquaza|tox
|
|-damage|p2a: Rayquaza|95/100 tox|[from] psn
|upkeep
|turn|5
|
|t:|1667948669
|detailschange|p2a: Rayquaza|Rayquaza-Mega
|-mega|p2a: Rayquaza|Rayquaza|
|-weather|DeltaStream|[from] ability: Delta Stream|[of] p2a: Rayquaza
|move|p2a: Rayquaza|Dragon Dance|p2a: Rayquaza
|-boost|p2a: Rayquaza|atk|1
|-boost|p2a: Rayquaza|spe|1
|move|p1a: Ho-Oh|Defog|p2a: Rayquaza
|-unboost|p2a: Rayquaza|evasion|1
|-sideend|p1: Jayki11|Stealth Rock|[from] move: Defog|[of] p1a: Ho-Oh
|
|-weather|DeltaStream|[upkeep]
|-damage|p2a: Rayquaza|83/100 tox|[from] psn
|upkeep
|turn|6
|
|t:|1667948680
|move|p2a: Rayquaza|Dragon Dance|p2a: Rayquaza
|-boost|p2a: Rayquaza|atk|1
|-boost|p2a: Rayquaza|spe|1
|move|p1a: Ho-Oh|Whirlwind|p2a: Rayquaza
|-weather|none
|drag|p2a: Donphan|Donphan, M|73/100
|
|upkeep
|turn|7
|
|t:|1667948689
|switch|p2a: Rayquaza|Rayquaza-Mega|83/100 tox
|-weather|DeltaStream|[from] ability: Delta Stream|[of] p2a: Rayquaza
|move|p1a: Ho-Oh|Toxic|p2a: Rayquaza|[miss]
|-miss|p1a: Ho-Oh|p2a: Rayquaza
|
|-weather|DeltaStream|[upkeep]
|-damage|p2a: Rayquaza|77/100 tox|[from] psn
|upkeep
|turn|8
|
|t:|1667948697
|move|p2a: Rayquaza|Dragon Ascent|p1a: Ho-Oh
|-damage|p1a: Ho-Oh|10/100
|-unboost|p2a: Rayquaza|def|1
|-unboost|p2a: Rayquaza|spd|1
|-damage|p2a: Rayquaza|67/100 tox|[from] item: Life Orb
|move|p1a: Ho-Oh|Whirlwind|p2a: Rayquaza
|-weather|none
|drag|p2a: Arceus|Arceus|100/100
|
|upkeep
|turn|9
|
|t:|1667948717
|switch|p2a: Rayquaza|Rayquaza-Mega|67/100 tox
|-weather|DeltaStream|[from] ability: Delta Stream|[of] p2a: Rayquaza
|switch|p1a: Zacian|Zacian-Crowned|100/100
|-ability|p1a: Zacian|Intrepid Sword|boost
|-boost|p1a: Zacian|atk|1
|
|-weather|DeltaStream|[upkeep]
|-damage|p2a: Rayquaza|61/100 tox|[from] psn
|upkeep
|turn|10
|
|t:|1667948733
|-weather|none
|switch|p2a: Donphan|Donphan, M|73/100
|move|p1a: Zacian|Behemoth Blade|p2a: Donphan
|-damage|p2a: Donphan|0 fnt
|faint|p2a: Donphan
|
|upkeep
|
|t:|1667948740
|switch|p2a: Calyrex|Calyrex-Shadow|100/100
|-ability|p2a: Calyrex|As One
|-ability|p2a: Calyrex|Unnerve
|turn|11
|
|t:|1667948746
|move|p2a: Calyrex|Substitute|p2a: Calyrex
|-start|p2a: Calyrex|Substitute
|-damage|p2a: Calyrex|76/100
|move|p1a: Zacian|Assurance|p2a: Calyrex
|-supereffective|p2a: Calyrex
|-end|p2a: Calyrex|Substitute
|
|upkeep
|turn|12
|
|t:|1667948752
|move|p2a: Calyrex|Substitute|p2a: Calyrex
|-start|p2a: Calyrex|Substitute
|-damage|p2a: Calyrex|51/100
|move|p1a: Zacian|Assurance|p2a: Calyrex
|-supereffective|p2a: Calyrex
|-end|p2a: Calyrex|Substitute
|
|upkeep
|turn|13
|
|t:|1667948758
|move|p2a: Calyrex|Substitute|p2a: Calyrex
|-start|p2a: Calyrex|Substitute
|-damage|p2a: Calyrex|26/100
|move|p1a: Zacian|Assurance|p2a: Calyrex
|-supereffective|p2a: Calyrex
|-end|p2a: Calyrex|Substitute
|
|upkeep
|turn|14
|
|t:|1667948763
|-zpower|p2a: Calyrex
|move|p2a: Calyrex|Never-Ending Nightmare|p1a: Zacian|[zeffect]
|-damage|p1a: Zacian|5/100
|move|p1a: Zacian|Assurance|p2a: Calyrex
|-supereffective|p2a: Calyrex
|-damage|p2a: Calyrex|0 fnt
|faint|p2a: Calyrex
|
|upkeep
|
|t:|1667948771
|switch|p2a: Rayquaza|Rayquaza-Mega|61/100 tox
|-weather|DeltaStream|[from] ability: Delta Stream|[of] p2a: Rayquaza
|turn|15
|
|t:|1667948779
|switch|p1a: Necrozma|Necrozma-Dusk-Mane|81/100
|move|p2a: Rayquaza|Extreme Speed|p1a: Necrozma
|-resisted|p1a: Necrozma
|-damage|p1a: Necrozma|62/100
|-damage|p2a: Rayquaza|51/100 tox|[from] item: Life Orb
|
|-weather|DeltaStream|[upkeep]
|-heal|p1a: Necrozma|68/100|[from] item: Leftovers
|-damage|p2a: Rayquaza|45/100 tox|[from] psn
|upkeep
|turn|16
|
|t:|1667948791
|move|p2a: Rayquaza|V-create|p1a: Necrozma
|-supereffective|p1a: Necrozma
|-damage|p1a: Necrozma|0 fnt
|-unboost|p2a: Rayquaza|spe|1
|-unboost|p2a: Rayquaza|def|1
|-unboost|p2a: Rayquaza|spd|1
|faint|p1a: Necrozma
|-damage|p2a: Rayquaza|35/100 tox|[from] item: Life Orb
|
|-weather|DeltaStream|[upkeep]
|-damage|p2a: Rayquaza|23/100 tox|[from] psn
|upkeep
|
|t:|1667948800
|switch|p1a: Ditto|Ditto|100/100
|-transform|p1a: Ditto|p2a: Rayquaza|[from] ability: Imposter
|turn|17
|inactive|C0ld as Ice has 120 seconds left.
|
|t:|1667948831
|switch|p1a: Yveltal|Yveltal|100/100
|-ability|p1a: Yveltal|Dark Aura
|move|p2a: Rayquaza|Extreme Speed|p1a: Yveltal
|-damage|p1a: Yveltal|48/100
|-damage|p2a: Rayquaza|13/100 tox|[from] item: Life Orb
|
|-weather|DeltaStream|[upkeep]
|-damage|p2a: Rayquaza|0 fnt|[from] psn
|faint|p2a: Rayquaza
|-weather|none
|upkeep
|inactive|C0ld as Ice has 120 seconds left.
|
|t:|1667948836
|switch|p2a: Marshadow|Marshadow|100/100
|turn|18
|
|t:|1667948844
|-start|p1a: Yveltal|Dynamax|
|-heal|p1a: Yveltal|48/100|[silent]
|move|p2a: Marshadow|Close Combat|p1a: Yveltal
|-damage|p1a: Yveltal|6/100
|-unboost|p2a: Marshadow|def|1
|-unboost|p2a: Marshadow|spd|1
|-damage|p2a: Marshadow|91/100|[from] item: Life Orb
|move|p1a: Yveltal|Max Airstream|p2a: Marshadow
|-supereffective|p2a: Marshadow
|-damage|p2a: Marshadow|0 fnt
|-boost|p1a: Yveltal|spe|1
|faint|p2a: Marshadow
|-damage|p1a: Yveltal|1/100|[from] item: Life Orb
|
|upkeep
|
|t:|1667948854
|switch|p2a: Arceus|Arceus|100/100
|turn|19
|
|t:|1667948861
|move|p2a: Arceus|Extreme Speed|p1a: Yveltal
|-damage|p1a: Yveltal|0 fnt
|faint|p1a: Yveltal
|
|upkeep
|
|t:|1667948866
|switch|p1a: Zacian|Zacian-Crowned|5/100
|-ability|p1a: Zacian|Intrepid Sword|boost
|-boost|p1a: Zacian|atk|1
|turn|20
|inactive|C0ld as Ice has 120 seconds left.
|
|t:|1667948916
|switch|p1a: Ho-Oh|Ho-Oh|43/100
|move|p2a: Arceus|Extreme Speed|p1a: Ho-Oh
|-damage|p1a: Ho-Oh|13/100
|
|upkeep
|turn|21
|
|t:|1667948933
|switch|p1a: Zacian|Zacian-Crowned|5/100
|-ability|p1a: Zacian|Intrepid Sword|boost
|-boost|p1a: Zacian|atk|1
|move|p2a: Arceus|Swords Dance|p2a: Arceus
|-boost|p2a: Arceus|atk|2
|
|upkeep
|turn|22
|
|t:|1667948943
|move|p2a: Arceus|Extreme Speed|p1a: Zacian
|-resisted|p1a: Zacian
|-damage|p1a: Zacian|0 fnt
|faint|p1a: Zacian
|
|upkeep
|
|t:|1667948953
|switch|p1a: Groudon|Groudon|100/100
|detailschange|p1a: Groudon|Groudon-Primal
|-primal|p1a: Groudon
|-weather|DesolateLand|[from] ability: Desolate Land|[of] p1a: Groudon
|turn|23
|inactive|C0ld as Ice has 120 seconds left.
|
|t:|1667948960
|move|p2a: Arceus|Extreme Speed|p1a: Groudon
|-damage|p1a: Groudon|49/100
|move|p1a: Groudon|Precipice Blades|p2a: Arceus
|-damage|p2a: Arceus|39/100
|
|-weather|DesolateLand|[upkeep]
|upkeep
|turn|24
|inactive|C0ld as Ice has 120 seconds left.
|
|t:|1667948987
|move|p2a: Arceus|Swords Dance|p2a: Arceus
|-boost|p2a: Arceus|atk|2
|move|p1a: Groudon|Precipice Blades|p2a: Arceus
|-damage|p2a: Arceus|0 fnt
|faint|p2a: Arceus
|
|-weather|DesolateLand|[upkeep]
|upkeep
|
|t:|1667948989
|switch|p2a: Yveltal|Yveltal|100/100
|-ability|p2a: Yveltal|Dark Aura
|turn|25
|
|t:|1667948999
|-start|p2a: Yveltal|Dynamax|
|-heal|p2a: Yveltal|100/100|[silent]
|move|p2a: Yveltal|Max Airstream|p1a: Groudon
|-damage|p1a: Groudon|0 fnt
|-boost|p2a: Yveltal|spe|1
|faint|p1a: Groudon
|-weather|none
|-damage|p2a: Yveltal|96/100|[from] item: Life Orb
|
|upkeep
|
|t:|1667949010
|switch|p1a: Ho-Oh|Ho-Oh|47/100
|turn|26
|
|t:|1667949016
|move|p2a: Yveltal|Max Airstream|p1a: Ho-Oh
|-damage|p1a: Ho-Oh|0 fnt
|-boost|p2a: Yveltal|spe|1
|faint|p1a: Ho-Oh
|-damage|p2a: Yveltal|91/100|[from] item: Life Orb
|
|upkeep
|
|t:|1667949022
|switch|p1a: Ditto|Ditto|100/100
|-transform|p1a: Ditto|p2a: Yveltal|[from] ability: Imposter
|-ability|p1a: Ditto|Dark Aura
|turn|27
|
|t:|1667949031
|move|p1a: Ditto|Oblivion Wing|p2a: Yveltal
|-damage|p2a: Yveltal|70/100
|move|p2a: Yveltal|Max Airstream|p1a: Ditto
|-damage|p1a: Ditto|0 fnt
|-boost|p2a: Yveltal|spe|1
|faint|p1a: Ditto
|-damage|p2a: Yveltal|65/100|[from] item: Life Orb
|
|win|C0ld as Ice
|raw|Jayki11's rating: 1801 &rarr; <strong>1787</strong><br />(-14 for losing)
|raw|C0ld as Ice's rating: 1911 &rarr; <strong>1925</strong><br />(+14 for winning)
|l|☆Jayki11
|l| Abbiezsoft
||Ladder isn't responding, score probably updated but might not have (Request timeout).
