|j|☆JAY100064
|j|☆PoopedDoggyDog
|t:|1620329699
|gametype|singles
|player|p1|JAY100064|preschooler|1250
|player|p2|PoopedDoggyDog|n|1214
|teamsize|p1|6
|teamsize|p2|6
|gen|8
|tier|[Gen 8] National Dex AG
|rated|
|clearpoke
|poke|p1|Aron, L1, M|
|poke|p1|Pineco, L1, F|
|poke|p1|Riolu, M|
|poke|p1|Skarmory, L1, F|
|poke|p1|Rattata-Alola, L1, M|
|poke|p1|Zacian-Crowned|
|poke|p2|Slurpuff, F|
|poke|p2|Swellow, M|
|poke|p2|Jolteon, M|
|poke|p2|Cinderace, F|
|poke|p2|Beedrill, M|
|poke|p2|Buzzwole|
|rule|HP Percentage Mod: HP is shown in percentages
|rule|Endless Battle Clause: Forcing endless battles is banned
|teampreview
|j| wingedmemer
|c|☆PoopedDoggyDog|Hello again
|
|t:|1620329716
|start
|switch|p1a: Lol!|Zacian-Crowned|100/100
|switch|p2a: Beedrill|Beedrill, M|100/100
|-ability|p1a: Lol!|Intrepid Sword|boost
|-boost|p1a: Lol!|atk|1
|turn|1
|c|☆JAY100064|:(
|
|t:|1620329725
|detailschange|p2a: Beedrill|Beedrill-Mega, M
|-mega|p2a: Beedrill|Beedrill|Beedrillite
|move|p1a: Lol!|Swords Dance|p1a: Lol!
|-boost|p1a: Lol!|atk|2
|move|p2a: Beedrill|Drill Run|p1a: Lol!
|-supereffective|p1a: Lol!
|-damage|p1a: Lol!|42/100
|
|upkeep
|turn|2
|
|t:|1620329735
|move|p1a: Lol!|Behemoth Blade|p2a: Beedrill
|-damage|p2a: Beedrill|0 fnt
|faint|p2a: Beedrill
|
|upkeep
|c| wingedmemer|why is pineco bug type
|c|☆JAY100064|...
|
|t:|1620329756
|switch|p2a: Jolteon|Jolteon, M|100/100
|turn|3
|
|t:|1620329766
|move|p2a: Jolteon|Protect|p2a: Jolteon
|-singleturn|p2a: Jolteon|Protect
|move|p1a: Lol!|Behemoth Blade|p2a: Jolteon
|-activate|p2a: Jolteon|move: Protect
|
|upkeep
|turn|4
|
|t:|1620329772
|move|p1a: Lol!|Behemoth Blade|p2a: Jolteon
|-resisted|p2a: Jolteon
|-enditem|p2a: Jolteon|Focus Sash
|-damage|p2a: Jolteon|1/100
|move|p2a: Jolteon|Volt Switch|p1a: Lol!
|-damage|p1a: Lol!|6/100
|
|t:|1620329779
|switch|p2a: Swellow|Swellow, M, shiny|100/100|[from]move: Volt Switch
|
|-status|p2a: Swellow|brn|[from] item: Flame Orb
|upkeep
|turn|5
|
|t:|1620329785
|move|p2a: Swellow|Quick Attack|p1a: Lol!
|-resisted|p1a: Lol!
|-damage|p1a: Lol!|0 fnt
|faint|p1a: Lol!
|
|-damage|p2a: Swellow|94/100 brn|[from] brn
|upkeep
|
|t:|1620329793
|switch|p1a: :FEAR2:|Pineco, L1, F|100/100
|turn|6
|
|t:|1620329803
|move|p2a: Swellow|U-turn|p1a: :FEAR2:
|-ability|p1a: :FEAR2:|Sturdy
|-damage|p1a: :FEAR2:|9/100
|-enditem|p1a: :FEAR2:|Berry Juice
|-heal|p1a: :FEAR2:|100/100|[from] item: Berry Juice
|
|t:|1620329811
|switch|p2a: Cinderace|Cinderace, F|100/100|[from]move: U-turn
|move|p1a: :FEAR2:|Toxic Spikes|p2a: Cinderace
|-sidestart|p2: PoopedDoggyDog|move: Toxic Spikes
|
|upkeep
|turn|7
|
|t:|1620329832
|switch|p2a: Jolteon|Jolteon, M|1/100
|-status|p2a: Jolteon|psn
|move|p1a: :FEAR2:|Pain Split|p2a: Jolteon
|-sethp|p2a: Jolteon|3/100 psn|[from] move: Pain Split|[silent]
|-sethp|p1a: :FEAR2:|50/100|[from] move: Pain Split
|
|-damage|p2a: Jolteon|0 fnt|[from] psn
|faint|p2a: Jolteon
|upkeep
|
|t:|1620329844
|switch|p2a: Swellow|Swellow, M, shiny|94/100 brn
|turn|8
|
|t:|1620329851
|move|p2a: Swellow|Quick Attack|p1a: :FEAR2:
|-damage|p1a: :FEAR2:|0 fnt
|faint|p1a: :FEAR2:
|
|-damage|p2a: Swellow|88/100 brn|[from] brn
|upkeep
|
|t:|1620329860
|switch|p1a: :FEAR4:|Skarmory, L1, F|100/100
|turn|9
|
|t:|1620329868
|move|p2a: Swellow|U-turn|p1a: :FEAR4:
|-resisted|p1a: :FEAR4:
|-ability|p1a: :FEAR4:|Sturdy
|-damage|p1a: :FEAR4:|9/100
|
|t:|1620329873
|switch|p2a: Cinderace|Cinderace, F|100/100|[from]move: U-turn
|-status|p2a: Cinderace|psn
|move|p1a: :FEAR4:|Fly||[still]
|-prepare|p1a: :FEAR4:|Fly
|
|-damage|p2a: Cinderace|88/100 psn|[from] psn
|-damage|p1a: :FEAR4:|0 fnt|[from] item: Sticky Barb
|faint|p1a: :FEAR4:
|upkeep
|
|t:|1620329885
|switch|p1a: :FEAR3:|Riolu, M|100/100
|turn|10
|
|t:|1620329892
|move|p1a: :FEAR3:|Copycat|p1a: :FEAR3:
|move|p1a: :FEAR3:|Fly||[from]move: Copycat|[still]
|-prepare|p1a: :FEAR3:|Fly
|move|p2a: Cinderace|Court Change|p2a: Cinderace
|-start|p2a: Cinderace|typechange|Normal|[from] ability: Libero
|-sideend|p2: PoopedDoggyDog|Toxic Spikes|[silent]
|-sidestart|p1: JAY100064|Toxic Spikes|[silent]
|-activate|p2a: Cinderace|move: Court Change
|
|-heal|p2a: Cinderace|94/100 psn|[from] item: Leftovers
|-damage|p2a: Cinderace|82/100 psn|[from] psn
|upkeep
|turn|11
|
|t:|1620329914
|move|p2a: Cinderace|Protect|p2a: Cinderace
|-singleturn|p2a: Cinderace|Protect
|move|p1a: :FEAR3:|Fly|p2a: Cinderace|[from]lockedmove
|-activate|p2a: Cinderace|move: Protect
|
|-heal|p2a: Cinderace|88/100 psn|[from] item: Leftovers
|-damage|p2a: Cinderace|75/100 psn|[from] psn
|upkeep
|turn|12
|
|t:|1620329927
|move|p1a: :FEAR3:|Copycat|p1a: :FEAR3:
|move|p1a: :FEAR3:|Fly||[from]move: Copycat|[still]
|-prepare|p1a: :FEAR3:|Fly
|move|p2a: Cinderace|Work Up|p2a: Cinderace
|-boost|p2a: Cinderace|atk|1
|-boost|p2a: Cinderace|spa|1
|
|-heal|p2a: Cinderace|82/100 psn|[from] item: Leftovers
|-damage|p2a: Cinderace|69/100 psn|[from] psn
|upkeep
|turn|13
|
|t:|1620329934
|move|p2a: Cinderace|Work Up|p2a: Cinderace
|-boost|p2a: Cinderace|atk|1
|-boost|p2a: Cinderace|spa|1
|move|p1a: :FEAR3:|Fly|p2a: Cinderace|[from]lockedmove
|-damage|p2a: Cinderace|40/100 psn
|
|-heal|p2a: Cinderace|46/100 psn|[from] item: Leftovers
|-damage|p2a: Cinderace|34/100 psn|[from] psn
|upkeep
|turn|14
|
|t:|1620329947
|move|p1a: :FEAR3:|Copycat|p1a: :FEAR3:
|move|p1a: :FEAR3:|Fly||[from]move: Copycat|[still]
|-prepare|p1a: :FEAR3:|Fly
|move|p2a: Cinderace|Work Up|p2a: Cinderace
|-boost|p2a: Cinderace|atk|1
|-boost|p2a: Cinderace|spa|1
|
|-heal|p2a: Cinderace|40/100 psn|[from] item: Leftovers
|-damage|p2a: Cinderace|27/100 psn|[from] psn
|upkeep
|turn|15
|
|t:|1620329958
|move|p2a: Cinderace|Baton Pass|p2a: Cinderace
|
|t:|1620329970
|switch|p2a: Slurpuff|Slurpuff, F|100/100|[from]move: Baton Pass
|move|p1a: :FEAR3:|Fly|p2a: Slurpuff|[from]lockedmove
|-damage|p2a: Slurpuff|70/100
|
|upkeep
|turn|16
|
|t:|1620329978
|move|p1a: :FEAR3:|Copycat|p1a: :FEAR3:
|move|p1a: :FEAR3:|Fly||[from]move: Copycat|[still]
|-prepare|p1a: :FEAR3:|Fly
|move|p2a: Slurpuff|Heal Bell|p2a: Slurpuff
|-activate|p2a: Slurpuff|move: Heal Bell
|-curestatus|p2: Swellow|brn|[msg]
|-curestatus|p2: Cinderace|psn|[msg]
|-enditem|p2a: Slurpuff|Throat Spray
|-boost|p2a: Slurpuff|spa|1|[from] item: Throat Spray
|
|upkeep
|turn|17
|
|t:|1620329988
|move|p2a: Slurpuff|Draining Kiss|p1a: :FEAR3:|[miss]
|-miss|p2a: Slurpuff|p1a: :FEAR3:
|move|p1a: :FEAR3:|Fly|p2a: Slurpuff|[from]lockedmove|[miss]
|-miss|p1a: :FEAR3:|p2a: Slurpuff
|
|upkeep
|turn|18
|
|t:|1620329995
|move|p1a: :FEAR3:|Copycat|p1a: :FEAR3:
|move|p1a: :FEAR3:|Fly||[from]move: Copycat|[still]
|-prepare|p1a: :FEAR3:|Fly
|move|p2a: Slurpuff|Draining Kiss|p1a: :FEAR3:|[miss]
|-miss|p2a: Slurpuff|p1a: :FEAR3:
|
|upkeep
|turn|19
|
|t:|1620330001
|move|p2a: Slurpuff|Draining Kiss|p1a: :FEAR3:|[miss]
|-miss|p2a: Slurpuff|p1a: :FEAR3:
|move|p1a: :FEAR3:|Fly|p2a: Slurpuff|[from]lockedmove
|-damage|p2a: Slurpuff|42/100
|
|upkeep
|turn|20
|
|t:|1620330009
|move|p1a: :FEAR3:|Copycat|p1a: :FEAR3:
|move|p1a: :FEAR3:|Fly||[from]move: Copycat|[still]
|-prepare|p1a: :FEAR3:|Fly
|move|p2a: Slurpuff|Draining Kiss|p1a: :FEAR3:|[miss]
|-miss|p2a: Slurpuff|p1a: :FEAR3:
|
|upkeep
|turn|21
|
|t:|1620330014
|move|p2a: Slurpuff|Draining Kiss|p1a: :FEAR3:|[miss]
|-miss|p2a: Slurpuff|p1a: :FEAR3:
|move|p1a: :FEAR3:|Fly|p2a: Slurpuff|[from]lockedmove
|-damage|p2a: Slurpuff|12/100
|
|upkeep
|turn|22
|
|t:|1620330020
|move|p1a: :FEAR3:|Copycat|p1a: :FEAR3:
|move|p1a: :FEAR3:|Fly||[from]move: Copycat|[still]
|-prepare|p1a: :FEAR3:|Fly
|move|p2a: Slurpuff|Draining Kiss|p1a: :FEAR3:|[miss]
|-miss|p2a: Slurpuff|p1a: :FEAR3:
|
|upkeep
|turn|23
|
|t:|1620330027
|move|p2a: Slurpuff|Draining Kiss|p1a: :FEAR3:|[miss]
|-miss|p2a: Slurpuff|p1a: :FEAR3:
|move|p1a: :FEAR3:|Fly|p2a: Slurpuff|[from]lockedmove
|-damage|p2a: Slurpuff|0 fnt
|faint|p2a: Slurpuff
|
|upkeep
|
|t:|1620330033
|switch|p2a: Cinderace|Cinderace, F|27/100
|turn|24
|
|t:|1620330041
|move|p1a: :FEAR3:|Copycat|p1a: :FEAR3:
|move|p1a: :FEAR3:|Fly||[from]move: Copycat|[still]
|-prepare|p1a: :FEAR3:|Fly
|move|p2a: Cinderace|Work Up|p2a: Cinderace
|-start|p2a: Cinderace|typechange|Normal|[from] ability: Libero
|-boost|p2a: Cinderace|atk|1
|-boost|p2a: Cinderace|spa|1
|
|-heal|p2a: Cinderace|33/100|[from] item: Leftovers
|upkeep
|turn|25
|
|t:|1620330050
|move|p2a: Cinderace|Protect|p2a: Cinderace
|-singleturn|p2a: Cinderace|Protect
|move|p1a: :FEAR3:|Fly|p2a: Cinderace|[from]lockedmove
|-activate|p2a: Cinderace|move: Protect
|
|-heal|p2a: Cinderace|40/100|[from] item: Leftovers
|upkeep
|turn|26
|
|t:|1620330062
|move|p1a: :FEAR3:|Copycat|p1a: :FEAR3:
|move|p1a: :FEAR3:|Fly||[from]move: Copycat|[still]
|-prepare|p1a: :FEAR3:|Fly
|move|p2a: Cinderace|Work Up|p2a: Cinderace
|-boost|p2a: Cinderace|atk|1
|-boost|p2a: Cinderace|spa|1
|
|-heal|p2a: Cinderace|46/100|[from] item: Leftovers
|upkeep
|turn|27
|
|t:|1620330071
|move|p2a: Cinderace|Protect|p2a: Cinderace
|-singleturn|p2a: Cinderace|Protect
|move|p1a: :FEAR3:|Fly|p2a: Cinderace|[from]lockedmove
|-activate|p2a: Cinderace|move: Protect
|
|-heal|p2a: Cinderace|52/100|[from] item: Leftovers
|upkeep
|turn|28
|
|t:|1620330081
|move|p1a: :FEAR3:|Copycat|p1a: :FEAR3:
|move|p1a: :FEAR3:|Fly||[from]move: Copycat|[still]
|-prepare|p1a: :FEAR3:|Fly
|move|p2a: Cinderace|Work Up|p2a: Cinderace
|-boost|p2a: Cinderace|atk|1
|-boost|p2a: Cinderace|spa|1
|
|-heal|p2a: Cinderace|58/100|[from] item: Leftovers
|upkeep
|turn|29
|
|t:|1620330095
|move|p2a: Cinderace|Protect|p2a: Cinderace
|-singleturn|p2a: Cinderace|Protect
|move|p1a: :FEAR3:|Fly|p2a: Cinderace|[from]lockedmove
|-activate|p2a: Cinderace|move: Protect
|
|-heal|p2a: Cinderace|64/100|[from] item: Leftovers
|upkeep
|turn|30
|
|t:|1620330104
|move|p1a: :FEAR3:|Copycat|p1a: :FEAR3:
|move|p1a: :FEAR3:|Fly||[from]move: Copycat|[still]
|-prepare|p1a: :FEAR3:|Fly
|move|p2a: Cinderace|Court Change|p2a: Cinderace
|-sideend|p1: JAY100064|Toxic Spikes|[silent]
|-sidestart|p2: PoopedDoggyDog|Toxic Spikes|[silent]
|-activate|p2a: Cinderace|move: Court Change
|
|-heal|p2a: Cinderace|70/100|[from] item: Leftovers
|upkeep
|turn|31
|
|t:|1620330115
|move|p2a: Cinderace|Protect|p2a: Cinderace
|-singleturn|p2a: Cinderace|Protect
|move|p1a: :FEAR3:|Fly|p2a: Cinderace|[from]lockedmove
|-activate|p2a: Cinderace|move: Protect
|
|-heal|p2a: Cinderace|76/100|[from] item: Leftovers
|upkeep
|turn|32
|
|t:|1620330124
|move|p1a: :FEAR3:|Copycat|p1a: :FEAR3:
|move|p1a: :FEAR3:|Fly||[from]move: Copycat|[still]
|-prepare|p1a: :FEAR3:|Fly
|move|p2a: Cinderace|Work Up|p2a: Cinderace
|-boost|p2a: Cinderace|atk|1
|-boost|p2a: Cinderace|spa|1
|
|-heal|p2a: Cinderace|82/100|[from] item: Leftovers
|upkeep
|turn|33
|
|t:|1620330136
|move|p2a: Cinderace|Court Change|p2a: Cinderace
|-sideend|p2: PoopedDoggyDog|Toxic Spikes|[silent]
|-sidestart|p1: JAY100064|Toxic Spikes|[silent]
|-activate|p2a: Cinderace|move: Court Change
|move|p1a: :FEAR3:|Fly|p2a: Cinderace|[from]lockedmove
|-damage|p2a: Cinderace|54/100
|
|-heal|p2a: Cinderace|60/100|[from] item: Leftovers
|upkeep
|turn|34
|
|t:|1620330144
|move|p1a: :FEAR3:|Copycat|p1a: :FEAR3:
|move|p1a: :FEAR3:|Fly||[from]move: Copycat|[still]
|-prepare|p1a: :FEAR3:|Fly
|move|p2a: Cinderace|Work Up|p2a: Cinderace
|-boost|p2a: Cinderace|atk|1
|-boost|p2a: Cinderace|spa|1
|
|-heal|p2a: Cinderace|66/100|[from] item: Leftovers
|upkeep
|turn|35
|j| ExtraToastedToast
|
|t:|1620330155
|move|p2a: Cinderace|Protect|p2a: Cinderace
|-singleturn|p2a: Cinderace|Protect
|move|p1a: :FEAR3:|Fly|p2a: Cinderace|[from]lockedmove
|-activate|p2a: Cinderace|move: Protect
|
|-heal|p2a: Cinderace|72/100|[from] item: Leftovers
|upkeep
|turn|36
|
|t:|1620330169
|move|p1a: :FEAR3:|Copycat|p1a: :FEAR3:
|move|p1a: :FEAR3:|Fly||[from]move: Copycat|[still]
|-prepare|p1a: :FEAR3:|Fly
|move|p2a: Cinderace|Work Up|p2a: Cinderace
|-boost|p2a: Cinderace|atk|1
|-boost|p2a: Cinderace|spa|1
|
|-heal|p2a: Cinderace|78/100|[from] item: Leftovers
|upkeep
|turn|37
|
|t:|1620330180
|move|p2a: Cinderace|Protect|p2a: Cinderace
|-singleturn|p2a: Cinderace|Protect
|move|p1a: :FEAR3:|Fly|p2a: Cinderace|[from]lockedmove
|-activate|p2a: Cinderace|move: Protect
|
|-heal|p2a: Cinderace|84/100|[from] item: Leftovers
|upkeep
|turn|38
|
|t:|1620330197
|move|p1a: :FEAR3:|Copycat|p1a: :FEAR3:
|move|p1a: :FEAR3:|Fly||[from]move: Copycat|[still]
|-prepare|p1a: :FEAR3:|Fly
|move|p2a: Cinderace|Work Up|p2a: Cinderace
|-boost|p2a: Cinderace|atk|0
|-boost|p2a: Cinderace|spa|0
|
|-heal|p2a: Cinderace|90/100|[from] item: Leftovers
|upkeep
|turn|39
|
|t:|1620330205
|move|p2a: Cinderace|Work Up|p2a: Cinderace
|-boost|p2a: Cinderace|atk|0
|-boost|p2a: Cinderace|spa|0
|move|p1a: :FEAR3:|Fly|p2a: Cinderace|[from]lockedmove
|-damage|p2a: Cinderace|64/100
|
|-heal|p2a: Cinderace|70/100|[from] item: Leftovers
|upkeep
|turn|40
|
|t:|1620330214
|move|p1a: :FEAR3:|Copycat|p1a: :FEAR3:
|move|p1a: :FEAR3:|Fly||[from]move: Copycat|[still]
|-prepare|p1a: :FEAR3:|Fly
|move|p2a: Cinderace|Court Change|p2a: Cinderace
|-sideend|p1: JAY100064|Toxic Spikes|[silent]
|-sidestart|p2: PoopedDoggyDog|Toxic Spikes|[silent]
|-activate|p2a: Cinderace|move: Court Change
|
|-heal|p2a: Cinderace|76/100|[from] item: Leftovers
|upkeep
|turn|41
|
|t:|1620330220
|move|p2a: Cinderace|Court Change|p2a: Cinderace
|-sideend|p2: PoopedDoggyDog|Toxic Spikes|[silent]
|-sidestart|p1: JAY100064|Toxic Spikes|[silent]
|-activate|p2a: Cinderace|move: Court Change
|move|p1a: :FEAR3:|Fly|p2a: Cinderace|[from]lockedmove
|-damage|p2a: Cinderace|47/100
|
|-heal|p2a: Cinderace|54/100|[from] item: Leftovers
|upkeep
|turn|42
|
|t:|1620330228
|move|p1a: :FEAR3:|Copycat|p1a: :FEAR3:
|move|p1a: :FEAR3:|Fly||[from]move: Copycat|[still]
|-prepare|p1a: :FEAR3:|Fly
|move|p2a: Cinderace|Work Up|p2a: Cinderace
|-boost|p2a: Cinderace|atk|0
|-boost|p2a: Cinderace|spa|0
|
|-heal|p2a: Cinderace|60/100|[from] item: Leftovers
|upkeep
|turn|43
|
|t:|1620330236
|move|p2a: Cinderace|Protect|p2a: Cinderace
|-singleturn|p2a: Cinderace|Protect
|move|p1a: :FEAR3:|Fly|p2a: Cinderace|[from]lockedmove
|-activate|p2a: Cinderace|move: Protect
|
|-heal|p2a: Cinderace|66/100|[from] item: Leftovers
|upkeep
|turn|44
|
|t:|1620330251
|move|p1a: :FEAR3:|Copycat|p1a: :FEAR3:
|move|p1a: :FEAR3:|Fly||[from]move: Copycat|[still]
|-prepare|p1a: :FEAR3:|Fly
|move|p2a: Cinderace|Court Change|p2a: Cinderace
|-sideend|p1: JAY100064|Toxic Spikes|[silent]
|-sidestart|p2: PoopedDoggyDog|Toxic Spikes|[silent]
|-activate|p2a: Cinderace|move: Court Change
|
|-heal|p2a: Cinderace|72/100|[from] item: Leftovers
|upkeep
|turn|45
|
|t:|1620330263
|move|p2a: Cinderace|Protect|p2a: Cinderace
|-singleturn|p2a: Cinderace|Protect
|move|p1a: :FEAR3:|Fly|p2a: Cinderace|[from]lockedmove
|-activate|p2a: Cinderace|move: Protect
|
|-heal|p2a: Cinderace|78/100|[from] item: Leftovers
|upkeep
|turn|46
|
|t:|1620330299
|move|p1a: :FEAR3:|Copycat|p1a: :FEAR3:
|move|p1a: :FEAR3:|Fly||[from]move: Copycat|[still]
|-prepare|p1a: :FEAR3:|Fly
|move|p2a: Cinderace|Court Change|p2a: Cinderace
|-sideend|p2: PoopedDoggyDog|Toxic Spikes|[silent]
|-sidestart|p1: JAY100064|Toxic Spikes|[silent]
|-activate|p2a: Cinderace|move: Court Change
|
|-heal|p2a: Cinderace|84/100|[from] item: Leftovers
|upkeep
|turn|47
|
|t:|1620330311
|move|p2a: Cinderace|Protect|p2a: Cinderace
|-singleturn|p2a: Cinderace|Protect
|move|p1a: :FEAR3:|Fly|p2a: Cinderace|[from]lockedmove
|-activate|p2a: Cinderace|move: Protect
|
|-heal|p2a: Cinderace|90/100|[from] item: Leftovers
|upkeep
|turn|48
|
|t:|1620330320
|move|p1a: :FEAR3:|Copycat|p1a: :FEAR3:
|move|p1a: :FEAR3:|Fly||[from]move: Copycat|[still]
|-prepare|p1a: :FEAR3:|Fly
|move|p2a: Cinderace|Work Up|p2a: Cinderace
|-boost|p2a: Cinderace|atk|0
|-boost|p2a: Cinderace|spa|0
|
|-heal|p2a: Cinderace|96/100|[from] item: Leftovers
|upkeep
|turn|49
|
|t:|1620330332
|move|p2a: Cinderace|Protect|p2a: Cinderace
|-singleturn|p2a: Cinderace|Protect
|move|p1a: :FEAR3:|Fly|p2a: Cinderace|[from]lockedmove
|-activate|p2a: Cinderace|move: Protect
|
|-heal|p2a: Cinderace|100/100|[from] item: Leftovers
|upkeep
|turn|50
|
|t:|1620330351
|move|p1a: :FEAR3:|Copycat|p1a: :FEAR3:
|move|p1a: :FEAR3:|Fly||[from]move: Copycat|[still]
|-prepare|p1a: :FEAR3:|Fly
|move|p2a: Cinderace|Work Up|p2a: Cinderace
|-boost|p2a: Cinderace|atk|0
|-boost|p2a: Cinderace|spa|0
|
|upkeep
|turn|51
|
|t:|1620330360
|move|p2a: Cinderace|Protect|p2a: Cinderace
|-singleturn|p2a: Cinderace|Protect
|move|p1a: :FEAR3:|Fly|p2a: Cinderace|[from]lockedmove
|-activate|p2a: Cinderace|move: Protect
|
|upkeep
|turn|52
|
|t:|1620330378
|move|p1a: :FEAR3:|Copycat|p1a: :FEAR3:
|move|p1a: :FEAR3:|Fly||[from]move: Copycat|[still]
|-prepare|p1a: :FEAR3:|Fly
|move|p2a: Cinderace|Court Change|p2a: Cinderace
|-sideend|p1: JAY100064|Toxic Spikes|[silent]
|-sidestart|p2: PoopedDoggyDog|Toxic Spikes|[silent]
|-activate|p2a: Cinderace|move: Court Change
|
|upkeep
|turn|53
|
|t:|1620330387
|move|p2a: Cinderace|Court Change|p2a: Cinderace
|-sideend|p2: PoopedDoggyDog|Toxic Spikes|[silent]
|-sidestart|p1: JAY100064|Toxic Spikes|[silent]
|-activate|p2a: Cinderace|move: Court Change
|move|p1a: :FEAR3:|Fly|p2a: Cinderace|[from]lockedmove
|-damage|p2a: Cinderace|72/100
|
|-heal|p2a: Cinderace|78/100|[from] item: Leftovers
|upkeep
|turn|54
|
|t:|1620330397
|move|p1a: :FEAR3:|Copycat|p1a: :FEAR3:
|move|p1a: :FEAR3:|Fly||[from]move: Copycat|[still]
|-prepare|p1a: :FEAR3:|Fly
|move|p2a: Cinderace|Court Change|p2a: Cinderace
|-sideend|p1: JAY100064|Toxic Spikes|[silent]
|-sidestart|p2: PoopedDoggyDog|Toxic Spikes|[silent]
|-activate|p2a: Cinderace|move: Court Change
|
|-heal|p2a: Cinderace|84/100|[from] item: Leftovers
|upkeep
|turn|55
|
|t:|1620330408
|move|p2a: Cinderace|Protect|p2a: Cinderace
|-singleturn|p2a: Cinderace|Protect
|move|p1a: :FEAR3:|Fly|p2a: Cinderace|[from]lockedmove
|-activate|p2a: Cinderace|move: Protect
|
|-heal|p2a: Cinderace|90/100|[from] item: Leftovers
|upkeep
|turn|56
|inactive|Battle timer is ON: inactive players will automatically lose when time's up. (requested by PoopedDoggyDog)
|c| wingedmemer|IT'S NO USE
|
|t:|1620330487
|move|p1a: :FEAR3:|Substitute|p1a: :FEAR3:
|-start|p1a: :FEAR3:|Substitute
|-damage|p1a: :FEAR3:|76/100
|move|p2a: Cinderace|Court Change|p2a: Cinderace
|-sideend|p2: PoopedDoggyDog|Toxic Spikes|[silent]
|-sidestart|p1: JAY100064|Toxic Spikes|[silent]
|-activate|p2a: Cinderace|move: Court Change
|
|-heal|p2a: Cinderace|96/100|[from] item: Leftovers
|upkeep
|turn|57
|
|t:|1620330503
|move|p1a: :FEAR3:|Copycat|p1a: :FEAR3:
|move|p1a: :FEAR3:|Court Change|p1a: :FEAR3:|[from]move: Copycat
|-sideend|p1: JAY100064|Toxic Spikes|[silent]
|-sidestart|p2: PoopedDoggyDog|Toxic Spikes|[silent]
|-activate|p1a: :FEAR3:|move: Court Change
|move|p2a: Cinderace|Baton Pass|p2a: Cinderace
|
|t:|1620330509
|switch|p2a: Swellow|Swellow, M, shiny|88/100|[from]move: Baton Pass
|
|-status|p2a: Swellow|brn|[from] item: Flame Orb
|upkeep
|turn|58
|c|☆JAY100064|;3
|
|t:|1620330527
|move|p1a: :FEAR3:|Protect|p1a: :FEAR3:
|-singleturn|p1a: :FEAR3:|Protect
|move|p2a: Swellow|Quick Attack|p1a: :FEAR3:
|-activate|p1a: :FEAR3:|move: Protect
|
|-damage|p2a: Swellow|82/100 brn|[from] brn
|upkeep
|turn|59
|
|t:|1620330550
|move|p2a: Swellow|Quick Attack|p1a: :FEAR3:
|-end|p1a: :FEAR3:|Substitute
|move|p1a: :FEAR3:|Copycat|p1a: :FEAR3:
|move|p1a: :FEAR3:|Quick Attack|p2a: Swellow|[from]move: Copycat
|-damage|p2a: Swellow|60/100 brn
|
|-damage|p2a: Swellow|54/100 brn|[from] brn
|upkeep
|turn|60
|
|t:|1620330563
|move|p1a: :FEAR3:|Protect|p1a: :FEAR3:
|-singleturn|p1a: :FEAR3:|Protect
|move|p2a: Swellow|Quick Attack|p1a: :FEAR3:
|-activate|p1a: :FEAR3:|move: Protect
|
|-damage|p2a: Swellow|48/100 brn|[from] brn
|upkeep
|turn|61
|
|t:|1620330572
|move|p2a: Swellow|Quick Attack|p1a: :FEAR3:
|-damage|p1a: :FEAR3:|0 fnt
|faint|p1a: :FEAR3:
|
|-damage|p2a: Swellow|41/100 brn|[from] brn
|upkeep
|
|t:|1620330583
|switch|p1a: :FEAR:|Aron, L1, M, shiny|100/100
|turn|62
|
|t:|1620330587
|move|p2a: Swellow|Quick Attack|p1a: :FEAR:
|-resisted|p1a: :FEAR:
|-ability|p1a: :FEAR:|Sturdy
|-damage|p1a: :FEAR:|9/100
|move|p1a: :FEAR:|Endeavor|p2a: Swellow
|-damage|p2a: Swellow|1/100 brn
|-heal|p1a: :FEAR:|100/100|[from] item: Shell Bell|[of] p2a: Swellow
|
|-damage|p2a: Swellow|0 fnt|[from] brn
|faint|p2a: Swellow
|upkeep
|
|t:|1620330598
|switch|p2a: Cinderace|Cinderace, F|96/100
|-status|p2a: Cinderace|psn
|turn|63
|
|t:|1620330604
|move|p2a: Cinderace|Court Change|p2a: Cinderace
|-start|p2a: Cinderace|typechange|Normal|[from] ability: Libero
|-sideend|p2: PoopedDoggyDog|Toxic Spikes|[silent]
|-sidestart|p1: JAY100064|Toxic Spikes|[silent]
|-activate|p2a: Cinderace|move: Court Change
|move|p1a: :FEAR:|Endeavor|p2a: Cinderace
|-damage|p2a: Cinderace|4/100 psn
|
|-heal|p2a: Cinderace|10/100 psn|[from] item: Leftovers
|-damage|p2a: Cinderace|0 fnt|[from] psn
|faint|p2a: Cinderace
|upkeep
|
|t:|1620330610
|switch|p2a: JOHN CENA|Buzzwole, shiny|100/100
|turn|64
|
|t:|1620330619
|move|p2a: JOHN CENA|Dual Wingbeat|p1a: :FEAR:
|-resisted|p1a: :FEAR:
|-ability|p1a: :FEAR:|Sturdy
|-damage|p1a: :FEAR:|9/100
|-resisted|p1a: :FEAR:
|-damage|p1a: :FEAR:|0 fnt
|-hitcount|p1a: :FEAR:|2
|faint|p1a: :FEAR:
|-ability|p2a: JOHN CENA|Beast Boost|boost
|-boost|p2a: JOHN CENA|atk|1
|
|upkeep
|c|☆JAY100064|ugh
|c|☆PoopedDoggyDog|LMAO
|c|☆PoopedDoggyDog|REKT
|c|☆JAY100064|no the cheap wing beat pls
|inactive|JAY100064 has 120 seconds left.
|c|☆JAY100064|;(
|
|t:|1620330661
|switch|p1a: :FEAR5:|Rattata-Alola, L1, M|100/100
|-status|p1a: :FEAR5:|psn
|turn|65
|c|☆PoopedDoggyDog|A bit cringe innit?
|c| wingedmemer|Take it to turn 100
|c|☆JAY100064|omg
|c| wingedmemer|beat my record of 108
|c|☆PoopedDoggyDog|no, no I don't think I will
|c|☆JAY100064|who else here
|c|☆PoopedDoggyDog|4 people
|c| ExtraToastedToast|'ello there
|inactive|JAY100064 has 90 seconds left.
|c|☆JAY100064|dont it have any other moves than wing beat?
|c|☆JAY100064|pls
|c| wingedmemer|poppfoggydog's posse
|c| wingedmemer|shit
|c|☆PoopedDoggyDog|Nah, I feel like winning
|inactive|JAY100064 has 60 seconds left.
|
|t:|1620330725
|move|p1a: :FEAR5:|Protect|p1a: :FEAR5:
|-singleturn|p1a: :FEAR5:|Protect
|move|p2a: JOHN CENA|Dual Wingbeat|p1a: :FEAR5:
|-activate|p1a: :FEAR5:|move: Protect
|
|-damage|p1a: :FEAR5:|91/100 psn|[from] psn
|upkeep
|turn|66
|c| wingedmemer|PoopedDoggyDog's posse
|c|☆JAY100064|lol
|inactive|JAY100064 has 60 seconds left.
|
|t:|1620330746
|-start|p2a: JOHN CENA|Dynamax
|-heal|p2a: JOHN CENA|100/100|[silent]
|-start|p1a: :FEAR5:|Dynamax
|-heal|p1a: :FEAR5:|91/100 psn|[silent]
|move|p1a: :FEAR5:|Max Guard||[still]
|-fail|p1a: :FEAR5:
|move|p2a: JOHN CENA|Max Knuckle|p1a: :FEAR5:
|-supereffective|p1a: :FEAR5:
|-damage|p1a: :FEAR5:|0 fnt
|-boost|p2a: JOHN CENA|atk|1
|faint|p1a: :FEAR5:
|
|win|PoopedDoggyDog
|raw|JAY100064's rating: 1222 &rarr; <strong>1196</strong><br />(-26 for losing)
|raw|PoopedDoggyDog's rating: 1214 &rarr; <strong>1240</strong><br />(+26 for winning)
|c|☆PoopedDoggyDog|gg
|c|☆JAY100064|pls ;_)
|c|☆PoopedDoggyDog|:)))))))))))))))))
|l| wingedmemer
|l| ExtraToastedToast
|c|☆JAY100064|:')
|c|☆JAY100064|how did ppl join...
|c|☆JAY100064|I-
||Ladder isn't responding, score probably updated but might not have (Request timeout).
|c|☆JAY100064|well bye
|c|☆PoopedDoggyDog|bye
|c|☆JAY100064|ggs to you cutie
|l|☆JAY100064
|c|☆PoopedDoggyDog|thx
