|j|☆CLEAR GEM清瑜
|j|☆MurderousMantyke
|t:|1664632533
|gametype|singles
|player|p1|CLEAR GEM清瑜|skierf|1755
|player|p2|MurderousMantyke|#helpstaffxmas|1768
|teamsize|p1|6
|teamsize|p2|6
|gen|8
|tier|[Gen 8] National Dex AG
|rated|
|rule|HP Percentage Mod: HP is shown in percentages
|rule|Endless Battle Clause: Forcing endless battles is banned
|clearpoke
|poke|p1|Rayquaza|
|poke|p1|Groudon|
|poke|p1|Necrozma-Dusk-Mane|
|poke|p1|Arceus-*|
|poke|p1|Zacian-*|
|poke|p1|Yveltal|
|poke|p2|Groudon|
|poke|p2|Rayquaza|
|poke|p2|Calyrex-Shadow|
|poke|p2|Arceus-*|
|poke|p2|Yveltal|
|poke|p2|Marshadow|
|teampreview
|inactive|Battle timer is ON: inactive players will automatically lose when time's up. (requested by MurderousMantyke)
|c|☆MurderousMantyke|hf
|
|t:|1664632555
|start
|switch|p1a: 不会(?)|Groudon|100/100
|switch|p2a: Calyrex|Calyrex-Shadow|100/100
|-ability|p2a: Calyrex|As One
|-ability|p2a: Calyrex|Unnerve
|detailschange|p1a: 不会(?)|Groudon-Primal
|-primal|p1a: 不会(?)
|-weather|DesolateLand|[from] ability: Desolate Land|[of] p1a: 不会(?)
|turn|1
|
|t:|1664632561
|move|p2a: Calyrex|Substitute|p2a: Calyrex
|-start|p2a: Calyrex|Substitute
|-damage|p2a: Calyrex|76/100
|move|p1a: 不会(?)|Roar|p2a: Calyrex
|drag|p2a: Arceus|Arceus|100/100
|
|-weather|DesolateLand|[upkeep]
|upkeep
|turn|2
|
|t:|1664632564
|move|p2a: Arceus|Swords Dance|p2a: Arceus
|-boost|p2a: Arceus|atk|2
|move|p1a: 不会(?)|Stealth Rock|p2a: Arceus
|-sidestart|p2: MurderousMantyke|move: Stealth Rock
|
|-weather|DesolateLand|[upkeep]
|upkeep
|turn|3
|
|t:|1664632565
|move|p2a: Arceus|Earthquake|p1a: 不会(?)
|-supereffective|p1a: 不会(?)
|-damage|p1a: 不会(?)|5/100
|-damage|p2a: Arceus|91/100|[from] item: Life Orb
|move|p1a: 不会(?)|Roar|p2a: Arceus
|drag|p2a: Rayquaza|Rayquaza|100/100
|-damage|p2a: Rayquaza|76/100|[from] Stealth Rock
|-ability|p2a: Rayquaza|Air Lock
|
|-weather|DesolateLand|[upkeep]
|upkeep
|turn|4
|
|t:|1664632571
|detailschange|p2a: Rayquaza|Rayquaza-Mega
|-mega|p2a: Rayquaza|Rayquaza|
|-weather|DeltaStream|[from] ability: Delta Stream|[of] p2a: Rayquaza
|move|p2a: Rayquaza|Dragon Ascent|p1a: 不会(?)
|-damage|p1a: 不会(?)|0 fnt
|-unboost|p2a: Rayquaza|def|1
|-unboost|p2a: Rayquaza|spd|1
|faint|p1a: 不会(?)
|-damage|p2a: Rayquaza|66/100|[from] item: Life Orb
|
|-weather|DeltaStream|[upkeep]
|upkeep
|
|t:|1664632582
|switch|p1a: 老烈|Rayquaza, shiny|100/100
|-ability|p1a: 老烈|Air Lock
|turn|5
|
|t:|1664632586
|detailschange|p1a: 老烈|Rayquaza-Mega, shiny
|-mega|p1a: 老烈|Rayquaza|
|move|p2a: Rayquaza|Dragon Ascent|p1a: 老烈
|-enditem|p1a: 老烈|Focus Sash
|-damage|p1a: 老烈|1/100
|-unboost|p2a: Rayquaza|def|1
|-unboost|p2a: Rayquaza|spd|1
|-damage|p2a: Rayquaza|56/100|[from] item: Life Orb
|move|p1a: 老烈|Dragon Ascent|p2a: Rayquaza
|-damage|p2a: Rayquaza|0 fnt
|-unboost|p1a: 老烈|def|1
|-unboost|p1a: 老烈|spd|1
|faint|p2a: Rayquaza
|
|-weather|DeltaStream|[upkeep]
|upkeep
|
|t:|1664632594
|switch|p2a: Marshadow|Marshadow|100/100
|-damage|p2a: Marshadow|94/100|[from] Stealth Rock
|turn|6
|
|t:|1664632604
|move|p2a: Marshadow|Shadow Sneak|p1a: 老烈
|-damage|p1a: 老烈|0 fnt
|faint|p1a: 老烈
|-weather|none
|-damage|p2a: Marshadow|84/100|[from] item: Life Orb
|
|upkeep
|
|t:|1664632607
|switch|p1a: 悬空羊驼|Arceus-Flying|100/100
|turn|7
|
|t:|1664632614
|move|p2a: Marshadow|Rock Tomb|p1a: 悬空羊驼
|-supereffective|p1a: 悬空羊驼
|-damage|p1a: 悬空羊驼|44/100
|-unboost|p1a: 悬空羊驼|spe|1
|-damage|p2a: Marshadow|74/100|[from] item: Life Orb
|move|p1a: 悬空羊驼|Judgment|p2a: Marshadow
|-supereffective|p2a: Marshadow
|-damage|p2a: Marshadow|0 fnt
|faint|p2a: Marshadow
|
|upkeep
|
|t:|1664632622
|switch|p2a: Calyrex|Calyrex-Shadow|76/100
|-ability|p2a: Calyrex|As One
|-ability|p2a: Calyrex|Unnerve
|-damage|p2a: Calyrex|63/100|[from] Stealth Rock
|turn|8
|
|t:|1664632632
|move|p2a: Calyrex|Astral Barrage|p1a: 悬空羊驼
|-damage|p1a: 悬空羊驼|0 fnt
|faint|p1a: 悬空羊驼
|-ability|p2a: Calyrex|Grim Neigh|boost
|-boost|p2a: Calyrex|spa|1
|
|upkeep
|
|t:|1664632634
|switch|p1a: Y鸟|Yveltal|100/100
|-ability|p1a: Y鸟|Dark Aura
|turn|9
|
|t:|1664632638
|-start|p1a: Y鸟|Dynamax|
|-heal|p1a: Y鸟|100/100|[silent]
|-zpower|p2a: Calyrex
|move|p2a: Calyrex|Never-Ending Nightmare|p1a: Y鸟|[zeffect]
|-resisted|p1a: Y鸟
|-damage|p1a: Y鸟|63/100
|move|p1a: Y鸟|Max Airstream|p2a: Calyrex
|-damage|p2a: Calyrex|0 fnt
|-boost|p1a: Y鸟|spe|1
|faint|p2a: Calyrex
|-damage|p1a: Y鸟|58/100|[from] item: Life Orb
|
|upkeep
|
|t:|1664632643
|switch|p2a: Arceus|Arceus|91/100
|-damage|p2a: Arceus|78/100|[from] Stealth Rock
|turn|10
|
|t:|1664632645
|move|p2a: Arceus|Extreme Speed|p1a: Y鸟
|-damage|p1a: Y鸟|34/100
|-damage|p2a: Arceus|68/100|[from] item: Life Orb
|move|p1a: Y鸟|Max Darkness|p2a: Arceus
|-damage|p2a: Arceus|0 fnt
|faint|p2a: Arceus
|-damage|p1a: Y鸟|29/100|[from] item: Life Orb
|
|upkeep
|
|t:|1664632648
|switch|p2a: Yveltal|Yveltal|100/100
|-damage|p2a: Yveltal|76/100|[from] Stealth Rock
|-ability|p2a: Yveltal|Dark Aura
|turn|11
|
|t:|1664632662
|-start|p2a: Yveltal|Dynamax|
|-heal|p2a: Yveltal|76/100|[silent]
|move|p1a: Y鸟|Max Airstream|p2a: Yveltal
|-damage|p2a: Yveltal|34/100
|-boost|p1a: Y鸟|spe|1
|-damage|p1a: Y鸟|25/100|[from] item: Life Orb
|move|p2a: Yveltal|Max Airstream|p1a: Y鸟
|-damage|p1a: Y鸟|0 fnt
|-boost|p2a: Yveltal|spe|1
|faint|p1a: Y鸟
|-damage|p2a: Yveltal|29/100|[from] item: Life Orb
|
|upkeep
|
|t:|1664632664
|switch|p1a: 嘉然小姐的狗|Zacian-Crowned|100/100
|-ability|p1a: 嘉然小姐的狗|Intrepid Sword|boost
|-boost|p1a: 嘉然小姐的狗|atk|1
|turn|12
|
|t:|1664632666
|move|p2a: Yveltal|Max Flare|p1a: 嘉然小姐的狗
|-supereffective|p1a: 嘉然小姐的狗
|-damage|p1a: 嘉然小姐的狗|9/100
|-weather|SunnyDay
|-damage|p2a: Yveltal|24/100|[from] item: Life Orb
|move|p1a: 嘉然小姐的狗|Behemoth Blade|p2a: Yveltal
|-damage|p2a: Yveltal|0 fnt
|faint|p2a: Yveltal
|
|-weather|SunnyDay|[upkeep]
|upkeep
|
|t:|1664632670
|switch|p2a: Groudon|Groudon|100/100
|-damage|p2a: Groudon|94/100|[from] Stealth Rock
|detailschange|p2a: Groudon|Groudon-Primal
|-primal|p2a: Groudon
|-weather|DesolateLand|[from] ability: Desolate Land|[of] p2a: Groudon
|turn|13
|
|t:|1664632675
|move|p1a: 嘉然小姐的狗|Close Combat|p2a: Groudon
|-crit|p2a: Groudon
|-damage|p2a: Groudon|24/100
|-unboost|p1a: 嘉然小姐的狗|def|1
|-unboost|p1a: 嘉然小姐的狗|spd|1
|move|p2a: Groudon|Rock Tomb|p1a: 嘉然小姐的狗
|-resisted|p1a: 嘉然小姐的狗
|-damage|p1a: 嘉然小姐的狗|0 fnt
|faint|p1a: 嘉然小姐的狗
|
|-weather|DesolateLand|[upkeep]
|upkeep
|
|t:|1664632677
|switch|p1a: 钢铁之躯|Necrozma-Dusk-Mane|100/100
|turn|14
|
|t:|1664632679
|detailschange|p1a: 钢铁之躯|Necrozma-Ultra
|-burst|p1a: 钢铁之躯|Necrozma|Ultranecrozium Z
|move|p1a: 钢铁之躯|Photon Geyser|p2a: Groudon
|-damage|p2a: Groudon|0 fnt
|faint|p2a: Groudon
|-weather|none
|
|win|CLEAR GEM清瑜
|raw|CLEAR GEM清瑜's rating: 1755 &rarr; <strong>1776</strong><br />(+21 for winning)
|raw|MurderousMantyke's rating: 1768 &rarr; <strong>1747</strong><br />(-21 for losing)
|c|☆MurderousMantyke|gg
|l|☆MurderousMantyke
||Ladder isn't responding, score probably updated but might not have (Request timeout).
