|j|☆Blastbr0
|j|☆Shuukido
|t:|1634918462
|gametype|singles
|player|p1|Blastbr0|lady-gen4|1384
|player|p2|Shuukido|ash-kalos|1318
|teamsize|p1|6
|teamsize|p2|6
|gen|8
|tier|[Gen 8] National Dex AG
|rated|
|rule|HP Percentage Mod: HP is shown in percentages
|rule|Endless Battle Clause: Forcing endless battles is banned
|clearpoke
|poke|p1|Eternatus|
|poke|p1|Calyrex-Shadow|
|poke|p1|Yveltal|
|poke|p1|Zacian-*|
|poke|p1|Groudon|
|poke|p1|Marshadow|
|poke|p2|Rayquaza|
|poke|p2|Calyrex-Shadow|
|poke|p2|Groudon|
|poke|p2|Necrozma-Dawn-Wings|
|poke|p2|Zacian-*|
|poke|p2|Darmanitan-Galar, F|
|teampreview
|inactive|Battle timer is ON: inactive players will automatically lose when time's up. (requested by Shuukido)
|
|t:|1634918470
|start
|switch|p1a: astro|Calyrex-Shadow|100/100
|switch|p2a: ORAS Ubers|Groudon, shiny|100/100
|-ability|p1a: astro|As One
|-ability|p1a: astro|Unnerve
|detailschange|p2a: ORAS Ubers|Groudon-Primal, shiny
|-primal|p2a: ORAS Ubers
|-weather|DesolateLand|[from] ability: Desolate Land|[of] p2a: ORAS Ubers
|turn|1
|
|t:|1634918483
|move|p1a: astro|Astral Barrage|p2a: ORAS Ubers
|-damage|p2a: ORAS Ubers|32/100
|move|p2a: ORAS Ubers|Heat Crash|p1a: astro
|-enditem|p1a: astro|Focus Sash
|-damage|p1a: astro|1/100
|
|-weather|DesolateLand|[upkeep]
|upkeep
|turn|2
|c|☆Blastbr0|lol
|
|t:|1634918493
|move|p1a: astro|Astral Barrage|p2a: ORAS Ubers
|-damage|p2a: ORAS Ubers|0 fnt
|faint|p2a: ORAS Ubers
|-weather|none
|-ability|p1a: astro|Grim Neigh|boost
|-boost|p1a: astro|spa|1
|
|upkeep
|
|t:|1634918499
|switch|p2a: MONKE|Darmanitan-Galar, F|100/100
|turn|3
|
|t:|1634918514
|move|p2a: MONKE|U-turn|p1a: astro
|-damage|p1a: astro|0 fnt
|faint|p1a: astro
|
|t:|1634918520
|switch|p2a: Nuzlocke Tears|Necrozma-Dawn-Wings, shiny|100/100|[from]move: U-turn
|
|upkeep
|
|t:|1634918530
|switch|p1a: Marshadow|Marshadow|100/100
|turn|4
|c|☆Shuukido|lol²
|
|t:|1634918542
|detailschange|p2a: Nuzlocke Tears|Necrozma-Ultra, shiny
|-burst|p2a: Nuzlocke Tears|Necrozma|Ultranecrozium Z
|move|p2a: Nuzlocke Tears|Photon Geyser|p1a: Marshadow
|-supereffective|p1a: Marshadow
|-damage|p1a: Marshadow|0 fnt
|faint|p1a: Marshadow
|
|upkeep
|
|t:|1634918551
|switch|p1a: anti-dynamax|Zacian-Crowned|100/100
|-ability|p1a: anti-dynamax|Intrepid Sword|boost
|-boost|p1a: anti-dynamax|atk|1
|turn|5
|c|☆Blastbr0|big mistake
|
|t:|1634918560
|move|p1a: anti-dynamax|Play Rough|p2a: Nuzlocke Tears
|-supereffective|p2a: Nuzlocke Tears
|-damage|p2a: Nuzlocke Tears|0 fnt
|faint|p2a: Nuzlocke Tears
|
|upkeep
|c|☆Blastbr0|lol?
|c|☆Blastbr0|LMAO
|
|t:|1634918568
|switch|p2a: MONKE|Darmanitan-Galar, F|100/100
|turn|6
|
|t:|1634918571
|move|p2a: MONKE|Flare Blitz|p1a: anti-dynamax
|-supereffective|p1a: anti-dynamax
|-damage|p1a: anti-dynamax|0 fnt
|faint|p1a: anti-dynamax
|-damage|p2a: MONKE|67/100|[from] Recoil
|
|upkeep
|
|t:|1634918579
|switch|p1a: ground|Groudon|100/100
|detailschange|p1a: ground|Groudon-Primal
|-primal|p1a: ground
|-weather|DesolateLand|[from] ability: Desolate Land|[of] p1a: ground
|turn|7
|
|t:|1634918585
|-start|p2a: MONKE|Dynamax
|-heal|p2a: MONKE|67/100|[silent]
|move|p2a: MONKE|Max Quake|p1a: ground
|-supereffective|p1a: ground
|-damage|p1a: ground|45/100
|-boost|p2a: MONKE|spd|1
|move|p1a: ground|Fire Blast|p2a: MONKE
|-supereffective|p2a: MONKE
|-damage|p2a: MONKE|0 fnt
|faint|p2a: MONKE
|
|-weather|DesolateLand|[upkeep]
|upkeep
|c|☆Blastbr0|LMAOOOOOO
|
|t:|1634918596
|switch|p2a: ORAS AG|Rayquaza|100/100
|-ability|p2a: ORAS AG|Air Lock
|turn|8
|
|t:|1634918608
|detailschange|p2a: ORAS AG|Rayquaza-Mega
|-mega|p2a: ORAS AG|Rayquaza|
|-weather|DeltaStream|[from] ability: Delta Stream|[of] p2a: ORAS AG
|move|p2a: ORAS AG|Outrage|p1a: ground
|-damage|p1a: ground|0 fnt
|faint|p1a: ground
|
|-weather|DeltaStream|[upkeep]
|upkeep
|
|t:|1634918615
|switch|p1a: destruction|Yveltal, shiny|100/100
|-ability|p1a: destruction|Dark Aura
|turn|9
|
|t:|1634918631
|-start|p1a: destruction|Dynamax
|-heal|p1a: destruction|100/100|[silent]
|move|p2a: ORAS AG|Outrage|p1a: destruction|[from]lockedmove
|-damage|p1a: destruction|69/100
|-start|p2a: ORAS AG|confusion|[fatigue]
|move|p1a: destruction|Max Airstream|p2a: ORAS AG
|-damage|p2a: ORAS AG|42/100
|-boost|p1a: destruction|spe|1
|
|-weather|DeltaStream|[upkeep]
|-heal|p1a: destruction|73/100|[from] item: Leftovers
|upkeep
|turn|10
|
|t:|1634918645
|-activate|p2a: ORAS AG|confusion
|move|p2a: ORAS AG|Outrage|p1a: destruction
|-damage|p1a: destruction|38/100
|move|p1a: destruction|Max Darkness|p2a: ORAS AG
|-damage|p2a: ORAS AG|0 fnt
|faint|p2a: ORAS AG
|-weather|none
|
|-heal|p1a: destruction|41/100|[from] item: Leftovers
|upkeep
|
|t:|1634918654
|switch|p2a: SS Ubers|Calyrex-Shadow|100/100
|-ability|p2a: SS Ubers|As One
|-ability|p2a: SS Ubers|Unnerve
|turn|11
|
|t:|1634918660
|move|p2a: SS Ubers|Draining Kiss|p1a: destruction
|-supereffective|p1a: destruction
|-damage|p1a: destruction|24/100
|move|p1a: destruction|Max Darkness|p2a: SS Ubers
|-supereffective|p2a: SS Ubers
|-damage|p2a: SS Ubers|0 fnt
|faint|p2a: SS Ubers
|
|-heal|p1a: destruction|27/100|[from] item: Leftovers
|-end|p1a: destruction|Dynamax
|-heal|p1a: destruction|28/100|[silent]
|upkeep
|
|t:|1634918667
|switch|p2a: SS AG|Zacian-Crowned|100/100
|-ability|p2a: SS AG|Intrepid Sword|boost
|-boost|p2a: SS AG|atk|1
|turn|12
|c|☆Blastbr0|wow
|
|t:|1634918681
|move|p2a: SS AG|Play Rough|p1a: destruction
|-supereffective|p1a: destruction
|-damage|p1a: destruction|0 fnt
|faint|p1a: destruction
|
|upkeep
|
|t:|1634918686
|switch|p1a: EternaMax|Eternatus|100/100
|-ability|p1a: EternaMax|Pressure
|turn|13
|
|t:|1634918691
|move|p2a: SS AG|Behemoth Blade|p1a: EternaMax
|-damage|p1a: EternaMax|16/100
|move|p1a: EternaMax|Cosmic Power|p1a: EternaMax
|-boost|p1a: EternaMax|def|1
|-boost|p1a: EternaMax|spd|1
|
|-heal|p1a: EternaMax|23/100|[from] item: Leftovers
|upkeep
|turn|14
|c|☆Shuukido|lol³
|c|☆Blastbr0|fucking maggot stfu
|-message|Blastbr0 forfeited.
|
|win|Shuukido
|raw|Blastbr0's rating: 1384 &rarr; <strong>1360</strong><br />(-24 for losing)
|raw|Shuukido's rating: 1318 &rarr; <strong>1342</strong><br />(+24 for winning)
|l|☆Blastbr0
|c|☆Shuukido|gg
