|j|☆BrixStillNotLuvin
|j|☆iMysticLeafeon
|t:|1668447822
|gametype|singles
|player|p1|BrixStillNotLuvin|linebacker|1779
|player|p2|iMysticLeafeon|ethan-masters|1696
|teamsize|p1|6
|teamsize|p2|6
|gen|8
|tier|[Gen 8] National Dex AG
|rated|
|rule|HP Percentage Mod: HP is shown in percentages
|rule|Endless Battle Clause: Forcing endless battles is banned
|clearpoke
|poke|p1|Eternatus|
|poke|p1|Yveltal|
|poke|p1|Marshadow|
|poke|p1|Ditto|
|poke|p1|Arceus-*|
|poke|p1|Arceus-*|
|poke|p2|Kyogre|
|poke|p2|Groudon|
|poke|p2|Yveltal|
|poke|p2|Calyrex-Shadow|
|poke|p2|Zacian-*|
|poke|p2|Necrozma-Dusk-Mane|
|teampreview
|inactive|Battle timer is ON: inactive players will automatically lose when time's up. (requested by iMysticLeafeon)
|inactive|BrixStillNotLuvin also wants the timer to be on.
|inactive|BrixStillNotLuvin has 120 seconds left.
|inactive|BrixStillNotLuvin has 90 seconds left.
|j| luisYR_a
|l| luisYR_a
|inactive|BrixStillNotLuvin has 60 seconds left.
|c|☆BrixStillNotLuvin|oh mb
|
|t:|1668447939
|start
|switch|p1a: Marshadow|Marshadow|100/100
|switch|p2a: Spoutin' Fax|Kyogre|100/100
|-weather|RainDance|[from] ability: Drizzle|[of] p2a: Spoutin' Fax
|turn|1
|c|☆BrixStillNotLuvin|i didnt know i was in a match lmao
|
|t:|1668447953
|move|p2a: Spoutin' Fax|Water Spout|p1a: Marshadow
|-enditem|p1a: Marshadow|Focus Sash
|-damage|p1a: Marshadow|1/100
|move|p1a: Marshadow|Spectral Thief|p2a: Spoutin' Fax
|-damage|p2a: Spoutin' Fax|46/100
|
|-weather|RainDance|[upkeep]
|upkeep
|turn|2
|
|t:|1668447962
|move|p1a: Marshadow|Shadow Sneak|p2a: Spoutin' Fax
|-damage|p2a: Spoutin' Fax|11/100
|move|p2a: Spoutin' Fax|Water Spout|p1a: Marshadow
|-damage|p1a: Marshadow|0 fnt
|faint|p1a: Marshadow
|
|-weather|RainDance|[upkeep]
|upkeep
|inactive|BrixStillNotLuvin has 90 seconds left.
|
|t:|1668447997
|switch|p1a: Eternatus|Eternatus|100/100
|-ability|p1a: Eternatus|Pressure
|turn|3
|
|t:|1668448003
|switch|p2a: Beast Mode|Necrozma-Dusk-Mane|100/100
|move|p1a: Eternatus|Cosmic Power|p1a: Eternatus
|-boost|p1a: Eternatus|def|1
|-boost|p1a: Eternatus|spd|1
|
|-weather|RainDance|[upkeep]
|upkeep
|turn|4
|inactive|iMysticLeafeon has 120 seconds left.
|
|t:|1668448041
|switch|p1a: Arceus|Arceus-Water|100/100
|move|p2a: Beast Mode|Thunder Wave|p1a: Arceus
|-status|p1a: Arceus|par
|
|-weather|RainDance|[upkeep]
|upkeep
|turn|5
|inactive|iMysticLeafeon has 120 seconds left.
|inactive|BrixStillNotLuvin has 60 seconds left.
|
|t:|1668448072
|switch|p2a: Mr. Cuddles|Groudon, shiny|100/100
|detailschange|p2a: Mr. Cuddles|Groudon-Primal, shiny
|-primal|p2a: Mr. Cuddles
|-weather|DesolateLand|[from] ability: Desolate Land|[of] p2a: Mr. Cuddles
|move|p1a: Arceus|Whirlpool||[still]
|-fail|p1a: Arceus|Whirlpool|[from] Desolate Land
|
|-weather|DesolateLand|[upkeep]
|upkeep
|turn|6
|inactive|BrixStillNotLuvin has 60 seconds left.
|
|t:|1668448082
|switch|p1a: Yveltal|Yveltal, shiny|100/100
|-ability|p1a: Yveltal|Dark Aura
|move|p2a: Mr. Cuddles|Rock Polish|p2a: Mr. Cuddles
|-boost|p2a: Mr. Cuddles|spe|2
|
|-weather|DesolateLand|[upkeep]
|upkeep
|turn|7
|
|t:|1668448087
|move|p2a: Mr. Cuddles|Smack Down|p1a: Yveltal
|-supereffective|p1a: Yveltal
|-damage|p1a: Yveltal|61/100
|-start|p1a: Yveltal|Smack Down
|move|p1a: Yveltal|Foul Play|p2a: Mr. Cuddles
|-damage|p2a: Mr. Cuddles|49/100
|
|-weather|DesolateLand|[upkeep]
|upkeep
|turn|8
|inactive|iMysticLeafeon has 120 seconds left.
|
|t:|1668448099
|move|p2a: Mr. Cuddles|Precipice Blades|p1a: Yveltal
|-damage|p1a: Yveltal|0 fnt
|faint|p1a: Yveltal
|
|-weather|DesolateLand|[upkeep]
|upkeep
|
|t:|1668448107
|switch|p1a: Ditto|Ditto, shiny|100/100
|-transform|p1a: Ditto|p2a: Mr. Cuddles|[from] ability: Imposter
|turn|9
|
|t:|1668448113
|move|p1a: Ditto|Precipice Blades|p2a: Mr. Cuddles
|-supereffective|p2a: Mr. Cuddles
|-damage|p2a: Mr. Cuddles|0 fnt
|faint|p2a: Mr. Cuddles
|
|-weather|DesolateLand|[upkeep]
|upkeep
|
|t:|1668448115
|switch|p2a: Foiled Again|Yveltal|100/100
|-ability|p2a: Foiled Again|Dark Aura
|turn|10
|
|t:|1668448120
|-weather|none
|switch|p1a: Arceus|Arceus-Dark|100/100
|move|p2a: Foiled Again|U-turn|p1a: Arceus
|-supereffective|p1a: Arceus
|-damage|p1a: Arceus|64/100
|
|t:|1668448124
|switch|p2a: Doggo|Zacian-Crowned|100/100|[from]move: U-turn
|-ability|p2a: Doggo|Intrepid Sword|boost
|-boost|p2a: Doggo|atk|1
|
|upkeep
|turn|11
|
|t:|1668448129
|switch|p1a: Arceus|Arceus-Water|100/100 par
|move|p2a: Doggo|Behemoth Blade|p1a: Arceus
|-resisted|p1a: Arceus
|-damage|p1a: Arceus|69/100 par
|
|upkeep
|turn|12
|
|t:|1668448136
|switch|p2a: Beast Mode|Necrozma-Dusk-Mane|100/100
|move|p1a: Arceus|Will-O-Wisp|p2a: Beast Mode|[miss]
|-miss|p1a: Arceus|p2a: Beast Mode
|
|upkeep
|turn|13
|
|t:|1668448161
|move|p2a: Beast Mode|Morning Sun|p2a: Beast Mode
|-fail|p2a: Beast Mode|heal
|move|p1a: Arceus|Recover|p1a: Arceus
|-heal|p1a: Arceus|100/100 par
|
|upkeep
|turn|14
|inactive|iMysticLeafeon has 120 seconds left.
|j| luisYR_a
|l| luisYR_a
|
|t:|1668448199
|switch|p2a: Doggo|Zacian-Crowned|100/100
|-ability|p2a: Doggo|Intrepid Sword|boost
|-boost|p2a: Doggo|atk|1
|move|p1a: Arceus|Whirlpool|p2a: Doggo
|-damage|p2a: Doggo|85/100
|-activate|p2a: Doggo|move: Whirlpool|[of] p1a: Arceus
|
|-damage|p2a: Doggo|73/100|[from] move: Whirlpool|[partiallytrapped]
|upkeep
|turn|15
|
|t:|1668448214
|move|p2a: Doggo|Play Rough|p1a: Arceus
|-damage|p1a: Arceus|42/100 par
|move|p1a: Arceus|Will-O-Wisp|p2a: Doggo
|-status|p2a: Doggo|brn
|
|-damage|p2a: Doggo|67/100 brn|[from] brn
|-damage|p2a: Doggo|55/100 brn|[from] move: Whirlpool|[partiallytrapped]
|upkeep
|turn|16
|
|t:|1668448219
|move|p2a: Doggo|Play Rough|p1a: Arceus
|-damage|p1a: Arceus|16/100 par
|move|p1a: Arceus|Recover|p1a: Arceus
|-heal|p1a: Arceus|66/100 par
|
|-damage|p2a: Doggo|48/100 brn|[from] brn
|-damage|p2a: Doggo|36/100 brn|[from] move: Whirlpool|[partiallytrapped]
|upkeep
|turn|17
|
|t:|1668448224
|move|p2a: Doggo|Swords Dance|p2a: Doggo
|-boost|p2a: Doggo|atk|2
|move|p1a: Arceus|Perish Song|p1a: Arceus
|-start|p1a: Arceus|perish3|[silent]
|-start|p2a: Doggo|perish3|[silent]
|-fieldactivate|move: Perish Song
|
|-damage|p2a: Doggo|30/100 brn|[from] brn
|-damage|p2a: Doggo|18/100 brn|[from] move: Whirlpool|[partiallytrapped]
|-start|p2a: Doggo|perish3
|-start|p1a: Arceus|perish3
|upkeep
|turn|18
|j| ddddddabai
|
|t:|1668448226
|move|p2a: Doggo|Play Rough|p1a: Arceus
|-damage|p1a: Arceus|22/100 par
|cant|p1a: Arceus|par
|
|-damage|p2a: Doggo|12/100 brn|[from] brn
|-damage|p2a: Doggo|0 fnt|[from] move: Whirlpool|[partiallytrapped]
|faint|p2a: Doggo
|-start|p1a: Arceus|perish2
|upkeep
|
|t:|1668448230
|switch|p2a: Spoutin' Fax|Kyogre|11/100
|-weather|RainDance|[from] ability: Drizzle|[of] p2a: Spoutin' Fax
|turn|19
|
|t:|1668448236
|switch|p1a: Eternatus|Eternatus|100/100
|-ability|p1a: Eternatus|Pressure
|move|p2a: Spoutin' Fax|Thunder|p1a: Eternatus
|-resisted|p1a: Eternatus
|-damage|p1a: Eternatus|86/100
|
|-weather|RainDance|[upkeep]
|upkeep
|turn|20
|
|t:|1668448243
|switch|p2a: Beast Mode|Necrozma-Dusk-Mane|100/100
|move|p1a: Eternatus|Cosmic Power|p1a: Eternatus
|-boost|p1a: Eternatus|def|1
|-boost|p1a: Eternatus|spd|1
|
|-weather|RainDance|[upkeep]
|upkeep
|turn|21
|
|t:|1668448262
|move|p1a: Eternatus|Cosmic Power|p1a: Eternatus
|-boost|p1a: Eternatus|def|1
|-boost|p1a: Eternatus|spd|1
|move|p2a: Beast Mode|Thunder Wave|p1a: Eternatus
|-status|p1a: Eternatus|par
|
|-weather|RainDance|[upkeep]
|upkeep
|turn|22
|
|t:|1668448275
|move|p1a: Eternatus|Cosmic Power|p1a: Eternatus
|-boost|p1a: Eternatus|def|1
|-boost|p1a: Eternatus|spd|1
|move|p2a: Beast Mode|Earthquake|p1a: Eternatus
|-supereffective|p1a: Eternatus
|-damage|p1a: Eternatus|65/100 par
|
|-weather|RainDance|[upkeep]
|upkeep
|turn|23
|
|t:|1668448296
|move|p1a: Eternatus|Recover|p1a: Eternatus
|-heal|p1a: Eternatus|100/100 par
|move|p2a: Beast Mode|Earthquake|p1a: Eternatus
|-supereffective|p1a: Eternatus
|-damage|p1a: Eternatus|81/100 par
|
|-weather|none
|upkeep
|turn|24
|
|t:|1668448304
|move|p1a: Eternatus|Cosmic Power|p1a: Eternatus
|-boost|p1a: Eternatus|def|1
|-boost|p1a: Eternatus|spd|1
|move|p2a: Beast Mode|Earthquake|p1a: Eternatus
|-supereffective|p1a: Eternatus
|-damage|p1a: Eternatus|63/100 par
|
|upkeep
|turn|25
|
|t:|1668448316
|move|p1a: Eternatus|Cosmic Power|p1a: Eternatus
|-boost|p1a: Eternatus|def|1
|-boost|p1a: Eternatus|spd|1
|move|p2a: Beast Mode|Earthquake|p1a: Eternatus
|-supereffective|p1a: Eternatus
|-damage|p1a: Eternatus|49/100 par
|
|upkeep
|turn|26
|
|t:|1668448324
|move|p1a: Eternatus|Cosmic Power|p1a: Eternatus
|-boost|p1a: Eternatus|def|1
|-boost|p1a: Eternatus|spd|1
|move|p2a: Beast Mode|Earthquake|p1a: Eternatus
|-supereffective|p1a: Eternatus
|-damage|p1a: Eternatus|36/100 par
|
|upkeep
|turn|27
|
|t:|1668448327
|move|p1a: Eternatus|Recover|p1a: Eternatus
|-heal|p1a: Eternatus|86/100 par
|move|p2a: Beast Mode|Earthquake|p1a: Eternatus
|-supereffective|p1a: Eternatus
|-damage|p1a: Eternatus|73/100 par
|
|upkeep
|turn|28
|
|t:|1668448334
|move|p1a: Eternatus|Dynamax Cannon|p2a: Beast Mode
|-resisted|p2a: Beast Mode
|-damage|p2a: Beast Mode|86/100
|move|p2a: Beast Mode|Earthquake|p1a: Eternatus
|-supereffective|p1a: Eternatus
|-damage|p1a: Eternatus|61/100 par
|
|-heal|p2a: Beast Mode|92/100|[from] item: Leftovers
|upkeep
|turn|29
|
|t:|1668448340
|move|p1a: Eternatus|Recover|p1a: Eternatus
|-heal|p1a: Eternatus|100/100 par
|move|p2a: Beast Mode|Thunder Wave|p1a: Eternatus
|-fail|p1a: Eternatus|par
|
|-heal|p2a: Beast Mode|98/100|[from] item: Leftovers
|upkeep
|turn|30
|
|t:|1668448358
|cant|p1a: Eternatus|par
|move|p2a: Beast Mode|Thunder Wave|p1a: Eternatus
|-fail|p1a: Eternatus|par
|
|-heal|p2a: Beast Mode|100/100|[from] item: Leftovers
|upkeep
|turn|31
|
|t:|1668448368
|move|p1a: Eternatus|Cosmic Power|p1a: Eternatus
|-boost|p1a: Eternatus|def|0
|-boost|p1a: Eternatus|spd|0
|move|p2a: Beast Mode|Toxic||[still]
|-fail|p2a: Beast Mode
|
|upkeep
|turn|32
|
|t:|1668448375
|switch|p2a: Foiled Again|Yveltal|100/100
|-ability|p2a: Foiled Again|Dark Aura
|move|p1a: Eternatus|Cosmic Power|p1a: Eternatus
|-boost|p1a: Eternatus|def|0
|-boost|p1a: Eternatus|spd|0
|
|upkeep
|turn|33
|l| ddddddabai
|
|t:|1668448379
|switch|p2a: Beast Mode|Necrozma-Dusk-Mane|100/100
|move|p1a: Eternatus|Dynamax Cannon|p2a: Beast Mode
|-resisted|p2a: Beast Mode
|-damage|p2a: Beast Mode|87/100
|
|-heal|p2a: Beast Mode|93/100|[from] item: Leftovers
|upkeep
|turn|34
|j| ddddddabai
|
|t:|1668448397
|switch|p2a: Foiled Again|Yveltal|100/100
|-ability|p2a: Foiled Again|Dark Aura
|move|p1a: Eternatus|Cosmic Power|p1a: Eternatus
|-boost|p1a: Eternatus|def|0
|-boost|p1a: Eternatus|spd|0
|
|upkeep
|turn|35
|
|t:|1668448400
|switch|p2a: Beast Mode|Necrozma-Dusk-Mane|93/100
|cant|p1a: Eternatus|par
|
|-heal|p2a: Beast Mode|99/100|[from] item: Leftovers
|upkeep
|turn|36
|
|t:|1668448403
|move|p1a: Eternatus|Cosmic Power|p1a: Eternatus
|-boost|p1a: Eternatus|def|0
|-boost|p1a: Eternatus|spd|0
|move|p2a: Beast Mode|Thunder Wave|p1a: Eternatus|[miss]
|-miss|p2a: Beast Mode|p1a: Eternatus
|
|-heal|p2a: Beast Mode|100/100|[from] item: Leftovers
|upkeep
|turn|37
|
|t:|1668448406
|switch|p2a: Foiled Again|Yveltal|100/100
|-ability|p2a: Foiled Again|Dark Aura
|move|p1a: Eternatus|Cosmic Power|p1a: Eternatus
|-boost|p1a: Eternatus|def|0
|-boost|p1a: Eternatus|spd|0
|
|upkeep
|turn|38
|
|t:|1668448409
|switch|p2a: Spoutin' Fax|Kyogre|11/100
|-weather|RainDance|[from] ability: Drizzle|[of] p2a: Spoutin' Fax
|move|p1a: Eternatus|Cosmic Power|p1a: Eternatus
|-boost|p1a: Eternatus|def|0
|-boost|p1a: Eternatus|spd|0
|
|-weather|RainDance|[upkeep]
|upkeep
|turn|39
|
|t:|1668448412
|move|p2a: Spoutin' Fax|Ice Beam|p1a: Eternatus
|-supereffective|p1a: Eternatus
|-damage|p1a: Eternatus|86/100 par
|move|p1a: Eternatus|Cosmic Power|p1a: Eternatus
|-boost|p1a: Eternatus|def|0
|-boost|p1a: Eternatus|spd|0
|
|-weather|RainDance|[upkeep]
|upkeep
|turn|40
|
|t:|1668448415
|move|p2a: Spoutin' Fax|Ice Beam|p1a: Eternatus
|-supereffective|p1a: Eternatus
|-damage|p1a: Eternatus|72/100 par
|move|p1a: Eternatus|Toxic|p2a: Spoutin' Fax
|-status|p2a: Spoutin' Fax|tox
|
|-weather|RainDance|[upkeep]
|-damage|p2a: Spoutin' Fax|5/100 tox|[from] psn
|upkeep
|turn|41
|
|t:|1668448417
|move|p2a: Spoutin' Fax|Ice Beam|p1a: Eternatus
|-supereffective|p1a: Eternatus
|-damage|p1a: Eternatus|59/100 par
|move|p1a: Eternatus|Recover|p1a: Eternatus
|-heal|p1a: Eternatus|100/100 par
|
|-weather|RainDance|[upkeep]
|-damage|p2a: Spoutin' Fax|0 fnt|[from] psn
|faint|p2a: Spoutin' Fax
|upkeep
|
|t:|1668448420
|switch|p2a: Beast Mode|Necrozma-Dusk-Mane|100/100
|turn|42
|inactive|BrixStillNotLuvin has 120 seconds left.
|
|t:|1668448468
|move|p1a: Eternatus|Cosmic Power|p1a: Eternatus
|-boost|p1a: Eternatus|def|0
|-boost|p1a: Eternatus|spd|0
|move|p2a: Beast Mode|Thunder Wave|p1a: Eternatus
|-fail|p1a: Eternatus|par
|
|-weather|none
|upkeep
|turn|43
|l| ddddddabai
|inactive|iMysticLeafeon has 120 seconds left.
|
|t:|1668448510
|move|p1a: Eternatus|Cosmic Power|p1a: Eternatus
|-boost|p1a: Eternatus|def|0
|-boost|p1a: Eternatus|spd|0
|move|p2a: Beast Mode|Earthquake|p1a: Eternatus
|-supereffective|p1a: Eternatus
|-damage|p1a: Eternatus|87/100 par
|
|upkeep
|turn|44
|
|t:|1668448528
|cant|p1a: Eternatus|par
|move|p2a: Beast Mode|Thunder Wave|p1a: Eternatus
|-fail|p1a: Eternatus|par
|
|upkeep
|turn|45
|
|t:|1668448538
|move|p1a: Eternatus|Cosmic Power|p1a: Eternatus
|-boost|p1a: Eternatus|def|0
|-boost|p1a: Eternatus|spd|0
|move|p2a: Beast Mode|Thunder Wave|p1a: Eternatus|[miss]
|-miss|p2a: Beast Mode|p1a: Eternatus
|
|upkeep
|turn|46
|inactive|iMysticLeafeon has 120 seconds left.
|j| ddddddabai
|inactive|iMysticLeafeon has 90 seconds left.
|c|☆BrixStillNotLuvin|hey this is gonna take a while
|c|☆BrixStillNotLuvin|if you couldn't already tell
|
|t:|1668448602
|move|p1a: Eternatus|Cosmic Power|p1a: Eternatus
|-boost|p1a: Eternatus|def|0
|-boost|p1a: Eternatus|spd|0
|move|p2a: Beast Mode|Toxic|p1a: Eternatus|[miss]
|-miss|p2a: Beast Mode|p1a: Eternatus
|
|upkeep
|turn|47
|
|t:|1668448611
|move|p1a: Eternatus|Cosmic Power|p1a: Eternatus
|-boost|p1a: Eternatus|def|0
|-boost|p1a: Eternatus|spd|0
|move|p2a: Beast Mode|Toxic||[still]
|-fail|p2a: Beast Mode
|
|upkeep
|turn|48
|
|t:|1668448622
|move|p1a: Eternatus|Cosmic Power|p1a: Eternatus
|-boost|p1a: Eternatus|def|0
|-boost|p1a: Eternatus|spd|0
|move|p2a: Beast Mode|Morning Sun|p2a: Beast Mode
|-fail|p2a: Beast Mode|heal
|
|upkeep
|turn|49
|
|t:|1668448633
|move|p1a: Eternatus|Cosmic Power|p1a: Eternatus
|-boost|p1a: Eternatus|def|0
|-boost|p1a: Eternatus|spd|0
|move|p2a: Beast Mode|Toxic||[still]
|-fail|p2a: Beast Mode
|
|upkeep
|turn|50
|
|t:|1668448636
|move|p1a: Eternatus|Cosmic Power|p1a: Eternatus
|-boost|p1a: Eternatus|def|0
|-boost|p1a: Eternatus|spd|0
|move|p2a: Beast Mode|Toxic||[still]
|-fail|p2a: Beast Mode
|
|upkeep
|turn|51
|
|t:|1668448641
|switch|p2a: Foiled Again|Yveltal|100/100
|-ability|p2a: Foiled Again|Dark Aura
|move|p1a: Eternatus|Cosmic Power|p1a: Eternatus
|-boost|p1a: Eternatus|def|0
|-boost|p1a: Eternatus|spd|0
|
|upkeep
|turn|52
|
|t:|1668448664
|switch|p2a: Beast Mode|Necrozma-Dusk-Mane|100/100
|move|p1a: Eternatus|Recover|p1a: Eternatus
|-heal|p1a: Eternatus|100/100 par
|
|upkeep
|turn|53
|
|t:|1668448670
|switch|p2a: Foiled Again|Yveltal|100/100
|-ability|p2a: Foiled Again|Dark Aura
|move|p1a: Eternatus|Cosmic Power|p1a: Eternatus
|-boost|p1a: Eternatus|def|0
|-boost|p1a: Eternatus|spd|0
|
|upkeep
|turn|54
|inactive|iMysticLeafeon has 90 seconds left.
|
|t:|1668448699
|switch|p2a: Beast Mode|Necrozma-Dusk-Mane|100/100
|cant|p1a: Eternatus|par
|
|upkeep
|turn|55
|
|t:|1668448703
|switch|p2a: Foiled Again|Yveltal|100/100
|-ability|p2a: Foiled Again|Dark Aura
|move|p1a: Eternatus|Dynamax Cannon|p2a: Foiled Again
|-damage|p2a: Foiled Again|67/100
|
|upkeep
|turn|56
|
|t:|1668448709
|move|p2a: Foiled Again|Defog|p1a: Eternatus
|-unboost|p1a: Eternatus|evasion|1
|move|p1a: Eternatus|Cosmic Power|p1a: Eternatus
|-boost|p1a: Eternatus|def|0
|-boost|p1a: Eternatus|spd|0
|
|upkeep
|turn|57
|
|t:|1668448712
|move|p2a: Foiled Again|Defog|p1a: Eternatus
|-unboost|p1a: Eternatus|evasion|1
|move|p1a: Eternatus|Toxic|p2a: Foiled Again
|-status|p2a: Foiled Again|tox
|
|-damage|p2a: Foiled Again|61/100 tox|[from] psn
|upkeep
|turn|58
|inactive|iMysticLeafeon has 120 seconds left.
|
|t:|1668448725
|switch|p2a: Calyrex|Calyrex-Shadow|100/100
|-ability|p2a: Calyrex|As One
|-ability|p2a: Calyrex|Unnerve
|move|p1a: Eternatus|Toxic|p2a: Calyrex
|-status|p2a: Calyrex|tox
|
|-damage|p2a: Calyrex|94/100 tox|[from] psn
|upkeep
|turn|59
|
|t:|1668448730
|switch|p2a: Beast Mode|Necrozma-Dusk-Mane|100/100
|move|p1a: Eternatus|Recover||[still]
|-fail|p1a: Eternatus|heal
|
|upkeep
|turn|60
|inactive|BrixStillNotLuvin has 120 seconds left.
|
|t:|1668448761
|move|p1a: Eternatus|Cosmic Power|p1a: Eternatus
|-boost|p1a: Eternatus|def|0
|-boost|p1a: Eternatus|spd|0
|move|p2a: Beast Mode|Thunder Wave|p1a: Eternatus
|-fail|p1a: Eternatus|par
|
|upkeep
|turn|61
|inactive|BrixStillNotLuvin has 120 seconds left.
|
|t:|1668448774
|cant|p1a: Eternatus|par
|move|p2a: Beast Mode|Thunder Wave|p1a: Eternatus
|-fail|p1a: Eternatus|par
|
|upkeep
|turn|62
|inactive|BrixStillNotLuvin has 120 seconds left.
|
|t:|1668448794
|switch|p2a: Foiled Again|Yveltal|61/100 tox
|-ability|p2a: Foiled Again|Dark Aura
|move|p1a: Eternatus|Cosmic Power|p1a: Eternatus
|-boost|p1a: Eternatus|def|0
|-boost|p1a: Eternatus|spd|0
|
|-damage|p2a: Foiled Again|54/100 tox|[from] psn
|upkeep
|turn|63
|
|t:|1668448798
|move|p2a: Foiled Again|Roost|p2a: Foiled Again
|-heal|p2a: Foiled Again|100/100 tox
|-singleturn|p2a: Foiled Again|move: Roost
|move|p1a: Eternatus|Dynamax Cannon|p2a: Foiled Again
|-damage|p2a: Foiled Again|65/100 tox
|
|-damage|p2a: Foiled Again|52/100 tox|[from] psn
|upkeep
|turn|64
|
|t:|1668448807
|move|p2a: Foiled Again|Roost|p2a: Foiled Again
|-heal|p2a: Foiled Again|100/100 tox
|-singleturn|p2a: Foiled Again|move: Roost
|move|p1a: Eternatus|Dynamax Cannon|p2a: Foiled Again
|-damage|p2a: Foiled Again|70/100 tox
|
|-damage|p2a: Foiled Again|51/100 tox|[from] psn
|upkeep
|turn|65
|inactive|BrixStillNotLuvin has 120 seconds left.
|
|t:|1668448823
|switch|p2a: Beast Mode|Necrozma-Dusk-Mane|100/100
|move|p1a: Eternatus|Cosmic Power|p1a: Eternatus
|-boost|p1a: Eternatus|def|0
|-boost|p1a: Eternatus|spd|0
|
|upkeep
|turn|66
|inactive|BrixStillNotLuvin has 120 seconds left.
|
|t:|1668448839
|move|p1a: Eternatus|Cosmic Power|p1a: Eternatus
|-boost|p1a: Eternatus|def|0
|-boost|p1a: Eternatus|spd|0
|move|p2a: Beast Mode|Thunder Wave|p1a: Eternatus
|-fail|p1a: Eternatus|par
|
|upkeep
|turn|67
|inactive|BrixStillNotLuvin has 120 seconds left.
|
|t:|1668448846
|move|p1a: Eternatus|Cosmic Power|p1a: Eternatus
|-boost|p1a: Eternatus|def|0
|-boost|p1a: Eternatus|spd|0
|move|p2a: Beast Mode|Thunder Wave|p1a: Eternatus
|-fail|p1a: Eternatus|par
|
|upkeep
|turn|68
|
|t:|1668448857
|move|p1a: Eternatus|Cosmic Power|p1a: Eternatus
|-boost|p1a: Eternatus|def|0
|-boost|p1a: Eternatus|spd|0
|move|p2a: Beast Mode|Thunder Wave|p1a: Eternatus
|-fail|p1a: Eternatus|par
|
|upkeep
|turn|69
|
|t:|1668448860
|cant|p1a: Eternatus|par
|move|p2a: Beast Mode|Thunder Wave|p1a: Eternatus
|-fail|p1a: Eternatus|par
|
|upkeep
|turn|70
|
|t:|1668448865
|move|p1a: Eternatus|Dynamax Cannon|p2a: Beast Mode
|-resisted|p2a: Beast Mode
|-damage|p2a: Beast Mode|87/100
|move|p2a: Beast Mode|Thunder Wave|p1a: Eternatus
|-fail|p1a: Eternatus|par
|
|-heal|p2a: Beast Mode|93/100|[from] item: Leftovers
|upkeep
|turn|71
|
|t:|1668448876
|move|p1a: Eternatus|Cosmic Power|p1a: Eternatus
|-boost|p1a: Eternatus|def|0
|-boost|p1a: Eternatus|spd|0
|move|p2a: Beast Mode|Toxic||[still]
|-fail|p2a: Beast Mode
|
|-heal|p2a: Beast Mode|99/100|[from] item: Leftovers
|upkeep
|turn|72
|
|t:|1668448886
|cant|p1a: Eternatus|par
|move|p2a: Beast Mode|Toxic||[still]
|-fail|p2a: Beast Mode
|
|-heal|p2a: Beast Mode|100/100|[from] item: Leftovers
|upkeep
|turn|73
|inactive|iMysticLeafeon has 120 seconds left.
|
|t:|1668448919
|move|p1a: Eternatus|Toxic|p2a: Beast Mode
|-immune|p2a: Beast Mode
|move|p2a: Beast Mode|Toxic||[still]
|-fail|p2a: Beast Mode
|
|upkeep
|turn|74
|
|t:|1668448924
|switch|p2a: Foiled Again|Yveltal|51/100 tox
|-ability|p2a: Foiled Again|Dark Aura
|move|p1a: Eternatus|Toxic|p2a: Foiled Again
|-fail|p2a: Foiled Again|tox
|
|-damage|p2a: Foiled Again|45/100 tox|[from] psn
|upkeep
|turn|75
|
|t:|1668448937
|move|p2a: Foiled Again|Roost|p2a: Foiled Again
|-heal|p2a: Foiled Again|95/100 tox
|-singleturn|p2a: Foiled Again|move: Roost
|move|p1a: Eternatus|Toxic|p2a: Foiled Again
|-fail|p2a: Foiled Again|tox
|
|-damage|p2a: Foiled Again|83/100 tox|[from] psn
|upkeep
|turn|76
|
|t:|1668448947
|switch|p2a: Beast Mode|Necrozma-Dusk-Mane|100/100
|move|p1a: Eternatus|Toxic|p2a: Beast Mode
|-immune|p2a: Beast Mode
|
|upkeep
|turn|77
|
|t:|1668448955
|switch|p2a: Calyrex|Calyrex-Shadow|94/100 tox
|-ability|p2a: Calyrex|As One
|-ability|p2a: Calyrex|Unnerve
|move|p1a: Eternatus|Toxic|p2a: Calyrex
|-fail|p2a: Calyrex|tox
|
|-damage|p2a: Calyrex|88/100 tox|[from] psn
|upkeep
|turn|78
|
|t:|1668448960
|switch|p2a: Beast Mode|Necrozma-Dusk-Mane|100/100
|cant|p1a: Eternatus|par
|
|upkeep
|turn|79
|
|t:|1668448989
|switch|p2a: Foiled Again|Yveltal|83/100 tox
|-ability|p2a: Foiled Again|Dark Aura
|cant|p1a: Eternatus|par
|
|-damage|p2a: Foiled Again|77/100 tox|[from] psn
|upkeep
|turn|80
|
|t:|1668448995
|switch|p2a: Beast Mode|Necrozma-Dusk-Mane|100/100
|move|p1a: Eternatus|Dynamax Cannon|p2a: Beast Mode
|-resisted|p2a: Beast Mode
|-damage|p2a: Beast Mode|87/100
|
|-heal|p2a: Beast Mode|93/100|[from] item: Leftovers
|upkeep
|turn|81
|
|t:|1668449000
|switch|p2a: Foiled Again|Yveltal|77/100 tox
|-ability|p2a: Foiled Again|Dark Aura
|move|p1a: Eternatus|Toxic|p2a: Foiled Again
|-fail|p2a: Foiled Again|tox
|
|-damage|p2a: Foiled Again|71/100 tox|[from] psn
|upkeep
|turn|82
|
|t:|1668449003
|switch|p2a: Beast Mode|Necrozma-Dusk-Mane|93/100
|move|p1a: Eternatus|Toxic|p2a: Beast Mode
|-immune|p2a: Beast Mode
|
|-heal|p2a: Beast Mode|99/100|[from] item: Leftovers
|upkeep
|turn|83
|
|t:|1668449007
|move|p1a: Eternatus|Dynamax Cannon|p2a: Beast Mode
|-resisted|p2a: Beast Mode
|-damage|p2a: Beast Mode|84/100
|move|p2a: Beast Mode|Thunder Wave|p1a: Eternatus
|-fail|p1a: Eternatus|par
|
|-heal|p2a: Beast Mode|90/100|[from] item: Leftovers
|upkeep
|turn|84
|c|☆BrixStillNotLuvin|hm
|
|t:|1668449015
|switch|p2a: Foiled Again|Yveltal|71/100 tox
|-ability|p2a: Foiled Again|Dark Aura
|move|p1a: Eternatus|Toxic|p2a: Foiled Again
|-fail|p2a: Foiled Again|tox
|
|-damage|p2a: Foiled Again|65/100 tox|[from] psn
|upkeep
|turn|85
|
|t:|1668449038
|switch|p2a: Beast Mode|Necrozma-Dusk-Mane|90/100
|move|p1a: Eternatus|Toxic|p2a: Beast Mode
|-immune|p2a: Beast Mode
|
|-heal|p2a: Beast Mode|96/100|[from] item: Leftovers
|upkeep
|turn|86
|l| ddddddabai
|inactive|iMysticLeafeon has 120 seconds left.
|inactive|iMysticLeafeon has 90 seconds left.
|
|t:|1668449093
|move|p1a: Eternatus|Toxic|p2a: Beast Mode
|-immune|p2a: Beast Mode
|move|p2a: Beast Mode|Thunder Wave|p1a: Eternatus
|-fail|p1a: Eternatus|par
|
|-heal|p2a: Beast Mode|100/100|[from] item: Leftovers
|upkeep
|turn|87
|
|t:|1668449109
|switch|p1a: Arceus|Arceus-Water|22/100 par
|switch|p2a: Foiled Again|Yveltal|65/100 tox
|-ability|p2a: Foiled Again|Dark Aura
|
|-damage|p2a: Foiled Again|59/100 tox|[from] psn
|upkeep
|turn|88
|
|t:|1668449116
|move|p2a: Foiled Again|U-turn|p1a: Arceus
|-crit|p1a: Arceus
|-damage|p1a: Arceus|0 fnt
|faint|p1a: Arceus
|
|t:|1668449121
|switch|p2a: Calyrex|Calyrex-Shadow|88/100 tox|[from]move: U-turn
|-ability|p2a: Calyrex|As One
|-ability|p2a: Calyrex|Unnerve
|
|-damage|p2a: Calyrex|82/100 tox|[from] psn
|upkeep
|
|t:|1668449125
|switch|p1a: Ditto|Ditto, shiny|100/100
|-transform|p1a: Ditto|p2a: Calyrex|[from] ability: Imposter
|turn|89
|
|t:|1668449139
|switch|p2a: Beast Mode|Necrozma-Dusk-Mane|100/100
|move|p1a: Ditto|Astral Barrage|p2a: Beast Mode
|-supereffective|p2a: Beast Mode
|-damage|p2a: Beast Mode|29/100
|
|-heal|p2a: Beast Mode|35/100|[from] item: Leftovers
|upkeep
|turn|90
|
|t:|1668449142
|move|p1a: Ditto|Astral Barrage|p2a: Beast Mode
|-supereffective|p2a: Beast Mode
|-damage|p2a: Beast Mode|0 fnt
|faint|p2a: Beast Mode
|-ability|p1a: Ditto|Grim Neigh|boost
|-boost|p1a: Ditto|spa|1
|
|upkeep
|
|t:|1668449143
|switch|p2a: Foiled Again|Yveltal|59/100 tox
|-ability|p2a: Foiled Again|Dark Aura
|turn|91
|
|t:|1668449146
|switch|p1a: Arceus|Arceus-Dark|64/100
|move|p2a: Foiled Again|Sucker Punch||[still]
|-fail|p2a: Foiled Again
|
|-damage|p2a: Foiled Again|53/100 tox|[from] psn
|upkeep
|turn|92
|
|t:|1668449151
|-start|p2a: Foiled Again|Dynamax|
|-heal|p2a: Foiled Again|53/100 tox|[silent]
|move|p1a: Arceus|Recover|p1a: Arceus
|-heal|p1a: Arceus|100/100
|move|p2a: Foiled Again|Max Flutterby|p1a: Arceus
|-supereffective|p1a: Arceus
|-crit|p1a: Arceus
|-damage|p1a: Arceus|13/100
|-unboost|p1a: Arceus|spa|1
|
|-damage|p2a: Foiled Again|47/100 tox|[from] psn
|upkeep
|turn|93
|
|t:|1668449161
|switch|p1a: Eternatus|Eternatus|100/100 par
|-ability|p1a: Eternatus|Pressure
|move|p2a: Foiled Again|Max Flutterby|p1a: Eternatus
|-resisted|p1a: Eternatus
|-damage|p1a: Eternatus|83/100 par
|-unboost|p1a: Eternatus|spa|1
|
|-damage|p2a: Foiled Again|37/100 tox|[from] psn
|upkeep
|turn|94
|
|t:|1668449171
|move|p2a: Foiled Again|Max Darkness|p1a: Eternatus
|-damage|p1a: Eternatus|14/100 par
|-unboost|p1a: Eternatus|spd|1
|cant|p1a: Eternatus|par
|
|-damage|p2a: Foiled Again|25/100 tox|[from] psn
|upkeep
|-end|p2a: Foiled Again|Dynamax
|-heal|p2a: Foiled Again|25/100 tox|[silent]
|turn|95
|
|t:|1668449179
|switch|p2a: Calyrex|Calyrex-Shadow|82/100 tox
|-ability|p2a: Calyrex|As One
|-ability|p2a: Calyrex|Unnerve
|move|p1a: Eternatus|Recover|p1a: Eternatus
|-heal|p1a: Eternatus|64/100 par
|
|-damage|p2a: Calyrex|76/100 tox|[from] psn
|upkeep
|turn|96
|
|t:|1668449187
|move|p2a: Calyrex|Astral Barrage|p1a: Eternatus
|-damage|p1a: Eternatus|0 fnt
|faint|p1a: Eternatus
|-ability|p2a: Calyrex|Grim Neigh|boost
|-boost|p2a: Calyrex|spa|1
|
|-damage|p2a: Calyrex|64/100 tox|[from] psn
|upkeep
|
|t:|1668449191
|switch|p1a: Ditto|Ditto, shiny|100/100
|-transform|p1a: Ditto|p2a: Calyrex|[from] ability: Imposter
|turn|97
|
|t:|1668449194
|move|p1a: Ditto|Astral Barrage|p2a: Calyrex
|-supereffective|p2a: Calyrex
|-crit|p2a: Calyrex
|-damage|p2a: Calyrex|0 fnt
|faint|p2a: Calyrex
|-ability|p1a: Ditto|Grim Neigh|boost
|-boost|p1a: Ditto|spa|1
|
|upkeep
|
|t:|1668449196
|switch|p2a: Foiled Again|Yveltal|25/100 tox
|-ability|p2a: Foiled Again|Dark Aura
|turn|98
|
|t:|1668449203
|switch|p1a: Arceus|Arceus-Dark|13/100
|move|p2a: Foiled Again|Sucker Punch||[still]
|-fail|p2a: Foiled Again
|
|-damage|p2a: Foiled Again|19/100 tox|[from] psn
|upkeep
|turn|99
|
|t:|1668449208
|move|p1a: Arceus|Recover|p1a: Arceus
|-heal|p1a: Arceus|63/100
|move|p2a: Foiled Again|Roost|p2a: Foiled Again
|-heal|p2a: Foiled Again|69/100 tox
|-singleturn|p2a: Foiled Again|move: Roost
|
|-damage|p2a: Foiled Again|57/100 tox|[from] psn
|upkeep
|turn|100
|
|t:|1668449210
|move|p1a: Arceus|Recover|p1a: Arceus
|-heal|p1a: Arceus|100/100
|move|p2a: Foiled Again|Roost|p2a: Foiled Again
|-heal|p2a: Foiled Again|100/100 tox
|-singleturn|p2a: Foiled Again|move: Roost
|
|-damage|p2a: Foiled Again|82/100 tox|[from] psn
|upkeep
|turn|101
|
|t:|1668449218
|move|p1a: Arceus|Recover||[still]
|-fail|p1a: Arceus|heal
|move|p2a: Foiled Again|U-turn|p1a: Arceus
|-supereffective|p1a: Arceus
|-damage|p1a: Arceus|68/100
|
|-damage|p2a: Foiled Again|58/100 tox|[from] psn
|upkeep
|turn|102
|
|t:|1668449226
|move|p1a: Arceus|Calm Mind|p1a: Arceus
|-boost|p1a: Arceus|spa|1
|-boost|p1a: Arceus|spd|1
|move|p2a: Foiled Again|U-turn|p1a: Arceus
|-supereffective|p1a: Arceus
|-damage|p1a: Arceus|31/100
|
|-damage|p2a: Foiled Again|27/100 tox|[from] psn
|upkeep
|turn|103
|c|☆BrixStillNotLuvin|yeah gg
|
|t:|1668449232
|move|p1a: Arceus|Recover|p1a: Arceus
|-heal|p1a: Arceus|81/100
|move|p2a: Foiled Again|Roost|p2a: Foiled Again
|-heal|p2a: Foiled Again|77/100 tox
|-singleturn|p2a: Foiled Again|move: Roost
|
|-damage|p2a: Foiled Again|41/100 tox|[from] psn
|upkeep
|turn|104
|
|t:|1668449236
|move|p1a: Arceus|Calm Mind|p1a: Arceus
|-boost|p1a: Arceus|spa|1
|-boost|p1a: Arceus|spd|1
|move|p2a: Foiled Again|U-turn|p1a: Arceus
|-supereffective|p1a: Arceus
|-damage|p1a: Arceus|46/100
|
|-damage|p2a: Foiled Again|0 fnt|[from] psn
|faint|p2a: Foiled Again
|
|win|BrixStillNotLuvin
|upkeep
|raw|BrixStillNotLuvin's rating: 1779 &rarr; <strong>1794</strong><br />(+15 for winning)
|raw|iMysticLeafeon's rating: 1695 &rarr; <strong>1680</strong><br />(-15 for losing)
|l|☆iMysticLeafeon
|c|☆BrixStillNotLuvin|sorry you had to go through this
