|j|☆iroeweuio
|j|☆MRH1106
|t:|1662075508
|gametype|singles
|player|p1|iroeweuio|101|1682
|player|p2|MRH1106|ghetsis|1815
|teamsize|p1|6
|teamsize|p2|6
|gen|8
|tier|[Gen 8] National Dex AG
|rated|
|rule|HP Percentage Mod: HP is shown in percentages
|rule|Endless Battle Clause: Forcing endless battles is banned
|clearpoke
|poke|p1|Chatot, F|
|poke|p1|Weavile, F|
|poke|p1|Giratina-Origin|
|poke|p1|Ditto|
|poke|p1|Breloom, M|
|poke|p1|Wobbuffet, M|
|poke|p2|Zacian-*|
|poke|p2|Calyrex-Shadow|
|poke|p2|Rayquaza|
|poke|p2|Ditto|
|poke|p2|Yveltal|
|poke|p2|Arceus-*|
|teampreview
|inactive|Battle timer is ON: inactive players will automatically lose when time's up. (requested by MRH1106)
|inactive|MRH1106 has 120 seconds left.
|inactive|MRH1106 has 90 seconds left.
|
|t:|1662075573
|start
|switch|p1a: Weavile|Weavile, F|100/100
|switch|p2a: Hells dragon|Yveltal, shiny|100/100
|-ability|p1a: Weavile|Pressure
|-ability|p2a: Hells dragon|Dark Aura
|turn|1
|
|t:|1662075578
|move|p1a: Weavile|Assist|p1a: Weavile
|move|p1a: Weavile|Spore|p2a: Hells dragon|[from]move: Assist
|-status|p2a: Hells dragon|slp|[from] move: Spore
|cant|p2a: Hells dragon|slp
|
|upkeep
|turn|2
|
|t:|1662075581
|move|p1a: Weavile|Substitute|p1a: Weavile
|-start|p1a: Weavile|Substitute
|-damage|p1a: Weavile|76/100
|-curestatus|p2a: Hells dragon|slp|[msg]
|move|p2a: Hells dragon|Taunt|p1a: Weavile
|-start|p1a: Weavile|move: Taunt
|
|-heal|p1a: Weavile|82/100|[from] item: Leftovers
|upkeep
|turn|3
|
|t:|1662075586
|switch|p2a: Knifepuppy|Zacian-Crowned|100/100
|-ability|p2a: Knifepuppy|Intrepid Sword|boost
|-boost|p2a: Knifepuppy|atk|1
|move|p1a: Weavile|Triple Axel|p2a: Knifepuppy
|-resisted|p2a: Knifepuppy
|-damage|p2a: Knifepuppy|96/100
|-hitcount|p2a: Knifepuppy|1
|
|-heal|p1a: Weavile|88/100|[from] item: Leftovers
|upkeep
|turn|4
|
|t:|1662075593
|move|p2a: Knifepuppy|Behemoth Blade|p1a: Weavile
|-supereffective|p1a: Weavile
|-end|p1a: Weavile|Substitute
|move|p1a: Weavile|Triple Axel|p2a: Knifepuppy
|-resisted|p2a: Knifepuppy
|-damage|p2a: Knifepuppy|91/100
|-resisted|p2a: Knifepuppy
|-damage|p2a: Knifepuppy|82/100
|-resisted|p2a: Knifepuppy
|-damage|p2a: Knifepuppy|68/100
|-hitcount|p2a: Knifepuppy|3
|
|-heal|p1a: Weavile|94/100|[from] item: Leftovers
|upkeep
|turn|5
|inactive|MRH1106 has 120 seconds left.
|
|t:|1662075627
|switch|p1a: Wobbuffet|Wobbuffet, M|100/100
|move|p2a: Knifepuppy|Behemoth Blade|p1a: Wobbuffet
|-damage|p1a: Wobbuffet|18/100
|
|upkeep
|turn|6
|-enditem|p1a: Wobbuffet|Custap Berry|[eat]
|-activate|p1a: Wobbuffet|item: Custap Berry|[consumed]
|
|t:|1662075636
|move|p1a: Wobbuffet|Destiny Bond|p1a: Wobbuffet
|-singlemove|p1a: Wobbuffet|Destiny Bond
|move|p2a: Knifepuppy|Behemoth Blade|p1a: Wobbuffet
|-damage|p1a: Wobbuffet|0 fnt
|faint|p1a: Wobbuffet
|-activate|p1a: Wobbuffet|move: Destiny Bond
|faint|p2a: Knifepuppy
|
|upkeep
|
|t:|1662075649
|switch|p2a: Rayyyy|Rayquaza|100/100
|switch|p1a: Weavile|Weavile, F|94/100
|-ability|p1a: Weavile|Pressure
|-ability|p2a: Rayyyy|Air Lock
|turn|7
|
|t:|1662075651
|detailschange|p2a: Rayyyy|Rayquaza-Mega
|-mega|p2a: Rayyyy|Rayquaza|
|-weather|DeltaStream|[from] ability: Delta Stream|[of] p2a: Rayyyy
|move|p2a: Rayyyy|Extreme Speed|p1a: Weavile
|-damage|p1a: Weavile|24/100
|move|p1a: Weavile|Triple Axel|p2a: Rayyyy
|-activate||deltastream
|-supereffective|p2a: Rayyyy
|-damage|p2a: Rayyyy|79/100
|-activate||deltastream
|-supereffective|p2a: Rayyyy
|-crit|p2a: Rayyyy
|-damage|p2a: Rayyyy|21/100
|-activate||deltastream
|-supereffective|p2a: Rayyyy
|-damage|p2a: Rayyyy|0 fnt
|faint|p2a: Rayyyy
|-weather|none
|-hitcount|p2: Rayyyy|3
|
|-heal|p1a: Weavile|30/100|[from] item: Leftovers
|upkeep
|
|t:|1662075659
|switch|p2a: Fuck you <3|Ditto, shiny|100/100
|-transform|p2a: Fuck you <3|p1a: Weavile|[from] ability: Imposter
|-ability|p2a: Fuck you <3|Pressure
|turn|8
|
|t:|1662075668
|switch|p1a: Breloom|Breloom, M|100/100
|move|p2a: Fuck you <3|Triple Axel|p1a: Breloom
|-supereffective|p1a: Breloom
|-damage|p1a: Breloom|66/100
|-supereffective|p1a: Breloom
|-crit|p1a: Breloom
|-damage|p1a: Breloom|0 fnt
|faint|p1a: Breloom
|-hitcount|p1: Breloom|2
|
|upkeep
|
|t:|1662075670
|switch|p1a: Giratina|Giratina-Origin|100/100
|turn|9
|
|t:|1662075680
|-start|p1a: Giratina|Dynamax|
|-heal|p1a: Giratina|100/100|[silent]
|move|p2a: Fuck you <3|Triple Axel|p1a: Giratina
|-supereffective|p1a: Giratina
|-damage|p1a: Giratina|93/100
|-hitcount|p1a: Giratina|1
|move|p1a: Giratina|Max Airstream|p2a: Fuck you <3
|-damage|p2a: Fuck you <3|30/100
|-boost|p1a: Giratina|spe|1
|
|upkeep
|turn|10
|
|t:|1662075687
|switch|p2a: Legit god|Arceus-Ground|100/100
|move|p1a: Giratina|Max Wyrmwind|p2a: Legit god
|-damage|p2a: Legit god|54/100
|-unboost|p2a: Legit god|atk|1
|
|upkeep
|turn|11
|
|t:|1662075692
|move|p1a: Giratina|Max Phantasm|p2a: Legit god
|-damage|p2a: Legit god|0 fnt
|faint|p2a: Legit god
|
|upkeep
|
|t:|1662075713
|switch|p2a: Hells dragon|Yveltal, shiny|100/100
|-ability|p2a: Hells dragon|Dark Aura
|-end|p1a: Giratina|Dynamax
|-heal|p1a: Giratina|93/100|[silent]
|turn|12
|
|t:|1662075719
|-start|p2a: Hells dragon|Dynamax|
|-heal|p2a: Hells dragon|100/100|[silent]
|move|p1a: Giratina|Destiny Bond|p1a: Giratina
|-singlemove|p1a: Giratina|Destiny Bond
|move|p2a: Hells dragon|Max Airstream|p1a: Giratina
|-damage|p1a: Giratina|25/100
|-boost|p2a: Hells dragon|spe|1
|-damage|p2a: Hells dragon|96/100|[from] item: Life Orb
|
|upkeep
|turn|13
|
|t:|1662075724
|move|p2a: Hells dragon|Max Guard|p2a: Hells dragon
|-singleturn|p2a: Hells dragon|Max Guard
|move|p1a: Giratina|Shadow Force||[still]
|-prepare|p1a: Giratina|Shadow Force
|
|upkeep
|turn|14
|
|t:|1662075730
|move|p2a: Hells dragon|Max Airstream|p1a: Giratina|[miss]
|-miss|p2a: Hells dragon|p1a: Giratina
|move|p1a: Giratina|Shadow Force|p2a: Hells dragon|[from]lockedmove
|-resisted|p2a: Hells dragon
|-damage|p2a: Hells dragon|78/100
|
|upkeep
|-end|p2a: Hells dragon|Dynamax
|-heal|p2a: Hells dragon|78/100|[silent]
|turn|15
|
|t:|1662075735
|move|p2a: Hells dragon|Oblivion Wing|p1a: Giratina
|-damage|p1a: Giratina|0 fnt
|-heal|p2a: Hells dragon|99/100|[from] drain|[of] p1a: Giratina
|faint|p1a: Giratina
|-damage|p2a: Hells dragon|89/100|[from] item: Life Orb
|
|upkeep
|
|t:|1662075739
|switch|p1a: Ditto|Ditto|100/100
|-transform|p1a: Ditto|p2a: Hells dragon|[from] ability: Imposter
|-ability|p1a: Ditto|Dark Aura
|turn|16
|
|t:|1662075755
|move|p1a: Ditto|Oblivion Wing|p2a: Hells dragon
|-damage|p2a: Hells dragon|51/100
|move|p2a: Hells dragon|Oblivion Wing|p1a: Ditto
|-damage|p1a: Ditto|38/100
|-heal|p2a: Hells dragon|87/100|[from] drain|[of] p1a: Ditto
|-damage|p2a: Hells dragon|77/100|[from] item: Life Orb
|
|upkeep
|turn|17
|
|t:|1662075758
|move|p1a: Ditto|Oblivion Wing|p2a: Hells dragon
|-damage|p2a: Hells dragon|42/100
|-heal|p1a: Ditto|73/100|[from] drain|[of] p2a: Hells dragon
|move|p2a: Hells dragon|Oblivion Wing|p1a: Ditto
|-damage|p1a: Ditto|13/100
|-heal|p2a: Hells dragon|76/100|[from] drain|[of] p1a: Ditto
|-damage|p2a: Hells dragon|66/100|[from] item: Life Orb
|
|upkeep
|turn|18
|
|t:|1662075761
|move|p2a: Hells dragon|Sucker Punch|p1a: Ditto
|-resisted|p1a: Ditto
|-crit|p1a: Ditto
|-damage|p1a: Ditto|0 fnt
|faint|p1a: Ditto
|-damage|p2a: Hells dragon|56/100|[from] item: Life Orb
|
|upkeep
|
|t:|1662075764
|switch|p1a: Chatot|Chatot, F|100/100
|turn|19
|
|t:|1662075768
|move|p2a: Hells dragon|Taunt|p1a: Chatot
|-start|p1a: Chatot|move: Taunt
|move|p1a: Chatot|Chatter|p2a: Hells dragon
|-damage|p2a: Hells dragon|27/100
|-start|p2a: Hells dragon|confusion
|
|upkeep
|turn|20
|
|t:|1662075770
|-activate|p2a: Hells dragon|confusion
|move|p2a: Hells dragon|Oblivion Wing|p1a: Chatot
|-crit|p1a: Chatot
|-damage|p1a: Chatot|0 fnt
|-heal|p2a: Hells dragon|83/100|[from] drain|[of] p1a: Chatot
|faint|p1a: Chatot
|-damage|p2a: Hells dragon|73/100|[from] item: Life Orb
|
|upkeep
|
|t:|1662075772
|switch|p1a: Weavile|Weavile, F|30/100
|-ability|p1a: Weavile|Pressure
|turn|21
|
|t:|1662075774
|-end|p2a: Hells dragon|confusion
|move|p2a: Hells dragon|Taunt|p1a: Weavile
|-start|p1a: Weavile|move: Taunt
|cant|p1a: Weavile|move: Taunt|Assist
|
|-heal|p1a: Weavile|36/100|[from] item: Leftovers
|upkeep
|turn|22
|
|t:|1662075777
|move|p2a: Hells dragon|Sucker Punch|p1a: Weavile
|-resisted|p1a: Weavile
|-damage|p1a: Weavile|0 fnt
|faint|p1a: Weavile
|-damage|p2a: Hells dragon|63/100|[from] item: Life Orb
|
|win|MRH1106
|raw|iroeweuio's rating: 1682 &rarr; <strong>1669</strong><br />(-13 for losing)
|raw|MRH1106's rating: 1815 &rarr; <strong>1828</strong><br />(+13 for winning)
|c|☆iroeweuio|gg wp
