|j|☆defame TV
|j|☆AG Champion Red
|t:|1662302061
|gametype|singles
|player|p1|defame TV|hilbert-wonderlauncher|1762
|player|p2|AG Champion Red|red|1764
|teamsize|p1|6
|teamsize|p2|6
|gen|8
|tier|[Gen 8] National Dex AG
|rated|
|rule|HP Percentage Mod: HP is shown in percentages
|rule|Endless Battle Clause: Forcing endless battles is banned
|clearpoke
|poke|p1|Excadrill, M|
|poke|p1|Rayquaza|
|poke|p1|Yveltal|
|poke|p1|Arceus-*|
|poke|p1|Marshadow|
|poke|p1|Regieleki|
|poke|p2|Zacian-*|
|poke|p2|Calyrex-Shadow|
|poke|p2|Rayquaza|
|poke|p2|Groudon|
|poke|p2|Necrozma-Dusk-Mane|
|poke|p2|Yveltal|
|teampreview
|inactive|Battle timer is ON: inactive players will automatically lose when time's up. (requested by AG Champion Red)
|
|t:|1662302086
|start
|switch|p1a: Excadrill|Excadrill, M, shiny|100/100
|switch|p2a: Necrozma|Necrozma-Dusk-Mane, shiny|100/100
|-ability|p1a: Excadrill|Mold Breaker
|turn|1
|inactive|AG Champion Red has 120 seconds left.
|
|t:|1662302124
|move|p1a: Excadrill|Earthquake|p2a: Necrozma
|-supereffective|p2a: Necrozma
|-damage|p2a: Necrozma|32/100
|move|p2a: Necrozma|Dragon Dance|p2a: Necrozma
|-boost|p2a: Necrozma|atk|1
|-boost|p2a: Necrozma|spe|1
|
|upkeep
|turn|2
|inactive|AG Champion Red has 120 seconds left.
|
|t:|1662302150
|move|p2a: Necrozma|Earthquake|p1a: Excadrill
|-supereffective|p1a: Excadrill
|-enditem|p1a: Excadrill|Focus Sash
|-damage|p1a: Excadrill|1/100
|move|p1a: Excadrill|Earthquake|p2a: Necrozma
|-supereffective|p2a: Necrozma
|-damage|p2a: Necrozma|0 fnt
|faint|p2a: Necrozma
|
|upkeep
|
|t:|1662302162
|switch|p2a: Calyrex|Calyrex-Shadow|100/100
|-ability|p2a: Calyrex|As One
|-ability|p2a: Calyrex|Unnerve
|turn|3
|
|t:|1662302167
|move|p2a: Calyrex|Draining Kiss|p1a: Excadrill
|-resisted|p1a: Excadrill
|-damage|p1a: Excadrill|0 fnt
|faint|p1a: Excadrill
|-ability|p2a: Calyrex|Grim Neigh|boost
|-boost|p2a: Calyrex|spa|1
|
|upkeep
|
|t:|1662302172
|switch|p1a: Yveltal|Yveltal, shiny|100/100
|-ability|p1a: Yveltal|Dark Aura
|turn|4
|
|t:|1662302176
|switch|p2a: Zacian|Zacian|100/100
|-ability|p2a: Zacian|Intrepid Sword|boost
|-boost|p2a: Zacian|atk|1
|move|p1a: Yveltal|Foul Play|p2a: Zacian
|-resisted|p2a: Zacian
|-damage|p2a: Zacian|52/100
|
|upkeep
|turn|5
|
|t:|1662302195
|move|p2a: Zacian|Play Rough|p1a: Yveltal|[miss]
|-miss|p2a: Zacian|p1a: Yveltal
|move|p1a: Yveltal|Foul Play|p2a: Zacian
|-resisted|p2a: Zacian
|-damage|p2a: Zacian|3/100
|
|upkeep
|turn|6
|
|t:|1662302203
|move|p2a: Zacian|Play Rough|p1a: Yveltal
|-supereffective|p1a: Yveltal
|-damage|p1a: Yveltal|0 fnt
|faint|p1a: Yveltal
|
|upkeep
|
|t:|1662302208
|switch|p1a: Rayquaza|Rayquaza|100/100
|-ability|p1a: Rayquaza|Air Lock
|turn|7
|
|t:|1662302213
|switch|p2a: Calyrex|Calyrex-Shadow|100/100
|-ability|p2a: Calyrex|As One
|-ability|p2a: Calyrex|Unnerve
|detailschange|p1a: Rayquaza|Rayquaza-Mega
|-mega|p1a: Rayquaza|Rayquaza|
|-weather|DeltaStream|[from] ability: Delta Stream|[of] p1a: Rayquaza
|move|p1a: Rayquaza|Extreme Speed|p2a: Calyrex
|-immune|p2a: Calyrex
|
|-weather|DeltaStream|[upkeep]
|upkeep
|turn|8
|
|t:|1662302224
|-start|p2a: Calyrex|Dynamax|
|-heal|p2a: Calyrex|100/100|[silent]
|move|p2a: Calyrex|Max Mindstorm|p1a: Rayquaza
|-damage|p1a: Rayquaza|23/100
|-fieldstart|move: Psychic Terrain
|move|p1a: Rayquaza|Scale Shot|p2a: Calyrex
|-damage|p2a: Calyrex|91/100
|-damage|p2a: Calyrex|80/100
|-damage|p2a: Calyrex|69/100
|-damage|p2a: Calyrex|59/100
|-damage|p2a: Calyrex|48/100
|-hitcount|p2a: Calyrex|5
|-unboost|p1a: Rayquaza|def|1
|-boost|p1a: Rayquaza|spe|1
|
|-weather|DeltaStream|[upkeep]
|upkeep
|turn|9
|
|t:|1662302239
|move|p1a: Rayquaza|Dragon Ascent|p2a: Calyrex
|-damage|p2a: Calyrex|3/100
|-unboost|p1a: Rayquaza|def|1
|-unboost|p1a: Rayquaza|spd|1
|move|p2a: Calyrex|Max Phantasm|p1a: Rayquaza
|-crit|p1a: Rayquaza
|-damage|p1a: Rayquaza|0 fnt
|faint|p1a: Rayquaza
|-weather|none
|-ability|p2a: Calyrex|Grim Neigh|boost
|-boost|p2a: Calyrex|spa|1
|
|upkeep
|
|t:|1662302249
|switch|p1a: Regieleki|Regieleki, shiny|100/100
|turn|10
|
|t:|1662302254
|move|p1a: Regieleki|Volt Switch|p2a: Calyrex
|-damage|p2a: Calyrex|0 fnt
|faint|p2a: Calyrex
|-damage|p1a: Regieleki|91/100|[from] item: Life Orb
|
|t:|1662302260
|switch|p1a: Arceus|Arceus-Electric|100/100|[from]move: Volt Switch
|
|upkeep
|
|t:|1662302264
|switch|p2a: Groudon|Groudon, shiny|100/100
|detailschange|p2a: Groudon|Groudon-Primal, shiny
|-primal|p2a: Groudon
|-weather|DesolateLand|[from] ability: Desolate Land|[of] p2a: Groudon
|turn|11
|
|t:|1662302279
|move|p1a: Arceus|Earth Power|p2a: Groudon
|-supereffective|p2a: Groudon
|-damage|p2a: Groudon|49/100
|move|p2a: Groudon|Precipice Blades|p1a: Arceus
|-supereffective|p1a: Arceus
|-damage|p1a: Arceus|0 fnt
|faint|p1a: Arceus
|
|-weather|DesolateLand|[upkeep]
|upkeep
|
|t:|1662302286
|switch|p1a: Regieleki|Regieleki, shiny|91/100
|turn|12
|
|t:|1662302292
|-start|p1a: Regieleki|Dynamax|
|-heal|p1a: Regieleki|91/100|[silent]
|move|p1a: Regieleki|Max Strike|p2a: Groudon
|-damage|p2a: Groudon|0 fnt
|faint|p2a: Groudon
|-weather|none
|-damage|p1a: Regieleki|86/100|[from] item: Life Orb
|
|-fieldend|move: Psychic Terrain
|upkeep
|
|t:|1662302308
|switch|p2a: Rayquaza|Rayquaza, shiny|100/100
|-ability|p2a: Rayquaza|Air Lock
|turn|13
|
|t:|1662302330
|switch|p2a: Zacian|Zacian|3/100
|-ability|p2a: Zacian|Intrepid Sword|boost
|-boost|p2a: Zacian|atk|1
|move|p1a: Regieleki|Max Lightning|p2a: Zacian
|-damage|p2a: Zacian|0 fnt
|-fieldstart|move: Electric Terrain
|faint|p2a: Zacian
|-damage|p1a: Regieleki|81/100|[from] item: Life Orb
|
|upkeep
|
|t:|1662302348
|switch|p2a: Yveltal|Yveltal, shiny|100/100
|-ability|p2a: Yveltal|Dark Aura
|turn|14
|
|t:|1662302354
|move|p1a: Regieleki|Max Lightning|p2a: Yveltal
|-supereffective|p2a: Yveltal
|-damage|p2a: Yveltal|0 fnt
|faint|p2a: Yveltal
|-damage|p1a: Regieleki|76/100|[from] item: Life Orb
|
|upkeep
|
|t:|1662302356
|switch|p2a: Rayquaza|Rayquaza, shiny|100/100
|-ability|p2a: Rayquaza|Air Lock
|-end|p1a: Regieleki|Dynamax
|-heal|p1a: Regieleki|76/100|[silent]
|turn|15
|
|t:|1662302365
|detailschange|p2a: Rayquaza|Rayquaza-Mega, shiny
|-mega|p2a: Rayquaza|Rayquaza|
|-weather|DeltaStream|[from] ability: Delta Stream|[of] p2a: Rayquaza
|move|p1a: Regieleki|Thunderbolt|p2a: Rayquaza
|-activate||deltastream
|-resisted|p2a: Rayquaza
|-damage|p2a: Rayquaza|48/100
|-damage|p1a: Regieleki|66/100|[from] item: Life Orb
|move|p2a: Rayquaza|Dragon Dance|p2a: Rayquaza
|-boost|p2a: Rayquaza|atk|1
|-boost|p2a: Rayquaza|spe|1
|
|-weather|DeltaStream|[upkeep]
|upkeep
|turn|16
|
|t:|1662302375
|move|p2a: Rayquaza|Earthquake|p1a: Regieleki
|-supereffective|p1a: Regieleki
|-damage|p1a: Regieleki|0 fnt
|faint|p1a: Regieleki
|
|-weather|DeltaStream|[upkeep]
|upkeep
|
|t:|1662302379
|switch|p1a: Marshadow|Marshadow|100/100
|turn|17
|
|t:|1662302384
|move|p1a: Marshadow|Shadow Sneak|p2a: Rayquaza
|-damage|p2a: Rayquaza|12/100
|-damage|p1a: Marshadow|91/100|[from] item: Life Orb
|move|p2a: Rayquaza|Dragon Ascent|p1a: Marshadow
|-supereffective|p1a: Marshadow
|-damage|p1a: Marshadow|0 fnt
|-unboost|p2a: Rayquaza|def|1
|-unboost|p2a: Rayquaza|spd|1
|faint|p1a: Marshadow
|
|win|AG Champion Red
|raw|defame TV's rating: 1762 &rarr; <strong>1742</strong><br />(-20 for losing)
|raw|AG Champion Red's rating: 1764 &rarr; <strong>1784</strong><br />(+20 for winning)
|c|☆AG Champion Red|Gg
|c|☆AG Champion Red|Letsgooooo
|l|☆defame TV
|l|☆AG Champion Red
|j|☆AG Champion Red
|player|p2|AG Champion Red|red
||Ladder isn't responding, score probably updated but might not have (Request timeout).
