|j|☆Dugtrio Is Broken
|j|☆chopforce8
|t:|1638207042
|gametype|singles
|player|p1|Dugtrio Is Broken|rood|1827
|player|p2|chopforce8|red|1906
|teamsize|p1|6
|teamsize|p2|6
|gen|8
|tier|[Gen 8] National Dex AG
|rated|
|rule|HP Percentage Mod: HP is shown in percentages
|rule|Endless Battle Clause: Forcing endless battles is banned
|clearpoke
|poke|p1|Arceus-*|
|poke|p1|Yveltal|
|poke|p1|Ferrothorn, F|
|poke|p1|Groudon|
|poke|p1|Rayquaza|
|poke|p1|Ditto|
|poke|p2|Yveltal|
|poke|p2|Diancie|
|poke|p2|Calyrex-Shadow|
|poke|p2|Zacian-*|
|poke|p2|Ditto|
|poke|p2|Arceus-*|
|teampreview
|inactive|Battle timer is ON: inactive players will automatically lose when time's up. (requested by Dugtrio Is Broken)
|
|t:|1638207098
|start
|switch|p1a: Groudon|Groudon|100/100
|switch|p2a: Professorquirrel|Calyrex-Shadow|100/100
|-ability|p2a: Professorquirrel|As One
|-ability|p2a: Professorquirrel|Unnerve
|detailschange|p1a: Groudon|Groudon-Primal
|-primal|p1a: Groudon
|-weather|DesolateLand|[from] ability: Desolate Land|[of] p1a: Groudon
|turn|1
|inactive|Dugtrio Is Broken has 120 seconds left.
|
|t:|1638207130
|move|p2a: Professorquirrel|Nasty Plot|p2a: Professorquirrel
|-boost|p2a: Professorquirrel|spa|2
|move|p1a: Groudon|Stealth Rock|p2a: Professorquirrel
|-sidestart|p2: chopforce8|move: Stealth Rock
|
|-weather|DesolateLand|[upkeep]
|upkeep
|turn|2
|
|t:|1638207135
|move|p2a: Professorquirrel|Astral Barrage|p1a: Groudon
|-damage|p1a: Groudon|0 fnt
|faint|p1a: Groudon
|-weather|none
|-ability|p2a: Professorquirrel|Grim Neigh|boost
|-boost|p2a: Professorquirrel|spa|1
|
|upkeep
|
|t:|1638207143
|switch|p1a: Yveltal|Yveltal|100/100
|-ability|p1a: Yveltal|Dark Aura
|turn|3
|
|t:|1638207147
|-start|p1a: Yveltal|Dynamax
|-heal|p1a: Yveltal|100/100|[silent]
|move|p2a: Professorquirrel|Baton Pass|p2a: Professorquirrel
|
|t:|1638207155
|switch|p2a: Fluffy|Zacian-Crowned|100/100|[from]move: Baton Pass
|-damage|p2a: Fluffy|94/100|[from] Stealth Rock
|-ability|p2a: Fluffy|Intrepid Sword|boost
|-boost|p2a: Fluffy|atk|1
|move|p1a: Yveltal|Max Darkness|p2a: Fluffy
|-resisted|p2a: Fluffy
|-damage|p2a: Fluffy|67/100
|-unboost|p2a: Fluffy|spd|1
|
|upkeep
|turn|4
|
|t:|1638207166
|move|p2a: Fluffy|Behemoth Blade|p1a: Yveltal
|-damage|p1a: Yveltal|22/100
|move|p1a: Yveltal|Max Darkness|p2a: Fluffy
|-resisted|p2a: Fluffy
|-damage|p2a: Fluffy|41/100
|-unboost|p2a: Fluffy|spd|1
|
|upkeep
|turn|5
|inactive|Dugtrio Is Broken has 120 seconds left.
|
|t:|1638207196
|switch|p2a: Harry Potter|Diancie|100/100
|-damage|p2a: Harry Potter|88/100|[from] Stealth Rock
|move|p1a: Yveltal|Max Darkness|p2a: Harry Potter
|-resisted|p2a: Harry Potter
|-damage|p2a: Harry Potter|57/100
|-fail|p2a: Harry Potter|unboost|[from] ability: Clear Body|[of] p2a: Harry Potter
|
|-end|p1a: Yveltal|Dynamax
|-heal|p1a: Yveltal|22/100|[silent]
|upkeep
|turn|6
|
|t:|1638207209
|switch|p1a: Ferrothorn|Ferrothorn, F|100/100
|move|p2a: Harry Potter|Stealth Rock|p1a: Ferrothorn
|-sidestart|p1: Dugtrio Is Broken|move: Stealth Rock
|
|upkeep
|turn|7
|
|t:|1638207216
|detailschange|p2a: Harry Potter|Diancie-Mega
|-mega|p2a: Harry Potter|Diancie|Diancite
|move|p2a: Harry Potter|Earth Power|p1a: Ferrothorn
|-damage|p1a: Ferrothorn|71/100
|move|p1a: Ferrothorn|Iron Defense|p1a: Ferrothorn
|-boost|p1a: Ferrothorn|def|2
|
|-heal|p1a: Ferrothorn|77/100|[from] item: Leftovers
|upkeep
|turn|8
|
|t:|1638207225
|move|p2a: Harry Potter|Diamond Storm|p1a: Ferrothorn
|-resisted|p1a: Ferrothorn
|-damage|p1a: Ferrothorn|69/100
|-boost|p2a: Harry Potter|def|2
|move|p1a: Ferrothorn|Body Press|p2a: Harry Potter
|-damage|p2a: Harry Potter|15/100
|
|-heal|p1a: Ferrothorn|75/100|[from] item: Leftovers
|upkeep
|turn|9
|
|t:|1638207234
|move|p2a: Harry Potter|Moonblast|p1a: Ferrothorn
|-resisted|p1a: Ferrothorn
|-damage|p1a: Ferrothorn|52/100
|move|p1a: Ferrothorn|Iron Defense|p1a: Ferrothorn
|-boost|p1a: Ferrothorn|def|2
|
|-heal|p1a: Ferrothorn|58/100|[from] item: Leftovers
|upkeep
|turn|10
|
|t:|1638207246
|move|p2a: Harry Potter|Earth Power|p1a: Ferrothorn
|-damage|p1a: Ferrothorn|28/100
|move|p1a: Ferrothorn|Body Press|p2a: Harry Potter
|-damage|p2a: Harry Potter|0 fnt
|faint|p2a: Harry Potter
|
|-heal|p1a: Ferrothorn|34/100|[from] item: Leftovers
|upkeep
|
|t:|1638207258
|switch|p2a: Voldemort|Yveltal|100/100
|-damage|p2a: Voldemort|76/100|[from] Stealth Rock
|-ability|p2a: Voldemort|Dark Aura
|turn|11
|
|t:|1638207265
|-start|p2a: Voldemort|Dynamax
|-heal|p2a: Voldemort|76/100|[silent]
|move|p2a: Voldemort|Max Airstream|p1a: Ferrothorn
|-damage|p1a: Ferrothorn|0 fnt
|-boost|p2a: Voldemort|spe|1
|faint|p1a: Ferrothorn
|-damage|p2a: Voldemort|71/100|[from] item: Life Orb
|
|upkeep
|
|t:|1638207269
|switch|p1a: Arceus|Arceus-Ground|100/100
|-damage|p1a: Arceus|94/100|[from] Stealth Rock
|turn|12
|
|t:|1638207286
|switch|p1a: Yveltal|Yveltal|22/100
|-ability|p1a: Yveltal|Dark Aura
|move|p2a: Voldemort|Max Darkness|p1a: Yveltal
|-resisted|p1a: Yveltal
|-damage|p1a: Yveltal|0 fnt
|faint|p1a: Yveltal
|-damage|p2a: Voldemort|66/100|[from] item: Life Orb
|
|upkeep
|
|t:|1638207292
|switch|p1a: Ditto|Ditto|100/100
|-damage|p1a: Ditto|88/100|[from] Stealth Rock
|-transform|p1a: Ditto|p2a: Voldemort|[from] ability: Imposter
|-ability|p1a: Ditto|Dark Aura
|turn|13
|
|t:|1638207301
|switch|p1a: Rayquaza|Rayquaza|100/100
|-damage|p1a: Rayquaza|76/100|[from] Stealth Rock
|-ability|p1a: Rayquaza|Air Lock
|move|p2a: Voldemort|Max Airstream|p1a: Rayquaza
|-damage|p1a: Rayquaza|0 fnt
|-boost|p2a: Voldemort|spe|1
|faint|p1a: Rayquaza
|-damage|p2a: Voldemort|61/100|[from] item: Life Orb
|
|-end|p2a: Voldemort|Dynamax
|-heal|p2a: Voldemort|61/100|[silent]
|upkeep
|
|t:|1638207305
|switch|p1a: Arceus|Arceus-Ground|94/100
|-damage|p1a: Arceus|88/100|[from] Stealth Rock
|turn|14
|
|t:|1638207321
|move|p2a: Voldemort|Dark Pulse|p1a: Arceus
|-damage|p1a: Arceus|37/100
|-damage|p2a: Voldemort|51/100|[from] item: Life Orb
|cant|p1a: Arceus|flinch
|
|upkeep
|turn|15
|
|t:|1638207327
|switch|p1a: Ditto|Ditto|88/100
|-damage|p1a: Ditto|76/100|[from] Stealth Rock
|-transform|p1a: Ditto|p2a: Voldemort|[from] ability: Imposter
|-ability|p1a: Ditto|Dark Aura
|move|p2a: Voldemort|Dark Pulse|p1a: Ditto
|-resisted|p1a: Ditto
|-damage|p1a: Ditto|33/100
|-damage|p2a: Voldemort|41/100|[from] item: Life Orb
|
|upkeep
|turn|16
|
|t:|1638207337
|move|p2a: Voldemort|Sucker Punch|p1a: Ditto
|-resisted|p1a: Ditto
|-damage|p1a: Ditto|0 fnt
|faint|p1a: Ditto
|-damage|p2a: Voldemort|31/100|[from] item: Life Orb
|
|upkeep
|
|t:|1638207340
|switch|p1a: Arceus|Arceus-Ground|37/100
|-damage|p1a: Arceus|31/100|[from] Stealth Rock
|turn|17
|
|t:|1638207344
|move|p2a: Voldemort|Dark Pulse|p1a: Arceus
|-damage|p1a: Arceus|0 fnt
|faint|p1a: Arceus
|-damage|p2a: Voldemort|21/100|[from] item: Life Orb
|
|win|chopforce8
|raw|Dugtrio Is Broken's rating: 1827 &rarr; <strong>1811</strong><br />(-16 for losing)
|raw|chopforce8's rating: 1906 &rarr; <strong>1922</strong><br />(+16 for winning)
|c|☆chopforce8|gg
|l|☆chopforce8
|c|☆Dugtrio Is Broken|Gg]
