|j|☆Nobodi_Nowan
|j|☆ClickForVictory
|t:|1662401356
|gametype|singles
|player|p1|Nobodi_Nowan|akari|1885
|player|p2|ClickForVictory|furisodegirl-black|1740
|teamsize|p1|6
|teamsize|p2|6
|gen|8
|tier|[Gen 8] National Dex AG
|rated|
|rule|HP Percentage Mod: HP is shown in percentages
|rule|Endless Battle Clause: Forcing endless battles is banned
|clearpoke
|poke|p1|Forretress, F|
|poke|p1|Arceus-*|
|poke|p1|Kyogre|
|poke|p1|Calyrex-Shadow|
|poke|p1|Zacian-*|
|poke|p1|Rayquaza|
|poke|p2|Zacian-*|
|poke|p2|Arceus-*|
|poke|p2|Groudon|
|poke|p2|Yveltal|
|poke|p2|Clefable, F|
|poke|p2|Rayquaza|
|teampreview
|c|☆ClickForVictory|have fun!
|
|t:|1662401365
|start
|switch|p1a: Rayquaza|Rayquaza|100/100
|switch|p2a: Dark Mode|Groudon, shiny|100/100
|-ability|p1a: Rayquaza|Air Lock
|detailschange|p2a: Dark Mode|Groudon-Primal, shiny
|-primal|p2a: Dark Mode
|-weather|DesolateLand|[from] ability: Desolate Land|[of] p2a: Dark Mode
|turn|1
|
|t:|1662401374
|-weather|none
|switch|p2a: Death Noodle|Rayquaza, shiny|100/100
|-ability|p2a: Death Noodle|Air Lock
|detailschange|p1a: Rayquaza|Rayquaza-Mega
|-mega|p1a: Rayquaza|Rayquaza|
|-weather|DeltaStream|[from] ability: Delta Stream|[of] p1a: Rayquaza
|move|p1a: Rayquaza|Surf|p2a: Death Noodle
|-resisted|p2a: Death Noodle
|-damage|p2a: Death Noodle|83/100
|
|-weather|DeltaStream|[upkeep]
|upkeep
|turn|2
|
|t:|1662401385
|detailschange|p2a: Death Noodle|Rayquaza-Mega, shiny
|-mega|p2a: Death Noodle|Rayquaza|
|move|p1a: Rayquaza|Dragon Ascent|p2a: Death Noodle
|-damage|p2a: Death Noodle|0 fnt
|-unboost|p1a: Rayquaza|def|1
|-unboost|p1a: Rayquaza|spd|1
|faint|p2a: Death Noodle
|
|-weather|DeltaStream|[upkeep]
|upkeep
|
|t:|1662401395
|switch|p2a: Dear Leader|Arceus|100/100
|turn|3
|
|t:|1662401402
|-weather|none
|switch|p1a: Forretress|Forretress, F|100/100
|move|p2a: Dear Leader|Swords Dance|p2a: Dear Leader
|-boost|p2a: Dear Leader|atk|2
|
|upkeep
|turn|4
|
|t:|1662401410
|switch|p1a: Zacian|Zacian-Crowned, shiny|100/100
|-ability|p1a: Zacian|Intrepid Sword|boost
|-boost|p1a: Zacian|atk|1
|move|p2a: Dear Leader|Swords Dance|p2a: Dear Leader
|-boost|p2a: Dear Leader|atk|2
|
|upkeep
|turn|5
|
|t:|1662401421
|move|p2a: Dear Leader|Extreme Speed|p1a: Zacian
|-resisted|p1a: Zacian
|-damage|p1a: Zacian|39/100
|move|p1a: Zacian|Behemoth Blade|p2a: Dear Leader
|-damage|p2a: Dear Leader|32/100
|
|upkeep
|turn|6
|
|t:|1662401431
|move|p2a: Dear Leader|Extreme Speed|p1a: Zacian
|-resisted|p1a: Zacian
|-damage|p1a: Zacian|0 fnt
|faint|p1a: Zacian
|
|upkeep
|
|t:|1662401438
|switch|p1a: Forretress|Forretress, F|100/100
|turn|7
|
|t:|1662401441
|move|p2a: Dear Leader|Earthquake|p1a: Forretress
|-damage|p1a: Forretress|49/100
|move|p1a: Forretress|Stealth Rock|p2a: Dear Leader
|-sidestart|p2: ClickForVictory|move: Stealth Rock
|
|-heal|p1a: Forretress|55/100|[from] item: Leftovers
|upkeep
|turn|8
|
|t:|1662401447
|move|p2a: Dear Leader|Earthquake|p1a: Forretress
|-damage|p1a: Forretress|0 fnt
|faint|p1a: Forretress
|
|upkeep
|
|t:|1662401454
|switch|p1a: Calyrex|Calyrex-Shadow|100/100
|-ability|p1a: Calyrex|As One
|-ability|p1a: Calyrex|Unnerve
|turn|9
|
|t:|1662401467
|switch|p2a: Angst Birb|Yveltal|100/100
|-damage|p2a: Angst Birb|76/100|[from] Stealth Rock
|-ability|p2a: Angst Birb|Dark Aura
|-start|p1a: Calyrex|Dynamax|
|-heal|p1a: Calyrex|100/100|[silent]
|move|p1a: Calyrex|Max Mindstorm|p2a: Angst Birb
|-immune|p2a: Angst Birb
|
|upkeep
|turn|10
|
|t:|1662401476
|-start|p2a: Angst Birb|Dynamax|
|-heal|p2a: Angst Birb|76/100|[silent]
|move|p1a: Calyrex|Max Guard|p1a: Calyrex
|-singleturn|p1a: Calyrex|Max Guard
|move|p2a: Angst Birb|Max Airstream|p1a: Calyrex
|-activate|p1a: Calyrex|move: Max Guard
|
|upkeep
|turn|11
|
|t:|1662401483
|move|p1a: Calyrex|Max Starfall|p2a: Angst Birb
|-supereffective|p2a: Angst Birb
|-damage|p2a: Angst Birb|41/100
|-fieldstart|move: Misty Terrain
|move|p2a: Angst Birb|Max Airstream|p1a: Calyrex
|-damage|p1a: Calyrex|55/100
|-boost|p2a: Angst Birb|spe|1
|-damage|p2a: Angst Birb|36/100|[from] item: Life Orb
|
|upkeep
|-end|p1a: Calyrex|Dynamax
|-heal|p1a: Calyrex|55/100|[silent]
|turn|12
|
|t:|1662401499
|switch|p1a: Arceus|Arceus|100/100
|move|p2a: Angst Birb|Max Ooze|p1a: Arceus
|-damage|p1a: Arceus|64/100
|-boost|p2a: Angst Birb|spa|1
|-damage|p2a: Angst Birb|31/100|[from] item: Life Orb
|
|upkeep
|-end|p2a: Angst Birb|Dynamax
|-heal|p2a: Angst Birb|31/100|[silent]
|turn|13
|
|t:|1662401509
|move|p1a: Arceus|Extreme Speed|p2a: Angst Birb
|-damage|p2a: Angst Birb|0 fnt
|faint|p2a: Angst Birb
|
|upkeep
|
|t:|1662401513
|switch|p2a: Eww|Zacian-Crowned|100/100
|-damage|p2a: Eww|94/100|[from] Stealth Rock
|-ability|p2a: Eww|Intrepid Sword|boost
|-boost|p2a: Eww|atk|1
|turn|14
|
|t:|1662401518
|move|p1a: Arceus|Extreme Speed|p2a: Eww
|-resisted|p2a: Eww
|-damage|p2a: Eww|76/100
|move|p2a: Eww|Behemoth Blade|p1a: Arceus
|-damage|p1a: Arceus|5/100
|
|upkeep
|turn|15
|
|t:|1662401524
|move|p1a: Arceus|Extreme Speed|p2a: Eww
|-resisted|p2a: Eww
|-damage|p2a: Eww|56/100
|move|p2a: Eww|Behemoth Blade|p1a: Arceus
|-damage|p1a: Arceus|0 fnt
|faint|p1a: Arceus
|
|-fieldend|Misty Terrain
|upkeep
|
|t:|1662401535
|switch|p1a: Calyrex|Calyrex-Shadow|55/100
|-ability|p1a: Calyrex|As One
|-ability|p1a: Calyrex|Unnerve
|turn|16
|
|t:|1662401540
|switch|p2a: Green Top|Clefable, F, shiny|100/100
|move|p1a: Calyrex|Psyshock|p2a: Green Top
|-damage|p2a: Green Top|64/100
|
|-heal|p2a: Green Top|70/100|[from] item: Leftovers
|upkeep
|turn|17
|
|t:|1662401550
|switch|p1a: Kyogre|Kyogre|100/100
|detailschange|p1a: Kyogre|Kyogre-Primal
|-primal|p1a: Kyogre
|-weather|PrimordialSea|[from] ability: Primordial Sea|[of] p1a: Kyogre
|move|p2a: Green Top|Wish|p2a: Green Top
|
|-weather|PrimordialSea|[upkeep]
|-heal|p2a: Green Top|76/100|[from] item: Leftovers
|upkeep
|turn|18
|
|t:|1662401562
|switch|p2a: Dark Mode|Groudon-Primal, shiny|100/100
|-damage|p2a: Dark Mode|88/100|[from] Stealth Rock
|-weather|DesolateLand|[from] ability: Desolate Land|[of] p2a: Dark Mode
|move|p1a: Kyogre|Ice Beam|p2a: Dark Mode
|-damage|p2a: Dark Mode|63/100
|
|-weather|DesolateLand|[upkeep]
|-heal|p2a: Dark Mode|100/100|[from] move: Wish|[wisher] Green Top
|upkeep
|turn|19
|
|t:|1662401573
|switch|p1a: Rayquaza|Rayquaza-Mega|100/100
|-weather|DeltaStream|[from] ability: Delta Stream|[of] p1a: Rayquaza
|move|p2a: Dark Mode|Stealth Rock|p1a: Rayquaza
|-sidestart|p1: Nobodi_Nowan|move: Stealth Rock
|
|-weather|DeltaStream|[upkeep]
|upkeep
|turn|20
|
|t:|1662401585
|switch|p2a: Green Top|Clefable, F, shiny|76/100
|move|p1a: Rayquaza|Dragon Ascent|p2a: Green Top
|-damage|p2a: Green Top|12/100
|-unboost|p1a: Rayquaza|def|1
|-unboost|p1a: Rayquaza|spd|1
|
|-weather|DeltaStream|[upkeep]
|-heal|p2a: Green Top|18/100|[from] item: Leftovers
|upkeep
|turn|21
|
|t:|1662401595
|move|p2a: Green Top|Protect|p2a: Green Top
|-singleturn|p2a: Green Top|Protect
|move|p1a: Rayquaza|Dragon Ascent|p2a: Green Top
|-activate|p2a: Green Top|move: Protect
|
|-weather|DeltaStream|[upkeep]
|-heal|p2a: Green Top|24/100|[from] item: Leftovers
|upkeep
|turn|22
|
|t:|1662401612
|move|p1a: Rayquaza|Dragon Ascent|p2a: Green Top
|-damage|p2a: Green Top|0 fnt
|-unboost|p1a: Rayquaza|def|1
|-unboost|p1a: Rayquaza|spd|1
|faint|p2a: Green Top
|
|-weather|DeltaStream|[upkeep]
|upkeep
|
|t:|1662401622
|switch|p2a: Eww|Zacian-Crowned|56/100
|-damage|p2a: Eww|50/100|[from] Stealth Rock
|-ability|p2a: Eww|Intrepid Sword|boost
|-boost|p2a: Eww|atk|1
|turn|23
|
|t:|1662401629
|move|p1a: Rayquaza|Endure|p1a: Rayquaza
|-singleturn|p1a: Rayquaza|move: Endure
|move|p2a: Eww|Wild Charge|p1a: Rayquaza
|-activate||deltastream
|-resisted|p1a: Rayquaza
|-damage|p1a: Rayquaza|48/100
|-damage|p2a: Eww|35/100|[from] Recoil
|
|-weather|DeltaStream|[upkeep]
|upkeep
|turn|24
|
|t:|1662401638
|move|p1a: Rayquaza|Endure||[still]
|-fail|p1a: Rayquaza
|move|p2a: Eww|Behemoth Blade|p1a: Rayquaza
|-damage|p1a: Rayquaza|0 fnt
|faint|p1a: Rayquaza
|-weather|none
|
|upkeep
|
|t:|1662401646
|switch|p1a: Calyrex|Calyrex-Shadow|55/100
|-ability|p1a: Calyrex|As One
|-ability|p1a: Calyrex|Unnerve
|-damage|p1a: Calyrex|42/100|[from] Stealth Rock
|turn|25
|
|t:|1662401656
|switch|p2a: Dear Leader|Arceus|32/100
|-damage|p2a: Dear Leader|19/100|[from] Stealth Rock
|move|p1a: Calyrex|Psyshock|p2a: Dear Leader
|-crit|p2a: Dear Leader
|-damage|p2a: Dear Leader|0 fnt
|faint|p2a: Dear Leader
|-ability|p1a: Calyrex|Grim Neigh|boost
|-boost|p1a: Calyrex|spa|1
|
|upkeep
|
|t:|1662401661
|switch|p2a: Dark Mode|Groudon-Primal, shiny|100/100
|-damage|p2a: Dark Mode|88/100|[from] Stealth Rock
|-weather|DesolateLand|[from] ability: Desolate Land|[of] p2a: Dark Mode
|turn|26
|
|t:|1662401669
|switch|p1a: Kyogre|Kyogre-Primal|100/100
|-damage|p1a: Kyogre|88/100|[from] Stealth Rock
|-weather|PrimordialSea|[from] ability: Primordial Sea|[of] p1a: Kyogre
|move|p2a: Dark Mode|Earthquake|p1a: Kyogre
|-damage|p1a: Kyogre|20/100
|
|-weather|PrimordialSea|[upkeep]
|upkeep
|turn|27
|
|t:|1662401678
|switch|p2a: Eww|Zacian-Crowned|35/100
|-damage|p2a: Eww|29/100|[from] Stealth Rock
|-ability|p2a: Eww|Intrepid Sword|boost
|-boost|p2a: Eww|atk|1
|move|p1a: Kyogre|Origin Pulse|p2a: Eww
|-damage|p2a: Eww|0 fnt
|faint|p2a: Eww
|
|-weather|PrimordialSea|[upkeep]
|upkeep
|
|t:|1662401680
|switch|p2a: Dark Mode|Groudon-Primal, shiny|88/100
|-damage|p2a: Dark Mode|76/100|[from] Stealth Rock
|-weather|DesolateLand|[from] ability: Desolate Land|[of] p2a: Dark Mode
|turn|28
|
|t:|1662401691
|switch|p1a: Calyrex|Calyrex-Shadow|42/100
|-ability|p1a: Calyrex|As One
|-ability|p1a: Calyrex|Unnerve
|-damage|p1a: Calyrex|30/100|[from] Stealth Rock
|move|p2a: Dark Mode|Earthquake|p1a: Calyrex
|-damage|p1a: Calyrex|0 fnt
|faint|p1a: Calyrex
|
|-weather|DesolateLand|[upkeep]
|upkeep
|
|t:|1662401700
|switch|p1a: Kyogre|Kyogre-Primal|20/100
|-damage|p1a: Kyogre|7/100|[from] Stealth Rock
|-weather|PrimordialSea|[from] ability: Primordial Sea|[of] p1a: Kyogre
|turn|29
|c|☆Nobodi_Nowan|max speed?
|inactive|Battle timer is ON: inactive players will automatically lose when time's up. (requested by ClickForVictory)
|
|t:|1662401718
|move|p1a: Kyogre|Origin Pulse|p2a: Dark Mode|[miss]
|-miss|p1a: Kyogre|p2a: Dark Mode
|move|p2a: Dark Mode|Earthquake|p1a: Kyogre
|-damage|p1a: Kyogre|0 fnt
|faint|p1a: Kyogre
|-weather|none
|
|win|ClickForVictory
|raw|Nobodi_Nowan's rating: 1885 &rarr; <strong>1857</strong><br />(-28 for losing)
|raw|ClickForVictory's rating: 1740 &rarr; <strong>1768</strong><br />(+28 for winning)
|c|☆ClickForVictory|lol
|c|☆ClickForVictory|gg
|l|☆Nobodi_Nowan
