|j|☆seidou45
|j|☆aselia the eternal
|t:|1660810385
|gametype|singles
|player|p1|seidou45|lucas|1865
|player|p2|aselia the eternal|102|1833
|teamsize|p1|6
|teamsize|p2|6
|gen|8
|tier|[Gen 8] National Dex AG
|rated|
|rule|HP Percentage Mod: HP is shown in percentages
|rule|Endless Battle Clause: Forcing endless battles is banned
|clearpoke
|poke|p1|Yveltal|
|poke|p1|Lugia|
|poke|p1|Zacian-*|
|poke|p1|Zygarde|
|poke|p1|Zapdos|
|poke|p1|Necrozma-Dusk-Mane|
|poke|p2|Arceus-*|
|poke|p2|Arceus-*|
|poke|p2|Arceus-*|
|poke|p2|Arceus-*|
|poke|p2|Arceus-*|
|poke|p2|Arceus-*|
|teampreview
|
|t:|1660810396
|start
|switch|p1a: Zacian|Zacian, shiny|100/100
|switch|p2a: Arceus|Arceus-Electric|100/100
|-ability|p1a: Zacian|Intrepid Sword|boost
|-boost|p1a: Zacian|atk|1
|turn|1
|j| 4Zarqali_1923
|
|t:|1660810414
|move|p1a: Zacian|Play Rough|p2a: Arceus
|-damage|p2a: Arceus|10/100
|move|p2a: Arceus|Judgment|p1a: Zacian
|-damage|p1a: Zacian|43/100
|
|upkeep
|turn|2
|
|t:|1660810418
|move|p1a: Zacian|Play Rough|p2a: Arceus
|-damage|p2a: Arceus|0 fnt
|faint|p2a: Arceus
|
|upkeep
|
|t:|1660810438
|switch|p2a: Arceus|Arceus|100/100
|turn|3
|
|t:|1660810444
|switch|p1a: Lugia|Lugia, shiny|100/100
|move|p2a: Arceus|Earthquake|p1a: Lugia
|-immune|p1a: Lugia
|
|upkeep
|turn|4
|
|t:|1660810456
|switch|p2a: Arceus|Arceus-Ground|100/100
|move|p1a: Lugia|Thunder Wave|p2a: Arceus
|-immune|p2a: Arceus
|
|upkeep
|turn|5
|
|t:|1660810459
|switch|p1a: Zacian|Zacian, shiny|43/100
|-ability|p1a: Zacian|Intrepid Sword|boost
|-boost|p1a: Zacian|atk|1
|move|p2a: Arceus|Swords Dance|p2a: Arceus
|-boost|p2a: Arceus|atk|2
|
|upkeep
|turn|6
|
|t:|1660810463
|move|p2a: Arceus|Extreme Speed|p1a: Zacian
|-damage|p1a: Zacian|0 fnt
|faint|p1a: Zacian
|
|upkeep
|
|t:|1660810473
|switch|p1a: Zygarde|Zygarde, shiny|100/100
|turn|7
|l| 4Zarqali_1923
|
|t:|1660810486
|move|p2a: Arceus|Earthquake|p1a: Zygarde
|-damage|p1a: Zygarde|9/100
|move|p1a: Zygarde|Glare|p2a: Arceus
|-status|p2a: Arceus|par
|
|-heal|p1a: Zygarde|15/100|[from] item: Leftovers
|-activate|p1a: Zygarde|ability: Power Construct
|detailschange|p1a: Zygarde|Zygarde-Complete, shiny
|-heal|p1a: Zygarde|44/100|[silent]
|upkeep
|turn|8
|
|t:|1660810489
|switch|p1a: Lugia|Lugia, shiny|100/100
|move|p2a: Arceus|Earthquake|p1a: Lugia
|-immune|p1a: Lugia
|
|upkeep
|turn|9
|
|t:|1660810492
|move|p2a: Arceus|Stone Edge|p1a: Lugia|[miss]
|-miss|p2a: Arceus|p1a: Lugia
|move|p1a: Lugia|Whirlwind|p2a: Arceus
|drag|p2a: Arceus|Arceus-Dark|100/100
|
|upkeep
|turn|10
|j| anoffficelady
|
|t:|1660810497
|switch|p2a: Arceus|Arceus-Ground|100/100 par
|move|p1a: Lugia|Thunder Wave|p2a: Arceus
|-immune|p2a: Arceus
|
|upkeep
|turn|11
|
|t:|1660810501
|switch|p1a: Yveltal|Yveltal, shiny|100/100
|-ability|p1a: Yveltal|Dark Aura
|move|p2a: Arceus|Swords Dance|p2a: Arceus
|-boost|p2a: Arceus|atk|2
|
|upkeep
|turn|12
|
|t:|1660810504
|move|p1a: Yveltal|Dark Pulse|p2a: Arceus
|-damage|p2a: Arceus|40/100 par
|-damage|p1a: Yveltal|91/100|[from] item: Life Orb
|cant|p2a: Arceus|flinch
|
|upkeep
|turn|13
|
|t:|1660810511
|move|p2a: Arceus|Extreme Speed|p1a: Yveltal
|-damage|p1a: Yveltal|35/100
|move|p1a: Yveltal|Dark Pulse|p2a: Arceus
|-crit|p2a: Arceus
|-damage|p2a: Arceus|0 fnt
|faint|p2a: Arceus
|-damage|p1a: Yveltal|25/100|[from] item: Life Orb
|
|upkeep
|j| Swas ❤
|l| anoffficelady
|
|t:|1660810525
|switch|p2a: Arceus|Arceus|100/100
|turn|14
|
|t:|1660810529
|switch|p1a: Lugia|Lugia, shiny|100/100
|move|p2a: Arceus|Swords Dance|p2a: Arceus
|-boost|p2a: Arceus|atk|2
|
|upkeep
|turn|15
|
|t:|1660810538
|switch|p2a: Arceus|Arceus-Electric|100/100
|move|p1a: Lugia|Roost||[still]
|-fail|p1a: Lugia|heal
|
|upkeep
|turn|16
|
|t:|1660810549
|move|p2a: Arceus|Stealth Rock|p1a: Lugia
|-sidestart|p1: seidou45|move: Stealth Rock
|move|p1a: Lugia|Whirlwind|p2a: Arceus
|drag|p2a: Arceus|Arceus-Dark|100/100
|
|upkeep
|turn|17
|
|t:|1660810557
|switch|p2a: Arceus|Arceus-Electric|100/100
|move|p1a: Lugia|Thunder Wave|p2a: Arceus|[miss]
|-miss|p1a: Lugia|p2a: Arceus
|
|upkeep
|turn|18
|
|t:|1660810569
|move|p2a: Arceus|Judgment|p1a: Lugia
|-supereffective|p1a: Lugia
|-damage|p1a: Lugia|67/100
|move|p1a: Lugia|Substitute|p1a: Lugia
|-start|p1a: Lugia|Substitute
|-damage|p1a: Lugia|42/100
|
|-heal|p1a: Lugia|48/100|[from] item: Leftovers
|upkeep
|turn|19
|
|t:|1660810575
|move|p2a: Arceus|Judgment|p1a: Lugia
|-supereffective|p1a: Lugia
|-end|p1a: Lugia|Substitute
|move|p1a: Lugia|Roost|p1a: Lugia
|-heal|p1a: Lugia|98/100
|-singleturn|p1a: Lugia|move: Roost
|
|-heal|p1a: Lugia|100/100|[from] item: Leftovers
|upkeep
|turn|20
|
|t:|1660810585
|move|p2a: Arceus|Judgment|p1a: Lugia
|-supereffective|p1a: Lugia
|-damage|p1a: Lugia|65/100
|move|p1a: Lugia|Whirlwind|p2a: Arceus
|drag|p2a: Arceus|Arceus-Ground|100/100
|
|-heal|p1a: Lugia|71/100|[from] item: Leftovers
|upkeep
|turn|21
|
|t:|1660810593
|move|p2a: Arceus|Swords Dance|p2a: Arceus
|-boost|p2a: Arceus|atk|2
|move|p1a: Lugia|Roost|p1a: Lugia
|-heal|p1a: Lugia|100/100
|-singleturn|p1a: Lugia|move: Roost
|
|upkeep
|turn|22
|
|t:|1660810600
|move|p2a: Arceus|Stone Edge|p1a: Lugia|[miss]
|-miss|p2a: Arceus|p1a: Lugia
|move|p1a: Lugia|Roost||[still]
|-fail|p1a: Lugia|heal
|
|upkeep
|turn|23
|
|t:|1660810603
|move|p2a: Arceus|Stone Edge|p1a: Lugia
|-supereffective|p1a: Lugia
|-damage|p1a: Lugia|64/100
|move|p1a: Lugia|Whirlwind|p2a: Arceus
|drag|p2a: Arceus|Arceus-Dark|100/100
|
|-heal|p1a: Lugia|70/100|[from] item: Leftovers
|upkeep
|turn|24
|
|t:|1660810611
|move|p2a: Arceus|Judgment|p1a: Lugia
|-supereffective|p1a: Lugia
|-damage|p1a: Lugia|0 fnt
|faint|p1a: Lugia
|
|upkeep
|
|t:|1660810616
|switch|p1a: Zapdos|Zapdos, shiny|100/100
|turn|25
|
|t:|1660810621
|move|p2a: Arceus|Calm Mind|p2a: Arceus
|-boost|p2a: Arceus|spa|1
|-boost|p2a: Arceus|spd|1
|move|p1a: Zapdos|Defog|p2a: Arceus
|-unboost|p2a: Arceus|evasion|1
|-sideend|p1: seidou45|Stealth Rock|[from] move: Defog|[of] p1a: Zapdos
|
|upkeep
|turn|26
|
|t:|1660810625
|move|p2a: Arceus|Judgment|p1a: Zapdos
|-damage|p1a: Zapdos|2/100
|move|p1a: Zapdos|Volt Switch|p2a: Arceus
|-damage|p2a: Arceus|87/100
|
|t:|1660810628
|switch|p1a: Zygarde|Zygarde-Complete, shiny|44/100|[from]move: Volt Switch
|
|-heal|p1a: Zygarde|51/100|[from] item: Leftovers
|upkeep
|turn|27
|j| jasper2452
|
|t:|1660810642
|-start|p2a: Arceus|Dynamax|
|-heal|p2a: Arceus|87/100|[silent]
|move|p2a: Arceus|Max Darkness|p1a: Zygarde
|-damage|p1a: Zygarde|0 fnt
|faint|p1a: Zygarde
|
|upkeep
|-message|seidou45 forfeited.
|
|win|aselia the eternal
|raw|seidou45's rating: 1865 &rarr; <strong>1843</strong><br />(-22 for losing)
|raw|aselia the eternal's rating: 1833 &rarr; <strong>1855</strong><br />(+22 for winning)
|l|☆seidou45
|l| Swas ❤
|l| jasper2452
