|j|☆Chompychipper
|j|☆700club
|t:|1666461951
|gametype|singles
|player|p1|Chompychipper|maxie-gen6|1697
|player|p2|700club|shadowtriad|1558
|teamsize|p1|6
|teamsize|p2|6
|gen|8
|tier|[Gen 8] National Dex AG
|rated|
|rule|HP Percentage Mod: HP is shown in percentages
|rule|Endless Battle Clause: Forcing endless battles is banned
|clearpoke
|poke|p1|Groudon|
|poke|p1|Groudon|
|poke|p1|Groudon|
|poke|p1|Groudon|
|poke|p1|Groudon|
|poke|p1|Groudon|
|poke|p2|Greninja, M|
|poke|p2|Rayquaza|
|poke|p2|Xerneas-*|
|poke|p2|Deoxys-Speed|
|poke|p2|Zacian-*|
|poke|p2|Yveltal|
|teampreview
|c|☆700club|hi
|
|t:|1666461991
|start
|switch|p1a: Groudon|Groudon|100/100
|switch|p2a: Deoxys|Deoxys-Speed|100/100
|-ability|p2a: Deoxys|Pressure
|-weather|SunnyDay|[from] ability: Drought|[of] p1a: Groudon
|turn|1
|c|☆Chompychipper|hi
|
|t:|1666462008
|move|p2a: Deoxys|Reflect|p2a: Deoxys
|-sidestart|p2: 700club|Reflect
|move|p1a: Groudon|Earthquake|p2a: Deoxys
|-damage|p2a: Deoxys|60/100
|
|-weather|SunnyDay|[upkeep]
|upkeep
|turn|2
|
|t:|1666462016
|move|p2a: Deoxys|Taunt|p1a: Groudon
|-start|p1a: Groudon|move: Taunt
|cant|p1a: Groudon|move: Taunt|Stealth Rock
|
|-weather|SunnyDay|[upkeep]
|upkeep
|turn|3
|
|t:|1666462022
|move|p2a: Deoxys|Stealth Rock|p1a: Groudon
|-sidestart|p1: Chompychipper|move: Stealth Rock
|move|p1a: Groudon|Earthquake|p2a: Deoxys
|-damage|p2a: Deoxys|21/100
|
|-weather|SunnyDay|[upkeep]
|upkeep
|turn|4
|
|t:|1666462029
|move|p2a: Deoxys|Light Screen|p2a: Deoxys
|-sidestart|p2: 700club|move: Light Screen
|move|p1a: Groudon|Earthquake|p2a: Deoxys
|-damage|p2a: Deoxys|0 fnt
|faint|p2a: Deoxys
|
|-weather|SunnyDay|[upkeep]
|-end|p1a: Groudon|move: Taunt
|upkeep
|
|t:|1666462042
|switch|p2a: Rayquaza|Rayquaza|100/100
|-ability|p2a: Rayquaza|Air Lock
|turn|5
|
|t:|1666462048
|detailschange|p2a: Rayquaza|Rayquaza-Mega
|-mega|p2a: Rayquaza|Rayquaza|
|-weather|DeltaStream|[from] ability: Delta Stream|[of] p2a: Rayquaza
|move|p2a: Rayquaza|Dragon Dance|p2a: Rayquaza
|-boost|p2a: Rayquaza|atk|1
|-boost|p2a: Rayquaza|spe|1
|move|p1a: Groudon|Dragon Tail|p2a: Rayquaza
|-supereffective|p2a: Rayquaza
|-damage|p2a: Rayquaza|74/100
|-weather|none
|drag|p2a: Yveltal|Yveltal|100/100
|-ability|p2a: Yveltal|Dark Aura
|
|-sideend|p2: 700club|Reflect
|upkeep
|turn|6
|
|t:|1666462066
|-start|p2a: Yveltal|Dynamax|
|-heal|p2a: Yveltal|100/100|[silent]
|move|p2a: Yveltal|Max Darkness|p1a: Groudon
|-damage|p1a: Groudon|0 fnt
|faint|p1a: Groudon
|-damage|p2a: Yveltal|96/100|[from] item: Life Orb
|
|upkeep
|
|t:|1666462100
|switch|p1a: Groudon|Groudon|100/100
|-damage|p1a: Groudon|94/100|[from] Stealth Rock
|detailschange|p1a: Groudon|Groudon-Primal
|-primal|p1a: Groudon
|-weather|DesolateLand|[from] ability: Desolate Land|[of] p1a: Groudon
|turn|7
|
|t:|1666462108
|move|p2a: Yveltal|Max Darkness|p1a: Groudon
|-crit|p1a: Groudon
|-damage|p1a: Groudon|0 fnt
|faint|p1a: Groudon
|-weather|none
|-damage|p2a: Yveltal|91/100|[from] item: Life Orb
|
|upkeep
|
|t:|1666462115
|switch|p1a: Groudon|Groudon|100/100
|-damage|p1a: Groudon|94/100|[from] Stealth Rock
|-weather|SunnyDay|[from] ability: Drought|[of] p1a: Groudon
|turn|8
|
|t:|1666462121
|-start|p1a: Groudon|Dynamax|
|-heal|p1a: Groudon|94/100|[silent]
|move|p1a: Groudon|Max Guard|p1a: Groudon
|-singleturn|p1a: Groudon|Max Guard
|move|p2a: Yveltal|Max Darkness|p1a: Groudon
|-activate|p1a: Groudon|move: Max Guard
|
|-weather|SunnyDay|[upkeep]
|-sideend|p2: 700club|move: Light Screen
|upkeep
|-end|p2a: Yveltal|Dynamax
|-heal|p2a: Yveltal|91/100|[silent]
|turn|9
|
|t:|1666462134
|move|p2a: Yveltal|Dark Pulse|p1a: Groudon
|-damage|p1a: Groudon|57/100
|-damage|p2a: Yveltal|81/100|[from] item: Life Orb
|move|p1a: Groudon|Max Airstream|p2a: Yveltal
|-damage|p2a: Yveltal|42/100
|-boost|p1a: Groudon|spe|1
|
|-weather|SunnyDay|[upkeep]
|upkeep
|turn|10
|
|t:|1666462148
|move|p1a: Groudon|Max Rockfall|p2a: Yveltal
|-supereffective|p2a: Yveltal
|-damage|p2a: Yveltal|0 fnt
|-weather|Sandstorm
|faint|p2a: Yveltal
|
|-weather|Sandstorm|[upkeep]
|upkeep
|
|t:|1666462162
|switch|p2a: Rayquaza|Rayquaza-Mega|74/100
|-weather|DeltaStream|[from] ability: Delta Stream|[of] p2a: Rayquaza
|-end|p1a: Groudon|Dynamax
|-heal|p1a: Groudon|57/100|[silent]
|turn|11
|
|t:|1666462176
|move|p1a: Groudon|Stone Edge|p2a: Rayquaza
|-activate||deltastream
|-damage|p2a: Rayquaza|38/100
|move|p2a: Rayquaza|Dragon Ascent|p1a: Groudon
|-damage|p1a: Groudon|0 fnt
|-unboost|p2a: Rayquaza|def|1
|-unboost|p2a: Rayquaza|spd|1
|faint|p1a: Groudon
|-damage|p2a: Rayquaza|28/100|[from] item: Life Orb
|
|-weather|DeltaStream|[upkeep]
|upkeep
|
|t:|1666462197
|switch|p1a: Groudon|Groudon|100/100
|-damage|p1a: Groudon|94/100|[from] Stealth Rock
|-ability|p1a: Groudon|Drought|[from] deltastream|[fail]
|turn|12
|
|t:|1666462212
|move|p1a: Groudon|Stone Edge|p2a: Rayquaza
|-activate||deltastream
|-damage|p2a: Rayquaza|0 fnt
|faint|p2a: Rayquaza
|-weather|none
|
|upkeep
|
|t:|1666462235
|switch|p2a: Zacian|Zacian-Crowned|100/100
|-ability|p2a: Zacian|Intrepid Sword|boost
|-boost|p2a: Zacian|atk|1
|turn|13
|
|t:|1666462241
|switch|p1a: Groudon|Groudon|100/100
|-damage|p1a: Groudon|94/100|[from] Stealth Rock
|detailschange|p1a: Groudon|Groudon-Primal
|-primal|p1a: Groudon
|-weather|DesolateLand|[from] ability: Desolate Land|[of] p1a: Groudon
|move|p2a: Zacian|Substitute|p2a: Zacian
|-start|p2a: Zacian|Substitute
|-damage|p2a: Zacian|76/100
|
|-weather|DesolateLand|[upkeep]
|upkeep
|turn|14
|
|t:|1666462255
|move|p2a: Zacian|Close Combat|p1a: Groudon
|-damage|p1a: Groudon|61/100
|-unboost|p2a: Zacian|def|1
|-unboost|p2a: Zacian|spd|1
|move|p1a: Groudon|Fire Punch|p2a: Zacian
|-supereffective|p2a: Zacian
|-end|p2a: Zacian|Substitute
|
|-weather|DesolateLand|[upkeep]
|upkeep
|turn|15
|
|t:|1666462266
|move|p2a: Zacian|Close Combat|p1a: Groudon
|-damage|p1a: Groudon|25/100
|-unboost|p2a: Zacian|def|1
|-unboost|p2a: Zacian|spd|1
|move|p1a: Groudon|Fire Punch|p2a: Zacian
|-supereffective|p2a: Zacian
|-damage|p2a: Zacian|0 fnt
|faint|p2a: Zacian
|
|-weather|DesolateLand|[upkeep]
|upkeep
|
|t:|1666462283
|switch|p2a: Xerneas|Xerneas|100/100
|-ability|p2a: Xerneas|Fairy Aura
|turn|16
|
|t:|1666462289
|move|p2a: Xerneas|Geomancy||[still]
|-prepare|p2a: Xerneas|Geomancy
|-enditem|p2a: Xerneas|Power Herb
|-anim|p2a: Xerneas|Geomancy|p2a: Xerneas
|-boost|p2a: Xerneas|spa|2
|-boost|p2a: Xerneas|spd|2
|-boost|p2a: Xerneas|spe|2
|move|p1a: Groudon|Fire Punch|p2a: Xerneas
|-damage|p2a: Xerneas|45/100
|
|-weather|DesolateLand|[upkeep]
|upkeep
|turn|17
|
|t:|1666462297
|move|p2a: Xerneas|Moonblast|p1a: Groudon
|-resisted|p1a: Groudon
|-damage|p1a: Groudon|0 fnt
|faint|p1a: Groudon
|-weather|none
|
|upkeep
|
|t:|1666462307
|switch|p1a: Groudon|Groudon|100/100
|-damage|p1a: Groudon|94/100|[from] Stealth Rock
|detailschange|p1a: Groudon|Groudon-Primal
|-primal|p1a: Groudon
|-weather|DesolateLand|[from] ability: Desolate Land|[of] p1a: Groudon
|turn|18
|
|t:|1666462318
|move|p2a: Xerneas|Moonblast|p1a: Groudon
|-resisted|p1a: Groudon
|-damage|p1a: Groudon|44/100
|-unboost|p1a: Groudon|spa|1
|move|p1a: Groudon|Precipice Blades|p2a: Xerneas
|-damage|p2a: Xerneas|0 fnt
|faint|p2a: Xerneas
|
|-weather|DesolateLand|[upkeep]
|upkeep
|
|t:|1666462327
|switch|p2a: Greninja|Greninja, M|100/100
|turn|19
|
|t:|1666462345
|move|p2a: Greninja|Gunk Shot|p1a: Groudon
|-start|p2a: Greninja|typechange|Poison|[from] ability: Protean
|-resisted|p1a: Groudon
|-crit|p1a: Groudon
|-damage|p1a: Groudon|28/100
|-status|p1a: Groudon|psn
|move|p1a: Groudon|Precipice Blades|p2a: Greninja
|-supereffective|p2a: Greninja
|-damage|p2a: Greninja|0 fnt
|faint|p2a: Greninja
|
|win|Chompychipper
|raw|Chompychipper's rating: 1697 &rarr; <strong>1709</strong><br />(+12 for winning)
|raw|700club's rating: 1558 &rarr; <strong>1546</strong><br />(-12 for losing)
|c|☆700club|gg
|c|☆Chompychipper|gg
