|j|☆papapriest
|j|☆LightBonito
|t:|1616825160
|player|p1|papapriest|steven|1637
|player|p2|LightBonito|lance|1486
|teamsize|p1|6
|teamsize|p2|6
|gametype|singles
|gen|8
|tier|[Gen 8] National Dex AG
|rated|
|clearpoke
|poke|p1|Necrozma-Dusk-Mane|
|poke|p1|Yveltal|
|poke|p1|Zacian-Crowned|
|poke|p1|Zygarde|
|poke|p1|Groudon|
|poke|p1|Ho-Oh|
|poke|p2|Necrozma-Dusk-Mane|
|poke|p2|Calyrex-Shadow|
|poke|p2|Rayquaza|
|poke|p2|Zacian-Crowned|
|poke|p2|Yveltal|
|poke|p2|Kyogre|
|rule|HP Percentage Mod: HP is shown in percentages
|rule|Endless Battle Clause: Forcing endless battles is banned
|teampreview
|j| Makaai(pokechamp)
|inactive|Battle timer is ON: inactive players will automatically lose when time's up. (requested by LightBonito)
|
|t:|1616825172
|start
|switch|p1a: Ho-Oh|Ho-Oh|100/100
|switch|p2a: Kyogre|Kyogre|100/100
|-weather|RainDance|[from] ability: Drizzle|[of] p2a: Kyogre
|turn|1
|
|t:|1616825178
|switch|p1a: Groudon|Groudon|100/100
|detailschange|p1a: Groudon|Groudon-Primal
|-primal|p1a: Groudon
|-weather|DesolateLand|[from] ability: Desolate Land|[of] p1a: Groudon
|move|p2a: Kyogre|Water Spout||[still]
|-fail|p2a: Kyogre|Water Spout|[from] Desolate Land
|
|-weather|DesolateLand|[upkeep]
|upkeep
|turn|2
|
|t:|1616825184
|switch|p2a: Calyrex|Calyrex-Shadow|100/100
|-ability|p2a: Calyrex|As One
|-ability|p2a: Calyrex|Unnerve|p1: papapriest
|move|p1a: Groudon|Stealth Rock|p2a: Calyrex
|-sidestart|p2: LightBonito|move: Stealth Rock
|
|-weather|DesolateLand|[upkeep]
|upkeep
|turn|3
|
|t:|1616825195
|-weather|none
|switch|p1a: Ho-Oh|Ho-Oh|100/100
|move|p2a: Calyrex|Astral Barrage|p1a: Ho-Oh
|-damage|p1a: Ho-Oh|38/100
|
|upkeep
|turn|4
|
|t:|1616825213
|switch|p1a: Yveltal|Yveltal|100/100
|-ability|p1a: Yveltal|Dark Aura
|move|p2a: Calyrex|Astral Barrage|p1a: Yveltal
|-resisted|p1a: Yveltal
|-damage|p1a: Yveltal|49/100
|
|upkeep
|turn|5
|
|t:|1616825223
|switch|p2a: Rayquaza|Rayquaza|100/100
|-ability|p2a: Rayquaza|Air Lock
|move|p1a: Yveltal|Sucker Punch||[still]
|-fail|p1a: Yveltal
|
|upkeep
|turn|6
|
|t:|1616825232
|switch|p1a: Zygarde|Zygarde|100/100
|detailschange|p2a: Rayquaza|Rayquaza-Mega
|-mega|p2a: Rayquaza|Rayquaza|
|-weather|DeltaStream|[from] ability: Delta Stream|[of] p2a: Rayquaza
|move|p2a: Rayquaza|Dragon Ascent|p1a: Zygarde
|-damage|p1a: Zygarde|60/100
|-unboost|p2a: Rayquaza|def|1
|-unboost|p2a: Rayquaza|spd|1
|
|-weather|DeltaStream|[upkeep]
|upkeep
|turn|7
|
|t:|1616825237
|move|p2a: Rayquaza|Dragon Claw|p1a: Zygarde
|-supereffective|p1a: Zygarde
|-damage|p1a: Zygarde|4/100
|move|p1a: Zygarde|Glare|p2a: Rayquaza
|-status|p2a: Rayquaza|par
|
|-weather|DeltaStream|[upkeep]
|-activate|p1a: Zygarde|ability: Power Construct
|detailschange|p1a: Zygarde|Zygarde-Complete
|-heal|p1a: Zygarde|37/100|[silent]
|upkeep
|turn|8
|
|t:|1616825246
|move|p1a: Zygarde|Thousand Arrows|p2a: Rayquaza
|-damage|p2a: Rayquaza|53/100 par
|-start|p2a: Rayquaza|Smack Down
|move|p2a: Rayquaza|Dragon Claw|p1a: Zygarde
|-supereffective|p1a: Zygarde
|-damage|p1a: Zygarde|0 fnt
|faint|p1a: Zygarde
|
|-weather|DeltaStream|[upkeep]
|upkeep
|
|t:|1616825253
|switch|p1a: Zacian|Zacian-Crowned|100/100
|-ability|p1a: Zacian|Intrepid Sword|boost
|-boost|p1a: Zacian|atk|1
|turn|9
|
|t:|1616825258
|move|p1a: Zacian|Behemoth Blade|p2a: Rayquaza
|-damage|p2a: Rayquaza|0 fnt
|faint|p2a: Rayquaza
|-weather|none
|
|upkeep
|
|t:|1616825266
|switch|p2a: Calyrex|Calyrex-Shadow|100/100
|-ability|p2a: Calyrex|As One
|-ability|p2a: Calyrex|Unnerve|p1: papapriest
|-damage|p2a: Calyrex|88/100|[from] Stealth Rock
|turn|10
|
|t:|1616825286
|switch|p1a: Ho-Oh|Ho-Oh|71/100
|move|p2a: Calyrex|Astral Barrage|p1a: Ho-Oh
|-damage|p1a: Ho-Oh|11/100
|
|upkeep
|turn|11
|
|t:|1616825292
|move|p2a: Calyrex|Astral Barrage|p1a: Ho-Oh
|-damage|p1a: Ho-Oh|0 fnt
|faint|p1a: Ho-Oh
|-ability|p2a: Calyrex|Grim Neigh|boost
|-boost|p2a: Calyrex|spa|1
|
|upkeep
|
|t:|1616825295
|switch|p1a: Yveltal|Yveltal|49/100
|-ability|p1a: Yveltal|Dark Aura
|turn|12
|
|t:|1616825302
|switch|p2a: Zacian|Zacian-Crowned|100/100
|-damage|p2a: Zacian|94/100|[from] Stealth Rock
|-ability|p2a: Zacian|Intrepid Sword|boost
|-boost|p2a: Zacian|atk|1
|-start|p1a: Yveltal|Dynamax
|-heal|p1a: Yveltal|49/100|[silent]
|move|p1a: Yveltal|Max Airstream|p2a: Zacian
|-resisted|p2a: Zacian
|-damage|p2a: Zacian|53/100
|-boost|p1a: Yveltal|spe|1
|-damage|p1a: Yveltal|44/100|[from] item: Life Orb
|
|upkeep
|turn|13
|
|t:|1616825314
|move|p1a: Yveltal|Max Steelspike|p2a: Zacian
|-damage|p2a: Zacian|0 fnt
|-boost|p1a: Yveltal|def|1
|-damage|p1a: Yveltal|39/100|[from] item: Life Orb
|faint|p2a: Zacian
|
|upkeep
|
|t:|1616825326
|switch|p2a: Yveltal|Yveltal|100/100
|-damage|p2a: Yveltal|76/100|[from] Stealth Rock
|-ability|p2a: Yveltal|Dark Aura
|turn|14
|
|t:|1616825349
|-end|p1a: Yveltal|Dynamax
|-heal|p1a: Yveltal|39/100|[silent]
|switch|p1a: Zacian|Zacian-Crowned|100/100
|-ability|p1a: Zacian|Intrepid Sword|boost
|-boost|p1a: Zacian|atk|1
|move|p2a: Yveltal|Sucker Punch||[still]
|-fail|p2a: Yveltal
|
|upkeep
|turn|15
|
|t:|1616825364
|switch|p2a: Necrozma|Necrozma-Dusk-Mane|100/100
|-damage|p2a: Necrozma|95/100|[from] Stealth Rock
|move|p1a: Zacian|Behemoth Blade|p2a: Necrozma
|-resisted|p2a: Necrozma
|-damage|p2a: Necrozma|52/100
|
|upkeep
|turn|16
|
|t:|1616825373
|switch|p1a: Necrozma|Necrozma-Dusk-Mane|100/100
|move|p2a: Necrozma|Dragon Dance|p2a: Necrozma
|-boost|p2a: Necrozma|atk|1
|-boost|p2a: Necrozma|spe|1
|
|upkeep
|turn|17
|
|t:|1616825377
|detailschange|p2a: Necrozma|Necrozma-Ultra
|-burst|p2a: Necrozma|Necrozma|Ultranecrozium Z
|move|p2a: Necrozma|Earthquake|p1a: Necrozma
|-supereffective|p1a: Necrozma
|-damage|p1a: Necrozma|24/100
|-enditem|p1a: Necrozma|Weakness Policy
|-boost|p1a: Necrozma|atk|2|[from] item: Weakness Policy
|-boost|p1a: Necrozma|spa|2|[from] item: Weakness Policy
|move|p1a: Necrozma|Trick Room|p1a: Necrozma
|-fieldstart|move: Trick Room|[of] p1a: Necrozma
|
|upkeep
|turn|18
|
|t:|1616825386
|move|p1a: Necrozma|Earthquake|p2a: Necrozma
|-damage|p2a: Necrozma|0 fnt
|faint|p2a: Necrozma
|
|upkeep
|
|t:|1616825394
|switch|p2a: Yveltal|Yveltal|76/100
|-damage|p2a: Yveltal|51/100|[from] Stealth Rock
|-ability|p2a: Yveltal|Dark Aura
|turn|19
|
|t:|1616825400
|switch|p1a: Groudon|Groudon-Primal|100/100
|-weather|DesolateLand|[from] ability: Desolate Land|[of] p1a: Groudon
|-start|p2a: Yveltal|Dynamax
|-heal|p2a: Yveltal|51/100|[silent]
|move|p2a: Yveltal|Max Airstream|p1a: Groudon
|-damage|p1a: Groudon|51/100
|-boost|p2a: Yveltal|spe|1
|-damage|p2a: Yveltal|46/100|[from] item: Life Orb
|
|-weather|DesolateLand|[upkeep]
|upkeep
|turn|20
|
|t:|1616825409
|move|p1a: Groudon|Rock Tomb|p2a: Yveltal
|-supereffective|p2a: Yveltal
|-damage|p2a: Yveltal|20/100
|-unboost|p2a: Yveltal|spe|1
|move|p2a: Yveltal|Max Darkness|p1a: Groudon
|-damage|p1a: Groudon|0 fnt
|-damage|p2a: Yveltal|16/100|[from] item: Life Orb
|faint|p1a: Groudon
|-weather|none
|
|upkeep
|
|t:|1616825414
|switch|p1a: Necrozma|Necrozma-Dusk-Mane|24/100
|turn|21
|
|t:|1616825426
|move|p1a: Necrozma|Sunsteel Strike|p2a: Yveltal
|-damage|p2a: Yveltal|0 fnt
|faint|p2a: Yveltal
|
|-fieldend|move: Trick Room
|upkeep
|
|t:|1616825433
|switch|p2a: Kyogre|Kyogre|100/100
|-damage|p2a: Kyogre|88/100|[from] Stealth Rock
|-weather|RainDance|[from] ability: Drizzle|[of] p2a: Kyogre
|turn|22
|
|t:|1616825436
|move|p2a: Kyogre|Water Spout|p1a: Necrozma
|-damage|p1a: Necrozma|0 fnt
|faint|p1a: Necrozma
|
|-weather|RainDance|[upkeep]
|upkeep
|
|t:|1616825440
|switch|p1a: Yveltal|Yveltal|39/100
|-ability|p1a: Yveltal|Dark Aura
|turn|23
|
|t:|1616825443
|move|p1a: Yveltal|Sucker Punch|p2a: Kyogre
|-damage|p2a: Kyogre|20/100
|-damage|p1a: Yveltal|29/100|[from] item: Life Orb
|move|p2a: Kyogre|Water Spout|p1a: Yveltal
|-damage|p1a: Yveltal|5/100
|
|-weather|RainDance|[upkeep]
|upkeep
|turn|24
|
|t:|1616825452
|switch|p1a: Zacian|Zacian-Crowned|100/100
|-ability|p1a: Zacian|Intrepid Sword|boost
|-boost|p1a: Zacian|atk|1
|move|p2a: Kyogre|Water Spout|p1a: Zacian
|-damage|p1a: Zacian|77/100
|
|-weather|RainDance|[upkeep]
|upkeep
|turn|25
|
|t:|1616825459
|switch|p2a: Calyrex|Calyrex-Shadow|88/100
|-ability|p2a: Calyrex|As One
|-ability|p2a: Calyrex|Unnerve|p1: papapriest
|-damage|p2a: Calyrex|76/100|[from] Stealth Rock
|move|p1a: Zacian|Wild Charge|p2a: Calyrex
|-damage|p2a: Calyrex|0 fnt
|-damage|p1a: Zacian|57/100|[from] Recoil
|faint|p2a: Calyrex
|
|-weather|RainDance|[upkeep]
|upkeep
|
|t:|1616825467
|switch|p2a: Kyogre|Kyogre|20/100
|-damage|p2a: Kyogre|7/100|[from] Stealth Rock
|turn|26
|
|t:|1616825475
|move|p2a: Kyogre|Origin Pulse|p1a: Zacian
|-damage|p1a: Zacian|0 fnt
|faint|p1a: Zacian
|
|-weather|none
|upkeep
|
|t:|1616825477
|switch|p1a: Yveltal|Yveltal|5/100
|-ability|p1a: Yveltal|Dark Aura
|turn|27
|c|☆LightBonito|gg
|
|t:|1616825481
|move|p1a: Yveltal|Sucker Punch|p2a: Kyogre
|-damage|p2a: Kyogre|0 fnt
|-damage|p1a: Yveltal|0 fnt|[from] item: Life Orb
|faint|p2a: Kyogre
|faint|p1a: Yveltal
|
|win|papapriest
|raw|papapriest's rating: 1637 &rarr; <strong>1649</strong><br />(+12 for winning)
|raw|LightBonito's rating: 1486 &rarr; <strong>1474</strong><br />(-12 for losing)
|c|☆papapriest|gg
|l|☆papapriest
