|j|☆aselia the eternal
|j|☆ReactJS3
|t:|1658902026
|gametype|singles
|player|p1|aselia the eternal|102|1774
|player|p2|ReactJS3|1|1774
|teamsize|p1|6
|teamsize|p2|6
|gen|8
|tier|[Gen 8] National Dex AG
|rated|
|rule|HP Percentage Mod: HP is shown in percentages
|rule|Endless Battle Clause: Forcing endless battles is banned
|clearpoke
|poke|p1|Kyogre|
|poke|p1|Yveltal|
|poke|p1|Rayquaza|
|poke|p1|Calyrex-Shadow|
|poke|p1|Arceus-*|
|poke|p1|Marshadow|
|poke|p2|Rayquaza|
|poke|p2|Zacian-*|
|poke|p2|Yveltal|
|poke|p2|Groudon|
|poke|p2|Ho-Oh|
|poke|p2|Ditto|
|teampreview
|j| Tomotaco69
|
|t:|1658902046
|start
|switch|p1a: Arceus|Arceus-Grass|100/100
|switch|p2a: Yveltal|Yveltal|100/100
|-ability|p2a: Yveltal|Dark Aura
|turn|1
|
|t:|1658902056
|-start|p2a: Yveltal|Dynamax|
|-heal|p2a: Yveltal|100/100|[silent]
|move|p1a: Arceus|Ice Beam|p2a: Yveltal
|-supereffective|p2a: Yveltal
|-damage|p2a: Yveltal|73/100
|move|p2a: Yveltal|Max Airstream|p1a: Arceus
|-supereffective|p1a: Arceus
|-damage|p1a: Arceus|0 fnt
|-boost|p2a: Yveltal|spe|1
|faint|p1a: Arceus
|-damage|p2a: Yveltal|68/100|[from] item: Life Orb
|
|upkeep
|inactive|Battle timer is ON: inactive players will automatically lose when time's up. (requested by ReactJS3)
|
|t:|1658902078
|switch|p1a: Yveltal|Yveltal|100/100
|-ability|p1a: Yveltal|Dark Aura
|turn|2
|
|t:|1658902085
|-start|p1a: Yveltal|Dynamax|
|-heal|p1a: Yveltal|100/100|[silent]
|move|p1a: Yveltal|Max Guard|p1a: Yveltal
|-singleturn|p1a: Yveltal|Max Guard
|move|p2a: Yveltal|Max Airstream|p1a: Yveltal
|-activate|p1a: Yveltal|move: Max Guard
|
|upkeep
|turn|3
|
|t:|1658902095
|-end|p2a: Yveltal|Dynamax
|-heal|p2a: Yveltal|68/100|[silent]
|switch|p2a: Zacian|Zacian-Crowned|100/100
|-ability|p2a: Zacian|Intrepid Sword|boost
|-boost|p2a: Zacian|atk|1
|move|p1a: Yveltal|Max Airstream|p2a: Zacian
|-resisted|p2a: Zacian
|-damage|p2a: Zacian|58/100
|-boost|p1a: Yveltal|spe|1
|-damage|p1a: Yveltal|96/100|[from] item: Life Orb
|
|upkeep
|turn|4
|j| G5R
|
|t:|1658902107
|switch|p2a: Ho-Oh|Ho-Oh|100/100
|move|p1a: Yveltal|Max Darkness|p2a: Ho-Oh
|-damage|p2a: Ho-Oh|30/100
|-unboost|p2a: Ho-Oh|spd|1
|-damage|p1a: Yveltal|91/100|[from] item: Life Orb
|
|upkeep
|-end|p1a: Yveltal|Dynamax
|-heal|p1a: Yveltal|91/100|[silent]
|turn|5
|
|t:|1658902114
|switch|p2a: Zacian|Zacian-Crowned|58/100
|-ability|p2a: Zacian|Intrepid Sword|boost
|-boost|p2a: Zacian|atk|1
|move|p1a: Yveltal|Dark Pulse|p2a: Zacian
|-resisted|p2a: Zacian
|-damage|p2a: Zacian|22/100
|-damage|p1a: Yveltal|81/100|[from] item: Life Orb
|
|upkeep
|turn|6
|
|t:|1658902120
|move|p1a: Yveltal|Dark Pulse|p2a: Zacian
|-resisted|p2a: Zacian
|-damage|p2a: Zacian|0 fnt
|faint|p2a: Zacian
|-damage|p1a: Yveltal|71/100|[from] item: Life Orb
|
|upkeep
|
|t:|1658902123
|switch|p2a: Yveltal|Yveltal|68/100
|-ability|p2a: Yveltal|Dark Aura
|turn|7
|
|t:|1658902126
|move|p1a: Yveltal|Oblivion Wing|p2a: Yveltal
|-damage|p2a: Yveltal|13/100
|-heal|p1a: Yveltal|100/100|[from] drain|[of] p2a: Yveltal
|-damage|p1a: Yveltal|91/100|[from] item: Life Orb
|move|p2a: Yveltal|Oblivion Wing|p1a: Yveltal
|-damage|p1a: Yveltal|42/100
|-heal|p2a: Yveltal|50/100|[from] drain|[of] p1a: Yveltal
|-damage|p2a: Yveltal|40/100|[from] item: Life Orb
|
|upkeep
|turn|8
|
|t:|1658902141
|move|p2a: Yveltal|Sucker Punch|p1a: Yveltal
|-resisted|p1a: Yveltal
|-crit|p1a: Yveltal
|-damage|p1a: Yveltal|5/100
|-damage|p2a: Yveltal|30/100|[from] item: Life Orb
|move|p1a: Yveltal|Oblivion Wing|p2a: Yveltal
|-damage|p2a: Yveltal|0 fnt
|-heal|p1a: Yveltal|27/100|[from] drain|[of] p2a: Yveltal
|faint|p2a: Yveltal
|-damage|p1a: Yveltal|17/100|[from] item: Life Orb
|
|upkeep
|
|t:|1658902157
|switch|p2a: Rayquaza|Rayquaza|100/100
|-ability|p2a: Rayquaza|Air Lock
|turn|9
|
|t:|1658902174
|detailschange|p2a: Rayquaza|Rayquaza-Mega
|-mega|p2a: Rayquaza|Rayquaza|
|-weather|DeltaStream|[from] ability: Delta Stream|[of] p2a: Rayquaza
|move|p2a: Rayquaza|Extreme Speed|p1a: Yveltal
|-damage|p1a: Yveltal|0 fnt
|faint|p1a: Yveltal
|
|-weather|DeltaStream|[upkeep]
|upkeep
|inactive|aselia the eternal has 120 seconds left.
|j| rahull
|
|t:|1658902203
|switch|p1a: Kyogre|Kyogre|100/100
|-ability|p1a: Kyogre|Drizzle|[from] deltastream|[fail]
|turn|10
|inactive|aselia the eternal has 120 seconds left.
|
|t:|1658902210
|-weather|none
|switch|p2a: Ho-Oh|Ho-Oh|63/100
|move|p1a: Kyogre|Ice Beam|p2a: Ho-Oh
|-damage|p2a: Ho-Oh|45/100
|
|upkeep
|turn|11
|inactive|aselia the eternal has 120 seconds left.
|
|t:|1658902231
|switch|p1a: Rayquaza|Rayquaza|100/100
|-ability|p1a: Rayquaza|Air Lock
|move|p2a: Ho-Oh|Toxic|p1a: Rayquaza
|-status|p1a: Rayquaza|tox
|
|-damage|p1a: Rayquaza|94/100 tox|[from] psn
|upkeep
|turn|12
|
|t:|1658902247
|detailschange|p1a: Rayquaza|Rayquaza-Mega
|-mega|p1a: Rayquaza|Rayquaza|
|-weather|DeltaStream|[from] ability: Delta Stream|[of] p1a: Rayquaza
|move|p1a: Rayquaza|Scale Shot|p2a: Ho-Oh|[miss]
|-miss|p1a: Rayquaza|p2a: Ho-Oh
|move|p2a: Ho-Oh|Whirlwind|p1a: Rayquaza
|-weather|none
|drag|p1a: Marshadow|Marshadow|100/100
|
|upkeep
|turn|13
|c| G5R|lol
|inactive|aselia the eternal has 90 seconds left.
|
|t:|1658902276
|switch|p1a: Rayquaza|Rayquaza-Mega|94/100 tox
|-weather|DeltaStream|[from] ability: Delta Stream|[of] p1a: Rayquaza
|switch|p2a: Groudon|Groudon|100/100
|detailschange|p2a: Groudon|Groudon-Primal
|-primal|p2a: Groudon
|-weather|DesolateLand|[from] ability: Desolate Land|[of] p2a: Groudon
|
|-weather|DesolateLand|[upkeep]
|-damage|p1a: Rayquaza|88/100 tox|[from] psn
|upkeep
|turn|14
|
|t:|1658902285
|move|p1a: Rayquaza|Earthquake|p2a: Groudon
|-supereffective|p2a: Groudon
|-damage|p2a: Groudon|48/100
|-damage|p1a: Rayquaza|79/100 tox|[from] item: Life Orb
|move|p2a: Groudon|Stealth Rock|p1a: Rayquaza
|-sidestart|p1: aselia the eternal|move: Stealth Rock
|
|-weather|DesolateLand|[upkeep]
|-damage|p1a: Rayquaza|67/100 tox|[from] psn
|upkeep
|turn|15
|
|t:|1658902298
|move|p1a: Rayquaza|Dragon Ascent|p2a: Groudon
|-damage|p2a: Groudon|0 fnt
|-unboost|p1a: Rayquaza|def|1
|-unboost|p1a: Rayquaza|spd|1
|faint|p2a: Groudon
|-weather|none
|-damage|p1a: Rayquaza|57/100 tox|[from] item: Life Orb
|
|-damage|p1a: Rayquaza|39/100 tox|[from] psn
|upkeep
|
|t:|1658902313
|switch|p2a: Ditto|Ditto|100/100
|-transform|p2a: Ditto|p1a: Rayquaza|[from] ability: Imposter
|-weather|DeltaStream|[from] ability: Delta Stream|[of] p2a: Ditto
|turn|16
|
|t:|1658902323
|move|p1a: Rayquaza|Extreme Speed|p2a: Ditto
|-crit|p2a: Ditto
|-damage|p2a: Ditto|0 fnt
|faint|p2a: Ditto
|-damage|p1a: Rayquaza|29/100 tox|[from] item: Life Orb
|
|-weather|DeltaStream|[upkeep]
|-damage|p1a: Rayquaza|5/100 tox|[from] psn
|upkeep
|
|t:|1658902332
|switch|p2a: Rayquaza|Rayquaza-Mega|100/100
|turn|17
|
|t:|1658902342
|switch|p1a: Marshadow|Marshadow|100/100
|-damage|p1a: Marshadow|94/100|[from] Stealth Rock
|move|p2a: Rayquaza|Dragon Dance|p2a: Rayquaza
|-boost|p2a: Rayquaza|atk|1
|-boost|p2a: Rayquaza|spe|1
|
|-weather|DeltaStream|[upkeep]
|upkeep
|turn|18
|c|☆ReactJS3|bad play
|c| G5R|^
|c|☆ReactJS3|gg unless you have scarf
|
|t:|1658902369
|move|p1a: Marshadow|Shadow Sneak|p2a: Rayquaza
|-damage|p2a: Rayquaza|70/100
|move|p2a: Rayquaza|Dragon Ascent|p1a: Marshadow
|-supereffective|p1a: Marshadow
|-damage|p1a: Marshadow|0 fnt
|-unboost|p2a: Rayquaza|def|1
|-unboost|p2a: Rayquaza|spd|1
|faint|p1a: Marshadow
|
|-weather|DeltaStream|[upkeep]
|upkeep
|c| Tomotaco69|Tic tac got stuck in my throat
|
|t:|1658902377
|switch|p1a: Kyogre|Kyogre|100/100
|-damage|p1a: Kyogre|88/100|[from] Stealth Rock
|-ability|p1a: Kyogre|Drizzle|[from] deltastream|[fail]
|turn|19
|
|t:|1658902386
|move|p2a: Rayquaza|Dragon Ascent|p1a: Kyogre
|-damage|p1a: Kyogre|0 fnt
|-unboost|p2a: Rayquaza|def|1
|-unboost|p2a: Rayquaza|spd|1
|faint|p1a: Kyogre
|
|-weather|DeltaStream|[upkeep]
|upkeep
|
|t:|1658902388
|switch|p1a: Calyrex|Calyrex-Shadow|100/100
|-ability|p1a: Calyrex|As One
|-ability|p1a: Calyrex|Unnerve
|-damage|p1a: Calyrex|88/100|[from] Stealth Rock
|turn|20
|c|☆ReactJS3|on calyrex
|
|t:|1658902393
|move|p2a: Rayquaza|Dragon Ascent|p1a: Calyrex
|-damage|p1a: Calyrex|0 fnt
|-unboost|p2a: Rayquaza|def|1
|-unboost|p2a: Rayquaza|spd|1
|faint|p1a: Calyrex
|
|-weather|DeltaStream|[upkeep]
|upkeep
|
|t:|1658902395
|switch|p1a: Rayquaza|Rayquaza-Mega|5/100 tox
|-damage|p1a: Rayquaza|0 fnt|[from] Stealth Rock
|faint|p1a: Rayquaza
|
|win|ReactJS3
|raw|aselia the eternal's rating: 1774 &rarr; <strong>1754</strong><br />(-20 for losing)
|raw|ReactJS3's rating: 1774 &rarr; <strong>1794</strong><br />(+20 for winning)
|c| G5R|lol
|c| G5R|gg
|l|☆aselia the eternal
|l| G5R
