|j|☆cllout
|j|☆haitianmister
|t:|1668447252
|gametype|singles
|player|p1|cllout|misty-lgpe|1643
|player|p2|haitianmister|169|1753
|teamsize|p1|6
|teamsize|p2|6
|gen|8
|tier|[Gen 8] National Dex AG
|rated|
|rule|HP Percentage Mod: HP is shown in percentages
|rule|Endless Battle Clause: Forcing endless battles is banned
|clearpoke
|poke|p1|Zacian-*|
|poke|p1|Calyrex-Shadow|
|poke|p1|Groudon|
|poke|p1|Kyogre|
|poke|p1|Latias, F|
|poke|p1|Marshadow|
|poke|p2|Arceus-*|
|poke|p2|Calyrex-Shadow|
|poke|p2|Rayquaza|
|poke|p2|Ditto|
|poke|p2|Arceus-*|
|poke|p2|Yveltal|
|teampreview
|inactive|Battle timer is ON: inactive players will automatically lose when time's up. (requested by cllout)
|inactive|haitianmister has 120 seconds left.
|inactive|haitianmister has 90 seconds left.
|inactive|haitianmister has 60 seconds left.
|inactive|haitianmister has 30 seconds left.
|l|☆haitianmister
|inactive|haitianmister disconnected and has a minute to reconnect!
|player|p2|
|j|☆haitianmister
|inactive|haitianmister reconnected and has 25 seconds left.
|player|p2|haitianmister|169
|inactive|haitianmister has 20 seconds left.
|inactive|haitianmister has 15 seconds left.
|
|t:|1668447387
|start
|switch|p1a: G-Primal|Groudon|100/100
|switch|p2a: rexy|Calyrex-Shadow|100/100
|-ability|p2a: rexy|As One
|-ability|p2a: rexy|Unnerve
|detailschange|p1a: G-Primal|Groudon-Primal
|-primal|p1a: G-Primal
|-weather|DesolateLand|[from] ability: Desolate Land|[of] p1a: G-Primal
|turn|1
|
|t:|1668447395
|move|p2a: rexy|Nasty Plot|p2a: rexy
|-boost|p2a: rexy|spa|2
|move|p1a: G-Primal|Thunder Wave|p2a: rexy
|-status|p2a: rexy|par
|
|-weather|DesolateLand|[upkeep]
|upkeep
|turn|2
|
|t:|1668447399
|move|p2a: rexy|Astral Barrage|p1a: G-Primal
|-damage|p1a: G-Primal|0 fnt
|faint|p1a: G-Primal
|-weather|none
|-ability|p2a: rexy|Grim Neigh|boost
|-boost|p2a: rexy|spa|1
|
|upkeep
|
|t:|1668447413
|switch|p1a: Caly|Calyrex-Shadow|100/100
|-ability|p1a: Caly|As One
|-ability|p1a: Caly|Unnerve
|turn|3
|
|t:|1668447420
|move|p1a: Caly|Astral Barrage|p2a: rexy
|-supereffective|p2a: rexy
|-enditem|p2a: rexy|Focus Sash
|-damage|p2a: rexy|1/100 par
|cant|p2a: rexy|par
|
|upkeep
|turn|4
|
|t:|1668447430
|move|p1a: Caly|Psyshock|p2a: rexy
|-resisted|p2a: rexy
|-damage|p2a: rexy|0 fnt
|faint|p2a: rexy
|-ability|p1a: Caly|Grim Neigh|boost
|-boost|p1a: Caly|spa|1
|
|upkeep
|
|t:|1668447435
|switch|p2a: Yveltal|Yveltal|100/100
|-ability|p2a: Yveltal|Dark Aura
|turn|5
|inactive|haitianmister has 120 seconds left.
|
|t:|1668447453
|switch|p1a: Lati|Latias, F|100/100
|move|p2a: Yveltal|Dark Pulse|p1a: Lati
|-supereffective|p1a: Lati
|-damage|p1a: Lati|40/100
|
|upkeep
|turn|6
|
|t:|1668447460
|detailschange|p1a: Lati|Latias-Mega, F
|-mega|p1a: Lati|Latias|Latiasite
|move|p2a: Yveltal|Dark Pulse|p1a: Lati
|-supereffective|p1a: Lati
|-damage|p1a: Lati|0 fnt
|faint|p1a: Lati
|
|upkeep
|
|t:|1668447469
|switch|p1a: K-Primal|Kyogre|100/100
|detailschange|p1a: K-Primal|Kyogre-Primal
|-primal|p1a: K-Primal
|-weather|PrimordialSea|[from] ability: Primordial Sea|[of] p1a: K-Primal
|turn|7
|inactive|haitianmister has 120 seconds left.
|
|t:|1668447511
|switch|p2a: steve|Ditto|100/100
|-transform|p2a: steve|p1a: K-Primal|[from] ability: Imposter
|move|p1a: K-Primal|Thunder|p2a: steve
|-supereffective|p2a: steve
|-damage|p2a: steve|23/100
|
|-weather|PrimordialSea|[upkeep]
|upkeep
|turn|8
|
|t:|1668447522
|move|p2a: steve|Thunder|p1a: K-Primal
|-supereffective|p1a: K-Primal
|-damage|p1a: K-Primal|35/100
|-status|p1a: K-Primal|par
|move|p1a: K-Primal|Thunder|p2a: steve
|-supereffective|p2a: steve
|-damage|p2a: steve|0 fnt
|faint|p2a: steve
|
|-weather|PrimordialSea|[upkeep]
|upkeep
|
|t:|1668447540
|switch|p2a: bruno|Rayquaza|100/100
|-ability|p2a: bruno|Air Lock
|turn|9
|
|t:|1668447552
|detailschange|p2a: bruno|Rayquaza-Mega
|-mega|p2a: bruno|Rayquaza|
|-weather|DeltaStream|[from] ability: Delta Stream|[of] p2a: bruno
|move|p2a: bruno|Dragon Ascent|p1a: K-Primal
|-damage|p1a: K-Primal|0 fnt
|-unboost|p2a: bruno|def|1
|-unboost|p2a: bruno|spd|1
|faint|p1a: K-Primal
|
|-weather|DeltaStream|[upkeep]
|upkeep
|
|t:|1668447563
|switch|p1a: Zace|Zacian-Crowned, shiny|100/100
|-ability|p1a: Zace|Intrepid Sword|boost
|-boost|p1a: Zace|atk|1
|turn|10
|
|t:|1668447569
|move|p1a: Zace|Behemoth Blade|p2a: bruno
|-damage|p2a: bruno|0 fnt
|faint|p2a: bruno
|-weather|none
|
|upkeep
|inactive|haitianmister has 120 seconds left.
|
|t:|1668447576
|switch|p2a: Arceus|Arceus-Ground|100/100
|turn|11
|
|t:|1668447584
|move|p1a: Zace|Substitute|p1a: Zace
|-start|p1a: Zace|Substitute
|-damage|p1a: Zace|76/100
|move|p2a: Arceus|Thunder Wave|p1a: Zace|[miss]
|-miss|p2a: Arceus|p1a: Zace
|
|upkeep
|turn|12
|
|t:|1668447597
|move|p1a: Zace|Behemoth Blade|p2a: Arceus
|-damage|p2a: Arceus|26/100
|move|p2a: Arceus|Judgment|p1a: Zace
|-supereffective|p1a: Zace
|-end|p1a: Zace|Substitute
|
|upkeep
|turn|13
|
|t:|1668447612
|move|p1a: Zace|Behemoth Blade|p2a: Arceus
|-damage|p2a: Arceus|0 fnt
|faint|p2a: Arceus
|
|upkeep
|
|t:|1668447621
|switch|p2a: Yveltal|Yveltal|100/100
|-ability|p2a: Yveltal|Dark Aura
|turn|14
|
|t:|1668447630
|-start|p2a: Yveltal|Dynamax|
|-heal|p2a: Yveltal|100/100|[silent]
|move|p1a: Zace|Play Rough|p2a: Yveltal
|-supereffective|p2a: Yveltal
|-damage|p2a: Yveltal|9/100
|move|p2a: Yveltal|Max Airstream|p1a: Zace
|-resisted|p1a: Zace
|-damage|p1a: Zace|45/100
|-boost|p2a: Yveltal|spe|1
|
|upkeep
|turn|15
|
|t:|1668447642
|move|p2a: Yveltal|Max Darkness|p1a: Zace
|-resisted|p1a: Zace
|-damage|p1a: Zace|4/100
|-unboost|p1a: Zace|spd|1
|move|p1a: Zace|Behemoth Blade|p2a: Yveltal
|-damage|p2a: Yveltal|0 fnt
|faint|p2a: Yveltal
|
|upkeep
|
|t:|1668447658
|switch|p2a: angela|Arceus-Fairy|100/100
|turn|16
|-message|haitianmister forfeited.
|
|win|cllout
|raw|cllout's rating: 1643 &rarr; <strong>1669</strong><br />(+26 for winning)
|raw|haitianmister's rating: 1753 &rarr; <strong>1727</strong><br />(-26 for losing)
|l|☆haitianmister
