|j|☆cheziqua
|j|☆DarkboiJ
|t:|1668315139
|gametype|singles
|player|p1|cheziqua|2|1651
|player|p2|DarkboiJ|blue-gen3two|1937
|teamsize|p1|6
|teamsize|p2|6
|gen|8
|tier|[Gen 8] National Dex AG
|rated|
|rule|HP Percentage Mod: HP is shown in percentages
|rule|Endless Battle Clause: Forcing endless battles is banned
|clearpoke
|poke|p1|Ribombee, F|
|poke|p1|Araquanid, M|
|poke|p1|Pinsir, M|
|poke|p1|Pheromosa|
|poke|p1|Genesect|
|poke|p1|Volcarona, F|
|poke|p2|Darkrai|
|poke|p2|Arceus-*|
|poke|p2|Kyogre|
|poke|p2|Ditto|
|poke|p2|Zapdos|
|poke|p2|Arceus-*|
|teampreview
|inactive|Battle timer is ON: inactive players will automatically lose when time's up. (requested by DarkboiJ)
|
|t:|1668315155
|start
|switch|p1a: Araquanid|Araquanid, M|100/100
|switch|p2a: Zapdos|Zapdos|100/100
|turn|1
|
|t:|1668315159
|move|p2a: Zapdos|Volt Switch|p1a: Araquanid
|-supereffective|p1a: Araquanid
|-damage|p1a: Araquanid|68/100
|
|t:|1668315170
|switch|p2a: Arceus|Arceus-Fairy|100/100|[from]move: Volt Switch
|move|p1a: Araquanid|Toxic|p2a: Arceus
|-status|p2a: Arceus|tox
|
|-damage|p2a: Arceus|94/100 tox|[from] psn
|upkeep
|turn|2
|
|t:|1668315173
|move|p2a: Arceus|Stealth Rock|p1a: Araquanid
|-sidestart|p1: cheziqua|move: Stealth Rock
|move|p1a: Araquanid|Sticky Web|p2a: Arceus
|-sidestart|p2: DarkboiJ|move: Sticky Web
|
|-damage|p2a: Arceus|82/100 tox|[from] psn
|upkeep
|turn|3
|
|t:|1668315180
|move|p2a: Arceus|Judgment|p1a: Araquanid
|-damage|p1a: Araquanid|38/100
|move|p1a: Araquanid|Liquidation|p2a: Arceus
|-damage|p2a: Arceus|53/100 tox
|
|-damage|p2a: Arceus|34/100 tox|[from] psn
|upkeep
|turn|4
|
|t:|1668315185
|switch|p2a: Kyogre|Kyogre|100/100
|-activate|p2a: Kyogre|move: Sticky Web
|-unboost|p2a: Kyogre|spe|1
|detailschange|p2a: Kyogre|Kyogre-Primal
|-primal|p2a: Kyogre
|-weather|PrimordialSea|[from] ability: Primordial Sea|[of] p2a: Kyogre
|move|p1a: Araquanid|Liquidation|p2a: Kyogre
|-resisted|p2a: Kyogre
|-damage|p2a: Kyogre|63/100
|
|-weather|PrimordialSea|[upkeep]
|upkeep
|turn|5
|
|t:|1668315192
|move|p2a: Kyogre|Thunder|p1a: Araquanid
|-supereffective|p1a: Araquanid
|-damage|p1a: Araquanid|0 fnt
|faint|p1a: Araquanid
|
|-weather|PrimordialSea|[upkeep]
|upkeep
|
|t:|1668315197
|switch|p1a: Ribombee|Ribombee, F|100/100
|-damage|p1a: Ribombee|76/100|[from] Stealth Rock
|turn|6
|
|t:|1668315200
|move|p1a: Ribombee|Energy Ball|p2a: Kyogre
|-supereffective|p2a: Kyogre
|-damage|p2a: Kyogre|27/100
|move|p2a: Kyogre|Liquidation|p1a: Ribombee
|-damage|p1a: Ribombee|0 fnt
|faint|p1a: Ribombee
|
|-weather|PrimordialSea|[upkeep]
|upkeep
|
|t:|1668315205
|switch|p1a: Pheromosa|Pheromosa|100/100
|-damage|p1a: Pheromosa|88/100|[from] Stealth Rock
|turn|7
|
|t:|1668315210
|-weather|none
|switch|p2a: Zapdos|Zapdos|100/100
|move|p1a: Pheromosa|Bug Buzz|p2a: Zapdos
|-resisted|p2a: Zapdos
|-damage|p2a: Zapdos|73/100
|
|upkeep
|turn|8
|
|t:|1668315214
|move|p1a: Pheromosa|Ice Beam|p2a: Zapdos
|-supereffective|p2a: Zapdos
|-damage|p2a: Zapdos|3/100
|move|p2a: Zapdos|Volt Switch|p1a: Pheromosa
|-damage|p1a: Pheromosa|19/100
|
|t:|1668315218
|switch|p2a: Ditto|Ditto, shiny|100/100|[from]move: Volt Switch
|-activate|p2a: Ditto|move: Sticky Web
|-unboost|p2a: Ditto|spe|1
|-transform|p2a: Ditto|p1a: Pheromosa|[from] ability: Imposter
|
|upkeep
|turn|9
|
|t:|1668315225
|move|p2a: Ditto|Bug Buzz|p1a: Pheromosa
|-resisted|p1a: Pheromosa
|-damage|p1a: Pheromosa|0 fnt
|faint|p1a: Pheromosa
|-ability|p2a: Ditto|Beast Boost|boost
|-boost|p2a: Ditto|spa|1
|
|upkeep
|
|t:|1668315231
|switch|p1a: Pinsir|Pinsir, M|100/100
|-damage|p1a: Pinsir|76/100|[from] Stealth Rock
|turn|10
|
|t:|1668315235
|switch|p2a: Zapdos|Zapdos|3/100
|detailschange|p1a: Pinsir|Pinsir-Mega, M
|-mega|p1a: Pinsir|Pinsir|Pinsirite
|move|p1a: Pinsir|Quick Attack|p2a: Zapdos
|-resisted|p2a: Zapdos
|-damage|p2a: Zapdos|0 fnt
|-status|p1a: Pinsir|par|[from] ability: Static|[of] p2a: Zapdos
|faint|p2a: Zapdos
|
|upkeep
|
|t:|1668315245
|switch|p2a: Arceus|Arceus-Fairy|34/100 tox
|-activate|p2a: Arceus|move: Sticky Web
|-unboost|p2a: Arceus|spe|1
|turn|11
|
|t:|1668315249
|move|p2a: Arceus|Judgment|p1a: Pinsir
|-damage|p1a: Pinsir|9/100 par
|move|p1a: Pinsir|Return|p2a: Arceus
|-damage|p2a: Arceus|0 fnt
|faint|p2a: Arceus
|
|upkeep
|
|t:|1668315252
|switch|p2a: Ditto|Ditto, shiny|100/100
|-activate|p2a: Ditto|move: Sticky Web
|-unboost|p2a: Ditto|spe|1
|-transform|p2a: Ditto|p1a: Pinsir|[from] ability: Imposter
|turn|12
|
|t:|1668315256
|move|p2a: Ditto|Quick Attack|p1a: Pinsir
|-supereffective|p1a: Pinsir
|-damage|p1a: Pinsir|0 fnt
|faint|p1a: Pinsir
|
|upkeep
|
|t:|1668315259
|switch|p1a: Genesect|Genesect, shiny|100/100
|-damage|p1a: Genesect|88/100|[from] Stealth Rock
|-ability|p1a: Genesect|Download|boost
|-boost|p1a: Genesect|spa|1
|turn|13
|j| NATALlE★
|
|t:|1668315262
|switch|p2a: Kyogre|Kyogre-Primal|27/100
|-activate|p2a: Kyogre|move: Sticky Web
|-unboost|p2a: Kyogre|spe|1
|-weather|PrimordialSea|[from] ability: Primordial Sea|[of] p2a: Kyogre
|move|p1a: Genesect|Shift Gear|p1a: Genesect
|-boost|p1a: Genesect|spe|2
|-boost|p1a: Genesect|atk|1
|
|-weather|PrimordialSea|[upkeep]
|-heal|p1a: Genesect|94/100|[from] item: Leftovers
|upkeep
|turn|14
|
|t:|1668315268
|move|p1a: Genesect|Leech Life|p2a: Kyogre
|-crit|p2a: Kyogre
|-damage|p2a: Kyogre|0 fnt
|-heal|p1a: Genesect|100/100|[from] drain|[of] p2a: Kyogre
|faint|p2a: Kyogre
|-weather|none
|
|upkeep
|
|t:|1668315275
|switch|p2a: Ditto|Ditto, shiny|100/100
|-activate|p2a: Ditto|move: Sticky Web
|-unboost|p2a: Ditto|spe|1
|-transform|p2a: Ditto|p1a: Genesect|[from] ability: Imposter
|-ability|p2a: Ditto|Download|boost
|-boost|p2a: Ditto|atk|1
|turn|15
|
|t:|1668315279
|switch|p2a: Darkrai|Darkrai|100/100
|-activate|p2a: Darkrai|move: Sticky Web
|-unboost|p2a: Darkrai|spe|1
|move|p1a: Genesect|Iron Head|p2a: Darkrai
|-damage|p2a: Darkrai|13/100
|
|-heal|p2a: Darkrai|19/100|[from] item: Leftovers
|upkeep
|turn|16
|
|t:|1668315284
|move|p1a: Genesect|Leech Life|p2a: Darkrai
|-supereffective|p2a: Darkrai
|-damage|p2a: Darkrai|0 fnt
|faint|p2a: Darkrai
|
|upkeep
|
|t:|1668315291
|switch|p2a: Arceus|Arceus|100/100
|-activate|p2a: Arceus|move: Sticky Web
|-unboost|p2a: Arceus|spe|1
|turn|17
|
|t:|1668315294
|move|p1a: Genesect|Iron Head|p2a: Arceus
|-damage|p2a: Arceus|61/100
|cant|p2a: Arceus|flinch
|
|upkeep
|turn|18
|
|t:|1668315300
|move|p1a: Genesect|Iron Head|p2a: Arceus
|-damage|p2a: Arceus|21/100
|cant|p2a: Arceus|flinch
|
|upkeep
|turn|19
|
|t:|1668315312
|move|p2a: Arceus|Extreme Speed|p1a: Genesect
|-resisted|p1a: Genesect
|-damage|p1a: Genesect|75/100
|move|p1a: Genesect|Iron Head|p2a: Arceus
|-crit|p2a: Arceus
|-damage|p2a: Arceus|0 fnt
|faint|p2a: Arceus
|
|-heal|p1a: Genesect|81/100|[from] item: Leftovers
|upkeep
|
|t:|1668315315
|switch|p2a: Ditto|Ditto, shiny|100/100
|-activate|p2a: Ditto|move: Sticky Web
|-unboost|p2a: Ditto|spe|1
|-transform|p2a: Ditto|p1a: Genesect|[from] ability: Imposter
|-ability|p2a: Ditto|Download|boost
|-boost|p2a: Ditto|atk|1
|turn|20
|
|t:|1668315320
|-start|p2a: Ditto|Dynamax|
|-heal|p2a: Ditto|100/100|[silent]
|move|p1a: Genesect|Iron Head|p2a: Ditto
|-resisted|p2a: Ditto
|-damage|p2a: Ditto|81/100
|move|p2a: Ditto|Max Steelspike|p1a: Genesect
|-resisted|p1a: Genesect
|-damage|p1a: Genesect|0 fnt
|-boost|p2a: Ditto|def|1
|faint|p1a: Genesect
|
|upkeep
|
|t:|1668315322
|switch|p1a: Volcarona|Volcarona, F|100/100
|turn|21
|
|t:|1668315326
|-start|p1a: Volcarona|Dynamax|
|-heal|p1a: Volcarona|100/100|[silent]
|move|p2a: Ditto|Max Strike|p1a: Volcarona
|-damage|p1a: Volcarona|61/100
|-unboost|p1a: Volcarona|spe|1
|move|p1a: Volcarona|Max Flare|p2a: Ditto
|-supereffective|p2a: Ditto
|-damage|p2a: Ditto|0 fnt
|-weather|SunnyDay
|faint|p2a: Ditto
|
|win|cheziqua
|raw|cheziqua's rating: 1651 &rarr; <strong>1685</strong><br />(+34 for winning)
|raw|DarkboiJ's rating: 1937 &rarr; <strong>1903</strong><br />(-34 for losing)
|l|☆DarkboiJ
|l|☆cheziqua
