|j|☆C0ld as Ice
|j|☆LaprasPlayer
|t:|1650437838
|gametype|singles
|player|p1|C0ld as Ice|schoolkid-gen4dp|
|player|p2|LaprasPlayer|richboy|
|teamsize|p1|6
|teamsize|p2|6
|gen|8
|tier|[Gen 8] National Dex AG
|rule|HP Percentage Mod: HP is shown in percentages
|rule|Endless Battle Clause: Forcing endless battles is banned
|clearpoke
|poke|p1|Calyrex-Shadow|
|poke|p1|Zacian-*|
|poke|p1|Marshadow|
|poke|p1|Xerneas-*|
|poke|p1|Necrozma-Dusk-Mane|
|poke|p1|Yveltal|
|poke|p2|Arceus-*|
|poke|p2|Chansey, F|
|poke|p2|Necrozma-Dusk-Mane|
|poke|p2|Zygarde|
|poke|p2|Yveltal|
|poke|p2|Zacian-*|
|teampreview
|inactive|Battle timer is ON: inactive players will automatically lose when time's up. (requested by C0ld as Ice)
|c|☆LaprasPlayer|hf
|c|☆C0ld as Ice|^^
|
|t:|1650437854
|start
|switch|p1a: Zacian|Zacian|100/100
|switch|p2a: Zygarde|Zygarde|100/100
|-ability|p1a: Zacian|Intrepid Sword|boost
|-boost|p1a: Zacian|atk|1
|turn|1
|j| ThePokemonAdviser
|
|t:|1650437869
|switch|p2a: Necrozma|Necrozma-Dusk-Mane|100/100
|move|p1a: Zacian|Swords Dance|p1a: Zacian
|-boost|p1a: Zacian|atk|2
|
|upkeep
|turn|2
|
|t:|1650437875
|-zpower|p1a: Zacian
|move|p1a: Zacian|Tectonic Rage|p2a: Necrozma|[zeffect]
|-supereffective|p2a: Necrozma
|-damage|p2a: Necrozma|1/100
|move|p2a: Necrozma|Sunsteel Strike|p1a: Zacian
|-supereffective|p1a: Zacian
|-damage|p1a: Zacian|1/100
|
|-heal|p2a: Necrozma|7/100|[from] item: Leftovers
|upkeep
|turn|3
|c|☆LaprasPlayer|WHAT
|c|☆C0ld as Ice|oh
|c|☆C0ld as Ice|so it has a chance to live
|c|☆C0ld as Ice|dang
|
|t:|1650437903
|move|p1a: Zacian|Play Rough|p2a: Necrozma
|-resisted|p2a: Necrozma
|-damage|p2a: Necrozma|0 fnt
|faint|p2a: Necrozma
|
|upkeep
|
|t:|1650437906
|switch|p2a: Arceus|Arceus-Water|100/100
|turn|4
|
|t:|1650437911
|-start|p2a: Arceus|Dynamax|
|-heal|p2a: Arceus|100/100|[silent]
|move|p1a: Zacian|Wild Charge|p2a: Arceus
|-supereffective|p2a: Arceus
|-damage|p2a: Arceus|61/100
|-damage|p1a: Zacian|0 fnt|[from] Recoil
|faint|p1a: Zacian
|move|p2a: Arceus|Max Hailstorm|p1: Zacian|[notarget]
|-fail|p2a: Arceus
|
|upkeep
|c|☆LaprasPlayer|Oh
|
|t:|1650437917
|switch|p1a: Xerneas|Xerneas|100/100
|-ability|p1a: Xerneas|Fairy Aura
|turn|5
|c|☆LaprasPlayer|Uh
|
|t:|1650437921
|move|p1a: Xerneas|Geomancy||[still]
|-prepare|p1a: Xerneas|Geomancy
|-enditem|p1a: Xerneas|Power Herb
|-anim|p1a: Xerneas|Geomancy|p1a: Xerneas
|-boost|p1a: Xerneas|spa|2
|-boost|p1a: Xerneas|spd|2
|-boost|p1a: Xerneas|spe|2
|move|p2a: Arceus|Max Hailstorm|p1a: Xerneas
|-damage|p1a: Xerneas|85/100
|-weather|Hail
|
|-weather|Hail|[upkeep]
|-damage|p1a: Xerneas|79/100|[from] Hail
|-damage|p2a: Arceus|58/100|[from] Hail
|upkeep
|turn|6
|
|t:|1650437926
|move|p2a: Arceus|Max Guard|p2a: Arceus
|-singleturn|p2a: Arceus|Max Guard
|move|p1a: Xerneas|Thunder|p2a: Arceus
|-activate|p2a: Arceus|move: Max Guard
|
|-weather|Hail|[upkeep]
|-damage|p1a: Xerneas|73/100|[from] Hail
|-damage|p2a: Arceus|55/100|[from] Hail
|-end|p2a: Arceus|Dynamax
|-heal|p2a: Arceus|55/100|[silent]
|upkeep
|turn|7
|
|t:|1650437930
|-start|p1a: Xerneas|Dynamax|
|-heal|p1a: Xerneas|73/100|[silent]
|move|p1a: Xerneas|Max Starfall|p2a: Arceus
|-damage|p2a: Arceus|0 fnt
|-fieldstart|move: Misty Terrain
|faint|p2a: Arceus
|
|-weather|Hail|[upkeep]
|-damage|p1a: Xerneas|69/100|[from] Hail
|upkeep
|
|t:|1650437934
|switch|p2a: Chansey|Chansey, F|100/100
|turn|8
|
|t:|1650437938
|move|p1a: Xerneas|Max Knuckle|p2a: Chansey
|-supereffective|p2a: Chansey
|-damage|p2a: Chansey|65/100
|-boost|p1a: Xerneas|atk|1
|move|p2a: Chansey|Confide|p1a: Xerneas
|-unboost|p1a: Xerneas|spa|1
|
|-weather|Hail|[upkeep]
|-damage|p1a: Xerneas|66/100|[from] Hail
|-damage|p2a: Chansey|59/100|[from] Hail
|upkeep
|turn|9
|
|t:|1650437942
|move|p1a: Xerneas|Max Knuckle|p2a: Chansey
|-supereffective|p2a: Chansey
|-damage|p2a: Chansey|6/100
|-boost|p1a: Xerneas|atk|1
|move|p2a: Chansey|Soft-Boiled|p2a: Chansey
|-heal|p2a: Chansey|56/100
|
|-weather|none
|-end|p1a: Xerneas|Dynamax
|-heal|p1a: Xerneas|66/100|[silent]
|upkeep
|turn|10
|
|t:|1650437947
|move|p1a: Xerneas|Close Combat|p2a: Chansey
|-supereffective|p2a: Chansey
|-damage|p2a: Chansey|0 fnt
|-unboost|p1a: Xerneas|def|1
|-unboost|p1a: Xerneas|spd|1
|faint|p2a: Chansey
|
|upkeep
|
|t:|1650437950
|switch|p2a: Zacian|Zacian-Crowned|100/100
|-ability|p2a: Zacian|Intrepid Sword|boost
|-boost|p2a: Zacian|atk|1
|turn|11
|
|t:|1650437953
|move|p1a: Xerneas|Thunder|p2a: Zacian|[miss]
|-miss|p1a: Xerneas|p2a: Zacian
|move|p2a: Zacian|Behemoth Blade|p1a: Xerneas
|-supereffective|p1a: Xerneas
|-damage|p1a: Xerneas|0 fnt
|faint|p1a: Xerneas
|
|-fieldend|Misty Terrain
|upkeep
|c|☆LaprasPlayer|Phew
|c|☆C0ld as Ice|oof
|
|t:|1650437972
|switch|p1a: Necrozma|Necrozma-Dusk-Mane|100/100
|turn|12
|l| ThePokemonAdviser
|
|t:|1650437977
|switch|p2a: Zygarde|Zygarde|100/100
|switch|p1a: Marshadow|Marshadow|100/100
|
|upkeep
|turn|13
|
|t:|1650437980
|move|p1a: Marshadow|Will-O-Wisp|p2a: Zygarde
|-status|p2a: Zygarde|brn
|move|p2a: Zygarde|Dragon Tail|p1a: Marshadow
|-damage|p1a: Marshadow|85/100
|drag|p1a: Calyrex|Calyrex-Shadow|100/100
|-ability|p1a: Calyrex|As One
|-ability|p1a: Calyrex|Unnerve
|
|-damage|p2a: Zygarde|94/100 brn|[from] brn
|upkeep
|turn|14
|
|t:|1650437984
|switch|p1a: Marshadow|Marshadow|85/100
|move|p2a: Zygarde|Dragon Tail|p1a: Marshadow
|-damage|p1a: Marshadow|70/100
|drag|p1a: Necrozma|Necrozma-Dusk-Mane|100/100
|
|-heal|p2a: Zygarde|100/100 brn|[from] item: Leftovers
|-damage|p2a: Zygarde|94/100 brn|[from] brn
|upkeep
|turn|15
|
|t:|1650437986
|switch|p1a: Marshadow|Marshadow|70/100
|move|p2a: Zygarde|Substitute|p2a: Zygarde
|-start|p2a: Zygarde|Substitute
|-damage|p2a: Zygarde|70/100 brn
|
|-heal|p2a: Zygarde|76/100 brn|[from] item: Leftovers
|-damage|p2a: Zygarde|70/100 brn|[from] brn
|upkeep
|turn|16
|
|t:|1650437990
|move|p1a: Marshadow|Drain Punch|p2a: Zygarde
|-end|p2a: Zygarde|Substitute
|-heal|p1a: Marshadow|86/100|[from] drain|[of] p2a: Zygarde
|-damage|p1a: Marshadow|76/100|[from] item: Life Orb
|move|p2a: Zygarde|Thousand Arrows|p1a: Marshadow
|-damage|p1a: Marshadow|53/100
|
|-heal|p2a: Zygarde|76/100 brn|[from] item: Leftovers
|-damage|p2a: Zygarde|70/100 brn|[from] brn
|upkeep
|turn|17
|
|t:|1650437994
|move|p1a: Marshadow|Drain Punch|p2a: Zygarde
|-crit|p2a: Zygarde
|-damage|p2a: Zygarde|16/100 brn
|-heal|p1a: Marshadow|87/100|[from] drain|[of] p2a: Zygarde
|-damage|p1a: Marshadow|77/100|[from] item: Life Orb
|move|p2a: Zygarde|Thousand Arrows|p1a: Marshadow
|-damage|p1a: Marshadow|54/100
|
|-heal|p2a: Zygarde|22/100 brn|[from] item: Leftovers
|-damage|p2a: Zygarde|16/100 brn|[from] brn
|-activate|p2a: Zygarde|ability: Power Construct
|detailschange|p2a: Zygarde|Zygarde-Complete
|-heal|p2a: Zygarde|45/100 brn|[silent]
|upkeep
|turn|18
|
|t:|1650438003
|move|p1a: Marshadow|Bulk Up|p1a: Marshadow
|-boost|p1a: Marshadow|atk|1
|-boost|p1a: Marshadow|def|1
|move|p2a: Zygarde|Thousand Arrows|p1a: Marshadow
|-damage|p1a: Marshadow|39/100
|
|-heal|p2a: Zygarde|51/100 brn|[from] item: Leftovers
|-damage|p2a: Zygarde|45/100 brn|[from] brn
|upkeep
|turn|19
|
|t:|1650438005
|switch|p2a: Zacian|Zacian-Crowned|100/100
|-ability|p2a: Zacian|Intrepid Sword|boost
|-boost|p2a: Zacian|atk|1
|move|p1a: Marshadow|Drain Punch|p2a: Zacian
|-damage|p2a: Zacian|32/100
|-heal|p1a: Marshadow|74/100|[from] drain|[of] p2a: Zacian
|-damage|p1a: Marshadow|64/100|[from] item: Life Orb
|
|upkeep
|turn|20
|
|t:|1650438008
|move|p1a: Marshadow|Shadow Sneak|p2a: Zacian
|-damage|p2a: Zacian|0 fnt
|faint|p2a: Zacian
|-damage|p1a: Marshadow|54/100|[from] item: Life Orb
|
|upkeep
|l|☆LaprasPlayer
|inactive|LaprasPlayer disconnected and has 300 seconds to reconnect!
|player|p2|
|c|☆C0ld as Ice|I-
|inactive|LaprasPlayer has 270 seconds to reconnect!
|inactive|LaprasPlayer has 240 seconds to reconnect!
|inactive|LaprasPlayer has 210 seconds to reconnect!
|inactive|LaprasPlayer has 180 seconds to reconnect!
|inactive|LaprasPlayer has 150 seconds to reconnect!
|inactive|LaprasPlayer has 120 seconds to reconnect!
|inactive|LaprasPlayer has 90 seconds to reconnect!
|inactive|LaprasPlayer has 60 seconds to reconnect!
|inactive|LaprasPlayer has 30 seconds to reconnect!
|inactive|LaprasPlayer has 20 seconds to reconnect!
|inactive|LaprasPlayer has 15 seconds to reconnect!
|inactive|LaprasPlayer has 10 seconds to reconnect!
|inactive|LaprasPlayer has 5 seconds to reconnect!
|-message|LaprasPlayer lost due to inactivity.
|
|win|C0ld as Ice
|j| Opnoob 598
|c| Opnoob 598|Lol
|c|☆C0ld as Ice|chansey being pummeled is so satisfying o-o
