|j|☆AdamHaziq
|j|☆Tomo uchia
|t:|1652673173
|gametype|singles
|player|p1|AdamHaziq|unknown|1570
|player|p2|Tomo uchia|caitlin|1618
|teamsize|p1|6
|teamsize|p2|6
|gen|8
|tier|[Gen 8] National Dex AG
|rated|
|rule|HP Percentage Mod: HP is shown in percentages
|rule|Endless Battle Clause: Forcing endless battles is banned
|clearpoke
|poke|p1|Blaziken, F|
|poke|p1|Calyrex-Shadow|
|poke|p1|Zacian-*|
|poke|p1|Ditto|
|poke|p1|Marshadow|
|poke|p1|Breloom, F|
|poke|p2|Kyogre|
|poke|p2|Groudon|
|poke|p2|Zacian-*|
|poke|p2|Arceus-*|
|poke|p2|Ditto|
|poke|p2|Calyrex-Shadow|
|teampreview
|inactive|Battle timer is ON: inactive players will automatically lose when time's up. (requested by AdamHaziq)
|j| FlowerBotBeep
|
|t:|1652673179
|start
|switch|p1a: Blaziken|Blaziken, F|100/100
|switch|p2a: Groudon|Groudon|100/100
|detailschange|p2a: Groudon|Groudon-Primal
|-primal|p2a: Groudon
|-weather|DesolateLand|[from] ability: Desolate Land|[of] p2a: Groudon
|turn|1
|
|t:|1652673182
|move|p1a: Blaziken|Protect|p1a: Blaziken
|-singleturn|p1a: Blaziken|Protect
|move|p2a: Groudon|Stealth Rock|p1a: Blaziken
|-sidestart|p1: AdamHaziq|move: Stealth Rock
|
|-weather|DesolateLand|[upkeep]
|-ability|p1a: Blaziken|Speed Boost|boost
|-boost|p1a: Blaziken|spe|1
|upkeep
|turn|2
|
|t:|1652673188
|move|p1a: Blaziken|Swords Dance|p1a: Blaziken
|-boost|p1a: Blaziken|atk|2
|move|p2a: Groudon|Precipice Blades|p1a: Blaziken
|-supereffective|p1a: Blaziken
|-enditem|p1a: Blaziken|Focus Sash
|-damage|p1a: Blaziken|1/100
|
|-weather|DesolateLand|[upkeep]
|-ability|p1a: Blaziken|Speed Boost|boost
|-boost|p1a: Blaziken|spe|1
|upkeep
|turn|3
|
|t:|1652673194
|move|p1a: Blaziken|Protect|p1a: Blaziken
|-singleturn|p1a: Blaziken|Protect
|move|p2a: Groudon|Fire Punch|p1a: Blaziken
|-activate|p1a: Blaziken|move: Protect
|
|-weather|DesolateLand|[upkeep]
|-ability|p1a: Blaziken|Speed Boost|boost
|-boost|p1a: Blaziken|spe|1
|upkeep
|turn|4
|
|t:|1652673200
|move|p1a: Blaziken|Baton Pass|p1a: Blaziken
|
|t:|1652673213
|switch|p1a: Marshadow|Marshadow|100/100|[from]move: Baton Pass
|-damage|p1a: Marshadow|94/100|[from] Stealth Rock
|move|p2a: Groudon|Fire Punch|p1a: Marshadow
|-damage|p1a: Marshadow|0 fnt
|faint|p1a: Marshadow
|
|-weather|DesolateLand|[upkeep]
|upkeep
|
|t:|1652673219
|switch|p1a: Calyrex|Calyrex-Shadow|100/100
|-ability|p1a: Calyrex|As One
|-ability|p1a: Calyrex|Unnerve
|-damage|p1a: Calyrex|88/100|[from] Stealth Rock
|turn|5
|
|t:|1652673224
|-start|p1a: Calyrex|Dynamax|
|-heal|p1a: Calyrex|88/100|[silent]
|move|p1a: Calyrex|Max Phantasm|p2a: Groudon
|-crit|p2a: Groudon
|-damage|p2a: Groudon|0 fnt
|faint|p2a: Groudon
|-weather|none
|-ability|p1a: Calyrex|Grim Neigh|boost
|-boost|p1a: Calyrex|spa|1
|
|upkeep
|
|t:|1652673228
|switch|p2a: Sus|Ditto|100/100
|-transform|p2a: Sus|p1a: Calyrex|[from] ability: Imposter
|turn|6
|
|t:|1652673233
|move|p2a: Sus|Astral Barrage|p1a: Calyrex
|-supereffective|p1a: Calyrex
|-damage|p1a: Calyrex|0 fnt
|faint|p1a: Calyrex
|-ability|p2a: Sus|Grim Neigh|boost
|-boost|p2a: Sus|spa|1
|
|upkeep
|
|t:|1652673238
|switch|p1a: Zacian|Zacian-Crowned|100/100
|-damage|p1a: Zacian|94/100|[from] Stealth Rock
|-ability|p1a: Zacian|Intrepid Sword|boost
|-boost|p1a: Zacian|atk|1
|turn|7
|-message|AdamHaziq forfeited.
|
|win|Tomo uchia
|raw|AdamHaziq's rating: 1570 &rarr; <strong>1553</strong><br />(-17 for losing)
|raw|Tomo uchia's rating: 1618 &rarr; <strong>1635</strong><br />(+17 for winning)
|l|☆AdamHaziq
|l| FlowerBotBeep
