|j|☆TrivagoGuy
|j|☆Its me shanks
|t:|1667492176
|gametype|singles
|player|p1|TrivagoGuy|ruinmaniac|1526
|player|p2|Its me shanks|yellow|1772
|teamsize|p1|6
|teamsize|p2|6
|gen|8
|tier|[Gen 8] National Dex AG
|rated|
|rule|HP Percentage Mod: HP is shown in percentages
|rule|Endless Battle Clause: Forcing endless battles is banned
|clearpoke
|poke|p1|Girafarig, M|
|poke|p1|Deoxys-Attack|
|poke|p1|Zekrom|
|poke|p1|Eternatus|
|poke|p1|Arceus-*|
|poke|p1|Necrozma-Dawn-Wings|
|poke|p2|Arceus-*|
|poke|p2|Necrozma-Dusk-Mane|
|poke|p2|Yveltal|
|poke|p2|Calyrex-Shadow|
|poke|p2|Lugia|
|poke|p2|Rayquaza|
|teampreview
|
|t:|1667492186
|start
|switch|p1a: Arceus|Arceus-Poison|100/100
|switch|p2a: i created ag|Rayquaza|100/100
|-ability|p2a: i created ag|Air Lock
|turn|1
|
|t:|1667492194
|detailschange|p2a: i created ag|Rayquaza-Mega
|-mega|p2a: i created ag|Rayquaza|
|-weather|DeltaStream|[from] ability: Delta Stream|[of] p2a: i created ag
|move|p2a: i created ag|Dragon Ascent|p1a: Arceus
|-damage|p1a: Arceus|17/100
|-unboost|p2a: i created ag|def|1
|-unboost|p2a: i created ag|spd|1
|-zpower|p1a: Arceus
|move|p1a: Arceus|Acid Downpour|p2a: i created ag|[zeffect]
|-crit|p2a: i created ag
|-damage|p2a: i created ag|0 fnt
|faint|p2a: i created ag
|-weather|none
|
|upkeep
|
|t:|1667492205
|switch|p2a: Arceus|Arceus-Ground|100/100
|turn|2
|inactive|Battle timer is ON: inactive players will automatically lose when time's up. (requested by Its me shanks)
|
|t:|1667492213
|move|p1a: Arceus|Magic Coat|p1a: Arceus
|-singleturn|p1a: Arceus|move: Magic Coat
|move|p2a: Arceus|Swords Dance|p2a: Arceus
|-boost|p2a: Arceus|atk|2
|
|upkeep
|turn|3
|j| Buck is Stallish
|
|t:|1667492219
|-start|p2a: Arceus|Dynamax|
|-heal|p2a: Arceus|100/100|[silent]
|move|p2a: Arceus|Max Rockfall|p1a: Arceus
|-damage|p1a: Arceus|0 fnt
|-weather|Sandstorm
|faint|p1a: Arceus
|
|-weather|Sandstorm|[upkeep]
|upkeep
|
|t:|1667492231
|switch|p1a: Necrozma|Necrozma-Dawn-Wings|100/100
|turn|4
|
|t:|1667492236
|move|p2a: Arceus|Max Rockfall|p1a: Necrozma
|-damage|p1a: Necrozma|37/100
|move|p1a: Necrozma|Autotomize|p1a: Necrozma
|-boost|p1a: Necrozma|spe|2
|-start|p1a: Necrozma|Autotomize
|
|-weather|Sandstorm|[upkeep]
|-damage|p1a: Necrozma|31/100|[from] Sandstorm
|upkeep
|turn|5
|
|t:|1667492248
|detailschange|p1a: Necrozma|Necrozma-Ultra
|-burst|p1a: Necrozma|Necrozma|Ultranecrozium Z
|move|p1a: Necrozma|Photon Geyser|p2a: Arceus
|-damage|p2a: Arceus|74/100
|move|p2a: Arceus|Max Quake|p1a: Necrozma
|-damage|p1a: Necrozma|0 fnt
|-boost|p2a: Arceus|spd|1
|faint|p1a: Necrozma
|
|-weather|Sandstorm|[upkeep]
|upkeep
|c|☆Its me shanks|hello buck
|
|t:|1667492263
|switch|p1a: Deoxys|Deoxys-Attack|100/100
|-ability|p1a: Deoxys|Pressure
|-end|p2a: Arceus|Dynamax
|-heal|p2a: Arceus|74/100|[silent]
|turn|6
|
|t:|1667492270
|move|p2a: Arceus|Extreme Speed|p1a: Deoxys
|-enditem|p1a: Deoxys|Focus Sash
|-damage|p1a: Deoxys|1/100
|move|p1a: Deoxys|Psycho Boost|p2a: Arceus
|-damage|p2a: Arceus|29/100
|-unboost|p1a: Deoxys|spa|2
|
|-weather|Sandstorm|[upkeep]
|-damage|p1a: Deoxys|0 fnt|[from] Sandstorm
|faint|p1a: Deoxys
|upkeep
|
|t:|1667492277
|switch|p1a: CalyrexObliterator|Girafarig, M|100/100
|turn|7
|
|t:|1667492289
|move|p2a: Arceus|Earthquake|p1a: CalyrexObliterator
|-enditem|p1a: CalyrexObliterator|Focus Sash
|-damage|p1a: CalyrexObliterator|1/100
|move|p1a: CalyrexObliterator|Foul Play|p2a: Arceus
|-damage|p2a: Arceus|0 fnt
|faint|p2a: Arceus
|
|-weather|none
|upkeep
|
|t:|1667492298
|switch|p2a: Mega mind|Calyrex-Shadow|100/100
|-ability|p2a: Mega mind|As One
|-ability|p2a: Mega mind|Unnerve
|turn|8
|
|t:|1667492302
|move|p1a: CalyrexObliterator|Sucker Punch|p2a: Mega mind
|-supereffective|p2a: Mega mind
|-damage|p2a: Mega mind|20/100
|move|p2a: Mega mind|Pollen Puff|p1a: CalyrexObliterator
|-supereffective|p1a: CalyrexObliterator
|-damage|p1a: CalyrexObliterator|0 fnt
|faint|p1a: CalyrexObliterator
|-ability|p2a: Mega mind|Grim Neigh|boost
|-boost|p2a: Mega mind|spa|1
|
|upkeep
|
|t:|1667492309
|switch|p1a: Eternatus|Eternatus|100/100
|-ability|p1a: Eternatus|Pressure
|turn|9
|
|t:|1667492319
|move|p2a: Mega mind|Astral Barrage|p1a: Eternatus
|-damage|p1a: Eternatus|47/100
|move|p1a: Eternatus|Mystical Fire|p2a: Mega mind
|-damage|p2a: Mega mind|0 fnt
|faint|p2a: Mega mind
|
|upkeep
|
|t:|1667492329
|switch|p2a: Neptune|Necrozma-Dusk-Mane|100/100
|turn|10
|
|t:|1667492334
|move|p1a: Eternatus|Shadow Ball|p2a: Neptune
|-supereffective|p2a: Neptune
|-damage|p2a: Neptune|63/100
|move|p2a: Neptune|Knock Off|p1a: Eternatus
|-damage|p1a: Eternatus|21/100
|-enditem|p1a: Eternatus|Assault Vest|[from] move: Knock Off|[of] p2a: Neptune
|
|upkeep
|turn|11
|
|t:|1667492341
|move|p1a: Eternatus|Shadow Ball|p2a: Neptune
|-supereffective|p2a: Neptune
|-damage|p2a: Neptune|27/100
|move|p2a: Neptune|Thunder Wave|p1a: Eternatus
|-status|p1a: Eternatus|par
|
|upkeep
|turn|12
|
|t:|1667492348
|move|p2a: Neptune|Moonlight|p2a: Neptune
|-heal|p2a: Neptune|77/100
|move|p1a: Eternatus|Shadow Ball|p2a: Neptune
|-supereffective|p2a: Neptune
|-damage|p2a: Neptune|36/100
|
|upkeep
|turn|13
|
|t:|1667492351
|switch|p1a: Zekrom|Zekrom|100/100
|-ability|p1a: Zekrom|Teravolt
|move|p2a: Neptune|Moonlight|p2a: Neptune
|-heal|p2a: Neptune|86/100
|
|upkeep
|turn|14
|
|t:|1667492356
|move|p1a: Zekrom|Dragon Dance|p1a: Zekrom
|-boost|p1a: Zekrom|atk|1
|-boost|p1a: Zekrom|spe|1
|move|p2a: Neptune|Knock Off|p1a: Zekrom
|-damage|p1a: Zekrom|71/100
|-enditem|p1a: Zekrom|Roseli Berry|[from] move: Knock Off|[of] p2a: Neptune
|
|upkeep
|turn|15
|
|t:|1667492366
|-start|p1a: Zekrom|Dynamax|
|-heal|p1a: Zekrom|71/100|[silent]
|move|p1a: Zekrom|Max Lightning|p2a: Neptune
|-damage|p2a: Neptune|17/100
|-fieldstart|move: Electric Terrain
|move|p2a: Neptune|Knock Off|p1a: Zekrom
|-damage|p1a: Zekrom|62/100
|
|upkeep
|turn|16
|
|t:|1667492377
|move|p1a: Zekrom|Max Lightning|p2a: Neptune
|-damage|p2a: Neptune|0 fnt
|faint|p2a: Neptune
|
|upkeep
|
|t:|1667492383
|switch|p2a: Wow|Lugia|100/100
|turn|17
|
|t:|1667492386
|move|p1a: Zekrom|Max Lightning|p2a: Wow
|-supereffective|p2a: Wow
|-damage|p2a: Wow|0 fnt
|faint|p2a: Wow
|
|upkeep
|
|t:|1667492391
|switch|p2a: Bloodbath|Yveltal|100/100
|-ability|p2a: Bloodbath|Dark Aura
|-end|p1a: Zekrom|Dynamax
|-heal|p1a: Zekrom|62/100|[silent]
|turn|18
|c|☆Its me shanks|gg
|
|t:|1667492400
|move|p2a: Bloodbath|Sucker Punch||[still]
|-fail|p2a: Bloodbath
|move|p1a: Zekrom|Roost|p1a: Zekrom
|-heal|p1a: Zekrom|100/100
|-singleturn|p1a: Zekrom|move: Roost
|
|upkeep
|turn|19
|c|☆TrivagoGuy|Gg
|
|t:|1667492407
|move|p1a: Zekrom|Bolt Strike|p2a: Bloodbath|[miss]
|-miss|p1a: Zekrom|p2a: Bloodbath
|move|p2a: Bloodbath|Dark Pulse|p1a: Zekrom
|-damage|p1a: Zekrom|32/100
|-damage|p2a: Bloodbath|91/100|[from] item: Life Orb
|
|-fieldend|move: Electric Terrain
|upkeep
|turn|20
|
|t:|1667492415
|move|p2a: Bloodbath|Sucker Punch||[still]
|-fail|p2a: Bloodbath
|move|p1a: Zekrom|Roost|p1a: Zekrom
|-heal|p1a: Zekrom|82/100
|-singleturn|p1a: Zekrom|move: Roost
|
|upkeep
|turn|21
|
|t:|1667492421
|move|p1a: Zekrom|Bolt Strike|p2a: Bloodbath
|-supereffective|p2a: Bloodbath
|-crit|p2a: Bloodbath
|-damage|p2a: Bloodbath|0 fnt
|faint|p2a: Bloodbath
|
|win|TrivagoGuy
|raw|TrivagoGuy's rating: 1526 &rarr; <strong>1558</strong><br />(+32 for winning)
|raw|Its me shanks's rating: 1772 &rarr; <strong>1740</strong><br />(-32 for losing)
|l|☆Its me shanks
|j| luisYR_a
|l| luisYR_a
||Ladder isn't responding, score probably updated but might not have (Request timeout).
