|j|☆Jojoestar belmont
|j|☆CircusHop
|t:|1665021644
|gametype|singles
|player|p1|Jojoestar belmont|waiter|1305
|player|p2|CircusHop|cheren-gen5bw2|1256
|teamsize|p1|6
|teamsize|p2|6
|gen|8
|tier|[Gen 8] National Dex AG
|rated|
|rule|HP Percentage Mod: HP is shown in percentages
|rule|Endless Battle Clause: Forcing endless battles is banned
|clearpoke
|poke|p1|Scizor, M|
|poke|p1|Clefable, F|
|poke|p1|Komala, M|
|poke|p1|Kommo-o, M|
|poke|p1|Shuckle, F|
|poke|p1|Ditto|
|poke|p2|Necrozma-Dusk-Mane|
|poke|p2|Jirachi|
|poke|p2|Volcarona, M|
|poke|p2|Donphan, F|
|poke|p2|Scolipede, F|
|poke|p2|Linoone-Galar, F|
|teampreview
|
|t:|1665021648
|start
|switch|p1a: Dwayne Johnson|Shuckle, F|100/100
|switch|p2a: Donphan|Donphan, F|100/100
|turn|1
|
|t:|1665021652
|move|p2a: Donphan|Stealth Rock|p1a: Dwayne Johnson
|-sidestart|p1: Jojoestar belmont|move: Stealth Rock
|move|p1a: Dwayne Johnson|Sticky Web|p2a: Donphan
|-sidestart|p2: CircusHop|move: Sticky Web
|
|upkeep
|turn|2
|
|t:|1665021656
|move|p2a: Donphan|Rapid Spin|p1a: Dwayne Johnson
|-resisted|p1a: Dwayne Johnson
|-damage|p1a: Dwayne Johnson|96/100
|-boost|p2a: Donphan|spe|1
|-damage|p2a: Donphan|84/100|[from] item: Rocky Helmet|[of] p1a: Dwayne Johnson
|-sideend|p2: CircusHop|Sticky Web|[from] move: Rapid Spin|[of] p2a: Donphan
|move|p1a: Dwayne Johnson|Stealth Rock|p2a: Donphan
|-sidestart|p2: CircusHop|move: Stealth Rock
|
|-heal|p2a: Donphan|90/100|[from] item: Leftovers
|upkeep
|turn|3
|
|t:|1665021662
|move|p2a: Donphan|Earthquake|p1a: Dwayne Johnson
|-damage|p1a: Dwayne Johnson|68/100
|move|p1a: Dwayne Johnson|Toxic|p2a: Donphan|[miss]
|-miss|p1a: Dwayne Johnson|p2a: Donphan
|
|-heal|p2a: Donphan|96/100|[from] item: Leftovers
|upkeep
|turn|4
|
|t:|1665021669
|move|p2a: Donphan|Rapid Spin|p1a: Dwayne Johnson
|-resisted|p1a: Dwayne Johnson
|-damage|p1a: Dwayne Johnson|63/100
|-boost|p2a: Donphan|spe|1
|-damage|p2a: Donphan|80/100|[from] item: Rocky Helmet|[of] p1a: Dwayne Johnson
|-sideend|p2: CircusHop|Stealth Rock|[from] move: Rapid Spin|[of] p2a: Donphan
|move|p1a: Dwayne Johnson|Knock Off|p2a: Donphan
|-damage|p2a: Donphan|76/100
|-enditem|p2a: Donphan|Leftovers|[from] move: Knock Off|[of] p1a: Dwayne Johnson
|
|upkeep
|turn|5
|
|t:|1665021678
|move|p2a: Donphan|Earthquake|p1a: Dwayne Johnson
|-crit|p1a: Dwayne Johnson
|-damage|p1a: Dwayne Johnson|20/100
|move|p1a: Dwayne Johnson|Toxic|p2a: Donphan
|-status|p2a: Donphan|tox
|
|-damage|p2a: Donphan|70/100 tox|[from] psn
|upkeep
|turn|6
|
|t:|1665021683
|move|p2a: Donphan|Earthquake|p1a: Dwayne Johnson
|-damage|p1a: Dwayne Johnson|0 fnt
|faint|p1a: Dwayne Johnson
|
|-damage|p2a: Donphan|58/100 tox|[from] psn
|upkeep
|
|t:|1665021688
|switch|p1a: Red patriot|Scizor, M|100/100
|-damage|p1a: Red patriot|88/100|[from] Stealth Rock
|turn|7
|
|t:|1665021694
|detailschange|p1a: Red patriot|Scizor-Mega, M
|-mega|p1a: Red patriot|Scizor|Scizorite
|move|p2a: Donphan|Earthquake|p1a: Red patriot
|-crit|p1a: Red patriot
|-damage|p1a: Red patriot|45/100
|move|p1a: Red patriot|Swords Dance|p1a: Red patriot
|-boost|p1a: Red patriot|atk|2
|
|-damage|p2a: Donphan|40/100 tox|[from] psn
|upkeep
|turn|8
|
|t:|1665021706
|move|p1a: Red patriot|Bullet Punch|p2a: Donphan
|-damage|p2a: Donphan|0 fnt
|faint|p2a: Donphan
|
|upkeep
|
|t:|1665021712
|switch|p2a: Volcarona|Volcarona, M|100/100
|turn|9
|
|t:|1665021716
|move|p1a: Red patriot|Bullet Punch|p2a: Volcarona
|-resisted|p2a: Volcarona
|-damage|p2a: Volcarona|42/100
|move|p2a: Volcarona|Fiery Dance|p1a: Red patriot
|-supereffective|p1a: Red patriot
|-damage|p1a: Red patriot|0 fnt
|-boost|p2a: Volcarona|spa|1
|faint|p1a: Red patriot
|
|upkeep
|
|t:|1665021721
|switch|p1a: Kommo-orade|Kommo-o, M|100/100
|-damage|p1a: Kommo-orade|94/100|[from] Stealth Rock
|turn|10
|
|t:|1665021727
|move|p2a: Volcarona|Fiery Dance|p1a: Kommo-orade
|-resisted|p1a: Kommo-orade
|-damage|p1a: Kommo-orade|48/100
|-boost|p2a: Volcarona|spa|1
|-zpower|p1a: Kommo-orade
|move|p1a: Kommo-orade|Clangorous Soulblaze|p2a: Volcarona|[zeffect]
|-damage|p2a: Volcarona|0 fnt
|faint|p2a: Volcarona
|-boost|p1a: Kommo-orade|atk|1
|-boost|p1a: Kommo-orade|def|1
|-boost|p1a: Kommo-orade|spa|1
|-boost|p1a: Kommo-orade|spd|1
|-boost|p1a: Kommo-orade|spe|1
|
|upkeep
|
|t:|1665021739
|switch|p2a: Scolipede|Scolipede, F|100/100
|turn|11
|
|t:|1665021744
|move|p1a: Kommo-orade|Dragon Claw|p2a: Scolipede
|-damage|p2a: Scolipede|31/100
|move|p2a: Scolipede|Swords Dance|p2a: Scolipede
|-boost|p2a: Scolipede|atk|2
|
|-heal|p2a: Scolipede|37/100|[from] item: Leftovers
|-ability|p2a: Scolipede|Speed Boost|boost
|-boost|p2a: Scolipede|spe|1
|upkeep
|turn|12
|
|t:|1665021752
|move|p2a: Scolipede|Protect|p2a: Scolipede
|-singleturn|p2a: Scolipede|Protect
|move|p1a: Kommo-orade|Dragon Claw|p2a: Scolipede
|-activate|p2a: Scolipede|move: Protect
|
|-heal|p2a: Scolipede|43/100|[from] item: Leftovers
|-ability|p2a: Scolipede|Speed Boost|boost
|-boost|p2a: Scolipede|spe|1
|upkeep
|turn|13
|
|t:|1665021756
|move|p2a: Scolipede|Baton Pass|p2a: Scolipede
|
|t:|1665021757
|switch|p2a: Jirachi|Jirachi|100/100|[from]move: Baton Pass
|move|p1a: Kommo-orade|Dragon Claw|p2a: Jirachi
|-resisted|p2a: Jirachi
|-damage|p2a: Jirachi|71/100
|
|upkeep
|turn|14
|
|t:|1665021762
|move|p2a: Jirachi|Stored Power|p1a: Kommo-orade
|-supereffective|p1a: Kommo-orade
|-damage|p1a: Kommo-orade|0 fnt
|faint|p1a: Kommo-orade
|
|upkeep
|
|t:|1665021766
|switch|p1a: Ditto|Ditto|100/100
|-damage|p1a: Ditto|88/100|[from] Stealth Rock
|-transform|p1a: Ditto|p2a: Jirachi|[from] ability: Imposter
|turn|15
|
|t:|1665021780
|move|p1a: Ditto|Stored Power|p2a: Jirachi
|-resisted|p2a: Jirachi
|-damage|p2a: Jirachi|59/100
|move|p2a: Jirachi|Body Slam|p1a: Ditto
|-resisted|p1a: Ditto
|-damage|p1a: Ditto|64/100
|-status|p1a: Ditto|par
|
|upkeep
|turn|16
|-message|Jojoestar belmont forfeited.
|
|win|CircusHop
|raw|Jojoestar belmont's rating: 1305 &rarr; <strong>1282</strong><br />(-23 for losing)
|raw|CircusHop's rating: 1256 &rarr; <strong>1285</strong><br />(+29 for winning)
|l|☆Jojoestar belmont
||Ladder isn't responding, score probably updated but might not have (Request timeout).
