|j|☆Daddy cayde
|j|☆they call me mlg
|t:|1661523905
|gametype|singles
|player|p1|Daddy cayde|bruno|1339
|player|p2|they call me mlg|wallace|1453
|teamsize|p1|6
|teamsize|p2|6
|gen|8
|tier|[Gen 8] National Dex AG
|rated|
|rule|HP Percentage Mod: HP is shown in percentages
|rule|Endless Battle Clause: Forcing endless battles is banned
|clearpoke
|poke|p1|Calyrex-Shadow|
|poke|p1|Amoonguss, F|
|poke|p1|Lugia|
|poke|p1|Urshifu-*, M|
|poke|p1|Marshadow|
|poke|p1|Kyogre|
|poke|p2|Gothitelle, F|
|poke|p2|Slowbro, M|
|poke|p2|Slowbro, F|
|poke|p2|Slowbro, M|
|poke|p2|Slowbro, M|
|poke|p2|Slowbro, M|
|teampreview
|inactive|Battle timer is ON: inactive players will automatically lose when time's up. (requested by Daddy cayde)
|inactive|they call me mlg also wants the timer to be on.
|
|t:|1661523922
|start
|switch|p1a: Urshifu|Urshifu, M|100/100
|switch|p2a: Slowbro|Slowbro, M|100/100
|turn|1
|
|t:|1661523927
|move|p1a: Urshifu|Wicked Blow|p2a: Slowbro
|-supereffective|p2a: Slowbro
|-crit|p2a: Slowbro
|-damage|p2a: Slowbro|10/100
|move|p2a: Slowbro|Slack Off|p2a: Slowbro
|-heal|p2a: Slowbro|60/100
|
|upkeep
|turn|2
|
|t:|1661523931
|move|p1a: Urshifu|Wicked Blow|p2a: Slowbro
|-supereffective|p2a: Slowbro
|-crit|p2a: Slowbro
|-damage|p2a: Slowbro|0 fnt
|faint|p2a: Slowbro
|
|upkeep
|
|t:|1661523934
|switch|p2a: Gothitelle|Gothitelle, F|100/100
|turn|3
|
|t:|1661523940
|move|p1a: Urshifu|Wicked Blow|p2a: Gothitelle
|-supereffective|p2a: Gothitelle
|-crit|p2a: Gothitelle
|-damage|p2a: Gothitelle|0 fnt
|faint|p2a: Gothitelle
|
|upkeep
|
|t:|1661523943
|switch|p2a: Slowbro|Slowbro, F|100/100
|turn|4
|
|t:|1661523946
|move|p1a: Urshifu|Wicked Blow|p2a: Slowbro
|-supereffective|p2a: Slowbro
|-crit|p2a: Slowbro
|-damage|p2a: Slowbro|15/100
|move|p2a: Slowbro|Slack Off|p2a: Slowbro
|-heal|p2a: Slowbro|65/100
|
|upkeep
|turn|5
|
|t:|1661523951
|move|p1a: Urshifu|Wicked Blow|p2a: Slowbro
|-supereffective|p2a: Slowbro
|-crit|p2a: Slowbro
|-damage|p2a: Slowbro|0 fnt
|faint|p2a: Slowbro
|
|upkeep
|
|t:|1661523957
|switch|p2a: Slowbro|Slowbro, M|100/100
|turn|6
|
|t:|1661523960
|move|p1a: Urshifu|Wicked Blow|p2a: Slowbro
|-supereffective|p2a: Slowbro
|-crit|p2a: Slowbro
|-damage|p2a: Slowbro|9/100
|move|p2a: Slowbro|Slack Off|p2a: Slowbro
|-heal|p2a: Slowbro|59/100
|
|upkeep
|turn|7
|
|t:|1661523963
|move|p1a: Urshifu|Wicked Blow|p2a: Slowbro
|-supereffective|p2a: Slowbro
|-crit|p2a: Slowbro
|-damage|p2a: Slowbro|0 fnt
|faint|p2a: Slowbro
|
|upkeep
|
|t:|1661523964
|switch|p2a: Slowbro|Slowbro, M|100/100
|turn|8
|
|t:|1661523966
|move|p1a: Urshifu|Wicked Blow|p2a: Slowbro
|-supereffective|p2a: Slowbro
|-crit|p2a: Slowbro
|-damage|p2a: Slowbro|4/100
|move|p2a: Slowbro|Block|p1a: Urshifu
|-activate|p1a: Urshifu|trapped
|
|upkeep
|turn|9
|
|t:|1661523976
|-activate|p1a: Urshifu|move: Struggle
|move|p1a: Urshifu|Struggle|p2a: Slowbro
|-damage|p2a: Slowbro|0 fnt
|faint|p2a: Slowbro
|-damage|p1a: Urshifu|76/100|[from] recoil
|
|upkeep
|
|t:|1661523979
|switch|p2a: Slowbro|Slowbro, M|100/100
|turn|10
|
|t:|1661523982
|-activate|p1a: Urshifu|move: Struggle
|move|p1a: Urshifu|Struggle|p2a: Slowbro
|-damage|p2a: Slowbro|87/100
|-damage|p1a: Urshifu|51/100|[from] recoil
|move|p2a: Slowbro|Block|p1a: Urshifu
|-activate|p1a: Urshifu|trapped
|
|upkeep
|turn|11
|
|t:|1661523986
|-activate|p1a: Urshifu|move: Struggle
|move|p1a: Urshifu|Struggle|p2a: Slowbro
|-damage|p2a: Slowbro|74/100
|-damage|p1a: Urshifu|26/100|[from] recoil
|move|p2a: Slowbro|Heal Pulse|p1a: Urshifu
|-heal|p1a: Urshifu|76/100
|
|upkeep
|turn|12
|
|t:|1661523992
|-activate|p1a: Urshifu|move: Struggle
|move|p1a: Urshifu|Struggle|p2a: Slowbro
|-damage|p2a: Slowbro|62/100
|-damage|p1a: Urshifu|51/100|[from] recoil
|move|p2a: Slowbro|Heal Pulse|p1a: Urshifu
|-heal|p1a: Urshifu|100/100
|
|upkeep
|turn|13
|c|☆Daddy cayde|k then
|
|t:|1661523999
|-activate|p1a: Urshifu|move: Struggle
|move|p1a: Urshifu|Struggle|p2a: Slowbro
|-damage|p2a: Slowbro|50/100
|-damage|p1a: Urshifu|76/100|[from] recoil
|move|p2a: Slowbro|Slack Off|p2a: Slowbro
|-heal|p2a: Slowbro|99/100
|
|upkeep
|turn|14
|
|t:|1661524002
|-activate|p1a: Urshifu|move: Struggle
|move|p1a: Urshifu|Struggle|p2a: Slowbro
|-damage|p2a: Slowbro|86/100
|-damage|p1a: Urshifu|51/100|[from] recoil
|move|p2a: Slowbro|Heal Pulse|p1a: Urshifu
|-heal|p1a: Urshifu|100/100
|
|upkeep
|turn|15
|
|t:|1661524006
|-activate|p1a: Urshifu|move: Struggle
|move|p1a: Urshifu|Struggle|p2a: Slowbro
|-damage|p2a: Slowbro|73/100
|-damage|p1a: Urshifu|76/100|[from] recoil
|move|p2a: Slowbro|Slack Off|p2a: Slowbro
|-heal|p2a: Slowbro|100/100
|
|upkeep
|turn|16
|
|t:|1661524008
|-activate|p1a: Urshifu|move: Struggle
|move|p1a: Urshifu|Struggle|p2a: Slowbro
|-damage|p2a: Slowbro|87/100
|-damage|p1a: Urshifu|51/100|[from] recoil
|move|p2a: Slowbro|Slack Off|p2a: Slowbro
|-heal|p2a: Slowbro|100/100
|
|upkeep
|turn|17
|
|t:|1661524010
|-activate|p1a: Urshifu|move: Struggle
|move|p1a: Urshifu|Struggle|p2a: Slowbro
|-damage|p2a: Slowbro|87/100
|-damage|p1a: Urshifu|26/100|[from] recoil
|move|p2a: Slowbro|Heal Pulse|p1a: Urshifu
|-heal|p1a: Urshifu|76/100
|
|upkeep
|turn|18
|
|t:|1661524015
|-activate|p1a: Urshifu|move: Struggle
|move|p1a: Urshifu|Struggle|p2a: Slowbro
|-damage|p2a: Slowbro|74/100
|-damage|p1a: Urshifu|51/100|[from] recoil
|move|p2a: Slowbro|Slack Off|p2a: Slowbro
|-heal|p2a: Slowbro|100/100
|
|upkeep
|turn|19
|
|t:|1661524018
|-activate|p1a: Urshifu|move: Struggle
|move|p1a: Urshifu|Struggle|p2a: Slowbro
|-damage|p2a: Slowbro|89/100
|-damage|p1a: Urshifu|26/100|[from] recoil
|move|p2a: Slowbro|Heal Pulse|p1a: Urshifu
|-heal|p1a: Urshifu|76/100
|
|upkeep
|turn|20
|
|t:|1661524020
|-activate|p1a: Urshifu|move: Struggle
|move|p1a: Urshifu|Struggle|p2a: Slowbro
|-damage|p2a: Slowbro|75/100
|-damage|p1a: Urshifu|51/100|[from] recoil
|move|p2a: Slowbro|Slack Off|p2a: Slowbro
|-heal|p2a: Slowbro|100/100
|
|upkeep
|turn|21
|
|t:|1661524023
|-activate|p1a: Urshifu|move: Struggle
|move|p1a: Urshifu|Struggle|p2a: Slowbro
|-damage|p2a: Slowbro|88/100
|-damage|p1a: Urshifu|26/100|[from] recoil
|move|p2a: Slowbro|Heal Pulse|p1a: Urshifu
|-heal|p1a: Urshifu|76/100
|
|upkeep
|turn|22
|
|t:|1661524028
|-activate|p1a: Urshifu|move: Struggle
|move|p1a: Urshifu|Struggle|p2a: Slowbro
|-damage|p2a: Slowbro|76/100
|-damage|p1a: Urshifu|52/100|[from] recoil
|move|p2a: Slowbro|Heal Pulse|p1a: Urshifu
|-heal|p1a: Urshifu|100/100
|
|upkeep
|turn|23
|
|t:|1661524030
|-activate|p1a: Urshifu|move: Struggle
|move|p1a: Urshifu|Struggle|p2a: Slowbro
|-damage|p2a: Slowbro|64/100
|-damage|p1a: Urshifu|76/100|[from] recoil
|move|p2a: Slowbro|Slack Off|p2a: Slowbro
|-heal|p2a: Slowbro|100/100
|
|upkeep
|turn|24
|
|t:|1661524033
|-activate|p1a: Urshifu|move: Struggle
|move|p1a: Urshifu|Struggle|p2a: Slowbro
|-damage|p2a: Slowbro|88/100
|-damage|p1a: Urshifu|51/100|[from] recoil
|move|p2a: Slowbro|Heal Pulse|p1a: Urshifu
|-heal|p1a: Urshifu|100/100
|
|upkeep
|turn|25
|c|☆they call me mlg|:)
|
|t:|1661524041
|-activate|p1a: Urshifu|move: Struggle
|move|p1a: Urshifu|Struggle|p2a: Slowbro
|-damage|p2a: Slowbro|75/100
|-damage|p1a: Urshifu|76/100|[from] recoil
|move|p2a: Slowbro|Slack Off|p2a: Slowbro
|-heal|p2a: Slowbro|100/100
|
|upkeep
|turn|26
|c|☆Daddy cayde|kinda pointless
|c|☆Daddy cayde|but whatever
|
|t:|1661524055
|-activate|p1a: Urshifu|move: Struggle
|move|p1a: Urshifu|Struggle|p2a: Slowbro
|-damage|p2a: Slowbro|88/100
|-damage|p1a: Urshifu|51/100|[from] recoil
|move|p2a: Slowbro|Slack Off|p2a: Slowbro
|-heal|p2a: Slowbro|100/100
|
|upkeep
|turn|27
|c|☆they call me mlg|It forces an infinite battle
|c|☆they call me mlg|wasting  your time
|
|t:|1661524065
|-activate|p1a: Urshifu|move: Struggle
|move|p1a: Urshifu|Struggle|p2a: Slowbro
|-damage|p2a: Slowbro|88/100
|-damage|p1a: Urshifu|26/100|[from] recoil
|move|p2a: Slowbro|Heal Pulse|p1a: Urshifu
|-heal|p1a: Urshifu|76/100
|
|upkeep
|turn|28
|c|☆Daddy cayde|but i still win
|
|t:|1661524072
|-activate|p1a: Urshifu|move: Struggle
|move|p1a: Urshifu|Struggle|p2a: Slowbro
|-damage|p2a: Slowbro|75/100
|-damage|p1a: Urshifu|51/100|[from] recoil
|move|p2a: Slowbro|Slack Off|p2a: Slowbro
|-heal|p2a: Slowbro|100/100
|
|upkeep
|turn|29
|c|☆they call me mlg|How?
|
|t:|1661524078
|-activate|p1a: Urshifu|move: Struggle
|move|p1a: Urshifu|Struggle|p2a: Slowbro
|-damage|p2a: Slowbro|89/100
|-damage|p1a: Urshifu|26/100|[from] recoil
|move|p2a: Slowbro|Heal Pulse|p1a: Urshifu
|-heal|p1a: Urshifu|76/100
|
|upkeep
|turn|30
|c|☆Daddy cayde|cause i aint leaving
|
|t:|1661524089
|-activate|p1a: Urshifu|move: Struggle
|move|p1a: Urshifu|Struggle|p2a: Slowbro
|-damage|p2a: Slowbro|76/100
|-damage|p1a: Urshifu|51/100|[from] recoil
|move|p2a: Slowbro|Slack Off|p2a: Slowbro
|-heal|p2a: Slowbro|100/100
|
|upkeep
|turn|31
|c|☆they call me mlg|neither am i
|c|☆Daddy cayde|cool
|c|☆they call me mlg|If i cant win
|c|☆they call me mlg|neither can you
|c|☆they call me mlg|so
|
|t:|1661524106
|-activate|p1a: Urshifu|move: Struggle
|move|p1a: Urshifu|Struggle|p2a: Slowbro
|-damage|p2a: Slowbro|88/100
|-damage|p1a: Urshifu|26/100|[from] recoil
|move|p2a: Slowbro|Heal Pulse|p1a: Urshifu
|-heal|p1a: Urshifu|76/100
|
|upkeep
|turn|32
|
|t:|1661524109
|-activate|p1a: Urshifu|move: Struggle
|move|p1a: Urshifu|Struggle|p2a: Slowbro
|-damage|p2a: Slowbro|74/100
|-damage|p1a: Urshifu|52/100|[from] recoil
|move|p2a: Slowbro|Slack Off|p2a: Slowbro
|-heal|p2a: Slowbro|100/100
|
|upkeep
|turn|33
|
|t:|1661524112
|-activate|p1a: Urshifu|move: Struggle
|move|p1a: Urshifu|Struggle|p2a: Slowbro
|-crit|p2a: Slowbro
|-damage|p2a: Slowbro|83/100
|-damage|p1a: Urshifu|27/100|[from] recoil
|move|p2a: Slowbro|Heal Pulse|p1a: Urshifu
|-heal|p1a: Urshifu|77/100
|
|upkeep
|turn|34
|
|t:|1661524114
|-activate|p1a: Urshifu|move: Struggle
|move|p1a: Urshifu|Struggle|p2a: Slowbro
|-damage|p2a: Slowbro|70/100
|-damage|p1a: Urshifu|52/100|[from] recoil
|move|p2a: Slowbro|Heal Pulse|p1a: Urshifu
|-heal|p1a: Urshifu|100/100
|
|upkeep
|turn|35
|
|t:|1661524118
|-activate|p1a: Urshifu|move: Struggle
|move|p1a: Urshifu|Struggle|p2a: Slowbro
|-damage|p2a: Slowbro|57/100
|-damage|p1a: Urshifu|76/100|[from] recoil
|move|p2a: Slowbro|Slack Off|p2a: Slowbro
|-heal|p2a: Slowbro|100/100
|
|upkeep
|turn|36
|
|t:|1661524119
|-activate|p1a: Urshifu|move: Struggle
|move|p1a: Urshifu|Struggle|p2a: Slowbro
|-damage|p2a: Slowbro|87/100
|-damage|p1a: Urshifu|51/100|[from] recoil
|move|p2a: Slowbro|Heal Pulse|p1a: Urshifu
|-heal|p1a: Urshifu|100/100
|
|upkeep
|turn|37
|
|t:|1661524124
|-activate|p1a: Urshifu|move: Struggle
|move|p1a: Urshifu|Struggle|p2a: Slowbro
|-damage|p2a: Slowbro|73/100
|-damage|p1a: Urshifu|76/100|[from] recoil
|move|p2a: Slowbro|Heal Pulse|p1a: Urshifu
|-heal|p1a: Urshifu|100/100
|
|upkeep
|turn|38
|
|t:|1661524129
|-activate|p1a: Urshifu|move: Struggle
|move|p1a: Urshifu|Struggle|p2a: Slowbro
|-damage|p2a: Slowbro|61/100
|-damage|p1a: Urshifu|76/100|[from] recoil
|move|p2a: Slowbro|Slack Off|p2a: Slowbro
|-heal|p2a: Slowbro|100/100
|
|upkeep
|turn|39
|
|t:|1661524131
|-activate|p1a: Urshifu|move: Struggle
|move|p1a: Urshifu|Struggle|p2a: Slowbro
|-damage|p2a: Slowbro|88/100
|-damage|p1a: Urshifu|51/100|[from] recoil
|move|p2a: Slowbro|Heal Pulse|p1a: Urshifu
|-heal|p1a: Urshifu|100/100
|-enditem|p2a: Slowbro|Leppa Berry|[eat]
|-activate|p2a: Slowbro|item: Leppa Berry|Heal Pulse|[consumed]
|
|upkeep
|turn|40
|
|t:|1661524136
|-activate|p1a: Urshifu|move: Struggle
|move|p1a: Urshifu|Struggle|p2a: Slowbro
|-damage|p2a: Slowbro|75/100
|-damage|p1a: Urshifu|76/100|[from] recoil
|move|p2a: Slowbro|Recycle|p2a: Slowbro
|-item|p2a: Slowbro|Leppa Berry|[from] move: Recycle
|
|upkeep
|turn|41
|
|t:|1661524140
|-activate|p1a: Urshifu|move: Struggle
|move|p1a: Urshifu|Struggle|p2a: Slowbro
|-crit|p2a: Slowbro
|-damage|p2a: Slowbro|56/100
|-damage|p1a: Urshifu|51/100|[from] recoil
|move|p2a: Slowbro|Heal Pulse|p1a: Urshifu
|-heal|p1a: Urshifu|100/100
|
|upkeep
|turn|42
|
|t:|1661524144
|-activate|p1a: Urshifu|move: Struggle
|move|p1a: Urshifu|Struggle|p2a: Slowbro
|-damage|p2a: Slowbro|44/100
|-damage|p1a: Urshifu|76/100|[from] recoil
|move|p2a: Slowbro|Slack Off|p2a: Slowbro
|-heal|p2a: Slowbro|94/100
|
|upkeep
|turn|43
|
|t:|1661524146
|-activate|p1a: Urshifu|move: Struggle
|move|p1a: Urshifu|Struggle|p2a: Slowbro
|-damage|p2a: Slowbro|80/100
|-damage|p1a: Urshifu|51/100|[from] recoil
|move|p2a: Slowbro|Heal Pulse|p1a: Urshifu
|-heal|p1a: Urshifu|100/100
|
|upkeep
|turn|44
|
|t:|1661524147
|-activate|p1a: Urshifu|move: Struggle
|move|p1a: Urshifu|Struggle|p2a: Slowbro
|-damage|p2a: Slowbro|68/100
|-damage|p1a: Urshifu|76/100|[from] recoil
|move|p2a: Slowbro|Slack Off|p2a: Slowbro
|-heal|p2a: Slowbro|100/100
|
|upkeep
|turn|45
|
|t:|1661524149
|-activate|p1a: Urshifu|move: Struggle
|move|p1a: Urshifu|Struggle|p2a: Slowbro
|-damage|p2a: Slowbro|88/100
|-damage|p1a: Urshifu|51/100|[from] recoil
|move|p2a: Slowbro|Heal Pulse|p1a: Urshifu
|-heal|p1a: Urshifu|100/100
|
|upkeep
|turn|46
|
|t:|1661524152
|-activate|p1a: Urshifu|move: Struggle
|move|p1a: Urshifu|Struggle|p2a: Slowbro
|-damage|p2a: Slowbro|76/100
|-damage|p1a: Urshifu|76/100|[from] recoil
|move|p2a: Slowbro|Slack Off|p2a: Slowbro
|-heal|p2a: Slowbro|100/100
|-enditem|p2a: Slowbro|Leppa Berry|[eat]
|-activate|p2a: Slowbro|item: Leppa Berry|Slack Off|[consumed]
|
|upkeep
|turn|47
|
|t:|1661524164
|-activate|p1a: Urshifu|move: Struggle
|move|p1a: Urshifu|Struggle|p2a: Slowbro
|-damage|p2a: Slowbro|88/100
|-damage|p1a: Urshifu|51/100|[from] recoil
|move|p2a: Slowbro|Recycle|p2a: Slowbro
|-item|p2a: Slowbro|Leppa Berry|[from] move: Recycle
|
|upkeep
|turn|48
|
|t:|1661524166
|-activate|p1a: Urshifu|move: Struggle
|move|p1a: Urshifu|Struggle|p2a: Slowbro
|-damage|p2a: Slowbro|74/100
|-damage|p1a: Urshifu|26/100|[from] recoil
|move|p2a: Slowbro|Heal Pulse|p1a: Urshifu
|-heal|p1a: Urshifu|76/100
|
|upkeep
|turn|49
|
|t:|1661524169
|-activate|p1a: Urshifu|move: Struggle
|move|p1a: Urshifu|Struggle|p2a: Slowbro
|-damage|p2a: Slowbro|61/100
|-damage|p1a: Urshifu|51/100|[from] recoil
|move|p2a: Slowbro|Heal Pulse|p1a: Urshifu
|-heal|p1a: Urshifu|100/100
|
|upkeep
|turn|50
|
|t:|1661524174
|-activate|p1a: Urshifu|move: Struggle
|move|p1a: Urshifu|Struggle|p2a: Slowbro
|-damage|p2a: Slowbro|47/100
|-damage|p1a: Urshifu|76/100|[from] recoil
|move|p2a: Slowbro|Slack Off|p2a: Slowbro
|-heal|p2a: Slowbro|97/100
|
|upkeep
|turn|51
|
|t:|1661524178
|-activate|p1a: Urshifu|move: Struggle
|move|p1a: Urshifu|Struggle|p2a: Slowbro
|-damage|p2a: Slowbro|83/100
|-damage|p1a: Urshifu|51/100|[from] recoil
|move|p2a: Slowbro|Heal Pulse|p1a: Urshifu
|-heal|p1a: Urshifu|100/100
|
|upkeep
|turn|52
|
|t:|1661524180
|-activate|p1a: Urshifu|move: Struggle
|move|p1a: Urshifu|Struggle|p2a: Slowbro
|-damage|p2a: Slowbro|71/100
|-damage|p1a: Urshifu|76/100|[from] recoil
|move|p2a: Slowbro|Slack Off|p2a: Slowbro
|-heal|p2a: Slowbro|100/100
|
|upkeep
|turn|53
|
|t:|1661524182
|-activate|p1a: Urshifu|move: Struggle
|move|p1a: Urshifu|Struggle|p2a: Slowbro
|-damage|p2a: Slowbro|87/100
|-damage|p1a: Urshifu|51/100|[from] recoil
|move|p2a: Slowbro|Heal Pulse|p1a: Urshifu
|-heal|p1a: Urshifu|100/100
|
|upkeep
|turn|54
|
|t:|1661524184
|-activate|p1a: Urshifu|move: Struggle
|move|p1a: Urshifu|Struggle|p2a: Slowbro
|-damage|p2a: Slowbro|75/100
|-damage|p1a: Urshifu|76/100|[from] recoil
|move|p2a: Slowbro|Slack Off|p2a: Slowbro
|-heal|p2a: Slowbro|100/100
|
|upkeep
|turn|55
|
|t:|1661524190
|-activate|p1a: Urshifu|move: Struggle
|move|p1a: Urshifu|Struggle|p2a: Slowbro
|-damage|p2a: Slowbro|88/100
|-damage|p1a: Urshifu|51/100|[from] recoil
|move|p2a: Slowbro|Heal Pulse|p1a: Urshifu
|-heal|p1a: Urshifu|100/100
|
|upkeep
|turn|56
|
|t:|1661524202
|-activate|p1a: Urshifu|move: Struggle
|move|p1a: Urshifu|Struggle|p2a: Slowbro
|-damage|p2a: Slowbro|75/100
|-damage|p1a: Urshifu|76/100|[from] recoil
|move|p2a: Slowbro|Slack Off|p2a: Slowbro
|-heal|p2a: Slowbro|100/100
|
|upkeep
|turn|57
|
|t:|1661524211
|-activate|p1a: Urshifu|move: Struggle
|move|p1a: Urshifu|Struggle|p2a: Slowbro
|-damage|p2a: Slowbro|89/100
|-damage|p1a: Urshifu|51/100|[from] recoil
|move|p2a: Slowbro|Heal Pulse|p1a: Urshifu
|-heal|p1a: Urshifu|100/100
|
|upkeep
|turn|58
|
|t:|1661524226
|-activate|p1a: Urshifu|move: Struggle
|move|p1a: Urshifu|Struggle|p2a: Slowbro
|-damage|p2a: Slowbro|77/100
|-damage|p1a: Urshifu|76/100|[from] recoil
|move|p2a: Slowbro|Slack Off|p2a: Slowbro
|-heal|p2a: Slowbro|100/100
|
|upkeep
|turn|59
|
|t:|1661524233
|-activate|p1a: Urshifu|move: Struggle
|move|p1a: Urshifu|Struggle|p2a: Slowbro
|-damage|p2a: Slowbro|88/100
|-damage|p1a: Urshifu|51/100|[from] recoil
|move|p2a: Slowbro|Heal Pulse|p1a: Urshifu
|-heal|p1a: Urshifu|100/100
|-enditem|p2a: Slowbro|Leppa Berry|[eat]
|-activate|p2a: Slowbro|item: Leppa Berry|Heal Pulse|[consumed]
|
|upkeep
|turn|60
|
|t:|1661524236
|-activate|p1a: Urshifu|move: Struggle
|move|p1a: Urshifu|Struggle|p2a: Slowbro
|-crit|p2a: Slowbro
|-damage|p2a: Slowbro|68/100
|-damage|p1a: Urshifu|76/100|[from] recoil
|move|p2a: Slowbro|Recycle|p2a: Slowbro
|-item|p2a: Slowbro|Leppa Berry|[from] move: Recycle
|
|upkeep
|turn|61
|
|t:|1661524238
|-activate|p1a: Urshifu|move: Struggle
|move|p1a: Urshifu|Struggle|p2a: Slowbro
|-damage|p2a: Slowbro|56/100
|-damage|p1a: Urshifu|51/100|[from] recoil
|move|p2a: Slowbro|Slack Off|p2a: Slowbro
|-heal|p2a: Slowbro|100/100
|
|upkeep
|turn|62
|
|t:|1661524241
|-activate|p1a: Urshifu|move: Struggle
|move|p1a: Urshifu|Struggle|p2a: Slowbro
|-damage|p2a: Slowbro|87/100
|-damage|p1a: Urshifu|26/100|[from] recoil
|move|p2a: Slowbro|Heal Pulse|p1a: Urshifu
|-heal|p1a: Urshifu|76/100
|
|upkeep
|turn|63
|
|t:|1661524245
|-activate|p1a: Urshifu|move: Struggle
|move|p1a: Urshifu|Struggle|p2a: Slowbro
|-damage|p2a: Slowbro|75/100
|-damage|p1a: Urshifu|51/100|[from] recoil
|move|p2a: Slowbro|Heal Pulse|p1a: Urshifu
|-heal|p1a: Urshifu|100/100
|
|upkeep
|turn|64
|
|t:|1661524254
|-activate|p1a: Urshifu|move: Struggle
|move|p1a: Urshifu|Struggle|p2a: Slowbro
|-damage|p2a: Slowbro|63/100
|-damage|p1a: Urshifu|76/100|[from] recoil
|move|p2a: Slowbro|Slack Off|p2a: Slowbro
|-heal|p2a: Slowbro|100/100
|
|upkeep
|turn|65
|c|☆they call me mlg|i can do this all day
|c|☆they call me mlg|hehe
|
|t:|1661524269
|-activate|p1a: Urshifu|move: Struggle
|move|p1a: Urshifu|Struggle|p2a: Slowbro
|-damage|p2a: Slowbro|88/100
|-damage|p1a: Urshifu|51/100|[from] recoil
|move|p2a: Slowbro|Heal Pulse|p1a: Urshifu
|-heal|p1a: Urshifu|100/100
|
|upkeep
|turn|66
|inactive|Daddy cayde has 120 seconds left.
|
|t:|1661524298
|-activate|p1a: Urshifu|move: Struggle
|move|p1a: Urshifu|Struggle|p2a: Slowbro
|-damage|p2a: Slowbro|75/100
|-damage|p1a: Urshifu|76/100|[from] recoil
|move|p2a: Slowbro|Slack Off|p2a: Slowbro
|-heal|p2a: Slowbro|100/100
|
|upkeep
|turn|67
|
|t:|1661524306
|-activate|p1a: Urshifu|move: Struggle
|move|p1a: Urshifu|Struggle|p2a: Slowbro
|-damage|p2a: Slowbro|89/100
|-damage|p1a: Urshifu|51/100|[from] recoil
|move|p2a: Slowbro|Heal Pulse|p1a: Urshifu
|-heal|p1a: Urshifu|100/100
|
|upkeep
|turn|68
|inactive|Daddy cayde has 120 seconds left.
|
|t:|1661524332
|-activate|p1a: Urshifu|move: Struggle
|move|p1a: Urshifu|Struggle|p2a: Slowbro
|-damage|p2a: Slowbro|77/100
|-damage|p1a: Urshifu|76/100|[from] recoil
|move|p2a: Slowbro|Slack Off|p2a: Slowbro
|-heal|p2a: Slowbro|100/100
|
|upkeep
|turn|69
|
|t:|1661524339
|-activate|p1a: Urshifu|move: Struggle
|move|p1a: Urshifu|Struggle|p2a: Slowbro
|-damage|p2a: Slowbro|87/100
|-damage|p1a: Urshifu|51/100|[from] recoil
|move|p2a: Slowbro|Heal Pulse|p1a: Urshifu
|-heal|p1a: Urshifu|100/100
|
|upkeep
|turn|70
|
|t:|1661524343
|-activate|p1a: Urshifu|move: Struggle
|move|p1a: Urshifu|Struggle|p2a: Slowbro
|-damage|p2a: Slowbro|74/100
|-damage|p1a: Urshifu|76/100|[from] recoil
|move|p2a: Slowbro|Slack Off|p2a: Slowbro
|-heal|p2a: Slowbro|100/100
|-enditem|p2a: Slowbro|Leppa Berry|[eat]
|-activate|p2a: Slowbro|item: Leppa Berry|Slack Off|[consumed]
|
|upkeep
|turn|71
|
|t:|1661524348
|-activate|p1a: Urshifu|move: Struggle
|move|p1a: Urshifu|Struggle|p2a: Slowbro
|-damage|p2a: Slowbro|88/100
|-damage|p1a: Urshifu|51/100|[from] recoil
|move|p2a: Slowbro|Recycle|p2a: Slowbro
|-item|p2a: Slowbro|Leppa Berry|[from] move: Recycle
|
|upkeep
|turn|72
|
|t:|1661524351
|-activate|p1a: Urshifu|move: Struggle
|move|p1a: Urshifu|Struggle|p2a: Slowbro
|-damage|p2a: Slowbro|75/100
|-damage|p1a: Urshifu|26/100|[from] recoil
|move|p2a: Slowbro|Heal Pulse|p1a: Urshifu
|-heal|p1a: Urshifu|76/100
|
|upkeep
|turn|73
|
|t:|1661524355
|-activate|p1a: Urshifu|move: Struggle
|move|p1a: Urshifu|Struggle|p2a: Slowbro
|-damage|p2a: Slowbro|63/100
|-damage|p1a: Urshifu|51/100|[from] recoil
|move|p2a: Slowbro|Slack Off|p2a: Slowbro
|-heal|p2a: Slowbro|100/100
|
|upkeep
|turn|74
|
|t:|1661524357
|-activate|p1a: Urshifu|move: Struggle
|move|p1a: Urshifu|Struggle|p2a: Slowbro
|-damage|p2a: Slowbro|88/100
|-damage|p1a: Urshifu|26/100|[from] recoil
|move|p2a: Slowbro|Heal Pulse|p1a: Urshifu
|-heal|p1a: Urshifu|76/100
|
|upkeep
|turn|75
|
|t:|1661524359
|-activate|p1a: Urshifu|move: Struggle
|move|p1a: Urshifu|Struggle|p2a: Slowbro
|-damage|p2a: Slowbro|75/100
|-damage|p1a: Urshifu|51/100|[from] recoil
|move|p2a: Slowbro|Heal Pulse|p1a: Urshifu
|-heal|p1a: Urshifu|100/100
|
|upkeep
|turn|76
|
|t:|1661524362
|-activate|p1a: Urshifu|move: Struggle
|move|p1a: Urshifu|Struggle|p2a: Slowbro
|-damage|p2a: Slowbro|62/100
|-damage|p1a: Urshifu|76/100|[from] recoil
|move|p2a: Slowbro|Slack Off|p2a: Slowbro
|-heal|p2a: Slowbro|100/100
|
|upkeep
|turn|77
|
|t:|1661524367
|-activate|p1a: Urshifu|move: Struggle
|move|p1a: Urshifu|Struggle|p2a: Slowbro
|-damage|p2a: Slowbro|88/100
|-damage|p1a: Urshifu|51/100|[from] recoil
|move|p2a: Slowbro|Slack Off|p2a: Slowbro
|-heal|p2a: Slowbro|100/100
|
|upkeep
|turn|78
|
|t:|1661524370
|-activate|p1a: Urshifu|move: Struggle
|move|p1a: Urshifu|Struggle|p2a: Slowbro
|-damage|p2a: Slowbro|89/100
|-damage|p1a: Urshifu|26/100|[from] recoil
|move|p2a: Slowbro|Heal Pulse|p1a: Urshifu
|-heal|p1a: Urshifu|76/100
|
|upkeep
|turn|79
|
|t:|1661524372
|-activate|p1a: Urshifu|move: Struggle
|move|p1a: Urshifu|Struggle|p2a: Slowbro
|-damage|p2a: Slowbro|76/100
|-damage|p1a: Urshifu|51/100|[from] recoil
|move|p2a: Slowbro|Heal Pulse|p1a: Urshifu
|-heal|p1a: Urshifu|100/100
|-enditem|p2a: Slowbro|Leppa Berry|[eat]
|-activate|p2a: Slowbro|item: Leppa Berry|Heal Pulse|[consumed]
|
|upkeep
|turn|80
|
|t:|1661524379
|-activate|p1a: Urshifu|move: Struggle
|move|p1a: Urshifu|Struggle|p2a: Slowbro
|-damage|p2a: Slowbro|64/100
|-damage|p1a: Urshifu|76/100|[from] recoil
|move|p2a: Slowbro|Slack Off|p2a: Slowbro
|-heal|p2a: Slowbro|100/100
|
|upkeep
|turn|81
|
|t:|1661524382
|-activate|p1a: Urshifu|move: Struggle
|move|p1a: Urshifu|Struggle|p2a: Slowbro
|-damage|p2a: Slowbro|88/100
|-damage|p1a: Urshifu|51/100|[from] recoil
|move|p2a: Slowbro|Heal Pulse|p1a: Urshifu
|-heal|p1a: Urshifu|100/100
|
|upkeep
|turn|82
|
|t:|1661524385
|-activate|p1a: Urshifu|move: Struggle
|move|p1a: Urshifu|Struggle|p2a: Slowbro
|-damage|p2a: Slowbro|74/100
|-damage|p1a: Urshifu|76/100|[from] recoil
|move|p2a: Slowbro|Recycle|p2a: Slowbro
|-item|p2a: Slowbro|Leppa Berry|[from] move: Recycle
|
|upkeep
|turn|83
|
|t:|1661524393
|-activate|p1a: Urshifu|move: Struggle
|move|p1a: Urshifu|Struggle|p2a: Slowbro
|-damage|p2a: Slowbro|62/100
|-damage|p1a: Urshifu|51/100|[from] recoil
|move|p2a: Slowbro|Heal Pulse|p1a: Urshifu
|-heal|p1a: Urshifu|100/100
|
|upkeep
|turn|84
|
|t:|1661524395
|-activate|p1a: Urshifu|move: Struggle
|move|p1a: Urshifu|Struggle|p2a: Slowbro
|-crit|p2a: Slowbro
|-damage|p2a: Slowbro|42/100
|-damage|p1a: Urshifu|76/100|[from] recoil
|move|p2a: Slowbro|Slack Off|p2a: Slowbro
|-heal|p2a: Slowbro|92/100
|
|upkeep
|turn|85
|
|t:|1661524398
|-activate|p1a: Urshifu|move: Struggle
|move|p1a: Urshifu|Struggle|p2a: Slowbro
|-damage|p2a: Slowbro|78/100
|-damage|p1a: Urshifu|51/100|[from] recoil
|move|p2a: Slowbro|Heal Pulse|p1a: Urshifu
|-heal|p1a: Urshifu|100/100
|
|upkeep
|turn|86
|
|t:|1661524401
|-activate|p1a: Urshifu|move: Struggle
|move|p1a: Urshifu|Struggle|p2a: Slowbro
|-damage|p2a: Slowbro|65/100
|-damage|p1a: Urshifu|76/100|[from] recoil
|move|p2a: Slowbro|Slack Off|p2a: Slowbro
|-heal|p2a: Slowbro|100/100
|
|upkeep
|turn|87
|
|t:|1661524403
|-activate|p1a: Urshifu|move: Struggle
|move|p1a: Urshifu|Struggle|p2a: Slowbro
|-damage|p2a: Slowbro|89/100
|-damage|p1a: Urshifu|51/100|[from] recoil
|move|p2a: Slowbro|Heal Pulse|p1a: Urshifu
|-heal|p1a: Urshifu|100/100
|
|upkeep
|turn|88
|
|t:|1661524405
|-activate|p1a: Urshifu|move: Struggle
|move|p1a: Urshifu|Struggle|p2a: Slowbro
|-damage|p2a: Slowbro|77/100
|-damage|p1a: Urshifu|76/100|[from] recoil
|move|p2a: Slowbro|Slack Off|p2a: Slowbro
|-heal|p2a: Slowbro|100/100
|
|upkeep
|turn|89
|
|t:|1661524409
|-activate|p1a: Urshifu|move: Struggle
|move|p1a: Urshifu|Struggle|p2a: Slowbro
|-damage|p2a: Slowbro|87/100
|-damage|p1a: Urshifu|51/100|[from] recoil
|move|p2a: Slowbro|Heal Pulse|p1a: Urshifu
|-heal|p1a: Urshifu|100/100
|
|upkeep
|turn|90
|
|t:|1661524411
|-activate|p1a: Urshifu|move: Struggle
|move|p1a: Urshifu|Struggle|p2a: Slowbro
|-damage|p2a: Slowbro|73/100
|-damage|p1a: Urshifu|76/100|[from] recoil
|move|p2a: Slowbro|Slack Off|p2a: Slowbro
|-heal|p2a: Slowbro|100/100
|
|upkeep
|turn|91
|
|t:|1661524414
|-activate|p1a: Urshifu|move: Struggle
|move|p1a: Urshifu|Struggle|p2a: Slowbro
|-damage|p2a: Slowbro|87/100
|-damage|p1a: Urshifu|51/100|[from] recoil
|move|p2a: Slowbro|Heal Pulse|p1a: Urshifu
|-heal|p1a: Urshifu|100/100
|
|upkeep
|turn|92
|
|t:|1661524416
|-activate|p1a: Urshifu|move: Struggle
|move|p1a: Urshifu|Struggle|p2a: Slowbro
|-damage|p2a: Slowbro|75/100
|-damage|p1a: Urshifu|76/100|[from] recoil
|move|p2a: Slowbro|Slack Off|p2a: Slowbro
|-heal|p2a: Slowbro|100/100
|
|upkeep
|turn|93
|
|t:|1661524418
|-activate|p1a: Urshifu|move: Struggle
|move|p1a: Urshifu|Struggle|p2a: Slowbro
|-damage|p2a: Slowbro|88/100
|-damage|p1a: Urshifu|51/100|[from] recoil
|move|p2a: Slowbro|Heal Pulse|p1a: Urshifu
|-heal|p1a: Urshifu|100/100
|
|upkeep
|turn|94
|
|t:|1661524420
|-activate|p1a: Urshifu|move: Struggle
|move|p1a: Urshifu|Struggle|p2a: Slowbro
|-damage|p2a: Slowbro|75/100
|-damage|p1a: Urshifu|76/100|[from] recoil
|move|p2a: Slowbro|Slack Off|p2a: Slowbro
|-heal|p2a: Slowbro|100/100
|-enditem|p2a: Slowbro|Leppa Berry|[eat]
|-activate|p2a: Slowbro|item: Leppa Berry|Slack Off|[consumed]
|
|upkeep
|turn|95
|
|t:|1661524422
|-activate|p1a: Urshifu|move: Struggle
|move|p1a: Urshifu|Struggle|p2a: Slowbro
|-damage|p2a: Slowbro|87/100
|-damage|p1a: Urshifu|51/100|[from] recoil
|move|p2a: Slowbro|Recycle|p2a: Slowbro
|-item|p2a: Slowbro|Leppa Berry|[from] move: Recycle
|
|upkeep
|turn|96
|
|t:|1661524426
|-activate|p1a: Urshifu|move: Struggle
|move|p1a: Urshifu|Struggle|p2a: Slowbro
|-damage|p2a: Slowbro|74/100
|-damage|p1a: Urshifu|26/100|[from] recoil
|move|p2a: Slowbro|Heal Pulse|p1a: Urshifu
|-heal|p1a: Urshifu|76/100
|
|upkeep
|turn|97
|
|t:|1661524428
|-activate|p1a: Urshifu|move: Struggle
|move|p1a: Urshifu|Struggle|p2a: Slowbro
|-damage|p2a: Slowbro|61/100
|-damage|p1a: Urshifu|51/100|[from] recoil
|move|p2a: Slowbro|Slack Off|p2a: Slowbro
|-heal|p2a: Slowbro|100/100
|
|upkeep
|turn|98
|
|t:|1661524430
|-activate|p1a: Urshifu|move: Struggle
|move|p1a: Urshifu|Struggle|p2a: Slowbro
|-damage|p2a: Slowbro|88/100
|-damage|p1a: Urshifu|26/100|[from] recoil
|move|p2a: Slowbro|Heal Pulse|p1a: Urshifu
|-heal|p1a: Urshifu|76/100
|
|upkeep
|turn|99
|
|t:|1661524433
|-activate|p1a: Urshifu|move: Struggle
|move|p1a: Urshifu|Struggle|p2a: Slowbro
|-damage|p2a: Slowbro|75/100
|-damage|p1a: Urshifu|51/100|[from] recoil
|move|p2a: Slowbro|Heal Pulse|p1a: Urshifu
|-heal|p1a: Urshifu|100/100
|-enditem|p2a: Slowbro|Leppa Berry|[eat]
|-activate|p2a: Slowbro|item: Leppa Berry|Heal Pulse|[consumed]
|
|upkeep
|turn|100
|
|t:|1661524438
|-activate|p1a: Urshifu|move: Struggle
|move|p1a: Urshifu|Struggle|p2a: Slowbro
|-damage|p2a: Slowbro|63/100
|-damage|p1a: Urshifu|76/100|[from] recoil
|move|p2a: Slowbro|Recycle|p2a: Slowbro
|-item|p2a: Slowbro|Leppa Berry|[from] move: Recycle
|
|upkeep
|-message|they call me mlg's team started with the rudimentary means to perform restorative berry-cycling and thus loses.
|
|win|Daddy cayde
|raw|Daddy cayde's rating: 1339 &rarr; <strong>1365</strong><br />(+26 for winning)
|raw|they call me mlg's rating: 1453 &rarr; <strong>1427</strong><br />(-26 for losing)
|c|☆Daddy cayde|haha
|c|☆they call me mlg|xD
|c|☆they call me mlg|Whats so funny?
|c|☆Daddy cayde|told id win
|c|☆they call me mlg|Wanna do a rematch?
|c|☆they call me mlg|Since ur so cocky :v
|c|☆they call me mlg|Ill use a diff team
||Ladder isn't responding, score probably updated but might not have (Request timeout).
