|j|☆Diancie_hhh
|j|☆rajof
|t:|1667021005
|gametype|singles
|player|p1|Diancie_hhh|marnie|1824
|player|p2|rajof|youngster-gen4dp|2029
|teamsize|p1|6
|teamsize|p2|6
|gen|8
|tier|[Gen 8] National Dex AG
|rated|
|rule|HP Percentage Mod: HP is shown in percentages
|rule|Endless Battle Clause: Forcing endless battles is banned
|clearpoke
|poke|p1|Arceus-*|
|poke|p1|Zacian-*|
|poke|p1|Groudon|
|poke|p1|Ho-Oh|
|poke|p1|Zygarde|
|poke|p1|Weavile, F|
|poke|p2|Arceus-*|
|poke|p2|Ditto|
|poke|p2|Chansey, F|
|poke|p2|Lugia|
|poke|p2|Groudon|
|poke|p2|Arceus-*|
|teampreview
|
|t:|1667021019
|start
|switch|p1a: Ho-Oh|Ho-Oh|100/100
|switch|p2a: 아르세우스|Arceus-Fairy|100/100
|turn|1
|inactive|Battle timer is ON: inactive players will automatically lose when time's up. (requested by Diancie_hhh)
|
|t:|1667021037
|switch|p2a: 악르세우스|Arceus-Dark|100/100
|move|p1a: Ho-Oh|Toxic|p2a: 악르세우스
|-status|p2a: 악르세우스|tox
|
|-damage|p2a: 악르세우스|94/100 tox|[from] psn
|upkeep
|turn|2
|
|t:|1667021051
|switch|p1a: Arceus|Arceus, shiny|100/100
|move|p2a: 악르세우스|Refresh|p2a: 악르세우스
|-curestatus|p2a: 악르세우스|tox|[msg]
|
|upkeep
|turn|3
|
|t:|1667021062
|switch|p2a: 루기아|Lugia|100/100
|switch|p1a: Ho-Oh|Ho-Oh|100/100
|
|upkeep
|turn|4
|
|t:|1667021078
|switch|p2a: 럭키|Chansey, F|100/100
|move|p1a: Ho-Oh|Toxic|p2a: 럭키|[miss]
|-miss|p1a: Ho-Oh|p2a: 럭키
|
|upkeep
|turn|5
|
|t:|1667021092
|move|p1a: Ho-Oh|Sacred Fire|p2a: 럭키
|-damage|p2a: 럭키|69/100
|-status|p2a: 럭키|brn
|move|p2a: 럭키|Toxic|p1a: Ho-Oh
|-status|p1a: Ho-Oh|tox
|
|-damage|p1a: Ho-Oh|94/100 tox|[from] psn
|-damage|p2a: 럭키|63/100 brn|[from] brn
|upkeep
|turn|6
|
|t:|1667021121
|-curestatus|p2a: 럭키|brn|[from] ability: Natural Cure
|switch|p2a: 악르세우스|Arceus-Dark|94/100
|move|p1a: Ho-Oh|Sacred Fire|p2a: 악르세우스
|-damage|p2a: 악르세우스|65/100
|-status|p2a: 악르세우스|brn
|
|-damage|p1a: Ho-Oh|82/100 tox|[from] psn
|-damage|p2a: 악르세우스|58/100 brn|[from] brn
|upkeep
|turn|7
|
|t:|1667021132
|switch|p1a: Zacian|Zacian-Crowned|100/100
|-ability|p1a: Zacian|Intrepid Sword|boost
|-boost|p1a: Zacian|atk|1
|move|p2a: 악르세우스|Recover|p2a: 악르세우스
|-heal|p2a: 악르세우스|100/100 brn
|
|-damage|p2a: 악르세우스|94/100 brn|[from] brn
|upkeep
|turn|8
|
|t:|1667021141
|switch|p2a: 루기아|Lugia|100/100
|move|p1a: Zacian|Substitute|p1a: Zacian
|-start|p1a: Zacian|Substitute
|-damage|p1a: Zacian|76/100
|
|upkeep
|turn|9
|inactive|Diancie_hhh has 120 seconds left.
|
|t:|1667021163
|move|p1a: Zacian|Play Rough|p2a: 루기아
|-damage|p2a: 루기아|79/100
|-damage|p1a: Zacian|59/100|[from] item: Rocky Helmet|[of] p2a: 루기아
|move|p2a: 루기아|Roost|p2a: 루기아
|-heal|p2a: 루기아|100/100
|-singleturn|p2a: 루기아|move: Roost
|
|upkeep
|turn|10
|inactive|Diancie_hhh has 120 seconds left.
|inactive|rajof has 120 seconds left.
|
|t:|1667021195
|switch|p1a: Ho-Oh|Ho-Oh|100/100 tox
|move|p2a: 루기아|Roost||[still]
|-fail|p2a: 루기아|heal
|
|-damage|p1a: Ho-Oh|94/100 tox|[from] psn
|upkeep
|turn|11
|
|t:|1667021201
|switch|p2a: 악르세우스|Arceus-Dark|94/100 brn
|move|p1a: Ho-Oh|Toxic||[still]
|-fail|p1a: Ho-Oh
|
|-damage|p1a: Ho-Oh|82/100 tox|[from] psn
|-damage|p2a: 악르세우스|88/100 brn|[from] brn
|upkeep
|turn|12
|inactive|Diancie_hhh has 120 seconds left.
|
|t:|1667021232
|switch|p1a: Zygarde|Zygarde, shiny|100/100
|move|p2a: 악르세우스|Refresh|p2a: 악르세우스
|-curestatus|p2a: 악르세우스|brn|[msg]
|
|upkeep
|turn|13
|inactive|rajof has 120 seconds left.
|
|t:|1667021252
|move|p2a: 악르세우스|Calm Mind|p2a: 악르세우스
|-boost|p2a: 악르세우스|spa|1
|-boost|p2a: 악르세우스|spd|1
|move|p1a: Zygarde|Glare|p2a: 악르세우스
|-status|p2a: 악르세우스|par
|
|upkeep
|turn|14
|
|t:|1667021260
|move|p1a: Zygarde|Coil|p1a: Zygarde
|-boost|p1a: Zygarde|atk|1
|-boost|p1a: Zygarde|def|1
|-boost|p1a: Zygarde|accuracy|1
|move|p2a: 악르세우스|Refresh|p2a: 악르세우스
|-curestatus|p2a: 악르세우스|par|[msg]
|
|upkeep
|turn|15
|inactive|Diancie_hhh has 120 seconds left.
|
|t:|1667021268
|move|p2a: 악르세우스|Judgment|p1a: Zygarde
|-damage|p1a: Zygarde|41/100
|move|p1a: Zygarde|Glare|p2a: 악르세우스
|-status|p2a: 악르세우스|par
|
|-activate|p1a: Zygarde|ability: Power Construct
|detailschange|p1a: Zygarde|Zygarde-Complete, shiny
|-heal|p1a: Zygarde|62/100|[silent]
|upkeep
|turn|16
|
|t:|1667021277
|move|p1a: Zygarde|Thousand Arrows|p2a: 악르세우스
|-damage|p2a: 악르세우스|54/100 par
|move|p2a: 악르세우스|Refresh|p2a: 악르세우스
|-curestatus|p2a: 악르세우스|par|[msg]
|
|upkeep
|turn|17
|
|t:|1667021293
|move|p2a: 악르세우스|Judgment|p1a: Zygarde
|-damage|p1a: Zygarde|23/100
|move|p1a: Zygarde|Glare|p2a: 악르세우스
|-status|p2a: 악르세우스|par
|
|upkeep
|turn|18
|
|t:|1667021300
|move|p1a: Zygarde|Rest|p1a: Zygarde
|-status|p1a: Zygarde|slp|[from] move: Rest
|-heal|p1a: Zygarde|100/100 slp|[silent]
|-enditem|p1a: Zygarde|Chesto Berry|[eat]
|-curestatus|p1a: Zygarde|slp|[msg]
|move|p2a: 악르세우스|Refresh|p2a: 악르세우스
|-curestatus|p2a: 악르세우스|par|[msg]
|
|upkeep
|turn|19
|
|t:|1667021325
|move|p2a: 악르세우스|Recover|p2a: 악르세우스
|-heal|p2a: 악르세우스|100/100
|move|p1a: Zygarde|Thousand Arrows|p2a: 악르세우스
|-damage|p2a: 악르세우스|67/100
|
|upkeep
|turn|20
|
|t:|1667021330
|move|p2a: 악르세우스|Judgment|p1a: Zygarde
|-crit|p1a: Zygarde
|-damage|p1a: Zygarde|49/100
|move|p1a: Zygarde|Coil|p1a: Zygarde
|-boost|p1a: Zygarde|atk|1
|-boost|p1a: Zygarde|def|1
|-boost|p1a: Zygarde|accuracy|1
|
|upkeep
|turn|21
|inactive|rajof has 120 seconds left.
|
|t:|1667021379
|-start|p1a: Zygarde|Dynamax|
|-heal|p1a: Zygarde|49/100|[silent]
|move|p2a: 악르세우스|Judgment|p1a: Zygarde
|-damage|p1a: Zygarde|30/100
|move|p1a: Zygarde|Max Quake|p2a: 악르세우스
|-damage|p2a: 악르세우스|7/100
|-boost|p1a: Zygarde|spd|1
|
|upkeep
|turn|22
|
|t:|1667021386
|switch|p2a: 루기아|Lugia|100/100
|move|p1a: Zygarde|Max Quake|p2a: 루기아
|-immune|p2a: 루기아
|
|upkeep
|turn|23
|
|t:|1667021414
|move|p1a: Zygarde|Max Guard|p1a: Zygarde
|-singleturn|p1a: Zygarde|Max Guard
|move|p2a: 루기아|Toxic|p1a: Zygarde
|-activate|p1a: Zygarde|move: Max Guard
|
|upkeep
|-end|p1a: Zygarde|Dynamax
|-heal|p1a: Zygarde|30/100|[silent]
|turn|24
|
|t:|1667021424
|move|p2a: 루기아|Toxic|p1a: Zygarde
|-status|p1a: Zygarde|tox
|move|p1a: Zygarde|Glare|p2a: 루기아
|-status|p2a: 루기아|par
|
|-damage|p1a: Zygarde|24/100 tox|[from] psn
|upkeep
|turn|25
|
|t:|1667021440
|switch|p2a: 아르세우스|Arceus-Fairy|100/100
|move|p1a: Zygarde|Rest|p1a: Zygarde
|-status|p1a: Zygarde|slp|[from] move: Rest
|-heal|p1a: Zygarde|100/100 slp|[silent]
|
|upkeep
|turn|26
|
|t:|1667021445
|switch|p1a: Ho-Oh|Ho-Oh|100/100 tox
|move|p2a: 아르세우스|Calm Mind|p2a: 아르세우스
|-boost|p2a: 아르세우스|spa|1
|-boost|p2a: 아르세우스|spd|1
|
|-damage|p1a: Ho-Oh|94/100 tox|[from] psn
|upkeep
|turn|27
|
|t:|1667021454
|switch|p2a: 루기아|Lugia|100/100 par
|move|p1a: Ho-Oh|Toxic||[still]
|-fail|p1a: Ho-Oh
|
|-damage|p1a: Ho-Oh|82/100 tox|[from] psn
|upkeep
|turn|28
|inactive|rajof has 120 seconds left.
|
|t:|1667021461
|switch|p1a: Zygarde|Zygarde-Complete, shiny|100/100 slp
|switch|p2a: 럭키|Chansey, F|63/100
|
|upkeep
|turn|29
|
|t:|1667021482
|switch|p1a: Weavile|Weavile, F, shiny|100/100
|-ability|p1a: Weavile|Pressure
|move|p2a: 럭키|Wish|p2a: 럭키
|
|upkeep
|turn|30
|
|t:|1667021502
|move|p2a: 럭키|Protect|p2a: 럭키
|-singleturn|p2a: 럭키|Protect
|move|p1a: Weavile|Knock Off|p2a: 럭키
|-activate|p2a: 럭키|move: Protect
|
|-heal|p2a: 럭키|100/100|[from] move: Wish|[wisher] 럭키
|upkeep
|turn|31
|
|t:|1667021509
|switch|p2a: 아르세우스|Arceus-Fairy|100/100
|move|p1a: Weavile|Knock Off|p2a: 아르세우스
|-resisted|p2a: 아르세우스
|-damage|p2a: 아르세우스|91/100
|
|upkeep
|turn|32
|
|t:|1667021514
|switch|p1a: Ho-Oh|Ho-Oh|100/100 tox
|move|p2a: 아르세우스|Earth Power|p1a: Ho-Oh
|-immune|p1a: Ho-Oh
|
|-damage|p1a: Ho-Oh|94/100 tox|[from] psn
|upkeep
|turn|33
|
|t:|1667021521
|switch|p2a: 루기아|Lugia|100/100 par
|switch|p1a: 大地之神|Groudon, shiny|100/100
|detailschange|p1a: 大地之神|Groudon-Primal, shiny
|-primal|p1a: 大地之神
|-weather|DesolateLand|[from] ability: Desolate Land|[of] p1a: 大地之神
|
|-weather|DesolateLand|[upkeep]
|upkeep
|turn|34
|
|t:|1667021527
|move|p1a: 大地之神|Stealth Rock|p2a: 루기아
|-sidestart|p2: rajof|move: Stealth Rock
|move|p2a: 루기아|Toxic|p1a: 大地之神
|-status|p1a: 大地之神|tox
|
|-weather|DesolateLand|[upkeep]
|-damage|p1a: 大地之神|94/100 tox|[from] psn
|upkeep
|turn|35
|
|t:|1667021534
|-weather|none
|switch|p1a: Zygarde|Zygarde-Complete, shiny|100/100 slp
|move|p2a: 루기아|Defog|p1a: Zygarde
|-unboost|p1a: Zygarde|evasion|1
|-sideend|p2: rajof|Stealth Rock|[from] move: Defog|[of] p2a: 루기아
|
|upkeep
|turn|36
|
|t:|1667021539
|switch|p2a: 악르세우스|Arceus-Dark|7/100
|cant|p1a: Zygarde|slp
|
|upkeep
|turn|37
|
|t:|1667021547
|switch|p1a: Zacian|Zacian-Crowned|59/100
|-ability|p1a: Zacian|Intrepid Sword|boost
|-boost|p1a: Zacian|atk|1
|move|p2a: 악르세우스|Recover|p2a: 악르세우스
|-heal|p2a: 악르세우스|57/100
|
|upkeep
|turn|38
|
|t:|1667021558
|switch|p1a: Weavile|Weavile, F, shiny|100/100
|-ability|p1a: Weavile|Pressure
|switch|p2a: 루기아|Lugia|100/100 par
|
|upkeep
|turn|39
|
|t:|1667021569
|switch|p2a: 아르세우스|Arceus-Fairy|91/100
|move|p1a: Weavile|Triple Axel|p2a: 아르세우스
|-damage|p2a: 아르세우스|85/100
|-damage|p2a: 아르세우스|73/100
|-damage|p2a: 아르세우스|58/100
|-hitcount|p2a: 아르세우스|3
|
|upkeep
|turn|40
|
|t:|1667021578
|switch|p1a: Ho-Oh|Ho-Oh|100/100 tox
|move|p2a: 아르세우스|Recover|p2a: 아르세우스
|-heal|p2a: 아르세우스|100/100
|
|-damage|p1a: Ho-Oh|94/100 tox|[from] psn
|upkeep
|turn|41
|
|t:|1667021584
|switch|p2a: 루기아|Lugia|100/100 par
|move|p1a: Ho-Oh|Sacred Fire|p2a: 루기아
|-damage|p2a: 루기아|89/100 par
|
|-damage|p1a: Ho-Oh|82/100 tox|[from] psn
|upkeep
|turn|42
|
|t:|1667021591
|switch|p1a: Zygarde|Zygarde-Complete, shiny|100/100 slp
|move|p2a: 루기아|Roost|p2a: 루기아
|-heal|p2a: 루기아|100/100 par
|-singleturn|p2a: 루기아|move: Roost
|
|upkeep
|turn|43
|
|t:|1667021596
|switch|p2a: 악르세우스|Arceus-Dark|57/100
|cant|p1a: Zygarde|slp
|
|upkeep
|turn|44
|
|t:|1667021600
|move|p2a: 악르세우스|Recover|p2a: 악르세우스
|-heal|p2a: 악르세우스|100/100
|-curestatus|p1a: Zygarde|slp|[msg]
|move|p1a: Zygarde|Glare|p2a: 악르세우스
|-status|p2a: 악르세우스|par
|
|upkeep
|turn|45
|
|t:|1667021628
|switch|p1a: Zacian|Zacian-Crowned|59/100
|-ability|p1a: Zacian|Intrepid Sword|boost
|-boost|p1a: Zacian|atk|1
|move|p2a: 악르세우스|Refresh|p2a: 악르세우스
|-curestatus|p2a: 악르세우스|par|[msg]
|
|upkeep
|turn|46
|
|t:|1667021636
|switch|p2a: 루기아|Lugia|100/100 par
|move|p1a: Zacian|Play Rough|p2a: 루기아
|-damage|p2a: 루기아|80/100 par
|-damage|p1a: Zacian|42/100|[from] item: Rocky Helmet|[of] p2a: 루기아
|
|upkeep
|turn|47
|
|t:|1667021646
|move|p1a: Zacian|Wild Charge|p2a: 루기아
|-supereffective|p2a: 루기아
|-damage|p2a: 루기아|27/100 par
|-damage|p1a: Zacian|26/100|[from] item: Rocky Helmet|[of] p2a: 루기아
|-damage|p1a: Zacian|9/100|[from] Recoil
|cant|p2a: 루기아|par
|
|upkeep
|turn|48
|
|t:|1667021661
|move|p1a: Zacian|Behemoth Blade|p2a: 루기아
|-damage|p2a: 루기아|0 fnt
|-damage|p1a: Zacian|0 fnt|[from] item: Rocky Helmet|[of] p2a: 루기아
|faint|p2a: 루기아
|faint|p1a: Zacian
|
|upkeep
|
|t:|1667021673
|switch|p1a: Ho-Oh|Ho-Oh|100/100 tox
|switch|p2a: 아르세우스|Arceus-Fairy|100/100
|turn|49
|
|t:|1667021676
|switch|p2a: 악르세우스|Arceus-Dark|100/100
|move|p1a: Ho-Oh|Toxic|p2a: 악르세우스
|-status|p2a: 악르세우스|tox
|
|-damage|p2a: 악르세우스|94/100 tox|[from] psn
|-damage|p1a: Ho-Oh|94/100 tox|[from] psn
|upkeep
|turn|50
|
|t:|1667021685
|switch|p1a: Arceus|Arceus, shiny|100/100
|move|p2a: 악르세우스|Refresh|p2a: 악르세우스
|-curestatus|p2a: 악르세우스|tox|[msg]
|
|upkeep
|turn|51
|
|t:|1667021700
|move|p2a: 악르세우스|Judgment|p1a: Arceus
|-damage|p1a: Arceus|67/100
|move|p1a: Arceus|Swords Dance|p1a: Arceus
|-boost|p1a: Arceus|atk|2
|
|upkeep
|turn|52
|
|t:|1667021704
|move|p1a: Arceus|Extreme Speed|p2a: 악르세우스
|-damage|p2a: 악르세우스|19/100
|-damage|p1a: Arceus|57/100|[from] item: Life Orb
|move|p2a: 악르세우스|Judgment|p1a: Arceus
|-damage|p1a: Arceus|22/100
|
|upkeep
|turn|53
|
|t:|1667021721
|move|p1a: Arceus|Extreme Speed|p2a: 악르세우스
|-crit|p2a: 악르세우스
|-damage|p2a: 악르세우스|0 fnt
|faint|p2a: 악르세우스
|-damage|p1a: Arceus|12/100|[from] item: Life Orb
|
|upkeep
|
|t:|1667021723
|switch|p2a: 메타몽|Ditto|100/100
|-transform|p2a: 메타몽|p1a: Arceus|[from] ability: Imposter
|turn|54
|inactive|Diancie_hhh has 120 seconds left.
|
|t:|1667021756
|switch|p1a: Zygarde|Zygarde-Complete, shiny|100/100
|move|p2a: 메타몽|Extreme Speed|p1a: Zygarde
|-damage|p1a: Zygarde|66/100
|
|upkeep
|turn|55
|
|t:|1667021763
|-start|p2a: 메타몽|Dynamax|
|-heal|p2a: 메타몽|100/100|[silent]
|move|p2a: 메타몽|Max Strike|p1a: Zygarde
|-damage|p1a: Zygarde|13/100
|-unboost|p1a: Zygarde|spe|1
|move|p1a: Zygarde|Glare|p2a: 메타몽
|-status|p2a: 메타몽|par
|
|upkeep
|turn|56
|inactive|Diancie_hhh has 120 seconds left.
|
|t:|1667021798
|move|p2a: 메타몽|Max Strike|p1a: Zygarde
|-crit|p1a: Zygarde
|-damage|p1a: Zygarde|0 fnt
|faint|p1a: Zygarde
|
|upkeep
|
|t:|1667021800
|switch|p1a: Arceus|Arceus, shiny|12/100
|turn|57
|
|t:|1667021810
|move|p1a: Arceus|Extreme Speed|p2a: 메타몽
|-damage|p2a: 메타몽|73/100 par
|-damage|p1a: Arceus|2/100|[from] item: Life Orb
|move|p2a: 메타몽|Max Airstream|p1a: Arceus
|-damage|p1a: Arceus|0 fnt
|-boost|p2a: 메타몽|spe|1
|faint|p1a: Arceus
|
|upkeep
|
|t:|1667021823
|switch|p1a: 大地之神|Groudon-Primal, shiny|94/100 tox
|-weather|DesolateLand|[from] ability: Desolate Land|[of] p1a: 大地之神
|-end|p2a: 메타몽|Dynamax
|-heal|p2a: 메타몽|73/100 par|[silent]
|turn|58
|
|t:|1667021830
|move|p2a: 메타몽|Extreme Speed|p1a: 大地之神
|-damage|p1a: 大地之神|42/100 tox
|move|p1a: 大地之神|Fire Punch|p2a: 메타몽
|-crit|p2a: 메타몽
|-damage|p2a: 메타몽|0 fnt
|faint|p2a: 메타몽
|
|-weather|DesolateLand|[upkeep]
|-damage|p1a: 大地之神|36/100 tox|[from] psn
|upkeep
|
|t:|1667021837
|switch|p2a: 아르세우스|Arceus-Fairy|100/100
|turn|59
|
|t:|1667021842
|-weather|none
|switch|p1a: Ho-Oh|Ho-Oh|100/100 tox
|move|p2a: 아르세우스|Earth Power|p1a: Ho-Oh
|-immune|p1a: Ho-Oh
|
|-damage|p1a: Ho-Oh|94/100 tox|[from] psn
|upkeep
|turn|60
|
|t:|1667021851
|switch|p2a: 럭키|Chansey, F|100/100
|move|p1a: Ho-Oh|Toxic|p2a: 럭키
|-status|p2a: 럭키|tox
|
|-damage|p1a: Ho-Oh|82/100 tox|[from] psn
|-damage|p2a: 럭키|94/100 tox|[from] psn
|upkeep
|turn|61
|inactive|Diancie_hhh has 120 seconds left.
|
|t:|1667021871
|move|p1a: Ho-Oh|Sacred Fire|p2a: 럭키
|-damage|p2a: 럭키|60/100 tox
|move|p2a: 럭키|Wish|p2a: 럭키
|
|-damage|p1a: Ho-Oh|63/100 tox|[from] psn
|-damage|p2a: 럭키|48/100 tox|[from] psn
|upkeep
|turn|62
|inactive|Diancie_hhh has 120 seconds left.
|
|t:|1667021887
|switch|p1a: 大地之神|Groudon-Primal, shiny|36/100 tox
|-weather|DesolateLand|[from] ability: Desolate Land|[of] p1a: 大地之神
|-curestatus|p2a: 럭키|tox|[from] ability: Natural Cure
|switch|p2a: 그란돈|Groudon|100/100
|detailschange|p2a: 그란돈|Groudon-Primal
|-primal|p2a: 그란돈
|
|-weather|DesolateLand|[upkeep]
|-damage|p1a: 大地之神|29/100 tox|[from] psn
|upkeep
|turn|63
|inactive|Diancie_hhh has 120 seconds left.
|
|t:|1667021894
|switch|p2a: 아르세우스|Arceus-Fairy|100/100
|move|p1a: 大地之神|Earthquake|p2a: 아르세우스
|-damage|p2a: 아르세우스|64/100
|
|-weather|DesolateLand|[upkeep]
|-damage|p1a: 大地之神|17/100 tox|[from] psn
|upkeep
|turn|64
|inactive|Diancie_hhh has 120 seconds left.
|
|t:|1667021934
|-weather|none
|switch|p1a: Ho-Oh|Ho-Oh|97/100 tox
|move|p2a: 아르세우스|Recover|p2a: 아르세우스
|-heal|p2a: 아르세우스|100/100
|
|-damage|p1a: Ho-Oh|90/100 tox|[from] psn
|upkeep
|turn|65
|inactive|Diancie_hhh has 90 seconds left.
|
|t:|1667021959
|switch|p2a: 그란돈|Groudon-Primal|100/100
|-weather|DesolateLand|[from] ability: Desolate Land|[of] p2a: 그란돈
|move|p1a: Ho-Oh|Toxic|p2a: 그란돈
|-status|p2a: 그란돈|tox
|
|-weather|DesolateLand|[upkeep]
|-damage|p1a: Ho-Oh|78/100 tox|[from] psn
|-damage|p2a: 그란돈|94/100 tox|[from] psn
|upkeep
|turn|66
|
|t:|1667021970
|move|p1a: Ho-Oh|Roost|p1a: Ho-Oh
|-heal|p1a: Ho-Oh|100/100 tox
|-singleturn|p1a: Ho-Oh|move: Roost
|move|p2a: 그란돈|Rock Tomb|p1a: Ho-Oh
|-supereffective|p1a: Ho-Oh
|-damage|p1a: Ho-Oh|45/100 tox
|-unboost|p1a: Ho-Oh|spe|1
|
|-weather|DesolateLand|[upkeep]
|-damage|p2a: 그란돈|82/100 tox|[from] psn
|-damage|p1a: Ho-Oh|27/100 tox|[from] psn
|upkeep
|turn|67
|
|t:|1667021986
|move|p2a: 그란돈|Rock Tomb|p1a: Ho-Oh
|-supereffective|p1a: Ho-Oh
|-damage|p1a: Ho-Oh|0 fnt
|faint|p1a: Ho-Oh
|
|-weather|DesolateLand|[upkeep]
|-damage|p2a: 그란돈|63/100 tox|[from] psn
|upkeep
|
|t:|1667021992
|switch|p1a: 大地之神|Groudon-Primal, shiny|17/100 tox
|turn|68
|
|t:|1667021997
|move|p1a: 大地之神|Earthquake|p2a: 그란돈
|-supereffective|p2a: 그란돈
|-damage|p2a: 그란돈|0 fnt
|faint|p2a: 그란돈
|
|-weather|DesolateLand|[upkeep]
|-damage|p1a: 大地之神|11/100 tox|[from] psn
|upkeep
|
|t:|1667022000
|switch|p2a: 아르세우스|Arceus-Fairy|100/100
|turn|69
|
|t:|1667022003
|move|p2a: 아르세우스|Judgment|p1a: 大地之神
|-resisted|p1a: 大地之神
|-damage|p1a: 大地之神|0 fnt
|faint|p1a: 大地之神
|-weather|none
|
|upkeep
|
|t:|1667022005
|switch|p1a: Weavile|Weavile, F, shiny|100/100
|-ability|p1a: Weavile|Pressure
|turn|70
|
|t:|1667022009
|move|p1a: Weavile|Triple Axel|p2a: 아르세우스
|-damage|p2a: 아르세우스|95/100
|-damage|p2a: 아르세우스|83/100
|-damage|p2a: 아르세우스|68/100
|-hitcount|p2a: 아르세우스|3
|move|p2a: 아르세우스|Judgment|p1a: Weavile
|-supereffective|p1a: Weavile
|-damage|p1a: Weavile|0 fnt
|faint|p1a: Weavile
|
|win|rajof
|raw|Diancie_hhh's rating: 1824 &rarr; <strong>1815</strong><br />(-9 for losing)
|raw|rajof's rating: 2029 &rarr; <strong>2038</strong><br />(+9 for winning)
|l|☆rajof
