|j|☆Hhhhhhhhhhhhx
|j|☆Lord Of The Quogs
|t:|1662173775
|gametype|singles
|player|p1|Hhhhhhhhhhhhx|nate|1543
|player|p2|Lord Of The Quogs|hiker-gen4|1440
|teamsize|p1|6
|teamsize|p2|6
|gen|8
|tier|[Gen 8] National Dex AG
|rated|
|rule|HP Percentage Mod: HP is shown in percentages
|rule|Endless Battle Clause: Forcing endless battles is banned
|clearpoke
|poke|p1|Kyogre|
|poke|p1|Greninja, M|
|poke|p1|Zacian-*|
|poke|p1|Ditto|
|poke|p1|Urshifu-*, M|
|poke|p1|Necrozma-Dusk-Mane|
|poke|p2|Diancie|
|poke|p2|Landorus-Therian, M|
|poke|p2|Ferrothorn, F|
|poke|p2|Dugtrio, M|
|poke|p2|Kangaskhan, F|
|poke|p2|Regieleki|
|teampreview
|inactive|Battle timer is ON: inactive players will automatically lose when time's up. (requested by Lord Of The Quogs)
|
|t:|1662173797
|start
|switch|p1a: Urshifu|Urshifu-Rapid-Strike, M|100/100
|switch|p2a: Diancie|Diancie|100/100
|turn|1
|
|t:|1662173805
|switch|p2a: Ferrothorn|Ferrothorn, F|100/100
|move|p1a: Urshifu|Surging Strikes|p2a: Ferrothorn
|-resisted|p2a: Ferrothorn
|-crit|p2a: Ferrothorn
|-damage|p2a: Ferrothorn|95/100
|-damage|p1a: Urshifu|88/100|[from] ability: Iron Barbs|[of] p2a: Ferrothorn
|-resisted|p2a: Ferrothorn
|-crit|p2a: Ferrothorn
|-damage|p2a: Ferrothorn|88/100
|-damage|p1a: Urshifu|76/100|[from] ability: Iron Barbs|[of] p2a: Ferrothorn
|-resisted|p2a: Ferrothorn
|-crit|p2a: Ferrothorn
|-damage|p2a: Ferrothorn|81/100
|-damage|p1a: Urshifu|64/100|[from] ability: Iron Barbs|[of] p2a: Ferrothorn
|-hitcount|p2a: Ferrothorn|3
|-enditem|p2a: Ferrothorn|Eject Button
|
|t:|1662173824
|switch|p2a: Regieleki|Regieleki|100/100
|
|upkeep
|turn|2
|
|t:|1662173831
|switch|p1a: Necrozma|Necrozma-Dusk-Mane|100/100
|move|p2a: Regieleki|Thunderbolt|p1a: Necrozma
|-damage|p1a: Necrozma|48/100
|
|upkeep
|turn|3
|
|t:|1662173841
|-start|p1a: Necrozma|Dynamax|
|-heal|p1a: Necrozma|48/100|[silent]
|move|p2a: Regieleki|Thunderbolt|p1a: Necrozma
|-damage|p1a: Necrozma|22/100
|move|p1a: Necrozma|Max Quake|p2a: Regieleki
|-supereffective|p2a: Regieleki
|-damage|p2a: Regieleki|0 fnt
|-boost|p1a: Necrozma|spd|1
|faint|p2a: Regieleki
|-damage|p1a: Necrozma|17/100|[from] item: Life Orb
|
|upkeep
|
|t:|1662173853
|switch|p2a: Kangaskhan|Kangaskhan, F|100/100
|turn|4
|
|t:|1662173860
|detailschange|p2a: Kangaskhan|Kangaskhan-Mega, F
|-mega|p2a: Kangaskhan|Kangaskhan|Kangaskhanite
|move|p2a: Kangaskhan|Seismic Toss|p1a: Necrozma
|-damage|p1a: Necrozma|5/100
|-damage|p1a: Necrozma|0 fnt
|faint|p1a: Necrozma
|-hitcount|p1: Necrozma|2
|
|upkeep
|
|t:|1662173866
|switch|p1a: Urshifu|Urshifu-Rapid-Strike, M|64/100
|turn|5
|
|t:|1662173870
|switch|p2a: Ferrothorn|Ferrothorn, F|81/100
|move|p1a: Urshifu|Close Combat|p2a: Ferrothorn
|-supereffective|p2a: Ferrothorn
|-damage|p2a: Ferrothorn|6/100
|-unboost|p1a: Urshifu|def|1
|-unboost|p1a: Urshifu|spd|1
|-damage|p1a: Urshifu|51/100|[from] ability: Iron Barbs|[of] p2a: Ferrothorn
|
|upkeep
|turn|6
|
|t:|1662173874
|move|p1a: Urshifu|Close Combat|p2a: Ferrothorn
|-supereffective|p2a: Ferrothorn
|-damage|p2a: Ferrothorn|0 fnt
|-unboost|p1a: Urshifu|def|1
|-unboost|p1a: Urshifu|spd|1
|-damage|p1a: Urshifu|39/100|[from] ability: Iron Barbs|[of] p2a: Ferrothorn
|faint|p2a: Ferrothorn
|
|upkeep
|
|t:|1662173884
|switch|p2a: Kangaskhan|Kangaskhan-Mega, F|100/100
|turn|7
|
|t:|1662173887
|move|p1a: Urshifu|Close Combat|p2a: Kangaskhan
|-supereffective|p2a: Kangaskhan
|-damage|p2a: Kangaskhan|0 fnt
|-unboost|p1a: Urshifu|def|1
|-unboost|p1a: Urshifu|spd|1
|faint|p2a: Kangaskhan
|
|upkeep
|
|t:|1662173896
|switch|p2a: Diancie|Diancie|100/100
|turn|8
|
|t:|1662173900
|move|p1a: Urshifu|Close Combat|p2a: Diancie
|-damage|p2a: Diancie|51/100
|-unboost|p1a: Urshifu|def|1
|-unboost|p1a: Urshifu|spd|1
|move|p2a: Diancie|Stealth Rock|p1a: Urshifu
|-sidestart|p1: Hhhhhhhhhhhhx|move: Stealth Rock
|
|-heal|p2a: Diancie|57/100|[from] item: Leftovers
|upkeep
|turn|9
|
|t:|1662173906
|switch|p1a: Kyogre|Kyogre|100/100
|-damage|p1a: Kyogre|88/100|[from] Stealth Rock
|-weather|RainDance|[from] ability: Drizzle|[of] p1a: Kyogre
|move|p2a: Diancie|Diamond Storm|p1a: Kyogre
|-damage|p1a: Kyogre|63/100
|
|-weather|RainDance|[upkeep]
|-heal|p2a: Diancie|64/100|[from] item: Leftovers
|upkeep
|turn|10
|
|t:|1662173927
|move|p1a: Kyogre|Origin Pulse|p2a: Diancie
|-supereffective|p2a: Diancie
|-damage|p2a: Diancie|0 fnt
|faint|p2a: Diancie
|
|-weather|RainDance|[upkeep]
|upkeep
|
|t:|1662173935
|switch|p2a: Dugtrio|Dugtrio, M|100/100
|turn|11
|
|t:|1662173941
|move|p2a: Dugtrio|Final Gambit|p1a: Kyogre
|-damage|p1a: Kyogre|10/100
|-enditem|p1a: Kyogre|Aguav Berry|[eat]
|-heal|p1a: Kyogre|43/100|[from] item: Aguav Berry
|faint|p2a: Dugtrio
|move|p1a: Kyogre|Origin Pulse|p2: Dugtrio|[notarget]
|-fail|p1a: Kyogre
|
|-weather|RainDance|[upkeep]
|upkeep
|
|t:|1662173946
|switch|p2a: Landorus|Landorus-Therian, M|100/100
|-ability|p2a: Landorus|Intimidate|boost
|-unboost|p1a: Kyogre|atk|1
|turn|12
|
|t:|1662173956
|move|p2a: Landorus|Swords Dance|p2a: Landorus
|-boost|p2a: Landorus|atk|2
|move|p1a: Kyogre|Origin Pulse|p2a: Landorus|[miss]
|-miss|p1a: Kyogre|p2a: Landorus
|
|-weather|RainDance|[upkeep]
|upkeep
|turn|13
|
|t:|1662173961
|-start|p2a: Landorus|Dynamax|
|-heal|p2a: Landorus|100/100|[silent]
|move|p2a: Landorus|Max Airstream|p1a: Kyogre
|-damage|p1a: Kyogre|0 fnt
|-boost|p2a: Landorus|spe|1
|faint|p1a: Kyogre
|
|-weather|none
|upkeep
|
|t:|1662173975
|switch|p1a: Urshifu|Urshifu-Rapid-Strike, M|39/100
|-damage|p1a: Urshifu|33/100|[from] Stealth Rock
|turn|14
|
|t:|1662173979
|move|p2a: Landorus|Max Airstream|p1a: Urshifu
|-supereffective|p1a: Urshifu
|-damage|p1a: Urshifu|0 fnt
|-boost|p2a: Landorus|spe|1
|faint|p1a: Urshifu
|
|upkeep
|
|t:|1662173986
|switch|p1a: Greninja|Greninja, M|100/100
|-damage|p1a: Greninja|88/100|[from] Stealth Rock
|turn|15
|
|t:|1662173994
|move|p1a: Greninja|Water Shuriken|p2a: Landorus
|-supereffective|p2a: Landorus
|-damage|p2a: Landorus|86/100
|-supereffective|p2a: Landorus
|-damage|p2a: Landorus|73/100
|-supereffective|p2a: Landorus
|-damage|p2a: Landorus|60/100
|-hitcount|p2a: Landorus|3
|move|p2a: Landorus|Max Quake|p1a: Greninja
|-damage|p1a: Greninja|0 fnt
|-boost|p2a: Landorus|spd|1
|faint|p1a: Greninja
|
|-heal|p2a: Landorus|63/100|[from] item: Leftovers
|upkeep
|
|t:|1662173999
|switch|p1a: Zacian|Zacian-Crowned|100/100
|-damage|p1a: Zacian|94/100|[from] Stealth Rock
|-ability|p1a: Zacian|Intrepid Sword|boost
|-boost|p1a: Zacian|atk|1
|-end|p2a: Landorus|Dynamax
|-heal|p2a: Landorus|64/100|[silent]
|turn|16
|
|t:|1662174006
|move|p2a: Landorus|Earthquake|p1a: Zacian
|-supereffective|p1a: Zacian
|-damage|p1a: Zacian|0 fnt
|faint|p1a: Zacian
|
|-heal|p2a: Landorus|69/100|[from] item: Leftovers
|upkeep
|
|t:|1662174008
|switch|p1a: Ditto|Ditto|100/100
|-damage|p1a: Ditto|88/100|[from] Stealth Rock
|-transform|p1a: Ditto|p2a: Landorus|[from] ability: Imposter
|-ability|p1a: Ditto|Intimidate|boost
|-unboost|p2a: Landorus|atk|1
|turn|17
|c|☆Lord Of The Quogs|gg
|
|t:|1662174016
|move|p1a: Ditto|Fly||[still]
|-prepare|p1a: Ditto|Fly
|move|p2a: Landorus|Fly||[still]
|-prepare|p2a: Landorus|Fly
|
|-heal|p2a: Landorus|75/100|[from] item: Leftovers
|upkeep
|turn|18
|
|t:|1662174019
|move|p1a: Ditto|Fly|p2a: Landorus|[from]lockedmove|[miss]
|-miss|p1a: Ditto|p2a: Landorus
|move|p2a: Landorus|Fly|p1a: Ditto|[from]lockedmove
|-damage|p1a: Ditto|0 fnt
|faint|p1a: Ditto
|
|win|Lord Of The Quogs
|raw|Hhhhhhhhhhhhx's rating: 1543 &rarr; <strong>1517</strong><br />(-26 for losing)
|raw|Lord Of The Quogs's rating: 1440 &rarr; <strong>1466</strong><br />(+26 for winning)
|l|☆Hhhhhhhhhhhhx
||Ladder isn't responding, score probably updated but might not have (Request timeout).
