|j|☆cllout
|j|☆Ryrox
|t:|1667896454
|gametype|singles
|player|p1|cllout|misty-lgpe|1499
|player|p2|Ryrox|guzma|1420
|teamsize|p1|6
|teamsize|p2|6
|gen|8
|tier|[Gen 8] National Dex AG
|rated|
|rule|HP Percentage Mod: HP is shown in percentages
|rule|Endless Battle Clause: Forcing endless battles is banned
|clearpoke
|poke|p1|Shaymin-Sky|
|poke|p1|Marshadow|
|poke|p1|Necrozma-Dusk-Mane|
|poke|p1|Yveltal|
|poke|p1|Calyrex-Shadow|
|poke|p1|Rayquaza|
|poke|p2|Hawlucha, F|
|poke|p2|Giratina|
|poke|p2|Charizard, F|
|poke|p2|Excadrill, F|
|poke|p2|Tyranitar, M|
|poke|p2|Indeedee, M|
|teampreview
|inactive|Battle timer is ON: inactive players will automatically lose when time's up. (requested by cllout)
|
|t:|1667896466
|start
|switch|p1a: Necrozma|Necrozma-Dusk-Mane|100/100
|switch|p2a: Tyranitar|Tyranitar, M|100/100
|-weather|Sandstorm|[from] ability: Sand Stream|[of] p2a: Tyranitar
|turn|1
|
|t:|1667896472
|move|p1a: Necrozma|Stealth Rock|p2a: Tyranitar
|-sidestart|p2: Ryrox|move: Stealth Rock
|move|p2a: Tyranitar|Stealth Rock|p1a: Necrozma
|-sidestart|p1: cllout|move: Stealth Rock
|
|-weather|Sandstorm|[upkeep]
|upkeep
|turn|2
|
|t:|1667896481
|switch|p2a: Charizard|Charizard, F|100/100
|-damage|p2a: Charizard|51/100|[from] Stealth Rock
|move|p1a: Necrozma|Sunsteel Strike|p2a: Charizard
|-resisted|p2a: Charizard
|-damage|p2a: Charizard|14/100
|
|-weather|Sandstorm|[upkeep]
|-damage|p2a: Charizard|8/100|[from] Sandstorm
|upkeep
|turn|3
|
|t:|1667896490
|detailschange|p2a: Charizard|Charizard-Mega-X, F
|-mega|p2a: Charizard|Charizard|Charizardite X
|move|p2a: Charizard|Flare Blitz|p1a: Necrozma
|-supereffective|p1a: Necrozma
|-damage|p1a: Necrozma|32/100
|-damage|p2a: Charizard|0 fnt|[from] item: Rocky Helmet|[of] p1a: Necrozma
|faint|p2a: Charizard
|move|p1a: Necrozma|Sunsteel Strike|p2: Charizard|[notarget]
|-fail|p1a: Necrozma
|
|-weather|Sandstorm|[upkeep]
|upkeep
|
|t:|1667896499
|switch|p2a: Excadrill|Excadrill, F|100/100
|-damage|p2a: Excadrill|97/100|[from] Stealth Rock
|turn|4
|
|t:|1667896505
|switch|p1a: Yveltal|Yveltal, shiny|100/100
|-ability|p1a: Yveltal|Dark Aura
|move|p2a: Excadrill|Earthquake|p1a: Yveltal
|-immune|p1a: Yveltal
|
|-weather|Sandstorm|[upkeep]
|-damage|p1a: Yveltal|94/100|[from] Sandstorm
|upkeep
|turn|5
|
|t:|1667896513
|switch|p2a: Tyranitar|Tyranitar, M|100/100
|-damage|p2a: Tyranitar|88/100|[from] Stealth Rock
|switch|p1a: Calyrex|Calyrex-Shadow|100/100
|-ability|p1a: Calyrex|As One
|-ability|p1a: Calyrex|Unnerve
|-damage|p1a: Calyrex|88/100|[from] Stealth Rock
|
|-weather|none
|-heal|p2a: Tyranitar|94/100|[from] item: Leftovers
|upkeep
|turn|6
|
|t:|1667896522
|switch|p1a: Rayquaza|Rayquaza|100/100
|-damage|p1a: Rayquaza|76/100|[from] Stealth Rock
|-ability|p1a: Rayquaza|Air Lock
|move|p2a: Tyranitar|Crunch|p1a: Rayquaza
|-damage|p1a: Rayquaza|34/100
|
|-heal|p2a: Tyranitar|100/100|[from] item: Leftovers
|upkeep
|turn|7
|
|t:|1667896546
|detailschange|p1a: Rayquaza|Rayquaza-Mega
|-mega|p1a: Rayquaza|Rayquaza|
|-weather|DeltaStream|[from] ability: Delta Stream|[of] p1a: Rayquaza
|move|p1a: Rayquaza|Earthquake|p2a: Tyranitar
|-supereffective|p2a: Tyranitar
|-damage|p2a: Tyranitar|0 fnt
|faint|p2a: Tyranitar
|-damage|p1a: Rayquaza|24/100|[from] item: Life Orb
|
|-weather|DeltaStream|[upkeep]
|upkeep
|
|t:|1667896555
|switch|p2a: Indeedee|Indeedee, M|100/100
|-damage|p2a: Indeedee|88/100|[from] Stealth Rock
|-fieldstart|move: Psychic Terrain|[from] ability: Psychic Surge|[of] p2a: Indeedee
|turn|8
|
|t:|1667896567
|-weather|none
|switch|p1a: Yveltal|Yveltal, shiny|94/100
|-ability|p1a: Yveltal|Dark Aura
|move|p2a: Indeedee|Shadow Ball|p1a: Yveltal
|-resisted|p1a: Yveltal
|-damage|p1a: Yveltal|86/100
|
|upkeep
|turn|9
|
|t:|1667896577
|switch|p2a: Hawlucha|Hawlucha, F, shiny|100/100
|-damage|p2a: Hawlucha|88/100|[from] Stealth Rock
|-enditem|p2a: Hawlucha|Psychic Seed
|-boost|p2a: Hawlucha|spd|1|[from] item: Psychic Seed
|move|p1a: Yveltal|Defog|p2a: Hawlucha
|-unboost|p2a: Hawlucha|evasion|1
|-sideend|p2: Ryrox|Stealth Rock|[from] move: Defog|[of] p1a: Yveltal
|-sideend|p1: cllout|Stealth Rock|[from] move: Defog|[of] p1a: Yveltal
|-fieldend|move: Psychic Terrain
|
|upkeep
|turn|10
|
|t:|1667896594
|-start|p2a: Hawlucha|Dynamax|
|-heal|p2a: Hawlucha|88/100|[silent]
|move|p2a: Hawlucha|Max Flutterby|p1a: Yveltal
|-damage|p1a: Yveltal|52/100
|-unboost|p1a: Yveltal|spa|1
|move|p1a: Yveltal|Taunt|p2a: Hawlucha
|-start|p2a: Hawlucha|move: Taunt
|
|upkeep
|turn|11
|
|t:|1667896613
|move|p2a: Hawlucha|Max Airstream|p1a: Yveltal
|-damage|p1a: Yveltal|8/100
|-boost|p2a: Hawlucha|spe|1
|move|p1a: Yveltal|Roost|p1a: Yveltal
|-heal|p1a: Yveltal|58/100
|-singleturn|p1a: Yveltal|move: Roost
|
|upkeep
|turn|12
|
|t:|1667896638
|move|p2a: Hawlucha|Max Knuckle|p1a: Yveltal
|-damage|p1a: Yveltal|18/100
|-boost|p2a: Hawlucha|atk|1
|move|p1a: Yveltal|Roost|p1a: Yveltal
|-heal|p1a: Yveltal|69/100
|-singleturn|p1a: Yveltal|move: Roost
|
|upkeep
|-end|p2a: Hawlucha|Dynamax
|-heal|p2a: Hawlucha|88/100|[silent]
|turn|13
|
|t:|1667896653
|move|p2a: Hawlucha|Acrobatics|p1a: Yveltal
|-damage|p1a: Yveltal|6/100
|move|p1a: Yveltal|Roost|p1a: Yveltal
|-heal|p1a: Yveltal|56/100
|-singleturn|p1a: Yveltal|move: Roost
|
|-end|p2a: Hawlucha|move: Taunt
|upkeep
|turn|14
|
|t:|1667896670
|move|p2a: Hawlucha|Acrobatics|p1a: Yveltal
|-damage|p1a: Yveltal|0 fnt
|faint|p1a: Yveltal
|
|upkeep
|
|t:|1667896680
|switch|p1a: Marshadow|Marshadow|100/100
|turn|15
|
|t:|1667896694
|move|p2a: Hawlucha|Acrobatics|p1a: Marshadow
|-supereffective|p1a: Marshadow
|-enditem|p1a: Marshadow|Focus Sash
|-damage|p1a: Marshadow|1/100
|move|p1a: Marshadow|Spectral Thief||[still]
|-clearpositiveboost|p2a: Hawlucha|p1a: Marshadow|move: Spectral Thief
|-boost|p1a: Marshadow|atk|1
|-boost|p1a: Marshadow|spd|1
|-boost|p1a: Marshadow|spe|1
|-anim|p1a: Marshadow|Spectral Thief|p2a: Hawlucha
|-damage|p2a: Hawlucha|0 fnt
|faint|p2a: Hawlucha
|
|upkeep
|
|t:|1667896704
|switch|p2a: Giratina|Giratina|100/100
|-ability|p2a: Giratina|Pressure
|turn|16
|
|t:|1667896716
|move|p1a: Marshadow|Spectral Thief|p2a: Giratina
|-supereffective|p2a: Giratina
|-damage|p2a: Giratina|46/100
|move|p2a: Giratina|Dragon Tail|p1a: Marshadow
|-damage|p1a: Marshadow|0 fnt
|faint|p1a: Marshadow
|
|-heal|p2a: Giratina|52/100|[from] item: Leftovers
|upkeep
|
|t:|1667896734
|switch|p1a: Calyrex|Calyrex-Shadow|88/100
|-ability|p1a: Calyrex|As One
|-ability|p1a: Calyrex|Unnerve
|turn|17
|
|t:|1667896757
|move|p1a: Calyrex|Astral Barrage|p2a: Giratina
|-supereffective|p2a: Giratina
|-damage|p2a: Giratina|0 fnt
|faint|p2a: Giratina
|-ability|p1a: Calyrex|Grim Neigh|boost
|-boost|p1a: Calyrex|spa|1
|
|upkeep
|
|t:|1667896760
|switch|p2a: Indeedee|Indeedee, M|88/100
|-fieldstart|move: Psychic Terrain|[from] ability: Psychic Surge|[of] p2a: Indeedee
|turn|18
|
|t:|1667896783
|-start|p1a: Calyrex|Dynamax|
|-heal|p1a: Calyrex|88/100|[silent]
|move|p2a: Indeedee|Shadow Ball|p1a: Calyrex
|-supereffective|p1a: Calyrex
|-damage|p1a: Calyrex|41/100
|-unboost|p1a: Calyrex|spd|1
|move|p1a: Calyrex|Max Phantasm|p2a: Indeedee
|-immune|p2a: Indeedee
|
|upkeep
|turn|19
|inactive|cllout has 120 seconds left.
|inactive|Ryrox has 120 seconds left.
|
|t:|1667896819
|move|p2a: Indeedee|Shadow Ball|p1a: Calyrex
|-supereffective|p1a: Calyrex
|-damage|p1a: Calyrex|0 fnt
|faint|p1a: Calyrex
|
|upkeep
|inactive|cllout has 120 seconds left.
|
|t:|1667896840
|switch|p1a: Necrozma|Necrozma-Dusk-Mane|32/100
|turn|20
|
|t:|1667896848
|move|p2a: Indeedee|Shadow Ball|p1a: Necrozma
|-supereffective|p1a: Necrozma
|-damage|p1a: Necrozma|2/100
|move|p1a: Necrozma|Morning Sun|p1a: Necrozma
|-heal|p1a: Necrozma|52/100
|
|upkeep
|turn|21
|
|t:|1667896856
|move|p2a: Indeedee|Shadow Ball|p1a: Necrozma
|-supereffective|p1a: Necrozma
|-damage|p1a: Necrozma|23/100
|move|p1a: Necrozma|Morning Sun|p1a: Necrozma
|-heal|p1a: Necrozma|73/100
|
|upkeep
|turn|22
|inactive|cllout has 120 seconds left.
|
|t:|1667896868
|move|p2a: Indeedee|Shadow Ball|p1a: Necrozma
|-supereffective|p1a: Necrozma
|-damage|p1a: Necrozma|44/100
|-unboost|p1a: Necrozma|spd|1
|move|p1a: Necrozma|Morning Sun|p1a: Necrozma
|-heal|p1a: Necrozma|94/100
|
|-fieldend|move: Psychic Terrain
|upkeep
|turn|23
|inactive|cllout has 120 seconds left.
|
|t:|1667896876
|move|p2a: Indeedee|Shadow Ball|p1a: Necrozma
|-supereffective|p1a: Necrozma
|-damage|p1a: Necrozma|49/100
|move|p1a: Necrozma|Sunsteel Strike|p2a: Indeedee
|-damage|p2a: Indeedee|0 fnt
|faint|p2a: Indeedee
|
|upkeep
|
|t:|1667896883
|switch|p2a: Excadrill|Excadrill, F|97/100
|turn|24
|inactive|cllout has 120 seconds left.
|
|t:|1667896901
|switch|p1a: Rayquaza|Rayquaza-Mega|24/100
|-weather|DeltaStream|[from] ability: Delta Stream|[of] p1a: Rayquaza
|move|p2a: Excadrill|Earthquake|p1a: Rayquaza
|-immune|p1a: Rayquaza
|
|-weather|DeltaStream|[upkeep]
|upkeep
|turn|25
|
|t:|1667896908
|move|p1a: Rayquaza|Earthquake|p2a: Excadrill
|-supereffective|p2a: Excadrill
|-damage|p2a: Excadrill|0 fnt
|faint|p2a: Excadrill
|-damage|p1a: Rayquaza|14/100|[from] item: Life Orb
|
|win|cllout
|raw|cllout's rating: 1499 &rarr; <strong>1515</strong><br />(+16 for winning)
|raw|Ryrox's rating: 1420 &rarr; <strong>1404</strong><br />(-16 for losing)
