|j|☆Dark Umbreon 08
|j|☆doot_underscore
|t:|1664184455
|gametype|singles
|player|p1|Dark Umbreon 08|pokemonrangerf-gen4|1461
|player|p2|doot_underscore|brock|1549
|teamsize|p1|6
|teamsize|p2|6
|gen|8
|tier|[Gen 8] National Dex AG
|rated|
|rule|HP Percentage Mod: HP is shown in percentages
|rule|Endless Battle Clause: Forcing endless battles is banned
|clearpoke
|poke|p1|Latias, F|
|poke|p1|Registeel|
|poke|p1|Meloetta|
|poke|p1|Forretress, M|
|poke|p1|Ditto|
|poke|p1|Cottonee, L1, M|
|poke|p2|Landorus-Therian, M|
|poke|p2|Marshadow|
|poke|p2|Kyogre|
|poke|p2|Deoxys-Speed|
|poke|p2|Zacian-*|
|poke|p2|Lucario, M|
|teampreview
|inactive|Battle timer is ON: inactive players will automatically lose when time's up. (requested by Dark Umbreon 08)
|
|t:|1664184486
|start
|switch|p1a: Meloetta|Meloetta|100/100
|switch|p2a: average lead|Deoxys-Speed|100/100
|-ability|p2a: average lead|Pressure
|turn|1
|
|t:|1664184501
|move|p2a: average lead|Taunt|p1a: Meloetta
|-start|p1a: Meloetta|move: Taunt
|-zpower|p1a: Meloetta
|move|p1a: Meloetta|Z-Celebrate|p1a: Meloetta|[anim]Celebrate
|-boost|p1a: Meloetta|atk|1|[zeffect]
|-boost|p1a: Meloetta|def|1|[zeffect]
|-boost|p1a: Meloetta|spa|1|[zeffect]
|-boost|p1a: Meloetta|spd|1|[zeffect]
|-boost|p1a: Meloetta|spe|1|[zeffect]
|-activate|p1a: Meloetta|move: Celebrate
|
|upkeep
|turn|2
|
|t:|1664184508
|move|p2a: average lead|Light Screen|p2a: average lead
|-sidestart|p2: doot_underscore|move: Light Screen
|move|p1a: Meloetta|Shadow Ball|p2a: average lead
|-supereffective|p2a: average lead
|-damage|p2a: average lead|46/100
|
|upkeep
|turn|3
|
|t:|1664184515
|move|p2a: average lead|Stealth Rock|p1a: Meloetta
|-sidestart|p1: Dark Umbreon 08|move: Stealth Rock
|move|p1a: Meloetta|Shadow Ball|p2a: average lead
|-supereffective|p2a: average lead
|-damage|p2a: average lead|0 fnt
|faint|p2a: average lead
|
|-end|p1a: Meloetta|move: Taunt
|upkeep
|
|t:|1664184528
|switch|p2a: luke|Lucario, M|100/100
|turn|4
|
|t:|1664184537
|detailschange|p2a: luke|Lucario-Mega, M
|-mega|p2a: luke|Lucario|Lucarionite
|move|p1a: Meloetta|Psychic|p2a: luke
|-damage|p2a: luke|41/100
|move|p2a: luke|Meteor Mash|p1a: Meloetta
|-damage|p1a: Meloetta|47/100
|
|upkeep
|turn|5
|
|t:|1664184562
|move|p2a: luke|Bullet Punch|p1a: Meloetta
|-damage|p1a: Meloetta|22/100
|move|p1a: Meloetta|Psychic|p2a: luke
|-damage|p2a: luke|0 fnt
|faint|p2a: luke
|
|upkeep
|c|☆doot_underscore|man z moves going through taunt is stupid
|inactive|doot_underscore has 120 seconds left.
|
|t:|1664184582
|switch|p2a: ocean man|Kyogre|100/100
|-weather|RainDance|[from] ability: Drizzle|[of] p2a: ocean man
|turn|6
|
|t:|1664184587
|move|p2a: ocean man|Surf|p1a: Meloetta
|-damage|p1a: Meloetta|0 fnt
|faint|p1a: Meloetta
|
|-weather|RainDance|[upkeep]
|upkeep
|
|t:|1664184592
|switch|p1a: Forretress|Forretress, M, shiny|100/100
|-damage|p1a: Forretress|88/100|[from] Stealth Rock
|turn|7
|
|t:|1664184609
|switch|p2a: uu staple|Zacian-Crowned|100/100
|-ability|p2a: uu staple|Intrepid Sword|boost
|-boost|p2a: uu staple|atk|1
|move|p1a: Forretress|Rapid Spin|p2a: uu staple
|-resisted|p2a: uu staple
|-damage|p2a: uu staple|95/100
|-boost|p1a: Forretress|spe|1
|-sideend|p1: Dark Umbreon 08|Stealth Rock|[from] move: Rapid Spin|[of] p1a: Forretress
|
|-weather|RainDance|[upkeep]
|upkeep
|turn|8
|
|t:|1664184618
|move|p2a: uu staple|Substitute|p2a: uu staple
|-start|p2a: uu staple|Substitute
|-damage|p2a: uu staple|70/100
|move|p1a: Forretress|Stealth Rock|p2a: uu staple
|-sidestart|p2: doot_underscore|move: Stealth Rock
|
|-weather|RainDance|[upkeep]
|upkeep
|turn|9
|-message|doot_underscore forfeited.
|
|win|Dark Umbreon 08
|raw|Dark Umbreon 08's rating: 1461 &rarr; <strong>1485</strong><br />(+24 for winning)
|raw|doot_underscore's rating: 1526 &rarr; <strong>1502</strong><br />(-24 for losing)
|l|☆doot_underscore
