|j|☆Onoufrios
|j|☆SteamboatGeyser
|player|p1|Onoufrios|psychic-gen4|1738
|player|p2|SteamboatGeyser|lusamine-nihilego|1640
|teamsize|p1|6
|teamsize|p2|6
|gametype|singles
|gen|8
|tier|[Gen 8] National Dex AG
|rated|
|clearpoke
|poke|p1|Necrozma-Dusk-Mane|
|poke|p1|Arceus-*|
|poke|p1|Xerneas|
|poke|p1|Lugia|
|poke|p1|Zacian-Crowned|
|poke|p1|Rayquaza|
|poke|p2|Mudsdale, F|
|poke|p2|Zacian-Crowned|
|poke|p2|Ho-Oh|
|poke|p2|Necrozma-Dusk-Mane|
|poke|p2|Zygarde|
|poke|p2|Ferrothorn, F|
|rule|HP Percentage Mod: HP is shown in percentages
|rule|Endless Battle Clause: Forcing endless battles is banned
|teampreview
|inactive|Battle timer is ON: inactive players will automatically lose when time's up. (requested by SteamboatGeyser)
|
|start
|switch|p1a: Necrozma|Necrozma-Dusk-Mane|100/100
|switch|p2a: Zygarde|Zygarde|100/100
|turn|1
|
|switch|p1a: Lugia|Lugia|100/100
|move|p2a: Zygarde|Glare|p1a: Lugia
|-status|p1a: Lugia|par
|
|upkeep
|turn|2
|
|switch|p2a: Necrozma|Necrozma-Dusk-Mane|100/100
|move|p1a: Lugia|Whirlwind|p2a: Necrozma
|drag|p2a: Zacian|Zacian-Crowned|100/100
|-ability|p2a: Zacian|Intrepid Sword|boost
|-boost|p2a: Zacian|atk|1
|
|upkeep
|turn|3
|
|switch|p2a: Zygarde|Zygarde|100/100
|move|p1a: Lugia|Thunder Wave|p2a: Zygarde
|-immune|p2a: Zygarde
|
|upkeep
|turn|4
|
|move|p2a: Zygarde|Thousand Arrows|p1a: Lugia
|-damage|p1a: Lugia|93/100 par
|-start|p1a: Lugia|Smack Down
|move|p1a: Lugia|Reflect|p1a: Lugia
|-sidestart|p1: Onoufrios|Reflect
|
|upkeep
|turn|5
|
|switch|p2a: Mudsdale|Mudsdale, F|100/100
|cant|p1a: Lugia|par
|
|upkeep
|turn|6
|
|move|p1a: Lugia|Whirlwind|p2a: Mudsdale
|drag|p2a: Zacian|Zacian-Crowned|100/100
|-ability|p2a: Zacian|Intrepid Sword|boost
|-boost|p2a: Zacian|atk|1
|
|upkeep
|turn|7
|
|switch|p2a: Mudsdale|Mudsdale, F|100/100
|move|p1a: Lugia|Thunder Wave|p2a: Mudsdale
|-immune|p2a: Mudsdale
|
|upkeep
|turn|8
|
|switch|p1a: Rayquaza|Rayquaza|100/100
|-ability|p1a: Rayquaza|Air Lock
|move|p2a: Mudsdale|Roar|p1a: Rayquaza
|drag|p1a: Zacian|Zacian-Crowned|100/100
|-ability|p1a: Zacian|Intrepid Sword|boost
|-boost|p1a: Zacian|atk|1
|
|upkeep
|turn|9
|c|☆SteamboatGeyser|Fear the mud horse thingy
|
|move|p1a: Zacian|Behemoth Blade|p2a: Mudsdale
|-damage|p2a: Mudsdale|42/100
|-ability|p2a: Mudsdale|Stamina|boost
|-boost|p2a: Mudsdale|def|1
|move|p2a: Mudsdale|Roar|p1a: Zacian
|drag|p1a: Lugia|Lugia|93/100 par
|
|-heal|p2a: Mudsdale|48/100|[from] item: Leftovers
|upkeep
|turn|10
|c|☆SteamboatGeyser|FEAR IT, I SAID
|
|move|p1a: Lugia|Light Screen|p1a: Lugia
|-sidestart|p1: Onoufrios|move: Light Screen
|move|p2a: Mudsdale|Roar|p1a: Lugia
|drag|p1a: Rayquaza|Rayquaza|100/100
|-ability|p1a: Rayquaza|Air Lock
|
|-heal|p2a: Mudsdale|54/100|[from] item: Leftovers
|upkeep
|turn|11
|
|detailschange|p1a: Rayquaza|Rayquaza-Mega
|-mega|p1a: Rayquaza|Rayquaza|
|-weather|DeltaStream|[from] ability: Delta Stream|[of] p1a: Rayquaza
|move|p1a: Rayquaza|Dragon Ascent|p2a: Mudsdale
|-crit|p2a: Mudsdale
|-damage|p2a: Mudsdale|0 fnt
|-unboost|p1a: Rayquaza|def|1
|-unboost|p1a: Rayquaza|spd|1
|-damage|p1a: Rayquaza|91/100|[from] item: Life Orb
|faint|p2a: Mudsdale
|
|-weather|DeltaStream|[upkeep]
|-sideend|p1: Onoufrios|Reflect
|upkeep
|c|☆SteamboatGeyser|Crit mattered
|
|switch|p2a: Zacian|Zacian-Crowned|100/100
|-ability|p2a: Zacian|Intrepid Sword|boost
|-boost|p2a: Zacian|atk|1
|turn|12
|c|☆SteamboatGeyser|:(
|inactive|Onoufrios has 120 seconds left.
|
|-weather|none
|switch|p1a: Necrozma|Necrozma-Dusk-Mane|100/100
|move|p2a: Zacian|Behemoth Blade|p1a: Necrozma
|-resisted|p1a: Necrozma
|-crit|p1a: Necrozma
|-damage|p1a: Necrozma|43/100
|
|upkeep
|turn|13
|c|☆SteamboatGeyser|sry
|
|move|p2a: Zacian|Close Combat|p1a: Necrozma
|-damage|p1a: Necrozma|0 fnt
|-unboost|p2a: Zacian|def|1
|-unboost|p2a: Zacian|spd|1
|faint|p1a: Necrozma
|
|upkeep
|
|switch|p1a: Lugia|Lugia|93/100 par
|turn|14
|
|move|p2a: Zacian|Wild Charge|p1a: Lugia
|-supereffective|p1a: Lugia
|-damage|p1a: Lugia|36/100 par
|-damage|p2a: Zacian|82/100|[from] Recoil
|move|p1a: Lugia|Reflect|p1a: Lugia
|-sidestart|p1: Onoufrios|Reflect
|
|upkeep
|turn|15
|
|switch|p2a: Zygarde|Zygarde|100/100
|move|p1a: Lugia|Thunder Wave|p2a: Zygarde
|-immune|p2a: Zygarde
|
|upkeep
|turn|16
|
|switch|p2a: Ferrothorn|Ferrothorn, F|100/100
|move|p1a: Lugia|Whirlwind|p2a: Ferrothorn
|drag|p2a: Necrozma|Necrozma-Dusk-Mane|100/100
|
|upkeep
|turn|17
|inactive|Onoufrios has 120 seconds left.
|
|switch|p1a: Rayquaza|Rayquaza-Mega|91/100
|-weather|DeltaStream|[from] ability: Delta Stream|[of] p1a: Rayquaza
|move|p2a: Necrozma|Stealth Rock|p1a: Rayquaza
|-sidestart|p1: Onoufrios|move: Stealth Rock
|
|-weather|DeltaStream|[upkeep]
|-sideend|p1: Onoufrios|move: Light Screen
|upkeep
|turn|18
|inactive|Onoufrios has 120 seconds left.
|
|switch|p2a: Zygarde|Zygarde|100/100
|move|p1a: Rayquaza|Dragon Dance|p1a: Rayquaza
|-boost|p1a: Rayquaza|atk|1
|-boost|p1a: Rayquaza|spe|1
|
|-weather|DeltaStream|[upkeep]
|upkeep
|turn|19
|inactive|Onoufrios has 120 seconds left.
|
|move|p1a: Rayquaza|Dragon Ascent|p2a: Zygarde
|-damage|p2a: Zygarde|5/100
|-unboost|p1a: Rayquaza|def|1
|-unboost|p1a: Rayquaza|spd|1
|-damage|p1a: Rayquaza|81/100|[from] item: Life Orb
|move|p2a: Zygarde|Glare|p1a: Rayquaza
|-status|p1a: Rayquaza|par
|
|-weather|DeltaStream|[upkeep]
|-activate|p2a: Zygarde|ability: Power Construct
|detailschange|p2a: Zygarde|Zygarde-Complete
|-heal|p2a: Zygarde|38/100|[silent]
|upkeep
|turn|20
|inactive|Onoufrios has 120 seconds left.
|
|cant|p1a: Rayquaza|par
|move|p2a: Zygarde|Haze|p2a: Zygarde
|-clearallboost
|
|-weather|DeltaStream|[upkeep]
|upkeep
|turn|21
|inactive|Onoufrios has 120 seconds left.
|
|move|p2a: Zygarde|Rest|p2a: Zygarde
|-status|p2a: Zygarde|slp|[from] move: Rest
|-heal|p2a: Zygarde|100/100 slp|[silent]
|move|p1a: Rayquaza|Dragon Dance|p1a: Rayquaza
|-boost|p1a: Rayquaza|atk|1
|-boost|p1a: Rayquaza|spe|1
|
|-weather|DeltaStream|[upkeep]
|-sideend|p1: Onoufrios|Reflect
|upkeep
|turn|22
|inactive|Onoufrios has 120 seconds left.
|
|-weather|none
|switch|p1a: Xerneas|Xerneas|100/100
|-damage|p1a: Xerneas|88/100|[from] Stealth Rock
|-ability|p1a: Xerneas|Fairy Aura
|switch|p2a: Zacian|Zacian-Crowned|82/100
|-ability|p2a: Zacian|Intrepid Sword|boost
|-boost|p2a: Zacian|atk|1
|
|upkeep
|turn|23
|inactive|Onoufrios has 120 seconds left.
|
|switch|p1a: Lugia|Lugia|36/100 par
|-damage|p1a: Lugia|11/100 par|[from] Stealth Rock
|move|p2a: Zacian|Behemoth Blade|p1a: Lugia
|-damage|p1a: Lugia|0 fnt
|faint|p1a: Lugia
|
|upkeep
|
|switch|p1a: Arceus|Arceus|100/100
|-damage|p1a: Arceus|88/100|[from] Stealth Rock
|turn|24
|
|-start|p1a: Arceus|Dynamax
|-heal|p1a: Arceus|88/100|[silent]
|move|p2a: Zacian|Close Combat|p1a: Arceus
|-supereffective|p1a: Arceus
|-damage|p1a: Arceus|34/100
|-unboost|p2a: Zacian|def|1
|-unboost|p2a: Zacian|spd|1
|move|p1a: Arceus|Max Quake|p2a: Zacian
|-supereffective|p2a: Zacian
|-damage|p2a: Zacian|0 fnt
|-boost|p1a: Arceus|spd|1
|faint|p2a: Zacian
|
|upkeep
|
|switch|p2a: Zygarde|Zygarde-Complete|100/100 slp
|turn|25
|
|move|p1a: Arceus|Max Hailstorm|p2a: Zygarde
|-supereffective|p2a: Zygarde
|-damage|p2a: Zygarde|9/100 slp
|-weather|Hail
|cant|p2a: Zygarde|slp
|
|-weather|Hail|[upkeep]
|-damage|p1a: Arceus|31/100|[from] Hail
|upkeep
|turn|26
|inactive|SteamboatGeyser has 120 seconds left.
|c|☆SteamboatGeyser|nice
|
|move|p1a: Arceus|Max Strike|p2a: Zygarde
|-damage|p2a: Zygarde|0 fnt
|faint|p2a: Zygarde
|
|-weather|Hail|[upkeep]
|-damage|p1a: Arceus|28/100|[from] Hail
|-end|p1a: Arceus|Dynamax
|-heal|p1a: Arceus|28/100|[silent]
|upkeep
|
|switch|p2a: Ferrothorn|Ferrothorn, F|100/100
|turn|27
|n|☆SteamboatGeyser|steamboatgeyser
|
|move|p1a: Arceus|Swords Dance|p1a: Arceus
|-boost|p1a: Arceus|atk|2
|move|p2a: Ferrothorn|Leech Seed|p1a: Arceus
|-start|p1a: Arceus|move: Leech Seed
|
|-weather|Hail|[upkeep]
|-damage|p1a: Arceus|22/100|[from] Hail
|-damage|p2a: Ferrothorn|94/100|[from] Hail
|-heal|p2a: Ferrothorn|100/100|[from] item: Leftovers
|-damage|p1a: Arceus|10/100|[from] Leech Seed|[of] p2a: Ferrothorn
|upkeep
|turn|28
|
|move|p2a: Ferrothorn|Protect|p2a: Ferrothorn
|-singleturn|p2a: Ferrothorn|Protect
|move|p1a: Arceus|Earthquake|p2a: Ferrothorn
|-activate|p2a: Ferrothorn|move: Protect
|
|-weather|Hail|[upkeep]
|-damage|p1a: Arceus|4/100|[from] Hail
|-damage|p2a: Ferrothorn|94/100|[from] Hail
|-heal|p2a: Ferrothorn|100/100|[from] item: Leftovers
|-damage|p1a: Arceus|0 fnt|[from] Leech Seed|[of] p2a: Ferrothorn
|faint|p1a: Arceus
|upkeep
|inactive|Onoufrios has 90 seconds left.
|
|switch|p1a: Rayquaza|Rayquaza-Mega|81/100 par
|-damage|p1a: Rayquaza|56/100 par|[from] Stealth Rock
|-weather|DeltaStream|[from] ability: Delta Stream|[of] p1a: Rayquaza
|turn|29
|
|switch|p2a: Ho-Oh|Ho-Oh|100/100
|move|p1a: Rayquaza|Dragon Ascent|p2a: Ho-Oh
|-damage|p2a: Ho-Oh|18/100
|-unboost|p1a: Rayquaza|def|1
|-unboost|p1a: Rayquaza|spd|1
|-damage|p1a: Rayquaza|46/100 par|[from] item: Life Orb
|
|-weather|DeltaStream|[upkeep]
|upkeep
|turn|30
|c|☆SteamboatGeyser|shit
|
|switch|p2a: Necrozma|Necrozma-Dusk-Mane|100/100
|move|p1a: Rayquaza|Extreme Speed|p2a: Necrozma
|-resisted|p2a: Necrozma
|-damage|p2a: Necrozma|86/100
|-damage|p1a: Rayquaza|36/100 par|[from] item: Life Orb
|
|-weather|DeltaStream|[upkeep]
|-heal|p2a: Necrozma|92/100|[from] item: Leftovers
|upkeep
|turn|31
|
|move|p2a: Necrozma|Sunsteel Strike|p1a: Rayquaza
|-damage|p1a: Rayquaza|0 fnt
|faint|p1a: Rayquaza
|-weather|none
|
|-heal|p2a: Necrozma|98/100|[from] item: Leftovers
|upkeep
|
|switch|p1a: Zacian|Zacian-Crowned|100/100
|-damage|p1a: Zacian|94/100|[from] Stealth Rock
|-ability|p1a: Zacian|Intrepid Sword|boost
|-boost|p1a: Zacian|atk|1
|turn|32
|
|move|p1a: Zacian|Crunch|p2a: Necrozma
|-supereffective|p2a: Necrozma
|-damage|p2a: Necrozma|56/100
|move|p2a: Necrozma|Morning Sun|p2a: Necrozma
|-heal|p2a: Necrozma|100/100
|
|upkeep
|turn|33
|
|switch|p2a: Ferrothorn|Ferrothorn, F|100/100
|move|p1a: Zacian|Crunch|p2a: Ferrothorn
|-damage|p2a: Ferrothorn|59/100
|-damage|p1a: Zacian|82/100|[from] ability: Iron Barbs|[of] p2a: Ferrothorn
|
|-heal|p2a: Ferrothorn|66/100|[from] item: Leftovers
|upkeep
|turn|34
|
|move|p1a: Zacian|Close Combat|p2a: Ferrothorn
|-supereffective|p2a: Ferrothorn
|-damage|p2a: Ferrothorn|0 fnt
|-unboost|p1a: Zacian|def|1
|-unboost|p1a: Zacian|spd|1
|-damage|p1a: Zacian|70/100|[from] ability: Iron Barbs|[of] p2a: Ferrothorn
|faint|p2a: Ferrothorn
|
|upkeep
|
|switch|p2a: Necrozma|Necrozma-Dusk-Mane|100/100
|turn|35
|
|-start|p2a: Necrozma|Dynamax
|-heal|p2a: Necrozma|100/100|[silent]
|move|p1a: Zacian|Crunch|p2a: Necrozma
|-supereffective|p2a: Necrozma
|-damage|p2a: Necrozma|78/100
|move|p2a: Necrozma|Max Steelspike|p1a: Zacian
|-crit|p1a: Zacian
|-damage|p1a: Zacian|0 fnt
|-boost|p2a: Necrozma|def|1
|faint|p1a: Zacian
|
|-heal|p2a: Necrozma|81/100|[from] item: Leftovers
|upkeep
|c|☆SteamboatGeyser|gg
|c|☆SteamboatGeyser|crit didn’t matter
|inactive|Onoufrios has 60 seconds left.
|
|switch|p1a: Xerneas|Xerneas|88/100
|-damage|p1a: Xerneas|75/100|[from] Stealth Rock
|-ability|p1a: Xerneas|Fairy Aura
|turn|36
|inactive|Onoufrios has 60 seconds left.
|
|move|p1a: Xerneas|Geomancy||[still]
|-prepare|p1a: Xerneas|Geomancy|p1a: Xerneas
|-enditem|p1a: Xerneas|Power Herb
|-anim|p1a: Xerneas|Geomancy|p1a: Xerneas
|-boost|p1a: Xerneas|spa|2
|-boost|p1a: Xerneas|spd|2
|-boost|p1a: Xerneas|spe|2
|move|p2a: Necrozma|Max Steelspike|p1a: Xerneas
|-supereffective|p1a: Xerneas
|-damage|p1a: Xerneas|0 fnt
|-boost|p2a: Necrozma|def|1
|faint|p1a: Xerneas
|
|win|SteamboatGeyser
