|j|☆alt1445645
|j|‽Mawm
|t:|1666153008
|gametype|singles
|player|p1|alt1445645|lucas|1919
|player|p2|Mawm|beauty-gen6xy|1951
|teamsize|p1|6
|teamsize|p2|6
|gen|8
|tier|[Gen 8] National Dex AG
|rated|
|rule|HP Percentage Mod: HP is shown in percentages
|rule|Endless Battle Clause: Forcing endless battles is banned
|clearpoke
|poke|p1|Arceus-*|
|poke|p1|Groudon|
|poke|p1|Zacian-*|
|poke|p1|Rayquaza|
|poke|p1|Calyrex-Shadow|
|poke|p1|Yveltal|
|poke|p2|Calyrex-Shadow|
|poke|p2|Genesect|
|poke|p2|Yveltal|
|poke|p2|Necrozma-Dusk-Mane|
|poke|p2|Rayquaza|
|poke|p2|Arceus-*|
|teampreview
|inactive|Battle timer is ON: inactive players will automatically lose when time's up. (requested by Mawm)
|
|t:|1666153014
|start
|switch|p1a: Groudon|Groudon|100/100
|switch|p2a: Arceus|Arceus-Ground, shiny|100/100
|detailschange|p1a: Groudon|Groudon-Primal
|-primal|p1a: Groudon
|-weather|DesolateLand|[from] ability: Desolate Land|[of] p1a: Groudon
|turn|1
|
|t:|1666153036
|-weather|none
|switch|p1a: Yveltal|Yveltal|100/100
|-ability|p1a: Yveltal|Dark Aura
|move|p2a: Arceus|Judgment|p1a: Yveltal
|-immune|p1a: Yveltal
|
|upkeep
|turn|2
|
|t:|1666153040
|move|p2a: Arceus|Calm Mind|p2a: Arceus
|-boost|p2a: Arceus|spa|1
|-boost|p2a: Arceus|spd|1
|move|p1a: Yveltal|Dark Pulse|p2a: Arceus
|-damage|p2a: Arceus|64/100
|-damage|p1a: Yveltal|91/100|[from] item: Life Orb
|
|upkeep
|turn|3
|
|t:|1666153051
|switch|p1a: Zacian|Zacian-Crowned|100/100
|-ability|p1a: Zacian|Intrepid Sword|boost
|-boost|p1a: Zacian|atk|1
|move|p2a: Arceus|Stealth Rock|p1a: Zacian
|-sidestart|p1: alt1445645|move: Stealth Rock
|
|upkeep
|turn|4
|
|t:|1666153053
|move|p1a: Zacian|Behemoth Blade|p2a: Arceus
|-damage|p2a: Arceus|0 fnt
|faint|p2a: Arceus
|
|upkeep
|
|t:|1666153057
|switch|p2a: Necrozma|Necrozma-Dusk-Mane, shiny|100/100
|turn|5
|
|t:|1666153067
|switch|p1a: Yveltal|Yveltal|91/100
|-damage|p1a: Yveltal|66/100|[from] Stealth Rock
|-ability|p1a: Yveltal|Dark Aura
|move|p2a: Necrozma|Dragon Dance|p2a: Necrozma
|-boost|p2a: Necrozma|atk|1
|-boost|p2a: Necrozma|spe|1
|
|upkeep
|turn|6
|
|t:|1666153071
|detailschange|p2a: Necrozma|Necrozma-Ultra, shiny
|-burst|p2a: Necrozma|Necrozma|Ultranecrozium Z
|move|p1a: Yveltal|Sucker Punch|p2a: Necrozma
|-supereffective|p2a: Necrozma
|-damage|p2a: Necrozma|30/100
|-damage|p1a: Yveltal|56/100|[from] item: Life Orb
|move|p2a: Necrozma|Rock Blast|p1a: Yveltal
|-supereffective|p1a: Yveltal
|-damage|p1a: Yveltal|21/100
|-supereffective|p1a: Yveltal
|-damage|p1a: Yveltal|0 fnt
|faint|p1a: Yveltal
|-hitcount|p1: Yveltal|2
|
|upkeep
|
|t:|1666153073
|switch|p1a: Arceus|Arceus|100/100
|-damage|p1a: Arceus|88/100|[from] Stealth Rock
|turn|7
|
|t:|1666153076
|move|p1a: Arceus|Extreme Speed|p2a: Necrozma
|-damage|p2a: Necrozma|0 fnt
|faint|p2a: Necrozma
|
|upkeep
|
|t:|1666153080
|switch|p2a: Genesect|Genesect, shiny|100/100
|-ability|p2a: Genesect|Download|boost
|-boost|p2a: Genesect|spa|1
|turn|8
|
|t:|1666153101
|switch|p1a: Groudon|Groudon-Primal|100/100
|-damage|p1a: Groudon|88/100|[from] Stealth Rock
|-weather|DesolateLand|[from] ability: Desolate Land|[of] p1a: Groudon
|switch|p2a: Calyrex|Calyrex-Shadow|100/100
|-ability|p2a: Calyrex|As One
|-ability|p2a: Calyrex|Unnerve
|
|-weather|DesolateLand|[upkeep]
|upkeep
|turn|9
|
|t:|1666153103
|move|p2a: Calyrex|Nasty Plot|p2a: Calyrex
|-boost|p2a: Calyrex|spa|2
|move|p1a: Groudon|Thunder Wave|p2a: Calyrex
|-status|p2a: Calyrex|par
|
|-weather|DesolateLand|[upkeep]
|upkeep
|turn|10
|
|t:|1666153108
|move|p2a: Calyrex|Astral Barrage|p1a: Groudon
|-damage|p1a: Groudon|0 fnt
|faint|p1a: Groudon
|-weather|none
|-ability|p2a: Calyrex|Grim Neigh|boost
|-boost|p2a: Calyrex|spa|1
|
|upkeep
|
|t:|1666153110
|switch|p1a: Calyrex|Calyrex-Shadow|100/100
|-ability|p1a: Calyrex|As One
|-ability|p1a: Calyrex|Unnerve
|-damage|p1a: Calyrex|88/100|[from] Stealth Rock
|turn|11
|
|t:|1666153112
|move|p1a: Calyrex|Substitute|p1a: Calyrex
|-start|p1a: Calyrex|Substitute
|-damage|p1a: Calyrex|63/100
|move|p2a: Calyrex|Astral Barrage|p1a: Calyrex
|-supereffective|p1a: Calyrex
|-end|p1a: Calyrex|Substitute
|
|-heal|p1a: Calyrex|69/100|[from] item: Leftovers
|upkeep
|turn|12
|
|t:|1666153115
|move|p1a: Calyrex|Substitute|p1a: Calyrex
|-start|p1a: Calyrex|Substitute
|-damage|p1a: Calyrex|44/100
|move|p2a: Calyrex|Astral Barrage|p1a: Calyrex
|-supereffective|p1a: Calyrex
|-end|p1a: Calyrex|Substitute
|
|-heal|p1a: Calyrex|51/100|[from] item: Leftovers
|upkeep
|turn|13
|
|t:|1666153120
|move|p1a: Calyrex|Substitute|p1a: Calyrex
|-start|p1a: Calyrex|Substitute
|-damage|p1a: Calyrex|26/100
|move|p2a: Calyrex|Astral Barrage|p1a: Calyrex
|-supereffective|p1a: Calyrex
|-end|p1a: Calyrex|Substitute
|
|-heal|p1a: Calyrex|32/100|[from] item: Leftovers
|upkeep
|turn|14
|
|t:|1666153124
|move|p1a: Calyrex|Substitute|p1a: Calyrex
|-start|p1a: Calyrex|Substitute
|-damage|p1a: Calyrex|7/100
|move|p2a: Calyrex|Astral Barrage|p1a: Calyrex
|-supereffective|p1a: Calyrex
|-end|p1a: Calyrex|Substitute
|
|-heal|p1a: Calyrex|13/100|[from] item: Leftovers
|upkeep
|turn|15
|
|t:|1666153129
|move|p1a: Calyrex|Astral Barrage|p2a: Calyrex
|-supereffective|p2a: Calyrex
|-enditem|p2a: Calyrex|Focus Sash
|-damage|p2a: Calyrex|1/100 par
|move|p2a: Calyrex|Psyshock|p1a: Calyrex
|-resisted|p1a: Calyrex
|-damage|p1a: Calyrex|0 fnt
|faint|p1a: Calyrex
|-ability|p2a: Calyrex|Grim Neigh|boost
|-boost|p2a: Calyrex|spa|1
|
|upkeep
|
|t:|1666153135
|switch|p1a: Rayquaza|Rayquaza|100/100
|-damage|p1a: Rayquaza|76/100|[from] Stealth Rock
|-ability|p1a: Rayquaza|Air Lock
|turn|16
|
|t:|1666153143
|detailschange|p1a: Rayquaza|Rayquaza-Mega
|-mega|p1a: Rayquaza|Rayquaza|
|-weather|DeltaStream|[from] ability: Delta Stream|[of] p1a: Rayquaza
|move|p1a: Rayquaza|Dragon Ascent|p2a: Calyrex
|-damage|p2a: Calyrex|0 fnt
|-unboost|p1a: Rayquaza|def|1
|-unboost|p1a: Rayquaza|spd|1
|faint|p2a: Calyrex
|
|-weather|DeltaStream|[upkeep]
|upkeep
|
|t:|1666153149
|switch|p2a: Genesect|Genesect, shiny|100/100
|-ability|p2a: Genesect|Download|boost
|-boost|p2a: Genesect|atk|1
|turn|17
|
|t:|1666153153
|move|p2a: Genesect|Extreme Speed|p1a: Rayquaza
|-damage|p1a: Rayquaza|0 fnt
|faint|p1a: Rayquaza
|-weather|none
|-damage|p2a: Genesect|91/100|[from] item: Life Orb
|
|upkeep
|
|t:|1666153157
|switch|p1a: Arceus|Arceus|88/100
|-damage|p1a: Arceus|76/100|[from] Stealth Rock
|turn|18
|
|t:|1666153159
|move|p1a: Arceus|Swords Dance|p1a: Arceus
|-boost|p1a: Arceus|atk|2
|move|p2a: Genesect|Shift Gear|p2a: Genesect
|-boost|p2a: Genesect|spe|2
|-boost|p2a: Genesect|atk|1
|
|upkeep
|turn|19
|
|t:|1666153163
|-start|p2a: Genesect|Dynamax|
|-heal|p2a: Genesect|91/100|[silent]
|move|p2a: Genesect|Max Steelspike|p1a: Arceus
|-damage|p1a: Arceus|0 fnt
|-boost|p2a: Genesect|def|1
|faint|p1a: Arceus
|-damage|p2a: Genesect|86/100|[from] item: Life Orb
|
|upkeep
|
|t:|1666153164
|switch|p1a: Zacian|Zacian-Crowned|100/100
|-damage|p1a: Zacian|94/100|[from] Stealth Rock
|-ability|p1a: Zacian|Intrepid Sword|boost
|-boost|p1a: Zacian|atk|1
|turn|20
|
|t:|1666153165
|move|p2a: Genesect|Max Steelspike|p1a: Zacian
|-damage|p1a: Zacian|0 fnt
|-boost|p2a: Genesect|def|1
|faint|p1a: Zacian
|-damage|p2a: Genesect|81/100|[from] item: Life Orb
|
|win|Mawm
|raw|alt1445645's rating: 1919 &rarr; <strong>1901</strong><br />(-18 for losing)
|raw|Mawm's rating: 1951 &rarr; <strong>1969</strong><br />(+18 for winning)
