|j|☆tanomaly
|j|☆starkorea74
|t:|1597353396
|player|p1|tanomaly|red|1687
|player|p2|starkorea74|cynthia|1893
|teamsize|p1|6
|teamsize|p2|6
|gametype|singles
|gen|8
|tier|[Gen 8] National Dex AG
|rated|
|clearpoke
|poke|p1|Mewtwo|
|poke|p1|Kyogre|
|poke|p1|Groudon|
|poke|p1|Rayquaza|
|poke|p1|Zacian-Crowned|
|poke|p1|Eternatus|
|poke|p2|Necrozma-Dusk-Mane|
|poke|p2|Ho-Oh|
|poke|p2|Ditto|
|poke|p2|Arceus-*|
|poke|p2|Rayquaza|
|poke|p2|Yveltal|
|rule|HP Percentage Mod: HP is shown in percentages
|rule|Endless Battle Clause: Forcing endless battles is banned
|teampreview
|
|t:|1597353414
|start
|switch|p1a: Rayquaza|Rayquaza|100/100
|switch|p2a: Necrozma|Necrozma-Dusk-Mane|100/100
|-ability|p1a: Rayquaza|Air Lock
|turn|1
|inactive|Battle timer is ON: inactive players will automatically lose when time's up. (requested by tanomaly)
|
|t:|1597353432
|detailschange|p1a: Rayquaza|Rayquaza-Mega
|-mega|p1a: Rayquaza|Rayquaza|
|-weather|DeltaStream|[from] ability: Delta Stream|[of] p1a: Rayquaza
|move|p1a: Rayquaza|Waterfall|p2a: Necrozma
|-damage|p2a: Necrozma|75/100
|-damage|p1a: Rayquaza|91/100|[from] item: Life Orb
|move|p2a: Necrozma|Sunsteel Strike|p1a: Rayquaza
|-damage|p1a: Rayquaza|43/100
|
|-weather|DeltaStream|[upkeep]
|-heal|p2a: Necrozma|81/100|[from] item: Leftovers
|upkeep
|turn|2
|inactive|starkorea74 has 120 seconds left.
|
|t:|1597353471
|switch|p2a: Ho-Oh|Ho-Oh|100/100
|move|p1a: Rayquaza|Waterfall|p2a: Ho-Oh
|-supereffective|p2a: Ho-Oh
|-damage|p2a: Ho-Oh|32/100
|-damage|p1a: Rayquaza|33/100|[from] item: Life Orb
|
|-weather|DeltaStream|[upkeep]
|upkeep
|turn|3
|inactive|starkorea74 has 120 seconds left.
|
|t:|1597353485
|switch|p2a: Necrozma|Necrozma-Dusk-Mane|81/100
|move|p1a: Rayquaza|V-create|p2a: Necrozma
|-supereffective|p2a: Necrozma
|-damage|p2a: Necrozma|0 fnt
|-unboost|p1a: Rayquaza|spe|1
|-unboost|p1a: Rayquaza|def|1
|-unboost|p1a: Rayquaza|spd|1
|-damage|p1a: Rayquaza|23/100|[from] item: Life Orb
|faint|p2a: Necrozma
|
|-weather|DeltaStream|[upkeep]
|upkeep
|inactive|starkorea74 has 120 seconds left.
|
|t:|1597353498
|switch|p2a: Rayquaza|Rayquaza|100/100
|-ability|p2a: Rayquaza|Air Lock
|turn|4
|
|t:|1597353517
|detailschange|p2a: Rayquaza|Rayquaza-Mega
|-mega|p2a: Rayquaza|Rayquaza|
|move|p2a: Rayquaza|Extreme Speed|p1a: Rayquaza
|-damage|p1a: Rayquaza|0 fnt
|-damage|p2a: Rayquaza|91/100|[from] item: Life Orb
|faint|p1a: Rayquaza
|
|-weather|DeltaStream|[upkeep]
|upkeep
|inactive|tanomaly has 120 seconds left.
|
|t:|1597353549
|switch|p1a: Eternatus|Eternatus|100/100
|-ability|p1a: Eternatus|Pressure
|turn|5
|
|t:|1597353556
|-weather|none
|switch|p2a: Arceus|Arceus-Dark|100/100
|move|p1a: Eternatus|Sludge Bomb|p2a: Arceus
|-damage|p2a: Arceus|73/100
|-status|p2a: Arceus|psn
|
|-damage|p2a: Arceus|60/100 psn|[from] psn
|upkeep
|turn|6
|inactive|tanomaly has 120 seconds left.
|
|t:|1597353585
|switch|p1a: Groudon|Groudon|100/100
|detailschange|p1a: Groudon|Groudon-Primal
|-primal|p1a: Groudon
|-weather|DesolateLand|[from] ability: Desolate Land|[of] p1a: Groudon
|move|p2a: Arceus|Recover|p2a: Arceus
|-heal|p2a: Arceus|100/100 psn
|
|-weather|DesolateLand|[upkeep]
|-damage|p2a: Arceus|88/100 psn|[from] psn
|upkeep
|turn|7
|
|t:|1597353599
|switch|p2a: Rayquaza|Rayquaza-Mega|91/100
|-weather|DeltaStream|[from] ability: Delta Stream|[of] p2a: Rayquaza
|move|p1a: Groudon|Fire Punch|p2a: Rayquaza
|-resisted|p2a: Rayquaza
|-damage|p2a: Rayquaza|63/100
|
|-weather|DeltaStream|[upkeep]
|upkeep
|turn|8
|
|t:|1597353608
|move|p2a: Rayquaza|Draco Meteor|p1a: Groudon
|-damage|p1a: Groudon|1/100
|-unboost|p2a: Rayquaza|spa|2
|-damage|p2a: Rayquaza|53/100|[from] item: Life Orb
|move|p1a: Groudon|Rock Tomb|p2a: Rayquaza
|-activate||deltastream
|-damage|p2a: Rayquaza|24/100
|-unboost|p2a: Rayquaza|spe|1
|
|-weather|DeltaStream|[upkeep]
|upkeep
|turn|9
|c|☆starkorea74|:'(
|
|t:|1597353624
|move|p2a: Rayquaza|Extreme Speed|p1a: Groudon
|-damage|p1a: Groudon|0 fnt
|-damage|p2a: Rayquaza|14/100|[from] item: Life Orb
|faint|p1a: Groudon
|
|-weather|DeltaStream|[upkeep]
|upkeep
|
|t:|1597353634
|switch|p1a: Mewtwo|Mewtwo|100/100
|-ability|p1a: Mewtwo|Unnerve|p2: starkorea74
|turn|10
|
|t:|1597353646
|-weather|none
|switch|p2a: Arceus|Arceus-Dark|88/100 psn
|-start|p1a: Mewtwo|Dynamax
|-heal|p1a: Mewtwo|100/100|[silent]
|move|p1a: Mewtwo|Max Airstream|p2a: Arceus
|-damage|p2a: Arceus|58/100 psn
|-boost|p1a: Mewtwo|spe|1
|
|-damage|p2a: Arceus|46/100 psn|[from] psn
|upkeep
|turn|11
|
|t:|1597353661
|move|p1a: Mewtwo|Max Airstream|p2a: Arceus
|-damage|p2a: Arceus|13/100 psn
|-boost|p1a: Mewtwo|spe|1
|move|p2a: Arceus|Recover|p2a: Arceus
|-heal|p2a: Arceus|63/100 psn
|
|-damage|p2a: Arceus|51/100 psn|[from] psn
|upkeep
|turn|12
|inactive|tanomaly has 90 seconds left.
|
|t:|1597353677
|move|p1a: Mewtwo|Max Hailstorm|p2a: Arceus
|-damage|p2a: Arceus|24/100 psn
|-weather|Hail
|move|p2a: Arceus|Recover|p2a: Arceus
|-heal|p2a: Arceus|74/100 psn
|
|-weather|Hail|[upkeep]
|-damage|p1a: Mewtwo|97/100|[from] Hail
|-damage|p2a: Arceus|68/100 psn|[from] Hail
|-damage|p2a: Arceus|55/100 psn|[from] psn
|-end|p1a: Mewtwo|Dynamax
|-heal|p1a: Mewtwo|97/100|[silent]
|upkeep
|turn|13
|inactive|tanomaly has 90 seconds left.
|
|t:|1597353688
|move|p1a: Mewtwo|Ice Beam|p2a: Arceus
|-damage|p2a: Arceus|35/100 psn
|move|p2a: Arceus|Recover|p2a: Arceus
|-heal|p2a: Arceus|85/100 psn
|
|-weather|Hail|[upkeep]
|-damage|p1a: Mewtwo|91/100|[from] Hail
|-damage|p2a: Arceus|79/100 psn|[from] Hail
|-damage|p2a: Arceus|67/100 psn|[from] psn
|upkeep
|turn|14
|
|t:|1597353696
|move|p1a: Mewtwo|Ice Beam|p2a: Arceus
|-damage|p2a: Arceus|48/100 psn
|move|p2a: Arceus|Calm Mind|p2a: Arceus
|-boost|p2a: Arceus|spa|1
|-boost|p2a: Arceus|spd|1
|
|-weather|Hail|[upkeep]
|-damage|p1a: Mewtwo|85/100|[from] Hail
|-damage|p2a: Arceus|42/100 psn|[from] Hail
|-damage|p2a: Arceus|30/100 psn|[from] psn
|upkeep
|turn|15
|
|t:|1597353705
|move|p1a: Mewtwo|Ice Beam|p2a: Arceus
|-damage|p2a: Arceus|16/100 psn
|move|p2a: Arceus|Recover|p2a: Arceus
|-heal|p2a: Arceus|66/100 psn
|
|-weather|Hail|[upkeep]
|-damage|p1a: Mewtwo|79/100|[from] Hail
|-damage|p2a: Arceus|60/100 psn|[from] Hail
|-damage|p2a: Arceus|48/100 psn|[from] psn
|upkeep
|turn|16
|
|t:|1597353713
|move|p1a: Mewtwo|Ice Beam|p2a: Arceus
|-damage|p2a: Arceus|35/100 psn
|move|p2a: Arceus|Judgment|p1a: Mewtwo
|-supereffective|p1a: Mewtwo
|-damage|p1a: Mewtwo|0 fnt
|faint|p1a: Mewtwo
|
|-weather|none
|-damage|p2a: Arceus|22/100 psn|[from] psn
|upkeep
|
|t:|1597353727
|switch|p1a: Eternatus|Eternatus|100/100
|-ability|p1a: Eternatus|Pressure
|turn|17
|
|t:|1597353732
|move|p2a: Arceus|Recover|p2a: Arceus
|-heal|p2a: Arceus|72/100 psn
|move|p1a: Eternatus|Dragon Tail|p2a: Arceus
|-damage|p2a: Arceus|60/100 psn
|drag|p2a: Rayquaza|Rayquaza-Mega|14/100
|-weather|DeltaStream|[from] ability: Delta Stream|[of] p2a: Rayquaza
|
|-weather|DeltaStream|[upkeep]
|upkeep
|turn|18
|
|t:|1597353747
|move|p2a: Rayquaza|Extreme Speed|p1a: Eternatus
|-damage|p1a: Eternatus|59/100
|-damage|p2a: Rayquaza|4/100|[from] item: Life Orb
|move|p1a: Eternatus|Dynamax Cannon|p2a: Rayquaza
|-supereffective|p2a: Rayquaza
|-damage|p2a: Rayquaza|0 fnt
|faint|p2a: Rayquaza
|-weather|none
|
|upkeep
|
|t:|1597353754
|switch|p2a: Yveltal|Yveltal, shiny|100/100
|-ability|p2a: Yveltal|Dark Aura
|turn|19
|
|t:|1597353759
|-start|p2a: Yveltal|Dynamax
|-heal|p2a: Yveltal|100/100|[silent]
|move|p1a: Eternatus|Dynamax Cannon|p2a: Yveltal
|-damage|p2a: Yveltal|45/100
|move|p2a: Yveltal|Max Airstream|p1a: Eternatus
|-damage|p1a: Eternatus|0 fnt
|-boost|p2a: Yveltal|spe|1
|-damage|p2a: Yveltal|40/100|[from] item: Life Orb
|faint|p1a: Eternatus
|
|upkeep
|inactive|tanomaly has 120 seconds left.
|
|t:|1597353770
|switch|p1a: Kyogre|Kyogre|100/100
|detailschange|p1a: Kyogre|Kyogre-Primal
|-primal|p1a: Kyogre
|-weather|PrimordialSea|[from] ability: Primordial Sea|[of] p1a: Kyogre
|turn|20
|c|☆starkorea74|gg
|
|t:|1597353775
|move|p2a: Yveltal|Max Darkness|p1a: Kyogre
|-damage|p1a: Kyogre|10/100
|-unboost|p1a: Kyogre|spd|1
|-damage|p2a: Yveltal|35/100|[from] item: Life Orb
|move|p1a: Kyogre|Thunder|p2a: Yveltal
|-supereffective|p2a: Yveltal
|-damage|p2a: Yveltal|0 fnt
|faint|p2a: Yveltal
|
|-weather|PrimordialSea|[upkeep]
|upkeep
|
|t:|1597353785
|switch|p2a: Ditto|Ditto|100/100
|-transform|p2a: Ditto|p1a: Kyogre|[from] ability: Imposter
|turn|21
|
|t:|1597353791
|switch|p1a: Dittos R 4 Bitches|Zacian-Crowned|100/100
|-ability|p1a: Dittos R 4 Bitches|Intrepid Sword|boost
|-boost|p1a: Dittos R 4 Bitches|atk|1
|move|p2a: Ditto|Water Spout|p1a: Dittos R 4 Bitches
|-damage|p1a: Dittos R 4 Bitches|0 fnt
|faint|p1a: Dittos R 4 Bitches
|
|-weather|PrimordialSea|[upkeep]
|upkeep
|-message|tanomaly forfeited.
|
|win|starkorea74
|l|☆tanomaly
|l|☆starkorea74
