|j|☆97thPhantom
|j|☆Hecking Rian
|t:|1652496324
|gametype|singles
|player|p1|97thPhantom|saturn|1487
|player|p2|Hecking Rian|riley|1360
|teamsize|p1|6
|teamsize|p2|6
|gen|8
|tier|[Gen 8] National Dex AG
|rated|
|rule|HP Percentage Mod: HP is shown in percentages
|rule|Endless Battle Clause: Forcing endless battles is banned
|clearpoke
|poke|p1|Kyogre|
|poke|p1|Gengar, M|
|poke|p1|Dracovish|
|poke|p1|Zygarde|
|poke|p1|Calyrex-Shadow|
|poke|p1|Forretress, F|
|poke|p2|Omastar, F|
|poke|p2|Deoxys-Speed|
|poke|p2|Necrozma-Dusk-Mane|
|poke|p2|Rayquaza|
|poke|p2|Groudon|
|poke|p2|Urshifu-*, F|
|teampreview
|inactive|Battle timer is ON: inactive players will automatically lose when time's up. (requested by 97thPhantom)
|inactive|Hecking Rian also wants the timer to be on.
|
|t:|1652496353
|start
|switch|p1a: 2 for 1 Deal|Calyrex-Shadow|100/100
|switch|p2a: Omastar|Omastar, F|100/100
|-ability|p1a: 2 for 1 Deal|As One
|-ability|p1a: 2 for 1 Deal|Unnerve
|turn|1
|c|☆Hecking Rian|Glhf
|c|☆97thPhantom|gl
|inactive|97thPhantom has 120 seconds left.
|c|☆Hecking Rian|No one leads with carikex chadoy
|
|t:|1652496385
|move|p1a: 2 for 1 Deal|Astral Barrage|p2a: Omastar
|-damage|p2a: Omastar|8/100
|move|p2a: Omastar|Stealth Rock|p1a: 2 for 1 Deal
|-sidestart|p1: 97thPhantom|move: Stealth Rock
|
|upkeep
|turn|2
|
|t:|1652496400
|move|p1a: 2 for 1 Deal|Astral Barrage|p2a: Omastar
|-damage|p2a: Omastar|0 fnt
|faint|p2a: Omastar
|-ability|p1a: 2 for 1 Deal|Grim Neigh|boost
|-boost|p1a: 2 for 1 Deal|spa|1
|
|upkeep
|
|t:|1652496411
|switch|p2a: Deoxys|Deoxys-Speed|100/100
|-ability|p2a: Deoxys|Pressure
|turn|3
|
|t:|1652496425
|move|p2a: Deoxys|Trick|p1a: 2 for 1 Deal
|-activate|p2a: Deoxys|move: Trick|[of] p1a: 2 for 1 Deal
|-item|p1a: 2 for 1 Deal|Choice Scarf|[from] move: Trick
|-item|p2a: Deoxys|Focus Sash|[from] move: Trick
|move|p1a: 2 for 1 Deal|Astral Barrage|p2a: Deoxys
|-supereffective|p2a: Deoxys
|-enditem|p2a: Deoxys|Focus Sash
|-damage|p2a: Deoxys|1/100
|
|upkeep
|turn|4
|
|t:|1652496442
|move|p1a: 2 for 1 Deal|Astral Barrage|p2a: Deoxys
|-supereffective|p2a: Deoxys
|-damage|p2a: Deoxys|0 fnt
|faint|p2a: Deoxys
|-ability|p1a: 2 for 1 Deal|Grim Neigh|boost
|-boost|p1a: 2 for 1 Deal|spa|1
|
|upkeep
|
|t:|1652496456
|switch|p2a: Urshifu|Urshifu-Rapid-Strike, F|100/100
|turn|5
|
|t:|1652496469
|-start|p2a: Urshifu|Dynamax|
|-heal|p2a: Urshifu|100/100|[silent]
|move|p1a: 2 for 1 Deal|Astral Barrage|p2a: Urshifu
|-damage|p2a: Urshifu|0 fnt
|faint|p2a: Urshifu
|-ability|p1a: 2 for 1 Deal|Grim Neigh|boost
|-boost|p1a: 2 for 1 Deal|spa|1
|
|upkeep
|c|☆97thPhantom|this is why you lead with calrex
|inactive|Hecking Rian has 120 seconds left.
|
|t:|1652496480
|switch|p2a: Necrozma|Necrozma-Dusk-Mane|100/100
|turn|6
|inactive|Hecking Rian has 120 seconds left.
|c|☆Hecking Rian|To me its cheating
|
|t:|1652496509
|move|p1a: 2 for 1 Deal|Astral Barrage|p2a: Necrozma
|-supereffective|p2a: Necrozma
|-damage|p2a: Necrozma|0 fnt
|faint|p2a: Necrozma
|-ability|p1a: 2 for 1 Deal|Grim Neigh|boost
|-boost|p1a: 2 for 1 Deal|spa|1
|
|upkeep
|
|t:|1652496517
|switch|p2a: Groudon|Groudon|100/100
|detailschange|p2a: Groudon|Groudon-Primal
|-primal|p2a: Groudon
|-weather|DesolateLand|[from] ability: Desolate Land|[of] p2a: Groudon
|turn|7
|c|☆97thPhantom|you have 5 legends on your team
|c|☆Hecking Rian|I play fair
|inactive|97thPhantom has 120 seconds left.
|
|t:|1652496564
|switch|p1a: Immortal Snake|Zygarde, shiny|100/100
|-damage|p1a: Immortal Snake|94/100|[from] Stealth Rock
|move|p2a: Groudon|Hone Claws|p2a: Groudon
|-boost|p2a: Groudon|atk|1
|-boost|p2a: Groudon|accuracy|1
|
|-weather|DesolateLand|[upkeep]
|-heal|p1a: Immortal Snake|100/100|[from] item: Leftovers
|upkeep
|turn|8
|inactive|Hecking Rian has 90 seconds left.
|
|t:|1652496579
|move|p2a: Groudon|Precipice Blades|p1a: Immortal Snake
|-damage|p1a: Immortal Snake|12/100
|move|p1a: Immortal Snake|Coil|p1a: Immortal Snake
|-boost|p1a: Immortal Snake|atk|1
|-boost|p1a: Immortal Snake|def|1
|-boost|p1a: Immortal Snake|accuracy|1
|
|-weather|DesolateLand|[upkeep]
|-heal|p1a: Immortal Snake|18/100|[from] item: Leftovers
|-activate|p1a: Immortal Snake|ability: Power Construct
|detailschange|p1a: Immortal Snake|Zygarde-Complete, shiny
|-heal|p1a: Immortal Snake|46/100|[silent]
|upkeep
|turn|9
|inactive|Hecking Rian has 90 seconds left.
|
|t:|1652496596
|-start|p1a: Immortal Snake|Dynamax|
|-heal|p1a: Immortal Snake|46/100|[silent]
|move|p2a: Groudon|Precipice Blades|p1a: Immortal Snake
|-damage|p1a: Immortal Snake|27/100
|move|p1a: Immortal Snake|Max Quake|p2a: Groudon
|-supereffective|p2a: Groudon
|-damage|p2a: Groudon|14/100
|-boost|p1a: Immortal Snake|spd|1
|
|-weather|DesolateLand|[upkeep]
|-heal|p1a: Immortal Snake|30/100|[from] item: Leftovers
|upkeep
|turn|10
|inactive|Hecking Rian has 90 seconds left.
|
|t:|1652496610
|move|p2a: Groudon|Precipice Blades|p1a: Immortal Snake
|-damage|p1a: Immortal Snake|11/100
|move|p1a: Immortal Snake|Max Quake|p2a: Groudon
|-supereffective|p2a: Groudon
|-damage|p2a: Groudon|0 fnt
|-boost|p1a: Immortal Snake|spd|1
|faint|p2a: Groudon
|-weather|none
|
|-heal|p1a: Immortal Snake|14/100|[from] item: Leftovers
|upkeep
|inactive|Hecking Rian has 90 seconds left.
|l|☆97thPhantom
|inactive|97thPhantom disconnected and has a minute to reconnect!
|player|p1|
|
|t:|1652496622
|switch|p2a: Rayquaza|Rayquaza|100/100
|-ability|p2a: Rayquaza|Air Lock
|turn|11
|inactive|Hecking Rian has 90 seconds left.
|j|☆97thPhantom
|inactive|97thPhantom reconnected and has 120 seconds left.
|player|p1|97thPhantom|saturn
|
|t:|1652496648
|detailschange|p2a: Rayquaza|Rayquaza-Mega
|-mega|p2a: Rayquaza|Rayquaza|
|-weather|DeltaStream|[from] ability: Delta Stream|[of] p2a: Rayquaza
|move|p1a: Immortal Snake|Max Guard|p1a: Immortal Snake
|-singleturn|p1a: Immortal Snake|Max Guard
|move|p2a: Rayquaza|Dragon Claw|p1a: Immortal Snake
|-activate|p1a: Immortal Snake|move: Max Guard
|
|-weather|DeltaStream|[upkeep]
|-heal|p1a: Immortal Snake|17/100|[from] item: Leftovers
|upkeep
|-end|p1a: Immortal Snake|Dynamax
|-heal|p1a: Immortal Snake|17/100|[silent]
|turn|12
|inactive|Hecking Rian has 90 seconds left.
|c|☆Hecking Rian|You loathsome dung eater
|
|t:|1652496677
|move|p2a: Rayquaza|Dragon Claw|p1a: Immortal Snake
|-supereffective|p1a: Immortal Snake
|-damage|p1a: Immortal Snake|0 fnt
|faint|p1a: Immortal Snake
|
|-weather|DeltaStream|[upkeep]
|upkeep
|inactive|97thPhantom has 90 seconds left.
|c|☆97thPhantom|you have a team made of some of the most broken pokemon there are
|c|☆97thPhantom|So do I to be fair
|inactive|97thPhantom has 60 seconds left.
|
|t:|1652496727
|switch|p1a: Le Bastille|Forretress, F|100/100
|-damage|p1a: Le Bastille|88/100|[from] Stealth Rock
|turn|13
|c|☆97thPhantom|but you have no room to talk
|c|☆Hecking Rian|Berserk booty-bomb banqueter
|
|t:|1652496748
|move|p2a: Rayquaza|Dragon Claw|p1a: Le Bastille
|-resisted|p1a: Le Bastille
|-damage|p1a: Le Bastille|65/100
|move|p1a: Le Bastille|Rapid Spin|p2a: Rayquaza
|-damage|p2a: Rayquaza|90/100
|-boost|p1a: Le Bastille|spe|1
|-sideend|p1: 97thPhantom|Stealth Rock|[from] move: Rapid Spin|[of] p1a: Le Bastille
|
|-weather|DeltaStream|[upkeep]
|-heal|p1a: Le Bastille|71/100|[from] item: Leftovers
|upkeep
|turn|14
|
|t:|1652496759
|move|p2a: Rayquaza|Dragon Claw|p1a: Le Bastille
|-resisted|p1a: Le Bastille
|-damage|p1a: Le Bastille|49/100
|move|p1a: Le Bastille|Counter|p2a: Rayquaza
|-damage|p2a: Rayquaza|44/100
|
|-weather|DeltaStream|[upkeep]
|-heal|p1a: Le Bastille|55/100|[from] item: Leftovers
|upkeep
|turn|15
|
|t:|1652496775
|move|p2a: Rayquaza|Dragon Claw|p1a: Le Bastille
|-resisted|p1a: Le Bastille
|-damage|p1a: Le Bastille|32/100
|move|p1a: Le Bastille|Counter|p2a: Rayquaza
|-damage|p2a: Rayquaza|0 fnt
|faint|p2a: Rayquaza
|-weather|none
|
|win|97thPhantom
|raw|97thPhantom's rating: 1487 &rarr; <strong>1500</strong><br />(+13 for winning)
|raw|Hecking Rian's rating: 1360 &rarr; <strong>1347</strong><br />(-13 for losing)
|c|☆Hecking Rian|Crazed caca consumer
|c|☆97thPhantom|gg
|l|☆Hecking Rian
||Ladder isn't responding, score probably updated but might not have (Request timeout).
