|j|☆kirbyfofa768
|j|☆Ike745
|t:|1658532739
|gametype|singles
|player|p1|kirbyfofa768|nate|
|player|p2|Ike745|blue|
|teamsize|p1|6
|teamsize|p2|6
|gen|8
|tier|[Gen 8] National Dex AG
|rule|HP Percentage Mod: HP is shown in percentages
|rule|Endless Battle Clause: Forcing endless battles is banned
|clearpoke
|poke|p1|Greninja, M|
|poke|p1|Zapdos|
|poke|p1|Melmetal|
|poke|p1|Garchomp, F|
|poke|p1|Lopunny, F|
|poke|p1|Klefki, M|
|poke|p2|Calyrex-Shadow|
|poke|p2|Rillaboom, F|
|poke|p2|Mamoswine, M|
|poke|p2|Cinderace, M|
|poke|p2|Tapu Lele|
|poke|p2|Ditto|
|teampreview
|c|☆Ike745|gl hf
|c|☆kirbyfofa768|glhf
|c|☆kirbyfofa768|lemme send to sean
|c|☆Ike745|aight
|
|t:|1658532769
|start
|switch|p1a: The Keys|Klefki, M, shiny|100/100
|switch|p2a: Mamoswine|Mamoswine, M|100/100
|turn|1
|j| Sean1445645
|c| Sean1445645|I witnessed this
|
|t:|1658532782
|move|p1a: The Keys|Toxic|p2a: Mamoswine|[miss]
|-miss|p1a: The Keys|p2a: Mamoswine
|move|p2a: Mamoswine|High Horsepower|p1a: The Keys
|-supereffective|p1a: The Keys
|-damage|p1a: The Keys|0 fnt
|faint|p1a: The Keys
|
|upkeep
|c|☆kirbyfofa768|well you hate to see it
|c|☆Ike745|rip
|
|t:|1658532811
|switch|p1a: Velvet|Lopunny, F|100/100
|turn|2
|
|t:|1658532837
|detailschange|p1a: Velvet|Lopunny-Mega, F
|-mega|p1a: Velvet|Lopunny|Lopunnite
|move|p1a: Velvet|Fire Punch|p2a: Mamoswine
|-supereffective|p2a: Mamoswine
|-damage|p2a: Mamoswine|73/100
|move|p2a: Mamoswine|High Horsepower|p1a: Velvet
|-damage|p1a: Velvet|22/100
|
|upkeep
|turn|3
|l| Sean1445645
|
|t:|1658532870
|move|p2a: Mamoswine|Ice Shard|p1a: Velvet
|-damage|p1a: Velvet|0 fnt
|faint|p1a: Velvet
|
|upkeep
|
|t:|1658532882
|switch|p1a: Two Punch Man|Melmetal|100/100
|turn|4
|
|t:|1658532887
|switch|p2a: Ditto|Ditto, shiny|100/100
|-transform|p2a: Ditto|p1a: Two Punch Man|[from] ability: Imposter
|move|p1a: Two Punch Man|Superpower|p2a: Ditto
|-supereffective|p2a: Ditto
|-damage|p2a: Ditto|11/100
|-unboost|p1a: Two Punch Man|atk|1
|-unboost|p1a: Two Punch Man|def|1
|
|upkeep
|turn|5
|
|t:|1658532903
|switch|p1a: Tiburon|Garchomp, F|100/100
|move|p2a: Ditto|Superpower|p1a: Tiburon
|-damage|p1a: Tiburon|56/100
|-unboost|p2a: Ditto|atk|1
|-unboost|p2a: Ditto|def|1
|-damage|p2a: Ditto|0 fnt|[from] ability: Rough Skin|[of] p1a: Tiburon
|faint|p2a: Ditto
|
|upkeep
|j| Sean1445645
|
|t:|1658532936
|switch|p2a: Mamoswine|Mamoswine, M|73/100
|turn|6
|c|☆kirbyfofa768|the return of sean1445645
|
|t:|1658532949
|switch|p1a: Two Punch Man|Melmetal|100/100
|move|p2a: Mamoswine|Ice Shard|p1a: Two Punch Man
|-resisted|p1a: Two Punch Man
|-damage|p1a: Two Punch Man|94/100
|
|upkeep
|turn|7
|l| Sean1445645
|
|t:|1658533024
|switch|p2a: Tapu Lele|Tapu Lele, shiny|100/100
|-fieldstart|move: Psychic Terrain|[from] ability: Psychic Surge|[of] p2a: Tapu Lele
|move|p1a: Two Punch Man|Superpower|p2a: Tapu Lele
|-resisted|p2a: Tapu Lele
|-damage|p2a: Tapu Lele|84/100
|-unboost|p1a: Two Punch Man|atk|1
|-unboost|p1a: Two Punch Man|def|1
|
|upkeep
|turn|8
|j| Sean1445645
|
|t:|1658533070
|move|p2a: Tapu Lele|Shadow Ball|p1a: Two Punch Man
|-damage|p1a: Two Punch Man|74/100
|move|p1a: Two Punch Man|Double Iron Bash|p2a: Tapu Lele
|-supereffective|p2a: Tapu Lele
|-damage|p2a: Tapu Lele|2/100
|-supereffective|p2a: Tapu Lele
|-damage|p2a: Tapu Lele|0 fnt
|faint|p2a: Tapu Lele
|-hitcount|p2: Tapu Lele|2
|
|upkeep
|l| Sean1445645
|j| Sean1445645
|c| Sean1445645|Good chip
|
|t:|1658533111
|switch|p2a: Cinderace|Cinderace, M|100/100
|turn|9
|
|t:|1658533115
|switch|p1a: Stealth|Greninja, M|100/100
|move|p2a: Cinderace|Pyro Ball|p1a: Stealth
|-resisted|p1a: Stealth
|-damage|p1a: Stealth|48/100
|
|upkeep
|turn|10
|c|☆kirbyfofa768|gen 5 music
|c|☆kirbyfofa768|you love to hear it
|
|t:|1658533135
|move|p1a: Stealth|Surf|p2a: Cinderace
|-supereffective|p2a: Cinderace
|-damage|p2a: Cinderace|0 fnt
|faint|p2a: Cinderace
|-activate|p1a: Stealth|ability: Battle Bond
|detailschange|p1a: Stealth|Greninja-Ash, M
|
|upkeep
|
|t:|1658533151
|switch|p2a: Rillaboom|Rillaboom, F|100/100
|-fieldstart|move: Grassy Terrain|[from] ability: Grassy Surge|[of] p2a: Rillaboom
|turn|11
|
|t:|1658533159
|switch|p1a: zap|Zapdos|100/100
|move|p2a: Rillaboom|U-turn|p1a: zap
|-resisted|p1a: zap
|-damage|p1a: zap|81/100
|
|t:|1658533176
|switch|p2a: Mamoswine|Mamoswine, M|73/100|[from]move: U-turn
|
|-heal|p2a: Mamoswine|79/100|[from] Grassy Terrain
|upkeep
|turn|12
|
|t:|1658533198
|switch|p1a: Two Punch Man|Melmetal|74/100
|move|p2a: Mamoswine|Icicle Crash|p1a: Two Punch Man
|-resisted|p1a: Two Punch Man
|-damage|p1a: Two Punch Man|61/100
|
|-heal|p2a: Mamoswine|85/100|[from] Grassy Terrain
|-heal|p1a: Two Punch Man|67/100|[from] Grassy Terrain
|upkeep
|turn|13
|
|t:|1658533207
|move|p2a: Mamoswine|High Horsepower|p1a: Two Punch Man
|-supereffective|p1a: Two Punch Man
|-damage|p1a: Two Punch Man|0 fnt
|faint|p1a: Two Punch Man
|
|-heal|p2a: Mamoswine|92/100|[from] Grassy Terrain
|upkeep
|
|t:|1658533222
|switch|p1a: Stealth|Greninja-Ash, M|48/100
|turn|14
|l| Sean1445645
|j| Sean1445645
|
|t:|1658533270
|switch|p2a: Rillaboom|Rillaboom, F|100/100
|move|p1a: Stealth|Water Shuriken|p2a: Rillaboom
|-resisted|p2a: Rillaboom
|-damage|p2a: Rillaboom|90/100
|-resisted|p2a: Rillaboom
|-damage|p2a: Rillaboom|79/100
|-resisted|p2a: Rillaboom
|-damage|p2a: Rillaboom|69/100
|-hitcount|p2a: Rillaboom|3
|
|-heal|p1a: Stealth|54/100|[from] Grassy Terrain
|-heal|p2a: Rillaboom|75/100|[from] Grassy Terrain
|upkeep
|turn|15
|
|t:|1658533284
|switch|p1a: zap|Zapdos|81/100
|move|p2a: Rillaboom|Grassy Glide|p1a: zap
|-resisted|p1a: zap
|-damage|p1a: zap|46/100
|
|-heal|p2a: Rillaboom|82/100|[from] Grassy Terrain
|-fieldend|move: Grassy Terrain
|upkeep
|turn|16
|
|t:|1658533292
|switch|p2a: Mamoswine|Mamoswine, M|92/100
|move|p1a: zap|Heat Wave|p2a: Mamoswine
|-supereffective|p2a: Mamoswine
|-damage|p2a: Mamoswine|58/100
|
|upkeep
|turn|17
|
|t:|1658533304
|switch|p1a: Stealth|Greninja-Ash, M|54/100
|move|p2a: Mamoswine|Icicle Crash|p1a: Stealth
|-resisted|p1a: Stealth
|-damage|p1a: Stealth|11/100
|
|upkeep
|turn|18
|
|t:|1658533347
|switch|p2a: Rillaboom|Rillaboom, F|82/100
|-fieldstart|move: Grassy Terrain|[from] ability: Grassy Surge|[of] p2a: Rillaboom
|move|p1a: Stealth|Water Shuriken|p2a: Rillaboom
|-resisted|p2a: Rillaboom
|-damage|p2a: Rillaboom|72/100
|-resisted|p2a: Rillaboom
|-damage|p2a: Rillaboom|61/100
|-resisted|p2a: Rillaboom
|-damage|p2a: Rillaboom|52/100
|-hitcount|p2a: Rillaboom|3
|
|-heal|p1a: Stealth|17/100|[from] Grassy Terrain
|-heal|p2a: Rillaboom|58/100|[from] Grassy Terrain
|upkeep
|turn|19
|l| Sean1445645
|
|t:|1658533362
|switch|p1a: Tiburon|Garchomp, F|56/100
|move|p2a: Rillaboom|Grassy Glide|p1a: Tiburon
|-damage|p1a: Tiburon|0 fnt
|-damage|p2a: Rillaboom|46/100|[from] ability: Rough Skin|[of] p1a: Tiburon
|faint|p1a: Tiburon
|
|-heal|p2a: Rillaboom|52/100|[from] Grassy Terrain
|upkeep
|
|t:|1658533371
|switch|p1a: Stealth|Greninja-Ash, M|17/100
|turn|20
|j| Sean1445645
|
|t:|1658533377
|move|p2a: Rillaboom|Grassy Glide|p1a: Stealth
|-supereffective|p1a: Stealth
|-damage|p1a: Stealth|0 fnt
|faint|p1a: Stealth
|
|-heal|p2a: Rillaboom|58/100|[from] Grassy Terrain
|upkeep
|c|☆kirbyfofa768|oh yeah
|c|☆kirbyfofa768|grassy glide surge
|c|☆kirbyfofa768|i forgor
|
|t:|1658533386
|switch|p1a: zap|Zapdos|46/100
|turn|21
|
|t:|1658533390
|move|p2a: Rillaboom|Grassy Glide|p1a: zap
|-resisted|p1a: zap
|-damage|p1a: zap|11/100
|move|p1a: zap|Heat Wave|p2a: Rillaboom
|-supereffective|p2a: Rillaboom
|-damage|p2a: Rillaboom|0 fnt
|faint|p2a: Rillaboom
|
|upkeep
|
|t:|1658533398
|switch|p2a: Mamoswine|Mamoswine, M|58/100
|turn|22
|
|t:|1658533401
|move|p2a: Mamoswine|Ice Shard|p1a: zap
|-supereffective|p1a: zap
|-damage|p1a: zap|0 fnt
|faint|p1a: zap
|
|win|Ike745
|c|☆Ike745|gg
|c|☆kirbyfofa768|ggs!
|c|☆Ike745|was gren scarf or specs?
|c|☆kirbyfofa768|win the tournament for me
|c|☆kirbyfofa768|specs
|c|☆Ike745|ahh gotcha
|c|☆Ike745|ill try bro
