|j|☆Memochm
|j|☆MehicTUH_92
|t:|1667080991
|gametype|singles
|player|p1|Memochm|drayden|1484
|player|p2|MehicTUH_92|yellow|1751
|teamsize|p1|6
|teamsize|p2|6
|gen|8
|tier|[Gen 8] National Dex AG
|rated|
|rule|HP Percentage Mod: HP is shown in percentages
|rule|Endless Battle Clause: Forcing endless battles is banned
|clearpoke
|poke|p1|Dragapult, M|
|poke|p1|Sableye, M|
|poke|p1|Venusaur, F|
|poke|p1|Kommo-o, M|
|poke|p1|Groudon|
|poke|p1|Kyurem|
|poke|p2|Zacian-*|
|poke|p2|Arceus-*|
|poke|p2|Arceus-*|
|poke|p2|Necrozma-Dusk-Mane|
|poke|p2|Ho-Oh|
|poke|p2|Rayquaza|
|teampreview
|inactive|Battle timer is ON: inactive players will automatically lose when time's up. (requested by Memochm)
|
|t:|1667081016
|start
|switch|p1a: Sableye|Sableye, M|100/100
|switch|p2a: Arceus|Arceus-Ground|100/100
|turn|1
|
|t:|1667081026
|detailschange|p1a: Sableye|Sableye-Mega, M
|-mega|p1a: Sableye|Sableye|Sablenite
|move|p2a: Arceus|Judgment|p1a: Sableye
|-damage|p1a: Sableye|54/100
|move|p1a: Sableye|Will-O-Wisp|p2a: Arceus
|-status|p2a: Arceus|brn
|
|-damage|p2a: Arceus|94/100 brn|[from] brn
|upkeep
|turn|2
|
|t:|1667081038
|move|p2a: Arceus|Judgment|p1a: Sableye
|-damage|p1a: Sableye|8/100
|move|p1a: Sableye|Recover|p1a: Sableye
|-heal|p1a: Sableye|58/100
|
|-damage|p2a: Arceus|88/100 brn|[from] brn
|upkeep
|turn|3
|
|t:|1667081043
|move|p2a: Arceus|Refresh|p2a: Arceus
|-curestatus|p2a: Arceus|brn|[msg]
|move|p1a: Sableye|Recover|p1a: Sableye
|-heal|p1a: Sableye|100/100
|
|upkeep
|turn|4
|
|t:|1667081051
|switch|p1a: Groudon|Groudon|100/100
|-weather|SunnyDay|[from] ability: Drought|[of] p1a: Groudon
|move|p2a: Arceus|Judgment|p1a: Groudon
|-damage|p1a: Groudon|45/100
|
|-weather|SunnyDay|[upkeep]
|upkeep
|turn|5
|
|t:|1667081060
|move|p2a: Arceus|Judgment|p1a: Groudon
|-damage|p1a: Groudon|0 fnt
|faint|p1a: Groudon
|
|-weather|SunnyDay|[upkeep]
|upkeep
|
|t:|1667081063
|switch|p1a: Venusaur|Venusaur, F|100/100
|turn|6
|
|t:|1667081084
|switch|p2a: Ho-Oh|Ho-Oh|100/100
|-start|p1a: Venusaur|Dynamax|Gmax
|-heal|p1a: Venusaur|100/100|[silent]
|move|p1a: Venusaur|G-Max Vine Lash|p2a: Ho-Oh
|-resisted|p2a: Ho-Oh
|-damage|p2a: Ho-Oh|94/100
|-sidestart|p2: MehicTUH_92|G-Max Vine Lash
|
|-weather|SunnyDay|[upkeep]
|-damage|p2a: Ho-Oh|77/100|[from] G-Max Vine Lash
|upkeep
|turn|7
|
|t:|1667081096
|move|p1a: Venusaur|Max Ooze|p2a: Ho-Oh
|-damage|p2a: Ho-Oh|58/100
|-boost|p1a: Venusaur|spa|1
|move|p2a: Ho-Oh|Sacred Fire|p1a: Venusaur
|-supereffective|p1a: Venusaur
|-damage|p1a: Venusaur|13/100
|-status|p1a: Venusaur|brn
|
|-weather|SunnyDay|[upkeep]
|-damage|p2a: Ho-Oh|41/100|[from] G-Max Vine Lash
|-damage|p1a: Venusaur|10/100 brn|[from] brn
|upkeep
|turn|8
|
|t:|1667081106
|switch|p2a: Necrozma|Necrozma-Dusk-Mane|100/100
|move|p1a: Venusaur|Max Ooze|p2a: Necrozma
|-immune|p2a: Necrozma
|
|-weather|SunnyDay|[upkeep]
|-damage|p2a: Necrozma|84/100|[from] G-Max Vine Lash
|-damage|p1a: Venusaur|7/100 brn|[from] brn
|upkeep
|-end|p1a: Venusaur|Dynamax
|-heal|p1a: Venusaur|7/100 brn|[silent]
|turn|9
|
|t:|1667081111
|switch|p2a: Ho-Oh|Ho-Oh|75/100
|move|p1a: Venusaur|Weather Ball|p2a: Ho-Oh
|-resisted|p2a: Ho-Oh
|-damage|p2a: Ho-Oh|58/100
|
|-weather|SunnyDay|[upkeep]
|-damage|p2a: Ho-Oh|41/100|[from] G-Max Vine Lash
|-damage|p1a: Venusaur|1/100 brn|[from] brn
|-sideend|p2: MehicTUH_92|G-Max Vine Lash
|upkeep
|turn|10
|
|t:|1667081116
|switch|p2a: Rayquaza|Rayquaza|100/100
|-ability|p2a: Rayquaza|Air Lock
|move|p1a: Venusaur|Giga Drain|p2a: Rayquaza
|-resisted|p2a: Rayquaza
|-damage|p2a: Rayquaza|86/100
|-heal|p1a: Venusaur|10/100 brn|[from] drain|[of] p2a: Rayquaza
|
|-weather|SunnyDay|[upkeep]
|-damage|p1a: Venusaur|4/100 brn|[from] brn
|upkeep
|turn|11
|
|t:|1667081125
|detailschange|p2a: Rayquaza|Rayquaza-Mega
|-mega|p2a: Rayquaza|Rayquaza|
|-weather|DeltaStream|[from] ability: Delta Stream|[of] p2a: Rayquaza
|move|p2a: Rayquaza|Dragon Dance|p2a: Rayquaza
|-boost|p2a: Rayquaza|atk|1
|-boost|p2a: Rayquaza|spe|1
|move|p1a: Venusaur|Sludge Bomb|p2a: Rayquaza
|-damage|p2a: Rayquaza|26/100
|
|-weather|DeltaStream|[upkeep]
|-damage|p1a: Venusaur|0 fnt|[from] brn
|faint|p1a: Venusaur
|upkeep
|
|t:|1667081128
|switch|p1a: Dragapult|Dragapult, M|100/100
|turn|12
|
|t:|1667081151
|move|p2a: Rayquaza|Dragon Ascent|p1a: Dragapult
|-enditem|p1a: Dragapult|Focus Sash
|-damage|p1a: Dragapult|1/100
|-unboost|p2a: Rayquaza|def|1
|-unboost|p2a: Rayquaza|spd|1
|-damage|p2a: Rayquaza|16/100|[from] item: Life Orb
|move|p1a: Dragapult|Dragon Dance|p1a: Dragapult
|-boost|p1a: Dragapult|atk|1
|-boost|p1a: Dragapult|spe|1
|
|-weather|DeltaStream|[upkeep]
|upkeep
|turn|13
|inactive|MehicTUH_92 has 120 seconds left.
|
|t:|1667081186
|-weather|none
|switch|p2a: Necrozma|Necrozma-Dusk-Mane|84/100
|move|p1a: Dragapult|Sucker Punch||[still]
|-fail|p1a: Dragapult
|
|upkeep
|turn|14
|
|t:|1667081190
|move|p1a: Dragapult|Phantom Force||[still]
|-prepare|p1a: Dragapult|Phantom Force
|move|p2a: Necrozma|Knock Off|p1a: Dragapult|[miss]
|-miss|p2a: Necrozma|p1a: Dragapult
|
|upkeep
|turn|15
|
|t:|1667081196
|move|p1a: Dragapult|Phantom Force|p2a: Necrozma|[from]lockedmove
|-supereffective|p2a: Necrozma
|-damage|p2a: Necrozma|27/100
|-damage|p1a: Dragapult|0 fnt|[from] item: Rocky Helmet|[of] p2a: Necrozma
|faint|p1a: Dragapult
|move|p2a: Necrozma|Stealth Rock|p1: Dragapult
|-sidestart|p1: Memochm|move: Stealth Rock
|
|upkeep
|
|t:|1667081205
|switch|p1a: Kommo-o|Kommo-o, M|100/100
|-damage|p1a: Kommo-o|94/100|[from] Stealth Rock
|turn|16
|
|t:|1667081209
|switch|p2a: Zacian|Zacian-Crowned|100/100
|-ability|p2a: Zacian|Intrepid Sword|boost
|-boost|p2a: Zacian|atk|1
|move|p1a: Kommo-o|Aura Sphere|p2a: Zacian
|-damage|p2a: Zacian|68/100
|
|upkeep
|turn|17
|
|t:|1667081215
|move|p2a: Zacian|Play Rough|p1a: Kommo-o
|-supereffective|p1a: Kommo-o
|-damage|p1a: Kommo-o|0 fnt
|faint|p1a: Kommo-o
|
|upkeep
|
|t:|1667081218
|switch|p1a: Sableye|Sableye-Mega, M|100/100
|-damage|p1a: Sableye|88/100|[from] Stealth Rock
|turn|18
|
|t:|1667081220
|move|p2a: Zacian|Play Rough|p1a: Sableye
|-supereffective|p1a: Sableye
|-damage|p1a: Sableye|0 fnt
|faint|p1a: Sableye
|
|upkeep
|
|t:|1667081222
|switch|p1a: Kyurem|Kyurem|100/100
|-damage|p1a: Kyurem|76/100|[from] Stealth Rock
|-ability|p1a: Kyurem|Pressure
|turn|19
|
|t:|1667081224
|move|p1a: Kyurem|Flash Cannon|p2a: Zacian
|-damage|p2a: Zacian|41/100
|move|p2a: Zacian|Play Rough|p1a: Kyurem
|-supereffective|p1a: Kyurem
|-damage|p1a: Kyurem|0 fnt
|faint|p1a: Kyurem
|
|win|MehicTUH_92
|raw|Memochm's rating: 1484 &rarr; <strong>1477</strong><br />(-7 for losing)
|raw|MehicTUH_92's rating: 1751 &rarr; <strong>1758</strong><br />(+7 for winning)
|l|☆Memochm
||Ladder isn't responding, score probably updated but might not have (Request timeout).
