|j|☆Curtain4life
|j|☆JAY100064
|t:|1622862118
|gametype|singles
|player|p1|Curtain4life|1|1276
|player|p2|JAY100064|preschooler|1383
|teamsize|p1|6
|teamsize|p2|6
|gen|8
|tier|[Gen 8] National Dex AG
|rated|
|rule|HP Percentage Mod: HP is shown in percentages
|rule|Endless Battle Clause: Forcing endless battles is banned
|clearpoke
|poke|p1|Pelipper, M|
|poke|p1|Swampert, F|
|poke|p1|Dracovish|
|poke|p1|Kyogre|
|poke|p1|Toxapex, F|
|poke|p1|Azumarill, F|
|poke|p2|Chansey, F|
|poke|p2|Sableye, M|
|poke|p2|Quagsire, M|
|poke|p2|Zapdos|
|poke|p2|Tangrowth, F|
|poke|p2|Jirachi|
|teampreview
|inactive|Battle timer is ON: inactive players will automatically lose when time's up. (requested by Curtain4life)
|
|t:|1622862126
|start
|switch|p1a: Pelipper|Pelipper, M|100/100
|switch|p2a: Sableye|Sableye, M|100/100
|-weather|RainDance|[from] ability: Drizzle|[of] p1a: Pelipper
|turn|1
|
|t:|1622862137
|detailschange|p2a: Sableye|Sableye-Mega, M
|-mega|p2a: Sableye|Sableye|Sablenite
|move|p2a: Sableye|Protect|p2a: Sableye
|-singleturn|p2a: Sableye|Protect
|move|p1a: Pelipper|U-turn|p2a: Sableye
|-activate|p2a: Sableye|move: Protect
|
|-weather|RainDance|[upkeep]
|upkeep
|turn|2
|
|t:|1622862152
|switch|p2a: Zapdos|Zapdos|100/100
|-ability|p2a: Zapdos|Pressure
|move|p1a: Pelipper|U-turn|p2a: Zapdos
|-resisted|p2a: Zapdos
|-damage|p2a: Zapdos|98/100
|
|t:|1622862167
|switch|p1a: Swampert|Swampert, F|100/100|[from]move: U-turn
|
|-weather|RainDance|[upkeep]
|-heal|p2a: Zapdos|100/100|[from] item: Leftovers
|upkeep
|turn|3
|
|t:|1622862192
|switch|p2a: Tangrowth|Tangrowth, F|100/100
|detailschange|p1a: Swampert|Swampert-Mega, F
|-mega|p1a: Swampert|Swampert|Swampertite
|move|p1a: Swampert|Ice Punch|p2a: Tangrowth
|-supereffective|p2a: Tangrowth
|-damage|p2a: Tangrowth|69/100
|-damage|p1a: Swampert|84/100|[from] item: Rocky Helmet|[of] p2a: Tangrowth
|
|-weather|RainDance|[upkeep]
|upkeep
|turn|4
|
|t:|1622862203
|switch|p1a: Toxapex|Toxapex, F|100/100
|-start|p2a: Tangrowth|Dynamax
|-heal|p2a: Tangrowth|69/100|[silent]
|move|p2a: Tangrowth|Max Overgrowth|p1a: Toxapex
|-damage|p1a: Toxapex|62/100
|-fieldstart|move: Grassy Terrain
|
|-weather|RainDance|[upkeep]
|-heal|p2a: Tangrowth|72/100|[from] Grassy Terrain
|-heal|p1a: Toxapex|68/100|[from] Grassy Terrain
|-heal|p1a: Toxapex|74/100|[from] item: Leftovers
|upkeep
|turn|5
|inactive|JAY100064 has 120 seconds left.
|
|t:|1622862227
|move|p2a: Tangrowth|Max Quake|p1a: Toxapex
|-supereffective|p1a: Toxapex
|-damage|p1a: Toxapex|39/100
|-boost|p2a: Tangrowth|spd|1
|move|p1a: Toxapex|Toxic|p2a: Tangrowth
|-status|p2a: Tangrowth|tox
|
|-weather|RainDance|[upkeep]
|-heal|p2a: Tangrowth|75/100 tox|[from] Grassy Terrain
|-heal|p1a: Toxapex|45/100|[from] Grassy Terrain
|-heal|p1a: Toxapex|51/100|[from] item: Leftovers
|-damage|p2a: Tangrowth|72/100 tox|[from] psn
|upkeep
|turn|6
|inactive|JAY100064 has 120 seconds left.
|
|t:|1622862239
|move|p1a: Toxapex|Baneful Bunker|p1a: Toxapex
|-singleturn|p1a: Toxapex|move: Protect
|move|p2a: Tangrowth|Max Overgrowth|p1a: Toxapex
|-zbroken|p1a: Toxapex
|-damage|p1a: Toxapex|38/100
|
|-weather|RainDance|[upkeep]
|-heal|p2a: Tangrowth|75/100 tox|[from] Grassy Terrain
|-heal|p1a: Toxapex|44/100|[from] Grassy Terrain
|-heal|p1a: Toxapex|50/100|[from] item: Leftovers
|-damage|p2a: Tangrowth|69/100 tox|[from] psn
|-end|p2a: Tangrowth|Dynamax
|-heal|p2a: Tangrowth|69/100 tox|[silent]
|upkeep
|turn|7
|inactive|JAY100064 has 120 seconds left.
|
|t:|1622862253
|move|p2a: Tangrowth|Earthquake|p1a: Toxapex
|-supereffective|p1a: Toxapex
|-damage|p1a: Toxapex|34/100
|move|p1a: Toxapex|Recover|p1a: Toxapex
|-heal|p1a: Toxapex|85/100
|
|-weather|RainDance|[upkeep]
|-heal|p2a: Tangrowth|75/100 tox|[from] Grassy Terrain
|-heal|p1a: Toxapex|91/100|[from] Grassy Terrain
|-heal|p1a: Toxapex|97/100|[from] item: Leftovers
|-damage|p2a: Tangrowth|57/100 tox|[from] psn
|upkeep
|turn|8
|inactive|JAY100064 has 120 seconds left.
|
|t:|1622862269
|switch|p2a: Chansey|Chansey, F|100/100
|move|p1a: Toxapex|Venoshock|p2a: Chansey
|-damage|p2a: Chansey|96/100
|
|-weather|none
|-heal|p2a: Chansey|100/100|[from] Grassy Terrain
|-heal|p1a: Toxapex|100/100|[from] Grassy Terrain
|-fieldend|move: Grassy Terrain
|upkeep
|turn|9
|inactive|JAY100064 has 120 seconds left.
|
|t:|1622862283
|move|p2a: Chansey|Stealth Rock|p1a: Toxapex
|-sidestart|p1: Curtain4life|move: Stealth Rock
|move|p1a: Toxapex|Toxic|p2a: Chansey
|-status|p2a: Chansey|tox
|
|-damage|p2a: Chansey|94/100 tox|[from] psn
|upkeep
|turn|10
|inactive|JAY100064 has 120 seconds left.
|
|t:|1622862304
|switch|p2a: Quagsire|Quagsire, M|100/100
|move|p1a: Toxapex|Venoshock|p2a: Quagsire
|-resisted|p2a: Quagsire
|-damage|p2a: Quagsire|92/100
|
|-heal|p2a: Quagsire|98/100|[from] item: Leftovers
|upkeep
|turn|11
|
|t:|1622862324
|switch|p2a: Sableye|Sableye-Mega, M|100/100
|move|p1a: Toxapex|Toxic|p2a: Sableye
|move|p2a: Sableye|Toxic|p1a: Toxapex|[from]ability: Magic Bounce
|-immune|p1a: Toxapex
|
|upkeep
|turn|12
|
|t:|1622862338
|move|p1a: Toxapex|Baneful Bunker|p1a: Toxapex
|-singleturn|p1a: Toxapex|move: Protect
|move|p2a: Sableye|Will-O-Wisp|p1a: Toxapex
|-activate|p1a: Toxapex|move: Protect
|
|upkeep
|turn|13
|
|t:|1622862350
|switch|p1a: Kyogre|Kyogre|100/100
|-damage|p1a: Kyogre|88/100|[from] Stealth Rock
|detailschange|p1a: Kyogre|Kyogre-Primal
|-primal|p1a: Kyogre
|-weather|PrimordialSea|[from] ability: Primordial Sea|[of] p1a: Kyogre
|move|p2a: Sableye|Will-O-Wisp|p1a: Kyogre
|-status|p1a: Kyogre|brn
|
|-weather|PrimordialSea|[upkeep]
|-damage|p1a: Kyogre|82/100 brn|[from] brn
|upkeep
|turn|14
|inactive|JAY100064 has 90 seconds left.
|
|t:|1622862378
|switch|p2a: Tangrowth|Tangrowth, F|90/100 tox
|move|p1a: Kyogre|Water Spout|p2a: Tangrowth
|-resisted|p2a: Tangrowth
|-damage|p2a: Tangrowth|9/100 tox
|
|-weather|PrimordialSea|[upkeep]
|-damage|p2a: Tangrowth|3/100 tox|[from] psn
|-damage|p1a: Kyogre|76/100 brn|[from] brn
|upkeep
|turn|15
|inactive|JAY100064 has 90 seconds left.
|
|t:|1622862391
|-weather|none
|switch|p1a: Toxapex|Toxapex, F|100/100
|-damage|p1a: Toxapex|88/100|[from] Stealth Rock
|move|p2a: Tangrowth|Grass Knot|p1a: Toxapex
|-damage|p1a: Toxapex|76/100
|
|-heal|p1a: Toxapex|82/100|[from] item: Leftovers
|-damage|p2a: Tangrowth|0 fnt|[from] psn
|faint|p2a: Tangrowth
|upkeep
|inactive|JAY100064 has 90 seconds left.
|
|t:|1622862420
|switch|p2a: Quagsire|Quagsire, M|98/100
|turn|16
|
|t:|1622862426
|move|p2a: Quagsire|Scald|p1a: Toxapex
|-resisted|p1a: Toxapex
|-damage|p1a: Toxapex|75/100
|-status|p1a: Toxapex|brn
|move|p1a: Toxapex|Toxic|p2a: Quagsire
|-status|p2a: Quagsire|tox
|
|-heal|p1a: Toxapex|81/100 brn|[from] item: Leftovers
|-heal|p2a: Quagsire|100/100 tox|[from] item: Leftovers
|-damage|p2a: Quagsire|94/100 tox|[from] psn
|-damage|p1a: Toxapex|75/100 brn|[from] brn
|upkeep
|turn|17
|
|t:|1622862439
|switch|p2a: Jirachi|Jirachi|100/100
|move|p1a: Toxapex|Baneful Bunker||[still]
|-fail|p1a: Toxapex
|
|-heal|p1a: Toxapex|81/100 brn|[from] item: Leftovers
|-damage|p1a: Toxapex|75/100 brn|[from] brn
|upkeep
|turn|18
|
|t:|1622862450
|switch|p1a: Pelipper|Pelipper, M|100/100
|-damage|p1a: Pelipper|76/100|[from] Stealth Rock
|-weather|RainDance|[from] ability: Drizzle|[of] p1a: Pelipper
|move|p2a: Jirachi|Wish|p2a: Jirachi
|
|-weather|RainDance|[upkeep]
|upkeep
|turn|19
|inactive|JAY100064 has 90 seconds left.
|
|t:|1622862461
|move|p2a: Jirachi|Protect|p2a: Jirachi
|-singleturn|p2a: Jirachi|Protect
|move|p1a: Pelipper|U-turn|p2a: Jirachi
|-activate|p2a: Jirachi|move: Protect
|
|-weather|RainDance|[upkeep]
|upkeep
|turn|20
|inactive|JAY100064 has 90 seconds left.
|
|t:|1622862474
|move|p2a: Jirachi|U-turn|p1a: Pelipper
|-resisted|p1a: Pelipper
|-damage|p1a: Pelipper|67/100
|
|t:|1622862498
|switch|p2a: Sableye|Sableye-Mega, M|100/100|[from]move: U-turn
|move|p1a: Pelipper|U-turn|p2a: Sableye
|-damage|p2a: Sableye|92/100
|
|t:|1622862504
|switch|p1a: Dracovish|Dracovish|100/100|[from]move: U-turn
|-damage|p1a: Dracovish|88/100|[from] Stealth Rock
|
|-weather|RainDance|[upkeep]
|upkeep
|turn|21
|
|t:|1622862516
|move|p2a: Sableye|Protect|p2a: Sableye
|-singleturn|p2a: Sableye|Protect
|move|p1a: Dracovish|Fishious Rend|p2a: Sableye
|-activate|p2a: Sableye|move: Protect
|
|-weather|RainDance|[upkeep]
|upkeep
|turn|22
|
|t:|1622862533
|switch|p2a: Zapdos|Zapdos|100/100
|-ability|p2a: Zapdos|Pressure
|move|p1a: Dracovish|Fishious Rend|p2a: Zapdos
|-damage|p2a: Zapdos|0 fnt
|faint|p2a: Zapdos
|
|-weather|RainDance|[upkeep]
|upkeep
|
|t:|1622862543
|switch|p2a: Quagsire|Quagsire, M|94/100 tox
|turn|23
|
|t:|1622862552
|switch|p1a: Toxapex|Toxapex, F|100/100 brn
|-damage|p1a: Toxapex|88/100 brn|[from] Stealth Rock
|move|p2a: Quagsire|Toxic||[still]
|-fail|p2a: Quagsire
|
|-weather|RainDance|[upkeep]
|-heal|p1a: Toxapex|94/100 brn|[from] item: Leftovers
|-heal|p2a: Quagsire|100/100 tox|[from] item: Leftovers
|-damage|p2a: Quagsire|94/100 tox|[from] psn
|-damage|p1a: Toxapex|88/100 brn|[from] brn
|upkeep
|turn|24
|
|t:|1622862568
|move|p1a: Toxapex|Venoshock|p2a: Quagsire
|-resisted|p2a: Quagsire
|-damage|p2a: Quagsire|79/100 tox
|move|p2a: Quagsire|Earthquake|p1a: Toxapex
|-supereffective|p1a: Toxapex
|-damage|p1a: Toxapex|51/100 brn
|
|-weather|RainDance|[upkeep]
|-heal|p2a: Quagsire|85/100 tox|[from] item: Leftovers
|-heal|p1a: Toxapex|57/100 brn|[from] item: Leftovers
|-damage|p2a: Quagsire|73/100 tox|[from] psn
|-damage|p1a: Toxapex|51/100 brn|[from] brn
|upkeep
|turn|25
|inactive|JAY100064 has 60 seconds left.
|
|t:|1622862584
|move|p1a: Toxapex|Recover|p1a: Toxapex
|-heal|p1a: Toxapex|100/100 brn
|move|p2a: Quagsire|Toxic||[still]
|-fail|p2a: Quagsire
|
|-weather|none
|-heal|p2a: Quagsire|79/100 tox|[from] item: Leftovers
|-damage|p2a: Quagsire|61/100 tox|[from] psn
|-damage|p1a: Toxapex|95/100 brn|[from] brn
|upkeep
|turn|26
|inactive|JAY100064 has 60 seconds left.
|
|t:|1622862596
|switch|p1a: Pelipper|Pelipper, M|67/100
|-damage|p1a: Pelipper|42/100|[from] Stealth Rock
|-weather|RainDance|[from] ability: Drizzle|[of] p1a: Pelipper
|switch|p2a: Jirachi|Jirachi|100/100
|
|-weather|RainDance|[upkeep]
|upkeep
|turn|27
|inactive|JAY100064 has 60 seconds left.
|
|t:|1622862617
|move|p2a: Jirachi|Protect|p2a: Jirachi
|-singleturn|p2a: Jirachi|Protect
|move|p1a: Pelipper|U-turn|p2a: Jirachi
|-activate|p2a: Jirachi|move: Protect
|
|-weather|RainDance|[upkeep]
|upkeep
|turn|28
|
|t:|1622862629
|move|p2a: Jirachi|U-turn|p1a: Pelipper
|-resisted|p1a: Pelipper
|-damage|p1a: Pelipper|34/100
|
|t:|1622862637
|switch|p2a: Chansey|Chansey, F|94/100|[from]move: U-turn
|move|p1a: Pelipper|U-turn|p2a: Chansey
|-damage|p2a: Chansey|89/100
|
|t:|1622862644
|switch|p1a: Swampert|Swampert-Mega, F|84/100|[from]move: U-turn
|-damage|p1a: Swampert|78/100|[from] Stealth Rock
|
|-weather|RainDance|[upkeep]
|upkeep
|turn|29
|inactive|JAY100064 has 60 seconds left.
|
|t:|1622862658
|move|p1a: Swampert|Power-Up Punch|p2a: Chansey
|-supereffective|p2a: Chansey
|-damage|p2a: Chansey|68/100
|-boost|p1a: Swampert|atk|1
|move|p2a: Chansey|Toxic|p1a: Swampert
|-status|p1a: Swampert|tox
|
|-weather|RainDance|[upkeep]
|-damage|p1a: Swampert|72/100 tox|[from] psn
|upkeep
|turn|30
|inactive|JAY100064 has 60 seconds left.
|
|t:|1622862672
|switch|p2a: Sableye|Sableye-Mega, M|92/100
|move|p1a: Swampert|Earthquake|p2a: Sableye
|-damage|p2a: Sableye|13/100
|
|-weather|RainDance|[upkeep]
|-damage|p1a: Swampert|59/100 tox|[from] psn
|upkeep
|turn|31
|inactive|JAY100064 has 60 seconds left.
|
|t:|1622862683
|move|p2a: Sableye|Protect|p2a: Sableye
|-singleturn|p2a: Sableye|Protect
|move|p1a: Swampert|Earthquake|p2a: Sableye
|-activate|p2a: Sableye|move: Protect
|
|-weather|RainDance|[upkeep]
|-damage|p1a: Swampert|41/100 tox|[from] psn
|upkeep
|turn|32
|inactive|JAY100064 has 60 seconds left.
|
|t:|1622862694
|switch|p2a: Chansey|Chansey, F|68/100
|move|p1a: Swampert|Earthquake|p2a: Chansey
|-damage|p2a: Chansey|15/100
|
|-weather|RainDance|[upkeep]
|-damage|p1a: Swampert|16/100 tox|[from] psn
|upkeep
|turn|33
|inactive|JAY100064 has 60 seconds left.
|
|t:|1622862712
|switch|p2a: Quagsire|Quagsire, M|61/100 tox
|move|p1a: Swampert|Earthquake|p2a: Quagsire
|-damage|p2a: Quagsire|20/100 tox
|
|-weather|none
|-heal|p2a: Quagsire|26/100 tox|[from] item: Leftovers
|-damage|p1a: Swampert|0 fnt|[from] psn
|faint|p1a: Swampert
|-damage|p2a: Quagsire|20/100 tox|[from] psn
|upkeep
|
|t:|1622862727
|switch|p1a: Dracovish|Dracovish|88/100
|-damage|p1a: Dracovish|76/100|[from] Stealth Rock
|turn|34
|inactive|JAY100064 has 60 seconds left.
|
|t:|1622862750
|switch|p2a: Chansey|Chansey, F|15/100
|move|p1a: Dracovish|Ice Fang|p2a: Chansey
|-damage|p2a: Chansey|0 fnt
|faint|p2a: Chansey
|
|upkeep
|
|t:|1622862764
|switch|p2a: Jirachi|Jirachi|100/100
|turn|35
|
|t:|1622862773
|switch|p1a: Pelipper|Pelipper, M|34/100
|-damage|p1a: Pelipper|9/100|[from] Stealth Rock
|-weather|RainDance|[from] ability: Drizzle|[of] p1a: Pelipper
|move|p2a: Jirachi|Wish|p2a: Jirachi
|
|-weather|RainDance|[upkeep]
|upkeep
|turn|36
|
|t:|1622862782
|move|p2a: Jirachi|Protect|p2a: Jirachi
|-singleturn|p2a: Jirachi|Protect
|move|p1a: Pelipper|Hydro Pump|p2a: Jirachi
|-activate|p2a: Jirachi|move: Protect
|
|-weather|RainDance|[upkeep]
|upkeep
|turn|37
|
|t:|1622862793
|move|p2a: Jirachi|U-turn|p1a: Pelipper
|-resisted|p1a: Pelipper
|-damage|p1a: Pelipper|0 fnt
|faint|p1a: Pelipper
|
|t:|1622862802
|switch|p2a: Sableye|Sableye-Mega, M|13/100|[from]move: U-turn
|
|-weather|RainDance|[upkeep]
|upkeep
|
|t:|1622862808
|switch|p1a: Azumarill|Azumarill, F|100/100
|-damage|p1a: Azumarill|88/100|[from] Stealth Rock
|turn|38
|
|t:|1622862816
|switch|p2a: Jirachi|Jirachi|100/100
|move|p1a: Azumarill|Aqua Jet|p2a: Jirachi
|-damage|p2a: Jirachi|66/100
|
|-weather|RainDance|[upkeep]
|-heal|p2a: Jirachi|73/100|[from] item: Leftovers
|upkeep
|turn|39
|inactive|JAY100064 has 60 seconds left.
|
|t:|1622862833
|move|p2a: Jirachi|Iron Head|p1a: Azumarill
|-damage|p1a: Azumarill|58/100
|move|p1a: Azumarill|Liquidation|p2a: Jirachi
|-damage|p2a: Jirachi|0 fnt
|faint|p2a: Jirachi
|
|-weather|RainDance|[upkeep]
|upkeep
|inactive|JAY100064 has 60 seconds left.
|
|t:|1622862846
|switch|p2a: Sableye|Sableye-Mega, M|13/100
|turn|40
|inactive|JAY100064 has 60 seconds left.
|-message|JAY100064 forfeited.
|
|win|Curtain4life
|raw|Curtain4life's rating: 1276 &rarr; <strong>1308</strong><br />(+32 for winning)
|raw|JAY100064's rating: 1383 &rarr; <strong>1357</strong><br />(-26 for losing)
|l|☆JAY100064
|c|☆Curtain4life|gg
