|j|☆coolthingdude
|j|☆Defensive0
|t:|1666871504
|gametype|singles
|player|p1|coolthingdude|pilot|1747
|player|p2|Defensive0|riley|1891
|teamsize|p1|6
|teamsize|p2|6
|gen|8
|tier|[Gen 8] National Dex AG
|rated|
|rule|HP Percentage Mod: HP is shown in percentages
|rule|Endless Battle Clause: Forcing endless battles is banned
|clearpoke
|poke|p1|Xerneas-*|
|poke|p1|Marshadow|
|poke|p1|Arceus-*|
|poke|p1|Zacian-*|
|poke|p1|Salamence, F|
|poke|p1|Ditto|
|poke|p2|Mewtwo|
|poke|p2|Ditto|
|poke|p2|Arceus-*|
|poke|p2|Arceus-*|
|poke|p2|Zygarde|
|poke|p2|Arceus-*|
|teampreview
|inactive|Battle timer is ON: inactive players will automatically lose when time's up. (requested by Defensive0)
|
|t:|1666871519
|start
|switch|p1a: Arceus|Arceus-Ground|100/100
|switch|p2a: Arceus|Arceus-Fairy|100/100
|turn|1
|
|t:|1666871530
|move|p1a: Arceus|Will-O-Wisp|p2a: Arceus
|-status|p2a: Arceus|brn
|move|p2a: Arceus|Stealth Rock|p1a: Arceus
|-sidestart|p1: coolthingdude|move: Stealth Rock
|
|-damage|p2a: Arceus|94/100 brn|[from] brn
|upkeep
|turn|2
|
|t:|1666871535
|move|p1a: Arceus|Defog|p2a: Arceus
|-unboost|p2a: Arceus|evasion|1
|-sideend|p1: coolthingdude|Stealth Rock|[from] move: Defog|[of] p1a: Arceus
|move|p2a: Arceus|Toxic|p1a: Arceus
|-status|p1a: Arceus|tox
|
|-damage|p1a: Arceus|94/100 tox|[from] psn
|-damage|p2a: Arceus|88/100 brn|[from] brn
|upkeep
|turn|3
|
|t:|1666871542
|-zpower|p1a: Arceus
|move|p1a: Arceus|Tectonic Rage|p2a: Arceus|[zeffect]
|-damage|p2a: Arceus|38/100 brn
|move|p2a: Arceus|Stealth Rock|p1a: Arceus
|-sidestart|p1: coolthingdude|move: Stealth Rock
|
|-damage|p1a: Arceus|82/100 tox|[from] psn
|-damage|p2a: Arceus|32/100 brn|[from] brn
|upkeep
|turn|4
|
|t:|1666871546
|move|p1a: Arceus|Defog|p2a: Arceus
|-unboost|p2a: Arceus|evasion|1
|-sideend|p1: coolthingdude|Stealth Rock|[from] move: Defog|[of] p1a: Arceus
|move|p2a: Arceus|Recover|p2a: Arceus
|-heal|p2a: Arceus|82/100 brn
|
|-damage|p1a: Arceus|64/100 tox|[from] psn
|-damage|p2a: Arceus|76/100 brn|[from] brn
|upkeep
|turn|5
|
|t:|1666871551
|move|p1a: Arceus|Earthquake|p2a: Arceus
|-damage|p2a: Arceus|50/100 brn
|move|p2a: Arceus|Stealth Rock|p1a: Arceus
|-sidestart|p1: coolthingdude|move: Stealth Rock
|
|-damage|p1a: Arceus|40/100 tox|[from] psn
|-damage|p2a: Arceus|44/100 brn|[from] brn
|upkeep
|turn|6
|
|t:|1666871560
|move|p1a: Arceus|Defog|p2a: Arceus
|-unboost|p2a: Arceus|evasion|1
|-sideend|p1: coolthingdude|Stealth Rock|[from] move: Defog|[of] p1a: Arceus
|move|p2a: Arceus|Recover|p2a: Arceus
|-heal|p2a: Arceus|94/100 brn
|
|-damage|p1a: Arceus|9/100 tox|[from] psn
|-damage|p2a: Arceus|88/100 brn|[from] brn
|upkeep
|turn|7
|
|t:|1666871564
|move|p1a: Arceus|Recover|p1a: Arceus
|-heal|p1a: Arceus|59/100 tox
|move|p2a: Arceus|Stealth Rock|p1a: Arceus
|-sidestart|p1: coolthingdude|move: Stealth Rock
|
|-damage|p1a: Arceus|23/100 tox|[from] psn
|-damage|p2a: Arceus|82/100 brn|[from] brn
|upkeep
|turn|8
|
|t:|1666871570
|move|p1a: Arceus|Recover|p1a: Arceus
|-heal|p1a: Arceus|73/100 tox
|move|p2a: Arceus|Stealth Rock||[still]
|-fail|p2a: Arceus
|
|-damage|p1a: Arceus|30/100 tox|[from] psn
|-damage|p2a: Arceus|76/100 brn|[from] brn
|upkeep
|turn|9
|
|t:|1666871575
|move|p1a: Arceus|Defog|p2a: Arceus
|-unboost|p2a: Arceus|evasion|1
|-sideend|p1: coolthingdude|Stealth Rock|[from] move: Defog|[of] p1a: Arceus
|move|p2a: Arceus|Stealth Rock|p1a: Arceus
|-sidestart|p1: coolthingdude|move: Stealth Rock
|
|-damage|p1a: Arceus|0 fnt|[from] psn
|faint|p1a: Arceus
|-damage|p2a: Arceus|70/100 brn|[from] brn
|upkeep
|
|t:|1666871584
|switch|p1a: Doggo|Zacian-Crowned|100/100
|-damage|p1a: Doggo|94/100|[from] Stealth Rock
|-ability|p1a: Doggo|Intrepid Sword|boost
|-boost|p1a: Doggo|atk|1
|turn|10
|
|t:|1666871593
|move|p1a: Doggo|Behemoth Blade|p2a: Arceus
|-supereffective|p2a: Arceus
|-damage|p2a: Arceus|0 fnt
|faint|p2a: Arceus
|
|upkeep
|
|t:|1666871595
|switch|p2a: Ditto|Ditto, shiny|100/100
|-transform|p2a: Ditto|p1a: Doggo|[from] ability: Imposter
|-ability|p2a: Ditto|Intrepid Sword|boost
|-boost|p2a: Ditto|atk|1
|turn|11
|
|t:|1666871598
|move|p2a: Ditto|Behemoth Blade|p1a: Doggo
|-damage|p1a: Doggo|0 fnt
|faint|p1a: Doggo
|
|upkeep
|
|t:|1666871602
|switch|p1a: Dragon go bur|Salamence, F|100/100
|-damage|p1a: Dragon go bur|76/100|[from] Stealth Rock
|turn|12
|
|t:|1666871606
|move|p2a: Ditto|Behemoth Blade|p1a: Dragon go bur
|-damage|p1a: Dragon go bur|0 fnt
|faint|p1a: Dragon go bur
|
|upkeep
|-message|coolthingdude forfeited.
|
|win|Defensive0
|raw|coolthingdude's rating: 1747 &rarr; <strong>1735</strong><br />(-12 for losing)
|raw|Defensive0's rating: 1891 &rarr; <strong>1903</strong><br />(+12 for winning)
|l|☆coolthingdude
