|j|‽Mawm
|j|☆Pikaslayer2001
|t:|1665884624
|gametype|singles
|player|p1|Mawm|beauty-gen6xy|1748
|player|p2|Pikaslayer2001|brendan-contest|1906
|teamsize|p1|6
|teamsize|p2|6
|gen|8
|tier|[Gen 8] National Dex AG
|rated|
|rule|HP Percentage Mod: HP is shown in percentages
|rule|Endless Battle Clause: Forcing endless battles is banned
|clearpoke
|poke|p1|Arceus-*|
|poke|p1|Genesect|
|poke|p1|Yveltal|
|poke|p1|Necrozma-Dusk-Mane|
|poke|p1|Rayquaza|
|poke|p1|Groudon|
|poke|p2|Arceus-*|
|poke|p2|Groudon|
|poke|p2|Necrozma-Dusk-Mane|
|poke|p2|Yveltal|
|poke|p2|Rayquaza|
|poke|p2|Marshadow|
|teampreview
|inactive|Battle timer is ON: inactive players will automatically lose when time's up. (requested by Mawm)
|
|t:|1665884637
|start
|switch|p1a: Arceus|Arceus|100/100
|switch|p2a: Arceus|Arceus-Ground|100/100
|turn|1
|
|t:|1665884641
|move|p2a: Arceus|Judgment|p1a: Arceus
|-damage|p1a: Arceus|59/100
|move|p1a: Arceus|Swords Dance|p1a: Arceus
|-boost|p1a: Arceus|atk|2
|
|upkeep
|turn|2
|
|t:|1665884644
|switch|p2a: Necrozma|Necrozma-Dusk-Mane|100/100
|move|p1a: Arceus|Extreme Speed|p2a: Necrozma
|-resisted|p2a: Necrozma
|-damage|p2a: Necrozma|78/100
|-damage|p1a: Arceus|43/100|[from] item: Rocky Helmet|[of] p2a: Necrozma
|
|upkeep
|turn|3
|
|t:|1665884647
|switch|p2a: Yveltal|Yveltal|100/100
|-ability|p2a: Yveltal|Dark Aura
|move|p1a: Arceus|Swords Dance|p1a: Arceus
|-boost|p1a: Arceus|atk|2
|
|upkeep
|turn|4
|
|t:|1665884651
|switch|p2a: Marshadow|Marshadow|100/100
|move|p1a: Arceus|Rest|p1a: Arceus
|-status|p1a: Arceus|slp|[from] move: Rest
|-heal|p1a: Arceus|100/100 slp|[silent]
|-enditem|p1a: Arceus|Chesto Berry|[eat]
|-curestatus|p1a: Arceus|slp|[msg]
|
|upkeep
|turn|5
|
|t:|1665884653
|move|p2a: Marshadow|Close Combat|p1a: Arceus
|-supereffective|p1a: Arceus
|-damage|p1a: Arceus|0 fnt
|-unboost|p2a: Marshadow|def|1
|-unboost|p2a: Marshadow|spd|1
|faint|p1a: Arceus
|-damage|p2a: Marshadow|91/100|[from] item: Life Orb
|
|upkeep
|
|t:|1665884655
|switch|p1a: Groudon|Groudon|100/100
|detailschange|p1a: Groudon|Groudon-Primal
|-primal|p1a: Groudon
|-weather|DesolateLand|[from] ability: Desolate Land|[of] p1a: Groudon
|turn|6
|
|t:|1665884658
|switch|p2a: Arceus|Arceus-Ground|100/100
|move|p1a: Groudon|Stealth Rock|p2a: Arceus
|-sidestart|p2: Pikaslayer2001|move: Stealth Rock
|
|-weather|DesolateLand|[upkeep]
|upkeep
|turn|7
|
|t:|1665884660
|move|p2a: Arceus|Calm Mind|p2a: Arceus
|-boost|p2a: Arceus|spa|1
|-boost|p2a: Arceus|spd|1
|move|p1a: Groudon|Eruption|p2a: Arceus
|-damage|p2a: Arceus|28/100
|
|-weather|DesolateLand|[upkeep]
|upkeep
|turn|8
|
|t:|1665884662
|move|p2a: Arceus|Judgment|p1a: Groudon
|-supereffective|p1a: Groudon
|-damage|p1a: Groudon|0 fnt
|faint|p1a: Groudon
|-weather|none
|
|upkeep
|
|t:|1665884666
|switch|p1a: Genesect|Genesect, shiny|100/100
|-ability|p1a: Genesect|Download|boost
|-boost|p1a: Genesect|atk|1
|turn|9
|
|t:|1665884669
|move|p1a: Genesect|Extreme Speed|p2a: Arceus
|-damage|p2a: Arceus|0 fnt
|faint|p2a: Arceus
|-damage|p1a: Genesect|91/100|[from] item: Life Orb
|
|upkeep
|
|t:|1665884672
|switch|p2a: Groudon|Groudon, shiny|100/100
|-damage|p2a: Groudon|94/100|[from] Stealth Rock
|detailschange|p2a: Groudon|Groudon-Primal, shiny
|-primal|p2a: Groudon
|-weather|DesolateLand|[from] ability: Desolate Land|[of] p2a: Groudon
|turn|10
|
|t:|1665884675
|move|p1a: Genesect|Extreme Speed|p2a: Groudon
|-damage|p2a: Groudon|54/100
|-damage|p1a: Genesect|81/100|[from] item: Life Orb
|move|p2a: Groudon|Eruption|p1a: Genesect
|-supereffective|p1a: Genesect
|-damage|p1a: Genesect|0 fnt
|faint|p1a: Genesect
|
|-weather|DesolateLand|[upkeep]
|upkeep
|
|t:|1665884676
|switch|p1a: Rayquaza|Rayquaza|100/100
|-ability|p1a: Rayquaza|Air Lock
|turn|11
|
|t:|1665884680
|detailschange|p1a: Rayquaza|Rayquaza-Mega
|-mega|p1a: Rayquaza|Rayquaza|
|-weather|DeltaStream|[from] ability: Delta Stream|[of] p1a: Rayquaza
|move|p2a: Groudon|Stone Edge|p1a: Rayquaza
|-activate||deltastream
|-damage|p1a: Rayquaza|67/100
|move|p1a: Rayquaza|Dragon Dance|p1a: Rayquaza
|-boost|p1a: Rayquaza|atk|1
|-boost|p1a: Rayquaza|spe|1
|
|-weather|DeltaStream|[upkeep]
|upkeep
|turn|12
|
|t:|1665884687
|move|p1a: Rayquaza|Dragon Ascent|p2a: Groudon
|-crit|p2a: Groudon
|-damage|p2a: Groudon|0 fnt
|-unboost|p1a: Rayquaza|def|1
|-unboost|p1a: Rayquaza|spd|1
|faint|p2a: Groudon
|-damage|p1a: Rayquaza|57/100|[from] item: Life Orb
|
|-weather|DeltaStream|[upkeep]
|upkeep
|
|t:|1665884694
|switch|p2a: Necrozma|Necrozma-Dusk-Mane|78/100
|-damage|p2a: Necrozma|72/100|[from] Stealth Rock
|turn|13
|
|t:|1665884698
|switch|p2a: Rayquaza|Rayquaza|100/100
|-damage|p2a: Rayquaza|76/100|[from] Stealth Rock
|-ability|p2a: Rayquaza|Air Lock
|move|p1a: Rayquaza|Dragon Ascent|p2a: Rayquaza
|-damage|p2a: Rayquaza|0 fnt
|-unboost|p1a: Rayquaza|def|1
|-unboost|p1a: Rayquaza|spd|1
|faint|p2a: Rayquaza
|-damage|p1a: Rayquaza|47/100|[from] item: Life Orb
|
|-weather|DeltaStream|[upkeep]
|upkeep
|
|t:|1665884701
|switch|p2a: Marshadow|Marshadow|91/100
|-damage|p2a: Marshadow|84/100|[from] Stealth Rock
|turn|14
|
|t:|1665884703
|move|p2a: Marshadow|Shadow Sneak|p1a: Rayquaza
|-damage|p1a: Rayquaza|0 fnt
|faint|p1a: Rayquaza
|-weather|none
|-damage|p2a: Marshadow|74/100|[from] item: Life Orb
|
|upkeep
|
|t:|1665884705
|switch|p1a: Yveltal|Yveltal, shiny|100/100
|-ability|p1a: Yveltal|Dark Aura
|turn|15
|
|t:|1665884707
|-start|p1a: Yveltal|Dynamax|
|-heal|p1a: Yveltal|100/100|[silent]
|move|p2a: Marshadow|Rock Tomb|p1a: Yveltal
|-supereffective|p1a: Yveltal
|-damage|p1a: Yveltal|65/100
|-unboost|p1a: Yveltal|spe|1
|-damage|p2a: Marshadow|64/100|[from] item: Life Orb
|move|p1a: Yveltal|Max Airstream|p2a: Marshadow
|-supereffective|p2a: Marshadow
|-damage|p2a: Marshadow|0 fnt
|-boost|p1a: Yveltal|spe|1
|faint|p2a: Marshadow
|
|upkeep
|
|t:|1665884708
|switch|p2a: Yveltal|Yveltal|100/100
|-ability|p2a: Yveltal|Dark Aura
|turn|16
|
|t:|1665884710
|-start|p2a: Yveltal|Dynamax|
|-heal|p2a: Yveltal|100/100|[silent]
|move|p2a: Yveltal|Max Guard|p2a: Yveltal
|-singleturn|p2a: Yveltal|Max Guard
|move|p1a: Yveltal|Max Airstream|p2a: Yveltal
|-activate|p2a: Yveltal|move: Max Guard
|
|upkeep
|turn|17
|
|t:|1665884716
|move|p1a: Yveltal|Max Ooze|p2a: Yveltal
|-damage|p2a: Yveltal|88/100
|-boost|p1a: Yveltal|spa|1
|move|p2a: Yveltal|Max Flutterby|p1a: Yveltal
|-damage|p1a: Yveltal|49/100
|-unboost|p1a: Yveltal|spa|1
|
|upkeep
|-end|p1a: Yveltal|Dynamax
|-heal|p1a: Yveltal|50/100|[silent]
|turn|18
|
|t:|1665884718
|move|p1a: Yveltal|Oblivion Wing|p2a: Yveltal
|-damage|p2a: Yveltal|75/100
|-heal|p1a: Yveltal|71/100|[from] drain|[of] p2a: Yveltal
|move|p2a: Yveltal|Max Flutterby|p1a: Yveltal
|-damage|p1a: Yveltal|39/100
|-unboost|p1a: Yveltal|spa|1
|
|upkeep
|-end|p2a: Yveltal|Dynamax
|-heal|p2a: Yveltal|75/100|[silent]
|turn|19
|
|t:|1665884722
|move|p1a: Yveltal|Oblivion Wing|p2a: Yveltal
|-damage|p2a: Yveltal|59/100
|-heal|p1a: Yveltal|53/100|[from] drain|[of] p2a: Yveltal
|move|p2a: Yveltal|Foul Play|p1a: Yveltal
|-resisted|p1a: Yveltal
|-damage|p1a: Yveltal|33/100
|
|upkeep
|turn|20
|
|t:|1665884724
|move|p1a: Yveltal|Oblivion Wing|p2a: Yveltal
|-damage|p2a: Yveltal|43/100
|-heal|p1a: Yveltal|47/100|[from] drain|[of] p2a: Yveltal
|move|p2a: Yveltal|Roost|p2a: Yveltal
|-heal|p2a: Yveltal|93/100
|-singleturn|p2a: Yveltal|move: Roost
|
|upkeep
|turn|21
|
|t:|1665884727
|move|p1a: Yveltal|Oblivion Wing|p2a: Yveltal
|-damage|p2a: Yveltal|75/100
|-heal|p1a: Yveltal|62/100|[from] drain|[of] p2a: Yveltal
|move|p2a: Yveltal|Foul Play|p1a: Yveltal
|-resisted|p1a: Yveltal
|-damage|p1a: Yveltal|43/100
|
|upkeep
|turn|22
|
|t:|1665884731
|move|p1a: Yveltal|Oblivion Wing|p2a: Yveltal
|-damage|p2a: Yveltal|57/100
|-heal|p1a: Yveltal|59/100|[from] drain|[of] p2a: Yveltal
|move|p2a: Yveltal|Foul Play|p1a: Yveltal
|-resisted|p1a: Yveltal
|-damage|p1a: Yveltal|39/100
|
|upkeep
|turn|23
|
|t:|1665884737
|move|p1a: Yveltal|Dark Pulse|p2a: Yveltal
|-resisted|p2a: Yveltal
|-damage|p2a: Yveltal|45/100
|move|p2a: Yveltal|Roost|p2a: Yveltal
|-heal|p2a: Yveltal|95/100
|-singleturn|p2a: Yveltal|move: Roost
|
|upkeep
|turn|24
|
|t:|1665884740
|move|p1a: Yveltal|Oblivion Wing|p2a: Yveltal
|-damage|p2a: Yveltal|77/100
|-heal|p1a: Yveltal|54/100|[from] drain|[of] p2a: Yveltal
|move|p2a: Yveltal|Foul Play|p1a: Yveltal
|-resisted|p1a: Yveltal
|-damage|p1a: Yveltal|34/100
|
|upkeep
|turn|25
|
|t:|1665884746
|move|p1a: Yveltal|Oblivion Wing|p2a: Yveltal
|-damage|p2a: Yveltal|61/100
|-heal|p1a: Yveltal|48/100|[from] drain|[of] p2a: Yveltal
|move|p2a: Yveltal|Roost|p2a: Yveltal
|-heal|p2a: Yveltal|100/100
|-singleturn|p2a: Yveltal|move: Roost
|
|upkeep
|turn|26
|
|t:|1665884752
|move|p1a: Yveltal|Heat Wave|p2a: Yveltal
|-damage|p2a: Yveltal|87/100
|-status|p2a: Yveltal|brn
|move|p2a: Yveltal|Foul Play|p1a: Yveltal
|-resisted|p1a: Yveltal
|-damage|p1a: Yveltal|38/100
|
|-damage|p2a: Yveltal|81/100 brn|[from] brn
|upkeep
|turn|27
|c|☆Pikaslayer2001|Course
|c|☆Pikaslayer2001|you get first turn burn
|
|t:|1665884774
|move|p1a: Yveltal|Oblivion Wing|p2a: Yveltal
|-damage|p2a: Yveltal|65/100 brn
|-heal|p1a: Yveltal|51/100|[from] drain|[of] p2a: Yveltal
|move|p2a: Yveltal|Foul Play|p1a: Yveltal
|-resisted|p1a: Yveltal
|-damage|p1a: Yveltal|41/100
|
|-damage|p2a: Yveltal|59/100 brn|[from] brn
|upkeep
|turn|28
|
|t:|1665884778
|move|p1a: Yveltal|Oblivion Wing|p2a: Yveltal
|-damage|p2a: Yveltal|42/100 brn
|-heal|p1a: Yveltal|56/100|[from] drain|[of] p2a: Yveltal
|move|p2a: Yveltal|Roost|p2a: Yveltal
|-heal|p2a: Yveltal|93/100 brn
|-singleturn|p2a: Yveltal|move: Roost
|
|-damage|p2a: Yveltal|86/100 brn|[from] brn
|upkeep
|turn|29
|
|t:|1665884784
|move|p1a: Yveltal|Oblivion Wing|p2a: Yveltal
|-damage|p2a: Yveltal|71/100 brn
|-heal|p1a: Yveltal|69/100|[from] drain|[of] p2a: Yveltal
|move|p2a: Yveltal|Defog|p1a: Yveltal
|-unboost|p1a: Yveltal|evasion|1
|-sideend|p2: Pikaslayer2001|Stealth Rock|[from] move: Defog|[of] p2a: Yveltal
|
|-damage|p2a: Yveltal|65/100 brn|[from] brn
|upkeep
|turn|30
|
|t:|1665884792
|move|p1a: Yveltal|Oblivion Wing|p2a: Yveltal
|-damage|p2a: Yveltal|49/100 brn
|-heal|p1a: Yveltal|83/100|[from] drain|[of] p2a: Yveltal
|move|p2a: Yveltal|Roost|p2a: Yveltal
|-heal|p2a: Yveltal|99/100 brn
|-singleturn|p2a: Yveltal|move: Roost
|
|-damage|p2a: Yveltal|93/100 brn|[from] brn
|upkeep
|turn|31
|
|t:|1665884798
|move|p1a: Yveltal|Dark Pulse|p2a: Yveltal
|-resisted|p2a: Yveltal
|-damage|p2a: Yveltal|81/100 brn
|move|p2a: Yveltal|U-turn|p1a: Yveltal
|-damage|p1a: Yveltal|74/100
|
|t:|1665884800
|switch|p2a: Necrozma|Necrozma-Dusk-Mane|72/100|[from]move: U-turn
|
|upkeep
|turn|32
|
|t:|1665884801
|switch|p2a: Yveltal|Yveltal|81/100 brn
|-ability|p2a: Yveltal|Dark Aura
|move|p1a: Yveltal|Dark Pulse|p2a: Yveltal
|-resisted|p2a: Yveltal
|-damage|p2a: Yveltal|71/100 brn
|
|-damage|p2a: Yveltal|65/100 brn|[from] brn
|upkeep
|turn|33
|
|t:|1665884806
|move|p1a: Yveltal|Oblivion Wing|p2a: Yveltal
|-damage|p2a: Yveltal|48/100 brn
|-heal|p1a: Yveltal|88/100|[from] drain|[of] p2a: Yveltal
|move|p2a: Yveltal|Roost|p2a: Yveltal
|-heal|p2a: Yveltal|99/100 brn
|-singleturn|p2a: Yveltal|move: Roost
|
|-damage|p2a: Yveltal|92/100 brn|[from] brn
|upkeep
|turn|34
|
|t:|1665884815
|move|p1a: Yveltal|Heat Wave|p2a: Yveltal
|-damage|p2a: Yveltal|79/100 brn
|move|p2a: Yveltal|U-turn|p1a: Yveltal
|-damage|p1a: Yveltal|78/100
|
|t:|1665884817
|switch|p2a: Necrozma|Necrozma-Dusk-Mane|72/100|[from]move: U-turn
|
|upkeep
|turn|35
|
|t:|1665884819
|switch|p2a: Yveltal|Yveltal|79/100 brn
|-ability|p2a: Yveltal|Dark Aura
|move|p1a: Yveltal|Heat Wave|p2a: Yveltal
|-damage|p2a: Yveltal|67/100 brn
|
|-damage|p2a: Yveltal|61/100 brn|[from] brn
|upkeep
|turn|36
|
|t:|1665884823
|move|p1a: Yveltal|Oblivion Wing|p2a: Yveltal
|-damage|p2a: Yveltal|44/100 brn
|-heal|p1a: Yveltal|93/100|[from] drain|[of] p2a: Yveltal
|move|p2a: Yveltal|Roost|p2a: Yveltal
|-heal|p2a: Yveltal|94/100 brn
|-singleturn|p2a: Yveltal|move: Roost
|
|-damage|p2a: Yveltal|88/100 brn|[from] brn
|upkeep
|turn|37
|
|t:|1665884828
|move|p1a: Yveltal|Dark Pulse|p2a: Yveltal
|-resisted|p2a: Yveltal
|-damage|p2a: Yveltal|77/100 brn
|move|p2a: Yveltal|U-turn|p1a: Yveltal
|-damage|p1a: Yveltal|84/100
|
|t:|1665884830
|switch|p2a: Necrozma|Necrozma-Dusk-Mane|72/100|[from]move: U-turn
|
|upkeep
|turn|38
|
|t:|1665884832
|move|p1a: Yveltal|Dark Pulse|p2a: Necrozma
|-supereffective|p2a: Necrozma
|-damage|p2a: Necrozma|25/100
|move|p2a: Necrozma|Toxic|p1a: Yveltal
|-status|p1a: Yveltal|tox
|
|-damage|p1a: Yveltal|78/100 tox|[from] psn
|upkeep
|turn|39
|
|t:|1665884838
|move|p1a: Yveltal|Dark Pulse|p2a: Necrozma
|-supereffective|p2a: Necrozma
|-damage|p2a: Necrozma|0 fnt
|faint|p2a: Necrozma
|
|-damage|p1a: Yveltal|66/100 tox|[from] psn
|upkeep
|
|t:|1665884839
|switch|p2a: Yveltal|Yveltal|77/100 brn
|-ability|p2a: Yveltal|Dark Aura
|turn|40
|
|t:|1665884843
|move|p1a: Yveltal|Oblivion Wing|p2a: Yveltal
|-damage|p2a: Yveltal|62/100 brn
|-heal|p1a: Yveltal|79/100 tox|[from] drain|[of] p2a: Yveltal
|move|p2a: Yveltal|Roost|p2a: Yveltal
|-heal|p2a: Yveltal|100/100 brn
|-singleturn|p2a: Yveltal|move: Roost
|
|-damage|p1a: Yveltal|61/100 tox|[from] psn
|-damage|p2a: Yveltal|94/100 brn|[from] brn
|upkeep
|turn|41
|
|t:|1665884847
|move|p1a: Yveltal|Dark Pulse|p2a: Yveltal
|-resisted|p2a: Yveltal
|-damage|p2a: Yveltal|84/100 brn
|cant|p2a: Yveltal|flinch
|
|-damage|p1a: Yveltal|36/100 tox|[from] psn
|-damage|p2a: Yveltal|78/100 brn|[from] brn
|upkeep
|turn|42
|
|t:|1665884850
|move|p1a: Yveltal|Dark Pulse|p2a: Yveltal
|-resisted|p2a: Yveltal
|-damage|p2a: Yveltal|66/100 brn
|move|p2a: Yveltal|Roost|p2a: Yveltal
|-heal|p2a: Yveltal|100/100 brn
|-singleturn|p2a: Yveltal|move: Roost
|
|-damage|p1a: Yveltal|6/100 tox|[from] psn
|-damage|p2a: Yveltal|94/100 brn|[from] brn
|upkeep
|turn|43
|
|t:|1665884856
|move|p1a: Yveltal|Dark Pulse|p2a: Yveltal
|-resisted|p2a: Yveltal
|-damage|p2a: Yveltal|82/100 brn
|move|p2a: Yveltal|Roost|p2a: Yveltal
|-heal|p2a: Yveltal|100/100 brn
|-singleturn|p2a: Yveltal|move: Roost
|
|-damage|p1a: Yveltal|0 fnt|[from] psn
|faint|p1a: Yveltal
|-damage|p2a: Yveltal|94/100 brn|[from] brn
|upkeep
|
|t:|1665884858
|switch|p1a: Necrozma|Necrozma-Dusk-Mane, shiny|100/100
|turn|44
|
|t:|1665884861
|move|p2a: Yveltal|Foul Play|p1a: Necrozma
|-supereffective|p1a: Necrozma
|-damage|p1a: Necrozma|68/100
|move|p1a: Necrozma|Stone Edge|p2a: Yveltal
|-supereffective|p2a: Yveltal
|-crit|p2a: Yveltal
|-damage|p2a: Yveltal|3/100 brn
|
|-damage|p2a: Yveltal|0 fnt|[from] brn
|faint|p2a: Yveltal
|
|win|Mawm
|upkeep
|raw|Mawm's rating: 1748 &rarr; <strong>1777</strong><br />(+29 for winning)
|raw|Pikaslayer2001's rating: 1906 &rarr; <strong>1877</strong><br />(-29 for losing)
|c|☆Pikaslayer2001|Lucky
|l|☆Pikaslayer2001
||Ladder isn't responding, score probably updated but might not have (Request timeout).
