|j|☆Coronet077
|j|☆amnael01
|t:|1658244272
|gametype|singles
|player|p1|Coronet077|fisherman-gen4|1499
|player|p2|amnael01|dawn|1706
|teamsize|p1|6
|teamsize|p2|6
|gen|8
|tier|[Gen 8] National Dex AG
|rated|
|rule|HP Percentage Mod: HP is shown in percentages
|rule|Endless Battle Clause: Forcing endless battles is banned
|clearpoke
|poke|p1|Ho-Oh|
|poke|p1|Arceus-*|
|poke|p1|Groudon|
|poke|p1|Ditto|
|poke|p1|Zacian-*|
|poke|p1|Necrozma-Dusk-Mane|
|poke|p2|Smeargle, M|
|poke|p2|Groudon|
|poke|p2|Espeon, F|
|poke|p2|Rayquaza|
|poke|p2|Xerneas-*|
|poke|p2|Zacian-*|
|teampreview
|inactive|Battle timer is ON: inactive players will automatically lose when time's up. (requested by amnael01)
|
|t:|1658244283
|start
|switch|p1a: Groudon|Groudon|100/100
|switch|p2a: Rayquaza|Rayquaza|100/100
|-ability|p2a: Rayquaza|Air Lock
|detailschange|p1a: Groudon|Groudon-Primal
|-primal|p1a: Groudon
|-weather|DesolateLand|[from] ability: Desolate Land|[of] p1a: Groudon
|turn|1
|
|t:|1658244288
|switch|p2a: Espeon|Espeon, F|100/100
|move|p1a: Groudon|Stealth Rock|p2a: Espeon
|move|p2a: Espeon|Stealth Rock|p1a: Groudon|[from]ability: Magic Bounce
|-sidestart|p1: Coronet077|move: Stealth Rock
|
|-weather|DesolateLand|[upkeep]
|upkeep
|turn|2
|
|t:|1658244292
|move|p2a: Espeon|Psychic|p1a: Groudon
|-damage|p1a: Groudon|66/100
|move|p1a: Groudon|Precipice Blades|p2a: Espeon
|-enditem|p2a: Espeon|Focus Sash
|-damage|p2a: Espeon|1/100
|
|-weather|DesolateLand|[upkeep]
|upkeep
|turn|3
|
|t:|1658244298
|move|p2a: Espeon|Psychic|p1a: Groudon
|-damage|p1a: Groudon|36/100
|move|p1a: Groudon|Stone Edge|p2a: Espeon
|-damage|p2a: Espeon|0 fnt
|faint|p2a: Espeon
|
|-weather|DesolateLand|[upkeep]
|upkeep
|
|t:|1658244300
|switch|p2a: Rayquaza|Rayquaza|100/100
|-ability|p2a: Rayquaza|Air Lock
|turn|4
|
|t:|1658244305
|-weather|none
|switch|p1a: Ho-Oh|Ho-Oh|100/100
|detailschange|p2a: Rayquaza|Rayquaza-Mega
|-mega|p2a: Rayquaza|Rayquaza|
|-weather|DeltaStream|[from] ability: Delta Stream|[of] p2a: Rayquaza
|move|p2a: Rayquaza|Earthquake|p1a: Ho-Oh
|-immune|p1a: Ho-Oh
|
|-weather|DeltaStream|[upkeep]
|upkeep
|turn|5
|
|t:|1658244310
|move|p2a: Rayquaza|Dragon Dance|p2a: Rayquaza
|-boost|p2a: Rayquaza|atk|1
|-boost|p2a: Rayquaza|spe|1
|move|p1a: Ho-Oh|Defog|p2a: Rayquaza
|-unboost|p2a: Rayquaza|evasion|1
|-sideend|p1: Coronet077|Stealth Rock|[from] move: Defog|[of] p1a: Ho-Oh
|
|-weather|DeltaStream|[upkeep]
|upkeep
|turn|6
|
|t:|1658244313
|move|p2a: Rayquaza|Dragon Ascent|p1a: Ho-Oh
|-damage|p1a: Ho-Oh|25/100
|-unboost|p2a: Rayquaza|def|1
|-unboost|p2a: Rayquaza|spd|1
|move|p1a: Ho-Oh|Toxic|p2a: Rayquaza
|-status|p2a: Rayquaza|tox
|
|-weather|DeltaStream|[upkeep]
|-damage|p2a: Rayquaza|95/100 tox|[from] psn
|upkeep
|turn|7
|
|t:|1658244319
|switch|p1a: Groudon|Groudon-Primal|36/100
|-weather|DesolateLand|[from] ability: Desolate Land|[of] p1a: Groudon
|move|p2a: Rayquaza|Dragon Ascent|p1a: Groudon
|-damage|p1a: Groudon|0 fnt
|-unboost|p2a: Rayquaza|def|1
|-unboost|p2a: Rayquaza|spd|1
|faint|p1a: Groudon
|-weather|none
|
|-damage|p2a: Rayquaza|83/100 tox|[from] psn
|upkeep
|
|t:|1658244323
|switch|p1a: Necrozma|Necrozma-Dusk-Mane|100/100
|turn|8
|
|t:|1658244328
|move|p2a: Rayquaza|Earthquake|p1a: Necrozma
|-supereffective|p1a: Necrozma
|-damage|p1a: Necrozma|53/100
|move|p1a: Necrozma|Knock Off|p2a: Rayquaza
|-damage|p2a: Rayquaza|16/100 tox
|-enditem|p2a: Rayquaza|Focus Sash|[from] move: Knock Off|[of] p1a: Necrozma
|
|-heal|p1a: Necrozma|59/100|[from] item: Leftovers
|-damage|p2a: Rayquaza|0 fnt|[from] psn
|faint|p2a: Rayquaza
|upkeep
|
|t:|1658244331
|switch|p2a: Smeargle|Smeargle, M|100/100
|turn|9
|
|t:|1658244335
|move|p2a: Smeargle|Spore|p1a: Necrozma
|-status|p1a: Necrozma|slp|[from] move: Spore
|cant|p1a: Necrozma|slp
|
|-heal|p1a: Necrozma|65/100 slp|[from] item: Leftovers
|-ability|p2a: Smeargle|Moody|boost
|-boost|p2a: Smeargle|spd|2
|-unboost|p2a: Smeargle|spa|1
|upkeep
|turn|10
|
|t:|1658244341
|switch|p1a: Arceus|Arceus-Water|100/100
|move|p2a: Smeargle|Shift Gear|p2a: Smeargle
|-boost|p2a: Smeargle|spe|2
|-boost|p2a: Smeargle|atk|1
|
|-ability|p2a: Smeargle|Moody|boost
|-boost|p2a: Smeargle|spa|2
|-unboost|p2a: Smeargle|atk|1
|upkeep
|turn|11
|
|t:|1658244343
|move|p2a: Smeargle|Spore|p1a: Arceus
|-status|p1a: Arceus|slp|[from] move: Spore
|cant|p1a: Arceus|slp
|
|-ability|p2a: Smeargle|Moody|boost
|-boost|p2a: Smeargle|spe|2
|-unboost|p2a: Smeargle|spd|1
|upkeep
|turn|12
|
|t:|1658244351
|switch|p1a: Ditto|Ditto|100/100
|-transform|p1a: Ditto|p2a: Smeargle|[from] ability: Imposter
|move|p2a: Smeargle|Shift Gear|p2a: Smeargle
|-boost|p2a: Smeargle|spe|2
|-boost|p2a: Smeargle|atk|1
|
|-ability|p1a: Ditto|Moody|boost
|-boost|p1a: Ditto|spd|2
|-unboost|p1a: Ditto|def|1
|-ability|p2a: Smeargle|Moody|boost
|-boost|p2a: Smeargle|def|2
|-unboost|p2a: Smeargle|spd|1
|upkeep
|turn|13
|
|t:|1658244356
|move|p1a: Ditto|Spore|p2a: Smeargle
|-status|p2a: Smeargle|slp|[from] move: Spore
|cant|p2a: Smeargle|slp
|
|-ability|p1a: Ditto|Moody|boost
|-boost|p1a: Ditto|def|2
|-unboost|p1a: Ditto|spa|1
|-ability|p2a: Smeargle|Moody|boost
|-boost|p2a: Smeargle|atk|2
|-unboost|p2a: Smeargle|def|1
|upkeep
|turn|14
|
|t:|1658244362
|switch|p1a: Zacian|Zacian-Crowned|100/100
|-ability|p1a: Zacian|Intrepid Sword|boost
|-boost|p1a: Zacian|atk|1
|cant|p2a: Smeargle|slp
|
|-ability|p2a: Smeargle|Moody|boost
|-boost|p2a: Smeargle|spa|2
|-unboost|p2a: Smeargle|def|1
|upkeep
|turn|15
|
|t:|1658244366
|cant|p2a: Smeargle|slp
|move|p1a: Zacian|Close Combat|p2a: Smeargle
|-supereffective|p2a: Smeargle
|-enditem|p2a: Smeargle|Focus Sash
|-damage|p2a: Smeargle|1/100 slp
|-unboost|p1a: Zacian|def|1
|-unboost|p1a: Zacian|spd|1
|
|-ability|p2a: Smeargle|Moody|boost
|-boost|p2a: Smeargle|def|2
|-unboost|p2a: Smeargle|spa|1
|upkeep
|turn|16
|
|t:|1658244368
|-curestatus|p2a: Smeargle|slp|[msg]
|move|p2a: Smeargle|Spore|p1a: Zacian
|-status|p1a: Zacian|slp|[from] move: Spore
|cant|p1a: Zacian|slp
|
|-ability|p2a: Smeargle|Moody|boost
|-boost|p2a: Smeargle|spd|2
|-unboost|p2a: Smeargle|def|1
|upkeep
|turn|17
|
|t:|1658244381
|switch|p1a: Arceus|Arceus-Water|100/100 slp
|move|p2a: Smeargle|Baton Pass|p2a: Smeargle
|
|t:|1658244385
|switch|p2a: Groudon|Groudon|100/100|[from]move: Baton Pass
|detailschange|p2a: Groudon|Groudon-Primal
|-primal|p2a: Groudon
|-weather|DesolateLand|[from] ability: Desolate Land|[of] p2a: Groudon
|
|-weather|DesolateLand|[upkeep]
|upkeep
|turn|18
|
|t:|1658244389
|move|p2a: Groudon|Earthquake|p1a: Arceus
|-damage|p1a: Arceus|13/100 slp
|cant|p1a: Arceus|slp
|
|-weather|DesolateLand|[upkeep]
|upkeep
|turn|19
|
|t:|1658244393
|move|p2a: Groudon|Earthquake|p1a: Arceus
|-damage|p1a: Arceus|0 fnt
|faint|p1a: Arceus
|
|-weather|DesolateLand|[upkeep]
|upkeep
|
|t:|1658244396
|switch|p1a: Ditto|Ditto|100/100
|-transform|p1a: Ditto|p2a: Groudon|[from] ability: Imposter
|turn|20
|
|t:|1658244402
|move|p1a: Ditto|Earthquake|p2a: Groudon
|-supereffective|p2a: Groudon
|-damage|p2a: Groudon|0 fnt
|faint|p2a: Groudon
|
|-weather|DesolateLand|[upkeep]
|upkeep
|
|t:|1658244406
|switch|p2a: Smeargle|Smeargle, M|1/100
|turn|21
|
|t:|1658244409
|move|p2a: Smeargle|Spiky Shield|p2a: Smeargle
|-singleturn|p2a: Smeargle|move: Protect
|move|p1a: Ditto|Earthquake|p2a: Smeargle
|-activate|p2a: Smeargle|move: Protect
|
|-weather|DesolateLand|[upkeep]
|-ability|p2a: Smeargle|Moody|boost
|-boost|p2a: Smeargle|def|2
|-unboost|p2a: Smeargle|atk|1
|upkeep
|turn|22
|
|t:|1658244413
|move|p2a: Smeargle|Spiky Shield||[still]
|-fail|p2a: Smeargle
|move|p1a: Ditto|Earthquake|p2a: Smeargle
|-damage|p2a: Smeargle|0 fnt
|faint|p2a: Smeargle
|
|-weather|DesolateLand|[upkeep]
|upkeep
|
|t:|1658244415
|switch|p2a: Xerneas|Xerneas|100/100
|-ability|p2a: Xerneas|Fairy Aura
|turn|23
|
|t:|1658244419
|move|p1a: Ditto|Earthquake|p2a: Xerneas
|-damage|p2a: Xerneas|0 fnt
|faint|p2a: Xerneas
|
|-weather|DesolateLand|[upkeep]
|upkeep
|
|t:|1658244421
|switch|p2a: Zacian|Zacian-Crowned|100/100
|-ability|p2a: Zacian|Intrepid Sword|boost
|-boost|p2a: Zacian|atk|1
|turn|24
|
|t:|1658244425
|move|p1a: Ditto|Earthquake|p2a: Zacian
|-supereffective|p2a: Zacian
|-damage|p2a: Zacian|0 fnt
|faint|p2a: Zacian
|
|win|Coronet077
|raw|Coronet077's rating: 1499 &rarr; <strong>1530</strong><br />(+31 for winning)
|raw|amnael01's rating: 1706 &rarr; <strong>1675</strong><br />(-31 for losing)
|l|☆amnael01
||Ladder isn't responding, score probably updated but might not have (Request timeout).
