|j|☆yung susssy
|j|☆IWSK
|t:|1628842439
|gametype|singles
|player|p1|yung susssy|medium|1495
|player|p2|IWSK|gentleman-gen4dp|1726
|teamsize|p1|6
|teamsize|p2|6
|gen|8
|tier|[Gen 8] National Dex AG
|rated|
|rule|HP Percentage Mod: HP is shown in percentages
|rule|Endless Battle Clause: Forcing endless battles is banned
|clearpoke
|poke|p1|Slurpuff, F|
|poke|p1|Breloom, F|
|poke|p1|Yveltal|
|poke|p1|Groudon|
|poke|p1|Eternatus|
|poke|p1|Serperior, M|
|poke|p2|Arceus-*|
|poke|p2|Necrozma-Dusk-Mane|
|poke|p2|Gengar, M|
|poke|p2|Ho-Oh|
|poke|p2|Gliscor, F|
|poke|p2|Yveltal|
|teampreview
|inactive|Battle timer is ON: inactive players will automatically lose when time's up. (requested by IWSK)
|
|t:|1628842452
|start
|switch|p1a: Slurpuff|Slurpuff, F|100/100
|switch|p2a: Gengar|Gengar, M|100/100
|turn|1
|l|☆yung susssy
|inactive|yung susssy disconnected and has a minute to reconnect!
|player|p1|
|j|☆yung susssy
|inactive|yung susssy reconnected and has 120 seconds left.
|player|p1|yung susssy|medium
|
|t:|1628842490
|detailschange|p2a: Gengar|Gengar-Mega, M
|-mega|p2a: Gengar|Gengar|Gengarite
|move|p2a: Gengar|Substitute|p2a: Gengar
|-start|p2a: Gengar|Substitute
|-damage|p2a: Gengar|76/100
|move|p1a: Slurpuff|Yawn||[still]
|-fail|p1a: Slurpuff
|
|upkeep
|turn|2
|inactive|yung susssy has 120 seconds left.
|
|t:|1628842497
|move|p2a: Gengar|Encore|p1a: Slurpuff
|-start|p1a: Slurpuff|Encore
|move|p1a: Slurpuff|Yawn||[still]
|-fail|p1a: Slurpuff
|
|upkeep
|turn|3
|
|t:|1628842502
|move|p2a: Gengar|Perish Song|p2a: Gengar
|-start|p1a: Slurpuff|perish3|[silent]
|-start|p2a: Gengar|perish3|[silent]
|-fieldactivate|move: Perish Song
|move|p1a: Slurpuff|Yawn||[still]
|-fail|p1a: Slurpuff
|
|-start|p2a: Gengar|perish3
|-start|p1a: Slurpuff|perish3
|upkeep
|turn|4
|
|t:|1628842510
|move|p2a: Gengar|Disable|p1a: Slurpuff
|-start|p1a: Slurpuff|Disable|Yawn
|cant|p1a: Slurpuff|Disable|Yawn
|
|-end|p1a: Slurpuff|Encore
|-start|p2a: Gengar|perish2
|-start|p1a: Slurpuff|perish2
|upkeep
|turn|5
|
|t:|1628842520
|move|p2a: Gengar|Encore|p1a: Slurpuff
|-start|p1a: Slurpuff|Encore
|cant|p1a: Slurpuff|Disable|Yawn
|
|-start|p2a: Gengar|perish1
|-start|p1a: Slurpuff|perish1
|upkeep
|turn|6
|
|t:|1628842527
|switch|p2a: Gliscor|Gliscor, F|100/100
|-activate|p1a: Slurpuff|move: Struggle
|move|p1a: Slurpuff|Struggle|p2a: Gliscor
|-damage|p2a: Gliscor|94/100
|-damage|p1a: Slurpuff|76/100|[from] recoil
|
|-start|p1a: Slurpuff|perish0
|-status|p2a: Gliscor|tox|[from] item: Toxic Orb
|faint|p1a: Slurpuff
|upkeep
|
|t:|1628842541
|switch|p1a: Groudon|Groudon|100/100
|detailschange|p1a: Groudon|Groudon-Primal
|-primal|p1a: Groudon
|-weather|DesolateLand|[from] ability: Desolate Land|[of] p1a: Groudon
|turn|7
|
|t:|1628842547
|switch|p2a: Arceus|Arceus-Water|100/100
|move|p1a: Groudon|Rock Polish|p1a: Groudon
|-boost|p1a: Groudon|spe|2
|
|-weather|DesolateLand|[upkeep]
|upkeep
|turn|8
|
|t:|1628842554
|move|p1a: Groudon|Precipice Blades|p2a: Arceus
|-damage|p2a: Arceus|54/100
|move|p2a: Arceus|Toxic|p1a: Groudon
|-status|p1a: Groudon|tox
|
|-weather|DesolateLand|[upkeep]
|-damage|p1a: Groudon|94/100 tox|[from] psn
|upkeep
|turn|9
|
|t:|1628842561
|move|p1a: Groudon|Stone Edge|p2a: Arceus|[miss]
|-miss|p1a: Groudon|p2a: Arceus
|move|p2a: Arceus|Recover|p2a: Arceus
|-heal|p2a: Arceus|100/100
|
|-weather|DesolateLand|[upkeep]
|-damage|p1a: Groudon|82/100 tox|[from] psn
|upkeep
|turn|10
|
|t:|1628842567
|-weather|none
|switch|p1a: Serperior|Serperior, M|100/100
|move|p2a: Arceus|Ice Beam|p1a: Serperior
|-supereffective|p1a: Serperior
|-damage|p1a: Serperior|48/100
|
|-heal|p1a: Serperior|54/100|[from] item: Leftovers
|upkeep
|turn|11
|
|t:|1628842576
|switch|p2a: Ho-Oh|Ho-Oh|100/100
|move|p1a: Serperior|Substitute|p1a: Serperior
|-start|p1a: Serperior|Substitute
|-damage|p1a: Serperior|29/100
|
|-heal|p1a: Serperior|36/100|[from] item: Leftovers
|upkeep
|turn|12
|
|t:|1628842583
|move|p1a: Serperior|Glare|p2a: Ho-Oh
|-status|p2a: Ho-Oh|par
|move|p2a: Ho-Oh|Whirlwind|p1a: Serperior
|drag|p1a: Breloom|Breloom, F|100/100
|
|upkeep
|turn|13
|
|t:|1628842590
|move|p1a: Breloom|Rock Tomb|p2a: Ho-Oh
|-supereffective|p2a: Ho-Oh
|-damage|p2a: Ho-Oh|15/100 par
|-unboost|p2a: Ho-Oh|spe|1
|move|p2a: Ho-Oh|Sacred Fire|p1a: Breloom
|-supereffective|p1a: Breloom
|-enditem|p1a: Breloom|Focus Sash
|-damage|p1a: Breloom|1/100
|
|upkeep
|turn|14
|
|t:|1628842602
|move|p1a: Breloom|Rock Tomb|p2a: Ho-Oh
|-supereffective|p2a: Ho-Oh
|-damage|p2a: Ho-Oh|0 fnt
|faint|p2a: Ho-Oh
|
|upkeep
|
|t:|1628842608
|switch|p2a: Gliscor|Gliscor, F|94/100 tox
|turn|15
|
|t:|1628842614
|move|p2a: Gliscor|Bulldoze|p1a: Breloom
|-resisted|p1a: Breloom
|-damage|p1a: Breloom|0 fnt
|faint|p1a: Breloom
|
|-heal|p2a: Gliscor|100/100 tox|[from] ability: Poison Heal
|upkeep
|
|t:|1628842621
|switch|p1a: Yveltal|Yveltal|100/100
|-ability|p1a: Yveltal|Dark Aura
|turn|16
|
|t:|1628842632
|move|p2a: Gliscor|Toxic|p1a: Yveltal
|-status|p1a: Yveltal|tox
|move|p1a: Yveltal|Foul Play|p2a: Gliscor
|-damage|p2a: Gliscor|69/100 tox
|
|-heal|p2a: Gliscor|82/100 tox|[from] ability: Poison Heal
|-damage|p1a: Yveltal|94/100 tox|[from] psn
|upkeep
|turn|17
|
|t:|1628842642
|switch|p1a: Serperior|Serperior, M|36/100
|move|p2a: Gliscor|Protect||[still]
|-fail|p2a: Gliscor
|
|-heal|p1a: Serperior|42/100|[from] item: Leftovers
|-heal|p2a: Gliscor|94/100 tox|[from] ability: Poison Heal
|upkeep
|turn|18
|
|t:|1628842651
|switch|p2a: Gengar|Gengar-Mega, M|76/100
|move|p1a: Serperior|Leaf Storm|p2a: Gengar
|-resisted|p2a: Gengar
|-damage|p2a: Gengar|52/100
|-boost|p1a: Serperior|spa|2
|
|-heal|p1a: Serperior|48/100|[from] item: Leftovers
|upkeep
|turn|19
|
|t:|1628842667
|move|p2a: Gengar|Perish Song|p2a: Gengar
|-start|p1a: Serperior|perish3|[silent]
|-start|p2a: Gengar|perish3|[silent]
|-fieldactivate|move: Perish Song
|move|p1a: Serperior|Leaf Storm|p2a: Gengar
|-resisted|p2a: Gengar
|-damage|p2a: Gengar|2/100
|-boost|p1a: Serperior|spa|2
|
|-heal|p1a: Serperior|54/100|[from] item: Leftovers
|-start|p2a: Gengar|perish3
|-start|p1a: Serperior|perish3
|upkeep
|turn|20
|
|t:|1628842677
|move|p2a: Gengar|Disable|p1a: Serperior
|-start|p1a: Serperior|Disable|Leaf Storm
|cant|p1a: Serperior|Disable|Leaf Storm
|
|-heal|p1a: Serperior|60/100|[from] item: Leftovers
|-start|p2a: Gengar|perish2
|-start|p1a: Serperior|perish2
|upkeep
|turn|21
|
|t:|1628842685
|move|p2a: Gengar|Encore|p1a: Serperior
|-start|p1a: Serperior|Encore
|cant|p1a: Serperior|Disable|Leaf Storm
|
|-heal|p1a: Serperior|67/100|[from] item: Leftovers
|-start|p2a: Gengar|perish1
|-start|p1a: Serperior|perish1
|upkeep
|turn|22
|
|t:|1628842692
|switch|p2a: Gliscor|Gliscor, F|94/100 tox
|-activate|p1a: Serperior|move: Struggle
|move|p1a: Serperior|Struggle|p2a: Gliscor
|-damage|p2a: Gliscor|89/100 tox
|-damage|p1a: Serperior|42/100|[from] recoil
|
|-heal|p1a: Serperior|48/100|[from] item: Leftovers
|-heal|p2a: Gliscor|100/100 tox|[from] ability: Poison Heal
|-start|p1a: Serperior|perish0
|faint|p1a: Serperior
|upkeep
|
|t:|1628842702
|switch|p1a: Groudon|Groudon-Primal|82/100 tox
|-weather|DesolateLand|[from] ability: Desolate Land|[of] p1a: Groudon
|turn|23
|
|t:|1628842706
|move|p2a: Gliscor|Substitute|p2a: Gliscor
|-start|p2a: Gliscor|Substitute
|-damage|p2a: Gliscor|76/100 tox
|move|p1a: Groudon|Rock Polish|p1a: Groudon
|-boost|p1a: Groudon|spe|2
|
|-weather|DesolateLand|[upkeep]
|-damage|p1a: Groudon|76/100 tox|[from] psn
|-heal|p2a: Gliscor|88/100 tox|[from] ability: Poison Heal
|upkeep
|turn|24
|
|t:|1628842715
|move|p2a: Gliscor|Protect|p2a: Gliscor
|-singleturn|p2a: Gliscor|Protect
|move|p1a: Groudon|Heat Crash|p2a: Gliscor
|-activate|p2a: Gliscor|move: Protect
|
|-weather|DesolateLand|[upkeep]
|-damage|p1a: Groudon|64/100 tox|[from] psn
|-heal|p2a: Gliscor|100/100 tox|[from] ability: Poison Heal
|upkeep
|turn|25
|
|t:|1628842723
|move|p1a: Groudon|Heat Crash|p2a: Gliscor
|-end|p2a: Gliscor|Substitute
|move|p2a: Gliscor|Substitute|p2a: Gliscor
|-start|p2a: Gliscor|Substitute
|-damage|p2a: Gliscor|76/100 tox
|
|-weather|DesolateLand|[upkeep]
|-damage|p1a: Groudon|45/100 tox|[from] psn
|-heal|p2a: Gliscor|88/100 tox|[from] ability: Poison Heal
|upkeep
|turn|26
|
|t:|1628842731
|move|p2a: Gliscor|Protect|p2a: Gliscor
|-singleturn|p2a: Gliscor|Protect
|move|p1a: Groudon|Heat Crash|p2a: Gliscor
|-activate|p2a: Gliscor|move: Protect
|
|-weather|DesolateLand|[upkeep]
|-damage|p1a: Groudon|20/100 tox|[from] psn
|-heal|p2a: Gliscor|100/100 tox|[from] ability: Poison Heal
|upkeep
|turn|27
|
|t:|1628842739
|move|p1a: Groudon|Heat Crash|p2a: Gliscor
|-end|p2a: Gliscor|Substitute
|move|p2a: Gliscor|Substitute|p2a: Gliscor
|-start|p2a: Gliscor|Substitute
|-damage|p2a: Gliscor|76/100 tox
|
|-weather|DesolateLand|[upkeep]
|-damage|p1a: Groudon|0 fnt|[from] psn
|faint|p1a: Groudon
|-weather|none
|-heal|p2a: Gliscor|88/100 tox|[from] ability: Poison Heal
|upkeep
|c|☆yung susssy|damn thats cancer
|c|☆yung susssy|ggs mate
|
|t:|1628842761
|switch|p1a: Yveltal|Yveltal|94/100 tox
|-ability|p1a: Yveltal|Dark Aura
|turn|28
|
|t:|1628842766
|move|p2a: Gliscor|Protect|p2a: Gliscor
|-singleturn|p2a: Gliscor|Protect
|move|p1a: Yveltal|Foul Play|p2a: Gliscor
|-activate|p2a: Gliscor|move: Protect
|
|-heal|p2a: Gliscor|100/100 tox|[from] ability: Poison Heal
|-damage|p1a: Yveltal|88/100 tox|[from] psn
|upkeep
|turn|29
|
|t:|1628842774
|switch|p2a: Gengar|Gengar-Mega, M|2/100
|move|p1a: Yveltal|Foul Play|p2a: Gengar
|-supereffective|p2a: Gengar
|-damage|p2a: Gengar|0 fnt
|faint|p2a: Gengar
|
|-damage|p1a: Yveltal|76/100 tox|[from] psn
|upkeep
|
|t:|1628842782
|switch|p2a: Gliscor|Gliscor, F|100/100 tox
|turn|30
|
|t:|1628842790
|move|p2a: Gliscor|Substitute|p2a: Gliscor
|-start|p2a: Gliscor|Substitute
|-damage|p2a: Gliscor|76/100 tox
|move|p1a: Yveltal|Foul Play|p2a: Gliscor
|-end|p2a: Gliscor|Substitute
|
|-heal|p2a: Gliscor|88/100 tox|[from] ability: Poison Heal
|-damage|p1a: Yveltal|58/100 tox|[from] psn
|upkeep
|turn|31
|
|t:|1628842798
|move|p2a: Gliscor|Protect|p2a: Gliscor
|-singleturn|p2a: Gliscor|Protect
|move|p1a: Yveltal|Foul Play|p2a: Gliscor
|-activate|p2a: Gliscor|move: Protect
|
|-heal|p2a: Gliscor|100/100 tox|[from] ability: Poison Heal
|-damage|p1a: Yveltal|33/100 tox|[from] psn
|upkeep
|turn|32
|
|t:|1628842805
|move|p2a: Gliscor|Substitute|p2a: Gliscor
|-start|p2a: Gliscor|Substitute
|-damage|p2a: Gliscor|76/100 tox
|move|p1a: Yveltal|Foul Play|p2a: Gliscor
|-end|p2a: Gliscor|Substitute
|
|-heal|p2a: Gliscor|88/100 tox|[from] ability: Poison Heal
|-damage|p1a: Yveltal|2/100 tox|[from] psn
|upkeep
|turn|33
|
|t:|1628842815
|switch|p2a: Yveltal|Yveltal|100/100
|-ability|p2a: Yveltal|Dark Aura
|move|p1a: Yveltal|Roost|p1a: Yveltal
|-heal|p1a: Yveltal|52/100 tox
|-singleturn|p1a: Yveltal|move: Roost
|
|-damage|p1a: Yveltal|15/100 tox|[from] psn
|upkeep
|turn|34
|
|t:|1628842826
|-start|p2a: Yveltal|Dynamax
|-heal|p2a: Yveltal|100/100|[silent]
|move|p2a: Yveltal|Max Airstream|p1a: Yveltal
|-damage|p1a: Yveltal|0 fnt
|-boost|p2a: Yveltal|spe|1
|faint|p1a: Yveltal
|
|upkeep
|
|t:|1628842836
|switch|p1a: Eternatus|Eternatus|100/100
|-ability|p1a: Eternatus|Pressure
|turn|35
|
|t:|1628842841
|move|p2a: Yveltal|Max Darkness|p1a: Eternatus
|-crit|p1a: Eternatus
|-damage|p1a: Eternatus|9/100
|-unboost|p1a: Eternatus|spd|1
|move|p1a: Eternatus|Cosmic Power|p1a: Eternatus
|-boost|p1a: Eternatus|def|1
|-boost|p1a: Eternatus|spd|1
|
|-heal|p1a: Eternatus|15/100|[from] item: Leftovers
|upkeep
|turn|36
|
|t:|1628842851
|move|p2a: Yveltal|Max Darkness|p1a: Eternatus
|-damage|p1a: Eternatus|0 fnt
|faint|p1a: Eternatus
|
|win|IWSK
|raw|yung susssy's rating: 1495 &rarr; <strong>1487</strong><br />(-8 for losing)
|raw|IWSK's rating: 1726 &rarr; <strong>1734</strong><br />(+8 for winning)
|l|☆IWSK
