|j|☆Puigson
|j|☆moyv123
|t:|1665886035
|gametype|singles
|player|p1|Puigson|steven|1715
|player|p2|moyv123|1|1743
|teamsize|p1|6
|teamsize|p2|6
|gen|8
|tier|[Gen 8] National Dex AG
|rated|
|rule|HP Percentage Mod: HP is shown in percentages
|rule|Endless Battle Clause: Forcing endless battles is banned
|clearpoke
|poke|p1|Calyrex-Shadow|
|poke|p1|Zacian-*|
|poke|p1|Rayquaza|
|poke|p1|Necrozma-Dusk-Mane|
|poke|p1|Yveltal|
|poke|p1|Groudon|
|poke|p2|Arceus-*|
|poke|p2|Arceus-*|
|poke|p2|Rayquaza|
|poke|p2|Lugia|
|poke|p2|Zacian-*|
|poke|p2|Necrozma-Dusk-Mane|
|teampreview
|inactive|Battle timer is ON: inactive players will automatically lose when time's up. (requested by Puigson)
|
|t:|1665886060
|start
|switch|p1a: Rayquaza|Rayquaza|100/100
|switch|p2a: Arceus|Arceus|100/100
|-ability|p1a: Rayquaza|Air Lock
|turn|1
|
|t:|1665886074
|detailschange|p1a: Rayquaza|Rayquaza-Mega
|-mega|p1a: Rayquaza|Rayquaza|
|-weather|DeltaStream|[from] ability: Delta Stream|[of] p1a: Rayquaza
|move|p2a: Arceus|Extreme Speed|p1a: Rayquaza
|-damage|p1a: Rayquaza|61/100
|move|p1a: Rayquaza|Dragon Ascent|p2a: Arceus
|-damage|p2a: Arceus|28/100
|-unboost|p1a: Rayquaza|def|1
|-unboost|p1a: Rayquaza|spd|1
|-damage|p1a: Rayquaza|51/100|[from] item: Life Orb
|
|-weather|DeltaStream|[upkeep]
|upkeep
|turn|2
|
|t:|1665886090
|switch|p2a: Zacian|Zacian-Crowned, shiny|100/100
|-ability|p2a: Zacian|Intrepid Sword|boost
|-boost|p2a: Zacian|atk|1
|move|p1a: Rayquaza|Extreme Speed|p2a: Zacian
|-resisted|p2a: Zacian
|-damage|p2a: Zacian|75/100
|-damage|p1a: Rayquaza|41/100|[from] item: Life Orb
|
|-weather|DeltaStream|[upkeep]
|upkeep
|turn|3
|
|t:|1665886104
|-weather|none
|switch|p1a: Necrozma|Necrozma-Dusk-Mane|100/100
|move|p2a: Zacian|Substitute|p2a: Zacian
|-start|p2a: Zacian|Substitute
|-damage|p2a: Zacian|50/100
|
|upkeep
|turn|4
|
|t:|1665886112
|move|p2a: Zacian|Close Combat|p1a: Necrozma
|-damage|p1a: Necrozma|56/100
|-unboost|p2a: Zacian|def|1
|-unboost|p2a: Zacian|spd|1
|-damage|p2a: Zacian|33/100|[from] item: Rocky Helmet|[of] p1a: Necrozma
|move|p1a: Necrozma|Stealth Rock|p2a: Zacian
|-sidestart|p2: moyv123|move: Stealth Rock
|
|upkeep
|turn|5
|
|t:|1665886128
|switch|p2a: Arceus|Arceus|28/100
|-damage|p2a: Arceus|15/100|[from] Stealth Rock
|move|p1a: Necrozma|Morning Sun|p1a: Necrozma
|-heal|p1a: Necrozma|100/100
|
|upkeep
|turn|6
|
|t:|1665886136
|move|p2a: Arceus|Defog|p1a: Necrozma
|-unboost|p1a: Necrozma|evasion|1
|-sideend|p2: moyv123|Stealth Rock|[from] move: Defog|[of] p2a: Arceus
|move|p1a: Necrozma|Sunsteel Strike|p2a: Arceus
|-damage|p2a: Arceus|0 fnt
|faint|p2a: Arceus
|
|upkeep
|
|t:|1665886153
|switch|p2a: Necrozma|Necrozma-Dusk-Mane|100/100
|turn|7
|
|t:|1665886159
|switch|p1a: Groudon|Groudon|100/100
|detailschange|p1a: Groudon|Groudon-Primal
|-primal|p1a: Groudon
|-weather|DesolateLand|[from] ability: Desolate Land|[of] p1a: Groudon
|move|p2a: Necrozma|Dragon Dance|p2a: Necrozma
|-boost|p2a: Necrozma|atk|1
|-boost|p2a: Necrozma|spe|1
|
|-weather|DesolateLand|[upkeep]
|upkeep
|turn|8
|
|t:|1665886168
|detailschange|p2a: Necrozma|Necrozma-Ultra
|-burst|p2a: Necrozma|Necrozma|Ultranecrozium Z
|move|p2a: Necrozma|Earthquake|p1a: Groudon
|-supereffective|p1a: Groudon
|-damage|p1a: Groudon|22/100
|move|p1a: Groudon|Roar|p2a: Necrozma
|drag|p2a: Rayquaza|Rayquaza, shiny|100/100
|-ability|p2a: Rayquaza|Air Lock
|
|-weather|DesolateLand|[upkeep]
|upkeep
|turn|9
|
|t:|1665886180
|detailschange|p2a: Rayquaza|Rayquaza-Mega, shiny
|-mega|p2a: Rayquaza|Rayquaza|
|-weather|DeltaStream|[from] ability: Delta Stream|[of] p2a: Rayquaza
|move|p2a: Rayquaza|Scale Shot|p1a: Groudon
|-damage|p1a: Groudon|7/100
|-damage|p1a: Groudon|0 fnt
|faint|p1a: Groudon
|-hitcount|p1: Groudon|2
|-unboost|p2a: Rayquaza|def|1
|-boost|p2a: Rayquaza|spe|1
|-damage|p2a: Rayquaza|91/100|[from] item: Life Orb
|
|-weather|DeltaStream|[upkeep]
|upkeep
|
|t:|1665886185
|switch|p1a: Calyrex|Calyrex-Shadow|100/100
|-ability|p1a: Calyrex|As One
|-ability|p1a: Calyrex|Unnerve
|turn|10
|
|t:|1665886197
|move|p1a: Calyrex|Astral Barrage|p2a: Rayquaza
|-damage|p2a: Rayquaza|29/100
|move|p2a: Rayquaza|Scale Shot|p1a: Calyrex
|-damage|p1a: Calyrex|71/100
|-damage|p1a: Calyrex|40/100
|-hitcount|p1a: Calyrex|2
|-unboost|p2a: Rayquaza|def|1
|-boost|p2a: Rayquaza|spe|1
|-damage|p2a: Rayquaza|19/100|[from] item: Life Orb
|
|-weather|DeltaStream|[upkeep]
|upkeep
|turn|11
|
|t:|1665886216
|move|p1a: Calyrex|Astral Barrage|p2a: Rayquaza
|-damage|p2a: Rayquaza|0 fnt
|faint|p2a: Rayquaza
|-weather|none
|-ability|p1a: Calyrex|Grim Neigh|boost
|-boost|p1a: Calyrex|spa|1
|
|upkeep
|
|t:|1665886225
|switch|p2a: Arceus|Arceus-Dark|100/100
|turn|12
|
|t:|1665886229
|switch|p1a: Zacian|Zacian-Crowned|100/100
|-ability|p1a: Zacian|Intrepid Sword|boost
|-boost|p1a: Zacian|atk|1
|move|p2a: Arceus|Judgment|p1a: Zacian
|-resisted|p1a: Zacian
|-damage|p1a: Zacian|76/100
|
|upkeep
|turn|13
|
|t:|1665886247
|switch|p2a: Lugia|Lugia|100/100
|move|p1a: Zacian|Play Rough|p2a: Lugia
|-damage|p2a: Lugia|79/100
|
|upkeep
|turn|14
|
|t:|1665886254
|move|p1a: Zacian|Wild Charge|p2a: Lugia
|-supereffective|p2a: Lugia
|-damage|p2a: Lugia|25/100
|-damage|p1a: Zacian|59/100|[from] Recoil
|move|p2a: Lugia|Thunder Wave|p1a: Zacian
|-status|p1a: Zacian|par
|
|upkeep
|turn|15
|
|t:|1665886263
|move|p2a: Lugia|Roost|p2a: Lugia
|-heal|p2a: Lugia|75/100
|-singleturn|p2a: Lugia|move: Roost
|move|p1a: Zacian|Wild Charge|p2a: Lugia
|-damage|p2a: Lugia|49/100
|-damage|p1a: Zacian|51/100 par|[from] Recoil
|
|upkeep
|turn|16
|
|t:|1665886271
|switch|p1a: Yveltal|Yveltal|100/100
|-ability|p1a: Yveltal|Dark Aura
|move|p2a: Lugia|Roost|p2a: Lugia
|-heal|p2a: Lugia|99/100
|-singleturn|p2a: Lugia|move: Roost
|
|upkeep
|turn|17
|
|t:|1665886282
|switch|p2a: Arceus|Arceus-Dark|100/100
|move|p1a: Yveltal|U-turn|p2a: Arceus
|-supereffective|p2a: Arceus
|-damage|p2a: Arceus|77/100
|
|t:|1665886287
|switch|p1a: Zacian|Zacian-Crowned|51/100 par|[from]move: U-turn
|-ability|p1a: Zacian|Intrepid Sword|boost
|-boost|p1a: Zacian|atk|1
|
|upkeep
|turn|18
|
|t:|1665886304
|switch|p2a: Lugia|Lugia|99/100
|move|p1a: Zacian|Play Rough|p2a: Lugia
|-damage|p2a: Lugia|53/100
|
|upkeep
|turn|19
|
|t:|1665886311
|move|p2a: Lugia|Roost|p2a: Lugia
|-heal|p2a: Lugia|100/100
|-singleturn|p2a: Lugia|move: Roost
|cant|p1a: Zacian|par
|
|upkeep
|turn|20
|
|t:|1665886329
|switch|p2a: Zacian|Zacian-Crowned, shiny|33/100
|-ability|p2a: Zacian|Intrepid Sword|boost
|-boost|p2a: Zacian|atk|1
|switch|p1a: Yveltal|Yveltal|100/100
|-ability|p1a: Yveltal|Dark Aura
|
|upkeep
|turn|21
|
|t:|1665886338
|switch|p1a: Necrozma|Necrozma-Dusk-Mane|100/100
|move|p2a: Zacian|Behemoth Blade|p1a: Necrozma
|-resisted|p1a: Necrozma
|-damage|p1a: Necrozma|73/100
|-damage|p2a: Zacian|17/100|[from] item: Rocky Helmet|[of] p1a: Necrozma
|
|upkeep
|turn|22
|
|t:|1665886348
|switch|p2a: Necrozma|Necrozma-Ultra|100/100
|move|p1a: Necrozma|Sunsteel Strike|p2a: Necrozma
|-damage|p2a: Necrozma|56/100
|
|upkeep
|turn|23
|
|t:|1665886357
|move|p2a: Necrozma|Earthquake|p1a: Necrozma
|-supereffective|p1a: Necrozma
|-damage|p1a: Necrozma|35/100
|move|p1a: Necrozma|Stealth Rock|p2a: Necrozma
|-sidestart|p2: moyv123|move: Stealth Rock
|
|upkeep
|turn|24
|
|t:|1665886366
|switch|p1a: Yveltal|Yveltal|100/100
|-ability|p1a: Yveltal|Dark Aura
|move|p2a: Necrozma|Earthquake|p1a: Yveltal
|-immune|p1a: Yveltal
|
|upkeep
|turn|25
|
|t:|1665886374
|move|p2a: Necrozma|Stone Edge|p1a: Yveltal
|-supereffective|p1a: Yveltal
|-damage|p1a: Yveltal|17/100
|move|p1a: Yveltal|Snarl|p2a: Necrozma
|-supereffective|p2a: Necrozma
|-damage|p2a: Necrozma|4/100
|-unboost|p2a: Necrozma|spa|1
|
|upkeep
|turn|26
|
|t:|1665886387
|move|p2a: Necrozma|Stone Edge|p1a: Yveltal
|-supereffective|p1a: Yveltal
|-crit|p1a: Yveltal
|-damage|p1a: Yveltal|0 fnt
|faint|p1a: Yveltal
|
|upkeep
|
|t:|1665886390
|switch|p1a: Calyrex|Calyrex-Shadow|40/100
|-ability|p1a: Calyrex|As One
|-ability|p1a: Calyrex|Unnerve
|turn|27
|
|t:|1665886408
|switch|p2a: Arceus|Arceus-Dark|77/100
|-damage|p2a: Arceus|64/100|[from] Stealth Rock
|move|p1a: Calyrex|Aromatherapy|p1a: Calyrex
|-activate|p1a: Calyrex|move: Aromatherapy
|-curestatus|p1: Zacian|par|[msg]
|
|upkeep
|turn|28
|
|t:|1665886420
|switch|p1a: Zacian|Zacian-Crowned|51/100
|-ability|p1a: Zacian|Intrepid Sword|boost
|-boost|p1a: Zacian|atk|1
|move|p2a: Arceus|Thunder Wave|p1a: Zacian
|-status|p1a: Zacian|par
|
|upkeep
|turn|29
|
|t:|1665886431
|switch|p2a: Necrozma|Necrozma-Ultra|4/100
|-damage|p2a: Necrozma|0 fnt|[from] Stealth Rock
|faint|p2a: Necrozma
|cant|p1a: Zacian|par
|
|upkeep
|
|t:|1665886440
|switch|p2a: Zacian|Zacian-Crowned, shiny|17/100
|-damage|p2a: Zacian|11/100|[from] Stealth Rock
|-ability|p2a: Zacian|Intrepid Sword|boost
|-boost|p2a: Zacian|atk|1
|turn|30
|
|t:|1665886451
|switch|p1a: Necrozma|Necrozma-Dusk-Mane|35/100
|move|p2a: Zacian|Behemoth Blade|p1a: Necrozma
|-resisted|p1a: Necrozma
|-damage|p1a: Necrozma|8/100
|-damage|p2a: Zacian|0 fnt|[from] item: Rocky Helmet|[of] p1a: Necrozma
|faint|p2a: Zacian
|
|upkeep
|
|t:|1665886461
|switch|p2a: Arceus|Arceus-Dark|64/100
|-damage|p2a: Arceus|52/100|[from] Stealth Rock
|turn|31
|
|t:|1665886470
|move|p2a: Arceus|Stealth Rock|p1a: Necrozma
|-sidestart|p1: Puigson|move: Stealth Rock
|move|p1a: Necrozma|Sunsteel Strike|p2a: Arceus
|-damage|p2a: Arceus|17/100
|
|upkeep
|turn|32
|
|t:|1665886478
|move|p2a: Arceus|Recover|p2a: Arceus
|-heal|p2a: Arceus|67/100
|move|p1a: Necrozma|Sunsteel Strike|p2a: Arceus
|-damage|p2a: Arceus|35/100
|
|upkeep
|turn|33
|
|t:|1665886496
|move|p2a: Arceus|Recover|p2a: Arceus
|-heal|p2a: Arceus|85/100
|move|p1a: Necrozma|Sunsteel Strike|p2a: Arceus
|-damage|p2a: Arceus|54/100
|
|upkeep
|turn|34
|
|t:|1665886503
|move|p2a: Arceus|Recover|p2a: Arceus
|-heal|p2a: Arceus|100/100
|move|p1a: Necrozma|Sunsteel Strike|p2a: Arceus
|-damage|p2a: Arceus|67/100
|
|upkeep
|turn|35
|
|t:|1665886511
|move|p2a: Arceus|Judgment|p1a: Necrozma
|-supereffective|p1a: Necrozma
|-damage|p1a: Necrozma|0 fnt
|faint|p1a: Necrozma
|
|upkeep
|
|t:|1665886514
|switch|p1a: Zacian|Zacian-Crowned|51/100 par
|-damage|p1a: Zacian|44/100 par|[from] Stealth Rock
|-ability|p1a: Zacian|Intrepid Sword|boost
|-boost|p1a: Zacian|atk|1
|turn|36
|
|t:|1665886525
|switch|p2a: Lugia|Lugia|100/100
|move|p1a: Zacian|Play Rough|p2a: Lugia
|-damage|p2a: Lugia|78/100
|
|upkeep
|turn|37
|
|t:|1665886538
|move|p2a: Lugia|Roost|p2a: Lugia
|-heal|p2a: Lugia|100/100
|-singleturn|p2a: Lugia|move: Roost
|move|p1a: Zacian|Wild Charge|p2a: Lugia
|-damage|p2a: Lugia|86/100
|-damage|p1a: Zacian|40/100 par|[from] Recoil
|
|upkeep
|turn|38
|
|t:|1665886547
|switch|p1a: Calyrex|Calyrex-Shadow|40/100
|-ability|p1a: Calyrex|As One
|-ability|p1a: Calyrex|Unnerve
|-damage|p1a: Calyrex|28/100|[from] Stealth Rock
|move|p2a: Lugia|Roost|p2a: Lugia
|-heal|p2a: Lugia|100/100
|-singleturn|p2a: Lugia|move: Roost
|
|upkeep
|turn|39
|
|t:|1665886559
|move|p1a: Calyrex|Astral Barrage|p2a: Lugia
|-supereffective|p2a: Lugia
|-damage|p2a: Lugia|56/100
|move|p2a: Lugia|Whirlwind|p1a: Calyrex
|drag|p1a: Zacian|Zacian-Crowned|40/100 par
|-damage|p1a: Zacian|34/100 par|[from] Stealth Rock
|-ability|p1a: Zacian|Intrepid Sword|boost
|-boost|p1a: Zacian|atk|1
|
|upkeep
|turn|40
|
|t:|1665886570
|move|p2a: Lugia|Roost|p2a: Lugia
|-heal|p2a: Lugia|100/100
|-singleturn|p2a: Lugia|move: Roost
|cant|p1a: Zacian|par
|
|upkeep
|turn|41
|
|t:|1665886586
|switch|p1a: Rayquaza|Rayquaza-Mega|41/100
|-damage|p1a: Rayquaza|16/100|[from] Stealth Rock
|-weather|DeltaStream|[from] ability: Delta Stream|[of] p1a: Rayquaza
|move|p2a: Lugia|Whirlwind|p1a: Rayquaza
|-weather|none
|drag|p1a: Zacian|Zacian-Crowned|34/100 par
|-damage|p1a: Zacian|28/100 par|[from] Stealth Rock
|-ability|p1a: Zacian|Intrepid Sword|boost
|-boost|p1a: Zacian|atk|1
|
|upkeep
|turn|42
|
|t:|1665886598
|cant|p1a: Zacian|par
|move|p2a: Lugia|Whirlwind|p1a: Zacian
|drag|p1a: Calyrex|Calyrex-Shadow|28/100
|-ability|p1a: Calyrex|As One
|-ability|p1a: Calyrex|Unnerve
|-damage|p1a: Calyrex|15/100|[from] Stealth Rock
|
|upkeep
|turn|43
|
|t:|1665886610
|move|p1a: Calyrex|Astral Barrage|p2a: Lugia
|-supereffective|p2a: Lugia
|-damage|p2a: Lugia|58/100
|move|p2a: Lugia|Thunder Wave|p1a: Calyrex|[miss]
|-miss|p2a: Lugia|p1a: Calyrex
|
|upkeep
|turn|44
|
|t:|1665886622
|switch|p2a: Arceus|Arceus-Dark|67/100
|-damage|p2a: Arceus|55/100|[from] Stealth Rock
|move|p1a: Calyrex|Astral Barrage|p2a: Arceus
|-resisted|p2a: Arceus
|-damage|p2a: Arceus|37/100
|
|upkeep
|turn|45
|
|t:|1665886644
|-start|p1a: Calyrex|Dynamax|
|-heal|p1a: Calyrex|15/100|[silent]
|-start|p2a: Arceus|Dynamax|
|-heal|p2a: Arceus|37/100|[silent]
|move|p1a: Calyrex|Max Phantasm|p2a: Arceus
|-resisted|p2a: Arceus
|-damage|p2a: Arceus|26/100
|-unboost|p2a: Arceus|def|1
|move|p2a: Arceus|Max Darkness|p1a: Calyrex
|-supereffective|p1a: Calyrex
|-damage|p1a: Calyrex|0 fnt
|faint|p1a: Calyrex
|
|upkeep
|
|t:|1665886647
|switch|p1a: Zacian|Zacian-Crowned|28/100 par
|-damage|p1a: Zacian|21/100 par|[from] Stealth Rock
|-ability|p1a: Zacian|Intrepid Sword|boost
|-boost|p1a: Zacian|atk|1
|turn|46
|
|t:|1665886666
|move|p2a: Arceus|Max Darkness|p1a: Zacian
|-resisted|p1a: Zacian
|-damage|p1a: Zacian|0 fnt
|faint|p1a: Zacian
|
|upkeep
|-message|Puigson forfeited.
|
|win|moyv123
|raw|Puigson's rating: 1715 &rarr; <strong>1697</strong><br />(-18 for losing)
|raw|moyv123's rating: 1743 &rarr; <strong>1761</strong><br />(+18 for winning)
|l|☆Puigson
|j|☆Puigson
|player|p1|Puigson|steven
|l|☆Puigson
|player|p1|
||Ladder isn't responding, score probably updated but might not have (Request timeout).
