|j|☆dminhanh2810gmail.
|j|☆Truthankamon
|t:|1651247060
|gametype|singles
|player|p1|dminhanh2810gmail.|bellelba|1590
|player|p2|Truthankamon|169|1746
|teamsize|p1|6
|teamsize|p2|6
|gen|8
|tier|[Gen 8] National Dex AG
|rated|
|rule|HP Percentage Mod: HP is shown in percentages
|rule|Endless Battle Clause: Forcing endless battles is banned
|clearpoke
|poke|p1|Smeargle, M|
|poke|p1|Arceus-*|
|poke|p1|Arceus-*|
|poke|p1|Necrozma-Dusk-Mane|
|poke|p1|Grimmsnarl, M|
|poke|p1|Blastoise, F|
|poke|p2|Zacian-*|
|poke|p2|Zygarde|
|poke|p2|Arceus-*|
|poke|p2|Necrozma-Dusk-Mane|
|poke|p2|Ditto|
|poke|p2|Rayquaza|
|teampreview
|
|t:|1651247076
|start
|switch|p1a: Smeargle|Smeargle, M|100/100
|switch|p2a: Ditto|Ditto|100/100
|-transform|p2a: Ditto|p1a: Smeargle|[from] ability: Imposter
|turn|1
|inactive|Battle timer is ON: inactive players will automatically lose when time's up. (requested by dminhanh2810gmail.)
|
|t:|1651247091
|move|p2a: Ditto|Spore|p1a: Smeargle
|-status|p1a: Smeargle|slp|[from] move: Spore
|cant|p1a: Smeargle|slp
|
|-ability|p2a: Ditto|Moody|boost
|-boost|p2a: Ditto|atk|2
|-unboost|p2a: Ditto|def|1
|-ability|p1a: Smeargle|Moody|boost
|-boost|p1a: Smeargle|def|2
|-unboost|p1a: Smeargle|spd|1
|upkeep
|turn|2
|
|t:|1651247106
|switch|p2a: Zygarde|Zygarde|100/100
|cant|p1a: Smeargle|slp
|
|-ability|p1a: Smeargle|Moody|boost
|-boost|p1a: Smeargle|atk|2
|-unboost|p1a: Smeargle|spe|1
|upkeep
|turn|3
|
|t:|1651247114
|move|p2a: Zygarde|Substitute|p2a: Zygarde
|-start|p2a: Zygarde|Substitute
|-damage|p2a: Zygarde|76/100
|cant|p1a: Smeargle|slp
|
|-heal|p2a: Zygarde|82/100|[from] item: Leftovers
|-ability|p1a: Smeargle|Moody|boost
|-boost|p1a: Smeargle|spe|2
|-unboost|p1a: Smeargle|spd|1
|upkeep
|turn|4
|
|t:|1651247121
|-curestatus|p1a: Smeargle|slp|[msg]
|move|p1a: Smeargle|Sticky Web|p2a: Zygarde
|-sidestart|p2: Truthankamon|move: Sticky Web
|move|p2a: Zygarde|Dragon Tail|p1a: Smeargle
|-damage|p1a: Smeargle|71/100
|drag|p1a: Arceus|Arceus|100/100
|
|-heal|p2a: Zygarde|88/100|[from] item: Leftovers
|upkeep
|turn|5
|
|t:|1651247133
|move|p1a: Arceus|Swords Dance|p1a: Arceus
|-boost|p1a: Arceus|atk|2
|move|p2a: Zygarde|Dragon Tail|p1a: Arceus
|-damage|p1a: Arceus|82/100
|drag|p1a: Blastoise|Blastoise, F|100/100
|
|-heal|p2a: Zygarde|94/100|[from] item: Leftovers
|upkeep
|turn|6
|
|t:|1651247140
|detailschange|p1a: Blastoise|Blastoise-Mega, F
|-mega|p1a: Blastoise|Blastoise|Blastoisinite
|move|p1a: Blastoise|Dragon Pulse|p2a: Zygarde
|-supereffective|p2a: Zygarde
|-end|p2a: Zygarde|Substitute
|move|p2a: Zygarde|Dragon Tail|p1a: Blastoise
|-damage|p1a: Blastoise|75/100
|drag|p1a: Smeargle|Smeargle, M|71/100
|
|-heal|p2a: Zygarde|99/100|[from] item: Leftovers
|-ability|p1a: Smeargle|Moody|boost
|-boost|p1a: Smeargle|def|2
|-unboost|p1a: Smeargle|spa|1
|upkeep
|turn|7
|
|t:|1651247147
|move|p2a: Zygarde|Substitute|p2a: Zygarde
|-start|p2a: Zygarde|Substitute
|-damage|p2a: Zygarde|75/100
|move|p1a: Smeargle|Spore||[still]
|-fail|p1a: Smeargle
|
|-heal|p2a: Zygarde|81/100|[from] item: Leftovers
|-ability|p1a: Smeargle|Moody|boost
|-boost|p1a: Smeargle|spe|2
|-unboost|p1a: Smeargle|def|1
|upkeep
|turn|8
|
|t:|1651247159
|switch|p1a: Grimmsnarl|Grimmsnarl, M|100/100
|move|p2a: Zygarde|Thousand Arrows|p1a: Grimmsnarl
|-damage|p1a: Grimmsnarl|70/100
|
|-heal|p2a: Zygarde|87/100|[from] item: Leftovers
|upkeep
|turn|9
|
|t:|1651247164
|move|p1a: Grimmsnarl|Reflect|p1a: Grimmsnarl
|-sidestart|p1: dminhanh2810gmail.|Reflect
|move|p2a: Zygarde|Dragon Dance|p2a: Zygarde
|-boost|p2a: Zygarde|atk|1
|-boost|p2a: Zygarde|spe|1
|
|-heal|p2a: Zygarde|93/100|[from] item: Leftovers
|upkeep
|turn|10
|
|t:|1651247168
|move|p1a: Grimmsnarl|Taunt|p2a: Zygarde
|-start|p2a: Zygarde|move: Taunt
|move|p2a: Zygarde|Thousand Arrows|p1a: Grimmsnarl
|-damage|p1a: Grimmsnarl|45/100
|
|-heal|p2a: Zygarde|99/100|[from] item: Leftovers
|upkeep
|turn|11
|
|t:|1651247176
|switch|p1a: Arceus|Arceus-Dark|100/100
|move|p2a: Zygarde|Thousand Arrows|p1a: Arceus
|-damage|p1a: Arceus|84/100
|
|-heal|p2a: Zygarde|100/100|[from] item: Leftovers
|upkeep
|turn|12
|
|t:|1651247179
|move|p1a: Arceus|Judgment|p2a: Zygarde
|-end|p2a: Zygarde|Substitute
|move|p2a: Zygarde|Dragon Tail|p1a: Arceus
|-damage|p1a: Arceus|73/100
|drag|p1a: Arceus|Arceus|82/100
|
|-end|p2a: Zygarde|move: Taunt
|upkeep
|turn|13
|inactive|Truthankamon has 120 seconds left.
|
|t:|1651247210
|switch|p2a: Arceus|Arceus-Fairy|100/100
|-activate|p2a: Arceus|move: Sticky Web
|-unboost|p2a: Arceus|spe|1
|move|p1a: Arceus|Extreme Speed|p2a: Arceus
|-damage|p2a: Arceus|75/100
|
|upkeep
|turn|14
|
|t:|1651247217
|move|p1a: Arceus|Swords Dance|p1a: Arceus
|-boost|p1a: Arceus|atk|2
|move|p2a: Arceus|Defog|p1a: Arceus
|-unboost|p1a: Arceus|evasion|1
|-sideend|p1: dminhanh2810gmail.|Reflect
|-sideend|p2: Truthankamon|Sticky Web|[from] move: Defog|[of] p2a: Arceus
|
|upkeep
|turn|15
|
|t:|1651247223
|move|p1a: Arceus|Swords Dance|p1a: Arceus
|-boost|p1a: Arceus|atk|2
|move|p2a: Arceus|Will-O-Wisp|p1a: Arceus
|-status|p1a: Arceus|brn
|
|-damage|p1a: Arceus|76/100 brn|[from] brn
|upkeep
|turn|16
|
|t:|1651247227
|move|p1a: Arceus|Extreme Speed|p2a: Arceus
|-damage|p2a: Arceus|37/100
|move|p2a: Arceus|Judgment|p1a: Arceus
|-damage|p1a: Arceus|41/100 brn
|
|-damage|p1a: Arceus|35/100 brn|[from] brn
|upkeep
|turn|17
|
|t:|1651247234
|move|p1a: Arceus|Extreme Speed|p2a: Arceus
|-damage|p2a: Arceus|0 fnt
|faint|p2a: Arceus
|
|-damage|p1a: Arceus|29/100 brn|[from] brn
|upkeep
|
|t:|1651247238
|switch|p2a: Ditto|Ditto|100/100
|-transform|p2a: Ditto|p1a: Arceus|[from] ability: Imposter
|turn|18
|
|t:|1651247242
|move|p2a: Ditto|Extreme Speed|p1a: Arceus
|-damage|p1a: Arceus|0 fnt
|faint|p1a: Arceus
|
|upkeep
|
|t:|1651247246
|switch|p1a: Grimmsnarl|Grimmsnarl, M|45/100
|turn|19
|
|t:|1651247249
|move|p2a: Ditto|Extreme Speed|p1a: Grimmsnarl
|-damage|p1a: Grimmsnarl|0 fnt
|faint|p1a: Grimmsnarl
|
|upkeep
|
|t:|1651247252
|switch|p1a: Necrozma|Necrozma-Dusk-Mane|100/100
|turn|20
|
|t:|1651247267
|switch|p2a: Necrozma|Necrozma-Dusk-Mane|100/100
|move|p1a: Necrozma|Dragon Dance|p1a: Necrozma
|-boost|p1a: Necrozma|atk|1
|-boost|p1a: Necrozma|spe|1
|
|upkeep
|turn|21
|
|t:|1651247276
|detailschange|p1a: Necrozma|Necrozma-Ultra
|-burst|p1a: Necrozma|Necrozma|Ultranecrozium Z
|move|p1a: Necrozma|Earthquake|p2a: Necrozma
|-supereffective|p2a: Necrozma
|-damage|p2a: Necrozma|40/100
|move|p2a: Necrozma|Knock Off|p1a: Necrozma
|-supereffective|p1a: Necrozma
|-damage|p1a: Necrozma|52/100
|
|upkeep
|turn|22
|j| Apprenti Buck
|
|t:|1651247290
|-start|p2a: Necrozma|Dynamax|
|-heal|p2a: Necrozma|40/100|[silent]
|move|p1a: Necrozma|Earthquake|p2a: Necrozma
|-supereffective|p2a: Necrozma
|-damage|p2a: Necrozma|9/100
|move|p2a: Necrozma|Max Steelspike|p1a: Necrozma
|-damage|p1a: Necrozma|0 fnt
|-boost|p2a: Necrozma|def|1
|faint|p1a: Necrozma
|
|upkeep
|
|t:|1651247297
|switch|p1a: Blastoise|Blastoise-Mega, F|75/100
|turn|23
|
|t:|1651247300
|move|p1a: Blastoise|Shell Smash|p1a: Blastoise
|-unboost|p1a: Blastoise|def|1
|-unboost|p1a: Blastoise|spd|1
|-boost|p1a: Blastoise|atk|2
|-boost|p1a: Blastoise|spa|2
|-boost|p1a: Blastoise|spe|2
|move|p2a: Necrozma|Max Steelspike|p1a: Blastoise
|-resisted|p1a: Blastoise
|-damage|p1a: Blastoise|24/100
|-boost|p2a: Necrozma|def|1
|
|upkeep
|turn|24
|
|t:|1651247304
|move|p1a: Blastoise|Water Pulse|p2a: Necrozma
|-damage|p2a: Necrozma|0 fnt
|faint|p2a: Necrozma
|
|upkeep
|
|t:|1651247307
|switch|p2a: Ditto|Ditto|100/100
|-transform|p2a: Ditto|p1a: Blastoise|[from] ability: Imposter
|turn|25
|
|t:|1651247318
|move|p2a: Ditto|Aura Sphere|p1a: Blastoise
|-damage|p1a: Blastoise|0 fnt
|faint|p1a: Blastoise
|
|upkeep
|
|t:|1651247322
|switch|p1a: Arceus|Arceus-Dark|73/100
|turn|26
|
|t:|1651247324
|move|p2a: Ditto|Aura Sphere|p1a: Arceus
|-supereffective|p1a: Arceus
|-damage|p1a: Arceus|0 fnt
|faint|p1a: Arceus
|
|upkeep
|-message|dminhanh2810gmail. forfeited.
|
|win|Truthankamon
|raw|dminhanh2810gmail.'s rating: 1590 &rarr; <strong>1578</strong><br />(-12 for losing)
|raw|Truthankamon's rating: 1746 &rarr; <strong>1758</strong><br />(+12 for winning)
|l|☆dminhanh2810gmail.
|c|☆Truthankamon|Gg
|l|☆Truthankamon
|j|☆Truthankamon
|player|p2|Truthankamon|169
||Ladder isn't responding, score probably updated but might not have (Request timeout).
