|j|☆Pikaslayer2001
|j|☆DECLANO196
|t:|1665264540
|gametype|singles
|player|p1|Pikaslayer2001|brendan-contest|1810
|player|p2|DECLANO196|101|1701
|teamsize|p1|6
|teamsize|p2|6
|gen|8
|tier|[Gen 8] National Dex AG
|rated|
|rule|HP Percentage Mod: HP is shown in percentages
|rule|Endless Battle Clause: Forcing endless battles is banned
|clearpoke
|poke|p1|Deoxys-Speed|
|poke|p1|Rayquaza|
|poke|p1|Groudon|
|poke|p1|Yveltal|
|poke|p1|Ditto|
|poke|p1|Calyrex-Shadow|
|poke|p2|Marshadow|
|poke|p2|Ho-Oh|
|poke|p2|Lugia|
|poke|p2|Yveltal|
|poke|p2|Chansey, F|
|poke|p2|Ditto|
|teampreview
|
|t:|1665264544
|start
|switch|p1a: Deoxys|Deoxys-Speed|100/100
|switch|p2a: Ditto|Ditto|100/100
|-ability|p1a: Deoxys|Pressure
|-transform|p2a: Ditto|p1a: Deoxys|[from] ability: Imposter
|-ability|p2a: Ditto|Pressure
|turn|1
|inactive|Battle timer is ON: inactive players will automatically lose when time's up. (requested by Pikaslayer2001)
|
|t:|1665264563
|switch|p2a: Yveltal|Yveltal|100/100
|-ability|p2a: Yveltal|Dark Aura
|move|p1a: Deoxys|Magic Coat|p1a: Deoxys
|-singleturn|p1a: Deoxys|move: Magic Coat
|
|upkeep
|turn|2
|
|t:|1665264574
|-start|p2a: Yveltal|Dynamax|
|-heal|p2a: Yveltal|100/100|[silent]
|move|p1a: Deoxys|Stealth Rock|p2a: Yveltal
|-sidestart|p2: DECLANO196|move: Stealth Rock
|move|p2a: Yveltal|Max Airstream|p1a: Deoxys
|-damage|p1a: Deoxys|15/100
|-boost|p2a: Yveltal|spe|1
|
|upkeep
|turn|3
|
|t:|1665264583
|move|p1a: Deoxys|Spikes|p2a: Yveltal
|-sidestart|p2: DECLANO196|Spikes
|move|p2a: Yveltal|Max Ooze|p1a: Deoxys
|-damage|p1a: Deoxys|0 fnt
|-boost|p2a: Yveltal|spa|1
|faint|p1a: Deoxys
|
|upkeep
|
|t:|1665264587
|switch|p1a: Ditto|Ditto|100/100
|-transform|p1a: Ditto|p2a: Yveltal|[from] ability: Imposter
|-ability|p1a: Ditto|Dark Aura
|turn|4
|
|t:|1665264601
|-start|p1a: Ditto|Dynamax|
|-heal|p1a: Ditto|100/100|[silent]
|move|p1a: Ditto|Max Airstream|p2a: Yveltal
|-damage|p2a: Yveltal|69/100
|-boost|p1a: Ditto|spe|1
|move|p2a: Yveltal|Max Ooze|p1a: Ditto
|-damage|p1a: Ditto|66/100
|-boost|p2a: Yveltal|spa|1
|
|upkeep
|-end|p2a: Yveltal|Dynamax
|-heal|p2a: Yveltal|69/100|[silent]
|turn|5
|
|t:|1665264616
|move|p1a: Ditto|Max Airstream|p2a: Yveltal
|-damage|p2a: Yveltal|4/100
|-boost|p1a: Ditto|spe|1
|move|p2a: Yveltal|Oblivion Wing|p1a: Ditto
|-damage|p1a: Ditto|16/100
|-heal|p2a: Yveltal|61/100|[from] drain|[of] p1a: Ditto
|
|upkeep
|turn|6
|
|t:|1665264626
|move|p1a: Ditto|Max Darkness|p2a: Yveltal
|-resisted|p2a: Yveltal
|-damage|p2a: Yveltal|21/100
|-unboost|p2a: Yveltal|spd|1
|move|p2a: Yveltal|Oblivion Wing|p1a: Ditto
|-damage|p1a: Ditto|0 fnt
|-heal|p2a: Yveltal|38/100|[from] drain|[of] p1a: Ditto
|faint|p1a: Ditto
|
|upkeep
|
|t:|1665264628
|switch|p1a: Rayquaza|Rayquaza|100/100
|-ability|p1a: Rayquaza|Air Lock
|turn|7
|
|t:|1665264640
|detailschange|p1a: Rayquaza|Rayquaza-Mega
|-mega|p1a: Rayquaza|Rayquaza|
|-weather|DeltaStream|[from] ability: Delta Stream|[of] p1a: Rayquaza
|move|p1a: Rayquaza|Extreme Speed|p2a: Yveltal
|-damage|p2a: Yveltal|0 fnt
|faint|p2a: Yveltal
|-damage|p1a: Rayquaza|91/100|[from] item: Life Orb
|
|-weather|DeltaStream|[upkeep]
|upkeep
|
|t:|1665264647
|switch|p2a: Lugia|Lugia|100/100
|turn|8
|
|t:|1665264652
|-weather|none
|switch|p1a: Yveltal|Yveltal|100/100
|-ability|p1a: Yveltal|Dark Aura
|move|p2a: Lugia|Defog|p1a: Yveltal
|-unboost|p1a: Yveltal|evasion|1
|-sideend|p2: DECLANO196|Spikes|[from] move: Defog|[of] p2a: Lugia
|-sideend|p2: DECLANO196|Stealth Rock|[from] move: Defog|[of] p2a: Lugia
|
|upkeep
|turn|9
|
|t:|1665264661
|switch|p2a: Chansey|Chansey, F|100/100
|move|p1a: Yveltal|Dark Pulse|p2a: Chansey
|-damage|p2a: Chansey|80/100
|-damage|p1a: Yveltal|91/100|[from] item: Life Orb
|
|upkeep
|turn|10
|
|t:|1665264668
|switch|p1a: Rayquaza|Rayquaza-Mega|91/100
|-weather|DeltaStream|[from] ability: Delta Stream|[of] p1a: Rayquaza
|move|p2a: Chansey|Toxic|p1a: Rayquaza
|-status|p1a: Rayquaza|tox
|
|-weather|DeltaStream|[upkeep]
|-damage|p1a: Rayquaza|85/100 tox|[from] psn
|upkeep
|turn|11
|
|t:|1665264677
|switch|p2a: Lugia|Lugia|100/100
|move|p1a: Rayquaza|Dragon Ascent|p2a: Lugia
|-damage|p2a: Lugia|71/100
|-unboost|p1a: Rayquaza|def|1
|-unboost|p1a: Rayquaza|spd|1
|-damage|p1a: Rayquaza|75/100 tox|[from] item: Life Orb
|
|-weather|DeltaStream|[upkeep]
|-damage|p1a: Rayquaza|63/100 tox|[from] psn
|upkeep
|turn|12
|
|t:|1665264686
|move|p1a: Rayquaza|Dragon Ascent|p2a: Lugia
|-damage|p2a: Lugia|16/100
|-unboost|p1a: Rayquaza|def|1
|-unboost|p1a: Rayquaza|spd|1
|-damage|p1a: Rayquaza|53/100 tox|[from] item: Life Orb
|move|p2a: Lugia|Roost|p2a: Lugia
|-heal|p2a: Lugia|66/100
|-singleturn|p2a: Lugia|move: Roost
|
|-weather|DeltaStream|[upkeep]
|-damage|p1a: Rayquaza|35/100 tox|[from] psn
|upkeep
|turn|13
|
|t:|1665264698
|move|p1a: Rayquaza|Dragon Ascent|p2a: Lugia
|-damage|p2a: Lugia|12/100
|-unboost|p1a: Rayquaza|def|1
|-unboost|p1a: Rayquaza|spd|1
|-damage|p1a: Rayquaza|25/100 tox|[from] item: Life Orb
|move|p2a: Lugia|Roost|p2a: Lugia
|-heal|p2a: Lugia|62/100
|-singleturn|p2a: Lugia|move: Roost
|
|-weather|DeltaStream|[upkeep]
|-damage|p1a: Rayquaza|1/100 tox|[from] psn
|upkeep
|turn|14
|
|t:|1665264709
|move|p1a: Rayquaza|Dragon Ascent|p2a: Lugia
|-crit|p2a: Lugia
|-damage|p2a: Lugia|0 fnt
|-unboost|p1a: Rayquaza|def|1
|-unboost|p1a: Rayquaza|spd|1
|faint|p2a: Lugia
|-damage|p1a: Rayquaza|0 fnt|[from] item: Life Orb
|faint|p1a: Rayquaza
|-weather|none
|
|upkeep
|
|t:|1665264727
|switch|p1a: Groudon|Groudon, shiny|100/100
|switch|p2a: Marshadow|Marshadow|100/100
|detailschange|p1a: Groudon|Groudon-Primal, shiny
|-primal|p1a: Groudon
|-weather|DesolateLand|[from] ability: Desolate Land|[of] p1a: Groudon
|turn|15
|
|t:|1665264749
|move|p2a: Marshadow|Close Combat|p1a: Groudon
|-damage|p1a: Groudon|63/100
|-unboost|p2a: Marshadow|def|1
|-unboost|p2a: Marshadow|spd|1
|move|p1a: Groudon|Precipice Blades|p2a: Marshadow
|-enditem|p2a: Marshadow|Focus Sash
|-damage|p2a: Marshadow|1/100
|
|-weather|DesolateLand|[upkeep]
|upkeep
|turn|16
|
|t:|1665264758
|move|p2a: Marshadow|Endeavor|p1a: Groudon
|-damage|p1a: Groudon|1/100
|move|p1a: Groudon|Stone Edge|p2a: Marshadow
|-resisted|p2a: Marshadow
|-damage|p2a: Marshadow|0 fnt
|faint|p2a: Marshadow
|
|-weather|DesolateLand|[upkeep]
|upkeep
|
|t:|1665264765
|switch|p2a: Ditto|Ditto|100/100
|-transform|p2a: Ditto|p1a: Groudon|[from] ability: Imposter
|turn|17
|
|t:|1665264772
|move|p2a: Ditto|Eruption|p1a: Groudon
|-resisted|p1a: Groudon
|-damage|p1a: Groudon|0 fnt
|faint|p1a: Groudon
|
|-weather|DesolateLand|[upkeep]
|upkeep
|
|t:|1665264774
|switch|p1a: Yveltal|Yveltal|91/100
|-ability|p1a: Yveltal|Dark Aura
|turn|18
|
|t:|1665264791
|move|p1a: Yveltal|Sucker Punch|p2a: Ditto
|-damage|p2a: Ditto|49/100
|-damage|p1a: Yveltal|81/100|[from] item: Life Orb
|move|p2a: Ditto|Eruption|p1a: Yveltal
|-damage|p1a: Yveltal|26/100
|
|-weather|DesolateLand|[upkeep]
|upkeep
|turn|19
|
|t:|1665264802
|-weather|none
|switch|p2a: Ho-Oh|Ho-Oh|100/100
|switch|p1a: Calyrex|Calyrex-Shadow|100/100
|-ability|p1a: Calyrex|As One
|-ability|p1a: Calyrex|Unnerve
|
|upkeep
|turn|20
|
|t:|1665264810
|move|p1a: Calyrex|Nasty Plot|p1a: Calyrex
|-boost|p1a: Calyrex|spa|2
|move|p2a: Ho-Oh|Sacred Fire|p1a: Calyrex
|-damage|p1a: Calyrex|46/100
|-status|p1a: Calyrex|brn
|
|-damage|p1a: Calyrex|40/100 brn|[from] brn
|upkeep
|turn|21
|
|t:|1665264823
|move|p1a: Calyrex|Astral Barrage|p2a: Ho-Oh
|-damage|p2a: Ho-Oh|31/100
|move|p2a: Ho-Oh|Earthquake|p1a: Calyrex
|-damage|p1a: Calyrex|3/100 brn
|
|-damage|p1a: Calyrex|0 fnt|[from] brn
|faint|p1a: Calyrex
|upkeep
|
|t:|1665264827
|switch|p1a: Yveltal|Yveltal|26/100
|-ability|p1a: Yveltal|Dark Aura
|turn|22
|
|t:|1665264835
|switch|p2a: Ditto|Ditto|49/100
|-transform|p2a: Ditto|p1a: Yveltal|[from] ability: Imposter
|-ability|p2a: Ditto|Dark Aura
|move|p1a: Yveltal|Oblivion Wing|p2a: Ditto
|-crit|p2a: Ditto
|-damage|p2a: Ditto|0 fnt
|-heal|p1a: Yveltal|48/100|[from] drain|[of] p2a: Ditto
|faint|p2a: Ditto
|-damage|p1a: Yveltal|38/100|[from] item: Life Orb
|
|upkeep
|-message|Pikaslayer2001 forfeited.
|
|win|DECLANO196
|raw|Pikaslayer2001's rating: 1810 &rarr; <strong>1784</strong><br />(-26 for losing)
|raw|DECLANO196's rating: 1701 &rarr; <strong>1727</strong><br />(+26 for winning)
|l|☆Pikaslayer2001
