|j|☆DarkboiJ
|j|☆Whitespaniard
|t:|1667798632
|gametype|singles
|player|p1|DarkboiJ|blue-gen3two|2025
|player|p2|Whitespaniard|cynthia-gen4|1867
|teamsize|p1|6
|teamsize|p2|6
|gen|8
|tier|[Gen 8] National Dex AG
|rated|
|rule|HP Percentage Mod: HP is shown in percentages
|rule|Endless Battle Clause: Forcing endless battles is banned
|clearpoke
|poke|p1|Darkrai|
|poke|p1|Arceus-*|
|poke|p1|Kyogre|
|poke|p1|Ditto|
|poke|p1|Zapdos|
|poke|p1|Arceus-*|
|poke|p2|Mewtwo|
|poke|p2|Tyranitar, M|
|poke|p2|Ferrothorn, M|
|poke|p2|Ho-Oh|
|poke|p2|Arceus-*|
|poke|p2|Ditto|
|teampreview
|inactive|Battle timer is ON: inactive players will automatically lose when time's up. (requested by Whitespaniard)
|inactive|DarkboiJ also wants the timer to be on.
|
|t:|1667798640
|start
|switch|p1a: Kyogre|Kyogre|100/100
|switch|p2a: Arceus|Arceus-Ground|100/100
|detailschange|p1a: Kyogre|Kyogre-Primal
|-primal|p1a: Kyogre
|-weather|PrimordialSea|[from] ability: Primordial Sea|[of] p1a: Kyogre
|turn|1
|
|t:|1667798644
|switch|p2a: Ferrothorn|Ferrothorn, M|100/100
|move|p1a: Kyogre|Water Spout|p2a: Ferrothorn
|-resisted|p2a: Ferrothorn
|-damage|p2a: Ferrothorn|53/100
|
|-weather|PrimordialSea|[upkeep]
|-heal|p2a: Ferrothorn|59/100|[from] item: Leftovers
|upkeep
|turn|2
|
|t:|1667798657
|-weather|none
|switch|p1a: Arceus|Arceus-Fairy|100/100
|move|p2a: Ferrothorn|Leech Seed|p1a: Arceus
|-start|p1a: Arceus|move: Leech Seed
|
|-heal|p2a: Ferrothorn|65/100|[from] item: Leftovers
|-damage|p1a: Arceus|88/100|[from] Leech Seed|[of] p2a: Ferrothorn
|-heal|p2a: Ferrothorn|81/100|[silent]
|upkeep
|turn|3
|
|t:|1667798666
|move|p1a: Arceus|Stealth Rock|p2a: Ferrothorn
|-sidestart|p2: Whitespaniard|move: Stealth Rock
|move|p2a: Ferrothorn|Spikes|p1a: Arceus
|-sidestart|p1: DarkboiJ|Spikes
|
|-heal|p2a: Ferrothorn|87/100|[from] item: Leftovers
|-damage|p1a: Arceus|76/100|[from] Leech Seed|[of] p2a: Ferrothorn
|-heal|p2a: Ferrothorn|100/100|[silent]
|upkeep
|turn|4
|
|t:|1667798671
|switch|p1a: Darkrai|Darkrai|100/100
|-damage|p1a: Darkrai|88/100|[from] Spikes
|move|p2a: Ferrothorn|Spikes|p1a: Darkrai
|-sidestart|p1: DarkboiJ|Spikes
|
|-heal|p1a: Darkrai|94/100|[from] item: Leftovers
|upkeep
|turn|5
|
|t:|1667798679
|move|p1a: Darkrai|Hypnosis|p2a: Ferrothorn
|-status|p2a: Ferrothorn|slp|[from] move: Hypnosis
|cant|p2a: Ferrothorn|slp
|
|-heal|p1a: Darkrai|99/100|[from] item: Leftovers
|-damage|p2a: Ferrothorn|88/100 slp|[from] ability: Bad Dreams|[of] p1a: Darkrai
|upkeep
|turn|6
|
|t:|1667798682
|move|p1a: Darkrai|Substitute|p1a: Darkrai
|-start|p1a: Darkrai|Substitute
|-damage|p1a: Darkrai|75/100
|-curestatus|p2a: Ferrothorn|slp|[msg]
|move|p2a: Ferrothorn|Leech Seed||[still]
|-fail|p2a: Ferrothorn
|
|-heal|p1a: Darkrai|81/100|[from] item: Leftovers
|-heal|p2a: Ferrothorn|94/100|[from] item: Leftovers
|upkeep
|turn|7
|
|t:|1667798691
|switch|p2a: Ho-Oh|Ho-Oh|100/100
|move|p1a: Darkrai|Hypnosis|p2a: Ho-Oh|[miss]
|-miss|p1a: Darkrai|p2a: Ho-Oh
|
|-heal|p1a: Darkrai|87/100|[from] item: Leftovers
|upkeep
|turn|8
|
|t:|1667798695
|move|p1a: Darkrai|Hypnosis|p2a: Ho-Oh|[miss]
|-miss|p1a: Darkrai|p2a: Ho-Oh
|move|p2a: Ho-Oh|Whirlwind|p1a: Darkrai
|drag|p1a: Kyogre|Kyogre-Primal|100/100
|-damage|p1a: Kyogre|84/100|[from] Spikes
|-weather|PrimordialSea|[from] ability: Primordial Sea|[of] p1a: Kyogre
|
|-weather|PrimordialSea|[upkeep]
|upkeep
|turn|9
|
|t:|1667798702
|switch|p2a: Ferrothorn|Ferrothorn, M|94/100
|-damage|p2a: Ferrothorn|88/100|[from] Stealth Rock
|move|p1a: Kyogre|Water Spout|p2a: Ferrothorn
|-resisted|p2a: Ferrothorn
|-damage|p2a: Ferrothorn|49/100
|
|-weather|PrimordialSea|[upkeep]
|-heal|p2a: Ferrothorn|55/100|[from] item: Leftovers
|upkeep
|turn|10
|
|t:|1667798707
|move|p1a: Kyogre|Water Spout|p2a: Ferrothorn
|-resisted|p2a: Ferrothorn
|-damage|p2a: Ferrothorn|14/100
|move|p2a: Ferrothorn|Leech Seed|p1a: Kyogre
|-start|p1a: Kyogre|move: Leech Seed
|
|-weather|PrimordialSea|[upkeep]
|-heal|p2a: Ferrothorn|21/100|[from] item: Leftovers
|-damage|p1a: Kyogre|72/100|[from] Leech Seed|[of] p2a: Ferrothorn
|-heal|p2a: Ferrothorn|33/100|[silent]
|upkeep
|turn|11
|
|t:|1667798715
|move|p2a: Ferrothorn|Protect|p2a: Ferrothorn
|-singleturn|p2a: Ferrothorn|Protect
|move|p1a: Kyogre|Ice Beam|p2a: Ferrothorn
|-activate|p2a: Ferrothorn|move: Protect
|
|-weather|PrimordialSea|[upkeep]
|-heal|p2a: Ferrothorn|39/100|[from] item: Leftovers
|-damage|p1a: Kyogre|59/100|[from] Leech Seed|[of] p2a: Ferrothorn
|-heal|p2a: Ferrothorn|51/100|[silent]
|upkeep
|turn|12
|
|t:|1667798725
|move|p1a: Kyogre|Ice Beam|p2a: Ferrothorn
|-damage|p2a: Ferrothorn|27/100
|move|p2a: Ferrothorn|Leech Seed||[still]
|-fail|p2a: Ferrothorn
|
|-weather|PrimordialSea|[upkeep]
|-heal|p2a: Ferrothorn|33/100|[from] item: Leftovers
|-damage|p1a: Kyogre|47/100|[from] Leech Seed|[of] p2a: Ferrothorn
|-heal|p2a: Ferrothorn|45/100|[silent]
|upkeep
|turn|13
|
|t:|1667798731
|-weather|none
|switch|p1a: Darkrai|Darkrai|87/100
|-damage|p1a: Darkrai|71/100|[from] Spikes
|move|p2a: Ferrothorn|Protect||[still]
|-fail|p2a: Ferrothorn
|
|-heal|p1a: Darkrai|77/100|[from] item: Leftovers
|-heal|p2a: Ferrothorn|51/100|[from] item: Leftovers
|upkeep
|turn|14
|
|t:|1667798748
|switch|p2a: Tyranitar|Tyranitar, M|100/100
|-damage|p2a: Tyranitar|88/100|[from] Stealth Rock
|-weather|Sandstorm|[from] ability: Sand Stream|[of] p2a: Tyranitar
|move|p1a: Darkrai|Substitute|p1a: Darkrai
|-start|p1a: Darkrai|Substitute
|-damage|p1a: Darkrai|52/100
|
|-weather|Sandstorm|[upkeep]
|-damage|p1a: Darkrai|46/100|[from] Sandstorm
|-heal|p1a: Darkrai|52/100|[from] item: Leftovers
|upkeep
|turn|15
|
|t:|1667798756
|detailschange|p2a: Tyranitar|Tyranitar-Mega, M
|-mega|p2a: Tyranitar|Tyranitar|Tyranitarite
|move|p1a: Darkrai|Hypnosis|p2a: Tyranitar
|-status|p2a: Tyranitar|slp|[from] move: Hypnosis
|cant|p2a: Tyranitar|slp
|
|-weather|Sandstorm|[upkeep]
|-damage|p1a: Darkrai|46/100|[from] Sandstorm
|-heal|p1a: Darkrai|52/100|[from] item: Leftovers
|-damage|p2a: Tyranitar|76/100 slp|[from] ability: Bad Dreams|[of] p1a: Darkrai
|upkeep
|turn|16
|
|t:|1667798762
|move|p1a: Darkrai|Nasty Plot|p1a: Darkrai
|-boost|p1a: Darkrai|spa|2
|-curestatus|p2a: Tyranitar|slp|[msg]
|move|p2a: Tyranitar|Stone Edge|p1a: Darkrai
|-end|p1a: Darkrai|Substitute
|
|-weather|Sandstorm|[upkeep]
|-damage|p1a: Darkrai|46/100|[from] Sandstorm
|-heal|p1a: Darkrai|52/100|[from] item: Leftovers
|upkeep
|turn|17
|
|t:|1667798767
|move|p1a: Darkrai|Hypnosis|p2a: Tyranitar
|-status|p2a: Tyranitar|slp|[from] move: Hypnosis
|cant|p2a: Tyranitar|slp
|
|-weather|Sandstorm|[upkeep]
|-damage|p1a: Darkrai|46/100|[from] Sandstorm
|-heal|p1a: Darkrai|52/100|[from] item: Leftovers
|-damage|p2a: Tyranitar|63/100 slp|[from] ability: Bad Dreams|[of] p1a: Darkrai
|upkeep
|turn|18
|
|t:|1667798770
|move|p1a: Darkrai|Substitute|p1a: Darkrai
|-start|p1a: Darkrai|Substitute
|-damage|p1a: Darkrai|27/100
|cant|p2a: Tyranitar|slp
|
|-weather|none
|-heal|p1a: Darkrai|33/100|[from] item: Leftovers
|-damage|p2a: Tyranitar|51/100 slp|[from] ability: Bad Dreams|[of] p1a: Darkrai
|upkeep
|turn|19
|
|t:|1667798778
|move|p1a: Darkrai|Dark Pulse|p2a: Tyranitar
|-resisted|p2a: Tyranitar
|-damage|p2a: Tyranitar|26/100 slp
|cant|p2a: Tyranitar|slp
|
|-heal|p1a: Darkrai|39/100|[from] item: Leftovers
|-damage|p2a: Tyranitar|14/100 slp|[from] ability: Bad Dreams|[of] p1a: Darkrai
|upkeep
|turn|20
|
|t:|1667798788
|move|p1a: Darkrai|Dark Pulse|p2a: Tyranitar
|-resisted|p2a: Tyranitar
|-damage|p2a: Tyranitar|0 fnt
|faint|p2a: Tyranitar
|
|-heal|p1a: Darkrai|45/100|[from] item: Leftovers
|upkeep
|
|t:|1667798798
|switch|p2a: Ho-Oh|Ho-Oh|100/100
|turn|21
|
|t:|1667798801
|move|p1a: Darkrai|Hypnosis|p2a: Ho-Oh
|-status|p2a: Ho-Oh|slp|[from] move: Hypnosis
|cant|p2a: Ho-Oh|slp
|
|-heal|p1a: Darkrai|51/100|[from] item: Leftovers
|-damage|p2a: Ho-Oh|88/100 slp|[from] ability: Bad Dreams|[of] p1a: Darkrai
|upkeep
|turn|22
|
|t:|1667798806
|move|p1a: Darkrai|Dark Pulse|p2a: Ho-Oh
|-damage|p2a: Ho-Oh|40/100 slp
|cant|p2a: Ho-Oh|slp
|
|-heal|p1a: Darkrai|57/100|[from] item: Leftovers
|-damage|p2a: Ho-Oh|28/100 slp|[from] ability: Bad Dreams|[of] p1a: Darkrai
|upkeep
|turn|23
|
|t:|1667798811
|move|p1a: Darkrai|Dark Pulse|p2a: Ho-Oh
|-damage|p2a: Ho-Oh|0 fnt
|faint|p2a: Ho-Oh
|
|-heal|p1a: Darkrai|63/100|[from] item: Leftovers
|upkeep
|
|t:|1667798822
|switch|p2a: Arceus|Arceus-Ground|100/100
|-damage|p2a: Arceus|94/100|[from] Stealth Rock
|turn|24
|
|t:|1667798825
|move|p1a: Darkrai|Hypnosis|p2a: Arceus
|-status|p2a: Arceus|slp|[from] move: Hypnosis
|cant|p2a: Arceus|slp
|
|-heal|p1a: Darkrai|69/100|[from] item: Leftovers
|-damage|p2a: Arceus|82/100 slp|[from] ability: Bad Dreams|[of] p1a: Darkrai
|upkeep
|turn|25
|
|t:|1667798830
|move|p1a: Darkrai|Dark Pulse|p2a: Arceus
|-damage|p2a: Arceus|24/100 slp
|-curestatus|p2a: Arceus|slp|[msg]
|move|p2a: Arceus|Recover|p2a: Arceus
|-heal|p2a: Arceus|74/100
|
|-heal|p1a: Darkrai|75/100|[from] item: Leftovers
|upkeep
|turn|26
|
|t:|1667798838
|move|p1a: Darkrai|Hypnosis|p2a: Arceus
|-status|p2a: Arceus|slp|[from] move: Hypnosis
|cant|p2a: Arceus|slp
|
|-heal|p1a: Darkrai|81/100|[from] item: Leftovers
|-damage|p2a: Arceus|61/100 slp|[from] ability: Bad Dreams|[of] p1a: Darkrai
|upkeep
|turn|27
|
|t:|1667798842
|move|p1a: Darkrai|Dark Pulse|p2a: Arceus
|-damage|p2a: Arceus|5/100 slp
|cant|p2a: Arceus|slp
|
|-heal|p1a: Darkrai|87/100|[from] item: Leftovers
|-damage|p2a: Arceus|0 fnt|[from] ability: Bad Dreams|[of] p1a: Darkrai
|faint|p2a: Arceus
|upkeep
|
|t:|1667798845
|switch|p2a: Mewtwo|Mewtwo|100/100
|-damage|p2a: Mewtwo|88/100|[from] Stealth Rock
|-ability|p2a: Mewtwo|Pressure
|turn|28
|
|t:|1667798851
|move|p2a: Mewtwo|Hurricane|p1a: Darkrai
|-end|p1a: Darkrai|Substitute
|-damage|p2a: Mewtwo|78/100|[from] item: Life Orb
|move|p1a: Darkrai|Dark Pulse|p2a: Mewtwo
|-supereffective|p2a: Mewtwo
|-damage|p2a: Mewtwo|0 fnt
|faint|p2a: Mewtwo
|
|-heal|p1a: Darkrai|93/100|[from] item: Leftovers
|upkeep
|
|t:|1667798855
|switch|p2a: Ditto|Ditto|100/100
|-damage|p2a: Ditto|88/100|[from] Stealth Rock
|-transform|p2a: Ditto|p1a: Darkrai|[from] ability: Imposter
|turn|29
|
|t:|1667798874
|switch|p1a: Arceus|Arceus-Fairy|76/100
|-damage|p1a: Arceus|59/100|[from] Spikes
|move|p2a: Ditto|Hypnosis|p1a: Arceus
|-status|p1a: Arceus|slp|[from] move: Hypnosis
|
|-damage|p1a: Arceus|47/100 slp|[from] ability: Bad Dreams|[of] p2a: Ditto
|upkeep
|turn|30
|
|t:|1667798881
|switch|p2a: Ferrothorn|Ferrothorn, M|51/100
|-damage|p2a: Ferrothorn|45/100|[from] Stealth Rock
|cant|p1a: Arceus|slp
|
|-heal|p2a: Ferrothorn|51/100|[from] item: Leftovers
|upkeep
|turn|31
|
|t:|1667798888
|switch|p1a: Darkrai|Darkrai|93/100
|-damage|p1a: Darkrai|77/100|[from] Spikes
|move|p2a: Ferrothorn|Leech Seed|p1a: Darkrai|[miss]
|-miss|p2a: Ferrothorn|p1a: Darkrai
|
|-heal|p1a: Darkrai|83/100|[from] item: Leftovers
|-heal|p2a: Ferrothorn|58/100|[from] item: Leftovers
|upkeep
|turn|32
|
|t:|1667798910
|move|p1a: Darkrai|Substitute|p1a: Darkrai
|-start|p1a: Darkrai|Substitute
|-damage|p1a: Darkrai|58/100
|move|p2a: Ferrothorn|Leech Seed||[still]
|-fail|p2a: Ferrothorn
|
|-heal|p1a: Darkrai|64/100|[from] item: Leftovers
|-heal|p2a: Ferrothorn|64/100|[from] item: Leftovers
|upkeep
|turn|33
|
|t:|1667798924
|move|p1a: Darkrai|Hypnosis|p2a: Ferrothorn|[miss]
|-miss|p1a: Darkrai|p2a: Ferrothorn
|move|p2a: Ferrothorn|Knock Off|p1a: Darkrai
|-resisted|p1a: Darkrai
|-activate|p1a: Darkrai|move: Substitute|[damage]
|
|-heal|p1a: Darkrai|70/100|[from] item: Leftovers
|-heal|p2a: Ferrothorn|70/100|[from] item: Leftovers
|upkeep
|turn|34
|
|t:|1667798933
|move|p1a: Darkrai|Hypnosis|p2a: Ferrothorn
|-status|p2a: Ferrothorn|slp|[from] move: Hypnosis
|cant|p2a: Ferrothorn|slp
|
|-heal|p1a: Darkrai|76/100|[from] item: Leftovers
|-heal|p2a: Ferrothorn|76/100 slp|[from] item: Leftovers
|-damage|p2a: Ferrothorn|64/100 slp|[from] ability: Bad Dreams|[of] p1a: Darkrai
|upkeep
|turn|35
|-message|Whitespaniard forfeited.
|
|win|DarkboiJ
|raw|DarkboiJ's rating: 2025 &rarr; <strong>2036</strong><br />(+11 for winning)
|raw|Whitespaniard's rating: 1867 &rarr; <strong>1856</strong><br />(-11 for losing)
|l|☆Whitespaniard
