|j|☆F.A.M.E.246 2nd
|j|☆Mango35
|t:|1631778982
|gametype|singles
|player|p1|F.A.M.E.246 2nd|lucas|1626
|player|p2|Mango35|170|1844
|teamsize|p1|6
|teamsize|p2|6
|gen|8
|tier|[Gen 8] National Dex AG
|rated|
|rule|HP Percentage Mod: HP is shown in percentages
|rule|Endless Battle Clause: Forcing endless battles is banned
|clearpoke
|poke|p1|Zacian-*|
|poke|p1|Urshifu-*, F|
|poke|p1|Necrozma-Dusk-Mane|
|poke|p1|Arceus-*|
|poke|p1|Ho-Oh|
|poke|p1|Dragapult, F|
|poke|p2|Ditto|
|poke|p2|Groudon|
|poke|p2|Arceus-*|
|poke|p2|Rayquaza|
|poke|p2|Zygarde|
|poke|p2|Calyrex-Shadow|
|teampreview
|c|☆F.A.M.E.246 2nd|hf
|inactive|Battle timer is ON: inactive players will automatically lose when time's up. (requested by F.A.M.E.246 2nd)
|
|t:|1631779011
|start
|switch|p1a: Arceus|Arceus-Ground|100/100
|switch|p2a: Rayquaza|Rayquaza|100/100
|-ability|p2a: Rayquaza|Air Lock
|turn|1
|
|t:|1631779018
|switch|p1a: Necrozma|Necrozma-Dusk-Mane|100/100
|detailschange|p2a: Rayquaza|Rayquaza-Mega
|-mega|p2a: Rayquaza|Rayquaza|
|-weather|DeltaStream|[from] ability: Delta Stream|[of] p2a: Rayquaza
|move|p2a: Rayquaza|Scale Shot|p1a: Necrozma|[miss]
|-miss|p2a: Rayquaza|p1a: Necrozma
|
|-weather|DeltaStream|[upkeep]
|upkeep
|turn|2
|
|t:|1631779028
|move|p2a: Rayquaza|V-create|p1a: Necrozma
|-supereffective|p1a: Necrozma
|-damage|p1a: Necrozma|22/100
|-unboost|p2a: Rayquaza|spe|1
|-unboost|p2a: Rayquaza|def|1
|-unboost|p2a: Rayquaza|spd|1
|move|p1a: Necrozma|Earthquake|p2a: Rayquaza
|-immune|p2a: Rayquaza
|
|-weather|DeltaStream|[upkeep]
|-heal|p1a: Necrozma|28/100|[from] item: Leftovers
|upkeep
|turn|3
|
|t:|1631779038
|move|p2a: Rayquaza|Scale Shot|p1a: Necrozma
|-resisted|p1a: Necrozma
|-damage|p1a: Necrozma|23/100
|-resisted|p1a: Necrozma
|-damage|p1a: Necrozma|17/100
|-hitcount|p1a: Necrozma|2
|-unboost|p2a: Rayquaza|def|1
|-boost|p2a: Rayquaza|spe|1
|move|p1a: Necrozma|Sunsteel Strike|p2a: Rayquaza
|-enditem|p2a: Rayquaza|Focus Sash
|-damage|p2a: Rayquaza|1/100
|
|-weather|DeltaStream|[upkeep]
|-heal|p1a: Necrozma|24/100|[from] item: Leftovers
|upkeep
|turn|4
|
|t:|1631779051
|move|p2a: Rayquaza|V-create|p1a: Necrozma
|-supereffective|p1a: Necrozma
|-damage|p1a: Necrozma|0 fnt
|-unboost|p2a: Rayquaza|spe|1
|-unboost|p2a: Rayquaza|def|1
|-unboost|p2a: Rayquaza|spd|1
|faint|p1a: Necrozma
|
|-weather|DeltaStream|[upkeep]
|upkeep
|
|t:|1631779056
|switch|p1a: Dragapult|Dragapult, F|100/100
|turn|5
|
|t:|1631779065
|-weather|none
|switch|p2a: Arceus|Arceus-Dark|100/100
|move|p1a: Dragapult|Dragon Darts|p2a: Arceus
|-damage|p2a: Arceus|79/100
|-anim|p1a: Dragapult|Dragon Darts|p2a: Arceus
|-damage|p2a: Arceus|56/100
|-damage|p1a: Dragapult|91/100|[from] item: Life Orb
|
|upkeep
|turn|6
|
|t:|1631779092
|switch|p1a: Urshifu|Urshifu, F|100/100
|move|p2a: Arceus|Recover|p2a: Arceus
|-heal|p2a: Arceus|100/100
|
|upkeep
|turn|7
|
|t:|1631779098
|switch|p2a: Rayquaza|Rayquaza-Mega|1/100
|-weather|DeltaStream|[from] ability: Delta Stream|[of] p2a: Rayquaza
|move|p1a: Urshifu|U-turn|p2a: Rayquaza
|-resisted|p2a: Rayquaza
|-damage|p2a: Rayquaza|0 fnt
|faint|p2a: Rayquaza
|-weather|none
|
|t:|1631779107
|switch|p1a: Dragapult|Dragapult, F|91/100|[from]move: U-turn
|
|upkeep
|
|t:|1631779112
|switch|p2a: Arceus|Arceus-Dark|100/100
|turn|8
|
|t:|1631779120
|switch|p1a: Ho-Oh|Ho-Oh|100/100
|move|p2a: Arceus|Toxic|p1a: Ho-Oh
|-status|p1a: Ho-Oh|tox
|
|-damage|p1a: Ho-Oh|94/100 tox|[from] psn
|upkeep
|turn|9
|
|t:|1631779127
|switch|p2a: Groudon|Groudon|100/100
|detailschange|p2a: Groudon|Groudon-Primal
|-primal|p2a: Groudon
|-weather|DesolateLand|[from] ability: Desolate Land|[of] p2a: Groudon
|move|p1a: Ho-Oh|Toxic|p2a: Groudon
|-status|p2a: Groudon|tox
|
|-weather|DesolateLand|[upkeep]
|-damage|p2a: Groudon|94/100 tox|[from] psn
|-damage|p1a: Ho-Oh|82/100 tox|[from] psn
|upkeep
|turn|10
|
|t:|1631779139
|switch|p1a: Arceus|Arceus-Ground|100/100
|move|p2a: Groudon|Eruption|p1a: Arceus
|-damage|p1a: Arceus|17/100
|
|-weather|DesolateLand|[upkeep]
|-damage|p2a: Groudon|82/100 tox|[from] psn
|upkeep
|turn|11
|
|t:|1631779148
|move|p1a: Arceus|Recover|p1a: Arceus
|-heal|p1a: Arceus|67/100
|move|p2a: Groudon|Rock Tomb|p1a: Arceus
|-resisted|p1a: Arceus
|-damage|p1a: Arceus|59/100
|-unboost|p1a: Arceus|spe|1
|
|-weather|DesolateLand|[upkeep]
|-damage|p2a: Groudon|64/100 tox|[from] psn
|upkeep
|turn|12
|
|t:|1631779156
|move|p2a: Groudon|Eruption|p1a: Arceus
|-damage|p1a: Arceus|2/100
|move|p1a: Arceus|Recover|p1a: Arceus
|-heal|p1a: Arceus|52/100
|
|-weather|DesolateLand|[upkeep]
|-damage|p2a: Groudon|39/100 tox|[from] psn
|upkeep
|turn|13
|
|t:|1631779165
|-weather|none
|switch|p2a: Calyrex|Calyrex-Shadow|100/100
|-ability|p2a: Calyrex|As One
|-ability|p2a: Calyrex|Unnerve
|move|p1a: Arceus|Recover|p1a: Arceus
|-heal|p1a: Arceus|100/100
|
|upkeep
|turn|14
|
|t:|1631779173
|move|p2a: Calyrex|Encore|p1a: Arceus
|-start|p1a: Arceus|Encore
|-zpower|p1a: Arceus
|move|p1a: Arceus|Tectonic Rage|p2a: Calyrex|[zeffect]
|-damage|p2a: Calyrex|1/100
|
|-heal|p2a: Calyrex|7/100|[from] item: Leftovers
|upkeep
|turn|15
|c|☆F.A.M.E.246 2nd|aaaaaaaaaaaw
|
|t:|1631779186
|switch|p1a: Ho-Oh|Ho-Oh|100/100 tox
|move|p2a: Calyrex|Leech Seed|p1a: Ho-Oh
|-start|p1a: Ho-Oh|move: Leech Seed
|
|-heal|p2a: Calyrex|13/100|[from] item: Leftovers
|-damage|p1a: Ho-Oh|88/100 tox|[from] Leech Seed|[of] p2a: Calyrex
|-heal|p2a: Calyrex|28/100|[silent]
|-damage|p1a: Ho-Oh|82/100 tox|[from] psn
|upkeep
|turn|16
|
|t:|1631779195
|switch|p1a: Urshifu|Urshifu, F|100/100
|move|p2a: Calyrex|Substitute|p2a: Calyrex
|-start|p2a: Calyrex|Substitute
|-damage|p2a: Calyrex|3/100
|
|-heal|p2a: Calyrex|9/100|[from] item: Leftovers
|upkeep
|turn|17
|
|t:|1631779201
|move|p2a: Calyrex|Leech Seed|p1a: Urshifu
|-start|p1a: Urshifu|move: Leech Seed
|move|p1a: Urshifu|U-turn|p2a: Calyrex
|-end|p2a: Calyrex|Substitute
|
|t:|1631779219
|switch|p1a: Ho-Oh|Ho-Oh|100/100 tox|[from]move: U-turn
|
|-heal|p2a: Calyrex|15/100|[from] item: Leftovers
|-damage|p1a: Ho-Oh|94/100 tox|[from] psn
|upkeep
|turn|18
|
|t:|1631779226
|move|p2a: Calyrex|Leech Seed|p1a: Ho-Oh
|-start|p1a: Ho-Oh|move: Leech Seed
|move|p1a: Ho-Oh|Sacred Fire|p2a: Calyrex
|-damage|p2a: Calyrex|0 fnt
|faint|p2a: Calyrex
|
|-damage|p1a: Ho-Oh|82/100 tox|[from] psn
|upkeep
|
|t:|1631779235
|switch|p2a: Groudon|Groudon-Primal|39/100 tox
|-weather|DesolateLand|[from] ability: Desolate Land|[of] p2a: Groudon
|turn|19
|
|t:|1631779239
|switch|p1a: Arceus|Arceus-Ground|100/100
|move|p2a: Groudon|Rock Tomb|p1a: Arceus
|-resisted|p1a: Arceus
|-damage|p1a: Arceus|93/100
|-unboost|p1a: Arceus|spe|1
|
|-weather|DesolateLand|[upkeep]
|-damage|p2a: Groudon|33/100 tox|[from] psn
|upkeep
|turn|20
|
|t:|1631779247
|move|p2a: Groudon|Rock Tomb|p1a: Arceus
|-resisted|p1a: Arceus
|-damage|p1a: Arceus|86/100
|-unboost|p1a: Arceus|spe|1
|move|p1a: Arceus|Recover|p1a: Arceus
|-heal|p1a: Arceus|100/100
|
|-weather|DesolateLand|[upkeep]
|-damage|p2a: Groudon|20/100 tox|[from] psn
|upkeep
|turn|21
|
|t:|1631779259
|move|p2a: Groudon|Earthquake|p1a: Arceus
|-damage|p1a: Arceus|63/100
|move|p1a: Arceus|Recover|p1a: Arceus
|-heal|p1a: Arceus|100/100
|
|-weather|DesolateLand|[upkeep]
|-damage|p2a: Groudon|2/100 tox|[from] psn
|upkeep
|turn|22
|
|t:|1631779269
|move|p2a: Groudon|Rock Tomb|p1a: Arceus
|-resisted|p1a: Arceus
|-damage|p1a: Arceus|93/100
|-unboost|p1a: Arceus|spe|1
|move|p1a: Arceus|Recover|p1a: Arceus
|-heal|p1a: Arceus|100/100
|
|-weather|DesolateLand|[upkeep]
|-damage|p2a: Groudon|0 fnt|[from] psn
|faint|p2a: Groudon
|-weather|none
|upkeep
|
|t:|1631779278
|switch|p2a: Ditto|Ditto|100/100
|-transform|p2a: Ditto|p1a: Arceus|[from] ability: Imposter
|turn|23
|
|t:|1631779286
|switch|p2a: Zygarde|Zygarde|100/100
|move|p1a: Arceus|Earthquake|p2a: Zygarde
|-damage|p2a: Zygarde|78/100
|
|-heal|p2a: Zygarde|84/100|[from] item: Leftovers
|upkeep
|turn|24
|
|t:|1631779293
|switch|p1a: Urshifu|Urshifu, F|100/100
|move|p2a: Zygarde|Glare|p1a: Urshifu
|-status|p1a: Urshifu|par
|
|-heal|p2a: Zygarde|90/100|[from] item: Leftovers
|upkeep
|turn|25
|
|t:|1631779302
|move|p2a: Zygarde|Substitute|p2a: Zygarde
|-start|p2a: Zygarde|Substitute
|-damage|p2a: Zygarde|65/100
|move|p1a: Urshifu|U-turn|p2a: Zygarde
|-activate|p2a: Zygarde|move: Substitute|[damage]
|
|t:|1631779307
|switch|p1a: Dragapult|Dragapult, F|91/100|[from]move: U-turn
|
|-heal|p2a: Zygarde|71/100|[from] item: Leftovers
|upkeep
|turn|26
|
|t:|1631779312
|switch|p1a: Urshifu|Urshifu, F|100/100 par
|move|p2a: Zygarde|Glare|p1a: Urshifu
|-fail|p1a: Urshifu|par
|
|-heal|p2a: Zygarde|77/100|[from] item: Leftovers
|upkeep
|turn|27
|
|t:|1631779319
|move|p2a: Zygarde|Coil|p2a: Zygarde
|-boost|p2a: Zygarde|atk|1
|-boost|p2a: Zygarde|def|1
|-boost|p2a: Zygarde|accuracy|1
|move|p1a: Urshifu|U-turn|p2a: Zygarde
|-end|p2a: Zygarde|Substitute
|
|t:|1631779325
|switch|p1a: Zacian|Zacian-Crowned|100/100|[from]move: U-turn
|-ability|p1a: Zacian|Intrepid Sword|boost
|-boost|p1a: Zacian|atk|1
|
|-heal|p2a: Zygarde|84/100|[from] item: Leftovers
|upkeep
|turn|28
|
|t:|1631779333
|-start|p2a: Zygarde|Dynamax
|-heal|p2a: Zygarde|84/100|[silent]
|move|p1a: Zacian|Play Rough|p2a: Zygarde
|-supereffective|p2a: Zygarde
|-damage|p2a: Zygarde|56/100
|move|p2a: Zygarde|Max Quake|p1a: Zacian
|-supereffective|p1a: Zacian
|-damage|p1a: Zacian|0 fnt
|-boost|p2a: Zygarde|spd|1
|faint|p1a: Zacian
|
|-heal|p2a: Zygarde|60/100|[from] item: Leftovers
|upkeep
|
|t:|1631779341
|switch|p1a: Ho-Oh|Ho-Oh|100/100 tox
|turn|29
|
|t:|1631779348
|-end|p2a: Zygarde|Dynamax
|-heal|p2a: Zygarde|60/100|[silent]
|switch|p2a: Arceus|Arceus-Dark|100/100
|move|p1a: Ho-Oh|Toxic|p2a: Arceus
|-status|p2a: Arceus|tox
|
|-damage|p2a: Arceus|94/100 tox|[from] psn
|-damage|p1a: Ho-Oh|94/100 tox|[from] psn
|upkeep
|turn|30
|
|t:|1631779358
|switch|p1a: Urshifu|Urshifu, F|100/100 par
|move|p2a: Arceus|Calm Mind|p2a: Arceus
|-boost|p2a: Arceus|spa|1
|-boost|p2a: Arceus|spd|1
|
|-damage|p2a: Arceus|82/100 tox|[from] psn
|upkeep
|turn|31
|
|t:|1631779370
|-start|p1a: Urshifu|Dynamax
|-heal|p1a: Urshifu|100/100 par|[silent]
|move|p2a: Arceus|Snarl|p1a: Urshifu
|-resisted|p1a: Urshifu
|-damage|p1a: Urshifu|93/100 par
|-unboost|p1a: Urshifu|spa|1
|move|p1a: Urshifu|Max Knuckle|p2a: Arceus
|-supereffective|p2a: Arceus
|-crit|p2a: Arceus
|-damage|p2a: Arceus|0 fnt
|-boost|p1a: Urshifu|atk|1
|faint|p2a: Arceus
|
|upkeep
|
|t:|1631779395
|switch|p2a: Ditto|Ditto|100/100
|-transform|p2a: Ditto|p1a: Urshifu|[from] ability: Imposter
|turn|32
|
|t:|1631779405
|move|p2a: Ditto|Close Combat|p1a: Urshifu
|-supereffective|p1a: Urshifu
|-damage|p1a: Urshifu|0 fnt
|-unboost|p2a: Ditto|def|1
|-unboost|p2a: Ditto|spd|1
|faint|p1a: Urshifu
|
|upkeep
|
|t:|1631779408
|switch|p1a: Dragapult|Dragapult, F|91/100
|turn|33
|
|t:|1631779414
|move|p2a: Ditto|Close Combat|p1a: Dragapult
|-immune|p1a: Dragapult
|move|p1a: Dragapult|Dragon Darts|p2a: Ditto
|-damage|p2a: Ditto|50/100
|-anim|p1a: Dragapult|Dragon Darts|p2a: Ditto
|-damage|p2a: Ditto|0 fnt
|faint|p2a: Ditto
|-damage|p1a: Dragapult|81/100|[from] item: Life Orb
|
|upkeep
|
|t:|1631779422
|switch|p2a: Zygarde|Zygarde|60/100
|turn|34
|
|t:|1631779430
|move|p1a: Dragapult|Dragon Darts|p2a: Zygarde
|-supereffective|p2a: Zygarde
|-damage|p2a: Zygarde|27/100
|-anim|p1a: Dragapult|Dragon Darts|p2a: Zygarde
|-supereffective|p2a: Zygarde
|-damage|p2a: Zygarde|0 fnt
|faint|p2a: Zygarde
|-damage|p1a: Dragapult|71/100|[from] item: Life Orb
|
|win|F.A.M.E.246 2nd
|raw|F.A.M.E.246 2nd's rating: 1626 &rarr; <strong>1657</strong><br />(+31 for winning)
|raw|Mango35's rating: 1844 &rarr; <strong>1813</strong><br />(-31 for losing)
|c|☆F.A.M.E.246 2nd|gg
|l|☆Mango35
