|j|☆OnMaWa
|j|☆KingGenius
|player|p1|OnMaWa|psychic-gen4|1776
|player|p2|KingGenius|ghetsis|1473
|teamsize|p1|6
|teamsize|p2|6
|gametype|singles
|gen|8
|tier|[Gen 8] National Dex AG
|rated|
|clearpoke
|poke|p1|Arceus-*|
|poke|p1|Xerneas|
|poke|p1|Lugia|
|poke|p1|Zacian-Crowned|
|poke|p1|Necrozma-Dusk-Mane|
|poke|p1|Yveltal|
|poke|p2|Rayquaza|
|poke|p2|Groudon|
|poke|p2|Kyogre|
|poke|p2|Yveltal|
|poke|p2|Zacian-Crowned|
|poke|p2|Arceus-*|
|rule|HP Percentage Mod: HP is shown in percentages
|rule|Endless Battle Clause: Forcing endless battles is banned
|teampreview
|
|start
|switch|p1a: Necrozma|Necrozma-Dusk-Mane|100/100
|switch|p2a: Kyogre|Kyogre, shiny|100/100
|detailschange|p2a: Kyogre|Kyogre-Primal, shiny
|-primal|p2a: Kyogre
|-weather|PrimordialSea|[from] ability: Primordial Sea|[of] p2a: Kyogre
|turn|1
|
|detailschange|p1a: Necrozma|Necrozma-Ultra
|-burst|p1a: Necrozma|Necrozma|Ultranecrozium Z
|move|p1a: Necrozma|Dragon Dance|p1a: Necrozma
|-boost|p1a: Necrozma|atk|1
|-boost|p1a: Necrozma|spe|1
|move|p2a: Kyogre|Substitute|p2a: Kyogre
|-start|p2a: Kyogre|Substitute
|-damage|p2a: Kyogre|76/100
|
|-weather|PrimordialSea|[upkeep]
|upkeep
|turn|2
|
|move|p1a: Necrozma|Photon Geyser|p2a: Kyogre
|-end|p2a: Kyogre|Substitute
|move|p2a: Kyogre|Ice Beam|p1a: Necrozma
|-supereffective|p1a: Necrozma
|-damage|p1a: Necrozma|26/100
|
|-weather|PrimordialSea|[upkeep]
|upkeep
|turn|3
|
|-weather|none
|switch|p2a: Yveltal|Yveltal|100/100
|-ability|p2a: Yveltal|Dark Aura
|move|p1a: Necrozma|Photon Geyser|p2a: Yveltal
|-immune|p2a: Yveltal
|
|upkeep
|turn|4
|
|move|p1a: Necrozma|Rock Slide|p2a: Yveltal|[miss]
|-miss|p1a: Necrozma|p2a: Yveltal
|move|p2a: Yveltal|Oblivion Wing|p1a: Necrozma
|-damage|p1a: Necrozma|0 fnt
|-damage|p2a: Yveltal|91/100|[from] item: Life Orb
|faint|p1a: Necrozma
|
|upkeep
|
|switch|p1a: Xerneas|Xerneas, shiny|100/100
|-ability|p1a: Xerneas|Fairy Aura
|turn|5
|
|switch|p2a: Zacian|Zacian-Crowned|100/100
|-ability|p2a: Zacian|Intrepid Sword|boost
|-boost|p2a: Zacian|atk|1
|move|p1a: Xerneas|Geomancy||[still]
|-prepare|p1a: Xerneas|Geomancy|p1a: Xerneas
|-enditem|p1a: Xerneas|Power Herb
|-anim|p1a: Xerneas|Geomancy|p1a: Xerneas
|-boost|p1a: Xerneas|spa|2
|-boost|p1a: Xerneas|spd|2
|-boost|p1a: Xerneas|spe|2
|
|upkeep
|turn|6
|
|move|p1a: Xerneas|Moonblast|p2a: Zacian
|-resisted|p2a: Zacian
|-damage|p2a: Zacian|34/100
|move|p2a: Zacian|Behemoth Blade|p1a: Xerneas
|-supereffective|p1a: Xerneas
|-damage|p1a: Xerneas|0 fnt
|faint|p1a: Xerneas
|
|upkeep
|
|switch|p1a: Zacian|Zacian-Crowned|100/100
|-ability|p1a: Zacian|Intrepid Sword|boost
|-boost|p1a: Zacian|atk|1
|turn|7
|
|switch|p2a: Groudon|Groudon|100/100
|detailschange|p2a: Groudon|Groudon-Primal
|-primal|p2a: Groudon
|-weather|DesolateLand|[from] ability: Desolate Land|[of] p2a: Groudon
|move|p1a: Zacian|Behemoth Blade|p2a: Groudon
|-resisted|p2a: Groudon
|-damage|p2a: Groudon|75/100
|
|-weather|DesolateLand|[upkeep]
|upkeep
|turn|8
|
|switch|p1a: Lugia|Lugia|100/100
|move|p2a: Groudon|Thunder Wave|p1a: Lugia
|-status|p1a: Lugia|par
|
|-weather|DesolateLand|[upkeep]
|upkeep
|turn|9
|
|move|p2a: Groudon|Fire Punch|p1a: Lugia
|-damage|p1a: Lugia|85/100 par
|cant|p1a: Lugia|par
|
|-weather|DesolateLand|[upkeep]
|upkeep
|turn|10
|
|move|p2a: Groudon|Fire Punch|p1a: Lugia
|-damage|p1a: Lugia|52/100 par
|move|p1a: Lugia|Roost|p1a: Lugia
|-heal|p1a: Lugia|100/100 par
|-singleturn|p1a: Lugia|move: Roost
|
|-weather|DesolateLand|[upkeep]
|upkeep
|turn|11
|
|move|p2a: Groudon|Fire Punch|p1a: Lugia
|-damage|p1a: Lugia|83/100 par
|move|p1a: Lugia|Whirlwind|p2a: Groudon
|-weather|none
|drag|p2a: Zacian|Zacian-Crowned|34/100
|-ability|p2a: Zacian|Intrepid Sword|boost
|-boost|p2a: Zacian|atk|1
|
|upkeep
|turn|12
|
|move|p2a: Zacian|Behemoth Blade|p1a: Lugia
|-damage|p1a: Lugia|39/100 par
|move|p1a: Lugia|Roost|p1a: Lugia
|-heal|p1a: Lugia|89/100 par
|-singleturn|p1a: Lugia|move: Roost
|
|upkeep
|turn|13
|
|move|p2a: Zacian|Behemoth Blade|p1a: Lugia
|-damage|p1a: Lugia|43/100 par
|move|p1a: Lugia|Thunder Wave|p2a: Zacian
|-status|p2a: Zacian|par
|
|upkeep
|turn|14
|
|move|p2a: Zacian|Behemoth Blade|p1a: Lugia
|-damage|p1a: Lugia|0 fnt
|faint|p1a: Lugia
|
|upkeep
|
|switch|p1a: Zacian|Zacian-Crowned|100/100
|-ability|p1a: Zacian|Intrepid Sword|boost
|-boost|p1a: Zacian|atk|1
|turn|15
|
|switch|p2a: Groudon|Groudon-Primal|75/100
|-weather|DesolateLand|[from] ability: Desolate Land|[of] p2a: Groudon
|move|p1a: Zacian|Behemoth Blade|p2a: Groudon
|-resisted|p2a: Groudon
|-damage|p2a: Groudon|49/100
|
|-weather|DesolateLand|[upkeep]
|upkeep
|turn|16
|
|move|p1a: Zacian|Close Combat|p2a: Groudon
|-damage|p2a: Groudon|6/100
|-unboost|p1a: Zacian|def|1
|-unboost|p1a: Zacian|spd|1
|move|p2a: Groudon|Fire Punch|p1a: Zacian
|-supereffective|p1a: Zacian
|-damage|p1a: Zacian|0 fnt
|faint|p1a: Zacian
|
|-weather|DesolateLand|[upkeep]
|upkeep
|
|switch|p1a: Arceus|Arceus|100/100
|turn|17
|
|move|p1a: Arceus|Extreme Speed|p2a: Groudon
|-damage|p2a: Groudon|0 fnt
|faint|p2a: Groudon
|-weather|none
|
|upkeep
|
|switch|p2a: Zacian|Zacian-Crowned|34/100 par
|-ability|p2a: Zacian|Intrepid Sword|boost
|-boost|p2a: Zacian|atk|1
|turn|18
|
|move|p1a: Arceus|Earthquake|p2a: Zacian
|-supereffective|p2a: Zacian
|-damage|p2a: Zacian|0 fnt
|faint|p2a: Zacian
|
|upkeep
|
|switch|p2a: Yveltal|Yveltal|91/100
|-ability|p2a: Yveltal|Dark Aura
|turn|19
|
|-start|p2a: Yveltal|Dynamax
|-heal|p2a: Yveltal|91/100|[silent]
|move|p1a: Arceus|Extreme Speed|p2a: Yveltal
|-damage|p2a: Yveltal|66/100
|move|p2a: Yveltal|Max Airstream|p1a: Arceus
|-damage|p1a: Arceus|32/100
|-boost|p2a: Yveltal|spe|1
|-damage|p2a: Yveltal|61/100|[from] item: Life Orb
|
|upkeep
|turn|20
|
|move|p1a: Arceus|Extreme Speed|p2a: Yveltal
|-damage|p2a: Yveltal|37/100
|move|p2a: Yveltal|Max Darkness|p1a: Arceus
|-damage|p1a: Arceus|0 fnt
|-damage|p2a: Yveltal|32/100|[from] item: Life Orb
|faint|p1a: Arceus
|
|upkeep
|
|switch|p1a: Yveltal|Yveltal, shiny|100/100
|-ability|p1a: Yveltal|Dark Aura
|turn|21
|
|-start|p1a: Yveltal|Dynamax
|-heal|p1a: Yveltal|100/100|[silent]
|move|p2a: Yveltal|Max Rockfall|p1a: Yveltal
|-supereffective|p1a: Yveltal
|-damage|p1a: Yveltal|59/100
|-weather|Sandstorm
|-damage|p2a: Yveltal|27/100|[from] item: Life Orb
|move|p1a: Yveltal|Max Airstream|p2a: Yveltal
|-damage|p2a: Yveltal|0 fnt
|-boost|p1a: Yveltal|spe|1
|-damage|p1a: Yveltal|54/100|[from] item: Life Orb
|faint|p2a: Yveltal
|
|-weather|Sandstorm|[upkeep]
|-damage|p1a: Yveltal|51/100|[from] Sandstorm
|upkeep
|
|switch|p2a: Rayquaza|Rayquaza|100/100
|-ability|p2a: Rayquaza|Air Lock
|turn|22
|
|detailschange|p2a: Rayquaza|Rayquaza-Mega
|-mega|p2a: Rayquaza|Rayquaza|
|-weather|DeltaStream|[from] ability: Delta Stream|[of] p2a: Rayquaza
|move|p2a: Rayquaza|Extreme Speed|p1a: Yveltal
|-damage|p1a: Yveltal|29/100
|-damage|p2a: Rayquaza|91/100|[from] item: Life Orb
|move|p1a: Yveltal|Max Darkness|p2a: Rayquaza
|-damage|p2a: Rayquaza|0 fnt
|-damage|p1a: Yveltal|24/100|[from] item: Life Orb
|faint|p2a: Rayquaza
|-weather|none
|
|upkeep
|
|switch|p2a: Arceus|Arceus-Water|100/100
|turn|23
|inactive|Battle timer is ON: inactive players will automatically lose when time's up. (requested by KingGenius)
|
|move|p1a: Yveltal|Max Guard|p1a: Yveltal
|-singleturn|p1a: Yveltal|Max Guard
|move|p2a: Arceus|Judgment|p1a: Yveltal
|-activate|p1a: Yveltal|move: Max Guard
|
|-end|p1a: Yveltal|Dynamax
|-heal|p1a: Yveltal|24/100|[silent]
|upkeep
|turn|24
|
|move|p1a: Yveltal|Dark Pulse|p2a: Arceus
|-damage|p2a: Arceus|48/100
|-damage|p1a: Yveltal|14/100|[from] item: Life Orb
|move|p2a: Arceus|Judgment|p1a: Yveltal
|-damage|p1a: Yveltal|0 fnt
|faint|p1a: Yveltal
|
|win|KingGenius
|c|☆KingGenius|gg
|raw|OnMaWa's rating: 1776 &rarr; <strong>1742</strong><br />(-34 for losing)
|raw|KingGenius's rating: 1473 &rarr; <strong>1507</strong><br />(+34 for winning)
