|j|☆cleffa hater
|j|☆ImAbroom
|inactive|Battle timer is ON: inactive players will automatically lose when time's up.
|t:|1650680469
|gametype|singles
|player|p1|cleffa hater|lance|
|player|p2|ImAbroom|red|
|teamsize|p1|6
|teamsize|p2|6
|gen|8
|tier|[Gen 8] National Dex AG
|rated|Tournament battle
|rule|HP Percentage Mod: HP is shown in percentages
|rule|Endless Battle Clause: Forcing endless battles is banned
|clearpoke
|poke|p1|Urshifu-*, M|
|poke|p1|Eternatus|
|poke|p1|Necrozma-Dusk-Mane|
|poke|p1|Xerneas-*|
|poke|p1|Landorus, M|
|poke|p1|Yveltal|
|poke|p2|Rayquaza|
|poke|p2|Xerneas-*|
|poke|p2|Zacian-*|
|poke|p2|Zygarde|
|poke|p2|Groudon|
|poke|p2|Ho-Oh|
|teampreview
|j| I Am A Female Deer
|j| BadAtTheGameLmao
|j| LaprasPlayer
|l| BadAtTheGameLmao
|inactive|cleffa hater has 120 seconds left.
|inactive|ImAbroom has 120 seconds left.
|j| gen8test3
|
|t:|1650680508
|start
|switch|p1a: Xerneas|Xerneas|100/100
|switch|p2a: Upper Moon 4|Zygarde|100/100
|-ability|p1a: Xerneas|Fairy Aura
|turn|1
|l| gen8test3
|
|t:|1650680512
|move|p1a: Xerneas|Moonblast|p2a: Upper Moon 4
|-supereffective|p2a: Upper Moon 4
|-damage|p2a: Upper Moon 4|0 fnt
|faint|p2a: Upper Moon 4
|
|upkeep
|
|t:|1650680515
|switch|p2a: Upper Moon 3|Zacian-Crowned|100/100
|-ability|p2a: Upper Moon 3|Intrepid Sword|boost
|-boost|p2a: Upper Moon 3|atk|1
|turn|2
|j| SmolBabies
|
|t:|1650680519
|switch|p1a: Necrozma|Necrozma-Dusk-Mane|100/100
|move|p2a: Upper Moon 3|Crunch|p1a: Necrozma
|-supereffective|p1a: Necrozma
|-damage|p1a: Necrozma|61/100
|-damage|p2a: Upper Moon 3|84/100|[from] item: Rocky Helmet|[of] p1a: Necrozma
|
|upkeep
|turn|3
|
|t:|1650680521
|move|p2a: Upper Moon 3|Crunch|p1a: Necrozma
|-supereffective|p1a: Necrozma
|-damage|p1a: Necrozma|19/100
|-damage|p2a: Upper Moon 3|67/100|[from] item: Rocky Helmet|[of] p1a: Necrozma
|move|p1a: Necrozma|Moonlight|p1a: Necrozma
|-heal|p1a: Necrozma|69/100
|
|upkeep
|turn|4
|
|t:|1650680526
|move|p2a: Upper Moon 3|Crunch|p1a: Necrozma
|-supereffective|p1a: Necrozma
|-damage|p1a: Necrozma|32/100
|-damage|p2a: Upper Moon 3|51/100|[from] item: Rocky Helmet|[of] p1a: Necrozma
|move|p1a: Necrozma|Moonlight|p1a: Necrozma
|-heal|p1a: Necrozma|82/100
|
|upkeep
|turn|5
|
|t:|1650680529
|switch|p2a: Upper Moon 5|Groudon|100/100
|detailschange|p2a: Upper Moon 5|Groudon-Primal
|-primal|p2a: Upper Moon 5
|-weather|DesolateLand|[from] ability: Desolate Land|[of] p2a: Upper Moon 5
|move|p1a: Necrozma|Stealth Rock|p2a: Upper Moon 5
|-sidestart|p2: ImAbroom|move: Stealth Rock
|
|-weather|DesolateLand|[upkeep]
|upkeep
|turn|6
|
|t:|1650680534
|switch|p1a: Eternatus|Eternatus|100/100
|-ability|p1a: Eternatus|Pressure
|move|p2a: Upper Moon 5|Rock Tomb|p1a: Eternatus
|-damage|p1a: Eternatus|81/100
|-unboost|p1a: Eternatus|spe|1
|
|-weather|DesolateLand|[upkeep]
|upkeep
|turn|7
|
|t:|1650680541
|move|p2a: Upper Moon 5|Stealth Rock|p1a: Eternatus
|-sidestart|p1: cleffa hater|move: Stealth Rock
|move|p1a: Eternatus|Toxic|p2a: Upper Moon 5
|-status|p2a: Upper Moon 5|tox
|
|-weather|DesolateLand|[upkeep]
|-damage|p2a: Upper Moon 5|94/100 tox|[from] psn
|upkeep
|turn|8
|
|t:|1650680546
|move|p2a: Upper Moon 5|Rock Tomb|p1a: Eternatus
|-damage|p1a: Eternatus|63/100
|-unboost|p1a: Eternatus|spe|1
|move|p1a: Eternatus|Mystical Fire|p2a: Upper Moon 5
|-resisted|p2a: Upper Moon 5
|-damage|p2a: Upper Moon 5|74/100 tox
|-unboost|p2a: Upper Moon 5|spa|1
|
|-weather|DesolateLand|[upkeep]
|-damage|p2a: Upper Moon 5|62/100 tox|[from] psn
|upkeep
|turn|9
|
|t:|1650680551
|move|p2a: Upper Moon 5|Rock Tomb|p1a: Eternatus
|-damage|p1a: Eternatus|42/100
|-unboost|p1a: Eternatus|spe|1
|move|p1a: Eternatus|Recover|p1a: Eternatus
|-heal|p1a: Eternatus|92/100
|
|-weather|DesolateLand|[upkeep]
|-damage|p2a: Upper Moon 5|43/100 tox|[from] psn
|upkeep
|turn|10
|
|t:|1650680556
|move|p2a: Upper Moon 5|Rock Tomb|p1a: Eternatus
|-damage|p1a: Eternatus|72/100
|-unboost|p1a: Eternatus|spe|1
|move|p1a: Eternatus|Mystical Fire|p2a: Upper Moon 5
|-resisted|p2a: Upper Moon 5
|-damage|p2a: Upper Moon 5|24/100 tox
|-unboost|p2a: Upper Moon 5|spa|1
|
|-weather|DesolateLand|[upkeep]
|-damage|p2a: Upper Moon 5|0 fnt|[from] psn
|faint|p2a: Upper Moon 5
|-weather|none
|upkeep
|
|t:|1650680564
|switch|p2a: Upper Moon 2|Xerneas|100/100
|-damage|p2a: Upper Moon 2|88/100|[from] Stealth Rock
|-ability|p2a: Upper Moon 2|Fairy Aura
|turn|11
|
|t:|1650680570
|switch|p1a: Necrozma|Necrozma-Dusk-Mane|82/100
|-damage|p1a: Necrozma|76/100|[from] Stealth Rock
|move|p2a: Upper Moon 2|Geomancy||[still]
|-prepare|p2a: Upper Moon 2|Geomancy
|-enditem|p2a: Upper Moon 2|Power Herb
|-anim|p2a: Upper Moon 2|Geomancy|p2a: Upper Moon 2
|-boost|p2a: Upper Moon 2|spa|2
|-boost|p2a: Upper Moon 2|spd|2
|-boost|p2a: Upper Moon 2|spe|2
|
|upkeep
|turn|12
|
|t:|1650680577
|-start|p2a: Upper Moon 2|Dynamax|
|-heal|p2a: Upper Moon 2|88/100|[silent]
|-start|p1a: Necrozma|Dynamax|
|-heal|p1a: Necrozma|76/100|[silent]
|move|p2a: Upper Moon 2|Max Flare|p1a: Necrozma
|-supereffective|p1a: Necrozma
|-damage|p1a: Necrozma|28/100
|-weather|SunnyDay
|move|p1a: Necrozma|Max Steelspike|p2a: Upper Moon 2
|-supereffective|p2a: Upper Moon 2
|-damage|p2a: Upper Moon 2|36/100
|-boost|p1a: Necrozma|def|1
|
|-weather|SunnyDay|[upkeep]
|upkeep
|turn|13
|
|t:|1650680580
|move|p1a: Necrozma|Max Guard|p1a: Necrozma
|-singleturn|p1a: Necrozma|Max Guard
|move|p2a: Upper Moon 2|Max Flare|p1a: Necrozma
|-activate|p1a: Necrozma|move: Max Guard
|
|-weather|SunnyDay|[upkeep]
|upkeep
|turn|14
|
|t:|1650680588
|-end|p1a: Necrozma|Dynamax
|-heal|p1a: Necrozma|28/100|[silent]
|switch|p1a: Eternatus|Eternatus|72/100
|-damage|p1a: Eternatus|60/100|[from] Stealth Rock
|-ability|p1a: Eternatus|Pressure
|move|p2a: Upper Moon 2|Max Flare|p1a: Eternatus
|-resisted|p1a: Eternatus
|-damage|p1a: Eternatus|23/100
|
|-weather|SunnyDay|[upkeep]
|-end|p2a: Upper Moon 2|Dynamax
|-heal|p2a: Upper Moon 2|36/100|[silent]
|upkeep
|turn|15
|
|t:|1650680593
|move|p2a: Upper Moon 2|Moonblast|p1a: Eternatus
|-damage|p1a: Eternatus|0 fnt
|faint|p1a: Eternatus
|
|-weather|SunnyDay|[upkeep]
|upkeep
|c| SmolBabies|ImAbroom
|c|☆ImAbroom|Hi
|c| SmolBabies|wanna battle again after?
|c|☆ImAbroom|Sure
|
|t:|1650680614
|switch|p1a: Landorus|Landorus, M|100/100
|-damage|p1a: Landorus|88/100|[from] Stealth Rock
|turn|16
|
|t:|1650680617
|move|p2a: Upper Moon 2|Moonblast|p1a: Landorus
|-damage|p1a: Landorus|0 fnt
|faint|p1a: Landorus
|
|-weather|none
|upkeep
|
|t:|1650680621
|switch|p1a: Urshifu|Urshifu, M|100/100
|-damage|p1a: Urshifu|94/100|[from] Stealth Rock
|turn|17
|
|t:|1650680624
|move|p1a: Urshifu|Sucker Punch|p2a: Upper Moon 2
|-resisted|p2a: Upper Moon 2
|-damage|p2a: Upper Moon 2|19/100
|move|p2a: Upper Moon 2|Moonblast|p1a: Urshifu
|-supereffective|p1a: Urshifu
|-damage|p1a: Urshifu|0 fnt
|faint|p1a: Urshifu
|
|upkeep
|c| I Am A Female Deer|noo
|c|☆cleffa hater|gg
|c| SmolBabies|yeah you won
|c|☆ImAbroom|Gg
|
|t:|1650680635
|switch|p1a: Xerneas|Xerneas|100/100
|-damage|p1a: Xerneas|88/100|[from] Stealth Rock
|-ability|p1a: Xerneas|Fairy Aura
|turn|18
|
|t:|1650680638
|move|p2a: Upper Moon 2|Moonblast|p1a: Xerneas
|-damage|p1a: Xerneas|0 fnt
|faint|p1a: Xerneas
|
|upkeep
|
|t:|1650680640
|switch|p1a: Yveltal|Yveltal|100/100
|-ability|p1a: Yveltal|Dark Aura
|turn|19
|l| I Am A Female Deer
|
|t:|1650680645
|move|p2a: Upper Moon 2|Moonblast|p1a: Yveltal
|-supereffective|p1a: Yveltal
|-damage|p1a: Yveltal|0 fnt
|faint|p1a: Yveltal
|
|upkeep
|
|t:|1650680647
|switch|p1a: Necrozma|Necrozma-Dusk-Mane|28/100
|-damage|p1a: Necrozma|22/100|[from] Stealth Rock
|turn|20
|
|t:|1650680650
|move|p2a: Upper Moon 2|Hidden Power|p1a: Necrozma
|-supereffective|p1a: Necrozma
|-damage|p1a: Necrozma|0 fnt
|faint|p1a: Necrozma
|
|win|ImAbroom
|n|☆cleffa hater|cleffahater
|n|☆ImAbroom|imabroom
|n| LaprasPlayer|laprasplayer
|n| SmolBabies|smolbabies
