|j|☆Ash∯Greninja∯MK∯
|j|☆C0ld as Ice
|t:|1646888968
|gametype|singles
|player|p1|Ash∯Greninja∯MK∯|ash-sinnoh|1155
|player|p2|C0ld as Ice|schoolkid-gen4dp|1045
|teamsize|p1|6
|teamsize|p2|6
|gen|8
|tier|[Gen 8] National Dex AG
|rated|
|rule|HP Percentage Mod: HP is shown in percentages
|rule|Endless Battle Clause: Forcing endless battles is banned
|clearpoke
|poke|p1|Electivire, M|
|poke|p1|Infernape, M|
|poke|p1|Staraptor, M|
|poke|p1|Torterra, M|
|poke|p1|Floatzel, M|
|poke|p1|Gliscor, M|
|poke|p2|Celesteela|
|poke|p2|Aerodactyl, F|
|poke|p2|Swoobat, M|
|poke|p2|Minior-Violet|
|poke|p2|Honchkrow, M|
|poke|p2|Dragonite, F|
|teampreview
|inactive|Battle timer is ON: inactive players will automatically lose when time's up. (requested by C0ld as Ice)
|
|t:|1646888977
|start
|switch|p1a: Storm Quake|Torterra, M|100/100
|switch|p2a: Aerodactyl|Aerodactyl, F, shiny|100/100
|-ability|p2a: Aerodactyl|Unnerve
|turn|1
|inactive|C0ld as Ice has 120 seconds left.
|
|t:|1646889009
|move|p2a: Aerodactyl|Taunt|p1a: Storm Quake
|-start|p1a: Storm Quake|move: Taunt
|cant|p1a: Storm Quake|move: Taunt|Stealth Rock
|
|upkeep
|turn|2
|
|t:|1646889014
|switch|p1a: Aqua Swift|Floatzel, M|100/100
|move|p2a: Aerodactyl|Stealth Rock|p1a: Aqua Swift
|-sidestart|p1: Ash∯Greninja∯MK∯|move: Stealth Rock
|
|upkeep
|turn|3
|
|t:|1646889017
|move|p2a: Aerodactyl|Rock Tomb|p1a: Aqua Swift
|-damage|p1a: Aqua Swift|62/100
|-unboost|p1a: Aqua Swift|spe|1
|move|p1a: Aqua Swift|Liquidation|p2a: Aerodactyl
|-supereffective|p2a: Aerodactyl
|-enditem|p2a: Aerodactyl|Focus Sash
|-damage|p2a: Aerodactyl|1/100
|-unboost|p2a: Aerodactyl|def|1
|
|upkeep
|turn|4
|
|t:|1646889020
|move|p2a: Aerodactyl|Rock Tomb|p1a: Aqua Swift
|-damage|p1a: Aqua Swift|23/100
|-unboost|p1a: Aqua Swift|spe|1
|move|p1a: Aqua Swift|Ice Punch|p2a: Aerodactyl
|-supereffective|p2a: Aerodactyl
|-damage|p2a: Aerodactyl|0 fnt
|faint|p2a: Aerodactyl
|
|upkeep
|inactive|C0ld as Ice has 120 seconds left.
|
|t:|1646889051
|switch|p2a: Celesteela|Celesteela|100/100
|turn|5
|
|t:|1646889054
|-start|p2a: Celesteela|Dynamax
|-heal|p2a: Celesteela|100/100|[silent]
|move|p2a: Celesteela|Max Airstream|p1a: Aqua Swift
|-damage|p1a: Aqua Swift|0 fnt
|-boost|p2a: Celesteela|spe|1
|faint|p1a: Aqua Swift
|-ability|p2a: Celesteela|Beast Boost|boost
|-boost|p2a: Celesteela|spa|1
|
|upkeep
|
|t:|1646889064
|switch|p1a: Acro Quake|Gliscor, M|100/100
|-damage|p1a: Acro Quake|88/100|[from] Stealth Rock
|turn|6
|inactive|C0ld as Ice has 120 seconds left.
|
|t:|1646889106
|move|p2a: Celesteela|Max Airstream|p1a: Acro Quake
|-damage|p1a: Acro Quake|0 fnt
|-boost|p2a: Celesteela|spe|1
|faint|p1a: Acro Quake
|-ability|p2a: Celesteela|Beast Boost|boost
|-boost|p2a: Celesteela|spa|1
|
|upkeep
|
|t:|1646889112
|switch|p1a: Storm Quake|Torterra, M|100/100
|-damage|p1a: Storm Quake|94/100|[from] Stealth Rock
|turn|7
|
|t:|1646889128
|move|p2a: Celesteela|Max Airstream|p1a: Storm Quake
|-supereffective|p1a: Storm Quake
|-damage|p1a: Storm Quake|0 fnt
|-boost|p2a: Celesteela|spe|1
|faint|p1a: Storm Quake
|-ability|p2a: Celesteela|Beast Boost|boost
|-boost|p2a: Celesteela|spa|1
|
|-end|p2a: Celesteela|Dynamax
|-heal|p2a: Celesteela|100/100|[silent]
|upkeep
|
|t:|1646889131
|switch|p1a: Electro Bolt|Electivire, M|100/100
|-damage|p1a: Electro Bolt|88/100|[from] Stealth Rock
|turn|8
|
|t:|1646889158
|-start|p1a: Electro Bolt|Dynamax
|-heal|p1a: Electro Bolt|88/100|[silent]
|move|p2a: Celesteela|Air Slash|p1a: Electro Bolt
|-resisted|p1a: Electro Bolt
|-damage|p1a: Electro Bolt|56/100
|move|p1a: Electro Bolt|Max Lightning|p2a: Celesteela
|-supereffective|p2a: Celesteela
|-damage|p2a: Celesteela|0 fnt
|-fieldstart|move: Electric Terrain
|faint|p2a: Celesteela
|-damage|p1a: Electro Bolt|51/100|[from] item: Life Orb
|
|upkeep
|
|t:|1646889162
|switch|p2a: Minior|Minior-Violet|100/100
|-formechange|p2a: Minior|Minior-Meteor||[from] ability: Shields Down
|turn|9
|
|t:|1646889172
|move|p1a: Electro Bolt|Max Hailstorm|p2a: Minior
|-supereffective|p2a: Minior
|-crit|p2a: Minior
|-damage|p2a: Minior|0 fnt
|-weather|Hail
|faint|p2a: Minior
|-damage|p1a: Electro Bolt|46/100|[from] item: Life Orb
|
|-weather|Hail|[upkeep]
|-damage|p1a: Electro Bolt|43/100|[from] Hail
|upkeep
|inactive|C0ld as Ice has 90 seconds left.
|
|t:|1646889198
|switch|p2a: Swoobat|Swoobat, M|100/100
|turn|10
|
|t:|1646889202
|move|p2a: Swoobat|Psyshock|p1a: Electro Bolt
|-crit|p1a: Electro Bolt
|-damage|p1a: Electro Bolt|0 fnt
|faint|p1a: Electro Bolt
|-damage|p2a: Swoobat|91/100|[from] item: Life Orb
|
|-weather|Hail|[upkeep]
|-damage|p2a: Swoobat|84/100|[from] Hail
|upkeep
|
|t:|1646889207
|switch|p1a: Brave Raptor|Staraptor, M|100/100
|-damage|p1a: Brave Raptor|76/100|[from] Stealth Rock
|turn|11
|inactive|C0ld as Ice has 90 seconds left.
|l|☆C0ld as Ice
|inactive|C0ld as Ice disconnected and has a minute to reconnect!
|player|p2|
|inactive|C0ld as Ice has 30 seconds to reconnect!
|inactive|C0ld as Ice has 20 seconds to reconnect!
|inactive|C0ld as Ice has 15 seconds to reconnect!
|inactive|C0ld as Ice has 10 seconds to reconnect!
|inactive|C0ld as Ice has 5 seconds to reconnect!
|-message|C0ld as Ice lost due to inactivity.
|
|win|Ash∯Greninja∯MK∯
|inactive|C0ld as Ice has 30 seconds left this turn.
|raw|Ash∯Greninja∯MK∯'s rating: 1155 &rarr; <strong>1172</strong><br />(+17 for winning)
|raw|C0ld as Ice's rating: 1047 &rarr; <strong>1035</strong><br />(-12 for losing)
