|j|☆BasakBooster2
|j|☆FenixFyre04
|t:|1665015862
|gametype|singles
|player|p1|BasakBooster2|lucas|1842
|player|p2|FenixFyre04|benga|1882
|teamsize|p1|6
|teamsize|p2|6
|gen|8
|tier|[Gen 8] National Dex AG
|rated|
|rule|HP Percentage Mod: HP is shown in percentages
|rule|Endless Battle Clause: Forcing endless battles is banned
|clearpoke
|poke|p1|Groudon|
|poke|p1|Rayquaza|
|poke|p1|Zygarde|
|poke|p1|Calyrex-Shadow|
|poke|p1|Arceus-*|
|poke|p1|Arceus-*|
|poke|p2|Ho-Oh|
|poke|p2|Calyrex-Shadow|
|poke|p2|Necrozma-Dusk-Mane|
|poke|p2|Zacian-*|
|poke|p2|Rayquaza|
|poke|p2|Tyranitar, M|
|teampreview
|inactive|Battle timer is ON: inactive players will automatically lose when time's up. (requested by FenixFyre04)
|
|t:|1665015877
|start
|switch|p1a: the gwoat|Rayquaza|100/100
|switch|p2a: Rayquaza|Rayquaza|100/100
|-ability|p2a: Rayquaza|Air Lock
|-ability|p1a: the gwoat|Air Lock
|turn|1
|
|t:|1665015880
|switch|p2a: Necrozma|Necrozma-Dusk-Mane|100/100
|detailschange|p1a: the gwoat|Rayquaza-Mega
|-mega|p1a: the gwoat|Rayquaza|
|-weather|DeltaStream|[from] ability: Delta Stream|[of] p1a: the gwoat
|move|p1a: the gwoat|Scale Shot|p2a: Necrozma
|-resisted|p2a: Necrozma
|-damage|p2a: Necrozma|94/100
|-resisted|p2a: Necrozma
|-damage|p2a: Necrozma|88/100
|-hitcount|p2a: Necrozma|2
|-unboost|p1a: the gwoat|def|1
|-boost|p1a: the gwoat|spe|1
|-damage|p1a: the gwoat|91/100|[from] item: Life Orb
|
|-weather|DeltaStream|[upkeep]
|upkeep
|turn|2
|
|t:|1665015886
|-weather|none
|switch|p1a: Pyra|Groudon|100/100
|detailschange|p1a: Pyra|Groudon-Primal
|-primal|p1a: Pyra
|-weather|DesolateLand|[from] ability: Desolate Land|[of] p1a: Pyra
|move|p2a: Necrozma|Sunsteel Strike|p1a: Pyra
|-resisted|p1a: Pyra
|-damage|p1a: Pyra|90/100
|
|-weather|DesolateLand|[upkeep]
|upkeep
|turn|3
|
|t:|1665015891
|move|p1a: Pyra|Thunder Wave|p2a: Necrozma
|-status|p2a: Necrozma|par
|move|p2a: Necrozma|Stealth Rock|p1a: Pyra
|-sidestart|p1: BasakBooster2|move: Stealth Rock
|
|-weather|DesolateLand|[upkeep]
|upkeep
|turn|4
|
|t:|1665015899
|switch|p2a: Rayquaza|Rayquaza|100/100
|-ability|p2a: Rayquaza|Air Lock
|move|p1a: Pyra|Precipice Blades|p2a: Rayquaza
|-immune|p2a: Rayquaza
|
|-weather|DesolateLand|[upkeep]
|upkeep
|turn|5
|
|t:|1665015906
|detailschange|p2a: Rayquaza|Rayquaza-Mega
|-mega|p2a: Rayquaza|Rayquaza|
|-weather|DeltaStream|[from] ability: Delta Stream|[of] p2a: Rayquaza
|move|p2a: Rayquaza|Waterfall|p1a: Pyra
|-supereffective|p1a: Pyra
|-damage|p1a: Pyra|0 fnt
|faint|p1a: Pyra
|
|-weather|DeltaStream|[upkeep]
|upkeep
|
|t:|1665015916
|switch|p1a: Arceus|Arceus|100/100
|-damage|p1a: Arceus|88/100|[from] Stealth Rock
|turn|6
|
|t:|1665015922
|-weather|none
|switch|p2a: Necrozma|Necrozma-Dusk-Mane|88/100 par
|move|p1a: Arceus|Swords Dance|p1a: Arceus
|-boost|p1a: Arceus|atk|2
|
|upkeep
|turn|7
|
|t:|1665015925
|move|p1a: Arceus|Swords Dance|p1a: Arceus
|-boost|p1a: Arceus|atk|2
|cant|p2a: Necrozma|par
|
|upkeep
|turn|8
|
|t:|1665015929
|move|p1a: Arceus|Swords Dance|p1a: Arceus
|-boost|p1a: Arceus|atk|2
|move|p2a: Necrozma|Sunsteel Strike|p1a: Arceus
|-damage|p1a: Arceus|51/100
|
|upkeep
|turn|9
|
|t:|1665015936
|move|p1a: Arceus|Recover|p1a: Arceus
|-heal|p1a: Arceus|100/100
|move|p2a: Necrozma|Knock Off|p1a: Arceus
|-damage|p1a: Arceus|78/100
|-enditem|p1a: Arceus|Lum Berry|[from] move: Knock Off|[of] p2a: Necrozma
|
|upkeep
|turn|10
|
|t:|1665015942
|move|p1a: Arceus|Recover|p1a: Arceus
|-heal|p1a: Arceus|100/100
|cant|p2a: Necrozma|par
|
|upkeep
|turn|11
|
|t:|1665015957
|-start|p1a: Arceus|Dynamax|
|-heal|p1a: Arceus|100/100|[silent]
|move|p1a: Arceus|Max Phantasm|p2a: Necrozma
|-supereffective|p2a: Necrozma
|-damage|p2a: Necrozma|0 fnt
|faint|p2a: Necrozma
|
|upkeep
|
|t:|1665015973
|switch|p2a: Tyranitar|Tyranitar, M, shiny|100/100
|-weather|Sandstorm|[from] ability: Sand Stream|[of] p2a: Tyranitar
|turn|12
|
|t:|1665015976
|switch|p2a: Ho-Oh|Ho-Oh, shiny|100/100
|move|p1a: Arceus|Max Strike|p2a: Ho-Oh
|-damage|p2a: Ho-Oh|0 fnt
|faint|p2a: Ho-Oh
|
|-weather|Sandstorm|[upkeep]
|-damage|p1a: Arceus|97/100|[from] Sandstorm
|upkeep
|
|t:|1665015989
|switch|p2a: Zacian|Zacian-Crowned|100/100
|-ability|p2a: Zacian|Intrepid Sword|boost
|-boost|p2a: Zacian|atk|1
|turn|13
|
|t:|1665015993
|move|p2a: Zacian|Substitute|p2a: Zacian
|-start|p2a: Zacian|Substitute
|-damage|p2a: Zacian|76/100
|move|p1a: Arceus|Max Phantasm|p2a: Zacian
|-end|p2a: Zacian|Substitute
|-unboost|p2a: Zacian|def|1
|
|-weather|Sandstorm|[upkeep]
|-damage|p1a: Arceus|94/100|[from] Sandstorm
|upkeep
|-end|p1a: Arceus|Dynamax
|-heal|p1a: Arceus|94/100|[silent]
|turn|14
|
|t:|1665015999
|switch|p2a: Calyrex|Calyrex-Shadow|100/100
|-ability|p2a: Calyrex|As One
|-ability|p2a: Calyrex|Unnerve
|move|p1a: Arceus|Extreme Speed|p2a: Calyrex
|-immune|p2a: Calyrex
|
|-weather|Sandstorm|[upkeep]
|-damage|p2a: Calyrex|94/100|[from] Sandstorm
|-damage|p1a: Arceus|88/100|[from] Sandstorm
|upkeep
|turn|15
|
|t:|1665016006
|move|p2a: Calyrex|Trick|p1a: Arceus
|-activate|p2a: Calyrex|move: Trick|[of] p1a: Arceus
|-item|p1a: Arceus|Choice Scarf|[from] move: Trick
|-enditem|p2a: Calyrex|Choice Scarf|[silent]|[from] move: Trick
|move|p1a: Arceus|Shadow Claw|p2a: Calyrex
|-supereffective|p2a: Calyrex
|-damage|p2a: Calyrex|0 fnt
|faint|p2a: Calyrex
|
|-weather|Sandstorm|[upkeep]
|-damage|p1a: Arceus|82/100|[from] Sandstorm
|upkeep
|c|☆BasakBooster2|oh
|
|t:|1665016011
|switch|p2a: Zacian|Zacian-Crowned|76/100
|-ability|p2a: Zacian|Intrepid Sword|boost
|-boost|p2a: Zacian|atk|1
|turn|16
|c|☆BasakBooster2|u threw?
|
|t:|1665016015
|move|p1a: Arceus|Shadow Claw|p2a: Zacian
|-damage|p2a: Zacian|0 fnt
|faint|p2a: Zacian
|
|-weather|none
|upkeep
|
|t:|1665016020
|switch|p2a: Tyranitar|Tyranitar, M, shiny|100/100
|-weather|Sandstorm|[from] ability: Sand Stream|[of] p2a: Tyranitar
|turn|17
|
|t:|1665016022
|move|p1a: Arceus|Shadow Claw|p2a: Tyranitar
|-resisted|p2a: Tyranitar
|-damage|p2a: Tyranitar|64/100
|move|p2a: Tyranitar|Thunder Wave|p1a: Arceus
|-status|p1a: Arceus|par
|
|-weather|Sandstorm|[upkeep]
|-damage|p1a: Arceus|76/100 par|[from] Sandstorm
|-heal|p2a: Tyranitar|70/100|[from] item: Leftovers
|upkeep
|turn|18
|
|t:|1665016028
|move|p1a: Arceus|Shadow Claw|p2a: Tyranitar
|-resisted|p2a: Tyranitar
|-damage|p2a: Tyranitar|34/100
|move|p2a: Tyranitar|Rock Tomb|p1a: Arceus
|-damage|p1a: Arceus|57/100 par
|-unboost|p1a: Arceus|spe|1
|
|-weather|Sandstorm|[upkeep]
|-damage|p1a: Arceus|51/100 par|[from] Sandstorm
|-heal|p2a: Tyranitar|41/100|[from] item: Leftovers
|upkeep
|turn|19
|
|t:|1665016034
|switch|p2a: Rayquaza|Rayquaza-Mega|100/100
|-weather|DeltaStream|[from] ability: Delta Stream|[of] p2a: Rayquaza
|cant|p1a: Arceus|par
|
|-weather|DeltaStream|[upkeep]
|upkeep
|turn|20
|
|t:|1665016037
|move|p2a: Rayquaza|Dragon Ascent|p1a: Arceus
|-damage|p1a: Arceus|0 fnt
|-unboost|p2a: Rayquaza|def|1
|-unboost|p2a: Rayquaza|spd|1
|faint|p1a: Arceus
|
|-weather|DeltaStream|[upkeep]
|upkeep
|
|t:|1665016042
|switch|p1a: Arceus|Arceus-Fairy|100/100
|-damage|p1a: Arceus|88/100|[from] Stealth Rock
|turn|21
|
|t:|1665016045
|move|p2a: Rayquaza|Dragon Ascent|p1a: Arceus
|-damage|p1a: Arceus|8/100
|-unboost|p2a: Rayquaza|def|1
|-unboost|p2a: Rayquaza|spd|1
|move|p1a: Arceus|Thunder Wave|p2a: Rayquaza
|-status|p2a: Rayquaza|par
|
|-weather|DeltaStream|[upkeep]
|upkeep
|turn|22
|
|t:|1665016050
|move|p1a: Arceus|Judgment|p2a: Rayquaza
|-supereffective|p2a: Rayquaza
|-damage|p2a: Rayquaza|0 fnt
|faint|p2a: Rayquaza
|-weather|none
|
|upkeep
|-message|FenixFyre04 forfeited.
|
|win|BasakBooster2
|raw|BasakBooster2's rating: 1842 &rarr; <strong>1864</strong><br />(+22 for winning)
|raw|FenixFyre04's rating: 1882 &rarr; <strong>1860</strong><br />(-22 for losing)
|l|☆FenixFyre04
||Ladder isn't responding, score probably updated but might not have (Request timeout).
