|j|☆kek1445645
|j|☆diggersboy660
|t:|1659129941
|gametype|singles
|player|p1|kek1445645|101|1845
|player|p2|diggersboy660|n|1806
|teamsize|p1|6
|teamsize|p2|6
|gen|8
|tier|[Gen 8] National Dex AG
|rated|
|rule|HP Percentage Mod: HP is shown in percentages
|rule|Endless Battle Clause: Forcing endless battles is banned
|clearpoke
|poke|p1|Arceus-*|
|poke|p1|Groudon|
|poke|p1|Zacian-*|
|poke|p1|Rayquaza|
|poke|p1|Calyrex-Shadow|
|poke|p1|Yveltal|
|poke|p2|Ditto|
|poke|p2|Diggersby, F|
|poke|p2|Yveltal|
|poke|p2|Arceus-*|
|poke|p2|Calyrex-Ice|
|poke|p2|Eternatus|
|teampreview
|c|☆kek1445645|diggerby tho
|inactive|Battle timer is ON: inactive players will automatically lose when time's up. (requested by diggersboy660)
|
|t:|1659129955
|start
|switch|p1a: Rayquaza|Rayquaza|100/100
|switch|p2a: Diggersby|Diggersby, F|100/100
|-ability|p1a: Rayquaza|Air Lock
|turn|1
|
|t:|1659129960
|detailschange|p1a: Rayquaza|Rayquaza-Mega
|-mega|p1a: Rayquaza|Rayquaza|
|-weather|DeltaStream|[from] ability: Delta Stream|[of] p1a: Rayquaza
|move|p1a: Rayquaza|Dragon Ascent|p2a: Diggersby
|-enditem|p2a: Diggersby|Focus Sash
|-damage|p2a: Diggersby|1/100
|-unboost|p1a: Rayquaza|def|1
|-unboost|p1a: Rayquaza|spd|1
|move|p2a: Diggersby|Flail|p1a: Rayquaza
|-enditem|p1a: Rayquaza|Focus Sash
|-damage|p1a: Rayquaza|1/100
|
|-weather|DeltaStream|[upkeep]
|upkeep
|turn|2
|
|t:|1659129970
|move|p1a: Rayquaza|Extreme Speed|p2a: Diggersby
|-damage|p2a: Diggersby|0 fnt
|faint|p2a: Diggersby
|
|-weather|DeltaStream|[upkeep]
|upkeep
|
|t:|1659129975
|switch|p2a: Eternatus|Eternatus|100/100
|-ability|p2a: Eternatus|Pressure
|turn|3
|
|t:|1659129977
|move|p1a: Rayquaza|Extreme Speed|p2a: Eternatus
|-damage|p2a: Eternatus|74/100
|move|p2a: Eternatus|Mystical Fire|p1a: Rayquaza
|-resisted|p1a: Rayquaza
|-damage|p1a: Rayquaza|0 fnt
|faint|p1a: Rayquaza
|-weather|none
|
|-heal|p2a: Eternatus|80/100|[from] item: Black Sludge
|upkeep
|
|t:|1659129989
|switch|p1a: Zacian|Zacian-Crowned|100/100
|-ability|p1a: Zacian|Intrepid Sword|boost
|-boost|p1a: Zacian|atk|1
|turn|4
|
|t:|1659130007
|switch|p2a: Calyrex|Calyrex-Ice|100/100
|-ability|p2a: Calyrex|As One
|-ability|p2a: Calyrex|Unnerve
|move|p1a: Zacian|Behemoth Blade|p2a: Calyrex
|-supereffective|p2a: Calyrex
|-damage|p2a: Calyrex|0 fnt
|faint|p2a: Calyrex
|
|upkeep
|
|t:|1659130009
|switch|p2a: Ditto|Ditto|100/100
|-transform|p2a: Ditto|p1a: Zacian|[from] ability: Imposter
|-ability|p2a: Ditto|Intrepid Sword|boost
|-boost|p2a: Ditto|atk|1
|turn|5
|
|t:|1659130014
|switch|p1a: Groudon|Groudon|100/100
|detailschange|p1a: Groudon|Groudon-Primal
|-primal|p1a: Groudon
|-weather|DesolateLand|[from] ability: Desolate Land|[of] p1a: Groudon
|move|p2a: Ditto|Behemoth Blade|p1a: Groudon
|-resisted|p1a: Groudon
|-damage|p1a: Groudon|75/100
|
|-weather|DesolateLand|[upkeep]
|upkeep
|turn|6
|
|t:|1659130018
|switch|p2a: Yveltal|Yveltal|100/100
|-ability|p2a: Yveltal|Dark Aura
|move|p1a: Groudon|Stealth Rock|p2a: Yveltal
|-sidestart|p2: diggersboy660|move: Stealth Rock
|
|-weather|DesolateLand|[upkeep]
|upkeep
|turn|7
|
|t:|1659130023
|-start|p2a: Yveltal|Dynamax|
|-heal|p2a: Yveltal|100/100|[silent]
|move|p2a: Yveltal|Max Airstream|p1a: Groudon
|-damage|p1a: Groudon|18/100
|-boost|p2a: Yveltal|spe|1
|move|p1a: Groudon|Stone Edge|p2a: Yveltal
|-supereffective|p2a: Yveltal
|-damage|p2a: Yveltal|63/100
|
|-weather|DesolateLand|[upkeep]
|-heal|p2a: Yveltal|66/100|[from] item: Leftovers
|upkeep
|turn|8
|
|t:|1659130028
|move|p2a: Yveltal|Max Darkness|p1a: Groudon
|-damage|p1a: Groudon|0 fnt
|faint|p1a: Groudon
|-weather|none
|
|-heal|p2a: Yveltal|69/100|[from] item: Leftovers
|upkeep
|
|t:|1659130052
|switch|p1a: Arceus|Arceus|100/100
|turn|9
|
|t:|1659130055
|-start|p1a: Arceus|Dynamax|
|-heal|p1a: Arceus|100/100|[silent]
|move|p1a: Arceus|Max Guard|p1a: Arceus
|-singleturn|p1a: Arceus|Max Guard
|move|p2a: Yveltal|Max Darkness|p1a: Arceus
|-activate|p1a: Arceus|move: Max Guard
|
|-heal|p2a: Yveltal|72/100|[from] item: Leftovers
|upkeep
|-end|p2a: Yveltal|Dynamax
|-heal|p2a: Yveltal|72/100|[silent]
|turn|10
|
|t:|1659130060
|move|p2a: Yveltal|Oblivion Wing|p1a: Arceus
|-damage|p1a: Arceus|86/100
|-heal|p2a: Yveltal|96/100|[from] drain|[of] p1a: Arceus
|move|p1a: Arceus|Max Strike|p2a: Yveltal
|-damage|p2a: Yveltal|38/100
|-unboost|p2a: Yveltal|spe|1
|
|-heal|p2a: Yveltal|44/100|[from] item: Leftovers
|upkeep
|turn|11
|
|t:|1659130062
|move|p2a: Yveltal|Oblivion Wing|p1a: Arceus
|-damage|p1a: Arceus|72/100
|-heal|p2a: Yveltal|68/100|[from] drain|[of] p1a: Arceus
|move|p1a: Arceus|Max Strike|p2a: Yveltal
|-damage|p2a: Yveltal|6/100
|-unboost|p2a: Yveltal|spe|1
|
|-heal|p2a: Yveltal|12/100|[from] item: Leftovers
|upkeep
|-end|p1a: Arceus|Dynamax
|-heal|p1a: Arceus|72/100|[silent]
|turn|12
|
|t:|1659130065
|move|p1a: Arceus|Extreme Speed|p2a: Yveltal
|-damage|p2a: Yveltal|0 fnt
|faint|p2a: Yveltal
|
|upkeep
|
|t:|1659130066
|switch|p2a: Eternatus|Eternatus|80/100
|-damage|p2a: Eternatus|68/100|[from] Stealth Rock
|-ability|p2a: Eternatus|Pressure
|turn|13
|
|t:|1659130069
|move|p2a: Eternatus|Cosmic Power|p2a: Eternatus
|-boost|p2a: Eternatus|def|1
|-boost|p2a: Eternatus|spd|1
|move|p1a: Arceus|Swords Dance|p1a: Arceus
|-boost|p1a: Arceus|atk|2
|
|-heal|p2a: Eternatus|74/100|[from] item: Black Sludge
|upkeep
|turn|14
|
|t:|1659130075
|move|p1a: Arceus|Extreme Speed|p2a: Eternatus
|-damage|p2a: Eternatus|31/100
|move|p2a: Eternatus|Toxic|p1a: Arceus
|-status|p1a: Arceus|tox
|
|-heal|p2a: Eternatus|37/100|[from] item: Black Sludge
|-damage|p1a: Arceus|66/100 tox|[from] psn
|upkeep
|turn|15
|c|☆kek1445645|o its that set
|
|t:|1659130085
|switch|p2a: Ditto|Ditto|100/100
|-damage|p2a: Ditto|88/100|[from] Stealth Rock
|-transform|p2a: Ditto|p1a: Arceus|[from] ability: Imposter
|move|p1a: Arceus|Extreme Speed|p2a: Ditto
|-damage|p2a: Ditto|1/100
|
|-damage|p1a: Arceus|54/100 tox|[from] psn
|upkeep
|turn|16
|
|t:|1659130091
|move|p2a: Ditto|Extreme Speed|p1a: Arceus
|-damage|p1a: Arceus|0 fnt
|faint|p1a: Arceus
|
|upkeep
|
|t:|1659130093
|switch|p1a: Calyrex|Calyrex-Shadow|100/100
|-ability|p1a: Calyrex|As One
|-ability|p1a: Calyrex|Unnerve
|turn|17
|
|t:|1659130099
|switch|p2a: Eternatus|Eternatus|37/100
|-damage|p2a: Eternatus|25/100|[from] Stealth Rock
|-ability|p2a: Eternatus|Pressure
|move|p1a: Calyrex|Psyshock|p2a: Eternatus
|-supereffective|p2a: Eternatus
|-damage|p2a: Eternatus|0 fnt
|faint|p2a: Eternatus
|-ability|p1a: Calyrex|Grim Neigh|boost
|-boost|p1a: Calyrex|spa|1
|
|upkeep
|
|t:|1659130101
|switch|p2a: Arceus|Arceus|100/100
|-damage|p2a: Arceus|88/100|[from] Stealth Rock
|turn|18
|
|t:|1659130110
|switch|p1a: Zacian|Zacian-Crowned|100/100
|-ability|p1a: Zacian|Intrepid Sword|boost
|-boost|p1a: Zacian|atk|1
|move|p2a: Arceus|Shadow Claw|p1a: Zacian
|-damage|p1a: Zacian|78/100
|
|upkeep
|turn|19
|
|t:|1659130118
|move|p1a: Zacian|Close Combat|p2a: Arceus
|-supereffective|p2a: Arceus
|-damage|p2a: Arceus|0 fnt
|-unboost|p1a: Zacian|def|1
|-unboost|p1a: Zacian|spd|1
|faint|p2a: Arceus
|
|upkeep
|
|t:|1659130119
|switch|p2a: Ditto|Ditto|1/100
|-damage|p2a: Ditto|0 fnt|[from] Stealth Rock
|faint|p2a: Ditto
|
|win|kek1445645
|raw|kek1445645's rating: 1845 &rarr; <strong>1863</strong><br />(+18 for winning)
|raw|diggersboy660's rating: 1806 &rarr; <strong>1788</strong><br />(-18 for losing)
|l|☆diggersboy660
||Ladder isn't responding, score probably updated but might not have (Request timeout).
