|j|☆RUiNtheExtinct
|j|☆Blackstar152001
|t:|1665248817
|gametype|singles
|player|p1|RUiNtheExtinct|red-gen7|1826
|player|p2|Blackstar152001|blue-gen3two|1929
|teamsize|p1|6
|teamsize|p2|6
|gen|8
|tier|[Gen 8] National Dex AG
|rated|
|rule|HP Percentage Mod: HP is shown in percentages
|rule|Endless Battle Clause: Forcing endless battles is banned
|clearpoke
|poke|p1|Groudon|
|poke|p1|Ditto|
|poke|p1|Rayquaza|
|poke|p1|Yveltal|
|poke|p1|Smeargle, M|
|poke|p1|Arceus-*|
|poke|p2|Rayquaza|
|poke|p2|Groudon|
|poke|p2|Kyogre|
|poke|p2|Arceus-*|
|poke|p2|Ditto|
|poke|p2|Arceus-*|
|teampreview
|inactive|Battle timer is ON: inactive players will automatically lose when time's up. (requested by Blackstar152001)
|
|t:|1665248840
|start
|switch|p1a: Groudon|Groudon|100/100
|switch|p2a: Ditto|Ditto, shiny|100/100
|-transform|p2a: Ditto|p1a: Groudon|[from] ability: Imposter
|-weather|SunnyDay|[from] ability: Drought|[of] p2a: Ditto
|detailschange|p1a: Groudon|Groudon-Primal
|-primal|p1a: Groudon
|-weather|DesolateLand|[from] ability: Desolate Land|[of] p1a: Groudon
|turn|1
|
|t:|1665248846
|move|p2a: Ditto|Stealth Rock|p1a: Groudon
|-sidestart|p1: RUiNtheExtinct|move: Stealth Rock
|move|p1a: Groudon|Stealth Rock|p2a: Ditto
|-sidestart|p2: Blackstar152001|move: Stealth Rock
|
|-weather|DesolateLand|[upkeep]
|upkeep
|turn|2
|
|t:|1665248858
|switch|p2a: Kyogre|Kyogre|100/100
|-damage|p2a: Kyogre|88/100|[from] Stealth Rock
|detailschange|p2a: Kyogre|Kyogre-Primal
|-primal|p2a: Kyogre
|-weather|PrimordialSea|[from] ability: Primordial Sea|[of] p2a: Kyogre
|switch|p1a: Smeargle|Smeargle, M|100/100
|-damage|p1a: Smeargle|88/100|[from] Stealth Rock
|
|-weather|PrimordialSea|[upkeep]
|-ability|p1a: Smeargle|Moody|boost
|-boost|p1a: Smeargle|spd|2
|-unboost|p1a: Smeargle|spa|1
|upkeep
|turn|3
|
|t:|1665248865
|move|p1a: Smeargle|Spore|p2a: Kyogre
|-status|p2a: Kyogre|slp|[from] move: Spore
|cant|p2a: Kyogre|slp
|move|p2a: Kyogre|Sleep Talk|p2a: Kyogre
|move|p2a: Kyogre|Calm Mind|p2a: Kyogre|[from]move: Sleep Talk
|-boost|p2a: Kyogre|spa|1
|-boost|p2a: Kyogre|spd|1
|
|-weather|PrimordialSea|[upkeep]
|-ability|p1a: Smeargle|Moody|boost
|-boost|p1a: Smeargle|spd|2
|-unboost|p1a: Smeargle|def|1
|upkeep
|turn|4
|
|t:|1665248870
|move|p1a: Smeargle|Substitute|p1a: Smeargle
|-start|p1a: Smeargle|Substitute
|-damage|p1a: Smeargle|63/100
|cant|p2a: Kyogre|slp
|move|p2a: Kyogre|Sleep Talk|p2a: Kyogre
|move|p2a: Kyogre|Rest||[from]move: Sleep Talk|[still]
|-fail|p2a: Kyogre
|
|-weather|PrimordialSea|[upkeep]
|-ability|p1a: Smeargle|Moody|boost
|-boost|p1a: Smeargle|spd|2
|-unboost|p1a: Smeargle|atk|1
|upkeep
|turn|5
|
|t:|1665248877
|move|p1a: Smeargle|Shell Smash|p1a: Smeargle
|-unboost|p1a: Smeargle|def|1
|-unboost|p1a: Smeargle|spd|1
|-boost|p1a: Smeargle|atk|2
|-boost|p1a: Smeargle|spa|2
|-boost|p1a: Smeargle|spe|2
|-curestatus|p2a: Kyogre|slp|[msg]
|move|p2a: Kyogre|Surf|p1a: Smeargle
|-end|p1a: Smeargle|Substitute
|
|-weather|PrimordialSea|[upkeep]
|-ability|p1a: Smeargle|Moody|boost
|-boost|p1a: Smeargle|spe|2
|-unboost|p1a: Smeargle|spa|1
|upkeep
|turn|6
|
|t:|1665248880
|move|p1a: Smeargle|Spore|p2a: Kyogre
|-status|p2a: Kyogre|slp|[from] move: Spore
|cant|p2a: Kyogre|slp
|move|p2a: Kyogre|Sleep Talk|p2a: Kyogre
|move|p2a: Kyogre|Calm Mind|p2a: Kyogre|[from]move: Sleep Talk
|-boost|p2a: Kyogre|spa|1
|-boost|p2a: Kyogre|spd|1
|
|-weather|PrimordialSea|[upkeep]
|-ability|p1a: Smeargle|Moody|boost
|-boost|p1a: Smeargle|spd|1
|-unboost|p1a: Smeargle|spe|1
|upkeep
|turn|7
|
|t:|1665248889
|move|p1a: Smeargle|Substitute|p1a: Smeargle
|-start|p1a: Smeargle|Substitute
|-damage|p1a: Smeargle|38/100
|-curestatus|p2a: Kyogre|slp|[msg]
|move|p2a: Kyogre|Sleep Talk||[still]
|-fail|p2a: Kyogre
|
|-weather|PrimordialSea|[upkeep]
|-ability|p1a: Smeargle|Moody|boost
|-boost|p1a: Smeargle|def|2
|-unboost|p1a: Smeargle|spe|1
|upkeep
|turn|8
|
|t:|1665248893
|move|p1a: Smeargle|Baton Pass|p1a: Smeargle
|
|t:|1665248896
|switch|p1a: Rayquaza|Rayquaza|100/100|[from]move: Baton Pass
|-damage|p1a: Rayquaza|76/100|[from] Stealth Rock
|-ability|p1a: Rayquaza|Air Lock
|move|p2a: Kyogre|Sleep Talk||[still]
|-fail|p2a: Kyogre
|
|-weather|PrimordialSea|[upkeep]
|upkeep
|turn|9
|
|t:|1665248906
|detailschange|p1a: Rayquaza|Rayquaza-Mega
|-mega|p1a: Rayquaza|Rayquaza|
|-weather|DeltaStream|[from] ability: Delta Stream|[of] p1a: Rayquaza
|move|p1a: Rayquaza|Dragon Ascent|p2a: Kyogre
|-damage|p2a: Kyogre|0 fnt
|-unboost|p1a: Rayquaza|def|1
|-unboost|p1a: Rayquaza|spd|1
|faint|p2a: Kyogre
|-damage|p1a: Rayquaza|66/100|[from] item: Life Orb
|
|-weather|DeltaStream|[upkeep]
|upkeep
|
|t:|1665248923
|switch|p2a: Rayquaza|Rayquaza, shiny|100/100
|-damage|p2a: Rayquaza|76/100|[from] Stealth Rock
|-ability|p2a: Rayquaza|Air Lock
|turn|10
|
|t:|1665248935
|detailschange|p2a: Rayquaza|Rayquaza-Mega, shiny
|-mega|p2a: Rayquaza|Rayquaza|
|move|p1a: Rayquaza|Extreme Speed|p2a: Rayquaza
|-damage|p2a: Rayquaza|5/100
|-damage|p1a: Rayquaza|56/100|[from] item: Life Orb
|move|p2a: Rayquaza|Extreme Speed|p1a: Rayquaza
|-crit|p1a: Rayquaza
|-end|p1a: Rayquaza|Substitute
|-damage|p2a: Rayquaza|0 fnt|[from] item: Life Orb
|faint|p2a: Rayquaza
|
|-weather|DeltaStream|[upkeep]
|upkeep
|
|t:|1665248940
|switch|p2a: Ditto|Ditto, shiny|100/100
|-damage|p2a: Ditto|88/100|[from] Stealth Rock
|-transform|p2a: Ditto|p1a: Rayquaza|[from] ability: Imposter
|turn|11
|
|t:|1665248948
|move|p2a: Ditto|Extreme Speed|p1a: Rayquaza
|-crit|p1a: Rayquaza
|-damage|p1a: Rayquaza|0 fnt
|faint|p1a: Rayquaza
|
|-weather|DeltaStream|[upkeep]
|upkeep
|
|t:|1665248952
|switch|p1a: Groudon|Groudon-Primal|100/100
|-damage|p1a: Groudon|88/100|[from] Stealth Rock
|-weather|DesolateLand|[from] ability: Desolate Land|[of] p1a: Groudon
|turn|12
|
|t:|1665248960
|switch|p2a: Arceus|Arceus-Fairy|100/100
|-damage|p2a: Arceus|88/100|[from] Stealth Rock
|move|p1a: Groudon|Rock Tomb|p2a: Arceus
|-damage|p2a: Arceus|68/100
|-unboost|p2a: Arceus|spe|1
|
|-weather|DesolateLand|[upkeep]
|upkeep
|turn|13
|
|t:|1665248962
|move|p1a: Groudon|Earthquake|p2a: Arceus
|-damage|p2a: Arceus|16/100
|move|p2a: Arceus|Toxic|p1a: Groudon
|-status|p1a: Groudon|tox
|
|-weather|DesolateLand|[upkeep]
|-damage|p1a: Groudon|82/100 tox|[from] psn
|upkeep
|turn|14
|
|t:|1665248966
|move|p1a: Groudon|Earthquake|p2a: Arceus
|-damage|p2a: Arceus|0 fnt
|faint|p2a: Arceus
|
|-weather|DesolateLand|[upkeep]
|-damage|p1a: Groudon|70/100 tox|[from] psn
|upkeep
|
|t:|1665248976
|switch|p2a: Groudon|Groudon|100/100
|-damage|p2a: Groudon|94/100|[from] Stealth Rock
|detailschange|p2a: Groudon|Groudon-Primal
|-primal|p2a: Groudon
|turn|15
|
|t:|1665248987
|switch|p1a: Smeargle|Smeargle, M|38/100
|-damage|p1a: Smeargle|26/100|[from] Stealth Rock
|move|p2a: Groudon|Substitute|p2a: Groudon
|-start|p2a: Groudon|Substitute
|-damage|p2a: Groudon|69/100
|
|-weather|DesolateLand|[upkeep]
|-ability|p1a: Smeargle|Moody|boost
|-boost|p1a: Smeargle|spa|2
|-unboost|p1a: Smeargle|atk|1
|upkeep
|turn|16
|
|t:|1665248996
|move|p2a: Groudon|Swords Dance|p2a: Groudon
|-boost|p2a: Groudon|atk|2
|move|p1a: Smeargle|Substitute|p1a: Smeargle
|-start|p1a: Smeargle|Substitute
|-damage|p1a: Smeargle|1/100
|
|-weather|DesolateLand|[upkeep]
|-ability|p1a: Smeargle|Moody|boost
|-boost|p1a: Smeargle|spa|2
|-unboost|p1a: Smeargle|def|1
|upkeep
|turn|17
|
|t:|1665249005
|move|p2a: Groudon|Earthquake|p1a: Smeargle
|-end|p1a: Smeargle|Substitute
|move|p1a: Smeargle|Shell Smash|p1a: Smeargle
|-unboost|p1a: Smeargle|def|1
|-unboost|p1a: Smeargle|spd|1
|-boost|p1a: Smeargle|atk|2
|-boost|p1a: Smeargle|spa|2
|-boost|p1a: Smeargle|spe|2
|
|-weather|DesolateLand|[upkeep]
|-ability|p1a: Smeargle|Moody|boost
|-boost|p1a: Smeargle|spe|2
|-unboost|p1a: Smeargle|spd|1
|upkeep
|turn|18
|
|t:|1665249012
|move|p1a: Smeargle|Baton Pass|p1a: Smeargle
|
|t:|1665249015
|switch|p1a: Ditto|Ditto|100/100|[from]move: Baton Pass
|-damage|p1a: Ditto|88/100|[from] Stealth Rock
|move|p2a: Groudon|Rock Tomb|p1a: Ditto
|-damage|p1a: Ditto|0 fnt
|faint|p1a: Ditto
|
|-weather|DesolateLand|[upkeep]
|upkeep
|
|t:|1665249019
|switch|p1a: Yveltal|Yveltal|100/100
|-damage|p1a: Yveltal|76/100|[from] Stealth Rock
|-ability|p1a: Yveltal|Dark Aura
|turn|19
|
|t:|1665249022
|move|p2a: Groudon|Rock Tomb|p1a: Yveltal
|-supereffective|p1a: Yveltal
|-damage|p1a: Yveltal|0 fnt
|faint|p1a: Yveltal
|
|-weather|DesolateLand|[upkeep]
|upkeep
|
|t:|1665249026
|switch|p1a: Arceus|Arceus-Flying|100/100
|-damage|p1a: Arceus|76/100|[from] Stealth Rock
|turn|20
|
|t:|1665249029
|-start|p1a: Arceus|Dynamax|
|-heal|p1a: Arceus|76/100|[silent]
|move|p2a: Groudon|Rock Tomb|p1a: Arceus
|-supereffective|p1a: Arceus
|-damage|p1a: Arceus|41/100
|-unboost|p1a: Arceus|spe|1
|move|p1a: Arceus|Max Airstream|p2a: Groudon
|-end|p2a: Groudon|Substitute
|-boost|p1a: Arceus|spe|1
|
|-weather|DesolateLand|[upkeep]
|upkeep
|turn|21
|
|t:|1665249036
|move|p2a: Groudon|Rock Tomb|p1a: Arceus
|-supereffective|p1a: Arceus
|-damage|p1a: Arceus|2/100
|-unboost|p1a: Arceus|spe|1
|move|p1a: Arceus|Max Quake|p2a: Groudon
|-supereffective|p2a: Groudon
|-damage|p2a: Groudon|11/100
|-boost|p1a: Arceus|spd|1
|
|-weather|DesolateLand|[upkeep]
|upkeep
|turn|22
|-message|RUiNtheExtinct forfeited.
|
|win|Blackstar152001
|raw|RUiNtheExtinct's rating: 1826 &rarr; <strong>1812</strong><br />(-14 for losing)
|raw|Blackstar152001's rating: 1929 &rarr; <strong>1943</strong><br />(+14 for winning)
|l|☆RUiNtheExtinct
