|j|☆Demon Sword 67
|j|☆SyaNinja
|t:|1651445507
|gametype|singles
|player|p1|Demon Sword 67|shauntal|1203
|player|p2|SyaNinja|ghetsis-gen5bw|1297
|teamsize|p1|6
|teamsize|p2|6
|gen|8
|tier|[Gen 8] National Dex AG
|rated|
|rule|HP Percentage Mod: HP is shown in percentages
|rule|Endless Battle Clause: Forcing endless battles is banned
|clearpoke
|poke|p1|Dragapult, M|
|poke|p1|Chandelure, F|
|poke|p1|Froslass, F|
|poke|p1|Golurk|
|poke|p1|Gengar, M|
|poke|p1|Aegislash, M|
|poke|p2|Marshadow|
|poke|p2|Rotom-Heat|
|poke|p2|Aerodactyl, M|
|poke|p2|Dracovish|
|poke|p2|Butterfree, F|
|poke|p2|Cottonee, L1, M|
|teampreview
|
|t:|1651445514
|start
|switch|p1a: Cannon|Dragapult, M|100/100
|switch|p2a: Aerodactyl|Aerodactyl, M|100/100
|-ability|p2a: Aerodactyl|Pressure
|turn|1
|
|t:|1651445526
|move|p2a: Aerodactyl|Tailwind|p2a: Aerodactyl
|-sidestart|p2: SyaNinja|move: Tailwind
|move|p1a: Cannon|Dragon Darts|p2a: Aerodactyl
|-damage|p2a: Aerodactyl|48/100
|-anim|p1a: Cannon|Dragon Darts|p2a: Aerodactyl
|-damage|p2a: Aerodactyl|0 fnt
|faint|p2a: Aerodactyl
|-damage|p1a: Cannon|91/100|[from] item: Life Orb
|
|upkeep
|
|t:|1651445536
|switch|p2a: Butterfree|Butterfree, F|100/100
|turn|2
|
|t:|1651445541
|move|p2a: Butterfree|Sleep Powder|p1a: Cannon
|-status|p1a: Cannon|slp|[from] move: Sleep Powder
|cant|p1a: Cannon|slp
|
|upkeep
|turn|3
|
|t:|1651445548
|move|p2a: Butterfree|Substitute|p2a: Butterfree
|-start|p2a: Butterfree|Substitute
|-damage|p2a: Butterfree|76/100
|cant|p1a: Cannon|slp
|
|-heal|p2a: Butterfree|82/100|[from] item: Leftovers
|upkeep
|turn|4
|
|t:|1651445554
|move|p2a: Butterfree|Quiver Dance|p2a: Butterfree
|-boost|p2a: Butterfree|spa|1
|-boost|p2a: Butterfree|spd|1
|-boost|p2a: Butterfree|spe|1
|cant|p1a: Cannon|slp
|
|-heal|p2a: Butterfree|88/100|[from] item: Leftovers
|-sideend|p2: SyaNinja|move: Tailwind
|upkeep
|turn|5
|
|t:|1651445560
|move|p2a: Butterfree|Quiver Dance|p2a: Butterfree
|-boost|p2a: Butterfree|spa|1
|-boost|p2a: Butterfree|spd|1
|-boost|p2a: Butterfree|spe|1
|-curestatus|p1a: Cannon|slp|[msg]
|move|p1a: Cannon|Dragon Dance|p1a: Cannon
|-boost|p1a: Cannon|atk|1
|-boost|p1a: Cannon|spe|1
|
|-heal|p2a: Butterfree|94/100|[from] item: Leftovers
|upkeep
|turn|6
|
|t:|1651445567
|move|p1a: Cannon|Dragon Darts|p2a: Butterfree
|-damage|p2a: Butterfree|0 fnt
|faint|p2a: Butterfree
|-damage|p1a: Cannon|81/100|[from] item: Life Orb
|
|upkeep
|
|t:|1651445572
|switch|p2a: Marshadow|Marshadow|100/100
|turn|7
|
|t:|1651445576
|move|p1a: Cannon|Dragon Darts|p2a: Marshadow
|-damage|p2a: Marshadow|33/100
|-anim|p1a: Cannon|Dragon Darts|p2a: Marshadow
|-damage|p2a: Marshadow|0 fnt
|faint|p2a: Marshadow
|-damage|p1a: Cannon|71/100|[from] item: Life Orb
|
|upkeep
|-message|SyaNinja forfeited.
|
|win|Demon Sword 67
|raw|Demon Sword 67's rating: 1203 &rarr; <strong>1235</strong><br />(+32 for winning)
|raw|SyaNinja's rating: 1297 &rarr; <strong>1265</strong><br />(-32 for losing)
|l|☆SyaNinja
