|j|☆Glaliegoesboom ❤
|j|☆AligningStars
|t:|1659596190
|gametype|singles
|player|p1|Glaliegoesboom ❤|265|
|player|p2|AligningStars|102|
|teamsize|p1|6
|teamsize|p2|6
|gen|8
|tier|[Gen 8] National Dex AG
|rule|HP Percentage Mod: HP is shown in percentages
|rule|Endless Battle Clause: Forcing endless battles is banned
|clearpoke
|poke|p1|Hatterene, F|
|poke|p1|Calyrex-Ice|
|poke|p1|Dracovish|
|poke|p1|Alakazam, M|
|poke|p1|Melmetal|
|poke|p1|Camerupt, F|
|poke|p2|Volcarona, F|
|poke|p2|Palkia|
|poke|p2|Diancie|
|poke|p2|Heracross, F|
|poke|p2|Vivillon, F|
|poke|p2|Galvantula, M|
|teampreview
|inactive|Battle timer is ON: inactive players will automatically lose when time's up. (requested by Glaliegoesboom ❤)
|
|t:|1659596199
|start
|switch|p1a: Hatterene|Hatterene, F|100/100
|switch|p2a: Galvantula|Galvantula, M|100/100
|turn|1
|
|t:|1659596203
|move|p2a: Galvantula|Thunder|p1a: Hatterene
|-damage|p1a: Hatterene|50/100
|-status|p1a: Hatterene|par
|move|p1a: Hatterene|Trick Room|p1a: Hatterene
|-fieldstart|move: Trick Room|[of] p1a: Hatterene
|
|upkeep
|turn|2
|
|t:|1659596208
|move|p1a: Hatterene|Misty Explosion|p2a: Galvantula
|-enditem|p2a: Galvantula|Focus Sash
|-damage|p2a: Galvantula|1/100
|faint|p1a: Hatterene
|move|p2a: Galvantula|Thunder|p1: Hatterene|[notarget]
|-fail|p2a: Galvantula
|
|upkeep
|
|t:|1659596215
|switch|p1a: Calyrex|Calyrex-Ice|100/100
|-ability|p1a: Calyrex|As One
|-ability|p1a: Calyrex|Unnerve
|turn|3
|
|t:|1659596228
|move|p1a: Calyrex|Glacial Lance|p2a: Galvantula
|-damage|p2a: Galvantula|0 fnt
|faint|p2a: Galvantula
|-ability|p1a: Calyrex|Chilling Neigh|boost
|-boost|p1a: Calyrex|atk|1
|-damage|p1a: Calyrex|91/100|[from] item: Life Orb
|
|upkeep
|
|t:|1659596231
|switch|p2a: Diancie|Diancie|100/100
|turn|4
|
|t:|1659596239
|detailschange|p2a: Diancie|Diancie-Mega
|-mega|p2a: Diancie|Diancie|Diancite
|move|p1a: Calyrex|High Horsepower|p2a: Diancie
|-supereffective|p2a: Diancie
|-damage|p2a: Diancie|0 fnt
|faint|p2a: Diancie
|-ability|p1a: Calyrex|Chilling Neigh|boost
|-boost|p1a: Calyrex|atk|1
|-damage|p1a: Calyrex|81/100|[from] item: Life Orb
|
|upkeep
|
|t:|1659596247
|switch|p2a: Palkia|Palkia|100/100
|-ability|p2a: Palkia|Pressure
|turn|5
|
|t:|1659596251
|move|p1a: Calyrex|Glacial Lance|p2a: Palkia
|-damage|p2a: Palkia|0 fnt
|faint|p2a: Palkia
|-ability|p1a: Calyrex|Chilling Neigh|boost
|-boost|p1a: Calyrex|atk|1
|-damage|p1a: Calyrex|71/100|[from] item: Life Orb
|
|-fieldend|move: Trick Room
|upkeep
|inactive|AligningStars has 270 seconds left.
|
|t:|1659596310
|switch|p2a: Vivillon|Vivillon, F|100/100
|turn|6
|
|t:|1659596318
|switch|p1a: Alakazam|Alakazam, M|100/100
|move|p2a: Vivillon|Sleep Powder|p1a: Alakazam
|-status|p1a: Alakazam|slp|[from] move: Sleep Powder
|
|upkeep
|turn|7
|j| USPTEmperorLunarai
|
|t:|1659596326
|move|p2a: Vivillon|Substitute|p2a: Vivillon
|-start|p2a: Vivillon|Substitute
|-damage|p2a: Vivillon|76/100
|cant|p1a: Alakazam|slp
|
|upkeep
|turn|8
|
|t:|1659596332
|move|p2a: Vivillon|Quiver Dance|p2a: Vivillon
|-boost|p2a: Vivillon|spa|1
|-boost|p2a: Vivillon|spd|1
|-boost|p2a: Vivillon|spe|1
|-curestatus|p1a: Alakazam|slp|[msg]
|move|p1a: Alakazam|Trick Room|p1a: Alakazam
|-fieldstart|move: Trick Room|[of] p1a: Alakazam
|
|upkeep
|turn|9
|inactive|AligningStars has 270 seconds left.
|
|t:|1659596344
|move|p1a: Alakazam|Encore|p2a: Vivillon
|-start|p2a: Vivillon|Encore
|move|p2a: Vivillon|Quiver Dance|p2a: Vivillon
|-boost|p2a: Vivillon|spa|1
|-boost|p2a: Vivillon|spd|1
|-boost|p2a: Vivillon|spe|1
|
|upkeep
|turn|10
|inactive|AligningStars has 270 seconds left.
|
|t:|1659596350
|-end|p2a: Vivillon|Substitute
|-start|p2a: Vivillon|Dynamax|
|-heal|p2a: Vivillon|76/100|[silent]
|move|p2a: Vivillon|Max Airstream|p1a: Alakazam
|-enditem|p1a: Alakazam|Focus Sash
|-damage|p1a: Alakazam|1/100
|-boost|p2a: Vivillon|spe|1
|move|p1a: Alakazam|Teleport|p1a: Alakazam
|
|t:|1659596356
|switch|p1a: Calyrex|Calyrex-Ice|71/100|[from]move: Teleport
|-ability|p1a: Calyrex|As One
|-ability|p1a: Calyrex|Unnerve
|
|upkeep
|turn|11
|c| USPTEmperorLunarai|Ri
|
|t:|1659596365
|move|p1a: Calyrex|Glacial Lance|p2a: Vivillon
|-supereffective|p2a: Vivillon
|-damage|p2a: Vivillon|0 fnt
|faint|p2a: Vivillon
|-ability|p1a: Calyrex|Chilling Neigh|boost
|-boost|p1a: Calyrex|atk|1
|-damage|p1a: Calyrex|61/100|[from] item: Life Orb
|
|upkeep
|l| USPTEmperorLunarai
|
|t:|1659596370
|switch|p2a: Heracross|Heracross, F|100/100
|turn|12
|
|t:|1659596378
|move|p1a: Calyrex|Glacial Lance|p2a: Heracross
|-damage|p2a: Heracross|0 fnt
|faint|p2a: Heracross
|-ability|p1a: Calyrex|Chilling Neigh|boost
|-boost|p1a: Calyrex|atk|1
|-damage|p1a: Calyrex|51/100|[from] item: Life Orb
|
|-fieldend|move: Trick Room
|upkeep
|c|☆AligningStars|calyex kill me
|
|t:|1659596389
|switch|p2a: Volcarona|Volcarona, F|100/100
|turn|13
|
|t:|1659596393
|move|p2a: Volcarona|Fiery Dance|p1a: Calyrex
|-supereffective|p1a: Calyrex
|-damage|p1a: Calyrex|0 fnt
|-boost|p2a: Volcarona|spa|1
|faint|p1a: Calyrex
|
|upkeep
|
|t:|1659596400
|switch|p1a: Camerupt|Camerupt, F|100/100
|turn|14
|
|t:|1659596405
|detailschange|p1a: Camerupt|Camerupt-Mega, F
|-mega|p1a: Camerupt|Camerupt|Cameruptite
|move|p2a: Volcarona|Quiver Dance|p2a: Volcarona
|-boost|p2a: Volcarona|spa|1
|-boost|p2a: Volcarona|spd|1
|-boost|p2a: Volcarona|spe|1
|move|p1a: Camerupt|Ancient Power|p2a: Volcarona
|-supereffective|p2a: Volcarona
|-crit|p2a: Volcarona
|-damage|p2a: Volcarona|0 fnt
|faint|p2a: Volcarona
|
|win|Glaliegoesboom ❤
|c|☆AligningStars|gg
|c|☆Glaliegoesboom ❤|Gg
