|j|☆kasak
|j|☆EndlessUnivxrse
|t:|1609606613
|player|p1|kasak|youngster-gen4|1344
|player|p2|EndlessUnivxrse|ghetsis|1237
|teamsize|p1|6
|teamsize|p2|6
|gametype|singles
|gen|8
|tier|[Gen 8] National Dex AG
|rated|
|clearpoke
|poke|p1|Celesteela|
|poke|p1|Lanturn, F|
|poke|p1|Arceus-*|
|poke|p1|Corsola-Galar, M|
|poke|p1|Cresselia, F|
|poke|p1|Blissey, F|
|poke|p2|Barraskewda, M|
|poke|p2|Dracovish|
|poke|p2|Pelipper, F|
|poke|p2|Rotom-Wash|
|poke|p2|Swampert, M|
|poke|p2|Toxapex, F|
|rule|HP Percentage Mod: HP is shown in percentages
|rule|Endless Battle Clause: Forcing endless battles is banned
|teampreview
|
|t:|1609606634
|start
|switch|p1a: 코산호|Corsola-Galar, M|100/100
|switch|p2a: Toxapex|Toxapex, F|100/100
|turn|1
|
|t:|1609606641
|move|p2a: Toxapex|Toxic|p1a: 코산호
|-status|p1a: 코산호|tox
|move|p1a: 코산호|Stealth Rock|p2a: Toxapex
|-sidestart|p2: EndlessUnivxrse|move: Stealth Rock
|
|-damage|p1a: 코산호|94/100 tox|[from] psn
|upkeep
|turn|2
|
|t:|1609606650
|switch|p2a: Pelipper|Pelipper, F|100/100
|-damage|p2a: Pelipper|76/100|[from] Stealth Rock
|-weather|RainDance|[from] ability: Drizzle|[of] p2a: Pelipper
|switch|p1a: 철화구야|Celesteela|100/100
|
|-weather|RainDance|[upkeep]
|upkeep
|turn|3
|
|t:|1609606663
|switch|p1a: 랜턴|Lanturn, F|100/100
|move|p2a: Pelipper|Hydro Pump|p1a: 랜턴
|-resisted|p1a: 랜턴
|-damage|p1a: 랜턴|82/100
|
|-weather|RainDance|[upkeep]
|-heal|p1a: 랜턴|88/100|[from] item: Leftovers
|upkeep
|turn|4
|
|t:|1609606673
|switch|p2a: Swampert|Swampert, M|100/100
|-damage|p2a: Swampert|94/100|[from] Stealth Rock
|move|p1a: 랜턴|Toxic|p2a: Swampert
|-status|p2a: Swampert|tox
|
|-weather|RainDance|[upkeep]
|-heal|p1a: 랜턴|95/100|[from] item: Leftovers
|-damage|p2a: Swampert|88/100 tox|[from] psn
|upkeep
|turn|5
|
|t:|1609606688
|switch|p1a: 철화구야|Celesteela|100/100
|detailschange|p2a: Swampert|Swampert-Mega, M
|-mega|p2a: Swampert|Swampert|Swampertite
|move|p2a: Swampert|Stealth Rock|p1a: 철화구야
|-sidestart|p1: kasak|move: Stealth Rock
|
|-weather|RainDance|[upkeep]
|-damage|p2a: Swampert|76/100 tox|[from] psn
|upkeep
|turn|6
|
|t:|1609606697
|move|p2a: Swampert|Waterfall|p1a: 철화구야
|-damage|p1a: 철화구야|58/100
|-damage|p2a: Swampert|59/100 tox|[from] item: Rocky Helmet|[of] p1a: 철화구야
|cant|p1a: 철화구야|flinch
|
|-weather|RainDance|[upkeep]
|-damage|p2a: Swampert|41/100 tox|[from] psn
|upkeep
|turn|7
|
|t:|1609606712
|move|p1a: 철화구야|Protect|p1a: 철화구야
|-singleturn|p1a: 철화구야|Protect
|move|p2a: Swampert|Waterfall|p1a: 철화구야
|-activate|p1a: 철화구야|move: Protect
|
|-weather|RainDance|[upkeep]
|-damage|p2a: Swampert|16/100 tox|[from] psn
|upkeep
|turn|8
|
|t:|1609606721
|move|p2a: Swampert|Waterfall|p1a: 철화구야
|-damage|p1a: 철화구야|15/100
|-damage|p2a: Swampert|0 fnt|[from] item: Rocky Helmet|[of] p1a: 철화구야
|faint|p2a: Swampert
|move|p1a: 철화구야|Leech Seed|p2: Swampert|[notarget]
|-fail|p1a: 철화구야
|
|-weather|RainDance|[upkeep]
|upkeep
|
|t:|1609606733
|switch|p2a: Rotom|Rotom-Wash|100/100
|-damage|p2a: Rotom|88/100|[from] Stealth Rock
|turn|9
|
|t:|1609606738
|switch|p1a: 랜턴|Lanturn, F|95/100
|-damage|p1a: 랜턴|82/100|[from] Stealth Rock
|move|p2a: Rotom|Hydro Pump|p1a: 랜턴
|-resisted|p1a: 랜턴
|-damage|p1a: 랜턴|58/100
|
|-weather|none
|-heal|p2a: Rotom|94/100|[from] item: Leftovers
|-heal|p1a: 랜턴|64/100|[from] item: Leftovers
|upkeep
|turn|10
|
|t:|1609606748
|switch|p2a: Toxapex|Toxapex, F|100/100
|-damage|p2a: Toxapex|88/100|[from] Stealth Rock
|move|p1a: 랜턴|Toxic|p2a: Toxapex
|-immune|p2a: Toxapex
|
|-heal|p1a: 랜턴|70/100|[from] item: Leftovers
|-heal|p2a: Toxapex|94/100|[from] item: Black Sludge
|upkeep
|turn|11
|
|t:|1609606757
|move|p1a: 랜턴|Discharge|p2a: Toxapex
|-supereffective|p2a: Toxapex
|-damage|p2a: Toxapex|59/100
|move|p2a: Toxapex|Toxic|p1a: 랜턴
|-status|p1a: 랜턴|tox
|
|-heal|p1a: 랜턴|76/100 tox|[from] item: Leftovers
|-heal|p2a: Toxapex|65/100|[from] item: Black Sludge
|-damage|p1a: 랜턴|70/100 tox|[from] psn
|upkeep
|turn|12
|
|t:|1609606769
|switch|p1a: 크레세리아|Cresselia, F|100/100
|-damage|p1a: 크레세리아|88/100|[from] Stealth Rock
|move|p2a: Toxapex|Recover|p2a: Toxapex
|-heal|p2a: Toxapex|100/100
|
|upkeep
|turn|13
|
|t:|1609606775
|move|p1a: 크레세리아|Psychic|p2a: Toxapex
|-supereffective|p2a: Toxapex
|-damage|p2a: Toxapex|57/100
|move|p2a: Toxapex|Toxic|p1a: 크레세리아
|-status|p1a: 크레세리아|tox
|
|-heal|p2a: Toxapex|63/100|[from] item: Black Sludge
|-damage|p1a: 크레세리아|82/100 tox|[from] psn
|upkeep
|turn|14
|
|t:|1609606783
|-start|p1a: 크레세리아|Dynamax
|-heal|p1a: 크레세리아|82/100 tox|[silent]
|move|p1a: 크레세리아|Max Mindstorm|p2a: Toxapex
|-supereffective|p2a: Toxapex
|-damage|p2a: Toxapex|3/100
|-fieldstart|move: Psychic Terrain
|move|p2a: Toxapex|Recover|p2a: Toxapex
|-heal|p2a: Toxapex|53/100
|
|-heal|p2a: Toxapex|60/100|[from] item: Black Sludge
|-damage|p1a: 크레세리아|76/100 tox|[from] psn
|upkeep
|turn|15
|
|t:|1609606794
|move|p2a: Toxapex|Baneful Bunker|p2a: Toxapex
|-singleturn|p2a: Toxapex|move: Protect
|move|p1a: 크레세리아|Max Mindstorm|p2a: Toxapex
|-supereffective|p2a: Toxapex
|-zbroken|p2a: Toxapex
|-damage|p2a: Toxapex|45/100
|
|-heal|p2a: Toxapex|51/100|[from] item: Black Sludge
|-damage|p1a: 크레세리아|67/100 tox|[from] psn
|upkeep
|turn|16
|
|t:|1609606807
|switch|p2a: Rotom|Rotom-Wash|94/100
|-damage|p2a: Rotom|82/100|[from] Stealth Rock
|move|p1a: 크레세리아|Max Mindstorm|p2a: Rotom
|-damage|p2a: Rotom|38/100
|
|-heal|p2a: Rotom|44/100|[from] item: Leftovers
|-damage|p1a: 크레세리아|55/100 tox|[from] psn
|-end|p1a: 크레세리아|Dynamax
|-heal|p1a: 크레세리아|55/100 tox|[silent]
|upkeep
|turn|17
|
|t:|1609606820
|move|p2a: Rotom|Hydro Pump|p1a: 크레세리아
|-damage|p1a: 크레세리아|24/100 tox
|move|p1a: 크레세리아|Lunar Dance|p1a: 크레세리아
|faint|p1a: 크레세리아
|
|-heal|p2a: Rotom|51/100|[from] item: Leftovers
|upkeep
|
|t:|1609606823
|switch|p1a: 철화구야|Celesteela|15/100
|-heal|p1a: 철화구야|100/100|[from] move: Lunar Dance
|-damage|p1a: 철화구야|88/100|[from] Stealth Rock
|turn|18
|
|t:|1609606830
|switch|p1a: 랜턴|Lanturn, F|70/100 tox
|-damage|p1a: 랜턴|58/100 tox|[from] Stealth Rock
|move|p2a: Rotom|Hydro Pump|p1a: 랜턴
|-resisted|p1a: 랜턴
|-damage|p1a: 랜턴|41/100 tox
|
|-heal|p2a: Rotom|57/100|[from] item: Leftovers
|-heal|p1a: 랜턴|47/100 tox|[from] item: Leftovers
|-damage|p1a: 랜턴|41/100 tox|[from] psn
|-fieldend|move: Psychic Terrain
|upkeep
|turn|19
|
|t:|1609606843
|switch|p2a: Toxapex|Toxapex, F|84/100
|-damage|p2a: Toxapex|72/100|[from] Stealth Rock
|move|p1a: 랜턴|Discharge|p2a: Toxapex
|-supereffective|p2a: Toxapex
|-damage|p2a: Toxapex|36/100
|
|-heal|p1a: 랜턴|47/100 tox|[from] item: Leftovers
|-heal|p2a: Toxapex|42/100|[from] item: Black Sludge
|-damage|p1a: 랜턴|35/100 tox|[from] psn
|upkeep
|turn|20
|
|t:|1609606853
|move|p2a: Toxapex|Baneful Bunker|p2a: Toxapex
|-singleturn|p2a: Toxapex|move: Protect
|move|p1a: 랜턴|Discharge|p2a: Toxapex
|-activate|p2a: Toxapex|move: Protect
|
|-heal|p1a: 랜턴|41/100 tox|[from] item: Leftovers
|-heal|p2a: Toxapex|48/100|[from] item: Black Sludge
|-damage|p1a: 랜턴|23/100 tox|[from] psn
|upkeep
|turn|21
|
|t:|1609606862
|move|p1a: 랜턴|Discharge|p2a: Toxapex
|-supereffective|p2a: Toxapex
|-crit|p2a: Toxapex
|-damage|p2a: Toxapex|0 fnt
|faint|p2a: Toxapex
|
|-heal|p1a: 랜턴|29/100 tox|[from] item: Leftovers
|-damage|p1a: 랜턴|4/100 tox|[from] psn
|upkeep
|
|t:|1609606885
|switch|p2a: Rotom|Rotom-Wash|57/100
|-damage|p2a: Rotom|44/100|[from] Stealth Rock
|turn|22
|
|t:|1609606891
|move|p2a: Rotom|Will-O-Wisp||[still]
|-fail|p2a: Rotom
|move|p1a: 랜턴|Toxic|p2a: Rotom
|-status|p2a: Rotom|tox
|
|-heal|p2a: Rotom|51/100 tox|[from] item: Leftovers
|-heal|p1a: 랜턴|10/100 tox|[from] item: Leftovers
|-damage|p2a: Rotom|44/100 tox|[from] psn
|-damage|p1a: 랜턴|0 fnt|[from] psn
|faint|p1a: 랜턴
|upkeep
|
|t:|1609606902
|switch|p1a: 해피너스|Blissey, F|100/100
|-damage|p1a: 해피너스|88/100|[from] Stealth Rock
|turn|23
|
|t:|1609606909
|move|p2a: Rotom|Volt Switch|p1a: 해피너스
|-damage|p1a: 해피너스|75/100
|
|t:|1609606912
|switch|p2a: Pelipper|Pelipper, F|76/100|[from]move: Volt Switch
|-damage|p2a: Pelipper|51/100|[from] Stealth Rock
|-weather|RainDance|[from] ability: Drizzle|[of] p2a: Pelipper
|move|p1a: 해피너스|Calm Mind|p1a: 해피너스
|-boost|p1a: 해피너스|spa|1
|-boost|p1a: 해피너스|spd|1
|
|-weather|RainDance|[upkeep]
|-heal|p1a: 해피너스|81/100|[from] item: Leftovers
|upkeep
|turn|24
|
|t:|1609606925
|move|p2a: Pelipper|U-turn|p1a: 해피너스
|-damage|p1a: 해피너스|73/100
|
|t:|1609606928
|switch|p2a: Barraskewda|Barraskewda, M|100/100|[from]move: U-turn
|-damage|p2a: Barraskewda|88/100|[from] Stealth Rock
|move|p1a: 해피너스|Tri Attack|p2a: Barraskewda
|-damage|p2a: Barraskewda|0 fnt
|faint|p2a: Barraskewda
|
|-weather|RainDance|[upkeep]
|-heal|p1a: 해피너스|79/100|[from] item: Leftovers
|upkeep
|
|t:|1609606937
|switch|p2a: Dracovish|Dracovish|100/100
|-damage|p2a: Dracovish|88/100|[from] Stealth Rock
|turn|25
|
|t:|1609606942
|move|p2a: Dracovish|Fishious Rend|p1a: 해피너스
|-damage|p1a: 해피너스|0 fnt
|faint|p1a: 해피너스
|
|-weather|RainDance|[upkeep]
|upkeep
|
|t:|1609606947
|switch|p1a: 코산호|Corsola-Galar, M|94/100 tox
|-damage|p1a: 코산호|82/100 tox|[from] Stealth Rock
|turn|26
|
|t:|1609606953
|switch|p2a: Rotom|Rotom-Wash|44/100 tox
|-damage|p2a: Rotom|32/100 tox|[from] Stealth Rock
|move|p1a: 코산호|Strength Sap|p2a: Rotom
|-unboost|p2a: Rotom|atk|1
|-heal|p1a: 코산호|100/100 tox
|
|-weather|RainDance|[upkeep]
|-heal|p2a: Rotom|38/100 tox|[from] item: Leftovers
|-damage|p2a: Rotom|32/100 tox|[from] psn
|-damage|p1a: 코산호|94/100 tox|[from] psn
|upkeep
|turn|27
|
|t:|1609606964
|switch|p1a: 아르세우스|Arceus-Fairy|100/100
|-damage|p1a: 아르세우스|88/100|[from] Stealth Rock
|move|p2a: Rotom|Hydro Pump|p1a: 아르세우스
|-damage|p1a: 아르세우스|39/100
|
|-weather|RainDance|[upkeep]
|-heal|p2a: Rotom|38/100 tox|[from] item: Leftovers
|-damage|p2a: Rotom|26/100 tox|[from] psn
|upkeep
|turn|28
|
|t:|1609606973
|move|p2a: Rotom|Hydro Pump|p1a: 아르세우스
|-damage|p1a: 아르세우스|0 fnt
|faint|p1a: 아르세우스
|
|-weather|RainDance|[upkeep]
|-heal|p2a: Rotom|32/100 tox|[from] item: Leftovers
|-damage|p2a: Rotom|13/100 tox|[from] psn
|upkeep
|
|t:|1609606987
|switch|p1a: 코산호|Corsola-Galar, M|94/100 tox
|-damage|p1a: 코산호|82/100 tox|[from] Stealth Rock
|turn|29
|
|t:|1609606994
|move|p2a: Rotom|Hydro Pump|p1a: 코산호|[miss]
|-miss|p2a: Rotom|p1a: 코산호
|move|p1a: 코산호|Strength Sap|p2a: Rotom
|-unboost|p2a: Rotom|atk|1
|-heal|p1a: 코산호|100/100 tox
|
|-weather|RainDance|[upkeep]
|-heal|p2a: Rotom|20/100 tox|[from] item: Leftovers
|-damage|p2a: Rotom|0 fnt|[from] psn
|faint|p2a: Rotom
|-damage|p1a: 코산호|94/100 tox|[from] psn
|upkeep
|
|t:|1609607021
|switch|p2a: Dracovish|Dracovish|88/100
|-damage|p2a: Dracovish|76/100|[from] Stealth Rock
|turn|30
|
|t:|1609607027
|move|p2a: Dracovish|Fishious Rend|p1a: 코산호
|-damage|p1a: 코산호|0 fnt
|faint|p1a: 코산호
|
|-weather|none
|upkeep
|
|t:|1609607030
|switch|p1a: 철화구야|Celesteela|88/100
|-damage|p1a: 철화구야|76/100|[from] Stealth Rock
|turn|31
|
|t:|1609607034
|move|p2a: Dracovish|Fishious Rend|p1a: 철화구야
|-damage|p1a: 철화구야|15/100
|-damage|p2a: Dracovish|59/100|[from] item: Rocky Helmet|[of] p1a: 철화구야
|move|p1a: 철화구야|Leech Seed|p2a: Dracovish
|-start|p2a: Dracovish|move: Leech Seed
|
|-damage|p2a: Dracovish|47/100|[from] Leech Seed|[of] p1a: 철화구야
|-heal|p1a: 철화구야|25/100|[silent]
|upkeep
|turn|32
|
|t:|1609607044
|move|p1a: 철화구야|Protect|p1a: 철화구야
|-singleturn|p1a: 철화구야|Protect
|move|p2a: Dracovish|Fishious Rend|p1a: 철화구야
|-activate|p1a: 철화구야|move: Protect
|
|-damage|p2a: Dracovish|34/100|[from] Leech Seed|[of] p1a: 철화구야
|-heal|p1a: 철화구야|35/100|[silent]
|upkeep
|turn|33
|
|t:|1609607052
|move|p1a: 철화구야|Protect||[still]
|-fail|p1a: 철화구야
|move|p2a: Dracovish|Fishious Rend|p1a: 철화구야
|-crit|p1a: 철화구야
|-damage|p1a: 철화구야|0 fnt
|-damage|p2a: Dracovish|18/100|[from] item: Rocky Helmet|[of] p1a: 철화구야
|faint|p1a: 철화구야
|
|win|EndlessUnivxrse
|l|☆kasak
|raw|kasak's rating: 1344 &rarr; <strong>1318</strong><br />(-26 for losing)
|raw|EndlessUnivxrse's rating: 1238 &rarr; <strong>1270</strong><br />(+32 for winning)
